{"id": "gen9randomdoublesbattle-2537791487", "format": "[Gen 9] Random Doubles Battle", "players": ["rd dominican boy", "coop20"], "log": "|j|☆rd dominican boy\n|j|☆coop20\n|t:|1770848489\n|gametype|doubles\n|player|p1|rd dominican boy|roxie|1734\n|player|p2|coop20|169|1841\n|gen|9\n|tier|[Gen 9] Random Doubles Battle\n|rated|\n|rule|Species Clause: Limit one of each Pokémon\n|rule|HP Percentage Mod: HP is shown in percentages\n|rule|Illusion Level Mod: Illusion disguises the Pokémon's true level\n|rule|Sleep Clause Mod: Limit one foe put to sleep\n|\n|t:|1770848489\n|teamsize|p1|6\n|teamsize|p2|6\n|start\n|switch|p1a: Reshiram|Reshiram, L72|263/263\n|switch|p1b: Corviknight|Corviknight, L80, F|288/288\n|switch|p2a: Drifblim|Drifblim, L85, F|394/394\n|switch|p2b: Delibird|Delibird, M|252/252\n|-ability|p1a: Reshiram|Turboblaze\n|turn|1\n|inactive|Battle timer is ON: inactive players will automatically lose when time's up. (requested by coop20)\n|inactive|rd dominican boy has 120 seconds left.\n|inactive|coop20 has 120 seconds left.\n|\n|t:|1770848544\n|switch|p2b: Mienshao|Mienshao, L84, M|246/246\n|move|p2a: Drifblim|Shadow Ball|p1a: Reshiram\n|-damage|p1a: Reshiram|182/263\n|move|p1a: Reshiram|Heat Wave|p2b: Mienshao|[spread] p2a,p2b\n|-damage|p2a: Drifblim|245/394\n|-damage|p2b: Mienshao|104/246\n|-status|p2a: Drifblim|brn\n|-damage|p1a: Reshiram|156/263|[from] item: Life Orb\n|move|p1b: Corviknight|Iron Defense|p1b: Corviknight\n|-boost|p1b: Corviknight|def|2\n|\n|-damage|p2a: Drifblim|221/394 brn|[from] brn\n|upkeep\n|turn|2\n|\n|t:|1770848562\n|move|p2b: Mienshao|Fake Out|p1a: Reshiram\n|-damage|p1a: Reshiram|122/263\n|move|p2a: Drifblim|Will-O-Wisp|p1b: Corviknight\n|-status|p1b: Corviknight|brn\n|cant|p1a: Reshiram|flinch\n|move|p1b: Corviknight|Iron Defense|p1b: Corviknight\n|-boost|p1b: Corviknight|def|2\n|\n|-damage|p2a: Drifblim|197/394 brn|[from] brn\n|-damage|p1b: Corviknight|270/288 brn|[from] brn\n|upkeep\n|-enditem|p2a: Drifblim|Sitrus Berry|[eat]\n|-heal|p2a: Drifblim|295/394 brn|[from] item: Sitrus Berry\n|turn|3\n|inactive|coop20 has 120 seconds left.\n|\n|t:|1770848593\n|switch|p2b: Scream Tail|Scream Tail, L82|323/323\n|move|p2a: Drifblim|Shadow Ball|p1a: Reshiram\n|-damage|p1a: Reshiram|46/263\n|move|p1a: Reshiram|Tailwind|p1a: Reshiram\n|-sidestart|p1: rd dominican boy|move: Tailwind\n|move|p1b: Corviknight|Tailwind||[still]\n|-fail|p1b: Corviknight\n|\n|-heal|p1b: Corviknight|288/288 brn|[from] item: Leftovers\n|-damage|p2a: Drifblim|271/394 brn|[from] brn\n|-damage|p1b: Corviknight|270/288 brn|[from] brn\n|upkeep\n|turn|4\n|inactive|coop20 has 120 seconds left.\n|inactive|rd dominican boy has 120 seconds left.\n|\n|t:|1770848631\n|move|p2a: Drifblim|Tailwind|p2a: Drifblim\n|-sidestart|p2: coop20|move: Tailwind\n|move|p2b: Scream Tail|Encore|p1b: Corviknight\n|-start|p1b: Corviknight|Encore\n|move|p1a: Reshiram|Blue Flare|p2a: Drifblim|[miss]\n|-miss|p1a: Reshiram|p2a: Drifblim\n|move|p1b: Corviknight|Tailwind||[still]\n|-fail|p1b: Corviknight\n|\n|-heal|p1b: Corviknight|288/288 brn|[from] item: Leftovers\n|-damage|p2a: Drifblim|247/394 brn|[from] brn\n|-damage|p1b: Corviknight|270/288 brn|[from] brn\n|upkeep\n|turn|5\n|inactive|coop20 has 120 seconds left.\n|\n|t:|1770848657\n|switch|p1b: Comfey|Comfey, L88, F|233/233\n|move|p2a: Drifblim|Shadow Ball|p1b: Comfey\n|-damage|p1b: Comfey|172/233\n|move|p2b: Scream Tail|Play Rough|p1a: Reshiram\n|-damage|p1a: Reshiram|0 fnt\n|faint|p1a: Reshiram\n|\n|-damage|p2a: Drifblim|223/394 brn|[from] brn\n|upkeep\n|inactive|rd dominican boy has 120 seconds left.\n|\n|t:|1770848684\n|switch|p1a: Rotom|Rotom, L90|236/236\n|turn|6\n|inactive|rd dominican boy has 120 seconds left.\n|l|☆rd dominican boy\n|inactive|rd dominican boy disconnected and has a minute to reconnect!\n|player|p1|\n|j|☆rd dominican boy\n|inactive|rd dominican boy reconnected and has 110 seconds left.\n|player|p1|rd dominican boy|roxie|\n|\n|t:|1770848720\n|move|p1b: Comfey|Draining Kiss|p2a: Drifblim\n|-damage|p2a: Drifblim|156/394 brn\n|-heal|p1b: Comfey|222/233|[from] drain|[of] p2a: Drifblim\n|move|p2a: Drifblim|Shadow Ball|p1a: Rotom\n|-supereffective|p1a: Rotom\n|-damage|p1a: Rotom|74/236\n|move|p2b: Scream Tail|Thunder Wave|p1b: Comfey\n|-status|p1b: Comfey|par\n|move|p1a: Rotom|Volt Switch|p2a: Drifblim\n|-supereffective|p2a: Drifblim\n|-damage|p2a: Drifblim|0 fnt\n|faint|p2a: Drifblim\n|-damage|p1a: Rotom|51/236|[from] item: Life Orb\n|\n|t:|1770848734\n|switch|p1a: Corviknight|Corviknight, L80, F|270/288 brn|[from] Volt Switch\n|\n|-heal|p1a: Corviknight|288/288 brn|[from] item: Leftovers\n|-damage|p1a: Corviknight|270/288 brn|[from] brn\n|-sideend|p1: rd dominican boy|move: Tailwind\n|upkeep\n|\n|t:|1770848752\n|switch|p2a: Barraskewda|Barraskewda, L85, F|242/242\n|turn|7\n|inactive|rd dominican boy has 120 seconds left.\n|\n|t:|1770848770\n|cant|p1b: Comfey|par\n|move|p2a: Barraskewda|Poison Jab|p1b: Comfey\n|-supereffective|p1b: Comfey\n|-damage|p1b: Comfey|36/233 par\n|-enditem|p1b: Comfey|Sitrus Berry|[eat]\n|-heal|p1b: Comfey|94/233 par|[from] item: Sitrus Berry\n|move|p2b: Scream Tail|Howl|p2b: Scream Tail|[spread] p2a,p2b\n|-boost|p2a: Barraskewda|atk|1\n|-boost|p2b: Scream Tail|atk|1\n|move|p1a: Corviknight|Tailwind|p1a: Corviknight\n|-sidestart|p1: rd dominican boy|move: Tailwind\n|\n|-heal|p1a: Corviknight|288/288 brn|[from] item: Leftovers\n|-damage|p1a: Corviknight|270/288 brn|[from] brn\n|-sideend|p2: coop20|move: Tailwind\n|upkeep\n|turn|8\n|\n|t:|1770848794\n|cant|p1b: Comfey|par\n|move|p1a: Corviknight|Iron Defense|p1a: Corviknight\n|-boost|p1a: Corviknight|def|2\n|move|p2a: Barraskewda|Poison Jab|p1b: Comfey\n|-supereffective|p1b: Comfey\n|-damage|p1b: Comfey|0 fnt\n|faint|p1b: Comfey\n|move|p2b: Scream Tail|Howl|p2b: Scream Tail|[spread] p2a,p2b\n|-boost|p2a: Barraskewda|atk|1\n|-boost|p2b: Scream Tail|atk|1\n|\n|-heal|p1a: Corviknight|288/288 brn|[from] item: Leftovers\n|-damage|p1a: Corviknight|270/288 brn|[from] brn\n|upkeep\n|\n|t:|1770848803\n|switch|p1b: Shaymin|Shaymin-Sky, L77|281/281\n|turn|9\n|\n|t:|1770848827\n|-terastallize|p2a: Barraskewda|Fighting\n|move|p1b: Shaymin|Seed Flare|p2a: Barraskewda\n|-damage|p2a: Barraskewda|0 fnt\n|faint|p2a: Barraskewda\n|-damage|p1b: Shaymin|253/281|[from] item: Life Orb\n|move|p1a: Corviknight|Body Press|p2b: Scream Tail\n|-resisted|p2b: Scream Tail\n|-damage|p2b: Scream Tail|310/323\n|move|p2b: Scream Tail|Play Rough|p1b: Shaymin\n|-damage|p1b: Shaymin|82/281\n|\n|-heal|p1a: Corviknight|288/288 brn|[from] item: Leftovers\n|-damage|p1a: Corviknight|270/288 brn|[from] brn\n|upkeep\n|\n|t:|1770848841\n|switch|p2a: Delibird|Delibird, M|252/252\n|turn|10\n|\n|t:|1770848851\n|move|p1b: Shaymin|Protect|p1b: Shaymin\n|-singleturn|p1b: Shaymin|Protect\n|move|p2a: Delibird|Ice Shard|p1b: Shaymin\n|-activate|p1b: Shaymin|move: Protect\n|move|p1a: Corviknight|Body Press|p2a: Delibird\n|-damage|p2a: Delibird|178/252\n|move|p2b: Scream Tail|Howl|p2b: Scream Tail|[spread] p2a,p2b\n|-boost|p2a: Delibird|atk|1\n|-boost|p2b: Scream Tail|atk|1\n|\n|-heal|p1a: Corviknight|288/288 brn|[from] item: Leftovers\n|-damage|p1a: Corviknight|270/288 brn|[from] brn\n|-sideend|p1: rd dominican boy|move: Tailwind\n|upkeep\n|turn|11\n|\n|t:|1770848875\n|move|p2a: Delibird|Ice Shard|p1b: Shaymin|[miss]\n|-miss|p2a: Delibird|p1b: Shaymin\n|move|p1b: Shaymin|Air Slash|p2a: Delibird\n|-damage|p2a: Delibird|48/252\n|-damage|p1b: Shaymin|54/281|[from] item: Life Orb\n|move|p2b: Scream Tail|Howl|p2b: Scream Tail|[spread] p2a,p2b\n|-boost|p2a: Delibird|atk|1\n|-boost|p2b: Scream Tail|atk|1\n|move|p1a: Corviknight|Tailwind|p1a: Corviknight\n|-sidestart|p1: rd dominican boy|move: Tailwind\n|\n|-heal|p1a: Corviknight|288/288 brn|[from] item: Leftovers\n|-damage|p1a: Corviknight|270/288 brn|[from] brn\n|upkeep\n|turn|12\n|\n|t:|1770848893\n|move|p1b: Shaymin|Protect|p1b: Shaymin\n|-singleturn|p1b: Shaymin|Protect\n|move|p2a: Delibird|Ice Shard|p1b: Shaymin\n|-activate|p1b: Shaymin|move: Protect\n|move|p1a: Corviknight|Body Press|p2a: Delibird\n|-damage|p2a: Delibird|0 fnt\n|faint|p2a: Delibird\n|move|p2b: Scream Tail|Play Rough|p1a: Corviknight\n|-resisted|p1a: Corviknight\n|-crit|p1a: Corviknight\n|-damage|p1a: Corviknight|129/288 brn\n|\n|-heal|p1a: Corviknight|147/288 brn|[from] item: Leftovers\n|-damage|p1a: Corviknight|129/288 brn|[from] brn\n|upkeep\n|\n|t:|1770848901\n|switch|p2a: Mienshao|Mienshao, L84, M|186/246\n|turn|13\n|\n|t:|1770848915\n|move|p2a: Mienshao|Fake Out|p1b: Shaymin\n|-crit|p1b: Shaymin\n|-damage|p1b: Shaymin|0 fnt\n|faint|p1b: Shaymin\n|move|p1a: Corviknight|Brave Bird|p2a: Mienshao\n|-supereffective|p2a: Mienshao\n|-damage|p2a: Mienshao|51/246\n|-damage|p1a: Corviknight|84/288 brn|[from] Recoil\n|move|p2b: Scream Tail|Play Rough|p1a: Corviknight|[miss]\n|-miss|p2b: Scream Tail|p1a: Corviknight\n|\n|-heal|p1a: Corviknight|102/288 brn|[from] item: Leftovers\n|-damage|p1a: Corviknight|84/288 brn|[from] brn\n|upkeep\n|\n|t:|1770848931\n|switch|p1b: Frosmoth|Frosmoth, L86, M|261/261\n|turn|14\n|\n|t:|1770848944\n|switch|p2a: Dusknoir|Dusknoir, L89, M|225/225\n|-item|p1a: Corviknight|Leftovers|[from] ability: Frisk|[of] p2a: Dusknoir\n|-item|p1b: Frosmoth|Heavy-Duty Boots|[from] ability: Frisk|[of] p2a: Dusknoir\n|-terastallize|p1b: Frosmoth|Ground\n|move|p1b: Frosmoth|Quiver Dance|p1b: Frosmoth\n|-boost|p1b: Frosmoth|spa|1\n|-boost|p1b: Frosmoth|spd|1\n|-boost|p1b: Frosmoth|spe|1\n|move|p1a: Corviknight|Brave Bird|p2a: Dusknoir\n|-damage|p2a: Dusknoir|191/225\n|-damage|p1a: Corviknight|73/288 brn|[from] Recoil\n|move|p2b: Scream Tail|Play Rough|p1b: Frosmoth\n|-damage|p1b: Frosmoth|0 fnt\n|faint|p1b: Frosmoth\n|\n|-heal|p1a: Corviknight|91/288 brn|[from] item: Leftovers\n|-damage|p1a: Corviknight|73/288 brn|[from] brn\n|-sideend|p1: rd dominican boy|move: Tailwind\n|upkeep\n|\n|t:|1770848960\n|switch|p1b: Rotom|Rotom, L90|51/236\n|turn|15\n|-message|rd dominican boy forfeited.\n|\n|win|coop20\n|raw|rd dominican boy's rating: 1734 &rarr; <strong>1720</strong><br />(-14 for losing)\n|raw|coop20's rating: 1841 &rarr; <strong>1855</strong><br />(+14 for winning)\n|l|☆rd dominican boy\n|player|p1|\n", "inputlog": ">version ccdc32dd7cde25fd9e4bed64820e885f66e78a4e\n>start {\"formatid\":\"gen9randomdoublesbattle\",\"seed\":\"sodium,a90090f15da75ce58e78f1e02c8ae6f4\",\"rated\":\"Rated battle\"}\n>player p1 {\"name\":\"rd dominican boy\",\"avatar\":\"roxie\",\"rating\":1734,\"seed\":\"sodium,071bc30167a86dab37fe2bd46a7a0d0f\"}\n>player p2 {\"name\":\"coop20\",\"avatar\":\"169\",\"rating\":1841,\"seed\":\"sodium,12bd680fd257447ba64638b7bd7660a3\"}\n>p1 move heatwave, move irondefense\n>p2 move shadowball +1, switch 4\n>p1 move tailwind, move irondefense\n>p2 move willowisp +2, move fakeout +1\n>p1 move tailwind, move tailwind\n>p2 move shadowball +1, switch 6\n>p1 move blueflare +1, move bravebird +1\n>p2 move tailwind, move encore +2\n>p1 move blueflare +1, switch 6\n>p2 move shadowball +2, move playrough +1\n>p1 switch 3, pass\n>p1 move voltswitch +1, move drainingkiss +1\n>p2 move shadowball +1, move thunderwave +2\n>p1 switch 6, pass\n>p2 switch 3, pass\n>p1 move tailwind, move drainingkiss +1\n>p2 move poisonjab +2, move howl\n>p1 move irondefense, move drainingkiss +1\n>p2 move poisonjab +2, move howl\n>p1 pass, switch 4\n>p1 move bodypress +1, move seedflare +1\n>p2 move poisonjab +2 terastallize, move playrough +2\n>p2 switch 4, pass\n>p1 move bodypress +1, move protect\n>p2 move iceshard +2, move howl\n>p1 move tailwind, move airslash +1\n>p2 move iceshard +2, move howl\n>p1 move bodypress +1, move protect\n>p2 move iceshard +2, move playrough +1\n>p2 switch 6, pass\n>p1 move bravebird +1, move airslash +2\n>p2 move fakeout +2, move playrough +1\n>p1 pass, switch 5\n>p1 move bravebird +1, move quiverdance terastallize\n>p2 switch 5, move playrough +2\n>p1 pass, switch 6\n>forcelose p1", "uploadtime": 1770848988, "views": 70, "formatid": "gen9randomdoublesbattle", "rating": 1720, "private": 0, "password": null}