{"id": "gen9randomdoublesbattle-2540803708", "format": "[Gen 9] Random Doubles Battle", "players": ["MrManzanita", "Dunsparceismyhomie"], "log": "|j|☆MrManzanita\n|j|☆Dunsparceismyhomie\n|t:|1771255713\n|gametype|doubles\n|player|p1|MrManzanita|scientist|1549\n|player|p2|Dunsparceismyhomie|2|1643\n|gen|9\n|tier|[Gen 9] Random Doubles Battle\n|rated|\n|rule|Species Clause: Limit one of each Pokémon\n|rule|HP Percentage Mod: HP is shown in percentages\n|rule|Illusion Level Mod: Illusion disguises the Pokémon's true level\n|rule|Sleep Clause Mod: Limit one foe put to sleep\n|\n|t:|1771255713\n|teamsize|p1|6\n|teamsize|p2|6\n|start\n|switch|p1a: Clawitzer|Clawitzer, L84, M|256/256\n|switch|p1b: Greninja|Greninja, L83, M|255/255\n|switch|p2a: Toxtricity|Toxtricity-Low-Key, L82, F|257/257\n|switch|p2b: Iron Crown|Iron Crown, L78|268/268\n|turn|1\n|\n|t:|1771255730\n|move|p1b: Greninja|Protect|p1b: Greninja\n|-singleturn|p1b: Greninja|Protect\n|move|p2a: Toxtricity|Overdrive|p1b: Greninja|[spread] p1a\n|-activate|p1b: Greninja|move: Protect\n|-supereffective|p1a: Clawitzer\n|-damage|p1a: Clawitzer|80/256\n|-enditem|p1a: Clawitzer|Sitrus Berry|[eat]\n|-heal|p1a: Clawitzer|144/256|[from] item: Sitrus Berry\n|move|p2b: Iron Crown|Agility|p2b: Iron Crown\n|-boost|p2b: Iron Crown|spe|2\n|move|p1a: Clawitzer|Muddy Water|p2b: Iron Crown|[spread] p2b\n|-miss|p1a: Clawitzer|p2a: Toxtricity\n|-damage|p2b: Iron Crown|193/268\n|-unboost|p2b: Iron Crown|accuracy|1\n|\n|upkeep\n|turn|2\n|\n|t:|1771255757\n|switch|p1b: Banette|Banette, L94, F|273/273\n|-item|p2a: Toxtricity|Choice Scarf|[from] ability: Frisk|[of] p1b: Banette\n|-item|p2b: Iron Crown|Weakness Policy|[from] ability: Frisk|[of] p1b: Banette\n|switch|p1a: Palossand|Palossand, L90, F|299/299\n|move|p2b: Iron Crown|Tachyon Cutter|p1b: Banette\n|-damage|p1b: Banette|212/273\n|-damage|p1b: Banette|145/273\n|-hitcount|p1b: Banette|2\n|move|p2a: Toxtricity|Overdrive|p1b: Banette|[spread] p1b\n|-immune|p1a: Palossand\n|-damage|p1b: Banette|51/273\n|\n|upkeep\n|turn|3\n|\n|t:|1771255780\n|switch|p2a: Tornadus|Tornadus-Therian, L77, M|248/248\n|move|p1b: Banette|Protect|p1b: Banette\n|-singleturn|p1b: Banette|Protect\n|move|p2b: Iron Crown|Tachyon Cutter|p1b: Banette\n|-activate|p1b: Banette|move: Protect\n|move|p1a: Palossand|Earth Power|p2a: Tornadus\n|-immune|p2a: Tornadus\n|\n|upkeep\n|turn|4\n|\n|t:|1771255792\n|move|p1b: Banette|Shadow Sneak|p2b: Iron Crown\n|-supereffective|p2b: Iron Crown\n|-damage|p2b: Iron Crown|42/268\n|-enditem|p2b: Iron Crown|Weakness Policy\n|-boost|p2b: Iron Crown|atk|2|[from] item: Weakness Policy\n|-boost|p2b: Iron Crown|spa|2|[from] item: Weakness Policy\n|-damage|p1b: Banette|24/273|[from] item: Life Orb\n|move|p2b: Iron Crown|Tachyon Cutter|p1b: Banette\n|-damage|p1b: Banette|0 fnt\n|faint|p1b: Banette\n|-hitcount|p1: Banette|1\n|move|p2a: Tornadus|Grass Knot|p1a: Palossand\n|-supereffective|p1a: Palossand\n|-damage|p1a: Palossand|96/299\n|-damage|p2a: Tornadus|224/248|[from] item: Life Orb\n|move|p1a: Palossand|Shadow Ball|p2b: Iron Crown\n|-supereffective|p2b: Iron Crown\n|-damage|p2b: Iron Crown|0 fnt\n|faint|p2b: Iron Crown\n|-end|p2b: Iron Crown|Quark Drive|[silent]\n|\n|-heal|p1a: Palossand|114/299|[from] item: Leftovers\n|upkeep\n|\n|t:|1771255810\n|switch|p2b: Cyclizar|Cyclizar, L87, M|264/264\n|switch|p1b: Persian|Persian-Alola, L88, F|258/258\n|turn|5\n|\n|t:|1771255826\n|switch|p2b: Toxtricity|Toxtricity-Low-Key, L82, F|257/257\n|-terastallize|p2a: Tornadus|Flying\n|move|p1a: Palossand|Protect|p1a: Palossand\n|-singleturn|p1a: Palossand|Protect\n|move|p1b: Persian|Icy Wind|p2a: Tornadus|[spread] p2a,p2b\n|-supereffective|p2a: Tornadus\n|-damage|p2a: Tornadus|172/248\n|-damage|p2b: Toxtricity|227/257\n|-unboost|p2a: Tornadus|spe|1\n|-unboost|p2b: Toxtricity|spe|1\n|move|p2a: Tornadus|Bleakwind Storm|p1a: Palossand|[spread] p1b\n|-activate|p1a: Palossand|move: Protect\n|-damage|p1b: Persian|99/258\n|-enditem|p1b: Persian|Sitrus Berry|[eat]\n|-heal|p1b: Persian|163/258|[from] item: Sitrus Berry\n|-damage|p2a: Tornadus|148/248|[from] item: Life Orb\n|\n|-heal|p1a: Palossand|132/299|[from] item: Leftovers\n|upkeep\n|turn|6\n|\n|t:|1771255847\n|move|p1b: Persian|Icy Wind|p2b: Toxtricity|[spread] p2a,p2b\n|-supereffective|p2a: Tornadus\n|-damage|p2a: Tornadus|90/248\n|-damage|p2b: Toxtricity|195/257\n|-unboost|p2a: Tornadus|spe|1\n|-unboost|p2b: Toxtricity|spe|1\n|move|p2b: Toxtricity|Volt Switch|p1b: Persian\n|-damage|p1b: Persian|70/258\n|\n|t:|1771255856\n|switch|p2b: Ho-Oh|Ho-Oh, L70|264/264|[from] Volt Switch\n|move|p2a: Tornadus|Grass Knot|p1a: Palossand\n|-supereffective|p1a: Palossand\n|-damage|p1a: Palossand|0 fnt\n|faint|p1a: Palossand\n|-damage|p2a: Tornadus|66/248|[from] item: Life Orb\n|\n|upkeep\n|\n|t:|1771255861\n|switch|p1a: Clawitzer|Clawitzer, L84, M|144/256\n|turn|7\n|\n|t:|1771255871\n|switch|p2a: Gardevoir|Gardevoir, L83, M|249/249\n|-ability|p2a: Gardevoir|Mega Launcher|Trace|[from] ability: Trace|[of] p1a: Clawitzer\n|move|p1b: Persian|Icy Wind|p2b: Ho-Oh|[spread] p2a,p2b\n|-crit|p2b: Ho-Oh\n|-damage|p2a: Gardevoir|228/249\n|-damage|p2b: Ho-Oh|232/264\n|-unboost|p2a: Gardevoir|spe|1\n|-unboost|p2b: Ho-Oh|spe|1\n|move|p1a: Clawitzer|Muddy Water|p2b: Ho-Oh|[spread] p2a,p2b\n|-supereffective|p2b: Ho-Oh\n|-damage|p2a: Gardevoir|162/249\n|-damage|p2b: Ho-Oh|98/264\n|-unboost|p2a: Gardevoir|accuracy|1\n|-enditem|p2b: Ho-Oh|Sitrus Berry|[eat]\n|-heal|p2b: Ho-Oh|164/264|[from] item: Sitrus Berry\n|move|p2b: Ho-Oh|Tailwind|p2b: Ho-Oh\n|-sidestart|p2: Dunsparceismyhomie|move: Tailwind\n|\n|upkeep\n|turn|8\n|\n|t:|1771255891\n|move|p1b: Persian|Icy Wind|p2a: Gardevoir|[spread] p2a,p2b\n|-damage|p2a: Gardevoir|140/249\n|-damage|p2b: Ho-Oh|144/264\n|-unboost|p2a: Gardevoir|spe|1\n|-unboost|p2b: Ho-Oh|spe|1\n|move|p2a: Gardevoir|Dazzling Gleam|p1b: Persian|[spread] p1b\n|-miss|p2a: Gardevoir|p1a: Clawitzer\n|-supereffective|p1b: Persian\n|-damage|p1b: Persian|0 fnt\n|faint|p1b: Persian\n|move|p2b: Ho-Oh|Brave Bird|p1a: Clawitzer\n|-damage|p1a: Clawitzer|32/256\n|-damage|p2b: Ho-Oh|107/264|[from] Recoil\n|move|p1a: Clawitzer|Muddy Water|p2a: Gardevoir|[spread] p2a,p2b\n|-supereffective|p2b: Ho-Oh\n|-damage|p2a: Gardevoir|68/249\n|-damage|p2b: Ho-Oh|0 fnt\n|-unboost|p2a: Gardevoir|accuracy|1\n|faint|p2b: Ho-Oh\n|\n|upkeep\n|\n|t:|1771255900\n|switch|p1b: Greninja|Greninja, L83, M|255/255\n|switch|p2b: Cyclizar|Cyclizar, L87, M|264/264\n|turn|9\n|\n|t:|1771255906\n|switch|p2a: Toxtricity|Toxtricity-Low-Key, L82, F|195/257\n|move|p2b: Cyclizar|Shed Tail|p2b: Cyclizar\n|-start|p2b: Cyclizar|Substitute|[from] move: Shed Tail\n|-damage|p2b: Cyclizar|132/264\n|-enditem|p2b: Cyclizar|Sitrus Berry|[eat]\n|-heal|p2b: Cyclizar|198/264|[from] item: Sitrus Berry\n|\n|t:|1771255916\n|switch|p2b: Tornadus|Tornadus-Therian, L77, M, tera:Flying|148/248|[from] Shed Tail\n|move|p1b: Greninja|Dark Pulse|p2b: Tornadus\n|-end|p2b: Tornadus|Substitute\n|-damage|p1b: Greninja|230/255|[from] item: Life Orb\n|move|p1a: Clawitzer|Aura Sphere|p2b: Tornadus\n|-resisted|p2b: Tornadus\n|-damage|p2b: Tornadus|91/248\n|\n|upkeep\n|turn|10\n|\n|t:|1771255928\n|move|p1b: Greninja|Protect|p1b: Greninja\n|-singleturn|p1b: Greninja|Protect\n|move|p2a: Toxtricity|Overdrive|p1b: Greninja|[spread] p1a\n|-activate|p1b: Greninja|move: Protect\n|-supereffective|p1a: Clawitzer\n|-damage|p1a: Clawitzer|0 fnt\n|faint|p1a: Clawitzer\n|move|p2b: Tornadus|Bleakwind Storm|p1b: Greninja\n|-activate|p1b: Greninja|move: Protect\n|\n|-sideend|p2: Dunsparceismyhomie|move: Tailwind\n|upkeep\n|\n|t:|1771255929\n|switch|p1a: Slaking|Slaking, L89, M|412/412\n|turn|11\n|\n|t:|1771255943\n|-terastallize|p1b: Greninja|Dark\n|move|p2b: Tornadus|Protect|p2b: Tornadus\n|-singleturn|p2b: Tornadus|Protect\n|move|p2a: Toxtricity|Overdrive|p1a: Slaking|[spread] p1a,p1b\n|-damage|p1a: Slaking|301/412\n|-damage|p1b: Greninja|131/255\n|move|p1b: Greninja|Dark Pulse|p2b: Tornadus\n|-activate|p2b: Tornadus|move: Protect\n|move|p1a: Slaking|High Horsepower|p2a: Toxtricity\n|-supereffective|p2a: Toxtricity\n|-damage|p2a: Toxtricity|0 fnt\n|faint|p2a: Toxtricity\n|\n|upkeep\n|\n|t:|1771255956\n|switch|p2a: Cyclizar|Cyclizar, L87, M|264/264\n|turn|12\n|\n|t:|1771255962\n|move|p2a: Cyclizar|Breaking Swipe|p1b: Greninja|[spread] p1a,p1b\n|-damage|p1a: Slaking|258/412\n|-damage|p1b: Greninja|68/255\n|-unboost|p1a: Slaking|atk|1\n|-unboost|p1b: Greninja|atk|1\n|move|p1b: Greninja|Dark Pulse|p2b: Tornadus\n|-damage|p2b: Tornadus|0 fnt\n|faint|p2b: Tornadus\n|-ability|p1b: Greninja|Battle Bond|boost\n|-boost|p1b: Greninja|atk|1\n|-boost|p1b: Greninja|spa|1\n|-boost|p1b: Greninja|spe|1\n|-activate|p1b: Greninja|ability: Battle Bond\n|-damage|p1b: Greninja|43/255|[from] item: Life Orb\n|cant|p1a: Slaking|ability: Truant\n|\n|upkeep\n|\n|t:|1771255971\n|switch|p2b: Gardevoir|Gardevoir, L83, M|68/249\n|-ability|p2b: Gardevoir|Truant|Trace|[from] ability: Trace|[of] p1a: Slaking\n|turn|13\n|\n|t:|1771255981\n|move|p1b: Greninja|Dark Pulse|p2b: Gardevoir\n|-damage|p2b: Gardevoir|0 fnt\n|faint|p2b: Gardevoir\n|-damage|p1b: Greninja|18/255|[from] item: Life Orb\n|move|p2a: Cyclizar|Breaking Swipe|p1a: Slaking|[spread] p1a,p1b\n|-damage|p1a: Slaking|218/412\n|-damage|p1b: Greninja|0 fnt\n|-unboost|p1a: Slaking|atk|1\n|faint|p1b: Greninja\n|move|p1a: Slaking|High Horsepower|p2a: Cyclizar\n|-damage|p2a: Cyclizar|163/264\n|\n|upkeep\n|turn|14\n|\n|t:|1771255996\n|move|p2a: Cyclizar|Double-Edge|p1a: Slaking\n|-damage|p1a: Slaking|101/412\n|-damage|p2a: Cyclizar|124/264|[from] Recoil\n|cant|p1a: Slaking|ability: Truant\n|\n|upkeep\n|turn|15\n|\n|t:|1771256004\n|move|p2a: Cyclizar|Double-Edge|p1a: Slaking\n|-damage|p1a: Slaking|0 fnt\n|faint|p1a: Slaking\n|-damage|p2a: Cyclizar|91/264|[from] Recoil\n|\n|win|Dunsparceismyhomie\n|raw|MrManzanita's rating: 1549 &rarr; <strong>1534</strong><br />(-15 for losing)\n|raw|Dunsparceismyhomie's rating: 1643 &rarr; <strong>1658</strong><br />(+15 for winning)\n|l|☆MrManzanita\n|player|p1|\n|c|☆Dunsparceismyhomie|The king is dead\n", "inputlog": ">version 686819e5e19f8a7fd2345cfc5a08a5085efa2cc3\n>start {\"formatid\":\"gen9randomdoublesbattle\",\"seed\":\"sodium,6d1a21d1b6d608a05d4c015d0fe42d98\",\"rated\":\"Rated battle\"}\n>player p1 {\"name\":\"MrManzanita\",\"avatar\":\"scientist\",\"rating\":1549,\"seed\":\"sodium,6cd5d408917d7e74a865eaa8022c6096\"}\n>player p2 {\"name\":\"Dunsparceismyhomie\",\"avatar\":\"2\",\"rating\":1643,\"seed\":\"sodium,37a0d0a09a2e1b637f224cdbc2028665\"}\n>p1 move muddywater, move protect\n>p2 move overdrive, move agility\n>p1 switch 5, switch 6\n>p2 move overdrive, move tachyoncutter +2\n>p1 move earthpower +1, move protect\n>p2 switch 4, move tachyoncutter +2\n>p1 move shadowball +2, move shadowsneak +2\n>p2 move grassknot +1, move tachyoncutter +2\n>p1 pass, switch 4\n>p2 pass, switch 6\n>p1 move protect, move icywind\n>p2 move bleakwindstorm terastallize, switch 4\n>p1 move earthpower +2, move icywind\n>p2 move grassknot +1, move voltswitch +2\n>p2 pass, switch 3\n>p1 switch 5, pass\n>p1 move muddywater, move icywind\n>p2 switch 5, move tailwind\n>p1 move muddywater, move icywind\n>p2 move dazzlinggleam, move bravebird +1\n>p1 pass, switch 6\n>p2 pass, switch 4\n>p1 move aurasphere +2, move darkpulse +2\n>p2 switch 3, move shedtail\n>p2 pass, switch 5\n>p1 move muddywater, move protect\n>p2 move overdrive, move bleakwindstorm\n>p1 switch 3, pass\n>p1 move highhorsepower +1, move darkpulse +2 terastallize\n>p2 move overdrive, move protect\n>p2 switch 5, pass\n>p1 move highhorsepower +1, move darkpulse +2\n>p2 move breakingswipe, move bleakwindstorm\n>p2 pass, switch 3\n>p1 move highhorsepower +1, move darkpulse +2\n>p2 move breakingswipe, move dazzlinggleam\n>p1 move highhorsepower +1, pass\n>p2 move doubleedge +1, pass\n>p1 move highhorsepower +1, pass\n>p2 move doubleedge +1, pass", "uploadtime": 1771256016, "views": 27, "formatid": "gen9randomdoublesbattle", "rating": 1534, "private": 0, "password": null}