{"id": "gen9randomdoublesbattle-2540277992", "format": "[Gen 9] Random Doubles Battle", "players": ["Buzil", "GravitySwitch"], "log": "|j|☆Buzil\n|j|☆GravitySwitch\n|t:|1771183803\n|gametype|doubles\n|player|p1|Buzil|dawn-gen4pt|1752\n|player|p2|GravitySwitch|steven|1962\n|gen|9\n|tier|[Gen 9] Random Doubles Battle\n|rated|\n|rule|Species Clause: Limit one of each Pokémon\n|rule|HP Percentage Mod: HP is shown in percentages\n|rule|Illusion Level Mod: Illusion disguises the Pokémon's true level\n|rule|Sleep Clause Mod: Limit one foe put to sleep\n|\n|t:|1771183803\n|teamsize|p1|6\n|teamsize|p2|6\n|start\n|switch|p1a: Tsareena|Tsareena, L85, F|261/261\n|switch|p1b: Slowking|Slowking-Galar, L86, F|304/304\n|switch|p2a: Dusknoir|Dusknoir, L89, F|225/225\n|switch|p2b: Emboar|Emboar, L85, M|326/326\n|-item|p1a: Tsareena|Assault Vest|[from] ability: Frisk|[of] p2a: Dusknoir\n|-item|p1b: Slowking|Life Orb|[from] ability: Frisk|[of] p2a: Dusknoir\n|turn|1\n|inactive|Battle timer is ON: inactive players will automatically lose when time's up. (requested by GravitySwitch)\n|inactive|Buzil also wants the timer to be on.\n|inactive|Buzil has 120 seconds left.\n|inactive|Buzil has 90 seconds left.\n|inactive|Buzil has 60 seconds left.\n|\n|t:|1771183899\n|switch|p1a: Luxray|Luxray, L86, M|278/278\n|-ability|p1a: Luxray|Intimidate|boost\n|-unboost|p2a: Dusknoir|atk|1\n|-unboost|p2b: Emboar|atk|1\n|switch|p1b: Crawdaunt|Crawdaunt, L87, F|251/251\n|move|p2b: Emboar|Knock Off|p1a: Luxray\n|-damage|p1a: Luxray|213/278\n|-enditem|p1a: Luxray|Assault Vest|[from] move: Knock Off|[of] p2b: Emboar\n|move|p2a: Dusknoir|Poltergeist|p1b: Crawdaunt\n|-activate|p1b: Crawdaunt|move: Poltergeist|Life Orb\n|-resisted|p1b: Crawdaunt\n|-damage|p1b: Crawdaunt|193/251\n|-damage|p2a: Dusknoir|203/225|[from] item: Life Orb\n|\n|upkeep\n|turn|2\n|inactive|Buzil has 120 seconds left.\n|inactive|GravitySwitch has 120 seconds left.\n|\n|t:|1771183944\n|switch|p2b: Lokix|Lokix, L88, F|268/268\n|move|p1a: Luxray|Play Rough|p2b: Lokix\n|-supereffective|p2b: Lokix\n|-damage|p2b: Lokix|104/268\n|move|p1b: Crawdaunt|Knock Off|p2a: Dusknoir\n|-supereffective|p2a: Dusknoir\n|-damage|p2a: Dusknoir|0 fnt\n|-enditem|p2a: Dusknoir|Life Orb|[from] move: Knock Off|[of] p1b: Crawdaunt\n|faint|p2a: Dusknoir\n|-damage|p1b: Crawdaunt|168/251|[from] item: Life Orb\n|\n|upkeep\n|inactive|GravitySwitch has 120 seconds left.\n|\n|t:|1771183959\n|switch|p2a: Mamoswine|Mamoswine, L82, M|315/315\n|turn|3\n|inactive|Buzil has 120 seconds left.\n|inactive|Buzil has 90 seconds left.\n|inactive|Buzil has 60 seconds left.\n|\n|t:|1771184030\n|switch|p1a: Mamoswine|Mamoswine, L82, F|315/315\n|move|p1b: Crawdaunt|Protect|p1b: Crawdaunt\n|-singleturn|p1b: Crawdaunt|Protect\n|move|p2b: Lokix|First Impression|p1b: Crawdaunt\n|-activate|p1b: Crawdaunt|move: Protect\n|move|p2a: Mamoswine|High Horsepower|p1a: Mamoswine\n|-damage|p1a: Mamoswine|143/315\n|-damage|p2a: Mamoswine|284/315|[from] item: Life Orb\n|\n|upkeep\n|turn|4\n|inactive|Buzil has 60 seconds left.\n|\n|t:|1771184066\n|move|p2b: Lokix|Protect|p2b: Lokix\n|-singleturn|p2b: Lokix|Protect\n|move|p1a: Mamoswine|Ice Shard|p2b: Lokix\n|-activate|p2b: Lokix|move: Protect\n|move|p1b: Crawdaunt|Aqua Jet|p2b: Lokix\n|-activate|p2b: Lokix|move: Protect\n|move|p2a: Mamoswine|High Horsepower|p1a: Mamoswine\n|-damage|p1a: Mamoswine|0 fnt\n|faint|p1a: Mamoswine\n|-damage|p2a: Mamoswine|253/315|[from] item: Life Orb\n|\n|upkeep\n|\n|t:|1771184084\n|switch|p1a: Luxray|Luxray, L86, M|213/278\n|-ability|p1a: Luxray|Intimidate|boost\n|-unboost|p2a: Mamoswine|atk|1\n|-unboost|p2b: Lokix|atk|1\n|turn|5\n|\n|t:|1771184112\n|switch|p1a: Tsareena|Tsareena, L85, F|261/261\n|-terastallize|p1b: Crawdaunt|Water\n|move|p2b: Lokix|U-turn|p1a: Tsareena\n|-supereffective|p1a: Tsareena\n|-damage|p1a: Tsareena|121/261\n|-damage|p2b: Lokix|78/268|[from] item: Life Orb\n|\n|t:|1771184126\n|switch|p2b: Sandy Shocks|Sandy Shocks, L79|264/264|[from] U-turn\n|move|p2a: Mamoswine|High Horsepower|p1a: Tsareena\n|-resisted|p1a: Tsareena\n|-damage|p1a: Tsareena|73/261\n|-damage|p2a: Mamoswine|222/315|[from] item: Life Orb\n|move|p1b: Crawdaunt|Crabhammer|p2a: Mamoswine\n|-supereffective|p2a: Mamoswine\n|-damage|p2a: Mamoswine|0 fnt\n|faint|p2a: Mamoswine\n|-damage|p1b: Crawdaunt|143/251|[from] item: Life Orb\n|\n|upkeep\n|\n|t:|1771184132\n|switch|p2a: Emboar|Emboar, L85, M|326/326\n|turn|6\n|inactive|Buzil has 60 seconds left.\n|\n|t:|1771184150\n|move|p1b: Crawdaunt|Protect|p1b: Crawdaunt\n|-singleturn|p1b: Crawdaunt|Protect\n|move|p2a: Emboar|Flare Blitz|p1a: Tsareena\n|-supereffective|p1a: Tsareena\n|-damage|p1a: Tsareena|0 fnt\n|faint|p1a: Tsareena\n|-damage|p2a: Emboar|302/326|[from] Recoil\n|move|p2b: Sandy Shocks|Thunderbolt|p1b: Crawdaunt\n|-activate|p1b: Crawdaunt|move: Protect\n|\n|upkeep\n|\n|t:|1771184160\n|switch|p1a: Slowking|Slowking-Galar, L86, F|304/304\n|turn|7\n|\n|t:|1771184174\n|switch|p1b: Luxray|Luxray, L86, M|213/278\n|-ability|p1b: Luxray|Intimidate|boost\n|-unboost|p2a: Emboar|atk|1\n|-unboost|p2b: Sandy Shocks|atk|1\n|move|p2a: Emboar|Flare Blitz|p1a: Slowking\n|-damage|p1a: Slowking|162/304\n|-damage|p2a: Emboar|255/326|[from] Recoil\n|move|p2b: Sandy Shocks|Thunderbolt|p1b: Luxray\n|-resisted|p1b: Luxray\n|-damage|p1b: Luxray|164/278\n|move|p1a: Slowking|Trick Room|p1a: Slowking\n|-fieldstart|move: Trick Room|[of] p1a: Slowking\n|\n|upkeep\n|turn|8\n|inactive|Buzil has 90 seconds left.\n|\n|t:|1771184202\n|switch|p2a: Lokix|Lokix, L88, F|78/268\n|move|p1a: Slowking|Psychic|p2b: Sandy Shocks\n|-damage|p2b: Sandy Shocks|95/264\n|-enditem|p2b: Sandy Shocks|Sitrus Berry|[eat]\n|-heal|p2b: Sandy Shocks|161/264|[from] item: Sitrus Berry\n|-damage|p1a: Slowking|132/304|[from] item: Life Orb\n|move|p1b: Luxray|Play Rough|p2a: Lokix\n|-supereffective|p2a: Lokix\n|-damage|p2a: Lokix|0 fnt\n|faint|p2a: Lokix\n|move|p2b: Sandy Shocks|Earth Power|p1a: Slowking\n|-supereffective|p1a: Slowking\n|-damage|p1a: Slowking|0 fnt\n|faint|p1a: Slowking\n|\n|upkeep\n|\n|t:|1771184218\n|switch|p1a: Crawdaunt|Crawdaunt, L87, F, tera:Water|143/251\n|switch|p2a: Gallade|Gallade, L80, M|240/240\n|turn|9\n|inactive|Buzil has 60 seconds left.\n|inactive|Buzil has 30 seconds left.\n|\n|t:|1771184287\n|move|p1a: Crawdaunt|Crabhammer|p2a: Gallade\n|-damage|p2a: Gallade|0 fnt\n|faint|p2a: Gallade\n|-damage|p1a: Crawdaunt|118/251|[from] item: Life Orb\n|move|p1b: Luxray|Play Rough|p2b: Sandy Shocks\n|-damage|p2b: Sandy Shocks|86/264\n|move|p2b: Sandy Shocks|Earth Power|p1b: Luxray\n|-supereffective|p1b: Luxray\n|-damage|p1b: Luxray|0 fnt\n|faint|p1b: Luxray\n|\n|upkeep\n|inactive|Buzil has 30 seconds left this turn.\n|\n|t:|1771184296\n|switch|p1b: Avalugg|Avalugg-Hisui, L88, F|310/310\n|switch|p2a: Emboar|Emboar, L85, M|255/326\n|turn|10\n|inactive|Buzil has 30 seconds left.\n|\n|t:|1771184319\n|move|p1a: Crawdaunt|Aqua Jet|p2a: Emboar\n|-supereffective|p2a: Emboar\n|-damage|p2a: Emboar|0 fnt\n|faint|p2a: Emboar\n|-damage|p1a: Crawdaunt|93/251|[from] item: Life Orb\n|move|p1b: Avalugg|Body Press|p2b: Sandy Shocks\n|-damage|p2b: Sandy Shocks|0 fnt\n|faint|p2b: Sandy Shocks\n|-end|p2b: Sandy Shocks|Protosynthesis|[silent]\n|\n|win|Buzil\n|raw|Buzil's rating: 1752 &rarr; <strong>1783</strong><br />(+31 for winning)\n|raw|GravitySwitch's rating: 1962 &rarr; <strong>1931</strong><br />(-31 for losing)\n|l|☆GravitySwitch\n|player|p2|\n|c|☆Buzil|gg\n", "inputlog": ">version 686819e5e19f8a7fd2345cfc5a08a5085efa2cc3\n>start {\"formatid\":\"gen9randomdoublesbattle\",\"seed\":\"sodium,c2b10856d19ebf1b3174e685a9430dc8\",\"rated\":\"Rated battle\"}\n>player p1 {\"name\":\"Buzil\",\"avatar\":\"dawn-gen4pt\",\"rating\":1752,\"seed\":\"sodium,c919fdf15fa4c4fabb78875f7f52b113\"}\n>player p2 {\"name\":\"GravitySwitch\",\"avatar\":\"steven\",\"rating\":1962,\"seed\":\"sodium,f6efa8f9850e8f37feae81792dc59344\"}\n>p1 switch 6, switch 4\n>p2 move poltergeist +2, move knockoff +1\n>p1 move playrough +2, move knockoff +1\n>p2 move trickroom, switch 3\n>p2 switch 4, pass\n>p1 switch 5, move protect\n>p2 move highhorsepower +1, move firstimpression +2\n>p1 move iceshard +2, move aquajet +2\n>p2 move highhorsepower +1, move protect\n>p1 switch 5, pass\n>p1 switch 6, move crabhammer +1 terastallize\n>p2 move highhorsepower +1, move uturn +1\n>p2 pass, switch 6\n>p2 switch 3, pass\n>p1 move powerwhip +2, move protect\n>p2 move flareblitz +1, move thunderbolt +2\n>p1 switch 4, pass\n>p1 move trickroom, switch 6\n>p2 move flareblitz +1, move thunderbolt +2\n>p1 move psychic +2, move playrough +1\n>p2 switch 6, move earthpower +1\n>p1 switch 6, pass\n>p2 switch 5, pass\n>p1 move crabhammer +1, move playrough +2\n>p2 move sacredsword +1, move earthpower +2\n>p1 pass, switch 3\n>p2 switch 6, pass\n>p1 move aquajet +1, move bodypress +1\n>p2 move closecombat +1, move earthpower +2", "uploadtime": 1771184336, "views": 53, "formatid": "gen9randomdoublesbattle", "rating": 1783, "private": 0, "password": null}