{"id": "gen9randomdoublesbattle-2537975223", "format": "[Gen 9] Random Doubles Battle", "players": ["dannymma", "themismatcher"], "log": "|j|☆dannymma\n|j|☆themismatcher\n|t:|1770871301\n|gametype|doubles\n|player|p1|dannymma|bruno|1660\n|player|p2|themismatcher|benga|1703\n|gen|9\n|tier|[Gen 9] Random Doubles Battle\n|rated|\n|rule|Species Clause: Limit one of each Pokémon\n|rule|HP Percentage Mod: HP is shown in percentages\n|rule|Illusion Level Mod: Illusion disguises the Pokémon's true level\n|rule|Sleep Clause Mod: Limit one foe put to sleep\n|\n|t:|1770871301\n|teamsize|p1|6\n|teamsize|p2|6\n|start\n|switch|p1a: Volcarona|Volcarona, L78, M|261/261\n|switch|p1b: Vaporeon|Vaporeon, L84, F|356/356\n|switch|p2a: Murkrow|Murkrow, L90, M|254/254\n|switch|p2b: Florges|Florges-Yellow, L84, F|268/268\n|turn|1\n|l|☆themismatcher\n|player|p2|\n|j|☆themismatcher\n|player|p2|themismatcher|benga|\n|inactive|Battle timer is ON: inactive players will automatically lose when time's up. (requested by themismatcher)\n|\n|t:|1770871330\n|move|p2a: Murkrow|Tailwind|p2a: Murkrow\n|-sidestart|p2: themismatcher|move: Tailwind\n|move|p2b: Florges|Calm Mind|p2b: Florges\n|-boost|p2b: Florges|spa|1\n|-boost|p2b: Florges|spd|1\n|move|p1a: Volcarona|Heat Wave|p2b: Florges|[spread] p2a,p2b\n|-damage|p2a: Murkrow|170/254\n|-damage|p2b: Florges|229/268\n|move|p1b: Vaporeon|Yawn|p2b: Florges\n|-start|p2b: Florges|move: Yawn|[of] p1b: Vaporeon\n|\n|-heal|p2b: Florges|245/268|[from] item: Leftovers\n|upkeep\n|turn|2\n|inactive|dannymma has 120 seconds left.\n|\n|t:|1770871361\n|-terastallize|p1a: Volcarona|Steel\n|move|p2a: Murkrow|Brave Bird|p1a: Volcarona\n|-resisted|p1a: Volcarona\n|-damage|p1a: Volcarona|174/261\n|-damage|p2a: Murkrow|141/254|[from] Recoil\n|move|p2b: Florges|Dazzling Gleam|p1b: Vaporeon|[spread] p1a,p1b\n|-resisted|p1a: Volcarona\n|-damage|p1a: Volcarona|125/261\n|-damage|p1b: Vaporeon|257/356\n|move|p1a: Volcarona|Heat Wave|p2b: Florges|[spread] p2a,p2b\n|-damage|p2a: Murkrow|56/254\n|-damage|p2b: Florges|211/268\n|move|p1b: Vaporeon|Muddy Water|p2b: Florges|[spread] p2a,p2b\n|-damage|p2a: Murkrow|0 fnt\n|-damage|p2b: Florges|175/268\n|faint|p2a: Murkrow\n|\n|-heal|p2b: Florges|191/268|[from] item: Leftovers\n|-end|p2b: Florges|move: Yawn|[silent]\n|-status|p2b: Florges|slp\n|upkeep\n|inactive|themismatcher has 120 seconds left.\n|\n|t:|1770871382\n|switch|p2a: Sandslash|Sandslash, L93, M|290/290\n|turn|3\n|\n|t:|1770871393\n|switch|p1a: Indeedee|Indeedee, L79, M|224/224\n|-fieldstart|move: Psychic Terrain|[from] ability: Psychic Surge|[of] p1a: Indeedee\n|move|p2a: Sandslash|High Horsepower|p1a: Indeedee\n|-damage|p1a: Indeedee|37/224\n|cant|p2b: Florges|slp\n|move|p1b: Vaporeon|Muddy Water|p2a: Sandslash|[spread] p2a,p2b\n|-supereffective|p2a: Sandslash\n|-damage|p2a: Sandslash|156/290\n|-damage|p2b: Florges|157/268 slp\n|-unboost|p2a: Sandslash|accuracy|1\n|\n|-heal|p2b: Florges|173/268 slp|[from] item: Leftovers\n|upkeep\n|turn|4\n|\n|t:|1770871415\n|switch|p1a: Flygon|Flygon, L83, F|268/268\n|cant|p2b: Florges|slp\n|move|p2a: Sandslash|Knock Off|p1a: Flygon\n|-damage|p1a: Flygon|176/268\n|-enditem|p1a: Flygon|Loaded Dice|[from] move: Knock Off|[of] p2a: Sandslash\n|move|p1b: Vaporeon|Muddy Water|p2b: Florges|[spread] p2a,p2b\n|-supereffective|p2a: Sandslash\n|-damage|p2a: Sandslash|24/290\n|-damage|p2b: Florges|140/268 slp\n|\n|-heal|p2b: Florges|156/268 slp|[from] item: Leftovers\n|-sideend|p2: themismatcher|move: Tailwind\n|upkeep\n|turn|5\n|\n|t:|1770871442\n|move|p1a: Flygon|Earth Power|p2b: Florges\n|-damage|p2b: Florges|117/268 slp\n|-unboost|p2b: Florges|spd|1\n|cant|p2b: Florges|slp\n|move|p2a: Sandslash|High Horsepower|p1b: Vaporeon\n|-damage|p1b: Vaporeon|83/356\n|-enditem|p1b: Vaporeon|Sitrus Berry|[eat]\n|-heal|p1b: Vaporeon|172/356|[from] item: Sitrus Berry\n|move|p1b: Vaporeon|Icy Wind|p2b: Florges|[spread] p2a,p2b\n|-supereffective|p2a: Sandslash\n|-damage|p2a: Sandslash|0 fnt\n|-damage|p2b: Florges|97/268 slp\n|-unboost|p2b: Florges|spe|1\n|faint|p2a: Sandslash\n|\n|-heal|p2b: Florges|113/268 slp|[from] item: Leftovers\n|upkeep\n|inactive|themismatcher has 120 seconds left.\n|\n|t:|1770871469\n|switch|p2a: Brambleghast|Brambleghast, L86, M|235/235\n|turn|6\n|inactive|themismatcher has 120 seconds left.\n|\n|t:|1770871492\n|switch|p1b: Ditto|Ditto, L97|250/250\n|-transform|p1b: Ditto|p2a: Brambleghast|[from] ability: Imposter\n|move|p1a: Flygon|Tailwind|p1a: Flygon\n|-sidestart|p1: dannymma|move: Tailwind\n|-ability|p1b: Ditto|Wind Rider|boost\n|-boost|p1b: Ditto|atk|1\n|move|p2a: Brambleghast|Power Whip|p1b: Ditto\n|-resisted|p1b: Ditto\n|-damage|p1b: Ditto|143/250\n|-damage|p2a: Brambleghast|212/235|[from] item: Life Orb\n|-curestatus|p2b: Florges|slp|[msg]\n|move|p2b: Florges|Synthesis|p2b: Florges\n|-heal|p2b: Florges|247/268\n|\n|-heal|p2b: Florges|263/268|[from] item: Leftovers\n|upkeep\n|turn|7\n|\n|t:|1770871517\n|-terastallize|p2a: Brambleghast|Steel\n|move|p1a: Flygon|Scale Shot|p2a: Brambleghast\n|-resisted|p2a: Brambleghast\n|-damage|p2a: Brambleghast|195/235\n|-resisted|p2a: Brambleghast\n|-damage|p2a: Brambleghast|178/235\n|-resisted|p2a: Brambleghast\n|-damage|p2a: Brambleghast|163/235\n|-resisted|p2a: Brambleghast\n|-damage|p2a: Brambleghast|148/235\n|-hitcount|p2a: Brambleghast|4\n|-unboost|p1a: Flygon|def|1\n|-boost|p1a: Flygon|spe|1\n|move|p1b: Ditto|Poltergeist|p2a: Brambleghast\n|-activate|p2a: Brambleghast|move: Poltergeist|Life Orb\n|-damage|p2a: Brambleghast|0 fnt\n|faint|p2a: Brambleghast\n|move|p2b: Florges|Dazzling Gleam|p1a: Flygon|[spread] p1a,p1b\n|-supereffective|p1a: Flygon\n|-damage|p1a: Flygon|0 fnt\n|-damage|p1b: Ditto|14/250\n|-enditem|p1b: Ditto|Sitrus Berry|[eat]\n|-heal|p1b: Ditto|76/250|[from] item: Sitrus Berry\n|faint|p1a: Flygon\n|\n|-heal|p2b: Florges|268/268|[from] item: Leftovers\n|-fieldend|move: Psychic Terrain\n|upkeep\n|inactive|themismatcher has 120 seconds left.\n|inactive|dannymma has 120 seconds left.\n|\n|t:|1770871549\n|switch|p1a: Vaporeon|Vaporeon, L84, F|172/356\n|switch|p2a: Cramorant|Cramorant, L86, M|261/261\n|turn|8\n|inactive|themismatcher has 120 seconds left.\n|inactive|dannymma has 120 seconds left.\n|\n|t:|1770871566\n|move|p1b: Ditto|Protect|p1b: Ditto\n|-singleturn|p1b: Ditto|Protect\n|move|p1a: Vaporeon|Yawn|p2b: Florges\n|-start|p2b: Florges|move: Yawn|[of] p1a: Vaporeon\n|move|p2a: Cramorant|Tailwind|p2a: Cramorant\n|-sidestart|p2: themismatcher|move: Tailwind\n|move|p2b: Florges|Dazzling Gleam|p1b: Ditto|[spread] p1a\n|-activate|p1b: Ditto|move: Protect\n|-damage|p1a: Vaporeon|75/356\n|\n|upkeep\n|turn|9\n|\n|t:|1770871586\n|switch|p1b: Magnezone|Magnezone, L84|255/255\n|move|p2a: Cramorant|Protect|p2a: Cramorant\n|-singleturn|p2a: Cramorant|Protect\n|move|p1a: Vaporeon|Icy Wind|p2b: Florges|[spread] p2b\n|-activate|p2a: Cramorant|move: Protect\n|-damage|p2b: Florges|246/268\n|-unboost|p2b: Florges|spe|1\n|move|p2b: Florges|Dazzling Gleam|p1b: Magnezone|[spread] p1a,p1b\n|-crit|p1a: Vaporeon\n|-resisted|p1b: Magnezone\n|-damage|p1a: Vaporeon|0 fnt\n|-damage|p1b: Magnezone|220/255\n|faint|p1a: Vaporeon\n|\n|-heal|p2b: Florges|262/268|[from] item: Leftovers\n|-end|p2b: Florges|move: Yawn|[silent]\n|-status|p2b: Florges|slp\n|-sideend|p1: dannymma|move: Tailwind\n|upkeep\n|inactive|dannymma has 120 seconds left.\n|\n|t:|1770871609\n|switch|p1a: Volcarona|Volcarona, L78, M, tera:Steel|125/261\n|turn|10\n|\n|t:|1770871624\n|move|p2a: Cramorant|Surf|p1b: Magnezone|[spread] p2b,p1a,p1b\n|-formechange|p2a: Cramorant|Cramorant-Gulping|\n|-damage|p2b: Florges|222/268 slp\n|-damage|p1a: Volcarona|65/261\n|-damage|p1b: Magnezone|172/255\n|move|p1a: Volcarona|Struggle Bug|p2a: Cramorant|[spread] p2a,p2b\n|-resisted|p2a: Cramorant\n|-resisted|p2b: Florges\n|-damage|p2a: Cramorant|242/261\n|-damage|p2b: Florges|209/268 slp\n|-unboost|p2a: Cramorant|spa|1\n|-unboost|p2b: Florges|spa|1\n|-damage|p1a: Volcarona|0 fnt|[from] ability: Gulp Missile|[of] p2a: Cramorant\n|-formechange|p2a: Cramorant|Cramorant|\n|faint|p1a: Volcarona\n|cant|p2b: Florges|slp\n|move|p1b: Magnezone|Electroweb|p2a: Cramorant|[spread] p2a,p2b\n|-supereffective|p2a: Cramorant\n|-damage|p2a: Cramorant|50/261\n|-damage|p2b: Florges|175/268 slp\n|-unboost|p2a: Cramorant|spe|1\n|-unboost|p2b: Florges|spe|1\n|-enditem|p2a: Cramorant|Sitrus Berry|[eat]\n|-heal|p2a: Cramorant|115/261|[from] item: Sitrus Berry\n|\n|-heal|p2b: Florges|191/268 slp|[from] item: Leftovers\n|upkeep\n|inactive|dannymma has 120 seconds left.\n|\n|t:|1770871649\n|switch|p1a: Ditto|Ditto, L97|76/250\n|-transform|p1a: Ditto|p2b: Florges|[from] ability: Imposter\n|turn|11\n|\n|t:|1770871670\n|move|p2a: Cramorant|Surf|p1b: Magnezone|[spread] p2b,p1a,p1b\n|-formechange|p2a: Cramorant|Cramorant-Gorging|\n|-damage|p2b: Florges|161/268 slp\n|-damage|p1a: Ditto|46/250\n|-damage|p1b: Magnezone|141/255\n|move|p1b: Magnezone|Electroweb|p2b: Florges|[spread] p2a\n|-miss|p1b: Magnezone|p2b: Florges\n|-supereffective|p2a: Cramorant\n|-damage|p2a: Cramorant|0 fnt\n|-damage|p1b: Magnezone|78/255|[from] ability: Gulp Missile|[of] p2a: Cramorant\n|-formechange|p2a: Cramorant|Cramorant|\n|faint|p2a: Cramorant\n|-curestatus|p2b: Florges|slp|[msg]\n|move|p2b: Florges|Dazzling Gleam|p1a: Ditto|[spread] p1a,p1b\n|-resisted|p1b: Magnezone\n|-damage|p1a: Ditto|3/250\n|-damage|p1b: Magnezone|55/255\n|move|p1a: Ditto|Synthesis|p1a: Ditto\n|-heal|p1a: Ditto|128/250\n|\n|-heal|p2b: Florges|177/268|[from] item: Leftovers\n|-sideend|p2: themismatcher|move: Tailwind\n|upkeep\n|\n|t:|1770871678\n|switch|p2a: Arceus|Arceus-Poison, L73|296/296\n|turn|12\n|\n|t:|1770871705\n|move|p1a: Ditto|Protect|p1a: Ditto\n|-singleturn|p1a: Ditto|Protect\n|move|p2a: Arceus|Flare Blitz|p1b: Magnezone\n|-supereffective|p1b: Magnezone\n|-damage|p1b: Magnezone|0 fnt\n|faint|p1b: Magnezone\n|-damage|p2a: Arceus|278/296|[from] Recoil\n|move|p2b: Florges|Calm Mind|p2b: Florges\n|-boost|p2b: Florges|spa|1\n|-boost|p2b: Florges|spd|1\n|\n|-heal|p2b: Florges|193/268|[from] item: Leftovers\n|upkeep\n|inactive|dannymma has 120 seconds left.\n|\n|t:|1770871717\n|switch|p1b: Indeedee|Indeedee, L79, M|37/224\n|-fieldstart|move: Psychic Terrain|[from] ability: Psychic Surge|[of] p1b: Indeedee\n|turn|13\n|\n|t:|1770871728\n|move|p2a: Arceus|Flare Blitz|p1b: Indeedee\n|-damage|p1b: Indeedee|0 fnt\n|faint|p1b: Indeedee\n|-damage|p2a: Arceus|266/296|[from] Recoil\n|move|p1a: Ditto|Calm Mind|p1a: Ditto\n|-boost|p1a: Ditto|spa|1\n|-boost|p1a: Ditto|spd|1\n|move|p2b: Florges|Dazzling Gleam|p1a: Ditto\n|-damage|p1a: Ditto|64/250\n|\n|-heal|p2b: Florges|209/268|[from] item: Leftovers\n|upkeep\n|turn|14\n|\n|t:|1770871742\n|move|p2a: Arceus|Gunk Shot|p1a: Ditto\n|-supereffective|p1a: Ditto\n|-damage|p1a: Ditto|0 fnt\n|faint|p1a: Ditto\n|\n|win|themismatcher\n|raw|dannymma's rating: 1660 &rarr; <strong>1642</strong><br />(-18 for losing)\n|raw|themismatcher's rating: 1703 &rarr; <strong>1721</strong><br />(+18 for winning)\n|l|☆dannymma\n|player|p1|\n", "inputlog": ">version ccdc32dd7cde25fd9e4bed64820e885f66e78a4e\n>start {\"formatid\":\"gen9randomdoublesbattle\",\"seed\":\"sodium,7b18e4dae7601304ec80a930272c0000\",\"rated\":\"Rated battle\"}\n>player p1 {\"name\":\"dannymma\",\"avatar\":\"bruno\",\"rating\":1660,\"seed\":\"sodium,c354708ee50e95ca1903f6d9d4ba5738\"}\n>player p2 {\"name\":\"themismatcher\",\"avatar\":\"benga\",\"rating\":1703,\"seed\":\"sodium,d164f0641387757e6f7f277b9523ff1e\"}\n>p1 move heatwave, move yawn +2\n>p2 move tailwind, move calmmind\n>p1 move heatwave terastallize, move muddywater\n>p2 move bravebird +1, move dazzlinggleam\n>p2 switch 4, pass\n>p1 switch 5, move muddywater\n>p2 move highhorsepower +1, move calmmind\n>p1 switch 4, move muddywater\n>p2 move knockoff +1, move calmmind\n>p1 move earthpower +2, move icywind\n>p2 move highhorsepower +2, move calmmind\n>p2 switch 6, pass\n>p1 move tailwind, switch 6\n>p2 move powerwhip +2, move synthesis\n>p1 move scaleshot +1, move poltergeist +1\n>p2 move poltergeist +2 terastallize, move dazzlinggleam\n>p1 switch 6, pass\n>p2 switch 5, pass\n>p1 move yawn +2, move protect\n>p2 move tailwind, move dazzlinggleam\n>p1 move icywind, switch 3\n>p2 move protect, move dazzlinggleam\n>p1 switch 5, pass\n>p1 move strugglebug, move electroweb\n>p2 move surf, move calmmind\n>p1 switch 3, pass\n>p1 move synthesis, move electroweb\n>p2 move surf, move dazzlinggleam\n>p2 switch 3, pass\n>p1 move protect, move electroweb\n>p2 move flareblitz +2, move calmmind\n>p1 pass, switch 4\n>p1 move calmmind, move expandingforce +1\n>p2 move flareblitz +2, move dazzlinggleam\n>p1 move dazzlinggleam, pass\n>p2 move gunkshot +1, move dazzlinggleam", "uploadtime": 1770871751, "views": 78, "formatid": "gen9randomdoublesbattle", "rating": 1642, "private": 0, "password": null}