{"id": "gen9randomdoublesbattle-2536090762", "format": "[Gen 9] Random Doubles Battle", "players": ["kalsonofjor", "Shac1"], "log": "|j|☆kalsonofjor\n|j|☆Shac1\n|t:|1770653380\n|gametype|doubles\n|player|p1|kalsonofjor|2|1848\n|player|p2|Shac1|wattson|1970\n|gen|9\n|tier|[Gen 9] Random Doubles Battle\n|rated|\n|rule|Species Clause: Limit one of each Pokémon\n|rule|HP Percentage Mod: HP is shown in percentages\n|rule|Illusion Level Mod: Illusion disguises the Pokémon's true level\n|rule|Sleep Clause Mod: Limit one foe put to sleep\n|\n|t:|1770653380\n|teamsize|p1|6\n|teamsize|p2|6\n|start\n|switch|p1a: Donphan|Donphan, L87, F|298/298\n|switch|p1b: Kingambit|Kingambit, L77, M|281/281\n|switch|p2a: Excadrill|Excadrill, L82, M|315/315\n|switch|p2b: Thundurus|Thundurus-Therian, L78, M|251/251\n|-ability|p2a: Excadrill|Mold Breaker\n|turn|1\n|inactive|Battle timer is ON: inactive players will automatically lose when time's up. (requested by Shac1)\n|inactive|kalsonofjor has 120 seconds left.\n|\n|t:|1770653415\n|switch|p2b: Meloetta|Meloetta, L80|291/291\n|switch|p1b: Giratina|Giratina-Origin, L74|344/344\n|move|p2a: Excadrill|High Horsepower|p1b: Giratina\n|-damage|p1b: Giratina|167/344\n|-damage|p2a: Excadrill|284/315|[from] item: Life Orb\n|move|p1a: Donphan|High Horsepower|p2a: Excadrill\n|-supereffective|p2a: Excadrill\n|-damage|p2a: Excadrill|0 fnt\n|faint|p2a: Excadrill\n|\n|upkeep\n|\n|t:|1770653436\n|switch|p2a: Volbeat|Volbeat, L82, M|241/241\n|turn|2\n|\n|t:|1770653456\n|switch|p1a: Kingambit|Kingambit, L77, M|281/281\n|move|p2a: Volbeat|Encore|p1a: Kingambit\n|-hint|Since gen 7, Dark is immune to Prankster moves.\n|-immune|p1a: Kingambit\n|move|p2b: Meloetta|Psychic|p1b: Giratina\n|-damage|p1b: Giratina|0 fnt\n|faint|p1b: Giratina\n|\n|upkeep\n|\n|t:|1770653468\n|switch|p1b: Donphan|Donphan, L87, F|298/298\n|turn|3\n|inactive|kalsonofjor has 120 seconds left.\n|\n|t:|1770653502\n|switch|p2b: Masquerain|Masquerain, L90, F|272/272\n|-ability|p2b: Masquerain|Intimidate|boost\n|-unboost|p1a: Kingambit|atk|1\n|-ability|p1a: Kingambit|Defiant|boost\n|-boost|p1a: Kingambit|atk|2\n|-unboost|p1b: Donphan|atk|1\n|move|p2a: Volbeat|Lunge|p1a: Kingambit\n|-damage|p1a: Kingambit|227/281\n|-unboost|p1a: Kingambit|atk|1\n|-ability|p1a: Kingambit|Defiant|boost\n|-boost|p1a: Kingambit|atk|2\n|move|p1b: Donphan|Stone Edge|p2a: Volbeat\n|-supereffective|p2a: Volbeat\n|-damage|p2a: Volbeat|99/241\n|-enditem|p2a: Volbeat|Sitrus Berry|[eat]\n|-heal|p2a: Volbeat|159/241|[from] item: Sitrus Berry\n|move|p1a: Kingambit|Iron Head|p2a: Volbeat\n|-damage|p2a: Volbeat|0 fnt\n|faint|p2a: Volbeat\n|\n|upkeep\n|inactive|Shac1 has 120 seconds left.\n|\n|t:|1770653519\n|switch|p2a: Meloetta|Meloetta, L80|291/291\n|turn|4\n|\n|t:|1770653545\n|-terastallize|p1a: Kingambit|Fire\n|move|p2b: Masquerain|Bug Buzz|p1a: Kingambit\n|-resisted|p1a: Kingambit\n|-crit|p1a: Kingambit\n|-damage|p1a: Kingambit|160/281\n|move|p2a: Meloetta|Focus Blast|p1a: Kingambit\n|-damage|p1a: Kingambit|46/281\n|-unboost|p1a: Kingambit|spd|1\n|-ability|p1a: Kingambit|Defiant|boost\n|-boost|p1a: Kingambit|atk|2\n|move|p1b: Donphan|Stone Edge|p2b: Masquerain\n|-supereffective|p2b: Masquerain\n|-damage|p2b: Masquerain|0 fnt\n|faint|p2b: Masquerain\n|move|p1a: Kingambit|Iron Head|p2a: Meloetta\n|-damage|p2a: Meloetta|0 fnt\n|faint|p2a: Meloetta\n|\n|upkeep\n|\n|t:|1770653549\n|switch|p2b: Raging Bolt|Raging Bolt, L77|319/319\n|switch|p2a: Thundurus|Thundurus-Therian, L78, M|251/251\n|turn|5\n|inactive|kalsonofjor has 120 seconds left.\n|\n|t:|1770653592\n|-terastallize|p2a: Thundurus|Ice\n|move|p2b: Raging Bolt|Thunderclap|p1a: Kingambit\n|-damage|p1a: Kingambit|0 fnt\n|faint|p1a: Kingambit\n|-damage|p2b: Raging Bolt|288/319|[from] item: Life Orb\n|move|p2a: Thundurus|Tera Blast|p1b: Donphan|[anim] Tera Blast Ice\n|-supereffective|p1b: Donphan\n|-damage|p1b: Donphan|85/298\n|-damage|p2a: Thundurus|226/251|[from] item: Life Orb\n|move|p1b: Donphan|High Horsepower|p2b: Raging Bolt\n|-supereffective|p2b: Raging Bolt\n|-damage|p2b: Raging Bolt|94/319\n|\n|upkeep\n|inactive|kalsonofjor has 90 seconds left.\n|\n|t:|1770653623\n|switch|p1a: Espeon|Espeon, L84, F|246/246\n|turn|6\n|l|☆Shac1\n|inactive|Shac1 disconnected and has a minute to reconnect!\n|player|p2|\n|j|☆Shac1\n|inactive|Shac1 reconnected and has 130 seconds left.\n|player|p2|Shac1|wattson|\n|\n|t:|1770653652\n|switch|p1b: Bellibolt|Bellibolt, L81, M|309/309\n|move|p1a: Espeon|Psychic|p2b: Raging Bolt\n|-damage|p2b: Raging Bolt|0 fnt\n|faint|p2b: Raging Bolt\n|-end|p2b: Raging Bolt|Protosynthesis|[silent]\n|-damage|p1a: Espeon|222/246|[from] item: Life Orb\n|move|p2a: Thundurus|Tera Blast|p1b: Bellibolt|[anim] Tera Blast Ice\n|-damage|p1b: Bellibolt|167/309\n|-start|p1b: Bellibolt|Charge|Tera Blast|[from] ability: Electromorphosis\n|-damage|p2a: Thundurus|201/251|[from] item: Life Orb\n|\n|upkeep\n|turn|7\n|-message|Shac1 forfeited.\n|\n|win|kalsonofjor\n|raw|kalsonofjor's rating: 1848 &rarr; <strong>1875</strong><br />(+27 for winning)\n|raw|Shac1's rating: 1970 &rarr; <strong>1943</strong><br />(-27 for losing)\n|l|☆Shac1\n|player|p2|\n", "inputlog": ">version ccdc32dd7cde25fd9e4bed64820e885f66e78a4e\n>start {\"formatid\":\"gen9randomdoublesbattle\",\"seed\":\"sodium,0ce33cbe9188b45db83dfd1f6b0e0e03\",\"rated\":\"Rated battle\"}\n>player p1 {\"name\":\"kalsonofjor\",\"avatar\":\"2\",\"rating\":1848,\"seed\":\"sodium,3c945937306bbae29103b7e8b137f3d6\"}\n>player p2 {\"name\":\"Shac1\",\"avatar\":\"wattson\",\"rating\":1970,\"seed\":\"sodium,7dda110d45c5f378de372b597e749a7a\"}\n>p1 move highhorsepower +1, switch 5\n>p2 move highhorsepower +2, switch 3\n>p2 switch 4, pass\n>p1 switch 5, move dracometeor +1\n>p2 move encore +1, move psychic +2\n>p1 pass, switch 5\n>p1 move ironhead +1, move stoneedge +1\n>p2 move lunge +1, switch 6\n>p2 switch 6, pass\n>p1 move ironhead +1 terastallize, move stoneedge +2\n>p2 move focusblast +1, move bugbuzz +1\n>p2 switch 3, switch 5\n>p1 move suckerpunch +2, move highhorsepower +2\n>p2 move terablast +2 terastallize, move thunderclap +1\n>p1 switch 6, pass\n>p1 move psychic +2, switch 3\n>p2 move terablast +2, move dracometeor +1\n>forcelose p2", "uploadtime": 1770653668, "views": 78, "formatid": "gen9randomdoublesbattle", "rating": 1875, "private": 0, "password": null}