{"id": "gen9randomdoublesbattle-2540944837", "format": "[Gen 9] Random Doubles Battle", "players": ["baseballlover", "kaysou"], "log": "|j|☆baseballlover\n|j|☆kaysou\n|t:|1771269603\n|gametype|doubles\n|player|p1|baseballlover|265|1673\n|player|p2|kaysou|1|1604\n|gen|9\n|tier|[Gen 9] Random Doubles Battle\n|rated|\n|rule|Species Clause: Limit one of each Pokémon\n|rule|HP Percentage Mod: HP is shown in percentages\n|rule|Illusion Level Mod: Illusion disguises the Pokémon's true level\n|rule|Sleep Clause Mod: Limit one foe put to sleep\n|\n|t:|1771269603\n|teamsize|p1|6\n|teamsize|p2|6\n|start\n|switch|p1a: Phione|Phione, L90|290/290\n|switch|p1b: Gliscor|Gliscor, L81, M|254/254\n|switch|p2a: Slowbro|Slowbro-Galar, L87, F|307/307\n|switch|p2b: Magnezone|Magnezone, L84|255/255\n|turn|1\n|inactive|Battle timer is ON: inactive players will automatically lose when time's up. (requested by baseballlover)\n|inactive|kaysou has 120 seconds left.\n|\n|t:|1771269644\n|switch|p2b: Crawdaunt|Crawdaunt, L87, M|251/251\n|move|p1b: Gliscor|Swords Dance|p1b: Gliscor\n|-boost|p1b: Gliscor|atk|2\n|move|p1a: Phione|Scald|p2a: Slowbro\n|-damage|p2a: Slowbro|210/307\n|-status|p2a: Slowbro|brn\n|move|p2a: Slowbro|Shell Side Arm|p1a: Phione|[anim] Shell Side Arm Special\n|-damage|p1a: Phione|146/290\n|-hint|Special Shell Side Arm\n|-damage|p2a: Slowbro|180/307 brn|[from] item: Life Orb\n|\n|-heal|p1a: Phione|164/290|[from] item: Leftovers\n|-damage|p2a: Slowbro|161/307 brn|[from] brn\n|-status|p1b: Gliscor|tox|[from] item: Toxic Orb\n|upkeep\n|turn|2\n|inactive|baseballlover has 120 seconds left.\n|\n|t:|1771269675\n|-terastallize|p1b: Gliscor|Normal\n|move|p1b: Gliscor|Facade|p2b: Crawdaunt\n|-damage|p2b: Crawdaunt|0 fnt\n|faint|p2b: Crawdaunt\n|move|p1a: Phione|Scald|p2a: Slowbro\n|-damage|p2a: Slowbro|56/307 brn\n|move|p2a: Slowbro|Trick Room|p2a: Slowbro\n|-fieldstart|move: Trick Room|[of] p2a: Slowbro\n|\n|-heal|p1a: Phione|182/290|[from] item: Leftovers\n|-damage|p2a: Slowbro|37/307 brn|[from] brn\n|upkeep\n|\n|t:|1771269684\n|switch|p2b: Keldeo|Keldeo-Resolute, L78|270/270\n|turn|3\n|\n|t:|1771269700\n|move|p2a: Slowbro|Psychic|p1b: Gliscor\n|-damage|p1b: Gliscor|86/254 tox\n|-damage|p2a: Slowbro|7/307 brn|[from] item: Life Orb\n|move|p1a: Phione|Scald|p2a: Slowbro\n|-damage|p2a: Slowbro|0 fnt\n|faint|p2a: Slowbro\n|move|p1b: Gliscor|Facade|p2b: Keldeo\n|-damage|p2b: Keldeo|0 fnt\n|faint|p2b: Keldeo\n|\n|-heal|p1a: Phione|200/290|[from] item: Leftovers\n|-heal|p1b: Gliscor|117/254 tox|[from] ability: Poison Heal\n|upkeep\n|\n|t:|1771269710\n|switch|p2a: Golurk|Golurk, L86|293/293\n|switch|p2b: Magnezone|Magnezone, L84|255/255\n|turn|4\n|\n|t:|1771269739\n|move|p1b: Gliscor|Protect|p1b: Gliscor\n|-singleturn|p1b: Gliscor|Protect\n|move|p2a: Golurk|Dynamic Punch|p1b: Gliscor\n|-activate|p1b: Gliscor|move: Protect\n|move|p2b: Magnezone|Thunderbolt|p1a: Phione\n|-supereffective|p1a: Phione\n|-damage|p1a: Phione|0 fnt\n|faint|p1a: Phione\n|\n|-heal|p1b: Gliscor|148/254 tox|[from] ability: Poison Heal\n|upkeep\n|inactive|baseballlover has 120 seconds left.\n|inactive|baseballlover has 90 seconds left.\n|inactive|baseballlover has 60 seconds left.\n|inactive|baseballlover has 30 seconds left.\n|inactive|baseballlover has 20 seconds left.\n|inactive|baseballlover has 15 seconds left.\n|inactive|baseballlover has 10 seconds left.\n|\n|t:|1771269862\n|switch|p1a: Chesnaught|Chesnaught, L86, F|292/292\n|turn|5\n|inactive|baseballlover has 30 seconds left.\n|inactive|kaysou has 120 seconds left.\n|\n|t:|1771269896\n|switch|p1b: Tornadus|Tornadus, L77, M|248/248\n|-terastallize|p2b: Magnezone|Flying\n|move|p1a: Chesnaught|Spiky Shield|p1a: Chesnaught\n|-singleturn|p1a: Chesnaught|move: Protect\n|move|p2a: Golurk|Dynamic Punch|p1b: Tornadus\n|-resisted|p1b: Tornadus\n|-damage|p1b: Tornadus|178/248\n|-start|p1b: Tornadus|confusion\n|-damage|p2a: Golurk|264/293|[from] item: Life Orb\n|move|p2b: Magnezone|Volt Switch|p1a: Chesnaught\n|-activate|p1a: Chesnaught|move: Protect\n|\n|upkeep\n|turn|6\n|\n|t:|1771269916\n|move|p2a: Golurk|Poltergeist|p1a: Chesnaught\n|-activate|p1a: Chesnaught|move: Poltergeist|Sitrus Berry\n|-damage|p1a: Chesnaught|136/292\n|-enditem|p1a: Chesnaught|Sitrus Berry|[eat]\n|-heal|p1a: Chesnaught|209/292|[from] item: Sitrus Berry\n|-damage|p2a: Golurk|235/293|[from] item: Life Orb\n|move|p2b: Magnezone|Volt Switch|p1b: Tornadus\n|-supereffective|p1b: Tornadus\n|-damage|p1b: Tornadus|0 fnt\n|faint|p1b: Tornadus\n|inactive|kaysou has 120 seconds left.\n|\n|t:|1771269926\n|switch|p2b: Flareon|Flareon, L90, F|263/263|[from] Volt Switch\n|move|p1a: Chesnaught|Knock Off|p2a: Golurk\n|-supereffective|p2a: Golurk\n|-damage|p2a: Golurk|79/293\n|-enditem|p2a: Golurk|Life Orb|[from] move: Knock Off|[of] p1a: Chesnaught\n|\n|-fieldend|move: Trick Room\n|-status|p2b: Flareon|tox|[from] item: Toxic Orb\n|upkeep\n|\n|t:|1771269932\n|switch|p1b: Gliscor|Gliscor, L81, M, tera:Normal|148/254 tox\n|turn|7\n|\n|t:|1771269946\n|move|p1a: Chesnaught|Spiky Shield|p1a: Chesnaught\n|-singleturn|p1a: Chesnaught|move: Protect\n|move|p2a: Golurk|Protect|p2a: Golurk\n|-singleturn|p2a: Golurk|Protect\n|move|p1b: Gliscor|Earthquake|p2a: Golurk|[spread] p2b\n|-activate|p1a: Chesnaught|move: Protect\n|-activate|p2a: Golurk|move: Protect\n|-supereffective|p2b: Flareon\n|-damage|p2b: Flareon|75/263 tox\n|move|p2b: Flareon|Facade|p1b: Gliscor\n|-damage|p1b: Gliscor|0 fnt\n|faint|p1b: Gliscor\n|\n|-damage|p2b: Flareon|59/263 tox|[from] psn\n|upkeep\n|inactive|baseballlover has 60 seconds left.\n|\n|t:|1771269983\n|switch|p1b: Houndstone|Houndstone, L73, F|226/226\n|turn|8\n|\n|t:|1771269994\n|move|p1b: Houndstone|Last Respects|p2b: Flareon\n|-damage|p2b: Flareon|0 fnt\n|faint|p2b: Flareon\n|move|p1a: Chesnaught|Wood Hammer|p2a: Golurk\n|-supereffective|p2a: Golurk\n|-damage|p2a: Golurk|0 fnt\n|faint|p2a: Golurk\n|-damage|p1a: Chesnaught|183/292|[from] Recoil\n|\n|upkeep\n|\n|t:|1771270001\n|switch|p2b: Magnezone|Magnezone, L84, tera:Flying|255/255\n|turn|9\n|inactive|baseballlover has 60 seconds left.\n|inactive|baseballlover has 30 seconds left.\n|\n|t:|1771270058\n|move|p1b: Houndstone|Last Respects|p2b: Magnezone\n|-damage|p2b: Magnezone|125/255\n|move|p1a: Chesnaught|Knock Off|p2b: Magnezone\n|-damage|p2b: Magnezone|62/255\n|-enditem|p2b: Magnezone|Assault Vest|[from] move: Knock Off|[of] p1a: Chesnaught\n|move|p2b: Magnezone|Thunderbolt|p1b: Houndstone\n|-damage|p1b: Houndstone|102/226\n|\n|upkeep\n|turn|10\n|\n|t:|1771270080\n|move|p1b: Houndstone|Last Respects|p2b: Magnezone\n|-damage|p2b: Magnezone|0 fnt\n|faint|p2b: Magnezone\n|\n|win|baseballlover\n|raw|baseballlover's rating: 1673 &rarr; <strong>1689</strong><br />(+16 for winning)\n|raw|kaysou's rating: 1604 &rarr; <strong>1588</strong><br />(-16 for losing)\n", "inputlog": ">version 686819e5e19f8a7fd2345cfc5a08a5085efa2cc3\n>start {\"formatid\":\"gen9randomdoublesbattle\",\"seed\":\"sodium,4168d85a2ed09c1f93f7a5fd576df72f\",\"rated\":\"Rated battle\"}\n>player p1 {\"name\":\"baseballlover\",\"avatar\":\"265\",\"rating\":1673,\"seed\":\"sodium,330f09c13feff0e65abe6794b08cf1f4\"}\n>player p2 {\"name\":\"kaysou\",\"avatar\":\"1\",\"rating\":1604,\"seed\":\"sodium,76f6875895e6bdc39991ea7137e4b27f\"}\n>p1 move scald +1, move swordsdance\n>p2 move shellsidearm +1, switch 5\n>p1 move scald +1, move facade +2 terastallize\n>p2 move trickroom, move knockoff +1\n>p2 pass, switch 3\n>p1 move scald +1, move facade +2\n>p2 move psychic +2, move secretsword +2\n>p2 switch 4, switch 5\n>p1 move scald +1, move protect\n>p2 move dynamicpunch +2, move thunderbolt +1\n>p1 switch 4, pass\n>p1 move spikyshield, switch 5\n>p2 move dynamicpunch +2, move voltswitch +1 terastallize\n>p1 move knockoff +1, move bleakwindstorm\n>p2 move poltergeist +1, move voltswitch +2\n>p2 pass, switch 6\n>p1 pass, switch 5\n>p1 move spikyshield, move earthquake\n>p2 move protect, move facade +2\n>p1 pass, switch 3\n>p1 move woodhammer +1, move lastrespects +2\n>p2 move poltergeist +2, move flareblitz +2\n>p2 pass, switch 6\n>p1 move knockoff +2, move lastrespects +2\n>p2 pass, move thunderbolt +2\n>p1 move knockoff +2, move lastrespects +2\n>p2 pass, move thunderbolt +2", "uploadtime": 1771270080, "views": 0, "formatid": "gen9randomdoublesbattle", "rating": 1588, "private": 0, "password": null}