{"id": "gen9randomdoublesbattle-2537114902", "format": "[Gen 9] Random Doubles Battle", "players": ["jturner56", "caoscontrol"], "log": "|j|☆jturner56\n|j|☆caoscontrol\n|t:|1770767578\n|gametype|doubles\n|player|p1|jturner56|1|1545\n|player|p2|caoscontrol|169|1611\n|gen|9\n|tier|[Gen 9] Random Doubles Battle\n|rated|\n|rule|Species Clause: Limit one of each Pokémon\n|rule|HP Percentage Mod: HP is shown in percentages\n|rule|Illusion Level Mod: Illusion disguises the Pokémon's true level\n|rule|Sleep Clause Mod: Limit one foe put to sleep\n|\n|t:|1770767578\n|teamsize|p1|6\n|teamsize|p2|6\n|start\n|switch|p1a: Dedenne|Dedenne, L85, F|253/253\n|switch|p1b: Haxorus|Haxorus, L84, M|265/265\n|switch|p2a: Munkidori|Munkidori, L80, M|272/272\n|switch|p2b: Cacturne|Cacturne, L91, F|275/275\n|-ability|p1b: Haxorus|Unnerve\n|turn|1\n|inactive|Battle timer is ON: inactive players will automatically lose when time's up. (requested by caoscontrol)\n|inactive|jturner56 has 120 seconds left.\n|\n|t:|1770767639\n|switch|p1a: Clodsire|Clodsire, L87, F|368/368\n|move|p2a: Munkidori|Fake Out|p1a: Clodsire\n|-damage|p1a: Clodsire|342/368\n|move|p1b: Haxorus|Iron Head|p2b: Cacturne\n|-damage|p2b: Cacturne|159/275\n|-damage|p1b: Haxorus|239/265|[from] item: Life Orb\n|move|p2b: Cacturne|Knock Off|p1b: Haxorus\n|-damage|p1b: Haxorus|54/265\n|-enditem|p1b: Haxorus|Life Orb|[from] move: Knock Off|[of] p2b: Cacturne\n|-damage|p2b: Cacturne|132/275|[from] item: Life Orb\n|\n|-heal|p1a: Clodsire|365/368|[from] item: Leftovers\n|upkeep\n|turn|2\n|\n|t:|1770767662\n|move|p1b: Haxorus|Protect|p1b: Haxorus\n|-singleturn|p1b: Haxorus|Protect\n|move|p2a: Munkidori|Psychic|p1b: Haxorus\n|-activate|p1b: Haxorus|move: Protect\n|move|p2b: Cacturne|Knock Off|p1a: Clodsire\n|-damage|p1a: Clodsire|143/368\n|-enditem|p1a: Clodsire|Leftovers|[from] move: Knock Off|[of] p2b: Cacturne\n|-damage|p2b: Cacturne|105/275|[from] item: Life Orb\n|move|p1a: Clodsire|Gunk Shot|p2b: Cacturne\n|-supereffective|p2b: Cacturne\n|-damage|p2b: Cacturne|0 fnt\n|faint|p2b: Cacturne\n|\n|upkeep\n|inactive|caoscontrol has 120 seconds left.\n|\n|t:|1770767694\n|switch|p2b: Glalie|Glalie, L94, F|303/303\n|turn|3\n|inactive|caoscontrol has 120 seconds left.\n|\n|t:|1770767712\n|switch|p1a: Hariyama|Hariyama, L85, M|384/384\n|move|p2a: Munkidori|Sludge Bomb|p1b: Haxorus\n|-damage|p1b: Haxorus|0 fnt\n|faint|p1b: Haxorus\n|move|p2b: Glalie|Freeze-Dry|p1a: Hariyama\n|-damage|p1a: Hariyama|288/384\n|\n|-status|p1a: Hariyama|brn|[from] item: Flame Orb\n|upkeep\n|\n|t:|1770767729\n|switch|p1b: Espathra|Espathra, L83, M|293/293\n|turn|4\n|\n|t:|1770767748\n|switch|p2a: Salamence|Salamence, L80, F|283/283\n|-ability|p2a: Salamence|Intimidate|boost\n|-unboost|p1a: Hariyama|atk|1\n|-unboost|p1b: Espathra|atk|1\n|move|p1a: Hariyama|Fake Out|p2a: Salamence\n|-damage|p2a: Salamence|247/283\n|move|p1b: Espathra|Lumina Crash|p2a: Salamence\n|-damage|p2a: Salamence|114/283\n|-unboost|p2a: Salamence|spd|2\n|-damage|p1b: Espathra|264/293|[from] item: Life Orb\n|move|p2b: Glalie|Icy Wind|p1a: Hariyama|[spread] p1a,p1b\n|-damage|p1a: Hariyama|227/384 brn\n|-damage|p1b: Espathra|201/293\n|-unboost|p1a: Hariyama|spe|1\n|-unboost|p1b: Espathra|spe|1\n|\n|-damage|p1a: Hariyama|203/384 brn|[from] brn\n|-ability|p1b: Espathra|Speed Boost|boost\n|-boost|p1b: Espathra|spe|1\n|upkeep\n|turn|5\n|\n|t:|1770767773\n|move|p2a: Salamence|Protect|p2a: Salamence\n|-singleturn|p2a: Salamence|Protect\n|move|p1b: Espathra|Dazzling Gleam|p2a: Salamence|[spread] p2b\n|-activate|p2a: Salamence|move: Protect\n|-damage|p2b: Glalie|250/303\n|-damage|p1b: Espathra|172/293|[from] item: Life Orb\n|move|p2b: Glalie|Foul Play|p1b: Espathra\n|-supereffective|p1b: Espathra\n|-damage|p1b: Espathra|106/293\n|move|p1a: Hariyama|Close Combat|p2b: Glalie\n|-supereffective|p2b: Glalie\n|-damage|p2b: Glalie|0 fnt\n|-unboost|p1a: Hariyama|def|1\n|-unboost|p1a: Hariyama|spd|1\n|faint|p2b: Glalie\n|\n|-damage|p1a: Hariyama|179/384 brn|[from] brn\n|-ability|p1b: Espathra|Speed Boost|boost\n|-boost|p1b: Espathra|spe|1\n|upkeep\n|inactive|caoscontrol has 120 seconds left.\n|\n|t:|1770767789\n|switch|p2b: Entei|Entei, L77|304/304\n|turn|6\n|inactive|jturner56 has 120 seconds left.\n|\n|t:|1770767819\n|switch|p1a: Clodsire|Clodsire, L87, F|143/368\n|-terastallize|p2b: Entei|Normal\n|move|p2b: Entei|Extreme Speed|p1b: Espathra\n|-damage|p1b: Espathra|0 fnt\n|faint|p1b: Espathra\n|move|p2a: Salamence|Dual Wingbeat|p1a: Clodsire\n|-damage|p1a: Clodsire|65/368\n|-damage|p1a: Clodsire|0 fnt\n|faint|p1a: Clodsire\n|-hitcount|p1: Clodsire|2\n|-damage|p2a: Salamence|86/283|[from] item: Life Orb\n|\n|upkeep\n|inactive|jturner56 has 120 seconds left.\n|\n|t:|1770767850\n|switch|p1b: Hariyama|Hariyama, L85, M|179/384 brn\n|switch|p1a: Dedenne|Dedenne, L85, F|253/253\n|turn|7\n|\n|t:|1770767864\n|switch|p2a: Munkidori|Munkidori, L80, M|272/272\n|move|p2b: Entei|Extreme Speed|p1a: Dedenne\n|-damage|p1a: Dedenne|90/253\n|-enditem|p1a: Dedenne|Sitrus Berry|[eat]\n|-heal|p1a: Dedenne|153/253|[from] item: Sitrus Berry\n|-heal|p1a: Dedenne|237/253|[from] ability: Cheek Pouch\n|move|p1a: Dedenne|Dazzling Gleam|p2b: Entei|[spread] p2a,p2b\n|-resisted|p2a: Munkidori\n|-damage|p2a: Munkidori|254/272\n|-damage|p2b: Entei|232/304\n|move|p1b: Hariyama|Close Combat|p2b: Entei\n|-supereffective|p2b: Entei\n|-damage|p2b: Entei|0 fnt\n|-unboost|p1b: Hariyama|def|1\n|-unboost|p1b: Hariyama|spd|1\n|faint|p2b: Entei\n|\n|-damage|p1b: Hariyama|155/384 brn|[from] brn\n|upkeep\n|\n|t:|1770767877\n|switch|p2b: Salamence|Salamence, L80, F|86/283\n|-ability|p2b: Salamence|Intimidate|boost\n|-unboost|p1a: Dedenne|atk|1\n|-unboost|p1b: Hariyama|atk|1\n|turn|8\n|\n|t:|1770767893\n|switch|p1b: Hitmonchan|Hitmonchan, L90, M|236/236\n|-terastallize|p1a: Dedenne|Flying\n|move|p2a: Munkidori|Fake Out|p1a: Dedenne\n|-damage|p1a: Dedenne|208/253\n|-status|p1a: Dedenne|tox|[from] ability: Toxic Chain|[of] p2a: Munkidori\n|cant|p1a: Dedenne|flinch\n|move|p2b: Salamence|Dual Wingbeat|p1b: Hitmonchan\n|-supereffective|p1b: Hitmonchan\n|-damage|p1b: Hitmonchan|101/236\n|-enditem|p1b: Hitmonchan|Sitrus Berry|[eat]\n|-heal|p1b: Hitmonchan|160/236|[from] item: Sitrus Berry\n|-supereffective|p1b: Hitmonchan\n|-damage|p1b: Hitmonchan|27/236\n|-hitcount|p1b: Hitmonchan|2\n|-damage|p2b: Salamence|58/283|[from] item: Life Orb\n|\n|-damage|p1a: Dedenne|193/253 tox|[from] psn\n|upkeep\n|turn|9\n|inactive|caoscontrol has 120 seconds left.\n|\n|t:|1770767924\n|switch|p2b: Ogerpon|Ogerpon-Cornerstone, L75, F|244/244\n|move|p1b: Hitmonchan|Fake Out|p2b: Ogerpon\n|-resisted|p2b: Ogerpon\n|-damage|p2b: Ogerpon|225/244\n|move|p1a: Dedenne|Nuzzle|p2a: Munkidori\n|-damage|p2a: Munkidori|239/272\n|-status|p2a: Munkidori|par\n|move|p2a: Munkidori|Psychic|p1a: Dedenne\n|-damage|p1a: Dedenne|52/253 tox\n|\n|-damage|p1a: Dedenne|22/253 tox|[from] psn\n|upkeep\n|turn|10\n|\n|t:|1770767949\n|move|p2b: Ogerpon|Spiky Shield|p2b: Ogerpon\n|-singleturn|p2b: Ogerpon|move: Protect\n|move|p1a: Dedenne|Thunderbolt|p2a: Munkidori\n|-damage|p2a: Munkidori|181/272 par\n|move|p1b: Hitmonchan|Knock Off|p2a: Munkidori\n|-supereffective|p2a: Munkidori\n|-damage|p2a: Munkidori|0 fnt\n|-enditem|p2a: Munkidori|Assault Vest|[from] move: Knock Off|[of] p1b: Hitmonchan\n|faint|p2a: Munkidori\n|\n|-damage|p1a: Dedenne|0 fnt|[from] psn\n|faint|p1a: Dedenne\n|upkeep\n|\n|t:|1770767960\n|switch|p1a: Hariyama|Hariyama, L85, M|155/384 brn\n|switch|p2a: Salamence|Salamence, L80, F|58/283\n|-ability|p2a: Salamence|Intimidate|boost\n|-unboost|p1a: Hariyama|atk|1\n|-fail|p1b: Hitmonchan|unboost|Attack|[from] ability: Inner Focus|[of] p1b: Hitmonchan\n|turn|11\n|\n|t:|1770767975\n|move|p1a: Hariyama|Fake Out|p2a: Salamence\n|-damage|p2a: Salamence|21/283\n|move|p2b: Ogerpon|Horn Leech|p1a: Hariyama\n|-damage|p1a: Hariyama|35/384 brn\n|-heal|p2b: Ogerpon|244/244|[from] drain|[of] p1a: Hariyama\n|cant|p2a: Salamence|flinch\n|move|p1b: Hitmonchan|Close Combat|p2b: Ogerpon\n|-supereffective|p2b: Ogerpon\n|-ability|p2b: Ogerpon|Sturdy\n|-damage|p2b: Ogerpon|1/244\n|-unboost|p1b: Hitmonchan|def|1\n|-unboost|p1b: Hitmonchan|spd|1\n|\n|-damage|p1a: Hariyama|11/384 brn|[from] brn\n|upkeep\n|turn|12\n|\n|t:|1770768002\n|move|p2b: Ogerpon|Spiky Shield|p2b: Ogerpon\n|-singleturn|p2b: Ogerpon|move: Protect\n|move|p2a: Salamence|Protect|p2a: Salamence\n|-singleturn|p2a: Salamence|Protect\n|move|p1b: Hitmonchan|Knock Off|p2b: Ogerpon\n|-activate|p2b: Ogerpon|move: Protect\n|-damage|p1b: Hitmonchan|0 fnt|[from] Spiky Shield|[of] p2b: Ogerpon\n|faint|p1b: Hitmonchan\n|move|p1a: Hariyama|Facade|p2a: Salamence\n|-activate|p2a: Salamence|move: Protect\n|\n|-damage|p1a: Hariyama|0 fnt|[from] brn\n|faint|p1a: Hariyama\n|\n|win|caoscontrol\n|raw|jturner56's rating: 1545 &rarr; <strong>1529</strong><br />(-16 for losing)\n|raw|caoscontrol's rating: 1611 &rarr; <strong>1627</strong><br />(+16 for winning)\n", "inputlog": ">version ccdc32dd7cde25fd9e4bed64820e885f66e78a4e\n>start {\"formatid\":\"gen9randomdoublesbattle\",\"seed\":\"sodium,519d4b7f4a8db6199adeef34d44277f8\",\"rated\":\"Rated battle\"}\n>player p1 {\"name\":\"jturner56\",\"avatar\":\"1\",\"rating\":1545,\"seed\":\"sodium,819e45ba8bfdb1c0b263bac50ed8aebf\"}\n>player p2 {\"name\":\"caoscontrol\",\"avatar\":\"169\",\"rating\":1611,\"seed\":\"sodium,c9417d69fdde8b272f86b44e75324137\"}\n>p1 switch 3, move ironhead +2\n>p2 move fakeout +1, move knockoff +2\n>p1 move gunkshot +2, move protect\n>p2 move psychic +2, move knockoff +1\n>p2 pass, switch 4\n>p1 switch 6, move closecombat +2\n>p2 move sludgebomb +2, move freezedry +1\n>p1 pass, switch 4\n>p1 move fakeout +1, move luminacrash +1\n>p2 switch 6, move icywind\n>p1 move closecombat +2, move dazzlinggleam\n>p2 move protect, move foulplay +2\n>p2 pass, switch 5\n>p1 switch 6, move luminacrash +2\n>p2 move dualwingbeat +1, move extremespeed +2 terastallize\n>p1 switch 3, switch 6\n>p1 move dazzlinggleam, move closecombat +2\n>p2 switch 6, move extremespeed +1\n>p2 pass, switch 6\n>p1 move nuzzle +1 terastallize, switch 5\n>p2 move fakeout +1, move dualwingbeat +2\n>p1 move nuzzle +1, move fakeout +2\n>p2 move psychic +1, switch 3\n>p1 move thunderbolt +1, move knockoff +1\n>p2 move psychic +2, move spikyshield\n>p1 switch 5, pass\n>p2 switch 3, pass\n>p1 move fakeout +1, move closecombat +2\n>p2 move dualwingbeat +1, move hornleech +1\n>p1 move facade +1, move knockoff +2\n>p2 move protect, move spikyshield", "uploadtime": 1770768015, "views": 76, "formatid": "gen9randomdoublesbattle", "rating": 1529, "private": 0, "password": null}