{"id": "gen9randomdoublesbattle-2537287982", "format": "[Gen 9] Random Doubles Battle", "players": ["baseballlover", "Boogeyman35"], "log": "|j|☆baseballlover\n|j|☆Boogeyman35\n|t:|1770791311\n|gametype|doubles\n|player|p1|baseballlover|266|1596\n|player|p2|Boogeyman35|lance|1573\n|gen|9\n|tier|[Gen 9] Random Doubles Battle\n|rated|\n|rule|Species Clause: Limit one of each Pokémon\n|rule|HP Percentage Mod: HP is shown in percentages\n|rule|Illusion Level Mod: Illusion disguises the Pokémon's true level\n|rule|Sleep Clause Mod: Limit one foe put to sleep\n|\n|t:|1770791311\n|teamsize|p1|6\n|teamsize|p2|6\n|start\n|switch|p1a: Rabsca|Rabsca, L87, M|272/272\n|switch|p1b: Tauros|Tauros-Paldea-Aqua, L80, M|251/251\n|switch|p2a: Kyurem|Kyurem-Black, L75|311/311\n|switch|p2b: Illumise|Illumise, L83, F|244/244\n|-ability|p1b: Tauros|Intimidate|boost\n|-fail|p2a: Kyurem|unboost|[from] item: Clear Amulet|[of] p2a: Kyurem\n|-unboost|p2b: Illumise|atk|1\n|-ability|p2a: Kyurem|Teravolt\n|turn|1\n|inactive|Battle timer is ON: inactive players will automatically lose when time's up. (requested by baseballlover)\n|\n|t:|1770791333\n|switch|p1a: Terrakion|Terrakion, L78|270/270\n|move|p2b: Illumise|Thunder Wave|p1a: Terrakion\n|-status|p1a: Terrakion|par\n|move|p1b: Tauros|Close Combat|p2a: Kyurem\n|-supereffective|p2a: Kyurem\n|-damage|p2a: Kyurem|0 fnt\n|-unboost|p1b: Tauros|def|1\n|-unboost|p1b: Tauros|spd|1\n|faint|p2a: Kyurem\n|\n|upkeep\n|\n|t:|1770791351\n|switch|p2a: Lanturn|Lanturn, L87, F|359/359\n|turn|2\n|inactive|baseballlover has 120 seconds left.\n|\n|t:|1770791396\n|switch|p1b: Rabsca|Rabsca, L87, M|272/272\n|move|p2b: Illumise|Thunder Wave|p1b: Rabsca\n|-status|p1b: Rabsca|par\n|-activate|p1b: Rabsca|ability: Synchronize\n|-status|p2b: Illumise|par\n|move|p2a: Lanturn|Electroweb|p1b: Rabsca|[spread] p1a,p1b\n|-damage|p1a: Terrakion|225/270 par\n|-damage|p1b: Rabsca|239/272 par\n|-unboost|p1a: Terrakion|spe|1\n|-unboost|p1b: Rabsca|spe|1\n|move|p1a: Terrakion|Stone Edge|p2b: Illumise\n|-supereffective|p2b: Illumise\n|-damage|p2b: Illumise|0 fnt\n|faint|p2b: Illumise\n|\n|upkeep\n|\n|t:|1770791413\n|switch|p2b: Bronzong|Bronzong, L87|258/258\n|turn|3\n|inactive|baseballlover has 120 seconds left.\n|\n|t:|1770791440\n|move|p2a: Lanturn|Scald|p1b: Rabsca\n|-damage|p1b: Rabsca|172/272 par\n|move|p1a: Terrakion|Stone Edge|p2a: Lanturn\n|-damage|p2a: Lanturn|125/359\n|move|p2b: Bronzong|Body Press|p1a: Terrakion\n|-supereffective|p1a: Terrakion\n|-damage|p1a: Terrakion|75/270 par\n|move|p1b: Rabsca|Trick Room|p1b: Rabsca\n|-fieldstart|move: Trick Room|[of] p1b: Rabsca\n|\n|upkeep\n|turn|4\n|inactive|baseballlover has 120 seconds left.\n|inactive|baseballlover has 90 seconds left.\n|\n|t:|1770791495\n|move|p1b: Rabsca|Struggle Bug|p2a: Lanturn|[spread] p2a,p2b\n|-damage|p2a: Lanturn|94/359\n|-damage|p2b: Bronzong|219/258\n|-unboost|p2a: Lanturn|spa|1\n|-unboost|p2b: Bronzong|spa|1\n|move|p2b: Bronzong|Body Press|p1a: Terrakion\n|-supereffective|p1a: Terrakion\n|-damage|p1a: Terrakion|0 fnt\n|faint|p1a: Terrakion\n|move|p2a: Lanturn|Ice Beam|p1b: Rabsca\n|-crit|p1b: Rabsca\n|-damage|p1b: Rabsca|96/272 par\n|-enditem|p1b: Rabsca|Sitrus Berry|[eat]\n|-heal|p1b: Rabsca|164/272 par|[from] item: Sitrus Berry\n|\n|-heal|p2b: Bronzong|235/258|[from] item: Leftovers\n|upkeep\n|\n|t:|1770791516\n|switch|p1a: Dewgong|Dewgong, L91, M|312/312\n|turn|5\n|\n|t:|1770791527\n|move|p1b: Rabsca|Struggle Bug|p2b: Bronzong|[spread] p2a,p2b\n|-damage|p2a: Lanturn|61/359\n|-damage|p2b: Bronzong|193/258\n|-unboost|p2a: Lanturn|spa|1\n|-unboost|p2b: Bronzong|spa|1\n|move|p2b: Bronzong|Body Press|p1a: Dewgong\n|-supereffective|p1a: Dewgong\n|-damage|p1a: Dewgong|174/312\n|move|p2a: Lanturn|Volt Switch|p1a: Dewgong\n|-supereffective|p1a: Dewgong\n|-damage|p1a: Dewgong|112/312\n|-enditem|p1a: Dewgong|Sitrus Berry|[eat]\n|-heal|p1a: Dewgong|190/312|[from] item: Sitrus Berry\n|\n|t:|1770791540\n|switch|p2a: Ambipom|Ambipom, L87, F|272/272|[from] Volt Switch\n|move|p1a: Dewgong|Hydro Pump|p2b: Bronzong\n|-damage|p2b: Bronzong|111/258\n|\n|-heal|p2b: Bronzong|127/258|[from] item: Leftovers\n|upkeep\n|turn|6\n|inactive|baseballlover has 120 seconds left.\n|inactive|baseballlover has 90 seconds left.\n|inactive|baseballlover has 60 seconds left.\n|\n|t:|1770791614\n|move|p2a: Ambipom|Fake Out|p1b: Rabsca\n|-damage|p1b: Rabsca|82/272 par\n|cant|p1b: Rabsca|flinch\n|move|p2b: Bronzong|Body Press|p1a: Dewgong\n|-supereffective|p1a: Dewgong\n|-damage|p1a: Dewgong|62/312\n|move|p1a: Dewgong|Hydro Pump|p2b: Bronzong\n|-damage|p2b: Bronzong|39/258\n|\n|-heal|p2b: Bronzong|55/258|[from] item: Leftovers\n|upkeep\n|turn|7\n|\n|t:|1770791631\n|move|p2a: Ambipom|Protect|p2a: Ambipom\n|-singleturn|p2a: Ambipom|Protect\n|cant|p1b: Rabsca|par\n|move|p2b: Bronzong|Body Press|p1a: Dewgong\n|-supereffective|p1a: Dewgong\n|-damage|p1a: Dewgong|0 fnt\n|faint|p1a: Dewgong\n|\n|-heal|p2b: Bronzong|71/258|[from] item: Leftovers\n|-fieldend|move: Trick Room\n|upkeep\n|\n|t:|1770791651\n|switch|p1a: Tauros|Tauros-Paldea-Aqua, L80, M|251/251\n|-ability|p1a: Tauros|Intimidate|boost\n|-unboost|p2a: Ambipom|atk|1\n|-unboost|p2b: Bronzong|atk|1\n|turn|8\n|\n|t:|1770791661\n|move|p2a: Ambipom|Double-Edge|p1b: Rabsca\n|-damage|p1b: Rabsca|0 fnt\n|faint|p1b: Rabsca\n|-damage|p2a: Ambipom|245/272|[from] Recoil\n|move|p1a: Tauros|Wave Crash|p2b: Bronzong\n|-damage|p2b: Bronzong|0 fnt\n|faint|p2b: Bronzong\n|-damage|p1a: Tauros|228/251|[from] Recoil\n|\n|upkeep\n|inactive|baseballlover has 60 seconds left.\n|\n|t:|1770791694\n|switch|p1b: Lunala|Lunala, L71|312/312\n|switch|p2b: Lanturn|Lanturn, L87, F|61/359\n|turn|9\n|\n|t:|1770791704\n|move|p2a: Ambipom|Knock Off|p1b: Lunala\n|-supereffective|p1b: Lunala\n|-damage|p1b: Lunala|204/312\n|-enditem|p1b: Lunala|Power Herb|[from] move: Knock Off|[of] p2a: Ambipom\n|move|p1a: Tauros|Wave Crash|p2a: Ambipom\n|-damage|p2a: Ambipom|14/272\n|-damage|p1a: Tauros|152/251|[from] Recoil\n|move|p1b: Lunala|Meteor Beam||[still]\n|-prepare|p1b: Lunala|Meteor Beam\n|-boost|p1b: Lunala|spa|1\n|move|p2b: Lanturn|Electroweb|p1a: Tauros|[spread] p1a,p1b\n|-supereffective|p1a: Tauros\n|-damage|p1a: Tauros|48/251\n|-damage|p1b: Lunala|168/312\n|-unboost|p1a: Tauros|spe|1\n|-unboost|p1b: Lunala|spe|1\n|\n|upkeep\n|turn|10\n|inactive|baseballlover has 90 seconds left.\n|inactive|Boogeyman35 has 120 seconds left.\n|\n|t:|1770791749\n|move|p2a: Ambipom|Knock Off|p1a: Tauros\n|-resisted|p1a: Tauros\n|-damage|p1a: Tauros|23/251\n|-enditem|p1a: Tauros|Choice Band|[from] move: Knock Off|[of] p2a: Ambipom\n|move|p2b: Lanturn|Electroweb|p1a: Tauros|[spread] p1a,p1b\n|-supereffective|p1a: Tauros\n|-damage|p1a: Tauros|0 fnt\n|-damage|p1b: Lunala|126/312\n|-unboost|p1b: Lunala|spe|1\n|faint|p1a: Tauros\n|move|p1b: Lunala|Meteor Beam|p2b: Lanturn|[from] lockedmove\n|-damage|p2b: Lanturn|0 fnt\n|faint|p2b: Lanturn\n|\n|upkeep\n|\n|t:|1770791760\n|switch|p1a: Ribombee|Ribombee, L86, M|243/243\n|switch|p2b: Moltres|Moltres-Galar, L74|255/255\n|turn|11\n|inactive|Boogeyman35 has 120 seconds left.\n|\n|t:|1770791778\n|move|p1a: Ribombee|Moonblast|p2a: Ambipom\n|-damage|p2a: Ambipom|0 fnt\n|faint|p2a: Ambipom\n|-damage|p1a: Ribombee|219/243|[from] item: Life Orb\n|move|p2b: Moltres|Hurricane|p1a: Ribombee|[miss]\n|-miss|p2b: Moltres|p1a: Ribombee\n|move|p1b: Lunala|Moonblast|p2b: Moltres\n|-supereffective|p2b: Moltres\n|-damage|p2b: Moltres|103/255\n|-ability|p2b: Moltres|Berserk|boost\n|-boost|p2b: Moltres|spa|1\n|-enditem|p2b: Moltres|Sitrus Berry|[eat]\n|-heal|p2b: Moltres|166/255|[from] item: Sitrus Berry\n|\n|upkeep\n|turn|12\n|inactive|baseballlover has 90 seconds left.\n|\n|t:|1770791794\n|move|p1a: Ribombee|Moonblast|p2b: Moltres\n|-supereffective|p2b: Moltres\n|-damage|p2b: Moltres|0 fnt\n|faint|p2b: Moltres\n|-damage|p1a: Ribombee|195/243|[from] item: Life Orb\n|\n|win|baseballlover\n|raw|baseballlover's rating: 1596 &rarr; <strong>1615</strong><br />(+19 for winning)\n|raw|Boogeyman35's rating: 1573 &rarr; <strong>1554</strong><br />(-19 for losing)\n", "inputlog": ">version ccdc32dd7cde25fd9e4bed64820e885f66e78a4e\n>start {\"formatid\":\"gen9randomdoublesbattle\",\"seed\":\"sodium,08916c27837a2d407faf1765ac7d2852\",\"rated\":\"Rated battle\"}\n>player p1 {\"name\":\"baseballlover\",\"avatar\":\"266\",\"rating\":1596,\"seed\":\"sodium,a54a521f33d356756c0fdbe4f86aa093\"}\n>player p2 {\"name\":\"Boogeyman35\",\"avatar\":\"lance\",\"rating\":1573,\"seed\":\"sodium,f53ceda9b9ebdda39ffe615a02a6fc4d\"}\n>p1 switch 3, move closecombat +1\n>p2 move fusionbolt +2, move thunderwave +1\n>p2 switch 5, pass\n>p1 move stoneedge +2, switch 3\n>p2 move electroweb, move thunderwave +2\n>p2 pass, switch 4\n>p1 move stoneedge +1, move trickroom\n>p2 move scald +2, move bodypress +1\n>p1 move stoneedge +1, move strugglebug\n>p2 move icebeam +2, move bodypress +1\n>p1 switch 6, pass\n>p1 move hydropump +2, move strugglebug\n>p2 move voltswitch +1, move bodypress +1\n>p2 switch 6, pass\n>p1 move hydropump +2, move revivalblessing\n>p2 move fakeout +2, move bodypress +1\n>p1 move hydropump +2, move revivalblessing\n>p2 move protect, move bodypress +1\n>p1 switch 3, pass\n>p1 move wavecrash +2, move revivalblessing\n>p2 move doubleedge +2, move psychicnoise +1\n>p1 pass, switch 4\n>p2 pass, switch 6\n>p1 move wavecrash +1, move meteorbeam +2\n>p2 move knockoff +2, move electroweb\n>p1 move wavecrash +1, move meteorbeam +2\n>p2 move knockoff +1, move electroweb\n>p1 switch 5, pass\n>p2 pass, switch 3\n>p1 move moonblast +1, move moonblast +2\n>p2 move knockoff +2, move hurricane +1\n>p1 move moonblast +2, move moonblast +2\n>p2 pass, move fierywrath", "uploadtime": 1770791795, "views": 66, "formatid": "gen9randomdoublesbattle", "rating": 1554, "private": 0, "password": null}