{"id": "gen9randomdoublesbattle-2539859628", "format": "[Gen 9] Random Doubles Battle", "players": ["baseballlover", "Chanque8"], "log": "|j|☆baseballlover\n|j|☆Chanque8\n|t:|1771118671\n|gametype|doubles\n|player|p1|baseballlover|2|1541\n|player|p2|Chanque8|brawly|1589\n|gen|9\n|tier|[Gen 9] Random Doubles Battle\n|rated|\n|rule|Species Clause: Limit one of each Pokémon\n|rule|HP Percentage Mod: HP is shown in percentages\n|rule|Illusion Level Mod: Illusion disguises the Pokémon's true level\n|rule|Sleep Clause Mod: Limit one foe put to sleep\n|\n|t:|1771118671\n|teamsize|p1|6\n|teamsize|p2|6\n|start\n|switch|p1a: Samurott|Samurott, L89, F|314/314\n|switch|p1b: Iron Moth|Iron Moth, L78|253/253\n|switch|p2a: Articuno|Articuno, L82|282/282\n|switch|p2b: Ogerpon|Ogerpon-Hearthflame, L74, F|240/240\n|-ability|p2b: Ogerpon|Mold Breaker\n|-ability|p2a: Articuno|Pressure\n|turn|1\n|inactive|Battle timer is ON: inactive players will automatically lose when time's up. (requested by baseballlover)\n|inactive|Chanque8 has 120 seconds left.\n|\n|t:|1771118720\n|move|p2b: Ogerpon|Spiky Shield|p2b: Ogerpon\n|-singleturn|p2b: Ogerpon|move: Protect\n|move|p1b: Iron Moth|Fiery Dance|p2a: Articuno\n|-supereffective|p2a: Articuno\n|-damage|p2a: Articuno|61/282\n|-enditem|p2a: Articuno|Sitrus Berry|[eat]\n|-heal|p2a: Articuno|131/282|[from] item: Sitrus Berry\n|-damage|p1b: Iron Moth|228/253|[from] item: Life Orb\n|move|p2a: Articuno|Freeze-Dry|p1a: Samurott\n|-supereffective|p1a: Samurott\n|-damage|p1a: Samurott|216/314\n|move|p1a: Samurott|Megahorn|p2b: Ogerpon\n|-activate|p2b: Ogerpon|move: Protect\n|-damage|p1a: Samurott|177/314|[from] Spiky Shield|[of] p2b: Ogerpon\n|\n|upkeep\n|turn|2\n|inactive|baseballlover has 120 seconds left.\n|inactive|Chanque8 has 120 seconds left.\n|\n|t:|1771118752\n|move|p1b: Iron Moth|Fiery Dance|p2a: Articuno\n|-supereffective|p2a: Articuno\n|-damage|p2a: Articuno|0 fnt\n|-boost|p1b: Iron Moth|spa|1\n|faint|p2a: Articuno\n|-damage|p1b: Iron Moth|203/253|[from] item: Life Orb\n|move|p2b: Ogerpon|Horn Leech|p1a: Samurott\n|-supereffective|p1a: Samurott\n|-damage|p1a: Samurott|0 fnt\n|faint|p1a: Samurott\n|\n|upkeep\n|inactive|baseballlover has 120 seconds left.\n|inactive|Chanque8 has 120 seconds left.\n|\n|t:|1771118781\n|switch|p2a: Suicune|Suicune, L79|288/288\n|switch|p1a: Porygon2|Porygon2, L82|274/274\n|-ability|p1a: Porygon2|Download|boost\n|-boost|p1a: Porygon2|atk|1\n|turn|3\n|inactive|baseballlover has 120 seconds left.\n|\n|t:|1771118808\n|move|p1b: Iron Moth|Protect|p1b: Iron Moth\n|-singleturn|p1b: Iron Moth|Protect\n|move|p2b: Ogerpon|Spiky Shield|p2b: Ogerpon\n|-singleturn|p2b: Ogerpon|move: Protect\n|move|p2a: Suicune|Tailwind|p2a: Suicune\n|-sidestart|p2: Chanque8|move: Tailwind\n|move|p1a: Porygon2|Tera Blast|p2a: Suicune\n|-crit|p2a: Suicune\n|-damage|p2a: Suicune|180/288\n|\n|upkeep\n|turn|4\n|inactive|baseballlover has 120 seconds left.\n|inactive|Chanque8 has 120 seconds left.\n|\n|t:|1771118845\n|move|p2b: Ogerpon|Ivy Cudgel|p1a: Porygon2|[anim] Ivy Cudgel Fire\n|-crit|p1a: Porygon2\n|-damage|p1a: Porygon2|154/274\n|move|p2a: Suicune|Scald|p1b: Iron Moth\n|-supereffective|p1b: Iron Moth\n|-damage|p1b: Iron Moth|77/253\n|move|p1b: Iron Moth|Sludge Wave|p2b: Ogerpon|[spread] p1a,p2a,p2b\n|-crit|p1a: Porygon2\n|-supereffective|p2b: Ogerpon\n|-damage|p1a: Porygon2|0 fnt\n|-damage|p2a: Suicune|42/288\n|-damage|p2b: Ogerpon|0 fnt\n|-enditem|p2a: Suicune|Sitrus Berry|[eat]\n|-heal|p2a: Suicune|114/288|[from] item: Sitrus Berry\n|faint|p1a: Porygon2\n|faint|p2b: Ogerpon\n|-damage|p1b: Iron Moth|52/253|[from] item: Life Orb\n|\n|upkeep\n|inactive|baseballlover has 90 seconds left.\n|\n|t:|1771118881\n|switch|p2b: Lycanroc|Lycanroc-Midnight, L84, F|280/280\n|switch|p1a: Glalie|Glalie, L94, F|303/303\n|turn|5\n|inactive|baseballlover has 90 seconds left.\n|\n|t:|1771118906\n|move|p1b: Iron Moth|Protect|p1b: Iron Moth\n|-singleturn|p1b: Iron Moth|Protect\n|move|p2b: Lycanroc|Close Combat|p1a: Glalie\n|-supereffective|p1a: Glalie\n|-damage|p1a: Glalie|49/303\n|-unboost|p2b: Lycanroc|def|1\n|-unboost|p2b: Lycanroc|spd|1\n|-enditem|p1a: Glalie|Sitrus Berry|[eat]\n|-heal|p1a: Glalie|124/303|[from] item: Sitrus Berry\n|move|p2a: Suicune|Scald|p1b: Iron Moth\n|-activate|p1b: Iron Moth|move: Protect\n|move|p1a: Glalie|Freeze-Dry|p2a: Suicune\n|-supereffective|p2a: Suicune\n|-damage|p2a: Suicune|0 fnt\n|faint|p2a: Suicune\n|\n|upkeep\n|inactive|Chanque8 has 90 seconds left.\n|\n|t:|1771118931\n|switch|p2a: Leafeon|Leafeon, L90, F|263/263\n|turn|6\n|inactive|Chanque8 has 90 seconds left.\n|\n|t:|1771118955\n|-end|p1b: Iron Moth|Quark Drive|[silent]\n|switch|p1b: Hydrapple|Hydrapple, L85, M|319/319\n|move|p2a: Leafeon|Double-Edge|p1b: Hydrapple\n|-damage|p1b: Hydrapple|199/319\n|-damage|p2a: Leafeon|223/263|[from] Recoil\n|-damage|p2a: Leafeon|197/263|[from] item: Life Orb\n|move|p2b: Lycanroc|Close Combat|p1a: Glalie\n|-supereffective|p1a: Glalie\n|-damage|p1a: Glalie|0 fnt\n|-unboost|p2b: Lycanroc|def|1\n|-unboost|p2b: Lycanroc|spd|1\n|faint|p1a: Glalie\n|\n|-sideend|p2: Chanque8|move: Tailwind\n|upkeep\n|inactive|baseballlover has 90 seconds left.\n|\n|t:|1771118977\n|switch|p1a: Mesprit|Mesprit, L86|278/278\n|turn|7\n|inactive|baseballlover has 90 seconds left.\n|inactive|Chanque8 has 90 seconds left.\n|\n|t:|1771119025\n|move|p2a: Leafeon|Knock Off|p1a: Mesprit\n|-supereffective|p1a: Mesprit\n|-damage|p1a: Mesprit|88/278\n|-enditem|p1a: Mesprit|Life Orb|[from] move: Knock Off|[of] p2a: Leafeon\n|-damage|p2a: Leafeon|171/263|[from] item: Life Orb\n|move|p1a: Mesprit|Psychic|p2a: Leafeon\n|-damage|p2a: Leafeon|47/263\n|move|p2b: Lycanroc|Close Combat|p1a: Mesprit\n|-resisted|p1a: Mesprit\n|-damage|p1a: Mesprit|23/278\n|-unboost|p2b: Lycanroc|def|1\n|-unboost|p2b: Lycanroc|spd|1\n|move|p1b: Hydrapple|Giga Drain|p2b: Lycanroc\n|-supereffective|p2b: Lycanroc\n|-damage|p2b: Lycanroc|0 fnt\n|-heal|p1b: Hydrapple|319/319|[from] drain|[of] p2b: Lycanroc\n|faint|p2b: Lycanroc\n|\n|upkeep\n|\n|t:|1771119041\n|switch|p2b: Sneasler|Sneasler, L77, F|250/250\n|turn|8\n|inactive|baseballlover has 90 seconds left.\n|inactive|Chanque8 has 90 seconds left.\n|\n|t:|1771119065\n|switch|p1b: Iron Moth|Iron Moth, L78|52/253\n|move|p2b: Sneasler|Dire Claw|p1b: Iron Moth\n|-resisted|p1b: Iron Moth\n|-damage|p1b: Iron Moth|0 fnt\n|faint|p1b: Iron Moth\n|-end|p1b: Iron Moth|Quark Drive|[silent]\n|move|p2a: Leafeon|Knock Off|p1a: Mesprit\n|-supereffective|p1a: Mesprit\n|-damage|p1a: Mesprit|0 fnt\n|faint|p1a: Mesprit\n|-damage|p2a: Leafeon|21/263|[from] item: Life Orb\n|\n|upkeep\n|\n|t:|1771119079\n|switch|p1b: Hydrapple|Hydrapple, L85, M|319/319\n|turn|9\n|inactive|baseballlover has 90 seconds left.\n|\n|t:|1771119092\n|-terastallize|p1b: Hydrapple|Steel\n|move|p2b: Sneasler|Dire Claw|p1b: Hydrapple\n|-immune|p1b: Hydrapple\n|move|p2a: Leafeon|Knock Off|p1b: Hydrapple\n|-damage|p1b: Hydrapple|222/319\n|-enditem|p1b: Hydrapple|Choice Specs|[from] move: Knock Off|[of] p2a: Leafeon\n|-damage|p2a: Leafeon|0 fnt|[from] item: Life Orb\n|faint|p2a: Leafeon\n|move|p1b: Hydrapple|Earth Power|p2b: Sneasler\n|-supereffective|p2b: Sneasler\n|-damage|p2b: Sneasler|62/250\n|-unboost|p2b: Sneasler|spd|1\n|-enditem|p2b: Sneasler|White Herb\n|-clearnegativeboost|p2b: Sneasler|[silent]\n|\n|upkeep\n|turn|10\n|inactive|Chanque8 has 120 seconds left.\n|inactive|baseballlover has 90 seconds left.\n|\n|t:|1771119121\n|move|p2b: Sneasler|Close Combat|p1b: Hydrapple\n|-supereffective|p1b: Hydrapple\n|-damage|p1b: Hydrapple|10/319\n|-unboost|p2b: Sneasler|def|1\n|-unboost|p2b: Sneasler|spd|1\n|move|p1b: Hydrapple|Draco Meteor|p2b: Sneasler\n|-damage|p2b: Sneasler|0 fnt\n|-unboost|p1b: Hydrapple|spa|2\n|faint|p2b: Sneasler\n|\n|win|baseballlover\n|raw|baseballlover's rating: 1541 &rarr; <strong>1564</strong><br />(+23 for winning)\n|raw|Chanque8's rating: 1589 &rarr; <strong>1566</strong><br />(-23 for losing)\n", "inputlog": ">version ccdc32dd7cde25fd9e4bed64820e885f66e78a4e\n>start {\"formatid\":\"gen9randomdoublesbattle\",\"seed\":\"sodium,434f9759ec49f4fc5bf705acda5b16ef\",\"rated\":\"Rated battle\"}\n>player p1 {\"name\":\"baseballlover\",\"avatar\":\"2\",\"rating\":1541,\"seed\":\"sodium,75e4497a0f71b9b77b15749b04ff6565\"}\n>player p2 {\"name\":\"Chanque8\",\"avatar\":\"brawly\",\"rating\":1589,\"seed\":\"sodium,c86249a6d807a34d05dd14d5a9d51fc7\"}\n>p1 move megahorn +2, move fierydance +1\n>p2 move freezedry +1, move spikyshield\n>p1 move megahorn +2, move fierydance +1\n>p2 move icywind, move hornleech +1\n>p1 switch 6, pass\n>p2 switch 4, pass\n>p1 move terablast +1, move protect\n>p2 move tailwind, move spikyshield\n>p1 move terablast +2, move sludgewave\n>p2 move scald +2, move ivycudgel +1\n>p1 switch 5, pass\n>p2 pass, switch 3\n>p1 move freezedry +1, move protect\n>p2 move scald +2, move closecombat +1\n>p2 switch 6, pass\n>p1 move icywind, switch 4\n>p2 move doubleedge +2, move closecombat +1\n>p1 switch 3, pass\n>p1 move psychic +1, move gigadrain +2\n>p2 move knockoff +1, move closecombat +1\n>p2 pass, switch 5\n>p1 move psychic +1, switch 4\n>p2 move knockoff +1, move direclaw +2\n>p1 pass, switch 4\n>p1 pass, move earthpower +2 terastallize\n>p2 move knockoff +2, move direclaw +2\n>p1 pass, move dracometeor +2\n>p2 pass, move closecombat +2", "uploadtime": 1771119121, "views": 67, "formatid": "gen9randomdoublesbattle", "rating": 1564, "private": 0, "password": null}