{"id": "gen9randomdoublesbattle-2536464879", "format": "[Gen 9] Random Doubles Battle", "players": ["pejelegante", "Pangaea"], "log": "|j|☆pejelegante\n|j|☆Pangaea\n|t:|1770691290\n|gametype|doubles\n|player|p1|pejelegante|hugh|1843\n|player|p2|Pangaea|102|1798\n|gen|9\n|tier|[Gen 9] Random Doubles Battle\n|rated|\n|rule|Species Clause: Limit one of each Pokémon\n|rule|HP Percentage Mod: HP is shown in percentages\n|rule|Illusion Level Mod: Illusion disguises the Pokémon's true level\n|rule|Sleep Clause Mod: Limit one foe put to sleep\n|\n|t:|1770691290\n|teamsize|p1|6\n|teamsize|p2|6\n|start\n|switch|p1a: Kilowattrel|Kilowattrel, L80, M|243/243\n|switch|p1b: Vaporeon|Vaporeon, L84, M|356/356\n|switch|p2a: Mamoswine|Mamoswine, L82, F|315/315\n|switch|p2b: Electrode|Electrode, L89|252/252\n|turn|1\n|inactive|Battle timer is ON: inactive players will automatically lose when time's up. (requested by pejelegante)\n|\n|t:|1770691304\n|move|p1a: Kilowattrel|Protect|p1a: Kilowattrel\n|-singleturn|p1a: Kilowattrel|Protect\n|move|p2b: Electrode|Thunderbolt|p1b: Vaporeon\n|-supereffective|p1b: Vaporeon\n|-damage|p1b: Vaporeon|119/356\n|-enditem|p1b: Vaporeon|Sitrus Berry|[eat]\n|-heal|p1b: Vaporeon|208/356|[from] item: Sitrus Berry\n|-damage|p2b: Electrode|227/252|[from] item: Life Orb\n|move|p2a: Mamoswine|Icicle Crash|p1a: Kilowattrel\n|-activate|p1a: Kilowattrel|move: Protect\n|move|p1b: Vaporeon|Icy Wind|p2b: Electrode|[spread] p2a,p2b\n|-damage|p2a: Mamoswine|293/315\n|-damage|p2b: Electrode|193/252\n|-unboost|p2a: Mamoswine|spe|1\n|-unboost|p2b: Electrode|spe|1\n|\n|upkeep\n|turn|2\n|\n|t:|1770691328\n|switch|p2a: Gastrodon|Gastrodon-East, L82, F|316/316\n|move|p1a: Kilowattrel|Tailwind|p1a: Kilowattrel\n|-sidestart|p1: pejelegante|move: Tailwind\n|move|p1b: Vaporeon|Muddy Water|p2b: Electrode|[spread] p2b\n|-ability|p2a: Gastrodon|Storm Drain|boost\n|-boost|p2a: Gastrodon|spa|1\n|-damage|p2b: Electrode|111/252\n|move|p2b: Electrode|Thunderbolt|p1a: Kilowattrel\n|-damage|p1a: Kilowattrel|83/243\n|-damage|p2b: Electrode|86/252|[from] item: Life Orb\n|\n|upkeep\n|turn|3\n|\n|t:|1770691348\n|move|p2b: Electrode|Protect|p2b: Electrode\n|-singleturn|p2b: Electrode|Protect\n|move|p1a: Kilowattrel|Hurricane|p2a: Gastrodon\n|-damage|p2a: Gastrodon|155/316\n|-start|p2a: Gastrodon|confusion\n|-damage|p1a: Kilowattrel|59/243|[from] item: Life Orb\n|move|p1b: Vaporeon|Muddy Water|p2a: Gastrodon|[spread] \n|-activate|p2b: Electrode|move: Protect\n|-ability|p2a: Gastrodon|Storm Drain|boost\n|-boost|p2a: Gastrodon|spa|1\n|-activate|p2a: Gastrodon|confusion\n|-damage|p2a: Gastrodon|129/316|[from] confusion\n|\n|-heal|p2a: Gastrodon|148/316|[from] item: Leftovers\n|upkeep\n|turn|4\n|c|☆Pangaea|:(\n|\n|t:|1770691372\n|move|p1a: Kilowattrel|Hurricane|p2a: Gastrodon\n|-damage|p2a: Gastrodon|0 fnt\n|faint|p2a: Gastrodon\n|-damage|p1a: Kilowattrel|35/243|[from] item: Life Orb\n|move|p1b: Vaporeon|Muddy Water|p2b: Electrode|[miss]\n|-miss|p1b: Vaporeon|p2b: Electrode\n|move|p2b: Electrode|Thunderbolt|p1a: Kilowattrel\n|-damage|p1a: Kilowattrel|0 fnt\n|faint|p1a: Kilowattrel\n|-damage|p2b: Electrode|61/252|[from] item: Life Orb\n|\n|upkeep\n|\n|t:|1770691386\n|switch|p1a: Heatran|Heatran, L78, M|270/270\n|switch|p2a: Breloom|Breloom, L84, F|238/238\n|turn|5\n|\n|t:|1770691395\n|move|p2b: Electrode|Protect|p2b: Electrode\n|-singleturn|p2b: Electrode|Protect\n|move|p2a: Breloom|Protect|p2a: Breloom\n|-singleturn|p2a: Breloom|Protect\n|move|p1a: Heatran|Heat Wave|p2a: Breloom|[spread] \n|-activate|p2a: Breloom|move: Protect\n|-activate|p2b: Electrode|move: Protect\n|move|p1b: Vaporeon|Icy Wind|p2b: Electrode|[spread] \n|-activate|p2a: Breloom|move: Protect\n|-activate|p2b: Electrode|move: Protect\n|\n|-sideend|p1: pejelegante|move: Tailwind\n|upkeep\n|turn|6\n|j| shane999999\n|\n|t:|1770691415\n|switch|p1a: Scream Tail|Scream Tail, L82|323/323\n|move|p2b: Electrode|Thunderbolt|p1b: Vaporeon\n|-supereffective|p1b: Vaporeon\n|-damage|p1b: Vaporeon|0 fnt\n|faint|p1b: Vaporeon\n|-damage|p2b: Electrode|36/252|[from] item: Life Orb\n|move|p2a: Breloom|Spore|p1a: Scream Tail\n|-status|p1a: Scream Tail|slp|[from] move: Spore\n|\n|upkeep\n|\n|t:|1770691427\n|switch|p1b: Heatran|Heatran, L78, M|270/270\n|turn|7\n|\n|t:|1770691446\n|-terastallize|p1b: Heatran|Grass\n|move|p2a: Breloom|Mach Punch|p1b: Heatran\n|-damage|p1b: Heatran|171/270\n|-damage|p2a: Breloom|215/238|[from] item: Life Orb\n|cant|p1a: Scream Tail|slp\n|move|p2b: Electrode|Thunderbolt|p1b: Heatran\n|-resisted|p1b: Heatran\n|-damage|p1b: Heatran|137/270\n|-damage|p2b: Electrode|11/252|[from] item: Life Orb\n|move|p1b: Heatran|Heat Wave|p2a: Breloom|[spread] \n|-miss|p1b: Heatran|p2a: Breloom\n|-miss|p1b: Heatran|p2b: Electrode\n|\n|upkeep\n|turn|8\n|c|☆pejelegante|._.\n|\n|t:|1770691475\n|move|p2a: Breloom|Mach Punch|p1b: Heatran\n|-damage|p1b: Heatran|38/270\n|-damage|p2a: Breloom|192/238|[from] item: Life Orb\n|-curestatus|p1a: Scream Tail|slp|[msg]\n|move|p1a: Scream Tail|Thunder Wave|p2a: Breloom\n|-status|p2a: Breloom|par\n|move|p2b: Electrode|Thunderbolt|p1b: Heatran\n|-resisted|p1b: Heatran\n|-damage|p1b: Heatran|3/270\n|-damage|p2b: Electrode|0 fnt|[from] item: Life Orb\n|faint|p2b: Electrode\n|move|p1b: Heatran|Heat Wave|p2a: Breloom\n|-supereffective|p2a: Breloom\n|-damage|p2a: Breloom|0 fnt\n|faint|p2a: Breloom\n|\n|upkeep\n|inactive|Pangaea has 120 seconds left.\n|\n|t:|1770691489\n|switch|p2b: Alomomola|Alomomola, L96, M|472/472\n|switch|p2a: Gholdengo|Gholdengo, L78|264/264\n|turn|9\n|\n|t:|1770691497\n|move|p1a: Scream Tail|Thunder Wave|p2b: Alomomola\n|-status|p2b: Alomomola|par\n|move|p2a: Gholdengo|Make It Rain|p1a: Scream Tail|[spread] p1a,p1b\n|-supereffective|p1a: Scream Tail\n|-damage|p1a: Scream Tail|97/323\n|-damage|p1b: Heatran|0 fnt\n|-unboost|p2a: Gholdengo|spa|1\n|-enditem|p1a: Scream Tail|Sitrus Berry|[eat]\n|-heal|p1a: Scream Tail|177/323|[from] item: Sitrus Berry\n|faint|p1b: Heatran\n|-damage|p2a: Gholdengo|238/264|[from] item: Life Orb\n|move|p2b: Alomomola|Icy Wind|p1a: Scream Tail\n|-damage|p1a: Scream Tail|155/323\n|-unboost|p1a: Scream Tail|spe|1\n|\n|upkeep\n|\n|t:|1770691501\n|switch|p1b: Ursaluna|Ursaluna, L77, F|327/327\n|turn|10\n|\n|t:|1770691524\n|move|p2a: Gholdengo|Protect|p2a: Gholdengo\n|-singleturn|p2a: Gholdengo|Protect\n|move|p1b: Ursaluna|Protect|p1b: Ursaluna\n|-singleturn|p1b: Ursaluna|Protect\n|move|p1a: Scream Tail|Howl|p1a: Scream Tail|[spread] p1a,p1b\n|-boost|p1a: Scream Tail|atk|1\n|-boost|p1b: Ursaluna|atk|1\n|move|p2b: Alomomola|Icy Wind|p1b: Ursaluna|[spread] p1a\n|-activate|p1b: Ursaluna|move: Protect\n|-damage|p1a: Scream Tail|137/323\n|-unboost|p1a: Scream Tail|spe|1\n|\n|-status|p1b: Ursaluna|brn|[from] item: Flame Orb\n|upkeep\n|turn|11\n|\n|t:|1770691541\n|switch|p2a: Mamoswine|Mamoswine, L82, F|293/315\n|move|p1b: Ursaluna|Earthquake|p2b: Alomomola|[spread] p1a,p2a,p2b\n|-damage|p1a: Scream Tail|0 fnt\n|-damage|p2a: Mamoswine|73/315\n|-damage|p2b: Alomomola|277/472 par\n|faint|p1a: Scream Tail\n|-end|p1a: Scream Tail|Protosynthesis|[silent]\n|cant|p2b: Alomomola|par\n|\n|-damage|p1b: Ursaluna|307/327 brn|[from] brn\n|upkeep\n|\n|t:|1770691551\n|switch|p1a: Flapple|Flapple, L95, M|287/287\n|turn|12\n|\n|t:|1770691575\n|move|p2a: Mamoswine|Protect|p2a: Mamoswine\n|-singleturn|p2a: Mamoswine|Protect\n|move|p1a: Flapple|Sucker Punch||[still]\n|-fail|p1a: Flapple\n|move|p1b: Ursaluna|Earthquake|p2a: Mamoswine|[spread] p1a,p2b\n|-activate|p2a: Mamoswine|move: Protect\n|-resisted|p1a: Flapple\n|-damage|p1a: Flapple|189/287\n|-damage|p2b: Alomomola|76/472 par\n|-enditem|p2b: Alomomola|Sitrus Berry|[eat]\n|-heal|p2b: Alomomola|194/472 par|[from] item: Sitrus Berry\n|move|p2b: Alomomola|Icy Wind|p1b: Ursaluna|[spread] p1a,p1b\n|-supereffective|p1a: Flapple\n|-supereffective|p1b: Ursaluna\n|-damage|p1a: Flapple|85/287\n|-damage|p1b: Ursaluna|257/327 brn\n|-unboost|p1a: Flapple|spe|1\n|-unboost|p1b: Ursaluna|spe|1\n|-activate|p1a: Flapple|ability: Ripen\n|-enditem|p1a: Flapple|Sitrus Berry|[eat]\n|-heal|p1a: Flapple|227/287|[from] item: Sitrus Berry\n|\n|-damage|p1b: Ursaluna|237/327 brn|[from] brn\n|upkeep\n|turn|13\n|\n|t:|1770691590\n|move|p1a: Flapple|Protect|p1a: Flapple\n|-singleturn|p1a: Flapple|Protect\n|cant|p2b: Alomomola|par\n|move|p2a: Mamoswine|Ice Shard|p1a: Flapple\n|-activate|p1a: Flapple|move: Protect\n|move|p1b: Ursaluna|Earthquake|p2a: Mamoswine|[spread] p2a,p2b\n|-activate|p1a: Flapple|move: Protect\n|-damage|p2a: Mamoswine|0 fnt\n|-damage|p2b: Alomomola|22/472 par\n|faint|p2a: Mamoswine\n|\n|-damage|p1b: Ursaluna|217/327 brn|[from] brn\n|upkeep\n|c|☆Pangaea|ugh\n|\n|t:|1770691596\n|switch|p2a: Gholdengo|Gholdengo, L78|238/264\n|turn|14\n|\n|t:|1770691606\n|-terastallize|p2a: Gholdengo|Fairy\n|move|p1a: Flapple|Sucker Punch|p2a: Gholdengo\n|-resisted|p2a: Gholdengo\n|-damage|p2a: Gholdengo|205/264\n|move|p2a: Gholdengo|Dazzling Gleam|p1b: Ursaluna|[spread] p1a,p1b\n|-supereffective|p1a: Flapple\n|-crit|p1a: Flapple\n|-damage|p1a: Flapple|0 fnt\n|-damage|p1b: Ursaluna|112/327 brn\n|faint|p1a: Flapple\n|-damage|p2a: Gholdengo|179/264|[from] item: Life Orb\n|cant|p2b: Alomomola|par\n|move|p1b: Ursaluna|Earthquake|p2a: Gholdengo|[spread] p2a,p2b\n|-damage|p2a: Gholdengo|0 fnt\n|-damage|p2b: Alomomola|0 fnt\n|faint|p2a: Gholdengo\n|faint|p2b: Alomomola\n|\n|win|pejelegante\n|raw|pejelegante's rating: 1843 &rarr; <strong>1860</strong><br />(+17 for winning)\n|raw|Pangaea's rating: 1798 &rarr; <strong>1781</strong><br />(-17 for losing)\n|c|☆Pangaea|right\n|c|☆pejelegante|Gg\n|l|☆Pangaea\n|player|p2|\n|l| shane999999\n|c|☆pejelegante|Xd\n", "inputlog": ">version ccdc32dd7cde25fd9e4bed64820e885f66e78a4e\n>start {\"formatid\":\"gen9randomdoublesbattle\",\"seed\":\"sodium,5623ca3d69b514ab9dc5cd7d846a3001\",\"rated\":\"Rated battle\"}\n>player p1 {\"name\":\"pejelegante\",\"avatar\":\"hugh\",\"rating\":1843,\"seed\":\"sodium,5c7c7c1c63c2f99e96755012896ef5dd\"}\n>player p2 {\"name\":\"Pangaea\",\"avatar\":\"102\",\"rating\":1798,\"seed\":\"sodium,7a179f4d6c8199c1c4464cb9e26a46d8\"}\n>p1 move protect, move icywind\n>p2 move iciclecrash +1, move thunderbolt +2\n>p1 move tailwind, move muddywater\n>p2 switch 5, move thunderbolt +1\n>p1 move hurricane +1, move muddywater\n>p2 move earthpower +2, move protect\n>chat ☆Pangaea|:(\n>p1 move hurricane +1, move muddywater\n>p2 move recover, move thunderbolt +1\n>p1 switch 3, pass\n>p2 switch 6, pass\n>p1 move heatwave, move icywind\n>p2 move protect, move protect\n>p1 switch 6, move icywind\n>p2 move spore +1, move thunderbolt +2\n>p1 pass, switch 6\n>p1 move playrough +1, move heatwave terastallize\n>p2 move machpunch +2, move thunderbolt +2\n>chat ☆pejelegante|._.\n>p1 move thunderwave +1, move heatwave\n>p2 move machpunch +2, move thunderbolt +2\n>p2 switch 4, switch 3\n>p1 move thunderwave +2, move heatwave\n>p2 move makeitrain, move icywind\n>p1 pass, switch 4\n>p1 move howl, move protect\n>p2 move protect, move icywind\n>p1 move howl, move earthquake\n>p2 switch 5, move icywind\n>p1 switch 5, pass\n>p1 move suckerpunch +1, move earthquake\n>p2 move protect, move icywind\n>p1 move protect, move earthquake\n>p2 move iceshard +1, move wideguard\n>chat ☆Pangaea|ugh\n>p2 switch 5, pass\n>p1 move suckerpunch +1, move earthquake\n>p2 move dazzlinggleam terastallize, move icywind", "uploadtime": 1770691657, "views": 67, "formatid": "gen9randomdoublesbattle", "rating": 1781, "private": 0, "password": null}