{"id": "gen9randomdoublesbattle-2539104978", "format": "[Gen 9] Random Doubles Battle", "players": ["SSHDA", "biggbeanburrito"], "log": "|j|☆SSHDA\n|j|☆biggbeanburrito\n|t:|1771011875\n|gametype|doubles\n|player|p1|SSHDA|riley|1674\n|player|p2|biggbeanburrito|red|1713\n|gen|9\n|tier|[Gen 9] Random Doubles Battle\n|rated|\n|rule|Species Clause: Limit one of each Pokémon\n|rule|HP Percentage Mod: HP is shown in percentages\n|rule|Illusion Level Mod: Illusion disguises the Pokémon's true level\n|rule|Sleep Clause Mod: Limit one foe put to sleep\n|\n|t:|1771011875\n|teamsize|p1|6\n|teamsize|p2|6\n|start\n|switch|p1a: Uxie|Uxie, L85|266/266\n|switch|p1b: Spectrier|Spectrier, L77|281/281\n|switch|p2a: Excadrill|Excadrill, L82, M|315/315\n|switch|p2b: Carbink|Carbink, L88|231/231\n|-ability|p2a: Excadrill|Mold Breaker\n|turn|1\n|inactive|Battle timer is ON: inactive players will automatically lose when time's up. (requested by biggbeanburrito)\n|inactive|biggbeanburrito has 120 seconds left.\n|\n|t:|1771011908\n|switch|p1b: Milotic|Milotic, L81, M|287/287\n|move|p1a: Uxie|Mystical Power|p2b: Carbink|[miss]\n|-miss|p1a: Uxie|p2b: Carbink\n|move|p2a: Excadrill|Swords Dance|p2a: Excadrill\n|-boost|p2a: Excadrill|atk|2\n|move|p2b: Carbink|Trick Room|p2b: Carbink\n|-fieldstart|move: Trick Room|[of] p2b: Carbink\n|\n|upkeep\n|turn|2\n|inactive|SSHDA has 120 seconds left.\n|\n|t:|1771011944\n|move|p2a: Excadrill|Protect|p2a: Excadrill\n|-singleturn|p2a: Excadrill|Protect\n|move|p2b: Carbink|Iron Defense|p2b: Carbink\n|-boost|p2b: Carbink|def|2\n|move|p1b: Milotic|Scald|p2a: Excadrill\n|-activate|p2a: Excadrill|move: Protect\n|move|p1a: Uxie|Mystical Power|p2b: Carbink\n|-damage|p2b: Carbink|192/231\n|-boost|p1a: Uxie|spa|1\n|\n|-heal|p2b: Carbink|206/231|[from] item: Leftovers\n|upkeep\n|turn|3\n|\n|t:|1771011952\n|move|p2b: Carbink|Body Press|p1b: Milotic\n|-damage|p1b: Milotic|84/287\n|-enditem|p1b: Milotic|Sitrus Berry|[eat]\n|-heal|p1b: Milotic|155/287|[from] item: Sitrus Berry\n|move|p1b: Milotic|Scald|p2a: Excadrill\n|-supereffective|p2a: Excadrill\n|-damage|p2a: Excadrill|109/315\n|-status|p2a: Excadrill|brn\n|move|p2a: Excadrill|High Horsepower|p1b: Milotic\n|-damage|p1b: Milotic|0 fnt\n|faint|p1b: Milotic\n|-damage|p2a: Excadrill|78/315 brn|[from] item: Life Orb\n|move|p1a: Uxie|Mystical Power|p2b: Carbink\n|-damage|p2b: Carbink|142/231\n|-boost|p1a: Uxie|spa|1\n|\n|-heal|p2b: Carbink|156/231|[from] item: Leftovers\n|-damage|p2a: Excadrill|59/315 brn|[from] brn\n|upkeep\n|\n|t:|1771011964\n|switch|p1b: Diancie|Diancie, L77|204/204\n|turn|4\n|\n|t:|1771011978\n|move|p1b: Diancie|Protect|p1b: Diancie\n|-singleturn|p1b: Diancie|Protect\n|move|p2b: Carbink|Body Press|p1b: Diancie\n|-activate|p1b: Diancie|move: Protect\n|move|p2a: Excadrill|Iron Head|p1b: Diancie\n|-activate|p1b: Diancie|move: Protect\n|move|p1a: Uxie|Mystical Power|p2b: Carbink\n|-damage|p2b: Carbink|75/231\n|-boost|p1a: Uxie|spa|1\n|\n|-heal|p2b: Carbink|89/231|[from] item: Leftovers\n|-damage|p2a: Excadrill|40/315 brn|[from] brn\n|upkeep\n|turn|5\n|\n|t:|1771011988\n|move|p1b: Diancie|Moonblast|p2a: Excadrill\n|-resisted|p2a: Excadrill\n|-damage|p2a: Excadrill|0 fnt\n|faint|p2a: Excadrill\n|move|p2b: Carbink|Body Press|p1b: Diancie\n|-damage|p1b: Diancie|86/204\n|-enditem|p1b: Diancie|Sitrus Berry|[eat]\n|-heal|p1b: Diancie|137/204|[from] item: Sitrus Berry\n|move|p1a: Uxie|Mystical Power|p2b: Carbink\n|-damage|p2b: Carbink|0 fnt\n|-boost|p1a: Uxie|spa|1\n|faint|p2b: Carbink\n|\n|-fieldend|move: Trick Room\n|upkeep\n|\n|t:|1771011994\n|switch|p2a: Meloetta|Meloetta, L80|291/291\n|switch|p2b: Giratina|Giratina, L76|353/353\n|-ability|p2b: Giratina|Pressure\n|turn|6\n|\n|t:|1771012017\n|move|p1a: Uxie|Mystical Power|p2b: Giratina\n|-damage|p2b: Giratina|200/353\n|-boost|p1a: Uxie|spa|1\n|move|p2a: Meloetta|Psychic|p1b: Diancie\n|-damage|p1b: Diancie|32/204\n|-damage|p2a: Meloetta|262/291|[from] item: Life Orb\n|move|p2b: Giratina|Calm Mind|p2b: Giratina\n|-boost|p2b: Giratina|spa|1\n|-boost|p2b: Giratina|spd|1\n|move|p1b: Diancie|Trick Room|p1b: Diancie\n|-fieldstart|move: Trick Room|[of] p1b: Diancie\n|\n|-heal|p2b: Giratina|222/353|[from] item: Leftovers\n|upkeep\n|turn|7\n|\n|t:|1771012038\n|-terastallize|p1a: Uxie|Steel\n|move|p1a: Uxie|Helping Hand|p1b: Diancie\n|-singleturn|p1b: Diancie|Helping Hand|[of] p1a: Uxie\n|move|p2b: Giratina|Protect|p2b: Giratina\n|-singleturn|p2b: Giratina|Protect\n|move|p1b: Diancie|Moonblast|p2b: Giratina\n|-activate|p2b: Giratina|move: Protect\n|move|p2a: Meloetta|Psychic|p1b: Diancie\n|-crit|p1b: Diancie\n|-damage|p1b: Diancie|0 fnt\n|faint|p1b: Diancie\n|-damage|p2a: Meloetta|233/291|[from] item: Life Orb\n|\n|-heal|p2b: Giratina|244/353|[from] item: Leftovers\n|upkeep\n|\n|t:|1771012040\n|switch|p1b: Ursaluna|Ursaluna-Bloodmoon, L78, M|304/304\n|turn|8\n|\n|t:|1771012052\n|move|p1b: Ursaluna|Blood Moon|p2a: Meloetta\n|-damage|p2a: Meloetta|112/291\n|move|p2b: Giratina|Calm Mind|p2b: Giratina\n|-boost|p2b: Giratina|spa|1\n|-boost|p2b: Giratina|spd|1\n|move|p2a: Meloetta|Focus Blast|p1b: Ursaluna\n|-supereffective|p1b: Ursaluna\n|-damage|p1b: Ursaluna|65/304\n|-unboost|p1b: Ursaluna|spd|1\n|-damage|p2a: Meloetta|83/291|[from] item: Life Orb\n|move|p1a: Uxie|Mystical Power|p2b: Giratina\n|-damage|p2b: Giratina|150/353\n|-boost|p1a: Uxie|spa|1\n|\n|-heal|p2b: Giratina|172/353|[from] item: Leftovers\n|upkeep\n|turn|9\n|\n|t:|1771012070\n|move|p1b: Ursaluna|Hyper Voice|p2b: Giratina|[spread] p2a,p2b\n|-crit|p2a: Meloetta\n|-damage|p2a: Meloetta|0 fnt\n|-damage|p2b: Giratina|136/353\n|faint|p2a: Meloetta\n|move|p2b: Giratina|Aura Sphere|p1a: Uxie\n|-supereffective|p1a: Uxie\n|-damage|p1a: Uxie|120/266\n|-enditem|p1a: Uxie|Sitrus Berry|[eat]\n|-heal|p1a: Uxie|186/266|[from] item: Sitrus Berry\n|move|p1a: Uxie|Mystical Power|p2b: Giratina\n|-damage|p2b: Giratina|28/353\n|\n|-heal|p2b: Giratina|50/353|[from] item: Leftovers\n|upkeep\n|\n|t:|1771012075\n|switch|p2a: Gliscor|Gliscor, L81, F|254/254\n|turn|10\n|\n|t:|1771012082\n|move|p2b: Giratina|Protect|p2b: Giratina\n|-singleturn|p2b: Giratina|Protect\n|move|p2a: Gliscor|Protect|p2a: Gliscor\n|-singleturn|p2a: Gliscor|Protect\n|move|p1b: Ursaluna|Earth Power|p2b: Giratina\n|-activate|p2b: Giratina|move: Protect\n|move|p1a: Uxie|Mystical Power|p2a: Gliscor\n|-activate|p2a: Gliscor|move: Protect\n|\n|-heal|p2b: Giratina|72/353|[from] item: Leftovers\n|-fieldend|move: Trick Room\n|-status|p2a: Gliscor|tox|[from] item: Toxic Orb\n|upkeep\n|turn|11\n|\n|t:|1771012106\n|move|p1a: Uxie|Mystical Power|p2b: Giratina\n|-damage|p2b: Giratina|0 fnt\n|faint|p2b: Giratina\n|move|p2a: Gliscor|Earthquake|p1a: Uxie|[spread] p1b\n|-immune|p1a: Uxie|[from] ability: Levitate\n|-damage|p1b: Ursaluna|0 fnt\n|faint|p1b: Ursaluna\n|\n|upkeep\n|\n|t:|1771012113\n|switch|p2b: Amoonguss|Amoonguss, L86, F|336/336\n|switch|p1b: Spectrier|Spectrier, L77|281/281\n|turn|12\n|\n|t:|1771012124\n|-terastallize|p2b: Amoonguss|Steel\n|move|p1b: Spectrier|Nasty Plot|p1b: Spectrier\n|-boost|p1b: Spectrier|spa|2\n|move|p1a: Uxie|Mystical Power|p2b: Amoonguss\n|-resisted|p2b: Amoonguss\n|-damage|p2b: Amoonguss|196/336\n|move|p2a: Gliscor|Swords Dance|p2a: Gliscor\n|-boost|p2a: Gliscor|atk|2\n|move|p2b: Amoonguss|Spore|p1a: Uxie\n|-status|p1a: Uxie|slp|[from] move: Spore\n|\n|upkeep\n|turn|13\n|\n|t:|1771012137\n|move|p2b: Amoonguss|Rage Powder|p2b: Amoonguss\n|-singleturn|p2b: Amoonguss|move: Rage Powder\n|move|p1b: Spectrier|Shadow Ball|p2b: Amoonguss\n|-damage|p2b: Amoonguss|0 fnt\n|faint|p2b: Amoonguss\n|-ability|p1b: Spectrier|Grim Neigh|boost\n|-boost|p1b: Spectrier|spa|1\n|-damage|p1b: Spectrier|253/281|[from] item: Life Orb\n|cant|p1a: Uxie|slp\n|move|p2a: Gliscor|Earthquake|p1b: Spectrier|[spread] p1b\n|-immune|p1a: Uxie|[from] ability: Levitate\n|-damage|p1b: Spectrier|60/281\n|\n|upkeep\n|turn|14\n|-message|biggbeanburrito forfeited.\n|\n|win|SSHDA\n|raw|SSHDA's rating: 1688 &rarr; <strong>1709</strong><br />(+21 for winning)\n|raw|biggbeanburrito's rating: 1713 &rarr; <strong>1692</strong><br />(-21 for losing)\n|l|☆biggbeanburrito\n|player|p2|\n", "inputlog": ">version ccdc32dd7cde25fd9e4bed64820e885f66e78a4e\n>start {\"formatid\":\"gen9randomdoublesbattle\",\"seed\":\"sodium,e79e6bccd1ecc30018b070813d183f41\",\"rated\":\"Rated battle\"}\n>player p1 {\"name\":\"SSHDA\",\"avatar\":\"riley\",\"rating\":1674,\"seed\":\"sodium,9e132195520385cf8e67e6680086fc74\"}\n>player p2 {\"name\":\"biggbeanburrito\",\"avatar\":\"red\",\"rating\":1713,\"seed\":\"sodium,985da493bfad194aab3d05e3ddeca72f\"}\n>p1 move mysticalpower +2, switch 3\n>p2 move swordsdance, move trickroom\n>p1 move mysticalpower +2, move scald +1\n>p2 move protect, move irondefense\n>p1 move mysticalpower +2, move scald +1\n>p2 move highhorsepower +2, move bodypress +2\n>p1 pass, switch 4\n>p1 move mysticalpower +2, move protect\n>p2 move ironhead +2, move bodypress +2\n>p1 move mysticalpower +2, move moonblast +1\n>p2 move ironhead +2, move bodypress +2\n>p2 switch 6, switch 3\n>p1 move mysticalpower +2, move trickroom\n>p2 move psychic +2, move calmmind\n>p1 move helpinghand -2 terastallize, move moonblast +2\n>p2 move psychic +2, move protect\n>p1 pass, switch 6\n>p1 move mysticalpower +2, move bloodmoon +1\n>p2 move focusblast +2, move calmmind\n>p1 move mysticalpower +2, move hypervoice\n>p2 move psychic +2, move aurasphere +1\n>p2 switch 4, pass\n>p1 move mysticalpower +1, move earthpower +2\n>p2 move protect, move protect\n>p1 move mysticalpower +2, move bloodmoon +1\n>p2 move earthquake, move aurasphere +1\n>p1 pass, switch 3\n>p2 pass, switch 5\n>p1 move mysticalpower +2, move nastyplot\n>p2 move swordsdance, move spore +1 terastallize\n>p1 move encore +1, move shadowball +1\n>p2 move earthquake, move ragepowder\n>forcelose p2", "uploadtime": 1771012144, "views": 83, "formatid": "gen9randomdoublesbattle", "rating": 1692, "private": 0, "password": null}