{"id": "gen9randomdoublesbattle-2534361989", "format": "[Gen 9] Random Doubles Battle", "players": ["lordjikji", "0821Gabriel"], "log": "|j|☆lordjikji\n|j|☆0821Gabriel\n|t:|1770412625\n|gametype|doubles\n|player|p1|lordjikji|169|1493\n|player|p2|0821Gabriel|fisherman-gen4|1543\n|gen|9\n|tier|[Gen 9] Random Doubles Battle\n|rated|\n|rule|Species Clause: Limit one of each Pokémon\n|rule|HP Percentage Mod: HP is shown in percentages\n|rule|Illusion Level Mod: Illusion disguises the Pokémon's true level\n|rule|Sleep Clause Mod: Limit one foe put to sleep\n|\n|t:|1770412625\n|teamsize|p1|6\n|teamsize|p2|6\n|start\n|switch|p1a: Spectrier|Spectrier, L77|281/281\n|switch|p1b: Chesnaught|Chesnaught, L86, M|292/292\n|switch|p2a: Dudunsparce|Dudunsparce-Three-Segment, L86, F|355/355\n|switch|p2b: Regidrago|Regidrago, L74|418/418\n|turn|1\n|inactive|Battle timer is ON: inactive players will automatically lose when time's up. (requested by 0821Gabriel)\n|inactive|lordjikji has 120 seconds left.\n|\n|t:|1770412669\n|switch|p2b: Sandslash|Sandslash-Alola, L91, F|284/284\n|-terastallize|p1a: Spectrier|Fairy\n|move|p1a: Spectrier|Nasty Plot|p1a: Spectrier\n|-boost|p1a: Spectrier|spa|2\n|move|p1b: Chesnaught|Iron Defense|p1b: Chesnaught\n|-boost|p1b: Chesnaught|def|2\n|move|p2a: Dudunsparce|Tailwind|p2a: Dudunsparce\n|-sidestart|p2: 0821Gabriel|move: Tailwind\n|\n|upkeep\n|turn|2\n|inactive|0821Gabriel has 120 seconds left.\n|\n|t:|1770412700\n|move|p1a: Spectrier|Protect|p1a: Spectrier\n|-singleturn|p1a: Spectrier|Protect\n|move|p2b: Sandslash|Triple Axel|p1a: Spectrier\n|-activate|p1a: Spectrier|move: Protect\n|move|p2a: Dudunsparce|Boomburst|p1a: Spectrier|[spread] p2b,p1b\n|-activate|p1a: Spectrier|move: Protect\n|-resisted|p2b: Sandslash\n|-damage|p2b: Sandslash|246/284\n|-damage|p1b: Chesnaught|174/292\n|move|p1b: Chesnaught|Body Press|p2b: Sandslash\n|-supereffective|p2b: Sandslash\n|-damage|p2b: Sandslash|0 fnt\n|faint|p2b: Sandslash\n|\n|-heal|p1b: Chesnaught|192/292|[from] item: Leftovers\n|upkeep\n|inactive|0821Gabriel has 120 seconds left.\n|\n|t:|1770412723\n|switch|p2b: Ninetales|Ninetales-Alola, L75, M|233/233\n|-weather|Snowscape|[from] ability: Snow Warning|[of] p2b: Ninetales\n|turn|3\n|inactive|0821Gabriel has 120 seconds left.\n|\n|t:|1770412744\n|-terastallize|p2a: Dudunsparce|Ghost\n|move|p1b: Chesnaught|Spiky Shield|p1b: Chesnaught\n|-singleturn|p1b: Chesnaught|move: Protect\n|move|p2b: Ninetales|Aurora Veil|p2b: Ninetales\n|-sidestart|p2: 0821Gabriel|move: Aurora Veil\n|move|p2a: Dudunsparce|Boomburst|p1a: Spectrier|[spread] p2b,p1a\n|-activate|p1b: Chesnaught|move: Protect\n|-damage|p2b: Ninetales|168/233\n|-damage|p1a: Spectrier|163/281\n|move|p1a: Spectrier|Tera Blast|p2b: Ninetales|[anim] Tera Blast Fairy\n|-damage|p2b: Ninetales|3/233\n|-damage|p1a: Spectrier|135/281|[from] item: Life Orb\n|\n|-weather|Snowscape|[upkeep]\n|-heal|p1b: Chesnaught|210/292|[from] item: Leftovers\n|upkeep\n|turn|4\n|\n|t:|1770412765\n|move|p1a: Spectrier|Protect|p1a: Spectrier\n|-singleturn|p1a: Spectrier|Protect\n|move|p2b: Ninetales|Blizzard|p1a: Spectrier|[spread] p1b\n|-activate|p1a: Spectrier|move: Protect\n|-supereffective|p1b: Chesnaught\n|-damage|p1b: Chesnaught|78/292\n|move|p2a: Dudunsparce|Boomburst|p1b: Chesnaught|[spread] p2b,p1b\n|-activate|p1a: Spectrier|move: Protect\n|-damage|p2b: Ninetales|0 fnt\n|-damage|p1b: Chesnaught|0 fnt\n|faint|p2b: Ninetales\n|faint|p1b: Chesnaught\n|\n|-weather|Snowscape|[upkeep]\n|-sideend|p2: 0821Gabriel|move: Tailwind\n|upkeep\n|inactive|lordjikji has 120 seconds left.\n|inactive|0821Gabriel has 120 seconds left.\n|\n|t:|1770412781\n|switch|p2b: Blissey|Blissey, L96, F|645/645\n|switch|p1b: Palafin|Palafin, L79, M|288/288\n|turn|5\n|\n|t:|1770412793\n|move|p2a: Dudunsparce|Protect|p2a: Dudunsparce\n|-singleturn|p2a: Dudunsparce|Protect\n|move|p1a: Spectrier|Shadow Ball|p2a: Dudunsparce\n|-activate|p2a: Dudunsparce|move: Protect\n|move|p1b: Palafin|Flip Turn|p2b: Blissey\n|-damage|p2b: Blissey|555/645\n|\n|t:|1770412804\n|detailschange|p1b: Palafin|Palafin-Hero, L79, M\n|switch|p1b: Tropius|Tropius, L94, M|339/339|[from] Flip Turn\n|move|p2b: Blissey|Thunder Wave|p1a: Spectrier\n|-status|p1a: Spectrier|par\n|\n|-weather|Snowscape|[upkeep]\n|upkeep\n|turn|6\n|\n|t:|1770412828\n|switch|p2b: Flapple|Flapple, L95, M|287/287\n|move|p1b: Tropius|Tailwind|p1b: Tropius\n|-sidestart|p1: lordjikji|move: Tailwind\n|move|p1a: Spectrier|Shadow Ball|p2a: Dudunsparce\n|-supereffective|p2a: Dudunsparce\n|-damage|p2a: Dudunsparce|0 fnt\n|faint|p2a: Dudunsparce\n|-ability|p1a: Spectrier|Grim Neigh|boost\n|-boost|p1a: Spectrier|spa|1\n|-damage|p1a: Spectrier|107/281 par|[from] item: Life Orb\n|\n|-weather|Snowscape|[upkeep]\n|upkeep\n|\n|t:|1770412840\n|switch|p2a: Blissey|Blissey, L96, F|555/645\n|turn|7\n|-message|0821Gabriel forfeited.\n|\n|win|lordjikji\n|raw|lordjikji's rating: 1493 &rarr; <strong>1516</strong><br />(+23 for winning)\n|raw|0821Gabriel's rating: 1543 &rarr; <strong>1520</strong><br />(-23 for losing)\n|l|☆0821Gabriel\n|player|p2|\n", "inputlog": ">version ccdc32dd7cde25fd9e4bed64820e885f66e78a4e\n>start {\"formatid\":\"gen9randomdoublesbattle\",\"seed\":\"sodium,95fd8345193891dfad2b85b51b364e1b\",\"rated\":\"Rated battle\"}\n>player p1 {\"name\":\"lordjikji\",\"avatar\":\"169\",\"rating\":1493,\"seed\":\"sodium,3f007bb399568b0f4dcfec67f74935b4\"}\n>player p2 {\"name\":\"0821Gabriel\",\"avatar\":\"fisherman-gen4\",\"rating\":1543,\"seed\":\"sodium,9c6300de3df02045752eb45f365989ab\"}\n>p1 move nastyplot terastallize, move irondefense\n>p2 move tailwind, switch 4\n>p1 move protect, move bodypress +2\n>p2 move boomburst, move tripleaxel +1\n>p2 pass, switch 5\n>p1 move terablast +2, move spikyshield\n>p2 move boomburst terastallize, move auroraveil\n>p1 move protect, move leechseed +1\n>p2 move boomburst, move blizzard\n>p1 pass, switch 5\n>p2 pass, switch 3\n>p1 move shadowball +1, move flipturn +2\n>p2 move protect, move thunderwave +1\n>p1 pass, switch 4\n>p1 move shadowball +1, move tailwind\n>p2 move tailwind, switch 6\n>p2 switch 6, pass\n>forcelose p2", "uploadtime": 1770412859, "views": 86, "formatid": "gen9randomdoublesbattle", "rating": 1516, "private": 0, "password": null}