{"id": "gen9randomdoublesbattle-2535047941", "format": "[Gen 9] Random Doubles Battle", "players": ["IG Xeno IQ", "baseballlover"], "log": "|j|☆IG Xeno IQ\n|j|☆baseballlover\n|t:|1770507180\n|gametype|doubles\n|player|p1|IG Xeno IQ|102|1559\n|player|p2|baseballlover|266|1608\n|gen|9\n|tier|[Gen 9] Random Doubles Battle\n|rated|\n|rule|Species Clause: Limit one of each Pokémon\n|rule|HP Percentage Mod: HP is shown in percentages\n|rule|Illusion Level Mod: Illusion disguises the Pokémon's true level\n|rule|Sleep Clause Mod: Limit one foe put to sleep\n|\n|t:|1770507180\n|teamsize|p1|6\n|teamsize|p2|6\n|start\n|switch|p1a: Appletun|Appletun, L92, M|352/352\n|switch|p1b: Dondozo|Dondozo, L85, F|394/394\n|switch|p2a: Ambipom|Ambipom, L87, F|272/272\n|switch|p2b: Blissey|Blissey, L96, F|645/645\n|turn|1\n|inactive|Battle timer is ON: inactive players will automatically lose when time's up. (requested by baseballlover)\n|inactive|IG Xeno IQ also wants the timer to be on.\n|\n|t:|1770507199\n|move|p2a: Ambipom|Fake Out|p1b: Dondozo\n|-damage|p1b: Dondozo|325/394\n|move|p2b: Blissey|Thunder Wave|p1b: Dondozo\n|-status|p1b: Dondozo|par\n|move|p1a: Appletun|Leech Seed|p2b: Blissey\n|-start|p2b: Blissey|move: Leech Seed\n|cant|p1b: Dondozo|flinch\n|\n|-damage|p2b: Blissey|565/645|[from] Leech Seed|[of] p1a: Appletun\n|upkeep\n|turn|2\n|\n|t:|1770507219\n|switch|p2b: Lokix|Lokix, L88, M|268/268\n|switch|p1b: Chimecho|Chimecho, L94, M|293/293\n|move|p2a: Ambipom|Double-Edge|p1a: Appletun\n|-damage|p1a: Appletun|193/352\n|-damage|p2a: Ambipom|220/272|[from] Recoil\n|move|p1a: Appletun|Leech Seed|p2a: Ambipom\n|-start|p2a: Ambipom|move: Leech Seed\n|\n|-damage|p2a: Ambipom|186/272|[from] Leech Seed|[of] p1a: Appletun\n|-heal|p1a: Appletun|227/352|[silent]\n|upkeep\n|turn|3\n|\n|t:|1770507238\n|move|p1a: Appletun|Protect|p1a: Appletun\n|-singleturn|p1a: Appletun|Protect\n|move|p2b: Lokix|First Impression|p1a: Appletun\n|-activate|p1a: Appletun|move: Protect\n|move|p2a: Ambipom|Knock Off|p1b: Chimecho\n|-supereffective|p1b: Chimecho\n|-damage|p1b: Chimecho|145/293\n|-enditem|p1b: Chimecho|Sitrus Berry|[from] move: Knock Off|[of] p2a: Ambipom\n|move|p1b: Chimecho|Thunder Wave|p2b: Lokix\n|-status|p2b: Lokix|par\n|\n|-damage|p2a: Ambipom|152/272|[from] Leech Seed|[of] p1a: Appletun\n|-heal|p1a: Appletun|261/352|[silent]\n|upkeep\n|turn|4\n|inactive|baseballlover has 120 seconds left.\n|\n|t:|1770507271\n|switch|p2a: Blissey|Blissey, L96, F|565/645\n|move|p1b: Chimecho|Heal Pulse|p1a: Appletun\n|-heal|p1a: Appletun|352/352\n|move|p1a: Appletun|Leech Seed|p2b: Lokix\n|-start|p2b: Lokix|move: Leech Seed\n|cant|p2b: Lokix|par\n|\n|-damage|p2b: Lokix|235/268 par|[from] Leech Seed|[of] p1a: Appletun\n|upkeep\n|turn|5\n|\n|t:|1770507296\n|switch|p1b: Rhydon|Rhydon, L86, M|321/321\n|move|p2a: Blissey|Thunder Wave|p1b: Rhydon\n|-activate|p1b: Rhydon|ability: Lightning Rod\n|-ability|p1b: Rhydon|Lightning Rod|boost\n|-boost|p1b: Rhydon|spa|1\n|move|p1a: Appletun|Leech Seed|p2a: Blissey\n|-start|p2a: Blissey|move: Leech Seed\n|move|p2b: Lokix|Leech Life|p1a: Appletun\n|-supereffective|p1a: Appletun\n|-damage|p1a: Appletun|123/352\n|-heal|p2b: Lokix|268/268 par|[from] drain|[of] p1a: Appletun\n|-enditem|p1a: Appletun|Sitrus Berry|[eat]\n|-heal|p1a: Appletun|211/352|[from] item: Sitrus Berry\n|-damage|p2b: Lokix|242/268 par|[from] item: Life Orb\n|\n|-activate|p2a: Blissey|ability: Healer\n|-curestatus|p2b: Lokix|par|[msg]\n|-damage|p2a: Blissey|485/645|[from] Leech Seed|[of] p1a: Appletun\n|-heal|p1a: Appletun|291/352|[silent]\n|-damage|p2b: Lokix|209/268|[from] Leech Seed|[of] p1a: Appletun\n|-heal|p1a: Appletun|324/352|[silent]\n|upkeep\n|turn|6\n|\n|t:|1770507317\n|switch|p2a: Politoed|Politoed, L82, M|282/282\n|-weather|RainDance|[from] ability: Drizzle|[of] p2a: Politoed\n|move|p1a: Appletun|Protect|p1a: Appletun\n|-singleturn|p1a: Appletun|Protect\n|move|p2b: Lokix|Leech Life|p1a: Appletun\n|-activate|p1a: Appletun|move: Protect\n|move|p1b: Rhydon|Rock Slide|p2a: Politoed|[spread] p2a,p2b\n|-crit|p2a: Politoed\n|-supereffective|p2b: Lokix\n|-damage|p2a: Politoed|152/282\n|-damage|p2b: Lokix|35/268\n|\n|-weather|RainDance|[upkeep]\n|-damage|p2b: Lokix|2/268|[from] Leech Seed|[of] p1a: Appletun\n|-heal|p1a: Appletun|352/352|[silent]\n|upkeep\n|turn|7\n|\n|t:|1770507340\n|switch|p1b: Dondozo|Dondozo, L85, F|325/394 par\n|-terastallize|p1a: Appletun|Steel\n|move|p2a: Politoed|Muddy Water|p1a: Appletun|[spread] p1a\n|-miss|p2a: Politoed|p1b: Dondozo\n|-damage|p1a: Appletun|249/352\n|move|p2b: Lokix|Leech Life|p1a: Appletun\n|-resisted|p1a: Appletun\n|-damage|p1a: Appletun|127/352\n|-heal|p2b: Lokix|63/268|[from] drain|[of] p1a: Appletun\n|-damage|p2b: Lokix|37/268|[from] item: Life Orb\n|move|p1a: Appletun|Leech Seed|p2a: Politoed\n|-start|p2a: Politoed|move: Leech Seed\n|\n|-weather|RainDance|[upkeep]\n|-damage|p2a: Politoed|117/282|[from] Leech Seed|[of] p1a: Appletun\n|-heal|p1a: Appletun|162/352|[silent]\n|-damage|p2b: Lokix|4/268|[from] Leech Seed|[of] p1a: Appletun\n|-heal|p1a: Appletun|195/352|[silent]\n|upkeep\n|turn|8\n|\n|t:|1770507364\n|move|p1a: Appletun|Protect|p1a: Appletun\n|-singleturn|p1a: Appletun|Protect\n|move|p2a: Politoed|Muddy Water|p1b: Dondozo|[spread] p1b\n|-activate|p1a: Appletun|move: Protect\n|-resisted|p1b: Dondozo\n|-damage|p1b: Dondozo|283/394 par\n|-unboost|p1b: Dondozo|accuracy|1\n|move|p2b: Lokix|Leech Life|p1a: Appletun\n|-activate|p1a: Appletun|move: Protect\n|cant|p1b: Dondozo|par\n|\n|-weather|RainDance|[upkeep]\n|-damage|p2a: Politoed|82/282|[from] Leech Seed|[of] p1a: Appletun\n|-heal|p1a: Appletun|230/352|[silent]\n|-damage|p2b: Lokix|0 fnt|[from] Leech Seed|[of] p1a: Appletun\n|-heal|p1a: Appletun|234/352|[silent]\n|faint|p2b: Lokix\n|upkeep\n|\n|t:|1770507373\n|switch|p2b: Barraskewda|Barraskewda, L85, F|242/242\n|turn|9\n|\n|t:|1770507391\n|switch|p2a: Ambipom|Ambipom, L87, F|152/272\n|move|p2b: Barraskewda|Close Combat|p1a: Appletun\n|-supereffective|p1a: Appletun\n|-damage|p1a: Appletun|0 fnt\n|-unboost|p2b: Barraskewda|def|1\n|-unboost|p2b: Barraskewda|spd|1\n|faint|p1a: Appletun\n|move|p1b: Dondozo|Body Press|p2b: Barraskewda\n|-damage|p2b: Barraskewda|150/242\n|\n|-weather|RainDance|[upkeep]\n|upkeep\n|\n|t:|1770507401\n|switch|p1a: Regieleki|Regieleki, L79|256/256\n|turn|10\n|\n|t:|1770507417\n|switch|p2b: Blissey|Blissey, L96, F|485/645\n|switch|p1b: Chimecho|Chimecho, L94, M|145/293\n|move|p1a: Regieleki|Protect|p1a: Regieleki\n|-singleturn|p1a: Regieleki|Protect\n|move|p2a: Ambipom|Fake Out|p1a: Regieleki\n|-activate|p1a: Regieleki|move: Protect\n|\n|-weather|none\n|upkeep\n|turn|11\n|inactive|baseballlover has 120 seconds left.\n|\n|t:|1770507450\n|move|p1a: Regieleki|Thunderbolt|p2a: Ambipom\n|-damage|p2a: Ambipom|0 fnt\n|faint|p2a: Ambipom\n|move|p1b: Chimecho|Psychic|p2b: Blissey\n|-damage|p2b: Blissey|412/645\n|move|p2b: Blissey|Life Dew|p2b: Blissey\n|-heal|p2b: Blissey|573/645\n|\n|upkeep\n|inactive|baseballlover has 120 seconds left.\n|\n|t:|1770507460\n|switch|p2a: Espeon|Espeon, L84, M|246/246\n|turn|12\n|\n|t:|1770507468\n|move|p1b: Chimecho|Helping Hand|p1a: Regieleki\n|-singleturn|p1a: Regieleki|Helping Hand|[of] p1b: Chimecho\n|move|p1a: Regieleki|Thunderbolt|p2a: Espeon\n|-damage|p2a: Espeon|71/246\n|-status|p2a: Espeon|par\n|move|p2b: Blissey|Hyper Voice|p1a: Regieleki|[spread] p1a,p1b\n|-damage|p1a: Regieleki|130/256\n|-damage|p1b: Chimecho|75/293\n|cant|p2a: Espeon|par\n|\n|upkeep\n|turn|13\n|\n|t:|1770507486\n|move|p1a: Regieleki|Thunderbolt|p2a: Espeon\n|-damage|p2a: Espeon|0 fnt\n|faint|p2a: Espeon\n|move|p1b: Chimecho|Heal Pulse|p1a: Regieleki\n|-heal|p1a: Regieleki|256/256\n|move|p2b: Blissey|Hyper Voice|p1b: Chimecho|[spread] p1a,p1b\n|-damage|p1a: Regieleki|127/256\n|-damage|p1b: Chimecho|5/293\n|\n|upkeep\n|\n|t:|1770507505\n|switch|p2a: Barraskewda|Barraskewda, L85, F|150/242\n|turn|14\n|\n|t:|1770507515\n|-terastallize|p2a: Barraskewda|Fighting\n|move|p1a: Regieleki|Thunderbolt|p2a: Barraskewda\n|-damage|p2a: Barraskewda|0 fnt\n|faint|p2a: Barraskewda\n|move|p1b: Chimecho|Heal Pulse|p1a: Regieleki\n|-heal|p1a: Regieleki|255/256\n|move|p2b: Blissey|Hyper Voice|p1a: Regieleki|[spread] p1a,p1b\n|-crit|p1a: Regieleki\n|-damage|p1a: Regieleki|77/256\n|-damage|p1b: Chimecho|0 fnt\n|faint|p1b: Chimecho\n|\n|upkeep\n|\n|t:|1770507533\n|switch|p2a: Politoed|Politoed, L82, M|82/282\n|switch|p1b: Wugtrio|Wugtrio, L92, M|214/214\n|-weather|RainDance|[from] ability: Drizzle|[of] p2a: Politoed\n|turn|15\n|\n|t:|1770507541\n|move|p1a: Regieleki|Thunderbolt|p2a: Politoed\n|-supereffective|p2a: Politoed\n|-damage|p2a: Politoed|0 fnt\n|faint|p2a: Politoed\n|move|p1b: Wugtrio|Liquidation|p2b: Blissey\n|-damage|p2b: Blissey|0 fnt\n|faint|p2b: Blissey\n|\n|win|IG Xeno IQ\n|raw|IG Xeno IQ's rating: 1559 &rarr; <strong>1582</strong><br />(+23 for winning)\n|raw|baseballlover's rating: 1608 &rarr; <strong>1585</strong><br />(-23 for losing)\n", "inputlog": ">version ccdc32dd7cde25fd9e4bed64820e885f66e78a4e\n>start {\"formatid\":\"gen9randomdoublesbattle\",\"seed\":\"sodium,ec2a85f3d3d966ecbe74d0682017be3d\",\"rated\":\"Rated battle\"}\n>player p1 {\"name\":\"IG Xeno IQ\",\"avatar\":\"102\",\"rating\":1559,\"seed\":\"sodium,2911a891ed2ac8230a21045d45b39fa6\"}\n>player p2 {\"name\":\"baseballlover\",\"avatar\":\"266\",\"rating\":1608,\"seed\":\"sodium,e303d60076a99b7e216d89b8c1e182dc\"}\n>p1 move leechseed +2, move bodypress +1\n>p2 move fakeout +2, move thunderwave +2\n>p1 move leechseed +1, switch 4\n>p2 move doubleedge +1, switch 4\n>p1 move protect, move thunderwave +2\n>p2 move knockoff +2, move firstimpression +1\n>p1 move leechseed +2, move healpulse -1\n>p2 switch 4, move leechlife +1\n>p1 move leechseed +1, switch 5\n>p2 move thunderwave +1, move leechlife +1\n>p1 move protect, move rockslide\n>p2 switch 5, move leechlife +1\n>p1 move leechseed +1 terastallize, switch 4\n>p2 move muddywater, move leechlife +1\n>p1 move protect, move wavecrash +2\n>p2 move muddywater, move leechlife +1\n>p2 pass, switch 6\n>p1 move appleacid +2, move bodypress +2\n>p2 switch 4, move closecombat +1\n>p1 switch 3, pass\n>p1 move protect, switch 5\n>p2 move fakeout +1, switch 5\n>p1 move thunderbolt +1, move psychic +1\n>p2 move doubleedge +2, move lifedew\n>p2 switch 3, pass\n>p1 move thunderbolt +1, move helpinghand -1\n>p2 move psychic +1, move hypervoice\n>p1 move thunderbolt +1, move healpulse -1\n>p2 move psychic +1, move hypervoice\n>p2 switch 5, pass\n>p1 move thunderbolt +1, move healpulse -1\n>p2 move waterfall +1 terastallize, move hypervoice\n>p1 pass, switch 6\n>p2 switch 4, pass\n>p1 move thunderbolt +1, move liquidation +2\n>p2 move muddywater, move hypervoice", "uploadtime": 1770507541, "views": 99, "formatid": "gen9randomdoublesbattle", "rating": 1582, "private": 0, "password": null}