{"id": "gen9randomdoublesbattle-2539904185", "format": "[Gen 9] Random Doubles Battle", "players": ["pixel_dragon9", "n8thegr8702"], "log": "|j|☆pixel_dragon9\n|j|☆n8thegr8702\n|t:|1771125013\n|gametype|doubles\n|player|p1|pixel_dragon9|102|1716\n|player|p2|n8thegr8702|nate|1700\n|gen|9\n|tier|[Gen 9] Random Doubles Battle\n|rated|\n|rule|Species Clause: Limit one of each Pokémon\n|rule|HP Percentage Mod: HP is shown in percentages\n|rule|Illusion Level Mod: Illusion disguises the Pokémon's true level\n|rule|Sleep Clause Mod: Limit one foe put to sleep\n|\n|t:|1771125013\n|teamsize|p1|6\n|teamsize|p2|6\n|start\n|switch|p1a: Ho-Oh|Ho-Oh, L70|264/264\n|switch|p1b: Revavroom|Revavroom, L84, F|272/272\n|switch|p2a: Hydreigon|Hydreigon, L82, M|285/285\n|switch|p2b: Glalie|Glalie, L94, M|303/303\n|turn|1\n|inactive|Battle timer is ON: inactive players will automatically lose when time's up. (requested by pixel_dragon9)\n|inactive|n8thegr8702 also wants the timer to be on.\n|\n|t:|1771125034\n|switch|p1b: Meowstic|Meowstic-F, L89, F|277/277\n|move|p2b: Glalie|Helping Hand|p2a: Hydreigon\n|-singleturn|p2a: Hydreigon|Helping Hand|[of] p2b: Glalie\n|move|p2a: Hydreigon|Heat Wave|p1b: Meowstic|[spread] p1a\n|-miss|p2a: Hydreigon|p1b: Meowstic\n|-resisted|p1a: Ho-Oh\n|-damage|p1a: Ho-Oh|213/264\n|move|p1a: Ho-Oh|Sacred Fire|p2b: Glalie\n|-supereffective|p2b: Glalie\n|-damage|p2b: Glalie|121/303\n|-enditem|p2b: Glalie|Sitrus Berry|[eat]\n|-heal|p2b: Glalie|196/303|[from] item: Sitrus Berry\n|\n|upkeep\n|turn|2\n|\n|t:|1771125060\n|switch|p2b: Iron Bundle|Iron Bundle, L78|215/215\n|-enditem|p2b: Iron Bundle|Booster Energy\n|-activate|p2b: Iron Bundle|ability: Quark Drive|[fromitem]\n|-start|p2b: Iron Bundle|quarkdrivespe\n|move|p1b: Meowstic|Alluring Voice|p2a: Hydreigon\n|-supereffective|p2a: Hydreigon\n|-damage|p2a: Hydreigon|0 fnt\n|faint|p2a: Hydreigon\n|-damage|p1b: Meowstic|250/277|[from] item: Life Orb\n|move|p1a: Ho-Oh|Sacred Fire|p2b: Iron Bundle\n|-damage|p2b: Iron Bundle|130/215\n|-status|p2b: Iron Bundle|brn\n|\n|-damage|p2b: Iron Bundle|117/215 brn|[from] brn\n|upkeep\n|inactive|n8thegr8702 has 120 seconds left.\n|\n|t:|1771125077\n|switch|p2a: Klefki|Klefki, L81, F|225/225\n|turn|3\n|\n|t:|1771125088\n|switch|p1a: Wo-Chien|Wo-Chien, L85|283/283\n|-ability|p1a: Wo-Chien|Tablets of Ruin\n|move|p2a: Klefki|Thunder Wave|p1b: Meowstic\n|-status|p1b: Meowstic|par\n|move|p2b: Iron Bundle|Hydro Pump|p1a: Wo-Chien\n|-resisted|p1a: Wo-Chien\n|-damage|p1a: Wo-Chien|236/283\n|move|p1b: Meowstic|Thunderbolt|p2b: Iron Bundle\n|-supereffective|p2b: Iron Bundle\n|-damage|p2b: Iron Bundle|0 fnt\n|faint|p2b: Iron Bundle\n|-end|p2b: Iron Bundle|Quark Drive|[silent]\n|-damage|p1b: Meowstic|223/277 par|[from] item: Life Orb\n|\n|upkeep\n|\n|t:|1771125101\n|switch|p2b: Eternatus|Eternatus, L70|312/312\n|-ability|p2b: Eternatus|Pressure\n|turn|4\n|\n|t:|1771125115\n|move|p2b: Eternatus|Meteor Beam||[still]\n|-prepare|p2b: Eternatus|Meteor Beam\n|-boost|p2b: Eternatus|spa|1\n|-enditem|p2b: Eternatus|Power Herb\n|-anim|p2b: Eternatus|Meteor Beam|p1b: Meowstic\n|-damage|p1b: Meowstic|93/277 par\n|move|p2a: Klefki|Dazzling Gleam|p1b: Meowstic|[spread] p1a,p1b\n|-supereffective|p1a: Wo-Chien\n|-damage|p1a: Wo-Chien|164/283\n|-damage|p1b: Meowstic|39/277 par\n|move|p1a: Wo-Chien|Leech Seed|p2a: Klefki\n|-start|p2a: Klefki|move: Leech Seed\n|move|p1b: Meowstic|Psychic|p2b: Eternatus\n|-supereffective|p2b: Eternatus\n|-damage|p2b: Eternatus|23/312\n|-damage|p1b: Meowstic|12/277 par|[from] item: Life Orb\n|\n|-damage|p2a: Klefki|197/225|[from] Leech Seed|[of] p1a: Wo-Chien\n|-heal|p1a: Wo-Chien|192/283|[silent]\n|upkeep\n|turn|5\n|\n|t:|1771125134\n|move|p1b: Meowstic|Protect|p1b: Meowstic\n|-singleturn|p1b: Meowstic|Protect\n|move|p2b: Eternatus|Fire Blast|p1a: Wo-Chien\n|-supereffective|p1a: Wo-Chien\n|-damage|p1a: Wo-Chien|20/283\n|-enditem|p1a: Wo-Chien|Sitrus Berry|[eat]\n|-heal|p1a: Wo-Chien|90/283|[from] item: Sitrus Berry\n|move|p2a: Klefki|Dazzling Gleam|p1b: Meowstic|[spread] p1a\n|-activate|p1b: Meowstic|move: Protect\n|-supereffective|p1a: Wo-Chien\n|-damage|p1a: Wo-Chien|12/283\n|move|p1a: Wo-Chien|Knock Off|p2b: Eternatus\n|-damage|p2b: Eternatus|0 fnt\n|faint|p2b: Eternatus\n|\n|-damage|p2a: Klefki|169/225|[from] Leech Seed|[of] p1a: Wo-Chien\n|-heal|p1a: Wo-Chien|40/283|[silent]\n|upkeep\n|-message|n8thegr8702 forfeited.\n|\n|win|pixel_dragon9\n|raw|pixel_dragon9's rating: 1716 &rarr; <strong>1735</strong><br />(+19 for winning)\n|raw|n8thegr8702's rating: 1700 &rarr; <strong>1681</strong><br />(-19 for losing)\n|l|☆n8thegr8702\n|player|p2|\n", "inputlog": ">version ccdc32dd7cde25fd9e4bed64820e885f66e78a4e\n>start {\"formatid\":\"gen9randomdoublesbattle\",\"seed\":\"sodium,fd6b8e765b31c251eff71c9578e355f1\",\"rated\":\"Rated battle\"}\n>player p1 {\"name\":\"pixel_dragon9\",\"avatar\":\"102\",\"rating\":1716,\"seed\":\"sodium,a5bb316bdf065f7a211fcf19336714cf\"}\n>player p2 {\"name\":\"n8thegr8702\",\"avatar\":\"nate\",\"rating\":1700,\"seed\":\"sodium,755ba556a5339d9b9bdf22e120ac6a61\"}\n>p1 move sacredfire +2, switch 5\n>p2 move heatwave, move helpinghand -1\n>p1 move sacredfire +2, move alluringvoice +1\n>p2 move heatwave, switch 3\n>p2 switch 4, pass\n>p1 switch 6, move thunderbolt +2\n>p2 move thunderwave +2, move hydropump +1\n>p2 pass, switch 6\n>p1 move leechseed +1, move psychic +2\n>p2 move dazzlinggleam, move meteorbeam +2\n>p1 move knockoff +2, move protect\n>p2 move dazzlinggleam, move fireblast +1\n>forcelose p2", "uploadtime": 1771125152, "views": 66, "formatid": "gen9randomdoublesbattle", "rating": 1681, "private": 0, "password": null}