{"id": "gen9randomdoublesbattle-2537604187", "format": "[Gen 9] Random Doubles Battle", "players": ["Jhavon", "astypasty"], "log": "|j|☆Jhavon\n|j|☆astypasty\n|t:|1770831275\n|gametype|doubles\n|player|p1|Jhavon|pokemonbreeder-gen4|1556\n|player|p2|astypasty|102|1621\n|gen|9\n|tier|[Gen 9] Random Doubles Battle\n|rated|\n|rule|Species Clause: Limit one of each Pokémon\n|rule|HP Percentage Mod: HP is shown in percentages\n|rule|Illusion Level Mod: Illusion disguises the Pokémon's true level\n|rule|Sleep Clause Mod: Limit one foe put to sleep\n|\n|t:|1770831275\n|teamsize|p1|6\n|teamsize|p2|6\n|start\n|switch|p1a: Reuniclus|Reuniclus, L84, F|322/322\n|switch|p1b: Palafin|Palafin, L79, M|288/288\n|switch|p2a: Pincurchin|Pincurchin, L97, M|250/250\n|switch|p2b: Cetitan|Cetitan, L83, M|418/418\n|-fieldstart|move: Electric Terrain|[from] ability: Electric Surge|[of] p2a: Pincurchin\n|turn|1\n|\n|t:|1770831298\n|move|p1b: Palafin|Flip Turn|p2a: Pincurchin\n|-damage|p2a: Pincurchin|190/250\n|\n|t:|1770831305\n|detailschange|p1b: Palafin|Palafin-Hero, L79, M\n|switch|p1b: Scream Tail|Scream Tail, L82|323/323|[from] Flip Turn\n|move|p2b: Cetitan|Icicle Crash|p1a: Reuniclus\n|-damage|p1a: Reuniclus|143/322\n|move|p2a: Pincurchin|Thunderbolt|p1a: Reuniclus\n|-damage|p1a: Reuniclus|0 fnt\n|faint|p1a: Reuniclus\n|\n|upkeep\n|\n|t:|1770831311\n|switch|p1a: Golem|Golem-Alola, L88, F|284/284\n|turn|2\n|\n|t:|1770831344\n|switch|p2b: Gogoat|Gogoat, L90, M|368/368\n|move|p1b: Scream Tail|Encore|p2a: Pincurchin\n|-start|p2a: Pincurchin|Encore\n|move|p1a: Golem|Rock Slide|p2b: Gogoat|[spread] p2a,p2b\n|-damage|p2a: Pincurchin|129/250\n|-damage|p2b: Gogoat|284/368\n|cant|p2a: Pincurchin|flinch\n|\n|upkeep\n|turn|3\n|\n|t:|1770831367\n|move|p1b: Scream Tail|Thunder Wave|p2b: Gogoat\n|-status|p2b: Gogoat|par\n|move|p1a: Golem|Rock Slide|p2b: Gogoat|[spread] p2a,p2b\n|-damage|p2a: Pincurchin|63/250\n|-damage|p2b: Gogoat|196/368 par\n|-enditem|p2a: Pincurchin|Sitrus Berry|[eat]\n|-heal|p2a: Pincurchin|125/250|[from] item: Sitrus Berry\n|cant|p2b: Gogoat|par\n|cant|p2a: Pincurchin|flinch\n|\n|upkeep\n|turn|4\n|\n|t:|1770831381\n|move|p1b: Scream Tail|Play Rough|p2b: Gogoat\n|-damage|p2b: Gogoat|109/368 par\n|move|p1a: Golem|Rock Slide|p2a: Pincurchin|[spread] p2a,p2b\n|-damage|p2a: Pincurchin|61/250\n|-damage|p2b: Gogoat|21/368 par\n|cant|p2b: Gogoat|flinch\n|cant|p2a: Pincurchin|flinch\n|\n|-end|p2a: Pincurchin|Encore\n|upkeep\n|turn|5\n|c|☆astypasty|Jesus christ\n|\n|t:|1770831401\n|move|p1b: Scream Tail|Play Rough|p2a: Pincurchin\n|-damage|p2a: Pincurchin|3/250\n|move|p1a: Golem|Rock Slide|p2a: Pincurchin|[spread] p2a,p2b\n|-damage|p2a: Pincurchin|0 fnt\n|-damage|p2b: Gogoat|0 fnt\n|faint|p2a: Pincurchin\n|faint|p2b: Gogoat\n|\n|-fieldend|move: Electric Terrain\n|upkeep\n|\n|t:|1770831413\n|switch|p2b: Dragalge|Dragalge, L88, F|258/258\n|switch|p2a: Lanturn|Lanturn, L87, F|359/359\n|turn|6\n|c|☆Jhavon|That’s ParaFlinch for you\n|\n|t:|1770831426\n|move|p1a: Golem|Protect|p1a: Golem\n|-singleturn|p1a: Golem|Protect\n|move|p1b: Scream Tail|Thunder Wave|p2b: Dragalge\n|-status|p2b: Dragalge|par\n|move|p2a: Lanturn|Electroweb|p1a: Golem|[spread] p1b\n|-activate|p1a: Golem|move: Protect\n|-damage|p1b: Scream Tail|292/323\n|-unboost|p1b: Scream Tail|spe|1\n|move|p2b: Dragalge|Sludge Bomb|p1b: Scream Tail\n|-supereffective|p1b: Scream Tail\n|-damage|p1b: Scream Tail|0 fnt\n|faint|p1b: Scream Tail\n|-end|p1b: Scream Tail|Protosynthesis|[silent]\n|-damage|p2b: Dragalge|233/258 par|[from] item: Life Orb\n|\n|upkeep\n|\n|t:|1770831440\n|switch|p1b: Lapras|Lapras, L83, M|351/351\n|turn|7\n|\n|t:|1770831459\n|move|p2a: Lanturn|Electroweb|p1a: Golem|[spread] p1a,p1b\n|-resisted|p1a: Golem\n|-supereffective|p1b: Lapras\n|-damage|p1a: Golem|260/284\n|-damage|p1b: Lapras|279/351\n|-unboost|p1a: Golem|spe|1\n|-unboost|p1b: Lapras|spe|1\n|move|p1b: Lapras|Freeze-Dry|p2a: Lanturn\n|-supereffective|p2a: Lanturn\n|-damage|p2a: Lanturn|267/359\n|move|p1a: Golem|Rock Slide|p2b: Dragalge|[spread] p2a,p2b\n|-damage|p2a: Lanturn|171/359\n|-damage|p2b: Dragalge|158/258 par\n|cant|p2b: Dragalge|flinch\n|\n|upkeep\n|turn|8\n|\n|t:|1770831475\n|move|p2a: Lanturn|Electroweb|p1a: Golem|[spread] p1a,p1b\n|-resisted|p1a: Golem\n|-supereffective|p1b: Lapras\n|-damage|p1a: Golem|236/284\n|-damage|p1b: Lapras|205/351\n|-unboost|p1a: Golem|spe|1\n|-unboost|p1b: Lapras|spe|1\n|move|p1b: Lapras|Icy Wind|p2b: Dragalge|[spread] p2a,p2b\n|-resisted|p2a: Lanturn\n|-supereffective|p2b: Dragalge\n|-damage|p2a: Lanturn|158/359\n|-damage|p2b: Dragalge|98/258 par\n|-unboost|p2a: Lanturn|spe|1\n|-unboost|p2b: Dragalge|spe|1\n|move|p1a: Golem|Rock Slide|p2b: Dragalge|[spread] p2a,p2b\n|-damage|p2a: Lanturn|64/359\n|-damage|p2b: Dragalge|20/258 par\n|cant|p2b: Dragalge|par\n|\n|upkeep\n|turn|9\n|\n|t:|1770831493\n|move|p2a: Lanturn|Electroweb|p1b: Lapras|[spread] p1a,p1b\n|-resisted|p1a: Golem\n|-supereffective|p1b: Lapras\n|-damage|p1a: Golem|212/284\n|-damage|p1b: Lapras|131/351\n|-unboost|p1a: Golem|spe|1\n|-unboost|p1b: Lapras|spe|1\n|-enditem|p1b: Lapras|Sitrus Berry|[eat]\n|-heal|p1b: Lapras|218/351|[from] item: Sitrus Berry\n|move|p1b: Lapras|Freeze-Dry|p2a: Lanturn\n|-supereffective|p2a: Lanturn\n|-damage|p2a: Lanturn|0 fnt\n|faint|p2a: Lanturn\n|move|p1a: Golem|Rock Slide|p2b: Dragalge\n|-damage|p2b: Dragalge|0 fnt\n|faint|p2b: Dragalge\n|\n|upkeep\n|\n|t:|1770831500\n|switch|p2a: Palafin|Palafin, L79, M|288/288\n|switch|p2b: Cetitan|Cetitan, L83, M|418/418\n|turn|10\n|\n|t:|1770831510\n|switch|p1a: Palafin|Palafin-Hero, L79, M|288/288\n|-activate|p1a: Palafin|ability: Zero to Hero\n|move|p2a: Palafin|Wave Crash|p1a: Palafin\n|-resisted|p1a: Palafin\n|-damage|p1a: Palafin|219/288\n|-damage|p2a: Palafin|265/288|[from] Recoil\n|move|p2b: Cetitan|Icicle Crash|p1b: Lapras\n|-resisted|p1b: Lapras\n|-damage|p1b: Lapras|171/351\n|move|p1b: Lapras|Icy Wind|p2b: Cetitan|[spread] p2a,p2b\n|-resisted|p2a: Palafin\n|-resisted|p2b: Cetitan\n|-damage|p2a: Palafin|237/288\n|-damage|p2b: Cetitan|391/418\n|-unboost|p2a: Palafin|spe|1\n|-unboost|p2b: Cetitan|spe|1\n|\n|upkeep\n|turn|11\n|-message|astypasty forfeited.\n|\n|win|Jhavon\n|raw|Jhavon's rating: 1556 &rarr; <strong>1580</strong><br />(+24 for winning)\n|raw|astypasty's rating: 1621 &rarr; <strong>1597</strong><br />(-24 for losing)\n|l|☆astypasty\n|player|p2|\n", "inputlog": ">version ccdc32dd7cde25fd9e4bed64820e885f66e78a4e\n>start {\"formatid\":\"gen9randomdoublesbattle\",\"seed\":\"sodium,d86bac1b5177a2fdb6849f4955224af7\",\"rated\":\"Rated battle\"}\n>player p1 {\"name\":\"Jhavon\",\"avatar\":\"pokemonbreeder-gen4\",\"rating\":1556,\"seed\":\"sodium,877647404aea15cd9162e21c83825bda\"}\n>player p2 {\"name\":\"astypasty\",\"avatar\":\"102\",\"rating\":1621,\"seed\":\"sodium,d1bb3e9dd554ea017df080e5c9e26115\"}\n>p1 move trickroom, move flipturn +1\n>p2 move thunderbolt +1, move iciclecrash +1\n>p1 pass, switch 5\n>p1 switch 4, pass\n>p1 move rockslide, move encore +1\n>p2 move electroweb, switch 3\n>p1 move rockslide, move thunderwave +2\n>p2 move thunderbolt +2, move hornleech +1\n>p1 move rockslide, move playrough +2\n>p2 move thunderbolt +2, move hornleech +1\n>chat ☆astypasty|Jesus christ\n>p1 move rockslide, move playrough +1\n>p2 move electroweb, move hornleech +1\n>p2 switch 4, switch 5\n>chat ☆Jhavon|That’s ParaFlinch for you\n>p1 move protect, move thunderwave +2\n>p2 move electroweb, move sludgebomb +2\n>p1 pass, switch 6\n>p1 move rockslide, move freezedry +1\n>p2 move electroweb, move hydropump +1\n>p1 move rockslide, move icywind\n>p2 move electroweb, move hydropump +1\n>p1 move rockslide, move freezedry +1\n>p2 move electroweb, move sludgebomb +2\n>p2 switch 6, switch 3\n>p1 switch 5, move icywind\n>p2 move wavecrash +1, move iciclecrash +2\n>forcelose p2", "uploadtime": 1770831519, "views": 69, "formatid": "gen9randomdoublesbattle", "rating": 1580, "private": 0, "password": null}