{"id": "gen9randomdoublesbattle-2538755093", "format": "[Gen 9] Random Doubles Battle", "players": ["psych1corpsych0tic", "yannick69"], "log": "|j|‽psych1corpsych0tic\n|j|☆yannick69\n|t:|1770969012\n|gametype|doubles\n|player|p1|psych1corpsych0tic|101|1905\n|player|p2|yannick69|hiker-gen4|1794\n|gen|9\n|tier|[Gen 9] Random Doubles Battle\n|rated|\n|rule|Species Clause: Limit one of each Pokémon\n|rule|HP Percentage Mod: HP is shown in percentages\n|rule|Illusion Level Mod: Illusion disguises the Pokémon's true level\n|rule|Sleep Clause Mod: Limit one foe put to sleep\n|\n|t:|1770969012\n|teamsize|p1|6\n|teamsize|p2|6\n|start\n|switch|p1a: Crawdaunt|Crawdaunt, L87, F|251/251\n|switch|p1b: Scrafty|Scrafty, L83, M|244/244\n|switch|p2a: Bruxish|Bruxish, L86, F|257/257\n|switch|p2b: Ludicolo|Ludicolo, L89, M|287/287\n|-ability|p1b: Scrafty|Intimidate|boost\n|-unboost|p2a: Bruxish|atk|1\n|-unboost|p2b: Ludicolo|atk|1\n|turn|1\n|inactive|Battle timer is ON: inactive players will automatically lose when time's up. (requested by psych1corpsych0tic)\n|\n|t:|1770969039\n|switch|p2a: Magnezone|Magnezone, L84|255/255\n|move|p1b: Scrafty|Fake Out|p2b: Ludicolo\n|-damage|p2b: Ludicolo|259/287\n|cant|p2b: Ludicolo|flinch\n|move|p1a: Crawdaunt|Knock Off|p2b: Ludicolo\n|-damage|p2b: Ludicolo|0 fnt\n|-enditem|p2b: Ludicolo|Life Orb|[from] move: Knock Off|[of] p1a: Crawdaunt\n|faint|p2b: Ludicolo\n|\n|upkeep\n|\n|t:|1770969056\n|switch|p2b: Diancie|Diancie, L77|204/204\n|turn|2\n|\n|t:|1770969070\n|switch|p1a: Quagsire|Quagsire, L91, F|321/321\n|switch|p1b: Probopass|Probopass, L90, M|254/254\n|-terastallize|p2b: Diancie|Fighting\n|move|p2a: Magnezone|Volt Switch|p1a: Quagsire\n|-immune|p1a: Quagsire\n|move|p2b: Diancie|Trick Room|p2b: Diancie\n|-fieldstart|move: Trick Room|[of] p2b: Diancie\n|\n|upkeep\n|turn|3\n|inactive|psych1corpsych0tic has 120 seconds left.\n|\n|t:|1770969110\n|switch|p1b: Scream Tail|Scream Tail, L82|323/323\n|move|p2b: Diancie|Diamond Storm|p1a: Quagsire|[spread] p1a,p1b\n|-resisted|p1a: Quagsire\n|-damage|p1a: Quagsire|288/321\n|-damage|p1b: Scream Tail|263/323\n|move|p1a: Quagsire|High Horsepower|p2a: Magnezone\n|-supereffective|p2a: Magnezone\n|-ability|p2a: Magnezone|Sturdy\n|-damage|p2a: Magnezone|1/255\n|move|p2a: Magnezone|Thunderbolt|p1b: Scream Tail\n|-damage|p1b: Scream Tail|157/323\n|-enditem|p1b: Scream Tail|Sitrus Berry|[eat]\n|-heal|p1b: Scream Tail|237/323|[from] item: Sitrus Berry\n|\n|upkeep\n|turn|4\n|inactive|psych1corpsych0tic has 120 seconds left.\n|\n|t:|1770969151\n|switch|p2a: Bruxish|Bruxish, L86, F|257/257\n|move|p2b: Diancie|Diamond Storm|p1a: Quagsire|[spread] p1a,p1b\n|-resisted|p1a: Quagsire\n|-crit|p1a: Quagsire\n|-damage|p1a: Quagsire|237/321\n|-damage|p1b: Scream Tail|179/323\n|move|p1a: Quagsire|Icy Wind|p2a: Bruxish|[spread] p2b\n|-miss|p1a: Quagsire|p2a: Bruxish\n|-damage|p2b: Diancie|187/204\n|move|p1b: Scream Tail|Encore|p2b: Diancie\n|-start|p2b: Diancie|Encore\n|\n|upkeep\n|turn|5\n|inactive|psych1corpsych0tic has 120 seconds left.\n|\n|t:|1770969174\n|move|p1b: Scream Tail|Helping Hand|p1a: Quagsire\n|-singleturn|p1a: Quagsire|Helping Hand|[of] p1b: Scream Tail\n|move|p2b: Diancie|Diamond Storm|p1a: Quagsire|[spread] p1a,p1b\n|-resisted|p1a: Quagsire\n|-damage|p1a: Quagsire|204/321\n|-damage|p1b: Scream Tail|113/323\n|-boost|p2b: Diancie|def|2\n|move|p1a: Quagsire|High Horsepower|p2a: Bruxish\n|-damage|p2a: Bruxish|68/257\n|move|p2a: Bruxish|Psychic Fangs|p1a: Quagsire\n|-damage|p1a: Quagsire|60/321\n|-enditem|p1a: Quagsire|Sitrus Berry|[eat]\n|-heal|p1a: Quagsire|140/321|[from] item: Sitrus Berry\n|\n|upkeep\n|turn|6\n|inactive|psych1corpsych0tic has 120 seconds left.\n|\n|t:|1770969204\n|move|p1b: Scream Tail|Helping Hand|p1a: Quagsire\n|-singleturn|p1a: Quagsire|Helping Hand|[of] p1b: Scream Tail\n|move|p2b: Diancie|Diamond Storm|p1b: Scream Tail|[spread] p1a,p1b\n|-resisted|p1a: Quagsire\n|-damage|p1a: Quagsire|110/321\n|-damage|p1b: Scream Tail|49/323\n|move|p1a: Quagsire|High Horsepower|p2b: Diancie\n|-damage|p2b: Diancie|69/204\n|-enditem|p2b: Diancie|Sitrus Berry|[eat]\n|-heal|p2b: Diancie|120/204|[from] item: Sitrus Berry\n|move|p2a: Bruxish|Psychic Fangs|p1a: Quagsire\n|-damage|p1a: Quagsire|0 fnt\n|faint|p1a: Quagsire\n|\n|-fieldend|move: Trick Room\n|upkeep\n|inactive|psych1corpsych0tic has 90 seconds left.\n|\n|t:|1770969228\n|switch|p1a: Probopass|Probopass, L90, M|254/254\n|turn|7\n|inactive|psych1corpsych0tic has 90 seconds left.\n|\n|t:|1770969250\n|switch|p2a: Donphan|Donphan, L87, M|298/298\n|move|p1b: Scream Tail|Play Rough|p2a: Donphan\n|-damage|p2a: Donphan|246/298\n|move|p1a: Probopass|Flash Cannon|p2b: Diancie\n|-damage|p2b: Diancie|66/204\n|move|p2b: Diancie|Diamond Storm|p1b: Scream Tail|[spread] p1a,p1b\n|-resisted|p1a: Probopass\n|-damage|p1a: Probopass|233/254\n|-damage|p1b: Scream Tail|0 fnt\n|faint|p1b: Scream Tail\n|-end|p1b: Scream Tail|Protosynthesis|[silent]\n|\n|-end|p2b: Diancie|Encore\n|upkeep\n|inactive|psych1corpsych0tic has 90 seconds left.\n|\n|t:|1770969276\n|switch|p1b: Crawdaunt|Crawdaunt, L87, F|251/251\n|turn|8\n|inactive|psych1corpsych0tic has 90 seconds left.\n|\n|t:|1770969306\n|-terastallize|p1a: Probopass|Fighting\n|move|p1b: Crawdaunt|Crabhammer|p2b: Diancie\n|-damage|p2b: Diancie|0 fnt\n|faint|p2b: Diancie\n|move|p2a: Donphan|High Horsepower|p1a: Probopass\n|-crit|p1a: Probopass\n|-damage|p1a: Probopass|124/254\n|move|p1a: Probopass|Flash Cannon|p2a: Donphan\n|-damage|p2a: Donphan|183/298\n|\n|upkeep\n|\n|t:|1770969324\n|switch|p2b: Bruxish|Bruxish, L86, F|68/257\n|turn|9\n|inactive|psych1corpsych0tic has 90 seconds left.\n|\n|t:|1770969335\n|switch|p1a: Scrafty|Scrafty, L83, M|244/244\n|-ability|p1a: Scrafty|Intimidate|boost\n|-unboost|p2a: Donphan|atk|1\n|-unboost|p2b: Bruxish|atk|1\n|move|p2b: Bruxish|Psychic Fangs|p1a: Scrafty\n|-immune|p1a: Scrafty\n|move|p1b: Crawdaunt|Crabhammer|p2a: Donphan\n|-supereffective|p2a: Donphan\n|-damage|p2a: Donphan|0 fnt\n|faint|p2a: Donphan\n|\n|upkeep\n|\n|t:|1770969339\n|switch|p2a: Magnezone|Magnezone, L84|1/255\n|turn|10\n|\n|t:|1770969356\n|switch|p2b: Grumpig|Grumpig, L91, F|293/293\n|move|p1a: Scrafty|Fake Out|p2a: Magnezone\n|-resisted|p2a: Magnezone\n|-crit|p2a: Magnezone\n|-damage|p2a: Magnezone|0 fnt\n|faint|p2a: Magnezone\n|move|p1b: Crawdaunt|Crabhammer|p2b: Grumpig\n|-crit|p2b: Grumpig\n|-damage|p2b: Grumpig|0 fnt\n|faint|p2b: Grumpig\n|\n|upkeep\n|-message|yannick69 forfeited.\n|\n|win|psych1corpsych0tic\n|raw|psych1corpsych0tic's rating: 1905 &rarr; <strong>1919</strong><br />(+14 for winning)\n|raw|yannick69's rating: 1794 &rarr; <strong>1780</strong><br />(-14 for losing)\n|l|☆yannick69\n|player|p2|\n", "inputlog": ">version ccdc32dd7cde25fd9e4bed64820e885f66e78a4e\n>start {\"formatid\":\"gen9randomdoublesbattle\",\"seed\":\"sodium,96f71c8e60750f2586c468067d657d54\",\"rated\":\"Rated battle\"}\n>player p1 {\"name\":\"psych1corpsych0tic\",\"avatar\":\"101\",\"rating\":1905,\"seed\":\"sodium,70bcf24876ef40b7b2edd72a6d1e5428\"}\n>player p2 {\"name\":\"yannick69\",\"avatar\":\"hiker-gen4\",\"rating\":1794,\"seed\":\"sodium,e6024532140625ab27d78fd3a733d19a\"}\n>p1 move knockoff +2, move fakeout +2\n>p2 switch 4, move energyball +1\n>p2 pass, switch 6\n>p1 switch 4, switch 3\n>p2 move voltswitch +1, move trickroom terastallize\n>p1 move highhorsepower +1, switch 6\n>p2 move thunderbolt +2, move diamondstorm\n>p1 move icywind, move encore +2\n>p2 switch 4, move diamondstorm\n>p1 move highhorsepower +1, move helpinghand -1\n>p2 move psychicfangs +1, move diamondstorm\n>p1 move highhorsepower +2, move helpinghand -1\n>p2 move psychicfangs +1, move diamondstorm\n>p1 switch 6, pass\n>p1 move flashcannon +2, move playrough +1\n>p2 switch 3, move diamondstorm\n>p1 pass, switch 4\n>p1 move flashcannon +2 terastallize, move crabhammer +2\n>p2 move highhorsepower +1, move trickroom\n>p2 pass, switch 3\n>p1 switch 3, move crabhammer +1\n>p2 move highhorsepower +2, move psychicfangs +1\n>p2 switch 4, pass\n>p1 move fakeout +1, move crabhammer +2\n>p2 move voltswitch +2, switch 5\n>forcelose p2", "uploadtime": 1770969368, "views": 81, "formatid": "gen9randomdoublesbattle", "rating": 1780, "private": 0, "password": null}