{"id": "gen9randomdoublesbattle-2534462082", "format": "[Gen 9] Random Doubles Battle", "players": ["Graygami3", "paletoswa"], "log": "|j|‽Graygami3\n|j|☆paletoswa\n|t:|1770423984\n|gametype|doubles\n|player|p1|Graygami3|skierf|1547\n|player|p2|paletoswa|n|1525\n|gen|9\n|tier|[Gen 9] Random Doubles Battle\n|rated|\n|rule|Species Clause: Limit one of each Pokémon\n|rule|HP Percentage Mod: HP is shown in percentages\n|rule|Illusion Level Mod: Illusion disguises the Pokémon's true level\n|rule|Sleep Clause Mod: Limit one foe put to sleep\n|\n|t:|1770423984\n|teamsize|p1|6\n|teamsize|p2|6\n|start\n|switch|p1a: Toxicroak|Toxicroak, L85, M|280/280\n|switch|p1b: Alcremie|Alcremie-Matcha-Cream, L90, F|263/263\n|switch|p2a: Fezandipiti|Fezandipiti, L81, M|275/275\n|switch|p2b: Comfey|Comfey, L88, M|233/233\n|turn|1\n|inactive|Battle timer is ON: inactive players will automatically lose when time's up. (requested by Graygami3)\n|\n|t:|1770424035\n|switch|p2b: Vileplume|Vileplume, L89, F|278/278\n|move|p1a: Toxicroak|Fake Out|p2a: Fezandipiti\n|-damage|p2a: Fezandipiti|241/275\n|cant|p2a: Fezandipiti|flinch\n|move|p1b: Alcremie|Decorate|p1a: Toxicroak\n|-boost|p1a: Toxicroak|atk|2\n|-boost|p1a: Toxicroak|spa|2\n|\n|upkeep\n|turn|2\n|\n|t:|1770424058\n|switch|p1b: Toxapex|Toxapex, L92, M|241/241\n|move|p2a: Fezandipiti|Icy Wind|p1b: Toxapex|[spread] p1a,p1b\n|-resisted|p1b: Toxapex\n|-damage|p1a: Toxicroak|252/280\n|-damage|p1b: Toxapex|234/241\n|-unboost|p1a: Toxicroak|spe|1\n|-unboost|p1b: Toxapex|spe|1\n|move|p2b: Vileplume|Stun Spore|p1a: Toxicroak\n|-status|p1a: Toxicroak|par\n|cant|p1a: Toxicroak|par\n|\n|-heal|p1b: Toxapex|241/241|[from] item: Leftovers\n|upkeep\n|turn|3\n|\n|t:|1770424081\n|move|p2a: Fezandipiti|Moonblast|p1a: Toxicroak\n|-damage|p1a: Toxicroak|161/280 par\n|move|p2b: Vileplume|Strength Sap|p1a: Toxicroak\n|-unboost|p1a: Toxicroak|atk|1\n|move|p1b: Toxapex|Infestation|p2b: Vileplume\n|-damage|p2b: Vileplume|267/278\n|-activate|p2b: Vileplume|move: Infestation|[of] p1b: Toxapex\n|move|p1a: Toxicroak|Gunk Shot|p2b: Vileplume\n|-damage|p2b: Vileplume|80/278\n|-enditem|p2b: Vileplume|Sitrus Berry|[eat]\n|-heal|p2b: Vileplume|149/278|[from] item: Sitrus Berry\n|\n|-damage|p2b: Vileplume|115/278|[from] move: Infestation|[partiallytrapped]\n|upkeep\n|turn|4\n|\n|t:|1770424104\n|switch|p1a: Alcremie|Alcremie-Matcha-Cream, L90, F|263/263\n|move|p2a: Fezandipiti|Moonblast|p1a: Alcremie\n|-damage|p1a: Alcremie|209/263\n|-unboost|p1a: Alcremie|spa|1\n|move|p2b: Vileplume|Strength Sap|p1a: Alcremie\n|-unboost|p1a: Alcremie|atk|1\n|-heal|p2b: Vileplume|228/278\n|move|p1b: Toxapex|Infestation|p2a: Fezandipiti\n|-resisted|p2a: Fezandipiti\n|-damage|p2a: Fezandipiti|240/275\n|-activate|p2a: Fezandipiti|move: Infestation|[of] p1b: Toxapex\n|\n|-damage|p2a: Fezandipiti|206/275|[from] move: Infestation|[partiallytrapped]\n|-damage|p2b: Vileplume|194/278|[from] move: Infestation|[partiallytrapped]\n|upkeep\n|turn|5\n|inactive|paletoswa has 120 seconds left.\n|\n|t:|1770424142\n|move|p1a: Alcremie|Protect|p1a: Alcremie\n|-singleturn|p1a: Alcremie|Protect\n|move|p1b: Toxapex|Baneful Bunker|p1b: Toxapex\n|-singleturn|p1b: Toxapex|move: Protect\n|move|p2a: Fezandipiti|Gunk Shot|p1a: Alcremie\n|-activate|p1a: Alcremie|move: Protect\n|move|p2b: Vileplume|Stun Spore|p1b: Toxapex\n|-activate|p1b: Toxapex|move: Protect\n|\n|-damage|p2a: Fezandipiti|172/275|[from] move: Infestation|[partiallytrapped]\n|-damage|p2b: Vileplume|160/278|[from] move: Infestation|[partiallytrapped]\n|upkeep\n|turn|6\n|inactive|Graygami3 has 120 seconds left.\n|\n|t:|1770424174\n|switch|p1b: Toxicroak|Toxicroak, L85, M|161/280 par\n|-terastallize|p1a: Alcremie|Steel\n|move|p2a: Fezandipiti|Gunk Shot|p1a: Alcremie\n|-immune|p1a: Alcremie\n|move|p1a: Alcremie|Decorate|p1b: Toxicroak\n|-boost|p1b: Toxicroak|atk|2\n|-boost|p1b: Toxicroak|spa|2\n|move|p2b: Vileplume|Stun Spore|p1b: Toxicroak\n|-fail|p1b: Toxicroak|par\n|\n|-end|p2a: Fezandipiti|Infestation|[partiallytrapped]|[silent]\n|-end|p2b: Vileplume|Infestation|[partiallytrapped]|[silent]\n|upkeep\n|turn|7\n|inactive|paletoswa has 120 seconds left.\n|\n|t:|1770424207\n|cant|p1b: Toxicroak|par\n|move|p2a: Fezandipiti|Icy Wind|p1a: Alcremie|[spread] p1a,p1b\n|-resisted|p1a: Alcremie\n|-damage|p1a: Alcremie|202/263\n|-damage|p1b: Toxicroak|135/280 par\n|-unboost|p1a: Alcremie|spe|1\n|-unboost|p1b: Toxicroak|spe|1\n|move|p2b: Vileplume|Strength Sap|p1b: Toxicroak\n|-unboost|p1b: Toxicroak|atk|1\n|-heal|p2b: Vileplume|278/278\n|move|p1a: Alcremie|Decorate|p1b: Toxicroak\n|-boost|p1b: Toxicroak|atk|2\n|-boost|p1b: Toxicroak|spa|2\n|\n|upkeep\n|turn|8\n|inactive|paletoswa has 120 seconds left.\n|\n|t:|1770424233\n|move|p1b: Toxicroak|Sucker Punch|p2a: Fezandipiti\n|-resisted|p2a: Fezandipiti\n|-damage|p2a: Fezandipiti|99/275\n|move|p2a: Fezandipiti|Moonblast|p1b: Toxicroak\n|-damage|p1b: Toxicroak|36/280 par\n|move|p2b: Vileplume|Sludge Bomb|p1b: Toxicroak\n|-resisted|p1b: Toxicroak\n|-damage|p1b: Toxicroak|0 fnt\n|faint|p1b: Toxicroak\n|move|p1a: Alcremie|Alluring Voice|p2a: Fezandipiti\n|-resisted|p2a: Fezandipiti\n|-damage|p2a: Fezandipiti|79/275\n|\n|upkeep\n|inactive|Graygami3 has 120 seconds left.\n|\n|t:|1770424253\n|switch|p1b: Volcanion|Volcanion, L75|244/244\n|turn|9\n|inactive|paletoswa has 120 seconds left.\n|\n|t:|1770424288\n|move|p2a: Fezandipiti|Moonblast|p1b: Volcanion\n|-resisted|p1b: Volcanion\n|-damage|p1b: Volcanion|202/244\n|move|p1b: Volcanion|Heat Wave|p2b: Vileplume|[spread] p2a,p2b\n|-supereffective|p2b: Vileplume\n|-damage|p2a: Fezandipiti|39/275\n|-damage|p2b: Vileplume|132/278\n|move|p2b: Vileplume|Sludge Bomb|p1b: Volcanion\n|-damage|p1b: Volcanion|78/244\n|-enditem|p1b: Volcanion|Sitrus Berry|[eat]\n|-heal|p1b: Volcanion|139/244|[from] item: Sitrus Berry\n|move|p1a: Alcremie|Decorate|p1b: Volcanion\n|-boost|p1b: Volcanion|atk|2\n|-boost|p1b: Volcanion|spa|2\n|\n|upkeep\n|turn|10\n|inactive|paletoswa has 120 seconds left.\n|\n|t:|1770424320\n|move|p1b: Volcanion|Protect|p1b: Volcanion\n|-singleturn|p1b: Volcanion|Protect\n|move|p2a: Fezandipiti|Icy Wind|p1a: Alcremie|[spread] p1a\n|-activate|p1b: Volcanion|move: Protect\n|-resisted|p1a: Alcremie\n|-damage|p1a: Alcremie|194/263\n|-unboost|p1a: Alcremie|spe|1\n|move|p2b: Vileplume|Sludge Bomb|p1b: Volcanion\n|-activate|p1b: Volcanion|move: Protect\n|move|p1a: Alcremie|Alluring Voice|p2a: Fezandipiti\n|-resisted|p2a: Fezandipiti\n|-damage|p2a: Fezandipiti|18/275\n|\n|upkeep\n|turn|11\n|\n|t:|1770424350\n|switch|p1b: Toxapex|Toxapex, L92, M|241/241\n|move|p2a: Fezandipiti|Icy Wind|p1a: Alcremie|[spread] p1a,p1b\n|-resisted|p1a: Alcremie\n|-resisted|p1b: Toxapex\n|-damage|p1a: Alcremie|186/263\n|-damage|p1b: Toxapex|235/241\n|-unboost|p1a: Alcremie|spe|1\n|-unboost|p1b: Toxapex|spe|1\n|move|p2b: Vileplume|Sludge Bomb|p1b: Toxapex\n|-resisted|p1b: Toxapex\n|-damage|p1b: Toxapex|196/241\n|move|p1a: Alcremie|Alluring Voice|p2a: Fezandipiti\n|-resisted|p2a: Fezandipiti\n|-damage|p2a: Fezandipiti|0 fnt\n|faint|p2a: Fezandipiti\n|\n|-heal|p1b: Toxapex|211/241|[from] item: Leftovers\n|upkeep\n|inactive|paletoswa has 120 seconds left.\n|\n|t:|1770424378\n|switch|p2a: Chesnaught|Chesnaught, L86, M|292/292\n|turn|12\n|inactive|paletoswa has 120 seconds left.\n|\n|t:|1770424401\n|switch|p1a: Breloom|Breloom, L84, F|238/238\n|move|p2a: Chesnaught|Leech Seed|p1b: Toxapex\n|-start|p1b: Toxapex|move: Leech Seed\n|move|p2b: Vileplume|Strength Sap|p1b: Toxapex\n|-unboost|p1b: Toxapex|atk|1\n|-heal|p2b: Vileplume|252/278\n|move|p1b: Toxapex|Toxic|p2a: Chesnaught\n|-status|p2a: Chesnaught|tox\n|\n|-heal|p1b: Toxapex|226/241|[from] item: Leftovers\n|-damage|p1b: Toxapex|196/241|[from] Leech Seed|[of] p2a: Chesnaught\n|-damage|p2a: Chesnaught|274/292 tox|[from] psn\n|upkeep\n|turn|13\n|\n|t:|1770424424\n|switch|p1a: Alcremie|Alcremie-Matcha-Cream, L90, F, tera:Steel|186/263\n|move|p2a: Chesnaught|Iron Defense|p2a: Chesnaught\n|-boost|p2a: Chesnaught|def|2\n|move|p2b: Vileplume|Sludge Bomb|p1a: Alcremie\n|-immune|p1a: Alcremie\n|move|p1b: Toxapex|Infestation|p2a: Chesnaught\n|-damage|p2a: Chesnaught|262/292 tox\n|-activate|p2a: Chesnaught|move: Infestation|[of] p1b: Toxapex\n|\n|-heal|p2a: Chesnaught|280/292 tox|[from] item: Leftovers\n|-heal|p1b: Toxapex|211/241|[from] item: Leftovers\n|-damage|p1b: Toxapex|181/241|[from] Leech Seed|[of] p2a: Chesnaught\n|-heal|p2a: Chesnaught|292/292 tox|[silent]\n|-damage|p2a: Chesnaught|256/292 tox|[from] psn\n|-damage|p2a: Chesnaught|220/292 tox|[from] move: Infestation|[partiallytrapped]\n|upkeep\n|turn|14\n|\n|t:|1770424442\n|move|p1a: Alcremie|Protect|p1a: Alcremie\n|-singleturn|p1a: Alcremie|Protect\n|move|p1b: Toxapex|Baneful Bunker|p1b: Toxapex\n|-singleturn|p1b: Toxapex|move: Protect\n|move|p2a: Chesnaught|Body Press|p1a: Alcremie\n|-activate|p1a: Alcremie|move: Protect\n|move|p2b: Vileplume|Stun Spore|p1b: Toxapex\n|-activate|p1b: Toxapex|move: Protect\n|\n|-heal|p2a: Chesnaught|238/292 tox|[from] item: Leftovers\n|-heal|p1b: Toxapex|196/241|[from] item: Leftovers\n|-damage|p1b: Toxapex|166/241|[from] Leech Seed|[of] p2a: Chesnaught\n|-heal|p2a: Chesnaught|268/292 tox|[silent]\n|-damage|p2a: Chesnaught|214/292 tox|[from] psn\n|-damage|p2a: Chesnaught|178/292 tox|[from] move: Infestation|[partiallytrapped]\n|upkeep\n|turn|15\n|inactive|Graygami3 has 120 seconds left.\n|\n|t:|1770424482\n|switch|p1a: Giratina|Giratina-Origin, L74|344/344\n|move|p2a: Chesnaught|Body Press|p1a: Giratina\n|-immune|p1a: Giratina\n|move|p2b: Vileplume|Stun Spore|p1b: Toxapex\n|-status|p1b: Toxapex|par\n|cant|p1b: Toxapex|par\n|\n|-heal|p2a: Chesnaught|196/292 tox|[from] item: Leftovers\n|-heal|p1b: Toxapex|181/241 par|[from] item: Leftovers\n|-damage|p1b: Toxapex|151/241 par|[from] Leech Seed|[of] p2a: Chesnaught\n|-heal|p2a: Chesnaught|226/292 tox|[silent]\n|-damage|p2a: Chesnaught|154/292 tox|[from] psn\n|-damage|p2a: Chesnaught|118/292 tox|[from] move: Infestation|[partiallytrapped]\n|upkeep\n|turn|16\n|inactive|Graygami3 has 120 seconds left.\n|\n|t:|1770424508\n|switch|p1a: Alcremie|Alcremie-Matcha-Cream, L90, F, tera:Steel|186/263\n|move|p2a: Chesnaught|Leech Seed|p1a: Alcremie\n|-start|p1a: Alcremie|move: Leech Seed\n|move|p2b: Vileplume|Stun Spore|p1a: Alcremie\n|-status|p1a: Alcremie|par\n|move|p1b: Toxapex|Recover|p1b: Toxapex\n|-heal|p1b: Toxapex|241/241 par\n|\n|-heal|p2a: Chesnaught|136/292 tox|[from] item: Leftovers\n|-damage|p1a: Alcremie|154/263 par|[from] Leech Seed|[of] p2a: Chesnaught\n|-heal|p2a: Chesnaught|168/292 tox|[silent]\n|-damage|p1b: Toxapex|211/241 par|[from] Leech Seed|[of] p2a: Chesnaught\n|-heal|p2a: Chesnaught|198/292 tox|[silent]\n|-damage|p2a: Chesnaught|108/292 tox|[from] psn\n|-damage|p2a: Chesnaught|72/292 tox|[from] move: Infestation|[partiallytrapped]\n|upkeep\n|turn|17\n|inactive|Graygami3 has 120 seconds left.\n|inactive|paletoswa has 120 seconds left.\n|\n|t:|1770424548\n|cant|p1a: Alcremie|par\n|move|p2a: Chesnaught|Leech Seed||[still]\n|-fail|p2a: Chesnaught\n|move|p2b: Vileplume|Pollen Puff|p1b: Toxapex\n|-resisted|p1b: Toxapex\n|-damage|p1b: Toxapex|188/241 par\n|move|p1b: Toxapex|Infestation|p2b: Vileplume\n|-damage|p2b: Vileplume|242/278\n|-activate|p2b: Vileplume|move: Infestation|[of] p1b: Toxapex\n|\n|-heal|p2a: Chesnaught|90/292 tox|[from] item: Leftovers\n|-heal|p1b: Toxapex|203/241 par|[from] item: Leftovers\n|-damage|p1a: Alcremie|122/263 par|[from] Leech Seed|[of] p2a: Chesnaught\n|-heal|p2a: Chesnaught|122/292 tox|[silent]\n|-damage|p1b: Toxapex|173/241 par|[from] Leech Seed|[of] p2a: Chesnaught\n|-heal|p2a: Chesnaught|152/292 tox|[silent]\n|-damage|p2a: Chesnaught|44/292 tox|[from] psn\n|-end|p2a: Chesnaught|Infestation|[partiallytrapped]\n|-damage|p2b: Vileplume|208/278|[from] move: Infestation|[partiallytrapped]\n|upkeep\n|-enditem|p1a: Alcremie|Sitrus Berry|[eat]\n|-heal|p1a: Alcremie|187/263 par|[from] item: Sitrus Berry\n|turn|18\n|inactive|Graygami3 has 120 seconds left.\n|inactive|paletoswa has 120 seconds left.\n|\n|t:|1770424575\n|switch|p1a: Breloom|Breloom, L84, F|238/238\n|move|p2a: Chesnaught|Body Press|p1a: Breloom\n|-damage|p1a: Breloom|16/238\n|move|p2b: Vileplume|Pollen Puff|p1a: Breloom\n|-crit|p1a: Breloom\n|-damage|p1a: Breloom|0 fnt\n|faint|p1a: Breloom\n|cant|p1b: Toxapex|par\n|\n|-heal|p2a: Chesnaught|62/292 tox|[from] item: Leftovers\n|-heal|p1b: Toxapex|188/241 par|[from] item: Leftovers\n|-damage|p1b: Toxapex|158/241 par|[from] Leech Seed|[of] p2a: Chesnaught\n|-heal|p2a: Chesnaught|92/292 tox|[silent]\n|-damage|p2a: Chesnaught|0 fnt|[from] psn\n|faint|p2a: Chesnaught\n|-damage|p2b: Vileplume|174/278|[from] move: Infestation|[partiallytrapped]\n|upkeep\n|inactive|Graygami3 has 90 seconds left.\n|\n|t:|1770424596\n|switch|p1a: Alcremie|Alcremie-Matcha-Cream, L90, F, tera:Steel|187/263 par\n|switch|p2a: Palafin|Palafin, L79, F|288/288\n|turn|19\n|inactive|paletoswa has 120 seconds left.\n|\n|t:|1770424610\n|detailschange|p2a: Palafin|Palafin-Hero, L79, F\n|switch|p2a: Comfey|Comfey, L88, M|233/233\n|move|p2b: Vileplume|Strength Sap|p1a: Alcremie\n|-unboost|p1a: Alcremie|atk|1\n|-heal|p2b: Vileplume|278/278\n|move|p1a: Alcremie|Alluring Voice|p2a: Comfey\n|-damage|p2a: Comfey|145/233\n|move|p1b: Toxapex|Toxic|p2a: Comfey\n|-status|p2a: Comfey|tox\n|\n|-heal|p1b: Toxapex|173/241 par|[from] item: Leftovers\n|-damage|p1b: Toxapex|143/241 par|[from] Leech Seed|[of] p2a: Comfey\n|-heal|p2a: Comfey|175/233 tox|[silent]\n|-damage|p2a: Comfey|161/233 tox|[from] psn\n|-damage|p2b: Vileplume|244/278|[from] move: Infestation|[partiallytrapped]\n|upkeep\n|turn|20\n|inactive|Graygami3 has 120 seconds left.\n|inactive|paletoswa has 120 seconds left.\n|\n|t:|1770424633\n|switch|p1b: Volcanion|Volcanion, L75|139/244\n|move|p1a: Alcremie|Protect|p1a: Alcremie\n|-singleturn|p1a: Alcremie|Protect\n|move|p2a: Comfey|Tailwind|p2a: Comfey\n|-sidestart|p2: paletoswa|move: Tailwind\n|move|p2b: Vileplume|Pollen Puff|p1a: Alcremie\n|-activate|p1a: Alcremie|move: Protect\n|\n|-damage|p2a: Comfey|133/233 tox|[from] psn\n|-end|p2b: Vileplume|Infestation|[partiallytrapped]|[silent]\n|upkeep\n|turn|21\n|\n|t:|1770424651\n|switch|p1b: Toxapex|Toxapex, L92, M|223/241 par\n|move|p2a: Comfey|Draining Kiss|p1b: Toxapex\n|-resisted|p1b: Toxapex\n|-damage|p1b: Toxapex|208/241 par\n|-heal|p2a: Comfey|144/233 tox|[from] drain|[of] p1b: Toxapex\n|move|p2b: Vileplume|Sludge Bomb|p1b: Toxapex\n|-resisted|p1b: Toxapex\n|-damage|p1b: Toxapex|174/241 par\n|move|p1a: Alcremie|Alluring Voice|p2a: Comfey\n|-damage|p2a: Comfey|54/233 tox\n|-enditem|p2a: Comfey|Sitrus Berry|[eat]\n|-heal|p2a: Comfey|112/233 tox|[from] item: Sitrus Berry\n|\n|-heal|p1b: Toxapex|189/241 par|[from] item: Leftovers\n|-damage|p2a: Comfey|70/233 tox|[from] psn\n|upkeep\n|turn|22\n|\n|t:|1770424681\n|move|p2a: Comfey|Draining Kiss|p1a: Alcremie\n|-resisted|p1a: Alcremie\n|-damage|p1a: Alcremie|170/263 par\n|-heal|p2a: Comfey|83/233 tox|[from] drain|[of] p1a: Alcremie\n|move|p2b: Vileplume|Pollen Puff|p1a: Alcremie\n|-resisted|p1a: Alcremie\n|-damage|p1a: Alcremie|140/263 par\n|move|p1a: Alcremie|Alluring Voice|p2a: Comfey\n|-damage|p2a: Comfey|0 fnt\n|faint|p2a: Comfey\n|move|p1b: Toxapex|Infestation|p2b: Vileplume\n|-damage|p2b: Vileplume|234/278\n|-activate|p2b: Vileplume|move: Infestation|[of] p1b: Toxapex\n|\n|-heal|p1b: Toxapex|204/241 par|[from] item: Leftovers\n|-damage|p2b: Vileplume|200/278|[from] move: Infestation|[partiallytrapped]\n|upkeep\n|\n|t:|1770424686\n|switch|p2a: Kyurem|Kyurem-Black, L75|311/311\n|-ability|p2a: Kyurem|Teravolt\n|turn|23\n|\n|t:|1770424718\n|move|p1b: Toxapex|Baneful Bunker|p1b: Toxapex\n|-singleturn|p1b: Toxapex|move: Protect\n|move|p2a: Kyurem|Fusion Bolt|p1b: Toxapex\n|-activate|p1b: Toxapex|move: Protect\n|move|p2b: Vileplume|Pollen Puff|p1a: Alcremie\n|-resisted|p1a: Alcremie\n|-damage|p1a: Alcremie|112/263 par\n|move|p1a: Alcremie|Alluring Voice|p2a: Kyurem\n|-supereffective|p2a: Kyurem\n|-damage|p2a: Kyurem|77/311\n|\n|-heal|p1b: Toxapex|219/241 par|[from] item: Leftovers\n|-damage|p2b: Vileplume|166/278|[from] move: Infestation|[partiallytrapped]\n|-sideend|p2: paletoswa|move: Tailwind\n|upkeep\n|turn|24\n|\n|t:|1770424737\n|switch|p1b: Giratina|Giratina-Origin, L74|344/344\n|-terastallize|p2a: Kyurem|Electric\n|move|p2a: Kyurem|Fusion Bolt|p1b: Giratina\n|-resisted|p1b: Giratina\n|-damage|p1b: Giratina|278/344\n|move|p2b: Vileplume|Strength Sap|p1b: Giratina\n|-unboost|p1b: Giratina|atk|1\n|-heal|p2b: Vileplume|278/278\n|move|p1a: Alcremie|Alluring Voice|p2a: Kyurem\n|-damage|p2a: Kyurem|0 fnt\n|faint|p2a: Kyurem\n|\n|-end|p2b: Vileplume|Infestation|[partiallytrapped]|[silent]\n|upkeep\n|\n|t:|1770424744\n|switch|p2a: Palafin|Palafin-Hero, L79, F|288/288\n|-activate|p2a: Palafin|ability: Zero to Hero\n|turn|25\n|inactive|paletoswa has 120 seconds left.\n|inactive|paletoswa has 90 seconds left.\n|inactive|paletoswa has 60 seconds left.\n|inactive|paletoswa has 30 seconds left.\n|inactive|paletoswa has 20 seconds left.\n|inactive|paletoswa has 15 seconds left.\n|\n|t:|1770424880\n|switch|p1b: Toxapex|Toxapex, L92, M|241/241 par\n|switch|p1a: Volcanion|Volcanion, L75|139/244\n|move|p2a: Palafin|Wave Crash|p1a: Volcanion\n|-heal|p1a: Volcanion|200/244|[from] ability: Water Absorb|[of] p2a: Palafin\n|move|p2b: Vileplume|Stun Spore|p1b: Toxapex\n|-fail|p1b: Toxapex|par\n|\n|upkeep\n|turn|26\n|-message|paletoswa forfeited.\n|\n|win|Graygami3\n|raw|Graygami3's rating: 1547 &rarr; <strong>1566</strong><br />(+19 for winning)\n|raw|paletoswa's rating: 1525 &rarr; <strong>1506</strong><br />(-19 for losing)\n|l|☆paletoswa\n|player|p2|\n", "inputlog": ">version ccdc32dd7cde25fd9e4bed64820e885f66e78a4e\n>start {\"formatid\":\"gen9randomdoublesbattle\",\"seed\":\"sodium,f09574dbf885f2de79309c2d79427768\",\"rated\":\"Rated battle\"}\n>player p1 {\"name\":\"Graygami3\",\"avatar\":\"skierf\",\"rating\":1547,\"seed\":\"sodium,3496bf4f620a6bb53e0cf52792b8f06a\"}\n>player p2 {\"name\":\"paletoswa\",\"avatar\":\"n\",\"rating\":1525,\"seed\":\"sodium,80217fd4fe08c9b4c579ccb314c8575d\"}\n>p1 move fakeout +1, move decorate -1\n>p2 move gunkshot +2, switch 5\n>p1 move gunkshot +2, switch 4\n>p2 move icywind, move stunspore +1\n>p1 move gunkshot +2, move infestation +2\n>p2 move moonblast +1, move strengthsap +1\n>p1 switch 4, move infestation +1\n>p2 move moonblast +1, move strengthsap +1\n>p1 move protect, move banefulbunker\n>p2 move gunkshot +1, move stunspore +2\n>p1 move decorate -2 terastallize, switch 4\n>p2 move gunkshot +1, move stunspore +2\n>p1 move decorate -2, move fakeout +1\n>p2 move icywind, move strengthsap +2\n>p1 move alluringvoice +1, move suckerpunch +1\n>p2 move moonblast +2, move sludgebomb +2\n>p1 pass, switch 3\n>p1 move decorate -2, move heatwave\n>p2 move moonblast +2, move sludgebomb +2\n>p1 move alluringvoice +1, move protect\n>p2 move icywind, move sludgebomb +2\n>p1 move alluringvoice +1, switch 4\n>p2 move icywind, move sludgebomb +2\n>p2 switch 4, pass\n>p1 switch 5, move toxic +1\n>p2 move leechseed +2, move strengthsap +2\n>p1 switch 5, move infestation +1\n>p2 move irondefense, move sludgebomb +1\n>p1 move protect, move banefulbunker\n>p2 move bodypress +1, move stunspore +2\n>p1 switch 6, move recover\n>p2 move bodypress +1, move stunspore +2\n>p1 switch 6, move recover\n>p2 move leechseed +1, move stunspore +1\n>p1 move protect, move infestation +2\n>p2 move leechseed +1, move pollenpuff +2\n>p1 switch 5, move recover\n>p2 move bodypress +1, move pollenpuff +1\n>p1 switch 5, pass\n>p2 switch 3, pass\n>p1 move alluringvoice +1, move toxic +1\n>p2 switch 5, move strengthsap +1\n>p1 move protect, switch 4\n>p2 move tailwind, move pollenpuff +1\n>p1 move alluringvoice +1, switch 4\n>p2 move drainingkiss +2, move sludgebomb +2\n>p1 move alluringvoice +1, move infestation +2\n>p2 move drainingkiss +1, move pollenpuff +1\n>p2 switch 6, pass\n>p1 move alluringvoice +1, move banefulbunker\n>p2 move fusionbolt +2, move pollenpuff +1\n>p1 move alluringvoice +1, switch 6\n>p2 move fusionbolt +2 terastallize, move strengthsap +2\n>p2 switch 5, pass\n>p1 switch 4, switch 6\n>p2 move wavecrash +1, move stunspore +2\n>forcelose p2", "uploadtime": 1770424892, "views": 93, "formatid": "gen9randomdoublesbattle", "rating": 1506, "private": 0, "password": null}