{"id": "gen9randomdoublesbattle-2538670054", "format": "[Gen 9] Random Doubles Battle", "players": ["bitesthedust69", "Darkkage24"], "log": "|j|☆bitesthedust69\n|j|☆Darkkage24\n|t:|1770954610\n|gametype|doubles\n|player|p1|bitesthedust69|dawn-gen4pt|1558\n|player|p2|Darkkage24|red|1560\n|gen|9\n|tier|[Gen 9] Random Doubles Battle\n|rated|\n|rule|Species Clause: Limit one of each Pokémon\n|rule|HP Percentage Mod: HP is shown in percentages\n|rule|Illusion Level Mod: Illusion disguises the Pokémon's true level\n|rule|Sleep Clause Mod: Limit one foe put to sleep\n|\n|t:|1770954610\n|teamsize|p1|6\n|teamsize|p2|6\n|start\n|switch|p1a: Umbreon|Umbreon, L85, M|300/300\n|switch|p1b: Magcargo|Magcargo, L93, F|262/262\n|switch|p2a: Stonjourner|Stonjourner, L88, F|319/319\n|switch|p2b: Golurk|Golurk, L86|293/293\n|turn|1\n|inactive|Battle timer is ON: inactive players will automatically lose when time's up. (requested by bitesthedust69)\n|l|☆Darkkage24\n|inactive|Darkkage24 disconnected and has a minute to reconnect!\n|player|p2|\n|j|☆Darkkage24\n|inactive|Darkkage24 reconnected and has 140 seconds left.\n|player|p2|Darkkage24|red|\n|\n|t:|1770954637\n|-terastallize|p2b: Golurk|Fighting\n|move|p1b: Magcargo|Protect|p1b: Magcargo\n|-singleturn|p1b: Magcargo|Protect\n|move|p2a: Stonjourner|Rock Polish|p2a: Stonjourner\n|-boost|p2a: Stonjourner|spe|2\n|move|p1a: Umbreon|Foul Play|p2b: Golurk\n|-resisted|p2b: Golurk\n|-crit|p2b: Golurk\n|-damage|p2b: Golurk|194/293\n|move|p2b: Golurk|High Horsepower|p1b: Magcargo\n|-activate|p1b: Magcargo|move: Protect\n|\n|upkeep\n|turn|2\n|\n|t:|1770954657\n|switch|p1b: Mandibuzz|Mandibuzz, L85, F|326/326\n|move|p2a: Stonjourner|High Horsepower|p1b: Mandibuzz\n|-immune|p1b: Mandibuzz\n|move|p1a: Umbreon|Thunder Wave|p2a: Stonjourner\n|-status|p2a: Stonjourner|par\n|move|p2b: Golurk|Dynamic Punch|p1a: Umbreon\n|-supereffective|p1a: Umbreon\n|-damage|p1a: Umbreon|12/300\n|-start|p1a: Umbreon|confusion\n|-enditem|p1a: Umbreon|Sitrus Berry|[eat]\n|-heal|p1a: Umbreon|87/300|[from] item: Sitrus Berry\n|\n|upkeep\n|turn|3\n|\n|t:|1770954679\n|move|p1b: Mandibuzz|Toxic|p2b: Golurk\n|-status|p2b: Golurk|tox\n|move|p2a: Stonjourner|Rock Polish|p2a: Stonjourner\n|-boost|p2a: Stonjourner|spe|2\n|-activate|p1a: Umbreon|confusion\n|-damage|p1a: Umbreon|72/300|[from] confusion\n|move|p2b: Golurk|Stone Edge|p1b: Mandibuzz\n|-supereffective|p1b: Mandibuzz\n|-damage|p1b: Mandibuzz|140/326\n|-enditem|p1b: Mandibuzz|Sitrus Berry|[eat]\n|-heal|p1b: Mandibuzz|221/326|[from] item: Sitrus Berry\n|\n|-damage|p2b: Golurk|176/293 tox|[from] psn\n|upkeep\n|turn|4\n|\n|t:|1770954696\n|move|p2a: Stonjourner|Stone Edge|p1b: Mandibuzz\n|-supereffective|p1b: Mandibuzz\n|-damage|p1b: Mandibuzz|0 fnt\n|faint|p1b: Mandibuzz\n|-damage|p2a: Stonjourner|288/319 par|[from] item: Life Orb\n|-activate|p1a: Umbreon|confusion\n|move|p1a: Umbreon|Foul Play|p2a: Stonjourner\n|-damage|p2a: Stonjourner|194/319 par\n|move|p2b: Golurk|Stone Edge|p1a: Umbreon\n|-crit|p1a: Umbreon\n|-damage|p1a: Umbreon|0 fnt\n|faint|p1a: Umbreon\n|\n|-damage|p2b: Golurk|140/293 tox|[from] psn\n|upkeep\n|\n|t:|1770954700\n|switch|p1b: Hawlucha|Hawlucha, L84, F|268/268\n|switch|p1a: Rillaboom|Rillaboom, L81, M|295/295\n|-fieldstart|move: Grassy Terrain|[from] ability: Grassy Surge|[of] p1a: Rillaboom\n|turn|5\n|inactive|bitesthedust69 has 120 seconds left.\n|\n|t:|1770954732\n|move|p1a: Rillaboom|Fake Out|p2b: Golurk\n|-damage|p2b: Golurk|106/293 tox\n|move|p2a: Stonjourner|Heat Crash|p1a: Rillaboom\n|-supereffective|p1a: Rillaboom\n|-damage|p1a: Rillaboom|14/295\n|-damage|p2a: Stonjourner|163/319 par|[from] item: Life Orb\n|move|p1b: Hawlucha|Swords Dance|p1b: Hawlucha\n|-boost|p1b: Hawlucha|atk|2\n|cant|p2b: Golurk|flinch\n|\n|-heal|p2a: Stonjourner|182/319 par|[from] Grassy Terrain\n|-heal|p1a: Rillaboom|32/295|[from] Grassy Terrain\n|-heal|p2b: Golurk|124/293 tox|[from] Grassy Terrain\n|-damage|p2b: Golurk|70/293 tox|[from] psn\n|upkeep\n|turn|6\n|\n|t:|1770954745\n|move|p1a: Rillaboom|Grassy Glide|p2a: Stonjourner\n|-supereffective|p2a: Stonjourner\n|-damage|p2a: Stonjourner|62/319 par\n|move|p2a: Stonjourner|Heat Crash|p1b: Hawlucha\n|-damage|p1b: Hawlucha|99/268\n|-damage|p2a: Stonjourner|31/319 par|[from] item: Life Orb\n|move|p1b: Hawlucha|Close Combat|p2b: Golurk\n|-damage|p2b: Golurk|0 fnt\n|-unboost|p1b: Hawlucha|def|1\n|-unboost|p1b: Hawlucha|spd|1\n|faint|p2b: Golurk\n|-enditem|p1b: Hawlucha|White Herb\n|-clearnegativeboost|p1b: Hawlucha|[silent]\n|\n|-heal|p2a: Stonjourner|50/319 par|[from] Grassy Terrain\n|-heal|p1a: Rillaboom|50/295|[from] Grassy Terrain\n|upkeep\n|\n|t:|1770954760\n|switch|p2b: Toxicroak|Toxicroak, L85, M|280/280\n|turn|7\n|\n|t:|1770954777\n|move|p2b: Toxicroak|Sucker Punch|p1b: Hawlucha\n|-resisted|p1b: Hawlucha\n|-damage|p1b: Hawlucha|44/268\n|-damage|p2b: Toxicroak|252/280|[from] item: Life Orb\n|move|p1a: Rillaboom|Grassy Glide|p2a: Stonjourner\n|-supereffective|p2a: Stonjourner\n|-damage|p2a: Stonjourner|0 fnt\n|faint|p2a: Stonjourner\n|move|p1b: Hawlucha|Brave Bird|p2b: Toxicroak\n|-supereffective|p2b: Toxicroak\n|-damage|p2b: Toxicroak|0 fnt\n|faint|p2b: Toxicroak\n|-damage|p1b: Hawlucha|0 fnt|[from] Recoil\n|faint|p1b: Hawlucha\n|\n|-heal|p1a: Rillaboom|68/295|[from] Grassy Terrain\n|upkeep\n|\n|t:|1770954790\n|switch|p1b: Eiscue|Eiscue, L89, F|278/278\n|switch|p2b: Swampert|Swampert, L82, M|298/298\n|switch|p2a: Maushold|Maushold-Four, L79|247/247\n|turn|8\n|\n|t:|1770954799\n|switch|p2b: Appletun|Appletun, L92, M|352/352\n|move|p1a: Rillaboom|Grassy Glide|p2b: Appletun\n|-resisted|p2b: Appletun\n|-damage|p2b: Appletun|332/352\n|move|p2a: Maushold|Population Bomb|p1a: Rillaboom\n|-damage|p1a: Rillaboom|43/295\n|-damage|p1a: Rillaboom|18/295\n|-damage|p1a: Rillaboom|0 fnt\n|faint|p1a: Rillaboom\n|-hitcount|p1: Rillaboom|3\n|move|p1b: Eiscue|Belly Drum|p1b: Eiscue\n|-damage|p1b: Eiscue|139/278\n|-setboost|p1b: Eiscue|atk|6|[from] move: Belly Drum\n|-enditem|p1b: Eiscue|Sitrus Berry|[eat]\n|-heal|p1b: Eiscue|208/278|[from] item: Sitrus Berry\n|\n|-heal|p1b: Eiscue|225/278|[from] Grassy Terrain\n|-heal|p2b: Appletun|352/352|[from] Grassy Terrain\n|upkeep\n|\n|t:|1770954804\n|switch|p1a: Magcargo|Magcargo, L93, F|262/262\n|turn|9\n|\n|t:|1770954825\n|move|p2a: Maushold|Encore|p1b: Eiscue\n|-start|p1b: Eiscue|Encore\n|move|p1b: Eiscue|Belly Drum||[still]\n|-fail|p1b: Eiscue\n|move|p1a: Magcargo|Shell Smash|p1a: Magcargo\n|-unboost|p1a: Magcargo|def|1\n|-unboost|p1a: Magcargo|spd|1\n|-boost|p1a: Magcargo|atk|2\n|-boost|p1a: Magcargo|spa|2\n|-boost|p1a: Magcargo|spe|2\n|move|p2b: Appletun|Leech Seed|p1b: Eiscue\n|-start|p1b: Eiscue|move: Leech Seed\n|\n|-heal|p1b: Eiscue|242/278|[from] Grassy Terrain\n|-damage|p1b: Eiscue|208/278|[from] Leech Seed|[of] p2b: Appletun\n|-fieldend|move: Grassy Terrain\n|upkeep\n|turn|10\n|\n|t:|1770954840\n|move|p2a: Maushold|Encore|p1a: Magcargo\n|-start|p1a: Magcargo|Encore\n|move|p1a: Magcargo|Shell Smash|p1a: Magcargo\n|-unboost|p1a: Magcargo|def|1\n|-unboost|p1a: Magcargo|spd|1\n|-boost|p1a: Magcargo|atk|2\n|-boost|p1a: Magcargo|spa|2\n|-boost|p1a: Magcargo|spe|2\n|move|p1b: Eiscue|Belly Drum||[still]\n|-fail|p1b: Eiscue\n|move|p2b: Appletun|Leech Seed|p1a: Magcargo\n|-start|p1a: Magcargo|move: Leech Seed\n|\n|-damage|p1a: Magcargo|230/262|[from] Leech Seed|[of] p2b: Appletun\n|-damage|p1b: Eiscue|174/278|[from] Leech Seed|[of] p2b: Appletun\n|upkeep\n|turn|11\n|\n|t:|1770954857\n|move|p1a: Magcargo|Shell Smash|p1a: Magcargo\n|-unboost|p1a: Magcargo|def|1\n|-unboost|p1a: Magcargo|spd|1\n|-boost|p1a: Magcargo|atk|2\n|-boost|p1a: Magcargo|spa|2\n|-boost|p1a: Magcargo|spe|2\n|move|p2a: Maushold|Population Bomb|p1b: Eiscue\n|-activate|p1b: Eiscue|ability: Ice Face\n|-damage|p1b: Eiscue|174/278\n|detailschange|p1b: Eiscue|Eiscue-Noice, L89, F\n|-damage|p1b: Eiscue|146/278\n|-damage|p1b: Eiscue|118/278\n|-damage|p1b: Eiscue|88/278\n|-damage|p1b: Eiscue|63/278\n|-damage|p1b: Eiscue|35/278\n|-damage|p1b: Eiscue|7/278\n|-hitcount|p1b: Eiscue|7\n|move|p1b: Eiscue|Belly Drum||[still]\n|-fail|p1b: Eiscue\n|move|p2b: Appletun|Dragon Pulse|p1b: Eiscue\n|-damage|p1b: Eiscue|0 fnt\n|faint|p1b: Eiscue\n|\n|-damage|p1a: Magcargo|198/262|[from] Leech Seed|[of] p2b: Appletun\n|upkeep\n|turn|12\n|\n|t:|1770954883\n|move|p1a: Magcargo|Shell Smash|p1a: Magcargo\n|-unboost|p1a: Magcargo|def|1\n|-unboost|p1a: Magcargo|spd|1\n|-boost|p1a: Magcargo|atk|0\n|-boost|p1a: Magcargo|spa|0\n|-boost|p1a: Magcargo|spe|0\n|move|p2a: Maushold|Population Bomb|p1a: Magcargo\n|-resisted|p1a: Magcargo\n|-damage|p1a: Magcargo|174/262\n|-ability|p1a: Magcargo|Weak Armor|boost\n|-unboost|p1a: Magcargo|def|1\n|-resisted|p1a: Magcargo\n|-damage|p1a: Magcargo|145/262\n|-ability|p1a: Magcargo|Weak Armor|boost\n|-unboost|p1a: Magcargo|def|1\n|-resisted|p1a: Magcargo\n|-damage|p1a: Magcargo|111/262\n|-resisted|p1a: Magcargo\n|-damage|p1a: Magcargo|76/262\n|-resisted|p1a: Magcargo\n|-damage|p1a: Magcargo|42/262\n|-resisted|p1a: Magcargo\n|-damage|p1a: Magcargo|6/262\n|-resisted|p1a: Magcargo\n|-damage|p1a: Magcargo|0 fnt\n|faint|p1a: Magcargo\n|-hitcount|p1: Magcargo|7\n|\n|win|Darkkage24\n|raw|bitesthedust69's rating: 1558 &rarr; <strong>1538</strong><br />(-20 for losing)\n|raw|Darkkage24's rating: 1560 &rarr; <strong>1580</strong><br />(+20 for winning)\n|l|☆bitesthedust69\n|player|p1|\n", "inputlog": ">version ccdc32dd7cde25fd9e4bed64820e885f66e78a4e\n>start {\"formatid\":\"gen9randomdoublesbattle\",\"seed\":\"sodium,67c6592df7d443802d393a9ab5d6064a\",\"rated\":\"Rated battle\"}\n>player p1 {\"name\":\"bitesthedust69\",\"avatar\":\"dawn-gen4pt\",\"rating\":1558,\"seed\":\"sodium,a02ba4115dd5979a226306a901371093\"}\n>player p2 {\"name\":\"Darkkage24\",\"avatar\":\"red\",\"rating\":1560,\"seed\":\"sodium,78f0ddd5c00b755ab1c0215bfafc10c1\"}\n>p1 move foulplay +2, move protect\n>p2 move rockpolish, move highhorsepower +2 terastallize\n>p1 move thunderwave +1, switch 5\n>p2 move highhorsepower +2, move dynamicpunch +1\n>p1 move thunderwave +2, move toxic +2\n>p2 move rockpolish, move stoneedge +2\n>p1 move foulplay +1, move tailwind\n>p2 move stoneedge +2, move stoneedge +2\n>p1 switch 6, switch 4\n>p1 move fakeout +2, move swordsdance\n>p2 move heatcrash +1, move poltergeist +1\n>p1 move grassyglide +1, move closecombat +2\n>p2 move heatcrash +2, move dynamicpunch +2\n>p2 pass, switch 5\n>p1 move grassyglide +1, move bravebird +2\n>p2 move heatcrash +2, move suckerpunch +2\n>p1 pass, switch 3\n>p2 switch 6, switch 4\n>p1 move grassyglide +2, move bellydrum\n>p2 move populationbomb +1, switch 3\n>p1 switch 5, pass\n>p1 move shellsmash, move liquidation +1\n>p2 move encore +2, move leechseed +2\n>p1 move heatwave, move bellydrum\n>p2 move encore +1, move leechseed +1\n>p1 move shellsmash, move bellydrum\n>p2 move populationbomb +2, move dragonpulse +2\n>p1 move shellsmash, pass\n>p2 move populationbomb +1, move appleacid +1", "uploadtime": 1770954906, "views": 75, "formatid": "gen9randomdoublesbattle", "rating": 1538, "private": 0, "password": null}