{"id": "gen9randomdoublesbattle-2538460889", "format": "[Gen 9] Random Doubles Battle", "players": ["ez1717", "nwemadeit"], "log": "|j|☆ez1717\n|j|☆nwemadeit\n|t:|1770929773\n|gametype|doubles\n|player|p1|ez1717|169|1695\n|player|p2|nwemadeit|1|1768\n|gen|9\n|tier|[Gen 9] Random Doubles Battle\n|rated|\n|rule|Species Clause: Limit one of each Pokémon\n|rule|HP Percentage Mod: HP is shown in percentages\n|rule|Illusion Level Mod: Illusion disguises the Pokémon's true level\n|rule|Sleep Clause Mod: Limit one foe put to sleep\n|\n|t:|1770929773\n|teamsize|p1|6\n|teamsize|p2|6\n|start\n|switch|p1a: Dragonite|Dragonite, L82, F|283/283\n|switch|p1b: Maushold|Maushold-Four, L79|247/247\n|switch|p2a: Arceus|Arceus-Ice, L73|296/296\n|switch|p2b: Flamigo|Flamigo, L84, F|275/275\n|turn|1\n|inactive|Battle timer is ON: inactive players will automatically lose when time's up. (requested by nwemadeit)\n|inactive|ez1717 has 120 seconds left.\n|inactive|ez1717 has 90 seconds left.\n|\n|t:|1770929864\n|switch|p1b: Moltres|Moltres, L79|272/272\n|-terastallize|p1a: Dragonite|Normal\n|move|p2a: Arceus|Calm Mind|p2a: Arceus\n|-boost|p2a: Arceus|spa|1\n|-boost|p2a: Arceus|spd|1\n|move|p2b: Flamigo|Close Combat|p1b: Moltres\n|-resisted|p1b: Moltres\n|-damage|p1b: Moltres|150/272\n|-unboost|p2b: Flamigo|def|1\n|-unboost|p2b: Flamigo|spd|1\n|move|p1a: Dragonite|Low Kick|p2a: Arceus\n|-supereffective|p2a: Arceus\n|-damage|p2a: Arceus|34/296\n|\n|upkeep\n|turn|2\n|\n|t:|1770929893\n|switch|p1a: Meowstic|Meowstic, L88, M|274/274\n|move|p2a: Arceus|Judgment|p1b: Moltres\n|-damage|p1b: Moltres|0 fnt\n|faint|p1b: Moltres\n|move|p2b: Flamigo|Close Combat|p1a: Meowstic\n|-resisted|p1a: Meowstic\n|-damage|p1a: Meowstic|150/274\n|-unboost|p2b: Flamigo|def|1\n|-unboost|p2b: Flamigo|spd|1\n|\n|upkeep\n|inactive|ez1717 has 120 seconds left.\n|\n|t:|1770929910\n|switch|p1b: Dragonite|Dragonite, L82, F, tera:Normal|283/283\n|turn|3\n|\n|t:|1770929918\n|move|p1b: Dragonite|Extreme Speed|p2b: Flamigo\n|-damage|p2b: Flamigo|0 fnt\n|faint|p2b: Flamigo\n|move|p1a: Meowstic|Light Screen|p1a: Meowstic\n|-sidestart|p1: ez1717|move: Light Screen\n|move|p2a: Arceus|Judgment|p1a: Meowstic\n|-damage|p1a: Meowstic|31/274\n|\n|upkeep\n|\n|t:|1770929926\n|switch|p2b: Volbeat|Volbeat, L82, M|241/241\n|turn|4\n|\n|t:|1770929935\n|move|p1a: Meowstic|Helping Hand|p1b: Dragonite\n|-singleturn|p1b: Dragonite|Helping Hand|[of] p1a: Meowstic\n|move|p1b: Dragonite|Extreme Speed|p2b: Volbeat\n|-damage|p2b: Volbeat|0 fnt\n|faint|p2b: Volbeat\n|move|p2a: Arceus|Judgment|p1b: Dragonite\n|-damage|p1b: Dragonite|169/283\n|\n|upkeep\n|\n|t:|1770929945\n|switch|p2b: Sudowoodo|Sudowoodo, L94, M|284/284\n|turn|5\n|\n|t:|1770929952\n|move|p1b: Dragonite|Extreme Speed|p2a: Arceus\n|-damage|p2a: Arceus|0 fnt\n|faint|p2a: Arceus\n|move|p1a: Meowstic|Reflect|p1a: Meowstic\n|-sidestart|p1: ez1717|Reflect\n|move|p2b: Sudowoodo|Head Smash|p1b: Dragonite\n|-damage|p1b: Dragonite|8/283\n|-damage|p2b: Sudowoodo|256/284|[from] item: Life Orb\n|\n|upkeep\n|\n|t:|1770929957\n|switch|p2a: Pachirisu|Pachirisu, L93, M|262/262\n|turn|6\n|\n|t:|1770929970\n|move|p1a: Meowstic|Helping Hand|p1b: Dragonite\n|-singleturn|p1b: Dragonite|Helping Hand|[of] p1a: Meowstic\n|move|p1b: Dragonite|Extreme Speed|p2a: Pachirisu\n|-damage|p2a: Pachirisu|12/262\n|-enditem|p2a: Pachirisu|Sitrus Berry|[eat]\n|-heal|p2a: Pachirisu|77/262|[from] item: Sitrus Berry\n|move|p2a: Pachirisu|Nuzzle|p1a: Meowstic\n|-damage|p1a: Meowstic|20/274\n|-status|p1a: Meowstic|par\n|move|p2b: Sudowoodo|Wood Hammer|p1b: Dragonite\n|-damage|p1b: Dragonite|0 fnt\n|faint|p1b: Dragonite\n|-damage|p2b: Sudowoodo|228/284|[from] item: Life Orb\n|\n|upkeep\n|\n|t:|1770929983\n|switch|p1b: Cacturne|Cacturne, L91, M|275/275\n|turn|7\n|\n|t:|1770930003\n|move|p2a: Pachirisu|Nuzzle|p1b: Cacturne\n|-resisted|p1b: Cacturne\n|-damage|p1b: Cacturne|269/275\n|-status|p1b: Cacturne|par\n|cant|p1a: Meowstic|par\n|move|p2b: Sudowoodo|Head Smash|p1b: Cacturne\n|-damage|p1b: Cacturne|71/275 par\n|-damage|p2b: Sudowoodo|200/284|[from] item: Life Orb\n|move|p1b: Cacturne|Leaf Storm|p2b: Sudowoodo\n|-supereffective|p2b: Sudowoodo\n|-damage|p2b: Sudowoodo|0 fnt\n|-unboost|p1b: Cacturne|spa|2\n|faint|p2b: Sudowoodo\n|-damage|p1b: Cacturne|44/275 par|[from] item: Life Orb\n|\n|upkeep\n|\n|t:|1770930016\n|switch|p2b: Rayquaza|Rayquaza, L75|281/281\n|-ability|p2b: Rayquaza|Air Lock\n|turn|8\n|\n|t:|1770930036\n|move|p2b: Rayquaza|Protect|p2b: Rayquaza\n|-singleturn|p2b: Rayquaza|Protect\n|move|p1b: Cacturne|Sucker Punch|p2a: Pachirisu\n|-damage|p2a: Pachirisu|0 fnt\n|faint|p2a: Pachirisu\n|-damage|p1b: Cacturne|17/275 par|[from] item: Life Orb\n|move|p1a: Meowstic|Psychic|p2b: Rayquaza\n|-activate|p2b: Rayquaza|move: Protect\n|\n|upkeep\n|turn|9\n|\n|t:|1770930054\n|cant|p1b: Cacturne|par\n|move|p2b: Rayquaza|Earth Power|p1a: Meowstic\n|-damage|p1a: Meowstic|0 fnt\n|faint|p1a: Meowstic\n|-damage|p2b: Rayquaza|253/281|[from] item: Life Orb\n|\n|upkeep\n|\n|t:|1770930060\n|switch|p1a: Maushold|Maushold-Four, L79|247/247\n|turn|10\n|\n|t:|1770930070\n|switch|p1b: Terapagos|Terapagos, L73, F|252/252\n|-activate|p1b: Terapagos|ability: Tera Shift\n|detailschange|p1b: Terapagos|Terapagos-Terastal, L73, F\n|-heal|p1b: Terapagos|259/259|[silent]\n|move|p2b: Rayquaza|Protect|p2b: Rayquaza\n|-singleturn|p2b: Rayquaza|Protect\n|move|p1a: Maushold|Encore|p2b: Rayquaza\n|-activate|p2b: Rayquaza|move: Protect\n|\n|-sideend|p1: ez1717|move: Light Screen\n|upkeep\n|turn|11\n|\n|t:|1770930077\n|-terastallize|p2b: Rayquaza|Ground\n|move|p1a: Maushold|Encore|p2b: Rayquaza\n|-start|p2b: Rayquaza|Encore\n|move|p2b: Rayquaza|Protect||[still]\n|-fail|p2b: Rayquaza\n|move|p1b: Terapagos|Calm Mind|p1b: Terapagos\n|-boost|p1b: Terapagos|spa|1\n|-boost|p1b: Terapagos|spd|1\n|\n|upkeep\n|turn|12\n|-message|nwemadeit forfeited.\n|\n|win|ez1717\n|raw|ez1717's rating: 1695 &rarr; <strong>1719</strong><br />(+24 for winning)\n|raw|nwemadeit's rating: 1768 &rarr; <strong>1744</strong><br />(-24 for losing)\n|l|☆nwemadeit\n|player|p2|\n", "inputlog": ">version ccdc32dd7cde25fd9e4bed64820e885f66e78a4e\n>start {\"formatid\":\"gen9randomdoublesbattle\",\"seed\":\"sodium,c3d557968a62db18ae652a74503bbd53\",\"rated\":\"Rated battle\"}\n>player p1 {\"name\":\"ez1717\",\"avatar\":\"169\",\"rating\":1695,\"seed\":\"sodium,a7b15c5f3d53538e9f467008f65f51de\"}\n>player p2 {\"name\":\"nwemadeit\",\"avatar\":\"1\",\"rating\":1768,\"seed\":\"sodium,f426e2b36eba1dee357213f0ed2203f1\"}\n>chat  Cabo As Bala|aa\n>p1 move lowkick +1 terastallize, switch 3\n>p2 move calmmind, move closecombat +2\n>p1 switch 4, move bravebird +2\n>p2 move judgment +2, move closecombat +1\n>p1 pass, switch 4\n>p1 move lightscreen, move extremespeed +2\n>p2 move judgment +1, move closecombat +2\n>p2 pass, switch 6\n>p1 move helpinghand -2, move extremespeed +2\n>p2 move judgment +2, move encore +1\n>p2 pass, switch 4\n>p1 move reflect, move extremespeed +1\n>p2 move recover, move headsmash +2\n>p2 switch 5, pass\n>p1 move helpinghand -2, move extremespeed +1\n>p2 move nuzzle +1, move woodhammer +2\n>p1 pass, switch 5\n>p1 move psychic +2, move leafstorm +2\n>p2 move nuzzle +2, move headsmash +2\n>p2 pass, switch 3\n>p1 move psychic +1, move suckerpunch +1\n>p2 move thunderbolt +1, move protect\n>p1 move psychic +2, move suckerpunch +2\n>p2 pass, move earthpower +1\n>p1 switch 3, pass\n>p1 move encore +2, switch 6\n>p2 pass, move protect\n>p1 move encore +2, move calmmind\n>p2 pass, move dracometeor +1 terastallize\n>forcelose p2", "uploadtime": 1770930088, "views": 71, "formatid": "gen9randomdoublesbattle", "rating": 1719, "private": 0, "password": null}