{"id": "gen9randomdoublesbattle-2537899830", "format": "[Gen 9] Random Doubles Battle", "players": ["hallowhollow", "caoscontrol"], "log": "|j|☆hallowhollow\n|j|☆caoscontrol\n|t:|1770861228\n|gametype|doubles\n|player|p1|hallowhollow|266|1568\n|player|p2|caoscontrol|1|1540\n|gen|9\n|tier|[Gen 9] Random Doubles Battle\n|rated|\n|rule|Species Clause: Limit one of each Pokémon\n|rule|HP Percentage Mod: HP is shown in percentages\n|rule|Illusion Level Mod: Illusion disguises the Pokémon's true level\n|rule|Sleep Clause Mod: Limit one foe put to sleep\n|\n|t:|1770861228\n|teamsize|p1|6\n|teamsize|p2|6\n|start\n|switch|p1a: Tauros|Tauros-Paldea-Aqua, L80, M|251/251\n|switch|p1b: Raikou|Raikou, L81|278/278\n|switch|p2a: Armarouge|Armarouge, L80, M|267/267\n|switch|p2b: Leafeon|Leafeon, L90, M|263/263\n|-ability|p1a: Tauros|Intimidate|boost\n|-unboost|p2a: Armarouge|atk|1\n|-unboost|p2b: Leafeon|atk|1\n|turn|1\n|inactive|Battle timer is ON: inactive players will automatically lose when time's up. (requested by caoscontrol)\n|\n|t:|1770861254\n|switch|p2b: Appletun|Appletun, L92, F|352/352\n|switch|p1a: Snorlax|Snorlax, L84, M|406/406\n|-terastallize|p2a: Armarouge|Dark\n|move|p1b: Raikou|Shadow Ball|p2a: Armarouge\n|-resisted|p2a: Armarouge\n|-damage|p2a: Armarouge|223/267\n|-damage|p1b: Raikou|251/278|[from] item: Life Orb\n|move|p2a: Armarouge|Trick Room|p2a: Armarouge\n|-fieldstart|move: Trick Room|[of] p2a: Armarouge\n|\n|upkeep\n|turn|2\n|\n|t:|1770861283\n|move|p1b: Raikou|Protect|p1b: Raikou\n|-singleturn|p1b: Raikou|Protect\n|move|p1a: Snorlax|Body Slam|p2a: Armarouge\n|-damage|p2a: Armarouge|130/267\n|move|p2b: Appletun|Leech Seed|p1a: Snorlax\n|-start|p1a: Snorlax|move: Leech Seed\n|move|p2a: Armarouge|Heat Wave|p1a: Snorlax|[spread] \n|-activate|p1b: Raikou|move: Protect\n|-miss|p2a: Armarouge|p1a: Snorlax\n|\n|-damage|p1a: Snorlax|356/406|[from] Leech Seed|[of] p2b: Appletun\n|upkeep\n|turn|3\n|\n|t:|1770861299\n|switch|p1a: Tauros|Tauros-Paldea-Aqua, L80, M|251/251\n|-ability|p1a: Tauros|Intimidate|boost\n|-unboost|p2a: Armarouge|atk|1\n|-unboost|p2b: Appletun|atk|1\n|move|p2a: Armarouge|Protect|p2a: Armarouge\n|-singleturn|p2a: Armarouge|Protect\n|move|p2b: Appletun|Leech Seed|p1b: Raikou\n|-start|p1b: Raikou|move: Leech Seed\n|move|p1b: Raikou|Thunderbolt|p2a: Armarouge\n|-activate|p2a: Armarouge|move: Protect\n|\n|-damage|p1b: Raikou|217/278|[from] Leech Seed|[of] p2b: Appletun\n|upkeep\n|turn|4\n|\n|t:|1770861319\n|switch|p1a: Snorlax|Snorlax, L84, M|356/406\n|move|p2b: Appletun|Leech Seed|p1a: Snorlax\n|-start|p1a: Snorlax|move: Leech Seed\n|move|p2a: Armarouge|Psychic|p1a: Snorlax\n|-damage|p1a: Snorlax|243/406\n|-damage|p2a: Armarouge|104/267|[from] item: Life Orb\n|move|p1b: Raikou|Thunderbolt|p2a: Armarouge\n|-damage|p2a: Armarouge|0 fnt\n|faint|p2a: Armarouge\n|-damage|p1b: Raikou|190/278|[from] item: Life Orb\n|\n|-damage|p1a: Snorlax|193/406|[from] Leech Seed|[of] p2b: Appletun\n|-damage|p1b: Raikou|156/278|[from] Leech Seed|[of] p2b: Appletun\n|upkeep\n|-enditem|p1a: Snorlax|Iapapa Berry|[eat]\n|-heal|p1a: Snorlax|328/406|[from] item: Iapapa Berry\n|inactive|caoscontrol has 120 seconds left.\n|\n|t:|1770861341\n|switch|p2a: Leafeon|Leafeon, L90, M|263/263\n|turn|5\n|\n|t:|1770861352\n|move|p1a: Snorlax|Body Slam|p2a: Leafeon\n|-damage|p2a: Leafeon|199/263\n|move|p2b: Appletun|Apple Acid|p1b: Raikou\n|-damage|p1b: Raikou|60/278\n|-unboost|p1b: Raikou|spd|1\n|move|p2a: Leafeon|Swords Dance|p2a: Leafeon\n|-boost|p2a: Leafeon|atk|2\n|move|p1b: Raikou|Shadow Ball|p2a: Leafeon\n|-damage|p2a: Leafeon|108/263\n|-damage|p1b: Raikou|33/278|[from] item: Life Orb\n|\n|-damage|p1a: Snorlax|278/406|[from] Leech Seed|[of] p2b: Appletun\n|-damage|p1b: Raikou|0 fnt|[from] Leech Seed|[of] p2b: Appletun\n|faint|p1b: Raikou\n|-fieldend|move: Trick Room\n|upkeep\n|\n|t:|1770861372\n|switch|p1b: Mamoswine|Mamoswine, L82, M|315/315\n|turn|6\n|\n|t:|1770861386\n|switch|p1a: Pawmot|Pawmot, L80, M|243/243\n|move|p2a: Leafeon|Protect|p2a: Leafeon\n|-singleturn|p2a: Leafeon|Protect\n|move|p1b: Mamoswine|Ice Shard|p2a: Leafeon\n|-activate|p2a: Leafeon|move: Protect\n|move|p2b: Appletun|Apple Acid|p1b: Mamoswine\n|-supereffective|p1b: Mamoswine\n|-damage|p1b: Mamoswine|19/315\n|-unboost|p1b: Mamoswine|spd|1\n|\n|upkeep\n|turn|7\n|\n|t:|1770861416\n|move|p2b: Appletun|Protect|p2b: Appletun\n|-singleturn|p2b: Appletun|Protect\n|move|p2a: Leafeon|Leaf Blade|p1b: Mamoswine\n|-supereffective|p1b: Mamoswine\n|-damage|p1b: Mamoswine|0 fnt\n|faint|p1b: Mamoswine\n|-damage|p2a: Leafeon|82/263|[from] item: Life Orb\n|move|p1a: Pawmot|Close Combat|p2a: Leafeon\n|-damage|p2a: Leafeon|0 fnt\n|-unboost|p1a: Pawmot|def|1\n|-unboost|p1a: Pawmot|spd|1\n|faint|p2a: Leafeon\n|-damage|p1a: Pawmot|219/243|[from] item: Life Orb\n|\n|upkeep\n|inactive|caoscontrol has 120 seconds left.\n|inactive|hallowhollow has 120 seconds left.\n|\n|t:|1770861431\n|switch|p2a: Espathra|Espathra, L83, F|293/293\n|switch|p1b: Tentacruel|Tentacruel, L85, F|275/275\n|turn|8\n|\n|t:|1770861452\n|switch|p1a: Snorlax|Snorlax, L84, M|278/406\n|move|p2a: Espathra|Lumina Crash|p1b: Tentacruel\n|-supereffective|p1b: Tentacruel\n|-damage|p1b: Tentacruel|111/275\n|-enditem|p1b: Tentacruel|Sitrus Berry|[eat]\n|-heal|p1b: Tentacruel|179/275|[from] item: Sitrus Berry\n|-damage|p2a: Espathra|264/293|[from] item: Life Orb\n|move|p1b: Tentacruel|Toxic Spikes|p2a: Espathra\n|-sidestart|p2: caoscontrol|move: Toxic Spikes\n|move|p2b: Appletun|Apple Acid|p1a: Snorlax\n|-damage|p1a: Snorlax|184/406\n|-unboost|p1a: Snorlax|spd|1\n|\n|-ability|p2a: Espathra|Speed Boost|boost\n|-boost|p2a: Espathra|spe|1\n|upkeep\n|turn|9\n|\n|t:|1770861475\n|-terastallize|p1b: Tentacruel|Grass\n|move|p2a: Espathra|Protect|p2a: Espathra\n|-singleturn|p2a: Espathra|Protect\n|move|p1b: Tentacruel|Icy Wind|p2a: Espathra|[spread] \n|-activate|p2a: Espathra|move: Protect\n|-miss|p1b: Tentacruel|p2b: Appletun\n|move|p2b: Appletun|Leech Seed|p1a: Snorlax|[miss]\n|-miss|p2b: Appletun|p1a: Snorlax\n|move|p1a: Snorlax|Icy Wind|p2a: Espathra|[spread] p2b\n|-activate|p2a: Espathra|move: Protect\n|-supereffective|p2b: Appletun\n|-crit|p2b: Appletun\n|-damage|p2b: Appletun|288/352\n|-unboost|p2b: Appletun|spe|1\n|\n|-ability|p2a: Espathra|Speed Boost|boost\n|-boost|p2a: Espathra|spe|1\n|upkeep\n|turn|10\n|inactive|caoscontrol has 120 seconds left.\n|\n|t:|1770861510\n|move|p2a: Espathra|Lumina Crash|p1b: Tentacruel\n|-damage|p1b: Tentacruel|89/275\n|-damage|p2a: Espathra|235/293|[from] item: Life Orb\n|move|p1b: Tentacruel|Icy Wind|p2a: Espathra|[spread] p2a\n|-miss|p1b: Tentacruel|p2b: Appletun\n|-damage|p2a: Espathra|199/293\n|-unboost|p2a: Espathra|spe|1\n|move|p1a: Snorlax|Icy Wind|p2a: Espathra|[spread] p2a,p2b\n|-supereffective|p2b: Appletun\n|-damage|p2a: Espathra|169/293\n|-damage|p2b: Appletun|236/352\n|-unboost|p2a: Espathra|spe|1\n|-unboost|p2b: Appletun|spe|1\n|move|p2b: Appletun|Apple Acid|p1a: Snorlax\n|-damage|p1a: Snorlax|51/406\n|-unboost|p1a: Snorlax|spd|1\n|\n|-ability|p2a: Espathra|Speed Boost|boost\n|-boost|p2a: Espathra|spe|1\n|upkeep\n|turn|11\n|\n|t:|1770861539\n|move|p2a: Espathra|Dazzling Gleam|p1a: Snorlax|[spread] p1a,p1b\n|-damage|p1a: Snorlax|0 fnt\n|-damage|p1b: Tentacruel|45/275\n|faint|p1a: Snorlax\n|-damage|p2a: Espathra|140/293|[from] item: Life Orb\n|move|p1b: Tentacruel|Hydro Pump|p2a: Espathra|[miss]\n|-miss|p1b: Tentacruel|p2a: Espathra\n|move|p2b: Appletun|Dragon Pulse|p1b: Tentacruel\n|-damage|p1b: Tentacruel|0 fnt\n|faint|p1b: Tentacruel\n|\n|-ability|p2a: Espathra|Speed Boost|boost\n|-boost|p2a: Espathra|spe|1\n|upkeep\n|inactive|hallowhollow has 120 seconds left.\n|-message|hallowhollow forfeited.\n|\n|win|caoscontrol\n|raw|hallowhollow's rating: 1568 &rarr; <strong>1546</strong><br />(-22 for losing)\n|raw|caoscontrol's rating: 1540 &rarr; <strong>1562</strong><br />(+22 for winning)\n|l|☆hallowhollow\n|player|p1|\n", "inputlog": ">version ccdc32dd7cde25fd9e4bed64820e885f66e78a4e\n>start {\"formatid\":\"gen9randomdoublesbattle\",\"seed\":\"sodium,fe893587e592f94bb99c440f0adf249d\",\"rated\":\"Rated battle\"}\n>player p1 {\"name\":\"hallowhollow\",\"avatar\":\"266\",\"rating\":1568,\"seed\":\"sodium,4b865f6a2373c5e571cc367fcbde55a9\"}\n>player p2 {\"name\":\"caoscontrol\",\"avatar\":\"1\",\"rating\":1540,\"seed\":\"sodium,c9bb6dfb00027ed60db3d5b7f540867b\"}\n>p1 switch 5, move shadowball +1\n>p2 move trickroom terastallize, switch 5\n>p1 move bodyslam +1, move protect\n>p2 move heatwave, move leechseed +1\n>p1 switch 5, move thunderbolt +1\n>p2 move protect, move leechseed +2\n>p1 switch 5, move thunderbolt +1\n>p2 move psychic +1, move leechseed +1\n>p2 switch 5, pass\n>p1 move bodyslam +1, move shadowball +1\n>p2 move swordsdance, move appleacid +2\n>p1 pass, switch 6\n>p1 switch 4, move iceshard +1\n>p2 move protect, move appleacid +2\n>p1 move closecombat +1, move iciclecrash +2\n>p2 move leafblade +2, move protect\n>p1 pass, switch 3\n>p2 switch 6, pass\n>p1 switch 4, move toxicspikes\n>p2 move luminacrash +2, move appleacid +1\n>p1 move icywind, move icywind terastallize\n>p2 move protect, move leechseed +1\n>p1 move icywind, move icywind\n>p2 move luminacrash +2, move appleacid +1\n>p1 move bodyslam +2, move hydropump +1\n>p2 move dazzlinggleam, move dragonpulse +2\n>forcelose p1", "uploadtime": 1770861555, "views": 67, "formatid": "gen9randomdoublesbattle", "rating": 1546, "private": 0, "password": null}