{"id": "gen9randomdoublesbattle-2539515984", "format": "[Gen 9] Random Doubles Battle", "players": ["elikoptro", "TheAlternativeHero"], "log": "|j|☆elikoptro\n|j|☆TheAlternativeHero\n|t:|1771074282\n|gametype|doubles\n|player|p1|elikoptro|170|1576\n|player|p2|TheAlternativeHero|silver-masters|1687\n|gen|9\n|tier|[Gen 9] Random Doubles Battle\n|rated|\n|rule|Species Clause: Limit one of each Pokémon\n|rule|HP Percentage Mod: HP is shown in percentages\n|rule|Illusion Level Mod: Illusion disguises the Pokémon's true level\n|rule|Sleep Clause Mod: Limit one foe put to sleep\n|\n|t:|1771074282\n|teamsize|p1|6\n|teamsize|p2|6\n|start\n|switch|p1a: Espeon|Espeon, L84, M|246/246\n|switch|p1b: Terapagos|Terapagos, L73, F|252/252\n|switch|p2a: Kricketune|Kricketune, M|316/316\n|switch|p2b: Hydrapple|Hydrapple, L85, M|319/319\n|-activate|p1b: Terapagos|ability: Tera Shift\n|detailschange|p1b: Terapagos|Terapagos-Terastal, L73, F\n|-heal|p1b: Terapagos|259/259|[silent]\n|turn|1\n|inactive|Battle timer is ON: inactive players will automatically lose when time's up. (requested by elikoptro)\n|inactive|TheAlternativeHero has 120 seconds left.\n|\n|t:|1771074320\n|switch|p1b: Noctowl|Noctowl, L91, M|330/330\n|-terastallize|p1a: Espeon|Fairy\n|move|p1a: Espeon|Alluring Voice|p2b: Hydrapple\n|-supereffective|p2b: Hydrapple\n|-damage|p2b: Hydrapple|12/319\n|-damage|p1a: Espeon|222/246|[from] item: Life Orb\n|move|p2a: Kricketune|Bug Bite|p1a: Espeon\n|-resisted|p1a: Espeon\n|-damage|p1a: Espeon|139/246\n|move|p2b: Hydrapple|Giga Drain|p1b: Noctowl\n|-resisted|p1b: Noctowl\n|-damage|p1b: Noctowl|266/330\n|-heal|p2b: Hydrapple|44/319|[from] drain|[of] p1b: Noctowl\n|\n|upkeep\n|turn|2\n|\n|t:|1771074339\n|move|p1a: Espeon|Protect|p1a: Espeon\n|-singleturn|p1a: Espeon|Protect\n|move|p2a: Kricketune|Knock Off|p1b: Noctowl\n|-damage|p1b: Noctowl|153/330\n|-enditem|p1b: Noctowl|Life Orb|[from] move: Knock Off|[of] p2a: Kricketune\n|move|p1b: Noctowl|Hyper Voice|p2b: Hydrapple|[spread] p2a,p2b\n|-damage|p2a: Kricketune|223/316\n|-damage|p2b: Hydrapple|0 fnt\n|faint|p2b: Hydrapple\n|\n|upkeep\n|\n|t:|1771074350\n|switch|p2b: Articuno|Articuno, L82|282/282\n|-ability|p2b: Articuno|Pressure\n|turn|3\n|\n|t:|1771074361\n|move|p1a: Espeon|Alluring Voice|p2b: Articuno\n|-damage|p2b: Articuno|164/282\n|-damage|p1a: Espeon|115/246|[from] item: Life Orb\n|move|p2b: Articuno|Icy Wind|p1b: Noctowl|[spread] p1a,p1b\n|-supereffective|p1b: Noctowl\n|-damage|p1a: Espeon|79/246\n|-damage|p1b: Noctowl|85/330\n|-unboost|p1a: Espeon|spe|1\n|-unboost|p1b: Noctowl|spe|1\n|move|p2a: Kricketune|Knock Off|p1a: Espeon\n|-resisted|p1a: Espeon\n|-damage|p1a: Espeon|20/246\n|-enditem|p1a: Espeon|Life Orb|[from] move: Knock Off|[of] p2a: Kricketune\n|move|p1b: Noctowl|Tailwind|p1b: Noctowl\n|-sidestart|p1: elikoptro|move: Tailwind\n|\n|upkeep\n|turn|4\n|\n|t:|1771074381\n|move|p1a: Espeon|Alluring Voice|p2b: Articuno\n|-damage|p2b: Articuno|80/282\n|-enditem|p2b: Articuno|Sitrus Berry|[eat]\n|-heal|p2b: Articuno|150/282|[from] item: Sitrus Berry\n|move|p1b: Noctowl|Hurricane|p2a: Kricketune\n|-supereffective|p2a: Kricketune\n|-damage|p2a: Kricketune|0 fnt\n|faint|p2a: Kricketune\n|move|p2b: Articuno|Icy Wind|p1b: Noctowl|[spread] p1a,p1b\n|-supereffective|p1b: Noctowl\n|-damage|p1a: Espeon|0 fnt\n|-damage|p1b: Noctowl|17/330\n|-unboost|p1b: Noctowl|spe|1\n|faint|p1a: Espeon\n|\n|upkeep\n|inactive|TheAlternativeHero has 120 seconds left.\n|\n|t:|1771074402\n|switch|p1a: Terapagos|Terapagos-Terastal, L73, F|259/259\n|switch|p2a: Shiftry|Shiftry, L84, M|288/288\n|turn|5\n|\n|t:|1771074424\n|move|p1a: Terapagos|Meteor Beam||[still]\n|-prepare|p1a: Terapagos|Meteor Beam\n|-boost|p1a: Terapagos|spa|1\n|-enditem|p1a: Terapagos|Power Herb\n|-anim|p1a: Terapagos|Meteor Beam|p2b: Articuno\n|-supereffective|p2b: Articuno\n|-damage|p2b: Articuno|0 fnt\n|faint|p2b: Articuno\n|move|p2a: Shiftry|Tailwind|p2a: Shiftry\n|-sidestart|p2: TheAlternativeHero|move: Tailwind\n|-ability|p2a: Shiftry|Wind Rider|boost\n|-boost|p2a: Shiftry|atk|1\n|move|p1b: Noctowl|Hyper Voice|p2a: Shiftry\n|-damage|p2a: Shiftry|144/288\n|\n|upkeep\n|\n|t:|1771074434\n|switch|p2b: Golem|Golem, L87, F|281/281\n|turn|6\n|\n|t:|1771074448\n|move|p2a: Shiftry|Knock Off|p1b: Noctowl\n|-damage|p1b: Noctowl|0 fnt\n|faint|p1b: Noctowl\n|move|p1a: Terapagos|Tera Starstorm|p2a: Shiftry\n|-damage|p2a: Shiftry|0 fnt\n|faint|p2a: Shiftry\n|move|p2b: Golem|High Horsepower|p1a: Terapagos\n|-activate|p1a: Terapagos|ability: Tera Shell\n|-resisted|p1a: Terapagos\n|-damage|p1a: Terapagos|162/259\n|\n|-sideend|p1: elikoptro|move: Tailwind\n|upkeep\n|\n|t:|1771074454\n|switch|p2a: Arcanine|Arcanine, L82, M|282/282\n|switch|p1b: Latias|Latias, L80, F|259/259\n|-ability|p2a: Arcanine|Intimidate|boost\n|-unboost|p1a: Terapagos|atk|1\n|-unboost|p1b: Latias|atk|1\n|turn|7\n|\n|t:|1771074471\n|move|p2a: Arcanine|Snarl|p1a: Terapagos|[spread] p1a,p1b\n|-supereffective|p1b: Latias\n|-damage|p1a: Terapagos|133/259\n|-damage|p1b: Latias|215/259\n|-unboost|p1a: Terapagos|spa|1\n|-unboost|p1b: Latias|spa|1\n|move|p2b: Golem|High Horsepower|p1a: Terapagos\n|-damage|p1a: Terapagos|0 fnt\n|faint|p1a: Terapagos\n|move|p1b: Latias|Mist Ball|p2a: Arcanine\n|-damage|p2a: Arcanine|183/282\n|\n|upkeep\n|\n|t:|1771074479\n|switch|p1a: Raichu|Raichu, L87, M|246/246\n|turn|8\n|\n|t:|1771074489\n|move|p1a: Raichu|Fake Out|p2b: Golem\n|-resisted|p2b: Golem\n|-damage|p2b: Golem|271/281\n|move|p2a: Arcanine|Snarl|p1a: Raichu|[spread] p1a,p1b\n|-supereffective|p1b: Latias\n|-damage|p1a: Raichu|218/246\n|-damage|p1b: Latias|173/259\n|-unboost|p1a: Raichu|spa|1\n|-unboost|p1b: Latias|spa|1\n|cant|p2b: Golem|flinch\n|move|p1b: Latias|Mist Ball|p2b: Golem\n|-damage|p2b: Golem|204/281\n|-unboost|p2b: Golem|spa|1\n|\n|-sideend|p2: TheAlternativeHero|move: Tailwind\n|upkeep\n|turn|9\n|\n|t:|1771074499\n|switch|p1b: Ninetales|Ninetales-Alola, L75, F|233/233\n|-weather|Snowscape|[from] ability: Snow Warning|[of] p1b: Ninetales\n|move|p1a: Raichu|Nuzzle|p2a: Arcanine\n|-damage|p2a: Arcanine|158/282\n|-status|p2a: Arcanine|par\n|move|p2b: Golem|High Horsepower|p1a: Raichu\n|-supereffective|p1a: Raichu\n|-damage|p1a: Raichu|0 fnt\n|faint|p1a: Raichu\n|move|p2a: Arcanine|Snarl|p1b: Ninetales\n|-resisted|p1b: Ninetales\n|-damage|p1b: Ninetales|214/233\n|-unboost|p1b: Ninetales|spa|1\n|\n|-weather|Snowscape|[upkeep]\n|upkeep\n|\n|t:|1771074503\n|switch|p1a: Latias|Latias, L80, F|173/259\n|turn|10\n|\n|t:|1771074518\n|move|p1a: Latias|Mist Ball|p2a: Arcanine\n|-damage|p2a: Arcanine|17/282 par\n|move|p1b: Ninetales|Aurora Veil|p1b: Ninetales\n|-sidestart|p1: elikoptro|move: Aurora Veil\n|move|p2b: Golem|High Horsepower|p1b: Ninetales\n|-crit|p1b: Ninetales\n|-damage|p1b: Ninetales|0 fnt\n|faint|p1b: Ninetales\n|move|p2a: Arcanine|Snarl|p1a: Latias\n|-supereffective|p1a: Latias\n|-damage|p1a: Latias|132/259\n|-unboost|p1a: Latias|spa|1\n|\n|-weather|Snowscape|[upkeep]\n|upkeep\n|turn|11\n|-message|elikoptro forfeited.\n|\n|win|TheAlternativeHero\n|raw|elikoptro's rating: 1560 &rarr; <strong>1547</strong><br />(-13 for losing)\n|raw|TheAlternativeHero's rating: 1687 &rarr; <strong>1700</strong><br />(+13 for winning)\n|l|☆elikoptro\n|player|p1|\n", "inputlog": ">version ccdc32dd7cde25fd9e4bed64820e885f66e78a4e\n>start {\"formatid\":\"gen9randomdoublesbattle\",\"seed\":\"sodium,96a77e457f247cb849fa02a437dabb9d\",\"rated\":\"Rated battle\"}\n>player p1 {\"name\":\"elikoptro\",\"avatar\":\"170\",\"rating\":1576,\"seed\":\"sodium,730bb4b8ee447bee9a12226cf3974fce\"}\n>player p2 {\"name\":\"TheAlternativeHero\",\"avatar\":\"silver-masters\",\"rating\":1687,\"seed\":\"sodium,abd51b90a769e8d26fe473bc29be9543\"}\n>p1 move alluringvoice +2 terastallize, switch 6\n>p2 move bugbite +1, move gigadrain +2\n>p1 move protect, move hypervoice\n>p2 move knockoff +2, move gigadrain +1\n>p2 pass, switch 4\n>p1 move alluringvoice +2, move tailwind\n>p2 move knockoff +1, move icywind\n>p1 move alluringvoice +2, move hurricane +1\n>p2 move knockoff +2, move icywind\n>p1 switch 6, pass\n>p2 switch 6, pass\n>p1 move meteorbeam +2, move hypervoice\n>p2 move tailwind, move icywind\n>p2 pass, switch 3\n>p1 move terastarstorm +1, move hypervoice\n>p2 move knockoff +2, move highhorsepower +1\n>p1 pass, switch 5\n>p2 switch 5, pass\n>p1 move terastarstorm +1, move mistball +1\n>p2 move snarl, move highhorsepower +1\n>p1 switch 4, pass\n>p1 move fakeout +2, move mistball +2\n>p2 move snarl, move highhorsepower +1\n>p1 move nuzzle +1, switch 3\n>p2 move snarl, move highhorsepower +1\n>p1 switch 3, pass\n>p1 move mistball +1, move auroraveil\n>p2 move snarl, move highhorsepower +2\n>forcelose p1", "uploadtime": 1771074564, "views": 77, "formatid": "gen9randomdoublesbattle", "rating": 1547, "private": 0, "password": null}