{"id": "gen9randomdoublesbattle-2537168044", "format": "[Gen 9] Random Doubles Battle", "players": ["GameOverRn007", "baseballlover"], "log": "|j|☆GameOverRn007\n|j|☆baseballlover\n|t:|1770773990\n|gametype|doubles\n|player|p1|GameOverRn007|red|1676\n|player|p2|baseballlover|266|1646\n|gen|9\n|tier|[Gen 9] Random Doubles Battle\n|rated|\n|rule|Species Clause: Limit one of each Pokémon\n|rule|HP Percentage Mod: HP is shown in percentages\n|rule|Illusion Level Mod: Illusion disguises the Pokémon's true level\n|rule|Sleep Clause Mod: Limit one foe put to sleep\n|\n|t:|1770773990\n|teamsize|p1|6\n|teamsize|p2|6\n|start\n|switch|p1a: Regirock|Regirock, L82|265/265\n|switch|p1b: Leafeon|Leafeon, L90, F|263/263\n|switch|p2a: Drednaw|Drednaw, L83, F|285/285\n|switch|p2b: Vivillon|Vivillon-Continental, L88, F|284/284\n|turn|1\n|inactive|Battle timer is ON: inactive players will automatically lose when time's up. (requested by baseballlover)\n|inactive|GameOverRn007 also wants the timer to be on.\n|\n|t:|1770774008\n|switch|p2a: Forretress|Forretress, L90, F|281/281\n|move|p1b: Leafeon|Swords Dance|p1b: Leafeon\n|-boost|p1b: Leafeon|atk|2\n|move|p2b: Vivillon|Sleep Powder|p1a: Regirock\n|-status|p1a: Regirock|slp|[from] move: Sleep Powder\n|cant|p1a: Regirock|slp\n|\n|upkeep\n|turn|2\n|inactive|baseballlover has 120 seconds left.\n|\n|t:|1770774047\n|move|p1b: Leafeon|Double-Edge|p2b: Vivillon\n|-damage|p2b: Vivillon|0 fnt\n|faint|p2b: Vivillon\n|-damage|p1b: Leafeon|169/263|[from] Recoil\n|-damage|p1b: Leafeon|143/263|[from] item: Life Orb\n|cant|p1a: Regirock|slp\n|move|p2a: Forretress|Iron Head|p1b: Leafeon\n|-damage|p1b: Leafeon|41/263\n|\n|upkeep\n|\n|t:|1770774055\n|switch|p2b: Cryogonal|Cryogonal, L88|284/284\n|turn|3\n|\n|t:|1770774073\n|move|p2b: Cryogonal|Icy Wind|p1a: Regirock|[spread] p1a,p1b\n|-supereffective|p1b: Leafeon\n|-damage|p1a: Regirock|223/265 slp\n|-damage|p1b: Leafeon|0 fnt\n|faint|p1b: Leafeon\n|-curestatus|p1a: Regirock|slp|[msg]\n|move|p1a: Regirock|Iron Defense|p1a: Regirock\n|-boost|p1a: Regirock|def|2\n|move|p2a: Forretress|Iron Head|p1a: Regirock\n|-supereffective|p1a: Regirock\n|-damage|p1a: Regirock|149/265\n|\n|-heal|p1a: Regirock|165/265|[from] item: Leftovers\n|upkeep\n|\n|t:|1770774082\n|switch|p1b: Thundurus|Thundurus-Therian, L78, M|251/251\n|turn|4\n|inactive|baseballlover has 120 seconds left.\n|\n|t:|1770774121\n|move|p1b: Thundurus|Volt Switch|p2a: Forretress\n|-damage|p2a: Forretress|179/281\n|\n|t:|1770774132\n|switch|p1b: Duraludon|Duraludon, L83, M|252/252|[from] Volt Switch\n|move|p2b: Cryogonal|Freeze-Dry|p1b: Duraludon\n|-damage|p1b: Duraludon|164/252\n|move|p1a: Regirock|Body Press|p2b: Cryogonal\n|-supereffective|p2b: Cryogonal\n|-damage|p2b: Cryogonal|0 fnt\n|faint|p2b: Cryogonal\n|move|p2a: Forretress|Iron Head|p1a: Regirock\n|-supereffective|p1a: Regirock\n|-damage|p1a: Regirock|99/265\n|\n|-heal|p1a: Regirock|115/265|[from] item: Leftovers\n|upkeep\n|inactive|baseballlover has 120 seconds left.\n|\n|t:|1770774146\n|switch|p2b: Lugia|Lugia, L71|268/268\n|turn|5\n|\n|t:|1770774165\n|switch|p2a: Drednaw|Drednaw, L83, F|285/285\n|-terastallize|p2b: Lugia|Ground\n|move|p2b: Lugia|Calm Mind|p2b: Lugia\n|-boost|p2b: Lugia|spa|1\n|-boost|p2b: Lugia|spd|1\n|move|p1b: Duraludon|Iron Defense|p1b: Duraludon\n|-boost|p1b: Duraludon|def|2\n|move|p1a: Regirock|Thunder Wave|p2b: Lugia\n|-immune|p2b: Lugia\n|\n|-heal|p1a: Regirock|131/265|[from] item: Leftovers\n|upkeep\n|turn|6\n|\n|t:|1770774184\n|-terastallize|p1b: Duraludon|Fighting\n|move|p2b: Lugia|Earth Power|p1b: Duraludon\n|-crit|p1b: Duraludon\n|-damage|p1b: Duraludon|16/252\n|move|p1b: Duraludon|Body Press|p2b: Lugia\n|-damage|p2b: Lugia|181/268\n|move|p2a: Drednaw|Shell Smash|p2a: Drednaw\n|-unboost|p2a: Drednaw|def|1\n|-unboost|p2a: Drednaw|spd|1\n|-boost|p2a: Drednaw|atk|2\n|-boost|p2a: Drednaw|spa|2\n|-boost|p2a: Drednaw|spe|2\n|-enditem|p2a: Drednaw|White Herb\n|-clearnegativeboost|p2a: Drednaw|[silent]\n|move|p1a: Regirock|Body Press|p2a: Drednaw\n|-supereffective|p2a: Drednaw\n|-damage|p2a: Drednaw|0 fnt\n|faint|p2a: Drednaw\n|\n|-heal|p2b: Lugia|197/268|[from] item: Leftovers\n|-heal|p1a: Regirock|147/265|[from] item: Leftovers\n|upkeep\n|inactive|baseballlover has 120 seconds left.\n|\n|t:|1770774215\n|switch|p2a: Forretress|Forretress, L90, F|179/281\n|turn|7\n|\n|t:|1770774236\n|switch|p1b: Cramorant|Cramorant, L86, M|261/261\n|move|p2b: Lugia|Earth Power|p1a: Regirock\n|-supereffective|p1a: Regirock\n|-damage|p1a: Regirock|0 fnt\n|faint|p1a: Regirock\n|move|p2a: Forretress|Body Press|p1b: Cramorant\n|-resisted|p1b: Cramorant\n|-damage|p1b: Cramorant|165/261\n|\n|-heal|p2b: Lugia|213/268|[from] item: Leftovers\n|upkeep\n|inactive|GameOverRn007 has 120 seconds left.\n|\n|t:|1770774260\n|switch|p1a: Thundurus|Thundurus-Therian, L78, M|251/251\n|turn|8\n|\n|t:|1770774279\n|switch|p2a: Polteageist|Polteageist-Antique, L85|241/241\n|move|p1a: Thundurus|Grass Knot|p2b: Lugia\n|-supereffective|p2b: Lugia\n|-damage|p2b: Lugia|109/268\n|move|p2b: Lugia|Aeroblast|p1b: Cramorant\n|-damage|p1b: Cramorant|71/261\n|-enditem|p1b: Cramorant|Sitrus Berry|[eat]\n|-heal|p1b: Cramorant|136/261|[from] item: Sitrus Berry\n|move|p1b: Cramorant|Brave Bird|p2b: Lugia\n|-damage|p2b: Lugia|0 fnt\n|faint|p2b: Lugia\n|-damage|p1b: Cramorant|100/261|[from] Recoil\n|\n|upkeep\n|\n|t:|1770774287\n|switch|p2b: Forretress|Forretress, L90, F|179/281\n|turn|9\n|\n|t:|1770774296\n|switch|p1a: Duraludon|Duraludon, L83, M, tera:Fighting|16/252\n|move|p1b: Cramorant|Tailwind|p1b: Cramorant\n|-sidestart|p1: GameOverRn007|move: Tailwind\n|move|p2a: Polteageist|Shell Smash|p2a: Polteageist\n|-unboost|p2a: Polteageist|def|1\n|-unboost|p2a: Polteageist|spd|1\n|-boost|p2a: Polteageist|atk|2\n|-boost|p2a: Polteageist|spa|2\n|-boost|p2a: Polteageist|spe|2\n|-enditem|p2a: Polteageist|White Herb\n|-clearnegativeboost|p2a: Polteageist|[silent]\n|move|p2b: Forretress|Explosion|p1a: Duraludon|[spread] p1a,p1b\n|-immune|p2a: Polteageist\n|-damage|p1a: Duraludon|0 fnt\n|-damage|p1b: Cramorant|0 fnt\n|faint|p2b: Forretress\n|faint|p1a: Duraludon\n|faint|p1b: Cramorant\n|\n|upkeep\n|\n|t:|1770774311\n|switch|p1b: Thundurus|Thundurus-Therian, L78, M|251/251\n|switch|p1a: Regidrago|Regidrago, L74|418/418\n|turn|10\n|\n|t:|1770774322\n|move|p2a: Polteageist|Protect|p2a: Polteageist\n|-singleturn|p2a: Polteageist|Protect\n|move|p1b: Thundurus|Wildbolt Storm|p2a: Polteageist\n|-activate|p2a: Polteageist|move: Protect\n|move|p1a: Regidrago|Dragon Energy|p2a: Polteageist\n|-activate|p2a: Polteageist|move: Protect\n|\n|upkeep\n|turn|11\n|inactive|baseballlover has 120 seconds left.\n|\n|t:|1770774357\n|move|p1b: Thundurus|Wildbolt Storm|p2a: Polteageist\n|-damage|p2a: Polteageist|147/241\n|move|p1a: Regidrago|Dragon Energy|p2a: Polteageist\n|-damage|p2a: Polteageist|0 fnt\n|-start|p1a: Regidrago|Disable|Dragon Energy|[from] ability: Cursed Body|[of] p2a: Polteageist\n|faint|p2a: Polteageist\n|\n|win|GameOverRn007\n|raw|GameOverRn007's rating: 1676 &rarr; <strong>1694</strong><br />(+18 for winning)\n|raw|baseballlover's rating: 1646 &rarr; <strong>1628</strong><br />(-18 for losing)\n", "inputlog": ">version ccdc32dd7cde25fd9e4bed64820e885f66e78a4e\n>start {\"formatid\":\"gen9randomdoublesbattle\",\"seed\":\"sodium,5004c9e2d32b26c8906fd7e006c0c5db\",\"rated\":\"Rated battle\"}\n>player p1 {\"name\":\"GameOverRn007\",\"avatar\":\"red\",\"rating\":1676,\"seed\":\"sodium,fdfd5a0ebeebfe758e8e05d693ef644a\"}\n>player p2 {\"name\":\"baseballlover\",\"avatar\":\"266\",\"rating\":1646,\"seed\":\"sodium,90c51da367c0664c32554dc7c49d6b94\"}\n>p1 move stoneedge +2, move swordsdance\n>p2 switch 5, move sleeppowder +1\n>p1 move irondefense, move doubleedge +2\n>p2 move ironhead +2, move hurricane +2\n>p2 pass, switch 3\n>p1 move irondefense, move leafblade +2\n>p2 move ironhead +1, move icywind\n>p1 pass, switch 5\n>p1 move bodypress +2, move voltswitch +1\n>p2 move ironhead +1, move freezedry +2\n>p1 pass, switch 4\n>p2 pass, switch 6\n>p1 move thunderwave +2, move irondefense\n>p2 switch 5, move calmmind terastallize\n>p1 move bodypress +1, move bodypress +2 terastallize\n>p2 move shellsmash, move earthpower +2\n>p2 switch 5, pass\n>p1 move bodypress +2, switch 3\n>p2 move bodypress +2, move earthpower +1\n>p1 switch 4, pass\n>p1 move grassknot +2, move bravebird +2\n>p2 switch 4, move aeroblast +2\n>p2 pass, switch 4\n>p1 switch 3, move tailwind\n>p2 move shellsmash, move explosion\n>p1 switch 6, switch 3\n>p1 move dragonenergy, move wildboltstorm\n>p2 move protect, pass\n>p1 move dragonenergy, move wildboltstorm\n>p2 move shadowball +1, pass", "uploadtime": 1770774357, "views": 66, "formatid": "gen9randomdoublesbattle", "rating": 1628, "private": 0, "password": null}