{"id": "gen9randomdoublesbattle-2537565818", "format": "[Gen 9] Random Doubles Battle", "players": ["doobydoug", "iamsonewplzbnice"], "log": "|j|☆doobydoug\n|j|☆iamsonewplzbnice\n|t:|1770827862\n|gametype|doubles\n|player|p1|doobydoug|169|1536\n|player|p2|iamsonewplzbnice|169|1529\n|gen|9\n|tier|[Gen 9] Random Doubles Battle\n|rated|\n|rule|Species Clause: Limit one of each Pokémon\n|rule|HP Percentage Mod: HP is shown in percentages\n|rule|Illusion Level Mod: Illusion disguises the Pokémon's true level\n|rule|Sleep Clause Mod: Limit one foe put to sleep\n|\n|t:|1770827862\n|teamsize|p1|6\n|teamsize|p2|6\n|start\n|switch|p1a: Iron Boulder|Iron Boulder, L77|265/265\n|switch|p1b: Serperior|Serperior, L80, M|251/251\n|switch|p2a: Hitmonchan|Hitmonchan, L90, M|236/236\n|switch|p2b: Lanturn|Lanturn, L87, F|359/359\n|turn|1\n|inactive|Battle timer is ON: inactive players will automatically lose when time's up. (requested by doobydoug)\n|\n|t:|1770827889\n|move|p1a: Iron Boulder|Protect|p1a: Iron Boulder\n|-singleturn|p1a: Iron Boulder|Protect\n|move|p2a: Hitmonchan|Fake Out|p1b: Serperior\n|-damage|p1b: Serperior|219/251\n|cant|p1b: Serperior|flinch\n|move|p2b: Lanturn|Scald|p1a: Iron Boulder\n|-activate|p1a: Iron Boulder|move: Protect\n|\n|upkeep\n|turn|2\n|inactive|iamsonewplzbnice has 120 seconds left.\n|\n|t:|1770827921\n|-end|p1a: Iron Boulder|Quark Drive|[silent]\n|switch|p1a: Altaria|Altaria, L91, F|284/284\n|switch|p2a: Oinkologne|Oinkologne, L92, M|352/352\n|switch|p2b: Scizor|Scizor, L80, M|243/243\n|move|p1b: Serperior|Glare|p2a: Oinkologne\n|-status|p2a: Oinkologne|par\n|\n|upkeep\n|turn|3\n|\n|t:|1770827941\n|switch|p2b: Lanturn|Lanturn, L87, F|359/359\n|move|p1b: Serperior|Protect|p1b: Serperior\n|-singleturn|p1b: Serperior|Protect\n|move|p1a: Altaria|Will-O-Wisp|p2b: Lanturn\n|-status|p2b: Lanturn|brn\n|cant|p2a: Oinkologne|par\n|\n|-damage|p2b: Lanturn|337/359 brn|[from] brn\n|upkeep\n|turn|4\n|\n|t:|1770827959\n|switch|p2b: Scizor|Scizor, L80, M|243/243\n|move|p1b: Serperior|Leaf Storm|p2a: Oinkologne\n|-damage|p2a: Oinkologne|216/352 par\n|-boost|p1b: Serperior|spa|2\n|-damage|p1b: Serperior|194/251|[from] item: Life Orb\n|move|p1a: Altaria|Tailwind|p1a: Altaria\n|-sidestart|p1: doobydoug|move: Tailwind\n|move|p2a: Oinkologne|Double-Edge|p1b: Serperior\n|-damage|p1b: Serperior|0 fnt\n|faint|p1b: Serperior\n|-damage|p2a: Oinkologne|152/352 par|[from] Recoil\n|\n|upkeep\n|inactive|doobydoug has 120 seconds left.\n|c|☆iamsonewplzbnice|boy you are good\n|\n|t:|1770827981\n|switch|p1b: Iron Boulder|Iron Boulder, L77|265/265\n|turn|5\n|\n|t:|1770827997\n|switch|p2b: Lanturn|Lanturn, L87, F|337/359 brn\n|move|p1b: Iron Boulder|Close Combat|p2a: Oinkologne\n|-supereffective|p2a: Oinkologne\n|-damage|p2a: Oinkologne|0 fnt\n|-unboost|p1b: Iron Boulder|def|1\n|-unboost|p1b: Iron Boulder|spd|1\n|faint|p2a: Oinkologne\n|-damage|p1b: Iron Boulder|239/265|[from] item: Life Orb\n|move|p1a: Altaria|Will-O-Wisp|p2b: Lanturn\n|-fail|p2b: Lanturn|brn\n|\n|-damage|p2b: Lanturn|315/359 brn|[from] brn\n|upkeep\n|\n|t:|1770828009\n|switch|p2a: Swampert|Swampert, L82, M|298/298\n|turn|6\n|\n|t:|1770828017\n|move|p1b: Iron Boulder|Protect|p1b: Iron Boulder\n|-singleturn|p1b: Iron Boulder|Protect\n|move|p1a: Altaria|Will-O-Wisp|p2a: Swampert\n|-status|p2a: Swampert|brn\n|move|p2b: Lanturn|Electroweb|p1a: Altaria|[spread] p1a\n|-activate|p1b: Iron Boulder|move: Protect\n|-damage|p1a: Altaria|253/284\n|-unboost|p1a: Altaria|spe|1\n|move|p2a: Swampert|Icy Wind|p1b: Iron Boulder|[spread] p1a\n|-activate|p1b: Iron Boulder|move: Protect\n|-supereffective|p1a: Altaria\n|-damage|p1a: Altaria|181/284\n|-unboost|p1a: Altaria|spe|1\n|\n|-damage|p2b: Lanturn|293/359 brn|[from] brn\n|-damage|p2a: Swampert|280/298 brn|[from] brn\n|upkeep\n|turn|7\n|inactive|doobydoug has 120 seconds left.\n|inactive|iamsonewplzbnice has 120 seconds left.\n|\n|t:|1770828060\n|switch|p1a: Arboliva|Arboliva, L88, F|281/281\n|move|p1b: Iron Boulder|Close Combat|p2a: Swampert\n|-damage|p2a: Swampert|162/298 brn\n|-unboost|p1b: Iron Boulder|def|1\n|-unboost|p1b: Iron Boulder|spd|1\n|-damage|p1b: Iron Boulder|213/265|[from] item: Life Orb\n|move|p2b: Lanturn|Ice Beam|p1a: Arboliva\n|-supereffective|p1a: Arboliva\n|-damage|p1a: Arboliva|193/281\n|-fieldstart|move: Grassy Terrain|[from] ability: Seed Sower|[of] p1a: Arboliva\n|move|p2a: Swampert|Icy Wind|p1a: Arboliva|[spread] p1a\n|-miss|p2a: Swampert|p1b: Iron Boulder\n|-supereffective|p1a: Arboliva\n|-damage|p1a: Arboliva|155/281\n|-unboost|p1a: Arboliva|spe|1\n|\n|-heal|p1b: Iron Boulder|229/265|[from] Grassy Terrain\n|-heal|p2b: Lanturn|315/359 brn|[from] Grassy Terrain\n|-heal|p1a: Arboliva|172/281|[from] Grassy Terrain\n|-heal|p2a: Swampert|180/298 brn|[from] Grassy Terrain\n|-damage|p2b: Lanturn|293/359 brn|[from] brn\n|-damage|p2a: Swampert|162/298 brn|[from] brn\n|-sideend|p1: doobydoug|move: Tailwind\n|upkeep\n|turn|8\n|inactive|doobydoug has 120 seconds left.\n|inactive|iamsonewplzbnice has 120 seconds left.\n|\n|t:|1770828107\n|-end|p1b: Iron Boulder|Quark Drive|[silent]\n|switch|p1b: Altaria|Altaria, L91, F|181/284\n|move|p1a: Arboliva|Protect|p1a: Arboliva\n|-singleturn|p1a: Arboliva|Protect\n|move|p2b: Lanturn|Electroweb|p1a: Arboliva|[spread] p1b\n|-activate|p1a: Arboliva|move: Protect\n|-damage|p1b: Altaria|148/284\n|-unboost|p1b: Altaria|spe|1\n|move|p2a: Swampert|Flip Turn|p1a: Arboliva\n|-activate|p1a: Arboliva|move: Protect\n|\n|-heal|p2b: Lanturn|315/359 brn|[from] Grassy Terrain\n|-heal|p2a: Swampert|180/298 brn|[from] Grassy Terrain\n|-heal|p1a: Arboliva|189/281|[from] Grassy Terrain\n|-damage|p2b: Lanturn|293/359 brn|[from] brn\n|-damage|p2a: Swampert|162/298 brn|[from] brn\n|upkeep\n|turn|9\n|\n|t:|1770828132\n|move|p2b: Lanturn|Ice Beam|p1b: Altaria\n|-supereffective|p1b: Altaria\n|-damage|p1b: Altaria|0 fnt\n|faint|p1b: Altaria\n|move|p2a: Swampert|Knock Off|p1a: Arboliva\n|-damage|p1a: Arboliva|157/281\n|-enditem|p1a: Arboliva|Life Orb|[from] move: Knock Off|[of] p2a: Swampert\n|move|p1a: Arboliva|Energy Ball|p2a: Swampert\n|-supereffective|p2a: Swampert\n|-crit|p2a: Swampert\n|-damage|p2a: Swampert|0 fnt\n|faint|p2a: Swampert\n|\n|-heal|p2b: Lanturn|315/359 brn|[from] Grassy Terrain\n|-heal|p1a: Arboliva|174/281|[from] Grassy Terrain\n|-damage|p2b: Lanturn|293/359 brn|[from] brn\n|upkeep\n|inactive|doobydoug has 120 seconds left.\n|inactive|iamsonewplzbnice has 90 seconds left.\n|\n|t:|1770828154\n|switch|p1b: Ampharos|Ampharos, L86, F|295/295\n|switch|p2a: Hariyama|Hariyama, L85, M|384/384\n|turn|10\n|inactive|iamsonewplzbnice has 90 seconds left.\n|\n|t:|1770828179\n|move|p1b: Ampharos|Helping Hand|p1a: Arboliva\n|-singleturn|p1a: Arboliva|Helping Hand|[of] p1b: Ampharos\n|move|p2a: Hariyama|Fake Out|p1a: Arboliva\n|-damage|p1a: Arboliva|142/281\n|move|p2b: Lanturn|Scald|p1b: Ampharos\n|-damage|p1b: Ampharos|226/295\n|cant|p1a: Arboliva|flinch\n|\n|-heal|p2b: Lanturn|315/359 brn|[from] Grassy Terrain\n|-heal|p1b: Ampharos|244/295|[from] Grassy Terrain\n|-heal|p1a: Arboliva|159/281|[from] Grassy Terrain\n|-damage|p2b: Lanturn|293/359 brn|[from] brn\n|upkeep\n|turn|11\n|inactive|iamsonewplzbnice has 90 seconds left.\n|\n|t:|1770828205\n|switch|p1a: Feraligatr|Feraligatr, L82, M|274/274\n|move|p2b: Lanturn|Ice Beam|p1a: Feraligatr\n|-resisted|p1a: Feraligatr\n|-damage|p1a: Feraligatr|243/274\n|move|p1b: Ampharos|Electroweb|p2b: Lanturn|[spread] p2a\n|-heal|p2b: Lanturn|359/359 brn|[from] ability: Volt Absorb|[of] p1b: Ampharos\n|-damage|p2a: Hariyama|341/384\n|-unboost|p2a: Hariyama|spe|1\n|move|p2a: Hariyama|Close Combat|p1a: Feraligatr\n|-damage|p1a: Feraligatr|104/274\n|-unboost|p2a: Hariyama|def|1\n|-unboost|p2a: Hariyama|spd|1\n|\n|-heal|p1a: Feraligatr|121/274|[from] Grassy Terrain\n|-heal|p1b: Ampharos|262/295|[from] Grassy Terrain\n|-heal|p2a: Hariyama|365/384|[from] Grassy Terrain\n|-damage|p2b: Lanturn|337/359 brn|[from] brn\n|-fieldend|move: Grassy Terrain\n|upkeep\n|turn|12\n|\n|t:|1770828227\n|switch|p2a: Hitmonchan|Hitmonchan, L90, M|236/236\n|move|p1a: Feraligatr|Liquidation|p2a: Hitmonchan\n|-damage|p2a: Hitmonchan|71/236\n|move|p2b: Lanturn|Electroweb|p1a: Feraligatr|[spread] p1a,p1b\n|-supereffective|p1a: Feraligatr\n|-resisted|p1b: Ampharos\n|-damage|p1a: Feraligatr|43/274\n|-damage|p1b: Ampharos|243/295\n|-unboost|p1a: Feraligatr|spe|1\n|-unboost|p1b: Ampharos|spe|1\n|move|p1b: Ampharos|Thunderbolt|p2a: Hitmonchan\n|-damage|p2a: Hitmonchan|7/236\n|\n|-damage|p2b: Lanturn|315/359 brn|[from] brn\n|upkeep\n|turn|13\n|inactive|iamsonewplzbnice has 120 seconds left.\n|\n|t:|1770828250\n|switch|p1b: Arboliva|Arboliva, L88, F|159/281\n|move|p2a: Hitmonchan|Fake Out|p1b: Arboliva\n|-damage|p1b: Arboliva|128/281\n|-fieldstart|move: Grassy Terrain|[from] ability: Seed Sower|[of] p1b: Arboliva\n|move|p1a: Feraligatr|Aqua Jet|p2a: Hitmonchan\n|-damage|p2a: Hitmonchan|0 fnt\n|faint|p2a: Hitmonchan\n|-damage|p1a: Feraligatr|16/274|[from] item: Life Orb\n|move|p2b: Lanturn|Electroweb|p1b: Arboliva|[spread] p1a,p1b\n|-supereffective|p1a: Feraligatr\n|-resisted|p1b: Arboliva\n|-damage|p1a: Feraligatr|0 fnt\n|-damage|p1b: Arboliva|112/281\n|-unboost|p1b: Arboliva|spe|1\n|faint|p1a: Feraligatr\n|\n|-heal|p2b: Lanturn|337/359 brn|[from] Grassy Terrain\n|-heal|p1b: Arboliva|129/281|[from] Grassy Terrain\n|-damage|p2b: Lanturn|315/359 brn|[from] brn\n|upkeep\n|\n|t:|1770828268\n|switch|p2a: Scizor|Scizor, L80, M|243/243\n|switch|p1a: Ampharos|Ampharos, L86, F|243/295\n|turn|14\n|\n|t:|1770828296\n|move|p1b: Arboliva|Protect|p1b: Arboliva\n|-singleturn|p1b: Arboliva|Protect\n|move|p2b: Lanturn|Ice Beam|p1b: Arboliva\n|-activate|p1b: Arboliva|move: Protect\n|move|p2a: Scizor|U-turn|p1a: Ampharos\n|-damage|p1a: Ampharos|161/295\n|-status|p2a: Scizor|par|[from] ability: Static|[of] p1a: Ampharos\n|\n|t:|1770828304\n|switch|p2a: Hariyama|Hariyama, L85, M|365/384|[from] U-turn\n|move|p1a: Ampharos|Focus Blast|p2a: Hariyama\n|-damage|p2a: Hariyama|269/384\n|\n|-heal|p2b: Lanturn|337/359 brn|[from] Grassy Terrain\n|-heal|p1a: Ampharos|179/295|[from] Grassy Terrain\n|-heal|p2a: Hariyama|293/384|[from] Grassy Terrain\n|-heal|p1b: Arboliva|146/281|[from] Grassy Terrain\n|-damage|p2b: Lanturn|315/359 brn|[from] brn\n|upkeep\n|turn|15\n|\n|t:|1770828324\n|move|p2b: Lanturn|Electroweb|p1a: Ampharos|[spread] p1a,p1b\n|-resisted|p1a: Ampharos\n|-resisted|p1b: Arboliva\n|-damage|p1a: Ampharos|160/295\n|-damage|p1b: Arboliva|131/281\n|-unboost|p1a: Ampharos|spe|1\n|-unboost|p1b: Arboliva|spe|1\n|move|p2a: Hariyama|Close Combat|p1b: Arboliva\n|-supereffective|p1b: Arboliva\n|-damage|p1b: Arboliva|0 fnt\n|-unboost|p2a: Hariyama|def|1\n|-unboost|p2a: Hariyama|spd|1\n|faint|p1b: Arboliva\n|move|p1a: Ampharos|Thunderbolt|p2a: Hariyama\n|-damage|p2a: Hariyama|136/384\n|\n|-heal|p2b: Lanturn|337/359 brn|[from] Grassy Terrain\n|-heal|p2a: Hariyama|160/384|[from] Grassy Terrain\n|-heal|p1a: Ampharos|178/295|[from] Grassy Terrain\n|-damage|p2b: Lanturn|315/359 brn|[from] brn\n|upkeep\n|\n|t:|1770828328\n|switch|p1b: Iron Boulder|Iron Boulder, L77|229/265\n|turn|16\n|inactive|iamsonewplzbnice has 120 seconds left.\n|\n|t:|1770828351\n|move|p1a: Ampharos|Helping Hand|p1b: Iron Boulder\n|-singleturn|p1b: Iron Boulder|Helping Hand|[of] p1a: Ampharos\n|move|p1b: Iron Boulder|Mighty Cleave|p2b: Lanturn\n|-damage|p2b: Lanturn|72/359 brn\n|-damage|p1b: Iron Boulder|203/265|[from] item: Life Orb\n|move|p2b: Lanturn|Scald|p1b: Iron Boulder\n|-supereffective|p1b: Iron Boulder\n|-damage|p1b: Iron Boulder|57/265\n|move|p2a: Hariyama|Close Combat|p1a: Ampharos\n|-crit|p1a: Ampharos\n|-damage|p1a: Ampharos|0 fnt\n|-unboost|p2a: Hariyama|def|1\n|-unboost|p2a: Hariyama|spd|1\n|faint|p1a: Ampharos\n|\n|-heal|p1b: Iron Boulder|73/265|[from] Grassy Terrain\n|-heal|p2b: Lanturn|94/359 brn|[from] Grassy Terrain\n|-heal|p2a: Hariyama|184/384|[from] Grassy Terrain\n|-damage|p2b: Lanturn|72/359 brn|[from] brn\n|upkeep\n|turn|17\n|\n|t:|1770828369\n|-terastallize|p1b: Iron Boulder|Fighting\n|move|p1b: Iron Boulder|Mighty Cleave|p2b: Lanturn\n|-damage|p2b: Lanturn|0 fnt\n|faint|p2b: Lanturn\n|-damage|p1b: Iron Boulder|47/265|[from] item: Life Orb\n|move|p2a: Hariyama|Close Combat|p1b: Iron Boulder\n|-damage|p1b: Iron Boulder|0 fnt\n|-unboost|p2a: Hariyama|def|1\n|-unboost|p2a: Hariyama|spd|1\n|faint|p1b: Iron Boulder\n|-end|p1b: Iron Boulder|Quark Drive|[silent]\n|\n|win|iamsonewplzbnice\n|raw|doobydoug's rating: 1536 &rarr; <strong>1516</strong><br />(-20 for losing)\n|raw|iamsonewplzbnice's rating: 1529 &rarr; <strong>1549</strong><br />(+20 for winning)\n|c|☆iamsonewplzbnice|wp\n|l|☆doobydoug\n|player|p1|\n", "inputlog": ">version ccdc32dd7cde25fd9e4bed64820e885f66e78a4e\n>start {\"formatid\":\"gen9randomdoublesbattle\",\"seed\":\"sodium,56eb15a262a5c0d6c6701b099ab879ac\",\"rated\":\"Rated battle\"}\n>player p1 {\"name\":\"doobydoug\",\"avatar\":\"169\",\"rating\":1536,\"seed\":\"sodium,9f2a12fbd8cfa5ca9e6acdedbbff7b20\"}\n>player p2 {\"name\":\"iamsonewplzbnice\",\"avatar\":\"169\",\"rating\":1529,\"seed\":\"sodium,0b9d8a6660c3ab63ebe32d6bf6491f98\"}\n>p1 move protect, move glare +1\n>p2 move fakeout +2, move scald +1\n>p1 switch 3, move glare +1\n>p2 switch 5, switch 6\n>p1 move willowisp +2, move protect\n>p2 move doubleedge +2, switch 6\n>p1 move tailwind, move leafstorm +1\n>p2 move doubleedge +2, switch 6\n>chat ☆iamsonewplzbnice|boy you are good \n>p1 pass, switch 3\n>p1 move willowisp +2, move closecombat +1\n>p2 move doubleedge +1, switch 6\n>p2 switch 3, pass\n>p1 move willowisp +1, move protect\n>p2 move icywind, move electroweb\n>p1 switch 4, move closecombat +1\n>p2 move icywind, move icebeam +1\n>p1 move protect, switch 4\n>p2 move flipturn +1, move electroweb\n>p1 move energyball +1, move tailwind\n>p2 move knockoff +1, move icebeam +2\n>p1 pass, switch 6\n>p2 switch 4, pass\n>p1 move earthpower +2, move helpinghand -1\n>p2 move fakeout +1, move scald +2\n>p1 switch 5, move electroweb\n>p2 move closecombat +1, move icebeam +1\n>p1 move liquidation +1, move thunderbolt +1\n>p2 switch 5, move electroweb\n>p1 move aquajet +1, switch 5\n>p2 move fakeout +2, move electroweb\n>p1 switch 5, pass\n>p2 switch 6, pass\n>p1 move focusblast +1, move protect\n>p2 move uturn +1, move icebeam +2\n>p2 switch 5, pass\n>p1 move thunderbolt +1, move hypervoice\n>p2 move closecombat +2, move electroweb\n>p1 pass, switch 4\n>p1 move helpinghand -2, move mightycleave +2\n>p2 move closecombat +1, move scald +2\n>p1 pass, move mightycleave +2 terastallize\n>p2 move closecombat +2, move scald +2", "uploadtime": 1770828385, "views": 68, "formatid": "gen9randomdoublesbattle", "rating": 1516, "private": 0, "password": null}