{"id": "gen9randomdoublesbattle-2536915618", "format": "[Gen 9] Random Doubles Battle", "players": ["fwiesnosffi", "hongbin1"], "log": "|j|☆fwiesnosffi\n|j|☆hongbin1\n|t:|1770748145\n|gametype|doubles\n|player|p1|fwiesnosffi|janitor|2033\n|player|p2|hongbin1|265|1988\n|gen|9\n|tier|[Gen 9] Random Doubles Battle\n|rated|\n|rule|Species Clause: Limit one of each Pokémon\n|rule|HP Percentage Mod: HP is shown in percentages\n|rule|Illusion Level Mod: Illusion disguises the Pokémon's true level\n|rule|Sleep Clause Mod: Limit one foe put to sleep\n|\n|t:|1770748145\n|teamsize|p1|6\n|teamsize|p2|6\n|start\n|switch|p1a: Pyroar|Pyroar, L83, F|278/278\n|switch|p1b: Urshifu|Urshifu, L75, F|274/274\n|switch|p2a: Passimian|Passimian, L82, M|298/298\n|switch|p2b: Great Tusk|Great Tusk, L81|319/319\n|-ability|p1a: Pyroar|Unnerve\n|turn|1\n|c|☆fwiesnosffi|glhf\n|\n|t:|1770748186\n|switch|p1b: Dachsbun|Dachsbun, L90, M|249/249\n|move|p1a: Pyroar|Protect|p1a: Pyroar\n|-singleturn|p1a: Pyroar|Protect\n|move|p2b: Great Tusk|Close Combat|p1a: Pyroar\n|-activate|p1a: Pyroar|move: Protect\n|move|p2a: Passimian|Close Combat|p1b: Dachsbun\n|-resisted|p1b: Dachsbun\n|-damage|p1b: Dachsbun|174/249\n|-unboost|p2a: Passimian|def|1\n|-unboost|p2a: Passimian|spd|1\n|\n|upkeep\n|turn|2\n|inactive|Battle timer is ON: inactive players will automatically lose when time's up. (requested by hongbin1)\n|\n|t:|1770748216\n|switch|p2a: Dusknoir|Dusknoir, L89, F|225/225\n|-item|p1a: Pyroar|Life Orb|[from] ability: Frisk|[of] p2a: Dusknoir\n|-item|p1b: Dachsbun|Sitrus Berry|[from] ability: Frisk|[of] p2a: Dusknoir\n|move|p1b: Dachsbun|Helping Hand|p1a: Pyroar\n|-singleturn|p1a: Pyroar|Helping Hand|[of] p1b: Dachsbun\n|move|p1a: Pyroar|Hyper Voice|p2b: Great Tusk|[spread] p2b\n|-immune|p2a: Dusknoir\n|-damage|p2b: Great Tusk|115/319\n|-damage|p1a: Pyroar|251/278|[from] item: Life Orb\n|move|p2b: Great Tusk|Headlong Rush|p1a: Pyroar\n|-supereffective|p1a: Pyroar\n|-damage|p1a: Pyroar|0 fnt\n|-unboost|p2b: Great Tusk|def|1\n|-unboost|p2b: Great Tusk|spd|1\n|-enditem|p2b: Great Tusk|Sitrus Berry|[eat]\n|-heal|p2b: Great Tusk|194/319|[from] item: Sitrus Berry\n|faint|p1a: Pyroar\n|\n|upkeep\n|\n|t:|1770748228\n|switch|p1a: Urshifu|Urshifu, L75, F|274/274\n|turn|3\n|\n|t:|1770748240\n|-terastallize|p2b: Great Tusk|Fire\n|move|p1b: Dachsbun|Play Rough|p2b: Great Tusk\n|-resisted|p2b: Great Tusk\n|-damage|p2b: Great Tusk|137/319\n|move|p1a: Urshifu|Wicked Blow|p2a: Dusknoir\n|-supereffective|p2a: Dusknoir\n|-crit|p2a: Dusknoir\n|-damage|p2a: Dusknoir|14/225\n|-damage|p1a: Urshifu|247/274|[from] item: Life Orb\n|move|p2b: Great Tusk|Close Combat|p1a: Urshifu\n|-supereffective|p1a: Urshifu\n|-damage|p1a: Urshifu|0 fnt\n|-unboost|p2b: Great Tusk|def|1\n|-unboost|p2b: Great Tusk|spd|1\n|faint|p1a: Urshifu\n|move|p2a: Dusknoir|Poltergeist|p1b: Dachsbun\n|-activate|p1b: Dachsbun|move: Poltergeist|Sitrus Berry\n|-damage|p1b: Dachsbun|48/249\n|-enditem|p1b: Dachsbun|Sitrus Berry|[eat]\n|-heal|p1b: Dachsbun|110/249|[from] item: Sitrus Berry\n|-damage|p2a: Dusknoir|0 fnt|[from] item: Life Orb\n|faint|p2a: Dusknoir\n|\n|upkeep\n|inactive|fwiesnosffi has 120 seconds left.\n|\n|t:|1770748279\n|switch|p1a: Darkrai|Darkrai, L80|243/243\n|switch|p2a: Shiftry|Shiftry, L84, F|288/288\n|turn|4\n|\n|t:|1770748303\n|move|p1a: Darkrai|Sludge Bomb|p2b: Great Tusk\n|-damage|p2b: Great Tusk|0 fnt\n|faint|p2b: Great Tusk\n|-end|p2b: Great Tusk|Protosynthesis|[silent]\n|-damage|p1a: Darkrai|219/243|[from] item: Life Orb\n|move|p1b: Dachsbun|Play Rough|p2a: Shiftry\n|-supereffective|p2a: Shiftry\n|-damage|p2a: Shiftry|18/288\n|move|p2a: Shiftry|Tailwind|p2a: Shiftry\n|-sidestart|p2: hongbin1|move: Tailwind\n|-ability|p2a: Shiftry|Wind Rider|boost\n|-boost|p2a: Shiftry|atk|1\n|\n|upkeep\n|\n|t:|1770748314\n|switch|p2b: Flareon|Flareon, L90, M|263/263\n|turn|5\n|inactive|fwiesnosffi has 120 seconds left.\n|\n|t:|1770748345\n|move|p2a: Shiftry|Leaf Blade|p1b: Dachsbun\n|-damage|p1b: Dachsbun|2/249\n|move|p2b: Flareon|Flare Blitz|p1a: Darkrai\n|-damage|p1a: Darkrai|20/243\n|-damage|p2b: Flareon|197/263|[from] Recoil\n|move|p1a: Darkrai|Dark Pulse|p2b: Flareon\n|-damage|p2b: Flareon|100/263\n|-damage|p1a: Darkrai|0 fnt|[from] item: Life Orb\n|faint|p1a: Darkrai\n|move|p1b: Dachsbun|Play Rough|p2a: Shiftry\n|-supereffective|p2a: Shiftry\n|-damage|p2a: Shiftry|0 fnt\n|faint|p2a: Shiftry\n|\n|-status|p2b: Flareon|tox|[from] item: Toxic Orb\n|upkeep\n|inactive|fwiesnosffi has 120 seconds left.\n|\n|t:|1770748363\n|switch|p1a: Toxapex|Toxapex, L92, M|241/241\n|switch|p2a: Passimian|Passimian, L82, M|298/298\n|turn|6\n|\n|t:|1770748375\n|move|p1a: Toxapex|Baneful Bunker|p1a: Toxapex\n|-singleturn|p1a: Toxapex|move: Protect\n|move|p2a: Passimian|Rock Slide|p1b: Dachsbun|[spread] p1b\n|-activate|p1a: Toxapex|move: Protect\n|-damage|p1b: Dachsbun|0 fnt\n|faint|p1b: Dachsbun\n|move|p2b: Flareon|Facade|p1a: Toxapex\n|-activate|p1a: Toxapex|move: Protect\n|\n|-damage|p2b: Flareon|84/263 tox|[from] psn\n|upkeep\n|inactive|fwiesnosffi has 120 seconds left.\n|\n|t:|1770748385\n|switch|p1b: Feraligatr|Feraligatr, L82, M|274/274\n|turn|7\n|inactive|fwiesnosffi has 120 seconds left.\n|\n|t:|1770748415\n|move|p1b: Feraligatr|Protect|p1b: Feraligatr\n|-singleturn|p1b: Feraligatr|Protect\n|move|p2a: Passimian|Rock Slide|p1a: Toxapex|[spread] \n|-activate|p1b: Feraligatr|move: Protect\n|-miss|p2a: Passimian|p1a: Toxapex\n|move|p2b: Flareon|Facade|p1b: Feraligatr\n|-activate|p1b: Feraligatr|move: Protect\n|move|p1a: Toxapex|Toxic|p2a: Passimian\n|-status|p2a: Passimian|tox\n|\n|-damage|p2a: Passimian|280/298 tox|[from] psn\n|-damage|p2b: Flareon|52/263 tox|[from] psn\n|-sideend|p2: hongbin1|move: Tailwind\n|upkeep\n|turn|8\n|inactive|fwiesnosffi has 120 seconds left.\n|\n|t:|1770748447\n|move|p2a: Passimian|Rock Slide|p1a: Toxapex|[spread] p1a,p1b\n|-damage|p1a: Toxapex|201/241\n|-damage|p1b: Feraligatr|218/274\n|cant|p1b: Feraligatr|flinch\n|move|p2b: Flareon|Facade|p1b: Feraligatr\n|-damage|p1b: Feraligatr|15/274\n|cant|p1a: Toxapex|flinch\n|\n|-heal|p1a: Toxapex|216/241|[from] item: Leftovers\n|-damage|p2a: Passimian|244/298 tox|[from] psn\n|-damage|p2b: Flareon|4/263 tox|[from] psn\n|upkeep\n|turn|9\n|\n|t:|1770748460\n|switch|p2b: Probopass|Probopass, L90, F|254/254\n|move|p1b: Feraligatr|Protect|p1b: Feraligatr\n|-singleturn|p1b: Feraligatr|Protect\n|move|p1a: Toxapex|Baneful Bunker|p1a: Toxapex\n|-singleturn|p1a: Toxapex|move: Protect\n|move|p2a: Passimian|Rock Slide|p1b: Feraligatr|[spread] \n|-activate|p1a: Toxapex|move: Protect\n|-activate|p1b: Feraligatr|move: Protect\n|\n|-heal|p1a: Toxapex|231/241|[from] item: Leftovers\n|-damage|p2a: Passimian|190/298 tox|[from] psn\n|upkeep\n|turn|10\n|\n|t:|1770748486\n|move|p2a: Passimian|Rock Slide|p1b: Feraligatr|[spread] p1a\n|-miss|p2a: Passimian|p1b: Feraligatr\n|-damage|p1a: Toxapex|190/241\n|move|p1b: Feraligatr|Liquidation|p2b: Probopass\n|-supereffective|p2b: Probopass\n|-damage|p2b: Probopass|64/254\n|move|p2b: Probopass|Iron Defense|p2b: Probopass\n|-boost|p2b: Probopass|def|2\n|move|p1a: Toxapex|Infestation|p2b: Probopass\n|-resisted|p2b: Probopass\n|-damage|p2b: Probopass|60/254\n|-activate|p2b: Probopass|move: Infestation|[of] p1a: Toxapex\n|\n|-heal|p1a: Toxapex|205/241|[from] item: Leftovers\n|-damage|p2a: Passimian|118/298 tox|[from] psn\n|-damage|p2b: Probopass|29/254|[from] move: Infestation|[partiallytrapped]\n|upkeep\n|turn|11\n|\n|t:|1770748498\n|move|p1b: Feraligatr|Protect|p1b: Feraligatr\n|-singleturn|p1b: Feraligatr|Protect\n|move|p1a: Toxapex|Baneful Bunker|p1a: Toxapex\n|-singleturn|p1a: Toxapex|move: Protect\n|move|p2a: Passimian|Rock Slide|p1a: Toxapex|[spread] \n|-activate|p1a: Toxapex|move: Protect\n|-activate|p1b: Feraligatr|move: Protect\n|move|p2b: Probopass|Rest|p2b: Probopass\n|-status|p2b: Probopass|slp|[from] move: Rest\n|-heal|p2b: Probopass|254/254 slp|[silent]\n|-enditem|p2b: Probopass|Chesto Berry|[eat]\n|-curestatus|p2b: Probopass|slp|[msg]\n|\n|-heal|p1a: Toxapex|220/241|[from] item: Leftovers\n|-damage|p2a: Passimian|28/298 tox|[from] psn\n|-damage|p2b: Probopass|223/254|[from] move: Infestation|[partiallytrapped]\n|upkeep\n|turn|12\n|inactive|fwiesnosffi has 120 seconds left.\n|\n|t:|1770748540\n|move|p1b: Feraligatr|Protect||[still]\n|-fail|p1b: Feraligatr\n|move|p2a: Passimian|Rock Slide|p1b: Feraligatr|[spread] p1a,p1b\n|-damage|p1a: Toxapex|178/241\n|-damage|p1b: Feraligatr|0 fnt\n|faint|p1b: Feraligatr\n|move|p2b: Probopass|Iron Defense|p2b: Probopass\n|-boost|p2b: Probopass|def|2\n|move|p1a: Toxapex|Recover|p1a: Toxapex\n|-heal|p1a: Toxapex|241/241\n|\n|-damage|p2a: Passimian|0 fnt|[from] psn\n|faint|p2a: Passimian\n|-damage|p2b: Probopass|192/254|[from] move: Infestation|[partiallytrapped]\n|upkeep\n|\n|t:|1770748551\n|switch|p2a: Flareon|Flareon, L90, M|4/263 tox\n|turn|13\n|\n|t:|1770748557\n|move|p1a: Toxapex|Baneful Bunker|p1a: Toxapex\n|-singleturn|p1a: Toxapex|move: Protect\n|move|p2a: Flareon|Facade|p1a: Toxapex\n|-activate|p1a: Toxapex|move: Protect\n|move|p2b: Probopass|Iron Defense|p2b: Probopass\n|-boost|p2b: Probopass|def|2\n|\n|-damage|p2a: Flareon|0 fnt|[from] psn\n|faint|p2a: Flareon\n|-damage|p2b: Probopass|161/254|[from] move: Infestation|[partiallytrapped]\n|upkeep\n|turn|14\n|\n|t:|1770748572\n|move|p2b: Probopass|Body Press|p1a: Toxapex\n|-resisted|p1a: Toxapex\n|-damage|p1a: Toxapex|143/241\n|move|p1a: Toxapex|Infestation|p2b: Probopass\n|-resisted|p2b: Probopass\n|-damage|p2b: Probopass|157/254\n|\n|-heal|p1a: Toxapex|158/241|[from] item: Leftovers\n|-end|p2b: Probopass|Infestation|[partiallytrapped]\n|upkeep\n|turn|15\n|\n|t:|1770748582\n|move|p1a: Toxapex|Baneful Bunker|p1a: Toxapex\n|-singleturn|p1a: Toxapex|move: Protect\n|move|p2b: Probopass|Iron Defense|p2b: Probopass\n|-boost|p2b: Probopass|def|0\n|\n|-heal|p1a: Toxapex|173/241|[from] item: Leftovers\n|upkeep\n|turn|16\n|\n|t:|1770748588\n|move|p2b: Probopass|Body Press|p1a: Toxapex\n|-resisted|p1a: Toxapex\n|-damage|p1a: Toxapex|68/241\n|move|p1a: Toxapex|Toxic|p2b: Probopass\n|-immune|p2b: Probopass\n|\n|-heal|p1a: Toxapex|83/241|[from] item: Leftovers\n|upkeep\n|turn|17\n|\n|t:|1770748599\n|move|p2b: Probopass|Body Press|p1a: Toxapex\n|-resisted|p1a: Toxapex\n|-damage|p1a: Toxapex|0 fnt\n|faint|p1a: Toxapex\n|\n|win|hongbin1\n|raw|fwiesnosffi's rating: 2033 &rarr; <strong>2010</strong><br />(-23 for losing)\n|raw|hongbin1's rating: 1988 &rarr; <strong>2011</strong><br />(+23 for winning)\n|c|☆hongbin1|gg\n|c|☆fwiesnosffi|gg\n|l|☆fwiesnosffi\n|player|p1|\n", "inputlog": ">version ccdc32dd7cde25fd9e4bed64820e885f66e78a4e\n>start {\"formatid\":\"gen9randomdoublesbattle\",\"seed\":\"sodium,88abdd6e3c0d717f5212debacac04474\",\"rated\":\"Rated battle\"}\n>player p1 {\"name\":\"fwiesnosffi\",\"avatar\":\"janitor\",\"rating\":2033,\"seed\":\"sodium,39da85c1346f5b48b2b28e3d98e7109d\"}\n>player p2 {\"name\":\"hongbin1\",\"avatar\":\"265\",\"rating\":1988,\"seed\":\"sodium,0f833991ca974196351aaa2148f68c34\"}\n>chat ☆fwiesnosffi|glhf\n>p1 move protect, switch 5\n>p2 move closecombat +2, move closecombat +1\n>p1 move hypervoice, move helpinghand -1\n>p2 switch 3, move headlongrush +1\n>p1 switch 5, pass\n>p1 move wickedblow +1, move playrough +2\n>p2 move poltergeist +2, move closecombat +1 terastallize\n>p1 switch 3, pass\n>p2 switch 4, pass\n>p1 move sludgebomb +2, move playrough +1\n>p2 move tailwind, move headlongrush +2\n>p2 pass, switch 5\n>p1 move darkpulse +2, move playrough +1\n>p2 move leafblade +2, move flareblitz +1\n>p1 switch 6, pass\n>p2 switch 3, pass\n>p1 move banefulbunker, move yawn +1\n>p2 move rockslide, move facade +1\n>p1 pass, switch 4\n>p1 move toxic +1, move protect\n>p2 move rockslide, move facade +2\n>p1 move infestation +1, move liquidation +2\n>p2 move rockslide, move facade +2\n>p1 move banefulbunker, move protect\n>p2 move rockslide, switch 6\n>p1 move infestation +2, move liquidation +2\n>p2 move rockslide, move irondefense\n>p1 move banefulbunker, move protect\n>p2 move rockslide, move rest\n>p1 move recover, move protect\n>p2 move rockslide, move irondefense\n>p2 switch 6, pass\n>p1 move banefulbunker, pass\n>p2 move facade +1, move irondefense\n>p1 move infestation +2, pass\n>p2 pass, move bodypress +1\n>p1 move banefulbunker, pass\n>p2 pass, move irondefense\n>p1 move toxic +2, pass\n>p2 pass, move bodypress +1\n>p1 move recover, pass\n>p2 pass, move bodypress +1", "uploadtime": 1770748648, "views": 71, "formatid": "gen9randomdoublesbattle", "rating": 2010, "private": 0, "password": null}