{"id": "gen9randomdoublesbattle-2536595124", "format": "[Gen 9] Random Doubles Battle", "players": ["Dat Bummmmm", "kalsonofjor"], "log": "|j|☆Dat Bummmmm\n|j|☆kalsonofjor\n|t:|1770711931\n|gametype|doubles\n|player|p1|Dat Bummmmm|102|2001\n|player|p2|kalsonofjor|2|1919\n|gen|9\n|tier|[Gen 9] Random Doubles Battle\n|rated|\n|rule|Species Clause: Limit one of each Pokémon\n|rule|HP Percentage Mod: HP is shown in percentages\n|rule|Illusion Level Mod: Illusion disguises the Pokémon's true level\n|rule|Sleep Clause Mod: Limit one foe put to sleep\n|\n|t:|1770711931\n|teamsize|p1|6\n|teamsize|p2|6\n|start\n|switch|p1a: Hariyama|Hariyama, L85, M|384/384\n|switch|p1b: Abomasnow|Abomasnow, L81, M|278/278\n|switch|p2a: Talonflame|Talonflame, L82, F|262/262\n|switch|p2b: Annihilape|Annihilape, L77, F|296/296\n|-weather|Snowscape|[from] ability: Snow Warning|[of] p1b: Abomasnow\n|turn|1\n|inactive|Battle timer is ON: inactive players will automatically lose when time's up. (requested by Dat Bummmmm)\n|\n|t:|1770711973\n|move|p1a: Hariyama|Fake Out|p2a: Talonflame\n|-damage|p2a: Talonflame|220/262\n|move|p2b: Annihilape|U-turn|p1a: Hariyama\n|-resisted|p1a: Hariyama\n|-damage|p1a: Hariyama|351/384\n|\n|t:|1770711984\n|switch|p2b: Venusaur|Venusaur, L86, F|278/278|[from] U-turn\n|cant|p2a: Talonflame|flinch\n|move|p1b: Abomasnow|Aurora Veil|p1b: Abomasnow\n|-sidestart|p1: Dat Bummmmm|move: Aurora Veil\n|\n|-weather|Snowscape|[upkeep]\n|upkeep\n|turn|2\n|\n|t:|1770712005\n|switch|p1b: Pincurchin|Pincurchin, L97, M|250/250\n|-fieldstart|move: Electric Terrain|[from] ability: Electric Surge|[of] p1b: Pincurchin\n|move|p2a: Talonflame|Will-O-Wisp|p1a: Hariyama\n|-status|p1a: Hariyama|brn\n|move|p2b: Venusaur|Sludge Bomb|p1a: Hariyama\n|-damage|p1a: Hariyama|276/384 brn\n|-damage|p2b: Venusaur|251/278|[from] item: Life Orb\n|move|p1a: Hariyama|Heavy Slam|p2b: Venusaur\n|-damage|p2b: Venusaur|227/278\n|\n|-weather|Snowscape|[upkeep]\n|-damage|p1a: Hariyama|252/384 brn|[from] brn\n|upkeep\n|turn|3\n|\n|t:|1770712026\n|switch|p2a: Regigigas|Regigigas, L86|329/329\n|-start|p2a: Regigigas|ability: Slow Start\n|move|p2b: Venusaur|Sludge Bomb|p1b: Pincurchin\n|-damage|p1b: Pincurchin|171/250\n|-damage|p2b: Venusaur|200/278|[from] item: Life Orb\n|move|p1a: Hariyama|Knock Off|p2b: Venusaur\n|-damage|p2b: Venusaur|160/278\n|-enditem|p2b: Venusaur|Life Orb|[from] move: Knock Off|[of] p1a: Hariyama\n|move|p1b: Pincurchin|Electroweb|p2b: Venusaur|[spread] p2a,p2b\n|-crit|p2a: Regigigas\n|-resisted|p2b: Venusaur\n|-damage|p2a: Regigigas|238/329\n|-damage|p2b: Venusaur|131/278\n|-unboost|p2a: Regigigas|spe|1\n|-unboost|p2b: Venusaur|spe|1\n|\n|-weather|Snowscape|[upkeep]\n|-heal|p2a: Regigigas|258/329|[from] item: Leftovers\n|-damage|p1a: Hariyama|228/384 brn|[from] brn\n|upkeep\n|turn|4\n|\n|t:|1770712051\n|move|p1a: Hariyama|Knock Off|p2a: Regigigas\n|-damage|p2a: Regigigas|225/329\n|-enditem|p2a: Regigigas|Leftovers|[from] move: Knock Off|[of] p1a: Hariyama\n|move|p2b: Venusaur|Sludge Bomb|p1a: Hariyama\n|-damage|p1a: Hariyama|172/384 brn\n|move|p1b: Pincurchin|Electroweb|p2a: Regigigas|[spread] p2a,p2b\n|-resisted|p2b: Venusaur\n|-damage|p2a: Regigigas|162/329\n|-damage|p2b: Venusaur|98/278\n|-unboost|p2a: Regigigas|spe|1\n|-unboost|p2b: Venusaur|spe|1\n|move|p2a: Regigigas|Knock Off|p1b: Pincurchin\n|-damage|p1b: Pincurchin|142/250\n|-enditem|p1b: Pincurchin|Sitrus Berry|[from] move: Knock Off|[of] p2a: Regigigas\n|\n|-weather|Snowscape|[upkeep]\n|-damage|p1a: Hariyama|148/384 brn|[from] brn\n|upkeep\n|turn|5\n|inactive|Dat Bummmmm has 120 seconds left.\n|inactive|kalsonofjor has 120 seconds left.\n|inactive|Dat Bummmmm has 90 seconds left.\n|\n|t:|1770712121\n|move|p2a: Regigigas|Protect|p2a: Regigigas\n|-singleturn|p2a: Regigigas|Protect\n|move|p1a: Hariyama|Close Combat|p2a: Regigigas\n|-activate|p2a: Regigigas|move: Protect\n|move|p2b: Venusaur|Sludge Bomb|p1b: Pincurchin\n|-damage|p1b: Pincurchin|76/250\n|move|p1b: Pincurchin|Thunderbolt|p2a: Regigigas\n|-activate|p2a: Regigigas|move: Protect\n|\n|-weather|none\n|-damage|p1a: Hariyama|124/384 brn|[from] brn\n|upkeep\n|turn|6\n|inactive|kalsonofjor has 120 seconds left.\n|\n|t:|1770712145\n|move|p1a: Hariyama|Close Combat|p2a: Regigigas\n|-supereffective|p2a: Regigigas\n|-damage|p2a: Regigigas|39/329\n|-unboost|p1a: Hariyama|def|1\n|-unboost|p1a: Hariyama|spd|1\n|move|p2b: Venusaur|Sludge Bomb|p1b: Pincurchin\n|-damage|p1b: Pincurchin|18/250\n|move|p1b: Pincurchin|Recover|p1b: Pincurchin\n|-heal|p1b: Pincurchin|143/250\n|move|p2a: Regigigas|Double-Edge|p1b: Pincurchin\n|-damage|p1b: Pincurchin|83/250\n|-damage|p2a: Regigigas|19/329|[from] Recoil\n|\n|-damage|p1a: Hariyama|100/384 brn|[from] brn\n|-fieldend|move: Electric Terrain\n|upkeep\n|turn|7\n|inactive|Dat Bummmmm has 120 seconds left.\n|\n|t:|1770712170\n|switch|p1a: Abomasnow|Abomasnow, L81, M|278/278\n|-weather|Snowscape|[from] ability: Snow Warning|[of] p1a: Abomasnow\n|move|p2b: Venusaur|Leaf Storm|p1b: Pincurchin\n|-damage|p1b: Pincurchin|0 fnt\n|-unboost|p2b: Venusaur|spa|2\n|faint|p1b: Pincurchin\n|move|p2a: Regigigas|Double-Edge|p1a: Abomasnow\n|-crit|p1a: Abomasnow\n|-damage|p1a: Abomasnow|160/278\n|-damage|p2a: Regigigas|0 fnt|[from] Recoil\n|faint|p2a: Regigigas\n|\n|-weather|Snowscape|[upkeep]\n|upkeep\n|inactive|kalsonofjor has 120 seconds left.\n|\n|t:|1770712190\n|switch|p2a: Talonflame|Talonflame, L82, F|220/262\n|switch|p1b: Galvantula|Galvantula, L85, F|258/258\n|turn|8\n|inactive|Dat Bummmmm has 120 seconds left.\n|\n|t:|1770712206\n|switch|p2b: Cobalion|Cobalion, L79|273/273\n|move|p2a: Talonflame|Overheat|p1a: Abomasnow\n|-supereffective|p1a: Abomasnow\n|-damage|p1a: Abomasnow|0 fnt\n|-unboost|p2a: Talonflame|spa|2\n|faint|p1a: Abomasnow\n|move|p1b: Galvantula|Thunder|p2a: Talonflame\n|-supereffective|p2a: Talonflame\n|-damage|p2a: Talonflame|0 fnt\n|faint|p2a: Talonflame\n|\n|-weather|Snowscape|[upkeep]\n|-sideend|p1: Dat Bummmmm|move: Aurora Veil\n|upkeep\n|inactive|Dat Bummmmm has 120 seconds left.\n|inactive|kalsonofjor has 120 seconds left.\n|\n|t:|1770712223\n|switch|p2a: Annihilape|Annihilape, L77, F|296/296\n|switch|p1a: Hariyama|Hariyama, L85, M|100/384 brn\n|turn|9\n|\n|t:|1770712241\n|move|p1a: Hariyama|Fake Out|p2b: Cobalion\n|-resisted|p2b: Cobalion\n|-damage|p2b: Cobalion|267/273\n|move|p2a: Annihilape|Final Gambit|p1b: Galvantula\n|-damage|p1b: Galvantula|0 fnt\n|faint|p2a: Annihilape\n|faint|p1b: Galvantula\n|cant|p2b: Cobalion|flinch\n|\n|-weather|Snowscape|[upkeep]\n|-damage|p1a: Hariyama|76/384 brn|[from] brn\n|upkeep\n|inactive|kalsonofjor has 120 seconds left.\n|\n|t:|1770712253\n|switch|p1b: Venusaur|Venusaur, L86, M|278/278\n|switch|p2a: Venusaur|Venusaur, L86, F|98/278\n|turn|10\n|\n|t:|1770712262\n|move|p2b: Cobalion|Thunder Wave|p1b: Venusaur\n|-status|p1b: Venusaur|par\n|move|p2a: Venusaur|Sludge Bomb|p1a: Hariyama\n|-damage|p1a: Hariyama|0 fnt\n|faint|p1a: Hariyama\n|cant|p1b: Venusaur|par\n|\n|-weather|Snowscape|[upkeep]\n|upkeep\n|\n|t:|1770712268\n|switch|p1a: Bombirdier|Bombirdier, L84, M|255/255\n|turn|11\n|\n|t:|1770712284\n|move|p1a: Bombirdier|Protect|p1a: Bombirdier\n|-singleturn|p1a: Bombirdier|Protect\n|move|p2b: Cobalion|Thunder Wave|p1a: Bombirdier\n|-activate|p1a: Bombirdier|move: Protect\n|move|p2a: Venusaur|Sludge Bomb|p1a: Bombirdier\n|-activate|p1a: Bombirdier|move: Protect\n|cant|p1b: Venusaur|par\n|\n|-weather|none\n|upkeep\n|turn|12\n|c|☆Dat Bummmmm|Really\n|c|☆Dat Bummmmm|crit paralysis\n|\n|t:|1770712309\n|move|p2b: Cobalion|Thunder Wave|p1a: Bombirdier\n|-status|p1a: Bombirdier|par\n|move|p2a: Venusaur|Sludge Bomb|p1a: Bombirdier\n|-damage|p1a: Bombirdier|152/255 par\n|cant|p1b: Venusaur|par\n|move|p1a: Bombirdier|Brave Bird|p2b: Cobalion\n|-damage|p2b: Cobalion|141/273\n|-damage|p1a: Bombirdier|110/255 par|[from] Recoil\n|-damage|p1a: Bombirdier|85/255 par|[from] item: Life Orb\n|\n|upkeep\n|turn|13\n|c|☆Dat Bummmmm|Fuck this game\n|\n|t:|1770712328\n|move|p1a: Bombirdier|Protect|p1a: Bombirdier\n|-singleturn|p1a: Bombirdier|Protect\n|move|p2b: Cobalion|Iron Head|p1a: Bombirdier\n|-activate|p1a: Bombirdier|move: Protect\n|move|p2a: Venusaur|Knock Off|p1b: Venusaur\n|-damage|p1b: Venusaur|212/278 par\n|-enditem|p1b: Venusaur|Life Orb|[from] move: Knock Off|[of] p2a: Venusaur\n|move|p1b: Venusaur|Earth Power|p2b: Cobalion\n|-supereffective|p2b: Cobalion\n|-damage|p2b: Cobalion|0 fnt\n|faint|p2b: Cobalion\n|\n|upkeep\n|\n|t:|1770712343\n|switch|p2b: Stonjourner|Stonjourner, L88, F|319/319\n|turn|14\n|\n|t:|1770712368\n|-terastallize|p1b: Venusaur|Water\n|move|p2b: Stonjourner|Heat Crash|p1b: Venusaur\n|-resisted|p1b: Venusaur\n|-damage|p1b: Venusaur|158/278 par\n|move|p2a: Venusaur|Sludge Bomb|p1a: Bombirdier\n|-damage|p1a: Bombirdier|0 fnt\n|faint|p1a: Bombirdier\n|cant|p1b: Venusaur|par\n|\n|upkeep\n|turn|15\n|c|☆Dat Bummmmm|Lol\n|\n|t:|1770712387\n|move|p2b: Stonjourner|Heat Crash|p1b: Venusaur\n|-resisted|p1b: Venusaur\n|-damage|p1b: Venusaur|101/278 par\n|move|p2a: Venusaur|Leaf Storm|p1b: Venusaur\n|-supereffective|p1b: Venusaur\n|-damage|p1b: Venusaur|0 fnt\n|-unboost|p2a: Venusaur|spa|2\n|faint|p1b: Venusaur\n|\n|win|kalsonofjor\n|raw|Dat Bummmmm's rating: 2001 &rarr; <strong>1976</strong><br />(-25 for losing)\n|raw|kalsonofjor's rating: 1919 &rarr; <strong>1944</strong><br />(+25 for winning)\n|c|☆Dat Bummmmm|GG\n|c|☆Dat Bummmmm|SO GOOD\n|c|☆kalsonofjor|Thank you\n|c|☆Dat Bummmmm|Best GAME\n|c|☆kalsonofjor|Gh\n|c|☆Dat Bummmmm|Ever\n|c|☆kalsonofjor|Gh\n|c|☆kalsonofjor|Gg\n", "inputlog": ">version ccdc32dd7cde25fd9e4bed64820e885f66e78a4e\n>start {\"formatid\":\"gen9randomdoublesbattle\",\"seed\":\"sodium,1390eaf25874694dce657cc1b1f9c440\",\"rated\":\"Rated battle\"}\n>player p1 {\"name\":\"Dat Bummmmm\",\"avatar\":\"102\",\"rating\":2001,\"seed\":\"sodium,0edcc8e0902e00b71e919435e851f84a\"}\n>player p2 {\"name\":\"kalsonofjor\",\"avatar\":\"2\",\"rating\":1919,\"seed\":\"sodium,6523a8af29fa60a61e0cc6ac39c116b3\"}\n>p1 move fakeout +1, move auroraveil\n>p2 move overheat +2, move uturn +1\n>p2 pass, switch 6\n>p1 move heavyslam +2, switch 4\n>p2 move willowisp +1, move sludgebomb +1\n>p1 move knockoff +2, move electroweb\n>p2 switch 4, move sludgebomb +2\n>p1 move knockoff +1, move electroweb\n>p2 move knockoff +2, move sludgebomb +1\n>p1 move closecombat +1, move thunderbolt +1\n>p2 move protect, move sludgebomb +2\n>p1 move closecombat +1, move recover\n>p2 move doubleedge +2, move sludgebomb +2\n>p1 switch 4, move recover\n>p2 move doubleedge +1, move leafstorm +2\n>p1 pass, switch 5\n>p2 switch 4, pass\n>p1 move blizzard, move thunder +1\n>p2 move overheat +1, switch 5\n>p1 switch 4, pass\n>p2 switch 6, pass\n>p1 move fakeout +2, move thunder +2\n>p2 move finalgambit +2, move bodypress +1\n>p1 pass, switch 3\n>p2 switch 5, pass\n>p1 move closecombat +2, move sludgebomb +1\n>p2 move sludgebomb +1, move thunderwave +2\n>p1 switch 6, pass\n>p1 move protect, move sludgebomb +1\n>p2 move sludgebomb +1, move thunderwave +1\n>chat ☆Dat Bummmmm|Really\n>chat ☆Dat Bummmmm|crit paralysis \n>p1 move bravebird +2, move earthpower +2\n>p2 move sludgebomb +1, move thunderwave +1\n>chat ☆Dat Bummmmm|Fuck this game \n>p1 move protect, move earthpower +2\n>p2 move knockoff +2, move ironhead +1\n>p2 pass, switch 3\n>p1 move bravebird +1, move gigadrain +2 terastallize\n>p2 move sludgebomb +1, move heatcrash +2\n>chat ☆Dat Bummmmm|Lol\n>p1 pass, move gigadrain +2\n>p2 move leafstorm +2, move heatcrash +2", "uploadtime": 1770712393, "views": 78, "formatid": "gen9randomdoublesbattle", "rating": 1944, "private": 0, "password": null}