{"id": "gen9randomdoublesbattle-2538090803", "format": "[Gen 9] Random Doubles Battle", "players": ["EpicFriso", "lv100combee"], "log": "|j|☆EpicFriso\n|j|☆lv100combee\n|t:|1770891204\n|gametype|doubles\n|player|p1|EpicFriso|1|1568\n|player|p2|lv100combee|266|1548\n|gen|9\n|tier|[Gen 9] Random Doubles Battle\n|rated|\n|rule|Species Clause: Limit one of each Pokémon\n|rule|HP Percentage Mod: HP is shown in percentages\n|rule|Illusion Level Mod: Illusion disguises the Pokémon's true level\n|rule|Sleep Clause Mod: Limit one foe put to sleep\n|\n|t:|1770891204\n|teamsize|p1|6\n|teamsize|p2|6\n|start\n|switch|p1a: Cacturne|Cacturne, L91, F|275/275\n|switch|p1b: Smeargle|Smeargle, F|272/272\n|switch|p2a: Scrafty|Scrafty, L83, F|244/244\n|switch|p2b: Meloetta|Meloetta, L80|291/291\n|-ability|p2a: Scrafty|Intimidate|boost\n|-unboost|p1a: Cacturne|atk|1\n|-unboost|p1b: Smeargle|atk|1\n|turn|1\n|inactive|Battle timer is ON: inactive players will automatically lose when time's up. (requested by lv100combee)\n|\n|t:|1770891222\n|move|p1b: Smeargle|Fake Out|p2a: Scrafty\n|-damage|p2a: Scrafty|223/244\n|move|p2b: Meloetta|Relic Song|p1b: Smeargle|[spread] p1a,p1b\n|-damage|p1a: Cacturne|170/275\n|-damage|p1b: Smeargle|150/272\n|-status|p1b: Smeargle|slp|[from] move: Relic Song\n|-formechange|p2b: Meloetta|Meloetta-Pirouette|[msg]\n|-damage|p2b: Meloetta|262/291|[from] item: Life Orb\n|move|p1a: Cacturne|Knock Off|p2b: Meloetta\n|-resisted|p2b: Meloetta\n|-damage|p2b: Meloetta|205/291\n|-enditem|p2b: Meloetta|Life Orb|[from] move: Knock Off|[of] p1a: Cacturne\n|-damage|p1a: Cacturne|143/275|[from] item: Life Orb\n|cant|p2a: Scrafty|flinch\n|\n|upkeep\n|turn|2\n|\n|t:|1770891248\n|switch|p1b: Salamence|Salamence, L80, M|283/283\n|-ability|p1b: Salamence|Intimidate|boost\n|-unboost|p2a: Scrafty|atk|1\n|-unboost|p2b: Meloetta|atk|1\n|move|p1a: Cacturne|Spiky Shield|p1a: Cacturne\n|-singleturn|p1a: Cacturne|move: Protect\n|move|p2b: Meloetta|Close Combat|p1a: Cacturne\n|-activate|p1a: Cacturne|move: Protect\n|-damage|p2b: Meloetta|169/291|[from] Spiky Shield|[of] p1a: Cacturne\n|move|p2a: Scrafty|Close Combat|p1b: Salamence\n|-resisted|p1b: Salamence\n|-damage|p1b: Salamence|239/283\n|-unboost|p2a: Scrafty|def|1\n|-unboost|p2a: Scrafty|spd|1\n|\n|upkeep\n|turn|3\n|\n|t:|1770891271\n|switch|p1a: Sinistcha|Sinistcha, L81|248/248\n|-heal|p1b: Salamence|283/283|[from] ability: Hospitality|[of] p1a: Sinistcha\n|switch|p2a: Toucannon|Toucannon, L87, F|281/281\n|move|p2b: Meloetta|Close Combat|p1a: Sinistcha\n|-immune|p1a: Sinistcha\n|move|p1b: Salamence|Tailwind|p1b: Salamence\n|-sidestart|p1: EpicFriso|move: Tailwind\n|\n|upkeep\n|turn|4\n|\n|t:|1770891294\n|switch|p2b: Scrafty|Scrafty, L83, F|223/244\n|-ability|p2b: Scrafty|Intimidate|boost\n|-unboost|p1a: Sinistcha|atk|1\n|-unboost|p1b: Salamence|atk|1\n|move|p1b: Salamence|Draco Meteor|p2a: Toucannon\n|-damage|p2a: Toucannon|70/281\n|-unboost|p1b: Salamence|spa|2\n|-damage|p1b: Salamence|255/283|[from] item: Life Orb\n|move|p1a: Sinistcha|Matcha Gotcha|p2a: Toucannon|[spread] p2a,p2b\n|-resisted|p2a: Toucannon\n|-damage|p2a: Toucannon|31/281\n|-damage|p2b: Scrafty|184/244\n|move|p2a: Toucannon|Brave Bird|p1a: Sinistcha\n|-supereffective|p1a: Sinistcha\n|-damage|p1a: Sinistcha|0 fnt\n|faint|p1a: Sinistcha\n|-damage|p2a: Toucannon|0 fnt|[from] Recoil\n|faint|p2a: Toucannon\n|\n|upkeep\n|inactive|EpicFriso has 120 seconds left.\n|\n|t:|1770891314\n|switch|p1a: Gardevoir|Gardevoir, L83, M|249/249\n|switch|p2a: Meloetta|Meloetta, L80|169/291\n|-ability|p1a: Gardevoir|Intimidate|Trace|[from] ability: Trace|[of] p2b: Scrafty\n|-ability|p1a: Gardevoir|Intimidate|boost\n|-unboost|p2a: Meloetta|atk|1\n|-unboost|p2b: Scrafty|atk|1\n|turn|5\n|inactive|lv100combee has 120 seconds left.\n|\n|t:|1770891353\n|switch|p1b: Cacturne|Cacturne, L91, F|143/275\n|-terastallize|p2b: Scrafty|Poison\n|move|p1a: Gardevoir|Moonblast|p2a: Meloetta\n|-damage|p2a: Meloetta|79/291\n|move|p2a: Meloetta|Relic Song|p1a: Gardevoir|[spread] p1a,p1b\n|-damage|p1a: Gardevoir|195/249\n|-damage|p1b: Cacturne|56/275\n|-message|Sleep Clause Mod activated.\n|-hint|Sleep Clause Mod prevents players from putting more than one of their opponent's Pokémon to sleep at a time\n|-formechange|p2a: Meloetta|Meloetta-Pirouette|[msg]\n|move|p2b: Scrafty|Snarl|p1a: Gardevoir|[spread] p1a,p1b\n|-resisted|p1b: Cacturne\n|-damage|p1a: Gardevoir|174/249\n|-damage|p1b: Cacturne|41/275\n|-unboost|p1a: Gardevoir|spa|1\n|-unboost|p1b: Cacturne|spa|1\n|\n|upkeep\n|turn|6\n|inactive|lv100combee has 120 seconds left.\n|\n|t:|1770891382\n|switch|p2a: Iron Crown|Iron Crown, L78|268/268\n|move|p1a: Gardevoir|Moonblast|p2a: Iron Crown\n|-resisted|p2a: Iron Crown\n|-damage|p2a: Iron Crown|232/268\n|-unboost|p2a: Iron Crown|spa|1\n|move|p1b: Cacturne|Knock Off|p2b: Scrafty\n|-damage|p2b: Scrafty|38/244\n|-enditem|p2b: Scrafty|Assault Vest|[from] move: Knock Off|[of] p1b: Cacturne\n|-damage|p1b: Cacturne|14/275|[from] item: Life Orb\n|move|p2b: Scrafty|Knock Off|p1a: Gardevoir\n|-damage|p1a: Gardevoir|86/249\n|-enditem|p1a: Gardevoir|Choice Scarf|[from] move: Knock Off|[of] p2b: Scrafty\n|\n|-sideend|p1: EpicFriso|move: Tailwind\n|upkeep\n|turn|7\n|inactive|lv100combee has 120 seconds left.\n|\n|t:|1770891410\n|switch|p2b: Meloetta|Meloetta, L80|79/291\n|move|p2a: Iron Crown|Tachyon Cutter|p1a: Gardevoir\n|-supereffective|p1a: Gardevoir\n|-damage|p1a: Gardevoir|0 fnt\n|faint|p1a: Gardevoir\n|-hitcount|p1: Gardevoir|1\n|move|p1b: Cacturne|Knock Off|p2a: Iron Crown\n|-supereffective|p2a: Iron Crown\n|-damage|p2a: Iron Crown|0 fnt\n|-enditem|p2a: Iron Crown|Choice Specs|[from] move: Knock Off|[of] p1b: Cacturne\n|faint|p2a: Iron Crown\n|-end|p2a: Iron Crown|Quark Drive|[silent]\n|-damage|p1b: Cacturne|0 fnt|[from] item: Life Orb\n|faint|p1b: Cacturne\n|\n|upkeep\n|inactive|lv100combee has 120 seconds left.\n|inactive|EpicFriso has 120 seconds left.\n|\n|t:|1770891429\n|switch|p2a: Chandelure|Chandelure, L81, M|230/230\n|switch|p1a: Salamence|Salamence, L80, M|255/283\n|switch|p1b: Rotom|Rotom, L90|236/236\n|-ability|p1a: Salamence|Intimidate|boost\n|-unboost|p2a: Chandelure|atk|1\n|-unboost|p2b: Meloetta|atk|1\n|turn|8\n|inactive|EpicFriso has 120 seconds left.\n|\n|t:|1770891449\n|move|p2a: Chandelure|Shadow Ball|p1b: Rotom\n|-supereffective|p1b: Rotom\n|-damage|p1b: Rotom|6/236\n|move|p1b: Rotom|Thunderbolt|p2b: Meloetta\n|-crit|p2b: Meloetta\n|-damage|p2b: Meloetta|0 fnt\n|faint|p2b: Meloetta\n|-damage|p1b: Rotom|0 fnt|[from] item: Life Orb\n|faint|p1b: Rotom\n|move|p1a: Salamence|Dual Wingbeat|p2a: Chandelure|[miss]\n|-miss|p1a: Salamence|p2a: Chandelure\n|\n|upkeep\n|inactive|EpicFriso has 120 seconds left.\n|inactive|lv100combee has 120 seconds left.\n|\n|t:|1770891476\n|switch|p1b: Smeargle|Smeargle, F|150/272 slp\n|switch|p2b: Scrafty|Scrafty, L83, F, tera:Poison|38/244\n|-ability|p2b: Scrafty|Intimidate|boost\n|-unboost|p1a: Salamence|atk|1\n|-unboost|p1b: Smeargle|atk|1\n|turn|9\n|inactive|EpicFriso has 120 seconds left.\n|\n|t:|1770891491\n|-terastallize|p1a: Salamence|Dragon\n|move|p2b: Scrafty|Fake Out|p1a: Salamence\n|-damage|p1a: Salamence|224/283\n|move|p2a: Chandelure|Shadow Ball|p1a: Salamence\n|-crit|p1a: Salamence\n|-damage|p1a: Salamence|43/283\n|cant|p1b: Smeargle|slp\n|cant|p1a: Salamence|flinch\n|\n|upkeep\n|turn|10\n|inactive|EpicFriso has 120 seconds left.\n|\n|t:|1770891513\n|move|p1a: Salamence|Protect|p1a: Salamence\n|-singleturn|p1a: Salamence|Protect\n|move|p2a: Chandelure|Shadow Ball|p1a: Salamence\n|-activate|p1a: Salamence|move: Protect\n|-curestatus|p1b: Smeargle|slp|[msg]\n|move|p1b: Smeargle|Decorate|p1a: Salamence\n|-boost|p1a: Salamence|atk|2\n|-boost|p1a: Salamence|spa|2\n|move|p2b: Scrafty|Knock Off|p1a: Salamence\n|-activate|p1a: Salamence|move: Protect\n|\n|upkeep\n|turn|11\n|inactive|EpicFriso has 120 seconds left.\n|\n|t:|1770891544\n|move|p1b: Smeargle|Follow Me|p1b: Smeargle\n|-singleturn|p1b: Smeargle|move: Follow Me\n|move|p2a: Chandelure|Shadow Ball|p1b: Smeargle\n|-immune|p1b: Smeargle\n|move|p1a: Salamence|Dual Wingbeat|p2b: Scrafty\n|-crit|p2b: Scrafty\n|-damage|p2b: Scrafty|0 fnt\n|faint|p2b: Scrafty\n|-hitcount|p2: Scrafty|1\n|-damage|p1a: Salamence|15/283|[from] item: Life Orb\n|\n|upkeep\n|\n|t:|1770891547\n|switch|p2b: Tropius|Tropius, L94, M|339/339\n|turn|12\n|\n|t:|1770891562\n|move|p1b: Smeargle|Follow Me|p1b: Smeargle\n|-singleturn|p1b: Smeargle|move: Follow Me\n|move|p2a: Chandelure|Shadow Ball|p1b: Smeargle\n|-immune|p1b: Smeargle\n|move|p1a: Salamence|Dual Wingbeat|p2b: Tropius\n|-supereffective|p2b: Tropius\n|-crit|p2b: Tropius\n|-damage|p2b: Tropius|79/339\n|-enditem|p2b: Tropius|Sitrus Berry|[eat]\n|-heal|p2b: Tropius|163/339|[from] item: Sitrus Berry\n|-supereffective|p2b: Tropius\n|-damage|p2b: Tropius|0 fnt\n|faint|p2b: Tropius\n|-hitcount|p2: Tropius|2\n|-damage|p1a: Salamence|0 fnt|[from] item: Life Orb\n|faint|p1a: Salamence\n|\n|upkeep\n|turn|13\n|c|☆EpicFriso|nice\n|\n|t:|1770891582\n|move|p2a: Chandelure|Shadow Ball|p1b: Smeargle\n|-immune|p1b: Smeargle\n|move|p1b: Smeargle|Decorate|p2a: Chandelure\n|-boost|p2a: Chandelure|atk|2\n|-boost|p2a: Chandelure|spa|2\n|\n|upkeep\n|turn|14\n|\n|t:|1770891589\n|move|p2a: Chandelure|Shadow Ball|p1b: Smeargle\n|-immune|p1b: Smeargle\n|move|p1b: Smeargle|Decorate|p2a: Chandelure\n|-boost|p2a: Chandelure|atk|2\n|-boost|p2a: Chandelure|spa|2\n|\n|upkeep\n|turn|15\n|\n|t:|1770891597\n|move|p2a: Chandelure|Shadow Ball|p1b: Smeargle\n|-immune|p1b: Smeargle\n|move|p1b: Smeargle|Decorate|p2a: Chandelure\n|-boost|p2a: Chandelure|atk|2\n|-boost|p2a: Chandelure|spa|2\n|\n|upkeep\n|turn|16\n|c|☆EpicFriso|gg\n|\n|t:|1770891605\n|move|p1b: Smeargle|Follow Me|p1b: Smeargle\n|-singleturn|p1b: Smeargle|move: Follow Me\n|move|p2a: Chandelure|Shadow Ball|p1b: Smeargle\n|-immune|p1b: Smeargle\n|\n|upkeep\n|turn|17\n|\n|t:|1770891611\n|move|p1b: Smeargle|Follow Me|p1b: Smeargle\n|-singleturn|p1b: Smeargle|move: Follow Me\n|move|p2a: Chandelure|Shadow Ball|p1b: Smeargle\n|-immune|p1b: Smeargle\n|\n|upkeep\n|turn|18\n|\n|t:|1770891617\n|move|p2a: Chandelure|Shadow Ball|p1b: Smeargle\n|-immune|p1b: Smeargle\n|move|p1b: Smeargle|Tailwind|p1b: Smeargle\n|-sidestart|p1: EpicFriso|move: Tailwind\n|\n|upkeep\n|turn|19\n|\n|t:|1770891622\n|move|p1b: Smeargle|Fake Out||[still]\n|-hint|Fake Out only works on your first turn out.\n|-fail|p1b: Smeargle\n|move|p2a: Chandelure|Shadow Ball|p1b: Smeargle\n|-immune|p1b: Smeargle\n|\n|upkeep\n|turn|20\n|\n|t:|1770891629\n|move|p1b: Smeargle|Fake Out||[still]\n|-hint|Fake Out only works on your first turn out.\n|-fail|p1b: Smeargle\n|move|p2a: Chandelure|Shadow Ball|p1b: Smeargle\n|-immune|p1b: Smeargle\n|\n|upkeep\n|turn|21\n|c|☆EpicFriso|Bro\n|c|☆EpicFriso|You will lose\n|\n|t:|1770891638\n|move|p1b: Smeargle|Fake Out||[still]\n|-hint|Fake Out only works on your first turn out.\n|-fail|p1b: Smeargle\n|move|p2a: Chandelure|Shadow Ball|p1b: Smeargle\n|-immune|p1b: Smeargle\n|\n|-sideend|p1: EpicFriso|move: Tailwind\n|upkeep\n|turn|22\n|c|☆EpicFriso|leave haha\n|\n|t:|1770891649\n|move|p1b: Smeargle|Follow Me|p1b: Smeargle\n|-singleturn|p1b: Smeargle|move: Follow Me\n|move|p2a: Chandelure|Shadow Ball|p1b: Smeargle\n|-immune|p1b: Smeargle\n|\n|upkeep\n|turn|23\n|\n|t:|1770891655\n|move|p2a: Chandelure|Shadow Ball|p1b: Smeargle\n|-immune|p1b: Smeargle\n|move|p1b: Smeargle|Decorate|p1: Salamence|[notarget]\n|-fail|p1b: Smeargle\n|\n|upkeep\n|turn|24\n|\n|t:|1770891661\n|move|p2a: Chandelure|Shadow Ball|p1b: Smeargle\n|-immune|p1b: Smeargle\n|move|p1b: Smeargle|Tailwind|p1b: Smeargle\n|-sidestart|p1: EpicFriso|move: Tailwind\n|\n|upkeep\n|turn|25\n|\n|t:|1770891667\n|move|p1b: Smeargle|Tailwind||[still]\n|-fail|p1b: Smeargle\n|move|p2a: Chandelure|Shadow Ball|p1b: Smeargle\n|-immune|p1b: Smeargle\n|\n|upkeep\n|turn|26\n|\n|t:|1770891675\n|move|p1b: Smeargle|Follow Me|p1b: Smeargle\n|-singleturn|p1b: Smeargle|move: Follow Me\n|move|p2a: Chandelure|Shadow Ball|p1b: Smeargle\n|-immune|p1b: Smeargle\n|\n|upkeep\n|turn|27\n|\n|t:|1770891703\n|move|p1b: Smeargle|Follow Me|p1b: Smeargle\n|-singleturn|p1b: Smeargle|move: Follow Me\n|move|p2a: Chandelure|Shadow Ball|p1b: Smeargle\n|-immune|p1b: Smeargle\n|\n|-sideend|p1: EpicFriso|move: Tailwind\n|upkeep\n|turn|28\n|\n|t:|1770891710\n|move|p2a: Chandelure|Shadow Ball|p1b: Smeargle\n|-immune|p1b: Smeargle\n|move|p1b: Smeargle|Tailwind|p1b: Smeargle\n|-sidestart|p1: EpicFriso|move: Tailwind\n|\n|upkeep\n|turn|29\n|\n|t:|1770891716\n|move|p1b: Smeargle|Fake Out||[still]\n|-hint|Fake Out only works on your first turn out.\n|-fail|p1b: Smeargle\n|move|p2a: Chandelure|Shadow Ball|p1b: Smeargle\n|-immune|p1b: Smeargle\n|\n|upkeep\n|turn|30\n|\n|t:|1770891722\n|move|p1b: Smeargle|Tailwind||[still]\n|-fail|p1b: Smeargle\n|move|p2a: Chandelure|Shadow Ball|p1b: Smeargle\n|-immune|p1b: Smeargle\n|\n|upkeep\n|turn|31\n|\n|t:|1770891731\n|move|p1b: Smeargle|Follow Me|p1b: Smeargle\n|-singleturn|p1b: Smeargle|move: Follow Me\n|move|p2a: Chandelure|Shadow Ball|p1b: Smeargle\n|-immune|p1b: Smeargle\n|\n|-sideend|p1: EpicFriso|move: Tailwind\n|upkeep\n|turn|32\n|\n|t:|1770891737\n|-activate|p2a: Chandelure|move: Struggle\n|move|p2a: Chandelure|Struggle|p1b: Smeargle\n|-damage|p1b: Smeargle|73/272\n|-enditem|p1b: Smeargle|Sitrus Berry|[eat]\n|-heal|p1b: Smeargle|141/272|[from] item: Sitrus Berry\n|-damage|p2a: Chandelure|172/230|[from] recoil\n|move|p1b: Smeargle|Decorate|p2a: Chandelure\n|-boost|p2a: Chandelure|atk|1\n|-boost|p2a: Chandelure|spa|0\n|\n|upkeep\n|turn|33\n|\n|t:|1770891746\n|-activate|p2a: Chandelure|move: Struggle\n|move|p2a: Chandelure|Struggle|p1b: Smeargle\n|-damage|p1b: Smeargle|52/272\n|-damage|p2a: Chandelure|114/230|[from] recoil\n|move|p1b: Smeargle|Tailwind|p1b: Smeargle\n|-sidestart|p1: EpicFriso|move: Tailwind\n|\n|upkeep\n|turn|34\n|c|☆lv100combee|Thanks for the Atk boosts\n|\n|t:|1770891758\n|move|p1b: Smeargle|Fake Out||[still]\n|-hint|Fake Out only works on your first turn out.\n|-fail|p1b: Smeargle\n|-activate|p2a: Chandelure|move: Struggle\n|move|p2a: Chandelure|Struggle|p1b: Smeargle\n|-damage|p1b: Smeargle|0 fnt\n|faint|p1b: Smeargle\n|-damage|p2a: Chandelure|56/230|[from] recoil\n|\n|win|lv100combee\n|raw|EpicFriso's rating: 1568 &rarr; <strong>1547</strong><br />(-21 for losing)\n|raw|lv100combee's rating: 1548 &rarr; <strong>1569</strong><br />(+21 for winning)\n|l|☆EpicFriso\n|player|p1|\n|c|☆lv100combee|gg\n", "inputlog": ">version ccdc32dd7cde25fd9e4bed64820e885f66e78a4e\n>start {\"formatid\":\"gen9randomdoublesbattle\",\"seed\":\"sodium,de73780e603716fdfd65ff6de558ccdf\",\"rated\":\"Rated battle\"}\n>player p1 {\"name\":\"EpicFriso\",\"avatar\":\"1\",\"rating\":1568,\"seed\":\"sodium,d4a48244b29f549df8f9fb2898bbcf09\"}\n>player p2 {\"name\":\"lv100combee\",\"avatar\":\"266\",\"rating\":1548,\"seed\":\"sodium,167d9379274395cf74c45fe753abeb0f\"}\n>p1 move knockoff +2, move fakeout +1\n>p2 move closecombat +1, move relicsong\n>p1 move spikyshield, switch 3\n>p2 move closecombat +2, move closecombat +1\n>p1 switch 4, move tailwind\n>p2 switch 5, move closecombat +1\n>p1 move matchagotcha, move dracometeor +1\n>p2 move bravebird +1, switch 5\n>p1 switch 6, pass\n>p2 switch 5, pass\n>p1 move moonblast +1, switch 4\n>p2 move relicsong, move snarl terastallize\n>p1 move moonblast +1, move knockoff +2\n>p2 switch 4, move knockoff +1\n>p1 move psychic +2, move knockoff +1\n>p2 move tachyoncutter +1, switch 4\n>p1 switch 4, switch 5\n>p2 switch 6, pass\n>p1 move dualwingbeat +1, move thunderbolt +2\n>p2 move shadowball +2, move psychic +1\n>p1 pass, switch 3\n>p2 pass, switch 4\n>p1 move dracometeor +1 terastallize, move decorate -1\n>p2 move shadowball +1, move fakeout +1\n>p1 move protect, move decorate -1\n>p2 move shadowball +1, move knockoff +1\n>p1 move dualwingbeat +2, move followme\n>p2 move shadowball +1, move knockoff +1\n>p2 pass, switch 3\n>p1 move dualwingbeat +2, move followme\n>p2 move shadowball +1, move energyball +2\n>chat ☆EpicFriso|nice\n>p1 pass, move decorate +1\n>p2 move shadowball +2, pass\n>p1 pass, move decorate +1\n>p2 move shadowball +2, pass\n>p1 pass, move decorate +1\n>p2 move shadowball +2, pass\n>chat ☆EpicFriso|gg\n>p1 pass, move followme\n>p2 move shadowball +2, pass\n>p1 pass, move followme\n>p2 move shadowball +2, pass\n>p1 pass, move tailwind\n>p2 move shadowball +2, pass\n>p1 pass, move fakeout +1\n>p2 move shadowball +2, pass\n>p1 pass, move fakeout +1\n>p2 move shadowball +2, pass\n>chat ☆EpicFriso|Bro\n>chat ☆EpicFriso|You will lose\n>p1 pass, move fakeout +1\n>p2 move shadowball +2, pass\n>chat ☆EpicFriso|leave haha\n>p1 pass, move followme\n>p2 move shadowball +2, pass\n>p1 pass, move decorate -1\n>p2 move shadowball +2, pass\n>p1 pass, move tailwind\n>p2 move shadowball +2, pass\n>p1 pass, move tailwind\n>p2 move shadowball +2, pass\n>p1 pass, move followme\n>p2 move shadowball +2, pass\n>p1 pass, move followme\n>p2 move shadowball +2, pass\n>p1 pass, move tailwind\n>p2 move shadowball +2, pass\n>p1 pass, move fakeout +1\n>p2 move shadowball +2, pass\n>p1 pass, move tailwind\n>p2 move shadowball +2, pass\n>p1 pass, move followme\n>p2 move shadowball +2, pass\n>p1 pass, move decorate +1\n>p2 move struggle, pass\n>p1 pass, move tailwind\n>p2 move struggle, pass\n>chat ☆lv100combee|Thanks for the Atk boosts\n>p1 pass, move fakeout +1\n>p2 move struggle, pass", "uploadtime": 1770891786, "views": 78, "formatid": "gen9randomdoublesbattle", "rating": 1547, "private": 0, "password": null}