{"id": "gen9randomdoublesbattle-2537255330", "format": "[Gen 9] Random Doubles Battle", "players": ["The AntiDepressor", "baseballlover"], "log": "|j|☆The AntiDepressor\n|j|☆baseballlover\n|t:|1770785692\n|gametype|doubles\n|player|p1|The AntiDepressor|265|1653\n|player|p2|baseballlover|266|1636\n|gen|9\n|tier|[Gen 9] Random Doubles Battle\n|rated|\n|rule|Species Clause: Limit one of each Pokémon\n|rule|HP Percentage Mod: HP is shown in percentages\n|rule|Illusion Level Mod: Illusion disguises the Pokémon's true level\n|rule|Sleep Clause Mod: Limit one foe put to sleep\n|\n|t:|1770785692\n|teamsize|p1|6\n|teamsize|p2|6\n|start\n|switch|p1a: Vileplume|Vileplume, L89, M|278/278\n|switch|p1b: Brambleghast|Brambleghast, L86, M|235/235\n|switch|p2a: Iron Hands|Iron Hands, L77|364/364\n|switch|p2b: Mandibuzz|Mandibuzz, L85, F|326/326\n|turn|1\n|inactive|Battle timer is ON: inactive players will automatically lose when time's up. (requested by baseballlover)\n|\n|t:|1770785710\n|move|p1b: Brambleghast|Poltergeist|p2a: Iron Hands\n|-activate|p2a: Iron Hands|move: Poltergeist|Assault Vest\n|-damage|p2a: Iron Hands|208/364\n|-damage|p1b: Brambleghast|212/235|[from] item: Life Orb\n|move|p2b: Mandibuzz|Tailwind|p2b: Mandibuzz\n|-sidestart|p2: baseballlover|move: Tailwind\n|move|p2a: Iron Hands|Ice Punch|p1b: Brambleghast\n|-supereffective|p1b: Brambleghast\n|-damage|p1b: Brambleghast|64/235\n|move|p1a: Vileplume|Stun Spore|p2b: Mandibuzz\n|-immune|p2b: Mandibuzz|[from] ability: Overcoat\n|\n|upkeep\n|turn|2\n|\n|t:|1770785734\n|move|p1b: Brambleghast|Protect|p1b: Brambleghast\n|-singleturn|p1b: Brambleghast|Protect\n|move|p2b: Mandibuzz|Knock Off|p1b: Brambleghast\n|-activate|p1b: Brambleghast|move: Protect\n|move|p2a: Iron Hands|Ice Punch|p1a: Vileplume\n|-supereffective|p1a: Vileplume\n|-damage|p1a: Vileplume|166/278\n|move|p1a: Vileplume|Strength Sap|p2a: Iron Hands\n|-unboost|p2a: Iron Hands|atk|1\n|-heal|p1a: Vileplume|278/278\n|\n|upkeep\n|turn|3\n|\n|t:|1770785761\n|-end|p2a: Iron Hands|Quark Drive|[silent]\n|switch|p2a: Infernape|Infernape, L82, F|259/259\n|switch|p1b: Forretress|Forretress, L90, M|281/281\n|move|p2b: Mandibuzz|Knock Off|p1b: Forretress\n|-damage|p1b: Forretress|224/281\n|-enditem|p1b: Forretress|Choice Band|[from] move: Knock Off|[of] p2b: Mandibuzz\n|move|p1a: Vileplume|Sludge Bomb|p2b: Mandibuzz\n|-damage|p2b: Mandibuzz|217/326\n|\n|upkeep\n|turn|4\n|\n|t:|1770785779\n|-terastallize|p1b: Forretress|Fire\n|move|p2a: Infernape|Overheat|p1b: Forretress\n|-resisted|p1b: Forretress\n|-crit|p1b: Forretress\n|-damage|p1b: Forretress|102/281\n|-unboost|p2a: Infernape|spa|2\n|move|p2b: Mandibuzz|Brave Bird|p1a: Vileplume\n|-supereffective|p1a: Vileplume\n|-damage|p1a: Vileplume|90/278\n|-enditem|p1a: Vileplume|Sitrus Berry|[eat]\n|-heal|p1a: Vileplume|159/278|[from] item: Sitrus Berry\n|-damage|p2b: Mandibuzz|155/326|[from] Recoil\n|-enditem|p2b: Mandibuzz|Sitrus Berry|[eat]\n|-heal|p2b: Mandibuzz|236/326|[from] item: Sitrus Berry\n|move|p1a: Vileplume|Stun Spore|p2a: Infernape|[miss]\n|-miss|p1a: Vileplume|p2a: Infernape\n|move|p1b: Forretress|Lunge|p2b: Mandibuzz\n|-damage|p2b: Mandibuzz|149/326\n|-unboost|p2b: Mandibuzz|atk|1\n|\n|-sideend|p2: baseballlover|move: Tailwind\n|upkeep\n|turn|5\n|\n|t:|1770785802\n|switch|p1a: Brambleghast|Brambleghast, L86, M|64/235\n|move|p2a: Infernape|Overheat|p1a: Brambleghast\n|-supereffective|p1a: Brambleghast\n|-damage|p1a: Brambleghast|0 fnt\n|-unboost|p2a: Infernape|spa|2\n|faint|p1a: Brambleghast\n|move|p2b: Mandibuzz|Brave Bird|p1b: Forretress\n|-damage|p1b: Forretress|57/281\n|-damage|p2b: Mandibuzz|134/326|[from] Recoil\n|move|p1b: Forretress|Explosion|p2a: Infernape|[spread] p2a,p2b\n|-crit|p2b: Mandibuzz\n|-damage|p2a: Infernape|100/259\n|-damage|p2b: Mandibuzz|0 fnt\n|faint|p1b: Forretress\n|faint|p2b: Mandibuzz\n|\n|upkeep\n|inactive|The AntiDepressor has 120 seconds left.\n|\n|t:|1770785820\n|switch|p1a: Garganacl|Garganacl, L81, M|295/295\n|switch|p2b: Flareon|Flareon, L90, F|263/263\n|switch|p1b: Noivern|Noivern, L84, F|280/280\n|-item|p2a: Infernape|Clear Amulet|[from] ability: Frisk|[of] p1b: Noivern\n|-item|p2b: Flareon|Toxic Orb|[from] ability: Frisk|[of] p1b: Noivern\n|turn|6\n|\n|t:|1770785831\n|switch|p2a: Iron Hands|Iron Hands, L77|208/364\n|move|p2b: Flareon|Protect|p2b: Flareon\n|-singleturn|p2b: Flareon|Protect\n|move|p1b: Noivern|Hurricane|p2a: Iron Hands\n|-damage|p2a: Iron Hands|87/364\n|-start|p2a: Iron Hands|confusion\n|-damage|p1b: Noivern|252/280|[from] item: Life Orb\n|move|p1a: Garganacl|Stealth Rock|p2a: Iron Hands\n|-sidestart|p2: baseballlover|move: Stealth Rock\n|\n|-status|p2b: Flareon|tox|[from] item: Toxic Orb\n|upkeep\n|turn|7\n|\n|t:|1770785858\n|switch|p1a: Vileplume|Vileplume, L89, M|159/278\n|move|p1b: Noivern|Protect|p1b: Noivern\n|-singleturn|p1b: Noivern|Protect\n|-activate|p2a: Iron Hands|confusion\n|move|p2a: Iron Hands|Fake Out|p1b: Noivern\n|-activate|p1b: Noivern|move: Protect\n|move|p2b: Flareon|Facade|p1b: Noivern\n|-activate|p1b: Noivern|move: Protect\n|\n|-damage|p2b: Flareon|247/263 tox|[from] psn\n|upkeep\n|turn|8\n|\n|t:|1770785873\n|move|p1b: Noivern|Tailwind|p1b: Noivern\n|-sidestart|p1: The AntiDepressor|move: Tailwind\n|move|p1a: Vileplume|Strength Sap|p2b: Flareon\n|-unboost|p2b: Flareon|atk|1\n|-heal|p1a: Vileplume|278/278\n|move|p2b: Flareon|Flare Blitz|p1a: Vileplume\n|-supereffective|p1a: Vileplume\n|-crit|p1a: Vileplume\n|-damage|p1a: Vileplume|0 fnt\n|faint|p1a: Vileplume\n|-damage|p2b: Flareon|155/263 tox|[from] Recoil\n|-activate|p2a: Iron Hands|confusion\n|move|p2a: Iron Hands|Ice Punch|p1b: Noivern\n|-supereffective|p1b: Noivern\n|-damage|p1b: Noivern|12/280\n|-status|p1b: Noivern|frz\n|\n|-damage|p2b: Flareon|123/263 tox|[from] psn\n|upkeep\n|\n|t:|1770785875\n|switch|p1a: Garganacl|Garganacl, L81, M|295/295\n|turn|9\n|inactive|baseballlover has 120 seconds left.\n|\n|t:|1770785922\n|-curestatus|p1b: Noivern|frz|[msg]\n|move|p1b: Noivern|Protect|p1b: Noivern\n|-singleturn|p1b: Noivern|Protect\n|move|p2b: Flareon|Quick Attack|p1b: Noivern\n|-activate|p1b: Noivern|move: Protect\n|move|p1a: Garganacl|Salt Cure|p2a: Iron Hands\n|-resisted|p2a: Iron Hands\n|-damage|p2a: Iron Hands|68/364\n|-start|p2a: Iron Hands|Salt Cure\n|-end|p2a: Iron Hands|confusion\n|move|p2a: Iron Hands|Close Combat|p1a: Garganacl\n|-supereffective|p1a: Garganacl\n|-damage|p1a: Garganacl|61/295\n|-unboost|p2a: Iron Hands|def|1\n|-unboost|p2a: Iron Hands|spd|1\n|\n|-heal|p1a: Garganacl|79/295|[from] item: Leftovers\n|-damage|p2b: Flareon|75/263 tox|[from] psn\n|-damage|p2a: Iron Hands|23/364|[from] Salt Cure\n|upkeep\n|turn|10\n|inactive|baseballlover has 120 seconds left.\n|\n|t:|1770785945\n|switch|p1b: Milotic|Milotic, L81, M|287/287\n|move|p2b: Flareon|Quick Attack|p1b: Milotic\n|-damage|p1b: Milotic|236/287\n|move|p1a: Garganacl|Recover|p1a: Garganacl\n|-heal|p1a: Garganacl|227/295\n|move|p2a: Iron Hands|Close Combat|p1a: Garganacl\n|-supereffective|p1a: Garganacl\n|-damage|p1a: Garganacl|27/295\n|-unboost|p2a: Iron Hands|def|1\n|-unboost|p2a: Iron Hands|spd|1\n|\n|-heal|p1a: Garganacl|45/295|[from] item: Leftovers\n|-damage|p2b: Flareon|11/263 tox|[from] psn\n|-damage|p2a: Iron Hands|0 fnt|[from] Salt Cure\n|faint|p2a: Iron Hands\n|-end|p2a: Iron Hands|Quark Drive|[silent]\n|upkeep\n|inactive|baseballlover has 90 seconds left.\n|\n|t:|1770785971\n|switch|p2a: Blastoise|Blastoise, L83, M|267/267\n|-damage|p2a: Blastoise|234/267|[from] Stealth Rock\n|turn|11\n|\n|t:|1770785982\n|move|p1a: Garganacl|Protect|p1a: Garganacl\n|-singleturn|p1a: Garganacl|Protect\n|move|p2b: Flareon|Quick Attack|p1a: Garganacl\n|-activate|p1a: Garganacl|move: Protect\n|move|p1b: Milotic|Icy Wind|p2b: Flareon|[spread] p2a,p2b\n|-resisted|p2a: Blastoise\n|-resisted|p2b: Flareon\n|-damage|p2a: Blastoise|222/267\n|-damage|p2b: Flareon|0 fnt\n|-unboost|p2a: Blastoise|spe|1\n|faint|p2b: Flareon\n|-enditem|p2a: Blastoise|White Herb\n|-clearnegativeboost|p2a: Blastoise|[silent]\n|move|p2a: Blastoise|Shell Smash|p2a: Blastoise\n|-unboost|p2a: Blastoise|def|1\n|-unboost|p2a: Blastoise|spd|1\n|-boost|p2a: Blastoise|atk|2\n|-boost|p2a: Blastoise|spa|2\n|-boost|p2a: Blastoise|spe|2\n|\n|-heal|p1a: Garganacl|63/295|[from] item: Leftovers\n|-sideend|p1: The AntiDepressor|move: Tailwind\n|upkeep\n|\n|t:|1770785998\n|switch|p2b: Hoopa|Hoopa, L86|278/278\n|-damage|p2b: Hoopa|244/278|[from] Stealth Rock\n|turn|12\n|inactive|baseballlover has 120 seconds left.\n|\n|t:|1770786011\n|move|p1a: Garganacl|Protect|p1a: Garganacl\n|-singleturn|p1a: Garganacl|Protect\n|move|p2a: Blastoise|Muddy Water|p1b: Milotic|[spread] p1b\n|-activate|p1a: Garganacl|move: Protect\n|-resisted|p1b: Milotic\n|-damage|p1b: Milotic|186/287\n|move|p2b: Hoopa|Hyperspace Hole|p1b: Milotic\n|-damage|p1b: Milotic|81/287\n|-enditem|p1b: Milotic|Sitrus Berry|[eat]\n|-heal|p1b: Milotic|152/287|[from] item: Sitrus Berry\n|move|p1b: Milotic|Icy Wind|p2b: Hoopa|[spread] p2a,p2b\n|-resisted|p2a: Blastoise\n|-damage|p2a: Blastoise|202/267\n|-damage|p2b: Hoopa|223/278\n|-unboost|p2a: Blastoise|spe|1\n|-unboost|p2b: Hoopa|spe|1\n|\n|-heal|p1a: Garganacl|81/295|[from] item: Leftovers\n|upkeep\n|turn|13\n|inactive|The AntiDepressor has 120 seconds left.\n|\n|t:|1770786043\n|move|p2a: Blastoise|Muddy Water|p1a: Garganacl|[spread] p1a,p1b\n|-supereffective|p1a: Garganacl\n|-resisted|p1b: Milotic\n|-crit|p1b: Milotic\n|-damage|p1a: Garganacl|0 fnt\n|-damage|p1b: Milotic|72/287\n|faint|p1a: Garganacl\n|move|p1b: Milotic|Recover|p1b: Milotic\n|-heal|p1b: Milotic|216/287\n|move|p2b: Hoopa|Hyperspace Hole|p1b: Milotic\n|-damage|p1b: Milotic|111/287\n|\n|upkeep\n|\n|t:|1770786045\n|switch|p1a: Noivern|Noivern, L84, F|12/280\n|-item|p2b: Hoopa|Choice Scarf|[from] ability: Frisk|[of] p1a: Noivern\n|turn|14\n|\n|t:|1770786054\n|move|p2a: Blastoise|Muddy Water|p1a: Noivern|[spread] p1a,p1b\n|-resisted|p1a: Noivern\n|-resisted|p1b: Milotic\n|-damage|p1a: Noivern|0 fnt\n|-damage|p1b: Milotic|65/287\n|faint|p1a: Noivern\n|move|p1b: Milotic|Recover|p1b: Milotic\n|-heal|p1b: Milotic|209/287\n|move|p2b: Hoopa|Hyperspace Hole|p1b: Milotic\n|-damage|p1b: Milotic|116/287\n|\n|upkeep\n|turn|15\n|inactive|baseballlover has 120 seconds left.\n|\n|t:|1770786087\n|move|p2a: Blastoise|Dragon Pulse|p1b: Milotic\n|-damage|p1b: Milotic|36/287\n|move|p1b: Milotic|Icy Wind|p2a: Blastoise|[spread] p2a,p2b\n|-resisted|p2a: Blastoise\n|-damage|p2a: Blastoise|182/267\n|-damage|p2b: Hoopa|204/278\n|-unboost|p2a: Blastoise|spe|1\n|-unboost|p2b: Hoopa|spe|1\n|move|p2b: Hoopa|Hyperspace Hole|p1b: Milotic\n|-damage|p1b: Milotic|0 fnt\n|faint|p1b: Milotic\n|\n|win|baseballlover\n|raw|The AntiDepressor's rating: 1653 &rarr; <strong>1632</strong><br />(-21 for losing)\n|raw|baseballlover's rating: 1636 &rarr; <strong>1657</strong><br />(+21 for winning)\n", "inputlog": ">version ccdc32dd7cde25fd9e4bed64820e885f66e78a4e\n>start {\"formatid\":\"gen9randomdoublesbattle\",\"seed\":\"sodium,0c31cbc47f68b3f3d21e39f4224db4ce\",\"rated\":\"Rated battle\"}\n>player p1 {\"name\":\"The AntiDepressor\",\"avatar\":\"265\",\"rating\":1653,\"seed\":\"sodium,3dacc59f1d51f2624b0b21ac619d1d01\"}\n>player p2 {\"name\":\"baseballlover\",\"avatar\":\"266\",\"rating\":1636,\"seed\":\"sodium,6c050681c0a78133ab875def21b86470\"}\n>p1 move stunspore +2, move poltergeist +1\n>p2 move icepunch +2, move tailwind\n>p1 move strengthsap +1, move protect\n>p2 move icepunch +1, move knockoff +2\n>p1 move sludgebomb +2, switch 4\n>p2 switch 3, move knockoff +2\n>p1 move stunspore +1, move lunge +2 terastallize\n>p2 move overheat +2, move bravebird +1\n>p1 switch 4, move explosion\n>p2 move overheat +1, move bravebird +2\n>p1 switch 3, switch 5\n>p2 pass, switch 5\n>p1 move stealthrock, move hurricane +1\n>p2 switch 3, move protect\n>p1 switch 4, move protect\n>p2 move fakeout +2, move facade +2\n>p1 move strengthsap +2, move tailwind\n>p2 move icepunch +2, move flareblitz +1\n>p1 switch 4, pass\n>p1 move saltcure +1, move protect\n>p2 move closecombat +1, move quickattack +2\n>p1 move recover, switch 6\n>p2 move closecombat +1, move quickattack +2\n>p2 switch 4, pass\n>p1 move protect, move icywind\n>p2 move shellsmash, move quickattack +1\n>p2 pass, switch 6\n>p1 move protect, move icywind\n>p2 move muddywater, move hyperspacehole +2\n>p1 move recover, move recover\n>p2 move muddywater, move hyperspacehole +2\n>p1 switch 6, pass\n>p1 move dracometeor +1, move recover\n>p2 move muddywater, move hyperspacehole +2\n>p1 pass, move icywind\n>p2 move dragonpulse +2, move hyperspacehole +2", "uploadtime": 1770786088, "views": 67, "formatid": "gen9randomdoublesbattle", "rating": 1632, "private": 0, "password": null}