{"id": "gen9randomdoublesbattle-2540902080", "format": "[Gen 9] Random Doubles Battle", "players": ["Orionseas", "ohhimei"], "log": "|j|☆Orionseas\n|j|☆ohhimei\n|t:|1771265494\n|gametype|doubles\n|player|p1|Orionseas|265|1730\n|player|p2|ohhimei|acetrainerf|1771\n|gen|9\n|tier|[Gen 9] Random Doubles Battle\n|rated|\n|rule|Species Clause: Limit one of each Pokémon\n|rule|HP Percentage Mod: HP is shown in percentages\n|rule|Illusion Level Mod: Illusion disguises the Pokémon's true level\n|rule|Sleep Clause Mod: Limit one foe put to sleep\n|\n|t:|1771265494\n|teamsize|p1|6\n|teamsize|p2|6\n|start\n|switch|p1a: Dialga|Dialga, L74|270/270\n|switch|p1b: Barraskewda|Barraskewda, L85, M|242/242\n|switch|p2a: Golem|Golem-Alola, L88, F|284/284\n|switch|p2b: Flareon|Flareon, L90, F|263/263\n|turn|1\n|inactive|Battle timer is ON: inactive players will automatically lose when time's up. (requested by Orionseas)\n|inactive|ohhimei also wants the timer to be on.\n|inactive|Orionseas has 120 seconds left.\n|inactive|ohhimei has 120 seconds left.\n|\n|t:|1771265545\n|switch|p1a: Porygon2|Porygon2, L82|274/274\n|-ability|p1a: Porygon2|Download|boost\n|-boost|p1a: Porygon2|spa|1\n|switch|p2a: Dusknoir|Dusknoir, L89, M|225/225\n|-item|p1a: Porygon2|Eviolite|[from] ability: Frisk|[of] p2a: Dusknoir\n|-item|p1b: Barraskewda|Life Orb|[from] ability: Frisk|[of] p2a: Dusknoir\n|move|p2b: Flareon|Protect|p2b: Flareon\n|-singleturn|p2b: Flareon|Protect\n|move|p1b: Barraskewda|Waterfall|p2a: Dusknoir\n|-damage|p2a: Dusknoir|124/225\n|-damage|p1b: Barraskewda|218/242|[from] item: Life Orb\n|\n|-status|p2b: Flareon|tox|[from] item: Toxic Orb\n|upkeep\n|turn|2\n|inactive|Orionseas has 120 seconds left.\n|\n|t:|1771265578\n|switch|p2b: Scream Tail|Scream Tail, L82|323/323\n|move|p2a: Dusknoir|Shadow Sneak|p1b: Barraskewda\n|-damage|p1b: Barraskewda|132/242\n|-damage|p2a: Dusknoir|102/225|[from] item: Life Orb\n|move|p1b: Barraskewda|Waterfall|p2b: Scream Tail\n|-damage|p2b: Scream Tail|202/323\n|-damage|p1b: Barraskewda|108/242|[from] item: Life Orb\n|move|p1a: Porygon2|Tri Attack|p2b: Scream Tail\n|-damage|p2b: Scream Tail|100/323\n|-enditem|p2b: Scream Tail|Sitrus Berry|[eat]\n|-heal|p2b: Scream Tail|180/323|[from] item: Sitrus Berry\n|\n|upkeep\n|turn|3\n|inactive|Orionseas has 120 seconds left.\n|\n|t:|1771265615\n|move|p1b: Barraskewda|Poison Jab|p2b: Scream Tail\n|-supereffective|p2b: Scream Tail\n|-damage|p2b: Scream Tail|14/323\n|-damage|p1b: Barraskewda|84/242|[from] item: Life Orb\n|move|p2b: Scream Tail|Stealth Rock|p1b: Barraskewda\n|-sidestart|p1: Orionseas|move: Stealth Rock\n|move|p1a: Porygon2|Thunderbolt|p2a: Dusknoir\n|-damage|p2a: Dusknoir|34/225\n|move|p2a: Dusknoir|Poltergeist|p1b: Barraskewda|[miss]\n|-miss|p2a: Dusknoir|p1b: Barraskewda\n|\n|upkeep\n|turn|4\n|inactive|ohhimei has 120 seconds left.\n|\n|t:|1771265649\n|move|p1b: Barraskewda|Protect|p1b: Barraskewda\n|-singleturn|p1b: Barraskewda|Protect\n|move|p2a: Dusknoir|Shadow Sneak|p1b: Barraskewda\n|-activate|p1b: Barraskewda|move: Protect\n|move|p2b: Scream Tail|Play Rough|p1b: Barraskewda\n|-activate|p1b: Barraskewda|move: Protect\n|move|p1a: Porygon2|Thunderbolt|p2a: Dusknoir\n|-damage|p2a: Dusknoir|0 fnt\n|faint|p2a: Dusknoir\n|\n|upkeep\n|inactive|ohhimei has 120 seconds left.\n|\n|t:|1771265656\n|switch|p2a: Flareon|Flareon, L90, F|263/263 tox\n|turn|5\n|\n|t:|1771265681\n|switch|p1b: Masquerain|Masquerain, L90, M|272/272\n|-ability|p1b: Masquerain|Intimidate|boost\n|-unboost|p2a: Flareon|atk|1\n|-unboost|p2b: Scream Tail|atk|1\n|-end|p2b: Scream Tail|Protosynthesis|[silent]\n|switch|p2b: Golem|Golem-Alola, L88, F|284/284\n|move|p2a: Flareon|Quick Attack|p1b: Masquerain\n|-damage|p1b: Masquerain|224/272\n|move|p1a: Porygon2|Icy Wind|p2a: Flareon|[spread] p2a,p2b\n|-resisted|p2a: Flareon\n|-damage|p2a: Flareon|245/263 tox\n|-damage|p2b: Golem|230/284\n|-unboost|p2a: Flareon|spe|1\n|-unboost|p2b: Golem|spe|1\n|\n|-damage|p2a: Flareon|229/263 tox|[from] psn\n|upkeep\n|turn|6\n|\n|t:|1771265708\n|move|p2a: Flareon|Protect|p2a: Flareon\n|-singleturn|p2a: Flareon|Protect\n|move|p1b: Masquerain|Tailwind|p1b: Masquerain\n|-sidestart|p1: Orionseas|move: Tailwind\n|move|p1a: Porygon2|Tri Attack|p2a: Flareon\n|-activate|p2a: Flareon|move: Protect\n|move|p2b: Golem|Rock Slide|p1a: Porygon2|[spread] p1a,p1b\n|-supereffective|p1b: Masquerain\n|-damage|p1a: Porygon2|217/274\n|-damage|p1b: Masquerain|0 fnt\n|faint|p1b: Masquerain\n|\n|-damage|p2a: Flareon|197/263 tox|[from] psn\n|upkeep\n|inactive|Orionseas has 120 seconds left.\n|\n|t:|1771265734\n|switch|p1b: Floatzel|Floatzel, L86, F|286/286\n|-damage|p1b: Floatzel|251/286|[from] Stealth Rock\n|turn|7\n|inactive|Orionseas has 120 seconds left.\n|\n|t:|1771265749\n|switch|p2a: Scream Tail|Scream Tail, L82|14/323\n|move|p2b: Golem|Protect|p2b: Golem\n|-singleturn|p2b: Golem|Protect\n|move|p1b: Floatzel|Wave Crash|p2b: Golem\n|-activate|p2b: Golem|move: Protect\n|move|p1a: Porygon2|Tri Attack|p2a: Scream Tail\n|-damage|p2a: Scream Tail|0 fnt\n|faint|p2a: Scream Tail\n|-end|p2a: Scream Tail|Protosynthesis|[silent]\n|\n|upkeep\n|\n|t:|1771265760\n|switch|p2a: Ninetales|Ninetales-Alola, L75, M|233/233\n|-weather|Snowscape|[from] ability: Snow Warning|[of] p2a: Ninetales\n|turn|8\n|\n|t:|1771265784\n|move|p1b: Floatzel|Wave Crash|p2b: Golem\n|-supereffective|p2b: Golem\n|-damage|p2b: Golem|0 fnt\n|faint|p2b: Golem\n|-damage|p1b: Floatzel|175/286|[from] Recoil\n|-damage|p1b: Floatzel|147/286|[from] item: Life Orb\n|move|p1a: Porygon2|Tri Attack|p2a: Ninetales\n|-damage|p2a: Ninetales|104/233\n|move|p2a: Ninetales|Aurora Veil|p2a: Ninetales\n|-sidestart|p2: ohhimei|move: Aurora Veil\n|\n|-weather|Snowscape|[upkeep]\n|upkeep\n|\n|t:|1771265789\n|switch|p2b: Greninja|Greninja, L83, M|255/255\n|turn|9\n|\n|t:|1771265806\n|move|p1b: Floatzel|Protect|p1b: Floatzel\n|-singleturn|p1b: Floatzel|Protect\n|move|p2b: Greninja|Protect|p2b: Greninja\n|-singleturn|p2b: Greninja|Protect\n|move|p1a: Porygon2|Icy Wind|p2b: Greninja|[spread] p2a\n|-activate|p2b: Greninja|move: Protect\n|-resisted|p2a: Ninetales\n|-damage|p2a: Ninetales|90/233\n|-unboost|p2a: Ninetales|spe|1\n|move|p2a: Ninetales|Blizzard|p1b: Floatzel|[spread] p1a\n|-activate|p1b: Floatzel|move: Protect\n|-damage|p1a: Porygon2|178/274\n|\n|-weather|Snowscape|[upkeep]\n|-sideend|p1: Orionseas|move: Tailwind\n|upkeep\n|turn|10\n|\n|t:|1771265836\n|-terastallize|p2b: Greninja|Poison\n|move|p1b: Floatzel|Aqua Jet|p2a: Ninetales\n|-damage|p2a: Ninetales|54/233\n|-damage|p1b: Floatzel|119/286|[from] item: Life Orb\n|move|p2b: Greninja|Dark Pulse|p1b: Floatzel\n|-damage|p1b: Floatzel|0 fnt\n|faint|p1b: Floatzel\n|-ability|p2b: Greninja|Battle Bond|boost\n|-boost|p2b: Greninja|atk|1\n|-boost|p2b: Greninja|spa|1\n|-boost|p2b: Greninja|spe|1\n|-activate|p2b: Greninja|ability: Battle Bond\n|-damage|p2b: Greninja|230/255|[from] item: Life Orb\n|move|p1a: Porygon2|Icy Wind|p2b: Greninja|[spread] p2a,p2b\n|-resisted|p2a: Ninetales\n|-damage|p2a: Ninetales|41/233\n|-damage|p2b: Greninja|199/255\n|-unboost|p2a: Ninetales|spe|1\n|-unboost|p2b: Greninja|spe|1\n|move|p2a: Ninetales|Blizzard|p1a: Porygon2\n|-damage|p1a: Porygon2|124/274\n|\n|-weather|Snowscape|[upkeep]\n|upkeep\n|inactive|Orionseas has 120 seconds left.\n|inactive|Orionseas has 90 seconds left.\n|\n|t:|1771265880\n|switch|p1b: Barraskewda|Barraskewda, L85, M|84/242\n|-damage|p1b: Barraskewda|54/242|[from] Stealth Rock\n|turn|11\n|\n|t:|1771265893\n|move|p2b: Greninja|Protect|p2b: Greninja\n|-singleturn|p2b: Greninja|Protect\n|move|p1b: Barraskewda|Waterfall|p2a: Ninetales\n|-damage|p2a: Ninetales|0 fnt\n|faint|p2a: Ninetales\n|-damage|p1b: Barraskewda|30/242|[from] item: Life Orb\n|move|p1a: Porygon2|Tri Attack|p2b: Greninja\n|-activate|p2b: Greninja|move: Protect\n|\n|-weather|Snowscape|[upkeep]\n|upkeep\n|\n|t:|1771265898\n|switch|p2a: Flareon|Flareon, L90, F|197/263 tox\n|turn|12\n|\n|t:|1771265903\n|move|p1b: Barraskewda|Protect|p1b: Barraskewda\n|-singleturn|p1b: Barraskewda|Protect\n|move|p2a: Flareon|Quick Attack|p1b: Barraskewda\n|-activate|p1b: Barraskewda|move: Protect\n|move|p2b: Greninja|Hydro Pump|p1a: Porygon2|[miss]\n|-miss|p2b: Greninja|p1a: Porygon2\n|move|p1a: Porygon2|Icy Wind|p2a: Flareon|[spread] p2a,p2b\n|-resisted|p2a: Flareon\n|-damage|p2a: Flareon|185/263 tox\n|-damage|p2b: Greninja|164/255\n|-unboost|p2a: Flareon|spe|1\n|-unboost|p2b: Greninja|spe|1\n|\n|-weather|none\n|-damage|p2a: Flareon|169/263 tox|[from] psn\n|upkeep\n|turn|13\n|\n|t:|1771265925\n|move|p2a: Flareon|Quick Attack|p1b: Barraskewda\n|-damage|p1b: Barraskewda|0 fnt\n|faint|p1b: Barraskewda\n|move|p2b: Greninja|Hydro Pump|p1a: Porygon2\n|-damage|p1a: Porygon2|0 fnt\n|faint|p1a: Porygon2\n|-damage|p2b: Greninja|139/255|[from] item: Life Orb\n|\n|-damage|p2a: Flareon|137/263 tox|[from] psn\n|upkeep\n|\n|t:|1771265930\n|switch|p1b: Dialga|Dialga, L74|270/270\n|switch|p1a: Glalie|Glalie, L94, F|303/303\n|-damage|p1a: Glalie|228/303|[from] Stealth Rock\n|-damage|p1b: Dialga|254/270|[from] Stealth Rock\n|turn|14\n|\n|t:|1771265950\n|move|p1a: Glalie|Icy Wind|p2a: Flareon|[spread] p2a,p2b\n|-resisted|p2a: Flareon\n|-damage|p2a: Flareon|124/263 tox\n|-damage|p2b: Greninja|105/255\n|-unboost|p2a: Flareon|spe|1\n|-unboost|p2b: Greninja|spe|1\n|move|p1b: Dialga|Heavy Slam|p2b: Greninja\n|-damage|p2b: Greninja|2/255\n|move|p2b: Greninja|Dark Pulse|p1b: Dialga\n|-damage|p1b: Dialga|79/270\n|-enditem|p1b: Dialga|Sitrus Berry|[eat]\n|-heal|p1b: Dialga|146/270|[from] item: Sitrus Berry\n|-damage|p2b: Greninja|0 fnt|[from] item: Life Orb\n|faint|p2b: Greninja\n|move|p2a: Flareon|Flare Blitz|p1b: Dialga\n|-damage|p1b: Dialga|0 fnt\n|faint|p1b: Dialga\n|-damage|p2a: Flareon|76/263 tox|[from] Recoil\n|\n|-damage|p2a: Flareon|28/263 tox|[from] psn\n|upkeep\n|turn|15\n|\n|t:|1771265973\n|-terastallize|p1a: Glalie|Poison\n|move|p1a: Glalie|Freeze-Dry|p2a: Flareon\n|-resisted|p2a: Flareon\n|-damage|p2a: Flareon|7/263 tox\n|move|p2a: Flareon|Flare Blitz|p1a: Glalie\n|-damage|p1a: Glalie|0 fnt\n|faint|p1a: Glalie\n|-damage|p2a: Flareon|0 fnt|[from] Recoil\n|faint|p2a: Flareon\n|\n|win|ohhimei\n|raw|Orionseas's rating: 1730 &rarr; <strong>1712</strong><br />(-18 for losing)\n|raw|ohhimei's rating: 1771 &rarr; <strong>1789</strong><br />(+18 for winning)\n|c|☆Orionseas|Gg\n", "inputlog": ">version 686819e5e19f8a7fd2345cfc5a08a5085efa2cc3\n>start {\"formatid\":\"gen9randomdoublesbattle\",\"seed\":\"sodium,8c1f9ed55b54f57958d3bc3714157f33\",\"rated\":\"Rated battle\"}\n>player p1 {\"name\":\"Orionseas\",\"avatar\":\"265\",\"rating\":1730,\"seed\":\"sodium,de79cc6ecb9b09a6783f90111759f23c\"}\n>player p2 {\"name\":\"ohhimei\",\"avatar\":\"acetrainerf\",\"rating\":1771,\"seed\":\"sodium,70e97ffe5f1fd8d004a79fd78cf026e1\"}\n>p1 switch 5, move waterfall +1\n>p2 switch 4, move protect\n>p1 move triattack +2, move waterfall +2\n>p2 move shadowsneak +2, switch 6\n>p1 move thunderbolt +1, move poisonjab +2\n>p2 move poltergeist +2, move stealthrock\n>p1 move thunderbolt +1, move protect\n>p2 move shadowsneak +2, move playrough +2\n>p2 switch 6, pass\n>p1 move icywind, switch 3\n>p2 move quickattack +2, switch 4\n>p1 move triattack +1, move tailwind\n>p2 move protect, move rockslide\n>p1 pass, switch 6\n>p1 move triattack +1, move wavecrash +2\n>p2 switch 4, move protect\n>p2 switch 5, pass\n>p1 move triattack +1, move wavecrash +2\n>p2 move auroraveil, move doubleedge +2\n>p2 pass, switch 3\n>p1 move icywind, move protect\n>p2 move blizzard, move protect\n>p1 move icywind, move aquajet +1\n>p2 move blizzard, move darkpulse +2 terastallize\n>p1 pass, switch 3\n>p1 move triattack +2, move waterfall +1\n>p2 move moonblast +2, move protect\n>p2 switch 4, pass\n>p1 move icywind, move protect\n>p2 move quickattack +2, move hydropump +1\n>p1 move recover, move waterfall +1\n>p2 move quickattack +2, move hydropump +1\n>p1 switch 4, switch 5\n>p1 move icywind, move heavyslam +2\n>p2 move flareblitz +2, move darkpulse +2\n>p1 move freezedry +1 terastallize, pass\n>p2 move flareblitz +1, pass", "uploadtime": 1771265988, "views": 3, "formatid": "gen9randomdoublesbattle", "rating": 1712, "private": 0, "password": null}