{"id": "gen9randomdoublesbattle-2538474701", "format": "[Gen 9] Random Doubles Battle", "players": ["baseballlover", "ShakXD404"], "log": "|j|☆baseballlover\n|j|☆ShakXD404\n|t:|1770931134\n|gametype|doubles\n|player|p1|baseballlover|266|1670\n|player|p2|ShakXD404|266|1624\n|gen|9\n|tier|[Gen 9] Random Doubles Battle\n|rated|\n|rule|Species Clause: Limit one of each Pokémon\n|rule|HP Percentage Mod: HP is shown in percentages\n|rule|Illusion Level Mod: Illusion disguises the Pokémon's true level\n|rule|Sleep Clause Mod: Limit one foe put to sleep\n|\n|t:|1770931134\n|teamsize|p1|6\n|teamsize|p2|6\n|start\n|switch|p1a: Infernape|Infernape, L82, F|259/259\n|switch|p1b: Oranguru|Oranguru, L90, F|308/308\n|switch|p2a: Avalugg|Avalugg-Hisui, L88, F|310/310\n|switch|p2b: Incineroar|Incineroar, L78, M|276/276\n|-ability|p2b: Incineroar|Intimidate|boost\n|-unboost|p1a: Infernape|atk|1\n|-fail|p1b: Oranguru|unboost|Attack|[from] ability: Inner Focus|[of] p1b: Oranguru\n|turn|1\n|inactive|Battle timer is ON: inactive players will automatically lose when time's up. (requested by baseballlover)\n|\n|t:|1770931164\n|move|p1a: Infernape|Fake Out|p2b: Incineroar\n|-damage|p2b: Incineroar|254/276\n|cant|p2b: Incineroar|flinch\n|move|p2a: Avalugg|Icicle Spear|p1b: Oranguru\n|-damage|p1b: Oranguru|272/308\n|-damage|p1b: Oranguru|235/308\n|-damage|p1b: Oranguru|198/308\n|-damage|p1b: Oranguru|162/308\n|-damage|p1b: Oranguru|126/308\n|-enditem|p1b: Oranguru|Sitrus Berry|[eat]\n|-heal|p1b: Oranguru|203/308|[from] item: Sitrus Berry\n|-hitcount|p1b: Oranguru|5\n|move|p1b: Oranguru|Hyper Voice|p2b: Incineroar|[spread] p2a,p2b\n|-resisted|p2a: Avalugg\n|-damage|p2a: Avalugg|246/310\n|-damage|p2b: Incineroar|166/276\n|\n|upkeep\n|turn|2\n|\n|t:|1770931192\n|move|p1a: Infernape|Close Combat|p2b: Incineroar\n|-supereffective|p2b: Incineroar\n|-damage|p2b: Incineroar|0 fnt\n|-unboost|p1a: Infernape|def|1\n|-unboost|p1a: Infernape|spd|1\n|faint|p2b: Incineroar\n|move|p2a: Avalugg|Icicle Spear|p1b: Oranguru\n|-damage|p1b: Oranguru|163/308\n|-damage|p1b: Oranguru|127/308\n|-damage|p1b: Oranguru|91/308\n|-damage|p1b: Oranguru|52/308\n|-damage|p1b: Oranguru|16/308\n|-hitcount|p1b: Oranguru|5\n|move|p1b: Oranguru|Instruct|p1a: Infernape\n|-singleturn|p1a: Infernape|move: Instruct|[of] p1b: Oranguru\n|move|p1a: Infernape|Close Combat|p2a: Avalugg\n|-supereffective|p2a: Avalugg\n|-damage|p2a: Avalugg|54/310\n|-unboost|p1a: Infernape|def|1\n|-unboost|p1a: Infernape|spd|1\n|\n|upkeep\n|\n|t:|1770931201\n|switch|p2b: Comfey|Comfey, L88, M|233/233\n|turn|3\n|\n|t:|1770931214\n|switch|p1a: Slaking|Slaking, L89, F|412/412\n|move|p2b: Comfey|Tailwind|p2b: Comfey\n|-sidestart|p2: ShakXD404|move: Tailwind\n|move|p2a: Avalugg|Body Press|p1a: Slaking\n|-supereffective|p1a: Slaking\n|-damage|p1a: Slaking|244/412\n|move|p1b: Oranguru|Hyper Voice|p2b: Comfey|[spread] p2a,p2b\n|-resisted|p2a: Avalugg\n|-damage|p2a: Avalugg|0 fnt\n|-damage|p2b: Comfey|173/233\n|faint|p2a: Avalugg\n|\n|upkeep\n|\n|t:|1770931226\n|switch|p2a: Ceruledge|Ceruledge, L80, M|251/251\n|turn|4\n|inactive|baseballlover has 120 seconds left.\n|\n|t:|1770931275\n|move|p2b: Comfey|Draining Kiss|p1b: Oranguru\n|-damage|p1b: Oranguru|0 fnt\n|-heal|p2b: Comfey|185/233|[from] drain|[of] p1b: Oranguru\n|faint|p1b: Oranguru\n|move|p2a: Ceruledge|Swords Dance|p2a: Ceruledge\n|-boost|p2a: Ceruledge|atk|2\n|move|p1a: Slaking|Giga Impact|p2b: Comfey\n|-damage|p2b: Comfey|0 fnt\n|-mustrecharge|p1a: Slaking\n|faint|p2b: Comfey\n|\n|upkeep\n|inactive|ShakXD404 has 120 seconds left.\n|\n|t:|1770931330\n|switch|p2b: Haxorus|Haxorus, L84, M|265/265\n|switch|p1b: Falinks|Falinks, L87|255/255\n|-ability|p2b: Haxorus|Unnerve\n|turn|5\n|inactive|baseballlover has 120 seconds left.\n|inactive|ShakXD404 has 120 seconds left.\n|inactive|baseballlover has 90 seconds left.\n|\n|t:|1770931380\n|move|p1b: Falinks|Protect|p1b: Falinks\n|-singleturn|p1b: Falinks|Protect\n|move|p2b: Haxorus|Swords Dance|p2b: Haxorus\n|-boost|p2b: Haxorus|atk|2\n|move|p2a: Ceruledge|Bitter Blade|p1b: Falinks\n|-activate|p1b: Falinks|move: Protect\n|cant|p1a: Slaking|recharge\n|\n|upkeep\n|turn|6\n|inactive|ShakXD404 has 120 seconds left.\n|inactive|ShakXD404 has 90 seconds left.\n|\n|t:|1770931427\n|-terastallize|p2a: Ceruledge|Ghost\n|move|p2b: Haxorus|Close Combat|p1a: Slaking\n|-supereffective|p1a: Slaking\n|-damage|p1a: Slaking|0 fnt\n|-unboost|p2b: Haxorus|def|1\n|-unboost|p2b: Haxorus|spd|1\n|faint|p1a: Slaking\n|move|p2a: Ceruledge|Poltergeist|p1b: Falinks|[miss]\n|-miss|p2a: Ceruledge|p1b: Falinks\n|move|p1b: Falinks|No Retreat|p1b: Falinks\n|-boost|p1b: Falinks|atk|1\n|-boost|p1b: Falinks|def|1\n|-boost|p1b: Falinks|spa|1\n|-boost|p1b: Falinks|spd|1\n|-boost|p1b: Falinks|spe|1\n|-start|p1b: Falinks|move: No Retreat\n|\n|-sideend|p2: ShakXD404|move: Tailwind\n|upkeep\n|inactive|baseballlover has 90 seconds left.\n|\n|t:|1770931456\n|switch|p1a: Dragapult|Dragapult, L79, M|269/269\n|turn|7\n|inactive|baseballlover has 90 seconds left.\n|\n|t:|1770931474\n|-terastallize|p1a: Dragapult|Dragon\n|move|p1b: Falinks|Iron Head|p2a: Ceruledge\n|-damage|p2a: Ceruledge|111/251\n|-ability|p2a: Ceruledge|Weak Armor|boost\n|-unboost|p2a: Ceruledge|def|1\n|-boost|p2a: Ceruledge|spe|2\n|-damage|p1b: Falinks|230/255|[from] item: Life Orb\n|move|p2a: Ceruledge|Poltergeist|p1a: Dragapult\n|-activate|p1a: Dragapult|move: Poltergeist|Life Orb\n|-damage|p1a: Dragapult|0 fnt\n|faint|p1a: Dragapult\n|-damage|p2a: Ceruledge|86/251|[from] item: Life Orb\n|move|p2b: Haxorus|Scale Shot|p1b: Falinks\n|-damage|p1b: Falinks|190/255\n|-damage|p1b: Falinks|148/255\n|-damage|p1b: Falinks|108/255\n|-damage|p1b: Falinks|63/255\n|-damage|p1b: Falinks|17/255\n|-hitcount|p1b: Falinks|5\n|-unboost|p2b: Haxorus|def|1\n|-boost|p2b: Haxorus|spe|1\n|\n|upkeep\n|\n|t:|1770931485\n|switch|p1a: Infernape|Infernape, L82, F|259/259\n|turn|8\n|inactive|ShakXD404 has 120 seconds left.\n|\n|t:|1770931505\n|move|p2b: Haxorus|Protect|p2b: Haxorus\n|-singleturn|p2b: Haxorus|Protect\n|move|p1a: Infernape|Fake Out|p2b: Haxorus\n|-activate|p2b: Haxorus|move: Protect\n|move|p2a: Ceruledge|Poltergeist|p1a: Infernape\n|-activate|p1a: Infernape|move: Poltergeist|Focus Sash\n|-enditem|p1a: Infernape|Focus Sash\n|-damage|p1a: Infernape|1/259\n|-damage|p2a: Ceruledge|61/251|[from] item: Life Orb\n|move|p1b: Falinks|Iron Head|p2a: Ceruledge\n|-damage|p2a: Ceruledge|0 fnt\n|faint|p2a: Ceruledge\n|-damage|p1b: Falinks|0 fnt|[from] item: Life Orb\n|faint|p1b: Falinks\n|\n|upkeep\n|inactive|ShakXD404 has 120 seconds left.\n|inactive|baseballlover has 90 seconds left.\n|\n|t:|1770931525\n|switch|p2a: Cinccino|Cinccino, L85, F|266/266\n|switch|p1b: Milotic|Milotic, L81, F|287/287\n|turn|9\n|\n|t:|1770931538\n|move|p2b: Haxorus|Scale Shot|p1b: Milotic\n|-damage|p1b: Milotic|203/287\n|-damage|p1b: Milotic|118/287\n|-damage|p1b: Milotic|39/287\n|-damage|p1b: Milotic|0 fnt\n|faint|p1b: Milotic\n|-hitcount|p1: Milotic|4\n|-unboost|p2b: Haxorus|def|1\n|-boost|p2b: Haxorus|spe|1\n|move|p2a: Cinccino|Knock Off|p1a: Infernape\n|-resisted|p1a: Infernape\n|-damage|p1a: Infernape|0 fnt\n|faint|p1a: Infernape\n|\n|win|ShakXD404\n|raw|baseballlover's rating: 1670 &rarr; <strong>1647</strong><br />(-23 for losing)\n|raw|ShakXD404's rating: 1624 &rarr; <strong>1647</strong><br />(+23 for winning)\n", "inputlog": ">version ccdc32dd7cde25fd9e4bed64820e885f66e78a4e\n>start {\"formatid\":\"gen9randomdoublesbattle\",\"seed\":\"sodium,ba47feb276e0f43e47f6c6fa7626336f\",\"rated\":\"Rated battle\"}\n>player p1 {\"name\":\"baseballlover\",\"avatar\":\"266\",\"rating\":1670,\"seed\":\"sodium,959a89d4842f9a2f7fe8697603e8047e\"}\n>player p2 {\"name\":\"ShakXD404\",\"avatar\":\"266\",\"rating\":1624,\"seed\":\"sodium,995b7c06bcc3ec2c060377f5cb5003e6\"}\n>p1 move fakeout +2, move hypervoice\n>p2 move iciclespear +2, move fakeout +1\n>p1 move closecombat +2, move instruct -1\n>p2 move iciclespear +2, move partingshot +1\n>p2 pass, switch 6\n>p1 switch 3, move hypervoice\n>p2 move bodypress +1, move tailwind\n>p2 switch 4, pass\n>p1 move gigaimpact +2, move psychic +1\n>p2 move swordsdance, move drainingkiss +2\n>p1 pass, switch 4\n>p2 pass, switch 5\n>p1 move recharge +2, move protect\n>p2 move bitterblade +2, move swordsdance\n>p1 move gigaimpact +2, move noretreat\n>p2 move poltergeist +2 terastallize, move closecombat +1\n>p1 switch 6, pass\n>p1 move dragondarts +2 terastallize, move ironhead +1\n>p2 move poltergeist +1, move scaleshot +1\n>p1 switch 3, pass\n>p1 move fakeout +2, move ironhead +1\n>p2 move poltergeist +1, move protect\n>p1 pass, switch 5\n>p2 switch 3, pass\n>p1 move closecombat +2, move icywind\n>p2 move knockoff +1, move scaleshot +2", "uploadtime": 1770931539, "views": 67, "formatid": "gen9randomdoublesbattle", "rating": 1647, "private": 0, "password": null}