{"id": "gen9randomdoublesbattle-2537863523", "format": "[Gen 9] Random Doubles Battle", "players": ["tisdraio", "realselenagomez"], "log": "|j|☆tisdraio\n|j|☆realselenagomez\n|t:|1770856742\n|gametype|doubles\n|player|p1|tisdraio|pokemaniac|1724\n|player|p2|realselenagomez|1|1893\n|gen|9\n|tier|[Gen 9] Random Doubles Battle\n|rated|\n|rule|Species Clause: Limit one of each Pokémon\n|rule|HP Percentage Mod: HP is shown in percentages\n|rule|Illusion Level Mod: Illusion disguises the Pokémon's true level\n|rule|Sleep Clause Mod: Limit one foe put to sleep\n|\n|t:|1770856742\n|teamsize|p1|6\n|teamsize|p2|6\n|start\n|switch|p1a: Hoopa|Hoopa-Unbound, L80|259/259\n|switch|p1b: Incineroar|Incineroar, L78, F|276/276\n|switch|p2a: Corviknight|Corviknight, L80, M|288/288\n|switch|p2b: Crabominable|Crabominable, L89, F|317/317\n|-ability|p1b: Incineroar|Intimidate|boost\n|-ability|p2a: Corviknight|Mirror Armor\n|-unboost|p1b: Incineroar|atk|1\n|-unboost|p2b: Crabominable|atk|1\n|turn|1\n|inactive|Battle timer is ON: inactive players will automatically lose when time's up. (requested by realselenagomez)\n|inactive|realselenagomez has 120 seconds left.\n|\n|t:|1770856776\n|move|p1b: Incineroar|Fake Out|p2a: Corviknight\n|-resisted|p2a: Corviknight\n|-damage|p2a: Corviknight|280/288\n|move|p1a: Hoopa|Psychic|p2b: Crabominable\n|-supereffective|p2b: Crabominable\n|-damage|p2b: Crabominable|11/317\n|cant|p2a: Corviknight|flinch\n|move|p2b: Crabominable|Drain Punch|p1b: Incineroar\n|-supereffective|p1b: Incineroar\n|-damage|p1b: Incineroar|32/276\n|-heal|p2b: Crabominable|133/317|[from] drain|[of] p1b: Incineroar\n|-damage|p2b: Crabominable|102/317|[from] item: Life Orb\n|\n|upkeep\n|turn|2\n|inactive|tisdraio has 120 seconds left.\n|inactive|realselenagomez has 120 seconds left.\n|\n|t:|1770856841\n|switch|p1b: Gengar|Gengar, L84, F|238/238\n|move|p2b: Crabominable|Protect|p2b: Crabominable\n|-singleturn|p2b: Crabominable|Protect\n|move|p1a: Hoopa|Psychic|p2b: Crabominable\n|-activate|p2b: Crabominable|move: Protect\n|move|p2a: Corviknight|Tailwind|p2a: Corviknight\n|-sidestart|p2: realselenagomez|move: Tailwind\n|\n|upkeep\n|turn|3\n|inactive|realselenagomez has 120 seconds left.\n|inactive|tisdraio has 90 seconds left.\n|\n|t:|1770856871\n|switch|p1a: Staraptor|Staraptor, L82, F|274/274\n|-ability|p1a: Staraptor|Intimidate|boost\n|-ability|p2a: Corviknight|Mirror Armor\n|-unboost|p1a: Staraptor|atk|1\n|-unboost|p2b: Crabominable|atk|1\n|move|p2a: Corviknight|Brave Bird|p1b: Gengar\n|-damage|p1b: Gengar|88/238\n|-damage|p2a: Corviknight|230/288|[from] Recoil\n|move|p2b: Crabominable|Ice Hammer|p1b: Gengar|[miss]\n|-miss|p2b: Crabominable|p1b: Gengar\n|move|p1b: Gengar|Shadow Ball|p2a: Corviknight\n|-damage|p2a: Corviknight|88/288\n|-enditem|p2a: Corviknight|Sitrus Berry|[eat]\n|-heal|p2a: Corviknight|160/288|[from] item: Sitrus Berry\n|-damage|p1b: Gengar|65/238|[from] item: Life Orb\n|\n|upkeep\n|turn|4\n|inactive|realselenagomez has 120 seconds left.\n|\n|t:|1770856894\n|move|p1b: Gengar|Protect|p1b: Gengar\n|-singleturn|p1b: Gengar|Protect\n|move|p1a: Staraptor|Brave Bird|p2b: Crabominable\n|-supereffective|p2b: Crabominable\n|-damage|p2b: Crabominable|0 fnt\n|faint|p2b: Crabominable\n|-damage|p1a: Staraptor|240/274|[from] Recoil\n|move|p2a: Corviknight|Iron Head|p1b: Gengar\n|-activate|p1b: Gengar|move: Protect\n|\n|upkeep\n|\n|t:|1770856908\n|switch|p2b: Luxray|Luxray, L86, M|278/278\n|-ability|p2b: Luxray|Intimidate|boost\n|-unboost|p1a: Staraptor|atk|1\n|-unboost|p1b: Gengar|atk|1\n|turn|5\n|inactive|tisdraio has 120 seconds left.\n|\n|t:|1770856925\n|switch|p1a: Mamoswine|Mamoswine, L82, F|315/315\n|switch|p1b: Incineroar|Incineroar, L78, F|32/276\n|-ability|p1b: Incineroar|Intimidate|boost\n|-ability|p2a: Corviknight|Mirror Armor\n|-unboost|p1b: Incineroar|atk|1\n|-unboost|p2b: Luxray|atk|1\n|move|p2b: Luxray|Snarl|p1a: Mamoswine|[spread] p1a,p1b\n|-resisted|p1b: Incineroar\n|-damage|p1a: Mamoswine|274/315\n|-damage|p1b: Incineroar|16/276\n|-unboost|p1a: Mamoswine|spa|1\n|-unboost|p1b: Incineroar|spa|1\n|move|p2a: Corviknight|Roost|p2a: Corviknight\n|-heal|p2a: Corviknight|288/288\n|-singleturn|p2a: Corviknight|move: Roost\n|\n|-sideend|p2: realselenagomez|move: Tailwind\n|upkeep\n|turn|6\n|inactive|tisdraio has 120 seconds left.\n|inactive|realselenagomez has 120 seconds left.\n|\n|t:|1770856972\n|move|p1a: Mamoswine|Icicle Crash|p2a: Corviknight\n|-damage|p2a: Corviknight|166/288\n|-damage|p1a: Mamoswine|243/315|[from] item: Life Orb\n|move|p2b: Luxray|Snarl|p1a: Mamoswine|[spread] p1a,p1b\n|-resisted|p1b: Incineroar\n|-damage|p1a: Mamoswine|202/315\n|-damage|p1b: Incineroar|0 fnt\n|-unboost|p1a: Mamoswine|spa|1\n|faint|p1b: Incineroar\n|move|p2a: Corviknight|Tailwind|p2a: Corviknight\n|-sidestart|p2: realselenagomez|move: Tailwind\n|\n|upkeep\n|\n|t:|1770856986\n|switch|p1b: Staraptor|Staraptor, L82, F|240/274\n|-ability|p1b: Staraptor|Intimidate|boost\n|-ability|p2a: Corviknight|Mirror Armor\n|-unboost|p1b: Staraptor|atk|1\n|-unboost|p2b: Luxray|atk|1\n|turn|7\n|\n|t:|1770856997\n|move|p2b: Luxray|Volt Switch|p1b: Staraptor\n|-supereffective|p1b: Staraptor\n|-crit|p1b: Staraptor\n|-damage|p1b: Staraptor|0 fnt\n|faint|p1b: Staraptor\n|\n|t:|1770857003\n|switch|p2b: Appletun|Appletun, L92, M|352/352|[from] Volt Switch\n|move|p2a: Corviknight|Iron Head|p1a: Mamoswine\n|-supereffective|p1a: Mamoswine\n|-damage|p1a: Mamoswine|46/315\n|move|p1a: Mamoswine|High Horsepower|p2b: Appletun\n|-resisted|p2b: Appletun\n|-crit|p2b: Appletun\n|-damage|p2b: Appletun|239/352\n|-damage|p1a: Mamoswine|15/315|[from] item: Life Orb\n|\n|upkeep\n|-message|tisdraio forfeited.\n|\n|win|realselenagomez\n|raw|tisdraio's rating: 1724 &rarr; <strong>1713</strong><br />(-11 for losing)\n|raw|realselenagomez's rating: 1893 &rarr; <strong>1904</strong><br />(+11 for winning)\n|l|☆tisdraio\n|player|p1|\n", "inputlog": ">version ccdc32dd7cde25fd9e4bed64820e885f66e78a4e\n>start {\"formatid\":\"gen9randomdoublesbattle\",\"seed\":\"sodium,e9fe1f0067cec379470aa335daac9042\",\"rated\":\"Rated battle\"}\n>player p1 {\"name\":\"tisdraio\",\"avatar\":\"pokemaniac\",\"rating\":1724,\"seed\":\"sodium,5297c8e96e749d1303ce85ad6f249ad3\"}\n>player p2 {\"name\":\"realselenagomez\",\"avatar\":\"1\",\"rating\":1893,\"seed\":\"sodium,af7639b0abafacb405feb570cf1f7653\"}\n>p1 move psychic +2, move fakeout +1\n>p2 move tailwind, move drainpunch +2\n>p1 move psychic +2, switch 3\n>p2 move tailwind, move protect\n>p1 switch 6, move shadowball +1\n>p2 move bravebird +2, move icehammer +2\n>p1 move bravebird +2, move protect\n>p2 move ironhead +2, move icehammer +1\n>p2 pass, switch 5\n>p1 switch 4, switch 3\n>p2 move roost, move snarl\n>p1 move iciclecrash +1, move flareblitz +1\n>p2 move tailwind, move snarl\n>p1 pass, switch 4\n>p1 move highhorsepower +2, move finalgambit +1\n>p2 move ironhead +1, move voltswitch +2\n>p2 pass, switch 3\n>forcelose p1", "uploadtime": 1770857019, "views": 86, "formatid": "gen9randomdoublesbattle", "rating": 1713, "private": 0, "password": null}