{"id": "gen9randomdoublesbattle-2538572316", "format": "[Gen 9] Random Doubles Battle", "players": ["sshorts24", "chainzaw"], "log": "|j|☆sshorts24\n|j|☆chainzaw\n|t:|1770942032\n|gametype|doubles\n|player|p1|sshorts24|clair|1772\n|player|p2|chainzaw|2|1682\n|gen|9\n|tier|[Gen 9] Random Doubles Battle\n|rated|\n|rule|Species Clause: Limit one of each Pokémon\n|rule|HP Percentage Mod: HP is shown in percentages\n|rule|Illusion Level Mod: Illusion disguises the Pokémon's true level\n|rule|Sleep Clause Mod: Limit one foe put to sleep\n|\n|t:|1770942032\n|teamsize|p1|6\n|teamsize|p2|6\n|start\n|switch|p1a: Sudowoodo|Sudowoodo, L94, M|284/284\n|switch|p1b: Virizion|Virizion, L86|297/297\n|switch|p2a: Tauros|Tauros-Paldea-Aqua, L80, M|251/251\n|switch|p2b: Ogerpon|Ogerpon-Hearthflame, L74, F|240/240\n|-ability|p2b: Ogerpon|Mold Breaker\n|-ability|p2a: Tauros|Intimidate|boost\n|-unboost|p1a: Sudowoodo|atk|1\n|-unboost|p1b: Virizion|atk|1\n|turn|1\n|inactive|Battle timer is ON: inactive players will automatically lose when time's up. (requested by sshorts24)\n|inactive|chainzaw has 120 seconds left.\n|\n|t:|1770942076\n|switch|p2a: Iron Treads|Iron Treads, L81|278/278\n|switch|p1a: Swampert|Swampert, L82, M|298/298\n|move|p1b: Virizion|Leaf Storm|p2a: Iron Treads\n|-damage|p2a: Iron Treads|125/278\n|-unboost|p1b: Virizion|spa|2\n|-enditem|p2a: Iron Treads|Sitrus Berry|[eat]\n|-heal|p2a: Iron Treads|194/278|[from] item: Sitrus Berry\n|move|p2b: Ogerpon|Ivy Cudgel|p1b: Virizion|[anim] Ivy Cudgel Fire\n|-supereffective|p1b: Virizion\n|-damage|p1b: Virizion|45/297\n|-enditem|p1b: Virizion|Sitrus Berry|[eat]\n|-heal|p1b: Virizion|119/297|[from] item: Sitrus Berry\n|\n|upkeep\n|turn|2\n|inactive|sshorts24 has 120 seconds left.\n|inactive|chainzaw has 120 seconds left.\n|\n|t:|1770942126\n|switch|p1b: Hitmontop|Hitmontop, L88, M|231/231\n|-ability|p1b: Hitmontop|Intimidate|boost\n|-unboost|p2a: Iron Treads|atk|1\n|-unboost|p2b: Ogerpon|atk|1\n|-end|p2a: Iron Treads|Quark Drive|[silent]\n|switch|p2a: Tauros|Tauros-Paldea-Aqua, L80, M|251/251\n|-ability|p2a: Tauros|Intimidate|boost\n|-unboost|p1a: Swampert|atk|1\n|-unboost|p1b: Hitmontop|atk|1\n|-terastallize|p1a: Swampert|Steel\n|move|p2b: Ogerpon|Power Whip|p1a: Swampert|[miss]\n|-miss|p2b: Ogerpon|p1a: Swampert\n|move|p1a: Swampert|Muddy Water|p2a: Tauros|[spread] p2a,p2b\n|-resisted|p2a: Tauros\n|-damage|p2a: Tauros|210/251\n|-damage|p2b: Ogerpon|171/240\n|\n|upkeep\n|turn|3\n|inactive|sshorts24 has 120 seconds left.\n|inactive|chainzaw has 120 seconds left.\n|inactive|sshorts24 has 90 seconds left.\n|\n|t:|1770942177\n|move|p2b: Ogerpon|Spiky Shield|p2b: Ogerpon\n|-singleturn|p2b: Ogerpon|move: Protect\n|move|p1b: Hitmontop|Fake Out|p2a: Tauros\n|-damage|p2a: Tauros|192/251\n|cant|p2a: Tauros|flinch\n|move|p1a: Swampert|Flip Turn|p2b: Ogerpon\n|-activate|p2b: Ogerpon|move: Protect\n|-damage|p1a: Swampert|261/298|[from] Spiky Shield|[of] p2b: Ogerpon\n|\n|upkeep\n|turn|4\n|\n|t:|1770942198\n|switch|p1a: Virizion|Virizion, L86|119/297\n|move|p2a: Tauros|Close Combat|p1a: Virizion\n|-damage|p1a: Virizion|0 fnt\n|-unboost|p2a: Tauros|def|1\n|-unboost|p2a: Tauros|spd|1\n|faint|p1a: Virizion\n|move|p2b: Ogerpon|Swords Dance|p2b: Ogerpon\n|-boost|p2b: Ogerpon|atk|2\n|move|p1b: Hitmontop|Close Combat|p2b: Ogerpon\n|-damage|p2b: Ogerpon|69/240\n|-unboost|p1b: Hitmontop|def|1\n|-unboost|p1b: Hitmontop|spd|1\n|\n|upkeep\n|inactive|sshorts24 has 90 seconds left.\n|\n|t:|1770942213\n|switch|p1a: Sudowoodo|Sudowoodo, L94, M|284/284\n|turn|5\n|inactive|chainzaw has 120 seconds left.\n|\n|t:|1770942228\n|switch|p1b: Torkoal|Torkoal, L86, F|261/261\n|-weather|SunnyDay|[from] ability: Drought|[of] p1b: Torkoal\n|move|p1a: Sudowoodo|Sucker Punch|p2b: Ogerpon\n|-damage|p2b: Ogerpon|0 fnt\n|faint|p2b: Ogerpon\n|-damage|p1a: Sudowoodo|256/284|[from] item: Life Orb\n|move|p2a: Tauros|Close Combat|p1a: Sudowoodo\n|-supereffective|p1a: Sudowoodo\n|-damage|p1a: Sudowoodo|0 fnt\n|-unboost|p2a: Tauros|def|1\n|-unboost|p2a: Tauros|spd|1\n|faint|p1a: Sudowoodo\n|\n|-weather|SunnyDay|[upkeep]\n|upkeep\n|inactive|chainzaw has 120 seconds left.\n|\n|t:|1770942247\n|switch|p2b: Hippowdon|Hippowdon, L86, F|326/326\n|switch|p1a: Skeledirge|Skeledirge, L80, M|298/298\n|-weather|Sandstorm|[from] ability: Sand Stream|[of] p2b: Hippowdon\n|turn|6\n|inactive|chainzaw has 120 seconds left.\n|\n|t:|1770942276\n|switch|p2a: Volbeat|Volbeat, L82, M|241/241\n|switch|p1b: Hitmontop|Hitmontop, L88, M|231/231\n|-ability|p1b: Hitmontop|Intimidate|boost\n|-unboost|p2a: Volbeat|atk|1\n|-unboost|p2b: Hippowdon|atk|1\n|move|p1a: Skeledirge|Torch Song|p2a: Volbeat\n|-supereffective|p2a: Volbeat\n|-crit|p2a: Volbeat\n|-damage|p2a: Volbeat|0 fnt\n|-boost|p1a: Skeledirge|spa|1\n|faint|p2a: Volbeat\n|move|p2b: Hippowdon|High Horsepower|p1a: Skeledirge\n|-supereffective|p1a: Skeledirge\n|-damage|p1a: Skeledirge|56/298\n|\n|-weather|Sandstorm|[upkeep]\n|-damage|p1b: Hitmontop|217/231|[from] Sandstorm\n|-damage|p1a: Skeledirge|38/298|[from] Sandstorm\n|-heal|p1a: Skeledirge|56/298|[from] item: Leftovers\n|upkeep\n|\n|t:|1770942297\n|switch|p2a: Tauros|Tauros-Paldea-Aqua, L80, M|192/251\n|-ability|p2a: Tauros|Intimidate|boost\n|-unboost|p1a: Skeledirge|atk|1\n|-unboost|p1b: Hitmontop|atk|1\n|turn|7\n|inactive|sshorts24 has 120 seconds left.\n|\n|t:|1770942321\n|switch|p2a: Iron Treads|Iron Treads, L81|194/278\n|move|p1b: Hitmontop|Fake Out|p2a: Iron Treads\n|-resisted|p2a: Iron Treads\n|-damage|p2a: Iron Treads|186/278\n|move|p1a: Skeledirge|Torch Song|p2b: Hippowdon\n|-damage|p2b: Hippowdon|185/326\n|-boost|p1a: Skeledirge|spa|1\n|move|p2b: Hippowdon|High Horsepower|p1a: Skeledirge\n|-supereffective|p1a: Skeledirge\n|-damage|p1a: Skeledirge|0 fnt\n|faint|p1a: Skeledirge\n|\n|-weather|Sandstorm|[upkeep]\n|-damage|p1b: Hitmontop|203/231|[from] Sandstorm\n|-heal|p2b: Hippowdon|205/326|[from] item: Leftovers\n|upkeep\n|\n|t:|1770942326\n|switch|p1a: Torkoal|Torkoal, L86, F|261/261\n|-weather|SunnyDay|[from] ability: Drought|[of] p1a: Torkoal\n|turn|8\n|inactive|chainzaw has 120 seconds left.\n|inactive|sshorts24 has 120 seconds left.\n|\n|t:|1770942352\n|switch|p1b: Swampert|Swampert, L82, M, tera:Steel|261/298\n|switch|p2b: Tauros|Tauros-Paldea-Aqua, L80, M|192/251\n|-ability|p2b: Tauros|Intimidate|boost\n|-unboost|p1a: Torkoal|atk|1\n|-unboost|p1b: Swampert|atk|1\n|move|p2a: Iron Treads|High Horsepower|p1a: Torkoal\n|-supereffective|p1a: Torkoal\n|-damage|p1a: Torkoal|111/261\n|-enditem|p1a: Torkoal|Sitrus Berry|[eat]\n|-heal|p1a: Torkoal|176/261|[from] item: Sitrus Berry\n|move|p1a: Torkoal|Heat Wave|p2a: Iron Treads|[spread] p2a,p2b\n|-supereffective|p2a: Iron Treads\n|-resisted|p2b: Tauros\n|-crit|p2b: Tauros\n|-damage|p2a: Iron Treads|0 fnt\n|-damage|p2b: Tauros|94/251\n|-status|p2b: Tauros|brn\n|faint|p2a: Iron Treads\n|-end|p2a: Iron Treads|Quark Drive|[silent]\n|\n|-weather|SunnyDay|[upkeep]\n|-damage|p2b: Tauros|79/251 brn|[from] brn\n|upkeep\n|\n|t:|1770942370\n|switch|p2a: Hippowdon|Hippowdon, L86, F|205/326\n|-weather|Sandstorm|[from] ability: Sand Stream|[of] p2a: Hippowdon\n|turn|9\n|inactive|chainzaw has 120 seconds left.\n|inactive|chainzaw has 90 seconds left.\n|\n|t:|1770942420\n|move|p1a: Torkoal|Protect|p1a: Torkoal\n|-singleturn|p1a: Torkoal|Protect\n|move|p2b: Tauros|Wave Crash|p1a: Torkoal\n|-activate|p1a: Torkoal|move: Protect\n|move|p1b: Swampert|Muddy Water|p2a: Hippowdon|[spread] p2a,p2b\n|-supereffective|p2a: Hippowdon\n|-resisted|p2b: Tauros\n|-damage|p2a: Hippowdon|59/326\n|-damage|p2b: Tauros|41/251 brn\n|move|p2a: Hippowdon|High Horsepower|p1a: Torkoal\n|-activate|p1a: Torkoal|move: Protect\n|\n|-weather|Sandstorm|[upkeep]\n|-damage|p2b: Tauros|26/251 brn|[from] Sandstorm\n|-damage|p1a: Torkoal|160/261|[from] Sandstorm\n|-heal|p2a: Hippowdon|79/326|[from] item: Leftovers\n|-damage|p2b: Tauros|11/251 brn|[from] brn\n|upkeep\n|turn|10\n|inactive|chainzaw has 90 seconds left.\n|\n|t:|1770942445\n|-terastallize|p2a: Hippowdon|Water\n|move|p2b: Tauros|Wave Crash|p1a: Torkoal\n|-supereffective|p1a: Torkoal\n|-damage|p1a: Torkoal|30/261\n|-damage|p2b: Tauros|0 fnt|[from] Recoil\n|faint|p2b: Tauros\n|move|p1b: Swampert|Muddy Water|p2a: Hippowdon\n|-resisted|p2a: Hippowdon\n|-damage|p2a: Hippowdon|29/326\n|move|p2a: Hippowdon|Slack Off|p2a: Hippowdon\n|-heal|p2a: Hippowdon|192/326\n|move|p1a: Torkoal|Heat Wave|p2a: Hippowdon\n|-resisted|p2a: Hippowdon\n|-damage|p2a: Hippowdon|138/326\n|\n|-weather|Sandstorm|[upkeep]\n|-damage|p2a: Hippowdon|118/326|[from] Sandstorm\n|-damage|p1a: Torkoal|14/261|[from] Sandstorm\n|-heal|p2a: Hippowdon|138/326|[from] item: Leftovers\n|upkeep\n|\n|t:|1770942463\n|switch|p2b: Iron Thorns|Iron Thorns, L82|298/298\n|turn|11\n|inactive|chainzaw has 90 seconds left.\n|\n|t:|1770942495\n|switch|p1a: Hitmontop|Hitmontop, L88, M|203/231\n|-ability|p1a: Hitmontop|Intimidate|boost\n|-unboost|p2a: Hippowdon|atk|1\n|-fail|p2b: Iron Thorns|unboost|[from] item: Clear Amulet|[of] p2b: Iron Thorns\n|move|p2b: Iron Thorns|High Horsepower|p1b: Swampert\n|-supereffective|p1b: Swampert\n|-damage|p1b: Swampert|105/298\n|move|p1b: Swampert|Flip Turn|p2b: Iron Thorns\n|-supereffective|p2b: Iron Thorns\n|-damage|p2b: Iron Thorns|212/298\n|\n|t:|1770942505\n|switch|p1b: Torkoal|Torkoal, L86, F|14/261|[from] Flip Turn\n|-weather|SunnyDay|[from] ability: Drought|[of] p1b: Torkoal\n|move|p2a: Hippowdon|High Horsepower|p1b: Torkoal\n|-supereffective|p1b: Torkoal\n|-damage|p1b: Torkoal|0 fnt\n|faint|p1b: Torkoal\n|\n|-weather|SunnyDay|[upkeep]\n|-heal|p2a: Hippowdon|158/326|[from] item: Leftovers\n|upkeep\n|\n|t:|1770942512\n|switch|p1b: Swampert|Swampert, L82, M, tera:Steel|105/298\n|turn|12\n|inactive|chainzaw has 90 seconds left.\n|\n|t:|1770942537\n|move|p1a: Hitmontop|Fake Out|p2b: Iron Thorns\n|-resisted|p2b: Iron Thorns\n|-damage|p2b: Iron Thorns|198/298\n|cant|p2b: Iron Thorns|flinch\n|move|p1b: Swampert|Muddy Water|p2a: Hippowdon|[spread] p2b\n|-miss|p1b: Swampert|p2a: Hippowdon\n|-supereffective|p2b: Iron Thorns\n|-damage|p2b: Iron Thorns|142/298\n|move|p2a: Hippowdon|High Horsepower|p1b: Swampert\n|-supereffective|p1b: Swampert\n|-damage|p1b: Swampert|0 fnt\n|faint|p1b: Swampert\n|\n|-weather|SunnyDay|[upkeep]\n|-heal|p2a: Hippowdon|178/326|[from] item: Leftovers\n|upkeep\n|turn|13\n|inactive|chainzaw has 90 seconds left.\n|\n|t:|1770942567\n|move|p1a: Hitmontop|Close Combat|p2a: Hippowdon\n|-damage|p2a: Hippowdon|75/326\n|-unboost|p1a: Hitmontop|def|1\n|-unboost|p1a: Hitmontop|spd|1\n|move|p2b: Iron Thorns|Wild Charge|p1a: Hitmontop\n|-damage|p1a: Hitmontop|35/231\n|-enditem|p1a: Hitmontop|Sitrus Berry|[eat]\n|-heal|p1a: Hitmontop|92/231|[from] item: Sitrus Berry\n|-damage|p2b: Iron Thorns|100/298|[from] Recoil\n|move|p2a: Hippowdon|High Horsepower|p1a: Hitmontop\n|-damage|p1a: Hitmontop|0 fnt\n|faint|p1a: Hitmontop\n|\n|win|chainzaw\n|raw|sshorts24's rating: 1772 &rarr; <strong>1747</strong><br />(-25 for losing)\n|raw|chainzaw's rating: 1682 &rarr; <strong>1707</strong><br />(+25 for winning)\n|c|☆sshorts24|last opponent using muddy water against me went 8/8 with 3 drops\n|c|☆sshorts24|i go 5/6 with 0 drops\n|l|☆sshorts24\n|player|p1|\n|c|☆chainzaw|damn lol\n", "inputlog": ">version ccdc32dd7cde25fd9e4bed64820e885f66e78a4e\n>start {\"formatid\":\"gen9randomdoublesbattle\",\"seed\":\"sodium,d420808e4e89a7606c6807824ee55590\",\"rated\":\"Rated battle\"}\n>player p1 {\"name\":\"sshorts24\",\"avatar\":\"clair\",\"rating\":1772,\"seed\":\"sodium,b47d65d888ff103ed02c6158e050338b\"}\n>player p2 {\"name\":\"chainzaw\",\"avatar\":\"2\",\"rating\":1682,\"seed\":\"sodium,4a2135f13f1ddb9472abe7636d9bb447\"}\n>p1 switch 4, move leafstorm +1\n>p2 switch 3, move ivycudgel +2\n>p1 move muddywater terastallize, switch 3\n>p2 switch 3, move powerwhip +1\n>p1 move flipturn +2, move fakeout +1\n>p2 move closecombat +1, move spikyshield\n>p1 switch 3, move closecombat +2\n>p2 move closecombat +1, move swordsdance\n>p1 switch 4, pass\n>p1 move suckerpunch +2, switch 5\n>p2 move closecombat +1, move ivycudgel +2\n>p1 switch 6, pass\n>p2 pass, switch 5\n>p1 move torchsong +1, switch 5\n>p2 switch 4, move highhorsepower +1\n>p2 switch 4, pass\n>p1 move torchsong +2, move fakeout +1\n>p2 switch 3, move highhorsepower +1\n>p1 switch 5, pass\n>p1 move heatwave, switch 3\n>p2 move highhorsepower +1, switch 3\n>p2 switch 3, pass\n>p1 move protect, move muddywater\n>p2 move highhorsepower +1, move wavecrash +1\n>p1 move heatwave, move muddywater\n>p2 move slackoff terastallize, move wavecrash +1\n>p2 pass, switch 6\n>p1 switch 3, move flipturn +2\n>p2 move highhorsepower +2, move highhorsepower +2\n>p1 pass, switch 3\n>p1 pass, switch 3\n>p1 move fakeout +2, move muddywater\n>p2 move highhorsepower +2, move highhorsepower +2\n>p1 move closecombat +1, pass\n>p2 move highhorsepower +1, move wildcharge +1", "uploadtime": 1770942598, "views": 77, "formatid": "gen9randomdoublesbattle", "rating": 1707, "private": 0, "password": null}