{"id": "gen9randomdoublesbattle-2535078499", "format": "[Gen 9] Random Doubles Battle", "players": ["fadi9", "Niklasmadness"], "log": "|j|☆fadi9\n|j|☆Niklasmadness\n|t:|1770511033\n|gametype|doubles\n|player|p1|fadi9|lyra-masters2|1979\n|player|p2|Niklasmadness|cynthia|1948\n|gen|9\n|tier|[Gen 9] Random Doubles Battle\n|rated|\n|rule|Species Clause: Limit one of each Pokémon\n|rule|HP Percentage Mod: HP is shown in percentages\n|rule|Illusion Level Mod: Illusion disguises the Pokémon's true level\n|rule|Sleep Clause Mod: Limit one foe put to sleep\n|\n|t:|1770511033\n|teamsize|p1|6\n|teamsize|p2|6\n|start\n|switch|p1a: Quagsire|Quagsire, L91, F|321/321\n|switch|p1b: Metagross|Metagross, L80|259/259\n|switch|p2a: Walking Wake|Walking Wake, L78|283/283\n|switch|p2b: Ho-Oh|Ho-Oh, L70|264/264\n|turn|1\n|inactive|Battle timer is ON: inactive players will automatically lose when time's up. (requested by Niklasmadness)\n|\n|t:|1770511050\n|move|p1b: Metagross|Protect|p1b: Metagross\n|-singleturn|p1b: Metagross|Protect\n|move|p2a: Walking Wake|Flamethrower|p1b: Metagross\n|-activate|p1b: Metagross|move: Protect\n|move|p2b: Ho-Oh|Tailwind|p2b: Ho-Oh\n|-sidestart|p2: Niklasmadness|move: Tailwind\n|move|p1a: Quagsire|Liquidation|p2b: Ho-Oh\n|-supereffective|p2b: Ho-Oh\n|-damage|p2b: Ho-Oh|48/264\n|-enditem|p2b: Ho-Oh|Sitrus Berry|[eat]\n|-heal|p2b: Ho-Oh|114/264|[from] item: Sitrus Berry\n|\n|upkeep\n|turn|2\n|\n|t:|1770511067\n|switch|p2b: Latias|Latias, L80, F|259/259\n|move|p2a: Walking Wake|Flamethrower|p1b: Metagross\n|-supereffective|p1b: Metagross\n|-damage|p1b: Metagross|63/259\n|-enditem|p1b: Metagross|Weakness Policy\n|-boost|p1b: Metagross|atk|2|[from] item: Weakness Policy\n|-boost|p1b: Metagross|spa|2|[from] item: Weakness Policy\n|move|p1b: Metagross|Psychic Fangs|p2a: Walking Wake\n|-damage|p2a: Walking Wake|66/283\n|move|p1a: Quagsire|Yawn|p2a: Walking Wake\n|-start|p2a: Walking Wake|move: Yawn|[of] p1a: Quagsire\n|\n|upkeep\n|turn|3\n|\n|t:|1770511091\n|-end|p2a: Walking Wake|Protosynthesis|[silent]\n|switch|p2a: Ninetales|Ninetales-Alola, L75, F|233/233\n|-weather|Snowscape|[from] ability: Snow Warning|[of] p2a: Ninetales\n|move|p1b: Metagross|Protect|p1b: Metagross\n|-singleturn|p1b: Metagross|Protect\n|move|p2b: Latias|Mist Ball|p1a: Quagsire\n|-damage|p1a: Quagsire|171/321\n|-unboost|p1a: Quagsire|spa|1\n|move|p1a: Quagsire|Yawn|p2b: Latias\n|-start|p2b: Latias|move: Yawn|[of] p1a: Quagsire\n|\n|-weather|Snowscape|[upkeep]\n|-heal|p1a: Quagsire|191/321|[from] item: Leftovers\n|upkeep\n|turn|4\n|\n|t:|1770511116\n|move|p2b: Latias|Aura Sphere|p1b: Metagross\n|-damage|p1b: Metagross|0 fnt\n|faint|p1b: Metagross\n|move|p2a: Ninetales|Aurora Veil|p2a: Ninetales\n|-sidestart|p2: Niklasmadness|move: Aurora Veil\n|move|p1a: Quagsire|High Horsepower|p2b: Latias\n|-immune|p2b: Latias|[from] ability: Levitate\n|\n|-weather|Snowscape|[upkeep]\n|-heal|p1a: Quagsire|211/321|[from] item: Leftovers\n|-end|p2b: Latias|move: Yawn|[silent]\n|-status|p2b: Latias|slp\n|-sideend|p2: Niklasmadness|move: Tailwind\n|upkeep\n|\n|t:|1770511125\n|switch|p1b: Bellibolt|Bellibolt, L81, F|309/309\n|turn|5\n|\n|t:|1770511135\n|cant|p2b: Latias|slp\n|move|p2a: Ninetales|Blizzard|p1a: Quagsire|[spread] p1a,p1b\n|-damage|p1a: Quagsire|145/321\n|-damage|p1b: Bellibolt|240/309\n|-start|p1b: Bellibolt|Charge|Blizzard|[from] ability: Electromorphosis\n|move|p1b: Bellibolt|Electroweb|p2a: Ninetales|[spread] p2a,p2b\n|-resisted|p2b: Latias\n|-damage|p2a: Ninetales|174/233\n|-damage|p2b: Latias|238/259 slp\n|-unboost|p2a: Ninetales|spe|1\n|-unboost|p2b: Latias|spe|1\n|-end|p1b: Bellibolt|Charge|[silent]\n|move|p1a: Quagsire|Liquidation|p2a: Ninetales\n|-damage|p2a: Ninetales|120/233\n|\n|-weather|Snowscape|[upkeep]\n|-heal|p1a: Quagsire|165/321|[from] item: Leftovers\n|upkeep\n|turn|6\n|\n|t:|1770511154\n|cant|p2b: Latias|slp\n|move|p2a: Ninetales|Aurora Veil||[still]\n|-fail|p2a: Ninetales\n|move|p1b: Bellibolt|Electroweb|p2b: Latias|[spread] p2a,p2b\n|-resisted|p2b: Latias\n|-damage|p2a: Ninetales|93/233\n|-damage|p2b: Latias|228/259 slp\n|-unboost|p2a: Ninetales|spe|1\n|-unboost|p2b: Latias|spe|1\n|move|p1a: Quagsire|High Horsepower|p2a: Ninetales\n|-damage|p2a: Ninetales|30/233\n|\n|-weather|Snowscape|[upkeep]\n|-heal|p1a: Quagsire|185/321|[from] item: Leftovers\n|upkeep\n|turn|7\n|\n|t:|1770511181\n|move|p1b: Bellibolt|Thunderbolt|p2a: Ninetales\n|-crit|p2a: Ninetales\n|-damage|p2a: Ninetales|0 fnt\n|faint|p2a: Ninetales\n|move|p1a: Quagsire|Recover|p1a: Quagsire\n|-heal|p1a: Quagsire|321/321\n|cant|p2b: Latias|slp\n|\n|-weather|none\n|upkeep\n|\n|t:|1770511196\n|switch|p2a: Ho-Oh|Ho-Oh, L70|202/264\n|turn|8\n|\n|t:|1770511204\n|move|p2a: Ho-Oh|Tailwind|p2a: Ho-Oh\n|-sidestart|p2: Niklasmadness|move: Tailwind\n|-curestatus|p2b: Latias|slp|[msg]\n|move|p2b: Latias|Mist Ball|p1b: Bellibolt\n|-crit|p1b: Bellibolt\n|-damage|p1b: Bellibolt|30/309\n|-start|p1b: Bellibolt|Charge|Mist Ball|[from] ability: Electromorphosis\n|-enditem|p1b: Bellibolt|Sitrus Berry|[eat]\n|-heal|p1b: Bellibolt|107/309|[from] item: Sitrus Berry\n|move|p1b: Bellibolt|Thunderbolt|p2a: Ho-Oh\n|-supereffective|p2a: Ho-Oh\n|-damage|p2a: Ho-Oh|1/264\n|-end|p1b: Bellibolt|Charge|[silent]\n|move|p1a: Quagsire|Liquidation|p2a: Ho-Oh\n|-supereffective|p2a: Ho-Oh\n|-damage|p2a: Ho-Oh|0 fnt\n|faint|p2a: Ho-Oh\n|\n|upkeep\n|\n|t:|1770511229\n|switch|p2a: Rhydon|Rhydon, L86, F|321/321\n|turn|9\n|\n|t:|1770511247\n|-terastallize|p2a: Rhydon|Flying\n|move|p2a: Rhydon|Stealth Rock|p1b: Bellibolt\n|-sidestart|p1: fadi9|move: Stealth Rock\n|move|p2b: Latias|Mist Ball|p1b: Bellibolt\n|-damage|p1b: Bellibolt|0 fnt\n|faint|p1b: Bellibolt\n|move|p1a: Quagsire|Yawn|p2b: Latias\n|-start|p2b: Latias|move: Yawn|[of] p1a: Quagsire\n|\n|upkeep\n|\n|t:|1770511258\n|switch|p1b: Palossand|Palossand, L90, M|299/299\n|-damage|p1b: Palossand|281/299|[from] Stealth Rock\n|turn|10\n|\n|t:|1770511274\n|switch|p2b: Probopass|Probopass, L90, F|254/254\n|move|p2a: Rhydon|High Horsepower|p1b: Palossand\n|-damage|p1b: Palossand|178/299\n|move|p1a: Quagsire|Liquidation|p2a: Rhydon\n|-damage|p2a: Rhydon|288/321\n|move|p1b: Palossand|Shadow Ball|p2b: Probopass\n|-damage|p2b: Probopass|215/254\n|\n|-heal|p1b: Palossand|196/299|[from] item: Leftovers\n|upkeep\n|turn|11\n|\n|t:|1770511295\n|switch|p2b: Latias|Latias, L80, F|228/259\n|move|p2a: Rhydon|High Horsepower|p1b: Palossand\n|-damage|p1b: Palossand|82/299\n|move|p1a: Quagsire|High Horsepower|p2b: Latias\n|-immune|p2b: Latias|[from] ability: Levitate\n|move|p1b: Palossand|Shadow Ball|p2b: Latias\n|-supereffective|p2b: Latias\n|-damage|p2b: Latias|128/259\n|\n|-heal|p1b: Palossand|100/299|[from] item: Leftovers\n|-sideend|p2: Niklasmadness|move: Tailwind\n|-sideend|p2: Niklasmadness|move: Aurora Veil\n|upkeep\n|turn|12\n|\n|t:|1770511319\n|move|p1b: Palossand|Protect|p1b: Palossand\n|-singleturn|p1b: Palossand|Protect\n|move|p2b: Latias|Mist Ball|p1b: Palossand\n|-activate|p1b: Palossand|move: Protect\n|move|p2a: Rhydon|High Horsepower|p1a: Quagsire\n|-damage|p1a: Quagsire|201/321\n|move|p1a: Quagsire|Yawn|p2b: Latias\n|-start|p2b: Latias|move: Yawn|[of] p1a: Quagsire\n|\n|-heal|p1a: Quagsire|221/321|[from] item: Leftovers\n|-heal|p1b: Palossand|118/299|[from] item: Leftovers\n|upkeep\n|turn|13\n|\n|t:|1770511346\n|move|p2b: Latias|Mist Ball|p1b: Palossand\n|-damage|p1b: Palossand|0 fnt\n|faint|p1b: Palossand\n|move|p2a: Rhydon|High Horsepower|p1a: Quagsire\n|-damage|p1a: Quagsire|100/321\n|move|p1a: Quagsire|Recover|p1a: Quagsire\n|-heal|p1a: Quagsire|261/321\n|\n|-heal|p1a: Quagsire|281/321|[from] item: Leftovers\n|-end|p2b: Latias|move: Yawn|[silent]\n|-status|p2b: Latias|slp\n|upkeep\n|\n|t:|1770511353\n|switch|p1b: Walking Wake|Walking Wake, L78|283/283\n|-damage|p1b: Walking Wake|248/283|[from] Stealth Rock\n|turn|14\n|\n|t:|1770511370\n|switch|p2b: Probopass|Probopass, L90, F|215/254\n|move|p1b: Walking Wake|Hydro Pump|p2a: Rhydon|[miss]\n|-miss|p1b: Walking Wake|p2a: Rhydon\n|move|p2a: Rhydon|High Horsepower|p1b: Walking Wake\n|-damage|p1b: Walking Wake|109/283\n|move|p1a: Quagsire|Liquidation|p2a: Rhydon\n|-damage|p2a: Rhydon|243/321\n|-unboost|p2a: Rhydon|def|1\n|\n|-heal|p1a: Quagsire|301/321|[from] item: Leftovers\n|upkeep\n|turn|15\n|\n|t:|1770511389\n|switch|p2b: Walking Wake|Walking Wake, L78|66/283\n|move|p1b: Walking Wake|Hydro Pump|p2a: Rhydon|[miss]\n|-miss|p1b: Walking Wake|p2a: Rhydon\n|move|p2a: Rhydon|High Horsepower|p1b: Walking Wake\n|-damage|p1b: Walking Wake|0 fnt\n|faint|p1b: Walking Wake\n|-end|p1b: Walking Wake|Protosynthesis|[silent]\n|move|p1a: Quagsire|High Horsepower|p2b: Walking Wake\n|-damage|p2b: Walking Wake|0 fnt\n|faint|p2b: Walking Wake\n|-end|p2b: Walking Wake|Protosynthesis|[silent]\n|\n|-heal|p1a: Quagsire|321/321|[from] item: Leftovers\n|upkeep\n|c|☆fadi9|Bro\n|\n|t:|1770511404\n|switch|p1b: Raging Bolt|Raging Bolt, L77|319/319\n|switch|p2b: Probopass|Probopass, L90, F|215/254\n|-damage|p1b: Raging Bolt|280/319|[from] Stealth Rock\n|turn|16\n|\n|t:|1770511424\n|-terastallize|p1b: Raging Bolt|Grass\n|move|p1b: Raging Bolt|Calm Mind|p1b: Raging Bolt\n|-boost|p1b: Raging Bolt|spa|1\n|-boost|p1b: Raging Bolt|spd|1\n|move|p2b: Probopass|Body Press|p1a: Quagsire\n|-damage|p1a: Quagsire|239/321\n|move|p2a: Rhydon|High Horsepower|p1a: Quagsire\n|-damage|p1a: Quagsire|103/321\n|move|p1a: Quagsire|High Horsepower|p2b: Probopass\n|-supereffective|p2b: Probopass\n|-damage|p2b: Probopass|0 fnt\n|faint|p2b: Probopass\n|\n|-heal|p1b: Raging Bolt|299/319|[from] item: Leftovers\n|-heal|p1a: Quagsire|123/321|[from] item: Leftovers\n|upkeep\n|\n|t:|1770511438\n|switch|p2b: Latias|Latias, L80, F|128/259 slp\n|turn|17\n|\n|t:|1770511444\n|cant|p2b: Latias|slp\n|move|p1b: Raging Bolt|Dragon Pulse|p2b: Latias\n|-supereffective|p2b: Latias\n|-damage|p2b: Latias|0 fnt\n|faint|p2b: Latias\n|move|p2a: Rhydon|High Horsepower|p1a: Quagsire\n|-crit|p1a: Quagsire\n|-damage|p1a: Quagsire|0 fnt\n|faint|p1a: Quagsire\n|\n|-heal|p1b: Raging Bolt|318/319|[from] item: Leftovers\n|upkeep\n|turn|18\n|\n|t:|1770511455\n|move|p1b: Raging Bolt|Dragon Pulse|p2a: Rhydon\n|-damage|p2a: Rhydon|98/321\n|move|p2a: Rhydon|Stone Edge|p1b: Raging Bolt\n|-damage|p1b: Raging Bolt|162/319\n|\n|-heal|p1b: Raging Bolt|181/319|[from] item: Leftovers\n|upkeep\n|turn|19\n|\n|t:|1770511462\n|move|p1b: Raging Bolt|Dragon Pulse|p2a: Rhydon\n|-damage|p2a: Rhydon|0 fnt\n|faint|p2a: Rhydon\n|\n|win|fadi9\n|raw|fadi9's rating: 1979 &rarr; <strong>1997</strong><br />(+18 for winning)\n|raw|Niklasmadness's rating: 1948 &rarr; <strong>1930</strong><br />(-18 for losing)\n|l|☆Niklasmadness\n|player|p2|\n|c|☆fadi9|Payback for screwing around with the hydro pumps\n|c|☆fadi9|I'm stronger I'm smarter I'm better I am better\n", "inputlog": ">version ccdc32dd7cde25fd9e4bed64820e885f66e78a4e\n>start {\"formatid\":\"gen9randomdoublesbattle\",\"seed\":\"sodium,188ca40739457605e899f6c05b3e7198\",\"rated\":\"Rated battle\"}\n>player p1 {\"name\":\"fadi9\",\"avatar\":\"lyra-masters2\",\"rating\":1979,\"seed\":\"sodium,aad9504959fcda9cb37dffabb9b6094b\"}\n>player p2 {\"name\":\"Niklasmadness\",\"avatar\":\"cynthia\",\"rating\":1948,\"seed\":\"sodium,58468ead98c1cf512e452a3a600382c0\"}\n>p1 move liquidation +2, move protect\n>p2 move flamethrower +2, move tailwind\n>p1 move yawn +1, move psychicfangs +1\n>p2 move flamethrower +2, switch 6\n>p1 move yawn +2, move protect\n>p2 switch 3, move mistball +1\n>p1 move highhorsepower +2, move heavyslam +1\n>p2 move auroraveil, move aurasphere +2\n>p1 pass, switch 6\n>p1 move liquidation +1, move electroweb\n>p2 move blizzard, move mistball +2\n>p1 move highhorsepower +1, move electroweb\n>p2 move auroraveil, move mistball +2\n>p1 move recover, move thunderbolt +1\n>p2 move blizzard, move mistball +2\n>p2 switch 6, pass\n>p1 move liquidation +1, move thunderbolt +1\n>p2 move tailwind, move mistball +2\n>p2 switch 5, pass\n>p1 move yawn +2, move muddywater\n>p2 move stealthrock terastallize, move mistball +2\n>p1 pass, switch 4\n>p1 move liquidation +1, move shadowball +2\n>p2 move highhorsepower +2, switch 4\n>p1 move highhorsepower +2, move shadowball +2\n>p2 move highhorsepower +2, switch 4\n>p1 move yawn +2, move protect\n>p2 move highhorsepower +1, move mistball +2\n>p1 move recover, move shadowball +1\n>p2 move highhorsepower +2, move mistball +2\n>p1 pass, switch 5\n>p1 move liquidation +1, move hydropump +1\n>p2 move highhorsepower +2, switch 4\n>p1 move highhorsepower +2, move hydropump +1\n>p2 move highhorsepower +2, switch 3\n>chat ☆fadi9|Bro\n>p1 pass, switch 3\n>p2 pass, switch 3\n>p1 move highhorsepower +2, move calmmind terastallize\n>p2 move highhorsepower +1, move bodypress +1\n>p2 pass, switch 4\n>p1 move recover, move dragonpulse +2\n>p2 move highhorsepower +1, move mistball +1\n>p1 pass, move dragonpulse +1\n>p2 move stoneedge +2, pass\n>p1 pass, move dragonpulse +1\n>p2 move stoneedge +2, pass", "uploadtime": 1770511482, "views": 100, "formatid": "gen9randomdoublesbattle", "rating": 1930, "private": 0, "password": null}