{"id": "gen9randomdoublesbattle-2540925953", "format": "[Gen 9] Random Doubles Battle", "players": ["baseballlover", "had2doit2em"], "log": "|j|☆baseballlover\n|j|☆had2doit2em\n|t:|1771267787\n|gametype|doubles\n|player|p1|baseballlover|265|1646\n|player|p2|had2doit2em|linebacker|1696\n|gen|9\n|tier|[Gen 9] Random Doubles Battle\n|rated|\n|rule|Species Clause: Limit one of each Pokémon\n|rule|HP Percentage Mod: HP is shown in percentages\n|rule|Illusion Level Mod: Illusion disguises the Pokémon's true level\n|rule|Sleep Clause Mod: Limit one foe put to sleep\n|\n|t:|1771267787\n|teamsize|p1|6\n|teamsize|p2|6\n|start\n|switch|p1a: Ribombee|Ribombee, L86, M|243/243\n|switch|p1b: Sinistcha|Sinistcha, L81|248/248\n|switch|p2a: Swanna|Swanna, L87, M|272/272\n|switch|p2b: Darkrai|Darkrai, L80|243/243\n|turn|1\n|inactive|Battle timer is ON: inactive players will automatically lose when time's up. (requested by had2doit2em)\n|inactive|baseballlover also wants the timer to be on.\n|inactive|had2doit2em has 120 seconds left.\n|\n|t:|1771267817\n|switch|p1b: Vikavolt|Vikavolt, L84, F|267/267\n|move|p1a: Ribombee|Tailwind|p1a: Ribombee\n|-sidestart|p1: baseballlover|move: Tailwind\n|move|p2b: Darkrai|Dark Pulse|p1b: Vikavolt\n|-damage|p1b: Vikavolt|106/267\n|-enditem|p1b: Vikavolt|Sitrus Berry|[eat]\n|-heal|p1b: Vikavolt|172/267|[from] item: Sitrus Berry\n|-damage|p2b: Darkrai|219/243|[from] item: Life Orb\n|move|p2a: Swanna|Brave Bird|p1a: Ribombee\n|-supereffective|p1a: Ribombee\n|-damage|p1a: Ribombee|0 fnt\n|faint|p1a: Ribombee\n|-damage|p2a: Swanna|192/272|[from] Recoil\n|-damage|p2a: Swanna|165/272|[from] item: Life Orb\n|\n|upkeep\n|\n|t:|1771267840\n|switch|p1a: Cinccino|Cinccino, L85, F|266/266\n|turn|2\n|\n|t:|1771267854\n|switch|p2a: Pachirisu|Pachirisu, L93, F|262/262\n|move|p1a: Cinccino|Tail Slap|p2b: Darkrai\n|-damage|p2b: Darkrai|180/243\n|-damage|p2b: Darkrai|141/243\n|-damage|p2b: Darkrai|101/243\n|-damage|p2b: Darkrai|61/243\n|-damage|p2b: Darkrai|22/243\n|-hitcount|p2b: Darkrai|5\n|move|p2b: Darkrai|Dark Pulse|p1b: Vikavolt\n|-damage|p1b: Vikavolt|28/267\n|-damage|p2b: Darkrai|0 fnt|[from] item: Life Orb\n|faint|p2b: Darkrai\n|move|p1b: Vikavolt|Sticky Web|p2a: Pachirisu\n|-sidestart|p2: had2doit2em|move: Sticky Web\n|\n|upkeep\n|\n|t:|1771267870\n|switch|p2b: Cetitan|Cetitan, L83, M|418/418\n|-activate|p2b: Cetitan|move: Sticky Web\n|-unboost|p2b: Cetitan|spe|1\n|turn|3\n|\n|t:|1771267879\n|switch|p1b: Dusknoir|Dusknoir, L89, M|225/225\n|-item|p2a: Pachirisu|Sitrus Berry|[from] ability: Frisk|[of] p1b: Dusknoir\n|-item|p2b: Cetitan|Life Orb|[from] ability: Frisk|[of] p1b: Dusknoir\n|move|p2b: Cetitan|Ice Shard|p1b: Dusknoir\n|-crit|p1b: Dusknoir\n|-damage|p1b: Dusknoir|157/225\n|-damage|p2b: Cetitan|377/418|[from] item: Life Orb\n|move|p1a: Cinccino|Tail Slap|p2a: Pachirisu\n|-damage|p2a: Pachirisu|220/262\n|-damage|p2a: Pachirisu|177/262\n|-damage|p2a: Pachirisu|134/262\n|-damage|p2a: Pachirisu|92/262\n|-enditem|p2a: Pachirisu|Sitrus Berry|[eat]\n|-heal|p2a: Pachirisu|157/262|[from] item: Sitrus Berry\n|-hitcount|p2a: Pachirisu|4\n|move|p2a: Pachirisu|Nuzzle|p1a: Cinccino\n|-damage|p1a: Cinccino|247/266\n|-status|p1a: Cinccino|par\n|\n|upkeep\n|turn|4\n|inactive|baseballlover has 120 seconds left.\n|\n|t:|1771267912\n|move|p2a: Pachirisu|Follow Me|p2a: Pachirisu\n|-singleturn|p2a: Pachirisu|move: Follow Me\n|move|p1a: Cinccino|Tail Slap|p2a: Pachirisu\n|-damage|p2a: Pachirisu|115/262\n|-damage|p2a: Pachirisu|70/262\n|-damage|p2a: Pachirisu|24/262\n|-damage|p2a: Pachirisu|0 fnt\n|faint|p2a: Pachirisu\n|-hitcount|p2: Pachirisu|4\n|move|p1b: Dusknoir|Poltergeist|p2b: Cetitan\n|-activate|p2b: Cetitan|move: Poltergeist|Life Orb\n|-damage|p2b: Cetitan|147/418\n|-damage|p1b: Dusknoir|135/225|[from] item: Life Orb\n|move|p2b: Cetitan|Icicle Crash|p1a: Cinccino\n|-damage|p1a: Cinccino|23/266 par\n|\n|-sideend|p1: baseballlover|move: Tailwind\n|upkeep\n|\n|t:|1771267928\n|switch|p2a: Oranguru|Oranguru, L90, M|308/308\n|-activate|p2a: Oranguru|move: Sticky Web\n|-unboost|p2a: Oranguru|spe|1\n|turn|5\n|\n|t:|1771267953\n|move|p2b: Cetitan|Ice Shard|p1a: Cinccino\n|-damage|p1a: Cinccino|0 fnt\n|faint|p1a: Cinccino\n|-damage|p2b: Cetitan|106/418|[from] item: Life Orb\n|move|p1b: Dusknoir|Poltergeist|p2b: Cetitan|[miss]\n|-miss|p1b: Dusknoir|p2b: Cetitan\n|move|p2a: Oranguru|Psychic|p1b: Dusknoir\n|-damage|p1b: Dusknoir|60/225\n|\n|upkeep\n|inactive|baseballlover has 120 seconds left.\n|\n|t:|1771267968\n|switch|p1a: Sinistcha|Sinistcha, L81|248/248\n|-heal|p1b: Dusknoir|116/225|[from] ability: Hospitality|[of] p1a: Sinistcha\n|turn|6\n|\n|t:|1771267986\n|switch|p2b: Komala|Komala, L92, M|269/269\n|-activate|p2b: Komala|move: Sticky Web\n|-unboost|p2b: Komala|spe|1\n|-ability|p2b: Komala|Comatose\n|move|p1a: Sinistcha|Matcha Gotcha|p2b: Komala|[spread] p2a,p2b\n|-damage|p2a: Oranguru|248/308\n|-damage|p2b: Komala|208/269\n|-status|p2a: Oranguru|brn\n|move|p1b: Dusknoir|Leech Life|p2a: Oranguru\n|-supereffective|p2a: Oranguru\n|-damage|p2a: Oranguru|76/308 brn\n|-heal|p1b: Dusknoir|202/225|[from] drain|[of] p2a: Oranguru\n|-enditem|p2a: Oranguru|Sitrus Berry|[eat]\n|-heal|p2a: Oranguru|153/308 brn|[from] item: Sitrus Berry\n|-damage|p1b: Dusknoir|180/225|[from] item: Life Orb\n|move|p2a: Oranguru|Psychic|p1b: Dusknoir\n|-damage|p1b: Dusknoir|111/225\n|\n|-damage|p2a: Oranguru|134/308 brn|[from] brn\n|upkeep\n|turn|7\n|inactive|had2doit2em has 120 seconds left.\n|\n|t:|1771268029\n|move|p2b: Komala|Wood Hammer|p1b: Dusknoir\n|-crit|p1b: Dusknoir\n|-damage|p1b: Dusknoir|0 fnt\n|faint|p1b: Dusknoir\n|-damage|p2b: Komala|171/269|[from] Recoil\n|move|p1a: Sinistcha|Matcha Gotcha|p2b: Komala|[spread] p2a,p2b\n|-damage|p2a: Oranguru|73/308 brn\n|-damage|p2b: Komala|114/269\n|move|p2a: Oranguru|Psychic|p1a: Sinistcha\n|-damage|p1a: Sinistcha|139/248\n|\n|-damage|p2a: Oranguru|54/308 brn|[from] brn\n|upkeep\n|inactive|baseballlover has 120 seconds left.\n|\n|t:|1771268055\n|switch|p1b: Vikavolt|Vikavolt, L84, F|28/267\n|turn|8\n|inactive|had2doit2em has 120 seconds left.\n|\n|t:|1771268092\n|move|p2b: Komala|Wood Hammer|p1b: Vikavolt\n|-resisted|p1b: Vikavolt\n|-damage|p1b: Vikavolt|0 fnt\n|faint|p1b: Vikavolt\n|-damage|p2b: Komala|105/269|[from] Recoil\n|move|p1a: Sinistcha|Matcha Gotcha|p2b: Komala|[spread] p2a,p2b\n|-damage|p2a: Oranguru|0 fnt\n|-heal|p1a: Sinistcha|166/248|[from] drain|[of] p2a: Oranguru\n|-damage|p2b: Komala|39/269\n|-heal|p1a: Sinistcha|199/248|[from] drain|[of] p2b: Komala\n|faint|p2a: Oranguru\n|\n|upkeep\n|inactive|baseballlover has 120 seconds left.\n|\n|t:|1771268107\n|switch|p1b: Garchomp|Garchomp, L77, M|293/293\n|switch|p2a: Swanna|Swanna, L87, M|165/272\n|turn|9\n|inactive|had2doit2em has 120 seconds left.\n|\n|t:|1771268128\n|move|p2a: Swanna|Protect|p2a: Swanna\n|-singleturn|p2a: Swanna|Protect\n|move|p1b: Garchomp|Scale Shot|p2a: Swanna\n|-activate|p2a: Swanna|move: Protect\n|move|p2b: Komala|Wood Hammer|p1b: Garchomp\n|-damage|p1b: Garchomp|172/293\n|-damage|p2b: Komala|6/269|[from] ability: Rough Skin|[of] p1b: Garchomp\n|-damage|p2b: Komala|0 fnt|[from] Recoil\n|faint|p2b: Komala\n|move|p1a: Sinistcha|Matcha Gotcha|p2a: Swanna\n|-activate|p2a: Swanna|move: Protect\n|\n|upkeep\n|\n|t:|1771268134\n|switch|p2b: Cetitan|Cetitan, L83, M|106/418\n|-activate|p2b: Cetitan|move: Sticky Web\n|-unboost|p2b: Cetitan|spe|1\n|turn|10\n|\n|t:|1771268147\n|-terastallize|p1b: Garchomp|Fire\n|move|p2b: Cetitan|Protect|p2b: Cetitan\n|-singleturn|p2b: Cetitan|Protect\n|move|p2a: Swanna|Brave Bird|p1a: Sinistcha\n|-supereffective|p1a: Sinistcha\n|-damage|p1a: Sinistcha|0 fnt\n|-damage|p2a: Swanna|120/272|[from] item: Rocky Helmet|[of] p1a: Sinistcha\n|faint|p1a: Sinistcha\n|-damage|p2a: Swanna|54/272|[from] Recoil\n|-damage|p2a: Swanna|27/272|[from] item: Life Orb\n|move|p1b: Garchomp|Scale Shot|p2a: Swanna\n|-damage|p2a: Swanna|0 fnt\n|faint|p2a: Swanna\n|-hitcount|p2: Swanna|1\n|-unboost|p1b: Garchomp|def|1\n|-boost|p1b: Garchomp|spe|1\n|\n|upkeep\n|turn|11\n|\n|t:|1771268162\n|-terastallize|p2b: Cetitan|Water\n|move|p1b: Garchomp|Earthquake|p2b: Cetitan\n|-damage|p2b: Cetitan|0 fnt\n|faint|p2b: Cetitan\n|\n|win|baseballlover\n|raw|baseballlover's rating: 1646 &rarr; <strong>1669</strong><br />(+23 for winning)\n|raw|had2doit2em's rating: 1696 &rarr; <strong>1673</strong><br />(-23 for losing)\n", "inputlog": ">version 686819e5e19f8a7fd2345cfc5a08a5085efa2cc3\n>start {\"formatid\":\"gen9randomdoublesbattle\",\"seed\":\"sodium,27ebd388815e320321eac93467cd44ff\",\"rated\":\"Rated battle\"}\n>player p1 {\"name\":\"baseballlover\",\"avatar\":\"265\",\"rating\":1646,\"seed\":\"sodium,a94b3386516d4d25d75cef825eb7c86e\"}\n>player p2 {\"name\":\"had2doit2em\",\"avatar\":\"linebacker\",\"rating\":1696,\"seed\":\"sodium,2d9ad49bc1d4a719b75c734219687955\"}\n>p1 move tailwind, switch 4\n>p2 move bravebird +1, move darkpulse +2\n>p1 switch 3, pass\n>p1 move tailslap +2, move stickyweb\n>p2 switch 6, move darkpulse +2\n>p2 pass, switch 5\n>p1 move tailslap +1, switch 5\n>p2 move nuzzle +1, move iceshard +2\n>p1 move tailslap +1, move poltergeist +2\n>p2 move followme, move iciclecrash +1\n>p2 switch 3, pass\n>p1 move knockoff +1, move poltergeist +2\n>p2 move psychic +2, move iceshard +1\n>p1 switch 4, pass\n>p1 move matchagotcha, move leechlife +1\n>p2 move psychic +2, switch 4\n>p1 move matchagotcha, move leechlife +1\n>p2 move psychic +1, move woodhammer +2\n>p1 pass, switch 5\n>p1 move matchagotcha, move thunderbolt +2\n>p2 move psychic +1, move woodhammer +2\n>p1 pass, switch 6\n>p2 switch 6, pass\n>p1 move matchagotcha, move scaleshot +1\n>p2 move protect, move woodhammer +2\n>p2 pass, switch 4\n>p1 move matchagotcha, move scaleshot +1 terastallize\n>p2 move bravebird +1, move protect\n>p1 pass, move earthquake\n>p2 pass, move liquidation +2 terastallize", "uploadtime": 1771268163, "views": 1, "formatid": "gen9randomdoublesbattle", "rating": 1669, "private": 0, "password": null}