{"id": "gen9randomdoublesbattle-2537323916", "format": "[Gen 9] Random Doubles Battle", "players": ["LazzarinoCominazzo", "reloading"], "log": "|j|☆LazzarinoCominazzo\n|j|☆reloading\n|t:|1770798011\n|gametype|doubles\n|player|p1|LazzarinoCominazzo|102|1740\n|player|p2|reloading|170|1806\n|gen|9\n|tier|[Gen 9] Random Doubles Battle\n|rated|\n|rule|Species Clause: Limit one of each Pokémon\n|rule|HP Percentage Mod: HP is shown in percentages\n|rule|Illusion Level Mod: Illusion disguises the Pokémon's true level\n|rule|Sleep Clause Mod: Limit one foe put to sleep\n|\n|t:|1770798011\n|teamsize|p1|6\n|teamsize|p2|6\n|start\n|switch|p1a: Pelipper|Pelipper, L83, M|235/235\n|switch|p1b: Primarina|Primarina, L79, F|256/256\n|switch|p2a: Swampert|Swampert, L82, F|298/298\n|switch|p2b: Grumpig|Grumpig, L91, M|293/293\n|-weather|RainDance|[from] ability: Drizzle|[of] p1a: Pelipper\n|turn|1\n|inactive|Battle timer is ON: inactive players will automatically lose when time's up. (requested by LazzarinoCominazzo)\n|\n|t:|1770798042\n|move|p2b: Grumpig|Nasty Plot|p2b: Grumpig\n|-boost|p2b: Grumpig|spa|2\n|move|p1a: Pelipper|Tailwind|p1a: Pelipper\n|-sidestart|p1: LazzarinoCominazzo|move: Tailwind\n|move|p1b: Primarina|Hyper Voice|p2a: Swampert|[spread] p2a,p2b\n|-damage|p2a: Swampert|180/298\n|-damage|p2b: Grumpig|167/293\n|move|p2a: Swampert|Muddy Water|p1b: Primarina|[spread] p1a,p1b\n|-resisted|p1a: Pelipper\n|-resisted|p1b: Primarina\n|-damage|p1a: Pelipper|179/235\n|-damage|p1b: Primarina|219/256\n|\n|-weather|RainDance|[upkeep]\n|upkeep\n|turn|2\n|\n|t:|1770798056\n|-terastallize|p1b: Primarina|Water\n|move|p2b: Grumpig|Protect|p2b: Grumpig\n|-singleturn|p2b: Grumpig|Protect\n|move|p1a: Pelipper|Muddy Water|p2b: Grumpig|[spread] p2a\n|-activate|p2b: Grumpig|move: Protect\n|-damage|p2a: Swampert|114/298\n|-unboost|p2a: Swampert|accuracy|1\n|move|p1b: Primarina|Hyper Voice|p2b: Grumpig|[spread] p2a\n|-activate|p2b: Grumpig|move: Protect\n|-damage|p2a: Swampert|0 fnt\n|faint|p2a: Swampert\n|\n|-weather|RainDance|[upkeep]\n|upkeep\n|\n|t:|1770798069\n|switch|p2a: Sableye|Sableye, L92, F|241/241\n|turn|3\n|\n|t:|1770798078\n|switch|p1b: Volbeat|Volbeat, L82, M|241/241\n|move|p2a: Sableye|Fake Out|p1b: Volbeat\n|-damage|p1b: Volbeat|211/241\n|move|p1a: Pelipper|Hurricane|p2b: Grumpig\n|-damage|p2b: Grumpig|74/293\n|-start|p2b: Grumpig|confusion\n|-activate|p2b: Grumpig|confusion\n|-damage|p2b: Grumpig|60/293|[from] confusion\n|\n|-weather|RainDance|[upkeep]\n|upkeep\n|turn|4\n|inactive|reloading has 120 seconds left.\n|\n|t:|1770798108\n|-end|p2b: Grumpig|confusion\n|move|p2b: Grumpig|Protect|p2b: Grumpig\n|-singleturn|p2b: Grumpig|Protect\n|move|p2a: Sableye|Thunder Wave|p1a: Pelipper\n|-status|p1a: Pelipper|par\n|move|p1b: Volbeat|Lunge|p2b: Grumpig\n|-activate|p2b: Grumpig|move: Protect\n|move|p1a: Pelipper|Muddy Water|p2a: Sableye|[spread] p2a\n|-activate|p2b: Grumpig|move: Protect\n|-damage|p2a: Sableye|120/241\n|-enditem|p2a: Sableye|Sitrus Berry|[eat]\n|-heal|p2a: Sableye|180/241|[from] item: Sitrus Berry\n|\n|-weather|RainDance|[upkeep]\n|-sideend|p1: LazzarinoCominazzo|move: Tailwind\n|upkeep\n|turn|5\n|\n|t:|1770798130\n|move|p2a: Sableye|Thunder Wave|p1b: Volbeat\n|-status|p1b: Volbeat|par\n|move|p2b: Grumpig|Psychic|p1b: Volbeat\n|-damage|p1b: Volbeat|0 fnt\n|faint|p1b: Volbeat\n|-damage|p2b: Grumpig|31/293|[from] item: Life Orb\n|move|p1a: Pelipper|Muddy Water|p2a: Sableye|[spread] p2a,p2b\n|-damage|p2a: Sableye|60/241\n|-damage|p2b: Grumpig|0 fnt\n|faint|p2b: Grumpig\n|\n|-weather|none\n|upkeep\n|inactive|reloading has 120 seconds left.\n|\n|t:|1770798146\n|switch|p2b: Copperajah|Copperajah, L86, F|350/350\n|switch|p1b: Camerupt|Camerupt, L88, F|266/266\n|turn|6\n|\n|t:|1770798161\n|switch|p1a: Articuno|Articuno-Galar, L82|282/282\n|-terastallize|p2b: Copperajah|Rock\n|move|p2a: Sableye|Foul Play|p1b: Camerupt\n|-damage|p1b: Camerupt|169/266\n|move|p1b: Camerupt|Will-O-Wisp|p2b: Copperajah\n|-status|p2b: Copperajah|brn\n|move|p2b: Copperajah|Rock Slide|p1b: Camerupt|[spread] p1a,p1b\n|-supereffective|p1a: Articuno\n|-damage|p1a: Articuno|146/282\n|-damage|p1b: Camerupt|91/266\n|-enditem|p1b: Camerupt|Sitrus Berry|[eat]\n|-heal|p1b: Camerupt|157/266|[from] item: Sitrus Berry\n|\n|-damage|p2b: Copperajah|329/350 brn|[from] brn\n|upkeep\n|turn|7\n|\n|t:|1770798181\n|move|p1a: Articuno|Protect|p1a: Articuno\n|-singleturn|p1a: Articuno|Protect\n|move|p2a: Sableye|Encore|p1b: Camerupt\n|-start|p1b: Camerupt|Encore\n|move|p1b: Camerupt|Will-O-Wisp|p2b: Copperajah\n|-fail|p2b: Copperajah|brn\n|move|p2b: Copperajah|Rock Slide|p1a: Articuno|[spread] p1b\n|-activate|p1a: Articuno|move: Protect\n|-damage|p1b: Camerupt|86/266\n|\n|-damage|p2b: Copperajah|308/350 brn|[from] brn\n|upkeep\n|turn|8\n|\n|t:|1770798201\n|switch|p1b: Zekrom|Zekrom, L74|270/270\n|-ability|p1b: Zekrom|Teravolt\n|move|p2a: Sableye|Thunder Wave|p1a: Articuno\n|-status|p1a: Articuno|par\n|cant|p1a: Articuno|par\n|move|p2b: Copperajah|Rock Slide|p1a: Articuno|[spread] p1a,p1b\n|-supereffective|p1a: Articuno\n|-damage|p1a: Articuno|0 fnt\n|-damage|p1b: Zekrom|214/270\n|faint|p1a: Articuno\n|\n|-damage|p2b: Copperajah|287/350 brn|[from] brn\n|upkeep\n|\n|t:|1770798219\n|switch|p1a: Pelipper|Pelipper, L83, M|179/235 par\n|-weather|RainDance|[from] ability: Drizzle|[of] p1a: Pelipper\n|turn|9\n|\n|t:|1770798229\n|move|p1b: Zekrom|Dragon Claw|p2a: Sableye\n|-damage|p2a: Sableye|0 fnt\n|faint|p2a: Sableye\n|move|p2b: Copperajah|Rock Slide|p1a: Pelipper|[spread] p1a,p1b\n|-supereffective|p1a: Pelipper\n|-damage|p1a: Pelipper|58/235 par\n|-damage|p1b: Zekrom|152/270\n|-enditem|p1a: Pelipper|Sitrus Berry|[eat]\n|-heal|p1a: Pelipper|116/235 par|[from] item: Sitrus Berry\n|move|p1a: Pelipper|Tailwind|p1a: Pelipper\n|-sidestart|p1: LazzarinoCominazzo|move: Tailwind\n|\n|-weather|RainDance|[upkeep]\n|-damage|p2b: Copperajah|266/350 brn|[from] brn\n|upkeep\n|\n|t:|1770798245\n|switch|p2a: Jumpluff|Jumpluff, L92, F|287/287\n|turn|10\n|\n|t:|1770798254\n|move|p1b: Zekrom|Bolt Strike|p2a: Jumpluff\n|-damage|p2a: Jumpluff|110/287\n|move|p2a: Jumpluff|Tailwind|p2a: Jumpluff\n|-sidestart|p2: reloading|move: Tailwind\n|move|p2b: Copperajah|Rock Slide|p1b: Zekrom|[spread] p1a,p1b\n|-supereffective|p1a: Pelipper\n|-damage|p1a: Pelipper|0 fnt\n|-damage|p1b: Zekrom|88/270\n|faint|p1a: Pelipper\n|\n|-weather|RainDance|[upkeep]\n|-damage|p2b: Copperajah|245/350 brn|[from] brn\n|upkeep\n|\n|t:|1770798265\n|switch|p1a: Primarina|Primarina, L79, F, tera:Water|219/256\n|turn|11\n|\n|t:|1770798276\n|move|p2b: Copperajah|Protect|p2b: Copperajah\n|-singleturn|p2b: Copperajah|Protect\n|move|p2a: Jumpluff|Strength Sap|p1b: Zekrom\n|-fail|p1b: Zekrom|unboost|[from] item: Clear Amulet|[of] p1b: Zekrom\n|-heal|p2a: Jumpluff|287/287\n|move|p1b: Zekrom|Dragon Dance|p1b: Zekrom\n|-boost|p1b: Zekrom|atk|1\n|-boost|p1b: Zekrom|spe|1\n|move|p1a: Primarina|Hyper Voice|p2a: Jumpluff|[spread] p2a\n|-activate|p2b: Copperajah|move: Protect\n|-resisted|p2a: Jumpluff\n|-damage|p2a: Jumpluff|187/287\n|\n|-weather|RainDance|[upkeep]\n|-damage|p2b: Copperajah|224/350 brn|[from] brn\n|upkeep\n|turn|12\n|inactive|reloading has 120 seconds left.\n|\n|t:|1770798306\n|move|p2b: Copperajah|Protect||[still]\n|-fail|p2b: Copperajah\n|move|p1b: Zekrom|Bolt Strike|p2a: Jumpluff\n|-damage|p2a: Jumpluff|0 fnt\n|faint|p2a: Jumpluff\n|move|p1a: Primarina|Hyper Voice|p2b: Copperajah\n|-supereffective|p2b: Copperajah\n|-damage|p2b: Copperajah|0 fnt\n|faint|p2b: Copperajah\n|\n|-weather|RainDance|[upkeep]\n|-sideend|p1: LazzarinoCominazzo|move: Tailwind\n|upkeep\n|inactive|reloading has 120 seconds left.\n|-message|reloading forfeited.\n|\n|win|LazzarinoCominazzo\n|raw|LazzarinoCominazzo's rating: 1740 &rarr; <strong>1764</strong><br />(+24 for winning)\n|raw|reloading's rating: 1806 &rarr; <strong>1782</strong><br />(-24 for losing)\n|l|☆reloading\n|player|p2|\n", "inputlog": ">version ccdc32dd7cde25fd9e4bed64820e885f66e78a4e\n>start {\"formatid\":\"gen9randomdoublesbattle\",\"seed\":\"sodium,16666c692e78c6d74ccafa08b9aa35b9\",\"rated\":\"Rated battle\"}\n>player p1 {\"name\":\"LazzarinoCominazzo\",\"avatar\":\"102\",\"rating\":1740,\"seed\":\"sodium,2d26e3215a0963c9b0e91a63f86f4d22\"}\n>player p2 {\"name\":\"reloading\",\"avatar\":\"170\",\"rating\":1806,\"seed\":\"sodium,4dee67d70eaa8be560b2e82b01c871a4\"}\n>p1 move tailwind, move hypervoice\n>p2 move muddywater, move nastyplot\n>p1 move muddywater, move hypervoice terastallize\n>p2 move muddywater, move protect\n>p2 switch 3, pass\n>p1 move hurricane +2, switch 6\n>p2 move fakeout +2, move psychic +2\n>p1 move muddywater, move lunge +2\n>p2 move thunderwave +1, move protect\n>p1 move muddywater, move lunge +2\n>p2 move thunderwave +2, move psychic +2\n>p1 pass, switch 4\n>p2 pass, switch 5\n>p1 switch 3, move willowisp +2\n>p2 move foulplay +2, move rockslide terastallize\n>p1 move protect, move heatwave\n>p2 move encore +2, move rockslide\n>p1 move tailwind, switch 5\n>p2 move thunderwave +1, move rockslide\n>p1 switch 3, pass\n>p1 move tailwind, move dragonclaw +1\n>p2 move foulplay +2, move rockslide\n>p2 switch 4, pass\n>p1 move hurricane +1, move boltstrike +1\n>p2 move tailwind, move rockslide\n>p1 switch 6, pass\n>p1 move hypervoice, move dragondance\n>p2 move strengthsap +2, move protect\n>p1 move hypervoice, move boltstrike +1\n>p2 move acrobatics +1, move protect\n>forcelose p2", "uploadtime": 1770798319, "views": 82, "formatid": "gen9randomdoublesbattle", "rating": 1764, "private": 0, "password": null}