{"id": "gen9randomdoublesbattle-2535940029", "format": "[Gen 9] Random Doubles Battle", "players": ["snurke", "Juani5"], "log": "|j|☆snurke\n|j|☆Juani5\n|t:|1770635752\n|gametype|doubles\n|player|p1|snurke|sisandbro|1540\n|player|p2|Juani5|n|1576\n|gen|9\n|tier|[Gen 9] Random Doubles Battle\n|rated|\n|rule|Species Clause: Limit one of each Pokémon\n|rule|HP Percentage Mod: HP is shown in percentages\n|rule|Illusion Level Mod: Illusion disguises the Pokémon's true level\n|rule|Sleep Clause Mod: Limit one foe put to sleep\n|\n|t:|1770635752\n|teamsize|p1|6\n|teamsize|p2|6\n|start\n|switch|p1a: Skarmory|Skarmory, L85, F|249/249\n|switch|p1b: Fezandipiti|Fezandipiti, L81, M|275/275\n|switch|p2a: Kommo-o|Kommo-o, L79, M|248/248\n|switch|p2b: Arboliva|Arboliva, L88, M|281/281\n|turn|1\n|inactive|Battle timer is ON: inactive players will automatically lose when time's up. (requested by Juani5)\n|\n|t:|1770635804\n|switch|p2b: Bellibolt|Bellibolt, L81, F|309/309\n|-terastallize|p2a: Kommo-o|Steel\n|move|p1b: Fezandipiti|Icy Wind|p2a: Kommo-o|[spread] p2a,p2b\n|-resisted|p2a: Kommo-o\n|-damage|p2a: Kommo-o|239/248\n|-damage|p2b: Bellibolt|286/309\n|-unboost|p2a: Kommo-o|spe|1\n|-unboost|p2b: Bellibolt|spe|1\n|-start|p2b: Bellibolt|Charge|Icy Wind|[from] ability: Electromorphosis\n|-status|p2b: Bellibolt|tox|[from] ability: Toxic Chain|[of] p1b: Fezandipiti\n|move|p1a: Skarmory|Iron Defense|p1a: Skarmory\n|-boost|p1a: Skarmory|def|2\n|move|p2a: Kommo-o|Clangorous Soul|p2a: Kommo-o\n|-boost|p2a: Kommo-o|atk|1\n|-boost|p2a: Kommo-o|def|1\n|-boost|p2a: Kommo-o|spa|1\n|-boost|p2a: Kommo-o|spd|1\n|-boost|p2a: Kommo-o|spe|1\n|-damage|p2a: Kommo-o|158/248\n|-enditem|p2a: Kommo-o|Throat Spray\n|-boost|p2a: Kommo-o|spa|1|[from] item: Throat Spray\n|\n|-damage|p2b: Bellibolt|267/309 tox|[from] psn\n|upkeep\n|turn|2\n|inactive|snurke has 120 seconds left.\n|\n|t:|1770635856\n|-terastallize|p1a: Skarmory|Fighting\n|move|p1b: Fezandipiti|Icy Wind|p2a: Kommo-o|[spread] p2a,p2b\n|-resisted|p2a: Kommo-o\n|-damage|p2a: Kommo-o|151/248\n|-damage|p2b: Bellibolt|243/309 tox\n|-unboost|p2a: Kommo-o|spe|1\n|-unboost|p2b: Bellibolt|spe|1\n|-start|p2b: Bellibolt|Charge|Icy Wind|[from] ability: Electromorphosis\n|move|p1a: Skarmory|Body Press|p2a: Kommo-o\n|-supereffective|p2a: Kommo-o\n|-damage|p2a: Kommo-o|0 fnt\n|faint|p2a: Kommo-o\n|move|p2b: Bellibolt|Thunderbolt|p1a: Skarmory\n|-damage|p1a: Skarmory|29/249\n|-end|p2b: Bellibolt|Charge|[silent]\n|\n|-heal|p1a: Skarmory|44/249|[from] item: Leftovers\n|-damage|p2b: Bellibolt|205/309 tox|[from] psn\n|upkeep\n|inactive|Juani5 has 120 seconds left.\n|\n|t:|1770635887\n|switch|p2a: Articuno|Articuno, L82|282/282\n|-ability|p2a: Articuno|Pressure\n|turn|3\n|inactive|snurke has 120 seconds left.\n|inactive|Juani5 has 120 seconds left.\n|\n|t:|1770635910\n|move|p2a: Articuno|Protect|p2a: Articuno\n|-singleturn|p2a: Articuno|Protect\n|move|p1b: Fezandipiti|Icy Wind|p2a: Articuno|[spread] p2b\n|-activate|p2a: Articuno|move: Protect\n|-damage|p2b: Bellibolt|183/309 tox\n|-unboost|p2b: Bellibolt|spe|1\n|-start|p2b: Bellibolt|Charge|Icy Wind|[from] ability: Electromorphosis\n|move|p1a: Skarmory|Body Press|p2b: Bellibolt\n|-damage|p2b: Bellibolt|0 fnt\n|faint|p2b: Bellibolt\n|\n|-heal|p1a: Skarmory|59/249|[from] item: Leftovers\n|upkeep\n|\n|t:|1770635933\n|switch|p2b: Hatterene|Hatterene, L84, F|233/233\n|turn|4\n|inactive|Juani5 has 120 seconds left.\n|\n|t:|1770635958\n|move|p1b: Fezandipiti|Icy Wind|p2b: Hatterene|[spread] p2b\n|-miss|p1b: Fezandipiti|p2a: Articuno\n|-damage|p2b: Hatterene|213/233\n|-unboost|p2b: Hatterene|spe|1\n|move|p2a: Articuno|Brave Bird|p1a: Skarmory\n|-supereffective|p1a: Skarmory\n|-damage|p1a: Skarmory|0 fnt\n|faint|p1a: Skarmory\n|-damage|p2a: Articuno|263/282|[from] Recoil\n|move|p2b: Hatterene|Trick Room|p2b: Hatterene\n|-fieldstart|move: Trick Room|[of] p2b: Hatterene\n|\n|upkeep\n|inactive|snurke has 120 seconds left.\n|inactive|snurke has 90 seconds left.\n|\n|t:|1770636013\n|switch|p1a: Sableye|Sableye, L92, M|241/241\n|turn|5\n|\n|t:|1770636026\n|move|p1a: Sableye|Fake Out|p2b: Hatterene\n|-damage|p2b: Hatterene|187/233\n|cant|p2b: Hatterene|flinch\n|move|p2a: Articuno|Ice Beam|p1b: Fezandipiti\n|-damage|p1b: Fezandipiti|226/275\n|move|p1b: Fezandipiti|Gunk Shot|p2a: Articuno|[miss]\n|-miss|p1b: Fezandipiti|p2a: Articuno\n|\n|upkeep\n|turn|6\n|\n|t:|1770636043\n|switch|p1b: Venusaur|Venusaur, L86, F|278/278\n|move|p1a: Sableye|Thunder Wave|p2a: Articuno|[miss]\n|-miss|p1a: Sableye|p2a: Articuno\n|move|p2b: Hatterene|Psychic|p1b: Venusaur\n|-supereffective|p1b: Venusaur\n|-damage|p1b: Venusaur|10/278\n|-damage|p2b: Hatterene|164/233|[from] item: Life Orb\n|move|p2a: Articuno|Brave Bird|p1b: Venusaur\n|-supereffective|p1b: Venusaur\n|-damage|p1b: Venusaur|0 fnt\n|faint|p1b: Venusaur\n|-damage|p2a: Articuno|260/282|[from] Recoil\n|\n|upkeep\n|inactive|snurke has 90 seconds left.\n|inactive|snurke has 60 seconds left.\n|\n|t:|1770636110\n|switch|p1b: Houndstone|Houndstone, L73, F|226/226\n|turn|7\n|inactive|snurke has 60 seconds left.\n|\n|t:|1770636129\n|move|p2b: Hatterene|Dazzling Gleam|p1a: Sableye|[spread] p1a,p1b\n|-supereffective|p1a: Sableye\n|-damage|p1a: Sableye|0 fnt\n|-damage|p1b: Houndstone|109/226\n|faint|p1a: Sableye\n|-damage|p2b: Hatterene|141/233|[from] item: Life Orb\n|move|p2a: Articuno|Ice Beam|p1b: Houndstone\n|-damage|p1b: Houndstone|21/226\n|move|p1b: Houndstone|Last Respects|p2b: Hatterene\n|-supereffective|p2b: Hatterene\n|-damage|p2b: Hatterene|0 fnt\n|faint|p2b: Hatterene\n|\n|upkeep\n|\n|t:|1770636148\n|switch|p2b: Arboliva|Arboliva, L88, M|281/281\n|switch|p1a: Comfey|Comfey, L88, M|233/233\n|turn|8\n|\n|t:|1770636170\n|move|p1a: Comfey|Floral Healing|p1b: Houndstone\n|-heal|p1b: Houndstone|134/226\n|move|p2b: Arboliva|Energy Ball|p1b: Houndstone\n|-damage|p1b: Houndstone|0 fnt\n|faint|p1b: Houndstone\n|-damage|p2b: Arboliva|253/281|[from] item: Life Orb\n|move|p2a: Articuno|Tailwind|p2a: Articuno\n|-sidestart|p2: Juani5|move: Tailwind\n|\n|-fieldend|move: Trick Room\n|upkeep\n|inactive|snurke has 60 seconds left.\n|\n|t:|1770636183\n|switch|p1b: Fezandipiti|Fezandipiti, L81, M|226/275\n|turn|9\n|\n|t:|1770636207\n|move|p2a: Articuno|Brave Bird|p1b: Fezandipiti\n|-damage|p1b: Fezandipiti|100/275\n|-damage|p2a: Articuno|218/282|[from] Recoil\n|move|p2b: Arboliva|Hyper Voice|p1a: Comfey|[spread] p1a,p1b\n|-damage|p1a: Comfey|128/233\n|-damage|p1b: Fezandipiti|40/275\n|-damage|p2b: Arboliva|225/281|[from] item: Life Orb\n|move|p1a: Comfey|Tailwind|p1a: Comfey\n|-sidestart|p1: snurke|move: Tailwind\n|move|p1b: Fezandipiti|Gunk Shot|p2b: Arboliva\n|-supereffective|p2b: Arboliva\n|-damage|p2b: Arboliva|15/281\n|-fieldstart|move: Grassy Terrain|[from] ability: Seed Sower|[of] p2b: Arboliva\n|\n|-heal|p1a: Comfey|142/233|[from] Grassy Terrain\n|-heal|p1b: Fezandipiti|57/275|[from] Grassy Terrain\n|-heal|p2b: Arboliva|32/281|[from] Grassy Terrain\n|upkeep\n|turn|10\n|\n|t:|1770636245\n|move|p1a: Comfey|Floral Healing|p1b: Fezandipiti\n|-heal|p1b: Fezandipiti|240/275\n|move|p1b: Fezandipiti|Icy Wind|p2a: Articuno|[spread] p2a,p2b\n|-supereffective|p2b: Arboliva\n|-damage|p2a: Articuno|202/282\n|-damage|p2b: Arboliva|0 fnt\n|-unboost|p2a: Articuno|spe|1\n|faint|p2b: Arboliva\n|move|p2a: Articuno|Brave Bird|p1b: Fezandipiti\n|-damage|p1b: Fezandipiti|123/275\n|-damage|p2a: Articuno|163/282|[from] Recoil\n|\n|-heal|p1a: Comfey|156/233|[from] Grassy Terrain\n|-heal|p1b: Fezandipiti|140/275|[from] Grassy Terrain\n|upkeep\n|\n|t:|1770636250\n|switch|p2b: Ludicolo|Ludicolo, L89, M|287/287\n|turn|11\n|inactive|snurke has 90 seconds left.\n|\n|t:|1770636269\n|move|p1a: Comfey|Floral Healing|p1b: Fezandipiti\n|-heal|p1b: Fezandipiti|275/275\n|move|p1b: Fezandipiti|Gunk Shot|p2b: Ludicolo\n|-supereffective|p2b: Ludicolo\n|-damage|p2b: Ludicolo|41/287\n|-status|p2b: Ludicolo|tox|[from] ability: Toxic Chain|[of] p1b: Fezandipiti\n|move|p2b: Ludicolo|Rain Dance|p2b: Ludicolo\n|-weather|RainDance\n|move|p2a: Articuno|Brave Bird|p1b: Fezandipiti\n|-damage|p1b: Fezandipiti|163/275\n|-damage|p2a: Articuno|126/282|[from] Recoil\n|-enditem|p2a: Articuno|Sitrus Berry|[eat]\n|-heal|p2a: Articuno|196/282|[from] item: Sitrus Berry\n|\n|-weather|RainDance|[upkeep]\n|-heal|p2b: Ludicolo|58/287 tox|[from] Grassy Terrain\n|-heal|p1a: Comfey|170/233|[from] Grassy Terrain\n|-heal|p1b: Fezandipiti|180/275|[from] Grassy Terrain\n|-damage|p2b: Ludicolo|41/287 tox|[from] psn\n|-sideend|p2: Juani5|move: Tailwind\n|upkeep\n|turn|12\n|inactive|snurke has 90 seconds left.\n|\n|t:|1770636290\n|move|p2b: Ludicolo|Protect|p2b: Ludicolo\n|-singleturn|p2b: Ludicolo|Protect\n|move|p1a: Comfey|Draining Kiss|p2b: Ludicolo\n|-activate|p2b: Ludicolo|move: Protect\n|move|p1b: Fezandipiti|Gunk Shot|p2a: Articuno\n|-damage|p2a: Articuno|97/282\n|move|p2a: Articuno|Tailwind|p2a: Articuno\n|-sidestart|p2: Juani5|move: Tailwind\n|\n|-weather|RainDance|[upkeep]\n|-heal|p2b: Ludicolo|58/287 tox|[from] Grassy Terrain\n|-heal|p1a: Comfey|184/233|[from] Grassy Terrain\n|-heal|p1b: Fezandipiti|197/275|[from] Grassy Terrain\n|-damage|p2b: Ludicolo|24/287 tox|[from] psn\n|-sideend|p1: snurke|move: Tailwind\n|upkeep\n|turn|13\n|-message|Juani5 forfeited.\n|\n|win|snurke\n|raw|snurke's rating: 1540 &rarr; <strong>1562</strong><br />(+22 for winning)\n|raw|Juani5's rating: 1576 &rarr; <strong>1554</strong><br />(-22 for losing)\n|l|☆Juani5\n|player|p2|\n", "inputlog": ">version ccdc32dd7cde25fd9e4bed64820e885f66e78a4e\n>start {\"formatid\":\"gen9randomdoublesbattle\",\"seed\":\"sodium,4f20fa32b9d7490b7bcd88bae864863d\",\"rated\":\"Rated battle\"}\n>player p1 {\"name\":\"snurke\",\"avatar\":\"sisandbro\",\"rating\":1540,\"seed\":\"sodium,88c5d46caf3485e82c270d8effbc2b1e\"}\n>player p2 {\"name\":\"Juani5\",\"avatar\":\"n\",\"rating\":1576,\"seed\":\"sodium,9d3d77563ee560c03834b7a5e69eb0e1\"}\n>p1 move irondefense, move icywind\n>p2 move clangoroussoul terastallize, switch 6\n>p1 move bodypress +1 terastallize, move icywind\n>p2 move ironhead +2, move thunderbolt +1\n>p2 switch 4, pass\n>p1 move bodypress +2, move icywind\n>p2 move protect, move thunderwave +2\n>p2 pass, switch 3\n>p1 move bodypress +1, move icywind\n>p2 move bravebird +1, move trickroom\n>p1 switch 5, pass\n>p1 move fakeout +2, move gunkshot +1\n>p2 move icebeam +2, move psychic +2\n>p1 move thunderwave +1, switch 4\n>p2 move bravebird +2, move psychic +2\n>p1 pass, switch 6\n>p1 move knockoff +1, move lastrespects +2\n>p2 move icebeam +2, move dazzlinggleam\n>p1 switch 3, pass\n>p2 pass, switch 6\n>p1 move floralhealing -2, move lastrespects +1\n>p2 move tailwind, move energyball +2\n>p1 pass, switch 4\n>p1 move tailwind, move gunkshot +2\n>p2 move bravebird +2, move hypervoice\n>p1 move floralhealing -2, move icywind\n>p2 move bravebird +2, move hypervoice\n>p2 pass, switch 5\n>p1 move floralhealing -2, move gunkshot +2\n>p2 move bravebird +2, move raindance\n>p1 move drainingkiss +2, move gunkshot +1\n>p2 move tailwind, move protect\n>forcelose p2", "uploadtime": 1770636300, "views": 70, "formatid": "gen9randomdoublesbattle", "rating": 1554, "private": 0, "password": null}