{"id": "gen9randomdoublesbattle-2537418069", "format": "[Gen 9] Random Doubles Battle", "players": ["nazunabpd", "reyimo45"], "log": "|j|☆nazunabpd\n|j|☆reyimo45\n|t:|1770812590\n|gametype|doubles\n|player|p1|nazunabpd|roxie|1731\n|player|p2|reyimo45|1|1690\n|gen|9\n|tier|[Gen 9] Random Doubles Battle\n|rated|\n|rule|Species Clause: Limit one of each Pokémon\n|rule|HP Percentage Mod: HP is shown in percentages\n|rule|Illusion Level Mod: Illusion disguises the Pokémon's true level\n|rule|Sleep Clause Mod: Limit one foe put to sleep\n|\n|t:|1770812590\n|teamsize|p1|6\n|teamsize|p2|6\n|start\n|switch|p1a: Goodra|Goodra, L86, M|295/295\n|switch|p1b: Darkrai|Darkrai, L80|243/243\n|switch|p2a: Rhyperior|Rhyperior, L82, M|323/323\n|switch|p2b: Ditto|Ditto, L97|250/250\n|-transform|p2b: Ditto|p1a: Goodra|[from] ability: Imposter\n|turn|1\n|inactive|Battle timer is ON: inactive players will automatically lose when time's up. (requested by reyimo45)\n|inactive|nazunabpd has 120 seconds left.\n|inactive|reyimo45 has 120 seconds left.\n|\n|t:|1770812650\n|switch|p1a: Florges|Florges-Yellow, L84, F|268/268\n|move|p1b: Darkrai|Substitute|p1b: Darkrai\n|-start|p1b: Darkrai|Substitute\n|-damage|p1b: Darkrai|183/243\n|move|p2b: Ditto|Draco Meteor|p1a: Florges\n|-immune|p1a: Florges\n|move|p2a: Rhyperior|Rock Slide|p1b: Darkrai|[spread] p1a,p1b\n|-end|p1b: Darkrai|Substitute\n|-damage|p1a: Florges|136/268\n|\n|-heal|p1a: Florges|152/268|[from] item: Leftovers\n|upkeep\n|turn|2\n|inactive|nazunabpd has 120 seconds left.\n|\n|t:|1770812681\n|switch|p2b: Weezing|Weezing, L91, M|266/266\n|move|p1b: Darkrai|Dark Pulse|p2a: Rhyperior\n|-damage|p2a: Rhyperior|135/323\n|-damage|p1b: Darkrai|159/243|[from] item: Life Orb\n|move|p1a: Florges|Calm Mind|p1a: Florges\n|-boost|p1a: Florges|spa|1\n|-boost|p1a: Florges|spd|1\n|move|p2a: Rhyperior|Rock Slide|p1a: Florges|[spread] p1a,p1b\n|-damage|p1a: Florges|25/268\n|-damage|p1b: Darkrai|36/243\n|\n|-heal|p1a: Florges|41/268|[from] item: Leftovers\n|upkeep\n|turn|3\n|inactive|reyimo45 has 120 seconds left.\n|inactive|nazunabpd has 120 seconds left.\n|\n|t:|1770812723\n|move|p1a: Florges|Protect|p1a: Florges\n|-singleturn|p1a: Florges|Protect\n|move|p1b: Darkrai|Dark Pulse|p2b: Weezing\n|-damage|p2b: Weezing|118/266\n|-enditem|p2b: Weezing|Sitrus Berry|[eat]\n|-heal|p2b: Weezing|184/266|[from] item: Sitrus Berry\n|-damage|p1b: Darkrai|12/243|[from] item: Life Orb\n|cant|p2b: Weezing|flinch\n|move|p2a: Rhyperior|Rock Slide|p1a: Florges|[spread] p1b\n|-activate|p1a: Florges|move: Protect\n|-damage|p1b: Darkrai|0 fnt\n|faint|p1b: Darkrai\n|\n|-heal|p1a: Florges|57/268|[from] item: Leftovers\n|upkeep\n|inactive|nazunabpd has 120 seconds left.\n|inactive|nazunabpd has 90 seconds left.\n|\n|t:|1770812764\n|switch|p1b: Goodra|Goodra, L86, M|295/295\n|turn|4\n|\n|t:|1770812780\n|move|p1b: Goodra|Draco Meteor|p2b: Weezing\n|-damage|p2b: Weezing|4/266\n|-unboost|p1b: Goodra|spa|2\n|move|p1a: Florges|Dazzling Gleam|p2a: Rhyperior|[spread] p2a,p2b\n|-resisted|p2b: Weezing\n|-damage|p2a: Rhyperior|0 fnt\n|-damage|p2b: Weezing|0 fnt\n|faint|p2a: Rhyperior\n|faint|p2b: Weezing\n|\n|-heal|p1a: Florges|73/268|[from] item: Leftovers\n|upkeep\n|inactive|reyimo45 has 120 seconds left.\n|inactive|reyimo45 has 90 seconds left.\n|\n|t:|1770812826\n|switch|p2b: Ditto|Ditto, L97|250/250\n|switch|p2a: Tyranitar|Tyranitar, L81, M|295/295\n|-transform|p2b: Ditto|p1a: Florges|[from] ability: Imposter\n|-weather|Sandstorm|[from] ability: Sand Stream|[of] p2a: Tyranitar\n|turn|5\n|inactive|nazunabpd has 120 seconds left.\n|inactive|nazunabpd has 90 seconds left.\n|\n|t:|1770812883\n|move|p1a: Florges|Protect|p1a: Florges\n|-singleturn|p1a: Florges|Protect\n|move|p1b: Goodra|Scald|p2a: Tyranitar\n|-supereffective|p2a: Tyranitar\n|-damage|p2a: Tyranitar|255/295\n|-status|p2a: Tyranitar|brn\n|move|p2b: Ditto|Calm Mind|p2b: Ditto\n|-boost|p2b: Ditto|spa|1\n|-boost|p2b: Ditto|spd|1\n|move|p2a: Tyranitar|Rock Slide|p1b: Goodra|[spread] p1b\n|-activate|p1a: Florges|move: Protect\n|-damage|p1b: Goodra|256/295\n|\n|-weather|Sandstorm|[upkeep]\n|-damage|p1b: Goodra|238/295|[from] Sandstorm\n|-damage|p2b: Ditto|235/250|[from] Sandstorm\n|-damage|p1a: Florges|57/268|[from] Sandstorm\n|-heal|p1a: Florges|73/268|[from] item: Leftovers\n|-damage|p2a: Tyranitar|237/295 brn|[from] brn\n|upkeep\n|turn|6\n|inactive|reyimo45 has 120 seconds left.\n|inactive|nazunabpd has 90 seconds left.\n|\n|t:|1770812927\n|-terastallize|p1a: Florges|Steel\n|move|p1b: Goodra|Power Whip|p2b: Ditto\n|-damage|p2b: Ditto|122/250\n|-enditem|p2b: Ditto|Sitrus Berry|[eat]\n|-heal|p2b: Ditto|184/250|[from] item: Sitrus Berry\n|move|p2b: Ditto|Calm Mind|p2b: Ditto\n|-boost|p2b: Ditto|spa|1\n|-boost|p2b: Ditto|spd|1\n|move|p1a: Florges|Synthesis|p1a: Florges\n|-heal|p1a: Florges|140/268\n|move|p2a: Tyranitar|Rock Slide|p1b: Goodra|[spread] p1a,p1b\n|-resisted|p1a: Florges\n|-damage|p1a: Florges|119/268\n|-damage|p1b: Goodra|199/295\n|\n|-weather|Sandstorm|[upkeep]\n|-damage|p1b: Goodra|181/295|[from] Sandstorm\n|-damage|p2b: Ditto|169/250|[from] Sandstorm\n|-heal|p1a: Florges|135/268|[from] item: Leftovers\n|-damage|p2a: Tyranitar|219/295 brn|[from] brn\n|upkeep\n|turn|7\n|inactive|nazunabpd has 90 seconds left.\n|inactive|reyimo45 has 120 seconds left.\n|\n|t:|1770812956\n|move|p2b: Ditto|Protect|p2b: Ditto\n|-singleturn|p2b: Ditto|Protect\n|move|p1b: Goodra|Power Whip|p2b: Ditto\n|-activate|p2b: Ditto|move: Protect\n|move|p1a: Florges|Calm Mind|p1a: Florges\n|-boost|p1a: Florges|spa|1\n|-boost|p1a: Florges|spd|1\n|move|p2a: Tyranitar|Knock Off|p1a: Florges\n|-damage|p1a: Florges|60/268\n|-enditem|p1a: Florges|Leftovers|[from] move: Knock Off|[of] p2a: Tyranitar\n|\n|-weather|Sandstorm|[upkeep]\n|-damage|p1b: Goodra|163/295|[from] Sandstorm\n|-damage|p2b: Ditto|154/250|[from] Sandstorm\n|-damage|p2a: Tyranitar|201/295 brn|[from] brn\n|upkeep\n|turn|8\n|inactive|nazunabpd has 90 seconds left.\n|inactive|reyimo45 has 120 seconds left.\n|\n|t:|1770812994\n|move|p1b: Goodra|Power Whip|p2b: Ditto\n|-damage|p2b: Ditto|40/250\n|move|p2b: Ditto|Dazzling Gleam|p1b: Goodra|[spread] p1a,p1b\n|-resisted|p1a: Florges\n|-supereffective|p1b: Goodra\n|-damage|p1a: Florges|28/268\n|-damage|p1b: Goodra|0 fnt\n|faint|p1b: Goodra\n|move|p1a: Florges|Dazzling Gleam|p2a: Tyranitar|[spread] p2a,p2b\n|-supereffective|p2a: Tyranitar\n|-damage|p2a: Tyranitar|33/295 brn\n|-damage|p2b: Ditto|3/250\n|move|p2a: Tyranitar|Dragon Dance|p2a: Tyranitar\n|-boost|p2a: Tyranitar|atk|1\n|-boost|p2a: Tyranitar|spe|1\n|\n|-weather|Sandstorm|[upkeep]\n|-damage|p2b: Ditto|0 fnt|[from] Sandstorm\n|faint|p2b: Ditto\n|-damage|p2a: Tyranitar|15/295 brn|[from] brn\n|upkeep\n|inactive|nazunabpd has 60 seconds left.\n|inactive|reyimo45 has 90 seconds left.\n|\n|t:|1770813026\n|switch|p1b: Furret|Furret, L98, M|325/325\n|switch|p2b: Manaphy|Manaphy, L78|284/284\n|-item|p2a: Tyranitar|Clear Amulet|[from] ability: Frisk|[of] p1b: Furret\n|-item|p2b: Manaphy|Sitrus Berry|[from] ability: Frisk|[of] p1b: Furret\n|turn|9\n|inactive|reyimo45 has 90 seconds left.\n|\n|t:|1770813043\n|move|p1a: Florges|Protect|p1a: Florges\n|-singleturn|p1a: Florges|Protect\n|move|p1b: Furret|Body Slam|p2b: Manaphy\n|-damage|p2b: Manaphy|190/284\n|move|p2a: Tyranitar|Rock Slide|p1b: Furret|[spread] p1b\n|-activate|p1a: Florges|move: Protect\n|-damage|p1b: Furret|264/325\n|move|p2b: Manaphy|Tail Glow|p2b: Manaphy\n|-boost|p2b: Manaphy|spa|3\n|\n|-weather|none\n|-damage|p2a: Tyranitar|0 fnt|[from] brn\n|faint|p2a: Tyranitar\n|upkeep\n|inactive|reyimo45 has 90 seconds left.\n|\n|t:|1770813058\n|switch|p2a: Sceptile|Sceptile, L88, M|266/266\n|turn|10\n|inactive|nazunabpd has 90 seconds left.\n|\n|t:|1770813089\n|move|p1b: Furret|Follow Me|p1b: Furret\n|-singleturn|p1b: Furret|move: Follow Me\n|move|p2a: Sceptile|Focus Blast|p1b: Furret|[miss]\n|-miss|p2a: Sceptile|p1b: Furret\n|move|p2b: Manaphy|Energy Ball|p1b: Furret\n|-damage|p1b: Furret|99/325\n|-enditem|p1b: Furret|Sitrus Berry|[eat]\n|-heal|p1b: Furret|180/325|[from] item: Sitrus Berry\n|move|p1a: Florges|Synthesis|p1a: Florges\n|-heal|p1a: Florges|162/268\n|\n|upkeep\n|turn|11\n|inactive|reyimo45 has 120 seconds left.\n|l|☆reyimo45\n|inactive|reyimo45 disconnected and has a minute to reconnect!\n|player|p2|\n|j|☆reyimo45\n|inactive|reyimo45 reconnected and has 105 seconds left.\n|player|p2|reyimo45|1|\n|inactive|reyimo45 has 90 seconds left.\n|c|☆nazunabpd|i <3 my shitmons\n|\n|t:|1770813140\n|move|p1b: Furret|Follow Me|p1b: Furret\n|-singleturn|p1b: Furret|move: Follow Me\n|move|p2a: Sceptile|Focus Blast|p1b: Furret\n|-supereffective|p1b: Furret\n|-damage|p1b: Furret|0 fnt\n|faint|p1b: Furret\n|move|p2b: Manaphy|Hydro Pump|p1a: Florges\n|-damage|p1a: Florges|72/268\n|move|p1a: Florges|Dazzling Gleam|p2a: Sceptile|[spread] p2a,p2b\n|-damage|p2a: Sceptile|121/266\n|-damage|p2b: Manaphy|60/284\n|-enditem|p2a: Sceptile|Sitrus Berry|[eat]\n|-heal|p2a: Sceptile|187/266|[from] item: Sitrus Berry\n|-enditem|p2b: Manaphy|Sitrus Berry|[eat]\n|-heal|p2b: Manaphy|131/284|[from] item: Sitrus Berry\n|\n|upkeep\n|inactive|nazunabpd has 60 seconds left.\n|\n|t:|1770813162\n|switch|p1b: Electivire|Electivire, L86, M|269/269\n|turn|12\n|inactive|reyimo45 has 90 seconds left.\n|\n|t:|1770813198\n|-terastallize|p2b: Manaphy|Grass\n|move|p2a: Sceptile|Focus Blast|p1a: Florges\n|-supereffective|p1a: Florges\n|-damage|p1a: Florges|12/268\n|move|p1b: Electivire|Wild Charge|p2b: Manaphy\n|-resisted|p2b: Manaphy\n|-damage|p2b: Manaphy|75/284\n|-damage|p1b: Electivire|255/269|[from] Recoil\n|move|p2b: Manaphy|Energy Ball|p1b: Electivire\n|-damage|p1b: Electivire|114/269\n|move|p1a: Florges|Dazzling Gleam|p2b: Manaphy|[spread] p2a,p2b\n|-damage|p2a: Sceptile|45/266\n|-damage|p2b: Manaphy|0 fnt\n|faint|p2b: Manaphy\n|\n|upkeep\n|turn|13\n|inactive|reyimo45 has 90 seconds left.\n|inactive|nazunabpd has 90 seconds left.\n|\n|t:|1770813219\n|move|p1a: Florges|Protect|p1a: Florges\n|-singleturn|p1a: Florges|Protect\n|move|p2a: Sceptile|Leaf Storm|p1b: Electivire\n|-crit|p1b: Electivire\n|-damage|p1b: Electivire|0 fnt\n|-unboost|p2a: Sceptile|spa|2\n|faint|p1b: Electivire\n|\n|upkeep\n|\n|t:|1770813227\n|switch|p1b: Cacturne|Cacturne, L91, F|275/275\n|turn|14\n|\n|t:|1770813239\n|move|p1b: Cacturne|Sucker Punch|p2a: Sceptile\n|-damage|p2a: Sceptile|0 fnt\n|faint|p2a: Sceptile\n|-damage|p1b: Cacturne|248/275|[from] item: Life Orb\n|\n|win|nazunabpd\n|raw|nazunabpd's rating: 1731 &rarr; <strong>1749</strong><br />(+18 for winning)\n|raw|reyimo45's rating: 1690 &rarr; <strong>1672</strong><br />(-18 for losing)\n", "inputlog": ">version ccdc32dd7cde25fd9e4bed64820e885f66e78a4e\n>start {\"formatid\":\"gen9randomdoublesbattle\",\"seed\":\"sodium,752308bd2a6ded92c8c407da06f46edc\",\"rated\":\"Rated battle\"}\n>player p1 {\"name\":\"nazunabpd\",\"avatar\":\"roxie\",\"rating\":1731,\"seed\":\"sodium,c5a7822aec2838ab90267cc093571618\"}\n>player p2 {\"name\":\"reyimo45\",\"avatar\":\"1\",\"rating\":1690,\"seed\":\"sodium,cd7c2d175c3c1c753564c1876dee5f4f\"}\n>p1 switch 3, move substitute\n>p2 move rockslide, move dracometeor +1\n>p1 move calmmind, move darkpulse +1\n>p2 move rockslide, switch 3\n>p1 move protect, move darkpulse +2\n>p2 move rockslide, move gunkshot +1\n>p1 pass, switch 3\n>p1 move dazzlinggleam, move dracometeor +2\n>p2 move rockslide, move gunkshot +2\n>p2 switch 4, switch 3\n>p1 move protect, move scald +1\n>p2 move rockslide, move calmmind\n>p1 move synthesis terastallize, move powerwhip +2\n>p2 move rockslide, move calmmind\n>p1 move calmmind, move powerwhip +2\n>p2 move knockoff +1, move protect\n>p1 move dazzlinggleam, move powerwhip +2\n>p2 move dragondance, move dazzlinggleam\n>p1 pass, switch 5\n>p2 pass, switch 6\n>p1 move protect, move bodyslam +2\n>p2 move rockslide, move tailglow\n>p2 switch 5, pass\n>p1 move synthesis, move followme\n>p2 move focusblast +2, move energyball +1\n>chat ☆nazunabpd|i <3 my shitmons\n>p1 move dazzlinggleam, move followme\n>p2 move focusblast +2, move hydropump +1\n>p1 pass, switch 6\n>p1 move dazzlinggleam, move wildcharge +2\n>p2 move focusblast +1, move energyball +2 terastallize\n>p1 move protect, move crosschop +1\n>p2 move leafstorm +2, pass\n>p1 pass, switch 4\n>p1 move synthesis, move suckerpunch +1\n>p2 move focusblast +1, pass", "uploadtime": 1770813245, "views": 63, "formatid": "gen9randomdoublesbattle", "rating": 1672, "private": 0, "password": null}