{"id": "gen9randomdoublesbattle-2540052438", "format": "[Gen 9] Random Doubles Battle", "players": ["alexpun", "Darkkage24"], "log": "|j|☆alexpun\n|j|☆Darkkage24\n|t:|1771152966\n|gametype|doubles\n|player|p1|alexpun|265|1556\n|player|p2|Darkkage24|red|1562\n|gen|9\n|tier|[Gen 9] Random Doubles Battle\n|rated|\n|rule|Species Clause: Limit one of each Pokémon\n|rule|HP Percentage Mod: HP is shown in percentages\n|rule|Illusion Level Mod: Illusion disguises the Pokémon's true level\n|rule|Sleep Clause Mod: Limit one foe put to sleep\n|\n|t:|1771152966\n|teamsize|p1|6\n|teamsize|p2|6\n|start\n|switch|p1a: Calyrex|Calyrex, L94|340/340\n|switch|p1b: Darkrai|Darkrai, L80|243/243\n|switch|p2a: Dragapult|Dragapult, L79, M|269/269\n|switch|p2b: Glalie|Glalie, L94, F|303/303\n|-ability|p1a: Calyrex|Unnerve\n|turn|1\n|inactive|Battle timer is ON: inactive players will automatically lose when time's up. (requested by alexpun)\n|\n|t:|1771152990\n|switch|p1a: Klefki|Klefki, L81, M|225/225\n|move|p2a: Dragapult|U-turn|p1a: Klefki\n|-resisted|p1a: Klefki\n|-damage|p1a: Klefki|206/225\n|\n|t:|1771152999\n|switch|p2a: Mightyena|Mightyena, L95, M|287/287|[from] U-turn\n|-ability|p2a: Mightyena|Intimidate|boost\n|-unboost|p1a: Klefki|atk|1\n|-unboost|p1b: Darkrai|atk|1\n|move|p1b: Darkrai|Focus Blast|p2b: Glalie\n|-supereffective|p2b: Glalie\n|-damage|p2b: Glalie|53/303\n|-enditem|p2b: Glalie|Sitrus Berry|[eat]\n|-heal|p2b: Glalie|128/303|[from] item: Sitrus Berry\n|-damage|p1b: Darkrai|219/243|[from] item: Life Orb\n|move|p2b: Glalie|Icy Wind|p1b: Darkrai|[spread] p1a,p1b\n|-resisted|p1a: Klefki\n|-damage|p1a: Klefki|182/225\n|-damage|p1b: Darkrai|170/243\n|-unboost|p1a: Klefki|spe|1\n|-unboost|p1b: Darkrai|spe|1\n|\n|upkeep\n|turn|2\n|inactive|alexpun has 120 seconds left.\n|\n|t:|1771153031\n|switch|p1b: Snorlax|Snorlax, L84, M|406/406\n|move|p2b: Glalie|Helping Hand|p2a: Mightyena\n|-singleturn|p2a: Mightyena|Helping Hand|[of] p2b: Glalie\n|move|p1a: Klefki|Reflect|p1a: Klefki\n|-sidestart|p1: alexpun|Reflect\n|move|p2a: Mightyena|Play Rough|p1b: Snorlax|[miss]\n|-miss|p2a: Mightyena|p1b: Snorlax\n|\n|upkeep\n|turn|3\n|\n|t:|1771153058\n|move|p2b: Glalie|Icy Wind|p1a: Klefki|[spread] p1a,p1b\n|-resisted|p1a: Klefki\n|-damage|p1a: Klefki|158/225\n|-damage|p1b: Snorlax|385/406\n|-unboost|p1a: Klefki|spe|1\n|-unboost|p1b: Snorlax|spe|1\n|move|p2a: Mightyena|Howl|p2a: Mightyena|[spread] p2a,p2b\n|-boost|p2a: Mightyena|atk|1\n|-boost|p2b: Glalie|atk|1\n|move|p1a: Klefki|Dazzling Gleam|p2b: Glalie|[spread] p2a,p2b\n|-supereffective|p2a: Mightyena\n|-damage|p2a: Mightyena|161/287\n|-damage|p2b: Glalie|77/303\n|move|p1b: Snorlax|Hammer Arm|p2b: Glalie\n|-supereffective|p2b: Glalie\n|-damage|p2b: Glalie|0 fnt\n|-unboost|p1b: Snorlax|spe|1\n|faint|p2b: Glalie\n|\n|upkeep\n|\n|t:|1771153069\n|switch|p2b: Luxray|Luxray, L86, F|278/278\n|-ability|p2b: Luxray|Intimidate|boost\n|-unboost|p1a: Klefki|atk|1\n|-unboost|p1b: Snorlax|atk|1\n|turn|4\n|\n|t:|1771153079\n|move|p2a: Mightyena|Throat Chop|p1b: Snorlax\n|-damage|p1b: Snorlax|223/406\n|-start|p1b: Snorlax|Throat Chop|[silent]\n|-damage|p2a: Mightyena|133/287|[from] item: Life Orb\n|move|p2b: Luxray|Volt Switch|p1a: Klefki\n|-damage|p1a: Klefki|79/225\n|\n|t:|1771153088\n|switch|p2b: Terapagos|Terapagos, L73, M|252/252|[from] Volt Switch\n|-activate|p2b: Terapagos|ability: Tera Shift\n|detailschange|p2b: Terapagos|Terapagos-Terastal, L73, M\n|-heal|p2b: Terapagos|259/259|[silent]\n|move|p1a: Klefki|Dazzling Gleam|p2b: Terapagos|[spread] p2a,p2b\n|-supereffective|p2a: Mightyena\n|-activate|p2b: Terapagos|ability: Tera Shell\n|-resisted|p2b: Terapagos\n|-damage|p2a: Mightyena|17/287\n|-damage|p2b: Terapagos|233/259\n|move|p1b: Snorlax|Hammer Arm|p2a: Mightyena\n|-supereffective|p2a: Mightyena\n|-damage|p2a: Mightyena|0 fnt\n|-unboost|p1b: Snorlax|spe|1\n|faint|p2a: Mightyena\n|\n|upkeep\n|\n|t:|1771153090\n|switch|p2a: Luxray|Luxray, L86, F|278/278\n|-ability|p2a: Luxray|Intimidate|boost\n|-unboost|p1a: Klefki|atk|1\n|-unboost|p1b: Snorlax|atk|1\n|turn|5\n|\n|t:|1771153113\n|switch|p1b: Calyrex|Calyrex, L94|340/340\n|-ability|p1b: Calyrex|Unnerve\n|-terastallize|p2b: Terapagos|Stellar\n|detailschange|p2b: Terapagos|Terapagos-Stellar, L73, M, tera:Stellar\n|-heal|p2b: Terapagos|328/354|[silent]\n|move|p1a: Klefki|Light Screen|p1a: Klefki\n|-sidestart|p1: alexpun|move: Light Screen\n|move|p2a: Luxray|Volt Switch|p1a: Klefki\n|-damage|p1a: Klefki|23/225\n|\n|t:|1771153127\n|switch|p2a: Dragapult|Dragapult, L79, M|269/269|[from] Volt Switch\n|move|p2b: Terapagos|Calm Mind|p2b: Terapagos\n|-boost|p2b: Terapagos|spa|1\n|-boost|p2b: Terapagos|spd|1\n|\n|upkeep\n|turn|6\n|\n|t:|1771153143\n|switch|p2a: Luxray|Luxray, L86, F|278/278\n|-ability|p2a: Luxray|Intimidate|boost\n|-unboost|p1a: Klefki|atk|1\n|-unboost|p1b: Calyrex|atk|1\n|move|p2b: Terapagos|Protect|p2b: Terapagos\n|-singleturn|p2b: Terapagos|Protect\n|move|p1a: Klefki|Thunder Wave|p2a: Luxray\n|-immune|p2a: Luxray\n|move|p1b: Calyrex|Leaf Storm|p2b: Terapagos\n|-activate|p2b: Terapagos|move: Protect\n|\n|upkeep\n|turn|7\n|\n|t:|1771153162\n|switch|p1a: Snorlax|Snorlax, L84, M|223/406\n|move|p1b: Calyrex|Leaf Storm|p2b: Terapagos\n|-damage|p2b: Terapagos|225/354\n|-unboost|p1b: Calyrex|spa|2\n|move|p2a: Luxray|Volt Switch|p1a: Snorlax\n|-crit|p1a: Snorlax\n|-damage|p1a: Snorlax|120/406\n|\n|t:|1771153172\n|switch|p2a: Dragapult|Dragapult, L79, M|269/269|[from] Volt Switch\n|move|p2b: Terapagos|Calm Mind|p2b: Terapagos\n|-boost|p2b: Terapagos|spa|1\n|-boost|p2b: Terapagos|spd|1\n|\n|upkeep\n|turn|8\n|\n|t:|1771153182\n|move|p1b: Calyrex|Helping Hand|p1a: Snorlax\n|-singleturn|p1a: Snorlax|Helping Hand|[of] p1b: Calyrex\n|move|p2a: Dragapult|U-turn|p1b: Calyrex\n|-supereffective|p1b: Calyrex\n|-damage|p1b: Calyrex|156/340\n|-enditem|p1b: Calyrex|Sitrus Berry|[eat]\n|-heal|p1b: Calyrex|241/340|[from] item: Sitrus Berry\n|\n|t:|1771153188\n|switch|p2a: Luxray|Luxray, L86, F|278/278|[from] U-turn\n|-ability|p2a: Luxray|Intimidate|boost\n|-unboost|p1a: Snorlax|atk|1\n|-unboost|p1b: Calyrex|atk|1\n|move|p2b: Terapagos|Tera Starstorm|p1b: Calyrex|[spread] p1a,p1b\n|-crit|p1a: Snorlax\n|-damage|p1a: Snorlax|0 fnt\n|-damage|p1b: Calyrex|144/340\n|faint|p1a: Snorlax\n|\n|upkeep\n|\n|t:|1771153203\n|switch|p1a: Arceus|Arceus-Poison, L73|296/296\n|turn|9\n|\n|t:|1771153225\n|move|p1a: Arceus|Gunk Shot|p2b: Terapagos|[miss]\n|-miss|p1a: Arceus|p2b: Terapagos\n|move|p1b: Calyrex|Psychic|p2a: Luxray\n|-damage|p2a: Luxray|242/278\n|move|p2a: Luxray|Volt Switch|p1a: Arceus\n|-damage|p1a: Arceus|249/296\n|\n|t:|1771153234\n|switch|p2a: Dragapult|Dragapult, L79, M|269/269|[from] Volt Switch\n|move|p2b: Terapagos|Earth Power|p1a: Arceus\n|-supereffective|p1a: Arceus\n|-damage|p1a: Arceus|76/296\n|\n|-sideend|p1: alexpun|Reflect\n|upkeep\n|turn|10\n|\n|t:|1771153253\n|switch|p1b: Klefki|Klefki, L81, M|23/225\n|move|p2a: Dragapult|U-turn|p1b: Klefki\n|-resisted|p1b: Klefki\n|-crit|p1b: Klefki\n|-damage|p1b: Klefki|0 fnt\n|faint|p1b: Klefki\n|\n|t:|1771153261\n|switch|p2a: Luxray|Luxray, L86, F|242/278|[from] U-turn\n|-ability|p2a: Luxray|Intimidate|boost\n|-unboost|p1a: Arceus|atk|1\n|move|p1a: Arceus|Gunk Shot|p2b: Terapagos\n|-damage|p2b: Terapagos|140/354\n|-enditem|p2b: Terapagos|Sitrus Berry|[eat]\n|-heal|p2b: Terapagos|228/354|[from] item: Sitrus Berry\n|move|p2b: Terapagos|Earth Power|p1a: Arceus\n|-supereffective|p1a: Arceus\n|-damage|p1a: Arceus|0 fnt\n|faint|p1a: Arceus\n|\n|upkeep\n|\n|t:|1771153277\n|switch|p1a: Talonflame|Talonflame, L82, F|262/262\n|switch|p1b: Darkrai|Darkrai, L80|170/243\n|turn|11\n|\n|t:|1771153288\n|-terastallize|p1a: Talonflame|Ground\n|move|p1a: Talonflame|Brave Bird|p2b: Terapagos\n|-damage|p2b: Terapagos|131/354\n|-damage|p1a: Talonflame|230/262|[from] Recoil\n|move|p1b: Darkrai|Dark Pulse|p2b: Terapagos\n|-damage|p2b: Terapagos|69/354\n|-damage|p1b: Darkrai|146/243|[from] item: Life Orb\n|move|p2a: Luxray|Wild Charge|p1b: Darkrai\n|-damage|p1b: Darkrai|31/243\n|-damage|p2a: Luxray|213/278|[from] Recoil\n|move|p2b: Terapagos|Tera Starstorm|p1b: Darkrai|[spread] p1a,p1b\n|-supereffective|p1a: Talonflame\n|-damage|p1a: Talonflame|0 fnt\n|-damage|p1b: Darkrai|0 fnt\n|faint|p1a: Talonflame\n|faint|p1b: Darkrai\n|\n|upkeep\n|l|☆alexpun\n|inactive|alexpun disconnected and has a minute to reconnect!\n|player|p1|\n|inactive|alexpun has 30 seconds to reconnect!\n|inactive|alexpun has 20 seconds to reconnect!\n|inactive|alexpun has 15 seconds to reconnect!\n|inactive|alexpun has 10 seconds to reconnect!\n|inactive|alexpun has 5 seconds to reconnect!\n|-message|alexpun lost due to inactivity.\n|\n|win|Darkkage24\n|raw|alexpun's rating: 1556 &rarr; <strong>1536</strong><br />(-20 for losing)\n|raw|Darkkage24's rating: 1562 &rarr; <strong>1582</strong><br />(+20 for winning)\n", "inputlog": ">version 686819e5e19f8a7fd2345cfc5a08a5085efa2cc3\n>start {\"formatid\":\"gen9randomdoublesbattle\",\"seed\":\"sodium,24853560bc173c1db84d5797c01d6e3d\",\"rated\":\"Rated battle\"}\n>player p1 {\"name\":\"alexpun\",\"avatar\":\"265\",\"rating\":1556,\"seed\":\"sodium,765f7260a36f8eeb668ad5a12bb41a6d\"}\n>player p2 {\"name\":\"Darkkage24\",\"avatar\":\"red\",\"rating\":1562,\"seed\":\"sodium,76dab775557ef87ccfb31fe03abf4193\"}\n>p1 switch 4, move focusblast +2\n>p2 move uturn +1, move icywind\n>p2 switch 6, pass\n>p1 move reflect, switch 3\n>p2 move playrough +2, move helpinghand -1\n>p1 move dazzlinggleam, move hammerarm +2\n>p2 move howl, move icywind\n>p2 pass, switch 3\n>p1 move dazzlinggleam, move hammerarm +1\n>p2 move throatchop +2, move voltswitch +1\n>p2 pass, switch 5\n>p2 switch 5, pass\n>p1 move lightscreen, switch 4\n>p2 move voltswitch +1, move calmmind terastallize\n>p2 switch 6, pass\n>p1 move thunderwave +1, move leafstorm +2\n>p2 switch 6, move protect\n>p1 switch 4, move leafstorm +2\n>p2 move voltswitch +1, move calmmind\n>p2 switch 6, pass\n>p1 move doubleedge +2, move helpinghand -1\n>p2 move uturn +2, move terastarstorm\n>p2 switch 6, pass\n>p1 switch 5, pass\n>p1 move gunkshot +2, move psychic +1\n>p2 move voltswitch +1, move earthpower +1\n>p2 switch 6, pass\n>p1 move gunkshot +2, switch 4\n>p2 move uturn +2, move earthpower +1\n>p2 switch 6, pass\n>p1 switch 6, switch 3\n>p1 move bravebird +2 terastallize, move darkpulse +2\n>p2 move wildcharge +2, move terastarstorm\n>forcelose p1", "uploadtime": 1771153366, "views": 70, "formatid": "gen9randomdoublesbattle", "rating": 1536, "private": 0, "password": null}