{"id": "gen9randomdoublesbattle-2537184267", "format": "[Gen 9] Random Doubles Battle", "players": ["seeyalaters", "Robokiller87"], "log": "|j|☆seeyalaters\n|j|☆Robokiller87\n|t:|1770775995\n|gametype|doubles\n|player|p1|seeyalaters|266|1559\n|player|p2|Robokiller87|2|1564\n|gen|9\n|tier|[Gen 9] Random Doubles Battle\n|rated|\n|rule|Species Clause: Limit one of each Pokémon\n|rule|HP Percentage Mod: HP is shown in percentages\n|rule|Illusion Level Mod: Illusion disguises the Pokémon's true level\n|rule|Sleep Clause Mod: Limit one foe put to sleep\n|\n|t:|1770775995\n|teamsize|p1|6\n|teamsize|p2|6\n|start\n|switch|p1a: Zekrom|Zekrom, L74|270/270\n|switch|p1b: Mightyena|Mightyena, L95, M|287/287\n|switch|p2a: Spectrier|Spectrier, L77|281/281\n|switch|p2b: Barraskewda|Barraskewda, L85, M|242/242\n|-ability|p1b: Mightyena|Intimidate|boost\n|-unboost|p2a: Spectrier|atk|1\n|-unboost|p2b: Barraskewda|atk|1\n|-ability|p1a: Zekrom|Teravolt\n|turn|1\n|inactive|Battle timer is ON: inactive players will automatically lose when time's up. (requested by seeyalaters)\n|\n|t:|1770776030\n|move|p2a: Spectrier|Protect|p2a: Spectrier\n|-singleturn|p2a: Spectrier|Protect\n|move|p2b: Barraskewda|Flip Turn|p1b: Mightyena\n|-damage|p1b: Mightyena|205/287\n|\n|t:|1770776038\n|switch|p2b: Mudsdale|Mudsdale, L84, M|305/305|[from] Flip Turn\n|move|p1b: Mightyena|Throat Chop|p2b: Mudsdale\n|-damage|p2b: Mudsdale|179/305\n|-start|p2b: Mudsdale|Throat Chop|[silent]\n|-ability|p2b: Mudsdale|Stamina|boost\n|-boost|p2b: Mudsdale|def|1\n|-damage|p1b: Mightyena|177/287|[from] item: Life Orb\n|move|p1a: Zekrom|Bolt Strike|p2a: Spectrier\n|-activate|p2a: Spectrier|move: Protect\n|\n|upkeep\n|turn|2\n|inactive|Robokiller87 has 120 seconds left.\n|\n|t:|1770776070\n|move|p1a: Zekrom|Protect|p1a: Zekrom\n|-singleturn|p1a: Zekrom|Protect\n|move|p2a: Spectrier|Draining Kiss|p1a: Zekrom\n|-activate|p1a: Zekrom|move: Protect\n|move|p1b: Mightyena|Throat Chop|p2a: Spectrier\n|-supereffective|p2a: Spectrier\n|-damage|p2a: Spectrier|0 fnt\n|faint|p2a: Spectrier\n|-damage|p1b: Mightyena|149/287|[from] item: Life Orb\n|move|p2b: Mudsdale|Body Press|p1b: Mightyena\n|-supereffective|p1b: Mightyena\n|-damage|p1b: Mightyena|0 fnt\n|faint|p1b: Mightyena\n|\n|-end|p2b: Mudsdale|Throat Chop|[silent]\n|upkeep\n|inactive|Robokiller87 has 120 seconds left.\n|\n|t:|1770776091\n|switch|p2a: Ludicolo|Ludicolo, L89, M|287/287\n|switch|p1b: Glaceon|Glaceon, L86, M|252/252\n|turn|3\n|inactive|Robokiller87 has 120 seconds left.\n|\n|t:|1770776112\n|move|p2a: Ludicolo|Fake Out|p1b: Glaceon\n|-damage|p1b: Glaceon|230/252\n|move|p1a: Zekrom|Bolt Strike|p2a: Ludicolo\n|-damage|p2a: Ludicolo|119/287\n|cant|p1b: Glaceon|flinch\n|move|p2b: Mudsdale|Body Press|p1b: Glaceon\n|-supereffective|p1b: Glaceon\n|-damage|p1b: Glaceon|92/252\n|\n|upkeep\n|turn|4\n|inactive|Robokiller87 has 120 seconds left.\n|\n|t:|1770776157\n|-terastallize|p2b: Mudsdale|Fighting\n|move|p1a: Zekrom|Bolt Strike|p2a: Ludicolo\n|-damage|p2a: Ludicolo|0 fnt\n|faint|p2a: Ludicolo\n|move|p1b: Glaceon|Blizzard|p2b: Mudsdale|[miss]\n|-miss|p1b: Glaceon|p2b: Mudsdale\n|-enditem|p1b: Glaceon|Blunder Policy\n|-boost|p1b: Glaceon|spe|2\n|move|p2b: Mudsdale|Rest|p2b: Mudsdale\n|-status|p2b: Mudsdale|slp|[from] move: Rest\n|-heal|p2b: Mudsdale|305/305 slp|[silent]\n|-enditem|p2b: Mudsdale|Chesto Berry|[eat]\n|-curestatus|p2b: Mudsdale|slp|[msg]\n|\n|upkeep\n|\n|t:|1770776166\n|switch|p2a: Florges|Florges-Orange, L84, F|268/268\n|turn|5\n|inactive|Robokiller87 has 120 seconds left.\n|\n|t:|1770776188\n|switch|p1a: Dodrio|Dodrio, L85, F|241/241\n|move|p1b: Glaceon|Blizzard|p2b: Mudsdale|[spread] \n|-miss|p1b: Glaceon|p2a: Florges\n|-miss|p1b: Glaceon|p2b: Mudsdale\n|move|p2a: Florges|Moonblast|p1a: Dodrio\n|-damage|p1a: Dodrio|88/241\n|move|p2b: Mudsdale|Body Press|p1b: Glaceon\n|-supereffective|p1b: Glaceon\n|-damage|p1b: Glaceon|0 fnt\n|faint|p1b: Glaceon\n|\n|upkeep\n|\n|t:|1770776202\n|switch|p1b: Skeledirge|Skeledirge, L80, M|298/298\n|turn|6\n|\n|t:|1770776216\n|-terastallize|p1b: Skeledirge|Water\n|move|p2a: Florges|Protect|p2a: Florges\n|-singleturn|p2a: Florges|Protect\n|move|p1a: Dodrio|Brave Bird|p2b: Mudsdale\n|-supereffective|p2b: Mudsdale\n|-damage|p2b: Mudsdale|71/305\n|-ability|p2b: Mudsdale|Stamina|boost\n|-boost|p2b: Mudsdale|def|1\n|-damage|p1a: Dodrio|11/241|[from] Recoil\n|-damage|p1a: Dodrio|0 fnt|[from] item: Life Orb\n|faint|p1a: Dodrio\n|move|p1b: Skeledirge|Torch Song|p2a: Florges\n|-activate|p2a: Florges|move: Protect\n|move|p2b: Mudsdale|High Horsepower|p1b: Skeledirge\n|-damage|p1b: Skeledirge|175/298\n|\n|-heal|p1b: Skeledirge|193/298|[from] item: Leftovers\n|upkeep\n|\n|t:|1770776235\n|switch|p1a: Electivire|Electivire, L86, M|269/269\n|turn|7\n|\n|t:|1770776254\n|move|p1a: Electivire|Wild Charge|p2a: Florges\n|-damage|p2a: Florges|126/268\n|-damage|p1a: Electivire|233/269|[from] Recoil\n|move|p2a: Florges|Calm Mind|p2a: Florges\n|-boost|p2a: Florges|spa|1\n|-boost|p2a: Florges|spd|1\n|move|p1b: Skeledirge|Torch Song|p2b: Mudsdale\n|-damage|p2b: Mudsdale|0 fnt\n|-boost|p1b: Skeledirge|spa|1\n|faint|p2b: Mudsdale\n|\n|-heal|p2a: Florges|142/268|[from] item: Leftovers\n|-heal|p1b: Skeledirge|211/298|[from] item: Leftovers\n|upkeep\n|\n|t:|1770776263\n|switch|p2b: Heracross|Heracross, L82, F|265/265\n|turn|8\n|\n|t:|1770776285\n|move|p2b: Heracross|Protect|p2b: Heracross\n|-singleturn|p2b: Heracross|Protect\n|move|p2a: Florges|Protect|p2a: Florges\n|-singleturn|p2a: Florges|Protect\n|move|p1a: Electivire|Wild Charge|p2a: Florges\n|-activate|p2a: Florges|move: Protect\n|move|p1b: Skeledirge|Torch Song|p2b: Heracross\n|-activate|p2b: Heracross|move: Protect\n|\n|-heal|p2a: Florges|158/268|[from] item: Leftovers\n|-heal|p1b: Skeledirge|229/298|[from] item: Leftovers\n|-status|p2b: Heracross|brn|[from] item: Flame Orb\n|upkeep\n|turn|9\n|\n|t:|1770776305\n|move|p1a: Electivire|Wild Charge|p2a: Florges\n|-damage|p2a: Florges|7/268\n|-damage|p1a: Electivire|195/269|[from] Recoil\n|move|p2b: Heracross|Facade|p1b: Skeledirge\n|-damage|p1b: Skeledirge|55/298\n|move|p2a: Florges|Synthesis|p2a: Florges\n|-heal|p2a: Florges|141/268\n|move|p1b: Skeledirge|Torch Song|p2b: Heracross\n|-supereffective|p2b: Heracross\n|-damage|p2b: Heracross|31/265 brn\n|-boost|p1b: Skeledirge|spa|1\n|\n|-heal|p2a: Florges|157/268|[from] item: Leftovers\n|-heal|p1b: Skeledirge|73/298|[from] item: Leftovers\n|-damage|p2b: Heracross|15/265 brn|[from] brn\n|upkeep\n|turn|10\n|\n|t:|1770776333\n|move|p2a: Florges|Protect|p2a: Florges\n|-singleturn|p2a: Florges|Protect\n|move|p1b: Skeledirge|Protect|p1b: Skeledirge\n|-singleturn|p1b: Skeledirge|Protect\n|move|p1a: Electivire|Wild Charge|p2a: Florges\n|-activate|p2a: Florges|move: Protect\n|move|p2b: Heracross|Facade|p1b: Skeledirge\n|-activate|p1b: Skeledirge|move: Protect\n|\n|-heal|p2a: Florges|173/268|[from] item: Leftovers\n|-heal|p1b: Skeledirge|91/298|[from] item: Leftovers\n|-damage|p2b: Heracross|0 fnt|[from] brn\n|faint|p2b: Heracross\n|upkeep\n|\n|t:|1770776335\n|switch|p2b: Barraskewda|Barraskewda, L85, M|242/242\n|turn|11\n|\n|t:|1770776352\n|move|p2b: Barraskewda|Waterfall|p1a: Electivire\n|-damage|p1a: Electivire|9/269\n|move|p1a: Electivire|Wild Charge|p2b: Barraskewda\n|-supereffective|p2b: Barraskewda\n|-damage|p2b: Barraskewda|0 fnt\n|faint|p2b: Barraskewda\n|-damage|p1a: Electivire|0 fnt|[from] Recoil\n|faint|p1a: Electivire\n|move|p2a: Florges|Moonblast|p1b: Skeledirge\n|-damage|p1b: Skeledirge|0 fnt\n|faint|p1b: Skeledirge\n|\n|-heal|p2a: Florges|189/268|[from] item: Leftovers\n|upkeep\n|\n|t:|1770776365\n|switch|p1b: Zekrom|Zekrom, L74|270/270\n|-ability|p1b: Zekrom|Teravolt\n|turn|12\n|\n|t:|1770776375\n|move|p1b: Zekrom|Bolt Strike|p2a: Florges\n|-damage|p2a: Florges|2/268\n|move|p2a: Florges|Moonblast|p1b: Zekrom\n|-supereffective|p1b: Zekrom\n|-damage|p1b: Zekrom|0 fnt\n|faint|p1b: Zekrom\n|\n|win|Robokiller87\n|raw|seeyalaters's rating: 1559 &rarr; <strong>1539</strong><br />(-20 for losing)\n|raw|Robokiller87's rating: 1564 &rarr; <strong>1584</strong><br />(+20 for winning)\n|l|☆seeyalaters\n|player|p1|\n|c|☆Robokiller87|geez\n|c|☆Robokiller87|gg\n", "inputlog": ">version ccdc32dd7cde25fd9e4bed64820e885f66e78a4e\n>start {\"formatid\":\"gen9randomdoublesbattle\",\"seed\":\"sodium,3be77261d79f887eaad3b87f515c6dbf\",\"rated\":\"Rated battle\"}\n>player p1 {\"name\":\"seeyalaters\",\"avatar\":\"266\",\"rating\":1559,\"seed\":\"sodium,225605787a90388cea3b5f93edb0de6c\"}\n>player p2 {\"name\":\"Robokiller87\",\"avatar\":\"2\",\"rating\":1564,\"seed\":\"sodium,27b93a961c14c6a9df82a3326685cc7d\"}\n>p1 move boltstrike +1, move throatchop +2\n>p2 move protect, move flipturn +2\n>p2 pass, switch 6\n>p1 move protect, move throatchop +1\n>p2 move drainingkiss +1, move bodypress +2\n>p1 pass, switch 6\n>p2 switch 3, pass\n>p1 move boltstrike +1, move blizzard\n>p2 move fakeout +2, move bodypress +2\n>p1 move boltstrike +1, move blizzard\n>p2 move icywind, move rest terastallize\n>p2 switch 5, pass\n>p1 switch 3, move blizzard\n>p2 move moonblast +1, move bodypress +2\n>p1 pass, switch 4\n>p1 move bravebird +2, move torchsong +1 terastallize\n>p2 move protect, move highhorsepower +2\n>p1 switch 5, pass\n>p1 move wildcharge +1, move torchsong +2\n>p2 move calmmind, move highhorsepower +1\n>p2 pass, switch 4\n>p1 move wildcharge +1, move torchsong +2\n>p2 move protect, move protect\n>p1 move wildcharge +1, move torchsong +2\n>p2 move synthesis, move facade +2\n>p1 move wildcharge +1, move protect\n>p2 move protect, move facade +2\n>p2 pass, switch 6\n>p1 move wildcharge +2, move slackoff\n>p2 move moonblast +2, move waterfall +1\n>p1 pass, switch 3\n>p1 pass, move boltstrike +1\n>p2 move moonblast +2, pass", "uploadtime": 1770776442, "views": 68, "formatid": "gen9randomdoublesbattle", "rating": 1539, "private": 0, "password": null}