{"id": "gen9randomdoublesbattle-2535325718", "format": "[Gen 9] Random Doubles Battle", "players": ["AquaArsh3546", "running shoes dash"], "log": "|j|☆AquaArsh3546\n|j|☆running shoes dash\n|t:|1770552333\n|gametype|doubles\n|player|p1|AquaArsh3546|dawn|1806\n|player|p2|running shoes dash|266|1655\n|gen|9\n|tier|[Gen 9] Random Doubles Battle\n|rated|\n|rule|Species Clause: Limit one of each Pokémon\n|rule|HP Percentage Mod: HP is shown in percentages\n|rule|Illusion Level Mod: Illusion disguises the Pokémon's true level\n|rule|Sleep Clause Mod: Limit one foe put to sleep\n|\n|t:|1770552333\n|teamsize|p1|6\n|teamsize|p2|6\n|start\n|switch|p1a: Raging Bolt|Raging Bolt, L77|319/319\n|switch|p1b: Chimecho|Chimecho, L94, F|293/293\n|switch|p2a: Florges|Florges-Blue, L84, F|268/268\n|switch|p2b: Jumpluff|Jumpluff, L92, M|287/287\n|turn|1\n|inactive|Battle timer is ON: inactive players will automatically lose when time's up. (requested by AquaArsh3546)\n|\n|t:|1770552357\n|-end|p1a: Raging Bolt|Protosynthesis|[silent]\n|switch|p1a: Donphan|Donphan, L87, M|298/298\n|move|p2b: Jumpluff|Tailwind|p2b: Jumpluff\n|-sidestart|p2: running shoes dash|move: Tailwind\n|move|p2a: Florges|Dazzling Gleam|p1b: Chimecho|[spread] p1a,p1b\n|-damage|p1a: Donphan|238/298\n|-damage|p1b: Chimecho|230/293\n|move|p1b: Chimecho|Icy Wind|p2a: Florges|[spread] p2a,p2b\n|-supereffective|p2b: Jumpluff\n|-damage|p2a: Florges|244/268\n|-damage|p2b: Jumpluff|159/287\n|-unboost|p2a: Florges|spe|1\n|\n|-heal|p2a: Florges|260/268|[from] item: Leftovers\n|upkeep\n|turn|2\n|inactive|running shoes dash has 120 seconds left.\n|inactive|AquaArsh3546 has 120 seconds left.\n|inactive|running shoes dash has 90 seconds left.\n|\n|t:|1770552427\n|switch|p2b: Incineroar|Incineroar, L78, F|276/276\n|-ability|p2b: Incineroar|Intimidate|boost\n|-unboost|p1a: Donphan|atk|1\n|-unboost|p1b: Chimecho|atk|1\n|switch|p2a: Hippowdon|Hippowdon, L86, F|326/326\n|-weather|Sandstorm|[from] ability: Sand Stream|[of] p2a: Hippowdon\n|move|p1b: Chimecho|Icy Wind|p2a: Hippowdon|[spread] p2a,p2b\n|-supereffective|p2a: Hippowdon\n|-resisted|p2b: Incineroar\n|-damage|p2a: Hippowdon|240/326\n|-damage|p2b: Incineroar|258/276\n|-unboost|p2a: Hippowdon|spe|1\n|-unboost|p2b: Incineroar|spe|1\n|move|p1a: Donphan|High Horsepower|p2a: Hippowdon\n|-damage|p2a: Hippowdon|171/326\n|\n|-weather|Sandstorm|[upkeep]\n|-damage|p2b: Incineroar|241/276|[from] Sandstorm\n|-damage|p1b: Chimecho|212/293|[from] Sandstorm\n|-heal|p2a: Hippowdon|191/326|[from] item: Leftovers\n|upkeep\n|turn|3\n|inactive|running shoes dash has 90 seconds left.\n|inactive|AquaArsh3546 has 120 seconds left.\n|\n|t:|1770552458\n|move|p2b: Incineroar|Parting Shot|p1a: Donphan\n|-unboost|p1a: Donphan|atk|1\n|-unboost|p1a: Donphan|spa|1\n|\n|t:|1770552464\n|switch|p2b: Jumpluff|Jumpluff, L92, M|159/287|[from] Parting Shot\n|move|p1b: Chimecho|Snarl|p2a: Hippowdon|[spread] p2a,p2b\n|-damage|p2a: Hippowdon|152/326\n|-damage|p2b: Jumpluff|128/287\n|-unboost|p2a: Hippowdon|spa|1\n|-unboost|p2b: Jumpluff|spa|1\n|move|p2a: Hippowdon|Stealth Rock|p1a: Donphan\n|-sidestart|p1: AquaArsh3546|move: Stealth Rock\n|move|p1a: Donphan|High Horsepower|p2b: Jumpluff\n|-immune|p2b: Jumpluff\n|\n|-weather|Sandstorm|[upkeep]\n|-damage|p2b: Jumpluff|111/287|[from] Sandstorm\n|-damage|p1b: Chimecho|194/293|[from] Sandstorm\n|-heal|p2a: Hippowdon|172/326|[from] item: Leftovers\n|upkeep\n|turn|4\n|\n|t:|1770552480\n|move|p2b: Jumpluff|Strength Sap|p1a: Donphan\n|-unboost|p1a: Donphan|atk|1\n|-heal|p2b: Jumpluff|240/287\n|move|p1b: Chimecho|Icy Wind|p2a: Hippowdon|[spread] p2a,p2b\n|-supereffective|p2a: Hippowdon\n|-supereffective|p2b: Jumpluff\n|-damage|p2a: Hippowdon|92/326\n|-damage|p2b: Jumpluff|120/287\n|-unboost|p2a: Hippowdon|spe|1\n|-unboost|p2b: Jumpluff|spe|1\n|move|p1a: Donphan|Knock Off|p2a: Hippowdon\n|-damage|p2a: Hippowdon|66/326\n|-enditem|p2a: Hippowdon|Leftovers|[from] move: Knock Off|[of] p1a: Donphan\n|move|p2a: Hippowdon|Slack Off|p2a: Hippowdon\n|-heal|p2a: Hippowdon|229/326\n|\n|-weather|Sandstorm|[upkeep]\n|-damage|p2b: Jumpluff|103/287|[from] Sandstorm\n|-damage|p1b: Chimecho|176/293|[from] Sandstorm\n|-sideend|p2: running shoes dash|move: Tailwind\n|upkeep\n|turn|5\n|inactive|running shoes dash has 90 seconds left.\n|\n|t:|1770552518\n|switch|p2b: Incineroar|Incineroar, L78, F|241/276\n|-ability|p2b: Incineroar|Intimidate|boost\n|-unboost|p1a: Donphan|atk|1\n|-unboost|p1b: Chimecho|atk|1\n|switch|p1a: Basculegion|Basculegion-F, L72, F|292/292\n|-damage|p1a: Basculegion|256/292|[from] Stealth Rock\n|move|p1b: Chimecho|Icy Wind|p2b: Incineroar|[spread] p2a,p2b\n|-supereffective|p2a: Hippowdon\n|-resisted|p2b: Incineroar\n|-damage|p2a: Hippowdon|143/326\n|-damage|p2b: Incineroar|223/276\n|-unboost|p2a: Hippowdon|spe|1\n|-unboost|p2b: Incineroar|spe|1\n|move|p2a: Hippowdon|High Horsepower|p1a: Basculegion\n|-damage|p1a: Basculegion|72/292\n|\n|-weather|Sandstorm|[upkeep]\n|-damage|p1a: Basculegion|54/292|[from] Sandstorm\n|-damage|p1b: Chimecho|158/293|[from] Sandstorm\n|-damage|p2b: Incineroar|206/276|[from] Sandstorm\n|upkeep\n|turn|6\n|inactive|running shoes dash has 90 seconds left.\n|\n|t:|1770552561\n|switch|p2b: Jumpluff|Jumpluff, L92, M|103/287\n|move|p1a: Basculegion|Muddy Water|p2a: Hippowdon|[spread] p2a,p2b\n|-supereffective|p2a: Hippowdon\n|-resisted|p2b: Jumpluff\n|-damage|p2a: Hippowdon|0 fnt\n|-damage|p2b: Jumpluff|69/287\n|faint|p2a: Hippowdon\n|move|p1b: Chimecho|Heal Pulse|p1a: Basculegion\n|-heal|p1a: Basculegion|200/292\n|\n|-weather|none\n|upkeep\n|\n|t:|1770552574\n|switch|p2a: Incineroar|Incineroar, L78, F|206/276\n|-ability|p2a: Incineroar|Intimidate|boost\n|-unboost|p1a: Basculegion|atk|1\n|-unboost|p1b: Chimecho|atk|1\n|turn|7\n|\n|t:|1770552588\n|switch|p1a: Raging Bolt|Raging Bolt, L77|319/319\n|-damage|p1a: Raging Bolt|280/319|[from] Stealth Rock\n|move|p2b: Jumpluff|Strength Sap|p1a: Raging Bolt\n|-unboost|p1a: Raging Bolt|atk|1\n|-heal|p2b: Jumpluff|186/287\n|move|p1b: Chimecho|Icy Wind|p2a: Incineroar|[spread] p2a,p2b\n|-resisted|p2a: Incineroar\n|-supereffective|p2b: Jumpluff\n|-damage|p2a: Incineroar|189/276\n|-damage|p2b: Jumpluff|70/287\n|-unboost|p2a: Incineroar|spe|1\n|-unboost|p2b: Jumpluff|spe|1\n|move|p2a: Incineroar|Knock Off|p1a: Raging Bolt\n|-damage|p1a: Raging Bolt|171/319\n|-enditem|p1a: Raging Bolt|Leftovers|[from] move: Knock Off|[of] p2a: Incineroar\n|\n|upkeep\n|turn|8\n|inactive|running shoes dash has 90 seconds left.\n|\n|t:|1770552620\n|move|p1b: Chimecho|Icy Wind|p2b: Jumpluff|[spread] p2a,p2b\n|-resisted|p2a: Incineroar\n|-supereffective|p2b: Jumpluff\n|-damage|p2a: Incineroar|171/276\n|-damage|p2b: Jumpluff|0 fnt\n|-unboost|p2a: Incineroar|spe|1\n|faint|p2b: Jumpluff\n|move|p1a: Raging Bolt|Calm Mind|p1a: Raging Bolt\n|-boost|p1a: Raging Bolt|spa|1\n|-boost|p1a: Raging Bolt|spd|1\n|move|p2a: Incineroar|Parting Shot|p1a: Raging Bolt\n|-unboost|p1a: Raging Bolt|atk|1\n|-unboost|p1a: Raging Bolt|spa|1\n|\n|t:|1770552635\n|switch|p2a: Florges|Florges-Blue, L84, F|260/268|[from] Parting Shot\n|\n|-heal|p2a: Florges|268/268|[from] item: Leftovers\n|upkeep\n|\n|t:|1770552639\n|switch|p2b: Incineroar|Incineroar, L78, F|171/276\n|-ability|p2b: Incineroar|Intimidate|boost\n|-unboost|p1a: Raging Bolt|atk|1\n|-unboost|p1b: Chimecho|atk|1\n|turn|9\n|\n|t:|1770552651\n|move|p1a: Raging Bolt|Protect|p1a: Raging Bolt\n|-singleturn|p1a: Raging Bolt|Protect\n|move|p2b: Incineroar|Fake Out|p1a: Raging Bolt\n|-activate|p1a: Raging Bolt|move: Protect\n|move|p1b: Chimecho|Psychic|p2a: Florges\n|-damage|p2a: Florges|195/268\n|move|p2a: Florges|Dazzling Gleam|p1b: Chimecho|[spread] p1b\n|-activate|p1a: Raging Bolt|move: Protect\n|-crit|p1b: Chimecho\n|-damage|p1b: Chimecho|68/293\n|-enditem|p1b: Chimecho|Sitrus Berry|[eat]\n|-heal|p1b: Chimecho|141/293|[from] item: Sitrus Berry\n|\n|-heal|p2a: Florges|211/268|[from] item: Leftovers\n|upkeep\n|turn|10\n|\n|t:|1770552672\n|move|p1a: Raging Bolt|Thunderclap|p2a: Florges\n|-damage|p2a: Florges|162/268\n|move|p1b: Chimecho|Snarl|p2b: Incineroar|[spread] p2a,p2b\n|-resisted|p2a: Florges\n|-resisted|p2b: Incineroar\n|-damage|p2a: Florges|151/268\n|-damage|p2b: Incineroar|153/276\n|-unboost|p2a: Florges|spa|1\n|-unboost|p2b: Incineroar|spa|1\n|move|p2a: Florges|Dazzling Gleam|p1b: Chimecho|[spread] p1a,p1b\n|-supereffective|p1a: Raging Bolt\n|-damage|p1a: Raging Bolt|105/319\n|-damage|p1b: Chimecho|102/293\n|move|p2b: Incineroar|Flare Blitz|p1a: Raging Bolt\n|-resisted|p1a: Raging Bolt\n|-damage|p1a: Raging Bolt|37/319\n|-status|p1a: Raging Bolt|brn\n|-damage|p2b: Incineroar|131/276|[from] Recoil\n|\n|-heal|p2a: Florges|167/268|[from] item: Leftovers\n|-damage|p1a: Raging Bolt|18/319 brn|[from] brn\n|upkeep\n|turn|11\n|inactive|running shoes dash has 120 seconds left.\n|\n|t:|1770552693\n|switch|p2b: Seviper|Seviper, L96, M|296/296\n|move|p2a: Florges|Protect|p2a: Florges\n|-singleturn|p2a: Florges|Protect\n|move|p1b: Chimecho|Heal Pulse|p1a: Raging Bolt\n|-heal|p1a: Raging Bolt|178/319 brn\n|move|p1a: Raging Bolt|Calm Mind|p1a: Raging Bolt\n|-boost|p1a: Raging Bolt|spa|1\n|-boost|p1a: Raging Bolt|spd|1\n|\n|-heal|p2a: Florges|183/268|[from] item: Leftovers\n|-damage|p1a: Raging Bolt|159/319 brn|[from] brn\n|upkeep\n|turn|12\n|inactive|running shoes dash has 120 seconds left.\n|\n|t:|1770552720\n|switch|p2a: Incineroar|Incineroar, L78, F|131/276\n|-ability|p2a: Incineroar|Intimidate|boost\n|-unboost|p1a: Raging Bolt|atk|1\n|-unboost|p1b: Chimecho|atk|1\n|move|p1a: Raging Bolt|Protect|p1a: Raging Bolt\n|-singleturn|p1a: Raging Bolt|Protect\n|move|p2b: Seviper|Gunk Shot|p1a: Raging Bolt\n|-activate|p1a: Raging Bolt|move: Protect\n|move|p1b: Chimecho|Psychic|p2b: Seviper\n|-supereffective|p2b: Seviper\n|-damage|p2b: Seviper|12/296\n|\n|-damage|p1a: Raging Bolt|140/319 brn|[from] brn\n|upkeep\n|turn|13\n|\n|t:|1770552736\n|move|p1a: Raging Bolt|Thunderclap|p2b: Seviper\n|-crit|p2b: Seviper\n|-damage|p2b: Seviper|0 fnt\n|faint|p2b: Seviper\n|move|p1b: Chimecho|Heal Pulse|p1a: Raging Bolt\n|-heal|p1a: Raging Bolt|300/319 brn\n|move|p2a: Incineroar|Knock Off|p1b: Chimecho\n|-supereffective|p1b: Chimecho\n|-damage|p1b: Chimecho|0 fnt\n|faint|p1b: Chimecho\n|\n|-damage|p1a: Raging Bolt|281/319 brn|[from] brn\n|upkeep\n|\n|t:|1770552750\n|switch|p2b: Florges|Florges-Blue, L84, F|183/268\n|switch|p1b: Basculegion|Basculegion-F, L72, F|200/292\n|-damage|p1b: Basculegion|164/292|[from] Stealth Rock\n|turn|14\n|\n|t:|1770552773\n|-terastallize|p2a: Incineroar|Water\n|move|p1b: Basculegion|Wave Crash|p2b: Florges\n|-damage|p2b: Florges|47/268\n|-damage|p1b: Basculegion|119/292|[from] Recoil\n|move|p2b: Florges|Dazzling Gleam|p1b: Basculegion|[spread] p1a,p1b\n|-supereffective|p1a: Raging Bolt\n|-damage|p1a: Raging Bolt|209/319 brn\n|-damage|p1b: Basculegion|23/292\n|move|p1a: Raging Bolt|Dragon Pulse|p2a: Incineroar\n|-damage|p2a: Incineroar|0 fnt\n|faint|p2a: Incineroar\n|\n|-heal|p2b: Florges|63/268|[from] item: Leftovers\n|-damage|p1a: Raging Bolt|190/319 brn|[from] brn\n|upkeep\n|\n|t:|1770552786\n|switch|p2a: Jolteon|Jolteon, L85, M|249/249\n|turn|15\n|\n|t:|1770552795\n|move|p2a: Jolteon|Calm Mind|p2a: Jolteon\n|-boost|p2a: Jolteon|spa|1\n|-boost|p2a: Jolteon|spd|1\n|move|p1b: Basculegion|Wave Crash|p2a: Jolteon\n|-damage|p2a: Jolteon|87/249\n|-damage|p1b: Basculegion|0 fnt|[from] Recoil\n|faint|p1b: Basculegion\n|move|p2b: Florges|Dazzling Gleam|p1a: Raging Bolt\n|-supereffective|p1a: Raging Bolt\n|-damage|p1a: Raging Bolt|92/319 brn\n|move|p1a: Raging Bolt|Dragon Pulse|p2a: Jolteon\n|-damage|p2a: Jolteon|0 fnt\n|faint|p2a: Jolteon\n|\n|-heal|p2b: Florges|79/268|[from] item: Leftovers\n|-damage|p1a: Raging Bolt|73/319 brn|[from] brn\n|upkeep\n|\n|t:|1770552799\n|switch|p1b: Donphan|Donphan, L87, M|238/298\n|-damage|p1b: Donphan|220/298|[from] Stealth Rock\n|turn|16\n|-message|running shoes dash forfeited.\n|\n|win|AquaArsh3546\n|raw|AquaArsh3546's rating: 1806 &rarr; <strong>1818</strong><br />(+12 for winning)\n|raw|running shoes dash's rating: 1655 &rarr; <strong>1643</strong><br />(-12 for losing)\n|l|☆running shoes dash\n|player|p2|\n", "inputlog": ">version ccdc32dd7cde25fd9e4bed64820e885f66e78a4e\n>start {\"formatid\":\"gen9randomdoublesbattle\",\"seed\":\"sodium,1f725a9f0aaeb1531e171d1720e73f1f\",\"rated\":\"Rated battle\"}\n>player p1 {\"name\":\"AquaArsh3546\",\"avatar\":\"dawn\",\"rating\":1806,\"seed\":\"sodium,94b514ce3c466ad7b207546c42a6c7dd\"}\n>player p2 {\"name\":\"running shoes dash\",\"avatar\":\"266\",\"rating\":1655,\"seed\":\"sodium,94289fa9b75a91e5494a7e2d3a617ea0\"}\n>p1 switch 5, move icywind\n>p2 move dazzlinggleam, move tailwind\n>p1 move highhorsepower +1, move icywind\n>p2 switch 4, switch 3\n>p1 move highhorsepower +2, move snarl\n>p2 move stealthrock, move partingshot +1\n>p2 pass, switch 3\n>p1 move knockoff +1, move icywind\n>p2 move slackoff, move strengthsap +1\n>p1 switch 4, move icywind\n>p2 move highhorsepower +1, switch 3\n>p1 move muddywater, move healpulse -1\n>p2 move highhorsepower +1, switch 3\n>p2 switch 3, pass\n>p1 switch 5, move icywind\n>p2 move knockoff +1, move strengthsap +1\n>p1 move calmmind, move icywind\n>p2 move partingshot +1, move tailwind\n>p2 switch 4, pass\n>p2 pass, switch 4\n>p1 move protect, move psychic +1\n>p2 move dazzlinggleam, move fakeout +1\n>p1 move thunderclap +1, move snarl\n>p2 move dazzlinggleam, move flareblitz +1\n>p1 move calmmind, move healpulse -1\n>p2 move protect, switch 6\n>p1 move protect, move psychic +2\n>p2 switch 6, move gunkshot +1\n>p1 move thunderclap +2, move healpulse -1\n>p2 move knockoff +2, move gunkshot +1\n>p1 pass, switch 5\n>p2 pass, switch 6\n>p1 move dragonpulse +1, move wavecrash +2\n>p2 move knockoff +2 terastallize, move dazzlinggleam\n>p2 switch 5, pass\n>p1 move dragonpulse +1, move wavecrash +1\n>p2 move calmmind, move dazzlinggleam\n>p1 pass, switch 4\n>forcelose p2", "uploadtime": 1770552838, "views": 90, "formatid": "gen9randomdoublesbattle", "rating": 1643, "private": 0, "password": null}