{"id": "gen9randomdoublesbattle-2537895489", "format": "[Gen 9] Random Doubles Battle", "players": ["Arbitrary Noob", "pejelegante"], "log": "|j|☆Arbitrary Noob\n|j|☆pejelegante\n|t:|1770860694\n|gametype|doubles\n|player|p1|Arbitrary Noob|pokemaniac|1821\n|player|p2|pejelegante|hugh|1849\n|gen|9\n|tier|[Gen 9] Random Doubles Battle\n|rated|\n|rule|Species Clause: Limit one of each Pokémon\n|rule|HP Percentage Mod: HP is shown in percentages\n|rule|Illusion Level Mod: Illusion disguises the Pokémon's true level\n|rule|Sleep Clause Mod: Limit one foe put to sleep\n|\n|t:|1770860694\n|teamsize|p1|6\n|teamsize|p2|6\n|start\n|switch|p1a: Baxcalibur|Baxcalibur, L78, M|307/307\n|switch|p1b: Corviknight|Corviknight, L80, F|288/288\n|switch|p2a: Venomoth|Venomoth, L90, M|272/272\n|switch|p2b: Dodrio|Dodrio, L85, M|241/241\n|turn|1\n|inactive|Battle timer is ON: inactive players will automatically lose when time's up. (requested by pejelegante)\n|c|☆Arbitrary Noob|gl hf o/\n|\n|t:|1770860715\n|move|p2b: Dodrio|Brave Bird|p1a: Baxcalibur\n|-damage|p1a: Baxcalibur|99/307\n|-damage|p2b: Dodrio|172/241|[from] Recoil\n|-damage|p2b: Dodrio|148/241|[from] item: Life Orb\n|move|p2a: Venomoth|Quiver Dance|p2a: Venomoth\n|-boost|p2a: Venomoth|spa|1\n|-boost|p2a: Venomoth|spd|1\n|-boost|p2a: Venomoth|spe|1\n|move|p1a: Baxcalibur|Swords Dance|p1a: Baxcalibur\n|-boost|p1a: Baxcalibur|atk|2\n|move|p1b: Corviknight|Tailwind|p1b: Corviknight\n|-sidestart|p1: Arbitrary Noob|move: Tailwind\n|\n|upkeep\n|turn|2\n|\n|t:|1770860734\n|move|p2b: Dodrio|Protect|p2b: Dodrio\n|-singleturn|p2b: Dodrio|Protect\n|move|p1a: Baxcalibur|Icicle Spear|p2a: Venomoth\n|-damage|p2a: Venomoth|190/272\n|-damage|p2a: Venomoth|111/272\n|-damage|p2a: Venomoth|27/272\n|-damage|p2a: Venomoth|0 fnt\n|faint|p2a: Venomoth\n|-hitcount|p2: Venomoth|4\n|move|p1b: Corviknight|Brave Bird|p2b: Dodrio\n|-activate|p2b: Dodrio|move: Protect\n|\n|upkeep\n|\n|t:|1770860744\n|switch|p2a: Magnezone|Magnezone, L84|255/255\n|turn|3\n|\n|t:|1770860758\n|-terastallize|p1b: Corviknight|Fighting\n|move|p2b: Dodrio|Quick Attack|p1a: Baxcalibur\n|-damage|p1a: Baxcalibur|35/307\n|-damage|p2b: Dodrio|124/241|[from] item: Life Orb\n|move|p1a: Baxcalibur|Icicle Spear|p2b: Dodrio\n|-supereffective|p2b: Dodrio\n|-damage|p2b: Dodrio|0 fnt\n|faint|p2b: Dodrio\n|-hitcount|p2: Dodrio|1\n|move|p1b: Corviknight|Body Press|p2a: Magnezone\n|-supereffective|p2a: Magnezone\n|-damage|p2a: Magnezone|127/255\n|move|p2a: Magnezone|Electroweb|p1a: Baxcalibur|[spread] p1a,p1b\n|-resisted|p1a: Baxcalibur\n|-damage|p1a: Baxcalibur|2/307\n|-damage|p1b: Corviknight|233/288\n|-unboost|p1a: Baxcalibur|spe|1\n|-ability|p1b: Corviknight|Mirror Armor\n|-unboost|p2a: Magnezone|spe|1\n|\n|-heal|p1b: Corviknight|251/288|[from] item: Leftovers\n|upkeep\n|\n|t:|1770860775\n|switch|p2b: Farigiraf|Farigiraf, L84, M|339/339\n|turn|4\n|\n|t:|1770860787\n|move|p1b: Corviknight|Body Press|p2a: Magnezone\n|-supereffective|p2a: Magnezone\n|-damage|p2a: Magnezone|0 fnt\n|faint|p2a: Magnezone\n|move|p1a: Baxcalibur|Icicle Spear|p2b: Farigiraf\n|-damage|p2b: Farigiraf|267/339\n|-damage|p2b: Farigiraf|188/339\n|-damage|p2b: Farigiraf|119/339\n|-enditem|p2b: Farigiraf|Sitrus Berry|[eat]\n|-heal|p2b: Farigiraf|203/339|[from] item: Sitrus Berry\n|-damage|p2b: Farigiraf|130/339\n|-hitcount|p2b: Farigiraf|4\n|move|p2b: Farigiraf|Trick Room|p2b: Farigiraf\n|-fieldstart|move: Trick Room|[of] p2b: Farigiraf\n|\n|-heal|p1b: Corviknight|269/288|[from] item: Leftovers\n|-sideend|p1: Arbitrary Noob|move: Tailwind\n|upkeep\n|\n|t:|1770860790\n|switch|p2a: Golurk|Golurk, L86|293/293\n|turn|5\n|inactive|pejelegante has 120 seconds left.\n|\n|t:|1770860833\n|switch|p1b: Uxie|Uxie, L85|266/266\n|move|p1a: Baxcalibur|Protect|p1a: Baxcalibur\n|-singleturn|p1a: Baxcalibur|Protect\n|move|p2b: Farigiraf|Hyper Voice|p1b: Uxie|[spread] p1b\n|-activate|p1a: Baxcalibur|move: Protect\n|-damage|p1b: Uxie|212/266\n|move|p2a: Golurk|Poltergeist|p1b: Uxie\n|-activate|p1b: Uxie|move: Poltergeist|Sitrus Berry\n|-supereffective|p1b: Uxie\n|-damage|p1b: Uxie|2/266\n|-enditem|p1b: Uxie|Sitrus Berry|[eat]\n|-heal|p1b: Uxie|68/266|[from] item: Sitrus Berry\n|\n|upkeep\n|turn|6\n|\n|t:|1770860848\n|move|p1a: Baxcalibur|Protect|p1a: Baxcalibur\n|-singleturn|p1a: Baxcalibur|Protect\n|move|p2b: Farigiraf|Hyper Voice|p1b: Uxie|[spread] p1b\n|-activate|p1a: Baxcalibur|move: Protect\n|-damage|p1b: Uxie|10/266\n|move|p2a: Golurk|Stone Edge|p1b: Uxie\n|-damage|p1b: Uxie|0 fnt\n|faint|p1b: Uxie\n|\n|upkeep\n|\n|t:|1770860861\n|switch|p1b: Toxapex|Toxapex, L92, F|241/241\n|turn|7\n|c|☆pejelegante|Glhf For you too ^^, I just saw that you posted it first hehe\n|\n|t:|1770860888\n|move|p2b: Farigiraf|Hyper Voice|p1a: Baxcalibur|[spread] p1a,p1b\n|-damage|p1a: Baxcalibur|0 fnt\n|-damage|p1b: Toxapex|193/241\n|faint|p1a: Baxcalibur\n|move|p1b: Toxapex|Toxic|p2b: Farigiraf\n|-status|p2b: Farigiraf|tox\n|move|p2a: Golurk|High Horsepower|p1b: Toxapex\n|-supereffective|p1b: Toxapex\n|-damage|p1b: Toxapex|47/241\n|\n|-heal|p1b: Toxapex|62/241|[from] item: Leftovers\n|-damage|p2b: Farigiraf|109/339 tox|[from] psn\n|upkeep\n|\n|t:|1770860892\n|switch|p1a: Cinccino|Cinccino, L85, M|266/266\n|turn|8\n|\n|t:|1770860902\n|move|p1b: Toxapex|Baneful Bunker|p1b: Toxapex\n|-singleturn|p1b: Toxapex|move: Protect\n|move|p1a: Cinccino|Protect|p1a: Cinccino\n|-singleturn|p1a: Cinccino|Protect\n|move|p2b: Farigiraf|Psychic|p1b: Toxapex\n|-activate|p1b: Toxapex|move: Protect\n|move|p2a: Golurk|Dynamic Punch|p1a: Cinccino\n|-activate|p1a: Cinccino|move: Protect\n|\n|-heal|p1b: Toxapex|77/241|[from] item: Leftovers\n|-damage|p2b: Farigiraf|67/339 tox|[from] psn\n|-fieldend|move: Trick Room\n|upkeep\n|turn|9\n|\n|t:|1770860916\n|switch|p1b: Corviknight|Corviknight, L80, F, tera:Fighting|269/288\n|move|p1a: Cinccino|Knock Off|p2b: Farigiraf\n|-supereffective|p2b: Farigiraf\n|-damage|p2b: Farigiraf|0 fnt\n|faint|p2b: Farigiraf\n|move|p2a: Golurk|High Horsepower|p1b: Corviknight\n|-damage|p1b: Corviknight|148/288\n|\n|-heal|p1b: Corviknight|166/288|[from] item: Leftovers\n|upkeep\n|\n|t:|1770860921\n|switch|p2b: Ogerpon|Ogerpon-Wellspring, L77, F|250/250\n|turn|10\n|\n|t:|1770860942\n|move|p2b: Ogerpon|Spiky Shield|p2b: Ogerpon\n|-singleturn|p2b: Ogerpon|move: Protect\n|move|p1a: Cinccino|Triple Axel|p2a: Golurk\n|-supereffective|p2a: Golurk\n|-damage|p2a: Golurk|243/293\n|-supereffective|p2a: Golurk\n|-damage|p2a: Golurk|145/293\n|-supereffective|p2a: Golurk\n|-damage|p2a: Golurk|9/293\n|-hitcount|p2a: Golurk|3\n|move|p1b: Corviknight|Tailwind|p1b: Corviknight\n|-sidestart|p1: Arbitrary Noob|move: Tailwind\n|move|p2a: Golurk|Dynamic Punch|p1a: Cinccino\n|-supereffective|p1a: Cinccino\n|-damage|p1a: Cinccino|34/266\n|-start|p1a: Cinccino|confusion\n|\n|-heal|p1b: Corviknight|184/288|[from] item: Leftovers\n|upkeep\n|turn|11\n|\n|t:|1770860961\n|-terastallize|p2b: Ogerpon|Water\n|detailschange|p2b: Ogerpon|Ogerpon-Wellspring-Tera, L77, F, tera:Water\n|-ability|p2b: Ogerpon|Embody Aspect (Wellspring)|boost\n|-boost|p2b: Ogerpon|spd|1\n|move|p2b: Ogerpon|Follow Me|p2b: Ogerpon\n|-singleturn|p2b: Ogerpon|move: Follow Me\n|-activate|p1a: Cinccino|confusion\n|move|p1a: Cinccino|Tail Slap|p2b: Ogerpon\n|-damage|p2b: Ogerpon|204/250\n|-damage|p2b: Ogerpon|161/250\n|-crit|p2b: Ogerpon\n|-damage|p2b: Ogerpon|89/250\n|-damage|p2b: Ogerpon|40/250\n|-damage|p2b: Ogerpon|0 fnt\n|faint|p2b: Ogerpon\n|detailschange|p2: Ogerpon|Ogerpon-Wellspring, L77, F|[silent]\n|-hitcount|p2: Ogerpon|5\n|move|p1b: Corviknight|Brave Bird|p2a: Golurk\n|-damage|p2a: Golurk|0 fnt\n|faint|p2a: Golurk\n|-damage|p1b: Corviknight|181/288|[from] Recoil\n|\n|win|Arbitrary Noob\n|raw|Arbitrary Noob's rating: 1821 &rarr; <strong>1843</strong><br />(+22 for winning)\n|raw|pejelegante's rating: 1849 &rarr; <strong>1827</strong><br />(-22 for losing)\n|c|☆Arbitrary Noob|gg\n|c|☆pejelegante|Gg\n", "inputlog": ">version ccdc32dd7cde25fd9e4bed64820e885f66e78a4e\n>start {\"formatid\":\"gen9randomdoublesbattle\",\"seed\":\"sodium,ace869a30630fa404315b4af0d52c2ec\",\"rated\":\"Rated battle\"}\n>player p1 {\"name\":\"Arbitrary Noob\",\"avatar\":\"pokemaniac\",\"rating\":1821,\"seed\":\"sodium,a1edcee2a766878285c784e8934211f3\"}\n>player p2 {\"name\":\"pejelegante\",\"avatar\":\"hugh\",\"rating\":1849,\"seed\":\"sodium,48b21ed0db4a4eb3144439ab978695d9\"}\n>chat ☆Arbitrary Noob|gl hf o/\n>p1 move swordsdance, move tailwind\n>p2 move quiverdance, move bravebird +1\n>p1 move iciclespear +1, move bravebird +2\n>p2 move bugbuzz +2, move protect\n>p2 switch 3, pass\n>p1 move iciclespear +2, move bodypress +1 terastallize\n>p2 move electroweb, move quickattack +1\n>p2 pass, switch 4\n>p1 move iciclespear +2, move bodypress +1\n>p2 move electroweb, move trickroom\n>p2 switch 5, pass\n>p1 move protect, switch 5\n>p2 move poltergeist +2, move hypervoice\n>p1 move protect, move knockoff +2\n>p2 move stoneedge +2, move hypervoice\n>p1 pass, switch 6\n>chat ☆pejelegante|Glhf For you too ^^, I just saw that you posted it first hehe \n>p1 move iciclespear +1, move toxic +2\n>p2 move highhorsepower +2, move hypervoice\n>p1 switch 3, pass\n>p1 move protect, move banefulbunker\n>p2 move dynamicpunch +1, move psychic +2\n>p1 move knockoff +2, switch 5\n>p2 move highhorsepower +2, move trickroom\n>p2 pass, switch 6\n>p1 move tripleaxel +1, move tailwind\n>p2 move dynamicpunch +1, move spikyshield\n>p1 move tailslap +2, move bravebird +1\n>p2 move dynamicpunch +2, move followme terastallize", "uploadtime": 1770860981, "views": 68, "formatid": "gen9randomdoublesbattle", "rating": 1827, "private": 0, "password": null}