{"id": "gen9randomdoublesbattle-2536585966", "format": "[Gen 9] Random Doubles Battle", "players": ["Kero92", "baseballlover"], "log": "|j|☆Kero92\n|j|☆baseballlover\n|t:|1770710310\n|gametype|doubles\n|player|p1|Kero92|169|1562\n|player|p2|baseballlover|2|1587\n|gen|9\n|tier|[Gen 9] Random Doubles Battle\n|rated|\n|rule|Species Clause: Limit one of each Pokémon\n|rule|HP Percentage Mod: HP is shown in percentages\n|rule|Illusion Level Mod: Illusion disguises the Pokémon's true level\n|rule|Sleep Clause Mod: Limit one foe put to sleep\n|\n|t:|1770710310\n|teamsize|p1|6\n|teamsize|p2|6\n|start\n|switch|p1a: Tauros|Tauros-Paldea-Aqua, L80, M|251/251\n|switch|p1b: Floatzel|Floatzel, L86, M|286/286\n|switch|p2a: Primarina|Primarina, L79, F|256/256\n|switch|p2b: Raichu|Raichu, L87, F|246/246\n|-ability|p1a: Tauros|Intimidate|boost\n|-unboost|p2a: Primarina|atk|1\n|-unboost|p2b: Raichu|atk|1\n|turn|1\n|inactive|Battle timer is ON: inactive players will automatically lose when time's up. (requested by baseballlover)\n|inactive|Kero92 has 120 seconds left.\n|inactive|baseballlover has 120 seconds left.\n|\n|t:|1770710349\n|switch|p1b: Minun|Minun, L91, M|257/257\n|switch|p1a: Ariados|Ariados, F|302/302\n|move|p2b: Raichu|Fake Out|p1b: Minun\n|-damage|p1b: Minun|231/257\n|move|p2a: Primarina|Moonblast|p1a: Ariados\n|-resisted|p1a: Ariados\n|-damage|p1a: Ariados|221/302\n|\n|upkeep\n|turn|2\n|\n|t:|1770710367\n|switch|p2a: Magnezone|Magnezone, L84|255/255\n|move|p2b: Raichu|Knock Off|p1a: Ariados\n|-damage|p1a: Ariados|173/302\n|-damage|p2b: Raichu|205/246|[from] item: Rocky Helmet|[of] p1a: Ariados\n|-enditem|p1a: Ariados|Rocky Helmet|[from] move: Knock Off|[of] p2b: Raichu\n|move|p1b: Minun|Super Fang|p2b: Raichu\n|-damage|p2b: Raichu|103/246\n|move|p1a: Ariados|Sticky Web|p2b: Raichu\n|-sidestart|p2: baseballlover|move: Sticky Web\n|\n|upkeep\n|turn|3\n|inactive|baseballlover has 120 seconds left.\n|\n|t:|1770710397\n|move|p2b: Raichu|Knock Off|p1b: Minun\n|-damage|p1b: Minun|169/257\n|-enditem|p1b: Minun|Sitrus Berry|[from] move: Knock Off|[of] p2b: Raichu\n|move|p1b: Minun|Super Fang|p2a: Magnezone\n|-damage|p2a: Magnezone|128/255\n|move|p2a: Magnezone|Flash Cannon|p1a: Ariados\n|-damage|p1a: Ariados|62/302\n|move|p1a: Ariados|Megahorn|p2b: Raichu\n|-damage|p2b: Raichu|0 fnt\n|faint|p2b: Raichu\n|\n|upkeep\n|inactive|baseballlover has 120 seconds left.\n|\n|t:|1770710406\n|switch|p2b: Pecharunt|Pecharunt, L78|265/265\n|-activate|p2b: Pecharunt|move: Sticky Web\n|-unboost|p2b: Pecharunt|spe|1\n|turn|4\n|inactive|Kero92 has 120 seconds left.\n|\n|t:|1770710439\n|move|p1a: Ariados|Protect|p1a: Ariados\n|-singleturn|p1a: Ariados|Protect\n|move|p1b: Minun|Nuzzle|p2b: Pecharunt\n|-damage|p2b: Pecharunt|255/265\n|-status|p2b: Pecharunt|par\n|move|p2a: Magnezone|Flash Cannon|p1a: Ariados\n|-activate|p1a: Ariados|move: Protect\n|move|p2b: Pecharunt|Malignant Chain|p1b: Minun\n|-damage|p1b: Minun|56/257\n|-status|p1b: Minun|tox\n|-start|p1b: Minun|confusion|[from] ability: Poison Puppeteer|[of] p2b: Pecharunt\n|-damage|p2b: Pecharunt|229/265 par|[from] item: Life Orb\n|\n|-damage|p1b: Minun|40/257 tox|[from] psn\n|upkeep\n|turn|5\n|inactive|Kero92 has 120 seconds left.\n|inactive|baseballlover has 120 seconds left.\n|\n|t:|1770710473\n|-activate|p1b: Minun|confusion\n|move|p1b: Minun|Thunderbolt|p2b: Pecharunt\n|-damage|p2b: Pecharunt|138/265 par\n|move|p2a: Magnezone|Flash Cannon|p1a: Ariados\n|-damage|p1a: Ariados|0 fnt\n|faint|p1a: Ariados\n|move|p2b: Pecharunt|Nasty Plot|p2b: Pecharunt\n|-boost|p2b: Pecharunt|spa|2\n|\n|-damage|p1b: Minun|8/257 tox|[from] psn\n|upkeep\n|inactive|Kero92 has 90 seconds left.\n|\n|t:|1770710504\n|switch|p1a: Torkoal|Torkoal, L86, F|261/261\n|-weather|SunnyDay|[from] ability: Drought|[of] p1a: Torkoal\n|turn|6\n|\n|t:|1770710521\n|switch|p2a: Gyarados|Gyarados, L80, M|283/283\n|-ability|p2a: Gyarados|Intimidate|boost\n|-unboost|p1a: Torkoal|atk|1\n|-unboost|p1b: Minun|atk|1\n|-activate|p1b: Minun|confusion\n|-damage|p1b: Minun|0 fnt|[from] confusion\n|faint|p1b: Minun\n|move|p1a: Torkoal|Fire Blast|p2a: Gyarados\n|-resisted|p2a: Gyarados\n|-damage|p2a: Gyarados|204/283\n|cant|p2b: Pecharunt|par\n|\n|-weather|SunnyDay|[upkeep]\n|upkeep\n|\n|t:|1770710535\n|switch|p1b: Blaziken|Blaziken, L79, F|256/256\n|turn|7\n|\n|t:|1770710543\n|move|p1b: Blaziken|Protect|p1b: Blaziken\n|-singleturn|p1b: Blaziken|Protect\n|move|p2a: Gyarados|Dragon Dance|p2a: Gyarados\n|-boost|p2a: Gyarados|atk|1\n|-boost|p2a: Gyarados|spe|1\n|move|p1a: Torkoal|Fire Blast|p2b: Pecharunt\n|-damage|p2b: Pecharunt|0 fnt\n|faint|p2b: Pecharunt\n|\n|-weather|SunnyDay|[upkeep]\n|-ability|p1b: Blaziken|Speed Boost|boost\n|-boost|p1b: Blaziken|spe|1\n|upkeep\n|\n|t:|1770710560\n|switch|p2b: Primarina|Primarina, L79, F|256/256\n|-activate|p2b: Primarina|move: Sticky Web\n|-unboost|p2b: Primarina|spe|1\n|turn|8\n|\n|t:|1770710573\n|-terastallize|p2a: Gyarados|Flying\n|-terastallize|p1b: Blaziken|Stellar\n|move|p2a: Gyarados|Tera Blast|p1b: Blaziken|[anim] Tera Blast Flying\n|-supereffective|p1b: Blaziken\n|-damage|p1b: Blaziken|0 fnt\n|faint|p1b: Blaziken\n|move|p2b: Primarina|Hyper Voice|p1a: Torkoal\n|-supereffective|p1a: Torkoal\n|-damage|p1a: Torkoal|73/261\n|-enditem|p1a: Torkoal|Sitrus Berry|[eat]\n|-heal|p1a: Torkoal|138/261|[from] item: Sitrus Berry\n|move|p1a: Torkoal|Solar Beam||[still]\n|-prepare|p1a: Torkoal|Solar Beam\n|-anim|p1a: Torkoal|Solar Beam|p2b: Primarina\n|-supereffective|p2b: Primarina\n|-damage|p2b: Primarina|106/256\n|\n|-weather|SunnyDay|[upkeep]\n|upkeep\n|\n|t:|1770710589\n|switch|p1b: Floatzel|Floatzel, L86, M|286/286\n|turn|9\n|\n|t:|1770710605\n|move|p2a: Gyarados|Dragon Dance|p2a: Gyarados\n|-boost|p2a: Gyarados|atk|1\n|-boost|p2a: Gyarados|spe|1\n|move|p1b: Floatzel|Ice Spinner|p2a: Gyarados\n|-supereffective|p2a: Gyarados\n|-damage|p2a: Gyarados|12/283\n|-damage|p1b: Floatzel|258/286|[from] item: Life Orb\n|move|p2b: Primarina|Hyper Voice|p1b: Floatzel|[spread] p1a,p1b\n|-supereffective|p1a: Torkoal\n|-resisted|p1b: Floatzel\n|-damage|p1a: Torkoal|18/261\n|-damage|p1b: Floatzel|218/286\n|move|p1a: Torkoal|Solar Beam||[still]\n|-prepare|p1a: Torkoal|Solar Beam\n|-anim|p1a: Torkoal|Solar Beam|p2b: Primarina\n|-supereffective|p2b: Primarina\n|-damage|p2b: Primarina|0 fnt\n|faint|p2b: Primarina\n|\n|-weather|SunnyDay|[upkeep]\n|upkeep\n|\n|t:|1770710614\n|switch|p2b: Magnezone|Magnezone, L84|128/255\n|-activate|p2b: Magnezone|move: Sticky Web\n|-unboost|p2b: Magnezone|spe|1\n|turn|10\n|\n|t:|1770710630\n|move|p2a: Gyarados|Protect|p2a: Gyarados\n|-singleturn|p2a: Gyarados|Protect\n|move|p1b: Floatzel|Protect|p1b: Floatzel\n|-singleturn|p1b: Floatzel|Protect\n|move|p2b: Magnezone|Thunderbolt|p1b: Floatzel\n|-activate|p1b: Floatzel|move: Protect\n|move|p1a: Torkoal|Fire Blast|p2b: Magnezone|[miss]\n|-miss|p1a: Torkoal|p2b: Magnezone\n|\n|-weather|none\n|upkeep\n|turn|11\n|\n|t:|1770710658\n|move|p2a: Gyarados|Protect|p2a: Gyarados\n|-singleturn|p2a: Gyarados|Protect\n|move|p1b: Floatzel|Aqua Jet|p2a: Gyarados\n|-activate|p2a: Gyarados|move: Protect\n|move|p2b: Magnezone|Thunderbolt|p1b: Floatzel\n|-supereffective|p1b: Floatzel\n|-damage|p1b: Floatzel|0 fnt\n|faint|p1b: Floatzel\n|move|p1a: Torkoal|Fire Blast|p2b: Magnezone\n|-supereffective|p2b: Magnezone\n|-damage|p2b: Magnezone|0 fnt\n|faint|p2b: Magnezone\n|\n|upkeep\n|\n|t:|1770710670\n|switch|p1b: Tauros|Tauros-Paldea-Aqua, L80, M|251/251\n|switch|p2b: Sylveon|Sylveon, L79, M|280/280\n|-ability|p1b: Tauros|Intimidate|boost\n|-fail|p2a: Gyarados|unboost|[from] item: Clear Amulet|[of] p2a: Gyarados\n|-unboost|p2b: Sylveon|atk|1\n|-activate|p2b: Sylveon|move: Sticky Web\n|-unboost|p2b: Sylveon|spe|1\n|turn|12\n|\n|t:|1770710681\n|move|p1b: Tauros|Protect|p1b: Tauros\n|-singleturn|p1b: Tauros|Protect\n|move|p2a: Gyarados|Tera Blast|p1b: Tauros|[anim] Tera Blast Flying\n|-activate|p1b: Tauros|move: Protect\n|move|p2b: Sylveon|Hyper Voice|p1b: Tauros|[spread] p1a\n|-activate|p1b: Tauros|move: Protect\n|-resisted|p1a: Torkoal\n|-damage|p1a: Torkoal|0 fnt\n|faint|p1a: Torkoal\n|\n|upkeep\n|turn|13\n|c|☆Kero92|gg\n|\n|t:|1770710691\n|move|p2a: Gyarados|Tera Blast|p1b: Tauros|[anim] Tera Blast Flying\n|-supereffective|p1b: Tauros\n|-damage|p1b: Tauros|0 fnt\n|faint|p1b: Tauros\n|\n|win|baseballlover\n|raw|Kero92's rating: 1562 &rarr; <strong>1543</strong><br />(-19 for losing)\n|raw|baseballlover's rating: 1587 &rarr; <strong>1606</strong><br />(+19 for winning)\n", "inputlog": ">version ccdc32dd7cde25fd9e4bed64820e885f66e78a4e\n>start {\"formatid\":\"gen9randomdoublesbattle\",\"seed\":\"sodium,1bca4a51968271831c0099ec558cbcab\",\"rated\":\"Rated battle\"}\n>player p1 {\"name\":\"Kero92\",\"avatar\":\"169\",\"rating\":1562,\"seed\":\"sodium,2825727a8c5e142e984eb60366611ebd\"}\n>player p2 {\"name\":\"baseballlover\",\"avatar\":\"2\",\"rating\":1587,\"seed\":\"sodium,deed522a7dfa4f5fef4a8d580d4c4da2\"}\n>p1 switch 3, switch 5\n>p2 move moonblast +1, move fakeout +2\n>p1 move stickyweb, move superfang +2\n>p2 switch 6, move knockoff +1\n>p1 move megahorn +2, move superfang +1\n>p2 move flashcannon +1, move knockoff +2\n>p2 pass, switch 3\n>p1 move protect, move nuzzle +2\n>p2 move flashcannon +1, move malignantchain +2\n>p1 move megahorn +2, move thunderbolt +2\n>p2 move flashcannon +1, move nastyplot\n>p1 switch 4, pass\n>p1 move fireblast +1, move thunderbolt +2\n>p2 switch 4, move malignantchain +1\n>p1 pass, switch 6\n>p1 move fireblast +2, move protect\n>p2 move dragondance, move malignantchain +1\n>p2 pass, switch 6\n>p1 move solarbeam +2, move stoneedge +1 terastallize\n>p2 move terablast +2 terastallize, move hypervoice\n>p1 pass, switch 5\n>p1 move solarbeam +2, move icespinner +1\n>p2 move dragondance, move hypervoice\n>p2 pass, switch 4\n>p1 move fireblast +2, move protect\n>p2 move protect, move thunderbolt +2\n>p1 move fireblast +2, move aquajet +1\n>p2 move protect, move thunderbolt +2\n>p1 pass, switch 3\n>p2 pass, switch 5\n>p1 move fireblast +1, move protect\n>p2 move terablast +2, move hypervoice\n>chat ☆Kero92|gg\n>p1 pass, move liquidation +1\n>p2 move terablast +2, move hypervoice", "uploadtime": 1770710692, "views": 63, "formatid": "gen9randomdoublesbattle", "rating": 1543, "private": 0, "password": null}