{"id": "gen9randomdoublesbattle-2538307364", "format": "[Gen 9] Random Doubles Battle", "players": ["lepokemonplayer23", "embouuu"], "log": "|j|☆lepokemonplayer23\n|j|☆embouuu\n|t:|1770915659\n|gametype|doubles\n|player|p1|lepokemonplayer23|1|1654\n|player|p2|embouuu|dawn|1755\n|gen|9\n|tier|[Gen 9] Random Doubles Battle\n|rated|\n|rule|Species Clause: Limit one of each Pokémon\n|rule|HP Percentage Mod: HP is shown in percentages\n|rule|Illusion Level Mod: Illusion disguises the Pokémon's true level\n|rule|Sleep Clause Mod: Limit one foe put to sleep\n|\n|t:|1770915659\n|teamsize|p1|6\n|teamsize|p2|6\n|start\n|switch|p1a: Spiritomb|Spiritomb, L89, M|234/234\n|switch|p1b: Bruxish|Bruxish, L86, F|257/257\n|switch|p2a: Talonflame|Talonflame, L82, M|262/262\n|switch|p2b: Dusknoir|Dusknoir, L89, M|225/225\n|-item|p1a: Spiritomb|Sitrus Berry|[from] ability: Frisk|[of] p2b: Dusknoir\n|-item|p1b: Bruxish|Life Orb|[from] ability: Frisk|[of] p2b: Dusknoir\n|turn|1\n|\n|t:|1770915684\n|switch|p2a: Dondozo|Dondozo, L85, M|394/394\n|move|p1b: Bruxish|Protect|p1b: Bruxish\n|-singleturn|p1b: Bruxish|Protect\n|move|p2b: Dusknoir|Poltergeist|p1b: Bruxish\n|-activate|p1b: Bruxish|move: Protect\n|move|p1a: Spiritomb|Foul Play|p2b: Dusknoir\n|-supereffective|p2b: Dusknoir\n|-damage|p2b: Dusknoir|55/225\n|\n|upkeep\n|turn|2\n|\n|t:|1770915705\n|switch|p1b: Hydreigon|Hydreigon, L82, M|285/285\n|move|p2b: Dusknoir|Protect|p2b: Dusknoir\n|-singleturn|p2b: Dusknoir|Protect\n|move|p2a: Dondozo|Wave Crash|p1a: Spiritomb\n|-damage|p1a: Spiritomb|120/234\n|-damage|p2a: Dondozo|356/394|[from] Recoil\n|move|p1a: Spiritomb|Will-O-Wisp|p2a: Dondozo\n|-status|p2a: Dondozo|brn\n|\n|-damage|p2a: Dondozo|332/394 brn|[from] brn\n|upkeep\n|turn|3\n|\n|t:|1770915735\n|move|p1b: Hydreigon|Tailwind|p1b: Hydreigon\n|-sidestart|p1: lepokemonplayer23|move: Tailwind\n|move|p1a: Spiritomb|Snarl|p2a: Dondozo|[spread] p2a,p2b\n|-supereffective|p2b: Dusknoir\n|-damage|p2a: Dondozo|293/394 brn\n|-damage|p2b: Dusknoir|0 fnt\n|-unboost|p2a: Dondozo|spa|1\n|faint|p2b: Dusknoir\n|move|p2a: Dondozo|Wave Crash|p1a: Spiritomb\n|-damage|p1a: Spiritomb|69/234\n|-enditem|p1a: Spiritomb|Sitrus Berry|[eat]\n|-heal|p1a: Spiritomb|127/234|[from] item: Sitrus Berry\n|-damage|p2a: Dondozo|276/394 brn|[from] Recoil\n|\n|-damage|p2a: Dondozo|252/394 brn|[from] brn\n|upkeep\n|\n|t:|1770915743\n|switch|p2b: Oinkologne|Oinkologne, L92, M|352/352\n|turn|4\n|\n|t:|1770915752\n|move|p1b: Hydreigon|Protect|p1b: Hydreigon\n|-singleturn|p1b: Hydreigon|Protect\n|move|p2b: Oinkologne|Play Rough|p1b: Hydreigon\n|-activate|p1b: Hydreigon|move: Protect\n|move|p1a: Spiritomb|Will-O-Wisp|p2b: Oinkologne\n|-status|p2b: Oinkologne|brn\n|move|p2a: Dondozo|Body Press|p1b: Hydreigon\n|-activate|p1b: Hydreigon|move: Protect\n|\n|-damage|p2b: Oinkologne|330/352 brn|[from] brn\n|-damage|p2a: Dondozo|228/394 brn|[from] brn\n|upkeep\n|turn|5\n|-message|embouuu forfeited.\n|\n|win|lepokemonplayer23\n|raw|lepokemonplayer23's rating: 1654 &rarr; <strong>1680</strong><br />(+26 for winning)\n|raw|embouuu's rating: 1755 &rarr; <strong>1729</strong><br />(-26 for losing)\n|l|☆embouuu\n|player|p2|\n", "inputlog": ">version ccdc32dd7cde25fd9e4bed64820e885f66e78a4e\n>start {\"formatid\":\"gen9randomdoublesbattle\",\"seed\":\"sodium,0edaf73f43c1d3636565306f1d99c72f\",\"rated\":\"Rated battle\"}\n>player p1 {\"name\":\"lepokemonplayer23\",\"avatar\":\"1\",\"rating\":1654,\"seed\":\"sodium,35a4fe49d437f39c82fa06b7df189429\"}\n>player p2 {\"name\":\"embouuu\",\"avatar\":\"dawn\",\"rating\":1755,\"seed\":\"sodium,26f3ca09444e80a9895e2fc0e72a75a8\"}\n>p1 move foulplay +2, move protect\n>p2 switch 4, move poltergeist +2\n>p1 move willowisp +1, switch 3\n>p2 move wavecrash +1, move protect\n>p1 move snarl, move tailwind\n>p2 move wavecrash +1, move trickroom\n>p2 pass, switch 3\n>p1 move willowisp +2, move protect\n>p2 move bodypress +2, move playrough +2\n>forcelose p2", "uploadtime": 1770915764, "views": 79, "formatid": "gen9randomdoublesbattle", "rating": 1680, "private": 0, "password": null}