{"id": "gen9randomdoublesbattle-2538909055", "format": "[Gen 9] Random Doubles Battle", "players": ["marco365", "trgk91"], "log": "|j|☆marco365\n|j|☆trgk91\n|t:|1770992395\n|gametype|doubles\n|player|p1|marco365|lucian|1766\n|player|p2|trgk91|2|1833\n|gen|9\n|tier|[Gen 9] Random Doubles Battle\n|rated|\n|rule|Species Clause: Limit one of each Pokémon\n|rule|HP Percentage Mod: HP is shown in percentages\n|rule|Illusion Level Mod: Illusion disguises the Pokémon's true level\n|rule|Sleep Clause Mod: Limit one foe put to sleep\n|\n|t:|1770992395\n|teamsize|p1|6\n|teamsize|p2|6\n|start\n|switch|p1a: Giratina|Giratina, L76|353/353\n|switch|p1b: Staraptor|Staraptor, L82, M|274/274\n|switch|p2a: Scovillain|Scovillain, L90, F|263/263\n|switch|p2b: Sinistcha|Sinistcha-Masterpiece, L81|248/248\n|-ability|p1b: Staraptor|Intimidate|boost\n|-unboost|p2a: Scovillain|atk|1\n|-unboost|p2b: Sinistcha|atk|1\n|-ability|p1a: Giratina|Pressure\n|turn|1\n|inactive|Battle timer is ON: inactive players will automatically lose when time's up. (requested by marco365)\n|inactive|trgk91 has 120 seconds left.\n|\n|t:|1770992461\n|move|p2a: Scovillain|Protect|p2a: Scovillain\n|-singleturn|p2a: Scovillain|Protect\n|move|p2b: Sinistcha|Protect|p2b: Sinistcha\n|-singleturn|p2b: Sinistcha|Protect\n|move|p1b: Staraptor|Brave Bird|p2a: Scovillain\n|-activate|p2a: Scovillain|move: Protect\n|move|p1a: Giratina|Calm Mind|p1a: Giratina\n|-boost|p1a: Giratina|spa|1\n|-boost|p1a: Giratina|spd|1\n|\n|upkeep\n|turn|2\n|\n|t:|1770992480\n|-terastallize|p2a: Scovillain|Steel\n|move|p2a: Scovillain|Rage Powder|p2a: Scovillain\n|-singleturn|p2a: Scovillain|move: Rage Powder\n|move|p1b: Staraptor|Brave Bird|p2a: Scovillain\n|-resisted|p2a: Scovillain\n|-damage|p2a: Scovillain|154/263\n|-damage|p1b: Staraptor|238/274|[from] Recoil\n|-damage|p1b: Staraptor|211/274|[from] item: Life Orb\n|move|p1a: Giratina|Shadow Ball|p2a: Scovillain\n|-damage|p2a: Scovillain|18/263\n|-enditem|p2a: Scovillain|Sitrus Berry|[eat]\n|-heal|p2a: Scovillain|83/263|[from] item: Sitrus Berry\n|move|p2b: Sinistcha|Calm Mind|p2b: Sinistcha\n|-boost|p2b: Sinistcha|spa|1\n|-boost|p2b: Sinistcha|spd|1\n|\n|upkeep\n|turn|3\n|inactive|marco365 has 120 seconds left.\n|inactive|trgk91 has 120 seconds left.\n|\n|t:|1770992523\n|move|p2a: Scovillain|Rage Powder|p2a: Scovillain\n|-singleturn|p2a: Scovillain|move: Rage Powder\n|move|p1b: Staraptor|Brave Bird|p2a: Scovillain\n|-resisted|p2a: Scovillain\n|-damage|p2a: Scovillain|0 fnt\n|faint|p2a: Scovillain\n|-damage|p1b: Staraptor|184/274|[from] Recoil\n|-damage|p1b: Staraptor|157/274|[from] item: Life Orb\n|move|p1a: Giratina|Calm Mind|p1a: Giratina\n|-boost|p1a: Giratina|spa|1\n|-boost|p1a: Giratina|spd|1\n|move|p2b: Sinistcha|Matcha Gotcha|p1a: Giratina|[spread] p1a\n|-miss|p2b: Sinistcha|p1b: Staraptor\n|-resisted|p1a: Giratina\n|-crit|p1a: Giratina\n|-damage|p1a: Giratina|278/353\n|\n|-heal|p1a: Giratina|300/353|[from] item: Leftovers\n|upkeep\n|\n|t:|1770992546\n|switch|p2a: Lunala|Lunala, L71|312/312\n|turn|4\n|inactive|trgk91 has 120 seconds left.\n|\n|t:|1770992555\n|move|p2b: Sinistcha|Protect|p2b: Sinistcha\n|-singleturn|p2b: Sinistcha|Protect\n|move|p1b: Staraptor|Brave Bird|p2b: Sinistcha\n|-activate|p2b: Sinistcha|move: Protect\n|move|p1a: Giratina|Shadow Ball|p2a: Lunala\n|-supereffective|p2a: Lunala\n|-damage|p2a: Lunala|42/312\n|-unboost|p2a: Lunala|spd|1\n|-enditem|p2a: Lunala|Sitrus Berry|[eat]\n|-heal|p2a: Lunala|120/312|[from] item: Sitrus Berry\n|move|p2a: Lunala|Will-O-Wisp|p1b: Staraptor\n|-status|p1b: Staraptor|brn\n|\n|-heal|p1a: Giratina|322/353|[from] item: Leftovers\n|-damage|p1b: Staraptor|140/274 brn|[from] brn\n|upkeep\n|turn|5\n|inactive|trgk91 has 120 seconds left.\n|inactive|marco365 has 120 seconds left.\n|\n|t:|1770992586\n|move|p1b: Staraptor|Brave Bird|p2b: Sinistcha\n|-supereffective|p2b: Sinistcha\n|-damage|p2b: Sinistcha|91/248\n|-damage|p1b: Staraptor|88/274 brn|[from] Recoil\n|-damage|p1b: Staraptor|61/274 brn|[from] item: Life Orb\n|move|p1a: Giratina|Shadow Ball|p2b: Sinistcha\n|-supereffective|p2b: Sinistcha\n|-damage|p2b: Sinistcha|0 fnt\n|faint|p2b: Sinistcha\n|move|p2a: Lunala|Icy Wind|p1a: Giratina|[spread] p1a,p1b\n|-supereffective|p1a: Giratina\n|-supereffective|p1b: Staraptor\n|-damage|p1a: Giratina|296/353\n|-damage|p1b: Staraptor|0 fnt\n|-unboost|p1a: Giratina|spe|1\n|faint|p1b: Staraptor\n|\n|-heal|p1a: Giratina|318/353|[from] item: Leftovers\n|upkeep\n|inactive|marco365 has 120 seconds left.\n|inactive|trgk91 has 120 seconds left.\n|\n|t:|1770992614\n|switch|p1b: Infernape|Infernape, L82, M|259/259\n|switch|p2b: Honchkrow|Honchkrow, L85, F|309/309\n|turn|6\n|inactive|marco365 has 120 seconds left.\n|inactive|trgk91 has 120 seconds left.\n|\n|t:|1770992631\n|move|p1b: Infernape|Fake Out|p2b: Honchkrow\n|-damage|p2b: Honchkrow|269/309\n|move|p2a: Lunala|Icy Wind|p1b: Infernape|[spread] p1a,p1b\n|-supereffective|p1a: Giratina\n|-resisted|p1b: Infernape\n|-damage|p1a: Giratina|292/353\n|-damage|p1b: Infernape|243/259\n|-unboost|p1a: Giratina|spe|1\n|cant|p2b: Honchkrow|flinch\n|move|p1a: Giratina|Calm Mind|p1a: Giratina\n|-boost|p1a: Giratina|spa|1\n|-boost|p1a: Giratina|spd|1\n|\n|-heal|p1a: Giratina|314/353|[from] item: Leftovers\n|upkeep\n|turn|7\n|inactive|marco365 has 120 seconds left.\n|\n|t:|1770992658\n|-terastallize|p1a: Giratina|Fighting\n|move|p2b: Honchkrow|Sucker Punch|p1a: Giratina\n|-resisted|p1a: Giratina\n|-damage|p1a: Giratina|263/353\n|-damage|p2b: Honchkrow|239/309|[from] item: Life Orb\n|move|p1b: Infernape|Overheat|p2a: Lunala\n|-damage|p2a: Lunala|0 fnt\n|-unboost|p1b: Infernape|spa|2\n|faint|p2a: Lunala\n|move|p1a: Giratina|Aura Sphere|p2b: Honchkrow\n|-damage|p2b: Honchkrow|0 fnt\n|faint|p2b: Honchkrow\n|\n|-heal|p1a: Giratina|285/353|[from] item: Leftovers\n|upkeep\n|inactive|trgk91 has 120 seconds left.\n|\n|t:|1770992675\n|switch|p2a: Camerupt|Camerupt, L88, M|266/266\n|switch|p2b: Urshifu|Urshifu-Rapid-Strike, L75, M|274/274\n|turn|8\n|inactive|marco365 has 120 seconds left.\n|\n|t:|1770992717\n|move|p1b: Infernape|Close Combat|p2a: Camerupt\n|-damage|p2a: Camerupt|128/266\n|-unboost|p1b: Infernape|def|1\n|-unboost|p1b: Infernape|spd|1\n|-enditem|p2a: Camerupt|Sitrus Berry|[eat]\n|-heal|p2a: Camerupt|194/266|[from] item: Sitrus Berry\n|move|p2b: Urshifu|Surging Strikes|p1a: Giratina\n|-crit|p1a: Giratina\n|-damage|p1a: Giratina|231/353\n|-crit|p1a: Giratina\n|-damage|p1a: Giratina|179/353\n|-crit|p1a: Giratina\n|-damage|p1a: Giratina|121/353\n|-hitcount|p1a: Giratina|3\n|move|p2a: Camerupt|Heat Wave|p1a: Giratina|[spread] p1a,p1b\n|-resisted|p1b: Infernape\n|-damage|p1a: Giratina|88/353\n|-damage|p1b: Infernape|165/259\n|move|p1a: Giratina|Aura Sphere|p2b: Urshifu\n|-damage|p2b: Urshifu|9/274\n|\n|-heal|p1a: Giratina|110/353|[from] item: Leftovers\n|upkeep\n|turn|9\n|inactive|marco365 has 120 seconds left.\n|inactive|marco365 has 90 seconds left.\n|inactive|trgk91 has 120 seconds left.\n|\n|t:|1770992757\n|move|p1b: Infernape|Close Combat|p2b: Urshifu\n|-damage|p2b: Urshifu|0 fnt\n|-unboost|p1b: Infernape|def|1\n|-unboost|p1b: Infernape|spd|1\n|faint|p2b: Urshifu\n|move|p2a: Camerupt|Heat Wave|p1a: Giratina|[spread] p1a,p1b\n|-resisted|p1b: Infernape\n|-crit|p1b: Infernape\n|-damage|p1a: Giratina|82/353\n|-damage|p1b: Infernape|3/259\n|move|p1a: Giratina|Aura Sphere|p2a: Camerupt\n|-damage|p2a: Camerupt|0 fnt\n|faint|p2a: Camerupt\n|\n|win|marco365\n|raw|marco365's rating: 1766 &rarr; <strong>1790</strong><br />(+24 for winning)\n|raw|trgk91's rating: 1833 &rarr; <strong>1809</strong><br />(-24 for losing)\n|l|☆trgk91\n|player|p2|\n", "inputlog": ">version ccdc32dd7cde25fd9e4bed64820e885f66e78a4e\n>start {\"formatid\":\"gen9randomdoublesbattle\",\"seed\":\"sodium,b086bd4fbb69a5add6a9c0e5704cccc6\",\"rated\":\"Rated battle\"}\n>player p1 {\"name\":\"marco365\",\"avatar\":\"lucian\",\"rating\":1766,\"seed\":\"sodium,3a8fc334aa9fd661adfd8bb66f5d6f0f\"}\n>player p2 {\"name\":\"trgk91\",\"avatar\":\"2\",\"rating\":1833,\"seed\":\"sodium,793f734eeae214d3717fc9bd0c2c4bd4\"}\n>p1 move calmmind, move bravebird +1\n>p2 move protect, move protect\n>p1 move shadowball +2, move bravebird +1\n>p2 move ragepowder terastallize, move calmmind\n>p1 move calmmind, move bravebird +2\n>p2 move ragepowder, move matchagotcha\n>p2 switch 5, pass\n>p1 move shadowball +1, move bravebird +2\n>p2 move willowisp +2, move protect\n>p1 move shadowball +2, move bravebird +2\n>p2 move icywind, move matchagotcha\n>p1 pass, switch 4\n>p2 pass, switch 4\n>p1 move calmmind, move fakeout +2\n>p2 move icywind, move bravebird +2\n>p1 move aurasphere +2 terastallize, move overheat +1\n>p2 move moongeistbeam +1, move suckerpunch +1\n>p2 switch 3, switch 6\n>p1 move aurasphere +2, move closecombat +1\n>p2 move heatwave, move surgingstrikes +1\n>p1 move aurasphere +1, move closecombat +2\n>p2 move heatwave, move surgingstrikes +2", "uploadtime": 1770992773, "views": 70, "formatid": "gen9randomdoublesbattle", "rating": 1790, "private": 0, "password": null}