{"id": "gen9randomdoublesbattle-2537906683", "format": "[Gen 9] Random Doubles Battle", "players": ["goku98000", "pejelegante"], "log": "|j|☆goku98000\n|j|☆pejelegante\n|t:|1770862079\n|gametype|doubles\n|player|p1|goku98000|steven|1765\n|player|p2|pejelegante|hugh|1843\n|gen|9\n|tier|[Gen 9] Random Doubles Battle\n|rated|\n|rule|Species Clause: Limit one of each Pokémon\n|rule|HP Percentage Mod: HP is shown in percentages\n|rule|Illusion Level Mod: Illusion disguises the Pokémon's true level\n|rule|Sleep Clause Mod: Limit one foe put to sleep\n|\n|t:|1770862079\n|teamsize|p1|6\n|teamsize|p2|6\n|start\n|switch|p1a: Zangoose|Zangoose, L87, F|269/269\n|switch|p1b: Plusle|Plusle, L92, F|260/260\n|switch|p2a: Terrakion|Terrakion, L78|270/270\n|switch|p2b: Braviary|Braviary-Hisui, L84, M|322/322\n|turn|1\n|inactive|Battle timer is ON: inactive players will automatically lose when time's up. (requested by pejelegante)\n|inactive|goku98000 also wants the timer to be on.\n|inactive|goku98000 has 120 seconds left.\n|inactive|pejelegante has 120 seconds left.\n|\n|t:|1770862128\n|switch|p1a: Flutter Mane|Flutter Mane, L73|201/201\n|switch|p2b: Bellossom|Bellossom, L87, F|272/272\n|move|p1b: Plusle|Nasty Plot|p1b: Plusle\n|-boost|p1b: Plusle|spa|2\n|move|p2a: Terrakion|Rock Slide|p1a: Flutter Mane|[spread] p1a,p1b\n|-crit|p1b: Plusle\n|-damage|p1a: Flutter Mane|59/201\n|-damage|p1b: Plusle|31/260\n|\n|upkeep\n|turn|2\n|\n|t:|1770862155\n|move|p1a: Flutter Mane|Moonblast|p2a: Terrakion\n|-supereffective|p2a: Terrakion\n|-damage|p2a: Terrakion|0 fnt\n|faint|p2a: Terrakion\n|move|p1b: Plusle|Alluring Voice|p2b: Bellossom\n|-damage|p2b: Bellossom|134/272\n|-enditem|p2b: Bellossom|Sitrus Berry|[eat]\n|-heal|p2b: Bellossom|202/272|[from] item: Sitrus Berry\n|-damage|p1b: Plusle|5/260|[from] item: Life Orb\n|move|p2b: Bellossom|Giga Drain|p1b: Plusle\n|-crit|p1b: Plusle\n|-damage|p1b: Plusle|0 fnt\n|-heal|p2b: Bellossom|205/272|[from] drain|[of] p1b: Plusle\n|faint|p1b: Plusle\n|\n|upkeep\n|\n|t:|1770862167\n|switch|p1b: Zangoose|Zangoose, L87, F|269/269\n|switch|p2a: Skuntank|Skuntank, L85, F|314/314\n|turn|3\n|inactive|pejelegante has 120 seconds left.\n|\n|t:|1770862211\n|move|p1b: Zangoose|Protect|p1b: Zangoose\n|-singleturn|p1b: Zangoose|Protect\n|move|p1a: Flutter Mane|Moonblast|p2a: Skuntank\n|-damage|p2a: Skuntank|118/314\n|move|p2a: Skuntank|Knock Off|p1b: Zangoose\n|-activate|p1b: Zangoose|move: Protect\n|move|p2b: Bellossom|Giga Drain|p1a: Flutter Mane\n|-damage|p1a: Flutter Mane|0 fnt\n|-heal|p2b: Bellossom|235/272|[from] drain|[of] p1a: Flutter Mane\n|faint|p1a: Flutter Mane\n|-end|p1a: Flutter Mane|Protosynthesis|[silent]\n|\n|-status|p1b: Zangoose|tox|[from] item: Toxic Orb\n|upkeep\n|inactive|goku98000 has 120 seconds left.\n|\n|t:|1770862264\n|switch|p1a: Altaria|Altaria, L91, F|284/284\n|turn|4\n|inactive|goku98000 has 120 seconds left.\n|\n|t:|1770862275\n|move|p1b: Zangoose|Facade|p2b: Bellossom\n|-damage|p2b: Bellossom|0 fnt\n|faint|p2b: Bellossom\n|move|p1a: Altaria|Will-O-Wisp|p2a: Skuntank\n|-status|p2a: Skuntank|brn\n|move|p2a: Skuntank|Gunk Shot|p1b: Zangoose\n|-damage|p1b: Zangoose|164/269 tox\n|-damage|p2a: Skuntank|87/314 brn|[from] item: Life Orb\n|\n|-damage|p1b: Zangoose|148/269 tox|[from] psn\n|-damage|p2a: Skuntank|68/314 brn|[from] brn\n|upkeep\n|\n|t:|1770862285\n|switch|p2b: Reshiram|Reshiram, L72|263/263\n|-ability|p2b: Reshiram|Turboblaze\n|turn|5\n|inactive|goku98000 has 120 seconds left.\n|\n|t:|1770862319\n|move|p1b: Zangoose|Facade|p2b: Reshiram\n|-damage|p2b: Reshiram|0 fnt\n|faint|p2b: Reshiram\n|move|p1a: Altaria|Tailwind|p1a: Altaria\n|-sidestart|p1: goku98000|move: Tailwind\n|move|p2a: Skuntank|Knock Off|p1b: Zangoose\n|-damage|p1b: Zangoose|67/269 tox\n|-enditem|p1b: Zangoose|Toxic Orb|[from] move: Knock Off|[of] p2a: Skuntank\n|-damage|p2a: Skuntank|37/314 brn|[from] item: Life Orb\n|\n|-damage|p1b: Zangoose|35/269 tox|[from] psn\n|-damage|p2a: Skuntank|18/314 brn|[from] brn\n|upkeep\n|\n|t:|1770862331\n|switch|p2b: Braviary|Braviary-Hisui, L84, M|322/322\n|turn|6\n|\n|t:|1770862352\n|move|p2b: Braviary|Protect|p2b: Braviary\n|-singleturn|p2b: Braviary|Protect\n|move|p1b: Zangoose|Facade|p2b: Braviary\n|-activate|p2b: Braviary|move: Protect\n|move|p1a: Altaria|Brave Bird|p2b: Braviary\n|-activate|p2b: Braviary|move: Protect\n|move|p2a: Skuntank|Gunk Shot|p1a: Altaria\n|-damage|p1a: Altaria|207/284\n|-damage|p2a: Skuntank|0 fnt|[from] item: Life Orb\n|faint|p2a: Skuntank\n|\n|-damage|p1b: Zangoose|0 fnt|[from] psn\n|faint|p1b: Zangoose\n|upkeep\n|\n|t:|1770862366\n|switch|p1b: Glimmora|Glimmora, L77, F|254/254\n|switch|p2a: Lunala|Lunala, L71|312/312\n|turn|7\n|\n|t:|1770862389\n|-terastallize|p1b: Glimmora|Ground\n|-terastallize|p2b: Braviary|Psychic\n|move|p1a: Altaria|Brave Bird|p2a: Lunala\n|-damage|p2a: Lunala|249/312\n|-damage|p1a: Altaria|186/284|[from] Recoil\n|move|p1b: Glimmora|Meteor Beam||[still]\n|-prepare|p1b: Glimmora|Meteor Beam\n|-boost|p1b: Glimmora|spa|1\n|-enditem|p1b: Glimmora|Power Herb\n|-anim|p1b: Glimmora|Meteor Beam|p2b: Braviary\n|-damage|p2b: Braviary|66/322\n|move|p2a: Lunala|Tailwind|p2a: Lunala\n|-sidestart|p2: pejelegante|move: Tailwind\n|move|p2b: Braviary|Esper Wing|p1b: Glimmora\n|-damage|p1b: Glimmora|102/254\n|-boost|p2b: Braviary|spe|1\n|\n|-heal|p2b: Braviary|86/322|[from] item: Leftovers\n|upkeep\n|turn|8\n|\n|t:|1770862419\n|move|p2b: Braviary|Protect|p2b: Braviary\n|-singleturn|p2b: Braviary|Protect\n|move|p1b: Glimmora|Spiky Shield|p1b: Glimmora\n|-singleturn|p1b: Glimmora|move: Protect\n|move|p1a: Altaria|Brave Bird|p2b: Braviary\n|-activate|p2b: Braviary|move: Protect\n|move|p2a: Lunala|Moongeist Beam|p1a: Altaria\n|-damage|p1a: Altaria|96/284\n|-enditem|p1a: Altaria|Sitrus Berry|[eat]\n|-heal|p1a: Altaria|167/284|[from] item: Sitrus Berry\n|\n|-heal|p2b: Braviary|106/322|[from] item: Leftovers\n|-sideend|p1: goku98000|move: Tailwind\n|upkeep\n|turn|9\n|\n|t:|1770862440\n|move|p1b: Glimmora|Spiky Shield||[still]\n|-fail|p1b: Glimmora\n|move|p2b: Braviary|Hurricane|p1a: Altaria|[miss]\n|-miss|p2b: Braviary|p1a: Altaria\n|move|p2a: Lunala|Moongeist Beam|p1b: Glimmora\n|-damage|p1b: Glimmora|0 fnt\n|faint|p1b: Glimmora\n|move|p1a: Altaria|Brave Bird|p2b: Braviary\n|-damage|p2b: Braviary|0 fnt\n|faint|p2b: Braviary\n|-damage|p1a: Altaria|132/284|[from] Recoil\n|\n|upkeep\n|\n|t:|1770862447\n|switch|p1b: Tauros|Tauros-Paldea-Blaze, L79, M|248/248\n|-ability|p1b: Tauros|Intimidate|boost\n|-unboost|p2a: Lunala|atk|1\n|turn|10\n|\n|t:|1770862459\n|move|p2a: Lunala|Moongeist Beam|p1b: Tauros\n|-damage|p1b: Tauros|127/248\n|move|p1b: Tauros|Raging Bull|p2a: Lunala\n|-damage|p2a: Lunala|149/312\n|-enditem|p2a: Lunala|Sitrus Berry|[eat]\n|-heal|p2a: Lunala|227/312|[from] item: Sitrus Berry\n|move|p1a: Altaria|Roost|p1a: Altaria\n|-heal|p1a: Altaria|274/284\n|-singleturn|p1a: Altaria|move: Roost\n|\n|-sideend|p2: pejelegante|move: Tailwind\n|upkeep\n|turn|11\n|\n|t:|1770862468\n|move|p1b: Tauros|Raging Bull|p2a: Lunala\n|-damage|p2a: Lunala|115/312\n|move|p1a: Altaria|Tailwind|p1a: Altaria\n|-sidestart|p1: goku98000|move: Tailwind\n|move|p2a: Lunala|Moongeist Beam|p1b: Tauros\n|-damage|p1b: Tauros|0 fnt\n|faint|p1b: Tauros\n|\n|upkeep\n|turn|12\n|\n|t:|1770862474\n|move|p1a: Altaria|Brave Bird|p2a: Lunala\n|-damage|p2a: Lunala|0 fnt\n|faint|p2a: Lunala\n|-damage|p1a: Altaria|236/284|[from] Recoil\n|\n|win|goku98000\n|raw|goku98000's rating: 1765 &rarr; <strong>1789</strong><br />(+24 for winning)\n|raw|pejelegante's rating: 1843 &rarr; <strong>1819</strong><br />(-24 for losing)\n|l|☆goku98000\n|player|p1|\n|c|☆pejelegante|Gg\n", "inputlog": ">version ccdc32dd7cde25fd9e4bed64820e885f66e78a4e\n>start {\"formatid\":\"gen9randomdoublesbattle\",\"seed\":\"sodium,2fc2c10a3cae3e28ba89764f4318c45b\",\"rated\":\"Rated battle\"}\n>player p1 {\"name\":\"goku98000\",\"avatar\":\"steven\",\"rating\":1765,\"seed\":\"sodium,db2fc6c216cc539172204949bc55f947\"}\n>player p2 {\"name\":\"pejelegante\",\"avatar\":\"hugh\",\"rating\":1843,\"seed\":\"sodium,dcab8f3b727f1115a3ea111595a6a74c\"}\n>p1 switch 4, move nastyplot\n>p2 move rockslide, switch 5\n>p1 move moonblast +1, move alluringvoice +2\n>p2 move rockslide, move gigadrain +2\n>p1 pass, switch 4\n>p2 switch 6, pass\n>p1 move moonblast +1, move protect\n>p2 move knockoff +2, move gigadrain +1\n>p1 switch 3, pass\n>p1 move willowisp +1, move facade +2\n>p2 move gunkshot +2, move gigadrain +2\n>p2 pass, switch 4\n>p1 move tailwind, move facade +2\n>p2 move knockoff +2, move tailwind\n>p2 pass, switch 5\n>p1 move bravebird +2, move facade +2\n>p2 move gunkshot +1, move protect\n>p1 pass, switch 5\n>p2 switch 3, pass\n>p1 move bravebird +1, move meteorbeam +2 terastallize\n>p2 move tailwind, move esperwing +2 terastallize\n>p1 move bravebird +2, move spikyshield\n>p2 move moongeistbeam +1, move protect\n>p1 move bravebird +2, move spikyshield\n>p2 move moongeistbeam +2, move hurricane +1\n>p1 pass, switch 6\n>p1 move roost, move ragingbull +1\n>p2 move moongeistbeam +2, pass\n>p1 move tailwind, move ragingbull +1\n>p2 move moongeistbeam +2, pass\n>p1 move bravebird +1, pass\n>p2 move moongeistbeam +1, pass", "uploadtime": 1770862481, "views": 66, "formatid": "gen9randomdoublesbattle", "rating": 1789, "private": 0, "password": null}