{"id": "gen9randomdoublesbattle-2539895275", "format": "[Gen 9] Random Doubles Battle", "players": ["Hat2DaBack", "improvguy"], "log": "|j|☆Hat2DaBack\n|j|☆improvguy\n|t:|1771123722\n|gametype|doubles\n|player|p1|Hat2DaBack|preschoolerf|1780\n|player|p2|improvguy|cameraman|1925\n|gen|9\n|tier|[Gen 9] Random Doubles Battle\n|rated|\n|rule|Species Clause: Limit one of each Pokémon\n|rule|HP Percentage Mod: HP is shown in percentages\n|rule|Illusion Level Mod: Illusion disguises the Pokémon's true level\n|rule|Sleep Clause Mod: Limit one foe put to sleep\n|\n|t:|1771123722\n|teamsize|p1|6\n|teamsize|p2|6\n|start\n|switch|p1a: Wo-Chien|Wo-Chien, L85|283/283\n|switch|p1b: Mesprit|Mesprit, L86|278/278\n|switch|p2a: Lycanroc|Lycanroc, L85, F|266/266\n|switch|p2b: Lanturn|Lanturn, L87, M|359/359\n|-ability|p1a: Wo-Chien|Tablets of Ruin\n|turn|1\n|\n|t:|1771123756\n|move|p2a: Lycanroc|Rock Slide|p1b: Mesprit|[spread] p1a,p1b\n|-damage|p1a: Wo-Chien|225/283\n|-damage|p1b: Mesprit|218/278\n|-damage|p2a: Lycanroc|240/266|[from] item: Life Orb\n|cant|p1b: Mesprit|flinch\n|cant|p1a: Wo-Chien|flinch\n|move|p2b: Lanturn|Electroweb|p1b: Mesprit|[spread] p1a,p1b\n|-resisted|p1a: Wo-Chien\n|-crit|p1b: Mesprit\n|-damage|p1a: Wo-Chien|212/283\n|-damage|p1b: Mesprit|166/278\n|-unboost|p1a: Wo-Chien|spe|1\n|-unboost|p1b: Mesprit|spe|1\n|\n|upkeep\n|turn|2\n|c|☆Hat2DaBack|yea\n|c|☆Hat2DaBack|no\n|c|☆Hat2DaBack|its over\n|c|☆improvguy|i know that feel\n|c|☆Hat2DaBack|everygame is super unlucky\n|c|☆Hat2DaBack|its one of those days\n|\n|t:|1771123789\n|switch|p1b: Sandslash|Sandslash, L93, F|290/290\n|move|p2a: Lycanroc|Rock Slide|p1b: Sandslash|[spread] p1a,p1b\n|-resisted|p1b: Sandslash\n|-damage|p1a: Wo-Chien|152/283\n|-damage|p1b: Sandslash|265/290\n|-damage|p2a: Lycanroc|214/266|[from] item: Life Orb\n|move|p2b: Lanturn|Scald|p1b: Sandslash\n|-supereffective|p1b: Sandslash\n|-damage|p1b: Sandslash|89/290\n|move|p1a: Wo-Chien|Leech Seed|p2b: Lanturn\n|-start|p2b: Lanturn|move: Leech Seed\n|\n|-damage|p2b: Lanturn|315/359|[from] Leech Seed|[of] p1a: Wo-Chien\n|-heal|p1a: Wo-Chien|196/283|[silent]\n|upkeep\n|turn|3\n|\n|t:|1771123816\n|switch|p2a: Mesprit|Mesprit, L86|278/278\n|switch|p2b: Bronzong|Bronzong, L87|258/258\n|move|p1b: Sandslash|High Horsepower|p2a: Mesprit\n|-immune|p2a: Mesprit|[from] ability: Levitate\n|move|p1a: Wo-Chien|Leech Seed|p2a: Mesprit\n|-start|p2a: Mesprit|move: Leech Seed\n|\n|-damage|p2a: Mesprit|244/278|[from] Leech Seed|[of] p1a: Wo-Chien\n|-heal|p1a: Wo-Chien|230/283|[silent]\n|upkeep\n|turn|4\n|\n|t:|1771123837\n|switch|p1b: Heatran|Heatran, L78, F|270/270\n|move|p2a: Mesprit|U-turn|p1a: Wo-Chien\n|-supereffective|p1a: Wo-Chien\n|-crit|p1a: Wo-Chien\n|-damage|p1a: Wo-Chien|10/283\n|-enditem|p1a: Wo-Chien|Sitrus Berry|[eat]\n|-heal|p1a: Wo-Chien|80/283|[from] item: Sitrus Berry\n|c|☆improvguy|yeah showdown rng is always screwing over one side\n|\n|t:|1771123848\n|switch|p2a: Lanturn|Lanturn, L87, M|315/359|[from] U-turn\n|move|p1a: Wo-Chien|Leech Seed|p2b: Bronzong\n|-start|p2b: Bronzong|move: Leech Seed\n|move|p2b: Bronzong|Psychic Noise|p1b: Heatran\n|-resisted|p1b: Heatran\n|-damage|p1b: Heatran|236/270\n|-start|p1b: Heatran|move: Heal Block\n|\n|-damage|p2b: Bronzong|226/258|[from] Leech Seed|[of] p1a: Wo-Chien\n|-heal|p1a: Wo-Chien|112/283|[silent]\n|upkeep\n|turn|5\n|\n|t:|1771123864\n|switch|p1b: Brambleghast|Brambleghast, L86, M|235/235\n|move|p2a: Lanturn|Scald|p1b: Brambleghast\n|-resisted|p1b: Brambleghast\n|-damage|p1b: Brambleghast|190/235\n|-status|p1b: Brambleghast|brn\n|move|p1a: Wo-Chien|Leech Seed|p2a: Lanturn\n|-start|p2a: Lanturn|move: Leech Seed\n|move|p2b: Bronzong|Body Press|p1b: Brambleghast\n|-immune|p1b: Brambleghast\n|\n|-heal|p2b: Bronzong|242/258|[from] item: Leftovers\n|-damage|p2a: Lanturn|271/359|[from] Leech Seed|[of] p1a: Wo-Chien\n|-heal|p1a: Wo-Chien|156/283|[silent]\n|-damage|p2b: Bronzong|210/258|[from] Leech Seed|[of] p1a: Wo-Chien\n|-heal|p1a: Wo-Chien|188/283|[silent]\n|-damage|p1b: Brambleghast|176/235 brn|[from] brn\n|upkeep\n|turn|6\n|c|☆Hat2DaBack|jst no words\n|\n|t:|1771123904\n|move|p1b: Brambleghast|Poltergeist|p2b: Bronzong\n|-activate|p2b: Bronzong|move: Poltergeist|Leftovers\n|-supereffective|p2b: Bronzong\n|-damage|p2b: Bronzong|101/258\n|-damage|p1b: Brambleghast|153/235 brn|[from] item: Life Orb\n|move|p2a: Lanturn|Ice Beam|p1a: Wo-Chien\n|-supereffective|p1a: Wo-Chien\n|-damage|p1a: Wo-Chien|112/283\n|move|p1a: Wo-Chien|Knock Off|p2a: Lanturn\n|-damage|p2a: Lanturn|135/359\n|-enditem|p2a: Lanturn|Assault Vest|[from] move: Knock Off|[of] p1a: Wo-Chien\n|move|p2b: Bronzong|Body Press|p1a: Wo-Chien\n|-supereffective|p1a: Wo-Chien\n|-damage|p1a: Wo-Chien|14/283\n|\n|-heal|p2b: Bronzong|117/258|[from] item: Leftovers\n|-damage|p2a: Lanturn|91/359|[from] Leech Seed|[of] p1a: Wo-Chien\n|-heal|p1a: Wo-Chien|58/283|[silent]\n|-damage|p2b: Bronzong|85/258|[from] Leech Seed|[of] p1a: Wo-Chien\n|-heal|p1a: Wo-Chien|90/283|[silent]\n|-damage|p1b: Brambleghast|139/235 brn|[from] brn\n|upkeep\n|turn|7\n|\n|t:|1771123924\n|move|p1a: Wo-Chien|Protect|p1a: Wo-Chien\n|-singleturn|p1a: Wo-Chien|Protect\n|move|p1b: Brambleghast|Poltergeist|p2b: Bronzong\n|-activate|p2b: Bronzong|move: Poltergeist|Leftovers\n|-supereffective|p2b: Bronzong\n|-damage|p2b: Bronzong|0 fnt\n|faint|p2b: Bronzong\n|-damage|p1b: Brambleghast|116/235 brn|[from] item: Life Orb\n|move|p2a: Lanturn|Ice Beam|p1a: Wo-Chien\n|-activate|p1a: Wo-Chien|move: Protect\n|\n|-damage|p2a: Lanturn|47/359|[from] Leech Seed|[of] p1a: Wo-Chien\n|-heal|p1a: Wo-Chien|134/283|[silent]\n|-damage|p1b: Brambleghast|102/235 brn|[from] brn\n|upkeep\n|\n|t:|1771123934\n|switch|p2b: Baxcalibur|Baxcalibur, L78, M|307/307\n|turn|8\n|\n|t:|1771123946\n|move|p1b: Brambleghast|Shadow Sneak|p2a: Lanturn\n|-damage|p2a: Lanturn|16/359\n|-damage|p1b: Brambleghast|79/235 brn|[from] item: Life Orb\n|move|p2b: Baxcalibur|Icicle Spear|p1a: Wo-Chien\n|-supereffective|p1a: Wo-Chien\n|-damage|p1a: Wo-Chien|86/283\n|-supereffective|p1a: Wo-Chien\n|-damage|p1a: Wo-Chien|42/283\n|-supereffective|p1a: Wo-Chien\n|-damage|p1a: Wo-Chien|0 fnt\n|faint|p1a: Wo-Chien\n|-hitcount|p1: Wo-Chien|3\n|move|p2a: Lanturn|Ice Beam|p1b: Brambleghast\n|-supereffective|p1b: Brambleghast\n|-damage|p1b: Brambleghast|0 fnt\n|faint|p1b: Brambleghast\n|\n|upkeep\n|\n|t:|1771123971\n|switch|p1b: Mismagius|Mismagius, L88, F|249/249\n|switch|p1a: Mesprit|Mesprit, L86|166/278\n|turn|9\n|\n|t:|1771123979\n|move|p2b: Baxcalibur|Protect|p2b: Baxcalibur\n|-singleturn|p2b: Baxcalibur|Protect\n|move|p1b: Mismagius|Shadow Ball|p2b: Baxcalibur\n|-activate|p2b: Baxcalibur|move: Protect\n|move|p1a: Mesprit|Dazzling Gleam|p2b: Baxcalibur|[spread] p2a\n|-activate|p2b: Baxcalibur|move: Protect\n|-damage|p2a: Lanturn|0 fnt\n|faint|p2a: Lanturn\n|-damage|p1a: Mesprit|139/278|[from] item: Life Orb\n|\n|upkeep\n|\n|t:|1771123988\n|switch|p2a: Lycanroc|Lycanroc, L85, F|214/266\n|turn|10\n|\n|t:|1771124003\n|switch|p1a: Sandslash|Sandslash, L93, F|89/290\n|move|p2a: Lycanroc|Rock Slide|p1b: Mismagius|[spread] p1a,p1b\n|-resisted|p1a: Sandslash\n|-damage|p1a: Sandslash|57/290\n|-damage|p1b: Mismagius|140/249\n|-damage|p2a: Lycanroc|188/266|[from] item: Life Orb\n|move|p1b: Mismagius|Shadow Ball|p2a: Lycanroc\n|-damage|p2a: Lycanroc|40/266\n|-damage|p1b: Mismagius|116/249|[from] item: Life Orb\n|move|p2b: Baxcalibur|Scale Shot|p1b: Mismagius\n|-damage|p1b: Mismagius|73/249\n|-damage|p1b: Mismagius|33/249\n|-damage|p1b: Mismagius|0 fnt\n|faint|p1b: Mismagius\n|-hitcount|p1: Mismagius|3\n|-unboost|p2b: Baxcalibur|def|1\n|-boost|p2b: Baxcalibur|spe|1\n|\n|upkeep\n|\n|t:|1771124016\n|switch|p1b: Mesprit|Mesprit, L86|139/278\n|turn|11\n|\n|t:|1771124024\n|move|p2b: Baxcalibur|Icicle Spear|p1b: Mesprit\n|-damage|p1b: Mesprit|112/278\n|-damage|p1b: Mesprit|84/278\n|-damage|p1b: Mesprit|54/278\n|-crit|p1b: Mesprit\n|-damage|p1b: Mesprit|12/278\n|-hitcount|p1b: Mesprit|4\n|move|p2a: Lycanroc|Close Combat|p1a: Sandslash\n|-damage|p1a: Sandslash|0 fnt\n|-unboost|p2a: Lycanroc|def|1\n|-unboost|p2a: Lycanroc|spd|1\n|faint|p1a: Sandslash\n|-damage|p2a: Lycanroc|14/266|[from] item: Life Orb\n|move|p1b: Mesprit|Dazzling Gleam|p2b: Baxcalibur|[spread] p2a,p2b\n|-supereffective|p2b: Baxcalibur\n|-damage|p2a: Lycanroc|0 fnt\n|-damage|p2b: Baxcalibur|169/307\n|faint|p2a: Lycanroc\n|-damage|p1b: Mesprit|0 fnt|[from] item: Life Orb\n|faint|p1b: Mesprit\n|\n|upkeep\n|\n|t:|1771124034\n|switch|p2a: Mamoswine|Mamoswine, L82, M|315/315\n|switch|p1b: Heatran|Heatran, L78, F|236/270\n|turn|12\n|\n|t:|1771124049\n|move|p2b: Baxcalibur|Icicle Spear|p1b: Heatran\n|-resisted|p1b: Heatran\n|-damage|p1b: Heatran|229/270\n|-resisted|p1b: Heatran\n|-damage|p1b: Heatran|221/270\n|-resisted|p1b: Heatran\n|-damage|p1b: Heatran|213/270\n|-resisted|p1b: Heatran\n|-damage|p1b: Heatran|206/270\n|-hitcount|p1b: Heatran|4\n|move|p2a: Mamoswine|High Horsepower|p1b: Heatran\n|-supereffective|p1b: Heatran\n|-damage|p1b: Heatran|0 fnt\n|faint|p1b: Heatran\n|-damage|p2a: Mamoswine|284/315|[from] item: Life Orb\n|\n|win|improvguy\n|raw|Hat2DaBack's rating: 1780 &rarr; <strong>1768</strong><br />(-12 for losing)\n|raw|improvguy's rating: 1925 &rarr; <strong>1937</strong><br />(+12 for winning)\n|c|☆Hat2DaBack|i gave up a while ago i jst wanna sleep mayn\n|c|☆Hat2DaBack|gg\n|c|☆improvguy|gg\n|c|☆improvguy|sorry about the rng\n|l|☆Hat2DaBack\n|player|p1|\n", "inputlog": ">version ccdc32dd7cde25fd9e4bed64820e885f66e78a4e\n>start {\"formatid\":\"gen9randomdoublesbattle\",\"seed\":\"sodium,3094d06b002a11255900f648aeb50403\",\"rated\":\"Rated battle\"}\n>player p1 {\"name\":\"Hat2DaBack\",\"avatar\":\"preschoolerf\",\"rating\":1780,\"seed\":\"sodium,d76aef800ec5ba7e52eaaff9c30d4a1f\"}\n>player p2 {\"name\":\"improvguy\",\"avatar\":\"cameraman\",\"rating\":1925,\"seed\":\"sodium,c9df7bb623b8971f8c8d6e3c8a7cf99c\"}\n>p1 move leechseed +2, move nastyplot\n>p2 move rockslide, move electroweb\n>chat ☆Hat2DaBack|yea\n>chat ☆Hat2DaBack|no\n>chat ☆Hat2DaBack|its over\n>chat ☆improvguy|i know that feel\n>chat ☆Hat2DaBack|everygame is super unlucky \n>chat ☆Hat2DaBack|its one of those days\n>p1 move leechseed +2, switch 3\n>p2 move rockslide, move scald +2\n>p1 move leechseed +1, move highhorsepower +1\n>p2 switch 3, switch 4\n>p1 move leechseed +2, switch 6\n>p2 move uturn +1, move psychicnoise +2\n>chat ☆improvguy|yeah showdown rng is always screwing over one side\n>p2 switch 4, pass\n>p1 move leechseed +1, switch 5\n>p2 move scald +2, move bodypress +2\n>chat ☆Hat2DaBack|jst no words\n>p1 move knockoff +1, move poltergeist +2\n>p2 move icebeam +1, move bodypress +1\n>p1 move protect, move poltergeist +2\n>p2 move icebeam +1, move bodypress +1\n>p2 pass, switch 5\n>p1 move leechseed +2, move shadowsneak +1\n>p2 move icebeam +2, move iciclespear +1\n>p1 switch 3, switch 4\n>p1 move dazzlinggleam, move shadowball +2\n>p2 move electroweb, move protect\n>p2 switch 3, pass\n>p1 switch 6, move shadowball +1\n>p2 move rockslide, move scaleshot +2\n>p1 pass, switch 6\n>p1 move highhorsepower +2, move dazzlinggleam\n>p2 move closecombat +1, move iciclespear +2\n>p1 pass, switch 5\n>p2 switch 6, pass\n>p1 pass, move heatwave\n>p2 move highhorsepower +2, move iciclespear +2", "uploadtime": 1771124094, "views": 74, "formatid": "gen9randomdoublesbattle", "rating": 1768, "private": 0, "password": null}