{"id": "gen9randomdoublesbattle-2537622487", "format": "[Gen 9] Random Doubles Battle", "players": ["torchicloco", "oscarbolt"], "log": "|j|☆torchicloco\n|j|☆oscarbolt\n|t:|1770832870\n|gametype|doubles\n|player|p1|torchicloco|2|1840\n|player|p2|oscarbolt|1|1931\n|gen|9\n|tier|[Gen 9] Random Doubles Battle\n|rated|\n|rule|Species Clause: Limit one of each Pokémon\n|rule|HP Percentage Mod: HP is shown in percentages\n|rule|Illusion Level Mod: Illusion disguises the Pokémon's true level\n|rule|Sleep Clause Mod: Limit one foe put to sleep\n|\n|t:|1770832870\n|teamsize|p1|6\n|teamsize|p2|6\n|start\n|switch|p1a: Kyogre|Kyogre, L65|238/238\n|switch|p1b: Jirachi|Jirachi, L80|291/291\n|switch|p2a: Phione|Phione, L90|290/290\n|switch|p2b: Overqwil|Overqwil, L82, F|274/274\n|-weather|RainDance|[from] ability: Drizzle|[of] p1a: Kyogre\n|-ability|p2b: Overqwil|Intimidate|boost\n|-unboost|p1a: Kyogre|atk|1\n|-unboost|p1b: Jirachi|atk|1\n|turn|1\n|\n|t:|1770832958\n|move|p1b: Jirachi|Thunderbolt|p2a: Phione\n|-supereffective|p2a: Phione\n|-damage|p2a: Phione|166/290\n|move|p1a: Kyogre|Thunder|p2a: Phione\n|-supereffective|p2a: Phione\n|-damage|p2a: Phione|26/290\n|move|p2a: Phione|Scald|p1b: Jirachi\n|-damage|p1b: Jirachi|171/291\n|-status|p1b: Jirachi|brn\n|move|p2b: Overqwil|Gunk Shot|p1a: Kyogre\n|-damage|p1a: Kyogre|0 fnt\n|faint|p1a: Kyogre\n|-damage|p2b: Overqwil|247/274|[from] item: Life Orb\n|\n|-weather|RainDance|[upkeep]\n|-heal|p2a: Phione|44/290|[from] item: Leftovers\n|-damage|p1b: Jirachi|153/291 brn|[from] brn\n|upkeep\n|\n|t:|1770832978\n|switch|p1a: Avalugg|Avalugg, L92, F|324/324\n|turn|2\n|\n|t:|1770832996\n|switch|p2b: Arceus|Arceus-Psychic, L72|292/292\n|move|p2a: Phione|Protect|p2a: Phione\n|-singleturn|p2a: Phione|Protect\n|move|p1b: Jirachi|Thunderbolt|p2b: Arceus\n|-damage|p2b: Arceus|241/292\n|move|p1a: Avalugg|Body Press|p2b: Arceus\n|-resisted|p2b: Arceus\n|-damage|p2b: Arceus|193/292\n|\n|-weather|RainDance|[upkeep]\n|-heal|p2a: Phione|62/290|[from] item: Leftovers\n|-damage|p1b: Jirachi|135/291 brn|[from] brn\n|upkeep\n|turn|3\n|\n|t:|1770833011\n|switch|p2a: Amoonguss|Amoonguss, L86, F|336/336\n|move|p1b: Jirachi|Thunderbolt|p2a: Amoonguss\n|-resisted|p2a: Amoonguss\n|-damage|p2a: Amoonguss|303/336\n|move|p2b: Arceus|Will-O-Wisp|p1a: Avalugg|[miss]\n|-miss|p2b: Arceus|p1a: Avalugg\n|move|p1a: Avalugg|Avalanche|p2b: Arceus\n|-damage|p2b: Arceus|114/292\n|\n|-weather|RainDance|[upkeep]\n|-damage|p1b: Jirachi|117/291 brn|[from] brn\n|upkeep\n|turn|4\n|\n|t:|1770833033\n|switch|p1a: Spectrier|Spectrier, L77|281/281\n|move|p1b: Jirachi|Thunderbolt|p2b: Arceus\n|-damage|p2b: Arceus|63/292\n|move|p2b: Arceus|Will-O-Wisp|p1a: Spectrier|[miss]\n|-miss|p2b: Arceus|p1a: Spectrier\n|move|p2a: Amoonguss|Spore||[still]\n|-fail|p2a: Amoonguss\n|\n|-weather|RainDance|[upkeep]\n|-damage|p1b: Jirachi|99/291 brn|[from] brn\n|upkeep\n|turn|5\n|\n|t:|1770833051\n|switch|p2b: Gastrodon|Gastrodon, L82, F|316/316\n|move|p1b: Jirachi|Thunderbolt|p2b: Gastrodon\n|-immune|p2b: Gastrodon\n|move|p1a: Spectrier|Nasty Plot|p1a: Spectrier\n|-boost|p1a: Spectrier|spa|2\n|move|p2a: Amoonguss|Spore|p1a: Spectrier\n|-status|p1a: Spectrier|slp|[from] move: Spore\n|\n|-weather|none\n|-damage|p1b: Jirachi|81/291 brn|[from] brn\n|upkeep\n|turn|6\n|\n|t:|1770833077\n|switch|p1b: Avalugg|Avalugg, L92, F|324/324\n|cant|p1a: Spectrier|slp\n|move|p2b: Gastrodon|Clear Smog|p1a: Spectrier\n|-resisted|p1a: Spectrier\n|-damage|p1a: Spectrier|261/281 slp\n|-clearboost|p1a: Spectrier\n|move|p2a: Amoonguss|Sludge Bomb|p1b: Avalugg\n|-damage|p1b: Avalugg|195/324\n|\n|-heal|p1b: Avalugg|215/324|[from] item: Leftovers\n|upkeep\n|turn|7\n|\n|t:|1770833105\n|switch|p1a: Jirachi|Jirachi, L80|81/291 brn\n|switch|p2a: Overqwil|Overqwil, L82, F|247/274\n|-ability|p2a: Overqwil|Intimidate|boost\n|-unboost|p1a: Jirachi|atk|1\n|-unboost|p1b: Avalugg|atk|1\n|move|p2b: Gastrodon|Muddy Water|p1b: Avalugg|[spread] p1b\n|-miss|p2b: Gastrodon|p1a: Jirachi\n|-damage|p1b: Avalugg|122/324\n|move|p1b: Avalugg|Avalanche|p2a: Overqwil\n|-damage|p2a: Overqwil|196/274\n|\n|-heal|p1b: Avalugg|142/324|[from] item: Leftovers\n|-damage|p1a: Jirachi|63/291 brn|[from] brn\n|upkeep\n|turn|8\n|\n|t:|1770833129\n|switch|p2a: Phione|Phione, L90|62/290\n|move|p1a: Jirachi|Trick|p2b: Gastrodon\n|-activate|p1a: Jirachi|move: Trick|[of] p2b: Gastrodon\n|-item|p2b: Gastrodon|Choice Scarf|[from] move: Trick\n|-item|p1a: Jirachi|Sitrus Berry|[from] move: Trick\n|-enditem|p1a: Jirachi|Sitrus Berry|[eat]\n|-heal|p1a: Jirachi|135/291 brn|[from] item: Sitrus Berry\n|move|p2b: Gastrodon|Muddy Water|p1b: Avalugg|[spread] p1a,p1b\n|-damage|p1a: Jirachi|72/291 brn\n|-damage|p1b: Avalugg|51/324\n|-unboost|p1b: Avalugg|accuracy|1\n|move|p1b: Avalugg|Recover|p1b: Avalugg\n|-heal|p1b: Avalugg|213/324\n|\n|-heal|p2a: Phione|80/290|[from] item: Leftovers\n|-heal|p1b: Avalugg|233/324|[from] item: Leftovers\n|-damage|p1a: Jirachi|54/291 brn|[from] brn\n|upkeep\n|turn|9\n|\n|t:|1770833163\n|move|p2a: Phione|Protect|p2a: Phione\n|-singleturn|p2a: Phione|Protect\n|move|p1a: Jirachi|Psychic|p2a: Phione\n|-activate|p2a: Phione|move: Protect\n|move|p2b: Gastrodon|Muddy Water|p1a: Jirachi|[spread] p1b\n|-miss|p2b: Gastrodon|p1a: Jirachi\n|-damage|p1b: Avalugg|139/324\n|move|p1b: Avalugg|Body Press|p2a: Phione\n|-activate|p2a: Phione|move: Protect\n|\n|-heal|p2a: Phione|98/290|[from] item: Leftovers\n|-heal|p1b: Avalugg|159/324|[from] item: Leftovers\n|-damage|p1a: Jirachi|36/291 brn|[from] brn\n|upkeep\n|turn|10\n|\n|t:|1770833187\n|move|p1a: Jirachi|Thunderbolt|p2a: Phione\n|-supereffective|p2a: Phione\n|-damage|p2a: Phione|0 fnt\n|faint|p2a: Phione\n|move|p2b: Gastrodon|Muddy Water|p1b: Avalugg|[spread] p1a,p1b\n|-damage|p1a: Jirachi|0 fnt\n|-damage|p1b: Avalugg|66/324\n|faint|p1a: Jirachi\n|move|p1b: Avalugg|Recover|p1b: Avalugg\n|-heal|p1b: Avalugg|228/324\n|\n|-heal|p1b: Avalugg|248/324|[from] item: Leftovers\n|upkeep\n|\n|t:|1770833202\n|switch|p1a: Sudowoodo|Sudowoodo, L94, F|284/284\n|switch|p2a: Overqwil|Overqwil, L82, F|196/274\n|-ability|p2a: Overqwil|Intimidate|boost\n|-unboost|p1a: Sudowoodo|atk|1\n|-unboost|p1b: Avalugg|atk|1\n|turn|11\n|\n|t:|1770833213\n|-terastallize|p1a: Sudowoodo|Grass\n|move|p2a: Overqwil|Gunk Shot|p1a: Sudowoodo\n|-supereffective|p1a: Sudowoodo\n|-damage|p1a: Sudowoodo|11/284\n|-damage|p2a: Overqwil|169/274|[from] item: Life Orb\n|move|p2b: Gastrodon|Muddy Water|p1b: Avalugg|[spread] p1b\n|-miss|p2b: Gastrodon|p1a: Sudowoodo\n|-crit|p1b: Avalugg\n|-damage|p1b: Avalugg|104/324\n|move|p1a: Sudowoodo|High Horsepower|p2a: Overqwil\n|-supereffective|p2a: Overqwil\n|-damage|p2a: Overqwil|18/274\n|-damage|p1a: Sudowoodo|0 fnt|[from] item: Life Orb\n|faint|p1a: Sudowoodo\n|move|p1b: Avalugg|Body Press|p2a: Overqwil\n|-damage|p2a: Overqwil|0 fnt\n|faint|p2a: Overqwil\n|\n|-heal|p1b: Avalugg|124/324|[from] item: Leftovers\n|upkeep\n|\n|t:|1770833234\n|switch|p2a: Amoonguss|Amoonguss, L86, F|336/336\n|switch|p1a: Spectrier|Spectrier, L77|261/281 slp\n|turn|12\n|\n|t:|1770833244\n|-terastallize|p2a: Amoonguss|Water\n|move|p1b: Avalugg|Protect|p1b: Avalugg\n|-singleturn|p1b: Avalugg|Protect\n|cant|p1a: Spectrier|slp\n|move|p2b: Gastrodon|Muddy Water|p1b: Avalugg|[spread] \n|-activate|p1b: Avalugg|move: Protect\n|-miss|p2b: Gastrodon|p1a: Spectrier\n|move|p2a: Amoonguss|Spore|p1a: Spectrier\n|-fail|p1a: Spectrier|slp\n|\n|-heal|p1b: Avalugg|144/324|[from] item: Leftovers\n|upkeep\n|turn|13\n|\n|t:|1770833268\n|-curestatus|p1a: Spectrier|slp|[msg]\n|move|p1a: Spectrier|Nasty Plot|p1a: Spectrier\n|-boost|p1a: Spectrier|spa|2\n|move|p2b: Gastrodon|Muddy Water|p1a: Spectrier|[spread] p1a,p1b\n|-damage|p1a: Spectrier|182/281\n|-damage|p1b: Avalugg|51/324\n|move|p2a: Amoonguss|Spore|p1a: Spectrier\n|-status|p1a: Spectrier|slp|[from] move: Spore\n|move|p1b: Avalugg|Avalanche|p2b: Gastrodon\n|-damage|p2b: Gastrodon|205/316\n|\n|-heal|p1b: Avalugg|71/324|[from] item: Leftovers\n|upkeep\n|turn|14\n|\n|t:|1770833289\n|cant|p1a: Spectrier|slp\n|move|p1b: Avalugg|Protect|p1b: Avalugg\n|-singleturn|p1b: Avalugg|Protect\n|move|p2b: Gastrodon|Muddy Water|p1a: Spectrier|[spread] \n|-activate|p1b: Avalugg|move: Protect\n|-miss|p2b: Gastrodon|p1a: Spectrier\n|move|p2a: Amoonguss|Pollen Puff|p2b: Gastrodon\n|-heal|p2b: Gastrodon|316/316\n|\n|-heal|p1b: Avalugg|91/324|[from] item: Leftovers\n|upkeep\n|turn|15\n|\n|t:|1770833314\n|cant|p1a: Spectrier|slp\n|move|p2b: Gastrodon|Muddy Water|p1b: Avalugg|[spread] p1a,p1b\n|-damage|p1a: Spectrier|101/281 slp\n|-damage|p1b: Avalugg|1/324\n|move|p1b: Avalugg|Recover|p1b: Avalugg\n|-heal|p1b: Avalugg|163/324\n|move|p2a: Amoonguss|Spore|p1a: Spectrier\n|-fail|p1a: Spectrier|slp\n|\n|-heal|p1b: Avalugg|183/324|[from] item: Leftovers\n|upkeep\n|turn|16\n|\n|t:|1770833327\n|-curestatus|p1a: Spectrier|slp|[msg]\n|move|p1a: Spectrier|Protect|p1a: Spectrier\n|-singleturn|p1a: Spectrier|Protect\n|move|p2b: Gastrodon|Muddy Water|p1a: Spectrier|[spread] p1b\n|-activate|p1a: Spectrier|move: Protect\n|-damage|p1b: Avalugg|96/324\n|-unboost|p1b: Avalugg|accuracy|1\n|move|p1b: Avalugg|Recover|p1b: Avalugg\n|-heal|p1b: Avalugg|258/324\n|move|p2a: Amoonguss|Sludge Bomb|p1a: Spectrier\n|-activate|p1a: Spectrier|move: Protect\n|\n|-heal|p1b: Avalugg|278/324|[from] item: Leftovers\n|upkeep\n|turn|17\n|\n|t:|1770833357\n|move|p1a: Spectrier|Shadow Ball|p2a: Amoonguss\n|-damage|p2a: Amoonguss|77/336\n|-damage|p1a: Spectrier|73/281|[from] item: Life Orb\n|move|p2b: Gastrodon|Muddy Water|p1b: Avalugg|[spread] p1a,p1b\n|-damage|p1a: Spectrier|0 fnt\n|-damage|p1b: Avalugg|181/324\n|faint|p1a: Spectrier\n|move|p1b: Avalugg|Body Press|p2a: Amoonguss|[miss]\n|-miss|p1b: Avalugg|p2a: Amoonguss\n|move|p2a: Amoonguss|Sludge Bomb|p1b: Avalugg\n|-damage|p1b: Avalugg|63/324\n|\n|-heal|p1b: Avalugg|83/324|[from] item: Leftovers\n|upkeep\n|\n|t:|1770833370\n|switch|p1a: Drednaw|Drednaw, L83, F|285/285\n|turn|18\n|\n|t:|1770833385\n|move|p1a: Drednaw|Rock Slide|p2a: Amoonguss|[spread] p2a\n|-miss|p1a: Drednaw|p2b: Gastrodon\n|-damage|p2a: Amoonguss|0 fnt\n|faint|p2a: Amoonguss\n|move|p2b: Gastrodon|Muddy Water|p1a: Drednaw|[spread] p1a,p1b\n|-damage|p1a: Drednaw|203/285\n|-damage|p1b: Avalugg|0 fnt\n|faint|p1b: Avalugg\n|\n|upkeep\n|\n|t:|1770833396\n|switch|p2a: Arceus|Arceus-Psychic, L72|63/292\n|turn|19\n|\n|t:|1770833408\n|switch|p2b: Eiscue|Eiscue, L89, F|278/278\n|move|p2a: Arceus|Judgment|p1a: Drednaw\n|-damage|p1a: Drednaw|70/285\n|move|p1a: Drednaw|Shell Smash|p1a: Drednaw\n|-unboost|p1a: Drednaw|def|1\n|-unboost|p1a: Drednaw|spd|1\n|-boost|p1a: Drednaw|atk|2\n|-boost|p1a: Drednaw|spa|2\n|-boost|p1a: Drednaw|spe|2\n|-enditem|p1a: Drednaw|White Herb\n|-clearnegativeboost|p1a: Drednaw|[silent]\n|\n|upkeep\n|turn|20\n|\n|t:|1770833418\n|move|p1a: Drednaw|Rock Slide|p2b: Eiscue|[spread] p2a,p2b\n|-damage|p2a: Arceus|0 fnt\n|-activate|p2b: Eiscue|ability: Ice Face\n|-damage|p2b: Eiscue|278/278\n|detailschange|p2b: Eiscue|Eiscue-Noice, L89, F\n|faint|p2a: Arceus\n|cant|p2b: Eiscue|flinch\n|\n|upkeep\n|\n|t:|1770833427\n|switch|p2a: Gastrodon|Gastrodon, L82, F|316/316\n|turn|21\n|\n|t:|1770833434\n|move|p1a: Drednaw|Rock Slide|p2b: Eiscue|[spread] p2a,p2b\n|-resisted|p2a: Gastrodon\n|-supereffective|p2b: Eiscue\n|-damage|p2a: Gastrodon|230/316\n|-damage|p2b: Eiscue|0 fnt\n|faint|p2b: Eiscue\n|cant|p2a: Gastrodon|flinch\n|\n|upkeep\n|turn|22\n|\n|t:|1770833445\n|move|p1a: Drednaw|Protect|p1a: Drednaw\n|-singleturn|p1a: Drednaw|Protect\n|move|p2a: Gastrodon|Earth Power|p1a: Drednaw\n|-activate|p1a: Drednaw|move: Protect\n|\n|upkeep\n|turn|23\n|\n|t:|1770833450\n|move|p1a: Drednaw|Rock Slide|p2a: Gastrodon\n|-resisted|p2a: Gastrodon\n|-damage|p2a: Gastrodon|122/316\n|cant|p2a: Gastrodon|flinch\n|\n|upkeep\n|turn|24\n|\n|t:|1770833457\n|move|p1a: Drednaw|Rock Slide|p2a: Gastrodon\n|-resisted|p2a: Gastrodon\n|-damage|p2a: Gastrodon|9/316\n|move|p2a: Gastrodon|Earth Power|p1a: Drednaw\n|-supereffective|p1a: Drednaw\n|-damage|p1a: Drednaw|0 fnt\n|faint|p1a: Drednaw\n|\n|win|oscarbolt\n|raw|torchicloco's rating: 1840 &rarr; <strong>1825</strong><br />(-15 for losing)\n|raw|oscarbolt's rating: 1931 &rarr; <strong>1946</strong><br />(+15 for winning)\n|l|☆torchicloco\n|player|p1|\n", "inputlog": ">version ccdc32dd7cde25fd9e4bed64820e885f66e78a4e\n>start {\"formatid\":\"gen9randomdoublesbattle\",\"seed\":\"sodium,fc9dd40896d75e3527b1ebdc96a5394f\",\"rated\":\"Rated battle\"}\n>player p1 {\"name\":\"torchicloco\",\"avatar\":\"2\",\"rating\":1840,\"seed\":\"sodium,3714712cbd6484908e20c8c7624624c4\"}\n>player p2 {\"name\":\"oscarbolt\",\"avatar\":\"1\",\"rating\":1931,\"seed\":\"sodium,2c3566aafb1ce879fb127591125a68eb\"}\n>p1 move thunder +1, move thunderbolt +1\n>p2 move scald +2, move gunkshot +1\n>p1 switch 4, pass\n>p1 move bodypress +2, move thunderbolt +2\n>p2 move protect, switch 5\n>p1 move avalanche +2, move thunderbolt +1\n>p2 switch 3, move willowisp +1\n>p1 switch 5, move thunderbolt +2\n>p2 move spore +2, move willowisp +1\n>p1 move nastyplot, move thunderbolt +2\n>p2 move spore +1, switch 6\n>p1 move protect, switch 5\n>p2 move sludgebomb +2, move clearsmog +1\n>p1 switch 5, move avalanche +1\n>p2 switch 5, move muddywater\n>p1 move trick +2, move recover\n>p2 switch 3, move muddywater\n>p1 move psychic +1, move bodypress +1\n>p2 move protect, move muddywater\n>p1 move thunderbolt +1, move recover\n>p2 move takeheart, move muddywater\n>p1 switch 6, pass\n>p2 switch 3, pass\n>p1 move highhorsepower +1 terastallize, move bodypress +1\n>p2 move gunkshot +1, move muddywater\n>p1 switch 5, pass\n>p2 switch 5, pass\n>p1 move nastyplot, move protect\n>p2 move spore +1 terastallize, move muddywater\n>p1 move nastyplot, move avalanche +2\n>p2 move spore +1, move muddywater\n>p1 move protect, move protect\n>p2 move pollenpuff -2, move muddywater\n>p1 move shadowball +1, move recover\n>p2 move spore +1, move muddywater\n>p1 move protect, move recover\n>p2 move sludgebomb +1, move muddywater\n>p1 move shadowball +1, move bodypress +1\n>p2 move sludgebomb +1, move muddywater\n>p1 switch 3, pass\n>p1 move rockslide, move recover\n>p2 move spore +1, move muddywater\n>p2 switch 6, pass\n>p1 move shellsmash, pass\n>p2 move judgment +1, switch 4\n>p1 move rockslide, pass\n>p2 move judgment +1, move liquidation +1\n>p2 switch 4, pass\n>p1 move rockslide, pass\n>p2 move earthpower +1, move liquidation +1\n>p1 move protect, pass\n>p2 move earthpower +1, pass\n>p1 move rockslide, pass\n>p2 move earthpower +1, pass\n>p1 move rockslide, pass\n>p2 move earthpower +1, pass", "uploadtime": 1770833480, "views": 69, "formatid": "gen9randomdoublesbattle", "rating": 1825, "private": 0, "password": null}