{"id": "gen9randomdoublesbattle-2536527164", "format": "[Gen 9] Random Doubles Battle", "players": ["nash_is_me", "jostorr"], "log": "|j|☆nash_is_me\n|j|☆jostorr\n|t:|1770699838\n|gametype|doubles\n|player|p1|nash_is_me|1|1553\n|player|p2|jostorr|shadowtriad|1487\n|gen|9\n|tier|[Gen 9] Random Doubles Battle\n|rated|\n|rule|Species Clause: Limit one of each Pokémon\n|rule|HP Percentage Mod: HP is shown in percentages\n|rule|Illusion Level Mod: Illusion disguises the Pokémon's true level\n|rule|Sleep Clause Mod: Limit one foe put to sleep\n|\n|t:|1770699838\n|teamsize|p1|6\n|teamsize|p2|6\n|start\n|switch|p1a: Copperajah|Copperajah, L86, M|350/350\n|switch|p1b: Minun|Minun, L91, M|257/257\n|switch|p2a: Cloyster|Cloyster, L87, F|229/229\n|switch|p2b: Minior|Minior-Blue, L83|232/232\n|-formechange|p2b: Minior|Minior-Meteor||[from] ability: Shields Down\n|turn|1\n|inactive|Battle timer is ON: inactive players will automatically lose when time's up. (requested by nash_is_me)\n|inactive|jostorr has 120 seconds left.\n|\n|t:|1770699874\n|switch|p2a: Gastrodon|Gastrodon-East, L82, M, shiny|316/316\n|move|p1b: Minun|Thunderbolt|p2b: Minior\n|-supereffective|p2b: Minior\n|-damage|p2b: Minior|56/232\n|move|p2b: Minior|Shell Smash|p2b: Minior\n|-unboost|p2b: Minior|def|1\n|-unboost|p2b: Minior|spd|1\n|-boost|p2b: Minior|atk|2\n|-boost|p2b: Minior|spa|2\n|-boost|p2b: Minior|spe|2\n|-enditem|p2b: Minior|White Herb\n|-clearnegativeboost|p2b: Minior|[silent]\n|move|p1a: Copperajah|High Horsepower|p2a: Gastrodon\n|-damage|p2a: Gastrodon|185/316\n|-damage|p1a: Copperajah|315/350|[from] item: Life Orb\n|\n|-heal|p2a: Gastrodon|204/316|[from] item: Leftovers\n|-formechange|p2b: Minior|Minior-Blue||[from] ability: Shields Down\n|upkeep\n|turn|2\n|inactive|jostorr has 120 seconds left.\n|\n|t:|1770699923\n|move|p2b: Minior|Rock Slide|p1a: Copperajah|[spread] p1a,p1b\n|-resisted|p1a: Copperajah\n|-crit|p1b: Minun\n|-damage|p1a: Copperajah|251/350\n|-damage|p1b: Minun|13/257\n|-enditem|p1b: Minun|Sitrus Berry|[eat]\n|-heal|p1b: Minun|77/257|[from] item: Sitrus Berry\n|cant|p1b: Minun|flinch\n|move|p2a: Gastrodon|Muddy Water|p1a: Copperajah|[spread] p1a,p1b\n|-damage|p1a: Copperajah|178/350\n|-damage|p1b: Minun|17/257\n|cant|p1a: Copperajah|flinch\n|\n|-heal|p2a: Gastrodon|223/316|[from] item: Leftovers\n|upkeep\n|turn|3\n|inactive|jostorr has 120 seconds left.\n|c|☆nash_is_me|lol\n|\n|t:|1770699960\n|switch|p1b: Espeon|Espeon, L84, M|246/246\n|move|p2b: Minior|Rock Slide|p1a: Copperajah|[spread] p1a,p1b\n|-resisted|p1a: Copperajah\n|-damage|p1a: Copperajah|108/350\n|-damage|p1b: Espeon|86/246\n|move|p2a: Gastrodon|Earth Power|p1a: Copperajah\n|-supereffective|p1a: Copperajah\n|-damage|p1a: Copperajah|0 fnt\n|faint|p1a: Copperajah\n|\n|-heal|p2a: Gastrodon|242/316|[from] item: Leftovers\n|upkeep\n|c|☆nash_is_me|double flinch is crazy\n|inactive|nash_is_me has 120 seconds left.\n|\n|t:|1770699973\n|switch|p1a: Iron Hands|Iron Hands, L77|364/364\n|turn|4\n|inactive|jostorr has 120 seconds left.\n|\n|t:|1770699995\n|move|p2b: Minior|Protect|p2b: Minior\n|-singleturn|p2b: Minior|Protect\n|move|p1b: Espeon|Psychic|p2b: Minior\n|-activate|p2b: Minior|move: Protect\n|move|p1a: Iron Hands|Thunder Punch|p2b: Minior\n|-activate|p2b: Minior|move: Protect\n|move|p2a: Gastrodon|Earth Power|p1a: Iron Hands\n|-supereffective|p1a: Iron Hands\n|-damage|p1a: Iron Hands|140/364\n|-unboost|p1a: Iron Hands|spd|1\n|\n|-heal|p1a: Iron Hands|162/364|[from] item: Leftovers\n|-heal|p2a: Gastrodon|261/316|[from] item: Leftovers\n|upkeep\n|turn|5\n|inactive|jostorr has 120 seconds left.\n|\n|t:|1770700020\n|move|p2a: Gastrodon|Helping Hand|p2b: Minior\n|-singleturn|p2b: Minior|Helping Hand|[of] p2a: Gastrodon\n|move|p1a: Iron Hands|Protect|p1a: Iron Hands\n|-singleturn|p1a: Iron Hands|Protect\n|move|p2b: Minior|Rock Slide|p1b: Espeon|[spread] p1b\n|-activate|p1a: Iron Hands|move: Protect\n|-damage|p1b: Espeon|0 fnt\n|faint|p1b: Espeon\n|\n|-heal|p1a: Iron Hands|184/364|[from] item: Leftovers\n|-heal|p2a: Gastrodon|280/316|[from] item: Leftovers\n|upkeep\n|\n|t:|1770700035\n|switch|p1b: Quaquaval|Quaquaval, L82, F|274/274\n|turn|6\n|inactive|jostorr has 120 seconds left.\n|\n|t:|1770700074\n|-terastallize|p1b: Quaquaval|Steel\n|move|p2b: Minior|Protect|p2b: Minior\n|-singleturn|p2b: Minior|Protect\n|move|p1b: Quaquaval|Aqua Step|p2a: Gastrodon\n|-activate|p2a: Gastrodon|ability: Storm Drain\n|-ability|p2a: Gastrodon|Storm Drain|boost\n|-boost|p2a: Gastrodon|spa|1\n|move|p1a: Iron Hands|Drain Punch|p2a: Gastrodon\n|-damage|p2a: Gastrodon|168/316\n|-heal|p1a: Iron Hands|240/364|[from] drain|[of] p2a: Gastrodon\n|move|p2a: Gastrodon|Earth Power|p1a: Iron Hands\n|-supereffective|p1a: Iron Hands\n|-damage|p1a: Iron Hands|0 fnt\n|faint|p1a: Iron Hands\n|-end|p1a: Iron Hands|Quark Drive|[silent]\n|\n|-heal|p2a: Gastrodon|187/316|[from] item: Leftovers\n|upkeep\n|\n|t:|1770700083\n|switch|p1a: Vivillon|Vivillon-Sun, L88, M|284/284\n|turn|7\n|inactive|jostorr has 120 seconds left.\n|\n|t:|1770700113\n|-terastallize|p2b: Minior|Rock\n|move|p2b: Minior|Rock Slide|p1b: Quaquaval|[spread] p1b\n|-miss|p2b: Minior|p1a: Vivillon\n|-resisted|p1b: Quaquaval\n|-damage|p1b: Quaquaval|180/274\n|move|p1a: Vivillon|Sleep Powder|p2a: Gastrodon\n|-status|p2a: Gastrodon|slp|[from] move: Sleep Powder\n|cant|p1b: Quaquaval|flinch\n|cant|p2a: Gastrodon|slp\n|\n|-heal|p2a: Gastrodon|206/316 slp|[from] item: Leftovers\n|upkeep\n|turn|8\n|inactive|jostorr has 120 seconds left.\n|c|☆nash_is_me|...\n|inactive|jostorr has 90 seconds left.\n|\n|t:|1770700161\n|switch|p2a: Meowscarada|Meowscarada, L79, F|250/250\n|move|p2b: Minior|Rock Slide|p1b: Quaquaval|[spread] p1a,p1b\n|-supereffective|p1a: Vivillon\n|-resisted|p1b: Quaquaval\n|-damage|p1a: Vivillon|0 fnt\n|-damage|p1b: Quaquaval|91/274\n|faint|p1a: Vivillon\n|move|p1b: Quaquaval|Knock Off|p2b: Minior\n|-damage|p2b: Minior|0 fnt\n|faint|p2b: Minior\n|-ability|p1b: Quaquaval|Moxie|boost\n|-boost|p1b: Quaquaval|atk|1\n|-damage|p1b: Quaquaval|64/274|[from] item: Life Orb\n|\n|upkeep\n|\n|t:|1770700188\n|switch|p2b: Virizion|Virizion, L86|297/297\n|switch|p1a: Minun|Minun, L91, M|17/257\n|turn|9\n|l|☆nash_is_me\n|inactive|nash_is_me disconnected and has a minute to reconnect!\n|player|p1|\n|inactive|nash_is_me has 30 seconds to reconnect!\n|inactive|nash_is_me has 20 seconds to reconnect!\n|inactive|nash_is_me has 15 seconds to reconnect!\n|inactive|nash_is_me has 10 seconds to reconnect!\n|inactive|nash_is_me has 5 seconds to reconnect!\n|c|☆jostorr|:(\n|-message|nash_is_me lost due to inactivity.\n|\n|win|jostorr\n|raw|nash_is_me's rating: 1553 &rarr; <strong>1529</strong><br />(-24 for losing)\n|raw|jostorr's rating: 1487 &rarr; <strong>1511</strong><br />(+24 for winning)\n", "inputlog": ">version ccdc32dd7cde25fd9e4bed64820e885f66e78a4e\n>start {\"formatid\":\"gen9randomdoublesbattle\",\"seed\":\"sodium,bb82ac9106c9163bd63540853db67d12\",\"rated\":\"Rated battle\"}\n>player p1 {\"name\":\"nash_is_me\",\"avatar\":\"1\",\"rating\":1553,\"seed\":\"sodium,6b1b73b1ac57e233a41333c621f5fcce\"}\n>player p2 {\"name\":\"jostorr\",\"avatar\":\"shadowtriad\",\"rating\":1487,\"seed\":\"sodium,4fd21446e40553fcd1187e45a8fc9028\"}\n>p1 move highhorsepower +1, move thunderbolt +2\n>p2 switch 3, move shellsmash\n>p1 move rockslide, move thunderbolt +2\n>p2 move muddywater, move rockslide\n>chat ☆nash_is_me|lol\n>p1 move rockslide, switch 6\n>p2 move earthpower +1, move rockslide\n>chat ☆nash_is_me|double flinch is crazy\n>p1 switch 4, pass\n>p1 move thunderpunch +2, move psychic +2\n>p2 move earthpower +1, move protect\n>p1 move protect, move psychic +2\n>p2 move helpinghand -2, move rockslide\n>p1 pass, switch 3\n>p1 move drainpunch +1, move aquastep +2 terastallize\n>p2 move earthpower +1, move protect\n>p1 switch 5, pass\n>p1 move sleeppowder +1, move knockoff +2\n>p2 move earthpower +2, move rockslide terastallize\n>chat ☆nash_is_me|...\n>p1 move hurricane +2, move knockoff +2\n>p2 switch 4, move rockslide\n>p1 switch 6, pass\n>p2 pass, switch 6\n>chat ☆jostorr|:(\n>forcelose p1", "uploadtime": 1770700259, "views": 67, "formatid": "gen9randomdoublesbattle", "rating": 1511, "private": 0, "password": null}