{"id": "gen9randomdoublesbattle-2538534321", "format": "[Gen 9] Random Doubles Battle", "players": ["pryan17", "StuvStuv VGC"], "log": "|j|☆pryan17\n|j|☆StuvStuv VGC\n|t:|1770937443\n|gametype|doubles\n|player|p1|pryan17|ghetsis|1676\n|player|p2|StuvStuv VGC|colress|1597\n|gen|9\n|tier|[Gen 9] Random Doubles Battle\n|rated|\n|rule|Species Clause: Limit one of each Pokémon\n|rule|HP Percentage Mod: HP is shown in percentages\n|rule|Illusion Level Mod: Illusion disguises the Pokémon's true level\n|rule|Sleep Clause Mod: Limit one foe put to sleep\n|\n|t:|1770937443\n|teamsize|p1|6\n|teamsize|p2|6\n|start\n|switch|p1a: Snorlax|Snorlax, L84, M|406/406\n|switch|p1b: Arceus|Arceus-Electric, L70|284/284\n|switch|p2a: Hoopa|Hoopa, L86|278/278\n|switch|p2b: Scyther|Scyther, L80, M|243/243\n|turn|1\n|j| explodikodi\n|inactive|Battle timer is ON: inactive players will automatically lose when time's up. (requested by StuvStuv VGC)\n|\n|t:|1770937471\n|move|p2b: Scyther|Tailwind|p2b: Scyther\n|-sidestart|p2: StuvStuv VGC|move: Tailwind\n|move|p2a: Hoopa|Hyperspace Hole|p1b: Arceus\n|-damage|p1b: Arceus|127/284\n|-damage|p2a: Hoopa|251/278|[from] item: Life Orb\n|move|p1b: Arceus|Calm Mind|p1b: Arceus\n|-boost|p1b: Arceus|spa|1\n|-boost|p1b: Arceus|spd|1\n|move|p1a: Snorlax|Crunch|p2a: Hoopa\n|-supereffective|p2a: Hoopa\n|-damage|p2a: Hoopa|0 fnt\n|faint|p2a: Hoopa\n|\n|upkeep\n|\n|t:|1770937499\n|switch|p2a: Haxorus|Haxorus, L84, F|265/265\n|-ability|p2a: Haxorus|Unnerve\n|turn|2\n|\n|t:|1770937511\n|-terastallize|p1a: Snorlax|Poison\n|move|p2b: Scyther|Bug Bite|p1a: Snorlax\n|-resisted|p1a: Snorlax\n|-crit|p1a: Snorlax\n|-damage|p1a: Snorlax|322/406\n|-enditem|p1a: Snorlax|Mago Berry|[from] stealeat|[move] Bug Bite|[of] p2b: Scyther\n|move|p2a: Haxorus|Swords Dance|p2a: Haxorus\n|-boost|p2a: Haxorus|atk|2\n|move|p1b: Arceus|Judgment|p2b: Scyther\n|-supereffective|p2b: Scyther\n|-damage|p2b: Scyther|13/243\n|move|p1a: Snorlax|Curse|p1a: Snorlax\n|-unboost|p1a: Snorlax|spe|1\n|-boost|p1a: Snorlax|atk|1\n|-boost|p1a: Snorlax|def|1\n|\n|upkeep\n|turn|3\n|inactive|StuvStuv VGC has 120 seconds left.\n|\n|t:|1770937552\n|move|p1a: Snorlax|Protect|p1a: Snorlax\n|-singleturn|p1a: Snorlax|Protect\n|move|p2b: Scyther|Dual Wingbeat|p1a: Snorlax\n|-activate|p1a: Snorlax|move: Protect\n|move|p2a: Haxorus|Scale Shot|p1b: Arceus\n|-damage|p1b: Arceus|55/284\n|-damage|p1b: Arceus|0 fnt\n|faint|p1b: Arceus\n|-hitcount|p1: Arceus|2\n|-unboost|p2a: Haxorus|def|1\n|-boost|p2a: Haxorus|spe|1\n|\n|upkeep\n|\n|t:|1770937566\n|switch|p1b: Drifblim|Drifblim, L85, M|394/394\n|turn|4\n|inactive|StuvStuv VGC has 120 seconds left.\n|\n|t:|1770937601\n|move|p2a: Haxorus|Scale Shot|p1a: Snorlax\n|-damage|p1a: Snorlax|262/406\n|-damage|p1a: Snorlax|202/406\n|-damage|p1a: Snorlax|142/406\n|-damage|p1a: Snorlax|79/406\n|-hitcount|p1a: Snorlax|4\n|-unboost|p2a: Haxorus|def|1\n|-boost|p2a: Haxorus|spe|1\n|move|p2b: Scyther|Dual Wingbeat|p1b: Drifblim|[miss]\n|-miss|p2b: Scyther|p1b: Drifblim\n|move|p1b: Drifblim|Will-O-Wisp|p2a: Haxorus\n|-status|p2a: Haxorus|brn\n|move|p1a: Snorlax|Body Slam|p2a: Haxorus\n|-damage|p2a: Haxorus|0 fnt\n|faint|p2a: Haxorus\n|\n|-sideend|p2: StuvStuv VGC|move: Tailwind\n|upkeep\n|inactive|StuvStuv VGC has 90 seconds left.\n|\n|t:|1770937647\n|switch|p2a: Eternatus|Eternatus, L70|312/312\n|-ability|p2a: Eternatus|Pressure\n|turn|5\n|\n|t:|1770937656\n|move|p1a: Snorlax|Protect|p1a: Snorlax\n|-singleturn|p1a: Snorlax|Protect\n|move|p2a: Eternatus|Meteor Beam||[still]\n|-prepare|p2a: Eternatus|Meteor Beam\n|-boost|p2a: Eternatus|spa|1\n|-enditem|p2a: Eternatus|Power Herb\n|-anim|p2a: Eternatus|Meteor Beam|p1a: Snorlax\n|-activate|p1a: Snorlax|move: Protect\n|move|p2b: Scyther|Tailwind|p2b: Scyther\n|-sidestart|p2: StuvStuv VGC|move: Tailwind\n|move|p1b: Drifblim|Tailwind|p1b: Drifblim\n|-sidestart|p1: pryan17|move: Tailwind\n|\n|upkeep\n|turn|6\n|\n|t:|1770937682\n|move|p2a: Eternatus|Dynamax Cannon|p1a: Snorlax\n|-damage|p1a: Snorlax|0 fnt\n|faint|p1a: Snorlax\n|move|p2b: Scyther|Bug Bite|p1b: Drifblim\n|-resisted|p1b: Drifblim\n|-damage|p1b: Drifblim|358/394\n|-enditem|p1b: Drifblim|Sitrus Berry|[from] stealeat|[move] Bug Bite|[of] p2b: Scyther\n|-heal|p2b: Scyther|73/243|[from] item: Sitrus Berry\n|move|p1b: Drifblim|Shadow Ball|p2b: Scyther\n|-damage|p2b: Scyther|12/243\n|\n|upkeep\n|inactive|pryan17 has 120 seconds left.\n|\n|t:|1770937698\n|switch|p1a: Decidueye|Decidueye, L89, F|284/284\n|turn|7\n|inactive|StuvStuv VGC has 120 seconds left.\n|inactive|pryan17 has 120 seconds left.\n|\n|t:|1770937720\n|switch|p1a: Dragalge|Dragalge, L88, M|258/258\n|move|p1b: Drifblim|Shadow Ball|p2b: Scyther\n|-damage|p2b: Scyther|0 fnt\n|faint|p2b: Scyther\n|move|p2a: Eternatus|Dynamax Cannon|p1b: Drifblim\n|-damage|p1b: Drifblim|142/394\n|\n|upkeep\n|\n|t:|1770937727\n|switch|p2b: Comfey|Comfey, L88, F|233/233\n|turn|8\n|\n|t:|1770937738\n|move|p2b: Comfey|Helping Hand|p2a: Eternatus\n|-singleturn|p2a: Eternatus|Helping Hand|[of] p2b: Comfey\n|move|p1b: Drifblim|Strength Sap|p2a: Eternatus\n|-unboost|p2a: Eternatus|atk|1\n|-heal|p1b: Drifblim|266/394\n|move|p2a: Eternatus|Dynamax Cannon|p1a: Dragalge\n|-supereffective|p1a: Dragalge\n|-damage|p1a: Dragalge|0 fnt\n|faint|p1a: Dragalge\n|\n|-sideend|p1: pryan17|move: Tailwind\n|-sideend|p2: StuvStuv VGC|move: Tailwind\n|upkeep\n|\n|t:|1770937746\n|switch|p1a: Tatsugiri|Tatsugiri, L84, M|251/251\n|turn|9\n|\n|t:|1770937751\n|-terastallize|p2a: Eternatus|Water\n|move|p2b: Comfey|Helping Hand|p2a: Eternatus\n|-singleturn|p2a: Eternatus|Helping Hand|[of] p2b: Comfey\n|move|p1b: Drifblim|Tailwind|p1b: Drifblim\n|-sidestart|p1: pryan17|move: Tailwind\n|move|p1a: Tatsugiri|Muddy Water|p2b: Comfey|[spread] p2a,p2b\n|-resisted|p2a: Eternatus\n|-damage|p2a: Eternatus|248/312\n|-damage|p2b: Comfey|154/233\n|-unboost|p2a: Eternatus|accuracy|1\n|-unboost|p2b: Comfey|accuracy|1\n|-damage|p1a: Tatsugiri|226/251|[from] item: Life Orb\n|move|p2a: Eternatus|Dynamax Cannon|p1a: Tatsugiri\n|-supereffective|p1a: Tatsugiri\n|-damage|p1a: Tatsugiri|0 fnt\n|faint|p1a: Tatsugiri\n|\n|upkeep\n|c|☆StuvStuv VGC|gg\n|\n|t:|1770937763\n|switch|p1a: Decidueye|Decidueye, L89, F|284/284\n|turn|10\n|\n|t:|1770937778\n|move|p2b: Comfey|Floral Healing|p2a: Eternatus\n|-heal|p2a: Eternatus|312/312\n|move|p1b: Drifblim|Shadow Ball|p2b: Comfey\n|-damage|p2b: Comfey|93/233\n|-enditem|p2b: Comfey|Sitrus Berry|[eat]\n|-heal|p2b: Comfey|151/233|[from] item: Sitrus Berry\n|move|p1a: Decidueye|Spirit Shackle|p2b: Comfey\n|-damage|p2b: Comfey|55/233\n|-activate|p2b: Comfey|trapped\n|move|p2a: Eternatus|Fire Blast|p1a: Decidueye\n|-supereffective|p1a: Decidueye\n|-damage|p1a: Decidueye|98/284\n|-enditem|p1a: Decidueye|Sitrus Berry|[eat]\n|-heal|p1a: Decidueye|169/284|[from] item: Sitrus Berry\n|\n|upkeep\n|turn|11\n|\n|t:|1770937801\n|move|p1b: Drifblim|Shadow Ball|p2b: Comfey\n|-damage|p2b: Comfey|0 fnt\n|faint|p2b: Comfey\n|move|p1a: Decidueye|Leaf Storm|p2a: Eternatus\n|-supereffective|p2a: Eternatus\n|-damage|p2a: Eternatus|0 fnt\n|-unboost|p1a: Decidueye|spa|2\n|faint|p2a: Eternatus\n|\n|upkeep\n|\n|t:|1770937811\n|switch|p2b: Spectrier|Spectrier, L77|281/281\n|turn|12\n|l|☆StuvStuv VGC\n|inactive|StuvStuv VGC disconnected and has a minute to reconnect!\n|player|p2|\n|\n|t:|1770937824\n|move|p2b: Spectrier|Protect|p2b: Spectrier\n|-singleturn|p2b: Spectrier|Protect\n|move|p1b: Drifblim|Shadow Ball|p2b: Spectrier\n|-activate|p2b: Spectrier|move: Protect\n|move|p1a: Decidueye|Knock Off|p2b: Spectrier\n|-activate|p2b: Spectrier|move: Protect\n|\n|-sideend|p1: pryan17|move: Tailwind\n|upkeep\n|turn|13\n|inactive|StuvStuv VGC has 30 seconds to reconnect!\n|c|☆pryan17|gg\n|inactive|StuvStuv VGC has 20 seconds to reconnect!\n|inactive|StuvStuv VGC has 15 seconds to reconnect!\n|inactive|StuvStuv VGC has 10 seconds to reconnect!\n|inactive|StuvStuv VGC has 5 seconds to reconnect!\n|-message|StuvStuv VGC lost due to inactivity.\n|\n|win|pryan17\n|raw|pryan17's rating: 1676 &rarr; <strong>1693</strong><br />(+17 for winning)\n|raw|StuvStuv VGC's rating: 1621 &rarr; <strong>1604</strong><br />(-17 for losing)\n", "inputlog": ">version ccdc32dd7cde25fd9e4bed64820e885f66e78a4e\n>start {\"formatid\":\"gen9randomdoublesbattle\",\"seed\":\"sodium,38a88daaed1ccbe9c0cf33e6099b7913\",\"rated\":\"Rated battle\"}\n>player p1 {\"name\":\"pryan17\",\"avatar\":\"ghetsis\",\"rating\":1676,\"seed\":\"sodium,d688c430ee113c6c4ce9a43c14ec7d5e\"}\n>player p2 {\"name\":\"StuvStuv VGC\",\"avatar\":\"colress\",\"rating\":1597,\"seed\":\"sodium,b0b6fb1bdd8610cf42636dd04362d59b\"}\n>p1 move crunch +1, move calmmind\n>p2 move hyperspacehole +2, move tailwind\n>p2 switch 5, pass\n>p1 move curse terastallize, move judgment +2\n>p2 move swordsdance, move bugbite +1\n>p1 move protect, move icebeam +1\n>p2 move scaleshot +2, move dualwingbeat +1\n>p1 pass, switch 4\n>p1 move bodyslam +1, move willowisp +1\n>p2 move scaleshot +1, move dualwingbeat +2\n>p2 switch 4, pass\n>p1 move protect, move tailwind\n>p2 move meteorbeam +1, move tailwind\n>p1 move bodyslam +1, move shadowball +2\n>p2 move dynamaxcannon +1, move bugbite +2\n>p1 switch 6, pass\n>p1 switch 5, move shadowball +2\n>p2 move dynamaxcannon +2, move dualwingbeat +1\n>p2 pass, switch 6\n>p1 move sludgebomb +2, move strengthsap +1\n>p2 move dynamaxcannon +1, move helpinghand -1\n>p1 switch 3, pass\n>p1 move muddywater, move tailwind\n>p2 move dynamaxcannon +1 terastallize, move helpinghand -1\n>chat ☆StuvStuv VGC|gg\n>p1 switch 5, pass\n>p1 move spiritshackle +2, move shadowball +2\n>p2 move fireblast +1, move floralhealing -1\n>p1 move leafstorm +1, move shadowball +2\n>p2 move fireblast +1, move tailwind\n>p2 pass, switch 3\n>p1 move knockoff +2, move shadowball +2\n>p2 pass, move protect\n>chat ☆pryan17|gg\n>forcelose p2", "uploadtime": 1770937887, "views": 73, "formatid": "gen9randomdoublesbattle", "rating": 1604, "private": 0, "password": null}