{"id": "gen9randomdoublesbattle-2538436615", "format": "[Gen 9] Random Doubles Battle", "players": ["Choujipr", "baseballlover"], "log": "|j|☆Choujipr\n|j|☆baseballlover\n|t:|1770927409\n|gametype|doubles\n|player|p1|Choujipr|hiker-gen4|1635\n|player|p2|baseballlover|266|1651\n|gen|9\n|tier|[Gen 9] Random Doubles Battle\n|rated|\n|rule|Species Clause: Limit one of each Pokémon\n|rule|HP Percentage Mod: HP is shown in percentages\n|rule|Illusion Level Mod: Illusion disguises the Pokémon's true level\n|rule|Sleep Clause Mod: Limit one foe put to sleep\n|\n|t:|1770927409\n|teamsize|p1|6\n|teamsize|p2|6\n|start\n|switch|p1a: Whiscash|Whiscash, L88, F|337/337\n|switch|p1b: Maushold|Maushold-Four, L79|247/247\n|switch|p2a: Diancie|Diancie, L77|204/204\n|switch|p2b: Tornadus|Tornadus, L77, M|248/248\n|turn|1\n|inactive|Battle timer is ON: inactive players will automatically lose when time's up. (requested by baseballlover)\n|inactive|Choujipr has 120 seconds left.\n|\n|t:|1770927444\n|move|p1b: Maushold|Population Bomb|p2b: Tornadus|[miss]\n|-miss|p1b: Maushold|p2b: Tornadus\n|move|p2b: Tornadus|Knock Off|p1b: Maushold\n|-damage|p1b: Maushold|166/247\n|-enditem|p1b: Maushold|Wide Lens|[from] move: Knock Off|[of] p2b: Tornadus\n|move|p1a: Whiscash|High Horsepower|p2a: Diancie\n|-supereffective|p2a: Diancie\n|-damage|p2a: Diancie|82/204\n|-enditem|p2a: Diancie|Sitrus Berry|[eat]\n|-heal|p2a: Diancie|133/204|[from] item: Sitrus Berry\n|move|p2a: Diancie|Trick Room|p2a: Diancie\n|-fieldstart|move: Trick Room|[of] p2a: Diancie\n|\n|upkeep\n|turn|2\n|\n|t:|1770927472\n|switch|p2b: Snorlax|Snorlax, L84, M|406/406\n|move|p1b: Maushold|Protect|p1b: Maushold\n|-singleturn|p1b: Maushold|Protect\n|move|p2a: Diancie|Diamond Storm|p1a: Whiscash|[spread] p1a\n|-activate|p1b: Maushold|move: Protect\n|-resisted|p1a: Whiscash\n|-damage|p1a: Whiscash|303/337\n|-boost|p2a: Diancie|def|2\n|move|p1a: Whiscash|Muddy Water|p2b: Snorlax|[spread] p2a,p2b\n|-supereffective|p2a: Diancie\n|-damage|p2a: Diancie|47/204\n|-damage|p2b: Snorlax|355/406\n|\n|upkeep\n|turn|3\n|inactive|Choujipr has 120 seconds left.\n|inactive|baseballlover has 120 seconds left.\n|\n|t:|1770927513\n|move|p2a: Diancie|Body Press|p1b: Maushold\n|-supereffective|p1b: Maushold\n|-damage|p1b: Maushold|0 fnt\n|faint|p1b: Maushold\n|move|p2b: Snorlax|Curse|p2b: Snorlax\n|-unboost|p2b: Snorlax|spe|1\n|-boost|p2b: Snorlax|atk|1\n|-boost|p2b: Snorlax|def|1\n|move|p1a: Whiscash|Muddy Water|p2a: Diancie|[spread] p2a\n|-miss|p1a: Whiscash|p2b: Snorlax\n|-supereffective|p2a: Diancie\n|-damage|p2a: Diancie|0 fnt\n|faint|p2a: Diancie\n|\n|upkeep\n|inactive|Choujipr has 120 seconds left.\n|\n|t:|1770927533\n|switch|p2a: Shaymin|Shaymin, L81|295/295\n|switch|p1b: Klefki|Klefki, L81, M|225/225\n|turn|4\n|inactive|Choujipr has 120 seconds left.\n|\n|t:|1770927553\n|move|p1a: Whiscash|Protect|p1a: Whiscash\n|-singleturn|p1a: Whiscash|Protect\n|move|p1b: Klefki|Thunder Wave|p2b: Snorlax\n|-status|p2b: Snorlax|par\n|move|p2b: Snorlax|High Horsepower|p1b: Klefki\n|-supereffective|p1b: Klefki\n|-damage|p1b: Klefki|13/225\n|-enditem|p1b: Klefki|Sitrus Berry|[eat]\n|-heal|p1b: Klefki|69/225|[from] item: Sitrus Berry\n|move|p2a: Shaymin|Seed Flare|p1a: Whiscash\n|-activate|p1a: Whiscash|move: Protect\n|\n|upkeep\n|turn|5\n|inactive|Choujipr has 120 seconds left.\n|inactive|baseballlover has 120 seconds left.\n|\n|t:|1770927602\n|switch|p1a: Lilligant|Lilligant, L88, F|266/266\n|move|p1b: Klefki|Thunder Wave|p2a: Shaymin\n|-status|p2a: Shaymin|par\n|move|p2b: Snorlax|High Horsepower|p1b: Klefki\n|-supereffective|p1b: Klefki\n|-damage|p1b: Klefki|0 fnt\n|faint|p1b: Klefki\n|move|p2a: Shaymin|Seed Flare|p1a: Lilligant\n|-resisted|p1a: Lilligant\n|-crit|p1a: Lilligant\n|-damage|p1a: Lilligant|173/266\n|\n|-fieldend|move: Trick Room\n|upkeep\n|inactive|Choujipr has 90 seconds left.\n|\n|t:|1770927633\n|switch|p1b: Duraludon|Duraludon, L83, M|252/252\n|turn|6\n|inactive|baseballlover has 120 seconds left.\n|inactive|baseballlover has 90 seconds left.\n|\n|t:|1770927690\n|move|p1a: Lilligant|Quiver Dance|p1a: Lilligant\n|-boost|p1a: Lilligant|spa|1\n|-boost|p1a: Lilligant|spd|1\n|-boost|p1a: Lilligant|spe|1\n|move|p1b: Duraludon|Iron Defense|p1b: Duraludon\n|-boost|p1b: Duraludon|def|2\n|move|p2a: Shaymin|Seed Flare|p1b: Duraludon\n|-resisted|p1b: Duraludon\n|-damage|p1b: Duraludon|221/252\n|move|p2b: Snorlax|Body Slam|p1a: Lilligant\n|-damage|p1a: Lilligant|19/266\n|\n|upkeep\n|turn|7\n|inactive|baseballlover has 90 seconds left.\n|inactive|baseballlover has 60 seconds left.\n|\n|t:|1770927746\n|move|p1a: Lilligant|Pollen Puff|p2a: Shaymin\n|-supereffective|p2a: Shaymin\n|-damage|p2a: Shaymin|14/295 par\n|-damage|p1a: Lilligant|0 fnt|[from] item: Life Orb\n|faint|p1a: Lilligant\n|move|p1b: Duraludon|Iron Defense|p1b: Duraludon\n|-boost|p1b: Duraludon|def|2\n|cant|p2a: Shaymin|par\n|move|p2b: Snorlax|Body Slam|p1b: Duraludon\n|-resisted|p1b: Duraludon\n|-damage|p1b: Duraludon|206/252\n|-status|p1b: Duraludon|par\n|\n|-heal|p2a: Shaymin|32/295 par|[from] item: Leftovers\n|upkeep\n|inactive|Choujipr has 120 seconds left.\n|\n|t:|1770927764\n|switch|p1a: Whiscash|Whiscash, L88, F|303/337\n|turn|8\n|\n|t:|1770927777\n|move|p1a: Whiscash|Icy Wind|p2b: Snorlax|[spread] p2a,p2b\n|-supereffective|p2a: Shaymin\n|-damage|p2a: Shaymin|0 fnt\n|-damage|p2b: Snorlax|334/406 par\n|-unboost|p2b: Snorlax|spe|1\n|faint|p2a: Shaymin\n|move|p1b: Duraludon|Body Press|p2b: Snorlax\n|-supereffective|p2b: Snorlax\n|-damage|p2b: Snorlax|28/406 par\n|-enditem|p2b: Snorlax|Iapapa Berry|[eat]\n|-heal|p2b: Snorlax|163/406 par|[from] item: Iapapa Berry\n|move|p2b: Snorlax|High Horsepower|p1b: Duraludon\n|-supereffective|p1b: Duraludon\n|-damage|p1b: Duraludon|162/252 par\n|\n|upkeep\n|\n|t:|1770927785\n|switch|p2a: Tornadus|Tornadus, L77, M|248/248\n|turn|9\n|\n|t:|1770927790\n|move|p2a: Tornadus|Bleakwind Storm|p1a: Whiscash|[spread] p1a,p1b\n|-resisted|p1b: Duraludon\n|-damage|p1a: Whiscash|219/337\n|-damage|p1b: Duraludon|121/252 par\n|-unboost|p1b: Duraludon|spe|1\n|move|p1a: Whiscash|Icy Wind|p2a: Tornadus|[spread] p2a,p2b\n|-supereffective|p2a: Tornadus\n|-damage|p2a: Tornadus|186/248\n|-damage|p2b: Snorlax|140/406 par\n|-unboost|p2a: Tornadus|spe|1\n|-unboost|p2b: Snorlax|spe|1\n|move|p1b: Duraludon|Body Press|p2b: Snorlax\n|-supereffective|p2b: Snorlax\n|-damage|p2b: Snorlax|0 fnt\n|faint|p2b: Snorlax\n|\n|upkeep\n|inactive|baseballlover has 90 seconds left.\n|inactive|baseballlover has 60 seconds left.\n|inactive|baseballlover has 30 seconds left.\n|inactive|baseballlover has 20 seconds left.\n|inactive|baseballlover has 15 seconds left.\n|\n|t:|1770927877\n|switch|p2b: Honchkrow|Honchkrow, L85, F|309/309\n|turn|10\n|\n|t:|1770927898\n|move|p2b: Honchkrow|Heat Wave|p1b: Duraludon|[spread] p1a,p1b\n|-resisted|p1a: Whiscash\n|-damage|p1a: Whiscash|179/337\n|-damage|p1b: Duraludon|43/252 par\n|-damage|p2b: Honchkrow|279/309|[from] item: Life Orb\n|move|p1a: Whiscash|Muddy Water|p2a: Tornadus|[spread] p2a,p2b\n|-damage|p2a: Tornadus|108/248\n|-damage|p2b: Honchkrow|188/309\n|-unboost|p2a: Tornadus|accuracy|1\n|-unboost|p2b: Honchkrow|accuracy|1\n|-enditem|p2a: Tornadus|Sitrus Berry|[eat]\n|-heal|p2a: Tornadus|170/248|[from] item: Sitrus Berry\n|move|p2a: Tornadus|Bleakwind Storm|p1a: Whiscash|[spread] p1a,p1b\n|-resisted|p1b: Duraludon\n|-damage|p1a: Whiscash|86/337\n|-damage|p1b: Duraludon|5/252 par\n|-unboost|p1b: Duraludon|spe|1\n|-enditem|p1a: Whiscash|Sitrus Berry|[eat]\n|-heal|p1a: Whiscash|170/337|[from] item: Sitrus Berry\n|move|p1b: Duraludon|Body Press|p2b: Honchkrow\n|-damage|p2b: Honchkrow|0 fnt\n|faint|p2b: Honchkrow\n|\n|upkeep\n|\n|t:|1770927905\n|switch|p2b: Oinkologne|Oinkologne-F, L92, F|361/361\n|turn|11\n|\n|t:|1770927928\n|move|p2b: Oinkologne|Double-Edge|p1b: Duraludon\n|-resisted|p1b: Duraludon\n|-damage|p1b: Duraludon|0 fnt\n|faint|p1b: Duraludon\n|-damage|p2b: Oinkologne|359/361|[from] Recoil\n|move|p1a: Whiscash|Muddy Water|p2b: Oinkologne|[spread] p2a,p2b\n|-damage|p2a: Tornadus|100/248\n|-damage|p2b: Oinkologne|301/361\n|move|p2a: Tornadus|Bleakwind Storm|p1a: Whiscash\n|-damage|p1a: Whiscash|53/337\n|-unboost|p1a: Whiscash|spe|1\n|\n|upkeep\n|\n|t:|1770927936\n|switch|p1b: Entei|Entei, L77|304/304\n|turn|12\n|c|☆Choujipr|wow that bleakwind hit\n|c|☆Choujipr|What is the accuracy at now?\n|\n|t:|1770927961\n|-terastallize|p2b: Oinkologne|Normal\n|move|p2a: Tornadus|Tailwind|p2a: Tornadus\n|-sidestart|p2: baseballlover|move: Tailwind\n|move|p2b: Oinkologne|Double-Edge|p1b: Entei\n|-damage|p1b: Entei|12/304\n|-damage|p2b: Oinkologne|205/361|[from] Recoil\n|move|p1b: Entei|Sacred Fire|p2b: Oinkologne\n|-damage|p2b: Oinkologne|124/361\n|-status|p2b: Oinkologne|brn\n|move|p1a: Whiscash|Muddy Water|p2a: Tornadus|[spread] p2b\n|-miss|p1a: Whiscash|p2a: Tornadus\n|-damage|p2b: Oinkologne|60/361 brn\n|\n|-damage|p2b: Oinkologne|38/361 brn|[from] brn\n|upkeep\n|turn|13\n|inactive|baseballlover has 90 seconds left.\n|c|☆Choujipr|gg\n|inactive|baseballlover has 60 seconds left.\n|c|☆baseballlover|60%\n|\n|t:|1770928006\n|move|p2b: Oinkologne|Double-Edge|p1b: Entei\n|-damage|p1b: Entei|0 fnt\n|faint|p1b: Entei\n|-damage|p2b: Oinkologne|34/361 brn|[from] Recoil\n|move|p2a: Tornadus|Bleakwind Storm|p1a: Whiscash\n|-damage|p1a: Whiscash|0 fnt\n|faint|p1a: Whiscash\n|\n|win|baseballlover\n|raw|Choujipr's rating: 1635 &rarr; <strong>1616</strong><br />(-19 for losing)\n|raw|baseballlover's rating: 1651 &rarr; <strong>1670</strong><br />(+19 for winning)\n|c|☆Choujipr|well played\n|c|☆baseballlover|gg\n|c|☆Choujipr|honestly\n|c|☆Choujipr|if acc isn't 100 it's 50/50\n|c|☆baseballlover|yeah\n|l|☆Choujipr\n|player|p1|\n|c|☆baseballlover|I got really lucky\n", "inputlog": ">version ccdc32dd7cde25fd9e4bed64820e885f66e78a4e\n>start {\"formatid\":\"gen9randomdoublesbattle\",\"seed\":\"sodium,86955efca976eade490028378add6f14\",\"rated\":\"Rated battle\"}\n>player p1 {\"name\":\"Choujipr\",\"avatar\":\"hiker-gen4\",\"rating\":1635,\"seed\":\"sodium,901271d63f0c55678619d62b895a7123\"}\n>player p2 {\"name\":\"baseballlover\",\"avatar\":\"266\",\"rating\":1651,\"seed\":\"sodium,1c0677089ce70fa4f485bab70da9e416\"}\n>p1 move highhorsepower +1, move populationbomb +2\n>p2 move trickroom, move knockoff +2\n>p1 move muddywater, move protect\n>p2 move diamondstorm, switch 6\n>p1 move muddywater, move populationbomb +2\n>p2 move bodypress +2, move curse\n>p1 pass, switch 5\n>p2 switch 3, pass\n>p1 move protect, move thunderwave +2\n>p2 move seedflare +1, move highhorsepower +2\n>p1 switch 6, move thunderwave +1\n>p2 move seedflare +1, move highhorsepower +2\n>p1 pass, switch 3\n>p1 move quiverdance, move irondefense\n>p2 move seedflare +2, move bodyslam +1\n>p1 move pollenpuff +1, move irondefense\n>p2 move earthpower +2, move bodyslam +1\n>p1 switch 6, pass\n>p1 move icywind, move bodypress +2\n>p2 move seedflare +1, move highhorsepower +2\n>p2 switch 6, pass\n>p1 move icywind, move bodypress +2\n>p2 move bleakwindstorm, move highhorsepower +2\n>p2 pass, switch 4\n>p1 move muddywater, move bodypress +2\n>p2 move bleakwindstorm, move heatwave\n>p2 pass, switch 5\n>p1 move muddywater, move bodypress +2\n>p2 move bleakwindstorm, move doubleedge +2\n>p1 pass, switch 4\n>chat ☆Choujipr|wow that bleakwind hit\n>chat ☆Choujipr|What is the accuracy at now?\n>p1 move muddywater, move sacredfire +2\n>p2 move tailwind, move doubleedge +2 terastallize\n>chat ☆Choujipr|gg\n>chat ☆baseballlover|60%\n>p1 move muddywater, move sacredfire +1\n>p2 move bleakwindstorm, move doubleedge +2", "uploadtime": 1770928007, "views": 75, "formatid": "gen9randomdoublesbattle", "rating": 1616, "private": 0, "password": null}