{"id": "gen9randomdoublesbattle-2538642496", "format": "[Gen 9] Random Doubles Battle", "players": ["SpaceW", "caoscontrol"], "log": "|j|☆SpaceW\n|j|☆caoscontrol\n|t:|1770950872\n|gametype|doubles\n|player|p1|SpaceW|mars|1531\n|player|p2|caoscontrol|101|1551\n|gen|9\n|tier|[Gen 9] Random Doubles Battle\n|rated|\n|rule|Species Clause: Limit one of each Pokémon\n|rule|HP Percentage Mod: HP is shown in percentages\n|rule|Illusion Level Mod: Illusion disguises the Pokémon's true level\n|rule|Sleep Clause Mod: Limit one foe put to sleep\n|\n|t:|1770950872\n|teamsize|p1|6\n|teamsize|p2|6\n|start\n|switch|p1a: Ursaluna|Ursaluna, L77, F|327/327\n|switch|p1b: Morpeko|Morpeko, L88, F|245/245\n|switch|p2a: Squawkabilly|Squawkabilly, L91, M|297/297\n|switch|p2b: Iron Hands|Iron Hands, L77|364/364\n|-ability|p2a: Squawkabilly|Intimidate|boost\n|-unboost|p1a: Ursaluna|atk|1\n|-unboost|p1b: Morpeko|atk|1\n|turn|1\n|inactive|Battle timer is ON: inactive players will automatically lose when time's up. (requested by SpaceW)\n|\n|t:|1770950896\n|-end|p2b: Iron Hands|Quark Drive|[silent]\n|switch|p2b: Yanmega|Yanmega, L84, F|282/282\n|move|p1b: Morpeko|Protect|p1b: Morpeko\n|-singleturn|p1b: Morpeko|Protect\n|move|p2a: Squawkabilly|Protect|p2a: Squawkabilly\n|-singleturn|p2a: Squawkabilly|Protect\n|move|p1a: Ursaluna|Protect||[still]\n|-fail|p1a: Ursaluna\n|\n|-status|p1a: Ursaluna|brn|[from] item: Flame Orb\n|-formechange|p1b: Morpeko|Morpeko-Hangry||[from] ability: Hunger Switch\n|upkeep\n|turn|2\n|inactive|caoscontrol has 120 seconds left.\n|\n|t:|1770950936\n|switch|p2a: Mamoswine|Mamoswine, L82, M|315/315\n|-terastallize|p2b: Yanmega|Bug\n|move|p1b: Morpeko|Knock Off|p2a: Mamoswine\n|-crit|p2a: Mamoswine\n|-damage|p2a: Mamoswine|140/315\n|-enditem|p2a: Mamoswine|Life Orb|[from] move: Knock Off|[of] p1b: Morpeko\n|move|p2b: Yanmega|Giga Drain|p1a: Ursaluna\n|-supereffective|p1a: Ursaluna\n|-damage|p1a: Ursaluna|127/327 brn\n|move|p1a: Ursaluna|Facade|p2b: Yanmega\n|-damage|p2b: Yanmega|105/282\n|\n|-damage|p1a: Ursaluna|107/327 brn|[from] brn\n|-formechange|p1b: Morpeko|Morpeko||[from] ability: Hunger Switch\n|upkeep\n|turn|3\n|inactive|caoscontrol has 120 seconds left.\n|inactive|SpaceW has 120 seconds left.\n|\n|t:|1770950978\n|move|p1a: Ursaluna|Protect|p1a: Ursaluna\n|-singleturn|p1a: Ursaluna|Protect\n|move|p2a: Mamoswine|Ice Shard|p1a: Ursaluna\n|-activate|p1a: Ursaluna|move: Protect\n|move|p1b: Morpeko|Aura Wheel|p2b: Yanmega\n|-damage|p2b: Yanmega|23/282\n|-boost|p1b: Morpeko|spe|1\n|move|p2b: Yanmega|Giga Drain|p1b: Morpeko\n|-damage|p1b: Morpeko|127/245\n|-heal|p2b: Yanmega|82/282|[from] drain|[of] p1b: Morpeko\n|\n|-damage|p1a: Ursaluna|87/327 brn|[from] brn\n|-formechange|p1b: Morpeko|Morpeko-Hangry||[from] ability: Hunger Switch\n|upkeep\n|turn|4\n|\n|t:|1770950996\n|switch|p2b: Iron Hands|Iron Hands, L77|364/364\n|move|p2a: Mamoswine|Ice Shard|p1a: Ursaluna\n|-supereffective|p1a: Ursaluna\n|-damage|p1a: Ursaluna|0 fnt\n|faint|p1a: Ursaluna\n|move|p1b: Morpeko|Aura Wheel|p2a: Mamoswine\n|-damage|p2a: Mamoswine|47/315\n|-boost|p1b: Morpeko|spe|1\n|\n|-formechange|p1b: Morpeko|Morpeko||[from] ability: Hunger Switch\n|upkeep\n|\n|t:|1770951009\n|switch|p1a: Iron Treads|Iron Treads, L81|278/278\n|turn|5\n|\n|t:|1770951024\n|move|p2a: Mamoswine|Ice Shard|p1b: Morpeko\n|-damage|p1b: Morpeko|57/245\n|-enditem|p1b: Morpeko|Sitrus Berry|[eat]\n|-heal|p1b: Morpeko|118/245|[from] item: Sitrus Berry\n|move|p1b: Morpeko|Knock Off|p2a: Mamoswine\n|-damage|p2a: Mamoswine|0 fnt\n|faint|p2a: Mamoswine\n|move|p1a: Iron Treads|High Horsepower|p2b: Iron Hands\n|-supereffective|p2b: Iron Hands\n|-damage|p2b: Iron Hands|152/364\n|move|p2b: Iron Hands|Drain Punch|p1a: Iron Treads\n|-supereffective|p1a: Iron Treads\n|-damage|p1a: Iron Treads|140/278\n|-heal|p2b: Iron Hands|221/364|[from] drain|[of] p1a: Iron Treads\n|\n|-heal|p2b: Iron Hands|243/364|[from] item: Leftovers\n|-formechange|p1b: Morpeko|Morpeko-Hangry||[from] ability: Hunger Switch\n|upkeep\n|\n|t:|1770951042\n|switch|p2a: Squawkabilly|Squawkabilly, L91, M|297/297\n|-ability|p2a: Squawkabilly|Intimidate|boost\n|-unboost|p1a: Iron Treads|atk|1\n|-unboost|p1b: Morpeko|atk|1\n|turn|6\n|\n|t:|1770951055\n|switch|p2a: Raichu|Raichu, L87, F|246/246\n|move|p1b: Morpeko|Knock Off|p2b: Iron Hands\n|-resisted|p2b: Iron Hands\n|-damage|p2b: Iron Hands|218/364\n|-enditem|p2b: Iron Hands|Leftovers|[from] move: Knock Off|[of] p1b: Morpeko\n|move|p1a: Iron Treads|Stone Edge|p2a: Raichu\n|-damage|p2a: Raichu|181/246\n|move|p2b: Iron Hands|Drain Punch|p1b: Morpeko\n|-supereffective|p1b: Morpeko\n|-damage|p1b: Morpeko|0 fnt\n|-heal|p2b: Iron Hands|277/364|[from] drain|[of] p1b: Morpeko\n|faint|p1b: Morpeko\n|\n|upkeep\n|\n|t:|1770951070\n|switch|p1b: Appletun|Appletun, L92, F|352/352\n|turn|7\n|\n|t:|1770951085\n|move|p2a: Raichu|Fake Out|p1a: Iron Treads\n|-resisted|p1a: Iron Treads\n|-damage|p1a: Iron Treads|129/278\n|cant|p1a: Iron Treads|flinch\n|move|p2b: Iron Hands|Swords Dance|p2b: Iron Hands\n|-boost|p2b: Iron Hands|atk|2\n|move|p1b: Appletun|Apple Acid|p2b: Iron Hands\n|-damage|p2b: Iron Hands|144/364\n|-unboost|p2b: Iron Hands|spd|1\n|\n|upkeep\n|turn|8\n|\n|t:|1770951102\n|move|p2a: Raichu|Nuzzle|p1b: Appletun\n|-resisted|p1b: Appletun\n|-damage|p1b: Appletun|347/352\n|-status|p1b: Appletun|par\n|move|p1a: Iron Treads|High Horsepower|p2b: Iron Hands|[miss]\n|-miss|p1a: Iron Treads|p2b: Iron Hands\n|move|p2b: Iron Hands|Drain Punch|p1a: Iron Treads\n|-supereffective|p1a: Iron Treads\n|-damage|p1a: Iron Treads|0 fnt\n|-heal|p2b: Iron Hands|209/364|[from] drain|[of] p1a: Iron Treads\n|faint|p1a: Iron Treads\n|-end|p1a: Iron Treads|Quark Drive|[silent]\n|move|p1b: Appletun|Apple Acid|p2a: Raichu\n|-damage|p2a: Raichu|109/246\n|-unboost|p2a: Raichu|spd|1\n|\n|upkeep\n|\n|t:|1770951112\n|switch|p1a: Hatterene|Hatterene, L84, F|233/233\n|turn|9\n|\n|t:|1770951129\n|move|p2a: Raichu|Nuzzle|p1a: Hatterene\n|-damage|p1a: Hatterene|211/233\n|-status|p1a: Hatterene|par\n|move|p2b: Iron Hands|Thunder Punch|p2a: Raichu\n|-activate|p2a: Raichu|ability: Lightning Rod\n|-ability|p2a: Raichu|Lightning Rod|boost\n|-boost|p2a: Raichu|spa|1\n|move|p1b: Appletun|Apple Acid|p2a: Raichu\n|-damage|p2a: Raichu|1/246\n|-unboost|p2a: Raichu|spd|1\n|move|p1a: Hatterene|Trick Room|p1a: Hatterene\n|-fieldstart|move: Trick Room|[of] p1a: Hatterene\n|\n|upkeep\n|turn|10\n|\n|t:|1770951150\n|switch|p2a: Kingambit|Kingambit, L77, F|281/281\n|move|p2b: Iron Hands|Protect|p2b: Iron Hands\n|-singleturn|p2b: Iron Hands|Protect\n|move|p1a: Hatterene|Dazzling Gleam|p2a: Kingambit|[spread] p2a\n|-activate|p2b: Iron Hands|move: Protect\n|-damage|p2a: Kingambit|172/281\n|-damage|p1a: Hatterene|188/233 par|[from] item: Life Orb\n|cant|p1b: Appletun|par\n|\n|upkeep\n|turn|11\n|\n|t:|1770951172\n|move|p1a: Hatterene|Protect|p1a: Hatterene\n|-singleturn|p1a: Hatterene|Protect\n|move|p1b: Appletun|Leech Seed|p2a: Kingambit\n|-start|p2a: Kingambit|move: Leech Seed\n|move|p2a: Kingambit|Iron Head|p1a: Hatterene\n|-activate|p1a: Hatterene|move: Protect\n|move|p2b: Iron Hands|Drain Punch|p1b: Appletun\n|-damage|p1b: Appletun|178/352 par\n|-heal|p2b: Iron Hands|294/364|[from] drain|[of] p1b: Appletun\n|\n|-damage|p2a: Kingambit|137/281|[from] Leech Seed|[of] p1b: Appletun\n|-heal|p1b: Appletun|213/352 par|[silent]\n|upkeep\n|-enditem|p2a: Kingambit|Sitrus Berry|[eat]\n|-heal|p2a: Kingambit|207/281|[from] item: Sitrus Berry\n|turn|12\n|\n|t:|1770951197\n|move|p2b: Iron Hands|Protect|p2b: Iron Hands\n|-singleturn|p2b: Iron Hands|Protect\n|move|p1a: Hatterene|Dazzling Gleam|p2a: Kingambit|[spread] p2a\n|-activate|p2b: Iron Hands|move: Protect\n|-damage|p2a: Kingambit|82/281\n|-damage|p1a: Hatterene|165/233 par|[from] item: Life Orb\n|cant|p1b: Appletun|par\n|move|p2a: Kingambit|Iron Head|p1a: Hatterene\n|-supereffective|p1a: Hatterene\n|-damage|p1a: Hatterene|0 fnt\n|faint|p1a: Hatterene\n|\n|-damage|p2a: Kingambit|47/281|[from] Leech Seed|[of] p1b: Appletun\n|-heal|p1b: Appletun|248/352 par|[silent]\n|upkeep\n|inactive|SpaceW has 120 seconds left.\n|\n|t:|1770951207\n|switch|p1a: Eelektross|Eelektross, L86, M|286/286\n|turn|13\n|\n|t:|1770951231\n|move|p2a: Kingambit|Sucker Punch|p1a: Eelektross\n|-damage|p1a: Eelektross|196/286\n|move|p1b: Appletun|Apple Acid|p2b: Iron Hands\n|-crit|p2b: Iron Hands\n|-damage|p2b: Iron Hands|0 fnt\n|faint|p2b: Iron Hands\n|-end|p2b: Iron Hands|Quark Drive|[silent]\n|move|p1a: Eelektross|Thunderbolt|p2a: Kingambit\n|-damage|p2a: Kingambit|0 fnt\n|faint|p2a: Kingambit\n|\n|-fieldend|move: Trick Room\n|upkeep\n|\n|t:|1770951247\n|switch|p2b: Yanmega|Yanmega, L84, F, tera:Bug|82/282\n|switch|p2a: Squawkabilly|Squawkabilly, L91, M|297/297\n|-ability|p2a: Squawkabilly|Intimidate|boost\n|-unboost|p1a: Eelektross|atk|1\n|-unboost|p1b: Appletun|atk|1\n|turn|14\n|\n|t:|1770951267\n|-terastallize|p1b: Appletun|Steel\n|move|p2a: Squawkabilly|Parting Shot|p1a: Eelektross\n|-unboost|p1a: Eelektross|atk|1\n|-unboost|p1a: Eelektross|spa|1\n|\n|t:|1770951271\n|switch|p2a: Raichu|Raichu, L87, F|1/246|[from] Parting Shot\n|move|p2b: Yanmega|Bug Buzz|p1b: Appletun\n|-resisted|p1b: Appletun\n|-damage|p1b: Appletun|50/352 par\n|-activate|p1b: Appletun|ability: Ripen\n|-enditem|p1b: Appletun|Sitrus Berry|[eat]\n|-heal|p1b: Appletun|226/352 par|[from] item: Sitrus Berry\n|move|p1a: Eelektross|Thunderbolt|p2a: Raichu\n|-ability|p2a: Raichu|Lightning Rod|boost\n|-boost|p2a: Raichu|spa|1\n|move|p1b: Appletun|Dragon Pulse|p2b: Yanmega\n|-damage|p2b: Yanmega|0 fnt\n|faint|p2b: Yanmega\n|\n|upkeep\n|\n|t:|1770951280\n|switch|p2b: Squawkabilly|Squawkabilly, L91, M|297/297\n|-ability|p2b: Squawkabilly|Intimidate|boost\n|-unboost|p1a: Eelektross|atk|1\n|-unboost|p1b: Appletun|atk|1\n|turn|15\n|\n|t:|1770951303\n|move|p2a: Raichu|Thunderbolt|p1b: Appletun\n|-damage|p1b: Appletun|82/352 par\n|move|p2b: Squawkabilly|Double-Edge|p1a: Eelektross\n|-damage|p1a: Eelektross|9/286\n|-damage|p2b: Squawkabilly|235/297|[from] Recoil\n|-damage|p2b: Squawkabilly|206/297|[from] item: Life Orb\n|move|p1a: Eelektross|Thunderbolt|p2a: Raichu\n|-activate|p2a: Raichu|ability: Lightning Rod\n|-ability|p2a: Raichu|Lightning Rod|boost\n|-boost|p2a: Raichu|spa|1\n|cant|p1b: Appletun|par\n|\n|upkeep\n|turn|16\n|c|☆SpaceW|the fucking paras\n|-message|SpaceW forfeited.\n|\n|win|caoscontrol\n|raw|SpaceW's rating: 1531 &rarr; <strong>1513</strong><br />(-18 for losing)\n|raw|caoscontrol's rating: 1571 &rarr; <strong>1589</strong><br />(+18 for winning)\n|l|☆SpaceW\n|player|p1|\n", "inputlog": ">version ccdc32dd7cde25fd9e4bed64820e885f66e78a4e\n>start {\"formatid\":\"gen9randomdoublesbattle\",\"seed\":\"sodium,f3892c4a34319271ea4097dcb2168be2\",\"rated\":\"Rated battle\"}\n>player p1 {\"name\":\"SpaceW\",\"avatar\":\"mars\",\"rating\":1531,\"seed\":\"sodium,246853ddf5681ae84a491622cccbd9d3\"}\n>player p2 {\"name\":\"caoscontrol\",\"avatar\":\"101\",\"rating\":1551,\"seed\":\"sodium,13ed3b81208e7e79ccf653c44a16f967\"}\n>p1 move protect, move protect\n>p2 move protect, switch 3\n>p1 move facade +2, move knockoff +1\n>p2 switch 6, move gigadrain +1 terastallize\n>p1 move protect, move aurawheel +2\n>p2 move iceshard +1, move gigadrain +2\n>p1 move facade +2, move aurawheel +1\n>p2 move iceshard +1, switch 3\n>p1 switch 3, pass\n>p1 move highhorsepower +2, move knockoff +1\n>p2 move iceshard +2, move drainpunch +1\n>p2 switch 6, pass\n>p1 move stoneedge +1, move knockoff +2\n>p2 switch 5, move drainpunch +2\n>p1 pass, switch 6\n>p1 move highhorsepower +1, move appleacid +2\n>p2 move fakeout +1, move swordsdance\n>p1 move highhorsepower +2, move appleacid +1\n>p2 move nuzzle +2, move drainpunch +1\n>p1 switch 5, pass\n>p1 move trickroom, move appleacid +1\n>p2 move nuzzle +1, move thunderpunch +1\n>p1 move dazzlinggleam, move appleacid +2\n>p2 switch 4, move protect\n>p1 move protect, move leechseed +1\n>p2 move ironhead +1, move drainpunch +2\n>p1 move dazzlinggleam, move appleacid +1\n>p2 move ironhead +1, move protect\n>p1 switch 4, pass\n>p1 move thunderbolt +1, move appleacid +2\n>p2 move suckerpunch +1, move drainpunch +1\n>p2 switch 5, switch 3\n>p1 move thunderbolt +1, move dragonpulse +2 terastallize\n>p2 move partingshot +1, move bugbuzz +2\n>p2 switch 4, pass\n>p2 pass, switch 4\n>p1 move thunderbolt +2, move dragonpulse +1\n>p2 move thunderbolt +2, move doubleedge +1\n>chat ☆SpaceW|the fucking paras\n>forcelose p1", "uploadtime": 1770951329, "views": 70, "formatid": "gen9randomdoublesbattle", "rating": 1513, "private": 0, "password": null}