{"id": "gen9randomdoublesbattle-2539748349", "format": "[Gen 9] Random Doubles Battle", "players": ["subii", "megalokoi"], "log": "|j|☆subii\n|j|☆megalokoi\n|t:|1771104022\n|gametype|doubles\n|player|p1|subii|265|1529\n|player|p2|megalokoi|backpacker|1626\n|gen|9\n|tier|[Gen 9] Random Doubles Battle\n|rated|\n|rule|Species Clause: Limit one of each Pokémon\n|rule|HP Percentage Mod: HP is shown in percentages\n|rule|Illusion Level Mod: Illusion disguises the Pokémon's true level\n|rule|Sleep Clause Mod: Limit one foe put to sleep\n|\n|t:|1771104022\n|teamsize|p1|6\n|teamsize|p2|6\n|start\n|switch|p1a: Quagsire|Quagsire, L91, F|321/321\n|switch|p1b: Annihilape|Annihilape, L77, F|296/296\n|switch|p2a: Vikavolt|Vikavolt, L84, F|267/267\n|switch|p2b: Bastiodon|Bastiodon, L89, F|252/252\n|turn|1\n|inactive|Battle timer is ON: inactive players will automatically lose when time's up. (requested by megalokoi)\n|\n|t:|1771104041\n|switch|p2b: Volbeat|Volbeat, L82, M|241/241\n|move|p1b: Annihilape|Bulk Up|p1b: Annihilape\n|-boost|p1b: Annihilape|atk|1\n|-boost|p1b: Annihilape|def|1\n|move|p2a: Vikavolt|Sticky Web|p1b: Annihilape\n|-sidestart|p1: subii|move: Sticky Web\n|move|p1a: Quagsire|High Horsepower|p2b: Volbeat\n|-resisted|p2b: Volbeat\n|-damage|p2b: Volbeat|184/241\n|\n|upkeep\n|turn|2\n|\n|t:|1771104054\n|move|p1b: Annihilape|Protect|p1b: Annihilape\n|-singleturn|p1b: Annihilape|Protect\n|move|p2b: Volbeat|Encore|p1b: Annihilape\n|-activate|p1b: Annihilape|move: Protect\n|move|p2a: Vikavolt|Bug Buzz|p1a: Quagsire\n|-damage|p1a: Quagsire|156/321\n|move|p1a: Quagsire|Liquidation|p2b: Volbeat\n|-damage|p2b: Volbeat|79/241\n|-enditem|p2b: Volbeat|Sitrus Berry|[eat]\n|-heal|p2b: Volbeat|139/241|[from] item: Sitrus Berry\n|\n|-heal|p1a: Quagsire|176/321|[from] item: Leftovers\n|upkeep\n|turn|3\n|\n|t:|1771104077\n|switch|p1b: Raikou|Raikou, L81|278/278\n|-activate|p1b: Raikou|move: Sticky Web\n|-unboost|p1b: Raikou|spe|1\n|move|p2b: Volbeat|Tailwind|p2b: Volbeat\n|-sidestart|p2: megalokoi|move: Tailwind\n|move|p2a: Vikavolt|Bug Buzz|p1a: Quagsire\n|-damage|p1a: Quagsire|37/321\n|move|p1a: Quagsire|Liquidation|p2b: Volbeat\n|-damage|p2b: Volbeat|30/241\n|\n|-heal|p1a: Quagsire|57/321|[from] item: Leftovers\n|upkeep\n|turn|4\n|\n|t:|1771104099\n|switch|p2b: Kommo-o|Kommo-o, L79, M|248/248\n|move|p2a: Vikavolt|Bug Buzz|p1b: Raikou\n|-damage|p1b: Raikou|158/278\n|move|p1b: Raikou|Scald|p2b: Kommo-o\n|-resisted|p2b: Kommo-o\n|-damage|p2b: Kommo-o|209/248\n|-damage|p1b: Raikou|131/278|[from] item: Life Orb\n|move|p1a: Quagsire|Recover|p1a: Quagsire\n|-heal|p1a: Quagsire|218/321\n|\n|-heal|p1a: Quagsire|238/321|[from] item: Leftovers\n|upkeep\n|turn|5\n|\n|t:|1771104127\n|move|p1a: Quagsire|Helping Hand|p1b: Raikou\n|-singleturn|p1b: Raikou|Helping Hand|[of] p1a: Quagsire\n|move|p2b: Kommo-o|Clangorous Soul|p2b: Kommo-o\n|-boost|p2b: Kommo-o|atk|1\n|-boost|p2b: Kommo-o|def|1\n|-boost|p2b: Kommo-o|spa|1\n|-boost|p2b: Kommo-o|spd|1\n|-boost|p2b: Kommo-o|spe|1\n|-damage|p2b: Kommo-o|128/248\n|-enditem|p2b: Kommo-o|Throat Spray\n|-boost|p2b: Kommo-o|spa|1|[from] item: Throat Spray\n|move|p2a: Vikavolt|Bug Buzz|p1b: Raikou\n|-damage|p1b: Raikou|16/278\n|move|p1b: Raikou|Shadow Ball|p2b: Kommo-o\n|-damage|p2b: Kommo-o|59/248\n|-damage|p1b: Raikou|0 fnt|[from] item: Life Orb\n|faint|p1b: Raikou\n|\n|-heal|p1a: Quagsire|258/321|[from] item: Leftovers\n|upkeep\n|inactive|subii has 120 seconds left.\n|\n|t:|1771104145\n|switch|p1b: Annihilape|Annihilape, L77, F|296/296\n|-activate|p1b: Annihilape|move: Sticky Web\n|-unboost|p1b: Annihilape|spe|1\n|-ability|p1b: Annihilape|Defiant|boost\n|-boost|p1b: Annihilape|atk|2\n|turn|6\n|inactive|subii has 120 seconds left.\n|\n|t:|1771104173\n|move|p2b: Kommo-o|Clanging Scales|p1a: Quagsire|[spread] p1a,p1b\n|-crit|p1b: Annihilape\n|-damage|p1a: Quagsire|162/321\n|-damage|p1b: Annihilape|58/296\n|-unboost|p2b: Kommo-o|def|1\n|move|p2a: Vikavolt|Thunderbolt|p1b: Annihilape\n|-damage|p1b: Annihilape|0 fnt\n|faint|p1b: Annihilape\n|move|p1a: Quagsire|High Horsepower|p2b: Kommo-o\n|-damage|p2b: Kommo-o|0 fnt\n|faint|p2b: Kommo-o\n|\n|-heal|p1a: Quagsire|182/321|[from] item: Leftovers\n|-sideend|p2: megalokoi|move: Tailwind\n|upkeep\n|\n|t:|1771104187\n|switch|p1b: Raichu|Raichu-Alola, L89, F|252/252\n|switch|p2b: Volbeat|Volbeat, L82, M|30/241\n|-activate|p1b: Raichu|move: Sticky Web\n|-unboost|p1b: Raichu|spe|1\n|turn|7\n|inactive|subii has 120 seconds left.\n|inactive|subii has 90 seconds left.\n|\n|t:|1771104236\n|move|p2b: Volbeat|Tailwind|p2b: Volbeat\n|-sidestart|p2: megalokoi|move: Tailwind\n|move|p2a: Vikavolt|Bug Buzz|p1b: Raichu\n|-supereffective|p1b: Raichu\n|-damage|p1b: Raichu|16/252\n|move|p1b: Raichu|Psychic|p2a: Vikavolt\n|-damage|p2a: Vikavolt|89/267\n|-enditem|p2a: Vikavolt|Sitrus Berry|[eat]\n|-heal|p2a: Vikavolt|155/267|[from] item: Sitrus Berry\n|move|p1a: Quagsire|Liquidation|p2b: Volbeat\n|-damage|p2b: Volbeat|0 fnt\n|faint|p2b: Volbeat\n|\n|-heal|p1a: Quagsire|202/321|[from] item: Leftovers\n|upkeep\n|\n|t:|1771104249\n|switch|p2b: Spectrier|Spectrier, L77|281/281\n|turn|8\n|\n|t:|1771104261\n|move|p2b: Spectrier|Protect|p2b: Spectrier\n|-singleturn|p2b: Spectrier|Protect\n|move|p2a: Vikavolt|Bug Buzz|p1a: Quagsire\n|-damage|p1a: Quagsire|42/321\n|move|p1b: Raichu|Psychic|p2b: Spectrier\n|-activate|p2b: Spectrier|move: Protect\n|move|p1a: Quagsire|Liquidation|p2a: Vikavolt\n|-damage|p2a: Vikavolt|68/267\n|\n|-heal|p1a: Quagsire|62/321|[from] item: Leftovers\n|upkeep\n|turn|9\n|\n|t:|1771104274\n|move|p2b: Spectrier|Shadow Ball|p1a: Quagsire\n|-damage|p1a: Quagsire|0 fnt\n|faint|p1a: Quagsire\n|-ability|p2b: Spectrier|Grim Neigh|boost\n|-boost|p2b: Spectrier|spa|1\n|-damage|p2b: Spectrier|253/281|[from] item: Life Orb\n|move|p2a: Vikavolt|Bug Buzz|p1b: Raichu\n|-supereffective|p1b: Raichu\n|-damage|p1b: Raichu|0 fnt\n|faint|p1b: Raichu\n|\n|upkeep\n|\n|t:|1771104277\n|switch|p1b: Landorus|Landorus-Therian, L77, M|264/264\n|switch|p1a: Basculegion|Basculegion, L69, M|280/280\n|-activate|p1a: Basculegion|move: Sticky Web\n|-unboost|p1a: Basculegion|spe|1\n|-ability|p1b: Landorus|Intimidate|boost\n|-unboost|p2a: Vikavolt|atk|1\n|-unboost|p2b: Spectrier|atk|1\n|turn|10\n|inactive|megalokoi has 120 seconds left.\n|\n|t:|1771104313\n|-terastallize|p2b: Spectrier|Fighting\n|-terastallize|p1b: Landorus|Steel\n|move|p2b: Spectrier|Shadow Ball|p1a: Basculegion\n|-supereffective|p1a: Basculegion\n|-damage|p1a: Basculegion|0 fnt\n|faint|p1a: Basculegion\n|-ability|p2b: Spectrier|Grim Neigh|boost\n|-boost|p2b: Spectrier|spa|1\n|-damage|p2b: Spectrier|225/281|[from] item: Life Orb\n|move|p2a: Vikavolt|Bug Buzz|p1b: Landorus\n|-resisted|p1b: Landorus\n|-damage|p1b: Landorus|183/264\n|move|p1b: Landorus|Rock Slide|p2a: Vikavolt|[spread] p2a,p2b\n|-supereffective|p2a: Vikavolt\n|-resisted|p2b: Spectrier\n|-damage|p2a: Vikavolt|0 fnt\n|-damage|p2b: Spectrier|194/281\n|faint|p2a: Vikavolt\n|\n|-sideend|p2: megalokoi|move: Tailwind\n|upkeep\n|\n|t:|1771104330\n|switch|p2a: Bastiodon|Bastiodon, L89, F|252/252\n|turn|11\n|\n|t:|1771104339\n|move|p2b: Spectrier|Tera Blast|p1b: Landorus|[anim] Tera Blast Fighting\n|-supereffective|p1b: Landorus\n|-damage|p1b: Landorus|0 fnt\n|faint|p1b: Landorus\n|-damage|p2b: Spectrier|166/281|[from] item: Life Orb\n|\n|win|megalokoi\n|raw|subii's rating: 1529 &rarr; <strong>1514</strong><br />(-15 for losing)\n|raw|megalokoi's rating: 1626 &rarr; <strong>1641</strong><br />(+15 for winning)\n|l|☆subii\n|player|p1|\n", "inputlog": ">version ccdc32dd7cde25fd9e4bed64820e885f66e78a4e\n>start {\"formatid\":\"gen9randomdoublesbattle\",\"seed\":\"sodium,d1b1fa21281ccae5ae8b7201c46ca167\",\"rated\":\"Rated battle\"}\n>player p1 {\"name\":\"subii\",\"avatar\":\"265\",\"rating\":1529,\"seed\":\"sodium,108e1dcb3857518529ba411e696d0817\"}\n>player p2 {\"name\":\"megalokoi\",\"avatar\":\"backpacker\",\"rating\":1626,\"seed\":\"sodium,5ef4c2c64545729f4a075d9eb57ced69\"}\n>p1 move highhorsepower +2, move bulkup\n>p2 move stickyweb, switch 4\n>p1 move liquidation +2, move protect\n>p2 move bugbuzz +1, move encore +2\n>p1 move liquidation +2, switch 5\n>p2 move bugbuzz +1, move tailwind\n>p1 move recover, move scald +2\n>p2 move bugbuzz +2, switch 3\n>p1 move helpinghand -2, move shadowball +2\n>p2 move bugbuzz +2, move clangoroussoul\n>p1 pass, switch 5\n>p1 move highhorsepower +2, move bulkup\n>p2 move thunderbolt +2, move clangingscales\n>p1 pass, switch 4\n>p2 pass, switch 3\n>p1 move liquidation +2, move psychic +1\n>p2 move bugbuzz +2, move tailwind\n>p2 pass, switch 6\n>p1 move liquidation +1, move psychic +2\n>p2 move bugbuzz +1, move protect\n>p1 move liquidation +1, move psychic +1\n>p2 move bugbuzz +2, move shadowball +1\n>p1 switch 3, switch 6\n>p1 move lastrespects +2, move rockslide terastallize\n>p2 move bugbuzz +2, move shadowball +1 terastallize\n>p2 switch 4, pass\n>p1 pass, move stompingtantrum +2\n>p2 move irondefense, move terablast +2", "uploadtime": 1771104347, "views": 64, "formatid": "gen9randomdoublesbattle", "rating": 1514, "private": 0, "password": null}