{"id": "gen9randomdoublesbattle-2538533580", "format": "[Gen 9] Random Doubles Battle", "players": ["ogtru", "jaimol8714"], "log": "|j|☆ogtru\n|j|☆jaimol8714\n|t:|1770937356\n|gametype|doubles\n|player|p1|ogtru|riley|1540\n|player|p2|jaimol8714|2|1624\n|gen|9\n|tier|[Gen 9] Random Doubles Battle\n|rated|\n|rule|Species Clause: Limit one of each Pokémon\n|rule|HP Percentage Mod: HP is shown in percentages\n|rule|Illusion Level Mod: Illusion disguises the Pokémon's true level\n|rule|Sleep Clause Mod: Limit one foe put to sleep\n|\n|t:|1770937356\n|teamsize|p1|6\n|teamsize|p2|6\n|start\n|switch|p1a: Sneasler|Sneasler, L77, M|250/250\n|switch|p1b: Granbull|Granbull, L88, F|302/302\n|switch|p2a: Golurk|Golurk, L86|293/293\n|switch|p2b: Urshifu|Urshifu, L75, M|274/274\n|-ability|p1b: Granbull|Intimidate|boost\n|-unboost|p2a: Golurk|atk|1\n|-unboost|p2b: Urshifu|atk|1\n|turn|1\n|\n|t:|1770937382\n|switch|p2b: Volcarona|Volcarona, L78, M|261/261\n|move|p1a: Sneasler|Close Combat|p2b: Volcarona\n|-resisted|p2b: Volcarona\n|-damage|p2b: Volcarona|176/261\n|-unboost|p1a: Sneasler|def|1\n|-unboost|p1a: Sneasler|spd|1\n|-enditem|p1a: Sneasler|White Herb\n|-clearnegativeboost|p1a: Sneasler|[silent]\n|move|p2a: Golurk|High Horsepower|p1a: Sneasler\n|-supereffective|p1a: Sneasler\n|-damage|p1a: Sneasler|0 fnt\n|faint|p1a: Sneasler\n|-damage|p2a: Golurk|264/293|[from] item: Life Orb\n|move|p1b: Granbull|Play Rough|p2a: Golurk\n|-damage|p2a: Golurk|123/293\n|\n|upkeep\n|\n|t:|1770937401\n|switch|p1a: Slowking|Slowking, L88, F|310/310\n|turn|2\n|\n|t:|1770937415\n|move|p2b: Volcarona|Heat Wave|p1b: Granbull|[spread] p1a,p1b\n|-resisted|p1a: Slowking\n|-damage|p1a: Slowking|277/310\n|-damage|p1b: Granbull|229/302\n|move|p2a: Golurk|Poltergeist|p1a: Slowking\n|-activate|p1a: Slowking|move: Poltergeist|Sitrus Berry\n|-supereffective|p1a: Slowking\n|-damage|p1a: Slowking|12/310\n|-enditem|p1a: Slowking|Sitrus Berry|[eat]\n|-heal|p1a: Slowking|89/310|[from] item: Sitrus Berry\n|-damage|p2a: Golurk|94/293|[from] item: Life Orb\n|move|p1b: Granbull|Play Rough|p2a: Golurk\n|-damage|p2a: Golurk|0 fnt\n|faint|p2a: Golurk\n|move|p1a: Slowking|Trick Room|p1a: Slowking\n|-fieldstart|move: Trick Room|[of] p1a: Slowking\n|\n|upkeep\n|\n|t:|1770937441\n|switch|p2a: Smeargle|Smeargle, F|272/272\n|turn|3\n|\n|t:|1770937450\n|move|p2a: Smeargle|Fake Out|p1a: Slowking\n|-damage|p1a: Slowking|55/310\n|cant|p1a: Slowking|flinch\n|move|p1b: Granbull|Close Combat|p2a: Smeargle\n|-supereffective|p2a: Smeargle\n|-damage|p2a: Smeargle|0 fnt\n|-unboost|p1b: Granbull|def|1\n|-unboost|p1b: Granbull|spd|1\n|faint|p2a: Smeargle\n|move|p2b: Volcarona|Heat Wave|p1b: Granbull|[spread] p1a,p1b\n|-resisted|p1a: Slowking\n|-damage|p1a: Slowking|22/310\n|-damage|p1b: Granbull|127/302\n|\n|upkeep\n|\n|t:|1770937466\n|switch|p2a: Medicham|Medicham, L86, M|243/243\n|turn|4\n|\n|t:|1770937475\n|move|p2b: Volcarona|Protect|p2b: Volcarona\n|-singleturn|p2b: Volcarona|Protect\n|move|p1a: Slowking|Scald|p2b: Volcarona\n|-activate|p2b: Volcarona|move: Protect\n|move|p1b: Granbull|Play Rough|p2a: Medicham|[miss]\n|-miss|p1b: Granbull|p2a: Medicham\n|move|p2a: Medicham|Poison Jab|p1b: Granbull\n|-supereffective|p1b: Granbull\n|-damage|p1b: Granbull|0 fnt\n|faint|p1b: Granbull\n|\n|upkeep\n|\n|t:|1770937482\n|switch|p1b: Vaporeon|Vaporeon, L84, M|356/356\n|turn|5\n|\n|t:|1770937506\n|switch|p2b: Mandibuzz|Mandibuzz, L85, F|326/326\n|move|p1a: Slowking|Scald|p2a: Medicham\n|-damage|p2a: Medicham|129/243\n|move|p1b: Vaporeon|Scald|p2b: Mandibuzz\n|-damage|p2b: Mandibuzz|233/326\n|move|p2a: Medicham|Poison Jab|p1a: Slowking\n|-damage|p1a: Slowking|0 fnt\n|faint|p1a: Slowking\n|\n|upkeep\n|\n|t:|1770937522\n|switch|p1a: Honchkrow|Honchkrow, L85, M|309/309\n|turn|6\n|\n|t:|1770937536\n|switch|p2a: Urshifu|Urshifu, L75, M|274/274\n|move|p1b: Vaporeon|Scald|p2b: Mandibuzz\n|-damage|p2b: Mandibuzz|151/326\n|-status|p2b: Mandibuzz|brn\n|-enditem|p2b: Mandibuzz|Sitrus Berry|[eat]\n|-heal|p2b: Mandibuzz|232/326 brn|[from] item: Sitrus Berry\n|move|p1a: Honchkrow|Brave Bird|p2a: Urshifu\n|-supereffective|p2a: Urshifu\n|-damage|p2a: Urshifu|0 fnt\n|faint|p2a: Urshifu\n|-ability|p1a: Honchkrow|Moxie|boost\n|-boost|p1a: Honchkrow|atk|1\n|-damage|p1a: Honchkrow|219/309|[from] Recoil\n|-damage|p1a: Honchkrow|189/309|[from] item: Life Orb\n|move|p2b: Mandibuzz|Tailwind|p2b: Mandibuzz\n|-sidestart|p2: jaimol8714|move: Tailwind\n|\n|-damage|p2b: Mandibuzz|212/326 brn|[from] brn\n|-fieldend|move: Trick Room\n|upkeep\n|\n|t:|1770937558\n|switch|p2a: Medicham|Medicham, L86, M|129/243\n|turn|7\n|\n|t:|1770937579\n|move|p1a: Honchkrow|Protect|p1a: Honchkrow\n|-singleturn|p1a: Honchkrow|Protect\n|move|p2a: Medicham|Ice Punch|p1a: Honchkrow\n|-activate|p1a: Honchkrow|move: Protect\n|move|p2b: Mandibuzz|Foul Play|p1b: Vaporeon\n|-damage|p1b: Vaporeon|318/356\n|move|p1b: Vaporeon|Scald|p2a: Medicham\n|-damage|p2a: Medicham|23/243\n|-status|p2a: Medicham|brn\n|\n|-heal|p1b: Vaporeon|340/356|[from] item: Leftovers\n|-damage|p2a: Medicham|8/243 brn|[from] brn\n|-damage|p2b: Mandibuzz|192/326 brn|[from] brn\n|upkeep\n|turn|8\n|\n|t:|1770937601\n|move|p1a: Honchkrow|Sucker Punch|p2a: Medicham\n|-damage|p2a: Medicham|0 fnt\n|faint|p2a: Medicham\n|-ability|p1a: Honchkrow|Moxie|boost\n|-boost|p1a: Honchkrow|atk|1\n|-damage|p1a: Honchkrow|159/309|[from] item: Life Orb\n|move|p2b: Mandibuzz|Foul Play|p1a: Honchkrow\n|-resisted|p1a: Honchkrow\n|-damage|p1a: Honchkrow|62/309\n|move|p1b: Vaporeon|Scald|p2b: Mandibuzz\n|-damage|p2b: Mandibuzz|99/326 brn\n|\n|-heal|p1b: Vaporeon|356/356|[from] item: Leftovers\n|-damage|p2b: Mandibuzz|79/326 brn|[from] brn\n|upkeep\n|\n|t:|1770937618\n|switch|p2a: Volcarona|Volcarona, L78, M|176/261\n|turn|9\n|\n|t:|1770937632\n|move|p1a: Honchkrow|Protect|p1a: Honchkrow\n|-singleturn|p1a: Honchkrow|Protect\n|move|p2a: Volcarona|Heat Wave|p1a: Honchkrow|[spread] p1b\n|-activate|p1a: Honchkrow|move: Protect\n|-resisted|p1b: Vaporeon\n|-damage|p1b: Vaporeon|318/356\n|move|p2b: Mandibuzz|U-turn|p1b: Vaporeon\n|-damage|p1b: Vaporeon|293/356\n|move|p1b: Vaporeon|Scald|p2b: Mandibuzz\n|-damage|p2b: Mandibuzz|0 fnt\n|faint|p2b: Mandibuzz\n|\n|-heal|p1b: Vaporeon|315/356|[from] item: Leftovers\n|-sideend|p2: jaimol8714|move: Tailwind\n|upkeep\n|turn|10\n|-message|jaimol8714 forfeited.\n|\n|win|ogtru\n|raw|ogtru's rating: 1540 &rarr; <strong>1565</strong><br />(+25 for winning)\n|raw|jaimol8714's rating: 1624 &rarr; <strong>1599</strong><br />(-25 for losing)\n|l|☆jaimol8714\n|player|p2|\n", "inputlog": ">version ccdc32dd7cde25fd9e4bed64820e885f66e78a4e\n>start {\"formatid\":\"gen9randomdoublesbattle\",\"seed\":\"sodium,87a502a8f4ad3c49662f41bb1aee92bc\",\"rated\":\"Rated battle\"}\n>player p1 {\"name\":\"ogtru\",\"avatar\":\"riley\",\"rating\":1540,\"seed\":\"sodium,26060ec95bc8683f2e099993714a668d\"}\n>player p2 {\"name\":\"jaimol8714\",\"avatar\":\"2\",\"rating\":1624,\"seed\":\"sodium,1198cb7d913fc756772de42652e9b71b\"}\n>p1 move closecombat +2, move playrough +1\n>p2 move highhorsepower +1, switch 6\n>p1 switch 3, pass\n>p1 move trickroom, move playrough +1\n>p2 move poltergeist +1, move heatwave\n>p2 switch 4, pass\n>p1 move scald +2, move closecombat +1\n>p2 move fakeout +1, move heatwave\n>p2 switch 3, pass\n>p1 move scald +2, move playrough +1\n>p2 move poisonjab +2, move protect\n>p1 pass, switch 5\n>p1 move scald +1, move scald +2\n>p2 move poisonjab +1, switch 5\n>p1 switch 6, pass\n>p1 move bravebird +1, move scald +2\n>p2 switch 6, move tailwind\n>p2 switch 6, pass\n>p1 move protect, move scald +1\n>p2 move icepunch +1, move foulplay +2\n>p1 move suckerpunch +1, move scald +2\n>p2 move icepunch +1, move foulplay +1\n>p2 switch 5, pass\n>p1 move protect, move scald +2\n>p2 move heatwave, move uturn +2\n>forcelose p2", "uploadtime": 1770937658, "views": 70, "formatid": "gen9randomdoublesbattle", "rating": 1565, "private": 0, "password": null}