{"id": "gen9randomdoublesbattle-2540278956", "format": "[Gen 9] Random Doubles Battle", "players": ["mashing a", "Pasquell"], "log": "|j|☆mashing a\n|j|☆Pasquell\n|t:|1771183911\n|gametype|doubles\n|player|p1|mashing a|1|1738\n|player|p2|Pasquell|1|1734\n|gen|9\n|tier|[Gen 9] Random Doubles Battle\n|rated|\n|rule|Species Clause: Limit one of each Pokémon\n|rule|HP Percentage Mod: HP is shown in percentages\n|rule|Illusion Level Mod: Illusion disguises the Pokémon's true level\n|rule|Sleep Clause Mod: Limit one foe put to sleep\n|\n|t:|1771183911\n|teamsize|p1|6\n|teamsize|p2|6\n|start\n|switch|p1a: Cinderace|Cinderace, L82, M|265/265\n|switch|p1b: Cresselia|Cresselia, L80, F|323/323\n|switch|p2a: Sandaconda|Sandaconda, L88, M|270/270\n|switch|p2b: Grimmsnarl|Grimmsnarl, L82, M|290/290\n|turn|1\n|inactive|Battle timer is ON: inactive players will automatically lose when time's up. (requested by mashing a)\n|inactive|Pasquell has 120 seconds left.\n|\n|t:|1771183950\n|move|p1a: Cinderace|Protect|p1a: Cinderace\n|-singleturn|p1a: Cinderace|Protect\n|move|p2b: Grimmsnarl|Fake Out|p1a: Cinderace\n|-activate|p1a: Cinderace|move: Protect\n|move|p1b: Cresselia|Icy Wind|p2a: Sandaconda|[spread] p2a,p2b\n|-supereffective|p2a: Sandaconda\n|-damage|p2a: Sandaconda|218/270\n|-damage|p2b: Grimmsnarl|264/290\n|-unboost|p2a: Sandaconda|spe|1\n|-unboost|p2b: Grimmsnarl|spe|1\n|move|p2a: Sandaconda|Coil|p2a: Sandaconda\n|-boost|p2a: Sandaconda|atk|1\n|-boost|p2a: Sandaconda|def|1\n|-boost|p2a: Sandaconda|accuracy|1\n|\n|-heal|p2a: Sandaconda|234/270|[from] item: Leftovers\n|upkeep\n|turn|2\n|\n|t:|1771183976\n|switch|p1a: Clefairy|Clefairy, L98, F|296/296\n|move|p2b: Grimmsnarl|Thunder Wave|p1a: Clefairy\n|-status|p1a: Clefairy|par\n|move|p1b: Cresselia|Icy Wind|p2a: Sandaconda|[spread] p2a,p2b\n|-supereffective|p2a: Sandaconda\n|-damage|p2a: Sandaconda|186/270\n|-damage|p2b: Grimmsnarl|239/290\n|-unboost|p2a: Sandaconda|spe|1\n|-unboost|p2b: Grimmsnarl|spe|1\n|move|p2a: Sandaconda|Stone Edge|p1a: Clefairy\n|-crit|p1a: Clefairy\n|-damage|p1a: Clefairy|131/296 par\n|\n|-heal|p2a: Sandaconda|202/270|[from] item: Leftovers\n|upkeep\n|turn|3\n|\n|t:|1771183998\n|move|p2b: Grimmsnarl|Taunt|p1a: Clefairy\n|-start|p1a: Clefairy|move: Taunt\n|move|p1b: Cresselia|Lunar Blessing|p1b: Cresselia|[spread] p1a,p1b\n|-heal|p1a: Clefairy|205/296 par\n|-curestatus|p1a: Clefairy|par|[msg]\n|move|p1a: Clefairy|Moonblast|p2b: Grimmsnarl\n|-supereffective|p2b: Grimmsnarl\n|-damage|p2b: Grimmsnarl|0 fnt\n|faint|p2b: Grimmsnarl\n|move|p2a: Sandaconda|Coil|p2a: Sandaconda\n|-boost|p2a: Sandaconda|atk|1\n|-boost|p2a: Sandaconda|def|1\n|-boost|p2a: Sandaconda|accuracy|1\n|\n|-heal|p2a: Sandaconda|218/270|[from] item: Leftovers\n|upkeep\n|inactive|Pasquell has 120 seconds left.\n|\n|t:|1771184019\n|switch|p2b: Alomomola|Alomomola, L96, F|472/472\n|turn|4\n|\n|t:|1771184034\n|-terastallize|p2a: Sandaconda|Steel\n|move|p2b: Alomomola|Wide Guard|p2b: Alomomola\n|-singleturn|p2b: Alomomola|Wide Guard\n|move|p1b: Cresselia|Psychic|p2a: Sandaconda\n|-resisted|p2a: Sandaconda\n|-damage|p2a: Sandaconda|177/270\n|move|p1a: Clefairy|Moonblast|p2a: Sandaconda\n|-resisted|p2a: Sandaconda\n|-damage|p2a: Sandaconda|119/270\n|-unboost|p2a: Sandaconda|spa|1\n|move|p2a: Sandaconda|Coil|p2a: Sandaconda\n|-boost|p2a: Sandaconda|atk|1\n|-boost|p2a: Sandaconda|def|1\n|-boost|p2a: Sandaconda|accuracy|1\n|\n|-heal|p2a: Sandaconda|135/270|[from] item: Leftovers\n|upkeep\n|turn|5\n|\n|t:|1771184055\n|switch|p1b: Registeel|Registeel, L78|253/253\n|move|p2b: Alomomola|Icy Wind|p1b: Registeel|[spread] p1a,p1b\n|-resisted|p1b: Registeel\n|-damage|p1a: Clefairy|190/296\n|-damage|p1b: Registeel|248/253\n|-unboost|p1a: Clefairy|spe|1\n|move|p2a: Sandaconda|Rest|p2a: Sandaconda\n|-status|p2a: Sandaconda|slp|[from] move: Rest\n|-heal|p2a: Sandaconda|270/270 slp|[silent]\n|move|p1a: Clefairy|Moonblast|p2b: Alomomola\n|-damage|p2b: Alomomola|327/472\n|\n|-heal|p1b: Registeel|253/253|[from] item: Leftovers\n|-end|p1a: Clefairy|move: Taunt\n|upkeep\n|turn|6\n|\n|t:|1771184084\n|move|p2b: Alomomola|Scald|p1b: Registeel\n|-damage|p1b: Registeel|223/253\n|move|p1b: Registeel|Iron Defense|p1b: Registeel\n|-boost|p1b: Registeel|def|2\n|cant|p2a: Sandaconda|slp\n|move|p1a: Clefairy|Moonblast|p2b: Alomomola\n|-damage|p2b: Alomomola|191/472\n|-enditem|p2b: Alomomola|Sitrus Berry|[eat]\n|-heal|p2b: Alomomola|309/472|[from] item: Sitrus Berry\n|\n|-heal|p1b: Registeel|238/253|[from] item: Leftovers\n|-activate|p2a: Sandaconda|ability: Shed Skin\n|-curestatus|p2a: Sandaconda|slp|[msg]\n|upkeep\n|turn|7\n|inactive|Pasquell has 120 seconds left.\n|\n|t:|1771184126\n|move|p2b: Alomomola|Helping Hand|p2a: Sandaconda\n|-singleturn|p2a: Sandaconda|Helping Hand|[of] p2b: Alomomola\n|move|p1a: Clefairy|Follow Me|p1a: Clefairy\n|-singleturn|p1a: Clefairy|move: Follow Me\n|move|p1b: Registeel|Iron Defense|p1b: Registeel\n|-boost|p1b: Registeel|def|2\n|move|p2a: Sandaconda|High Horsepower|p1a: Clefairy\n|-damage|p1a: Clefairy|0 fnt\n|faint|p1a: Clefairy\n|\n|-heal|p1b: Registeel|253/253|[from] item: Leftovers\n|upkeep\n|inactive|mashing a has 120 seconds left.\n|\n|t:|1771184141\n|switch|p1a: Cinderace|Cinderace, L82, M|265/265\n|turn|8\n|\n|t:|1771184158\n|move|p1a: Cinderace|Protect|p1a: Cinderace\n|-singleturn|p1a: Cinderace|Protect\n|move|p2b: Alomomola|Scald|p1b: Registeel\n|-damage|p1b: Registeel|211/253\n|move|p1b: Registeel|Iron Defense|p1b: Registeel\n|-boost|p1b: Registeel|def|2\n|move|p2a: Sandaconda|Stone Edge|p1a: Cinderace\n|-activate|p1a: Cinderace|move: Protect\n|\n|-heal|p1b: Registeel|226/253|[from] item: Leftovers\n|upkeep\n|turn|9\n|\n|t:|1771184179\n|move|p1a: Cinderace|High Jump Kick|p2b: Alomomola\n|-damage|p2b: Alomomola|219/472\n|move|p2b: Alomomola|Scald|p1b: Registeel\n|-damage|p1b: Registeel|183/253\n|move|p1b: Registeel|Body Press|p2a: Sandaconda\n|-supereffective|p2a: Sandaconda\n|-damage|p2a: Sandaconda|114/270\n|move|p2a: Sandaconda|High Horsepower|p1a: Cinderace\n|-supereffective|p1a: Cinderace\n|-damage|p1a: Cinderace|0 fnt\n|faint|p1a: Cinderace\n|\n|-heal|p1b: Registeel|198/253|[from] item: Leftovers\n|-heal|p2a: Sandaconda|130/270|[from] item: Leftovers\n|upkeep\n|\n|t:|1771184191\n|switch|p1a: Pachirisu|Pachirisu, L93, F|262/262\n|turn|10\n|\n|t:|1771184203\n|move|p1a: Pachirisu|Thunderbolt|p2b: Alomomola\n|-supereffective|p2b: Alomomola\n|-damage|p2b: Alomomola|31/472\n|move|p2b: Alomomola|Scald|p1b: Registeel\n|-damage|p1b: Registeel|155/253\n|move|p1b: Registeel|Body Press|p2a: Sandaconda\n|-supereffective|p2a: Sandaconda\n|-damage|p2a: Sandaconda|0 fnt\n|faint|p2a: Sandaconda\n|\n|-heal|p1b: Registeel|170/253|[from] item: Leftovers\n|upkeep\n|\n|t:|1771184220\n|switch|p2a: Kingdra|Kingdra, L85, F|266/266\n|turn|11\n|\n|t:|1771184232\n|move|p1a: Pachirisu|Nuzzle|p2a: Kingdra\n|-damage|p2a: Kingdra|251/266\n|-status|p2a: Kingdra|par\n|move|p2b: Alomomola|Scald|p1b: Registeel\n|-damage|p1b: Registeel|122/253\n|-status|p1b: Registeel|brn\n|move|p1b: Registeel|Body Press|p2a: Kingdra\n|-damage|p2a: Kingdra|126/266 par\n|move|p2a: Kingdra|Rain Dance|p2a: Kingdra\n|-weather|RainDance\n|\n|-weather|RainDance|[upkeep]\n|-heal|p1b: Registeel|137/253 brn|[from] item: Leftovers\n|-damage|p1b: Registeel|122/253 brn|[from] brn\n|upkeep\n|turn|12\n|\n|t:|1771184251\n|move|p1a: Pachirisu|Thunderbolt|p2b: Alomomola\n|-supereffective|p2b: Alomomola\n|-damage|p2b: Alomomola|0 fnt\n|faint|p2b: Alomomola\n|move|p2a: Kingdra|Draco Meteor|p1a: Pachirisu\n|-damage|p1a: Pachirisu|93/262\n|-unboost|p2a: Kingdra|spa|2\n|-enditem|p1a: Pachirisu|Sitrus Berry|[eat]\n|-heal|p1a: Pachirisu|158/262|[from] item: Sitrus Berry\n|-damage|p2a: Kingdra|100/266 par|[from] item: Life Orb\n|move|p1b: Registeel|Body Press|p2a: Kingdra\n|-crit|p2a: Kingdra\n|-damage|p2a: Kingdra|0 fnt\n|faint|p2a: Kingdra\n|\n|-weather|RainDance|[upkeep]\n|-heal|p1b: Registeel|137/253 brn|[from] item: Leftovers\n|-damage|p1b: Registeel|122/253 brn|[from] brn\n|upkeep\n|inactive|Pasquell has 120 seconds left.\n|\n|t:|1771184272\n|switch|p2a: Spectrier|Spectrier, L77|281/281\n|switch|p2b: Dragalge|Dragalge, L88, M|258/258\n|turn|13\n|\n|t:|1771184282\n|switch|p1a: Cresselia|Cresselia, L80, F|323/323\n|move|p2a: Spectrier|Protect|p2a: Spectrier\n|-singleturn|p2a: Spectrier|Protect\n|move|p2b: Dragalge|Sludge Bomb|p1a: Cresselia\n|-damage|p1a: Cresselia|177/323\n|-status|p1a: Cresselia|psn\n|-damage|p2b: Dragalge|233/258|[from] item: Life Orb\n|move|p1b: Registeel|Thunder Wave|p2a: Spectrier\n|-activate|p2a: Spectrier|move: Protect\n|\n|-weather|RainDance|[upkeep]\n|-heal|p1b: Registeel|137/253 brn|[from] item: Leftovers\n|-damage|p1a: Cresselia|137/323 psn|[from] psn\n|-damage|p1b: Registeel|122/253 brn|[from] brn\n|upkeep\n|-enditem|p1a: Cresselia|Sitrus Berry|[eat]\n|-heal|p1a: Cresselia|217/323 psn|[from] item: Sitrus Berry\n|turn|14\n|inactive|Pasquell has 120 seconds left.\n|\n|t:|1771184312\n|-terastallize|p1a: Cresselia|Poison\n|move|p2a: Spectrier|Shadow Ball|p1b: Registeel\n|-damage|p1b: Registeel|32/253 brn\n|-damage|p2a: Spectrier|253/281|[from] item: Life Orb\n|move|p1a: Cresselia|Lunar Blessing|p1a: Cresselia|[spread] p1a,p1b\n|-heal|p1a: Cresselia|298/323 psn\n|-curestatus|p1a: Cresselia|psn|[msg]\n|-heal|p1b: Registeel|95/253 brn\n|-curestatus|p1b: Registeel|brn|[msg]\n|move|p2b: Dragalge|Draco Meteor|p1a: Cresselia\n|-damage|p1a: Cresselia|67/323\n|-unboost|p2b: Dragalge|spa|2\n|-damage|p2b: Dragalge|208/258|[from] item: Life Orb\n|move|p1b: Registeel|Thunder Wave|p2a: Spectrier\n|-status|p2a: Spectrier|par\n|\n|-weather|RainDance|[upkeep]\n|-heal|p1b: Registeel|110/253|[from] item: Leftovers\n|upkeep\n|turn|15\n|-message|Pasquell forfeited.\n|\n|win|mashing a\n|raw|mashing a's rating: 1738 &rarr; <strong>1758</strong><br />(+20 for winning)\n|raw|Pasquell's rating: 1734 &rarr; <strong>1714</strong><br />(-20 for losing)\n|l|☆Pasquell\n|player|p2|\n", "inputlog": ">version 686819e5e19f8a7fd2345cfc5a08a5085efa2cc3\n>start {\"formatid\":\"gen9randomdoublesbattle\",\"seed\":\"sodium,1cfc383fc9cc04cdca13cbe5b3a82cd5\",\"rated\":\"Rated battle\"}\n>player p1 {\"name\":\"mashing a\",\"avatar\":\"1\",\"rating\":1738,\"seed\":\"sodium,0e41a8b2ba3a24224294902ab5e22e42\"}\n>player p2 {\"name\":\"Pasquell\",\"avatar\":\"1\",\"rating\":1734,\"seed\":\"sodium,269b526c79d5bbb9588b93036356badc\"}\n>p1 move protect, move icywind\n>p2 move coil, move fakeout +1\n>p1 switch 3, move icywind\n>p2 move stoneedge +1, move thunderwave +1\n>p1 move moonblast +2, move lunarblessing\n>p2 move coil, move taunt +1\n>p2 pass, switch 5\n>p1 move moonblast +1, move psychic +1\n>p2 move coil terastallize, move wideguard\n>p1 move moonblast +2, switch 6\n>p2 move rest, move icywind\n>p1 move moonblast +2, move irondefense\n>p2 move stoneedge +1, move scald +2\n>p1 move followme, move irondefense\n>p2 move highhorsepower +2, move helpinghand -1\n>p1 switch 3, pass\n>p1 move protect, move irondefense\n>p2 move stoneedge +1, move scald +2\n>p1 move highjumpkick +2, move bodypress +1\n>p2 move highhorsepower +1, move scald +2\n>p1 switch 4, pass\n>p1 move thunderbolt +2, move bodypress +1\n>p2 move rest, move scald +2\n>p2 switch 4, pass\n>p1 move nuzzle +1, move bodypress +1\n>p2 move raindance, move scald +2\n>p1 move thunderbolt +2, move bodypress +1\n>p2 move dracometeor +1, move icywind\n>p2 switch 3, switch 6\n>p1 switch 6, move thunderwave +1\n>p2 move protect, move sludgebomb +1\n>p1 move lunarblessing terastallize, move thunderwave +1\n>p2 move shadowball +2, move dracometeor +1\n>forcelose p2", "uploadtime": 1771184333, "views": 52, "formatid": "gen9randomdoublesbattle", "rating": 1714, "private": 0, "password": null}