{"id": "gen9randomdoublesbattle-2536180253", "format": "[Gen 9] Random Doubles Battle", "players": ["Jca6", "hongbin1"], "log": "|j|☆Jca6\n|j|☆hongbin1\n|t:|1770661522\n|gametype|doubles\n|player|p1|Jca6|169|1943\n|player|p2|hongbin1|1|2039\n|gen|9\n|tier|[Gen 9] Random Doubles Battle\n|rated|\n|rule|Species Clause: Limit one of each Pokémon\n|rule|HP Percentage Mod: HP is shown in percentages\n|rule|Illusion Level Mod: Illusion disguises the Pokémon's true level\n|rule|Sleep Clause Mod: Limit one foe put to sleep\n|\n|t:|1770661522\n|teamsize|p1|6\n|teamsize|p2|6\n|start\n|switch|p1a: Florges|Florges-White, L84, F|268/268\n|switch|p1b: Oricorio|Oricorio-Pom-Pom, L83, M|260/260\n|switch|p2a: Mewtwo|Mewtwo, L73|275/275\n|switch|p2b: Cinccino|Cinccino, L85, M|266/266\n|-ability|p2a: Mewtwo|Unnerve\n|turn|1\n|inactive|Battle timer is ON: inactive players will automatically lose when time's up. (requested by hongbin1)\n|\n|t:|1770661562\n|move|p1b: Oricorio|Protect|p1b: Oricorio\n|-singleturn|p1b: Oricorio|Protect\n|move|p2b: Cinccino|Triple Axel|p1b: Oricorio\n|-activate|p1b: Oricorio|move: Protect\n|move|p2a: Mewtwo|Nasty Plot|p2a: Mewtwo\n|-boost|p2a: Mewtwo|spa|2\n|move|p1a: Florges|Calm Mind|p1a: Florges\n|-boost|p1a: Florges|spa|1\n|-boost|p1a: Florges|spd|1\n|\n|upkeep\n|turn|2\n|\n|t:|1770661579\n|switch|p1b: Regigigas|Regigigas, L86|329/329\n|-start|p1b: Regigigas|ability: Slow Start\n|move|p2b: Cinccino|Tail Slap|p1b: Regigigas\n|-damage|p1b: Regigigas|298/329\n|-damage|p1b: Regigigas|264/329\n|-damage|p1b: Regigigas|233/329\n|-damage|p1b: Regigigas|197/329\n|-hitcount|p1b: Regigigas|4\n|move|p2a: Mewtwo|Psystrike|p1a: Florges\n|-damage|p1a: Florges|0 fnt\n|faint|p1a: Florges\n|\n|-heal|p1b: Regigigas|217/329|[from] item: Leftovers\n|upkeep\n|\n|t:|1770661598\n|switch|p1a: Kilowattrel|Kilowattrel, L80, M|243/243\n|turn|3\n|\n|t:|1770661608\n|move|p1a: Kilowattrel|Tailwind|p1a: Kilowattrel\n|-sidestart|p1: Jca6|move: Tailwind\n|move|p2b: Cinccino|Triple Axel|p1a: Kilowattrel\n|-supereffective|p1a: Kilowattrel\n|-damage|p1a: Kilowattrel|181/243\n|-supereffective|p1a: Kilowattrel\n|-damage|p1a: Kilowattrel|67/243\n|-supereffective|p1a: Kilowattrel\n|-damage|p1a: Kilowattrel|0 fnt\n|faint|p1a: Kilowattrel\n|-hitcount|p1: Kilowattrel|3\n|move|p2a: Mewtwo|Aura Sphere|p1b: Regigigas\n|-supereffective|p1b: Regigigas\n|-damage|p1b: Regigigas|11/329\n|move|p1b: Regigigas|Knock Off|p2a: Mewtwo\n|-supereffective|p2a: Mewtwo\n|-damage|p2a: Mewtwo|159/275\n|-enditem|p2a: Mewtwo|Leftovers|[from] move: Knock Off|[of] p1b: Regigigas\n|\n|-heal|p1b: Regigigas|31/329|[from] item: Leftovers\n|upkeep\n|\n|t:|1770661619\n|switch|p1a: Mewtwo|Mewtwo, L73|275/275\n|-ability|p1a: Mewtwo|Unnerve\n|turn|4\n|\n|t:|1770661626\n|move|p1b: Regigigas|Protect|p1b: Regigigas\n|-singleturn|p1b: Regigigas|Protect\n|move|p1a: Mewtwo|Dark Pulse|p2a: Mewtwo\n|-supereffective|p2a: Mewtwo\n|-damage|p2a: Mewtwo|0 fnt\n|faint|p2a: Mewtwo\n|-damage|p1a: Mewtwo|248/275|[from] item: Life Orb\n|move|p2b: Cinccino|Tail Slap|p1a: Mewtwo\n|-damage|p1a: Mewtwo|203/275\n|-damage|p1a: Mewtwo|158/275\n|-damage|p1a: Mewtwo|113/275\n|-damage|p1a: Mewtwo|70/275\n|-hitcount|p1a: Mewtwo|4\n|\n|-heal|p1b: Regigigas|51/329|[from] item: Leftovers\n|upkeep\n|\n|t:|1770661634\n|switch|p2a: Clefairy|Clefairy, L98, F|296/296\n|turn|5\n|\n|t:|1770661651\n|switch|p1a: Flareon|Flareon, L90, M|263/263\n|move|p2b: Cinccino|Bullet Seed|p1b: Regigigas\n|-damage|p1b: Regigigas|28/329\n|-damage|p1b: Regigigas|5/329\n|-damage|p1b: Regigigas|0 fnt\n|faint|p1b: Regigigas\n|-hitcount|p1: Regigigas|3\n|move|p2a: Clefairy|Moonblast|p1a: Flareon\n|-resisted|p1a: Flareon\n|-damage|p1a: Flareon|222/263\n|\n|-status|p1a: Flareon|tox|[from] item: Toxic Orb\n|upkeep\n|\n|t:|1770661656\n|switch|p1b: Oricorio|Oricorio-Pom-Pom, L83, M|260/260\n|turn|6\n|\n|t:|1770661663\n|move|p2a: Clefairy|Follow Me|p2a: Clefairy\n|-singleturn|p2a: Clefairy|move: Follow Me\n|move|p1b: Oricorio|Hurricane|p2a: Clefairy\n|-damage|p2a: Clefairy|215/296\n|move|p1a: Flareon|Facade|p2a: Clefairy\n|-damage|p2a: Clefairy|12/296\n|move|p2b: Cinccino|Tail Slap|p1a: Flareon\n|-damage|p1a: Flareon|171/263 tox\n|-damage|p1a: Flareon|117/263 tox\n|-damage|p1a: Flareon|69/263 tox\n|-crit|p1a: Flareon\n|-damage|p1a: Flareon|0 fnt\n|faint|p1a: Flareon\n|-hitcount|p1: Flareon|4\n|\n|-sideend|p1: Jca6|move: Tailwind\n|upkeep\n|\n|t:|1770661673\n|switch|p1a: Mewtwo|Mewtwo, L73|70/275\n|-ability|p1a: Mewtwo|Unnerve\n|turn|7\n|\n|t:|1770661681\n|move|p2b: Cinccino|Bullet Seed|p1a: Mewtwo\n|-damage|p1a: Mewtwo|37/275\n|-damage|p1a: Mewtwo|7/275\n|-damage|p1a: Mewtwo|0 fnt\n|faint|p1a: Mewtwo\n|-hitcount|p1: Mewtwo|3\n|move|p1b: Oricorio|Tailwind|p1b: Oricorio\n|-sidestart|p1: Jca6|move: Tailwind\n|move|p2a: Clefairy|Moonblast|p1b: Oricorio\n|-damage|p1b: Oricorio|146/260\n|\n|upkeep\n|turn|8\n|\n|t:|1770661685\n|move|p1b: Oricorio|Hurricane|p2b: Cinccino\n|-damage|p2b: Cinccino|163/266\n|move|p2b: Cinccino|Triple Axel|p1b: Oricorio\n|-supereffective|p1b: Oricorio\n|-damage|p1b: Oricorio|92/260\n|-enditem|p1b: Oricorio|Sitrus Berry|[eat]\n|-heal|p1b: Oricorio|157/260|[from] item: Sitrus Berry\n|-supereffective|p1b: Oricorio\n|-damage|p1b: Oricorio|49/260\n|-supereffective|p1b: Oricorio\n|-damage|p1b: Oricorio|0 fnt\n|faint|p1b: Oricorio\n|-hitcount|p1: Oricorio|3\n|\n|win|hongbin1\n|raw|Jca6's rating: 1943 &rarr; <strong>1928</strong><br />(-15 for losing)\n|raw|hongbin1's rating: 2039 &rarr; <strong>2054</strong><br />(+15 for winning)\n", "inputlog": ">version ccdc32dd7cde25fd9e4bed64820e885f66e78a4e\n>start {\"formatid\":\"gen9randomdoublesbattle\",\"seed\":\"sodium,71aba3e85547a72bf53370d4a0acd142\",\"rated\":\"Rated battle\"}\n>player p1 {\"name\":\"Jca6\",\"avatar\":\"169\",\"rating\":1943,\"seed\":\"sodium,08132bfbff452c0e0afc322feaf925af\"}\n>player p2 {\"name\":\"hongbin1\",\"avatar\":\"1\",\"rating\":2039,\"seed\":\"sodium,6ade5ea8446e48df39ec434f5639617c\"}\n>p1 move calmmind, move protect\n>p2 move nastyplot, move tripleaxel +2\n>p1 move moonblast +2, switch 6\n>p2 move psystrike +1, move tailslap +2\n>p1 switch 3, pass\n>p1 move tailwind, move knockoff +1\n>p2 move aurasphere +2, move tripleaxel +1\n>p1 switch 4, pass\n>p1 move darkpulse +1, move protect\n>p2 move psystrike +2, move tailslap +1\n>p2 switch 5, pass\n>p1 switch 5, move knockoff +1\n>p2 move moonblast +1, move bulletseed +2\n>p1 pass, switch 6\n>p1 move facade +1, move hurricane +2\n>p2 move followme, move tailslap +1\n>p1 switch 5, pass\n>p1 move aurasphere +2, move tailwind\n>p2 move moonblast +2, move bulletseed +1\n>p1 pass, move hurricane +2\n>p2 move moonblast +2, move tripleaxel +2", "uploadtime": 1770661700, "views": 69, "formatid": "gen9randomdoublesbattle", "rating": 1928, "private": 0, "password": null}