{"id": "gen9randomdoublesbattle-2539526501", "format": "[Gen 9] Random Doubles Battle", "players": ["vgc-mia", "pixel_dragon9"], "log": "|j|☆vgc-mia\n|j|☆pixel_dragon9\n|t:|1771075964\n|gametype|doubles\n|player|p1|vgc-mia|sabrina|1793\n|player|p2|pixel_dragon9|266|1687\n|gen|9\n|tier|[Gen 9] Random Doubles Battle\n|rated|\n|rule|Species Clause: Limit one of each Pokémon\n|rule|HP Percentage Mod: HP is shown in percentages\n|rule|Illusion Level Mod: Illusion disguises the Pokémon's true level\n|rule|Sleep Clause Mod: Limit one foe put to sleep\n|\n|t:|1771075964\n|teamsize|p1|6\n|teamsize|p2|6\n|start\n|switch|p1a: Sylveon|Sylveon, L79, M|280/280\n|switch|p1b: Chesnaught|Chesnaught, L86, M|292/292\n|switch|p2a: Ogerpon|Ogerpon-Cornerstone, L75, F|244/244\n|switch|p2b: Bastiodon|Bastiodon, L89, F|252/252\n|turn|1\n|inactive|Battle timer is ON: inactive players will automatically lose when time's up. (requested by pixel_dragon9)\n|\n|t:|1771075983\n|switch|p1a: Zamazenta|Zamazenta, L72|251/251\n|-ability|p1a: Zamazenta|Dauntless Shield|boost\n|-boost|p1a: Zamazenta|def|1\n|switch|p2b: Oricorio|Oricorio-Sensu, L87, F|272/272\n|move|p2a: Ogerpon|Ivy Cudgel|p1a: Zamazenta|[anim] Ivy Cudgel Rock\n|-resisted|p1a: Zamazenta\n|-damage|p1a: Zamazenta|215/251\n|move|p1b: Chesnaught|Iron Defense|p1b: Chesnaught\n|-boost|p1b: Chesnaught|def|2\n|\n|-heal|p1a: Zamazenta|230/251|[from] item: Leftovers\n|upkeep\n|turn|2\n|\n|t:|1771076007\n|move|p1b: Chesnaught|Spiky Shield|p1b: Chesnaught\n|-singleturn|p1b: Chesnaught|move: Protect\n|move|p2a: Ogerpon|Follow Me|p2a: Ogerpon\n|-singleturn|p2a: Ogerpon|move: Follow Me\n|move|p1a: Zamazenta|Crunch|p2a: Ogerpon\n|-damage|p2a: Ogerpon|184/244\n|move|p2b: Oricorio|Quiver Dance|p2b: Oricorio\n|-boost|p2b: Oricorio|spa|1\n|-boost|p2b: Oricorio|spd|1\n|-boost|p2b: Oricorio|spe|1\n|\n|-heal|p1a: Zamazenta|245/251|[from] item: Leftovers\n|upkeep\n|turn|3\n|\n|t:|1771076028\n|switch|p1b: Kyurem|Kyurem, L77|319/319\n|-ability|p1b: Kyurem|Pressure\n|move|p2a: Ogerpon|Follow Me|p2a: Ogerpon\n|-singleturn|p2a: Ogerpon|move: Follow Me\n|move|p2b: Oricorio|Air Slash|p1b: Kyurem|[miss]\n|-miss|p2b: Oricorio|p1b: Kyurem\n|move|p1a: Zamazenta|Body Press|p2a: Ogerpon\n|-supereffective|p2a: Ogerpon\n|-damage|p2a: Ogerpon|0 fnt\n|faint|p2a: Ogerpon\n|\n|-heal|p1a: Zamazenta|251/251|[from] item: Leftovers\n|upkeep\n|\n|t:|1771076045\n|switch|p2a: Sylveon|Sylveon, L79, M|280/280\n|turn|4\n|\n|t:|1771076068\n|switch|p1a: Gyarados|Gyarados, L80, F|283/283\n|-ability|p1a: Gyarados|Intimidate|boost\n|-unboost|p2a: Sylveon|atk|1\n|-unboost|p2b: Oricorio|atk|1\n|-terastallize|p1b: Kyurem|Fairy\n|move|p2b: Oricorio|Protect|p2b: Oricorio\n|-singleturn|p2b: Oricorio|Protect\n|move|p1b: Kyurem|Icicle Spear|p2b: Oricorio\n|-activate|p2b: Oricorio|move: Protect\n|move|p2a: Sylveon|Hyper Voice|p1a: Gyarados|[spread] p1a,p1b\n|-damage|p1a: Gyarados|204/283\n|-damage|p1b: Kyurem|231/319\n|\n|upkeep\n|turn|5\n|\n|t:|1771076089\n|move|p2b: Oricorio|Revelation Dance|p1b: Kyurem\n|-crit|p1b: Kyurem\n|-damage|p1b: Kyurem|2/319\n|move|p1b: Kyurem|Icicle Spear|p2b: Oricorio\n|-supereffective|p2b: Oricorio\n|-damage|p2b: Oricorio|210/272\n|-supereffective|p2b: Oricorio\n|-damage|p2b: Oricorio|150/272\n|-supereffective|p2b: Oricorio\n|-damage|p2b: Oricorio|84/272\n|-supereffective|p2b: Oricorio\n|-damage|p2b: Oricorio|18/272\n|-hitcount|p2b: Oricorio|4\n|move|p1a: Gyarados|Dragon Dance|p1a: Gyarados\n|-boost|p1a: Gyarados|atk|1\n|-boost|p1a: Gyarados|spe|1\n|-activate|p2b: Oricorio|ability: Dancer\n|move|p2b: Oricorio|Dragon Dance|p2b: Oricorio|[from] ability: Dancer\n|-boost|p2b: Oricorio|atk|1\n|-boost|p2b: Oricorio|spe|1\n|move|p2a: Sylveon|Hyper Voice|p1b: Kyurem|[spread] p1a,p1b\n|-crit|p1a: Gyarados\n|-damage|p1a: Gyarados|80/283\n|-damage|p1b: Kyurem|0 fnt\n|faint|p1b: Kyurem\n|\n|-heal|p2b: Oricorio|35/272|[from] item: Leftovers\n|upkeep\n|inactive|vgc-mia has 120 seconds left.\n|\n|t:|1771076114\n|switch|p1b: Sylveon|Sylveon, L79, M|280/280\n|turn|6\n|\n|t:|1771076122\n|move|p2b: Oricorio|Protect|p2b: Oricorio\n|-singleturn|p2b: Oricorio|Protect\n|move|p1a: Gyarados|Protect|p1a: Gyarados\n|-singleturn|p1a: Gyarados|Protect\n|move|p1b: Sylveon|Hyper Voice|p2a: Sylveon|[spread] p2a\n|-activate|p2b: Oricorio|move: Protect\n|-damage|p2a: Sylveon|211/280\n|move|p2a: Sylveon|Hyper Voice|p1b: Sylveon|[spread] p1b\n|-activate|p1a: Gyarados|move: Protect\n|-damage|p1b: Sylveon|216/280\n|\n|-heal|p2b: Oricorio|52/272|[from] item: Leftovers\n|-heal|p1b: Sylveon|233/280|[from] item: Leftovers\n|-heal|p2a: Sylveon|228/280|[from] item: Leftovers\n|upkeep\n|turn|7\n|\n|t:|1771076140\n|switch|p1a: Reshiram|Reshiram, L72|263/263\n|-ability|p1a: Reshiram|Turboblaze\n|move|p2b: Oricorio|Revelation Dance|p1a: Reshiram\n|-damage|p1a: Reshiram|130/263\n|move|p2a: Sylveon|Substitute|p2a: Sylveon\n|-start|p2a: Sylveon|Substitute\n|-damage|p2a: Sylveon|158/280\n|move|p1b: Sylveon|Hyper Voice|p2a: Sylveon|[spread] p2a,p2b\n|-damage|p2a: Sylveon|97/280\n|-damage|p2b: Oricorio|0 fnt\n|faint|p2b: Oricorio\n|\n|-heal|p2a: Sylveon|114/280|[from] item: Leftovers\n|-heal|p1b: Sylveon|250/280|[from] item: Leftovers\n|upkeep\n|\n|t:|1771076157\n|switch|p2b: Suicune|Suicune, L79|288/288\n|turn|8\n|\n|t:|1771076171\n|move|p2b: Suicune|Scald|p1a: Reshiram\n|-damage|p1a: Reshiram|60/263\n|move|p1a: Reshiram|Tailwind|p1a: Reshiram\n|-sidestart|p1: vgc-mia|move: Tailwind\n|move|p1b: Sylveon|Hyper Voice|p2b: Suicune|[spread] p2a,p2b\n|-crit|p2b: Suicune\n|-damage|p2a: Sylveon|51/280\n|-damage|p2b: Suicune|180/288\n|move|p2a: Sylveon|Calm Mind|p2a: Sylveon\n|-boost|p2a: Sylveon|spa|1\n|-boost|p2a: Sylveon|spd|1\n|\n|-heal|p1b: Sylveon|267/280|[from] item: Leftovers\n|-heal|p2b: Suicune|198/288|[from] item: Leftovers\n|-heal|p2a: Sylveon|68/280|[from] item: Leftovers\n|upkeep\n|turn|9\n|\n|t:|1771076197\n|move|p1a: Reshiram|Draco Meteor|p2b: Suicune\n|-damage|p2b: Suicune|34/288\n|-unboost|p1a: Reshiram|spa|2\n|-damage|p1a: Reshiram|34/263|[from] item: Life Orb\n|move|p1b: Sylveon|Hyper Voice|p2a: Sylveon|[spread] p2a,p2b\n|-damage|p2a: Sylveon|28/280\n|-damage|p2b: Suicune|0 fnt\n|faint|p2b: Suicune\n|move|p2a: Sylveon|Calm Mind|p2a: Sylveon\n|-boost|p2a: Sylveon|spa|1\n|-boost|p2a: Sylveon|spd|1\n|\n|-heal|p1b: Sylveon|280/280|[from] item: Leftovers\n|-heal|p2a: Sylveon|45/280|[from] item: Leftovers\n|upkeep\n|\n|t:|1771076211\n|switch|p2b: Vespiquen|Vespiquen, F|302/302\n|-ability|p2b: Vespiquen|Unnerve\n|turn|10\n|\n|t:|1771076226\n|move|p1a: Reshiram|Heat Wave|p2b: Vespiquen|[spread] p2a\n|-miss|p1a: Reshiram|p2b: Vespiquen\n|-activate|p2a: Sylveon|move: Substitute|[damage]\n|-damage|p1a: Reshiram|8/263|[from] item: Life Orb\n|move|p1b: Sylveon|Hyper Voice|p2a: Sylveon|[spread] p2a,p2b\n|-damage|p2a: Sylveon|12/280\n|-damage|p2b: Vespiquen|241/302\n|move|p2a: Sylveon|Hyper Voice|p1a: Reshiram|[spread] p1a,p1b\n|-damage|p1a: Reshiram|0 fnt\n|-damage|p1b: Sylveon|144/280\n|faint|p1a: Reshiram\n|move|p2b: Vespiquen|Pollen Puff|p2a: Sylveon\n|-heal|p2a: Sylveon|152/280\n|\n|-heal|p1b: Sylveon|161/280|[from] item: Leftovers\n|-heal|p2a: Sylveon|169/280|[from] item: Leftovers\n|-heal|p2b: Vespiquen|259/302|[from] item: Leftovers\n|upkeep\n|\n|t:|1771076243\n|switch|p1a: Gyarados|Gyarados, L80, F|80/283\n|-ability|p1a: Gyarados|Intimidate|boost\n|-immune|p2a: Sylveon\n|-unboost|p2b: Vespiquen|atk|1\n|turn|11\n|\n|t:|1771076258\n|move|p1a: Gyarados|Protect|p1a: Gyarados\n|-singleturn|p1a: Gyarados|Protect\n|move|p1b: Sylveon|Calm Mind|p1b: Sylveon\n|-boost|p1b: Sylveon|spa|1\n|-boost|p1b: Sylveon|spd|1\n|move|p2a: Sylveon|Hyper Voice|p1a: Gyarados|[spread] p1b\n|-activate|p1a: Gyarados|move: Protect\n|-damage|p1b: Sylveon|65/280\n|move|p2b: Vespiquen|Toxic Spikes|p1b: Sylveon\n|-sidestart|p1: vgc-mia|move: Toxic Spikes\n|\n|-heal|p1b: Sylveon|82/280|[from] item: Leftovers\n|-heal|p2a: Sylveon|186/280|[from] item: Leftovers\n|-heal|p2b: Vespiquen|277/302|[from] item: Leftovers\n|-sideend|p1: vgc-mia|move: Tailwind\n|upkeep\n|turn|12\n|\n|t:|1771076282\n|move|p1a: Gyarados|Waterfall|p2b: Vespiquen\n|-damage|p2b: Vespiquen|204/302\n|move|p1b: Sylveon|Hyper Voice|p2a: Sylveon|[spread] p2a,p2b\n|-damage|p2a: Sylveon|137/280\n|-damage|p2b: Vespiquen|105/302\n|move|p2a: Sylveon|Hyper Voice|p1b: Sylveon|[spread] p1a,p1b\n|-damage|p1a: Gyarados|0 fnt\n|-damage|p1b: Sylveon|0 fnt\n|faint|p1a: Gyarados\n|faint|p1b: Sylveon\n|move|p2b: Vespiquen|Toxic Spikes|p1: Gyarados\n|-sidestart|p1: vgc-mia|move: Toxic Spikes\n|\n|-heal|p2a: Sylveon|154/280|[from] item: Leftovers\n|-heal|p2b: Vespiquen|123/302|[from] item: Leftovers\n|upkeep\n|\n|t:|1771076291\n|switch|p1a: Chesnaught|Chesnaught, L86, M|292/292\n|switch|p1b: Zamazenta|Zamazenta, L72|251/251\n|-status|p1b: Zamazenta|tox\n|-status|p1a: Chesnaught|tox\n|turn|13\n|\n|t:|1771076301\n|move|p1a: Chesnaught|Spiky Shield|p1a: Chesnaught\n|-singleturn|p1a: Chesnaught|move: Protect\n|move|p1b: Zamazenta|Crunch|p2b: Vespiquen\n|-damage|p2b: Vespiquen|82/302\n|move|p2a: Sylveon|Hyper Voice|p1b: Zamazenta|[spread] p1b\n|-activate|p1a: Chesnaught|move: Protect\n|-supereffective|p1b: Zamazenta\n|-crit|p1b: Zamazenta\n|-damage|p1b: Zamazenta|0 fnt\n|faint|p1b: Zamazenta\n|move|p2b: Vespiquen|Roost|p2b: Vespiquen\n|-heal|p2b: Vespiquen|233/302\n|-singleturn|p2b: Vespiquen|move: Roost\n|\n|-heal|p2a: Sylveon|171/280|[from] item: Leftovers\n|-heal|p2b: Vespiquen|251/302|[from] item: Leftovers\n|-damage|p1a: Chesnaught|274/292 tox|[from] psn\n|upkeep\n|turn|14\n|\n|t:|1771076321\n|move|p2a: Sylveon|Protect|p2a: Sylveon\n|-singleturn|p2a: Sylveon|Protect\n|move|p1a: Chesnaught|Leech Seed|p2b: Vespiquen\n|-start|p2b: Vespiquen|move: Leech Seed\n|move|p2b: Vespiquen|Pollen Puff|p1a: Chesnaught\n|-immune|p1a: Chesnaught|[from] ability: Bulletproof\n|\n|-heal|p1a: Chesnaught|292/292 tox|[from] item: Leftovers\n|-heal|p2a: Sylveon|188/280|[from] item: Leftovers\n|-heal|p2b: Vespiquen|269/302|[from] item: Leftovers\n|-damage|p2b: Vespiquen|232/302|[from] Leech Seed|[of] p1a: Chesnaught\n|-damage|p1a: Chesnaught|256/292 tox|[from] psn\n|upkeep\n|turn|15\n|\n|t:|1771076334\n|move|p1a: Chesnaught|Body Press|p2a: Sylveon\n|-resisted|p2a: Sylveon\n|-end|p2a: Sylveon|Substitute\n|move|p2a: Sylveon|Hyper Voice|p1a: Chesnaught\n|-supereffective|p1a: Chesnaught\n|-damage|p1a: Chesnaught|0 fnt\n|faint|p1a: Chesnaught\n|\n|win|pixel_dragon9\n|raw|vgc-mia's rating: 1793 &rarr; <strong>1767</strong><br />(-26 for losing)\n|raw|pixel_dragon9's rating: 1687 &rarr; <strong>1713</strong><br />(+26 for winning)\n", "inputlog": ">version ccdc32dd7cde25fd9e4bed64820e885f66e78a4e\n>start {\"formatid\":\"gen9randomdoublesbattle\",\"seed\":\"sodium,ad337dbd242db37129d228905f157736\",\"rated\":\"Rated battle\"}\n>player p1 {\"name\":\"vgc-mia\",\"avatar\":\"sabrina\",\"rating\":1793,\"seed\":\"sodium,9a5445bf446c7490de1e5770ad5ed65d\"}\n>player p2 {\"name\":\"pixel_dragon9\",\"avatar\":\"266\",\"rating\":1687,\"seed\":\"sodium,34f18a440e913f336815ee9e5e56086a\"}\n>p1 switch 6, move irondefense\n>p2 move ivycudgel +1, switch 3\n>p1 move crunch +2, move spikyshield\n>p2 move followme, move quiverdance\n>p1 move bodypress +1, switch 5\n>p2 move followme, move airslash +2\n>p2 switch 4, pass\n>p1 switch 4, move iciclespear +2 terastallize\n>p2 move hypervoice, move protect\n>p1 move dragondance, move iciclespear +2\n>p2 move hypervoice, move revelationdance +2\n>p1 pass, switch 6\n>p1 move protect, move hypervoice\n>p2 move hypervoice, move protect\n>p1 switch 3, move hypervoice\n>p2 move substitute, move revelationdance +1\n>p2 pass, switch 5\n>p1 move tailwind, move hypervoice\n>p2 move calmmind, move scald +1\n>p1 move dracometeor +2, move hypervoice\n>p2 move calmmind, move scald +2\n>p2 pass, switch 6\n>p1 move heatwave, move hypervoice\n>p2 move hypervoice, move pollenpuff -1\n>p1 switch 3, pass\n>p1 move protect, move calmmind\n>p2 move hypervoice, move toxicspikes\n>p1 move waterfall +2, move hypervoice\n>p2 move hypervoice, move toxicspikes\n>p1 switch 5, switch 4\n>p1 move spikyshield, move crunch +2\n>p2 move hypervoice, move roost\n>p1 move leechseed +2, pass\n>p2 move protect, move pollenpuff +1\n>p1 move bodypress +1, pass\n>p2 move hypervoice, move pollenpuff -1", "uploadtime": 1771076339, "views": 72, "formatid": "gen9randomdoublesbattle", "rating": 1713, "private": 0, "password": null}