{"id": "gen9randomdoublesbattle-2540272448", "format": "[Gen 9] Random Doubles Battle", "players": ["mashing a", "Kumar1220"], "log": "|j|☆mashing a\n|j|☆Kumar1220\n|t:|1771183198\n|gametype|doubles\n|player|p1|mashing a|1|1696\n|player|p2|Kumar1220|dawn|1893\n|gen|9\n|tier|[Gen 9] Random Doubles Battle\n|rated|\n|rule|Species Clause: Limit one of each Pokémon\n|rule|HP Percentage Mod: HP is shown in percentages\n|rule|Illusion Level Mod: Illusion disguises the Pokémon's true level\n|rule|Sleep Clause Mod: Limit one foe put to sleep\n|\n|t:|1771183198\n|teamsize|p1|6\n|teamsize|p2|6\n|start\n|switch|p1a: Comfey|Comfey, L88, F|233/233\n|switch|p1b: Decidueye|Decidueye-Hisui, L85, M|288/288\n|switch|p2a: Gothitelle|Gothitelle, L90, M|272/272\n|switch|p2b: Spiritomb|Spiritomb, L89, M|234/234\n|turn|1\n|inactive|Battle timer is ON: inactive players will automatically lose when time's up. (requested by mashing a)\n|inactive|mashing a has 120 seconds left.\n|inactive|Kumar1220 has 120 seconds left.\n|\n|t:|1771183251\n|move|p1b: Decidueye|Protect|p1b: Decidueye\n|-singleturn|p1b: Decidueye|Protect\n|move|p1a: Comfey|Draining Kiss|p2a: Gothitelle\n|-damage|p2a: Gothitelle|235/272\n|move|p2a: Gothitelle|Fake Out|p1b: Decidueye\n|-activate|p1b: Decidueye|move: Protect\n|move|p2b: Spiritomb|Will-O-Wisp|p1b: Decidueye\n|-activate|p1b: Decidueye|move: Protect\n|\n|upkeep\n|turn|2\n|\n|t:|1771183275\n|move|p1a: Comfey|Draining Kiss|p2b: Spiritomb\n|-supereffective|p2b: Spiritomb\n|-damage|p2b: Spiritomb|150/234\n|move|p1b: Decidueye|Triple Arrows|p2b: Spiritomb\n|-supereffective|p2b: Spiritomb\n|-damage|p2b: Spiritomb|0 fnt\n|faint|p2b: Spiritomb\n|move|p2a: Gothitelle|Trick Room|p2a: Gothitelle\n|-fieldstart|move: Trick Room|[of] p2a: Gothitelle\n|\n|upkeep\n|\n|t:|1771183284\n|switch|p2b: Toucannon|Toucannon, L87, F|281/281\n|turn|3\n|\n|t:|1771183295\n|move|p1b: Decidueye|Protect|p1b: Decidueye\n|-singleturn|p1b: Decidueye|Protect\n|move|p1a: Comfey|Draining Kiss|p2a: Gothitelle\n|-damage|p2a: Gothitelle|193/272\n|move|p2a: Gothitelle|Psychic|p1a: Comfey\n|-damage|p1a: Comfey|151/233\n|move|p2b: Toucannon|Brave Bird|p1a: Comfey\n|-damage|p1a: Comfey|0 fnt\n|faint|p1a: Comfey\n|-damage|p2b: Toucannon|231/281|[from] Recoil\n|-damage|p2b: Toucannon|203/281|[from] item: Life Orb\n|\n|upkeep\n|\n|t:|1771183319\n|switch|p1a: Torkoal|Torkoal, L86, F|261/261\n|-weather|SunnyDay|[from] ability: Drought|[of] p1a: Torkoal\n|turn|4\n|\n|t:|1771183344\n|-terastallize|p1b: Decidueye|Steel\n|move|p1a: Torkoal|Heat Wave|p2a: Gothitelle|[spread] p2a,p2b\n|-damage|p2a: Gothitelle|105/272\n|-damage|p2b: Toucannon|85/281\n|-enditem|p2a: Gothitelle|Sitrus Berry|[eat]\n|-heal|p2a: Gothitelle|173/272|[from] item: Sitrus Berry\n|move|p2a: Gothitelle|Psychic|p1a: Torkoal\n|-damage|p1a: Torkoal|144/261\n|move|p1b: Decidueye|Leaf Blade|p2a: Gothitelle\n|-damage|p2a: Gothitelle|71/272\n|move|p2b: Toucannon|Brave Bird|p1b: Decidueye\n|-resisted|p1b: Decidueye\n|-damage|p1b: Decidueye|184/288\n|-damage|p2b: Toucannon|51/281|[from] Recoil\n|-damage|p2b: Toucannon|23/281|[from] item: Life Orb\n|\n|-weather|SunnyDay|[upkeep]\n|upkeep\n|turn|5\n|\n|t:|1771183366\n|move|p1b: Decidueye|Protect|p1b: Decidueye\n|-singleturn|p1b: Decidueye|Protect\n|move|p2b: Toucannon|Protect|p2b: Toucannon\n|-singleturn|p2b: Toucannon|Protect\n|move|p1a: Torkoal|Heat Wave|p2a: Gothitelle|[spread] p2a\n|-activate|p2b: Toucannon|move: Protect\n|-damage|p2a: Gothitelle|0 fnt\n|faint|p2a: Gothitelle\n|\n|-weather|SunnyDay|[upkeep]\n|upkeep\n|inactive|Kumar1220 has 120 seconds left.\n|\n|t:|1771183402\n|switch|p2a: Phione|Phione, L90|290/290\n|turn|6\n|\n|t:|1771183407\n|move|p2b: Toucannon|Protect|p2b: Toucannon\n|-singleturn|p2b: Toucannon|Protect\n|move|p2a: Phione|Protect|p2a: Phione\n|-singleturn|p2a: Phione|Protect\n|move|p1a: Torkoal|Heat Wave|p2a: Phione|[spread] \n|-activate|p2a: Phione|move: Protect\n|-activate|p2b: Toucannon|move: Protect\n|move|p1b: Decidueye|Tailwind|p1b: Decidueye\n|-sidestart|p1: mashing a|move: Tailwind\n|\n|-weather|SunnyDay|[upkeep]\n|-fieldend|move: Trick Room\n|upkeep\n|turn|7\n|\n|t:|1771183426\n|move|p1b: Decidueye|Leaf Blade|p2a: Phione\n|-supereffective|p2a: Phione\n|-damage|p2a: Phione|62/290\n|move|p2a: Phione|Take Heart|p2a: Phione\n|-boost|p2a: Phione|spa|1\n|-boost|p2a: Phione|spd|1\n|move|p1a: Torkoal|Heat Wave|p2a: Phione|[spread] p2a,p2b\n|-resisted|p2a: Phione\n|-damage|p2a: Phione|24/290\n|-damage|p2b: Toucannon|0 fnt\n|faint|p2b: Toucannon\n|\n|-weather|SunnyDay|[upkeep]\n|-heal|p2a: Phione|42/290|[from] item: Leftovers\n|upkeep\n|inactive|Kumar1220 has 120 seconds left.\n|\n|t:|1771183458\n|switch|p2b: Jolteon|Jolteon, L85, M|249/249\n|turn|8\n|\n|t:|1771183471\n|switch|p2b: Persian|Persian-Alola, L88, F|258/258\n|switch|p1a: Krookodile|Krookodile, L80, M|283/283\n|-ability|p1a: Krookodile|Intimidate|boost\n|-unboost|p2a: Phione|atk|1\n|-unboost|p2b: Persian|atk|1\n|move|p2a: Phione|Protect|p2a: Phione\n|-singleturn|p2a: Phione|Protect\n|move|p1b: Decidueye|Triple Arrows|p2b: Persian\n|-supereffective|p2b: Persian\n|-crit|p2b: Persian\n|-damage|p2b: Persian|66/258\n|-enditem|p2b: Persian|Sitrus Berry|[eat]\n|-heal|p2b: Persian|130/258|[from] item: Sitrus Berry\n|\n|-weather|none\n|-heal|p2a: Phione|60/290|[from] item: Leftovers\n|upkeep\n|turn|9\n|\n|t:|1771183488\n|move|p2b: Persian|Fake Out|p1b: Decidueye\n|-resisted|p1b: Decidueye\n|-damage|p1b: Decidueye|176/288\n|move|p1a: Krookodile|Rock Slide|p2b: Persian|[spread] p2a,p2b\n|-damage|p2a: Phione|21/290\n|-damage|p2b: Persian|104/258\n|cant|p1b: Decidueye|flinch\n|move|p2a: Phione|Scald|p1a: Krookodile\n|-supereffective|p1a: Krookodile\n|-damage|p1a: Krookodile|0 fnt\n|faint|p1a: Krookodile\n|\n|-heal|p2a: Phione|39/290|[from] item: Leftovers\n|-sideend|p1: mashing a|move: Tailwind\n|upkeep\n|\n|t:|1771183498\n|switch|p1a: Torkoal|Torkoal, L86, F|144/261\n|-weather|SunnyDay|[from] ability: Drought|[of] p1a: Torkoal\n|turn|10\n|\n|t:|1771183505\n|move|p2b: Persian|Foul Play|p1b: Decidueye\n|-damage|p1b: Decidueye|53/288\n|-enditem|p1b: Decidueye|Sitrus Berry|[eat]\n|-heal|p1b: Decidueye|125/288|[from] item: Sitrus Berry\n|move|p2a: Phione|Scald|p1b: Decidueye\n|-damage|p1b: Decidueye|67/288\n|-status|p1b: Decidueye|brn\n|move|p1b: Decidueye|Tailwind|p1b: Decidueye\n|-sidestart|p1: mashing a|move: Tailwind\n|move|p1a: Torkoal|Heat Wave|p2b: Persian|[spread] p2b\n|-miss|p1a: Torkoal|p2a: Phione\n|-damage|p2b: Persian|0 fnt\n|faint|p2b: Persian\n|\n|-weather|SunnyDay|[upkeep]\n|-heal|p2a: Phione|57/290|[from] item: Leftovers\n|-damage|p1b: Decidueye|49/288 brn|[from] brn\n|upkeep\n|\n|t:|1771183510\n|switch|p2b: Jolteon|Jolteon, L85, M|249/249\n|turn|11\n|\n|t:|1771183525\n|move|p1b: Decidueye|Triple Arrows|p2b: Jolteon\n|-damage|p2b: Jolteon|181/249\n|move|p2b: Jolteon|Thunderbolt|p1a: Torkoal\n|-damage|p1a: Torkoal|0 fnt\n|faint|p1a: Torkoal\n|-damage|p2b: Jolteon|157/249|[from] item: Life Orb\n|move|p2a: Phione|Take Heart|p2a: Phione\n|-boost|p2a: Phione|spa|1\n|-boost|p2a: Phione|spd|1\n|\n|-weather|SunnyDay|[upkeep]\n|-heal|p2a: Phione|75/290|[from] item: Leftovers\n|-damage|p1b: Decidueye|31/288 brn|[from] brn\n|upkeep\n|\n|t:|1771183533\n|switch|p1a: Volcarona|Volcarona, L78, F|261/261\n|turn|12\n|\n|t:|1771183547\n|move|p2a: Phione|Protect|p2a: Phione\n|-singleturn|p2a: Phione|Protect\n|move|p1a: Volcarona|Heat Wave|p2a: Phione|[spread] \n|-activate|p2a: Phione|move: Protect\n|-miss|p1a: Volcarona|p2b: Jolteon\n|move|p1b: Decidueye|Leaf Blade|p2a: Phione\n|-activate|p2a: Phione|move: Protect\n|move|p2b: Jolteon|Thunderbolt|p1b: Decidueye\n|-damage|p1b: Decidueye|0 fnt\n|faint|p1b: Decidueye\n|-damage|p2b: Jolteon|133/249|[from] item: Life Orb\n|\n|-weather|SunnyDay|[upkeep]\n|-heal|p2a: Phione|93/290|[from] item: Leftovers\n|upkeep\n|\n|t:|1771183549\n|switch|p1b: Urshifu|Urshifu-Rapid-Strike, L75, M|274/274\n|turn|13\n|inactive|mashing a has 120 seconds left.\n|\n|t:|1771183588\n|-terastallize|p2b: Jolteon|Fairy\n|move|p2b: Jolteon|Protect|p2b: Jolteon\n|-singleturn|p2b: Jolteon|Protect\n|move|p1a: Volcarona|Bug Buzz|p2b: Jolteon\n|-activate|p2b: Jolteon|move: Protect\n|move|p1b: Urshifu|Close Combat|p2a: Phione\n|-damage|p2a: Phione|0 fnt\n|-unboost|p1b: Urshifu|def|1\n|-unboost|p1b: Urshifu|spd|1\n|faint|p2a: Phione\n|\n|-weather|SunnyDay|[upkeep]\n|-sideend|p1: mashing a|move: Tailwind\n|upkeep\n|turn|14\n|\n|t:|1771183617\n|move|p2b: Jolteon|Thunderbolt|p1b: Urshifu\n|-supereffective|p1b: Urshifu\n|-damage|p1b: Urshifu|0 fnt\n|faint|p1b: Urshifu\n|-damage|p2b: Jolteon|109/249|[from] item: Life Orb\n|move|p1a: Volcarona|Quiver Dance|p1a: Volcarona\n|-boost|p1a: Volcarona|spa|1\n|-boost|p1a: Volcarona|spd|1\n|-boost|p1a: Volcarona|spe|1\n|\n|-weather|none\n|upkeep\n|turn|15\n|\n|t:|1771183623\n|move|p1a: Volcarona|Heat Wave|p2b: Jolteon\n|-damage|p2b: Jolteon|0 fnt\n|faint|p2b: Jolteon\n|\n|win|mashing a\n|raw|mashing a's rating: 1696 &rarr; <strong>1725</strong><br />(+29 for winning)\n|raw|Kumar1220's rating: 1869 &rarr; <strong>1840</strong><br />(-29 for losing)\n|l|☆Kumar1220\n|player|p2|\n", "inputlog": ">version 686819e5e19f8a7fd2345cfc5a08a5085efa2cc3\n>start {\"formatid\":\"gen9randomdoublesbattle\",\"seed\":\"sodium,e6cbc7b8ea6c0d976679396f78a348f4\",\"rated\":\"Rated battle\"}\n>player p1 {\"name\":\"mashing a\",\"avatar\":\"1\",\"rating\":1696,\"seed\":\"sodium,011fce3cdd29afcdf18f34fd259d2d45\"}\n>player p2 {\"name\":\"Kumar1220\",\"avatar\":\"dawn\",\"rating\":1893,\"seed\":\"sodium,9711c2c45cb4e0fcfffa8071647efd7e\"}\n>p1 move drainingkiss +1, move protect\n>p2 move fakeout +2, move willowisp +2\n>p1 move drainingkiss +2, move triplearrows +2\n>p2 move trickroom, move willowisp +2\n>p2 pass, switch 6\n>p1 move drainingkiss +1, move protect\n>p2 move psychic +1, move bravebird +1\n>p1 switch 6, pass\n>p1 move heatwave, move leafblade +1 terastallize\n>p2 move psychic +1, move bravebird +2\n>p1 move heatwave, move protect\n>p2 move psychic +1, move protect\n>p2 switch 4, pass\n>p1 move heatwave, move tailwind\n>p2 move protect, move protect\n>p1 move heatwave, move leafblade +1\n>p2 move takeheart, move tailwind\n>p2 pass, switch 5\n>p1 switch 5, move triplearrows +2\n>p2 move protect, switch 3\n>p1 move rockslide, move leafblade +1\n>p2 move scald +1, move fakeout +2\n>p1 switch 5, pass\n>p1 move heatwave, move tailwind\n>p2 move scald +2, move foulplay +2\n>p2 pass, switch 3\n>p1 move heatwave, move triplearrows +2\n>p2 move takeheart, move thunderbolt +1\n>p1 switch 4, pass\n>p1 move heatwave, move leafblade +1\n>p2 move protect, move thunderbolt +2\n>p1 pass, switch 3\n>p1 move bugbuzz +2, move closecombat +1\n>p2 move scald +1, move protect terastallize\n>p1 move quiverdance, move closecombat +2\n>p2 pass, move thunderbolt +2\n>p1 move heatwave, pass\n>p2 pass, move thunderbolt +1", "uploadtime": 1771183626, "views": 52, "formatid": "gen9randomdoublesbattle", "rating": 1725, "private": 0, "password": null}