{"id": "gen9randomdoublesbattle-2540057611", "format": "[Gen 9] Random Doubles Battle", "players": ["baseballlover", "clail"], "log": "|j|☆baseballlover\n|j|☆clail\n|t:|1771154015\n|gametype|doubles\n|player|p1|baseballlover|2|1632\n|player|p2|clail|2|1699\n|gen|9\n|tier|[Gen 9] Random Doubles Battle\n|rated|\n|rule|Species Clause: Limit one of each Pokémon\n|rule|HP Percentage Mod: HP is shown in percentages\n|rule|Illusion Level Mod: Illusion disguises the Pokémon's true level\n|rule|Sleep Clause Mod: Limit one foe put to sleep\n|\n|t:|1771154015\n|teamsize|p1|6\n|teamsize|p2|6\n|start\n|switch|p1a: Tornadus|Tornadus-Therian, L77, M|248/248\n|switch|p1b: Empoleon|Empoleon, L83, F|275/275\n|switch|p2a: Chimecho|Chimecho, L94, M|293/293\n|switch|p2b: Klawf|Klawf, L91, F|275/275\n|turn|1\n|inactive|Battle timer is ON: inactive players will automatically lose when time's up. (requested by baseballlover)\n|inactive|baseballlover has 120 seconds left.\n|\n|t:|1771154048\n|move|p2a: Chimecho|Helping Hand|p2b: Klawf\n|-singleturn|p2b: Klawf|Helping Hand|[of] p2a: Chimecho\n|move|p1a: Tornadus|U-turn|p2a: Chimecho\n|-supereffective|p2a: Chimecho\n|-damage|p2a: Chimecho|217/293\n|\n|t:|1771154056\n|switch|p1a: Garganacl|Garganacl, L81, M|295/295|[from] U-turn\n|move|p2b: Klawf|Rock Slide|p1a: Garganacl|[spread] p1a,p1b\n|-resisted|p1b: Empoleon\n|-damage|p1a: Garganacl|194/295\n|-damage|p1b: Empoleon|209/275\n|-damage|p2b: Klawf|248/275|[from] item: Life Orb\n|move|p1b: Empoleon|Flash Cannon|p2b: Klawf\n|-supereffective|p2b: Klawf\n|-damage|p2b: Klawf|0 fnt\n|faint|p2b: Klawf\n|\n|-heal|p1a: Garganacl|212/295|[from] item: Leftovers\n|upkeep\n|\n|t:|1771154071\n|switch|p2b: Ting-Lu|Ting-Lu, L82|388/388\n|-ability|p2b: Ting-Lu|Vessel of Ruin\n|turn|2\n|\n|t:|1771154081\n|move|p2a: Chimecho|Helping Hand|p2b: Ting-Lu\n|-singleturn|p2b: Ting-Lu|Helping Hand|[of] p2a: Chimecho\n|move|p1b: Empoleon|Hydro Pump|p2b: Ting-Lu\n|-supereffective|p2b: Ting-Lu\n|-damage|p2b: Ting-Lu|160/388\n|-enditem|p2b: Ting-Lu|Sitrus Berry|[eat]\n|-heal|p2b: Ting-Lu|257/388|[from] item: Sitrus Berry\n|move|p2b: Ting-Lu|Stomping Tantrum|p1b: Empoleon\n|-supereffective|p1b: Empoleon\n|-damage|p1b: Empoleon|0 fnt\n|faint|p1b: Empoleon\n|move|p1a: Garganacl|Stealth Rock|p2a: Chimecho\n|-sidestart|p2: clail|move: Stealth Rock\n|\n|-heal|p1a: Garganacl|230/295|[from] item: Leftovers\n|upkeep\n|\n|t:|1771154098\n|switch|p1b: Tornadus|Tornadus-Therian, L77, M|248/248\n|turn|3\n|\n|t:|1771154110\n|move|p1b: Tornadus|Grass Knot|p2b: Ting-Lu\n|-supereffective|p2b: Ting-Lu\n|-damage|p2b: Ting-Lu|77/388\n|move|p2a: Chimecho|Icy Wind|p1a: Garganacl|[spread] p1a,p1b\n|-supereffective|p1b: Tornadus\n|-damage|p1a: Garganacl|205/295\n|-damage|p1b: Tornadus|188/248\n|-unboost|p1a: Garganacl|spe|1\n|-unboost|p1b: Tornadus|spe|1\n|move|p2b: Ting-Lu|Stomping Tantrum|p1a: Garganacl\n|-supereffective|p1a: Garganacl\n|-damage|p1a: Garganacl|67/295\n|move|p1a: Garganacl|Salt Cure|p2a: Chimecho\n|-crit|p2a: Chimecho\n|-damage|p2a: Chimecho|157/293\n|-start|p2a: Chimecho|Salt Cure\n|\n|-heal|p1a: Garganacl|85/295|[from] item: Leftovers\n|-damage|p2a: Chimecho|121/293|[from] Salt Cure\n|upkeep\n|-enditem|p2a: Chimecho|Sitrus Berry|[eat]\n|-heal|p2a: Chimecho|194/293|[from] item: Sitrus Berry\n|turn|4\n|\n|t:|1771154138\n|move|p2a: Chimecho|Icy Wind|p1a: Garganacl|[spread] p1a,p1b\n|-supereffective|p1b: Tornadus\n|-damage|p1a: Garganacl|57/295\n|-damage|p1b: Tornadus|132/248\n|-unboost|p1a: Garganacl|spe|1\n|-unboost|p1b: Tornadus|spe|1\n|move|p2b: Ting-Lu|Stomping Tantrum|p1a: Garganacl\n|-supereffective|p1a: Garganacl\n|-damage|p1a: Garganacl|0 fnt\n|faint|p1a: Garganacl\n|move|p1b: Tornadus|Grass Knot|p2b: Ting-Lu\n|-supereffective|p2b: Ting-Lu\n|-damage|p2b: Ting-Lu|0 fnt\n|faint|p2b: Ting-Lu\n|\n|-damage|p2a: Chimecho|158/293|[from] Salt Cure\n|upkeep\n|inactive|clail has 120 seconds left.\n|\n|t:|1771154159\n|switch|p2b: Wo-Chien|Wo-Chien, L85|283/283\n|switch|p1a: Dusknoir|Dusknoir, L89, F|225/225\n|-damage|p2b: Wo-Chien|248/283|[from] Stealth Rock\n|-ability|p2b: Wo-Chien|Tablets of Ruin\n|-item|p2b: Wo-Chien|Sitrus Berry|[from] ability: Frisk|[of] p1a: Dusknoir\n|turn|5\n|\n|t:|1771154179\n|switch|p1b: Iron Jugulis|Iron Jugulis, L79|278/278\n|-enditem|p1b: Iron Jugulis|Booster Energy\n|-activate|p1b: Iron Jugulis|ability: Quark Drive|[fromitem]\n|-start|p1b: Iron Jugulis|quarkdrivespa\n|move|p2a: Chimecho|Psychic|p1b: Iron Jugulis\n|-immune|p1b: Iron Jugulis\n|move|p2b: Wo-Chien|Knock Off|p1b: Iron Jugulis\n|-resisted|p1b: Iron Jugulis\n|-damage|p1b: Iron Jugulis|245/278\n|move|p1a: Dusknoir|Leech Life|p2b: Wo-Chien\n|-supereffective|p2b: Wo-Chien\n|-damage|p2b: Wo-Chien|4/283\n|-enditem|p2b: Wo-Chien|Sitrus Berry|[eat]\n|-heal|p2b: Wo-Chien|74/283|[from] item: Sitrus Berry\n|-damage|p1a: Dusknoir|203/225|[from] item: Life Orb\n|\n|-damage|p2a: Chimecho|122/293|[from] Salt Cure\n|upkeep\n|turn|6\n|-message|clail forfeited.\n|\n|win|baseballlover\n|raw|baseballlover's rating: 1632 &rarr; <strong>1656</strong><br />(+24 for winning)\n|raw|clail's rating: 1699 &rarr; <strong>1675</strong><br />(-24 for losing)\n", "inputlog": ">version 686819e5e19f8a7fd2345cfc5a08a5085efa2cc3\n>start {\"formatid\":\"gen9randomdoublesbattle\",\"seed\":\"sodium,532aa52fd8a9e744317ea1c5f17944d3\",\"rated\":\"Rated battle\"}\n>player p1 {\"name\":\"baseballlover\",\"avatar\":\"2\",\"rating\":1632,\"seed\":\"sodium,b6e782dfb0c6525e86688a8901d8b726\"}\n>player p2 {\"name\":\"clail\",\"avatar\":\"2\",\"rating\":1699,\"seed\":\"sodium,a800e23c1de5eb9093f0160e761504b3\"}\n>p1 move uturn +1, move flashcannon +2\n>p2 move helpinghand -2, move rockslide\n>p1 switch 6, pass\n>p2 pass, switch 3\n>p1 move stealthrock, move hydropump +2\n>p2 move helpinghand -2, move stompingtantrum +2\n>p1 pass, switch 6\n>p1 move saltcure +1, move grassknot +2\n>p2 move icywind, move stompingtantrum +1\n>p1 move recover, move grassknot +2\n>p2 move icywind, move stompingtantrum +1\n>p1 switch 5, pass\n>p2 pass, switch 5\n>p1 move leechlife +2, switch 4\n>p2 move psychic +2, move knockoff +2\n>forcelose p2", "uploadtime": 1771154184, "views": 67, "formatid": "gen9randomdoublesbattle", "rating": 1656, "private": 0, "password": null}