{"id": "gen9randomdoublesbattle-2536381574", "format": "[Gen 9] Random Doubles Battle", "players": ["tristanfb", "improvguy"], "log": "|j|☆tristanfb\n|j|☆improvguy\n|t:|1770681170\n|gametype|doubles\n|player|p1|tristanfb|169|1963\n|player|p2|improvguy|cameraman|1855\n|gen|9\n|tier|[Gen 9] Random Doubles Battle\n|rated|\n|rule|Species Clause: Limit one of each Pokémon\n|rule|HP Percentage Mod: HP is shown in percentages\n|rule|Illusion Level Mod: Illusion disguises the Pokémon's true level\n|rule|Sleep Clause Mod: Limit one foe put to sleep\n|\n|t:|1770681170\n|teamsize|p1|6\n|teamsize|p2|6\n|start\n|switch|p1a: Bellibolt|Bellibolt, L81, M|309/309\n|switch|p1b: Empoleon|Empoleon, L83, F|275/275\n|switch|p2a: Volbeat|Volbeat, L82, M|241/241\n|switch|p2b: Landorus|Landorus-Therian, L77, M|264/264\n|-ability|p2b: Landorus|Intimidate|boost\n|-unboost|p1a: Bellibolt|atk|1\n|-unboost|p1b: Empoleon|atk|1\n|-ability|p1b: Empoleon|Competitive|boost\n|-boost|p1b: Empoleon|spa|2\n|turn|1\n|\n|t:|1770681197\n|switch|p1a: Garchomp|Garchomp, L77, M|293/293\n|-terastallize|p1b: Empoleon|Flying\n|move|p2a: Volbeat|Thunder Wave|p1b: Empoleon|[miss]\n|-miss|p2a: Volbeat|p1b: Empoleon\n|move|p2b: Landorus|U-turn|p1b: Empoleon\n|-resisted|p1b: Empoleon\n|-damage|p1b: Empoleon|247/275\n|\n|t:|1770681208\n|switch|p2b: Greninja|Greninja, L83, M|255/255|[from] U-turn\n|move|p1b: Empoleon|Icy Wind|p2b: Greninja|[spread] p2a,p2b\n|-resisted|p2b: Greninja\n|-damage|p2a: Volbeat|175/241\n|-damage|p2b: Greninja|217/255\n|-unboost|p2a: Volbeat|spe|1\n|-unboost|p2b: Greninja|spe|1\n|\n|upkeep\n|turn|2\n|c|☆improvguy|the 10% always fucking gets me\n|\n|t:|1770681229\n|move|p1a: Garchomp|Protect|p1a: Garchomp\n|-singleturn|p1a: Garchomp|Protect\n|move|p2a: Volbeat|Tailwind|p2a: Volbeat\n|-sidestart|p2: improvguy|move: Tailwind\n|move|p2b: Greninja|Hydro Pump|p1b: Empoleon\n|-damage|p1b: Empoleon|98/275\n|-enditem|p1b: Empoleon|Sitrus Berry|[eat]\n|-heal|p1b: Empoleon|166/275|[from] item: Sitrus Berry\n|-damage|p2b: Greninja|192/255|[from] item: Life Orb\n|move|p1b: Empoleon|Flash Cannon|p2b: Greninja\n|-resisted|p2b: Greninja\n|-damage|p2b: Greninja|90/255\n|-unboost|p2b: Greninja|spd|1\n|\n|upkeep\n|turn|3\n|\n|t:|1770681253\n|switch|p1a: Bellibolt|Bellibolt, L81, M|309/309\n|move|p2a: Volbeat|Encore||[still]\n|-fail|p2a: Volbeat\n|move|p2b: Greninja|Hydro Pump|p1b: Empoleon\n|-damage|p1b: Empoleon|26/275\n|-damage|p2b: Greninja|65/255|[from] item: Life Orb\n|move|p1b: Empoleon|Icy Wind|p2b: Greninja|[spread] p2a,p2b\n|-resisted|p2b: Greninja\n|-damage|p2a: Volbeat|105/241\n|-damage|p2b: Greninja|11/255\n|-unboost|p2a: Volbeat|spe|1\n|-unboost|p2b: Greninja|spe|1\n|-enditem|p2a: Volbeat|Sitrus Berry|[eat]\n|-heal|p2a: Volbeat|165/241|[from] item: Sitrus Berry\n|\n|upkeep\n|turn|4\n|\n|t:|1770681270\n|move|p2b: Greninja|Hydro Pump|p1a: Bellibolt\n|-damage|p1a: Bellibolt|128/309\n|-start|p1a: Bellibolt|Charge|Hydro Pump|[from] ability: Electromorphosis\n|-enditem|p1a: Bellibolt|Sitrus Berry|[eat]\n|-heal|p1a: Bellibolt|205/309|[from] item: Sitrus Berry\n|-damage|p2b: Greninja|0 fnt|[from] item: Life Orb\n|faint|p2b: Greninja\n|move|p2a: Volbeat|Lunge|p1a: Bellibolt\n|-damage|p1a: Bellibolt|141/309\n|-unboost|p1a: Bellibolt|atk|1\n|-start|p1a: Bellibolt|Charge|Lunge|[from] ability: Electromorphosis\n|move|p1b: Empoleon|Icy Wind|p2a: Volbeat\n|-damage|p2a: Volbeat|82/241\n|-unboost|p2a: Volbeat|spe|1\n|move|p1a: Bellibolt|Muddy Water|p2a: Volbeat\n|-damage|p2a: Volbeat|19/241\n|-unboost|p2a: Volbeat|accuracy|1\n|\n|upkeep\n|\n|t:|1770681278\n|switch|p2b: Landorus|Landorus-Therian, L77, M|264/264\n|-ability|p2b: Landorus|Intimidate|boost\n|-unboost|p1a: Bellibolt|atk|1\n|-unboost|p1b: Empoleon|atk|1\n|-ability|p1b: Empoleon|Competitive|boost\n|-boost|p1b: Empoleon|spa|2\n|turn|5\n|\n|t:|1770681287\n|move|p2b: Landorus|U-turn|p1b: Empoleon\n|-resisted|p1b: Empoleon\n|-damage|p1b: Empoleon|0 fnt\n|faint|p1b: Empoleon\n|\n|t:|1770681291\n|switch|p2b: Sawsbuck|Sawsbuck-Winter, L91, M|293/293|[from] U-turn\n|move|p2a: Volbeat|Lunge|p1a: Bellibolt\n|-damage|p1a: Bellibolt|80/309\n|-unboost|p1a: Bellibolt|atk|1\n|-start|p1a: Bellibolt|Charge|Lunge|[from] ability: Electromorphosis\n|move|p1a: Bellibolt|Muddy Water|p2b: Sawsbuck|[spread] p2a\n|-miss|p1a: Bellibolt|p2b: Sawsbuck\n|-damage|p2a: Volbeat|0 fnt\n|faint|p2a: Volbeat\n|\n|-sideend|p2: improvguy|move: Tailwind\n|upkeep\n|\n|t:|1770681310\n|switch|p2a: Enamorus|Enamorus, L79, F|247/247\n|switch|p1b: Porygon-Z|Porygon-Z, L84|280/280\n|turn|6\n|\n|t:|1770681327\n|switch|p1b: Spectrier|Spectrier, L77|281/281\n|move|p2b: Sawsbuck|Horn Leech|p1a: Bellibolt\n|-damage|p1a: Bellibolt|0 fnt\n|faint|p1a: Bellibolt\n|-damage|p2b: Sawsbuck|264/293|[from] item: Life Orb\n|move|p2a: Enamorus|Superpower|p1b: Spectrier\n|-immune|p1b: Spectrier\n|\n|upkeep\n|\n|t:|1770681346\n|switch|p1a: Garchomp|Garchomp, L77, M|293/293\n|turn|7\n|\n|t:|1770681355\n|move|p1b: Spectrier|Shadow Ball|p2a: Enamorus\n|-damage|p2a: Enamorus|107/247\n|-damage|p1b: Spectrier|253/281|[from] item: Life Orb\n|move|p2b: Sawsbuck|Swords Dance|p2b: Sawsbuck\n|-boost|p2b: Sawsbuck|atk|2\n|move|p2a: Enamorus|Tailwind|p2a: Enamorus\n|-sidestart|p2: improvguy|move: Tailwind\n|move|p1a: Garchomp|Scale Shot|p2b: Sawsbuck\n|-damage|p2b: Sawsbuck|231/293\n|-damage|p2b: Sawsbuck|201/293\n|-damage|p2b: Sawsbuck|170/293\n|-damage|p2b: Sawsbuck|140/293\n|-damage|p2b: Sawsbuck|107/293\n|-hitcount|p2b: Sawsbuck|5\n|-unboost|p1a: Garchomp|def|1\n|-boost|p1a: Garchomp|spe|1\n|\n|upkeep\n|turn|8\n|\n|t:|1770681365\n|move|p1a: Garchomp|Protect|p1a: Garchomp\n|-singleturn|p1a: Garchomp|Protect\n|move|p1b: Spectrier|Protect|p1b: Spectrier\n|-singleturn|p1b: Spectrier|Protect\n|move|p2b: Sawsbuck|Horn Leech|p1b: Spectrier\n|-activate|p1b: Spectrier|move: Protect\n|move|p2a: Enamorus|Play Rough|p1a: Garchomp\n|-activate|p1a: Garchomp|move: Protect\n|\n|upkeep\n|turn|9\n|\n|t:|1770681379\n|move|p2b: Sawsbuck|Horn Leech|p1b: Spectrier\n|-damage|p1b: Spectrier|0 fnt\n|-heal|p2b: Sawsbuck|234/293|[from] drain|[of] p1b: Spectrier\n|faint|p1b: Spectrier\n|-damage|p2b: Sawsbuck|205/293|[from] item: Life Orb\n|move|p2a: Enamorus|Play Rough|p1a: Garchomp\n|-supereffective|p1a: Garchomp\n|-damage|p1a: Garchomp|0 fnt\n|-damage|p2a: Enamorus|77/247|[from] ability: Rough Skin|[of] p1a: Garchomp\n|faint|p1a: Garchomp\n|-damage|p2a: Enamorus|53/247|[from] item: Life Orb\n|\n|upkeep\n|\n|t:|1770681385\n|switch|p1b: Porygon-Z|Porygon-Z, L84|280/280\n|switch|p1a: Groudon|Groudon, L69|252/252\n|-weather|SunnyDay|[from] ability: Drought|[of] p1a: Groudon\n|turn|10\n|c|☆tristanfb|gg\n|\n|t:|1770681398\n|move|p2b: Sawsbuck|Horn Leech|p1a: Groudon\n|-supereffective|p1a: Groudon\n|-damage|p1a: Groudon|0 fnt\n|-heal|p2b: Sawsbuck|293/293|[from] drain|[of] p1a: Groudon\n|faint|p1a: Groudon\n|-damage|p2b: Sawsbuck|264/293|[from] item: Life Orb\n|move|p2a: Enamorus|Superpower|p1b: Porygon-Z\n|-supereffective|p1b: Porygon-Z\n|-damage|p1b: Porygon-Z|0 fnt\n|-boost|p2a: Enamorus|atk|1\n|-boost|p2a: Enamorus|def|1\n|faint|p1b: Porygon-Z\n|-damage|p2a: Enamorus|29/247|[from] item: Life Orb\n|\n|win|improvguy\n|raw|tristanfb's rating: 1963 &rarr; <strong>1937</strong><br />(-26 for losing)\n|raw|improvguy's rating: 1855 &rarr; <strong>1881</strong><br />(+26 for winning)\n|c|☆improvguy|gg\n|l|☆tristanfb\n|player|p1|\n", "inputlog": ">version ccdc32dd7cde25fd9e4bed64820e885f66e78a4e\n>start {\"formatid\":\"gen9randomdoublesbattle\",\"seed\":\"sodium,6ef31fe9c2d2d265a105d9dd70ef7f1d\",\"rated\":\"Rated battle\"}\n>player p1 {\"name\":\"tristanfb\",\"avatar\":\"169\",\"rating\":1963,\"seed\":\"sodium,d6898abc0e7a33eef87f64e0ecdf054b\"}\n>player p2 {\"name\":\"improvguy\",\"avatar\":\"cameraman\",\"rating\":1855,\"seed\":\"sodium,652d47dbe14ecdf69363636fcb32633e\"}\n>p1 switch 5, move icywind terastallize\n>p2 move thunderwave +2, move uturn +2\n>p2 pass, switch 4\n>chat ☆improvguy|the 10% always fucking gets me\n>p1 move protect, move flashcannon +2\n>p2 move tailwind, move hydropump +2\n>p1 switch 5, move icywind\n>p2 move encore +1, move hydropump +2\n>p1 move muddywater, move icywind\n>p2 move lunge +1, move hydropump +1\n>p2 pass, switch 4\n>p1 move muddywater, move icywind\n>p2 move lunge +1, move uturn +2\n>p2 pass, switch 5\n>p1 pass, switch 4\n>p2 switch 6, pass\n>p1 move thunderwave +2, switch 6\n>p2 move superpower +2, move hornleech +1\n>p1 switch 5, pass\n>p1 move scaleshot +2, move shadowball +1\n>p2 move tailwind, move swordsdance\n>p1 move protect, move protect\n>p2 move playrough +1, move hornleech +2\n>p1 move scaleshot +2, move shadowball +1\n>p2 move playrough +1, move hornleech +2\n>p1 switch 3, switch 6\n>chat ☆tristanfb|gg\n>p1 move heatcrash +1, move triattack +2\n>p2 move superpower +2, move hornleech +1", "uploadtime": 1770681452, "views": 82, "formatid": "gen9randomdoublesbattle", "rating": 1881, "private": 0, "password": null}