{"id": "gen9randomdoublesbattle-2534226600", "format": "[Gen 9] Random Doubles Battle", "players": ["herodragunov", "lula presidente 13"], "log": "|j|☆herodragunov\n|j|☆lula presidente 13\n|t:|1770399550\n|gametype|doubles\n|player|p1|herodragunov|pokemaniac|1556\n|player|p2|lula presidente 13|wattson|1685\n|gen|9\n|tier|[Gen 9] Random Doubles Battle\n|rated|\n|rule|Species Clause: Limit one of each Pokémon\n|rule|HP Percentage Mod: HP is shown in percentages\n|rule|Illusion Level Mod: Illusion disguises the Pokémon's true level\n|rule|Sleep Clause Mod: Limit one foe put to sleep\n|\n|t:|1770399550\n|teamsize|p1|6\n|teamsize|p2|6\n|start\n|switch|p1a: Pikachu|Pikachu-Kalos, L94, F|218/218\n|switch|p1b: Ceruledge|Ceruledge, L80, F|251/251\n|switch|p2a: Forretress|Forretress, L90, F|281/281\n|switch|p2b: Scream Tail|Scream Tail, L82|323/323\n|turn|1\n|\n|t:|1770399582\n|switch|p2a: Garganacl|Garganacl, L81, F|295/295\n|move|p1a: Pikachu|Fake Out|p2b: Scream Tail\n|-damage|p2b: Scream Tail|282/323\n|cant|p2b: Scream Tail|flinch\n|move|p1b: Ceruledge|Poltergeist|p2b: Scream Tail\n|-activate|p2b: Scream Tail|move: Poltergeist|Sitrus Berry\n|-supereffective|p2b: Scream Tail\n|-damage|p2b: Scream Tail|0 fnt\n|faint|p2b: Scream Tail\n|-end|p2b: Scream Tail|Protosynthesis|[silent]\n|-damage|p1b: Ceruledge|226/251|[from] item: Life Orb\n|\n|upkeep\n|inactive|Battle timer is ON: inactive players will automatically lose when time's up. (requested by herodragunov)\n|\n|t:|1770399615\n|switch|p2b: Baxcalibur|Baxcalibur, L78, F|307/307\n|turn|2\n|\n|t:|1770399641\n|switch|p1b: Incineroar|Incineroar, L78, F|276/276\n|-ability|p1b: Incineroar|Intimidate|boost\n|-unboost|p2a: Garganacl|atk|1\n|-unboost|p2b: Baxcalibur|atk|1\n|move|p1a: Pikachu|Knock Off|p2a: Garganacl\n|-damage|p2a: Garganacl|202/295\n|-enditem|p2a: Garganacl|Leftovers|[from] move: Knock Off|[of] p1a: Pikachu\n|move|p2b: Baxcalibur|High Horsepower|p1a: Pikachu\n|-supereffective|p1a: Pikachu\n|-damage|p1a: Pikachu|0 fnt\n|faint|p1a: Pikachu\n|move|p2a: Garganacl|Salt Cure|p1b: Incineroar\n|-supereffective|p1b: Incineroar\n|-damage|p1b: Incineroar|216/276\n|-start|p1b: Incineroar|Salt Cure\n|\n|-damage|p1b: Incineroar|182/276|[from] Salt Cure\n|upkeep\n|inactive|herodragunov has 120 seconds left.\n|\n|t:|1770399664\n|switch|p1a: Goodra|Goodra, L86, F|295/295\n|turn|3\n|\n|t:|1770399673\n|move|p1b: Incineroar|Fake Out|p2b: Baxcalibur\n|-damage|p2b: Baxcalibur|279/307\n|move|p1a: Goodra|Breaking Swipe|p2a: Garganacl|[spread] p2a,p2b\n|-crit|p2a: Garganacl\n|-supereffective|p2b: Baxcalibur\n|-damage|p2a: Garganacl|138/295\n|-damage|p2b: Baxcalibur|169/307\n|-unboost|p2a: Garganacl|atk|1\n|-unboost|p2b: Baxcalibur|atk|1\n|cant|p2b: Baxcalibur|flinch\n|move|p2a: Garganacl|Salt Cure|p1a: Goodra\n|-damage|p1a: Goodra|270/295\n|-start|p1a: Goodra|Salt Cure\n|\n|-damage|p1a: Goodra|234/295|[from] Salt Cure\n|-damage|p1b: Incineroar|148/276|[from] Salt Cure\n|upkeep\n|turn|4\n|\n|t:|1770399694\n|switch|p2b: Forretress|Forretress, L90, F|281/281\n|move|p1a: Goodra|Power Whip|p2a: Garganacl\n|-supereffective|p2a: Garganacl\n|-damage|p2a: Garganacl|0 fnt\n|faint|p2a: Garganacl\n|move|p1b: Incineroar|Knock Off|p2b: Forretress\n|-damage|p2b: Forretress|211/281\n|-enditem|p2b: Forretress|Leftovers|[from] move: Knock Off|[of] p1b: Incineroar\n|\n|-damage|p1a: Goodra|198/295|[from] Salt Cure\n|-damage|p1b: Incineroar|114/276|[from] Salt Cure\n|upkeep\n|\n|t:|1770399707\n|switch|p2a: Regigigas|Regigigas, L86|329/329\n|-start|p2a: Regigigas|ability: Slow Start\n|turn|5\n|\n|t:|1770399726\n|switch|p2b: Baxcalibur|Baxcalibur, L78, F|169/307\n|-terastallize|p2a: Regigigas|Fairy\n|move|p1a: Goodra|Breaking Swipe|p2a: Regigigas|[spread] p2b\n|-immune|p2a: Regigigas\n|-supereffective|p2b: Baxcalibur\n|-damage|p2b: Baxcalibur|71/307\n|-unboost|p2b: Baxcalibur|atk|1\n|move|p1b: Incineroar|Flare Blitz|p2b: Baxcalibur\n|-damage|p2b: Baxcalibur|0 fnt\n|faint|p2b: Baxcalibur\n|-damage|p1b: Incineroar|91/276|[from] Recoil\n|move|p2a: Regigigas|Substitute|p2a: Regigigas\n|-start|p2a: Regigigas|Substitute\n|-damage|p2a: Regigigas|247/329\n|\n|-heal|p2a: Regigigas|267/329|[from] item: Leftovers\n|-damage|p1a: Goodra|162/295|[from] Salt Cure\n|-damage|p1b: Incineroar|57/276|[from] Salt Cure\n|upkeep\n|inactive|lula presidente 13 has 120 seconds left.\n|\n|t:|1770399751\n|switch|p2b: Iron Crown|Iron Crown, L78|268/268\n|turn|6\n|\n|t:|1770399765\n|move|p2a: Regigigas|Protect|p2a: Regigigas\n|-singleturn|p2a: Regigigas|Protect\n|move|p2b: Iron Crown|Volt Switch|p1b: Incineroar\n|-damage|p1b: Incineroar|0 fnt\n|faint|p1b: Incineroar\n|\n|t:|1770399771\n|-end|p2b: Iron Crown|Quark Drive|[silent]\n|switch|p2b: Forretress|Forretress, L90, F|211/281|[from] Volt Switch\n|move|p1a: Goodra|Sludge Bomb|p2a: Regigigas\n|-activate|p2a: Regigigas|move: Protect\n|\n|-heal|p2a: Regigigas|287/329|[from] item: Leftovers\n|-damage|p1a: Goodra|126/295|[from] Salt Cure\n|upkeep\n|\n|t:|1770399789\n|switch|p1b: Ceruledge|Ceruledge, L80, F|226/251\n|turn|7\n|\n|t:|1770399815\n|move|p1a: Goodra|Sludge Bomb|p2a: Regigigas\n|-supereffective|p2a: Regigigas\n|-end|p2a: Regigigas|Substitute\n|move|p1b: Ceruledge|Bitter Blade|p2b: Forretress\n|-supereffective|p2b: Forretress\n|-damage|p2b: Forretress|0 fnt\n|-heal|p1b: Ceruledge|251/251|[from] drain|[of] p2b: Forretress\n|faint|p2b: Forretress\n|-damage|p1b: Ceruledge|226/251|[from] item: Life Orb\n|move|p2a: Regigigas|Substitute|p2a: Regigigas\n|-start|p2a: Regigigas|Substitute\n|-damage|p2a: Regigigas|205/329\n|\n|-heal|p2a: Regigigas|225/329|[from] item: Leftovers\n|-damage|p1a: Goodra|90/295|[from] Salt Cure\n|upkeep\n|inactive|lula presidente 13 has 120 seconds left.\n|\n|t:|1770399829\n|switch|p2b: Iron Crown|Iron Crown, L78|268/268\n|turn|8\n|\n|t:|1770399840\n|move|p2b: Iron Crown|Psychic|p1b: Ceruledge\n|-damage|p1b: Ceruledge|76/251\n|move|p1a: Goodra|Sludge Bomb|p2a: Regigigas\n|-supereffective|p2a: Regigigas\n|-end|p2a: Regigigas|Substitute\n|move|p1b: Ceruledge|Poltergeist|p2b: Iron Crown\n|-activate|p2b: Iron Crown|move: Poltergeist|Choice Specs\n|-supereffective|p2b: Iron Crown\n|-crit|p2b: Iron Crown\n|-damage|p2b: Iron Crown|0 fnt\n|faint|p2b: Iron Crown\n|-end|p2b: Iron Crown|Quark Drive|[silent]\n|-damage|p1b: Ceruledge|51/251|[from] item: Life Orb\n|move|p2a: Regigigas|Knock Off|p1b: Ceruledge\n|-supereffective|p1b: Ceruledge\n|-damage|p1b: Ceruledge|0 fnt\n|-enditem|p1b: Ceruledge|Life Orb|[from] move: Knock Off|[of] p2a: Regigigas\n|faint|p1b: Ceruledge\n|\n|-heal|p2a: Regigigas|245/329|[from] item: Leftovers\n|-damage|p1a: Goodra|54/295|[from] Salt Cure\n|upkeep\n|\n|t:|1770399863\n|switch|p1b: Tropius|Tropius, L94, M|339/339\n|turn|9\n|\n|t:|1770399869\n|switch|p1a: Decidueye|Decidueye-Hisui, L85, M|288/288\n|move|p2a: Regigigas|Protect|p2a: Regigigas\n|-singleturn|p2a: Regigigas|Protect\n|move|p1b: Tropius|Tailwind|p1b: Tropius\n|-sidestart|p1: herodragunov|move: Tailwind\n|\n|-heal|p2a: Regigigas|265/329|[from] item: Leftovers\n|-end|p2a: Regigigas|Slow Start\n|upkeep\n|turn|10\n|c|☆herodragunov|Gg fam\n|\n|t:|1770399889\n|move|p1a: Decidueye|Knock Off|p2a: Regigigas\n|-resisted|p2a: Regigigas\n|-damage|p2a: Regigigas|233/329\n|-enditem|p2a: Regigigas|Leftovers|[from] move: Knock Off|[of] p1a: Decidueye\n|move|p1b: Tropius|Energy Ball|p2a: Regigigas\n|-damage|p2a: Regigigas|160/329\n|-unboost|p2a: Regigigas|spd|1\n|move|p2a: Regigigas|Knock Off|p1b: Tropius\n|-damage|p1b: Tropius|239/339\n|-enditem|p1b: Tropius|Sitrus Berry|[from] move: Knock Off|[of] p2a: Regigigas\n|\n|upkeep\n|turn|11\n|\n|t:|1770399905\n|move|p1a: Decidueye|Triple Arrows|p2a: Regigigas\n|-resisted|p2a: Regigigas\n|-damage|p2a: Regigigas|117/329\n|move|p1b: Tropius|Energy Ball|p2a: Regigigas\n|-damage|p2a: Regigigas|8/329\n|move|p2a: Regigigas|Body Slam|p1b: Tropius\n|-damage|p1b: Tropius|113/339\n|\n|upkeep\n|turn|12\n|l|☆lula presidente 13\n|inactive|lula presidente 13 disconnected and has a minute to reconnect!\n|player|p2|\n|\n|t:|1770399923\n|move|p1a: Decidueye|Leaf Blade|p2a: Regigigas\n|-damage|p2a: Regigigas|0 fnt\n|faint|p2a: Regigigas\n|\n|win|herodragunov\n|raw|herodragunov's rating: 1556 &rarr; <strong>1583</strong><br />(+27 for winning)\n|raw|lula presidente 13's rating: 1685 &rarr; <strong>1658</strong><br />(-27 for losing)\n", "inputlog": ">version ccdc32dd7cde25fd9e4bed64820e885f66e78a4e\n>start {\"formatid\":\"gen9randomdoublesbattle\",\"seed\":\"sodium,83de73d8546e1745fcf998269a5b739a\",\"rated\":\"Rated battle\"}\n>player p1 {\"name\":\"herodragunov\",\"avatar\":\"pokemaniac\",\"rating\":1556,\"seed\":\"sodium,a4d0b0f33eef871cef09dd1e6e53e777\"}\n>player p2 {\"name\":\"lula presidente 13\",\"avatar\":\"wattson\",\"rating\":1685,\"seed\":\"sodium,9b5befad15f5f250ddd7c4b65eb1741a\"}\n>p1 move fakeout +2, move poltergeist +2\n>p2 switch 6, move stealthrock\n>p2 pass, switch 4\n>p1 move knockoff +1, switch 3\n>p2 move saltcure +2, move highhorsepower +1\n>p1 switch 6, pass\n>p1 move breakingswipe, move fakeout +2\n>p2 move saltcure +1, move highhorsepower +2\n>p1 move powerwhip +1, move knockoff +2\n>p2 move recover, switch 6\n>p2 switch 3, pass\n>p1 move breakingswipe, move flareblitz +2\n>p2 move substitute terastallize, switch 6\n>p2 pass, switch 5\n>p1 move sludgebomb +1, move flareblitz +2\n>p2 move protect, move voltswitch +2\n>p2 pass, switch 6\n>p1 pass, switch 3\n>p1 move sludgebomb +1, move bitterblade +2\n>p2 move substitute, move ironhead +1\n>p2 pass, switch 6\n>p1 move sludgebomb +1, move poltergeist +2\n>p2 move knockoff +2, move psychic +2\n>p1 pass, switch 5\n>p1 switch 4, move tailwind\n>p2 move protect, pass\n>chat ☆herodragunov|Gg fam\n>p1 move knockoff +1, move energyball +1\n>p2 move knockoff +2, pass\n>p1 move triplearrows +1, move energyball +1\n>p2 move bodyslam +2, pass\n>p1 move leafblade +1, move hurricane +1\n>p2 move bodyslam +2, pass", "uploadtime": 1770399928, "views": 93, "formatid": "gen9randomdoublesbattle", "rating": 1583, "private": 0, "password": null}