{"id": "gen9randomdoublesbattle-2539952041", "format": "[Gen 9] Random Doubles Battle", "players": ["JD989", "marco365"], "log": "|j|☆JD989\n|j|☆marco365\n|t:|1771132356\n|gametype|doubles\n|player|p1|JD989|rocketgrunt|1820\n|player|p2|marco365|lucian|1776\n|gen|9\n|tier|[Gen 9] Random Doubles Battle\n|rated|\n|rule|Species Clause: Limit one of each Pokémon\n|rule|HP Percentage Mod: HP is shown in percentages\n|rule|Illusion Level Mod: Illusion disguises the Pokémon's true level\n|rule|Sleep Clause Mod: Limit one foe put to sleep\n|\n|t:|1771132356\n|teamsize|p1|6\n|teamsize|p2|6\n|start\n|switch|p1a: Mewtwo|Mewtwo, L73|275/275\n|switch|p1b: Dudunsparce|Dudunsparce, L86, F|355/355\n|switch|p2a: Primarina|Primarina, L79, F|256/256\n|switch|p2b: Iron Crown|Iron Crown, L78|268/268\n|-ability|p1a: Mewtwo|Unnerve\n|turn|1\n|inactive|Battle timer is ON: inactive players will automatically lose when time's up. (requested by JD989)\n|\n|t:|1771132385\n|switch|p1a: Gogoat|Gogoat, L90, F|368/368\n|move|p2b: Iron Crown|Focus Blast|p1b: Dudunsparce|[miss]\n|-miss|p2b: Iron Crown|p1b: Dudunsparce\n|move|p1b: Dudunsparce|Glare|p2b: Iron Crown\n|-status|p2b: Iron Crown|par\n|move|p2a: Primarina|Hyper Voice|p1a: Gogoat|[spread] p1a,p1b\n|-resisted|p1a: Gogoat\n|-damage|p1a: Gogoat|344/368\n|-damage|p1b: Dudunsparce|267/355\n|\n|upkeep\n|turn|2\n|\n|t:|1771132412\n|move|p2a: Primarina|Protect|p2a: Primarina\n|-singleturn|p2a: Primarina|Protect\n|move|p1a: Gogoat|Horn Leech|p2a: Primarina\n|-activate|p2a: Primarina|move: Protect\n|move|p1b: Dudunsparce|Hyper Drill|p2a: Primarina\n|-damage|p2a: Primarina|130/256\n|move|p2b: Iron Crown|Focus Blast|p1b: Dudunsparce\n|-supereffective|p1b: Dudunsparce\n|-damage|p1b: Dudunsparce|71/355\n|-enditem|p1b: Dudunsparce|Sitrus Berry|[eat]\n|-heal|p1b: Dudunsparce|159/355|[from] item: Sitrus Berry\n|\n|-heal|p2a: Primarina|146/256|[from] item: Leftovers\n|upkeep\n|turn|3\n|\n|t:|1771132440\n|switch|p2a: Squawkabilly|Squawkabilly, L91, M|297/297\n|-ability|p2a: Squawkabilly|Intimidate|boost\n|-unboost|p1a: Gogoat|atk|1\n|-unboost|p1b: Dudunsparce|atk|1\n|-ability|p1b: Dudunsparce|Rattled|boost\n|-boost|p1b: Dudunsparce|spe|1\n|move|p1b: Dudunsparce|Protect|p1b: Dudunsparce\n|-singleturn|p1b: Dudunsparce|Protect\n|move|p1a: Gogoat|High Horsepower|p2b: Iron Crown\n|-supereffective|p2b: Iron Crown\n|-damage|p2b: Iron Crown|170/268 par\n|-enditem|p2b: Iron Crown|Weakness Policy\n|-boost|p2b: Iron Crown|atk|2|[from] item: Weakness Policy\n|-boost|p2b: Iron Crown|spa|2|[from] item: Weakness Policy\n|move|p2b: Iron Crown|Focus Blast|p1b: Dudunsparce\n|-activate|p1b: Dudunsparce|move: Protect\n|\n|upkeep\n|turn|4\n|\n|t:|1771132464\n|move|p2a: Squawkabilly|Protect|p2a: Squawkabilly\n|-singleturn|p2a: Squawkabilly|Protect\n|move|p1b: Dudunsparce|Glare|p2a: Squawkabilly\n|-activate|p2a: Squawkabilly|move: Protect\n|move|p1a: Gogoat|High Horsepower|p2b: Iron Crown\n|-supereffective|p2b: Iron Crown\n|-damage|p2b: Iron Crown|64/268 par\n|move|p2b: Iron Crown|Tachyon Cutter|p1b: Dudunsparce\n|-damage|p1b: Dudunsparce|32/355\n|-damage|p1b: Dudunsparce|0 fnt\n|faint|p1b: Dudunsparce\n|-hitcount|p1: Dudunsparce|2\n|\n|upkeep\n|\n|t:|1771132480\n|switch|p1b: Golduck|Golduck, L91, F|293/293\n|-ability|p1b: Golduck|Cloud Nine\n|turn|5\n|\n|t:|1771132494\n|move|p2b: Iron Crown|Protect|p2b: Iron Crown\n|-singleturn|p2b: Iron Crown|Protect\n|move|p2a: Squawkabilly|Brave Bird|p1a: Gogoat\n|-supereffective|p1a: Gogoat\n|-damage|p1a: Gogoat|0 fnt\n|faint|p1a: Gogoat\n|-damage|p2a: Squawkabilly|183/297|[from] Recoil\n|-damage|p2a: Squawkabilly|154/297|[from] item: Life Orb\n|move|p1b: Golduck|Ice Beam|p2a: Squawkabilly\n|-supereffective|p2a: Squawkabilly\n|-damage|p2a: Squawkabilly|0 fnt\n|faint|p2a: Squawkabilly\n|-damage|p1b: Golduck|264/293|[from] item: Life Orb\n|\n|upkeep\n|\n|t:|1771132514\n|switch|p2a: Primarina|Primarina, L79, F|146/256\n|switch|p1a: Rillaboom|Rillaboom, L81, M|295/295\n|-fieldstart|move: Grassy Terrain|[from] ability: Grassy Surge|[of] p1a: Rillaboom\n|turn|6\n|inactive|JD989 has 120 seconds left.\n|\n|t:|1771132546\n|move|p2a: Primarina|Protect|p2a: Primarina\n|-singleturn|p2a: Primarina|Protect\n|move|p1b: Golduck|Grass Knot|p2a: Primarina\n|-activate|p2a: Primarina|move: Protect\n|move|p1a: Rillaboom|Wood Hammer|p2b: Iron Crown\n|-resisted|p2b: Iron Crown\n|-damage|p2b: Iron Crown|0 fnt\n|faint|p2b: Iron Crown\n|-end|p2b: Iron Crown|Quark Drive|[silent]\n|-damage|p1a: Rillaboom|274/295|[from] Recoil\n|\n|-heal|p1b: Golduck|282/293|[from] Grassy Terrain\n|-heal|p1a: Rillaboom|292/295|[from] Grassy Terrain\n|-heal|p2a: Primarina|162/256|[from] Grassy Terrain\n|-heal|p2a: Primarina|178/256|[from] item: Leftovers\n|upkeep\n|inactive|marco365 has 120 seconds left.\n|\n|t:|1771132565\n|switch|p2b: Leavanny|Leavanny, L91, M|284/284\n|turn|7\n|inactive|marco365 has 120 seconds left.\n|\n|t:|1771132586\n|switch|p2a: Meowstic|Meowstic-F, L89, F|277/277\n|-terastallize|p1b: Golduck|Grass\n|move|p1a: Rillaboom|Grassy Glide|p2a: Meowstic\n|-damage|p2a: Meowstic|193/277\n|move|p2b: Leavanny|Leaf Blade|p1b: Golduck\n|-resisted|p1b: Golduck\n|-damage|p1b: Golduck|210/293\n|move|p1b: Golduck|Ice Beam|p2b: Leavanny\n|-supereffective|p2b: Leavanny\n|-damage|p2b: Leavanny|76/284\n|-enditem|p2b: Leavanny|Sitrus Berry|[eat]\n|-heal|p2b: Leavanny|147/284|[from] item: Sitrus Berry\n|-damage|p1b: Golduck|181/293|[from] item: Life Orb\n|\n|-heal|p2a: Meowstic|210/277|[from] Grassy Terrain\n|-heal|p2b: Leavanny|164/284|[from] Grassy Terrain\n|-heal|p1b: Golduck|199/293|[from] Grassy Terrain\n|-heal|p1a: Rillaboom|295/295|[from] Grassy Terrain\n|upkeep\n|turn|8\n|inactive|JD989 has 120 seconds left.\n|\n|t:|1771132616\n|move|p1b: Golduck|Protect|p1b: Golduck\n|-singleturn|p1b: Golduck|Protect\n|move|p2a: Meowstic|Psychic|p1a: Rillaboom\n|-damage|p1a: Rillaboom|196/295\n|-damage|p2a: Meowstic|183/277|[from] item: Life Orb\n|move|p2b: Leavanny|Pollen Puff|p1a: Rillaboom\n|-supereffective|p1a: Rillaboom\n|-damage|p1a: Rillaboom|40/295\n|move|p1a: Rillaboom|Wood Hammer|p2a: Meowstic\n|-damage|p2a: Meowstic|0 fnt\n|faint|p2a: Meowstic\n|-damage|p1a: Rillaboom|0 fnt|[from] Recoil\n|faint|p1a: Rillaboom\n|\n|-heal|p2b: Leavanny|181/284|[from] Grassy Terrain\n|-heal|p1b: Golduck|217/293|[from] Grassy Terrain\n|upkeep\n|inactive|JD989 has 120 seconds left.\n|inactive|marco365 has 120 seconds left.\n|\n|t:|1771132640\n|switch|p2a: Terapagos|Terapagos, L73, M|252/252\n|switch|p1a: Lunala|Lunala, L71|312/312\n|-activate|p2a: Terapagos|ability: Tera Shift\n|detailschange|p2a: Terapagos|Terapagos-Terastal, L73, M\n|-heal|p2a: Terapagos|259/259|[silent]\n|turn|9\n|inactive|marco365 has 120 seconds left.\n|\n|t:|1771132680\n|-terastallize|p2a: Terapagos|Stellar\n|detailschange|p2a: Terapagos|Terapagos-Stellar, L73, M, tera:Stellar\n|-heal|p2a: Terapagos|354/354|[silent]\n|-ability|p2a: Terapagos|Teraform Zero\n|-fieldend|move: Grassy Terrain\n|move|p2b: Leavanny|Sticky Web|p1a: Lunala\n|-sidestart|p1: JD989|move: Sticky Web\n|move|p1b: Golduck|Ice Beam|p2a: Terapagos\n|-damage|p2a: Terapagos|258/354\n|-damage|p1b: Golduck|188/293|[from] item: Life Orb\n|move|p1a: Lunala|Meteor Beam||[still]\n|-prepare|p1a: Lunala|Meteor Beam\n|-boost|p1a: Lunala|spa|1\n|-enditem|p1a: Lunala|Power Herb\n|-anim|p1a: Lunala|Meteor Beam|p2b: Leavanny\n|-supereffective|p2b: Leavanny\n|-damage|p2b: Leavanny|0 fnt\n|faint|p2b: Leavanny\n|move|p2a: Terapagos|Tera Starstorm|p1a: Lunala|[spread] p1a,p1b\n|-supereffective|p1b: Golduck\n|-damage|p1a: Lunala|253/312\n|-damage|p1b: Golduck|0 fnt\n|faint|p1b: Golduck\n|\n|upkeep\n|inactive|JD989 has 120 seconds left.\n|inactive|marco365 has 90 seconds left.\n|\n|t:|1771132702\n|switch|p2b: Primarina|Primarina, L79, F|178/256\n|switch|p1b: Mewtwo|Mewtwo, L73|275/275\n|-ability|p1b: Mewtwo|Unnerve\n|-activate|p1b: Mewtwo|move: Sticky Web\n|-unboost|p1b: Mewtwo|spe|1\n|turn|10\n|inactive|JD989 has 120 seconds left.\n|\n|t:|1771132741\n|move|p1a: Lunala|Moongeist Beam|p2b: Primarina\n|-damage|p2b: Primarina|40/256\n|move|p2a: Terapagos|Tera Starstorm|p1b: Mewtwo|[spread] p1a,p1b\n|-damage|p1a: Lunala|131/312\n|-damage|p1b: Mewtwo|143/275\n|move|p1b: Mewtwo|Aura Sphere|p2a: Terapagos\n|-supereffective|p2a: Terapagos\n|-damage|p2a: Terapagos|146/354\n|move|p2b: Primarina|Hyper Voice|p1a: Lunala|[spread] p1a,p1b\n|-damage|p1a: Lunala|44/312\n|-damage|p1b: Mewtwo|61/275\n|\n|-heal|p1b: Mewtwo|78/275|[from] item: Leftovers\n|-heal|p2b: Primarina|56/256|[from] item: Leftovers\n|upkeep\n|turn|11\n|inactive|JD989 has 120 seconds left.\n|inactive|marco365 has 120 seconds left.\n|\n|t:|1771132768\n|move|p1a: Lunala|Moonblast|p2a: Terapagos\n|-damage|p2a: Terapagos|59/354\n|move|p2a: Terapagos|Tera Starstorm|p1b: Mewtwo|[spread] p1a,p1b\n|-damage|p1a: Lunala|0 fnt\n|-damage|p1b: Mewtwo|0 fnt\n|faint|p1a: Lunala\n|faint|p1b: Mewtwo\n|\n|win|marco365\n|raw|JD989's rating: 1820 &rarr; <strong>1797</strong><br />(-23 for losing)\n|raw|marco365's rating: 1776 &rarr; <strong>1799</strong><br />(+23 for winning)\n|l|☆JD989\n|player|p1|\n|c|☆marco365|Gg\n", "inputlog": ">version 686819e5e19f8a7fd2345cfc5a08a5085efa2cc3\n>start {\"formatid\":\"gen9randomdoublesbattle\",\"seed\":\"sodium,7b34042ad1db57e8a288ade476b2c549\",\"rated\":\"Rated battle\"}\n>player p1 {\"name\":\"JD989\",\"avatar\":\"rocketgrunt\",\"rating\":1820,\"seed\":\"sodium,7585ce847a29ec1421cd3a82bc116e0a\"}\n>player p2 {\"name\":\"marco365\",\"avatar\":\"lucian\",\"rating\":1776,\"seed\":\"sodium,c840826dd40822ead121ac7b8c5e73a2\"}\n>p1 switch 5, move glare +2\n>p2 move hypervoice, move focusblast +2\n>p1 move hornleech +1, move hyperdrill +1\n>p2 move protect, move focusblast +2\n>p1 move highhorsepower +2, move protect\n>p2 switch 5, move focusblast +2\n>p1 move highhorsepower +2, move glare +1\n>p2 move protect, move tachyoncutter +2\n>p1 pass, switch 3\n>p1 move highhorsepower +2, move icebeam +1\n>p2 move bravebird +1, move protect\n>p1 switch 6, pass\n>p2 switch 5, pass\n>p1 move woodhammer +2, move grassknot +1\n>p2 move protect, move tachyoncutter +1\n>p2 pass, switch 4\n>p1 move grassyglide +1, move icebeam +2 terastallize\n>p2 switch 3, move leafblade +2\n>p1 move woodhammer +1, move protect\n>p2 move psychic +1, move pollenpuff +1\n>p1 switch 4, pass\n>p2 switch 6, pass\n>p1 move meteorbeam +2, move icebeam +1\n>p2 move terastarstorm +2 terastallize, move stickyweb\n>p1 pass, switch 5\n>p2 pass, switch 3\n>p1 move moongeistbeam +2, move aurasphere +1\n>p2 move terastarstorm, move hypervoice\n>p1 move moonblast +1, move recover\n>p2 move terastarstorm, move hypervoice", "uploadtime": 1771132783, "views": 64, "formatid": "gen9randomdoublesbattle", "rating": 1797, "private": 0, "password": null}