{"id": "gen9randomdoublesbattle-2537618265", "format": "[Gen 9] Random Doubles Battle", "players": ["luix0619", "Kernal1"], "log": "|j|☆luix0619\n|j|‽Kernal1\n|t:|1770832499\n|gametype|doubles\n|player|p1|luix0619|drayden|1660\n|player|p2|Kernal1|2|1565\n|gen|9\n|tier|[Gen 9] Random Doubles Battle\n|rated|\n|rule|Species Clause: Limit one of each Pokémon\n|rule|HP Percentage Mod: HP is shown in percentages\n|rule|Illusion Level Mod: Illusion disguises the Pokémon's true level\n|rule|Sleep Clause Mod: Limit one foe put to sleep\n|\n|t:|1770832499\n|teamsize|p1|6\n|teamsize|p2|6\n|start\n|switch|p1a: Crawdaunt|Crawdaunt, L87, F|251/251\n|switch|p1b: Kommo-o|Kommo-o, L79, M|248/248\n|switch|p2a: Bastiodon|Bastiodon, L89, F|252/252\n|switch|p2b: Comfey|Comfey, L88, F|233/233\n|turn|1\n|inactive|Battle timer is ON: inactive players will automatically lose when time's up. (requested by Kernal1)\n|\n|t:|1770832516\n|switch|p1b: Lanturn|Lanturn, L87, M|359/359\n|move|p2b: Comfey|Tailwind|p2b: Comfey\n|-sidestart|p2: Kernal1|move: Tailwind\n|move|p2a: Bastiodon|Iron Defense|p2a: Bastiodon\n|-boost|p2a: Bastiodon|def|2\n|move|p1a: Crawdaunt|Crabhammer|p2a: Bastiodon\n|-supereffective|p2a: Bastiodon\n|-damage|p2a: Bastiodon|122/252\n|-damage|p1a: Crawdaunt|226/251|[from] item: Life Orb\n|\n|upkeep\n|turn|2\n|\n|t:|1770832536\n|move|p2b: Comfey|Floral Healing|p2a: Bastiodon\n|-heal|p2a: Bastiodon|248/252\n|move|p2a: Bastiodon|Body Press|p1a: Crawdaunt\n|-supereffective|p1a: Crawdaunt\n|-damage|p1a: Crawdaunt|0 fnt\n|faint|p1a: Crawdaunt\n|move|p1b: Lanturn|Scald|p2a: Bastiodon\n|-supereffective|p2a: Bastiodon\n|-damage|p2a: Bastiodon|152/252\n|\n|upkeep\n|\n|t:|1770832553\n|switch|p1a: Jumpluff|Jumpluff, L92, F|287/287\n|turn|3\n|\n|t:|1770832564\n|move|p2b: Comfey|Helping Hand|p2a: Bastiodon\n|-singleturn|p2a: Bastiodon|Helping Hand|[of] p2b: Comfey\n|move|p1a: Jumpluff|Tailwind|p1a: Jumpluff\n|-sidestart|p1: luix0619|move: Tailwind\n|move|p1b: Lanturn|Electroweb|p2b: Comfey|[spread] p2b\n|-miss|p1b: Lanturn|p2a: Bastiodon\n|-damage|p2b: Comfey|202/233\n|-unboost|p2b: Comfey|spe|1\n|move|p2a: Bastiodon|Body Press|p1b: Lanturn\n|-damage|p1b: Lanturn|0 fnt\n|faint|p1b: Lanturn\n|\n|upkeep\n|\n|t:|1770832577\n|switch|p1b: Blaziken|Blaziken, L79, F|256/256\n|turn|4\n|\n|t:|1770832592\n|move|p2b: Comfey|Draining Kiss|p1a: Jumpluff\n|-damage|p1a: Jumpluff|239/287\n|-heal|p2b: Comfey|233/233|[from] drain|[of] p1a: Jumpluff\n|move|p1b: Blaziken|Vacuum Wave|p2a: Bastiodon\n|-supereffective|p2a: Bastiodon\n|-damage|p2a: Bastiodon|6/252\n|-damage|p1b: Blaziken|231/256|[from] item: Life Orb\n|move|p1a: Jumpluff|Sleep Powder|p2b: Comfey\n|-status|p2b: Comfey|slp|[from] move: Sleep Powder\n|move|p2a: Bastiodon|Iron Defense|p2a: Bastiodon\n|-boost|p2a: Bastiodon|def|2\n|\n|-sideend|p2: Kernal1|move: Tailwind\n|-ability|p1b: Blaziken|Speed Boost|boost\n|-boost|p1b: Blaziken|spe|1\n|upkeep\n|turn|5\n|\n|t:|1770832617\n|-terastallize|p2a: Bastiodon|Fighting\n|cant|p2b: Comfey|slp\n|move|p1b: Blaziken|Heat Wave|p2a: Bastiodon|[spread] p2a,p2b\n|-damage|p2a: Bastiodon|0 fnt\n|-damage|p2b: Comfey|155/233 slp\n|faint|p2a: Bastiodon\n|-damage|p1b: Blaziken|206/256|[from] item: Life Orb\n|move|p1a: Jumpluff|Acrobatics|p2b: Comfey\n|-damage|p2b: Comfey|65/233 slp\n|-enditem|p2b: Comfey|Sitrus Berry|[eat]\n|-heal|p2b: Comfey|123/233 slp|[from] item: Sitrus Berry\n|\n|-ability|p1b: Blaziken|Speed Boost|boost\n|-boost|p1b: Blaziken|spe|1\n|upkeep\n|\n|t:|1770832626\n|switch|p2a: Uxie|Uxie, L85|266/266\n|turn|6\n|\n|t:|1770832637\n|switch|p1b: Florges|Florges-White, L84, F|268/268\n|cant|p2b: Comfey|slp\n|move|p1a: Jumpluff|Acrobatics|p2b: Comfey\n|-damage|p2b: Comfey|38/233 slp\n|move|p2a: Uxie|Thunder Wave|p1a: Jumpluff\n|-block|p1a: Jumpluff|ability: Flower Veil|[of] p1b: Florges\n|\n|-sideend|p1: luix0619|move: Tailwind\n|upkeep\n|turn|7\n|\n|t:|1770832651\n|move|p1a: Jumpluff|Encore|p2a: Uxie\n|-start|p2a: Uxie|Encore\n|move|p2a: Uxie|Thunder Wave|p1b: Florges\n|-status|p1b: Florges|par\n|cant|p2b: Comfey|slp\n|cant|p1b: Florges|par\n|\n|upkeep\n|turn|8\n|\n|t:|1770832662\n|switch|p2a: Iron Treads|Iron Treads, L81|278/278\n|move|p1a: Jumpluff|Tailwind|p1a: Jumpluff\n|-sidestart|p1: luix0619|move: Tailwind\n|cant|p1b: Florges|par\n|-curestatus|p2b: Comfey|slp|[msg]\n|move|p2b: Comfey|Tailwind|p2b: Comfey\n|-sidestart|p2: Kernal1|move: Tailwind\n|\n|upkeep\n|turn|9\n|\n|t:|1770832674\n|switch|p1b: Kommo-o|Kommo-o, L79, M|248/248\n|move|p2b: Comfey|Helping Hand|p2a: Iron Treads\n|-singleturn|p2a: Iron Treads|Helping Hand|[of] p2b: Comfey\n|move|p1a: Jumpluff|Sleep Powder|p2a: Iron Treads|[miss]\n|-miss|p1a: Jumpluff|p2a: Iron Treads\n|move|p2a: Iron Treads|Rapid Spin|p1a: Jumpluff\n|-damage|p1a: Jumpluff|181/287\n|-boost|p2a: Iron Treads|spe|1\n|\n|upkeep\n|turn|10\n|\n|t:|1770832685\n|move|p1b: Kommo-o|Protect|p1b: Kommo-o\n|-singleturn|p1b: Kommo-o|Protect\n|move|p2b: Comfey|Draining Kiss|p1b: Kommo-o\n|-activate|p1b: Kommo-o|move: Protect\n|move|p2a: Iron Treads|High Horsepower|p1b: Kommo-o\n|-activate|p1b: Kommo-o|move: Protect\n|move|p1a: Jumpluff|Sleep Powder|p2a: Iron Treads\n|-status|p2a: Iron Treads|slp|[from] move: Sleep Powder\n|\n|upkeep\n|turn|11\n|\n|t:|1770832701\n|switch|p1b: Florges|Florges-White, L84, F|268/268 par\n|move|p2b: Comfey|Draining Kiss|p1b: Florges\n|-damage|p1b: Florges|237/268 par\n|-heal|p2b: Comfey|61/233|[from] drain|[of] p1b: Florges\n|cant|p2a: Iron Treads|slp\n|move|p1a: Jumpluff|Acrobatics|p2b: Comfey\n|-damage|p2b: Comfey|0 fnt\n|faint|p2b: Comfey\n|\n|-heal|p1b: Florges|253/268 par|[from] item: Leftovers\n|-sideend|p2: Kernal1|move: Tailwind\n|-sideend|p1: luix0619|move: Tailwind\n|upkeep\n|\n|t:|1770832709\n|switch|p2b: Uxie|Uxie, L85|266/266\n|turn|12\n|\n|t:|1770832718\n|switch|p1b: Blaziken|Blaziken, L79, F|206/256\n|cant|p2a: Iron Treads|slp\n|move|p1a: Jumpluff|Tailwind|p1a: Jumpluff\n|-sidestart|p1: luix0619|move: Tailwind\n|move|p2b: Uxie|Mystical Power|p1a: Jumpluff\n|-damage|p1a: Jumpluff|129/287\n|-boost|p2b: Uxie|spa|1\n|\n|upkeep\n|turn|13\n|\n|t:|1770832733\n|move|p1a: Jumpluff|Acrobatics|p2b: Uxie\n|-damage|p2b: Uxie|193/266\n|move|p1b: Blaziken|Heat Wave|p2a: Iron Treads|[spread] p2a,p2b\n|-supereffective|p2a: Iron Treads\n|-damage|p2a: Iron Treads|41/278 slp\n|-damage|p2b: Uxie|125/266\n|-enditem|p2a: Iron Treads|Sitrus Berry|[eat]\n|-heal|p2a: Iron Treads|110/278 slp|[from] item: Sitrus Berry\n|-enditem|p2b: Uxie|Sitrus Berry|[eat]\n|-heal|p2b: Uxie|191/266|[from] item: Sitrus Berry\n|-damage|p1b: Blaziken|181/256|[from] item: Life Orb\n|cant|p2a: Iron Treads|slp\n|move|p2b: Uxie|Mystical Power|p1a: Jumpluff\n|-damage|p1a: Jumpluff|42/287\n|-boost|p2b: Uxie|spa|1\n|\n|-ability|p1b: Blaziken|Speed Boost|boost\n|-boost|p1b: Blaziken|spe|1\n|upkeep\n|turn|14\n|\n|t:|1770832756\n|move|p1b: Blaziken|Heat Wave|p2a: Iron Treads|[spread] p2a,p2b\n|-supereffective|p2a: Iron Treads\n|-damage|p2a: Iron Treads|0 fnt\n|-damage|p2b: Uxie|127/266\n|faint|p2a: Iron Treads\n|-end|p2a: Iron Treads|Quark Drive|[silent]\n|-damage|p1b: Blaziken|156/256|[from] item: Life Orb\n|move|p1a: Jumpluff|Acrobatics|p2b: Uxie\n|-damage|p2b: Uxie|55/266\n|move|p2b: Uxie|Mystical Power|p1a: Jumpluff|[miss]\n|-miss|p2b: Uxie|p1a: Jumpluff\n|\n|-ability|p1b: Blaziken|Speed Boost|boost\n|-boost|p1b: Blaziken|spe|1\n|upkeep\n|\n|t:|1770832766\n|switch|p2a: Cyclizar|Cyclizar, L87, F|264/264\n|turn|15\n|\n|t:|1770832774\n|move|p1b: Blaziken|Heat Wave|p2b: Uxie|[spread] p2a,p2b\n|-resisted|p2a: Cyclizar\n|-damage|p2a: Cyclizar|206/264\n|-damage|p2b: Uxie|0 fnt\n|faint|p2b: Uxie\n|-damage|p1b: Blaziken|131/256|[from] item: Life Orb\n|move|p1a: Jumpluff|Sleep Powder|p2a: Cyclizar\n|-status|p2a: Cyclizar|slp|[from] move: Sleep Powder\n|cant|p2a: Cyclizar|slp\n|\n|-sideend|p1: luix0619|move: Tailwind\n|-ability|p1b: Blaziken|Speed Boost|boost\n|-boost|p1b: Blaziken|spe|1\n|upkeep\n|\n|t:|1770832778\n|switch|p2b: Zacian|Zacian, L70|245/245\n|-ability|p2b: Zacian|Intrepid Sword|boost\n|-boost|p2b: Zacian|atk|1\n|turn|16\n|\n|t:|1770832791\n|move|p1b: Blaziken|Close Combat|p2a: Cyclizar\n|-supereffective|p2a: Cyclizar\n|-damage|p2a: Cyclizar|0 fnt\n|-unboost|p1b: Blaziken|def|1\n|-unboost|p1b: Blaziken|spd|1\n|faint|p2a: Cyclizar\n|-damage|p1b: Blaziken|106/256|[from] item: Life Orb\n|move|p1a: Jumpluff|Tailwind|p1a: Jumpluff\n|-sidestart|p1: luix0619|move: Tailwind\n|move|p2b: Zacian|Play Rough|p1b: Blaziken|[miss]\n|-miss|p2b: Zacian|p1b: Blaziken\n|\n|-ability|p1b: Blaziken|Speed Boost|boost\n|-boost|p1b: Blaziken|spe|1\n|upkeep\n|turn|17\n|\n|t:|1770832803\n|move|p1b: Blaziken|Heat Wave|p2b: Zacian\n|-damage|p2b: Zacian|124/245\n|-damage|p1b: Blaziken|81/256|[from] item: Life Orb\n|move|p1a: Jumpluff|Sleep Powder|p2b: Zacian\n|-status|p2b: Zacian|slp|[from] move: Sleep Powder\n|cant|p2b: Zacian|slp\n|\n|-ability|p1b: Blaziken|Speed Boost|boost\n|-boost|p1b: Blaziken|spe|1\n|upkeep\n|turn|18\n|-message|Kernal1 forfeited.\n|\n|win|luix0619\n|raw|luix0619's rating: 1660 &rarr; <strong>1675</strong><br />(+15 for winning)\n|raw|Kernal1's rating: 1565 &rarr; <strong>1550</strong><br />(-15 for losing)\n", "inputlog": ">version ccdc32dd7cde25fd9e4bed64820e885f66e78a4e\n>start {\"formatid\":\"gen9randomdoublesbattle\",\"seed\":\"sodium,a3404a2b3dad46b894ae101b5319d5b2\",\"rated\":\"Rated battle\"}\n>player p1 {\"name\":\"luix0619\",\"avatar\":\"drayden\",\"rating\":1660,\"seed\":\"sodium,58e2ccada115e95a0e6514fd61aa645c\"}\n>player p2 {\"name\":\"Kernal1\",\"avatar\":\"2\",\"rating\":1565,\"seed\":\"sodium,fdc3db475f7aae71d998b9405ba2edc8\"}\n>p1 move crabhammer +1, switch 3\n>p2 move irondefense, move tailwind\n>p1 move crabhammer +2, move scald +1\n>p2 move bodypress +1, move floralhealing -1\n>p1 switch 5, pass\n>p1 move tailwind, move electroweb\n>p2 move bodypress +2, move helpinghand -1\n>p1 pass, switch 6\n>p1 move sleeppowder +2, move vacuumwave +1\n>p2 move irondefense, move drainingkiss +1\n>p1 move acrobatics +2, move heatwave\n>p2 move bodypress +2 terastallize, move floralhealing -1\n>p2 switch 6, pass\n>p1 move acrobatics +2, switch 4\n>p2 move thunderwave +1, move drainingkiss +2\n>p1 move encore +1, move calmmind\n>p2 move mysticalpower +1, move tailwind\n>p1 move tailwind, move calmmind\n>p2 switch 5, move tailwind\n>p1 move sleeppowder +1, switch 3\n>p2 move rapidspin +1, move helpinghand -1\n>p1 move sleeppowder +1, move protect\n>p2 move highhorsepower +2, move drainingkiss +2\n>p1 move acrobatics +2, switch 3\n>p2 move highhorsepower +2, move drainingkiss +2\n>p2 pass, switch 5\n>p1 move tailwind, switch 4\n>p2 move ironhead +2, move mysticalpower +1\n>p1 move acrobatics +2, move heatwave\n>p2 move highhorsepower +2, move mysticalpower +1\n>p1 move acrobatics +2, move heatwave\n>p2 move highhorsepower +2, move mysticalpower +1\n>p2 switch 4, pass\n>p1 move sleeppowder +1, move heatwave\n>p2 move breakingswipe, move mysticalpower +2\n>p2 pass, switch 3\n>p1 move tailwind, move closecombat +1\n>p2 move breakingswipe, move playrough +2\n>p1 move sleeppowder +2, move heatwave\n>p2 pass, move playrough +2\n>forcelose p2", "uploadtime": 1770832816, "views": 75, "formatid": "gen9randomdoublesbattle", "rating": 1550, "private": 0, "password": null}