{"id": "gen9randomdoublesbattle-2534368243", "format": "[Gen 9] Random Doubles Battle", "players": ["Cook Fellas", "Ale218"], "log": "|j|☆Cook Fellas\n|j|☆Ale218\n|t:|1770413262\n|gametype|doubles\n|player|p1|Cook Fellas|170|1578\n|player|p2|Ale218|170|1616\n|gen|9\n|tier|[Gen 9] Random Doubles Battle\n|rated|\n|rule|Species Clause: Limit one of each Pokémon\n|rule|HP Percentage Mod: HP is shown in percentages\n|rule|Illusion Level Mod: Illusion disguises the Pokémon's true level\n|rule|Sleep Clause Mod: Limit one foe put to sleep\n|\n|t:|1770413262\n|teamsize|p1|6\n|teamsize|p2|6\n|start\n|switch|p1a: Cobalion|Cobalion, L79|273/273\n|switch|p1b: Galvantula|Galvantula, L85, M|258/258\n|switch|p2a: Manaphy|Manaphy, L78|284/284\n|switch|p2b: Rhyperior|Rhyperior, L82, M|323/323\n|turn|1\n|l|☆Ale218\n|player|p2|\n|inactive|Battle timer is ON: inactive players will automatically lose when time's up. (requested by Cook Fellas)\n|j|☆Ale218\n|inactive|Ale218 reconnected and has 145 seconds left.\n|player|p2|Ale218|170|\n|\n|t:|1770413329\n|-terastallize|p2a: Manaphy|Grass\n|move|p1b: Galvantula|Volt Switch|p2a: Manaphy\n|-resisted|p2a: Manaphy\n|-damage|p2a: Manaphy|247/284\n|inactive|Cook Fellas has 120 seconds left.\n|\n|t:|1770413370\n|switch|p1b: Giratina|Giratina-Origin, L74|344/344|[from] Volt Switch\n|move|p1a: Cobalion|Thunder Wave|p2a: Manaphy\n|-status|p2a: Manaphy|par\n|move|p2b: Rhyperior|Rock Polish|p2b: Rhyperior\n|-boost|p2b: Rhyperior|spe|2\n|move|p2a: Manaphy|Tail Glow|p2a: Manaphy\n|-boost|p2a: Manaphy|spa|3\n|\n|-heal|p2a: Manaphy|264/284 par|[from] item: Leftovers\n|upkeep\n|turn|2\n|\n|t:|1770413398\n|move|p2b: Rhyperior|High Horsepower|p1a: Cobalion\n|-supereffective|p1a: Cobalion\n|-damage|p1a: Cobalion|55/273\n|-enditem|p1a: Cobalion|Sitrus Berry|[eat]\n|-heal|p1a: Cobalion|123/273|[from] item: Sitrus Berry\n|move|p1a: Cobalion|Iron Head|p2a: Manaphy\n|-damage|p2a: Manaphy|195/284 par\n|move|p1b: Giratina|Will-O-Wisp|p2b: Rhyperior\n|-status|p2b: Rhyperior|brn\n|cant|p2a: Manaphy|flinch\n|\n|-heal|p2a: Manaphy|212/284 par|[from] item: Leftovers\n|-damage|p2b: Rhyperior|303/323 brn|[from] brn\n|upkeep\n|turn|3\n|\n|t:|1770413417\n|move|p2b: Rhyperior|High Horsepower|p1a: Cobalion\n|-supereffective|p1a: Cobalion\n|-damage|p1a: Cobalion|18/273\n|move|p1a: Cobalion|Volt Switch|p2a: Manaphy\n|-resisted|p2a: Manaphy\n|-damage|p2a: Manaphy|193/284 par\n|\n|t:|1770413435\n|switch|p1a: Smeargle|Smeargle, F|272/272|[from] Volt Switch\n|move|p1b: Giratina|Draco Meteor|p2a: Manaphy\n|-damage|p2a: Manaphy|46/284 par\n|-unboost|p1b: Giratina|spa|2\n|move|p2a: Manaphy|Ice Beam|p1b: Giratina\n|-supereffective|p1b: Giratina\n|-damage|p1b: Giratina|58/344\n|\n|-heal|p2a: Manaphy|63/284 par|[from] item: Leftovers\n|-damage|p2b: Rhyperior|283/323 brn|[from] brn\n|upkeep\n|turn|4\n|inactive|Cook Fellas has 120 seconds left.\n|\n|t:|1770413469\n|move|p1a: Smeargle|Spiky Shield|p1a: Smeargle\n|-singleturn|p1a: Smeargle|move: Protect\n|move|p2b: Rhyperior|Rock Slide|p1b: Giratina|[spread] p1b\n|-activate|p1a: Smeargle|move: Protect\n|-damage|p1b: Giratina|18/344\n|move|p1b: Giratina|Shadow Force||[still]\n|-prepare|p1b: Giratina|Shadow Force\n|move|p2a: Manaphy|Scald|p1a: Smeargle\n|-activate|p1a: Smeargle|move: Protect\n|\n|-heal|p2a: Manaphy|80/284 par|[from] item: Leftovers\n|-damage|p2b: Rhyperior|263/323 brn|[from] brn\n|upkeep\n|turn|5\n|inactive|Cook Fellas has 120 seconds left.\n|inactive|Ale218 has 120 seconds left.\n|\n|t:|1770413501\n|move|p2b: Rhyperior|Rock Slide|p1b: Giratina|[spread] p1a\n|-miss|p2b: Rhyperior|p1b: Giratina\n|-damage|p1a: Smeargle|218/272\n|cant|p1a: Smeargle|flinch\n|move|p1b: Giratina|Shadow Force|p2a: Manaphy|[from] lockedmove\n|-damage|p2a: Manaphy|0 fnt\n|faint|p2a: Manaphy\n|\n|-damage|p2b: Rhyperior|243/323 brn|[from] brn\n|upkeep\n|inactive|Ale218 has 120 seconds left.\n|\n|t:|1770413531\n|switch|p2a: Tatsugiri|Tatsugiri, L84, M|251/251\n|turn|6\n|inactive|Ale218 has 120 seconds left.\n|\n|t:|1770413550\n|move|p1b: Giratina|Shadow Sneak|p2a: Tatsugiri\n|-damage|p2a: Tatsugiri|190/251\n|move|p2a: Tatsugiri|Muddy Water|p1a: Smeargle|[spread] p1a,p1b\n|-resisted|p1b: Giratina\n|-damage|p1a: Smeargle|104/272\n|-damage|p1b: Giratina|0 fnt\n|-unboost|p1a: Smeargle|accuracy|1\n|faint|p1b: Giratina\n|move|p2b: Rhyperior|Rock Slide|p1a: Smeargle\n|-damage|p1a: Smeargle|24/272\n|move|p1a: Smeargle|No Retreat|p1a: Smeargle\n|-boost|p1a: Smeargle|atk|1\n|-boost|p1a: Smeargle|def|1\n|-boost|p1a: Smeargle|spa|1\n|-boost|p1a: Smeargle|spd|1\n|-boost|p1a: Smeargle|spe|1\n|-start|p1a: Smeargle|move: No Retreat\n|\n|-damage|p2b: Rhyperior|223/323 brn|[from] brn\n|upkeep\n|\n|t:|1770413568\n|switch|p1b: Spectrier|Spectrier, L77|281/281\n|turn|7\n|\n|t:|1770413594\n|-terastallize|p1b: Spectrier|Fairy\n|move|p1a: Smeargle|Spiky Shield|p1a: Smeargle\n|-singleturn|p1a: Smeargle|move: Protect\n|move|p2a: Tatsugiri|Muddy Water|p1b: Spectrier|[spread] p1b\n|-activate|p1a: Smeargle|move: Protect\n|-damage|p1b: Spectrier|190/281\n|move|p1b: Spectrier|Nasty Plot|p1b: Spectrier\n|-boost|p1b: Spectrier|spa|2\n|move|p2b: Rhyperior|Rock Polish|p2b: Rhyperior\n|-boost|p2b: Rhyperior|spe|2\n|\n|-damage|p2b: Rhyperior|203/323 brn|[from] brn\n|upkeep\n|turn|8\n|inactive|Cook Fellas has 120 seconds left.\n|\n|t:|1770413626\n|move|p2b: Rhyperior|Rock Slide|p1a: Smeargle|[spread] p1a,p1b\n|-damage|p1a: Smeargle|0 fnt\n|-damage|p1b: Spectrier|139/281\n|faint|p1a: Smeargle\n|move|p2a: Tatsugiri|Muddy Water|p1b: Spectrier\n|-damage|p1b: Spectrier|10/281\n|cant|p1b: Spectrier|flinch\n|\n|-damage|p2b: Rhyperior|183/323 brn|[from] brn\n|upkeep\n|inactive|Cook Fellas has 120 seconds left.\n|\n|t:|1770413634\n|switch|p1a: Cobalion|Cobalion, L79|18/273\n|turn|9\n|\n|t:|1770413642\n|move|p1b: Spectrier|Protect|p1b: Spectrier\n|-singleturn|p1b: Spectrier|Protect\n|move|p2b: Rhyperior|Rock Slide|p1b: Spectrier|[spread] p1a\n|-activate|p1b: Spectrier|move: Protect\n|-resisted|p1a: Cobalion\n|-damage|p1a: Cobalion|11/273\n|move|p2a: Tatsugiri|Muddy Water|p1b: Spectrier|[spread] p1a\n|-activate|p1b: Spectrier|move: Protect\n|-damage|p1a: Cobalion|0 fnt\n|faint|p1a: Cobalion\n|\n|-damage|p2b: Rhyperior|163/323 brn|[from] brn\n|upkeep\n|\n|t:|1770413650\n|switch|p1a: Dodrio|Dodrio, L85, F|241/241\n|turn|10\n|\n|t:|1770413660\n|move|p2b: Rhyperior|Rock Slide|p1a: Dodrio|[spread] p1a,p1b\n|-supereffective|p1a: Dodrio\n|-damage|p1a: Dodrio|153/241\n|-damage|p1b: Spectrier|0 fnt\n|faint|p1b: Spectrier\n|move|p2a: Tatsugiri|Muddy Water|p1a: Dodrio\n|-damage|p1a: Dodrio|5/241\n|move|p1a: Dodrio|Drill Run|p2b: Rhyperior\n|-supereffective|p2b: Rhyperior\n|-damage|p2b: Rhyperior|55/323 brn\n|-enditem|p2b: Rhyperior|Weakness Policy\n|-boost|p2b: Rhyperior|atk|2|[from] item: Weakness Policy\n|-boost|p2b: Rhyperior|spa|2|[from] item: Weakness Policy\n|\n|-damage|p2b: Rhyperior|35/323 brn|[from] brn\n|upkeep\n|\n|t:|1770413664\n|switch|p1b: Galvantula|Galvantula, L85, M|258/258\n|turn|11\n|\n|t:|1770413679\n|move|p2b: Rhyperior|Rock Slide|p1a: Dodrio|[spread] p1a\n|-miss|p2b: Rhyperior|p1b: Galvantula\n|-supereffective|p1a: Dodrio\n|-damage|p1a: Dodrio|0 fnt\n|faint|p1a: Dodrio\n|move|p2a: Tatsugiri|Muddy Water|p1b: Galvantula\n|-damage|p1b: Galvantula|117/258\n|-enditem|p1b: Galvantula|Sitrus Berry|[eat]\n|-heal|p1b: Galvantula|181/258|[from] item: Sitrus Berry\n|move|p1b: Galvantula|Bug Buzz|p2b: Rhyperior\n|-damage|p2b: Rhyperior|0 fnt\n|faint|p2b: Rhyperior\n|\n|upkeep\n|-message|Cook Fellas forfeited.\n|\n|win|Ale218\n|raw|Cook Fellas's rating: 1578 &rarr; <strong>1560</strong><br />(-18 for losing)\n|raw|Ale218's rating: 1616 &rarr; <strong>1634</strong><br />(+18 for winning)\n|l|☆Cook Fellas\n|player|p1|\n", "inputlog": ">version ccdc32dd7cde25fd9e4bed64820e885f66e78a4e\n>start {\"formatid\":\"gen9randomdoublesbattle\",\"seed\":\"sodium,ba87df4d020709acce09edf0e85cdac8\",\"rated\":\"Rated battle\"}\n>player p1 {\"name\":\"Cook Fellas\",\"avatar\":\"170\",\"rating\":1578,\"seed\":\"sodium,a1f1ef6dea3658a9ed142e8fde53830f\"}\n>player p2 {\"name\":\"Ale218\",\"avatar\":\"170\",\"rating\":1616,\"seed\":\"sodium,d282e04716ab4c4ed5b4e2733769b879\"}\n>p1 move thunderwave +1, move voltswitch +1\n>p2 move tailglow terastallize, move rockpolish\n>p1 pass, switch 6\n>p1 move ironhead +1, move willowisp +2\n>p2 move icebeam +2, move highhorsepower +1\n>p1 move voltswitch +1, move dracometeor +1\n>p2 move icebeam +2, move highhorsepower +1\n>p1 switch 5, pass\n>p1 move spikyshield, move shadowforce +1\n>p2 move scald +1, move rockslide\n>p1 move noretreat, move shadowforce +1\n>p2 move icebeam +2, move rockslide\n>p2 switch 5, pass\n>p1 move noretreat, move shadowsneak +1\n>p2 move muddywater, move rockslide\n>p1 pass, switch 4\n>p1 move spikyshield, move nastyplot terastallize\n>p2 move muddywater, move rockpolish\n>p1 move batonpass, move terablast +1\n>p2 move muddywater, move rockslide\n>p1 switch 5, pass\n>p1 move bodypress +2, move protect\n>p2 move muddywater, move rockslide\n>p1 switch 3, pass\n>p1 move drillrun +2, move terablast +1\n>p2 move muddywater, move rockslide\n>p1 pass, switch 6\n>p1 move drillrun +1, move bugbuzz +2\n>p2 move muddywater, move rockslide\n>forcelose p1", "uploadtime": 1770413697, "views": 87, "formatid": "gen9randomdoublesbattle", "rating": 1560, "private": 0, "password": null}