{"id": "gen9randomdoublesbattle-2539454407", "format": "[Gen 9] Random Doubles Battle", "players": ["nomadel147", "chilunsin"], "log": "|j|☆nomadel147\n|j|☆chilunsin\n|t:|1771062404\n|gametype|doubles\n|player|p1|nomadel147|102|1690\n|player|p2|chilunsin|102|1819\n|gen|9\n|tier|[Gen 9] Random Doubles Battle\n|rated|\n|rule|Species Clause: Limit one of each Pokémon\n|rule|HP Percentage Mod: HP is shown in percentages\n|rule|Illusion Level Mod: Illusion disguises the Pokémon's true level\n|rule|Sleep Clause Mod: Limit one foe put to sleep\n|\n|t:|1771062404\n|teamsize|p1|6\n|teamsize|p2|6\n|start\n|switch|p1a: Avalugg|Avalugg, L92, F|324/324\n|switch|p1b: Minior|Minior-Yellow, L83|232/232\n|switch|p2a: Glaceon|Glaceon, L86, M|252/252\n|switch|p2b: Leafeon|Leafeon, L90, F|263/263\n|-formechange|p1b: Minior|Minior-Meteor||[from] ability: Shields Down\n|turn|1\n|\n|t:|1771062455\n|switch|p1b: Magcargo|Magcargo, L93, F|262/262\n|move|p2b: Leafeon|Knock Off|p1a: Avalugg\n|-damage|p1a: Avalugg|267/324\n|-enditem|p1a: Avalugg|Leftovers|[from] move: Knock Off|[of] p2b: Leafeon\n|-damage|p2b: Leafeon|237/263|[from] item: Life Orb\n|move|p2a: Glaceon|Blizzard|p1a: Avalugg|[spread] p1a\n|-miss|p2a: Glaceon|p1b: Magcargo\n|-enditem|p2a: Glaceon|Blunder Policy\n|-boost|p2a: Glaceon|spe|2\n|-resisted|p1a: Avalugg\n|-damage|p1a: Avalugg|192/324\n|move|p1a: Avalugg|Avalanche|p1b: Magcargo\n|-resisted|p1b: Magcargo\n|-damage|p1b: Magcargo|231/262\n|-ability|p1b: Magcargo|Weak Armor|boost\n|-unboost|p1b: Magcargo|def|1\n|-boost|p1b: Magcargo|spe|2\n|\n|upkeep\n|turn|2\n|\n|t:|1771062501\n|move|p1b: Magcargo|Protect|p1b: Magcargo\n|-singleturn|p1b: Magcargo|Protect\n|move|p2a: Glaceon|Mud Shot|p1b: Magcargo\n|-activate|p1b: Magcargo|move: Protect\n|move|p2b: Leafeon|Swords Dance|p2b: Leafeon\n|-boost|p2b: Leafeon|atk|2\n|move|p1a: Avalugg|Recover|p1a: Avalugg\n|-heal|p1a: Avalugg|324/324\n|\n|upkeep\n|turn|3\n|\n|t:|1771062521\n|-terastallize|p1b: Magcargo|Fire\n|move|p2a: Glaceon|Blizzard|p1b: Magcargo|[spread] p1a,p1b\n|-resisted|p1a: Avalugg\n|-resisted|p1b: Magcargo\n|-damage|p1a: Avalugg|238/324\n|-damage|p1b: Magcargo|174/262\n|move|p2b: Leafeon|Leaf Blade|p1a: Avalugg\n|-damage|p1a: Avalugg|90/324\n|-damage|p2b: Leafeon|211/263|[from] item: Life Orb\n|move|p1b: Magcargo|Shell Smash|p1b: Magcargo\n|-unboost|p1b: Magcargo|def|1\n|-unboost|p1b: Magcargo|spd|1\n|-boost|p1b: Magcargo|atk|2\n|-boost|p1b: Magcargo|spa|2\n|-boost|p1b: Magcargo|spe|2\n|move|p1a: Avalugg|Avalanche|p2b: Leafeon\n|-supereffective|p2b: Leafeon\n|-damage|p2b: Leafeon|0 fnt\n|faint|p2b: Leafeon\n|\n|upkeep\n|\n|t:|1771062541\n|switch|p2b: Chien-Pao|Chien-Pao, L75|244/244\n|-ability|p2b: Chien-Pao|Sword of Ruin\n|turn|4\n|\n|t:|1771062577\n|move|p1b: Magcargo|Protect|p1b: Magcargo\n|-singleturn|p1b: Magcargo|Protect\n|move|p2a: Glaceon|Mud Shot|p1a: Avalugg\n|-damage|p1a: Avalugg|22/324\n|-unboost|p1a: Avalugg|spe|1\n|move|p2b: Chien-Pao|Throat Chop|p1a: Avalugg\n|-damage|p1a: Avalugg|0 fnt\n|faint|p1a: Avalugg\n|-damage|p2b: Chien-Pao|220/244|[from] item: Life Orb\n|\n|upkeep\n|\n|t:|1771062592\n|switch|p1a: Munkidori|Munkidori, L80, M|272/272\n|turn|5\n|\n|t:|1771062606\n|-terastallize|p2a: Glaceon|Ground\n|move|p2b: Chien-Pao|Protect|p2b: Chien-Pao\n|-singleturn|p2b: Chien-Pao|Protect\n|move|p1a: Munkidori|Fake Out|p2b: Chien-Pao\n|-activate|p2b: Chien-Pao|move: Protect\n|move|p1b: Magcargo|Heat Wave|p2b: Chien-Pao|[spread] p2a\n|-activate|p2b: Chien-Pao|move: Protect\n|-damage|p2a: Glaceon|0 fnt\n|faint|p2a: Glaceon\n|-damage|p1b: Magcargo|148/262|[from] item: Life Orb\n|\n|upkeep\n|\n|t:|1771062626\n|switch|p2a: Blissey|Blissey, L96, F|645/645\n|turn|6\n|\n|t:|1771062643\n|move|p1b: Magcargo|Protect|p1b: Magcargo\n|-singleturn|p1b: Magcargo|Protect\n|move|p2b: Chien-Pao|Sucker Punch||[still]\n|-fail|p2b: Chien-Pao\n|move|p1a: Munkidori|U-turn|p2b: Chien-Pao\n|-supereffective|p2b: Chien-Pao\n|-damage|p2b: Chien-Pao|124/244\n|\n|t:|1771062658\n|switch|p1a: Mamoswine|Mamoswine, L82, F|315/315|[from] U-turn\n|move|p2a: Blissey|Thunder Wave|p1a: Mamoswine\n|-immune|p1a: Mamoswine\n|\n|upkeep\n|turn|7\n|l|☆chilunsin\n|player|p2|\n|inactive|Battle timer is ON: inactive players will automatically lose when time's up. (requested by nomadel147)\n|inactive|chilunsin has 30 seconds to reconnect!\n|inactive|chilunsin has 20 seconds to reconnect!\n|inactive|chilunsin has 15 seconds to reconnect!\n|inactive|chilunsin has 10 seconds to reconnect!\n|inactive|chilunsin has 5 seconds to reconnect!\n|-message|chilunsin lost due to inactivity.\n|\n|win|nomadel147\n|raw|nomadel147's rating: 1690 &rarr; <strong>1717</strong><br />(+27 for winning)\n|raw|chilunsin's rating: 1819 &rarr; <strong>1792</strong><br />(-27 for losing)\n", "inputlog": ">version ccdc32dd7cde25fd9e4bed64820e885f66e78a4e\n>start {\"formatid\":\"gen9randomdoublesbattle\",\"seed\":\"sodium,1ba19ddf6fceaa51ff617413f803dee1\",\"rated\":\"Rated battle\"}\n>player p1 {\"name\":\"nomadel147\",\"avatar\":\"102\",\"rating\":1690,\"seed\":\"sodium,dd6942405afbb4f154bae8558dad1925\"}\n>player p2 {\"name\":\"chilunsin\",\"avatar\":\"102\",\"rating\":1819,\"seed\":\"sodium,26fedd6a9d62e0373dbb62d5cf1aa324\"}\n>p1 move avalanche -2, switch 3\n>p2 move blizzard, move knockoff +1\n>p1 move recover, move protect\n>p2 move mudshot +2, move swordsdance\n>p1 move avalanche +2, move shellsmash terastallize\n>p2 move blizzard, move leafblade +1\n>p2 pass, switch 5\n>p1 move bodypress +2, move protect\n>p2 move mudshot +1, move throatchop +1\n>p1 switch 5, pass\n>p1 move fakeout +2, move heatwave\n>p2 move mudshot +2 terastallize, move protect\n>p2 switch 6, pass\n>p1 move uturn +2, move protect\n>p2 move thunderwave +1, move suckerpunch +2\n>p1 switch 4, pass\n>forcelose p2", "uploadtime": 1771062766, "views": 76, "formatid": "gen9randomdoublesbattle", "rating": 1717, "private": 0, "password": null}