{"id": "gen9randomdoublesbattle-2535857086", "format": "[Gen 9] Random Doubles Battle", "players": ["Kero92", "baseballlover"], "log": "|j|☆Kero92\n|j|☆baseballlover\n|t:|1770621409\n|gametype|doubles\n|player|p1|Kero92|265|1528\n|player|p2|baseballlover|2|1582\n|gen|9\n|tier|[Gen 9] Random Doubles Battle\n|rated|\n|rule|Species Clause: Limit one of each Pokémon\n|rule|HP Percentage Mod: HP is shown in percentages\n|rule|Illusion Level Mod: Illusion disguises the Pokémon's true level\n|rule|Sleep Clause Mod: Limit one foe put to sleep\n|\n|t:|1770621409\n|teamsize|p1|6\n|teamsize|p2|6\n|start\n|switch|p1a: Victreebel|Victreebel, L91, M|293/293\n|switch|p1b: Ambipom|Ambipom, L87, F|272/272\n|switch|p2a: Froslass|Froslass, L88, F|266/266\n|switch|p2b: Chesnaught|Chesnaught, L86, M|292/292\n|turn|1\n|inactive|Battle timer is ON: inactive players will automatically lose when time's up. (requested by baseballlover)\n|inactive|baseballlover has 120 seconds left.\n|\n|t:|1770621468\n|move|p1b: Ambipom|Fake Out|p2b: Chesnaught\n|-damage|p2b: Chesnaught|228/292\n|move|p2a: Froslass|Triple Axel|p1a: Victreebel\n|-supereffective|p1a: Victreebel\n|-damage|p1a: Victreebel|245/293\n|-supereffective|p1a: Victreebel\n|-damage|p1a: Victreebel|149/293\n|-supereffective|p1a: Victreebel\n|-damage|p1a: Victreebel|17/293\n|-hitcount|p1a: Victreebel|3\n|move|p1a: Victreebel|Knock Off|p2a: Froslass\n|-supereffective|p2a: Froslass\n|-damage|p2a: Froslass|32/266\n|-enditem|p2a: Froslass|Wide Lens|[from] move: Knock Off|[of] p1a: Victreebel\n|-damage|p1a: Victreebel|0 fnt|[from] item: Life Orb\n|faint|p1a: Victreebel\n|cant|p2b: Chesnaught|flinch\n|\n|-heal|p2b: Chesnaught|246/292|[from] item: Leftovers\n|upkeep\n|\n|t:|1770621497\n|switch|p1a: Frosmoth|Frosmoth, L86, M|261/261\n|turn|2\n|\n|t:|1770621512\n|move|p1b: Ambipom|Knock Off|p2a: Froslass\n|-supereffective|p2a: Froslass\n|-damage|p2a: Froslass|0 fnt\n|faint|p2a: Froslass\n|move|p1a: Frosmoth|Quiver Dance|p1a: Frosmoth\n|-boost|p1a: Frosmoth|spa|1\n|-boost|p1a: Frosmoth|spd|1\n|-boost|p1a: Frosmoth|spe|1\n|move|p2b: Chesnaught|Leech Seed|p1a: Frosmoth\n|-start|p1a: Frosmoth|move: Leech Seed\n|\n|-heal|p2b: Chesnaught|264/292|[from] item: Leftovers\n|-damage|p1a: Frosmoth|229/261|[from] Leech Seed|[of] p2b: Chesnaught\n|-heal|p2b: Chesnaught|292/292|[silent]\n|upkeep\n|\n|t:|1770621519\n|switch|p2a: Hitmonlee|Hitmonlee, L86, M|226/226\n|turn|3\n|\n|t:|1770621529\n|move|p2b: Chesnaught|Spiky Shield|p2b: Chesnaught\n|-singleturn|p2b: Chesnaught|move: Protect\n|move|p1b: Ambipom|Knock Off|p2a: Hitmonlee\n|-resisted|p2a: Hitmonlee\n|-damage|p2a: Hitmonlee|177/226\n|-enditem|p2a: Hitmonlee|White Herb|[from] move: Knock Off|[of] p1b: Ambipom\n|move|p2a: Hitmonlee|Close Combat|p1b: Ambipom\n|-supereffective|p1b: Ambipom\n|-damage|p1b: Ambipom|0 fnt\n|-unboost|p2a: Hitmonlee|def|1\n|-unboost|p2a: Hitmonlee|spd|1\n|faint|p1b: Ambipom\n|move|p1a: Frosmoth|Ice Beam|p2b: Chesnaught\n|-activate|p2b: Chesnaught|move: Protect\n|\n|-damage|p1a: Frosmoth|197/261|[from] Leech Seed|[of] p2b: Chesnaught\n|upkeep\n|\n|t:|1770621544\n|switch|p1b: Enamorus|Enamorus, L79, F|247/247\n|turn|4\n|\n|t:|1770621571\n|switch|p2b: Thundurus|Thundurus, L79, M|254/254\n|move|p2a: Hitmonlee|Close Combat|p1a: Frosmoth\n|-damage|p1a: Frosmoth|0 fnt\n|-unboost|p2a: Hitmonlee|def|1\n|-unboost|p2a: Hitmonlee|spd|1\n|faint|p1a: Frosmoth\n|move|p1b: Enamorus|Springtide Storm|p2a: Hitmonlee|[spread] p2a,p2b\n|-supereffective|p2a: Hitmonlee\n|-damage|p2a: Hitmonlee|0 fnt\n|-damage|p2b: Thundurus|129/254\n|faint|p2a: Hitmonlee\n|-damage|p1b: Enamorus|223/247|[from] item: Life Orb\n|\n|upkeep\n|inactive|baseballlover has 120 seconds left.\n|\n|t:|1770621594\n|switch|p2a: Cyclizar|Cyclizar, L87, F|264/264\n|switch|p1a: Mabosstiff|Mabosstiff, L84, M|272/272\n|-ability|p1a: Mabosstiff|Intimidate|boost\n|-unboost|p2a: Cyclizar|atk|1\n|-unboost|p2b: Thundurus|atk|1\n|-ability|p2b: Thundurus|Defiant|boost\n|-boost|p2b: Thundurus|atk|2\n|turn|5\n|\n|t:|1770621606\n|move|p2a: Cyclizar|Shed Tail|p2a: Cyclizar\n|-start|p2a: Cyclizar|Substitute|[from] move: Shed Tail\n|-damage|p2a: Cyclizar|132/264\n|\n|t:|1770621611\n|switch|p2a: Chesnaught|Chesnaught, L86, M|292/292|[from] Shed Tail\n|move|p2b: Thundurus|Wildbolt Storm|p1a: Mabosstiff|[spread] p1a\n|-miss|p2b: Thundurus|p1b: Enamorus\n|-damage|p1a: Mabosstiff|147/272\n|-damage|p2b: Thundurus|104/254|[from] item: Life Orb\n|move|p1b: Enamorus|Tailwind|p1b: Enamorus\n|-sidestart|p1: Kero92|move: Tailwind\n|move|p1a: Mabosstiff|Play Rough|p2a: Chesnaught\n|-supereffective|p2a: Chesnaught\n|-end|p2a: Chesnaught|Substitute\n|\n|upkeep\n|turn|6\n|inactive|baseballlover has 120 seconds left.\n|inactive|baseballlover has 90 seconds left.\n|\n|t:|1770621680\n|move|p1b: Enamorus|Springtide Storm|p2b: Thundurus|[spread] p2a,p2b\n|-supereffective|p2a: Chesnaught\n|-damage|p2a: Chesnaught|42/292\n|-damage|p2b: Thundurus|0 fnt\n|-unboost|p2a: Chesnaught|atk|1\n|faint|p2b: Thundurus\n|-damage|p1b: Enamorus|199/247|[from] item: Life Orb\n|move|p1a: Mabosstiff|Play Rough|p2a: Chesnaught\n|-supereffective|p2a: Chesnaught\n|-damage|p2a: Chesnaught|0 fnt\n|faint|p2a: Chesnaught\n|\n|upkeep\n|\n|t:|1770621690\n|switch|p2b: Cyclizar|Cyclizar, L87, F|220/264\n|switch|p2a: Lunala|Lunala, L71|312/312\n|turn|7\n|\n|t:|1770621701\n|switch|p1a: Jolteon|Jolteon, L85, F|249/249\n|-terastallize|p2b: Cyclizar|Normal\n|move|p2a: Lunala|Protect|p2a: Lunala\n|-singleturn|p2a: Lunala|Protect\n|move|p1b: Enamorus|Springtide Storm|p2a: Lunala|[spread] p2b\n|-activate|p2a: Lunala|move: Protect\n|-damage|p2b: Cyclizar|80/264\n|-unboost|p2b: Cyclizar|atk|1\n|-damage|p1b: Enamorus|175/247|[from] item: Life Orb\n|move|p2b: Cyclizar|Double-Edge|p1b: Enamorus\n|-damage|p1b: Enamorus|0 fnt\n|faint|p1b: Enamorus\n|-damage|p2b: Cyclizar|22/264|[from] Recoil\n|-damage|p2b: Cyclizar|0 fnt|[from] item: Life Orb\n|faint|p2b: Cyclizar\n|\n|upkeep\n|\n|t:|1770621718\n|switch|p1b: Mabosstiff|Mabosstiff, L84, M|147/272\n|-ability|p1b: Mabosstiff|Intimidate|boost\n|-unboost|p2a: Lunala|atk|1\n|turn|8\n|\n|t:|1770621725\n|move|p1a: Jolteon|Calm Mind|p1a: Jolteon\n|-boost|p1a: Jolteon|spa|1\n|-boost|p1a: Jolteon|spd|1\n|move|p1b: Mabosstiff|Crunch|p2a: Lunala\n|-supereffective|p2a: Lunala\n|-damage|p2a: Lunala|0 fnt\n|faint|p2a: Lunala\n|\n|win|Kero92\n|raw|Kero92's rating: 1528 &rarr; <strong>1551</strong><br />(+23 for winning)\n|raw|baseballlover's rating: 1582 &rarr; <strong>1559</strong><br />(-23 for losing)\n", "inputlog": ">version ccdc32dd7cde25fd9e4bed64820e885f66e78a4e\n>start {\"formatid\":\"gen9randomdoublesbattle\",\"seed\":\"sodium,96ba7d39dba70e4987db7aaea5eecf3b\",\"rated\":\"Rated battle\"}\n>player p1 {\"name\":\"Kero92\",\"avatar\":\"265\",\"rating\":1528,\"seed\":\"sodium,e07efcbe67286c595291564d3967d8f0\"}\n>player p2 {\"name\":\"baseballlover\",\"avatar\":\"2\",\"rating\":1582,\"seed\":\"sodium,5d0ded78e7e0654466daf95537b1b6d5\"}\n>p1 move knockoff +1, move fakeout +2\n>p2 move tripleaxel +1, move leechseed +2\n>p1 switch 5, pass\n>p1 move quiverdance, move knockoff +1\n>p2 move poltergeist +1, move leechseed +1\n>p2 switch 5, pass\n>p1 move icebeam +2, move knockoff +1\n>p2 move closecombat +2, move spikyshield\n>p1 pass, switch 3\n>p1 move icebeam +2, move springtidestorm\n>p2 move closecombat +1, switch 6\n>p1 switch 6, pass\n>p2 switch 3, pass\n>p1 move playrough +1, move tailwind\n>p2 move shedtail, move wildboltstorm\n>p2 switch 6, pass\n>p1 move playrough +2, move springtidestorm\n>p2 move bodypress +1, move wildboltstorm\n>p2 switch 4, switch 6\n>p1 switch 4, move springtidestorm\n>p2 move protect, move doubleedge +2 terastallize\n>p1 pass, switch 4\n>p1 move calmmind, move crunch +1\n>p2 move moonblast +2, pass", "uploadtime": 1770621725, "views": 71, "formatid": "gen9randomdoublesbattle", "rating": 1551, "private": 0, "password": null}