{"id": "gen9randomdoublesbattle-2535965249", "format": "[Gen 9] Random Doubles Battle", "players": ["yes eye on1", "wardy94"], "log": "|j|☆yes eye on1\n|j|☆wardy94\n|t:|1770639466\n|gametype|doubles\n|player|p1|yes eye on1|170|1563\n|player|p2|wardy94|2|1621\n|gen|9\n|tier|[Gen 9] Random Doubles Battle\n|rated|\n|rule|Species Clause: Limit one of each Pokémon\n|rule|HP Percentage Mod: HP is shown in percentages\n|rule|Illusion Level Mod: Illusion disguises the Pokémon's true level\n|rule|Sleep Clause Mod: Limit one foe put to sleep\n|\n|t:|1770639466\n|teamsize|p1|6\n|teamsize|p2|6\n|start\n|switch|p1a: Greninja|Greninja, L83, M|255/255\n|switch|p1b: Overqwil|Overqwil, L82, M|274/274\n|switch|p2a: Rillaboom|Rillaboom, L81, M|295/295\n|switch|p2b: Swampert|Swampert, L82, M|298/298\n|-ability|p1b: Overqwil|Intimidate|boost\n|-unboost|p2a: Rillaboom|atk|1\n|-unboost|p2b: Swampert|atk|1\n|-fieldstart|move: Grassy Terrain|[from] ability: Grassy Surge|[of] p2a: Rillaboom\n|turn|1\n|inactive|Battle timer is ON: inactive players will automatically lose when time's up. (requested by wardy94)\n|\n|t:|1770639493\n|move|p2a: Rillaboom|Fake Out|p1b: Overqwil\n|-damage|p1b: Overqwil|252/274\n|move|p1a: Greninja|Hydro Pump|p2b: Swampert\n|-damage|p2b: Swampert|199/298\n|-damage|p1a: Greninja|230/255|[from] item: Life Orb\n|cant|p1b: Overqwil|flinch\n|move|p2b: Swampert|High Horsepower|p1b: Overqwil\n|-supereffective|p1b: Overqwil\n|-damage|p1b: Overqwil|124/274\n|\n|-heal|p1a: Greninja|245/255|[from] Grassy Terrain\n|-heal|p1b: Overqwil|141/274|[from] Grassy Terrain\n|-heal|p2b: Swampert|217/298|[from] Grassy Terrain\n|upkeep\n|turn|2\n|\n|t:|1770639514\n|switch|p1b: Porygon-Z|Porygon-Z, L84|280/280\n|move|p2a: Rillaboom|Grassy Glide|p1a: Greninja\n|-supereffective|p1a: Greninja\n|-damage|p1a: Greninja|89/255\n|move|p1a: Greninja|Gunk Shot|p2a: Rillaboom\n|-supereffective|p2a: Rillaboom\n|-damage|p2a: Rillaboom|58/295\n|-status|p2a: Rillaboom|psn\n|-damage|p1a: Greninja|64/255|[from] item: Life Orb\n|move|p2b: Swampert|High Horsepower|p1b: Porygon-Z\n|-damage|p1b: Porygon-Z|198/280\n|\n|-heal|p1a: Greninja|79/255|[from] Grassy Terrain\n|-heal|p1b: Porygon-Z|215/280|[from] Grassy Terrain\n|-heal|p2a: Rillaboom|76/295 psn|[from] Grassy Terrain\n|-heal|p2b: Swampert|235/298|[from] Grassy Terrain\n|-damage|p2a: Rillaboom|40/295 psn|[from] psn\n|upkeep\n|turn|3\n|\n|t:|1770639540\n|switch|p1b: Overqwil|Overqwil, L82, M|141/274\n|-ability|p1b: Overqwil|Intimidate|boost\n|-unboost|p2a: Rillaboom|atk|1\n|-unboost|p2b: Swampert|atk|1\n|move|p1a: Greninja|Protect|p1a: Greninja\n|-singleturn|p1a: Greninja|Protect\n|move|p2a: Rillaboom|Grassy Glide|p1a: Greninja\n|-activate|p1a: Greninja|move: Protect\n|move|p2b: Swampert|Knock Off|p1b: Overqwil\n|-resisted|p1b: Overqwil\n|-damage|p1b: Overqwil|122/274\n|-enditem|p1b: Overqwil|Life Orb|[from] move: Knock Off|[of] p2b: Swampert\n|\n|-heal|p1a: Greninja|94/255|[from] Grassy Terrain\n|-heal|p1b: Overqwil|139/274|[from] Grassy Terrain\n|-heal|p2a: Rillaboom|58/295 psn|[from] Grassy Terrain\n|-heal|p2b: Swampert|253/298|[from] Grassy Terrain\n|-damage|p2a: Rillaboom|22/295 psn|[from] psn\n|upkeep\n|turn|4\n|\n|t:|1770639567\n|move|p2a: Rillaboom|Grassy Glide|p1a: Greninja\n|-supereffective|p1a: Greninja\n|-damage|p1a: Greninja|0 fnt\n|faint|p1a: Greninja\n|move|p1b: Overqwil|Crunch|p2b: Swampert\n|-damage|p2b: Swampert|166/298\n|-unboost|p2b: Swampert|def|1\n|move|p2b: Swampert|Muddy Water|p1b: Overqwil\n|-damage|p1b: Overqwil|37/274\n|-unboost|p1b: Overqwil|accuracy|1\n|\n|-heal|p1b: Overqwil|54/274|[from] Grassy Terrain\n|-heal|p2a: Rillaboom|40/295 psn|[from] Grassy Terrain\n|-heal|p2b: Swampert|184/298|[from] Grassy Terrain\n|-damage|p2a: Rillaboom|4/295 psn|[from] psn\n|upkeep\n|\n|t:|1770639576\n|switch|p1a: Chimecho|Chimecho, L94, F|293/293\n|turn|5\n|\n|t:|1770639590\n|move|p1b: Overqwil|Protect|p1b: Overqwil\n|-singleturn|p1b: Overqwil|Protect\n|move|p2a: Rillaboom|Wood Hammer|p1a: Chimecho\n|-damage|p1a: Chimecho|205/293\n|-damage|p2a: Rillaboom|0 fnt|[from] Recoil\n|faint|p2a: Rillaboom\n|move|p1a: Chimecho|Psychic|p2b: Swampert\n|-damage|p2b: Swampert|102/298\n|-unboost|p2b: Swampert|spd|1\n|move|p2b: Swampert|Muddy Water|p1a: Chimecho|[spread] p1a\n|-activate|p1b: Overqwil|move: Protect\n|-damage|p1a: Chimecho|154/293\n|\n|-heal|p1b: Overqwil|71/274|[from] Grassy Terrain\n|-heal|p2b: Swampert|120/298|[from] Grassy Terrain\n|-fieldend|move: Grassy Terrain\n|upkeep\n|\n|t:|1770639610\n|switch|p2a: Regirock|Regirock, L82|265/265\n|turn|6\n|\n|t:|1770639624\n|switch|p1b: Porygon-Z|Porygon-Z, L84|215/280\n|move|p1a: Chimecho|Thunder Wave|p2a: Regirock\n|-status|p2a: Regirock|par\n|move|p2b: Swampert|Muddy Water|p1b: Porygon-Z|[spread] p1a,p1b\n|-damage|p1a: Chimecho|102/293\n|-damage|p1b: Porygon-Z|142/280\n|-enditem|p1a: Chimecho|Sitrus Berry|[eat]\n|-heal|p1a: Chimecho|175/293|[from] item: Sitrus Berry\n|move|p2a: Regirock|Curse|p2a: Regirock\n|-unboost|p2a: Regirock|spe|1\n|-boost|p2a: Regirock|atk|1\n|-boost|p2a: Regirock|def|1\n|\n|upkeep\n|turn|7\n|\n|t:|1770639640\n|move|p1b: Porygon-Z|Trick|p2a: Regirock\n|-activate|p1b: Porygon-Z|move: Trick|[of] p2a: Regirock\n|-item|p2a: Regirock|Choice Specs|[from] move: Trick\n|-item|p1b: Porygon-Z|Chesto Berry|[from] move: Trick\n|move|p1a: Chimecho|Psychic|p2b: Swampert\n|-damage|p2b: Swampert|0 fnt\n|faint|p2b: Swampert\n|cant|p2a: Regirock|par\n|\n|upkeep\n|\n|t:|1770639654\n|switch|p2b: Hawlucha|Hawlucha, L84, F|268/268\n|turn|8\n|\n|t:|1770639673\n|-terastallize|p2b: Hawlucha|Fire\n|move|p2b: Hawlucha|Swords Dance|p2b: Hawlucha\n|-boost|p2b: Hawlucha|atk|2\n|move|p1b: Porygon-Z|Tri Attack|p2b: Hawlucha\n|-damage|p2b: Hawlucha|84/268\n|move|p1a: Chimecho|Psychic|p2b: Hawlucha\n|-damage|p2b: Hawlucha|0 fnt\n|faint|p2b: Hawlucha\n|cant|p2a: Regirock|par\n|\n|upkeep\n|\n|t:|1770639689\n|switch|p2b: Gumshoos|Gumshoos, L93, M|315/315\n|turn|9\n|\n|t:|1770639699\n|move|p1b: Porygon-Z|Tri Attack|p2b: Gumshoos\n|-damage|p2b: Gumshoos|147/315\n|move|p1a: Chimecho|Thunder Wave|p2b: Gumshoos\n|-status|p2b: Gumshoos|par\n|move|p2b: Gumshoos|Knock Off|p1a: Chimecho\n|-supereffective|p1a: Chimecho\n|-damage|p1a: Chimecho|0 fnt\n|faint|p1a: Chimecho\n|cant|p2a: Regirock|par\n|\n|upkeep\n|\n|t:|1770639710\n|switch|p1a: Hippowdon|Hippowdon, L86, F|326/326\n|-weather|Sandstorm|[from] ability: Sand Stream|[of] p1a: Hippowdon\n|turn|10\n|\n|t:|1770639720\n|move|p1b: Porygon-Z|Tri Attack|p2b: Gumshoos\n|-damage|p2b: Gumshoos|0 fnt\n|faint|p2b: Gumshoos\n|move|p1a: Hippowdon|Stealth Rock|p2a: Regirock\n|-sidestart|p2: wardy94|move: Stealth Rock\n|move|p2a: Regirock|Body Press|p1a: Hippowdon\n|-damage|p1a: Hippowdon|211/326\n|\n|-weather|Sandstorm|[upkeep]\n|-damage|p1b: Porygon-Z|125/280|[from] Sandstorm\n|upkeep\n|\n|t:|1770639730\n|switch|p2b: Samurott|Samurott-Hisui, L83, M|285/285\n|-damage|p2b: Samurott|250/285|[from] Stealth Rock\n|turn|11\n|\n|t:|1770639739\n|switch|p1b: Overqwil|Overqwil, L82, M|71/274\n|-ability|p1b: Overqwil|Intimidate|boost\n|-fail|p2a: Regirock|unboost|[from] ability: Clear Body|[of] p2a: Regirock\n|-unboost|p2b: Samurott|atk|1\n|move|p2b: Samurott|Razor Shell|p1a: Hippowdon\n|-supereffective|p1a: Hippowdon\n|-damage|p1a: Hippowdon|45/326\n|-enditem|p1a: Hippowdon|Sitrus Berry|[eat]\n|-heal|p1a: Hippowdon|126/326|[from] item: Sitrus Berry\n|-damage|p2b: Samurott|222/285|[from] item: Life Orb\n|move|p1a: Hippowdon|High Horsepower|p2b: Samurott\n|-damage|p2b: Samurott|89/285\n|move|p2a: Regirock|Body Press|p1b: Overqwil\n|-damage|p1b: Overqwil|0 fnt\n|faint|p1b: Overqwil\n|\n|-weather|Sandstorm|[upkeep]\n|-damage|p2b: Samurott|72/285|[from] Sandstorm\n|upkeep\n|\n|t:|1770639756\n|switch|p1b: Heatran|Heatran, L78, F|270/270\n|turn|12\n|\n|t:|1770639770\n|move|p2b: Samurott|Protect|p2b: Samurott\n|-singleturn|p2b: Samurott|Protect\n|move|p1b: Heatran|Earth Power|p2b: Samurott\n|-activate|p2b: Samurott|move: Protect\n|move|p1a: Hippowdon|High Horsepower|p2b: Samurott\n|-activate|p2b: Samurott|move: Protect\n|cant|p2a: Regirock|par\n|\n|-weather|Sandstorm|[upkeep]\n|-damage|p2b: Samurott|55/285|[from] Sandstorm\n|upkeep\n|turn|13\n|\n|t:|1770639785\n|move|p2b: Samurott|Razor Shell|p1a: Hippowdon\n|-supereffective|p1a: Hippowdon\n|-damage|p1a: Hippowdon|0 fnt\n|faint|p1a: Hippowdon\n|-damage|p2b: Samurott|27/285|[from] item: Life Orb\n|move|p1b: Heatran|Earth Power|p2b: Samurott\n|-damage|p2b: Samurott|0 fnt\n|faint|p2b: Samurott\n|cant|p2a: Regirock|par\n|\n|-weather|Sandstorm|[upkeep]\n|upkeep\n|\n|t:|1770639793\n|switch|p1a: Porygon-Z|Porygon-Z, L84|125/280\n|turn|14\n|\n|t:|1770639800\n|-terastallize|p1a: Porygon-Z|Ghost\n|move|p1a: Porygon-Z|Shadow Ball|p2a: Regirock\n|-damage|p2a: Regirock|175/265 par\n|move|p1b: Heatran|Flash Cannon|p2a: Regirock\n|-supereffective|p2a: Regirock\n|-damage|p2a: Regirock|59/265 par\n|move|p2a: Regirock|Body Press|p1b: Heatran\n|-supereffective|p1b: Heatran\n|-damage|p1b: Heatran|10/270\n|\n|-weather|none\n|upkeep\n|turn|15\n|\n|t:|1770639812\n|move|p1a: Porygon-Z|Shadow Ball|p2a: Regirock\n|-damage|p2a: Regirock|0 fnt\n|faint|p2a: Regirock\n|\n|win|yes eye on1\n|raw|yes eye on1's rating: 1563 &rarr; <strong>1586</strong><br />(+23 for winning)\n|raw|wardy94's rating: 1621 &rarr; <strong>1598</strong><br />(-23 for losing)\n", "inputlog": ">version ccdc32dd7cde25fd9e4bed64820e885f66e78a4e\n>start {\"formatid\":\"gen9randomdoublesbattle\",\"seed\":\"sodium,72ad87c9ac9f645bb004e776e4da13e4\",\"rated\":\"Rated battle\"}\n>player p1 {\"name\":\"yes eye on1\",\"avatar\":\"170\",\"rating\":1563,\"seed\":\"sodium,8973509cbaa4ec25c814ce00723ace5d\"}\n>player p2 {\"name\":\"wardy94\",\"avatar\":\"2\",\"rating\":1621,\"seed\":\"sodium,8f9ca926af23029ea9cd6a926b311ded\"}\n>p1 move hydropump +2, move gunkshot +1\n>p2 move fakeout +2, move highhorsepower +2\n>p1 move gunkshot +1, switch 4\n>p2 move grassyglide +1, move highhorsepower +2\n>p1 move protect, switch 4\n>p2 move grassyglide +1, move knockoff +2\n>p1 move darkpulse +2, move crunch +2\n>p2 move grassyglide +1, move muddywater\n>p1 switch 5, pass\n>p1 move psychic +2, move protect\n>p2 move woodhammer +1, move muddywater\n>p2 switch 6, pass\n>p1 move thunderwave +1, switch 4\n>p2 move curse, move muddywater\n>p1 move psychic +2, move trick +1\n>p2 move rockslide, move muddywater\n>p2 pass, switch 5\n>p1 move psychic +2, move triattack +2\n>p2 move rockslide, move swordsdance terastallize\n>p2 pass, switch 3\n>p1 move thunderwave +2, move triattack +2\n>p2 move rockslide, move knockoff +1\n>p1 switch 6, pass\n>p1 move stealthrock, move triattack +2\n>p2 move bodypress +1, move knockoff +1\n>p2 pass, switch 4\n>p1 move highhorsepower +2, switch 4\n>p2 move bodypress +2, move razorshell +1\n>p1 pass, switch 3\n>p1 move highhorsepower +2, move earthpower +2\n>p2 move bodypress +2, move protect\n>p1 move highhorsepower +2, move earthpower +2\n>p2 move bodypress +2, move razorshell +1\n>p1 switch 4, pass\n>p1 move shadowball +1 terastallize, move flashcannon +1\n>p2 move bodypress +2, pass\n>p1 move shadowball +1, move flashcannon +1\n>p2 move bodypress +2, pass", "uploadtime": 1770639815, "views": 71, "formatid": "gen9randomdoublesbattle", "rating": 1586, "private": 0, "password": null}