{"id": "gen9randomdoublesbattle-2534459920", "format": "[Gen 9] Random Doubles Battle", "players": ["leeahnloo", "gingerlike"], "log": "|j|☆leeahnloo\n|j|☆gingerlike\n|t:|1770423719\n|gametype|doubles\n|player|p1|leeahnloo|169|1540\n|player|p2|gingerlike|170|1615\n|gen|9\n|tier|[Gen 9] Random Doubles Battle\n|rated|\n|rule|Species Clause: Limit one of each Pokémon\n|rule|HP Percentage Mod: HP is shown in percentages\n|rule|Illusion Level Mod: Illusion disguises the Pokémon's true level\n|rule|Sleep Clause Mod: Limit one foe put to sleep\n|\n|t:|1770423719\n|teamsize|p1|6\n|teamsize|p2|6\n|start\n|switch|p1a: Clodsire|Clodsire, L87, F|368/368\n|switch|p1b: Primarina|Primarina, L79, F|256/256\n|switch|p2a: Goodra|Goodra, L86, M|295/295\n|switch|p2b: Iron Crown|Iron Crown, L78|268/268\n|turn|1\n|inactive|Battle timer is ON: inactive players will automatically lose when time's up. (requested by gingerlike)\n|\n|t:|1770423741\n|move|p2b: Iron Crown|Psychic|p1a: Clodsire\n|-supereffective|p1a: Clodsire\n|-damage|p1a: Clodsire|84/368\n|move|p2a: Goodra|Draco Meteor|p1a: Clodsire\n|-damage|p1a: Clodsire|0 fnt\n|-unboost|p2a: Goodra|spa|2\n|faint|p1a: Clodsire\n|move|p1b: Primarina|Moonblast|p2a: Goodra\n|-supereffective|p2a: Goodra\n|-damage|p2a: Goodra|209/295\n|\n|upkeep\n|\n|t:|1770423749\n|switch|p1a: Bruxish|Bruxish, L86, F|257/257\n|turn|2\n|\n|t:|1770423778\n|-end|p2b: Iron Crown|Quark Drive|[silent]\n|switch|p2b: Jumpluff|Jumpluff, L92, F|287/287\n|switch|p2a: Eternatus|Eternatus, L70|312/312\n|-ability|p2a: Eternatus|Pressure\n|move|p1a: Bruxish|Wave Crash|p2b: Jumpluff\n|-resisted|p2b: Jumpluff\n|-damage|p2b: Jumpluff|182/287\n|-damage|p1a: Bruxish|222/257|[from] Recoil\n|move|p1b: Primarina|Moonblast|p2a: Eternatus\n|-damage|p2a: Eternatus|188/312\n|\n|-heal|p2a: Eternatus|207/312|[from] item: Leftovers\n|upkeep\n|turn|3\n|inactive|gingerlike has 120 seconds left.\n|\n|t:|1770423815\n|switch|p2a: Morpeko|Morpeko, L88, M|245/245\n|switch|p1a: Toedscruel|Toedscruel, L87, F|281/281\n|switch|p1b: Iron Moth|Iron Moth, L78|253/253\n|-enditem|p1b: Iron Moth|Booster Energy\n|-activate|p1b: Iron Moth|ability: Quark Drive|[fromitem]\n|-start|p1b: Iron Moth|quarkdrivespa\n|move|p2b: Jumpluff|Rage Powder|p2b: Jumpluff\n|-singleturn|p2b: Jumpluff|move: Rage Powder\n|\n|-formechange|p2a: Morpeko|Morpeko-Hangry||[from] ability: Hunger Switch\n|upkeep\n|turn|4\n|inactive|gingerlike has 120 seconds left.\n|inactive|leeahnloo has 120 seconds left.\n|\n|t:|1770423846\n|move|p2a: Morpeko|Fake Out|p1b: Iron Moth\n|-damage|p1b: Iron Moth|209/253\n|move|p2b: Jumpluff|Acrobatics|p1a: Toedscruel\n|-supereffective|p1a: Toedscruel\n|-damage|p1a: Toedscruel|57/281\n|-enditem|p1a: Toedscruel|Sitrus Berry|[eat]\n|-heal|p1a: Toedscruel|127/281|[from] item: Sitrus Berry\n|cant|p1b: Iron Moth|flinch\n|move|p1a: Toedscruel|Spore|p2a: Morpeko\n|-status|p2a: Morpeko|slp|[from] move: Spore\n|\n|-formechange|p2a: Morpeko|Morpeko||[from] ability: Hunger Switch\n|upkeep\n|turn|5\n|inactive|gingerlike has 120 seconds left.\n|inactive|gingerlike has 90 seconds left.\n|\n|t:|1770423895\n|move|p2b: Jumpluff|Acrobatics|p1a: Toedscruel\n|-supereffective|p1a: Toedscruel\n|-damage|p1a: Toedscruel|0 fnt\n|faint|p1a: Toedscruel\n|cant|p2a: Morpeko|slp\n|move|p1b: Iron Moth|Sludge Wave|p2b: Jumpluff|[spread] p2a,p2b\n|-supereffective|p2b: Jumpluff\n|-damage|p2a: Morpeko|100/245 slp\n|-damage|p2b: Jumpluff|0 fnt\n|-enditem|p2a: Morpeko|Sitrus Berry|[eat]\n|-heal|p2a: Morpeko|161/245 slp|[from] item: Sitrus Berry\n|faint|p2b: Jumpluff\n|\n|-formechange|p2a: Morpeko|Morpeko-Hangry||[from] ability: Hunger Switch\n|upkeep\n|inactive|gingerlike has 90 seconds left.\n|\n|t:|1770423927\n|switch|p2b: Iron Crown|Iron Crown, L78|268/268\n|switch|p1a: Primarina|Primarina, L79, F|256/256\n|turn|6\n|\n|t:|1770423945\n|cant|p2a: Morpeko|slp\n|move|p1b: Iron Moth|Protect|p1b: Iron Moth\n|-singleturn|p1b: Iron Moth|Protect\n|move|p2b: Iron Crown|Psychic|p1b: Iron Moth\n|-activate|p1b: Iron Moth|move: Protect\n|move|p1a: Primarina|Moonblast|p2a: Morpeko\n|-supereffective|p2a: Morpeko\n|-damage|p2a: Morpeko|0 fnt\n|faint|p2a: Morpeko\n|\n|upkeep\n|inactive|gingerlike has 60 seconds left.\n|\n|t:|1770423969\n|switch|p2a: Eternatus|Eternatus, L70|207/312\n|-ability|p2a: Eternatus|Pressure\n|turn|7\n|\n|t:|1770423977\n|-end|p1b: Iron Moth|Quark Drive|[silent]\n|switch|p1b: Lunala|Lunala, L71|312/312\n|-terastallize|p2a: Eternatus|Water\n|move|p1a: Primarina|Protect|p1a: Primarina\n|-singleturn|p1a: Primarina|Protect\n|move|p2a: Eternatus|Cosmic Power|p2a: Eternatus\n|-boost|p2a: Eternatus|def|1\n|-boost|p2a: Eternatus|spd|1\n|move|p2b: Iron Crown|Psychic|p1b: Lunala\n|-resisted|p1b: Lunala\n|-damage|p1b: Lunala|273/312\n|\n|-heal|p2a: Eternatus|226/312|[from] item: Leftovers\n|-heal|p1b: Lunala|292/312|[from] item: Leftovers\n|upkeep\n|turn|8\n|\n|t:|1770423989\n|-end|p2b: Iron Crown|Quark Drive|[silent]\n|switch|p2b: Goodra|Goodra, L86, M|209/295\n|move|p2a: Eternatus|Cosmic Power|p2a: Eternatus\n|-boost|p2a: Eternatus|def|1\n|-boost|p2a: Eternatus|spd|1\n|move|p1b: Lunala|Moongeist Beam|p2a: Eternatus\n|-damage|p2a: Eternatus|168/312\n|move|p1a: Primarina|Moonblast|p2a: Eternatus\n|-damage|p2a: Eternatus|101/312\n|\n|-heal|p2a: Eternatus|120/312|[from] item: Leftovers\n|-heal|p1b: Lunala|311/312|[from] item: Leftovers\n|upkeep\n|turn|9\n|inactive|gingerlike has 120 seconds left.\n|\n|t:|1770424006\n|move|p2a: Eternatus|Recover|p2a: Eternatus\n|-heal|p2a: Eternatus|276/312\n|move|p2b: Goodra|Thunderbolt|p1a: Primarina\n|-supereffective|p1a: Primarina\n|-damage|p1a: Primarina|136/256\n|move|p1b: Lunala|Moongeist Beam|p2a: Eternatus\n|-damage|p2a: Eternatus|218/312\n|move|p1a: Primarina|Moonblast|p2a: Eternatus\n|-damage|p2a: Eternatus|152/312\n|\n|-heal|p2a: Eternatus|171/312|[from] item: Leftovers\n|-heal|p1b: Lunala|312/312|[from] item: Leftovers\n|-heal|p1a: Primarina|152/256|[from] item: Leftovers\n|upkeep\n|turn|10\n|inactive|gingerlike has 120 seconds left.\n|\n|t:|1770424030\n|switch|p1a: Bruxish|Bruxish, L86, F|222/257\n|move|p2a: Eternatus|Cosmic Power|p2a: Eternatus\n|-boost|p2a: Eternatus|def|1\n|-boost|p2a: Eternatus|spd|1\n|move|p2b: Goodra|Thunderbolt|p1a: Bruxish\n|-supereffective|p1a: Bruxish\n|-damage|p1a: Bruxish|40/257\n|-status|p1a: Bruxish|par\n|move|p1b: Lunala|Moonblast|p2b: Goodra\n|-supereffective|p2b: Goodra\n|-damage|p2b: Goodra|155/295\n|\n|-heal|p2a: Eternatus|190/312|[from] item: Leftovers\n|upkeep\n|turn|11\n|-message|leeahnloo forfeited.\n|\n|win|gingerlike\n|raw|leeahnloo's rating: 1540 &rarr; <strong>1524</strong><br />(-16 for losing)\n|raw|gingerlike's rating: 1615 &rarr; <strong>1631</strong><br />(+16 for winning)\n", "inputlog": ">version ccdc32dd7cde25fd9e4bed64820e885f66e78a4e\n>start {\"formatid\":\"gen9randomdoublesbattle\",\"seed\":\"sodium,344ee00a04c9549f7b6754595acb2f59\",\"rated\":\"Rated battle\"}\n>player p1 {\"name\":\"leeahnloo\",\"avatar\":\"169\",\"rating\":1540,\"seed\":\"sodium,e8ec2fee6b4c0fff2f88ec7f9f3cb656\"}\n>player p2 {\"name\":\"gingerlike\",\"avatar\":\"170\",\"rating\":1615,\"seed\":\"sodium,0b1ae099b80f79f7e4fa6b845513d8b1\"}\n>p1 move highhorsepower +2, move moonblast +1\n>p2 move dracometeor +1, move psychic +1\n>p1 switch 3, pass\n>p1 move wavecrash +2, move moonblast +1\n>p2 switch 5, switch 3\n>p1 switch 5, switch 4\n>p2 switch 4, move ragepowder\n>p1 move spore +1, move heatwave\n>p2 move fakeout +2, move acrobatics +1\n>p1 move earthpower +1, move sludgewave\n>p2 move aurawheel +2, move acrobatics +1\n>p1 switch 4, pass\n>p2 pass, switch 3\n>p1 move moonblast +1, move protect\n>p2 move protect, move psychic +2\n>p2 switch 4, pass\n>p1 move protect, switch 6\n>p2 move cosmicpower terastallize, move psychic +2\n>p1 move moonblast +1, move moongeistbeam +1\n>p2 move cosmicpower, switch 5\n>p1 move moonblast +1, move moongeistbeam +1\n>p2 move recover, move thunderbolt +1\n>p1 switch 5, move moonblast +2\n>p2 move cosmicpower, move thunderbolt +1\n>forcelose p1", "uploadtime": 1770424044, "views": 90, "formatid": "gen9randomdoublesbattle", "rating": 1524, "private": 0, "password": null}