{"id": "gen9randomdoublesbattle-2537823113", "format": "[Gen 9] Random Doubles Battle", "players": ["samuelzelalem", "JustTrent77"], "log": "|j|☆samuelzelalem\n|j|☆JustTrent77\n|t:|1770851915\n|gametype|doubles\n|player|p1|samuelzelalem|cynthia-gen4|1740\n|player|p2|JustTrent77|169|1671\n|gen|9\n|tier|[Gen 9] Random Doubles Battle\n|rated|\n|rule|Species Clause: Limit one of each Pokémon\n|rule|HP Percentage Mod: HP is shown in percentages\n|rule|Illusion Level Mod: Illusion disguises the Pokémon's true level\n|rule|Sleep Clause Mod: Limit one foe put to sleep\n|\n|t:|1770851915\n|teamsize|p1|6\n|teamsize|p2|6\n|start\n|switch|p1a: Lucario|Lucario, L86, F|261/261\n|switch|p1b: Swanna|Swanna, L87, M|272/272\n|switch|p2a: Azelf|Azelf, L83|260/260\n|switch|p2b: Kyogre|Kyogre, L65|238/238\n|-weather|RainDance|[from] ability: Drizzle|[of] p2b: Kyogre\n|turn|1\n|inactive|Battle timer is ON: inactive players will automatically lose when time's up. (requested by JustTrent77)\n|\n|t:|1770851943\n|move|p1a: Lucario|Extreme Speed|p2b: Kyogre\n|-damage|p2b: Kyogre|134/238\n|-damage|p1a: Lucario|235/261|[from] item: Life Orb\n|move|p2a: Azelf|Psychic|p1b: Swanna\n|-damage|p1b: Swanna|103/272\n|-unboost|p1b: Swanna|spd|1\n|-damage|p2a: Azelf|234/260|[from] item: Life Orb\n|move|p2b: Kyogre|Origin Pulse|p1a: Lucario|[spread] p1a,p1b\n|-resisted|p1b: Swanna\n|-damage|p1a: Lucario|103/261\n|-damage|p1b: Swanna|6/272\n|move|p1b: Swanna|Tailwind|p1b: Swanna\n|-sidestart|p1: samuelzelalem|move: Tailwind\n|\n|-weather|RainDance|[upkeep]\n|upkeep\n|turn|2\n|\n|t:|1770851963\n|move|p1b: Swanna|Brave Bird|p2b: Kyogre\n|-damage|p2b: Kyogre|0 fnt\n|faint|p2b: Kyogre\n|-damage|p1b: Swanna|0 fnt|[from] Recoil\n|faint|p1b: Swanna\n|move|p1a: Lucario|Flash Cannon|p2a: Azelf\n|-damage|p2a: Azelf|74/260\n|-damage|p1a: Lucario|77/261|[from] item: Life Orb\n|move|p2a: Azelf|Dazzling Gleam|p1a: Lucario\n|-damage|p1a: Lucario|0 fnt\n|faint|p1a: Lucario\n|-damage|p2a: Azelf|48/260|[from] item: Life Orb\n|\n|-weather|RainDance|[upkeep]\n|upkeep\n|inactive|samuelzelalem has 120 seconds left.\n|\n|t:|1770851991\n|switch|p1b: Stonjourner|Stonjourner, L88, M|319/319\n|switch|p1a: Dachsbun|Dachsbun, L90, M|249/249\n|switch|p2b: Scyther|Scyther, L80, F|243/243\n|turn|3\n|l|☆JustTrent77\n|inactive|JustTrent77 disconnected and has a minute to reconnect!\n|player|p2|\n|j|☆JustTrent77\n|inactive|JustTrent77 reconnected and has 135 seconds left.\n|player|p2|JustTrent77|169|\n|inactive|JustTrent77 has 120 seconds left.\n|\n|t:|1770852029\n|move|p2b: Scyther|Protect|p2b: Scyther\n|-singleturn|p2b: Scyther|Protect\n|move|p1a: Dachsbun|Howl|p1a: Dachsbun|[spread] p1a,p1b\n|-boost|p1a: Dachsbun|atk|1\n|-boost|p1b: Stonjourner|atk|1\n|move|p1b: Stonjourner|Stone Edge|p2a: Azelf\n|-crit|p2a: Azelf\n|-damage|p2a: Azelf|0 fnt\n|faint|p2a: Azelf\n|-damage|p1b: Stonjourner|288/319|[from] item: Life Orb\n|\n|-weather|RainDance|[upkeep]\n|upkeep\n|\n|t:|1770852039\n|switch|p2a: Klawf|Klawf, L91, M|275/275\n|turn|4\n|\n|t:|1770852051\n|move|p1a: Dachsbun|Body Press|p2a: Klawf\n|-supereffective|p2a: Klawf\n|-damage|p2a: Klawf|135/275\n|move|p1b: Stonjourner|Stone Edge|p2b: Scyther\n|-supereffective|p2b: Scyther\n|-damage|p2b: Scyther|0 fnt\n|faint|p2b: Scyther\n|-damage|p1b: Stonjourner|257/319|[from] item: Life Orb\n|move|p2a: Klawf|Rock Slide|p1b: Stonjourner|[spread] p1a,p1b\n|-damage|p1a: Dachsbun|175/249\n|-damage|p1b: Stonjourner|197/319\n|-damage|p2a: Klawf|108/275|[from] item: Life Orb\n|\n|-weather|RainDance|[upkeep]\n|-sideend|p1: samuelzelalem|move: Tailwind\n|upkeep\n|\n|t:|1770852057\n|switch|p2b: Mewtwo|Mewtwo, L73|275/275\n|-ability|p2b: Mewtwo|Unnerve\n|turn|5\n|\n|t:|1770852066\n|move|p1b: Stonjourner|Protect|p1b: Stonjourner\n|-singleturn|p1b: Stonjourner|Protect\n|move|p2b: Mewtwo|Aura Sphere|p1b: Stonjourner\n|-activate|p1b: Stonjourner|move: Protect\n|move|p1a: Dachsbun|Snarl|p2a: Klawf|[spread] p2a,p2b\n|-supereffective|p2b: Mewtwo\n|-damage|p2a: Klawf|73/275\n|-damage|p2b: Mewtwo|209/275\n|-unboost|p2a: Klawf|spa|1\n|-unboost|p2b: Mewtwo|spa|1\n|move|p2a: Klawf|Rock Slide|p1b: Stonjourner|[spread] \n|-activate|p1b: Stonjourner|move: Protect\n|-miss|p2a: Klawf|p1a: Dachsbun\n|\n|-weather|none\n|upkeep\n|turn|6\n|\n|t:|1770852080\n|move|p2b: Mewtwo|Aura Sphere|p1b: Stonjourner\n|-supereffective|p1b: Stonjourner\n|-damage|p1b: Stonjourner|0 fnt\n|faint|p1b: Stonjourner\n|-damage|p2b: Mewtwo|182/275|[from] item: Life Orb\n|move|p1a: Dachsbun|Snarl|p2a: Klawf|[spread] p2a,p2b\n|-supereffective|p2b: Mewtwo\n|-damage|p2a: Klawf|43/275\n|-damage|p2b: Mewtwo|138/275\n|-unboost|p2a: Klawf|spa|1\n|-unboost|p2b: Mewtwo|spa|1\n|move|p2a: Klawf|Rock Slide|p1a: Dachsbun\n|-damage|p1a: Dachsbun|78/249\n|-damage|p2a: Klawf|16/275|[from] item: Life Orb\n|\n|upkeep\n|\n|t:|1770852092\n|switch|p1b: Alcremie|Alcremie, L90, F|263/263\n|turn|7\n|\n|t:|1770852110\n|switch|p2a: Weavile|Weavile, L81, M|246/246\n|move|p1b: Alcremie|Protect|p1b: Alcremie\n|-singleturn|p1b: Alcremie|Protect\n|move|p2b: Mewtwo|Psystrike|p1a: Dachsbun\n|-damage|p1a: Dachsbun|18/249\n|-damage|p2b: Mewtwo|111/275|[from] item: Life Orb\n|move|p1a: Dachsbun|Snarl|p2b: Mewtwo|[spread] p2a,p2b\n|-resisted|p2a: Weavile\n|-supereffective|p2b: Mewtwo\n|-damage|p2a: Weavile|236/246\n|-damage|p2b: Mewtwo|61/275\n|-unboost|p2a: Weavile|spa|1\n|-unboost|p2b: Mewtwo|spa|1\n|\n|upkeep\n|turn|8\n|\n|t:|1770852127\n|switch|p2b: Klawf|Klawf, L91, M|107/275\n|-enditem|p1a: Dachsbun|Sitrus Berry|[eat]\n|-heal|p1a: Dachsbun|80/249|[from] item: Sitrus Berry\n|-terastallize|p1b: Alcremie|Steel\n|move|p2a: Weavile|Ice Shard|p1a: Dachsbun\n|-damage|p1a: Dachsbun|28/249\n|-damage|p2a: Weavile|212/246|[from] item: Life Orb\n|move|p1a: Dachsbun|Body Press|p2a: Weavile\n|-supereffective|p2a: Weavile\n|-damage|p2a: Weavile|0 fnt\n|faint|p2a: Weavile\n|move|p1b: Alcremie|Dazzling Gleam|p2b: Klawf\n|-crit|p2b: Klawf\n|-damage|p2b: Klawf|0 fnt\n|faint|p2b: Klawf\n|\n|upkeep\n|-message|JustTrent77 forfeited.\n|\n|win|samuelzelalem\n|raw|samuelzelalem's rating: 1740 &rarr; <strong>1756</strong><br />(+16 for winning)\n|raw|JustTrent77's rating: 1671 &rarr; <strong>1655</strong><br />(-16 for losing)\n|l|☆JustTrent77\n|player|p2|\n", "inputlog": ">version ccdc32dd7cde25fd9e4bed64820e885f66e78a4e\n>start {\"formatid\":\"gen9randomdoublesbattle\",\"seed\":\"sodium,54ed4a8e55488e782b30ac7286de86a1\",\"rated\":\"Rated battle\"}\n>player p1 {\"name\":\"samuelzelalem\",\"avatar\":\"cynthia-gen4\",\"rating\":1740,\"seed\":\"sodium,16a78d09b2339ba6a28d863f89251241\"}\n>player p2 {\"name\":\"JustTrent77\",\"avatar\":\"169\",\"rating\":1671,\"seed\":\"sodium,784e0d1ef72d365236677954e07e727b\"}\n>p1 move extremespeed +2, move tailwind\n>p2 move psychic +2, move originpulse\n>p1 move flashcannon +1, move bravebird +2\n>p2 move dazzlinggleam, move originpulse\n>p1 switch 4, switch 6\n>p2 pass, switch 4\n>p1 move howl, move stoneedge +1\n>p2 move psychic +2, move protect\n>p2 switch 5, pass\n>p1 move bodypress +1, move stoneedge +2\n>p2 move rockslide, move tailwind\n>p2 pass, switch 3\n>p1 move snarl, move protect\n>p2 move rockslide, move aurasphere +2\n>p1 move snarl, move highhorsepower +1\n>p2 move rockslide, move aurasphere +2\n>p1 pass, switch 3\n>p1 move snarl, move protect\n>p2 switch 6, move psystrike +1\n>p1 move bodypress +1, move dazzlinggleam terastallize\n>p2 move iceshard +1, switch 6\n>forcelose p2", "uploadtime": 1770852149, "views": 71, "formatid": "gen9randomdoublesbattle", "rating": 1655, "private": 0, "password": null}