{"id": "gen9randomdoublesbattle-2534488551", "format": "[Gen 9] Random Doubles Battle", "players": ["ratchetta", "caoscontrol"], "log": "|j|☆ratchetta\n|j|☆caoscontrol\n|t:|1770427380\n|gametype|doubles\n|player|p1|ratchetta|102|1634\n|player|p2|caoscontrol|101|1578\n|gen|9\n|tier|[Gen 9] Random Doubles Battle\n|rated|\n|rule|Species Clause: Limit one of each Pokémon\n|rule|HP Percentage Mod: HP is shown in percentages\n|rule|Illusion Level Mod: Illusion disguises the Pokémon's true level\n|rule|Sleep Clause Mod: Limit one foe put to sleep\n|\n|t:|1770427380\n|teamsize|p1|6\n|teamsize|p2|6\n|start\n|switch|p1a: Cacturne|Cacturne, L91, F|275/275\n|switch|p1b: Oinkologne|Oinkologne, L92, M|352/352\n|switch|p2a: Houndoom|Houndoom, L86, F|269/269\n|switch|p2b: Comfey|Comfey, L88, M|219/219\n|-ability|p2a: Houndoom|Unnerve\n|turn|1\n|\n|t:|1770427411\n|switch|p1a: Skeledirge|Skeledirge, L80, M|298/298\n|move|p2b: Comfey|Protect|p2b: Comfey\n|-singleturn|p2b: Comfey|Protect\n|move|p2a: Houndoom|Nasty Plot|p2a: Houndoom\n|-boost|p2a: Houndoom|spa|2\n|move|p1b: Oinkologne|Double-Edge|p2a: Houndoom\n|-damage|p2a: Houndoom|50/269\n|-damage|p1b: Oinkologne|280/352|[from] Recoil\n|\n|upkeep\n|turn|2\n|\n|t:|1770427437\n|move|p1a: Skeledirge|Protect|p1a: Skeledirge\n|-singleturn|p1a: Skeledirge|Protect\n|move|p2b: Comfey|Hyper Voice|p1b: Oinkologne|[spread] p1b\n|-activate|p1a: Skeledirge|move: Protect\n|-damage|p1b: Oinkologne|170/352\n|-damage|p2b: Comfey|198/219|[from] item: Life Orb\n|move|p2a: Houndoom|Dark Pulse|p1b: Oinkologne\n|-damage|p1b: Oinkologne|0 fnt\n|faint|p1b: Oinkologne\n|-damage|p2a: Houndoom|24/269|[from] item: Life Orb\n|\n|upkeep\n|\n|t:|1770427447\n|switch|p1b: Cacturne|Cacturne, L91, F|275/275\n|turn|3\n|\n|t:|1770427466\n|move|p2a: Houndoom|Sucker Punch|p1a: Skeledirge\n|-supereffective|p1a: Skeledirge\n|-damage|p1a: Skeledirge|132/298\n|-damage|p2a: Houndoom|0 fnt|[from] item: Life Orb\n|faint|p2a: Houndoom\n|move|p1b: Cacturne|Sucker Punch|p2b: Comfey\n|-supereffective|p2b: Comfey\n|-damage|p2b: Comfey|0 fnt\n|replace|p2b: Zoroark|Zoroark-Hisui, L80, F\n|-end|p2b: Zoroark|Illusion\n|-hint|Illusion Level Mod is active, so this Pokémon's true level was hidden.\n|faint|p2b: Zoroark\n|-damage|p1b: Cacturne|248/275|[from] item: Life Orb\n|move|p1a: Skeledirge|Torch Song|p2: Houndoom|[notarget]\n|-fail|p1a: Skeledirge\n|\n|-heal|p1a: Skeledirge|150/298|[from] item: Leftovers\n|upkeep\n|\n|t:|1770427481\n|switch|p2b: Whimsicott|Whimsicott, L80, F|227/227\n|switch|p2a: Roaring Moon|Roaring Moon, L76|285/285\n|turn|4\n|\n|t:|1770427493\n|move|p2b: Whimsicott|Encore|p1b: Cacturne\n|-hint|Since gen 7, Dark is immune to Prankster moves.\n|-immune|p1b: Cacturne\n|move|p2a: Roaring Moon|Dragon Dance|p2a: Roaring Moon\n|-boost|p2a: Roaring Moon|atk|1\n|-boost|p2a: Roaring Moon|spe|1\n|move|p1b: Cacturne|Knock Off|p2a: Roaring Moon\n|-resisted|p2a: Roaring Moon\n|-damage|p2a: Roaring Moon|176/285\n|-enditem|p2a: Roaring Moon|Clear Amulet|[from] move: Knock Off|[of] p1b: Cacturne\n|-damage|p1b: Cacturne|221/275|[from] item: Life Orb\n|move|p1a: Skeledirge|Slack Off|p1a: Skeledirge\n|-heal|p1a: Skeledirge|298/298\n|\n|upkeep\n|turn|5\n|\n|t:|1770427516\n|move|p2a: Roaring Moon|Knock Off|p1a: Skeledirge\n|-supereffective|p1a: Skeledirge\n|-damage|p1a: Skeledirge|98/298\n|-enditem|p1a: Skeledirge|Leftovers|[from] move: Knock Off|[of] p2a: Roaring Moon\n|move|p2b: Whimsicott|Moonblast|p1b: Cacturne\n|-supereffective|p1b: Cacturne\n|-damage|p1b: Cacturne|33/275\n|move|p1a: Skeledirge|Torch Song|p2b: Whimsicott\n|-supereffective|p2b: Whimsicott\n|-damage|p2b: Whimsicott|33/227\n|-boost|p1a: Skeledirge|spa|1\n|-enditem|p2b: Whimsicott|Sitrus Berry|[eat]\n|-heal|p2b: Whimsicott|89/227|[from] item: Sitrus Berry\n|move|p1b: Cacturne|Leaf Storm|p2a: Roaring Moon\n|-resisted|p2a: Roaring Moon\n|-damage|p2a: Roaring Moon|67/285\n|-unboost|p1b: Cacturne|spa|2\n|-damage|p1b: Cacturne|6/275|[from] item: Life Orb\n|\n|upkeep\n|turn|6\n|\n|t:|1770427544\n|move|p2a: Roaring Moon|Protect|p2a: Roaring Moon\n|-singleturn|p2a: Roaring Moon|Protect\n|move|p1b: Cacturne|Sucker Punch||[still]\n|-fail|p1b: Cacturne\n|move|p2b: Whimsicott|Moonblast|p1b: Cacturne\n|-supereffective|p1b: Cacturne\n|-damage|p1b: Cacturne|0 fnt\n|faint|p1b: Cacturne\n|move|p1a: Skeledirge|Slack Off|p1a: Skeledirge\n|-heal|p1a: Skeledirge|247/298\n|\n|upkeep\n|\n|t:|1770427556\n|switch|p1b: Sandaconda|Sandaconda, L88, M|270/270\n|turn|7\n|\n|t:|1770427565\n|-terastallize|p1a: Skeledirge|Fairy\n|move|p2b: Whimsicott|Encore|p1a: Skeledirge\n|-start|p1a: Skeledirge|Encore\n|move|p2a: Roaring Moon|Knock Off|p1b: Sandaconda\n|-damage|p1b: Sandaconda|158/270\n|-enditem|p1b: Sandaconda|Leftovers|[from] move: Knock Off|[of] p2a: Roaring Moon\n|move|p1b: Sandaconda|Coil|p1b: Sandaconda\n|-boost|p1b: Sandaconda|atk|1\n|-boost|p1b: Sandaconda|def|1\n|-boost|p1b: Sandaconda|accuracy|1\n|move|p1a: Skeledirge|Slack Off|p1a: Skeledirge\n|-heal|p1a: Skeledirge|298/298\n|\n|upkeep\n|turn|8\n|\n|t:|1770427582\n|move|p2b: Whimsicott|Encore|p1b: Sandaconda\n|-start|p1b: Sandaconda|Encore\n|move|p2a: Roaring Moon|Dragon Dance|p2a: Roaring Moon\n|-boost|p2a: Roaring Moon|atk|1\n|-boost|p2a: Roaring Moon|spe|1\n|move|p1b: Sandaconda|Coil|p1b: Sandaconda\n|-boost|p1b: Sandaconda|atk|1\n|-boost|p1b: Sandaconda|def|1\n|-boost|p1b: Sandaconda|accuracy|1\n|move|p1a: Skeledirge|Slack Off||[still]\n|-fail|p1a: Skeledirge|heal\n|\n|upkeep\n|turn|9\n|\n|t:|1770427602\n|move|p2a: Roaring Moon|Dragon Claw|p1b: Sandaconda\n|-damage|p1b: Sandaconda|89/270\n|move|p2b: Whimsicott|Moonblast|p1b: Sandaconda\n|-damage|p1b: Sandaconda|7/270\n|move|p1b: Sandaconda|Coil|p1b: Sandaconda\n|-boost|p1b: Sandaconda|atk|1\n|-boost|p1b: Sandaconda|def|1\n|-boost|p1b: Sandaconda|accuracy|1\n|move|p1a: Skeledirge|Slack Off||[still]\n|-fail|p1a: Skeledirge|heal\n|\n|-end|p1a: Skeledirge|Encore\n|upkeep\n|turn|10\n|\n|t:|1770427620\n|move|p2b: Whimsicott|Encore|p1a: Skeledirge\n|-start|p1a: Skeledirge|Encore\n|move|p2a: Roaring Moon|Dragon Claw|p1b: Sandaconda\n|-damage|p1b: Sandaconda|0 fnt\n|faint|p1b: Sandaconda\n|move|p1a: Skeledirge|Slack Off||[still]\n|-fail|p1a: Skeledirge|heal\n|\n|upkeep\n|\n|t:|1770427624\n|switch|p1b: Ursaluna|Ursaluna, L77, M|327/327\n|turn|11\n|\n|t:|1770427636\n|move|p2a: Roaring Moon|Knock Off|p1b: Ursaluna\n|-crit|p1b: Ursaluna\n|-damage|p1b: Ursaluna|0 fnt\n|-enditem|p1b: Ursaluna|Flame Orb|[from] move: Knock Off|[of] p2a: Roaring Moon\n|faint|p1b: Ursaluna\n|move|p2b: Whimsicott|Moonblast|p1a: Skeledirge\n|-damage|p1a: Skeledirge|198/298\n|move|p1a: Skeledirge|Slack Off|p1a: Skeledirge\n|-heal|p1a: Skeledirge|298/298\n|\n|upkeep\n|-message|ratchetta forfeited.\n|\n|win|caoscontrol\n|raw|ratchetta's rating: 1634 &rarr; <strong>1611</strong><br />(-23 for losing)\n|raw|caoscontrol's rating: 1578 &rarr; <strong>1601</strong><br />(+23 for winning)\n|l|☆ratchetta\n|player|p1|\n", "inputlog": ">version ccdc32dd7cde25fd9e4bed64820e885f66e78a4e\n>start {\"formatid\":\"gen9randomdoublesbattle\",\"seed\":\"sodium,e93182b8c6a4153fdcd2eb3d6769d448\",\"rated\":\"Rated battle\"}\n>player p1 {\"name\":\"ratchetta\",\"avatar\":\"102\",\"rating\":1634,\"seed\":\"sodium,49a4b2fa71d26f9bc74863bff5a2706a\"}\n>player p2 {\"name\":\"caoscontrol\",\"avatar\":\"101\",\"rating\":1578,\"seed\":\"sodium,682b58961e16846f21b0d3a773ac3948\"}\n>p1 switch 3, move doubleedge +1\n>p2 move nastyplot, move protect\n>p1 move protect, move doubleedge +1\n>p2 move darkpulse +2, move hypervoice\n>p1 pass, switch 3\n>p1 move torchsong +2, move suckerpunch +1\n>p2 move suckerpunch +1, move bittermalice +1\n>p2 switch 3, switch 5\n>p1 move slackoff, move knockoff +1\n>p2 move dragondance, move encore +2\n>p1 move torchsong +2, move leafstorm +1\n>p2 move knockoff +1, move moonblast +2\n>p1 move slackoff, move suckerpunch +1\n>p2 move protect, move moonblast +2\n>p1 pass, switch 4\n>p1 move torchsong +1 terastallize, move coil\n>p2 move knockoff +2, move encore +1\n>p1 move slackoff, move highhorsepower +1\n>p2 move dragondance, move encore +2\n>p1 move slackoff, move coil\n>p2 move dragonclaw +2, move moonblast +2\n>p1 move torchsong +1, move coil\n>p2 move dragonclaw +2, move encore +1\n>p1 pass, switch 6\n>p1 move slackoff, move earthquake\n>p2 move knockoff +2, move moonblast +2\n>forcelose p1", "uploadtime": 1770427645, "views": 88, "formatid": "gen9randomdoublesbattle", "rating": 1601, "private": 0, "password": null}