{"id": "gen9randomdoublesbattle-2535418464", "format": "[Gen 9] Random Doubles Battle", "players": ["Socram08", "ignachase"], "log": "|j|☆Socram08\n|j|☆ignachase\n|t:|1770565743\n|gametype|doubles\n|player|p1|Socram08|falkner|1862\n|player|p2|ignachase|doubleteam|1953\n|gen|9\n|tier|[Gen 9] Random Doubles Battle\n|rated|\n|rule|Species Clause: Limit one of each Pokémon\n|rule|HP Percentage Mod: HP is shown in percentages\n|rule|Illusion Level Mod: Illusion disguises the Pokémon's true level\n|rule|Sleep Clause Mod: Limit one foe put to sleep\n|\n|t:|1770565743\n|teamsize|p1|6\n|teamsize|p2|6\n|start\n|switch|p1a: Gyarados|Gyarados, L80, M|283/283\n|switch|p1b: Bellibolt|Bellibolt, L81, F|309/309\n|switch|p2a: Chesnaught|Chesnaught, L86, M|292/292\n|switch|p2b: Porygon2|Porygon2, L82|274/274\n|-ability|p1a: Gyarados|Intimidate|boost\n|-unboost|p2a: Chesnaught|atk|1\n|-unboost|p2b: Porygon2|atk|1\n|-ability|p2b: Porygon2|Download|boost\n|-boost|p2b: Porygon2|atk|1\n|turn|1\n|inactive|Battle timer is ON: inactive players will automatically lose when time's up. (requested by ignachase)\n|inactive|Socram08 also wants the timer to be on.\n|c|☆ignachase|hf!\n|inactive|ignachase has 120 seconds left.\n|\n|t:|1770565802\n|switch|p1a: Grumpig|Grumpig, L91, M|293/293\n|move|p2a: Chesnaught|Coaching|p2b: Porygon2\n|-boost|p2b: Porygon2|atk|1\n|-boost|p2b: Porygon2|def|1\n|move|p1b: Bellibolt|Thunderbolt|p2b: Porygon2\n|-damage|p2b: Porygon2|214/274\n|move|p2b: Porygon2|Trick Room|p2b: Porygon2\n|-fieldstart|move: Trick Room|[of] p2b: Porygon2\n|\n|upkeep\n|turn|2\n|\n|t:|1770565825\n|switch|p2a: Appletun|Appletun, L92, F|352/352\n|move|p2b: Porygon2|Shadow Ball|p1a: Grumpig\n|-supereffective|p1a: Grumpig\n|-damage|p1a: Grumpig|199/293\n|-unboost|p1a: Grumpig|spd|1\n|move|p1b: Bellibolt|Thunderbolt|p2b: Porygon2\n|-damage|p2b: Porygon2|151/274\n|move|p1a: Grumpig|Psychic|p2b: Porygon2\n|-damage|p2b: Porygon2|57/274\n|-damage|p1a: Grumpig|170/293|[from] item: Life Orb\n|\n|upkeep\n|turn|3\n|\n|t:|1770565843\n|move|p2b: Porygon2|Recover|p2b: Porygon2\n|-heal|p2b: Porygon2|194/274\n|move|p2a: Appletun|Apple Acid|p1a: Grumpig\n|-damage|p1a: Grumpig|40/293\n|-unboost|p1a: Grumpig|spd|1\n|move|p1b: Bellibolt|Thunderbolt|p2b: Porygon2\n|-damage|p2b: Porygon2|136/274\n|move|p1a: Grumpig|Dazzling Gleam|p2b: Porygon2|[spread] p2a,p2b\n|-supereffective|p2a: Appletun\n|-damage|p2a: Appletun|235/352\n|-damage|p2b: Porygon2|96/274\n|-damage|p1a: Grumpig|11/293|[from] item: Life Orb\n|\n|upkeep\n|turn|4\n|\n|t:|1770565858\n|move|p2b: Porygon2|Recover|p2b: Porygon2\n|-heal|p2b: Porygon2|233/274\n|move|p2a: Appletun|Leech Seed|p1b: Bellibolt|[miss]\n|-miss|p2a: Appletun|p1b: Bellibolt\n|move|p1b: Bellibolt|Thunderbolt|p2b: Porygon2\n|-damage|p2b: Porygon2|175/274\n|move|p1a: Grumpig|Dazzling Gleam|p2a: Appletun|[spread] p2a,p2b\n|-supereffective|p2a: Appletun\n|-damage|p2a: Appletun|105/352\n|-damage|p2b: Porygon2|136/274\n|-activate|p2a: Appletun|ability: Ripen\n|-enditem|p2a: Appletun|Sitrus Berry|[eat]\n|-heal|p2a: Appletun|281/352|[from] item: Sitrus Berry\n|-damage|p1a: Grumpig|0 fnt|[from] item: Life Orb\n|faint|p1a: Grumpig\n|\n|upkeep\n|\n|t:|1770565871\n|switch|p1a: Blissey|Blissey, L96, F|645/645\n|turn|5\n|\n|t:|1770565880\n|move|p2b: Porygon2|Recover|p2b: Porygon2\n|-heal|p2b: Porygon2|273/274\n|move|p2a: Appletun|Leech Seed|p1a: Blissey\n|-start|p1a: Blissey|move: Leech Seed\n|move|p1b: Bellibolt|Thunderbolt|p2b: Porygon2\n|-damage|p2b: Porygon2|212/274\n|-status|p2b: Porygon2|par\n|move|p1a: Blissey|Thunder Wave|p2a: Appletun\n|-status|p2a: Appletun|par\n|\n|-damage|p1a: Blissey|565/645|[from] Leech Seed|[of] p2a: Appletun\n|-heal|p2a: Appletun|352/352 par|[silent]\n|-fieldend|move: Trick Room\n|upkeep\n|turn|6\n|\n|t:|1770565894\n|move|p1a: Blissey|Thunder Wave|p2b: Porygon2\n|-fail|p2b: Porygon2|par\n|move|p1b: Bellibolt|Thunderbolt|p2b: Porygon2\n|-damage|p2b: Porygon2|151/274 par\n|move|p2a: Appletun|Apple Acid|p1b: Bellibolt\n|-damage|p1b: Bellibolt|194/309\n|-unboost|p1b: Bellibolt|spd|1\n|-start|p1b: Bellibolt|Charge|Apple Acid|[from] ability: Electromorphosis\n|move|p2b: Porygon2|Trick Room|p2b: Porygon2\n|-fieldstart|move: Trick Room|[of] p2b: Porygon2\n|\n|-damage|p1a: Blissey|485/645|[from] Leech Seed|[of] p2a: Appletun\n|upkeep\n|turn|7\n|\n|t:|1770565911\n|switch|p1a: Braviary|Braviary, L82, M|298/298\n|move|p2b: Porygon2|Tera Blast|p1b: Bellibolt\n|-damage|p1b: Bellibolt|65/309\n|-start|p1b: Bellibolt|Charge|Tera Blast|[from] ability: Electromorphosis\n|-enditem|p1b: Bellibolt|Sitrus Berry|[eat]\n|-heal|p1b: Bellibolt|142/309|[from] item: Sitrus Berry\n|move|p2a: Appletun|Apple Acid|p1b: Bellibolt\n|-damage|p1b: Bellibolt|0 fnt\n|faint|p1b: Bellibolt\n|\n|upkeep\n|\n|t:|1770565928\n|switch|p1b: Blissey|Blissey, L96, F|485/645\n|turn|8\n|\n|t:|1770565934\n|cant|p2a: Appletun|par\n|move|p1a: Braviary|Protect|p1a: Braviary\n|-singleturn|p1a: Braviary|Protect\n|move|p2b: Porygon2|Tera Blast|p1a: Braviary\n|-activate|p1a: Braviary|move: Protect\n|move|p1b: Blissey|Hyper Voice|p2a: Appletun|[spread] p2a,p2b\n|-damage|p2a: Appletun|274/352 par\n|-damage|p2b: Porygon2|102/274 par\n|\n|upkeep\n|turn|9\n|\n|t:|1770565951\n|switch|p2a: Carbink|Carbink, L88|231/231\n|move|p2b: Porygon2|Recover|p2b: Porygon2\n|-heal|p2b: Porygon2|239/274 par\n|move|p1b: Blissey|Hyper Voice|p2a: Carbink|[spread] p2a,p2b\n|-resisted|p2a: Carbink\n|-damage|p2a: Carbink|206/231\n|-damage|p2b: Porygon2|187/274 par\n|move|p1a: Braviary|Brave Bird|p2a: Carbink\n|-resisted|p2a: Carbink\n|-damage|p2a: Carbink|144/231\n|-damage|p1a: Braviary|278/298|[from] Recoil\n|-damage|p1a: Braviary|249/298|[from] item: Life Orb\n|\n|-heal|p2a: Carbink|158/231|[from] item: Leftovers\n|upkeep\n|turn|10\n|\n|t:|1770565969\n|move|p2b: Porygon2|Recover|p2b: Porygon2\n|-heal|p2b: Porygon2|274/274 par\n|move|p2a: Carbink|Iron Defense|p2a: Carbink\n|-boost|p2a: Carbink|def|2\n|move|p1b: Blissey|Thunder Wave|p2a: Carbink\n|-status|p2a: Carbink|par\n|move|p1a: Braviary|Close Combat|p2b: Porygon2\n|-supereffective|p2b: Porygon2\n|-damage|p2b: Porygon2|162/274 par\n|-unboost|p1a: Braviary|def|1\n|-unboost|p1a: Braviary|spd|1\n|-damage|p1a: Braviary|220/298|[from] item: Life Orb\n|\n|-heal|p2a: Carbink|172/231 par|[from] item: Leftovers\n|-fieldend|move: Trick Room\n|upkeep\n|turn|11\n|\n|t:|1770565985\n|move|p1b: Blissey|Helping Hand|p1a: Braviary\n|-singleturn|p1a: Braviary|Helping Hand|[of] p1b: Blissey\n|move|p1a: Braviary|Close Combat|p2b: Porygon2\n|-supereffective|p2b: Porygon2\n|-damage|p2b: Porygon2|1/274 par\n|-unboost|p1a: Braviary|def|1\n|-unboost|p1a: Braviary|spd|1\n|-damage|p1a: Braviary|191/298|[from] item: Life Orb\n|move|p2b: Porygon2|Recover|p2b: Porygon2\n|-heal|p2b: Porygon2|138/274 par\n|move|p2a: Carbink|Trick Room|p2a: Carbink\n|-fieldstart|move: Trick Room|[of] p2a: Carbink\n|\n|-heal|p2a: Carbink|186/231 par|[from] item: Leftovers\n|upkeep\n|turn|12\n|\n|t:|1770566000\n|move|p1a: Braviary|Protect|p1a: Braviary\n|-singleturn|p1a: Braviary|Protect\n|move|p2a: Carbink|Body Press|p1b: Blissey\n|-supereffective|p1b: Blissey\n|-damage|p1b: Blissey|0 fnt\n|faint|p1b: Blissey\n|move|p2b: Porygon2|Tera Blast|p1a: Braviary\n|-activate|p1a: Braviary|move: Protect\n|\n|-heal|p2a: Carbink|200/231 par|[from] item: Leftovers\n|upkeep\n|-message|Socram08 forfeited.\n|\n|win|ignachase\n|raw|Socram08's rating: 1862 &rarr; <strong>1847</strong><br />(-15 for losing)\n|raw|ignachase's rating: 1953 &rarr; <strong>1968</strong><br />(+15 for winning)\n|l|☆Socram08\n|player|p1|\n", "inputlog": ">version ccdc32dd7cde25fd9e4bed64820e885f66e78a4e\n>start {\"formatid\":\"gen9randomdoublesbattle\",\"seed\":\"sodium,c68c89e882c3aaaa4c472cfd7733075a\",\"rated\":\"Rated battle\"}\n>player p1 {\"name\":\"Socram08\",\"avatar\":\"falkner\",\"rating\":1862,\"seed\":\"sodium,1a08d4c5ff678e1cedfff28bb2d7781c\"}\n>player p2 {\"name\":\"ignachase\",\"avatar\":\"doubleteam\",\"rating\":1953,\"seed\":\"sodium,2d248e5bae4a41d2c851163855efb3df\"}\n>chat ☆ignachase|hf!\n>p1 switch 6, move thunderbolt +2\n>p2 move coaching -2, move trickroom\n>p1 move psychic +2, move thunderbolt +2\n>p2 switch 5, move shadowball +1\n>p1 move dazzlinggleam, move thunderbolt +2\n>p2 move appleacid +1, move recover\n>p1 move dazzlinggleam, move thunderbolt +2\n>p2 move leechseed +2, move recover\n>p1 switch 4, pass\n>p1 move thunderwave +1, move thunderbolt +2\n>p2 move leechseed +1, move recover\n>p1 move thunderwave +2, move thunderbolt +2\n>p2 move appleacid +2, move trickroom\n>p1 switch 5, move thunderbolt +2\n>p2 move appleacid +2, move terablast +2\n>p1 pass, switch 5\n>p1 move protect, move hypervoice\n>p2 move protect, move terablast +1\n>p1 move bravebird +1, move hypervoice\n>p2 switch 4, move recover\n>p1 move closecombat +2, move thunderwave +1\n>p2 move irondefense, move recover\n>p1 move closecombat +2, move helpinghand -1\n>p2 move trickroom, move recover\n>p1 move protect, move hypervoice\n>p2 move bodypress +2, move terablast +1\n>forcelose p1", "uploadtime": 1770566015, "views": 86, "formatid": "gen9randomdoublesbattle", "rating": 1847, "private": 0, "password": null}