{"id": "gen9randomdoublesbattle-2534665908", "format": "[Gen 9] Random Doubles Battle", "players": ["Dott-Virus", "baseballlover"], "log": "|j|☆Dott-Virus\n|j|☆baseballlover\n|t:|1770457274\n|gametype|doubles\n|player|p1|Dott-Virus|grimsley|1648\n|player|p2|baseballlover|1|1610\n|gen|9\n|tier|[Gen 9] Random Doubles Battle\n|rated|\n|rule|Species Clause: Limit one of each Pokémon\n|rule|HP Percentage Mod: HP is shown in percentages\n|rule|Illusion Level Mod: Illusion disguises the Pokémon's true level\n|rule|Sleep Clause Mod: Limit one foe put to sleep\n|\n|t:|1770457274\n|teamsize|p1|6\n|teamsize|p2|6\n|start\n|switch|p1a: Crabominable|Crabominable, L89, M|317/317\n|switch|p1b: Veluza|Veluza, L88, F|302/302\n|switch|p2a: Smeargle|Smeargle, M|272/272\n|switch|p2b: Dugtrio|Dugtrio-Alola, L89, F|207/207\n|turn|1\n|inactive|Battle timer is ON: inactive players will automatically lose when time's up. (requested by baseballlover)\n|\n|t:|1770457292\n|move|p2a: Smeargle|Spiky Shield|p2a: Smeargle\n|-singleturn|p2a: Smeargle|move: Protect\n|move|p2b: Dugtrio|Iron Head|p1a: Crabominable\n|-supereffective|p1a: Crabominable\n|-damage|p1a: Crabominable|49/317\n|-damage|p2b: Dugtrio|187/207|[from] item: Life Orb\n|move|p1b: Veluza|Aqua Cutter|p2b: Dugtrio\n|-supereffective|p2b: Dugtrio\n|-damage|p2b: Dugtrio|0 fnt\n|faint|p2b: Dugtrio\n|move|p1a: Crabominable|Drain Punch|p2a: Smeargle\n|-activate|p2a: Smeargle|move: Protect\n|-damage|p1a: Crabominable|10/317|[from] Spiky Shield|[of] p2a: Smeargle\n|\n|upkeep\n|\n|t:|1770457302\n|switch|p2b: Regieleki|Regieleki, L79|256/256\n|turn|2\n|\n|t:|1770457323\n|move|p2b: Regieleki|Electroweb|p1a: Crabominable|[spread] p1a,p1b\n|-supereffective|p1b: Veluza\n|-damage|p1a: Crabominable|0 fnt\n|-damage|p1b: Veluza|168/302\n|-unboost|p1b: Veluza|spe|1\n|faint|p1a: Crabominable\n|move|p2a: Smeargle|No Retreat|p2a: Smeargle\n|-boost|p2a: Smeargle|atk|1\n|-boost|p2a: Smeargle|def|1\n|-boost|p2a: Smeargle|spa|1\n|-boost|p2a: Smeargle|spd|1\n|-boost|p2a: Smeargle|spe|1\n|-start|p2a: Smeargle|move: No Retreat\n|move|p1b: Veluza|Aqua Cutter|p2b: Regieleki\n|-crit|p2b: Regieleki\n|-damage|p2b: Regieleki|0 fnt\n|faint|p2b: Regieleki\n|\n|upkeep\n|inactive|baseballlover has 120 seconds left.\n|\n|t:|1770457356\n|switch|p2b: Clefable|Clefable, L87, M|307/307\n|switch|p1a: Hitmontop|Hitmontop, L88, M|231/231\n|-ability|p1a: Hitmontop|Intimidate|boost\n|-unboost|p2a: Smeargle|atk|1\n|-unboost|p2b: Clefable|atk|1\n|turn|3\n|\n|t:|1770457370\n|move|p1a: Hitmontop|Fake Out|p2a: Smeargle\n|-damage|p2a: Smeargle|239/272\n|cant|p2a: Smeargle|flinch\n|move|p2b: Clefable|Thunder Wave|p1a: Hitmontop\n|-status|p1a: Hitmontop|par\n|move|p1b: Veluza|Aqua Cutter|p2a: Smeargle\n|-damage|p2a: Smeargle|38/272\n|\n|upkeep\n|turn|4\n|inactive|Dott-Virus has 120 seconds left.\n|\n|t:|1770457400\n|move|p1a: Hitmontop|Sucker Punch|p2a: Smeargle\n|-damage|p2a: Smeargle|0 fnt\n|faint|p2a: Smeargle\n|move|p2b: Clefable|Moonblast|p1a: Hitmontop\n|-supereffective|p1a: Hitmontop\n|-damage|p1a: Hitmontop|45/231 par\n|-enditem|p1a: Hitmontop|Sitrus Berry|[eat]\n|-heal|p1a: Hitmontop|102/231 par|[from] item: Sitrus Berry\n|move|p1b: Veluza|Aqua Cutter|p2b: Clefable\n|-damage|p2b: Clefable|78/307\n|-enditem|p2b: Clefable|Sitrus Berry|[eat]\n|-heal|p2b: Clefable|154/307|[from] item: Sitrus Berry\n|\n|upkeep\n|\n|t:|1770457412\n|switch|p2a: Chimecho|Chimecho, L94, F|293/293\n|turn|5\n|\n|t:|1770457426\n|switch|p1a: Fezandipiti|Fezandipiti, L81, M|275/275\n|move|p2a: Chimecho|Psychic|p1a: Fezandipiti\n|-supereffective|p1a: Fezandipiti\n|-damage|p1a: Fezandipiti|143/275\n|move|p2b: Clefable|Moonblast|p1b: Veluza\n|-damage|p1b: Veluza|53/302\n|move|p1b: Veluza|Aqua Cutter|p2a: Chimecho\n|-damage|p2a: Chimecho|110/293\n|-enditem|p2a: Chimecho|Sitrus Berry|[eat]\n|-heal|p2a: Chimecho|183/293|[from] item: Sitrus Berry\n|\n|upkeep\n|turn|6\n|inactive|baseballlover has 120 seconds left.\n|inactive|baseballlover has 90 seconds left.\n|\n|t:|1770457491\n|-terastallize|p2b: Clefable|Steel\n|move|p1a: Fezandipiti|Gunk Shot|p2b: Clefable\n|-immune|p2b: Clefable\n|move|p2a: Chimecho|Psychic|p1a: Fezandipiti\n|-supereffective|p1a: Fezandipiti\n|-damage|p1a: Fezandipiti|15/275\n|-unboost|p1a: Fezandipiti|spd|1\n|move|p2b: Clefable|Moonblast|p1b: Veluza\n|-damage|p1b: Veluza|0 fnt\n|faint|p1b: Veluza\n|\n|upkeep\n|\n|t:|1770457507\n|switch|p1b: Wugtrio|Wugtrio, L92, F|214/214\n|turn|7\n|\n|t:|1770457531\n|move|p1b: Wugtrio|Stomping Tantrum|p2b: Clefable\n|-supereffective|p2b: Clefable\n|-damage|p2b: Clefable|0 fnt\n|faint|p2b: Clefable\n|move|p1a: Fezandipiti|U-turn|p2a: Chimecho\n|-supereffective|p2a: Chimecho\n|-damage|p2a: Chimecho|89/293\n|-status|p2a: Chimecho|tox|[from] ability: Toxic Chain|[of] p1a: Fezandipiti\n|\n|t:|1770457539\n|switch|p1a: Hitmontop|Hitmontop, L88, M|102/231 par|[from] U-turn\n|-ability|p1a: Hitmontop|Intimidate|boost\n|-unboost|p2a: Chimecho|atk|1\n|move|p2a: Chimecho|Psychic|p1a: Hitmontop\n|-supereffective|p1a: Hitmontop\n|-damage|p1a: Hitmontop|0 fnt\n|faint|p1a: Hitmontop\n|\n|-damage|p2a: Chimecho|71/293 tox|[from] psn\n|upkeep\n|\n|t:|1770457546\n|switch|p1a: Fezandipiti|Fezandipiti, L81, M|15/275\n|switch|p2b: Dialga|Dialga-Origin, L74|270/270\n|turn|8\n|inactive|baseballlover has 120 seconds left.\n|\n|t:|1770457570\n|move|p1b: Wugtrio|Stomping Tantrum|p2b: Dialga\n|-supereffective|p2b: Dialga\n|-damage|p2b: Dialga|90/270\n|move|p1a: Fezandipiti|Moonblast|p2a: Chimecho\n|-damage|p2a: Chimecho|4/293 tox\n|-unboost|p2a: Chimecho|spa|1\n|move|p2b: Dialga|Flash Cannon|p1a: Fezandipiti\n|-supereffective|p1a: Fezandipiti\n|-damage|p1a: Fezandipiti|0 fnt\n|faint|p1a: Fezandipiti\n|move|p2a: Chimecho|Psychic|p1b: Wugtrio\n|-damage|p1b: Wugtrio|129/214\n|\n|-damage|p2a: Chimecho|0 fnt|[from] psn\n|faint|p2a: Chimecho\n|upkeep\n|\n|t:|1770457579\n|switch|p1a: Talonflame|Talonflame, L82, M|262/262\n|turn|9\n|\n|t:|1770457586\n|move|p1b: Wugtrio|Stomping Tantrum|p2b: Dialga\n|-supereffective|p2b: Dialga\n|-damage|p2b: Dialga|0 fnt\n|faint|p2b: Dialga\n|\n|win|Dott-Virus\n|raw|Dott-Virus's rating: 1648 &rarr; <strong>1666</strong><br />(+18 for winning)\n|raw|baseballlover's rating: 1610 &rarr; <strong>1592</strong><br />(-18 for losing)\n", "inputlog": ">version ccdc32dd7cde25fd9e4bed64820e885f66e78a4e\n>start {\"formatid\":\"gen9randomdoublesbattle\",\"seed\":\"sodium,6c22e27b1c852d2fbf2fb578c1d703f7\",\"rated\":\"Rated battle\"}\n>player p1 {\"name\":\"Dott-Virus\",\"avatar\":\"grimsley\",\"rating\":1648,\"seed\":\"sodium,bfebc30e74cd90b45f8b203b6f56712d\"}\n>player p2 {\"name\":\"baseballlover\",\"avatar\":\"1\",\"rating\":1610,\"seed\":\"sodium,64111dd7b46cb58c634f9e4726f123fd\"}\n>p1 move drainpunch +1, move aquacutter +2\n>p2 move spikyshield, move ironhead +1\n>p2 pass, switch 5\n>p1 move drainpunch +1, move aquacutter +2\n>p2 move noretreat, move electroweb\n>p1 switch 5, pass\n>p2 pass, switch 3\n>p1 move fakeout +1, move aquacutter +1\n>p2 move populationbomb +2, move thunderwave +1\n>p1 move suckerpunch +1, move aquacutter +1\n>p2 move populationbomb +2, move moonblast +1\n>p2 switch 6, pass\n>p1 switch 6, move aquacutter +1\n>p2 move psychic +1, move moonblast +2\n>p1 move gunkshot +2, move aquacutter +1\n>p2 move psychic +1, move moonblast +2 terastallize\n>p1 pass, switch 3\n>p1 move uturn +1, move stompingtantrum +2\n>p2 move psychic +1, move moonblast +2\n>p1 switch 6, pass\n>p1 switch 6, pass\n>p2 pass, switch 4\n>p1 move moonblast +1, move stompingtantrum +2\n>p2 move psychic +2, move flashcannon +1\n>p1 switch 4, pass\n>p1 move overheat +2, move stompingtantrum +2\n>p2 pass, move flashcannon +2", "uploadtime": 1770457587, "views": 93, "formatid": "gen9randomdoublesbattle", "rating": 1592, "private": 0, "password": null}