{"id": "gen9randomdoublesbattle-2540938790", "format": "[Gen 9] Random Doubles Battle", "players": ["baseballlover", "davinxy"], "log": "|j|☆baseballlover\n|j|☆davinxy\n|t:|1771269033\n|gametype|doubles\n|player|p1|baseballlover|265|1672\n|player|p2|davinxy|169|1681\n|gen|9\n|tier|[Gen 9] Random Doubles Battle\n|rated|\n|rule|Species Clause: Limit one of each Pokémon\n|rule|HP Percentage Mod: HP is shown in percentages\n|rule|Illusion Level Mod: Illusion disguises the Pokémon's true level\n|rule|Sleep Clause Mod: Limit one foe put to sleep\n|\n|t:|1771269033\n|teamsize|p1|6\n|teamsize|p2|6\n|start\n|switch|p1a: Latias|Latias, L80, F|259/259\n|switch|p1b: Pecharunt|Pecharunt, L78|265/265\n|switch|p2a: Cacturne|Cacturne, L91, F|275/275\n|switch|p2b: Cyclizar|Cyclizar, L87, F|264/264\n|turn|1\n|inactive|Battle timer is ON: inactive players will automatically lose when time's up. (requested by baseballlover)\n|\n|t:|1771269061\n|move|p2b: Cyclizar|Draco Meteor|p1a: Latias\n|-supereffective|p1a: Latias\n|-damage|p1a: Latias|0 fnt\n|-unboost|p2b: Cyclizar|spa|2\n|faint|p1a: Latias\n|-damage|p2b: Cyclizar|238/264|[from] item: Life Orb\n|move|p1b: Pecharunt|Malignant Chain|p2a: Cacturne\n|-supereffective|p2a: Cacturne\n|-damage|p2a: Cacturne|83/275\n|-status|p2a: Cacturne|tox\n|-start|p2a: Cacturne|confusion|[from] ability: Poison Puppeteer|[of] p1b: Pecharunt\n|-activate|p2a: Cacturne|confusion\n|-damage|p2a: Cacturne|35/275 tox|[from] confusion\n|\n|-damage|p2a: Cacturne|18/275 tox|[from] psn\n|upkeep\n|\n|t:|1771269076\n|switch|p1a: Garganacl|Garganacl, L81, M|295/295\n|turn|2\n|\n|t:|1771269087\n|move|p1b: Pecharunt|Protect|p1b: Pecharunt\n|-singleturn|p1b: Pecharunt|Protect\n|-activate|p2a: Cacturne|confusion\n|move|p2a: Cacturne|Sucker Punch||[still]\n|-fail|p2a: Cacturne\n|move|p2b: Cyclizar|Knock Off|p1b: Pecharunt\n|-activate|p1b: Pecharunt|move: Protect\n|move|p1a: Garganacl|Stealth Rock|p2b: Cyclizar\n|-sidestart|p2: davinxy|move: Stealth Rock\n|\n|-damage|p2a: Cacturne|0 fnt|[from] psn\n|faint|p2a: Cacturne\n|upkeep\n|\n|t:|1771269101\n|switch|p2a: Camerupt|Camerupt, L88, M|266/266\n|-damage|p2a: Camerupt|233/266|[from] Stealth Rock\n|turn|3\n|inactive|baseballlover has 120 seconds left.\n|\n|t:|1771269137\n|switch|p1b: Vivillon|Vivillon-Polar, L88, M|284/284\n|move|p2b: Cyclizar|Shed Tail|p2b: Cyclizar\n|-start|p2b: Cyclizar|Substitute|[from] move: Shed Tail\n|-damage|p2b: Cyclizar|106/264\n|\n|t:|1771269149\n|switch|p2b: Iron Boulder|Iron Boulder, L77|265/265|[from] Shed Tail\n|-damage|p2b: Iron Boulder|232/265|[from] Stealth Rock\n|-enditem|p2b: Iron Boulder|Booster Energy\n|-activate|p2b: Iron Boulder|ability: Quark Drive|[fromitem]\n|-start|p2b: Iron Boulder|quarkdrivespe\n|move|p2a: Camerupt|Stealth Rock|p1a: Garganacl\n|-sidestart|p1: baseballlover|move: Stealth Rock\n|move|p1a: Garganacl|Salt Cure|p2a: Camerupt\n|-damage|p2a: Camerupt|185/266\n|-start|p2a: Camerupt|Salt Cure\n|\n|-damage|p2a: Camerupt|152/266|[from] Salt Cure\n|upkeep\n|turn|4\n|inactive|baseballlover has 120 seconds left.\n|\n|t:|1771269181\n|move|p2b: Iron Boulder|Mighty Cleave|p1b: Vivillon\n|-supereffective|p1b: Vivillon\n|-damage|p1b: Vivillon|0 fnt\n|faint|p1b: Vivillon\n|move|p2a: Camerupt|Earth Power|p1a: Garganacl\n|-supereffective|p1a: Garganacl\n|-damage|p1a: Garganacl|53/295\n|move|p1a: Garganacl|Salt Cure|p2b: Iron Boulder\n|-activate|p2b: Iron Boulder|move: Substitute|[damage]\n|\n|-heal|p1a: Garganacl|71/295|[from] item: Leftovers\n|-damage|p2a: Camerupt|119/266|[from] Salt Cure\n|upkeep\n|-enditem|p2a: Camerupt|Sitrus Berry|[eat]\n|-heal|p2a: Camerupt|185/266|[from] item: Sitrus Berry\n|\n|t:|1771269190\n|switch|p1b: Zarude|Zarude-Dada, L80|299/299\n|-damage|p1b: Zarude|262/299|[from] Stealth Rock\n|turn|5\n|\n|t:|1771269204\n|move|p1a: Garganacl|Protect|p1a: Garganacl\n|-singleturn|p1a: Garganacl|Protect\n|move|p2b: Iron Boulder|Close Combat|p1b: Zarude\n|-supereffective|p1b: Zarude\n|-damage|p1b: Zarude|108/299\n|-unboost|p2b: Iron Boulder|def|1\n|-unboost|p2b: Iron Boulder|spd|1\n|move|p1b: Zarude|Knock Off|p2b: Iron Boulder\n|-supereffective|p2b: Iron Boulder\n|-end|p2b: Iron Boulder|Substitute\n|-damage|p1b: Zarude|79/299|[from] item: Life Orb\n|move|p2a: Camerupt|Heat Wave|p1b: Zarude|[spread] p1b\n|-activate|p1a: Garganacl|move: Protect\n|-supereffective|p1b: Zarude\n|-crit|p1b: Zarude\n|-damage|p1b: Zarude|0 fnt\n|faint|p1b: Zarude\n|\n|-heal|p1a: Garganacl|89/295|[from] item: Leftovers\n|-damage|p2a: Camerupt|152/266|[from] Salt Cure\n|upkeep\n|\n|t:|1771269211\n|switch|p1b: Mesprit|Mesprit, L86|278/278\n|-damage|p1b: Mesprit|244/278|[from] Stealth Rock\n|turn|6\n|\n|t:|1771269234\n|move|p2b: Iron Boulder|Protect|p2b: Iron Boulder\n|-singleturn|p2b: Iron Boulder|Protect\n|move|p1b: Mesprit|U-turn|p2b: Iron Boulder\n|-activate|p2b: Iron Boulder|move: Protect\n|move|p2a: Camerupt|Earth Power|p1a: Garganacl\n|-supereffective|p1a: Garganacl\n|-damage|p1a: Garganacl|0 fnt\n|faint|p1a: Garganacl\n|\n|-damage|p2a: Camerupt|119/266|[from] Salt Cure\n|upkeep\n|\n|t:|1771269237\n|switch|p1a: Pecharunt|Pecharunt, L78|265/265\n|-damage|p1a: Pecharunt|232/265|[from] Stealth Rock\n|turn|7\n|\n|t:|1771269256\n|-terastallize|p1a: Pecharunt|Dark\n|move|p2b: Iron Boulder|Mighty Cleave|p1b: Mesprit\n|-damage|p1b: Mesprit|157/278\n|move|p1b: Mesprit|U-turn|p2a: Camerupt\n|-resisted|p2a: Camerupt\n|-damage|p2a: Camerupt|89/266\n|move|p1a: Pecharunt|Shadow Ball|p2b: Iron Boulder\n|-supereffective|p2b: Iron Boulder\n|-damage|p2b: Iron Boulder|52/265\n|move|p2a: Camerupt|Earth Power|p1a: Pecharunt\n|-damage|p1a: Pecharunt|115/265\n|-enditem|p1a: Pecharunt|Sitrus Berry|[eat]\n|-heal|p1a: Pecharunt|181/265|[from] item: Sitrus Berry\n|\n|-damage|p2a: Camerupt|56/266|[from] Salt Cure\n|upkeep\n|turn|8\n|\n|t:|1771269281\n|move|p2b: Iron Boulder|Protect|p2b: Iron Boulder\n|-singleturn|p2b: Iron Boulder|Protect\n|move|p1b: Mesprit|U-turn|p2a: Camerupt\n|-resisted|p2a: Camerupt\n|-damage|p2a: Camerupt|23/266\n|move|p1a: Pecharunt|Shadow Ball|p2b: Iron Boulder\n|-activate|p2b: Iron Boulder|move: Protect\n|move|p2a: Camerupt|Heat Wave|p1a: Pecharunt|[spread] p1a,p1b\n|-crit|p1a: Pecharunt\n|-damage|p1a: Pecharunt|36/265\n|-damage|p1b: Mesprit|84/278\n|-status|p1b: Mesprit|brn\n|\n|-damage|p1b: Mesprit|67/278 brn|[from] brn\n|-damage|p2a: Camerupt|0 fnt|[from] Salt Cure\n|faint|p2a: Camerupt\n|upkeep\n|\n|t:|1771269293\n|switch|p2a: Cyclizar|Cyclizar, L87, F|194/264\n|-damage|p2a: Cyclizar|161/264|[from] Stealth Rock\n|turn|9\n|\n|t:|1771269302\n|move|p2b: Iron Boulder|Close Combat|p1a: Pecharunt\n|-supereffective|p1a: Pecharunt\n|-damage|p1a: Pecharunt|0 fnt\n|-unboost|p2b: Iron Boulder|def|1\n|-unboost|p2b: Iron Boulder|spd|1\n|faint|p1a: Pecharunt\n|move|p1b: Mesprit|U-turn|p2b: Iron Boulder\n|-supereffective|p2b: Iron Boulder\n|-damage|p2b: Iron Boulder|0 fnt\n|faint|p2b: Iron Boulder\n|-end|p2b: Iron Boulder|Quark Drive|[silent]\n|move|p2a: Cyclizar|Knock Off|p1b: Mesprit\n|-supereffective|p1b: Mesprit\n|-damage|p1b: Mesprit|0 fnt\n|-enditem|p1b: Mesprit|Choice Scarf|[from] move: Knock Off|[of] p2a: Cyclizar\n|faint|p1b: Mesprit\n|-damage|p2a: Cyclizar|135/264|[from] item: Life Orb\n|\n|win|davinxy\n|raw|baseballlover's rating: 1672 &rarr; <strong>1653</strong><br />(-19 for losing)\n|raw|davinxy's rating: 1681 &rarr; <strong>1700</strong><br />(+19 for winning)\n", "inputlog": ">version 686819e5e19f8a7fd2345cfc5a08a5085efa2cc3\n>start {\"formatid\":\"gen9randomdoublesbattle\",\"seed\":\"sodium,e8e02fa3b038c4ef72f2b6dd31d951f3\",\"rated\":\"Rated battle\"}\n>player p1 {\"name\":\"baseballlover\",\"avatar\":\"265\",\"rating\":1672,\"seed\":\"sodium,b966e3d5d5982093e7ba9b97d91bd2b0\"}\n>player p2 {\"name\":\"davinxy\",\"avatar\":\"169\",\"rating\":1681,\"seed\":\"sodium,88249710900efcfdd72135e085510154\"}\n>p1 move dragonpulse +2, move malignantchain +1\n>p2 move knockoff +2, move dracometeor +1\n>p1 switch 6, pass\n>p1 move stealthrock, move protect\n>p2 move suckerpunch +2, move knockoff +2\n>p2 switch 4, pass\n>p1 move saltcure +1, switch 4\n>p2 move stealthrock, move shedtail\n>p2 pass, switch 5\n>p1 move saltcure +2, move pollenpuff +2\n>p2 move earthpower +1, move mightycleave +2\n>p1 pass, switch 3\n>p1 move protect, move knockoff +2\n>p2 move heatwave, move closecombat +2\n>p1 pass, switch 5\n>p1 move saltcure +2, move uturn +2\n>p2 move earthpower +1, move protect\n>p1 switch 4, pass\n>p1 move shadowball +2 terastallize, move uturn +1\n>p2 move earthpower +1, move mightycleave +2\n>p1 move shadowball +2, move uturn +1\n>p2 move heatwave, move protect\n>p2 switch 5, pass\n>p1 move malignantchain +1, move uturn +2\n>p2 move knockoff +2, move closecombat +1", "uploadtime": 1771269303, "views": 1, "formatid": "gen9randomdoublesbattle", "rating": 1653, "private": 0, "password": null}