{"id": "gen9randomdoublesbattle-2539212602", "format": "[Gen 9] Random Doubles Battle", "players": ["71m80", "miguelnr8"], "log": "|j|☆71m80\n|j|☆miguelnr8\n|t:|1771023722\n|gametype|doubles\n|player|p1|71m80|1|1527\n|player|p2|miguelnr8|1|1525\n|gen|9\n|tier|[Gen 9] Random Doubles Battle\n|rated|\n|rule|Species Clause: Limit one of each Pokémon\n|rule|HP Percentage Mod: HP is shown in percentages\n|rule|Illusion Level Mod: Illusion disguises the Pokémon's true level\n|rule|Sleep Clause Mod: Limit one foe put to sleep\n|\n|t:|1771023722\n|teamsize|p1|6\n|teamsize|p2|6\n|start\n|switch|p1a: Toxapex|Toxapex, L92, M|241/241\n|switch|p1b: Flapple|Flapple, L95, M|287/287\n|switch|p2a: Kilowattrel|Kilowattrel, L80, F|243/243\n|switch|p2b: Eiscue|Eiscue, L89, F|278/278\n|turn|1\n|\n|t:|1771023749\n|switch|p1b: Coalossal|Coalossal, L90, M|344/344\n|move|p2a: Kilowattrel|Tailwind|p2a: Kilowattrel\n|-sidestart|p2: miguelnr8|move: Tailwind\n|move|p2b: Eiscue|Ice Spinner|p1b: Coalossal\n|-resisted|p1b: Coalossal\n|-damage|p1b: Coalossal|315/344\n|move|p1a: Toxapex|Toxic|p2b: Eiscue\n|-status|p2b: Eiscue|tox\n|\n|-damage|p2b: Eiscue|261/278 tox|[from] psn\n|upkeep\n|turn|2\n|inactive|Battle timer is ON: inactive players will automatically lose when time's up. (requested by miguelnr8)\n|\n|t:|1771023780\n|move|p2a: Kilowattrel|Thunderbolt|p1a: Toxapex\n|-supereffective|p1a: Toxapex\n|-damage|p1a: Toxapex|77/241\n|-damage|p2a: Kilowattrel|219/243|[from] item: Life Orb\n|move|p2b: Eiscue|Liquidation|p1b: Coalossal\n|-supereffective|p1b: Coalossal\n|-damage|p1b: Coalossal|147/344\n|-enditem|p1b: Coalossal|Sitrus Berry|[eat]\n|-heal|p1b: Coalossal|233/344|[from] item: Sitrus Berry\n|move|p1a: Toxapex|Infestation|p2b: Eiscue\n|-damage|p2b: Eiscue|251/278 tox\n|-activate|p2b: Eiscue|move: Infestation|[of] p1a: Toxapex\n|move|p1b: Coalossal|Stone Edge|p2a: Kilowattrel|[miss]\n|-miss|p1b: Coalossal|p2a: Kilowattrel\n|\n|-heal|p1a: Toxapex|92/241|[from] item: Leftovers\n|-damage|p2b: Eiscue|217/278 tox|[from] psn\n|-damage|p2b: Eiscue|183/278 tox|[from] move: Infestation|[partiallytrapped]\n|upkeep\n|turn|3\n|\n|t:|1771023808\n|move|p2a: Kilowattrel|Protect|p2a: Kilowattrel\n|-singleturn|p2a: Kilowattrel|Protect\n|move|p1a: Toxapex|Baneful Bunker|p1a: Toxapex\n|-singleturn|p1a: Toxapex|move: Protect\n|move|p2b: Eiscue|Liquidation|p1b: Coalossal\n|-supereffective|p1b: Coalossal\n|-damage|p1b: Coalossal|53/344\n|move|p1b: Coalossal|Stealth Rock|p2a: Kilowattrel\n|-sidestart|p2: miguelnr8|move: Stealth Rock\n|\n|-heal|p1a: Toxapex|107/241|[from] item: Leftovers\n|-damage|p2b: Eiscue|132/278 tox|[from] psn\n|-damage|p2b: Eiscue|98/278 tox|[from] move: Infestation|[partiallytrapped]\n|upkeep\n|-enditem|p2b: Eiscue|Sitrus Berry|[eat]\n|-heal|p2b: Eiscue|167/278 tox|[from] item: Sitrus Berry\n|turn|4\n|inactive|71m80 has 120 seconds left.\n|\n|t:|1771023838\n|switch|p1b: Volcanion|Volcanion, L75|244/244\n|-terastallize|p1a: Toxapex|Grass\n|move|p2a: Kilowattrel|Thunderbolt|p1a: Toxapex\n|-resisted|p1a: Toxapex\n|-damage|p1a: Toxapex|68/241\n|-damage|p2a: Kilowattrel|195/243|[from] item: Life Orb\n|move|p2b: Eiscue|Liquidation|p1b: Volcanion\n|-immune|p1b: Volcanion|[from] ability: Water Absorb\n|move|p1a: Toxapex|Recover|p1a: Toxapex\n|-heal|p1a: Toxapex|189/241\n|\n|-heal|p1a: Toxapex|204/241|[from] item: Leftovers\n|-damage|p2b: Eiscue|99/278 tox|[from] psn\n|-damage|p2b: Eiscue|65/278 tox|[from] move: Infestation|[partiallytrapped]\n|-sideend|p2: miguelnr8|move: Tailwind\n|upkeep\n|turn|5\n|\n|t:|1771023861\n|move|p1b: Volcanion|Protect|p1b: Volcanion\n|-singleturn|p1b: Volcanion|Protect\n|move|p2a: Kilowattrel|Thunderbolt|p1b: Volcanion\n|-activate|p1b: Volcanion|move: Protect\n|move|p2b: Eiscue|Ice Spinner|p1a: Toxapex\n|-supereffective|p1a: Toxapex\n|-damage|p1a: Toxapex|106/241\n|move|p1a: Toxapex|Toxic|p2a: Kilowattrel\n|-status|p2a: Kilowattrel|tox\n|\n|-heal|p1a: Toxapex|121/241|[from] item: Leftovers\n|-damage|p2a: Kilowattrel|180/243 tox|[from] psn\n|-damage|p2b: Eiscue|0 fnt|[from] psn\n|faint|p2b: Eiscue\n|upkeep\n|\n|t:|1771023878\n|switch|p2b: Clefairy|Clefairy, L98, F|296/296\n|-damage|p2b: Clefairy|259/296|[from] Stealth Rock\n|turn|6\n|\n|t:|1771023897\n|switch|p1b: Flapple|Flapple, L95, M|287/287\n|move|p2b: Clefairy|Helping Hand|p2a: Kilowattrel\n|-singleturn|p2a: Kilowattrel|Helping Hand|[of] p2b: Clefairy\n|move|p2a: Kilowattrel|Thunderbolt|p1b: Flapple\n|-resisted|p1b: Flapple\n|-damage|p1b: Flapple|239/287\n|-damage|p2a: Kilowattrel|156/243 tox|[from] item: Life Orb\n|move|p1a: Toxapex|Recover|p1a: Toxapex\n|-heal|p1a: Toxapex|241/241\n|\n|-damage|p2a: Kilowattrel|126/243 tox|[from] psn\n|upkeep\n|turn|7\n|\n|t:|1771023916\n|switch|p1b: Coalossal|Coalossal, L90, M|53/344\n|move|p2b: Clefairy|Helping Hand|p2a: Kilowattrel\n|-singleturn|p2a: Kilowattrel|Helping Hand|[of] p2b: Clefairy\n|move|p2a: Kilowattrel|Hurricane|p1a: Toxapex\n|-supereffective|p1a: Toxapex\n|-damage|p1a: Toxapex|0 fnt\n|faint|p1a: Toxapex\n|-damage|p2a: Kilowattrel|102/243 tox|[from] item: Life Orb\n|\n|-damage|p2a: Kilowattrel|57/243 tox|[from] psn\n|upkeep\n|inactive|71m80 has 120 seconds left.\n|\n|t:|1771023938\n|switch|p1a: Flapple|Flapple, L95, M|239/287\n|turn|8\n|\n|t:|1771023960\n|move|p2a: Kilowattrel|Thunderbolt|p1b: Coalossal\n|-damage|p1b: Coalossal|0 fnt\n|faint|p1b: Coalossal\n|-damage|p2a: Kilowattrel|33/243 tox|[from] item: Life Orb\n|move|p1a: Flapple|Dragon Dance|p1a: Flapple\n|-boost|p1a: Flapple|atk|1\n|-boost|p1a: Flapple|spe|1\n|move|p2b: Clefairy|Moonblast|p1a: Flapple\n|-supereffective|p1a: Flapple\n|-damage|p1a: Flapple|17/287\n|-unboost|p1a: Flapple|spa|1\n|-activate|p1a: Flapple|ability: Ripen\n|-enditem|p1a: Flapple|Sitrus Berry|[eat]\n|-heal|p1a: Flapple|159/287|[from] item: Sitrus Berry\n|\n|-damage|p2a: Kilowattrel|0 fnt|[from] psn\n|faint|p2a: Kilowattrel\n|upkeep\n|inactive|71m80 has 120 seconds left.\n|\n|t:|1771023985\n|switch|p2a: Brambleghast|Brambleghast, L86, F|235/235\n|switch|p1b: Passimian|Passimian, L82, M|298/298\n|-damage|p2a: Brambleghast|206/235|[from] Stealth Rock\n|turn|9\n|inactive|71m80 has 120 seconds left.\n|\n|t:|1771024018\n|move|p2b: Clefairy|Follow Me|p2b: Clefairy\n|-singleturn|p2b: Clefairy|move: Follow Me\n|move|p1a: Flapple|Grav Apple|p2b: Clefairy\n|-damage|p2b: Clefairy|96/296\n|-unboost|p2b: Clefairy|def|1\n|move|p1b: Passimian|Gunk Shot|p2b: Clefairy\n|-supereffective|p2b: Clefairy\n|-damage|p2b: Clefairy|0 fnt\n|faint|p2b: Clefairy\n|move|p2a: Brambleghast|Rapid Spin|p1a: Flapple\n|-damage|p1a: Flapple|119/287\n|-boost|p2a: Brambleghast|spe|1\n|-sideend|p2: miguelnr8|Stealth Rock|[from] move: Rapid Spin|[of] p2a: Brambleghast\n|\n|upkeep\n|\n|t:|1771024033\n|switch|p2b: Avalugg|Avalugg, L92, F|324/324\n|turn|10\n|\n|t:|1771024046\n|move|p2a: Brambleghast|Poltergeist|p1b: Passimian\n|-activate|p1b: Passimian|move: Poltergeist|Choice Scarf\n|-damage|p1b: Passimian|148/298\n|move|p1a: Flapple|Dragon Rush|p2a: Brambleghast\n|-damage|p2a: Brambleghast|0 fnt\n|faint|p2a: Brambleghast\n|move|p1b: Passimian|Gunk Shot|p2b: Avalugg|[miss]\n|-miss|p1b: Passimian|p2b: Avalugg\n|move|p2b: Avalugg|Avalanche|p1a: Flapple\n|-supereffective|p1a: Flapple\n|-damage|p1a: Flapple|0 fnt\n|faint|p1a: Flapple\n|\n|upkeep\n|\n|t:|1771024061\n|switch|p2a: Inteleon|Inteleon, L78, F|237/237\n|switch|p1a: Volcanion|Volcanion, L75|244/244\n|turn|11\n|inactive|miguelnr8 has 120 seconds left.\n|\n|t:|1771024093\n|-terastallize|p2b: Avalugg|Water\n|move|p1b: Passimian|Gunk Shot|p2a: Inteleon|[miss]\n|-miss|p1b: Passimian|p2a: Inteleon\n|move|p2a: Inteleon|Scald|p1b: Passimian\n|-damage|p1b: Passimian|0 fnt\n|faint|p1b: Passimian\n|move|p1a: Volcanion|Heat Wave|p2b: Avalugg|[spread] p2b\n|-miss|p1a: Volcanion|p2a: Inteleon\n|-resisted|p2b: Avalugg\n|-damage|p2b: Avalugg|270/324\n|-status|p2b: Avalugg|brn\n|move|p2b: Avalugg|Body Press|p1a: Volcanion\n|-damage|p1a: Volcanion|190/244\n|\n|-heal|p2b: Avalugg|290/324 brn|[from] item: Leftovers\n|-damage|p2b: Avalugg|270/324 brn|[from] brn\n|upkeep\n|\n|t:|1771024110\n|switch|p1b: Regidrago|Regidrago, L74|418/418\n|turn|12\n|\n|t:|1771024138\n|move|p1b: Regidrago|Dragon Claw|p2a: Inteleon\n|-damage|p2a: Inteleon|92/237\n|move|p2a: Inteleon|Scald|p1b: Regidrago\n|-resisted|p1b: Regidrago\n|-damage|p1b: Regidrago|310/418\n|move|p1a: Volcanion|Steam Eruption|p2a: Inteleon\n|-resisted|p2a: Inteleon\n|-damage|p2a: Inteleon|17/237\n|move|p2b: Avalugg|Avalanche|p1b: Regidrago\n|-supereffective|p1b: Regidrago\n|-damage|p1b: Regidrago|163/418\n|\n|-heal|p2b: Avalugg|290/324 brn|[from] item: Leftovers\n|-damage|p2b: Avalugg|270/324 brn|[from] brn\n|upkeep\n|turn|13\n|inactive|71m80 has 120 seconds left.\n|\n|t:|1771024170\n|move|p1b: Regidrago|Dragon Claw|p2a: Inteleon\n|-damage|p2a: Inteleon|0 fnt\n|faint|p2a: Inteleon\n|move|p1a: Volcanion|Steam Eruption|p2b: Avalugg\n|-resisted|p2b: Avalugg\n|-damage|p2b: Avalugg|192/324 brn\n|move|p2b: Avalugg|Avalanche|p1b: Regidrago\n|-supereffective|p1b: Regidrago\n|-damage|p1b: Regidrago|19/418\n|\n|-heal|p2b: Avalugg|212/324 brn|[from] item: Leftovers\n|-damage|p2b: Avalugg|192/324 brn|[from] brn\n|upkeep\n|turn|14\n|\n|t:|1771024185\n|move|p1b: Regidrago|Dragon Claw|p2b: Avalugg\n|-damage|p2b: Avalugg|140/324 brn\n|move|p1a: Volcanion|Steam Eruption|p2b: Avalugg\n|-resisted|p2b: Avalugg\n|-damage|p2b: Avalugg|62/324 brn\n|move|p2b: Avalugg|Recover|p2b: Avalugg\n|-heal|p2b: Avalugg|224/324 brn\n|\n|-heal|p2b: Avalugg|244/324 brn|[from] item: Leftovers\n|-damage|p2b: Avalugg|224/324 brn|[from] brn\n|upkeep\n|turn|15\n|\n|t:|1771024199\n|move|p1b: Regidrago|Dragon Claw|p2b: Avalugg\n|-damage|p2b: Avalugg|172/324 brn\n|move|p1a: Volcanion|Steam Eruption|p2b: Avalugg\n|-resisted|p2b: Avalugg\n|-damage|p2b: Avalugg|87/324 brn\n|move|p2b: Avalugg|Body Press|p1b: Regidrago\n|-damage|p1b: Regidrago|0 fnt\n|faint|p1b: Regidrago\n|\n|-heal|p2b: Avalugg|107/324 brn|[from] item: Leftovers\n|-damage|p2b: Avalugg|87/324 brn|[from] brn\n|upkeep\n|turn|16\n|\n|t:|1771024213\n|move|p1a: Volcanion|Steam Eruption|p2b: Avalugg|[miss]\n|-miss|p1a: Volcanion|p2b: Avalugg\n|move|p2b: Avalugg|Recover|p2b: Avalugg\n|-heal|p2b: Avalugg|249/324 brn\n|\n|-heal|p2b: Avalugg|269/324 brn|[from] item: Leftovers\n|-damage|p2b: Avalugg|249/324 brn|[from] brn\n|upkeep\n|turn|17\n|c|☆71m80|of course\n|\n|t:|1771024222\n|move|p1a: Volcanion|Steam Eruption|p2b: Avalugg\n|-resisted|p2b: Avalugg\n|-damage|p2b: Avalugg|162/324 brn\n|move|p2b: Avalugg|Body Press|p1a: Volcanion\n|-crit|p1a: Volcanion\n|-damage|p1a: Volcanion|111/244\n|-enditem|p1a: Volcanion|Sitrus Berry|[eat]\n|-heal|p1a: Volcanion|172/244|[from] item: Sitrus Berry\n|\n|-heal|p2b: Avalugg|182/324 brn|[from] item: Leftovers\n|-damage|p2b: Avalugg|162/324 brn|[from] brn\n|upkeep\n|turn|18\n|\n|t:|1771024236\n|move|p1a: Volcanion|Steam Eruption|p2b: Avalugg\n|-resisted|p2b: Avalugg\n|-damage|p2b: Avalugg|75/324 brn\n|move|p2b: Avalugg|Recover|p2b: Avalugg\n|-heal|p2b: Avalugg|237/324 brn\n|\n|-heal|p2b: Avalugg|257/324 brn|[from] item: Leftovers\n|-damage|p2b: Avalugg|237/324 brn|[from] brn\n|upkeep\n|turn|19\n|\n|t:|1771024249\n|move|p1a: Volcanion|Protect|p1a: Volcanion\n|-singleturn|p1a: Volcanion|Protect\n|move|p2b: Avalugg|Body Press|p1a: Volcanion\n|-activate|p1a: Volcanion|move: Protect\n|\n|-heal|p2b: Avalugg|257/324 brn|[from] item: Leftovers\n|-damage|p2b: Avalugg|237/324 brn|[from] brn\n|upkeep\n|turn|20\n|\n|t:|1771024258\n|move|p1a: Volcanion|Steam Eruption|p2b: Avalugg\n|-resisted|p2b: Avalugg\n|-damage|p2b: Avalugg|158/324 brn\n|move|p2b: Avalugg|Body Press|p1a: Volcanion\n|-damage|p1a: Volcanion|119/244\n|\n|-heal|p2b: Avalugg|178/324 brn|[from] item: Leftovers\n|-damage|p2b: Avalugg|158/324 brn|[from] brn\n|upkeep\n|turn|21\n|\n|t:|1771024272\n|move|p1a: Volcanion|Earth Power|p2b: Avalugg\n|-damage|p2b: Avalugg|63/324 brn\n|move|p2b: Avalugg|Recover|p2b: Avalugg\n|-heal|p2b: Avalugg|225/324 brn\n|\n|-heal|p2b: Avalugg|245/324 brn|[from] item: Leftovers\n|-damage|p2b: Avalugg|225/324 brn|[from] brn\n|upkeep\n|turn|22\n|\n|t:|1771024287\n|move|p1a: Volcanion|Protect|p1a: Volcanion\n|-singleturn|p1a: Volcanion|Protect\n|move|p2b: Avalugg|Body Press|p1a: Volcanion\n|-activate|p1a: Volcanion|move: Protect\n|\n|-heal|p2b: Avalugg|245/324 brn|[from] item: Leftovers\n|-damage|p2b: Avalugg|225/324 brn|[from] brn\n|upkeep\n|turn|23\n|\n|t:|1771024296\n|move|p1a: Volcanion|Earth Power|p2b: Avalugg\n|-damage|p2b: Avalugg|132/324 brn\n|move|p2b: Avalugg|Body Press|p1a: Volcanion\n|-damage|p1a: Volcanion|72/244\n|\n|-heal|p2b: Avalugg|152/324 brn|[from] item: Leftovers\n|-damage|p2b: Avalugg|132/324 brn|[from] brn\n|upkeep\n|turn|24\n|\n|t:|1771024306\n|move|p1a: Volcanion|Earth Power|p2b: Avalugg\n|-damage|p2b: Avalugg|33/324 brn\n|-unboost|p2b: Avalugg|spd|1\n|move|p2b: Avalugg|Recover|p2b: Avalugg\n|-heal|p2b: Avalugg|195/324 brn\n|\n|-heal|p2b: Avalugg|215/324 brn|[from] item: Leftovers\n|-damage|p2b: Avalugg|195/324 brn|[from] brn\n|upkeep\n|turn|25\n|\n|t:|1771024316\n|move|p1a: Volcanion|Earth Power|p2b: Avalugg\n|-damage|p2b: Avalugg|49/324 brn\n|move|p2b: Avalugg|Recover|p2b: Avalugg\n|-heal|p2b: Avalugg|211/324 brn\n|\n|-heal|p2b: Avalugg|231/324 brn|[from] item: Leftovers\n|-damage|p2b: Avalugg|211/324 brn|[from] brn\n|upkeep\n|turn|26\n|\n|t:|1771024329\n|move|p2b: Avalugg|Protect|p2b: Avalugg\n|-singleturn|p2b: Avalugg|Protect\n|move|p1a: Volcanion|Earth Power|p2b: Avalugg\n|-activate|p2b: Avalugg|move: Protect\n|\n|-heal|p2b: Avalugg|231/324 brn|[from] item: Leftovers\n|-damage|p2b: Avalugg|211/324 brn|[from] brn\n|upkeep\n|turn|27\n|\n|t:|1771024338\n|move|p1a: Volcanion|Earth Power|p2b: Avalugg\n|-damage|p2b: Avalugg|66/324 brn\n|move|p2b: Avalugg|Body Press|p1a: Volcanion\n|-damage|p1a: Volcanion|20/244\n|\n|-heal|p2b: Avalugg|86/324 brn|[from] item: Leftovers\n|-damage|p2b: Avalugg|66/324 brn|[from] brn\n|upkeep\n|turn|28\n|\n|t:|1771024347\n|move|p2b: Avalugg|Protect|p2b: Avalugg\n|-singleturn|p2b: Avalugg|Protect\n|move|p1a: Volcanion|Earth Power|p2b: Avalugg\n|-activate|p2b: Avalugg|move: Protect\n|\n|-heal|p2b: Avalugg|86/324 brn|[from] item: Leftovers\n|-damage|p2b: Avalugg|66/324 brn|[from] brn\n|upkeep\n|turn|29\n|\n|t:|1771024356\n|move|p1a: Volcanion|Earth Power|p2b: Avalugg\n|-damage|p2b: Avalugg|0 fnt\n|faint|p2b: Avalugg\n|\n|win|71m80\n|raw|71m80's rating: 1527 &rarr; <strong>1547</strong><br />(+20 for winning)\n|raw|miguelnr8's rating: 1525 &rarr; <strong>1505</strong><br />(-20 for losing)\n", "inputlog": ">version ccdc32dd7cde25fd9e4bed64820e885f66e78a4e\n>start {\"formatid\":\"gen9randomdoublesbattle\",\"seed\":\"sodium,056ab606e5ecc220a50099728e919463\",\"rated\":\"Rated battle\"}\n>player p1 {\"name\":\"71m80\",\"avatar\":\"1\",\"rating\":1527,\"seed\":\"sodium,0f8701e6f3cedc6157d254e7f3278e4c\"}\n>player p2 {\"name\":\"miguelnr8\",\"avatar\":\"1\",\"rating\":1525,\"seed\":\"sodium,14a7210f5f1d19ce2e293d531ab69d97\"}\n>p1 move toxic +2, switch 6\n>p2 move tailwind, move icespinner +2\n>p1 move infestation +2, move stoneedge +1\n>p2 move thunderbolt +1, move liquidation +2\n>p1 move banefulbunker, move stealthrock\n>p2 move protect, move liquidation +2\n>p1 move recover terastallize, switch 3\n>p2 move thunderbolt +1, move liquidation +2\n>p1 move toxic +1, move protect\n>p2 move thunderbolt +2, move icespinner +1\n>p2 pass, switch 4\n>p1 move recover, switch 6\n>p2 move thunderbolt +2, move helpinghand -1\n>p1 move toxic +2, switch 3\n>p2 move hurricane +1, move helpinghand -1\n>p1 switch 3, pass\n>p1 move dragondance, move stoneedge +2\n>p2 move thunderbolt +2, move moonblast +1\n>p1 pass, switch 5\n>p2 switch 6, pass\n>p1 move gravapple +2, move gunkshot +2\n>p2 move rapidspin +1, move followme\n>p2 pass, switch 5\n>p1 move dragonrush +1, move gunkshot +1\n>p2 move poltergeist +2, move avalanche +1\n>p1 switch 6, pass\n>p2 switch 3, pass\n>p1 move heatwave, move gunkshot +1\n>p2 move scald +2, move bodypress +1 terastallize\n>p1 pass, switch 4\n>p1 move steameruption +1, move dragonclaw +1\n>p2 move scald +2, move avalanche +2\n>p1 move steameruption +2, move dragonclaw +1\n>p2 move scald +2, move avalanche +2\n>p1 move steameruption +2, move dragonclaw +2\n>p2 pass, move recover\n>p1 move steameruption +2, move dragonclaw +2\n>p2 pass, move bodypress +2\n>p1 move steameruption +2, pass\n>p2 pass, move recover\n>chat ☆71m80|of course\n>p1 move steameruption +2, pass\n>p2 pass, move bodypress +1\n>p1 move steameruption +2, pass\n>p2 pass, move recover\n>p1 move protect, pass\n>p2 pass, move bodypress +1\n>p1 move steameruption +2, pass\n>p2 pass, move bodypress +1\n>p1 move earthpower +2, pass\n>p2 pass, move recover\n>p1 move protect, pass\n>p2 pass, move bodypress +1\n>p1 move earthpower +2, pass\n>p2 pass, move bodypress +1\n>p1 move earthpower +2, pass\n>p2 pass, move recover\n>p1 move earthpower +2, pass\n>p2 pass, move recover\n>p1 move earthpower +2, pass\n>p2 pass, move protect\n>p1 move earthpower +2, pass\n>p2 pass, move bodypress +1\n>p1 move earthpower +2, pass\n>p2 pass, move protect\n>p1 move earthpower +2, pass\n>p2 pass, move recover", "uploadtime": 1771024361, "views": 88, "formatid": "gen9randomdoublesbattle", "rating": 1505, "private": 0, "password": null}