{"id": "gen9randomdoublesbattle-2534989409", "format": "[Gen 9] Random Doubles Battle", "players": ["ulexi", "youngbuuk"], "log": "|j|☆ulexi\n|j|☆youngbuuk\n|t:|1770500423\n|gametype|doubles\n|player|p1|ulexi|birdkeeper-gen4dp|1760\n|player|p2|youngbuuk|swimmerf-gen4|1823\n|gen|9\n|tier|[Gen 9] Random Doubles Battle\n|rated|\n|rule|Species Clause: Limit one of each Pokémon\n|rule|HP Percentage Mod: HP is shown in percentages\n|rule|Illusion Level Mod: Illusion disguises the Pokémon's true level\n|rule|Sleep Clause Mod: Limit one foe put to sleep\n|\n|t:|1770500423\n|teamsize|p1|6\n|teamsize|p2|6\n|start\n|switch|p1a: Articuno|Articuno, L82|282/282\n|switch|p1b: Espeon|Espeon, L84, M|246/246\n|switch|p2a: Clawitzer|Clawitzer, L84, F|256/256\n|switch|p2b: Fezandipiti|Fezandipiti, L81, M|275/275\n|-ability|p1a: Articuno|Pressure\n|turn|1\n|\n|t:|1770500455\n|move|p1b: Espeon|Psychic|p2b: Fezandipiti\n|-supereffective|p2b: Fezandipiti\n|-damage|p2b: Fezandipiti|46/275\n|-enditem|p2b: Fezandipiti|Sitrus Berry|[eat]\n|-heal|p2b: Fezandipiti|114/275|[from] item: Sitrus Berry\n|-damage|p1b: Espeon|222/246|[from] item: Life Orb\n|move|p2b: Fezandipiti|Icy Wind|p1a: Articuno|[spread] p1a,p1b\n|-damage|p1a: Articuno|266/282\n|-damage|p1b: Espeon|203/246\n|-unboost|p1a: Articuno|spe|1\n|-unboost|p1b: Espeon|spe|1\n|-status|p1b: Espeon|tox|[from] ability: Toxic Chain|[of] p2b: Fezandipiti\n|move|p2a: Clawitzer|Muddy Water|p1b: Espeon|[spread] p1a,p1b\n|-damage|p1a: Articuno|172/282\n|-damage|p1b: Espeon|76/246 tox\n|-unboost|p1a: Articuno|accuracy|1\n|-unboost|p1b: Espeon|accuracy|1\n|move|p1a: Articuno|Icy Wind|p2a: Clawitzer|[spread] p2a,p2b\n|-resisted|p2a: Clawitzer\n|-crit|p2a: Clawitzer\n|-damage|p2a: Clawitzer|226/256\n|-damage|p2b: Fezandipiti|83/275\n|-unboost|p2a: Clawitzer|spe|1\n|-unboost|p2b: Fezandipiti|spe|1\n|\n|-damage|p1b: Espeon|61/246 tox|[from] psn\n|upkeep\n|turn|2\n|c|☆youngbuuk|omg what a turn\n|c|☆ulexi|doubl accuracy loss T.T?\n|\n|t:|1770500494\n|switch|p2b: Tinkaton|Tinkaton, L82, F|274/274\n|-ability|p2b: Tinkaton|Mold Breaker\n|move|p1b: Espeon|Psychic|p2b: Tinkaton\n|-resisted|p2b: Tinkaton\n|-damage|p2b: Tinkaton|210/274\n|-damage|p1b: Espeon|37/246 tox|[from] item: Life Orb\n|move|p1a: Articuno|Brave Bird|p2b: Tinkaton|[miss]\n|-miss|p1a: Articuno|p2b: Tinkaton\n|move|p2a: Clawitzer|Muddy Water|p1a: Articuno|[spread] p1a,p1b\n|-crit|p1b: Espeon\n|-damage|p1a: Articuno|82/282\n|-damage|p1b: Espeon|0 fnt\n|-enditem|p1a: Articuno|Sitrus Berry|[eat]\n|-heal|p1a: Articuno|152/282|[from] item: Sitrus Berry\n|faint|p1b: Espeon\n|\n|upkeep\n|c|☆youngbuuk|and double icy wind hit after\n|\n|t:|1770500521\n|switch|p1b: Cyclizar|Cyclizar, L87, M|264/264\n|turn|3\n|\n|t:|1770500538\n|move|p2b: Tinkaton|Fake Out|p1b: Cyclizar\n|-damage|p1b: Cyclizar|238/264\n|cant|p1b: Cyclizar|flinch\n|move|p1a: Articuno|Icy Wind|p2a: Clawitzer|[spread] p2a\n|-miss|p1a: Articuno|p2b: Tinkaton\n|-resisted|p2a: Clawitzer\n|-damage|p2a: Clawitzer|207/256\n|-unboost|p2a: Clawitzer|spe|1\n|move|p2a: Clawitzer|Muddy Water|p1a: Articuno|[spread] p1a,p1b\n|-resisted|p1b: Cyclizar\n|-damage|p1a: Articuno|55/282\n|-damage|p1b: Cyclizar|166/264\n|-unboost|p1a: Articuno|accuracy|1\n|-unboost|p1b: Cyclizar|accuracy|1\n|\n|upkeep\n|turn|4\n|c|☆youngbuuk|what is happening\n|\n|t:|1770500569\n|switch|p2b: Fezandipiti|Fezandipiti, L81, M|83/275\n|move|p1b: Cyclizar|Shed Tail|p1b: Cyclizar\n|-start|p1b: Cyclizar|Substitute|[from] move: Shed Tail\n|-damage|p1b: Cyclizar|34/264\n|c|☆ulexi|you've been blesses by RNjesus\n|\n|t:|1770500575\n|switch|p1b: Archaludon|Archaludon, L77, M|265/265|[from] Shed Tail\n|move|p1a: Articuno|Icy Wind|p2a: Clawitzer|[spread] \n|-miss|p1a: Articuno|p2a: Clawitzer\n|-miss|p1a: Articuno|p2b: Fezandipiti\n|move|p2a: Clawitzer|Muddy Water|p1a: Articuno|[spread] p1a\n|-miss|p2a: Clawitzer|p1b: Archaludon\n|-damage|p1a: Articuno|0 fnt\n|faint|p1a: Articuno\n|\n|upkeep\n|\n|t:|1770500589\n|switch|p1a: Cyclizar|Cyclizar, L87, M|122/264\n|turn|5\n|\n|t:|1770500599\n|move|p1a: Cyclizar|Double-Edge|p2b: Fezandipiti\n|-damage|p2b: Fezandipiti|0 fnt\n|faint|p2b: Fezandipiti\n|-damage|p1a: Cyclizar|95/264|[from] Recoil\n|-damage|p1a: Cyclizar|69/264|[from] item: Life Orb\n|move|p1b: Archaludon|Electro Shot||[still]\n|-prepare|p1b: Archaludon|Electro Shot\n|-boost|p1b: Archaludon|spa|1\n|-enditem|p1b: Archaludon|Power Herb\n|-anim|p1b: Archaludon|Electro Shot|p2a: Clawitzer\n|-supereffective|p2a: Clawitzer\n|-damage|p2a: Clawitzer|0 fnt\n|faint|p2a: Clawitzer\n|\n|upkeep\n|\n|t:|1770500630\n|switch|p2b: Tinkaton|Tinkaton, L82, F|210/274\n|switch|p2a: Chesnaught|Chesnaught, L86, M|292/292\n|-ability|p2b: Tinkaton|Mold Breaker\n|turn|6\n|\n|t:|1770500658\n|switch|p1a: Pyroar|Pyroar, L83, M|278/278\n|-ability|p1a: Pyroar|Unnerve\n|move|p1b: Archaludon|Protect|p1b: Archaludon\n|-singleturn|p1b: Archaludon|Protect\n|move|p2b: Tinkaton|Fake Out|p1a: Pyroar\n|-damage|p1a: Pyroar|250/278\n|move|p2a: Chesnaught|Body Press|p1b: Archaludon\n|-activate|p1b: Archaludon|move: Protect\n|\n|upkeep\n|turn|7\n|\n|t:|1770500687\n|switch|p2b: Araquanid|Araquanid, L84, M|251/251\n|-terastallize|p2a: Chesnaught|Fire\n|move|p1a: Pyroar|Fire Blast|p2a: Chesnaught\n|-resisted|p2a: Chesnaught\n|-damage|p2a: Chesnaught|210/292\n|-damage|p1a: Pyroar|223/278|[from] item: Life Orb\n|move|p1b: Archaludon|Flash Cannon|p2b: Araquanid\n|-resisted|p2b: Araquanid\n|-damage|p2b: Araquanid|207/251\n|move|p2a: Chesnaught|Leech Seed|p1a: Pyroar\n|-start|p1a: Pyroar|move: Leech Seed\n|\n|-heal|p2a: Chesnaught|228/292|[from] item: Leftovers\n|-damage|p1a: Pyroar|189/278|[from] Leech Seed|[of] p2a: Chesnaught\n|-heal|p2a: Chesnaught|262/292|[silent]\n|upkeep\n|turn|8\n|inactive|Battle timer is ON: inactive players will automatically lose when time's up. (requested by youngbuuk)\n|\n|t:|1770500717\n|switch|p1a: Cyclizar|Cyclizar, L87, M|157/264\n|move|p2a: Chesnaught|Spiky Shield|p2a: Chesnaught\n|-singleturn|p2a: Chesnaught|move: Protect\n|move|p1b: Archaludon|Electro Shot||[still]\n|-prepare|p1b: Archaludon|Electro Shot\n|-boost|p1b: Archaludon|spa|1\n|move|p2b: Araquanid|Liquidation|p1b: Archaludon\n|-resisted|p1b: Archaludon\n|-activate|p1b: Archaludon|move: Substitute|[damage]\n|\n|-heal|p2a: Chesnaught|280/292|[from] item: Leftovers\n|upkeep\n|turn|9\n|\n|t:|1770500738\n|switch|p2b: Pikachu|Pikachu-Unova, L94, F|218/218\n|move|p1a: Cyclizar|Shed Tail|p1a: Cyclizar\n|-start|p1a: Cyclizar|Substitute|[from] move: Shed Tail\n|-damage|p1a: Cyclizar|25/264\n|\n|t:|1770500744\n|switch|p1a: Zacian|Zacian, L70|245/245|[from] Shed Tail\n|-ability|p1a: Zacian|Intrepid Sword|boost\n|-boost|p1a: Zacian|atk|1\n|move|p1b: Archaludon|Electro Shot|p2b: Pikachu|[from] lockedmove\n|-ability|p2b: Pikachu|Lightning Rod|boost\n|-boost|p2b: Pikachu|spa|1\n|move|p2a: Chesnaught|Body Press|p1a: Zacian\n|-resisted|p1a: Zacian\n|-activate|p1a: Zacian|move: Substitute|[damage]\n|\n|-heal|p2a: Chesnaught|292/292|[from] item: Leftovers\n|upkeep\n|turn|10\n|c|☆youngbuuk|im so cooked\n|c|☆ulexi|nah imma f this up\n|inactive|ulexi has 120 seconds left.\n|inactive|youngbuuk has 120 seconds left.\n|\n|t:|1770500784\n|move|p1a: Zacian|Play Rough|p2b: Pikachu\n|-crit|p2b: Pikachu\n|-damage|p2b: Pikachu|0 fnt\n|faint|p2b: Pikachu\n|-damage|p1a: Zacian|221/245|[from] item: Life Orb\n|move|p1b: Archaludon|Dragon Pulse|p2a: Chesnaught\n|-damage|p2a: Chesnaught|96/292\n|move|p2a: Chesnaught|Body Press|p1a: Zacian\n|-resisted|p1a: Zacian\n|-end|p1a: Zacian|Substitute\n|\n|-heal|p2a: Chesnaught|114/292|[from] item: Leftovers\n|upkeep\n|c|☆youngbuuk|welp\n|\n|t:|1770500799\n|switch|p2b: Araquanid|Araquanid, L84, M|207/251\n|turn|11\n|\n|t:|1770500810\n|move|p1a: Zacian|Play Rough|p2b: Araquanid\n|-damage|p2b: Araquanid|54/251\n|-enditem|p2b: Araquanid|Sitrus Berry|[eat]\n|-heal|p2b: Araquanid|116/251|[from] item: Sitrus Berry\n|-damage|p1a: Zacian|197/245|[from] item: Life Orb\n|move|p1b: Archaludon|Dragon Pulse|p2a: Chesnaught\n|-damage|p2a: Chesnaught|0 fnt\n|faint|p2a: Chesnaught\n|move|p2b: Araquanid|Liquidation|p1b: Archaludon\n|-resisted|p1b: Archaludon\n|-end|p1b: Archaludon|Substitute\n|\n|upkeep\n|-message|youngbuuk forfeited.\n|\n|win|ulexi\n|raw|ulexi's rating: 1760 &rarr; <strong>1784</strong><br />(+24 for winning)\n|raw|youngbuuk's rating: 1823 &rarr; <strong>1799</strong><br />(-24 for losing)\n|l|☆youngbuuk\n|player|p2|\n", "inputlog": ">version ccdc32dd7cde25fd9e4bed64820e885f66e78a4e\n>start {\"formatid\":\"gen9randomdoublesbattle\",\"seed\":\"sodium,540defda4f4c43fccc01c2154691c018\",\"rated\":\"Rated battle\"}\n>player p1 {\"name\":\"ulexi\",\"avatar\":\"birdkeeper-gen4dp\",\"rating\":1760,\"seed\":\"sodium,4ce890c444eda4701cfb3ee9f02176f8\"}\n>player p2 {\"name\":\"youngbuuk\",\"avatar\":\"swimmerf-gen4\",\"rating\":1823,\"seed\":\"sodium,22668b42d9523799e911df273cb17fb4\"}\n>p1 move icywind, move psychic +2\n>p2 move muddywater, move icywind\n>chat ☆youngbuuk|omg what a turn\n>chat ☆ulexi|doubl accuracy loss T.T?\n>p1 move bravebird +2, move psychic +2\n>p2 move muddywater, switch 4\n>chat ☆youngbuuk|and double icy wind hit after\n>p1 pass, switch 4\n>p1 move icywind, move shedtail\n>p2 move muddywater, move fakeout +2\n>chat ☆youngbuuk|what is happening\n>p1 move icywind, move shedtail\n>p2 move muddywater, switch 4\n>chat ☆ulexi|you've been blesses by RNjesus\n>p1 pass, switch 5\n>p1 switch 5, pass\n>p1 move doubleedge +2, move electroshot +1\n>p2 move muddywater, move roost\n>p2 switch 5, switch 4\n>p1 switch 6, move protect\n>p2 move bodypress +2, move fakeout +1\n>p1 move fireblast +1, move flashcannon +2\n>p2 move leechseed +1 terastallize, switch 3\n>p1 switch 6, move electroshot +2\n>p2 move spikyshield, move liquidation +2\n>p1 move shedtail, move electroshot +2\n>p2 move bodypress +1, switch 6\n>p1 switch 3, pass\n>chat ☆youngbuuk|im so cooked\n>chat ☆ulexi|nah imma f this up \n>p1 move playrough +2, move dragonpulse +1\n>p2 move bodypress +1, move encore +2\n>chat ☆youngbuuk|welp\n>p2 pass, switch 6\n>p1 move playrough +2, move dragonpulse +1\n>p2 move leechseed +1, move liquidation +2\n>forcelose p2", "uploadtime": 1770500831, "views": 97, "formatid": "gen9randomdoublesbattle", "rating": 1784, "private": 0, "password": null}