{"id": "gen9randomdoublesbattle-2540487325", "format": "[Gen 9] Random Doubles Battle", "players": ["caoscontrol", "Lillikoal Nation"], "log": "|j|☆caoscontrol\n|j|☆Lillikoal Nation\n|t:|1771208150\n|gametype|doubles\n|player|p1|caoscontrol|102|1786\n|player|p2|Lillikoal Nation|pokemonbreederf-gen4|1689\n|gen|9\n|tier|[Gen 9] Random Doubles Battle\n|rated|\n|rule|Species Clause: Limit one of each Pokémon\n|rule|HP Percentage Mod: HP is shown in percentages\n|rule|Illusion Level Mod: Illusion disguises the Pokémon's true level\n|rule|Sleep Clause Mod: Limit one foe put to sleep\n|\n|t:|1771208150\n|teamsize|p1|6\n|teamsize|p2|6\n|start\n|switch|p1a: Lurantis|Lurantis, L85, F|258/258\n|switch|p1b: Gliscor|Gliscor, L81, F|254/254\n|switch|p2a: Quagsire|Quagsire, L91, M|321/321\n|switch|p2b: Cyclizar|Cyclizar, L87, F|264/264\n|turn|1\n|inactive|Battle timer is ON: inactive players will automatically lose when time's up. (requested by caoscontrol)\n|inactive|Lillikoal Nation has 120 seconds left.\n|\n|t:|1771208186\n|switch|p2a: Komala|Komala, L92, M|269/269\n|-ability|p2a: Komala|Comatose\n|move|p2b: Cyclizar|Shed Tail|p2b: Cyclizar\n|-start|p2b: Cyclizar|Substitute|[from] move: Shed Tail\n|-damage|p2b: Cyclizar|132/264\n|-enditem|p2b: Cyclizar|Sitrus Berry|[eat]\n|-heal|p2b: Cyclizar|198/264|[from] item: Sitrus Berry\n|\n|t:|1771208195\n|switch|p2b: Oricorio|Oricorio, L85, M|266/266|[from] Shed Tail\n|move|p1b: Gliscor|Dual Wingbeat|p2b: Oricorio\n|-activate|p2b: Oricorio|move: Substitute|[damage]\n|-end|p2b: Oricorio|Substitute\n|-hitcount|p2b: Oricorio|2\n|move|p1a: Lurantis|Leaf Storm|p2a: Komala|[miss]\n|-miss|p1a: Lurantis|p2a: Komala\n|\n|-status|p1b: Gliscor|tox|[from] item: Toxic Orb\n|upkeep\n|turn|2\n|\n|t:|1771208215\n|switch|p1a: Hippowdon|Hippowdon, L86, M|326/326\n|-weather|Sandstorm|[from] ability: Sand Stream|[of] p1a: Hippowdon\n|move|p2b: Oricorio|Quiver Dance|p2b: Oricorio\n|-boost|p2b: Oricorio|spa|1\n|-boost|p2b: Oricorio|spd|1\n|-boost|p2b: Oricorio|spe|1\n|move|p1b: Gliscor|Tailwind|p1b: Gliscor\n|-sidestart|p1: caoscontrol|move: Tailwind\n|move|p2a: Komala|Double-Edge|p1b: Gliscor\n|-damage|p1b: Gliscor|116/254 tox\n|-damage|p2a: Komala|223/269|[from] Recoil\n|\n|-weather|Sandstorm|[upkeep]\n|-damage|p2b: Oricorio|250/266|[from] Sandstorm\n|-damage|p2a: Komala|207/269|[from] Sandstorm\n|-heal|p2b: Oricorio|266/266|[from] item: Leftovers\n|-heal|p1b: Gliscor|147/254 tox|[from] ability: Poison Heal\n|upkeep\n|turn|3\n|\n|t:|1771208242\n|move|p2b: Oricorio|Protect|p2b: Oricorio\n|-singleturn|p2b: Oricorio|Protect\n|move|p1b: Gliscor|Dual Wingbeat|p2b: Oricorio\n|-activate|p2b: Oricorio|move: Protect\n|move|p1a: Hippowdon|Stealth Rock|p2a: Komala\n|-sidestart|p2: Lillikoal Nation|move: Stealth Rock\n|move|p2a: Komala|Wood Hammer|p1a: Hippowdon\n|-supereffective|p1a: Hippowdon\n|-damage|p1a: Hippowdon|158/326\n|-damage|p2a: Komala|152/269|[from] Recoil\n|\n|-weather|Sandstorm|[upkeep]\n|-damage|p2b: Oricorio|250/266|[from] Sandstorm\n|-damage|p2a: Komala|136/269|[from] Sandstorm\n|-heal|p2b: Oricorio|266/266|[from] item: Leftovers\n|-heal|p1a: Hippowdon|178/326|[from] item: Leftovers\n|-heal|p1b: Gliscor|178/254 tox|[from] ability: Poison Heal\n|upkeep\n|turn|4\n|inactive|Lillikoal Nation has 120 seconds left.\n|\n|t:|1771208273\n|move|p2a: Komala|Sucker Punch||[still]\n|-fail|p2a: Komala\n|move|p1b: Gliscor|High Horsepower|p2a: Komala\n|-damage|p2a: Komala|31/269\n|move|p2b: Oricorio|Revelation Dance|p1a: Hippowdon\n|-damage|p1a: Hippowdon|1/326\n|move|p1a: Hippowdon|Whirlwind|p2b: Oricorio\n|drag|p2b: Zamazenta|Zamazenta-Crowned, L67|235/235\n|-damage|p2b: Zamazenta|228/235|[from] Stealth Rock\n|-ability|p2b: Zamazenta|Dauntless Shield|boost\n|-boost|p2b: Zamazenta|def|1\n|\n|-weather|Sandstorm|[upkeep]\n|-damage|p2a: Komala|15/269|[from] Sandstorm\n|-heal|p1a: Hippowdon|21/326|[from] item: Leftovers\n|-heal|p1b: Gliscor|209/254 tox|[from] ability: Poison Heal\n|upkeep\n|turn|5\n|\n|t:|1771208294\n|move|p2a: Komala|Sucker Punch||[still]\n|-fail|p2a: Komala\n|move|p1b: Gliscor|High Horsepower|p2b: Zamazenta\n|-supereffective|p2b: Zamazenta\n|-damage|p2b: Zamazenta|120/235\n|move|p1a: Hippowdon|Slack Off|p1a: Hippowdon\n|-heal|p1a: Hippowdon|184/326\n|move|p2b: Zamazenta|Iron Defense|p2b: Zamazenta\n|-boost|p2b: Zamazenta|def|2\n|\n|-weather|Sandstorm|[upkeep]\n|-damage|p2a: Komala|0 fnt|[from] Sandstorm\n|faint|p2a: Komala\n|-heal|p1a: Hippowdon|204/326|[from] item: Leftovers\n|-heal|p1b: Gliscor|240/254 tox|[from] ability: Poison Heal\n|-sideend|p1: caoscontrol|move: Tailwind\n|upkeep\n|\n|t:|1771208303\n|switch|p2a: Quagsire|Quagsire, L91, M|321/321\n|-damage|p2a: Quagsire|301/321|[from] Stealth Rock\n|turn|6\n|\n|t:|1771208315\n|-terastallize|p2b: Zamazenta|Fighting\n|move|p2a: Quagsire|Helping Hand|p2b: Zamazenta\n|-singleturn|p2b: Zamazenta|Helping Hand|[of] p2a: Quagsire\n|move|p2b: Zamazenta|Body Press|p1a: Hippowdon\n|-damage|p1a: Hippowdon|0 fnt\n|faint|p1a: Hippowdon\n|move|p1b: Gliscor|Tailwind|p1b: Gliscor\n|-sidestart|p1: caoscontrol|move: Tailwind\n|\n|-weather|none\n|-heal|p1b: Gliscor|254/254 tox|[from] ability: Poison Heal\n|upkeep\n|\n|t:|1771208324\n|switch|p1a: Lurantis|Lurantis, L85, F|258/258\n|turn|7\n|\n|t:|1771208347\n|move|p1b: Gliscor|Dual Wingbeat|p2b: Zamazenta\n|-supereffective|p2b: Zamazenta\n|-damage|p2b: Zamazenta|90/235\n|-supereffective|p2b: Zamazenta\n|-damage|p2b: Zamazenta|60/235\n|-hitcount|p2b: Zamazenta|2\n|move|p1a: Lurantis|Leaf Storm|p2b: Zamazenta\n|-damage|p2b: Zamazenta|0 fnt\n|-boost|p1a: Lurantis|spa|2\n|faint|p2b: Zamazenta\n|move|p2a: Quagsire|Liquidation|p1b: Gliscor\n|-supereffective|p1b: Gliscor\n|-damage|p1b: Gliscor|96/254 tox\n|\n|-heal|p1b: Gliscor|127/254 tox|[from] ability: Poison Heal\n|upkeep\n|inactive|Lillikoal Nation has 120 seconds left.\n|\n|t:|1771208364\n|switch|p2b: Oricorio|Oricorio, L85, M|266/266\n|-damage|p2b: Oricorio|133/266|[from] Stealth Rock\n|turn|8\n|\n|t:|1771208379\n|move|p2a: Quagsire|Helping Hand|p2b: Oricorio\n|-singleturn|p2b: Oricorio|Helping Hand|[of] p2a: Quagsire\n|move|p1b: Gliscor|Dual Wingbeat|p2b: Oricorio\n|-damage|p2b: Oricorio|87/266\n|-damage|p2b: Oricorio|38/266\n|-hitcount|p2b: Oricorio|2\n|move|p1a: Lurantis|Leaf Storm|p2a: Quagsire\n|-supereffective|p2a: Quagsire\n|-damage|p2a: Quagsire|0 fnt\n|-boost|p1a: Lurantis|spa|2\n|faint|p2a: Quagsire\n|move|p2b: Oricorio|Revelation Dance|p1a: Lurantis\n|-supereffective|p1a: Lurantis\n|-damage|p1a: Lurantis|76/258\n|\n|-heal|p2b: Oricorio|54/266|[from] item: Leftovers\n|-heal|p1b: Gliscor|158/254 tox|[from] ability: Poison Heal\n|upkeep\n|\n|t:|1771208395\n|switch|p2a: Electrode|Electrode, L89|252/252\n|-damage|p2a: Electrode|221/252|[from] Stealth Rock\n|turn|9\n|-message|Lillikoal Nation forfeited.\n|\n|win|caoscontrol\n|raw|caoscontrol's rating: 1786 &rarr; <strong>1801</strong><br />(+15 for winning)\n|raw|Lillikoal Nation's rating: 1689 &rarr; <strong>1674</strong><br />(-15 for losing)\n|l|☆Lillikoal Nation\n|player|p2|\n", "inputlog": ">version 686819e5e19f8a7fd2345cfc5a08a5085efa2cc3\n>start {\"formatid\":\"gen9randomdoublesbattle\",\"seed\":\"sodium,fb203a987588211ec5a6b7b1c9cc9468\",\"rated\":\"Rated battle\"}\n>player p1 {\"name\":\"caoscontrol\",\"avatar\":\"102\",\"rating\":1786,\"seed\":\"sodium,a75e9d29fc5806bb40aaa837796afcba\"}\n>player p2 {\"name\":\"Lillikoal Nation\",\"avatar\":\"pokemonbreederf-gen4\",\"rating\":1689,\"seed\":\"sodium,59f0cf2c88970751c7260253cc036126\"}\n>p1 move leafstorm +1, move dualwingbeat +2\n>p2 switch 3, move shedtail\n>p2 pass, switch 6\n>p1 switch 3, move tailwind\n>p2 move doubleedge +2, move quiverdance\n>p1 move stealthrock, move dualwingbeat +2\n>p2 move woodhammer +1, move protect\n>p1 move whirlwind +2, move highhorsepower +1\n>p2 move suckerpunch +1, move revelationdance +1\n>p1 move slackoff, move highhorsepower +2\n>p2 move suckerpunch +1, move irondefense\n>p2 switch 3, pass\n>p1 move highhorsepower +2, move tailwind\n>p2 move helpinghand -2, move bodypress +1 terastallize\n>p1 switch 3, pass\n>p1 move leafstorm +2, move dualwingbeat +2\n>p2 move liquidation +2, move bodypress +1\n>p2 pass, switch 4\n>p1 move leafstorm +1, move dualwingbeat +2\n>p2 move helpinghand -2, move revelationdance +1\n>p2 switch 5, pass\n>forcelose p2", "uploadtime": 1771208404, "views": 38, "formatid": "gen9randomdoublesbattle", "rating": 1674, "private": 0, "password": null}