{"id": "gen9randomdoublesbattle-2537964774", "format": "[Gen 9] Random Doubles Battle", "players": ["themismatcher", "azuroblue"], "log": "|j|☆themismatcher\n|j|☆azuroblue\n|t:|1770869754\n|gametype|doubles\n|player|p1|themismatcher|benga|1633\n|player|p2|azuroblue|101|1559\n|gen|9\n|tier|[Gen 9] Random Doubles Battle\n|rated|\n|rule|Species Clause: Limit one of each Pokémon\n|rule|HP Percentage Mod: HP is shown in percentages\n|rule|Illusion Level Mod: Illusion disguises the Pokémon's true level\n|rule|Sleep Clause Mod: Limit one foe put to sleep\n|\n|t:|1770869754\n|teamsize|p1|6\n|teamsize|p2|6\n|start\n|switch|p1a: Raging Bolt|Raging Bolt, L77|319/319\n|switch|p1b: Pawmot|Pawmot, L80, F|243/243\n|switch|p2a: Milotic|Milotic, L81, F|287/287\n|switch|p2b: Cobalion|Cobalion, L79|273/273\n|turn|1\n|l|☆azuroblue\n|player|p2|\n|j|☆azuroblue\n|player|p2|azuroblue|101|\n|inactive|Battle timer is ON: inactive players will automatically lose when time's up. (requested by themismatcher)\n|\n|t:|1770869837\n|switch|p2b: Vikavolt|Vikavolt, L84, M|267/267\n|move|p2a: Milotic|Protect|p2a: Milotic\n|-singleturn|p2a: Milotic|Protect\n|move|p1b: Pawmot|Fake Out|p2b: Vikavolt\n|-damage|p2b: Vikavolt|235/267\n|move|p1a: Raging Bolt|Calm Mind|p1a: Raging Bolt\n|-boost|p1a: Raging Bolt|spa|1\n|-boost|p1a: Raging Bolt|spd|1\n|\n|upkeep\n|turn|2\n|\n|t:|1770869863\n|-terastallize|p2a: Milotic|Dragon\n|move|p1b: Pawmot|Double Shock|p2a: Milotic\n|-resisted|p2a: Milotic\n|-damage|p2a: Milotic|213/287\n|-start|p1b: Pawmot|typechange|???/Fighting|[from] move: Double Shock\n|move|p2a: Milotic|Icy Wind|p1a: Raging Bolt|[spread] p1a,p1b\n|-supereffective|p1a: Raging Bolt\n|-damage|p1a: Raging Bolt|277/319\n|-damage|p1b: Pawmot|204/243\n|-unboost|p1a: Raging Bolt|spe|1\n|-unboost|p1b: Pawmot|spe|1\n|move|p2b: Vikavolt|Sticky Web|p1b: Pawmot\n|-sidestart|p1: themismatcher|move: Sticky Web\n|move|p1a: Raging Bolt|Calm Mind|p1a: Raging Bolt\n|-boost|p1a: Raging Bolt|spa|1\n|-boost|p1a: Raging Bolt|spd|1\n|\n|-heal|p1a: Raging Bolt|296/319|[from] item: Leftovers\n|upkeep\n|turn|3\n|\n|t:|1770869891\n|switch|p1b: Dewgong|Dewgong, L91, F|312/312\n|-activate|p1b: Dewgong|move: Sticky Web\n|-unboost|p1b: Dewgong|spe|1\n|move|p2a: Milotic|Scald|p1b: Dewgong\n|-resisted|p1b: Dewgong\n|-damage|p1b: Dewgong|279/312\n|-status|p1b: Dewgong|brn\n|move|p2b: Vikavolt|Bug Buzz|p1a: Raging Bolt\n|-damage|p1a: Raging Bolt|220/319\n|move|p1a: Raging Bolt|Dragon Pulse|p2a: Milotic\n|-supereffective|p2a: Milotic\n|-damage|p2a: Milotic|0 fnt\n|faint|p2a: Milotic\n|\n|-heal|p1a: Raging Bolt|239/319|[from] item: Leftovers\n|-damage|p1b: Dewgong|260/312 brn|[from] brn\n|upkeep\n|inactive|azuroblue has 120 seconds left.\n|\n|t:|1770869916\n|switch|p2a: Chi-Yu|Chi-Yu, L75|206/206\n|-ability|p2a: Chi-Yu|Beads of Ruin\n|turn|4\n|\n|t:|1770869935\n|move|p1b: Dewgong|Fake Out|p2a: Chi-Yu\n|-damage|p2a: Chi-Yu|191/206\n|cant|p2a: Chi-Yu|flinch\n|move|p2b: Vikavolt|Thunderbolt|p1b: Dewgong\n|-supereffective|p1b: Dewgong\n|-damage|p1b: Dewgong|0 fnt\n|faint|p1b: Dewgong\n|move|p1a: Raging Bolt|Calm Mind|p1a: Raging Bolt\n|-boost|p1a: Raging Bolt|spa|1\n|-boost|p1a: Raging Bolt|spd|1\n|\n|-heal|p1a: Raging Bolt|258/319|[from] item: Leftovers\n|upkeep\n|\n|t:|1770869951\n|switch|p1b: Pawmot|Pawmot, L80, F|204/243\n|-activate|p1b: Pawmot|move: Sticky Web\n|-unboost|p1b: Pawmot|spe|1\n|turn|5\n|\n|t:|1770869964\n|switch|p2a: Cobalion|Cobalion, L79|273/273\n|move|p1b: Pawmot|Fake Out|p2a: Cobalion\n|-resisted|p2a: Cobalion\n|-damage|p2a: Cobalion|262/273\n|move|p2b: Vikavolt|Bug Buzz|p1a: Raging Bolt\n|-damage|p1a: Raging Bolt|206/319\n|move|p1a: Raging Bolt|Calm Mind|p1a: Raging Bolt\n|-boost|p1a: Raging Bolt|spa|1\n|-boost|p1a: Raging Bolt|spd|1\n|\n|-heal|p1a: Raging Bolt|225/319|[from] item: Leftovers\n|upkeep\n|turn|6\n|\n|t:|1770869985\n|switch|p1b: Arbok|Arbok, L88, F|249/249\n|-activate|p1b: Arbok|move: Sticky Web\n|-unboost|p1b: Arbok|spe|1\n|-ability|p1b: Arbok|Intimidate|boost\n|-unboost|p2a: Cobalion|atk|1\n|-unboost|p2b: Vikavolt|atk|1\n|move|p1a: Raging Bolt|Thunderclap|p2a: Cobalion\n|-damage|p2a: Cobalion|0 fnt\n|faint|p2a: Cobalion\n|move|p2b: Vikavolt|Bug Buzz|p1b: Arbok\n|-resisted|p1b: Arbok\n|-damage|p1b: Arbok|186/249\n|\n|-heal|p1b: Arbok|201/249|[from] item: Leftovers\n|-heal|p1a: Raging Bolt|244/319|[from] item: Leftovers\n|upkeep\n|-message|azuroblue forfeited.\n|\n|win|themismatcher\n|raw|themismatcher's rating: 1633 &rarr; <strong>1649</strong><br />(+16 for winning)\n|raw|azuroblue's rating: 1559 &rarr; <strong>1543</strong><br />(-16 for losing)\n|l|☆azuroblue\n|player|p2|\n", "inputlog": ">version ccdc32dd7cde25fd9e4bed64820e885f66e78a4e\n>start {\"formatid\":\"gen9randomdoublesbattle\",\"seed\":\"sodium,8d6f1e068b502dee24143e888ec24cb6\",\"rated\":\"Rated battle\"}\n>player p1 {\"name\":\"themismatcher\",\"avatar\":\"benga\",\"rating\":1633,\"seed\":\"sodium,a45d8ef0f5154e30430ff03b2c0732a7\"}\n>player p2 {\"name\":\"azuroblue\",\"avatar\":\"101\",\"rating\":1559,\"seed\":\"sodium,751e00704bf79b3bdc4a6334e8b63d6b\"}\n>p1 move calmmind, move fakeout +2\n>p2 move protect, switch 3\n>p1 move calmmind, move doubleshock +1\n>p2 move icywind terastallize, move stickyweb\n>p1 move dragonpulse +1, switch 4\n>p2 move scald +2, move bugbuzz +1\n>p2 switch 4, pass\n>p1 move calmmind, move fakeout +1\n>p2 move snarl, move thunderbolt +2\n>p1 pass, switch 4\n>p1 move calmmind, move fakeout +1\n>p2 switch 3, move bugbuzz +1\n>p1 move thunderclap +1, switch 5\n>p2 move bodypress +1, move bugbuzz +2\n>forcelose p2", "uploadtime": 1770870009, "views": 76, "formatid": "gen9randomdoublesbattle", "rating": 1543, "private": 0, "password": null}