{"id": "gen9randomdoublesbattle-2537306533", "format": "[Gen 9] Random Doubles Battle", "players": ["cobbwilli", "Jenome"], "log": "|j|☆cobbwilli\n|j|☆Jenome\n|t:|1770794879\n|gametype|doubles\n|player|p1|cobbwilli|2|1708\n|player|p2|Jenome|gentleman-gen4|1588\n|gen|9\n|tier|[Gen 9] Random Doubles Battle\n|rated|\n|rule|Species Clause: Limit one of each Pokémon\n|rule|HP Percentage Mod: HP is shown in percentages\n|rule|Illusion Level Mod: Illusion disguises the Pokémon's true level\n|rule|Sleep Clause Mod: Limit one foe put to sleep\n|\n|t:|1770794879\n|teamsize|p1|6\n|teamsize|p2|6\n|start\n|switch|p1a: Pawmot|Pawmot, L80, F|243/243\n|switch|p1b: Ho-Oh|Ho-Oh, L70|264/264\n|switch|p2a: Electabuzz|Electabuzz, L84, M|246/246\n|switch|p2b: Gastrodon|Gastrodon, L82, M|316/316\n|turn|1\n|inactive|Battle timer is ON: inactive players will automatically lose when time's up. (requested by Jenome)\n|inactive|cobbwilli has 120 seconds left.\n|\n|t:|1770794922\n|switch|p1a: Ambipom|Ambipom, L87, M|272/272\n|move|p2a: Electabuzz|Electroweb|p1a: Ambipom|[spread] p1a,p1b\n|-supereffective|p1b: Ho-Oh\n|-crit|p1b: Ho-Oh\n|-damage|p1a: Ambipom|218/272\n|-damage|p1b: Ho-Oh|154/264\n|-unboost|p1a: Ambipom|spe|1\n|-unboost|p1b: Ho-Oh|spe|1\n|move|p1b: Ho-Oh|Tailwind|p1b: Ho-Oh\n|-sidestart|p1: cobbwilli|move: Tailwind\n|move|p2b: Gastrodon|Muddy Water|p1b: Ho-Oh|[spread] p1a,p1b\n|-supereffective|p1b: Ho-Oh\n|-damage|p1a: Ambipom|145/272\n|-damage|p1b: Ho-Oh|56/264\n|-unboost|p1b: Ho-Oh|accuracy|1\n|-enditem|p1b: Ho-Oh|Sitrus Berry|[eat]\n|-heal|p1b: Ho-Oh|122/264|[from] item: Sitrus Berry\n|\n|upkeep\n|turn|2\n|\n|t:|1770794951\n|switch|p1b: Electivire|Electivire, L86, F|269/269\n|-terastallize|p1a: Ambipom|Normal\n|move|p1a: Ambipom|Fake Out|p2b: Gastrodon\n|-damage|p2b: Gastrodon|170/316\n|move|p2a: Electabuzz|Electroweb|p1b: Electivire|[spread] p1a\n|-ability|p1b: Electivire|Motor Drive|boost\n|-boost|p1b: Electivire|spe|1\n|-damage|p1a: Ambipom|90/272\n|-unboost|p1a: Ambipom|spe|1\n|cant|p2b: Gastrodon|flinch\n|\n|-heal|p2b: Gastrodon|189/316|[from] item: Leftovers\n|upkeep\n|turn|3\n|\n|t:|1770794974\n|move|p2a: Electabuzz|Follow Me|p2a: Electabuzz\n|-singleturn|p2a: Electabuzz|move: Follow Me\n|move|p1b: Electivire|Cross Chop|p2a: Electabuzz|[miss]\n|-miss|p1b: Electivire|p2a: Electabuzz\n|move|p1a: Ambipom|Double-Edge|p2a: Electabuzz\n|-damage|p2a: Electabuzz|32/246\n|-status|p1a: Ambipom|par|[from] ability: Static|[of] p2a: Electabuzz\n|-damage|p1a: Ambipom|19/272 par|[from] Recoil\n|move|p2b: Gastrodon|Earth Power|p1b: Electivire\n|-supereffective|p1b: Electivire\n|-damage|p1b: Electivire|155/269\n|\n|-heal|p2b: Gastrodon|208/316|[from] item: Leftovers\n|upkeep\n|turn|4\n|\n|t:|1770794991\n|move|p2a: Electabuzz|Follow Me|p2a: Electabuzz\n|-singleturn|p2a: Electabuzz|move: Follow Me\n|move|p1b: Electivire|Cross Chop|p2a: Electabuzz|[miss]\n|-miss|p1b: Electivire|p2a: Electabuzz\n|move|p1a: Ambipom|Double-Edge|p2a: Electabuzz\n|-damage|p2a: Electabuzz|0 fnt\n|faint|p2a: Electabuzz\n|-damage|p1a: Ambipom|8/272 par|[from] Recoil\n|move|p2b: Gastrodon|Muddy Water|p1b: Electivire|[spread] p1a,p1b\n|-damage|p1a: Ambipom|0 fnt\n|-damage|p1b: Electivire|109/269\n|faint|p1a: Ambipom\n|\n|-heal|p2b: Gastrodon|227/316|[from] item: Leftovers\n|-sideend|p1: cobbwilli|move: Tailwind\n|upkeep\n|inactive|cobbwilli has 120 seconds left.\n|\n|t:|1770795012\n|switch|p1a: Floatzel|Floatzel, L86, F|286/286\n|switch|p2a: Mismagius|Mismagius, L88, M|249/249\n|turn|5\n|\n|t:|1770795039\n|move|p1b: Electivire|Cross Chop|p2b: Gastrodon\n|-damage|p2b: Gastrodon|122/316\n|move|p1a: Floatzel|Ice Spinner|p2b: Gastrodon\n|-damage|p2b: Gastrodon|10/316\n|move|p2a: Mismagius|Will-O-Wisp|p1b: Electivire\n|-status|p1b: Electivire|brn\n|move|p2b: Gastrodon|Muddy Water|p1b: Electivire|[spread] p1a,p1b\n|-resisted|p1a: Floatzel\n|-damage|p1a: Floatzel|241/286\n|-damage|p1b: Electivire|66/269 brn\n|-unboost|p1b: Electivire|accuracy|1\n|\n|-heal|p2b: Gastrodon|29/316|[from] item: Leftovers\n|-damage|p1b: Electivire|50/269 brn|[from] brn\n|upkeep\n|turn|6\n|\n|t:|1770795068\n|move|p1b: Electivire|Ice Punch|p2a: Mismagius\n|-damage|p2a: Mismagius|203/249\n|move|p1a: Floatzel|Ice Spinner|p2b: Gastrodon\n|-damage|p2b: Gastrodon|0 fnt\n|faint|p2b: Gastrodon\n|move|p2a: Mismagius|Thunderbolt|p1a: Floatzel\n|-supereffective|p1a: Floatzel\n|-damage|p1a: Floatzel|0 fnt\n|faint|p1a: Floatzel\n|-damage|p2a: Mismagius|179/249|[from] item: Life Orb\n|\n|-damage|p1b: Electivire|34/269 brn|[from] brn\n|upkeep\n|inactive|cobbwilli has 120 seconds left.\n|\n|t:|1770795083\n|switch|p1a: Pawmot|Pawmot, L80, F|243/243\n|switch|p2b: Mienshao|Mienshao, L84, M|246/246\n|turn|7\n|\n|t:|1770795104\n|-terastallize|p2a: Mismagius|Fairy\n|move|p1a: Pawmot|Protect|p1a: Pawmot\n|-singleturn|p1a: Pawmot|Protect\n|move|p2b: Mienshao|Fake Out|p1a: Pawmot\n|-activate|p1a: Pawmot|move: Protect\n|move|p1b: Electivire|Ice Punch|p2a: Mismagius|[miss]\n|-miss|p1b: Electivire|p2a: Mismagius\n|move|p2a: Mismagius|Dazzling Gleam|p1b: Electivire|[spread] p1b\n|-activate|p1a: Pawmot|move: Protect\n|-damage|p1b: Electivire|0 fnt\n|faint|p1b: Electivire\n|-damage|p2a: Mismagius|155/249|[from] item: Life Orb\n|\n|upkeep\n|inactive|cobbwilli has 120 seconds left.\n|\n|t:|1770795125\n|switch|p1b: Ho-Oh|Ho-Oh, L70|210/264\n|turn|8\n|inactive|cobbwilli has 120 seconds left.\n|\n|t:|1770795142\n|move|p2a: Mismagius|Dazzling Gleam|p1b: Ho-Oh|[spread] p1a,p1b\n|-supereffective|p1a: Pawmot\n|-resisted|p1b: Ho-Oh\n|-damage|p1a: Pawmot|0 fnt\n|-damage|p1b: Ho-Oh|175/264\n|faint|p1a: Pawmot\n|-damage|p2a: Mismagius|131/249|[from] item: Life Orb\n|move|p2b: Mienshao|Knock Off|p1b: Ho-Oh\n|-damage|p1b: Ho-Oh|104/264\n|move|p1b: Ho-Oh|Sacred Fire|p2a: Mismagius\n|-damage|p2a: Mismagius|20/249\n|-status|p2a: Mismagius|brn\n|\n|-damage|p2a: Mismagius|5/249 brn|[from] brn\n|upkeep\n|\n|t:|1770795146\n|switch|p1a: Basculegion|Basculegion-F, L72, F|292/292\n|turn|9\n|\n|t:|1770795155\n|move|p2a: Mismagius|Thunderbolt|p1b: Ho-Oh\n|-supereffective|p1b: Ho-Oh\n|-damage|p1b: Ho-Oh|0 fnt\n|faint|p1b: Ho-Oh\n|-damage|p2a: Mismagius|0 fnt|[from] item: Life Orb\n|faint|p2a: Mismagius\n|move|p1a: Basculegion|Last Respects|p2b: Mienshao\n|-damage|p2b: Mienshao|0 fnt\n|faint|p2b: Mienshao\n|\n|upkeep\n|\n|t:|1770795161\n|switch|p2a: Iron Moth|Iron Moth, L78|253/253\n|switch|p2b: Arceus|Arceus-Dark, L73|296/296\n|turn|10\n|\n|t:|1770795170\n|move|p2a: Iron Moth|Protect|p2a: Iron Moth\n|-singleturn|p2a: Iron Moth|Protect\n|move|p1a: Basculegion|Last Respects|p2a: Iron Moth\n|-activate|p2a: Iron Moth|move: Protect\n|move|p2b: Arceus|Tailwind|p2b: Arceus\n|-sidestart|p2: Jenome|move: Tailwind\n|\n|upkeep\n|turn|11\n|\n|t:|1770795184\n|move|p2b: Arceus|Judgment|p1a: Basculegion\n|-supereffective|p1a: Basculegion\n|-damage|p1a: Basculegion|14/292\n|move|p2a: Iron Moth|Acid Spray|p1a: Basculegion\n|-resisted|p1a: Basculegion\n|-damage|p1a: Basculegion|0 fnt\n|faint|p1a: Basculegion\n|\n|win|Jenome\n|raw|cobbwilli's rating: 1708 &rarr; <strong>1681</strong><br />(-27 for losing)\n|raw|Jenome's rating: 1588 &rarr; <strong>1615</strong><br />(+27 for winning)\n|c|☆cobbwilli|gg\n|l|☆cobbwilli\n|player|p1|\n", "inputlog": ">version ccdc32dd7cde25fd9e4bed64820e885f66e78a4e\n>start {\"formatid\":\"gen9randomdoublesbattle\",\"seed\":\"sodium,5022747b7a1c8c15f90319a5fdd22ca4\",\"rated\":\"Rated battle\"}\n>player p1 {\"name\":\"cobbwilli\",\"avatar\":\"2\",\"rating\":1708,\"seed\":\"sodium,24f7df97b8d2877d8f381aeb01d59805\"}\n>player p2 {\"name\":\"Jenome\",\"avatar\":\"gentleman-gen4\",\"rating\":1588,\"seed\":\"sodium,1da00caf83698c44ffc64c7c7735354e\"}\n>p1 switch 5, move tailwind\n>p2 move electroweb, move muddywater\n>p1 move fakeout +2 terastallize, switch 3\n>p2 move electroweb, move muddywater\n>p1 move doubleedge +2, move crosschop +1\n>p2 move followme, move earthpower +2\n>p1 move doubleedge +1, move crosschop +2\n>p2 move followme, move muddywater\n>p1 switch 6, pass\n>p2 switch 3, pass\n>p1 move icespinner +2, move crosschop +2\n>p2 move willowisp +2, move muddywater\n>p1 move icespinner +2, move icepunch +1\n>p2 move thunderbolt +1, move muddywater\n>p1 switch 5, pass\n>p2 pass, switch 4\n>p1 move protect, move icepunch +1\n>p2 move dazzlinggleam terastallize, move fakeout +1\n>p1 pass, switch 3\n>p1 move doubleshock +1, move sacredfire +1\n>p2 move dazzlinggleam, move knockoff +1\n>p1 switch 4, pass\n>p1 move lastrespects +2, move tailwind\n>p2 move thunderbolt +2, move knockoff +1\n>p2 switch 5, switch 6\n>p1 move lastrespects +1, pass\n>p2 move protect, move tailwind\n>p1 move lastrespects +1, pass\n>p2 move acidspray +1, move judgment +1", "uploadtime": 1770795189, "views": 63, "formatid": "gen9randomdoublesbattle", "rating": 1615, "private": 0, "password": null}