{"id": "gen9randomdoublesbattle-2535907278", "format": "[Gen 9] Random Doubles Battle", "players": ["gggo", "Cream2905"], "log": "|j|☆gggo\n|j|☆Cream2905\n|t:|1770630496\n|gametype|doubles\n|player|p1|gggo|2|1762\n|player|p2|Cream2905|101|1746\n|gen|9\n|tier|[Gen 9] Random Doubles Battle\n|rated|\n|rule|Species Clause: Limit one of each Pokémon\n|rule|HP Percentage Mod: HP is shown in percentages\n|rule|Illusion Level Mod: Illusion disguises the Pokémon's true level\n|rule|Sleep Clause Mod: Limit one foe put to sleep\n|\n|t:|1770630496\n|teamsize|p1|6\n|teamsize|p2|6\n|start\n|switch|p1a: Regidrago|Regidrago, L74|418/418\n|switch|p1b: Poliwrath|Poliwrath, L90, F|308/308\n|switch|p2a: Skeledirge|Skeledirge, L80, M|298/298\n|switch|p2b: Gouging Fire|Gouging Fire, L75|281/281\n|turn|1\n|inactive|Battle timer is ON: inactive players will automatically lose when time's up. (requested by gggo)\n|\n|t:|1770630527\n|-end|p2b: Gouging Fire|Protosynthesis|[silent]\n|switch|p2b: Skarmory|Skarmory, L85, F|249/249\n|switch|p2a: Scrafty|Scrafty, L83, F|244/244\n|-ability|p2a: Scrafty|Intimidate|boost\n|-unboost|p1a: Regidrago|atk|1\n|-unboost|p1b: Poliwrath|atk|1\n|move|p1a: Regidrago|Dragon Energy|p2a: Scrafty|[spread] p2a,p2b\n|-resisted|p2b: Skarmory\n|-damage|p2a: Scrafty|163/244\n|-damage|p2b: Skarmory|168/249\n|move|p1b: Poliwrath|Knock Off|p2a: Scrafty\n|-resisted|p2a: Scrafty\n|-damage|p2a: Scrafty|153/244\n|-enditem|p2a: Scrafty|Assault Vest|[from] move: Knock Off|[of] p1b: Poliwrath\n|\n|-heal|p2b: Skarmory|183/249|[from] item: Leftovers\n|upkeep\n|turn|2\n|\n|t:|1770630549\n|switch|p1a: Toxapex|Toxapex, L92, M|241/241\n|move|p2a: Scrafty|Fake Out|p1b: Poliwrath\n|-damage|p1b: Poliwrath|285/308\n|cant|p1b: Poliwrath|flinch\n|move|p2b: Skarmory|Roost|p2b: Skarmory\n|-heal|p2b: Skarmory|249/249\n|-singleturn|p2b: Skarmory|move: Roost\n|\n|upkeep\n|turn|3\n|\n|t:|1770630557\n|move|p1b: Poliwrath|Knock Off|p2b: Skarmory\n|-damage|p2b: Skarmory|212/249\n|-enditem|p2b: Skarmory|Leftovers|[from] move: Knock Off|[of] p1b: Poliwrath\n|move|p2b: Skarmory|Iron Defense|p2b: Skarmory\n|-boost|p2b: Skarmory|def|2\n|move|p2a: Scrafty|Knock Off|p1a: Toxapex\n|-damage|p1a: Toxapex|189/241\n|-enditem|p1a: Toxapex|Leftovers|[from] move: Knock Off|[of] p2a: Scrafty\n|move|p1a: Toxapex|Infestation|p2b: Skarmory\n|-resisted|p2b: Skarmory\n|-damage|p2b: Skarmory|209/249\n|-activate|p2b: Skarmory|move: Infestation|[of] p1a: Toxapex\n|\n|-damage|p2b: Skarmory|178/249|[from] move: Infestation|[partiallytrapped]\n|upkeep\n|turn|4\n|\n|t:|1770630572\n|move|p1b: Poliwrath|Coaching|p1a: Toxapex\n|-boost|p1a: Toxapex|atk|1\n|-boost|p1a: Toxapex|def|1\n|move|p2b: Skarmory|Body Press|p1b: Poliwrath\n|-damage|p1b: Poliwrath|155/308\n|move|p2a: Scrafty|Knock Off|p1b: Poliwrath\n|-resisted|p1b: Poliwrath\n|-damage|p1b: Poliwrath|113/308\n|-enditem|p1b: Poliwrath|Sitrus Berry|[from] move: Knock Off|[of] p2a: Scrafty\n|move|p1a: Toxapex|Toxic|p2a: Scrafty\n|-status|p2a: Scrafty|tox\n|\n|-damage|p2a: Scrafty|138/244 tox|[from] psn\n|-damage|p2b: Skarmory|147/249|[from] move: Infestation|[partiallytrapped]\n|upkeep\n|turn|5\n|\n|t:|1770630590\n|switch|p2a: Dipplin|Dipplin, L92, M|297/297\n|move|p1b: Poliwrath|Coaching|p1a: Toxapex\n|-boost|p1a: Toxapex|atk|1\n|-boost|p1a: Toxapex|def|1\n|move|p2b: Skarmory|Body Press|p1b: Poliwrath\n|-damage|p1b: Poliwrath|0 fnt\n|faint|p1b: Poliwrath\n|move|p1a: Toxapex|Recover|p1a: Toxapex\n|-heal|p1a: Toxapex|241/241\n|\n|-damage|p2b: Skarmory|116/249|[from] move: Infestation|[partiallytrapped]\n|upkeep\n|\n|t:|1770630607\n|switch|p1b: Chimecho|Chimecho, L94, M|293/293\n|turn|6\n|\n|t:|1770630623\n|move|p1b: Chimecho|Psychic|p2b: Skarmory\n|-resisted|p2b: Skarmory\n|-damage|p2b: Skarmory|53/249\n|move|p2b: Skarmory|Roost|p2b: Skarmory\n|-heal|p2b: Skarmory|178/249\n|-singleturn|p2b: Skarmory|move: Roost\n|move|p2a: Dipplin|Syrup Bomb|p1b: Chimecho\n|-damage|p1b: Chimecho|227/293\n|-start|p1b: Chimecho|Syrup Bomb\n|move|p1a: Toxapex|Toxic|p2a: Dipplin\n|-status|p2a: Dipplin|tox\n|\n|-damage|p2a: Dipplin|279/297 tox|[from] psn\n|-damage|p2b: Skarmory|147/249|[from] move: Infestation|[partiallytrapped]\n|-unboost|p1b: Chimecho|spe|1\n|upkeep\n|turn|7\n|\n|t:|1770630640\n|move|p2b: Skarmory|Roost|p2b: Skarmory\n|-heal|p2b: Skarmory|249/249\n|-singleturn|p2b: Skarmory|move: Roost\n|move|p2a: Dipplin|Syrup Bomb|p1a: Toxapex\n|-damage|p1a: Toxapex|192/241\n|-start|p1a: Toxapex|Syrup Bomb\n|move|p1a: Toxapex|Infestation|p2a: Dipplin\n|-supereffective|p2a: Dipplin\n|-damage|p2a: Dipplin|265/297 tox\n|-activate|p2a: Dipplin|move: Infestation|[of] p1a: Toxapex\n|move|p1b: Chimecho|Psychic|p2b: Skarmory\n|-resisted|p2b: Skarmory\n|-damage|p2b: Skarmory|185/249\n|\n|-damage|p2a: Dipplin|229/297 tox|[from] psn\n|-damage|p2b: Skarmory|154/249|[from] move: Infestation|[partiallytrapped]\n|-damage|p2a: Dipplin|192/297 tox|[from] move: Infestation|[partiallytrapped]\n|-unboost|p1b: Chimecho|spe|1\n|-unboost|p1a: Toxapex|spe|1\n|upkeep\n|turn|8\n|\n|t:|1770630652\n|move|p2b: Skarmory|Iron Defense|p2b: Skarmory\n|-boost|p2b: Skarmory|def|2\n|move|p2a: Dipplin|Dragon Pulse|p1a: Toxapex\n|-damage|p1a: Toxapex|129/241\n|move|p1b: Chimecho|Thunder Wave|p2b: Skarmory|[miss]\n|-miss|p1b: Chimecho|p2b: Skarmory\n|move|p1a: Toxapex|Infestation|p2b: Skarmory\n|-resisted|p2b: Skarmory\n|-damage|p2b: Skarmory|151/249\n|\n|-damage|p2a: Dipplin|138/297 tox|[from] psn\n|-end|p2b: Skarmory|Infestation|[partiallytrapped]\n|-damage|p2a: Dipplin|101/297 tox|[from] move: Infestation|[partiallytrapped]\n|-unboost|p1b: Chimecho|spe|1\n|-unboost|p1a: Toxapex|spe|1\n|upkeep\n|turn|9\n|\n|t:|1770630665\n|move|p2b: Skarmory|Body Press|p1b: Chimecho\n|-resisted|p1b: Chimecho\n|-crit|p1b: Chimecho\n|-damage|p1b: Chimecho|55/293\n|-enditem|p1b: Chimecho|Sitrus Berry|[eat]\n|-heal|p1b: Chimecho|128/293|[from] item: Sitrus Berry\n|move|p2a: Dipplin|Recover|p2a: Dipplin\n|-heal|p2a: Dipplin|250/297 tox\n|move|p1b: Chimecho|Thunder Wave|p2b: Skarmory\n|-status|p2b: Skarmory|par\n|move|p1a: Toxapex|Recover|p1a: Toxapex\n|-heal|p1a: Toxapex|241/241\n|\n|-damage|p2a: Dipplin|178/297 tox|[from] psn\n|-damage|p2a: Dipplin|141/297 tox|[from] move: Infestation|[partiallytrapped]\n|-end|p1b: Chimecho|Syrup Bomb|[silent]\n|-unboost|p1a: Toxapex|spe|1\n|upkeep\n|turn|10\n|\n|t:|1770630687\n|move|p2a: Dipplin|Pollen Puff|p1b: Chimecho\n|-supereffective|p1b: Chimecho\n|-damage|p1b: Chimecho|6/293\n|move|p2b: Skarmory|Iron Defense|p2b: Skarmory\n|-boost|p2b: Skarmory|def|2\n|move|p1b: Chimecho|Psychic|p2b: Skarmory\n|-resisted|p2b: Skarmory\n|-damage|p2b: Skarmory|88/249 par\n|-unboost|p2b: Skarmory|spd|1\n|move|p1a: Toxapex|Infestation|p2b: Skarmory\n|-resisted|p2b: Skarmory\n|-damage|p2b: Skarmory|83/249 par\n|-activate|p2b: Skarmory|move: Infestation|[of] p1a: Toxapex\n|\n|-damage|p2a: Dipplin|51/297 tox|[from] psn\n|-damage|p2a: Dipplin|14/297 tox|[from] move: Infestation|[partiallytrapped]\n|-damage|p2b: Skarmory|52/249 par|[from] move: Infestation|[partiallytrapped]\n|-end|p1a: Toxapex|Syrup Bomb|[silent]\n|upkeep\n|turn|11\n|\n|t:|1770630706\n|move|p2a: Dipplin|Dragon Pulse|p1b: Chimecho\n|-damage|p1b: Chimecho|0 fnt\n|faint|p1b: Chimecho\n|cant|p2b: Skarmory|par\n|move|p1a: Toxapex|Recover||[still]\n|-fail|p1a: Toxapex|heal\n|\n|-damage|p2a: Dipplin|0 fnt|[from] psn\n|faint|p2a: Dipplin\n|-damage|p2b: Skarmory|21/249 par|[from] move: Infestation|[partiallytrapped]\n|upkeep\n|\n|t:|1770630715\n|switch|p1b: Iron Crown|Iron Crown, L78|268/268\n|switch|p2a: Skeledirge|Skeledirge, L80, M|298/298\n|turn|12\n|\n|t:|1770630727\n|move|p1b: Iron Crown|Tachyon Cutter|p2b: Skarmory\n|-resisted|p2b: Skarmory\n|-damage|p2b: Skarmory|0 fnt\n|faint|p2b: Skarmory\n|-hitcount|p2: Skarmory|1\n|move|p2a: Skeledirge|Torch Song|p1b: Iron Crown\n|-supereffective|p1b: Iron Crown\n|-damage|p1b: Iron Crown|112/268\n|-boost|p2a: Skeledirge|spa|1\n|-enditem|p1b: Iron Crown|Weakness Policy\n|-boost|p1b: Iron Crown|atk|2|[from] item: Weakness Policy\n|-boost|p1b: Iron Crown|spa|2|[from] item: Weakness Policy\n|move|p1a: Toxapex|Toxic|p2a: Skeledirge\n|-status|p2a: Skeledirge|tox\n|\n|-damage|p2a: Skeledirge|280/298 tox|[from] psn\n|upkeep\n|\n|t:|1770630732\n|switch|p2b: Scrafty|Scrafty, L83, F|138/244 tox\n|-ability|p2b: Scrafty|Intimidate|boost\n|-unboost|p1a: Toxapex|atk|1\n|-unboost|p1b: Iron Crown|atk|1\n|turn|13\n|\n|t:|1770630755\n|move|p1b: Iron Crown|Protect|p1b: Iron Crown\n|-singleturn|p1b: Iron Crown|Protect\n|move|p2b: Scrafty|Fake Out|p1b: Iron Crown\n|-activate|p1b: Iron Crown|move: Protect\n|move|p2a: Skeledirge|Shadow Ball|p1a: Toxapex\n|-damage|p1a: Toxapex|166/241\n|-unboost|p1a: Toxapex|spd|1\n|move|p1a: Toxapex|Infestation|p2a: Skeledirge\n|-resisted|p2a: Skeledirge\n|-damage|p2a: Skeledirge|277/298 tox\n|-activate|p2a: Skeledirge|move: Infestation|[of] p1a: Toxapex\n|\n|-heal|p2a: Skeledirge|295/298 tox|[from] item: Leftovers\n|-damage|p2a: Skeledirge|259/298 tox|[from] psn\n|-damage|p2b: Scrafty|123/244 tox|[from] psn\n|-damage|p2a: Skeledirge|222/298 tox|[from] move: Infestation|[partiallytrapped]\n|upkeep\n|turn|14\n|\n|t:|1770630778\n|move|p1b: Iron Crown|Tachyon Cutter|p2a: Skeledirge\n|-resisted|p2a: Skeledirge\n|-damage|p2a: Skeledirge|187/298 tox\n|-resisted|p2a: Skeledirge\n|-damage|p2a: Skeledirge|153/298 tox\n|-hitcount|p2a: Skeledirge|2\n|move|p2a: Skeledirge|Torch Song|p1b: Iron Crown\n|-supereffective|p1b: Iron Crown\n|-damage|p1b: Iron Crown|0 fnt\n|-boost|p2a: Skeledirge|spa|1\n|faint|p1b: Iron Crown\n|-end|p1b: Iron Crown|Quark Drive|[silent]\n|move|p2b: Scrafty|Snarl|p1a: Toxapex|[miss]\n|-miss|p2b: Scrafty|p1a: Toxapex\n|move|p1a: Toxapex|Recover|p1a: Toxapex\n|-heal|p1a: Toxapex|241/241\n|\n|-heal|p2a: Skeledirge|171/298 tox|[from] item: Leftovers\n|-damage|p2a: Skeledirge|117/298 tox|[from] psn\n|-damage|p2b: Scrafty|93/244 tox|[from] psn\n|-damage|p2a: Skeledirge|80/298 tox|[from] move: Infestation|[partiallytrapped]\n|upkeep\n|inactive|gggo has 120 seconds left.\n|\n|t:|1770630800\n|switch|p1b: Regidrago|Regidrago, L74|418/418\n|turn|15\n|\n|t:|1770630811\n|-terastallize|p1b: Regidrago|Dragon\n|move|p2a: Skeledirge|Protect|p2a: Skeledirge\n|-singleturn|p2a: Skeledirge|Protect\n|move|p1b: Regidrago|Dragon Energy|p2b: Scrafty|[spread] p2b\n|-activate|p2a: Skeledirge|move: Protect\n|-damage|p2b: Scrafty|0 fnt\n|faint|p2b: Scrafty\n|move|p1a: Toxapex|Infestation|p2a: Skeledirge\n|-activate|p2a: Skeledirge|move: Protect\n|\n|-heal|p2a: Skeledirge|98/298 tox|[from] item: Leftovers\n|-damage|p2a: Skeledirge|26/298 tox|[from] psn\n|-damage|p2a: Skeledirge|0 fnt|[from] move: Infestation|[partiallytrapped]\n|faint|p2a: Skeledirge\n|upkeep\n|\n|t:|1770630816\n|switch|p2a: Gouging Fire|Gouging Fire, L75|281/281\n|switch|p2b: Poliwrath|Poliwrath, L90, M|308/308\n|turn|16\n|\n|t:|1770630826\n|switch|p1b: Stonjourner|Stonjourner, L88, F|319/319\n|move|p2a: Gouging Fire|Burning Bulwark|p2a: Gouging Fire\n|-singleturn|p2a: Gouging Fire|move: Protect\n|move|p2b: Poliwrath|Icy Wind|p1a: Toxapex|[spread] p1a,p1b\n|-resisted|p1a: Toxapex\n|-damage|p1a: Toxapex|229/241\n|-damage|p1b: Stonjourner|263/319\n|-unboost|p1a: Toxapex|spe|1\n|-unboost|p1b: Stonjourner|spe|1\n|move|p1a: Toxapex|Toxic|p2b: Poliwrath\n|-status|p2b: Poliwrath|tox\n|\n|-damage|p2b: Poliwrath|289/308 tox|[from] psn\n|upkeep\n|turn|17\n|\n|t:|1770630843\n|move|p2a: Gouging Fire|Dragon Claw|p1b: Stonjourner\n|-damage|p1b: Stonjourner|209/319\n|move|p2b: Poliwrath|Close Combat|p1b: Stonjourner\n|-supereffective|p1b: Stonjourner\n|-damage|p1b: Stonjourner|11/319\n|-unboost|p2b: Poliwrath|def|1\n|-unboost|p2b: Poliwrath|spd|1\n|move|p1b: Stonjourner|Rock Slide|p2a: Gouging Fire|[spread] p2a,p2b\n|-supereffective|p2a: Gouging Fire\n|-resisted|p2b: Poliwrath\n|-damage|p2a: Gouging Fire|153/281\n|-damage|p2b: Poliwrath|240/308 tox\n|move|p1a: Toxapex|Toxic|p2a: Gouging Fire\n|-status|p2a: Gouging Fire|tox\n|\n|-damage|p2a: Gouging Fire|136/281 tox|[from] psn\n|-damage|p2b: Poliwrath|202/308 tox|[from] psn\n|upkeep\n|turn|18\n|-message|Cream2905 forfeited.\n|\n|win|gggo\n|raw|gggo's rating: 1762 &rarr; <strong>1781</strong><br />(+19 for winning)\n|raw|Cream2905's rating: 1746 &rarr; <strong>1727</strong><br />(-19 for losing)\n|l|☆Cream2905\n|player|p2|\n", "inputlog": ">version ccdc32dd7cde25fd9e4bed64820e885f66e78a4e\n>start {\"formatid\":\"gen9randomdoublesbattle\",\"seed\":\"sodium,fd3529b5c12a985cde075c4e493f260c\",\"rated\":\"Rated battle\"}\n>player p1 {\"name\":\"gggo\",\"avatar\":\"2\",\"rating\":1762,\"seed\":\"sodium,e2050f4da1e2925d981924b5f8d5580d\"}\n>player p2 {\"name\":\"Cream2905\",\"avatar\":\"101\",\"rating\":1746,\"seed\":\"sodium,8a09f53a844087c5690e57e3f5f73bfb\"}\n>p1 move dragonenergy, move knockoff +1\n>p2 switch 3, switch 5\n>p1 switch 5, move knockoff +2\n>p2 move fakeout +2, move roost\n>p1 move infestation +2, move knockoff +2\n>p2 move knockoff +1, move irondefense\n>p1 move toxic +1, move coaching -1\n>p2 move knockoff +2, move bodypress +2\n>p1 move recover, move coaching -1\n>p2 switch 4, move bodypress +2\n>p1 pass, switch 6\n>p1 move toxic +1, move psychic +2\n>p2 move syrupbomb +2, move roost\n>p1 move infestation +1, move psychic +2\n>p2 move syrupbomb +1, move roost\n>p1 move infestation +2, move thunderwave +2\n>p2 move dragonpulse +1, move irondefense\n>p1 move recover, move thunderwave +2\n>p2 move recover, move bodypress +2\n>p1 move infestation +2, move psychic +2\n>p2 move pollenpuff +2, move irondefense\n>p1 move recover, move psychic +2\n>p2 move dragonpulse +2, move roost\n>p1 pass, switch 3\n>p2 switch 3, pass\n>p1 move toxic +1, move tachyoncutter +2\n>p2 move torchsong +2, move roost\n>p2 pass, switch 4\n>p1 move infestation +1, move protect\n>p2 move shadowball +1, move fakeout +2\n>p1 move recover, move tachyoncutter +1\n>p2 move torchsong +2, move snarl\n>p1 pass, switch 5\n>p1 move infestation +2, move dragonenergy terastallize\n>p2 move protect, move knockoff +2\n>p2 switch 5, switch 6\n>p1 move toxic +2, switch 4\n>p2 move burningbulwark, move icywind\n>p1 move toxic +1, move rockslide\n>p2 move dragonclaw +2, move closecombat +2\n>forcelose p2", "uploadtime": 1770630881, "views": 75, "formatid": "gen9randomdoublesbattle", "rating": 1727, "private": 0, "password": null}