{"id": "gen9randomdoublesbattle-2536749539", "format": "[Gen 9] Random Doubles Battle", "players": ["vevsjjs", "herodragunov"], "log": "|j|☆vevsjjs\n|j|☆herodragunov\n|t:|1770733206\n|gametype|doubles\n|player|p1|vevsjjs|101|1611\n|player|p2|herodragunov|alec-anime|1634\n|gen|9\n|tier|[Gen 9] Random Doubles Battle\n|rated|\n|rule|Species Clause: Limit one of each Pokémon\n|rule|HP Percentage Mod: HP is shown in percentages\n|rule|Illusion Level Mod: Illusion disguises the Pokémon's true level\n|rule|Sleep Clause Mod: Limit one foe put to sleep\n|\n|t:|1770733206\n|teamsize|p1|6\n|teamsize|p2|6\n|start\n|switch|p1a: Miraidon|Miraidon, L65|238/238\n|switch|p1b: Palafin|Palafin, L79, F|288/288\n|switch|p2a: Magmar|Magmar, L84, F|246/246\n|switch|p2b: Wo-Chien|Wo-Chien, L85|283/283\n|-fieldstart|move: Electric Terrain|[from] ability: Hadron Engine|[of] p1a: Miraidon\n|-ability|p2b: Wo-Chien|Tablets of Ruin\n|turn|1\n|\n|t:|1770733251\n|move|p2a: Magmar|Protect|p2a: Magmar\n|-singleturn|p2a: Magmar|Protect\n|move|p1a: Miraidon|Volt Switch|p2a: Magmar\n|-activate|p2a: Magmar|move: Protect\n|move|p1b: Palafin|Flip Turn|p2a: Magmar\n|-activate|p2a: Magmar|move: Protect\n|move|p2b: Wo-Chien|Knock Off|p1b: Palafin\n|-damage|p1b: Palafin|164/288\n|-enditem|p1b: Palafin|Choice Band|[from] move: Knock Off|[of] p2b: Wo-Chien\n|\n|upkeep\n|turn|2\n|inactive|Battle timer is ON: inactive players will automatically lose when time's up. (requested by vevsjjs)\n|\n|t:|1770733282\n|move|p1a: Miraidon|Volt Switch|p2a: Magmar\n|-damage|p2a: Magmar|147/246\n|-damage|p1a: Miraidon|215/238|[from] item: Life Orb\n|\n|t:|1770733297\n|switch|p1a: Umbreon|Umbreon, L85, M|300/300|[from] Volt Switch\n|move|p1b: Palafin|Flip Turn|p2a: Magmar\n|-supereffective|p2a: Magmar\n|-damage|p2a: Magmar|87/246\n|\n|t:|1770733314\n|detailschange|p1b: Palafin|Palafin-Hero, L79, F\n|switch|p1b: Miraidon|Miraidon, L65|215/238|[from] Flip Turn\n|-activate|p1b: Miraidon|ability: Hadron Engine\n|move|p2a: Magmar|Heat Wave|p1b: Miraidon|[spread] p1a,p1b\n|-resisted|p1b: Miraidon\n|-damage|p1a: Umbreon|240/300\n|-damage|p1b: Miraidon|174/238\n|move|p2b: Wo-Chien|Knock Off|p1a: Umbreon\n|-resisted|p1a: Umbreon\n|-crit|p1a: Umbreon\n|-damage|p1a: Umbreon|185/300\n|-enditem|p1a: Umbreon|Sitrus Berry|[from] move: Knock Off|[of] p2b: Wo-Chien\n|\n|upkeep\n|turn|3\n|\n|t:|1770733334\n|move|p1b: Miraidon|Volt Switch|p2a: Magmar\n|-damage|p2a: Magmar|1/246\n|-damage|p1b: Miraidon|151/238|[from] item: Life Orb\n|\n|t:|1770733341\n|switch|p1b: Copperajah|Copperajah, L86, F|350/350|[from] Volt Switch\n|move|p2a: Magmar|Heat Wave|p1a: Umbreon|[spread] p1b\n|-miss|p2a: Magmar|p1a: Umbreon\n|-supereffective|p1b: Copperajah\n|-damage|p1b: Copperajah|236/350\n|move|p2b: Wo-Chien|Knock Off|p1b: Copperajah\n|-damage|p1b: Copperajah|121/350\n|-enditem|p1b: Copperajah|Assault Vest|[from] move: Knock Off|[of] p2b: Wo-Chien\n|move|p1a: Umbreon|Snarl|p2a: Magmar|[spread] p2a,p2b\n|-resisted|p2b: Wo-Chien\n|-damage|p2a: Magmar|0 fnt\n|-damage|p2b: Wo-Chien|273/283\n|-unboost|p2b: Wo-Chien|spa|1\n|faint|p2a: Magmar\n|\n|upkeep\n|inactive|herodragunov has 120 seconds left.\n|\n|t:|1770733375\n|switch|p2a: Roaring Moon|Roaring Moon, L76|285/285\n|-enditem|p2a: Roaring Moon|Booster Energy\n|-activate|p2a: Roaring Moon|ability: Protosynthesis|[fromitem]\n|-start|p2a: Roaring Moon|protosynthesisatk\n|turn|4\n|inactive|herodragunov has 120 seconds left.\n|\n|t:|1770733407\n|switch|p2b: Regirock|Regirock, L82|265/265\n|move|p2a: Roaring Moon|Acrobatics|p1a: Umbreon\n|-damage|p1a: Umbreon|91/300\n|move|p1a: Umbreon|Foul Play|p2a: Roaring Moon\n|-resisted|p2a: Roaring Moon\n|-damage|p2a: Roaring Moon|206/285\n|move|p1b: Copperajah|Heat Crash|p2b: Regirock\n|-resisted|p2b: Regirock\n|-damage|p2b: Regirock|238/265\n|\n|-heal|p2b: Regirock|254/265|[from] item: Leftovers\n|upkeep\n|turn|5\n|inactive|herodragunov has 120 seconds left.\n|inactive|vevsjjs has 120 seconds left.\n|\n|t:|1770733441\n|move|p2a: Roaring Moon|Acrobatics|p1a: Umbreon\n|-damage|p1a: Umbreon|4/300\n|move|p1a: Umbreon|Thunder Wave|p2a: Roaring Moon\n|-status|p2a: Roaring Moon|par\n|move|p2b: Regirock|Body Press|p1b: Copperajah\n|-supereffective|p1b: Copperajah\n|-damage|p1b: Copperajah|0 fnt\n|faint|p1b: Copperajah\n|\n|-heal|p2b: Regirock|265/265|[from] item: Leftovers\n|-fieldend|move: Electric Terrain\n|upkeep\n|inactive|vevsjjs has 120 seconds left.\n|\n|t:|1770733456\n|switch|p1b: Palafin|Palafin-Hero, L79, F|164/288\n|-activate|p1b: Palafin|ability: Zero to Hero\n|turn|6\n|inactive|herodragunov has 120 seconds left.\n|\n|t:|1770733477\n|move|p1a: Umbreon|Helping Hand|p1b: Palafin\n|-singleturn|p1b: Palafin|Helping Hand|[of] p1a: Umbreon\n|move|p1b: Palafin|Wave Crash|p2b: Regirock\n|-supereffective|p2b: Regirock\n|-damage|p2b: Regirock|0 fnt\n|faint|p2b: Regirock\n|-damage|p1b: Palafin|77/288|[from] Recoil\n|move|p2a: Roaring Moon|Tailwind|p2a: Roaring Moon\n|-sidestart|p2: herodragunov|move: Tailwind\n|\n|upkeep\n|inactive|herodragunov has 120 seconds left.\n|\n|t:|1770733505\n|switch|p2b: Blastoise|Blastoise, L83, M|267/267\n|turn|7\n|inactive|herodragunov has 120 seconds left.\n|inactive|vevsjjs has 120 seconds left.\n|\n|t:|1770733538\n|move|p2b: Blastoise|Fake Out|p1a: Umbreon\n|-damage|p1a: Umbreon|0 fnt\n|faint|p1a: Umbreon\n|move|p2a: Roaring Moon|Acrobatics|p1b: Palafin\n|-damage|p1b: Palafin|0 fnt\n|faint|p1b: Palafin\n|\n|upkeep\n|inactive|vevsjjs has 120 seconds left.\n|\n|t:|1770733550\n|switch|p1b: Sudowoodo|Sudowoodo, L94, M|284/284\n|switch|p1a: Miraidon|Miraidon, L65|151/238\n|-fieldstart|move: Electric Terrain|[from] ability: Hadron Engine|[of] p1a: Miraidon\n|turn|8\n|\n|t:|1770733566\n|switch|p2b: Wo-Chien|Wo-Chien, L85|273/283\n|-ability|p2b: Wo-Chien|Tablets of Ruin\n|cant|p2a: Roaring Moon|par\n|move|p1a: Miraidon|Electro Drift|p2b: Wo-Chien\n|-resisted|p2b: Wo-Chien\n|-damage|p2b: Wo-Chien|207/283\n|-damage|p1a: Miraidon|128/238|[from] item: Life Orb\n|move|p1b: Sudowoodo|Head Smash|p2a: Roaring Moon|[miss]\n|-miss|p1b: Sudowoodo|p2a: Roaring Moon\n|\n|upkeep\n|turn|9\n|\n|t:|1770733594\n|move|p1a: Miraidon|Protect|p1a: Miraidon\n|-singleturn|p1a: Miraidon|Protect\n|move|p1b: Sudowoodo|Sucker Punch|p2a: Roaring Moon\n|-resisted|p2a: Roaring Moon\n|-damage|p2a: Roaring Moon|168/285 par\n|-damage|p1b: Sudowoodo|256/284|[from] item: Life Orb\n|move|p2b: Wo-Chien|Knock Off|p1b: Sudowoodo\n|-damage|p1b: Sudowoodo|189/284\n|-enditem|p1b: Sudowoodo|Life Orb|[from] move: Knock Off|[of] p2b: Wo-Chien\n|move|p2a: Roaring Moon|Breaking Swipe|p1a: Miraidon|[spread] p1b\n|-activate|p1a: Miraidon|move: Protect\n|-damage|p1b: Sudowoodo|153/284\n|-unboost|p1b: Sudowoodo|atk|1\n|\n|-sideend|p2: herodragunov|move: Tailwind\n|upkeep\n|turn|10\n|\n|t:|1770733619\n|move|p1a: Miraidon|Dragon Pulse|p2a: Roaring Moon\n|-supereffective|p2a: Roaring Moon\n|-damage|p2a: Roaring Moon|0 fnt\n|faint|p2a: Roaring Moon\n|-end|p2a: Roaring Moon|Protosynthesis|[silent]\n|-damage|p1a: Miraidon|105/238|[from] item: Life Orb\n|move|p2b: Wo-Chien|Knock Off|p1a: Miraidon\n|-damage|p1a: Miraidon|0 fnt\n|-enditem|p1a: Miraidon|Life Orb|[from] move: Knock Off|[of] p2b: Wo-Chien\n|faint|p1a: Miraidon\n|move|p1b: Sudowoodo|Head Smash|p2b: Wo-Chien\n|-damage|p2b: Wo-Chien|123/283\n|-enditem|p2b: Wo-Chien|Sitrus Berry|[eat]\n|-heal|p2b: Wo-Chien|193/283|[from] item: Sitrus Berry\n|\n|upkeep\n|inactive|vevsjjs has 120 seconds left.\n|inactive|herodragunov has 120 seconds left.\n|\n|t:|1770733639\n|switch|p2a: Blastoise|Blastoise, L83, M|267/267\n|switch|p1a: Tropius|Tropius, L94, M|339/339\n|turn|11\n|inactive|vevsjjs has 120 seconds left.\n|inactive|herodragunov has 120 seconds left.\n|\n|t:|1770733669\n|move|p2a: Blastoise|Fake Out|p1b: Sudowoodo\n|-resisted|p1b: Sudowoodo\n|-damage|p1b: Sudowoodo|146/284\n|move|p2b: Wo-Chien|Knock Off|p1a: Tropius\n|-damage|p1a: Tropius|240/339\n|-enditem|p1a: Tropius|Sitrus Berry|[from] move: Knock Off|[of] p2b: Wo-Chien\n|move|p1a: Tropius|Energy Ball|p2a: Blastoise\n|-supereffective|p2a: Blastoise\n|-damage|p2a: Blastoise|103/267\n|-enditem|p2a: Blastoise|Sitrus Berry|[eat]\n|-heal|p2a: Blastoise|169/267|[from] item: Sitrus Berry\n|cant|p1b: Sudowoodo|flinch\n|\n|upkeep\n|turn|12\n|inactive|vevsjjs has 120 seconds left.\n|inactive|herodragunov has 120 seconds left.\n|\n|t:|1770733716\n|-terastallize|p1b: Sudowoodo|Grass\n|move|p2a: Blastoise|Wave Crash|p1b: Sudowoodo\n|-resisted|p1b: Sudowoodo\n|-damage|p1b: Sudowoodo|115/284\n|-damage|p2a: Blastoise|159/267|[from] Recoil\n|move|p2b: Wo-Chien|Ruination|p1a: Tropius\n|-damage|p1a: Tropius|120/339\n|move|p1a: Tropius|Tailwind|p1a: Tropius\n|-sidestart|p1: vevsjjs|move: Tailwind\n|move|p1b: Sudowoodo|Head Smash|p2b: Wo-Chien\n|-damage|p2b: Wo-Chien|103/283\n|\n|-fieldend|move: Electric Terrain\n|upkeep\n|turn|13\n|inactive|herodragunov has 120 seconds left.\n|inactive|vevsjjs has 120 seconds left.\n|inactive|herodragunov has 90 seconds left.\n|\n|t:|1770733770\n|-terastallize|p2a: Blastoise|Dragon\n|move|p1a: Tropius|Hurricane|p2b: Wo-Chien|[miss]\n|-miss|p1a: Tropius|p2b: Wo-Chien\n|move|p1b: Sudowoodo|Wood Hammer|p2a: Blastoise\n|-resisted|p2a: Blastoise\n|-damage|p2a: Blastoise|126/267\n|move|p2a: Blastoise|Life Dew|p2a: Blastoise|[spread] p2a,p2b\n|-heal|p2a: Blastoise|193/267\n|-heal|p2b: Wo-Chien|174/283\n|move|p2b: Wo-Chien|Ruination|p1b: Sudowoodo\n|-damage|p1b: Sudowoodo|58/284\n|\n|upkeep\n|turn|14\n|inactive|herodragunov has 90 seconds left.\n|\n|t:|1770733792\n|move|p1a: Tropius|Hurricane|p2b: Wo-Chien\n|-supereffective|p2b: Wo-Chien\n|-damage|p2b: Wo-Chien|6/283\n|move|p1b: Sudowoodo|Head Smash|p2a: Blastoise\n|-damage|p2a: Blastoise|109/267\n|move|p2a: Blastoise|Wave Crash|p1b: Sudowoodo\n|-resisted|p1b: Sudowoodo\n|-damage|p1b: Sudowoodo|28/284\n|-damage|p2a: Blastoise|99/267|[from] Recoil\n|move|p2b: Wo-Chien|Knock Off|p1b: Sudowoodo\n|-damage|p1b: Sudowoodo|0 fnt\n|faint|p1b: Sudowoodo\n|\n|upkeep\n|turn|15\n|inactive|vevsjjs has 120 seconds left.\n|\n|t:|1770733812\n|move|p2b: Wo-Chien|Protect|p2b: Wo-Chien\n|-singleturn|p2b: Wo-Chien|Protect\n|move|p1a: Tropius|Energy Ball|p2a: Blastoise\n|-resisted|p2a: Blastoise\n|-damage|p2a: Blastoise|59/267\n|move|p2a: Blastoise|Life Dew|p2a: Blastoise|[spread] p2a,p2b\n|-heal|p2a: Blastoise|126/267\n|-heal|p2b: Wo-Chien|77/283\n|\n|-sideend|p1: vevsjjs|move: Tailwind\n|upkeep\n|turn|16\n|inactive|herodragunov has 120 seconds left.\n|inactive|vevsjjs has 120 seconds left.\n|\n|t:|1770733831\n|move|p2a: Blastoise|Life Dew|p2a: Blastoise|[spread] p2a,p2b\n|-heal|p2a: Blastoise|193/267\n|-heal|p2b: Wo-Chien|148/283\n|move|p2b: Wo-Chien|Knock Off|p1a: Tropius\n|-damage|p1a: Tropius|53/339\n|move|p1a: Tropius|Hurricane|p2a: Blastoise\n|-damage|p2a: Blastoise|87/267\n|\n|upkeep\n|turn|17\n|inactive|herodragunov has 120 seconds left.\n|\n|t:|1770733849\n|switch|p2b: Reuniclus|Reuniclus, L84, F|322/322\n|move|p2a: Blastoise|Life Dew||[still]|[spread] p2a,p2b\n|-heal|p2a: Blastoise|154/267\n|-fail|p2b: Reuniclus|heal\n|move|p1a: Tropius|Hurricane|p2b: Reuniclus\n|-damage|p2b: Reuniclus|205/322\n|\n|upkeep\n|turn|18\n|\n|t:|1770733875\n|move|p2a: Blastoise|Life Dew|p2a: Blastoise|[spread] p2a,p2b\n|-heal|p2a: Blastoise|221/267\n|-heal|p2b: Reuniclus|286/322\n|move|p1a: Tropius|Energy Ball|p2b: Reuniclus\n|-damage|p2b: Reuniclus|186/322\n|move|p2b: Reuniclus|Psychic|p1a: Tropius\n|-damage|p1a: Tropius|0 fnt\n|faint|p1a: Tropius\n|\n|win|herodragunov\n|raw|vevsjjs's rating: 1611 &rarr; <strong>1592</strong><br />(-19 for losing)\n|raw|herodragunov's rating: 1634 &rarr; <strong>1653</strong><br />(+19 for winning)\n|l|☆vevsjjs\n|player|p1|\n", "inputlog": ">version ccdc32dd7cde25fd9e4bed64820e885f66e78a4e\n>start {\"formatid\":\"gen9randomdoublesbattle\",\"seed\":\"sodium,f45a3a9a75e2bbd04faa1671610ffcd4\",\"rated\":\"Rated battle\"}\n>player p1 {\"name\":\"vevsjjs\",\"avatar\":\"101\",\"rating\":1611,\"seed\":\"sodium,1926c49f7c608cf11fa52753b062a706\"}\n>player p2 {\"name\":\"herodragunov\",\"avatar\":\"alec-anime\",\"rating\":1634,\"seed\":\"sodium,588595c10635ca4b9aea6ba686ee3845\"}\n>p1 move voltswitch +1, move flipturn +1\n>p2 move protect, move knockoff +2\n>p1 move voltswitch +1, move flipturn +1\n>p2 move heatwave, move knockoff +1\n>p1 switch 4, pass\n>p1 pass, switch 4\n>p1 move snarl, move voltswitch +1\n>p2 move heatwave, move knockoff +2\n>p1 pass, switch 3\n>p2 switch 3, pass\n>p1 move foulplay +1, move heatcrash +2\n>p2 move acrobatics +1, switch 4\n>p1 move thunderwave +1, move highhorsepower +2\n>p2 move acrobatics +1, move bodypress +2\n>p1 pass, switch 4\n>p1 move helpinghand -2, move wavecrash +2\n>p2 move tailwind, move bodypress +2\n>p2 pass, switch 6\n>p1 move thunderwave +2, move closecombat +2\n>p2 move acrobatics +2, move fakeout +1\n>p1 switch 3, switch 6\n>p1 move electrodrift +2, move headsmash +1\n>p2 move breakingswipe, switch 4\n>p1 move protect, move suckerpunch +1\n>p2 move breakingswipe, move knockoff +2\n>p1 move dragonpulse +1, move headsmash +2\n>p2 move tailwind, move knockoff +1\n>p1 switch 5, pass\n>p2 switch 4, pass\n>p1 move energyball +1, move headsmash +1\n>p2 move fakeout +2, move knockoff +1\n>p1 move tailwind, move headsmash +2 terastallize\n>p2 move wavecrash +2, move ruination +1\n>p1 move hurricane +2, move woodhammer +1\n>p2 move lifedew terastallize, move ruination +2\n>p1 move hurricane +2, move headsmash +1\n>p2 move wavecrash +2, move knockoff +2\n>p1 move energyball +1, pass\n>p2 move lifedew, move protect\n>p1 move hurricane +1, pass\n>p2 move lifedew, move knockoff +1\n>p1 move hurricane +2, pass\n>p2 move lifedew, switch 5\n>p1 move energyball +2, pass\n>p2 move lifedew, move psychic +1", "uploadtime": 1770733894, "views": 62, "formatid": "gen9randomdoublesbattle", "rating": 1592, "private": 0, "password": null}