{"id": "gen9randomdoublesbattle-2535965306", "format": "[Gen 9] Random Doubles Battle", "players": ["enriquemek", "kalsonofjor"], "log": "|j|☆enriquemek\n|j|☆kalsonofjor\n|t:|1770639475\n|gametype|doubles\n|player|p1|enriquemek|lance|1802\n|player|p2|kalsonofjor|1|1847\n|gen|9\n|tier|[Gen 9] Random Doubles Battle\n|rated|\n|rule|Species Clause: Limit one of each Pokémon\n|rule|HP Percentage Mod: HP is shown in percentages\n|rule|Illusion Level Mod: Illusion disguises the Pokémon's true level\n|rule|Sleep Clause Mod: Limit one foe put to sleep\n|\n|t:|1770639475\n|teamsize|p1|6\n|teamsize|p2|6\n|start\n|switch|p1a: Muk|Muk-Alola, L82, M|306/306\n|switch|p1b: Iron Crown|Iron Crown, L78|268/268\n|switch|p2a: Skeledirge|Skeledirge, L80, F|298/298\n|switch|p2b: Iron Thorns|Iron Thorns, L82|298/298\n|turn|1\n|inactive|Battle timer is ON: inactive players will automatically lose when time's up. (requested by enriquemek)\n|\n|t:|1770639500\n|move|p2a: Skeledirge|Protect|p2a: Skeledirge\n|-singleturn|p2a: Skeledirge|Protect\n|move|p1b: Iron Crown|Focus Blast|p2b: Iron Thorns|[miss]\n|-miss|p1b: Iron Crown|p2b: Iron Thorns\n|move|p2b: Iron Thorns|Dragon Dance|p2b: Iron Thorns\n|-boost|p2b: Iron Thorns|atk|1\n|-boost|p2b: Iron Thorns|spe|1\n|move|p1a: Muk|Knock Off|p2a: Skeledirge\n|-activate|p2a: Skeledirge|move: Protect\n|\n|upkeep\n|turn|2\n|\n|t:|1770639521\n|move|p2b: Iron Thorns|Wild Charge|p1a: Muk\n|-damage|p1a: Muk|114/306\n|-enditem|p1a: Muk|Sitrus Berry|[eat]\n|-heal|p1a: Muk|190/306|[from] item: Sitrus Berry\n|-damage|p2b: Iron Thorns|250/298|[from] Recoil\n|move|p1b: Iron Crown|Focus Blast|p2b: Iron Thorns\n|-supereffective|p2b: Iron Thorns\n|-damage|p2b: Iron Thorns|3/298\n|-damage|p1b: Iron Crown|242/268|[from] item: Life Orb\n|move|p2a: Skeledirge|Torch Song|p1b: Iron Crown\n|-supereffective|p1b: Iron Crown\n|-damage|p1b: Iron Crown|86/268\n|-boost|p2a: Skeledirge|spa|1\n|move|p1a: Muk|Knock Off|p2b: Iron Thorns\n|-damage|p2b: Iron Thorns|0 fnt\n|-enditem|p2b: Iron Thorns|Clear Amulet|[from] move: Knock Off|[of] p1a: Muk\n|faint|p2b: Iron Thorns\n|-end|p2b: Iron Thorns|Quark Drive|[silent]\n|\n|upkeep\n|inactive|kalsonofjor has 120 seconds left.\n|\n|t:|1770639548\n|switch|p2b: Thundurus|Thundurus, L79, M|254/254\n|turn|3\n|\n|t:|1770639555\n|move|p1b: Iron Crown|Protect|p1b: Iron Crown\n|-singleturn|p1b: Iron Crown|Protect\n|move|p2a: Skeledirge|Protect|p2a: Skeledirge\n|-singleturn|p2a: Skeledirge|Protect\n|move|p2b: Thundurus|Nasty Plot|p2b: Thundurus\n|-boost|p2b: Thundurus|spa|2\n|move|p1a: Muk|Snarl|p2a: Skeledirge|[spread] p2b\n|-activate|p2a: Skeledirge|move: Protect\n|-damage|p2b: Thundurus|218/254\n|-unboost|p2b: Thundurus|spa|1\n|-ability|p2b: Thundurus|Defiant|boost\n|-boost|p2b: Thundurus|atk|2\n|\n|upkeep\n|turn|4\n|\n|t:|1770639574\n|-end|p1b: Iron Crown|Quark Drive|[silent]\n|switch|p1b: Snorlax|Snorlax, L84, M|406/406\n|move|p2b: Thundurus|Wildbolt Storm|p1b: Snorlax|[spread] p1a,p1b\n|-damage|p1a: Muk|42/306\n|-damage|p1b: Snorlax|268/406\n|-damage|p2b: Thundurus|193/254|[from] item: Life Orb\n|move|p2a: Skeledirge|Torch Song|p1a: Muk\n|-damage|p1a: Muk|0 fnt\n|-boost|p2a: Skeledirge|spa|1\n|faint|p1a: Muk\n|\n|upkeep\n|\n|t:|1770639576\n|switch|p1a: Jolteon|Jolteon, L85, F|249/249\n|turn|5\n|\n|t:|1770639603\n|-terastallize|p1b: Snorlax|Ground\n|move|p2b: Thundurus|Protect|p2b: Thundurus\n|-singleturn|p2b: Thundurus|Protect\n|move|p1a: Jolteon|Thunderbolt|p2b: Thundurus\n|-activate|p2b: Thundurus|move: Protect\n|move|p2a: Skeledirge|Torch Song|p1a: Jolteon\n|-damage|p1a: Jolteon|90/249\n|-boost|p2a: Skeledirge|spa|1\n|move|p1b: Snorlax|High Horsepower|p2a: Skeledirge\n|-supereffective|p2a: Skeledirge\n|-damage|p2a: Skeledirge|100/298\n|\n|-heal|p2a: Skeledirge|118/298|[from] item: Leftovers\n|upkeep\n|turn|6\n|\n|t:|1770639630\n|-terastallize|p2b: Thundurus|Ice\n|move|p1a: Jolteon|Thunderbolt|p2a: Skeledirge\n|-damage|p2a: Skeledirge|0 fnt\n|faint|p2a: Skeledirge\n|-damage|p1a: Jolteon|66/249|[from] item: Life Orb\n|move|p2b: Thundurus|Tera Blast|p1b: Snorlax|[anim] Tera Blast Ice\n|-supereffective|p1b: Snorlax\n|-damage|p1b: Snorlax|0 fnt\n|faint|p1b: Snorlax\n|-damage|p2b: Thundurus|168/254|[from] item: Life Orb\n|\n|upkeep\n|inactive|kalsonofjor has 120 seconds left.\n|\n|t:|1770639650\n|switch|p2a: Mesprit|Mesprit, L86|278/278\n|switch|p1b: Iron Crown|Iron Crown, L78|86/268\n|turn|7\n|\n|t:|1770639666\n|move|p2b: Thundurus|Protect|p2b: Thundurus\n|-singleturn|p2b: Thundurus|Protect\n|move|p1a: Jolteon|Thunderbolt|p2b: Thundurus\n|-activate|p2b: Thundurus|move: Protect\n|move|p1b: Iron Crown|Tachyon Cutter|p2b: Thundurus\n|-activate|p2b: Thundurus|move: Protect\n|move|p2a: Mesprit|Psychic|p1a: Jolteon\n|-damage|p1a: Jolteon|0 fnt\n|faint|p1a: Jolteon\n|\n|upkeep\n|\n|t:|1770639671\n|switch|p1a: Golduck|Golduck, L91, F|293/293\n|-ability|p1a: Golduck|Cloud Nine\n|turn|8\n|\n|t:|1770639686\n|move|p2b: Thundurus|Wildbolt Storm|p1b: Iron Crown|[spread] p1a\n|-miss|p2b: Thundurus|p1b: Iron Crown\n|-supereffective|p1a: Golduck\n|-damage|p1a: Golduck|0 fnt\n|faint|p1a: Golduck\n|-damage|p2b: Thundurus|143/254|[from] item: Life Orb\n|move|p1b: Iron Crown|Tachyon Cutter|p2a: Mesprit\n|-damage|p2a: Mesprit|218/278\n|-damage|p2a: Mesprit|158/278\n|-hitcount|p2a: Mesprit|2\n|-damage|p1b: Iron Crown|60/268|[from] item: Life Orb\n|move|p2a: Mesprit|Psychic|p1b: Iron Crown\n|-resisted|p1b: Iron Crown\n|-damage|p1b: Iron Crown|24/268\n|\n|upkeep\n|\n|t:|1770639688\n|switch|p1a: Gyarados|Gyarados, L80, M|283/283\n|-ability|p1a: Gyarados|Intimidate|boost\n|-unboost|p2a: Mesprit|atk|1\n|-unboost|p2b: Thundurus|atk|1\n|-ability|p2b: Thundurus|Defiant|boost\n|-boost|p2b: Thundurus|atk|2\n|turn|9\n|\n|t:|1770639713\n|move|p2b: Thundurus|Protect|p2b: Thundurus\n|-singleturn|p2b: Thundurus|Protect\n|move|p1b: Iron Crown|Tachyon Cutter|p2b: Thundurus\n|-activate|p2b: Thundurus|move: Protect\n|move|p2a: Mesprit|Psychic|p1b: Iron Crown\n|-resisted|p1b: Iron Crown\n|-damage|p1b: Iron Crown|0 fnt\n|faint|p1b: Iron Crown\n|-end|p1b: Iron Crown|Quark Drive|[silent]\n|move|p1a: Gyarados|Icy Wind|p2b: Thundurus|[spread] p2a\n|-activate|p2b: Thundurus|move: Protect\n|-damage|p2a: Mesprit|142/278\n|-unboost|p2a: Mesprit|spe|1\n|\n|upkeep\n|turn|10\n|\n|t:|1770639727\n|move|p2b: Thundurus|Wildbolt Storm|p1a: Gyarados|[miss]\n|-miss|p2b: Thundurus|p1a: Gyarados\n|move|p1a: Gyarados|Waterfall|p2b: Thundurus\n|-damage|p2b: Thundurus|17/254\n|move|p2a: Mesprit|Psychic|p1a: Gyarados\n|-damage|p1a: Gyarados|141/283\n|-enditem|p1a: Gyarados|Sitrus Berry|[eat]\n|-heal|p1a: Gyarados|211/283|[from] item: Sitrus Berry\n|\n|upkeep\n|turn|11\n|-message|enriquemek forfeited.\n|\n|win|kalsonofjor\n|raw|enriquemek's rating: 1802 &rarr; <strong>1785</strong><br />(-17 for losing)\n|raw|kalsonofjor's rating: 1847 &rarr; <strong>1864</strong><br />(+17 for winning)\n|l|☆enriquemek\n|player|p1|\n", "inputlog": ">version ccdc32dd7cde25fd9e4bed64820e885f66e78a4e\n>start {\"formatid\":\"gen9randomdoublesbattle\",\"seed\":\"sodium,136fa5cb985271c67c2ebbf35d85a30e\",\"rated\":\"Rated battle\"}\n>player p1 {\"name\":\"enriquemek\",\"avatar\":\"lance\",\"rating\":1802,\"seed\":\"sodium,b7452842b713d28668217f0e3e0d58c9\"}\n>player p2 {\"name\":\"kalsonofjor\",\"avatar\":\"1\",\"rating\":1847,\"seed\":\"sodium,2208e1438e4086a1846186bb2f754377\"}\n>p1 move knockoff +1, move focusblast +2\n>p2 move protect, move dragondance\n>p1 move knockoff +2, move focusblast +2\n>p2 move torchsong +2, move wildcharge +1\n>p2 pass, switch 6\n>p1 move snarl, move protect\n>p2 move protect, move nastyplot\n>p1 move gunkshot +2, switch 3\n>p2 move torchsong +1, move wildboltstorm\n>p1 switch 6, pass\n>p1 move thunderbolt +2, move highhorsepower +1 terastallize\n>p2 move torchsong +1, move protect\n>p1 move thunderbolt +1, move bodyslam +2\n>p2 move torchsong +1, move terablast +2 terastallize\n>p1 pass, switch 3\n>p2 switch 3, pass\n>p1 move thunderbolt +2, move tachyoncutter +2\n>p2 move psychic +1, move protect\n>p1 switch 5, pass\n>p1 move icywind, move tachyoncutter +1\n>p2 move psychic +1, move wildboltstorm\n>p1 switch 4, pass\n>p1 move icywind, move tachyoncutter +2\n>p2 move psychic +2, move protect\n>p1 move waterfall +2, pass\n>p2 move psychic +1, move wildboltstorm\n>forcelose p1", "uploadtime": 1770639737, "views": 71, "formatid": "gen9randomdoublesbattle", "rating": 1785, "private": 0, "password": null}