{"id": "gen9randomdoublesbattle-2540316248", "format": "[Gen 9] Random Doubles Battle", "players": ["kazaboy", "Motorgis"], "log": "|j|☆kazaboy\n|j|☆Motorgis\n|t:|1771187951\n|gametype|doubles\n|player|p1|kazaboy|bruno|1595\n|player|p2|Motorgis|biker-gen4|1712\n|gen|9\n|tier|[Gen 9] Random Doubles Battle\n|rated|\n|rule|Species Clause: Limit one of each Pokémon\n|rule|HP Percentage Mod: HP is shown in percentages\n|rule|Illusion Level Mod: Illusion disguises the Pokémon's true level\n|rule|Sleep Clause Mod: Limit one foe put to sleep\n|\n|t:|1771187951\n|teamsize|p1|6\n|teamsize|p2|6\n|start\n|switch|p1a: Tornadus|Tornadus, L77, M|248/248\n|switch|p1b: Coalossal|Coalossal, L90, F|344/344\n|switch|p2a: Sableye|Sableye, L92, M|241/241\n|switch|p2b: Delibird|Delibird, F|252/252\n|turn|1\n|inactive|Battle timer is ON: inactive players will automatically lose when time's up. (requested by kazaboy)\n|\n|t:|1771187966\n|move|p2a: Sableye|Fake Out|p1a: Tornadus\n|-damage|p1a: Tornadus|211/248\n|cant|p1a: Tornadus|flinch\n|move|p2b: Delibird|Ice Spinner|p1a: Tornadus\n|-supereffective|p1a: Tornadus\n|-damage|p1a: Tornadus|0 fnt\n|faint|p1a: Tornadus\n|move|p1b: Coalossal|Incinerate|p2a: Sableye|[spread] p2a,p2b\n|-supereffective|p2b: Delibird\n|-damage|p2a: Sableye|184/241\n|-damage|p2b: Delibird|132/252\n|-enditem|p2a: Sableye|Sitrus Berry|[from] move: Incinerate\n|\n|upkeep\n|\n|t:|1771187986\n|switch|p1a: Tyranitar|Tyranitar, L81, F|295/295\n|-weather|Sandstorm|[from] ability: Sand Stream|[of] p1a: Tyranitar\n|turn|2\n|\n|t:|1771187997\n|move|p2b: Delibird|Ice Spinner|p1a: Tyranitar|[miss]\n|-miss|p2b: Delibird|p1a: Tyranitar\n|move|p1a: Tyranitar|Rock Slide|p2b: Delibird|[spread] p2a,p2b\n|-supereffective|p2b: Delibird\n|-damage|p2a: Sableye|115/241\n|-damage|p2b: Delibird|0 fnt\n|faint|p2b: Delibird\n|move|p2a: Sableye|Knock Off|p1b: Coalossal\n|-damage|p1b: Coalossal|275/344\n|-enditem|p1b: Coalossal|Sitrus Berry|[from] move: Knock Off|[of] p2a: Sableye\n|move|p1b: Coalossal|Stealth Rock|p2a: Sableye\n|-sidestart|p2: Motorgis|move: Stealth Rock\n|\n|-weather|Sandstorm|[upkeep]\n|-damage|p2a: Sableye|100/241|[from] Sandstorm\n|upkeep\n|\n|t:|1771188018\n|switch|p2b: Alcremie|Alcremie-Matcha-Cream, L90, F|263/263\n|-damage|p2b: Alcremie|231/263|[from] Stealth Rock\n|turn|3\n|\n|t:|1771188048\n|switch|p2a: Reuniclus|Reuniclus, L84, M|322/322\n|move|p1a: Tyranitar|Protect|p1a: Tyranitar\n|-singleturn|p1a: Tyranitar|Protect\n|move|p2b: Alcremie|Decorate|p2a: Reuniclus\n|-boost|p2a: Reuniclus|atk|2\n|-boost|p2a: Reuniclus|spa|2\n|move|p1b: Coalossal|Incinerate|p2a: Reuniclus|[spread] p2a,p2b\n|-damage|p2a: Reuniclus|271/322\n|-damage|p2b: Alcremie|198/263\n|-enditem|p2b: Alcremie|Sitrus Berry|[from] move: Incinerate\n|\n|-weather|Sandstorm|[upkeep]\n|-damage|p2b: Alcremie|182/263|[from] Sandstorm\n|upkeep\n|turn|4\n|\n|t:|1771188077\n|move|p2b: Alcremie|Encore|p1a: Tyranitar\n|-start|p1a: Tyranitar|Encore\n|move|p1a: Tyranitar|Protect|p1a: Tyranitar\n|-singleturn|p1a: Tyranitar|Protect\n|move|p1b: Coalossal|Stone Edge|p2b: Alcremie\n|-damage|p2b: Alcremie|80/263\n|move|p2a: Reuniclus|Trick Room|p2a: Reuniclus\n|-fieldstart|move: Trick Room|[of] p2a: Reuniclus\n|\n|-weather|Sandstorm|[upkeep]\n|-damage|p2b: Alcremie|64/263|[from] Sandstorm\n|upkeep\n|turn|5\n|\n|t:|1771188102\n|switch|p1a: Florges|Florges-Blue, L84, F|268/268\n|move|p2a: Reuniclus|Psychic|p1b: Coalossal\n|-damage|p1b: Coalossal|83/344\n|move|p1b: Coalossal|Fire Blast|p2b: Alcremie\n|-damage|p2b: Alcremie|0 fnt\n|faint|p2b: Alcremie\n|\n|-weather|Sandstorm|[upkeep]\n|-damage|p1a: Florges|252/268|[from] Sandstorm\n|-heal|p1a: Florges|268/268|[from] item: Leftovers\n|upkeep\n|\n|t:|1771188113\n|switch|p2b: Rabsca|Rabsca, L87, F|272/272\n|-damage|p2b: Rabsca|204/272|[from] Stealth Rock\n|turn|6\n|\n|t:|1771188128\n|move|p2a: Reuniclus|Psychic|p1b: Coalossal\n|-damage|p1b: Coalossal|0 fnt\n|faint|p1b: Coalossal\n|move|p2b: Rabsca|Revival Blessing|p2b: Rabsca\n|\n|t:|1771188140\n|-heal|p2: Delibird|126/252|[from] move: Revival Blessing\n|move|p1a: Florges|Calm Mind|p1a: Florges\n|-boost|p1a: Florges|spa|1\n|-boost|p1a: Florges|spd|1\n|\n|-weather|none\n|upkeep\n|\n|t:|1771188149\n|switch|p1b: Gallade|Gallade, L80, M|240/240\n|turn|7\n|\n|t:|1771188163\n|move|p2a: Reuniclus|Psychic|p1b: Gallade\n|-damage|p1b: Gallade|0 fnt\n|faint|p1b: Gallade\n|move|p2b: Rabsca|Struggle Bug|p1a: Florges\n|-resisted|p1a: Florges\n|-damage|p1a: Florges|255/268\n|-unboost|p1a: Florges|spa|1\n|move|p1a: Florges|Calm Mind|p1a: Florges\n|-boost|p1a: Florges|spa|1\n|-boost|p1a: Florges|spd|1\n|\n|-heal|p1a: Florges|268/268|[from] item: Leftovers\n|upkeep\n|\n|t:|1771188169\n|switch|p1b: Tyranitar|Tyranitar, L81, F|295/295\n|-weather|Sandstorm|[from] ability: Sand Stream|[of] p1b: Tyranitar\n|turn|8\n|\n|t:|1771188179\n|move|p1b: Tyranitar|Protect|p1b: Tyranitar\n|-singleturn|p1b: Tyranitar|Protect\n|move|p2a: Reuniclus|Psychic|p1a: Florges\n|-damage|p1a: Florges|173/268\n|-unboost|p1a: Florges|spd|1\n|move|p2b: Rabsca|Struggle Bug|p1a: Florges|[spread] p1a\n|-activate|p1b: Tyranitar|move: Protect\n|-resisted|p1a: Florges\n|-damage|p1a: Florges|162/268\n|-unboost|p1a: Florges|spa|1\n|move|p1a: Florges|Dazzling Gleam|p2b: Rabsca|[spread] p2a,p2b\n|-crit|p2a: Reuniclus\n|-damage|p2a: Reuniclus|162/322\n|-damage|p2b: Rabsca|138/272\n|\n|-weather|Sandstorm|[upkeep]\n|-damage|p2b: Rabsca|121/272|[from] Sandstorm\n|-damage|p1a: Florges|146/268|[from] Sandstorm\n|-enditem|p2b: Rabsca|Sitrus Berry|[eat]\n|-heal|p2b: Rabsca|189/272|[from] item: Sitrus Berry\n|-heal|p1a: Florges|162/268|[from] item: Leftovers\n|-fieldend|move: Trick Room\n|upkeep\n|turn|9\n|inactive|kazaboy has 120 seconds left.\n|\n|t:|1771188213\n|move|p2a: Reuniclus|Protect|p2a: Reuniclus\n|-singleturn|p2a: Reuniclus|Protect\n|move|p1a: Florges|Calm Mind|p1a: Florges\n|-boost|p1a: Florges|spa|1\n|-boost|p1a: Florges|spd|1\n|move|p1b: Tyranitar|Knock Off|p2a: Reuniclus\n|-activate|p2a: Reuniclus|move: Protect\n|move|p2b: Rabsca|Trick Room|p2b: Rabsca\n|-fieldstart|move: Trick Room|[of] p2b: Rabsca\n|\n|-weather|Sandstorm|[upkeep]\n|-damage|p2b: Rabsca|172/272|[from] Sandstorm\n|-damage|p1a: Florges|146/268|[from] Sandstorm\n|-heal|p1a: Florges|162/268|[from] item: Leftovers\n|upkeep\n|turn|10\n|\n|t:|1771188231\n|-terastallize|p1b: Tyranitar|Ghost\n|move|p2a: Reuniclus|Psychic|p1a: Florges\n|-damage|p1a: Florges|65/268\n|-unboost|p1a: Florges|spd|1\n|move|p2b: Rabsca|Struggle Bug|p1a: Florges|[spread] p1a,p1b\n|-resisted|p1a: Florges\n|-resisted|p1b: Tyranitar\n|-damage|p1a: Florges|55/268\n|-damage|p1b: Tyranitar|271/295\n|-unboost|p1a: Florges|spa|1\n|move|p1b: Tyranitar|Rock Slide|p2a: Reuniclus|[spread] p2a,p2b\n|-supereffective|p2b: Rabsca\n|-damage|p2a: Reuniclus|77/322\n|-damage|p2b: Rabsca|34/272\n|move|p1a: Florges|Synthesis|p1a: Florges\n|-heal|p1a: Florges|122/268\n|\n|-weather|Sandstorm|[upkeep]\n|-damage|p2b: Rabsca|17/272|[from] Sandstorm\n|-damage|p1b: Tyranitar|253/295|[from] Sandstorm\n|-damage|p1a: Florges|106/268|[from] Sandstorm\n|-heal|p1a: Florges|122/268|[from] item: Leftovers\n|upkeep\n|turn|11\n|\n|t:|1771188247\n|move|p2a: Reuniclus|Psychic|p1a: Florges\n|-damage|p1a: Florges|0 fnt\n|faint|p1a: Florges\n|move|p2b: Rabsca|Psychic|p1b: Tyranitar\n|-damage|p1b: Tyranitar|147/295\n|move|p1b: Tyranitar|Rock Slide|p2b: Rabsca|[spread] p2a,p2b\n|-supereffective|p2b: Rabsca\n|-damage|p2a: Reuniclus|0 fnt\n|-damage|p2b: Rabsca|0 fnt\n|faint|p2a: Reuniclus\n|faint|p2b: Rabsca\n|\n|-weather|Sandstorm|[upkeep]\n|-damage|p1b: Tyranitar|129/295|[from] Sandstorm\n|upkeep\n|\n|t:|1771188256\n|switch|p2a: Heatran|Heatran, L78, F|270/270\n|switch|p2b: Sableye|Sableye, L92, M|100/241\n|switch|p1a: Ribombee|Ribombee, L86, M|243/243\n|-damage|p2b: Sableye|70/241|[from] Stealth Rock\n|-damage|p2a: Heatran|237/270|[from] Stealth Rock\n|turn|12\n|\n|t:|1771188267\n|move|p1b: Tyranitar|Protect|p1b: Tyranitar\n|-singleturn|p1b: Tyranitar|Protect\n|move|p1a: Ribombee|Protect|p1a: Ribombee\n|-singleturn|p1a: Ribombee|Protect\n|move|p2b: Sableye|Fake Out|p1a: Ribombee\n|-activate|p1a: Ribombee|move: Protect\n|move|p2a: Heatran|Heat Wave|p1a: Ribombee|[spread] \n|-activate|p1a: Ribombee|move: Protect\n|-activate|p1b: Tyranitar|move: Protect\n|\n|-weather|none\n|upkeep\n|turn|13\n|\n|t:|1771188287\n|move|p1a: Ribombee|Protect||[still]\n|-fail|p1a: Ribombee\n|move|p2b: Sableye|Quash|p1b: Tyranitar\n|-activate|p1b: Tyranitar|move: Quash\n|move|p2a: Heatran|Heat Wave|p1a: Ribombee|[spread] p1b\n|-miss|p2a: Heatran|p1a: Ribombee\n|-crit|p1b: Tyranitar\n|-damage|p1b: Tyranitar|0 fnt\n|faint|p1b: Tyranitar\n|-damage|p2a: Heatran|210/270|[from] item: Life Orb\n|\n|-fieldend|move: Trick Room\n|upkeep\n|turn|14\n|-message|kazaboy forfeited.\n|\n|win|Motorgis\n|raw|kazaboy's rating: 1595 &rarr; <strong>1581</strong><br />(-14 for losing)\n|raw|Motorgis's rating: 1712 &rarr; <strong>1726</strong><br />(+14 for winning)\n|l|☆kazaboy\n|player|p1|\n", "inputlog": ">version 686819e5e19f8a7fd2345cfc5a08a5085efa2cc3\n>start {\"formatid\":\"gen9randomdoublesbattle\",\"seed\":\"sodium,0888c8270f951e3c167ae2fe468a8169\",\"rated\":\"Rated battle\"}\n>player p1 {\"name\":\"kazaboy\",\"avatar\":\"bruno\",\"rating\":1595,\"seed\":\"sodium,a05c52b6c8db3ad34f82113123d55f6f\"}\n>player p2 {\"name\":\"Motorgis\",\"avatar\":\"biker-gen4\",\"rating\":1712,\"seed\":\"sodium,c3d8a2e72de5f1880ad2b1e11f2ffbb0\"}\n>p1 move tailwind, move incinerate\n>p2 move fakeout +1, move icespinner +1\n>p1 switch 5, pass\n>p1 move rockslide, move stealthrock\n>p2 move knockoff +2, move icespinner +1\n>p2 pass, switch 4\n>p1 move protect, move incinerate\n>p2 switch 5, move decorate -1\n>p1 move knockoff +1, move stoneedge +2\n>p2 move trickroom, move encore +1\n>p1 switch 6, move fireblast +2\n>p2 move psychic +2, move decorate -1\n>p2 pass, switch 6\n>p1 move calmmind, move fireblast +2\n>p2 move psychic +2, move revivalblessing\n>p2 pass, switch 4\n>p1 pass, switch 4\n>p1 move calmmind, move nightslash +1\n>p2 move psychic +2, move strugglebug\n>p1 pass, switch 6\n>p1 move dazzlinggleam, move protect\n>p2 move psychic +1, move strugglebug\n>p1 move calmmind, move knockoff +1\n>p2 move protect, move trickroom\n>p1 move synthesis, move rockslide terastallize\n>p2 move psychic +1, move strugglebug\n>p1 move synthesis, move rockslide\n>p2 move psychic +1, move psychic +1\n>p1 switch 3, pass\n>p2 switch 3, switch 5\n>p1 move protect, move protect\n>p2 move heatwave, move fakeout +1\n>p1 move protect, move rockslide\n>p2 move heatwave, move quash +2\n>forcelose p1", "uploadtime": 1771188303, "views": 50, "formatid": "gen9randomdoublesbattle", "rating": 1581, "private": 0, "password": null}