{"id": "gen9randomdoublesbattle-2540074135", "format": "[Gen 9] Random Doubles Battle", "players": ["pipa21", "TheAlternativeHero"], "log": "|j|☆pipa21\n|j|☆TheAlternativeHero\n|t:|1771157217\n|gametype|doubles\n|player|p1|pipa21|ethan|1696\n|player|p2|TheAlternativeHero|silver-masters|1730\n|gen|9\n|tier|[Gen 9] Random Doubles Battle\n|rated|\n|rule|Species Clause: Limit one of each Pokémon\n|rule|HP Percentage Mod: HP is shown in percentages\n|rule|Illusion Level Mod: Illusion disguises the Pokémon's true level\n|rule|Sleep Clause Mod: Limit one foe put to sleep\n|\n|t:|1771157217\n|teamsize|p1|6\n|teamsize|p2|6\n|start\n|switch|p1a: Chimecho|Chimecho, L94, F|293/293\n|switch|p1b: Flamigo|Flamigo, L84, F|275/275\n|switch|p2a: Dipplin|Dipplin, L92, M|297/297\n|switch|p2b: Cinderace|Cinderace, L82, F|265/265\n|turn|1\n|inactive|Battle timer is ON: inactive players will automatically lose when time's up. (requested by pipa21)\n|\n|t:|1771157233\n|switch|p2a: Klawf|Klawf, L91, M|275/275\n|move|p1b: Flamigo|Close Combat|p2b: Cinderace\n|-damage|p2b: Cinderace|91/265\n|-unboost|p1b: Flamigo|def|1\n|-unboost|p1b: Flamigo|spd|1\n|move|p2b: Cinderace|Pyro Ball|p1b: Flamigo|[miss]\n|-miss|p2b: Cinderace|p1b: Flamigo\n|move|p1a: Chimecho|Icy Wind|p2b: Cinderace|[spread] p2a,p2b\n|-resisted|p2b: Cinderace\n|-damage|p2a: Klawf|228/275\n|-damage|p2b: Cinderace|71/265\n|-unboost|p2a: Klawf|spe|1\n|-unboost|p2b: Cinderace|spe|1\n|\n|upkeep\n|turn|2\n|\n|t:|1771157251\n|move|p2b: Cinderace|Sucker Punch|p1a: Chimecho\n|-supereffective|p1a: Chimecho\n|-damage|p1a: Chimecho|166/293\n|-damage|p2b: Cinderace|45/265|[from] item: Life Orb\n|move|p1b: Flamigo|Close Combat|p2a: Klawf\n|-supereffective|p2a: Klawf\n|-damage|p2a: Klawf|4/275\n|-unboost|p1b: Flamigo|def|1\n|-unboost|p1b: Flamigo|spd|1\n|move|p1a: Chimecho|Psychic|p2b: Cinderace\n|-damage|p2b: Cinderace|0 fnt\n|faint|p2b: Cinderace\n|move|p2a: Klawf|Crabhammer|p1b: Flamigo\n|-crit|p1b: Flamigo\n|-damage|p1b: Flamigo|0 fnt\n|faint|p1b: Flamigo\n|-damage|p2a: Klawf|0 fnt|[from] item: Life Orb\n|faint|p2a: Klawf\n|\n|upkeep\n|inactive|pipa21 has 120 seconds left.\n|inactive|TheAlternativeHero has 120 seconds left.\n|\n|t:|1771157272\n|switch|p2b: Wigglytuff|Wigglytuff, L91, M|403/403\n|switch|p1b: Clefable|Clefable, L87, M|307/307\n|switch|p2a: Dipplin|Dipplin, L92, M|297/297\n|turn|3\n|\n|t:|1771157286\n|move|p1a: Chimecho|Psychic|p2b: Wigglytuff\n|-damage|p2b: Wigglytuff|237/403\n|move|p1b: Clefable|Life Dew||[still]|[spread] p1a,p1b\n|-heal|p1a: Chimecho|239/293\n|-fail|p1b: Clefable|heal\n|move|p2b: Wigglytuff|Dazzling Gleam|p1a: Chimecho|[spread] p1a,p1b\n|-damage|p1a: Chimecho|178/293\n|-damage|p1b: Clefable|249/307\n|move|p2a: Dipplin|Syrup Bomb|p1a: Chimecho\n|-damage|p1a: Chimecho|117/293\n|-start|p1a: Chimecho|Syrup Bomb\n|-enditem|p1a: Chimecho|Sitrus Berry|[eat]\n|-heal|p1a: Chimecho|190/293|[from] item: Sitrus Berry\n|\n|-unboost|p1a: Chimecho|spe|1\n|upkeep\n|turn|4\n|\n|t:|1771157314\n|-terastallize|p2a: Dipplin|Steel\n|move|p1b: Clefable|Moonblast|p2b: Wigglytuff\n|-damage|p2b: Wigglytuff|99/403\n|-enditem|p2b: Wigglytuff|Sitrus Berry|[eat]\n|-heal|p2b: Wigglytuff|199/403|[from] item: Sitrus Berry\n|move|p2b: Wigglytuff|Thunder Wave|p1b: Clefable\n|-status|p1b: Clefable|par\n|move|p2a: Dipplin|Pollen Puff|p2b: Wigglytuff\n|-heal|p2b: Wigglytuff|400/403\n|move|p1a: Chimecho|Psychic|p2b: Wigglytuff\n|-damage|p2b: Wigglytuff|247/403\n|\n|-unboost|p1a: Chimecho|spe|1\n|upkeep\n|turn|5\n|inactive|pipa21 has 120 seconds left.\n|\n|t:|1771157351\n|switch|p1a: Wugtrio|Wugtrio, L92, M|214/214\n|move|p2b: Wigglytuff|Dazzling Gleam|p1a: Wugtrio|[spread] p1a,p1b\n|-damage|p1a: Wugtrio|142/214\n|-damage|p1b: Clefable|182/307 par\n|move|p2a: Dipplin|Pollen Puff|p2b: Wigglytuff\n|-heal|p2b: Wigglytuff|403/403\n|move|p1b: Clefable|Life Dew|p1b: Clefable|[spread] p1a,p1b\n|-heal|p1a: Wugtrio|196/214\n|-heal|p1b: Clefable|259/307 par\n|\n|upkeep\n|turn|6\n|\n|t:|1771157371\n|move|p1a: Wugtrio|Stomping Tantrum|p2a: Dipplin\n|-supereffective|p2a: Dipplin\n|-damage|p2a: Dipplin|193/297\n|move|p2b: Wigglytuff|Thunder Wave|p1a: Wugtrio\n|-status|p1a: Wugtrio|par\n|move|p2a: Dipplin|Syrup Bomb|p1a: Wugtrio\n|-supereffective|p1a: Wugtrio\n|-damage|p1a: Wugtrio|46/214 par\n|-start|p1a: Wugtrio|Syrup Bomb\n|move|p1b: Clefable|Moonblast|p2a: Dipplin\n|-resisted|p2a: Dipplin\n|-damage|p2a: Dipplin|159/297\n|\n|-unboost|p1a: Wugtrio|spe|1\n|upkeep\n|turn|7\n|\n|t:|1771157387\n|move|p2b: Wigglytuff|Dazzling Gleam|p1b: Clefable|[spread] p1a,p1b\n|-damage|p1a: Wugtrio|0 fnt\n|-damage|p1b: Clefable|192/307 par\n|faint|p1a: Wugtrio\n|move|p2a: Dipplin|Recover|p2a: Dipplin\n|-heal|p2a: Dipplin|297/297\n|cant|p1b: Clefable|par\n|\n|upkeep\n|inactive|pipa21 has 120 seconds left.\n|\n|t:|1771157410\n|switch|p1a: Chimecho|Chimecho, L94, F|190/293\n|turn|8\n|\n|t:|1771157419\n|move|p1a: Chimecho|Psychic|p2b: Wigglytuff\n|-damage|p2b: Wigglytuff|258/403\n|move|p2b: Wigglytuff|Dazzling Gleam|p1a: Chimecho|[spread] p1a,p1b\n|-damage|p1a: Chimecho|136/293\n|-damage|p1b: Clefable|128/307 par\n|-enditem|p1b: Clefable|Sitrus Berry|[eat]\n|-heal|p1b: Clefable|204/307 par|[from] item: Sitrus Berry\n|move|p2a: Dipplin|Syrup Bomb|p1a: Chimecho\n|-damage|p1a: Chimecho|70/293\n|-start|p1a: Chimecho|Syrup Bomb\n|move|p1b: Clefable|Moonblast|p2b: Wigglytuff\n|-damage|p2b: Wigglytuff|123/403\n|-unboost|p2b: Wigglytuff|spa|1\n|-ability|p2b: Wigglytuff|Competitive|boost\n|-boost|p2b: Wigglytuff|spa|2\n|\n|-unboost|p1a: Chimecho|spe|1\n|upkeep\n|turn|9\n|\n|t:|1771157439\n|move|p2b: Wigglytuff|Dazzling Gleam|p1b: Clefable|[spread] p1a,p1b\n|-damage|p1a: Chimecho|0 fnt\n|-damage|p1b: Clefable|140/307 par\n|faint|p1a: Chimecho\n|move|p2a: Dipplin|Pollen Puff|p2b: Wigglytuff\n|-heal|p2b: Wigglytuff|324/403\n|cant|p1b: Clefable|par\n|\n|upkeep\n|\n|t:|1771157448\n|switch|p1a: Chien-Pao|Chien-Pao, L75|244/244\n|-ability|p1a: Chien-Pao|Sword of Ruin\n|turn|10\n|\n|t:|1771157467\n|move|p1a: Chien-Pao|Protect|p1a: Chien-Pao\n|-singleturn|p1a: Chien-Pao|Protect\n|move|p2b: Wigglytuff|Thunder Wave|p1a: Chien-Pao\n|-activate|p1a: Chien-Pao|move: Protect\n|move|p2a: Dipplin|Pollen Puff|p2b: Wigglytuff\n|-heal|p2b: Wigglytuff|403/403\n|cant|p1b: Clefable|par\n|\n|upkeep\n|turn|11\n|\n|t:|1771157483\n|-terastallize|p1a: Chien-Pao|Fighting\n|move|p1a: Chien-Pao|Sacred Sword|p2a: Dipplin\n|-supereffective|p2a: Dipplin\n|-damage|p2a: Dipplin|123/297\n|-damage|p1a: Chien-Pao|220/244|[from] item: Life Orb\n|move|p2b: Wigglytuff|Dazzling Gleam|p1a: Chien-Pao|[spread] p1a,p1b\n|-supereffective|p1a: Chien-Pao\n|-damage|p1a: Chien-Pao|0 fnt\n|-damage|p1b: Clefable|77/307 par\n|faint|p1a: Chien-Pao\n|move|p2a: Dipplin|Syrup Bomb|p1b: Clefable\n|-damage|p1b: Clefable|11/307 par\n|-start|p1b: Clefable|Syrup Bomb\n|move|p1b: Clefable|Icy Wind|p2a: Dipplin|[spread] p2a,p2b\n|-resisted|p2a: Dipplin\n|-damage|p2a: Dipplin|113/297\n|-damage|p2b: Wigglytuff|363/403\n|-unboost|p2a: Dipplin|spe|1\n|-unboost|p2b: Wigglytuff|spe|1\n|-ability|p2b: Wigglytuff|Competitive|boost\n|-boost|p2b: Wigglytuff|spa|2\n|\n|-unboost|p1b: Clefable|spe|1\n|upkeep\n|-message|pipa21 forfeited.\n|\n|win|TheAlternativeHero\n|raw|pipa21's rating: 1696 &rarr; <strong>1678</strong><br />(-18 for losing)\n|raw|TheAlternativeHero's rating: 1730 &rarr; <strong>1748</strong><br />(+18 for winning)\n|l|☆pipa21\n|player|p1|\n", "inputlog": ">version 686819e5e19f8a7fd2345cfc5a08a5085efa2cc3\n>start {\"formatid\":\"gen9randomdoublesbattle\",\"seed\":\"sodium,c47eb45e6ad0bed6a3634d5de58bd8c1\",\"rated\":\"Rated battle\"}\n>player p1 {\"name\":\"pipa21\",\"avatar\":\"ethan\",\"rating\":1696,\"seed\":\"sodium,5e1e937ac32f0d8213846a9eab490e0f\"}\n>player p2 {\"name\":\"TheAlternativeHero\",\"avatar\":\"silver-masters\",\"rating\":1730,\"seed\":\"sodium,2d40c58971993c56e4d77ab0a0e888bb\"}\n>p1 move icywind, move closecombat +2\n>p2 switch 3, move pyroball +2\n>p1 move psychic +2, move closecombat +1\n>p2 move crabhammer +2, move suckerpunch +1\n>p1 pass, switch 3\n>p2 switch 3, switch 4\n>p1 move psychic +2, move lifedew\n>p2 move syrupbomb +1, move dazzlinggleam\n>p1 move psychic +2, move moonblast +2\n>p2 move pollenpuff -2 terastallize, move thunderwave +2\n>p1 switch 6, move lifedew\n>p2 move pollenpuff -2, move dazzlinggleam\n>p1 move stompingtantrum +1, move moonblast +1\n>p2 move syrupbomb +1, move thunderwave +1\n>p1 move stompingtantrum +1, move icywind\n>p2 move recover, move dazzlinggleam\n>p1 switch 6, pass\n>p1 move psychic +2, move moonblast +2\n>p2 move syrupbomb +1, move dazzlinggleam\n>p1 move psychic +2, move moonblast +2\n>p2 move pollenpuff -2, move dazzlinggleam\n>p1 switch 5, pass\n>p1 move protect, move moonblast +2\n>p2 move pollenpuff -2, move thunderwave +1\n>p1 move sacredsword +1 terastallize, move icywind\n>p2 move syrupbomb +1, move dazzlinggleam\n>forcelose p1", "uploadtime": 1771157510, "views": 69, "formatid": "gen9randomdoublesbattle", "rating": 1678, "private": 0, "password": null}