{"id": "gen9randomdoublesbattle-2534485088", "format": "[Gen 9] Random Doubles Battle", "players": ["Bish I just", "caoscontrol"], "log": "|j|☆Bish I just\n|j|☆caoscontrol\n|t:|1770426934\n|gametype|doubles\n|player|p1|Bish I just|1|1636\n|player|p2|caoscontrol|101|1553\n|gen|9\n|tier|[Gen 9] Random Doubles Battle\n|rated|\n|rule|Species Clause: Limit one of each Pokémon\n|rule|HP Percentage Mod: HP is shown in percentages\n|rule|Illusion Level Mod: Illusion disguises the Pokémon's true level\n|rule|Sleep Clause Mod: Limit one foe put to sleep\n|\n|t:|1770426934\n|teamsize|p1|6\n|teamsize|p2|6\n|start\n|switch|p1a: Salazzle|Salazzle, L86, F|257/257\n|switch|p1b: Honchkrow|Honchkrow, L85, F|309/309\n|switch|p2a: Samurott|Samurott-Hisui, L83, M|285/285\n|switch|p2b: Glastrier|Glastrier, L80|291/291\n|turn|1\n|inactive|Battle timer is ON: inactive players will automatically lose when time's up. (requested by Bish I just)\n|inactive|caoscontrol has 120 seconds left.\n|\n|t:|1770426990\n|move|p1a: Salazzle|Fake Out|p2a: Samurott\n|-damage|p2a: Samurott|259/285\n|cant|p2a: Samurott|flinch\n|move|p1b: Honchkrow|Brave Bird|p2a: Samurott\n|-damage|p2a: Samurott|51/285\n|-damage|p1b: Honchkrow|240/309|[from] Recoil\n|-damage|p1b: Honchkrow|210/309|[from] item: Life Orb\n|move|p2b: Glastrier|Icicle Crash|p1b: Honchkrow\n|-supereffective|p1b: Honchkrow\n|-damage|p1b: Honchkrow|0 fnt\n|faint|p1b: Honchkrow\n|-ability|p2b: Glastrier|Chilling Neigh|boost\n|-boost|p2b: Glastrier|atk|1\n|\n|upkeep\n|inactive|Bish I just has 120 seconds left.\n|\n|t:|1770427033\n|switch|p1b: Clefairy|Clefairy, L98, M|296/296\n|turn|2\n|inactive|caoscontrol has 120 seconds left.\n|inactive|caoscontrol has 90 seconds left.\n|\n|t:|1770427101\n|switch|p2a: Hitmontop|Hitmontop, L88, M|231/231\n|-ability|p2a: Hitmontop|Intimidate|boost\n|-unboost|p1a: Salazzle|atk|1\n|-unboost|p1b: Clefairy|atk|1\n|-terastallize|p2b: Glastrier|Ground\n|move|p1b: Clefairy|Follow Me|p1b: Clefairy\n|-singleturn|p1b: Clefairy|move: Follow Me\n|move|p1a: Salazzle|Fire Blast|p2b: Glastrier\n|-damage|p2b: Glastrier|167/291\n|move|p2b: Glastrier|Heavy Slam|p1b: Clefairy\n|-supereffective|p1b: Clefairy\n|-damage|p1b: Clefairy|4/296\n|\n|upkeep\n|turn|3\n|inactive|caoscontrol has 90 seconds left.\n|\n|t:|1770427129\n|move|p1a: Salazzle|Protect|p1a: Salazzle\n|-singleturn|p1a: Salazzle|Protect\n|move|p2a: Hitmontop|Fake Out|p1a: Salazzle\n|-activate|p1a: Salazzle|move: Protect\n|move|p1b: Clefairy|Moonblast|p2a: Hitmontop\n|-supereffective|p2a: Hitmontop\n|-damage|p2a: Hitmontop|81/231\n|-enditem|p2a: Hitmontop|Sitrus Berry|[eat]\n|-heal|p2a: Hitmontop|138/231|[from] item: Sitrus Berry\n|move|p2b: Glastrier|High Horsepower|p1a: Salazzle\n|-activate|p1a: Salazzle|move: Protect\n|\n|upkeep\n|turn|4\n|inactive|Bish I just has 120 seconds left.\n|\n|t:|1770427159\n|move|p1a: Salazzle|Fire Blast|p2b: Glastrier\n|-damage|p2b: Glastrier|58/291\n|-enditem|p2b: Glastrier|Sitrus Berry|[eat]\n|-heal|p2b: Glastrier|130/291|[from] item: Sitrus Berry\n|move|p2a: Hitmontop|Close Combat|p1b: Clefairy\n|-resisted|p1b: Clefairy\n|-damage|p1b: Clefairy|0 fnt\n|-unboost|p2a: Hitmontop|def|1\n|-unboost|p2a: Hitmontop|spd|1\n|faint|p1b: Clefairy\n|move|p2b: Glastrier|High Horsepower|p1a: Salazzle\n|-supereffective|p1a: Salazzle\n|-enditem|p1a: Salazzle|Focus Sash\n|-damage|p1a: Salazzle|1/257\n|\n|upkeep\n|inactive|Bish I just has 120 seconds left.\n|inactive|Bish I just has 90 seconds left.\n|\n|t:|1770427197\n|switch|p1b: Dodrio|Dodrio, L85, F|241/241\n|turn|5\n|inactive|caoscontrol has 120 seconds left.\n|\n|t:|1770427212\n|move|p2a: Hitmontop|Sucker Punch|p1a: Salazzle\n|-damage|p1a: Salazzle|0 fnt\n|faint|p1a: Salazzle\n|move|p1b: Dodrio|Brave Bird|p2a: Hitmontop\n|-supereffective|p2a: Hitmontop\n|-crit|p2a: Hitmontop\n|-damage|p2a: Hitmontop|0 fnt\n|faint|p2a: Hitmontop\n|-damage|p1b: Dodrio|195/241|[from] Recoil\n|move|p2b: Glastrier|Icicle Crash|p1b: Dodrio\n|-supereffective|p1b: Dodrio\n|-damage|p1b: Dodrio|0 fnt\n|faint|p1b: Dodrio\n|-ability|p2b: Glastrier|Chilling Neigh|boost\n|-boost|p2b: Glastrier|atk|1\n|\n|upkeep\n|inactive|caoscontrol has 120 seconds left.\n|\n|t:|1770427228\n|switch|p1a: Smeargle|Smeargle, F|238/238\n|switch|p1b: Smeargle|Smeargle, F|272/272\n|switch|p2a: Bruxish|Bruxish, L86, F|257/257\n|turn|6\n|inactive|Bish I just has 120 seconds left.\n|inactive|caoscontrol has 120 seconds left.\n|\n|t:|1770427256\n|move|p2b: Glastrier|Protect|p2b: Glastrier\n|-singleturn|p2b: Glastrier|Protect\n|move|p1b: Smeargle|Fake Out|p2b: Glastrier\n|-activate|p2b: Glastrier|move: Protect\n|move|p2a: Bruxish|Crunch|p1a: Smeargle\n|-resisted|p1a: Smeargle\n|-damage|p1a: Smeargle|178/238\n|replace|p1a: Zoroark|Zoroark, L84, M\n|-end|p1a: Zoroark|Illusion\n|-hint|Illusion Level Mod is active, so this Pokémon's true level was hidden.\n|move|p1a: Zoroark|Knock Off|p2a: Bruxish\n|-supereffective|p2a: Bruxish\n|-damage|p2a: Bruxish|0 fnt\n|-enditem|p2a: Bruxish|Choice Scarf|[from] move: Knock Off|[of] p1a: Zoroark\n|faint|p2a: Bruxish\n|-damage|p1a: Zoroark|155/238|[from] item: Life Orb\n|\n|upkeep\n|\n|t:|1770427273\n|switch|p2a: Samurott|Samurott-Hisui, L83, M|51/285\n|turn|7\n|inactive|Bish I just has 120 seconds left.\n|\n|t:|1770427296\n|move|p2a: Samurott|Protect|p2a: Samurott\n|-singleturn|p2a: Samurott|Protect\n|move|p1b: Smeargle|Follow Me|p1b: Smeargle\n|-singleturn|p1b: Smeargle|move: Follow Me\n|move|p1a: Zoroark|Focus Blast|p2b: Glastrier|[miss]\n|-miss|p1a: Zoroark|p2b: Glastrier\n|move|p2b: Glastrier|High Horsepower|p1b: Smeargle\n|-damage|p1b: Smeargle|0 fnt\n|faint|p1b: Smeargle\n|-ability|p2b: Glastrier|Chilling Neigh|boost\n|-boost|p2b: Glastrier|atk|1\n|\n|upkeep\n|turn|8\n|-message|Bish I just forfeited.\n|\n|win|caoscontrol\n|raw|Bish I just's rating: 1636 &rarr; <strong>1611</strong><br />(-25 for losing)\n|raw|caoscontrol's rating: 1553 &rarr; <strong>1578</strong><br />(+25 for winning)\n|l|☆Bish I just\n|player|p1|\n", "inputlog": ">version ccdc32dd7cde25fd9e4bed64820e885f66e78a4e\n>start {\"formatid\":\"gen9randomdoublesbattle\",\"seed\":\"sodium,86137424a181e105a07793f9b639796e\",\"rated\":\"Rated battle\"}\n>player p1 {\"name\":\"Bish I just\",\"avatar\":\"1\",\"rating\":1636,\"seed\":\"sodium,5cf3de4fde350dbd516efd89d17c3186\"}\n>player p2 {\"name\":\"caoscontrol\",\"avatar\":\"101\",\"rating\":1553,\"seed\":\"sodium,0fa621321c4d88efda13827864e3f5ee\"}\n>p1 move fakeout +1, move bravebird +1\n>p2 move razorshell +1, move iciclecrash +2\n>p1 pass, switch 6\n>p1 move fireblast +2, move followme\n>p2 switch 4, move heavyslam +2 terastallize\n>p1 move protect, move moonblast +1\n>p2 move fakeout +1, move highhorsepower +1\n>p1 move fireblast +2, move moonblast +1\n>p2 move closecombat +2, move highhorsepower +1\n>p1 pass, switch 4\n>p1 move fireblast +2, move bravebird +1\n>p2 move suckerpunch +1, move iciclecrash +2\n>p1 switch 3, switch 5\n>p2 switch 5, pass\n>p1 move knockoff +1, move fakeout +2\n>p2 move crunch +1, move protect\n>p2 switch 4, pass\n>p1 move focusblast +2, move followme\n>p2 move protect, move highhorsepower +1\n>forcelose p1", "uploadtime": 1770427309, "views": 88, "formatid": "gen9randomdoublesbattle", "rating": 1578, "private": 0, "password": null}