{"id": "gen9randomdoublesbattle-2536233393", "format": "[Gen 9] Random Doubles Battle", "players": ["Nani_dodo", "Jenome"], "log": "|j|☆Nani_dodo\n|j|☆Jenome\n|t:|1770666281\n|gametype|doubles\n|player|p1|Nani_dodo|169|1653\n|player|p2|Jenome|gentleman-gen4|1673\n|gen|9\n|tier|[Gen 9] Random Doubles Battle\n|rated|\n|rule|Species Clause: Limit one of each Pokémon\n|rule|HP Percentage Mod: HP is shown in percentages\n|rule|Illusion Level Mod: Illusion disguises the Pokémon's true level\n|rule|Sleep Clause Mod: Limit one foe put to sleep\n|\n|t:|1770666281\n|teamsize|p1|6\n|teamsize|p2|6\n|start\n|switch|p1a: Bruxish|Bruxish, L86, M|257/257\n|switch|p1b: Cyclizar|Cyclizar, L87, F|264/264\n|switch|p2a: Raikou|Raikou, L81|278/278\n|switch|p2b: Victreebel|Victreebel, L91, M|293/293\n|turn|1\n|inactive|Battle timer is ON: inactive players will automatically lose when time's up. (requested by Jenome)\n|\n|t:|1770666301\n|switch|p1a: Lilligant|Lilligant, L88, F|266/266\n|move|p1b: Cyclizar|Shed Tail|p1b: Cyclizar\n|-start|p1b: Cyclizar|Substitute|[from] move: Shed Tail\n|-damage|p1b: Cyclizar|132/264\n|-enditem|p1b: Cyclizar|Sitrus Berry|[eat]\n|-heal|p1b: Cyclizar|198/264|[from] item: Sitrus Berry\n|\n|t:|1770666316\n|switch|p1b: Kingambit|Kingambit, L77, M|281/281|[from] Shed Tail\n|move|p2a: Raikou|Thunderbolt|p1a: Lilligant\n|-resisted|p1a: Lilligant\n|-damage|p1a: Lilligant|213/266\n|move|p2b: Victreebel|Knock Off|p1b: Kingambit\n|-resisted|p1b: Kingambit\n|-activate|p1b: Kingambit|move: Substitute|[damage]\n|-damage|p2b: Victreebel|264/293|[from] item: Life Orb\n|\n|upkeep\n|turn|2\n|\n|t:|1770666332\n|move|p2a: Raikou|Thunderbolt|p1b: Kingambit\n|-end|p1b: Kingambit|Substitute\n|move|p1a: Lilligant|Quiver Dance|p1a: Lilligant\n|-boost|p1a: Lilligant|spa|1\n|-boost|p1a: Lilligant|spd|1\n|-boost|p1a: Lilligant|spe|1\n|move|p2b: Victreebel|Sludge Bomb|p1a: Lilligant\n|-supereffective|p1a: Lilligant\n|-damage|p1a: Lilligant|0 fnt\n|faint|p1a: Lilligant\n|-damage|p2b: Victreebel|235/293|[from] item: Life Orb\n|move|p1b: Kingambit|Swords Dance|p1b: Kingambit\n|-boost|p1b: Kingambit|atk|2\n|\n|upkeep\n|inactive|Nani_dodo has 120 seconds left.\n|\n|t:|1770666369\n|switch|p1a: Bruxish|Bruxish, L86, M|257/257\n|turn|3\n|inactive|Nani_dodo has 120 seconds left.\n|\n|t:|1770666384\n|switch|p2b: Poliwrath|Poliwrath, L90, F|308/308\n|-terastallize|p1a: Bruxish|Dark\n|move|p1b: Kingambit|Sucker Punch|p2a: Raikou\n|-damage|p2a: Raikou|82/278\n|-enditem|p2a: Raikou|Sitrus Berry|[eat]\n|-heal|p2a: Raikou|151/278|[from] item: Sitrus Berry\n|move|p2a: Raikou|Thunderbolt|p1a: Bruxish\n|-damage|p1a: Bruxish|134/257\n|move|p1a: Bruxish|Psychic Fangs|p2b: Poliwrath\n|-supereffective|p2b: Poliwrath\n|-damage|p2b: Poliwrath|0 fnt\n|faint|p2b: Poliwrath\n|\n|upkeep\n|\n|t:|1770666400\n|switch|p2b: Cobalion|Cobalion, L79|273/273\n|turn|4\n|\n|t:|1770666419\n|move|p1b: Kingambit|Protect|p1b: Kingambit\n|-singleturn|p1b: Kingambit|Protect\n|move|p2a: Raikou|Thunder Wave|p1a: Bruxish\n|-status|p1a: Bruxish|par\n|move|p2b: Cobalion|Iron Defense|p2b: Cobalion\n|-boost|p2b: Cobalion|def|2\n|move|p1a: Bruxish|Psychic Fangs|p2b: Cobalion\n|-damage|p2b: Cobalion|179/273\n|\n|-heal|p2b: Cobalion|196/273|[from] item: Leftovers\n|upkeep\n|turn|5\n|\n|t:|1770666438\n|move|p2a: Raikou|Protect|p2a: Raikou\n|-singleturn|p2a: Raikou|Protect\n|move|p2b: Cobalion|Body Press|p1b: Kingambit\n|-supereffective|p1b: Kingambit\n|-damage|p1b: Kingambit|0 fnt\n|faint|p1b: Kingambit\n|move|p1a: Bruxish|Psychic Fangs|p2a: Raikou\n|-activate|p2a: Raikou|move: Protect\n|\n|-heal|p2b: Cobalion|213/273|[from] item: Leftovers\n|upkeep\n|\n|t:|1770666445\n|switch|p1b: Breloom|Breloom, L84, M|238/238\n|turn|6\n|\n|t:|1770666457\n|move|p2a: Raikou|Thunder Wave|p1b: Breloom\n|-status|p1b: Breloom|par\n|move|p2b: Cobalion|Body Press|p1a: Bruxish\n|-supereffective|p1a: Bruxish\n|-damage|p1a: Bruxish|0 fnt\n|faint|p1a: Bruxish\n|move|p1b: Breloom|Spore|p2b: Cobalion\n|-status|p2b: Cobalion|slp|[from] move: Spore\n|\n|-heal|p2b: Cobalion|230/273 slp|[from] item: Leftovers\n|upkeep\n|-message|Nani_dodo forfeited.\n|\n|win|Jenome\n|raw|Nani_dodo's rating: 1653 &rarr; <strong>1634</strong><br />(-19 for losing)\n|raw|Jenome's rating: 1673 &rarr; <strong>1692</strong><br />(+19 for winning)\n|l|☆Nani_dodo\n|player|p1|\n", "inputlog": ">version ccdc32dd7cde25fd9e4bed64820e885f66e78a4e\n>start {\"formatid\":\"gen9randomdoublesbattle\",\"seed\":\"sodium,c95f2721d25a5a3cd4037a7e1f48cf46\",\"rated\":\"Rated battle\"}\n>player p1 {\"name\":\"Nani_dodo\",\"avatar\":\"169\",\"rating\":1653,\"seed\":\"sodium,d569860939b384e7b491315be3bbd447\"}\n>player p2 {\"name\":\"Jenome\",\"avatar\":\"gentleman-gen4\",\"rating\":1673,\"seed\":\"sodium,b2c269404206deeba2e8bb2678b64fe6\"}\n>p1 switch 5, move shedtail\n>p2 move thunderbolt +1, move knockoff +2\n>p1 pass, switch 6\n>p1 move quiverdance, move swordsdance\n>p2 move thunderbolt +2, move sludgebomb +1\n>p1 switch 5, pass\n>p1 move psychicfangs +2 terastallize, move suckerpunch +1\n>p2 move thunderbolt +1, switch 5\n>p2 pass, switch 4\n>p1 move psychicfangs +2, move protect\n>p2 move thunderwave +1, move irondefense\n>p1 move psychicfangs +1, move ironhead +2\n>p2 move protect, move bodypress +2\n>p1 pass, switch 3\n>p1 move psychicfangs +1, move spore +2\n>p2 move thunderwave +2, move bodypress +1\n>forcelose p1", "uploadtime": 1770666472, "views": 70, "formatid": "gen9randomdoublesbattle", "rating": 1634, "private": 0, "password": null}