{"id": "gen9randomdoublesbattle-2540794916", "format": "[Gen 9] Random Doubles Battle", "players": ["mashing a", "chilunsin"], "log": "|j|☆mashing a\n|j|☆chilunsin\n|t:|1771254796\n|gametype|doubles\n|player|p1|mashing a|169|1795\n|player|p2|chilunsin|265|1935\n|gen|9\n|tier|[Gen 9] Random Doubles Battle\n|rated|\n|rule|Species Clause: Limit one of each Pokémon\n|rule|HP Percentage Mod: HP is shown in percentages\n|rule|Illusion Level Mod: Illusion disguises the Pokémon's true level\n|rule|Sleep Clause Mod: Limit one foe put to sleep\n|\n|t:|1771254796\n|teamsize|p1|6\n|teamsize|p2|6\n|start\n|switch|p1a: Duraludon|Duraludon, L83, F|252/252\n|switch|p1b: Volbeat|Volbeat, L82, M|241/241\n|switch|p2a: Zebstrika|Zebstrika, L87, F|272/272\n|switch|p2b: Sawsbuck|Sawsbuck-Summer, L91, F|293/293\n|turn|1\n|inactive|Battle timer is ON: inactive players will automatically lose when time's up. (requested by mashing a)\n|\n|t:|1771254808\n|move|p1b: Volbeat|Tailwind|p1b: Volbeat\n|-sidestart|p1: mashing a|move: Tailwind\n|move|p1a: Duraludon|Iron Defense|p1a: Duraludon\n|-boost|p1a: Duraludon|def|2\n|move|p2a: Zebstrika|Overheat|p1b: Volbeat\n|-supereffective|p1b: Volbeat\n|-damage|p1b: Volbeat|2/241\n|-unboost|p2a: Zebstrika|spa|2\n|-enditem|p1b: Volbeat|Sitrus Berry|[eat]\n|-heal|p1b: Volbeat|62/241|[from] item: Sitrus Berry\n|-damage|p2a: Zebstrika|245/272|[from] item: Life Orb\n|move|p2b: Sawsbuck|Swords Dance|p2b: Sawsbuck\n|-boost|p2b: Sawsbuck|atk|2\n|\n|upkeep\n|turn|2\n|\n|t:|1771254841\n|switch|p2b: Iron Leaves|Iron Leaves, L81|278/278\n|-enditem|p2b: Iron Leaves|Booster Energy\n|-activate|p2b: Iron Leaves|ability: Quark Drive|[fromitem]\n|-start|p2b: Iron Leaves|quarkdriveatk\n|move|p1b: Volbeat|Encore||[still]\n|-fail|p1b: Volbeat\n|move|p1a: Duraludon|Body Press|p2a: Zebstrika\n|-damage|p2a: Zebstrika|94/272\n|move|p2a: Zebstrika|Overheat|p1b: Volbeat\n|-supereffective|p1b: Volbeat\n|-damage|p1b: Volbeat|0 fnt\n|-unboost|p2a: Zebstrika|spa|2\n|faint|p1b: Volbeat\n|-damage|p2a: Zebstrika|67/272|[from] item: Life Orb\n|\n|upkeep\n|inactive|mashing a has 120 seconds left.\n|\n|t:|1771254860\n|switch|p1b: Arbok|Arbok, L88, F|249/249\n|-ability|p1b: Arbok|Intimidate|boost\n|-unboost|p2a: Zebstrika|atk|1\n|-unboost|p2b: Iron Leaves|atk|1\n|turn|3\n|\n|t:|1771254881\n|-terastallize|p2b: Iron Leaves|Fighting\n|move|p2a: Zebstrika|Protect|p2a: Zebstrika\n|-singleturn|p2a: Zebstrika|Protect\n|move|p1b: Arbok|Glare|p2b: Iron Leaves\n|-status|p2b: Iron Leaves|par\n|move|p1a: Duraludon|Iron Defense|p1a: Duraludon\n|-boost|p1a: Duraludon|def|2\n|move|p2b: Iron Leaves|Psyblade|p1b: Arbok\n|-supereffective|p1b: Arbok\n|-damage|p1b: Arbok|61/249\n|-enditem|p1b: Arbok|Sitrus Berry|[eat]\n|-heal|p1b: Arbok|123/249|[from] item: Sitrus Berry\n|\n|upkeep\n|turn|4\n|\n|t:|1771254901\n|switch|p2a: Flutter Mane|Flutter Mane, L73|201/201\n|-enditem|p2a: Flutter Mane|Booster Energy\n|-activate|p2a: Flutter Mane|ability: Protosynthesis|[fromitem]\n|-start|p2a: Flutter Mane|protosynthesisspa\n|move|p1b: Arbok|Knock Off|p2a: Flutter Mane\n|-damage|p2a: Flutter Mane|118/201\n|move|p1a: Duraludon|Body Press|p2b: Iron Leaves\n|-damage|p2b: Iron Leaves|84/278 par\n|move|p2b: Iron Leaves|Psyblade|p1b: Arbok\n|-supereffective|p1b: Arbok\n|-damage|p1b: Arbok|0 fnt\n|faint|p1b: Arbok\n|\n|-sideend|p1: mashing a|move: Tailwind\n|upkeep\n|\n|t:|1771254917\n|switch|p1b: Comfey|Comfey, L88, M|233/233\n|turn|5\n|\n|t:|1771254936\n|move|p2a: Flutter Mane|Moonblast|p1a: Duraludon\n|-damage|p1a: Duraludon|123/252\n|move|p1b: Comfey|Tailwind|p1b: Comfey\n|-sidestart|p1: mashing a|move: Tailwind\n|move|p1a: Duraludon|Flash Cannon|p2a: Flutter Mane\n|-supereffective|p2a: Flutter Mane\n|-damage|p2a: Flutter Mane|0 fnt\n|faint|p2a: Flutter Mane\n|-end|p2a: Flutter Mane|Protosynthesis|[silent]\n|cant|p2b: Iron Leaves|par\n|\n|upkeep\n|l|☆chilunsin\n|inactive|chilunsin disconnected and has a minute to reconnect!\n|player|p2|\n|inactive|chilunsin has 30 seconds to reconnect!\n|inactive|chilunsin has 20 seconds to reconnect!\n|inactive|chilunsin has 15 seconds to reconnect!\n|inactive|chilunsin has 10 seconds to reconnect!\n|inactive|chilunsin has 5 seconds to reconnect!\n|-message|chilunsin lost due to inactivity.\n|\n|win|mashing a\n|raw|mashing a's rating: 1795 &rarr; <strong>1823</strong><br />(+28 for winning)\n|raw|chilunsin's rating: 1935 &rarr; <strong>1907</strong><br />(-28 for losing)\n", "inputlog": ">version 686819e5e19f8a7fd2345cfc5a08a5085efa2cc3\n>start {\"formatid\":\"gen9randomdoublesbattle\",\"seed\":\"sodium,d6f42b9e4c341dfe5904ed582a7110cf\",\"rated\":\"Rated battle\"}\n>player p1 {\"name\":\"mashing a\",\"avatar\":\"169\",\"rating\":1795,\"seed\":\"sodium,37641ef6df3d986b574c72d1834f30d6\"}\n>player p2 {\"name\":\"chilunsin\",\"avatar\":\"265\",\"rating\":1935,\"seed\":\"sodium,36bedebdef9ae482b0ca650ab7f01fd6\"}\n>p1 move irondefense, move tailwind\n>p2 move overheat +2, move swordsdance\n>p1 move bodypress +1, move encore +2\n>p2 move overheat +2, switch 3\n>p1 pass, switch 6\n>p1 move irondefense, move glare +2\n>p2 move protect, move psyblade +2 terastallize\n>p1 move bodypress +2, move knockoff +1\n>p2 switch 4, move psyblade +2\n>p1 pass, switch 4\n>p1 move flashcannon +1, move tailwind\n>p2 move moonblast +1, move closecombat +1\n>forcelose p2", "uploadtime": 1771255006, "views": 8, "formatid": "gen9randomdoublesbattle", "rating": 1823, "private": 0, "password": null}