{"id": "gen9randomdoublesbattle-2537324555", "format": "[Gen 9] Random Doubles Battle", "players": ["nomadel147", "psych1corpsych0tic"], "log": "|j|☆nomadel147\n|j|‽psych1corpsych0tic\n|t:|1770798123\n|gametype|doubles\n|player|p1|nomadel147|1|1820\n|player|p2|psych1corpsych0tic|265|1938\n|gen|9\n|tier|[Gen 9] Random Doubles Battle\n|rated|\n|rule|Species Clause: Limit one of each Pokémon\n|rule|HP Percentage Mod: HP is shown in percentages\n|rule|Illusion Level Mod: Illusion disguises the Pokémon's true level\n|rule|Sleep Clause Mod: Limit one foe put to sleep\n|\n|t:|1770798123\n|teamsize|p1|6\n|teamsize|p2|6\n|start\n|switch|p1a: Pecharunt|Pecharunt, L78|265/265\n|switch|p1b: Corviknight|Corviknight, L80, M|288/288\n|switch|p2a: Gengar|Gengar, L84, F|238/238\n|switch|p2b: Ursaluna|Ursaluna, L77, F|327/327\n|turn|1\n|\n|t:|1770798162\n|switch|p2a: Salazzle|Salazzle, L86, F|257/257\n|move|p1a: Pecharunt|Protect|p1a: Pecharunt\n|-singleturn|p1a: Pecharunt|Protect\n|move|p2b: Ursaluna|Protect|p2b: Ursaluna\n|-singleturn|p2b: Ursaluna|Protect\n|move|p1b: Corviknight|Tailwind|p1b: Corviknight\n|-sidestart|p1: nomadel147|move: Tailwind\n|\n|-status|p2b: Ursaluna|brn|[from] item: Flame Orb\n|upkeep\n|turn|2\n|\n|t:|1770798193\n|switch|p1b: Tatsugiri|Tatsugiri, L84, F|251/251\n|-terastallize|p1a: Pecharunt|Dark\n|move|p1a: Pecharunt|Shadow Ball|p2a: Salazzle\n|-damage|p2a: Salazzle|144/257\n|-damage|p1a: Pecharunt|239/265|[from] item: Life Orb\n|move|p2a: Salazzle|Poison Gas|p1b: Tatsugiri|[spread] p1a,p1b\n|-status|p1a: Pecharunt|psn\n|-status|p1b: Tatsugiri|psn\n|move|p2b: Ursaluna|Headlong Rush|p1a: Pecharunt\n|-damage|p1a: Pecharunt|92/265 psn\n|-unboost|p2b: Ursaluna|def|1\n|-unboost|p2b: Ursaluna|spd|1\n|\n|-damage|p1b: Tatsugiri|220/251 psn|[from] psn\n|-damage|p1a: Pecharunt|59/265 psn|[from] psn\n|-damage|p2b: Ursaluna|307/327 brn|[from] brn\n|upkeep\n|turn|3\n|\n|t:|1770798240\n|switch|p2a: Keldeo|Keldeo-Resolute, L78|270/270\n|move|p2b: Ursaluna|Protect|p2b: Ursaluna\n|-singleturn|p2b: Ursaluna|Protect\n|move|p1b: Tatsugiri|Muddy Water|p2a: Keldeo|[spread] p2a\n|-activate|p2b: Ursaluna|move: Protect\n|-resisted|p2a: Keldeo\n|-damage|p2a: Keldeo|215/270\n|-unboost|p2a: Keldeo|accuracy|1\n|-damage|p1b: Tatsugiri|195/251 psn|[from] item: Life Orb\n|move|p1a: Pecharunt|Nasty Plot|p1a: Pecharunt\n|-boost|p1a: Pecharunt|spa|2\n|\n|-damage|p1b: Tatsugiri|164/251 psn|[from] psn\n|-damage|p1a: Pecharunt|26/265 psn|[from] psn\n|-damage|p2b: Ursaluna|287/327 brn|[from] brn\n|upkeep\n|turn|4\n|\n|t:|1770798272\n|switch|p2b: Hoopa|Hoopa-Unbound, L80|259/259\n|move|p2a: Keldeo|Vacuum Wave|p1a: Pecharunt\n|-supereffective|p1a: Pecharunt\n|-damage|p1a: Pecharunt|0 fnt\n|faint|p1a: Pecharunt\n|-damage|p2a: Keldeo|188/270|[from] item: Life Orb\n|move|p1b: Tatsugiri|Draco Meteor|p2b: Hoopa\n|-damage|p2b: Hoopa|99/259\n|-unboost|p1b: Tatsugiri|spa|2\n|-enditem|p2b: Hoopa|Sitrus Berry|[eat]\n|-heal|p2b: Hoopa|163/259|[from] item: Sitrus Berry\n|-damage|p1b: Tatsugiri|139/251 psn|[from] item: Life Orb\n|\n|-damage|p1b: Tatsugiri|108/251 psn|[from] psn\n|-sideend|p1: nomadel147|move: Tailwind\n|upkeep\n|inactive|Battle timer is ON: inactive players will automatically lose when time's up. (requested by psych1corpsych0tic)\n|\n|t:|1770798304\n|switch|p1a: Corviknight|Corviknight, L80, M|288/288\n|turn|5\n|inactive|psych1corpsych0tic has 120 seconds left.\n|\n|t:|1770798343\n|switch|p1b: Amoonguss|Amoonguss, L86, M|336/336\n|move|p2a: Keldeo|Hydro Pump|p1a: Corviknight\n|-damage|p1a: Corviknight|107/288\n|-enditem|p1a: Corviknight|Sitrus Berry|[eat]\n|-heal|p1a: Corviknight|179/288|[from] item: Sitrus Berry\n|-damage|p2a: Keldeo|161/270|[from] item: Life Orb\n|move|p2b: Hoopa|Hyperspace Fury|p1a: Corviknight\n|-damage|p1a: Corviknight|56/288\n|-unboost|p2b: Hoopa|def|1\n|move|p1a: Corviknight|Tailwind|p1a: Corviknight\n|-sidestart|p1: nomadel147|move: Tailwind\n|\n|upkeep\n|turn|6\n|inactive|nomadel147 has 120 seconds left.\n|\n|t:|1770798380\n|switch|p1a: Oricorio|Oricorio, L85, F|266/266\n|switch|p2a: Ursaluna|Ursaluna, L77, F|287/327 brn\n|switch|p2b: Salazzle|Salazzle, L86, F|144/257\n|move|p1b: Amoonguss|Pollen Puff|p2b: Salazzle\n|-resisted|p2b: Salazzle\n|-damage|p2b: Salazzle|125/257\n|\n|-damage|p2a: Ursaluna|267/327 brn|[from] brn\n|upkeep\n|turn|7\n|inactive|nomadel147 has 120 seconds left.\n|inactive|psych1corpsych0tic has 120 seconds left.\n|\n|t:|1770798418\n|switch|p1b: Corviknight|Corviknight, L80, M|56/288\n|move|p1a: Oricorio|Protect|p1a: Oricorio\n|-singleturn|p1a: Oricorio|Protect\n|move|p2b: Salazzle|Fake Out|p1b: Corviknight\n|-resisted|p1b: Corviknight\n|-damage|p1b: Corviknight|45/288\n|move|p2a: Ursaluna|Facade|p1b: Corviknight\n|-resisted|p1b: Corviknight\n|-crit|p1b: Corviknight\n|-damage|p1b: Corviknight|0 fnt\n|faint|p1b: Corviknight\n|\n|-damage|p2a: Ursaluna|247/327 brn|[from] brn\n|upkeep\n|\n|t:|1770798434\n|switch|p1b: Tatsugiri|Tatsugiri, L84, F|108/251 psn\n|turn|8\n|inactive|psych1corpsych0tic has 120 seconds left.\n|\n|t:|1770798461\n|switch|p2b: Keldeo|Keldeo-Resolute, L78|161/270\n|-terastallize|p2a: Ursaluna|Normal\n|move|p1a: Oricorio|Quiver Dance|p1a: Oricorio\n|-boost|p1a: Oricorio|spa|1\n|-boost|p1a: Oricorio|spd|1\n|-boost|p1a: Oricorio|spe|1\n|move|p1b: Tatsugiri|Draco Meteor|p2a: Ursaluna\n|-damage|p2a: Ursaluna|0 fnt\n|-unboost|p1b: Tatsugiri|spa|2\n|faint|p2a: Ursaluna\n|-damage|p1b: Tatsugiri|83/251 psn|[from] item: Life Orb\n|\n|-damage|p1b: Tatsugiri|52/251 psn|[from] psn\n|-sideend|p1: nomadel147|move: Tailwind\n|upkeep\n|inactive|psych1corpsych0tic has 120 seconds left.\n|\n|t:|1770798494\n|switch|p2a: Pyroar|Pyroar, L83, M|278/278\n|-ability|p2a: Pyroar|Unnerve\n|turn|9\n|inactive|nomadel147 has 120 seconds left.\n|\n|t:|1770798526\n|switch|p2b: Salazzle|Salazzle, L86, F|125/257\n|move|p1b: Tatsugiri|Protect|p1b: Tatsugiri\n|-singleturn|p1b: Tatsugiri|Protect\n|move|p1a: Oricorio|Air Slash|p2a: Pyroar\n|-damage|p2a: Pyroar|124/278\n|move|p2a: Pyroar|Fire Blast|p1a: Oricorio|[miss]\n|-miss|p2a: Pyroar|p1a: Oricorio\n|\n|-damage|p1b: Tatsugiri|21/251 psn|[from] psn\n|upkeep\n|turn|10\n|inactive|nomadel147 has 120 seconds left.\n|inactive|psych1corpsych0tic has 120 seconds left.\n|\n|t:|1770798553\n|move|p1a: Oricorio|Protect|p1a: Oricorio\n|-singleturn|p1a: Oricorio|Protect\n|move|p2b: Salazzle|Fake Out|p1a: Oricorio\n|-activate|p1a: Oricorio|move: Protect\n|move|p2a: Pyroar|Hyper Voice|p1b: Tatsugiri|[spread] p1b\n|-activate|p1a: Oricorio|move: Protect\n|-damage|p1b: Tatsugiri|0 fnt\n|faint|p1b: Tatsugiri\n|-damage|p2a: Pyroar|97/278|[from] item: Life Orb\n|\n|upkeep\n|\n|t:|1770798563\n|switch|p1b: Amoonguss|Amoonguss, L86, M|238/238\n|turn|11\n|\n|t:|1770798574\n|move|p1a: Oricorio|Air Slash|p2b: Salazzle\n|-damage|p2b: Salazzle|0 fnt\n|faint|p2b: Salazzle\n|move|p1b: Amoonguss|Knock Off|p2a: Pyroar\n|-damage|p2a: Pyroar|0 fnt\n|-enditem|p2a: Pyroar|Life Orb|[from] move: Knock Off|[of] p1b: Amoonguss\n|faint|p2a: Pyroar\n|-damage|p1b: Amoonguss|215/238|[from] item: Life Orb\n|\n|upkeep\n|inactive|psych1corpsych0tic has 120 seconds left.\n|\n|t:|1770798598\n|switch|p2b: Hoopa|Hoopa-Unbound, L80|163/259\n|switch|p2a: Gengar|Gengar, L84, F|238/238\n|turn|12\n|inactive|nomadel147 has 120 seconds left.\n|inactive|psych1corpsych0tic has 120 seconds left.\n|\n|t:|1770798641\n|move|p1a: Oricorio|Air Slash|p2b: Hoopa\n|-damage|p2b: Hoopa|66/259\n|move|p2a: Gengar|Sludge Bomb|p1a: Oricorio\n|-damage|p1a: Oricorio|133/266\n|-status|p1a: Oricorio|psn\n|move|p1b: Amoonguss|Knock Off|p2b: Hoopa\n|-damage|p2b: Hoopa|0 fnt\n|faint|p2b: Hoopa\n|-damage|p1b: Amoonguss|192/238|[from] item: Life Orb\n|\n|-heal|p1a: Oricorio|149/266 psn|[from] item: Leftovers\n|-damage|p1a: Oricorio|116/266 psn|[from] psn\n|upkeep\n|\n|t:|1770798658\n|switch|p2b: Keldeo|Keldeo-Resolute, L78|161/270\n|turn|13\n|inactive|nomadel147 has 120 seconds left.\n|\n|t:|1770798690\n|move|p2b: Keldeo|Vacuum Wave|p1b: Amoonguss\n|-supereffective|p1b: Amoonguss\n|-damage|p1b: Amoonguss|33/238\n|replace|p1b: Zoroark|Zoroark, L84, M\n|-end|p1b: Zoroark|Illusion\n|-hint|Illusion Level Mod is active, so this Pokémon's true level was hidden.\n|-damage|p2b: Keldeo|134/270|[from] item: Life Orb\n|move|p1a: Oricorio|Air Slash|p2a: Gengar\n|-crit|p2a: Gengar\n|-damage|p2a: Gengar|15/238\n|move|p2a: Gengar|Sludge Bomb|p1a: Oricorio\n|-damage|p1a: Oricorio|0 fnt\n|faint|p1a: Oricorio\n|move|p1b: Zoroark|Knock Off|p2a: Gengar\n|-supereffective|p2a: Gengar\n|-damage|p2a: Gengar|0 fnt\n|-enditem|p2a: Gengar|Choice Specs|[from] move: Knock Off|[of] p1b: Zoroark\n|faint|p2a: Gengar\n|-damage|p1b: Zoroark|10/238|[from] item: Life Orb\n|\n|upkeep\n|\n|t:|1770798705\n|switch|p1a: Amoonguss|Amoonguss, L86, M|336/336\n|turn|14\n|-message|psych1corpsych0tic forfeited.\n|\n|win|nomadel147\n|raw|nomadel147's rating: 1820 &rarr; <strong>1847</strong><br />(+27 for winning)\n|raw|psych1corpsych0tic's rating: 1938 &rarr; <strong>1911</strong><br />(-27 for losing)\n|l|‽psych1corpsych0tic\n|player|p2|\n", "inputlog": ">version ccdc32dd7cde25fd9e4bed64820e885f66e78a4e\n>start {\"formatid\":\"gen9randomdoublesbattle\",\"seed\":\"sodium,db08915e375b1d56b1f7ee8713a25ad1\",\"rated\":\"Rated battle\"}\n>player p1 {\"name\":\"nomadel147\",\"avatar\":\"1\",\"rating\":1820,\"seed\":\"sodium,38f320cec9194805a8a8847b0351564d\"}\n>player p2 {\"name\":\"psych1corpsych0tic\",\"avatar\":\"265\",\"rating\":1938,\"seed\":\"sodium,d4e734c764405c7beaa22738ce98837e\"}\n>p1 move protect, move tailwind\n>p2 switch 4, move protect\n>p1 move shadowball +1 terastallize, switch 3\n>p2 move poisongas, move headlongrush +1\n>p1 move nastyplot, move muddywater\n>p2 switch 6, move protect\n>p1 move shadowball +1, move dracometeor +2\n>p2 move vacuumwave +1, switch 5\n>p1 switch 3, pass\n>p1 move tailwind, switch 5\n>p2 move hydropump +1, move hyperspacefury +1\n>p1 switch 6, move pollenpuff +2\n>p2 switch 5, switch 6\n>p1 move protect, switch 6\n>p2 move facade +2, move fakeout +2\n>p1 pass, switch 5\n>p1 move quiverdance, move dracometeor +1\n>p2 move facade +1 terastallize, switch 5\n>p2 switch 3, pass\n>p1 move airslash +1, move protect\n>p2 move fireblast +1, switch 5\n>p1 move protect, move muddywater\n>p2 move hypervoice, move fakeout +1\n>p1 pass, switch 4\n>p1 move airslash +2, move knockoff +1\n>p2 move hypervoice, move poisongas\n>p2 switch 4, switch 6\n>p1 move airslash +2, move knockoff +2\n>p2 move sludgebomb +1, move psychic +2\n>p2 pass, switch 5\n>p1 move airslash +1, move knockoff +1\n>p2 move sludgebomb +1, move vacuumwave +2\n>p1 switch 6, pass\n>forcelose p2", "uploadtime": 1770798767, "views": 63, "formatid": "gen9randomdoublesbattle", "rating": 1847, "private": 0, "password": null}