{"id": "gen9randomdoublesbattle-2538630995", "format": "[Gen 9] Random Doubles Battle", "players": ["yertopia", "CookieSpark"], "log": "|j|☆yertopia\n|j|☆CookieSpark\n|t:|1770949384\n|gametype|doubles\n|player|p1|yertopia|ethan|1553\n|player|p2|CookieSpark|swimmer|1524\n|gen|9\n|tier|[Gen 9] Random Doubles Battle\n|rated|\n|rule|Species Clause: Limit one of each Pokémon\n|rule|HP Percentage Mod: HP is shown in percentages\n|rule|Illusion Level Mod: Illusion disguises the Pokémon's true level\n|rule|Sleep Clause Mod: Limit one foe put to sleep\n|\n|t:|1770949384\n|teamsize|p1|6\n|teamsize|p2|6\n|start\n|switch|p1a: Blaziken|Blaziken, L79, F|256/256\n|switch|p1b: Magmortar|Magmortar, L84, M|263/263\n|switch|p2a: Espathra|Espathra, L83, M|293/293\n|switch|p2b: Braviary|Braviary-Hisui, L84, M|322/322\n|turn|1\n|\n|t:|1770949411\n|move|p1a: Blaziken|Protect|p1a: Blaziken\n|-singleturn|p1a: Blaziken|Protect\n|move|p2a: Espathra|Lumina Crash|p1b: Magmortar\n|-damage|p1b: Magmortar|149/263\n|-unboost|p1b: Magmortar|spd|2\n|-damage|p2a: Espathra|264/293|[from] item: Life Orb\n|move|p1b: Magmortar|Knock Off|p2a: Espathra\n|-supereffective|p2a: Espathra\n|-damage|p2a: Espathra|72/293\n|-enditem|p2a: Espathra|Life Orb|[from] move: Knock Off|[of] p1b: Magmortar\n|move|p2b: Braviary|Psychic|p1a: Blaziken\n|-activate|p1a: Blaziken|move: Protect\n|\n|-ability|p2a: Espathra|Speed Boost|boost\n|-boost|p2a: Espathra|spe|1\n|-ability|p1a: Blaziken|Speed Boost|boost\n|-boost|p1a: Blaziken|spe|1\n|upkeep\n|turn|2\n|\n|t:|1770949445\n|move|p2a: Espathra|Lumina Crash|p1b: Magmortar\n|-damage|p1b: Magmortar|0 fnt\n|faint|p1b: Magmortar\n|move|p1a: Blaziken|Stone Edge|p2b: Braviary\n|-supereffective|p2b: Braviary\n|-damage|p2b: Braviary|91/322\n|-damage|p1a: Blaziken|231/256|[from] item: Life Orb\n|move|p2b: Braviary|Psychic|p1a: Blaziken\n|-supereffective|p1a: Blaziken\n|-crit|p1a: Blaziken\n|-damage|p1a: Blaziken|0 fnt\n|faint|p1a: Blaziken\n|\n|-ability|p2a: Espathra|Speed Boost|boost\n|-boost|p2a: Espathra|spe|1\n|upkeep\n|\n|t:|1770949486\n|switch|p1b: Zamazenta|Zamazenta, L72|251/251\n|switch|p1a: Azelf|Azelf, L83|260/260\n|-ability|p1b: Zamazenta|Dauntless Shield|boost\n|-boost|p1b: Zamazenta|def|1\n|turn|3\n|\n|t:|1770949514\n|-terastallize|p1b: Zamazenta|Steel\n|move|p2a: Espathra|Lumina Crash|p1b: Zamazenta\n|-resisted|p1b: Zamazenta\n|-damage|p1b: Zamazenta|214/251\n|-unboost|p1b: Zamazenta|spd|2\n|move|p1b: Zamazenta|Crunch|p2b: Braviary\n|-supereffective|p2b: Braviary\n|-damage|p2b: Braviary|0 fnt\n|faint|p2b: Braviary\n|move|p1a: Azelf|U-turn|p2a: Espathra\n|-supereffective|p2a: Espathra\n|-damage|p2a: Espathra|0 fnt\n|faint|p2a: Espathra\n|\n|t:|1770949529\n|switch|p1a: Porygon-Z|Porygon-Z, L84|280/280|[from] U-turn\n|\n|-heal|p1b: Zamazenta|229/251|[from] item: Leftovers\n|upkeep\n|\n|t:|1770949559\n|switch|p2a: Tornadus|Tornadus, L77, M|248/248\n|switch|p2b: Golduck|Golduck, L91, F|293/293\n|-ability|p2b: Golduck|Cloud Nine\n|turn|4\n|\n|t:|1770949578\n|switch|p1b: Azelf|Azelf, L83|260/260\n|move|p2a: Tornadus|Tailwind|p2a: Tornadus\n|-sidestart|p2: CookieSpark|move: Tailwind\n|move|p2b: Golduck|Encore||[still]\n|-fail|p2b: Golduck\n|move|p1a: Porygon-Z|Trick|p2b: Golduck\n|-activate|p1a: Porygon-Z|move: Trick|[of] p2b: Golduck\n|-item|p2b: Golduck|Choice Specs|[from] move: Trick\n|-item|p1a: Porygon-Z|Life Orb|[from] move: Trick\n|\n|upkeep\n|turn|5\n|\n|t:|1770949601\n|move|p2a: Tornadus|Bleakwind Storm|p1a: Porygon-Z|[spread] p1a,p1b\n|-damage|p1a: Porygon-Z|193/280\n|-damage|p1b: Azelf|163/260\n|-unboost|p1a: Porygon-Z|spe|1\n|-unboost|p1b: Azelf|spe|1\n|move|p2b: Golduck|Encore|p1a: Porygon-Z\n|-start|p1a: Porygon-Z|Encore\n|move|p1b: Azelf|Energy Ball|p2b: Golduck\n|-supereffective|p2b: Golduck\n|-damage|p2b: Golduck|63/293\n|-unboost|p2b: Golduck|spd|1\n|move|p1a: Porygon-Z|Trick|p2a: Tornadus\n|-activate|p1a: Porygon-Z|move: Trick|[of] p2a: Tornadus\n|-item|p2a: Tornadus|Life Orb|[from] move: Trick\n|-item|p1a: Porygon-Z|Sitrus Berry|[from] move: Trick\n|\n|upkeep\n|turn|6\n|\n|t:|1770949621\n|switch|p1a: Seviper|Seviper, L96, F|296/296\n|move|p2a: Tornadus|Knock Off|p1b: Azelf\n|-supereffective|p1b: Azelf\n|-damage|p1b: Azelf|0 fnt\n|-enditem|p1b: Azelf|Choice Specs|[from] move: Knock Off|[of] p2a: Tornadus\n|faint|p1b: Azelf\n|-damage|p2a: Tornadus|224/248|[from] item: Life Orb\n|move|p2b: Golduck|Encore||[still]\n|-fail|p2b: Golduck\n|\n|upkeep\n|\n|t:|1770949634\n|switch|p1b: Porygon-Z|Porygon-Z, L84|193/280\n|turn|7\n|\n|t:|1770949647\n|switch|p2b: Excadrill|Excadrill, L82, F|315/315\n|-ability|p2b: Excadrill|Mold Breaker\n|move|p2a: Tornadus|Bleakwind Storm|p1a: Seviper|[spread] p1b\n|-miss|p2a: Tornadus|p1a: Seviper\n|-damage|p1b: Porygon-Z|75/280\n|-enditem|p1b: Porygon-Z|Sitrus Berry|[eat]\n|-heal|p1b: Porygon-Z|145/280|[from] item: Sitrus Berry\n|-damage|p2a: Tornadus|200/248|[from] item: Life Orb\n|move|p1b: Porygon-Z|Tri Attack|p2b: Excadrill\n|-resisted|p2b: Excadrill\n|-damage|p2b: Excadrill|254/315\n|move|p1a: Seviper|Gunk Shot|p2a: Tornadus\n|-damage|p2a: Tornadus|0 fnt\n|faint|p2a: Tornadus\n|-damage|p1a: Seviper|267/296|[from] item: Life Orb\n|\n|-sideend|p2: CookieSpark|move: Tailwind\n|upkeep\n|\n|t:|1770949659\n|switch|p2a: Golduck|Golduck, L91, F|63/293\n|-ability|p2a: Golduck|Cloud Nine\n|turn|8\n|\n|t:|1770949683\n|move|p2a: Golduck|Hydro Pump|p1b: Porygon-Z\n|-damage|p1b: Porygon-Z|0 fnt\n|faint|p1b: Porygon-Z\n|move|p2b: Excadrill|Rock Slide|p1a: Seviper\n|-damage|p1a: Seviper|198/296\n|cant|p1a: Seviper|flinch\n|\n|upkeep\n|\n|t:|1770949691\n|switch|p1b: Zamazenta|Zamazenta, L72, tera:Steel|229/251\n|turn|9\n|\n|t:|1770949708\n|move|p1b: Zamazenta|Iron Defense|p1b: Zamazenta\n|-boost|p1b: Zamazenta|def|2\n|move|p2a: Golduck|Hydro Pump|p1b: Zamazenta\n|-damage|p1b: Zamazenta|31/251\n|move|p2b: Excadrill|High Horsepower|p1a: Seviper\n|-supereffective|p1a: Seviper\n|-damage|p1a: Seviper|0 fnt\n|faint|p1a: Seviper\n|\n|-heal|p1b: Zamazenta|46/251|[from] item: Leftovers\n|upkeep\n|turn|10\n|\n|t:|1770949729\n|move|p1b: Zamazenta|Body Press|p2b: Excadrill\n|-supereffective|p2b: Excadrill\n|-damage|p2b: Excadrill|0 fnt\n|faint|p2b: Excadrill\n|move|p2a: Golduck|Hydro Pump|p1b: Zamazenta\n|-damage|p1b: Zamazenta|0 fnt\n|faint|p1b: Zamazenta\n|\n|win|CookieSpark\n|raw|yertopia's rating: 1553 &rarr; <strong>1531</strong><br />(-22 for losing)\n|raw|CookieSpark's rating: 1524 &rarr; <strong>1546</strong><br />(+22 for winning)\n|c|☆CookieSpark|gg\n|c|☆yertopia|gg\n|l|☆yertopia\n|player|p1|\n", "inputlog": ">version ccdc32dd7cde25fd9e4bed64820e885f66e78a4e\n>start {\"formatid\":\"gen9randomdoublesbattle\",\"seed\":\"sodium,9b07d3017eb7affd62cbcfe4d57f0054\",\"rated\":\"Rated battle\"}\n>player p1 {\"name\":\"yertopia\",\"avatar\":\"ethan\",\"rating\":1553,\"seed\":\"sodium,61ca13b9e0d1ebc88322ec888b67ca58\"}\n>player p2 {\"name\":\"CookieSpark\",\"avatar\":\"swimmer\",\"rating\":1524,\"seed\":\"sodium,b75e0364e6fc8caacc9ea24972374e33\"}\n>p1 move protect, move knockoff +1\n>p2 move luminacrash +2, move psychic +1\n>p1 move stoneedge +2, move knockoff +1\n>p2 move luminacrash +2, move psychic +1\n>p1 switch 5, switch 6\n>p1 move uturn +1, move crunch +2 terastallize\n>p2 move luminacrash +2, move tailwind\n>p1 switch 3, pass\n>p2 switch 3, switch 4\n>p1 move trick +2, switch 3\n>p2 move tailwind, move encore +2\n>p1 move triattack +1, move energyball +2\n>p2 move bleakwindstorm, move encore +1\n>p1 switch 4, move energyball +2\n>p2 move knockoff +2, move encore +2\n>p1 pass, switch 4\n>p1 move gunkshot +1, move triattack +2\n>p2 move bleakwindstorm, switch 5\n>p2 switch 5, pass\n>p1 move flamethrower +2, move triattack +1\n>p2 move hydropump +2, move rockslide\n>p1 pass, switch 3\n>p1 move flamethrower +2, move irondefense\n>p2 move hydropump +2, move highhorsepower +1\n>p1 pass, move bodypress +2\n>p2 move hydropump +2, move highhorsepower +2", "uploadtime": 1770949795, "views": 68, "formatid": "gen9randomdoublesbattle", "rating": 1531, "private": 0, "password": null}