{"id": "gen9randomdoublesbattle-2535342122", "format": "[Gen 9] Random Doubles Battle", "players": ["AquaArsh3546", "BoredPokeRaf"], "log": "|j|☆AquaArsh3546\n|j|☆BoredPokeRaf\n|t:|1770555183\n|gametype|doubles\n|player|p1|AquaArsh3546|dawn|1803\n|player|p2|BoredPokeRaf|zinzolin|2033\n|gen|9\n|tier|[Gen 9] Random Doubles Battle\n|rated|\n|rule|Species Clause: Limit one of each Pokémon\n|rule|HP Percentage Mod: HP is shown in percentages\n|rule|Illusion Level Mod: Illusion disguises the Pokémon's true level\n|rule|Sleep Clause Mod: Limit one foe put to sleep\n|\n|t:|1770555183\n|teamsize|p1|6\n|teamsize|p2|6\n|start\n|switch|p1a: Milotic|Milotic, L81, M|287/287\n|switch|p1b: Vileplume|Vileplume, L89, M|278/278\n|switch|p2a: Conkeldurr|Conkeldurr, L81, F|303/303\n|switch|p2b: Jolteon|Jolteon, L85, F|249/249\n|turn|1\n|inactive|Battle timer is ON: inactive players will automatically lose when time's up. (requested by AquaArsh3546)\n|\n|t:|1770555196\n|switch|p2b: Vileplume|Vileplume, L89, M|278/278\n|move|p1a: Milotic|Protect|p1a: Milotic\n|-singleturn|p1a: Milotic|Protect\n|move|p2a: Conkeldurr|Protect|p2a: Conkeldurr\n|-singleturn|p2a: Conkeldurr|Protect\n|move|p1b: Vileplume|Stun Spore|p2a: Conkeldurr\n|-activate|p2a: Conkeldurr|move: Protect\n|\n|-status|p2a: Conkeldurr|brn|[from] item: Flame Orb\n|upkeep\n|turn|2\n|\n|t:|1770555221\n|move|p1a: Milotic|Icy Wind|p2b: Vileplume|[spread] p2a,p2b\n|-supereffective|p2b: Vileplume\n|-damage|p2a: Conkeldurr|265/303 brn\n|-damage|p2b: Vileplume|224/278\n|-unboost|p2a: Conkeldurr|spe|1\n|-unboost|p2b: Vileplume|spe|1\n|move|p1b: Vileplume|Sludge Bomb|p2a: Conkeldurr\n|-damage|p2a: Conkeldurr|115/303 brn\n|move|p2b: Vileplume|Sludge Bomb|p1a: Milotic\n|-damage|p1a: Milotic|190/287\n|move|p2a: Conkeldurr|Knock Off|p1a: Milotic\n|-damage|p1a: Milotic|45/287\n|-enditem|p1a: Milotic|Sitrus Berry|[from] move: Knock Off|[of] p2a: Conkeldurr\n|\n|-damage|p2a: Conkeldurr|97/303 brn|[from] brn\n|upkeep\n|turn|3\n|\n|t:|1770555245\n|move|p1a: Milotic|Protect|p1a: Milotic\n|-singleturn|p1a: Milotic|Protect\n|move|p2a: Conkeldurr|Mach Punch|p1a: Milotic\n|-activate|p1a: Milotic|move: Protect\n|move|p1b: Vileplume|Sludge Bomb|p2a: Conkeldurr\n|-damage|p2a: Conkeldurr|0 fnt\n|faint|p2a: Conkeldurr\n|move|p2b: Vileplume|Pollen Puff|p2: Conkeldurr|[notarget]\n|-fail|p2b: Vileplume\n|\n|upkeep\n|\n|t:|1770555250\n|switch|p2a: Slaking|Slaking, L89, M|412/412\n|turn|4\n|\n|t:|1770555270\n|switch|p1b: Palossand|Palossand, L90, F|299/299\n|move|p2a: Slaking|Double-Edge|p1b: Palossand\n|-immune|p1b: Palossand\n|move|p1a: Milotic|Recover|p1a: Milotic\n|-heal|p1a: Milotic|189/287\n|move|p2b: Vileplume|Sludge Bomb|p1a: Milotic\n|-damage|p1a: Milotic|101/287\n|\n|upkeep\n|turn|5\n|\n|t:|1770555282\n|switch|p2a: Jolteon|Jolteon, L85, F|249/249\n|move|p1a: Milotic|Recover|p1a: Milotic\n|-heal|p1a: Milotic|245/287\n|move|p1b: Palossand|Stealth Rock|p2b: Vileplume\n|-sidestart|p2: BoredPokeRaf|move: Stealth Rock\n|move|p2b: Vileplume|Stun Spore|p1b: Palossand\n|-status|p1b: Palossand|par\n|\n|upkeep\n|turn|6\n|\n|t:|1770555300\n|move|p2a: Jolteon|Protect|p2a: Jolteon\n|-singleturn|p2a: Jolteon|Protect\n|move|p1a: Milotic|Protect|p1a: Milotic\n|-singleturn|p1a: Milotic|Protect\n|move|p2b: Vileplume|Stun Spore|p1a: Milotic\n|-activate|p1a: Milotic|move: Protect\n|cant|p1b: Palossand|par\n|\n|upkeep\n|turn|7\n|\n|t:|1770555322\n|move|p2a: Jolteon|Alluring Voice|p1b: Palossand\n|-damage|p1b: Palossand|213/299 par\n|-damage|p2a: Jolteon|225/249|[from] item: Life Orb\n|move|p1a: Milotic|Icy Wind|p2a: Jolteon|[spread] p2a,p2b\n|-supereffective|p2b: Vileplume\n|-damage|p2a: Jolteon|198/249\n|-damage|p2b: Vileplume|172/278\n|-unboost|p2a: Jolteon|spe|1\n|-unboost|p2b: Vileplume|spe|1\n|move|p2b: Vileplume|Pollen Puff|p1b: Palossand\n|-resisted|p1b: Palossand\n|-damage|p1b: Palossand|175/299 par\n|cant|p1b: Palossand|par\n|\n|upkeep\n|turn|8\n|-message|BoredPokeRaf forfeited.\n|\n|win|AquaArsh3546\n|raw|AquaArsh3546's rating: 1803 &rarr; <strong>1835</strong><br />(+32 for winning)\n|raw|BoredPokeRaf's rating: 2033 &rarr; <strong>2001</strong><br />(-32 for losing)\n|l|☆BoredPokeRaf\n|player|p2|\n|l|☆AquaArsh3546\n|player|p1|\n|j|☆AquaArsh3546\n|player|p1|AquaArsh3546|dawn|\n", "inputlog": ">version ccdc32dd7cde25fd9e4bed64820e885f66e78a4e\n>start {\"formatid\":\"gen9randomdoublesbattle\",\"seed\":\"sodium,f662896a7c024b38d3464df26f5626a0\",\"rated\":\"Rated battle\"}\n>player p1 {\"name\":\"AquaArsh3546\",\"avatar\":\"dawn\",\"rating\":1803,\"seed\":\"sodium,a76fd513bf52aec51803af82048cc502\"}\n>player p2 {\"name\":\"BoredPokeRaf\",\"avatar\":\"zinzolin\",\"rating\":2033,\"seed\":\"sodium,799bae07f8821e9bda7d520d693d8d2b\"}\n>p1 move protect, move stunspore +1\n>p2 move protect, switch 4\n>p1 move icywind, move sludgebomb +1\n>p2 move knockoff +1, move sludgebomb +1\n>p1 move protect, move sludgebomb +1\n>p2 move machpunch +1, move pollenpuff -1\n>p2 switch 6, pass\n>p1 move recover, switch 5\n>p2 move doubleedge +2, move sludgebomb +1\n>p1 move recover, move stealthrock\n>p2 switch 4, move stunspore +2\n>p1 move protect, move earthpower +1\n>p2 move protect, move stunspore +1\n>p1 move icywind, move earthpower +1\n>p2 move alluringvoice +2, move pollenpuff +2\n>forcelose p2", "uploadtime": 1770555446, "views": 90, "formatid": "gen9randomdoublesbattle", "rating": 1835, "private": 0, "password": null}