{"id": "gen9randomdoublesbattle-2536089545", "format": "[Gen 9] Random Doubles Battle", "players": ["Jenome", "Filler15"], "log": "|j|☆Jenome\n|j|☆Filler15\n|t:|1770653267\n|gametype|doubles\n|player|p1|Jenome|gentleman-gen4|1676\n|player|p2|Filler15|101|1681\n|gen|9\n|tier|[Gen 9] Random Doubles Battle\n|rated|\n|rule|Species Clause: Limit one of each Pokémon\n|rule|HP Percentage Mod: HP is shown in percentages\n|rule|Illusion Level Mod: Illusion disguises the Pokémon's true level\n|rule|Sleep Clause Mod: Limit one foe put to sleep\n|\n|t:|1770653267\n|teamsize|p1|6\n|teamsize|p2|6\n|start\n|switch|p1a: Chien-Pao|Chien-Pao, L75|244/244\n|switch|p1b: Oinkologne|Oinkologne-F, L92, F|361/361\n|switch|p2a: Haxorus|Haxorus, L84, F|265/265\n|switch|p2b: Noivern|Noivern, L84, M|280/280\n|-ability|p2a: Haxorus|Unnerve\n|-item|p1a: Chien-Pao|Life Orb|[from] ability: Frisk|[of] p2b: Noivern\n|-item|p1b: Oinkologne|Choice Band|[from] ability: Frisk|[of] p2b: Noivern\n|-ability|p1a: Chien-Pao|Sword of Ruin\n|turn|1\n|inactive|Battle timer is ON: inactive players will automatically lose when time's up. (requested by Jenome)\n|\n|t:|1770653284\n|move|p2a: Haxorus|First Impression|p1a: Chien-Pao\n|-supereffective|p1a: Chien-Pao\n|-damage|p1a: Chien-Pao|0 fnt\n|faint|p1a: Chien-Pao\n|-damage|p2a: Haxorus|239/265|[from] item: Life Orb\n|move|p2b: Noivern|Tailwind|p2b: Noivern\n|-sidestart|p2: Filler15|move: Tailwind\n|move|p1b: Oinkologne|Play Rough|p2a: Haxorus\n|-supereffective|p2a: Haxorus\n|-damage|p2a: Haxorus|43/265\n|\n|upkeep\n|\n|t:|1770653292\n|switch|p1a: Minun|Minun, L91, F|257/257\n|turn|2\n|\n|t:|1770653303\n|move|p2b: Noivern|Draco Meteor|p1b: Oinkologne\n|-damage|p1b: Oinkologne|237/361\n|-unboost|p2b: Noivern|spa|2\n|move|p2a: Haxorus|Dragon Claw|p1a: Minun\n|-damage|p1a: Minun|39/257\n|-damage|p2a: Haxorus|17/265|[from] item: Life Orb\n|move|p1a: Minun|Nuzzle|p2b: Noivern\n|-crit|p2b: Noivern\n|-damage|p2b: Noivern|258/280\n|-status|p2b: Noivern|par\n|move|p1b: Oinkologne|Play Rough|p2a: Haxorus\n|-supereffective|p2a: Haxorus\n|-damage|p2a: Haxorus|0 fnt\n|-enditem|p1a: Minun|Sitrus Berry|[eat]\n|-heal|p1a: Minun|103/257|[from] item: Sitrus Berry\n|faint|p2a: Haxorus\n|\n|upkeep\n|\n|t:|1770653312\n|switch|p2a: Meganium|Meganium, L91, F|293/293\n|turn|3\n|\n|t:|1770653318\n|move|p2a: Meganium|Leech Seed|p1b: Oinkologne\n|-start|p1b: Oinkologne|move: Leech Seed\n|cant|p2b: Noivern|par\n|move|p1a: Minun|Nuzzle|p2a: Meganium\n|-resisted|p2a: Meganium\n|-crit|p2a: Meganium\n|-damage|p2a: Meganium|283/293\n|-status|p2a: Meganium|par\n|move|p1b: Oinkologne|Play Rough|p2b: Noivern|[miss]\n|-miss|p1b: Oinkologne|p2b: Noivern\n|\n|-damage|p1b: Oinkologne|192/361|[from] Leech Seed|[of] p2a: Meganium\n|-heal|p2a: Meganium|293/293 par|[silent]\n|upkeep\n|turn|4\n|\n|t:|1770653331\n|move|p2b: Noivern|Draco Meteor|p1a: Minun\n|-damage|p1a: Minun|40/257\n|-unboost|p2b: Noivern|spa|2\n|move|p1a: Minun|Super Fang|p2a: Meganium\n|-damage|p2a: Meganium|147/293 par\n|move|p2a: Meganium|Knock Off|p1b: Oinkologne\n|-damage|p1b: Oinkologne|115/361\n|-enditem|p1b: Oinkologne|Choice Band|[from] move: Knock Off|[of] p2a: Meganium\n|move|p1b: Oinkologne|Play Rough|p2b: Noivern\n|-supereffective|p2b: Noivern\n|-damage|p2b: Noivern|94/280 par\n|-enditem|p2b: Noivern|Sitrus Berry|[eat]\n|-heal|p2b: Noivern|164/280 par|[from] item: Sitrus Berry\n|\n|-damage|p1b: Oinkologne|70/361|[from] Leech Seed|[of] p2a: Meganium\n|-heal|p2a: Meganium|192/293 par|[silent]\n|-sideend|p2: Filler15|move: Tailwind\n|upkeep\n|turn|5\n|\n|t:|1770653350\n|move|p1a: Minun|Super Fang|p2a: Meganium\n|-damage|p2a: Meganium|96/293 par\n|-enditem|p2a: Meganium|Sitrus Berry|[eat]\n|-heal|p2a: Meganium|169/293 par|[from] item: Sitrus Berry\n|move|p1b: Oinkologne|Play Rough|p2b: Noivern\n|-supereffective|p2b: Noivern\n|-damage|p2b: Noivern|6/280 par\n|move|p2b: Noivern|Draco Meteor|p1a: Minun\n|-damage|p1a: Minun|0 fnt\n|-unboost|p2b: Noivern|spa|2\n|faint|p1a: Minun\n|move|p2a: Meganium|Energy Ball|p1b: Oinkologne\n|-damage|p1b: Oinkologne|0 fnt\n|faint|p1b: Oinkologne\n|\n|upkeep\n|\n|t:|1770653358\n|switch|p1a: Porygon-Z|Porygon-Z, L84|280/280\n|switch|p1b: Typhlosion|Typhlosion, L79, M|253/253\n|turn|6\n|\n|t:|1770653382\n|-terastallize|p2a: Meganium|Water\n|move|p1b: Typhlosion|Eruption|p2a: Meganium|[spread] p2a,p2b\n|-resisted|p2a: Meganium\n|-resisted|p2b: Noivern\n|-crit|p2b: Noivern\n|-damage|p2a: Meganium|97/293 par\n|-damage|p2b: Noivern|0 fnt\n|faint|p2b: Noivern\n|move|p1a: Porygon-Z|Nasty Plot|p1a: Porygon-Z\n|-boost|p1a: Porygon-Z|spa|2\n|cant|p2a: Meganium|par\n|\n|upkeep\n|\n|t:|1770653394\n|switch|p2b: Grafaiai|Grafaiai, L88, F|254/254\n|turn|7\n|\n|t:|1770653409\n|move|p2b: Grafaiai|Knock Off|p1b: Typhlosion\n|-damage|p1b: Typhlosion|172/253\n|-enditem|p1b: Typhlosion|Choice Specs|[from] move: Knock Off|[of] p2b: Grafaiai\n|move|p1b: Typhlosion|Eruption|p2b: Grafaiai|[spread] p2a,p2b\n|-resisted|p2a: Meganium\n|-damage|p2a: Meganium|67/293 par\n|-damage|p2b: Grafaiai|169/254\n|move|p1a: Porygon-Z|Tera Blast|p2b: Grafaiai\n|-damage|p2b: Grafaiai|0 fnt\n|faint|p2b: Grafaiai\n|-damage|p1a: Porygon-Z|252/280|[from] item: Life Orb\n|cant|p2a: Meganium|par\n|\n|upkeep\n|\n|t:|1770653424\n|switch|p2b: Araquanid|Araquanid, L84, M|251/251\n|turn|8\n|\n|t:|1770653443\n|move|p1b: Typhlosion|Heat Wave|p2a: Meganium|[spread] p2a,p2b\n|-resisted|p2a: Meganium\n|-damage|p2a: Meganium|34/293 par\n|-damage|p2b: Araquanid|226/251\n|move|p1a: Porygon-Z|Tera Blast|p2b: Araquanid\n|-crit|p2b: Araquanid\n|-damage|p2b: Araquanid|0 fnt\n|faint|p2b: Araquanid\n|-damage|p1a: Porygon-Z|224/280|[from] item: Life Orb\n|move|p2a: Meganium|Knock Off|p1a: Porygon-Z\n|-damage|p1a: Porygon-Z|147/280\n|-enditem|p1a: Porygon-Z|Life Orb|[from] move: Knock Off|[of] p2a: Meganium\n|\n|upkeep\n|\n|t:|1770653449\n|switch|p2b: Delibird|Delibird, M|252/252\n|turn|9\n|\n|t:|1770653460\n|move|p2b: Delibird|Fake Out|p1b: Typhlosion\n|-damage|p1b: Typhlosion|139/253\n|cant|p1b: Typhlosion|flinch\n|move|p1a: Porygon-Z|Tera Blast|p2b: Delibird\n|-damage|p2b: Delibird|0 fnt\n|faint|p2b: Delibird\n|move|p2a: Meganium|Energy Ball|p1a: Porygon-Z\n|-damage|p1a: Porygon-Z|0 fnt\n|faint|p1a: Porygon-Z\n|\n|upkeep\n|\n|t:|1770653463\n|switch|p1a: Mismagius|Mismagius, L88, M|249/249\n|turn|10\n|\n|t:|1770653467\n|move|p1a: Mismagius|Thunderbolt|p2a: Meganium\n|-supereffective|p2a: Meganium\n|-damage|p2a: Meganium|0 fnt\n|faint|p2a: Meganium\n|-damage|p1a: Mismagius|225/249|[from] item: Life Orb\n|\n|win|Jenome\n|raw|Jenome's rating: 1676 &rarr; <strong>1696</strong><br />(+20 for winning)\n|raw|Filler15's rating: 1681 &rarr; <strong>1661</strong><br />(-20 for losing)\n|l|☆Filler15\n|player|p2|\n", "inputlog": ">version ccdc32dd7cde25fd9e4bed64820e885f66e78a4e\n>start {\"formatid\":\"gen9randomdoublesbattle\",\"seed\":\"sodium,b5908c6fc4feee6503ecd82e89db8819\",\"rated\":\"Rated battle\"}\n>player p1 {\"name\":\"Jenome\",\"avatar\":\"gentleman-gen4\",\"rating\":1676,\"seed\":\"sodium,aed3356a1d01ca9cc0f2a703a44c57ea\"}\n>player p2 {\"name\":\"Filler15\",\"avatar\":\"101\",\"rating\":1681,\"seed\":\"sodium,a3990fdc951e83715de98acb483c616c\"}\n>p1 move iciclecrash +2, move playrough +1\n>p2 move firstimpression +1, move tailwind\n>p1 switch 6, pass\n>p1 move nuzzle +2, move playrough +1\n>p2 move dragonclaw +1, move dracometeor +2\n>p2 switch 3, pass\n>p1 move nuzzle +1, move playrough +2\n>p2 move leechseed +2, move dracometeor +1\n>p1 move superfang +1, move playrough +2\n>p2 move knockoff +2, move dracometeor +1\n>p1 move superfang +1, move playrough +2\n>p2 move energyball +2, move dracometeor +1\n>p1 switch 3, switch 4\n>p1 move nastyplot, move eruption\n>p2 move knockoff +2 terastallize, move tailwind\n>p2 pass, switch 4\n>p1 move terablast +2, move eruption\n>p2 move knockoff +1, move knockoff +2\n>p2 pass, switch 5\n>p1 move terablast +2, move heatwave\n>p2 move knockoff +1, move liquidation +2\n>p2 pass, switch 6\n>p1 move terablast +2, move heatwave\n>p2 move energyball +1, move fakeout +2\n>p1 switch 5, pass\n>p1 move thunderbolt +1, move heatwave\n>p2 move knockoff +1, pass", "uploadtime": 1770653469, "views": 71, "formatid": "gen9randomdoublesbattle", "rating": 1661, "private": 0, "password": null}