{"id": "gen9randomdoublesbattle-2538020530", "format": "[Gen 9] Random Doubles Battle", "players": ["nabin dai", "baseballlover"], "log": "|j|☆nabin dai\n|j|☆baseballlover\n|t:|1770879068\n|gametype|doubles\n|player|p1|nabin dai|170|1661\n|player|p2|baseballlover|102|1645\n|gen|9\n|tier|[Gen 9] Random Doubles Battle\n|rated|\n|rule|Species Clause: Limit one of each Pokémon\n|rule|HP Percentage Mod: HP is shown in percentages\n|rule|Illusion Level Mod: Illusion disguises the Pokémon's true level\n|rule|Sleep Clause Mod: Limit one foe put to sleep\n|\n|t:|1770879068\n|teamsize|p1|6\n|teamsize|p2|6\n|start\n|switch|p1a: Donphan|Donphan, L87, F|298/298\n|switch|p1b: Groudon|Groudon, L69|252/252\n|switch|p2a: Quagsire|Quagsire, L91, F|321/321\n|switch|p2b: Delphox|Delphox, L83, M|260/260\n|-weather|SunnyDay|[from] ability: Drought|[of] p1b: Groudon\n|turn|1\n|inactive|Battle timer is ON: inactive players will automatically lose when time's up. (requested by baseballlover)\n|\n|t:|1770879094\n|switch|p1b: Hitmontop|Hitmontop, L88, M|231/231\n|-ability|p1b: Hitmontop|Intimidate|boost\n|-unboost|p2a: Quagsire|atk|1\n|-unboost|p2b: Delphox|atk|1\n|-terastallize|p1a: Donphan|Water\n|move|p2b: Delphox|Psychic|p1b: Hitmontop\n|-supereffective|p1b: Hitmontop\n|-crit|p1b: Hitmontop\n|-damage|p1b: Hitmontop|0 fnt\n|faint|p1b: Hitmontop\n|-damage|p2b: Delphox|234/260|[from] item: Life Orb\n|move|p1a: Donphan|High Horsepower|p2b: Delphox\n|-supereffective|p2b: Delphox\n|-damage|p2b: Delphox|0 fnt\n|faint|p2b: Delphox\n|move|p2a: Quagsire|Liquidation|p1a: Donphan\n|-resisted|p1a: Donphan\n|-damage|p1a: Donphan|285/298\n|-unboost|p1a: Donphan|def|1\n|\n|-weather|SunnyDay|[upkeep]\n|upkeep\n|\n|t:|1770879120\n|switch|p2b: Oranguru|Oranguru, L90, F|308/308\n|switch|p1b: Spidops|Spidops, F|282/282\n|turn|2\n|\n|t:|1770879136\n|switch|p2a: Probopass|Probopass, L90, M|254/254\n|move|p1a: Donphan|High Horsepower|p2a: Probopass\n|-supereffective|p2a: Probopass\n|-damage|p2a: Probopass|0 fnt\n|faint|p2a: Probopass\n|move|p1b: Spidops|Lunge|p2b: Oranguru\n|-supereffective|p2b: Oranguru\n|-damage|p2b: Oranguru|98/308\n|-unboost|p2b: Oranguru|atk|1\n|-enditem|p2b: Oranguru|Sitrus Berry|[eat]\n|-heal|p2b: Oranguru|175/308|[from] item: Sitrus Berry\n|move|p2b: Oranguru|Trick Room|p2b: Oranguru\n|-fieldstart|move: Trick Room|[of] p2b: Oranguru\n|\n|-weather|SunnyDay|[upkeep]\n|upkeep\n|\n|t:|1770879149\n|switch|p2a: Quagsire|Quagsire, L91, F|321/321\n|turn|3\n|\n|t:|1770879162\n|switch|p1a: Oranguru|Oranguru, L90, F|308/308\n|move|p2b: Oranguru|Hyper Voice|p1b: Spidops|[spread] p1a,p1b\n|-damage|p1a: Oranguru|245/308\n|-damage|p1b: Spidops|210/282\n|move|p2a: Quagsire|High Horsepower|p1a: Oranguru\n|-damage|p1a: Oranguru|140/308\n|-enditem|p1a: Oranguru|Sitrus Berry|[eat]\n|-heal|p1a: Oranguru|217/308|[from] item: Sitrus Berry\n|move|p1b: Spidops|Lunge|p2a: Quagsire\n|-damage|p2a: Quagsire|225/321\n|-unboost|p2a: Quagsire|atk|1\n|\n|-weather|SunnyDay|[upkeep]\n|-heal|p2a: Quagsire|245/321|[from] item: Leftovers\n|upkeep\n|turn|4\n|\n|t:|1770879184\n|move|p2b: Oranguru|Hyper Voice|p1a: Oranguru|[spread] p1a,p1b\n|-damage|p1a: Oranguru|157/308\n|-damage|p1b: Spidops|143/282\n|move|p1a: Oranguru|Hyper Voice|p2a: Quagsire|[spread] p2a,p2b\n|-damage|p2a: Quagsire|163/321\n|-damage|p2b: Oranguru|109/308\n|move|p2a: Quagsire|High Horsepower|p1a: Oranguru\n|-damage|p1a: Oranguru|85/308\n|move|p1b: Spidops|Lunge|p2a: Quagsire\n|-damage|p2a: Quagsire|61/321\n|-unboost|p2a: Quagsire|atk|1\n|\n|-weather|SunnyDay|[upkeep]\n|-heal|p2a: Quagsire|81/321|[from] item: Leftovers\n|upkeep\n|turn|5\n|\n|t:|1770879202\n|move|p2b: Oranguru|Hyper Voice|p1b: Spidops|[spread] p1a,p1b\n|-damage|p1a: Oranguru|28/308\n|-damage|p1b: Spidops|82/282\n|-enditem|p1b: Spidops|Sitrus Berry|[eat]\n|-heal|p1b: Spidops|152/282|[from] item: Sitrus Berry\n|move|p1a: Oranguru|Hyper Voice|p2a: Quagsire|[spread] p2a,p2b\n|-damage|p2a: Quagsire|0 fnt\n|-damage|p2b: Oranguru|45/308\n|faint|p2a: Quagsire\n|move|p1b: Spidops|Lunge|p2b: Oranguru\n|-supereffective|p2b: Oranguru\n|-crit|p2b: Oranguru\n|-damage|p2b: Oranguru|0 fnt\n|faint|p2b: Oranguru\n|\n|-weather|none\n|upkeep\n|\n|t:|1770879221\n|switch|p2b: Ditto|Ditto, L97|250/250\n|switch|p2a: Pecharunt|Pecharunt, L78|265/265\n|-transform|p2b: Ditto|p1a: Oranguru|[from] ability: Imposter\n|turn|6\n|\n|t:|1770879242\n|move|p1a: Oranguru|Psychic|p2a: Pecharunt\n|-supereffective|p2a: Pecharunt\n|-damage|p2a: Pecharunt|35/265\n|move|p2b: Ditto|Hyper Voice|p1a: Oranguru|[spread] p1a,p1b\n|-damage|p1a: Oranguru|0 fnt\n|-damage|p1b: Spidops|88/282\n|faint|p1a: Oranguru\n|move|p1b: Spidops|String Shot|p2b: Ditto|[spread] p2a,p2b\n|-unboost|p2a: Pecharunt|spe|2\n|-unboost|p2b: Ditto|spe|2\n|move|p2a: Pecharunt|Nasty Plot|p2a: Pecharunt\n|-boost|p2a: Pecharunt|spa|2\n|\n|-fieldend|move: Trick Room\n|upkeep\n|inactive|nabin dai has 120 seconds left.\n|\n|t:|1770879259\n|switch|p1a: Donphan|Donphan, L87, F, tera:Water|285/298\n|turn|7\n|\n|t:|1770879271\n|move|p1a: Donphan|Ice Shard|p2a: Pecharunt\n|-damage|p2a: Pecharunt|10/265\n|move|p1b: Spidops|Lunge|p2b: Ditto\n|-supereffective|p2b: Ditto\n|-damage|p2b: Ditto|50/250\n|-unboost|p2b: Ditto|atk|1\n|-enditem|p2b: Ditto|Sitrus Berry|[eat]\n|-heal|p2b: Ditto|112/250|[from] item: Sitrus Berry\n|move|p2a: Pecharunt|Malignant Chain|p1a: Donphan\n|-damage|p1a: Donphan|100/298\n|-status|p1a: Donphan|tox\n|-start|p1a: Donphan|confusion|[from] ability: Poison Puppeteer|[of] p2a: Pecharunt\n|-damage|p2a: Pecharunt|0 fnt|[from] item: Life Orb\n|faint|p2a: Pecharunt\n|move|p2b: Ditto|Trick Room|p2b: Ditto\n|-fieldstart|move: Trick Room|[of] p2b: Ditto\n|\n|-damage|p1a: Donphan|82/298 tox|[from] psn\n|upkeep\n|turn|8\n|\n|t:|1770879294\n|-activate|p1a: Donphan|confusion\n|-damage|p1a: Donphan|56/298 tox|[from] confusion\n|move|p2b: Ditto|Hyper Voice|p1a: Donphan|[spread] p1a,p1b\n|-damage|p1a: Donphan|0 fnt\n|-damage|p1b: Spidops|15/282\n|faint|p1a: Donphan\n|move|p1b: Spidops|Lunge|p2b: Ditto\n|-supereffective|p2b: Ditto\n|-damage|p2b: Ditto|0 fnt\n|faint|p2b: Ditto\n|\n|win|nabin dai\n|raw|nabin dai's rating: 1661 &rarr; <strong>1680</strong><br />(+19 for winning)\n|raw|baseballlover's rating: 1645 &rarr; <strong>1626</strong><br />(-19 for losing)\n", "inputlog": ">version ccdc32dd7cde25fd9e4bed64820e885f66e78a4e\n>start {\"formatid\":\"gen9randomdoublesbattle\",\"seed\":\"sodium,99b94ee1796198109e72ed95e1c03914\",\"rated\":\"Rated battle\"}\n>player p1 {\"name\":\"nabin dai\",\"avatar\":\"170\",\"rating\":1661,\"seed\":\"sodium,c7faded1e869262d4b9ba7573db5b81a\"}\n>player p2 {\"name\":\"baseballlover\",\"avatar\":\"102\",\"rating\":1645,\"seed\":\"sodium,2ef3bb35291bc30f3c48bf65f012e500\"}\n>p1 move highhorsepower +2 terastallize, switch 5\n>p2 move liquidation +2, move psychic +2\n>p1 pass, switch 4\n>p2 pass, switch 6\n>p1 move highhorsepower +1, move lunge +2\n>p2 switch 4, move trickroom\n>p2 switch 4, pass\n>p1 switch 6, move lunge +1\n>p2 move highhorsepower +1, move hypervoice\n>p1 move hypervoice, move lunge +1\n>p2 move highhorsepower +1, move hypervoice\n>p1 move hypervoice, move lunge +1\n>p2 move recover, move hypervoice\n>p2 switch 3, switch 5\n>p1 move psychic +1, move stringshot\n>p2 move nastyplot, move hypervoice\n>p1 switch 6, pass\n>p1 move iceshard +1, move lunge +2\n>p2 move malignantchain +1, move trickroom\n>p1 move iceshard +2, move lunge +2\n>p2 pass, move hypervoice", "uploadtime": 1770879294, "views": 71, "formatid": "gen9randomdoublesbattle", "rating": 1626, "private": 0, "password": null}