{"id": "gen9randomdoublesbattle-2535056436", "format": "[Gen 9] Random Doubles Battle", "players": ["caoscontrol", "meowmeowbockbock"], "log": "|j|☆caoscontrol\n|j|☆meowmeowbockbock\n|t:|1770508232\n|gametype|doubles\n|player|p1|caoscontrol|1|1665\n|player|p2|meowmeowbockbock|firebreather|1828\n|gen|9\n|tier|[Gen 9] Random Doubles Battle\n|rated|\n|rule|Species Clause: Limit one of each Pokémon\n|rule|HP Percentage Mod: HP is shown in percentages\n|rule|Illusion Level Mod: Illusion disguises the Pokémon's true level\n|rule|Sleep Clause Mod: Limit one foe put to sleep\n|\n|t:|1770508232\n|teamsize|p1|6\n|teamsize|p2|6\n|start\n|switch|p1a: Smeargle|Smeargle, F|272/272\n|switch|p1b: Illumise|Illumise, L83, F|244/244\n|switch|p2a: Clodsire|Clodsire, L87, M|368/368\n|switch|p2b: Hitmonlee|Hitmonlee, L86, M|226/226\n|turn|1\n|inactive|Battle timer is ON: inactive players will automatically lose when time's up. (requested by caoscontrol)\n|\n|t:|1770508258\n|switch|p2b: Golurk|Golurk, L86|293/293\n|-terastallize|p1a: Smeargle|Ghost\n|move|p1b: Illumise|Thunder Wave|p2b: Golurk\n|-immune|p2b: Golurk\n|move|p1a: Smeargle|No Retreat|p1a: Smeargle\n|-boost|p1a: Smeargle|atk|1\n|-boost|p1a: Smeargle|def|1\n|-boost|p1a: Smeargle|spa|1\n|-boost|p1a: Smeargle|spd|1\n|-boost|p1a: Smeargle|spe|1\n|-start|p1a: Smeargle|move: No Retreat\n|move|p2a: Clodsire|High Horsepower|p1a: Smeargle\n|-damage|p1a: Smeargle|128/272\n|\n|upkeep\n|turn|2\n|inactive|caoscontrol has 120 seconds left.\n|inactive|meowmeowbockbock has 120 seconds left.\n|\n|t:|1770508316\n|switch|p1b: Iron Bundle|Iron Bundle, L78|215/215\n|-enditem|p1b: Iron Bundle|Booster Energy\n|-activate|p1b: Iron Bundle|ability: Quark Drive|[fromitem]\n|-start|p1b: Iron Bundle|quarkdrivespe\n|move|p1a: Smeargle|Baton Pass|p1a: Smeargle\n|\n|t:|1770508323\n|switch|p1a: Mamoswine|Mamoswine, L82, F|315/315|[from] Baton Pass\n|move|p2b: Golurk|Poltergeist|p1a: Mamoswine\n|-activate|p1a: Mamoswine|move: Poltergeist|Life Orb\n|-damage|p1a: Mamoswine|212/315\n|move|p2a: Clodsire|High Horsepower|p1a: Mamoswine\n|-damage|p1a: Mamoswine|112/315\n|\n|upkeep\n|turn|3\n|inactive|caoscontrol has 120 seconds left.\n|inactive|meowmeowbockbock has 120 seconds left.\n|inactive|meowmeowbockbock has 90 seconds left.\n|\n|t:|1770508376\n|move|p1b: Iron Bundle|Hydro Pump|p2b: Golurk\n|-supereffective|p2b: Golurk\n|-damage|p2b: Golurk|113/293\n|move|p1a: Mamoswine|Icicle Crash|p2a: Clodsire\n|-supereffective|p2a: Clodsire\n|-damage|p2a: Clodsire|14/368\n|-damage|p1a: Mamoswine|81/315|[from] item: Life Orb\n|move|p2b: Golurk|Dynamic Punch|p1a: Mamoswine\n|-supereffective|p1a: Mamoswine\n|-damage|p1a: Mamoswine|0 fnt\n|faint|p1a: Mamoswine\n|cant|p2a: Clodsire|flinch\n|\n|-heal|p2a: Clodsire|37/368|[from] item: Leftovers\n|upkeep\n|\n|t:|1770508396\n|switch|p1a: Smeargle|Smeargle, F, tera:Ghost|128/272\n|turn|4\n|\n|t:|1770508411\n|move|p1b: Iron Bundle|Hydro Pump|p2b: Golurk\n|-supereffective|p2b: Golurk\n|-damage|p2b: Golurk|0 fnt\n|faint|p2b: Golurk\n|move|p1a: Smeargle|No Retreat|p1a: Smeargle\n|-boost|p1a: Smeargle|atk|1\n|-boost|p1a: Smeargle|def|1\n|-boost|p1a: Smeargle|spa|1\n|-boost|p1a: Smeargle|spd|1\n|-boost|p1a: Smeargle|spe|1\n|-start|p1a: Smeargle|move: No Retreat\n|move|p2a: Clodsire|Recover|p2a: Clodsire\n|-heal|p2a: Clodsire|221/368\n|\n|-heal|p2a: Clodsire|244/368|[from] item: Leftovers\n|upkeep\n|\n|t:|1770508423\n|switch|p2b: Chimecho|Chimecho, L94, F|293/293\n|turn|5\n|\n|t:|1770508435\n|move|p1b: Iron Bundle|Freeze-Dry|p2b: Chimecho\n|-damage|p2b: Chimecho|224/293\n|move|p1a: Smeargle|Population Bomb|p2a: Clodsire\n|-damage|p2a: Clodsire|222/368\n|-damage|p2a: Clodsire|198/368\n|-damage|p2a: Clodsire|174/368\n|-damage|p2a: Clodsire|152/368\n|-hitcount|p2a: Clodsire|4\n|move|p2b: Chimecho|Thunder Wave|p1b: Iron Bundle\n|-status|p1b: Iron Bundle|par\n|move|p2a: Clodsire|Gunk Shot|p1a: Smeargle\n|-resisted|p1a: Smeargle\n|-damage|p1a: Smeargle|46/272\n|\n|-heal|p2a: Clodsire|175/368|[from] item: Leftovers\n|upkeep\n|turn|6\n|inactive|meowmeowbockbock has 120 seconds left.\n|\n|t:|1770508457\n|move|p1a: Smeargle|Baton Pass|p1a: Smeargle\n|\n|t:|1770508460\n|switch|p1a: Zekrom|Zekrom, L74|270/270|[from] Baton Pass\n|-ability|p1a: Zekrom|Teravolt\n|move|p1b: Iron Bundle|Freeze-Dry|p2a: Clodsire\n|-supereffective|p2a: Clodsire\n|-damage|p2a: Clodsire|29/368\n|move|p2b: Chimecho|Thunder Wave|p1a: Zekrom\n|-immune|p1a: Zekrom\n|move|p2a: Clodsire|Recover|p2a: Clodsire\n|-heal|p2a: Clodsire|213/368\n|\n|-heal|p2a: Clodsire|236/368|[from] item: Leftovers\n|upkeep\n|turn|7\n|inactive|meowmeowbockbock has 120 seconds left.\n|\n|t:|1770508486\n|move|p1a: Zekrom|Dragon Claw|p2a: Clodsire\n|-damage|p2a: Clodsire|67/368\n|move|p1b: Iron Bundle|Icy Wind|p2a: Clodsire|[spread] p2a,p2b\n|-supereffective|p2a: Clodsire\n|-damage|p2a: Clodsire|0 fnt\n|-damage|p2b: Chimecho|185/293\n|-unboost|p2b: Chimecho|spe|1\n|faint|p2a: Clodsire\n|move|p2b: Chimecho|Psychic|p1a: Zekrom\n|-damage|p1a: Zekrom|189/270\n|\n|upkeep\n|inactive|meowmeowbockbock has 120 seconds left.\n|\n|t:|1770508498\n|switch|p2a: Ampharos|Ampharos, L86, F|295/295\n|turn|8\n|\n|t:|1770508511\n|move|p1a: Zekrom|Dragon Claw|p2a: Ampharos\n|-damage|p2a: Ampharos|142/295\n|-enditem|p2a: Ampharos|Sitrus Berry|[eat]\n|-heal|p2a: Ampharos|215/295|[from] item: Sitrus Berry\n|move|p1b: Iron Bundle|Freeze-Dry|p2a: Ampharos\n|-damage|p2a: Ampharos|140/295\n|-status|p2a: Ampharos|frz\n|move|p2b: Chimecho|Psychic|p1b: Iron Bundle\n|-damage|p1b: Iron Bundle|59/215 par\n|cant|p2a: Ampharos|frz\n|\n|upkeep\n|turn|9\n|\n|t:|1770508533\n|move|p1a: Zekrom|Dragon Dance|p1a: Zekrom\n|-boost|p1a: Zekrom|atk|1\n|-boost|p1a: Zekrom|spe|1\n|move|p1b: Iron Bundle|Freeze-Dry|p2b: Chimecho\n|-damage|p2b: Chimecho|119/293\n|-enditem|p2b: Chimecho|Sitrus Berry|[eat]\n|-heal|p2b: Chimecho|192/293|[from] item: Sitrus Berry\n|move|p2b: Chimecho|Psychic|p1a: Zekrom\n|-damage|p1a: Zekrom|116/270\n|cant|p2a: Ampharos|frz\n|\n|upkeep\n|turn|10\n|\n|t:|1770508560\n|-end|p1b: Iron Bundle|Quark Drive|[silent]\n|switch|p1b: Illumise|Illumise, L83, F|244/244\n|move|p1a: Zekrom|Dragon Claw|p2a: Ampharos\n|-damage|p2a: Ampharos|0 fnt\n|faint|p2a: Ampharos\n|move|p2b: Chimecho|Psychic|p1a: Zekrom\n|-damage|p1a: Zekrom|38/270\n|\n|upkeep\n|inactive|meowmeowbockbock has 120 seconds left.\n|\n|t:|1770508581\n|switch|p2a: Hitmonlee|Hitmonlee, L86, M|226/226\n|turn|11\n|\n|t:|1770508590\n|move|p1a: Zekrom|Protect|p1a: Zekrom\n|-singleturn|p1a: Zekrom|Protect\n|move|p2a: Hitmonlee|Protect|p2a: Hitmonlee\n|-singleturn|p2a: Hitmonlee|Protect\n|move|p1b: Illumise|Thunder Wave|p2a: Hitmonlee\n|-activate|p2a: Hitmonlee|move: Protect\n|move|p2b: Chimecho|Psychic|p1a: Zekrom\n|-activate|p1a: Zekrom|move: Protect\n|\n|upkeep\n|turn|12\n|\n|t:|1770508601\n|switch|p2a: Swalot|Swalot, L90, F|326/326\n|move|p1b: Illumise|Encore||[still]\n|-fail|p1b: Illumise\n|move|p1a: Zekrom|Dragon Claw|p2b: Chimecho\n|-damage|p2b: Chimecho|2/293\n|move|p2b: Chimecho|Psychic|p1a: Zekrom\n|-damage|p1a: Zekrom|0 fnt\n|faint|p1a: Zekrom\n|\n|upkeep\n|\n|t:|1770508614\n|switch|p1a: Smeargle|Smeargle, F, tera:Ghost|46/272\n|turn|13\n|\n|t:|1770508625\n|move|p2b: Chimecho|Protect|p2b: Chimecho\n|-singleturn|p2b: Chimecho|Protect\n|move|p1a: Smeargle|No Retreat|p1a: Smeargle\n|-boost|p1a: Smeargle|atk|1\n|-boost|p1a: Smeargle|def|1\n|-boost|p1a: Smeargle|spa|1\n|-boost|p1a: Smeargle|spd|1\n|-boost|p1a: Smeargle|spe|1\n|-start|p1a: Smeargle|move: No Retreat\n|move|p1b: Illumise|Bug Buzz|p2b: Chimecho\n|-activate|p2b: Chimecho|move: Protect\n|move|p2a: Swalot|Poison Gas|p1a: Smeargle|[spread] p1a,p1b\n|-status|p1a: Smeargle|psn\n|-status|p1b: Illumise|psn\n|\n|-damage|p1a: Smeargle|12/272 psn|[from] psn\n|-damage|p1b: Illumise|214/244 psn|[from] psn\n|upkeep\n|turn|14\n|\n|t:|1770508648\n|switch|p2b: Hitmonlee|Hitmonlee, L86, M|226/226\n|move|p1b: Illumise|Encore|p2a: Swalot\n|-start|p2a: Swalot|Encore\n|move|p1a: Smeargle|Baton Pass|p1a: Smeargle\n|\n|t:|1770508658\n|switch|p1a: Plusle|Plusle, L92, F|260/260|[from] Baton Pass\n|move|p2a: Swalot|Poison Gas|p1b: Illumise|[spread] p1a,p1b\n|-status|p1a: Plusle|psn\n|-fail|p1b: Illumise|psn\n|\n|-damage|p1a: Plusle|228/260 psn|[from] psn\n|-damage|p1b: Illumise|184/244 psn|[from] psn\n|upkeep\n|turn|15\n|inactive|caoscontrol has 120 seconds left.\n|\n|t:|1770508689\n|switch|p2a: Chimecho|Chimecho, L94, F|2/293\n|move|p1b: Illumise|Thunder Wave|p1a: Plusle\n|-activate|p1a: Plusle|ability: Lightning Rod\n|-ability|p1a: Plusle|Lightning Rod|boost\n|-boost|p1a: Plusle|spa|1\n|move|p1a: Plusle|Nuzzle|p2b: Hitmonlee\n|-damage|p2b: Hitmonlee|195/226\n|-status|p2b: Hitmonlee|par\n|cant|p2b: Hitmonlee|par\n|\n|-damage|p1a: Plusle|196/260 psn|[from] psn\n|-damage|p1b: Illumise|154/244 psn|[from] psn\n|upkeep\n|turn|16\n|\n|t:|1770508715\n|move|p1a: Plusle|Thunderbolt|p2b: Hitmonlee\n|-damage|p2b: Hitmonlee|18/226 par\n|move|p1b: Illumise|Bug Buzz|p2a: Chimecho\n|-supereffective|p2a: Chimecho\n|-damage|p2a: Chimecho|0 fnt\n|faint|p2a: Chimecho\n|cant|p2b: Hitmonlee|par\n|\n|-damage|p1a: Plusle|164/260 psn|[from] psn\n|-damage|p1b: Illumise|124/244 psn|[from] psn\n|upkeep\n|\n|t:|1770508723\n|switch|p2a: Swalot|Swalot, L90, F|326/326\n|turn|17\n|\n|t:|1770508745\n|-terastallize|p2a: Swalot|Dark\n|move|p1a: Plusle|Nuzzle|p2a: Swalot\n|-damage|p2a: Swalot|302/326\n|-status|p2a: Swalot|par\n|move|p1b: Illumise|Bug Buzz|p2b: Hitmonlee\n|-resisted|p2b: Hitmonlee\n|-damage|p2b: Hitmonlee|0 fnt\n|faint|p2b: Hitmonlee\n|move|p2a: Swalot|Knock Off|p1b: Illumise\n|-damage|p1b: Illumise|16/244 psn\n|-enditem|p1b: Illumise|Sitrus Berry|[from] move: Knock Off|[of] p2a: Swalot\n|\n|-damage|p1a: Plusle|132/260 psn|[from] psn\n|-damage|p1b: Illumise|0 fnt|[from] psn\n|faint|p1b: Illumise\n|upkeep\n|\n|t:|1770508763\n|switch|p1b: Smeargle|Smeargle, F, tera:Ghost|12/272 psn\n|turn|18\n|\n|t:|1770508772\n|move|p1a: Plusle|Thunderbolt|p2a: Swalot\n|-damage|p2a: Swalot|95/326 par\n|-enditem|p2a: Swalot|Figy Berry|[eat]\n|-heal|p2a: Swalot|203/326 par|[from] item: Figy Berry\n|move|p1b: Smeargle|Population Bomb|p2a: Swalot\n|-damage|p2a: Swalot|184/326 par\n|-damage|p2a: Swalot|166/326 par\n|-damage|p2a: Swalot|147/326 par\n|-damage|p2a: Swalot|128/326 par\n|-damage|p2a: Swalot|110/326 par\n|-damage|p2a: Swalot|91/326 par\n|-damage|p2a: Swalot|75/326 par\n|-damage|p2a: Swalot|56/326 par\n|-damage|p2a: Swalot|37/326 par\n|-damage|p2a: Swalot|19/326 par\n|-hitcount|p2a: Swalot|10\n|move|p2a: Swalot|Knock Off|p1a: Plusle\n|-damage|p1a: Plusle|29/260 psn\n|-enditem|p1a: Plusle|Sitrus Berry|[from] move: Knock Off|[of] p2a: Swalot\n|\n|-damage|p1a: Plusle|0 fnt|[from] psn\n|faint|p1a: Plusle\n|-damage|p1b: Smeargle|0 fnt|[from] psn\n|faint|p1b: Smeargle\n|upkeep\n|\n|t:|1770508781\n|switch|p1b: Iron Bundle|Iron Bundle, L78|59/215 par\n|turn|19\n|\n|t:|1770508786\n|move|p1b: Iron Bundle|Freeze-Dry|p2a: Swalot\n|-crit|p2a: Swalot\n|-damage|p2a: Swalot|0 fnt\n|faint|p2a: Swalot\n|\n|win|caoscontrol\n|raw|caoscontrol's rating: 1665 &rarr; <strong>1694</strong><br />(+29 for winning)\n|raw|meowmeowbockbock's rating: 1828 &rarr; <strong>1799</strong><br />(-29 for losing)\n", "inputlog": ">version ccdc32dd7cde25fd9e4bed64820e885f66e78a4e\n>start {\"formatid\":\"gen9randomdoublesbattle\",\"seed\":\"sodium,fc6f72ebc098eecaebe84712a6053668\",\"rated\":\"Rated battle\"}\n>player p1 {\"name\":\"caoscontrol\",\"avatar\":\"1\",\"rating\":1665,\"seed\":\"sodium,ab8cb219b774804aff0085a1ec275349\"}\n>player p2 {\"name\":\"meowmeowbockbock\",\"avatar\":\"firebreather\",\"rating\":1828,\"seed\":\"sodium,f4e1053a56caf3767c0e8cc9ce642039\"}\n>p1 move noretreat terastallize, move thunderwave +2\n>p2 move highhorsepower +1, switch 6\n>p1 move batonpass, switch 5\n>p2 move highhorsepower +1, move poltergeist +1\n>p1 switch 4, pass\n>p1 move iciclecrash +1, move hydropump +2\n>p2 move gunkshot +2, move dynamicpunch +1\n>p1 switch 4, pass\n>p1 move noretreat, move hydropump +2\n>p2 move recover, move dynamicpunch +2\n>p2 pass, switch 5\n>p1 move populationbomb +1, move freezedry +2\n>p2 move gunkshot +1, move thunderwave +2\n>p1 move batonpass, move freezedry +1\n>p2 move recover, move thunderwave +1\n>p1 switch 3, pass\n>p1 move dragonclaw +1, move icywind\n>p2 move highhorsepower +1, move psychic +1\n>p2 switch 4, pass\n>p1 move dragonclaw +1, move freezedry +1\n>p2 move dragontail +1, move psychic +2\n>p1 move dragondance, move freezedry +2\n>p2 move dragontail +1, move psychic +1\n>p1 move dragonclaw +1, switch 5\n>p2 move dragontail +1, move psychic +1\n>p2 switch 6, pass\n>p1 move protect, move thunderwave +1\n>p2 move protect, move psychic +1\n>p1 move dragonclaw +2, move encore +1\n>p2 switch 3, move psychic +1\n>p1 switch 3, pass\n>p1 move noretreat, move bugbuzz +2\n>p2 move poisongas, move protect\n>p1 move batonpass, move encore +1\n>p2 move knockoff +2, switch 3\n>p1 switch 6, pass\n>p1 move nuzzle +2, move thunderwave +2\n>p2 switch 3, move closecombat +1\n>p1 move thunderbolt +2, move bugbuzz +1\n>p2 move psychic +2, move knockoff +2\n>p2 switch 3, pass\n>p1 move nuzzle +1, move bugbuzz +2\n>p2 move knockoff +2 terastallize, move closecombat +1\n>p1 pass, switch 6\n>p1 move thunderbolt +1, move populationbomb +1\n>p2 move knockoff +1, pass\n>p1 pass, switch 5\n>p1 pass, move freezedry +1\n>p2 move gunkshot +2, pass", "uploadtime": 1770508791, "views": 102, "formatid": "gen9randomdoublesbattle", "rating": 1694, "private": 0, "password": null}