{"id": "gen9randomdoublesbattle-2535033064", "format": "[Gen 9] Random Doubles Battle", "players": ["captainkirb", "fadi9"], "log": "|j|☆captainkirb\n|j|☆fadi9\n|t:|1770505425\n|gametype|doubles\n|player|p1|captainkirb|harlequin|1918\n|player|p2|fadi9|lyra-masters2|1901\n|gen|9\n|tier|[Gen 9] Random Doubles Battle\n|rated|\n|rule|Species Clause: Limit one of each Pokémon\n|rule|HP Percentage Mod: HP is shown in percentages\n|rule|Illusion Level Mod: Illusion disguises the Pokémon's true level\n|rule|Sleep Clause Mod: Limit one foe put to sleep\n|\n|t:|1770505425\n|teamsize|p1|6\n|teamsize|p2|6\n|start\n|switch|p1a: Eiscue|Eiscue, L89, M|278/278\n|switch|p1b: Glaceon|Glaceon, L86, M|252/252\n|switch|p2a: Greninja|Greninja, L83, M|255/255\n|switch|p2b: Azelf|Azelf, L83|260/260\n|turn|1\n|\n|t:|1770505456\n|switch|p1a: Electabuzz|Electabuzz, L84, F|246/246\n|move|p2a: Greninja|Dark Pulse|p1b: Glaceon\n|-damage|p1b: Glaceon|155/252\n|-damage|p2a: Greninja|230/255|[from] item: Life Orb\n|move|p2b: Azelf|Psychic|p1b: Glaceon\n|-damage|p1b: Glaceon|17/252\n|-damage|p2b: Azelf|234/260|[from] item: Life Orb\n|move|p1b: Glaceon|Blizzard|p2b: Azelf|[spread] p2a,p2b\n|-resisted|p2a: Greninja\n|-damage|p2a: Greninja|166/255\n|-damage|p2b: Azelf|101/260\n|\n|upkeep\n|turn|2\n|\n|t:|1770505484\n|move|p1b: Glaceon|Protect|p1b: Glaceon\n|-singleturn|p1b: Glaceon|Protect\n|move|p2a: Greninja|Hydro Pump|p1a: Electabuzz\n|-damage|p1a: Electabuzz|129/246\n|-damage|p2a: Greninja|141/255|[from] item: Life Orb\n|move|p2b: Azelf|Psychic|p1a: Electabuzz\n|-damage|p1a: Electabuzz|26/246\n|-damage|p2b: Azelf|75/260|[from] item: Life Orb\n|move|p1a: Electabuzz|Electroweb|p2a: Greninja|[spread] p2a,p2b\n|-supereffective|p2a: Greninja\n|-crit|p2a: Greninja\n|-damage|p2a: Greninja|0 fnt\n|-damage|p2b: Azelf|27/260\n|-unboost|p2b: Azelf|spe|1\n|faint|p2a: Greninja\n|\n|upkeep\n|\n|t:|1770505506\n|switch|p2a: Luvdisc|Luvdisc, M|248/248\n|turn|3\n|\n|t:|1770505520\n|move|p1a: Electabuzz|Follow Me|p1a: Electabuzz\n|-singleturn|p1a: Electabuzz|move: Follow Me\n|move|p2a: Luvdisc|Icy Wind|p1b: Glaceon|[spread] p1a,p1b\n|-resisted|p1b: Glaceon\n|-damage|p1a: Electabuzz|10/246\n|-damage|p1b: Glaceon|6/252\n|-unboost|p1a: Electabuzz|spe|1\n|-unboost|p1b: Glaceon|spe|1\n|move|p2b: Azelf|Psychic|p1a: Electabuzz\n|-damage|p1a: Electabuzz|0 fnt\n|faint|p1a: Electabuzz\n|-damage|p2b: Azelf|1/260|[from] item: Life Orb\n|move|p1b: Glaceon|Blizzard|p2b: Azelf|[spread] \n|-miss|p1b: Glaceon|p2a: Luvdisc\n|-enditem|p1b: Glaceon|Blunder Policy\n|-boost|p1b: Glaceon|spe|2\n|-miss|p1b: Glaceon|p2b: Azelf\n|\n|upkeep\n|\n|t:|1770505554\n|switch|p1a: Toxtricity|Toxtricity-Low-Key, L82, M|257/257\n|turn|4\n|inactive|Battle timer is ON: inactive players will automatically lose when time's up. (requested by fadi9)\n|\n|t:|1770505565\n|move|p2b: Azelf|Protect|p2b: Azelf\n|-singleturn|p2b: Azelf|Protect\n|move|p1a: Toxtricity|Overdrive|p2b: Azelf|[spread] p2a\n|-activate|p2b: Azelf|move: Protect\n|-supereffective|p2a: Luvdisc\n|-crit|p2a: Luvdisc\n|-damage|p2a: Luvdisc|0 fnt\n|faint|p2a: Luvdisc\n|move|p1b: Glaceon|Freeze-Dry|p2b: Azelf\n|-activate|p2b: Azelf|move: Protect\n|\n|upkeep\n|\n|t:|1770505586\n|switch|p2a: Murkrow|Murkrow, L90, M|254/254\n|turn|5\n|\n|t:|1770505594\n|-terastallize|p2a: Murkrow|Ghost\n|move|p2a: Murkrow|Tailwind|p2a: Murkrow\n|-sidestart|p2: fadi9|move: Tailwind\n|move|p2b: Azelf|Psychic|p1a: Toxtricity\n|-supereffective|p1a: Toxtricity\n|-damage|p1a: Toxtricity|0 fnt\n|faint|p1a: Toxtricity\n|-damage|p2b: Azelf|0 fnt|[from] item: Life Orb\n|faint|p2b: Azelf\n|move|p1b: Glaceon|Blizzard|p2a: Murkrow\n|-damage|p2a: Murkrow|107/254\n|-status|p2a: Murkrow|frz\n|\n|upkeep\n|c|☆fadi9|Come on dawg\n|\n|t:|1770505620\n|switch|p2b: Scream Tail|Scream Tail, L82|323/323\n|switch|p1a: Tyranitar|Tyranitar, L81, F|295/295\n|-weather|Sandstorm|[from] ability: Sand Stream|[of] p1a: Tyranitar\n|turn|6\n|c|☆fadi9|Like why\n|\n|t:|1770505631\n|move|p2b: Scream Tail|Play Rough|p1a: Tyranitar\n|-supereffective|p1a: Tyranitar\n|-crit|p1a: Tyranitar\n|-damage|p1a: Tyranitar|115/295\n|cant|p2a: Murkrow|frz\n|move|p1b: Glaceon|Mud Shot|p2b: Scream Tail\n|-damage|p2b: Scream Tail|276/323\n|-unboost|p2b: Scream Tail|spe|1\n|move|p1a: Tyranitar|Dragon Dance|p1a: Tyranitar\n|-boost|p1a: Tyranitar|atk|1\n|-boost|p1a: Tyranitar|spe|1\n|\n|-weather|Sandstorm|[upkeep]\n|-damage|p2a: Murkrow|92/254 frz|[from] Sandstorm\n|-damage|p2b: Scream Tail|256/323|[from] Sandstorm\n|-damage|p1b: Glaceon|0 fnt|[from] Sandstorm\n|faint|p1b: Glaceon\n|upkeep\n|\n|t:|1770505640\n|switch|p1b: Virizion|Virizion, L86|297/297\n|turn|7\n|inactive|captainkirb has 120 seconds left.\n|\n|t:|1770505672\n|cant|p2a: Murkrow|frz\n|move|p2b: Scream Tail|Play Rough|p1a: Tyranitar\n|-supereffective|p1a: Tyranitar\n|-damage|p1a: Tyranitar|0 fnt\n|faint|p1a: Tyranitar\n|move|p1b: Virizion|Leaf Storm|p2b: Scream Tail\n|-damage|p2b: Scream Tail|150/323\n|-unboost|p1b: Virizion|spa|2\n|-enditem|p2b: Scream Tail|Sitrus Berry|[eat]\n|-heal|p2b: Scream Tail|230/323|[from] item: Sitrus Berry\n|\n|-weather|Sandstorm|[upkeep]\n|-damage|p2a: Murkrow|77/254 frz|[from] Sandstorm\n|-damage|p2b: Scream Tail|210/323|[from] Sandstorm\n|-damage|p1b: Virizion|279/297|[from] Sandstorm\n|upkeep\n|inactive|captainkirb has 120 seconds left.\n|\n|t:|1770505679\n|switch|p1a: Eiscue|Eiscue, L89, M|278/278\n|turn|8\n|inactive|captainkirb has 120 seconds left.\n|\n|t:|1770505706\n|move|p1b: Virizion|Protect|p1b: Virizion\n|-singleturn|p1b: Virizion|Protect\n|cant|p2a: Murkrow|frz\n|move|p2b: Scream Tail|Thunder Wave|p1a: Eiscue\n|-status|p1a: Eiscue|par\n|move|p1a: Eiscue|Belly Drum|p1a: Eiscue\n|-damage|p1a: Eiscue|139/278 par\n|-setboost|p1a: Eiscue|atk|6|[from] move: Belly Drum\n|-enditem|p1a: Eiscue|Sitrus Berry|[eat]\n|-heal|p1a: Eiscue|208/278 par|[from] item: Sitrus Berry\n|\n|-weather|Sandstorm|[upkeep]\n|-damage|p2a: Murkrow|62/254 frz|[from] Sandstorm\n|-damage|p2b: Scream Tail|190/323|[from] Sandstorm\n|-damage|p1b: Virizion|261/297|[from] Sandstorm\n|-damage|p1a: Eiscue|191/278 par|[from] Sandstorm\n|-sideend|p2: fadi9|move: Tailwind\n|upkeep\n|turn|9\n|\n|t:|1770505732\n|move|p1a: Eiscue|Protect|p1a: Eiscue\n|-singleturn|p1a: Eiscue|Protect\n|-curestatus|p2a: Murkrow|frz|[msg]\n|move|p2a: Murkrow|Tailwind|p2a: Murkrow\n|-sidestart|p2: fadi9|move: Tailwind\n|move|p2b: Scream Tail|Play Rough|p1b: Virizion\n|-supereffective|p1b: Virizion\n|-damage|p1b: Virizion|97/297\n|-enditem|p1b: Virizion|Sitrus Berry|[eat]\n|-heal|p1b: Virizion|171/297|[from] item: Sitrus Berry\n|move|p1b: Virizion|Stone Edge|p2b: Scream Tail\n|-damage|p2b: Scream Tail|126/323\n|\n|-weather|Sandstorm|[upkeep]\n|-damage|p2a: Murkrow|47/254|[from] Sandstorm\n|-damage|p2b: Scream Tail|106/323|[from] Sandstorm\n|-damage|p1b: Virizion|153/297|[from] Sandstorm\n|-damage|p1a: Eiscue|174/278 par|[from] Sandstorm\n|upkeep\n|turn|10\n|\n|t:|1770505748\n|move|p2a: Murkrow|Brave Bird|p1a: Eiscue\n|-activate|p1a: Eiscue|ability: Ice Face\n|-damage|p1a: Eiscue|174/278 par\n|detailschange|p1a: Eiscue|Eiscue-Noice, L89, M\n|move|p2b: Scream Tail|Play Rough|p1a: Eiscue\n|-damage|p1a: Eiscue|92/278 par\n|move|p1b: Virizion|Stone Edge|p2b: Scream Tail\n|-damage|p2b: Scream Tail|38/323\n|cant|p1a: Eiscue|par\n|\n|-weather|none\n|upkeep\n|turn|11\n|\n|t:|1770505767\n|move|p2a: Murkrow|Brave Bird|p1a: Eiscue\n|-damage|p1a: Eiscue|0 fnt\n|faint|p1a: Eiscue\n|-damage|p2a: Murkrow|17/254|[from] Recoil\n|move|p2b: Scream Tail|Play Rough|p1b: Virizion\n|-supereffective|p1b: Virizion\n|-damage|p1b: Virizion|3/297\n|-unboost|p1b: Virizion|atk|1\n|move|p1b: Virizion|Stone Edge|p2b: Scream Tail\n|-damage|p2b: Scream Tail|0 fnt\n|faint|p2b: Scream Tail\n|-end|p2b: Scream Tail|Protosynthesis|[silent]\n|\n|upkeep\n|\n|t:|1770505779\n|switch|p2b: Garganacl|Garganacl, L81, F|295/295\n|turn|12\n|\n|t:|1770505786\n|move|p2a: Murkrow|Brave Bird|p1b: Virizion\n|-supereffective|p1b: Virizion\n|-damage|p1b: Virizion|0 fnt\n|faint|p1b: Virizion\n|-damage|p2a: Murkrow|16/254|[from] Recoil\n|\n|win|fadi9\n|raw|captainkirb's rating: 1918 &rarr; <strong>1897</strong><br />(-21 for losing)\n|raw|fadi9's rating: 1901 &rarr; <strong>1922</strong><br />(+21 for winning)\n|l|☆captainkirb\n|player|p1|\n|c|☆fadi9|All that luck\n|c|☆fadi9|All that luck\n|c|☆fadi9|And this bum still lost\n|c|☆fadi9|Like you have gotta be the worst player I've ever faced how do you choke that\n", "inputlog": ">version ccdc32dd7cde25fd9e4bed64820e885f66e78a4e\n>start {\"formatid\":\"gen9randomdoublesbattle\",\"seed\":\"sodium,e676dcf3d4abf98f610131d35f8113f5\",\"rated\":\"Rated battle\"}\n>player p1 {\"name\":\"captainkirb\",\"avatar\":\"harlequin\",\"rating\":1918,\"seed\":\"sodium,af3908d4b26bb4691be955d1814ab9be\"}\n>player p2 {\"name\":\"fadi9\",\"avatar\":\"lyra-masters2\",\"rating\":1901,\"seed\":\"sodium,3a8f62810de3d2a750f7bd40e07beb5e\"}\n>p1 switch 4, move blizzard\n>p2 move darkpulse +2, move psychic +2\n>p1 move electroweb, move protect\n>p2 move hydropump +1, move psychic +1\n>p2 switch 3, pass\n>p1 move followme, move blizzard\n>p2 move icywind, move psychic +1\n>p1 switch 6, pass\n>p1 move overdrive, move freezedry +1\n>p2 move icywind, move protect\n>p2 switch 4, pass\n>p1 move overdrive, move blizzard\n>p2 move tailwind terastallize, move psychic +1\n>chat ☆fadi9|Come on dawg\n>p1 switch 3, pass\n>p2 pass, switch 6\n>chat ☆fadi9|Like why\n>p1 move dragondance, move mudshot +2\n>p2 move bravebird +2, move playrough +1\n>p1 pass, switch 5\n>p1 move knockoff +2, move leafstorm +2\n>p2 move bravebird +2, move playrough +1\n>p1 switch 4, pass\n>p1 move bellydrum, move protect\n>p2 move bravebird +2, move thunderwave +1\n>p1 move protect, move stoneedge +2\n>p2 move tailwind, move playrough +2\n>p1 move icespinner +1, move stoneedge +2\n>p2 move bravebird +1, move playrough +1\n>p1 move icespinner +1, move stoneedge +2\n>p2 move bravebird +1, move playrough +2\n>p2 pass, switch 5\n>p1 pass, move leafstorm +2\n>p2 move bravebird +2, move saltcure +2", "uploadtime": 1770505820, "views": 99, "formatid": "gen9randomdoublesbattle", "rating": 1897, "private": 0, "password": null}