{"id": "gen9randomdoublesbattle-2534582143", "format": "[Gen 9] Random Doubles Battle", "players": ["123rock", "cosmictaiyo"], "log": "|j|☆123rock\n|j|☆cosmictaiyo\n|t:|1770440555\n|gametype|doubles\n|player|p1|123rock|265|1649\n|player|p2|cosmictaiyo|elio|1799\n|gen|9\n|tier|[Gen 9] Random Doubles Battle\n|rated|\n|rule|Species Clause: Limit one of each Pokémon\n|rule|HP Percentage Mod: HP is shown in percentages\n|rule|Illusion Level Mod: Illusion disguises the Pokémon's true level\n|rule|Sleep Clause Mod: Limit one foe put to sleep\n|\n|t:|1770440555\n|teamsize|p1|6\n|teamsize|p2|6\n|start\n|switch|p1a: Galvantula|Galvantula, L85, M|258/258\n|switch|p1b: Vespiquen|Vespiquen, F|302/302\n|switch|p2a: Wigglytuff|Wigglytuff, L91, M|403/403\n|switch|p2b: Klefki|Klefki, L81, M|225/225\n|-ability|p1b: Vespiquen|Unnerve\n|turn|1\n|inactive|Battle timer is ON: inactive players will automatically lose when time's up. (requested by 123rock)\n|inactive|cosmictaiyo has 120 seconds left.\n|l|☆123rock\n|inactive|123rock disconnected and has a minute to reconnect!\n|player|p1|\n|j|☆123rock\n|inactive|123rock reconnected.\n|player|p1|123rock|265|\n|inactive|cosmictaiyo has 90 seconds left.\n|\n|t:|1770440637\n|switch|p2a: Minun|Minun, L91, M|257/257\n|move|p2b: Klefki|Thunder Wave|p1b: Vespiquen\n|-status|p1b: Vespiquen|par\n|move|p1a: Galvantula|Sticky Web|p2b: Klefki\n|-sidestart|p2: cosmictaiyo|move: Sticky Web\n|cant|p1b: Vespiquen|par\n|\n|upkeep\n|turn|2\n|\n|t:|1770440661\n|move|p2b: Klefki|Light Screen|p2b: Klefki\n|-sidestart|p2: cosmictaiyo|move: Light Screen\n|move|p1a: Galvantula|Thunder|p2b: Klefki\n|-crit|p2b: Klefki\n|-damage|p2b: Klefki|26/225\n|move|p2a: Minun|Thunderbolt|p1b: Vespiquen\n|-supereffective|p1b: Vespiquen\n|-damage|p1b: Vespiquen|162/302 par\n|cant|p1b: Vespiquen|par\n|\n|-heal|p1b: Vespiquen|180/302 par|[from] item: Leftovers\n|upkeep\n|turn|3\n|inactive|cosmictaiyo has 120 seconds left.\n|\n|t:|1770440698\n|move|p2b: Klefki|Reflect|p2b: Klefki\n|-sidestart|p2: cosmictaiyo|Reflect\n|move|p1a: Galvantula|Thunder|p2b: Klefki\n|-damage|p2b: Klefki|0 fnt\n|faint|p2b: Klefki\n|move|p2a: Minun|Thunderbolt|p1b: Vespiquen\n|-supereffective|p1b: Vespiquen\n|-damage|p1b: Vespiquen|30/302 par\n|cant|p1b: Vespiquen|par\n|\n|-heal|p1b: Vespiquen|48/302 par|[from] item: Leftovers\n|upkeep\n|\n|t:|1770440715\n|switch|p2b: Wigglytuff|Wigglytuff, L91, M|403/403\n|-activate|p2b: Wigglytuff|move: Sticky Web\n|-unboost|p2b: Wigglytuff|spe|1\n|-ability|p2b: Wigglytuff|Competitive|boost\n|-boost|p2b: Wigglytuff|spa|2\n|turn|4\n|inactive|cosmictaiyo has 120 seconds left.\n|\n|t:|1770440726\n|move|p1a: Galvantula|Thunder|p2b: Wigglytuff\n|-damage|p2b: Wigglytuff|293/403\n|move|p2a: Minun|Thunderbolt|p1b: Vespiquen\n|-supereffective|p1b: Vespiquen\n|-damage|p1b: Vespiquen|0 fnt\n|faint|p1b: Vespiquen\n|move|p2b: Wigglytuff|Dazzling Gleam|p1a: Galvantula\n|-damage|p1a: Galvantula|9/258\n|-enditem|p1a: Galvantula|Sitrus Berry|[eat]\n|-heal|p1a: Galvantula|73/258|[from] item: Sitrus Berry\n|\n|upkeep\n|\n|t:|1770440756\n|switch|p1b: Scrafty|Scrafty, L83, M|244/244\n|-ability|p1b: Scrafty|Intimidate|boost\n|-unboost|p2a: Minun|atk|1\n|-unboost|p2b: Wigglytuff|atk|1\n|-ability|p2b: Wigglytuff|Competitive|boost\n|-boost|p2b: Wigglytuff|spa|2\n|turn|5\n|\n|t:|1770440770\n|move|p1b: Scrafty|Fake Out|p2b: Wigglytuff\n|-damage|p2b: Wigglytuff|266/403\n|move|p1a: Galvantula|Thunder|p2b: Wigglytuff\n|-damage|p2b: Wigglytuff|156/403\n|-status|p2b: Wigglytuff|par\n|-enditem|p2b: Wigglytuff|Sitrus Berry|[eat]\n|-heal|p2b: Wigglytuff|256/403 par|[from] item: Sitrus Berry\n|move|p2a: Minun|Nuzzle|p1b: Scrafty\n|-damage|p1b: Scrafty|235/244\n|-status|p1b: Scrafty|par\n|cant|p2b: Wigglytuff|flinch\n|\n|upkeep\n|turn|6\n|\n|t:|1770440788\n|move|p1a: Galvantula|Thunder|p2b: Wigglytuff\n|-damage|p2b: Wigglytuff|139/403 par\n|move|p2a: Minun|Encore|p1b: Scrafty\n|-start|p1b: Scrafty|Encore\n|move|p1b: Scrafty|Fake Out||[still]\n|-hint|Fake Out only works on your first turn out.\n|-fail|p1b: Scrafty\n|move|p2b: Wigglytuff|Dazzling Gleam|p1b: Scrafty|[spread] p1a,p1b\n|-supereffective|p1b: Scrafty\n|-damage|p1a: Galvantula|0 fnt\n|-damage|p1b: Scrafty|0 fnt\n|faint|p1a: Galvantula\n|faint|p1b: Scrafty\n|\n|upkeep\n|inactive|123rock has 120 seconds left.\n|\n|t:|1770440824\n|switch|p1a: Azumarill|Azumarill, L83, M|302/302\n|switch|p1b: Weavile|Weavile, L81, M|246/246\n|turn|7\n|\n|t:|1770440839\n|move|p1b: Weavile|Fake Out|p2a: Minun\n|-damage|p2a: Minun|229/257\n|cant|p2a: Minun|flinch\n|move|p1a: Azumarill|Liquidation|p2b: Wigglytuff\n|-damage|p2b: Wigglytuff|0 fnt\n|faint|p2b: Wigglytuff\n|\n|upkeep\n|inactive|cosmictaiyo has 120 seconds left.\n|\n|t:|1770440875\n|switch|p2b: Articuno|Articuno-Galar, L82|282/282\n|turn|8\n|\n|t:|1770440884\n|move|p2b: Articuno|Protect|p2b: Articuno\n|-singleturn|p2b: Articuno|Protect\n|move|p1b: Weavile|Knock Off|p2b: Articuno\n|-activate|p2b: Articuno|move: Protect\n|move|p2a: Minun|Nuzzle|p1b: Weavile\n|-damage|p1b: Weavile|233/246\n|-status|p1b: Weavile|par\n|move|p1a: Azumarill|Liquidation|p2a: Minun\n|-damage|p2a: Minun|73/257\n|-enditem|p2a: Minun|Sitrus Berry|[eat]\n|-heal|p2a: Minun|137/257|[from] item: Sitrus Berry\n|\n|upkeep\n|turn|9\n|inactive|cosmictaiyo has 120 seconds left.\n|\n|t:|1770440915\n|move|p2a: Minun|Thunderbolt|p1b: Weavile\n|-damage|p1b: Weavile|142/246 par\n|move|p2b: Articuno|Hurricane|p1b: Weavile\n|-damage|p1b: Weavile|0 fnt\n|faint|p1b: Weavile\n|-damage|p2b: Articuno|254/282|[from] item: Life Orb\n|move|p1a: Azumarill|Liquidation|p2a: Minun\n|-damage|p2a: Minun|0 fnt\n|faint|p2a: Minun\n|\n|-sideend|p2: cosmictaiyo|move: Light Screen\n|upkeep\n|inactive|cosmictaiyo has 120 seconds left.\n|\n|t:|1770440936\n|switch|p1b: Vaporeon|Vaporeon, L84, M|356/356\n|switch|p2a: Sinistcha|Sinistcha-Masterpiece, L81|248/248\n|-activate|p2a: Sinistcha|move: Sticky Web\n|-unboost|p2a: Sinistcha|spe|1\n|-heal|p2b: Articuno|282/282|[from] ability: Hospitality|[of] p2a: Sinistcha\n|turn|10\n|inactive|cosmictaiyo has 120 seconds left.\n|inactive|123rock has 120 seconds left.\n|inactive|cosmictaiyo has 90 seconds left.\n|\n|t:|1770440997\n|move|p2b: Articuno|Protect|p2b: Articuno\n|-singleturn|p2b: Articuno|Protect\n|move|p1b: Vaporeon|Yawn|p2a: Sinistcha\n|-start|p2a: Sinistcha|move: Yawn|[of] p1b: Vaporeon\n|move|p1a: Azumarill|Liquidation|p2b: Articuno\n|-activate|p2b: Articuno|move: Protect\n|move|p2a: Sinistcha|Matcha Gotcha|p1b: Vaporeon|[spread] p1a,p1b\n|-supereffective|p1a: Azumarill\n|-supereffective|p1b: Vaporeon\n|-damage|p1a: Azumarill|134/302\n|-damage|p1b: Vaporeon|230/356\n|-status|p1b: Vaporeon|brn\n|\n|-damage|p1b: Vaporeon|208/356 brn|[from] brn\n|-sideend|p2: cosmictaiyo|Reflect\n|upkeep\n|turn|11\n|inactive|cosmictaiyo has 90 seconds left.\n|\n|t:|1770441018\n|switch|p2a: Mewtwo|Mewtwo, L73|275/275\n|-ability|p2a: Mewtwo|Unnerve\n|-activate|p2a: Mewtwo|move: Sticky Web\n|-unboost|p2a: Mewtwo|spe|1\n|move|p1b: Vaporeon|Protect|p1b: Vaporeon\n|-singleturn|p1b: Vaporeon|Protect\n|move|p2b: Articuno|Freezing Glare|p1a: Azumarill\n|-damage|p1a: Azumarill|0 fnt\n|faint|p1a: Azumarill\n|-damage|p2b: Articuno|254/282|[from] item: Life Orb\n|\n|-damage|p1b: Vaporeon|186/356 brn|[from] brn\n|upkeep\n|turn|12\n|inactive|123rock has 120 seconds left.\n|inactive|cosmictaiyo has 90 seconds left.\n|\n|t:|1770441035\n|move|p2b: Articuno|Freezing Glare|p1b: Vaporeon\n|-damage|p1b: Vaporeon|46/356 brn\n|-damage|p2b: Articuno|226/282|[from] item: Life Orb\n|move|p1b: Vaporeon|Muddy Water|p2b: Articuno|[spread] p2a,p2b\n|-damage|p2a: Mewtwo|191/275\n|-damage|p2b: Articuno|153/282\n|move|p2a: Mewtwo|Psystrike|p1b: Vaporeon\n|-damage|p1b: Vaporeon|0 fnt\n|faint|p1b: Vaporeon\n|-damage|p2a: Mewtwo|164/275|[from] item: Life Orb\n|\n|win|cosmictaiyo\n|raw|123rock's rating: 1649 &rarr; <strong>1637</strong><br />(-12 for losing)\n|raw|cosmictaiyo's rating: 1799 &rarr; <strong>1811</strong><br />(+12 for winning)\n|l|☆123rock\n|player|p1|\n", "inputlog": ">version ccdc32dd7cde25fd9e4bed64820e885f66e78a4e\n>start {\"formatid\":\"gen9randomdoublesbattle\",\"seed\":\"sodium,a0850979ee68b8c49d4542908e13d490\",\"rated\":\"Rated battle\"}\n>player p1 {\"name\":\"123rock\",\"avatar\":\"265\",\"rating\":1649,\"seed\":\"sodium,13777e5ed660db2744d0a1f55e417731\"}\n>player p2 {\"name\":\"cosmictaiyo\",\"avatar\":\"elio\",\"rating\":1799,\"seed\":\"sodium,c8c6b8a3558ce82c2eee1150ac1da2dc\"}\n>p1 move stickyweb, move toxicspikes\n>p2 switch 5, move thunderwave +2\n>p1 move thunder +2, move toxicspikes\n>p2 move thunderbolt +2, move lightscreen\n>p1 move thunder +2, move toxicspikes\n>p2 move thunderbolt +2, move reflect\n>p2 pass, switch 5\n>p1 move thunder +2, move toxicspikes\n>p2 move thunderbolt +2, move dazzlinggleam\n>p1 pass, switch 6\n>p1 move thunder +2, move fakeout +2\n>p2 move nuzzle +2, move dazzlinggleam\n>p1 move thunder +2, move closecombat +2\n>p2 move encore +2, move dazzlinggleam\n>p1 switch 4, switch 5\n>p1 move liquidation +2, move fakeout +1\n>p2 move nuzzle +2, move dazzlinggleam\n>p2 pass, switch 3\n>p1 move liquidation +1, move knockoff +2\n>p2 move nuzzle +2, move protect\n>p1 move liquidation +1, move knockoff +2\n>p2 move thunderbolt +2, move hurricane +2\n>p1 pass, switch 3\n>p2 switch 4, pass\n>p1 move liquidation +2, move yawn +1\n>p2 move matchagotcha, move protect\n>p1 move liquidation +2, move protect\n>p2 switch 6, move freezingglare +1\n>p1 pass, move muddywater\n>p2 move psystrike +2, move freezingglare +2", "uploadtime": 1770441051, "views": 91, "formatid": "gen9randomdoublesbattle", "rating": 1637, "private": 0, "password": null}