{"id": "gen9randomdoublesbattle-2537584984", "format": "[Gen 9] Random Doubles Battle", "players": ["astypasty", "lepokemonplayer23"], "log": "|j|☆astypasty\n|j|☆lepokemonplayer23\n|t:|1770829581\n|gametype|doubles\n|player|p1|astypasty|102|1637\n|player|p2|lepokemonplayer23|1|1655\n|gen|9\n|tier|[Gen 9] Random Doubles Battle\n|rated|\n|rule|Species Clause: Limit one of each Pokémon\n|rule|HP Percentage Mod: HP is shown in percentages\n|rule|Illusion Level Mod: Illusion disguises the Pokémon's true level\n|rule|Sleep Clause Mod: Limit one foe put to sleep\n|\n|t:|1770829581\n|teamsize|p1|6\n|teamsize|p2|6\n|start\n|switch|p1a: Kilowattrel|Kilowattrel, L80, M|243/243\n|switch|p1b: Meowstic|Meowstic, L88, M|274/274\n|switch|p2a: Qwilfish|Qwilfish, L87, F|255/255\n|switch|p2b: Iron Jugulis|Iron Jugulis, L79|278/278\n|-ability|p2a: Qwilfish|Intimidate|boost\n|-unboost|p1a: Kilowattrel|atk|1\n|-ability|p1a: Kilowattrel|Competitive|boost\n|-boost|p1a: Kilowattrel|spa|2\n|-unboost|p1b: Meowstic|atk|1\n|turn|1\n|\n|t:|1770829605\n|switch|p2a: Swampert|Swampert, L82, F|298/298\n|move|p2b: Iron Jugulis|Protect|p2b: Iron Jugulis\n|-singleturn|p2b: Iron Jugulis|Protect\n|move|p1b: Meowstic|Light Screen|p1b: Meowstic\n|-sidestart|p1: astypasty|move: Light Screen\n|move|p1a: Kilowattrel|Thunderbolt|p2b: Iron Jugulis\n|-activate|p2b: Iron Jugulis|move: Protect\n|\n|upkeep\n|turn|2\n|\n|t:|1770829628\n|-end|p2b: Iron Jugulis|Quark Drive|[silent]\n|switch|p2b: Zebstrika|Zebstrika, L87, M|272/272\n|move|p1b: Meowstic|Reflect|p1b: Meowstic\n|-sidestart|p1: astypasty|Reflect\n|move|p1a: Kilowattrel|Thunderbolt|p2b: Zebstrika\n|-resisted|p2b: Zebstrika\n|-damage|p2b: Zebstrika|115/272\n|-damage|p1a: Kilowattrel|219/243|[from] item: Life Orb\n|move|p2a: Swampert|Icy Wind|p1a: Kilowattrel|[spread] p1a,p1b\n|-supereffective|p1a: Kilowattrel\n|-crit|p1a: Kilowattrel\n|-damage|p1a: Kilowattrel|113/243\n|-damage|p1b: Meowstic|257/274\n|-unboost|p1a: Kilowattrel|spe|1\n|-ability|p1a: Kilowattrel|Competitive|boost\n|-boost|p1a: Kilowattrel|spa|2\n|-unboost|p1b: Meowstic|spe|1\n|\n|upkeep\n|turn|3\n|\n|t:|1770829652\n|move|p1a: Kilowattrel|Protect|p1a: Kilowattrel\n|-singleturn|p1a: Kilowattrel|Protect\n|move|p2b: Zebstrika|Wild Charge|p1a: Kilowattrel\n|-activate|p1a: Kilowattrel|move: Protect\n|move|p1b: Meowstic|Psychic|p2b: Zebstrika\n|-damage|p2b: Zebstrika|0 fnt\n|faint|p2b: Zebstrika\n|move|p2a: Swampert|Icy Wind|p1a: Kilowattrel|[spread] p1b\n|-activate|p1a: Kilowattrel|move: Protect\n|-damage|p1b: Meowstic|240/274\n|-unboost|p1b: Meowstic|spe|1\n|\n|upkeep\n|\n|t:|1770829695\n|switch|p2b: Blissey|Blissey, L96, F|645/645\n|turn|4\n|\n|t:|1770829709\n|move|p1a: Kilowattrel|Tailwind|p1a: Kilowattrel\n|-sidestart|p1: astypasty|move: Tailwind\n|move|p1b: Meowstic|Psychic|p2a: Swampert\n|-damage|p2a: Swampert|240/298\n|move|p2b: Blissey|Hyper Voice|p1a: Kilowattrel|[spread] p1a,p1b\n|-damage|p1a: Kilowattrel|39/243\n|-damage|p1b: Meowstic|192/274\n|move|p2a: Swampert|Knock Off|p1b: Meowstic\n|-supereffective|p1b: Meowstic\n|-damage|p1b: Meowstic|97/274\n|-enditem|p1b: Meowstic|Light Clay|[from] move: Knock Off|[of] p2a: Swampert\n|\n|upkeep\n|turn|5\n|\n|t:|1770829728\n|move|p1b: Meowstic|Helping Hand|p1a: Kilowattrel\n|-singleturn|p1a: Kilowattrel|Helping Hand|[of] p1b: Meowstic\n|move|p1a: Kilowattrel|Hurricane|p2a: Swampert\n|-damage|p2a: Swampert|0 fnt\n|faint|p2a: Swampert\n|-damage|p1a: Kilowattrel|15/243|[from] item: Life Orb\n|move|p2b: Blissey|Hyper Voice|p1a: Kilowattrel|[spread] p1a,p1b\n|-damage|p1a: Kilowattrel|0 fnt\n|-damage|p1b: Meowstic|47/274\n|faint|p1a: Kilowattrel\n|\n|upkeep\n|\n|t:|1770829743\n|switch|p1a: Oinkologne|Oinkologne-F, L92, F|361/361\n|switch|p2a: Latios|Latios, L79, M|256/256\n|turn|6\n|\n|t:|1770829756\n|switch|p1b: Morpeko|Morpeko, L88, F|245/245\n|switch|p2b: Qwilfish|Qwilfish, L87, F|255/255\n|-ability|p2b: Qwilfish|Intimidate|boost\n|-unboost|p1a: Oinkologne|atk|1\n|-unboost|p1b: Morpeko|atk|1\n|move|p1a: Oinkologne|Play Rough|p2a: Latios\n|-supereffective|p2a: Latios\n|-damage|p2a: Latios|84/256\n|move|p2a: Latios|Tailwind|p2a: Latios\n|-sidestart|p2: lepokemonplayer23|move: Tailwind\n|\n|-formechange|p1b: Morpeko|Morpeko-Hangry||[from] ability: Hunger Switch\n|upkeep\n|turn|7\n|\n|t:|1770829790\n|-terastallize|p2b: Qwilfish|Grass\n|move|p2a: Latios|Protect|p2a: Latios\n|-singleturn|p2a: Latios|Protect\n|move|p1b: Morpeko|Aura Wheel|p2a: Latios\n|-activate|p2a: Latios|move: Protect\n|move|p2b: Qwilfish|Gunk Shot|p1b: Morpeko\n|-damage|p1b: Morpeko|128/245\n|move|p1a: Oinkologne|Play Rough|p2b: Qwilfish\n|-damage|p2b: Qwilfish|184/255\n|\n|-sideend|p1: astypasty|move: Tailwind\n|-formechange|p1b: Morpeko|Morpeko||[from] ability: Hunger Switch\n|upkeep\n|turn|8\n|\n|t:|1770829820\n|move|p2a: Latios|Draco Meteor|p1b: Morpeko\n|-damage|p1b: Morpeko|0 fnt\n|-unboost|p2a: Latios|spa|2\n|faint|p1b: Morpeko\n|move|p2b: Qwilfish|Thunder Wave|p1a: Oinkologne\n|-status|p1a: Oinkologne|par\n|move|p1a: Oinkologne|Play Rough|p2a: Latios\n|-supereffective|p2a: Latios\n|-damage|p2a: Latios|0 fnt\n|faint|p2a: Latios\n|\n|-sideend|p1: astypasty|move: Light Screen\n|upkeep\n|\n|t:|1770829835\n|switch|p1b: Meowstic|Meowstic, L88, M|47/274\n|switch|p2a: Blissey|Blissey, L96, F|645/645\n|turn|9\n|\n|t:|1770829855\n|move|p1b: Meowstic|Light Screen|p1b: Meowstic\n|-sidestart|p1: astypasty|move: Light Screen\n|move|p2b: Qwilfish|Taunt|p1b: Meowstic\n|-start|p1b: Meowstic|move: Taunt\n|move|p2a: Blissey|Hyper Voice|p1b: Meowstic|[spread] p1a,p1b\n|-crit|p1b: Meowstic\n|-damage|p1a: Oinkologne|317/361 par\n|-damage|p1b: Meowstic|0 fnt\n|faint|p1b: Meowstic\n|cant|p1a: Oinkologne|par\n|\n|-sideend|p1: astypasty|Reflect\n|-sideend|p2: lepokemonplayer23|move: Tailwind\n|upkeep\n|\n|t:|1770829871\n|switch|p1b: Phione|Phione, L90|290/290\n|turn|10\n|\n|t:|1770829894\n|move|p2b: Qwilfish|Gunk Shot|p1b: Phione\n|-damage|p1b: Phione|160/290\n|move|p1b: Phione|Ice Beam|p2b: Qwilfish\n|-supereffective|p2b: Qwilfish\n|-damage|p2b: Qwilfish|2/255\n|-enditem|p2b: Qwilfish|Sitrus Berry|[eat]\n|-heal|p2b: Qwilfish|65/255|[from] item: Sitrus Berry\n|move|p2a: Blissey|Thunder Wave|p1b: Phione\n|-status|p1b: Phione|par\n|cant|p1a: Oinkologne|par\n|\n|-heal|p1b: Phione|178/290 par|[from] item: Leftovers\n|upkeep\n|turn|11\n|\n|t:|1770829915\n|move|p2a: Blissey|Helping Hand|p2b: Qwilfish\n|-singleturn|p2b: Qwilfish|Helping Hand|[of] p2a: Blissey\n|move|p1b: Phione|Protect|p1b: Phione\n|-singleturn|p1b: Phione|Protect\n|move|p2b: Qwilfish|Gunk Shot|p1b: Phione\n|-activate|p1b: Phione|move: Protect\n|move|p1a: Oinkologne|Play Rough|p2a: Blissey\n|-damage|p2a: Blissey|466/645\n|\n|-heal|p1b: Phione|196/290 par|[from] item: Leftovers\n|upkeep\n|turn|12\n|\n|t:|1770829925\n|move|p2a: Blissey|Helping Hand|p2b: Qwilfish\n|-singleturn|p2b: Qwilfish|Helping Hand|[of] p2a: Blissey\n|move|p2b: Qwilfish|Gunk Shot|p1b: Phione\n|-damage|p1b: Phione|9/290 par\n|move|p1b: Phione|Take Heart|p1b: Phione\n|-boost|p1b: Phione|spa|1\n|-boost|p1b: Phione|spd|1\n|-curestatus|p1b: Phione|par|[msg]\n|move|p1a: Oinkologne|Play Rough|p2b: Qwilfish\n|-damage|p2b: Qwilfish|0 fnt\n|faint|p2b: Qwilfish\n|\n|-heal|p1b: Phione|27/290|[from] item: Leftovers\n|upkeep\n|\n|t:|1770829936\n|switch|p2b: Iron Jugulis|Iron Jugulis, L79|278/278\n|turn|13\n|\n|t:|1770829955\n|move|p1b: Phione|Protect|p1b: Phione\n|-singleturn|p1b: Phione|Protect\n|move|p2b: Iron Jugulis|Tailwind|p2b: Iron Jugulis\n|-sidestart|p2: lepokemonplayer23|move: Tailwind\n|move|p2a: Blissey|Hyper Voice|p1b: Phione|[spread] p1a\n|-activate|p1b: Phione|move: Protect\n|-damage|p1a: Oinkologne|269/361 par\n|move|p1a: Oinkologne|Play Rough|p2b: Iron Jugulis\n|-supereffective|p2b: Iron Jugulis\n|-damage|p2b: Iron Jugulis|130/278\n|-unboost|p2b: Iron Jugulis|atk|1\n|\n|-heal|p1b: Phione|45/290|[from] item: Leftovers\n|-sideend|p1: astypasty|move: Light Screen\n|upkeep\n|turn|14\n|\n|t:|1770829975\n|move|p2b: Iron Jugulis|Dark Pulse|p1b: Phione\n|-crit|p1b: Phione\n|-damage|p1b: Phione|0 fnt\n|faint|p1b: Phione\n|-damage|p2b: Iron Jugulis|103/278|[from] item: Life Orb\n|move|p2a: Blissey|Life Dew|p2a: Blissey|[spread] p2a,p2b\n|-heal|p2a: Blissey|627/645\n|-heal|p2b: Iron Jugulis|173/278\n|move|p1a: Oinkologne|Play Rough|p2b: Iron Jugulis\n|-supereffective|p2b: Iron Jugulis\n|-damage|p2b: Iron Jugulis|9/278\n|\n|upkeep\n|\n|t:|1770829982\n|switch|p1b: Roaring Moon|Roaring Moon, L76|285/285\n|turn|15\n|\n|t:|1770830006\n|move|p2b: Iron Jugulis|Protect|p2b: Iron Jugulis\n|-singleturn|p2b: Iron Jugulis|Protect\n|move|p1b: Roaring Moon|Protect|p1b: Roaring Moon\n|-singleturn|p1b: Roaring Moon|Protect\n|move|p2a: Blissey|Thunder Wave|p1b: Roaring Moon\n|-activate|p1b: Roaring Moon|move: Protect\n|move|p1a: Oinkologne|Play Rough|p2b: Iron Jugulis\n|-activate|p2b: Iron Jugulis|move: Protect\n|\n|upkeep\n|turn|16\n|inactive|Battle timer is ON: inactive players will automatically lose when time's up. (requested by lepokemonplayer23)\n|\n|t:|1770830091\n|move|p2a: Blissey|Helping Hand|p2b: Iron Jugulis\n|-singleturn|p2b: Iron Jugulis|Helping Hand|[of] p2a: Blissey\n|move|p1b: Roaring Moon|Protect||[still]\n|-fail|p1b: Roaring Moon\n|move|p2b: Iron Jugulis|Hurricane|p1b: Roaring Moon\n|-damage|p1b: Roaring Moon|59/285\n|-start|p1b: Roaring Moon|confusion\n|-damage|p2b: Iron Jugulis|0 fnt|[from] item: Life Orb\n|faint|p2b: Iron Jugulis\n|-end|p2b: Iron Jugulis|Quark Drive|[silent]\n|move|p1a: Oinkologne|Play Rough|p2a: Blissey\n|-damage|p2a: Blissey|450/645\n|\n|-sideend|p2: lepokemonplayer23|move: Tailwind\n|upkeep\n|turn|17\n|\n|t:|1770830104\n|-activate|p1b: Roaring Moon|confusion\n|-damage|p1b: Roaring Moon|17/285|[from] confusion\n|move|p2a: Blissey|Hyper Voice|p1b: Roaring Moon|[spread] p1a,p1b\n|-damage|p1a: Oinkologne|196/361 par\n|-damage|p1b: Roaring Moon|0 fnt\n|faint|p1b: Roaring Moon\n|-end|p1b: Roaring Moon|Protosynthesis|[silent]\n|move|p1a: Oinkologne|Play Rough|p2a: Blissey\n|-damage|p2a: Blissey|277/645\n|-enditem|p2a: Blissey|Sitrus Berry|[eat]\n|-heal|p2a: Blissey|438/645|[from] item: Sitrus Berry\n|\n|upkeep\n|turn|18\n|\n|t:|1770830114\n|move|p2a: Blissey|Hyper Voice|p1a: Oinkologne\n|-damage|p1a: Oinkologne|96/361 par\n|cant|p1a: Oinkologne|par\n|\n|upkeep\n|turn|19\n|-message|astypasty forfeited.\n|\n|win|lepokemonplayer23\n|raw|astypasty's rating: 1637 &rarr; <strong>1618</strong><br />(-19 for losing)\n|raw|lepokemonplayer23's rating: 1655 &rarr; <strong>1674</strong><br />(+19 for winning)\n|l|☆astypasty\n|player|p1|\n", "inputlog": ">version ccdc32dd7cde25fd9e4bed64820e885f66e78a4e\n>start {\"formatid\":\"gen9randomdoublesbattle\",\"seed\":\"sodium,fa2fa7f5f1e58ae0f7214106f35b7fe4\",\"rated\":\"Rated battle\"}\n>player p1 {\"name\":\"astypasty\",\"avatar\":\"102\",\"rating\":1637,\"seed\":\"sodium,28b86739f08911c2cf8a32e3e96ec25b\"}\n>player p2 {\"name\":\"lepokemonplayer23\",\"avatar\":\"1\",\"rating\":1655,\"seed\":\"sodium,8e81e01f182a3da3efaf718fe173071b\"}\n>p1 move thunderbolt +2, move lightscreen\n>p2 switch 3, move protect\n>p1 move thunderbolt +2, move reflect\n>p2 move icywind, switch 5\n>p1 move protect, move psychic +2\n>p2 move icywind, move wildcharge +1\n>p2 pass, switch 4\n>p1 move tailwind, move psychic +1\n>p2 move knockoff +2, move hypervoice\n>p1 move hurricane +1, move helpinghand -1\n>p2 move muddywater, move hypervoice\n>p1 switch 6, pass\n>p2 switch 6, pass\n>p1 move playrough +1, switch 4\n>p2 move tailwind, switch 3\n>p1 move playrough +2, move aurawheel +1\n>p2 move protect, move gunkshot +2 terastallize\n>p1 move playrough +1, move knockoff +1\n>p2 move dracometeor +2, move thunderwave +1\n>p1 pass, switch 4\n>p2 switch 3, pass\n>p1 move playrough +1, move lightscreen\n>p2 move hypervoice, move taunt +2\n>p1 pass, switch 3\n>p1 move playrough +1, move icebeam +2\n>p2 move thunderwave +2, move gunkshot +2\n>p1 move playrough +1, move protect\n>p2 move helpinghand -2, move gunkshot +2\n>p1 move playrough +2, move takeheart\n>p2 move helpinghand -2, move gunkshot +2\n>p2 pass, switch 5\n>p1 move playrough +2, move protect\n>p2 move hypervoice, move tailwind\n>p1 move playrough +2, move icebeam +2\n>p2 move lifedew, move darkpulse +2\n>p1 pass, switch 5\n>p1 move playrough +2, move protect\n>p2 move thunderwave +2, move protect\n>p1 move playrough +2, move protect\n>p2 move helpinghand -2, move hurricane +2\n>p1 move playrough +1, move knockoff +1\n>p2 move hypervoice, pass\n>p1 move playrough +1, pass\n>p2 move hypervoice, pass\n>forcelose p1", "uploadtime": 1770830129, "views": 78, "formatid": "gen9randomdoublesbattle", "rating": 1618, "private": 0, "password": null}