{"id": "gen9randomdoublesbattle-2534683680", "format": "[Gen 9] Random Doubles Battle", "players": ["reyimo45", "Diego1912"], "log": "|j|☆reyimo45\n|j|☆Diego1912\n|t:|1770460868\n|gametype|doubles\n|player|p1|reyimo45|170|1726\n|player|p2|Diego1912|266|1616\n|gen|9\n|tier|[Gen 9] Random Doubles Battle\n|rated|\n|rule|Species Clause: Limit one of each Pokémon\n|rule|HP Percentage Mod: HP is shown in percentages\n|rule|Illusion Level Mod: Illusion disguises the Pokémon's true level\n|rule|Sleep Clause Mod: Limit one foe put to sleep\n|\n|t:|1770460868\n|teamsize|p1|6\n|teamsize|p2|6\n|start\n|switch|p1a: Torkoal|Torkoal, L86, M|261/261\n|switch|p1b: Braviary|Braviary-Hisui, L84, M|322/322\n|switch|p2a: Iron Valiant|Iron Valiant, L79|247/247\n|switch|p2b: Sandslash|Sandslash-Alola, L91, M|284/284\n|-weather|SunnyDay|[from] ability: Drought|[of] p1a: Torkoal\n|turn|1\n|inactive|Battle timer is ON: inactive players will automatically lose when time's up. (requested by Diego1912)\n|\n|t:|1770460904\n|-terastallize|p2a: Iron Valiant|Dark\n|move|p1b: Braviary|Protect|p1b: Braviary\n|-singleturn|p1b: Braviary|Protect\n|move|p2a: Iron Valiant|Knock Off|p1a: Torkoal\n|-damage|p1a: Torkoal|160/261\n|-enditem|p1a: Torkoal|Sitrus Berry|[from] move: Knock Off|[of] p2a: Iron Valiant\n|-damage|p2a: Iron Valiant|223/247|[from] item: Life Orb\n|move|p2b: Sandslash|Drill Run|p1a: Torkoal\n|-supereffective|p1a: Torkoal\n|-damage|p1a: Torkoal|74/261\n|move|p1a: Torkoal|Fire Blast|p2b: Sandslash\n|-supereffective|p2b: Sandslash\n|-damage|p2b: Sandslash|0 fnt\n|faint|p2b: Sandslash\n|\n|-weather|SunnyDay|[upkeep]\n|upkeep\n|\n|t:|1770460924\n|switch|p2b: Lapras|Lapras, L83, M|351/351\n|turn|2\n|inactive|reyimo45 has 120 seconds left.\n|\n|t:|1770460971\n|-terastallize|p1b: Braviary|Steel\n|move|p2a: Iron Valiant|Knock Off|p1b: Braviary\n|-damage|p1b: Braviary|143/322\n|-enditem|p1b: Braviary|Leftovers|[from] move: Knock Off|[of] p2a: Iron Valiant\n|-damage|p2a: Iron Valiant|199/247|[from] item: Life Orb\n|move|p1b: Braviary|Esper Wing|p2b: Lapras\n|-damage|p2b: Lapras|267/351\n|-boost|p1b: Braviary|spe|1\n|move|p2b: Lapras|Muddy Water|p1b: Braviary|[spread] \n|-miss|p2b: Lapras|p1a: Torkoal\n|-miss|p2b: Lapras|p1b: Braviary\n|move|p1a: Torkoal|Solar Beam||[still]\n|-prepare|p1a: Torkoal|Solar Beam\n|-anim|p1a: Torkoal|Solar Beam|p2b: Lapras\n|-supereffective|p2b: Lapras\n|-damage|p2b: Lapras|109/351\n|-enditem|p2b: Lapras|Sitrus Berry|[eat]\n|-heal|p2b: Lapras|196/351|[from] item: Sitrus Berry\n|\n|-weather|SunnyDay|[upkeep]\n|upkeep\n|turn|3\n|inactive|reyimo45 has 120 seconds left.\n|inactive|Diego1912 has 120 seconds left.\n|inactive|reyimo45 has 90 seconds left.\n|\n|t:|1770461014\n|switch|p1a: Politoed|Politoed, L82, M|282/282\n|-weather|RainDance|[from] ability: Drizzle|[of] p1a: Politoed\n|move|p1b: Braviary|Hurricane|p2a: Iron Valiant\n|-crit|p2a: Iron Valiant\n|-damage|p2a: Iron Valiant|0 fnt\n|faint|p2a: Iron Valiant\n|-end|p2a: Iron Valiant|Quark Drive|[silent]\n|move|p2b: Lapras|Muddy Water|p1a: Politoed|[spread] p1b\n|-miss|p2b: Lapras|p1a: Politoed\n|-damage|p1b: Braviary|40/322\n|\n|-weather|RainDance|[upkeep]\n|upkeep\n|inactive|Diego1912 has 120 seconds left.\n|\n|t:|1770461031\n|switch|p2a: Gholdengo|Gholdengo, L78|264/264\n|turn|4\n|inactive|Diego1912 has 120 seconds left.\n|\n|t:|1770461048\n|move|p1b: Braviary|Hurricane|p2b: Lapras\n|-damage|p2b: Lapras|78/351\n|move|p2a: Gholdengo|Make It Rain|p1a: Politoed|[spread] p1a,p1b\n|-resisted|p1a: Politoed\n|-resisted|p1b: Braviary\n|-crit|p1b: Braviary\n|-damage|p1a: Politoed|233/282\n|-damage|p1b: Braviary|0 fnt\n|-unboost|p2a: Gholdengo|spa|1\n|faint|p1b: Braviary\n|move|p1a: Politoed|Muddy Water|p2a: Gholdengo|[spread] \n|-heal|p2b: Lapras|165/351|[from] ability: Water Absorb|[of] p1a: Politoed\n|-miss|p1a: Politoed|p2a: Gholdengo\n|move|p2b: Lapras|Freeze-Dry|p1a: Politoed\n|-supereffective|p1a: Politoed\n|-damage|p1a: Politoed|117/282\n|-enditem|p1a: Politoed|Sitrus Berry|[eat]\n|-heal|p1a: Politoed|187/282|[from] item: Sitrus Berry\n|\n|-weather|RainDance|[upkeep]\n|upkeep\n|inactive|reyimo45 has 90 seconds left.\n|\n|t:|1770461082\n|switch|p1b: Malamar|Malamar, L80, M|269/269\n|turn|5\n|\n|t:|1770461094\n|switch|p1a: Torkoal|Torkoal, L86, M|74/261\n|-weather|SunnyDay|[from] ability: Drought|[of] p1a: Torkoal\n|move|p2a: Gholdengo|Protect|p2a: Gholdengo\n|-singleturn|p2a: Gholdengo|Protect\n|move|p2b: Lapras|Muddy Water|p1b: Malamar|[spread] p1a,p1b\n|-supereffective|p1a: Torkoal\n|-damage|p1a: Torkoal|0 fnt\n|-damage|p1b: Malamar|230/269\n|faint|p1a: Torkoal\n|move|p1b: Malamar|Trick Room|p1b: Malamar\n|-fieldstart|move: Trick Room|[of] p1b: Malamar\n|\n|-weather|SunnyDay|[upkeep]\n|upkeep\n|inactive|reyimo45 has 90 seconds left.\n|\n|t:|1770461108\n|switch|p1a: Diancie|Diancie, L77|204/204\n|turn|6\n|\n|t:|1770461124\n|switch|p2a: Sandaconda|Sandaconda, L88, F|270/270\n|move|p1a: Diancie|Protect|p1a: Diancie\n|-singleturn|p1a: Diancie|Protect\n|move|p1b: Malamar|Knock Off|p2a: Sandaconda\n|-damage|p2a: Sandaconda|200/270\n|-enditem|p2a: Sandaconda|Leftovers|[from] move: Knock Off|[of] p1b: Malamar\n|move|p2b: Lapras|Muddy Water|p1a: Diancie|[spread] p1b\n|-activate|p1a: Diancie|move: Protect\n|-damage|p1b: Malamar|197/269\n|-boost|p1b: Malamar|accuracy|1\n|\n|-weather|SunnyDay|[upkeep]\n|upkeep\n|turn|7\n|inactive|reyimo45 has 120 seconds left.\n|inactive|Diego1912 has 120 seconds left.\n|\n|t:|1770461158\n|move|p2b: Lapras|Protect|p2b: Lapras\n|-singleturn|p2b: Lapras|Protect\n|move|p1a: Diancie|Diamond Storm|p2b: Lapras|[spread] p2a\n|-activate|p2b: Lapras|move: Protect\n|-resisted|p2a: Sandaconda\n|-crit|p2a: Sandaconda\n|-damage|p2a: Sandaconda|164/270\n|move|p1b: Malamar|Superpower|p2a: Sandaconda\n|-damage|p2a: Sandaconda|112/270\n|-boost|p1b: Malamar|atk|1\n|-boost|p1b: Malamar|def|1\n|move|p2a: Sandaconda|High Horsepower|p1b: Malamar\n|-damage|p1b: Malamar|118/269\n|-enditem|p1b: Malamar|Sitrus Berry|[eat]\n|-heal|p1b: Malamar|185/269|[from] item: Sitrus Berry\n|\n|-weather|SunnyDay|[upkeep]\n|upkeep\n|turn|8\n|inactive|reyimo45 has 120 seconds left.\n|\n|t:|1770461181\n|switch|p2b: Gholdengo|Gholdengo, L78|264/264\n|move|p1a: Diancie|Diamond Storm|p2b: Gholdengo|[spread] p2a,p2b\n|-resisted|p2a: Sandaconda\n|-resisted|p2b: Gholdengo\n|-damage|p2a: Sandaconda|87/270\n|-damage|p2b: Gholdengo|230/264\n|-boost|p1a: Diancie|def|2\n|move|p1b: Malamar|Superpower|p2a: Sandaconda\n|-damage|p2a: Sandaconda|3/270\n|-boost|p1b: Malamar|atk|1\n|-boost|p1b: Malamar|def|1\n|move|p2a: Sandaconda|High Horsepower|p1a: Diancie\n|-supereffective|p1a: Diancie\n|-damage|p1a: Diancie|118/204\n|\n|-weather|SunnyDay|[upkeep]\n|upkeep\n|turn|9\n|\n|t:|1770461203\n|move|p2b: Gholdengo|Protect|p2b: Gholdengo\n|-singleturn|p2b: Gholdengo|Protect\n|move|p1a: Diancie|Diamond Storm|p2b: Gholdengo|[spread] p2a\n|-activate|p2b: Gholdengo|move: Protect\n|-resisted|p2a: Sandaconda\n|-damage|p2a: Sandaconda|0 fnt\n|faint|p2a: Sandaconda\n|move|p1b: Malamar|Knock Off|p2b: Gholdengo\n|-activate|p2b: Gholdengo|move: Protect\n|\n|-weather|none\n|-fieldend|move: Trick Room\n|upkeep\n|\n|t:|1770461215\n|switch|p2a: Lapras|Lapras, L83, M|165/351\n|turn|10\n|\n|t:|1770461232\n|move|p1a: Diancie|Protect|p1a: Diancie\n|-singleturn|p1a: Diancie|Protect\n|move|p2b: Gholdengo|Make It Rain|p1a: Diancie|[spread] p1b\n|-activate|p1a: Diancie|move: Protect\n|-damage|p1b: Malamar|56/269\n|-unboost|p2b: Gholdengo|spa|1\n|move|p2a: Lapras|Freeze-Dry|p1b: Malamar\n|-damage|p1b: Malamar|0 fnt\n|faint|p1b: Malamar\n|\n|upkeep\n|inactive|reyimo45 has 120 seconds left.\n|\n|t:|1770461263\n|switch|p1b: Coalossal|Coalossal, L90, F|344/344\n|turn|11\n|inactive|reyimo45 has 120 seconds left.\n|\n|t:|1770461282\n|switch|p2b: Magmortar|Magmortar, L84, F|263/263\n|move|p2a: Lapras|Muddy Water|p1b: Coalossal|[spread] p1b\n|-miss|p2a: Lapras|p1a: Diancie\n|-supereffective|p1b: Coalossal\n|-damage|p1b: Coalossal|88/344\n|-unboost|p1b: Coalossal|accuracy|1\n|-enditem|p1b: Coalossal|Sitrus Berry|[eat]\n|-heal|p1b: Coalossal|174/344|[from] item: Sitrus Berry\n|move|p1b: Coalossal|Stone Edge|p2a: Lapras|[miss]\n|-miss|p1b: Coalossal|p2a: Lapras\n|move|p1a: Diancie|Diamond Storm|p2b: Magmortar|[spread] p2a,p2b\n|-supereffective|p2a: Lapras\n|-supereffective|p2b: Magmortar\n|-damage|p2a: Lapras|9/351\n|-damage|p2b: Magmortar|105/263\n|-boost|p1a: Diancie|def|2\n|-enditem|p2b: Magmortar|Sitrus Berry|[eat]\n|-heal|p2b: Magmortar|170/263|[from] item: Sitrus Berry\n|\n|upkeep\n|turn|12\n|inactive|reyimo45 has 120 seconds left.\n|\n|t:|1770461311\n|move|p2b: Magmortar|Thunderbolt|p1a: Diancie\n|-damage|p1a: Diancie|61/204\n|-enditem|p1a: Diancie|Sitrus Berry|[eat]\n|-heal|p1a: Diancie|112/204|[from] item: Sitrus Berry\n|move|p2a: Lapras|Muddy Water|p1b: Coalossal|[spread] p1a,p1b\n|-supereffective|p1a: Diancie\n|-supereffective|p1b: Coalossal\n|-damage|p1a: Diancie|20/204\n|-damage|p1b: Coalossal|0 fnt\n|faint|p1b: Coalossal\n|move|p1a: Diancie|Trick Room|p1a: Diancie\n|-fieldstart|move: Trick Room|[of] p1a: Diancie\n|\n|upkeep\n|inactive|reyimo45 has 120 seconds left.\n|\n|t:|1770461320\n|switch|p1b: Politoed|Politoed, L82, M|187/282\n|-weather|RainDance|[from] ability: Drizzle|[of] p1b: Politoed\n|turn|13\n|\n|t:|1770461343\n|move|p2b: Magmortar|Protect|p2b: Magmortar\n|-singleturn|p2b: Magmortar|Protect\n|move|p1a: Diancie|Diamond Storm|p2a: Lapras|[spread] p2a\n|-activate|p2b: Magmortar|move: Protect\n|-supereffective|p2a: Lapras\n|-damage|p2a: Lapras|0 fnt\n|-boost|p1a: Diancie|def|2\n|faint|p2a: Lapras\n|move|p1b: Politoed|Muddy Water|p2b: Magmortar\n|-activate|p2b: Magmortar|move: Protect\n|\n|-weather|RainDance|[upkeep]\n|upkeep\n|\n|t:|1770461353\n|switch|p2a: Gholdengo|Gholdengo, L78|230/264\n|turn|14\n|\n|t:|1770461360\n|move|p1a: Diancie|Diamond Storm|p2a: Gholdengo|[spread] p2a,p2b\n|-resisted|p2a: Gholdengo\n|-supereffective|p2b: Magmortar\n|-damage|p2a: Gholdengo|197/264\n|-damage|p2b: Magmortar|12/263\n|move|p1b: Politoed|Muddy Water|p2a: Gholdengo|[spread] p2a\n|-miss|p1b: Politoed|p2b: Magmortar\n|-damage|p2a: Gholdengo|101/264\n|-unboost|p2a: Gholdengo|accuracy|1\n|-enditem|p2a: Gholdengo|Sitrus Berry|[eat]\n|-heal|p2a: Gholdengo|167/264|[from] item: Sitrus Berry\n|move|p2a: Gholdengo|Make It Rain|p1b: Politoed|[spread] p1a,p1b\n|-supereffective|p1a: Diancie\n|-resisted|p1b: Politoed\n|-damage|p1a: Diancie|0 fnt\n|-damage|p1b: Politoed|141/282\n|-unboost|p2a: Gholdengo|spa|1\n|faint|p1a: Diancie\n|move|p2b: Magmortar|Thunderbolt|p1b: Politoed\n|-supereffective|p1b: Politoed\n|-damage|p1b: Politoed|0 fnt\n|faint|p1b: Politoed\n|\n|win|Diego1912\n|raw|reyimo45's rating: 1726 &rarr; <strong>1700</strong><br />(-26 for losing)\n|raw|Diego1912's rating: 1616 &rarr; <strong>1642</strong><br />(+26 for winning)\n|c|☆Diego1912|Gg\n|c|☆reyimo45|Gg\n", "inputlog": ">version ccdc32dd7cde25fd9e4bed64820e885f66e78a4e\n>start {\"formatid\":\"gen9randomdoublesbattle\",\"seed\":\"sodium,dc2949f00d43a4270e0b85a3023c749f\",\"rated\":\"Rated battle\"}\n>player p1 {\"name\":\"reyimo45\",\"avatar\":\"170\",\"rating\":1726,\"seed\":\"sodium,2917f10c8fdf10bbeb574b49882aa3df\"}\n>player p2 {\"name\":\"Diego1912\",\"avatar\":\"266\",\"rating\":1616,\"seed\":\"sodium,404a9ad6d3b9ff512aad8d1f8906aacb\"}\n>p1 move fireblast +2, move protect\n>p2 move knockoff +1 terastallize, move drillrun +1\n>p2 pass, switch 4\n>p1 move solarbeam +2, move esperwing +2 terastallize\n>p2 move knockoff +2, move muddywater\n>p1 switch 3, move hurricane +1\n>p2 move closecombat +2, move muddywater\n>p2 switch 5, pass\n>p1 move muddywater, move hurricane +2\n>p2 move makeitrain, move freezedry +1\n>p1 pass, switch 4\n>p1 switch 3, move trickroom\n>p2 move protect, move muddywater\n>p1 switch 5, pass\n>p1 move protect, move knockoff +1\n>p2 switch 3, move muddywater\n>p1 move diamondstorm, move superpower +1\n>p2 move highhorsepower +2, move protect\n>p1 move diamondstorm, move superpower +1\n>p2 move highhorsepower +1, switch 3\n>p1 move diamondstorm, move knockoff +2\n>p2 move rest, move protect\n>p2 switch 3, pass\n>p1 move protect, move trickroom\n>p2 move freezedry +2, move makeitrain\n>p1 pass, switch 6\n>p1 move diamondstorm, move stoneedge +1\n>p2 move muddywater, switch 6\n>p1 move trickroom, move stoneedge +1\n>p2 move muddywater, move thunderbolt +1\n>p1 pass, switch 3\n>p1 move diamondstorm, move muddywater\n>p2 move muddywater, move protect\n>p2 switch 6, pass\n>p1 move diamondstorm, move muddywater\n>p2 move makeitrain, move thunderbolt +2", "uploadtime": 1770461390, "views": 90, "formatid": "gen9randomdoublesbattle", "rating": 1642, "private": 0, "password": null}