{"id": "gen9randomdoublesbattle-2536680178", "format": "[Gen 9] Random Doubles Battle", "players": ["Sid1611101", "kalsonofjor"], "log": "|j|☆Sid1611101\n|j|☆kalsonofjor\n|t:|1770725116\n|gametype|doubles\n|player|p1|Sid1611101|102|1831\n|player|p2|kalsonofjor|265|1831\n|gen|9\n|tier|[Gen 9] Random Doubles Battle\n|rated|\n|rule|Species Clause: Limit one of each Pokémon\n|rule|HP Percentage Mod: HP is shown in percentages\n|rule|Illusion Level Mod: Illusion disguises the Pokémon's true level\n|rule|Sleep Clause Mod: Limit one foe put to sleep\n|\n|t:|1770725116\n|teamsize|p1|6\n|teamsize|p2|6\n|start\n|switch|p1a: Mismagius|Mismagius, L88, M|249/249\n|switch|p1b: Galvantula|Galvantula, L85, M|258/258\n|switch|p2a: Alcremie|Alcremie-Lemon-Cream, L90, F|263/263\n|switch|p2b: Ariados|Ariados, F|302/302\n|turn|1\n|inactive|Battle timer is ON: inactive players will automatically lose when time's up. (requested by Sid1611101)\n|\n|t:|1770725145\n|move|p1a: Mismagius|Mystical Fire|p2b: Ariados\n|-supereffective|p2b: Ariados\n|-damage|p2b: Ariados|149/302\n|-unboost|p2b: Ariados|spa|1\n|-damage|p1a: Mismagius|225/249|[from] item: Life Orb\n|move|p1b: Galvantula|Thunder|p2b: Ariados\n|-damage|p2b: Ariados|34/302\n|-status|p2b: Ariados|par\n|move|p2a: Alcremie|Encore|p1b: Galvantula\n|-start|p1b: Galvantula|Encore\n|move|p2b: Ariados|Knock Off|p1a: Mismagius\n|-supereffective|p1a: Mismagius\n|-damage|p1a: Mismagius|0 fnt\n|-enditem|p1a: Mismagius|Life Orb|[from] move: Knock Off|[of] p2b: Ariados\n|faint|p1a: Mismagius\n|\n|upkeep\n|\n|t:|1770725162\n|switch|p1a: Leafeon|Leafeon, L90, F|263/263\n|turn|2\n|\n|t:|1770725175\n|move|p2a: Alcremie|Protect|p2a: Alcremie\n|-singleturn|p2a: Alcremie|Protect\n|move|p1b: Galvantula|Thunder|p2a: Alcremie\n|-activate|p2a: Alcremie|move: Protect\n|move|p1a: Leafeon|Double-Edge|p2b: Ariados\n|-damage|p2b: Ariados|0 fnt\n|-damage|p1a: Leafeon|220/263|[from] item: Rocky Helmet|[of] p2b: Ariados\n|faint|p2b: Ariados\n|-damage|p1a: Leafeon|209/263|[from] Recoil\n|-damage|p1a: Leafeon|183/263|[from] item: Life Orb\n|\n|upkeep\n|\n|t:|1770725189\n|switch|p2b: Oinkologne|Oinkologne-F, L92, F|361/361\n|turn|3\n|\n|t:|1770725207\n|move|p1b: Galvantula|Thunder|p2b: Oinkologne\n|-damage|p2b: Oinkologne|255/361\n|move|p1a: Leafeon|Swords Dance|p1a: Leafeon\n|-boost|p1a: Leafeon|atk|2\n|move|p2b: Oinkologne|Yawn|p1a: Leafeon\n|-start|p1a: Leafeon|move: Yawn|[of] p2b: Oinkologne\n|move|p2a: Alcremie|Decorate|p2b: Oinkologne\n|-boost|p2b: Oinkologne|atk|2\n|-boost|p2b: Oinkologne|spa|2\n|\n|upkeep\n|turn|4\n|\n|t:|1770725230\n|move|p2a: Alcremie|Protect|p2a: Alcremie\n|-singleturn|p2a: Alcremie|Protect\n|move|p1b: Galvantula|Thunder|p2a: Alcremie\n|-activate|p2a: Alcremie|move: Protect\n|move|p1a: Leafeon|Double-Edge|p2a: Alcremie\n|-activate|p2a: Alcremie|move: Protect\n|move|p2b: Oinkologne|Double-Edge|p1b: Galvantula\n|-damage|p1b: Galvantula|0 fnt\n|faint|p1b: Galvantula\n|-damage|p2b: Oinkologne|170/361|[from] Recoil\n|-enditem|p2b: Oinkologne|Aguav Berry|[eat]\n|-heal|p2b: Oinkologne|290/361|[from] item: Aguav Berry\n|\n|-end|p1a: Leafeon|move: Yawn|[silent]\n|-status|p1a: Leafeon|slp\n|upkeep\n|inactive|Sid1611101 has 120 seconds left.\n|\n|t:|1770725245\n|switch|p1b: Scrafty|Scrafty, L83, M|244/244\n|-ability|p1b: Scrafty|Intimidate|boost\n|-unboost|p2a: Alcremie|atk|1\n|-unboost|p2b: Oinkologne|atk|1\n|turn|5\n|\n|t:|1770725252\n|move|p1b: Scrafty|Fake Out|p2b: Oinkologne\n|-damage|p2b: Oinkologne|262/361\n|cant|p1a: Leafeon|slp\n|cant|p2b: Oinkologne|flinch\n|move|p2a: Alcremie|Dazzling Gleam|p1b: Scrafty|[spread] p1a,p1b\n|-supereffective|p1b: Scrafty\n|-crit|p1b: Scrafty\n|-damage|p1a: Leafeon|81/263 slp\n|-damage|p1b: Scrafty|0 fnt\n|faint|p1b: Scrafty\n|\n|upkeep\n|-message|Sid1611101 forfeited.\n|\n|win|kalsonofjor\n|raw|Sid1611101's rating: 1831 &rarr; <strong>1811</strong><br />(-20 for losing)\n|raw|kalsonofjor's rating: 1831 &rarr; <strong>1851</strong><br />(+20 for winning)\n|l|☆Sid1611101\n|player|p1|\n", "inputlog": ">version ccdc32dd7cde25fd9e4bed64820e885f66e78a4e\n>start {\"formatid\":\"gen9randomdoublesbattle\",\"seed\":\"sodium,7e9ea11eae565f9f148d8c36ca3ad9f1\",\"rated\":\"Rated battle\"}\n>player p1 {\"name\":\"Sid1611101\",\"avatar\":\"102\",\"rating\":1831,\"seed\":\"sodium,6cf1e2305936425db0766e59661dc24a\"}\n>player p2 {\"name\":\"kalsonofjor\",\"avatar\":\"265\",\"rating\":1831,\"seed\":\"sodium,0931f1bc5969e4674fe04b5bf56222c3\"}\n>p1 move mysticalfire +2, move thunder +2\n>p2 move encore +2, move knockoff +1\n>p1 switch 6, pass\n>p1 move doubleedge +2, move thunder +1\n>p2 move protect, move stickyweb\n>p2 pass, switch 3\n>p1 move swordsdance, move thunder +2\n>p2 move decorate -2, move yawn +1\n>p1 move doubleedge +1, move thunder +1\n>p2 move protect, move doubleedge +2\n>p1 pass, switch 3\n>p1 move doubleedge +1, move fakeout +2\n>p2 move dazzlinggleam, move doubleedge +1\n>forcelose p1", "uploadtime": 1770725276, "views": 56, "formatid": "gen9randomdoublesbattle", "rating": 1811, "private": 0, "password": null}