{"id": "gen9randomdoublesbattle-2539109864", "format": "[Gen 9] Random Doubles Battle", "players": ["Motorgis", "astypasty"], "log": "|j|☆Motorgis\n|j|☆astypasty\n|t:|1771012386\n|gametype|doubles\n|player|p1|Motorgis|biker-gen4|1604\n|player|p2|astypasty|102|1692\n|gen|9\n|tier|[Gen 9] Random Doubles Battle\n|rated|\n|rule|Species Clause: Limit one of each Pokémon\n|rule|HP Percentage Mod: HP is shown in percentages\n|rule|Illusion Level Mod: Illusion disguises the Pokémon's true level\n|rule|Sleep Clause Mod: Limit one foe put to sleep\n|\n|t:|1771012386\n|teamsize|p1|6\n|teamsize|p2|6\n|start\n|switch|p1a: Copperajah|Copperajah, L86, M|350/350\n|switch|p1b: Overqwil|Overqwil, L82, M|274/274\n|switch|p2a: Necrozma|Necrozma-Dawn-Wings, L74|266/266\n|switch|p2b: Kyurem|Kyurem-White, L72|299/299\n|-ability|p1b: Overqwil|Intimidate|boost\n|-unboost|p2a: Necrozma|atk|1\n|-unboost|p2b: Kyurem|atk|1\n|-ability|p2b: Kyurem|Turboblaze\n|turn|1\n|c|☆Motorgis|Kyurem white XD?\n|\n|t:|1771012417\n|switch|p2a: Eternatus|Eternatus, L70|312/312\n|-ability|p2a: Eternatus|Pressure\n|-terastallize|p1a: Copperajah|Fire\n|move|p1b: Overqwil|Crunch|p2a: Eternatus\n|-damage|p2a: Eternatus|182/312\n|-damage|p1b: Overqwil|247/274|[from] item: Life Orb\n|move|p2b: Kyurem|Fusion Flare|p1a: Copperajah\n|-resisted|p1a: Copperajah\n|-damage|p1a: Copperajah|310/350\n|-damage|p2b: Kyurem|270/299|[from] item: Life Orb\n|move|p1a: Copperajah|High Horsepower|p2b: Kyurem\n|-damage|p2b: Kyurem|163/299\n|\n|-heal|p2a: Eternatus|201/312|[from] item: Leftovers\n|upkeep\n|turn|2\n|c|☆Motorgis|Necrozma and eternatus\n|c|☆Motorgis|wow\n|\n|t:|1771012446\n|move|p1b: Overqwil|Protect|p1b: Overqwil\n|-singleturn|p1b: Overqwil|Protect\n|move|p2a: Eternatus|Cosmic Power|p2a: Eternatus\n|-boost|p2a: Eternatus|def|1\n|-boost|p2a: Eternatus|spd|1\n|move|p2b: Kyurem|Draco Meteor|p1a: Copperajah\n|-damage|p1a: Copperajah|162/350\n|-unboost|p2b: Kyurem|spa|2\n|-damage|p2b: Kyurem|134/299|[from] item: Life Orb\n|move|p1a: Copperajah|Stone Edge|p2b: Kyurem\n|-supereffective|p2b: Kyurem\n|-damage|p2b: Kyurem|0 fnt\n|faint|p2b: Kyurem\n|\n|-heal|p2a: Eternatus|220/312|[from] item: Leftovers\n|upkeep\n|\n|t:|1771012473\n|switch|p2b: Uxie|Uxie, L85|266/266\n|turn|3\n|c|☆Motorgis|uxie...\n|c|☆Motorgis|Why\n|\n|t:|1771012500\n|move|p2a: Eternatus|Cosmic Power|p2a: Eternatus\n|-boost|p2a: Eternatus|def|1\n|-boost|p2a: Eternatus|spd|1\n|move|p2b: Uxie|Encore|p1b: Overqwil\n|-start|p1b: Overqwil|Encore\n|move|p1b: Overqwil|Protect||[still]\n|-fail|p1b: Overqwil\n|move|p1a: Copperajah|High Horsepower|p2a: Eternatus\n|-supereffective|p2a: Eternatus\n|-damage|p2a: Eternatus|118/312\n|\n|-heal|p2a: Eternatus|137/312|[from] item: Leftovers\n|upkeep\n|turn|4\n|\n|t:|1771012523\n|switch|p1b: Oinkologne|Oinkologne-F, L92, F|361/361\n|move|p2a: Eternatus|Recover|p2a: Eternatus\n|-heal|p2a: Eternatus|293/312\n|move|p2b: Uxie|Thunder Wave|p1b: Oinkologne\n|-status|p1b: Oinkologne|par\n|move|p1a: Copperajah|High Horsepower|p2a: Eternatus\n|-supereffective|p2a: Eternatus\n|-damage|p2a: Eternatus|183/312\n|\n|-heal|p2a: Eternatus|202/312|[from] item: Leftovers\n|upkeep\n|turn|5\n|\n|t:|1771012545\n|move|p1b: Oinkologne|Helping Hand|p1a: Copperajah\n|-singleturn|p1a: Copperajah|Helping Hand|[of] p1b: Oinkologne\n|move|p2a: Eternatus|Recover|p2a: Eternatus\n|-heal|p2a: Eternatus|312/312\n|move|p2b: Uxie|Thunder Wave|p1a: Copperajah\n|-status|p1a: Copperajah|par\n|cant|p1a: Copperajah|par\n|\n|upkeep\n|turn|6\n|\n|t:|1771012567\n|switch|p1b: Tsareena|Tsareena, L85, F|261/261\n|move|p2a: Eternatus|Cosmic Power|p2a: Eternatus\n|-boost|p2a: Eternatus|def|1\n|-boost|p2a: Eternatus|spd|1\n|move|p2b: Uxie|Mystical Power|p1a: Copperajah|[miss]\n|-miss|p2b: Uxie|p1a: Copperajah\n|cant|p1a: Copperajah|par\n|\n|upkeep\n|turn|7\n|\n|t:|1771012587\n|switch|p1a: Regirock|Regirock, L82|265/265\n|move|p2a: Eternatus|Flamethrower|p1b: Tsareena\n|-supereffective|p1b: Tsareena\n|-damage|p1b: Tsareena|189/261\n|move|p2b: Uxie|Mystical Power|p1a: Regirock\n|-damage|p1a: Regirock|201/265\n|-boost|p2b: Uxie|spa|1\n|move|p1b: Tsareena|Knock Off|p2b: Uxie\n|-supereffective|p2b: Uxie\n|-damage|p2b: Uxie|146/266\n|-enditem|p2b: Uxie|Sitrus Berry|[from] move: Knock Off|[of] p1b: Tsareena\n|\n|-heal|p1a: Regirock|217/265|[from] item: Leftovers\n|upkeep\n|turn|8\n|\n|t:|1771012612\n|switch|p1b: Copperajah|Copperajah, L86, M, tera:Fire|162/350 par\n|move|p2a: Eternatus|Flamethrower|p1b: Copperajah\n|-resisted|p1b: Copperajah\n|-damage|p1b: Copperajah|137/350 par\n|move|p2b: Uxie|Thunder Wave|p1b: Copperajah\n|-fail|p1b: Copperajah|par\n|move|p1a: Regirock|Thunder Wave|p2a: Eternatus\n|-status|p2a: Eternatus|par\n|\n|-heal|p1a: Regirock|233/265|[from] item: Leftovers\n|upkeep\n|turn|9\n|\n|t:|1771012636\n|move|p2b: Uxie|Thunder Wave|p1a: Regirock|[miss]\n|-miss|p2b: Uxie|p1a: Regirock\n|move|p1a: Regirock|Iron Defense|p1a: Regirock\n|-boost|p1a: Regirock|def|2\n|move|p2a: Eternatus|Dynamax Cannon|p1b: Copperajah\n|-damage|p1b: Copperajah|50/350 par\n|move|p1b: Copperajah|Heat Crash|p2b: Uxie\n|-damage|p2b: Uxie|26/266\n|\n|-heal|p1a: Regirock|249/265|[from] item: Leftovers\n|upkeep\n|turn|10\n|\n|t:|1771012656\n|switch|p1b: Oinkologne|Oinkologne-F, L92, F|361/361 par\n|move|p2b: Uxie|Thunder Wave|p1a: Regirock\n|-status|p1a: Regirock|par\n|cant|p2a: Eternatus|par\n|move|p1a: Regirock|Rock Slide|p2a: Eternatus|[spread] p2a,p2b\n|-damage|p2a: Eternatus|287/312 par\n|-damage|p2b: Uxie|0 fnt\n|faint|p2b: Uxie\n|\n|-heal|p2a: Eternatus|306/312 par|[from] item: Leftovers\n|-heal|p1a: Regirock|265/265 par|[from] item: Leftovers\n|upkeep\n|\n|t:|1771012673\n|switch|p2b: Necrozma|Necrozma-Dawn-Wings, L74|266/266\n|turn|11\n|\n|t:|1771012694\n|move|p2b: Necrozma|Moongeist Beam|p1a: Regirock\n|-damage|p1a: Regirock|127/265 par\n|-damage|p2b: Necrozma|240/266|[from] item: Life Orb\n|cant|p2a: Eternatus|par\n|move|p1b: Oinkologne|Lash Out|p2b: Necrozma\n|-supereffective|p2b: Necrozma\n|-damage|p2b: Necrozma|66/266\n|cant|p1a: Regirock|par\n|\n|-heal|p2a: Eternatus|312/312 par|[from] item: Leftovers\n|-heal|p1a: Regirock|143/265 par|[from] item: Leftovers\n|upkeep\n|turn|12\n|\n|t:|1771012720\n|move|p2b: Necrozma|Photon Geyser|p1a: Regirock\n|-damage|p1a: Regirock|1/265 par\n|-damage|p2b: Necrozma|40/266|[from] item: Life Orb\n|cant|p2a: Eternatus|par\n|move|p1b: Oinkologne|Lash Out|p2b: Necrozma\n|-supereffective|p2b: Necrozma\n|-damage|p2b: Necrozma|0 fnt\n|faint|p2b: Necrozma\n|move|p1a: Regirock|Body Press|p2a: Eternatus\n|-resisted|p2a: Eternatus\n|-damage|p2a: Eternatus|266/312 par\n|\n|-heal|p2a: Eternatus|285/312 par|[from] item: Leftovers\n|-heal|p1a: Regirock|17/265 par|[from] item: Leftovers\n|upkeep\n|\n|t:|1771012730\n|switch|p2b: Regieleki|Regieleki, L79|256/256\n|turn|13\n|c|☆Motorgis|WTF\n|\n|t:|1771012746\n|move|p2b: Regieleki|Electroweb|p1b: Oinkologne|[spread] p1a,p1b\n|-damage|p1a: Regirock|0 fnt\n|-damage|p1b: Oinkologne|309/361 par\n|-unboost|p1b: Oinkologne|spe|1\n|faint|p1a: Regirock\n|move|p2a: Eternatus|Dynamax Cannon|p1b: Oinkologne\n|-damage|p1b: Oinkologne|215/361 par\n|cant|p1b: Oinkologne|par\n|\n|-heal|p2a: Eternatus|304/312 par|[from] item: Leftovers\n|upkeep\n|\n|t:|1771012783\n|switch|p1a: Tsareena|Tsareena, L85, F|189/261\n|turn|14\n|\n|t:|1771012812\n|move|p2b: Regieleki|Thunderbolt|p1b: Oinkologne\n|-damage|p1b: Oinkologne|85/361 par\n|-enditem|p1b: Oinkologne|Figy Berry|[eat]\n|-heal|p1b: Oinkologne|205/361 par|[from] item: Figy Berry\n|move|p1a: Tsareena|Triple Axel|p2a: Eternatus\n|-supereffective|p2a: Eternatus\n|-damage|p2a: Eternatus|288/312 par\n|-hitcount|p2a: Eternatus|1\n|cant|p2a: Eternatus|par\n|move|p1b: Oinkologne|Double-Edge|p2b: Regieleki\n|-damage|p2b: Regieleki|22/256\n|-damage|p1b: Oinkologne|128/361 par|[from] Recoil\n|\n|-heal|p2a: Eternatus|307/312 par|[from] item: Leftovers\n|upkeep\n|turn|15\n|\n|t:|1771012841\n|move|p2b: Regieleki|Thunderbolt|p1b: Oinkologne\n|-damage|p1b: Oinkologne|8/361 par\n|move|p1a: Tsareena|Knock Off|p2a: Eternatus\n|-damage|p2a: Eternatus|268/312 par\n|-enditem|p2a: Eternatus|Leftovers|[from] move: Knock Off|[of] p1a: Tsareena\n|move|p2a: Eternatus|Flamethrower|p1a: Tsareena\n|-supereffective|p1a: Tsareena\n|-crit|p1a: Tsareena\n|-damage|p1a: Tsareena|79/261\n|cant|p1b: Oinkologne|par\n|\n|upkeep\n|turn|16\n|\n|t:|1771012866\n|move|p1b: Oinkologne|Protect|p1b: Oinkologne\n|-singleturn|p1b: Oinkologne|Protect\n|move|p2b: Regieleki|Electroweb|p1b: Oinkologne|[spread] p1a\n|-activate|p1b: Oinkologne|move: Protect\n|-resisted|p1a: Tsareena\n|-damage|p1a: Tsareena|61/261\n|-unboost|p1a: Tsareena|spe|1\n|move|p1a: Tsareena|Knock Off|p2b: Regieleki\n|-damage|p2b: Regieleki|0 fnt\n|-enditem|p2b: Regieleki|Magnet|[from] move: Knock Off|[of] p1a: Tsareena\n|faint|p2b: Regieleki\n|move|p2a: Eternatus|Flamethrower|p1a: Tsareena\n|-supereffective|p1a: Tsareena\n|-damage|p1a: Tsareena|0 fnt\n|faint|p1a: Tsareena\n|\n|upkeep\n|\n|t:|1771012891\n|switch|p2b: Typhlosion|Typhlosion-Hisui, L77, M|239/239\n|switch|p1a: Ariados|Ariados, M|302/302\n|turn|17\n|c|☆Motorgis|well, that not a legendary pokemon\n|\n|t:|1771012912\n|switch|p1a: Copperajah|Copperajah, L86, M, tera:Fire|50/350 par\n|-terastallize|p2b: Typhlosion|Fire\n|move|p2b: Typhlosion|Eruption|p1a: Copperajah|[spread] p1a,p1b\n|-resisted|p1a: Copperajah\n|-damage|p1a: Copperajah|0 fnt\n|-damage|p1b: Oinkologne|0 fnt\n|faint|p1a: Copperajah\n|faint|p1b: Oinkologne\n|cant|p2a: Eternatus|par\n|\n|upkeep\n|\n|t:|1771012922\n|switch|p1b: Ariados|Ariados, M|302/302\n|switch|p1a: Overqwil|Overqwil, L82, M|247/274\n|-ability|p1a: Overqwil|Intimidate|boost\n|-unboost|p2a: Eternatus|atk|1\n|-unboost|p2b: Typhlosion|atk|1\n|turn|18\n|\n|t:|1771012932\n|move|p2b: Typhlosion|Eruption|p1a: Overqwil|[spread] p1a,p1b\n|-supereffective|p1b: Ariados\n|-damage|p1a: Overqwil|0 fnt\n|-damage|p1b: Ariados|0 fnt\n|faint|p1a: Overqwil\n|faint|p1b: Ariados\n|\n|win|astypasty\n|raw|Motorgis's rating: 1604 &rarr; <strong>1589</strong><br />(-15 for losing)\n|raw|astypasty's rating: 1692 &rarr; <strong>1707</strong><br />(+15 for winning)\n|l|☆Motorgis\n|player|p1|\n|j|☆Motorgis\n|player|p1|Motorgis|biker-gen4|\n", "inputlog": ">version ccdc32dd7cde25fd9e4bed64820e885f66e78a4e\n>start {\"formatid\":\"gen9randomdoublesbattle\",\"seed\":\"sodium,2911ff681403cb63e7d14521ec10b2c8\",\"rated\":\"Rated battle\"}\n>player p1 {\"name\":\"Motorgis\",\"avatar\":\"biker-gen4\",\"rating\":1604,\"seed\":\"sodium,802af45acbd39e79b94d49518716c318\"}\n>player p2 {\"name\":\"astypasty\",\"avatar\":\"102\",\"rating\":1692,\"seed\":\"sodium,727082ff2bc5e5af949b0408e7e8ccca\"}\n>chat ☆Motorgis|Kyurem white XD?\n>p1 move highhorsepower +2 terastallize, move crunch +1\n>p2 switch 5, move fusionflare +1\n>chat ☆Motorgis|Necrozma and eternatus\n>chat ☆Motorgis|wow\n>p1 move stoneedge +2, move protect\n>p2 move cosmicpower, move dracometeor +1\n>p2 pass, switch 6\n>chat ☆Motorgis|uxie...\n>chat ☆Motorgis|Why\n>p1 move highhorsepower +1, move crunch +2\n>p2 move cosmicpower, move encore +2\n>p1 move highhorsepower +1, switch 6\n>p2 move recover, move thunderwave +2\n>p1 move highhorsepower +1, move helpinghand -1\n>p2 move recover, move thunderwave +1\n>p1 move highhorsepower +1, switch 4\n>p2 move cosmicpower, move mysticalpower +1\n>p1 switch 3, move knockoff +2\n>p2 move flamethrower +2, move mysticalpower +1\n>p1 move thunderwave +1, switch 3\n>p2 move flamethrower +2, move thunderwave +2\n>p1 move irondefense, move heatcrash +2\n>p2 move dynamaxcannon +2, move thunderwave +1\n>p1 move rockslide, switch 4\n>p2 move dynamaxcannon +2, move thunderwave +1\n>p2 pass, switch 5\n>p1 move irondefense, move lashout +2\n>p2 move dynamaxcannon +2, move moongeistbeam +1\n>p1 move bodypress +1, move lashout +2\n>p2 move dynamaxcannon +2, move photongeyser +1\n>p2 pass, switch 3\n>chat ☆Motorgis|WTF\n>p1 move rockslide, move doubleedge +2\n>p2 move dynamaxcannon +2, move electroweb\n>p1 switch 3, pass\n>p1 move tripleaxel +1, move doubleedge +2\n>p2 move dynamaxcannon +2, move thunderbolt +2\n>p1 move knockoff +1, move doubleedge +2\n>p2 move flamethrower +1, move thunderbolt +2\n>p1 move knockoff +2, move protect\n>p2 move flamethrower +1, move electroweb\n>p1 switch 5, pass\n>p2 pass, switch 4\n>chat ☆Motorgis|well, that not a legendary pokemon\n>p1 switch 4, move lashout +2\n>p2 move flamethrower +1, move eruption terastallize\n>p1 switch 6, switch 4\n>p1 move liquidation +2, move knockoff +2\n>p2 move dynamaxcannon +1, move eruption", "uploadtime": 1771012952, "views": 82, "formatid": "gen9randomdoublesbattle", "rating": 1589, "private": 0, "password": null}