{"id": "gen9randomdoublesbattle-2539380568", "format": "[Gen 9] Random Doubles Battle", "players": ["Muito Prazer", "Max Rayder"], "log": "|j|☆Muito Prazer\n|j|☆Max Rayder\n|t:|1771047153\n|gametype|doubles\n|player|p1|Muito Prazer|lance|1743\n|player|p2|Max Rayder|170|1775\n|gen|9\n|tier|[Gen 9] Random Doubles Battle\n|rated|\n|rule|Species Clause: Limit one of each Pokémon\n|rule|HP Percentage Mod: HP is shown in percentages\n|rule|Illusion Level Mod: Illusion disguises the Pokémon's true level\n|rule|Sleep Clause Mod: Limit one foe put to sleep\n|\n|t:|1771047153\n|teamsize|p1|6\n|teamsize|p2|6\n|start\n|switch|p1a: Ampharos|Ampharos, L86, M|295/295\n|switch|p1b: Wo-Chien|Wo-Chien, L85|283/283\n|switch|p2a: Frosmoth|Frosmoth, L86, F|261/261\n|switch|p2b: Goodra|Goodra-Hisui, L81, M|262/262\n|-ability|p1b: Wo-Chien|Tablets of Ruin\n|turn|1\n|\n|t:|1771047201\n|move|p1b: Wo-Chien|Leech Seed|p2a: Frosmoth\n|-start|p2a: Frosmoth|move: Leech Seed\n|move|p2a: Frosmoth|Quiver Dance|p2a: Frosmoth\n|-boost|p2a: Frosmoth|spa|1\n|-boost|p2a: Frosmoth|spd|1\n|-boost|p2a: Frosmoth|spe|1\n|move|p1a: Ampharos|Thunder Wave|p2b: Goodra\n|-status|p2b: Goodra|par\n|move|p2b: Goodra|Acid Armor|p2b: Goodra\n|-boost|p2b: Goodra|def|2\n|\n|-damage|p2a: Frosmoth|229/261|[from] Leech Seed|[of] p1b: Wo-Chien\n|upkeep\n|turn|2\n|\n|t:|1771047247\n|-terastallize|p2a: Frosmoth|Ground\n|move|p2a: Frosmoth|Bug Buzz|p1b: Wo-Chien\n|-supereffective|p1b: Wo-Chien\n|-damage|p1b: Wo-Chien|0 fnt\n|faint|p1b: Wo-Chien\n|cant|p2b: Goodra|par\n|move|p1a: Ampharos|Dragon Tail|p2a: Frosmoth\n|-damage|p2a: Frosmoth|185/261\n|drag|p2a: Flutter Mane|Flutter Mane, L73|201/201\n|-enditem|p2a: Flutter Mane|Booster Energy\n|-activate|p2a: Flutter Mane|ability: Protosynthesis|[fromitem]\n|-start|p2a: Flutter Mane|protosynthesisspa\n|\n|upkeep\n|\n|t:|1771047267\n|switch|p1b: Donphan|Donphan, L87, F|298/298\n|turn|3\n|\n|t:|1771047276\n|move|p2a: Flutter Mane|Moonblast|p1a: Ampharos\n|-damage|p1a: Ampharos|157/295\n|-unboost|p1a: Ampharos|spa|1\n|move|p1a: Ampharos|Thunder Wave|p2a: Flutter Mane\n|-status|p2a: Flutter Mane|par\n|move|p1b: Donphan|High Horsepower|p2a: Flutter Mane\n|-damage|p2a: Flutter Mane|0 fnt\n|faint|p2a: Flutter Mane\n|-end|p2a: Flutter Mane|Protosynthesis|[silent]\n|move|p2b: Goodra|Body Press|p1a: Ampharos\n|-damage|p1a: Ampharos|39/295\n|-enditem|p1a: Ampharos|Sitrus Berry|[eat]\n|-heal|p1a: Ampharos|112/295|[from] item: Sitrus Berry\n|\n|upkeep\n|\n|t:|1771047291\n|switch|p2a: Frosmoth|Frosmoth, L86, F, tera:Ground|185/261\n|turn|4\n|\n|t:|1771047324\n|move|p2a: Frosmoth|Ice Beam|p1b: Donphan\n|-supereffective|p1b: Donphan\n|-damage|p1b: Donphan|74/298\n|move|p1b: Donphan|High Horsepower|p2a: Frosmoth\n|-damage|p2a: Frosmoth|35/261\n|move|p2b: Goodra|Body Press|p1a: Ampharos\n|-damage|p1a: Ampharos|0 fnt\n|faint|p1a: Ampharos\n|\n|upkeep\n|inactive|Battle timer is ON: inactive players will automatically lose when time's up. (requested by Max Rayder)\n|\n|t:|1771047356\n|switch|p1a: Sinistcha|Sinistcha-Masterpiece, L81|248/248\n|-heal|p1b: Donphan|148/298|[from] ability: Hospitality|[of] p1a: Sinistcha\n|turn|5\n|\n|t:|1771047385\n|move|p1b: Donphan|Ice Shard|p2a: Frosmoth\n|-supereffective|p2a: Frosmoth\n|-crit|p2a: Frosmoth\n|-damage|p2a: Frosmoth|0 fnt\n|faint|p2a: Frosmoth\n|move|p1a: Sinistcha|Life Dew||[still]|[spread] p1a,p1b\n|-fail|p1a: Sinistcha|heal\n|-heal|p1b: Donphan|223/298\n|cant|p2b: Goodra|par\n|\n|upkeep\n|inactive|Max Rayder has 120 seconds left.\n|\n|t:|1771047402\n|switch|p2a: Darkrai|Darkrai, L80|243/243\n|turn|6\n|inactive|Muito Prazer has 120 seconds left.\n|\n|t:|1771047438\n|move|p2a: Darkrai|Dark Pulse|p1a: Sinistcha\n|-supereffective|p1a: Sinistcha\n|-damage|p1a: Sinistcha|0 fnt\n|faint|p1a: Sinistcha\n|-damage|p2a: Darkrai|219/243|[from] item: Life Orb\n|move|p1b: Donphan|Knock Off|p2b: Goodra\n|-damage|p2b: Goodra|219/262 par\n|-enditem|p2b: Goodra|Leftovers|[from] move: Knock Off|[of] p1b: Donphan\n|cant|p2b: Goodra|par\n|\n|upkeep\n|\n|t:|1771047458\n|switch|p1a: Vigoroth|Vigoroth, L91, F|293/293\n|turn|7\n|inactive|Muito Prazer has 120 seconds left.\n|\n|t:|1771047467\n|move|p2a: Darkrai|Protect|p2a: Darkrai\n|-singleturn|p2a: Darkrai|Protect\n|move|p1a: Vigoroth|Thunder Wave|p2a: Darkrai\n|-activate|p2a: Darkrai|move: Protect\n|move|p1b: Donphan|High Horsepower|p2a: Darkrai\n|-activate|p2a: Darkrai|move: Protect\n|move|p2b: Goodra|Body Press|p1a: Vigoroth\n|-supereffective|p1a: Vigoroth\n|-damage|p1a: Vigoroth|151/293\n|\n|upkeep\n|turn|8\n|\n|t:|1771047484\n|-terastallize|p1a: Vigoroth|Ghost\n|move|p2a: Darkrai|Focus Blast|p1a: Vigoroth\n|-immune|p1a: Vigoroth\n|move|p1a: Vigoroth|Thunder Wave|p2a: Darkrai|[miss]\n|-miss|p1a: Vigoroth|p2a: Darkrai\n|move|p1b: Donphan|High Horsepower|p2a: Darkrai\n|-crit|p2a: Darkrai\n|-damage|p2a: Darkrai|30/243\n|move|p2b: Goodra|Body Press|p1b: Donphan\n|-damage|p1b: Donphan|140/298\n|\n|upkeep\n|turn|9\n|\n|t:|1771047500\n|move|p2a: Darkrai|Protect|p2a: Darkrai\n|-singleturn|p2a: Darkrai|Protect\n|move|p1b: Donphan|Ice Shard|p2a: Darkrai\n|-activate|p2a: Darkrai|move: Protect\n|move|p1a: Vigoroth|Slack Off|p1a: Vigoroth\n|-heal|p1a: Vigoroth|293/293\n|move|p2b: Goodra|Body Press|p1b: Donphan\n|-damage|p1b: Donphan|52/298\n|\n|upkeep\n|turn|10\n|\n|t:|1771047515\n|switch|p2a: Hariyama|Hariyama, L85, M|384/384\n|move|p1b: Donphan|Ice Shard|p2a: Hariyama\n|-damage|p2a: Hariyama|360/384\n|move|p1a: Vigoroth|Knock Off|p2a: Hariyama\n|-resisted|p2a: Hariyama\n|-damage|p2a: Hariyama|314/384\n|-enditem|p2a: Hariyama|Assault Vest|[from] move: Knock Off|[of] p1a: Vigoroth\n|move|p2b: Goodra|Body Press|p1b: Donphan\n|-damage|p1b: Donphan|0 fnt\n|faint|p1b: Donphan\n|\n|upkeep\n|\n|t:|1771047521\n|switch|p1b: Dudunsparce|Dudunsparce, L86, M|355/355\n|turn|11\n|\n|t:|1771047534\n|move|p1a: Vigoroth|Thunder Wave|p2a: Hariyama\n|-status|p2a: Hariyama|par\n|move|p1b: Dudunsparce|Earth Power|p2b: Goodra\n|-supereffective|p2b: Goodra\n|-damage|p2b: Goodra|133/262 par\n|move|p2b: Goodra|Heavy Slam|p1a: Vigoroth\n|-damage|p1a: Vigoroth|209/293\n|move|p2a: Hariyama|Close Combat|p1b: Dudunsparce\n|-supereffective|p1b: Dudunsparce\n|-damage|p1b: Dudunsparce|11/355\n|-unboost|p2a: Hariyama|def|1\n|-unboost|p2a: Hariyama|spd|1\n|-enditem|p1b: Dudunsparce|Sitrus Berry|[eat]\n|-heal|p1b: Dudunsparce|99/355|[from] item: Sitrus Berry\n|\n|upkeep\n|turn|12\n|\n|t:|1771047563\n|move|p1a: Vigoroth|Double-Edge|p2a: Hariyama\n|-damage|p2a: Hariyama|73/384 par\n|-damage|p1a: Vigoroth|129/293|[from] Recoil\n|move|p1b: Dudunsparce|Boomburst|p2a: Hariyama|[spread] p2a,p2b\n|-immune|p1a: Vigoroth\n|-resisted|p2b: Goodra\n|-crit|p2b: Goodra\n|-damage|p2a: Hariyama|0 fnt\n|-damage|p2b: Goodra|82/262 par\n|faint|p2a: Hariyama\n|cant|p2b: Goodra|par\n|\n|upkeep\n|inactive|Max Rayder has 120 seconds left.\n|\n|t:|1771047579\n|switch|p2a: Garchomp|Garchomp, L77, M|293/293\n|turn|13\n|\n|t:|1771047595\n|move|p1a: Vigoroth|Slack Off|p1a: Vigoroth\n|-heal|p1a: Vigoroth|276/293\n|move|p2a: Garchomp|Scale Shot|p1a: Vigoroth\n|-damage|p1a: Vigoroth|258/293\n|-damage|p1a: Vigoroth|239/293\n|-damage|p1a: Vigoroth|218/293\n|-damage|p1a: Vigoroth|196/293\n|-hitcount|p1a: Vigoroth|4\n|-unboost|p2a: Garchomp|def|1\n|-boost|p2a: Garchomp|spe|1\n|move|p1b: Dudunsparce|Earth Power|p2b: Goodra\n|-supereffective|p2b: Goodra\n|-damage|p2b: Goodra|6/262 par\n|cant|p2b: Goodra|par\n|\n|upkeep\n|turn|14\n|\n|t:|1771047615\n|move|p2b: Goodra|Protect|p2b: Goodra\n|-singleturn|p2b: Goodra|Protect\n|move|p2a: Garchomp|Earthquake|p1b: Dudunsparce|[spread] p1a,p1b\n|-activate|p2b: Goodra|move: Protect\n|-damage|p1a: Vigoroth|144/293\n|-damage|p1b: Dudunsparce|3/355\n|move|p1a: Vigoroth|Knock Off|p2b: Goodra\n|-activate|p2b: Goodra|move: Protect\n|move|p1b: Dudunsparce|Tailwind|p1b: Dudunsparce\n|-sidestart|p1: Muito Prazer|move: Tailwind\n|\n|upkeep\n|turn|15\n|\n|t:|1771047636\n|move|p1b: Dudunsparce|Helping Hand|p1a: Vigoroth\n|-singleturn|p1a: Vigoroth|Helping Hand|[of] p1b: Dudunsparce\n|move|p1a: Vigoroth|Double-Edge|p2a: Garchomp\n|-damage|p2a: Garchomp|14/293\n|-damage|p1a: Vigoroth|108/293|[from] ability: Rough Skin|[of] p2a: Garchomp\n|-damage|p1a: Vigoroth|16/293|[from] Recoil\n|move|p2a: Garchomp|Earthquake|p1b: Dudunsparce|[spread] p2b,p1a,p1b\n|-supereffective|p2b: Goodra\n|-damage|p2b: Goodra|0 fnt\n|-damage|p1a: Vigoroth|0 fnt\n|-damage|p1b: Dudunsparce|0 fnt\n|faint|p2b: Goodra\n|faint|p1a: Vigoroth\n|faint|p1b: Dudunsparce\n|\n|win|Max Rayder\n|raw|Muito Prazer's rating: 1724 &rarr; <strong>1707</strong><br />(-17 for losing)\n|raw|Max Rayder's rating: 1775 &rarr; <strong>1792</strong><br />(+17 for winning)\n|l|☆Muito Prazer\n|player|p1|\n", "inputlog": ">version ccdc32dd7cde25fd9e4bed64820e885f66e78a4e\n>start {\"formatid\":\"gen9randomdoublesbattle\",\"seed\":\"sodium,e07b78dfd1a5f9226aa0eb859eda80eb\",\"rated\":\"Rated battle\"}\n>player p1 {\"name\":\"Muito Prazer\",\"avatar\":\"lance\",\"rating\":1743,\"seed\":\"sodium,47c282ac1fff76680c5bbc414d3061e7\"}\n>player p2 {\"name\":\"Max Rayder\",\"avatar\":\"170\",\"rating\":1775,\"seed\":\"sodium,e715fd053f74ff93dd12c27c146386fa\"}\n>p1 move thunderwave +2, move leechseed +1\n>p2 move quiverdance, move acidarmor\n>p1 move dragontail +1, move knockoff +2\n>p2 move bugbuzz +2 terastallize, move bodypress +1\n>p1 pass, switch 3\n>p1 move thunderwave +1, move highhorsepower +1\n>p2 move moonblast +1, move bodypress +1\n>p2 switch 6, pass\n>p1 move dragontail +2, move highhorsepower +1\n>p2 move icebeam +2, move bodypress +1\n>p1 switch 6, pass\n>p1 move lifedew, move iceshard +1\n>p2 move icebeam +1, move bodypress +2\n>p2 switch 5, pass\n>p1 move matchagotcha, move knockoff +2\n>p2 move darkpulse +1, move bodypress +2\n>p1 switch 4, pass\n>p1 move thunderwave +1, move highhorsepower +1\n>p2 move protect, move bodypress +1\n>p1 move thunderwave +1 terastallize, move highhorsepower +1\n>p2 move focusblast +1, move bodypress +2\n>p1 move slackoff, move iceshard +1\n>p2 move protect, move bodypress +2\n>p1 move knockoff +1, move iceshard +1\n>p2 switch 4, move bodypress +2\n>p1 pass, switch 5\n>p1 move thunderwave +1, move earthpower +2\n>p2 move closecombat +2, move heavyslam +1\n>p1 move doubleedge +1, move boomburst\n>p2 move closecombat +2, move heavyslam +1\n>p2 switch 3, pass\n>p1 move slackoff, move earthpower +2\n>p2 move scaleshot +1, move bodypress +2\n>p1 move knockoff +2, move tailwind\n>p2 move earthquake, move protect\n>p1 move doubleedge +1, move helpinghand -1\n>p2 move earthquake, move heavyslam +1", "uploadtime": 1771047650, "views": 77, "formatid": "gen9randomdoublesbattle", "rating": 1707, "private": 0, "password": null}