{"id": "gen9randomdoublesbattle-2537990001", "format": "[Gen 9] Random Doubles Battle", "players": ["matthue", "nomadel147"], "log": "|j|☆matthue\n|j|☆nomadel147\n|t:|1770873650\n|gametype|doubles\n|player|p1|matthue|biker-gen4|1654\n|player|p2|nomadel147|265|1742\n|gen|9\n|tier|[Gen 9] Random Doubles Battle\n|rated|\n|rule|Species Clause: Limit one of each Pokémon\n|rule|HP Percentage Mod: HP is shown in percentages\n|rule|Illusion Level Mod: Illusion disguises the Pokémon's true level\n|rule|Sleep Clause Mod: Limit one foe put to sleep\n|\n|t:|1770873650\n|teamsize|p1|6\n|teamsize|p2|6\n|start\n|switch|p1a: Sawsbuck|Sawsbuck, L91, F|293/293\n|switch|p1b: Annihilape|Annihilape, L77, F|296/296\n|switch|p2a: Calyrex|Calyrex-Shadow, L63|231/231\n|switch|p2b: Orthworm|Orthworm, L88, M|266/266\n|-ability|p2a: Calyrex|As One\n|-ability|p2a: Calyrex|Unnerve\n|turn|1\n|inactive|Battle timer is ON: inactive players will automatically lose when time's up. (requested by matthue)\n|inactive|nomadel147 has 120 seconds left.\n|\n|t:|1770873683\n|switch|p1b: Iron Bundle|Iron Bundle, L78|219/219\n|-terastallize|p2a: Calyrex|Ghost\n|move|p2a: Calyrex|Astral Barrage|p1b: Iron Bundle|[spread] \n|-immune|p1a: Sawsbuck\n|-immune|p1b: Iron Bundle\n|move|p1a: Sawsbuck|Horn Leech|p2a: Calyrex\n|-damage|p2a: Calyrex|63/231\n|-damage|p1a: Sawsbuck|264/293|[from] item: Life Orb\n|move|p2b: Orthworm|Body Press|p1a: Sawsbuck\n|-supereffective|p1a: Sawsbuck\n|-damage|p1a: Sawsbuck|60/293\n|\n|upkeep\n|turn|2\n|inactive|matthue has 120 seconds left.\n|inactive|nomadel147 has 120 seconds left.\n|\n|t:|1770873715\n|move|p2a: Calyrex|Protect|p2a: Calyrex\n|-singleturn|p2a: Calyrex|Protect\n|move|p1a: Sawsbuck|Horn Leech|p2a: Calyrex\n|-activate|p2a: Calyrex|move: Protect\n|move|p1b: Iron Bundle|Bitter Malice|p2a: Calyrex\n|-activate|p2a: Calyrex|move: Protect\n|move|p2b: Orthworm|Body Press|p1a: Sawsbuck\n|-supereffective|p1a: Sawsbuck\n|-damage|p1a: Sawsbuck|0 fnt\n|faint|p1a: Sawsbuck\n|\n|upkeep\n|inactive|matthue has 120 seconds left.\n|\n|t:|1770873723\n|switch|p1a: Iron Bundle|Iron Bundle, L78|215/215\n|-enditem|p1a: Iron Bundle|Booster Energy\n|-activate|p1a: Iron Bundle|ability: Quark Drive|[fromitem]\n|-start|p1a: Iron Bundle|quarkdrivespe\n|turn|3\n|inactive|nomadel147 has 120 seconds left.\n|\n|t:|1770873756\n|switch|p2a: Krookodile|Krookodile, L80, M|283/283\n|-ability|p2a: Krookodile|Intimidate|boost\n|-unboost|p1a: Iron Bundle|atk|1\n|-unboost|p1b: Iron Bundle|atk|1\n|move|p1a: Iron Bundle|Freeze-Dry|p2a: Krookodile\n|-supereffective|p2a: Krookodile\n|-damage|p2a: Krookodile|73/283\n|move|p1b: Iron Bundle|Bitter Malice|p2b: Orthworm\n|-damage|p2b: Orthworm|110/266\n|-unboost|p2b: Orthworm|atk|1\n|-damage|p1b: Iron Bundle|198/219|[from] item: Life Orb\n|move|p2b: Orthworm|Body Press|p1a: Iron Bundle\n|-supereffective|p1a: Iron Bundle\n|-damage|p1a: Iron Bundle|71/215\n|\n|-heal|p2b: Orthworm|126/266|[from] item: Leftovers\n|upkeep\n|turn|4\n|inactive|nomadel147 has 120 seconds left.\n|\n|t:|1770873783\n|switch|p2a: Forretress|Forretress, L90, M|281/281\n|move|p2b: Orthworm|Protect|p2b: Orthworm\n|-singleturn|p2b: Orthworm|Protect\n|move|p1a: Iron Bundle|Freeze-Dry|p2a: Forretress\n|-resisted|p2a: Forretress\n|-damage|p2a: Forretress|232/281\n|move|p1b: Iron Bundle|Bitter Malice|p2b: Orthworm\n|-activate|p2b: Orthworm|move: Protect\n|\n|-heal|p2b: Orthworm|142/266|[from] item: Leftovers\n|upkeep\n|turn|5\n|\n|t:|1770873803\n|move|p1a: Iron Bundle|Hydro Pump|p2a: Forretress\n|-damage|p2a: Forretress|85/281\n|move|p1b: Iron Bundle|Bitter Malice|p2b: Orthworm\n|-damage|p2b: Orthworm|0 fnt\n|faint|p2b: Orthworm\n|-damage|p1b: Iron Bundle|177/219|[from] item: Life Orb\n|move|p2a: Forretress|Body Press|p1a: Iron Bundle\n|-supereffective|p1a: Iron Bundle\n|-damage|p1a: Iron Bundle|0 fnt\n|faint|p1a: Iron Bundle\n|-end|p1a: Iron Bundle|Quark Drive|[silent]\n|\n|upkeep\n|inactive|nomadel147 has 120 seconds left.\n|\n|t:|1770873826\n|switch|p1a: Electabuzz|Electabuzz, L84, M|246/246\n|switch|p2b: Okidogi|Okidogi, L78, M|265/265\n|turn|6\n|\n|t:|1770873841\n|switch|p2a: Krookodile|Krookodile, L80, M|73/283\n|-ability|p2a: Krookodile|Intimidate|boost\n|-unboost|p1a: Electabuzz|atk|1\n|-unboost|p1b: Iron Bundle|atk|1\n|move|p1a: Electabuzz|Follow Me|p1a: Electabuzz\n|-singleturn|p1a: Electabuzz|move: Follow Me\n|move|p1b: Iron Bundle|Hyper Voice|p2b: Okidogi|[spread] p2a,p2b\n|-damage|p2a: Krookodile|0 fnt\n|-damage|p2b: Okidogi|152/265\n|faint|p2a: Krookodile\n|-damage|p1b: Iron Bundle|156/219|[from] item: Life Orb\n|move|p2b: Okidogi|Knock Off|p1a: Electabuzz\n|-damage|p1a: Electabuzz|173/246\n|-enditem|p1a: Electabuzz|Eviolite|[from] move: Knock Off|[of] p2b: Okidogi\n|\n|upkeep\n|inactive|nomadel147 has 120 seconds left.\n|\n|t:|1770873859\n|switch|p2a: Dachsbun|Dachsbun, L90, F|249/249\n|turn|7\n|\n|t:|1770873872\n|switch|p2b: Forretress|Forretress, L90, M|85/281\n|move|p1a: Electabuzz|Follow Me|p1a: Electabuzz\n|-singleturn|p1a: Electabuzz|move: Follow Me\n|move|p1b: Iron Bundle|Bitter Malice|p2a: Dachsbun\n|-damage|p2a: Dachsbun|127/249\n|-unboost|p2a: Dachsbun|atk|1\n|-damage|p1b: Iron Bundle|135/219|[from] item: Life Orb\n|move|p2a: Dachsbun|Snarl|p1b: Iron Bundle|[spread] p1a,p1b\n|-supereffective|p1b: Iron Bundle\n|-damage|p1a: Electabuzz|150/246\n|-damage|p1b: Iron Bundle|75/219\n|-unboost|p1a: Electabuzz|spa|1\n|-unboost|p1b: Iron Bundle|spa|1\n|replace|p1b: Zoroark|Zoroark-Hisui, L80, M\n|-end|p1b: Zoroark|Illusion\n|-hint|Illusion Level Mod is active, so this Pokémon's true level was hidden.\n|\n|upkeep\n|turn|8\n|\n|t:|1770873899\n|-terastallize|p1b: Zoroark|Fairy\n|move|p1a: Electabuzz|Electroweb|p2a: Dachsbun|[spread] p2a,p2b\n|-damage|p2a: Dachsbun|99/249\n|-damage|p2b: Forretress|51/281\n|-unboost|p2a: Dachsbun|spe|1\n|-unboost|p2b: Forretress|spe|1\n|-enditem|p2a: Dachsbun|Sitrus Berry|[eat]\n|-heal|p2a: Dachsbun|161/249|[from] item: Sitrus Berry\n|move|p1b: Zoroark|Hyper Voice|p2b: Forretress|[spread] p2a,p2b\n|-resisted|p2b: Forretress\n|-damage|p2a: Dachsbun|90/249\n|-damage|p2b: Forretress|8/281\n|-damage|p1b: Zoroark|54/219|[from] item: Life Orb\n|move|p2a: Dachsbun|Play Rough|p1b: Zoroark\n|-damage|p1b: Zoroark|0 fnt\n|faint|p1b: Zoroark\n|move|p2b: Forretress|Rest|p2b: Forretress\n|-status|p2b: Forretress|slp|[from] move: Rest\n|-heal|p2b: Forretress|281/281 slp|[silent]\n|-enditem|p2b: Forretress|Chesto Berry|[eat]\n|-curestatus|p2b: Forretress|slp|[msg]\n|\n|upkeep\n|\n|t:|1770873909\n|switch|p1b: Annihilape|Annihilape, L77, F|296/296\n|turn|9\n|\n|t:|1770873933\n|move|p1a: Electabuzz|Electroweb|p2a: Dachsbun|[spread] p2a,p2b\n|-damage|p2a: Dachsbun|62/249\n|-damage|p2b: Forretress|247/281\n|-unboost|p2a: Dachsbun|spe|1\n|-unboost|p2b: Forretress|spe|1\n|move|p1b: Annihilape|Rage Fist|p2a: Dachsbun\n|-damage|p2a: Dachsbun|19/249\n|move|p2a: Dachsbun|Play Rough|p1b: Annihilape\n|-supereffective|p1b: Annihilape\n|-damage|p1b: Annihilape|134/296\n|move|p2b: Forretress|Body Press|p1a: Electabuzz\n|-damage|p1a: Electabuzz|25/246\n|\n|-heal|p1b: Annihilape|152/296|[from] item: Leftovers\n|upkeep\n|turn|10\n|\n|t:|1770873961\n|switch|p2a: Okidogi|Okidogi, L78, M|152/265\n|move|p1a: Electabuzz|Electroweb|p2a: Okidogi|[spread] p2a,p2b\n|-damage|p2a: Okidogi|121/265\n|-damage|p2b: Forretress|211/281\n|-unboost|p2a: Okidogi|spe|1\n|-unboost|p2b: Forretress|spe|1\n|-enditem|p2a: Okidogi|Sitrus Berry|[eat]\n|-heal|p2a: Okidogi|187/265|[from] item: Sitrus Berry\n|move|p1b: Annihilape|Drain Punch|p2b: Forretress\n|-damage|p2b: Forretress|165/281\n|-heal|p1b: Annihilape|175/296|[from] drain|[of] p2b: Forretress\n|move|p2b: Forretress|Iron Defense|p2b: Forretress\n|-boost|p2b: Forretress|def|2\n|\n|-heal|p1b: Annihilape|193/296|[from] item: Leftovers\n|upkeep\n|turn|11\n|inactive|nomadel147 has 120 seconds left.\n|\n|t:|1770873991\n|switch|p1a: Mudsdale|Mudsdale, L84, M|305/305\n|move|p1b: Annihilape|Rage Fist|p2a: Okidogi\n|-damage|p2a: Okidogi|97/265\n|move|p2a: Okidogi|Knock Off|p1b: Annihilape\n|-damage|p1b: Annihilape|107/296\n|-enditem|p1b: Annihilape|Leftovers|[from] move: Knock Off|[of] p2a: Okidogi\n|move|p2b: Forretress|Body Press|p1a: Mudsdale\n|-damage|p1a: Mudsdale|156/305\n|-ability|p1a: Mudsdale|Stamina|boost\n|-boost|p1a: Mudsdale|def|1\n|\n|upkeep\n|turn|12\n|inactive|nomadel147 has 120 seconds left.\n|\n|t:|1770874028\n|move|p1b: Annihilape|Rage Fist|p2a: Okidogi\n|-damage|p2a: Okidogi|0 fnt\n|faint|p2a: Okidogi\n|move|p1a: Mudsdale|Rest|p1a: Mudsdale\n|-status|p1a: Mudsdale|slp|[from] move: Rest\n|-heal|p1a: Mudsdale|305/305 slp|[silent]\n|-enditem|p1a: Mudsdale|Chesto Berry|[eat]\n|-curestatus|p1a: Mudsdale|slp|[msg]\n|move|p2b: Forretress|Body Press|p1a: Mudsdale\n|-damage|p1a: Mudsdale|190/305\n|-ability|p1a: Mudsdale|Stamina|boost\n|-boost|p1a: Mudsdale|def|1\n|\n|upkeep\n|\n|t:|1770874042\n|switch|p2a: Dachsbun|Dachsbun, L90, F|19/249\n|turn|13\n|inactive|nomadel147 has 120 seconds left.\n|\n|t:|1770874056\n|move|p1b: Annihilape|Protect|p1b: Annihilape\n|-singleturn|p1b: Annihilape|Protect\n|move|p2a: Dachsbun|Play Rough|p1b: Annihilape\n|-activate|p1b: Annihilape|move: Protect\n|move|p1a: Mudsdale|Heavy Slam|p2a: Dachsbun\n|-supereffective|p2a: Dachsbun\n|-damage|p2a: Dachsbun|0 fnt\n|faint|p2a: Dachsbun\n|move|p2b: Forretress|Body Press|p1a: Mudsdale\n|-damage|p1a: Mudsdale|117/305\n|-ability|p1a: Mudsdale|Stamina|boost\n|-boost|p1a: Mudsdale|def|1\n|\n|upkeep\n|inactive|nomadel147 has 120 seconds left.\n|\n|t:|1770874068\n|switch|p2a: Calyrex|Calyrex-Shadow, L63, tera:Ghost|63/231\n|-ability|p2a: Calyrex|As One\n|-ability|p2a: Calyrex|Unnerve\n|turn|14\n|\n|t:|1770874077\n|move|p1b: Annihilape|Protect||[still]\n|-fail|p1b: Annihilape\n|move|p2a: Calyrex|Astral Barrage|p1a: Mudsdale|[spread] p1a,p1b\n|-supereffective|p1b: Annihilape\n|-damage|p1a: Mudsdale|0 fnt\n|-damage|p1b: Annihilape|0 fnt\n|faint|p1a: Mudsdale\n|faint|p1b: Annihilape\n|-ability|p2a: Calyrex|Grim Neigh|boost\n|-boost|p2a: Calyrex|spa|2\n|-damage|p2a: Calyrex|40/231|[from] item: Life Orb\n|move|p2b: Forretress|Body Press|p1: Mudsdale|[notarget]\n|-fail|p2b: Forretress\n|\n|upkeep\n|\n|t:|1770874080\n|switch|p1b: Electabuzz|Electabuzz, L84, M|25/246\n|turn|15\n|\n|t:|1770874091\n|move|p2a: Calyrex|Astral Barrage|p1b: Electabuzz\n|-damage|p1b: Electabuzz|0 fnt\n|faint|p1b: Electabuzz\n|-damage|p2a: Calyrex|17/231|[from] item: Life Orb\n|\n|win|nomadel147\n|raw|matthue's rating: 1654 &rarr; <strong>1639</strong><br />(-15 for losing)\n|raw|nomadel147's rating: 1742 &rarr; <strong>1757</strong><br />(+15 for winning)\n|l|☆matthue\n|player|p1|\n", "inputlog": ">version ccdc32dd7cde25fd9e4bed64820e885f66e78a4e\n>start {\"formatid\":\"gen9randomdoublesbattle\",\"seed\":\"sodium,2f85878e386af0c9b7adde26e79bbab6\",\"rated\":\"Rated battle\"}\n>player p1 {\"name\":\"matthue\",\"avatar\":\"biker-gen4\",\"rating\":1654,\"seed\":\"sodium,fbb38195aa2a95072bb41fcd042ae449\"}\n>player p2 {\"name\":\"nomadel147\",\"avatar\":\"265\",\"rating\":1742,\"seed\":\"sodium,cee1f9e988e633f6298bc9c057ef77c5\"}\n>p1 move hornleech +1, switch 5\n>p2 move astralbarrage terastallize, move bodypress +1\n>p1 move hornleech +1, move bittermalice +1\n>p2 move protect, move bodypress +1\n>p1 switch 6, pass\n>p1 move freezedry +1, move bittermalice +2\n>p2 switch 5, move bodypress +1\n>p1 move freezedry +1, move bittermalice +2\n>p2 switch 3, move protect\n>p1 move hydropump +1, move bittermalice +2\n>p2 move bodypress +1, move bodypress +1\n>p1 switch 4, pass\n>p2 pass, switch 6\n>p1 move followme, move hypervoice\n>p2 switch 3, move knockoff +2\n>p2 switch 4, pass\n>p1 move followme, move bittermalice +1\n>p2 move snarl, switch 3\n>p1 move electroweb, move hypervoice terastallize\n>p2 move playrough +2, move rest\n>p1 pass, switch 5\n>p1 move electroweb, move ragefist +1\n>p2 move playrough +2, move bodypress +1\n>p1 move electroweb, move drainpunch +2\n>p2 switch 3, move irondefense\n>p1 switch 3, move ragefist +1\n>p2 move knockoff +2, move bodypress +1\n>p1 move rest, move ragefist +1\n>p2 move knockoff +1, move bodypress +1\n>p2 switch 3, pass\n>p1 move heavyslam +1, move protect\n>p2 move playrough +2, move bodypress +1\n>p2 switch 5, pass\n>p1 move heavyslam +1, move protect\n>p2 move astralbarrage, move bodypress +1\n>p1 pass, switch 3\n>p1 pass, move electroweb\n>p2 move astralbarrage, move rest", "uploadtime": 1770874330, "views": 69, "formatid": "gen9randomdoublesbattle", "rating": 1639, "private": 0, "password": null}