{"id": "gen9randomdoublesbattle-2534868407", "format": "[Gen 9] Random Doubles Battle", "players": ["majerkox", "derpbenny"], "log": "|j|☆majerkox\n|j|☆derpbenny\n|t:|1770486837\n|gametype|doubles\n|player|p1|majerkox|101|1673\n|player|p2|derpbenny|266|1654\n|gen|9\n|tier|[Gen 9] Random Doubles Battle\n|rated|\n|rule|Species Clause: Limit one of each Pokémon\n|rule|HP Percentage Mod: HP is shown in percentages\n|rule|Illusion Level Mod: Illusion disguises the Pokémon's true level\n|rule|Sleep Clause Mod: Limit one foe put to sleep\n|\n|t:|1770486837\n|teamsize|p1|6\n|teamsize|p2|6\n|start\n|switch|p1a: Pyroar|Pyroar, L83, M|278/278\n|switch|p1b: Masquerain|Masquerain, L90, F|272/272\n|switch|p2a: Chimecho|Chimecho, L94, M|293/293\n|switch|p2b: Flamigo|Flamigo, L84, F|275/275\n|-ability|p1a: Pyroar|Unnerve\n|-ability|p1b: Masquerain|Intimidate|boost\n|-unboost|p2a: Chimecho|atk|1\n|-fail|p2b: Flamigo|unboost|Attack|[from] ability: Scrappy|[of] p2b: Flamigo\n|turn|1\n|inactive|Battle timer is ON: inactive players will automatically lose when time's up. (requested by derpbenny)\n|\n|t:|1770486863\n|switch|p2b: Volcanion|Volcanion, L75|244/244\n|move|p1a: Pyroar|Heat Wave|p2b: Volcanion|[spread] p2a,p2b\n|-resisted|p2b: Volcanion\n|-damage|p2a: Chimecho|198/293\n|-damage|p2b: Volcanion|215/244\n|-damage|p1a: Pyroar|251/278|[from] item: Life Orb\n|move|p1b: Masquerain|Tailwind|p1b: Masquerain\n|-sidestart|p1: majerkox|move: Tailwind\n|move|p2a: Chimecho|Thunder Wave|p1a: Pyroar\n|-status|p1a: Pyroar|par\n|\n|upkeep\n|turn|2\n|inactive|majerkox has 120 seconds left.\n|\n|t:|1770486896\n|switch|p1a: Rotom|Rotom-Mow, L86|226/226\n|move|p1b: Masquerain|Bug Buzz|p2a: Chimecho\n|-supereffective|p2a: Chimecho\n|-damage|p2a: Chimecho|0 fnt\n|faint|p2a: Chimecho\n|move|p2b: Volcanion|Steam Eruption|p1a: Rotom\n|-resisted|p1a: Rotom\n|-damage|p1a: Rotom|174/226\n|\n|upkeep\n|\n|t:|1770486905\n|switch|p2a: Smeargle|Smeargle, M|272/272\n|turn|3\n|\n|t:|1770486912\n|move|p2a: Smeargle|Fake Out|p1a: Rotom\n|-damage|p1a: Rotom|143/226\n|cant|p1a: Rotom|flinch\n|move|p1b: Masquerain|Hurricane|p2a: Smeargle|[miss]\n|-miss|p1b: Masquerain|p2a: Smeargle\n|move|p2b: Volcanion|Heat Wave|p1b: Masquerain|[spread] p1b\n|-miss|p2b: Volcanion|p1a: Rotom\n|-supereffective|p1b: Masquerain\n|-damage|p1b: Masquerain|110/272\n|\n|upkeep\n|turn|4\n|\n|t:|1770486923\n|move|p2b: Volcanion|Protect|p2b: Volcanion\n|-singleturn|p2b: Volcanion|Protect\n|move|p1a: Rotom|Thunderbolt|p2a: Smeargle\n|-damage|p2a: Smeargle|134/272\n|-enditem|p2a: Smeargle|Sitrus Berry|[eat]\n|-heal|p2a: Smeargle|202/272|[from] item: Sitrus Berry\n|move|p1b: Masquerain|Bug Buzz|p2a: Smeargle\n|-damage|p2a: Smeargle|55/272\n|move|p2a: Smeargle|Tailwind|p2a: Smeargle\n|-sidestart|p2: derpbenny|move: Tailwind\n|\n|-sideend|p1: majerkox|move: Tailwind\n|upkeep\n|turn|5\n|\n|t:|1770486937\n|move|p2a: Smeargle|Decorate|p2b: Volcanion\n|-boost|p2b: Volcanion|atk|2\n|-boost|p2b: Volcanion|spa|2\n|move|p2b: Volcanion|Heat Wave|p1b: Masquerain|[spread] p1a\n|-miss|p2b: Volcanion|p1b: Masquerain\n|-supereffective|p1a: Rotom\n|-damage|p1a: Rotom|0 fnt\n|faint|p1a: Rotom\n|move|p1b: Masquerain|Tailwind|p1b: Masquerain\n|-sidestart|p1: majerkox|move: Tailwind\n|\n|upkeep\n|\n|t:|1770486951\n|switch|p1a: Blissey|Blissey, L96, F|645/645\n|turn|6\n|\n|t:|1770486962\n|switch|p1b: Pyroar|Pyroar, L83, M|251/278 par\n|-ability|p1b: Pyroar|Unnerve\n|move|p2a: Smeargle|Follow Me|p2a: Smeargle\n|-singleturn|p2a: Smeargle|move: Follow Me\n|move|p1a: Blissey|Hyper Voice|p2b: Volcanion|[spread] p2a,p2b\n|-damage|p2a: Smeargle|0 fnt\n|-damage|p2b: Volcanion|139/244\n|faint|p2a: Smeargle\n|move|p2b: Volcanion|Heat Wave|p1a: Blissey|[spread] p1a,p1b\n|-resisted|p1b: Pyroar\n|-damage|p1a: Blissey|545/645\n|-damage|p1b: Pyroar|159/278 par\n|\n|upkeep\n|\n|t:|1770486970\n|switch|p2a: Flamigo|Flamigo, L84, F|275/275\n|turn|7\n|inactive|majerkox has 120 seconds left.\n|\n|t:|1770487019\n|move|p2a: Flamigo|Brave Bird|p1a: Blissey\n|-damage|p1a: Blissey|0 fnt\n|faint|p1a: Blissey\n|-damage|p2a: Flamigo|95/275|[from] Recoil\n|move|p2b: Volcanion|Earth Power|p1b: Pyroar\n|-supereffective|p1b: Pyroar\n|-damage|p1b: Pyroar|0 fnt\n|faint|p1b: Pyroar\n|\n|-sideend|p2: derpbenny|move: Tailwind\n|upkeep\n|inactive|majerkox has 90 seconds left.\n|\n|t:|1770487066\n|switch|p1b: Arceus|Arceus-Fire, L73|296/296\n|switch|p1a: Terrakion|Terrakion, L78|270/270\n|turn|8\n|\n|t:|1770487075\n|switch|p2a: Hoopa|Hoopa, L86|278/278\n|move|p2b: Volcanion|Protect|p2b: Volcanion\n|-singleturn|p2b: Volcanion|Protect\n|move|p1b: Arceus|Swords Dance|p1b: Arceus\n|-boost|p1b: Arceus|atk|2\n|move|p1a: Terrakion|Rock Slide|p2b: Volcanion|[spread] p2a\n|-activate|p2b: Volcanion|move: Protect\n|-damage|p2a: Hoopa|169/278\n|-damage|p1a: Terrakion|243/270|[from] item: Life Orb\n|\n|-sideend|p1: majerkox|move: Tailwind\n|upkeep\n|turn|9\n|inactive|majerkox has 90 seconds left.\n|\n|t:|1770487101\n|-terastallize|p1a: Terrakion|Rock\n|-terastallize|p2b: Volcanion|Ground\n|move|p2a: Hoopa|Trick|p2b: Volcanion\n|-activate|p2a: Hoopa|move: Trick|[of] p2b: Volcanion\n|-item|p2b: Volcanion|Choice Scarf|[from] move: Trick\n|-item|p2a: Hoopa|Sitrus Berry|[from] move: Trick\n|move|p2b: Volcanion|Earth Power|p1b: Arceus\n|-supereffective|p1b: Arceus\n|-damage|p1b: Arceus|0 fnt\n|faint|p1b: Arceus\n|move|p1a: Terrakion|Rock Slide|p2a: Hoopa|[spread] p2a,p2b\n|-resisted|p2b: Volcanion\n|-crit|p2b: Volcanion\n|-damage|p2a: Hoopa|21/278\n|-damage|p2b: Volcanion|60/244\n|-enditem|p2a: Hoopa|Sitrus Berry|[eat]\n|-heal|p2a: Hoopa|90/278|[from] item: Sitrus Berry\n|-damage|p1a: Terrakion|216/270|[from] item: Life Orb\n|\n|upkeep\n|inactive|majerkox has 90 seconds left.\n|\n|t:|1770487111\n|switch|p1b: Masquerain|Masquerain, L90, F|110/272\n|-ability|p1b: Masquerain|Intimidate|boost\n|-unboost|p2a: Hoopa|atk|1\n|-unboost|p2b: Volcanion|atk|1\n|turn|10\n|\n|t:|1770487127\n|move|p1a: Terrakion|Protect|p1a: Terrakion\n|-singleturn|p1a: Terrakion|Protect\n|move|p2b: Volcanion|Earth Power|p1a: Terrakion\n|-activate|p1a: Terrakion|move: Protect\n|move|p1b: Masquerain|Tailwind|p1b: Masquerain\n|-sidestart|p1: majerkox|move: Tailwind\n|move|p2a: Hoopa|Shadow Ball|p1b: Masquerain\n|-damage|p1b: Masquerain|0 fnt\n|faint|p1b: Masquerain\n|-item|p2a: Hoopa|Heavy-Duty Boots|[from] ability: Magician|[of] p1: Masquerain\n|\n|upkeep\n|turn|11\n|\n|t:|1770487134\n|move|p1a: Terrakion|Rock Slide|p2b: Volcanion|[spread] p2a,p2b\n|-resisted|p2b: Volcanion\n|-damage|p2a: Hoopa|0 fnt\n|-damage|p2b: Volcanion|15/244\n|faint|p2a: Hoopa\n|-damage|p1a: Terrakion|189/270|[from] item: Life Orb\n|move|p2b: Volcanion|Earth Power|p1a: Terrakion\n|-supereffective|p1a: Terrakion\n|-damage|p1a: Terrakion|0 fnt\n|faint|p1a: Terrakion\n|\n|win|derpbenny\n|raw|majerkox's rating: 1673 &rarr; <strong>1652</strong><br />(-21 for losing)\n|raw|derpbenny's rating: 1654 &rarr; <strong>1675</strong><br />(+21 for winning)\n|l|☆majerkox\n|player|p1|\n|l|☆derpbenny\n|player|p2|\n|j|☆derpbenny\n|player|p2|derpbenny|266|\n", "inputlog": ">version ccdc32dd7cde25fd9e4bed64820e885f66e78a4e\n>start {\"formatid\":\"gen9randomdoublesbattle\",\"seed\":\"sodium,a946aa5a3fcaf3c31c7224bd2a033df5\",\"rated\":\"Rated battle\"}\n>player p1 {\"name\":\"majerkox\",\"avatar\":\"101\",\"rating\":1673,\"seed\":\"sodium,01c7d1355513f8afe2b21f4f57ca5e48\"}\n>player p2 {\"name\":\"derpbenny\",\"avatar\":\"266\",\"rating\":1654,\"seed\":\"sodium,13aee494c8b3b769dd1e156b335deb09\"}\n>p1 move heatwave, move tailwind\n>p2 move thunderwave +1, switch 5\n>p1 switch 5, move bugbuzz +1\n>p2 move thunderwave +2, move steameruption +1\n>p2 switch 6, pass\n>p1 move thunderbolt +2, move hurricane +1\n>p2 move fakeout +1, move heatwave\n>p1 move thunderbolt +1, move bugbuzz +1\n>p2 move tailwind, move protect\n>p1 move thunderbolt +2, move tailwind\n>p2 move decorate -2, move heatwave\n>p1 switch 3, pass\n>p1 move hypervoice, switch 5\n>p2 move followme, move heatwave\n>p2 switch 5, pass\n>p1 move thunderwave +1, move heatwave\n>p2 move bravebird +1, move earthpower +2\n>p1 switch 4, switch 6\n>p1 move rockslide, move swordsdance\n>p2 switch 3, move protect\n>p1 move rockslide terastallize, move flareblitz +1\n>p2 move trick -2, move earthpower +2 terastallize\n>p1 pass, switch 5\n>p1 move protect, move tailwind\n>p2 move shadowball +2, move earthpower +1\n>p1 move rockslide, pass\n>p2 move hyperspacehole +1, move earthpower +1", "uploadtime": 1770487168, "views": 92, "formatid": "gen9randomdoublesbattle", "rating": 1652, "private": 0, "password": null}