{"id": "gen9randomdoublesbattle-2535931075", "format": "[Gen 9] Random Doubles Battle", "players": ["Skellyosis", "marco365"], "log": "|j|☆Skellyosis\n|j|☆marco365\n|t:|1770634358\n|gametype|doubles\n|player|p1|Skellyosis|boarder|1694\n|player|p2|marco365|lucian|1723\n|gen|9\n|tier|[Gen 9] Random Doubles Battle\n|rated|\n|rule|Species Clause: Limit one of each Pokémon\n|rule|HP Percentage Mod: HP is shown in percentages\n|rule|Illusion Level Mod: Illusion disguises the Pokémon's true level\n|rule|Sleep Clause Mod: Limit one foe put to sleep\n|\n|t:|1770634358\n|teamsize|p1|6\n|teamsize|p2|6\n|start\n|switch|p1a: Spectrier|Spectrier, L77|281/281\n|switch|p1b: Rhyperior|Rhyperior, L82, F|323/323\n|switch|p2a: Raging Bolt|Raging Bolt, L77|319/319\n|switch|p2b: Kricketune|Kricketune, F|316/316\n|turn|1\n|inactive|Battle timer is ON: inactive players will automatically lose when time's up. (requested by Skellyosis)\n|\n|t:|1770634387\n|move|p1a: Spectrier|Shadow Ball|p2a: Raging Bolt\n|-damage|p2a: Raging Bolt|228/319\n|-damage|p1a: Spectrier|253/281|[from] item: Life Orb\n|move|p2b: Kricketune|Knock Off|p1b: Rhyperior\n|-damage|p1b: Rhyperior|258/323\n|-enditem|p1b: Rhyperior|Weakness Policy|[from] move: Knock Off|[of] p2b: Kricketune\n|move|p2a: Raging Bolt|Electroweb|p1a: Spectrier|[spread] p1a\n|-immune|p1b: Rhyperior\n|-damage|p1a: Spectrier|202/281\n|-unboost|p1a: Spectrier|spe|1\n|move|p1b: Rhyperior|Rock Polish|p1b: Rhyperior\n|-boost|p1b: Rhyperior|spe|2\n|\n|upkeep\n|turn|2\n|inactive|marco365 has 120 seconds left.\n|\n|t:|1770634418\n|switch|p1a: Volcarona|Volcarona, L78, M|261/261\n|-end|p2a: Raging Bolt|Protosynthesis|[silent]\n|switch|p2a: Vigoroth|Vigoroth, L91, F|293/293\n|move|p1b: Rhyperior|Rock Slide|p2b: Kricketune|[spread] p2a,p2b\n|-supereffective|p2b: Kricketune\n|-damage|p2a: Vigoroth|242/293\n|-damage|p2b: Kricketune|146/316\n|-enditem|p2b: Kricketune|Sitrus Berry|[eat]\n|-heal|p2b: Kricketune|225/316|[from] item: Sitrus Berry\n|move|p2b: Kricketune|Sticky Web|p1b: Rhyperior\n|-sidestart|p1: Skellyosis|move: Sticky Web\n|\n|upkeep\n|turn|3\n|inactive|marco365 has 120 seconds left.\n|\n|t:|1770634455\n|move|p1b: Rhyperior|Rock Slide|p2b: Kricketune|[spread] p2a,p2b\n|-supereffective|p2b: Kricketune\n|-damage|p2a: Vigoroth|191/293\n|-damage|p2b: Kricketune|33/316\n|move|p2a: Vigoroth|Icy Wind|p1a: Volcarona|[spread] p1a,p1b\n|-resisted|p1a: Volcarona\n|-supereffective|p1b: Rhyperior\n|-damage|p1a: Volcarona|251/261\n|-damage|p1b: Rhyperior|213/323\n|-unboost|p1a: Volcarona|spe|1\n|-unboost|p1b: Rhyperior|spe|1\n|move|p2b: Kricketune|Knock Off|p1a: Volcarona\n|-damage|p1a: Volcarona|127/261\n|-enditem|p1a: Volcarona|Heavy-Duty Boots|[from] move: Knock Off|[of] p2b: Kricketune\n|move|p1a: Volcarona|Quiver Dance|p1a: Volcarona\n|-boost|p1a: Volcarona|spa|1\n|-boost|p1a: Volcarona|spd|1\n|-boost|p1a: Volcarona|spe|1\n|\n|upkeep\n|turn|4\n|inactive|marco365 has 120 seconds left.\n|\n|t:|1770634480\n|move|p2b: Kricketune|Helping Hand|p2a: Vigoroth\n|-singleturn|p2a: Vigoroth|Helping Hand|[of] p2b: Kricketune\n|move|p1a: Volcarona|Protect|p1a: Volcarona\n|-singleturn|p1a: Volcarona|Protect\n|move|p2a: Vigoroth|Body Slam|p1a: Volcarona\n|-activate|p1a: Volcarona|move: Protect\n|move|p1b: Rhyperior|High Horsepower|p2a: Vigoroth\n|-damage|p2a: Vigoroth|104/293\n|\n|upkeep\n|turn|5\n|\n|t:|1770634499\n|move|p2b: Kricketune|Helping Hand|p2a: Vigoroth\n|-singleturn|p2a: Vigoroth|Helping Hand|[of] p2b: Kricketune\n|move|p2a: Vigoroth|Body Slam|p1a: Volcarona\n|-damage|p1a: Volcarona|0 fnt\n|faint|p1a: Volcarona\n|move|p1b: Rhyperior|Rock Polish|p1b: Rhyperior\n|-boost|p1b: Rhyperior|spe|2\n|\n|upkeep\n|\n|t:|1770634510\n|switch|p1a: Raging Bolt|Raging Bolt, L77|319/319\n|-activate|p1a: Raging Bolt|move: Sticky Web\n|-unboost|p1a: Raging Bolt|spe|1\n|turn|6\n|\n|t:|1770634522\n|move|p1a: Raging Bolt|Thunderclap|p2a: Vigoroth\n|-damage|p2a: Vigoroth|10/293\n|-damage|p1a: Raging Bolt|288/319|[from] item: Life Orb\n|move|p1b: Rhyperior|Rock Slide|p2b: Kricketune|[spread] p2a,p2b\n|-supereffective|p2b: Kricketune\n|-damage|p2a: Vigoroth|0 fnt\n|-damage|p2b: Kricketune|0 fnt\n|faint|p2a: Vigoroth\n|faint|p2b: Kricketune\n|\n|upkeep\n|\n|t:|1770634540\n|switch|p2a: Morpeko|Morpeko, L88, M|245/245\n|switch|p2b: Grumpig|Grumpig, L91, F|293/293\n|turn|7\n|\n|t:|1770634548\n|move|p2a: Morpeko|Fake Out|p1b: Rhyperior\n|-resisted|p1b: Rhyperior\n|-damage|p1b: Rhyperior|201/323\n|cant|p1b: Rhyperior|flinch\n|move|p2b: Grumpig|Nasty Plot|p2b: Grumpig\n|-boost|p2b: Grumpig|spa|2\n|move|p1a: Raging Bolt|Thunderbolt|p2b: Grumpig\n|-damage|p2b: Grumpig|194/293\n|-damage|p1a: Raging Bolt|257/319|[from] item: Life Orb\n|\n|-formechange|p2a: Morpeko|Morpeko-Hangry||[from] ability: Hunger Switch\n|upkeep\n|turn|8\n|inactive|marco365 has 120 seconds left.\n|\n|t:|1770634597\n|move|p1a: Raging Bolt|Protect|p1a: Raging Bolt\n|-singleturn|p1a: Raging Bolt|Protect\n|move|p1b: Rhyperior|High Horsepower|p2a: Morpeko\n|-supereffective|p2a: Morpeko\n|-damage|p2a: Morpeko|0 fnt\n|faint|p2a: Morpeko\n|move|p2b: Grumpig|Psychic|p1b: Rhyperior\n|-damage|p1b: Rhyperior|0 fnt\n|faint|p1b: Rhyperior\n|-damage|p2b: Grumpig|165/293|[from] item: Life Orb\n|\n|upkeep\n|\n|t:|1770634615\n|switch|p2a: Raging Bolt|Raging Bolt, L77|228/319\n|switch|p1b: Espeon|Espeon, L84, M|246/246\n|-activate|p1b: Espeon|move: Sticky Web\n|-unboost|p1b: Espeon|spe|1\n|turn|9\n|inactive|marco365 has 90 seconds left.\n|\n|t:|1770634653\n|move|p2b: Grumpig|Protect|p2b: Grumpig\n|-singleturn|p2b: Grumpig|Protect\n|move|p2a: Raging Bolt|Draco Meteor|p1a: Raging Bolt\n|-supereffective|p1a: Raging Bolt\n|-damage|p1a: Raging Bolt|0 fnt\n|-unboost|p2a: Raging Bolt|spa|2\n|faint|p1a: Raging Bolt\n|-end|p1a: Raging Bolt|Protosynthesis|[silent]\n|move|p1b: Espeon|Shadow Ball|p2b: Grumpig\n|-activate|p2b: Grumpig|move: Protect\n|\n|upkeep\n|\n|t:|1770634657\n|switch|p1a: Spectrier|Spectrier, L77|202/281\n|-activate|p1a: Spectrier|move: Sticky Web\n|-unboost|p1a: Spectrier|spe|1\n|turn|10\n|inactive|marco365 has 90 seconds left.\n|\n|t:|1770634686\n|-end|p2a: Raging Bolt|Protosynthesis|[silent]\n|switch|p2a: Gengar|Gengar, L84, F|238/238\n|-terastallize|p2b: Grumpig|Fairy\n|-terastallize|p1a: Spectrier|Fairy\n|move|p2b: Grumpig|Dazzling Gleam|p1b: Espeon|[spread] p1a,p1b\n|-damage|p1a: Spectrier|0 fnt\n|-damage|p1b: Espeon|73/246\n|faint|p1a: Spectrier\n|-damage|p2b: Grumpig|136/293|[from] item: Life Orb\n|move|p1b: Espeon|Shadow Ball|p2b: Grumpig\n|-damage|p2b: Grumpig|67/293\n|-unboost|p2b: Grumpig|spd|1\n|-damage|p1b: Espeon|49/246|[from] item: Life Orb\n|\n|upkeep\n|\n|t:|1770634690\n|switch|p1a: Sandslash|Sandslash-Alola, L91, M|284/284\n|-activate|p1a: Sandslash|move: Sticky Web\n|-unboost|p1a: Sandslash|spe|1\n|turn|11\n|inactive|marco365 has 90 seconds left.\n|\n|t:|1770634721\n|move|p2a: Gengar|Focus Blast|p1a: Sandslash\n|-supereffective|p1a: Sandslash\n|-damage|p1a: Sandslash|0 fnt\n|faint|p1a: Sandslash\n|move|p2b: Grumpig|Dazzling Gleam|p1b: Espeon\n|-damage|p1b: Espeon|0 fnt\n|faint|p1b: Espeon\n|-damage|p2b: Grumpig|38/293|[from] item: Life Orb\n|\n|win|marco365\n|raw|Skellyosis's rating: 1694 &rarr; <strong>1676</strong><br />(-18 for losing)\n|raw|marco365's rating: 1723 &rarr; <strong>1741</strong><br />(+18 for winning)\n|l|☆Skellyosis\n|player|p1|\n", "inputlog": ">version ccdc32dd7cde25fd9e4bed64820e885f66e78a4e\n>start {\"formatid\":\"gen9randomdoublesbattle\",\"seed\":\"sodium,d5ee59f353e13847be2f30e6766ff78f\",\"rated\":\"Rated battle\"}\n>player p1 {\"name\":\"Skellyosis\",\"avatar\":\"boarder\",\"rating\":1694,\"seed\":\"sodium,a92c28f30a4c7b6aad103c6f887fa4d4\"}\n>player p2 {\"name\":\"marco365\",\"avatar\":\"lucian\",\"rating\":1723,\"seed\":\"sodium,3dba54e3bceb501fae4c53d7e9519fd5\"}\n>p1 move shadowball +1, move rockpolish\n>p2 move electroweb, move knockoff +2\n>p1 switch 4, move rockslide\n>p2 switch 6, move stickyweb\n>p1 move quiverdance, move rockslide\n>p2 move icywind, move knockoff +1\n>p1 move protect, move highhorsepower +1\n>p2 move bodyslam +1, move helpinghand -1\n>p1 move quiverdance, move rockpolish\n>p2 move bodyslam +1, move helpinghand -1\n>p1 switch 3, pass\n>p1 move thunderclap +1, move rockslide\n>p2 move icywind, move knockoff +1\n>p2 switch 3, switch 5\n>p1 move thunderbolt +2, move highhorsepower +1\n>p2 move fakeout +2, move nastyplot\n>p1 move protect, move highhorsepower +1\n>p2 move knockoff +1, move psychic +2\n>p1 pass, switch 5\n>p2 switch 6, pass\n>p1 move dracometeor +1, move shadowball +2\n>p2 move dracometeor +1, move protect\n>p1 switch 4, pass\n>p1 move shadowball +2 terastallize, move shadowball +2\n>p2 switch 4, move dazzlinggleam terastallize\n>p1 switch 6, pass\n>p1 move drillrun +1, move psychic +2\n>p2 move focusblast +1, move dazzlinggleam", "uploadtime": 1770634731, "views": 68, "formatid": "gen9randomdoublesbattle", "rating": 1676, "private": 0, "password": null}