{"id": "gen9randomdoublesbattle-2537428015", "format": "[Gen 9] Random Doubles Battle", "players": ["M007", "Maluma fan"], "log": "|j|☆M007\n|j|☆Maluma fan\n|t:|1770813864\n|gametype|doubles\n|player|p1|M007|101|1572\n|player|p2|Maluma fan|265|1565\n|gen|9\n|tier|[Gen 9] Random Doubles Battle\n|rated|\n|rule|Species Clause: Limit one of each Pokémon\n|rule|HP Percentage Mod: HP is shown in percentages\n|rule|Illusion Level Mod: Illusion disguises the Pokémon's true level\n|rule|Sleep Clause Mod: Limit one foe put to sleep\n|\n|t:|1770813864\n|teamsize|p1|6\n|teamsize|p2|6\n|start\n|switch|p1a: Tauros|Tauros-Paldea-Combat, L82, M|257/257\n|switch|p1b: Spidops|Spidops, M|282/282\n|switch|p2a: Eternatus|Eternatus, L70|312/312\n|switch|p2b: Greedent|Greedent, L86, M|347/347\n|-ability|p2a: Eternatus|Pressure\n|-ability|p1a: Tauros|Intimidate|boost\n|-unboost|p2a: Eternatus|atk|1\n|-unboost|p2b: Greedent|atk|1\n|turn|1\n|\n|t:|1770813882\n|move|p2a: Eternatus|Cosmic Power|p2a: Eternatus\n|-boost|p2a: Eternatus|def|1\n|-boost|p2a: Eternatus|spd|1\n|move|p1a: Tauros|Bulk Up|p1a: Tauros\n|-boost|p1a: Tauros|atk|1\n|-boost|p1a: Tauros|def|1\n|move|p1b: Spidops|Sticky Web|p2b: Greedent\n|-sidestart|p2: Maluma fan|move: Sticky Web\n|move|p2b: Greedent|Swords Dance|p2b: Greedent\n|-boost|p2b: Greedent|atk|2\n|\n|upkeep\n|turn|2\n|\n|t:|1770813891\n|move|p2a: Eternatus|Flamethrower|p1b: Spidops\n|-supereffective|p1b: Spidops\n|-damage|p1b: Spidops|164/282\n|-status|p1b: Spidops|brn\n|move|p1a: Tauros|Bulk Up|p1a: Tauros\n|-boost|p1a: Tauros|atk|1\n|-boost|p1a: Tauros|def|1\n|move|p2b: Greedent|Double-Edge|p1a: Tauros\n|-damage|p1a: Tauros|166/257\n|-damage|p2b: Greedent|317/347|[from] Recoil\n|move|p1b: Spidops|Circle Throw|p2a: Eternatus\n|-resisted|p2a: Eternatus\n|-damage|p2a: Eternatus|302/312\n|drag|p2a: Ribombee|Ribombee, L86, F|243/243\n|-activate|p2a: Ribombee|move: Sticky Web\n|-unboost|p2a: Ribombee|spe|1\n|\n|-damage|p1b: Spidops|147/282 brn|[from] brn\n|upkeep\n|turn|3\n|\n|t:|1770813918\n|move|p1a: Tauros|Stone Edge|p2a: Ribombee\n|-supereffective|p2a: Ribombee\n|-damage|p2a: Ribombee|0 fnt\n|faint|p2a: Ribombee\n|move|p1b: Spidops|Lunge|p2b: Greedent\n|-damage|p2b: Greedent|272/347\n|-unboost|p2b: Greedent|atk|1\n|move|p2b: Greedent|Double-Edge|p1b: Spidops\n|-damage|p1b: Spidops|48/282 brn\n|-enditem|p1b: Spidops|Sitrus Berry|[eat]\n|-heal|p1b: Spidops|118/282 brn|[from] item: Sitrus Berry\n|-damage|p2b: Greedent|239/347|[from] Recoil\n|\n|-damage|p1b: Spidops|101/282 brn|[from] brn\n|upkeep\n|\n|t:|1770813931\n|switch|p2a: Oranguru|Oranguru, L90, M|308/308\n|-activate|p2a: Oranguru|move: Sticky Web\n|-unboost|p2a: Oranguru|spe|1\n|turn|4\n|\n|t:|1770813947\n|-terastallize|p2a: Oranguru|Fairy\n|move|p1a: Tauros|Raging Bull|p2b: Greedent\n|-supereffective|p2b: Greedent\n|-crit|p2b: Greedent\n|-damage|p2b: Greedent|0 fnt\n|faint|p2b: Greedent\n|move|p1b: Spidops|Circle Throw|p2a: Oranguru\n|-resisted|p2a: Oranguru\n|-damage|p2a: Oranguru|296/308\n|drag|p2a: Abomasnow|Abomasnow, L81, F|278/278\n|-activate|p2a: Abomasnow|move: Sticky Web\n|-unboost|p2a: Abomasnow|spe|1\n|-weather|Snowscape|[from] ability: Snow Warning|[of] p2a: Abomasnow\n|\n|-weather|Snowscape|[upkeep]\n|-damage|p1b: Spidops|84/282 brn|[from] brn\n|upkeep\n|\n|t:|1770813953\n|switch|p2b: Eternatus|Eternatus, L70|302/312\n|-activate|p2b: Eternatus|move: Sticky Web\n|-unboost|p2b: Eternatus|spe|1\n|-ability|p2b: Eternatus|Pressure\n|turn|5\n|\n|t:|1770813963\n|move|p1a: Tauros|Raging Bull|p2a: Abomasnow\n|-supereffective|p2a: Abomasnow\n|-damage|p2a: Abomasnow|0 fnt\n|faint|p2a: Abomasnow\n|move|p2b: Eternatus|Dynamax Cannon|p1a: Tauros\n|-damage|p1a: Tauros|40/257\n|-enditem|p1a: Tauros|Sitrus Berry|[eat]\n|-heal|p1a: Tauros|104/257|[from] item: Sitrus Berry\n|move|p1b: Spidops|Circle Throw|p2b: Eternatus\n|-resisted|p2b: Eternatus\n|-damage|p2b: Eternatus|287/312\n|drag|p2b: Bellossom|Bellossom, L87, M|272/272\n|-activate|p2b: Bellossom|move: Sticky Web\n|-unboost|p2b: Bellossom|spe|1\n|\n|-weather|Snowscape|[upkeep]\n|-damage|p1b: Spidops|67/282 brn|[from] brn\n|upkeep\n|-message|Maluma fan forfeited.\n|\n|win|M007\n|raw|M007's rating: 1572 &rarr; <strong>1592</strong><br />(+20 for winning)\n|raw|Maluma fan's rating: 1565 &rarr; <strong>1545</strong><br />(-20 for losing)\n|l|☆Maluma fan\n|player|p2|\n", "inputlog": ">version ccdc32dd7cde25fd9e4bed64820e885f66e78a4e\n>start {\"formatid\":\"gen9randomdoublesbattle\",\"seed\":\"sodium,83eda7fea46d7a9d47987f02d95657eb\",\"rated\":\"Rated battle\"}\n>player p1 {\"name\":\"M007\",\"avatar\":\"101\",\"rating\":1572,\"seed\":\"sodium,5d79b14543303fbad626578a5d42c0c6\"}\n>player p2 {\"name\":\"Maluma fan\",\"avatar\":\"265\",\"rating\":1565,\"seed\":\"sodium,027f86025653c7ea37bc53f1930ecf91\"}\n>p1 move bulkup, move stickyweb\n>p2 move cosmicpower, move swordsdance\n>p1 move bulkup, move circlethrow +1\n>p2 move flamethrower +2, move doubleedge +1\n>p1 move stoneedge +1, move lunge +2\n>p2 move quiverdance, move doubleedge +2\n>p2 switch 6, pass\n>p1 move ragingbull +2, move circlethrow +1\n>p2 move trickroom terastallize, move doubleedge +2\n>p2 pass, switch 3\n>p1 move ragingbull +1, move circlethrow +2\n>p2 move blizzard, move dynamaxcannon +1\n>forcelose p2", "uploadtime": 1770813981, "views": 57, "formatid": "gen9randomdoublesbattle", "rating": 1545, "private": 0, "password": null}