{"id": "gen9randomdoublesbattle-2540482061", "format": "[Gen 9] Random Doubles Battle", "players": ["HomoManu", "caoscontrol"], "log": "|j|☆HomoManu\n|j|☆caoscontrol\n|t:|1771207505\n|gametype|doubles\n|player|p1|HomoManu|1|1828\n|player|p2|caoscontrol|102|1740\n|gen|9\n|tier|[Gen 9] Random Doubles Battle\n|rated|\n|rule|Species Clause: Limit one of each Pokémon\n|rule|HP Percentage Mod: HP is shown in percentages\n|rule|Illusion Level Mod: Illusion disguises the Pokémon's true level\n|rule|Sleep Clause Mod: Limit one foe put to sleep\n|\n|t:|1771207505\n|teamsize|p1|6\n|teamsize|p2|6\n|start\n|switch|p1a: Iron Thorns|Iron Thorns, L82|298/298\n|switch|p1b: Okidogi|Okidogi, L78, M|265/265\n|switch|p2a: Arbok|Arbok, L88, F|249/249\n|switch|p2b: Vivillon|Vivillon-Polar, L88, M|284/284\n|-ability|p2a: Arbok|Intimidate|boost\n|-fail|p1a: Iron Thorns|unboost|[from] item: Clear Amulet|[of] p1a: Iron Thorns\n|-unboost|p1b: Okidogi|atk|1\n|turn|1\n|inactive|Battle timer is ON: inactive players will automatically lose when time's up. (requested by HomoManu)\n|\n|t:|1771207528\n|switch|p1b: Arceus|Arceus-Ground, L72|292/292\n|move|p2b: Vivillon|Sleep Powder|p1b: Arceus\n|-status|p1b: Arceus|slp|[from] move: Sleep Powder\n|move|p2a: Arbok|Stomping Tantrum|p1a: Iron Thorns\n|-supereffective|p1a: Iron Thorns\n|-damage|p1a: Iron Thorns|98/298\n|move|p1a: Iron Thorns|Rock Slide|p2a: Arbok|[spread] p2b\n|-miss|p1a: Iron Thorns|p2a: Arbok\n|-supereffective|p2b: Vivillon\n|-damage|p2b: Vivillon|0 fnt\n|faint|p2b: Vivillon\n|\n|upkeep\n|\n|t:|1771207554\n|switch|p2b: Hoopa|Hoopa-Unbound, L80|259/259\n|turn|2\n|inactive|HomoManu has 120 seconds left.\n|\n|t:|1771207586\n|move|p2b: Hoopa|Hyperspace Fury|p1b: Arceus\n|-damage|p1b: Arceus|148/292 slp\n|-unboost|p2b: Hoopa|def|1\n|cant|p1b: Arceus|slp\n|move|p2a: Arbok|Knock Off|p1a: Iron Thorns\n|-damage|p1a: Iron Thorns|37/298\n|-enditem|p1a: Iron Thorns|Clear Amulet|[from] move: Knock Off|[of] p2a: Arbok\n|move|p1a: Iron Thorns|High Horsepower|p2a: Arbok|[miss]\n|-miss|p1a: Iron Thorns|p2a: Arbok\n|\n|upkeep\n|turn|3\n|\n|t:|1771207610\n|move|p2b: Hoopa|Hyperspace Fury|p1b: Arceus\n|-damage|p1b: Arceus|25/292 slp\n|-unboost|p2b: Hoopa|def|1\n|cant|p1b: Arceus|slp\n|move|p2a: Arbok|Knock Off|p1a: Iron Thorns\n|-damage|p1a: Iron Thorns|0 fnt\n|faint|p1a: Iron Thorns\n|-end|p1a: Iron Thorns|Quark Drive|[silent]\n|\n|upkeep\n|inactive|HomoManu has 120 seconds left.\n|\n|t:|1771207625\n|switch|p1a: Okidogi|Okidogi, L78, M|265/265\n|turn|4\n|inactive|HomoManu has 120 seconds left.\n|\n|t:|1771207652\n|switch|p1b: Slaking|Slaking, L89, M|412/412\n|switch|p2a: Squawkabilly|Squawkabilly-White, L91, F|297/297\n|-ability|p2a: Squawkabilly|Intimidate|boost\n|-unboost|p1a: Okidogi|atk|1\n|-unboost|p1b: Slaking|atk|1\n|move|p2b: Hoopa|Hyperspace Fury|p1b: Slaking\n|-damage|p1b: Slaking|285/412\n|-unboost|p2b: Hoopa|def|1\n|move|p1a: Okidogi|Drain Punch|p2b: Hoopa\n|-damage|p2b: Hoopa|45/259\n|-status|p2b: Hoopa|tox|[from] ability: Toxic Chain|[of] p1a: Okidogi\n|\n|-damage|p2b: Hoopa|29/259 tox|[from] psn\n|upkeep\n|turn|5\n|inactive|HomoManu has 120 seconds left.\n|\n|t:|1771207696\n|switch|p2b: Arbok|Arbok, L88, F|249/249\n|-ability|p2b: Arbok|Intimidate|boost\n|-unboost|p1a: Okidogi|atk|1\n|-unboost|p1b: Slaking|atk|1\n|move|p1b: Slaking|Giga Impact|p2a: Squawkabilly\n|-damage|p2a: Squawkabilly|48/297\n|-mustrecharge|p1b: Slaking\n|move|p2a: Squawkabilly|Brave Bird|p1a: Okidogi\n|-supereffective|p1a: Okidogi\n|-damage|p1a: Okidogi|0 fnt\n|faint|p1a: Okidogi\n|-damage|p2a: Squawkabilly|0 fnt|[from] Recoil\n|faint|p2a: Squawkabilly\n|\n|upkeep\n|inactive|caoscontrol has 120 seconds left.\n|\n|t:|1771207711\n|switch|p2a: Meloetta|Meloetta, L80|291/291\n|switch|p1a: Arceus|Arceus-Ground, L72|25/292 slp\n|turn|6\n|inactive|HomoManu has 120 seconds left.\n|\n|t:|1771207733\n|move|p2b: Arbok|Protect|p2b: Arbok\n|-singleturn|p2b: Arbok|Protect\n|cant|p1b: Slaking|recharge\n|cant|p1a: Arceus|slp\n|move|p2a: Meloetta|Hyper Voice|p1b: Slaking|[spread] p1a,p1b\n|-damage|p1a: Arceus|0 fnt\n|-damage|p1b: Slaking|141/412\n|faint|p1a: Arceus\n|\n|upkeep\n|\n|t:|1771207755\n|switch|p1a: Drifblim|Drifblim, L85, F|394/394\n|turn|7\n|\n|t:|1771207780\n|switch|p2a: Hoopa|Hoopa-Unbound, L80|29/259 tox\n|move|p1b: Slaking|Giga Impact|p2a: Hoopa\n|-damage|p2a: Hoopa|0 fnt\n|-mustrecharge|p1b: Slaking\n|faint|p2a: Hoopa\n|move|p2b: Arbok|Knock Off|p1a: Drifblim\n|-supereffective|p1a: Drifblim\n|-damage|p1a: Drifblim|164/394\n|-enditem|p1a: Drifblim|Sitrus Berry|[from] move: Knock Off|[of] p2b: Arbok\n|move|p1a: Drifblim|Will-O-Wisp|p2b: Arbok\n|-status|p2b: Arbok|brn\n|\n|-damage|p2b: Arbok|234/249 brn|[from] brn\n|upkeep\n|\n|t:|1771207791\n|switch|p2a: Raging Bolt|Raging Bolt, L77|319/319\n|turn|8\n|inactive|HomoManu has 120 seconds left.\n|\n|t:|1771207814\n|move|p2b: Arbok|Protect|p2b: Arbok\n|-singleturn|p2b: Arbok|Protect\n|move|p1a: Drifblim|Strength Sap|p2b: Arbok\n|-activate|p2b: Arbok|move: Protect\n|cant|p1b: Slaking|recharge\n|move|p2a: Raging Bolt|Dragon Pulse|p1a: Drifblim\n|-damage|p1a: Drifblim|25/394\n|\n|-damage|p2b: Arbok|219/249 brn|[from] brn\n|upkeep\n|turn|9\n|inactive|HomoManu has 120 seconds left.\n|\n|t:|1771207835\n|switch|p1b: Iron Bundle|Iron Bundle, L78|215/215\n|-enditem|p1b: Iron Bundle|Booster Energy\n|-activate|p1b: Iron Bundle|ability: Quark Drive|[fromitem]\n|-start|p1b: Iron Bundle|quarkdrivespe\n|switch|p2b: Meloetta|Meloetta, L80|291/291\n|move|p2a: Raging Bolt|Protect|p2a: Raging Bolt\n|-singleturn|p2a: Raging Bolt|Protect\n|move|p1a: Drifblim|Strength Sap|p2b: Meloetta\n|-unboost|p2b: Meloetta|atk|1\n|-heal|p1a: Drifblim|194/394\n|\n|upkeep\n|turn|10\n|inactive|HomoManu has 120 seconds left.\n|\n|t:|1771207871\n|move|p2a: Raging Bolt|Thunderclap|p1b: Iron Bundle\n|-supereffective|p1b: Iron Bundle\n|-damage|p1b: Iron Bundle|0 fnt\n|faint|p1b: Iron Bundle\n|-end|p1b: Iron Bundle|Quark Drive|[silent]\n|move|p1a: Drifblim|Strength Sap|p2b: Meloetta\n|-unboost|p2b: Meloetta|atk|1\n|-heal|p1a: Drifblim|306/394\n|move|p2b: Meloetta|Psychic|p1a: Drifblim\n|-damage|p1a: Drifblim|96/394\n|-unboost|p1a: Drifblim|spd|1\n|\n|upkeep\n|inactive|HomoManu has 90 seconds left.\n|l|☆HomoManu\n|inactive|HomoManu disconnected and has a minute to reconnect!\n|player|p1|\n|inactive|HomoManu has 30 seconds to reconnect!\n|inactive|HomoManu has 20 seconds to reconnect!\n|inactive|HomoManu has 15 seconds to reconnect!\n|c|☆caoscontrol|really?\n|inactive|HomoManu has 10 seconds to reconnect!\n|inactive|HomoManu has 5 seconds to reconnect!\n|-message|HomoManu lost due to inactivity.\n|\n|win|caoscontrol\n|raw|HomoManu's rating: 1828 &rarr; <strong>1803</strong><br />(-25 for losing)\n|raw|caoscontrol's rating: 1740 &rarr; <strong>1765</strong><br />(+25 for winning)\n", "inputlog": ">version 686819e5e19f8a7fd2345cfc5a08a5085efa2cc3\n>start {\"formatid\":\"gen9randomdoublesbattle\",\"seed\":\"sodium,93687810969764fed8e84f50251cfc40\",\"rated\":\"Rated battle\"}\n>player p1 {\"name\":\"HomoManu\",\"avatar\":\"1\",\"rating\":1828,\"seed\":\"sodium,56956df70c6c008f244b9d85a69464ea\"}\n>player p2 {\"name\":\"caoscontrol\",\"avatar\":\"102\",\"rating\":1740,\"seed\":\"sodium,fed127d6e67be38ed06b9fe07a0e4792\"}\n>p1 move rockslide, switch 6\n>p2 move stompingtantrum +1, move sleeppowder +2\n>p2 pass, switch 5\n>p1 move highhorsepower +1, move judgment +1\n>p2 move knockoff +1, move hyperspacefury +2\n>p1 move wildcharge +2, move judgment +1\n>p2 move knockoff +1, move hyperspacefury +2\n>p1 switch 6, pass\n>p1 move drainpunch +2, switch 4\n>p2 switch 4, move hyperspacefury +2\n>p1 move drainpunch +2, move gigaimpact +1\n>p2 move bravebird +1, switch 4\n>p1 switch 4, pass\n>p2 switch 3, pass\n>p1 move judgment +2, move recharge +1\n>p2 move hypervoice, move protect\n>p1 switch 3, pass\n>p1 move willowisp +2, move gigaimpact +1\n>p2 switch 4, move knockoff +1\n>p2 switch 6, pass\n>p1 move strengthsap +2, move recharge +1\n>p2 move dragonpulse +1, move protect\n>p1 move strengthsap +2, switch 5\n>p2 move protect, switch 4\n>p1 move strengthsap +2, move freezedry +1\n>p2 move thunderclap +2, move psychic +2\n>chat ☆caoscontrol|really?\n>forcelose p1", "uploadtime": 1771207976, "views": 38, "formatid": "gen9randomdoublesbattle", "rating": 1765, "private": 0, "password": null}