{"id": "gen9randomdoublesbattle-2537292004", "format": "[Gen 9] Random Doubles Battle", "players": ["71m80", "Cream2905"], "log": "|j|☆71m80\n|j|☆Cream2905\n|t:|1770792075\n|gametype|doubles\n|player|p1|71m80|102|1643\n|player|p2|Cream2905|2|1707\n|gen|9\n|tier|[Gen 9] Random Doubles Battle\n|rated|\n|rule|Species Clause: Limit one of each Pokémon\n|rule|HP Percentage Mod: HP is shown in percentages\n|rule|Illusion Level Mod: Illusion disguises the Pokémon's true level\n|rule|Sleep Clause Mod: Limit one foe put to sleep\n|\n|t:|1770792075\n|teamsize|p1|6\n|teamsize|p2|6\n|start\n|switch|p1a: Serperior|Serperior, L80, F|251/251\n|switch|p1b: Sandaconda|Sandaconda, L88, M|270/270\n|switch|p2a: Dewgong|Dewgong, L91, M|312/312\n|switch|p2b: Drednaw|Drednaw, L83, F|285/285\n|turn|1\n|\n|t:|1770792098\n|switch|p2a: Volbeat|Volbeat, L82, M|241/241\n|switch|p2b: Iron Leaves|Iron Leaves, L81|278/278\n|-enditem|p2b: Iron Leaves|Booster Energy\n|-activate|p2b: Iron Leaves|ability: Quark Drive|[fromitem]\n|-start|p2b: Iron Leaves|quarkdriveatk\n|move|p1a: Serperior|Leaf Storm|p2b: Iron Leaves\n|-resisted|p2b: Iron Leaves\n|-damage|p2b: Iron Leaves|216/278\n|-boost|p1a: Serperior|spa|2\n|-damage|p1a: Serperior|226/251|[from] item: Life Orb\n|move|p1b: Sandaconda|High Horsepower|p2b: Iron Leaves\n|-resisted|p2b: Iron Leaves\n|-damage|p2b: Iron Leaves|155/278\n|\n|upkeep\n|turn|2\n|\n|t:|1770792142\n|-terastallize|p1a: Serperior|Fire\n|move|p2a: Volbeat|Tailwind|p2a: Volbeat\n|-sidestart|p2: Cream2905|move: Tailwind\n|move|p2b: Iron Leaves|Swords Dance|p2b: Iron Leaves\n|-boost|p2b: Iron Leaves|atk|2\n|move|p1a: Serperior|Tera Blast|p2b: Iron Leaves|[anim] Tera Blast Fire\n|-supereffective|p2b: Iron Leaves\n|-damage|p2b: Iron Leaves|0 fnt\n|faint|p2b: Iron Leaves\n|-end|p2b: Iron Leaves|Quark Drive|[silent]\n|-damage|p1a: Serperior|201/251|[from] item: Life Orb\n|move|p1b: Sandaconda|Stone Edge|p2a: Volbeat\n|-supereffective|p2a: Volbeat\n|-damage|p2a: Volbeat|53/241\n|-enditem|p2a: Volbeat|Sitrus Berry|[eat]\n|-heal|p2a: Volbeat|113/241|[from] item: Sitrus Berry\n|\n|upkeep\n|\n|t:|1770792157\n|switch|p2b: Dewgong|Dewgong, L91, M|312/312\n|turn|3\n|\n|t:|1770792182\n|move|p2a: Volbeat|Thunder Wave|p1a: Serperior\n|-status|p1a: Serperior|par\n|move|p2b: Dewgong|Hydro Pump|p1b: Sandaconda\n|-supereffective|p1b: Sandaconda\n|-damage|p1b: Sandaconda|22/270\n|move|p1b: Sandaconda|Stone Edge|p2b: Dewgong\n|-supereffective|p2b: Dewgong\n|-damage|p2b: Dewgong|142/312\n|-enditem|p2b: Dewgong|Sitrus Berry|[eat]\n|-heal|p2b: Dewgong|220/312|[from] item: Sitrus Berry\n|cant|p1a: Serperior|par\n|\n|-heal|p1b: Sandaconda|38/270|[from] item: Leftovers\n|upkeep\n|turn|4\n|\n|t:|1770792206\n|move|p1a: Serperior|Protect|p1a: Serperior\n|-singleturn|p1a: Serperior|Protect\n|move|p2a: Volbeat|Lunge|p1b: Sandaconda\n|-damage|p1b: Sandaconda|0 fnt\n|faint|p1b: Sandaconda\n|move|p2b: Dewgong|Hydro Pump|p1a: Serperior\n|-activate|p1a: Serperior|move: Protect\n|\n|upkeep\n|\n|t:|1770792233\n|switch|p1b: Charizard|Charizard, L82, F|262/262\n|turn|5\n|\n|t:|1770792241\n|move|p2a: Volbeat|Thunder Wave|p1b: Charizard\n|-status|p1b: Charizard|par\n|move|p2b: Dewgong|Hydro Pump|p1a: Serperior|[miss]\n|-miss|p2b: Dewgong|p1a: Serperior\n|cant|p1a: Serperior|par\n|move|p1b: Charizard|Heat Wave|p2b: Dewgong|[spread] p2a,p2b\n|-supereffective|p2a: Volbeat\n|-damage|p2a: Volbeat|0 fnt\n|-damage|p2b: Dewgong|180/312\n|faint|p2a: Volbeat\n|-damage|p1b: Charizard|236/262 par|[from] item: Life Orb\n|\n|-sideend|p2: Cream2905|move: Tailwind\n|upkeep\n|\n|t:|1770792247\n|switch|p2a: Drednaw|Drednaw, L83, F|285/285\n|turn|6\n|\n|t:|1770792261\n|switch|p2b: Clefairy|Clefairy, L98, F|296/296\n|move|p2a: Drednaw|Rock Slide|p1a: Serperior|[spread] p1a,p1b\n|-supereffective|p1a: Serperior\n|-supereffective|p1b: Charizard\n|-damage|p1a: Serperior|73/251 par\n|-damage|p1b: Charizard|0 fnt\n|faint|p1b: Charizard\n|move|p1a: Serperior|Leaf Storm|p2a: Drednaw\n|-supereffective|p2a: Drednaw\n|-damage|p2a: Drednaw|0 fnt\n|-boost|p1a: Serperior|spa|2\n|faint|p2a: Drednaw\n|-damage|p1a: Serperior|48/251 par|[from] item: Life Orb\n|\n|upkeep\n|\n|t:|1770792292\n|switch|p1b: Garganacl|Garganacl, L81, F|295/295\n|switch|p2a: Scrafty|Scrafty, L83, F|244/244\n|-ability|p2a: Scrafty|Intimidate|boost\n|-boost|p1a: Serperior|atk|1\n|-unboost|p1b: Garganacl|atk|1\n|turn|7\n|\n|t:|1770792348\n|move|p2b: Clefairy|Helping Hand|p2a: Scrafty\n|-singleturn|p2a: Scrafty|Helping Hand|[of] p2b: Clefairy\n|move|p2a: Scrafty|Close Combat|p1b: Garganacl\n|-supereffective|p1b: Garganacl\n|-damage|p1b: Garganacl|43/295\n|-unboost|p2a: Scrafty|def|1\n|-unboost|p2a: Scrafty|spd|1\n|move|p1a: Serperior|Leaf Storm|p2a: Scrafty\n|-damage|p2a: Scrafty|0 fnt\n|-boost|p1a: Serperior|spa|2\n|faint|p2a: Scrafty\n|-damage|p1a: Serperior|23/251 par|[from] item: Life Orb\n|move|p1b: Garganacl|Salt Cure|p2b: Clefairy\n|-damage|p2b: Clefairy|269/296\n|-start|p2b: Clefairy|Salt Cure\n|\n|-heal|p1b: Garganacl|61/295|[from] item: Leftovers\n|-damage|p2b: Clefairy|232/296|[from] Salt Cure\n|upkeep\n|\n|t:|1770792354\n|switch|p2a: Dewgong|Dewgong, L91, M|180/312\n|turn|8\n|\n|t:|1770792375\n|cant|p1a: Serperior|par\n|move|p1b: Garganacl|Protect|p1b: Garganacl\n|-singleturn|p1b: Garganacl|Protect\n|move|p2a: Dewgong|Hydro Pump|p1a: Serperior\n|-supereffective|p1a: Serperior\n|-damage|p1a: Serperior|0 fnt\n|faint|p1a: Serperior\n|move|p2b: Clefairy|Moonblast|p1b: Garganacl\n|-activate|p1b: Garganacl|move: Protect\n|\n|-heal|p1b: Garganacl|79/295|[from] item: Leftovers\n|-damage|p2b: Clefairy|195/296|[from] Salt Cure\n|upkeep\n|\n|t:|1770792397\n|switch|p1a: Appletun|Appletun, L92, M|352/352\n|turn|9\n|\n|t:|1770792407\n|-terastallize|p2a: Dewgong|Grass\n|move|p2a: Dewgong|Icy Wind|p1a: Appletun|[spread] p1a,p1b\n|-supereffective|p1a: Appletun\n|-damage|p1a: Appletun|192/352\n|-damage|p1b: Garganacl|39/295\n|-unboost|p1a: Appletun|spe|1\n|-unboost|p1b: Garganacl|spe|1\n|move|p2b: Clefairy|Moonblast|p1b: Garganacl\n|-damage|p1b: Garganacl|0 fnt\n|faint|p1b: Garganacl\n|move|p1a: Appletun|Leech Seed|p2a: Dewgong\n|-immune|p2a: Dewgong\n|\n|-damage|p2b: Clefairy|158/296|[from] Salt Cure\n|upkeep\n|\n|t:|1770792420\n|switch|p1b: Golduck|Golduck, L91, M|293/293\n|-ability|p1b: Golduck|Cloud Nine\n|turn|10\n|\n|t:|1770792438\n|move|p1b: Golduck|Ice Beam|p2a: Dewgong\n|-supereffective|p2a: Dewgong\n|-damage|p2a: Dewgong|114/312\n|-damage|p1b: Golduck|264/293|[from] item: Life Orb\n|move|p2a: Dewgong|Icy Wind|p1b: Golduck|[spread] p1a,p1b\n|-supereffective|p1a: Appletun\n|-resisted|p1b: Golduck\n|-damage|p1a: Appletun|36/352\n|-damage|p1b: Golduck|246/293\n|-unboost|p1a: Appletun|spe|1\n|-unboost|p1b: Golduck|spe|1\n|-activate|p1a: Appletun|ability: Ripen\n|-enditem|p1a: Appletun|Sitrus Berry|[eat]\n|-heal|p1a: Appletun|212/352|[from] item: Sitrus Berry\n|move|p2b: Clefairy|Heal Pulse|p2a: Dewgong\n|-heal|p2a: Dewgong|270/312\n|move|p1a: Appletun|Leech Seed|p2b: Clefairy\n|-start|p2b: Clefairy|move: Leech Seed\n|\n|-damage|p2b: Clefairy|121/296|[from] Leech Seed|[of] p1a: Appletun\n|-heal|p1a: Appletun|249/352|[silent]\n|-damage|p2b: Clefairy|84/296|[from] Salt Cure\n|upkeep\n|turn|11\n|\n|t:|1770792479\n|move|p1a: Appletun|Protect|p1a: Appletun\n|-singleturn|p1a: Appletun|Protect\n|move|p2a: Dewgong|Icy Wind|p1b: Golduck|[spread] p1b\n|-activate|p1a: Appletun|move: Protect\n|-resisted|p1b: Golduck\n|-damage|p1b: Golduck|228/293\n|-unboost|p1b: Golduck|spe|1\n|move|p2b: Clefairy|Moonblast|p1b: Golduck\n|-damage|p1b: Golduck|129/293\n|-unboost|p1b: Golduck|spa|1\n|move|p1b: Golduck|Ice Beam|p2a: Dewgong\n|-supereffective|p2a: Dewgong\n|-damage|p2a: Dewgong|229/312\n|-damage|p1b: Golduck|100/293|[from] item: Life Orb\n|\n|-damage|p2b: Clefairy|47/296|[from] Leech Seed|[of] p1a: Appletun\n|-heal|p1a: Appletun|286/352|[silent]\n|-damage|p2b: Clefairy|10/296|[from] Salt Cure\n|upkeep\n|turn|12\n|\n|t:|1770792505\n|move|p2a: Dewgong|Icy Wind|p1a: Appletun|[spread] p1b\n|-miss|p2a: Dewgong|p1a: Appletun\n|-resisted|p1b: Golduck\n|-damage|p1b: Golduck|82/293\n|-unboost|p1b: Golduck|spe|1\n|move|p2b: Clefairy|Moonblast|p1a: Appletun\n|-supereffective|p1a: Appletun\n|-damage|p1a: Appletun|106/352\n|move|p1b: Golduck|Ice Beam|p2a: Dewgong\n|-supereffective|p2a: Dewgong\n|-damage|p2a: Dewgong|184/312\n|-status|p2a: Dewgong|frz\n|-damage|p1b: Golduck|53/293|[from] item: Life Orb\n|move|p1a: Appletun|Dragon Pulse|p2a: Dewgong\n|-damage|p2a: Dewgong|119/312 frz\n|\n|-damage|p2b: Clefairy|0 fnt|[from] Leech Seed|[of] p1a: Appletun\n|-heal|p1a: Appletun|116/352|[silent]\n|faint|p2b: Clefairy\n|upkeep\n|turn|13\n|\n|t:|1770792526\n|cant|p2a: Dewgong|frz\n|move|p1b: Golduck|Ice Beam|p2a: Dewgong\n|-supereffective|p2a: Dewgong\n|-damage|p2a: Dewgong|59/312 frz\n|-damage|p1b: Golduck|24/293|[from] item: Life Orb\n|move|p1a: Appletun|Dragon Pulse|p2a: Dewgong\n|-damage|p2a: Dewgong|0 fnt\n|faint|p2a: Dewgong\n|\n|win|71m80\n|raw|71m80's rating: 1643 &rarr; <strong>1667</strong><br />(+24 for winning)\n|raw|Cream2905's rating: 1707 &rarr; <strong>1683</strong><br />(-24 for losing)\n", "inputlog": ">version ccdc32dd7cde25fd9e4bed64820e885f66e78a4e\n>start {\"formatid\":\"gen9randomdoublesbattle\",\"seed\":\"sodium,31bb5a4f2f7524ccc5c6206646ec44d7\",\"rated\":\"Rated battle\"}\n>player p1 {\"name\":\"71m80\",\"avatar\":\"102\",\"rating\":1643,\"seed\":\"sodium,9049acc96beba4fd7dbfde526e23efea\"}\n>player p2 {\"name\":\"Cream2905\",\"avatar\":\"2\",\"rating\":1707,\"seed\":\"sodium,c0dc7b6ed097772bf34135d265b9381a\"}\n>p1 move leafstorm +2, move highhorsepower +2\n>p2 switch 4, switch 3\n>p1 move terablast +2 terastallize, move stoneedge +1\n>p2 move tailwind, move swordsdance\n>p2 pass, switch 4\n>p1 move terablast +1, move stoneedge +2\n>p2 move thunderwave +1, move hydropump +2\n>p1 move protect, move stoneedge +2\n>p2 move lunge +2, move hydropump +1\n>p1 pass, switch 5\n>p1 move leafstorm +2, move heatwave\n>p2 move thunderwave +2, move hydropump +1\n>p2 switch 3, pass\n>p1 move leafstorm +1, move heatwave\n>p2 move rockslide, switch 6\n>p1 pass, switch 3\n>p2 switch 5, pass\n>p1 move leafstorm +1, move saltcure +2\n>p2 move closecombat +2, move helpinghand -1\n>p2 switch 6, pass\n>p1 move protect, move protect\n>p2 move hydropump +1, move moonblast +2\n>p1 switch 6, pass\n>p1 move leechseed +1, move saltcure +1\n>p2 move icywind terastallize, move moonblast +2\n>p1 pass, switch 4\n>p1 move leechseed +2, move icebeam +1\n>p2 move icywind, move healpulse -1\n>p1 move protect, move icebeam +1\n>p2 move icywind, move moonblast +2\n>p1 move dragonpulse +1, move icebeam +1\n>p2 move icywind, move moonblast +1\n>p1 move dragonpulse +1, move icebeam +1\n>p2 move icywind, pass", "uploadtime": 1770792539, "views": 77, "formatid": "gen9randomdoublesbattle", "rating": 1667, "private": 0, "password": null}