{"id": "gen9randomdoublesbattle-2538011988", "format": "[Gen 9] Random Doubles Battle", "players": ["joeymimi", "fiskskal"], "log": "|j|☆joeymimi\n|j|☆fiskskal\n|t:|1770877491\n|gametype|doubles\n|player|p1|joeymimi|red|1487\n|player|p2|fiskskal|101|1539\n|gen|9\n|tier|[Gen 9] Random Doubles Battle\n|rated|\n|rule|Species Clause: Limit one of each Pokémon\n|rule|HP Percentage Mod: HP is shown in percentages\n|rule|Illusion Level Mod: Illusion disguises the Pokémon's true level\n|rule|Sleep Clause Mod: Limit one foe put to sleep\n|\n|t:|1770877491\n|teamsize|p1|6\n|teamsize|p2|6\n|start\n|switch|p1a: Lucario|Lucario, L86, M|261/261\n|switch|p1b: Sylveon|Sylveon, L79, M|219/219\n|switch|p2a: Lunala|Lunala, L71|312/312\n|switch|p2b: Gothitelle|Gothitelle, L90, F|272/272\n|turn|1\n|\n|t:|1770877527\n|switch|p2a: Sandy Shocks|Sandy Shocks, L79|264/264\n|-enditem|p2a: Sandy Shocks|Booster Energy\n|-activate|p2a: Sandy Shocks|ability: Protosynthesis|[fromitem]\n|-start|p2a: Sandy Shocks|protosynthesisspa\n|move|p1a: Lucario|Protect|p1a: Lucario\n|-singleturn|p1a: Lucario|Protect\n|move|p2b: Gothitelle|Fake Out|p1b: Sylveon\n|-immune|p1b: Sylveon\n|move|p1b: Sylveon|Bitter Malice|p2a: Sandy Shocks\n|-damage|p2a: Sandy Shocks|110/264\n|-unboost|p2a: Sandy Shocks|atk|1\n|\n|upkeep\n|turn|2\n|\n|t:|1770877553\n|move|p1a: Lucario|Extreme Speed|p2a: Sandy Shocks\n|-damage|p2a: Sandy Shocks|27/264\n|-damage|p1a: Lucario|235/261|[from] item: Life Orb\n|move|p1b: Sylveon|Bitter Malice|p2b: Gothitelle\n|-supereffective|p2b: Gothitelle\n|-damage|p2b: Gothitelle|44/272\n|-unboost|p2b: Gothitelle|atk|1\n|-enditem|p2b: Gothitelle|Sitrus Berry|[eat]\n|-heal|p2b: Gothitelle|112/272|[from] item: Sitrus Berry\n|move|p2a: Sandy Shocks|Stealth Rock|p1b: Sylveon\n|-sidestart|p1: joeymimi|move: Stealth Rock\n|move|p2b: Gothitelle|Psychic|p1a: Lucario\n|-damage|p1a: Lucario|118/261\n|\n|upkeep\n|turn|3\n|\n|t:|1770877577\n|move|p2b: Gothitelle|Protect|p2b: Gothitelle\n|-singleturn|p2b: Gothitelle|Protect\n|move|p1a: Lucario|Extreme Speed|p2a: Sandy Shocks\n|-damage|p2a: Sandy Shocks|0 fnt\n|faint|p2a: Sandy Shocks\n|-end|p2a: Sandy Shocks|Protosynthesis|[silent]\n|-damage|p1a: Lucario|92/261|[from] item: Life Orb\n|move|p1b: Sylveon|Bitter Malice|p2b: Gothitelle\n|-activate|p2b: Gothitelle|move: Protect\n|\n|upkeep\n|\n|t:|1770877603\n|switch|p2a: Volcarona|Volcarona, L78, M|261/261\n|turn|4\n|\n|t:|1770877612\n|move|p1a: Lucario|Extreme Speed|p2a: Volcarona\n|-damage|p2a: Volcarona|149/261\n|-damage|p1a: Lucario|66/261|[from] item: Life Orb\n|move|p1b: Sylveon|Bitter Malice|p2b: Gothitelle\n|-supereffective|p2b: Gothitelle\n|-damage|p2b: Gothitelle|0 fnt\n|faint|p2b: Gothitelle\n|move|p2a: Volcarona|Quiver Dance|p2a: Volcarona\n|-boost|p2a: Volcarona|spa|1\n|-boost|p2a: Volcarona|spd|1\n|-boost|p2a: Volcarona|spe|1\n|\n|upkeep\n|\n|t:|1770877626\n|switch|p2b: Dipplin|Dipplin, L92, F|297/297\n|turn|5\n|\n|t:|1770877636\n|switch|p1b: Ho-Oh|Ho-Oh, L70|264/264\n|-damage|p1b: Ho-Oh|132/264|[from] Stealth Rock\n|-enditem|p1b: Ho-Oh|Sitrus Berry|[eat]\n|-heal|p1b: Ho-Oh|198/264|[from] item: Sitrus Berry\n|-terastallize|p1a: Lucario|Normal\n|move|p1a: Lucario|Extreme Speed|p2a: Volcarona\n|-damage|p2a: Volcarona|0 fnt\n|faint|p2a: Volcarona\n|-damage|p1a: Lucario|40/261|[from] item: Life Orb\n|move|p2b: Dipplin|Pollen Puff|p2: Volcarona|[notarget]\n|-fail|p2b: Dipplin\n|\n|upkeep\n|-message|fiskskal forfeited.\n|\n|win|joeymimi\n|raw|joeymimi's rating: 1487 &rarr; <strong>1510</strong><br />(+23 for winning)\n|raw|fiskskal's rating: 1539 &rarr; <strong>1516</strong><br />(-23 for losing)\n|l|☆fiskskal\n|player|p2|\n", "inputlog": ">version ccdc32dd7cde25fd9e4bed64820e885f66e78a4e\n>start {\"formatid\":\"gen9randomdoublesbattle\",\"seed\":\"sodium,230d0ea8d9ec8303f7c09c8672265f43\",\"rated\":\"Rated battle\"}\n>player p1 {\"name\":\"joeymimi\",\"avatar\":\"red\",\"rating\":1487,\"seed\":\"sodium,668b42f8857067efe810226c74311480\"}\n>player p2 {\"name\":\"fiskskal\",\"avatar\":\"101\",\"rating\":1539,\"seed\":\"sodium,5ee5664aa3764c8df4163cf5df21c4f1\"}\n>p1 move protect, move bittermalice +1\n>p2 switch 3, move fakeout +2\n>p1 move extremespeed +1, move bittermalice +2\n>p2 move stealthrock, move psychic +1\n>p1 move extremespeed +1, move bittermalice +2\n>p2 move earthpower +1, move protect\n>p2 switch 4, pass\n>p1 move extremespeed +1, move bittermalice +2\n>p2 move quiverdance, move psychic +1\n>p2 pass, switch 6\n>p1 move extremespeed +1 terastallize, switch 5\n>p2 move heatwave, move pollenpuff -1\n>forcelose p2", "uploadtime": 1770877654, "views": 77, "formatid": "gen9randomdoublesbattle", "rating": 1510, "private": 0, "password": null}