{"id": "gen9randomdoublesbattle-2536478424", "format": "[Gen 9] Random Doubles Battle", "players": ["mynamegrassgreen", "psych1corpsych0tic"], "log": "|j|☆mynamegrassgreen\n|j|‽psych1corpsych0tic\n|t:|1770693000\n|gametype|doubles\n|player|p1|mynamegrassgreen|169|1997\n|player|p2|psych1corpsych0tic|2|1928\n|gen|9\n|tier|[Gen 9] Random Doubles Battle\n|rated|\n|rule|Species Clause: Limit one of each Pokémon\n|rule|HP Percentage Mod: HP is shown in percentages\n|rule|Illusion Level Mod: Illusion disguises the Pokémon's true level\n|rule|Sleep Clause Mod: Limit one foe put to sleep\n|\n|t:|1770693000\n|teamsize|p1|6\n|teamsize|p2|6\n|start\n|switch|p1a: Magearna|Magearna, L71|231/231\n|switch|p1b: Slowking|Slowking-Galar, L86, M|304/304\n|switch|p2a: Mudsdale|Mudsdale, L84, M|305/305\n|switch|p2b: Manaphy|Manaphy, L78|284/284\n|turn|1\n|inactive|Battle timer is ON: inactive players will automatically lose when time's up. (requested by psych1corpsych0tic)\n|\n|t:|1770693067\n|switch|p1a: Tsareena|Tsareena, L85, F|261/261\n|move|p2b: Manaphy|Scald|p1b: Slowking\n|-damage|p1b: Slowking|240/304\n|move|p2a: Mudsdale|High Horsepower|p1b: Slowking\n|-supereffective|p1b: Slowking\n|-damage|p1b: Slowking|0 fnt\n|faint|p1b: Slowking\n|\n|upkeep\n|j| ilaon\n|\n|t:|1770693078\n|switch|p1b: Spectrier|Spectrier, L77|281/281\n|turn|2\n|inactive|psych1corpsych0tic has 120 seconds left.\n|\n|t:|1770693116\n|switch|p2a: Salazzle|Salazzle, L86, F|257/257\n|-terastallize|p2b: Manaphy|Steel\n|move|p1b: Spectrier|Nasty Plot|p1b: Spectrier\n|-boost|p1b: Spectrier|spa|2\n|move|p2b: Manaphy|Tail Glow|p2b: Manaphy\n|-boost|p2b: Manaphy|spa|3\n|move|p1a: Tsareena|Power Whip|p2a: Salazzle|[miss]\n|-miss|p1a: Tsareena|p2a: Salazzle\n|\n|upkeep\n|turn|3\n|c|☆mynamegrassgreen|good read\n|inactive|psych1corpsych0tic has 120 seconds left.\n|\n|t:|1770693137\n|switch|p1a: Blaziken|Blaziken, L79, F|256/256\n|move|p1b: Spectrier|Protect|p1b: Spectrier\n|-singleturn|p1b: Spectrier|Protect\n|move|p2a: Salazzle|Encore|p1b: Spectrier\n|-activate|p1b: Spectrier|move: Protect\n|move|p2b: Manaphy|Ice Beam|p1a: Blaziken\n|-resisted|p1a: Blaziken\n|-damage|p1a: Blaziken|166/256\n|\n|upkeep\n|turn|4\n|j| shane999999\n|c|☆mynamegrassgreen|._.\n|\n|t:|1770693164\n|switch|p1b: Palossand|Palossand, L90, F|299/299\n|move|p2b: Manaphy|Protect|p2b: Manaphy\n|-singleturn|p2b: Manaphy|Protect\n|move|p1a: Blaziken|Protect|p1a: Blaziken\n|-singleturn|p1a: Blaziken|Protect\n|move|p2a: Salazzle|Encore||[still]\n|-fail|p2a: Salazzle\n|\n|-ability|p1a: Blaziken|Speed Boost|boost\n|-boost|p1a: Blaziken|spe|1\n|upkeep\n|turn|5\n|\n|t:|1770693188\n|switch|p2a: Landorus|Landorus-Therian, L77, M|264/264\n|-ability|p2a: Landorus|Intimidate|boost\n|-unboost|p1a: Blaziken|atk|1\n|-unboost|p1b: Palossand|atk|1\n|-terastallize|p1b: Palossand|Water\n|move|p1a: Blaziken|Close Combat|p2b: Manaphy\n|-supereffective|p2b: Manaphy\n|-damage|p2b: Manaphy|63/284\n|-unboost|p1a: Blaziken|def|1\n|-unboost|p1a: Blaziken|spd|1\n|-damage|p1a: Blaziken|141/256|[from] item: Life Orb\n|move|p2b: Manaphy|Scald|p1a: Blaziken\n|-supereffective|p1a: Blaziken\n|-damage|p1a: Blaziken|0 fnt\n|faint|p1a: Blaziken\n|move|p1b: Palossand|Earth Power|p2a: Landorus\n|-immune|p2a: Landorus\n|\n|-heal|p2b: Manaphy|80/284|[from] item: Leftovers\n|upkeep\n|\n|t:|1770693197\n|switch|p1a: Magearna|Magearna, L71|231/231\n|turn|6\n|\n|t:|1770693218\n|move|p2b: Manaphy|Scald|p1a: Magearna\n|-damage|p1a: Magearna|63/231\n|move|p2a: Landorus|Taunt|p1a: Magearna\n|-start|p1a: Magearna|move: Taunt\n|move|p1b: Palossand|Earth Power|p2b: Manaphy\n|-supereffective|p2b: Manaphy\n|-damage|p2b: Manaphy|0 fnt\n|faint|p2b: Manaphy\n|-ability|p1a: Magearna|Soul-Heart|boost\n|-boost|p1a: Magearna|spa|1\n|cant|p1a: Magearna|move: Taunt|Trick Room\n|\n|upkeep\n|-message|mynamegrassgreen forfeited.\n|\n|win|psych1corpsych0tic\n|raw|mynamegrassgreen's rating: 1997 &rarr; <strong>1973</strong><br />(-24 for losing)\n|raw|psych1corpsych0tic's rating: 1928 &rarr; <strong>1952</strong><br />(+24 for winning)\n|l|☆mynamegrassgreen\n|player|p1|\n", "inputlog": ">version ccdc32dd7cde25fd9e4bed64820e885f66e78a4e\n>start {\"formatid\":\"gen9randomdoublesbattle\",\"seed\":\"sodium,9398902de549e58fb8a9a20b1729d8b4\",\"rated\":\"Rated battle\"}\n>player p1 {\"name\":\"mynamegrassgreen\",\"avatar\":\"169\",\"rating\":1997,\"seed\":\"sodium,4b12c81b1c736c6f09ca177bb9eb38dc\"}\n>player p2 {\"name\":\"psych1corpsych0tic\",\"avatar\":\"2\",\"rating\":1928,\"seed\":\"sodium,e2bad94a1ad412f141f5d541bbddc756\"}\n>p1 switch 6, move psychic +1\n>p2 move highhorsepower +2, move scald +2\n>p1 pass, switch 4\n>p1 move powerwhip +1, move nastyplot\n>p2 switch 4, move tailglow terastallize\n>chat ☆mynamegrassgreen|good read\n>p1 switch 5, move protect\n>p2 move encore +2, move icebeam +1\n>chat ☆mynamegrassgreen|._.\n>p1 move protect, switch 3\n>p2 move encore +2, move protect\n>p1 move closecombat +2, move earthpower +1 terastallize\n>p2 switch 5, move scald +1\n>p1 switch 6, pass\n>p1 move trickroom, move earthpower +2\n>p2 move taunt +1, move scald +1\n>forcelose p1", "uploadtime": 1770693232, "views": 79, "formatid": "gen9randomdoublesbattle", "rating": 1952, "private": 0, "password": null}