{"id": "gen9randomdoublesbattle-2539410869", "format": "[Gen 9] Random Doubles Battle", "players": ["cobbwilli", "Orocan"], "log": "|j|☆cobbwilli\n|j|☆Orocan\n|t:|1771052935\n|gametype|doubles\n|player|p1|cobbwilli|170|1658\n|player|p2|Orocan|veteran|1485\n|gen|9\n|tier|[Gen 9] Random Doubles Battle\n|rated|\n|rule|Species Clause: Limit one of each Pokémon\n|rule|HP Percentage Mod: HP is shown in percentages\n|rule|Illusion Level Mod: Illusion disguises the Pokémon's true level\n|rule|Sleep Clause Mod: Limit one foe put to sleep\n|\n|t:|1771052935\n|teamsize|p1|6\n|teamsize|p2|6\n|start\n|switch|p1a: Rhyperior|Rhyperior, L82, M|323/323\n|switch|p1b: Kricketune|Kricketune, M|316/316\n|switch|p2a: Tauros|Tauros-Paldea-Aqua, L80, M|251/251\n|switch|p2b: Arcanine|Arcanine, L82, F|282/282\n|-ability|p2a: Tauros|Intimidate|boost\n|-unboost|p1a: Rhyperior|atk|1\n|-unboost|p1b: Kricketune|atk|1\n|-ability|p2b: Arcanine|Intimidate|boost\n|-unboost|p1a: Rhyperior|atk|1\n|-unboost|p1b: Kricketune|atk|1\n|turn|1\n|inactive|Battle timer is ON: inactive players will automatically lose when time's up. (requested by Orocan)\n|\n|t:|1771052957\n|move|p1a: Rhyperior|Protect|p1a: Rhyperior\n|-singleturn|p1a: Rhyperior|Protect\n|move|p2a: Tauros|Liquidation|p1a: Rhyperior\n|-activate|p1a: Rhyperior|move: Protect\n|move|p2b: Arcanine|Flare Blitz|p1b: Kricketune\n|-supereffective|p1b: Kricketune\n|-damage|p1b: Kricketune|0 fnt\n|faint|p1b: Kricketune\n|-damage|p2b: Arcanine|178/282|[from] Recoil\n|\n|upkeep\n|inactive|cobbwilli has 120 seconds left.\n|\n|t:|1771053001\n|switch|p1b: Electivire|Electivire, L86, F|269/269\n|turn|2\n|\n|t:|1771053020\n|switch|p2a: Giratina|Giratina, L76|353/353\n|-ability|p2a: Giratina|Pressure\n|switch|p2b: Lurantis|Lurantis, L85, F|258/258\n|switch|p1a: Cloyster|Cloyster, L87, M|229/229\n|move|p1b: Electivire|Wild Charge|p2a: Giratina\n|-resisted|p2a: Giratina\n|-damage|p2a: Giratina|299/353\n|-damage|p1b: Electivire|255/269|[from] Recoil\n|\n|upkeep\n|turn|3\n|\n|t:|1771053046\n|move|p1b: Electivire|Knock Off|p2a: Giratina\n|-supereffective|p2a: Giratina\n|-damage|p2a: Giratina|149/353\n|-enditem|p2a: Giratina|Chesto Berry|[from] move: Knock Off|[of] p1b: Electivire\n|move|p2a: Giratina|Breaking Swipe|p1b: Electivire|[spread] p1a,p1b\n|-damage|p1a: Cloyster|210/229\n|-damage|p1b: Electivire|206/269\n|-unboost|p1a: Cloyster|atk|1\n|-unboost|p1b: Electivire|atk|1\n|-enditem|p1a: Cloyster|White Herb\n|-clearnegativeboost|p1a: Cloyster|[silent]\n|move|p1a: Cloyster|Shell Smash|p1a: Cloyster\n|-unboost|p1a: Cloyster|def|1\n|-unboost|p1a: Cloyster|spd|1\n|-boost|p1a: Cloyster|atk|2\n|-boost|p1a: Cloyster|spa|2\n|-boost|p1a: Cloyster|spe|2\n|move|p2b: Lurantis|Superpower|p1a: Cloyster\n|-supereffective|p1a: Cloyster\n|-damage|p1a: Cloyster|70/229\n|-boost|p2b: Lurantis|atk|1\n|-boost|p2b: Lurantis|def|1\n|\n|upkeep\n|turn|4\n|\n|t:|1771053069\n|move|p2b: Lurantis|Protect|p2b: Lurantis\n|-singleturn|p2b: Lurantis|Protect\n|move|p1a: Cloyster|Icicle Spear|p2b: Lurantis\n|-activate|p2b: Lurantis|move: Protect\n|move|p1b: Electivire|Ice Punch|p2a: Giratina\n|-supereffective|p2a: Giratina\n|-damage|p2a: Giratina|65/353\n|move|p2a: Giratina|Shadow Ball|p1a: Cloyster\n|-damage|p1a: Cloyster|0 fnt\n|faint|p1a: Cloyster\n|\n|upkeep\n|\n|t:|1771053081\n|switch|p1a: Passimian|Passimian, L82, M|298/298\n|turn|5\n|\n|t:|1771053097\n|move|p1a: Passimian|Gunk Shot|p2b: Lurantis\n|-supereffective|p2b: Lurantis\n|-damage|p2b: Lurantis|146/258\n|move|p1b: Electivire|Ice Punch|p2a: Giratina\n|-supereffective|p2a: Giratina\n|-crit|p2a: Giratina\n|-damage|p2a: Giratina|0 fnt\n|faint|p2a: Giratina\n|move|p2b: Lurantis|Superpower|p1a: Passimian\n|-damage|p1a: Passimian|159/298\n|-boost|p2b: Lurantis|atk|1\n|-boost|p2b: Lurantis|def|1\n|\n|upkeep\n|\n|t:|1771053112\n|switch|p2a: Heracross|Heracross, L82, F|265/265\n|turn|6\n|\n|t:|1771053126\n|move|p2a: Heracross|Close Combat|p1a: Passimian\n|-damage|p1a: Passimian|3/298\n|-unboost|p2a: Heracross|def|1\n|-unboost|p2a: Heracross|spd|1\n|move|p1a: Passimian|Gunk Shot|p2b: Lurantis\n|-supereffective|p2b: Lurantis\n|-damage|p2b: Lurantis|54/258\n|-status|p2b: Lurantis|psn\n|-enditem|p2b: Lurantis|Sitrus Berry|[eat]\n|-heal|p2b: Lurantis|118/258 psn|[from] item: Sitrus Berry\n|move|p1b: Electivire|Ice Punch|p2b: Lurantis\n|-supereffective|p2b: Lurantis\n|-damage|p2b: Lurantis|72/258 psn\n|move|p2b: Lurantis|Leaf Blade|p1b: Electivire\n|-damage|p1b: Electivire|0 fnt\n|faint|p1b: Electivire\n|\n|-damage|p2b: Lurantis|40/258 psn|[from] psn\n|upkeep\n|\n|t:|1771053146\n|switch|p1b: Tyranitar|Tyranitar, L81, F|295/295\n|-weather|Sandstorm|[from] ability: Sand Stream|[of] p1b: Tyranitar\n|turn|7\n|\n|t:|1771053161\n|-terastallize|p1b: Tyranitar|Flying\n|move|p2a: Heracross|Close Combat|p1b: Tyranitar\n|-resisted|p1b: Tyranitar\n|-damage|p1b: Tyranitar|228/295\n|-unboost|p2a: Heracross|def|1\n|-unboost|p2a: Heracross|spd|1\n|move|p1a: Passimian|Gunk Shot|p2a: Heracross|[miss]\n|-miss|p1a: Passimian|p2a: Heracross\n|move|p1b: Tyranitar|Icy Wind|p2b: Lurantis|[spread] p2a\n|-miss|p1b: Tyranitar|p2b: Lurantis\n|-damage|p2a: Heracross|209/265\n|-unboost|p2a: Heracross|spe|1\n|move|p2b: Lurantis|Superpower|p1a: Passimian\n|-damage|p1a: Passimian|0 fnt\n|-boost|p2b: Lurantis|atk|1\n|-boost|p2b: Lurantis|def|1\n|faint|p1a: Passimian\n|\n|-weather|Sandstorm|[upkeep]\n|-damage|p2a: Heracross|193/265|[from] Sandstorm\n|-damage|p1b: Tyranitar|210/295|[from] Sandstorm\n|-damage|p2b: Lurantis|24/258 psn|[from] Sandstorm\n|-damage|p2b: Lurantis|0 fnt|[from] psn\n|faint|p2b: Lurantis\n|upkeep\n|\n|t:|1771053177\n|switch|p1a: Rhyperior|Rhyperior, L82, M|323/323\n|switch|p2b: Incineroar|Incineroar, L78, F|276/276\n|-ability|p2b: Incineroar|Intimidate|boost\n|-unboost|p1a: Rhyperior|atk|1\n|-unboost|p1b: Tyranitar|atk|1\n|turn|8\n|\n|t:|1771053188\n|switch|p2a: Tauros|Tauros-Paldea-Aqua, L80, M|251/251\n|-ability|p2a: Tauros|Intimidate|boost\n|-unboost|p1a: Rhyperior|atk|1\n|-unboost|p1b: Tyranitar|atk|1\n|move|p1b: Tyranitar|Fire Blast|p2a: Tauros\n|-resisted|p2a: Tauros\n|-damage|p2a: Tauros|209/251\n|move|p2b: Incineroar|Parting Shot|p1a: Rhyperior\n|-unboost|p1a: Rhyperior|atk|1\n|-unboost|p1a: Rhyperior|spa|1\n|-message|cobbwilli forfeited.\n|\n|win|Orocan\n|raw|cobbwilli's rating: 1658 &rarr; <strong>1629</strong><br />(-29 for losing)\n|raw|Orocan's rating: 1485 &rarr; <strong>1514</strong><br />(+29 for winning)\n|l|☆cobbwilli\n|player|p1|\n", "inputlog": ">version ccdc32dd7cde25fd9e4bed64820e885f66e78a4e\n>start {\"formatid\":\"gen9randomdoublesbattle\",\"seed\":\"sodium,62acb12e0f38a4afaec27f1709e3dad2\",\"rated\":\"Rated battle\"}\n>player p1 {\"name\":\"cobbwilli\",\"avatar\":\"170\",\"rating\":1658,\"seed\":\"sodium,d19a27605063e06872d0e2995d665c36\"}\n>player p2 {\"name\":\"Orocan\",\"avatar\":\"veteran\",\"rating\":1485,\"seed\":\"sodium,f9c266852e5ba64d10c9ac3236220129\"}\n>p1 move protect, move stickyweb\n>p2 move liquidation +1, move flareblitz +2\n>p1 pass, switch 4\n>p1 switch 5, move wildcharge +1\n>p2 switch 4, switch 6\n>p1 move shellsmash, move knockoff +1\n>p2 move breakingswipe, move superpower +1\n>p1 move iciclespear +2, move icepunch +1\n>p2 move shadowball +1, move protect\n>p1 switch 6, pass\n>p1 move gunkshot +2, move icepunch +1\n>p2 move shadowball +2, move superpower +1\n>p2 switch 5, pass\n>p1 move gunkshot +2, move icepunch +2\n>p2 move closecombat +1, move leafblade +2\n>p1 pass, switch 3\n>p1 move gunkshot +1, move icywind terastallize\n>p2 move closecombat +2, move superpower +1\n>p1 switch 5, pass\n>p2 pass, switch 3\n>p1 move rockpolish, move fireblast +1\n>p2 switch 4, move partingshot +1\n>forcelose p1", "uploadtime": 1771053200, "views": 77, "formatid": "gen9randomdoublesbattle", "rating": 1514, "private": 0, "password": null}