{"id": "gen9randomdoublesbattle-2540874446", "format": "[Gen 9] Random Doubles Battle", "players": ["Willy Mothard", "mashing a"], "log": "|j|☆Willy Mothard\n|j|☆mashing a\n|t:|1771262837\n|gametype|doubles\n|player|p1|Willy Mothard|biker-gen4|1781\n|player|p2|mashing a|169|1789\n|gen|9\n|tier|[Gen 9] Random Doubles Battle\n|rated|\n|rule|Species Clause: Limit one of each Pokémon\n|rule|HP Percentage Mod: HP is shown in percentages\n|rule|Illusion Level Mod: Illusion disguises the Pokémon's true level\n|rule|Sleep Clause Mod: Limit one foe put to sleep\n|\n|t:|1771262837\n|teamsize|p1|6\n|teamsize|p2|6\n|start\n|switch|p1a: Cetitan|Cetitan, L83, F|418/418\n|switch|p1b: Dugtrio|Dugtrio-Alola, L89, M|207/207\n|switch|p2a: Gardevoir|Gardevoir, L83, F|249/249\n|switch|p2b: Araquanid|Araquanid, L84, M|251/251\n|-ability|p2a: Gardevoir|Tangling Hair|Trace|[from] ability: Trace|[of] p1b: Dugtrio\n|turn|1\n|inactive|Battle timer is ON: inactive players will automatically lose when time's up. (requested by mashing a)\n|inactive|Willy Mothard has 120 seconds left.\n|\n|t:|1771262870\n|move|p2a: Gardevoir|Mystical Fire|p1b: Dugtrio\n|-supereffective|p1b: Dugtrio\n|-damage|p1b: Dugtrio|59/207\n|-unboost|p1b: Dugtrio|spa|1\n|move|p1b: Dugtrio|Iron Head|p2a: Gardevoir\n|-supereffective|p2a: Gardevoir\n|-damage|p2a: Gardevoir|0 fnt\n|-ability|p2a: Gardevoir|Tangling Hair\n|-unboost|p1b: Dugtrio|spe|1\n|faint|p2a: Gardevoir\n|-damage|p1b: Dugtrio|39/207|[from] item: Life Orb\n|move|p1a: Cetitan|Icicle Crash|p2b: Araquanid\n|-resisted|p2b: Araquanid\n|-damage|p2b: Araquanid|165/251\n|move|p2b: Araquanid|Sticky Web|p1b: Dugtrio\n|-sidestart|p1: Willy Mothard|move: Sticky Web\n|\n|upkeep\n|\n|t:|1771262893\n|switch|p2a: Suicune|Suicune, L79|288/288\n|turn|2\n|\n|t:|1771262910\n|switch|p1b: Carbink|Carbink, L88|231/231\n|-activate|p1b: Carbink|move: Sticky Web\n|-fail|p1b: Carbink|unboost|[from] ability: Clear Body|[of] p1b: Carbink\n|move|p2a: Suicune|Tailwind|p2a: Suicune\n|-sidestart|p2: mashing a|move: Tailwind\n|move|p2b: Araquanid|Liquidation|p1a: Cetitan\n|-damage|p1a: Cetitan|235/418\n|move|p1a: Cetitan|Icicle Crash|p2b: Araquanid\n|-resisted|p2b: Araquanid\n|-damage|p2b: Araquanid|77/251\n|-enditem|p2b: Araquanid|Sitrus Berry|[eat]\n|-heal|p2b: Araquanid|139/251|[from] item: Sitrus Berry\n|\n|upkeep\n|turn|3\n|\n|t:|1771262929\n|-terastallize|p1b: Carbink|Fighting\n|move|p1a: Cetitan|Protect|p1a: Cetitan\n|-singleturn|p1a: Cetitan|Protect\n|move|p2a: Suicune|Scald|p1b: Carbink\n|-damage|p1b: Carbink|186/231\n|move|p2b: Araquanid|Liquidation|p1b: Carbink\n|-damage|p1b: Carbink|99/231\n|move|p1b: Carbink|Trick Room|p1b: Carbink\n|-fieldstart|move: Trick Room|[of] p1b: Carbink\n|\n|-heal|p1b: Carbink|113/231|[from] item: Leftovers\n|upkeep\n|turn|4\n|\n|t:|1771262953\n|move|p1b: Carbink|Moonblast|p2b: Araquanid\n|-damage|p2b: Araquanid|90/251\n|move|p1a: Cetitan|Icicle Crash|p2b: Araquanid|[miss]\n|-miss|p1a: Cetitan|p2b: Araquanid\n|move|p2b: Araquanid|Liquidation|p1b: Carbink\n|-damage|p1b: Carbink|29/231\n|move|p2a: Suicune|Scald|p1b: Carbink\n|-damage|p1b: Carbink|0 fnt\n|faint|p1b: Carbink\n|\n|upkeep\n|inactive|Willy Mothard has 120 seconds left.\n|\n|t:|1771262973\n|switch|p1b: Dugtrio|Dugtrio-Alola, L89, M|39/207\n|-activate|p1b: Dugtrio|move: Sticky Web\n|-unboost|p1b: Dugtrio|spe|1\n|turn|5\n|\n|t:|1771262980\n|switch|p2b: Sudowoodo|Sudowoodo, L94, F|284/284\n|move|p2a: Suicune|Protect|p2a: Suicune\n|-singleturn|p2a: Suicune|Protect\n|move|p1b: Dugtrio|Rock Slide|p2b: Sudowoodo|[spread] p2b\n|-activate|p2a: Suicune|move: Protect\n|-damage|p2b: Sudowoodo|244/284\n|-damage|p1b: Dugtrio|19/207|[from] item: Life Orb\n|move|p1a: Cetitan|Icicle Crash|p2a: Suicune\n|-activate|p2a: Suicune|move: Protect\n|\n|-sideend|p2: mashing a|move: Tailwind\n|upkeep\n|turn|6\n|\n|t:|1771263003\n|move|p2b: Sudowoodo|Head Smash|p1a: Cetitan\n|-supereffective|p1a: Cetitan\n|-damage|p1a: Cetitan|0 fnt\n|faint|p1a: Cetitan\n|-damage|p2b: Sudowoodo|216/284|[from] item: Life Orb\n|move|p1b: Dugtrio|Iron Head|p2b: Sudowoodo\n|-supereffective|p2b: Sudowoodo\n|-damage|p2b: Sudowoodo|42/284\n|-damage|p1b: Dugtrio|0 fnt|[from] item: Life Orb\n|faint|p1b: Dugtrio\n|move|p2a: Suicune|Scald|p1: Cetitan|[notarget]\n|-fail|p2a: Suicune\n|\n|upkeep\n|inactive|Willy Mothard has 120 seconds left.\n|\n|t:|1771263019\n|switch|p1a: Forretress|Forretress, L90, M|281/281\n|switch|p1b: Medicham|Medicham, L86, M|243/243\n|-activate|p1a: Forretress|move: Sticky Web\n|-unboost|p1a: Forretress|spe|1\n|-activate|p1b: Medicham|move: Sticky Web\n|-unboost|p1b: Medicham|spe|1\n|turn|7\n|\n|t:|1771263037\n|move|p2a: Suicune|Protect|p2a: Suicune\n|-singleturn|p2a: Suicune|Protect\n|move|p2b: Sudowoodo|Sucker Punch|p1b: Medicham\n|-damage|p1b: Medicham|160/243\n|-damage|p2b: Sudowoodo|14/284|[from] item: Life Orb\n|move|p1a: Forretress|Lunge|p2b: Sudowoodo\n|-damage|p2b: Sudowoodo|0 fnt\n|faint|p2b: Sudowoodo\n|move|p1b: Medicham|Zen Headbutt|p2a: Suicune\n|-activate|p2a: Suicune|move: Protect\n|\n|-fieldend|move: Trick Room\n|upkeep\n|\n|t:|1771263054\n|switch|p2b: Shiftry|Shiftry, L84, M|288/288\n|turn|8\n|\n|t:|1771263060\n|move|p2b: Shiftry|Fake Out|p1a: Forretress\n|-resisted|p1a: Forretress\n|-damage|p1a: Forretress|272/281\n|move|p2a: Suicune|Tailwind|p2a: Suicune\n|-sidestart|p2: mashing a|move: Tailwind\n|-ability|p2b: Shiftry|Wind Rider|boost\n|-boost|p2b: Shiftry|atk|1\n|move|p1b: Medicham|Zen Headbutt|p2a: Suicune\n|-damage|p2a: Suicune|137/288\n|-enditem|p2a: Suicune|Sitrus Berry|[eat]\n|-heal|p2a: Suicune|209/288|[from] item: Sitrus Berry\n|cant|p1a: Forretress|flinch\n|\n|upkeep\n|turn|9\n|\n|t:|1771263074\n|switch|p1b: Glimmora|Glimmora, L77, M|254/254\n|-activate|p1b: Glimmora|move: Sticky Web\n|-unboost|p1b: Glimmora|spe|1\n|move|p2b: Shiftry|Knock Off|p1a: Forretress\n|-damage|p1a: Forretress|179/281\n|-enditem|p1a: Forretress|Choice Band|[from] move: Knock Off|[of] p2b: Shiftry\n|move|p2a: Suicune|Scald|p1a: Forretress\n|-damage|p1a: Forretress|97/281\n|move|p1a: Forretress|Lunge|p2b: Shiftry\n|-supereffective|p2b: Shiftry\n|-damage|p2b: Shiftry|0 fnt\n|faint|p2b: Shiftry\n|\n|upkeep\n|\n|t:|1771263089\n|switch|p2b: Araquanid|Araquanid, L84, M|90/251\n|turn|10\n|\n|t:|1771263096\n|move|p1b: Glimmora|Spiky Shield|p1b: Glimmora\n|-singleturn|p1b: Glimmora|move: Protect\n|move|p2a: Suicune|Scald|p1b: Glimmora\n|-activate|p1b: Glimmora|move: Protect\n|move|p2b: Araquanid|Liquidation|p1a: Forretress\n|-damage|p1a: Forretress|3/281\n|move|p1a: Forretress|Explosion|p2a: Suicune|[spread] p2a,p2b\n|-activate|p1b: Glimmora|move: Protect\n|-crit|p2b: Araquanid\n|-damage|p2a: Suicune|91/288\n|-damage|p2b: Araquanid|0 fnt\n|faint|p1a: Forretress\n|faint|p2b: Araquanid\n|\n|upkeep\n|\n|t:|1771263111\n|switch|p1a: Medicham|Medicham, L86, M|160/243\n|switch|p2b: Reuniclus|Reuniclus, L84, F|322/322\n|-activate|p1a: Medicham|move: Sticky Web\n|-unboost|p1a: Medicham|spe|1\n|turn|11\n|\n|t:|1771263136\n|move|p2a: Suicune|Scald|p1a: Medicham\n|-damage|p1a: Medicham|75/243\n|move|p1a: Medicham|Poison Jab|p2b: Reuniclus\n|-damage|p2b: Reuniclus|174/322\n|move|p1b: Glimmora|Mortal Spin|p2b: Reuniclus|[spread] p2a,p2b\n|-damage|p2a: Suicune|79/288\n|-damage|p2b: Reuniclus|159/322\n|-status|p2a: Suicune|psn\n|-status|p2b: Reuniclus|psn\n|-sideend|p1: Willy Mothard|Sticky Web|[from] move: Mortal Spin|[of] p1b: Glimmora\n|move|p2b: Reuniclus|Psychic|p1b: Glimmora\n|-supereffective|p1b: Glimmora\n|-damage|p1b: Glimmora|0 fnt\n|faint|p1b: Glimmora\n|\n|-damage|p2a: Suicune|43/288 psn|[from] psn\n|-sideend|p2: mashing a|move: Tailwind\n|upkeep\n|turn|12\n|\n|t:|1771263156\n|move|p2a: Suicune|Scald|p1a: Medicham\n|-damage|p1a: Medicham|0 fnt\n|faint|p1a: Medicham\n|\n|win|mashing a\n|raw|Willy Mothard's rating: 1781 &rarr; <strong>1761</strong><br />(-20 for losing)\n|raw|mashing a's rating: 1789 &rarr; <strong>1809</strong><br />(+20 for winning)\n", "inputlog": ">version 686819e5e19f8a7fd2345cfc5a08a5085efa2cc3\n>start {\"formatid\":\"gen9randomdoublesbattle\",\"seed\":\"sodium,ef6cc1409312d6766e00ddafb6a79562\",\"rated\":\"Rated battle\"}\n>player p1 {\"name\":\"Willy Mothard\",\"avatar\":\"biker-gen4\",\"rating\":1781,\"seed\":\"sodium,17909cba6035dc24f2dd2cda197f84a3\"}\n>player p2 {\"name\":\"mashing a\",\"avatar\":\"169\",\"rating\":1789,\"seed\":\"sodium,91411c15dda388d53a7100edcf09442f\"}\n>p1 move iciclecrash +1, move ironhead +1\n>p2 move mysticalfire +2, move stickyweb\n>p2 switch 4, pass\n>p1 move iciclecrash +2, switch 4\n>p2 move tailwind, move liquidation +1\n>p1 move protect, move trickroom terastallize\n>p2 move scald +2, move liquidation +2\n>p1 move iciclecrash +2, move moonblast +2\n>p2 move scald +2, move liquidation +2\n>p1 pass, switch 4\n>p1 move iciclecrash +1, move rockslide\n>p2 move protect, switch 5\n>p1 move liquidation +2, move ironhead +2\n>p2 move scald +1, move headsmash +1\n>p1 switch 6, switch 3\n>p1 move lunge +2, move zenheadbutt +1\n>p2 move protect, move suckerpunch +2\n>p2 pass, switch 3\n>p1 move lunge +2, move zenheadbutt +1\n>p2 move tailwind, move fakeout +1\n>p1 move lunge +2, switch 5\n>p2 move scald +1, move knockoff +1\n>p2 pass, switch 5\n>p1 move explosion, move spikyshield\n>p2 move scald +2, move liquidation +1\n>p1 switch 5, pass\n>p2 pass, switch 6\n>p1 move poisonjab +2, move mortalspin\n>p2 move scald +1, move psychic +2\n>p1 move poisonjab +1, pass\n>p2 move scald +1, move psychic +1", "uploadtime": 1771263159, "views": 5, "formatid": "gen9randomdoublesbattle", "rating": 1761, "private": 0, "password": null}