{"id": "gen9randomdoublesbattle-2536073201", "format": "[Gen 9] Random Doubles Battle", "players": ["g4buscus", "JD989"], "log": "|j|☆g4buscus\n|j|☆JD989\n|t:|1770651701\n|gametype|doubles\n|player|p1|g4buscus|101|1709\n|player|p2|JD989|rocketgrunt|1803\n|gen|9\n|tier|[Gen 9] Random Doubles Battle\n|rated|\n|rule|Species Clause: Limit one of each Pokémon\n|rule|HP Percentage Mod: HP is shown in percentages\n|rule|Illusion Level Mod: Illusion disguises the Pokémon's true level\n|rule|Sleep Clause Mod: Limit one foe put to sleep\n|\n|t:|1770651701\n|teamsize|p1|6\n|teamsize|p2|6\n|start\n|switch|p1a: Articuno|Articuno, L82|282/282\n|switch|p1b: Kommo-o|Kommo-o, L79, F|248/248\n|switch|p2a: Ribombee|Ribombee, L86, F|243/243\n|switch|p2b: Vileplume|Vileplume, L89, M|278/278\n|-ability|p1a: Articuno|Pressure\n|turn|1\n|inactive|Battle timer is ON: inactive players will automatically lose when time's up. (requested by JD989)\n|\n|t:|1770651715\n|switch|p1b: Clodsire|Clodsire, L87, F|368/368\n|move|p2a: Ribombee|Quiver Dance|p2a: Ribombee\n|-boost|p2a: Ribombee|spa|1\n|-boost|p2a: Ribombee|spd|1\n|-boost|p2a: Ribombee|spe|1\n|move|p1a: Articuno|Brave Bird|p2a: Ribombee\n|-supereffective|p2a: Ribombee\n|-damage|p2a: Ribombee|0 fnt\n|faint|p2a: Ribombee\n|-damage|p1a: Articuno|202/282|[from] Recoil\n|move|p2b: Vileplume|Stun Spore|p1b: Clodsire\n|-status|p1b: Clodsire|par\n|\n|upkeep\n|j| jamie-lee2010\n|\n|t:|1770651727\n|switch|p2a: Staraptor|Staraptor, L82, M|274/274\n|-ability|p2a: Staraptor|Intimidate|boost\n|-unboost|p1a: Articuno|atk|1\n|-unboost|p1b: Clodsire|atk|1\n|turn|2\n|\n|t:|1770651743\n|switch|p2b: Swalot|Swalot, L90, F|326/326\n|move|p2a: Staraptor|Brave Bird|p1a: Articuno\n|-damage|p1a: Articuno|58/282\n|-enditem|p1a: Articuno|Sitrus Berry|[eat]\n|-heal|p1a: Articuno|128/282|[from] item: Sitrus Berry\n|-damage|p2a: Staraptor|226/274|[from] Recoil\n|move|p1a: Articuno|Icy Wind|p2b: Swalot|[spread] p2a,p2b\n|-supereffective|p2a: Staraptor\n|-damage|p2a: Staraptor|124/274\n|-damage|p2b: Swalot|286/326\n|-unboost|p2a: Staraptor|spe|1\n|-unboost|p2b: Swalot|spe|1\n|move|p1b: Clodsire|Toxic Spikes|p2a: Staraptor\n|-sidestart|p2: JD989|move: Toxic Spikes\n|\n|upkeep\n|turn|3\n|\n|t:|1770651753\n|switch|p2a: Vileplume|Vileplume, L89, M|278/278\n|-sideend|p2: JD989|move: Toxic Spikes|[of] p2a: Vileplume\n|move|p1a: Articuno|Roost|p1a: Articuno\n|-heal|p1a: Articuno|269/282\n|-singleturn|p1a: Articuno|move: Roost\n|move|p2b: Swalot|Gunk Shot|p1a: Articuno\n|-damage|p1a: Articuno|155/282\n|cant|p1b: Clodsire|par\n|\n|upkeep\n|turn|4\n|\n|t:|1770651776\n|move|p1a: Articuno|Roost|p1a: Articuno\n|-heal|p1a: Articuno|282/282\n|-singleturn|p1a: Articuno|move: Roost\n|move|p2a: Vileplume|Stun Spore|p1a: Articuno\n|-status|p1a: Articuno|par\n|move|p2b: Swalot|Knock Off|p1b: Clodsire\n|-damage|p1b: Clodsire|288/368 par\n|-enditem|p1b: Clodsire|Sitrus Berry|[from] move: Knock Off|[of] p2b: Swalot\n|move|p1b: Clodsire|High Horsepower|p2b: Swalot\n|-supereffective|p2b: Swalot\n|-crit|p2b: Swalot\n|-damage|p2b: Swalot|10/326\n|-enditem|p2b: Swalot|Figy Berry|[eat]\n|-heal|p2b: Swalot|118/326|[from] item: Figy Berry\n|\n|upkeep\n|turn|5\n|\n|t:|1770651804\n|move|p1b: Clodsire|Helping Hand|p1a: Articuno\n|-singleturn|p1a: Articuno|Helping Hand|[of] p1b: Clodsire\n|move|p2a: Vileplume|Pollen Puff|p2b: Swalot\n|-heal|p2b: Swalot|281/326\n|move|p2b: Swalot|Toxic Spikes|p1a: Articuno\n|-sidestart|p1: g4buscus|move: Toxic Spikes\n|move|p1a: Articuno|Ice Beam|p2a: Vileplume\n|-supereffective|p2a: Vileplume\n|-damage|p2a: Vileplume|36/278\n|-enditem|p2a: Vileplume|Sitrus Berry|[eat]\n|-heal|p2a: Vileplume|105/278|[from] item: Sitrus Berry\n|\n|upkeep\n|turn|6\n|\n|t:|1770651823\n|switch|p1b: Krookodile|Krookodile, L80, M|283/283\n|-status|p1b: Krookodile|psn\n|-ability|p1b: Krookodile|Intimidate|boost\n|-unboost|p2a: Vileplume|atk|1\n|-unboost|p2b: Swalot|atk|1\n|move|p2a: Vileplume|Strength Sap|p1a: Articuno\n|-unboost|p1a: Articuno|atk|1\n|-heal|p2a: Vileplume|229/278\n|move|p2b: Swalot|Gunk Shot|p1a: Articuno\n|-damage|p1a: Articuno|207/282 par\n|move|p1a: Articuno|Ice Beam|p2a: Vileplume\n|-supereffective|p2a: Vileplume\n|-damage|p2a: Vileplume|49/278\n|\n|-damage|p1b: Krookodile|248/283 psn|[from] psn\n|upkeep\n|turn|7\n|\n|t:|1770651841\n|switch|p2a: Staraptor|Staraptor, L82, M|124/274\n|-ability|p2a: Staraptor|Intimidate|boost\n|-unboost|p1a: Articuno|atk|1\n|-unboost|p1b: Krookodile|atk|1\n|move|p1b: Krookodile|High Horsepower|p2a: Staraptor\n|-immune|p2a: Staraptor\n|move|p2b: Swalot|Knock Off|p1b: Krookodile\n|-resisted|p1b: Krookodile\n|-damage|p1b: Krookodile|222/283 psn\n|-enditem|p1b: Krookodile|Life Orb|[from] move: Knock Off|[of] p2b: Swalot\n|move|p1a: Articuno|Icy Wind|p2a: Staraptor|[spread] p2a,p2b\n|-supereffective|p2a: Staraptor\n|-damage|p2a: Staraptor|14/274\n|-damage|p2b: Swalot|241/326\n|-unboost|p2a: Staraptor|spe|1\n|-unboost|p2b: Swalot|spe|1\n|\n|-damage|p1b: Krookodile|187/283 psn|[from] psn\n|upkeep\n|turn|8\n|inactive|JD989 has 120 seconds left.\n|\n|t:|1770651888\n|switch|p2b: Glalie|Glalie, L94, M|303/303\n|move|p1b: Krookodile|Protect|p1b: Krookodile\n|-singleturn|p1b: Krookodile|Protect\n|move|p2a: Staraptor|Close Combat|p1b: Krookodile\n|-activate|p1b: Krookodile|move: Protect\n|move|p1a: Articuno|Icy Wind|p2b: Glalie|[spread] p2a\n|-miss|p1a: Articuno|p2b: Glalie\n|-supereffective|p2a: Staraptor\n|-damage|p2a: Staraptor|0 fnt\n|faint|p2a: Staraptor\n|\n|-damage|p1b: Krookodile|152/283 psn|[from] psn\n|upkeep\n|inactive|JD989 has 90 seconds left.\n|\n|t:|1770651909\n|switch|p2a: Swalot|Swalot, L90, F|241/326\n|turn|9\n|inactive|g4buscus has 120 seconds left.\n|inactive|JD989 has 90 seconds left.\n|\n|t:|1770651943\n|switch|p1b: Clodsire|Clodsire, L87, F|288/368 par\n|-sideend|p1: g4buscus|move: Toxic Spikes|[of] p1b: Clodsire\n|move|p2b: Glalie|Freeze-Dry|p1b: Clodsire\n|-supereffective|p1b: Clodsire\n|-damage|p1b: Clodsire|156/368 par\n|move|p2a: Swalot|Gunk Shot|p1a: Articuno|[miss]\n|-miss|p2a: Swalot|p1a: Articuno\n|move|p1a: Articuno|Icy Wind|p2b: Glalie|[spread] p2a,p2b\n|-resisted|p2b: Glalie\n|-damage|p2a: Swalot|199/326\n|-damage|p2b: Glalie|283/303\n|-unboost|p2a: Swalot|spe|1\n|-unboost|p2b: Glalie|spe|1\n|\n|upkeep\n|turn|10\n|\n|t:|1770651955\n|move|p2b: Glalie|Freeze-Dry|p1a: Articuno\n|-damage|p1a: Articuno|147/282 par\n|move|p2a: Swalot|Gunk Shot|p1a: Articuno\n|-damage|p1a: Articuno|39/282 par\n|cant|p1a: Articuno|par\n|cant|p1b: Clodsire|par\n|\n|upkeep\n|turn|11\n|inactive|JD989 has 120 seconds left.\n|inactive|JD989 has 90 seconds left.\n|\n|t:|1770651996\n|move|p2b: Glalie|Freeze-Dry|p1a: Articuno\n|-damage|p1a: Articuno|0 fnt\n|faint|p1a: Articuno\n|move|p2a: Swalot|Toxic Spikes|p1b: Clodsire\n|-sidestart|p1: g4buscus|move: Toxic Spikes\n|cant|p1b: Clodsire|par\n|\n|upkeep\n|\n|t:|1770652005\n|switch|p1a: Krookodile|Krookodile, L80, M|152/283 psn\n|-ability|p1a: Krookodile|Intimidate|boost\n|-unboost|p2a: Swalot|atk|1\n|-fail|p2b: Glalie|unboost|Attack|[from] ability: Inner Focus|[of] p2b: Glalie\n|turn|12\n|\n|t:|1770652019\n|switch|p2b: Hydrapple|Hydrapple, L85, F|319/319\n|switch|p1b: Lunala|Lunala, L71|312/312\n|-status|p1b: Lunala|psn\n|move|p1a: Krookodile|High Horsepower|p2a: Swalot\n|-supereffective|p2a: Swalot\n|-damage|p2a: Swalot|0 fnt\n|faint|p2a: Swalot\n|\n|-damage|p1a: Krookodile|117/283 psn|[from] psn\n|-damage|p1b: Lunala|273/312 psn|[from] psn\n|upkeep\n|\n|t:|1770652028\n|switch|p2a: Glalie|Glalie, L94, M|283/303\n|turn|13\n|inactive|JD989 has 120 seconds left.\n|\n|t:|1770652059\n|move|p1a: Krookodile|Protect|p1a: Krookodile\n|-singleturn|p1a: Krookodile|Protect\n|move|p2a: Glalie|Freeze-Dry|p1a: Krookodile\n|-activate|p1a: Krookodile|move: Protect\n|move|p1b: Lunala|Tailwind|p1b: Lunala\n|-sidestart|p1: g4buscus|move: Tailwind\n|move|p2b: Hydrapple|Fickle Beam|p1b: Lunala|[anim] Fickle Beam All Out\n|-activate|p2b: Hydrapple|move: Fickle Beam\n|-damage|p1b: Lunala|60/312 psn\n|-enditem|p1b: Lunala|Sitrus Berry|[eat]\n|-heal|p1b: Lunala|138/312 psn|[from] item: Sitrus Berry\n|\n|-damage|p1a: Krookodile|82/283 psn|[from] psn\n|-damage|p1b: Lunala|99/312 psn|[from] psn\n|upkeep\n|turn|14\n|inactive|JD989 has 120 seconds left.\n|\n|t:|1770652091\n|move|p1a: Krookodile|Stone Edge|p2a: Glalie\n|-supereffective|p2a: Glalie\n|-damage|p2a: Glalie|133/303\n|-enditem|p2a: Glalie|Sitrus Berry|[eat]\n|-heal|p2a: Glalie|208/303|[from] item: Sitrus Berry\n|move|p1b: Lunala|Moongeist Beam|p2a: Glalie\n|-damage|p2a: Glalie|109/303\n|move|p2a: Glalie|Icy Wind|p1b: Lunala|[spread] p1a,p1b\n|-supereffective|p1a: Krookodile\n|-damage|p1a: Krookodile|0 fnt\n|-damage|p1b: Lunala|56/312 psn\n|-unboost|p1b: Lunala|spe|1\n|faint|p1a: Krookodile\n|move|p2b: Hydrapple|Pollen Puff|p2a: Glalie\n|-heal|p2a: Glalie|260/303\n|\n|-damage|p1b: Lunala|17/312 psn|[from] psn\n|upkeep\n|\n|t:|1770652098\n|switch|p1a: Clodsire|Clodsire, L87, F|156/368 par\n|-sideend|p1: g4buscus|move: Toxic Spikes|[of] p1a: Clodsire\n|turn|15\n|inactive|JD989 has 120 seconds left.\n|\n|t:|1770652133\n|move|p1b: Lunala|Moongeist Beam|p2a: Glalie\n|-damage|p2a: Glalie|161/303\n|move|p2a: Glalie|Freeze-Dry|p1a: Clodsire\n|-supereffective|p1a: Clodsire\n|-damage|p1a: Clodsire|18/368 par\n|move|p2b: Hydrapple|Fickle Beam|p1a: Clodsire\n|-damage|p1a: Clodsire|0 fnt\n|faint|p1a: Clodsire\n|\n|-damage|p1b: Lunala|0 fnt|[from] psn\n|faint|p1b: Lunala\n|upkeep\n|\n|t:|1770652145\n|switch|p1b: Regigigas|Regigigas, L86|329/329\n|switch|p1a: Kommo-o|Kommo-o, L79, F|248/248\n|-start|p1b: Regigigas|ability: Slow Start\n|turn|16\n|inactive|JD989 has 120 seconds left.\n|inactive|JD989 has 90 seconds left.\n|inactive|JD989 has 60 seconds left.\n|\n|t:|1770652222\n|-terastallize|p1a: Kommo-o|Steel\n|-terastallize|p2a: Glalie|Poison\n|move|p1a: Kommo-o|Clangorous Soul|p1a: Kommo-o\n|-boost|p1a: Kommo-o|atk|1\n|-boost|p1a: Kommo-o|def|1\n|-boost|p1a: Kommo-o|spa|1\n|-boost|p1a: Kommo-o|spd|1\n|-boost|p1a: Kommo-o|spe|1\n|-damage|p1a: Kommo-o|167/248\n|-enditem|p1a: Kommo-o|Throat Spray\n|-boost|p1a: Kommo-o|spa|1|[from] item: Throat Spray\n|move|p1b: Regigigas|Substitute|p1b: Regigigas\n|-start|p1b: Regigigas|Substitute\n|-damage|p1b: Regigigas|247/329\n|move|p2a: Glalie|Icy Wind|p1b: Regigigas|[spread] p1a,p1b\n|-activate|p1b: Regigigas|move: Substitute|[damage]\n|-resisted|p1a: Kommo-o\n|-damage|p1a: Kommo-o|153/248\n|-unboost|p1a: Kommo-o|spe|1\n|move|p2b: Hydrapple|Fickle Beam|p1a: Kommo-o\n|-resisted|p1a: Kommo-o\n|-damage|p1a: Kommo-o|118/248\n|\n|-heal|p1b: Regigigas|267/329|[from] item: Leftovers\n|-sideend|p1: g4buscus|move: Tailwind\n|upkeep\n|turn|17\n|inactive|JD989 has 60 seconds left.\n|inactive|g4buscus has 120 seconds left.\n|\n|t:|1770652254\n|move|p2a: Glalie|Icy Wind|p1a: Kommo-o|[spread] p1b\n|-miss|p2a: Glalie|p1a: Kommo-o\n|-activate|p1b: Regigigas|move: Substitute|[damage]\n|move|p1a: Kommo-o|Drain Punch|p2a: Glalie\n|-resisted|p2a: Glalie\n|-damage|p2a: Glalie|106/303\n|-heal|p1a: Kommo-o|146/248|[from] drain|[of] p2a: Glalie\n|move|p2b: Hydrapple|Earth Power|p1a: Kommo-o\n|-supereffective|p1a: Kommo-o\n|-damage|p1a: Kommo-o|54/248\n|move|p1b: Regigigas|Body Slam|p2b: Hydrapple\n|-damage|p2b: Hydrapple|255/319\n|\n|-heal|p1b: Regigigas|287/329|[from] item: Leftovers\n|upkeep\n|turn|18\n|inactive|JD989 has 60 seconds left.\n|inactive|JD989 has 30 seconds left.\n|inactive|JD989 has 20 seconds left.\n|\n|t:|1770652322\n|move|p2a: Glalie|Icy Wind|p1b: Regigigas|[spread] p1a,p1b\n|-end|p1b: Regigigas|Substitute\n|-resisted|p1a: Kommo-o\n|-damage|p1a: Kommo-o|39/248\n|-unboost|p1a: Kommo-o|spe|1\n|move|p2b: Hydrapple|Earth Power|p1a: Kommo-o\n|-supereffective|p1a: Kommo-o\n|-damage|p1a: Kommo-o|0 fnt\n|faint|p1a: Kommo-o\n|move|p1b: Regigigas|Body Slam|p2a: Glalie\n|-damage|p2a: Glalie|37/303\n|\n|-heal|p1b: Regigigas|307/329|[from] item: Leftovers\n|upkeep\n|turn|19\n|inactive|JD989 has 30 seconds left.\n|\n|t:|1770652338\n|move|p1b: Regigigas|Protect|p1b: Regigigas\n|-singleturn|p1b: Regigigas|Protect\n|move|p2a: Glalie|Disable|p1b: Regigigas\n|-activate|p1b: Regigigas|move: Protect\n|move|p2b: Hydrapple|Pollen Puff|p2a: Glalie\n|-heal|p2a: Glalie|188/303\n|\n|-heal|p1b: Regigigas|327/329|[from] item: Leftovers\n|upkeep\n|turn|20\n|\n|t:|1770652353\n|move|p2a: Glalie|Icy Wind|p1b: Regigigas\n|-damage|p1b: Regigigas|273/329\n|-unboost|p1b: Regigigas|spe|1\n|move|p2b: Hydrapple|Fickle Beam|p1b: Regigigas|[anim] Fickle Beam All Out\n|-activate|p2b: Hydrapple|move: Fickle Beam\n|-damage|p1b: Regigigas|110/329\n|move|p1b: Regigigas|Substitute|p1b: Regigigas\n|-start|p1b: Regigigas|Substitute\n|-damage|p1b: Regigigas|28/329\n|\n|-heal|p1b: Regigigas|48/329|[from] item: Leftovers\n|-end|p1b: Regigigas|Slow Start\n|upkeep\n|turn|21\n|\n|t:|1770652362\n|move|p1b: Regigigas|Protect|p1b: Regigigas\n|-singleturn|p1b: Regigigas|Protect\n|move|p2a: Glalie|Freeze-Dry|p1b: Regigigas\n|-activate|p1b: Regigigas|move: Protect\n|move|p2b: Hydrapple|Pollen Puff|p2a: Glalie\n|-heal|p2a: Glalie|303/303\n|\n|-heal|p1b: Regigigas|68/329|[from] item: Leftovers\n|upkeep\n|turn|22\n|\n|t:|1770652371\n|move|p2a: Glalie|Freeze-Dry|p1b: Regigigas\n|-activate|p1b: Regigigas|move: Substitute|[damage]\n|move|p1b: Regigigas|Body Slam|p2a: Glalie\n|-damage|p2a: Glalie|176/303\n|move|p2b: Hydrapple|Giga Drain|p1b: Regigigas\n|-end|p1b: Regigigas|Substitute\n|-heal|p2b: Hydrapple|265/319|[from] drain|[of] p1b: Regigigas\n|\n|-heal|p1b: Regigigas|88/329|[from] item: Leftovers\n|upkeep\n|turn|23\n|\n|t:|1770652380\n|move|p2a: Glalie|Icy Wind|p1b: Regigigas\n|-damage|p1b: Regigigas|40/329\n|-unboost|p1b: Regigigas|spe|1\n|move|p2b: Hydrapple|Pollen Puff|p2a: Glalie\n|-heal|p2a: Glalie|303/303\n|move|p1b: Regigigas|Body Slam|p2a: Glalie\n|-damage|p2a: Glalie|176/303\n|-status|p2a: Glalie|par\n|\n|-heal|p1b: Regigigas|60/329|[from] item: Leftovers\n|upkeep\n|turn|24\n|\n|t:|1770652388\n|move|p1b: Regigigas|Protect|p1b: Regigigas\n|-singleturn|p1b: Regigigas|Protect\n|move|p2b: Hydrapple|Pollen Puff|p2a: Glalie\n|-heal|p2a: Glalie|303/303 par\n|move|p2a: Glalie|Icy Wind|p1b: Regigigas\n|-activate|p1b: Regigigas|move: Protect\n|\n|-heal|p1b: Regigigas|80/329|[from] item: Leftovers\n|upkeep\n|turn|25\n|\n|t:|1770652397\n|move|p2b: Hydrapple|Giga Drain|p1b: Regigigas\n|-damage|p1b: Regigigas|0 fnt\n|-heal|p2b: Hydrapple|305/319|[from] drain|[of] p1b: Regigigas\n|faint|p1b: Regigigas\n|\n|win|JD989\n|raw|g4buscus's rating: 1734 &rarr; <strong>1718</strong><br />(-16 for losing)\n|raw|JD989's rating: 1803 &rarr; <strong>1819</strong><br />(+16 for winning)\n|l|☆g4buscus\n|player|p1|\n", "inputlog": ">version ccdc32dd7cde25fd9e4bed64820e885f66e78a4e\n>start {\"formatid\":\"gen9randomdoublesbattle\",\"seed\":\"sodium,78a34d52580f9880f4a2eb583d88e4cf\",\"rated\":\"Rated battle\"}\n>player p1 {\"name\":\"g4buscus\",\"avatar\":\"101\",\"rating\":1709,\"seed\":\"sodium,646e88b4847a0b6d97a403a9064b5b9d\"}\n>player p2 {\"name\":\"JD989\",\"avatar\":\"rocketgrunt\",\"rating\":1803,\"seed\":\"sodium,de400ee2aa5570d3457d6d2ffecd7921\"}\n>p1 move bravebird +1, switch 4\n>p2 move quiverdance, move stunspore +2\n>p2 switch 5, pass\n>p1 move icywind, move toxicspikes\n>p2 move bravebird +1, switch 3\n>p1 move roost, move highhorsepower +2\n>p2 switch 3, move gunkshot +1\n>p1 move roost, move highhorsepower +2\n>p2 move stunspore +1, move knockoff +2\n>p1 move icebeam +1, move helpinghand -1\n>p2 move pollenpuff -2, move toxicspikes\n>p1 move icebeam +1, switch 3\n>p2 move strengthsap +1, move gunkshot +1\n>p1 move icywind, move highhorsepower +1\n>p2 switch 3, move knockoff +2\n>p1 move icywind, move protect\n>p2 move closecombat +2, switch 4\n>p2 switch 4, pass\n>p1 move icywind, switch 3\n>p2 move gunkshot +1, move freezedry +2\n>p1 move roost, move highhorsepower +1\n>p2 move gunkshot +1, move freezedry +1\n>p1 move roost, move highhorsepower +1\n>p2 move toxicspikes, move freezedry +1\n>p1 switch 3, pass\n>p1 move highhorsepower +1, switch 6\n>p2 move toxicspikes, switch 6\n>p2 switch 6, pass\n>p1 move protect, move tailwind\n>p2 move freezedry +1, move ficklebeam +2\n>p1 move stoneedge +1, move moongeistbeam +1\n>p2 move icywind, move pollenpuff -1\n>p1 switch 6, pass\n>p1 move gunkshot +2, move moongeistbeam +1\n>p2 move freezedry +1, move ficklebeam +1\n>p1 switch 4, switch 5\n>p1 move clangoroussoul terastallize, move substitute\n>p2 move icywind terastallize, move ficklebeam +1\n>p1 move drainpunch +1, move bodyslam +2\n>p2 move icywind, move earthpower +1\n>p1 move drainpunch +1, move bodyslam +1\n>p2 move icywind, move earthpower +1\n>p1 pass, move protect\n>p2 move disable +2, move pollenpuff -1\n>p1 pass, move substitute\n>p2 move icywind, move ficklebeam +2\n>p1 pass, move protect\n>p2 move freezedry +2, move pollenpuff -1\n>p1 pass, move bodyslam +1\n>p2 move freezedry +2, move gigadrain +2\n>p1 pass, move bodyslam +1\n>p2 move icywind, move pollenpuff -1\n>p1 pass, move protect\n>p2 move icywind, move pollenpuff -1\n>p1 pass, move bodyslam +2\n>p2 move icywind, move gigadrain +2", "uploadtime": 1770652400, "views": 69, "formatid": "gen9randomdoublesbattle", "rating": 1718, "private": 0, "password": null}