{"id": "gen9randomdoublesbattle-2537899377", "format": "[Gen 9] Random Doubles Battle", "players": ["fadi9", "bonjovswe"], "log": "|j|☆fadi9\n|j|☆bonjovswe\n|t:|1770861175\n|gametype|doubles\n|player|p1|fadi9|lyra-masters2|1952\n|player|p2|bonjovswe|dahlia|1839\n|gen|9\n|tier|[Gen 9] Random Doubles Battle\n|rated|\n|rule|Species Clause: Limit one of each Pokémon\n|rule|HP Percentage Mod: HP is shown in percentages\n|rule|Illusion Level Mod: Illusion disguises the Pokémon's true level\n|rule|Sleep Clause Mod: Limit one foe put to sleep\n|\n|t:|1770861175\n|teamsize|p1|6\n|teamsize|p2|6\n|start\n|switch|p1a: Brambleghast|Brambleghast, L86, M|235/235\n|switch|p1b: Iron Leaves|Iron Leaves, L81|278/278\n|switch|p2a: Sunflora|Sunflora, F|312/312\n|switch|p2b: Ogerpon|Ogerpon-Hearthflame, L74, F|240/240\n|-ability|p2b: Ogerpon|Mold Breaker\n|turn|1\n|inactive|Battle timer is ON: inactive players will automatically lose when time's up. (requested by bonjovswe)\n|\n|t:|1770861205\n|switch|p2a: Bombirdier|Bombirdier, L84, M|255/255\n|-terastallize|p1a: Brambleghast|Ghost\n|move|p1b: Iron Leaves|Swords Dance|p1b: Iron Leaves\n|-boost|p1b: Iron Leaves|atk|2\n|move|p2b: Ogerpon|Ivy Cudgel|p1b: Iron Leaves|[anim] Ivy Cudgel Fire\n|-supereffective|p1b: Iron Leaves\n|-damage|p1b: Iron Leaves|56/278\n|move|p1a: Brambleghast|Poltergeist|p2b: Ogerpon\n|-activate|p2b: Ogerpon|move: Poltergeist|Hearthflame Mask\n|-damage|p2b: Ogerpon|0 fnt\n|faint|p2b: Ogerpon\n|-damage|p1a: Brambleghast|212/235|[from] item: Life Orb\n|\n|upkeep\n|\n|t:|1770861227\n|switch|p2b: Raikou|Raikou, L81|278/278\n|turn|2\n|\n|t:|1770861242\n|move|p2b: Raikou|Thunderbolt|p1b: Iron Leaves\n|-resisted|p1b: Iron Leaves\n|-damage|p1b: Iron Leaves|11/278\n|move|p1b: Iron Leaves|Close Combat|p2a: Bombirdier\n|-damage|p2a: Bombirdier|0 fnt\n|-unboost|p1b: Iron Leaves|def|1\n|-unboost|p1b: Iron Leaves|spd|1\n|faint|p2a: Bombirdier\n|-damage|p1b: Iron Leaves|0 fnt|[from] item: Life Orb\n|faint|p1b: Iron Leaves\n|-end|p1b: Iron Leaves|Quark Drive|[silent]\n|move|p1a: Brambleghast|Poltergeist|p2b: Raikou\n|-activate|p2b: Raikou|move: Poltergeist|Sitrus Berry\n|-damage|p2b: Raikou|0 fnt\n|faint|p2b: Raikou\n|-damage|p1a: Brambleghast|189/235|[from] item: Life Orb\n|\n|upkeep\n|inactive|fadi9 has 120 seconds left.\n|\n|t:|1770861268\n|switch|p2b: Sunflora|Sunflora, F|312/312\n|switch|p1b: Ribombee|Ribombee, L86, F|243/243\n|switch|p2a: Typhlosion|Typhlosion, L79, F|253/253\n|turn|3\n|\n|t:|1770861291\n|-terastallize|p2a: Typhlosion|Fire\n|move|p1a: Brambleghast|Shadow Sneak|p2a: Typhlosion\n|-damage|p2a: Typhlosion|141/253\n|-damage|p1a: Brambleghast|166/235|[from] item: Life Orb\n|move|p2a: Typhlosion|Eruption|p1a: Brambleghast|[spread] p1a,p1b\n|-supereffective|p1b: Ribombee\n|-damage|p1a: Brambleghast|68/235\n|-damage|p1b: Ribombee|47/243\n|move|p1b: Ribombee|Dazzling Gleam|p2a: Typhlosion|[spread] p2a,p2b\n|-resisted|p2a: Typhlosion\n|-crit|p2b: Sunflora\n|-damage|p2a: Typhlosion|94/253\n|-damage|p2b: Sunflora|205/312\n|-damage|p1b: Ribombee|23/243|[from] item: Life Orb\n|move|p2b: Sunflora|Dazzling Gleam|p1a: Brambleghast|[spread] p1a,p1b\n|-damage|p1a: Brambleghast|0 fnt\n|-damage|p1b: Ribombee|0 fnt\n|faint|p1a: Brambleghast\n|faint|p1b: Ribombee\n|-damage|p2b: Sunflora|174/312|[from] item: Life Orb\n|\n|upkeep\n|inactive|fadi9 has 120 seconds left.\n|\n|t:|1770861320\n|switch|p1b: Manaphy|Manaphy, L78|284/284\n|switch|p1a: Toxapex|Toxapex, L92, M|241/241\n|turn|4\n|inactive|fadi9 has 120 seconds left.\n|\n|t:|1770861331\n|switch|p2a: Meloetta|Meloetta, L80|291/291\n|move|p1b: Manaphy|Ice Beam|p2b: Sunflora\n|-supereffective|p2b: Sunflora\n|-damage|p2b: Sunflora|68/312\n|move|p2b: Sunflora|Leaf Storm|p1b: Manaphy\n|-supereffective|p1b: Manaphy\n|-damage|p1b: Manaphy|0 fnt\n|-unboost|p2b: Sunflora|spa|2\n|faint|p1b: Manaphy\n|-damage|p2b: Sunflora|37/312|[from] item: Life Orb\n|move|p1a: Toxapex|Infestation|p2b: Sunflora\n|-supereffective|p2b: Sunflora\n|-damage|p2b: Sunflora|15/312\n|-activate|p2b: Sunflora|move: Infestation|[of] p1a: Toxapex\n|\n|-damage|p2b: Sunflora|0 fnt|[from] move: Infestation|[partiallytrapped]\n|faint|p2b: Sunflora\n|upkeep\n|inactive|fadi9 has 120 seconds left.\n|\n|t:|1770861337\n|switch|p1b: Bastiodon|Bastiodon, L89, F|252/252\n|switch|p2b: Typhlosion|Typhlosion, L79, F, tera:Fire|94/253\n|turn|5\n|\n|t:|1770861355\n|move|p2b: Typhlosion|Heat Wave|p1b: Bastiodon|[spread] p1a,p1b\n|-resisted|p1a: Toxapex\n|-damage|p1a: Toxapex|209/241\n|-damage|p1b: Bastiodon|188/252\n|move|p2a: Meloetta|Psychic|p1a: Toxapex\n|-supereffective|p1a: Toxapex\n|-damage|p1a: Toxapex|22/241\n|-unboost|p1a: Toxapex|spd|1\n|-damage|p2a: Meloetta|262/291|[from] item: Life Orb\n|move|p1a: Toxapex|Infestation|p2a: Meloetta\n|-supereffective|p2a: Meloetta\n|-damage|p2a: Meloetta|242/291\n|-activate|p2a: Meloetta|move: Infestation|[of] p1a: Toxapex\n|move|p1b: Bastiodon|Body Press|p2b: Typhlosion\n|-damage|p2b: Typhlosion|0 fnt\n|faint|p2b: Typhlosion\n|\n|-heal|p1a: Toxapex|37/241|[from] item: Leftovers\n|-damage|p2a: Meloetta|206/291|[from] move: Infestation|[partiallytrapped]\n|upkeep\n|turn|6\n|\n|t:|1770861382\n|move|p2a: Meloetta|Focus Blast|p1b: Bastiodon\n|-supereffective|p1b: Bastiodon\n|-damage|p1b: Bastiodon|0 fnt\n|faint|p1b: Bastiodon\n|-damage|p2a: Meloetta|177/291|[from] item: Life Orb\n|move|p1a: Toxapex|Toxic|p2a: Meloetta\n|-status|p2a: Meloetta|tox\n|\n|-heal|p1a: Toxapex|52/241|[from] item: Leftovers\n|-damage|p2a: Meloetta|159/291 tox|[from] psn\n|-damage|p2a: Meloetta|123/291 tox|[from] move: Infestation|[partiallytrapped]\n|upkeep\n|turn|7\n|\n|t:|1770861388\n|move|p1a: Toxapex|Baneful Bunker|p1a: Toxapex\n|-singleturn|p1a: Toxapex|move: Protect\n|move|p2a: Meloetta|Psychic|p1a: Toxapex\n|-activate|p1a: Toxapex|move: Protect\n|\n|-heal|p1a: Toxapex|67/241|[from] item: Leftovers\n|-damage|p2a: Meloetta|87/291 tox|[from] psn\n|-damage|p2a: Meloetta|51/291 tox|[from] move: Infestation|[partiallytrapped]\n|upkeep\n|turn|8\n|\n|t:|1770861398\n|move|p1a: Toxapex|Baneful Bunker|p1a: Toxapex\n|-singleturn|p1a: Toxapex|move: Protect\n|move|p2a: Meloetta|Psychic|p1a: Toxapex\n|-activate|p1a: Toxapex|move: Protect\n|\n|-heal|p1a: Toxapex|82/241|[from] item: Leftovers\n|-damage|p2a: Meloetta|0 fnt|[from] psn\n|faint|p2a: Meloetta\n|\n|win|fadi9\n|raw|fadi9's rating: 1952 &rarr; <strong>1966</strong><br />(+14 for winning)\n|raw|bonjovswe's rating: 1839 &rarr; <strong>1825</strong><br />(-14 for losing)\n|l|☆bonjovswe\n|player|p2|\n|c|☆fadi9|Oops I did it again\n", "inputlog": ">version ccdc32dd7cde25fd9e4bed64820e885f66e78a4e\n>start {\"formatid\":\"gen9randomdoublesbattle\",\"seed\":\"sodium,a5f6ad0d7d8f0d7442f2d4121bdb7873\",\"rated\":\"Rated battle\"}\n>player p1 {\"name\":\"fadi9\",\"avatar\":\"lyra-masters2\",\"rating\":1952,\"seed\":\"sodium,6bef9570cd1dd9e38f88454b48e0eb81\"}\n>player p2 {\"name\":\"bonjovswe\",\"avatar\":\"dahlia\",\"rating\":1839,\"seed\":\"sodium,9a85b61add9982978742c7805b3a8a1b\"}\n>p1 move poltergeist +2 terastallize, move swordsdance\n>p2 switch 3, move ivycudgel +2\n>p2 pass, switch 6\n>p1 move poltergeist +2, move closecombat +1\n>p2 move knockoff +1, move thunderbolt +2\n>p1 pass, switch 4\n>p2 switch 5, switch 3\n>p1 move shadowsneak +1, move dazzlinggleam\n>p2 move eruption terastallize, move dazzlinggleam\n>p1 switch 3, switch 6\n>p1 move infestation +2, move icebeam +2\n>p2 switch 4, move leafstorm +2\n>p1 pass, switch 5\n>p2 pass, switch 4\n>p1 move infestation +1, move bodypress +2\n>p2 move psychic +1, move heatwave\n>p1 move toxic +1, move bodypress +1\n>p2 move focusblast +2, pass\n>p1 move banefulbunker, pass\n>p2 move psychic +1, pass\n>p1 move banefulbunker, pass\n>p2 move psychic +1, pass", "uploadtime": 1770861573, "views": 75, "formatid": "gen9randomdoublesbattle", "rating": 1825, "private": 0, "password": null}