{"id": "gen9randomdoublesbattle-2539182663", "format": "[Gen 9] Random Doubles Battle", "players": ["godsend888", "waezz"], "log": "|j|☆godsend888\n|j|☆waezz\n|t:|1771020180\n|gametype|doubles\n|player|p1|godsend888|101|1714\n|player|p2|waezz|102|1745\n|gen|9\n|tier|[Gen 9] Random Doubles Battle\n|rated|\n|rule|Species Clause: Limit one of each Pokémon\n|rule|HP Percentage Mod: HP is shown in percentages\n|rule|Illusion Level Mod: Illusion disguises the Pokémon's true level\n|rule|Sleep Clause Mod: Limit one foe put to sleep\n|\n|t:|1771020180\n|teamsize|p1|6\n|teamsize|p2|6\n|start\n|switch|p1a: Eelektross|Eelektross, L86, M|286/286\n|switch|p1b: Ho-Oh|Ho-Oh, L70|264/264\n|switch|p2a: Drednaw|Drednaw, L83, F|285/285\n|switch|p2b: Delibird|Delibird, F|252/252\n|turn|1\n|\n|t:|1771020217\n|switch|p1b: Brambleghast|Brambleghast, L86, M|235/235\n|move|p2b: Delibird|Fake Out|p1a: Eelektross\n|-damage|p1a: Eelektross|257/286\n|move|p2a: Drednaw|Shell Smash|p2a: Drednaw\n|-unboost|p2a: Drednaw|def|1\n|-unboost|p2a: Drednaw|spd|1\n|-boost|p2a: Drednaw|atk|2\n|-boost|p2a: Drednaw|spa|2\n|-boost|p2a: Drednaw|spe|2\n|-enditem|p2a: Drednaw|White Herb\n|-clearnegativeboost|p2a: Drednaw|[silent]\n|cant|p1a: Eelektross|flinch\n|\n|upkeep\n|turn|2\n|\n|t:|1771020266\n|switch|p2b: Chesnaught|Chesnaught, L86, F|292/292\n|-terastallize|p2a: Drednaw|Dark\n|move|p2a: Drednaw|Crunch|p1b: Brambleghast\n|-supereffective|p1b: Brambleghast\n|-damage|p1b: Brambleghast|0 fnt\n|faint|p1b: Brambleghast\n|move|p1a: Eelektross|Electroweb|p2a: Drednaw|[spread] p2a,p2b\n|-resisted|p2b: Chesnaught\n|-damage|p2a: Drednaw|222/285\n|-damage|p2b: Chesnaught|265/292\n|-unboost|p2a: Drednaw|spe|1\n|-unboost|p2b: Chesnaught|spe|1\n|\n|upkeep\n|\n|t:|1771020290\n|switch|p1b: Pachirisu|Pachirisu, L93, F|262/262\n|turn|3\n|\n|t:|1771020322\n|move|p1b: Pachirisu|Follow Me|p1b: Pachirisu\n|-singleturn|p1b: Pachirisu|move: Follow Me\n|move|p2a: Drednaw|Rock Slide|p1b: Pachirisu|[spread] p1a,p1b\n|-damage|p1a: Eelektross|107/286\n|-damage|p1b: Pachirisu|127/262\n|-enditem|p1b: Pachirisu|Sitrus Berry|[eat]\n|-heal|p1b: Pachirisu|192/262|[from] item: Sitrus Berry\n|move|p1a: Eelektross|Electroweb|p2a: Drednaw|[spread] p2a,p2b\n|-resisted|p2b: Chesnaught\n|-crit|p2b: Chesnaught\n|-damage|p2a: Drednaw|162/285\n|-damage|p2b: Chesnaught|224/292\n|-unboost|p2a: Drednaw|spe|1\n|-unboost|p2b: Chesnaught|spe|1\n|move|p2b: Chesnaught|Wood Hammer|p1b: Pachirisu\n|-damage|p1b: Pachirisu|38/262\n|-damage|p2b: Chesnaught|173/292|[from] Recoil\n|\n|upkeep\n|turn|4\n|\n|t:|1771020349\n|move|p1b: Pachirisu|Nuzzle|p2a: Drednaw\n|-damage|p2a: Drednaw|147/285\n|-status|p2a: Drednaw|par\n|move|p1a: Eelektross|Close Combat|p2a: Drednaw\n|-supereffective|p2a: Drednaw\n|-damage|p2a: Drednaw|0 fnt\n|-unboost|p1a: Eelektross|def|1\n|-unboost|p1a: Eelektross|spd|1\n|faint|p2a: Drednaw\n|move|p2b: Chesnaught|Wood Hammer|p1a: Eelektross\n|-damage|p1a: Eelektross|0 fnt\n|faint|p1a: Eelektross\n|-damage|p2b: Chesnaught|138/292|[from] Recoil\n|-enditem|p2b: Chesnaught|Sitrus Berry|[eat]\n|-heal|p2b: Chesnaught|211/292|[from] item: Sitrus Berry\n|\n|upkeep\n|\n|t:|1771020371\n|switch|p2a: Mew|Mew, L84|305/305\n|switch|p1a: Ho-Oh|Ho-Oh, L70|264/264\n|turn|5\n|\n|t:|1771020386\n|move|p2b: Chesnaught|Spiky Shield|p2b: Chesnaught\n|-singleturn|p2b: Chesnaught|move: Protect\n|move|p1b: Pachirisu|Nuzzle|p2a: Mew\n|-damage|p2a: Mew|290/305\n|-status|p2a: Mew|par\n|-activate|p2a: Mew|ability: Synchronize\n|-immune|p1b: Pachirisu\n|move|p1a: Ho-Oh|Brave Bird|p2b: Chesnaught\n|-activate|p2b: Chesnaught|move: Protect\n|-damage|p1a: Ho-Oh|231/264|[from] Spiky Shield|[of] p2b: Chesnaught\n|move|p2a: Mew|Tailwind|p2a: Mew\n|-sidestart|p2: waezz|move: Tailwind\n|\n|upkeep\n|turn|6\n|\n|t:|1771020433\n|switch|p2b: Delibird|Delibird, F|252/252\n|move|p1b: Pachirisu|Encore|p2a: Mew\n|-start|p2a: Mew|Encore\n|move|p2a: Mew|Tailwind||[still]\n|-fail|p2a: Mew\n|move|p1a: Ho-Oh|Sacred Fire|p2b: Delibird\n|-supereffective|p2b: Delibird\n|-damage|p2b: Delibird|0 fnt\n|faint|p2b: Delibird\n|\n|upkeep\n|\n|t:|1771020449\n|switch|p2b: Eternatus|Eternatus, L70|312/312\n|-ability|p2b: Eternatus|Pressure\n|turn|7\n|\n|t:|1771020464\n|switch|p2a: Chesnaught|Chesnaught, L86, F|211/292\n|move|p2b: Eternatus|Meteor Beam||[still]\n|-prepare|p2b: Eternatus|Meteor Beam\n|-boost|p2b: Eternatus|spa|1\n|-enditem|p2b: Eternatus|Power Herb\n|-anim|p2b: Eternatus|Meteor Beam|p1a: Ho-Oh\n|-supereffective|p1a: Ho-Oh\n|-damage|p1a: Ho-Oh|0 fnt\n|faint|p1a: Ho-Oh\n|move|p1b: Pachirisu|Nuzzle|p2b: Eternatus\n|-resisted|p2b: Eternatus\n|-damage|p2b: Eternatus|302/312\n|-status|p2b: Eternatus|par\n|\n|upkeep\n|\n|t:|1771020479\n|switch|p1a: Dragapult|Dragapult, L79, F|269/269\n|turn|8\n|\n|t:|1771020512\n|-terastallize|p1a: Dragapult|Dragon\n|move|p1b: Pachirisu|Follow Me|p1b: Pachirisu\n|-singleturn|p1b: Pachirisu|move: Follow Me\n|move|p2a: Chesnaught|Knock Off|p1b: Pachirisu\n|-damage|p1b: Pachirisu|0 fnt\n|faint|p1b: Pachirisu\n|move|p1a: Dragapult|Dragon Darts|p2b: Eternatus\n|-supereffective|p2b: Eternatus\n|-damage|p2b: Eternatus|89/312 par\n|-anim|p1a: Dragapult|Dragon Darts|p2a: Chesnaught\n|-damage|p2a: Chesnaught|133/292\n|-damage|p1a: Dragapult|243/269|[from] item: Life Orb\n|move|p2b: Eternatus|Dynamax Cannon|p1a: Dragapult\n|-supereffective|p1a: Dragapult\n|-damage|p1a: Dragapult|0 fnt\n|faint|p1a: Dragapult\n|\n|-sideend|p2: waezz|move: Tailwind\n|upkeep\n|\n|t:|1771020527\n|switch|p1b: Baxcalibur|Baxcalibur, L78, F|307/307\n|turn|9\n|\n|t:|1771020544\n|move|p1b: Baxcalibur|Icicle Spear|p2a: Chesnaught\n|-supereffective|p2a: Chesnaught\n|-damage|p2a: Chesnaught|83/292\n|-supereffective|p2a: Chesnaught\n|-damage|p2a: Chesnaught|35/292\n|-supereffective|p2a: Chesnaught\n|-damage|p2a: Chesnaught|0 fnt\n|faint|p2a: Chesnaught\n|-hitcount|p2: Chesnaught|3\n|move|p2b: Eternatus|Fire Blast|p1b: Baxcalibur\n|-damage|p1b: Baxcalibur|173/307\n|-ability|p1b: Baxcalibur|Thermal Exchange|boost\n|-boost|p1b: Baxcalibur|atk|1\n|\n|upkeep\n|\n|t:|1771020559\n|switch|p2a: Mew|Mew, L84|290/305 par\n|turn|10\n|\n|t:|1771020602\n|move|p1b: Baxcalibur|Icicle Spear|p2b: Eternatus\n|-supereffective|p2b: Eternatus\n|-damage|p2b: Eternatus|0 fnt\n|faint|p2b: Eternatus\n|-hitcount|p2: Eternatus|1\n|cant|p2a: Mew|par\n|\n|upkeep\n|\n|t:|1771020609\n|switch|p2b: Tropius|Tropius, L94, M|339/339\n|turn|11\n|\n|t:|1771020633\n|move|p1b: Baxcalibur|Icicle Spear|p2b: Tropius\n|-supereffective|p2b: Tropius\n|-damage|p2b: Tropius|159/339\n|-enditem|p2b: Tropius|Sitrus Berry|[eat]\n|-heal|p2b: Tropius|243/339|[from] item: Sitrus Berry\n|-supereffective|p2b: Tropius\n|-damage|p2b: Tropius|75/339\n|-supereffective|p2b: Tropius\n|-damage|p2b: Tropius|0 fnt\n|faint|p2b: Tropius\n|-hitcount|p2: Tropius|3\n|move|p2a: Mew|Will-O-Wisp|p1b: Baxcalibur\n|-immune|p1b: Baxcalibur|[from] ability: Thermal Exchange\n|\n|upkeep\n|turn|12\n|\n|t:|1771020649\n|move|p1b: Baxcalibur|Icicle Spear|p2a: Mew\n|-damage|p2a: Mew|247/305 par\n|-damage|p2a: Mew|201/305 par\n|-damage|p2a: Mew|159/305 par\n|-damage|p2a: Mew|116/305 par\n|-enditem|p2a: Mew|Sitrus Berry|[eat]\n|-heal|p2a: Mew|192/305 par|[from] item: Sitrus Berry\n|-hitcount|p2a: Mew|4\n|cant|p2a: Mew|par\n|\n|upkeep\n|turn|13\n|-message|waezz forfeited.\n|\n|win|godsend888\n|raw|godsend888's rating: 1714 &rarr; <strong>1736</strong><br />(+22 for winning)\n|raw|waezz's rating: 1745 &rarr; <strong>1723</strong><br />(-22 for losing)\n|l|☆waezz\n|player|p2|\n", "inputlog": ">version ccdc32dd7cde25fd9e4bed64820e885f66e78a4e\n>start {\"formatid\":\"gen9randomdoublesbattle\",\"seed\":\"sodium,0243ec67bacca75e7c1d0336153972be\",\"rated\":\"Rated battle\"}\n>player p1 {\"name\":\"godsend888\",\"avatar\":\"101\",\"rating\":1714,\"seed\":\"sodium,de34dc31e7074fbddacf6af6d1868eb2\"}\n>player p2 {\"name\":\"waezz\",\"avatar\":\"102\",\"rating\":1745,\"seed\":\"sodium,9311ab9d7fb72c8d737a15aac845011c\"}\n>p1 move electroweb, switch 5\n>p2 move shellsmash, move fakeout +1\n>p1 move electroweb, move powerwhip +1\n>p2 move crunch +2 terastallize, switch 6\n>p1 pass, switch 6\n>p1 move electroweb, move followme\n>p2 move rockslide, move woodhammer +2\n>p1 move closecombat +1, move nuzzle +1\n>p2 move rockslide, move woodhammer +1\n>p1 switch 5, pass\n>p2 switch 4, pass\n>p1 move bravebird +2, move nuzzle +1\n>p2 move tailwind, move spikyshield\n>p1 move sacredfire +2, move encore +1\n>p2 move pollenpuff +2, switch 6\n>p2 pass, switch 3\n>p1 move tailwind, move nuzzle +2\n>p2 switch 6, move meteorbeam +1\n>p1 switch 4, pass\n>p1 move dragondarts +2 terastallize, move followme\n>p2 move knockoff +1, move dynamaxcannon +1\n>p1 pass, switch 3\n>p1 pass, move iciclespear +1\n>p2 move bodypress +2, move fireblast +2\n>p2 switch 6, pass\n>p1 pass, move iciclespear +2\n>p2 move willowisp +2, move fireblast +2\n>p2 pass, switch 5\n>p1 pass, move iciclespear +2\n>p2 move willowisp +2, move hurricane +2\n>p1 pass, move iciclespear +1\n>p2 move pollenpuff +2, pass\n>forcelose p2", "uploadtime": 1771020668, "views": 81, "formatid": "gen9randomdoublesbattle", "rating": 1723, "private": 0, "password": null}