{"id": "gen9randomdoublesbattle-2539827678", "format": "[Gen 9] Random Doubles Battle", "players": ["Showdownkween", "gwatermalone"], "log": "|j|☆Showdownkween\n|j|☆gwatermalone\n|t:|1771114211\n|gametype|doubles\n|player|p1|Showdownkween|beauty|1844\n|player|p2|gwatermalone|swimmer-gen4|1727\n|gen|9\n|tier|[Gen 9] Random Doubles Battle\n|rated|\n|rule|Species Clause: Limit one of each Pokémon\n|rule|HP Percentage Mod: HP is shown in percentages\n|rule|Illusion Level Mod: Illusion disguises the Pokémon's true level\n|rule|Sleep Clause Mod: Limit one foe put to sleep\n|\n|t:|1771114211\n|teamsize|p1|6\n|teamsize|p2|6\n|start\n|switch|p1a: Rampardos|Rampardos, L87, M|311/311\n|switch|p1b: Breloom|Breloom, L84, M|238/238\n|switch|p2a: Florges|Florges, L84, F|268/268\n|switch|p2b: Camerupt|Camerupt, L88, F|266/266\n|turn|1\n|inactive|Battle timer is ON: inactive players will automatically lose when time's up. (requested by gwatermalone)\n|\n|t:|1771114235\n|move|p2a: Florges|Protect|p2a: Florges\n|-singleturn|p2a: Florges|Protect\n|move|p1a: Rampardos|Head Smash|p2a: Florges\n|-activate|p2a: Florges|move: Protect\n|move|p1b: Breloom|Spore|p2b: Camerupt\n|-status|p2b: Camerupt|slp|[from] move: Spore\n|cant|p2b: Camerupt|slp\n|\n|upkeep\n|turn|2\n|\n|t:|1771114258\n|switch|p2a: Tsareena|Tsareena, L85, F|261/261\n|move|p1a: Rampardos|Head Smash|p2a: Tsareena\n|-damage|p2a: Tsareena|41/261\n|-damage|p1a: Rampardos|201/311|[from] Recoil\n|move|p1b: Breloom|Bullet Seed|p2b: Camerupt\n|-damage|p2b: Camerupt|192/266 slp\n|-damage|p2b: Camerupt|117/266 slp\n|-enditem|p2b: Camerupt|Sitrus Berry|[eat]\n|-heal|p2b: Camerupt|183/266 slp|[from] item: Sitrus Berry\n|-hitcount|p2b: Camerupt|2\n|-damage|p1b: Breloom|215/238|[from] item: Life Orb\n|cant|p2b: Camerupt|slp\n|\n|upkeep\n|turn|3\n|\n|t:|1771114285\n|move|p1a: Rampardos|Head Smash|p2a: Tsareena|[miss]\n|-miss|p1a: Rampardos|p2a: Tsareena\n|move|p2a: Tsareena|Power Whip|p1a: Rampardos\n|-supereffective|p1a: Rampardos\n|-damage|p1a: Rampardos|0 fnt\n|faint|p1a: Rampardos\n|move|p1b: Breloom|Bullet Seed|p2b: Camerupt\n|-damage|p2b: Camerupt|109/266 slp\n|-damage|p2b: Camerupt|43/266 slp\n|-hitcount|p2b: Camerupt|2\n|-damage|p1b: Breloom|192/238|[from] item: Life Orb\n|cant|p2b: Camerupt|slp\n|\n|upkeep\n|inactive|Showdownkween has 120 seconds left.\n|\n|t:|1771114308\n|switch|p1a: Houndoom|Houndoom, L86, M|269/269\n|turn|4\n|inactive|Showdownkween has 120 seconds left.\n|\n|t:|1771114324\n|move|p1a: Houndoom|Heat Wave|p2a: Tsareena|[spread] p2a,p2b\n|-supereffective|p2a: Tsareena\n|-resisted|p2b: Camerupt\n|-crit|p2b: Camerupt\n|-damage|p2a: Tsareena|0 fnt\n|-damage|p2b: Camerupt|0 fnt\n|faint|p2a: Tsareena\n|faint|p2b: Camerupt\n|-damage|p1a: Houndoom|243/269|[from] item: Life Orb\n|move|p1b: Breloom|Bullet Seed|p2: Tsareena|[notarget]\n|-fail|p1b: Breloom\n|\n|upkeep\n|inactive|gwatermalone has 120 seconds left.\n|\n|t:|1771114358\n|switch|p2a: Araquanid|Araquanid, L84, M|251/251\n|switch|p2b: Hawlucha|Hawlucha, L84, M|268/268\n|turn|5\n|inactive|Showdownkween has 120 seconds left.\n|inactive|Showdownkween has 90 seconds left.\n|\n|t:|1771114429\n|switch|p1b: Lumineon|Lumineon, L92, F|276/276\n|move|p2a: Araquanid|Wide Guard|p2a: Araquanid\n|-singleturn|p2a: Araquanid|Wide Guard\n|move|p2b: Hawlucha|Brave Bird|p1b: Lumineon\n|-damage|p1b: Lumineon|152/276\n|-damage|p2b: Hawlucha|227/268|[from] Recoil\n|move|p1a: Houndoom|Heat Wave|p2a: Araquanid|[spread] \n|-activate|p2a: Araquanid|move: Wide Guard\n|-activate|p2b: Hawlucha|move: Wide Guard\n|\n|upkeep\n|turn|6\n|inactive|Showdownkween has 90 seconds left.\n|inactive|gwatermalone has 120 seconds left.\n|\n|t:|1771114464\n|move|p2b: Hawlucha|Close Combat|p1a: Houndoom\n|-supereffective|p1a: Houndoom\n|-damage|p1a: Houndoom|0 fnt\n|-unboost|p2b: Hawlucha|def|1\n|-unboost|p2b: Hawlucha|spd|1\n|faint|p1a: Houndoom\n|-enditem|p2b: Hawlucha|White Herb\n|-clearnegativeboost|p2b: Hawlucha|[silent]\n|move|p1b: Lumineon|Encore|p2a: Araquanid\n|-start|p2a: Araquanid|Encore\n|move|p2a: Araquanid|Wide Guard||[still]\n|-fail|p2a: Araquanid\n|\n|upkeep\n|inactive|Showdownkween has 90 seconds left.\n|\n|t:|1771114485\n|switch|p1a: Raikou|Raikou, L81|278/278\n|turn|7\n|inactive|gwatermalone has 120 seconds left.\n|\n|t:|1771114536\n|move|p2b: Hawlucha|Protect|p2b: Hawlucha\n|-singleturn|p2b: Hawlucha|Protect\n|move|p1a: Raikou|Protect|p1a: Raikou\n|-singleturn|p1a: Raikou|Protect\n|move|p2a: Araquanid|Wide Guard|p2a: Araquanid\n|-singleturn|p2a: Araquanid|Wide Guard\n|move|p1b: Lumineon|Icy Wind|p2a: Araquanid|[spread] \n|-activate|p2a: Araquanid|move: Wide Guard\n|-activate|p2b: Hawlucha|move: Wide Guard\n|\n|upkeep\n|turn|8\n|inactive|gwatermalone has 120 seconds left.\n|\n|t:|1771114553\n|move|p1b: Lumineon|Helping Hand|p1a: Raikou\n|-singleturn|p1a: Raikou|Helping Hand|[of] p1b: Lumineon\n|move|p2a: Araquanid|Wide Guard|p2a: Araquanid\n|-singleturn|p2a: Araquanid|Wide Guard\n|move|p2b: Hawlucha|Swords Dance|p2b: Hawlucha\n|-boost|p2b: Hawlucha|atk|2\n|move|p1a: Raikou|Thunderbolt|p2b: Hawlucha\n|-supereffective|p2b: Hawlucha\n|-damage|p2b: Hawlucha|0 fnt\n|faint|p2b: Hawlucha\n|-damage|p1a: Raikou|251/278|[from] item: Life Orb\n|\n|-end|p2a: Araquanid|Encore\n|upkeep\n|\n|t:|1771114559\n|switch|p2b: Florges|Florges, L84, F|268/268\n|turn|9\n|\n|t:|1771114571\n|move|p1a: Raikou|Thunderbolt|p2a: Araquanid\n|-supereffective|p2a: Araquanid\n|-damage|p2a: Araquanid|46/251\n|-enditem|p2a: Araquanid|Sitrus Berry|[eat]\n|-heal|p2a: Araquanid|108/251|[from] item: Sitrus Berry\n|-damage|p1a: Raikou|224/278|[from] item: Life Orb\n|move|p1b: Lumineon|Encore|p2a: Araquanid\n|-start|p2a: Araquanid|Encore\n|move|p2b: Florges|Calm Mind|p2b: Florges\n|-boost|p2b: Florges|spa|1\n|-boost|p2b: Florges|spd|1\n|move|p2a: Araquanid|Wide Guard||[still]\n|-fail|p2a: Araquanid\n|\n|upkeep\n|turn|10\n|\n|t:|1771114595\n|switch|p2a: Maushold|Maushold, L79|247/247\n|move|p2b: Florges|Protect|p2b: Florges\n|-singleturn|p2b: Florges|Protect\n|move|p1a: Raikou|Volt Switch|p2a: Maushold\n|-damage|p2a: Maushold|134/247\n|-damage|p1a: Raikou|197/278|[from] item: Life Orb\n|\n|t:|1771114601\n|switch|p1a: Breloom|Breloom, L84, M|192/238|[from] Volt Switch\n|move|p1b: Lumineon|Encore|p2b: Florges\n|-activate|p2b: Florges|move: Protect\n|\n|upkeep\n|turn|11\n|\n|t:|1771114615\n|move|p1a: Breloom|Mach Punch|p2a: Maushold\n|-supereffective|p2a: Maushold\n|-damage|p2a: Maushold|0 fnt\n|faint|p2a: Maushold\n|-damage|p1a: Breloom|169/238|[from] item: Life Orb\n|move|p1b: Lumineon|Encore|p2b: Florges\n|-start|p2b: Florges|Encore\n|move|p2b: Florges|Protect||[still]\n|-fail|p2b: Florges\n|\n|upkeep\n|\n|t:|1771114620\n|switch|p2a: Araquanid|Araquanid, L84, M|108/251\n|turn|12\n|\n|t:|1771114634\n|move|p2b: Florges|Protect|p2b: Florges\n|-singleturn|p2b: Florges|Protect\n|move|p1b: Lumineon|Icy Wind|p2a: Araquanid|[spread] p2a\n|-activate|p2b: Florges|move: Protect\n|-resisted|p2a: Araquanid\n|-damage|p2a: Araquanid|98/251\n|-unboost|p2a: Araquanid|spe|1\n|move|p1a: Breloom|Bullet Seed|p2a: Araquanid\n|-damage|p2a: Araquanid|40/251\n|-damage|p2a: Araquanid|0 fnt\n|faint|p2a: Araquanid\n|-hitcount|p2: Araquanid|2\n|-damage|p1a: Breloom|146/238|[from] item: Life Orb\n|\n|upkeep\n|turn|13\n|c|☆Showdownkween|gg honey\n|\n|t:|1771114655\n|move|p1b: Lumineon|Helping Hand|p1a: Breloom\n|-singleturn|p1a: Breloom|Helping Hand|[of] p1b: Lumineon\n|move|p2b: Florges|Protect||[still]\n|-fail|p2b: Florges\n|move|p1a: Breloom|Bullet Seed|p2b: Florges\n|-damage|p2b: Florges|143/268\n|-damage|p2b: Florges|21/268\n|-damage|p2b: Florges|0 fnt\n|faint|p2b: Florges\n|-hitcount|p2: Florges|3\n|-damage|p1a: Breloom|123/238|[from] item: Life Orb\n|\n|win|Showdownkween\n|raw|Showdownkween's rating: 1844 &rarr; <strong>1858</strong><br />(+14 for winning)\n|raw|gwatermalone's rating: 1727 &rarr; <strong>1713</strong><br />(-14 for losing)\n|l|☆gwatermalone\n|player|p2|\n", "inputlog": ">version ccdc32dd7cde25fd9e4bed64820e885f66e78a4e\n>start {\"formatid\":\"gen9randomdoublesbattle\",\"seed\":\"sodium,0cda32a0caf6f80d772462f4fdef1204\",\"rated\":\"Rated battle\"}\n>player p1 {\"name\":\"Showdownkween\",\"avatar\":\"beauty\",\"rating\":1844,\"seed\":\"sodium,160170b1f197fb498d856eeb8bce760b\"}\n>player p2 {\"name\":\"gwatermalone\",\"avatar\":\"swimmer-gen4\",\"rating\":1727,\"seed\":\"sodium,6fa4893e3ab6942785f036458f840b4b\"}\n>p1 move headsmash +1, move spore +2\n>p2 move protect, move willowisp +1\n>p1 move headsmash +1, move bulletseed +2\n>p2 switch 3, move willowisp +1\n>p1 move headsmash +1, move bulletseed +2\n>p2 move powerwhip +1, move heatwave\n>p1 switch 6, pass\n>p1 move heatwave, move bulletseed +2\n>p2 move highjumpkick +1, move willowisp +2\n>p2 switch 5, switch 6\n>p1 move heatwave, switch 4\n>p2 move wideguard, move bravebird +2\n>p1 move nastyplot, move encore +1\n>p2 move stickyweb, move closecombat +1\n>p1 switch 3, pass\n>p1 move protect, move icywind\n>p2 move wideguard, move protect\n>p1 move thunderbolt +2, move helpinghand -1\n>p2 move wideguard, move swordsdance\n>p2 pass, switch 3\n>p1 move thunderbolt +1, move encore +1\n>p2 move liquidation +1, move calmmind\n>p1 move voltswitch +1, move encore +2\n>p2 switch 4, move protect\n>p1 switch 4, pass\n>p1 move machpunch +1, move encore +2\n>p2 move populationbomb +2, move moonblast +1\n>p2 switch 4, pass\n>p1 move bulletseed +1, move icywind\n>p2 move leechlife +2, move protect\n>chat ☆Showdownkween|gg honey\n>p1 move bulletseed +2, move helpinghand -1\n>p2 pass, move protect", "uploadtime": 1771114670, "views": 65, "formatid": "gen9randomdoublesbattle", "rating": 1713, "private": 0, "password": null}