{"id": "gen9randomdoublesbattle-2537782399", "format": "[Gen 9] Random Doubles Battle", "players": ["chi_chihuahuadog", "Bestest73"], "log": "|j|☆chi_chihuahuadog\n|j|☆Bestest73\n|t:|1770847555\n|gametype|doubles\n|player|p1|chi_chihuahuadog|266|1536\n|player|p2|Bestest73|doctor|1557\n|gen|9\n|tier|[Gen 9] Random Doubles Battle\n|rated|\n|rule|Species Clause: Limit one of each Pokémon\n|rule|HP Percentage Mod: HP is shown in percentages\n|rule|Illusion Level Mod: Illusion disguises the Pokémon's true level\n|rule|Sleep Clause Mod: Limit one foe put to sleep\n|\n|t:|1770847555\n|teamsize|p1|6\n|teamsize|p2|6\n|start\n|switch|p1a: Diancie|Diancie, L77|204/204\n|switch|p1b: Eternatus|Eternatus, L70|312/312\n|switch|p2a: Whiscash|Whiscash, L88, M|337/337\n|switch|p2b: Drifblim|Drifblim, L85, F|394/394\n|-ability|p1b: Eternatus|Pressure\n|turn|1\n|inactive|Battle timer is ON: inactive players will automatically lose when time's up. (requested by chi_chihuahuadog)\n|\n|t:|1770847584\n|switch|p1b: Altaria|Altaria, L91, F|284/284\n|move|p2b: Drifblim|Will-O-Wisp|p1a: Diancie\n|-status|p1a: Diancie|brn\n|move|p2a: Whiscash|Muddy Water|p1b: Altaria|[spread] p1a,p1b\n|-supereffective|p1a: Diancie\n|-resisted|p1b: Altaria\n|-damage|p1a: Diancie|114/204 brn\n|-damage|p1b: Altaria|260/284\n|-unboost|p1b: Altaria|accuracy|1\n|move|p1a: Diancie|Diamond Storm|p2b: Drifblim|[spread] p2a,p2b\n|-resisted|p2a: Whiscash\n|-supereffective|p2b: Drifblim\n|-damage|p2a: Whiscash|318/337\n|-damage|p2b: Drifblim|282/394\n|\n|-damage|p1a: Diancie|102/204 brn|[from] brn\n|upkeep\n|-enditem|p1a: Diancie|Sitrus Berry|[eat]\n|-heal|p1a: Diancie|153/204 brn|[from] item: Sitrus Berry\n|turn|2\n|inactive|chi_chihuahuadog has 120 seconds left.\n|inactive|chi_chihuahuadog has 90 seconds left.\n|\n|t:|1770847651\n|switch|p1b: Luvdisc|Luvdisc, M|248/248\n|switch|p2b: Corviknight|Corviknight, L80, M|288/288\n|switch|p1a: Eternatus|Eternatus, L70|312/312\n|-ability|p1a: Eternatus|Pressure\n|move|p2a: Whiscash|Muddy Water|p1b: Luvdisc|[spread] p1a\n|-miss|p2a: Whiscash|p1b: Luvdisc\n|-resisted|p1a: Eternatus\n|-damage|p1a: Eternatus|272/312\n|\n|-heal|p1a: Eternatus|291/312|[from] item: Leftovers\n|upkeep\n|turn|3\n|\n|t:|1770847669\n|move|p1b: Luvdisc|Icy Wind|p2b: Corviknight|[spread] p2a,p2b\n|-damage|p2a: Whiscash|293/337\n|-damage|p2b: Corviknight|264/288\n|-unboost|p2a: Whiscash|spe|1\n|-ability|p2b: Corviknight|Mirror Armor\n|-unboost|p1b: Luvdisc|spe|1\n|move|p1a: Eternatus|Cosmic Power|p1a: Eternatus\n|-boost|p1a: Eternatus|def|1\n|-boost|p1a: Eternatus|spd|1\n|move|p2b: Corviknight|Iron Defense|p2b: Corviknight\n|-boost|p2b: Corviknight|def|2\n|move|p2a: Whiscash|High Horsepower|p1a: Eternatus|[miss]\n|-miss|p2a: Whiscash|p1a: Eternatus\n|\n|-heal|p1a: Eternatus|310/312|[from] item: Leftovers\n|-heal|p2b: Corviknight|282/288|[from] item: Leftovers\n|upkeep\n|turn|4\n|inactive|chi_chihuahuadog has 120 seconds left.\n|\n|t:|1770847694\n|move|p1a: Eternatus|Flamethrower|p2b: Corviknight\n|-supereffective|p2b: Corviknight\n|-damage|p2b: Corviknight|152/288\n|move|p1b: Luvdisc|Hydro Pump|p2b: Corviknight\n|-damage|p2b: Corviknight|55/288\n|move|p2b: Corviknight|Iron Defense|p2b: Corviknight\n|-boost|p2b: Corviknight|def|2\n|move|p2a: Whiscash|High Horsepower|p1a: Eternatus\n|-supereffective|p1a: Eternatus\n|-damage|p1a: Eternatus|166/312\n|\n|-heal|p1a: Eternatus|185/312|[from] item: Leftovers\n|-heal|p2b: Corviknight|73/288|[from] item: Leftovers\n|upkeep\n|turn|5\n|\n|t:|1770847719\n|move|p1a: Eternatus|Cosmic Power|p1a: Eternatus\n|-boost|p1a: Eternatus|def|1\n|-boost|p1a: Eternatus|spd|1\n|move|p1b: Luvdisc|Hydro Pump|p2b: Corviknight|[miss]\n|-miss|p1b: Luvdisc|p2b: Corviknight\n|move|p2b: Corviknight|Tailwind|p2b: Corviknight\n|-sidestart|p2: Bestest73|move: Tailwind\n|move|p2a: Whiscash|High Horsepower|p1a: Eternatus\n|-supereffective|p1a: Eternatus\n|-damage|p1a: Eternatus|77/312\n|\n|-heal|p2b: Corviknight|91/288|[from] item: Leftovers\n|-heal|p1a: Eternatus|96/312|[from] item: Leftovers\n|upkeep\n|turn|6\n|\n|t:|1770847735\n|move|p2b: Corviknight|Body Press|p1a: Eternatus\n|-resisted|p1a: Eternatus\n|-damage|p1a: Eternatus|47/312\n|move|p1a: Eternatus|Recover|p1a: Eternatus\n|-heal|p1a: Eternatus|203/312\n|move|p2a: Whiscash|High Horsepower|p1a: Eternatus\n|-supereffective|p1a: Eternatus\n|-damage|p1a: Eternatus|105/312\n|move|p1b: Luvdisc|Charm|p2a: Whiscash\n|-unboost|p2a: Whiscash|atk|2\n|\n|-heal|p2b: Corviknight|109/288|[from] item: Leftovers\n|-heal|p1a: Eternatus|124/312|[from] item: Leftovers\n|upkeep\n|turn|7\n|\n|t:|1770847762\n|move|p2a: Whiscash|Helping Hand|p2b: Corviknight\n|-singleturn|p2b: Corviknight|Helping Hand|[of] p2a: Whiscash\n|move|p2b: Corviknight|Body Press|p1a: Eternatus\n|-resisted|p1a: Eternatus\n|-damage|p1a: Eternatus|58/312\n|move|p1a: Eternatus|Recover|p1a: Eternatus\n|-heal|p1a: Eternatus|214/312\n|move|p1b: Luvdisc|Hydro Pump|p2b: Corviknight|[miss]\n|-miss|p1b: Luvdisc|p2b: Corviknight\n|\n|-heal|p2b: Corviknight|127/288|[from] item: Leftovers\n|-heal|p1a: Eternatus|233/312|[from] item: Leftovers\n|upkeep\n|turn|8\n|\n|t:|1770847778\n|switch|p1b: Diancie|Diancie, L77|153/204 brn\n|move|p2b: Corviknight|Iron Defense|p2b: Corviknight\n|-boost|p2b: Corviknight|def|2\n|move|p1a: Eternatus|Flamethrower|p2b: Corviknight\n|-supereffective|p2b: Corviknight\n|-damage|p2b: Corviknight|0 fnt\n|faint|p2b: Corviknight\n|move|p2a: Whiscash|Muddy Water|p1b: Diancie|[spread] p1a\n|-miss|p2a: Whiscash|p1b: Diancie\n|-resisted|p1a: Eternatus\n|-damage|p1a: Eternatus|215/312\n|\n|-heal|p1a: Eternatus|234/312|[from] item: Leftovers\n|-damage|p1b: Diancie|141/204 brn|[from] brn\n|-sideend|p2: Bestest73|move: Tailwind\n|upkeep\n|\n|t:|1770847796\n|switch|p2b: Gouging Fire|Gouging Fire, L75|281/281\n|turn|9\n|\n|t:|1770847826\n|-terastallize|p2b: Gouging Fire|Fire\n|move|p1b: Diancie|Protect|p1b: Diancie\n|-singleturn|p1b: Diancie|Protect\n|move|p1a: Eternatus|Dynamax Cannon|p2b: Gouging Fire\n|-damage|p2b: Gouging Fire|163/281\n|move|p2b: Gouging Fire|Dragon Dance|p2b: Gouging Fire\n|-boost|p2b: Gouging Fire|atk|1\n|-boost|p2b: Gouging Fire|spe|1\n|move|p2a: Whiscash|Muddy Water|p1a: Eternatus|[spread] \n|-activate|p1b: Diancie|move: Protect\n|-miss|p2a: Whiscash|p1a: Eternatus\n|\n|-heal|p1a: Eternatus|253/312|[from] item: Leftovers\n|-damage|p1b: Diancie|129/204 brn|[from] brn\n|upkeep\n|turn|10\n|\n|t:|1770847849\n|move|p2a: Whiscash|Helping Hand|p2b: Gouging Fire\n|-singleturn|p2b: Gouging Fire|Helping Hand|[of] p2a: Whiscash\n|move|p2b: Gouging Fire|Dragon Claw|p1a: Eternatus\n|-supereffective|p1a: Eternatus\n|-damage|p1a: Eternatus|55/312\n|move|p1a: Eternatus|Dynamax Cannon|p2b: Gouging Fire\n|-damage|p2b: Gouging Fire|42/281\n|move|p1b: Diancie|Trick Room|p1b: Diancie\n|-fieldstart|move: Trick Room|[of] p1b: Diancie\n|\n|-heal|p1a: Eternatus|74/312|[from] item: Leftovers\n|-damage|p1b: Diancie|117/204 brn|[from] brn\n|upkeep\n|turn|11\n|\n|t:|1770847874\n|move|p1b: Diancie|Diamond Storm|p2b: Gouging Fire|[spread] p2a,p2b\n|-resisted|p2a: Whiscash\n|-supereffective|p2b: Gouging Fire\n|-damage|p2a: Whiscash|274/337\n|-damage|p2b: Gouging Fire|0 fnt\n|faint|p2b: Gouging Fire\n|-end|p2b: Gouging Fire|Protosynthesis|[silent]\n|move|p2a: Whiscash|Muddy Water|p1b: Diancie|[spread] p1a,p1b\n|-resisted|p1a: Eternatus\n|-supereffective|p1b: Diancie\n|-damage|p1a: Eternatus|57/312\n|-damage|p1b: Diancie|21/204 brn\n|-unboost|p1a: Eternatus|accuracy|1\n|move|p1a: Eternatus|Recover|p1a: Eternatus\n|-heal|p1a: Eternatus|213/312\n|\n|-heal|p1a: Eternatus|232/312|[from] item: Leftovers\n|-damage|p1b: Diancie|9/204 brn|[from] brn\n|upkeep\n|\n|t:|1770847885\n|switch|p2b: Dragapult|Dragapult, L79, F|269/269\n|turn|12\n|\n|t:|1770847900\n|move|p2a: Whiscash|Helping Hand|p2b: Dragapult\n|-singleturn|p2b: Dragapult|Helping Hand|[of] p2a: Whiscash\n|move|p1b: Diancie|Moonblast|p2b: Dragapult\n|-supereffective|p2b: Dragapult\n|-damage|p2b: Dragapult|47/269\n|move|p1a: Eternatus|Dynamax Cannon|p2b: Dragapult|[miss]\n|-miss|p1a: Eternatus|p2b: Dragapult\n|move|p2b: Dragapult|Dragon Claw|p1a: Eternatus\n|-supereffective|p1a: Eternatus\n|-damage|p1a: Eternatus|8/312\n|\n|-heal|p1a: Eternatus|27/312|[from] item: Leftovers\n|-damage|p1b: Diancie|0 fnt|[from] brn\n|faint|p1b: Diancie\n|upkeep\n|\n|t:|1770847915\n|switch|p1b: Altaria|Altaria, L91, F|260/284\n|turn|13\n|\n|t:|1770847925\n|switch|p2b: Drifblim|Drifblim, L85, F|282/394\n|move|p2a: Whiscash|Muddy Water|p1a: Eternatus|[spread] p1a,p1b\n|-resisted|p1a: Eternatus\n|-resisted|p1b: Altaria\n|-damage|p1a: Eternatus|8/312\n|-damage|p1b: Altaria|235/284\n|-unboost|p1a: Eternatus|accuracy|1\n|move|p1b: Altaria|Brave Bird|p2b: Drifblim\n|-damage|p2b: Drifblim|83/394\n|-enditem|p2b: Drifblim|Sitrus Berry|[eat]\n|-heal|p2b: Drifblim|181/394|[from] item: Sitrus Berry\n|-damage|p1b: Altaria|169/284|[from] Recoil\n|move|p1a: Eternatus|Recover|p1a: Eternatus\n|-heal|p1a: Eternatus|164/312\n|\n|-heal|p1a: Eternatus|183/312|[from] item: Leftovers\n|upkeep\n|turn|14\n|\n|t:|1770847944\n|move|p2a: Whiscash|Muddy Water|p1b: Altaria|[spread] p1a,p1b\n|-resisted|p1a: Eternatus\n|-resisted|p1b: Altaria\n|-damage|p1a: Eternatus|164/312\n|-damage|p1b: Altaria|142/284\n|-unboost|p1b: Altaria|accuracy|1\n|-enditem|p1b: Altaria|Sitrus Berry|[eat]\n|-heal|p1b: Altaria|213/284|[from] item: Sitrus Berry\n|move|p1b: Altaria|Brave Bird|p2a: Whiscash\n|-damage|p2a: Whiscash|147/337\n|-enditem|p2a: Whiscash|Sitrus Berry|[eat]\n|-heal|p2a: Whiscash|231/337|[from] item: Sitrus Berry\n|-damage|p1b: Altaria|171/284|[from] Recoil\n|move|p1a: Eternatus|Recover|p1a: Eternatus\n|-heal|p1a: Eternatus|312/312\n|move|p2b: Drifblim|Strength Sap|p1b: Altaria\n|-unboost|p1b: Altaria|atk|1\n|-heal|p2b: Drifblim|360/394\n|\n|-fieldend|move: Trick Room\n|upkeep\n|turn|15\n|\n|t:|1770847970\n|move|p2a: Whiscash|Helping Hand|p2b: Drifblim\n|-singleturn|p2b: Drifblim|Helping Hand|[of] p2a: Whiscash\n|move|p2b: Drifblim|Shadow Ball|p1b: Altaria\n|-damage|p1b: Altaria|74/284\n|move|p1a: Eternatus|Cosmic Power|p1a: Eternatus\n|-boost|p1a: Eternatus|def|1\n|-boost|p1a: Eternatus|spd|1\n|move|p1b: Altaria|Will-O-Wisp|p2a: Whiscash\n|-status|p2a: Whiscash|brn\n|\n|-damage|p2a: Whiscash|210/337 brn|[from] brn\n|upkeep\n|turn|16\n|\n|t:|1770847989\n|move|p1b: Altaria|Helping Hand|p1a: Eternatus\n|-singleturn|p1a: Eternatus|Helping Hand|[of] p1b: Altaria\n|move|p2a: Whiscash|Helping Hand|p2b: Drifblim\n|-singleturn|p2b: Drifblim|Helping Hand|[of] p2a: Whiscash\n|move|p2b: Drifblim|Shadow Ball|p1b: Altaria\n|-damage|p1b: Altaria|0 fnt\n|faint|p1b: Altaria\n|move|p1a: Eternatus|Dynamax Cannon|p2a: Whiscash|[miss]\n|-miss|p1a: Eternatus|p2a: Whiscash\n|\n|-damage|p2a: Whiscash|189/337 brn|[from] brn\n|upkeep\n|\n|t:|1770848008\n|switch|p1b: Glimmora|Glimmora, L77, M|254/254\n|turn|17\n|\n|t:|1770848021\n|move|p1b: Glimmora|Spiky Shield|p1b: Glimmora\n|-singleturn|p1b: Glimmora|move: Protect\n|move|p2b: Drifblim|Shadow Ball|p1b: Glimmora\n|-activate|p1b: Glimmora|move: Protect\n|move|p1a: Eternatus|Dynamax Cannon|p2a: Whiscash\n|-damage|p2a: Whiscash|80/337 brn\n|move|p2a: Whiscash|Muddy Water|p1a: Eternatus|[spread] p1a\n|-activate|p1b: Glimmora|move: Protect\n|-resisted|p1a: Eternatus\n|-damage|p1a: Eternatus|299/312\n|-unboost|p1a: Eternatus|accuracy|1\n|\n|-heal|p1a: Eternatus|312/312|[from] item: Leftovers\n|-damage|p2a: Whiscash|59/337 brn|[from] brn\n|upkeep\n|turn|18\n|\n|t:|1770848046\n|move|p2a: Whiscash|Helping Hand|p2b: Drifblim\n|-singleturn|p2b: Drifblim|Helping Hand|[of] p2a: Whiscash\n|move|p2b: Drifblim|Shadow Ball|p1b: Glimmora\n|-damage|p1b: Glimmora|113/254\n|-unboost|p1b: Glimmora|spd|1\n|-enditem|p1b: Glimmora|Sitrus Berry|[eat]\n|-heal|p1b: Glimmora|176/254|[from] item: Sitrus Berry\n|move|p1a: Eternatus|Dynamax Cannon|p2b: Drifblim|[miss]\n|-miss|p1a: Eternatus|p2b: Drifblim\n|move|p1b: Glimmora|Sludge Bomb|p2a: Whiscash\n|-resisted|p2a: Whiscash\n|-damage|p2a: Whiscash|0 fnt\n|faint|p2a: Whiscash\n|\n|upkeep\n|inactive|Bestest73 has 120 seconds left.\n|\n|t:|1770848067\n|switch|p2a: Leafeon|Leafeon, L90, M|263/263\n|turn|19\n|l|☆Bestest73\n|inactive|Bestest73 disconnected and has a minute to reconnect!\n|player|p2|\n|j|☆Bestest73\n|inactive|Bestest73 reconnected and has 115 seconds left.\n|player|p2|Bestest73|doctor|\n|\n|t:|1770848106\n|switch|p1b: Luvdisc|Luvdisc, M|248/248\n|move|p2b: Drifblim|Shadow Ball|p1b: Luvdisc\n|-damage|p1b: Luvdisc|155/248\n|move|p1a: Eternatus|Flamethrower|p2a: Leafeon|[miss]\n|-miss|p1a: Eternatus|p2a: Leafeon\n|move|p2a: Leafeon|Swords Dance|p2a: Leafeon\n|-boost|p2a: Leafeon|atk|2\n|\n|upkeep\n|turn|20\n|\n|t:|1770848119\n|move|p2b: Drifblim|Tailwind|p2b: Drifblim\n|-sidestart|p2: Bestest73|move: Tailwind\n|move|p2a: Leafeon|Leaf Blade|p1b: Luvdisc\n|-supereffective|p1b: Luvdisc\n|-damage|p1b: Luvdisc|0 fnt\n|faint|p1b: Luvdisc\n|-damage|p2a: Leafeon|237/263|[from] item: Life Orb\n|move|p1a: Eternatus|Flamethrower|p2a: Leafeon\n|-supereffective|p2a: Leafeon\n|-damage|p2a: Leafeon|77/263\n|\n|upkeep\n|\n|t:|1770848126\n|switch|p1b: Staraptor|Staraptor, L82, F|274/274\n|-ability|p1b: Staraptor|Intimidate|boost\n|-unboost|p2a: Leafeon|atk|1\n|-unboost|p2b: Drifblim|atk|1\n|turn|21\n|\n|t:|1770848136\n|move|p1b: Staraptor|Protect|p1b: Staraptor\n|-singleturn|p1b: Staraptor|Protect\n|move|p2b: Drifblim|Will-O-Wisp|p1b: Staraptor\n|-activate|p1b: Staraptor|move: Protect\n|move|p2a: Leafeon|Synthesis|p2a: Leafeon\n|-heal|p2a: Leafeon|208/263\n|move|p1a: Eternatus|Flamethrower|p2a: Leafeon\n|-supereffective|p2a: Leafeon\n|-damage|p2a: Leafeon|56/263\n|-status|p2a: Leafeon|brn\n|\n|-damage|p2a: Leafeon|40/263 brn|[from] brn\n|upkeep\n|turn|22\n|\n|t:|1770848156\n|move|p1b: Staraptor|Quick Attack|p2a: Leafeon\n|-damage|p2a: Leafeon|0 fnt\n|faint|p2a: Leafeon\n|-damage|p1b: Staraptor|247/274|[from] item: Life Orb\n|move|p2b: Drifblim|Will-O-Wisp|p1b: Staraptor\n|-status|p1b: Staraptor|brn\n|move|p1a: Eternatus|Dynamax Cannon|p2b: Drifblim\n|-damage|p2b: Drifblim|203/394\n|\n|-damage|p1b: Staraptor|230/274 brn|[from] brn\n|upkeep\n|\n|t:|1770848160\n|switch|p2a: Dragapult|Dragapult, L79, F|47/269\n|turn|23\n|\n|t:|1770848170\n|move|p2b: Drifblim|Strength Sap|p1b: Staraptor\n|-unboost|p1b: Staraptor|atk|1\n|-heal|p2b: Drifblim|394/394\n|move|p2a: Dragapult|Dragon Claw|p1b: Staraptor\n|-damage|p1b: Staraptor|80/274 brn\n|move|p1a: Eternatus|Dynamax Cannon|p2b: Drifblim|[miss]\n|-miss|p1a: Eternatus|p2b: Drifblim\n|move|p1b: Staraptor|Brave Bird|p2a: Dragapult\n|-damage|p2a: Dragapult|0 fnt\n|faint|p2a: Dragapult\n|-damage|p1b: Staraptor|64/274 brn|[from] Recoil\n|-damage|p1b: Staraptor|37/274 brn|[from] item: Life Orb\n|\n|-damage|p1b: Staraptor|20/274 brn|[from] brn\n|-sideend|p2: Bestest73|move: Tailwind\n|upkeep\n|turn|24\n|\n|t:|1770848185\n|move|p2b: Drifblim|Shadow Ball|p1a: Eternatus\n|-damage|p1a: Eternatus|276/312\n|move|p1a: Eternatus|Flamethrower|p2b: Drifblim|[miss]\n|-miss|p1a: Eternatus|p2b: Drifblim\n|move|p1b: Staraptor|Brave Bird|p2b: Drifblim\n|-damage|p2b: Drifblim|294/394\n|-damage|p1b: Staraptor|0 fnt|[from] Recoil\n|faint|p1b: Staraptor\n|\n|-heal|p1a: Eternatus|295/312|[from] item: Leftovers\n|upkeep\n|\n|t:|1770848194\n|switch|p1b: Glimmora|Glimmora, L77, M|176/254\n|turn|25\n|\n|t:|1770848201\n|move|p2b: Drifblim|Shadow Ball|p1b: Glimmora\n|-damage|p1b: Glimmora|82/254\n|move|p1a: Eternatus|Flamethrower|p2b: Drifblim\n|-damage|p2b: Drifblim|213/394\n|move|p1b: Glimmora|Power Gem|p2b: Drifblim\n|-supereffective|p2b: Drifblim\n|-damage|p2b: Drifblim|0 fnt\n|faint|p2b: Drifblim\n|\n|win|chi_chihuahuadog\n|raw|chi_chihuahuadog's rating: 1536 &rarr; <strong>1557</strong><br />(+21 for winning)\n|raw|Bestest73's rating: 1557 &rarr; <strong>1536</strong><br />(-21 for losing)\n|l|☆Bestest73\n|player|p2|\n|c|☆chi_chihuahuadog|GG\n", "inputlog": ">version ccdc32dd7cde25fd9e4bed64820e885f66e78a4e\n>start {\"formatid\":\"gen9randomdoublesbattle\",\"seed\":\"sodium,1d99085458c9a459362fad9bb415bec9\",\"rated\":\"Rated battle\"}\n>player p1 {\"name\":\"chi_chihuahuadog\",\"avatar\":\"266\",\"rating\":1536,\"seed\":\"sodium,d9bf594f09e830f56748a923d07dfa88\"}\n>player p2 {\"name\":\"Bestest73\",\"avatar\":\"doctor\",\"rating\":1557,\"seed\":\"sodium,0cfcbb46e664f7f31f3db1bca0c57c76\"}\n>p1 move diamondstorm, switch 5\n>p2 move muddywater, move willowisp +1\n>p1 switch 5, switch 6\n>p2 move muddywater, switch 3\n>p1 move cosmicpower, move icywind\n>p2 move highhorsepower +1, move irondefense\n>p1 move flamethrower +2, move hydropump +2\n>p2 move highhorsepower +1, move irondefense\n>p1 move cosmicpower, move hydropump +2\n>p2 move highhorsepower +1, move tailwind\n>p1 move recover, move charm +1\n>p2 move highhorsepower +1, move bodypress +1\n>p1 move recover, move hydropump +2\n>p2 move helpinghand -2, move bodypress +1\n>p1 move flamethrower +2, switch 5\n>p2 move muddywater, move irondefense\n>p2 pass, switch 5\n>p1 move dynamaxcannon +2, move protect\n>p2 move muddywater, move dragondance terastallize\n>p1 move dynamaxcannon +2, move trickroom\n>p2 move helpinghand -2, move dragonclaw +1\n>p1 move recover, move diamondstorm\n>p2 move muddywater, move dragonclaw +1\n>p2 pass, switch 6\n>p1 move dynamaxcannon +2, move moonblast +2\n>p2 move helpinghand -2, move dragonclaw +1\n>p1 pass, switch 6\n>p1 move recover, move bravebird +2\n>p2 move muddywater, switch 3\n>p1 move recover, move bravebird +1\n>p2 move muddywater, move strengthsap +2\n>p1 move cosmicpower, move willowisp +1\n>p2 move helpinghand -2, move shadowball +2\n>p1 move dynamaxcannon +1, move helpinghand -1\n>p2 move helpinghand -2, move shadowball +2\n>p1 pass, switch 4\n>p1 move dynamaxcannon +1, move spikyshield\n>p2 move muddywater, move shadowball +2\n>p1 move dynamaxcannon +2, move sludgebomb +1\n>p2 move helpinghand -2, move shadowball +2\n>p2 switch 4, pass\n>p1 move flamethrower +1, switch 5\n>p2 move swordsdance, move shadowball +2\n>p1 move flamethrower +1, move icywind\n>p2 move leafblade +2, move tailwind\n>p1 pass, switch 3\n>p1 move flamethrower +1, move protect\n>p2 move synthesis, move willowisp +2\n>p1 move dynamaxcannon +2, move quickattack +1\n>p2 move synthesis, move willowisp +2\n>p2 switch 3, pass\n>p1 move dynamaxcannon +2, move bravebird +1\n>p2 move dragonclaw +2, move strengthsap +2\n>p1 move flamethrower +2, move bravebird +2\n>p2 pass, move shadowball +1\n>p1 pass, switch 5\n>p1 move flamethrower +2, move powergem +2\n>p2 pass, move shadowball +2", "uploadtime": 1770848216, "views": 70, "formatid": "gen9randomdoublesbattle", "rating": 1536, "private": 0, "password": null}