{"id": "gen9randomdoublesbattle-2535861236", "format": "[Gen 9] Random Doubles Battle", "players": ["trrzno3", "baseballlover"], "log": "|j|☆trrzno3\n|j|☆baseballlover\n|t:|1770622223\n|gametype|doubles\n|player|p1|trrzno3|1|1481\n|player|p2|baseballlover|2|1534\n|gen|9\n|tier|[Gen 9] Random Doubles Battle\n|rated|\n|rule|Species Clause: Limit one of each Pokémon\n|rule|HP Percentage Mod: HP is shown in percentages\n|rule|Illusion Level Mod: Illusion disguises the Pokémon's true level\n|rule|Sleep Clause Mod: Limit one foe put to sleep\n|\n|t:|1770622223\n|teamsize|p1|6\n|teamsize|p2|6\n|start\n|switch|p1a: Thundurus|Thundurus-Therian, L78, M|251/251\n|switch|p1b: Hypno|Hypno, L95, M|315/315\n|switch|p2a: Ambipom|Ambipom, L87, F|272/272\n|switch|p2b: Ogerpon|Ogerpon, L78, F|253/253\n|turn|1\n|inactive|Battle timer is ON: inactive players will automatically lose when time's up. (requested by baseballlover)\n|inactive|baseballlover has 120 seconds left.\n|inactive|baseballlover has 90 seconds left.\n|\n|t:|1770622290\n|switch|p2b: Greedent|Greedent, L86, M|347/347\n|move|p2a: Ambipom|Fake Out|p1b: Hypno\n|-damage|p1b: Hypno|234/315\n|move|p1a: Thundurus|Sludge Bomb|p2b: Greedent\n|-damage|p2b: Greedent|243/347\n|-damage|p1a: Thundurus|226/251|[from] item: Life Orb\n|move|p1b: Hypno|Low Sweep|p2a: Ambipom\n|-supereffective|p2a: Ambipom\n|-damage|p2a: Ambipom|164/272\n|-unboost|p2a: Ambipom|spe|1\n|\n|upkeep\n|turn|2\n|inactive|baseballlover has 120 seconds left.\n|\n|t:|1770622322\n|move|p1a: Thundurus|Wildbolt Storm|p2a: Ambipom|[spread] p2a\n|-miss|p1a: Thundurus|p2b: Greedent\n|-damage|p2a: Ambipom|24/272\n|-damage|p1a: Thundurus|201/251|[from] item: Life Orb\n|move|p1b: Hypno|Low Sweep|p2b: Greedent\n|-supereffective|p2b: Greedent\n|-damage|p2b: Greedent|153/347\n|-unboost|p2b: Greedent|spe|1\n|-enditem|p2b: Greedent|Sitrus Berry|[eat]\n|-heal|p2b: Greedent|239/347|[from] item: Sitrus Berry\n|-heal|p2b: Greedent|347/347|[from] ability: Cheek Pouch\n|move|p2a: Ambipom|Double-Edge|p1b: Hypno\n|-damage|p1b: Hypno|74/315\n|-enditem|p1b: Hypno|Sitrus Berry|[eat]\n|-heal|p1b: Hypno|152/315|[from] item: Sitrus Berry\n|-damage|p2a: Ambipom|0 fnt|[from] Recoil\n|faint|p2a: Ambipom\n|move|p2b: Greedent|Swords Dance|p2b: Greedent\n|-boost|p2b: Greedent|atk|2\n|\n|upkeep\n|inactive|baseballlover has 120 seconds left.\n|\n|t:|1770622356\n|switch|p2a: Ogerpon|Ogerpon, L78, F|253/253\n|turn|3\n|inactive|baseballlover has 90 seconds left.\n|\n|t:|1770622397\n|move|p2a: Ogerpon|Ivy Cudgel|p1b: Hypno\n|-damage|p1b: Hypno|0 fnt\n|faint|p1b: Hypno\n|-damage|p2a: Ogerpon|228/253|[from] item: Life Orb\n|move|p1a: Thundurus|Sludge Bomb|p2a: Ogerpon\n|-supereffective|p2a: Ogerpon\n|-damage|p2a: Ogerpon|12/253\n|-damage|p1a: Thundurus|176/251|[from] item: Life Orb\n|move|p2b: Greedent|Double-Edge|p1a: Thundurus\n|-damage|p1a: Thundurus|0 fnt\n|faint|p1a: Thundurus\n|-damage|p2b: Greedent|289/347|[from] Recoil\n|\n|upkeep\n|inactive|trrzno3 has 120 seconds left.\n|\n|t:|1770622431\n|switch|p1a: Yanmega|Yanmega, L84, F|282/282\n|switch|p1b: Iron Thorns|Iron Thorns, L82|298/298\n|turn|4\n|\n|t:|1770622445\n|-terastallize|p1b: Iron Thorns|Grass\n|move|p2a: Ogerpon|Superpower|p1b: Iron Thorns\n|-damage|p1b: Iron Thorns|198/298\n|-unboost|p2a: Ogerpon|atk|1\n|-unboost|p2a: Ogerpon|def|1\n|-damage|p2a: Ogerpon|0 fnt|[from] item: Life Orb\n|faint|p2a: Ogerpon\n|move|p1a: Yanmega|Air Slash|p2b: Greedent\n|-crit|p2b: Greedent\n|-damage|p2b: Greedent|98/347\n|-damage|p1a: Yanmega|254/282|[from] item: Life Orb\n|move|p1b: Iron Thorns|Dragon Dance|p1b: Iron Thorns\n|-boost|p1b: Iron Thorns|atk|1\n|-boost|p1b: Iron Thorns|spe|1\n|cant|p2b: Greedent|flinch\n|\n|-ability|p1a: Yanmega|Speed Boost|boost\n|-boost|p1a: Yanmega|spe|1\n|upkeep\n|inactive|baseballlover has 90 seconds left.\n|\n|t:|1770622463\n|switch|p2a: Minior|Minior-Indigo, L83|232/232\n|-formechange|p2a: Minior|Minior-Meteor||[from] ability: Shields Down\n|turn|5\n|\n|t:|1770622477\n|move|p1a: Yanmega|Air Slash|p2b: Greedent\n|-damage|p2b: Greedent|0 fnt\n|faint|p2b: Greedent\n|-damage|p1a: Yanmega|226/282|[from] item: Life Orb\n|move|p1b: Iron Thorns|Rock Slide|p2a: Minior\n|-supereffective|p2a: Minior\n|-damage|p2a: Minior|0 fnt\n|faint|p2a: Minior\n|\n|-ability|p1a: Yanmega|Speed Boost|boost\n|-boost|p1a: Yanmega|spe|1\n|upkeep\n|\n|t:|1770622497\n|switch|p2a: Cloyster|Cloyster, L87, F|229/229\n|switch|p2b: Lumineon|Lumineon, L92, F|276/276\n|turn|6\n|inactive|baseballlover has 120 seconds left.\n|\n|t:|1770622517\n|-terastallize|p2a: Cloyster|Fire\n|move|p1a: Yanmega|Bug Buzz|p2b: Lumineon\n|-damage|p2b: Lumineon|143/276\n|-damage|p1a: Yanmega|198/282|[from] item: Life Orb\n|move|p1b: Iron Thorns|Rock Slide|p2b: Lumineon|[spread] p2a,p2b\n|-supereffective|p2a: Cloyster\n|-damage|p2a: Cloyster|107/229\n|-damage|p2b: Lumineon|29/276\n|-enditem|p2b: Lumineon|Sitrus Berry|[eat]\n|-heal|p2b: Lumineon|98/276|[from] item: Sitrus Berry\n|cant|p2b: Lumineon|flinch\n|move|p2a: Cloyster|Shell Smash|p2a: Cloyster\n|-unboost|p2a: Cloyster|def|1\n|-unboost|p2a: Cloyster|spd|1\n|-boost|p2a: Cloyster|atk|2\n|-boost|p2a: Cloyster|spa|2\n|-boost|p2a: Cloyster|spe|2\n|-enditem|p2a: Cloyster|White Herb\n|-clearnegativeboost|p2a: Cloyster|[silent]\n|\n|-ability|p1a: Yanmega|Speed Boost|boost\n|-boost|p1a: Yanmega|spe|1\n|upkeep\n|turn|7\n|inactive|baseballlover has 120 seconds left.\n|\n|t:|1770622544\n|move|p1a: Yanmega|Bug Buzz|p2a: Cloyster\n|-resisted|p2a: Cloyster\n|-damage|p2a: Cloyster|4/229\n|-damage|p1a: Yanmega|170/282|[from] item: Life Orb\n|move|p2a: Cloyster|Icicle Spear|p1b: Iron Thorns\n|-supereffective|p1b: Iron Thorns\n|-damage|p1b: Iron Thorns|100/298\n|-supereffective|p1b: Iron Thorns\n|-damage|p1b: Iron Thorns|14/298\n|-supereffective|p1b: Iron Thorns\n|-damage|p1b: Iron Thorns|0 fnt\n|faint|p1b: Iron Thorns\n|-end|p1b: Iron Thorns|Quark Drive|[silent]\n|-hitcount|p1: Iron Thorns|3\n|move|p2b: Lumineon|Tailwind|p2b: Lumineon\n|-sidestart|p2: baseballlover|move: Tailwind\n|\n|-ability|p1a: Yanmega|Speed Boost|boost\n|-boost|p1a: Yanmega|spe|1\n|upkeep\n|\n|t:|1770622552\n|switch|p1b: Empoleon|Empoleon, L83, F|275/275\n|turn|8\n|\n|t:|1770622570\n|move|p2a: Cloyster|Icicle Spear|p1a: Yanmega\n|-supereffective|p1a: Yanmega\n|-damage|p1a: Yanmega|50/282\n|-supereffective|p1a: Yanmega\n|-damage|p1a: Yanmega|0 fnt\n|faint|p1a: Yanmega\n|-hitcount|p1: Yanmega|2\n|move|p2b: Lumineon|Hydro Pump|p1b: Empoleon\n|-resisted|p1b: Empoleon\n|-damage|p1b: Empoleon|226/275\n|move|p1b: Empoleon|Icy Wind|p2a: Cloyster|[spread] p2a,p2b\n|-resisted|p2a: Cloyster\n|-resisted|p2b: Lumineon\n|-damage|p2a: Cloyster|0 fnt\n|-damage|p2b: Lumineon|82/276\n|-unboost|p2b: Lumineon|spe|1\n|faint|p2a: Cloyster\n|\n|upkeep\n|\n|t:|1770622573\n|switch|p1a: Necrozma|Necrozma-Dawn-Wings, L74|266/266\n|turn|9\n|inactive|baseballlover has 120 seconds left.\n|\n|t:|1770622607\n|move|p2b: Lumineon|Hydro Pump|p1a: Necrozma\n|-damage|p1a: Necrozma|172/266\n|move|p1b: Empoleon|Icy Wind|p2b: Lumineon\n|-resisted|p2b: Lumineon\n|-damage|p2b: Lumineon|64/276\n|-unboost|p2b: Lumineon|spe|1\n|move|p1a: Necrozma|Moongeist Beam|p2b: Lumineon\n|-damage|p2b: Lumineon|0 fnt\n|faint|p2b: Lumineon\n|\n|win|trrzno3\n|raw|trrzno3's rating: 1481 &rarr; <strong>1504</strong><br />(+23 for winning)\n|raw|baseballlover's rating: 1534 &rarr; <strong>1511</strong><br />(-23 for losing)\n", "inputlog": ">version ccdc32dd7cde25fd9e4bed64820e885f66e78a4e\n>start {\"formatid\":\"gen9randomdoublesbattle\",\"seed\":\"sodium,332abf0f0d2b994f3bc7bd00cae906be\",\"rated\":\"Rated battle\"}\n>player p1 {\"name\":\"trrzno3\",\"avatar\":\"1\",\"rating\":1481,\"seed\":\"sodium,971cd4cf7690b8fbb6d41f942e0852a5\"}\n>player p2 {\"name\":\"baseballlover\",\"avatar\":\"2\",\"rating\":1534,\"seed\":\"sodium,f64b63adae02861777ad7a2fb812d747\"}\n>p1 move sludgebomb +2, move lowsweep +1\n>p2 move fakeout +2, switch 4\n>p1 move wildboltstorm, move lowsweep +2\n>p2 move doubleedge +2, move swordsdance\n>p2 switch 4, pass\n>p1 move sludgebomb +1, move lowsweep +2\n>p2 move ivycudgel +2, move doubleedge +1\n>p1 switch 3, switch 5\n>p1 move airslash +1, move dragondance terastallize\n>p2 move superpower +2, move doubleedge +1\n>p2 switch 3, pass\n>p1 move airslash +2, move rockslide\n>p2 move shellsmash, move doubleedge +1\n>p2 switch 5, switch 6\n>p1 move bugbuzz +2, move rockslide\n>p2 move shellsmash terastallize, move hydropump +1\n>p1 move bugbuzz +1, move wildcharge +2\n>p2 move iciclespear +2, move tailwind\n>p1 pass, switch 4\n>p1 move airslash +1, move icywind\n>p2 move iciclespear +1, move hydropump +2\n>p1 switch 6, pass\n>p1 move moongeistbeam +2, move icywind\n>p2 pass, move hydropump +1", "uploadtime": 1770622607, "views": 70, "formatid": "gen9randomdoublesbattle", "rating": 1504, "private": 0, "password": null}