{"id": "gen9randomdoublesbattle-2536261060", "format": "[Gen 9] Random Doubles Battle", "players": ["PiratesLifee", "pinko23"], "log": "|j|☆PiratesLifee\n|j|☆pinko23\n|t:|1770668839\n|gametype|doubles\n|player|p1|PiratesLifee|gardenia-masters|1488\n|player|p2|pinko23|169|1591\n|gen|9\n|tier|[Gen 9] Random Doubles Battle\n|rated|\n|rule|Species Clause: Limit one of each Pokémon\n|rule|HP Percentage Mod: HP is shown in percentages\n|rule|Illusion Level Mod: Illusion disguises the Pokémon's true level\n|rule|Sleep Clause Mod: Limit one foe put to sleep\n|\n|t:|1770668839\n|teamsize|p1|6\n|teamsize|p2|6\n|start\n|switch|p1a: Scovillain|Scovillain, L90, M|263/263\n|switch|p1b: Suicune|Suicune, L79|288/288\n|switch|p2a: Grumpig|Grumpig, L91, M|293/293\n|switch|p2b: Zekrom|Zekrom, L74|270/270\n|-ability|p2b: Zekrom|Teravolt\n|turn|1\n|inactive|Battle timer is ON: inactive players will automatically lose when time's up. (requested by pinko23)\n|\n|t:|1770668860\n|move|p1a: Scovillain|Protect|p1a: Scovillain\n|-singleturn|p1a: Scovillain|Protect\n|move|p2a: Grumpig|Nasty Plot|p2a: Grumpig\n|-boost|p2a: Grumpig|spa|2\n|move|p1b: Suicune|Tailwind|p1b: Suicune\n|-sidestart|p1: PiratesLifee|move: Tailwind\n|move|p2b: Zekrom|Dragon Dance|p2b: Zekrom\n|-boost|p2b: Zekrom|atk|1\n|-boost|p2b: Zekrom|spe|1\n|\n|upkeep\n|turn|2\n|\n|t:|1770668876\n|move|p1a: Scovillain|Rage Powder|p1a: Scovillain\n|-singleturn|p1a: Scovillain|move: Rage Powder\n|move|p1b: Suicune|Ice Beam|p2b: Zekrom\n|-supereffective|p2b: Zekrom\n|-damage|p2b: Zekrom|162/270\n|-status|p2b: Zekrom|frz\n|cant|p2b: Zekrom|frz\n|move|p2a: Grumpig|Psychic|p1a: Scovillain\n|-damage|p1a: Scovillain|0 fnt\n|faint|p1a: Scovillain\n|-damage|p2a: Grumpig|264/293|[from] item: Life Orb\n|\n|upkeep\n|\n|t:|1770668889\n|switch|p1a: Farigiraf|Farigiraf, L84, M|339/339\n|turn|3\n|\n|t:|1770668899\n|move|p1b: Suicune|Snarl|p2b: Zekrom|[spread] p2a,p2b\n|-supereffective|p2a: Grumpig\n|-damage|p2a: Grumpig|222/293\n|-damage|p2b: Zekrom|138/270 frz\n|-unboost|p2a: Grumpig|spa|1\n|cant|p2b: Zekrom|frz\n|move|p2a: Grumpig|Psychic|p1b: Suicune\n|-damage|p1b: Suicune|100/288\n|-enditem|p1b: Suicune|Sitrus Berry|[eat]\n|-heal|p1b: Suicune|172/288|[from] item: Sitrus Berry\n|-damage|p2a: Grumpig|193/293|[from] item: Life Orb\n|move|p1a: Farigiraf|Trick Room|p1a: Farigiraf\n|-fieldstart|move: Trick Room|[of] p1a: Farigiraf\n|\n|upkeep\n|turn|4\n|\n|t:|1770668921\n|move|p2a: Grumpig|Psychic|p1b: Suicune\n|-damage|p1b: Suicune|0 fnt\n|faint|p1b: Suicune\n|-damage|p2a: Grumpig|164/293|[from] item: Life Orb\n|move|p1a: Farigiraf|Hyper Voice|p2a: Grumpig|[spread] p2a,p2b\n|-damage|p2a: Grumpig|86/293\n|-damage|p2b: Zekrom|31/270 frz\n|-damage|p1a: Farigiraf|306/339|[from] item: Life Orb\n|cant|p2b: Zekrom|frz\n|\n|-sideend|p1: PiratesLifee|move: Tailwind\n|upkeep\n|\n|t:|1770668927\n|switch|p1b: Dondozo|Dondozo, L85, M|394/394\n|turn|5\n|\n|t:|1770668950\n|switch|p2b: Ninetales|Ninetales-Alola, L75, M|233/233\n|-weather|Snowscape|[from] ability: Snow Warning|[of] p2b: Ninetales\n|move|p1a: Farigiraf|Hyper Voice|p2b: Ninetales|[spread] p2a,p2b\n|-damage|p2a: Grumpig|0 fnt\n|-damage|p2b: Ninetales|130/233\n|faint|p2a: Grumpig\n|-damage|p1a: Farigiraf|273/339|[from] item: Life Orb\n|move|p1b: Dondozo|Body Press|p2b: Ninetales\n|-damage|p2b: Ninetales|73/233\n|\n|-weather|Snowscape|[upkeep]\n|upkeep\n|\n|t:|1770668958\n|switch|p2a: Golurk|Golurk, L86|293/293\n|turn|6\n|\n|t:|1770668976\n|move|p2b: Ninetales|Protect|p2b: Ninetales\n|-singleturn|p2b: Ninetales|Protect\n|move|p1a: Farigiraf|Hyper Voice|p2b: Ninetales|[spread] \n|-activate|p2b: Ninetales|move: Protect\n|-immune|p2a: Golurk\n|move|p1b: Dondozo|Wave Crash|p2a: Golurk\n|-supereffective|p2a: Golurk\n|-damage|p2a: Golurk|27/293\n|-damage|p1b: Dondozo|306/394|[from] Recoil\n|move|p2a: Golurk|Poltergeist|p1b: Dondozo\n|-activate|p1b: Dondozo|move: Poltergeist|Assault Vest\n|-damage|p1b: Dondozo|185/394\n|\n|-weather|Snowscape|[upkeep]\n|upkeep\n|turn|7\n|\n|t:|1770669005\n|switch|p2a: Toxicroak|Toxicroak, L85, F|280/280\n|switch|p2b: Zekrom|Zekrom, L74|31/270 frz\n|-ability|p2b: Zekrom|Teravolt\n|move|p1a: Farigiraf|Psychic|p2a: Toxicroak\n|-supereffective|p2a: Toxicroak\n|-damage|p2a: Toxicroak|0 fnt\n|faint|p2a: Toxicroak\n|-damage|p1a: Farigiraf|240/339|[from] item: Life Orb\n|move|p1b: Dondozo|Heavy Slam|p2b: Zekrom\n|-resisted|p2b: Zekrom\n|-damage|p2b: Zekrom|17/270 frz\n|\n|-weather|Snowscape|[upkeep]\n|-fieldend|move: Trick Room\n|upkeep\n|inactive|pinko23 has 120 seconds left.\n|\n|t:|1770669031\n|switch|p2a: Golurk|Golurk, L86|27/293\n|turn|8\n|\n|t:|1770669043\n|cant|p2b: Zekrom|frz\n|move|p2a: Golurk|Dynamic Punch|p1a: Farigiraf\n|-damage|p1a: Farigiraf|131/339\n|-start|p1a: Farigiraf|confusion\n|-activate|p1a: Farigiraf|confusion\n|move|p1a: Farigiraf|Psychic|p2a: Golurk\n|-damage|p2a: Golurk|0 fnt\n|faint|p2a: Golurk\n|-damage|p1a: Farigiraf|98/339|[from] item: Life Orb\n|move|p1b: Dondozo|Avalanche|p2b: Zekrom\n|-supereffective|p2b: Zekrom\n|-damage|p2b: Zekrom|0 fnt\n|faint|p2b: Zekrom\n|\n|-weather|Snowscape|[upkeep]\n|upkeep\n|inactive|pinko23 has 120 seconds left.\n|\n|t:|1770669063\n|switch|p2b: Tatsugiri|Tatsugiri, L84, F|251/251\n|switch|p2a: Ninetales|Ninetales-Alola, L75, M|73/233\n|turn|9\n|\n|t:|1770669074\n|-activate|p1a: Farigiraf|confusion\n|move|p1a: Farigiraf|Protect|p1a: Farigiraf\n|-singleturn|p1a: Farigiraf|Protect\n|move|p2a: Ninetales|Aurora Veil|p2a: Ninetales\n|-sidestart|p2: pinko23|move: Aurora Veil\n|move|p2b: Tatsugiri|Muddy Water|p1b: Dondozo|[spread] \n|-activate|p1a: Farigiraf|move: Protect\n|-miss|p2b: Tatsugiri|p1b: Dondozo\n|move|p1b: Dondozo|Heavy Slam|p2a: Ninetales\n|-supereffective|p2a: Ninetales\n|-damage|p2a: Ninetales|0 fnt\n|faint|p2a: Ninetales\n|\n|-weather|none\n|upkeep\n|turn|10\n|\n|t:|1770669099\n|move|p2b: Tatsugiri|Muddy Water|p1a: Farigiraf|[spread] p1a,p1b\n|-resisted|p1b: Dondozo\n|-damage|p1a: Farigiraf|2/339\n|-damage|p1b: Dondozo|152/394\n|-unboost|p1b: Dondozo|accuracy|1\n|move|p1b: Dondozo|Body Press|p2b: Tatsugiri\n|-damage|p2b: Tatsugiri|195/251\n|-activate|p1a: Farigiraf|confusion\n|move|p1a: Farigiraf|Psychic|p2b: Tatsugiri\n|-damage|p2b: Tatsugiri|140/251\n|-damage|p1a: Farigiraf|0 fnt|[from] item: Life Orb\n|faint|p1a: Farigiraf\n|\n|upkeep\n|inactive|PiratesLifee has 120 seconds left.\n|\n|t:|1770669109\n|switch|p1a: Flamigo|Flamigo, L84, F|275/275\n|turn|11\n|\n|t:|1770669118\n|move|p1a: Flamigo|Brave Bird|p2b: Tatsugiri\n|-damage|p2b: Tatsugiri|0 fnt\n|faint|p2b: Tatsugiri\n|-damage|p1a: Flamigo|229/275|[from] Recoil\n|\n|win|PiratesLifee\n|raw|PiratesLifee's rating: 1488 &rarr; <strong>1514</strong><br />(+26 for winning)\n|raw|pinko23's rating: 1591 &rarr; <strong>1565</strong><br />(-26 for losing)\n|l|☆pinko23\n|player|p2|\n|c|☆PiratesLifee|gg\n", "inputlog": ">version ccdc32dd7cde25fd9e4bed64820e885f66e78a4e\n>start {\"formatid\":\"gen9randomdoublesbattle\",\"seed\":\"sodium,e41b46d09b5fce64c66ab02a119f7eed\",\"rated\":\"Rated battle\"}\n>player p1 {\"name\":\"PiratesLifee\",\"avatar\":\"gardenia-masters\",\"rating\":1488,\"seed\":\"sodium,78a324ce990000803667b5f24868febb\"}\n>player p2 {\"name\":\"pinko23\",\"avatar\":\"169\",\"rating\":1591,\"seed\":\"sodium,cf72b780be7f3b5c2698ac301d7a172e\"}\n>p1 move protect, move tailwind\n>p2 move nastyplot, move dragondance\n>p1 move ragepowder, move icebeam +2\n>p2 move psychic +1, move boltstrike +2\n>p1 switch 6, pass\n>p1 move trickroom, move snarl\n>p2 move psychic +2, move boltstrike +2\n>p1 move hypervoice, move snarl\n>p2 move psychic +2, move boltstrike +2\n>p1 pass, switch 4\n>p1 move hypervoice, move bodypress +1\n>p2 move psychic +2, switch 6\n>p2 switch 4, pass\n>p1 move hypervoice, move wavecrash +1\n>p2 move poltergeist +2, move protect\n>p1 move psychic +1, move heavyslam +2\n>p2 switch 5, switch 6\n>p2 switch 5, pass\n>p1 move psychic +1, move avalanche +2\n>p2 move dynamicpunch +1, move boltstrike +2\n>p2 switch 6, switch 3\n>p1 move protect, move heavyslam +1\n>p2 move auroraveil, move muddywater\n>p1 move psychic +2, move bodypress +2\n>p2 pass, move muddywater\n>p1 switch 5, pass\n>p1 move bravebird +2, move avalanche +2\n>p2 pass, move muddywater", "uploadtime": 1770669128, "views": 66, "formatid": "gen9randomdoublesbattle", "rating": 1514, "private": 0, "password": null}