{"id": "gen9randomdoublesbattle-2535391188", "format": "[Gen 9] Random Doubles Battle", "players": ["HollandiaCH", "BladeDiamond"], "log": "|j|☆HollandiaCH\n|j|☆BladeDiamond\n|t:|1770562349\n|gametype|doubles\n|player|p1|HollandiaCH|bugcatcher-gen4dp|1590\n|player|p2|BladeDiamond|n-masters3|1698\n|gen|9\n|tier|[Gen 9] Random Doubles Battle\n|rated|\n|rule|Species Clause: Limit one of each Pokémon\n|rule|HP Percentage Mod: HP is shown in percentages\n|rule|Illusion Level Mod: Illusion disguises the Pokémon's true level\n|rule|Sleep Clause Mod: Limit one foe put to sleep\n|\n|t:|1770562349\n|teamsize|p1|6\n|teamsize|p2|6\n|start\n|switch|p1a: Crawdaunt|Crawdaunt, L87, F|251/251\n|switch|p1b: Falinks|Falinks, L87|255/255\n|switch|p2a: Salazzle|Salazzle, L86, F|257/257\n|switch|p2b: Zangoose|Zangoose, L87, M|269/269\n|turn|1\n|inactive|Battle timer is ON: inactive players will automatically lose when time's up. (requested by HollandiaCH)\n|\n|t:|1770562369\n|move|p2b: Zangoose|Protect|p2b: Zangoose\n|-singleturn|p2b: Zangoose|Protect\n|move|p2a: Salazzle|Poison Gas|p1a: Crawdaunt|[spread] p1a,p1b\n|-status|p1a: Crawdaunt|psn\n|-status|p1b: Falinks|psn\n|move|p1b: Falinks|No Retreat|p1b: Falinks\n|-boost|p1b: Falinks|atk|1\n|-boost|p1b: Falinks|def|1\n|-boost|p1b: Falinks|spa|1\n|-boost|p1b: Falinks|spd|1\n|-boost|p1b: Falinks|spe|1\n|-start|p1b: Falinks|move: No Retreat\n|move|p1a: Crawdaunt|Crabhammer|p2a: Salazzle\n|-supereffective|p2a: Salazzle\n|-damage|p2a: Salazzle|0 fnt\n|faint|p2a: Salazzle\n|-damage|p1a: Crawdaunt|226/251 psn|[from] item: Life Orb\n|\n|-damage|p1b: Falinks|224/255 psn|[from] psn\n|-damage|p1a: Crawdaunt|195/251 psn|[from] psn\n|-status|p2b: Zangoose|tox|[from] item: Toxic Orb\n|upkeep\n|\n|t:|1770562382\n|switch|p2a: Scovillain|Scovillain, L90, F|263/263\n|turn|2\n|\n|t:|1770562396\n|switch|p1a: Iron Jugulis|Iron Jugulis, L79|278/278\n|-enditem|p1a: Iron Jugulis|Booster Energy\n|-activate|p1a: Iron Jugulis|ability: Quark Drive|[fromitem]\n|-start|p1a: Iron Jugulis|quarkdrivespa\n|move|p2a: Scovillain|Rage Powder|p2a: Scovillain\n|-singleturn|p2a: Scovillain|move: Rage Powder\n|move|p1b: Falinks|Close Combat|p2a: Scovillain\n|-damage|p2a: Scovillain|0 fnt\n|-unboost|p1b: Falinks|def|1\n|-unboost|p1b: Falinks|spd|1\n|faint|p2a: Scovillain\n|-damage|p1b: Falinks|199/255 psn|[from] item: Life Orb\n|move|p2b: Zangoose|Facade|p1b: Falinks\n|-crit|p1b: Falinks\n|-damage|p1b: Falinks|0 fnt\n|faint|p1b: Falinks\n|\n|-damage|p2b: Zangoose|253/269 tox|[from] psn\n|upkeep\n|\n|t:|1770562413\n|switch|p2a: Alcremie|Alcremie-Lemon-Cream, L90, F|263/263\n|switch|p1b: Crawdaunt|Crawdaunt, L87, F|195/251 psn\n|turn|3\n|\n|t:|1770562431\n|move|p1a: Iron Jugulis|Tailwind|p1a: Iron Jugulis\n|-sidestart|p1: HollandiaCH|move: Tailwind\n|move|p1b: Crawdaunt|Crabhammer|p2a: Alcremie\n|-damage|p2a: Alcremie|37/263\n|-enditem|p2a: Alcremie|Sitrus Berry|[eat]\n|-heal|p2a: Alcremie|102/263|[from] item: Sitrus Berry\n|-damage|p1b: Crawdaunt|170/251 psn|[from] item: Life Orb\n|move|p2b: Zangoose|Facade|p1a: Iron Jugulis\n|-damage|p1a: Iron Jugulis|0 fnt\n|faint|p1a: Iron Jugulis\n|-end|p1a: Iron Jugulis|Quark Drive|[silent]\n|move|p2a: Alcremie|Dazzling Gleam|p1b: Crawdaunt\n|-supereffective|p1b: Crawdaunt\n|-damage|p1b: Crawdaunt|0 fnt\n|faint|p1b: Crawdaunt\n|\n|-damage|p2b: Zangoose|221/269 tox|[from] psn\n|upkeep\n|\n|t:|1770562448\n|switch|p1a: Abomasnow|Abomasnow, L81, F|278/278\n|switch|p1b: Pincurchin|Pincurchin, L97, M|250/250\n|-weather|Snowscape|[from] ability: Snow Warning|[of] p1a: Abomasnow\n|-fieldstart|move: Electric Terrain|[from] ability: Electric Surge|[of] p1b: Pincurchin\n|turn|4\n|\n|t:|1770562465\n|move|p2a: Alcremie|Protect|p2a: Alcremie\n|-singleturn|p2a: Alcremie|Protect\n|move|p1a: Abomasnow|Blizzard|p2a: Alcremie|[spread] p2b\n|-activate|p2a: Alcremie|move: Protect\n|-damage|p2b: Zangoose|112/269 tox\n|move|p2b: Zangoose|Facade|p1a: Abomasnow\n|-damage|p1a: Abomasnow|71/278\n|move|p1b: Pincurchin|Thunderbolt|p2b: Zangoose\n|-damage|p2b: Zangoose|0 fnt\n|faint|p2b: Zangoose\n|\n|-weather|Snowscape|[upkeep]\n|upkeep\n|\n|t:|1770562475\n|switch|p2b: Veluza|Veluza, L88, M|302/302\n|turn|5\n|\n|t:|1770562485\n|-terastallize|p2b: Veluza|Dark\n|move|p1a: Abomasnow|Wood Hammer|p2b: Veluza\n|-damage|p2b: Veluza|173/302\n|-damage|p1a: Abomasnow|28/278|[from] Recoil\n|move|p2b: Veluza|Night Slash|p1a: Abomasnow\n|-damage|p1a: Abomasnow|0 fnt\n|faint|p1a: Abomasnow\n|move|p1b: Pincurchin|Thunderbolt|p2a: Alcremie\n|-damage|p2a: Alcremie|0 fnt\n|faint|p2a: Alcremie\n|\n|-weather|Snowscape|[upkeep]\n|upkeep\n|\n|t:|1770562492\n|switch|p2a: Torterra|Torterra, L81, M|287/287\n|switch|p1a: Basculegion|Basculegion-F, L72, F|292/292\n|turn|6\n|\n|t:|1770562505\n|-terastallize|p1a: Basculegion|Ghost\n|move|p1a: Basculegion|Last Respects|p2b: Veluza\n|-resisted|p2b: Veluza\n|-damage|p2b: Veluza|32/302\n|move|p2b: Veluza|Night Slash|p1a: Basculegion\n|-supereffective|p1a: Basculegion\n|-damage|p1a: Basculegion|0 fnt\n|faint|p1a: Basculegion\n|move|p1b: Pincurchin|Scald|p2a: Torterra\n|-damage|p2a: Torterra|205/287\n|move|p2a: Torterra|Shell Smash|p2a: Torterra\n|-unboost|p2a: Torterra|def|1\n|-unboost|p2a: Torterra|spd|1\n|-boost|p2a: Torterra|atk|2\n|-boost|p2a: Torterra|spa|2\n|-boost|p2a: Torterra|spe|2\n|-enditem|p2a: Torterra|White Herb\n|-clearnegativeboost|p2a: Torterra|[silent]\n|\n|-weather|Snowscape|[upkeep]\n|-sideend|p1: HollandiaCH|move: Tailwind\n|upkeep\n|turn|7\n|\n|t:|1770562517\n|move|p2a: Torterra|Headlong Rush|p1b: Pincurchin\n|-supereffective|p1b: Pincurchin\n|-damage|p1b: Pincurchin|0 fnt\n|-unboost|p2a: Torterra|def|1\n|-unboost|p2a: Torterra|spd|1\n|faint|p1b: Pincurchin\n|\n|win|BladeDiamond\n|raw|HollandiaCH's rating: 1590 &rarr; <strong>1576</strong><br />(-14 for losing)\n|raw|BladeDiamond's rating: 1698 &rarr; <strong>1712</strong><br />(+14 for winning)\n|l|☆HollandiaCH\n|player|p1|\n", "inputlog": ">version ccdc32dd7cde25fd9e4bed64820e885f66e78a4e\n>start {\"formatid\":\"gen9randomdoublesbattle\",\"seed\":\"sodium,606003b2e2e8dfe12a8d1633961411a6\",\"rated\":\"Rated battle\"}\n>player p1 {\"name\":\"HollandiaCH\",\"avatar\":\"bugcatcher-gen4dp\",\"rating\":1590,\"seed\":\"sodium,d8155e381e7469c2d683dcad05c4251e\"}\n>player p2 {\"name\":\"BladeDiamond\",\"avatar\":\"n-masters3\",\"rating\":1698,\"seed\":\"sodium,a098bcf42eecbb3c1b8df80064408fed\"}\n>p1 move crabhammer +1, move noretreat\n>p2 move poisongas, move protect\n>p2 switch 6, pass\n>p1 switch 4, move closecombat +2\n>p2 move ragepowder, move facade +2\n>p1 pass, switch 4\n>p2 switch 4, pass\n>p1 move tailwind, move crabhammer +1\n>p2 move dazzlinggleam, move facade +1\n>p1 switch 6, switch 5\n>p1 move blizzard, move thunderbolt +2\n>p2 move protect, move facade +1\n>p2 pass, switch 3\n>p1 move woodhammer +2, move thunderbolt +1\n>p2 move dazzlinggleam, move nightslash +1 terastallize\n>p1 switch 3, pass\n>p2 switch 5, pass\n>p1 move lastrespects +2 terastallize, move scald +1\n>p2 move shellsmash, move nightslash +1\n>p1 pass, move scald +1\n>p2 move headlongrush +2, move nightslash +2", "uploadtime": 1770562523, "views": 84, "formatid": "gen9randomdoublesbattle", "rating": 1576, "private": 0, "password": null}