{"id": "gen9randomdoublesbattle-2535248650", "format": "[Gen 9] Random Doubles Battle", "players": ["AquaArsh3546", "pinxui"], "log": "|j|☆AquaArsh3546\n|j|☆pinxui\n|t:|1770536645\n|gametype|doubles\n|player|p1|AquaArsh3546|dawn|1673\n|player|p2|pinxui|rood|1849\n|gen|9\n|tier|[Gen 9] Random Doubles Battle\n|rated|\n|rule|Species Clause: Limit one of each Pokémon\n|rule|HP Percentage Mod: HP is shown in percentages\n|rule|Illusion Level Mod: Illusion disguises the Pokémon's true level\n|rule|Sleep Clause Mod: Limit one foe put to sleep\n|\n|t:|1770536645\n|teamsize|p1|6\n|teamsize|p2|6\n|start\n|switch|p1a: Clefairy|Clefairy, L98, F|296/296\n|switch|p1b: Garganacl|Garganacl, L81, M|295/295\n|switch|p2a: Tsareena|Tsareena, L85, F|261/261\n|switch|p2b: Toucannon|Toucannon, L87, F|281/281\n|turn|1\n|inactive|Battle timer is ON: inactive players will automatically lose when time's up. (requested by AquaArsh3546)\n|\n|t:|1770536674\n|move|p1a: Clefairy|Follow Me|p1a: Clefairy\n|-singleturn|p1a: Clefairy|move: Follow Me\n|move|p2a: Tsareena|Knock Off|p1a: Clefairy\n|-resisted|p1a: Clefairy\n|-damage|p1a: Clefairy|260/296\n|-enditem|p1a: Clefairy|Eviolite|[from] move: Knock Off|[of] p2a: Tsareena\n|move|p2b: Toucannon|Bullet Seed|p1a: Clefairy\n|-damage|p1a: Clefairy|224/296\n|-damage|p1a: Clefairy|185/296\n|-damage|p1a: Clefairy|149/296\n|-damage|p1a: Clefairy|111/296\n|-damage|p1a: Clefairy|75/296\n|-hitcount|p1a: Clefairy|5\n|-damage|p2b: Toucannon|253/281|[from] item: Life Orb\n|move|p1b: Garganacl|Salt Cure|p2a: Tsareena\n|-damage|p2a: Tsareena|224/261\n|-start|p2a: Tsareena|Salt Cure\n|\n|-damage|p2a: Tsareena|192/261|[from] Salt Cure\n|upkeep\n|turn|2\n|\n|t:|1770536687\n|move|p1a: Clefairy|Follow Me|p1a: Clefairy\n|-singleturn|p1a: Clefairy|move: Follow Me\n|move|p2a: Tsareena|Triple Axel|p1a: Clefairy\n|-damage|p1a: Clefairy|52/296\n|-damage|p1a: Clefairy|8/296\n|-damage|p1a: Clefairy|0 fnt\n|faint|p1a: Clefairy\n|-hitcount|p1: Clefairy|3\n|move|p2b: Toucannon|Bullet Seed|p1b: Garganacl\n|-supereffective|p1b: Garganacl\n|-damage|p1b: Garganacl|251/295\n|-supereffective|p1b: Garganacl\n|-damage|p1b: Garganacl|202/295\n|-supereffective|p1b: Garganacl\n|-damage|p1b: Garganacl|158/295\n|-supereffective|p1b: Garganacl\n|-damage|p1b: Garganacl|109/295\n|-supereffective|p1b: Garganacl\n|-damage|p1b: Garganacl|62/295\n|-hitcount|p1b: Garganacl|5\n|-damage|p2b: Toucannon|225/281|[from] item: Life Orb\n|move|p1b: Garganacl|Stealth Rock|p2a: Tsareena\n|-sidestart|p2: pinxui|move: Stealth Rock\n|\n|-heal|p1b: Garganacl|80/295|[from] item: Leftovers\n|-damage|p2a: Tsareena|160/261|[from] Salt Cure\n|upkeep\n|\n|t:|1770536709\n|switch|p1a: Toxapex|Toxapex, L92, M|241/241\n|turn|3\n|inactive|pinxui has 120 seconds left.\n|inactive|pinxui has 90 seconds left.\n|\n|t:|1770536776\n|move|p1b: Garganacl|Protect|p1b: Garganacl\n|-singleturn|p1b: Garganacl|Protect\n|move|p2a: Tsareena|Knock Off|p1a: Toxapex\n|-damage|p1a: Toxapex|187/241\n|-enditem|p1a: Toxapex|Leftovers|[from] move: Knock Off|[of] p2a: Tsareena\n|move|p2b: Toucannon|Bullet Seed|p1a: Toxapex\n|-damage|p1a: Toxapex|166/241\n|-damage|p1a: Toxapex|147/241\n|-damage|p1a: Toxapex|128/241\n|-damage|p1a: Toxapex|110/241\n|-damage|p1a: Toxapex|92/241\n|-hitcount|p1a: Toxapex|5\n|-damage|p2b: Toucannon|197/281|[from] item: Life Orb\n|move|p1a: Toxapex|Infestation|p2a: Tsareena\n|-supereffective|p2a: Tsareena\n|-damage|p2a: Tsareena|144/261\n|-activate|p2a: Tsareena|move: Infestation|[of] p1a: Toxapex\n|\n|-heal|p1b: Garganacl|98/295|[from] item: Leftovers\n|-damage|p2a: Tsareena|112/261|[from] Salt Cure\n|-damage|p2a: Tsareena|80/261|[from] move: Infestation|[partiallytrapped]\n|upkeep\n|turn|4\n|\n|t:|1770536794\n|switch|p1b: Indeedee|Indeedee-F, L91, F|275/275\n|-fieldstart|move: Psychic Terrain|[from] ability: Psychic Surge|[of] p1b: Indeedee\n|move|p1a: Toxapex|Baneful Bunker|p1a: Toxapex\n|-singleturn|p1a: Toxapex|move: Protect\n|move|p2a: Tsareena|Knock Off|p1b: Indeedee\n|-supereffective|p1b: Indeedee\n|-damage|p1b: Indeedee|71/275\n|-enditem|p1b: Indeedee|Sitrus Berry|[from] move: Knock Off|[of] p2a: Tsareena\n|move|p2b: Toucannon|Bullet Seed|p1a: Toxapex\n|-activate|p1a: Toxapex|move: Protect\n|\n|-damage|p2a: Tsareena|48/261|[from] move: Infestation|[partiallytrapped]\n|-damage|p2a: Tsareena|16/261|[from] Salt Cure\n|upkeep\n|turn|5\n|\n|t:|1770536821\n|move|p1b: Indeedee|Follow Me|p1b: Indeedee\n|-singleturn|p1b: Indeedee|move: Follow Me\n|move|p2a: Tsareena|Rapid Spin|p1b: Indeedee\n|-damage|p1b: Indeedee|20/275\n|-boost|p2a: Tsareena|spe|1\n|-sideend|p2: pinxui|Stealth Rock|[from] move: Rapid Spin|[of] p2a: Tsareena\n|-end|p2a: Tsareena|Infestation|[partiallytrapped]\n|move|p2b: Toucannon|Bullet Seed|p1b: Indeedee\n|-damage|p1b: Indeedee|0 fnt\n|faint|p1b: Indeedee\n|-hitcount|p1: Indeedee|1\n|-damage|p2b: Toucannon|169/281|[from] item: Life Orb\n|move|p1a: Toxapex|Recover|p1a: Toxapex\n|-heal|p1a: Toxapex|213/241\n|\n|-damage|p2a: Tsareena|0 fnt|[from] Salt Cure\n|faint|p2a: Tsareena\n|upkeep\n|inactive|AquaArsh3546 has 120 seconds left.\n|inactive|pinxui has 90 seconds left.\n|\n|t:|1770536852\n|switch|p1b: Gothitelle|Gothitelle, L90, M|272/272\n|switch|p2a: Farigiraf|Farigiraf, L84, F|339/339\n|turn|6\n|\n|t:|1770536867\n|move|p2b: Toucannon|Brave Bird|p1b: Gothitelle\n|-damage|p1b: Gothitelle|80/272\n|-enditem|p1b: Gothitelle|Sitrus Berry|[eat]\n|-heal|p1b: Gothitelle|148/272|[from] item: Sitrus Berry\n|-damage|p2b: Toucannon|106/281|[from] Recoil\n|-damage|p2b: Toucannon|78/281|[from] item: Life Orb\n|move|p1a: Toxapex|Infestation|p2a: Farigiraf\n|-supereffective|p2a: Farigiraf\n|-damage|p2a: Farigiraf|313/339\n|-activate|p2a: Farigiraf|move: Infestation|[of] p1a: Toxapex\n|move|p2a: Farigiraf|Psychic|p1a: Toxapex\n|-supereffective|p1a: Toxapex\n|-damage|p1a: Toxapex|8/241\n|-unboost|p1a: Toxapex|spd|1\n|-damage|p2a: Farigiraf|280/339|[from] item: Life Orb\n|move|p1b: Gothitelle|Trick Room|p1b: Gothitelle\n|-fieldstart|move: Trick Room|[of] p1b: Gothitelle\n|\n|-damage|p2a: Farigiraf|238/339|[from] move: Infestation|[partiallytrapped]\n|upkeep\n|turn|7\n|\n|t:|1770536890\n|move|p1a: Toxapex|Baneful Bunker|p1a: Toxapex\n|-singleturn|p1a: Toxapex|move: Protect\n|move|p2b: Toucannon|Protect|p2b: Toucannon\n|-singleturn|p2b: Toucannon|Protect\n|move|p2a: Farigiraf|Hyper Voice|p1a: Toxapex|[spread] p1b\n|-activate|p1a: Toxapex|move: Protect\n|-damage|p1b: Gothitelle|70/272\n|-damage|p2a: Farigiraf|205/339|[from] item: Life Orb\n|move|p1b: Gothitelle|Heal Pulse|p1a: Toxapex\n|-activate|p1a: Toxapex|move: Protect\n|\n|-damage|p2a: Farigiraf|163/339|[from] move: Infestation|[partiallytrapped]\n|upkeep\n|turn|8\n|\n|t:|1770536919\n|switch|p1a: Ting-Lu|Ting-Lu, L82|388/388\n|-ability|p1a: Ting-Lu|Vessel of Ruin\n|move|p2a: Farigiraf|Psychic|p1a: Ting-Lu\n|-immune|p1a: Ting-Lu\n|move|p1b: Gothitelle|Psychic|p2b: Toucannon\n|-damage|p2b: Toucannon|0 fnt\n|faint|p2b: Toucannon\n|\n|-end|p2a: Farigiraf|Infestation|[partiallytrapped]|[silent]\n|-fieldend|move: Psychic Terrain\n|upkeep\n|inactive|pinxui has 120 seconds left.\n|\n|t:|1770536930\n|switch|p2b: Vaporeon|Vaporeon, L84, F|356/356\n|turn|9\n|\n|t:|1770536937\n|move|p2a: Farigiraf|Hyper Voice|p1b: Gothitelle|[spread] p1a,p1b\n|-damage|p1a: Ting-Lu|306/388\n|-damage|p1b: Gothitelle|8/272\n|-damage|p2a: Farigiraf|130/339|[from] item: Life Orb\n|move|p1a: Ting-Lu|Throat Chop|p2a: Farigiraf\n|-supereffective|p2a: Farigiraf\n|-damage|p2a: Farigiraf|0 fnt\n|faint|p2a: Farigiraf\n|move|p1b: Gothitelle|Psychic|p2b: Vaporeon\n|-damage|p2b: Vaporeon|283/356\n|move|p2b: Vaporeon|Yawn|p1a: Ting-Lu\n|-start|p1a: Ting-Lu|move: Yawn|[of] p2b: Vaporeon\n|\n|upkeep\n|\n|t:|1770536947\n|switch|p2a: Scovillain|Scovillain, L90, F|263/263\n|turn|10\n|\n|t:|1770536956\n|switch|p1a: Toxapex|Toxapex, L92, M|88/241\n|move|p2a: Scovillain|Protect|p2a: Scovillain\n|-singleturn|p2a: Scovillain|Protect\n|move|p1b: Gothitelle|Heal Pulse|p1a: Toxapex\n|-heal|p1a: Toxapex|209/241\n|move|p2b: Vaporeon|Scald|p1a: Toxapex\n|-resisted|p1a: Toxapex\n|-damage|p1a: Toxapex|182/241\n|-status|p1a: Toxapex|brn\n|\n|-damage|p1a: Toxapex|167/241 brn|[from] brn\n|-fieldend|move: Trick Room\n|upkeep\n|turn|11\n|\n|t:|1770536969\n|move|p1a: Toxapex|Baneful Bunker|p1a: Toxapex\n|-singleturn|p1a: Toxapex|move: Protect\n|move|p2a: Scovillain|Energy Ball|p1a: Toxapex\n|-activate|p1a: Toxapex|move: Protect\n|move|p2b: Vaporeon|Icy Wind|p1b: Gothitelle|[spread] p1b\n|-activate|p1a: Toxapex|move: Protect\n|-damage|p1b: Gothitelle|0 fnt\n|faint|p1b: Gothitelle\n|\n|-damage|p1a: Toxapex|152/241 brn|[from] brn\n|upkeep\n|\n|t:|1770536988\n|switch|p1b: Ting-Lu|Ting-Lu, L82|306/388\n|-ability|p1b: Ting-Lu|Vessel of Ruin\n|turn|12\n|inactive|pinxui has 120 seconds left.\n|\n|t:|1770537021\n|-terastallize|p1b: Ting-Lu|Poison\n|move|p2a: Scovillain|Energy Ball|p1a: Toxapex\n|-damage|p1a: Toxapex|98/241 brn\n|move|p2b: Vaporeon|Yawn|p1b: Ting-Lu\n|-start|p1b: Ting-Lu|move: Yawn|[of] p2b: Vaporeon\n|move|p1b: Ting-Lu|Stomping Tantrum|p2a: Scovillain\n|-crit|p2a: Scovillain\n|-damage|p2a: Scovillain|116/263\n|-enditem|p2a: Scovillain|Sitrus Berry|[eat]\n|-heal|p2a: Scovillain|181/263|[from] item: Sitrus Berry\n|move|p1a: Toxapex|Toxic|p2b: Vaporeon\n|-status|p2b: Vaporeon|tox\n|\n|-damage|p2b: Vaporeon|261/356 tox|[from] psn\n|-damage|p1a: Toxapex|83/241 brn|[from] brn\n|upkeep\n|turn|13\n|\n|t:|1770537042\n|switch|p1b: Garganacl|Garganacl, L81, M|98/295\n|move|p2a: Scovillain|Energy Ball|p1a: Toxapex\n|-damage|p1a: Toxapex|7/241 brn\n|move|p2b: Vaporeon|Icy Wind|p1a: Toxapex|[spread] p1a,p1b\n|-resisted|p1a: Toxapex\n|-damage|p1a: Toxapex|0 fnt\n|-damage|p1b: Garganacl|65/295\n|-unboost|p1b: Garganacl|spe|1\n|faint|p1a: Toxapex\n|\n|-heal|p1b: Garganacl|83/295|[from] item: Leftovers\n|-damage|p2b: Vaporeon|217/356 tox|[from] psn\n|upkeep\n|\n|t:|1770537050\n|switch|p1a: Ting-Lu|Ting-Lu, L82, tera:Poison|306/388\n|-ability|p1a: Ting-Lu|Vessel of Ruin\n|turn|14\n|inactive|AquaArsh3546 has 120 seconds left.\n|inactive|AquaArsh3546 has 90 seconds left.\n|\n|t:|1770537112\n|move|p1b: Garganacl|Protect|p1b: Garganacl\n|-singleturn|p1b: Garganacl|Protect\n|move|p2a: Scovillain|Energy Ball|p1b: Garganacl\n|-activate|p1b: Garganacl|move: Protect\n|move|p2b: Vaporeon|Yawn|p1a: Ting-Lu\n|-start|p1a: Ting-Lu|move: Yawn|[of] p2b: Vaporeon\n|move|p1a: Ting-Lu|Stomping Tantrum|p2a: Scovillain\n|-crit|p2a: Scovillain\n|-damage|p2a: Scovillain|31/263\n|\n|-heal|p1b: Garganacl|101/295|[from] item: Leftovers\n|-damage|p2b: Vaporeon|151/356 tox|[from] psn\n|upkeep\n|-enditem|p2b: Vaporeon|Sitrus Berry|[eat]\n|-heal|p2b: Vaporeon|240/356 tox|[from] item: Sitrus Berry\n|turn|15\n|\n|t:|1770537137\n|move|p1b: Garganacl|Protect|p1b: Garganacl\n|-singleturn|p1b: Garganacl|Protect\n|move|p2a: Scovillain|Energy Ball|p1b: Garganacl\n|-activate|p1b: Garganacl|move: Protect\n|move|p2b: Vaporeon|Icy Wind|p1b: Garganacl|[spread] p1a\n|-activate|p1b: Garganacl|move: Protect\n|-damage|p1a: Ting-Lu|277/388\n|-unboost|p1a: Ting-Lu|spe|1\n|move|p1a: Ting-Lu|Throat Chop|p2a: Scovillain\n|-damage|p2a: Scovillain|0 fnt\n|faint|p2a: Scovillain\n|\n|-heal|p1b: Garganacl|119/295|[from] item: Leftovers\n|-damage|p2b: Vaporeon|152/356 tox|[from] psn\n|-end|p1a: Ting-Lu|move: Yawn|[silent]\n|-status|p1a: Ting-Lu|slp\n|upkeep\n|\n|t:|1770537139\n|switch|p2a: Dragonite|Dragonite, L82, F|283/283\n|turn|16\n|\n|t:|1770537151\n|move|p2a: Dragonite|Scale Shot|p1a: Ting-Lu|[miss]\n|-miss|p2a: Dragonite|p1a: Ting-Lu\n|move|p2b: Vaporeon|Scald|p1b: Garganacl\n|-supereffective|p1b: Garganacl\n|-damage|p1b: Garganacl|0 fnt\n|faint|p1b: Garganacl\n|cant|p1a: Ting-Lu|slp\n|\n|-damage|p2b: Vaporeon|42/356 tox|[from] psn\n|upkeep\n|turn|17\n|\n|t:|1770537176\n|move|p2b: Vaporeon|Helping Hand|p2a: Dragonite\n|-singleturn|p2a: Dragonite|Helping Hand|[of] p2b: Vaporeon\n|move|p2a: Dragonite|Scale Shot|p1a: Ting-Lu\n|-damage|p1a: Ting-Lu|238/388 slp\n|-damage|p1a: Ting-Lu|198/388 slp\n|-damage|p1a: Ting-Lu|159/388 slp\n|-enditem|p1a: Ting-Lu|Sitrus Berry|[eat]\n|-heal|p1a: Ting-Lu|256/388 slp|[from] item: Sitrus Berry\n|-damage|p1a: Ting-Lu|220/388 slp\n|-hitcount|p1a: Ting-Lu|4\n|-unboost|p2a: Dragonite|def|1\n|-boost|p2a: Dragonite|spe|1\n|cant|p1a: Ting-Lu|slp\n|\n|-damage|p2b: Vaporeon|0 fnt|[from] psn\n|faint|p2b: Vaporeon\n|upkeep\n|turn|18\n|\n|t:|1770537195\n|-terastallize|p2a: Dragonite|Fire\n|move|p2a: Dragonite|Fire Blast|p1a: Ting-Lu\n|-damage|p1a: Ting-Lu|126/388 slp\n|cant|p1a: Ting-Lu|slp\n|\n|upkeep\n|turn|19\n|\n|t:|1770537204\n|move|p2a: Dragonite|Fire Blast|p1a: Ting-Lu\n|-damage|p1a: Ting-Lu|30/388 slp\n|-curestatus|p1a: Ting-Lu|slp|[msg]\n|move|p1a: Ting-Lu|Stomping Tantrum|p2a: Dragonite\n|-supereffective|p2a: Dragonite\n|-damage|p2a: Dragonite|0 fnt\n|faint|p2a: Dragonite\n|\n|win|AquaArsh3546\n|raw|AquaArsh3546's rating: 1673 &rarr; <strong>1702</strong><br />(+29 for winning)\n|raw|pinxui's rating: 1831 &rarr; <strong>1802</strong><br />(-29 for losing)\n", "inputlog": ">version ccdc32dd7cde25fd9e4bed64820e885f66e78a4e\n>start {\"formatid\":\"gen9randomdoublesbattle\",\"seed\":\"sodium,fa6a8cd347a8d845a0a9298cca20b863\",\"rated\":\"Rated battle\"}\n>player p1 {\"name\":\"AquaArsh3546\",\"avatar\":\"dawn\",\"rating\":1673,\"seed\":\"sodium,b76f3bb6078f9dd516d26df4d9118177\"}\n>player p2 {\"name\":\"pinxui\",\"avatar\":\"rood\",\"rating\":1849,\"seed\":\"sodium,0a286ec4bed9f354a7549af55b625e95\"}\n>p1 move followme, move saltcure +1\n>p2 move knockoff +2, move bulletseed +2\n>p1 move followme, move stealthrock\n>p2 move tripleaxel +1, move bulletseed +2\n>p1 switch 6, pass\n>p1 move infestation +1, move protect\n>p2 move knockoff +1, move bulletseed +1\n>p1 move banefulbunker, switch 3\n>p2 move knockoff +2, move bulletseed +1\n>p1 move recover, move followme\n>p2 move rapidspin +2, move bulletseed +1\n>p1 pass, switch 4\n>p2 switch 6, pass\n>p1 move infestation +1, move trickroom\n>p2 move psychic +1, move bravebird +2\n>p1 move banefulbunker, move healpulse -1\n>p2 move hypervoice, move protect\n>p1 switch 5, move psychic +2\n>p2 move psychic +1, move bravebird +2\n>p2 pass, switch 3\n>p1 move throatchop +1, move psychic +2\n>p2 move hypervoice, move yawn +1\n>p2 switch 4, pass\n>p1 switch 5, move healpulse -1\n>p2 move protect, move scald +1\n>p1 move banefulbunker, move trickroom\n>p2 move energyball +1, move icywind\n>p1 pass, switch 5\n>p1 move toxic +2, move stompingtantrum +1 terastallize\n>p2 move energyball +1, move yawn +2\n>p1 move recover, switch 3\n>p2 move energyball +1, move icywind\n>p1 switch 3, pass\n>p1 move stompingtantrum +1, move protect\n>p2 move energyball +2, move yawn +1\n>p1 move throatchop +1, move protect\n>p2 move energyball +2, move icywind\n>p2 switch 5, pass\n>p1 move ruination +1, move recover\n>p2 move scaleshot +1, move scald +2\n>p1 move ruination +1, pass\n>p2 move scaleshot +1, move helpinghand -1\n>p1 move throatchop +1, pass\n>p2 move fireblast +1 terastallize, pass\n>p1 move stompingtantrum +1, pass\n>p2 move fireblast +1, pass", "uploadtime": 1770537214, "views": 101, "formatid": "gen9randomdoublesbattle", "rating": 1702, "private": 0, "password": null}