{"id": "gen9randomdoublesbattle-2534562942", "format": "[Gen 9] Random Doubles Battle", "players": ["Oekie03", "DarkKage24"], "log": "|j|☆Oekie03\n|j|☆DarkKage24\n|t:|1770437518\n|gametype|doubles\n|player|p1|Oekie03|266|1536\n|player|p2|DarkKage24|red|1676\n|gen|9\n|tier|[Gen 9] Random Doubles Battle\n|rated|\n|rule|Species Clause: Limit one of each Pokémon\n|rule|HP Percentage Mod: HP is shown in percentages\n|rule|Illusion Level Mod: Illusion disguises the Pokémon's true level\n|rule|Sleep Clause Mod: Limit one foe put to sleep\n|\n|t:|1770437518\n|teamsize|p1|6\n|teamsize|p2|6\n|start\n|switch|p1a: Thundurus|Thundurus-Therian, L78, M|251/251\n|switch|p1b: Chandelure|Chandelure, L81, F|230/230\n|switch|p2a: Arcanine|Arcanine-Hisui, L79, M|280/280\n|switch|p2b: Infernape|Infernape, L82, M|259/259\n|-ability|p2a: Arcanine|Intimidate|boost\n|-unboost|p1a: Thundurus|atk|1\n|-unboost|p1b: Chandelure|atk|1\n|turn|1\n|inactive|Battle timer is ON: inactive players will automatically lose when time's up. (requested by Oekie03)\n|\n|t:|1770437538\n|move|p1a: Thundurus|Protect|p1a: Thundurus\n|-singleturn|p1a: Thundurus|Protect\n|move|p2b: Infernape|Fake Out|p1a: Thundurus\n|-activate|p1a: Thundurus|move: Protect\n|move|p1b: Chandelure|Shadow Ball|p2b: Infernape\n|-damage|p2b: Infernape|129/259\n|move|p2a: Arcanine|Rock Slide|p1b: Chandelure|[spread] p1b\n|-activate|p1a: Thundurus|move: Protect\n|-supereffective|p1b: Chandelure\n|-damage|p1b: Chandelure|108/230\n|\n|upkeep\n|turn|2\n|\n|t:|1770437564\n|move|p1b: Chandelure|Shadow Ball|p2b: Infernape\n|-damage|p2b: Infernape|9/259\n|-unboost|p2b: Infernape|spd|1\n|move|p2b: Infernape|Overheat|p1a: Thundurus\n|-damage|p1a: Thundurus|13/251\n|-unboost|p2b: Infernape|spa|2\n|move|p1a: Thundurus|Nasty Plot|p1a: Thundurus\n|-boost|p1a: Thundurus|spa|2\n|move|p2a: Arcanine|Rock Slide|p1b: Chandelure|[spread] p1a,p1b\n|-supereffective|p1a: Thundurus\n|-supereffective|p1b: Chandelure\n|-damage|p1a: Thundurus|0 fnt\n|-damage|p1b: Chandelure|0 fnt\n|faint|p1a: Thundurus\n|faint|p1b: Chandelure\n|\n|upkeep\n|inactive|Oekie03 has 120 seconds left.\n|\n|t:|1770437584\n|switch|p1a: Primarina|Primarina, L79, F|256/256\n|switch|p1b: Sylveon|Sylveon, L79, F|280/280\n|turn|3\n|\n|t:|1770437592\n|move|p2b: Infernape|Protect|p2b: Infernape\n|-singleturn|p2b: Infernape|Protect\n|move|p2a: Arcanine|Protect|p2a: Arcanine\n|-singleturn|p2a: Arcanine|Protect\n|move|p1b: Sylveon|Calm Mind|p1b: Sylveon\n|-boost|p1b: Sylveon|spa|1\n|-boost|p1b: Sylveon|spd|1\n|move|p1a: Primarina|Hyper Voice|p2b: Infernape|[spread] \n|-activate|p2a: Arcanine|move: Protect\n|-activate|p2b: Infernape|move: Protect\n|\n|upkeep\n|turn|4\n|\n|t:|1770437606\n|move|p1b: Sylveon|Protect|p1b: Sylveon\n|-singleturn|p1b: Sylveon|Protect\n|move|p2b: Infernape|Overheat|p1b: Sylveon\n|-activate|p1b: Sylveon|move: Protect\n|move|p2a: Arcanine|Flare Blitz|p1b: Sylveon\n|-activate|p1b: Sylveon|move: Protect\n|move|p1a: Primarina|Hyper Voice|p2a: Arcanine|[spread] p2a,p2b\n|-supereffective|p2a: Arcanine\n|-crit|p2a: Arcanine\n|-supereffective|p2b: Infernape\n|-damage|p2a: Arcanine|0 fnt\n|-damage|p2b: Infernape|0 fnt\n|faint|p2a: Arcanine\n|faint|p2b: Infernape\n|\n|upkeep\n|\n|t:|1770437616\n|switch|p2b: Decidueye|Decidueye, L89, M|284/284\n|switch|p2a: Arceus|Arceus-Fairy, L70|284/284\n|turn|5\n|\n|t:|1770437632\n|move|p1a: Primarina|Protect|p1a: Primarina\n|-singleturn|p1a: Primarina|Protect\n|move|p2a: Arceus|Calm Mind|p2a: Arceus\n|-boost|p2a: Arceus|spa|1\n|-boost|p2a: Arceus|spd|1\n|move|p2b: Decidueye|Knock Off|p1b: Sylveon\n|-resisted|p1b: Sylveon\n|-damage|p1b: Sylveon|225/280\n|-enditem|p1b: Sylveon|Leftovers|[from] move: Knock Off|[of] p2b: Decidueye\n|move|p1b: Sylveon|Calm Mind|p1b: Sylveon\n|-boost|p1b: Sylveon|spa|1\n|-boost|p1b: Sylveon|spd|1\n|\n|upkeep\n|turn|6\n|\n|t:|1770437653\n|move|p2a: Arceus|Calm Mind|p2a: Arceus\n|-boost|p2a: Arceus|spa|1\n|-boost|p2a: Arceus|spd|1\n|move|p2b: Decidueye|Leaf Storm|p1a: Primarina|[miss]\n|-miss|p2b: Decidueye|p1a: Primarina\n|move|p1b: Sylveon|Hyper Voice|p2b: Decidueye|[spread] p2a,p2b\n|-damage|p2a: Arceus|208/284\n|-damage|p2b: Decidueye|133/284\n|-enditem|p2b: Decidueye|Sitrus Berry|[eat]\n|-heal|p2b: Decidueye|204/284|[from] item: Sitrus Berry\n|move|p1a: Primarina|Hyper Voice|p2a: Arceus|[spread] p2a,p2b\n|-resisted|p2b: Decidueye\n|-damage|p2a: Arceus|171/284\n|-damage|p2b: Decidueye|171/284\n|\n|upkeep\n|turn|7\n|inactive|Oekie03 has 120 seconds left.\n|\n|t:|1770437706\n|move|p2a: Arceus|Calm Mind|p2a: Arceus\n|-boost|p2a: Arceus|spa|1\n|-boost|p2a: Arceus|spd|1\n|move|p2b: Decidueye|Leaf Storm|p1a: Primarina\n|-supereffective|p1a: Primarina\n|-damage|p1a: Primarina|8/256\n|-unboost|p2b: Decidueye|spa|2\n|move|p1a: Primarina|Calm Mind|p1a: Primarina\n|-boost|p1a: Primarina|spa|1\n|-boost|p1a: Primarina|spd|1\n|move|p1b: Sylveon|Substitute|p1b: Sylveon\n|-start|p1b: Sylveon|Substitute\n|-damage|p1b: Sylveon|155/280\n|\n|-heal|p1a: Primarina|24/256|[from] item: Leftovers\n|upkeep\n|turn|8\n|inactive|Oekie03 has 120 seconds left.\n|\n|t:|1770437719\n|move|p1a: Primarina|Protect|p1a: Primarina\n|-singleturn|p1a: Primarina|Protect\n|move|p2a: Arceus|Dazzling Gleam|p1b: Sylveon|[spread] p1b\n|-activate|p1a: Primarina|move: Protect\n|-activate|p1b: Sylveon|move: Substitute|[damage]\n|move|p2b: Decidueye|Spirit Shackle|p1b: Sylveon\n|-end|p1b: Sylveon|Substitute\n|move|p1b: Sylveon|Calm Mind|p1b: Sylveon\n|-boost|p1b: Sylveon|spa|1\n|-boost|p1b: Sylveon|spd|1\n|\n|-heal|p1a: Primarina|40/256|[from] item: Leftovers\n|upkeep\n|turn|9\n|inactive|Oekie03 has 120 seconds left.\n|l|☆Oekie03\n|inactive|Oekie03 disconnected and has a minute to reconnect!\n|player|p1|\n|j|☆Oekie03\n|inactive|Oekie03 reconnected and has 95 seconds left.\n|player|p1|Oekie03|266|\n|inactive|Oekie03 has 90 seconds left.\n|\n|t:|1770437772\n|move|p1b: Sylveon|Protect|p1b: Sylveon\n|-singleturn|p1b: Sylveon|Protect\n|move|p2a: Arceus|Dazzling Gleam|p1a: Primarina|[spread] p1a\n|-activate|p1b: Sylveon|move: Protect\n|-damage|p1a: Primarina|0 fnt\n|faint|p1a: Primarina\n|move|p2b: Decidueye|Spirit Shackle|p1b: Sylveon\n|-activate|p1b: Sylveon|move: Protect\n|\n|upkeep\n|inactive|Oekie03 has 90 seconds left.\n|\n|t:|1770437784\n|switch|p1a: Haxorus|Haxorus, L84, M|265/265\n|-ability|p1a: Haxorus|Unnerve\n|turn|10\n|\n|t:|1770437795\n|-terastallize|p1a: Haxorus|Steel\n|move|p1a: Haxorus|Iron Head|p2a: Arceus\n|-supereffective|p2a: Arceus\n|-damage|p2a: Arceus|0 fnt\n|faint|p2a: Arceus\n|-damage|p1a: Haxorus|239/265|[from] item: Life Orb\n|move|p2b: Decidueye|Tailwind|p2b: Decidueye\n|-sidestart|p2: DarkKage24|move: Tailwind\n|move|p1b: Sylveon|Substitute|p1b: Sylveon\n|-start|p1b: Sylveon|Substitute\n|-damage|p1b: Sylveon|85/280\n|\n|upkeep\n|\n|t:|1770437806\n|switch|p2a: Zamazenta|Zamazenta-Crowned, L67|235/235\n|-ability|p2a: Zamazenta|Dauntless Shield|boost\n|-boost|p2a: Zamazenta|def|1\n|turn|11\n|inactive|Oekie03 has 120 seconds left.\n|\n|t:|1770437837\n|move|p2a: Zamazenta|Iron Defense|p2a: Zamazenta\n|-boost|p2a: Zamazenta|def|2\n|move|p2b: Decidueye|Spirit Shackle|p1b: Sylveon\n|-end|p1b: Sylveon|Substitute\n|move|p1a: Haxorus|Iron Head|p2b: Decidueye\n|-damage|p2b: Decidueye|14/284\n|-damage|p1a: Haxorus|213/265|[from] item: Life Orb\n|move|p1b: Sylveon|Hyper Voice|p2b: Decidueye|[spread] p2a,p2b\n|-damage|p2a: Zamazenta|46/235\n|-damage|p2b: Decidueye|0 fnt\n|faint|p2b: Decidueye\n|\n|upkeep\n|\n|t:|1770437840\n|switch|p2b: Maushold|Maushold-Four, L79|247/247\n|turn|12\n|inactive|Oekie03 has 120 seconds left.\n|\n|t:|1770437862\n|-terastallize|p2b: Maushold|Ghost\n|move|p2b: Maushold|Population Bomb|p1b: Sylveon\n|-damage|p1b: Sylveon|55/280\n|-damage|p1b: Sylveon|27/280\n|-damage|p1b: Sylveon|0 fnt\n|faint|p1b: Sylveon\n|-hitcount|p1: Sylveon|3\n|move|p2a: Zamazenta|Body Press|p1a: Haxorus\n|-supereffective|p1a: Haxorus\n|-damage|p1a: Haxorus|0 fnt\n|faint|p1a: Haxorus\n|\n|upkeep\n|\n|t:|1770437867\n|switch|p1b: Charizard|Charizard, L82, M|262/262\n|turn|13\n|\n|t:|1770437878\n|move|p1b: Charizard|Protect|p1b: Charizard\n|-singleturn|p1b: Charizard|Protect\n|move|p2b: Maushold|Population Bomb|p1b: Charizard\n|-activate|p1b: Charizard|move: Protect\n|move|p2a: Zamazenta|Body Press|p1b: Charizard\n|-activate|p1b: Charizard|move: Protect\n|\n|-sideend|p2: DarkKage24|move: Tailwind\n|upkeep\n|turn|14\n|c|☆DarkKage24|gg wp\n|inactive|Oekie03 has 120 seconds left.\n|\n|t:|1770437909\n|move|p2b: Maushold|Encore|p1b: Charizard\n|-start|p1b: Charizard|Encore\n|move|p1b: Charizard|Protect||[still]\n|-fail|p1b: Charizard\n|move|p2a: Zamazenta|Iron Defense|p2a: Zamazenta\n|-boost|p2a: Zamazenta|def|2\n|\n|upkeep\n|turn|15\n|\n|t:|1770437923\n|move|p1b: Charizard|Protect|p1b: Charizard\n|-singleturn|p1b: Charizard|Protect\n|move|p2b: Maushold|Population Bomb|p1b: Charizard\n|-activate|p1b: Charizard|move: Protect\n|move|p2a: Zamazenta|Body Press|p1b: Charizard\n|-activate|p1b: Charizard|move: Protect\n|\n|upkeep\n|turn|16\n|\n|t:|1770437937\n|move|p1b: Charizard|Protect|p1b: Charizard\n|-singleturn|p1b: Charizard|Protect\n|move|p2b: Maushold|Population Bomb|p1b: Charizard\n|-activate|p1b: Charizard|move: Protect\n|move|p2a: Zamazenta|Body Press|p1b: Charizard\n|-activate|p1b: Charizard|move: Protect\n|\n|-end|p1b: Charizard|Encore\n|upkeep\n|turn|17\n|\n|t:|1770437951\n|move|p2b: Maushold|Encore|p1b: Charizard\n|-start|p1b: Charizard|Encore\n|move|p1b: Charizard|Protect||[still]\n|-fail|p1b: Charizard\n|move|p2a: Zamazenta|Body Press|p1b: Charizard\n|-resisted|p1b: Charizard\n|-damage|p1b: Charizard|121/262\n|\n|upkeep\n|turn|18\n|l|☆Oekie03\n|inactive|Oekie03 disconnected and has a minute to reconnect!\n|player|p1|\n|inactive|Oekie03 has 30 seconds to reconnect!\n|inactive|Oekie03 has 20 seconds to reconnect!\n|inactive|Oekie03 has 15 seconds to reconnect!\n|inactive|Oekie03 has 10 seconds to reconnect!\n|inactive|Oekie03 has 5 seconds to reconnect!\n|-message|Oekie03 lost due to inactivity.\n|\n|win|DarkKage24\n|raw|Oekie03's rating: 1536 &rarr; <strong>1524</strong><br />(-12 for losing)\n|raw|DarkKage24's rating: 1676 &rarr; <strong>1688</strong><br />(+12 for winning)\n", "inputlog": ">version ccdc32dd7cde25fd9e4bed64820e885f66e78a4e\n>start {\"formatid\":\"gen9randomdoublesbattle\",\"seed\":\"sodium,bccce978d631ca85eca40807150c089b\",\"rated\":\"Rated battle\"}\n>player p1 {\"name\":\"Oekie03\",\"avatar\":\"266\",\"rating\":1536,\"seed\":\"sodium,f50ddf66ff4b44ae9115eec42dc7429a\"}\n>player p2 {\"name\":\"DarkKage24\",\"avatar\":\"red\",\"rating\":1676,\"seed\":\"sodium,c7876442a450fc9e0af6654051166293\"}\n>p1 move protect, move shadowball +2\n>p2 move rockslide, move fakeout +1\n>p1 move nastyplot, move shadowball +2\n>p2 move rockslide, move overheat +1\n>p1 switch 4, switch 5\n>p1 move hypervoice, move calmmind\n>p2 move protect, move protect\n>p1 move hypervoice, move protect\n>p2 move flareblitz +2, move overheat +2\n>p2 switch 5, switch 4\n>p1 move protect, move calmmind\n>p2 move calmmind, move knockoff +2\n>p1 move hypervoice, move hypervoice\n>p2 move calmmind, move leafstorm +1\n>p1 move calmmind, move substitute\n>p2 move calmmind, move leafstorm +1\n>p1 move protect, move calmmind\n>p2 move dazzlinggleam, move spiritshackle +2\n>p1 move hypervoice, move protect\n>p2 move dazzlinggleam, move spiritshackle +2\n>p1 switch 6, pass\n>p1 move ironhead +1 terastallize, move substitute\n>p2 move earthpower +2, move tailwind\n>p2 switch 3, pass\n>p1 move ironhead +2, move hypervoice\n>p2 move irondefense, move spiritshackle +2\n>p2 pass, switch 6\n>p1 move closecombat +1, move hypervoice\n>p2 move bodypress +1, move populationbomb +2 terastallize\n>p1 pass, switch 3\n>p1 pass, move protect\n>p2 move bodypress +2, move populationbomb +2\n>chat ☆DarkKage24| gg wp\n>p1 pass, move heatwave\n>p2 move irondefense, move encore +2\n>p1 pass, move protect\n>p2 move bodypress +2, move populationbomb +2\n>p1 pass, move protect\n>p2 move bodypress +2, move populationbomb +2\n>p1 pass, move heatwave\n>p2 move bodypress +2, move encore +2\n>forcelose p1", "uploadtime": 1770438019, "views": 92, "formatid": "gen9randomdoublesbattle", "rating": 1524, "private": 0, "password": null}