{"id": "gen9randomdoublesbattle-2537267983", "format": "[Gen 9] Random Doubles Battle", "players": ["LilDylP", "baseballlover"], "log": "|j|☆LilDylP\n|j|☆baseballlover\n|t:|1770787735\n|gametype|doubles\n|player|p1|LilDylP|170|1634\n|player|p2|baseballlover|266|1627\n|gen|9\n|tier|[Gen 9] Random Doubles Battle\n|rated|\n|rule|Species Clause: Limit one of each Pokémon\n|rule|HP Percentage Mod: HP is shown in percentages\n|rule|Illusion Level Mod: Illusion disguises the Pokémon's true level\n|rule|Sleep Clause Mod: Limit one foe put to sleep\n|\n|t:|1770787735\n|teamsize|p1|6\n|teamsize|p2|6\n|start\n|switch|p1a: Chien-Pao|Chien-Pao, L75|244/244\n|switch|p1b: Miraidon|Miraidon, L65|238/238\n|switch|p2a: Magcargo|Magcargo, L93, M|262/262\n|switch|p2b: Jirachi|Jirachi, L80|291/291\n|-ability|p1a: Chien-Pao|Sword of Ruin\n|-fieldstart|move: Electric Terrain|[from] ability: Hadron Engine|[of] p1b: Miraidon\n|turn|1\n|inactive|Battle timer is ON: inactive players will automatically lose when time's up. (requested by baseballlover)\n|\n|t:|1770787754\n|switch|p1a: Luxray|Luxray, L86, M|278/278\n|-ability|p1a: Luxray|Intimidate|boost\n|-unboost|p2a: Magcargo|atk|1\n|-unboost|p2b: Jirachi|atk|1\n|move|p2b: Jirachi|U-turn|p1b: Miraidon\n|-damage|p1b: Miraidon|199/238\n|\n|t:|1770787776\n|switch|p2b: Minun|Minun, L91, F|257/257|[from] U-turn\n|move|p1b: Miraidon|Volt Switch|p2a: Magcargo\n|-damage|p2a: Magcargo|137/262\n|-damage|p1b: Miraidon|176/238|[from] item: Life Orb\n|\n|t:|1770787792\n|switch|p1b: Espeon|Espeon, L84, M|246/246|[from] Volt Switch\n|move|p2a: Magcargo|Shell Smash|p2a: Magcargo\n|-unboost|p2a: Magcargo|def|1\n|-unboost|p2a: Magcargo|spd|1\n|-boost|p2a: Magcargo|atk|2\n|-boost|p2a: Magcargo|spa|2\n|-boost|p2a: Magcargo|spe|2\n|\n|upkeep\n|turn|2\n|inactive|baseballlover has 120 seconds left.\n|\n|t:|1770787825\n|move|p1b: Espeon|Psychic|p2b: Minun\n|-damage|p2b: Minun|109/257\n|-enditem|p2b: Minun|Sitrus Berry|[eat]\n|-heal|p2b: Minun|173/257|[from] item: Sitrus Berry\n|-damage|p1b: Espeon|222/246|[from] item: Life Orb\n|move|p2b: Minun|Nuzzle|p1b: Espeon\n|-damage|p1b: Espeon|200/246\n|-status|p1b: Espeon|par\n|move|p2a: Magcargo|Heat Wave|p1b: Espeon|[spread] p1a,p1b\n|-damage|p1a: Luxray|114/278\n|-damage|p1b: Espeon|0 fnt\n|faint|p1b: Espeon\n|-damage|p2a: Magcargo|111/262|[from] item: Life Orb\n|move|p1a: Luxray|Snarl|p2a: Magcargo|[spread] p2a,p2b\n|-damage|p2a: Magcargo|70/262\n|-damage|p2b: Minun|143/257\n|-unboost|p2a: Magcargo|spa|1\n|-unboost|p2b: Minun|spa|1\n|\n|upkeep\n|inactive|LilDylP has 120 seconds left.\n|\n|t:|1770787851\n|switch|p1b: Persian|Persian-Alola, L88, M|258/258\n|turn|3\n|inactive|LilDylP has 120 seconds left.\n|inactive|baseballlover has 120 seconds left.\n|\n|t:|1770787890\n|move|p2a: Magcargo|Protect|p2a: Magcargo\n|-singleturn|p2a: Magcargo|Protect\n|move|p1b: Persian|Foul Play|p2a: Magcargo\n|-activate|p2a: Magcargo|move: Protect\n|move|p2b: Minun|Nuzzle|p1b: Persian\n|-damage|p1b: Persian|246/258\n|-status|p1b: Persian|par\n|move|p1a: Luxray|Snarl|p2a: Magcargo|[spread] p2b\n|-activate|p2a: Magcargo|move: Protect\n|-damage|p2b: Minun|114/257\n|-unboost|p2b: Minun|spa|1\n|\n|upkeep\n|turn|4\n|inactive|LilDylP has 120 seconds left.\n|inactive|baseballlover has 120 seconds left.\n|\n|t:|1770787917\n|move|p2b: Minun|Super Fang|p1a: Luxray\n|-damage|p1a: Luxray|57/278\n|move|p2a: Magcargo|Heat Wave|p1b: Persian|[spread] p1a,p1b\n|-damage|p1a: Luxray|0 fnt\n|-damage|p1b: Persian|55/258 par\n|-enditem|p1b: Persian|Sitrus Berry|[eat]\n|-heal|p1b: Persian|119/258 par|[from] item: Sitrus Berry\n|faint|p1a: Luxray\n|-damage|p2a: Magcargo|44/262|[from] item: Life Orb\n|move|p1b: Persian|Snarl|p2b: Minun|[spread] p2a,p2b\n|-damage|p2a: Magcargo|0 fnt\n|-damage|p2b: Minun|75/257\n|-unboost|p2b: Minun|spa|1\n|faint|p2a: Magcargo\n|\n|upkeep\n|inactive|LilDylP has 120 seconds left.\n|\n|t:|1770787934\n|switch|p1a: Zangoose|Zangoose, L87, F|269/269\n|switch|p2a: Jirachi|Jirachi, L80|291/291\n|turn|5\n|inactive|baseballlover has 120 seconds left.\n|\n|t:|1770787950\n|move|p1a: Zangoose|Protect|p1a: Zangoose\n|-singleturn|p1a: Zangoose|Protect\n|move|p2a: Jirachi|U-turn|p1b: Persian\n|-supereffective|p1b: Persian\n|-damage|p1b: Persian|59/258 par\n|inactive|baseballlover has 120 seconds left.\n|\n|t:|1770787972\n|switch|p2a: Grimmsnarl|Grimmsnarl, L82, M|290/290|[from] U-turn\n|move|p2b: Minun|Nuzzle|p1a: Zangoose\n|-activate|p1a: Zangoose|move: Protect\n|cant|p1b: Persian|par\n|\n|-fieldend|move: Electric Terrain\n|-status|p1a: Zangoose|tox|[from] item: Toxic Orb\n|upkeep\n|turn|6\n|inactive|baseballlover has 120 seconds left.\n|\n|t:|1770787992\n|move|p2b: Minun|Encore|p1a: Zangoose\n|-start|p1a: Zangoose|Encore\n|move|p1a: Zangoose|Protect||[still]\n|-fail|p1a: Zangoose\n|move|p2a: Grimmsnarl|Spirit Break|p1b: Persian\n|-supereffective|p1b: Persian\n|-damage|p1b: Persian|0 fnt\n|faint|p1b: Persian\n|\n|-damage|p1a: Zangoose|253/269 tox|[from] psn\n|upkeep\n|\n|t:|1770788001\n|switch|p1b: Miraidon|Miraidon, L65|176/238\n|-fieldstart|move: Electric Terrain|[from] ability: Hadron Engine|[of] p1b: Miraidon\n|turn|7\n|inactive|baseballlover has 120 seconds left.\n|\n|t:|1770788038\n|switch|p1a: Chien-Pao|Chien-Pao, L75|244/244\n|-ability|p1a: Chien-Pao|Sword of Ruin\n|-terastallize|p1b: Miraidon|Electric\n|move|p2a: Grimmsnarl|Light Screen|p2a: Grimmsnarl\n|-sidestart|p2: baseballlover|move: Light Screen\n|move|p2b: Minun|Super Fang|p1b: Miraidon\n|-damage|p1b: Miraidon|88/238\n|move|p1b: Miraidon|Electro Drift|p2a: Grimmsnarl\n|-damage|p2a: Grimmsnarl|104/290\n|-damage|p1b: Miraidon|65/238|[from] item: Life Orb\n|\n|upkeep\n|turn|8\n|inactive|baseballlover has 120 seconds left.\n|\n|t:|1770788064\n|move|p1a: Chien-Pao|Sucker Punch|p2b: Minun\n|-damage|p2b: Minun|0 fnt\n|faint|p2b: Minun\n|-damage|p1a: Chien-Pao|220/244|[from] item: Life Orb\n|move|p2a: Grimmsnarl|Reflect|p2a: Grimmsnarl\n|-sidestart|p2: baseballlover|Reflect\n|move|p1b: Miraidon|Electro Drift|p2a: Grimmsnarl\n|-damage|p2a: Grimmsnarl|0 fnt\n|faint|p2a: Grimmsnarl\n|-damage|p1b: Miraidon|42/238|[from] item: Life Orb\n|\n|upkeep\n|\n|t:|1770788086\n|switch|p2b: Iron Leaves|Iron Leaves, L81|278/278\n|switch|p2a: Jirachi|Jirachi, L80|291/291\n|-activate|p2b: Iron Leaves|ability: Quark Drive\n|-start|p2b: Iron Leaves|quarkdriveatk\n|turn|9\n|inactive|baseballlover has 120 seconds left.\n|\n|t:|1770788102\n|-terastallize|p2a: Jirachi|Steel\n|move|p2a: Jirachi|Iron Head|p1a: Chien-Pao\n|-supereffective|p1a: Chien-Pao\n|-damage|p1a: Chien-Pao|0 fnt\n|faint|p1a: Chien-Pao\n|move|p2b: Iron Leaves|Leaf Blade|p1b: Miraidon\n|-damage|p1b: Miraidon|0 fnt\n|faint|p1b: Miraidon\n|\n|upkeep\n|\n|t:|1770788116\n|switch|p1b: Zangoose|Zangoose, L87, F|253/269 tox\n|turn|10\n|-message|LilDylP forfeited.\n|\n|win|baseballlover\n|raw|LilDylP's rating: 1634 &rarr; <strong>1614</strong><br />(-20 for losing)\n|raw|baseballlover's rating: 1627 &rarr; <strong>1647</strong><br />(+20 for winning)\n", "inputlog": ">version ccdc32dd7cde25fd9e4bed64820e885f66e78a4e\n>start {\"formatid\":\"gen9randomdoublesbattle\",\"seed\":\"sodium,47279dfbf9d637788023ec859c0bf5cd\",\"rated\":\"Rated battle\"}\n>player p1 {\"name\":\"LilDylP\",\"avatar\":\"170\",\"rating\":1634,\"seed\":\"sodium,42010585f21835dd0a0964426fc2f76c\"}\n>player p2 {\"name\":\"baseballlover\",\"avatar\":\"266\",\"rating\":1627,\"seed\":\"sodium,ab19eea1713cf030def27178185f9c57\"}\n>p1 switch 5, move voltswitch +1\n>p2 move shellsmash, move uturn +2\n>p2 pass, switch 4\n>p1 pass, switch 6\n>p1 move snarl, move psychic +2\n>p2 move heatwave, move nuzzle +2\n>p1 pass, switch 4\n>p1 move snarl, move foulplay +1\n>p2 move protect, move nuzzle +2\n>p1 move snarl, move snarl\n>p2 move heatwave, move superfang +1\n>p1 switch 3, pass\n>p2 switch 4, pass\n>p1 move protect, move thunderwave +1\n>p2 move uturn +2, move nuzzle +1\n>p2 switch 5, pass\n>p1 move facade +1, move snarl\n>p2 move spiritbreak +2, move encore +1\n>p1 pass, switch 6\n>p1 switch 5, move electrodrift +1 terastallize\n>p2 move lightscreen, move superfang +2\n>p1 move suckerpunch +2, move electrodrift +1\n>p2 move reflect, move nuzzle +1\n>p2 switch 5, switch 6\n>p1 move iciclecrash +2, move electrodrift +1\n>p2 move ironhead +1 terastallize, move leafblade +2\n>p1 pass, switch 5\n>forcelose p1", "uploadtime": 1770788126, "views": 64, "formatid": "gen9randomdoublesbattle", "rating": 1614, "private": 0, "password": null}