{"id": "gen9randomdoublesbattle-2540482307", "format": "[Gen 9] Random Doubles Battle", "players": ["Jenome", "LukeMason"], "log": "|j|☆Jenome\n|j|☆LukeMason\n|t:|1771207536\n|gametype|doubles\n|player|p1|Jenome|gentleman-gen4|1646\n|player|p2|LukeMason|169|1734\n|gen|9\n|tier|[Gen 9] Random Doubles Battle\n|rated|\n|rule|Species Clause: Limit one of each Pokémon\n|rule|HP Percentage Mod: HP is shown in percentages\n|rule|Illusion Level Mod: Illusion disguises the Pokémon's true level\n|rule|Sleep Clause Mod: Limit one foe put to sleep\n|\n|t:|1771207536\n|teamsize|p1|6\n|teamsize|p2|6\n|start\n|switch|p1a: Scrafty|Scrafty, L83, M|244/244\n|switch|p1b: Rayquaza|Rayquaza, L75|281/281\n|switch|p2a: Vaporeon|Vaporeon, L84, M|356/356\n|switch|p2b: Incineroar|Incineroar, L78, M|276/276\n|-ability|p1b: Rayquaza|Air Lock\n|-ability|p1a: Scrafty|Intimidate|boost\n|-unboost|p2a: Vaporeon|atk|1\n|-unboost|p2b: Incineroar|atk|1\n|-ability|p2b: Incineroar|Intimidate|boost\n|-unboost|p1a: Scrafty|atk|1\n|-fail|p1b: Rayquaza|unboost|[from] item: Clear Amulet|[of] p1b: Rayquaza\n|turn|1\n|c|☆LukeMason|Good luck\n|\n|t:|1771207558\n|switch|p1b: Tsareena|Tsareena, L85, F|261/261\n|switch|p1a: Wyrdeer|Wyrdeer, L85, F|314/314\n|-ability|p1a: Wyrdeer|Intimidate|boost\n|-unboost|p2a: Vaporeon|atk|1\n|-unboost|p2b: Incineroar|atk|1\n|move|p2b: Incineroar|Fake Out||[still]\n|cant|p1b: Tsareena|ability: Queenly Majesty|Fake Out|[of] p2b: Incineroar\n|move|p2a: Vaporeon|Icy Wind|p1a: Wyrdeer|[spread] p1a,p1b\n|-supereffective|p1b: Tsareena\n|-damage|p1a: Wyrdeer|278/314\n|-damage|p1b: Tsareena|219/261\n|-unboost|p1a: Wyrdeer|spe|1\n|-unboost|p1b: Tsareena|spe|1\n|\n|upkeep\n|turn|2\n|\n|t:|1771207576\n|switch|p1b: Scrafty|Scrafty, L83, M|244/244\n|-ability|p1b: Scrafty|Intimidate|boost\n|-unboost|p2a: Vaporeon|atk|1\n|-unboost|p2b: Incineroar|atk|1\n|move|p2a: Vaporeon|Muddy Water|p1b: Scrafty|[spread] p1a\n|-miss|p2a: Vaporeon|p1b: Scrafty\n|-damage|p1a: Wyrdeer|185/314\n|move|p2b: Incineroar|Parting Shot|p1b: Scrafty\n|-unboost|p1b: Scrafty|atk|1\n|-unboost|p1b: Scrafty|spa|1\n|inactive|Battle timer is ON: inactive players will automatically lose when time's up. (requested by Jenome)\n|\n|t:|1771207593\n|switch|p2b: Whimsicott|Whimsicott, L80, M|227/227|[from] Parting Shot\n|move|p1a: Wyrdeer|Trick Room|p1a: Wyrdeer\n|-fieldstart|move: Trick Room|[of] p1a: Wyrdeer\n|\n|upkeep\n|turn|3\n|\n|t:|1771207610\n|move|p2b: Whimsicott|Encore|p1a: Wyrdeer\n|-start|p1a: Wyrdeer|Encore\n|move|p1a: Wyrdeer|Trick Room|p1a: Wyrdeer\n|-fieldend|move: Trick Room\n|move|p2a: Vaporeon|Icy Wind|p1a: Wyrdeer|[spread] p1a,p1b\n|-damage|p1a: Wyrdeer|147/314\n|-damage|p1b: Scrafty|225/244\n|-unboost|p1a: Wyrdeer|spe|1\n|-unboost|p1b: Scrafty|spe|1\n|move|p1b: Scrafty|Poison Jab|p2b: Whimsicott\n|-supereffective|p2b: Whimsicott\n|-damage|p2b: Whimsicott|71/227\n|-status|p2b: Whimsicott|psn\n|-enditem|p2b: Whimsicott|Sitrus Berry|[eat]\n|-heal|p2b: Whimsicott|127/227 psn|[from] item: Sitrus Berry\n|\n|-damage|p2b: Whimsicott|99/227 psn|[from] psn\n|upkeep\n|turn|4\n|\n|t:|1771207636\n|switch|p1b: Tsareena|Tsareena, L85, F|219/261\n|move|p2b: Whimsicott|Moonblast|p1b: Tsareena\n|-damage|p1b: Tsareena|170/261\n|move|p2a: Vaporeon|Icy Wind|p1a: Wyrdeer|[spread] p1a,p1b\n|-supereffective|p1b: Tsareena\n|-damage|p1a: Wyrdeer|112/314\n|-damage|p1b: Tsareena|132/261\n|-unboost|p1a: Wyrdeer|spe|1\n|-unboost|p1b: Tsareena|spe|1\n|move|p1a: Wyrdeer|Trick Room|p1a: Wyrdeer\n|-fieldstart|move: Trick Room|[of] p1a: Wyrdeer\n|\n|-damage|p2b: Whimsicott|71/227 psn|[from] psn\n|upkeep\n|turn|5\n|\n|t:|1771207656\n|switch|p1a: Scrafty|Scrafty, L83, M|225/244\n|-ability|p1a: Scrafty|Intimidate|boost\n|-unboost|p2a: Vaporeon|atk|1\n|-unboost|p2b: Whimsicott|atk|1\n|switch|p2b: Incineroar|Incineroar, L78, M|276/276\n|-ability|p2b: Incineroar|Intimidate|boost\n|-unboost|p1a: Scrafty|atk|1\n|-unboost|p1b: Tsareena|atk|1\n|move|p2a: Vaporeon|Protect|p2a: Vaporeon\n|-singleturn|p2a: Vaporeon|Protect\n|move|p1b: Tsareena|Triple Axel|p2b: Incineroar\n|-resisted|p2b: Incineroar\n|-damage|p2b: Incineroar|270/276\n|-resisted|p2b: Incineroar\n|-damage|p2b: Incineroar|257/276\n|-resisted|p2b: Incineroar\n|-damage|p2b: Incineroar|238/276\n|-hitcount|p2b: Incineroar|3\n|\n|upkeep\n|turn|6\n|inactive|LukeMason has 120 seconds left.\n|\n|t:|1771207692\n|move|p1a: Scrafty|Fake Out|p2b: Incineroar\n|-damage|p2b: Incineroar|219/276\n|move|p1b: Tsareena|Knock Off|p2b: Incineroar\n|-resisted|p2b: Incineroar\n|-damage|p2b: Incineroar|189/276\n|-enditem|p2b: Incineroar|Heavy-Duty Boots|[from] move: Knock Off|[of] p1b: Tsareena\n|cant|p2b: Incineroar|flinch\n|move|p2a: Vaporeon|Yawn|p1a: Scrafty\n|-start|p1a: Scrafty|move: Yawn|[of] p2a: Vaporeon\n|\n|upkeep\n|turn|7\n|\n|t:|1771207710\n|switch|p1b: Rayquaza|Rayquaza, L75|281/281\n|-ability|p1b: Rayquaza|Air Lock\n|switch|p1a: Wyrdeer|Wyrdeer, L85, F|112/314\n|-ability|p1a: Wyrdeer|Intimidate|boost\n|-unboost|p2a: Vaporeon|atk|1\n|-unboost|p2b: Incineroar|atk|1\n|move|p2b: Incineroar|Flare Blitz|p1b: Rayquaza\n|-resisted|p1b: Rayquaza\n|-damage|p1b: Rayquaza|236/281\n|-damage|p2b: Incineroar|174/276|[from] Recoil\n|move|p2a: Vaporeon|Icy Wind|p1a: Wyrdeer|[spread] p1a,p1b\n|-supereffective|p1b: Rayquaza\n|-damage|p1a: Wyrdeer|77/314\n|-damage|p1b: Rayquaza|100/281\n|-unboost|p1a: Wyrdeer|spe|1\n|\n|upkeep\n|turn|8\n|inactive|Jenome has 120 seconds left.\n|inactive|LukeMason has 120 seconds left.\n|\n|t:|1771207744\n|move|p1a: Wyrdeer|Double-Edge|p2b: Incineroar\n|-damage|p2b: Incineroar|0 fnt\n|faint|p2b: Incineroar\n|-damage|p1a: Wyrdeer|20/314|[from] Recoil\n|-damage|p1a: Wyrdeer|0 fnt|[from] item: Life Orb\n|faint|p1a: Wyrdeer\n|move|p2a: Vaporeon|Icy Wind|p1b: Rayquaza\n|-supereffective|p1b: Rayquaza\n|-damage|p1b: Rayquaza|0 fnt\n|faint|p1b: Rayquaza\n|\n|-fieldend|move: Trick Room\n|upkeep\n|inactive|Jenome has 120 seconds left.\n|inactive|LukeMason has 120 seconds left.\n|\n|t:|1771207761\n|switch|p1b: Scrafty|Scrafty, L83, M|225/244\n|switch|p2b: Feraligatr|Feraligatr, L82, F|274/274\n|switch|p1a: Tsareena|Tsareena, L85, F|132/261\n|-ability|p1b: Scrafty|Intimidate|boost\n|-unboost|p2a: Vaporeon|atk|1\n|-unboost|p2b: Feraligatr|atk|1\n|turn|9\n|\n|t:|1771207780\n|move|p1b: Scrafty|Fake Out|p2a: Vaporeon\n|-damage|p2a: Vaporeon|321/356\n|move|p2b: Feraligatr|Ice Punch|p1a: Tsareena\n|-supereffective|p1a: Tsareena\n|-damage|p1a: Tsareena|23/261\n|move|p1a: Tsareena|Power Whip|p2b: Feraligatr\n|-supereffective|p2b: Feraligatr\n|-damage|p2b: Feraligatr|0 fnt\n|faint|p2b: Feraligatr\n|cant|p2a: Vaporeon|flinch\n|\n|upkeep\n|\n|t:|1771207787\n|switch|p2b: Whimsicott|Whimsicott, L80, M|71/227 psn\n|turn|10\n|\n|t:|1771207803\n|move|p2b: Whimsicott|Tailwind|p2b: Whimsicott\n|-sidestart|p2: LukeMason|move: Tailwind\n|move|p2a: Vaporeon|Icy Wind|p1b: Scrafty|[spread] p1b\n|-miss|p2a: Vaporeon|p1a: Tsareena\n|-damage|p1b: Scrafty|208/244\n|-unboost|p1b: Scrafty|spe|1\n|move|p1a: Tsareena|Power Whip|p2a: Vaporeon\n|-supereffective|p2a: Vaporeon\n|-damage|p2a: Vaporeon|0 fnt\n|faint|p2a: Vaporeon\n|move|p1b: Scrafty|Knock Off|p2b: Whimsicott\n|-resisted|p2b: Whimsicott\n|-damage|p2b: Whimsicott|38/227 psn\n|\n|-damage|p2b: Whimsicott|10/227 psn|[from] psn\n|upkeep\n|\n|t:|1771207813\n|switch|p2a: Persian|Persian, L92, M|269/269\n|turn|11\n|\n|t:|1771207822\n|move|p2a: Persian|Icy Wind|p1b: Scrafty|[spread] p1a,p1b\n|-supereffective|p1a: Tsareena\n|-damage|p1a: Tsareena|0 fnt\n|-damage|p1b: Scrafty|189/244\n|-unboost|p1b: Scrafty|spe|1\n|faint|p1a: Tsareena\n|move|p2b: Whimsicott|Moonblast|p1b: Scrafty\n|-supereffective|p1b: Scrafty\n|-crit|p1b: Scrafty\n|-damage|p1b: Scrafty|0 fnt\n|faint|p1b: Scrafty\n|\n|-damage|p2b: Whimsicott|0 fnt|[from] psn\n|faint|p2b: Whimsicott\n|upkeep\n|\n|t:|1771207835\n|switch|p2b: Comfey|Comfey, L88, F|233/233\n|switch|p1a: Regieleki|Regieleki, L79|256/256\n|switch|p1b: Zacian|Zacian-Crowned, L66|231/231\n|-ability|p1b: Zacian|Intrepid Sword|boost\n|-boost|p1b: Zacian|atk|1\n|turn|12\n|\n|t:|1771207863\n|-terastallize|p2a: Persian|Ghost\n|move|p2b: Comfey|Draining Kiss|p1a: Regieleki\n|-damage|p1a: Regieleki|172/256\n|move|p2a: Persian|Icy Wind|p1b: Zacian|[spread] p1a,p1b\n|-resisted|p1b: Zacian\n|-damage|p1a: Regieleki|115/256\n|-damage|p1b: Zacian|213/231\n|-unboost|p1a: Regieleki|spe|1\n|-unboost|p1b: Zacian|spe|1\n|move|p1a: Regieleki|Electroweb|p2b: Comfey|[spread] p2a,p2b\n|-damage|p2a: Persian|193/269\n|-damage|p2b: Comfey|184/233\n|-unboost|p2a: Persian|spe|1\n|-unboost|p2b: Comfey|spe|1\n|move|p1b: Zacian|Behemoth Blade|p2a: Persian\n|-damage|p2a: Persian|15/269\n|\n|upkeep\n|turn|13\n|inactive|LukeMason has 120 seconds left.\n|\n|t:|1771207906\n|move|p2b: Comfey|Draining Kiss|p1b: Zacian\n|-resisted|p1b: Zacian\n|-damage|p1b: Zacian|185/231\n|-heal|p2b: Comfey|205/233|[from] drain|[of] p1b: Zacian\n|move|p2a: Persian|Double-Edge|p1a: Regieleki\n|-damage|p1a: Regieleki|0 fnt\n|faint|p1a: Regieleki\n|-damage|p2a: Persian|0 fnt|[from] Recoil\n|faint|p2a: Persian\n|move|p1b: Zacian|Behemoth Blade|p2b: Comfey\n|-supereffective|p2b: Comfey\n|-damage|p2b: Comfey|0 fnt\n|faint|p2b: Comfey\n|\n|win|Jenome\n|raw|Jenome's rating: 1646 &rarr; <strong>1671</strong><br />(+25 for winning)\n|raw|LukeMason's rating: 1734 &rarr; <strong>1709</strong><br />(-25 for losing)\n|c|☆Jenome|gg\n", "inputlog": ">version 686819e5e19f8a7fd2345cfc5a08a5085efa2cc3\n>start {\"formatid\":\"gen9randomdoublesbattle\",\"seed\":\"sodium,4112a242762535e7d42d2fe4f9306630\",\"rated\":\"Rated battle\"}\n>player p1 {\"name\":\"Jenome\",\"avatar\":\"gentleman-gen4\",\"rating\":1646,\"seed\":\"sodium,1ecc79bba5adc70f95f6233b356a60dc\"}\n>player p2 {\"name\":\"LukeMason\",\"avatar\":\"169\",\"rating\":1734,\"seed\":\"sodium,cf5a1dc0b848699f1b4e03af56566203\"}\n>chat ☆LukeMason|Good luck \n>p1 switch 3, switch 5\n>p2 move icywind, move fakeout +2\n>p1 move trickroom, switch 3\n>p2 move muddywater, move partingshot +2\n>p2 pass, switch 5\n>p1 move doubleedge +2, move poisonjab +2\n>p2 move icywind, move encore +1\n>p1 move trickroom, switch 3\n>p2 move icywind, move moonblast +2\n>p1 switch 3, move tripleaxel +2\n>p2 move protect, switch 5\n>p1 move fakeout +2, move knockoff +2\n>p2 move yawn +1, move knockoff +2\n>p1 switch 3, switch 5\n>p2 move icywind, move flareblitz +2\n>p1 move doubleedge +2, move dragonascent +2\n>p2 move icywind, move knockoff +1\n>p1 switch 5, switch 3\n>p2 pass, switch 6\n>p1 move powerwhip +2, move fakeout +1\n>p2 move icywind, move icepunch +1\n>p2 pass, switch 5\n>p1 move powerwhip +1, move knockoff +1\n>p2 move icywind, move tailwind\n>p2 switch 4, pass\n>p1 move knockoff +1, move closecombat +1\n>p2 move icywind, move moonblast +2\n>p1 switch 4, switch 6\n>p2 pass, switch 3\n>p1 move electroweb, move behemothblade +1\n>p2 move icywind terastallize, move drainingkiss +1\n>p1 move electroweb, move behemothblade +2\n>p2 move doubleedge +1, move drainingkiss +2", "uploadtime": 1771207919, "views": 38, "formatid": "gen9randomdoublesbattle", "rating": 1671, "private": 0, "password": null}