{"id": "gen9randomdoublesbattle-2536597579", "format": "[Gen 9] Random Doubles Battle", "players": ["baseballlover", "yolo1234567"], "log": "|j|☆baseballlover\n|j|☆yolo1234567\n|t:|1770712372\n|gametype|doubles\n|player|p1|baseballlover|2|1565\n|player|p2|yolo1234567|2|1592\n|gen|9\n|tier|[Gen 9] Random Doubles Battle\n|rated|\n|rule|Species Clause: Limit one of each Pokémon\n|rule|HP Percentage Mod: HP is shown in percentages\n|rule|Illusion Level Mod: Illusion disguises the Pokémon's true level\n|rule|Sleep Clause Mod: Limit one foe put to sleep\n|\n|t:|1770712372\n|teamsize|p1|6\n|teamsize|p2|6\n|start\n|switch|p1a: Mienshao|Mienshao, L84, M|246/246\n|switch|p1b: Reuniclus|Reuniclus, L84, M|322/322\n|switch|p2a: Cresselia|Cresselia, L80, F|323/323\n|switch|p2b: Duraludon|Duraludon, L83, M|252/252\n|turn|1\n|inactive|Battle timer is ON: inactive players will automatically lose when time's up. (requested by baseballlover)\n|inactive|yolo1234567 has 120 seconds left.\n|inactive|yolo1234567 has 90 seconds left.\n|inactive|yolo1234567 has 60 seconds left.\n|\n|t:|1770712471\n|switch|p2b: Rabsca|Rabsca, L87, M|272/272\n|move|p1a: Mienshao|Close Combat|p2b: Rabsca\n|-resisted|p2b: Rabsca\n|-damage|p2b: Rabsca|232/272\n|-unboost|p1a: Mienshao|def|1\n|-unboost|p1a: Mienshao|spd|1\n|move|p2a: Cresselia|Psychic|p1a: Mienshao\n|-supereffective|p1a: Mienshao\n|-enditem|p1a: Mienshao|Focus Sash\n|-damage|p1a: Mienshao|1/246\n|move|p1b: Reuniclus|Shadow Ball|p2a: Cresselia\n|-supereffective|p2a: Cresselia\n|-damage|p2a: Cresselia|177/323\n|-unboost|p2a: Cresselia|spd|1\n|\n|upkeep\n|turn|2\n|inactive|yolo1234567 has 120 seconds left.\n|\n|t:|1770712494\n|switch|p1a: Squawkabilly|Squawkabilly-White, L91, M|297/297\n|-ability|p1a: Squawkabilly|Intimidate|boost\n|-unboost|p2a: Cresselia|atk|1\n|-unboost|p2b: Rabsca|atk|1\n|move|p2a: Cresselia|Lunar Blessing|p2a: Cresselia|[spread] p2a,p2b\n|-heal|p2a: Cresselia|258/323\n|-heal|p2b: Rabsca|272/272\n|move|p1b: Reuniclus|Shadow Ball|p2a: Cresselia\n|-supereffective|p2a: Cresselia\n|-damage|p2a: Cresselia|21/323\n|-enditem|p2a: Cresselia|Sitrus Berry|[eat]\n|-heal|p2a: Cresselia|101/323|[from] item: Sitrus Berry\n|move|p2b: Rabsca|Trick Room|p2b: Rabsca\n|-fieldstart|move: Trick Room|[of] p2b: Rabsca\n|\n|upkeep\n|turn|3\n|inactive|yolo1234567 has 120 seconds left.\n|\n|t:|1770712521\n|switch|p2b: Wigglytuff|Wigglytuff, L91, F|403/403\n|switch|p2a: Clodsire|Clodsire, L87, M|368/368\n|move|p1b: Reuniclus|Shadow Ball|p2a: Clodsire\n|-damage|p2a: Clodsire|287/368\n|move|p1a: Squawkabilly|Brave Bird|p2b: Wigglytuff\n|-damage|p2b: Wigglytuff|103/403\n|-enditem|p2b: Wigglytuff|Sitrus Berry|[eat]\n|-heal|p2b: Wigglytuff|203/403|[from] item: Sitrus Berry\n|-damage|p1a: Squawkabilly|198/297|[from] Recoil\n|-damage|p1a: Squawkabilly|169/297|[from] item: Life Orb\n|\n|-heal|p2a: Clodsire|310/368|[from] item: Leftovers\n|upkeep\n|turn|4\n|inactive|baseballlover has 120 seconds left.\n|\n|t:|1770712569\n|move|p1b: Reuniclus|Psychic|p2a: Clodsire\n|-supereffective|p2a: Clodsire\n|-damage|p2a: Clodsire|34/368\n|move|p2a: Clodsire|Gunk Shot|p1b: Reuniclus\n|-damage|p1b: Reuniclus|198/322\n|move|p2b: Wigglytuff|Thunder Wave|p1a: Squawkabilly\n|-status|p1a: Squawkabilly|par\n|move|p1a: Squawkabilly|Double-Edge|p2b: Wigglytuff\n|-damage|p2b: Wigglytuff|0 fnt\n|faint|p2b: Wigglytuff\n|-damage|p1a: Squawkabilly|102/297 par|[from] Recoil\n|-damage|p1a: Squawkabilly|73/297 par|[from] item: Life Orb\n|\n|-heal|p2a: Clodsire|57/368|[from] item: Leftovers\n|upkeep\n|inactive|yolo1234567 has 120 seconds left.\n|\n|t:|1770712595\n|switch|p2b: Rabsca|Rabsca, L87, M|272/272\n|turn|5\n|inactive|baseballlover has 120 seconds left.\n|\n|t:|1770712610\n|move|p1b: Reuniclus|Psychic|p2a: Clodsire\n|-supereffective|p2a: Clodsire\n|-damage|p2a: Clodsire|0 fnt\n|faint|p2a: Clodsire\n|move|p2b: Rabsca|Revival Blessing|p2b: Rabsca\n|\n|t:|1770712616\n|-heal|p2: Wigglytuff|201/403|[from] move: Revival Blessing\n|cant|p1a: Squawkabilly|par\n|\n|upkeep\n|\n|t:|1770712621\n|switch|p2a: Wigglytuff|Wigglytuff, L91, F|201/403\n|turn|6\n|\n|t:|1770712628\n|move|p2a: Wigglytuff|Helping Hand|p2b: Rabsca\n|-singleturn|p2b: Rabsca|Helping Hand|[of] p2a: Wigglytuff\n|move|p1b: Reuniclus|Psychic|p2a: Wigglytuff\n|-damage|p2a: Wigglytuff|6/403\n|-unboost|p2a: Wigglytuff|spd|1\n|-ability|p2a: Wigglytuff|Competitive|boost\n|-boost|p2a: Wigglytuff|spa|2\n|move|p2b: Rabsca|Struggle Bug|p1a: Squawkabilly|[spread] p1a,p1b\n|-resisted|p1a: Squawkabilly\n|-supereffective|p1b: Reuniclus\n|-damage|p1a: Squawkabilly|28/297 par\n|-damage|p1b: Reuniclus|54/322\n|-unboost|p1a: Squawkabilly|spa|1\n|-unboost|p1b: Reuniclus|spa|1\n|move|p1a: Squawkabilly|Brave Bird|p2b: Rabsca\n|-supereffective|p2b: Rabsca\n|-damage|p2b: Rabsca|0 fnt\n|faint|p2b: Rabsca\n|-damage|p1a: Squawkabilly|0 fnt|[from] Recoil\n|faint|p1a: Squawkabilly\n|\n|-fieldend|move: Trick Room\n|upkeep\n|inactive|baseballlover has 120 seconds left.\n|\n|t:|1770712661\n|switch|p1a: Hitmonchan|Hitmonchan, L90, M|236/236\n|switch|p2b: Cresselia|Cresselia, L80, F|101/323\n|turn|7\n|\n|t:|1770712675\n|move|p1a: Hitmonchan|Fake Out|p2a: Wigglytuff\n|-damage|p2a: Wigglytuff|0 fnt\n|faint|p2a: Wigglytuff\n|move|p2b: Cresselia|Icy Wind|p1b: Reuniclus|[spread] p1a,p1b\n|-damage|p1a: Hitmonchan|219/236\n|-damage|p1b: Reuniclus|31/322\n|-unboost|p1a: Hitmonchan|spe|1\n|-unboost|p1b: Reuniclus|spe|1\n|move|p1b: Reuniclus|Shadow Ball|p2b: Cresselia\n|-supereffective|p2b: Cresselia\n|-damage|p2b: Cresselia|2/323\n|\n|upkeep\n|-message|yolo1234567 forfeited.\n|\n|win|baseballlover\n|raw|baseballlover's rating: 1565 &rarr; <strong>1587</strong><br />(+22 for winning)\n|raw|yolo1234567's rating: 1592 &rarr; <strong>1570</strong><br />(-22 for losing)\n", "inputlog": ">version ccdc32dd7cde25fd9e4bed64820e885f66e78a4e\n>start {\"formatid\":\"gen9randomdoublesbattle\",\"seed\":\"sodium,292501b8c7af9a00e51dd714ccbabf72\",\"rated\":\"Rated battle\"}\n>player p1 {\"name\":\"baseballlover\",\"avatar\":\"2\",\"rating\":1565,\"seed\":\"sodium,089072e9198a3f7e7ab5446de5dd5b24\"}\n>player p2 {\"name\":\"yolo1234567\",\"avatar\":\"2\",\"rating\":1592,\"seed\":\"sodium,d7d6c0a14fc66fcc7f39226312fb8fe7\"}\n>p1 move closecombat +2, move shadowball +1\n>p2 move psychic +1, switch 4\n>p1 switch 6, move shadowball +1\n>p2 move lunarblessing, move trickroom\n>p1 move bravebird +2, move shadowball +1\n>p2 switch 5, switch 6\n>p1 move doubleedge +2, move psychic +1\n>p2 move gunkshot +2, move thunderwave +1\n>p2 pass, switch 6\n>p1 move bravebird +2, move psychic +1\n>p2 move gunkshot +1, move revivalblessing\n>p2 pass, switch 6\n>p2 switch 6, pass\n>p1 move bravebird +2, move psychic +1\n>p2 move helpinghand -2, move strugglebug\n>p1 switch 4, pass\n>p2 pass, switch 5\n>p1 move fakeout +1, move shadowball +2\n>p2 move dazzlinggleam, move icywind\n>forcelose p2", "uploadtime": 1770712682, "views": 62, "formatid": "gen9randomdoublesbattle", "rating": 1570, "private": 0, "password": null}