{"id": "gen9randomdoublesbattle-2539031736", "format": "[Gen 9] Random Doubles Battle", "players": ["BladeDiamond", "Reulsen"], "log": "|j|☆BladeDiamond\n|j|☆Reulsen\n|t:|1771004637\n|gametype|doubles\n|player|p1|BladeDiamond|n-masters3|1618\n|player|p2|Reulsen|red|1685\n|gen|9\n|tier|[Gen 9] Random Doubles Battle\n|rated|\n|rule|Species Clause: Limit one of each Pokémon\n|rule|HP Percentage Mod: HP is shown in percentages\n|rule|Illusion Level Mod: Illusion disguises the Pokémon's true level\n|rule|Sleep Clause Mod: Limit one foe put to sleep\n|\n|t:|1771004637\n|teamsize|p1|6\n|teamsize|p2|6\n|start\n|switch|p1a: Articuno|Articuno, L82|282/282\n|switch|p1b: Palkia|Palkia, L74|255/255\n|switch|p2a: Volcarona|Volcarona, L78, F|261/261\n|switch|p2b: Gallade|Gallade, L80, M|240/240\n|-ability|p1a: Articuno|Pressure\n|turn|1\n|\n|t:|1771004657\n|switch|p1b: Armarouge|Armarouge, L80, F|267/267\n|move|p2a: Volcarona|Protect|p2a: Volcarona\n|-singleturn|p2a: Volcarona|Protect\n|move|p2b: Gallade|Psycho Cut|p1b: Armarouge\n|-resisted|p1b: Armarouge\n|-crit|p1b: Armarouge\n|-damage|p1b: Armarouge|178/267\n|move|p1a: Articuno|Tailwind|p1a: Articuno\n|-sidestart|p1: BladeDiamond|move: Tailwind\n|\n|upkeep\n|turn|2\n|\n|t:|1771004676\n|switch|p2a: Okidogi|Okidogi, L78, M|265/265\n|move|p1a: Articuno|Brave Bird|p2b: Gallade\n|-supereffective|p2b: Gallade\n|-damage|p2b: Gallade|0 fnt\n|faint|p2b: Gallade\n|-damage|p1a: Articuno|203/282|[from] Recoil\n|move|p1b: Armarouge|Heat Wave|p2a: Okidogi\n|-damage|p2a: Okidogi|78/265\n|-enditem|p2a: Okidogi|Sitrus Berry|[eat]\n|-heal|p2a: Okidogi|144/265|[from] item: Sitrus Berry\n|\n|upkeep\n|\n|t:|1771004700\n|switch|p2b: Darkrai|Darkrai, L80|243/243\n|turn|3\n|\n|t:|1771004719\n|move|p2b: Darkrai|Protect|p2b: Darkrai\n|-singleturn|p2b: Darkrai|Protect\n|move|p1a: Articuno|Ice Beam|p2b: Darkrai\n|-activate|p2b: Darkrai|move: Protect\n|move|p1b: Armarouge|Heat Wave|p2a: Okidogi|[spread] p2a\n|-activate|p2b: Darkrai|move: Protect\n|-damage|p2a: Okidogi|0 fnt\n|faint|p2a: Okidogi\n|\n|upkeep\n|\n|t:|1771004728\n|switch|p2a: Iron Thorns|Iron Thorns, L82|298/298\n|turn|4\n|\n|t:|1771004740\n|switch|p1a: Hawlucha|Hawlucha, L84, F|268/268\n|switch|p2b: Avalugg|Avalugg, L92, F|324/324\n|move|p1b: Armarouge|Heat Wave|p2b: Avalugg|[spread] p2a,p2b\n|-resisted|p2a: Iron Thorns\n|-supereffective|p2b: Avalugg\n|-damage|p2a: Iron Thorns|232/298\n|-ability|p2b: Avalugg|Sturdy\n|-damage|p2b: Avalugg|1/324\n|move|p2a: Iron Thorns|Rock Slide|p1b: Armarouge|[spread] p1a,p1b\n|-supereffective|p1b: Armarouge\n|-damage|p1a: Hawlucha|183/268\n|-damage|p1b: Armarouge|34/267\n|\n|-heal|p2b: Avalugg|21/324|[from] item: Leftovers\n|-sideend|p1: BladeDiamond|move: Tailwind\n|upkeep\n|turn|5\n|\n|t:|1771004766\n|-terastallize|p2a: Iron Thorns|Grass\n|move|p2b: Avalugg|Protect|p2b: Avalugg\n|-singleturn|p2b: Avalugg|Protect\n|move|p1a: Hawlucha|Close Combat|p2a: Iron Thorns\n|-damage|p2a: Iron Thorns|129/298\n|-unboost|p1a: Hawlucha|def|1\n|-unboost|p1a: Hawlucha|spd|1\n|-enditem|p1a: Hawlucha|White Herb\n|-clearnegativeboost|p1a: Hawlucha|[silent]\n|move|p1b: Armarouge|Heat Wave|p2a: Iron Thorns|[spread] p2a\n|-activate|p2b: Avalugg|move: Protect\n|-supereffective|p2a: Iron Thorns\n|-damage|p2a: Iron Thorns|0 fnt\n|faint|p2a: Iron Thorns\n|-end|p2a: Iron Thorns|Quark Drive|[silent]\n|\n|-heal|p2b: Avalugg|41/324|[from] item: Leftovers\n|upkeep\n|l|☆Reulsen\n|player|p2|\n|inactive|Battle timer is ON: inactive players will automatically lose when time's up. (requested by BladeDiamond)\n|inactive|Reulsen has 30 seconds to reconnect!\n|inactive|Reulsen has 20 seconds to reconnect!\n|inactive|Reulsen has 15 seconds to reconnect!\n|inactive|Reulsen has 10 seconds to reconnect!\n|inactive|Reulsen has 5 seconds to reconnect!\n|-message|Reulsen lost due to inactivity.\n|\n|win|BladeDiamond\n|raw|BladeDiamond's rating: 1618 &rarr; <strong>1642</strong><br />(+24 for winning)\n|raw|Reulsen's rating: 1685 &rarr; <strong>1661</strong><br />(-24 for losing)\n", "inputlog": ">version ccdc32dd7cde25fd9e4bed64820e885f66e78a4e\n>start {\"formatid\":\"gen9randomdoublesbattle\",\"seed\":\"sodium,e54fa762c518bfce2ad54bef8a2c6134\",\"rated\":\"Rated battle\"}\n>player p1 {\"name\":\"BladeDiamond\",\"avatar\":\"n-masters3\",\"rating\":1618,\"seed\":\"sodium,b213e82968e977534fbb7145db1c2e80\"}\n>player p2 {\"name\":\"Reulsen\",\"avatar\":\"red\",\"rating\":1685,\"seed\":\"sodium,a1005d3050b3df61e3f32c7a5782b0b7\"}\n>p1 move tailwind, switch 3\n>p2 move protect, move psychocut +2\n>p1 move bravebird +2, move heatwave\n>p2 switch 5, move psychocut +1\n>p2 pass, switch 6\n>p1 move icebeam +2, move heatwave\n>p2 move gunkshot +2, move protect\n>p2 switch 4, pass\n>p1 switch 5, move heatwave\n>p2 move rockslide, switch 3\n>p1 move closecombat +1, move heatwave\n>p2 move rockslide terastallize, move protect\n>forcelose p2", "uploadtime": 1771004866, "views": 77, "formatid": "gen9randomdoublesbattle", "rating": 1642, "private": 0, "password": null}