{"id": "gen9randomdoublesbattle-2540938700", "format": "[Gen 9] Random Doubles Battle", "players": ["ericmccaf17", "dinispereira"], "log": "|j|☆ericmccaf17\n|j|☆dinispereira\n|t:|1771269024\n|gametype|doubles\n|player|p1|ericmccaf17|cynthia|1999\n|player|p2|dinispereira|#rbtt9faction2|1975\n|gen|9\n|tier|[Gen 9] Random Doubles Battle\n|rated|\n|rule|Species Clause: Limit one of each Pokémon\n|rule|HP Percentage Mod: HP is shown in percentages\n|rule|Illusion Level Mod: Illusion disguises the Pokémon's true level\n|rule|Sleep Clause Mod: Limit one foe put to sleep\n|\n|t:|1771269024\n|teamsize|p1|6\n|teamsize|p2|6\n|start\n|switch|p1a: Magcargo|Magcargo, L93, M|262/262\n|switch|p1b: Gumshoos|Gumshoos, L93, F|315/315\n|switch|p2a: Ursaluna|Ursaluna, L77, F|327/327\n|switch|p2b: Swampert|Swampert, L82, F|298/298\n|turn|1\n|j| FishingForAngels\n|inactive|Battle timer is ON: inactive players will automatically lose when time's up. (requested by dinispereira)\n|\n|t:|1771269078\n|switch|p1a: Illumise|Illumise, L83, F|244/244\n|move|p2a: Ursaluna|Protect|p2a: Ursaluna\n|-singleturn|p2a: Ursaluna|Protect\n|move|p2b: Swampert|Knock Off|p1b: Gumshoos\n|-damage|p1b: Gumshoos|231/315\n|-enditem|p1b: Gumshoos|Choice Band|[from] move: Knock Off|[of] p2b: Swampert\n|move|p1b: Gumshoos|Double-Edge|p2b: Swampert\n|-damage|p2b: Swampert|52/298\n|-damage|p1b: Gumshoos|150/315|[from] Recoil\n|\n|-status|p2a: Ursaluna|brn|[from] item: Flame Orb\n|upkeep\n|turn|2\n|\n|t:|1771269093\n|switch|p2a: Granbull|Granbull, L88, F|302/302\n|-ability|p2a: Granbull|Intimidate|boost\n|-unboost|p1a: Illumise|atk|1\n|-unboost|p1b: Gumshoos|atk|1\n|move|p1a: Illumise|Encore||[still]\n|-fail|p1a: Illumise\n|move|p2b: Swampert|Muddy Water|p1b: Gumshoos|[spread] p1a,p1b\n|-crit|p1b: Gumshoos\n|-damage|p1a: Illumise|153/244\n|-damage|p1b: Gumshoos|0 fnt\n|faint|p1b: Gumshoos\n|\n|upkeep\n|c|☆ericmccaf17|painful crit lol\n|c|☆dinispereira|Yeah my bad\n|\n|t:|1771269116\n|switch|p1b: Donphan|Donphan, L87, F|298/298\n|turn|3\n|c|☆ericmccaf17|happens! haha\n|\n|t:|1771269135\n|switch|p2b: Flapple|Flapple, L95, M|287/287\n|move|p1a: Illumise|Tailwind|p1a: Illumise\n|-sidestart|p1: ericmccaf17|move: Tailwind\n|move|p1b: Donphan|High Horsepower|p2b: Flapple\n|-resisted|p2b: Flapple\n|-damage|p2b: Flapple|233/287\n|move|p2a: Granbull|Play Rough|p1a: Illumise\n|-damage|p1a: Illumise|21/244\n|-enditem|p1a: Illumise|Sitrus Berry|[eat]\n|-heal|p1a: Illumise|82/244|[from] item: Sitrus Berry\n|\n|upkeep\n|turn|4\n|c|☆ericmccaf17|i dont like my team at all\n|c|☆ericmccaf17|so i needed some rng\n|\n|t:|1771269154\n|switch|p2b: Kommo-o|Kommo-o, L79, M|248/248\n|move|p1a: Illumise|Bug Buzz|p2b: Kommo-o\n|-immune|p2b: Kommo-o|[from] ability: Soundproof\n|move|p1b: Donphan|High Horsepower|p2a: Granbull\n|-damage|p2a: Granbull|160/302\n|move|p2a: Granbull|Play Rough|p1a: Illumise\n|-crit|p1a: Illumise\n|-damage|p1a: Illumise|0 fnt\n|faint|p1a: Illumise\n|\n|upkeep\n|c|☆ericmccaf17|crit again\n|c|☆ericmccaf17|stop doing that\n|c|☆ericmccaf17|:\n|c|☆ericmccaf17|:P\n|c|☆dinispereira|This one probably didn't matter :)\n|inactive|ericmccaf17 has 120 seconds left.\n|c|☆ericmccaf17|haha yes it did not\n|\n|t:|1771269190\n|switch|p1a: Lokix|Lokix, L88, F|268/268\n|turn|5\n|c|☆dinispereira|I'm sorry if I don't reply to something, I'm on my phone on the train and I might miss a message\n|inactive|dinispereira has 120 seconds left.\n|\n|t:|1771269227\n|move|p1a: Lokix|Knock Off|p2a: Granbull\n|-resisted|p2a: Granbull\n|-damage|p2a: Granbull|1/302\n|-enditem|p2a: Granbull|Assault Vest|[from] move: Knock Off|[of] p1a: Lokix\n|-damage|p1a: Lokix|242/268|[from] item: Life Orb\n|move|p1b: Donphan|High Horsepower|p2b: Kommo-o\n|-damage|p2b: Kommo-o|146/248\n|move|p2b: Kommo-o|Clanging Scales|p1a: Lokix|[spread] p1a,p1b\n|-damage|p1a: Lokix|133/268\n|-damage|p1b: Donphan|232/298\n|-unboost|p2b: Kommo-o|def|1\n|-enditem|p2b: Kommo-o|Throat Spray\n|-boost|p2b: Kommo-o|spa|1|[from] item: Throat Spray\n|move|p2a: Granbull|Play Rough|p1a: Lokix\n|-supereffective|p1a: Lokix\n|-damage|p1a: Lokix|0 fnt\n|faint|p1a: Lokix\n|\n|upkeep\n|c|☆ericmccaf17|ugh i needed the KO\n|\n|t:|1771269250\n|switch|p1a: Magcargo|Magcargo, L93, M|262/262\n|turn|6\n|c|☆dinispereira|Btw, nothing to do with this game\n|c|☆ericmccaf17|:P\n|c|☆ericmccaf17|all good\n|c|☆dinispereira|But I think you are top 2 in rbel\n|inactive|dinispereira has 120 seconds left.\n|c|☆ericmccaf17|heheheh\n|c|☆ericmccaf17|that is nice\n|c|☆dinispereira|Looking forward to seeing your matches every week\n|c|☆ericmccaf17|yes it is my first time doing rbel\n|\n|t:|1771269297\n|move|p1b: Donphan|Rapid Spin|p2a: Granbull\n|-damage|p2a: Granbull|0 fnt\n|-boost|p1b: Donphan|spe|1\n|faint|p2a: Granbull\n|move|p1a: Magcargo|Shell Smash|p1a: Magcargo\n|-unboost|p1a: Magcargo|def|1\n|-unboost|p1a: Magcargo|spd|1\n|-boost|p1a: Magcargo|atk|2\n|-boost|p1a: Magcargo|spa|2\n|-boost|p1a: Magcargo|spe|2\n|move|p2b: Kommo-o|Clangorous Soul|p2b: Kommo-o\n|-boost|p2b: Kommo-o|atk|1\n|-boost|p2b: Kommo-o|def|1\n|-boost|p2b: Kommo-o|spa|1\n|-boost|p2b: Kommo-o|spd|1\n|-boost|p2b: Kommo-o|spe|1\n|-damage|p2b: Kommo-o|65/248\n|\n|-sideend|p1: ericmccaf17|move: Tailwind\n|upkeep\n|\n|t:|1771269308\n|switch|p2a: Morpeko|Morpeko, L88, F|245/245\n|turn|7\n|\n|t:|1771269317\n|move|p2a: Morpeko|Fake Out|p1b: Donphan\n|-damage|p1b: Donphan|208/298\n|move|p2b: Kommo-o|Clanging Scales|p1b: Donphan|[spread] p1a,p1b\n|-crit|p1b: Donphan\n|-damage|p1a: Magcargo|51/262\n|-damage|p1b: Donphan|0 fnt\n|faint|p1b: Donphan\n|-unboost|p2b: Kommo-o|def|1\n|move|p1a: Magcargo|Heat Wave|p2a: Morpeko|[spread] p2a,p2b\n|-resisted|p2b: Kommo-o\n|-damage|p2a: Morpeko|0 fnt\n|-damage|p2b: Kommo-o|0 fnt\n|faint|p2a: Morpeko\n|faint|p2b: Kommo-o\n|-damage|p1a: Magcargo|25/262|[from] item: Life Orb\n|\n|upkeep\n|\n|t:|1771269324\n|switch|p2a: Flapple|Flapple, L95, M|233/287\n|switch|p2b: Ursaluna|Ursaluna, L77, F|327/327 brn\n|switch|p1b: Rotom|Rotom, L90|236/236\n|turn|8\n|c|☆dinispereira|That's an annoying Pokémon as last\n|inactive|dinispereira has 120 seconds left.\n|\n|t:|1771269355\n|move|p2a: Flapple|Protect|p2a: Flapple\n|-singleturn|p2a: Flapple|Protect\n|move|p1a: Magcargo|Heat Wave|p2a: Flapple|[spread] p2b\n|-activate|p2a: Flapple|move: Protect\n|-damage|p2b: Ursaluna|74/327 brn\n|-damage|p1a: Magcargo|0 fnt|[from] item: Life Orb\n|faint|p1a: Magcargo\n|move|p1b: Rotom|Shadow Ball|p2a: Flapple\n|-activate|p2a: Flapple|move: Protect\n|move|p2b: Ursaluna|Earthquake|p1b: Rotom|[spread] \n|-activate|p2a: Flapple|move: Protect\n|-immune|p1b: Rotom|[from] ability: Levitate\n|\n|-damage|p2b: Ursaluna|54/327 brn|[from] brn\n|upkeep\n|turn|9\n|\n|t:|1771269369\n|switch|p2b: Swampert|Swampert, L82, F|52/298\n|-terastallize|p2a: Flapple|Grass\n|move|p1b: Rotom|Shadow Ball|p2a: Flapple\n|-damage|p2a: Flapple|89/287\n|-activate|p2a: Flapple|ability: Ripen\n|-enditem|p2a: Flapple|Sitrus Berry|[eat]\n|-heal|p2a: Flapple|231/287|[from] item: Sitrus Berry\n|-damage|p1b: Rotom|213/236|[from] item: Life Orb\n|move|p2a: Flapple|Grav Apple|p1b: Rotom\n|-damage|p1b: Rotom|51/236\n|-unboost|p1b: Rotom|def|1\n|\n|upkeep\n|turn|10\n|c|☆ericmccaf17|ggggg\n|-message|ericmccaf17 forfeited.\n|\n|win|dinispereira\n|raw|ericmccaf17's rating: 1999 &rarr; <strong>1978</strong><br />(-21 for losing)\n|raw|dinispereira's rating: 1975 &rarr; <strong>1996</strong><br />(+21 for winning)\n|l|☆ericmccaf17\n|player|p1|\n|c|☆dinispereira|Fg\n|c|☆dinispereira|Gg\n|l| FishingForAngels\n", "inputlog": ">version 686819e5e19f8a7fd2345cfc5a08a5085efa2cc3\n>start {\"formatid\":\"gen9randomdoublesbattle\",\"seed\":\"sodium,f40bb24474d580153609e978c4dc117b\",\"rated\":\"Rated battle\"}\n>player p1 {\"name\":\"ericmccaf17\",\"avatar\":\"cynthia\",\"rating\":1999,\"seed\":\"sodium,edd62c7ecdaadab6480a2377fea39b93\"}\n>player p2 {\"name\":\"dinispereira\",\"avatar\":\"#rbtt9faction2\",\"rating\":1975,\"seed\":\"sodium,05f8bcca3ef86c82bca75a21a3c4d145\"}\n>p1 switch 5, move doubleedge +2\n>p2 move protect, move knockoff +2\n>p1 move encore +1, move doubleedge +2\n>p2 switch 6, move muddywater\n>chat ☆ericmccaf17|painful crit lol\n>chat ☆dinispereira|Yeah my bad\n>p1 pass, switch 3\n>chat ☆ericmccaf17|happens! haha\n>p1 move tailwind, move highhorsepower +2\n>p2 move playrough +1, switch 3\n>chat ☆ericmccaf17|i dont like my team at all\n>chat ☆ericmccaf17|so i needed some rng\n>p1 move bugbuzz +2, move highhorsepower +1\n>p2 move playrough +1, switch 4\n>chat ☆ericmccaf17|crit again\n>chat ☆ericmccaf17|stop doing that\n>chat ☆ericmccaf17|:\n>chat ☆ericmccaf17|:P\n>chat ☆dinispereira|This one probably didn't matter :)\n>chat ☆ericmccaf17|haha yes it did not \n>p1 switch 4, pass\n>chat ☆dinispereira|I'm sorry if I don't reply to something, I'm on my phone on the train and I might miss a message \n>p1 move knockoff +1, move highhorsepower +2\n>p2 move playrough +1, move clangingscales\n>chat ☆ericmccaf17|ugh i needed the KO \n>p1 switch 5, pass\n>chat ☆dinispereira|Btw, nothing to do with this game\n>chat ☆ericmccaf17|:P\n>chat ☆ericmccaf17|all good\n>chat ☆dinispereira|But I think you are top 2 in rbel\n>chat ☆ericmccaf17|heheheh\n>chat ☆ericmccaf17|that is nice\n>chat ☆dinispereira|Looking forward to seeing your matches every week\n>chat ☆ericmccaf17|yes it is my first time doing rbel\n>p1 move shellsmash, move rapidspin +1\n>p2 move closecombat +1, move clangoroussoul\n>p2 switch 5, pass\n>p1 move heatwave, move highhorsepower +1\n>p2 move fakeout +2, move clangingscales\n>p1 pass, switch 6\n>p2 switch 4, switch 6\n>chat ☆dinispereira|That's an annoying Pokémon as last\n>p1 move heatwave, move shadowball +1\n>p2 move protect, move earthquake\n>p1 pass, move shadowball +1\n>p2 move gravapple +2 terastallize, switch 3\n>chat ☆ericmccaf17|ggggg\n>forcelose p1", "uploadtime": 1771269428, "views": 2, "formatid": "gen9randomdoublesbattle", "rating": 1978, "private": 0, "password": null}