{"id": "gen9randomdoublesbattle-2537852301", "format": "[Gen 9] Random Doubles Battle", "players": ["Limejuice007", "BlakeMadrid"], "log": "|j|☆Limejuice007\n|j|☆BlakeMadrid\n|t:|1770855372\n|gametype|doubles\n|player|p1|Limejuice007|li|1579\n|player|p2|BlakeMadrid|blue|1598\n|gen|9\n|tier|[Gen 9] Random Doubles Battle\n|rated|\n|rule|Species Clause: Limit one of each Pokémon\n|rule|HP Percentage Mod: HP is shown in percentages\n|rule|Illusion Level Mod: Illusion disguises the Pokémon's true level\n|rule|Sleep Clause Mod: Limit one foe put to sleep\n|\n|t:|1770855372\n|teamsize|p1|6\n|teamsize|p2|6\n|start\n|switch|p1a: Scyther|Scyther, L80, F|243/243\n|switch|p1b: Crawdaunt|Crawdaunt, L87, M|251/251\n|switch|p2a: Orthworm|Orthworm, L88, F|266/266\n|switch|p2b: Pawmot|Pawmot, L80, F|243/243\n|turn|1\n|inactive|Battle timer is ON: inactive players will automatically lose when time's up. (requested by Limejuice007)\n|inactive|Limejuice007 has 120 seconds left.\n|\n|t:|1770855406\n|switch|p1b: Iron Crown|Iron Crown, L78|268/268\n|move|p2b: Pawmot|Fake Out|p1a: Scyther\n|-damage|p1a: Scyther|219/243\n|cant|p1a: Scyther|flinch\n|move|p2a: Orthworm|Iron Defense|p2a: Orthworm\n|-boost|p2a: Orthworm|def|2\n|\n|upkeep\n|turn|2\n|\n|t:|1770855432\n|switch|p2b: Camerupt|Camerupt, L88, M|266/266\n|move|p1a: Scyther|Bug Bite|p2b: Camerupt\n|-resisted|p2b: Camerupt\n|-damage|p2b: Camerupt|206/266\n|-enditem|p2b: Camerupt|Sitrus Berry|[from] stealeat|[move] Bug Bite|[of] p1a: Scyther\n|-heal|p1a: Scyther|243/243|[from] item: Sitrus Berry\n|move|p1b: Iron Crown|Focus Blast|p2a: Orthworm\n|-supereffective|p2a: Orthworm\n|-damage|p2a: Orthworm|0 fnt\n|faint|p2a: Orthworm\n|\n|upkeep\n|inactive|BlakeMadrid has 120 seconds left.\n|\n|t:|1770855461\n|switch|p2a: Pawmot|Pawmot, L80, F|243/243\n|turn|3\n|\n|t:|1770855483\n|-end|p1b: Iron Crown|Quark Drive|[silent]\n|switch|p1b: Milotic|Milotic, L81, F|287/287\n|move|p1a: Scyther|Protect|p1a: Scyther\n|-singleturn|p1a: Scyther|Protect\n|move|p2a: Pawmot|Fake Out|p1b: Milotic\n|-damage|p1b: Milotic|252/287\n|move|p2b: Camerupt|Stealth Rock|p1a: Scyther\n|-sidestart|p1: Limejuice007|move: Stealth Rock\n|\n|upkeep\n|turn|4\n|\n|t:|1770855499\n|move|p2a: Pawmot|Double Shock|p1b: Milotic\n|-supereffective|p1b: Milotic\n|-damage|p1b: Milotic|0 fnt\n|-start|p2a: Pawmot|typechange|???/Fighting|[from] move: Double Shock\n|faint|p1b: Milotic\n|move|p1a: Scyther|Tailwind|p1a: Scyther\n|-sidestart|p1: Limejuice007|move: Tailwind\n|move|p2b: Camerupt|Heat Wave|p1a: Scyther\n|-supereffective|p1a: Scyther\n|-crit|p1a: Scyther\n|-damage|p1a: Scyther|0 fnt\n|faint|p1a: Scyther\n|\n|upkeep\n|\n|t:|1770855518\n|switch|p1a: Iron Crown|Iron Crown, L78|268/268\n|switch|p1b: Crawdaunt|Crawdaunt, L87, M|251/251\n|-damage|p1a: Iron Crown|252/268|[from] Stealth Rock\n|-damage|p1b: Crawdaunt|220/251|[from] Stealth Rock\n|turn|5\n|\n|t:|1770855529\n|switch|p2a: Hypno|Hypno, L95, F|315/315\n|switch|p2b: Sunflora|Sunflora, M|312/312\n|move|p1a: Iron Crown|Psychic|p2a: Hypno\n|-resisted|p2a: Hypno\n|-damage|p2a: Hypno|260/315\n|move|p1b: Crawdaunt|Crabhammer|p2b: Sunflora\n|-resisted|p2b: Sunflora\n|-damage|p2b: Sunflora|150/312\n|\n|upkeep\n|turn|6\n|\n|t:|1770855545\n|-end|p1a: Iron Crown|Quark Drive|[silent]\n|switch|p1a: Rampardos|Rampardos, L87, F|311/311\n|-damage|p1a: Rampardos|273/311|[from] Stealth Rock\n|move|p2b: Sunflora|Protect|p2b: Sunflora\n|-singleturn|p2b: Sunflora|Protect\n|move|p1b: Crawdaunt|Crabhammer|p2b: Sunflora\n|-activate|p2b: Sunflora|move: Protect\n|move|p2a: Hypno|Low Sweep|p1b: Crawdaunt\n|-supereffective|p1b: Crawdaunt\n|-damage|p1b: Crawdaunt|130/251\n|-unboost|p1b: Crawdaunt|spe|1\n|\n|upkeep\n|turn|7\n|inactive|Limejuice007 has 120 seconds left.\n|\n|t:|1770855580\n|switch|p2b: Dipplin|Dipplin, L92, M|297/297\n|move|p1a: Rampardos|Head Smash|p2a: Hypno\n|-damage|p2a: Hypno|0 fnt\n|faint|p2a: Hypno\n|-damage|p1a: Rampardos|143/311|[from] Recoil\n|move|p1b: Crawdaunt|Crabhammer|p2b: Dipplin\n|-resisted|p2b: Dipplin\n|-crit|p2b: Dipplin\n|-damage|p2b: Dipplin|242/297\n|\n|-sideend|p1: Limejuice007|move: Tailwind\n|upkeep\n|inactive|BlakeMadrid has 120 seconds left.\n|\n|t:|1770855595\n|switch|p2a: Pawmot|Pawmot, L80, F|243/243\n|turn|8\n|\n|t:|1770855604\n|switch|p1a: Iron Crown|Iron Crown, L78|252/268\n|-damage|p1a: Iron Crown|236/268|[from] Stealth Rock\n|switch|p1b: Blissey|Blissey, L96, F|645/645\n|-damage|p1b: Blissey|565/645|[from] Stealth Rock\n|move|p2a: Pawmot|Fake Out|p1a: Iron Crown\n|-resisted|p1a: Iron Crown\n|-damage|p1a: Iron Crown|220/268\n|move|p2b: Dipplin|Pollen Puff|p1b: Blissey\n|-damage|p1b: Blissey|514/645\n|\n|upkeep\n|turn|9\n|inactive|Limejuice007 has 120 seconds left.\n|\n|t:|1770855635\n|switch|p2a: Camerupt|Camerupt, L88, M|206/266\n|move|p1a: Iron Crown|Psychic|p2a: Camerupt\n|-damage|p2a: Camerupt|41/266\n|move|p1b: Blissey|Life Dew|p1b: Blissey|[spread] p1a,p1b\n|-heal|p1a: Iron Crown|268/268\n|-heal|p1b: Blissey|645/645\n|move|p2b: Dipplin|Syrup Bomb|p1a: Iron Crown\n|-resisted|p1a: Iron Crown\n|-damage|p1a: Iron Crown|236/268\n|-start|p1a: Iron Crown|Syrup Bomb\n|\n|-unboost|p1a: Iron Crown|spe|1\n|upkeep\n|turn|10\n|inactive|BlakeMadrid has 120 seconds left.\n|\n|t:|1770855671\n|move|p1b: Blissey|Hyper Voice|p2b: Dipplin|[spread] p2a,p2b\n|-damage|p2a: Camerupt|0 fnt\n|-damage|p2b: Dipplin|188/297\n|faint|p2a: Camerupt\n|move|p1a: Iron Crown|Psychic|p2b: Dipplin\n|-damage|p2b: Dipplin|98/297\n|move|p2b: Dipplin|Pollen Puff|p2: Camerupt|[notarget]\n|-fail|p2b: Dipplin\n|\n|-unboost|p1a: Iron Crown|spe|1\n|upkeep\n|\n|t:|1770855677\n|switch|p2a: Sunflora|Sunflora, M|150/312\n|turn|11\n|\n|t:|1770855695\n|-end|p1a: Iron Crown|Quark Drive|[silent]\n|switch|p1a: Crawdaunt|Crawdaunt, L87, M|130/251\n|-damage|p1a: Crawdaunt|99/251|[from] Stealth Rock\n|move|p2a: Sunflora|Protect|p2a: Sunflora\n|-singleturn|p2a: Sunflora|Protect\n|move|p1b: Blissey|Life Dew||[still]|[spread] p1a,p1b\n|-heal|p1a: Crawdaunt|162/251\n|-fail|p1b: Blissey|heal\n|move|p2b: Dipplin|Syrup Bomb|p1b: Blissey|[miss]\n|-miss|p2b: Dipplin|p1b: Blissey\n|\n|upkeep\n|turn|12\n|\n|t:|1770855718\n|move|p1b: Blissey|Hyper Voice|p2a: Sunflora|[spread] p2a,p2b\n|-crit|p2a: Sunflora\n|-damage|p2a: Sunflora|59/312\n|-damage|p2b: Dipplin|50/297\n|move|p1a: Crawdaunt|Crabhammer|p2a: Sunflora\n|-resisted|p2a: Sunflora\n|-damage|p2a: Sunflora|0 fnt\n|faint|p2a: Sunflora\n|move|p2b: Dipplin|Pollen Puff|p1a: Crawdaunt\n|-supereffective|p1a: Crawdaunt\n|-damage|p1a: Crawdaunt|0 fnt\n|faint|p1a: Crawdaunt\n|\n|upkeep\n|\n|t:|1770855730\n|switch|p1a: Iron Crown|Iron Crown, L78|236/268\n|switch|p2a: Pawmot|Pawmot, L80, F|243/243\n|-damage|p1a: Iron Crown|220/268|[from] Stealth Rock\n|turn|13\n|\n|t:|1770855748\n|-terastallize|p2a: Pawmot|Electric\n|-terastallize|p1b: Blissey|Ghost\n|move|p2a: Pawmot|Fake Out|p1b: Blissey\n|-immune|p1b: Blissey\n|move|p1a: Iron Crown|Psychic|p2a: Pawmot\n|-damage|p2a: Pawmot|23/243\n|move|p1b: Blissey|Hyper Voice|p2b: Dipplin|[spread] p2a,p2b\n|-damage|p2a: Pawmot|0 fnt\n|-damage|p2b: Dipplin|2/297\n|faint|p2a: Pawmot\n|move|p2b: Dipplin|Recover|p2b: Dipplin\n|-heal|p2b: Dipplin|151/297\n|\n|upkeep\n|turn|14\n|-message|BlakeMadrid forfeited.\n|\n|win|Limejuice007\n|raw|Limejuice007's rating: 1579 &rarr; <strong>1600</strong><br />(+21 for winning)\n|raw|BlakeMadrid's rating: 1598 &rarr; <strong>1577</strong><br />(-21 for losing)\n|l|☆BlakeMadrid\n|player|p2|\n", "inputlog": ">version ccdc32dd7cde25fd9e4bed64820e885f66e78a4e\n>start {\"formatid\":\"gen9randomdoublesbattle\",\"seed\":\"sodium,fd57553ba8f4521705b51353ef73fb72\",\"rated\":\"Rated battle\"}\n>player p1 {\"name\":\"Limejuice007\",\"avatar\":\"li\",\"rating\":1579,\"seed\":\"sodium,b4bb6914318f20c6f4eb79b3b9473f8e\"}\n>player p2 {\"name\":\"BlakeMadrid\",\"avatar\":\"blue\",\"rating\":1598,\"seed\":\"sodium,dcb62423664a0669905eceb1b75a5cf0\"}\n>p1 move bugbite +1, switch 3\n>p2 move irondefense, move fakeout +1\n>p1 move bugbite +2, move focusblast +1\n>p2 move bodypress +2, switch 3\n>p2 switch 3, pass\n>p1 move protect, switch 5\n>p2 move fakeout +2, move stealthrock\n>p1 move tailwind, move scald +2\n>p2 move doubleshock +2, move heatwave\n>p1 switch 5, switch 3\n>p1 move psychic +1, move crabhammer +2\n>p2 switch 5, switch 6\n>p1 switch 6, move crabhammer +2\n>p2 move lowsweep +2, move protect\n>p1 move headsmash +1, move crabhammer +2\n>p2 move lowsweep +2, switch 4\n>p2 switch 5, pass\n>p1 switch 6, switch 4\n>p2 move fakeout +1, move pollenpuff +2\n>p1 move psychic +1, move lifedew\n>p2 switch 6, move syrupbomb +1\n>p1 move psychic +1, move hypervoice\n>p2 move earthpower +1, move pollenpuff -1\n>p2 switch 4, pass\n>p1 switch 4, move lifedew\n>p2 move protect, move syrupbomb +2\n>p1 move crabhammer +1, move hypervoice\n>p2 move leafstorm +1, move pollenpuff +1\n>p1 switch 4, pass\n>p2 switch 6, pass\n>p1 move psychic +1, move hypervoice terastallize\n>p2 move fakeout +2 terastallize, move recover\n>forcelose p2", "uploadtime": 1770855770, "views": 68, "formatid": "gen9randomdoublesbattle", "rating": 1577, "private": 0, "password": null}