{"id": "gen9randomdoublesbattle-2536171390", "format": "[Gen 9] Random Doubles Battle", "players": ["FallenLiight", "marco365"], "log": "|j|☆FallenLiight\n|j|☆marco365\n|t:|1770660742\n|gametype|doubles\n|player|p1|FallenLiight|n|1738\n|player|p2|marco365|lucian|1700\n|gen|9\n|tier|[Gen 9] Random Doubles Battle\n|rated|\n|rule|Species Clause: Limit one of each Pokémon\n|rule|HP Percentage Mod: HP is shown in percentages\n|rule|Illusion Level Mod: Illusion disguises the Pokémon's true level\n|rule|Sleep Clause Mod: Limit one foe put to sleep\n|\n|t:|1770660742\n|teamsize|p1|6\n|teamsize|p2|6\n|start\n|switch|p1a: Alomomola|Alomomola, L96, F|472/472\n|switch|p1b: Okidogi|Okidogi, L78, M|265/265\n|switch|p2a: Dodrio|Dodrio, L85, F|241/241\n|switch|p2b: Wugtrio|Wugtrio, L92, M|214/214\n|turn|1\n|inactive|Battle timer is ON: inactive players will automatically lose when time's up. (requested by FallenLiight)\n|\n|t:|1770660767\n|switch|p2b: Mightyena|Mightyena, L95, M|287/287\n|-ability|p2b: Mightyena|Intimidate|boost\n|-unboost|p1a: Alomomola|atk|1\n|-unboost|p1b: Okidogi|atk|1\n|switch|p1b: Pachirisu|Pachirisu, L93, M|262/262\n|move|p2a: Dodrio|Brave Bird|p1b: Pachirisu\n|-resisted|p1b: Pachirisu\n|-damage|p1b: Pachirisu|151/262\n|-damage|p2a: Dodrio|204/241|[from] Recoil\n|move|p1a: Alomomola|Icy Wind|p2a: Dodrio|[spread] p2a,p2b\n|-supereffective|p2a: Dodrio\n|-damage|p2a: Dodrio|152/241\n|-damage|p2b: Mightyena|261/287\n|-unboost|p2a: Dodrio|spe|1\n|-unboost|p2b: Mightyena|spe|1\n|\n|upkeep\n|turn|2\n|inactive|marco365 has 120 seconds left.\n|\n|t:|1770660809\n|switch|p2a: Sandaconda|Sandaconda, L88, M|270/270\n|move|p1b: Pachirisu|Nuzzle|p2b: Mightyena\n|-damage|p2b: Mightyena|243/287\n|-status|p2b: Mightyena|par\n|move|p1a: Alomomola|Icy Wind|p2b: Mightyena|[spread] p2a,p2b\n|-supereffective|p2a: Sandaconda\n|-damage|p2a: Sandaconda|222/270\n|-damage|p2b: Mightyena|218/287 par\n|-unboost|p2a: Sandaconda|spe|1\n|-unboost|p2b: Mightyena|spe|1\n|move|p2b: Mightyena|Howl|p2b: Mightyena|[spread] p2a,p2b\n|-boost|p2a: Sandaconda|atk|1\n|-boost|p2b: Mightyena|atk|1\n|\n|upkeep\n|turn|3\n|inactive|marco365 has 120 seconds left.\n|\n|t:|1770660852\n|move|p1b: Pachirisu|Thunderbolt|p2b: Mightyena\n|-damage|p2b: Mightyena|133/287 par\n|move|p1a: Alomomola|Scald|p2a: Sandaconda\n|-supereffective|p2a: Sandaconda\n|-damage|p2a: Sandaconda|84/270\n|-status|p2a: Sandaconda|brn\n|-enditem|p2a: Sandaconda|Sitrus Berry|[eat]\n|-heal|p2a: Sandaconda|151/270 brn|[from] item: Sitrus Berry\n|move|p2a: Sandaconda|Glare|p1a: Alomomola\n|-status|p1a: Alomomola|par\n|cant|p2b: Mightyena|par\n|\n|-damage|p2a: Sandaconda|135/270 brn|[from] brn\n|upkeep\n|turn|4\n|inactive|marco365 has 90 seconds left.\n|\n|t:|1770660891\n|-terastallize|p2a: Sandaconda|Steel\n|move|p1b: Pachirisu|Thunderbolt|p2b: Mightyena\n|-damage|p2b: Mightyena|46/287 par\n|move|p2a: Sandaconda|Rest|p2a: Sandaconda\n|-status|p2a: Sandaconda|slp|[from] move: Rest\n|-heal|p2a: Sandaconda|270/270 slp|[silent]\n|move|p1a: Alomomola|Icy Wind|p2b: Mightyena|[spread] p2a,p2b\n|-resisted|p2a: Sandaconda\n|-damage|p2a: Sandaconda|259/270 slp\n|-damage|p2b: Mightyena|23/287 par\n|-unboost|p2a: Sandaconda|spe|1\n|-unboost|p2b: Mightyena|spe|1\n|cant|p2b: Mightyena|par\n|\n|upkeep\n|turn|5\n|\n|t:|1770660916\n|move|p2b: Mightyena|Sucker Punch|p1b: Pachirisu\n|-damage|p1b: Pachirisu|0 fnt\n|faint|p1b: Pachirisu\n|-damage|p2b: Mightyena|0 fnt|[from] item: Life Orb\n|faint|p2b: Mightyena\n|move|p1a: Alomomola|Scald|p2a: Sandaconda\n|-damage|p2a: Sandaconda|186/270 slp\n|cant|p2a: Sandaconda|slp\n|\n|upkeep\n|inactive|marco365 has 90 seconds left.\n|\n|t:|1770660938\n|switch|p1b: Okidogi|Okidogi, L78, M|265/265\n|switch|p2b: Dodrio|Dodrio, L85, F|152/241\n|turn|6\n|\n|t:|1770660949\n|move|p2b: Dodrio|Brave Bird|p1a: Alomomola\n|-damage|p1a: Alomomola|265/472 par\n|-damage|p2b: Dodrio|84/241|[from] Recoil\n|move|p1b: Okidogi|Bulk Up|p1b: Okidogi\n|-boost|p1b: Okidogi|atk|1\n|-boost|p1b: Okidogi|def|1\n|cant|p1a: Alomomola|par\n|cant|p2a: Sandaconda|slp\n|\n|upkeep\n|turn|7\n|\n|t:|1770660966\n|move|p2b: Dodrio|Brave Bird|p1a: Alomomola\n|-damage|p1a: Alomomola|49/472 par\n|-enditem|p1a: Alomomola|Sitrus Berry|[eat]\n|-heal|p1a: Alomomola|167/472 par|[from] item: Sitrus Berry\n|-damage|p2b: Dodrio|13/241|[from] Recoil\n|move|p1b: Okidogi|Drain Punch|p2a: Sandaconda\n|-supereffective|p2a: Sandaconda\n|-damage|p2a: Sandaconda|0 fnt\n|faint|p2a: Sandaconda\n|cant|p1a: Alomomola|par\n|\n|upkeep\n|inactive|marco365 has 90 seconds left.\n|\n|t:|1770660990\n|switch|p2a: Walking Wake|Walking Wake, L78|283/283\n|turn|8\n|\n|t:|1770661005\n|move|p2b: Dodrio|Brave Bird|p1b: Okidogi\n|-supereffective|p1b: Okidogi\n|-damage|p1b: Okidogi|0 fnt\n|faint|p1b: Okidogi\n|-damage|p2b: Dodrio|0 fnt|[from] Recoil\n|faint|p2b: Dodrio\n|move|p2a: Walking Wake|Draco Meteor|p1a: Alomomola\n|-damage|p1a: Alomomola|0 fnt\n|-unboost|p2a: Walking Wake|spa|2\n|faint|p1a: Alomomola\n|\n|upkeep\n|\n|t:|1770661024\n|switch|p2b: Tauros|Tauros-Paldea-Blaze, L79, M|248/248\n|switch|p1a: Komala|Komala, L92, F|269/269\n|switch|p1b: Rotom|Rotom-Heat, L84|221/221\n|-ability|p2b: Tauros|Intimidate|boost\n|-unboost|p1a: Komala|atk|1\n|-unboost|p1b: Rotom|atk|1\n|-ability|p1a: Komala|Comatose\n|turn|9\n|inactive|marco365 has 120 seconds left.\n|\n|t:|1770661047\n|move|p2a: Walking Wake|Draco Meteor|p1a: Komala\n|-damage|p1a: Komala|203/269\n|-unboost|p2a: Walking Wake|spa|2\n|move|p2b: Tauros|Close Combat|p1a: Komala\n|-supereffective|p1a: Komala\n|-crit|p1a: Komala\n|-damage|p1a: Komala|0 fnt\n|-unboost|p2b: Tauros|def|1\n|-unboost|p2b: Tauros|spd|1\n|faint|p1a: Komala\n|move|p1b: Rotom|Thunderbolt|p2a: Walking Wake\n|-damage|p2a: Walking Wake|177/283\n|\n|upkeep\n|\n|t:|1770661054\n|switch|p1a: Vespiquen|Vespiquen, F|302/302\n|-ability|p1a: Vespiquen|Unnerve\n|turn|10\n|inactive|marco365 has 120 seconds left.\n|\n|t:|1770661077\n|switch|p2b: Wugtrio|Wugtrio, L92, M|214/214\n|move|p2a: Walking Wake|Draco Meteor|p1a: Vespiquen\n|-damage|p1a: Vespiquen|245/302\n|-unboost|p2a: Walking Wake|spa|2\n|move|p1b: Rotom|Thunderbolt|p2a: Walking Wake\n|-damage|p2a: Walking Wake|57/283\n|move|p1a: Vespiquen|Hurricane|p2b: Wugtrio\n|-damage|p2b: Wugtrio|66/214\n|-start|p2b: Wugtrio|confusion\n|\n|-heal|p1a: Vespiquen|263/302|[from] item: Leftovers\n|upkeep\n|turn|11\n|\n|t:|1770661101\n|-end|p2a: Walking Wake|Protosynthesis|[silent]\n|switch|p2a: Tauros|Tauros-Paldea-Blaze, L79, M|248/248\n|-ability|p2a: Tauros|Intimidate|boost\n|-unboost|p1a: Vespiquen|atk|1\n|-unboost|p1b: Rotom|atk|1\n|-terastallize|p1b: Rotom|Steel\n|-activate|p2b: Wugtrio|confusion\n|move|p2b: Wugtrio|Liquidation|p1b: Rotom\n|-damage|p1b: Rotom|74/221\n|-unboost|p1b: Rotom|def|1\n|-enditem|p1b: Rotom|Sitrus Berry|[eat]\n|-heal|p1b: Rotom|129/221|[from] item: Sitrus Berry\n|move|p1b: Rotom|Thunderbolt|p2b: Wugtrio\n|-supereffective|p2b: Wugtrio\n|-damage|p2b: Wugtrio|0 fnt\n|faint|p2b: Wugtrio\n|move|p1a: Vespiquen|Pollen Puff|p2a: Tauros\n|-resisted|p2a: Tauros\n|-damage|p2a: Tauros|213/248\n|\n|-heal|p1a: Vespiquen|281/302|[from] item: Leftovers\n|upkeep\n|inactive|marco365 has 120 seconds left.\n|\n|t:|1770661123\n|switch|p2b: Walking Wake|Walking Wake, L78|57/283\n|turn|12\n|inactive|marco365 has 120 seconds left.\n|\n|t:|1770661154\n|move|p2b: Walking Wake|Flamethrower|p1a: Vespiquen\n|-supereffective|p1a: Vespiquen\n|-damage|p1a: Vespiquen|127/302\n|move|p2a: Tauros|Rock Slide|p1b: Rotom|[spread] p1a,p1b\n|-supereffective|p1a: Vespiquen\n|-resisted|p1b: Rotom\n|-damage|p1a: Vespiquen|0 fnt\n|-damage|p1b: Rotom|95/221\n|faint|p1a: Vespiquen\n|cant|p1b: Rotom|flinch\n|\n|upkeep\n|turn|13\n|inactive|marco365 has 120 seconds left.\n|\n|t:|1770661167\n|move|p2b: Walking Wake|Flamethrower|p1b: Rotom\n|-supereffective|p1b: Rotom\n|-damage|p1b: Rotom|0 fnt\n|faint|p1b: Rotom\n|\n|win|marco365\n|raw|FallenLiight's rating: 1738 &rarr; <strong>1716</strong><br />(-22 for losing)\n|raw|marco365's rating: 1700 &rarr; <strong>1722</strong><br />(+22 for winning)\n|l|☆FallenLiight\n|player|p1|\n|c|☆marco365|Gg\n", "inputlog": ">version ccdc32dd7cde25fd9e4bed64820e885f66e78a4e\n>start {\"formatid\":\"gen9randomdoublesbattle\",\"seed\":\"sodium,a00ee485e87b921f1e1d31e21fe09bef\",\"rated\":\"Rated battle\"}\n>player p1 {\"name\":\"FallenLiight\",\"avatar\":\"n\",\"rating\":1738,\"seed\":\"sodium,df06ebf26c37ac2d400e4ec917ead629\"}\n>player p2 {\"name\":\"marco365\",\"avatar\":\"lucian\",\"rating\":1700,\"seed\":\"sodium,ce905138273600bedb4e44ae5caa0e88\"}\n>p1 move icywind, switch 4\n>p2 move bravebird +2, switch 6\n>p1 move icywind, move nuzzle +2\n>p2 switch 3, move howl\n>p1 move scald +1, move thunderbolt +2\n>p2 move glare +1, move crunch +2\n>p1 move icywind, move thunderbolt +2\n>p2 move rest terastallize, move crunch +2\n>p1 move scald +1, move thunderbolt +1\n>p2 move highhorsepower +2, move suckerpunch +2\n>p1 pass, switch 4\n>p2 pass, switch 3\n>p1 move icywind, move bulkup\n>p2 move highhorsepower +2, move bravebird +1\n>p1 move icywind, move drainpunch +1\n>p2 move glare +2, move bravebird +1\n>p2 switch 4, pass\n>p1 move icywind, move drainpunch +1\n>p2 move dracometeor +2, move bravebird +2\n>p1 switch 5, switch 6\n>p2 pass, switch 5\n>p1 move woodhammer +1, move thunderbolt +1\n>p2 move dracometeor +1, move closecombat +1\n>p1 switch 3, pass\n>p1 move hurricane +2, move thunderbolt +1\n>p2 move dracometeor +1, switch 6\n>p1 move pollenpuff +1, move thunderbolt +2 terastallize\n>p2 switch 6, move liquidation +2\n>p2 pass, switch 6\n>p1 move hurricane +1, move thunderbolt +2\n>p2 move rockslide, move flamethrower +1\n>p1 pass, move thunderbolt +2\n>p2 move rockslide, move flamethrower +2", "uploadtime": 1770661177, "views": 72, "formatid": "gen9randomdoublesbattle", "rating": 1716, "private": 0, "password": null}