{"id": "gen9randomdoublesbattle-2538509767", "format": "[Gen 9] Random Doubles Battle", "players": ["delta321", "rocci"], "log": "|j|☆delta321\n|j|☆rocci\n|t:|1770934751\n|gametype|doubles\n|player|p1|delta321|n|1518\n|player|p2|rocci|beauty-gen4dp|1594\n|gen|9\n|tier|[Gen 9] Random Doubles Battle\n|rated|\n|rule|Species Clause: Limit one of each Pokémon\n|rule|HP Percentage Mod: HP is shown in percentages\n|rule|Illusion Level Mod: Illusion disguises the Pokémon's true level\n|rule|Sleep Clause Mod: Limit one foe put to sleep\n|\n|t:|1770934751\n|teamsize|p1|6\n|teamsize|p2|6\n|start\n|switch|p1a: Skeledirge|Skeledirge, L80, F|298/298\n|switch|p1b: Farigiraf|Farigiraf, L84, F|339/339\n|switch|p2a: Magmar|Magmar, L84, M|246/246\n|switch|p2b: Toedscruel|Toedscruel, L87, F|281/281\n|turn|1\n|inactive|Battle timer is ON: inactive players will automatically lose when time's up. (requested by delta321)\n|\n|t:|1770934778\n|move|p2a: Magmar|Follow Me|p2a: Magmar\n|-singleturn|p2a: Magmar|move: Follow Me\n|move|p1a: Skeledirge|Shadow Ball|p2a: Magmar\n|-damage|p2a: Magmar|186/246\n|move|p1b: Farigiraf|Hyper Voice|p2a: Magmar|[spread] p2a,p2b\n|-damage|p2a: Magmar|112/246\n|-damage|p2b: Toedscruel|206/281\n|-damage|p1b: Farigiraf|306/339|[from] item: Life Orb\n|move|p2b: Toedscruel|Spore|p1a: Skeledirge\n|-status|p1a: Skeledirge|slp|[from] move: Spore\n|\n|upkeep\n|turn|2\n|\n|t:|1770934798\n|move|p2b: Toedscruel|Knock Off|p1b: Farigiraf\n|-supereffective|p1b: Farigiraf\n|-damage|p1b: Farigiraf|170/339\n|-enditem|p1b: Farigiraf|Life Orb|[from] move: Knock Off|[of] p2b: Toedscruel\n|move|p2a: Magmar|Heat Wave|p1b: Farigiraf|[spread] p1a,p1b\n|-resisted|p1a: Skeledirge\n|-damage|p1a: Skeledirge|256/298 slp\n|-damage|p1b: Farigiraf|74/339\n|cant|p1a: Skeledirge|slp\n|move|p1b: Farigiraf|Hyper Voice|p2b: Toedscruel|[spread] p2a,p2b\n|-damage|p2a: Magmar|58/246\n|-damage|p2b: Toedscruel|142/281\n|\n|-heal|p1a: Skeledirge|274/298 slp|[from] item: Leftovers\n|upkeep\n|turn|3\n|\n|t:|1770934816\n|move|p2b: Toedscruel|Knock Off|p1a: Skeledirge\n|-supereffective|p1a: Skeledirge\n|-damage|p1a: Skeledirge|160/298 slp\n|-enditem|p1a: Skeledirge|Leftovers|[from] move: Knock Off|[of] p2b: Toedscruel\n|move|p2a: Magmar|Heat Wave|p1a: Skeledirge|[spread] p1a,p1b\n|-resisted|p1a: Skeledirge\n|-damage|p1a: Skeledirge|112/298 slp\n|-damage|p1b: Farigiraf|0 fnt\n|faint|p1b: Farigiraf\n|-curestatus|p1a: Skeledirge|slp|[msg]\n|move|p1a: Skeledirge|Torch Song|p2b: Toedscruel\n|-supereffective|p2b: Toedscruel\n|-damage|p2b: Toedscruel|4/281\n|-boost|p1a: Skeledirge|spa|1\n|-enditem|p2b: Toedscruel|Sitrus Berry|[eat]\n|-heal|p2b: Toedscruel|74/281|[from] item: Sitrus Berry\n|\n|upkeep\n|inactive|delta321 has 120 seconds left.\n|\n|t:|1770934841\n|switch|p1b: Delphox|Delphox, L83, F|260/260\n|turn|4\n|inactive|rocci has 120 seconds left.\n|\n|t:|1770934872\n|switch|p2b: Floatzel|Floatzel, L86, F|286/286\n|move|p1b: Delphox|Heat Wave|p2b: Floatzel|[spread] p2a,p2b\n|-resisted|p2a: Magmar\n|-resisted|p2b: Floatzel\n|-damage|p2a: Magmar|20/246\n|-damage|p2b: Floatzel|213/286\n|-damage|p1b: Delphox|234/260|[from] item: Life Orb\n|move|p2a: Magmar|Heat Wave|p1a: Skeledirge|[spread] p1a,p1b\n|-resisted|p1a: Skeledirge\n|-crit|p1a: Skeledirge\n|-resisted|p1b: Delphox\n|-damage|p1a: Skeledirge|44/298\n|-damage|p1b: Delphox|198/260\n|move|p1a: Skeledirge|Slack Off|p1a: Skeledirge\n|-heal|p1a: Skeledirge|193/298\n|\n|upkeep\n|turn|5\n|inactive|rocci has 120 seconds left.\n|inactive|delta321 has 120 seconds left.\n|\n|t:|1770934924\n|-terastallize|p1a: Skeledirge|Water\n|move|p1b: Delphox|Protect|p1b: Delphox\n|-singleturn|p1b: Delphox|Protect\n|move|p2a: Magmar|Follow Me|p2a: Magmar\n|-singleturn|p2a: Magmar|move: Follow Me\n|move|p2b: Floatzel|Flip Turn|p1b: Delphox\n|-activate|p1b: Delphox|move: Protect\n|move|p1a: Skeledirge|Torch Song|p2a: Magmar\n|-resisted|p2a: Magmar\n|-crit|p2a: Magmar\n|-damage|p2a: Magmar|0 fnt\n|-boost|p1a: Skeledirge|spa|1\n|faint|p2a: Magmar\n|\n|upkeep\n|\n|t:|1770934934\n|switch|p2a: Regieleki|Regieleki, L79|256/256\n|turn|6\n|inactive|delta321 has 120 seconds left.\n|\n|t:|1770934951\n|move|p1a: Skeledirge|Protect|p1a: Skeledirge\n|-singleturn|p1a: Skeledirge|Protect\n|move|p2a: Regieleki|Volt Switch|p1a: Skeledirge\n|-activate|p1a: Skeledirge|move: Protect\n|move|p2b: Floatzel|Flip Turn|p1b: Delphox\n|-supereffective|p1b: Delphox\n|-damage|p1b: Delphox|0 fnt\n|faint|p1b: Delphox\n|\n|t:|1770934960\n|switch|p2b: Toedscruel|Toedscruel, L87, F|74/281|[from] Flip Turn\n|\n|upkeep\n|inactive|delta321 has 120 seconds left.\n|\n|t:|1770934979\n|switch|p1b: Baxcalibur|Baxcalibur, L78, M|307/307\n|turn|7\n|\n|t:|1770934993\n|move|p2a: Regieleki|Volt Switch|p1a: Skeledirge\n|-supereffective|p1a: Skeledirge\n|-damage|p1a: Skeledirge|0 fnt\n|faint|p1a: Skeledirge\n|\n|t:|1770934999\n|switch|p2a: Donphan|Donphan, L87, M|298/298|[from] Volt Switch\n|move|p1b: Baxcalibur|Scale Shot|p2b: Toedscruel\n|-damage|p2b: Toedscruel|32/281\n|-damage|p2b: Toedscruel|0 fnt\n|faint|p2b: Toedscruel\n|-hitcount|p2: Toedscruel|2\n|-unboost|p1b: Baxcalibur|def|1\n|-boost|p1b: Baxcalibur|spe|1\n|\n|upkeep\n|inactive|rocci has 120 seconds left.\n|\n|t:|1770935035\n|switch|p2b: Grumpig|Grumpig, L91, M|293/293\n|switch|p1a: Dachsbun|Dachsbun, L90, M|249/249\n|turn|8\n|inactive|rocci has 120 seconds left.\n|\n|t:|1770935049\n|move|p1b: Baxcalibur|Icicle Spear|p2a: Donphan\n|-supereffective|p2a: Donphan\n|-damage|p2a: Donphan|250/298\n|-supereffective|p2a: Donphan\n|-damage|p2a: Donphan|196/298\n|-supereffective|p2a: Donphan\n|-damage|p2a: Donphan|148/298\n|-supereffective|p2a: Donphan\n|-damage|p2a: Donphan|98/298\n|-hitcount|p2a: Donphan|4\n|move|p1a: Dachsbun|Yawn|p2b: Grumpig\n|-start|p2b: Grumpig|move: Yawn|[of] p1a: Dachsbun\n|move|p2b: Grumpig|Dazzling Gleam|p1a: Dachsbun|[spread] p1a,p1b\n|-crit|p1a: Dachsbun\n|-supereffective|p1b: Baxcalibur\n|-damage|p1a: Dachsbun|153/249\n|-damage|p1b: Baxcalibur|164/307\n|-damage|p2b: Grumpig|264/293|[from] item: Life Orb\n|move|p2a: Donphan|Stone Edge|p1b: Baxcalibur\n|-supereffective|p1b: Baxcalibur\n|-damage|p1b: Baxcalibur|0 fnt\n|faint|p1b: Baxcalibur\n|\n|upkeep\n|\n|t:|1770935069\n|switch|p1b: Dialga|Dialga, L74|270/270\n|turn|9\n|inactive|rocci has 120 seconds left.\n|\n|t:|1770935102\n|switch|p2a: Regieleki|Regieleki, L79|256/256\n|move|p1a: Dachsbun|Snarl|p2a: Regieleki|[spread] p2a,p2b\n|-supereffective|p2b: Grumpig\n|-damage|p2a: Regieleki|222/256\n|-damage|p2b: Grumpig|230/293\n|-unboost|p2a: Regieleki|spa|1\n|-unboost|p2b: Grumpig|spa|1\n|move|p2b: Grumpig|Psychic|p1a: Dachsbun\n|-damage|p1a: Dachsbun|56/249\n|-enditem|p1a: Dachsbun|Sitrus Berry|[eat]\n|-heal|p1a: Dachsbun|118/249|[from] item: Sitrus Berry\n|-damage|p2b: Grumpig|201/293|[from] item: Life Orb\n|move|p1b: Dialga|Heavy Slam|p2a: Regieleki\n|-resisted|p2a: Regieleki\n|-damage|p2a: Regieleki|142/256\n|\n|-end|p2b: Grumpig|move: Yawn|[silent]\n|-status|p2b: Grumpig|slp\n|upkeep\n|turn|10\n|inactive|rocci has 120 seconds left.\n|\n|t:|1770935132\n|move|p2a: Regieleki|Electroweb|p1a: Dachsbun|[spread] p1a,p1b\n|-resisted|p1b: Dialga\n|-damage|p1a: Dachsbun|79/249\n|-damage|p1b: Dialga|251/270\n|-unboost|p1a: Dachsbun|spe|1\n|-unboost|p1b: Dialga|spe|1\n|cant|p2b: Grumpig|slp\n|move|p1a: Dachsbun|Snarl|p2b: Grumpig|[spread] p2a,p2b\n|-supereffective|p2b: Grumpig\n|-damage|p2a: Regieleki|107/256\n|-damage|p2b: Grumpig|165/293 slp\n|-unboost|p2a: Regieleki|spa|1\n|-unboost|p2b: Grumpig|spa|1\n|move|p1b: Dialga|Fire Blast|p2a: Regieleki\n|-damage|p2a: Regieleki|0 fnt\n|faint|p2a: Regieleki\n|\n|upkeep\n|\n|t:|1770935141\n|switch|p2a: Floatzel|Floatzel, L86, F|213/286\n|turn|11\n|inactive|rocci has 120 seconds left.\n|\n|t:|1770935176\n|move|p2a: Floatzel|Wave Crash|p1a: Dachsbun\n|-damage|p1a: Dachsbun|0 fnt\n|faint|p1a: Dachsbun\n|-damage|p2a: Floatzel|187/286|[from] Recoil\n|-curestatus|p2b: Grumpig|slp|[msg]\n|move|p2b: Grumpig|Nasty Plot|p2b: Grumpig\n|-boost|p2b: Grumpig|spa|2\n|move|p1b: Dialga|Draco Meteor|p2a: Floatzel\n|-damage|p2a: Floatzel|0 fnt\n|-unboost|p1b: Dialga|spa|2\n|faint|p2a: Floatzel\n|\n|upkeep\n|\n|t:|1770935180\n|switch|p2a: Donphan|Donphan, L87, M|98/298\n|turn|12\n|inactive|rocci has 120 seconds left.\n|\n|t:|1770935206\n|move|p2b: Grumpig|Dazzling Gleam|p1b: Dialga\n|-damage|p1b: Dialga|174/270\n|-damage|p2b: Grumpig|136/293|[from] item: Life Orb\n|move|p2a: Donphan|High Horsepower|p1b: Dialga\n|-supereffective|p1b: Dialga\n|-damage|p1b: Dialga|0 fnt\n|faint|p1b: Dialga\n|\n|win|rocci\n|raw|delta321's rating: 1518 &rarr; <strong>1502</strong><br />(-16 for losing)\n|raw|rocci's rating: 1594 &rarr; <strong>1610</strong><br />(+16 for winning)\n", "inputlog": ">version ccdc32dd7cde25fd9e4bed64820e885f66e78a4e\n>start {\"formatid\":\"gen9randomdoublesbattle\",\"seed\":\"sodium,7f9c9ad3ca3921d6013748d1e837a0e3\",\"rated\":\"Rated battle\"}\n>player p1 {\"name\":\"delta321\",\"avatar\":\"n\",\"rating\":1518,\"seed\":\"sodium,2928c5168531b3897bd80aae7f0a65a8\"}\n>player p2 {\"name\":\"rocci\",\"avatar\":\"beauty-gen4dp\",\"rating\":1594,\"seed\":\"sodium,25baff611b4afca1d6ffc4e74a33a38c\"}\n>p1 move shadowball +1, move hypervoice\n>p2 move followme, move spore +1\n>p1 move torchsong +2, move hypervoice\n>p2 move heatwave, move knockoff +2\n>p1 move torchsong +2, move hypervoice\n>p2 move heatwave, move knockoff +1\n>p1 pass, switch 6\n>p1 move slackoff, move heatwave\n>p2 move heatwave, switch 6\n>p1 move torchsong +1 terastallize, move protect\n>p2 move followme, move flipturn +2\n>p2 switch 4, pass\n>p1 move protect, move psychic +1\n>p2 move voltswitch +1, move flipturn +2\n>p2 pass, switch 6\n>p1 pass, switch 4\n>p1 move slackoff, move scaleshot +2\n>p2 move voltswitch +1, move spore +2\n>p2 switch 5, pass\n>p1 switch 3, pass\n>p2 pass, switch 3\n>p1 move yawn +2, move iciclespear +1\n>p2 move stoneedge +2, move dazzlinggleam\n>p1 pass, switch 5\n>p1 move snarl, move heavyslam +1\n>p2 switch 5, move psychic +1\n>p1 move snarl, move fireblast +1\n>p2 move electroweb, move nastyplot\n>p2 switch 6, pass\n>p1 move playrough +2, move dracometeor +1\n>p2 move wavecrash +1, move nastyplot\n>p2 switch 5, pass\n>p1 pass, move dracometeor +1\n>p2 move highhorsepower +2, move dazzlinggleam", "uploadtime": 1770935209, "views": 70, "formatid": "gen9randomdoublesbattle", "rating": 1502, "private": 0, "password": null}