{"id": "gen9randomdoublesbattle-2536296469", "format": "[Gen 9] Random Doubles Battle", "players": ["Dunsparceismyhomie", "harrisonhazzah"], "log": "|j|☆Dunsparceismyhomie\n|j|☆harrisonhazzah\n|t:|1770672194\n|gametype|doubles\n|player|p1|Dunsparceismyhomie|2|1704\n|player|p2|harrisonhazzah|turo|1638\n|gen|9\n|tier|[Gen 9] Random Doubles Battle\n|rated|\n|rule|Species Clause: Limit one of each Pokémon\n|rule|HP Percentage Mod: HP is shown in percentages\n|rule|Illusion Level Mod: Illusion disguises the Pokémon's true level\n|rule|Sleep Clause Mod: Limit one foe put to sleep\n|\n|t:|1770672194\n|teamsize|p1|6\n|teamsize|p2|6\n|start\n|switch|p1a: Terapagos|Terapagos, L73, M|252/252\n|switch|p1b: Mudsdale|Mudsdale, L84, M|305/305\n|switch|p2a: Toucannon|Toucannon, L87, F|281/281\n|switch|p2b: Sinistcha|Sinistcha, L81|248/248\n|-activate|p1a: Terapagos|ability: Tera Shift\n|detailschange|p1a: Terapagos|Terapagos-Terastal, L73, M\n|-heal|p1a: Terapagos|259/259|[silent]\n|turn|1\n|\n|t:|1770672240\n|switch|p1b: Magmar|Magmar, L84, F|246/246\n|-terastallize|p1a: Terapagos|Stellar\n|detailschange|p1a: Terapagos|Terapagos-Stellar, L73, M, tera:Stellar\n|-heal|p1a: Terapagos|354/354|[silent]\n|move|p1a: Terapagos|Tera Starstorm|p2a: Toucannon|[spread] p2a,p2b\n|-damage|p2a: Toucannon|157/281\n|-damage|p2b: Sinistcha|117/248\n|move|p2a: Toucannon|Bullet Seed|p1a: Terapagos\n|-damage|p1a: Terapagos|325/354\n|-damage|p1a: Terapagos|294/354\n|-damage|p1a: Terapagos|265/354\n|-damage|p1a: Terapagos|234/354\n|-damage|p1a: Terapagos|204/354\n|-hitcount|p1a: Terapagos|5\n|-damage|p2a: Toucannon|129/281|[from] item: Life Orb\n|move|p2b: Sinistcha|Trick Room|p2b: Sinistcha\n|-fieldstart|move: Trick Room|[of] p2b: Sinistcha\n|\n|upkeep\n|turn|2\n|inactive|Battle timer is ON: inactive players will automatically lose when time's up. (requested by Dunsparceismyhomie)\n|\n|t:|1770672292\n|switch|p2b: Politoed|Politoed, L82, F|282/282\n|-weather|RainDance|[from] ability: Drizzle|[of] p2b: Politoed\n|move|p1b: Magmar|Follow Me|p1b: Magmar\n|-singleturn|p1b: Magmar|move: Follow Me\n|move|p2a: Toucannon|Brave Bird|p1b: Magmar\n|-damage|p1b: Magmar|58/246\n|-status|p2a: Toucannon|brn|[from] ability: Flame Body|[of] p1b: Magmar\n|-damage|p2a: Toucannon|67/281 brn|[from] Recoil\n|-damage|p2a: Toucannon|39/281 brn|[from] item: Life Orb\n|move|p1a: Terapagos|Tera Starstorm|p2b: Politoed|[spread] p2a,p2b\n|-damage|p2a: Toucannon|0 fnt\n|-damage|p2b: Politoed|175/282\n|faint|p2a: Toucannon\n|\n|-weather|RainDance|[upkeep]\n|upkeep\n|\n|t:|1770672313\n|switch|p2a: Sinistcha|Sinistcha, L81|117/248\n|-heal|p2b: Politoed|245/282|[from] ability: Hospitality|[of] p2a: Sinistcha\n|turn|3\n|\n|t:|1770672340\n|switch|p1b: Lurantis|Lurantis, L85, F|258/258\n|move|p2a: Sinistcha|Matcha Gotcha|p1b: Lurantis|[spread] p1a,p1b\n|-resisted|p1b: Lurantis\n|-damage|p1a: Terapagos|135/354\n|-heal|p2a: Sinistcha|152/248|[from] drain|[of] p1a: Terapagos\n|-damage|p1b: Lurantis|236/258\n|-heal|p2a: Sinistcha|163/248|[from] drain|[of] p1b: Lurantis\n|move|p2b: Politoed|Muddy Water|p1a: Terapagos|[spread] p1b\n|-miss|p2b: Politoed|p1a: Terapagos\n|-resisted|p1b: Lurantis\n|-damage|p1b: Lurantis|206/258\n|move|p1a: Terapagos|Tera Starstorm|p2b: Politoed|[spread] p2a,p2b\n|-damage|p2a: Sinistcha|43/248\n|-damage|p2b: Politoed|143/282\n|\n|-weather|RainDance|[upkeep]\n|upkeep\n|turn|4\n|inactive|harrisonhazzah has 120 seconds left.\n|\n|t:|1770672382\n|switch|p2a: Toxapex|Toxapex, L92, F|241/241\n|move|p1b: Lurantis|Superpower|p2b: Politoed\n|-damage|p2b: Politoed|26/282\n|-boost|p1b: Lurantis|atk|1\n|-boost|p1b: Lurantis|def|1\n|-enditem|p2b: Politoed|Sitrus Berry|[eat]\n|-heal|p2b: Politoed|96/282|[from] item: Sitrus Berry\n|move|p2b: Politoed|Muddy Water|p1b: Lurantis|[spread] p1b\n|-miss|p2b: Politoed|p1a: Terapagos\n|-resisted|p1b: Lurantis\n|-damage|p1b: Lurantis|174/258\n|move|p1a: Terapagos|Tera Starstorm|p2b: Politoed|[spread] p2a,p2b\n|-damage|p2a: Toxapex|174/241\n|-damage|p2b: Politoed|0 fnt\n|faint|p2b: Politoed\n|\n|-weather|RainDance|[upkeep]\n|-heal|p2a: Toxapex|189/241|[from] item: Leftovers\n|upkeep\n|\n|t:|1770672403\n|switch|p2b: Azelf|Azelf, L83|260/260\n|turn|5\n|\n|t:|1770672420\n|move|p2a: Toxapex|Toxic|p1b: Lurantis\n|-status|p1b: Lurantis|tox\n|move|p1b: Lurantis|Leaf Blade|p2b: Azelf\n|-damage|p2b: Azelf|56/260\n|move|p1a: Terapagos|Tera Starstorm|p2b: Azelf|[spread] p2a,p2b\n|-damage|p2a: Toxapex|116/241\n|-damage|p2b: Azelf|0 fnt\n|faint|p2b: Azelf\n|\n|-weather|RainDance|[upkeep]\n|-heal|p2a: Toxapex|131/241|[from] item: Leftovers\n|-damage|p1b: Lurantis|158/258 tox|[from] psn\n|-fieldend|move: Trick Room\n|upkeep\n|inactive|harrisonhazzah has 90 seconds left.\n|\n|t:|1770672441\n|switch|p2b: Excadrill|Excadrill, L82, M|315/315\n|-ability|p2b: Excadrill|Mold Breaker\n|turn|6\n|\n|t:|1770672460\n|move|p2a: Toxapex|Baneful Bunker|p2a: Toxapex\n|-singleturn|p2a: Toxapex|move: Protect\n|move|p2b: Excadrill|Iron Head|p1a: Terapagos\n|-damage|p1a: Terapagos|2/354\n|-damage|p2b: Excadrill|284/315|[from] item: Life Orb\n|move|p1a: Terapagos|Tera Starstorm|p2b: Excadrill|[spread] p2b\n|-activate|p2a: Toxapex|move: Protect\n|-damage|p2b: Excadrill|153/315\n|move|p1b: Lurantis|Superpower|p2b: Excadrill\n|-supereffective|p2b: Excadrill\n|-damage|p2b: Excadrill|0 fnt\n|-boost|p1b: Lurantis|atk|1\n|-boost|p1b: Lurantis|def|1\n|faint|p2b: Excadrill\n|\n|-weather|none\n|-heal|p2a: Toxapex|146/241|[from] item: Leftovers\n|-damage|p1b: Lurantis|126/258 tox|[from] psn\n|upkeep\n|inactive|harrisonhazzah has 90 seconds left.\n|\n|t:|1770672480\n|switch|p2b: Sinistcha|Sinistcha, L81|43/248\n|-heal|p2a: Toxapex|206/241|[from] ability: Hospitality|[of] p2b: Sinistcha\n|turn|7\n|\n|t:|1770672502\n|move|p2b: Sinistcha|Rage Powder|p2b: Sinistcha\n|-singleturn|p2b: Sinistcha|move: Rage Powder\n|move|p1a: Terapagos|Tera Starstorm|p2b: Sinistcha|[spread] p2a,p2b\n|-crit|p2b: Sinistcha\n|-damage|p2a: Toxapex|134/241\n|-damage|p2b: Sinistcha|0 fnt\n|faint|p2b: Sinistcha\n|move|p1b: Lurantis|Leaf Blade|p2a: Toxapex\n|-damage|p2a: Toxapex|16/241\n|move|p2a: Toxapex|Infestation|p1a: Terapagos\n|-damage|p1a: Terapagos|0 fnt\n|faint|p1a: Terapagos\n|detailschange|p1: Terapagos|Terapagos, L73, M|[silent]\n|\n|-heal|p2a: Toxapex|31/241|[from] item: Leftovers\n|-damage|p1b: Lurantis|78/258 tox|[from] psn\n|upkeep\n|\n|t:|1770672512\n|switch|p1a: Magmar|Magmar, L84, F|58/246\n|turn|8\n|inactive|harrisonhazzah has 120 seconds left.\n|-message|harrisonhazzah forfeited.\n|\n|win|Dunsparceismyhomie\n|raw|Dunsparceismyhomie's rating: 1704 &rarr; <strong>1720</strong><br />(+16 for winning)\n|raw|harrisonhazzah's rating: 1638 &rarr; <strong>1622</strong><br />(-16 for losing)\n|l|☆harrisonhazzah\n|player|p2|\n", "inputlog": ">version ccdc32dd7cde25fd9e4bed64820e885f66e78a4e\n>start {\"formatid\":\"gen9randomdoublesbattle\",\"seed\":\"sodium,a31a6b98a8a37259d414a080ec4660c6\",\"rated\":\"Rated battle\"}\n>player p1 {\"name\":\"Dunsparceismyhomie\",\"avatar\":\"2\",\"rating\":1704,\"seed\":\"sodium,fb72e428e9a0281dfecac43ed0249e35\"}\n>player p2 {\"name\":\"harrisonhazzah\",\"avatar\":\"turo\",\"rating\":1638,\"seed\":\"sodium,f3503402e5defd0d95f7a5954c66eb3c\"}\n>p1 move terastarstorm +1 terastallize, switch 5\n>p2 move bulletseed +1, move trickroom\n>p1 move terastarstorm, move followme\n>p2 move bravebird +1, switch 4\n>p2 switch 4, pass\n>p1 move terastarstorm, switch 6\n>p2 move matchagotcha, move muddywater\n>p1 move terastarstorm, move superpower +2\n>p2 switch 6, move muddywater\n>p2 pass, switch 5\n>p1 move terastarstorm, move leafblade +2\n>p2 move toxic +2, move psychic +1\n>p2 pass, switch 3\n>p1 move terastarstorm, move superpower +2\n>p2 move banefulbunker, move ironhead +1\n>p2 pass, switch 6\n>p1 move terastarstorm, move leafblade +1\n>p2 move infestation +1, move ragepowder\n>p1 switch 6, pass\n>forcelose p2", "uploadtime": 1770672529, "views": 85, "formatid": "gen9randomdoublesbattle", "rating": 1622, "private": 0, "password": null}