{"id": "gen9randomdoublesbattle-2540667220", "format": "[Gen 9] Random Doubles Battle", "players": ["Maltyy", "roggenrola fan n1"], "log": "|j|☆Maltyy\n|j|☆roggenrola fan n1\n|t:|1771237035\n|gametype|doubles\n|player|p1|Maltyy|266|1646\n|player|p2|roggenrola fan n1|nate|1637\n|gen|9\n|tier|[Gen 9] Random Doubles Battle\n|rated|\n|rule|Species Clause: Limit one of each Pokémon\n|rule|HP Percentage Mod: HP is shown in percentages\n|rule|Illusion Level Mod: Illusion disguises the Pokémon's true level\n|rule|Sleep Clause Mod: Limit one foe put to sleep\n|\n|t:|1771237035\n|teamsize|p1|6\n|teamsize|p2|6\n|start\n|switch|p1a: Altaria|Altaria, L91, M|284/284\n|switch|p1b: Sandaconda|Sandaconda, L88, M|270/270\n|switch|p2a: Wyrdeer|Wyrdeer, L85, M|314/314\n|switch|p2b: Spiritomb|Spiritomb, L89, F|234/234\n|-ability|p2a: Wyrdeer|Intimidate|boost\n|-unboost|p1a: Altaria|atk|1\n|-unboost|p1b: Sandaconda|atk|1\n|turn|1\n|inactive|Battle timer is ON: inactive players will automatically lose when time's up. (requested by roggenrola fan n1)\n|inactive|Maltyy has 120 seconds left.\n|inactive|roggenrola fan n1 has 120 seconds left.\n|inactive|roggenrola fan n1 has 90 seconds left.\n|\n|t:|1771237118\n|switch|p1b: Oranguru|Oranguru, L90, M|308/308\n|switch|p2a: Masquerain|Masquerain, L90, M|272/272\n|-ability|p2a: Masquerain|Intimidate|boost\n|-unboost|p1a: Altaria|atk|1\n|-fail|p1b: Oranguru|unboost|Attack|[from] ability: Inner Focus|[of] p1b: Oranguru\n|move|p1a: Altaria|Brave Bird|p2b: Spiritomb\n|-damage|p2b: Spiritomb|183/234\n|-damage|p1a: Altaria|267/284|[from] Recoil\n|move|p2b: Spiritomb|Will-O-Wisp|p1a: Altaria\n|-status|p1a: Altaria|brn\n|\n|-heal|p1a: Altaria|284/284 brn|[from] item: Leftovers\n|-damage|p1a: Altaria|267/284 brn|[from] brn\n|upkeep\n|turn|2\n|inactive|Maltyy has 120 seconds left.\n|\n|t:|1771237159\n|-curestatus|p1a: Altaria|brn|[from] ability: Natural Cure\n|switch|p1a: Sandaconda|Sandaconda, L88, M|270/270\n|move|p2a: Masquerain|Bug Buzz|p1b: Oranguru\n|-supereffective|p1b: Oranguru\n|-damage|p1b: Oranguru|128/308\n|-enditem|p1b: Oranguru|Sitrus Berry|[eat]\n|-heal|p1b: Oranguru|205/308|[from] item: Sitrus Berry\n|move|p1b: Oranguru|Psychic|p2a: Masquerain\n|-damage|p2a: Masquerain|164/272\n|move|p2b: Spiritomb|Snarl|p1a: Sandaconda|[spread] p1a\n|-miss|p2b: Spiritomb|p1b: Oranguru\n|-damage|p1a: Sandaconda|216/270\n|-unboost|p1a: Sandaconda|spa|1\n|\n|upkeep\n|turn|3\n|inactive|Maltyy has 120 seconds left.\n|\n|t:|1771237181\n|switch|p2a: Whiscash|Whiscash, L88, F|337/337\n|switch|p1b: Altaria|Altaria, L91, M|267/284\n|move|p1a: Sandaconda|Stone Edge|p2a: Whiscash\n|-resisted|p2a: Whiscash\n|-damage|p2a: Whiscash|289/337\n|move|p2b: Spiritomb|Will-O-Wisp|p1a: Sandaconda\n|-status|p1a: Sandaconda|brn\n|\n|-heal|p1b: Altaria|284/284|[from] item: Leftovers\n|-damage|p1a: Sandaconda|200/270 brn|[from] brn\n|upkeep\n|turn|4\n|inactive|Maltyy has 120 seconds left.\n|\n|t:|1771237215\n|switch|p1a: Oranguru|Oranguru, L90, M|205/308\n|move|p1b: Altaria|Will-O-Wisp|p2a: Whiscash\n|-status|p2a: Whiscash|brn\n|move|p2a: Whiscash|Muddy Water|p1b: Altaria|[spread] p1a,p1b\n|-resisted|p1b: Altaria\n|-damage|p1a: Oranguru|151/308\n|-damage|p1b: Altaria|258/284\n|move|p2b: Spiritomb|Trick Room|p2b: Spiritomb\n|-fieldstart|move: Trick Room|[of] p2b: Spiritomb\n|\n|-heal|p1b: Altaria|275/284|[from] item: Leftovers\n|-damage|p2a: Whiscash|268/337 brn|[from] brn\n|upkeep\n|turn|5\n|inactive|Maltyy has 120 seconds left.\n|inactive|Maltyy has 90 seconds left.\n|\n|t:|1771237275\n|move|p2b: Spiritomb|Snarl|p1a: Oranguru|[spread] p1a\n|-miss|p2b: Spiritomb|p1b: Altaria\n|-supereffective|p1a: Oranguru\n|-damage|p1a: Oranguru|77/308\n|-unboost|p1a: Oranguru|spa|1\n|move|p1a: Oranguru|Psychic|p2a: Whiscash\n|-damage|p2a: Whiscash|187/337 brn\n|move|p2a: Whiscash|Muddy Water|p1b: Altaria|[spread] p1a\n|-miss|p2a: Whiscash|p1b: Altaria\n|-damage|p1a: Oranguru|26/308\n|-unboost|p1a: Oranguru|accuracy|1\n|move|p1b: Altaria|Brave Bird|p2a: Whiscash\n|-damage|p2a: Whiscash|69/337 brn\n|-enditem|p2a: Whiscash|Sitrus Berry|[eat]\n|-heal|p2a: Whiscash|153/337 brn|[from] item: Sitrus Berry\n|-damage|p1b: Altaria|236/284|[from] Recoil\n|\n|-heal|p1b: Altaria|253/284|[from] item: Leftovers\n|-damage|p2a: Whiscash|132/337 brn|[from] brn\n|upkeep\n|turn|6\n|inactive|Maltyy has 90 seconds left.\n|inactive|roggenrola fan n1 has 120 seconds left.\n|\n|t:|1771237320\n|move|p2a: Whiscash|Protect|p2a: Whiscash\n|-singleturn|p2a: Whiscash|Protect\n|move|p2b: Spiritomb|Snarl|p1a: Oranguru|[spread] p1a,p1b\n|-supereffective|p1a: Oranguru\n|-damage|p1a: Oranguru|0 fnt\n|-damage|p1b: Altaria|216/284\n|-unboost|p1b: Altaria|spa|1\n|faint|p1a: Oranguru\n|move|p1b: Altaria|Brave Bird|p2b: Spiritomb\n|-damage|p2b: Spiritomb|81/234\n|-enditem|p2b: Spiritomb|Sitrus Berry|[eat]\n|-heal|p2b: Spiritomb|139/234|[from] item: Sitrus Berry\n|-damage|p1b: Altaria|182/284|[from] Recoil\n|\n|-heal|p1b: Altaria|199/284|[from] item: Leftovers\n|-damage|p2a: Whiscash|111/337 brn|[from] brn\n|upkeep\n|\n|t:|1771237336\n|switch|p1a: Crabominable|Crabominable, L89, F|317/317\n|turn|7\n|\n|t:|1771237346\n|move|p1a: Crabominable|Protect|p1a: Crabominable\n|-singleturn|p1a: Crabominable|Protect\n|move|p2b: Spiritomb|Will-O-Wisp|p1a: Crabominable\n|-activate|p1a: Crabominable|move: Protect\n|move|p2a: Whiscash|Muddy Water|p1b: Altaria|[spread] p1b\n|-activate|p1a: Crabominable|move: Protect\n|-resisted|p1b: Altaria\n|-damage|p1b: Altaria|173/284\n|-unboost|p1b: Altaria|accuracy|1\n|move|p1b: Altaria|Brave Bird|p2a: Whiscash\n|-damage|p2a: Whiscash|0 fnt\n|faint|p2a: Whiscash\n|-damage|p1b: Altaria|136/284|[from] Recoil\n|\n|-heal|p1b: Altaria|153/284|[from] item: Leftovers\n|upkeep\n|\n|t:|1771237351\n|switch|p2a: Sylveon|Sylveon, L79, M|280/280\n|turn|8\n|inactive|Maltyy has 120 seconds left.\n|\n|t:|1771237368\n|switch|p1a: Sandaconda|Sandaconda, L88, M|200/270 brn\n|move|p2b: Spiritomb|Will-O-Wisp|p1a: Sandaconda\n|-fail|p1a: Sandaconda|brn\n|move|p2a: Sylveon|Hyper Voice|p1b: Altaria|[spread] p1a,p1b\n|-supereffective|p1b: Altaria\n|-damage|p1a: Sandaconda|94/270 brn\n|-damage|p1b: Altaria|0 fnt\n|-enditem|p1a: Sandaconda|Sitrus Berry|[eat]\n|-heal|p1a: Sandaconda|161/270 brn|[from] item: Sitrus Berry\n|faint|p1b: Altaria\n|\n|-activate|p1a: Sandaconda|ability: Shed Skin\n|-curestatus|p1a: Sandaconda|brn|[msg]\n|-fieldend|move: Trick Room\n|upkeep\n|\n|t:|1771237392\n|switch|p1b: Ogerpon|Ogerpon, L78, F|253/253\n|turn|9\n|\n|t:|1771237403\n|move|p1b: Ogerpon|Ivy Cudgel|p2b: Spiritomb\n|-damage|p2b: Spiritomb|1/234\n|move|p1a: Sandaconda|High Horsepower|p2b: Spiritomb\n|-damage|p2b: Spiritomb|0 fnt\n|faint|p2b: Spiritomb\n|move|p2a: Sylveon|Hyper Voice|p1a: Sandaconda|[spread] p1a,p1b\n|-damage|p1a: Sandaconda|43/270\n|-damage|p1b: Ogerpon|160/253\n|\n|upkeep\n|\n|t:|1771237414\n|switch|p2b: Masquerain|Masquerain, L90, M|164/272\n|-ability|p2b: Masquerain|Intimidate|boost\n|-unboost|p1a: Sandaconda|atk|1\n|-unboost|p1b: Ogerpon|atk|1\n|-ability|p1b: Ogerpon|Defiant|boost\n|-boost|p1b: Ogerpon|atk|2\n|turn|10\n|\n|t:|1771237427\n|move|p2a: Sylveon|Protect|p2a: Sylveon\n|-singleturn|p2a: Sylveon|Protect\n|move|p1b: Ogerpon|Ivy Cudgel|p2a: Sylveon\n|-activate|p2a: Sylveon|move: Protect\n|move|p2b: Masquerain|Bug Buzz|p1b: Ogerpon\n|-supereffective|p1b: Ogerpon\n|-damage|p1b: Ogerpon|0 fnt\n|faint|p1b: Ogerpon\n|move|p1a: Sandaconda|Stone Edge|p2b: Masquerain\n|-supereffective|p2b: Masquerain\n|-damage|p2b: Masquerain|0 fnt\n|faint|p2b: Masquerain\n|\n|upkeep\n|\n|t:|1771237434\n|switch|p1b: Meloetta|Meloetta, L80|291/291\n|switch|p2b: Alcremie|Alcremie-Lemon-Cream, L90, F|263/263\n|turn|11\n|inactive|Maltyy has 120 seconds left.\n|\n|t:|1771237474\n|move|p1b: Meloetta|Psychic|p2a: Sylveon\n|-damage|p2a: Sylveon|162/280\n|-unboost|p2a: Sylveon|spd|1\n|move|p1a: Sandaconda|Rest|p1a: Sandaconda\n|-status|p1a: Sandaconda|slp|[from] move: Rest\n|-heal|p1a: Sandaconda|270/270 slp|[silent]\n|move|p2b: Alcremie|Decorate|p2a: Sylveon\n|-boost|p2a: Sylveon|atk|2\n|-boost|p2a: Sylveon|spa|2\n|move|p2a: Sylveon|Hyper Voice|p1b: Meloetta|[spread] p1a,p1b\n|-damage|p1a: Sandaconda|38/270 slp\n|-damage|p1b: Meloetta|137/291\n|\n|-activate|p1a: Sandaconda|ability: Shed Skin\n|-curestatus|p1a: Sandaconda|slp|[msg]\n|upkeep\n|turn|12\n|\n|t:|1771237499\n|switch|p2a: Wyrdeer|Wyrdeer, L85, M|314/314\n|-ability|p2a: Wyrdeer|Intimidate|boost\n|-unboost|p1a: Sandaconda|atk|1\n|-unboost|p1b: Meloetta|atk|1\n|move|p1b: Meloetta|Psychic|p2a: Wyrdeer\n|-resisted|p2a: Wyrdeer\n|-damage|p2a: Wyrdeer|224/314\n|move|p1a: Sandaconda|High Horsepower|p2a: Wyrdeer\n|-damage|p2a: Wyrdeer|158/314\n|move|p2b: Alcremie|Decorate|p2a: Wyrdeer\n|-boost|p2a: Wyrdeer|atk|2\n|-boost|p2a: Wyrdeer|spa|2\n|\n|upkeep\n|turn|13\n|\n|t:|1771237522\n|move|p1b: Meloetta|Psychic|p2b: Alcremie\n|-damage|p2b: Alcremie|145/263\n|move|p1a: Sandaconda|Rest|p1a: Sandaconda\n|-status|p1a: Sandaconda|slp|[from] move: Rest\n|-heal|p1a: Sandaconda|270/270 slp|[silent]\n|move|p2b: Alcremie|Alluring Voice|p1a: Sandaconda\n|-damage|p1a: Sandaconda|140/270 slp\n|move|p2a: Wyrdeer|Thunderbolt|p1b: Meloetta\n|-damage|p1b: Meloetta|26/291\n|\n|upkeep\n|turn|14\n|\n|t:|1771237537\n|move|p1b: Meloetta|Psychic|p2a: Wyrdeer\n|-resisted|p2a: Wyrdeer\n|-damage|p2a: Wyrdeer|65/314\n|-enditem|p2a: Wyrdeer|Sitrus Berry|[eat]\n|-heal|p2a: Wyrdeer|143/314|[from] item: Sitrus Berry\n|cant|p1a: Sandaconda|slp\n|move|p2b: Alcremie|Decorate|p2a: Wyrdeer\n|-boost|p2a: Wyrdeer|atk|2\n|-boost|p2a: Wyrdeer|spa|2\n|move|p2a: Wyrdeer|Thunderbolt|p1b: Meloetta\n|-damage|p1b: Meloetta|0 fnt\n|faint|p1b: Meloetta\n|\n|upkeep\n|\n|t:|1771237544\n|switch|p1b: Crabominable|Crabominable, L89, F|317/317\n|turn|15\n|\n|t:|1771237562\n|-terastallize|p1b: Crabominable|Poison\n|cant|p1a: Sandaconda|slp\n|move|p2b: Alcremie|Alluring Voice|p1a: Sandaconda\n|-damage|p1a: Sandaconda|16/270 slp\n|move|p2a: Wyrdeer|Psychic|p1b: Crabominable\n|-supereffective|p1b: Crabominable\n|-damage|p1b: Crabominable|0 fnt\n|faint|p1b: Crabominable\n|\n|upkeep\n|turn|16\n|\n|t:|1771237576\n|-curestatus|p1a: Sandaconda|slp|[msg]\n|move|p1a: Sandaconda|Rest|p1a: Sandaconda\n|-status|p1a: Sandaconda|slp|[from] move: Rest\n|-heal|p1a: Sandaconda|270/270 slp|[silent]\n|move|p2b: Alcremie|Alluring Voice|p1a: Sandaconda\n|-damage|p1a: Sandaconda|144/270 slp\n|move|p2a: Wyrdeer|Earth Power|p1a: Sandaconda\n|-damage|p1a: Sandaconda|0 fnt\n|faint|p1a: Sandaconda\n|\n|win|roggenrola fan n1\n|raw|Maltyy's rating: 1646 &rarr; <strong>1625</strong><br />(-21 for losing)\n|raw|roggenrola fan n1's rating: 1637 &rarr; <strong>1658</strong><br />(+21 for winning)\n|c|☆Maltyy|gg\n", "inputlog": ">version 686819e5e19f8a7fd2345cfc5a08a5085efa2cc3\n>start {\"formatid\":\"gen9randomdoublesbattle\",\"seed\":\"sodium,0759a9fd3af674d6f9ac13c593c8f783\",\"rated\":\"Rated battle\"}\n>player p1 {\"name\":\"Maltyy\",\"avatar\":\"266\",\"rating\":1646,\"seed\":\"sodium,4b14638806b3ae34e55ba5be2c6cd74e\"}\n>player p2 {\"name\":\"roggenrola fan n1\",\"avatar\":\"nate\",\"rating\":1637,\"seed\":\"sodium,a69dcc6b22508237f55641fa014bfcb0\"}\n>p1 move bravebird +2, switch 6\n>p2 switch 3, move willowisp +1\n>p1 switch 6, move psychic +1\n>p2 move bugbuzz +2, move snarl\n>p1 move stoneedge +1, switch 6\n>p2 switch 6, move willowisp +1\n>p1 switch 6, move willowisp +1\n>p2 move muddywater, move trickroom\n>p1 move psychic +1, move bravebird +1\n>p2 move muddywater, move snarl\n>p1 move trickroom, move bravebird +2\n>p2 move protect, move snarl\n>p1 switch 5, pass\n>p1 move protect, move bravebird +1\n>p2 move muddywater, move willowisp +1\n>p2 switch 5, pass\n>p1 switch 6, move roost\n>p2 move hypervoice, move willowisp +1\n>p1 pass, switch 3\n>p1 move highhorsepower +2, move ivycudgel +2\n>p2 move hypervoice, move trickroom\n>p2 pass, switch 6\n>p1 move stoneedge +2, move ivycudgel +1\n>p2 move protect, move bugbuzz +2\n>p1 pass, switch 4\n>p2 pass, switch 4\n>p1 move rest, move psychic +1\n>p2 move hypervoice, move decorate -1\n>p1 move highhorsepower +1, move psychic +1\n>p2 switch 3, move decorate -1\n>p1 move rest, move psychic +2\n>p2 move thunderbolt +2, move alluringvoice +1\n>p1 move highhorsepower +1, move psychic +1\n>p2 move thunderbolt +2, move decorate -1\n>p1 pass, switch 6\n>p1 move highhorsepower +1, move drainpunch +1 terastallize\n>p2 move psychic +2, move alluringvoice +1\n>p1 move rest, pass\n>p2 move earthpower +1, move alluringvoice +1", "uploadtime": 1771237588, "views": 20, "formatid": "gen9randomdoublesbattle", "rating": 1625, "private": 0, "password": null}