{"id": "gen7randombattle-2537564551", "format": "[Gen 7] Random Battle", "players": ["TomSadnner", "Donutmufns"], "log": "|j|☆TomSadnner\n|j|☆Donutmufns\n|t:|1770827746\n|gametype|singles\n|player|p1|TomSadnner|2|1556\n|player|p2|Donutmufns|clerkf|1509\n|gen|7\n|tier|[Gen 7] Random Battle\n|rated|\n|rule|Sleep Clause Mod: Limit one foe put to sleep\n|rule|HP Percentage Mod: HP is shown in percentages\n|rule|Illusion Level Mod: Illusion disguises the Pokémon's true level\n|\n|t:|1770827746\n|teamsize|p1|6\n|teamsize|p2|6\n|start\n|switch|p1a: Gallade|Gallade, L77, M|231/231\n|switch|p2a: Dugtrio|Dugtrio-Alola, L84, F|196/196\n|turn|1\n|inactive|Battle timer is ON: inactive players will automatically lose when time's up. (requested by TomSadnner)\n|c|☆TomSadnner|!data [sand force]\n|c|☆TomSadnner|/raw <ul class=\"utilichart\"><li class=\"result\"><span class=\"col namecol\"><a href=\"https://dex.pokemonshowdown.com/abilities/sandforce\">Sand Force</a></span> <span class=\"col abilitydesccol\">This Pokemon's Ground/Rock/Steel attacks do 1.3x in Sandstorm; immunity to it.</span> </li><li style=\"clear:both\"></li></ul>\n\n|inactive|Donutmufns has 120 seconds left.\n|\n|t:|1770827783\n|switch|p2a: Gourgeist|Gourgeist, L91, F|266/266\n|-item|p1a: Gallade|Galladite|[from] ability: Frisk|[of] p2a: Gourgeist\n|detailschange|p1a: Gallade|Gallade-Mega, L77, M\n|-mega|p1a: Gallade|Gallade|Galladite\n|move|p1a: Gallade|Close Combat|p2a: Gourgeist\n|-immune|p2a: Gourgeist\n|\n|upkeep\n|turn|2\n|\n|t:|1770827794\n|switch|p1a: Turtonator|Turtonator, L88, F|249/249\n|move|p2a: Gourgeist|Will-O-Wisp|p1a: Turtonator\n|-immune|p1a: Turtonator\n|\n|upkeep\n|turn|3\n|\n|t:|1770827802\n|switch|p2a: Wishiwashi|Wishiwashi, L89, F|225/225\n|-formechange|p2a: Wishiwashi|Wishiwashi-School||[from] ability: Schooling\n|move|p1a: Turtonator|Dragon Tail|p2a: Wishiwashi\n|-damage|p2a: Wishiwashi|182/225\n|drag|p2a: Dugtrio|Dugtrio-Alola, L84, F|196/196\n|\n|upkeep\n|turn|4\n|\n|t:|1770827821\n|move|p2a: Dugtrio|Stealth Rock|p1a: Turtonator\n|-sidestart|p1: TomSadnner|move: Stealth Rock\n|move|p1a: Turtonator|Earthquake|p2a: Dugtrio\n|-supereffective|p2a: Dugtrio\n|-damage|p2a: Dugtrio|16/196\n|\n|upkeep\n|turn|5\n|\n|t:|1770827828\n|move|p2a: Dugtrio|Earthquake|p1a: Turtonator\n|-supereffective|p1a: Turtonator\n|-damage|p1a: Turtonator|70/249\n|-damage|p2a: Dugtrio|0 fnt|[from] item: Life Orb\n|faint|p2a: Dugtrio\n|move|p1a: Turtonator|Dragon Tail|p2: Dugtrio|[notarget]\n|-fail|p1a: Turtonator\n|\n|upkeep\n|\n|t:|1770827833\n|switch|p2a: Wishiwashi|Wishiwashi, L89, F|182/225\n|-formechange|p2a: Wishiwashi|Wishiwashi-School||[from] ability: Schooling\n|turn|6\n|\n|t:|1770827839\n|move|p1a: Turtonator|Draco Meteor|p2a: Wishiwashi\n|-damage|p2a: Wishiwashi|88/225\n|-unboost|p1a: Turtonator|spa|2\n|move|p2a: Wishiwashi|Scald|p1a: Turtonator\n|-damage|p1a: Turtonator|0 fnt\n|faint|p1a: Turtonator\n|\n|upkeep\n|\n|t:|1770827852\n|switch|p1a: Jolteon|Jolteon, L81, F|238/238\n|-damage|p1a: Jolteon|209/238|[from] Stealth Rock\n|turn|7\n|\n|t:|1770827857\n|switch|p2a: Manectric|Manectric, L78, M|237/237\n|move|p1a: Jolteon|Signal Beam|p2a: Manectric\n|-damage|p2a: Manectric|124/237\n|\n|upkeep\n|turn|8\n|\n|t:|1770827865\n|detailschange|p2a: Manectric|Manectric-Mega, L78, M\n|-mega|p2a: Manectric|Manectric|Manectite\n|-ability|p2a: Manectric|Intimidate|boost\n|-unboost|p1a: Jolteon|atk|1\n|move|p1a: Jolteon|Signal Beam|p2a: Manectric\n|-damage|p2a: Manectric|25/237\n|-start|p2a: Manectric|confusion\n|-activate|p2a: Manectric|confusion\n|move|p2a: Manectric|Overheat|p1a: Jolteon\n|-damage|p1a: Jolteon|106/238\n|-unboost|p2a: Manectric|spa|2\n|\n|upkeep\n|turn|9\n|\n|t:|1770827881\n|switch|p2a: Pyroar|Pyroar, L88, F|295/295\n|-ability|p2a: Pyroar|Unnerve\n|move|p1a: Jolteon|Signal Beam|p2a: Pyroar\n|-resisted|p2a: Pyroar\n|-damage|p2a: Pyroar|244/295\n|\n|upkeep\n|turn|10\n|\n|t:|1770827895\n|switch|p1a: Mightyena|Mightyena, L94, F|284/284\n|-damage|p1a: Mightyena|249/284|[from] Stealth Rock\n|-ability|p1a: Mightyena|Intimidate|boost\n|-unboost|p2a: Pyroar|atk|1\n|move|p2a: Pyroar|Hyper Voice|p1a: Mightyena\n|-damage|p1a: Mightyena|72/284\n|-damage|p2a: Pyroar|215/295|[from] item: Life Orb\n|\n|upkeep\n|turn|11\n|\n|t:|1770827905\n|move|p1a: Mightyena|Sucker Punch|p2a: Pyroar\n|-damage|p2a: Pyroar|73/295\n|move|p2a: Pyroar|Hyper Voice|p1a: Mightyena\n|-damage|p1a: Mightyena|0 fnt\n|faint|p1a: Mightyena\n|-damage|p2a: Pyroar|44/295|[from] item: Life Orb\n|\n|upkeep\n|\n|t:|1770827912\n|switch|p1a: Ribombee|Ribombee, L84, F|238/238\n|-damage|p1a: Ribombee|179/238|[from] Stealth Rock\n|turn|12\n|\n|t:|1770827918\n|move|p1a: Ribombee|Moonblast|p2a: Pyroar\n|-resisted|p2a: Pyroar\n|-damage|p2a: Pyroar|0 fnt\n|faint|p2a: Pyroar\n|\n|-heal|p1a: Ribombee|193/238|[from] item: Leftovers\n|upkeep\n|\n|t:|1770827922\n|switch|p2a: Furret|Furret, L94, F|312/312\n|-item|p1a: Ribombee|Leftovers|[from] ability: Frisk|[of] p2a: Furret\n|turn|13\n|\n|t:|1770827927\n|move|p1a: Ribombee|Sticky Web|p2a: Furret\n|-sidestart|p2: Donutmufns|move: Sticky Web\n|move|p2a: Furret|Knock Off|p1a: Ribombee\n|-resisted|p1a: Ribombee\n|-damage|p1a: Ribombee|123/238\n|-enditem|p1a: Ribombee|Leftovers|[from] move: Knock Off|[of] p2a: Furret\n|\n|upkeep\n|turn|14\n|\n|t:|1770827935\n|move|p1a: Ribombee|Roost|p1a: Ribombee\n|-heal|p1a: Ribombee|238/238\n|-singleturn|p1a: Ribombee|move: Roost\n|move|p2a: Furret|Knock Off|p1a: Ribombee\n|-resisted|p1a: Ribombee\n|-damage|p1a: Ribombee|191/238\n|\n|upkeep\n|turn|15\n|\n|t:|1770827941\n|switch|p2a: Manectric|Manectric-Mega, L78, M|25/237\n|-activate|p2a: Manectric|move: Sticky Web\n|-unboost|p2a: Manectric|spe|1\n|-ability|p2a: Manectric|Intimidate|boost\n|-unboost|p1a: Ribombee|atk|1\n|move|p1a: Ribombee|Moonblast|p2a: Manectric\n|-damage|p2a: Manectric|0 fnt\n|faint|p2a: Manectric\n|detailschange|p2: Manectric|Manectric, L78, M|[silent]\n|\n|upkeep\n|c|☆TomSadnner|gg\n|\n|t:|1770827951\n|switch|p2a: Furret|Furret, L94, F|312/312\n|-activate|p2a: Furret|move: Sticky Web\n|-unboost|p2a: Furret|spe|1\n|turn|16\n|\n|t:|1770827957\n|move|p1a: Ribombee|Moonblast|p2a: Furret\n|-damage|p2a: Furret|194/312\n|-unboost|p2a: Furret|spa|1\n|move|p2a: Furret|Double-Edge|p1a: Ribombee\n|-damage|p1a: Ribombee|0 fnt\n|faint|p1a: Ribombee\n|-damage|p2a: Furret|131/312|[from] Recoil\n|\n|upkeep\n|\n|t:|1770827967\n|switch|p1a: Jolteon|Jolteon, L81, F|106/238\n|-damage|p1a: Jolteon|77/238|[from] Stealth Rock\n|turn|17\n|\n|t:|1770827972\n|move|p1a: Jolteon|Thunderbolt|p2a: Furret\n|-damage|p2a: Furret|0 fnt\n|faint|p2a: Furret\n|\n|upkeep\n|\n|t:|1770827975\n|switch|p2a: Gourgeist|Gourgeist, L91, F|266/266\n|-activate|p2a: Gourgeist|move: Sticky Web\n|-unboost|p2a: Gourgeist|spe|1\n|-item|p1a: Jolteon|Choice Specs|[from] ability: Frisk|[of] p2a: Gourgeist\n|turn|18\n|\n|t:|1770827984\n|switch|p1a: Avalugg|Avalugg, L90, F|317/317\n|-damage|p1a: Avalugg|238/317|[from] Stealth Rock\n|move|p2a: Gourgeist|Will-O-Wisp|p1a: Avalugg\n|-status|p1a: Avalugg|brn\n|\n|-heal|p1a: Avalugg|257/317 brn|[from] item: Leftovers\n|-damage|p1a: Avalugg|238/317 brn|[from] brn\n|upkeep\n|turn|19\n|\n|t:|1770827999\n|switch|p2a: Wishiwashi|Wishiwashi, L89, F|88/225\n|-activate|p2a: Wishiwashi|move: Sticky Web\n|-unboost|p2a: Wishiwashi|spe|1\n|-formechange|p2a: Wishiwashi|Wishiwashi-School||[from] ability: Schooling\n|move|p1a: Avalugg|Avalanche|p2a: Wishiwashi\n|-resisted|p2a: Wishiwashi\n|-damage|p2a: Wishiwashi|75/225\n|\n|-heal|p1a: Avalugg|257/317 brn|[from] item: Leftovers\n|-damage|p1a: Avalugg|238/317 brn|[from] brn\n|upkeep\n|turn|20\n|\n|t:|1770828013\n|move|p1a: Avalugg|Earthquake|p2a: Wishiwashi\n|-damage|p2a: Wishiwashi|40/225\n|move|p2a: Wishiwashi|U-turn|p1a: Avalugg\n|-damage|p1a: Avalugg|202/317 brn\n|\n|t:|1770828017\n|switch|p2a: Gourgeist|Gourgeist, L91, F|266/266|[from] U-turn\n|-activate|p2a: Gourgeist|move: Sticky Web\n|-unboost|p2a: Gourgeist|spe|1\n|-item|p1a: Avalugg|Leftovers|[from] ability: Frisk|[of] p2a: Gourgeist\n|\n|-heal|p1a: Avalugg|221/317 brn|[from] item: Leftovers\n|-damage|p1a: Avalugg|202/317 brn|[from] brn\n|upkeep\n|turn|21\n|\n|t:|1770828026\n|switch|p2a: Wishiwashi|Wishiwashi, L89, F|40/225\n|-activate|p2a: Wishiwashi|move: Sticky Web\n|-unboost|p2a: Wishiwashi|spe|1\n|move|p1a: Avalugg|Recover|p1a: Avalugg\n|-heal|p1a: Avalugg|317/317 brn\n|\n|-damage|p1a: Avalugg|298/317 brn|[from] brn\n|upkeep\n|turn|22\n|\n|t:|1770828039\n|move|p1a: Avalugg|Rapid Spin|p2a: Wishiwashi\n|-damage|p2a: Wishiwashi|17/225\n|-sideend|p1: TomSadnner|Stealth Rock|[from] move: Rapid Spin|[of] p1a: Avalugg\n|move|p2a: Wishiwashi|Scald|p1a: Avalugg\n|-damage|p1a: Avalugg|204/317 brn\n|\n|-heal|p1a: Avalugg|223/317 brn|[from] item: Leftovers\n|-damage|p1a: Avalugg|204/317 brn|[from] brn\n|upkeep\n|turn|23\n|\n|t:|1770828053\n|move|p1a: Avalugg|Earthquake|p2a: Wishiwashi\n|-damage|p2a: Wishiwashi|0 fnt\n|faint|p2a: Wishiwashi\n|\n|-heal|p1a: Avalugg|223/317 brn|[from] item: Leftovers\n|-damage|p1a: Avalugg|204/317 brn|[from] brn\n|upkeep\n|\n|t:|1770828056\n|switch|p2a: Gourgeist|Gourgeist, L91, F|266/266\n|-activate|p2a: Gourgeist|move: Sticky Web\n|-unboost|p2a: Gourgeist|spe|1\n|-item|p1a: Avalugg|Leftovers|[from] ability: Frisk|[of] p2a: Gourgeist\n|turn|24\n|c|☆TomSadnner|I was afraid you had rest\n|c|☆TomSadnner|thank god you don't\n|\n|t:|1770828069\n|move|p2a: Gourgeist|Seed Bomb|p1a: Avalugg\n|-damage|p1a: Avalugg|156/317 brn\n|move|p1a: Avalugg|Recover|p1a: Avalugg\n|-heal|p1a: Avalugg|315/317 brn\n|\n|-heal|p1a: Avalugg|317/317 brn|[from] item: Leftovers\n|-damage|p1a: Avalugg|298/317 brn|[from] brn\n|upkeep\n|turn|25\n|c|☆Donutmufns|wish i did\n|\n|t:|1770828080\n|move|p2a: Gourgeist|Will-O-Wisp|p1a: Avalugg\n|-fail|p1a: Avalugg|brn\n|move|p1a: Avalugg|Avalanche|p2a: Gourgeist\n|-supereffective|p2a: Gourgeist\n|-damage|p2a: Gourgeist|200/266\n|\n|-heal|p2a: Gourgeist|216/266|[from] item: Leftovers\n|-heal|p1a: Avalugg|317/317 brn|[from] item: Leftovers\n|-damage|p1a: Avalugg|298/317 brn|[from] brn\n|upkeep\n|turn|26\n|\n|t:|1770828095\n|move|p2a: Gourgeist|Seed Bomb|p1a: Avalugg\n|-damage|p1a: Avalugg|244/317 brn\n|move|p1a: Avalugg|Avalanche|p2a: Gourgeist\n|-supereffective|p2a: Gourgeist\n|-damage|p2a: Gourgeist|90/266\n|\n|-heal|p2a: Gourgeist|106/266|[from] item: Leftovers\n|-heal|p1a: Avalugg|263/317 brn|[from] item: Leftovers\n|-damage|p1a: Avalugg|244/317 brn|[from] brn\n|upkeep\n|turn|27\n|\n|t:|1770828104\n|move|p2a: Gourgeist|Synthesis|p2a: Gourgeist\n|-heal|p2a: Gourgeist|239/266\n|move|p1a: Avalugg|Avalanche|p2a: Gourgeist\n|-supereffective|p2a: Gourgeist\n|-damage|p2a: Gourgeist|175/266\n|\n|-heal|p2a: Gourgeist|191/266|[from] item: Leftovers\n|-heal|p1a: Avalugg|263/317 brn|[from] item: Leftovers\n|-damage|p1a: Avalugg|244/317 brn|[from] brn\n|upkeep\n|turn|28\n|\n|t:|1770828113\n|move|p2a: Gourgeist|Will-O-Wisp|p1a: Avalugg\n|-fail|p1a: Avalugg|brn\n|move|p1a: Avalugg|Avalanche|p2a: Gourgeist\n|-supereffective|p2a: Gourgeist\n|-damage|p2a: Gourgeist|127/266\n|\n|-heal|p2a: Gourgeist|143/266|[from] item: Leftovers\n|-heal|p1a: Avalugg|263/317 brn|[from] item: Leftovers\n|-damage|p1a: Avalugg|244/317 brn|[from] brn\n|upkeep\n|turn|29\n|\n|t:|1770828122\n|move|p2a: Gourgeist|Will-O-Wisp|p1a: Avalugg\n|-fail|p1a: Avalugg|brn\n|move|p1a: Avalugg|Recover|p1a: Avalugg\n|-heal|p1a: Avalugg|317/317 brn\n|\n|-heal|p2a: Gourgeist|159/266|[from] item: Leftovers\n|-damage|p1a: Avalugg|298/317 brn|[from] brn\n|upkeep\n|turn|30\n|\n|t:|1770828131\n|move|p2a: Gourgeist|Will-O-Wisp|p1a: Avalugg\n|-fail|p1a: Avalugg|brn\n|move|p1a: Avalugg|Earthquake|p2a: Gourgeist\n|-resisted|p2a: Gourgeist\n|-damage|p2a: Gourgeist|143/266\n|\n|-heal|p2a: Gourgeist|159/266|[from] item: Leftovers\n|-heal|p1a: Avalugg|317/317 brn|[from] item: Leftovers\n|-damage|p1a: Avalugg|298/317 brn|[from] brn\n|upkeep\n|turn|31\n|\n|t:|1770828140\n|move|p2a: Gourgeist|Will-O-Wisp|p1a: Avalugg\n|-fail|p1a: Avalugg|brn\n|move|p1a: Avalugg|Earthquake|p2a: Gourgeist\n|-resisted|p2a: Gourgeist\n|-damage|p2a: Gourgeist|142/266\n|\n|-heal|p2a: Gourgeist|158/266|[from] item: Leftovers\n|-heal|p1a: Avalugg|317/317 brn|[from] item: Leftovers\n|-damage|p1a: Avalugg|298/317 brn|[from] brn\n|upkeep\n|turn|32\n|\n|t:|1770828150\n|move|p2a: Gourgeist|Seed Bomb|p1a: Avalugg\n|-damage|p1a: Avalugg|253/317 brn\n|move|p1a: Avalugg|Earthquake|p2a: Gourgeist\n|-resisted|p2a: Gourgeist\n|-damage|p2a: Gourgeist|140/266\n|\n|-heal|p2a: Gourgeist|156/266|[from] item: Leftovers\n|-heal|p1a: Avalugg|272/317 brn|[from] item: Leftovers\n|-damage|p1a: Avalugg|253/317 brn|[from] brn\n|upkeep\n|turn|33\n|\n|t:|1770828158\n|move|p2a: Gourgeist|Will-O-Wisp|p1a: Avalugg\n|-fail|p1a: Avalugg|brn\n|move|p1a: Avalugg|Earthquake|p2a: Gourgeist\n|-resisted|p2a: Gourgeist\n|-damage|p2a: Gourgeist|141/266\n|\n|-heal|p2a: Gourgeist|157/266|[from] item: Leftovers\n|-heal|p1a: Avalugg|272/317 brn|[from] item: Leftovers\n|-damage|p1a: Avalugg|253/317 brn|[from] brn\n|upkeep\n|turn|34\n|\n|t:|1770828183\n|move|p2a: Gourgeist|Synthesis|p2a: Gourgeist\n|-heal|p2a: Gourgeist|266/266\n|move|p1a: Avalugg|Avalanche|p2a: Gourgeist\n|-supereffective|p2a: Gourgeist\n|-damage|p2a: Gourgeist|206/266\n|\n|-heal|p2a: Gourgeist|222/266|[from] item: Leftovers\n|-heal|p1a: Avalugg|272/317 brn|[from] item: Leftovers\n|-damage|p1a: Avalugg|253/317 brn|[from] brn\n|upkeep\n|turn|35\n|c|☆TomSadnner|it's a desesperate strategy, but it's good\n|c|☆Donutmufns|ikr\n|c|☆TomSadnner|I'd do the same\n|c|☆TomSadnner|nice job\n|c|☆Donutmufns|im prolly cooked by gallade\n|c|☆TomSadnner|no no, I'm sayind that I like it\n|inactive|TomSadnner has 120 seconds left.\n|c|☆Donutmufns|but worth a shot\n|\n|t:|1770828219\n|move|p2a: Gourgeist|Seed Bomb|p1a: Avalugg\n|-damage|p1a: Avalugg|204/317 brn\n|move|p1a: Avalugg|Rapid Spin|p2a: Gourgeist\n|-immune|p2a: Gourgeist\n|\n|-heal|p2a: Gourgeist|238/266|[from] item: Leftovers\n|-heal|p1a: Avalugg|223/317 brn|[from] item: Leftovers\n|-damage|p1a: Avalugg|204/317 brn|[from] brn\n|upkeep\n|turn|36\n|inactive|TomSadnner has 120 seconds left.\n|\n|t:|1770828229\n|move|p2a: Gourgeist|Shadow Sneak|p1a: Avalugg\n|-damage|p1a: Avalugg|180/317 brn\n|move|p1a: Avalugg|Avalanche|p2a: Gourgeist\n|-supereffective|p2a: Gourgeist\n|-damage|p2a: Gourgeist|108/266\n|\n|-heal|p2a: Gourgeist|124/266|[from] item: Leftovers\n|-heal|p1a: Avalugg|199/317 brn|[from] item: Leftovers\n|-damage|p1a: Avalugg|180/317 brn|[from] brn\n|upkeep\n|turn|37\n|inactive|TomSadnner has 120 seconds left.\n|\n|t:|1770828238\n|move|p2a: Gourgeist|Synthesis|p2a: Gourgeist\n|-heal|p2a: Gourgeist|257/266\n|move|p1a: Avalugg|Avalanche|p2a: Gourgeist\n|-supereffective|p2a: Gourgeist\n|-damage|p2a: Gourgeist|197/266\n|\n|-heal|p2a: Gourgeist|213/266|[from] item: Leftovers\n|-heal|p1a: Avalugg|199/317 brn|[from] item: Leftovers\n|-damage|p1a: Avalugg|180/317 brn|[from] brn\n|upkeep\n|turn|38\n|\n|t:|1770828253\n|move|p2a: Gourgeist|Seed Bomb|p1a: Avalugg\n|-damage|p1a: Avalugg|135/317 brn\n|move|p1a: Avalugg|Avalanche|p2a: Gourgeist\n|-supereffective|p2a: Gourgeist\n|-damage|p2a: Gourgeist|96/266\n|\n|-heal|p2a: Gourgeist|112/266|[from] item: Leftovers\n|-heal|p1a: Avalugg|154/317 brn|[from] item: Leftovers\n|-damage|p1a: Avalugg|135/317 brn|[from] brn\n|upkeep\n|turn|39\n|\n|t:|1770828262\n|switch|p1a: Jolteon|Jolteon, L81, F|77/238\n|move|p2a: Gourgeist|Synthesis|p2a: Gourgeist\n|-heal|p2a: Gourgeist|245/266\n|\n|-heal|p2a: Gourgeist|261/266|[from] item: Leftovers\n|upkeep\n|turn|40\n|\n|t:|1770828269\n|move|p2a: Gourgeist|Shadow Sneak|p1a: Jolteon\n|-damage|p1a: Jolteon|14/238\n|move|p1a: Jolteon|Signal Beam|p2a: Gourgeist\n|-damage|p2a: Gourgeist|171/266\n|\n|-heal|p2a: Gourgeist|187/266|[from] item: Leftovers\n|upkeep\n|turn|41\n|\n|t:|1770828276\n|switch|p1a: Avalugg|Avalugg, L90, F|135/317 brn\n|move|p2a: Gourgeist|Shadow Sneak|p1a: Avalugg\n|-damage|p1a: Avalugg|108/317 brn\n|\n|-heal|p2a: Gourgeist|203/266|[from] item: Leftovers\n|-heal|p1a: Avalugg|127/317 brn|[from] item: Leftovers\n|-damage|p1a: Avalugg|108/317 brn|[from] brn\n|upkeep\n|turn|42\n|inactive|Donutmufns has 120 seconds left.\n|\n|t:|1770828310\n|move|p2a: Gourgeist|Will-O-Wisp|p1a: Avalugg\n|-fail|p1a: Avalugg|brn\n|move|p1a: Avalugg|Recover|p1a: Avalugg\n|-heal|p1a: Avalugg|267/317 brn\n|\n|-heal|p2a: Gourgeist|219/266|[from] item: Leftovers\n|-heal|p1a: Avalugg|286/317 brn|[from] item: Leftovers\n|-damage|p1a: Avalugg|267/317 brn|[from] brn\n|upkeep\n|turn|43\n|\n|t:|1770828320\n|move|p2a: Gourgeist|Shadow Sneak|p1a: Avalugg\n|-damage|p1a: Avalugg|240/317 brn\n|move|p1a: Avalugg|Rapid Spin|p2a: Gourgeist\n|-immune|p2a: Gourgeist\n|\n|-heal|p2a: Gourgeist|235/266|[from] item: Leftovers\n|-heal|p1a: Avalugg|259/317 brn|[from] item: Leftovers\n|-damage|p1a: Avalugg|240/317 brn|[from] brn\n|upkeep\n|turn|44\n|inactive|Donutmufns has 120 seconds left.\n|\n|t:|1770828337\n|move|p2a: Gourgeist|Will-O-Wisp|p1a: Avalugg|[miss]\n|-miss|p2a: Gourgeist|p1a: Avalugg\n|move|p1a: Avalugg|Rapid Spin|p2a: Gourgeist\n|-immune|p2a: Gourgeist\n|\n|-heal|p2a: Gourgeist|251/266|[from] item: Leftovers\n|-heal|p1a: Avalugg|259/317 brn|[from] item: Leftovers\n|-damage|p1a: Avalugg|240/317 brn|[from] brn\n|upkeep\n|turn|45\n|\n|t:|1770828345\n|move|p2a: Gourgeist|Shadow Sneak|p1a: Avalugg\n|-damage|p1a: Avalugg|216/317 brn\n|move|p1a: Avalugg|Rapid Spin|p2a: Gourgeist\n|-immune|p2a: Gourgeist\n|\n|-heal|p2a: Gourgeist|266/266|[from] item: Leftovers\n|-heal|p1a: Avalugg|235/317 brn|[from] item: Leftovers\n|-damage|p1a: Avalugg|216/317 brn|[from] brn\n|upkeep\n|turn|46\n|\n|t:|1770828354\n|move|p2a: Gourgeist|Shadow Sneak|p1a: Avalugg\n|-damage|p1a: Avalugg|191/317 brn\n|move|p1a: Avalugg|Rapid Spin|p2a: Gourgeist\n|-immune|p2a: Gourgeist\n|\n|-heal|p1a: Avalugg|210/317 brn|[from] item: Leftovers\n|-damage|p1a: Avalugg|191/317 brn|[from] brn\n|upkeep\n|turn|47\n|\n|t:|1770828361\n|move|p2a: Gourgeist|Shadow Sneak|p1a: Avalugg\n|-crit|p1a: Avalugg\n|-damage|p1a: Avalugg|151/317 brn\n|move|p1a: Avalugg|Avalanche|p2a: Gourgeist\n|-supereffective|p2a: Gourgeist\n|-damage|p2a: Gourgeist|134/266\n|\n|-heal|p2a: Gourgeist|150/266|[from] item: Leftovers\n|-heal|p1a: Avalugg|170/317 brn|[from] item: Leftovers\n|-damage|p1a: Avalugg|151/317 brn|[from] brn\n|upkeep\n|turn|48\n|\n|t:|1770828370\n|move|p2a: Gourgeist|Will-O-Wisp|p1a: Avalugg\n|-fail|p1a: Avalugg|brn\n|move|p1a: Avalugg|Recover|p1a: Avalugg\n|-heal|p1a: Avalugg|310/317 brn\n|\n|-heal|p2a: Gourgeist|166/266|[from] item: Leftovers\n|-heal|p1a: Avalugg|317/317 brn|[from] item: Leftovers\n|-damage|p1a: Avalugg|298/317 brn|[from] brn\n|upkeep\n|turn|49\n|\n|t:|1770828382\n|move|p2a: Gourgeist|Shadow Sneak|p1a: Avalugg\n|-damage|p1a: Avalugg|271/317 brn\n|move|p1a: Avalugg|Rapid Spin|p2a: Gourgeist\n|-immune|p2a: Gourgeist\n|\n|-heal|p2a: Gourgeist|182/266|[from] item: Leftovers\n|-heal|p1a: Avalugg|290/317 brn|[from] item: Leftovers\n|-damage|p1a: Avalugg|271/317 brn|[from] brn\n|upkeep\n|turn|50\n|\n|t:|1770828398\n|move|p2a: Gourgeist|Will-O-Wisp|p1a: Avalugg\n|-fail|p1a: Avalugg|brn\n|move|p1a: Avalugg|Avalanche|p2a: Gourgeist\n|-supereffective|p2a: Gourgeist\n|-damage|p2a: Gourgeist|118/266\n|\n|-heal|p2a: Gourgeist|134/266|[from] item: Leftovers\n|-heal|p1a: Avalugg|290/317 brn|[from] item: Leftovers\n|-damage|p1a: Avalugg|271/317 brn|[from] brn\n|upkeep\n|turn|51\n|\n|t:|1770828407\n|move|p2a: Gourgeist|Synthesis|p2a: Gourgeist\n|-heal|p2a: Gourgeist|266/266\n|move|p1a: Avalugg|Recover|p1a: Avalugg\n|-heal|p1a: Avalugg|317/317 brn\n|\n|-damage|p1a: Avalugg|298/317 brn|[from] brn\n|upkeep\n|turn|52\n|\n|t:|1770828416\n|move|p2a: Gourgeist|Shadow Sneak|p1a: Avalugg\n|-damage|p1a: Avalugg|270/317 brn\n|move|p1a: Avalugg|Rapid Spin|p2a: Gourgeist\n|-immune|p2a: Gourgeist\n|\n|-heal|p1a: Avalugg|289/317 brn|[from] item: Leftovers\n|-damage|p1a: Avalugg|270/317 brn|[from] brn\n|upkeep\n|turn|53\n|\n|t:|1770828424\n|move|p2a: Gourgeist|Seed Bomb|p1a: Avalugg\n|-damage|p1a: Avalugg|222/317 brn\n|move|p1a: Avalugg|Earthquake|p2a: Gourgeist\n|-resisted|p2a: Gourgeist\n|-damage|p2a: Gourgeist|250/266\n|\n|-heal|p2a: Gourgeist|266/266|[from] item: Leftovers\n|-heal|p1a: Avalugg|241/317 brn|[from] item: Leftovers\n|-damage|p1a: Avalugg|222/317 brn|[from] brn\n|upkeep\n|turn|54\n|\n|t:|1770828435\n|move|p2a: Gourgeist|Shadow Sneak|p1a: Avalugg\n|-damage|p1a: Avalugg|197/317 brn\n|move|p1a: Avalugg|Rapid Spin|p2a: Gourgeist\n|-immune|p2a: Gourgeist\n|\n|-heal|p1a: Avalugg|216/317 brn|[from] item: Leftovers\n|-damage|p1a: Avalugg|197/317 brn|[from] brn\n|upkeep\n|turn|55\n|\n|t:|1770828442\n|move|p2a: Gourgeist|Will-O-Wisp|p1a: Avalugg|[miss]\n|-miss|p2a: Gourgeist|p1a: Avalugg\n|move|p1a: Avalugg|Earthquake|p2a: Gourgeist\n|-resisted|p2a: Gourgeist\n|-damage|p2a: Gourgeist|250/266\n|\n|-heal|p2a: Gourgeist|266/266|[from] item: Leftovers\n|-heal|p1a: Avalugg|216/317 brn|[from] item: Leftovers\n|-damage|p1a: Avalugg|197/317 brn|[from] brn\n|upkeep\n|turn|56\n|\n|t:|1770828452\n|move|p2a: Gourgeist|Shadow Sneak|p1a: Avalugg\n|-damage|p1a: Avalugg|173/317 brn\n|move|p1a: Avalugg|Rapid Spin|p2a: Gourgeist\n|-immune|p2a: Gourgeist\n|\n|-heal|p1a: Avalugg|192/317 brn|[from] item: Leftovers\n|-damage|p1a: Avalugg|173/317 brn|[from] brn\n|upkeep\n|turn|57\n|\n|t:|1770828462\n|move|p2a: Gourgeist|Shadow Sneak|p1a: Avalugg\n|-damage|p1a: Avalugg|146/317 brn\n|move|p1a: Avalugg|Rapid Spin|p2a: Gourgeist\n|-immune|p2a: Gourgeist\n|\n|-heal|p1a: Avalugg|165/317 brn|[from] item: Leftovers\n|-damage|p1a: Avalugg|146/317 brn|[from] brn\n|upkeep\n|turn|58\n|\n|t:|1770828480\n|move|p2a: Gourgeist|Shadow Sneak|p1a: Avalugg\n|-damage|p1a: Avalugg|122/317 brn\n|move|p1a: Avalugg|Avalanche|p2a: Gourgeist\n|-supereffective|p2a: Gourgeist\n|-damage|p2a: Gourgeist|134/266\n|\n|-heal|p2a: Gourgeist|150/266|[from] item: Leftovers\n|-heal|p1a: Avalugg|141/317 brn|[from] item: Leftovers\n|-damage|p1a: Avalugg|122/317 brn|[from] brn\n|upkeep\n|turn|59\n|\n|t:|1770828489\n|move|p2a: Gourgeist|Will-O-Wisp|p1a: Avalugg\n|-fail|p1a: Avalugg|brn\n|move|p1a: Avalugg|Recover|p1a: Avalugg\n|-heal|p1a: Avalugg|281/317 brn\n|\n|-heal|p2a: Gourgeist|166/266|[from] item: Leftovers\n|-heal|p1a: Avalugg|300/317 brn|[from] item: Leftovers\n|-damage|p1a: Avalugg|281/317 brn|[from] brn\n|upkeep\n|turn|60\n|c|☆Donutmufns|you not having a status setter is tuff\n|c|☆TomSadnner|HAHAHA\n|\n|t:|1770828515\n|move|p2a: Gourgeist|Shadow Sneak|p1a: Avalugg\n|-damage|p1a: Avalugg|254/317 brn\n|move|p1a: Avalugg|Rapid Spin|p2a: Gourgeist\n|-immune|p2a: Gourgeist\n|\n|-heal|p2a: Gourgeist|182/266|[from] item: Leftovers\n|-heal|p1a: Avalugg|273/317 brn|[from] item: Leftovers\n|-damage|p1a: Avalugg|254/317 brn|[from] brn\n|upkeep\n|turn|61\n|c|☆TomSadnner|yes\n|inactive|Donutmufns has 120 seconds left.\n|c|☆Donutmufns|NOW THIS IS POKEMON\n|c|☆Donutmufns|we love stall\n|\n|t:|1770828538\n|move|p2a: Gourgeist|Will-O-Wisp|p1a: Avalugg\n|-fail|p1a: Avalugg|brn\n|move|p1a: Avalugg|Rapid Spin|p2a: Gourgeist\n|-immune|p2a: Gourgeist\n|\n|-heal|p2a: Gourgeist|198/266|[from] item: Leftovers\n|-heal|p1a: Avalugg|273/317 brn|[from] item: Leftovers\n|-damage|p1a: Avalugg|254/317 brn|[from] brn\n|upkeep\n|turn|62\n|inactive|Donutmufns has 120 seconds left.\n|\n|t:|1770828549\n|move|p2a: Gourgeist|Shadow Sneak|p1a: Avalugg\n|-crit|p1a: Avalugg\n|-damage|p1a: Avalugg|214/317 brn\n|move|p1a: Avalugg|Rapid Spin|p2a: Gourgeist\n|-immune|p2a: Gourgeist\n|\n|-heal|p2a: Gourgeist|214/266|[from] item: Leftovers\n|-heal|p1a: Avalugg|233/317 brn|[from] item: Leftovers\n|-damage|p1a: Avalugg|214/317 brn|[from] brn\n|upkeep\n|turn|63\n|\n|t:|1770828559\n|move|p2a: Gourgeist|Shadow Sneak|p1a: Avalugg\n|-damage|p1a: Avalugg|190/317 brn\n|move|p1a: Avalugg|Avalanche|p2a: Gourgeist\n|-supereffective|p2a: Gourgeist\n|-damage|p2a: Gourgeist|93/266\n|\n|-heal|p2a: Gourgeist|109/266|[from] item: Leftovers\n|-heal|p1a: Avalugg|209/317 brn|[from] item: Leftovers\n|-damage|p1a: Avalugg|190/317 brn|[from] brn\n|upkeep\n|turn|64\n|\n|t:|1770828568\n|move|p2a: Gourgeist|Synthesis|p2a: Gourgeist\n|-heal|p2a: Gourgeist|242/266\n|move|p1a: Avalugg|Avalanche|p2a: Gourgeist\n|-supereffective|p2a: Gourgeist\n|-damage|p2a: Gourgeist|185/266\n|\n|-heal|p2a: Gourgeist|201/266|[from] item: Leftovers\n|-heal|p1a: Avalugg|209/317 brn|[from] item: Leftovers\n|-damage|p1a: Avalugg|190/317 brn|[from] brn\n|upkeep\n|turn|65\n|c|☆Donutmufns|those last 2 avalances are scary\n|\n|t:|1770828587\n|move|p2a: Gourgeist|Shadow Sneak|p1a: Avalugg\n|-damage|p1a: Avalugg|163/317 brn\n|move|p1a: Avalugg|Rapid Spin|p2a: Gourgeist\n|-immune|p2a: Gourgeist\n|\n|-heal|p2a: Gourgeist|217/266|[from] item: Leftovers\n|-heal|p1a: Avalugg|182/317 brn|[from] item: Leftovers\n|-damage|p1a: Avalugg|163/317 brn|[from] brn\n|upkeep\n|turn|66\n|c|☆TomSadnner|and I'm pretending to reserve them\n|\n|t:|1770828600\n|move|p2a: Gourgeist|Shadow Sneak|p1a: Avalugg\n|-damage|p1a: Avalugg|139/317 brn\n|move|p1a: Avalugg|Recover|p1a: Avalugg\n|-heal|p1a: Avalugg|298/317 brn\n|\n|-heal|p2a: Gourgeist|233/266|[from] item: Leftovers\n|-heal|p1a: Avalugg|317/317 brn|[from] item: Leftovers\n|-damage|p1a: Avalugg|298/317 brn|[from] brn\n|upkeep\n|turn|67\n|c|☆Donutmufns|lol\n|\n|t:|1770828609\n|move|p2a: Gourgeist|Shadow Sneak|p1a: Avalugg\n|-damage|p1a: Avalugg|271/317 brn\n|move|p1a: Avalugg|Earthquake|p2a: Gourgeist\n|-resisted|p2a: Gourgeist\n|-damage|p2a: Gourgeist|216/266\n|\n|-heal|p2a: Gourgeist|232/266|[from] item: Leftovers\n|-heal|p1a: Avalugg|290/317 brn|[from] item: Leftovers\n|-damage|p1a: Avalugg|271/317 brn|[from] brn\n|upkeep\n|turn|68\n|\n|t:|1770828618\n|move|p2a: Gourgeist|Shadow Sneak|p1a: Avalugg\n|-damage|p1a: Avalugg|247/317 brn\n|move|p1a: Avalugg|Rapid Spin|p2a: Gourgeist\n|-immune|p2a: Gourgeist\n|\n|-heal|p2a: Gourgeist|248/266|[from] item: Leftovers\n|-heal|p1a: Avalugg|266/317 brn|[from] item: Leftovers\n|-damage|p1a: Avalugg|247/317 brn|[from] brn\n|upkeep\n|turn|69\n|\n|t:|1770828637\n|move|p2a: Gourgeist|Shadow Sneak|p1a: Avalugg\n|-damage|p1a: Avalugg|222/317 brn\n|move|p1a: Avalugg|Rapid Spin|p2a: Gourgeist\n|-immune|p2a: Gourgeist\n|\n|-heal|p2a: Gourgeist|264/266|[from] item: Leftovers\n|-heal|p1a: Avalugg|241/317 brn|[from] item: Leftovers\n|-damage|p1a: Avalugg|222/317 brn|[from] brn\n|upkeep\n|turn|70\n|\n|t:|1770828645\n|move|p2a: Gourgeist|Shadow Sneak|p1a: Avalugg\n|-damage|p1a: Avalugg|198/317 brn\n|move|p1a: Avalugg|Earthquake|p2a: Gourgeist\n|-resisted|p2a: Gourgeist\n|-damage|p2a: Gourgeist|247/266\n|\n|-heal|p2a: Gourgeist|263/266|[from] item: Leftovers\n|-heal|p1a: Avalugg|217/317 brn|[from] item: Leftovers\n|-damage|p1a: Avalugg|198/317 brn|[from] brn\n|upkeep\n|turn|71\n|\n|t:|1770828655\n|move|p2a: Gourgeist|Shadow Sneak|p1a: Avalugg\n|-damage|p1a: Avalugg|171/317 brn\n|move|p1a: Avalugg|Rapid Spin|p2a: Gourgeist\n|-immune|p2a: Gourgeist\n|\n|-heal|p2a: Gourgeist|266/266|[from] item: Leftovers\n|-heal|p1a: Avalugg|190/317 brn|[from] item: Leftovers\n|-damage|p1a: Avalugg|171/317 brn|[from] brn\n|upkeep\n|turn|72\n|\n|t:|1770828664\n|move|p2a: Gourgeist|Shadow Sneak|p1a: Avalugg\n|-damage|p1a: Avalugg|144/317 brn\n|move|p1a: Avalugg|Rapid Spin|p2a: Gourgeist\n|-immune|p2a: Gourgeist\n|\n|-heal|p1a: Avalugg|163/317 brn|[from] item: Leftovers\n|-damage|p1a: Avalugg|144/317 brn|[from] brn\n|upkeep\n|turn|73\n|\n|t:|1770828671\n|move|p2a: Gourgeist|Shadow Sneak|p1a: Avalugg\n|-damage|p1a: Avalugg|119/317 brn\n|move|p1a: Avalugg|Rapid Spin|p2a: Gourgeist\n|-immune|p2a: Gourgeist\n|\n|-heal|p1a: Avalugg|138/317 brn|[from] item: Leftovers\n|-damage|p1a: Avalugg|119/317 brn|[from] brn\n|upkeep\n|turn|74\n|\n|t:|1770828683\n|move|p2a: Gourgeist|Shadow Sneak|p1a: Avalugg\n|-damage|p1a: Avalugg|94/317 brn\n|move|p1a: Avalugg|Recover|p1a: Avalugg\n|-heal|p1a: Avalugg|253/317 brn\n|\n|-heal|p1a: Avalugg|272/317 brn|[from] item: Leftovers\n|-damage|p1a: Avalugg|253/317 brn|[from] brn\n|upkeep\n|turn|75\n|\n|t:|1770828691\n|move|p2a: Gourgeist|Shadow Sneak|p1a: Avalugg\n|-damage|p1a: Avalugg|226/317 brn\n|move|p1a: Avalugg|Rapid Spin|p2a: Gourgeist\n|-immune|p2a: Gourgeist\n|\n|-heal|p1a: Avalugg|245/317 brn|[from] item: Leftovers\n|-damage|p1a: Avalugg|226/317 brn|[from] brn\n|upkeep\n|turn|76\n|\n|t:|1770828698\n|move|p2a: Gourgeist|Shadow Sneak|p1a: Avalugg\n|-damage|p1a: Avalugg|201/317 brn\n|move|p1a: Avalugg|Rapid Spin|p2a: Gourgeist\n|-immune|p2a: Gourgeist\n|\n|-heal|p1a: Avalugg|220/317 brn|[from] item: Leftovers\n|-damage|p1a: Avalugg|201/317 brn|[from] brn\n|upkeep\n|turn|77\n|\n|t:|1770828705\n|move|p2a: Gourgeist|Shadow Sneak|p1a: Avalugg\n|-damage|p1a: Avalugg|176/317 brn\n|move|p1a: Avalugg|Rapid Spin|p2a: Gourgeist\n|-immune|p2a: Gourgeist\n|\n|-heal|p1a: Avalugg|195/317 brn|[from] item: Leftovers\n|-damage|p1a: Avalugg|176/317 brn|[from] brn\n|upkeep\n|turn|78\n|\n|t:|1770828712\n|move|p2a: Gourgeist|Shadow Sneak|p1a: Avalugg\n|-damage|p1a: Avalugg|149/317 brn\n|move|p1a: Avalugg|Earthquake|p2a: Gourgeist\n|-resisted|p2a: Gourgeist\n|-damage|p2a: Gourgeist|250/266\n|\n|-heal|p2a: Gourgeist|266/266|[from] item: Leftovers\n|-heal|p1a: Avalugg|168/317 brn|[from] item: Leftovers\n|-damage|p1a: Avalugg|149/317 brn|[from] brn\n|upkeep\n|turn|79\n|\n|t:|1770828733\n|move|p2a: Gourgeist|Shadow Sneak|p1a: Avalugg\n|-damage|p1a: Avalugg|122/317 brn\n|move|p1a: Avalugg|Rapid Spin|p2a: Gourgeist\n|-immune|p2a: Gourgeist\n|\n|-heal|p1a: Avalugg|141/317 brn|[from] item: Leftovers\n|-damage|p1a: Avalugg|122/317 brn|[from] brn\n|upkeep\n|turn|80\n|\n|t:|1770828743\n|move|p2a: Gourgeist|Shadow Sneak|p1a: Avalugg\n|-damage|p1a: Avalugg|98/317 brn\n|move|p1a: Avalugg|Recover|p1a: Avalugg\n|-heal|p1a: Avalugg|257/317 brn\n|\n|-heal|p1a: Avalugg|276/317 brn|[from] item: Leftovers\n|-damage|p1a: Avalugg|257/317 brn|[from] brn\n|upkeep\n|turn|81\n|\n|t:|1770828759\n|move|p2a: Gourgeist|Seed Bomb|p1a: Avalugg\n|-damage|p1a: Avalugg|208/317 brn\n|move|p1a: Avalugg|Rapid Spin|p2a: Gourgeist\n|-immune|p2a: Gourgeist\n|\n|-heal|p1a: Avalugg|227/317 brn|[from] item: Leftovers\n|-damage|p1a: Avalugg|208/317 brn|[from] brn\n|upkeep\n|turn|82\n|\n|t:|1770828768\n|move|p2a: Gourgeist|Seed Bomb|p1a: Avalugg\n|-damage|p1a: Avalugg|162/317 brn\n|move|p1a: Avalugg|Rapid Spin|p2a: Gourgeist\n|-immune|p2a: Gourgeist\n|\n|-heal|p1a: Avalugg|181/317 brn|[from] item: Leftovers\n|-damage|p1a: Avalugg|162/317 brn|[from] brn\n|upkeep\n|turn|83\n|\n|t:|1770828777\n|move|p2a: Gourgeist|Seed Bomb|p1a: Avalugg\n|-damage|p1a: Avalugg|114/317 brn\n|move|p1a: Avalugg|Earthquake|p2a: Gourgeist\n|-resisted|p2a: Gourgeist\n|-damage|p2a: Gourgeist|249/266\n|\n|-heal|p2a: Gourgeist|265/266|[from] item: Leftovers\n|-heal|p1a: Avalugg|133/317 brn|[from] item: Leftovers\n|-damage|p1a: Avalugg|114/317 brn|[from] brn\n|upkeep\n|turn|84\n|\n|t:|1770828786\n|move|p2a: Gourgeist|Seed Bomb|p1a: Avalugg\n|-damage|p1a: Avalugg|69/317 brn\n|move|p1a: Avalugg|Avalanche|p2a: Gourgeist\n|-supereffective|p2a: Gourgeist\n|-damage|p2a: Gourgeist|133/266\n|\n|-heal|p2a: Gourgeist|149/266|[from] item: Leftovers\n|-heal|p1a: Avalugg|88/317 brn|[from] item: Leftovers\n|-damage|p1a: Avalugg|69/317 brn|[from] brn\n|upkeep\n|turn|85\n|\n|t:|1770828799\n|move|p2a: Gourgeist|Will-O-Wisp|p1a: Avalugg\n|-fail|p1a: Avalugg|brn\n|move|p1a: Avalugg|Recover|p1a: Avalugg\n|-heal|p1a: Avalugg|228/317 brn\n|\n|-heal|p2a: Gourgeist|165/266|[from] item: Leftovers\n|-heal|p1a: Avalugg|247/317 brn|[from] item: Leftovers\n|-damage|p1a: Avalugg|228/317 brn|[from] brn\n|upkeep\n|turn|86\n|\n|t:|1770828807\n|move|p2a: Gourgeist|Will-O-Wisp|p1a: Avalugg\n|-fail|p1a: Avalugg|brn\n|move|p1a: Avalugg|Rapid Spin|p2a: Gourgeist\n|-immune|p2a: Gourgeist\n|\n|-heal|p2a: Gourgeist|181/266|[from] item: Leftovers\n|-heal|p1a: Avalugg|247/317 brn|[from] item: Leftovers\n|-damage|p1a: Avalugg|228/317 brn|[from] brn\n|upkeep\n|turn|87\n|\n|t:|1770828826\n|move|p2a: Gourgeist|Seed Bomb|p1a: Avalugg\n|-damage|p1a: Avalugg|182/317 brn\n|move|p1a: Avalugg|Earthquake|p2a: Gourgeist\n|-resisted|p2a: Gourgeist\n|-crit|p2a: Gourgeist\n|-damage|p2a: Gourgeist|155/266\n|\n|-heal|p2a: Gourgeist|171/266|[from] item: Leftovers\n|-heal|p1a: Avalugg|201/317 brn|[from] item: Leftovers\n|-damage|p1a: Avalugg|182/317 brn|[from] brn\n|upkeep\n|turn|88\n|\n|t:|1770828835\n|move|p2a: Gourgeist|Seed Bomb|p1a: Avalugg\n|-damage|p1a: Avalugg|134/317 brn\n|move|p1a: Avalugg|Earthquake|p2a: Gourgeist\n|-resisted|p2a: Gourgeist\n|-damage|p2a: Gourgeist|154/266\n|\n|-heal|p2a: Gourgeist|170/266|[from] item: Leftovers\n|-heal|p1a: Avalugg|153/317 brn|[from] item: Leftovers\n|-damage|p1a: Avalugg|134/317 brn|[from] brn\n|upkeep\n|turn|89\n|\n|t:|1770828844\n|move|p2a: Gourgeist|Will-O-Wisp|p1a: Avalugg\n|-fail|p1a: Avalugg|brn\n|move|p1a: Avalugg|Avalanche|p2a: Gourgeist\n|-supereffective|p2a: Gourgeist\n|-damage|p2a: Gourgeist|110/266\n|\n|-heal|p2a: Gourgeist|126/266|[from] item: Leftovers\n|-heal|p1a: Avalugg|153/317 brn|[from] item: Leftovers\n|-damage|p1a: Avalugg|134/317 brn|[from] brn\n|upkeep\n|turn|90\n|\n|t:|1770828855\n|move|p2a: Gourgeist|Synthesis|p2a: Gourgeist\n|-heal|p2a: Gourgeist|259/266\n|move|p1a: Avalugg|Rapid Spin|p2a: Gourgeist\n|-immune|p2a: Gourgeist\n|\n|-heal|p2a: Gourgeist|266/266|[from] item: Leftovers\n|-heal|p1a: Avalugg|153/317 brn|[from] item: Leftovers\n|-damage|p1a: Avalugg|134/317 brn|[from] brn\n|upkeep\n|turn|91\n|\n|t:|1770828871\n|move|p2a: Gourgeist|Seed Bomb|p1a: Avalugg\n|-damage|p1a: Avalugg|83/317 brn\n|move|p1a: Avalugg|Earthquake|p2a: Gourgeist\n|-resisted|p2a: Gourgeist\n|-damage|p2a: Gourgeist|249/266\n|\n|-heal|p2a: Gourgeist|265/266|[from] item: Leftovers\n|-heal|p1a: Avalugg|102/317 brn|[from] item: Leftovers\n|-damage|p1a: Avalugg|83/317 brn|[from] brn\n|upkeep\n|turn|92\n|\n|t:|1770828880\n|move|p2a: Gourgeist|Seed Bomb|p1a: Avalugg\n|-damage|p1a: Avalugg|38/317 brn\n|move|p1a: Avalugg|Recover|p1a: Avalugg\n|-heal|p1a: Avalugg|197/317 brn\n|\n|-heal|p2a: Gourgeist|266/266|[from] item: Leftovers\n|-heal|p1a: Avalugg|216/317 brn|[from] item: Leftovers\n|-damage|p1a: Avalugg|197/317 brn|[from] brn\n|upkeep\n|turn|93\n|\n|t:|1770828894\n|move|p2a: Gourgeist|Seed Bomb|p1a: Avalugg\n|-damage|p1a: Avalugg|146/317 brn\n|move|p1a: Avalugg|Rapid Spin|p2a: Gourgeist\n|-immune|p2a: Gourgeist\n|\n|-heal|p1a: Avalugg|165/317 brn|[from] item: Leftovers\n|-damage|p1a: Avalugg|146/317 brn|[from] brn\n|upkeep\n|turn|94\n|\n|t:|1770828903\n|move|p2a: Gourgeist|Seed Bomb|p1a: Avalugg\n|-damage|p1a: Avalugg|92/317 brn\n|move|p1a: Avalugg|Rapid Spin|p2a: Gourgeist\n|-immune|p2a: Gourgeist\n|\n|-heal|p1a: Avalugg|111/317 brn|[from] item: Leftovers\n|-damage|p1a: Avalugg|92/317 brn|[from] brn\n|upkeep\n|turn|95\n|\n|t:|1770828913\n|move|p2a: Gourgeist|Seed Bomb|p1a: Avalugg\n|-damage|p1a: Avalugg|40/317 brn\n|move|p1a: Avalugg|Earthquake|p2a: Gourgeist\n|-resisted|p2a: Gourgeist\n|-damage|p2a: Gourgeist|250/266\n|\n|-heal|p2a: Gourgeist|266/266|[from] item: Leftovers\n|-heal|p1a: Avalugg|59/317 brn|[from] item: Leftovers\n|-damage|p1a: Avalugg|40/317 brn|[from] brn\n|upkeep\n|turn|96\n|\n|t:|1770828923\n|move|p2a: Gourgeist|Seed Bomb|p1a: Avalugg\n|-damage|p1a: Avalugg|0 fnt\n|faint|p1a: Avalugg\n|\n|upkeep\n|c|☆Donutmufns|It’s been years\n|\n|t:|1770828933\n|switch|p1a: Jolteon|Jolteon, L81, F|14/238\n|turn|97\n|c|☆TomSadnner|because of that\n|c|☆TomSadnner|I was bored at a point\n|\n|t:|1770828953\n|move|p2a: Gourgeist|Shadow Sneak|p1a: Jolteon\n|-damage|p1a: Jolteon|0 fnt\n|faint|p1a: Jolteon\n|\n|upkeep\n|\n|t:|1770828957\n|switch|p1a: Gallade|Gallade-Mega, L77, M|231/231\n|turn|98\n|c|☆Donutmufns|Yeah I was committed\n|c|☆TomSadnner|Honestly, I think I'm going to lose\n|inactive|TomSadnner has 120 seconds left.\n|c|☆TomSadnner|if it isn't one shot, I get burned, If it isnt' two shots, I get shadow sneaked\n|\n|t:|1770829011\n|move|p2a: Gourgeist|Shadow Sneak|p1a: Gallade\n|-supereffective|p1a: Gallade\n|-damage|p1a: Gallade|133/231\n|move|p1a: Gallade|Knock Off|p2a: Gourgeist\n|-supereffective|p2a: Gourgeist\n|-damage|p2a: Gourgeist|142/266\n|-enditem|p2a: Gourgeist|Leftovers|[from] move: Knock Off|[of] p1a: Gallade\n|\n|upkeep\n|turn|99\n|c|☆Donutmufns|I m going all in\n|c|☆TomSadnner|I lose\n|c|☆Donutmufns|I think I win this\n|c|☆TomSadnner|AAAAAA\n|c|☆Donutmufns|ggs bro\n|c|☆TomSadnner|you desrve it\n|\n|t:|1770829035\n|move|p2a: Gourgeist|Shadow Sneak|p1a: Gallade\n|-supereffective|p1a: Gallade\n|-damage|p1a: Gallade|31/231\n|move|p1a: Gallade|Knock Off|p2a: Gourgeist\n|-supereffective|p2a: Gourgeist\n|-damage|p2a: Gourgeist|58/266\n|\n|upkeep\n|turn|100\n|c|☆TomSadnner|good game\n|c|☆TomSadnner|it was a pleasure\n|\n|t:|1770829044\n|move|p2a: Gourgeist|Shadow Sneak|p1a: Gallade\n|-supereffective|p1a: Gallade\n|-damage|p1a: Gallade|0 fnt\n|faint|p1a: Gallade\n|detailschange|p1: Gallade|Gallade, L77, M|[silent]\n|\n|win|Donutmufns\n|raw|TomSadnner's rating: 1556 &rarr; <strong>1533</strong><br />(-23 for losing)\n|raw|Donutmufns's rating: 1509 &rarr; <strong>1532</strong><br />(+23 for winning)\n|c|☆Donutmufns|100 turn game\n|c|☆Donutmufns|yep lol holy\n|c|☆TomSadnner|lol yes haha\n|l|☆TomSadnner\n|player|p1|\n", "inputlog": ">version ccdc32dd7cde25fd9e4bed64820e885f66e78a4e\n>start {\"formatid\":\"gen7randombattle\",\"seed\":\"sodium,eb523e5df93469d09d3a2652c5fecaa1\",\"rated\":\"Rated battle\"}\n>player p1 {\"name\":\"TomSadnner\",\"avatar\":\"2\",\"rating\":1556,\"seed\":\"sodium,40568d761c24a9ca1507dc0a08264c01\"}\n>player p2 {\"name\":\"Donutmufns\",\"avatar\":\"clerkf\",\"rating\":1509,\"seed\":\"sodium,720012866e8bda1f44c8dc2488311d4b\"}\n>chat ☆TomSadnner|!data [sand force]\n>p1 move closecombat mega\n>p2 switch 4\n>p1 switch 4\n>p2 move willowisp\n>p1 move dragontail\n>p2 switch 2\n>p1 move earthquake\n>p2 move stealthrock\n>p1 move dragontail\n>p2 move earthquake\n>p2 switch 4\n>p1 move dracometeor\n>p2 move scald\n>p1 switch 6\n>p1 move signalbeam\n>p2 switch 5\n>p1 move signalbeam\n>p2 move overheat mega\n>p1 move signalbeam\n>p2 switch 6\n>p1 switch 3\n>p2 move hypervoice\n>p1 move suckerpunch\n>p2 move hypervoice\n>p1 switch 5\n>p1 move moonblast\n>p2 move hypervoice\n>p2 switch 3\n>p1 move stickyweb\n>p2 move knockoff\n>p1 move roost\n>p2 move knockoff\n>p1 move moonblast\n>p2 switch 6\n>chat ☆TomSadnner|gg\n>p2 switch 6\n>p1 move moonblast\n>p2 move doubleedge\n>p1 switch 3\n>p1 move thunderbolt\n>p2 move doubleedge\n>p2 switch 2\n>p1 switch 2\n>p2 move willowisp\n>p1 move avalanche\n>p2 switch 5\n>p1 move earthquake\n>p2 move uturn\n>p2 switch 5\n>p1 move recover\n>p2 switch 5\n>p1 move rapidspin\n>p2 move scald\n>p1 move earthquake\n>p2 move scald\n>p2 switch 5\n>chat ☆TomSadnner|I was afraid you had rest\n>chat ☆TomSadnner|thank god you don't\n>p1 move recover\n>p2 move seedbomb\n>chat ☆Donutmufns|wish i did\n>p1 move avalanche\n>p2 move willowisp\n>p1 move avalanche\n>p2 move seedbomb\n>p1 move avalanche\n>p2 move synthesis\n>p1 move avalanche\n>p2 move willowisp\n>p1 move recover\n>p2 move willowisp\n>p1 move earthquake\n>p2 move willowisp\n>p1 move earthquake\n>p2 move willowisp\n>p1 move earthquake\n>p2 move seedbomb\n>p1 move earthquake\n>p2 move willowisp\n>p1 move avalanche\n>p2 move synthesis\n>chat ☆TomSadnner|it's a desesperate strategy, but it's good\n>chat ☆Donutmufns|ikr\n>chat ☆TomSadnner|I'd do the same\n>chat ☆TomSadnner|nice job\n>chat ☆Donutmufns|im prolly cooked by gallade\n>chat ☆TomSadnner|no no, I'm sayind that I like it\n>chat ☆Donutmufns|but worth a shot\n>p1 move rapidspin\n>p2 move seedbomb\n>p1 move avalanche\n>p2 move shadowsneak\n>p1 move avalanche\n>p2 move synthesis\n>p1 move avalanche\n>p2 move seedbomb\n>p1 switch 2\n>p2 move synthesis\n>p1 move signalbeam\n>p2 move shadowsneak\n>p1 switch 2\n>p2 move shadowsneak\n>p1 move recover\n>p2 move willowisp\n>p1 move rapidspin\n>p2 move shadowsneak\n>p1 move rapidspin\n>p2 move willowisp\n>p1 move rapidspin\n>p2 move shadowsneak\n>p1 move rapidspin\n>p2 move shadowsneak\n>p1 move avalanche\n>p2 move shadowsneak\n>p1 move recover\n>p2 move willowisp\n>p1 move rapidspin\n>p2 move shadowsneak\n>p1 move avalanche\n>p2 move willowisp\n>p1 move recover\n>p2 move synthesis\n>p1 move rapidspin\n>p2 move shadowsneak\n>p1 move earthquake\n>p2 move seedbomb\n>p1 move rapidspin\n>p2 move shadowsneak\n>p1 move earthquake\n>p2 move willowisp\n>p1 move rapidspin\n>p2 move shadowsneak\n>p1 move rapidspin\n>p2 move shadowsneak\n>p1 move avalanche\n>p2 move shadowsneak\n>p1 move recover\n>p2 move willowisp\n>chat ☆Donutmufns|you not having a status setter is tuff\n>chat ☆TomSadnner|HAHAHA\n>p1 move rapidspin\n>p2 move shadowsneak\n>chat ☆TomSadnner|yes\n>chat ☆Donutmufns|NOW THIS IS POKEMON\n>chat ☆Donutmufns|we love stall\n>p1 move rapidspin\n>p2 move willowisp\n>p1 move rapidspin\n>p2 move shadowsneak\n>p1 move avalanche\n>p2 move shadowsneak\n>p1 move avalanche\n>p2 move synthesis\n>chat ☆Donutmufns|those last 2 avalances are scary\n>p1 move rapidspin\n>p2 move shadowsneak\n>chat ☆TomSadnner|and I'm pretending to reserve them\n>p1 move recover\n>p2 move shadowsneak\n>chat ☆Donutmufns|lol\n>p1 move earthquake\n>p2 move shadowsneak\n>p1 move rapidspin\n>p2 move shadowsneak\n>p1 move rapidspin\n>p2 move shadowsneak\n>p1 move earthquake\n>p2 move shadowsneak\n>p1 move rapidspin\n>p2 move shadowsneak\n>p1 move rapidspin\n>p2 move shadowsneak\n>p1 move rapidspin\n>p2 move shadowsneak\n>p1 move recover\n>p2 move shadowsneak\n>p1 move rapidspin\n>p2 move shadowsneak\n>p1 move rapidspin\n>p2 move shadowsneak\n>p1 move rapidspin\n>p2 move shadowsneak\n>p1 move earthquake\n>p2 move shadowsneak\n>p1 move rapidspin\n>p2 move shadowsneak\n>p1 move recover\n>p2 move shadowsneak\n>p1 move rapidspin\n>p2 move seedbomb\n>p1 move rapidspin\n>p2 move seedbomb\n>p1 move earthquake\n>p2 move seedbomb\n>p1 move avalanche\n>p2 move seedbomb\n>p1 move recover\n>p2 move willowisp\n>p1 move rapidspin\n>p2 move willowisp\n>p1 move earthquake\n>p2 move seedbomb\n>p1 move earthquake\n>p2 move seedbomb\n>p1 move avalanche\n>p2 move willowisp\n>p1 move rapidspin\n>p2 move synthesis\n>p1 move earthquake\n>p2 move seedbomb\n>p1 move recover\n>p2 move seedbomb\n>p1 move rapidspin\n>p2 move seedbomb\n>p1 move rapidspin\n>p2 move seedbomb\n>p1 move earthquake\n>p2 move seedbomb\n>p1 move recover\n>p2 move seedbomb\n>chat ☆Donutmufns|It’s been years\n>p1 switch 2\n>chat ☆TomSadnner|because of that\n>chat ☆TomSadnner|I was bored at a point\n>p1 move hiddenpower\n>p2 move shadowsneak\n>p1 switch 4\n>chat ☆Donutmufns|Yeah I was committed\n>chat ☆TomSadnner|Honestly, I think I'm going to lose\n>chat ☆TomSadnner|if it isn't one shot, I get burned, If it isnt' two shots, I get shadow sneaked\n>p1 move knockoff\n>p2 move shadowsneak\n>chat ☆Donutmufns|I m going all in\n>chat ☆TomSadnner|I lose\n>chat ☆Donutmufns|I think I win this\n>chat ☆TomSadnner|AAAAAA\n>chat ☆Donutmufns|ggs bro\n>chat ☆TomSadnner|you desrve it\n>p1 move knockoff\n>p2 move shadowsneak\n>chat ☆TomSadnner|good game\n>chat ☆TomSadnner|it was a pleasure\n>p1 move knockoff\n>p2 move shadowsneak", "uploadtime": 1770829059, "views": 217, "formatid": "gen7randombattle", "rating": 1532, "private": 0, "password": null}