{"id": "gen7randombattle-2540951718", "format": "[Gen 7] Random Battle", "players": ["RumpleMyStiltSkin", "beckywiththebraids"], "log": "|j|☆RumpleMyStiltSkin\n|j|☆beckywiththebraids\n|t:|1771270243\n|gametype|singles\n|player|p1|RumpleMyStiltSkin|dancer|1595\n|player|p2|beckywiththebraids|169|1726\n|gen|7\n|tier|[Gen 7] Random Battle\n|rated|\n|rule|Sleep Clause Mod: Limit one foe put to sleep\n|rule|HP Percentage Mod: HP is shown in percentages\n|rule|Illusion Level Mod: Illusion disguises the Pokémon's true level\n|\n|t:|1771270243\n|teamsize|p1|6\n|teamsize|p2|6\n|start\n|switch|p1a: Dragonite|Dragonite, L72, F|250/250\n|switch|p2a: Pyroar|Pyroar, L88, F|295/295\n|-ability|p2a: Pyroar|Unnerve\n|turn|1\n|\n|t:|1771270258\n|switch|p1a: Suicune|Suicune, L82|298/298\n|-ability|p1a: Suicune|Pressure\n|move|p2a: Pyroar|Will-O-Wisp|p1a: Suicune\n|-status|p1a: Suicune|brn\n|\n|-damage|p1a: Suicune|280/298 brn|[from] brn\n|upkeep\n|turn|2\n|\n|t:|1771270270\n|switch|p2a: Poliwrath|Poliwrath, L91, F|312/312\n|move|p1a: Suicune|Scald|p2a: Poliwrath\n|-immune|p2a: Poliwrath|[from] ability: Water Absorb\n|\n|-damage|p1a: Suicune|262/298 brn|[from] brn\n|upkeep\n|turn|3\n|\n|t:|1771270274\n|switch|p1a: Alomomola|Alomomola, L87, F|429/429\n|move|p2a: Poliwrath|Circle Throw|p1a: Alomomola\n|-damage|p1a: Alomomola|345/429\n|-damage|p2a: Poliwrath|260/312|[from] item: Rocky Helmet|[of] p1a: Alomomola\n|drag|p1a: Dragonite|Dragonite, L72, F|250/250\n|\n|-heal|p2a: Poliwrath|279/312|[from] item: Leftovers\n|upkeep\n|turn|4\n|\n|t:|1771270300\n|switch|p2a: Type: Null|Type: Null, L85|300/300\n|move|p1a: Dragonite|Fly||[still]\n|-prepare|p1a: Dragonite|Fly\n|\n|upkeep\n|turn|5\n|\n|t:|1771270303\n|move|p1a: Dragonite|Fly|p2a: Type: Null|[from] lockedmove\n|-damage|p2a: Type: Null|245/300\n|move|p2a: Type: Null|Swords Dance|p2a: Type: Null\n|-boost|p2a: Type: Null|atk|2\n|\n|upkeep\n|turn|6\n|\n|t:|1771270311\n|switch|p1a: Alomomola|Alomomola, L87, F|429/429\n|move|p2a: Type: Null|Return|p1a: Alomomola\n|-damage|p1a: Alomomola|210/429\n|-damage|p2a: Type: Null|195/300|[from] item: Rocky Helmet|[of] p1a: Alomomola\n|\n|upkeep\n|turn|7\n|\n|t:|1771270317\n|switch|p1a: Arceus|Arceus-Ghost, L72|292/292\n|move|p2a: Type: Null|Swords Dance|p2a: Type: Null\n|-boost|p2a: Type: Null|atk|2\n|\n|upkeep\n|turn|8\n|\n|t:|1771270325\n|switch|p2a: Pyroar|Pyroar, L88, F|295/295\n|-ability|p2a: Pyroar|Unnerve\n|move|p1a: Arceus|Focus Blast|p2a: Pyroar|[miss]\n|-miss|p1a: Arceus|p2a: Pyroar\n|\n|upkeep\n|turn|9\n|\n|t:|1771270333\n|move|p2a: Pyroar|Fire Blast|p1a: Arceus\n|-damage|p1a: Arceus|139/292\n|-damage|p2a: Pyroar|266/295|[from] item: Life Orb\n|move|p1a: Arceus|Focus Blast|p2a: Pyroar\n|-supereffective|p2a: Pyroar\n|-damage|p2a: Pyroar|78/295\n|\n|upkeep\n|turn|10\n|\n|t:|1771270338\n|move|p2a: Pyroar|Work Up|p2a: Pyroar\n|-boost|p2a: Pyroar|atk|1\n|-boost|p2a: Pyroar|spa|1\n|move|p1a: Arceus|Recover|p1a: Arceus\n|-heal|p1a: Arceus|285/292\n|\n|upkeep\n|turn|11\n|\n|t:|1771270344\n|move|p2a: Pyroar|Fire Blast|p1a: Arceus\n|-damage|p1a: Arceus|19/292\n|-status|p1a: Arceus|brn\n|-damage|p2a: Pyroar|49/295|[from] item: Life Orb\n|move|p1a: Arceus|Focus Blast|p2a: Pyroar\n|-supereffective|p2a: Pyroar\n|-damage|p2a: Pyroar|0 fnt\n|faint|p2a: Pyroar\n|\n|-damage|p1a: Arceus|1/292 brn|[from] brn\n|upkeep\n|\n|t:|1771270349\n|switch|p2a: Hawlucha|Hawlucha, L78, M|249/249\n|turn|12\n|\n|t:|1771270352\n|move|p2a: Hawlucha|Swords Dance|p2a: Hawlucha\n|-boost|p2a: Hawlucha|atk|2\n|move|p1a: Arceus|Judgment|p2a: Hawlucha\n|-damage|p2a: Hawlucha|99/249\n|\n|-damage|p1a: Arceus|0 fnt|[from] brn\n|faint|p1a: Arceus\n|upkeep\n|\n|t:|1771270358\n|switch|p1a: Alomomola|Alomomola, L87, F|353/429\n|turn|13\n|\n|t:|1771270361\n|move|p2a: Hawlucha|Sky Attack||[still]\n|-prepare|p2a: Hawlucha|Sky Attack\n|-enditem|p2a: Hawlucha|Power Herb\n|-anim|p2a: Hawlucha|Sky Attack|p1a: Alomomola\n|-damage|p1a: Alomomola|77/429\n|move|p1a: Alomomola|Scald|p2a: Hawlucha\n|-damage|p2a: Hawlucha|32/249\n|\n|upkeep\n|turn|14\n|\n|t:|1771270367\n|move|p2a: Hawlucha|Acrobatics|p1a: Alomomola\n|-damage|p1a: Alomomola|0 fnt\n|-damage|p2a: Hawlucha|0 fnt|[from] item: Rocky Helmet|[of] p1a: Alomomola\n|faint|p1a: Alomomola\n|faint|p2a: Hawlucha\n|\n|upkeep\n|\n|t:|1771270373\n|switch|p2a: Type: Null|Type: Null, L85|195/300\n|switch|p1a: Ariados|Ariados, L92, F|278/278\n|turn|15\n|\n|t:|1771270376\n|move|p2a: Type: Null|Swords Dance|p2a: Type: Null\n|-boost|p2a: Type: Null|atk|2\n|move|p1a: Ariados|Sticky Web|p2a: Type: Null\n|-sidestart|p2: beckywiththebraids|move: Sticky Web\n|\n|upkeep\n|turn|16\n|\n|t:|1771270379\n|move|p2a: Type: Null|Swords Dance|p2a: Type: Null\n|-boost|p2a: Type: Null|atk|2\n|move|p1a: Ariados|Toxic Spikes|p2a: Type: Null\n|-sidestart|p2: beckywiththebraids|move: Toxic Spikes\n|\n|upkeep\n|turn|17\n|\n|t:|1771270385\n|move|p2a: Type: Null|Return|p1a: Ariados\n|-damage|p1a: Ariados|0 fnt\n|faint|p1a: Ariados\n|\n|upkeep\n|\n|t:|1771270389\n|switch|p1a: Suicune|Suicune, L82|262/298 brn\n|-ability|p1a: Suicune|Pressure\n|turn|18\n|\n|t:|1771270391\n|move|p1a: Suicune|Scald|p2a: Type: Null\n|-damage|p2a: Type: Null|150/300\n|move|p2a: Type: Null|Return|p1a: Suicune\n|-damage|p1a: Suicune|0 fnt\n|faint|p1a: Suicune\n|\n|upkeep\n|\n|t:|1771270415\n|switch|p1a: Heracross|Heracross, L80, M|259/259\n|turn|19\n|\n|t:|1771270426\n|detailschange|p1a: Heracross|Heracross-Mega, L80, M\n|-mega|p1a: Heracross|Heracross|Heracronite\n|move|p1a: Heracross|Close Combat|p2a: Type: Null\n|-supereffective|p2a: Type: Null\n|-damage|p2a: Type: Null|0 fnt\n|-unboost|p1a: Heracross|def|1\n|-unboost|p1a: Heracross|spd|1\n|faint|p2a: Type: Null\n|\n|upkeep\n|\n|t:|1771270436\n|switch|p2a: Poliwrath|Poliwrath, L91, F|279/312\n|-activate|p2a: Poliwrath|move: Sticky Web\n|-unboost|p2a: Poliwrath|spe|1\n|-status|p2a: Poliwrath|psn\n|turn|20\n|\n|t:|1771270442\n|switch|p1a: Dragonite|Dragonite, L72, F|250/250\n|move|p2a: Poliwrath|Scald|p1a: Dragonite\n|-resisted|p1a: Dragonite\n|-damage|p1a: Dragonite|231/250\n|\n|-heal|p2a: Poliwrath|298/312 psn|[from] item: Leftovers\n|-damage|p2a: Poliwrath|259/312 psn|[from] psn\n|upkeep\n|turn|21\n|\n|t:|1771270447\n|switch|p2a: Lilligant|Lilligant, L87, F|264/264\n|-activate|p2a: Lilligant|move: Sticky Web\n|-unboost|p2a: Lilligant|spe|1\n|-status|p2a: Lilligant|psn\n|move|p1a: Dragonite|Fly||[still]\n|-prepare|p1a: Dragonite|Fly\n|\n|-damage|p2a: Lilligant|231/264 psn|[from] psn\n|upkeep\n|turn|22\n|\n|t:|1771270457\n|move|p1a: Dragonite|Fly|p2a: Lilligant|[from] lockedmove\n|-supereffective|p2a: Lilligant\n|-crit|p2a: Lilligant\n|-damage|p2a: Lilligant|0 fnt\n|faint|p2a: Lilligant\n|\n|upkeep\n|\n|t:|1771270460\n|switch|p2a: Mr. Mime|Mr. Mime, L90, F|218/218\n|-activate|p2a: Mr. Mime|move: Sticky Web\n|-unboost|p2a: Mr. Mime|spe|1\n|-status|p2a: Mr. Mime|psn\n|turn|23\n|\n|t:|1771270469\n|switch|p2a: Poliwrath|Poliwrath, L91, F|259/312 psn\n|-activate|p2a: Poliwrath|move: Sticky Web\n|-unboost|p2a: Poliwrath|spe|1\n|-zpower|p1a: Dragonite\n|move|p1a: Dragonite|Supersonic Skystrike|p2a: Poliwrath|[zeffect]\n|-supereffective|p2a: Poliwrath\n|-damage|p2a: Poliwrath|0 fnt\n|faint|p2a: Poliwrath\n|\n|upkeep\n|\n|t:|1771270471\n|switch|p2a: Mr. Mime|Mr. Mime, L90, F|218/218 psn\n|-activate|p2a: Mr. Mime|move: Sticky Web\n|-unboost|p2a: Mr. Mime|spe|1\n|turn|24\n|\n|t:|1771270476\n|move|p1a: Dragonite|Fly||[still]\n|-prepare|p1a: Dragonite|Fly\n|move|p2a: Mr. Mime|Nasty Plot|p2a: Mr. Mime\n|-boost|p2a: Mr. Mime|spa|2\n|\n|-damage|p2a: Mr. Mime|191/218 psn|[from] psn\n|upkeep\n|turn|25\n|\n|t:|1771270479\n|move|p1a: Dragonite|Fly|p2a: Mr. Mime|[from] lockedmove\n|-damage|p2a: Mr. Mime|82/218 psn\n|move|p2a: Mr. Mime|Dazzling Gleam|p1a: Dragonite\n|-supereffective|p1a: Dragonite\n|-damage|p1a: Dragonite|0 fnt\n|faint|p1a: Dragonite\n|-damage|p2a: Mr. Mime|61/218 psn|[from] item: Life Orb\n|\n|-damage|p2a: Mr. Mime|34/218 psn|[from] psn\n|upkeep\n|\n|t:|1771270482\n|switch|p1a: Heracross|Heracross-Mega, L80, M|259/259\n|turn|26\n|\n|t:|1771270485\n|move|p1a: Heracross|Pin Missile|p2a: Mr. Mime\n|-damage|p2a: Mr. Mime|0 fnt\n|faint|p2a: Mr. Mime\n|-hitcount|p2: Mr. Mime|1\n|\n|win|RumpleMyStiltSkin\n|raw|RumpleMyStiltSkin's rating: 1611 &rarr; <strong>1638</strong><br />(+27 for winning)\n|raw|beckywiththebraids's rating: 1741 &rarr; <strong>1714</strong><br />(-27 for losing)\n|l|☆beckywiththebraids\n|player|p2|\n", "inputlog": ">version 686819e5e19f8a7fd2345cfc5a08a5085efa2cc3\n>start {\"formatid\":\"gen7randombattle\",\"seed\":\"sodium,c1b4838ed3991e592cf730459d3f4951\",\"rated\":\"Rated battle\"}\n>player p1 {\"name\":\"RumpleMyStiltSkin\",\"avatar\":\"dancer\",\"rating\":1595,\"seed\":\"sodium,5f86b74ecfbe1042161a69e352600067\"}\n>player p2 {\"name\":\"beckywiththebraids\",\"avatar\":\"169\",\"rating\":1726,\"seed\":\"sodium,fa7dd81d9c68f6fbb5663e562bf11329\"}\n>p1 switch 5\n>p2 move willowisp\n>p1 move scald\n>p2 switch 2\n>p1 switch 4\n>p2 move circlethrow\n>p1 move fly\n>p2 switch 4\n>p1 move fly\n>p2 move swordsdance\n>p1 switch 5\n>p2 move return\n>p1 switch 3\n>p2 move swordsdance\n>p1 move focusblast\n>p2 switch 2\n>p1 move focusblast\n>p2 move fireblast\n>p1 move recover\n>p2 move workup\n>p1 move focusblast\n>p2 move fireblast\n>p2 switch 5\n>p1 move judgment\n>p2 move swordsdance\n>p1 switch 3\n>p1 move scald\n>p2 move skyattack\n>p1 move wish\n>p2 move acrobatics\n>p1 switch 6\n>p2 switch 2\n>p1 move stickyweb\n>p2 move swordsdance\n>p1 move toxicspikes\n>p2 move swordsdance\n>p1 move poisonjab\n>p2 move return\n>p1 switch 4\n>p1 move scald\n>p2 move return\n>p1 switch 2\n>p1 move closecombat mega\n>p2 move return\n>p2 switch 4\n>p1 switch 5\n>p2 move scald\n>p1 move fly\n>p2 switch 3\n>p1 move fly\n>p2 move sleeppowder\n>p2 switch 6\n>p1 move fly zmove\n>p2 switch 3\n>p2 switch 3\n>p1 move fly\n>p2 move nastyplot\n>p1 move fly\n>p2 move dazzlinggleam\n>p1 switch 5\n>p1 move pinmissile\n>p2 move focusblast", "uploadtime": 1771270491, "views": 0, "formatid": "gen7randombattle", "rating": 1638, "private": 0, "password": null}