{"id": "gen7randombattle-2530545190", "format": "[Gen 7] Random Battle", "players": ["Johnald714", "504Battlez"], "log": "|j|☆Johnald714\n|j|☆504Battlez\n|t:|1769936233\n|gametype|singles\n|player|p1|Johnald714|102|1603\n|player|p2|504Battlez|medium|1524\n|gen|7\n|tier|[Gen 7] Random Battle\n|rated|\n|rule|Sleep Clause Mod: Limit one foe put to sleep\n|rule|HP Percentage Mod: HP is shown in percentages\n|rule|Illusion Level Mod: Illusion disguises the Pokémon's true level\n|\n|t:|1769936233\n|teamsize|p1|6\n|teamsize|p2|6\n|start\n|switch|p1a: Xerneas|Xerneas, L65|272/272\n|switch|p2a: Swellow|Swellow, L82, F|233/233\n|-ability|p1a: Xerneas|Fairy Aura\n|turn|1\n|\n|t:|1769936242\n|move|p2a: Swellow|Hurricane|p1a: Xerneas\n|-damage|p1a: Xerneas|115/272\n|-start|p1a: Xerneas|confusion\n|-activate|p1a: Xerneas|confusion\n|move|p1a: Xerneas|Geomancy||[still]\n|-prepare|p1a: Xerneas|Geomancy\n|-enditem|p1a: Xerneas|Power Herb\n|-anim|p1a: Xerneas|Geomancy|p1a: Xerneas\n|-boost|p1a: Xerneas|spa|2\n|-boost|p1a: Xerneas|spd|2\n|-boost|p1a: Xerneas|spe|2\n|\n|upkeep\n|turn|2\n|\n|t:|1769936249\n|-end|p1a: Xerneas|confusion\n|move|p1a: Xerneas|Moonblast|p2a: Swellow\n|-damage|p2a: Swellow|0 fnt\n|faint|p2a: Swellow\n|\n|upkeep\n|inactive|Battle timer is ON: inactive players will automatically lose when time's up. (requested by Johnald714)\n|\n|t:|1769936263\n|switch|p2a: Gogoat|Gogoat, L91, M|372/372\n|turn|3\n|\n|t:|1769936268\n|move|p1a: Xerneas|Moonblast|p2a: Gogoat\n|-damage|p2a: Gogoat|147/372\n|move|p2a: Gogoat|Horn Leech|p1a: Xerneas\n|-damage|p1a: Xerneas|9/272\n|-heal|p2a: Gogoat|200/372|[from] drain|[of] p1a: Xerneas\n|\n|-heal|p2a: Gogoat|223/372|[from] item: Leftovers\n|upkeep\n|turn|4\n|\n|t:|1769936282\n|move|p1a: Xerneas|Moonblast|p2a: Gogoat\n|-damage|p2a: Gogoat|30/372\n|move|p2a: Gogoat|Horn Leech|p1a: Xerneas\n|-damage|p1a: Xerneas|0 fnt\n|-heal|p2a: Gogoat|35/372|[from] drain|[of] p1a: Xerneas\n|faint|p1a: Xerneas\n|\n|-heal|p2a: Gogoat|58/372|[from] item: Leftovers\n|upkeep\n|\n|t:|1769936289\n|switch|p1a: Altaria|Altaria, L79, F|248/248\n|turn|5\n|\n|t:|1769936295\n|detailschange|p1a: Altaria|Altaria-Mega, L79, F\n|-mega|p1a: Altaria|Altaria|Altarianite\n|move|p2a: Gogoat|Toxic|p1a: Altaria\n|-status|p1a: Altaria|tox\n|move|p1a: Altaria|Return|p2a: Gogoat\n|-damage|p2a: Gogoat|0 fnt\n|faint|p2a: Gogoat\n|\n|-damage|p1a: Altaria|233/248 tox|[from] psn\n|upkeep\n|\n|t:|1769936302\n|switch|p2a: Golduck|Golduck, L93, M|300/300\n|turn|6\n|\n|t:|1769936310\n|switch|p1a: Carnivine|Carnivine, M|310/310\n|move|p2a: Golduck|Ice Beam|p1a: Carnivine\n|-supereffective|p1a: Carnivine\n|-damage|p1a: Carnivine|125/310\n|-damage|p2a: Golduck|270/300|[from] item: Life Orb\n|\n|-heal|p1a: Carnivine|144/310|[from] item: Leftovers\n|upkeep\n|turn|7\n|\n|t:|1769936319\n|move|p2a: Golduck|Ice Beam|p1a: Carnivine\n|-supereffective|p1a: Carnivine\n|-damage|p1a: Carnivine|0 fnt\n|faint|p1a: Carnivine\n|-damage|p2a: Golduck|240/300|[from] item: Life Orb\n|\n|upkeep\n|\n|t:|1769936321\n|switch|p1a: Feraligatr|Feraligatr, L79, M|264/264\n|turn|8\n|\n|t:|1769936329\n|move|p2a: Golduck|Calm Mind|p2a: Golduck\n|-boost|p2a: Golduck|spa|1\n|-boost|p2a: Golduck|spd|1\n|move|p1a: Feraligatr|Dragon Dance|p1a: Feraligatr\n|-boost|p1a: Feraligatr|atk|1\n|-boost|p1a: Feraligatr|spe|1\n|\n|upkeep\n|turn|9\n|\n|t:|1769936337\n|move|p1a: Feraligatr|Dragon Dance|p1a: Feraligatr\n|-boost|p1a: Feraligatr|atk|1\n|-boost|p1a: Feraligatr|spe|1\n|move|p2a: Golduck|Focus Blast|p1a: Feraligatr\n|-damage|p1a: Feraligatr|27/264\n|-damage|p2a: Golduck|210/300|[from] item: Life Orb\n|\n|upkeep\n|turn|10\n|\n|t:|1769936341\n|move|p1a: Feraligatr|Earthquake|p2a: Golduck\n|-damage|p2a: Golduck|37/300\n|-damage|p1a: Feraligatr|1/264|[from] item: Life Orb\n|move|p2a: Golduck|Ice Beam|p1a: Feraligatr\n|-resisted|p1a: Feraligatr\n|-damage|p1a: Feraligatr|0 fnt\n|faint|p1a: Feraligatr\n|-damage|p2a: Golduck|7/300|[from] item: Life Orb\n|\n|upkeep\n|\n|t:|1769936361\n|switch|p1a: Ariados|Ariados, L92, M|278/278\n|turn|11\n|\n|t:|1769936366\n|move|p2a: Golduck|Hydro Pump|p1a: Ariados|[miss]\n|-miss|p2a: Golduck|p1a: Ariados\n|move|p1a: Ariados|Sticky Web|p2a: Golduck\n|-sidestart|p2: 504Battlez|move: Sticky Web\n|\n|upkeep\n|turn|12\n|\n|t:|1769936369\n|move|p2a: Golduck|Hydro Pump|p1a: Ariados\n|-damage|p1a: Ariados|0 fnt\n|faint|p1a: Ariados\n|-damage|p2a: Golduck|0 fnt|[from] item: Life Orb\n|faint|p2a: Golduck\n|\n|upkeep\n|inactive|504Battlez has 120 seconds left.\n|\n|t:|1769936400\n|switch|p2a: Kingdra|Kingdra, L85, M|266/266\n|switch|p1a: Altaria|Altaria-Mega, L79, F|233/248 tox\n|-activate|p2a: Kingdra|move: Sticky Web\n|-unboost|p2a: Kingdra|spe|1\n|turn|13\n|\n|t:|1769936413\n|move|p1a: Altaria|Return|p2a: Kingdra\n|-supereffective|p2a: Kingdra\n|-damage|p2a: Kingdra|36/266\n|move|p2a: Kingdra|Waterfall|p1a: Altaria\n|-resisted|p1a: Altaria\n|-damage|p1a: Altaria|180/248 tox\n|-damage|p2a: Kingdra|10/266|[from] item: Life Orb\n|\n|-damage|p1a: Altaria|165/248 tox|[from] psn\n|upkeep\n|turn|14\n|\n|t:|1769936420\n|move|p1a: Altaria|Return|p2a: Kingdra\n|-supereffective|p2a: Kingdra\n|-damage|p2a: Kingdra|0 fnt\n|faint|p2a: Kingdra\n|\n|-damage|p1a: Altaria|135/248 tox|[from] psn\n|upkeep\n|\n|t:|1769936423\n|switch|p2a: Salazzle|Salazzle, L84, F|251/251\n|-activate|p2a: Salazzle|move: Sticky Web\n|-unboost|p2a: Salazzle|spe|1\n|turn|15\n|\n|t:|1769936441\n|move|p1a: Altaria|Earthquake|p2a: Salazzle\n|-supereffective|p2a: Salazzle\n|-damage|p2a: Salazzle|0 fnt\n|faint|p2a: Salazzle\n|\n|-damage|p1a: Altaria|90/248 tox|[from] psn\n|upkeep\n|\n|t:|1769936444\n|switch|p2a: Deoxys|Deoxys-Attack, L72|191/191\n|-activate|p2a: Deoxys|move: Sticky Web\n|-unboost|p2a: Deoxys|spe|1\n|-ability|p2a: Deoxys|Pressure\n|turn|16\n|\n|t:|1769936450\n|move|p2a: Deoxys|Ice Beam|p1a: Altaria\n|-supereffective|p1a: Altaria\n|-damage|p1a: Altaria|0 fnt\n|faint|p1a: Altaria\n|detailschange|p1: Altaria|Altaria, L79, F|[silent]\n|-damage|p2a: Deoxys|172/191|[from] item: Life Orb\n|\n|upkeep\n|\n|t:|1769936452\n|switch|p1a: Mothim|Mothim, L93, M|281/281\n|turn|17\n|\n|t:|1769936462\n|-zpower|p1a: Mothim\n|move|p1a: Mothim|Savage Spin-Out|p2a: Deoxys|[zeffect]\n|-supereffective|p2a: Deoxys\n|-damage|p2a: Deoxys|0 fnt\n|faint|p2a: Deoxys\n|\n|win|Johnald714\n|raw|Johnald714's rating: 1603 &rarr; <strong>1619</strong><br />(+16 for winning)\n|raw|504Battlez's rating: 1524 &rarr; <strong>1508</strong><br />(-16 for losing)\n", "inputlog": ">version b99ff0165a6231f17e8b78c2a78d1998375de664\n>start {\"formatid\":\"gen7randombattle\",\"seed\":\"sodium,a76ea92cb9c76d7939c8700bd2ca850a\",\"rated\":\"Rated battle\"}\n>player p1 {\"name\":\"Johnald714\",\"avatar\":\"102\",\"rating\":1603,\"seed\":\"sodium,16aa66234594173564475bbb843fb55c\"}\n>player p2 {\"name\":\"504Battlez\",\"avatar\":\"medium\",\"rating\":1524,\"seed\":\"sodium,e3e53ff94a4f641c0f1a06aaf6e366fb\"}\n>p1 move geomancy\n>p2 move hurricane\n>p1 move moonblast\n>p2 move hurricane\n>p2 switch 4\n>p1 move moonblast\n>p2 move hornleech\n>p1 move moonblast\n>p2 move hornleech\n>p1 switch 6\n>p1 move return mega\n>p2 move toxic\n>p2 switch 3\n>p1 switch 2\n>p2 move icebeam\n>p1 move powerwhip\n>p2 move icebeam\n>p1 switch 5\n>p1 move dragondance\n>p2 move calmmind\n>p1 move dragondance\n>p2 move focusblast\n>p1 move earthquake\n>p2 move icebeam\n>p1 switch 4\n>p1 move stickyweb\n>p2 move hydropump\n>p1 move toxicspikes\n>p2 move hydropump\n>p1 switch 2\n>p2 switch 6\n>p1 move return\n>p2 move waterfall\n>p1 move return\n>p2 move waterfall\n>p2 switch 5\n>p1 move earthquake\n>p2 move sludgewave\n>p2 switch 2\n>p1 move return\n>p2 move icebeam\n>p1 switch 3\n>p1 move bugbuzz zmove\n>p2 move psychoboost", "uploadtime": 1769936470, "views": 178, "formatid": "gen7randombattle", "rating": 1508, "private": 0, "password": null}