{"id": "gen7randombattle-2536985313", "format": "[Gen 7] Random Battle", "players": ["ChronoKaze", "NTsweeper007"], "log": "|j|☆ChronoKaze\n|j|☆NTsweeper007\n|t:|1770754252\n|gametype|singles\n|player|p1|ChronoKaze|265|1697\n|player|p2|NTsweeper007|hilbert-wonderlauncher|1781\n|gen|7\n|tier|[Gen 7] Random Battle\n|rated|\n|rule|Sleep Clause Mod: Limit one foe put to sleep\n|rule|HP Percentage Mod: HP is shown in percentages\n|rule|Illusion Level Mod: Illusion disguises the Pokémon's true level\n|\n|t:|1770754252\n|teamsize|p1|6\n|teamsize|p2|6\n|start\n|switch|p1a: Hoopa|Hoopa-Unbound, L81|262/262\n|switch|p2a: Tropius|Tropius, L94, F|336/336\n|turn|1\n|inactive|Battle timer is ON: inactive players will automatically lose when time's up. (requested by ChronoKaze)\n|\n|t:|1770754269\n|move|p1a: Hoopa|Trick|p2a: Tropius\n|-activate|p1a: Hoopa|move: Trick|[of] p2a: Tropius\n|-item|p2a: Tropius|Choice Scarf|[from] move: Trick\n|-item|p1a: Hoopa|Sitrus Berry|[from] move: Trick\n|move|p2a: Tropius|Substitute|p2a: Tropius\n|-start|p2a: Tropius|Substitute\n|-damage|p2a: Tropius|252/336\n|\n|upkeep\n|turn|2\n|\n|t:|1770754282\n|switch|p2a: Sylveon|Sylveon, L85, F|300/300\n|move|p1a: Hoopa|Hyperspace Fury|p2a: Sylveon\n|-resisted|p2a: Sylveon\n|-damage|p2a: Sylveon|203/300\n|-unboost|p1a: Hoopa|def|1\n|\n|-heal|p2a: Sylveon|221/300|[from] item: Leftovers\n|upkeep\n|turn|3\n|\n|t:|1770754287\n|switch|p1a: Forretress|Forretress, L81, F|254/254\n|move|p2a: Sylveon|Calm Mind|p2a: Sylveon\n|-boost|p2a: Sylveon|spa|1\n|-boost|p2a: Sylveon|spd|1\n|\n|-heal|p2a: Sylveon|239/300|[from] item: Leftovers\n|upkeep\n|turn|4\n|\n|t:|1770754292\n|move|p2a: Sylveon|Calm Mind|p2a: Sylveon\n|-boost|p2a: Sylveon|spa|1\n|-boost|p2a: Sylveon|spd|1\n|move|p1a: Forretress|Toxic|p2a: Sylveon\n|-status|p2a: Sylveon|tox\n|\n|-heal|p2a: Sylveon|257/300 tox|[from] item: Leftovers\n|-damage|p2a: Sylveon|239/300 tox|[from] psn\n|upkeep\n|turn|5\n|\n|t:|1770754302\n|switch|p1a: Tentacruel|Tentacruel, L83, F|268/268\n|move|p2a: Sylveon|Hyper Voice|p1a: Tentacruel\n|-resisted|p1a: Tentacruel\n|-damage|p1a: Tentacruel|160/268\n|\n|-heal|p1a: Tentacruel|176/268|[from] item: Black Sludge\n|-heal|p2a: Sylveon|257/300 tox|[from] item: Leftovers\n|-damage|p2a: Sylveon|221/300 tox|[from] psn\n|upkeep\n|turn|6\n|\n|t:|1770754313\n|move|p1a: Tentacruel|Toxic Spikes|p2a: Sylveon\n|-sidestart|p2: NTsweeper007|move: Toxic Spikes\n|move|p2a: Sylveon|Hyper Voice|p1a: Tentacruel\n|-resisted|p1a: Tentacruel\n|-damage|p1a: Tentacruel|65/268\n|\n|-heal|p1a: Tentacruel|81/268|[from] item: Black Sludge\n|-heal|p2a: Sylveon|239/300 tox|[from] item: Leftovers\n|-damage|p2a: Sylveon|185/300 tox|[from] psn\n|upkeep\n|turn|7\n|\n|t:|1770754318\n|move|p1a: Tentacruel|Sludge Bomb|p2a: Sylveon\n|-supereffective|p2a: Sylveon\n|-damage|p2a: Sylveon|119/300 tox\n|move|p2a: Sylveon|Hyper Voice|p1a: Tentacruel\n|-resisted|p1a: Tentacruel\n|-damage|p1a: Tentacruel|0 fnt\n|faint|p1a: Tentacruel\n|\n|-heal|p2a: Sylveon|137/300 tox|[from] item: Leftovers\n|-damage|p2a: Sylveon|65/300 tox|[from] psn\n|upkeep\n|\n|t:|1770754334\n|switch|p1a: Diggersby|Diggersby, L82, F|274/274\n|turn|8\n|\n|t:|1770754338\n|move|p1a: Diggersby|Return|p2a: Sylveon\n|-damage|p2a: Sylveon|0 fnt\n|faint|p2a: Sylveon\n|\n|upkeep\n|\n|t:|1770754344\n|switch|p2a: Gumshoos|Gumshoos, L94, M|318/318\n|-status|p2a: Gumshoos|psn\n|turn|9\n|\n|t:|1770754347\n|switch|p1a: Forretress|Forretress, L81, F|254/254\n|move|p2a: Gumshoos|Return|p1a: Forretress\n|-resisted|p1a: Forretress\n|-damage|p1a: Forretress|151/254\n|\n|-heal|p1a: Forretress|166/254|[from] item: Leftovers\n|-damage|p2a: Gumshoos|279/318 psn|[from] psn\n|upkeep\n|turn|10\n|\n|t:|1770754356\n|move|p2a: Gumshoos|Return|p1a: Forretress\n|-resisted|p1a: Forretress\n|-damage|p1a: Forretress|60/254\n|move|p1a: Forretress|Spikes|p2a: Gumshoos\n|-sidestart|p2: NTsweeper007|Spikes\n|\n|-heal|p1a: Forretress|75/254|[from] item: Leftovers\n|-damage|p2a: Gumshoos|240/318 psn|[from] psn\n|upkeep\n|turn|11\n|\n|t:|1770754363\n|switch|p1a: Chandelure|Chandelure, L84, M|238/238\n|move|p2a: Gumshoos|Return|p1a: Chandelure\n|-immune|p1a: Chandelure\n|\n|-damage|p2a: Gumshoos|201/318 psn|[from] psn\n|upkeep\n|turn|12\n|\n|t:|1770754372\n|switch|p2a: Mienshao|Mienshao, L83, F|243/243\n|-status|p2a: Mienshao|psn\n|-damage|p2a: Mienshao|213/243 psn|[from] Spikes\n|move|p1a: Chandelure|Calm Mind|p1a: Chandelure\n|-boost|p1a: Chandelure|spa|1\n|-boost|p1a: Chandelure|spd|1\n|\n|-damage|p2a: Mienshao|183/243 psn|[from] psn\n|upkeep\n|turn|13\n|\n|t:|1770754376\n|switch|p1a: Forretress|Forretress, L81, F|75/254\n|move|p2a: Mienshao|Knock Off|p1a: Forretress\n|-damage|p1a: Forretress|20/254\n|-enditem|p1a: Forretress|Leftovers|[from] move: Knock Off|[of] p2a: Mienshao\n|\n|-damage|p2a: Mienshao|153/243 psn|[from] psn\n|upkeep\n|turn|14\n|\n|t:|1770754384\n|move|p2a: Mienshao|Knock Off|p1a: Forretress\n|-damage|p1a: Forretress|0 fnt\n|faint|p1a: Forretress\n|\n|-damage|p2a: Mienshao|123/243 psn|[from] psn\n|upkeep\n|\n|t:|1770754405\n|switch|p1a: Hoopa|Hoopa-Unbound, L81|262/262\n|turn|15\n|\n|t:|1770754408\n|move|p2a: Mienshao|U-turn|p1a: Hoopa\n|-supereffective|p1a: Hoopa\n|-damage|p1a: Hoopa|0 fnt\n|faint|p1a: Hoopa\n|\n|t:|1770754417\n|switch|p2a: Tropius|Tropius, L94, F|252/336|[from] U-turn\n|\n|upkeep\n|\n|t:|1770754430\n|switch|p1a: Chandelure|Chandelure, L84, M|238/238\n|turn|16\n|\n|t:|1770754437\n|move|p2a: Tropius|Air Slash|p1a: Chandelure\n|-damage|p1a: Chandelure|165/238\n|cant|p1a: Chandelure|flinch\n|\n|-heal|p1a: Chandelure|179/238|[from] item: Leftovers\n|upkeep\n|turn|17\n|\n|t:|1770754444\n|move|p2a: Tropius|Air Slash|p1a: Chandelure\n|-damage|p1a: Chandelure|100/238\n|move|p1a: Chandelure|Fire Blast|p2a: Tropius\n|-supereffective|p2a: Tropius\n|-damage|p2a: Tropius|0 fnt\n|faint|p2a: Tropius\n|\n|-heal|p1a: Chandelure|114/238|[from] item: Leftovers\n|upkeep\n|\n|t:|1770754448\n|switch|p2a: Mienshao|Mienshao, L83, F|204/243 psn\n|-damage|p2a: Mienshao|174/243 psn|[from] Spikes\n|turn|18\n|\n|t:|1770754451\n|switch|p1a: Gastrodon|Gastrodon-East, L88, M|339/339\n|move|p2a: Mienshao|Knock Off|p1a: Gastrodon\n|-damage|p1a: Gastrodon|242/339\n|-enditem|p1a: Gastrodon|Leftovers|[from] move: Knock Off|[of] p2a: Mienshao\n|\n|-damage|p2a: Mienshao|144/243 psn|[from] psn\n|upkeep\n|turn|19\n|\n|t:|1770754456\n|move|p2a: Mienshao|U-turn|p1a: Gastrodon\n|-damage|p1a: Gastrodon|175/339\n|\n|t:|1770754457\n|switch|p2a: Gumshoos|Gumshoos, L94, M|201/318 psn|[from] U-turn\n|-damage|p2a: Gumshoos|162/318 psn|[from] Spikes\n|move|p1a: Gastrodon|Recover|p1a: Gastrodon\n|-heal|p1a: Gastrodon|339/339\n|\n|-damage|p2a: Gumshoos|123/318 psn|[from] psn\n|upkeep\n|turn|20\n|\n|t:|1770754469\n|move|p2a: Gumshoos|Return|p1a: Gastrodon\n|-damage|p1a: Gastrodon|0 fnt\n|faint|p1a: Gastrodon\n|\n|-damage|p2a: Gumshoos|84/318 psn|[from] psn\n|upkeep\n|\n|t:|1770754472\n|switch|p1a: Chandelure|Chandelure, L84, M|114/238\n|turn|21\n|\n|t:|1770754477\n|switch|p2a: Mienshao|Mienshao, L83, F|225/243 psn\n|-damage|p2a: Mienshao|195/243 psn|[from] Spikes\n|move|p1a: Chandelure|Fire Blast|p2a: Mienshao|[miss]\n|-miss|p1a: Chandelure|p2a: Mienshao\n|\n|-heal|p1a: Chandelure|128/238|[from] item: Leftovers\n|-damage|p2a: Mienshao|165/243 psn|[from] psn\n|upkeep\n|turn|22\n|\n|t:|1770754488\n|move|p2a: Mienshao|Knock Off|p1a: Chandelure\n|-supereffective|p1a: Chandelure\n|-damage|p1a: Chandelure|0 fnt\n|-enditem|p1a: Chandelure|Leftovers|[from] move: Knock Off|[of] p2a: Mienshao\n|faint|p1a: Chandelure\n|\n|-damage|p2a: Mienshao|135/243 psn|[from] psn\n|upkeep\n|\n|t:|1770754490\n|switch|p1a: Diggersby|Diggersby, L82, F|274/274\n|turn|23\n|\n|t:|1770754498\n|move|p2a: Mienshao|High Jump Kick|p1a: Diggersby\n|-supereffective|p1a: Diggersby\n|-damage|p1a: Diggersby|0 fnt\n|faint|p1a: Diggersby\n|\n|win|NTsweeper007\n|raw|ChronoKaze's rating: 1697 &rarr; <strong>1682</strong><br />(-15 for losing)\n|raw|NTsweeper007's rating: 1781 &rarr; <strong>1796</strong><br />(+15 for winning)\n|l|☆ChronoKaze\n|player|p1|\n", "inputlog": ">version ccdc32dd7cde25fd9e4bed64820e885f66e78a4e\n>start {\"formatid\":\"gen7randombattle\",\"seed\":\"sodium,2530c3787d61c2820ff8b902ac6e7dab\",\"rated\":\"Rated battle\"}\n>player p1 {\"name\":\"ChronoKaze\",\"avatar\":\"265\",\"rating\":1697,\"seed\":\"sodium,6f1191ae0b1cc465b45092f23e2f2b90\"}\n>player p2 {\"name\":\"NTsweeper007\",\"avatar\":\"hilbert-wonderlauncher\",\"rating\":1781,\"seed\":\"sodium,9c40b8ae428ce2053774945c32d4fa81\"}\n>p1 move trick\n>p2 move substitute\n>p1 move hyperspacefury\n>p2 switch 4\n>p1 switch 6\n>p2 move calmmind\n>p1 move toxic\n>p2 move calmmind\n>p1 switch 4\n>p2 move hypervoice\n>p1 move toxicspikes\n>p2 move hypervoice\n>p1 move sludgebomb\n>p2 move hypervoice\n>p1 switch 5\n>p1 move return\n>p2 move hypervoice\n>p2 switch 6\n>p1 switch 4\n>p2 move return\n>p1 move spikes\n>p2 move return\n>p1 switch 3\n>p2 move return\n>p1 move calmmind\n>p2 switch 5\n>p1 switch 3\n>p2 move knockoff\n>p1 move spikes\n>p2 move knockoff\n>p1 switch 6\n>p1 move psychic\n>p2 move uturn\n>p2 switch 4\n>p1 switch 3\n>p1 move fireblast\n>p2 move airslash\n>p1 move fireblast\n>p2 move airslash\n>p2 switch 4\n>p1 switch 2\n>p2 move knockoff\n>p1 move recover\n>p2 move uturn\n>p2 switch 5\n>p1 move recover\n>p2 move return\n>p1 switch 2\n>p1 move fireblast\n>p2 switch 5\n>p1 move fireblast\n>p2 move knockoff\n>p1 switch 4\n>p1 move return\n>p2 move highjumpkick", "uploadtime": 1770754502, "views": 215, "formatid": "gen7randombattle", "rating": 1682, "private": 0, "password": null}