{"id": "gen7randombattle-2533727772", "format": "[Gen 7] Random Battle", "players": ["detarame kidding", "MimikyuTrainerAsh"], "log": "|j|☆detarame kidding\n|j|☆MimikyuTrainerAsh\n|t:|1770333576\n|gametype|singles\n|player|p1|detarame kidding|skierf|1719\n|player|p2|MimikyuTrainerAsh|pokekid|1660\n|gen|7\n|tier|[Gen 7] Random Battle\n|rated|\n|rule|Sleep Clause Mod: Limit one foe put to sleep\n|rule|HP Percentage Mod: HP is shown in percentages\n|rule|Illusion Level Mod: Illusion disguises the Pokémon's true level\n|\n|t:|1770333576\n|teamsize|p1|6\n|teamsize|p2|6\n|start\n|switch|p1a: Cinccino|Cinccino, L84, F|263/263\n|switch|p2a: Garchomp|Garchomp, L75, M|286/286\n|turn|1\n|inactive|Battle timer is ON: inactive players will automatically lose when time's up. (requested by MimikyuTrainerAsh)\n|\n|t:|1770333615\n|switch|p2a: Zebstrika|Zebstrika, L88, F|275/275\n|move|p1a: Cinccino|Tail Slap|p2a: Zebstrika\n|-damage|p2a: Zebstrika|229/275\n|-damage|p2a: Zebstrika|181/275\n|-damage|p2a: Zebstrika|129/275\n|-damage|p2a: Zebstrika|81/275\n|-damage|p2a: Zebstrika|30/275\n|-hitcount|p2a: Zebstrika|5\n|\n|upkeep\n|turn|2\n|\n|t:|1770333619\n|switch|p1a: Seismitoad|Seismitoad, L85, M|317/317\n|move|p2a: Zebstrika|Thunderbolt|p1a: Seismitoad\n|-immune|p1a: Seismitoad\n|\n|upkeep\n|turn|3\n|\n|t:|1770333625\n|switch|p2a: Dhelmise|Dhelmise, L91|275/275\n|move|p1a: Seismitoad|Protect||[still]\n|-fail|p1a: Seismitoad\n|\n|upkeep\n|turn|4\n|c|☆MimikyuTrainerAsh|i forgot this isn’t gen 9 and that chinchilla doesn’t have that accursed triple axel 💔\n|\n|t:|1770333652\n|switch|p1a: Arcanine|Arcanine, L84, F|288/288\n|-ability|p1a: Arcanine|Intimidate|boost\n|-unboost|p2a: Dhelmise|atk|1\n|move|p2a: Dhelmise|Anchor Shot|p1a: Arcanine\n|-resisted|p1a: Arcanine\n|-damage|p1a: Arcanine|247/288\n|-activate|p1a: Arcanine|trapped\n|\n|upkeep\n|turn|5\n|\n|t:|1770333656\n|switch|p2a: Zebstrika|Zebstrika, L88, F|30/275\n|move|p1a: Arcanine|Close Combat|p2a: Zebstrika\n|-damage|p2a: Zebstrika|0 fnt\n|-unboost|p1a: Arcanine|def|1\n|-unboost|p1a: Arcanine|spd|1\n|faint|p2a: Zebstrika\n|-damage|p1a: Arcanine|219/288|[from] item: Life Orb\n|\n|upkeep\n|\n|t:|1770333659\n|switch|p2a: Gyarados|Gyarados, L74, F|263/263\n|-ability|p2a: Gyarados|Intimidate|boost\n|-unboost|p1a: Arcanine|atk|1\n|turn|6\n|\n|t:|1770333673\n|switch|p1a: Seismitoad|Seismitoad, L85, M|317/317\n|move|p2a: Gyarados|Dragon Dance|p2a: Gyarados\n|-boost|p2a: Gyarados|atk|1\n|-boost|p2a: Gyarados|spe|1\n|\n|upkeep\n|turn|7\n|\n|t:|1770333679\n|detailschange|p2a: Gyarados|Gyarados-Mega, L74, F\n|-mega|p2a: Gyarados|Gyarados|Gyaradosite\n|-ability|p2a: Gyarados|Mold Breaker\n|move|p2a: Gyarados|Waterfall|p1a: Seismitoad\n|-damage|p1a: Seismitoad|149/317\n|cant|p1a: Seismitoad|flinch\n|\n|-heal|p1a: Seismitoad|168/317|[from] item: Leftovers\n|upkeep\n|turn|8\n|\n|t:|1770333688\n|move|p1a: Seismitoad|Protect|p1a: Seismitoad\n|-singleturn|p1a: Seismitoad|Protect\n|move|p2a: Gyarados|Dragon Dance|p2a: Gyarados\n|-boost|p2a: Gyarados|atk|1\n|-boost|p2a: Gyarados|spe|1\n|\n|-heal|p1a: Seismitoad|187/317|[from] item: Leftovers\n|upkeep\n|turn|9\n|\n|t:|1770333692\n|switch|p1a: Arcanine|Arcanine, L84, F|219/288\n|-ability|p1a: Arcanine|Intimidate|boost\n|-unboost|p2a: Gyarados|atk|1\n|move|p2a: Gyarados|Waterfall|p1a: Arcanine\n|-supereffective|p1a: Arcanine\n|-damage|p1a: Arcanine|0 fnt\n|faint|p1a: Arcanine\n|\n|upkeep\n|\n|t:|1770333696\n|switch|p1a: Seismitoad|Seismitoad, L85, M|187/317\n|turn|10\n|c|☆MimikyuTrainerAsh|reads of doom\n|\n|t:|1770333700\n|move|p2a: Gyarados|Waterfall|p1a: Seismitoad\n|-damage|p1a: Seismitoad|30/317\n|move|p1a: Seismitoad|Toxic|p2a: Gyarados\n|-status|p2a: Gyarados|tox\n|\n|-heal|p1a: Seismitoad|49/317|[from] item: Leftovers\n|-damage|p2a: Gyarados|247/263 tox|[from] psn\n|upkeep\n|turn|11\n|\n|t:|1770333704\n|move|p1a: Seismitoad|Protect|p1a: Seismitoad\n|-singleturn|p1a: Seismitoad|Protect\n|move|p2a: Gyarados|Dragon Dance|p2a: Gyarados\n|-boost|p2a: Gyarados|atk|1\n|-boost|p2a: Gyarados|spe|1\n|\n|-heal|p1a: Seismitoad|68/317|[from] item: Leftovers\n|-damage|p2a: Gyarados|215/263 tox|[from] psn\n|upkeep\n|turn|12\n|\n|t:|1770333707\n|switch|p1a: Deoxys|Deoxys-Defense, L85|224/224\n|-ability|p1a: Deoxys|Pressure\n|move|p2a: Gyarados|Crunch|p1a: Deoxys\n|-supereffective|p1a: Deoxys\n|-damage|p1a: Deoxys|0 fnt\n|faint|p1a: Deoxys\n|\n|-damage|p2a: Gyarados|167/263 tox|[from] psn\n|upkeep\n|\n|t:|1770333709\n|switch|p1a: Seismitoad|Seismitoad, L85, M|68/317\n|turn|13\n|\n|t:|1770333711\n|move|p1a: Seismitoad|Protect|p1a: Seismitoad\n|-singleturn|p1a: Seismitoad|Protect\n|move|p2a: Gyarados|Crunch|p1a: Seismitoad\n|-activate|p1a: Seismitoad|move: Protect\n|\n|-heal|p1a: Seismitoad|87/317|[from] item: Leftovers\n|-damage|p2a: Gyarados|103/263 tox|[from] psn\n|upkeep\n|turn|14\n|\n|t:|1770333723\n|switch|p1a: Muk|Muk-Alola, L80, M|299/299\n|move|p2a: Gyarados|Crunch|p1a: Muk\n|-resisted|p1a: Muk\n|-damage|p1a: Muk|191/299\n|\n|-damage|p2a: Gyarados|23/263 tox|[from] psn\n|upkeep\n|turn|15\n|c|☆MimikyuTrainerAsh|seismitoad cant be this important to protect bro\n|\n|t:|1770333731\n|move|p2a: Gyarados|Earthquake|p1a: Muk\n|-supereffective|p1a: Muk\n|-damage|p1a: Muk|0 fnt\n|faint|p1a: Muk\n|\n|-damage|p2a: Gyarados|0 fnt|[from] psn\n|faint|p2a: Gyarados\n|detailschange|p2: Gyarados|Gyarados, L74, F|[silent]\n|upkeep\n|\n|t:|1770333738\n|switch|p2a: Yanmega|Yanmega, L82, M|275/275\n|switch|p1a: Cinccino|Cinccino, L84, F|263/263\n|turn|16\n|\n|t:|1770333742\n|switch|p2a: Garchomp|Garchomp, L75, M|286/286\n|move|p1a: Cinccino|Tail Slap|p2a: Garchomp\n|-damage|p2a: Garchomp|244/286\n|-damage|p1a: Cinccino|231/263|[from] ability: Rough Skin|[of] p2a: Garchomp\n|-damage|p2a: Garchomp|204/286\n|-damage|p1a: Cinccino|199/263|[from] ability: Rough Skin|[of] p2a: Garchomp\n|-damage|p2a: Garchomp|164/286\n|-damage|p1a: Cinccino|167/263|[from] ability: Rough Skin|[of] p2a: Garchomp\n|-damage|p2a: Garchomp|125/286\n|-damage|p1a: Cinccino|135/263|[from] ability: Rough Skin|[of] p2a: Garchomp\n|-damage|p2a: Garchomp|86/286\n|-damage|p1a: Cinccino|103/263|[from] ability: Rough Skin|[of] p2a: Garchomp\n|-hitcount|p2a: Garchomp|5\n|\n|upkeep\n|turn|17\n|\n|t:|1770333749\n|switch|p1a: Gengar|Gengar, L77, M|219/219\n|move|p2a: Garchomp|Dragon Claw|p1a: Gengar\n|-damage|p1a: Gengar|89/219\n|\n|upkeep\n|turn|18\n|\n|t:|1770333754\n|detailschange|p1a: Gengar|Gengar-Mega, L77, M\n|-mega|p1a: Gengar|Gengar|Gengarite\n|move|p1a: Gengar|Shadow Ball|p2a: Garchomp\n|-damage|p2a: Garchomp|0 fnt\n|faint|p2a: Garchomp\n|\n|upkeep\n|\n|t:|1770333759\n|switch|p2a: Dhelmise|Dhelmise, L91|275/275\n|turn|19\n|\n|t:|1770333762\n|move|p1a: Gengar|Shadow Ball|p2a: Dhelmise\n|-supereffective|p2a: Dhelmise\n|-damage|p2a: Dhelmise|131/275\n|move|p2a: Dhelmise|Earthquake|p1a: Gengar\n|-supereffective|p1a: Gengar\n|-damage|p1a: Gengar|0 fnt\n|faint|p1a: Gengar\n|detailschange|p1: Gengar|Gengar, L77, M|[silent]\n|\n|upkeep\n|\n|t:|1770333766\n|switch|p1a: Cinccino|Cinccino, L84, F|103/263\n|turn|20\n|\n|t:|1770333773\n|move|p1a: Cinccino|Knock Off|p2a: Dhelmise\n|-supereffective|p2a: Dhelmise\n|-damage|p2a: Dhelmise|0 fnt\n|-enditem|p2a: Dhelmise|Assault Vest|[from] move: Knock Off|[of] p1a: Cinccino\n|faint|p2a: Dhelmise\n|\n|upkeep\n|\n|t:|1770333777\n|switch|p2a: Electivire|Electivire, L86, M|269/269\n|turn|21\n|\n|t:|1770333783\n|switch|p1a: Seismitoad|Seismitoad, L85, M|87/317\n|move|p2a: Electivire|Earthquake|p1a: Seismitoad\n|-damage|p1a: Seismitoad|0 fnt\n|faint|p1a: Seismitoad\n|\n|upkeep\n|\n|t:|1770333784\n|switch|p1a: Cinccino|Cinccino, L84, F|103/263\n|turn|22\n|\n|t:|1770333786\n|move|p1a: Cinccino|Tail Slap|p2a: Electivire\n|-damage|p2a: Electivire|224/269\n|-damage|p2a: Electivire|178/269\n|-damage|p2a: Electivire|130/269\n|-damage|p2a: Electivire|85/269\n|-damage|p2a: Electivire|40/269\n|-hitcount|p2a: Electivire|5\n|move|p2a: Electivire|Earthquake|p1a: Cinccino\n|-damage|p1a: Cinccino|0 fnt\n|faint|p1a: Cinccino\n|\n|win|MimikyuTrainerAsh\n|raw|detarame kidding's rating: 1719 &rarr; <strong>1696</strong><br />(-23 for losing)\n|raw|MimikyuTrainerAsh's rating: 1660 &rarr; <strong>1683</strong><br />(+23 for winning)\n|l|☆detarame kidding\n|player|p1|\n", "inputlog": ">version ccdc32dd7cde25fd9e4bed64820e885f66e78a4e\n>start {\"formatid\":\"gen7randombattle\",\"seed\":\"sodium,c95291ab3eae3a14245da363de16535c\",\"rated\":\"Rated battle\"}\n>player p1 {\"name\":\"detarame kidding\",\"avatar\":\"skierf\",\"rating\":1719,\"seed\":\"sodium,c0559337d8aaf54ca4be0baeaec5d83b\"}\n>player p2 {\"name\":\"MimikyuTrainerAsh\",\"avatar\":\"pokekid\",\"rating\":1660,\"seed\":\"sodium,0b4da63eb028e994f5264c75e6e07c30\"}\n>p1 move tailslap\n>p2 switch 2\n>p1 switch 4\n>p2 move thunderbolt\n>p1 move protect\n>p2 switch 3\n>chat ☆MimikyuTrainerAsh|i forgot this isn’t gen 9 and that chinchilla doesn’t have that accursed triple axel 💔\n>p1 switch 6\n>p2 move anchorshot\n>p1 move closecombat\n>p2 switch 3\n>p2 switch 5\n>p1 switch 6\n>p2 move dragondance\n>p1 move toxic\n>p2 move waterfall mega\n>p1 move protect\n>p2 move dragondance\n>p1 switch 6\n>p2 move waterfall\n>p1 switch 6\n>chat ☆MimikyuTrainerAsh|reads of doom\n>p1 move toxic\n>p2 move waterfall\n>p1 move protect\n>p2 move dragondance\n>p1 switch 5\n>p2 move crunch\n>p1 switch 5\n>p1 move protect\n>p2 move crunch\n>p1 switch 2\n>p2 move crunch\n>chat ☆MimikyuTrainerAsh|seismitoad cant be this important to protect bro\n>p1 move pursuit\n>p2 move earthquake\n>p1 switch 4\n>p2 switch 6\n>p1 move tailslap\n>p2 switch 2\n>p1 switch 3\n>p2 move dragonclaw\n>p1 move shadowball mega\n>p2 move earthquake\n>p2 switch 3\n>p1 move shadowball\n>p2 move earthquake\n>p1 switch 3\n>p1 move knockoff\n>p2 move anchorshot\n>p2 switch 4\n>p1 switch 2\n>p2 move earthquake\n>p1 switch 2\n>p1 move tailslap\n>p2 move earthquake", "uploadtime": 1770333788, "views": 191, "formatid": "gen7randombattle", "rating": 1683, "private": 0, "password": null}