{"id": "gen7randombattle-2528638415", "format": "[Gen 7] Random Battle", "players": ["aurora ltd", "Lucky100x"], "log": "|j|☆aurora ltd\n|j|☆Lucky100x\n|t:|1769689677\n|gametype|singles\n|player|p1|aurora ltd|silver-gen2kanto|1560\n|player|p2|Lucky100x|170|1600\n|gen|7\n|tier|[Gen 7] Random Battle\n|rated|\n|rule|Sleep Clause Mod: Limit one foe put to sleep\n|rule|HP Percentage Mod: HP is shown in percentages\n|rule|Illusion Level Mod: Illusion disguises the Pokémon's true level\n|\n|t:|1769689677\n|teamsize|p1|6\n|teamsize|p2|6\n|start\n|switch|p1a: Dustox|Dustox, L96, M|271/271\n|switch|p2a: Primarina|Primarina, L83, F|268/268\n|turn|1\n|inactive|Battle timer is ON: inactive players will automatically lose when time's up. (requested by Lucky100x)\n|inactive|aurora ltd has 120 seconds left.\n|\n|t:|1769689717\n|switch|p2a: Staraptor|Staraptor, L80, F|267/267\n|move|p1a: Dustox|U-turn|p2a: Staraptor\n|-resisted|p2a: Staraptor\n|-damage|p2a: Staraptor|228/267\n|inactive|aurora ltd has 120 seconds left.\n|\n|t:|1769689750\n|switch|p1a: Lunatone|Lunatone, L93|318/318|[from] U-turn\n|\n|upkeep\n|turn|2\n|\n|t:|1769689757\n|move|p2a: Staraptor|U-turn|p1a: Lunatone\n|-supereffective|p1a: Lunatone\n|-damage|p1a: Lunatone|200/318\n|\n|t:|1769689760\n|switch|p2a: Primarina|Primarina, L83, F|268/268|[from] U-turn\n|move|p1a: Lunatone|Stealth Rock|p2a: Primarina\n|-sidestart|p2: Lucky100x|move: Stealth Rock\n|\n|-heal|p1a: Lunatone|219/318|[from] item: Leftovers\n|upkeep\n|turn|3\n|\n|t:|1769689774\n|switch|p1a: Alakazam|Alakazam, L78, M|214/214\n|move|p2a: Primarina|Hydro Pump|p1a: Alakazam\n|-damage|p1a: Alakazam|70/214\n|\n|upkeep\n|turn|4\n|\n|t:|1769689782\n|detailschange|p1a: Alakazam|Alakazam-Mega, L78, M\n|-mega|p1a: Alakazam|Alakazam|Alakazite\n|-ability|p1a: Alakazam|Torrent|Trace|[from] ability: Trace|[of] p2a: Primarina\n|move|p1a: Alakazam|Psychic|p2a: Primarina\n|-damage|p2a: Primarina|148/268\n|-unboost|p2a: Primarina|spd|1\n|move|p2a: Primarina|Hydro Pump|p1a: Alakazam\n|-damage|p1a: Alakazam|0 fnt\n|faint|p1a: Alakazam\n|detailschange|p1: Alakazam|Alakazam, L78, M|[silent]\n|\n|upkeep\n|inactive|aurora ltd has 120 seconds left.\n|\n|t:|1769689831\n|switch|p1a: Dustox|Dustox, L96, M|271/271\n|turn|5\n|\n|t:|1769689844\n|switch|p2a: Staraptor|Staraptor, L80, F|228/267\n|-damage|p2a: Staraptor|162/267|[from] Stealth Rock\n|move|p1a: Dustox|Bug Buzz|p2a: Staraptor\n|-resisted|p2a: Staraptor\n|-damage|p2a: Staraptor|110/267\n|\n|upkeep\n|turn|6\n|inactive|Lucky100x has 120 seconds left.\n|\n|t:|1769689887\n|switch|p1a: Steelix|Steelix, L82, M|257/257\n|move|p2a: Staraptor|Brave Bird|p1a: Steelix\n|-resisted|p1a: Steelix\n|-damage|p1a: Steelix|212/257\n|-damage|p2a: Staraptor|95/267|[from] Recoil\n|\n|-heal|p1a: Steelix|228/257|[from] item: Leftovers\n|upkeep\n|turn|7\n|\n|t:|1769689908\n|switch|p2a: Hitmontop|Hitmontop, L90, M|236/236\n|-damage|p2a: Hitmontop|222/236|[from] Stealth Rock\n|-ability|p2a: Hitmontop|Intimidate|boost\n|-unboost|p1a: Steelix|atk|1\n|move|p1a: Steelix|Heavy Slam|p2a: Hitmontop\n|-damage|p2a: Hitmontop|152/236\n|\n|-heal|p1a: Steelix|244/257|[from] item: Leftovers\n|upkeep\n|turn|8\n|\n|t:|1769689927\n|switch|p1a: Dustox|Dustox, L96, M|271/271\n|move|p2a: Hitmontop|Rapid Spin|p1a: Dustox\n|-damage|p1a: Dustox|254/271\n|-sideend|p2: Lucky100x|Stealth Rock|[from] move: Rapid Spin|[of] p2a: Hitmontop\n|\n|-heal|p1a: Dustox|270/271|[from] item: Black Sludge\n|upkeep\n|turn|9\n|\n|t:|1769689936\n|move|p1a: Dustox|U-turn|p2a: Hitmontop\n|-resisted|p2a: Hitmontop\n|-damage|p2a: Hitmontop|125/236\n|\n|t:|1769689939\n|switch|p1a: Lunatone|Lunatone, L93|219/318|[from] U-turn\n|move|p2a: Hitmontop|Stone Edge|p1a: Lunatone|[miss]\n|-miss|p2a: Hitmontop|p1a: Lunatone\n|\n|-heal|p1a: Lunatone|238/318|[from] item: Leftovers\n|upkeep\n|turn|10\n|\n|t:|1769689950\n|switch|p2a: Primarina|Primarina, L83, F|148/268\n|move|p1a: Lunatone|Psychic|p2a: Primarina\n|-damage|p2a: Primarina|61/268\n|\n|-heal|p1a: Lunatone|257/318|[from] item: Leftovers\n|upkeep\n|turn|11\n|\n|t:|1769689967\n|move|p2a: Primarina|Hydro Pump|p1a: Lunatone\n|-supereffective|p1a: Lunatone\n|-damage|p1a: Lunatone|0 fnt\n|faint|p1a: Lunatone\n|\n|upkeep\n|\n|t:|1769689973\n|switch|p1a: Dustox|Dustox, L96, M|270/271\n|turn|12\n|\n|t:|1769689989\n|switch|p2a: Hitmontop|Hitmontop, L90, M|125/236\n|-ability|p2a: Hitmontop|Intimidate|boost\n|-unboost|p1a: Dustox|atk|1\n|move|p1a: Dustox|Bug Buzz|p2a: Hitmontop\n|-resisted|p2a: Hitmontop\n|-damage|p2a: Hitmontop|104/236\n|\n|-heal|p1a: Dustox|271/271|[from] item: Black Sludge\n|upkeep\n|turn|13\n|\n|t:|1769689998\n|move|p1a: Dustox|U-turn|p2a: Hitmontop\n|-resisted|p2a: Hitmontop\n|-damage|p2a: Hitmontop|86/236\n|\n|t:|1769690002\n|switch|p1a: Arceus|Arceus-Fighting, L72|292/292|[from] U-turn\n|move|p2a: Hitmontop|Stone Edge|p1a: Arceus|[miss]\n|-miss|p2a: Hitmontop|p1a: Arceus\n|\n|upkeep\n|turn|14\n|inactive|aurora ltd has 120 seconds left.\n|inactive|Lucky100x has 120 seconds left.\n|\n|t:|1769690034\n|switch|p2a: Carbink|Carbink, L92|241/241\n|move|p1a: Arceus|Judgment|p2a: Carbink\n|-damage|p2a: Carbink|169/241\n|\n|upkeep\n|turn|15\n|\n|t:|1769690048\n|switch|p1a: Steelix|Steelix, L82, M|244/257\n|move|p2a: Carbink|Light Screen|p2a: Carbink\n|-sidestart|p2: Lucky100x|move: Light Screen\n|\n|-heal|p1a: Steelix|257/257|[from] item: Leftovers\n|upkeep\n|turn|16\n|\n|t:|1769690068\n|move|p2a: Carbink|Reflect|p2a: Carbink\n|-sidestart|p2: Lucky100x|Reflect\n|move|p1a: Steelix|Toxic|p2a: Carbink\n|-status|p2a: Carbink|tox\n|\n|-damage|p2a: Carbink|154/241 tox|[from] psn\n|upkeep\n|turn|17\n|\n|t:|1769690075\n|switch|p2a: Primarina|Primarina, L83, F|61/268\n|move|p1a: Steelix|Heavy Slam|p2a: Primarina\n|-damage|p2a: Primarina|1/268\n|\n|upkeep\n|turn|18\n|\n|t:|1769690087\n|move|p1a: Steelix|Protect|p1a: Steelix\n|-singleturn|p1a: Steelix|Protect\n|move|p2a: Primarina|Hydro Pump|p1a: Steelix\n|-activate|p1a: Steelix|move: Protect\n|\n|upkeep\n|turn|19\n|\n|t:|1769690093\n|move|p2a: Primarina|Hydro Pump|p1a: Steelix|[miss]\n|-miss|p2a: Primarina|p1a: Steelix\n|move|p1a: Steelix|Earthquake|p2a: Primarina\n|-damage|p2a: Primarina|0 fnt\n|faint|p2a: Primarina\n|\n|upkeep\n|\n|t:|1769690113\n|switch|p2a: Ursaring|Ursaring, L85, F|292/292\n|turn|20\n|inactive|aurora ltd has 120 seconds left.\n|\n|t:|1769690143\n|move|p2a: Ursaring|Swords Dance|p2a: Ursaring\n|-boost|p2a: Ursaring|atk|2\n|move|p1a: Steelix|Toxic|p2a: Ursaring\n|-status|p2a: Ursaring|tox\n|\n|-damage|p2a: Ursaring|274/292 tox|[from] psn\n|upkeep\n|turn|21\n|\n|t:|1769690153\n|move|p2a: Ursaring|Close Combat|p1a: Steelix\n|-supereffective|p1a: Steelix\n|-damage|p1a: Steelix|29/257\n|-unboost|p2a: Ursaring|def|1\n|-unboost|p2a: Ursaring|spd|1\n|move|p1a: Steelix|Earthquake|p2a: Ursaring\n|-damage|p2a: Ursaring|196/292 tox\n|\n|-heal|p1a: Steelix|45/257|[from] item: Leftovers\n|-damage|p2a: Ursaring|160/292 tox|[from] psn\n|upkeep\n|turn|22\n|\n|t:|1769690163\n|move|p1a: Steelix|Protect|p1a: Steelix\n|-singleturn|p1a: Steelix|Protect\n|move|p2a: Ursaring|Facade|p1a: Steelix\n|-activate|p1a: Steelix|move: Protect\n|\n|-heal|p1a: Steelix|61/257|[from] item: Leftovers\n|-damage|p2a: Ursaring|106/292 tox|[from] psn\n|-sideend|p2: Lucky100x|move: Light Screen\n|upkeep\n|turn|23\n|\n|t:|1769690172\n|move|p1a: Steelix|Protect||[still]\n|-fail|p1a: Steelix\n|move|p2a: Ursaring|Facade|p1a: Steelix\n|-resisted|p1a: Steelix\n|-damage|p1a: Steelix|0 fnt\n|faint|p1a: Steelix\n|\n|-damage|p2a: Ursaring|34/292 tox|[from] psn\n|-sideend|p2: Lucky100x|Reflect\n|upkeep\n|\n|t:|1769690188\n|switch|p1a: Flareon|Flareon, L88, F|258/258\n|turn|24\n|\n|t:|1769690200\n|switch|p2a: Hitmontop|Hitmontop, L90, M|86/236\n|-ability|p2a: Hitmontop|Intimidate|boost\n|-unboost|p1a: Flareon|atk|1\n|move|p1a: Flareon|Quick Attack|p2a: Hitmontop\n|-damage|p2a: Hitmontop|62/236\n|\n|-status|p1a: Flareon|tox|[from] item: Toxic Orb\n|upkeep\n|turn|25\n|\n|t:|1769690221\n|move|p2a: Hitmontop|Earthquake|p1a: Flareon\n|-supereffective|p1a: Flareon\n|-damage|p1a: Flareon|38/258 tox\n|move|p1a: Flareon|Facade|p2a: Hitmontop\n|-damage|p2a: Hitmontop|0 fnt\n|faint|p2a: Hitmontop\n|\n|-damage|p1a: Flareon|22/258 tox|[from] psn\n|upkeep\n|\n|t:|1769690225\n|switch|p2a: Carbink|Carbink, L92|154/241 tox\n|turn|26\n|\n|t:|1769690237\n|move|p1a: Flareon|Superpower|p2a: Carbink\n|-damage|p2a: Carbink|87/241 tox\n|-unboost|p1a: Flareon|atk|1\n|-unboost|p1a: Flareon|def|1\n|move|p2a: Carbink|Light Screen|p2a: Carbink\n|-sidestart|p2: Lucky100x|move: Light Screen\n|\n|-damage|p1a: Flareon|0 fnt|[from] psn\n|faint|p1a: Flareon\n|-damage|p2a: Carbink|72/241 tox|[from] psn\n|upkeep\n|\n|t:|1769690247\n|switch|p1a: Dustox|Dustox, L96, M|271/271\n|turn|27\n|\n|t:|1769690264\n|switch|p2a: Staraptor|Staraptor, L80, F|95/267\n|move|p1a: Dustox|Bug Buzz|p2a: Staraptor\n|-resisted|p2a: Staraptor\n|-damage|p2a: Staraptor|69/267\n|-unboost|p2a: Staraptor|spd|1\n|\n|upkeep\n|turn|28\n|\n|t:|1769690275\n|move|p2a: Staraptor|Brave Bird|p1a: Dustox\n|-supereffective|p1a: Dustox\n|-damage|p1a: Dustox|0 fnt\n|faint|p1a: Dustox\n|-damage|p2a: Staraptor|0 fnt|[from] Recoil\n|faint|p2a: Staraptor\n|\n|upkeep\n|\n|t:|1769690295\n|switch|p2a: Sawk|Sawk, L86, M|269/269\n|switch|p1a: Arceus|Arceus-Fighting, L72|292/292\n|-ability|p2a: Sawk|Mold Breaker\n|turn|29\n|inactive|aurora ltd has 90 seconds left.\n|\n|t:|1769690320\n|move|p1a: Arceus|Calm Mind|p1a: Arceus\n|-boost|p1a: Arceus|spa|1\n|-boost|p1a: Arceus|spd|1\n|move|p2a: Sawk|Close Combat|p1a: Arceus\n|-damage|p1a: Arceus|81/292\n|-unboost|p2a: Sawk|def|1\n|-unboost|p2a: Sawk|spd|1\n|-damage|p2a: Sawk|243/269|[from] item: Life Orb\n|\n|upkeep\n|turn|30\n|inactive|aurora ltd has 90 seconds left.\n|c|☆Lucky100x|Gg\n|\n|t:|1769690350\n|move|p1a: Arceus|Recover|p1a: Arceus\n|-heal|p1a: Arceus|227/292\n|move|p2a: Sawk|Close Combat|p1a: Arceus\n|-crit|p1a: Arceus\n|-damage|p1a: Arceus|0 fnt\n|-unboost|p2a: Sawk|def|1\n|-unboost|p2a: Sawk|spd|1\n|faint|p1a: Arceus\n|-damage|p2a: Sawk|217/269|[from] item: Life Orb\n|\n|win|Lucky100x\n|raw|aurora ltd's rating: 1560 &rarr; <strong>1542</strong><br />(-18 for losing)\n|raw|Lucky100x's rating: 1600 &rarr; <strong>1618</strong><br />(+18 for winning)\n|l|☆Lucky100x\n|player|p2|\n", "inputlog": ">version b99ff0165a6231f17e8b78c2a78d1998375de664\n>start {\"formatid\":\"gen7randombattle\",\"seed\":\"sodium,2290143ac1939a1215e9283c6ec22131\",\"rated\":\"Rated battle\"}\n>player p1 {\"name\":\"aurora ltd\",\"avatar\":\"silver-gen2kanto\",\"rating\":1560,\"seed\":\"sodium,b4773c0db9fedf7f665cf16ceeb6ef1b\"}\n>player p2 {\"name\":\"Lucky100x\",\"avatar\":\"170\",\"rating\":1600,\"seed\":\"sodium,52bdecc97a7335676eb6ab6e999f0a9b\"}\n>p1 move uturn\n>p2 switch 6\n>p1 switch 5\n>p1 move stealthrock\n>p2 move uturn\n>p2 switch 6\n>p1 switch 6\n>p2 move hydropump\n>p1 move psychic mega\n>p2 move hydropump\n>p1 switch 5\n>p1 move bugbuzz\n>p2 switch 6\n>p1 switch 3\n>p2 move bravebird\n>p1 move heavyslam\n>p2 switch 4\n>p1 switch 3\n>p2 move rapidspin\n>p1 move uturn\n>p2 move stoneedge\n>p1 switch 6\n>p1 move psychic\n>p2 switch 6\n>p1 move psychic\n>p2 move hydropump\n>p1 switch 6\n>p1 move bugbuzz\n>p2 switch 6\n>p1 move uturn\n>p2 move stoneedge\n>p1 switch 4\n>p1 move judgment\n>p2 switch 5\n>p1 switch 3\n>p2 move lightscreen\n>p1 move toxic\n>p2 move reflect\n>p1 move heavyslam\n>p2 switch 6\n>p1 move protect\n>p2 move hydropump\n>p1 move earthquake\n>p2 move hydropump\n>p2 switch 2\n>p1 move toxic\n>p2 move swordsdance\n>p1 move earthquake\n>p2 move closecombat\n>p1 move protect\n>p2 move facade\n>p1 move protect\n>p2 move facade\n>p1 switch 2\n>p1 move quickattack\n>p2 switch 5\n>p1 move facade\n>p2 move earthquake\n>p2 switch 6\n>p1 move superpower\n>p2 move lightscreen\n>p1 switch 4\n>p1 move bugbuzz\n>p2 switch 4\n>p1 move bugbuzz\n>p2 move bravebird\n>p1 switch 3\n>p2 switch 3\n>p1 move calmmind\n>p2 move closecombat\n>chat ☆Lucky100x|Gg\n>p1 move recover\n>p2 move closecombat", "uploadtime": 1769690362, "views": 149, "formatid": "gen7randombattle", "rating": 1542, "private": 0, "password": null}