{"id": "gen7randombattle-2530633210", "format": "[Gen 7] Random Battle", "players": ["mimikyow", "ILikeToSkibidiYou"], "log": "|j|☆mimikyow\n|j|☆ILikeToSkibidiYou\n|t:|1769953085\n|gametype|singles\n|player|p1|mimikyow|265|1564\n|player|p2|ILikeToSkibidiYou|ninjaboy|1517\n|gen|7\n|tier|[Gen 7] Random Battle\n|rated|\n|rule|Sleep Clause Mod: Limit one foe put to sleep\n|rule|HP Percentage Mod: HP is shown in percentages\n|rule|Illusion Level Mod: Illusion disguises the Pokémon's true level\n|\n|t:|1769953085\n|teamsize|p1|6\n|teamsize|p2|6\n|start\n|switch|p1a: Guzzlord|Guzzlord, L86|524/524\n|switch|p2a: Galvantula|Galvantula, L80, M|243/243\n|turn|1\n|inactive|Battle timer is ON: inactive players will automatically lose when time's up. (requested by mimikyow)\n|\n|t:|1769953098\n|move|p2a: Galvantula|Bug Buzz|p1a: Guzzlord\n|-supereffective|p1a: Guzzlord\n|-damage|p1a: Guzzlord|354/524\n|move|p1a: Guzzlord|Knock Off|p2a: Galvantula\n|-damage|p2a: Galvantula|99/243\n|-enditem|p2a: Galvantula|Focus Sash|[from] move: Knock Off|[of] p1a: Guzzlord\n|\n|upkeep\n|turn|2\n|\n|t:|1769953103\n|move|p2a: Galvantula|Sticky Web|p1a: Guzzlord\n|-sidestart|p1: mimikyow|move: Sticky Web\n|move|p1a: Guzzlord|Draco Meteor|p2a: Galvantula\n|-damage|p2a: Galvantula|0 fnt\n|-unboost|p1a: Guzzlord|spa|2\n|faint|p2a: Galvantula\n|-ability|p1a: Guzzlord|Beast Boost|boost\n|-boost|p1a: Guzzlord|atk|1\n|\n|upkeep\n|\n|t:|1769953114\n|switch|p2a: Scolipede|Scolipede, L80, M|227/227\n|turn|3\n|\n|t:|1769953119\n|move|p2a: Scolipede|Megahorn|p1a: Guzzlord\n|-supereffective|p1a: Guzzlord\n|-damage|p1a: Guzzlord|0 fnt\n|faint|p1a: Guzzlord\n|-damage|p2a: Scolipede|205/227|[from] item: Life Orb\n|\n|-ability|p2a: Scolipede|Speed Boost|boost\n|-boost|p2a: Scolipede|spe|1\n|upkeep\n|\n|t:|1769953124\n|switch|p1a: Vileplume|Vileplume, L87, F|272/272\n|-activate|p1a: Vileplume|move: Sticky Web\n|-unboost|p1a: Vileplume|spe|1\n|turn|4\n|\n|t:|1769953129\n|switch|p2a: Ditto|Ditto, L83|215/215\n|-transform|p2a: Ditto|p1a: Vileplume|[from] ability: Imposter\n|move|p1a: Vileplume|Strength Sap|p2a: Ditto\n|-unboost|p2a: Ditto|atk|1\n|\n|upkeep\n|turn|5\n|\n|t:|1769953132\n|move|p2a: Ditto|Sludge Bomb|p1a: Vileplume\n|-crit|p1a: Vileplume\n|-damage|p1a: Vileplume|122/272\n|move|p1a: Vileplume|Sludge Bomb|p2a: Ditto\n|-damage|p2a: Ditto|100/215\n|\n|-heal|p1a: Vileplume|139/272|[from] item: Black Sludge\n|upkeep\n|turn|6\n|\n|t:|1769953135\n|move|p2a: Ditto|Sludge Bomb|p1a: Vileplume\n|-damage|p1a: Vileplume|34/272\n|move|p1a: Vileplume|Strength Sap|p2a: Ditto\n|-unboost|p2a: Ditto|atk|1\n|-heal|p1a: Vileplume|130/272\n|\n|-heal|p1a: Vileplume|147/272|[from] item: Black Sludge\n|upkeep\n|turn|7\n|\n|t:|1769953138\n|move|p2a: Ditto|Sludge Bomb|p1a: Vileplume\n|-damage|p1a: Vileplume|47/272\n|move|p1a: Vileplume|Sludge Bomb|p2a: Ditto\n|-damage|p2a: Ditto|0 fnt\n|faint|p2a: Ditto\n|\n|-heal|p1a: Vileplume|64/272|[from] item: Black Sludge\n|upkeep\n|\n|t:|1769953141\n|switch|p2a: Scolipede|Scolipede, L80, M|205/227\n|turn|8\n|\n|t:|1769953144\n|move|p2a: Scolipede|Poison Jab|p1a: Vileplume\n|-damage|p1a: Vileplume|0 fnt\n|faint|p1a: Vileplume\n|-damage|p2a: Scolipede|183/227|[from] item: Life Orb\n|\n|-ability|p2a: Scolipede|Speed Boost|boost\n|-boost|p2a: Scolipede|spe|1\n|upkeep\n|\n|t:|1769953146\n|switch|p1a: Pelipper|Pelipper, L87, M|246/246\n|-weather|RainDance|[from] ability: Drizzle|[of] p1a: Pelipper\n|turn|9\n|\n|t:|1769953149\n|switch|p2a: Arceus|Arceus-Rock, L72|292/292\n|move|p1a: Pelipper|Hurricane|p2a: Arceus\n|-resisted|p2a: Arceus\n|-damage|p2a: Arceus|211/292\n|\n|-weather|RainDance|[upkeep]\n|upkeep\n|turn|10\n|\n|t:|1769953152\n|switch|p1a: Ferrothorn|Ferrothorn, L72, F|226/226\n|-activate|p1a: Ferrothorn|move: Sticky Web\n|-unboost|p1a: Ferrothorn|spe|1\n|move|p2a: Arceus|Judgment|p1a: Ferrothorn\n|-resisted|p1a: Ferrothorn\n|-damage|p1a: Ferrothorn|178/226\n|\n|-weather|RainDance|[upkeep]\n|-heal|p1a: Ferrothorn|192/226|[from] item: Leftovers\n|upkeep\n|turn|11\n|\n|t:|1769953162\n|switch|p2a: Slowbro|Slowbro, L83, M|293/293\n|move|p1a: Ferrothorn|Leech Seed|p2a: Slowbro\n|-start|p2a: Slowbro|move: Leech Seed\n|\n|-weather|RainDance|[upkeep]\n|-heal|p1a: Ferrothorn|206/226|[from] item: Leftovers\n|-damage|p2a: Slowbro|257/293|[from] Leech Seed|[of] p1a: Ferrothorn\n|-heal|p1a: Ferrothorn|226/226|[silent]\n|upkeep\n|turn|12\n|\n|t:|1769953168\n|move|p2a: Slowbro|Scald|p1a: Ferrothorn\n|-resisted|p1a: Ferrothorn\n|-damage|p1a: Ferrothorn|167/226\n|-status|p1a: Ferrothorn|brn\n|move|p1a: Ferrothorn|Spikes|p2a: Slowbro\n|-sidestart|p2: ILikeToSkibidiYou|Spikes\n|\n|-weather|RainDance|[upkeep]\n|-heal|p1a: Ferrothorn|181/226 brn|[from] item: Leftovers\n|-damage|p2a: Slowbro|221/293|[from] Leech Seed|[of] p1a: Ferrothorn\n|-heal|p1a: Ferrothorn|217/226 brn|[silent]\n|-damage|p1a: Ferrothorn|203/226 brn|[from] brn\n|upkeep\n|turn|13\n|\n|t:|1769953177\n|switch|p2a: Scolipede|Scolipede, L80, M|183/227\n|-damage|p2a: Scolipede|155/227|[from] Spikes\n|move|p1a: Ferrothorn|Spikes|p2a: Scolipede\n|-sidestart|p2: ILikeToSkibidiYou|Spikes\n|\n|-weather|none\n|-heal|p1a: Ferrothorn|217/226 brn|[from] item: Leftovers\n|-damage|p1a: Ferrothorn|203/226 brn|[from] brn\n|upkeep\n|turn|14\n|\n|t:|1769953181\n|move|p2a: Scolipede|Swords Dance|p2a: Scolipede\n|-boost|p2a: Scolipede|atk|2\n|move|p1a: Ferrothorn|Leech Seed|p2a: Scolipede\n|-start|p2a: Scolipede|move: Leech Seed\n|\n|-heal|p1a: Ferrothorn|217/226 brn|[from] item: Leftovers\n|-damage|p2a: Scolipede|127/227|[from] Leech Seed|[of] p1a: Ferrothorn\n|-heal|p1a: Ferrothorn|226/226 brn|[silent]\n|-damage|p1a: Ferrothorn|212/226 brn|[from] brn\n|-ability|p2a: Scolipede|Speed Boost|boost\n|-boost|p2a: Scolipede|spe|1\n|upkeep\n|turn|15\n|\n|t:|1769953184\n|move|p2a: Scolipede|Swords Dance|p2a: Scolipede\n|-boost|p2a: Scolipede|atk|2\n|move|p1a: Ferrothorn|Spikes|p2a: Scolipede\n|-sidestart|p2: ILikeToSkibidiYou|Spikes\n|\n|-heal|p1a: Ferrothorn|226/226 brn|[from] item: Leftovers\n|-damage|p2a: Scolipede|99/227|[from] Leech Seed|[of] p1a: Ferrothorn\n|-damage|p1a: Ferrothorn|212/226 brn|[from] brn\n|-ability|p2a: Scolipede|Speed Boost|boost\n|-boost|p2a: Scolipede|spe|1\n|upkeep\n|turn|16\n|\n|t:|1769953189\n|move|p2a: Scolipede|Megahorn|p1a: Ferrothorn\n|-damage|p1a: Ferrothorn|0 fnt\n|-damage|p2a: Scolipede|71/227|[from] ability: Iron Barbs|[of] p1a: Ferrothorn\n|faint|p1a: Ferrothorn\n|-damage|p2a: Scolipede|49/227|[from] item: Life Orb\n|\n|-ability|p2a: Scolipede|Speed Boost|boost\n|-boost|p2a: Scolipede|spe|1\n|upkeep\n|\n|t:|1769953195\n|switch|p1a: Ampharos|Ampharos, L85, M|292/292\n|-activate|p1a: Ampharos|move: Sticky Web\n|-unboost|p1a: Ampharos|spe|1\n|turn|17\n|\n|t:|1769953198\n|switch|p1a: Pelipper|Pelipper, L87, M|246/246\n|-weather|RainDance|[from] ability: Drizzle|[of] p1a: Pelipper\n|move|p2a: Scolipede|Earthquake|p1a: Pelipper\n|-immune|p1a: Pelipper\n|\n|-weather|RainDance|[upkeep]\n|-damage|p2a: Scolipede|21/227|[from] Leech Seed|[of] p1a: Pelipper\n|-ability|p2a: Scolipede|Speed Boost|boost\n|-boost|p2a: Scolipede|spe|1\n|upkeep\n|turn|18\n|c|☆ILikeToSkibidiYou|smart\n|\n|t:|1769953212\n|move|p2a: Scolipede|Poison Jab|p1a: Pelipper\n|-damage|p1a: Pelipper|0 fnt\n|faint|p1a: Pelipper\n|-damage|p2a: Scolipede|0 fnt|[from] item: Life Orb\n|faint|p2a: Scolipede\n|\n|-weather|RainDance|[upkeep]\n|upkeep\n|c|☆ILikeToSkibidiYou|admirable\n|\n|t:|1769953221\n|switch|p2a: Arceus|Arceus-Rock, L72|211/292\n|switch|p1a: Ampharos|Ampharos, L85, M|292/292\n|-damage|p2a: Arceus|138/292|[from] Spikes\n|-activate|p1a: Ampharos|move: Sticky Web\n|-unboost|p1a: Ampharos|spe|1\n|turn|19\n|\n|t:|1769953231\n|detailschange|p1a: Ampharos|Ampharos-Mega, L85, M\n|-mega|p1a: Ampharos|Ampharos|Ampharosite\n|-ability|p1a: Ampharos|Mold Breaker\n|move|p2a: Arceus|Earthquake|p1a: Ampharos\n|-supereffective|p1a: Ampharos\n|-damage|p1a: Ampharos|182/292\n|move|p1a: Ampharos|Focus Blast|p2a: Arceus\n|-supereffective|p2a: Arceus\n|-damage|p2a: Arceus|0 fnt\n|faint|p2a: Arceus\n|\n|-weather|RainDance|[upkeep]\n|upkeep\n|\n|t:|1769953237\n|switch|p2a: Wailord|Wailord, L94, F|471/471\n|-damage|p2a: Wailord|354/471|[from] Spikes\n|turn|20\n|\n|t:|1769953246\n|move|p2a: Wailord|Ice Beam|p1a: Ampharos\n|-supereffective|p1a: Ampharos\n|-damage|p1a: Ampharos|48/292\n|move|p1a: Ampharos|Thunderbolt|p2a: Wailord\n|-supereffective|p2a: Wailord\n|-damage|p2a: Wailord|0 fnt\n|faint|p2a: Wailord\n|\n|-weather|RainDance|[upkeep]\n|upkeep\n|\n|t:|1769953249\n|switch|p2a: Slowbro|Slowbro, L83, M|293/293\n|-damage|p2a: Slowbro|220/293|[from] Spikes\n|turn|21\n|\n|t:|1769953256\n|move|p2a: Slowbro|Psyshock|p1a: Ampharos\n|-damage|p1a: Ampharos|0 fnt\n|faint|p1a: Ampharos\n|detailschange|p1: Ampharos|Ampharos, L85, M|[silent]\n|\n|-weather|none\n|upkeep\n|\n|t:|1769953258\n|switch|p1a: Linoone|Linoone, L81, M|258/258\n|-activate|p1a: Linoone|move: Sticky Web\n|-unboost|p1a: Linoone|spe|1\n|turn|22\n|\n|t:|1769953266\n|detailschange|p2a: Slowbro|Slowbro-Mega, L83, M\n|-mega|p2a: Slowbro|Slowbro|Slowbronite\n|move|p1a: Linoone|Belly Drum|p1a: Linoone\n|-damage|p1a: Linoone|129/258\n|-setboost|p1a: Linoone|atk|6|[from] move: Belly Drum\n|-enditem|p1a: Linoone|Figy Berry|[eat]\n|-heal|p1a: Linoone|258/258|[from] item: Figy Berry\n|move|p2a: Slowbro|Scald|p1a: Linoone\n|-damage|p1a: Linoone|110/258\n|\n|upkeep\n|turn|23\n|\n|t:|1769953273\n|move|p1a: Linoone|Throat Chop|p2a: Slowbro\n|-supereffective|p2a: Slowbro\n|-damage|p2a: Slowbro|24/293\n|-start|p2a: Slowbro|Throat Chop|[silent]\n|move|p2a: Slowbro|Scald|p1a: Linoone\n|-damage|p1a: Linoone|0 fnt\n|faint|p1a: Linoone\n|\n|win|ILikeToSkibidiYou\n|raw|mimikyow's rating: 1564 &rarr; <strong>1541</strong><br />(-23 for losing)\n|raw|ILikeToSkibidiYou's rating: 1517 &rarr; <strong>1540</strong><br />(+23 for winning)\n|c|☆mimikyow|gg\n|l|☆mimikyow\n|player|p1|\n", "inputlog": ">version b99ff0165a6231f17e8b78c2a78d1998375de664\n>start {\"formatid\":\"gen7randombattle\",\"seed\":\"sodium,a2cae46c56bdc3809db764b80cf7e521\",\"rated\":\"Rated battle\"}\n>player p1 {\"name\":\"mimikyow\",\"avatar\":\"265\",\"rating\":1564,\"seed\":\"sodium,f011516dd6404980c5d2b082f28ec5e0\"}\n>player p2 {\"name\":\"ILikeToSkibidiYou\",\"avatar\":\"ninjaboy\",\"rating\":1517,\"seed\":\"sodium,a940f1172a278f0757bd9bc9a55da64b\"}\n>p1 move knockoff\n>p2 move bugbuzz\n>p1 move dracometeor\n>p2 move stickyweb\n>p2 switch 3\n>p1 move knockoff\n>p2 move megahorn\n>p1 switch 5\n>p1 move strengthsap\n>p2 switch 4\n>p1 move sludgebomb\n>p2 move sludgebomb\n>p1 move strengthsap\n>p2 move sludgebomb\n>p1 move sludgebomb\n>p2 move sludgebomb\n>p2 switch 4\n>p1 move strengthsap\n>p2 move poisonjab\n>p1 switch 3\n>p1 move hurricane\n>p2 switch 5\n>p1 switch 4\n>p2 move judgment\n>p1 move leechseed\n>p2 switch 6\n>p1 move spikes\n>p2 move scald\n>p1 move spikes\n>p2 switch 5\n>p1 move leechseed\n>p2 move swordsdance\n>p1 move spikes\n>p2 move swordsdance\n>p1 move gyroball\n>p2 move megahorn\n>p1 switch 2\n>p1 switch 4\n>p2 move earthquake\n>chat ☆ILikeToSkibidiYou|smart\n>p1 move scald\n>p2 move poisonjab\n>chat ☆ILikeToSkibidiYou|admirable\n>p1 switch 4\n>p2 switch 6\n>p1 move focusblast mega\n>p2 move earthquake\n>p2 switch 2\n>p1 move thunderbolt\n>p2 move icebeam\n>p2 switch 5\n>p1 move thunderbolt\n>p2 move psyshock\n>p1 switch 6\n>p1 move bellydrum\n>p2 move scald mega\n>p1 move throatchop\n>p2 move scald", "uploadtime": 1769953279, "views": 179, "formatid": "gen7randombattle", "rating": 1540, "private": 0, "password": null}