{"id": "gen7randombattle-2523734817", "format": "[Gen 7] Random Battle", "players": ["lkadjsfadfa", "tomiyasu188"], "log": "|j|☆lkadjsfadfa\n|j|☆tomiyasu188\n|t:|1769060995\n|gametype|singles\n|player|p1|lkadjsfadfa|2|1656\n|player|p2|tomiyasu188|170|1743\n|gen|7\n|tier|[Gen 7] Random Battle\n|rated|\n|rule|Sleep Clause Mod: Limit one foe put to sleep\n|rule|HP Percentage Mod: HP is shown in percentages\n|rule|Illusion Level Mod: Illusion disguises the Pokémon's true level\n|\n|t:|1769060995\n|teamsize|p1|6\n|teamsize|p2|6\n|start\n|switch|p1a: Gliscor|Gliscor, L78, M|238/238\n|switch|p2a: Hitmonlee|Hitmonlee, L86, M|225/225\n|turn|1\n|inactive|Battle timer is ON: inactive players will automatically lose when time's up. (requested by lkadjsfadfa)\n|\n|t:|1769061018\n|move|p1a: Gliscor|Flamethrower|p2a: Hitmonlee\n|-damage|p2a: Hitmonlee|133/225\n|-status|p2a: Hitmonlee|brn\n|move|p2a: Hitmonlee|Knock Off|p1a: Gliscor\n|-resisted|p1a: Gliscor\n|-damage|p1a: Gliscor|194/238\n|replace|p1a: Zoroark|Zoroark, L84, F\n|-end|p1a: Zoroark|Illusion\n|-hint|Illusion Level Mod is active, so this Pokémon's true level was hidden.\n|-enditem|p1a: Zoroark|Choice Specs|[from] move: Knock Off|[of] p2a: Hitmonlee\n|\n|-damage|p2a: Hitmonlee|119/225 brn|[from] brn\n|upkeep\n|turn|2\n|\n|t:|1769061038\n|switch|p2a: Samurott|Samurott, L88, M|310/310\n|move|p1a: Zoroark|Flamethrower|p2a: Samurott\n|-resisted|p2a: Samurott\n|-damage|p2a: Samurott|283/310\n|\n|upkeep\n|turn|3\n|\n|t:|1769061046\n|switch|p1a: Bouffalant|Bouffalant, L87, M|307/307\n|move|p2a: Samurott|Knock Off|p1a: Bouffalant\n|-damage|p1a: Bouffalant|235/307\n|-enditem|p1a: Bouffalant|Leftovers|[from] move: Knock Off|[of] p2a: Samurott\n|\n|upkeep\n|turn|4\n|inactive|tomiyasu188 has 120 seconds left.\n|\n|t:|1769061077\n|move|p2a: Samurott|Hydro Pump|p1a: Bouffalant\n|-damage|p1a: Bouffalant|106/307\n|move|p1a: Bouffalant|Head Charge|p2a: Samurott\n|-damage|p2a: Samurott|141/310\n|-damage|p1a: Bouffalant|70/307|[from] Recoil\n|\n|upkeep\n|turn|5\n|inactive|tomiyasu188 has 120 seconds left.\n|\n|t:|1769061096\n|move|p2a: Samurott|Hydro Pump|p1a: Bouffalant\n|-damage|p1a: Bouffalant|0 fnt\n|faint|p1a: Bouffalant\n|\n|upkeep\n|\n|t:|1769061099\n|switch|p1a: Watchog|Watchog, L96, F|271/271\n|turn|6\n|inactive|tomiyasu188 has 120 seconds left.\n|\n|t:|1769061119\n|switch|p2a: Drapion|Drapion, L83, F|252/252\n|move|p1a: Watchog|Return|p2a: Drapion\n|-damage|p2a: Drapion|111/252\n|\n|-heal|p2a: Drapion|126/252|[from] item: Black Sludge\n|upkeep\n|turn|7\n|\n|t:|1769061127\n|move|p2a: Drapion|Knock Off|p1a: Watchog\n|-damage|p1a: Watchog|171/271\n|-enditem|p1a: Watchog|Leftovers|[from] move: Knock Off|[of] p2a: Drapion\n|move|p1a: Watchog|Return|p2a: Drapion\n|-damage|p2a: Drapion|0 fnt\n|faint|p2a: Drapion\n|\n|upkeep\n|\n|t:|1769061150\n|switch|p2a: Heatran|Heatran, L80, M|277/277\n|turn|8\n|\n|t:|1769061155\n|move|p1a: Watchog|Super Fang|p2a: Heatran\n|-damage|p2a: Heatran|139/277\n|move|p2a: Heatran|Magma Storm|p1a: Watchog\n|-damage|p1a: Watchog|35/271\n|-activate|p1a: Watchog|move: Magma Storm|[of] p2a: Heatran\n|\n|-heal|p2a: Heatran|156/277|[from] item: Leftovers\n|-damage|p1a: Watchog|2/271|[from] move: Magma Storm|[partiallytrapped]\n|upkeep\n|turn|9\n|inactive|tomiyasu188 has 90 seconds left.\n|\n|t:|1769061208\n|move|p2a: Heatran|Protect|p2a: Heatran\n|-singleturn|p2a: Heatran|Protect\n|move|p1a: Watchog|Knock Off|p2a: Heatran\n|-activate|p2a: Heatran|move: Protect\n|\n|-heal|p2a: Heatran|173/277|[from] item: Leftovers\n|-damage|p1a: Watchog|0 fnt|[from] move: Magma Storm|[partiallytrapped]\n|faint|p1a: Watchog\n|upkeep\n|\n|t:|1769061212\n|switch|p1a: Gliscor|Gliscor, L78, M|245/245\n|turn|10\n|\n|t:|1769061217\n|move|p1a: Gliscor|Substitute|p1a: Gliscor\n|-start|p1a: Gliscor|Substitute\n|-damage|p1a: Gliscor|184/245\n|move|p2a: Heatran|Magma Storm|p1a: Gliscor\n|-crit|p1a: Gliscor\n|-end|p1a: Gliscor|Substitute\n|\n|-heal|p2a: Heatran|190/277|[from] item: Leftovers\n|-status|p1a: Gliscor|tox|[from] item: Toxic Orb\n|upkeep\n|turn|11\n|\n|t:|1769061224\n|switch|p2a: Claydol|Claydol, L89|252/252\n|move|p1a: Gliscor|Earthquake|p2a: Claydol\n|-immune|p2a: Claydol|[from] ability: Levitate\n|\n|-heal|p1a: Gliscor|214/245 tox|[from] ability: Poison Heal\n|upkeep\n|turn|12\n|\n|t:|1769061234\n|switch|p1a: Kingler|Kingler, L87, M|194/238\n|move|p2a: Claydol|Ice Beam|p1a: Kingler\n|-damage|p1a: Kingler|118/238\n|replace|p1a: Zoroark|Zoroark, L84, F\n|-end|p1a: Zoroark|Illusion\n|\n|upkeep\n|turn|13\n|inactive|tomiyasu188 has 90 seconds left.\n|\n|t:|1769061264\n|move|p1a: Zoroark|Dark Pulse|p2a: Claydol\n|-supereffective|p2a: Claydol\n|-damage|p2a: Claydol|100/252\n|move|p2a: Claydol|Stealth Rock|p1a: Zoroark\n|-sidestart|p1: lkadjsfadfa|move: Stealth Rock\n|\n|-heal|p2a: Claydol|115/252|[from] item: Leftovers\n|upkeep\n|turn|14\n|inactive|tomiyasu188 has 60 seconds left.\n|\n|t:|1769061311\n|switch|p2a: Heatran|Heatran, L80, M|190/277\n|move|p1a: Zoroark|Dark Pulse|p2a: Heatran\n|-damage|p2a: Heatran|93/277\n|\n|-heal|p2a: Heatran|110/277|[from] item: Leftovers\n|upkeep\n|turn|15\n|\n|t:|1769061319\n|move|p2a: Heatran|Protect|p2a: Heatran\n|-singleturn|p2a: Heatran|Protect\n|move|p1a: Zoroark|Focus Blast|p2a: Heatran\n|-activate|p2a: Heatran|move: Protect\n|\n|-heal|p2a: Heatran|127/277|[from] item: Leftovers\n|upkeep\n|turn|16\n|\n|t:|1769061329\n|move|p1a: Zoroark|Focus Blast|p2a: Heatran|[miss]\n|-miss|p1a: Zoroark|p2a: Heatran\n|move|p2a: Heatran|Magma Storm|p1a: Zoroark\n|-damage|p1a: Zoroark|0 fnt\n|faint|p1a: Zoroark\n|\n|-heal|p2a: Heatran|144/277|[from] item: Leftovers\n|upkeep\n|\n|t:|1769061339\n|switch|p1a: Kingler|Kingler, L87, M|237/237\n|-damage|p1a: Kingler|208/237|[from] Stealth Rock\n|turn|17\n|inactive|tomiyasu188 has 60 seconds left.\n|\n|t:|1769061345\n|move|p1a: Kingler|Liquidation|p2a: Heatran\n|-supereffective|p2a: Heatran\n|-damage|p2a: Heatran|0 fnt\n|faint|p2a: Heatran\n|\n|upkeep\n|inactive|tomiyasu188 has 60 seconds left.\n|\n|t:|1769061362\n|switch|p2a: Samurott|Samurott, L88, M|141/310\n|turn|18\n|\n|t:|1769061367\n|move|p1a: Kingler|Superpower|p2a: Samurott\n|-damage|p2a: Samurott|3/310\n|-unboost|p1a: Kingler|atk|1\n|-unboost|p1a: Kingler|def|1\n|-damage|p1a: Kingler|185/237|[from] item: Life Orb\n|move|p2a: Samurott|Grass Knot|p1a: Kingler\n|-supereffective|p1a: Kingler\n|-damage|p1a: Kingler|0 fnt\n|faint|p1a: Kingler\n|\n|upkeep\n|\n|t:|1769061373\n|switch|p1a: Sawk|Sawk, L86, M|269/269\n|-damage|p1a: Sawk|253/269|[from] Stealth Rock\n|turn|19\n|\n|t:|1769061381\n|move|p1a: Sawk|Knock Off|p2a: Samurott\n|-damage|p2a: Samurott|0 fnt\n|-enditem|p2a: Samurott|Assault Vest|[from] move: Knock Off|[of] p1a: Sawk\n|faint|p2a: Samurott\n|\n|-heal|p1a: Sawk|269/269|[from] item: Leftovers\n|upkeep\n|inactive|tomiyasu188 has 60 seconds left.\n|inactive|tomiyasu188 has 30 seconds left.\n|\n|t:|1769061425\n|switch|p2a: Bibarel|Bibarel, L90, F|289/289\n|turn|20\n|\n|t:|1769061428\n|switch|p2a: Claydol|Claydol, L89|115/252\n|move|p1a: Sawk|Close Combat|p2a: Claydol\n|-resisted|p2a: Claydol\n|-damage|p2a: Claydol|53/252\n|-unboost|p1a: Sawk|def|1\n|-unboost|p1a: Sawk|spd|1\n|\n|-heal|p2a: Claydol|68/252|[from] item: Leftovers\n|upkeep\n|turn|21\n|\n|t:|1769061447\n|move|p1a: Sawk|Knock Off|p2a: Claydol\n|-supereffective|p2a: Claydol\n|-damage|p2a: Claydol|0 fnt\n|-enditem|p2a: Claydol|Leftovers|[from] move: Knock Off|[of] p1a: Sawk\n|faint|p2a: Claydol\n|\n|upkeep\n|\n|t:|1769061450\n|switch|p2a: Hitmonlee|Hitmonlee, L86, M|119/225 brn\n|turn|22\n|\n|t:|1769061453\n|switch|p2a: Bibarel|Bibarel, L90, F|289/289\n|switch|p1a: Gliscor|Gliscor, L78, M|214/245 tox\n|-damage|p1a: Gliscor|184/245 tox|[from] Stealth Rock\n|\n|-heal|p1a: Gliscor|214/245 tox|[from] ability: Poison Heal\n|upkeep\n|turn|23\n|\n|t:|1769061468\n|move|p1a: Gliscor|Earthquake|p2a: Bibarel\n|-damage|p2a: Bibarel|172/289\n|move|p2a: Bibarel|Liquidation|p1a: Gliscor\n|-supereffective|p1a: Gliscor\n|-damage|p1a: Gliscor|9/245 tox\n|-damage|p2a: Bibarel|144/289|[from] item: Life Orb\n|\n|-heal|p1a: Gliscor|39/245 tox|[from] ability: Poison Heal\n|upkeep\n|turn|24\n|\n|t:|1769061476\n|move|p1a: Gliscor|Earthquake|p2a: Bibarel\n|-damage|p2a: Bibarel|32/289\n|move|p2a: Bibarel|Swords Dance|p2a: Bibarel\n|-boost|p2a: Bibarel|atk|4\n|\n|-heal|p1a: Gliscor|69/245 tox|[from] ability: Poison Heal\n|upkeep\n|turn|25\n|inactive|tomiyasu188 has 60 seconds left.\n|\n|t:|1769061482\n|move|p2a: Bibarel|Aqua Jet|p1a: Gliscor\n|-supereffective|p1a: Gliscor\n|-damage|p1a: Gliscor|0 fnt\n|faint|p1a: Gliscor\n|-damage|p2a: Bibarel|4/289|[from] item: Life Orb\n|\n|upkeep\n|\n|t:|1769061484\n|switch|p1a: Sawk|Sawk, L86, M|269/269\n|-damage|p1a: Sawk|253/269|[from] Stealth Rock\n|turn|26\n|\n|t:|1769061490\n|move|p2a: Bibarel|Aqua Jet|p1a: Sawk\n|-damage|p1a: Sawk|65/269\n|-damage|p2a: Bibarel|0 fnt|[from] item: Life Orb\n|faint|p2a: Bibarel\n|move|p1a: Sawk|Knock Off|p2: Bibarel|[notarget]\n|-fail|p1a: Sawk\n|\n|-heal|p1a: Sawk|81/269|[from] item: Leftovers\n|upkeep\n|\n|t:|1769061493\n|switch|p2a: Hitmonlee|Hitmonlee, L86, M|119/225 brn\n|turn|27\n|\n|t:|1769061497\n|move|p2a: Hitmonlee|High Jump Kick|p1a: Sawk\n|-damage|p1a: Sawk|0 fnt\n|faint|p1a: Sawk\n|\n|win|tomiyasu188\n|raw|lkadjsfadfa's rating: 1656 &rarr; <strong>1641</strong><br />(-15 for losing)\n|raw|tomiyasu188's rating: 1743 &rarr; <strong>1758</strong><br />(+15 for winning)\n|l|☆lkadjsfadfa\n|player|p1|\n", "inputlog": ">version dd3d52b8382d73d1dd2c67730c4067df325ab790\n>start {\"formatid\":\"gen7randombattle\",\"seed\":\"sodium,b2f8e0bfb0dff3fa5ba08dc4e81655aa\",\"rated\":\"Rated battle\"}\n>player p1 {\"name\":\"lkadjsfadfa\",\"avatar\":\"2\",\"rating\":1656,\"seed\":\"sodium,4740b380b4205b294f5ca436be21d37c\"}\n>player p2 {\"name\":\"tomiyasu188\",\"avatar\":\"170\",\"rating\":1743,\"seed\":\"sodium,66f32a352984d1871ff1693180f3b460\"}\n>p1 move flamethrower\n>p2 move knockoff\n>p1 move flamethrower\n>p2 switch 2\n>p1 switch 3\n>p2 move knockoff\n>p1 move headcharge\n>p2 move hydropump\n>p1 move headcharge\n>p2 move hydropump\n>p1 switch 2\n>p1 move return\n>p2 switch 6\n>p1 move return\n>p2 move knockoff\n>p2 switch 4\n>p1 move superfang\n>p2 move magmastorm\n>p1 move knockoff\n>p2 move protect\n>p1 switch 6\n>p1 move substitute\n>p2 move magmastorm\n>p1 move earthquake\n>p2 switch 3\n>p1 switch 3\n>p2 move icebeam\n>p1 move darkpulse\n>p2 move stealthrock\n>p1 move darkpulse\n>p2 switch 3\n>p1 move focusblast\n>p2 move protect\n>p1 move focusblast\n>p2 move magmastorm\n>p1 switch 5\n>p1 move liquidation\n>p2 move toxic\n>p2 switch 6\n>p1 move superpower\n>p2 move grassknot\n>p1 switch 4\n>p1 move knockoff\n>p2 move hydropump\n>p2 switch 5\n>p1 move closecombat\n>p2 switch 3\n>p1 move knockoff\n>p2 move icebeam\n>p2 switch 2\n>p1 switch 3\n>p2 switch 3\n>p1 move earthquake\n>p2 move liquidation\n>p1 move earthquake\n>p2 move swordsdance\n>p1 move earthquake\n>p2 move aquajet\n>p1 switch 3\n>p1 move knockoff\n>p2 move aquajet\n>p2 switch 3\n>p1 move closecombat\n>p2 move highjumpkick", "uploadtime": 1769063233, "views": 150, "formatid": "gen7randombattle", "rating": 1641, "private": 0, "password": null}