{"id": "gen7randombattle-2530930958", "format": "[Gen 7] Random Battle", "players": ["Lucky100x", "may/gen3"], "log": "|j|☆Lucky100x\n|j|☆may/gen3\n|t:|1769988697\n|gametype|singles\n|player|p1|Lucky100x|102|1727\n|player|p2|may/gen3|may|1780\n|gen|7\n|tier|[Gen 7] Random Battle\n|rated|\n|rule|Sleep Clause Mod: Limit one foe put to sleep\n|rule|HP Percentage Mod: HP is shown in percentages\n|rule|Illusion Level Mod: Illusion disguises the Pokémon's true level\n|\n|t:|1769988697\n|teamsize|p1|6\n|teamsize|p2|6\n|start\n|switch|p1a: Kricketune|Kricketune, L97, M|306/306\n|switch|p2a: Dodrio|Dodrio, L82, M|233/233\n|turn|1\n|inactive|Battle timer is ON: inactive players will automatically lose when time's up. (requested by may/gen3)\n|\n|t:|1769988706\n|switch|p2a: Bastiodon|Bastiodon, L94, F|265/265\n|move|p1a: Kricketune|Sticky Web|p2a: Bastiodon\n|-sidestart|p2: may/gen3|move: Sticky Web\n|\n|upkeep\n|turn|2\n|\n|t:|1769988709\n|move|p1a: Kricketune|Taunt|p2a: Bastiodon\n|-start|p2a: Bastiodon|move: Taunt\n|cant|p2a: Bastiodon|move: Taunt|Stealth Rock\n|\n|upkeep\n|turn|3\n|\n|t:|1769988716\n|switch|p1a: Bibarel|Bibarel, L90, M|289/289\n|move|p2a: Bastiodon|Rock Slide|p1a: Bibarel\n|-damage|p1a: Bibarel|210/289\n|\n|upkeep\n|turn|4\n|\n|t:|1769988723\n|switch|p2a: Malamar|Malamar, L80, M|269/269\n|-activate|p2a: Malamar|move: Sticky Web\n|-boost|p2a: Malamar|spe|1\n|move|p1a: Bibarel|Swords Dance|p1a: Bibarel\n|-boost|p1a: Bibarel|atk|4\n|\n|upkeep\n|turn|5\n|\n|t:|1769988739\n|move|p2a: Malamar|Superpower|p1a: Bibarel\n|-supereffective|p1a: Bibarel\n|-crit|p1a: Bibarel\n|-damage|p1a: Bibarel|0 fnt\n|-boost|p2a: Malamar|atk|1\n|-boost|p2a: Malamar|def|1\n|faint|p1a: Bibarel\n|\n|upkeep\n|c|☆Lucky100x|....\n|c|☆Lucky100x|ok\n|c|☆Lucky100x|gg\n|\n|t:|1769988747\n|switch|p1a: Kricketune|Kricketune, L97, M|306/306\n|turn|6\n|\n|t:|1769988751\n|switch|p2a: Bastiodon|Bastiodon, L94, F|265/265\n|-activate|p2a: Bastiodon|move: Sticky Web\n|-unboost|p2a: Bastiodon|spe|1\n|move|p1a: Kricketune|Leech Life|p2a: Bastiodon\n|-resisted|p2a: Bastiodon\n|-damage|p2a: Bastiodon|236/265\n|\n|-heal|p2a: Bastiodon|252/265|[from] item: Leftovers\n|upkeep\n|turn|7\n|\n|t:|1769988754\n|switch|p1a: Oranguru|Oranguru, L93, M|318/318\n|move|p2a: Bastiodon|Rock Slide|p1a: Oranguru\n|-damage|p1a: Oranguru|257/318\n|\n|-heal|p2a: Bastiodon|265/265|[from] item: Leftovers\n|upkeep\n|turn|8\n|\n|t:|1769988757\n|move|p1a: Oranguru|Focus Blast|p2a: Bastiodon|[miss]\n|-miss|p1a: Oranguru|p2a: Bastiodon\n|move|p2a: Bastiodon|Stealth Rock|p1a: Oranguru\n|-sidestart|p1: Lucky100x|move: Stealth Rock\n|\n|upkeep\n|turn|9\n|\n|t:|1769988761\n|switch|p2a: Sigilyph|Sigilyph, L85, F|261/261\n|move|p1a: Oranguru|Focus Blast|p2a: Sigilyph|[miss]\n|-miss|p1a: Oranguru|p2a: Sigilyph\n|\n|upkeep\n|turn|10\n|c|☆Lucky100x|lmao\n|\n|t:|1769988765\n|switch|p1a: Blacephalon|Blacephalon, L80|215/215\n|-damage|p1a: Blacephalon|162/215|[from] Stealth Rock\n|move|p2a: Sigilyph|Cosmic Power|p2a: Sigilyph\n|-boost|p2a: Sigilyph|def|1\n|-boost|p2a: Sigilyph|spd|1\n|\n|upkeep\n|turn|11\n|\n|t:|1769988770\n|move|p1a: Blacephalon|Calm Mind|p1a: Blacephalon\n|-boost|p1a: Blacephalon|spa|1\n|-boost|p1a: Blacephalon|spd|1\n|move|p2a: Sigilyph|Air Slash|p1a: Blacephalon\n|-damage|p1a: Blacephalon|84/215\n|\n|upkeep\n|turn|12\n|\n|t:|1769988776\n|switch|p2a: Dodrio|Dodrio, L82, M|233/233\n|-zpower|p1a: Blacephalon\n|move|p1a: Blacephalon|Inferno Overdrive|p2a: Dodrio|[zeffect]\n|-damage|p2a: Dodrio|0 fnt\n|faint|p2a: Dodrio\n|-ability|p1a: Blacephalon|Beast Boost|boost\n|-boost|p1a: Blacephalon|spa|1\n|\n|upkeep\n|\n|t:|1769988781\n|switch|p2a: Bastiodon|Bastiodon, L94, F|265/265\n|-activate|p2a: Bastiodon|move: Sticky Web\n|-unboost|p2a: Bastiodon|spe|1\n|turn|13\n|\n|t:|1769988785\n|move|p1a: Blacephalon|Fire Blast|p2a: Bastiodon\n|-damage|p2a: Bastiodon|82/265\n|move|p2a: Bastiodon|Rock Slide|p1a: Blacephalon\n|-supereffective|p1a: Blacephalon\n|-damage|p1a: Blacephalon|0 fnt\n|faint|p1a: Blacephalon\n|\n|-heal|p2a: Bastiodon|98/265|[from] item: Leftovers\n|upkeep\n|\n|t:|1769988794\n|switch|p1a: Oranguru|Oranguru, L93, M|257/318\n|-damage|p1a: Oranguru|218/318|[from] Stealth Rock\n|turn|14\n|\n|t:|1769988799\n|move|p1a: Oranguru|Thunderbolt|p2a: Bastiodon\n|-damage|p2a: Bastiodon|29/265\n|move|p2a: Bastiodon|Toxic|p1a: Oranguru\n|-status|p1a: Oranguru|tox\n|\n|-heal|p2a: Bastiodon|45/265|[from] item: Leftovers\n|-damage|p1a: Oranguru|199/318 tox|[from] psn\n|upkeep\n|turn|15\n|\n|t:|1769988802\n|switch|p2a: Wormadam|Wormadam-Sandy, L91, F|257/257\n|-activate|p2a: Wormadam|move: Sticky Web\n|-unboost|p2a: Wormadam|spe|1\n|move|p1a: Oranguru|Thunderbolt|p2a: Wormadam\n|-immune|p2a: Wormadam\n|\n|-damage|p1a: Oranguru|161/318 tox|[from] psn\n|upkeep\n|turn|16\n|\n|t:|1769988805\n|switch|p1a: Kricketune|Kricketune, L97, M|306/306\n|-damage|p1a: Kricketune|230/306|[from] Stealth Rock\n|move|p2a: Wormadam|Infestation|p1a: Kricketune\n|-damage|p1a: Kricketune|209/306\n|-activate|p1a: Kricketune|move: Infestation|[of] p2a: Wormadam\n|\n|-damage|p1a: Kricketune|171/306|[from] move: Infestation|[partiallytrapped]\n|upkeep\n|turn|17\n|\n|t:|1769988807\n|move|p1a: Kricketune|Leech Life|p2a: Wormadam\n|-damage|p2a: Wormadam|169/257\n|-heal|p1a: Kricketune|215/306|[from] drain|[of] p2a: Wormadam\n|move|p2a: Wormadam|Toxic|p1a: Kricketune\n|-status|p1a: Kricketune|tox\n|\n|-heal|p2a: Wormadam|185/257|[from] item: Leftovers\n|-damage|p1a: Kricketune|196/306 tox|[from] psn\n|-damage|p1a: Kricketune|158/306 tox|[from] move: Infestation|[partiallytrapped]\n|upkeep\n|turn|18\n|\n|t:|1769988811\n|move|p2a: Wormadam|Protect|p2a: Wormadam\n|-singleturn|p2a: Wormadam|Protect\n|move|p1a: Kricketune|Leech Life|p2a: Wormadam\n|-activate|p2a: Wormadam|move: Protect\n|\n|-heal|p2a: Wormadam|201/257|[from] item: Leftovers\n|-damage|p1a: Kricketune|120/306 tox|[from] psn\n|-damage|p1a: Kricketune|82/306 tox|[from] move: Infestation|[partiallytrapped]\n|upkeep\n|turn|19\n|\n|t:|1769988814\n|switch|p2a: Bastiodon|Bastiodon, L94, F|45/265\n|-activate|p2a: Bastiodon|move: Sticky Web\n|-unboost|p2a: Bastiodon|spe|1\n|move|p1a: Kricketune|Leech Life|p2a: Bastiodon\n|-resisted|p2a: Bastiodon\n|-damage|p2a: Bastiodon|5/265\n|-heal|p1a: Kricketune|102/306 tox|[from] drain|[of] p2a: Bastiodon\n|\n|-heal|p2a: Bastiodon|21/265|[from] item: Leftovers\n|-damage|p1a: Kricketune|45/306 tox|[from] psn\n|-end|p1a: Kricketune|Infestation|[partiallytrapped]|[silent]\n|upkeep\n|turn|20\n|\n|t:|1769988818\n|move|p1a: Kricketune|Leech Life|p2a: Bastiodon\n|-resisted|p2a: Bastiodon\n|-damage|p2a: Bastiodon|0 fnt\n|-heal|p1a: Kricketune|56/306 tox|[from] drain|[of] p2a: Bastiodon\n|faint|p2a: Bastiodon\n|\n|-damage|p1a: Kricketune|0 fnt|[from] psn\n|faint|p1a: Kricketune\n|upkeep\n|\n|t:|1769988823\n|switch|p1a: Oranguru|Oranguru, L93, M|161/318 tox\n|switch|p2a: Malamar|Malamar, L80, M|269/269\n|-damage|p1a: Oranguru|122/318 tox|[from] Stealth Rock\n|-activate|p2a: Malamar|move: Sticky Web\n|-boost|p2a: Malamar|spe|1\n|turn|21\n|\n|t:|1769988827\n|move|p2a: Malamar|Knock Off|p1a: Oranguru\n|-supereffective|p1a: Oranguru\n|-damage|p1a: Oranguru|0 fnt\n|-enditem|p1a: Oranguru|Choice Specs|[from] move: Knock Off|[of] p2a: Malamar\n|faint|p1a: Oranguru\n|\n|upkeep\n|\n|t:|1769988830\n|switch|p1a: Naganadel|Naganadel, L74|230/230\n|-damage|p1a: Naganadel|202/230|[from] Stealth Rock\n|turn|22\n|\n|t:|1769988834\n|move|p2a: Malamar|Psycho Cut|p1a: Naganadel\n|-supereffective|p1a: Naganadel\n|-damage|p1a: Naganadel|16/230\n|move|p1a: Naganadel|U-turn|p2a: Malamar\n|-supereffective|p2a: Malamar\n|-damage|p2a: Malamar|137/269\n|\n|t:|1769988837\n|switch|p1a: Latios|Latios, L79, M|256/256|[from] U-turn\n|-damage|p1a: Latios|224/256|[from] Stealth Rock\n|\n|upkeep\n|turn|23\n|\n|t:|1769988840\n|detailschange|p1a: Latios|Latios-Mega, L79, M\n|-mega|p1a: Latios|Latios|Latiosite\n|-zpower|p2a: Malamar\n|move|p2a: Malamar|Z-Happy Hour|p2a: Malamar|[anim]Happy Hour\n|-boost|p2a: Malamar|atk|1|[zeffect]\n|-boost|p2a: Malamar|def|1|[zeffect]\n|-boost|p2a: Malamar|spa|1|[zeffect]\n|-boost|p2a: Malamar|spd|1|[zeffect]\n|-boost|p2a: Malamar|spe|1|[zeffect]\n|move|p1a: Latios|Draco Meteor|p2a: Malamar\n|-crit|p2a: Malamar\n|-damage|p2a: Malamar|0 fnt\n|-unboost|p1a: Latios|spa|2\n|faint|p2a: Malamar\n|\n|upkeep\n|\n|t:|1769988843\n|switch|p2a: Wormadam|Wormadam-Sandy, L91, F|201/257\n|-activate|p2a: Wormadam|move: Sticky Web\n|-unboost|p2a: Wormadam|spe|1\n|turn|24\n|\n|t:|1769988846\n|switch|p1a: Naganadel|Naganadel, L74|16/230\n|-damage|p1a: Naganadel|0 fnt|[from] Stealth Rock\n|faint|p1a: Naganadel\n|move|p2a: Wormadam|Toxic|p1: Naganadel|[notarget]\n|-fail|p2a: Wormadam\n|\n|-heal|p2a: Wormadam|217/257|[from] item: Leftovers\n|upkeep\n|\n|t:|1769988848\n|switch|p1a: Latios|Latios-Mega, L79, M|224/256\n|-damage|p1a: Latios|192/256|[from] Stealth Rock\n|turn|25\n|c|☆Lucky100x|man that crit did it lmao\n|c|☆Lucky100x|gg\n|inactive|Lucky100x has 120 seconds left.\n|inactive|Lucky100x has 90 seconds left.\n|inactive|Lucky100x has 60 seconds left.\n|l|☆Lucky100x\n|inactive|Lucky100x disconnected and has a minute to reconnect!\n|player|p1|\n|inactive|Lucky100x has 30 seconds left.\n|inactive|Lucky100x has 20 seconds left.\n|inactive|Lucky100x has 15 seconds left.\n|inactive|Lucky100x has 10 seconds left.\n|inactive|Lucky100x has 5 seconds left.\n|-message|Lucky100x lost due to inactivity.\n|\n|win|may/gen3\n|raw|Lucky100x's rating: 1727 &rarr; <strong>1710</strong><br />(-17 for losing)\n|raw|may&#x2f;gen3's rating: 1780 &rarr; <strong>1797</strong><br />(+17 for winning)\n", "inputlog": ">version ccdc32dd7cde25fd9e4bed64820e885f66e78a4e\n>start {\"formatid\":\"gen7randombattle\",\"seed\":\"sodium,d501636459529b01a2b7f6ccc7b85b29\",\"rated\":\"Rated battle\"}\n>player p1 {\"name\":\"Lucky100x\",\"avatar\":\"102\",\"rating\":1727,\"seed\":\"sodium,bdf13631b6739636ab561c4dfb113ec1\"}\n>player p2 {\"name\":\"may/gen3\",\"avatar\":\"may\",\"rating\":1780,\"seed\":\"sodium,7ff3516c83e47806fd5d66a352818ffc\"}\n>p1 move stickyweb\n>p2 switch 4\n>p1 move taunt\n>p2 move stealthrock\n>p1 switch 4\n>p2 move rockslide\n>p1 move swordsdance\n>p2 switch 5\n>p1 move liquidation\n>p2 move superpower\n>chat ☆Lucky100x|....\n>chat ☆Lucky100x|ok\n>chat ☆Lucky100x|gg\n>p1 switch 4\n>p1 move leechlife\n>p2 switch 5\n>p1 switch 2\n>p2 move rockslide\n>p1 move focusblast\n>p2 move stealthrock\n>p1 move focusblast\n>p2 switch 2\n>chat ☆Lucky100x|lmao\n>p1 switch 6\n>p2 move cosmicpower\n>p1 move calmmind\n>p2 move airslash\n>p1 move fireblast zmove\n>p2 switch 4\n>p2 switch 2\n>p1 move fireblast\n>p2 move rockslide\n>p1 switch 6\n>p1 move thunderbolt\n>p2 move toxic\n>p1 move thunderbolt\n>p2 switch 3\n>p1 switch 2\n>p2 move infestation\n>p1 move leechlife\n>p2 move toxic\n>p1 move leechlife\n>p2 move protect\n>p1 move leechlife\n>p2 switch 3\n>p1 move leechlife\n>p2 move roar\n>p1 switch 2\n>p2 switch 5\n>p1 move naturepower\n>p2 move knockoff\n>p1 switch 5\n>p1 move uturn\n>p2 move psychocut\n>p1 switch 3\n>p1 move dracometeor mega\n>p2 move happyhour zmove\n>p2 switch 3\n>p1 switch 3\n>p2 move toxic\n>p1 switch 3\n>chat ☆Lucky100x|man that crit did it lmao\n>chat ☆Lucky100x|gg\n>forcelose p1", "uploadtime": 1769989007, "views": 187, "formatid": "gen7randombattle", "rating": 1710, "private": 0, "password": null}