{"id": "gen7randombattle-2529638564", "format": "[Gen 7] Random Battle", "players": ["I am G-d", "cobratate1"], "log": "|j|☆I am G-d\n|j|☆cobratate1\n|t:|1769806652\n|gametype|singles\n|player|p1|I am G-d|cynthia-masters|1584\n|player|p2|cobratate1|giovanni|1542\n|gen|7\n|tier|[Gen 7] Random Battle\n|rated|\n|rule|Sleep Clause Mod: Limit one foe put to sleep\n|rule|HP Percentage Mod: HP is shown in percentages\n|rule|Illusion Level Mod: Illusion disguises the Pokémon's true level\n|\n|t:|1769806652\n|teamsize|p1|6\n|teamsize|p2|6\n|start\n|switch|p1a: Mewtwo|Mewtwo, L72|272/272\n|switch|p2a: Wailord|Wailord, L94, M|471/471\n|-ability|p1a: Mewtwo|Unnerve\n|turn|1\n|inactive|Battle timer is ON: inactive players will automatically lose when time's up. (requested by cobratate1)\n|\n|t:|1769806659\n|switch|p1a: Palkia|Palkia, L75|259/259\n|-ability|p1a: Palkia|Pressure\n|move|p2a: Wailord|Water Spout|p1a: Palkia\n|-resisted|p1a: Palkia\n|-damage|p1a: Palkia|220/259\n|\n|upkeep\n|turn|2\n|\n|t:|1769806668\n|switch|p2a: Meowstic|Meowstic-F, L91, F|283/283\n|move|p1a: Palkia|Hydro Pump|p2a: Meowstic\n|-damage|p2a: Meowstic|99/283\n|\n|upkeep\n|turn|3\n|\n|t:|1769806679\n|move|p2a: Meowstic|Psychic|p1a: Palkia\n|-damage|p1a: Palkia|115/259\n|-damage|p2a: Meowstic|71/283|[from] item: Life Orb\n|move|p1a: Palkia|Hydro Pump|p2a: Meowstic\n|-damage|p2a: Meowstic|0 fnt\n|faint|p2a: Meowstic\n|\n|upkeep\n|\n|t:|1769806698\n|switch|p2a: Hawlucha|Hawlucha, L78, M|248/248\n|turn|4\n|\n|t:|1769806712\n|switch|p1a: Salamence|Salamence, L70, F|249/249\n|-ability|p1a: Salamence|Intimidate|boost\n|-unboost|p2a: Hawlucha|atk|1\n|move|p2a: Hawlucha|Substitute|p2a: Hawlucha\n|-start|p2a: Hawlucha|Substitute\n|-damage|p2a: Hawlucha|186/248\n|\n|upkeep\n|turn|5\n|\n|t:|1769806729\n|detailschange|p1a: Salamence|Salamence-Mega, L70, F\n|-mega|p1a: Salamence|Salamence|Salamencite\n|move|p2a: Hawlucha|Swords Dance|p2a: Hawlucha\n|-boost|p2a: Hawlucha|atk|2\n|move|p1a: Salamence|Double-Edge|p2a: Hawlucha\n|-supereffective|p2a: Hawlucha\n|-end|p2a: Hawlucha|Substitute\n|-damage|p1a: Salamence|229/249|[from] Recoil|[of] p2a: Hawlucha\n|\n|upkeep\n|turn|6\n|\n|t:|1769806738\n|move|p2a: Hawlucha|Substitute|p2a: Hawlucha\n|-start|p2a: Hawlucha|Substitute\n|-damage|p2a: Hawlucha|124/248\n|-enditem|p2a: Hawlucha|Sitrus Berry|[eat]\n|-heal|p2a: Hawlucha|186/248|[from] item: Sitrus Berry\n|move|p1a: Salamence|Double-Edge|p2a: Hawlucha\n|-supereffective|p2a: Hawlucha\n|-end|p2a: Hawlucha|Substitute\n|-damage|p1a: Salamence|209/249|[from] Recoil|[of] p2a: Hawlucha\n|\n|upkeep\n|turn|7\n|\n|t:|1769806743\n|move|p2a: Hawlucha|Acrobatics|p1a: Salamence\n|-damage|p1a: Salamence|77/249\n|move|p1a: Salamence|Double-Edge|p2a: Hawlucha\n|-supereffective|p2a: Hawlucha\n|-damage|p2a: Hawlucha|0 fnt\n|faint|p2a: Hawlucha\n|-damage|p1a: Salamence|16/249|[from] Recoil\n|\n|upkeep\n|\n|t:|1769806748\n|switch|p2a: Claydol|Claydol, L89|252/252\n|turn|8\n|\n|t:|1769806754\n|move|p1a: Salamence|Roost|p1a: Salamence\n|-heal|p1a: Salamence|141/249\n|-singleturn|p1a: Salamence|move: Roost\n|move|p2a: Claydol|Ice Beam|p1a: Salamence\n|-supereffective|p1a: Salamence\n|-damage|p1a: Salamence|5/249\n|\n|upkeep\n|turn|9\n|\n|t:|1769806767\n|move|p1a: Salamence|Double-Edge|p2a: Claydol\n|-damage|p2a: Claydol|128/252\n|-damage|p1a: Salamence|0 fnt|[from] Recoil\n|faint|p1a: Salamence\n|detailschange|p1: Salamence|Salamence, L70, F|[silent]\n|move|p2a: Claydol|Ice Beam|p1: Salamence|[notarget]\n|-fail|p2a: Claydol\n|\n|-heal|p2a: Claydol|143/252|[from] item: Leftovers\n|upkeep\n|\n|t:|1769806771\n|switch|p1a: Palkia|Palkia, L75|115/259\n|-ability|p1a: Palkia|Pressure\n|turn|10\n|\n|t:|1769806789\n|move|p1a: Palkia|Hydro Pump|p2a: Claydol\n|-supereffective|p2a: Claydol\n|-damage|p2a: Claydol|0 fnt\n|faint|p2a: Claydol\n|\n|upkeep\n|\n|t:|1769806793\n|switch|p2a: Wailord|Wailord, L94, M|471/471\n|turn|11\n|\n|t:|1769806802\n|switch|p1a: Floette|Floette-Eternal, L83, F|259/259\n|move|p2a: Wailord|Ice Beam|p1a: Floette\n|-damage|p1a: Floette|201/259\n|\n|upkeep\n|turn|12\n|\n|t:|1769806813\n|switch|p2a: Marowak|Marowak-Alola, L86, M|243/243\n|move|p1a: Floette|Moonblast|p2a: Marowak\n|-resisted|p2a: Marowak\n|-damage|p2a: Marowak|150/243\n|-unboost|p2a: Marowak|spa|1\n|\n|upkeep\n|turn|13\n|\n|t:|1769806832\n|switch|p1a: Palkia|Palkia, L75|115/259\n|-ability|p1a: Palkia|Pressure\n|move|p2a: Marowak|Flare Blitz|p1a: Palkia\n|-resisted|p1a: Palkia\n|-damage|p1a: Palkia|61/259\n|\n|upkeep\n|turn|14\n|\n|t:|1769806839\n|move|p1a: Palkia|Hydro Pump|p2a: Marowak\n|-supereffective|p2a: Marowak\n|-damage|p2a: Marowak|0 fnt\n|faint|p2a: Marowak\n|\n|upkeep\n|\n|t:|1769806840\n|switch|p2a: Ho-Oh|Ho-Oh, L72|272/272\n|turn|15\n|\n|t:|1769806842\n|move|p1a: Palkia|Hydro Pump|p2a: Ho-Oh|[miss]\n|-miss|p1a: Palkia|p2a: Ho-Oh\n|move|p2a: Ho-Oh|Brave Bird|p1a: Palkia\n|-damage|p1a: Palkia|0 fnt\n|faint|p1a: Palkia\n|-damage|p2a: Ho-Oh|252/272|[from] Recoil\n|\n|-heal|p2a: Ho-Oh|269/272|[from] item: Leftovers\n|upkeep\n|\n|t:|1769806845\n|switch|p1a: Lunatone|Lunatone, L93|318/318\n|turn|16\n|\n|t:|1769806855\n|switch|p2a: Wailord|Wailord, L94, M|471/471\n|move|p1a: Lunatone|Power Gem|p2a: Wailord\n|-damage|p2a: Wailord|329/471\n|\n|upkeep\n|turn|17\n|\n|t:|1769806860\n|switch|p1a: Floette|Floette-Eternal, L83, F|201/259\n|move|p2a: Wailord|Hydro Pump|p1a: Floette\n|-damage|p1a: Floette|93/259\n|\n|upkeep\n|turn|18\n|\n|t:|1769806870\n|move|p2a: Wailord|Hydro Pump|p1a: Floette\n|-damage|p1a: Floette|0 fnt\n|faint|p1a: Floette\n|\n|upkeep\n|\n|t:|1769806874\n|switch|p1a: Mewtwo|Mewtwo, L72|272/272\n|-ability|p1a: Mewtwo|Unnerve\n|turn|19\n|\n|t:|1769806883\n|move|p2a: Wailord|Hydro Pump|p1a: Mewtwo\n|-damage|p1a: Mewtwo|110/272\n|move|p1a: Mewtwo|Calm Mind|p1a: Mewtwo\n|-boost|p1a: Mewtwo|spa|1\n|-boost|p1a: Mewtwo|spd|1\n|\n|upkeep\n|turn|20\n|\n|t:|1769806886\n|move|p2a: Wailord|Hydro Pump|p1a: Mewtwo\n|-damage|p1a: Mewtwo|1/272\n|move|p1a: Mewtwo|Recover|p1a: Mewtwo\n|-heal|p1a: Mewtwo|137/272\n|\n|upkeep\n|turn|21\n|\n|t:|1769806890\n|move|p2a: Wailord|Hydro Pump|p1a: Mewtwo|[miss]\n|-miss|p2a: Wailord|p1a: Mewtwo\n|move|p1a: Mewtwo|Psystrike|p2a: Wailord\n|-damage|p2a: Wailord|17/471\n|-damage|p1a: Mewtwo|110/272|[from] item: Life Orb\n|\n|upkeep\n|turn|22\n|\n|t:|1769806893\n|move|p2a: Wailord|Hydro Pump|p1a: Mewtwo\n|-damage|p1a: Mewtwo|0 fnt\n|faint|p1a: Mewtwo\n|\n|upkeep\n|\n|t:|1769806900\n|switch|p1a: Ho-Oh|Ho-Oh, L72|272/272\n|turn|23\n|\n|t:|1769806910\n|switch|p2a: Ho-Oh|Ho-Oh, L72|272/272\n|move|p1a: Ho-Oh|Brave Bird|p2a: Ho-Oh\n|-damage|p2a: Ho-Oh|137/272\n|-damage|p1a: Ho-Oh|227/272|[from] Recoil\n|\n|-heal|p2a: Ho-Oh|154/272|[from] item: Leftovers\n|-heal|p1a: Ho-Oh|244/272|[from] item: Leftovers\n|upkeep\n|turn|24\n|\n|t:|1769806914\n|switch|p1a: Lunatone|Lunatone, L93|318/318\n|move|p2a: Ho-Oh|Roost|p2a: Ho-Oh\n|-heal|p2a: Ho-Oh|272/272\n|-singleturn|p2a: Ho-Oh|move: Roost\n|\n|upkeep\n|turn|25\n|\n|t:|1769806920\n|move|p1a: Lunatone|Stealth Rock|p2a: Ho-Oh\n|-sidestart|p2: cobratate1|move: Stealth Rock\n|move|p2a: Ho-Oh|Toxic|p1a: Lunatone\n|-status|p1a: Lunatone|tox\n|\n|-damage|p1a: Lunatone|299/318 tox|[from] psn\n|upkeep\n|turn|26\n|\n|t:|1769806925\n|move|p1a: Lunatone|Power Gem|p2a: Ho-Oh\n|-supereffective|p2a: Ho-Oh\n|-damage|p2a: Ho-Oh|0 fnt\n|faint|p2a: Ho-Oh\n|\n|-heal|p1a: Lunatone|318/318 tox|[from] item: Leftovers\n|-damage|p1a: Lunatone|280/318 tox|[from] psn\n|upkeep\n|\n|t:|1769806927\n|switch|p2a: Wailord|Wailord, L94, M|17/471\n|-damage|p2a: Wailord|0 fnt|[from] Stealth Rock\n|faint|p2a: Wailord\n|\n|win|I am G-d\n|raw|I am G-d's rating: 1584 &rarr; <strong>1602</strong><br />(+18 for winning)\n|raw|cobratate1's rating: 1542 &rarr; <strong>1524</strong><br />(-18 for losing)\n|l|☆cobratate1\n|player|p2|\n|c|☆I am G-d|Gg\n", "inputlog": ">version b99ff0165a6231f17e8b78c2a78d1998375de664\n>start {\"formatid\":\"gen7randombattle\",\"seed\":\"sodium,926711230c78239a69415eec05f40a7f\",\"rated\":\"Rated battle\"}\n>player p1 {\"name\":\"I am G-d\",\"avatar\":\"cynthia-masters\",\"rating\":1584,\"seed\":\"sodium,768bfa596400e0c2c03bd6b90b1bfc56\"}\n>player p2 {\"name\":\"cobratate1\",\"avatar\":\"giovanni\",\"rating\":1542,\"seed\":\"sodium,e5c005d29146b144235e31e2141cd57a\"}\n>p1 switch 5\n>p2 move waterspout\n>p1 move hydropump\n>p2 switch 6\n>p1 move hydropump\n>p2 move psychic\n>p2 switch 3\n>p1 switch 3\n>p2 move substitute\n>p1 move doubleedge mega\n>p2 move swordsdance\n>p1 move doubleedge\n>p2 move substitute\n>p1 move doubleedge\n>p2 move acrobatics\n>p2 switch 4\n>p1 move roost\n>p2 move icebeam\n>p1 move doubleedge\n>p2 move icebeam\n>p1 switch 3\n>p1 move hydropump\n>p2 move earthquake\n>p2 switch 6\n>p1 switch 6\n>p2 move icebeam\n>p1 move moonblast\n>p2 switch 5\n>p1 switch 6\n>p2 move flareblitz\n>p1 move hydropump\n>p2 move shadowbone\n>p2 switch 2\n>p1 move hydropump\n>p2 move bravebird\n>p1 switch 4\n>p1 move powergem\n>p2 switch 5\n>p1 switch 6\n>p2 move hydropump\n>p1 move lightofruin\n>p2 move hydropump\n>p1 switch 5\n>p1 move calmmind\n>p2 move hydropump\n>p1 move recover\n>p2 move hydropump\n>p1 move psystrike\n>p2 move hydropump\n>p1 move psystrike\n>p2 move hydropump\n>p1 switch 2\n>p1 move bravebird\n>p2 switch 5\n>p1 switch 6\n>p2 move roost\n>p1 move stealthrock\n>p2 move toxic\n>p1 move powergem\n>p2 move roost\n>p2 switch 5", "uploadtime": 1769806929, "views": 184, "formatid": "gen7randombattle", "rating": 1524, "private": 0, "password": null}