{"id": "gen7randombattle-2539421543", "format": "[Gen 7] Random Battle", "players": ["may/gen3", "aurora ltd"], "log": "|j|☆may/gen3\n|j|☆aurora ltd\n|t:|1771055172\n|gametype|singles\n|player|p1|may/gen3|may|1716\n|player|p2|aurora ltd|1|1633\n|gen|7\n|tier|[Gen 7] Random Battle\n|rated|\n|rule|Sleep Clause Mod: Limit one foe put to sleep\n|rule|HP Percentage Mod: HP is shown in percentages\n|rule|Illusion Level Mod: Illusion disguises the Pokémon's true level\n|\n|t:|1771055172\n|teamsize|p1|6\n|teamsize|p2|6\n|start\n|switch|p1a: Castform|Castform, L99, M|299/299\n|switch|p2a: Mawile|Mawile, L89, M|234/234\n|-ability|p2a: Mawile|Intimidate|boost\n|-unboost|p1a: Castform|atk|1\n|turn|1\n|inactive|Battle timer is ON: inactive players will automatically lose when time's up. (requested by may/gen3)\n|c|☆may/gen3|hi\n|inactive|aurora ltd has 120 seconds left.\n|\n|t:|1771055242\n|switch|p1a: Rapidash|Rapidash, L87, M|255/255\n|switch|p2a: Poliwrath|Poliwrath, L91, M|312/312\n|\n|upkeep\n|turn|2\n|\n|t:|1771055263\n|move|p1a: Rapidash|Will-O-Wisp|p2a: Poliwrath|[miss]\n|-miss|p1a: Rapidash|p2a: Poliwrath\n|move|p2a: Poliwrath|Rain Dance|p2a: Poliwrath\n|-weather|RainDance\n|\n|-weather|RainDance|[upkeep]\n|upkeep\n|turn|3\n|\n|t:|1771055284\n|switch|p1a: Bellossom|Bellossom, L88, M|275/275\n|move|p2a: Poliwrath|Waterfall|p1a: Bellossom\n|-resisted|p1a: Bellossom\n|-damage|p1a: Bellossom|188/275\n|-damage|p2a: Poliwrath|281/312|[from] item: Life Orb\n|\n|-weather|RainDance|[upkeep]\n|-heal|p1a: Bellossom|205/275|[from] item: Leftovers\n|upkeep\n|turn|4\n|inactive|aurora ltd has 120 seconds left.\n|\n|t:|1771055303\n|move|p2a: Poliwrath|Ice Punch|p1a: Bellossom\n|-supereffective|p1a: Bellossom\n|-damage|p1a: Bellossom|67/275\n|-damage|p2a: Poliwrath|250/312|[from] item: Life Orb\n|move|p1a: Bellossom|Giga Drain|p2a: Poliwrath\n|-supereffective|p2a: Poliwrath\n|-damage|p2a: Poliwrath|100/312\n|-heal|p1a: Bellossom|142/275|[from] drain|[of] p2a: Poliwrath\n|\n|-weather|RainDance|[upkeep]\n|-heal|p1a: Bellossom|159/275|[from] item: Leftovers\n|upkeep\n|turn|5\n|\n|t:|1771055313\n|move|p2a: Poliwrath|Ice Punch|p1a: Bellossom\n|-supereffective|p1a: Bellossom\n|-damage|p1a: Bellossom|21/275\n|-damage|p2a: Poliwrath|69/312|[from] item: Life Orb\n|move|p1a: Bellossom|Strength Sap|p2a: Poliwrath\n|-unboost|p2a: Poliwrath|atk|1\n|-heal|p1a: Bellossom|246/275\n|\n|-weather|RainDance|[upkeep]\n|-heal|p1a: Bellossom|263/275|[from] item: Leftovers\n|upkeep\n|turn|6\n|inactive|aurora ltd has 120 seconds left.\n|\n|t:|1771055339\n|switch|p2a: Audino|Audino, L92, M|339/339\n|move|p1a: Bellossom|Quiver Dance|p1a: Bellossom\n|-boost|p1a: Bellossom|spa|1\n|-boost|p1a: Bellossom|spd|1\n|-boost|p1a: Bellossom|spe|1\n|\n|-weather|none\n|-heal|p1a: Bellossom|275/275|[from] item: Leftovers\n|upkeep\n|turn|7\n|inactive|aurora ltd has 120 seconds left.\n|\n|t:|1771055348\n|switch|p1a: Zangoose|Zangoose, L86, F|266/266\n|detailschange|p2a: Audino|Audino-Mega, L92, M\n|-mega|p2a: Audino|Audino|Audinite\n|move|p2a: Audino|Toxic|p1a: Zangoose\n|-status|p1a: Zangoose|tox\n|\n|-damage|p1a: Zangoose|250/266 tox|[from] psn\n|upkeep\n|turn|8\n|inactive|aurora ltd has 120 seconds left.\n|\n|t:|1771055363\n|switch|p2a: Mawile|Mawile, L89, M|234/234\n|-ability|p2a: Mawile|Intimidate|boost\n|-unboost|p1a: Zangoose|atk|1\n|move|p1a: Zangoose|Facade|p2a: Mawile\n|-resisted|p2a: Mawile\n|-damage|p2a: Mawile|149/234\n|\n|-heal|p2a: Mawile|163/234|[from] item: Leftovers\n|-damage|p1a: Zangoose|218/266 tox|[from] psn\n|upkeep\n|turn|9\n|inactive|aurora ltd has 120 seconds left.\n|\n|t:|1771055393\n|switch|p1a: Rapidash|Rapidash, L87, M|255/255\n|move|p2a: Mawile|Play Rough|p1a: Rapidash|[miss]\n|-miss|p2a: Mawile|p1a: Rapidash\n|\n|-heal|p2a: Mawile|177/234|[from] item: Leftovers\n|upkeep\n|turn|10\n|\n|t:|1771055401\n|switch|p2a: Poliwrath|Poliwrath, L91, M|69/312\n|move|p1a: Rapidash|Flare Blitz|p2a: Poliwrath\n|-resisted|p2a: Poliwrath\n|-damage|p2a: Poliwrath|6/312\n|-status|p2a: Poliwrath|brn\n|-damage|p1a: Rapidash|234/255|[from] Recoil\n|\n|-heal|p1a: Rapidash|249/255|[from] item: Leftovers\n|-damage|p2a: Poliwrath|0 fnt|[from] brn\n|faint|p2a: Poliwrath\n|upkeep\n|\n|t:|1771055421\n|switch|p2a: Slowking|Slowking, L89, M|314/314\n|turn|11\n|inactive|aurora ltd has 90 seconds left.\n|\n|t:|1771055451\n|switch|p1a: Castform|Castform, L99, M|299/299\n|move|p2a: Slowking|Ice Beam|p1a: Castform\n|-damage|p1a: Castform|246/299\n|-status|p1a: Castform|frz\n|\n|upkeep\n|turn|12\n|\n|t:|1771055475\n|switch|p2a: Mawile|Mawile, L89, M|177/234\n|-ability|p2a: Mawile|Intimidate|boost\n|-unboost|p1a: Castform|atk|1\n|-curestatus|p1a: Castform|frz|[from] move: Scald\n|move|p1a: Castform|Scald|p2a: Mawile\n|-damage|p2a: Mawile|90/234\n|\n|-heal|p2a: Mawile|104/234|[from] item: Leftovers\n|upkeep\n|turn|13\n|\n|t:|1771055489\n|move|p1a: Castform|Thunderbolt|p2a: Mawile\n|-damage|p2a: Mawile|15/234\n|move|p2a: Mawile|Play Rough|p1a: Castform\n|-damage|p1a: Castform|149/299\n|\n|-heal|p2a: Mawile|29/234|[from] item: Leftovers\n|upkeep\n|turn|14\n|\n|t:|1771055495\n|move|p1a: Castform|Scald|p2a: Mawile\n|-damage|p2a: Mawile|0 fnt\n|faint|p2a: Mawile\n|\n|upkeep\n|\n|t:|1771055505\n|switch|p2a: Audino|Audino-Mega, L92, M|339/339\n|turn|15\n|\n|t:|1771055524\n|switch|p1a: Zangoose|Zangoose, L86, F|218/266 tox\n|move|p2a: Audino|Toxic|p1a: Zangoose\n|-fail|p1a: Zangoose|tox\n|\n|-damage|p1a: Zangoose|202/266 tox|[from] psn\n|upkeep\n|turn|16\n|inactive|aurora ltd has 60 seconds left.\n|\n|t:|1771055540\n|switch|p1a: Palossand|Palossand, L89, F|296/296\n|move|p2a: Audino|Wish|p2a: Audino\n|\n|upkeep\n|turn|17\n|inactive|aurora ltd has 60 seconds left.\n|\n|t:|1771055554\n|move|p2a: Audino|Toxic|p1a: Palossand\n|-status|p1a: Palossand|tox\n|move|p1a: Palossand|Toxic|p2a: Audino\n|-status|p2a: Audino|tox\n|\n|-damage|p2a: Audino|318/339 tox|[from] psn\n|-damage|p1a: Palossand|278/296 tox|[from] psn\n|upkeep\n|turn|18\n|inactive|aurora ltd has 60 seconds left.\n|\n|t:|1771055565\n|switch|p1a: Castform|Castform, L99, M|149/299\n|move|p2a: Audino|Dazzling Gleam|p1a: Castform\n|-damage|p1a: Castform|92/299\n|\n|-damage|p2a: Audino|276/339 tox|[from] psn\n|upkeep\n|turn|19\n|\n|t:|1771055573\n|move|p1a: Castform|Return|p2a: Audino\n|-damage|p2a: Audino|200/339 tox\n|move|p2a: Audino|Toxic|p1a: Castform\n|-status|p1a: Castform|tox\n|\n|-damage|p1a: Castform|74/299 tox|[from] psn\n|-damage|p2a: Audino|137/339 tox|[from] psn\n|upkeep\n|turn|20\n|\n|t:|1771055581\n|move|p1a: Castform|Return|p2a: Audino\n|-crit|p2a: Audino\n|-damage|p2a: Audino|22/339 tox\n|move|p2a: Audino|Dazzling Gleam|p1a: Castform\n|-damage|p1a: Castform|10/299 tox\n|\n|-damage|p1a: Castform|0 fnt|[from] psn\n|faint|p1a: Castform\n|-damage|p2a: Audino|0 fnt|[from] psn\n|faint|p2a: Audino\n|detailschange|p2: Audino|Audino, L92, M|[silent]\n|upkeep\n|inactive|aurora ltd has 60 seconds left.\n|\n|t:|1771055602\n|switch|p1a: Zangoose|Zangoose, L86, F|202/266 tox\n|switch|p2a: Gumshoos|Gumshoos, L94, M|318/318\n|turn|21\n|inactive|aurora ltd has 60 seconds left.\n|\n|t:|1771055626\n|switch|p2a: Stunfisk|Stunfisk, L88, F|335/335\n|move|p1a: Zangoose|Close Combat|p2a: Stunfisk\n|-damage|p2a: Stunfisk|186/335\n|-unboost|p1a: Zangoose|def|1\n|-unboost|p1a: Zangoose|spd|1\n|\n|-heal|p2a: Stunfisk|206/335|[from] item: Leftovers\n|-damage|p1a: Zangoose|186/266 tox|[from] psn\n|upkeep\n|turn|22\n|\n|t:|1771055640\n|switch|p1a: Rotom|Rotom-Mow, L86|226/226\n|move|p2a: Stunfisk|Stealth Rock|p1a: Rotom\n|-sidestart|p1: may/gen3|move: Stealth Rock\n|\n|-heal|p2a: Stunfisk|226/335|[from] item: Leftovers\n|upkeep\n|turn|23\n|\n|t:|1771055651\n|switch|p2a: Gumshoos|Gumshoos, L94, M|318/318\n|move|p1a: Rotom|Leaf Storm|p2a: Gumshoos\n|-damage|p2a: Gumshoos|63/318\n|-unboost|p1a: Rotom|spa|2\n|-damage|p1a: Rotom|204/226|[from] item: Life Orb\n|\n|upkeep\n|turn|24\n|\n|t:|1771055667\n|move|p1a: Rotom|Leaf Storm|p2a: Gumshoos\n|-damage|p2a: Gumshoos|0 fnt\n|-unboost|p1a: Rotom|spa|2\n|faint|p2a: Gumshoos\n|-damage|p1a: Rotom|182/226|[from] item: Life Orb\n|\n|upkeep\n|\n|t:|1771055672\n|switch|p2a: Slowking|Slowking, L89, M|314/314\n|turn|25\n|\n|t:|1771055679\n|switch|p1a: Bellossom|Bellossom, L88, M|275/275\n|-damage|p1a: Bellossom|241/275|[from] Stealth Rock\n|move|p2a: Slowking|Ice Beam|p1a: Bellossom\n|-supereffective|p1a: Bellossom\n|-damage|p1a: Bellossom|115/275\n|\n|-heal|p1a: Bellossom|132/275|[from] item: Leftovers\n|upkeep\n|turn|26\n|\n|t:|1771055690\n|move|p1a: Bellossom|Giga Drain|p2a: Slowking\n|-supereffective|p2a: Slowking\n|-damage|p2a: Slowking|230/314\n|-heal|p1a: Bellossom|174/275|[from] drain|[of] p2a: Slowking\n|move|p2a: Slowking|Ice Beam|p1a: Bellossom\n|-supereffective|p1a: Bellossom\n|-damage|p1a: Bellossom|54/275\n|\n|-heal|p1a: Bellossom|71/275|[from] item: Leftovers\n|upkeep\n|turn|27\n|\n|t:|1771055713\n|move|p1a: Bellossom|Giga Drain|p2a: Slowking\n|-supereffective|p2a: Slowking\n|-damage|p2a: Slowking|140/314\n|-heal|p1a: Bellossom|116/275|[from] drain|[of] p2a: Slowking\n|move|p2a: Slowking|Ice Beam|p1a: Bellossom\n|-supereffective|p1a: Bellossom\n|-damage|p1a: Bellossom|0 fnt\n|faint|p1a: Bellossom\n|\n|upkeep\n|\n|t:|1771055716\n|switch|p1a: Zangoose|Zangoose, L86, F|186/266 tox\n|-damage|p1a: Zangoose|153/266 tox|[from] Stealth Rock\n|turn|28\n|\n|t:|1771055724\n|switch|p2a: Stunfisk|Stunfisk, L88, F|226/335\n|move|p1a: Zangoose|Facade|p2a: Stunfisk\n|-damage|p2a: Stunfisk|0 fnt\n|faint|p2a: Stunfisk\n|\n|-damage|p1a: Zangoose|137/266 tox|[from] psn\n|upkeep\n|\n|t:|1771055732\n|switch|p2a: Slowking|Slowking, L89, M|244/314\n|turn|29\n|\n|t:|1771055751\n|move|p1a: Zangoose|Facade|p2a: Slowking\n|-damage|p2a: Slowking|0 fnt\n|faint|p2a: Slowking\n|\n|win|may/gen3\n|raw|may&#x2f;gen3's rating: 1716 &rarr; <strong>1731</strong><br />(+15 for winning)\n|raw|aurora ltd's rating: 1633 &rarr; <strong>1618</strong><br />(-15 for losing)\n|l|☆may/gen3\n|player|p1|\n", "inputlog": ">version ccdc32dd7cde25fd9e4bed64820e885f66e78a4e\n>start {\"formatid\":\"gen7randombattle\",\"seed\":\"sodium,5621baaf1612c95ac04c37738308b6f1\",\"rated\":\"Rated battle\"}\n>player p1 {\"name\":\"may/gen3\",\"avatar\":\"may\",\"rating\":1716,\"seed\":\"sodium,24709aee55728af723cb738de1bda24d\"}\n>player p2 {\"name\":\"aurora ltd\",\"avatar\":\"1\",\"rating\":1633,\"seed\":\"sodium,41bf495be902c014589fc029ae18d085\"}\n>chat ☆may/gen3|hi\n>p1 switch 6\n>p2 switch 6\n>p1 move willowisp\n>p2 move raindance\n>p1 switch 2\n>p2 move waterfall\n>p1 move gigadrain\n>p2 move icepunch\n>p1 move strengthsap\n>p2 move icepunch\n>p1 move quiverdance\n>p2 switch 3\n>p1 switch 3\n>p2 move toxic mega\n>p1 move facade\n>p2 switch 6\n>p1 switch 2\n>p2 move playrough\n>p1 move flareblitz\n>p2 switch 3\n>p2 switch 2\n>p1 switch 6\n>p2 move icebeam\n>p1 move scald\n>p2 switch 3\n>p1 move thunderbolt\n>p2 move playrough\n>p1 move scald\n>p2 move playrough\n>p2 switch 6\n>p1 switch 2\n>p2 move toxic\n>p1 switch 5\n>p2 move wish\n>p1 move toxic\n>p2 move toxic\n>p1 switch 2\n>p2 move dazzlinggleam\n>p1 move return\n>p2 move toxic\n>p1 move return\n>p2 move dazzlinggleam\n>p1 switch 5\n>p2 switch 4\n>p1 move closecombat\n>p2 switch 5\n>p1 switch 4\n>p2 move stealthrock\n>p1 move leafstorm\n>p2 switch 5\n>p1 move leafstorm\n>p2 move return\n>p2 switch 3\n>p1 switch 3\n>p2 move icebeam\n>p1 move gigadrain\n>p2 move icebeam\n>p1 move gigadrain\n>p2 move icebeam\n>p1 switch 4\n>p1 move facade\n>p2 switch 5\n>p2 switch 5\n>p1 move facade\n>p2 move scald", "uploadtime": 1771055770, "views": 152, "formatid": "gen7randombattle", "rating": 1618, "private": 0, "password": null}