{"id": "gen7randombattle-2532084232", "format": "[Gen 7] Random Battle", "players": ["superwooper96", "INSANE CARZY GUY"], "log": "|j|☆superwooper96\n|j|☆INSANE CARZY GUY\n|t:|1770138593\n|gametype|singles\n|player|p1|superwooper96|ninjaboy|1704\n|player|p2|INSANE CARZY GUY|pilot|1737\n|gen|7\n|tier|[Gen 7] Random Battle\n|rated|\n|rule|Sleep Clause Mod: Limit one foe put to sleep\n|rule|HP Percentage Mod: HP is shown in percentages\n|rule|Illusion Level Mod: Illusion disguises the Pokémon's true level\n|\n|t:|1770138593\n|teamsize|p1|6\n|teamsize|p2|6\n|start\n|switch|p1a: Electivire|Electivire, L86, M|269/269\n|switch|p2a: Raichu|Raichu, L88, F|249/249\n|turn|1\n|c|☆INSANE CARZY GUY|gl hf\n|c|☆superwooper96|u2\n|\n|t:|1770138605\n|switch|p2a: Palossand|Palossand, L89, M|296/296\n|move|p1a: Electivire|Ice Punch|p2a: Palossand\n|-supereffective|p2a: Palossand\n|-damage|p2a: Palossand|136/296\n|\n|-heal|p2a: Palossand|154/296|[from] item: Leftovers\n|upkeep\n|turn|2\n|inactive|Battle timer is ON: inactive players will automatically lose when time's up. (requested by superwooper96)\n|\n|t:|1770138656\n|switch|p2a: Lapras|Lapras, L88, F|372/372\n|move|p1a: Electivire|Ice Punch|p2a: Lapras\n|-resisted|p2a: Lapras\n|-damage|p2a: Lapras|346/372\n|\n|-heal|p2a: Lapras|369/372|[from] item: Leftovers\n|upkeep\n|turn|3\n|\n|t:|1770138660\n|switch|p1a: Unown|Unown-Z|258/258\n|switch|p2a: Raichu|Raichu, L88, F|249/249\n|\n|upkeep\n|turn|4\n|\n|t:|1770138680\n|switch|p2a: Slowking|Slowking, L89, F|314/314\n|move|p1a: Unown|Hidden Power|p2a: Slowking\n|-resisted|p2a: Slowking\n|-damage|p2a: Slowking|272/314\n|\n|-heal|p2a: Slowking|291/314|[from] item: Leftovers\n|upkeep\n|turn|5\n|\n|t:|1770138686\n|switch|p1a: Electivire|Electivire, L86, M|269/269\n|move|p2a: Slowking|Nasty Plot|p2a: Slowking\n|-boost|p2a: Slowking|spa|2\n|\n|-heal|p2a: Slowking|310/314|[from] item: Leftovers\n|upkeep\n|turn|6\n|\n|t:|1770138693\n|move|p1a: Electivire|Wild Charge|p2a: Slowking\n|-supereffective|p2a: Slowking\n|-damage|p2a: Slowking|0 fnt\n|faint|p2a: Slowking\n|-damage|p1a: Electivire|191/269|[from] Recoil\n|\n|upkeep\n|\n|t:|1770138700\n|switch|p2a: Zygarde|Zygarde-10%, L81|220/220\n|-ability|p2a: Zygarde|Aura Break\n|turn|7\n|\n|t:|1770138708\n|switch|p1a: Amoonguss|Amoonguss, L83, F|325/325\n|move|p2a: Zygarde|Thousand Arrows|p1a: Amoonguss\n|-damage|p1a: Amoonguss|168/325\n|\n|-heal|p1a: Amoonguss|188/325|[from] item: Black Sludge\n|upkeep\n|turn|8\n|\n|t:|1770138716\n|switch|p2a: Lapras|Lapras, L88, F|369/372\n|switch|p1a: Unown|Unown-Z|258/258\n|\n|-heal|p2a: Lapras|372/372|[from] item: Leftovers\n|upkeep\n|turn|9\n|\n|t:|1770138723\n|move|p2a: Lapras|Ice Beam|p1a: Unown\n|-damage|p1a: Unown|137/258\n|move|p1a: Unown|Hidden Power|p2a: Lapras\n|-damage|p2a: Lapras|276/372\n|\n|-heal|p2a: Lapras|299/372|[from] item: Leftovers\n|upkeep\n|turn|10\n|\n|t:|1770138729\n|switch|p1a: Electivire|Electivire, L86, M|191/269\n|move|p2a: Lapras|Hydro Pump|p1a: Electivire|[miss]\n|-miss|p2a: Lapras|p1a: Electivire\n|\n|-heal|p2a: Lapras|322/372|[from] item: Leftovers\n|upkeep\n|turn|11\n|\n|t:|1770138733\n|switch|p2a: Zygarde|Zygarde-10%, L81|220/220\n|-ability|p2a: Zygarde|Aura Break\n|move|p1a: Electivire|Earthquake|p2a: Zygarde\n|-damage|p2a: Zygarde|47/220\n|\n|upkeep\n|turn|12\n|\n|t:|1770138737\n|switch|p1a: Unown|Unown-Z|137/258\n|move|p2a: Zygarde|Thousand Arrows|p1a: Unown\n|-damage|p1a: Unown|0 fnt\n|faint|p1a: Unown\n|\n|upkeep\n|\n|t:|1770138742\n|switch|p1a: Amoonguss|Amoonguss, L83, F|296/325\n|turn|13\n|\n|t:|1770138748\n|switch|p2a: Lapras|Lapras, L88, F|322/372\n|move|p1a: Amoonguss|Giga Drain|p2a: Lapras\n|-supereffective|p2a: Lapras\n|-damage|p2a: Lapras|202/372\n|-heal|p1a: Amoonguss|325/325|[from] drain|[of] p2a: Lapras\n|\n|-heal|p2a: Lapras|225/372|[from] item: Leftovers\n|upkeep\n|turn|14\n|\n|t:|1770138755\n|move|p2a: Lapras|Ice Beam|p1a: Amoonguss\n|-supereffective|p1a: Amoonguss\n|-damage|p1a: Amoonguss|115/325\n|move|p1a: Amoonguss|Spore|p2a: Lapras\n|-status|p2a: Lapras|slp|[from] move: Spore\n|\n|-heal|p2a: Lapras|248/372 slp|[from] item: Leftovers\n|-heal|p1a: Amoonguss|135/325|[from] item: Black Sludge\n|upkeep\n|turn|15\n|\n|t:|1770138759\n|cant|p2a: Lapras|slp\n|move|p1a: Amoonguss|Giga Drain|p2a: Lapras\n|-supereffective|p2a: Lapras\n|-damage|p2a: Lapras|116/372 slp\n|-heal|p1a: Amoonguss|201/325|[from] drain|[of] p2a: Lapras\n|\n|-heal|p2a: Lapras|139/372 slp|[from] item: Leftovers\n|-heal|p1a: Amoonguss|221/325|[from] item: Black Sludge\n|upkeep\n|turn|16\n|\n|t:|1770138763\n|switch|p2a: Flareon|Flareon, L88, M|258/258\n|switch|p1a: Electivire|Electivire, L86, M|191/269\n|\n|-status|p2a: Flareon|tox|[from] item: Toxic Orb\n|upkeep\n|turn|17\n|\n|t:|1770138768\n|move|p1a: Electivire|Earthquake|p2a: Flareon\n|-supereffective|p2a: Flareon\n|-damage|p2a: Flareon|0 fnt\n|faint|p2a: Flareon\n|\n|upkeep\n|\n|t:|1770138774\n|switch|p2a: Zygarde|Zygarde-10%, L81|47/220\n|-ability|p2a: Zygarde|Aura Break\n|turn|18\n|\n|t:|1770138780\n|switch|p2a: Palossand|Palossand, L89, M|154/296\n|switch|p1a: Amoonguss|Amoonguss, L83, F|325/325\n|\n|-heal|p2a: Palossand|172/296|[from] item: Leftovers\n|upkeep\n|turn|19\n|\n|t:|1770138785\n|move|p2a: Palossand|Stealth Rock|p1a: Amoonguss\n|-sidestart|p1: superwooper96|move: Stealth Rock\n|move|p1a: Amoonguss|Giga Drain|p2a: Palossand\n|-supereffective|p2a: Palossand\n|-damage|p2a: Palossand|16/296\n|\n|-heal|p2a: Palossand|34/296|[from] item: Leftovers\n|upkeep\n|turn|20\n|\n|t:|1770138799\n|switch|p2a: Raichu|Raichu, L88, F|249/249\n|move|p1a: Amoonguss|Giga Drain|p2a: Raichu\n|-damage|p2a: Raichu|171/249\n|\n|upkeep\n|turn|21\n|\n|t:|1770138802\n|move|p2a: Raichu|Nasty Plot|p2a: Raichu\n|-boost|p2a: Raichu|spa|2\n|move|p1a: Amoonguss|Sludge Bomb|p2a: Raichu\n|-crit|p2a: Raichu\n|-damage|p2a: Raichu|41/249\n|\n|upkeep\n|turn|22\n|\n|t:|1770138809\n|switch|p1a: Electivire|Electivire, L86, M|191/269\n|-damage|p1a: Electivire|158/269|[from] Stealth Rock\n|move|p2a: Raichu|Thunderbolt|p1a: Electivire\n|-ability|p1a: Electivire|Motor Drive|boost\n|-boost|p1a: Electivire|spe|1\n|\n|upkeep\n|turn|23\n|-message|INSANE CARZY GUY forfeited.\n|\n|win|superwooper96\n|raw|superwooper96's rating: 1704 &rarr; <strong>1726</strong><br />(+22 for winning)\n|raw|INSANE CARZY GUY's rating: 1737 &rarr; <strong>1715</strong><br />(-22 for losing)\n|l|☆INSANE CARZY GUY\n|player|p2|\n", "inputlog": ">version ccdc32dd7cde25fd9e4bed64820e885f66e78a4e\n>start {\"formatid\":\"gen7randombattle\",\"seed\":\"sodium,ad4e4edf83376bef52b6dd31158a7a5b\",\"rated\":\"Rated battle\"}\n>player p1 {\"name\":\"superwooper96\",\"avatar\":\"ninjaboy\",\"rating\":1704,\"seed\":\"sodium,4f8ed1d05fc6176b71e07c51aa3a2838\"}\n>player p2 {\"name\":\"INSANE CARZY GUY\",\"avatar\":\"pilot\",\"rating\":1737,\"seed\":\"sodium,463576adef7929b0460c6cd4ca1abd11\"}\n>chat ☆INSANE CARZY GUY|gl hf\n>chat ☆superwooper96|u2\n>p1 move icepunch\n>p2 switch 6\n>p1 move icepunch\n>p2 switch 4\n>p1 switch 2\n>p2 switch 6\n>p1 move hiddenpower\n>p2 switch 5\n>p1 switch 2\n>p2 move nastyplot\n>p1 move wildcharge\n>p2 move scald\n>p2 switch 3\n>p1 switch 5\n>p2 move thousandarrows\n>p1 switch 2\n>p2 switch 6\n>p1 move hiddenpower\n>p2 move icebeam\n>p1 switch 5\n>p2 move hydropump\n>p1 move earthquake\n>p2 switch 6\n>p1 switch 5\n>p2 move thousandarrows\n>p1 switch 2\n>p1 move gigadrain\n>p2 switch 6\n>p1 move spore\n>p2 move icebeam\n>p1 move gigadrain\n>p2 move icebeam\n>p1 switch 5\n>p2 switch 2\n>p1 move earthquake\n>p2 move flamecharge\n>p2 switch 6\n>p1 switch 5\n>p2 switch 4\n>p1 move gigadrain\n>p2 move stealthrock\n>p1 move gigadrain\n>p2 switch 5\n>p1 move sludgebomb\n>p2 move nastyplot\n>p1 switch 5\n>p2 move thunderbolt\n>forcelose p2", "uploadtime": 1770138816, "views": 143, "formatid": "gen7randombattle", "rating": 1715, "private": 0, "password": null}