{"id": "gen7randombattle-2539011315", "format": "[Gen 7] Random Battle", "players": ["marintin", "Meuby Law"], "log": "|j|☆marintin\n|j|☆Meuby Law\n|t:|1771002664\n|gametype|singles\n|player|p1|marintin|102|1659\n|player|p2|Meuby Law|hau-stance|1578\n|gen|7\n|tier|[Gen 7] Random Battle\n|rated|\n|rule|Sleep Clause Mod: Limit one foe put to sleep\n|rule|HP Percentage Mod: HP is shown in percentages\n|rule|Illusion Level Mod: Illusion disguises the Pokémon's true level\n|\n|t:|1771002664\n|teamsize|p1|6\n|teamsize|p2|6\n|start\n|switch|p1a: Tentacruel|Tentacruel, L83, F|268/268\n|switch|p2a: Bouffalant|Bouffalant, L87, F|307/307\n|turn|1\n|inactive|Battle timer is ON: inactive players will automatically lose when time's up. (requested by marintin)\n|\n|t:|1771002705\n|move|p1a: Tentacruel|Scald|p2a: Bouffalant\n|-damage|p2a: Bouffalant|237/307\n|-status|p2a: Bouffalant|brn\n|move|p2a: Bouffalant|Earthquake|p1a: Tentacruel\n|-supereffective|p1a: Tentacruel\n|-damage|p1a: Tentacruel|169/268\n|\n|-heal|p1a: Tentacruel|185/268|[from] item: Black Sludge\n|-heal|p2a: Bouffalant|256/307 brn|[from] item: Leftovers\n|-damage|p2a: Bouffalant|237/307 brn|[from] brn\n|upkeep\n|turn|2\n|\n|t:|1771002714\n|move|p1a: Tentacruel|Sludge Bomb|p2a: Bouffalant\n|-damage|p2a: Bouffalant|159/307 brn\n|move|p2a: Bouffalant|Swords Dance|p2a: Bouffalant\n|-boost|p2a: Bouffalant|atk|2\n|\n|-heal|p1a: Tentacruel|201/268|[from] item: Black Sludge\n|-heal|p2a: Bouffalant|178/307 brn|[from] item: Leftovers\n|-damage|p2a: Bouffalant|159/307 brn|[from] brn\n|upkeep\n|turn|3\n|inactive|Meuby Law has 120 seconds left.\n|\n|t:|1771002749\n|move|p1a: Tentacruel|Sludge Bomb|p2a: Bouffalant\n|-damage|p2a: Bouffalant|92/307 brn\n|move|p2a: Bouffalant|Earthquake|p1a: Tentacruel\n|-supereffective|p1a: Tentacruel\n|-damage|p1a: Tentacruel|0 fnt\n|faint|p1a: Tentacruel\n|\n|-heal|p2a: Bouffalant|111/307 brn|[from] item: Leftovers\n|-damage|p2a: Bouffalant|92/307 brn|[from] brn\n|upkeep\n|\n|t:|1771002766\n|switch|p1a: Kricketune|Kricketune, L97, M|306/306\n|turn|4\n|\n|t:|1771002770\n|move|p1a: Kricketune|Leech Life|p2a: Bouffalant\n|-crit|p2a: Bouffalant\n|-damage|p2a: Bouffalant|0 fnt\n|faint|p2a: Bouffalant\n|\n|upkeep\n|inactive|Meuby Law has 120 seconds left.\n|inactive|Meuby Law has 90 seconds left.\n|\n|t:|1771002817\n|switch|p2a: Alakazam|Alakazam, L78, M|214/214\n|turn|5\n|inactive|Meuby Law has 90 seconds left.\n|\n|t:|1771002829\n|detailschange|p2a: Alakazam|Alakazam-Mega, L78, M\n|-mega|p2a: Alakazam|Alakazam|Alakazite\n|-ability|p2a: Alakazam|Swarm|Trace|[from] ability: Trace|[of] p1a: Kricketune\n|move|p2a: Alakazam|Psychic|p1a: Kricketune\n|-damage|p1a: Kricketune|132/306\n|move|p1a: Kricketune|Leech Life|p2a: Alakazam\n|-supereffective|p2a: Alakazam\n|-damage|p2a: Alakazam|0 fnt\n|-heal|p1a: Kricketune|239/306|[from] drain|[of] p2a: Alakazam\n|faint|p2a: Alakazam\n|detailschange|p2: Alakazam|Alakazam, L78, M|[silent]\n|\n|-heal|p1a: Kricketune|258/306|[from] item: Leftovers\n|upkeep\n|inactive|Meuby Law has 90 seconds left.\n|\n|t:|1771002835\n|switch|p2a: Vanilluxe|Vanilluxe, L86, F|262/262\n|-weather|Hail|[from] ability: Snow Warning|[of] p2a: Vanilluxe\n|turn|6\n|\n|t:|1771002839\n|move|p2a: Vanilluxe|Explosion|p1a: Kricketune\n|-damage|p1a: Kricketune|0 fnt\n|faint|p2a: Vanilluxe\n|faint|p1a: Kricketune\n|\n|-weather|Hail|[upkeep]\n|upkeep\n|\n|t:|1771002849\n|switch|p2a: Aegislash|Aegislash, L77, M|219/219\n|switch|p1a: Aegislash|Aegislash, L77, F|219/219\n|turn|7\n|inactive|Meuby Law has 90 seconds left.\n|inactive|Meuby Law has 60 seconds left.\n|\n|t:|1771002913\n|move|p2a: Aegislash|Swords Dance|p2a: Aegislash\n|-boost|p2a: Aegislash|atk|2\n|move|p1a: Aegislash|Swords Dance|p1a: Aegislash\n|-boost|p1a: Aegislash|atk|2\n|\n|-weather|Hail|[upkeep]\n|-damage|p1a: Aegislash|206/219|[from] Hail\n|-damage|p2a: Aegislash|206/219|[from] Hail\n|-heal|p2a: Aegislash|219/219|[from] item: Leftovers\n|upkeep\n|turn|8\n|\n|t:|1771002920\n|move|p2a: Aegislash|King's Shield|p2a: Aegislash\n|-singleturn|p2a: Aegislash|Protect\n|move|p1a: Aegislash|Swords Dance|p1a: Aegislash\n|-boost|p1a: Aegislash|atk|2\n|\n|-weather|Hail|[upkeep]\n|-damage|p1a: Aegislash|193/219|[from] Hail\n|-damage|p2a: Aegislash|206/219|[from] Hail\n|-heal|p2a: Aegislash|219/219|[from] item: Leftovers\n|upkeep\n|turn|9\n|inactive|Meuby Law has 60 seconds left.\n|\n|t:|1771002926\n|switch|p2a: Politoed|Politoed, L88, M|302/302\n|-weather|RainDance|[from] ability: Drizzle|[of] p2a: Politoed\n|move|p1a: Aegislash|Swords Dance|p1a: Aegislash\n|-boost|p1a: Aegislash|atk|2\n|\n|-weather|RainDance|[upkeep]\n|upkeep\n|turn|10\n|\n|t:|1771002934\n|move|p2a: Politoed|Protect|p2a: Politoed\n|-singleturn|p2a: Politoed|Protect\n|-formechange|p1a: Aegislash|Aegislash-Blade||[from] ability: Stance Change\n|move|p1a: Aegislash|Sacred Sword|p2a: Politoed\n|-activate|p2a: Politoed|move: Protect\n|\n|-weather|RainDance|[upkeep]\n|upkeep\n|turn|11\n|\n|t:|1771002940\n|move|p2a: Politoed|Scald|p1a: Aegislash\n|-damage|p1a: Aegislash|0 fnt\n|faint|p1a: Aegislash\n|\n|-weather|RainDance|[upkeep]\n|upkeep\n|\n|t:|1771002947\n|switch|p1a: Vikavolt|Vikavolt, L86, F|273/273\n|turn|12\n|\n|t:|1771002956\n|move|p2a: Politoed|Scald|p1a: Vikavolt\n|-damage|p1a: Vikavolt|134/273\n|move|p1a: Vikavolt|Discharge|p2a: Politoed\n|-supereffective|p2a: Politoed\n|-damage|p2a: Politoed|84/302\n|-status|p2a: Politoed|par\n|\n|-weather|RainDance|[upkeep]\n|-heal|p1a: Vikavolt|151/273|[from] item: Leftovers\n|-heal|p2a: Politoed|102/302 par|[from] item: Leftovers\n|upkeep\n|turn|13\n|inactive|Meuby Law has 90 seconds left.\n|\n|t:|1771002967\n|move|p1a: Vikavolt|Discharge|p2a: Politoed\n|-supereffective|p2a: Politoed\n|-damage|p2a: Politoed|0 fnt\n|faint|p2a: Politoed\n|\n|-weather|none\n|-heal|p1a: Vikavolt|168/273|[from] item: Leftovers\n|upkeep\n|inactive|Meuby Law has 60 seconds left.\n|\n|t:|1771003019\n|switch|p2a: Solrock|Solrock, L90|308/308\n|turn|14\n|\n|t:|1771003030\n|switch|p1a: Lickilicky|Lickilicky, L89, M|341/341\n|move|p2a: Solrock|Stone Edge|p1a: Lickilicky\n|-crit|p1a: Lickilicky\n|-damage|p1a: Lickilicky|188/341\n|\n|-heal|p1a: Lickilicky|209/341|[from] item: Leftovers\n|upkeep\n|turn|15\n|\n|t:|1771003037\n|move|p2a: Solrock|Will-O-Wisp|p1a: Lickilicky\n|-status|p1a: Lickilicky|brn\n|move|p1a: Lickilicky|Power Whip|p2a: Solrock\n|-supereffective|p2a: Solrock\n|-damage|p2a: Solrock|228/308\n|\n|-heal|p2a: Solrock|247/308|[from] item: Leftovers\n|-heal|p1a: Lickilicky|230/341 brn|[from] item: Leftovers\n|-damage|p1a: Lickilicky|209/341 brn|[from] brn\n|upkeep\n|turn|16\n|inactive|Meuby Law has 60 seconds left.\n|\n|t:|1771003063\n|move|p2a: Solrock|Stone Edge|p1a: Lickilicky\n|-damage|p1a: Lickilicky|94/341 brn\n|move|p1a: Lickilicky|Knock Off|p2a: Solrock\n|-supereffective|p2a: Solrock\n|-damage|p2a: Solrock|181/308\n|-enditem|p2a: Solrock|Leftovers|[from] move: Knock Off|[of] p1a: Lickilicky\n|\n|-heal|p1a: Lickilicky|115/341 brn|[from] item: Leftovers\n|-damage|p1a: Lickilicky|94/341 brn|[from] brn\n|upkeep\n|turn|17\n|\n|t:|1771003069\n|move|p2a: Solrock|Stone Edge|p1a: Lickilicky\n|-damage|p1a: Lickilicky|0 fnt\n|faint|p1a: Lickilicky\n|\n|upkeep\n|\n|t:|1771003074\n|switch|p1a: Vikavolt|Vikavolt, L86, F|168/273\n|turn|18\n|\n|t:|1771003083\n|move|p2a: Solrock|Stone Edge|p1a: Vikavolt\n|-supereffective|p1a: Vikavolt\n|-damage|p1a: Vikavolt|0 fnt\n|faint|p1a: Vikavolt\n|\n|upkeep\n|\n|t:|1771003089\n|switch|p1a: Typhlosion|Typhlosion, L85, M|270/270\n|turn|19\n|\n|t:|1771003097\n|move|p1a: Typhlosion|Fire Blast|p2a: Solrock|[miss]\n|-miss|p1a: Typhlosion|p2a: Solrock\n|move|p2a: Solrock|Stone Edge|p1a: Typhlosion|[miss]\n|-miss|p2a: Solrock|p1a: Typhlosion\n|\n|upkeep\n|turn|20\n|\n|t:|1771003101\n|move|p1a: Typhlosion|Fire Blast|p2a: Solrock|[miss]\n|-miss|p1a: Typhlosion|p2a: Solrock\n|move|p2a: Solrock|Earthquake|p1a: Typhlosion\n|-supereffective|p1a: Typhlosion\n|-damage|p1a: Typhlosion|82/270\n|\n|upkeep\n|turn|21\n|c|☆Meuby Law|gg\n|c|☆marintin|wow\n|\n|t:|1771003111\n|move|p1a: Typhlosion|Fire Blast|p2a: Solrock|[miss]\n|-miss|p1a: Typhlosion|p2a: Solrock\n|move|p2a: Solrock|Earthquake|p1a: Typhlosion\n|-supereffective|p1a: Typhlosion\n|-damage|p1a: Typhlosion|0 fnt\n|faint|p1a: Typhlosion\n|\n|win|Meuby Law\n|raw|marintin's rating: 1659 &rarr; <strong>1634</strong><br />(-25 for losing)\n|raw|Meuby Law's rating: 1578 &rarr; <strong>1603</strong><br />(+25 for winning)\n", "inputlog": ">version ccdc32dd7cde25fd9e4bed64820e885f66e78a4e\n>start {\"formatid\":\"gen7randombattle\",\"seed\":\"sodium,74642cc2f7b3087c88421ae807f994b8\",\"rated\":\"Rated battle\"}\n>player p1 {\"name\":\"marintin\",\"avatar\":\"102\",\"rating\":1659,\"seed\":\"sodium,753f511164f17a9f9b9bd4c30c36e716\"}\n>player p2 {\"name\":\"Meuby Law\",\"avatar\":\"hau-stance\",\"rating\":1578,\"seed\":\"sodium,1a91029977435630009a2ec902359e93\"}\n>p1 move scald\n>p2 move earthquake\n>p1 move sludgebomb\n>p2 move swordsdance\n>p1 move sludgebomb\n>p2 move earthquake\n>p1 switch 3\n>p1 move leechlife\n>p2 move stoneedge\n>p2 switch 2\n>p1 move leechlife\n>p2 move psychic mega\n>p2 switch 5\n>p1 move stickyweb\n>p2 move explosion\n>p1 switch 4\n>p2 switch 3\n>p1 move swordsdance\n>p2 move swordsdance\n>p1 move swordsdance\n>p2 move kingsshield\n>p1 move swordsdance\n>p2 switch 6\n>p1 move sacredsword\n>p2 move protect\n>p1 move sacredsword\n>p2 move scald\n>p1 switch 6\n>p1 move discharge\n>p2 move scald\n>p1 move discharge\n>p2 move scald\n>p2 switch 4\n>p1 switch 2\n>p2 move stoneedge\n>p1 move powerwhip\n>p2 move willowisp\n>p1 move knockoff\n>p2 move stoneedge\n>p1 move powerwhip\n>p2 move stoneedge\n>p1 switch 2\n>p1 move discharge\n>p2 move stoneedge\n>p1 switch 5\n>p1 move fireblast\n>p2 move stoneedge\n>p1 move fireblast\n>p2 move earthquake\n>chat ☆Meuby Law|gg\n>chat ☆marintin|wow\n>p1 move fireblast\n>p2 move earthquake", "uploadtime": 1771003113, "views": 194, "formatid": "gen7randombattle", "rating": 1603, "private": 0, "password": null}