{"id": "gen7randombattle-2537883673", "format": "[Gen 7] Random Battle", "players": ["CoolPandaDE", "NTsweeper007"], "log": "|j|☆CoolPandaDE\n|j|☆NTsweeper007\n|t:|1770859232\n|gametype|singles\n|player|p1|CoolPandaDE|alec-anime|1664\n|player|p2|NTsweeper007|hilbert-wonderlauncher|1776\n|gen|7\n|tier|[Gen 7] Random Battle\n|rated|\n|rule|Sleep Clause Mod: Limit one foe put to sleep\n|rule|HP Percentage Mod: HP is shown in percentages\n|rule|Illusion Level Mod: Illusion disguises the Pokémon's true level\n|\n|t:|1770859232\n|teamsize|p1|6\n|teamsize|p2|6\n|start\n|switch|p1a: Uxie|Uxie, L82|257/257\n|switch|p2a: Swanna|Swanna, L88, M|275/275\n|turn|1\n|inactive|Battle timer is ON: inactive players will automatically lose when time's up. (requested by NTsweeper007)\n|\n|t:|1770859245\n|move|p2a: Swanna|Rain Dance|p2a: Swanna\n|-weather|RainDance\n|move|p1a: Uxie|Stealth Rock|p2a: Swanna\n|-sidestart|p2: NTsweeper007|move: Stealth Rock\n|\n|-weather|RainDance|[upkeep]\n|upkeep\n|turn|2\n|\n|t:|1770859256\n|move|p2a: Swanna|Scald|p1a: Uxie\n|-damage|p1a: Uxie|155/257\n|move|p1a: Uxie|U-turn|p2a: Swanna\n|-resisted|p2a: Swanna\n|-damage|p2a: Swanna|251/275\n|\n|t:|1770859266\n|switch|p1a: Ampharos|Ampharos, L85, M|292/292|[from] U-turn\n|\n|-weather|RainDance|[upkeep]\n|upkeep\n|turn|3\n|\n|t:|1770859271\n|switch|p2a: Goodra|Goodra, L85, M|292/292\n|-damage|p2a: Goodra|256/292|[from] Stealth Rock\n|detailschange|p1a: Ampharos|Ampharos-Mega, L85, M\n|-mega|p1a: Ampharos|Ampharos|Ampharosite\n|-ability|p1a: Ampharos|Mold Breaker\n|move|p1a: Ampharos|Discharge|p2a: Goodra\n|-resisted|p2a: Goodra\n|-damage|p2a: Goodra|229/292\n|\n|-weather|RainDance|[upkeep]\n|upkeep\n|turn|4\n|\n|t:|1770859295\n|move|p2a: Goodra|Draco Meteor|p1a: Ampharos\n|-supereffective|p1a: Ampharos\n|-damage|p1a: Ampharos|10/292\n|-unboost|p2a: Goodra|spa|2\n|move|p1a: Ampharos|Dragon Pulse|p2a: Goodra\n|-supereffective|p2a: Goodra\n|-damage|p2a: Goodra|109/292\n|\n|-weather|RainDance|[upkeep]\n|upkeep\n|turn|5\n|\n|t:|1770859303\n|move|p2a: Goodra|Sludge Bomb|p1a: Ampharos\n|-damage|p1a: Ampharos|0 fnt\n|faint|p1a: Ampharos\n|detailschange|p1: Ampharos|Ampharos, L85, M|[silent]\n|\n|-weather|none\n|upkeep\n|\n|t:|1770859310\n|switch|p1a: Roserade|Roserade, L84, F|238/238\n|turn|6\n|\n|t:|1770859313\n|move|p1a: Roserade|Spikes|p2a: Goodra\n|-sidestart|p2: NTsweeper007|Spikes\n|move|p2a: Goodra|Dragon Tail|p1a: Roserade\n|-damage|p1a: Roserade|148/238\n|drag|p1a: Jirachi|Jirachi, L76|277/277\n|\n|upkeep\n|turn|7\n|inactive|CoolPandaDE has 120 seconds left.\n|\n|t:|1770859350\n|switch|p2a: Probopass|Probopass, L92, M|260/260\n|-damage|p2a: Probopass|244/260|[from] Stealth Rock\n|-damage|p2a: Probopass|212/260|[from] Spikes\n|move|p1a: Jirachi|Iron Head|p2a: Probopass\n|-damage|p2a: Probopass|167/260\n|\n|-heal|p2a: Probopass|183/260|[from] item: Leftovers\n|upkeep\n|turn|8\n|inactive|CoolPandaDE has 120 seconds left.\n|\n|t:|1770859360\n|move|p1a: Jirachi|Iron Head|p2a: Probopass\n|-damage|p2a: Probopass|141/260\n|cant|p2a: Probopass|flinch\n|\n|-heal|p2a: Probopass|157/260|[from] item: Leftovers\n|upkeep\n|turn|9\n|\n|t:|1770859362\n|move|p1a: Jirachi|Iron Head|p2a: Probopass\n|-damage|p2a: Probopass|109/260\n|cant|p2a: Probopass|flinch\n|\n|-heal|p2a: Probopass|125/260|[from] item: Leftovers\n|upkeep\n|turn|10\n|\n|t:|1770859364\n|move|p1a: Jirachi|Iron Head|p2a: Probopass\n|-damage|p2a: Probopass|82/260\n|move|p2a: Probopass|Stealth Rock|p1a: Jirachi\n|-sidestart|p1: CoolPandaDE|move: Stealth Rock\n|\n|-heal|p2a: Probopass|98/260|[from] item: Leftovers\n|upkeep\n|turn|11\n|\n|t:|1770859366\n|move|p1a: Jirachi|Iron Head|p2a: Probopass\n|-damage|p2a: Probopass|53/260\n|cant|p2a: Probopass|flinch\n|\n|-heal|p2a: Probopass|69/260|[from] item: Leftovers\n|upkeep\n|turn|12\n|\n|t:|1770859370\n|move|p1a: Jirachi|Iron Head|p2a: Probopass\n|-damage|p2a: Probopass|27/260\n|move|p2a: Probopass|Earth Power|p1a: Jirachi\n|-supereffective|p1a: Jirachi\n|-damage|p1a: Jirachi|161/277\n|\n|-heal|p1a: Jirachi|178/277|[from] item: Leftovers\n|-heal|p2a: Probopass|43/260|[from] item: Leftovers\n|upkeep\n|turn|13\n|\n|t:|1770859373\n|move|p1a: Jirachi|Iron Head|p2a: Probopass\n|-damage|p2a: Probopass|0 fnt\n|faint|p2a: Probopass\n|\n|-heal|p1a: Jirachi|195/277|[from] item: Leftovers\n|upkeep\n|\n|t:|1770859375\n|switch|p2a: Swanna|Swanna, L88, M|251/275\n|-damage|p2a: Swanna|183/275|[from] Stealth Rock\n|turn|14\n|\n|t:|1770859385\n|switch|p1a: Uxie|Uxie, L82|155/257\n|-damage|p1a: Uxie|123/257|[from] Stealth Rock\n|move|p2a: Swanna|Rain Dance|p2a: Swanna\n|-weather|RainDance\n|\n|-weather|RainDance|[upkeep]\n|-heal|p1a: Uxie|139/257|[from] item: Leftovers\n|upkeep\n|turn|15\n|\n|t:|1770859389\n|-zpower|p2a: Swanna\n|move|p2a: Swanna|Hydro Vortex|p1a: Uxie|[zeffect]\n|-damage|p1a: Uxie|0 fnt\n|faint|p1a: Uxie\n|\n|-weather|RainDance|[upkeep]\n|upkeep\n|inactive|CoolPandaDE has 120 seconds left.\n|\n|t:|1770859431\n|switch|p1a: Dustox|Dustox, L96, F|271/271\n|-damage|p1a: Dustox|204/271|[from] Stealth Rock\n|turn|16\n|\n|t:|1770859434\n|move|p2a: Swanna|Hurricane|p1a: Dustox\n|-supereffective|p1a: Dustox\n|-damage|p1a: Dustox|0 fnt\n|faint|p1a: Dustox\n|\n|-weather|RainDance|[upkeep]\n|upkeep\n|\n|t:|1770859442\n|switch|p1a: Hitmontop|Hitmontop, L90, M|236/236\n|-damage|p1a: Hitmontop|222/236|[from] Stealth Rock\n|-ability|p1a: Hitmontop|Intimidate|boost\n|-unboost|p2a: Swanna|atk|1\n|turn|17\n|\n|t:|1770859446\n|move|p2a: Swanna|Hurricane|p1a: Hitmontop\n|-supereffective|p1a: Hitmontop\n|-damage|p1a: Hitmontop|102/236\n|move|p1a: Hitmontop|Close Combat|p2a: Swanna\n|-resisted|p2a: Swanna\n|-damage|p2a: Swanna|93/275\n|-unboost|p1a: Hitmontop|def|1\n|-unboost|p1a: Hitmontop|spd|1\n|\n|-weather|RainDance|[upkeep]\n|upkeep\n|turn|18\n|\n|t:|1770859450\n|move|p1a: Hitmontop|Sucker Punch|p2a: Swanna\n|-damage|p2a: Swanna|25/275\n|move|p2a: Swanna|Scald|p1a: Hitmontop\n|-damage|p1a: Hitmontop|0 fnt\n|faint|p1a: Hitmontop\n|\n|-weather|none\n|upkeep\n|\n|t:|1770859460\n|switch|p1a: Jirachi|Jirachi, L76|195/277\n|-damage|p1a: Jirachi|178/277|[from] Stealth Rock\n|turn|19\n|\n|t:|1770859465\n|move|p2a: Swanna|Rest|p2a: Swanna\n|-status|p2a: Swanna|slp|[from] move: Rest\n|-heal|p2a: Swanna|275/275 slp|[silent]\n|move|p1a: Jirachi|Iron Head|p2a: Swanna\n|-resisted|p2a: Swanna\n|-damage|p2a: Swanna|233/275 slp\n|\n|-heal|p1a: Jirachi|195/277|[from] item: Leftovers\n|upkeep\n|turn|20\n|\n|t:|1770859469\n|switch|p1a: Roserade|Roserade, L84, F|148/238\n|-damage|p1a: Roserade|119/238|[from] Stealth Rock\n|cant|p2a: Swanna|slp\n|\n|-heal|p1a: Roserade|133/238|[from] item: Black Sludge\n|upkeep\n|turn|21\n|\n|t:|1770859471\n|cant|p2a: Swanna|slp\n|move|p1a: Roserade|Sludge Bomb|p2a: Swanna\n|-damage|p2a: Swanna|92/275 slp\n|\n|-heal|p1a: Roserade|147/238|[from] item: Black Sludge\n|upkeep\n|turn|22\n|\n|t:|1770859474\n|-curestatus|p2a: Swanna|slp|[msg]\n|move|p2a: Swanna|Hurricane|p1a: Roserade\n|-supereffective|p1a: Roserade\n|-damage|p1a: Roserade|0 fnt\n|faint|p1a: Roserade\n|\n|upkeep\n|-message|CoolPandaDE forfeited.\n|\n|win|NTsweeper007\n|raw|CoolPandaDE's rating: 1664 &rarr; <strong>1650</strong><br />(-14 for losing)\n|raw|NTsweeper007's rating: 1776 &rarr; <strong>1790</strong><br />(+14 for winning)\n|l|☆CoolPandaDE\n|player|p1|\n", "inputlog": ">version ccdc32dd7cde25fd9e4bed64820e885f66e78a4e\n>start {\"formatid\":\"gen7randombattle\",\"seed\":\"sodium,a19309d64691ccea67fb7de94aa4095a\",\"rated\":\"Rated battle\"}\n>player p1 {\"name\":\"CoolPandaDE\",\"avatar\":\"alec-anime\",\"rating\":1664,\"seed\":\"sodium,24deadca3d4a8e1fe3bfeb77888f2af7\"}\n>player p2 {\"name\":\"NTsweeper007\",\"avatar\":\"hilbert-wonderlauncher\",\"rating\":1776,\"seed\":\"sodium,85df12cb225492da8e6f4649248916f6\"}\n>p1 move stealthrock\n>p2 move raindance\n>p1 move uturn\n>p2 move scald\n>p1 switch 2\n>p1 move discharge mega\n>p2 switch 6\n>p1 move dragonpulse\n>p2 move dracometeor\n>p1 move rest\n>p2 move sludgebomb\n>p1 switch 4\n>p1 move spikes\n>p2 move dragontail\n>p1 move ironhead\n>p2 switch 4\n>p1 move ironhead\n>p2 move stealthrock\n>p1 move ironhead\n>p2 move stealthrock\n>p1 move ironhead\n>p2 move stealthrock\n>p1 move ironhead\n>p2 move earthpower\n>p1 move ironhead\n>p2 move earthpower\n>p1 move ironhead\n>p2 move earthpower\n>p2 switch 6\n>p1 switch 2\n>p2 move raindance\n>p1 move psychic\n>p2 move scald zmove\n>p1 switch 3\n>p1 move quiverdance\n>p2 move hurricane\n>p1 switch 6\n>p1 move closecombat\n>p2 move hurricane\n>p1 move suckerpunch\n>p2 move scald\n>p1 switch 2\n>p1 move ironhead\n>p2 move rest\n>p1 switch 5\n>p2 move hurricane\n>p1 move sludgebomb\n>p2 move hurricane\n>p1 move sludgebomb\n>p2 move hurricane\n>forcelose p1", "uploadtime": 1770859480, "views": 222, "formatid": "gen7randombattle", "rating": 1650, "private": 0, "password": null}