{"id": "gen7randombattle-2538421828", "format": "[Gen 7] Random Battle", "players": ["spiritgana", "86Stingray"], "log": "|j|☆spiritgana\n|j|☆86Stingray\n|t:|1770926013\n|gametype|singles\n|player|p1|spiritgana|2|1600\n|player|p2|86Stingray|backersf|1533\n|gen|7\n|tier|[Gen 7] Random Battle\n|rated|\n|rule|Sleep Clause Mod: Limit one foe put to sleep\n|rule|HP Percentage Mod: HP is shown in percentages\n|rule|Illusion Level Mod: Illusion disguises the Pokémon's true level\n|\n|t:|1770926013\n|teamsize|p1|6\n|teamsize|p2|6\n|start\n|switch|p1a: Oranguru|Oranguru, L93, M|318/318\n|switch|p2a: Kyurem|Kyurem-Black, L77|319/319\n|-ability|p2a: Kyurem|Teravolt\n|turn|1\n|inactive|Battle timer is ON: inactive players will automatically lose when time's up. (requested by spiritgana)\n|\n|t:|1770926044\n|switch|p2a: Sableye|Sableye, L93, F|244/244\n|move|p1a: Oranguru|Focus Blast|p2a: Sableye\n|-immune|p2a: Sableye\n|\n|upkeep\n|turn|2\n|\n|t:|1770926066\n|switch|p1a: Glaceon|Glaceon, L90, F|263/263\n|move|p2a: Sableye|Toxic|p1a: Glaceon\n|-status|p1a: Glaceon|tox\n|\n|-damage|p1a: Glaceon|247/263 tox|[from] psn\n|upkeep\n|turn|3\n|\n|t:|1770926082\n|switch|p2a: Salazzle|Salazzle, L84, F|251/251\n|move|p1a: Glaceon|Ice Beam|p2a: Salazzle\n|-resisted|p2a: Salazzle\n|-damage|p2a: Salazzle|167/251\n|-status|p2a: Salazzle|frz\n|\n|-heal|p2a: Salazzle|182/251 frz|[from] item: Black Sludge\n|-heal|p1a: Glaceon|263/263 tox|[from] item: Leftovers\n|-damage|p1a: Glaceon|231/263 tox|[from] psn\n|upkeep\n|turn|4\n|\n|t:|1770926098\n|switch|p1a: Feraligatr|Feraligatr, L79, M|264/264\n|cant|p2a: Salazzle|frz\n|\n|-heal|p2a: Salazzle|197/251 frz|[from] item: Black Sludge\n|upkeep\n|turn|5\n|\n|t:|1770926104\n|switch|p2a: Sableye|Sableye, L93, F|244/244\n|move|p1a: Feraligatr|Dragon Dance|p1a: Feraligatr\n|-boost|p1a: Feraligatr|atk|1\n|-boost|p1a: Feraligatr|spe|1\n|\n|upkeep\n|turn|6\n|\n|t:|1770926123\n|move|p2a: Sableye|Will-O-Wisp|p1a: Feraligatr\n|-status|p1a: Feraligatr|brn\n|move|p1a: Feraligatr|Dragon Dance|p1a: Feraligatr\n|-boost|p1a: Feraligatr|atk|1\n|-boost|p1a: Feraligatr|spe|1\n|\n|-damage|p1a: Feraligatr|248/264 brn|[from] brn\n|upkeep\n|turn|7\n|\n|t:|1770926135\n|switch|p2a: Venusaur|Venusaur, L78, F|253/253\n|move|p1a: Feraligatr|Dragon Dance|p1a: Feraligatr\n|-boost|p1a: Feraligatr|atk|1\n|-boost|p1a: Feraligatr|spe|1\n|\n|-damage|p1a: Feraligatr|232/264 brn|[from] brn\n|upkeep\n|turn|8\n|inactive|spiritgana has 120 seconds left.\n|\n|t:|1770926156\n|switch|p1a: Toxicroak|Toxicroak, L84, M|277/277\n|detailschange|p2a: Venusaur|Venusaur-Mega, L78, F\n|-mega|p2a: Venusaur|Venusaur|Venusaurite\n|move|p2a: Venusaur|Giga Drain|p1a: Toxicroak\n|-resisted|p1a: Toxicroak\n|-damage|p1a: Toxicroak|229/277\n|\n|upkeep\n|turn|9\n|\n|t:|1770926170\n|move|p1a: Toxicroak|Gunk Shot|p2a: Venusaur\n|-damage|p2a: Venusaur|100/253\n|-damage|p1a: Toxicroak|202/277|[from] item: Life Orb\n|move|p2a: Venusaur|Earthquake|p1a: Toxicroak\n|-supereffective|p1a: Toxicroak\n|-damage|p1a: Toxicroak|56/277\n|\n|upkeep\n|turn|10\n|\n|t:|1770926178\n|switch|p1a: Glaceon|Glaceon, L90, F|231/263 tox\n|switch|p2a: Salazzle|Salazzle, L84, F|197/251 frz\n|\n|-heal|p2a: Salazzle|212/251 frz|[from] item: Black Sludge\n|-heal|p1a: Glaceon|247/263 tox|[from] item: Leftovers\n|-damage|p1a: Glaceon|231/263 tox|[from] psn\n|upkeep\n|turn|11\n|\n|t:|1770926186\n|cant|p2a: Salazzle|frz\n|move|p1a: Glaceon|Wish|p1a: Glaceon\n|\n|-heal|p2a: Salazzle|227/251 frz|[from] item: Black Sludge\n|-heal|p1a: Glaceon|247/263 tox|[from] item: Leftovers\n|-damage|p1a: Glaceon|215/263 tox|[from] psn\n|upkeep\n|turn|12\n|\n|t:|1770926194\n|switch|p1a: Toxicroak|Toxicroak, L84, M|56/277\n|cant|p2a: Salazzle|frz\n|\n|-heal|p1a: Toxicroak|187/277|[from] move: Wish|[wisher] Glaceon\n|-heal|p2a: Salazzle|242/251 frz|[from] item: Black Sludge\n|upkeep\n|turn|13\n|\n|t:|1770926201\n|cant|p2a: Salazzle|frz\n|move|p1a: Toxicroak|Knock Off|p2a: Salazzle\n|-damage|p2a: Salazzle|122/251 frz\n|-enditem|p2a: Salazzle|Black Sludge|[from] move: Knock Off|[of] p1a: Toxicroak\n|-damage|p1a: Toxicroak|160/277|[from] item: Life Orb\n|\n|upkeep\n|turn|14\n|\n|t:|1770926210\n|cant|p2a: Salazzle|frz\n|move|p1a: Toxicroak|Swords Dance|p1a: Toxicroak\n|-boost|p1a: Toxicroak|atk|2\n|\n|upkeep\n|turn|15\n|\n|t:|1770926218\n|cant|p2a: Salazzle|frz\n|move|p1a: Toxicroak|Gunk Shot|p2a: Salazzle\n|-resisted|p2a: Salazzle\n|-damage|p2a: Salazzle|0 fnt\n|faint|p2a: Salazzle\n|-damage|p1a: Toxicroak|133/277|[from] item: Life Orb\n|\n|upkeep\n|c|☆86Stingray|wow look at you bud\n|\n|t:|1770926227\n|switch|p2a: Sableye|Sableye, L93, F|244/244\n|turn|16\n|\n|t:|1770926230\n|switch|p1a: Glaceon|Glaceon, L90, F|215/263 tox\n|move|p2a: Sableye|Will-O-Wisp||[still]\n|-fail|p2a: Sableye\n|\n|-heal|p1a: Glaceon|231/263 tox|[from] item: Leftovers\n|-damage|p1a: Glaceon|215/263 tox|[from] psn\n|upkeep\n|turn|17\n|c|☆spiritgana|its a game man relax\n|c|☆spiritgana|its not that serious\n|c|☆86Stingray|all i said was look at you bud\n|c|☆spiritgana|you win some you lose some in rng\n|inactive|86Stingray has 120 seconds left.\n|c|☆86Stingray|holy fragile\n|c|☆spiritgana|?\n|c|☆spiritgana|why are you so mad\n|c|☆spiritgana|chill\n|c|☆86Stingray|lmao\n|\n|t:|1770926283\n|switch|p2a: Kyurem|Kyurem-Black, L77|319/319\n|-ability|p2a: Kyurem|Teravolt\n|move|p1a: Glaceon|Wish|p1a: Glaceon\n|\n|-heal|p1a: Glaceon|231/263 tox|[from] item: Leftovers\n|-damage|p1a: Glaceon|199/263 tox|[from] psn\n|upkeep\n|turn|18\n|\n|t:|1770926306\n|switch|p1a: Toxicroak|Toxicroak, L84, M|133/277\n|move|p2a: Kyurem|Fusion Bolt|p1a: Toxicroak\n|-damage|p1a: Toxicroak|14/277\n|\n|-heal|p1a: Toxicroak|145/277|[from] move: Wish|[wisher] Glaceon\n|upkeep\n|turn|19\n|c|☆86Stingray|do you know what it means to be called fragile?\n|c|☆spiritgana|?\n|\n|t:|1770926320\n|move|p2a: Kyurem|Outrage|p1a: Toxicroak\n|-damage|p1a: Toxicroak|0 fnt\n|faint|p1a: Toxicroak\n|\n|upkeep\n|\n|t:|1770926337\n|switch|p1a: Oranguru|Oranguru, L93, M|318/318\n|turn|20\n|inactive|spiritgana has 120 seconds left.\n|\n|t:|1770926353\n|move|p2a: Kyurem|Outrage|p1a: Oranguru|[from] lockedmove\n|-damage|p1a: Oranguru|168/318\n|move|p1a: Oranguru|Psychic|p2a: Kyurem\n|-damage|p2a: Kyurem|150/319\n|\n|-heal|p2a: Kyurem|169/319|[from] item: Leftovers\n|upkeep\n|turn|21\n|\n|t:|1770926360\n|move|p2a: Kyurem|Outrage|p1a: Oranguru|[from] lockedmove\n|-damage|p1a: Oranguru|11/318\n|-start|p2a: Kyurem|confusion|[fatigue]\n|move|p1a: Oranguru|Psychic|p2a: Kyurem\n|-damage|p2a: Kyurem|0 fnt\n|faint|p2a: Kyurem\n|\n|upkeep\n|inactive|86Stingray has 120 seconds left.\n|\n|t:|1770926378\n|switch|p2a: Togekiss|Togekiss, L81, M|270/270\n|turn|22\n|\n|t:|1770926384\n|move|p2a: Togekiss|Air Slash|p1a: Oranguru\n|-damage|p1a: Oranguru|0 fnt\n|faint|p1a: Oranguru\n|\n|upkeep\n|\n|t:|1770926404\n|switch|p1a: Glaceon|Glaceon, L90, F|199/263 tox\n|turn|23\n|\n|t:|1770926408\n|move|p2a: Togekiss|Air Slash|p1a: Glaceon\n|-damage|p1a: Glaceon|120/263 tox\n|move|p1a: Glaceon|Toxic|p2a: Togekiss\n|-status|p2a: Togekiss|tox\n|\n|-heal|p1a: Glaceon|136/263 tox|[from] item: Leftovers\n|-damage|p2a: Togekiss|254/270 tox|[from] psn\n|-damage|p1a: Glaceon|120/263 tox|[from] psn\n|upkeep\n|turn|24\n|\n|t:|1770926416\n|move|p2a: Togekiss|Air Slash|p1a: Glaceon\n|-damage|p1a: Glaceon|44/263 tox\n|move|p1a: Glaceon|Wish|p1a: Glaceon\n|\n|-heal|p1a: Glaceon|60/263 tox|[from] item: Leftovers\n|-damage|p2a: Togekiss|222/270 tox|[from] psn\n|-damage|p1a: Glaceon|28/263 tox|[from] psn\n|upkeep\n|turn|25\n|\n|t:|1770926426\n|move|p1a: Glaceon|Protect|p1a: Glaceon\n|-singleturn|p1a: Glaceon|Protect\n|move|p2a: Togekiss|Air Slash|p1a: Glaceon\n|-activate|p1a: Glaceon|move: Protect\n|\n|-heal|p1a: Glaceon|159/263 tox|[from] move: Wish|[wisher] Glaceon\n|-heal|p1a: Glaceon|175/263 tox|[from] item: Leftovers\n|-damage|p2a: Togekiss|174/270 tox|[from] psn\n|-damage|p1a: Glaceon|127/263 tox|[from] psn\n|upkeep\n|turn|26\n|\n|t:|1770926436\n|switch|p1a: Feraligatr|Feraligatr, L79, M|232/264 brn\n|move|p2a: Togekiss|Air Slash|p1a: Feraligatr\n|-damage|p1a: Feraligatr|142/264 brn\n|\n|-damage|p2a: Togekiss|110/270 tox|[from] psn\n|-damage|p1a: Feraligatr|126/264 brn|[from] brn\n|upkeep\n|turn|27\n|\n|t:|1770926443\n|switch|p2a: Venusaur|Venusaur-Mega, L78, F|100/253\n|move|p1a: Feraligatr|Dragon Dance|p1a: Feraligatr\n|-boost|p1a: Feraligatr|atk|1\n|-boost|p1a: Feraligatr|spe|1\n|\n|-damage|p1a: Feraligatr|110/264 brn|[from] brn\n|upkeep\n|turn|28\n|\n|t:|1770926450\n|move|p1a: Feraligatr|Ice Punch|p2a: Venusaur\n|-supereffective|p2a: Venusaur\n|-damage|p2a: Venusaur|47/253\n|move|p2a: Venusaur|Synthesis|p2a: Venusaur\n|-heal|p2a: Venusaur|173/253\n|\n|-damage|p1a: Feraligatr|94/264 brn|[from] brn\n|upkeep\n|turn|29\n|\n|t:|1770926463\n|switch|p1a: Glaceon|Glaceon, L90, F|127/263 tox\n|move|p2a: Venusaur|Giga Drain|p1a: Glaceon\n|-damage|p1a: Glaceon|55/263 tox\n|-heal|p2a: Venusaur|209/253|[from] drain|[of] p1a: Glaceon\n|\n|-heal|p1a: Glaceon|71/263 tox|[from] item: Leftovers\n|-damage|p1a: Glaceon|55/263 tox|[from] psn\n|upkeep\n|turn|30\n|\n|t:|1770926479\n|move|p2a: Venusaur|Giga Drain|p1a: Glaceon\n|-damage|p1a: Glaceon|0 fnt\n|-heal|p2a: Venusaur|237/253|[from] drain|[of] p1a: Glaceon\n|faint|p1a: Glaceon\n|\n|upkeep\n|\n|t:|1770926489\n|switch|p1a: Regice|Regice, L87|281/281\n|turn|31\n|\n|t:|1770926497\n|switch|p2a: Togekiss|Togekiss, L81, M|110/270 tox\n|move|p1a: Regice|Thunder Wave|p2a: Togekiss|[miss]\n|-miss|p1a: Regice|p2a: Togekiss\n|\n|-damage|p2a: Togekiss|94/270 tox|[from] psn\n|upkeep\n|turn|32\n|\n|t:|1770926506\n|switch|p1a: Feraligatr|Feraligatr, L79, M|94/264 brn\n|move|p2a: Togekiss|Trick|p1a: Feraligatr\n|-activate|p2a: Togekiss|move: Trick|[of] p1a: Feraligatr\n|-item|p1a: Feraligatr|Choice Scarf|[from] move: Trick\n|-item|p2a: Togekiss|Life Orb|[from] move: Trick\n|\n|-damage|p2a: Togekiss|62/270 tox|[from] psn\n|-damage|p1a: Feraligatr|78/264 brn|[from] brn\n|upkeep\n|turn|33\n|\n|t:|1770926515\n|switch|p2a: Venusaur|Venusaur-Mega, L78, F|237/253\n|move|p1a: Feraligatr|Ice Punch|p2a: Venusaur\n|-supereffective|p2a: Venusaur\n|-damage|p2a: Venusaur|209/253\n|\n|-damage|p1a: Feraligatr|62/264 brn|[from] brn\n|upkeep\n|turn|34\n|\n|t:|1770926522\n|switch|p1a: Regice|Regice, L87|281/281\n|move|p2a: Venusaur|Giga Drain|p1a: Regice\n|-damage|p1a: Regice|239/281\n|-heal|p2a: Venusaur|230/253|[from] drain|[of] p1a: Regice\n|\n|-heal|p1a: Regice|256/281|[from] item: Leftovers\n|upkeep\n|turn|35\n|\n|t:|1770926530\n|switch|p2a: Togekiss|Togekiss, L81, M|62/270 tox\n|move|p1a: Regice|Ice Beam|p2a: Togekiss\n|-supereffective|p2a: Togekiss\n|-damage|p2a: Togekiss|0 fnt\n|faint|p2a: Togekiss\n|\n|-heal|p1a: Regice|273/281|[from] item: Leftovers\n|upkeep\n|\n|t:|1770926537\n|switch|p2a: Sableye|Sableye, L93, F|244/244\n|turn|36\n|\n|t:|1770926543\n|move|p2a: Sableye|Toxic|p1a: Regice\n|-status|p1a: Regice|tox\n|move|p1a: Regice|Thunder Wave|p2a: Sableye\n|-status|p2a: Sableye|par\n|\n|-heal|p1a: Regice|281/281 tox|[from] item: Leftovers\n|-damage|p1a: Regice|264/281 tox|[from] psn\n|upkeep\n|turn|37\n|\n|t:|1770926553\n|move|p1a: Regice|Ice Beam|p2a: Sableye\n|-damage|p2a: Sableye|126/244 par\n|move|p2a: Sableye|Foul Play|p1a: Regice\n|-damage|p1a: Regice|219/281 tox\n|\n|-heal|p1a: Regice|236/281 tox|[from] item: Leftovers\n|-heal|p2a: Sableye|141/244 par|[from] item: Leftovers\n|-damage|p1a: Regice|202/281 tox|[from] psn\n|upkeep\n|turn|38\n|\n|t:|1770926562\n|move|p1a: Regice|Ice Beam|p2a: Sableye\n|-damage|p2a: Sableye|30/244 par\n|cant|p2a: Sableye|par\n|\n|-heal|p1a: Regice|219/281 tox|[from] item: Leftovers\n|-heal|p2a: Sableye|45/244 par|[from] item: Leftovers\n|-damage|p1a: Regice|168/281 tox|[from] psn\n|upkeep\n|turn|39\n|\n|t:|1770926570\n|move|p2a: Sableye|Recover|p2a: Sableye\n|-heal|p2a: Sableye|167/244 par\n|move|p1a: Regice|Ice Beam|p2a: Sableye\n|-damage|p2a: Sableye|59/244 par\n|\n|-heal|p1a: Regice|185/281 tox|[from] item: Leftovers\n|-heal|p2a: Sableye|74/244 par|[from] item: Leftovers\n|-damage|p1a: Regice|117/281 tox|[from] psn\n|upkeep\n|turn|40\n|\n|t:|1770926579\n|switch|p1a: Dragonite|Dragonite, L72, M|250/250\n|move|p2a: Sableye|Recover|p2a: Sableye\n|-heal|p2a: Sableye|196/244 par\n|\n|-heal|p2a: Sableye|211/244 par|[from] item: Leftovers\n|upkeep\n|turn|41\n|\n|t:|1770926597\n|switch|p1a: Regice|Regice, L87|117/281 tox\n|move|p2a: Sableye|Will-O-Wisp||[still]\n|-fail|p2a: Sableye\n|\n|-heal|p1a: Regice|134/281 tox|[from] item: Leftovers\n|-heal|p2a: Sableye|226/244 par|[from] item: Leftovers\n|-damage|p1a: Regice|117/281 tox|[from] psn\n|upkeep\n|turn|42\n|\n|t:|1770926606\n|move|p1a: Regice|Ice Beam|p2a: Sableye\n|-damage|p2a: Sableye|105/244 par\n|move|p2a: Sableye|Foul Play|p1a: Regice\n|-damage|p1a: Regice|77/281 tox\n|\n|-heal|p1a: Regice|94/281 tox|[from] item: Leftovers\n|-heal|p2a: Sableye|120/244 par|[from] item: Leftovers\n|-damage|p1a: Regice|60/281 tox|[from] psn\n|upkeep\n|turn|43\n|\n|t:|1770926619\n|move|p2a: Sableye|Recover|p2a: Sableye\n|-heal|p2a: Sableye|242/244 par\n|move|p1a: Regice|Ice Beam|p2a: Sableye\n|-damage|p2a: Sableye|134/244 par\n|\n|-heal|p1a: Regice|77/281 tox|[from] item: Leftovers\n|-heal|p2a: Sableye|149/244 par|[from] item: Leftovers\n|-damage|p1a: Regice|26/281 tox|[from] psn\n|upkeep\n|turn|44\n|\n|t:|1770926630\n|switch|p2a: Venusaur|Venusaur-Mega, L78, F|230/253\n|move|p1a: Regice|Ice Beam|p2a: Venusaur\n|-supereffective|p2a: Venusaur\n|-damage|p2a: Venusaur|138/253\n|\n|-heal|p1a: Regice|43/281 tox|[from] item: Leftovers\n|-damage|p1a: Regice|0 fnt|[from] psn\n|faint|p1a: Regice\n|upkeep\n|\n|t:|1770926633\n|switch|p1a: Dragonite|Dragonite, L72, M|250/250\n|turn|45\n|\n|t:|1770926644\n|move|p2a: Venusaur|Sludge Bomb|p1a: Dragonite\n|-damage|p1a: Dragonite|202/250\n|-status|p1a: Dragonite|psn\n|move|p1a: Dragonite|Dragon Dance|p1a: Dragonite\n|-boost|p1a: Dragonite|atk|1\n|-boost|p1a: Dragonite|spe|1\n|\n|-damage|p1a: Dragonite|171/250 psn|[from] psn\n|upkeep\n|turn|46\n|\n|t:|1770926654\n|move|p1a: Dragonite|Fly||[still]\n|-prepare|p1a: Dragonite|Fly\n|move|p2a: Venusaur|Sludge Bomb|p1a: Dragonite|[miss]\n|-miss|p2a: Venusaur|p1a: Dragonite\n|\n|-damage|p1a: Dragonite|140/250 psn|[from] psn\n|upkeep\n|turn|47\n|\n|t:|1770926670\n|switch|p2a: Sableye|Sableye, L93, F|149/244 par\n|move|p1a: Dragonite|Fly|p2a: Sableye|[from] lockedmove\n|-damage|p2a: Sableye|10/244 par\n|\n|-heal|p2a: Sableye|25/244 par|[from] item: Leftovers\n|-damage|p1a: Dragonite|109/250 psn|[from] psn\n|upkeep\n|turn|48\n|\n|t:|1770926683\n|move|p2a: Sableye|Recover|p2a: Sableye\n|-heal|p2a: Sableye|147/244 par\n|move|p1a: Dragonite|Outrage|p2a: Sableye\n|-crit|p2a: Sableye\n|-damage|p2a: Sableye|0 fnt\n|faint|p2a: Sableye\n|\n|-damage|p1a: Dragonite|78/250 psn|[from] psn\n|upkeep\n|\n|t:|1770926691\n|switch|p2a: Venusaur|Venusaur-Mega, L78, F|138/253\n|turn|49\n|\n|t:|1770926693\n|move|p1a: Dragonite|Outrage|p2a: Venusaur|[from] lockedmove\n|-damage|p2a: Venusaur|0 fnt\n|faint|p2a: Venusaur\n|detailschange|p2: Venusaur|Venusaur, L78, F|[silent]\n|-start|p1a: Dragonite|confusion|[fatigue]\n|\n|-damage|p1a: Dragonite|47/250 psn|[from] psn\n|upkeep\n|\n|t:|1770926700\n|switch|p2a: Virizion|Virizion, L81|280/280\n|turn|50\n|\n|t:|1770926707\n|-activate|p1a: Dragonite|confusion\n|-zpower|p1a: Dragonite\n|move|p1a: Dragonite|Supersonic Skystrike|p2a: Virizion|[zeffect]\n|-supereffective|p2a: Virizion\n|-damage|p2a: Virizion|0 fnt\n|faint|p2a: Virizion\n|\n|win|spiritgana\n|raw|spiritgana's rating: 1600 &rarr; <strong>1616</strong><br />(+16 for winning)\n|raw|86Stingray's rating: 1533 &rarr; <strong>1517</strong><br />(-16 for losing)\n", "inputlog": ">version ccdc32dd7cde25fd9e4bed64820e885f66e78a4e\n>start {\"formatid\":\"gen7randombattle\",\"seed\":\"sodium,8a07922de18e356693e3dc4caa73a12d\",\"rated\":\"Rated battle\"}\n>player p1 {\"name\":\"spiritgana\",\"avatar\":\"2\",\"rating\":1600,\"seed\":\"sodium,8d222686bfbd7e9d00079a478ccfefa0\"}\n>player p2 {\"name\":\"86Stingray\",\"avatar\":\"backersf\",\"rating\":1533,\"seed\":\"sodium,49ff540df97a5710555effdf3cdfb3b5\"}\n>p1 move focusblast\n>p2 switch 3\n>p1 switch 5\n>p2 move toxic\n>p1 move icebeam\n>p2 switch 5\n>p1 switch 2\n>p2 move flamethrower\n>p1 move dragondance\n>p2 switch 5\n>p1 move dragondance\n>p2 move willowisp\n>p1 move dragondance\n>p2 switch 6\n>p1 switch 3\n>p2 move gigadrain mega\n>p1 move gunkshot\n>p2 move earthquake\n>p1 switch 2\n>p2 switch 5\n>p1 move wish\n>p2 move flamethrower\n>p1 switch 2\n>p2 move toxic\n>p1 move knockoff\n>p2 move flamethrower\n>p1 move swordsdance\n>p2 move flamethrower\n>p1 move gunkshot\n>p2 move flamethrower\n>chat ☆86Stingray|wow look at you bud\n>p2 switch 6\n>p1 switch 2\n>p2 move willowisp\n>chat ☆spiritgana|its a game man relax \n>chat ☆spiritgana|its not that serious \n>chat ☆86Stingray|all i said was look at you bud\n>chat ☆spiritgana|you win some you lose some in rng\n>chat ☆86Stingray|holy fragile\n>chat ☆spiritgana|?\n>chat ☆spiritgana|why are you so mad \n>chat ☆spiritgana|chill\n>chat ☆86Stingray|lmao \n>p1 move wish\n>p2 switch 3\n>p1 switch 2\n>p2 move fusionbolt\n>chat ☆86Stingray|do you know what it means to be called fragile?\n>chat ☆spiritgana|?\n>p1 move drainpunch\n>p2 move outrage\n>p1 switch 5\n>p1 move psychic\n>p2 move outrage\n>p1 move psychic\n>p2 move outrage\n>p2 switch 2\n>p1 move psychic\n>p2 move airslash\n>p1 switch 2\n>p1 move toxic\n>p2 move airslash\n>p1 move wish\n>p2 move airslash\n>p1 move protect\n>p2 move airslash\n>p1 switch 3\n>p2 move airslash\n>p1 move dragondance\n>p2 switch 5\n>p1 move icepunch\n>p2 move synthesis\n>p1 switch 3\n>p2 move gigadrain\n>p1 move icebeam\n>p2 move gigadrain\n>p1 switch 4\n>p1 move thunderwave\n>p2 switch 5\n>p1 switch 3\n>p2 move trick\n>p1 move icepunch\n>p2 switch 5\n>p1 switch 3\n>p2 move gigadrain\n>p1 move icebeam\n>p2 switch 5\n>p2 switch 3\n>p1 move thunderwave\n>p2 move toxic\n>p1 move icebeam\n>p2 move foulplay\n>p1 move icebeam\n>p2 move foulplay\n>p1 move icebeam\n>p2 move recover\n>p1 switch 6\n>p2 move recover\n>p1 switch 6\n>p2 move willowisp\n>p1 move icebeam\n>p2 move foulplay\n>p1 move icebeam\n>p2 move recover\n>p1 move icebeam\n>p2 switch 5\n>p1 switch 6\n>p1 move dragondance\n>p2 move sludgebomb\n>p1 move fly\n>p2 move sludgebomb\n>p1 move fly\n>p2 switch 5\n>p1 move outrage\n>p2 move recover\n>p2 switch 5\n>p1 move outrage\n>p2 move synthesis\n>p2 switch 4\n>p1 move fly zmove\n>p2 move closecombat", "uploadtime": 1770926712, "views": 221, "formatid": "gen7randombattle", "rating": 1517, "private": 0, "password": null}