{"id": "gen7randombattle-2537454218", "format": "[Gen 7] Random Battle", "players": ["Chungulous", "Defeat Brawler"], "log": "|j|☆Chungulous\n|j|☆Defeat Brawler\n|t:|1770817026\n|gametype|singles\n|player|p1|Chungulous|emmet|1574\n|player|p2|Defeat Brawler|molayne|1622\n|gen|7\n|tier|[Gen 7] Random Battle\n|rated|\n|rule|Sleep Clause Mod: Limit one foe put to sleep\n|rule|HP Percentage Mod: HP is shown in percentages\n|rule|Illusion Level Mod: Illusion disguises the Pokémon's true level\n|\n|t:|1770817026\n|teamsize|p1|6\n|teamsize|p2|6\n|start\n|switch|p1a: Flygon|Flygon, L82, M|265/265\n|switch|p2a: Mamoswine|Mamoswine, L79, F|303/303\n|turn|1\n|inactive|Battle timer is ON: inactive players will automatically lose when time's up. (requested by Defeat Brawler)\n|inactive|Chungulous also wants the timer to be on.\n|\n|t:|1770817053\n|switch|p1a: Aegislash|Aegislash, L77, F|219/219\n|move|p2a: Mamoswine|Knock Off|p1a: Aegislash\n|-supereffective|p1a: Aegislash\n|-damage|p1a: Aegislash|55/219\n|-enditem|p1a: Aegislash|Leftovers|[from] move: Knock Off|[of] p2a: Mamoswine\n|\n|upkeep\n|turn|2\n|\n|t:|1770817059\n|move|p1a: Aegislash|King's Shield|p1a: Aegislash\n|-singleturn|p1a: Aegislash|Protect\n|move|p2a: Mamoswine|Knock Off|p1a: Aegislash\n|-activate|p1a: Aegislash|move: Protect\n|-unboost|p2a: Mamoswine|atk|2\n|\n|upkeep\n|turn|3\n|\n|t:|1770817068\n|move|p2a: Mamoswine|Knock Off|p1a: Aegislash\n|-supereffective|p1a: Aegislash\n|-damage|p1a: Aegislash|0 fnt\n|faint|p1a: Aegislash\n|\n|upkeep\n|\n|t:|1770817075\n|switch|p1a: Ambipom|Ambipom, L84, F|263/263\n|turn|4\n|\n|t:|1770817079\n|switch|p2a: Sableye|Sableye, L86, F|226/226\n|move|p1a: Ambipom|U-turn|p2a: Sableye\n|-damage|p2a: Sableye|142/226\n|\n|t:|1770817086\n|switch|p1a: Whimsicott|Whimsicott, L87, M|246/246|[from] U-turn\n|\n|upkeep\n|turn|5\n|\n|t:|1770817110\n|switch|p2a: Celebi|Celebi, L82|298/298\n|move|p1a: Whimsicott|Substitute|p1a: Whimsicott\n|-start|p1a: Whimsicott|Substitute\n|-damage|p1a: Whimsicott|185/246\n|\n|-heal|p1a: Whimsicott|200/246|[from] item: Leftovers\n|upkeep\n|turn|6\n|\n|t:|1770817115\n|move|p1a: Whimsicott|Moonblast|p2a: Celebi\n|-damage|p2a: Celebi|213/298\n|-unboost|p2a: Celebi|spa|1\n|move|p2a: Celebi|Psychic|p1a: Whimsicott\n|-end|p1a: Whimsicott|Substitute\n|\n|-heal|p1a: Whimsicott|215/246|[from] item: Leftovers\n|upkeep\n|turn|7\n|\n|t:|1770817124\n|move|p1a: Whimsicott|Moonblast|p2a: Celebi\n|-damage|p2a: Celebi|129/298\n|move|p2a: Celebi|Psychic|p1a: Whimsicott\n|-damage|p1a: Whimsicott|152/246\n|\n|-heal|p1a: Whimsicott|167/246|[from] item: Leftovers\n|upkeep\n|turn|8\n|\n|t:|1770817132\n|move|p1a: Whimsicott|Moonblast|p2a: Celebi\n|-damage|p2a: Celebi|50/298\n|move|p2a: Celebi|Recover|p2a: Celebi\n|-heal|p2a: Celebi|199/298\n|\n|-heal|p1a: Whimsicott|182/246|[from] item: Leftovers\n|upkeep\n|turn|9\n|\n|t:|1770817137\n|switch|p2a: Armaldo|Armaldo, L89, F|278/278\n|move|p1a: Whimsicott|Encore||[still]\n|-fail|p1a: Whimsicott\n|\n|-heal|p1a: Whimsicott|197/246|[from] item: Leftovers\n|upkeep\n|turn|10\n|\n|t:|1770817149\n|switch|p1a: Flygon|Flygon, L82, M|265/265\n|move|p2a: Armaldo|Stone Edge|p1a: Flygon\n|-resisted|p1a: Flygon\n|-damage|p1a: Flygon|192/265\n|\n|upkeep\n|turn|11\n|\n|t:|1770817178\n|switch|p2a: Mamoswine|Mamoswine, L79, F|303/303\n|move|p1a: Flygon|Earthquake|p2a: Mamoswine\n|-crit|p2a: Mamoswine\n|-damage|p2a: Mamoswine|131/303\n|\n|upkeep\n|turn|12\n|\n|t:|1770817187\n|move|p2a: Mamoswine|Ice Shard|p1a: Flygon\n|-supereffective|p1a: Flygon\n|-crit|p1a: Flygon\n|-damage|p1a: Flygon|0 fnt\n|faint|p1a: Flygon\n|\n|upkeep\n|\n|t:|1770817191\n|switch|p1a: Ambipom|Ambipom, L84, F|263/263\n|turn|13\n|\n|t:|1770817208\n|switch|p2a: Hariyama|Hariyama, L87, F|392/392\n|move|p1a: Ambipom|Knock Off|p2a: Hariyama\n|-resisted|p2a: Hariyama\n|-damage|p2a: Hariyama|323/392\n|-enditem|p2a: Hariyama|Flame Orb|[from] move: Knock Off|[of] p1a: Ambipom\n|\n|upkeep\n|turn|14\n|\n|t:|1770817215\n|switch|p1a: Whimsicott|Whimsicott, L87, M|197/246\n|move|p2a: Hariyama|Knock Off|p1a: Whimsicott\n|-resisted|p1a: Whimsicott\n|-damage|p1a: Whimsicott|154/246\n|-enditem|p1a: Whimsicott|Leftovers|[from] move: Knock Off|[of] p2a: Hariyama\n|\n|upkeep\n|turn|15\n|\n|t:|1770817222\n|move|p1a: Whimsicott|Substitute|p1a: Whimsicott\n|-start|p1a: Whimsicott|Substitute\n|-damage|p1a: Whimsicott|93/246\n|move|p2a: Hariyama|Bullet Punch|p1a: Whimsicott\n|-supereffective|p1a: Whimsicott\n|-end|p1a: Whimsicott|Substitute\n|\n|upkeep\n|turn|16\n|\n|t:|1770817228\n|move|p1a: Whimsicott|Leech Seed|p2a: Hariyama\n|-start|p2a: Hariyama|move: Leech Seed\n|move|p2a: Hariyama|Bullet Punch|p1a: Whimsicott\n|-supereffective|p1a: Whimsicott\n|-damage|p1a: Whimsicott|17/246\n|\n|-damage|p2a: Hariyama|274/392|[from] Leech Seed|[of] p1a: Whimsicott\n|-heal|p1a: Whimsicott|66/246|[silent]\n|upkeep\n|turn|17\n|\n|t:|1770817235\n|move|p1a: Whimsicott|Substitute|p1a: Whimsicott\n|-start|p1a: Whimsicott|Substitute\n|-damage|p1a: Whimsicott|5/246\n|move|p2a: Hariyama|Bullet Punch|p1a: Whimsicott\n|-supereffective|p1a: Whimsicott\n|-end|p1a: Whimsicott|Substitute\n|\n|-damage|p2a: Hariyama|225/392|[from] Leech Seed|[of] p1a: Whimsicott\n|-heal|p1a: Whimsicott|54/246|[silent]\n|upkeep\n|turn|18\n|\n|t:|1770817244\n|switch|p1a: Pikachu|Pikachu, L93, M|216/216\n|move|p2a: Hariyama|Close Combat|p1a: Pikachu\n|-damage|p1a: Pikachu|0 fnt\n|-unboost|p2a: Hariyama|def|1\n|-unboost|p2a: Hariyama|spd|1\n|faint|p1a: Pikachu\n|\n|upkeep\n|\n|t:|1770817254\n|switch|p1a: Ambipom|Ambipom, L84, F|263/263\n|turn|19\n|\n|t:|1770817276\n|switch|p2a: Sableye|Sableye, L86, F|142/226\n|move|p1a: Ambipom|U-turn|p2a: Sableye\n|-damage|p2a: Sableye|59/226\n|\n|t:|1770817279\n|switch|p1a: Whimsicott|Whimsicott, L87, M|54/246|[from] U-turn\n|\n|upkeep\n|turn|20\n|\n|t:|1770817289\n|move|p2a: Sableye|Will-O-Wisp|p1a: Whimsicott|[miss]\n|-miss|p2a: Sableye|p1a: Whimsicott\n|move|p1a: Whimsicott|Moonblast|p2a: Sableye\n|-supereffective|p2a: Sableye\n|-damage|p2a: Sableye|0 fnt\n|faint|p2a: Sableye\n|\n|upkeep\n|\n|t:|1770817296\n|switch|p2a: Mamoswine|Mamoswine, L79, F|131/303\n|turn|21\n|\n|t:|1770817301\n|switch|p1a: Silvally|Silvally-Steel, L87|307/307\n|move|p2a: Mamoswine|Earthquake|p1a: Silvally\n|-supereffective|p1a: Silvally\n|-damage|p1a: Silvally|11/307\n|\n|upkeep\n|turn|22\n|\n|t:|1770817310\n|switch|p2a: Hariyama|Hariyama, L87, F|225/392\n|move|p1a: Silvally|Parting Shot|p2a: Hariyama\n|-unboost|p2a: Hariyama|atk|1\n|-unboost|p2a: Hariyama|spa|1\n|\n|t:|1770817314\n|switch|p1a: Ambipom|Ambipom, L84, F|263/263|[from] Parting Shot\n|\n|upkeep\n|turn|23\n|\n|t:|1770817320\n|move|p1a: Ambipom|Return|p2a: Hariyama\n|-damage|p2a: Hariyama|23/392\n|move|p2a: Hariyama|Close Combat|p1a: Ambipom\n|-supereffective|p1a: Ambipom\n|-damage|p1a: Ambipom|11/263\n|-unboost|p2a: Hariyama|def|1\n|-unboost|p2a: Hariyama|spd|1\n|\n|upkeep\n|turn|24\n|\n|t:|1770817327\n|move|p2a: Hariyama|Bullet Punch|p1a: Ambipom\n|-damage|p1a: Ambipom|0 fnt\n|faint|p1a: Ambipom\n|\n|upkeep\n|\n|t:|1770817331\n|switch|p1a: Whimsicott|Whimsicott, L87, M|54/246\n|turn|25\n|\n|t:|1770817337\n|move|p1a: Whimsicott|Leech Seed|p2a: Hariyama\n|-start|p2a: Hariyama|move: Leech Seed\n|move|p2a: Hariyama|Bullet Punch|p1a: Whimsicott\n|-supereffective|p1a: Whimsicott\n|-damage|p1a: Whimsicott|4/246\n|\n|-damage|p2a: Hariyama|0 fnt|[from] Leech Seed|[of] p1a: Whimsicott\n|-heal|p1a: Whimsicott|27/246|[silent]\n|faint|p2a: Hariyama\n|upkeep\n|\n|t:|1770817339\n|switch|p2a: Mamoswine|Mamoswine, L79, F|131/303\n|turn|26\n|\n|t:|1770817343\n|move|p1a: Whimsicott|Leech Seed|p2a: Mamoswine\n|-start|p2a: Mamoswine|move: Leech Seed\n|move|p2a: Mamoswine|Ice Shard|p1a: Whimsicott\n|-supereffective|p1a: Whimsicott\n|-damage|p1a: Whimsicott|0 fnt\n|faint|p1a: Whimsicott\n|\n|upkeep\n|\n|t:|1770817345\n|switch|p1a: Silvally|Silvally-Steel, L87|11/307\n|turn|27\n|\n|t:|1770817348\n|move|p2a: Mamoswine|Ice Shard|p1a: Silvally\n|-resisted|p1a: Silvally\n|-damage|p1a: Silvally|0 fnt\n|faint|p1a: Silvally\n|\n|win|Defeat Brawler\n|raw|Chungulous's rating: 1574 &rarr; <strong>1557</strong><br />(-17 for losing)\n|raw|Defeat Brawler's rating: 1622 &rarr; <strong>1639</strong><br />(+17 for winning)\n|l|☆Chungulous\n|player|p1|\n", "inputlog": ">version ccdc32dd7cde25fd9e4bed64820e885f66e78a4e\n>start {\"formatid\":\"gen7randombattle\",\"seed\":\"sodium,a8b654fcf2e0fc4b00b4ed1a9a4f5da5\",\"rated\":\"Rated battle\"}\n>player p1 {\"name\":\"Chungulous\",\"avatar\":\"emmet\",\"rating\":1574,\"seed\":\"sodium,5ac3ccce745dfeb7fb48ce578bb8b6e4\"}\n>player p2 {\"name\":\"Defeat Brawler\",\"avatar\":\"molayne\",\"rating\":1622,\"seed\":\"sodium,30fd62c29712b1b3efddc228c6718d54\"}\n>p1 switch 4\n>p2 move knockoff\n>p1 move kingsshield\n>p2 move knockoff\n>p1 move toxic\n>p2 move knockoff\n>p1 switch 2\n>p1 move uturn\n>p2 switch 2\n>p1 switch 3\n>p1 move substitute\n>p2 switch 6\n>p1 move moonblast\n>p2 move psychic\n>p1 move moonblast\n>p2 move psychic\n>p1 move moonblast\n>p2 move recover\n>p1 move encore\n>p2 switch 5\n>p1 switch 4\n>p2 move stoneedge\n>p1 move earthquake\n>p2 switch 2\n>p1 move earthquake\n>p2 move iceshard\n>p1 switch 3\n>p1 move knockoff\n>p2 switch 3\n>p1 switch 4\n>p2 move knockoff\n>p1 move substitute\n>p2 move bulletpunch\n>p1 move leechseed\n>p2 move bulletpunch\n>p1 move substitute\n>p2 move bulletpunch\n>p1 switch 5\n>p2 move closecombat\n>p1 switch 4\n>p1 move uturn\n>p2 switch 6\n>p1 switch 5\n>p1 move moonblast\n>p2 move willowisp\n>p2 switch 3\n>p1 switch 6\n>p2 move earthquake\n>p1 move partingshot\n>p2 switch 6\n>p1 switch 5\n>p1 move return\n>p2 move closecombat\n>p1 move return\n>p2 move bulletpunch\n>p1 switch 6\n>p1 move leechseed\n>p2 move bulletpunch\n>p2 switch 6\n>p1 move leechseed\n>p2 move iceshard\n>p1 switch 5\n>p1 move multiattack\n>p2 move iceshard", "uploadtime": 1770817350, "views": 196, "formatid": "gen7randombattle", "rating": 1557, "private": 0, "password": null}