{"id": "gen7randombattle-2537885370", "format": "[Gen 7] Random Battle", "players": ["aurora ltd", "Bin2409"], "log": "|j|☆aurora ltd\n|j|☆Bin2409\n|t:|1770859445\n|gametype|singles\n|player|p1|aurora ltd|1|1636\n|player|p2|Bin2409|169|1847\n|gen|7\n|tier|[Gen 7] Random Battle\n|rated|\n|rule|Sleep Clause Mod: Limit one foe put to sleep\n|rule|HP Percentage Mod: HP is shown in percentages\n|rule|Illusion Level Mod: Illusion disguises the Pokémon's true level\n|\n|t:|1770859445\n|teamsize|p1|6\n|teamsize|p2|6\n|start\n|switch|p1a: Pikachu|Pikachu, L93, M|216/216\n|switch|p2a: Jynx|Jynx, L89, F|260/260\n|turn|1\n|\n|t:|1770859476\n|switch|p2a: Gigalith|Gigalith, L82, F|274/274\n|-weather|Sandstorm|[from] ability: Sand Stream|[of] p2a: Gigalith\n|move|p1a: Pikachu|Knock Off|p2a: Gigalith\n|-damage|p2a: Gigalith|186/274\n|-enditem|p2a: Gigalith|Leftovers|[from] move: Knock Off|[of] p1a: Pikachu\n|\n|-weather|Sandstorm|[upkeep]\n|-damage|p1a: Pikachu|203/216|[from] Sandstorm\n|upkeep\n|turn|2\n|\n|t:|1770859504\n|move|p1a: Pikachu|Volt Tackle|p2a: Gigalith\n|-damage|p2a: Gigalith|35/274\n|-damage|p1a: Pikachu|153/216|[from] Recoil\n|move|p2a: Gigalith|Stealth Rock|p1a: Pikachu\n|-sidestart|p1: aurora ltd|move: Stealth Rock\n|\n|-weather|Sandstorm|[upkeep]\n|-damage|p1a: Pikachu|140/216|[from] Sandstorm\n|upkeep\n|turn|3\n|\n|t:|1770859522\n|move|p1a: Pikachu|Knock Off|p2a: Gigalith\n|-damage|p2a: Gigalith|0 fnt\n|faint|p2a: Gigalith\n|\n|-weather|Sandstorm|[upkeep]\n|-damage|p1a: Pikachu|127/216|[from] Sandstorm\n|upkeep\n|\n|t:|1770859532\n|switch|p2a: Hydreigon|Hydreigon, L82, F|285/285\n|turn|4\n|\n|t:|1770859553\n|move|p1a: Pikachu|Extreme Speed|p2a: Hydreigon\n|-damage|p2a: Hydreigon|192/285\n|move|p2a: Hydreigon|Dark Pulse|p1a: Pikachu\n|-damage|p1a: Pikachu|1/216\n|\n|-weather|Sandstorm|[upkeep]\n|-damage|p1a: Pikachu|0 fnt|[from] Sandstorm\n|-damage|p2a: Hydreigon|175/285|[from] Sandstorm\n|faint|p1a: Pikachu\n|upkeep\n|\n|t:|1770859572\n|switch|p1a: Volbeat|Volbeat, L91, M|266/266\n|-damage|p1a: Volbeat|200/266|[from] Stealth Rock\n|turn|5\n|\n|t:|1770859591\n|switch|p2a: Kecleon|Kecleon, L90, M|254/254\n|move|p1a: Volbeat|Thunder Wave|p2a: Kecleon|[miss]\n|-miss|p1a: Volbeat|p2a: Kecleon\n|\n|-weather|none\n|-heal|p1a: Volbeat|216/266|[from] item: Leftovers\n|upkeep\n|turn|6\n|\n|t:|1770859602\n|move|p1a: Volbeat|U-turn|p2a: Kecleon\n|-damage|p2a: Kecleon|179/254\n|\n|t:|1770859619\n|switch|p1a: Kingler|Kingler, L87, M|237/237|[from] U-turn\n|-damage|p1a: Kingler|208/237|[from] Stealth Rock\n|move|p2a: Kecleon|Toxic|p1a: Kingler\n|-start|p2a: Kecleon|typechange|Poison|[from] ability: Protean\n|-status|p1a: Kingler|tox\n|\n|-heal|p2a: Kecleon|194/254|[from] item: Leftovers\n|-damage|p1a: Kingler|194/237 tox|[from] psn\n|upkeep\n|turn|7\n|\n|t:|1770859654\n|switch|p2a: Toxicroak|Toxicroak, L84, M|277/277\n|move|p1a: Kingler|Agility|p1a: Kingler\n|-boost|p1a: Kingler|spe|2\n|\n|-damage|p1a: Kingler|166/237 tox|[from] psn\n|upkeep\n|turn|8\n|\n|t:|1770859682\n|move|p1a: Kingler|Rock Slide|p2a: Toxicroak\n|-resisted|p2a: Toxicroak\n|-damage|p2a: Toxicroak|203/277\n|move|p2a: Toxicroak|Drain Punch|p1a: Kingler\n|-damage|p1a: Kingler|80/237 tox\n|-heal|p2a: Toxicroak|246/277|[from] drain|[of] p1a: Kingler\n|-damage|p2a: Toxicroak|219/277|[from] item: Life Orb\n|\n|-damage|p1a: Kingler|38/237 tox|[from] psn\n|upkeep\n|turn|9\n|\n|t:|1770859692\n|move|p1a: Kingler|Rock Slide|p2a: Toxicroak\n|-resisted|p2a: Toxicroak\n|-damage|p2a: Toxicroak|144/277\n|move|p2a: Toxicroak|Drain Punch|p1a: Kingler\n|-damage|p1a: Kingler|0 fnt\n|-heal|p2a: Toxicroak|163/277|[from] drain|[of] p1a: Kingler\n|faint|p1a: Kingler\n|-damage|p2a: Toxicroak|136/277|[from] item: Life Orb\n|\n|upkeep\n|\n|t:|1770859710\n|switch|p1a: Cofagrigus|Cofagrigus, L89, F|248/248\n|-damage|p1a: Cofagrigus|217/248|[from] Stealth Rock\n|turn|10\n|\n|t:|1770859723\n|move|p2a: Toxicroak|Knock Off|p1a: Cofagrigus\n|-supereffective|p1a: Cofagrigus\n|-damage|p1a: Cofagrigus|84/248\n|-ability|p2a: Toxicroak|Mummy|Dry Skin|[from] ability: Mummy|[of] p1a: Cofagrigus\n|-activate|p1a: Cofagrigus|ability: Mummy|Dry Skin|[of] p2a: Toxicroak\n|-enditem|p1a: Cofagrigus|Leftovers|[from] move: Knock Off|[of] p2a: Toxicroak\n|-damage|p2a: Toxicroak|109/277|[from] item: Life Orb\n|move|p1a: Cofagrigus|Shadow Ball|p2a: Toxicroak\n|-damage|p2a: Toxicroak|0 fnt\n|faint|p2a: Toxicroak\n|\n|upkeep\n|\n|t:|1770859747\n|switch|p2a: Hydreigon|Hydreigon, L82, F|175/285\n|turn|11\n|\n|t:|1770859756\n|move|p2a: Hydreigon|Dark Pulse|p1a: Cofagrigus\n|-supereffective|p1a: Cofagrigus\n|-damage|p1a: Cofagrigus|0 fnt\n|faint|p1a: Cofagrigus\n|\n|upkeep\n|\n|t:|1770859761\n|switch|p1a: Volbeat|Volbeat, L91, M|216/266\n|-damage|p1a: Volbeat|150/266|[from] Stealth Rock\n|turn|12\n|\n|t:|1770859766\n|switch|p2a: Kecleon|Kecleon, L90, M|194/254\n|move|p1a: Volbeat|Roost|p1a: Volbeat\n|-heal|p1a: Volbeat|266/266\n|-singleturn|p1a: Volbeat|move: Roost\n|\n|-heal|p2a: Kecleon|209/254|[from] item: Leftovers\n|upkeep\n|turn|13\n|\n|t:|1770859775\n|move|p1a: Volbeat|U-turn|p2a: Kecleon\n|-damage|p2a: Kecleon|125/254\n|\n|t:|1770859784\n|switch|p1a: Alomomola|Alomomola, L87, M|429/429|[from] U-turn\n|-damage|p1a: Alomomola|376/429|[from] Stealth Rock\n|move|p2a: Kecleon|Toxic|p1a: Alomomola\n|-start|p2a: Kecleon|typechange|Poison|[from] ability: Protean\n|-status|p1a: Alomomola|tox\n|\n|-heal|p2a: Kecleon|140/254|[from] item: Leftovers\n|-damage|p1a: Alomomola|350/429 tox|[from] psn\n|upkeep\n|turn|14\n|\n|t:|1770859797\n|move|p1a: Alomomola|Toxic|p2a: Kecleon\n|-immune|p2a: Kecleon\n|move|p2a: Kecleon|Recover|p2a: Kecleon\n|-start|p2a: Kecleon|typechange|Normal|[from] ability: Protean\n|-heal|p2a: Kecleon|254/254\n|\n|-damage|p1a: Alomomola|298/429 tox|[from] psn\n|upkeep\n|turn|15\n|\n|t:|1770859811\n|switch|p2a: Hydreigon|Hydreigon, L82, F|175/285\n|move|p1a: Alomomola|Toxic|p2a: Hydreigon\n|-status|p2a: Hydreigon|tox\n|\n|-damage|p2a: Hydreigon|158/285 tox|[from] psn\n|-damage|p1a: Alomomola|220/429 tox|[from] psn\n|upkeep\n|turn|16\n|\n|t:|1770859821\n|switch|p1a: Volbeat|Volbeat, L91, M|266/266\n|-damage|p1a: Volbeat|200/266|[from] Stealth Rock\n|move|p2a: Hydreigon|Dark Pulse|p1a: Volbeat\n|-damage|p1a: Volbeat|107/266\n|\n|-heal|p1a: Volbeat|123/266|[from] item: Leftovers\n|-damage|p2a: Hydreigon|124/285 tox|[from] psn\n|upkeep\n|turn|17\n|\n|t:|1770859830\n|move|p1a: Volbeat|Roost|p1a: Volbeat\n|-heal|p1a: Volbeat|256/266\n|-singleturn|p1a: Volbeat|move: Roost\n|move|p2a: Hydreigon|Draco Meteor|p1a: Volbeat\n|-crit|p1a: Volbeat\n|-damage|p1a: Volbeat|30/266\n|-unboost|p2a: Hydreigon|spa|2\n|\n|-heal|p1a: Volbeat|46/266|[from] item: Leftovers\n|-damage|p2a: Hydreigon|73/285 tox|[from] psn\n|upkeep\n|turn|18\n|\n|t:|1770859839\n|switch|p2a: Kecleon|Kecleon, L90, M|254/254\n|move|p1a: Volbeat|Roost|p1a: Volbeat\n|-heal|p1a: Volbeat|179/266\n|-singleturn|p1a: Volbeat|move: Roost\n|\n|-heal|p1a: Volbeat|195/266|[from] item: Leftovers\n|upkeep\n|turn|19\n|\n|t:|1770859850\n|move|p1a: Volbeat|U-turn|p2a: Kecleon\n|-damage|p2a: Kecleon|170/254\n|\n|t:|1770859855\n|switch|p1a: Alomomola|Alomomola, L87, M|363/429 tox|[from] U-turn\n|-damage|p1a: Alomomola|310/429 tox|[from] Stealth Rock\n|move|p2a: Kecleon|Knock Off|p1a: Alomomola\n|-start|p2a: Kecleon|typechange|Dark|[from] ability: Protean\n|-damage|p1a: Alomomola|202/429 tox\n|-damage|p2a: Kecleon|128/254|[from] item: Rocky Helmet|[of] p1a: Alomomola\n|-enditem|p1a: Alomomola|Rocky Helmet|[from] move: Knock Off|[of] p2a: Kecleon\n|\n|-heal|p2a: Kecleon|143/254|[from] item: Leftovers\n|-damage|p1a: Alomomola|176/429 tox|[from] psn\n|upkeep\n|turn|20\n|\n|t:|1770859868\n|move|p1a: Alomomola|Scald|p2a: Kecleon\n|-damage|p2a: Kecleon|106/254\n|move|p2a: Kecleon|Drain Punch|p1a: Alomomola\n|-start|p2a: Kecleon|typechange|Fighting|[from] ability: Protean\n|-damage|p1a: Alomomola|77/429 tox\n|-heal|p2a: Kecleon|156/254|[from] drain|[of] p1a: Alomomola\n|\n|-heal|p2a: Kecleon|171/254|[from] item: Leftovers\n|-damage|p1a: Alomomola|25/429 tox|[from] psn\n|upkeep\n|turn|21\n|\n|t:|1770859879\n|switch|p2a: Hydreigon|Hydreigon, L82, F|73/285 tox\n|move|p1a: Alomomola|Scald|p2a: Hydreigon\n|-resisted|p2a: Hydreigon\n|-damage|p2a: Hydreigon|58/285 tox\n|\n|-damage|p2a: Hydreigon|41/285 tox|[from] psn\n|-damage|p1a: Alomomola|0 fnt|[from] psn\n|faint|p1a: Alomomola\n|upkeep\n|\n|t:|1770859887\n|switch|p1a: Volbeat|Volbeat, L91, M|195/266\n|-damage|p1a: Volbeat|129/266|[from] Stealth Rock\n|turn|22\n|\n|t:|1770859894\n|move|p1a: Volbeat|Roost|p1a: Volbeat\n|-heal|p1a: Volbeat|262/266\n|-singleturn|p1a: Volbeat|move: Roost\n|move|p2a: Hydreigon|Dark Pulse|p1a: Volbeat\n|-damage|p1a: Volbeat|169/266\n|\n|-heal|p1a: Volbeat|185/266|[from] item: Leftovers\n|-damage|p2a: Hydreigon|7/285 tox|[from] psn\n|upkeep\n|turn|23\n|\n|t:|1770859911\n|move|p1a: Volbeat|Roost|p1a: Volbeat\n|-heal|p1a: Volbeat|266/266\n|-singleturn|p1a: Volbeat|move: Roost\n|move|p2a: Hydreigon|Draco Meteor|p1a: Volbeat\n|-damage|p1a: Volbeat|115/266\n|-unboost|p2a: Hydreigon|spa|2\n|\n|-heal|p1a: Volbeat|131/266|[from] item: Leftovers\n|-damage|p2a: Hydreigon|0 fnt|[from] psn\n|faint|p2a: Hydreigon\n|upkeep\n|\n|t:|1770859923\n|switch|p2a: Kecleon|Kecleon, L90, M|171/254\n|turn|24\n|\n|t:|1770859930\n|move|p1a: Volbeat|Roost|p1a: Volbeat\n|-heal|p1a: Volbeat|264/266\n|-singleturn|p1a: Volbeat|move: Roost\n|move|p2a: Kecleon|Toxic|p1a: Volbeat\n|-start|p2a: Kecleon|typechange|Poison|[from] ability: Protean\n|-status|p1a: Volbeat|tox\n|\n|-heal|p1a: Volbeat|266/266 tox|[from] item: Leftovers\n|-heal|p2a: Kecleon|186/254|[from] item: Leftovers\n|-damage|p1a: Volbeat|250/266 tox|[from] psn\n|upkeep\n|turn|25\n|\n|t:|1770859939\n|move|p1a: Volbeat|U-turn|p2a: Kecleon\n|-resisted|p2a: Kecleon\n|-damage|p2a: Kecleon|148/254\n|\n|t:|1770859943\n|switch|p1a: Swellow|Swellow, L82, F|233/233|[from] U-turn\n|-damage|p1a: Swellow|175/233|[from] Stealth Rock\n|move|p2a: Kecleon|Knock Off|p1a: Swellow\n|-start|p2a: Kecleon|typechange|Dark|[from] ability: Protean\n|-damage|p1a: Swellow|28/233\n|-enditem|p1a: Swellow|Choice Specs|[from] move: Knock Off|[of] p2a: Kecleon\n|\n|-heal|p2a: Kecleon|163/254|[from] item: Leftovers\n|upkeep\n|turn|26\n|\n|t:|1770859956\n|move|p1a: Swellow|Boomburst|p2a: Kecleon\n|-damage|p2a: Kecleon|84/254\n|move|p2a: Kecleon|Recover|p2a: Kecleon\n|-start|p2a: Kecleon|typechange|Normal|[from] ability: Protean\n|-heal|p2a: Kecleon|211/254\n|\n|-heal|p2a: Kecleon|226/254|[from] item: Leftovers\n|upkeep\n|turn|27\n|\n|t:|1770859966\n|move|p1a: Swellow|Boomburst|p2a: Kecleon\n|-damage|p2a: Kecleon|147/254\n|move|p2a: Kecleon|Drain Punch|p1a: Swellow\n|-start|p2a: Kecleon|typechange|Fighting|[from] ability: Protean\n|-damage|p1a: Swellow|0 fnt\n|-heal|p2a: Kecleon|161/254|[from] drain|[of] p1a: Swellow\n|faint|p1a: Swellow\n|\n|-heal|p2a: Kecleon|176/254|[from] item: Leftovers\n|upkeep\n|\n|t:|1770859976\n|switch|p1a: Volbeat|Volbeat, L91, M|250/266 tox\n|-damage|p1a: Volbeat|184/266 tox|[from] Stealth Rock\n|turn|28\n|\n|t:|1770859980\n|move|p1a: Volbeat|U-turn|p2a: Kecleon\n|-resisted|p2a: Kecleon\n|-damage|p2a: Kecleon|134/254\n|move|p2a: Kecleon|Knock Off|p1a: Volbeat\n|-start|p2a: Kecleon|typechange|Dark|[from] ability: Protean\n|-damage|p1a: Volbeat|66/266 tox\n|-enditem|p1a: Volbeat|Leftovers|[from] move: Knock Off|[of] p2a: Kecleon\n|\n|-heal|p2a: Kecleon|149/254|[from] item: Leftovers\n|-damage|p1a: Volbeat|50/266 tox|[from] psn\n|upkeep\n|turn|29\n|\n|t:|1770859989\n|move|p1a: Volbeat|U-turn|p2a: Kecleon\n|-supereffective|p2a: Kecleon\n|-damage|p2a: Kecleon|3/254\n|move|p2a: Kecleon|Knock Off|p1a: Volbeat\n|-damage|p1a: Volbeat|0 fnt\n|faint|p1a: Volbeat\n|\n|win|Bin2409\n|raw|aurora ltd's rating: 1636 &rarr; <strong>1627</strong><br />(-9 for losing)\n|raw|Bin2409's rating: 1847 &rarr; <strong>1856</strong><br />(+9 for winning)\n|c|☆Bin2409|Gg\n|c|☆aurora ltd|gg\n", "inputlog": ">version ccdc32dd7cde25fd9e4bed64820e885f66e78a4e\n>start {\"formatid\":\"gen7randombattle\",\"seed\":\"sodium,d0935a8a96b3e5dbcb644dd3d9593660\",\"rated\":\"Rated battle\"}\n>player p1 {\"name\":\"aurora ltd\",\"avatar\":\"1\",\"rating\":1636,\"seed\":\"sodium,5e85b903007b34e35bb8ae3b3833ec6f\"}\n>player p2 {\"name\":\"Bin2409\",\"avatar\":\"169\",\"rating\":1847,\"seed\":\"sodium,021fddfaecbb6be9d0479eeb628aa6bc\"}\n>p1 move knockoff\n>p2 switch 6\n>p1 move volttackle\n>p2 move stealthrock\n>p1 move knockoff\n>p2 move earthquake\n>p2 switch 4\n>p1 move extremespeed\n>p2 move darkpulse\n>p1 switch 3\n>p1 move thunderwave\n>p2 switch 2\n>p1 move uturn\n>p2 move toxic\n>p1 switch 2\n>p1 move agility\n>p2 switch 3\n>p1 move rockslide\n>p2 move drainpunch\n>p1 move rockslide\n>p2 move drainpunch\n>p1 switch 5\n>p1 move shadowball\n>p2 move knockoff\n>p2 switch 2\n>p1 move toxicspikes\n>p2 move darkpulse\n>p1 switch 2\n>p1 move roost\n>p2 switch 3\n>p1 move uturn\n>p2 move toxic\n>p1 switch 4\n>p1 move toxic\n>p2 move recover\n>p1 move toxic\n>p2 switch 3\n>p1 switch 4\n>p2 move darkpulse\n>p1 move roost\n>p2 move dracometeor\n>p1 move roost\n>p2 switch 3\n>p1 move uturn\n>p2 move knockoff\n>p1 switch 4\n>p1 move scald\n>p2 move drainpunch\n>p1 move scald\n>p2 switch 3\n>p1 switch 4\n>p1 move roost\n>p2 move darkpulse\n>p1 move roost\n>p2 move dracometeor\n>p2 switch 3\n>p1 move roost\n>p2 move toxic\n>p1 move uturn\n>p2 move knockoff\n>p1 switch 6\n>p1 move boomburst\n>p2 move recover\n>p1 move boomburst\n>p2 move drainpunch\n>p1 switch 6\n>p1 move uturn\n>p2 move knockoff\n>p1 move uturn\n>p2 move knockoff", "uploadtime": 1770860022, "views": 222, "formatid": "gen7randombattle", "rating": 1627, "private": 0, "password": null}