{"id": "gen7randombattle-2539433992", "format": "[Gen 7] Random Battle", "players": ["aurora ltd", "Darkbloom91"], "log": "|j|☆aurora ltd\n|j|☆Darkbloom91\n|t:|1771057923\n|gametype|singles\n|player|p1|aurora ltd|1|1626\n|player|p2|Darkbloom91|170|1637\n|gen|7\n|tier|[Gen 7] Random Battle\n|rated|\n|rule|Sleep Clause Mod: Limit one foe put to sleep\n|rule|HP Percentage Mod: HP is shown in percentages\n|rule|Illusion Level Mod: Illusion disguises the Pokémon's true level\n|\n|t:|1771057923\n|teamsize|p1|6\n|teamsize|p2|6\n|start\n|switch|p1a: Mismagius|Mismagius, L87, F|246/246\n|switch|p2a: Ursaring|Ursaring, L85, M|292/292\n|turn|1\n|inactive|Battle timer is ON: inactive players will automatically lose when time's up. (requested by Darkbloom91)\n|inactive|aurora ltd has 120 seconds left.\n|inactive|Darkbloom91 has 120 seconds left.\n|\n|t:|1771057981\n|move|p1a: Mismagius|Taunt|p2a: Ursaring\n|-start|p2a: Ursaring|move: Taunt\n|move|p2a: Ursaring|Crunch|p1a: Mismagius\n|-supereffective|p1a: Mismagius\n|-damage|p1a: Mismagius|54/246\n|-unboost|p1a: Mismagius|def|1\n|\n|-heal|p1a: Mismagius|69/246|[from] item: Leftovers\n|-status|p2a: Ursaring|tox|[from] item: Toxic Orb\n|upkeep\n|turn|2\n|\n|t:|1771057995\n|move|p1a: Mismagius|Dazzling Gleam|p2a: Ursaring\n|-crit|p2a: Ursaring\n|-damage|p2a: Ursaring|181/292 tox\n|move|p2a: Ursaring|Crunch|p1a: Mismagius\n|-supereffective|p1a: Mismagius\n|-damage|p1a: Mismagius|0 fnt\n|faint|p1a: Mismagius\n|\n|-damage|p2a: Ursaring|163/292 tox|[from] psn\n|upkeep\n|\n|t:|1771058004\n|switch|p1a: Shuckle|Shuckle, L86, F|175/175\n|turn|3\n|\n|t:|1771058034\n|switch|p2a: Gallade|Gallade, L84, M|251/251\n|move|p1a: Shuckle|Sticky Web|p2a: Gallade\n|-sidestart|p2: Darkbloom91|move: Sticky Web\n|\n|upkeep\n|turn|4\n|\n|t:|1771058061\n|move|p2a: Gallade|Swords Dance|p2a: Gallade\n|-boost|p2a: Gallade|atk|2\n|move|p1a: Shuckle|Encore|p2a: Gallade\n|-start|p2a: Gallade|Encore\n|\n|upkeep\n|turn|5\n|\n|t:|1771058076\n|switch|p2a: Luxray|Luxray, L88, F|284/284\n|-activate|p2a: Luxray|move: Sticky Web\n|-unboost|p2a: Luxray|spe|1\n|-ability|p2a: Luxray|Intimidate|boost\n|-unboost|p1a: Shuckle|atk|1\n|switch|p1a: Swoobat|Swoobat, L88, M|261/261\n|\n|upkeep\n|turn|6\n|inactive|aurora ltd has 120 seconds left.\n|\n|t:|1771058093\n|switch|p1a: Sandslash|Sandslash-Alola, L91, F|284/284\n|move|p2a: Luxray|Wild Charge|p1a: Sandslash\n|-damage|p1a: Sandslash|190/284\n|-damage|p2a: Luxray|260/284|[from] Recoil\n|\n|-heal|p1a: Sandslash|207/284|[from] item: Leftovers\n|upkeep\n|turn|7\n|\n|t:|1771058103\n|move|p1a: Sandslash|Stealth Rock|p2a: Luxray\n|-sidestart|p2: Darkbloom91|move: Stealth Rock\n|move|p2a: Luxray|Superpower|p1a: Sandslash\n|-supereffective|p1a: Sandslash\n|-damage|p1a: Sandslash|0 fnt\n|-unboost|p2a: Luxray|atk|1\n|-unboost|p2a: Luxray|def|1\n|faint|p1a: Sandslash\n|\n|upkeep\n|inactive|aurora ltd has 120 seconds left.\n|\n|t:|1771058125\n|switch|p1a: Shuckle|Shuckle, L86, F|175/175\n|turn|8\n|\n|t:|1771058138\n|switch|p2a: Drifblim|Drifblim, L85, F|392/392\n|-damage|p2a: Drifblim|294/392|[from] Stealth Rock\n|move|p1a: Shuckle|Toxic|p2a: Drifblim\n|-status|p2a: Drifblim|tox\n|\n|-damage|p2a: Drifblim|270/392 tox|[from] psn\n|upkeep\n|turn|9\n|inactive|aurora ltd has 120 seconds left.\n|\n|t:|1771058159\n|switch|p2a: Gallade|Gallade, L84, M|251/251\n|-activate|p2a: Gallade|move: Sticky Web\n|-unboost|p2a: Gallade|spe|1\n|-damage|p2a: Gallade|236/251|[from] Stealth Rock\n|move|p1a: Shuckle|Knock Off|p2a: Gallade\n|-damage|p2a: Gallade|210/251\n|-ability|p2a: Gallade|Justified|boost\n|-boost|p2a: Gallade|atk|1\n|-enditem|p2a: Gallade|Life Orb|[from] move: Knock Off|[of] p1a: Shuckle\n|\n|upkeep\n|turn|10\n|\n|t:|1771058172\n|move|p2a: Gallade|Zen Headbutt|p1a: Shuckle\n|-damage|p1a: Shuckle|105/175\n|cant|p1a: Shuckle|flinch\n|\n|upkeep\n|turn|11\n|\n|t:|1771058181\n|move|p2a: Gallade|Close Combat|p1a: Shuckle\n|-damage|p1a: Shuckle|6/175\n|-unboost|p2a: Gallade|def|1\n|-unboost|p2a: Gallade|spd|1\n|move|p1a: Shuckle|Toxic|p2a: Gallade\n|-status|p2a: Gallade|tox\n|\n|-damage|p2a: Gallade|195/251 tox|[from] psn\n|upkeep\n|turn|12\n|inactive|aurora ltd has 120 seconds left.\n|\n|t:|1771058191\n|move|p2a: Gallade|Zen Headbutt|p1a: Shuckle\n|-damage|p1a: Shuckle|0 fnt\n|faint|p1a: Shuckle\n|\n|-damage|p2a: Gallade|165/251 tox|[from] psn\n|upkeep\n|inactive|aurora ltd has 120 seconds left.\n|\n|t:|1771058204\n|switch|p1a: Swoobat|Swoobat, L88, M|261/261\n|turn|13\n|inactive|aurora ltd has 120 seconds left.\n|\n|t:|1771058225\n|move|p1a: Swoobat|Calm Mind|p1a: Swoobat\n|-boost|p1a: Swoobat|spa|2\n|-boost|p1a: Swoobat|spd|2\n|move|p2a: Gallade|Knock Off|p1a: Swoobat\n|-supereffective|p1a: Swoobat\n|-damage|p1a: Swoobat|0 fnt\n|-enditem|p1a: Swoobat|Life Orb|[from] move: Knock Off|[of] p2a: Gallade\n|faint|p1a: Swoobat\n|\n|-damage|p2a: Gallade|120/251 tox|[from] psn\n|upkeep\n|\n|t:|1771058245\n|switch|p1a: Naganadel|Naganadel, L74|230/230\n|turn|14\n|inactive|aurora ltd has 90 seconds left.\n|\n|t:|1771058287\n|switch|p2a: Latios|Latios, L79, M|256/256\n|-damage|p2a: Latios|224/256|[from] Stealth Rock\n|-zpower|p1a: Naganadel\n|move|p1a: Naganadel|Devastating Drake|p2a: Latios|[zeffect]\n|-supereffective|p2a: Latios\n|-damage|p2a: Latios|0 fnt\n|faint|p2a: Latios\n|-ability|p1a: Naganadel|Beast Boost|boost\n|-boost|p1a: Naganadel|spa|1\n|\n|upkeep\n|\n|t:|1771058296\n|switch|p2a: Luxray|Luxray, L88, F|260/284\n|-activate|p2a: Luxray|move: Sticky Web\n|-unboost|p2a: Luxray|spe|1\n|-damage|p2a: Luxray|225/284|[from] Stealth Rock\n|-ability|p2a: Luxray|Intimidate|boost\n|-unboost|p1a: Naganadel|atk|1\n|turn|15\n|\n|t:|1771058326\n|move|p1a: Naganadel|Nasty Plot|p1a: Naganadel\n|-boost|p1a: Naganadel|spa|2\n|move|p2a: Luxray|Ice Fang|p1a: Naganadel\n|-supereffective|p1a: Naganadel\n|-damage|p1a: Naganadel|64/230\n|\n|upkeep\n|turn|16\n|\n|t:|1771058346\n|move|p1a: Naganadel|Draco Meteor|p2a: Luxray\n|-damage|p2a: Luxray|0 fnt\n|-unboost|p1a: Naganadel|spa|2\n|faint|p2a: Luxray\n|-ability|p1a: Naganadel|Beast Boost|boost\n|-boost|p1a: Naganadel|spa|1\n|\n|upkeep\n|\n|t:|1771058350\n|switch|p2a: Drifblim|Drifblim, L85, F|270/392 tox\n|-damage|p2a: Drifblim|172/392 tox|[from] Stealth Rock\n|-enditem|p2a: Drifblim|Sitrus Berry|[eat]\n|-heal|p2a: Drifblim|270/392 tox|[from] item: Sitrus Berry\n|turn|17\n|\n|t:|1771058369\n|move|p2a: Drifblim|Acrobatics|p1a: Naganadel\n|-damage|p1a: Naganadel|0 fnt\n|faint|p1a: Naganadel\n|\n|-damage|p2a: Drifblim|246/392 tox|[from] psn\n|upkeep\n|\n|t:|1771058376\n|switch|p1a: Lopunny|Lopunny, L77, F|227/227\n|turn|18\n|inactive|aurora ltd has 60 seconds left.\n|\n|t:|1771058405\n|detailschange|p1a: Lopunny|Lopunny-Mega, L77, F\n|-mega|p1a: Lopunny|Lopunny|Lopunnite\n|move|p2a: Drifblim|Will-O-Wisp|p1a: Lopunny\n|-status|p1a: Lopunny|brn\n|move|p1a: Lopunny|Return|p2a: Drifblim\n|-damage|p2a: Drifblim|156/392 tox\n|\n|-damage|p2a: Drifblim|108/392 tox|[from] psn\n|-damage|p1a: Lopunny|213/227 brn|[from] brn\n|upkeep\n|turn|19\n|inactive|aurora ltd has 60 seconds left.\n|\n|t:|1771058415\n|move|p2a: Drifblim|Acrobatics|p1a: Lopunny\n|-supereffective|p1a: Lopunny\n|-damage|p1a: Lopunny|0 fnt\n|faint|p1a: Lopunny\n|detailschange|p1: Lopunny|Lopunny, L77, F|[silent]\n|\n|win|Darkbloom91\n|raw|aurora ltd's rating: 1626 &rarr; <strong>1608</strong><br />(-18 for losing)\n|raw|Darkbloom91's rating: 1665 &rarr; <strong>1683</strong><br />(+18 for winning)\n|l|☆Darkbloom91\n|player|p2|\n", "inputlog": ">version ccdc32dd7cde25fd9e4bed64820e885f66e78a4e\n>start {\"formatid\":\"gen7randombattle\",\"seed\":\"sodium,c05240c8a2b4bf865bb590354e1b7bbd\",\"rated\":\"Rated battle\"}\n>player p1 {\"name\":\"aurora ltd\",\"avatar\":\"1\",\"rating\":1626,\"seed\":\"sodium,6b9ab7aa3bf06a4a3a56f0700df7b303\"}\n>player p2 {\"name\":\"Darkbloom91\",\"avatar\":\"170\",\"rating\":1637,\"seed\":\"sodium,32a5c986e857d22723e2fc5c79a88af1\"}\n>p1 move taunt\n>p2 move crunch\n>p1 move dazzlinggleam\n>p2 move crunch\n>p1 switch 2\n>p1 move stickyweb\n>p2 switch 5\n>p1 move encore\n>p2 move swordsdance\n>p1 switch 5\n>p2 switch 2\n>p1 switch 4\n>p2 move wildcharge\n>p1 move stealthrock\n>p2 move superpower\n>p1 switch 5\n>p1 move toxic\n>p2 switch 4\n>p1 move knockoff\n>p2 switch 2\n>p1 move encore\n>p2 move zenheadbutt\n>p1 move toxic\n>p2 move closecombat\n>p1 move encore\n>p2 move zenheadbutt\n>p1 switch 4\n>p1 move calmmind\n>p2 move knockoff\n>p1 switch 3\n>p1 move dracometeor zmove\n>p2 switch 6\n>p2 switch 4\n>p1 move nastyplot\n>p2 move icefang\n>p1 move dracometeor\n>p2 move icefang\n>p2 switch 2\n>p1 move dracometeor\n>p2 move acrobatics\n>p1 switch 6\n>p1 move return mega\n>p2 move willowisp\n>p1 move return\n>p2 move acrobatics", "uploadtime": 1771058426, "views": 148, "formatid": "gen7randombattle", "rating": 1608, "private": 0, "password": null}