{"id": "gen7randombattle-2534205405", "format": "[Gen 7] Random Battle", "players": ["A random hoe", "imsobaked"], "log": "|j|☆A random hoe\n|j|☆imsobaked\n|t:|1770397615\n|gametype|singles\n|player|p1|A random hoe|malva|1547\n|player|p2|imsobaked|hiker-gen4|1617\n|gen|7\n|tier|[Gen 7] Random Battle\n|rated|\n|rule|Sleep Clause Mod: Limit one foe put to sleep\n|rule|HP Percentage Mod: HP is shown in percentages\n|rule|Illusion Level Mod: Illusion disguises the Pokémon's true level\n|\n|t:|1770397615\n|teamsize|p1|6\n|teamsize|p2|6\n|start\n|switch|p1a: Cofagrigus|Cofagrigus, L89, M|248/248\n|switch|p2a: Heatran|Heatran, L80, M|277/277\n|turn|1\n|inactive|Battle timer is ON: inactive players will automatically lose when time's up. (requested by A random hoe)\n|\n|t:|1770397621\n|move|p2a: Heatran|Toxic|p1a: Cofagrigus\n|-status|p1a: Cofagrigus|tox\n|move|p1a: Cofagrigus|Nasty Plot|p1a: Cofagrigus\n|-boost|p1a: Cofagrigus|spa|2\n|\n|-damage|p1a: Cofagrigus|233/248 tox|[from] psn\n|upkeep\n|turn|2\n|\n|t:|1770397627\n|move|p2a: Heatran|Protect|p2a: Heatran\n|-singleturn|p2a: Heatran|Protect\n|move|p1a: Cofagrigus|Hidden Power|p2a: Heatran\n|-activate|p2a: Heatran|move: Protect\n|\n|-heal|p1a: Cofagrigus|248/248 tox|[from] item: Leftovers\n|-damage|p1a: Cofagrigus|218/248 tox|[from] psn\n|upkeep\n|turn|3\n|\n|t:|1770397650\n|switch|p2a: Lickilicky|Lickilicky, L89, F|341/341\n|move|p1a: Cofagrigus|Trick Room|p1a: Cofagrigus\n|-fieldstart|move: Trick Room|[of] p1a: Cofagrigus\n|\n|-heal|p1a: Cofagrigus|233/248 tox|[from] item: Leftovers\n|-damage|p1a: Cofagrigus|188/248 tox|[from] psn\n|upkeep\n|turn|4\n|\n|t:|1770397656\n|move|p2a: Lickilicky|Protect|p2a: Lickilicky\n|-singleturn|p2a: Lickilicky|Protect\n|move|p1a: Cofagrigus|Hidden Power|p2a: Lickilicky\n|-activate|p2a: Lickilicky|move: Protect\n|\n|-heal|p1a: Cofagrigus|203/248 tox|[from] item: Leftovers\n|-damage|p1a: Cofagrigus|143/248 tox|[from] psn\n|upkeep\n|turn|5\n|\n|t:|1770397665\n|move|p1a: Cofagrigus|Hidden Power|p2a: Lickilicky\n|-supereffective|p2a: Lickilicky\n|-damage|p2a: Lickilicky|171/341\n|move|p2a: Lickilicky|Wish|p2a: Lickilicky\n|\n|-heal|p1a: Cofagrigus|158/248 tox|[from] item: Leftovers\n|-heal|p2a: Lickilicky|192/341|[from] item: Leftovers\n|-damage|p1a: Cofagrigus|83/248 tox|[from] psn\n|upkeep\n|turn|6\n|\n|t:|1770397671\n|move|p1a: Cofagrigus|Nasty Plot|p1a: Cofagrigus\n|-boost|p1a: Cofagrigus|spa|2\n|move|p2a: Lickilicky|Knock Off|p1a: Cofagrigus\n|-supereffective|p1a: Cofagrigus\n|-damage|p1a: Cofagrigus|0 fnt\n|-ability|p2a: Lickilicky|Mummy|Oblivious|[from] ability: Mummy|[of] p1a: Cofagrigus\n|-activate|p1a: Cofagrigus|ability: Mummy|Oblivious|[of] p2a: Lickilicky\n|-enditem|p1a: Cofagrigus|Leftovers|[from] move: Knock Off|[of] p2a: Lickilicky\n|faint|p1a: Cofagrigus\n|\n|-heal|p2a: Lickilicky|341/341|[from] move: Wish|[wisher] Lickilicky\n|upkeep\n|\n|t:|1770397681\n|switch|p1a: Registeel|Registeel, L83|268/268\n|turn|7\n|\n|t:|1770397689\n|switch|p2a: Heatran|Heatran, L80, M|277/277\n|move|p1a: Registeel|Toxic|p2a: Heatran|[miss]\n|-miss|p1a: Registeel|p2a: Heatran\n|\n|-fieldend|move: Trick Room\n|upkeep\n|turn|8\n|\n|t:|1770397694\n|move|p2a: Heatran|Magma Storm|p1a: Registeel\n|-supereffective|p1a: Registeel\n|-crit|p1a: Registeel\n|-damage|p1a: Registeel|28/268\n|-activate|p1a: Registeel|move: Magma Storm|[of] p2a: Heatran\n|move|p1a: Registeel|Thunder Wave|p2a: Heatran\n|-status|p2a: Heatran|par\n|\n|-heal|p1a: Registeel|44/268|[from] item: Leftovers\n|-damage|p1a: Registeel|11/268|[from] move: Magma Storm|[partiallytrapped]\n|upkeep\n|turn|9\n|\n|t:|1770397701\n|move|p1a: Registeel|Seismic Toss|p2a: Heatran\n|-damage|p2a: Heatran|194/277 par\n|cant|p2a: Heatran|par\n|\n|-heal|p1a: Registeel|27/268|[from] item: Leftovers\n|-heal|p2a: Heatran|211/277 par|[from] item: Leftovers\n|-damage|p1a: Registeel|0 fnt|[from] move: Magma Storm|[partiallytrapped]\n|faint|p1a: Registeel\n|upkeep\n|\n|t:|1770397707\n|switch|p1a: Gliscor|Gliscor, L78, M|245/245\n|turn|10\n|\n|t:|1770397729\n|switch|p2a: Giratina|Giratina, L76|353/353\n|-ability|p2a: Giratina|Pressure\n|move|p1a: Gliscor|Swords Dance|p1a: Gliscor\n|-boost|p1a: Gliscor|atk|2\n|\n|-status|p1a: Gliscor|tox|[from] item: Toxic Orb\n|upkeep\n|turn|11\n|\n|t:|1770397746\n|move|p1a: Gliscor|Earthquake|p2a: Giratina\n|-damage|p2a: Giratina|200/353\n|move|p2a: Giratina|Shadow Ball|p1a: Gliscor\n|-damage|p1a: Gliscor|163/245 tox\n|\n|-heal|p2a: Giratina|222/353|[from] item: Leftovers\n|-heal|p1a: Gliscor|193/245 tox|[from] ability: Poison Heal\n|upkeep\n|turn|12\n|\n|t:|1770397752\n|move|p1a: Gliscor|Earthquake|p2a: Giratina\n|-damage|p2a: Giratina|54/353\n|move|p2a: Giratina|Shadow Ball|p1a: Gliscor\n|-damage|p1a: Gliscor|111/245 tox\n|\n|-heal|p2a: Giratina|76/353|[from] item: Leftovers\n|-heal|p1a: Gliscor|141/245 tox|[from] ability: Poison Heal\n|upkeep\n|turn|13\n|\n|t:|1770397760\n|switch|p2a: Moltres|Moltres, L82|281/281\n|move|p1a: Gliscor|Earthquake|p2a: Moltres\n|-immune|p2a: Moltres\n|\n|-heal|p1a: Gliscor|171/245 tox|[from] ability: Poison Heal\n|upkeep\n|turn|14\n|\n|t:|1770397771\n|move|p2a: Moltres|Fire Blast|p1a: Gliscor\n|-damage|p1a: Gliscor|12/245 tox\n|move|p1a: Gliscor|Facade|p2a: Moltres\n|-damage|p2a: Moltres|121/281\n|\n|-heal|p2a: Moltres|138/281|[from] item: Leftovers\n|-heal|p1a: Gliscor|42/245 tox|[from] ability: Poison Heal\n|upkeep\n|turn|15\n|\n|t:|1770397777\n|move|p2a: Moltres|Fire Blast|p1a: Gliscor\n|-damage|p1a: Gliscor|0 fnt\n|faint|p1a: Gliscor\n|\n|-heal|p2a: Moltres|155/281|[from] item: Leftovers\n|upkeep\n|\n|t:|1770397792\n|switch|p1a: Meloetta|Meloetta, L81|295/295\n|turn|16\n|\n|t:|1770397798\n|move|p2a: Moltres|Toxic|p1a: Meloetta\n|-status|p1a: Meloetta|tox\n|-zpower|p1a: Meloetta\n|move|p1a: Meloetta|Z-Celebrate|p1a: Meloetta|[anim]Celebrate\n|-boost|p1a: Meloetta|atk|1|[zeffect]\n|-boost|p1a: Meloetta|def|1|[zeffect]\n|-boost|p1a: Meloetta|spa|1|[zeffect]\n|-boost|p1a: Meloetta|spd|1|[zeffect]\n|-boost|p1a: Meloetta|spe|1|[zeffect]\n|-activate|p1a: Meloetta|move: Celebrate\n|\n|-heal|p2a: Moltres|172/281|[from] item: Leftovers\n|-damage|p1a: Meloetta|277/295 tox|[from] psn\n|upkeep\n|turn|17\n|\n|t:|1770397807\n|switch|p2a: Heatran|Heatran, L80, M|211/277 par\n|move|p1a: Meloetta|Psyshock|p2a: Heatran\n|-resisted|p2a: Heatran\n|-damage|p2a: Heatran|143/277 par\n|\n|-heal|p2a: Heatran|160/277 par|[from] item: Leftovers\n|-damage|p1a: Meloetta|241/295 tox|[from] psn\n|upkeep\n|turn|18\n|\n|t:|1770397814\n|move|p2a: Heatran|Protect|p2a: Heatran\n|-singleturn|p2a: Heatran|Protect\n|move|p1a: Meloetta|Focus Blast|p2a: Heatran\n|-activate|p2a: Heatran|move: Protect\n|\n|-heal|p2a: Heatran|177/277 par|[from] item: Leftovers\n|-damage|p1a: Meloetta|187/295 tox|[from] psn\n|upkeep\n|turn|19\n|\n|t:|1770397819\n|switch|p2a: Moltres|Moltres, L82|172/281\n|move|p1a: Meloetta|Psyshock|p2a: Moltres\n|-damage|p2a: Moltres|28/281\n|\n|-heal|p2a: Moltres|45/281|[from] item: Leftovers\n|-damage|p1a: Meloetta|115/295 tox|[from] psn\n|upkeep\n|turn|20\n|-message|A random hoe forfeited.\n|\n|win|imsobaked\n|raw|A random hoe's rating: 1547 &rarr; <strong>1531</strong><br />(-16 for losing)\n|raw|imsobaked's rating: 1617 &rarr; <strong>1633</strong><br />(+16 for winning)\n|l|☆A random hoe\n|player|p1|\n", "inputlog": ">version ccdc32dd7cde25fd9e4bed64820e885f66e78a4e\n>start {\"formatid\":\"gen7randombattle\",\"seed\":\"sodium,639aa9e5d4592eab80068b7ae173bba3\",\"rated\":\"Rated battle\"}\n>player p1 {\"name\":\"A random hoe\",\"avatar\":\"malva\",\"rating\":1547,\"seed\":\"sodium,ec7e038a53394eb434095478e0199937\"}\n>player p2 {\"name\":\"imsobaked\",\"avatar\":\"hiker-gen4\",\"rating\":1617,\"seed\":\"sodium,6a2f3aedc01c3c3d09b9973fc28213f0\"}\n>p1 move nastyplot\n>p2 move toxic\n>p1 move hiddenpower\n>p2 move protect\n>p1 move trickroom\n>p2 switch 2\n>p1 move hiddenpower\n>p2 move protect\n>p1 move hiddenpower\n>p2 move wish\n>p1 move nastyplot\n>p2 move knockoff\n>p1 switch 4\n>p1 move toxic\n>p2 switch 2\n>p1 move thunderwave\n>p2 move magmastorm\n>p1 move seismictoss\n>p2 move earthpower\n>p1 switch 2\n>p1 move swordsdance\n>p2 switch 4\n>p1 move earthquake\n>p2 move shadowball\n>p1 move earthquake\n>p2 move shadowball\n>p1 move earthquake\n>p2 switch 5\n>p1 move facade\n>p2 move fireblast\n>p1 move roost\n>p2 move fireblast\n>p1 switch 3\n>p1 move celebrate zmove\n>p2 move toxic\n>p1 move psyshock\n>p2 switch 4\n>p1 move focusblast\n>p2 move protect\n>p1 move psyshock\n>p2 switch 4\n>forcelose p1", "uploadtime": 1770397834, "views": 214, "formatid": "gen7randombattle", "rating": 1531, "private": 0, "password": null}