{"id": "gen7randombattle-2534532292", "format": "[Gen 7] Random Battle", "players": ["UFO VSkee", "La.Hellhound"], "log": "|j|‽UFO VSkee\n|j|‽La.Hellhound\n|t:|1770433222\n|gametype|singles\n|player|p1|UFO VSkee|emmet|1719\n|player|p2|La.Hellhound|bruno|1693\n|gen|7\n|tier|[Gen 7] Random Battle\n|rated|\n|rule|Sleep Clause Mod: Limit one foe put to sleep\n|rule|HP Percentage Mod: HP is shown in percentages\n|rule|Illusion Level Mod: Illusion disguises the Pokémon's true level\n|\n|t:|1770433222\n|teamsize|p1|6\n|teamsize|p2|6\n|start\n|switch|p1a: Mesprit|Mesprit, L86|278/278\n|switch|p2a: Roserade|Roserade, L84, F|238/238\n|turn|1\n|inactive|Battle timer is ON: inactive players will automatically lose when time's up. (requested by La.Hellhound)\n|\n|t:|1770433240\n|move|p1a: Mesprit|Psyshock|p2a: Roserade\n|-supereffective|p2a: Roserade\n|-damage|p2a: Roserade|8/238\n|move|p2a: Roserade|Sleep Powder|p1a: Mesprit|[miss]\n|-miss|p2a: Roserade|p1a: Mesprit\n|\n|upkeep\n|turn|2\n|inactive|La.Hellhound has 120 seconds left.\n|inactive|La.Hellhound has 90 seconds left.\n|inactive|La.Hellhound has 60 seconds left.\n|\n|t:|1770433335\n|move|p1a: Mesprit|Psyshock|p2a: Roserade\n|-supereffective|p2a: Roserade\n|-damage|p2a: Roserade|0 fnt\n|faint|p2a: Roserade\n|\n|upkeep\n|inactive|La.Hellhound has 60 seconds left.\n|\n|t:|1770433344\n|switch|p2a: Nidoqueen|Nidoqueen, L83, F|238/238\n|turn|3\n|\n|t:|1770433349\n|move|p1a: Mesprit|Psyshock|p2a: Nidoqueen\n|-immune|p2a: Nidoqueen\n|move|p2a: Nidoqueen|Nasty Plot|p2a: Nidoqueen\n|-boost|p2a: Nidoqueen|spa|2\n|\n|upkeep\n|turn|4\n|\n|t:|1770433355\n|switch|p1a: Luvdisc|Luvdisc, F|248/248\n|move|p2a: Nidoqueen|Dark Pulse|p1a: Luvdisc\n|-damage|p1a: Luvdisc|0 fnt\n|faint|p1a: Luvdisc\n|-damage|p2a: Nidoqueen|215/238|[from] item: Life Orb\n|\n|upkeep\n|\n|t:|1770433360\n|switch|p1a: Mesprit|Mesprit, L86|278/278\n|turn|5\n|\n|t:|1770433366\n|switch|p2a: Nidoqueen|Nidoqueen, L83, F|285/285\n|move|p1a: Mesprit|Signal Beam|p2a: Nidoqueen\n|-resisted|p2a: Nidoqueen\n|-damage|p2a: Nidoqueen|254/285\n|\n|upkeep\n|turn|6\n|inactive|La.Hellhound has 90 seconds left.\n|\n|t:|1770433375\n|switch|p1a: Sigilyph|Sigilyph, L85, F|261/261\n|move|p2a: Nidoqueen|Stealth Rock|p1a: Sigilyph\n|-sidestart|p1: UFO VSkee|move: Stealth Rock\n|\n|upkeep\n|turn|7\n|\n|t:|1770433382\n|switch|p2a: Raticate|Raticate, L88, M|240/240\n|move|p1a: Sigilyph|Defog|p2a: Raticate\n|-unboost|p2a: Raticate|evasion|1\n|-sideend|p1: UFO VSkee|Stealth Rock|[from] move: Defog|[of] p1a: Sigilyph\n|\n|-status|p2a: Raticate|brn|[from] item: Flame Orb\n|upkeep\n|turn|8\n|\n|t:|1770433389\n|switch|p1a: Ferrothorn|Ferrothorn, L72, F|226/226\n|move|p2a: Raticate|Facade|p1a: Ferrothorn\n|-resisted|p1a: Ferrothorn\n|-damage|p1a: Ferrothorn|133/226\n|-damage|p2a: Raticate|210/240 brn|[from] ability: Iron Barbs|[of] p1a: Ferrothorn\n|\n|-heal|p1a: Ferrothorn|147/226|[from] item: Leftovers\n|-damage|p2a: Raticate|195/240 brn|[from] brn\n|upkeep\n|turn|9\n|\n|t:|1770433402\n|switch|p2a: Raticate|Raticate, L88, M|215/238\n|move|p1a: Ferrothorn|Leech Seed|p2a: Raticate\n|-start|p2a: Raticate|move: Leech Seed\n|\n|-heal|p1a: Ferrothorn|161/226|[from] item: Leftovers\n|-damage|p2a: Raticate|186/238|[from] Leech Seed|[of] p1a: Ferrothorn\n|-heal|p1a: Ferrothorn|190/226|[silent]\n|upkeep\n|turn|10\n|\n|t:|1770433409\n|switch|p2a: Nidoqueen|Nidoqueen, L83, F|254/285\n|switch|p1a: Mesprit|Mesprit, L86|278/278\n|\n|upkeep\n|turn|11\n|\n|t:|1770433416\n|switch|p2a: Raticate|Raticate, L88, M|186/238\n|move|p1a: Mesprit|Signal Beam|p2a: Raticate\n|-supereffective|p2a: Raticate\n|-damage|p2a: Raticate|32/238\n|-start|p2a: Raticate|confusion\n|replace|p2a: Zoroark|Zoroark, L84, F\n|-end|p2a: Zoroark|Illusion\n|-hint|Illusion Level Mod is active, so this Pokémon's true level was hidden.\n|\n|upkeep\n|turn|12\n|\n|t:|1770433426\n|switch|p2a: Nidoqueen|Nidoqueen, L83, F|254/285\n|move|p1a: Mesprit|Signal Beam|p2a: Nidoqueen\n|-resisted|p2a: Nidoqueen\n|-damage|p2a: Nidoqueen|225/285\n|\n|upkeep\n|turn|13\n|\n|t:|1770433436\n|switch|p1a: Sigilyph|Sigilyph, L85, F|261/261\n|move|p2a: Nidoqueen|Stealth Rock|p1a: Sigilyph\n|-sidestart|p1: UFO VSkee|move: Stealth Rock\n|\n|upkeep\n|turn|14\n|inactive|La.Hellhound has 120 seconds left.\n|\n|t:|1770433441\n|move|p1a: Sigilyph|Defog|p2a: Nidoqueen\n|-unboost|p2a: Nidoqueen|evasion|1\n|-sideend|p1: UFO VSkee|Stealth Rock|[from] move: Defog|[of] p1a: Sigilyph\n|move|p2a: Nidoqueen|Ice Beam|p1a: Sigilyph\n|-supereffective|p1a: Sigilyph\n|-damage|p1a: Sigilyph|61/261\n|\n|upkeep\n|turn|15\n|\n|t:|1770433448\n|move|p1a: Sigilyph|Air Slash|p2a: Nidoqueen\n|-damage|p2a: Nidoqueen|103/285\n|move|p2a: Nidoqueen|Ice Beam|p1a: Sigilyph\n|-supereffective|p1a: Sigilyph\n|-damage|p1a: Sigilyph|0 fnt\n|faint|p1a: Sigilyph\n|\n|upkeep\n|\n|t:|1770433458\n|switch|p1a: Gorebyss|Gorebyss, L85, F|231/231\n|turn|16\n|\n|t:|1770433464\n|move|p2a: Nidoqueen|Earth Power|p1a: Gorebyss\n|-damage|p1a: Gorebyss|79/231\n|move|p1a: Gorebyss|Shell Smash|p1a: Gorebyss\n|-unboost|p1a: Gorebyss|def|1\n|-unboost|p1a: Gorebyss|spd|1\n|-boost|p1a: Gorebyss|atk|2\n|-boost|p1a: Gorebyss|spa|2\n|-boost|p1a: Gorebyss|spe|2\n|-enditem|p1a: Gorebyss|White Herb\n|-clearnegativeboost|p1a: Gorebyss|[silent]\n|\n|upkeep\n|turn|17\n|\n|t:|1770433477\n|move|p1a: Gorebyss|Ice Beam|p2a: Nidoqueen\n|-supereffective|p2a: Nidoqueen\n|-damage|p2a: Nidoqueen|0 fnt\n|faint|p2a: Nidoqueen\n|\n|upkeep\n|\n|t:|1770433492\n|switch|p2a: Raticate|Raticate, L88, M|195/240 brn\n|turn|18\n|\n|t:|1770433507\n|move|p2a: Raticate|Sucker Punch|p1a: Gorebyss\n|-damage|p1a: Gorebyss|19/231\n|move|p1a: Gorebyss|Hydro Pump|p2a: Raticate|[miss]\n|-miss|p1a: Gorebyss|p2a: Raticate\n|\n|-damage|p2a: Raticate|180/240 brn|[from] brn\n|upkeep\n|turn|19\n|\n|t:|1770433517\n|move|p2a: Raticate|Sucker Punch||[still]\n|-fail|p2a: Raticate\n|move|p1a: Gorebyss|Shell Smash|p1a: Gorebyss\n|-unboost|p1a: Gorebyss|def|1\n|-unboost|p1a: Gorebyss|spd|1\n|-boost|p1a: Gorebyss|atk|2\n|-boost|p1a: Gorebyss|spa|2\n|-boost|p1a: Gorebyss|spe|2\n|\n|-damage|p2a: Raticate|165/240 brn|[from] brn\n|upkeep\n|turn|20\n|\n|t:|1770433526\n|move|p2a: Raticate|Sucker Punch||[still]\n|-fail|p2a: Raticate\n|move|p1a: Gorebyss|Shell Smash|p1a: Gorebyss\n|-unboost|p1a: Gorebyss|def|1\n|-unboost|p1a: Gorebyss|spd|1\n|-boost|p1a: Gorebyss|atk|2\n|-boost|p1a: Gorebyss|spa|2\n|-boost|p1a: Gorebyss|spe|2\n|\n|-damage|p2a: Raticate|150/240 brn|[from] brn\n|upkeep\n|turn|21\n|\n|t:|1770433534\n|move|p2a: Raticate|Sucker Punch||[still]\n|-fail|p2a: Raticate\n|move|p1a: Gorebyss|Shell Smash|p1a: Gorebyss\n|-unboost|p1a: Gorebyss|def|1\n|-unboost|p1a: Gorebyss|spd|1\n|-boost|p1a: Gorebyss|atk|0\n|-boost|p1a: Gorebyss|spa|0\n|-boost|p1a: Gorebyss|spe|0\n|\n|-damage|p2a: Raticate|135/240 brn|[from] brn\n|upkeep\n|turn|22\n|\n|t:|1770433542\n|move|p2a: Raticate|Sucker Punch||[still]\n|-fail|p2a: Raticate\n|move|p1a: Gorebyss|Shell Smash|p1a: Gorebyss\n|-unboost|p1a: Gorebyss|def|1\n|-unboost|p1a: Gorebyss|spd|1\n|-boost|p1a: Gorebyss|atk|0\n|-boost|p1a: Gorebyss|spa|0\n|-boost|p1a: Gorebyss|spe|0\n|\n|-damage|p2a: Raticate|120/240 brn|[from] brn\n|upkeep\n|turn|23\n|\n|t:|1770433553\n|move|p2a: Raticate|Sucker Punch||[still]\n|-fail|p2a: Raticate\n|move|p1a: Gorebyss|Shell Smash|p1a: Gorebyss\n|-unboost|p1a: Gorebyss|def|1\n|-unboost|p1a: Gorebyss|spd|1\n|-boost|p1a: Gorebyss|atk|0\n|-boost|p1a: Gorebyss|spa|0\n|-boost|p1a: Gorebyss|spe|0\n|\n|-damage|p2a: Raticate|105/240 brn|[from] brn\n|upkeep\n|turn|24\n|\n|t:|1770433561\n|move|p1a: Gorebyss|Shell Smash|p1a: Gorebyss\n|-unboost|p1a: Gorebyss|def|1\n|-unboost|p1a: Gorebyss|spd|1\n|-boost|p1a: Gorebyss|atk|0\n|-boost|p1a: Gorebyss|spa|0\n|-boost|p1a: Gorebyss|spe|0\n|move|p2a: Raticate|Facade|p1a: Gorebyss\n|-damage|p1a: Gorebyss|0 fnt\n|faint|p1a: Gorebyss\n|\n|-damage|p2a: Raticate|90/240 brn|[from] brn\n|upkeep\n|\n|t:|1770433564\n|switch|p1a: Ferrothorn|Ferrothorn, L72, F|190/226\n|turn|25\n|\n|t:|1770433574\n|switch|p2a: Raticate|Raticate, L88, M|32/238\n|move|p1a: Ferrothorn|Spikes|p2a: Raticate\n|-sidestart|p2: La.Hellhound|Spikes\n|\n|-heal|p1a: Ferrothorn|204/226|[from] item: Leftovers\n|upkeep\n|turn|26\n|\n|t:|1770433582\n|move|p2a: Raticate|Flamethrower|p1a: Ferrothorn\n|-supereffective|p1a: Ferrothorn\n|-damage|p1a: Ferrothorn|0 fnt\n|faint|p1a: Ferrothorn\n|-damage|p2a: Raticate|9/238|[from] item: Life Orb\n|\n|upkeep\n|\n|t:|1770433585\n|switch|p1a: Nihilego|Nihilego, L79|302/302\n|turn|27\n|\n|t:|1770433591\n|switch|p2a: Politoed|Politoed, L88, M|302/302\n|-damage|p2a: Politoed|265/302|[from] Spikes\n|-weather|RainDance|[from] ability: Drizzle|[of] p2a: Politoed\n|move|p1a: Nihilego|Sludge Wave|p2a: Politoed\n|-damage|p2a: Politoed|168/302\n|\n|-weather|RainDance|[upkeep]\n|-heal|p2a: Politoed|186/302|[from] item: Leftovers\n|upkeep\n|turn|28\n|\n|t:|1770433601\n|move|p1a: Nihilego|Toxic Spikes|p2a: Politoed\n|-sidestart|p2: La.Hellhound|move: Toxic Spikes\n|move|p2a: Politoed|Scald|p1a: Nihilego\n|-supereffective|p1a: Nihilego\n|-damage|p1a: Nihilego|84/302\n|\n|-weather|RainDance|[upkeep]\n|-heal|p1a: Nihilego|102/302|[from] item: Black Sludge\n|-heal|p2a: Politoed|204/302|[from] item: Leftovers\n|upkeep\n|turn|29\n|\n|t:|1770433609\n|move|p2a: Politoed|Protect|p2a: Politoed\n|-singleturn|p2a: Politoed|Protect\n|move|p1a: Nihilego|Thunderbolt|p2a: Politoed\n|-activate|p2a: Politoed|move: Protect\n|\n|-weather|RainDance|[upkeep]\n|-heal|p1a: Nihilego|120/302|[from] item: Black Sludge\n|-heal|p2a: Politoed|222/302|[from] item: Leftovers\n|upkeep\n|turn|30\n|\n|t:|1770433624\n|move|p1a: Nihilego|Thunderbolt|p2a: Politoed\n|-supereffective|p2a: Politoed\n|-damage|p2a: Politoed|102/302\n|move|p2a: Politoed|Scald|p1a: Nihilego\n|-supereffective|p1a: Nihilego\n|-damage|p1a: Nihilego|0 fnt\n|faint|p1a: Nihilego\n|\n|-weather|RainDance|[upkeep]\n|-heal|p2a: Politoed|120/302|[from] item: Leftovers\n|upkeep\n|\n|t:|1770433626\n|switch|p1a: Mesprit|Mesprit, L86|278/278\n|turn|31\n|\n|t:|1770433639\n|move|p2a: Politoed|Protect|p2a: Politoed\n|-singleturn|p2a: Politoed|Protect\n|move|p1a: Mesprit|Psyshock|p2a: Politoed\n|-activate|p2a: Politoed|move: Protect\n|\n|-weather|none\n|-heal|p2a: Politoed|138/302|[from] item: Leftovers\n|upkeep\n|turn|32\n|\n|t:|1770433648\n|move|p1a: Mesprit|Psyshock|p2a: Politoed\n|-crit|p2a: Politoed\n|-damage|p2a: Politoed|0 fnt\n|faint|p2a: Politoed\n|\n|upkeep\n|\n|t:|1770433652\n|switch|p2a: Articuno|Articuno, L85|291/291\n|-ability|p2a: Articuno|Pressure\n|turn|33\n|\n|t:|1770433664\n|move|p1a: Mesprit|Psyshock|p2a: Articuno\n|-damage|p2a: Articuno|201/291\n|move|p2a: Articuno|Roost|p2a: Articuno\n|-heal|p2a: Articuno|291/291\n|-singleturn|p2a: Articuno|move: Roost\n|\n|upkeep\n|turn|34\n|\n|t:|1770433675\n|move|p1a: Mesprit|Psyshock|p2a: Articuno\n|-damage|p2a: Articuno|212/291\n|move|p2a: Articuno|Roost|p2a: Articuno\n|-heal|p2a: Articuno|291/291\n|-singleturn|p2a: Articuno|move: Roost\n|\n|upkeep\n|turn|35\n|\n|t:|1770433687\n|move|p1a: Mesprit|Psyshock|p2a: Articuno\n|-damage|p2a: Articuno|206/291\n|move|p2a: Articuno|Roost|p2a: Articuno\n|-heal|p2a: Articuno|291/291\n|-singleturn|p2a: Articuno|move: Roost\n|\n|upkeep\n|turn|36\n|-message|UFO VSkee forfeited.\n|\n|win|La.Hellhound\n|raw|UFO VSkee's rating: 1692 &rarr; <strong>1672</strong><br />(-20 for losing)\n|raw|La.Hellhound's rating: 1693 &rarr; <strong>1713</strong><br />(+20 for winning)\n|l|‽UFO VSkee\n|player|p1|\n|j|‽UFO VSkee\n|player|p1|UFO VSkee|emmet|\n", "inputlog": ">version ccdc32dd7cde25fd9e4bed64820e885f66e78a4e\n>start {\"formatid\":\"gen7randombattle\",\"seed\":\"sodium,4a09f22fbd5194bda0686071ba80d5bf\",\"rated\":\"Rated battle\"}\n>player p1 {\"name\":\"UFO VSkee\",\"avatar\":\"emmet\",\"rating\":1719,\"seed\":\"sodium,4d1bd385995f301228862b03695739b1\"}\n>player p2 {\"name\":\"La.Hellhound\",\"avatar\":\"bruno\",\"rating\":1693,\"seed\":\"sodium,e65f3450f23d805bb475e671a72f9b5b\"}\n>p1 move psyshock\n>p2 move sleeppowder\n>p1 move psyshock\n>p2 move sleeppowder\n>p2 switch 4\n>p1 move psyshock\n>p2 move nastyplot\n>p1 switch 4\n>p2 move darkpulse\n>p1 switch 4\n>p1 move signalbeam\n>p2 switch 6\n>p1 switch 3\n>p2 move stealthrock\n>p1 move defog\n>p2 switch 5\n>p1 switch 6\n>p2 move facade\n>p1 move leechseed\n>p2 switch 6\n>p1 switch 3\n>p2 switch 5\n>p1 move signalbeam\n>p2 switch 5\n>p1 move signalbeam\n>p2 switch 5\n>p1 switch 6\n>p2 move stealthrock\n>p1 move defog\n>p2 move icebeam\n>p1 move airslash\n>p2 move icebeam\n>p1 switch 2\n>p1 move shellsmash\n>p2 move earthpower\n>p1 move icebeam\n>p2 move stealthrock\n>p2 switch 6\n>p1 move hydropump\n>p2 move suckerpunch\n>p1 move shellsmash\n>p2 move suckerpunch\n>p1 move shellsmash\n>p2 move suckerpunch\n>p1 move shellsmash\n>p2 move suckerpunch\n>p1 move shellsmash\n>p2 move suckerpunch\n>p1 move shellsmash\n>p2 move suckerpunch\n>p1 move shellsmash\n>p2 move facade\n>p1 switch 3\n>p1 move spikes\n>p2 switch 5\n>p1 move spikes\n>p2 move flamethrower\n>p1 switch 5\n>p1 move sludgewave\n>p2 switch 2\n>p1 move toxicspikes\n>p2 move scald\n>p1 move thunderbolt\n>p2 move protect\n>p1 move thunderbolt\n>p2 move scald\n>p1 switch 6\n>p1 move psyshock\n>p2 move protect\n>p1 move psyshock\n>p2 move toxic\n>p2 switch 3\n>p1 move psyshock\n>p2 move roost\n>p1 move psyshock\n>p2 move roost\n>p1 move psyshock\n>p2 move roost\n>forcelose p1", "uploadtime": 1770433695, "views": 203, "formatid": "gen7randombattle", "rating": 1672, "private": 0, "password": null}