{"id": "gen7randombattle-2529536643", "format": "[Gen 7] Random Battle", "players": ["Thorys", "KingKong619"], "log": "|j|☆Thorys\n|j|☆KingKong619\n|t:|1769796737\n|gametype|singles\n|player|p1|Thorys|policeman-gen4|1653\n|player|p2|KingKong619|1|1666\n|gen|7\n|tier|[Gen 7] Random Battle\n|rated|\n|rule|Sleep Clause Mod: Limit one foe put to sleep\n|rule|HP Percentage Mod: HP is shown in percentages\n|rule|Illusion Level Mod: Illusion disguises the Pokémon's true level\n|\n|t:|1769796737\n|teamsize|p1|6\n|teamsize|p2|6\n|start\n|switch|p1a: Mr. Mime|Mr. Mime, L90, F|218/218\n|switch|p2a: Sigilyph|Sigilyph, L85, F|261/261\n|turn|1\n|inactive|Battle timer is ON: inactive players will automatically lose when time's up. (requested by Thorys)\n|inactive|Thorys has 120 seconds left.\n|j| Blueflea.N\n|inactive|Thorys has 90 seconds left.\n|\n|t:|1769796814\n|move|p2a: Sigilyph|Cosmic Power|p2a: Sigilyph\n|-boost|p2a: Sigilyph|def|1\n|-boost|p2a: Sigilyph|spd|1\n|move|p1a: Mr. Mime|Shadow Ball|p2a: Sigilyph\n|-supereffective|p2a: Sigilyph\n|-crit|p2a: Sigilyph\n|-damage|p2a: Sigilyph|0 fnt\n|faint|p2a: Sigilyph\n|-damage|p1a: Mr. Mime|197/218|[from] item: Life Orb\n|\n|upkeep\n|\n|t:|1769796825\n|switch|p2a: Floatzel|Floatzel, L86, F|286/286\n|turn|2\n|inactive|Thorys has 120 seconds left.\n|\n|t:|1769796857\n|move|p2a: Floatzel|Liquidation|p1a: Mr. Mime\n|-damage|p1a: Mr. Mime|73/218\n|move|p1a: Mr. Mime|Psychic|p2a: Floatzel\n|-damage|p2a: Floatzel|90/286\n|-damage|p1a: Mr. Mime|52/218|[from] item: Life Orb\n|\n|upkeep\n|turn|3\n|inactive|Thorys has 120 seconds left.\n|inactive|Thorys has 90 seconds left.\n|\n|t:|1769796898\n|switch|p1a: Arbok|Arbok, L90, F|254/254\n|-ability|p1a: Arbok|Intimidate|boost\n|-unboost|p2a: Floatzel|atk|1\n|move|p2a: Floatzel|Liquidation|p1a: Arbok\n|-damage|p1a: Arbok|175/254\n|\n|upkeep\n|turn|4\n|inactive|Thorys has 90 seconds left.\n|\n|t:|1769796918\n|switch|p2a: Entei|Entei, L78|307/307\n|move|p1a: Arbok|Coil|p1a: Arbok\n|-boost|p1a: Arbok|atk|1\n|-boost|p1a: Arbok|def|1\n|-boost|p1a: Arbok|accuracy|1\n|\n|upkeep\n|turn|5\n|inactive|Thorys has 90 seconds left.\n|\n|t:|1769796930\n|move|p2a: Entei|Sacred Fire|p1a: Arbok\n|-damage|p1a: Arbok|60/254\n|-status|p1a: Arbok|brn\n|move|p1a: Arbok|Earthquake|p2a: Entei\n|-supereffective|p2a: Entei\n|-damage|p2a: Entei|132/307\n|-damage|p1a: Arbok|35/254 brn|[from] item: Life Orb\n|\n|-damage|p1a: Arbok|20/254 brn|[from] brn\n|upkeep\n|turn|6\n|inactive|Thorys has 90 seconds left.\n|\n|t:|1769796942\n|move|p1a: Arbok|Sucker Punch|p2a: Entei\n|-damage|p2a: Entei|75/307\n|-damage|p1a: Arbok|0 fnt|[from] item: Life Orb\n|faint|p1a: Arbok\n|move|p2a: Entei|Sacred Fire|p1: Arbok|[notarget]\n|-fail|p2a: Entei\n|\n|upkeep\n|inactive|Thorys has 90 seconds left.\n|j| sulfura152\n|\n|t:|1769796953\n|switch|p1a: Swellow|Swellow, L82, M|233/233\n|turn|7\n|inactive|Thorys has 90 seconds left.\n|\n|t:|1769796964\n|switch|p2a: Crustle|Crustle, L82, F|249/249\n|move|p1a: Swellow|Boomburst|p2a: Crustle\n|-resisted|p2a: Crustle\n|-damage|p2a: Crustle|155/249\n|\n|upkeep\n|turn|8\n|inactive|Thorys has 90 seconds left.\n|\n|t:|1769796978\n|move|p1a: Swellow|Boomburst|p2a: Crustle\n|-resisted|p2a: Crustle\n|-damage|p2a: Crustle|50/249\n|move|p2a: Crustle|Shell Smash|p2a: Crustle\n|-unboost|p2a: Crustle|def|1\n|-unboost|p2a: Crustle|spd|1\n|-boost|p2a: Crustle|atk|2\n|-boost|p2a: Crustle|spa|2\n|-boost|p2a: Crustle|spe|2\n|-enditem|p2a: Crustle|White Herb\n|-clearnegativeboost|p2a: Crustle|[silent]\n|\n|upkeep\n|turn|9\n|inactive|Thorys has 90 seconds left.\n|\n|t:|1769796988\n|move|p1a: Swellow|Boomburst|p2a: Crustle\n|-resisted|p2a: Crustle\n|-damage|p2a: Crustle|0 fnt\n|faint|p2a: Crustle\n|\n|upkeep\n|\n|t:|1769796993\n|switch|p2a: Clawitzer|Clawitzer, L87, F|265/265\n|turn|10\n|inactive|Thorys has 90 seconds left.\n|\n|t:|1769797013\n|switch|p1a: Snorlax|Snorlax, L83, F|401/401\n|move|p2a: Clawitzer|Scald|p1a: Snorlax\n|-damage|p1a: Snorlax|308/401\n|\n|upkeep\n|turn|11\n|inactive|Thorys has 90 seconds left.\n|\n|t:|1769797026\n|move|p2a: Clawitzer|U-turn|p1a: Snorlax\n|-damage|p1a: Snorlax|257/401\n|\n|t:|1769797028\n|switch|p2a: Entei|Entei, L78|75/307|[from] U-turn\n|move|p1a: Snorlax|Body Slam|p2a: Entei\n|-damage|p2a: Entei|0 fnt\n|faint|p2a: Entei\n|\n|upkeep\n|\n|t:|1769797029\n|switch|p2a: Floatzel|Floatzel, L86, F|90/286\n|turn|12\n|inactive|Thorys has 90 seconds left.\n|\n|t:|1769797062\n|switch|p1a: Golurk|Golurk, L87|297/297\n|-zpower|p2a: Floatzel\n|move|p2a: Floatzel|All-Out Pummeling|p1a: Golurk|[zeffect]\n|-immune|p1a: Golurk\n|\n|upkeep\n|turn|13\n|\n|t:|1769797086\n|move|p2a: Floatzel|Liquidation|p1a: Golurk\n|-supereffective|p1a: Golurk\n|-damage|p1a: Golurk|91/297\n|move|p1a: Golurk|Rock Polish|p1a: Golurk\n|-boost|p1a: Golurk|spe|2\n|\n|upkeep\n|turn|14\n|\n|t:|1769797095\n|switch|p2a: Guzzlord|Guzzlord, L86|524/524\n|move|p1a: Golurk|Earthquake|p2a: Guzzlord\n|-damage|p2a: Guzzlord|290/524\n|-damage|p1a: Golurk|62/297|[from] item: Life Orb\n|\n|upkeep\n|turn|15\n|\n|t:|1769797108\n|move|p1a: Golurk|Dynamic Punch|p2a: Guzzlord\n|-supereffective|p2a: Guzzlord\n|-damage|p2a: Guzzlord|0 fnt\n|faint|p2a: Guzzlord\n|-damage|p1a: Golurk|33/297|[from] item: Life Orb\n|\n|upkeep\n|\n|t:|1769797111\n|switch|p2a: Clawitzer|Clawitzer, L87, F|265/265\n|turn|16\n|-message|KingKong619 forfeited.\n|\n|win|Thorys\n|raw|Thorys's rating: 1653 &rarr; <strong>1674</strong><br />(+21 for winning)\n|raw|KingKong619's rating: 1666 &rarr; <strong>1645</strong><br />(-21 for losing)\n|l|☆KingKong619\n|player|p2|\n|l| sulfura152\n|j| sulfura152\n|l| sulfura152\n|j| sulfura152\n|c| sulfura152|Free.ping blueflean.n\n|l| sulfura152\n", "inputlog": ">version b99ff0165a6231f17e8b78c2a78d1998375de664\n>start {\"formatid\":\"gen7randombattle\",\"seed\":\"sodium,96072e847db3d5f1444f9d4b9c8a27fc\",\"rated\":\"Rated battle\"}\n>player p1 {\"name\":\"Thorys\",\"avatar\":\"policeman-gen4\",\"rating\":1653,\"seed\":\"sodium,6a389256eed23cf5e65ccaacfc9f474e\"}\n>player p2 {\"name\":\"KingKong619\",\"avatar\":\"1\",\"rating\":1666,\"seed\":\"sodium,da258ed7253eb95d721ee02c0afd4680\"}\n>p1 move shadowball\n>p2 move cosmicpower\n>p2 switch 5\n>p1 move psychic\n>p2 move liquidation\n>p1 switch 5\n>p2 move liquidation\n>p1 move coil\n>p2 switch 4\n>p1 move earthquake\n>p2 move sacredfire\n>p1 move suckerpunch\n>p2 move sacredfire\n>p1 switch 2\n>p1 move boomburst\n>p2 switch 2\n>p1 move boomburst\n>p2 move shellsmash\n>p1 move boomburst\n>p2 move stoneedge\n>p2 switch 3\n>p1 switch 6\n>p2 move scald\n>p1 move bodyslam\n>p2 move uturn\n>p2 switch 2\n>p2 switch 4\n>p1 switch 3\n>p2 move lowkick zmove\n>p1 move rockpolish\n>p2 move liquidation\n>p1 move earthquake\n>p2 switch 6\n>p1 move dynamicpunch\n>p2 move knockoff\n>p2 switch 2\n>forcelose p2", "uploadtime": 1769797245, "views": 174, "formatid": "gen7randombattle", "rating": 1645, "private": 0, "password": null}