{"id": "gen7randombattle-2523467830", "format": "[Gen 7] Random Battle", "players": ["gta54321", "Snoop Rogue"], "log": "|j|☆gta54321\n|j|☆Snoop Rogue\n|t:|1769028175\n|gametype|singles\n|player|p1|gta54321|plasmagrunt|1731\n|player|p2|Snoop Rogue|koga-lgpe|1679\n|gen|7\n|tier|[Gen 7] Random Battle\n|rated|\n|rule|Sleep Clause Mod: Limit one foe put to sleep\n|rule|HP Percentage Mod: HP is shown in percentages\n|rule|Illusion Level Mod: Illusion disguises the Pokémon's true level\n|\n|t:|1769028175\n|teamsize|p1|6\n|teamsize|p2|6\n|start\n|switch|p1a: Porygon2|Porygon2, L82|274/274\n|switch|p2a: Lugia|Lugia, L71|268/268\n|-ability|p1a: Porygon2|Download|boost\n|-boost|p1a: Porygon2|atk|1\n|turn|1\n|inactive|Battle timer is ON: inactive players will automatically lose when time's up. (requested by Snoop Rogue)\n|\n|t:|1769028183\n|move|p2a: Lugia|Toxic|p1a: Porygon2\n|-status|p1a: Porygon2|tox\n|move|p1a: Porygon2|Toxic|p2a: Lugia\n|-status|p2a: Lugia|tox\n|\n|-damage|p2a: Lugia|252/268 tox|[from] psn\n|-damage|p1a: Porygon2|257/274 tox|[from] psn\n|upkeep\n|turn|2\n|\n|t:|1769028190\n|move|p2a: Lugia|Toxic|p1a: Porygon2\n|-fail|p1a: Porygon2|tox\n|move|p1a: Porygon2|Discharge|p2a: Lugia\n|-supereffective|p2a: Lugia\n|-damage|p2a: Lugia|162/268 tox\n|\n|-heal|p2a: Lugia|178/268 tox|[from] item: Leftovers\n|-damage|p2a: Lugia|146/268 tox|[from] psn\n|-damage|p1a: Porygon2|223/274 tox|[from] psn\n|upkeep\n|turn|3\n|\n|t:|1769028196\n|switch|p1a: Raichu|Raichu, L88, M|249/249\n|move|p2a: Lugia|Roost|p2a: Lugia\n|-heal|p2a: Lugia|268/268 tox\n|-singleturn|p2a: Lugia|move: Roost\n|\n|-damage|p2a: Lugia|220/268 tox|[from] psn\n|upkeep\n|turn|4\n|\n|t:|1769028205\n|switch|p2a: Gastrodon|Gastrodon, L88, M|339/339\n|move|p1a: Raichu|Nasty Plot|p1a: Raichu\n|-boost|p1a: Raichu|spa|2\n|\n|upkeep\n|turn|5\n|\n|t:|1769028212\n|switch|p1a: Golisopod|Golisopod, L84, F|263/263\n|switch|p2a: Shiinotic|Shiinotic, L91, M|257/257\n|\n|upkeep\n|turn|6\n|\n|t:|1769028218\n|move|p1a: Golisopod|Leech Life|p2a: Shiinotic\n|-damage|p2a: Shiinotic|106/257\n|move|p2a: Shiinotic|Strength Sap|p1a: Golisopod\n|-unboost|p1a: Golisopod|atk|1\n|-heal|p2a: Shiinotic|257/257\n|\n|upkeep\n|turn|7\n|\n|t:|1769028232\n|switch|p1a: Infernape|Infernape, L81, M|256/256\n|move|p2a: Shiinotic|Spore|p1a: Infernape\n|-status|p1a: Infernape|slp|[from] move: Spore\n|\n|upkeep\n|turn|8\n|\n|t:|1769028242\n|switch|p1a: Porygon2|Porygon2, L82|223/274 tox\n|-ability|p1a: Porygon2|Download|boost\n|-boost|p1a: Porygon2|atk|1\n|switch|p2a: Braviary|Braviary, L83, M|302/302\n|\n|-damage|p1a: Porygon2|206/274 tox|[from] psn\n|upkeep\n|turn|9\n|\n|t:|1769028246\n|move|p2a: Braviary|U-turn|p1a: Porygon2\n|-damage|p1a: Porygon2|164/274 tox\n|\n|t:|1769028249\n|switch|p2a: Lugia|Lugia, L71|220/268 tox|[from] U-turn\n|move|p1a: Porygon2|Discharge|p2a: Lugia\n|-supereffective|p2a: Lugia\n|-damage|p2a: Lugia|132/268 tox\n|\n|-heal|p2a: Lugia|148/268 tox|[from] item: Leftovers\n|-damage|p2a: Lugia|132/268 tox|[from] psn\n|-damage|p1a: Porygon2|130/274 tox|[from] psn\n|upkeep\n|turn|10\n|\n|t:|1769028255\n|switch|p2a: Pangoro|Pangoro, L86, M|304/304\n|switch|p1a: Raichu|Raichu, L88, M|249/249\n|\n|upkeep\n|turn|11\n|\n|t:|1769028260\n|switch|p2a: Gastrodon|Gastrodon, L88, M|339/339\n|move|p1a: Raichu|Focus Blast|p2a: Gastrodon|[miss]\n|-miss|p1a: Raichu|p2a: Gastrodon\n|\n|upkeep\n|turn|12\n|\n|t:|1769028268\n|switch|p1a: Golisopod|Golisopod, L84, F|263/263\n|move|p2a: Gastrodon|Scald|p1a: Golisopod\n|-resisted|p1a: Golisopod\n|-damage|p1a: Golisopod|218/263\n|\n|upkeep\n|turn|13\n|\n|t:|1769028275\n|switch|p2a: Braviary|Braviary, L83, M|302/302\n|move|p1a: Golisopod|Leech Life|p2a: Braviary\n|-resisted|p2a: Braviary\n|-damage|p2a: Braviary|213/302\n|-heal|p1a: Golisopod|263/263|[from] drain|[of] p2a: Braviary\n|\n|upkeep\n|turn|14\n|\n|t:|1769028283\n|switch|p1a: Raichu|Raichu, L88, M|249/249\n|move|p2a: Braviary|Brave Bird|p1a: Raichu\n|-resisted|p1a: Raichu\n|-damage|p1a: Raichu|156/249\n|-damage|p2a: Braviary|182/302|[from] Recoil\n|\n|upkeep\n|turn|15\n|\n|t:|1769028292\n|switch|p2a: Gastrodon|Gastrodon, L88, M|339/339\n|switch|p1a: Golisopod|Golisopod, L84, F|263/263\n|\n|upkeep\n|turn|16\n|\n|t:|1769028303\n|move|p2a: Gastrodon|Scald|p1a: Golisopod\n|-resisted|p1a: Golisopod\n|-damage|p1a: Golisopod|216/263\n|move|p1a: Golisopod|Knock Off|p2a: Gastrodon\n|-damage|p2a: Gastrodon|185/339\n|-enditem|p2a: Gastrodon|Leftovers|[from] move: Knock Off|[of] p1a: Golisopod\n|\n|upkeep\n|turn|17\n|\n|t:|1769028312\n|switch|p1a: Porygon2|Porygon2, L82|130/274 tox\n|-ability|p1a: Porygon2|Download|boost\n|-boost|p1a: Porygon2|atk|1\n|move|p2a: Gastrodon|Recover|p2a: Gastrodon\n|-heal|p2a: Gastrodon|339/339\n|\n|-damage|p1a: Porygon2|113/274 tox|[from] psn\n|upkeep\n|turn|18\n|\n|t:|1769028318\n|switch|p2a: Lugia|Lugia, L71|132/268 tox\n|move|p1a: Porygon2|Recover|p1a: Porygon2\n|-heal|p1a: Porygon2|250/274 tox\n|\n|-heal|p2a: Lugia|148/268 tox|[from] item: Leftovers\n|-damage|p2a: Lugia|132/268 tox|[from] psn\n|-damage|p1a: Porygon2|216/274 tox|[from] psn\n|upkeep\n|turn|19\n|\n|t:|1769028321\n|switch|p1a: Raichu|Raichu, L88, M|156/249\n|move|p2a: Lugia|Roost|p2a: Lugia\n|-heal|p2a: Lugia|266/268 tox\n|-singleturn|p2a: Lugia|move: Roost\n|\n|-heal|p2a: Lugia|268/268 tox|[from] item: Leftovers\n|-damage|p2a: Lugia|236/268 tox|[from] psn\n|upkeep\n|turn|20\n|\n|t:|1769028327\n|switch|p1a: Golisopod|Golisopod, L84, F|216/263\n|switch|p2a: Gastrodon|Gastrodon, L88, M|339/339\n|\n|upkeep\n|turn|21\n|\n|t:|1769028331\n|move|p2a: Gastrodon|Scald|p1a: Golisopod\n|-resisted|p1a: Golisopod\n|-damage|p1a: Golisopod|170/263\n|move|p1a: Golisopod|Leech Life|p2a: Gastrodon\n|-damage|p2a: Gastrodon|171/339\n|-heal|p1a: Golisopod|254/263|[from] drain|[of] p2a: Gastrodon\n|\n|upkeep\n|turn|22\n|\n|t:|1769028340\n|switch|p2a: Braviary|Braviary, L83, M|182/302\n|move|p1a: Golisopod|Leech Life|p2a: Braviary\n|-resisted|p2a: Braviary\n|-damage|p2a: Braviary|92/302\n|-heal|p1a: Golisopod|263/263|[from] drain|[of] p2a: Braviary\n|\n|upkeep\n|turn|23\n|\n|t:|1769028346\n|move|p2a: Braviary|Brave Bird|p1a: Golisopod\n|-supereffective|p1a: Golisopod\n|-damage|p1a: Golisopod|63/263\n|-damage|p2a: Braviary|26/302|[from] Recoil\n|-activate|p1a: Golisopod|ability: Emergency Exit\n|\n|t:|1769028359\n|switch|p1a: Raichu|Raichu, L88, M|156/249\n|\n|upkeep\n|turn|24\n|\n|t:|1769028365\n|switch|p2a: Shiinotic|Shiinotic, L91, M|257/257\n|move|p1a: Raichu|Focus Blast|p2a: Shiinotic\n|-resisted|p2a: Shiinotic\n|-damage|p2a: Shiinotic|209/257\n|-damage|p1a: Raichu|132/249|[from] item: Life Orb\n|\n|-heal|p2a: Shiinotic|225/257|[from] item: Leftovers\n|upkeep\n|turn|25\n|\n|t:|1769028378\n|switch|p1a: Porygon2|Porygon2, L82|216/274 tox\n|-ability|p1a: Porygon2|Download|boost\n|-boost|p1a: Porygon2|atk|1\n|move|p2a: Shiinotic|Moonblast|p1a: Porygon2\n|-damage|p1a: Porygon2|138/274 tox\n|\n|-heal|p2a: Shiinotic|241/257|[from] item: Leftovers\n|-damage|p1a: Porygon2|121/274 tox|[from] psn\n|upkeep\n|turn|26\n|\n|t:|1769028386\n|switch|p2a: Lugia|Lugia, L71|236/268 tox\n|move|p1a: Porygon2|Toxic|p2a: Lugia\n|-fail|p2a: Lugia|tox\n|\n|-heal|p2a: Lugia|252/268 tox|[from] item: Leftovers\n|-damage|p2a: Lugia|236/268 tox|[from] psn\n|-damage|p1a: Porygon2|87/274 tox|[from] psn\n|upkeep\n|turn|27\n|\n|t:|1769028390\n|switch|p2a: Gastrodon|Gastrodon, L88, M|171/339\n|switch|p1a: Raichu|Raichu, L88, M|132/249\n|\n|upkeep\n|turn|28\n|\n|t:|1769028398\n|move|p1a: Raichu|Focus Blast|p2a: Gastrodon\n|-damage|p2a: Gastrodon|63/339\n|-damage|p1a: Raichu|108/249|[from] item: Life Orb\n|move|p2a: Gastrodon|Earthquake|p1a: Raichu\n|-supereffective|p1a: Raichu\n|-damage|p1a: Raichu|0 fnt\n|faint|p1a: Raichu\n|\n|upkeep\n|\n|t:|1769028410\n|switch|p1a: Mr. Mime|Mr. Mime, L90, M|218/218\n|turn|29\n|\n|t:|1769028416\n|move|p1a: Mr. Mime|Dazzling Gleam|p2a: Gastrodon\n|-damage|p2a: Gastrodon|0 fnt\n|faint|p2a: Gastrodon\n|-damage|p1a: Mr. Mime|197/218|[from] item: Life Orb\n|\n|upkeep\n|\n|t:|1769028419\n|switch|p2a: Shiinotic|Shiinotic, L91, M|241/257\n|turn|30\n|\n|t:|1769028423\n|move|p1a: Mr. Mime|Psychic|p2a: Shiinotic\n|-damage|p2a: Shiinotic|116/257\n|-damage|p1a: Mr. Mime|176/218|[from] item: Life Orb\n|move|p2a: Shiinotic|Moonblast|p1a: Mr. Mime\n|-damage|p1a: Mr. Mime|88/218\n|\n|-heal|p2a: Shiinotic|132/257|[from] item: Leftovers\n|upkeep\n|turn|31\n|\n|t:|1769028431\n|move|p1a: Mr. Mime|Psychic|p2a: Shiinotic\n|-damage|p2a: Shiinotic|3/257\n|-damage|p1a: Mr. Mime|67/218|[from] item: Life Orb\n|move|p2a: Shiinotic|Strength Sap|p1a: Mr. Mime\n|-unboost|p1a: Mr. Mime|atk|1\n|-heal|p2a: Shiinotic|89/257\n|\n|-heal|p2a: Shiinotic|105/257|[from] item: Leftovers\n|upkeep\n|turn|32\n|\n|t:|1769028442\n|switch|p2a: Persian|Persian-Alola, L84, F|246/246\n|move|p1a: Mr. Mime|Dazzling Gleam|p2a: Persian\n|-supereffective|p2a: Persian\n|-damage|p2a: Persian|0 fnt\n|faint|p2a: Persian\n|-damage|p1a: Mr. Mime|46/218|[from] item: Life Orb\n|\n|upkeep\n|\n|t:|1769028446\n|switch|p2a: Pangoro|Pangoro, L86, M|304/304\n|turn|33\n|\n|t:|1769028449\n|switch|p1a: Golisopod|Golisopod, L84, F|63/263\n|move|p2a: Pangoro|Bullet Punch|p1a: Golisopod\n|-resisted|p1a: Golisopod\n|-damage|p1a: Golisopod|42/263\n|-damage|p2a: Pangoro|274/304|[from] item: Life Orb\n|\n|upkeep\n|turn|34\n|\n|t:|1769028455\n|move|p1a: Golisopod|First Impression|p2a: Pangoro\n|-damage|p2a: Pangoro|72/304\n|move|p2a: Pangoro|Swords Dance|p2a: Pangoro\n|-boost|p2a: Pangoro|atk|2\n|\n|upkeep\n|turn|35\n|\n|t:|1769028481\n|move|p1a: Golisopod|First Impression||[still]\n|-hint|First Impression only works on your first turn out.\n|-fail|p1a: Golisopod\n|move|p2a: Pangoro|Drain Punch|p1a: Golisopod\n|-resisted|p1a: Golisopod\n|-damage|p1a: Golisopod|0 fnt\n|-heal|p2a: Pangoro|93/304|[from] drain|[of] p1a: Golisopod\n|faint|p1a: Golisopod\n|-damage|p2a: Pangoro|63/304|[from] item: Life Orb\n|\n|upkeep\n|inactive|gta54321 has 120 seconds left.\n|\n|t:|1769028494\n|switch|p1a: Sharpedo|Sharpedo, L82, M|249/249\n|turn|36\n|\n|t:|1769028499\n|move|p2a: Pangoro|Bullet Punch|p1a: Sharpedo\n|-resisted|p1a: Sharpedo\n|-damage|p1a: Sharpedo|157/249\n|-damage|p2a: Pangoro|33/304|[from] item: Life Orb\n|move|p1a: Sharpedo|Waterfall|p2a: Pangoro\n|-damage|p2a: Pangoro|0 fnt\n|faint|p2a: Pangoro\n|\n|-ability|p1a: Sharpedo|Speed Boost|boost\n|-boost|p1a: Sharpedo|spe|1\n|upkeep\n|\n|t:|1769028503\n|switch|p2a: Shiinotic|Shiinotic, L91, M|105/257\n|turn|37\n|\n|t:|1769028508\n|switch|p1a: Infernape|Infernape, L81, M|256/256 slp\n|move|p2a: Shiinotic|Giga Drain|p1a: Infernape\n|-resisted|p1a: Infernape\n|-damage|p1a: Infernape|204/256 slp\n|-heal|p2a: Shiinotic|131/257|[from] drain|[of] p1a: Infernape\n|\n|-heal|p2a: Shiinotic|147/257|[from] item: Leftovers\n|upkeep\n|turn|38\n|\n|t:|1769028514\n|switch|p2a: Braviary|Braviary, L83, M|26/302\n|cant|p1a: Infernape|slp\n|\n|upkeep\n|turn|39\n|\n|t:|1769028530\n|switch|p1a: Porygon2|Porygon2, L82|87/274 tox\n|-ability|p1a: Porygon2|Download|boost\n|-boost|p1a: Porygon2|spa|1\n|move|p2a: Braviary|Return|p1a: Porygon2\n|-damage|p1a: Porygon2|6/274 tox\n|\n|-damage|p1a: Porygon2|0 fnt|[from] psn\n|faint|p1a: Porygon2\n|upkeep\n|\n|t:|1769028535\n|switch|p1a: Sharpedo|Sharpedo, L82, M|157/249\n|turn|40\n|\n|t:|1769028538\n|move|p1a: Sharpedo|Protect|p1a: Sharpedo\n|-singleturn|p1a: Sharpedo|Protect\n|move|p2a: Braviary|Return|p1a: Sharpedo\n|-activate|p1a: Sharpedo|move: Protect\n|\n|-ability|p1a: Sharpedo|Speed Boost|boost\n|-boost|p1a: Sharpedo|spe|1\n|upkeep\n|turn|41\n|\n|t:|1769028554\n|switch|p2a: Lugia|Lugia, L71|236/268 tox\n|detailschange|p1a: Sharpedo|Sharpedo-Mega, L82, M\n|-mega|p1a: Sharpedo|Sharpedo|Sharpedonite\n|move|p1a: Sharpedo|Crunch|p2a: Lugia\n|-supereffective|p2a: Lugia\n|-crit|p2a: Lugia\n|-damage|p2a: Lugia|0 fnt\n|faint|p2a: Lugia\n|\n|upkeep\n|\n|t:|1769028558\n|switch|p2a: Shiinotic|Shiinotic, L91, M|147/257\n|turn|42\n|\n|t:|1769028564\n|move|p1a: Sharpedo|Psychic Fangs|p2a: Shiinotic\n|-damage|p2a: Shiinotic|29/257\n|move|p2a: Shiinotic|Moonblast|p1a: Sharpedo\n|-supereffective|p1a: Sharpedo\n|-damage|p1a: Sharpedo|0 fnt\n|faint|p1a: Sharpedo\n|detailschange|p1: Sharpedo|Sharpedo, L82, M|[silent]\n|\n|-heal|p2a: Shiinotic|45/257|[from] item: Leftovers\n|upkeep\n|\n|t:|1769028568\n|switch|p1a: Mr. Mime|Mr. Mime, L90, M|46/218\n|turn|43\n|\n|t:|1769028572\n|move|p1a: Mr. Mime|Psychic|p2a: Shiinotic\n|-crit|p2a: Shiinotic\n|-damage|p2a: Shiinotic|0 fnt\n|faint|p2a: Shiinotic\n|-damage|p1a: Mr. Mime|25/218|[from] item: Life Orb\n|\n|upkeep\n|\n|t:|1769028574\n|switch|p2a: Braviary|Braviary, L83, M|26/302\n|turn|44\n|\n|t:|1769028576\n|move|p2a: Braviary|Brave Bird|p1a: Mr. Mime\n|-damage|p1a: Mr. Mime|0 fnt\n|faint|p1a: Mr. Mime\n|-damage|p2a: Braviary|18/302|[from] Recoil\n|\n|upkeep\n|\n|t:|1769028579\n|switch|p1a: Infernape|Infernape, L81, M|204/256 slp\n|turn|45\n|\n|t:|1769028582\n|cant|p1a: Infernape|slp\n|move|p2a: Braviary|Brave Bird|p1a: Infernape\n|-supereffective|p1a: Infernape\n|-damage|p1a: Infernape|0 fnt\n|faint|p1a: Infernape\n|-damage|p2a: Braviary|0 fnt|[from] Recoil\n|faint|p2a: Braviary\n|\n|win|Snoop Rogue\n|raw|gta54321's rating: 1731 &rarr; <strong>1708</strong><br />(-23 for losing)\n|raw|Snoop Rogue's rating: 1679 &rarr; <strong>1702</strong><br />(+23 for winning)\n|l|☆gta54321\n|player|p1|\n|c|☆Snoop Rogue|Shit that was intense\n", "inputlog": ">version 3bd1a1e329da8d286644078cfc9a9638fc7ea025\n>start {\"formatid\":\"gen7randombattle\",\"seed\":\"sodium,b1d5691b1e8382d957d7a6229ebf3af5\",\"rated\":\"Rated battle\"}\n>player p1 {\"name\":\"gta54321\",\"avatar\":\"plasmagrunt\",\"rating\":1731,\"seed\":\"sodium,12b2fa98ba94102a5d0d3c8db9e71e87\"}\n>player p2 {\"name\":\"Snoop Rogue\",\"avatar\":\"koga-lgpe\",\"rating\":1679,\"seed\":\"sodium,8d278700bbc0c027796185f085d326d2\"}\n>p1 move toxic\n>p2 move toxic\n>p1 move discharge\n>p2 move toxic\n>p1 switch 3\n>p2 move roost\n>p1 move nastyplot\n>p2 switch 5\n>p1 switch 5\n>p2 switch 3\n>p1 move leechlife\n>p2 move strengthsap\n>p1 switch 6\n>p2 move spore\n>p1 switch 3\n>p2 switch 2\n>p1 move discharge\n>p2 move uturn\n>p2 switch 5\n>p1 switch 5\n>p2 switch 4\n>p1 move focusblast\n>p2 switch 3\n>p1 switch 6\n>p2 move scald\n>p1 move leechlife\n>p2 switch 5\n>p1 switch 6\n>p2 move bravebird\n>p1 switch 6\n>p2 switch 5\n>p1 move knockoff\n>p2 move scald\n>p1 switch 5\n>p2 move recover\n>p1 move recover\n>p2 switch 4\n>p1 switch 6\n>p2 move roost\n>p1 switch 5\n>p2 switch 4\n>p1 move leechlife\n>p2 move scald\n>p1 move leechlife\n>p2 switch 5\n>p1 move leechlife\n>p2 move bravebird\n>p1 switch 5\n>p1 move focusblast\n>p2 switch 2\n>p1 switch 6\n>p2 move moonblast\n>p1 move toxic\n>p2 switch 4\n>p1 switch 6\n>p2 switch 5\n>p1 move focusblast\n>p2 move earthquake\n>p1 switch 2\n>p1 move dazzlinggleam\n>p2 move earthquake\n>p2 switch 4\n>p1 move psychic\n>p2 move moonblast\n>p1 move psychic\n>p2 move strengthsap\n>p1 move dazzlinggleam\n>p2 switch 6\n>p2 switch 3\n>p1 switch 5\n>p2 move bulletpunch\n>p1 move firstimpression\n>p2 move swordsdance\n>p1 move firstimpression\n>p2 move drainpunch\n>p1 switch 4\n>p1 move waterfall\n>p2 move bulletpunch\n>p2 switch 6\n>p1 switch 3\n>p2 move gigadrain\n>p1 move flareblitz\n>p2 switch 2\n>p1 switch 6\n>p2 move return\n>p1 switch 3\n>p1 move protect\n>p2 move return\n>p1 move crunch mega\n>p2 switch 5\n>p2 switch 2\n>p1 move psychicfangs\n>p2 move moonblast\n>p1 switch 5\n>p1 move psychic\n>p2 move moonblast\n>p2 switch 5\n>p1 move dazzlinggleam\n>p2 move bravebird\n>p1 switch 6\n>p1 move uturn\n>p2 move bravebird", "uploadtime": 1769028605, "views": 169, "formatid": "gen7randombattle", "rating": 1702, "private": 0, "password": null}