{"id": "gen7randombattle-2525687217", "format": "[Gen 7] Random Battle", "players": ["stinkpolice2", "MimikyuTrainerAsh"], "log": "|j|☆stinkpolice2\n|j|☆MimikyuTrainerAsh\n|t:|1769310675\n|gametype|singles\n|player|p1|stinkpolice2|policeman|1525\n|player|p2|MimikyuTrainerAsh|pokekid|1605\n|gen|7\n|tier|[Gen 7] Random Battle\n|rated|\n|rule|Sleep Clause Mod: Limit one foe put to sleep\n|rule|HP Percentage Mod: HP is shown in percentages\n|rule|Illusion Level Mod: Illusion disguises the Pokémon's true level\n|\n|t:|1769310676\n|teamsize|p1|6\n|teamsize|p2|6\n|start\n|switch|p1a: Stunfisk|Stunfisk, L88, M|335/335\n|switch|p2a: Wobbuffet|Wobbuffet, L94, M|510/510\n|turn|1\n|inactive|Battle timer is ON: inactive players will automatically lose when time's up. (requested by MimikyuTrainerAsh)\n|\n|t:|1769310691\n|move|p2a: Wobbuffet|Encore||[still]\n|-fail|p2a: Wobbuffet\n|move|p1a: Stunfisk|Discharge|p2a: Wobbuffet\n|-damage|p2a: Wobbuffet|402/510\n|\n|upkeep\n|turn|2\n|\n|t:|1769310700\n|move|p2a: Wobbuffet|Encore|p1a: Stunfisk\n|-start|p1a: Stunfisk|Encore\n|move|p1a: Stunfisk|Discharge|p2a: Wobbuffet\n|-damage|p2a: Wobbuffet|302/510\n|-status|p2a: Wobbuffet|par\n|\n|upkeep\n|turn|3\n|\n|t:|1769310713\n|switch|p2a: Zebstrika|Zebstrika, L88, F|275/275\n|move|p1a: Stunfisk|Discharge|p2a: Zebstrika\n|-ability|p2a: Zebstrika|Lightning Rod|boost\n|-boost|p2a: Zebstrika|spa|1\n|\n|upkeep\n|turn|4\n|inactive|stinkpolice2 has 120 seconds left.\n|c|☆MimikyuTrainerAsh|…\n|\n|t:|1769310758\n|switch|p1a: Stantler|Stantler, L92, F|284/284\n|-ability|p1a: Stantler|Intimidate|boost\n|-unboost|p2a: Zebstrika|atk|1\n|move|p2a: Zebstrika|Thunderbolt|p1a: Stantler\n|-damage|p1a: Stantler|61/284\n|\n|upkeep\n|turn|5\n|\n|t:|1769310775\n|switch|p1a: Stunfisk|Stunfisk, L88, M|335/335\n|move|p2a: Zebstrika|Thunderbolt|p1a: Stunfisk\n|-immune|p1a: Stunfisk\n|\n|upkeep\n|turn|6\n|\n|t:|1769310781\n|switch|p2a: Trevenant|Trevenant, L91, M|303/303\n|move|p1a: Stunfisk|Earth Power|p2a: Trevenant\n|-resisted|p2a: Trevenant\n|-damage|p2a: Trevenant|259/303\n|\n|upkeep\n|turn|7\n|\n|t:|1769310793\n|switch|p1a: Doublade|Doublade, L85, F|239/239\n|move|p2a: Trevenant|Horn Leech|p1a: Doublade\n|-resisted|p1a: Doublade\n|-damage|p1a: Doublade|207/239\n|-heal|p2a: Trevenant|275/303|[from] drain|[of] p1a: Doublade\n|\n|upkeep\n|turn|8\n|inactive|stinkpolice2 has 90 seconds left.\n|inactive|stinkpolice2 has 60 seconds left.\n|c|☆MimikyuTrainerAsh|…..\n|\n|t:|1769310862\n|switch|p2a: Wobbuffet|Wobbuffet, L94, M|302/510 par\n|move|p1a: Doublade|Swords Dance|p1a: Doublade\n|-boost|p1a: Doublade|atk|2\n|\n|upkeep\n|turn|9\n|\n|t:|1769310889\n|move|p1a: Doublade|Shadow Sneak|p2a: Wobbuffet\n|-supereffective|p2a: Wobbuffet\n|-damage|p2a: Wobbuffet|68/510 par\n|move|p2a: Wobbuffet|Encore|p1a: Doublade\n|-start|p1a: Doublade|Encore\n|\n|upkeep\n|turn|10\n|-enditem|p2a: Wobbuffet|Custap Berry|[eat]\n|-activate|p2a: Wobbuffet|item: Custap Berry|[consumed]\n|\n|t:|1769310895\n|move|p1a: Doublade|Shadow Sneak|p2a: Wobbuffet\n|-supereffective|p2a: Wobbuffet\n|-damage|p2a: Wobbuffet|0 fnt\n|faint|p2a: Wobbuffet\n|\n|upkeep\n|\n|t:|1769310907\n|switch|p2a: Cloyster|Cloyster, L80, M|211/211\n|turn|11\n|c|☆stinkpolice2|Shut up stinky\n|c|☆stinkpolice2|Youre under arrest\n|inactive|stinkpolice2 has 30 seconds left.\n|c|☆MimikyuTrainerAsh|i didn’t say anything\n|c|☆MimikyuTrainerAsh|can you just play\n|inactive|stinkpolice2 has 20 seconds left.\n|inactive|stinkpolice2 has 15 seconds left.\n|c|☆stinkpolice2|Im taking you back to the station for a shower\n|\n|t:|1769310952\n|move|p1a: Doublade|Shadow Sneak|p2a: Cloyster\n|-damage|p2a: Cloyster|156/211\n|move|p2a: Cloyster|Shell Smash|p2a: Cloyster\n|-unboost|p2a: Cloyster|def|1\n|-unboost|p2a: Cloyster|spd|1\n|-boost|p2a: Cloyster|atk|2\n|-boost|p2a: Cloyster|spa|2\n|-boost|p2a: Cloyster|spe|2\n|-enditem|p2a: Cloyster|White Herb\n|-clearnegativeboost|p2a: Cloyster|[silent]\n|\n|upkeep\n|turn|12\n|inactive|stinkpolice2 has 25 seconds left this turn.\n|inactive|stinkpolice2 has 20 seconds left.\n|\n|t:|1769310960\n|move|p1a: Doublade|Shadow Sneak|p2a: Cloyster\n|-damage|p2a: Cloyster|98/211\n|move|p2a: Cloyster|Hydro Pump|p1a: Doublade\n|-damage|p1a: Doublade|27/239\n|\n|-end|p1a: Doublade|Encore\n|upkeep\n|turn|13\n|inactive|stinkpolice2 has 30 seconds left this turn.\n|\n|t:|1769310968\n|move|p1a: Doublade|Shadow Sneak|p2a: Cloyster\n|-damage|p2a: Cloyster|41/211\n|move|p2a: Cloyster|Icicle Spear|p1a: Doublade\n|-resisted|p1a: Doublade\n|-damage|p1a: Doublade|17/239\n|-resisted|p1a: Doublade\n|-damage|p1a: Doublade|7/239\n|-resisted|p1a: Doublade\n|-damage|p1a: Doublade|0 fnt\n|faint|p1a: Doublade\n|-hitcount|p1: Doublade|3\n|\n|upkeep\n|inactive|stinkpolice2 has 30 seconds left this turn.\n|inactive|stinkpolice2 has 20 seconds left.\n|inactive|stinkpolice2 has 15 seconds left.\n|inactive|stinkpolice2 has 10 seconds left.\n|\n|t:|1769310989\n|switch|p1a: Pheromosa|Pheromosa, L75|229/229\n|turn|14\n|inactive|stinkpolice2 has 20 seconds left this turn.\n|\n|t:|1769310994\n|move|p2a: Cloyster|Icicle Spear|p1a: Pheromosa\n|-damage|p1a: Pheromosa|132/229\n|-damage|p1a: Pheromosa|29/229\n|-damage|p1a: Pheromosa|0 fnt\n|faint|p1a: Pheromosa\n|-hitcount|p1: Pheromosa|3\n|\n|upkeep\n|inactive|stinkpolice2 has 25 seconds left this turn.\n|inactive|stinkpolice2 has 20 seconds left.\n|inactive|stinkpolice2 has 15 seconds left.\n|\n|t:|1769311007\n|switch|p1a: Stantler|Stantler, L92, F|61/284\n|-ability|p1a: Stantler|Intimidate|boost\n|-unboost|p2a: Cloyster|atk|1\n|turn|15\n|inactive|stinkpolice2 has 25 seconds left this turn.\n|\n|t:|1769311010\n|move|p1a: Stantler|Sucker Punch|p2a: Cloyster\n|-damage|p2a: Cloyster|0 fnt\n|faint|p2a: Cloyster\n|-damage|p1a: Stantler|33/284|[from] item: Life Orb\n|\n|upkeep\n|\n|t:|1769311017\n|switch|p2a: Zygarde|Zygarde-10%, L81|220/220\n|-ability|p2a: Zygarde|Aura Break\n|turn|16\n|\n|t:|1769311026\n|move|p2a: Zygarde|Extreme Speed|p1a: Stantler\n|-damage|p1a: Stantler|0 fnt\n|faint|p1a: Stantler\n|\n|upkeep\n|\n|t:|1769311033\n|switch|p1a: Aromatisse|Aromatisse, L91, F|332/332\n|turn|17\n|inactive|stinkpolice2 has 30 seconds left.\n|\n|t:|1769311050\n|switch|p2a: Trevenant|Trevenant, L91, M|275/303\n|move|p1a: Aromatisse|Moonblast|p2a: Trevenant\n|-damage|p2a: Trevenant|160/303\n|-unboost|p2a: Trevenant|spa|1\n|\n|upkeep\n|turn|18\n|\n|t:|1769311060\n|move|p2a: Trevenant|Horn Leech|p1a: Aromatisse\n|-damage|p1a: Aromatisse|160/332\n|-heal|p2a: Trevenant|246/303|[from] drain|[of] p1a: Aromatisse\n|move|p1a: Aromatisse|Wish|p1a: Aromatisse\n|\n|-heal|p1a: Aromatisse|180/332|[from] item: Leftovers\n|upkeep\n|turn|19\n|inactive|stinkpolice2 has 30 seconds left.\n|\n|t:|1769311079\n|move|p2a: Trevenant|Horn Leech|p1a: Aromatisse\n|-damage|p1a: Aromatisse|2/332\n|-heal|p2a: Trevenant|303/303|[from] drain|[of] p1a: Aromatisse\n|move|p1a: Aromatisse|Moonblast|p2a: Trevenant\n|-damage|p2a: Trevenant|188/303\n|\n|-heal|p1a: Aromatisse|168/332|[from] move: Wish|[wisher] Aromatisse\n|-heal|p1a: Aromatisse|188/332|[from] item: Leftovers\n|upkeep\n|turn|20\n|inactive|stinkpolice2 has 30 seconds left.\n|\n|t:|1769311092\n|move|p1a: Aromatisse|Protect|p1a: Aromatisse\n|-singleturn|p1a: Aromatisse|Protect\n|move|p2a: Trevenant|Horn Leech|p1a: Aromatisse\n|-activate|p1a: Aromatisse|move: Protect\n|\n|-heal|p1a: Aromatisse|208/332|[from] item: Leftovers\n|upkeep\n|turn|21\n|inactive|stinkpolice2 has 30 seconds left.\n|inactive|stinkpolice2 has 20 seconds left.\n|\n|t:|1769311115\n|move|p2a: Trevenant|Horn Leech|p1a: Aromatisse\n|-damage|p1a: Aromatisse|57/332\n|-heal|p2a: Trevenant|264/303|[from] drain|[of] p1a: Aromatisse\n|move|p1a: Aromatisse|Moonblast|p2a: Trevenant\n|-damage|p2a: Trevenant|140/303\n|\n|-heal|p1a: Aromatisse|77/332|[from] item: Leftovers\n|upkeep\n|turn|22\n|inactive|stinkpolice2 has 30 seconds left this turn.\n|\n|t:|1769311122\n|move|p2a: Trevenant|Horn Leech|p1a: Aromatisse\n|-damage|p1a: Aromatisse|0 fnt\n|-heal|p2a: Trevenant|179/303|[from] drain|[of] p1a: Aromatisse\n|faint|p1a: Aromatisse\n|\n|upkeep\n|inactive|stinkpolice2 has 30 seconds left this turn.\n|inactive|stinkpolice2 has 20 seconds left.\n|inactive|stinkpolice2 has 15 seconds left.\n|inactive|stinkpolice2 has 10 seconds left.\n|inactive|stinkpolice2 has 5 seconds left.\n|\n|t:|1769311151\n|switch|p1a: Regirock|Regirock, L87|281/281\n|turn|23\n|inactive|stinkpolice2 has 15 seconds left this turn.\n|c|☆MimikyuTrainerAsh|what are you waiting for\n|\n|t:|1769311155\n|move|p2a: Trevenant|Horn Leech|p1a: Regirock\n|-supereffective|p1a: Regirock\n|-damage|p1a: Regirock|123/281\n|-heal|p2a: Trevenant|258/303|[from] drain|[of] p1a: Regirock\n|move|p1a: Regirock|Thunder Wave|p2a: Trevenant\n|-status|p2a: Trevenant|par\n|\n|-heal|p1a: Regirock|140/281|[from] item: Leftovers\n|upkeep\n|turn|24\n|inactive|stinkpolice2 has 25 seconds left this turn.\n|inactive|stinkpolice2 has 20 seconds left.\n|\n|t:|1769311163\n|move|p1a: Regirock|Stone Edge|p2a: Trevenant\n|-damage|p2a: Trevenant|134/303 par\n|cant|p2a: Trevenant|par\n|\n|-heal|p1a: Regirock|157/281|[from] item: Leftovers\n|upkeep\n|turn|25\n|inactive|stinkpolice2 has 30 seconds left this turn.\n|\n|t:|1769311168\n|move|p1a: Regirock|Stone Edge|p2a: Trevenant\n|-crit|p2a: Trevenant\n|-damage|p2a: Trevenant|0 fnt\n|faint|p2a: Trevenant\n|\n|-heal|p1a: Regirock|174/281|[from] item: Leftovers\n|upkeep\n|\n|t:|1769311173\n|switch|p2a: Zygarde|Zygarde-10%, L81|220/220\n|-ability|p2a: Zygarde|Aura Break\n|turn|26\n|inactive|stinkpolice2 has 30 seconds left.\n|\n|t:|1769311193\n|move|p2a: Zygarde|Thousand Arrows|p1a: Regirock\n|-supereffective|p1a: Regirock\n|-damage|p1a: Regirock|36/281\n|move|p1a: Regirock|Drain Punch|p2a: Zygarde\n|-damage|p2a: Zygarde|150/220\n|-heal|p1a: Regirock|71/281|[from] drain|[of] p2a: Zygarde\n|\n|-heal|p1a: Regirock|88/281|[from] item: Leftovers\n|upkeep\n|turn|27\n|inactive|stinkpolice2 has 30 seconds left.\n|\n|t:|1769311200\n|move|p2a: Zygarde|Thousand Arrows|p1a: Regirock\n|-supereffective|p1a: Regirock\n|-damage|p1a: Regirock|0 fnt\n|faint|p1a: Regirock\n|\n|upkeep\n|\n|t:|1769311203\n|switch|p1a: Stunfisk|Stunfisk, L88, M|335/335\n|turn|28\n|\n|t:|1769311207\n|switch|p2a: Charizard|Charizard, L76, M|243/243\n|move|p1a: Stunfisk|Earth Power|p2a: Charizard\n|-immune|p2a: Charizard\n|\n|upkeep\n|turn|29\n|\n|t:|1769311210\n|switch|p2a: Zebstrika|Zebstrika, L88, F|275/275\n|move|p1a: Stunfisk|Discharge|p2a: Zebstrika\n|-ability|p2a: Zebstrika|Lightning Rod|boost\n|-boost|p2a: Zebstrika|spa|1\n|\n|upkeep\n|turn|30\n|\n|t:|1769311214\n|move|p2a: Zebstrika|Hidden Power|p1a: Stunfisk\n|-supereffective|p1a: Stunfisk\n|-damage|p1a: Stunfisk|163/335\n|move|p1a: Stunfisk|Earth Power|p2a: Zebstrika\n|-supereffective|p2a: Zebstrika\n|-damage|p2a: Zebstrika|63/275\n|\n|-heal|p1a: Stunfisk|183/335|[from] item: Leftovers\n|upkeep\n|turn|31\n|\n|t:|1769311225\n|move|p2a: Zebstrika|Hidden Power|p1a: Stunfisk\n|-supereffective|p1a: Stunfisk\n|-damage|p1a: Stunfisk|25/335\n|move|p1a: Stunfisk|Rest|p1a: Stunfisk\n|-status|p1a: Stunfisk|slp|[from] move: Rest\n|-heal|p1a: Stunfisk|335/335 slp|[silent]\n|\n|upkeep\n|turn|32\n|inactive|stinkpolice2 has 60 seconds left.\n|\n|t:|1769311243\n|switch|p2a: Charizard|Charizard, L76, M|243/243\n|cant|p1a: Stunfisk|slp\n|move|p1a: Stunfisk|Sleep Talk|p1a: Stunfisk\n|move|p1a: Stunfisk|Earth Power|p2a: Charizard|[from] move: Sleep Talk\n|-immune|p2a: Charizard\n|\n|upkeep\n|turn|33\n|\n|t:|1769311251\n|detailschange|p2a: Charizard|Charizard-Mega-Y, L76, M\n|-mega|p2a: Charizard|Charizard|Charizardite Y\n|-weather|SunnyDay|[from] ability: Drought|[of] p2a: Charizard\n|move|p2a: Charizard|Solar Beam||[still]\n|-prepare|p2a: Charizard|Solar Beam\n|-anim|p2a: Charizard|Solar Beam|p1a: Stunfisk\n|-supereffective|p1a: Stunfisk\n|-damage|p1a: Stunfisk|139/335 slp\n|cant|p1a: Stunfisk|slp\n|move|p1a: Stunfisk|Sleep Talk|p1a: Stunfisk\n|move|p1a: Stunfisk|Earth Power|p2a: Charizard|[from] move: Sleep Talk\n|-immune|p2a: Charizard\n|\n|-weather|SunnyDay|[upkeep]\n|-heal|p1a: Stunfisk|159/335 slp|[from] item: Leftovers\n|upkeep\n|turn|34\n|inactive|stinkpolice2 has 60 seconds left.\n|c|☆stinkpolice2|You need to take a shower\n|-message|stinkpolice2 forfeited.\n|\n|win|MimikyuTrainerAsh\n|raw|stinkpolice2's rating: 1525 &rarr; <strong>1510</strong><br />(-15 for losing)\n|raw|MimikyuTrainerAsh's rating: 1605 &rarr; <strong>1620</strong><br />(+15 for winning)\n|l|☆stinkpolice2\n|player|p1|\n", "inputlog": ">version b99ff0165a6231f17e8b78c2a78d1998375de664\n>start {\"formatid\":\"gen7randombattle\",\"seed\":\"sodium,0689272ea6a031967719d375d905bfea\",\"rated\":\"Rated battle\"}\n>player p1 {\"name\":\"stinkpolice2\",\"avatar\":\"policeman\",\"rating\":1525,\"seed\":\"sodium,bc89a0e257b7e94752dc0fecb09ed717\"}\n>player p2 {\"name\":\"MimikyuTrainerAsh\",\"avatar\":\"pokekid\",\"rating\":1605,\"seed\":\"sodium,c8c52c4c951e284fa1fe7edc6eda18d5\"}\n>p1 move discharge\n>p2 move encore\n>p1 move discharge\n>p2 move encore\n>p1 move discharge\n>p2 switch 2\n>chat ☆MimikyuTrainerAsh|…\n>p1 switch 4\n>p2 move thunderbolt\n>p1 switch 4\n>p2 move thunderbolt\n>p1 move earthpower\n>p2 switch 5\n>p1 switch 2\n>p2 move hornleech\n>chat ☆MimikyuTrainerAsh|…..\n>p1 move swordsdance\n>p2 switch 2\n>p1 move shadowsneak\n>p2 move encore\n>p1 move shadowsneak\n>p2 move destinybond\n>p2 switch 6\n>chat ☆stinkpolice2|Shut up stinky\n>chat ☆stinkpolice2|Youre under arrest \n>chat ☆MimikyuTrainerAsh|i didn’t say anything \n>chat ☆MimikyuTrainerAsh|can you just play \n>chat ☆stinkpolice2|Im taking you back to the station for a shower\n>p1 move shadowsneak\n>p2 move shellsmash\n>p1 move shadowsneak\n>p2 move hydropump\n>p1 move shadowsneak\n>p2 move iciclespear\n>p1 switch 6\n>p1 move poisonjab\n>p2 move iciclespear\n>p1 switch 4\n>p1 move suckerpunch\n>p2 move iciclespear\n>p2 switch 4\n>p1 move doubleedge\n>p2 move extremespeed\n>p1 switch 3\n>p1 move moonblast\n>p2 switch 2\n>p1 move wish\n>p2 move hornleech\n>p1 move moonblast\n>p2 move hornleech\n>p1 move protect\n>p2 move hornleech\n>p1 move moonblast\n>p2 move hornleech\n>p1 move moonblast\n>p2 move hornleech\n>p1 switch 5\n>chat ☆MimikyuTrainerAsh|what are you waiting for \n>p1 move thunderwave\n>p2 move hornleech\n>p1 move stoneedge\n>p2 move hornleech\n>p1 move stoneedge\n>p2 move hornleech\n>p2 switch 2\n>p1 move drainpunch\n>p2 move thousandarrows\n>p1 move drainpunch\n>p2 move thousandarrows\n>p1 switch 2\n>p1 move earthpower\n>p2 switch 3\n>p1 move discharge\n>p2 switch 5\n>p1 move earthpower\n>p2 move hiddenpower\n>p1 move rest\n>p2 move hiddenpower\n>p1 move sleeptalk\n>p2 switch 5\n>p1 move sleeptalk\n>p2 move solarbeam mega\n>chat ☆stinkpolice2|You need to take a shower\n>forcelose p1", "uploadtime": 1769311302, "views": 198, "formatid": "gen7randombattle", "rating": 1510, "private": 0, "password": null}