{"id": "gen7randombattle-2528191658", "format": "[Gen 7] Random Battle", "players": ["DuskyCat", "Liptorizarre"], "log": "|j|☆DuskyCat\n|j|☆Liptorizarre\n|t:|1769628627\n|gametype|singles\n|player|p1|DuskyCat|guitarist|1582\n|player|p2|Liptorizarre|102|1583\n|gen|7\n|tier|[Gen 7] Random Battle\n|rated|\n|rule|Sleep Clause Mod: Limit one foe put to sleep\n|rule|HP Percentage Mod: HP is shown in percentages\n|rule|Illusion Level Mod: Illusion disguises the Pokémon's true level\n|\n|t:|1769628627\n|teamsize|p1|6\n|teamsize|p2|6\n|start\n|switch|p1a: Solgaleo|Solgaleo, L73|320/320\n|switch|p2a: Victini|Victini, L76|277/277\n|turn|1\n|inactive|Battle timer is ON: inactive players will automatically lose when time's up. (requested by DuskyCat)\n|\n|t:|1769628653\n|switch|p1a: Ledian|Ledian, F|271/271\n|move|p2a: Victini|U-turn|p1a: Ledian\n|-resisted|p1a: Ledian\n|-damage|p1a: Ledian|246/271\n|\n|t:|1769628662\n|switch|p2a: Dedenne|Dedenne, L91, M|268/268|[from] U-turn\n|\n|-heal|p1a: Ledian|262/271|[from] item: Leftovers\n|upkeep\n|turn|2\n|\n|t:|1769628666\n|move|p2a: Dedenne|Toxic|p1a: Ledian\n|-status|p1a: Ledian|tox\n|move|p1a: Ledian|Toxic|p2a: Dedenne\n|-status|p2a: Dedenne|tox\n|\n|-heal|p1a: Ledian|271/271 tox|[from] item: Leftovers\n|-damage|p2a: Dedenne|252/268 tox|[from] psn\n|-damage|p1a: Ledian|255/271 tox|[from] psn\n|upkeep\n|turn|3\n|\n|t:|1769628676\n|switch|p1a: Claydol|Claydol, L89|252/252\n|move|p2a: Dedenne|Thunderbolt|p1a: Claydol\n|-immune|p1a: Claydol\n|\n|-damage|p2a: Dedenne|220/268 tox|[from] psn\n|upkeep\n|turn|4\n|\n|t:|1769628681\n|switch|p1a: Ledian|Ledian, F|255/271 tox\n|move|p2a: Dedenne|Toxic|p1a: Ledian\n|-fail|p1a: Ledian|tox\n|\n|-heal|p1a: Ledian|271/271 tox|[from] item: Leftovers\n|-damage|p2a: Dedenne|172/268 tox|[from] psn\n|-damage|p1a: Ledian|255/271 tox|[from] psn\n|upkeep\n|turn|5\n|\n|t:|1769628689\n|switch|p1a: Blissey|Blissey, L85, F|572/572\n|move|p2a: Dedenne|Thunderbolt|p1a: Blissey\n|-damage|p1a: Blissey|503/572\n|\n|-heal|p1a: Blissey|538/572|[from] item: Leftovers\n|-damage|p2a: Dedenne|108/268 tox|[from] psn\n|upkeep\n|-enditem|p2a: Dedenne|Sitrus Berry|[eat]\n|-heal|p2a: Dedenne|175/268 tox|[from] item: Sitrus Berry\n|-heal|p2a: Dedenne|264/268 tox|[from] ability: Cheek Pouch\n|turn|6\n|\n|t:|1769628698\n|switch|p2a: Tapu Bulu|Tapu Bulu, L82|249/249\n|-fieldstart|move: Grassy Terrain|[from] ability: Grassy Surge|[of] p2a: Tapu Bulu\n|switch|p1a: Claydol|Claydol, L89|252/252\n|\n|upkeep\n|turn|7\n|\n|t:|1769628703\n|move|p1a: Claydol|Stealth Rock|p2a: Tapu Bulu\n|-sidestart|p2: Liptorizarre|move: Stealth Rock\n|move|p2a: Tapu Bulu|Bulk Up|p2a: Tapu Bulu\n|-boost|p2a: Tapu Bulu|atk|1\n|-boost|p2a: Tapu Bulu|def|1\n|\n|upkeep\n|turn|8\n|\n|t:|1769628710\n|switch|p1a: Skarmory|Skarmory, L75, F|221/221\n|move|p2a: Tapu Bulu|Wood Hammer|p1a: Skarmory\n|-resisted|p1a: Skarmory\n|-damage|p1a: Skarmory|154/221\n|-damage|p2a: Tapu Bulu|227/249|[from] Recoil\n|\n|-heal|p2a: Tapu Bulu|242/249|[from] Grassy Terrain\n|-heal|p2a: Tapu Bulu|249/249|[from] item: Leftovers\n|-heal|p1a: Skarmory|167/221|[from] item: Leftovers\n|upkeep\n|turn|9\n|\n|t:|1769628717\n|move|p2a: Tapu Bulu|Superpower|p1a: Skarmory\n|-damage|p1a: Skarmory|58/221\n|-unboost|p2a: Tapu Bulu|atk|1\n|-unboost|p2a: Tapu Bulu|def|1\n|move|p1a: Skarmory|Roost|p1a: Skarmory\n|-heal|p1a: Skarmory|169/221\n|-singleturn|p1a: Skarmory|move: Roost\n|\n|-heal|p1a: Skarmory|182/221|[from] Grassy Terrain\n|-heal|p1a: Skarmory|195/221|[from] item: Leftovers\n|upkeep\n|turn|10\n|\n|t:|1769628728\n|switch|p2a: Dedenne|Dedenne, L91, M|264/268 tox\n|-damage|p2a: Dedenne|231/268 tox|[from] Stealth Rock\n|move|p1a: Skarmory|Spikes|p2a: Dedenne\n|-sidestart|p2: Liptorizarre|Spikes\n|\n|-heal|p2a: Dedenne|247/268 tox|[from] Grassy Terrain\n|-heal|p1a: Skarmory|208/221|[from] item: Leftovers\n|-damage|p2a: Dedenne|231/268 tox|[from] psn\n|-fieldend|move: Grassy Terrain\n|upkeep\n|turn|11\n|\n|t:|1769628734\n|switch|p1a: Claydol|Claydol, L89|252/252\n|move|p2a: Dedenne|Thunderbolt|p1a: Claydol\n|-immune|p1a: Claydol\n|\n|-damage|p2a: Dedenne|199/268 tox|[from] psn\n|upkeep\n|turn|12\n|\n|t:|1769628739\n|switch|p2a: Kyogre|Kyogre, L69|252/252\n|-damage|p2a: Kyogre|221/252|[from] Stealth Rock\n|-damage|p2a: Kyogre|190/252|[from] Spikes\n|-weather|RainDance|[from] ability: Drizzle|[of] p2a: Kyogre\n|move|p1a: Claydol|Ice Beam|p2a: Kyogre\n|-resisted|p2a: Kyogre\n|-damage|p2a: Kyogre|168/252\n|\n|-weather|RainDance|[upkeep]\n|upkeep\n|turn|13\n|\n|t:|1769628752\n|switch|p1a: Blissey|Blissey, L85, F|538/572\n|move|p2a: Kyogre|Water Spout|p1a: Blissey\n|-damage|p1a: Blissey|426/572\n|\n|-weather|RainDance|[upkeep]\n|-heal|p1a: Blissey|461/572|[from] item: Leftovers\n|upkeep\n|turn|14\n|\n|t:|1769628757\n|switch|p2a: Liepard|Liepard, L91, M|264/264\n|-damage|p2a: Liepard|231/264|[from] Stealth Rock\n|-damage|p2a: Liepard|198/264|[from] Spikes\n|move|p1a: Blissey|Toxic|p2a: Liepard\n|-status|p2a: Liepard|tox\n|\n|-weather|RainDance|[upkeep]\n|-heal|p2a: Liepard|214/264 tox|[from] item: Leftovers\n|-heal|p1a: Blissey|496/572|[from] item: Leftovers\n|-damage|p2a: Liepard|198/264 tox|[from] psn\n|upkeep\n|turn|15\n|\n|t:|1769628766\n|switch|p1a: Ledian|Ledian, F|255/271 tox\n|move|p2a: Liepard|Knock Off|p1a: Ledian\n|-damage|p1a: Ledian|125/271 tox\n|-enditem|p1a: Ledian|Leftovers|[from] move: Knock Off|[of] p2a: Liepard\n|\n|-weather|RainDance|[upkeep]\n|-heal|p2a: Liepard|214/264 tox|[from] item: Leftovers\n|-damage|p2a: Liepard|182/264 tox|[from] psn\n|-damage|p1a: Ledian|109/271 tox|[from] psn\n|upkeep\n|turn|16\n|\n|t:|1769628781\n|move|p2a: Liepard|Knock Off|p1a: Ledian\n|-damage|p1a: Ledian|18/271 tox\n|move|p1a: Ledian|Roost|p1a: Ledian\n|-heal|p1a: Ledian|154/271 tox\n|-singleturn|p1a: Ledian|move: Roost\n|\n|-weather|none\n|-heal|p2a: Liepard|198/264 tox|[from] item: Leftovers\n|-damage|p2a: Liepard|150/264 tox|[from] psn\n|-damage|p1a: Ledian|122/271 tox|[from] psn\n|upkeep\n|turn|17\n|\n|t:|1769628787\n|move|p2a: Liepard|Knock Off|p1a: Ledian\n|-damage|p1a: Ledian|35/271 tox\n|move|p1a: Ledian|Air Slash|p2a: Liepard\n|-crit|p2a: Liepard\n|-damage|p2a: Liepard|0 fnt\n|faint|p2a: Liepard\n|\n|-damage|p1a: Ledian|0 fnt|[from] psn\n|faint|p1a: Ledian\n|upkeep\n|\n|t:|1769628794\n|switch|p2a: Dedenne|Dedenne, L91, M|199/268 tox\n|switch|p1a: Skarmory|Skarmory, L75, F|208/221\n|-damage|p2a: Dedenne|166/268 tox|[from] Stealth Rock\n|-damage|p2a: Dedenne|133/268 tox|[from] Spikes\n|turn|18\n|\n|t:|1769628799\n|switch|p1a: Blissey|Blissey, L85, F|496/572\n|move|p2a: Dedenne|Toxic|p1a: Blissey\n|-status|p1a: Blissey|tox\n|\n|-heal|p1a: Blissey|531/572 tox|[from] item: Leftovers\n|-damage|p2a: Dedenne|117/268 tox|[from] psn\n|-damage|p1a: Blissey|496/572 tox|[from] psn\n|upkeep\n|turn|19\n|\n|t:|1769628805\n|switch|p2a: Victini|Victini, L76|277/277\n|-damage|p2a: Victini|208/277|[from] Stealth Rock\n|-damage|p2a: Victini|174/277|[from] Spikes\n|move|p1a: Blissey|Seismic Toss|p2a: Victini\n|-damage|p2a: Victini|89/277\n|\n|-heal|p1a: Blissey|531/572 tox|[from] item: Leftovers\n|-damage|p1a: Blissey|461/572 tox|[from] psn\n|upkeep\n|turn|20\n|\n|t:|1769628819\n|-curestatus|p1a: Blissey|tox|[from] ability: Natural Cure\n|switch|p1a: Claydol|Claydol, L89|252/252\n|move|p2a: Victini|Glaciate|p1a: Claydol\n|-supereffective|p1a: Claydol\n|-damage|p1a: Claydol|198/252\n|-unboost|p1a: Claydol|spe|1\n|\n|-heal|p1a: Claydol|213/252|[from] item: Leftovers\n|upkeep\n|turn|21\n|\n|t:|1769628830\n|move|p2a: Victini|U-turn|p1a: Claydol\n|-supereffective|p1a: Claydol\n|-damage|p1a: Claydol|149/252\n|\n|t:|1769628835\n|switch|p2a: Kyogre|Kyogre, L69|168/252|[from] U-turn\n|-damage|p2a: Kyogre|137/252|[from] Stealth Rock\n|-damage|p2a: Kyogre|106/252|[from] Spikes\n|-weather|RainDance|[from] ability: Drizzle|[of] p2a: Kyogre\n|move|p1a: Claydol|Ice Beam|p2a: Kyogre\n|-resisted|p2a: Kyogre\n|-damage|p2a: Kyogre|81/252\n|\n|-weather|RainDance|[upkeep]\n|-heal|p1a: Claydol|164/252|[from] item: Leftovers\n|upkeep\n|turn|22\n|\n|t:|1769628839\n|move|p2a: Kyogre|Scald|p1a: Claydol\n|-supereffective|p1a: Claydol\n|-damage|p1a: Claydol|0 fnt\n|faint|p1a: Claydol\n|\n|-weather|RainDance|[upkeep]\n|upkeep\n|\n|t:|1769628847\n|switch|p1a: Blissey|Blissey, L85, F|461/572\n|turn|23\n|\n|t:|1769628851\n|move|p2a: Kyogre|Scald|p1a: Blissey\n|-damage|p1a: Blissey|368/572\n|-status|p1a: Blissey|brn\n|move|p1a: Blissey|Seismic Toss|p2a: Kyogre\n|-damage|p2a: Kyogre|0 fnt\n|faint|p2a: Kyogre\n|\n|-weather|RainDance|[upkeep]\n|-heal|p1a: Blissey|403/572 brn|[from] item: Leftovers\n|-damage|p1a: Blissey|368/572 brn|[from] brn\n|upkeep\n|\n|t:|1769628857\n|switch|p2a: Tapu Bulu|Tapu Bulu, L82|249/249\n|-damage|p2a: Tapu Bulu|218/249|[from] Stealth Rock\n|-damage|p2a: Tapu Bulu|187/249|[from] Spikes\n|-fieldstart|move: Grassy Terrain|[from] ability: Grassy Surge|[of] p2a: Tapu Bulu\n|turn|24\n|\n|t:|1769628864\n|-curestatus|p1a: Blissey|brn|[from] ability: Natural Cure\n|switch|p1a: Skarmory|Skarmory, L75, F|208/221\n|move|p2a: Tapu Bulu|Bulk Up|p2a: Tapu Bulu\n|-boost|p2a: Tapu Bulu|atk|1\n|-boost|p2a: Tapu Bulu|def|1\n|\n|-weather|RainDance|[upkeep]\n|-heal|p2a: Tapu Bulu|202/249|[from] Grassy Terrain\n|-heal|p2a: Tapu Bulu|217/249|[from] item: Leftovers\n|-heal|p1a: Skarmory|221/221|[from] item: Leftovers\n|upkeep\n|turn|25\n|\n|t:|1769628869\n|move|p2a: Tapu Bulu|Superpower|p1a: Skarmory\n|-damage|p1a: Skarmory|111/221\n|-unboost|p2a: Tapu Bulu|atk|1\n|-unboost|p2a: Tapu Bulu|def|1\n|move|p1a: Skarmory|Whirlwind|p2a: Tapu Bulu\n|drag|p2a: Victini|Victini, L76|89/277\n|-damage|p2a: Victini|20/277|[from] Stealth Rock\n|-damage|p2a: Victini|0 fnt|[from] Spikes\n|faint|p2a: Victini\n|\n|-weather|none\n|-heal|p1a: Skarmory|124/221|[from] item: Leftovers\n|upkeep\n|\n|t:|1769628879\n|switch|p2a: Octillery|Octillery, L96, M|299/299\n|-damage|p2a: Octillery|262/299|[from] Stealth Rock\n|-damage|p2a: Octillery|225/299|[from] Spikes\n|turn|26\n|\n|t:|1769628885\n|switch|p1a: Diggersby|Diggersby, L82, M|274/274\n|move|p2a: Octillery|Fire Blast|p1a: Diggersby\n|-damage|p1a: Diggersby|91/274\n|-status|p1a: Diggersby|brn\n|\n|-heal|p1a: Diggersby|108/274 brn|[from] Grassy Terrain\n|-heal|p2a: Octillery|243/299|[from] Grassy Terrain\n|-damage|p1a: Diggersby|91/274 brn|[from] brn\n|upkeep\n|turn|27\n|\n|t:|1769628892\n|move|p1a: Diggersby|Return|p2a: Octillery\n|-damage|p2a: Octillery|134/299\n|move|p2a: Octillery|Fire Blast|p1a: Diggersby\n|-damage|p1a: Diggersby|0 fnt\n|faint|p1a: Diggersby\n|\n|-heal|p2a: Octillery|152/299|[from] Grassy Terrain\n|upkeep\n|\n|t:|1769628895\n|switch|p1a: Solgaleo|Solgaleo, L73|320/320\n|turn|28\n|\n|t:|1769628906\n|move|p1a: Solgaleo|Flame Charge|p2a: Octillery\n|-resisted|p2a: Octillery\n|-damage|p2a: Octillery|134/299\n|-boost|p1a: Solgaleo|spe|1\n|move|p2a: Octillery|Fire Blast|p1a: Solgaleo\n|-supereffective|p1a: Solgaleo\n|-damage|p1a: Solgaleo|0 fnt\n|faint|p1a: Solgaleo\n|\n|-heal|p2a: Octillery|152/299|[from] Grassy Terrain\n|-fieldend|move: Grassy Terrain\n|upkeep\n|\n|t:|1769628908\n|switch|p1a: Blissey|Blissey, L85, F|368/572\n|turn|29\n|\n|t:|1769628920\n|switch|p2a: Dedenne|Dedenne, L91, M|117/268 tox\n|-damage|p2a: Dedenne|84/268 tox|[from] Stealth Rock\n|-damage|p2a: Dedenne|51/268 tox|[from] Spikes\n|move|p1a: Blissey|Seismic Toss|p2a: Dedenne\n|-damage|p2a: Dedenne|0 fnt\n|faint|p2a: Dedenne\n|\n|-heal|p1a: Blissey|403/572|[from] item: Leftovers\n|upkeep\n|\n|t:|1769628927\n|switch|p2a: Tapu Bulu|Tapu Bulu, L82|217/249\n|-damage|p2a: Tapu Bulu|186/249|[from] Stealth Rock\n|-damage|p2a: Tapu Bulu|155/249|[from] Spikes\n|-fieldstart|move: Grassy Terrain|[from] ability: Grassy Surge|[of] p2a: Tapu Bulu\n|turn|30\n|\n|t:|1769628933\n|move|p2a: Tapu Bulu|Bulk Up|p2a: Tapu Bulu\n|-boost|p2a: Tapu Bulu|atk|1\n|-boost|p2a: Tapu Bulu|def|1\n|move|p1a: Blissey|Toxic|p2a: Tapu Bulu\n|-status|p2a: Tapu Bulu|tox\n|\n|-heal|p2a: Tapu Bulu|170/249 tox|[from] Grassy Terrain\n|-heal|p2a: Tapu Bulu|185/249 tox|[from] item: Leftovers\n|-heal|p1a: Blissey|438/572|[from] Grassy Terrain\n|-heal|p1a: Blissey|473/572|[from] item: Leftovers\n|-damage|p2a: Tapu Bulu|170/249 tox|[from] psn\n|upkeep\n|turn|31\n|\n|t:|1769628937\n|move|p2a: Tapu Bulu|Superpower|p1a: Blissey\n|-supereffective|p1a: Blissey\n|-damage|p1a: Blissey|0 fnt\n|-unboost|p2a: Tapu Bulu|atk|1\n|-unboost|p2a: Tapu Bulu|def|1\n|faint|p1a: Blissey\n|\n|-heal|p2a: Tapu Bulu|185/249 tox|[from] Grassy Terrain\n|-heal|p2a: Tapu Bulu|200/249 tox|[from] item: Leftovers\n|-damage|p2a: Tapu Bulu|170/249 tox|[from] psn\n|upkeep\n|\n|t:|1769628938\n|switch|p1a: Skarmory|Skarmory, L75, F|124/221\n|turn|32\n|\n|t:|1769628942\n|move|p2a: Tapu Bulu|Bulk Up|p2a: Tapu Bulu\n|-boost|p2a: Tapu Bulu|atk|1\n|-boost|p2a: Tapu Bulu|def|1\n|move|p1a: Skarmory|Roost|p1a: Skarmory\n|-heal|p1a: Skarmory|221/221\n|-singleturn|p1a: Skarmory|move: Roost\n|\n|-heal|p2a: Tapu Bulu|185/249 tox|[from] Grassy Terrain\n|-heal|p2a: Tapu Bulu|200/249 tox|[from] item: Leftovers\n|-damage|p2a: Tapu Bulu|155/249 tox|[from] psn\n|upkeep\n|turn|33\n|\n|t:|1769628949\n|move|p2a: Tapu Bulu|Bulk Up|p2a: Tapu Bulu\n|-boost|p2a: Tapu Bulu|atk|1\n|-boost|p2a: Tapu Bulu|def|1\n|move|p1a: Skarmory|Brave Bird|p2a: Tapu Bulu\n|-supereffective|p2a: Tapu Bulu\n|-damage|p2a: Tapu Bulu|81/249 tox\n|-damage|p1a: Skarmory|197/221|[from] Recoil\n|\n|-heal|p2a: Tapu Bulu|96/249 tox|[from] Grassy Terrain\n|-heal|p2a: Tapu Bulu|111/249 tox|[from] item: Leftovers\n|-heal|p1a: Skarmory|210/221|[from] item: Leftovers\n|-damage|p2a: Tapu Bulu|51/249 tox|[from] psn\n|upkeep\n|turn|34\n|\n|t:|1769628955\n|move|p2a: Tapu Bulu|Superpower|p1a: Skarmory\n|-damage|p1a: Skarmory|67/221\n|-unboost|p2a: Tapu Bulu|atk|1\n|-unboost|p2a: Tapu Bulu|def|1\n|move|p1a: Skarmory|Roost|p1a: Skarmory\n|-heal|p1a: Skarmory|178/221\n|-singleturn|p1a: Skarmory|move: Roost\n|\n|-heal|p2a: Tapu Bulu|66/249 tox|[from] Grassy Terrain\n|-heal|p2a: Tapu Bulu|81/249 tox|[from] item: Leftovers\n|-heal|p1a: Skarmory|191/221|[from] Grassy Terrain\n|-heal|p1a: Skarmory|204/221|[from] item: Leftovers\n|-damage|p2a: Tapu Bulu|6/249 tox|[from] psn\n|-fieldend|move: Grassy Terrain\n|upkeep\n|turn|35\n|\n|t:|1769628962\n|move|p2a: Tapu Bulu|Superpower|p1a: Skarmory\n|-damage|p1a: Skarmory|77/221\n|-unboost|p2a: Tapu Bulu|atk|1\n|-unboost|p2a: Tapu Bulu|def|1\n|move|p1a: Skarmory|Spikes|p2a: Tapu Bulu\n|-sidestart|p2: Liptorizarre|Spikes\n|\n|-heal|p2a: Tapu Bulu|21/249 tox|[from] item: Leftovers\n|-heal|p1a: Skarmory|90/221|[from] item: Leftovers\n|-damage|p2a: Tapu Bulu|0 fnt|[from] psn\n|faint|p2a: Tapu Bulu\n|upkeep\n|\n|t:|1769628966\n|switch|p2a: Octillery|Octillery, L96, M|152/299\n|-damage|p2a: Octillery|115/299|[from] Stealth Rock\n|-damage|p2a: Octillery|66/299|[from] Spikes\n|turn|36\n|\n|t:|1769628974\n|move|p1a: Skarmory|Brave Bird|p2a: Octillery\n|-damage|p2a: Octillery|0 fnt\n|faint|p2a: Octillery\n|-damage|p1a: Skarmory|68/221|[from] Recoil\n|\n|win|DuskyCat\n|raw|DuskyCat's rating: 1582 &rarr; <strong>1602</strong><br />(+20 for winning)\n|raw|Liptorizarre's rating: 1583 &rarr; <strong>1563</strong><br />(-20 for losing)\n|c|☆DuskyCat|gg wp\n|l|☆Liptorizarre\n|player|p2|\n", "inputlog": ">version b99ff0165a6231f17e8b78c2a78d1998375de664\n>start {\"formatid\":\"gen7randombattle\",\"seed\":\"sodium,133f1cb528e1494dedd4a8a2191c852c\",\"rated\":\"Rated battle\"}\n>player p1 {\"name\":\"DuskyCat\",\"avatar\":\"guitarist\",\"rating\":1582,\"seed\":\"sodium,ba4bc4205393242b8429b49537019b81\"}\n>player p2 {\"name\":\"Liptorizarre\",\"avatar\":\"102\",\"rating\":1583,\"seed\":\"sodium,63426cc65fe51be887bcc0eb764f273d\"}\n>p1 switch 3\n>p2 move uturn\n>p2 switch 5\n>p1 move toxic\n>p2 move toxic\n>p1 switch 5\n>p2 move thunderbolt\n>p1 switch 5\n>p2 move toxic\n>p1 switch 2\n>p2 move thunderbolt\n>p1 switch 5\n>p2 switch 4\n>p1 move stealthrock\n>p2 move bulkup\n>p1 switch 4\n>p2 move woodhammer\n>p1 move roost\n>p2 move superpower\n>p1 move spikes\n>p2 switch 4\n>p1 switch 4\n>p2 move thunderbolt\n>p1 move icebeam\n>p2 switch 3\n>p1 switch 5\n>p2 move waterspout\n>p1 move toxic\n>p2 switch 6\n>p1 switch 2\n>p2 move knockoff\n>p1 move roost\n>p2 move knockoff\n>p1 move airslash\n>p2 move knockoff\n>p1 switch 4\n>p2 switch 3\n>p1 switch 2\n>p2 move toxic\n>p1 move seismictoss\n>p2 switch 5\n>p1 switch 5\n>p2 move glaciate\n>p1 move icebeam\n>p2 move uturn\n>p2 switch 6\n>p1 move earthquake\n>p2 move scald\n>p1 switch 5\n>p1 move seismictoss\n>p2 move scald\n>p2 switch 4\n>p1 switch 2\n>p2 move bulkup\n>p1 move whirlwind\n>p2 move superpower\n>p2 switch 2\n>p1 switch 6\n>p2 move fireblast\n>p1 move return\n>p2 move fireblast\n>p1 switch 3\n>p1 move flamecharge\n>p2 move fireblast\n>p1 switch 2\n>p1 move seismictoss\n>p2 switch 5\n>p2 switch 6\n>p1 move toxic\n>p2 move bulkup\n>p1 move seismictoss\n>p2 move superpower\n>p1 switch 6\n>p1 move roost\n>p2 move bulkup\n>p1 move bravebird\n>p2 move bulkup\n>p1 move roost\n>p2 move superpower\n>p1 move spikes\n>p2 move superpower\n>p2 switch 5\n>p1 move bravebird\n>p2 move fireblast", "uploadtime": 1769628996, "views": 182, "formatid": "gen7randombattle", "rating": 1563, "private": 0, "password": null}