{"id": "gen7randombattle-2529092686", "format": "[Gen 7] Random Battle", "players": ["Thorys", "La.Hellhound"], "log": "|j|☆Thorys\n|j|‽La.Hellhound\n|t:|1769736955\n|gametype|singles\n|player|p1|Thorys|policeman-gen4|1631\n|player|p2|La.Hellhound|bruno|1687\n|gen|7\n|tier|[Gen 7] Random Battle\n|rated|\n|rule|Sleep Clause Mod: Limit one foe put to sleep\n|rule|HP Percentage Mod: HP is shown in percentages\n|rule|Illusion Level Mod: Illusion disguises the Pokémon's true level\n|\n|t:|1769736955\n|teamsize|p1|6\n|teamsize|p2|6\n|start\n|switch|p1a: Blastoise|Blastoise, L82, M|264/264\n|switch|p2a: Trevenant|Trevenant, L91, F|303/303\n|turn|1\n|inactive|Battle timer is ON: inactive players will automatically lose when time's up. (requested by La.Hellhound)\n|inactive|Thorys also wants the timer to be on.\n|\n|t:|1769736981\n|switch|p1a: Vikavolt|Vikavolt, L86, M|273/273\n|move|p2a: Trevenant|Horn Leech|p1a: Vikavolt\n|-resisted|p1a: Vikavolt\n|-damage|p1a: Vikavolt|215/273\n|-damage|p2a: Trevenant|273/303|[from] item: Life Orb\n|\n|-heal|p1a: Vikavolt|232/273|[from] item: Leftovers\n|upkeep\n|turn|2\n|inactive|Thorys has 120 seconds left.\n|\n|t:|1769737015\n|move|p1a: Vikavolt|Bug Buzz|p2a: Trevenant\n|-damage|p2a: Trevenant|143/303\n|move|p2a: Trevenant|Shadow Claw|p1a: Vikavolt\n|-crit|p1a: Vikavolt\n|-damage|p1a: Vikavolt|45/273\n|-damage|p2a: Trevenant|113/303|[from] item: Life Orb\n|\n|-heal|p1a: Vikavolt|62/273|[from] item: Leftovers\n|upkeep\n|turn|3\n|inactive|Thorys has 120 seconds left.\n|inactive|La.Hellhound has 120 seconds left.\n|\n|t:|1769737044\n|move|p1a: Vikavolt|Roost|p1a: Vikavolt\n|-heal|p1a: Vikavolt|199/273\n|-singleturn|p1a: Vikavolt|move: Roost\n|move|p2a: Trevenant|Trick Room|p2a: Trevenant\n|-fieldstart|move: Trick Room|[of] p2a: Trevenant\n|\n|-heal|p1a: Vikavolt|216/273|[from] item: Leftovers\n|upkeep\n|turn|4\n|inactive|Thorys has 120 seconds left.\n|inactive|La.Hellhound has 120 seconds left.\n|\n|t:|1769737054\n|move|p2a: Trevenant|Shadow Claw|p1a: Vikavolt\n|-damage|p1a: Vikavolt|86/273\n|-damage|p2a: Trevenant|83/303|[from] item: Life Orb\n|move|p1a: Vikavolt|Roost|p1a: Vikavolt\n|-heal|p1a: Vikavolt|223/273\n|-singleturn|p1a: Vikavolt|move: Roost\n|\n|-heal|p1a: Vikavolt|240/273|[from] item: Leftovers\n|upkeep\n|turn|5\n|inactive|Thorys has 120 seconds left.\n|inactive|La.Hellhound has 120 seconds left.\n|\n|t:|1769737065\n|switch|p2a: Aggron|Aggron, L81, M|246/246\n|move|p1a: Vikavolt|Roost|p1a: Vikavolt\n|-heal|p1a: Vikavolt|273/273\n|-singleturn|p1a: Vikavolt|move: Roost\n|\n|upkeep\n|turn|6\n|inactive|Thorys has 120 seconds left.\n|\n|t:|1769737084\n|switch|p1a: Gligar|Gligar, L82, M|241/241\n|detailschange|p2a: Aggron|Aggron-Mega, L81, M\n|-mega|p2a: Aggron|Aggron|Aggronite\n|move|p2a: Aggron|Stone Edge|p1a: Gligar\n|-damage|p1a: Gligar|190/241\n|\n|upkeep\n|turn|7\n|\n|t:|1769737096\n|switch|p2a: Thundurus|Thundurus, L81, M|261/261\n|move|p1a: Gligar|Earthquake|p2a: Thundurus\n|-immune|p2a: Thundurus\n|\n|-fieldend|move: Trick Room\n|upkeep\n|turn|8\n|\n|t:|1769737121\n|switch|p1a: Vikavolt|Vikavolt, L86, M|273/273\n|move|p2a: Thundurus|Nasty Plot|p2a: Thundurus\n|-boost|p2a: Thundurus|spa|2\n|\n|upkeep\n|turn|9\n|\n|t:|1769737134\n|move|p2a: Thundurus|Hidden Power|p1a: Vikavolt\n|-damage|p1a: Vikavolt|69/273\n|-damage|p2a: Thundurus|235/261|[from] item: Life Orb\n|move|p1a: Vikavolt|Discharge|p2a: Thundurus\n|-damage|p2a: Thundurus|94/261\n|\n|-heal|p1a: Vikavolt|86/273|[from] item: Leftovers\n|upkeep\n|turn|10\n|inactive|Thorys has 90 seconds left.\n|\n|t:|1769737170\n|move|p2a: Thundurus|Hidden Power|p1a: Vikavolt\n|-damage|p1a: Vikavolt|0 fnt\n|faint|p1a: Vikavolt\n|-damage|p2a: Thundurus|68/261|[from] item: Life Orb\n|\n|upkeep\n|\n|t:|1769737176\n|switch|p1a: Meowstic|Meowstic-F, L91, F|283/283\n|turn|11\n|\n|t:|1769737189\n|switch|p2a: Umbreon|Umbreon, L84, F|297/297\n|move|p1a: Meowstic|Dark Pulse|p2a: Umbreon\n|-resisted|p2a: Umbreon\n|-damage|p2a: Umbreon|267/297\n|-damage|p1a: Meowstic|255/283|[from] item: Life Orb\n|\n|-heal|p2a: Umbreon|285/297|[from] item: Leftovers\n|upkeep\n|turn|12\n|inactive|Thorys has 90 seconds left.\n|\n|t:|1769737210\n|switch|p1a: Raticate|Raticate-Alola, L89, M|278/278\n|move|p2a: Umbreon|Wish|p2a: Umbreon\n|\n|-heal|p2a: Umbreon|297/297|[from] item: Leftovers\n|upkeep\n|turn|13\n|\n|t:|1769737221\n|move|p1a: Raticate|Knock Off|p2a: Umbreon|[miss]\n|-miss|p1a: Raticate|p2a: Umbreon\n|move|p2a: Umbreon|Toxic|p1a: Raticate\n|-status|p1a: Raticate|tox\n|\n|-damage|p1a: Raticate|261/278 tox|[from] psn\n|upkeep\n|turn|14\n|\n|t:|1769737234\n|move|p2a: Umbreon|Protect|p2a: Umbreon\n|-singleturn|p2a: Umbreon|Protect\n|move|p1a: Raticate|Return|p2a: Umbreon\n|-activate|p2a: Umbreon|move: Protect\n|\n|-damage|p1a: Raticate|227/278 tox|[from] psn\n|upkeep\n|turn|15\n|\n|t:|1769737242\n|switch|p2a: Trevenant|Trevenant, L91, F|83/303\n|move|p1a: Raticate|Knock Off|p2a: Trevenant\n|-supereffective|p2a: Trevenant\n|-damage|p2a: Trevenant|0 fnt\n|-enditem|p2a: Trevenant|Life Orb|[from] move: Knock Off|[of] p1a: Raticate\n|faint|p2a: Trevenant\n|-damage|p1a: Raticate|200/278 tox|[from] item: Life Orb\n|\n|-damage|p1a: Raticate|149/278 tox|[from] psn\n|upkeep\n|\n|t:|1769737266\n|switch|p2a: Zebstrika|Zebstrika, L88, M|275/275\n|turn|16\n|inactive|Thorys has 90 seconds left.\n|inactive|La.Hellhound has 120 seconds left.\n|inactive|La.Hellhound has 90 seconds left.\n|\n|t:|1769737343\n|switch|p2a: Umbreon|Umbreon, L84, F|297/297\n|move|p1a: Raticate|Return|p2a: Umbreon\n|-damage|p2a: Umbreon|144/297\n|-damage|p1a: Raticate|122/278 tox|[from] item: Life Orb\n|\n|-heal|p2a: Umbreon|162/297|[from] item: Leftovers\n|-damage|p1a: Raticate|54/278 tox|[from] psn\n|upkeep\n|turn|17\n|inactive|Thorys has 60 seconds left.\n|\n|t:|1769737360\n|switch|p1a: Blastoise|Blastoise, L82, M|264/264\n|move|p2a: Umbreon|Protect||[still]\n|-fail|p2a: Umbreon\n|\n|-heal|p2a: Umbreon|180/297|[from] item: Leftovers\n|upkeep\n|turn|18\n|inactive|Thorys has 60 seconds left.\n|\n|t:|1769737370\n|detailschange|p1a: Blastoise|Blastoise-Mega, L82, M\n|-mega|p1a: Blastoise|Blastoise|Blastoisinite\n|move|p2a: Umbreon|Protect|p2a: Umbreon\n|-singleturn|p2a: Umbreon|Protect\n|move|p1a: Blastoise|Aura Sphere|p2a: Umbreon\n|-activate|p2a: Umbreon|move: Protect\n|\n|-heal|p2a: Umbreon|198/297|[from] item: Leftovers\n|upkeep\n|turn|19\n|inactive|Thorys has 60 seconds left.\n|inactive|La.Hellhound has 60 seconds left.\n|inactive|La.Hellhound has 30 seconds left.\n|inactive|La.Hellhound has 20 seconds left.\n|inactive|La.Hellhound has 15 seconds left.\n|inactive|La.Hellhound no longer wants the timer on, but the timer is staying on because thorys still does.\n|inactive|La.Hellhound has 10 seconds left.\n|\n|t:|1769737447\n|move|p1a: Blastoise|Aura Sphere|p2a: Umbreon\n|-supereffective|p2a: Umbreon\n|-damage|p2a: Umbreon|40/297\n|move|p2a: Umbreon|Wish|p2a: Umbreon\n|\n|-heal|p2a: Umbreon|58/297|[from] item: Leftovers\n|upkeep\n|turn|20\n|inactive|La.Hellhound has 20 seconds left this turn.\n|inactive|Thorys has 60 seconds left.\n|inactive|La.Hellhound has 15 seconds left.\n|\n|t:|1769737456\n|move|p2a: Umbreon|Protect|p2a: Umbreon\n|-singleturn|p2a: Umbreon|Protect\n|move|p1a: Blastoise|Scald|p2a: Umbreon\n|-activate|p2a: Umbreon|move: Protect\n|\n|-heal|p2a: Umbreon|206/297|[from] move: Wish|[wisher] Umbreon\n|-heal|p2a: Umbreon|224/297|[from] item: Leftovers\n|upkeep\n|turn|21\n|inactive|La.Hellhound has 25 seconds left this turn.\n|inactive|La.Hellhound has 20 seconds left.\n|\n|t:|1769737466\n|move|p1a: Blastoise|Aura Sphere|p2a: Umbreon\n|-supereffective|p2a: Umbreon\n|-damage|p2a: Umbreon|78/297\n|move|p2a: Umbreon|Wish|p2a: Umbreon\n|\n|-heal|p2a: Umbreon|96/297|[from] item: Leftovers\n|upkeep\n|turn|22\n|inactive|La.Hellhound has 30 seconds left this turn.\n|\n|t:|1769737474\n|move|p2a: Umbreon|Protect|p2a: Umbreon\n|-singleturn|p2a: Umbreon|Protect\n|move|p1a: Blastoise|Aura Sphere|p2a: Umbreon\n|-activate|p2a: Umbreon|move: Protect\n|\n|-heal|p2a: Umbreon|244/297|[from] move: Wish|[wisher] Umbreon\n|-heal|p2a: Umbreon|262/297|[from] item: Leftovers\n|upkeep\n|turn|23\n|inactive|La.Hellhound has 30 seconds left.\n|\n|t:|1769737483\n|move|p1a: Blastoise|Aura Sphere|p2a: Umbreon\n|-supereffective|p2a: Umbreon\n|-damage|p2a: Umbreon|94/297\n|move|p2a: Umbreon|Wish|p2a: Umbreon\n|\n|-heal|p2a: Umbreon|112/297|[from] item: Leftovers\n|upkeep\n|turn|24\n|\n|t:|1769737496\n|move|p2a: Umbreon|Protect|p2a: Umbreon\n|-singleturn|p2a: Umbreon|Protect\n|move|p1a: Blastoise|Aura Sphere|p2a: Umbreon\n|-activate|p2a: Umbreon|move: Protect\n|\n|-heal|p2a: Umbreon|260/297|[from] move: Wish|[wisher] Umbreon\n|-heal|p2a: Umbreon|278/297|[from] item: Leftovers\n|upkeep\n|turn|25\n|\n|t:|1769737508\n|move|p1a: Blastoise|Aura Sphere|p2a: Umbreon\n|-supereffective|p2a: Umbreon\n|-damage|p2a: Umbreon|126/297\n|move|p2a: Umbreon|Wish|p2a: Umbreon\n|\n|-heal|p2a: Umbreon|144/297|[from] item: Leftovers\n|upkeep\n|turn|26\n|\n|t:|1769737515\n|move|p2a: Umbreon|Protect|p2a: Umbreon\n|-singleturn|p2a: Umbreon|Protect\n|move|p1a: Blastoise|Aura Sphere|p2a: Umbreon\n|-activate|p2a: Umbreon|move: Protect\n|\n|-heal|p2a: Umbreon|292/297|[from] move: Wish|[wisher] Umbreon\n|-heal|p2a: Umbreon|297/297|[from] item: Leftovers\n|upkeep\n|turn|27\n|\n|t:|1769737531\n|switch|p2a: Zebstrika|Zebstrika, L88, M|275/275\n|move|p1a: Blastoise|Aura Sphere|p2a: Zebstrika\n|-damage|p2a: Zebstrika|137/275\n|\n|upkeep\n|turn|28\n|inactive|La.Hellhound has 30 seconds left.\n|\n|t:|1769737548\n|switch|p1a: Rotom|Rotom, L88|231/231\n|move|p2a: Zebstrika|Hidden Power|p1a: Rotom\n|-damage|p1a: Rotom|163/231\n|\n|-heal|p1a: Rotom|177/231|[from] item: Leftovers\n|upkeep\n|turn|29\n|inactive|Thorys has 90 seconds left.\n|\n|t:|1769737576\n|switch|p2a: Umbreon|Umbreon, L84, F|297/297\n|switch|p1a: Blastoise|Blastoise-Mega, L82, M|264/264\n|\n|upkeep\n|turn|30\n|inactive|Thorys has 90 seconds left.\n|inactive|La.Hellhound has 30 seconds left.\n|inactive|La.Hellhound has 20 seconds left.\n|inactive|La.Hellhound has 15 seconds left.\n|\n|t:|1769737607\n|move|p1a: Blastoise|Aura Sphere|p2a: Umbreon\n|-supereffective|p2a: Umbreon\n|-damage|p2a: Umbreon|151/297\n|move|p2a: Umbreon|Wish|p2a: Umbreon\n|\n|-heal|p2a: Umbreon|169/297|[from] item: Leftovers\n|upkeep\n|turn|31\n|inactive|La.Hellhound has 25 seconds left this turn.\n|inactive|La.Hellhound has 20 seconds left.\n|\n|t:|1769737614\n|move|p2a: Umbreon|Protect|p2a: Umbreon\n|-singleturn|p2a: Umbreon|Protect\n|move|p1a: Blastoise|Aura Sphere|p2a: Umbreon\n|-activate|p2a: Umbreon|move: Protect\n|\n|-heal|p2a: Umbreon|297/297|[from] move: Wish|[wisher] Umbreon\n|upkeep\n|turn|32\n|inactive|La.Hellhound has 30 seconds left this turn.\n|inactive|La.Hellhound has 20 seconds left.\n|\n|t:|1769737624\n|switch|p2a: Zebstrika|Zebstrika, L88, M|137/275\n|move|p1a: Blastoise|Aura Sphere|p2a: Zebstrika\n|-damage|p2a: Zebstrika|4/275\n|\n|upkeep\n|turn|33\n|inactive|La.Hellhound has 30 seconds left this turn.\n|\n|t:|1769737635\n|switch|p1a: Rotom|Rotom, L88|177/231\n|move|p2a: Zebstrika|Volt Switch|p1a: Rotom\n|-resisted|p1a: Rotom\n|-damage|p1a: Rotom|118/231\n|inactive|La.Hellhound has 30 seconds left this turn.\n|inactive|La.Hellhound has 20 seconds left.\n|\n|t:|1769737646\n|switch|p2a: Umbreon|Umbreon, L84, F|297/297|[from] Volt Switch\n|\n|-heal|p1a: Rotom|132/231|[from] item: Leftovers\n|upkeep\n|turn|34\n|inactive|La.Hellhound has 30 seconds left this turn.\n|\n|t:|1769737669\n|switch|p1a: Gligar|Gligar, L82, M|190/241\n|move|p2a: Umbreon|Foul Play|p1a: Gligar\n|-damage|p1a: Gligar|136/241\n|\n|upkeep\n|turn|35\n|inactive|La.Hellhound has 30 seconds left.\n|\n|t:|1769737684\n|switch|p2a: Aggron|Aggron-Mega, L81, M|246/246\n|move|p1a: Gligar|Knock Off|p2a: Aggron\n|-damage|p2a: Aggron|229/246\n|\n|upkeep\n|turn|36\n|inactive|La.Hellhound has 30 seconds left.\n|\n|t:|1769737697\n|move|p1a: Gligar|Roost|p1a: Gligar\n|-heal|p1a: Gligar|241/241\n|-singleturn|p1a: Gligar|move: Roost\n|move|p2a: Aggron|Heavy Slam|p1a: Gligar\n|-damage|p1a: Gligar|147/241\n|\n|upkeep\n|turn|37\n|inactive|La.Hellhound has 30 seconds left.\n|\n|t:|1769737717\n|switch|p1a: Rotom|Rotom, L88|132/231\n|move|p2a: Aggron|Heavy Slam|p1a: Rotom\n|-resisted|p1a: Rotom\n|-damage|p1a: Rotom|44/231\n|\n|-heal|p1a: Rotom|58/231|[from] item: Leftovers\n|upkeep\n|turn|38\n|inactive|La.Hellhound has 30 seconds left.\n|\n|t:|1769737731\n|switch|p2a: Umbreon|Umbreon, L84, F|297/297\n|move|p1a: Rotom|Pain Split|p2a: Umbreon\n|-sethp|p2a: Umbreon|177/297|[from] move: Pain Split|[silent]\n|-sethp|p1a: Rotom|177/231|[from] move: Pain Split\n|\n|-heal|p1a: Rotom|191/231|[from] item: Leftovers\n|-heal|p2a: Umbreon|195/297|[from] item: Leftovers\n|upkeep\n|turn|39\n|\n|t:|1769737746\n|switch|p1a: Gligar|Gligar, L82, M|147/241\n|move|p2a: Umbreon|Foul Play|p1a: Gligar\n|-damage|p1a: Gligar|101/241\n|\n|-heal|p2a: Umbreon|213/297|[from] item: Leftovers\n|upkeep\n|turn|40\n|inactive|La.Hellhound has 30 seconds left.\n|\n|t:|1769737764\n|switch|p2a: Aggron|Aggron-Mega, L81, M|229/246\n|move|p1a: Gligar|Roost|p1a: Gligar\n|-heal|p1a: Gligar|222/241\n|-singleturn|p1a: Gligar|move: Roost\n|\n|upkeep\n|turn|41\n|\n|t:|1769737772\n|move|p1a: Gligar|Earthquake|p2a: Aggron\n|-supereffective|p2a: Aggron\n|-damage|p2a: Aggron|166/246\n|move|p2a: Aggron|Heavy Slam|p1a: Gligar\n|-damage|p1a: Gligar|128/241\n|\n|upkeep\n|turn|42\n|inactive|Thorys has 90 seconds left.\n|\n|t:|1769737807\n|switch|p1a: Rotom|Rotom, L88|191/231\n|move|p2a: Aggron|Heavy Slam|p1a: Rotom\n|-resisted|p1a: Rotom\n|-damage|p1a: Rotom|107/231\n|\n|-heal|p1a: Rotom|121/231|[from] item: Leftovers\n|upkeep\n|turn|43\n|\n|t:|1769737817\n|move|p1a: Rotom|Shadow Ball|p2a: Aggron\n|-damage|p2a: Aggron|60/246\n|move|p2a: Aggron|Toxic|p1a: Rotom\n|-status|p1a: Rotom|tox\n|\n|-heal|p1a: Rotom|135/231 tox|[from] item: Leftovers\n|-damage|p1a: Rotom|121/231 tox|[from] psn\n|upkeep\n|turn|44\n|\n|t:|1769737830\n|switch|p2a: Umbreon|Umbreon, L84, F|213/297\n|move|p1a: Rotom|Thunderbolt||[still]\n|-damage|p2a: Umbreon|131/297\n|-status|p2a: Umbreon|par\n|-activate|p2a: Umbreon|ability: Synchronize\n|-fail|p2a: Umbreon\n|\n|-heal|p1a: Rotom|135/231 tox|[from] item: Leftovers\n|-heal|p2a: Umbreon|149/297 par|[from] item: Leftovers\n|-damage|p1a: Rotom|107/231 tox|[from] psn\n|upkeep\n|turn|45\n|inactive|Thorys has 90 seconds left.\n|\n|t:|1769737847\n|switch|p1a: Gligar|Gligar, L82, M|128/241\n|move|p2a: Umbreon|Wish|p2a: Umbreon\n|\n|-heal|p2a: Umbreon|167/297 par|[from] item: Leftovers\n|upkeep\n|turn|46\n|inactive|La.Hellhound has 30 seconds left.\n|inactive|La.Hellhound has 20 seconds left.\n|inactive|La.Hellhound has 15 seconds left.\n|inactive|La.Hellhound has 10 seconds left.\n|\n|t:|1769737894\n|cant|p2a: Umbreon|par\n|move|p1a: Gligar|Knock Off|p2a: Umbreon\n|-resisted|p2a: Umbreon\n|-damage|p2a: Umbreon|144/297 par\n|-enditem|p2a: Umbreon|Leftovers|[from] move: Knock Off|[of] p1a: Gligar\n|\n|-heal|p2a: Umbreon|292/297 par|[from] move: Wish|[wisher] Umbreon\n|upkeep\n|turn|47\n|inactive|La.Hellhound has 20 seconds left this turn.\n|inactive|La.Hellhound has 15 seconds left.\n|\n|t:|1769737902\n|move|p1a: Gligar|Roost|p1a: Gligar\n|-heal|p1a: Gligar|241/241\n|-singleturn|p1a: Gligar|move: Roost\n|cant|p2a: Umbreon|par\n|\n|upkeep\n|turn|48\n|inactive|La.Hellhound has 25 seconds left this turn.\n|inactive|La.Hellhound has 20 seconds left.\n|\n|t:|1769737910\n|switch|p1a: Blastoise|Blastoise-Mega, L82, M|264/264\n|cant|p2a: Umbreon|par\n|\n|upkeep\n|turn|49\n|inactive|La.Hellhound has 30 seconds left this turn.\n|\n|t:|1769737917\n|move|p1a: Blastoise|Aura Sphere|p2a: Umbreon\n|-supereffective|p2a: Umbreon\n|-damage|p2a: Umbreon|146/297 par\n|move|p2a: Umbreon|Toxic|p1a: Blastoise\n|-status|p1a: Blastoise|tox\n|\n|-damage|p1a: Blastoise|248/264 tox|[from] psn\n|upkeep\n|turn|50\n|inactive|La.Hellhound has 30 seconds left.\n|\n|t:|1769737929\n|switch|p2a: Aggron|Aggron-Mega, L81, M|60/246\n|move|p1a: Blastoise|Aura Sphere|p2a: Aggron\n|-supereffective|p2a: Aggron\n|-damage|p2a: Aggron|0 fnt\n|faint|p2a: Aggron\n|detailschange|p2: Aggron|Aggron, L81, M|[silent]\n|\n|-damage|p1a: Blastoise|216/264 tox|[from] psn\n|upkeep\n|inactive|La.Hellhound has 30 seconds left.\n|\n|t:|1769737936\n|switch|p2a: Thundurus|Thundurus, L81, M|68/261\n|turn|51\n|inactive|Thorys has 120 seconds left.\n|\n|t:|1769737955\n|switch|p1a: Rotom|Rotom, L88|107/231 tox\n|move|p2a: Thundurus|Thunderbolt|p1a: Rotom\n|-resisted|p1a: Rotom\n|-damage|p1a: Rotom|39/231 tox\n|-damage|p2a: Thundurus|42/261|[from] item: Life Orb\n|\n|-heal|p1a: Rotom|53/231 tox|[from] item: Leftovers\n|-damage|p1a: Rotom|39/231 tox|[from] psn\n|upkeep\n|turn|52\n|inactive|Thorys has 120 seconds left.\n|\n|t:|1769737968\n|switch|p1a: Raticate|Raticate-Alola, L89, M|54/278 tox\n|move|p2a: Thundurus|Thunderbolt|p1a: Raticate\n|-damage|p1a: Raticate|0 fnt\n|faint|p1a: Raticate\n|-damage|p2a: Thundurus|16/261|[from] item: Life Orb\n|\n|upkeep\n|\n|t:|1769737971\n|switch|p1a: Meowstic|Meowstic-F, L91, F|255/283\n|turn|53\n|inactive|Thorys has 120 seconds left.\n|\n|t:|1769737992\n|switch|p2a: Umbreon|Umbreon, L84, F|146/297 par\n|move|p1a: Meowstic|Calm Mind|p1a: Meowstic\n|-boost|p1a: Meowstic|spa|1\n|-boost|p1a: Meowstic|spd|1\n|\n|upkeep\n|turn|54\n|\n|t:|1769738003\n|move|p1a: Meowstic|Signal Beam|p2a: Umbreon\n|-supereffective|p2a: Umbreon\n|-damage|p2a: Umbreon|0 fnt\n|faint|p2a: Umbreon\n|-damage|p1a: Meowstic|227/283|[from] item: Life Orb\n|\n|upkeep\n|\n|t:|1769738009\n|switch|p2a: Slurpuff|Slurpuff, L79, F|258/258\n|turn|55\n|inactive|Thorys has 120 seconds left.\n|\n|t:|1769738022\n|move|p1a: Meowstic|Psyshock|p2a: Slurpuff\n|-damage|p2a: Slurpuff|75/258\n|-enditem|p2a: Slurpuff|Sitrus Berry|[eat]\n|-heal|p2a: Slurpuff|139/258|[from] item: Sitrus Berry\n|-damage|p1a: Meowstic|199/283|[from] item: Life Orb\n|move|p2a: Slurpuff|Belly Drum|p2a: Slurpuff\n|-damage|p2a: Slurpuff|10/258\n|-setboost|p2a: Slurpuff|atk|6|[from] move: Belly Drum\n|\n|upkeep\n|turn|56\n|inactive|Thorys has 120 seconds left.\n|\n|t:|1769738039\n|switch|p1a: Rotom|Rotom, L88|39/231 tox\n|move|p2a: Slurpuff|Play Rough|p1a: Rotom\n|-damage|p1a: Rotom|0 fnt\n|faint|p1a: Rotom\n|\n|upkeep\n|\n|t:|1769738052\n|switch|p1a: Gligar|Gligar, L82, M|241/241\n|turn|57\n|inactive|La.Hellhound has 60 seconds left.\n|\n|t:|1769738070\n|move|p2a: Slurpuff|Drain Punch|p1a: Gligar\n|-resisted|p1a: Gligar\n|-crit|p1a: Gligar\n|-damage|p1a: Gligar|170/241\n|-heal|p2a: Slurpuff|46/258|[from] drain|[of] p1a: Gligar\n|move|p1a: Gligar|Earthquake|p2a: Slurpuff\n|-damage|p2a: Slurpuff|0 fnt\n|faint|p2a: Slurpuff\n|\n|upkeep\n|\n|t:|1769738078\n|switch|p2a: Thundurus|Thundurus, L81, M|16/261\n|turn|58\n|\n|t:|1769738087\n|switch|p1a: Blastoise|Blastoise-Mega, L82, M|216/264 tox\n|move|p2a: Thundurus|Nasty Plot|p2a: Thundurus\n|-boost|p2a: Thundurus|spa|2\n|\n|-damage|p1a: Blastoise|200/264 tox|[from] psn\n|upkeep\n|turn|59\n|inactive|La.Hellhound has 60 seconds left.\n|\n|t:|1769738095\n|move|p2a: Thundurus|Thunderbolt|p1a: Blastoise\n|-supereffective|p1a: Blastoise\n|-damage|p1a: Blastoise|0 fnt\n|faint|p1a: Blastoise\n|detailschange|p1: Blastoise|Blastoise, L82, M|[silent]\n|-damage|p2a: Thundurus|0 fnt|[from] item: Life Orb\n|faint|p2a: Thundurus\n|\n|upkeep\n|inactive|La.Hellhound has 60 seconds left.\n|\n|t:|1769738101\n|switch|p2a: Zebstrika|Zebstrika, L88, M|4/275\n|switch|p1a: Meowstic|Meowstic-F, L91, F|199/283\n|turn|60\n|\n|t:|1769738111\n|move|p2a: Zebstrika|Thunderbolt|p1a: Meowstic\n|-damage|p1a: Meowstic|69/283\n|move|p1a: Meowstic|Psyshock|p2a: Zebstrika\n|-damage|p2a: Zebstrika|0 fnt\n|faint|p2a: Zebstrika\n|-damage|p1a: Meowstic|41/283|[from] item: Life Orb\n|\n|win|Thorys\n|raw|Thorys's rating: 1631 &rarr; <strong>1654</strong><br />(+23 for winning)\n|raw|La.Hellhound's rating: 1687 &rarr; <strong>1664</strong><br />(-23 for losing)\n|l|‽La.Hellhound\n|player|p2|\n", "inputlog": ">version b99ff0165a6231f17e8b78c2a78d1998375de664\n>start {\"formatid\":\"gen7randombattle\",\"seed\":\"sodium,31cd905b8717453335e468566c6752f2\",\"rated\":\"Rated battle\"}\n>player p1 {\"name\":\"Thorys\",\"avatar\":\"policeman-gen4\",\"rating\":1631,\"seed\":\"sodium,621ca92fee012ae592a4f5946a40334a\"}\n>player p2 {\"name\":\"La.Hellhound\",\"avatar\":\"bruno\",\"rating\":1687,\"seed\":\"sodium,ad04ddb11fd6a1e6d2bd2146980ce822\"}\n>p1 switch 3\n>p2 move hornleech\n>p1 move bugbuzz\n>p2 move shadowclaw\n>p1 move roost\n>p2 move trickroom\n>p1 move roost\n>p2 move shadowclaw\n>p1 move roost\n>p2 switch 5\n>p1 switch 6\n>p2 move stoneedge mega\n>p1 move earthquake\n>p2 switch 4\n>p1 switch 6\n>p2 move nastyplot\n>p1 move discharge\n>p2 move hiddenpower\n>p1 move bugbuzz\n>p2 move hiddenpower\n>p1 switch 5\n>p1 move darkpulse\n>p2 switch 6\n>p1 switch 4\n>p2 move wish\n>p1 move knockoff\n>p2 move toxic\n>p1 move return\n>p2 move protect\n>p1 move knockoff\n>p2 switch 5\n>p2 switch 3\n>p1 move return\n>p2 switch 5\n>p1 switch 3\n>p2 move protect\n>p1 move aurasphere mega\n>p2 move protect\n>p1 move aurasphere\n>p2 move wish\n>p1 move scald\n>p2 move protect\n>p1 move aurasphere\n>p2 move wish\n>p1 move aurasphere\n>p2 move protect\n>p1 move aurasphere\n>p2 move wish\n>p1 move aurasphere\n>p2 move protect\n>p1 move aurasphere\n>p2 move wish\n>p1 move aurasphere\n>p2 move protect\n>p1 move aurasphere\n>p2 switch 5\n>p1 switch 2\n>p2 move hiddenpower\n>p1 switch 2\n>p2 switch 5\n>p1 move aurasphere\n>p2 move wish\n>p1 move aurasphere\n>p2 move protect\n>p1 move aurasphere\n>p2 switch 5\n>p1 switch 2\n>p2 move voltswitch\n>p2 switch 5\n>p1 switch 6\n>p2 move foulplay\n>p1 move knockoff\n>p2 switch 4\n>p1 move roost\n>p2 move heavyslam\n>p1 switch 6\n>p2 move heavyslam\n>p1 move painsplit\n>p2 switch 4\n>p1 switch 6\n>p2 move foulplay\n>p1 move roost\n>p2 switch 4\n>p1 move earthquake\n>p2 move heavyslam\n>p1 switch 6\n>p2 move heavyslam\n>p1 move shadowball\n>p2 move toxic\n>p1 move thunderbolt\n>p2 switch 4\n>p1 switch 6\n>p2 move wish\n>p1 move knockoff\n>p2 move protect\n>p1 move roost\n>p2 move foulplay\n>p1 switch 2\n>p2 move foulplay\n>p1 move aurasphere\n>p2 move toxic\n>p1 move aurasphere\n>p2 switch 4\n>p2 switch 6\n>p1 switch 6\n>p2 move thunderbolt\n>p1 switch 3\n>p2 move thunderbolt\n>p1 switch 4\n>p1 move calmmind\n>p2 switch 4\n>p1 move signalbeam\n>p2 move foulplay\n>p2 switch 2\n>p1 move psyshock\n>p2 move bellydrum\n>p1 switch 3\n>p2 move playrough\n>p1 switch 2\n>p1 move earthquake\n>p2 move drainpunch\n>p2 switch 4\n>p1 switch 6\n>p2 move nastyplot\n>p1 move scald\n>p2 move thunderbolt\n>p1 switch 3\n>p2 switch 5\n>p1 move psyshock\n>p2 move thunderbolt", "uploadtime": 1769738518, "views": 177, "formatid": "gen7randombattle", "rating": 1654, "private": 0, "password": null}