{"id": "gen7randombattle-2525388666", "format": "[Gen 7] Random Battle", "players": ["Snoop Rogue", "Red123167"], "log": "|j|☆Snoop Rogue\n|j|☆Red123167\n|t:|1769276001\n|gametype|singles\n|player|p1|Snoop Rogue|koga-lgpe|1569\n|player|p2|Red123167|266|1657\n|gen|7\n|tier|[Gen 7] Random Battle\n|rated|\n|rule|Sleep Clause Mod: Limit one foe put to sleep\n|rule|HP Percentage Mod: HP is shown in percentages\n|rule|Illusion Level Mod: Illusion disguises the Pokémon's true level\n|\n|t:|1769276001\n|teamsize|p1|6\n|teamsize|p2|6\n|start\n|switch|p1a: Mightyena|Mightyena, L94, F|284/284\n|switch|p2a: Genesect|Genesect, L73|224/224\n|-ability|p2a: Genesect|Download|boost\n|-boost|p2a: Genesect|spa|1\n|-ability|p1a: Mightyena|Intimidate|boost\n|-unboost|p2a: Genesect|atk|1\n|turn|1\n|inactive|Battle timer is ON: inactive players will automatically lose when time's up. (requested by Snoop Rogue)\n|\n|t:|1769276029\n|switch|p2a: Swampert|Swampert, L82, F|298/298\n|move|p1a: Mightyena|Crunch|p2a: Swampert\n|-damage|p2a: Swampert|145/298\n|\n|-heal|p2a: Swampert|163/298|[from] item: Leftovers\n|upkeep\n|turn|2\n|\n|t:|1769276038\n|move|p1a: Mightyena|Crunch|p2a: Swampert\n|-damage|p2a: Swampert|16/298\n|move|p2a: Swampert|Scald|p1a: Mightyena\n|-damage|p1a: Mightyena|151/284\n|\n|-heal|p2a: Swampert|34/298|[from] item: Leftovers\n|upkeep\n|turn|3\n|\n|t:|1769276043\n|switch|p2a: Wigglytuff|Wigglytuff, L95, F|420/420\n|move|p1a: Mightyena|Crunch|p2a: Wigglytuff\n|-resisted|p2a: Wigglytuff\n|-damage|p2a: Wigglytuff|322/420\n|\n|-heal|p2a: Wigglytuff|348/420|[from] item: Leftovers\n|upkeep\n|turn|4\n|\n|t:|1769276049\n|switch|p1a: Gliscor|Gliscor, L78, M|245/245\n|move|p2a: Wigglytuff|Dazzling Gleam|p1a: Gliscor\n|-damage|p1a: Gliscor|118/245\n|\n|-heal|p2a: Wigglytuff|374/420|[from] item: Leftovers\n|-status|p1a: Gliscor|tox|[from] item: Toxic Orb\n|upkeep\n|turn|5\n|\n|t:|1769276057\n|switch|p2a: Politoed|Politoed, L88, M|302/302\n|-weather|RainDance|[from] ability: Drizzle|[of] p2a: Politoed\n|move|p1a: Gliscor|Protect||[still]\n|-fail|p1a: Gliscor\n|\n|-weather|RainDance|[upkeep]\n|-heal|p1a: Gliscor|148/245 tox|[from] ability: Poison Heal\n|upkeep\n|turn|6\n|\n|t:|1769276062\n|move|p1a: Gliscor|Protect|p1a: Gliscor\n|-singleturn|p1a: Gliscor|Protect\n|move|p2a: Politoed|Scald|p1a: Gliscor\n|-activate|p1a: Gliscor|move: Protect\n|\n|-weather|RainDance|[upkeep]\n|-heal|p1a: Gliscor|178/245 tox|[from] ability: Poison Heal\n|upkeep\n|turn|7\n|c|☆Red123167|I almost got you there\n|c|☆Red123167|I had knock off\n|c|☆Snoop Rogue|Yeah but you’re not clicking knock against the dog\n|c|☆Snoop Rogue|Either you wish or fairy move\n|c|☆Red123167|Yup\n|inactive|Snoop Rogue has 120 seconds left.\n|\n|t:|1769276103\n|switch|p1a: Beheeyem|Beheeyem, L93, M|290/290\n|move|p2a: Politoed|Scald|p1a: Beheeyem\n|-damage|p1a: Beheeyem|182/290\n|-status|p1a: Beheeyem|brn\n|\n|-weather|RainDance|[upkeep]\n|-damage|p1a: Beheeyem|164/290 brn|[from] brn\n|upkeep\n|turn|8\n|inactive|Snoop Rogue has 120 seconds left.\n|\n|t:|1769276112\n|switch|p2a: Swampert|Swampert, L82, F|34/298\n|move|p1a: Beheeyem|Psychic|p2a: Swampert\n|-damage|p2a: Swampert|0 fnt\n|faint|p2a: Swampert\n|\n|-weather|RainDance|[upkeep]\n|-damage|p1a: Beheeyem|146/290 brn|[from] brn\n|upkeep\n|\n|t:|1769276116\n|switch|p2a: Genesect|Genesect, L73|224/224\n|-ability|p2a: Genesect|Download|boost\n|-boost|p2a: Genesect|atk|1\n|turn|9\n|\n|t:|1769276122\n|switch|p1a: Gliscor|Gliscor, L78, M|178/245 tox\n|move|p2a: Genesect|X-Scissor|p1a: Gliscor\n|-resisted|p1a: Gliscor\n|-damage|p1a: Gliscor|112/245 tox\n|-damage|p2a: Genesect|202/224|[from] item: Life Orb\n|\n|-weather|none\n|-heal|p1a: Gliscor|142/245 tox|[from] ability: Poison Heal\n|upkeep\n|turn|10\n|\n|t:|1769276126\n|move|p1a: Gliscor|Earthquake|p2a: Genesect\n|-crit|p2a: Genesect\n|-damage|p2a: Genesect|45/224\n|move|p2a: Genesect|Shift Gear|p2a: Genesect\n|-boost|p2a: Genesect|spe|2\n|-boost|p2a: Genesect|atk|1\n|\n|-heal|p1a: Gliscor|172/245 tox|[from] ability: Poison Heal\n|upkeep\n|turn|11\n|\n|t:|1769276132\n|move|p1a: Gliscor|Protect|p1a: Gliscor\n|-singleturn|p1a: Gliscor|Protect\n|move|p2a: Genesect|Iron Head|p1a: Gliscor\n|-activate|p1a: Gliscor|move: Protect\n|\n|-heal|p1a: Gliscor|202/245 tox|[from] ability: Poison Heal\n|upkeep\n|turn|12\n|\n|t:|1769276134\n|switch|p1a: Genesect|Genesect, L73|224/224\n|-ability|p1a: Genesect|Download|boost\n|-boost|p1a: Genesect|spa|1\n|move|p2a: Genesect|Iron Head|p1a: Genesect\n|-resisted|p1a: Genesect\n|-damage|p1a: Genesect|107/224\n|-damage|p2a: Genesect|23/224|[from] item: Life Orb\n|\n|upkeep\n|turn|13\n|\n|t:|1769276143\n|switch|p1a: Mightyena|Mightyena, L94, F|151/284\n|-ability|p1a: Mightyena|Intimidate|boost\n|-unboost|p2a: Genesect|atk|1\n|move|p2a: Genesect|Iron Head|p1a: Mightyena\n|-damage|p1a: Mightyena|5/284\n|-damage|p2a: Genesect|1/224|[from] item: Life Orb\n|\n|upkeep\n|turn|14\n|c|☆Red123167|You got me again\n|c|☆Red123167|With the crit\n|\n|t:|1769276157\n|move|p1a: Mightyena|Sucker Punch|p2a: Genesect\n|-damage|p2a: Genesect|0 fnt\n|faint|p2a: Genesect\n|\n|upkeep\n|\n|t:|1769276160\n|switch|p2a: Pinsir|Pinsir, L74, M|217/217\n|turn|15\n|\n|t:|1769276166\n|switch|p1a: Raikou|Raikou, L81|278/278\n|-ability|p1a: Raikou|Pressure\n|detailschange|p2a: Pinsir|Pinsir-Mega, L74, M\n|-mega|p2a: Pinsir|Pinsir|Pinsirite\n|move|p2a: Pinsir|Swords Dance|p2a: Pinsir\n|-boost|p2a: Pinsir|atk|2\n|\n|upkeep\n|turn|16\n|\n|t:|1769276170\n|switch|p2a: Excadrill|Excadrill, L81, M|311/311\n|-ability|p2a: Excadrill|Mold Breaker\n|move|p1a: Raikou|Thunderbolt|p2a: Excadrill\n|-immune|p2a: Excadrill\n|\n|upkeep\n|turn|17\n|c|☆Red123167|Counter for everything huh\n|\n|t:|1769276180\n|switch|p1a: Mightyena|Mightyena, L94, F|5/284\n|-ability|p1a: Mightyena|Intimidate|boost\n|-unboost|p2a: Excadrill|atk|1\n|move|p2a: Excadrill|Swords Dance|p2a: Excadrill\n|-boost|p2a: Excadrill|atk|2\n|\n|upkeep\n|turn|18\n|\n|t:|1769276187\n|switch|p2a: Wigglytuff|Wigglytuff, L95, F|374/420\n|switch|p1a: Gliscor|Gliscor, L78, M|202/245 tox\n|\n|-heal|p2a: Wigglytuff|400/420|[from] item: Leftovers\n|-heal|p1a: Gliscor|232/245 tox|[from] ability: Poison Heal\n|upkeep\n|turn|19\n|\n|t:|1769276191\n|move|p1a: Gliscor|Toxic|p2a: Wigglytuff\n|-status|p2a: Wigglytuff|tox\n|move|p2a: Wigglytuff|Dazzling Gleam|p1a: Gliscor\n|-damage|p1a: Gliscor|120/245 tox\n|\n|-heal|p2a: Wigglytuff|420/420 tox|[from] item: Leftovers\n|-heal|p1a: Gliscor|150/245 tox|[from] ability: Poison Heal\n|-damage|p2a: Wigglytuff|394/420 tox|[from] psn\n|upkeep\n|turn|20\n|\n|t:|1769276197\n|switch|p2a: Politoed|Politoed, L88, M|302/302\n|-weather|RainDance|[from] ability: Drizzle|[of] p2a: Politoed\n|move|p1a: Gliscor|Substitute|p1a: Gliscor\n|-start|p1a: Gliscor|Substitute\n|-damage|p1a: Gliscor|89/245 tox\n|\n|-weather|RainDance|[upkeep]\n|-heal|p1a: Gliscor|119/245 tox|[from] ability: Poison Heal\n|upkeep\n|turn|21\n|\n|t:|1769276204\n|move|p1a: Gliscor|Protect|p1a: Gliscor\n|-singleturn|p1a: Gliscor|Protect\n|move|p2a: Politoed|Scald|p1a: Gliscor\n|-activate|p1a: Gliscor|move: Protect\n|\n|-weather|RainDance|[upkeep]\n|-heal|p1a: Gliscor|149/245 tox|[from] ability: Poison Heal\n|upkeep\n|turn|22\n|-message|Red123167 forfeited.\n|\n|win|Snoop Rogue\n|raw|Snoop Rogue's rating: 1569 &rarr; <strong>1594</strong><br />(+25 for winning)\n|raw|Red123167's rating: 1657 &rarr; <strong>1632</strong><br />(-25 for losing)\n|l|☆Red123167\n|player|p2|\n", "inputlog": ">version b99ff0165a6231f17e8b78c2a78d1998375de664\n>start {\"formatid\":\"gen7randombattle\",\"seed\":\"sodium,5e13a4d13227812294375a6f5679f573\",\"rated\":\"Rated battle\"}\n>player p1 {\"name\":\"Snoop Rogue\",\"avatar\":\"koga-lgpe\",\"rating\":1569,\"seed\":\"sodium,f702404412a555494465268cf8916c36\"}\n>player p2 {\"name\":\"Red123167\",\"avatar\":\"266\",\"rating\":1657,\"seed\":\"sodium,8baac653092010b99fbd5b7bc135dac1\"}\n>p1 move crunch\n>p2 switch 3\n>p1 move crunch\n>p2 move scald\n>p1 move crunch\n>p2 switch 2\n>p1 switch 4\n>p2 move dazzlinggleam\n>p1 move protect\n>p2 switch 4\n>p1 move protect\n>p2 move scald\n>chat ☆Red123167|I almost got you there\n>chat ☆Red123167|I had knock off\n>chat ☆Snoop Rogue|Yeah but you’re not clicking knock against the dog\n>chat ☆Snoop Rogue|Either you wish or fairy move\n>chat ☆Red123167|Yup\n>p1 switch 2\n>p2 move scald\n>p1 move psychic\n>p2 switch 2\n>p2 switch 3\n>p1 switch 2\n>p2 move xscissor\n>p1 move earthquake\n>p2 move shiftgear\n>p1 move protect\n>p2 move ironhead\n>p1 switch 5\n>p2 move ironhead\n>p1 switch 4\n>p2 move ironhead\n>chat ☆Red123167|You got me again\n>chat ☆Red123167|With the crit\n>p1 move suckerpunch\n>p2 move xscissor\n>p2 switch 6\n>p1 switch 3\n>p2 move swordsdance mega\n>p1 move thunderbolt\n>p2 switch 5\n>chat ☆Red123167|Counter for everything huh\n>p1 switch 3\n>p2 move swordsdance\n>p1 switch 5\n>p2 switch 4\n>p1 move toxic\n>p2 move dazzlinggleam\n>p1 move substitute\n>p2 switch 2\n>p1 move protect\n>p2 move scald\n>forcelose p2", "uploadtime": 1769276209, "views": 209, "formatid": "gen7randombattle", "rating": 1594, "private": 0, "password": null}