{"id": "gen7randombattle-2537761075", "format": "[Gen 7] Random Battle", "players": ["Master27131", "may/gen3"], "log": "|j|☆Master27131\n|j|☆may/gen3\n|t:|1770845437\n|gametype|singles\n|player|p1|Master27131|102|1566\n|player|p2|may/gen3|may|1651\n|gen|7\n|tier|[Gen 7] Random Battle\n|rated|\n|rule|Sleep Clause Mod: Limit one foe put to sleep\n|rule|HP Percentage Mod: HP is shown in percentages\n|rule|Illusion Level Mod: Illusion disguises the Pokémon's true level\n|\n|t:|1770845437\n|teamsize|p1|6\n|teamsize|p2|6\n|start\n|switch|p1a: Furfrou|Furfrou-Heart, L86, F|269/269\n|switch|p2a: Banette|Banette, L93, M|270/270\n|turn|1\n|inactive|Battle timer is ON: inactive players will automatically lose when time's up. (requested by Master27131)\n|\n|t:|1770845448\n|switch|p2a: Marowak|Marowak, L88, M|249/249\n|move|p1a: Furfrou|Toxic|p2a: Marowak\n|-status|p2a: Marowak|tox\n|\n|-damage|p2a: Marowak|234/249 tox|[from] psn\n|upkeep\n|turn|2\n|\n|t:|1770845473\n|move|p1a: Furfrou|Return|p2a: Marowak\n|-damage|p2a: Marowak|161/249 tox\n|move|p2a: Marowak|Stealth Rock|p1a: Furfrou\n|-sidestart|p1: Master27131|move: Stealth Rock\n|\n|-damage|p2a: Marowak|131/249 tox|[from] psn\n|upkeep\n|turn|3\n|\n|t:|1770845479\n|switch|p2a: Banette|Banette, L93, M|270/270\n|move|p1a: Furfrou|Return|p2a: Banette\n|-immune|p2a: Banette\n|\n|upkeep\n|turn|4\n|\n|t:|1770845481\n|move|p1a: Furfrou|Toxic|p2a: Banette\n|-status|p2a: Banette|tox\n|move|p2a: Banette|Thunder Wave|p1a: Furfrou|[miss]\n|-miss|p2a: Banette|p1a: Furfrou\n|\n|-damage|p2a: Banette|254/270 tox|[from] psn\n|upkeep\n|turn|5\n|\n|t:|1770845485\n|move|p1a: Furfrou|Return|p2a: Banette\n|-immune|p2a: Banette\n|move|p2a: Banette|Thunder Wave|p1a: Furfrou\n|-status|p1a: Furfrou|par\n|\n|-damage|p2a: Banette|222/270 tox|[from] psn\n|upkeep\n|turn|6\n|\n|t:|1770845489\n|switch|p2a: Bastiodon|Bastiodon, L94, F|265/265\n|move|p1a: Furfrou|Return|p2a: Bastiodon\n|-resisted|p2a: Bastiodon\n|-damage|p2a: Bastiodon|251/265\n|\n|-heal|p2a: Bastiodon|265/265|[from] item: Leftovers\n|upkeep\n|turn|7\n|\n|t:|1770845492\n|cant|p1a: Furfrou|par\n|move|p2a: Bastiodon|Roar|p1a: Furfrou\n|drag|p1a: Umbreon|Umbreon, L84, M|297/297\n|-damage|p1a: Umbreon|260/297|[from] Stealth Rock\n|\n|-heal|p1a: Umbreon|278/297|[from] item: Leftovers\n|upkeep\n|turn|8\n|\n|t:|1770845497\n|move|p1a: Umbreon|Foul Play|p2a: Bastiodon\n|-damage|p2a: Bastiodon|228/265\n|move|p2a: Bastiodon|Roar|p1a: Umbreon\n|drag|p1a: Bruxish|Bruxish, L85, F|254/254\n|-damage|p1a: Bruxish|223/254|[from] Stealth Rock\n|\n|-heal|p2a: Bastiodon|244/265|[from] item: Leftovers\n|upkeep\n|turn|9\n|\n|t:|1770845504\n|move|p2a: Bastiodon|Protect|p2a: Bastiodon\n|-singleturn|p2a: Bastiodon|Protect\n|move|p1a: Bruxish|Liquidation|p2a: Bastiodon\n|-activate|p2a: Bastiodon|move: Protect\n|\n|-heal|p2a: Bastiodon|260/265|[from] item: Leftovers\n|upkeep\n|turn|10\n|\n|t:|1770845510\n|switch|p2a: Musharna|Musharna, L89, F|351/351\n|move|p1a: Bruxish|Liquidation|p2a: Musharna\n|-damage|p2a: Musharna|206/351\n|\n|-heal|p2a: Musharna|227/351|[from] item: Leftovers\n|upkeep\n|turn|11\n|\n|t:|1770845516\n|move|p1a: Bruxish|Liquidation|p2a: Musharna\n|-damage|p2a: Musharna|92/351\n|move|p2a: Musharna|Moonlight|p2a: Musharna\n|-heal|p2a: Musharna|267/351\n|\n|-heal|p2a: Musharna|288/351|[from] item: Leftovers\n|upkeep\n|turn|12\n|\n|t:|1770845528\n|switch|p1a: Furfrou|Furfrou-Heart, L86, F|269/269 par\n|-damage|p1a: Furfrou|236/269 par|[from] Stealth Rock\n|move|p2a: Musharna|Signal Beam|p1a: Furfrou\n|-damage|p1a: Furfrou|172/269 par\n|\n|-heal|p2a: Musharna|309/351|[from] item: Leftovers\n|upkeep\n|turn|13\n|\n|t:|1770845530\n|move|p1a: Furfrou|Toxic||[still]\n|-status|p2a: Musharna|tox\n|-activate|p2a: Musharna|ability: Synchronize\n|-fail|p2a: Musharna\n|move|p2a: Musharna|Psychic|p1a: Furfrou\n|-damage|p1a: Furfrou|60/269 par\n|\n|-heal|p2a: Musharna|330/351 tox|[from] item: Leftovers\n|-damage|p2a: Musharna|309/351 tox|[from] psn\n|upkeep\n|turn|14\n|\n|t:|1770845538\n|cant|p1a: Furfrou|par\n|move|p2a: Musharna|Signal Beam|p1a: Furfrou\n|-damage|p1a: Furfrou|0 fnt\n|faint|p1a: Furfrou\n|\n|-heal|p2a: Musharna|330/351 tox|[from] item: Leftovers\n|-damage|p2a: Musharna|288/351 tox|[from] psn\n|upkeep\n|\n|t:|1770845544\n|switch|p1a: Umbreon|Umbreon, L84, M|278/297\n|-damage|p1a: Umbreon|241/297|[from] Stealth Rock\n|turn|15\n|\n|t:|1770845548\n|switch|p2a: Bastiodon|Bastiodon, L94, F|260/265\n|move|p1a: Umbreon|Foul Play|p2a: Bastiodon\n|-damage|p2a: Bastiodon|220/265\n|\n|-heal|p1a: Umbreon|259/297|[from] item: Leftovers\n|-heal|p2a: Bastiodon|236/265|[from] item: Leftovers\n|upkeep\n|turn|16\n|\n|t:|1770845557\n|move|p1a: Umbreon|Foul Play|p2a: Bastiodon\n|-damage|p2a: Bastiodon|194/265\n|move|p2a: Bastiodon|Roar|p1a: Umbreon\n|drag|p1a: Dragalge|Dragalge, L87, M|255/255\n|-damage|p1a: Dragalge|224/255|[from] Stealth Rock\n|\n|-heal|p1a: Dragalge|239/255|[from] item: Black Sludge\n|-heal|p2a: Bastiodon|210/265|[from] item: Leftovers\n|upkeep\n|turn|17\n|\n|t:|1770845567\n|move|p2a: Bastiodon|Protect|p2a: Bastiodon\n|-singleturn|p2a: Bastiodon|Protect\n|move|p1a: Dragalge|Toxic Spikes|p2a: Bastiodon\n|-sidestart|p2: may/gen3|move: Toxic Spikes\n|\n|-heal|p1a: Dragalge|254/255|[from] item: Black Sludge\n|-heal|p2a: Bastiodon|226/265|[from] item: Leftovers\n|upkeep\n|turn|18\n|\n|t:|1770845571\n|move|p1a: Dragalge|Dragon Tail|p2a: Bastiodon\n|-resisted|p2a: Bastiodon\n|-damage|p2a: Bastiodon|206/265\n|drag|p2a: Banette|Banette, L93, M|222/270 tox\n|\n|-heal|p1a: Dragalge|255/255|[from] item: Black Sludge\n|-damage|p2a: Banette|206/270 tox|[from] psn\n|upkeep\n|turn|19\n|\n|t:|1770845577\n|move|p2a: Banette|Shadow Claw|p1a: Dragalge\n|-damage|p1a: Dragalge|121/255\n|-damage|p2a: Banette|179/270 tox|[from] item: Life Orb\n|move|p1a: Dragalge|Sludge Wave|p2a: Banette\n|-resisted|p2a: Banette\n|-damage|p2a: Banette|91/270 tox\n|\n|-heal|p1a: Dragalge|136/255|[from] item: Black Sludge\n|-damage|p2a: Banette|59/270 tox|[from] psn\n|upkeep\n|turn|20\n|\n|t:|1770845593\n|move|p2a: Banette|Shadow Claw|p1a: Dragalge\n|-damage|p1a: Dragalge|18/255\n|-damage|p2a: Banette|32/270 tox|[from] item: Life Orb\n|move|p1a: Dragalge|Sludge Wave|p2a: Banette\n|-resisted|p2a: Banette\n|-damage|p2a: Banette|0 fnt\n|faint|p2a: Banette\n|\n|-heal|p1a: Dragalge|33/255|[from] item: Black Sludge\n|upkeep\n|\n|t:|1770845601\n|switch|p2a: Marowak|Marowak, L88, M|131/249 tox\n|turn|21\n|\n|t:|1770845604\n|move|p2a: Marowak|Earthquake|p1a: Dragalge\n|-supereffective|p1a: Dragalge\n|-damage|p1a: Dragalge|0 fnt\n|faint|p1a: Dragalge\n|\n|-damage|p2a: Marowak|116/249 tox|[from] psn\n|upkeep\n|\n|t:|1770845609\n|switch|p1a: Ninetales|Ninetales-Alola, L78, M|242/242\n|-damage|p1a: Ninetales|182/242|[from] Stealth Rock\n|-weather|Hail|[from] ability: Snow Warning|[of] p1a: Ninetales\n|turn|22\n|\n|t:|1770845613\n|move|p1a: Ninetales|Blizzard|p2a: Marowak\n|-supereffective|p2a: Marowak\n|-damage|p2a: Marowak|0 fnt\n|faint|p2a: Marowak\n|\n|-weather|Hail|[upkeep]\n|upkeep\n|\n|t:|1770845617\n|switch|p2a: Beheeyem|Beheeyem, L93, F|290/290\n|-status|p2a: Beheeyem|psn\n|turn|23\n|\n|t:|1770845622\n|move|p1a: Ninetales|Blizzard|p2a: Beheeyem\n|-damage|p2a: Beheeyem|212/290 psn\n|move|p2a: Beheeyem|Trick Room|p2a: Beheeyem\n|-fieldstart|move: Trick Room|[of] p2a: Beheeyem\n|\n|-weather|Hail|[upkeep]\n|-damage|p2a: Beheeyem|194/290 psn|[from] Hail\n|-damage|p2a: Beheeyem|158/290 psn|[from] psn\n|upkeep\n|turn|24\n|\n|t:|1770845627\n|switch|p1a: Umbreon|Umbreon, L84, M|259/297\n|-damage|p1a: Umbreon|222/297|[from] Stealth Rock\n|move|p2a: Beheeyem|Psyshock|p1a: Umbreon\n|-immune|p1a: Umbreon\n|\n|-weather|Hail|[upkeep]\n|-damage|p2a: Beheeyem|140/290 psn|[from] Hail\n|-damage|p1a: Umbreon|204/297|[from] Hail\n|-heal|p1a: Umbreon|222/297|[from] item: Leftovers\n|-damage|p2a: Beheeyem|104/290 psn|[from] psn\n|upkeep\n|turn|25\n|\n|t:|1770845632\n|move|p2a: Beheeyem|Signal Beam|p1a: Umbreon\n|-supereffective|p1a: Umbreon\n|-damage|p1a: Umbreon|76/297\n|-damage|p2a: Beheeyem|75/290 psn|[from] item: Life Orb\n|move|p1a: Umbreon|Moonlight|p1a: Umbreon\n|-heal|p1a: Umbreon|150/297\n|\n|-weather|Hail|[upkeep]\n|-damage|p2a: Beheeyem|57/290 psn|[from] Hail\n|-damage|p1a: Umbreon|132/297|[from] Hail\n|-heal|p1a: Umbreon|150/297|[from] item: Leftovers\n|-damage|p2a: Beheeyem|21/290 psn|[from] psn\n|upkeep\n|turn|26\n|\n|t:|1770845635\n|move|p2a: Beheeyem|Thunderbolt|p1a: Umbreon\n|-damage|p1a: Umbreon|54/297\n|-damage|p2a: Beheeyem|0 fnt|[from] item: Life Orb\n|faint|p2a: Beheeyem\n|move|p1a: Umbreon|Moonlight|p1a: Umbreon\n|-heal|p1a: Umbreon|128/297\n|\n|-weather|none\n|-heal|p1a: Umbreon|146/297|[from] item: Leftovers\n|upkeep\n|\n|t:|1770845641\n|switch|p2a: Bastiodon|Bastiodon, L94, F|206/265\n|turn|27\n|\n|t:|1770845644\n|move|p1a: Umbreon|Moonlight|p1a: Umbreon\n|-heal|p1a: Umbreon|294/297\n|move|p2a: Bastiodon|Roar|p1a: Umbreon\n|drag|p1a: Ninetales|Ninetales-Alola, L78, M|182/242\n|-damage|p1a: Ninetales|122/242|[from] Stealth Rock\n|-weather|Hail|[from] ability: Snow Warning|[of] p1a: Ninetales\n|\n|-weather|Hail|[upkeep]\n|-damage|p2a: Bastiodon|190/265|[from] Hail\n|-heal|p2a: Bastiodon|206/265|[from] item: Leftovers\n|-fieldend|move: Trick Room\n|upkeep\n|turn|28\n|\n|t:|1770845647\n|move|p1a: Ninetales|Hidden Power|p2a: Bastiodon\n|-supereffective|p2a: Bastiodon\n|-crit|p2a: Bastiodon\n|-damage|p2a: Bastiodon|70/265\n|move|p2a: Bastiodon|Roar|p1a: Ninetales\n|drag|p1a: Umbreon|Umbreon, L84, M|294/297\n|-damage|p1a: Umbreon|257/297|[from] Stealth Rock\n|\n|-weather|Hail|[upkeep]\n|-damage|p1a: Umbreon|239/297|[from] Hail\n|-damage|p2a: Bastiodon|54/265|[from] Hail\n|-heal|p1a: Umbreon|257/297|[from] item: Leftovers\n|-heal|p2a: Bastiodon|70/265|[from] item: Leftovers\n|upkeep\n|turn|29\n|\n|t:|1770845649\n|move|p1a: Umbreon|Foul Play|p2a: Bastiodon\n|-damage|p2a: Bastiodon|33/265\n|move|p2a: Bastiodon|Roar|p1a: Umbreon\n|drag|p1a: Noivern|Noivern, L83, M|277/277\n|-damage|p1a: Noivern|208/277|[from] Stealth Rock\n|\n|-weather|Hail|[upkeep]\n|-damage|p1a: Noivern|191/277|[from] Hail\n|-damage|p2a: Bastiodon|17/265|[from] Hail\n|-heal|p1a: Noivern|208/277|[from] item: Leftovers\n|-heal|p2a: Bastiodon|33/265|[from] item: Leftovers\n|upkeep\n|turn|30\n|\n|t:|1770845655\n|move|p1a: Noivern|Hurricane|p2a: Bastiodon|[miss]\n|-miss|p1a: Noivern|p2a: Bastiodon\n|move|p2a: Bastiodon|Roar|p1a: Noivern\n|drag|p1a: Umbreon|Umbreon, L84, M|257/297\n|-damage|p1a: Umbreon|220/297|[from] Stealth Rock\n|\n|-weather|Hail|[upkeep]\n|-damage|p1a: Umbreon|202/297|[from] Hail\n|-damage|p2a: Bastiodon|17/265|[from] Hail\n|-heal|p1a: Umbreon|220/297|[from] item: Leftovers\n|-heal|p2a: Bastiodon|33/265|[from] item: Leftovers\n|upkeep\n|turn|31\n|\n|t:|1770845657\n|move|p1a: Umbreon|Foul Play|p2a: Bastiodon\n|-damage|p2a: Bastiodon|0 fnt\n|faint|p2a: Bastiodon\n|\n|-weather|none\n|-heal|p1a: Umbreon|238/297|[from] item: Leftovers\n|upkeep\n|\n|t:|1770845660\n|switch|p2a: Musharna|Musharna, L89, F|288/351 tox\n|turn|32\n|\n|t:|1770845662\n|move|p1a: Umbreon|Foul Play|p2a: Musharna\n|-supereffective|p2a: Musharna\n|-damage|p2a: Musharna|198/351 tox\n|move|p2a: Musharna|Toxic|p1a: Umbreon\n|-status|p1a: Umbreon|tox\n|-activate|p1a: Umbreon|ability: Synchronize\n|-fail|p2a: Musharna|tox\n|\n|-heal|p1a: Umbreon|256/297 tox|[from] item: Leftovers\n|-heal|p2a: Musharna|219/351 tox|[from] item: Leftovers\n|-damage|p1a: Umbreon|238/297 tox|[from] psn\n|-damage|p2a: Musharna|198/351 tox|[from] psn\n|upkeep\n|turn|33\n|\n|t:|1770845665\n|move|p1a: Umbreon|Foul Play|p2a: Musharna\n|-supereffective|p2a: Musharna\n|-damage|p2a: Musharna|100/351 tox\n|move|p2a: Musharna|Signal Beam|p1a: Umbreon\n|-supereffective|p1a: Umbreon\n|-damage|p1a: Umbreon|150/297 tox\n|\n|-heal|p1a: Umbreon|168/297 tox|[from] item: Leftovers\n|-heal|p2a: Musharna|121/351 tox|[from] item: Leftovers\n|-damage|p1a: Umbreon|132/297 tox|[from] psn\n|-damage|p2a: Musharna|79/351 tox|[from] psn\n|upkeep\n|turn|34\n|\n|t:|1770845667\n|move|p1a: Umbreon|Foul Play|p2a: Musharna\n|-supereffective|p2a: Musharna\n|-damage|p2a: Musharna|0 fnt\n|faint|p2a: Musharna\n|\n|-heal|p1a: Umbreon|150/297 tox|[from] item: Leftovers\n|-damage|p1a: Umbreon|96/297 tox|[from] psn\n|upkeep\n|\n|t:|1770845668\n|switch|p2a: Rayquaza|Rayquaza, L66|248/248\n|-ability|p2a: Rayquaza|Air Lock\n|turn|35\n|\n|t:|1770845674\n|detailschange|p2a: Rayquaza|Rayquaza-Mega, L66\n|-mega|p2a: Rayquaza|Rayquaza|\n|-weather|DeltaStream|[from] ability: Delta Stream|[of] p2a: Rayquaza\n|move|p2a: Rayquaza|Dragon Dance|p2a: Rayquaza\n|-boost|p2a: Rayquaza|atk|1\n|-boost|p2a: Rayquaza|spe|1\n|move|p1a: Umbreon|Toxic|p2a: Rayquaza\n|-status|p2a: Rayquaza|tox\n|\n|-weather|DeltaStream|[upkeep]\n|-heal|p1a: Umbreon|114/297 tox|[from] item: Leftovers\n|-damage|p2a: Rayquaza|233/248 tox|[from] psn\n|-damage|p1a: Umbreon|42/297 tox|[from] psn\n|upkeep\n|turn|36\n|\n|t:|1770845684\n|move|p2a: Rayquaza|Dragon Ascent|p1a: Umbreon\n|-damage|p1a: Umbreon|0 fnt\n|-unboost|p2a: Rayquaza|def|1\n|-unboost|p2a: Rayquaza|spd|1\n|faint|p1a: Umbreon\n|-damage|p2a: Rayquaza|209/248 tox|[from] item: Life Orb\n|\n|-weather|DeltaStream|[upkeep]\n|-damage|p2a: Rayquaza|179/248 tox|[from] psn\n|upkeep\n|\n|t:|1770845688\n|switch|p1a: Ninetales|Ninetales-Alola, L78, M|122/242\n|-damage|p1a: Ninetales|62/242|[from] Stealth Rock\n|-ability|p1a: Ninetales|Snow Warning|[from] deltastream|[fail]\n|turn|37\n|\n|t:|1770845692\n|move|p2a: Rayquaza|Earthquake|p1a: Ninetales\n|-damage|p1a: Ninetales|0 fnt\n|faint|p1a: Ninetales\n|-damage|p2a: Rayquaza|155/248 tox|[from] item: Life Orb\n|\n|-weather|DeltaStream|[upkeep]\n|-damage|p2a: Rayquaza|110/248 tox|[from] psn\n|upkeep\n|\n|t:|1770845699\n|switch|p1a: Noivern|Noivern, L83, M|208/277\n|-damage|p1a: Noivern|139/277|[from] Stealth Rock\n|turn|38\n|\n|t:|1770845703\n|move|p2a: Rayquaza|Dragon Ascent|p1a: Noivern\n|-damage|p1a: Noivern|0 fnt\n|-unboost|p2a: Rayquaza|def|1\n|-unboost|p2a: Rayquaza|spd|1\n|faint|p1a: Noivern\n|-damage|p2a: Rayquaza|86/248 tox|[from] item: Life Orb\n|\n|-weather|DeltaStream|[upkeep]\n|-damage|p2a: Rayquaza|26/248 tox|[from] psn\n|upkeep\n|\n|t:|1770845711\n|switch|p1a: Bruxish|Bruxish, L85, F|223/254\n|-damage|p1a: Bruxish|192/254|[from] Stealth Rock\n|turn|39\n|\n|t:|1770845717\n|move|p2a: Rayquaza|Dragon Ascent|p1a: Bruxish\n|-damage|p1a: Bruxish|0 fnt\n|-unboost|p2a: Rayquaza|def|1\n|-unboost|p2a: Rayquaza|spd|1\n|faint|p1a: Bruxish\n|-damage|p2a: Rayquaza|2/248 tox|[from] item: Life Orb\n|\n|win|may/gen3\n|raw|Master27131's rating: 1566 &rarr; <strong>1551</strong><br />(-15 for losing)\n|raw|may&#x2f;gen3's rating: 1651 &rarr; <strong>1666</strong><br />(+15 for winning)\n|l|☆Master27131\n|player|p1|\n", "inputlog": ">version ccdc32dd7cde25fd9e4bed64820e885f66e78a4e\n>start {\"formatid\":\"gen7randombattle\",\"seed\":\"sodium,e1f9009f1910e2a092e158c5a0e10625\",\"rated\":\"Rated battle\"}\n>player p1 {\"name\":\"Master27131\",\"avatar\":\"102\",\"rating\":1566,\"seed\":\"sodium,b77367e9447760123abab277fcbb842e\"}\n>player p2 {\"name\":\"may/gen3\",\"avatar\":\"may\",\"rating\":1651,\"seed\":\"sodium,b0ca1ce03328a3ad846db477a758b14c\"}\n>p1 move toxic\n>p2 switch 5\n>p1 move return\n>p2 move stealthrock\n>p1 move return\n>p2 switch 5\n>p1 move toxic\n>p2 move thunderwave\n>p1 move return\n>p2 move thunderwave\n>p1 move return\n>p2 switch 3\n>p1 move uturn\n>p2 move roar\n>p1 move foulplay\n>p2 move roar\n>p1 move liquidation\n>p2 move protect\n>p1 move liquidation\n>p2 switch 6\n>p1 move liquidation\n>p2 move moonlight\n>p1 switch 6\n>p2 move signalbeam\n>p1 move toxic\n>p2 move psychic\n>p1 move rest\n>p2 move signalbeam\n>p1 switch 3\n>p1 move foulplay\n>p2 switch 6\n>p1 move foulplay\n>p2 move roar\n>p1 move toxicspikes\n>p2 move protect\n>p1 move dragontail\n>p2 move roar\n>p1 move sludgewave\n>p2 move shadowclaw\n>p1 move sludgewave\n>p2 move shadowclaw\n>p2 switch 5\n>p1 move dracometeor\n>p2 move earthquake\n>p1 switch 5\n>p1 move blizzard\n>p2 move knockoff\n>p2 switch 2\n>p1 move blizzard\n>p2 move trickroom\n>p1 switch 4\n>p2 move psyshock\n>p1 move moonlight\n>p2 move signalbeam\n>p1 move moonlight\n>p2 move thunderbolt\n>p2 switch 3\n>p1 move moonlight\n>p2 move roar\n>p1 move hiddenpower\n>p2 move roar\n>p1 move foulplay\n>p2 move roar\n>p1 move hurricane\n>p2 move roar\n>p1 move foulplay\n>p2 move roar\n>p2 switch 6\n>p1 move foulplay\n>p2 move toxic\n>p1 move foulplay\n>p2 move signalbeam\n>p1 move foulplay\n>p2 move signalbeam\n>p2 switch 4\n>p1 move toxic\n>p2 move dragondance mega\n>p1 move foulplay\n>p2 move dragonascent\n>p1 switch 4\n>p1 move moonblast\n>p2 move earthquake\n>p1 switch 2\n>p1 move dracometeor\n>p2 move dragonascent\n>p1 switch 6\n>p1 move icefang\n>p2 move dragonascent", "uploadtime": 1770845721, "views": 234, "formatid": "gen7randombattle", "rating": 1551, "private": 0, "password": null}