{"id": "gen7randombattle-2533464527", "format": "[Gen 7] Random Battle", "players": ["sappy_10", "nnn361"], "log": "|j|☆sappy_10\n|j|☆nnn361\n|t:|1770308165\n|gametype|singles\n|player|p1|sappy_10|dragontamer|1492\n|player|p2|nnn361|265|1564\n|gen|7\n|tier|[Gen 7] Random Battle\n|rated|\n|rule|Sleep Clause Mod: Limit one foe put to sleep\n|rule|HP Percentage Mod: HP is shown in percentages\n|rule|Illusion Level Mod: Illusion disguises the Pokémon's true level\n|\n|t:|1770308165\n|teamsize|p1|6\n|teamsize|p2|6\n|start\n|switch|p1a: Aggron|Aggron, L81, M|246/246\n|switch|p2a: Magnezone|Magnezone, L84|255/255\n|turn|1\n|inactive|Battle timer is ON: inactive players will automatically lose when time's up. (requested by nnn361)\n|\n|t:|1770308191\n|switch|p2a: Salamence|Salamence, L70, F|249/249\n|-ability|p2a: Salamence|Intimidate|boost\n|-unboost|p1a: Aggron|atk|1\n|detailschange|p1a: Aggron|Aggron-Mega, L81, M\n|-mega|p1a: Aggron|Aggron|Aggronite\n|move|p1a: Aggron|Earthquake|p2a: Salamence\n|-immune|p2a: Salamence\n|\n|upkeep\n|turn|2\n|\n|t:|1770308203\n|switch|p2a: Dugtrio|Dugtrio, L84, F|196/196\n|move|p1a: Aggron|Stealth Rock|p2a: Dugtrio\n|-sidestart|p2: nnn361|move: Stealth Rock\n|\n|upkeep\n|turn|3\n|\n|t:|1770308222\n|move|p2a: Dugtrio|Earthquake|p1a: Aggron\n|-supereffective|p1a: Aggron\n|-damage|p1a: Aggron|137/246\n|move|p1a: Aggron|Heavy Slam|p2a: Dugtrio\n|-damage|p2a: Dugtrio|43/196\n|\n|upkeep\n|turn|4\n|\n|t:|1770308235\n|move|p2a: Dugtrio|Earthquake|p1a: Aggron\n|-supereffective|p1a: Aggron\n|-damage|p1a: Aggron|19/246\n|move|p1a: Aggron|Heavy Slam|p2a: Dugtrio\n|-damage|p2a: Dugtrio|0 fnt\n|faint|p2a: Dugtrio\n|\n|upkeep\n|\n|t:|1770308242\n|switch|p2a: Magnezone|Magnezone, L84|255/255\n|-damage|p2a: Magnezone|240/255|[from] Stealth Rock\n|turn|5\n|inactive|sappy_10 has 120 seconds left.\n|\n|t:|1770308287\n|move|p2a: Magnezone|Thunderbolt|p1a: Aggron\n|-damage|p1a: Aggron|0 fnt\n|faint|p1a: Aggron\n|detailschange|p1: Aggron|Aggron, L81, M|[silent]\n|\n|-heal|p2a: Magnezone|255/255|[from] item: Leftovers\n|upkeep\n|\n|t:|1770308298\n|switch|p1a: Virizion|Virizion, L81|280/280\n|turn|6\n|\n|t:|1770308316\n|switch|p2a: Salamence|Salamence, L70, F|249/249\n|-damage|p2a: Salamence|187/249|[from] Stealth Rock\n|-ability|p2a: Salamence|Intimidate|boost\n|-unboost|p1a: Virizion|atk|1\n|move|p1a: Virizion|Stone Edge|p2a: Salamence|[miss]\n|-miss|p1a: Virizion|p2a: Salamence\n|\n|upkeep\n|turn|7\n|inactive|sappy_10 has 120 seconds left.\n|\n|t:|1770308323\n|switch|p1a: Spiritomb|Spiritomb, L91, F|239/239\n|detailschange|p2a: Salamence|Salamence-Mega, L70, F\n|-mega|p2a: Salamence|Salamence|Salamencite\n|move|p2a: Salamence|Dragon Dance|p2a: Salamence\n|-boost|p2a: Salamence|atk|1\n|-boost|p2a: Salamence|spe|1\n|\n|upkeep\n|turn|8\n|\n|t:|1770308328\n|move|p2a: Salamence|Return|p1a: Spiritomb\n|-damage|p1a: Spiritomb|98/239\n|move|p1a: Spiritomb|Foul Play|p2a: Salamence\n|-damage|p2a: Salamence|0 fnt\n|faint|p2a: Salamence\n|detailschange|p2: Salamence|Salamence, L70, F|[silent]\n|\n|upkeep\n|\n|t:|1770308332\n|switch|p2a: Pikachu|Pikachu, L93, M|216/216\n|-damage|p2a: Pikachu|189/216|[from] Stealth Rock\n|turn|9\n|\n|t:|1770308336\n|move|p1a: Spiritomb|Sucker Punch|p2a: Pikachu\n|-damage|p2a: Pikachu|30/216\n|move|p2a: Pikachu|Volt Tackle|p1a: Spiritomb\n|-damage|p1a: Spiritomb|0 fnt\n|faint|p1a: Spiritomb\n|-damage|p2a: Pikachu|0 fnt|[from] Recoil\n|faint|p2a: Pikachu\n|\n|upkeep\n|\n|t:|1770308355\n|switch|p2a: Cinccino|Cinccino, L84, M|263/263\n|switch|p1a: Virizion|Virizion, L81|280/280\n|-damage|p2a: Cinccino|231/263|[from] Stealth Rock\n|turn|10\n|\n|t:|1770308359\n|move|p2a: Cinccino|Tail Slap|p1a: Virizion|[miss]\n|-miss|p2a: Cinccino|p1a: Virizion\n|move|p1a: Virizion|Close Combat|p2a: Cinccino\n|-supereffective|p2a: Cinccino\n|-damage|p2a: Cinccino|0 fnt\n|-unboost|p1a: Virizion|def|1\n|-unboost|p1a: Virizion|spd|1\n|faint|p2a: Cinccino\n|-damage|p1a: Virizion|252/280|[from] item: Life Orb\n|\n|upkeep\n|\n|t:|1770308365\n|switch|p2a: Cloyster|Cloyster, L80, M|211/211\n|-damage|p2a: Cloyster|159/211|[from] Stealth Rock\n|turn|11\n|\n|t:|1770308374\n|move|p1a: Virizion|Leaf Blade|p2a: Cloyster\n|-supereffective|p2a: Cloyster\n|-damage|p2a: Cloyster|34/211\n|-damage|p1a: Virizion|224/280|[from] item: Life Orb\n|move|p2a: Cloyster|Shell Smash|p2a: Cloyster\n|-unboost|p2a: Cloyster|def|1\n|-unboost|p2a: Cloyster|spd|1\n|-boost|p2a: Cloyster|atk|2\n|-boost|p2a: Cloyster|spa|2\n|-boost|p2a: Cloyster|spe|2\n|-enditem|p2a: Cloyster|White Herb\n|-clearnegativeboost|p2a: Cloyster|[silent]\n|\n|upkeep\n|turn|12\n|\n|t:|1770308392\n|move|p2a: Cloyster|Icicle Spear|p1a: Virizion\n|-supereffective|p1a: Virizion\n|-damage|p1a: Virizion|38/280\n|-supereffective|p1a: Virizion\n|-crit|p1a: Virizion\n|-damage|p1a: Virizion|0 fnt\n|faint|p1a: Virizion\n|-hitcount|p1: Virizion|2\n|\n|upkeep\n|\n|t:|1770308397\n|switch|p1a: Huntail|Huntail, L85, M|232/232\n|turn|13\n|\n|t:|1770308412\n|move|p2a: Cloyster|Icicle Spear|p1a: Huntail\n|-resisted|p1a: Huntail\n|-damage|p1a: Huntail|211/232\n|-resisted|p1a: Huntail\n|-damage|p1a: Huntail|188/232\n|-resisted|p1a: Huntail\n|-damage|p1a: Huntail|167/232\n|-resisted|p1a: Huntail\n|-damage|p1a: Huntail|146/232\n|-resisted|p1a: Huntail\n|-damage|p1a: Huntail|127/232\n|-hitcount|p1a: Huntail|5\n|move|p1a: Huntail|Waterfall|p2a: Cloyster\n|-resisted|p2a: Cloyster\n|-damage|p2a: Cloyster|9/211\n|\n|upkeep\n|turn|14\n|inactive|sappy_10 has 120 seconds left.\n|\n|t:|1770308453\n|move|p2a: Cloyster|Hydro Pump|p1a: Huntail\n|-resisted|p1a: Huntail\n|-damage|p1a: Huntail|12/232\n|move|p1a: Huntail|Return|p2a: Cloyster\n|-crit|p2a: Cloyster\n|-damage|p2a: Cloyster|0 fnt\n|faint|p2a: Cloyster\n|\n|upkeep\n|\n|t:|1770308464\n|switch|p2a: Magnezone|Magnezone, L84|255/255\n|-damage|p2a: Magnezone|240/255|[from] Stealth Rock\n|turn|15\n|inactive|sappy_10 has 120 seconds left.\n|\n|t:|1770308470\n|move|p2a: Magnezone|Thunderbolt|p1a: Huntail\n|-supereffective|p1a: Huntail\n|-damage|p1a: Huntail|0 fnt\n|faint|p1a: Huntail\n|\n|-heal|p2a: Magnezone|255/255|[from] item: Leftovers\n|upkeep\n|\n|t:|1770308473\n|switch|p1a: Mr. Mime|Mr. Mime, L90, F|218/218\n|turn|16\n|\n|t:|1770308479\n|move|p1a: Mr. Mime|Focus Blast|p2a: Magnezone\n|-supereffective|p2a: Magnezone\n|-damage|p2a: Magnezone|5/255\n|-damage|p1a: Mr. Mime|197/218|[from] item: Life Orb\n|move|p2a: Magnezone|Flash Cannon|p1a: Mr. Mime\n|-supereffective|p1a: Mr. Mime\n|-damage|p1a: Mr. Mime|52/218\n|-unboost|p1a: Mr. Mime|spd|1\n|\n|-heal|p2a: Magnezone|20/255|[from] item: Leftovers\n|upkeep\n|turn|17\n|\n|t:|1770308486\n|move|p2a: Magnezone|Protect|p2a: Magnezone\n|-singleturn|p2a: Magnezone|Protect\n|move|p1a: Mr. Mime|Psyshock|p2a: Magnezone\n|-activate|p2a: Magnezone|move: Protect\n|\n|-heal|p2a: Magnezone|35/255|[from] item: Leftovers\n|upkeep\n|turn|18\n|\n|t:|1770308490\n|move|p1a: Mr. Mime|Psyshock|p2a: Magnezone\n|-resisted|p2a: Magnezone\n|-damage|p2a: Magnezone|0 fnt\n|faint|p2a: Magnezone\n|-damage|p1a: Mr. Mime|31/218|[from] item: Life Orb\n|\n|win|sappy_10\n|raw|sappy_10's rating: 1492 &rarr; <strong>1516</strong><br />(+24 for winning)\n|raw|nnn361's rating: 1564 &rarr; <strong>1540</strong><br />(-24 for losing)\n|l|☆nnn361\n|player|p2|\n|c|☆sappy_10|gg\n", "inputlog": ">version ccdc32dd7cde25fd9e4bed64820e885f66e78a4e\n>start {\"formatid\":\"gen7randombattle\",\"seed\":\"sodium,f6475d6a015a8c9ad3232e63e71c57a9\",\"rated\":\"Rated battle\"}\n>player p1 {\"name\":\"sappy_10\",\"avatar\":\"dragontamer\",\"rating\":1492,\"seed\":\"sodium,22cd77cf5ac32983058b657cb6ed4a0e\"}\n>player p2 {\"name\":\"nnn361\",\"avatar\":\"265\",\"rating\":1564,\"seed\":\"sodium,429936cb6eeeb9da7b7dc9ceed75b88e\"}\n>p1 move earthquake mega\n>p2 switch 2\n>p1 move stealthrock\n>p2 switch 6\n>p1 move heavyslam\n>p2 move earthquake\n>p1 move heavyslam\n>p2 move earthquake\n>p2 switch 2\n>p1 move earthquake\n>p2 move thunderbolt\n>p1 switch 2\n>p1 move stoneedge\n>p2 switch 6\n>p1 switch 5\n>p2 move dragondance mega\n>p1 move foulplay\n>p2 move return\n>p2 switch 3\n>p1 move suckerpunch\n>p2 move volttackle\n>p1 switch 5\n>p2 switch 4\n>p1 move closecombat\n>p2 move tailslap\n>p2 switch 5\n>p1 move leafblade\n>p2 move shellsmash\n>p1 move leafblade\n>p2 move iciclespear\n>p1 switch 3\n>p1 move waterfall\n>p2 move iciclespear\n>p1 move return\n>p2 move hydropump\n>p2 switch 6\n>p1 move waterfall\n>p2 move thunderbolt\n>p1 switch 4\n>p1 move focusblast\n>p2 move flashcannon\n>p1 move psyshock\n>p2 move protect\n>p1 move psyshock\n>p2 move flashcannon", "uploadtime": 1770308499, "views": 159, "formatid": "gen7randombattle", "rating": 1516, "private": 0, "password": null}