{"id": "gen7randombattle-2532332217", "format": "[Gen 7] Random Battle", "players": ["thelogicpt", "MimikyuTrainerAsh"], "log": "|j|☆thelogicpt\n|j|☆MimikyuTrainerAsh\n|t:|1770163107\n|gametype|singles\n|player|p1|thelogicpt|ghetsis|1521\n|player|p2|MimikyuTrainerAsh|pokekid|1607\n|gen|7\n|tier|[Gen 7] Random Battle\n|rated|\n|rule|Sleep Clause Mod: Limit one foe put to sleep\n|rule|HP Percentage Mod: HP is shown in percentages\n|rule|Illusion Level Mod: Illusion disguises the Pokémon's true level\n|\n|t:|1770163107\n|teamsize|p1|6\n|teamsize|p2|6\n|start\n|switch|p1a: Ambipom|Ambipom, L84, F|263/263\n|switch|p2a: Mightyena|Mightyena, L94, M|284/284\n|-ability|p2a: Mightyena|Intimidate|boost\n|-unboost|p1a: Ambipom|atk|1\n|turn|1\n|inactive|Battle timer is ON: inactive players will automatically lose when time's up. (requested by MimikyuTrainerAsh)\n|\n|t:|1770163116\n|switch|p2a: Kabutops|Kabutops, L87, M|246/246\n|move|p1a: Ambipom|U-turn|p2a: Kabutops\n|-damage|p2a: Kabutops|202/246\n|-ability|p2a: Kabutops|Weak Armor|boost\n|-unboost|p2a: Kabutops|def|1\n|-boost|p2a: Kabutops|spe|2\n|\n|t:|1770163144\n|switch|p1a: Milotic|Milotic, L84, M|297/297|[from] U-turn\n|\n|upkeep\n|turn|2\n|\n|t:|1770163149\n|move|p2a: Kabutops|Swords Dance|p2a: Kabutops\n|-boost|p2a: Kabutops|atk|2\n|move|p1a: Milotic|Dragon Tail|p2a: Kabutops\n|-damage|p2a: Kabutops|166/246\n|-ability|p2a: Kabutops|Weak Armor|boost\n|-unboost|p2a: Kabutops|def|1\n|-boost|p2a: Kabutops|spe|2\n|drag|p2a: Mightyena|Mightyena, L94, M|284/284\n|-ability|p2a: Mightyena|Intimidate|boost\n|-unboost|p1a: Milotic|atk|1\n|-ability|p1a: Milotic|Competitive|boost\n|-boost|p1a: Milotic|spa|2\n|\n|upkeep\n|turn|3\n|\n|t:|1770163156\n|move|p2a: Mightyena|Crunch|p1a: Milotic\n|-damage|p1a: Milotic|137/297\n|move|p1a: Milotic|Scald|p2a: Mightyena\n|-damage|p2a: Mightyena|82/284\n|\n|-heal|p1a: Milotic|155/297|[from] item: Leftovers\n|upkeep\n|turn|4\n|\n|t:|1770163171\n|move|p2a: Mightyena|Crunch|p1a: Milotic\n|-damage|p1a: Milotic|0 fnt\n|faint|p1a: Milotic\n|\n|upkeep\n|inactive|thelogicpt has 120 seconds left.\n|\n|t:|1770163193\n|switch|p1a: Pikachu|Pikachu, L93, M|216/216\n|turn|5\n|\n|t:|1770163201\n|switch|p2a: Dusknoir|Dusknoir, L89, F|225/225\n|-item|p1a: Pikachu|Light Ball|[from] ability: Frisk|[of] p2a: Dusknoir\n|move|p1a: Pikachu|Surf|p2a: Dusknoir\n|-damage|p2a: Dusknoir|160/225\n|\n|-heal|p2a: Dusknoir|174/225|[from] item: Leftovers\n|upkeep\n|turn|6\n|\n|t:|1770163207\n|move|p1a: Pikachu|Volt Switch|p2a: Dusknoir\n|-damage|p2a: Dusknoir|102/225\n|\n|t:|1770163210\n|switch|p1a: Toucannon|Toucannon, L88, F|284/284|[from] Volt Switch\n|move|p2a: Dusknoir|Earthquake|p1a: Toucannon\n|-immune|p1a: Toucannon\n|\n|-heal|p2a: Dusknoir|116/225|[from] item: Leftovers\n|upkeep\n|turn|7\n|\n|t:|1770163218\n|-singleturn|p1a: Toucannon|move: Beak Blast\n|move|p2a: Dusknoir|Will-O-Wisp|p1a: Toucannon|[miss]\n|-miss|p2a: Dusknoir|p1a: Toucannon\n|move|p1a: Toucannon|Beak Blast|p2a: Dusknoir\n|-damage|p2a: Dusknoir|6/225\n|-damage|p1a: Toucannon|256/284|[from] item: Life Orb\n|\n|-heal|p2a: Dusknoir|20/225|[from] item: Leftovers\n|upkeep\n|turn|8\n|\n|t:|1770163223\n|move|p1a: Toucannon|Bullet Seed|p2a: Dusknoir\n|-damage|p2a: Dusknoir|1/225\n|-damage|p2a: Dusknoir|0 fnt\n|faint|p2a: Dusknoir\n|-hitcount|p2: Dusknoir|2\n|-damage|p1a: Toucannon|228/284|[from] item: Life Orb\n|\n|upkeep\n|c|☆MimikyuTrainerAsh|cool\n|c|☆MimikyuTrainerAsh|wonderful\n|c|☆MimikyuTrainerAsh|fuck me over\n|\n|t:|1770163239\n|switch|p2a: Nihilego|Nihilego, L79|302/302\n|turn|9\n|\n|t:|1770163255\n|move|p2a: Nihilego|Power Gem|p1a: Toucannon\n|-supereffective|p1a: Toucannon\n|-damage|p1a: Toucannon|0 fnt\n|faint|p1a: Toucannon\n|-ability|p2a: Nihilego|Beast Boost|boost\n|-boost|p2a: Nihilego|spa|1\n|\n|upkeep\n|inactive|thelogicpt has 120 seconds left.\n|\n|t:|1770163289\n|switch|p1a: Pikachu|Pikachu, L93, M|216/216\n|turn|10\n|\n|t:|1770163294\n|move|p1a: Pikachu|Volt Tackle|p2a: Nihilego\n|-damage|p2a: Nihilego|0 fnt\n|faint|p2a: Nihilego\n|-damage|p1a: Pikachu|116/216|[from] Recoil\n|\n|upkeep\n|\n|t:|1770163297\n|switch|p2a: Bellossom|Bellossom, L88, M|275/275\n|turn|11\n|\n|t:|1770163303\n|move|p1a: Pikachu|Volt Switch|p2a: Bellossom\n|-resisted|p2a: Bellossom\n|-damage|p2a: Bellossom|221/275\n|\n|t:|1770163306\n|switch|p1a: Beartic|Beartic, L92, M|323/323|[from] Volt Switch\n|move|p2a: Bellossom|Quiver Dance|p2a: Bellossom\n|-boost|p2a: Bellossom|spa|1\n|-boost|p2a: Bellossom|spd|1\n|-boost|p2a: Bellossom|spe|1\n|\n|-heal|p2a: Bellossom|238/275|[from] item: Leftovers\n|upkeep\n|turn|12\n|\n|t:|1770163311\n|move|p2a: Bellossom|Strength Sap|p1a: Beartic\n|-unboost|p1a: Beartic|atk|1\n|-heal|p2a: Bellossom|275/275\n|move|p1a: Beartic|Icicle Crash|p2a: Bellossom\n|-supereffective|p2a: Bellossom\n|-damage|p2a: Bellossom|47/275\n|\n|-heal|p2a: Bellossom|64/275|[from] item: Leftovers\n|upkeep\n|turn|13\n|\n|t:|1770163317\n|switch|p1a: Ambipom|Ambipom, L84, F|263/263\n|move|p2a: Bellossom|Strength Sap|p1a: Ambipom\n|-unboost|p1a: Ambipom|atk|1\n|-heal|p2a: Bellossom|275/275\n|\n|upkeep\n|turn|14\n|\n|t:|1770163319\n|move|p1a: Ambipom|U-turn|p2a: Bellossom\n|-supereffective|p2a: Bellossom\n|-damage|p2a: Bellossom|179/275\n|\n|t:|1770163322\n|switch|p1a: Beartic|Beartic, L92, M|323/323|[from] U-turn\n|move|p2a: Bellossom|Quiver Dance|p2a: Bellossom\n|-boost|p2a: Bellossom|spa|1\n|-boost|p2a: Bellossom|spd|1\n|-boost|p2a: Bellossom|spe|1\n|\n|-heal|p2a: Bellossom|196/275|[from] item: Leftovers\n|upkeep\n|turn|15\n|\n|t:|1770163328\n|switch|p1a: Xerneas|Xerneas, L65|272/272\n|-ability|p1a: Xerneas|Fairy Aura\n|move|p2a: Bellossom|Strength Sap|p1a: Xerneas\n|-unboost|p1a: Xerneas|atk|1\n|-heal|p2a: Bellossom|275/275\n|\n|upkeep\n|turn|16\n|\n|t:|1770163338\n|move|p2a: Bellossom|Quiver Dance|p2a: Bellossom\n|-boost|p2a: Bellossom|spa|1\n|-boost|p2a: Bellossom|spd|1\n|-boost|p2a: Bellossom|spe|1\n|move|p1a: Xerneas|Geomancy||[still]\n|-prepare|p1a: Xerneas|Geomancy\n|-enditem|p1a: Xerneas|Power Herb\n|-anim|p1a: Xerneas|Geomancy|p1a: Xerneas\n|-boost|p1a: Xerneas|spa|2\n|-boost|p1a: Xerneas|spd|2\n|-boost|p1a: Xerneas|spe|2\n|\n|upkeep\n|turn|17\n|\n|t:|1770163345\n|move|p2a: Bellossom|Quiver Dance|p2a: Bellossom\n|-boost|p2a: Bellossom|spa|1\n|-boost|p2a: Bellossom|spd|1\n|-boost|p2a: Bellossom|spe|1\n|move|p1a: Xerneas|Psyshock|p2a: Bellossom\n|-damage|p2a: Bellossom|188/275\n|\n|-heal|p2a: Bellossom|205/275|[from] item: Leftovers\n|upkeep\n|turn|18\n|\n|t:|1770163350\n|move|p2a: Bellossom|Quiver Dance|p2a: Bellossom\n|-boost|p2a: Bellossom|spa|1\n|-boost|p2a: Bellossom|spd|1\n|-boost|p2a: Bellossom|spe|1\n|move|p1a: Xerneas|Geomancy||[still]\n|-prepare|p1a: Xerneas|Geomancy\n|\n|-heal|p2a: Bellossom|222/275|[from] item: Leftovers\n|upkeep\n|turn|19\n|\n|t:|1770163354\n|move|p2a: Bellossom|Quiver Dance|p2a: Bellossom\n|-boost|p2a: Bellossom|spa|1\n|-boost|p2a: Bellossom|spd|1\n|-boost|p2a: Bellossom|spe|1\n|move|p1a: Xerneas|Geomancy|p1a: Xerneas|[from] lockedmove\n|-boost|p1a: Xerneas|spa|2\n|-boost|p1a: Xerneas|spd|2\n|-boost|p1a: Xerneas|spe|2\n|\n|-heal|p2a: Bellossom|239/275|[from] item: Leftovers\n|upkeep\n|turn|20\n|\n|t:|1770163361\n|move|p2a: Bellossom|Moonblast|p1a: Xerneas\n|-damage|p1a: Xerneas|137/272\n|-unboost|p1a: Xerneas|spa|1\n|move|p1a: Xerneas|Psyshock|p2a: Bellossom\n|-damage|p2a: Bellossom|137/275\n|\n|-heal|p2a: Bellossom|154/275|[from] item: Leftovers\n|upkeep\n|turn|21\n|\n|t:|1770163365\n|move|p2a: Bellossom|Moonblast|p1a: Xerneas\n|-damage|p1a: Xerneas|0 fnt\n|faint|p1a: Xerneas\n|\n|-heal|p2a: Bellossom|171/275|[from] item: Leftovers\n|upkeep\n|-message|thelogicpt forfeited.\n|\n|win|MimikyuTrainerAsh\n|raw|thelogicpt's rating: 1521 &rarr; <strong>1506</strong><br />(-15 for losing)\n|raw|MimikyuTrainerAsh's rating: 1607 &rarr; <strong>1622</strong><br />(+15 for winning)\n|l|☆thelogicpt\n|player|p1|\n", "inputlog": ">version ccdc32dd7cde25fd9e4bed64820e885f66e78a4e\n>start {\"formatid\":\"gen7randombattle\",\"seed\":\"sodium,02bdcf5a03cf6ef43c073cfcb460c500\",\"rated\":\"Rated battle\"}\n>player p1 {\"name\":\"thelogicpt\",\"avatar\":\"ghetsis\",\"rating\":1521,\"seed\":\"sodium,5b9c0d787fd9aa0d4e6c85eb7a7f3ac7\"}\n>player p2 {\"name\":\"MimikyuTrainerAsh\",\"avatar\":\"pokekid\",\"rating\":1607,\"seed\":\"sodium,2d4aa7b500043f9a423fa2b5ad94f4a3\"}\n>p1 move uturn\n>p2 switch 6\n>p1 switch 4\n>p1 move dragontail\n>p2 move swordsdance\n>p1 move scald\n>p2 move crunch\n>p1 move scald\n>p2 move crunch\n>p1 switch 6\n>p1 move surf\n>p2 switch 3\n>p1 move voltswitch\n>p2 move earthquake\n>p1 switch 2\n>p1 move beakblast\n>p2 move willowisp\n>p1 move bulletseed\n>p2 move painsplit\n>chat ☆MimikyuTrainerAsh|cool\n>chat ☆MimikyuTrainerAsh|wonderful \n>chat ☆MimikyuTrainerAsh|fuck me over \n>p2 switch 5\n>p1 move bulletseed\n>p2 move powergem\n>p1 switch 2\n>p1 move volttackle\n>p2 move powergem\n>p2 switch 4\n>p1 move voltswitch\n>p2 move quiverdance\n>p1 switch 5\n>p1 move iciclecrash\n>p2 move strengthsap\n>p1 switch 4\n>p2 move strengthsap\n>p1 move uturn\n>p2 move quiverdance\n>p1 switch 4\n>p1 switch 3\n>p2 move strengthsap\n>p1 move geomancy\n>p2 move quiverdance\n>p1 move psyshock\n>p2 move quiverdance\n>p1 move geomancy\n>p2 move quiverdance\n>p1 move geomancy\n>p2 move quiverdance\n>p1 move psyshock\n>p2 move moonblast\n>p1 move psyshock\n>p2 move moonblast\n>forcelose p1", "uploadtime": 1770163371, "views": 140, "formatid": "gen7randombattle", "rating": 1506, "private": 0, "password": null}