{"id": "gen7randombattle-2523204322", "format": "[Gen 7] Random Battle", "players": ["metalmilitia90", "Michielleus"], "log": "|j|‽metalmilitia90\n|j|☆Michielleus\n|t:|1769002964\n|gametype|singles\n|player|p1|metalmilitia90|102|1554\n|player|p2|Michielleus|#rbtt9faction2|1816\n|gen|7\n|tier|[Gen 7] Random Battle\n|rated|\n|rule|Sleep Clause Mod: Limit one foe put to sleep\n|rule|HP Percentage Mod: HP is shown in percentages\n|rule|Illusion Level Mod: Illusion disguises the Pokémon's true level\n|\n|t:|1769002964\n|teamsize|p1|6\n|teamsize|p2|6\n|start\n|switch|p1a: Swalot|Swalot, L90, M|326/326\n|switch|p2a: Lumineon|Lumineon, L93, F|238/238\n|turn|1\n|inactive|Battle timer is ON: inactive players will automatically lose when time's up. (requested by Michielleus)\n|\n|t:|1769002985\n|switch|p2a: Gastrodon|Gastrodon, L88, M|339/339\n|move|p1a: Swalot|Toxic|p2a: Gastrodon\n|-status|p2a: Gastrodon|tox\n|\n|-damage|p2a: Gastrodon|318/339 tox|[from] psn\n|upkeep\n|turn|2\n|\n|t:|1769002995\n|switch|p1a: Mantine|Mantine, L87, M|290/290\n|move|p2a: Gastrodon|Scald|p1a: Mantine\n|-immune|p1a: Mantine|[from] ability: Water Absorb\n|\n|-heal|p2a: Gastrodon|339/339 tox|[from] item: Leftovers\n|-damage|p2a: Gastrodon|297/339 tox|[from] psn\n|upkeep\n|turn|3\n|\n|t:|1769003014\n|switch|p1a: Flareon|Flareon, L88, F|258/258\n|move|p2a: Gastrodon|Toxic|p1a: Flareon\n|-status|p1a: Flareon|tox\n|\n|-heal|p2a: Gastrodon|318/339 tox|[from] item: Leftovers\n|-damage|p1a: Flareon|242/258 tox|[from] psn\n|-damage|p2a: Gastrodon|255/339 tox|[from] psn\n|upkeep\n|turn|4\n|\n|t:|1769003020\n|switch|p2a: Aggron|Aggron, L81, M|246/246\n|move|p1a: Flareon|Facade|p2a: Aggron\n|-resisted|p2a: Aggron\n|-damage|p2a: Aggron|215/246\n|\n|-damage|p1a: Flareon|210/258 tox|[from] psn\n|upkeep\n|turn|5\n|\n|t:|1769003026\n|detailschange|p2a: Aggron|Aggron-Mega, L81, M\n|-mega|p2a: Aggron|Aggron|Aggronite\n|move|p1a: Flareon|Superpower|p2a: Aggron\n|-supereffective|p2a: Aggron\n|-crit|p2a: Aggron\n|-damage|p2a: Aggron|40/246\n|-unboost|p1a: Flareon|atk|1\n|-unboost|p1a: Flareon|def|1\n|move|p2a: Aggron|Earthquake|p1a: Flareon\n|-supereffective|p1a: Flareon\n|-damage|p1a: Flareon|0 fnt\n|faint|p1a: Flareon\n|\n|upkeep\n|\n|t:|1769003036\n|switch|p1a: Nidoqueen|Nidoqueen, L83, F|285/285\n|turn|6\n|\n|t:|1769003044\n|switch|p2a: Lumineon|Lumineon, L93, F|279/279\n|move|p1a: Nidoqueen|Toxic Spikes|p2a: Lumineon\n|-sidestart|p2: Michielleus|move: Toxic Spikes\n|\n|upkeep\n|turn|7\n|\n|t:|1769003049\n|switch|p1a: Mantine|Mantine, L87, M|290/290\n|move|p2a: Lumineon|Defog|p1a: Mantine\n|-unboost|p1a: Mantine|evasion|1\n|-sideend|p2: Michielleus|Toxic Spikes|[from] move: Defog|[of] p2a: Lumineon\n|\n|upkeep\n|turn|8\n|\n|t:|1769003056\n|switch|p1a: Swalot|Swalot, L90, M|326/326\n|move|p2a: Lumineon|Toxic|p1a: Swalot\n|-immune|p1a: Swalot\n|\n|upkeep\n|turn|9\n|\n|t:|1769003060\n|move|p2a: Lumineon|U-turn|p1a: Swalot\n|-resisted|p1a: Swalot\n|-damage|p1a: Swalot|302/326\n|\n|t:|1769003062\n|switch|p2a: Gastrodon|Gastrodon, L88, M|255/339 tox|[from] U-turn\n|move|p1a: Swalot|Sludge Bomb|p2a: Gastrodon\n|-resisted|p2a: Gastrodon\n|-damage|p2a: Gastrodon|212/339 tox\n|\n|-heal|p1a: Swalot|322/326|[from] item: Black Sludge\n|-heal|p2a: Gastrodon|233/339 tox|[from] item: Leftovers\n|-damage|p2a: Gastrodon|212/339 tox|[from] psn\n|upkeep\n|turn|10\n|\n|t:|1769003072\n|move|p1a: Swalot|Earthquake|p2a: Gastrodon\n|-damage|p2a: Gastrodon|142/339 tox\n|move|p2a: Gastrodon|Toxic|p1a: Swalot\n|-immune|p1a: Swalot\n|\n|-heal|p1a: Swalot|326/326|[from] item: Black Sludge\n|-heal|p2a: Gastrodon|163/339 tox|[from] item: Leftovers\n|-damage|p2a: Gastrodon|121/339 tox|[from] psn\n|upkeep\n|turn|11\n|\n|t:|1769003078\n|move|p1a: Swalot|Protect|p1a: Swalot\n|-singleturn|p1a: Swalot|Protect\n|move|p2a: Gastrodon|Recover|p2a: Gastrodon\n|-heal|p2a: Gastrodon|291/339 tox\n|\n|-heal|p2a: Gastrodon|312/339 tox|[from] item: Leftovers\n|-damage|p2a: Gastrodon|249/339 tox|[from] psn\n|upkeep\n|turn|12\n|\n|t:|1769003094\n|switch|p1a: Mantine|Mantine, L87, M|290/290\n|move|p2a: Gastrodon|Earthquake|p1a: Mantine\n|-immune|p1a: Mantine\n|\n|-heal|p2a: Gastrodon|270/339 tox|[from] item: Leftovers\n|-damage|p2a: Gastrodon|186/339 tox|[from] psn\n|upkeep\n|turn|13\n|\n|t:|1769003103\n|switch|p1a: Dewgong|Dewgong, L96, F|328/328\n|switch|p2a: Lumineon|Lumineon, L93, F|279/279\n|\n|upkeep\n|turn|14\n|\n|t:|1769003108\n|move|p2a: Lumineon|Toxic|p1a: Dewgong\n|-status|p1a: Dewgong|tox\n|move|p1a: Dewgong|Toxic|p2a: Lumineon\n|-status|p2a: Lumineon|tox\n|\n|-damage|p2a: Lumineon|262/279 tox|[from] psn\n|-damage|p1a: Dewgong|308/328 tox|[from] psn\n|upkeep\n|turn|15\n|\n|t:|1769003113\n|switch|p1a: Swalot|Swalot, L90, M|326/326\n|move|p2a: Lumineon|U-turn|p1a: Swalot\n|-resisted|p1a: Swalot\n|-damage|p1a: Swalot|302/326\n|\n|t:|1769003118\n|switch|p2a: Gastrodon|Gastrodon, L88, M|186/339 tox|[from] U-turn\n|\n|-heal|p1a: Swalot|322/326|[from] item: Black Sludge\n|-heal|p2a: Gastrodon|207/339 tox|[from] item: Leftovers\n|-damage|p2a: Gastrodon|186/339 tox|[from] psn\n|upkeep\n|turn|16\n|\n|t:|1769003121\n|move|p1a: Swalot|Earthquake|p2a: Gastrodon\n|-damage|p2a: Gastrodon|116/339 tox\n|move|p2a: Gastrodon|Earthquake|p1a: Swalot\n|-supereffective|p1a: Swalot\n|-damage|p1a: Swalot|104/326\n|\n|-heal|p1a: Swalot|124/326|[from] item: Black Sludge\n|-heal|p2a: Gastrodon|137/339 tox|[from] item: Leftovers\n|-damage|p2a: Gastrodon|95/339 tox|[from] psn\n|upkeep\n|turn|17\n|\n|t:|1769003123\n|move|p1a: Swalot|Earthquake|p2a: Gastrodon\n|-damage|p2a: Gastrodon|22/339 tox\n|move|p2a: Gastrodon|Recover|p2a: Gastrodon\n|-heal|p2a: Gastrodon|192/339 tox\n|\n|-heal|p1a: Swalot|144/326|[from] item: Black Sludge\n|-heal|p2a: Gastrodon|213/339 tox|[from] item: Leftovers\n|-damage|p2a: Gastrodon|150/339 tox|[from] psn\n|upkeep\n|turn|18\n|\n|t:|1769003133\n|move|p1a: Swalot|Protect|p1a: Swalot\n|-singleturn|p1a: Swalot|Protect\n|move|p2a: Gastrodon|Recover|p2a: Gastrodon\n|-heal|p2a: Gastrodon|320/339 tox\n|\n|-heal|p1a: Swalot|164/326|[from] item: Black Sludge\n|-heal|p2a: Gastrodon|339/339 tox|[from] item: Leftovers\n|-damage|p2a: Gastrodon|255/339 tox|[from] psn\n|upkeep\n|turn|19\n|\n|t:|1769003137\n|move|p1a: Swalot|Earthquake|p2a: Gastrodon\n|-damage|p2a: Gastrodon|179/339 tox\n|move|p2a: Gastrodon|Toxic|p1a: Swalot\n|-immune|p1a: Swalot\n|\n|-heal|p1a: Swalot|184/326|[from] item: Black Sludge\n|-heal|p2a: Gastrodon|200/339 tox|[from] item: Leftovers\n|-damage|p2a: Gastrodon|95/339 tox|[from] psn\n|upkeep\n|turn|20\n|\n|t:|1769003142\n|switch|p2a: Lumineon|Lumineon, L93, F|262/279 tox\n|move|p1a: Swalot|Earthquake|p2a: Lumineon\n|-damage|p2a: Lumineon|195/279 tox\n|\n|-heal|p2a: Lumineon|212/279 tox|[from] item: Leftovers\n|-heal|p1a: Swalot|204/326|[from] item: Black Sludge\n|-damage|p2a: Lumineon|195/279 tox|[from] psn\n|upkeep\n|turn|21\n|\n|t:|1769003145\n|move|p1a: Swalot|Protect|p1a: Swalot\n|-singleturn|p1a: Swalot|Protect\n|move|p2a: Lumineon|Scald|p1a: Swalot\n|-activate|p1a: Swalot|move: Protect\n|\n|-heal|p2a: Lumineon|212/279 tox|[from] item: Leftovers\n|-heal|p1a: Swalot|224/326|[from] item: Black Sludge\n|-damage|p2a: Lumineon|178/279 tox|[from] psn\n|upkeep\n|turn|22\n|\n|t:|1769003151\n|switch|p1a: Dewgong|Dewgong, L96, F|308/328 tox\n|move|p2a: Lumineon|Scald|p1a: Dewgong\n|-resisted|p1a: Dewgong\n|-damage|p1a: Dewgong|272/328 tox\n|\n|-heal|p2a: Lumineon|195/279 tox|[from] item: Leftovers\n|-heal|p1a: Dewgong|292/328 tox|[from] item: Leftovers\n|-damage|p2a: Lumineon|144/279 tox|[from] psn\n|-damage|p1a: Dewgong|272/328 tox|[from] psn\n|upkeep\n|turn|23\n|\n|t:|1769003153\n|move|p2a: Lumineon|U-turn|p1a: Dewgong\n|-damage|p1a: Dewgong|226/328 tox\n|\n|t:|1769003156\n|switch|p2a: Gastrodon|Gastrodon, L88, M|95/339 tox|[from] U-turn\n|move|p1a: Dewgong|Ice Beam|p2a: Gastrodon\n|-damage|p2a: Gastrodon|0 fnt\n|faint|p2a: Gastrodon\n|\n|-heal|p1a: Dewgong|246/328 tox|[from] item: Leftovers\n|-damage|p1a: Dewgong|206/328 tox|[from] psn\n|upkeep\n|\n|t:|1769003164\n|switch|p2a: Aggron|Aggron-Mega, L81, M|238/238\n|turn|24\n|\n|t:|1769003169\n|move|p2a: Aggron|Nasty Plot|p2a: Aggron\n|-boost|p2a: Aggron|spa|2\n|move|p1a: Dewgong|Ice Beam|p2a: Aggron\n|-damage|p2a: Aggron|109/238\n|replace|p2a: Zoroark|Zoroark, L84, M\n|-end|p2a: Zoroark|Illusion\n|-hint|Illusion Level Mod is active, so this Pokémon's true level was hidden.\n|\n|-heal|p1a: Dewgong|226/328 tox|[from] item: Leftovers\n|-damage|p1a: Dewgong|166/328 tox|[from] psn\n|upkeep\n|turn|25\n|\n|t:|1769003172\n|move|p2a: Zoroark|Dark Pulse|p1a: Dewgong\n|-damage|p1a: Dewgong|0 fnt\n|faint|p1a: Dewgong\n|-damage|p2a: Zoroark|86/238|[from] item: Life Orb\n|\n|upkeep\n|\n|t:|1769003174\n|switch|p1a: Mantine|Mantine, L87, M|290/290\n|turn|26\n|\n|t:|1769003182\n|move|p2a: Zoroark|Dark Pulse|p1a: Mantine\n|-damage|p1a: Mantine|125/290\n|-damage|p2a: Zoroark|63/238|[from] item: Life Orb\n|move|p1a: Mantine|Haze|p1a: Mantine\n|-clearallboost\n|\n|-heal|p1a: Mantine|143/290|[from] item: Leftovers\n|upkeep\n|turn|27\n|\n|t:|1769003185\n|move|p2a: Zoroark|Dark Pulse|p1a: Mantine\n|-damage|p1a: Mantine|53/290\n|-damage|p2a: Zoroark|40/238|[from] item: Life Orb\n|cant|p1a: Mantine|flinch\n|\n|-heal|p1a: Mantine|71/290|[from] item: Leftovers\n|upkeep\n|turn|28\n|\n|t:|1769003191\n|move|p2a: Zoroark|Dark Pulse|p1a: Mantine\n|-damage|p1a: Mantine|0 fnt\n|faint|p1a: Mantine\n|-damage|p2a: Zoroark|17/238|[from] item: Life Orb\n|\n|upkeep\n|\n|t:|1769003200\n|switch|p1a: Swalot|Swalot, L90, M|224/326\n|turn|29\n|\n|t:|1769003204\n|move|p2a: Zoroark|Dark Pulse|p1a: Swalot\n|-damage|p1a: Swalot|107/326\n|-damage|p2a: Zoroark|0 fnt|[from] item: Life Orb\n|faint|p2a: Zoroark\n|move|p1a: Swalot|Sludge Bomb|p2: Zoroark|[notarget]\n|-fail|p1a: Swalot\n|\n|-heal|p1a: Swalot|127/326|[from] item: Black Sludge\n|upkeep\n|\n|t:|1769003210\n|switch|p2a: Mothim|Mothim, L93, M|281/281\n|turn|30\n|\n|t:|1769003213\n|move|p2a: Mothim|Quiver Dance|p2a: Mothim\n|-boost|p2a: Mothim|spa|1\n|-boost|p2a: Mothim|spd|1\n|-boost|p2a: Mothim|spe|1\n|move|p1a: Swalot|Toxic|p2a: Mothim\n|-status|p2a: Mothim|tox\n|\n|-heal|p1a: Swalot|147/326|[from] item: Black Sludge\n|-damage|p2a: Mothim|264/281 tox|[from] psn\n|upkeep\n|turn|31\n|\n|t:|1769003216\n|move|p2a: Mothim|Quiver Dance|p2a: Mothim\n|-boost|p2a: Mothim|spa|1\n|-boost|p2a: Mothim|spd|1\n|-boost|p2a: Mothim|spe|1\n|move|p1a: Swalot|Sludge Bomb|p2a: Mothim\n|-damage|p2a: Mothim|209/281 tox\n|\n|-heal|p1a: Swalot|167/326|[from] item: Black Sludge\n|-damage|p2a: Mothim|175/281 tox|[from] psn\n|upkeep\n|turn|32\n|\n|t:|1769003218\n|move|p2a: Mothim|Bug Buzz|p1a: Swalot\n|-resisted|p1a: Swalot\n|-damage|p1a: Swalot|0 fnt\n|faint|p1a: Swalot\n|\n|-damage|p2a: Mothim|124/281 tox|[from] psn\n|upkeep\n|\n|t:|1769003221\n|switch|p1a: Nidoqueen|Nidoqueen, L83, F|285/285\n|turn|33\n|\n|t:|1769003225\n|-zpower|p2a: Mothim\n|move|p2a: Mothim|Savage Spin-Out|p1a: Nidoqueen|[zeffect]\n|-resisted|p1a: Nidoqueen\n|-damage|p1a: Nidoqueen|0 fnt\n|faint|p1a: Nidoqueen\n|\n|-damage|p2a: Mothim|56/281 tox|[from] psn\n|upkeep\n|\n|t:|1769003227\n|switch|p1a: Flygon|Flygon, L82, M|265/265\n|turn|34\n|\n|t:|1769003231\n|move|p2a: Mothim|Bug Buzz|p1a: Flygon\n|-damage|p1a: Flygon|16/265\n|move|p1a: Flygon|Dragon Dance|p1a: Flygon\n|-boost|p1a: Flygon|atk|1\n|-boost|p1a: Flygon|spe|1\n|\n|-damage|p2a: Mothim|0 fnt|[from] psn\n|faint|p2a: Mothim\n|upkeep\n|\n|t:|1769003233\n|switch|p2a: Tangrowth|Tangrowth, L89, M|323/323\n|turn|35\n|\n|t:|1769003238\n|-zpower|p1a: Flygon\n|move|p1a: Flygon|Devastating Drake|p2a: Tangrowth|[zeffect]\n|-damage|p2a: Tangrowth|97/323\n|move|p2a: Tangrowth|Sludge Bomb|p1a: Flygon\n|-resisted|p1a: Flygon\n|-damage|p1a: Flygon|0 fnt\n|faint|p1a: Flygon\n|\n|win|Michielleus\n|raw|metalmilitia90's rating: 1554 &rarr; <strong>1547</strong><br />(-7 for losing)\n|raw|Michielleus's rating: 1816 &rarr; <strong>1823</strong><br />(+7 for winning)\n|l|‽metalmilitia90\n|player|p1|\n", "inputlog": ">version 3bd1a1e329da8d286644078cfc9a9638fc7ea025\n>start {\"formatid\":\"gen7randombattle\",\"seed\":\"sodium,5a4a89739f2b15d00314fc2cac7ac2b6\",\"rated\":\"Rated battle\"}\n>player p1 {\"name\":\"metalmilitia90\",\"avatar\":\"102\",\"rating\":1554,\"seed\":\"sodium,bfc67491f2e79d8f8237fe700a1d531a\"}\n>player p2 {\"name\":\"Michielleus\",\"avatar\":\"#rbtt9faction2\",\"rating\":1816,\"seed\":\"sodium,c357f4abe2b8777ec61bd14b44816e7d\"}\n>p1 move toxic\n>p2 switch 5\n>p1 switch 4\n>p2 move scald\n>p1 switch 6\n>p2 move toxic\n>p1 move facade\n>p2 switch 2\n>p1 move superpower\n>p2 move earthquake mega\n>p1 switch 3\n>p1 move toxicspikes\n>p2 switch 6\n>p1 switch 6\n>p2 move defog\n>p1 switch 4\n>p2 move toxic\n>p1 move sludgebomb\n>p2 move uturn\n>p2 switch 2\n>p1 move earthquake\n>p2 move toxic\n>p1 move protect\n>p2 move recover\n>p1 switch 4\n>p2 move earthquake\n>p1 switch 5\n>p2 switch 2\n>p1 move toxic\n>p2 move toxic\n>p1 switch 4\n>p2 move uturn\n>p2 switch 2\n>p1 move earthquake\n>p2 move earthquake\n>p1 move earthquake\n>p2 move recover\n>p1 move protect\n>p2 move recover\n>p1 move earthquake\n>p2 move toxic\n>p1 move earthquake\n>p2 switch 2\n>p1 move protect\n>p2 move scald\n>p1 switch 4\n>p2 move scald\n>p1 move icebeam\n>p2 move uturn\n>p2 switch 2\n>p2 switch 5\n>p1 move icebeam\n>p2 move nastyplot\n>p1 move icebeam\n>p2 move darkpulse\n>p1 switch 5\n>p1 move haze\n>p2 move darkpulse\n>p1 move scald\n>p2 move darkpulse\n>p1 move roost\n>p2 move darkpulse\n>p1 switch 4\n>p1 move sludgebomb\n>p2 move darkpulse\n>p2 switch 4\n>p1 move toxic\n>p2 move quiverdance\n>p1 move sludgebomb\n>p2 move quiverdance\n>p1 move sludgebomb\n>p2 move bugbuzz\n>p1 switch 6\n>p1 move icebeam\n>p2 move bugbuzz zmove\n>p1 switch 2\n>p1 move dragondance\n>p2 move bugbuzz\n>p2 switch 3\n>p1 move outrage zmove\n>p2 move sludgebomb", "uploadtime": 1769003242, "views": 182, "formatid": "gen7randombattle", "rating": 1547, "private": 0, "password": null}