{"id": "gen7randombattle-2529608215", "format": "[Gen 7] Random Battle", "players": ["yeet no u", "La.Hellhound"], "log": "|j|☆yeet no u\n|j|‽La.Hellhound\n|t:|1769803581\n|gametype|singles\n|player|p1|yeet no u|anabel-gen7|1570\n|player|p2|La.Hellhound|bruno|1723\n|gen|7\n|tier|[Gen 7] Random Battle\n|rated|\n|rule|Sleep Clause Mod: Limit one foe put to sleep\n|rule|HP Percentage Mod: HP is shown in percentages\n|rule|Illusion Level Mod: Illusion disguises the Pokémon's true level\n|\n|t:|1769803581\n|teamsize|p1|6\n|teamsize|p2|6\n|start\n|switch|p1a: Pidgeot|Pidgeot, L78, M|258/258\n|switch|p2a: Conkeldurr|Conkeldurr, L81, F|303/303\n|turn|1\n|inactive|Battle timer is ON: inactive players will automatically lose when time's up. (requested by La.Hellhound)\n|c|☆yeet no u|glhf\n|\n|t:|1769803610\n|switch|p2a: Raichu|Raichu, L88, M|249/249\n|detailschange|p1a: Pidgeot|Pidgeot-Mega, L78, M\n|-mega|p1a: Pidgeot|Pidgeot|Pidgeotite\n|move|p1a: Pidgeot|Hurricane|p2a: Raichu\n|-resisted|p2a: Raichu\n|-crit|p2a: Raichu\n|-damage|p2a: Raichu|143/249\n|\n|-heal|p2a: Raichu|158/249|[from] item: Leftovers\n|upkeep\n|turn|2\n|inactive|yeet no u has 120 seconds left.\n|\n|t:|1769803659\n|switch|p1a: Meganium|Meganium, L92, M|297/297\n|move|p2a: Raichu|Nuzzle|p1a: Meganium\n|-resisted|p1a: Meganium\n|-damage|p1a: Meganium|288/297\n|-status|p1a: Meganium|par\n|\n|-heal|p2a: Raichu|173/249|[from] item: Leftovers\n|-heal|p1a: Meganium|297/297 par|[from] item: Leftovers\n|upkeep\n|turn|3\n|\n|t:|1769803670\n|switch|p2a: Torkoal|Torkoal, L84, F|255/255\n|-weather|SunnyDay|[from] ability: Drought|[of] p2a: Torkoal\n|move|p1a: Meganium|Toxic|p2a: Torkoal\n|-status|p2a: Torkoal|tox\n|\n|-weather|SunnyDay|[upkeep]\n|-damage|p2a: Torkoal|240/255 tox|[from] psn\n|upkeep\n|turn|4\n|\n|t:|1769803679\n|switch|p1a: Entei|Entei, L78|307/307\n|move|p2a: Torkoal|Stealth Rock|p1a: Entei\n|-sidestart|p1: yeet no u|move: Stealth Rock\n|\n|-weather|SunnyDay|[upkeep]\n|-heal|p2a: Torkoal|255/255 tox|[from] item: Leftovers\n|-damage|p2a: Torkoal|225/255 tox|[from] psn\n|upkeep\n|turn|5\n|\n|t:|1769803692\n|switch|p2a: Hippowdon|Hippowdon, L82, M|311/311\n|-weather|Sandstorm|[from] ability: Sand Stream|[of] p2a: Hippowdon\n|move|p1a: Entei|Stone Edge|p2a: Hippowdon\n|-resisted|p2a: Hippowdon\n|-damage|p2a: Hippowdon|269/311\n|\n|-weather|Sandstorm|[upkeep]\n|-damage|p1a: Entei|288/307|[from] Sandstorm\n|-heal|p2a: Hippowdon|288/311|[from] item: Leftovers\n|upkeep\n|turn|6\n|\n|t:|1769803704\n|switch|p1a: Meganium|Meganium, L92, M|297/297 par\n|-damage|p1a: Meganium|260/297 par|[from] Stealth Rock\n|move|p2a: Hippowdon|Whirlwind|p1a: Meganium\n|drag|p1a: Entei|Entei, L78|288/307\n|-damage|p1a: Entei|212/307|[from] Stealth Rock\n|\n|-weather|Sandstorm|[upkeep]\n|-damage|p1a: Entei|193/307|[from] Sandstorm\n|-heal|p2a: Hippowdon|307/311|[from] item: Leftovers\n|upkeep\n|turn|7\n|inactive|yeet no u has 120 seconds left.\n|\n|t:|1769803723\n|switch|p1a: Bewear|Bewear, L84, M|339/339\n|-damage|p1a: Bewear|318/339|[from] Stealth Rock\n|move|p2a: Hippowdon|Earthquake|p1a: Bewear\n|-damage|p1a: Bewear|207/339\n|\n|-weather|Sandstorm|[upkeep]\n|-damage|p1a: Bewear|186/339|[from] Sandstorm\n|-heal|p2a: Hippowdon|311/311|[from] item: Leftovers\n|upkeep\n|turn|8\n|\n|t:|1769803733\n|move|p1a: Bewear|Drain Punch|p2a: Hippowdon\n|-damage|p2a: Hippowdon|197/311\n|-heal|p1a: Bewear|243/339|[from] drain|[of] p2a: Hippowdon\n|move|p2a: Hippowdon|Whirlwind|p1a: Bewear\n|drag|p1a: Entei|Entei, L78|193/307\n|-damage|p1a: Entei|117/307|[from] Stealth Rock\n|\n|-weather|Sandstorm|[upkeep]\n|-damage|p1a: Entei|98/307|[from] Sandstorm\n|-heal|p2a: Hippowdon|216/311|[from] item: Leftovers\n|upkeep\n|turn|9\n|inactive|yeet no u has 120 seconds left.\n|\n|t:|1769803753\n|switch|p1a: Meganium|Meganium, L92, M|260/297 par\n|-damage|p1a: Meganium|223/297 par|[from] Stealth Rock\n|move|p2a: Hippowdon|Earthquake|p1a: Meganium\n|-resisted|p1a: Meganium\n|-damage|p1a: Meganium|179/297 par\n|\n|-weather|none\n|-heal|p2a: Hippowdon|235/311|[from] item: Leftovers\n|-heal|p1a: Meganium|197/297 par|[from] item: Leftovers\n|upkeep\n|turn|10\n|\n|t:|1769803764\n|switch|p2a: Torkoal|Torkoal, L84, F|225/255 tox\n|-weather|SunnyDay|[from] ability: Drought|[of] p2a: Torkoal\n|move|p1a: Meganium|Leech Seed|p2a: Torkoal\n|-start|p2a: Torkoal|move: Leech Seed\n|\n|-weather|SunnyDay|[upkeep]\n|-heal|p1a: Meganium|215/297 par|[from] item: Leftovers\n|-heal|p2a: Torkoal|240/255 tox|[from] item: Leftovers\n|-damage|p2a: Torkoal|209/255 tox|[from] Leech Seed|[of] p1a: Meganium\n|-heal|p1a: Meganium|246/297 par|[silent]\n|-damage|p2a: Torkoal|194/255 tox|[from] psn\n|upkeep\n|turn|11\n|\n|t:|1769803775\n|switch|p1a: Hitmontop|Hitmontop, L90, M|236/236\n|-damage|p1a: Hitmontop|222/236|[from] Stealth Rock\n|-ability|p1a: Hitmontop|Intimidate|boost\n|-unboost|p2a: Torkoal|atk|1\n|move|p2a: Torkoal|Lava Plume|p1a: Hitmontop\n|-damage|p1a: Hitmontop|135/236\n|\n|-weather|SunnyDay|[upkeep]\n|-heal|p1a: Hitmontop|149/236|[from] item: Leftovers\n|-heal|p2a: Torkoal|209/255 tox|[from] item: Leftovers\n|-damage|p2a: Torkoal|178/255 tox|[from] Leech Seed|[of] p1a: Hitmontop\n|-heal|p1a: Hitmontop|180/236|[silent]\n|-damage|p2a: Torkoal|148/255 tox|[from] psn\n|upkeep\n|turn|12\n|\n|t:|1769803789\n|switch|p2a: Conkeldurr|Conkeldurr, L81, F|303/303\n|move|p1a: Hitmontop|Rapid Spin|p2a: Conkeldurr\n|-damage|p2a: Conkeldurr|287/303\n|-sideend|p1: yeet no u|Stealth Rock|[from] move: Rapid Spin|[of] p1a: Hitmontop\n|\n|-weather|SunnyDay|[upkeep]\n|-heal|p1a: Hitmontop|194/236|[from] item: Leftovers\n|-status|p2a: Conkeldurr|brn|[from] item: Flame Orb\n|upkeep\n|turn|13\n|\n|t:|1769803807\n|switch|p1a: Entei|Entei, L78|98/307\n|move|p2a: Conkeldurr|Drain Punch|p1a: Entei\n|-damage|p1a: Entei|0 fnt\n|-heal|p2a: Conkeldurr|303/303 brn|[from] drain|[of] p1a: Entei\n|faint|p1a: Entei\n|\n|-weather|SunnyDay|[upkeep]\n|-damage|p2a: Conkeldurr|285/303 brn|[from] brn\n|upkeep\n|\n|t:|1769803810\n|switch|p1a: Pidgeot|Pidgeot-Mega, L78, M|258/258\n|turn|14\n|\n|t:|1769803824\n|switch|p2a: Raichu|Raichu, L88, M|173/249\n|move|p1a: Pidgeot|Heat Wave|p2a: Raichu\n|-crit|p2a: Raichu\n|-damage|p2a: Raichu|0 fnt\n|faint|p2a: Raichu\n|\n|-weather|none\n|upkeep\n|\n|t:|1769803841\n|switch|p2a: Entei|Entei, L78|307/307\n|turn|15\n|\n|t:|1769803847\n|switch|p1a: Hitmontop|Hitmontop, L90, M|194/236\n|-ability|p1a: Hitmontop|Intimidate|boost\n|-unboost|p2a: Entei|atk|1\n|move|p2a: Entei|Sacred Fire|p1a: Hitmontop\n|-damage|p1a: Hitmontop|103/236\n|\n|-heal|p1a: Hitmontop|117/236|[from] item: Leftovers\n|upkeep\n|turn|16\n|\n|t:|1769803856\n|switch|p1a: Clawitzer|Clawitzer, L87, M|265/265\n|move|p2a: Entei|Sacred Fire|p1a: Clawitzer\n|-resisted|p1a: Clawitzer\n|-damage|p1a: Clawitzer|212/265\n|\n|upkeep\n|turn|17\n|\n|t:|1769803868\n|switch|p2a: Unfezant|Unfezant, L88, F|283/283\n|move|p1a: Clawitzer|Scald|p2a: Unfezant\n|-damage|p2a: Unfezant|132/283\n|\n|upkeep\n|turn|18\n|\n|t:|1769803877\n|switch|p1a: Hitmontop|Hitmontop, L90, M|117/236\n|-ability|p1a: Hitmontop|Intimidate|boost\n|-unboost|p2a: Unfezant|atk|1\n|move|p2a: Unfezant|Return|p1a: Hitmontop\n|-crit|p1a: Hitmontop\n|-damage|p1a: Hitmontop|0 fnt\n|faint|p1a: Hitmontop\n|\n|upkeep\n|\n|t:|1769803880\n|switch|p1a: Pidgeot|Pidgeot-Mega, L78, M|258/258\n|turn|19\n|\n|t:|1769803893\n|switch|p2a: Torkoal|Torkoal, L84, F|148/255 tox\n|-weather|SunnyDay|[from] ability: Drought|[of] p2a: Torkoal\n|move|p1a: Pidgeot|Hurricane|p2a: Torkoal\n|-damage|p2a: Torkoal|0 fnt\n|faint|p2a: Torkoal\n|\n|-weather|SunnyDay|[upkeep]\n|upkeep\n|\n|t:|1769803901\n|switch|p2a: Entei|Entei, L78|307/307\n|turn|20\n|\n|t:|1769803906\n|move|p1a: Pidgeot|U-turn|p2a: Entei\n|-resisted|p2a: Entei\n|-damage|p2a: Entei|288/307\n|\n|t:|1769803909\n|switch|p1a: Bewear|Bewear, L84, M|243/339|[from] U-turn\n|move|p2a: Entei|Sacred Fire|p1a: Bewear\n|-damage|p1a: Bewear|0 fnt\n|faint|p1a: Bewear\n|\n|-weather|SunnyDay|[upkeep]\n|upkeep\n|\n|t:|1769803913\n|switch|p1a: Clawitzer|Clawitzer, L87, M|212/265\n|turn|21\n|\n|t:|1769803919\n|switch|p2a: Conkeldurr|Conkeldurr, L81, F|285/303 brn\n|move|p1a: Clawitzer|Scald|p2a: Conkeldurr\n|-damage|p2a: Conkeldurr|219/303 brn\n|\n|-weather|SunnyDay|[upkeep]\n|-damage|p2a: Conkeldurr|201/303 brn|[from] brn\n|upkeep\n|turn|22\n|\n|t:|1769803927\n|switch|p1a: Meganium|Meganium, L92, M|246/297 par\n|move|p2a: Conkeldurr|Drain Punch|p1a: Meganium\n|-damage|p1a: Meganium|128/297 par\n|-heal|p2a: Conkeldurr|260/303 brn|[from] drain|[of] p1a: Meganium\n|\n|-weather|SunnyDay|[upkeep]\n|-heal|p1a: Meganium|146/297 par|[from] item: Leftovers\n|-damage|p2a: Conkeldurr|242/303 brn|[from] brn\n|upkeep\n|turn|23\n|\n|t:|1769803937\n|move|p2a: Conkeldurr|Facade|p1a: Meganium\n|-damage|p1a: Meganium|0 fnt\n|faint|p1a: Meganium\n|\n|-weather|none\n|-damage|p2a: Conkeldurr|224/303 brn|[from] brn\n|upkeep\n|\n|t:|1769803939\n|switch|p1a: Pidgeot|Pidgeot-Mega, L78, M|258/258\n|turn|24\n|\n|t:|1769803946\n|move|p2a: Conkeldurr|Mach Punch|p1a: Pidgeot\n|-damage|p1a: Pidgeot|165/258\n|move|p1a: Pidgeot|Hurricane|p2a: Conkeldurr\n|-supereffective|p2a: Conkeldurr\n|-damage|p2a: Conkeldurr|0 fnt\n|faint|p2a: Conkeldurr\n|\n|upkeep\n|\n|t:|1769803952\n|switch|p2a: Entei|Entei, L78|288/307\n|turn|25\n|\n|t:|1769803959\n|move|p1a: Pidgeot|Roost|p1a: Pidgeot\n|-heal|p1a: Pidgeot|258/258\n|-singleturn|p1a: Pidgeot|move: Roost\n|move|p2a: Entei|Sacred Fire|p1a: Pidgeot\n|-damage|p1a: Pidgeot|71/258\n|-status|p1a: Pidgeot|brn\n|\n|-damage|p1a: Pidgeot|55/258 brn|[from] brn\n|upkeep\n|turn|26\n|\n|t:|1769803968\n|move|p1a: Pidgeot|U-turn|p2a: Entei\n|-resisted|p2a: Entei\n|-damage|p2a: Entei|278/307\n|\n|t:|1769803971\n|switch|p1a: Clawitzer|Clawitzer, L87, M|212/265|[from] U-turn\n|move|p2a: Entei|Sacred Fire|p1a: Clawitzer\n|-resisted|p1a: Clawitzer\n|-damage|p1a: Clawitzer|142/265\n|-status|p1a: Clawitzer|brn\n|\n|-damage|p1a: Clawitzer|126/265 brn|[from] brn\n|upkeep\n|turn|27\n|\n|t:|1769803980\n|switch|p2a: Hippowdon|Hippowdon, L82, M|235/311\n|-weather|Sandstorm|[from] ability: Sand Stream|[of] p2a: Hippowdon\n|move|p1a: Clawitzer|Scald|p2a: Hippowdon\n|-supereffective|p2a: Hippowdon\n|-damage|p2a: Hippowdon|0 fnt\n|faint|p2a: Hippowdon\n|\n|-weather|Sandstorm|[upkeep]\n|-damage|p1a: Clawitzer|110/265 brn|[from] Sandstorm\n|-damage|p1a: Clawitzer|94/265 brn|[from] brn\n|upkeep\n|\n|t:|1769803990\n|switch|p2a: Unfezant|Unfezant, L88, F|132/283\n|turn|28\n|\n|t:|1769803995\n|move|p2a: Unfezant|Return|p1a: Clawitzer\n|-crit|p1a: Clawitzer\n|-damage|p1a: Clawitzer|0 fnt\n|faint|p1a: Clawitzer\n|\n|-weather|Sandstorm|[upkeep]\n|-damage|p2a: Unfezant|115/283|[from] Sandstorm\n|upkeep\n|\n|t:|1769803996\n|switch|p1a: Pidgeot|Pidgeot-Mega, L78, M|55/258 brn\n|turn|29\n|\n|t:|1769804003\n|move|p1a: Pidgeot|Hurricane|p2a: Unfezant\n|-damage|p2a: Unfezant|0 fnt\n|faint|p2a: Unfezant\n|\n|-weather|Sandstorm|[upkeep]\n|-damage|p1a: Pidgeot|39/258 brn|[from] Sandstorm\n|-damage|p1a: Pidgeot|23/258 brn|[from] brn\n|upkeep\n|\n|t:|1769804010\n|switch|p2a: Entei|Entei, L78|278/307\n|turn|30\n|\n|t:|1769804013\n|move|p2a: Entei|Extreme Speed|p1a: Pidgeot\n|-damage|p1a: Pidgeot|0 fnt\n|faint|p1a: Pidgeot\n|detailschange|p1: Pidgeot|Pidgeot, L78, M|[silent]\n|\n|win|La.Hellhound\n|raw|yeet no u's rating: 1570 &rarr; <strong>1558</strong><br />(-12 for losing)\n|raw|La.Hellhound's rating: 1723 &rarr; <strong>1735</strong><br />(+12 for winning)\n", "inputlog": ">version b99ff0165a6231f17e8b78c2a78d1998375de664\n>start {\"formatid\":\"gen7randombattle\",\"seed\":\"sodium,bfda4a25a1e10c467c5d085508ea578e\",\"rated\":\"Rated battle\"}\n>player p1 {\"name\":\"yeet no u\",\"avatar\":\"anabel-gen7\",\"rating\":1570,\"seed\":\"sodium,623da9d9f9dcff52af5233e09a781e3f\"}\n>player p2 {\"name\":\"La.Hellhound\",\"avatar\":\"bruno\",\"rating\":1723,\"seed\":\"sodium,e14a33e0056f518c11b966b3eb8e4cea\"}\n>chat ☆yeet no u|glhf\n>p1 move hurricane mega\n>p2 switch 6\n>p1 switch 3\n>p2 move nuzzle\n>p1 move toxic\n>p2 switch 5\n>p1 switch 6\n>p2 move stealthrock\n>p1 move stoneedge\n>p2 switch 2\n>p1 switch 6\n>p2 move whirlwind\n>p1 switch 5\n>p2 move earthquake\n>p1 move drainpunch\n>p2 move whirlwind\n>p1 switch 6\n>p2 move earthquake\n>p1 move leechseed\n>p2 switch 2\n>p1 switch 4\n>p2 move lavaplume\n>p1 move rapidspin\n>p2 switch 6\n>p1 switch 6\n>p2 move drainpunch\n>p1 switch 3\n>p1 move heatwave\n>p2 switch 5\n>p2 switch 4\n>p1 switch 6\n>p2 move sacredfire\n>p1 switch 2\n>p2 move sacredfire\n>p1 move scald\n>p2 switch 3\n>p1 switch 2\n>p2 move return\n>p1 switch 6\n>p1 move hurricane\n>p2 switch 6\n>p2 switch 3\n>p1 move uturn\n>p2 move sacredfire\n>p1 switch 5\n>p1 switch 2\n>p1 move scald\n>p2 switch 5\n>p1 switch 4\n>p2 move drainpunch\n>p1 move synthesis\n>p2 move facade\n>p1 switch 5\n>p1 move hurricane\n>p2 move machpunch\n>p2 switch 5\n>p1 move roost\n>p2 move sacredfire\n>p1 move uturn\n>p2 move sacredfire\n>p1 switch 4\n>p1 move scald\n>p2 switch 2\n>p2 switch 6\n>p1 move icebeam\n>p2 move return\n>p1 switch 4\n>p1 move hurricane\n>p2 move return\n>p2 switch 2\n>p1 move hurricane\n>p2 move extremespeed", "uploadtime": 1769804018, "views": 180, "formatid": "gen7randombattle", "rating": 1558, "private": 0, "password": null}