{"id": "gen7randombattle-2536421211", "format": "[Gen 7] Random Battle", "players": ["La.Hellhound", "Shabbeaugosse"], "log": "|j|‽La.Hellhound\n|j|☆Shabbeaugosse\n|t:|1770685971\n|gametype|singles\n|player|p1|La.Hellhound|bruno|1747\n|player|p2|Shabbeaugosse|2|1706\n|gen|7\n|tier|[Gen 7] Random Battle\n|rated|\n|rule|Sleep Clause Mod: Limit one foe put to sleep\n|rule|HP Percentage Mod: HP is shown in percentages\n|rule|Illusion Level Mod: Illusion disguises the Pokémon's true level\n|\n|t:|1770685971\n|teamsize|p1|6\n|teamsize|p2|6\n|start\n|switch|p1a: Lanturn|Lanturn, L89, F|367/367\n|switch|p2a: Huntail|Huntail, L85, M|232/232\n|turn|1\n|inactive|Battle timer is ON: inactive players will automatically lose when time's up. (requested by La.Hellhound)\n|\n|t:|1770685996\n|switch|p2a: Dialga|Dialga, L74|270/270\n|-ability|p2a: Dialga|Pressure\n|move|p1a: Lanturn|Thunderbolt|p2a: Dialga\n|-resisted|p2a: Dialga\n|-crit|p2a: Dialga\n|-damage|p2a: Dialga|198/270\n|\n|upkeep\n|turn|2\n|\n|t:|1770686006\n|move|p2a: Dialga|Draco Meteor|p1a: Lanturn\n|-damage|p1a: Lanturn|198/367\n|-unboost|p2a: Dialga|spa|2\n|move|p1a: Lanturn|Volt Switch|p2a: Dialga\n|-resisted|p2a: Dialga\n|-damage|p2a: Dialga|163/270\n|\n|t:|1770686018\n|switch|p1a: Kangaskhan|Kangaskhan, L88, F|328/328|[from] Volt Switch\n|\n|upkeep\n|turn|3\n|\n|t:|1770686026\n|switch|p2a: Terrakion|Terrakion, L78|270/270\n|move|p1a: Kangaskhan|Earthquake|p2a: Terrakion\n|-supereffective|p2a: Terrakion\n|-damage|p2a: Terrakion|94/270\n|\n|upkeep\n|turn|4\n|\n|t:|1770686034\n|switch|p1a: Jellicent|Jellicent, L88, M|319/319\n|-zpower|p2a: Terrakion\n|move|p2a: Terrakion|Continental Crush|p1a: Jellicent|[zeffect]\n|-damage|p1a: Jellicent|70/319\n|\n|-heal|p1a: Jellicent|89/319|[from] item: Leftovers\n|upkeep\n|turn|5\n|\n|t:|1770686049\n|switch|p1a: Latios|Latios, L78, M|253/253\n|move|p2a: Terrakion|Stone Edge|p1a: Latios\n|-damage|p1a: Latios|117/253\n|\n|upkeep\n|turn|6\n|\n|t:|1770686060\n|switch|p2a: Accelgor|Accelgor, L90, F|290/290\n|move|p1a: Latios|Psyshock|p2a: Accelgor\n|-damage|p2a: Accelgor|53/290\n|\n|-heal|p2a: Accelgor|71/290|[from] item: Leftovers\n|upkeep\n|turn|7\n|\n|t:|1770686072\n|switch|p1a: Kangaskhan|Kangaskhan, L88, F|328/328\n|move|p2a: Accelgor|Bug Buzz|p1a: Kangaskhan\n|-damage|p1a: Kangaskhan|246/328\n|\n|-heal|p2a: Accelgor|89/290|[from] item: Leftovers\n|upkeep\n|turn|8\n|\n|t:|1770686080\n|move|p1a: Kangaskhan|Fake Out|p2a: Accelgor\n|-damage|p2a: Accelgor|10/290\n|cant|p2a: Accelgor|flinch\n|\n|-heal|p2a: Accelgor|28/290|[from] item: Leftovers\n|upkeep\n|turn|9\n|\n|t:|1770686087\n|move|p1a: Kangaskhan|Sucker Punch||[still]\n|-fail|p1a: Kangaskhan\n|move|p2a: Accelgor|Toxic Spikes|p1a: Kangaskhan\n|-sidestart|p1: La.Hellhound|move: Toxic Spikes\n|\n|-heal|p2a: Accelgor|46/290|[from] item: Leftovers\n|upkeep\n|turn|10\n|\n|t:|1770686095\n|move|p2a: Accelgor|U-turn|p1a: Kangaskhan\n|-damage|p1a: Kangaskhan|179/328\n|\n|t:|1770686100\n|switch|p2a: Dialga|Dialga, L74|163/270|[from] U-turn\n|-ability|p2a: Dialga|Pressure\n|move|p1a: Kangaskhan|Return|p2a: Dialga\n|-resisted|p2a: Dialga\n|-damage|p2a: Dialga|112/270\n|\n|upkeep\n|turn|11\n|l|‽La.Hellhound\n|inactive|La.Hellhound disconnected and has a minute to reconnect!\n|player|p1|\n|inactive|La.Hellhound has 30 seconds to reconnect!\n|inactive|La.Hellhound has 20 seconds to reconnect!\n|inactive|La.Hellhound has 15 seconds to reconnect!\n|inactive|La.Hellhound has 10 seconds to reconnect!\n|j|‽La.Hellhound\n|inactive|La.Hellhound reconnected and has 80 seconds left.\n|player|p1|La.Hellhound|bruno|\n|n|‽La.Hellhound|lahellhound\n|n|‽La.Hellhound|lahellhound\n|\n|t:|1770686177\n|move|p2a: Dialga|Draco Meteor|p1a: Kangaskhan\n|-damage|p1a: Kangaskhan|76/328\n|-unboost|p2a: Dialga|spa|2\n|move|p1a: Kangaskhan|Earthquake|p2a: Dialga\n|-supereffective|p2a: Dialga\n|-crit|p2a: Dialga\n|-damage|p2a: Dialga|0 fnt\n|faint|p2a: Dialga\n|\n|upkeep\n|\n|t:|1770686204\n|switch|p2a: Terrakion|Terrakion, L78|94/270\n|turn|12\n|\n|t:|1770686210\n|switch|p1a: Jellicent|Jellicent, L88, M|89/319\n|-status|p1a: Jellicent|psn\n|move|p2a: Terrakion|Earthquake|p1a: Jellicent\n|-damage|p1a: Jellicent|2/319 psn\n|\n|-heal|p1a: Jellicent|21/319 psn|[from] item: Leftovers\n|-damage|p1a: Jellicent|0 fnt|[from] psn\n|faint|p1a: Jellicent\n|upkeep\n|\n|t:|1770686221\n|switch|p1a: Latios|Latios, L78, M|117/253\n|turn|13\n|\n|t:|1770686226\n|move|p1a: Latios|Psyshock|p2a: Terrakion\n|-supereffective|p2a: Terrakion\n|-damage|p2a: Terrakion|0 fnt\n|faint|p2a: Terrakion\n|\n|upkeep\n|\n|t:|1770686228\n|switch|p2a: Accelgor|Accelgor, L90, F|46/290\n|turn|14\n|\n|t:|1770686236\n|switch|p1a: Vespiquen|Vespiquen, F|301/301\n|-ability|p1a: Vespiquen|Pressure\n|move|p2a: Accelgor|Bug Buzz|p1a: Vespiquen\n|-resisted|p1a: Vespiquen\n|-damage|p1a: Vespiquen|262/301\n|\n|-heal|p2a: Accelgor|64/290|[from] item: Leftovers\n|-heal|p1a: Vespiquen|280/301|[from] item: Leftovers\n|upkeep\n|turn|15\n|\n|t:|1770686246\n|move|p2a: Accelgor|U-turn|p1a: Vespiquen\n|-resisted|p1a: Vespiquen\n|-damage|p1a: Vespiquen|254/301\n|\n|t:|1770686249\n|switch|p2a: Magmortar|Magmortar, L88, F|275/275|[from] U-turn\n|move|p1a: Vespiquen|Defog|p2a: Magmortar\n|-unboost|p2a: Magmortar|evasion|1\n|-sideend|p1: La.Hellhound|Toxic Spikes|[from] move: Defog|[of] p1a: Vespiquen\n|\n|-heal|p1a: Vespiquen|272/301|[from] item: Leftovers\n|upkeep\n|turn|16\n|\n|t:|1770686266\n|switch|p1a: Lanturn|Lanturn, L89, F|198/367\n|move|p2a: Magmortar|Fire Blast|p1a: Lanturn\n|-resisted|p1a: Lanturn\n|-damage|p1a: Lanturn|110/367\n|\n|-heal|p1a: Lanturn|132/367|[from] item: Leftovers\n|upkeep\n|turn|17\n|\n|t:|1770686285\n|switch|p1a: Latios|Latios, L78, M|117/253\n|move|p2a: Magmortar|Earthquake|p1a: Latios\n|-immune|p1a: Latios|[from] ability: Levitate\n|\n|upkeep\n|turn|18\n|inactive|La.Hellhound has 90 seconds left.\n|l|‽La.Hellhound\n|inactive|La.Hellhound disconnected and has a minute to reconnect!\n|player|p1|\n|j|‽La.Hellhound\n|inactive|La.Hellhound reconnected and has 65 seconds left.\n|player|p1|La.Hellhound|bruno|\n|inactive|La.Hellhound has 60 seconds left.\n|\n|t:|1770686337\n|switch|p2a: Furret|Furret, L94, F|312/312\n|-item|p1a: Latios|Choice Specs|[from] ability: Frisk|[of] p2a: Furret\n|move|p1a: Latios|Psyshock|p2a: Furret\n|-damage|p2a: Furret|164/312\n|\n|upkeep\n|turn|19\n|n|‽La.Hellhound|lahellhound\n|n|‽La.Hellhound|lahellhound\n|inactive|La.Hellhound has 60 seconds left.\n|\n|t:|1770686350\n|switch|p1a: Banette|Banette, L87, M|253/253\n|-item|p2a: Furret|Choice Band|[from] ability: Frisk|[of] p1a: Banette\n|move|p2a: Furret|Double-Edge|p1a: Banette\n|-immune|p1a: Banette\n|\n|upkeep\n|turn|20\n|\n|t:|1770686360\n|switch|p2a: Magmortar|Magmortar, L88, F|275/275\n|detailschange|p1a: Banette|Banette-Mega, L87, M\n|-mega|p1a: Banette|Banette|Banettite\n|move|p1a: Banette|Shadow Claw|p2a: Magmortar\n|-crit|p2a: Magmortar\n|-damage|p2a: Magmortar|77/275\n|\n|upkeep\n|turn|21\n|\n|t:|1770686369\n|switch|p1a: Latios|Latios, L78, M|117/253\n|move|p2a: Magmortar|Fire Blast|p1a: Latios|[miss]\n|-miss|p2a: Magmortar|p1a: Latios\n|\n|upkeep\n|turn|22\n|\n|t:|1770686375\n|move|p1a: Latios|Psyshock|p2a: Magmortar\n|-damage|p2a: Magmortar|0 fnt\n|faint|p2a: Magmortar\n|\n|upkeep\n|\n|t:|1770686380\n|switch|p2a: Furret|Furret, L94, F|164/312\n|-item|p1a: Latios|Choice Specs|[from] ability: Frisk|[of] p2a: Furret\n|turn|23\n|\n|t:|1770686387\n|switch|p1a: Vespiquen|Vespiquen, F|272/301\n|-ability|p1a: Vespiquen|Pressure\n|move|p2a: Furret|Knock Off|p1a: Vespiquen\n|-damage|p1a: Vespiquen|192/301\n|-enditem|p1a: Vespiquen|Leftovers|[from] move: Knock Off|[of] p2a: Furret\n|\n|upkeep\n|turn|24\n|inactive|La.Hellhound has 90 seconds left.\n|\n|t:|1770686395\n|switch|p2a: Huntail|Huntail, L85, M|232/232\n|move|p1a: Vespiquen|Roost|p1a: Vespiquen\n|-heal|p1a: Vespiquen|301/301\n|-singleturn|p1a: Vespiquen|move: Roost\n|\n|upkeep\n|turn|25\n|inactive|La.Hellhound has 90 seconds left.\n|\n|t:|1770686406\n|move|p1a: Vespiquen|Toxic|p2a: Huntail|[miss]\n|-miss|p1a: Vespiquen|p2a: Huntail\n|move|p2a: Huntail|Shell Smash|p2a: Huntail\n|-unboost|p2a: Huntail|def|1\n|-unboost|p2a: Huntail|spd|1\n|-boost|p2a: Huntail|atk|2\n|-boost|p2a: Huntail|spa|2\n|-boost|p2a: Huntail|spe|2\n|-enditem|p2a: Huntail|White Herb\n|-clearnegativeboost|p2a: Huntail|[silent]\n|\n|upkeep\n|turn|26\n|inactive|La.Hellhound has 90 seconds left.\n|\n|t:|1770686417\n|move|p2a: Huntail|Shell Smash|p2a: Huntail\n|-unboost|p2a: Huntail|def|1\n|-unboost|p2a: Huntail|spd|1\n|-boost|p2a: Huntail|atk|2\n|-boost|p2a: Huntail|spa|2\n|-boost|p2a: Huntail|spe|2\n|move|p1a: Vespiquen|Toxic|p2a: Huntail\n|-status|p2a: Huntail|tox\n|\n|-damage|p2a: Huntail|218/232 tox|[from] psn\n|upkeep\n|turn|27\n|\n|t:|1770686426\n|switch|p1a: Lanturn|Lanturn, L89, F|132/367\n|move|p2a: Huntail|Waterfall|p1a: Lanturn\n|-resisted|p1a: Lanturn\n|-damage|p1a: Lanturn|0 fnt\n|faint|p1a: Lanturn\n|\n|-damage|p2a: Huntail|190/232 tox|[from] psn\n|upkeep\n|\n|t:|1770686435\n|switch|p1a: Kangaskhan|Kangaskhan, L88, F|76/328\n|turn|28\n|\n|t:|1770686438\n|move|p1a: Kangaskhan|Fake Out|p2a: Huntail\n|-damage|p2a: Huntail|135/232 tox\n|cant|p2a: Huntail|flinch\n|\n|-damage|p2a: Huntail|93/232 tox|[from] psn\n|upkeep\n|turn|29\n|\n|t:|1770686451\n|move|p1a: Kangaskhan|Sucker Punch|p2a: Huntail\n|-damage|p2a: Huntail|27/232 tox\n|move|p2a: Huntail|Waterfall|p1a: Kangaskhan\n|-damage|p1a: Kangaskhan|0 fnt\n|faint|p1a: Kangaskhan\n|\n|-damage|p2a: Huntail|0 fnt|[from] psn\n|faint|p2a: Huntail\n|upkeep\n|\n|t:|1770686460\n|switch|p1a: Vespiquen|Vespiquen, F|301/301\n|switch|p2a: Furret|Furret, L94, F|164/312\n|-ability|p1a: Vespiquen|Pressure\n|turn|30\n|\n|t:|1770686467\n|move|p2a: Furret|Double-Edge|p1a: Vespiquen\n|-damage|p1a: Vespiquen|156/301\n|-damage|p2a: Furret|116/312|[from] Recoil\n|move|p1a: Vespiquen|Air Slash|p2a: Furret\n|-damage|p2a: Furret|0 fnt\n|faint|p2a: Furret\n|\n|upkeep\n|-message|Shabbeaugosse forfeited.\n|\n|win|La.Hellhound\n|raw|La.Hellhound's rating: 1747 &rarr; <strong>1765</strong><br />(+18 for winning)\n|raw|Shabbeaugosse's rating: 1706 &rarr; <strong>1688</strong><br />(-18 for losing)\n|l|☆Shabbeaugosse\n|player|p2|\n", "inputlog": ">version ccdc32dd7cde25fd9e4bed64820e885f66e78a4e\n>start {\"formatid\":\"gen7randombattle\",\"seed\":\"sodium,3f3869b652eb24dc8ddbef4998520085\",\"rated\":\"Rated battle\"}\n>player p1 {\"name\":\"La.Hellhound\",\"avatar\":\"bruno\",\"rating\":1747,\"seed\":\"sodium,491835f775a19000044254e43e1b0cfb\"}\n>player p2 {\"name\":\"Shabbeaugosse\",\"avatar\":\"2\",\"rating\":1706,\"seed\":\"sodium,2eebb6ffdfc2ac2708864901c8049611\"}\n>p1 move thunderbolt\n>p2 switch 2\n>p1 move voltswitch\n>p2 move dracometeor\n>p1 switch 2\n>p1 move earthquake\n>p2 switch 4\n>p1 switch 5\n>p2 move stoneedge zmove\n>p1 switch 3\n>p2 move stoneedge\n>p1 move psyshock\n>p2 switch 6\n>p1 switch 5\n>p2 move bugbuzz\n>p1 move fakeout\n>p2 move uturn\n>p1 move suckerpunch\n>p2 move toxicspikes\n>p1 move return\n>p2 move uturn\n>p2 switch 4\n>p1 move earthquake\n>p2 move dracometeor\n>p2 switch 6\n>p1 switch 3\n>p2 move earthquake\n>p1 switch 5\n>p1 move psyshock\n>p2 move stoneedge\n>p2 switch 4\n>p1 switch 6\n>p2 move bugbuzz\n>p1 move defog\n>p2 move uturn\n>p2 switch 5\n>p1 switch 2\n>p2 move fireblast\n>p1 switch 6\n>p2 move earthquake\n>p1 move psyshock\n>p2 switch 3\n>p1 switch 4\n>p2 move doubleedge\n>p1 move shadowclaw mega\n>p2 switch 3\n>p1 switch 4\n>p2 move fireblast\n>p1 move psyshock\n>p2 move fireblast\n>p2 switch 3\n>p1 switch 2\n>p2 move knockoff\n>p1 move roost\n>p2 switch 2\n>p1 move toxic\n>p2 move shellsmash\n>p1 move toxic\n>p2 move shellsmash\n>p1 switch 6\n>p2 move waterfall\n>p1 switch 3\n>p1 move fakeout\n>p2 move waterfall\n>p1 move suckerpunch\n>p2 move waterfall\n>p1 switch 6\n>p2 switch 2\n>p1 move airslash\n>p2 move doubleedge\n>forcelose p2", "uploadtime": 1770686477, "views": 210, "formatid": "gen7randombattle", "rating": 1688, "private": 0, "password": null}