{"id": "gen7randombattle-2534037058", "format": "[Gen 7] Random Battle", "players": ["002ekans", "MimikyuTrainerAsh"], "log": "|j|☆002ekans\n|j|☆MimikyuTrainerAsh\n|t:|1770379904\n|gametype|singles\n|player|p1|002ekans|blaine|1628\n|player|p2|MimikyuTrainerAsh|pokekid|1638\n|gen|7\n|tier|[Gen 7] Random Battle\n|rated|\n|rule|Sleep Clause Mod: Limit one foe put to sleep\n|rule|HP Percentage Mod: HP is shown in percentages\n|rule|Illusion Level Mod: Illusion disguises the Pokémon's true level\n|\n|t:|1770379904\n|teamsize|p1|6\n|teamsize|p2|6\n|start\n|switch|p1a: Sunflora|Sunflora, F|312/312\n|switch|p2a: Palkia|Palkia, L75|259/259\n|-ability|p2a: Palkia|Pressure\n|turn|1\n|inactive|Battle timer is ON: inactive players will automatically lose when time's up. (requested by MimikyuTrainerAsh)\n|\n|t:|1770379919\n|move|p2a: Palkia|Fire Blast|p1a: Sunflora\n|-supereffective|p1a: Sunflora\n|-damage|p1a: Sunflora|150/312\n|move|p1a: Sunflora|Leaf Storm|p2a: Palkia\n|-damage|p2a: Palkia|0 fnt\n|-unboost|p1a: Sunflora|spa|2\n|faint|p2a: Palkia\n|\n|upkeep\n|c|☆MimikyuTrainerAsh|ts is why i hate random battles\n|c|☆MimikyuTrainerAsh|stupid shit like this\n|\n|t:|1770379943\n|switch|p2a: Machamp|Machamp, L84, F|288/288\n|turn|2\n|\n|t:|1770379947\n|move|p2a: Machamp|Knock Off|p1a: Sunflora\n|-damage|p1a: Sunflora|44/312\n|-enditem|p1a: Sunflora|Choice Specs|[from] move: Knock Off|[of] p2a: Machamp\n|move|p1a: Sunflora|Leaf Storm|p2a: Machamp\n|-damage|p2a: Machamp|171/288\n|-unboost|p1a: Sunflora|spa|2\n|\n|-status|p2a: Machamp|brn|[from] item: Flame Orb\n|upkeep\n|turn|3\n|\n|t:|1770379957\n|move|p2a: Machamp|Facade|p1a: Sunflora\n|-damage|p1a: Sunflora|0 fnt\n|faint|p1a: Sunflora\n|\n|-damage|p2a: Machamp|153/288 brn|[from] brn\n|upkeep\n|\n|t:|1770379965\n|switch|p1a: Mew|Mew, L80|291/291\n|turn|4\n|\n|t:|1770379972\n|move|p1a: Mew|Zen Headbutt|p2a: Machamp\n|-supereffective|p2a: Machamp\n|-damage|p2a: Machamp|0 fnt\n|faint|p2a: Machamp\n|-damage|p1a: Mew|262/291|[from] item: Life Orb\n|\n|upkeep\n|\n|t:|1770379974\n|switch|p2a: Spiritomb|Spiritomb, L91, F|239/239\n|turn|5\n|\n|t:|1770379988\n|move|p1a: Mew|Swords Dance|p1a: Mew\n|-boost|p1a: Mew|atk|2\n|move|p2a: Spiritomb|Pursuit|p1a: Mew\n|-supereffective|p1a: Mew\n|-damage|p1a: Mew|146/291\n|\n|upkeep\n|turn|6\n|\n|t:|1770379991\n|move|p2a: Spiritomb|Sucker Punch|p1a: Mew\n|-supereffective|p1a: Mew\n|-damage|p1a: Mew|0 fnt\n|faint|p1a: Mew\n|\n|upkeep\n|\n|t:|1770379997\n|switch|p1a: Haxorus|Haxorus, L75, F|238/238\n|-ability|p1a: Haxorus|Mold Breaker\n|turn|7\n|\n|t:|1770380001\n|move|p1a: Haxorus|Taunt|p2a: Spiritomb\n|-start|p2a: Spiritomb|move: Taunt\n|cant|p2a: Spiritomb|move: Taunt|Will-O-Wisp\n|\n|upkeep\n|turn|8\n|\n|t:|1770380009\n|move|p1a: Haxorus|Outrage|p2a: Spiritomb\n|-damage|p2a: Spiritomb|119/239\n|move|p2a: Spiritomb|Foul Play|p1a: Haxorus\n|-damage|p1a: Haxorus|60/238\n|\n|upkeep\n|turn|9\n|\n|t:|1770380013\n|move|p2a: Spiritomb|Sucker Punch|p1a: Haxorus\n|-crit|p1a: Haxorus\n|-damage|p1a: Haxorus|0 fnt\n|faint|p1a: Haxorus\n|\n|-end|p2a: Spiritomb|move: Taunt\n|upkeep\n|\n|t:|1770380018\n|switch|p1a: Arceus|Arceus-Ghost, L72|292/292\n|turn|10\n|\n|t:|1770380021\n|move|p1a: Arceus|Judgment|p2a: Spiritomb\n|-damage|p2a: Spiritomb|32/239\n|move|p2a: Spiritomb|Will-O-Wisp|p1a: Arceus\n|-status|p1a: Arceus|brn\n|\n|-damage|p1a: Arceus|274/292 brn|[from] brn\n|upkeep\n|turn|11\n|\n|t:|1770380023\n|move|p2a: Spiritomb|Sucker Punch|p1a: Arceus\n|-supereffective|p1a: Arceus\n|-damage|p1a: Arceus|82/292 brn\n|move|p1a: Arceus|Judgment|p2a: Spiritomb\n|-damage|p2a: Spiritomb|0 fnt\n|faint|p2a: Spiritomb\n|\n|-damage|p1a: Arceus|64/292 brn|[from] brn\n|upkeep\n|\n|t:|1770380031\n|switch|p2a: Quagsire|Quagsire, L87, M|307/307\n|turn|12\n|\n|t:|1770380033\n|move|p1a: Arceus|Judgment|p2a: Quagsire\n|-damage|p2a: Quagsire|163/307\n|move|p2a: Quagsire|Earthquake|p1a: Arceus\n|-damage|p1a: Arceus|0 fnt\n|faint|p1a: Arceus\n|\n|-heal|p2a: Quagsire|182/307|[from] item: Leftovers\n|upkeep\n|\n|t:|1770380036\n|switch|p1a: Celesteela|Celesteela, L78|279/279\n|turn|13\n|\n|t:|1770380039\n|switch|p2a: Blissey|Blissey, L85, F|572/572\n|move|p1a: Celesteela|Air Slash|p2a: Blissey\n|-damage|p2a: Blissey|520/572\n|\n|-heal|p2a: Blissey|555/572|[from] item: Leftovers\n|upkeep\n|turn|14\n|j| wowowd\n|\n|t:|1770380043\n|move|p2a: Blissey|Thunder Wave|p1a: Celesteela\n|-status|p1a: Celesteela|par\n|cant|p1a: Celesteela|par\n|\n|-heal|p2a: Blissey|572/572|[from] item: Leftovers\n|upkeep\n|turn|15\n|\n|t:|1770380048\n|switch|p2a: Cradily|Cradily, L89, M|298/298\n|move|p1a: Celesteela|Heavy Slam|p2a: Cradily\n|-supereffective|p2a: Cradily\n|-damage|p2a: Cradily|106/298\n|\n|-heal|p2a: Cradily|124/298|[from] item: Leftovers\n|upkeep\n|turn|16\n|\n|t:|1770380052\n|move|p2a: Cradily|Stone Edge|p1a: Celesteela\n|-damage|p1a: Celesteela|188/279 par\n|cant|p1a: Celesteela|par\n|\n|-heal|p2a: Cradily|142/298|[from] item: Leftovers\n|upkeep\n|turn|17\n|\n|t:|1770380055\n|switch|p2a: Quagsire|Quagsire, L87, M|182/307\n|move|p1a: Celesteela|Heavy Slam|p2a: Quagsire\n|-resisted|p2a: Quagsire\n|-damage|p2a: Quagsire|126/307\n|\n|-heal|p2a: Quagsire|145/307|[from] item: Leftovers\n|upkeep\n|turn|18\n|\n|t:|1770380063\n|move|p2a: Quagsire|Recover|p2a: Quagsire\n|-heal|p2a: Quagsire|299/307\n|move|p1a: Celesteela|Air Slash|p2a: Quagsire\n|-damage|p2a: Quagsire|203/307\n|\n|-heal|p2a: Quagsire|222/307|[from] item: Leftovers\n|upkeep\n|turn|19\n|\n|t:|1770380067\n|switch|p2a: Blissey|Blissey, L85, F|572/572\n|move|p1a: Celesteela|Air Slash|p2a: Blissey\n|-damage|p2a: Blissey|515/572\n|\n|-heal|p2a: Blissey|550/572|[from] item: Leftovers\n|upkeep\n|turn|20\n|\n|t:|1770380069\n|move|p2a: Blissey|Seismic Toss|p1a: Celesteela\n|-damage|p1a: Celesteela|103/279 par\n|move|p1a: Celesteela|Heavy Slam|p2a: Blissey\n|-damage|p2a: Blissey|217/572\n|\n|-heal|p2a: Blissey|252/572|[from] item: Leftovers\n|upkeep\n|turn|21\n|l| wowowd\n|\n|t:|1770380072\n|move|p2a: Blissey|Seismic Toss|p1a: Celesteela\n|-damage|p1a: Celesteela|18/279 par\n|move|p1a: Celesteela|Heavy Slam|p2a: Blissey\n|-damage|p2a: Blissey|0 fnt\n|faint|p2a: Blissey\n|-ability|p1a: Celesteela|Beast Boost|boost\n|-boost|p1a: Celesteela|spa|1\n|\n|upkeep\n|\n|t:|1770380074\n|switch|p2a: Quagsire|Quagsire, L87, M|222/307\n|turn|22\n|\n|t:|1770380076\n|move|p2a: Quagsire|Scald|p1a: Celesteela\n|-damage|p1a: Celesteela|0 fnt\n|faint|p1a: Celesteela\n|\n|-heal|p2a: Quagsire|241/307|[from] item: Leftovers\n|upkeep\n|\n|t:|1770380078\n|switch|p1a: Victini|Victini, L76|277/277\n|turn|23\n|\n|t:|1770380096\n|switch|p2a: Cradily|Cradily, L89, M|142/298\n|-zpower|p1a: Victini\n|move|p1a: Victini|Z-Celebrate|p1a: Victini|[anim]Celebrate\n|-boost|p1a: Victini|atk|1|[zeffect]\n|-boost|p1a: Victini|def|1|[zeffect]\n|-boost|p1a: Victini|spa|1|[zeffect]\n|-boost|p1a: Victini|spd|1|[zeffect]\n|-boost|p1a: Victini|spe|1|[zeffect]\n|-activate|p1a: Victini|move: Celebrate\n|\n|-heal|p2a: Cradily|160/298|[from] item: Leftovers\n|upkeep\n|turn|24\n|\n|t:|1770380100\n|move|p1a: Victini|Blue Flare|p2a: Cradily\n|-crit|p2a: Cradily\n|-damage|p2a: Cradily|0 fnt\n|faint|p2a: Cradily\n|\n|upkeep\n|\n|t:|1770380102\n|switch|p2a: Quagsire|Quagsire, L87, M|241/307\n|turn|25\n|\n|t:|1770380106\n|move|p1a: Victini|Stored Power|p2a: Quagsire\n|-damage|p2a: Quagsire|100/307\n|move|p2a: Quagsire|Recover|p2a: Quagsire\n|-heal|p2a: Quagsire|254/307\n|\n|-heal|p2a: Quagsire|273/307|[from] item: Leftovers\n|upkeep\n|turn|26\n|\n|t:|1770380111\n|move|p1a: Victini|Stored Power|p2a: Quagsire\n|-crit|p2a: Quagsire\n|-damage|p2a: Quagsire|84/307\n|move|p2a: Quagsire|Recover|p2a: Quagsire\n|-heal|p2a: Quagsire|238/307\n|\n|-heal|p2a: Quagsire|257/307|[from] item: Leftovers\n|upkeep\n|turn|27\n|\n|t:|1770380114\n|move|p1a: Victini|Stored Power|p2a: Quagsire\n|-damage|p2a: Quagsire|133/307\n|move|p2a: Quagsire|Recover|p2a: Quagsire\n|-heal|p2a: Quagsire|287/307\n|\n|-heal|p2a: Quagsire|306/307|[from] item: Leftovers\n|upkeep\n|turn|28\n|\n|t:|1770380117\n|move|p1a: Victini|Blue Flare|p2a: Quagsire\n|-resisted|p2a: Quagsire\n|-damage|p2a: Quagsire|235/307\n|-status|p2a: Quagsire|brn\n|move|p2a: Quagsire|Toxic|p1a: Victini\n|-status|p1a: Victini|tox\n|\n|-heal|p2a: Quagsire|254/307 brn|[from] item: Leftovers\n|-damage|p1a: Victini|260/277 tox|[from] psn\n|-damage|p2a: Quagsire|235/307 brn|[from] brn\n|upkeep\n|turn|29\n|\n|t:|1770380119\n|move|p1a: Victini|Stored Power|p2a: Quagsire\n|-damage|p2a: Quagsire|106/307 brn\n|move|p2a: Quagsire|Recover|p2a: Quagsire\n|-heal|p2a: Quagsire|260/307 brn\n|\n|-heal|p2a: Quagsire|279/307 brn|[from] item: Leftovers\n|-damage|p1a: Victini|226/277 tox|[from] psn\n|-damage|p2a: Quagsire|260/307 brn|[from] brn\n|upkeep\n|turn|30\n|\n|t:|1770380122\n|move|p1a: Victini|Stored Power|p2a: Quagsire\n|-damage|p2a: Quagsire|124/307 brn\n|move|p2a: Quagsire|Recover|p2a: Quagsire\n|-heal|p2a: Quagsire|278/307 brn\n|\n|-heal|p2a: Quagsire|297/307 brn|[from] item: Leftovers\n|-damage|p1a: Victini|175/277 tox|[from] psn\n|-damage|p2a: Quagsire|278/307 brn|[from] brn\n|upkeep\n|turn|31\n|\n|t:|1770380124\n|move|p1a: Victini|Stored Power|p2a: Quagsire\n|-damage|p2a: Quagsire|142/307 brn\n|move|p2a: Quagsire|Recover|p2a: Quagsire\n|-heal|p2a: Quagsire|296/307 brn\n|\n|-heal|p2a: Quagsire|307/307 brn|[from] item: Leftovers\n|-damage|p1a: Victini|107/277 tox|[from] psn\n|-damage|p2a: Quagsire|288/307 brn|[from] brn\n|upkeep\n|turn|32\n|\n|t:|1770380125\n|move|p1a: Victini|Stored Power|p2a: Quagsire\n|-damage|p2a: Quagsire|153/307 brn\n|move|p2a: Quagsire|Recover|p2a: Quagsire\n|-heal|p2a: Quagsire|307/307 brn\n|\n|-damage|p1a: Victini|22/277 tox|[from] psn\n|-damage|p2a: Quagsire|288/307 brn|[from] brn\n|upkeep\n|turn|33\n|c|☆MimikyuTrainerAsh|deserved\n|c|☆MimikyuTrainerAsh|suffer\n|-message|002ekans forfeited.\n|\n|win|MimikyuTrainerAsh\n|raw|002ekans's rating: 1628 &rarr; <strong>1609</strong><br />(-19 for losing)\n|raw|MimikyuTrainerAsh's rating: 1638 &rarr; <strong>1657</strong><br />(+19 for winning)\n|l|☆002ekans\n|player|p1|\n", "inputlog": ">version ccdc32dd7cde25fd9e4bed64820e885f66e78a4e\n>start {\"formatid\":\"gen7randombattle\",\"seed\":\"sodium,eab3a663b6336c825adf0e9a38dc0d3b\",\"rated\":\"Rated battle\"}\n>player p1 {\"name\":\"002ekans\",\"avatar\":\"blaine\",\"rating\":1628,\"seed\":\"sodium,42845bb1e52e9e37cfe23a99be340cea\"}\n>player p2 {\"name\":\"MimikyuTrainerAsh\",\"avatar\":\"pokekid\",\"rating\":1638,\"seed\":\"sodium,6ad890cd9ec8cc56a797837a0fd55e0e\"}\n>p1 move leafstorm\n>p2 move fireblast\n>chat ☆MimikyuTrainerAsh|ts is why i hate random battles\n>chat ☆MimikyuTrainerAsh|stupid shit like this \n>p2 switch 2\n>p1 move leafstorm\n>p2 move knockoff\n>p1 move leafstorm\n>p2 move facade\n>p1 switch 3\n>p1 move zenheadbutt\n>p2 move knockoff\n>p2 switch 3\n>p1 move swordsdance\n>p2 move pursuit\n>p1 move leechlife\n>p2 move suckerpunch\n>p1 switch 2\n>p1 move taunt\n>p2 move willowisp\n>p1 move outrage\n>p2 move foulplay\n>p1 move outrage\n>p2 move suckerpunch\n>p1 switch 4\n>p1 move judgment\n>p2 move willowisp\n>p1 move judgment\n>p2 move suckerpunch\n>p2 switch 5\n>p1 move judgment\n>p2 move earthquake\n>p1 switch 5\n>p1 move airslash\n>p2 switch 6\n>p1 move heavyslam\n>p2 move thunderwave\n>p1 move heavyslam\n>p2 switch 4\n>p1 move heavyslam\n>p2 move stoneedge\n>p1 move heavyslam\n>p2 switch 6\n>p1 move airslash\n>p2 move recover\n>p1 move airslash\n>p2 switch 4\n>p1 move heavyslam\n>p2 move seismictoss\n>p1 move heavyslam\n>p2 move seismictoss\n>p2 switch 4\n>p1 move airslash\n>p2 move scald\n>p1 switch 6\n>p1 move celebrate zmove\n>p2 switch 6\n>p1 move blueflare\n>p2 move stoneedge\n>p2 switch 6\n>p1 move storedpower\n>p2 move recover\n>p1 move storedpower\n>p2 move recover\n>p1 move storedpower\n>p2 move recover\n>p1 move blueflare\n>p2 move toxic\n>p1 move storedpower\n>p2 move recover\n>p1 move storedpower\n>p2 move recover\n>p1 move storedpower\n>p2 move recover\n>p1 move storedpower\n>p2 move recover\n>chat ☆MimikyuTrainerAsh|deserved\n>chat ☆MimikyuTrainerAsh|suffer\n>forcelose p1", "uploadtime": 1770379936, "views": 216, "formatid": "gen7randombattle", "rating": 1609, "private": 0, "password": null}