{"id": "gen7randombattle-2524447980", "format": "[Gen 7] Random Battle", "players": ["benyak13", "Fishforthelaunch"], "log": "|j|☆benyak13\n|j|☆Fishforthelaunch\n|t:|1769149258\n|gametype|singles\n|player|p1|benyak13|n|1636\n|player|p2|Fishforthelaunch|265|1767\n|gen|7\n|tier|[Gen 7] Random Battle\n|rated|\n|rule|Sleep Clause Mod: Limit one foe put to sleep\n|rule|HP Percentage Mod: HP is shown in percentages\n|rule|Illusion Level Mod: Illusion disguises the Pokémon's true level\n|\n|t:|1769149258\n|teamsize|p1|6\n|teamsize|p2|6\n|start\n|switch|p1a: Magcargo|Magcargo, L96, M|271/271\n|switch|p2a: Durant|Durant, L80, M|224/224\n|turn|1\n|inactive|Battle timer is ON: inactive players will automatically lose when time's up. (requested by benyak13)\n|\n|t:|1769149269\n|move|p2a: Durant|Superpower|p1a: Magcargo|[miss]\n|-miss|p2a: Durant|p1a: Magcargo\n|move|p1a: Magcargo|Toxic|p2a: Durant\n|-immune|p2a: Durant\n|\n|upkeep\n|turn|2\n|\n|t:|1769149278\n|switch|p1a: Sableye|Sableye, L86, M|226/226\n|move|p2a: Durant|Superpower|p1a: Sableye\n|-immune|p1a: Sableye\n|\n|upkeep\n|turn|3\n|\n|t:|1769149285\n|switch|p2a: Hydreigon|Hydreigon, L82, M|285/285\n|move|p1a: Sableye|Will-O-Wisp|p2a: Hydreigon\n|-hint|Since gen 7, Dark is immune to Prankster moves.\n|-immune|p2a: Hydreigon\n|\n|upkeep\n|turn|4\n|\n|t:|1769149295\n|switch|p1a: Regirock|Regirock, L87|281/281\n|move|p2a: Hydreigon|Dark Pulse|p1a: Regirock\n|-damage|p1a: Regirock|197/281\n|\n|-heal|p1a: Regirock|214/281|[from] item: Leftovers\n|upkeep\n|turn|5\n|\n|t:|1769149299\n|move|p2a: Hydreigon|Flash Cannon|p1a: Regirock\n|-supereffective|p1a: Regirock\n|-damage|p1a: Regirock|96/281\n|move|p1a: Regirock|Stealth Rock|p2a: Hydreigon\n|-sidestart|p2: Fishforthelaunch|move: Stealth Rock\n|\n|-heal|p1a: Regirock|113/281|[from] item: Leftovers\n|upkeep\n|turn|6\n|\n|t:|1769149304\n|switch|p1a: Toxapex|Toxapex, L80, M|211/211\n|move|p2a: Hydreigon|Flash Cannon|p1a: Toxapex\n|-resisted|p1a: Toxapex\n|-damage|p1a: Toxapex|188/211\n|\n|-heal|p1a: Toxapex|201/211|[from] item: Black Sludge\n|upkeep\n|turn|7\n|\n|t:|1769149311\n|switch|p2a: Metagross|Metagross, L74|240/240\n|-damage|p2a: Metagross|225/240|[from] Stealth Rock\n|move|p1a: Toxapex|Scald|p2a: Metagross\n|-damage|p2a: Metagross|170/240\n|\n|-heal|p1a: Toxapex|211/211|[from] item: Black Sludge\n|upkeep\n|turn|8\n|\n|t:|1769149316\n|detailschange|p2a: Metagross|Metagross-Mega, L74\n|-mega|p2a: Metagross|Metagross|Metagrossite\n|move|p2a: Metagross|Earthquake|p1a: Toxapex\n|-supereffective|p1a: Toxapex\n|-damage|p1a: Toxapex|105/211\n|move|p1a: Toxapex|Scald|p2a: Metagross\n|-damage|p2a: Metagross|122/240\n|\n|-heal|p1a: Toxapex|118/211|[from] item: Black Sludge\n|upkeep\n|turn|9\n|\n|t:|1769149326\n|move|p2a: Metagross|Meteor Mash|p1a: Toxapex\n|-resisted|p1a: Toxapex\n|-damage|p1a: Toxapex|70/211\n|-boost|p2a: Metagross|atk|1\n|move|p1a: Toxapex|Scald|p2a: Metagross\n|-damage|p2a: Metagross|73/240\n|-status|p2a: Metagross|brn\n|\n|-heal|p1a: Toxapex|83/211|[from] item: Black Sludge\n|-damage|p2a: Metagross|58/240 brn|[from] brn\n|upkeep\n|turn|10\n|\n|t:|1769149338\n|switch|p1a: Regirock|Regirock, L87|113/281\n|move|p2a: Metagross|Hone Claws|p2a: Metagross\n|-boost|p2a: Metagross|atk|1\n|-boost|p2a: Metagross|accuracy|1\n|\n|-heal|p1a: Regirock|130/281|[from] item: Leftovers\n|-damage|p2a: Metagross|43/240 brn|[from] brn\n|upkeep\n|turn|11\n|\n|t:|1769149345\n|move|p2a: Metagross|Meteor Mash|p1a: Regirock\n|-supereffective|p1a: Regirock\n|-damage|p1a: Regirock|9/281\n|move|p1a: Regirock|Drain Punch|p2a: Metagross\n|-damage|p2a: Metagross|0 fnt\n|-heal|p1a: Regirock|31/281|[from] drain|[of] p2a: Metagross\n|faint|p2a: Metagross\n|detailschange|p2: Metagross|Metagross, L74|[silent]\n|\n|-heal|p1a: Regirock|48/281|[from] item: Leftovers\n|upkeep\n|\n|t:|1769149349\n|switch|p2a: Cresselia|Cresselia, L82, F|331/331\n|-damage|p2a: Cresselia|290/331|[from] Stealth Rock\n|turn|12\n|\n|t:|1769149354\n|move|p2a: Cresselia|Psychic|p1a: Regirock\n|-damage|p1a: Regirock|0 fnt\n|faint|p1a: Regirock\n|\n|upkeep\n|\n|t:|1769149358\n|switch|p1a: Sableye|Sableye, L86, M|226/226\n|turn|13\n|\n|t:|1769149363\n|detailschange|p1a: Sableye|Sableye-Mega, L86, M\n|-mega|p1a: Sableye|Sableye|Sablenite\n|move|p2a: Cresselia|Moonblast|p1a: Sableye\n|-supereffective|p1a: Sableye\n|-damage|p1a: Sableye|146/226\n|move|p1a: Sableye|Calm Mind|p1a: Sableye\n|-boost|p1a: Sableye|spa|1\n|-boost|p1a: Sableye|spd|1\n|\n|upkeep\n|turn|14\n|\n|t:|1769149368\n|switch|p2a: Beartic|Beartic, L92, F|324/324\n|-damage|p2a: Beartic|243/324|[from] Stealth Rock\n|move|p1a: Sableye|Calm Mind|p1a: Sableye\n|-boost|p1a: Sableye|spa|1\n|-boost|p1a: Sableye|spd|1\n|\n|upkeep\n|turn|15\n|\n|t:|1769149370\n|move|p2a: Beartic|Icicle Crash|p1a: Sableye\n|-damage|p1a: Sableye|16/226\n|-damage|p2a: Beartic|211/324|[from] item: Life Orb\n|move|p1a: Sableye|Will-O-Wisp|p2a: Beartic\n|-status|p2a: Beartic|brn\n|\n|-damage|p2a: Beartic|191/324 brn|[from] brn\n|upkeep\n|turn|16\n|\n|t:|1769149377\n|move|p2a: Beartic|Icicle Crash|p1a: Sableye\n|-damage|p1a: Sableye|0 fnt\n|faint|p1a: Sableye\n|detailschange|p1: Sableye|Sableye, L86, M|[silent]\n|-damage|p2a: Beartic|159/324 brn|[from] item: Life Orb\n|\n|-damage|p2a: Beartic|139/324 brn|[from] brn\n|upkeep\n|\n|t:|1769149386\n|switch|p1a: Toxapex|Toxapex, L80, M|153/211\n|turn|17\n|\n|t:|1769149392\n|move|p2a: Beartic|Swords Dance|p2a: Beartic\n|-boost|p2a: Beartic|atk|2\n|move|p1a: Toxapex|Recover|p1a: Toxapex\n|-heal|p1a: Toxapex|211/211\n|\n|-damage|p2a: Beartic|119/324 brn|[from] brn\n|upkeep\n|turn|18\n|\n|t:|1769149395\n|move|p1a: Toxapex|Baneful Bunker|p1a: Toxapex\n|-singleturn|p1a: Toxapex|move: Protect\n|move|p2a: Beartic|Swords Dance|p2a: Beartic\n|-boost|p2a: Beartic|atk|2\n|\n|-damage|p2a: Beartic|99/324 brn|[from] brn\n|upkeep\n|turn|19\n|-message|benyak13 forfeited.\n|\n|win|Fishforthelaunch\n|raw|benyak13's rating: 1636 &rarr; <strong>1623</strong><br />(-13 for losing)\n|raw|Fishforthelaunch's rating: 1767 &rarr; <strong>1780</strong><br />(+13 for winning)\n|l|☆benyak13\n|player|p1|\n", "inputlog": ">version dd3d52b8382d73d1dd2c67730c4067df325ab790\n>start {\"formatid\":\"gen7randombattle\",\"seed\":\"sodium,a1ea59cf48e18ea3984a073670aa618f\",\"rated\":\"Rated battle\"}\n>player p1 {\"name\":\"benyak13\",\"avatar\":\"n\",\"rating\":1636,\"seed\":\"sodium,d903ed2b7f70dc58e53d6705d9a69480\"}\n>player p2 {\"name\":\"Fishforthelaunch\",\"avatar\":\"265\",\"rating\":1767,\"seed\":\"sodium,82c06ea21634287d67808264c257f90a\"}\n>p1 move toxic\n>p2 move superpower\n>p1 switch 3\n>p2 move superpower\n>p1 move willowisp\n>p2 switch 4\n>p1 switch 4\n>p2 move darkpulse\n>p1 move stealthrock\n>p2 move flashcannon\n>p1 switch 6\n>p2 move flashcannon\n>p1 move scald\n>p2 switch 6\n>p1 move scald\n>p2 move earthquake mega\n>p1 move scald\n>p2 move meteormash\n>p1 switch 6\n>p2 move honeclaws\n>p1 move drainpunch\n>p2 move meteormash\n>p2 switch 2\n>p1 move stoneedge\n>p2 move psychic\n>p1 switch 4\n>p1 move calmmind mega\n>p2 move moonblast\n>p1 move calmmind\n>p2 switch 5\n>p1 move willowisp\n>p2 move iciclecrash\n>p1 move recover\n>p2 move iciclecrash\n>p1 switch 6\n>p1 move recover\n>p2 move swordsdance\n>p1 move banefulbunker\n>p2 move swordsdance\n>forcelose p1", "uploadtime": 1769149448, "views": 179, "formatid": "gen7randombattle", "rating": 1623, "private": 0, "password": null}