{"id": "gen7randombattle-2526769140", "format": "[Gen 7] Random Battle", "players": ["Skellidude", "BigWes95"], "log": "|j|☆Skellidude\n|j|☆BigWes95\n|t:|1769455785\n|gametype|singles\n|player|p1|Skellidude|cynthia-gen4|1617\n|player|p2|BigWes95|#rbtt9hoopers2|1885\n|gen|7\n|tier|[Gen 7] Random Battle\n|rated|\n|rule|Sleep Clause Mod: Limit one foe put to sleep\n|rule|HP Percentage Mod: HP is shown in percentages\n|rule|Illusion Level Mod: Illusion disguises the Pokémon's true level\n|\n|t:|1769455785\n|teamsize|p1|6\n|teamsize|p2|6\n|start\n|switch|p1a: Gurdurr|Gurdurr, L87, F|290/290\n|switch|p2a: Magearna|Magearna, L77|250/250\n|turn|1\n|inactive|Battle timer is ON: inactive players will automatically lose when time's up. (requested by BigWes95)\n|\n|t:|1769455807\n|switch|p1a: Kecleon|Kecleon, L90, M|254/254\n|move|p2a: Magearna|Volt Switch|p1a: Kecleon\n|-damage|p1a: Kecleon|217/254\n|\n|t:|1769455814\n|switch|p2a: Chesnaught|Chesnaught, L89, M|301/301|[from] Volt Switch\n|\n|-heal|p1a: Kecleon|232/254|[from] item: Leftovers\n|upkeep\n|turn|2\n|\n|t:|1769455823\n|switch|p1a: Ninjask|Ninjask, L88, M|251/251\n|move|p2a: Chesnaught|Spikes|p1a: Ninjask\n|-sidestart|p1: Skellidude|Spikes\n|\n|upkeep\n|turn|3\n|\n|t:|1769455834\n|switch|p2a: Magearna|Magearna, L77|250/250\n|move|p1a: Ninjask|Swords Dance|p1a: Ninjask\n|-boost|p1a: Ninjask|atk|2\n|\n|upkeep\n|turn|4\n|\n|t:|1769455837\n|switch|p2a: Fearow|Fearow, L88, M|258/258\n|-zpower|p1a: Ninjask\n|move|p1a: Ninjask|Tectonic Rage|p2a: Fearow|[zeffect]\n|-immune|p2a: Fearow\n|\n|upkeep\n|turn|5\n|\n|t:|1769455842\n|move|p1a: Ninjask|Aerial Ace|p2a: Fearow\n|-damage|p2a: Fearow|114/258\n|move|p2a: Fearow|Drill Peck|p1a: Ninjask\n|-supereffective|p1a: Ninjask\n|-damage|p1a: Ninjask|0 fnt\n|faint|p1a: Ninjask\n|\n|upkeep\n|c|☆Skellidude|good play\n|\n|t:|1769455861\n|switch|p1a: Azumarill|Azumarill, L81, F|295/295\n|-damage|p1a: Azumarill|259/295|[from] Spikes\n|turn|6\n|\n|t:|1769455869\n|move|p2a: Fearow|Return|p1a: Azumarill\n|-damage|p1a: Azumarill|139/295\n|move|p1a: Azumarill|Liquidation|p2a: Fearow\n|-damage|p2a: Fearow|0 fnt\n|faint|p2a: Fearow\n|\n|upkeep\n|c|☆BigWes95|ty\n|\n|t:|1769455879\n|switch|p2a: Chesnaught|Chesnaught, L89, M|301/301\n|turn|7\n|\n|t:|1769455885\n|switch|p1a: Landorus|Landorus, L77, M|264/264\n|move|p2a: Chesnaught|Spikes|p1a: Landorus\n|-sidestart|p1: Skellidude|Spikes\n|\n|upkeep\n|turn|8\n|\n|t:|1769455897\n|switch|p2a: Drapion|Drapion, L83, F|252/252\n|move|p1a: Landorus|Calm Mind|p1a: Landorus\n|-boost|p1a: Landorus|spa|1\n|-boost|p1a: Landorus|spd|1\n|\n|upkeep\n|turn|9\n|\n|t:|1769455911\n|move|p2a: Drapion|Knock Off|p1a: Landorus\n|-damage|p1a: Landorus|153/264\n|-enditem|p1a: Landorus|Life Orb|[from] move: Knock Off|[of] p2a: Drapion\n|move|p1a: Landorus|Earth Power|p2a: Drapion\n|-supereffective|p2a: Drapion\n|-damage|p2a: Drapion|0 fnt\n|faint|p2a: Drapion\n|\n|upkeep\n|\n|t:|1769455919\n|switch|p2a: Marshadow|Marshadow, L69|239/239\n|turn|10\n|\n|t:|1769455932\n|switch|p1a: Gurdurr|Gurdurr, L87, F|290/290\n|-damage|p1a: Gurdurr|242/290|[from] Spikes\n|move|p2a: Marshadow|Spectral Thief|p1a: Gurdurr\n|-damage|p1a: Gurdurr|161/290\n|\n|upkeep\n|turn|11\n|\n|t:|1769455939\n|switch|p2a: Magearna|Magearna, L77|250/250\n|move|p1a: Gurdurr|Knock Off|p2a: Magearna\n|-resisted|p2a: Magearna\n|-damage|p2a: Magearna|214/250\n|-enditem|p2a: Magearna|Leftovers|[from] move: Knock Off|[of] p1a: Gurdurr\n|\n|upkeep\n|turn|12\n|\n|t:|1769455958\n|move|p2a: Magearna|Fleur Cannon|p1a: Gurdurr|[miss]\n|-miss|p2a: Magearna|p1a: Gurdurr\n|move|p1a: Gurdurr|Knock Off|p2a: Magearna\n|-resisted|p2a: Magearna\n|-damage|p2a: Magearna|191/250\n|\n|upkeep\n|turn|13\n|\n|t:|1769455965\n|switch|p1a: Azumarill|Azumarill, L81, F|139/295\n|-damage|p1a: Azumarill|90/295|[from] Spikes\n|move|p2a: Magearna|Fleur Cannon|p1a: Azumarill\n|-damage|p1a: Azumarill|0 fnt\n|-unboost|p2a: Magearna|spa|2\n|faint|p1a: Azumarill\n|-ability|p2a: Magearna|Soul-Heart|boost\n|-boost|p2a: Magearna|spa|1\n|\n|upkeep\n|\n|t:|1769455971\n|switch|p1a: Landorus|Landorus, L77, M|153/264\n|turn|14\n|\n|t:|1769455980\n|switch|p2a: Marshadow|Marshadow, L69|239/239\n|move|p1a: Landorus|Calm Mind|p1a: Landorus\n|-boost|p1a: Landorus|spa|1\n|-boost|p1a: Landorus|spd|1\n|\n|upkeep\n|turn|15\n|\n|t:|1769455985\n|move|p2a: Marshadow|Spectral Thief||[still]\n|-clearpositiveboost|p1a: Landorus|p2a: Marshadow|move: Spectral Thief\n|-boost|p2a: Marshadow|spa|1\n|-boost|p2a: Marshadow|spd|1\n|-anim|p2a: Marshadow|Spectral Thief|p1a: Landorus\n|-damage|p1a: Landorus|18/264\n|move|p1a: Landorus|Earth Power|p2a: Marshadow\n|-damage|p2a: Marshadow|148/239\n|\n|upkeep\n|turn|16\n|\n|t:|1769455995\n|move|p2a: Marshadow|Spectral Thief|p1a: Landorus\n|-damage|p1a: Landorus|0 fnt\n|faint|p1a: Landorus\n|\n|upkeep\n|\n|t:|1769456001\n|switch|p1a: Gurdurr|Gurdurr, L87, F|161/290\n|-damage|p1a: Gurdurr|113/290|[from] Spikes\n|turn|17\n|\n|t:|1769456010\n|switch|p2a: Magearna|Magearna, L77|191/250\n|move|p1a: Gurdurr|Knock Off|p2a: Magearna\n|-resisted|p2a: Magearna\n|-damage|p2a: Magearna|168/250\n|\n|upkeep\n|turn|18\n|\n|t:|1769456014\n|move|p2a: Magearna|Fleur Cannon|p1a: Gurdurr\n|-supereffective|p1a: Gurdurr\n|-damage|p1a: Gurdurr|0 fnt\n|-unboost|p2a: Magearna|spa|2\n|faint|p1a: Gurdurr\n|-ability|p2a: Magearna|Soul-Heart|boost\n|-boost|p2a: Magearna|spa|1\n|\n|upkeep\n|\n|t:|1769456016\n|switch|p1a: Arceus|Arceus-Fairy, L72|292/292\n|-damage|p1a: Arceus|244/292|[from] Spikes\n|turn|19\n|\n|t:|1769456025\n|move|p1a: Arceus|Calm Mind|p1a: Arceus\n|-boost|p1a: Arceus|spa|1\n|-boost|p1a: Arceus|spd|1\n|move|p2a: Magearna|Volt Switch|p1a: Arceus\n|-damage|p1a: Arceus|222/292\n|\n|t:|1769456041\n|switch|p2a: Absol|Absol, L82, M|241/241|[from] Volt Switch\n|\n|upkeep\n|turn|20\n|\n|t:|1769456068\n|detailschange|p2a: Absol|Absol-Mega, L82, M\n|-mega|p2a: Absol|Absol|Absolite\n|move|p2a: Absol|Play Rough|p1a: Arceus\n|-damage|p1a: Arceus|149/292\n|move|p1a: Arceus|Judgment|p2a: Absol\n|-supereffective|p2a: Absol\n|-damage|p2a: Absol|0 fnt\n|faint|p2a: Absol\n|detailschange|p2: Absol|Absol, L82, M|[silent]\n|\n|upkeep\n|inactive|BigWes95 has 120 seconds left.\n|\n|t:|1769456090\n|switch|p2a: Magearna|Magearna, L77|168/250\n|turn|21\n|\n|t:|1769456093\n|move|p1a: Arceus|Recover|p1a: Arceus\n|-heal|p1a: Arceus|292/292\n|move|p2a: Magearna|Pain Split|p1a: Arceus\n|-sethp|p1a: Arceus|230/292|[from] move: Pain Split|[silent]\n|-sethp|p2a: Magearna|230/250|[from] move: Pain Split\n|\n|upkeep\n|turn|22\n|\n|t:|1769456100\n|move|p1a: Arceus|Calm Mind|p1a: Arceus\n|-boost|p1a: Arceus|spa|1\n|-boost|p1a: Arceus|spd|1\n|move|p2a: Magearna|Fleur Cannon|p1a: Arceus\n|-damage|p1a: Arceus|163/292\n|-unboost|p2a: Magearna|spa|2\n|\n|upkeep\n|turn|23\n|\n|t:|1769456108\n|move|p1a: Arceus|Calm Mind|p1a: Arceus\n|-boost|p1a: Arceus|spa|1\n|-boost|p1a: Arceus|spd|1\n|move|p2a: Magearna|Fleur Cannon|p1a: Arceus\n|-damage|p1a: Arceus|136/292\n|-unboost|p2a: Magearna|spa|2\n|\n|upkeep\n|turn|24\n|\n|t:|1769456117\n|move|p1a: Arceus|Recover|p1a: Arceus\n|-heal|p1a: Arceus|282/292\n|move|p2a: Magearna|Fleur Cannon|p1a: Arceus\n|-damage|p1a: Arceus|263/292\n|-unboost|p2a: Magearna|spa|2\n|\n|upkeep\n|turn|25\n|\n|t:|1769456124\n|move|p1a: Arceus|Earth Power|p2a: Magearna\n|-supereffective|p2a: Magearna\n|-damage|p2a: Magearna|0 fnt\n|faint|p2a: Magearna\n|\n|upkeep\n|-message|BigWes95 forfeited.\n|\n|win|Skellidude\n|raw|Skellidude's rating: 1617 &rarr; <strong>1650</strong><br />(+33 for winning)\n|raw|BigWes95's rating: 1885 &rarr; <strong>1852</strong><br />(-33 for losing)\n|l|☆BigWes95\n|player|p2|\n", "inputlog": ">version b99ff0165a6231f17e8b78c2a78d1998375de664\n>start {\"formatid\":\"gen7randombattle\",\"seed\":\"sodium,445113315a9b7ad67db31285f3669ff0\",\"rated\":\"Rated battle\"}\n>player p1 {\"name\":\"Skellidude\",\"avatar\":\"cynthia-gen4\",\"rating\":1617,\"seed\":\"sodium,2ebc14246cec91cd71cbabf2d3c5e3ee\"}\n>player p2 {\"name\":\"BigWes95\",\"avatar\":\"#rbtt9hoopers2\",\"rating\":1885,\"seed\":\"sodium,4283cfb71140e4ea0462cc72a5b81eb6\"}\n>p1 switch 2\n>p2 move voltswitch\n>p2 switch 5\n>p1 switch 4\n>p2 move spikes\n>p1 move swordsdance\n>p2 switch 5\n>p1 move dig zmove\n>p2 switch 2\n>p1 move aerialace\n>p2 move drillpeck\n>chat ☆Skellidude|good play\n>p1 switch 5\n>p1 move liquidation\n>p2 move return\n>chat ☆BigWes95|ty\n>p2 switch 5\n>p1 switch 3\n>p2 move spikes\n>p1 move calmmind\n>p2 switch 3\n>p1 move earthpower\n>p2 move knockoff\n>p2 switch 6\n>p1 switch 2\n>p2 move spectralthief\n>p1 move knockoff\n>p2 switch 2\n>p1 move knockoff\n>p2 move fleurcannon\n>p1 switch 3\n>p2 move fleurcannon\n>p1 switch 2\n>p1 move calmmind\n>p2 switch 2\n>p1 move earthpower\n>p2 move spectralthief\n>p1 move earthpower\n>p2 move spectralthief\n>p1 switch 3\n>p1 move knockoff\n>p2 switch 2\n>p1 move drainpunch\n>p2 move fleurcannon\n>p1 switch 6\n>p1 move calmmind\n>p2 move voltswitch\n>p2 switch 4\n>p1 move judgment\n>p2 move playrough mega\n>p2 switch 4\n>p1 move recover\n>p2 move painsplit\n>p1 move calmmind\n>p2 move fleurcannon\n>p1 move calmmind\n>p2 move fleurcannon\n>p1 move recover\n>p2 move fleurcannon\n>p1 move earthpower\n>p2 move fleurcannon\n>forcelose p2", "uploadtime": 1769456142, "views": 195, "formatid": "gen7randombattle", "rating": 1650, "private": 0, "password": null}