{"id": "gen7randombattle-2527396680", "format": "[Gen 7] Random Battle", "players": ["mandypuff", "yerryyyyyy"], "log": "|j|☆mandypuff\n|j|☆yerryyyyyy\n|t:|1769534601\n|gametype|singles\n|player|p1|mandypuff|nurse|1519\n|player|p2|yerryyyyyy|ghetsis-gen5bw|1595\n|gen|7\n|tier|[Gen 7] Random Battle\n|rated|\n|rule|Sleep Clause Mod: Limit one foe put to sleep\n|rule|HP Percentage Mod: HP is shown in percentages\n|rule|Illusion Level Mod: Illusion disguises the Pokémon's true level\n|\n|t:|1769534601\n|teamsize|p1|6\n|teamsize|p2|6\n|start\n|switch|p1a: Carnivine|Carnivine, F|310/310\n|switch|p2a: Dhelmise|Dhelmise, L91|275/275\n|turn|1\n|inactive|Battle timer is ON: inactive players will automatically lose when time's up. (requested by mandypuff)\n|\n|t:|1769534617\n|switch|p2a: Illumise|Illumise, L92, F|269/269\n|move|p1a: Carnivine|Swords Dance|p1a: Carnivine\n|-boost|p1a: Carnivine|atk|2\n|\n|upkeep\n|turn|2\n|\n|t:|1769534637\n|switch|p1a: Krookodile|Krookodile, L79, F|280/280\n|-ability|p1a: Krookodile|Intimidate|boost\n|-unboost|p2a: Illumise|atk|1\n|move|p2a: Illumise|Bug Buzz|p1a: Krookodile\n|-supereffective|p1a: Krookodile\n|-damage|p1a: Krookodile|32/280\n|\n|upkeep\n|turn|3\n|\n|t:|1769534644\n|move|p2a: Illumise|Bug Buzz|p1a: Krookodile\n|-supereffective|p1a: Krookodile\n|-damage|p1a: Krookodile|0 fnt\n|faint|p1a: Krookodile\n|\n|upkeep\n|\n|t:|1769534661\n|switch|p1a: Komala|Komala, L88, M|258/258\n|-ability|p1a: Komala|Comatose\n|turn|4\n|\n|t:|1769534669\n|switch|p2a: Dhelmise|Dhelmise, L91|275/275\n|move|p1a: Komala|Return|p2a: Dhelmise\n|-immune|p2a: Dhelmise\n|\n|upkeep\n|turn|5\n|\n|t:|1769534673\n|switch|p1a: Carnivine|Carnivine, F|310/310\n|move|p2a: Dhelmise|Knock Off|p1a: Carnivine\n|-damage|p1a: Carnivine|180/310\n|-enditem|p1a: Carnivine|Leftovers|[from] move: Knock Off|[of] p2a: Dhelmise\n|-damage|p2a: Dhelmise|248/275|[from] item: Life Orb\n|\n|upkeep\n|turn|6\n|\n|t:|1769534692\n|move|p1a: Carnivine|Knock Off|p2a: Dhelmise\n|-supereffective|p2a: Dhelmise\n|-damage|p2a: Dhelmise|86/275\n|-enditem|p2a: Dhelmise|Life Orb|[from] move: Knock Off|[of] p1a: Carnivine\n|move|p2a: Dhelmise|Anchor Shot|p1a: Carnivine\n|-damage|p1a: Carnivine|49/310\n|-activate|p1a: Carnivine|trapped\n|\n|upkeep\n|turn|7\n|\n|t:|1769534698\n|move|p1a: Carnivine|Synthesis|p1a: Carnivine\n|-heal|p1a: Carnivine|204/310\n|move|p2a: Dhelmise|Synthesis|p2a: Dhelmise\n|-heal|p2a: Dhelmise|223/275\n|\n|upkeep\n|turn|8\n|\n|t:|1769534704\n|move|p1a: Carnivine|Swords Dance|p1a: Carnivine\n|-boost|p1a: Carnivine|atk|2\n|move|p2a: Dhelmise|Anchor Shot|p1a: Carnivine\n|-damage|p1a: Carnivine|82/310\n|\n|upkeep\n|turn|9\n|\n|t:|1769534710\n|move|p1a: Carnivine|Synthesis|p1a: Carnivine\n|-heal|p1a: Carnivine|237/310\n|move|p2a: Dhelmise|Anchor Shot|p1a: Carnivine\n|-damage|p1a: Carnivine|122/310\n|\n|upkeep\n|turn|10\n|\n|t:|1769534715\n|switch|p2a: Illumise|Illumise, L92, F|269/269\n|move|p1a: Carnivine|Synthesis|p1a: Carnivine\n|-heal|p1a: Carnivine|277/310\n|\n|upkeep\n|turn|11\n|\n|t:|1769534723\n|move|p2a: Illumise|Bug Buzz|p1a: Carnivine\n|-supereffective|p1a: Carnivine\n|-damage|p1a: Carnivine|91/310\n|move|p1a: Carnivine|Knock Off|p2a: Illumise\n|-damage|p2a: Illumise|63/269\n|-enditem|p2a: Illumise|Leftovers|[from] move: Knock Off|[of] p1a: Carnivine\n|\n|upkeep\n|turn|12\n|\n|t:|1769534726\n|move|p2a: Illumise|Bug Buzz|p1a: Carnivine\n|-supereffective|p1a: Carnivine\n|-damage|p1a: Carnivine|0 fnt\n|faint|p1a: Carnivine\n|\n|upkeep\n|\n|t:|1769534730\n|switch|p1a: Zeraora|Zeraora, L77|262/262\n|turn|13\n|\n|t:|1769534734\n|move|p2a: Illumise|Roost|p2a: Illumise\n|-heal|p2a: Illumise|198/269\n|-singleturn|p2a: Illumise|move: Roost\n|move|p1a: Zeraora|Plasma Fists|p2a: Illumise\n|-damage|p2a: Illumise|68/269\n|-fieldactivate|move: Ion Deluge\n|-hint|Normal-type moves become Electric-type after using Plasma Fists.\n|-damage|p1a: Zeraora|236/262|[from] item: Life Orb\n|\n|upkeep\n|turn|14\n|\n|t:|1769534740\n|move|p2a: Illumise|Roost|p2a: Illumise\n|-heal|p2a: Illumise|203/269\n|-singleturn|p2a: Illumise|move: Roost\n|move|p1a: Zeraora|Plasma Fists|p2a: Illumise\n|-damage|p2a: Illumise|59/269\n|-fieldactivate|move: Ion Deluge\n|-hint|Normal-type moves become Electric-type after using Plasma Fists.\n|-damage|p1a: Zeraora|210/262|[from] item: Life Orb\n|\n|upkeep\n|turn|15\n|\n|t:|1769534746\n|switch|p2a: Dhelmise|Dhelmise, L91|223/275\n|move|p1a: Zeraora|Bulk Up|p1a: Zeraora\n|-boost|p1a: Zeraora|atk|1\n|-boost|p1a: Zeraora|def|1\n|\n|upkeep\n|turn|16\n|\n|t:|1769534750\n|move|p1a: Zeraora|Knock Off|p2a: Dhelmise\n|-supereffective|p2a: Dhelmise\n|-damage|p2a: Dhelmise|93/275\n|-damage|p1a: Zeraora|184/262|[from] item: Life Orb\n|move|p2a: Dhelmise|Anchor Shot|p1a: Zeraora\n|-resisted|p1a: Zeraora\n|-damage|p1a: Zeraora|134/262\n|-activate|p1a: Zeraora|trapped\n|\n|upkeep\n|turn|17\n|\n|t:|1769534754\n|move|p1a: Zeraora|Knock Off|p2a: Dhelmise\n|-supereffective|p2a: Dhelmise\n|-damage|p2a: Dhelmise|0 fnt\n|faint|p2a: Dhelmise\n|-damage|p1a: Zeraora|108/262|[from] item: Life Orb\n|\n|upkeep\n|\n|t:|1769534758\n|switch|p2a: Gumshoos|Gumshoos, L94, F|318/318\n|turn|18\n|\n|t:|1769534762\n|move|p1a: Zeraora|Close Combat|p2a: Gumshoos\n|-supereffective|p2a: Gumshoos\n|-damage|p2a: Gumshoos|0 fnt\n|-unboost|p1a: Zeraora|def|1\n|-unboost|p1a: Zeraora|spd|1\n|faint|p2a: Gumshoos\n|-damage|p1a: Zeraora|82/262|[from] item: Life Orb\n|\n|upkeep\n|\n|t:|1769534769\n|switch|p2a: Seaking|Seaking, L95, M|306/306\n|turn|19\n|\n|t:|1769534772\n|move|p1a: Zeraora|Plasma Fists|p2a: Seaking\n|-ability|p2a: Seaking|Lightning Rod|boost\n|-boost|p2a: Seaking|spa|1\n|move|p2a: Seaking|Waterfall|p1a: Zeraora\n|-crit|p1a: Zeraora\n|-damage|p1a: Zeraora|0 fnt\n|faint|p1a: Zeraora\n|\n|upkeep\n|\n|t:|1769534781\n|switch|p1a: Komala|Komala, L88, M|258/258\n|-ability|p1a: Komala|Comatose\n|turn|20\n|\n|t:|1769534784\n|move|p2a: Seaking|Waterfall|p1a: Komala\n|-damage|p1a: Komala|60/258\n|move|p1a: Komala|Return|p2a: Seaking\n|-damage|p2a: Seaking|65/306\n|\n|upkeep\n|turn|21\n|\n|t:|1769534790\n|move|p2a: Seaking|Waterfall|p1a: Komala\n|-damage|p1a: Komala|0 fnt\n|faint|p1a: Komala\n|\n|upkeep\n|\n|t:|1769534792\n|switch|p1a: Vanilluxe|Vanilluxe, L86, M|262/262\n|-weather|Hail|[from] ability: Snow Warning|[of] p1a: Vanilluxe\n|turn|22\n|\n|t:|1769534796\n|move|p1a: Vanilluxe|Freeze-Dry|p2a: Seaking\n|-supereffective|p2a: Seaking\n|-damage|p2a: Seaking|0 fnt\n|faint|p2a: Seaking\n|\n|-weather|Hail|[upkeep]\n|upkeep\n|\n|t:|1769534801\n|switch|p2a: Salazzle|Salazzle, L84, F|251/251\n|turn|23\n|\n|t:|1769534805\n|move|p2a: Salazzle|Fire Blast|p1a: Vanilluxe\n|-supereffective|p1a: Vanilluxe\n|-damage|p1a: Vanilluxe|110/262\n|move|p1a: Vanilluxe|Hidden Power|p2a: Salazzle\n|-supereffective|p2a: Salazzle\n|-damage|p2a: Salazzle|0 fnt\n|faint|p2a: Salazzle\n|\n|-weather|Hail|[upkeep]\n|upkeep\n|\n|t:|1769534813\n|switch|p2a: Crawdaunt|Crawdaunt, L85, M|246/246\n|turn|24\n|\n|t:|1769534817\n|move|p1a: Vanilluxe|Freeze-Dry|p2a: Crawdaunt\n|-supereffective|p2a: Crawdaunt\n|-damage|p2a: Crawdaunt|12/246\n|-status|p2a: Crawdaunt|frz\n|cant|p2a: Crawdaunt|frz\n|\n|-weather|Hail|[upkeep]\n|-damage|p2a: Crawdaunt|0 fnt|[from] Hail\n|faint|p2a: Crawdaunt\n|upkeep\n|\n|t:|1769534821\n|switch|p2a: Illumise|Illumise, L92, F|59/269\n|turn|25\n|\n|t:|1769534825\n|move|p2a: Illumise|Bug Buzz|p1a: Vanilluxe\n|-damage|p1a: Vanilluxe|49/262\n|move|p1a: Vanilluxe|Blizzard|p2a: Illumise\n|-damage|p2a: Illumise|0 fnt\n|faint|p2a: Illumise\n|\n|win|mandypuff\n|raw|mandypuff's rating: 1519 &rarr; <strong>1543</strong><br />(+24 for winning)\n|raw|yerryyyyyy's rating: 1595 &rarr; <strong>1571</strong><br />(-24 for losing)\n|l|☆yerryyyyyy\n|player|p2|\n", "inputlog": ">version b99ff0165a6231f17e8b78c2a78d1998375de664\n>start {\"formatid\":\"gen7randombattle\",\"seed\":\"sodium,9f124565c84508f7fe6f71aa748e1a89\",\"rated\":\"Rated battle\"}\n>player p1 {\"name\":\"mandypuff\",\"avatar\":\"nurse\",\"rating\":1519,\"seed\":\"sodium,b8e256c0b64075ead14abc445584b67c\"}\n>player p2 {\"name\":\"yerryyyyyy\",\"avatar\":\"ghetsis-gen5bw\",\"rating\":1595,\"seed\":\"sodium,7e157e293ab7c8d587c1ecd17aeb3fde\"}\n>p1 move swordsdance\n>p2 switch 3\n>p1 switch 3\n>p2 move bugbuzz\n>p1 move stoneedge\n>p2 move bugbuzz\n>p1 switch 2\n>p1 move return\n>p2 switch 3\n>p1 switch 3\n>p2 move knockoff\n>p1 move knockoff\n>p2 move anchorshot\n>p1 move synthesis\n>p2 move synthesis\n>p1 move swordsdance\n>p2 move anchorshot\n>p1 move synthesis\n>p2 move anchorshot\n>p1 move synthesis\n>p2 switch 3\n>p1 move knockoff\n>p2 move bugbuzz\n>p1 move knockoff\n>p2 move bugbuzz\n>p1 switch 4\n>p1 move plasmafists\n>p2 move roost\n>p1 move plasmafists\n>p2 move roost\n>p1 move bulkup\n>p2 switch 3\n>p1 move knockoff\n>p2 move anchorshot\n>p1 move knockoff\n>p2 move powerwhip\n>p2 switch 4\n>p1 move closecombat\n>p2 move return\n>p2 switch 6\n>p1 move plasmafists\n>p2 move waterfall\n>p1 switch 3\n>p1 move return\n>p2 move waterfall\n>p1 move return\n>p2 move waterfall\n>p1 switch 6\n>p1 move freezedry\n>p2 move waterfall\n>p2 switch 2\n>p1 move hiddenpower\n>p2 move fireblast\n>p2 switch 5\n>p1 move freezedry\n>p2 move dragondance\n>p2 switch 3\n>p1 move blizzard\n>p2 move bugbuzz", "uploadtime": 1769534847, "views": 187, "formatid": "gen7randombattle", "rating": 1543, "private": 0, "password": null}