{"id": "gen7randombattle-2536627964", "format": "[Gen 7] Random Battle", "players": ["bin2409", "Trefleuh"], "log": "|j|☆bin2409\n|j|☆Trefleuh\n|t:|1770717248\n|gametype|singles\n|player|p1|bin2409|lucas|1865\n|player|p2|Trefleuh|#rbtt8teamhoopa2|1778\n|gen|7\n|tier|[Gen 7] Random Battle\n|rated|\n|rule|Sleep Clause Mod: Limit one foe put to sleep\n|rule|HP Percentage Mod: HP is shown in percentages\n|rule|Illusion Level Mod: Illusion disguises the Pokémon's true level\n|\n|t:|1770717248\n|teamsize|p1|6\n|teamsize|p2|6\n|start\n|switch|p1a: Tauros|Tauros, L84, M|263/263\n|switch|p2a: Unown|Unown-X|258/258\n|-ability|p1a: Tauros|Intimidate|boost\n|-unboost|p2a: Unown|atk|1\n|turn|1\n|c|☆bin2409|Hi ya :>\n|c|☆Trefleuh|h\n|c|☆Trefleuh|Hey c:\n|\n|t:|1770717324\n|move|p1a: Tauros|Stone Edge|p2a: Unown\n|-damage|p2a: Unown|128/258\n|move|p2a: Unown|Hidden Power|p1a: Tauros\n|-supereffective|p1a: Tauros\n|-damage|p1a: Tauros|81/263\n|\n|upkeep\n|turn|2\n|\n|t:|1770717345\n|switch|p2a: Cradily|Cradily, L89, F|298/298\n|move|p1a: Tauros|Stone Edge|p2a: Cradily\n|-crit|p2a: Cradily\n|-damage|p2a: Cradily|146/298\n|\n|-heal|p2a: Cradily|164/298|[from] item: Leftovers\n|upkeep\n|turn|3\n|\n|t:|1770717361\n|switch|p1a: Gallade|Gallade, L84, M|251/251\n|move|p2a: Cradily|Stealth Rock|p1a: Gallade\n|-sidestart|p1: bin2409|move: Stealth Rock\n|\n|-heal|p2a: Cradily|182/298|[from] item: Leftovers\n|upkeep\n|turn|4\n|\n|t:|1770717373\n|switch|p2a: Mimikyu|Mimikyu, L73, M|201/201\n|move|p1a: Gallade|Knock Off|p2a: Mimikyu\n|-activate|p2a: Mimikyu|ability: Disguise\n|-damage|p2a: Mimikyu|201/201\n|detailschange|p2a: Mimikyu|Mimikyu-Busted, L73, M\n|\n|upkeep\n|turn|5\n|\n|t:|1770717393\n|switch|p1a: Ursaring|Ursaring, L85, M|292/292\n|-damage|p1a: Ursaring|256/292|[from] Stealth Rock\n|move|p2a: Mimikyu|Play Rough|p1a: Ursaring\n|-crit|p1a: Ursaring\n|-damage|p1a: Ursaring|138/292\n|\n|-status|p1a: Ursaring|tox|[from] item: Toxic Orb\n|upkeep\n|turn|6\n|\n|t:|1770717409\n|move|p1a: Ursaring|Crunch|p2a: Mimikyu\n|-damage|p2a: Mimikyu|110/201\n|move|p2a: Mimikyu|Play Rough|p1a: Ursaring\n|-damage|p1a: Ursaring|59/292 tox\n|\n|-damage|p1a: Ursaring|41/292 tox|[from] psn\n|upkeep\n|turn|7\n|\n|t:|1770717418\n|switch|p2a: Poliwrath|Poliwrath, L91, M|312/312\n|move|p1a: Ursaring|Crunch|p2a: Poliwrath\n|-resisted|p2a: Poliwrath\n|-damage|p2a: Poliwrath|282/312\n|-unboost|p2a: Poliwrath|def|1\n|\n|-heal|p2a: Poliwrath|301/312|[from] item: Leftovers\n|-damage|p1a: Ursaring|5/292 tox|[from] psn\n|upkeep\n|turn|8\n|\n|t:|1770717429\n|switch|p2a: Unown|Unown-X|128/258\n|move|p1a: Ursaring|Crunch|p2a: Unown\n|-supereffective|p2a: Unown\n|-damage|p2a: Unown|0 fnt\n|faint|p2a: Unown\n|\n|-damage|p1a: Ursaring|0 fnt|[from] psn\n|faint|p1a: Ursaring\n|upkeep\n|\n|t:|1770717450\n|switch|p2a: Greninja|Greninja, L79, M|243/243\n|switch|p1a: Dedenne|Dedenne, L91, M|270/270\n|-damage|p1a: Dedenne|237/270|[from] Stealth Rock\n|turn|9\n|\n|t:|1770717462\n|switch|p2a: Cradily|Cradily, L89, F|182/298\n|move|p1a: Dedenne|Thunderbolt|p2a: Cradily\n|-resisted|p2a: Cradily\n|-damage|p2a: Cradily|145/298\n|\n|-heal|p2a: Cradily|163/298|[from] item: Leftovers\n|upkeep\n|turn|10\n|\n|t:|1770717473\n|move|p1a: Dedenne|Toxic|p2a: Cradily\n|-status|p2a: Cradily|tox\n|move|p2a: Cradily|Giga Drain|p1a: Dedenne\n|-damage|p1a: Dedenne|150/270\n|-heal|p2a: Cradily|207/298 tox|[from] drain|[of] p1a: Dedenne\n|\n|-heal|p2a: Cradily|225/298 tox|[from] item: Leftovers\n|-damage|p2a: Cradily|207/298 tox|[from] psn\n|upkeep\n|turn|11\n|\n|t:|1770717493\n|move|p1a: Dedenne|Protect|p1a: Dedenne\n|-singleturn|p1a: Dedenne|Protect\n|move|p2a: Cradily|Stone Edge|p1a: Dedenne\n|-activate|p1a: Dedenne|move: Protect\n|\n|-heal|p2a: Cradily|225/298 tox|[from] item: Leftovers\n|-damage|p2a: Cradily|189/298 tox|[from] psn\n|upkeep\n|turn|12\n|\n|t:|1770717507\n|switch|p1a: Gallade|Gallade, L84, M|251/251\n|-damage|p1a: Gallade|236/251|[from] Stealth Rock\n|move|p2a: Cradily|Stone Edge|p1a: Gallade|[miss]\n|-miss|p2a: Cradily|p1a: Gallade\n|\n|-heal|p2a: Cradily|207/298 tox|[from] item: Leftovers\n|-damage|p2a: Cradily|153/298 tox|[from] psn\n|upkeep\n|turn|13\n|\n|t:|1770717526\n|move|p1a: Gallade|Knock Off|p2a: Cradily\n|-damage|p2a: Cradily|40/298 tox\n|-enditem|p2a: Cradily|Leftovers|[from] move: Knock Off|[of] p1a: Gallade\n|move|p2a: Cradily|Giga Drain|p1a: Gallade\n|-damage|p1a: Gallade|175/251\n|-heal|p2a: Cradily|71/298 tox|[from] drain|[of] p1a: Gallade\n|\n|-damage|p2a: Cradily|0 fnt|[from] psn\n|faint|p2a: Cradily\n|upkeep\n|\n|t:|1770717533\n|switch|p2a: Mimikyu|Mimikyu-Busted, L73, M|110/201\n|turn|14\n|\n|t:|1770717552\n|switch|p1a: Tauros|Tauros, L84, M|81/263\n|-damage|p1a: Tauros|49/263|[from] Stealth Rock\n|-ability|p1a: Tauros|Intimidate|boost\n|-unboost|p2a: Mimikyu|atk|1\n|move|p2a: Mimikyu|Play Rough|p1a: Tauros|[miss]\n|-miss|p2a: Mimikyu|p1a: Tauros\n|\n|upkeep\n|turn|15\n|\n|t:|1770717567\n|switch|p2a: Poliwrath|Poliwrath, L91, M|301/312\n|move|p1a: Tauros|Earthquake|p2a: Poliwrath\n|-damage|p2a: Poliwrath|202/312\n|\n|-heal|p2a: Poliwrath|221/312|[from] item: Leftovers\n|upkeep\n|turn|16\n|\n|t:|1770717574\n|move|p1a: Tauros|Earthquake|p2a: Poliwrath\n|-damage|p2a: Poliwrath|124/312\n|move|p2a: Poliwrath|Scald|p1a: Tauros\n|-damage|p1a: Tauros|0 fnt\n|faint|p1a: Tauros\n|\n|-heal|p2a: Poliwrath|143/312|[from] item: Leftovers\n|upkeep\n|\n|t:|1770717584\n|switch|p1a: Dedenne|Dedenne, L91, M|150/270\n|-damage|p1a: Dedenne|117/270|[from] Stealth Rock\n|-enditem|p1a: Dedenne|Sitrus Berry|[eat]\n|-heal|p1a: Dedenne|184/270|[from] item: Sitrus Berry\n|-heal|p1a: Dedenne|270/270|[from] ability: Cheek Pouch\n|turn|17\n|\n|t:|1770717601\n|switch|p2a: Kyurem|Kyurem, L80|331/331\n|-ability|p2a: Kyurem|Pressure\n|move|p1a: Dedenne|Thunderbolt|p2a: Kyurem\n|-resisted|p2a: Kyurem\n|-damage|p2a: Kyurem|295/331\n|\n|upkeep\n|turn|18\n|\n|t:|1770717615\n|move|p1a: Dedenne|Toxic|p2a: Kyurem\n|-status|p2a: Kyurem|tox\n|move|p2a: Kyurem|Ice Beam|p1a: Dedenne\n|-damage|p1a: Dedenne|135/270\n|\n|-damage|p2a: Kyurem|275/331 tox|[from] psn\n|upkeep\n|turn|19\n|\n|t:|1770717623\n|move|p1a: Dedenne|Protect|p1a: Dedenne\n|-singleturn|p1a: Dedenne|Protect\n|move|p2a: Kyurem|Ice Beam|p1a: Dedenne\n|-activate|p1a: Dedenne|move: Protect\n|\n|-damage|p2a: Kyurem|235/331 tox|[from] psn\n|upkeep\n|turn|20\n|\n|t:|1770717630\n|move|p1a: Dedenne|Recycle|p1a: Dedenne\n|-item|p1a: Dedenne|Sitrus Berry|[from] move: Recycle\n|-enditem|p1a: Dedenne|Sitrus Berry|[eat]\n|-heal|p1a: Dedenne|202/270|[from] item: Sitrus Berry\n|-heal|p1a: Dedenne|270/270|[from] ability: Cheek Pouch\n|move|p2a: Kyurem|Ice Beam|p1a: Dedenne\n|-damage|p1a: Dedenne|147/270\n|\n|-damage|p2a: Kyurem|175/331 tox|[from] psn\n|upkeep\n|turn|21\n|\n|t:|1770717658\n|switch|p2a: Mimikyu|Mimikyu-Busted, L73, M|110/201\n|move|p1a: Dedenne|Recycle|p1a: Dedenne\n|-item|p1a: Dedenne|Sitrus Berry|[from] move: Recycle\n|\n|upkeep\n|turn|22\n|\n|t:|1770717667\n|switch|p1a: Gallade|Gallade, L84, M|175/251\n|-damage|p1a: Gallade|160/251|[from] Stealth Rock\n|-zpower|p2a: Mimikyu\n|move|p2a: Mimikyu|Let's Snuggle Forever|p1a: Gallade|[zeffect]\n|-supereffective|p1a: Gallade\n|-damage|p1a: Gallade|0 fnt\n|faint|p1a: Gallade\n|\n|upkeep\n|\n|t:|1770717679\n|switch|p1a: Dedenne|Dedenne, L91, M|147/270\n|-damage|p1a: Dedenne|114/270|[from] Stealth Rock\n|-enditem|p1a: Dedenne|Sitrus Berry|[eat]\n|-heal|p1a: Dedenne|181/270|[from] item: Sitrus Berry\n|-heal|p1a: Dedenne|270/270|[from] ability: Cheek Pouch\n|turn|23\n|\n|t:|1770717720\n|move|p1a: Dedenne|Thunderbolt|p2a: Mimikyu\n|-damage|p2a: Mimikyu|11/201\n|move|p2a: Mimikyu|Shadow Claw|p1a: Dedenne\n|-crit|p1a: Dedenne\n|-damage|p1a: Dedenne|161/270\n|\n|upkeep\n|turn|24\n|\n|t:|1770717733\n|move|p1a: Dedenne|Thunderbolt|p2a: Mimikyu\n|-damage|p2a: Mimikyu|0 fnt\n|faint|p2a: Mimikyu\n|detailschange|p2: Mimikyu|Mimikyu, L73, M|[silent]\n|\n|upkeep\n|\n|t:|1770717735\n|switch|p2a: Greninja|Greninja, L79, M|243/243\n|turn|25\n|\n|t:|1770717755\n|move|p1a: Dedenne|Protect|p1a: Dedenne\n|-singleturn|p1a: Dedenne|Protect\n|move|p2a: Greninja|Hydro Pump|p1a: Dedenne\n|-activate|p1a: Dedenne|move: Protect\n|\n|upkeep\n|turn|26\n|\n|t:|1770717769\n|move|p2a: Greninja|Hydro Pump|p1a: Dedenne\n|-damage|p1a: Dedenne|0 fnt\n|faint|p1a: Dedenne\n|-activate|p2a: Greninja|ability: Battle Bond\n|detailschange|p2a: Greninja|Greninja-Ash, L79, M\n|\n|upkeep\n|\n|t:|1770717783\n|switch|p1a: Rayquaza|Rayquaza, L69|259/259\n|-damage|p1a: Rayquaza|195/259|[from] Stealth Rock\n|-ability|p1a: Rayquaza|Air Lock\n|turn|27\n|\n|t:|1770717804\n|move|p2a: Greninja|Hydro Pump|p1a: Rayquaza|[miss]\n|-miss|p2a: Greninja|p1a: Rayquaza\n|move|p1a: Rayquaza|Dragon Dance|p1a: Rayquaza\n|-boost|p1a: Rayquaza|atk|1\n|-boost|p1a: Rayquaza|spe|1\n|\n|upkeep\n|turn|28\n|\n|t:|1770717816\n|switch|p2a: Poliwrath|Poliwrath, L91, M|143/312\n|-zpower|p1a: Rayquaza\n|move|p1a: Rayquaza|Supersonic Skystrike|p2a: Poliwrath|[zeffect]\n|-supereffective|p2a: Poliwrath\n|-damage|p2a: Poliwrath|0 fnt\n|faint|p2a: Poliwrath\n|\n|upkeep\n|\n|t:|1770717836\n|switch|p2a: Kyurem|Kyurem, L80|175/331 tox\n|-ability|p2a: Kyurem|Pressure\n|turn|29\n|\n|t:|1770717841\n|move|p1a: Rayquaza|Dragon Ascent|p2a: Kyurem\n|-damage|p2a: Kyurem|0 fnt\n|-unboost|p1a: Rayquaza|def|1\n|-unboost|p1a: Rayquaza|spd|1\n|faint|p2a: Kyurem\n|\n|upkeep\n|\n|t:|1770717852\n|switch|p2a: Greninja|Greninja-Ash, L79, M|243/243\n|turn|30\n|\n|t:|1770717858\n|move|p2a: Greninja|Water Shuriken|p1a: Rayquaza\n|-resisted|p1a: Rayquaza\n|-damage|p1a: Rayquaza|156/259\n|-resisted|p1a: Rayquaza\n|-damage|p1a: Rayquaza|123/259\n|-resisted|p1a: Rayquaza\n|-crit|p1a: Rayquaza\n|-damage|p1a: Rayquaza|64/259\n|-hitcount|p1a: Rayquaza|3\n|move|p1a: Rayquaza|Dragon Ascent|p2a: Greninja\n|-damage|p2a: Greninja|0 fnt\n|-unboost|p1a: Rayquaza|def|1\n|-unboost|p1a: Rayquaza|spd|1\n|faint|p2a: Greninja\n|detailschange|p2: Greninja|Greninja, L79, M|[silent]\n|\n|win|bin2409\n|raw|bin2409's rating: 1865 &rarr; <strong>1880</strong><br />(+15 for winning)\n|raw|Trefleuh's rating: 1778 &rarr; <strong>1763</strong><br />(-15 for losing)\n|c|☆Trefleuh|gg\n|c|☆bin2409|Gg\n|l|☆Trefleuh\n|player|p2|\n|c|☆bin2409|Do you have time for your next battle yet, Trefleuh ?\n", "inputlog": ">version ccdc32dd7cde25fd9e4bed64820e885f66e78a4e\n>start {\"formatid\":\"gen7randombattle\",\"seed\":\"sodium,ad870dcd2f4ffddae16b3173f025c658\",\"rated\":\"Rated battle\"}\n>player p1 {\"name\":\"bin2409\",\"avatar\":\"lucas\",\"rating\":1865,\"seed\":\"sodium,3c58e64ca98df6583e3f7b195905cf77\"}\n>player p2 {\"name\":\"Trefleuh\",\"avatar\":\"#rbtt8teamhoopa2\",\"rating\":1778,\"seed\":\"sodium,be98c10201be593e78e1d0c95e269d7b\"}\n>chat ☆bin2409|Hi ya :>\n>chat ☆Trefleuh|h\n>chat ☆Trefleuh|Hey c:\n>p1 move stoneedge\n>p2 move hiddenpower\n>p1 move stoneedge\n>p2 switch 6\n>p1 switch 3\n>p2 move stealthrock\n>p1 move knockoff\n>p2 switch 4\n>p1 switch 6\n>p2 move playrough\n>p1 move crunch\n>p2 move playrough\n>p1 move crunch\n>p2 switch 3\n>p1 move crunch\n>p2 switch 6\n>p1 switch 2\n>p2 switch 2\n>p1 move thunderbolt\n>p2 switch 4\n>p1 move toxic\n>p2 move gigadrain\n>p1 move protect\n>p2 move stoneedge\n>p1 switch 6\n>p2 move stoneedge\n>p1 move knockoff\n>p2 move gigadrain\n>p2 switch 3\n>p1 switch 3\n>p2 move playrough\n>p1 move earthquake\n>p2 switch 6\n>p1 move earthquake\n>p2 move scald\n>p1 switch 6\n>p1 move thunderbolt\n>p2 switch 5\n>p1 move toxic\n>p2 move icebeam\n>p1 move protect\n>p2 move icebeam\n>p1 move recycle\n>p2 move icebeam\n>p1 move recycle\n>p2 switch 6\n>p1 switch 3\n>p2 move playrough zmove\n>p1 switch 3\n>p1 move thunderbolt\n>p2 move shadowclaw\n>p1 move thunderbolt\n>p2 move swordsdance\n>p2 switch 4\n>p1 move protect\n>p2 move hydropump\n>p1 move thunderbolt\n>p2 move hydropump\n>p1 switch 4\n>p1 move dragondance\n>p2 move hydropump\n>p1 move dragonascent zmove\n>p2 switch 5\n>p2 switch 6\n>p1 move dragonascent\n>p2 move dracometeor\n>p2 switch 5\n>p1 move dragonascent\n>p2 move watershuriken", "uploadtime": 1770717894, "views": 223, "formatid": "gen7randombattle", "rating": 1763, "private": 0, "password": null}