{"id": "gen7randombattle-2527959966", "format": "[Gen 7] Random Battle", "players": ["Zovafire", "weavily66"], "log": "|j|‽Zovafire\n|j|☆weavily66\n|t:|1769605809\n|gametype|singles\n|player|p1|Zovafire|dawn-gen4pt|1759\n|player|p2|weavily66|101|1769\n|gen|7\n|tier|[Gen 7] Random Battle\n|rated|\n|rule|Sleep Clause Mod: Limit one foe put to sleep\n|rule|HP Percentage Mod: HP is shown in percentages\n|rule|Illusion Level Mod: Illusion disguises the Pokémon's true level\n|\n|t:|1769605809\n|teamsize|p1|6\n|teamsize|p2|6\n|start\n|switch|p1a: Shedinja|Shedinja, L96|1/1\n|switch|p2a: Entei|Entei, L78|307/307\n|turn|1\n|inactive|Battle timer is ON: inactive players will automatically lose when time's up. (requested by Zovafire)\n|\n|t:|1769605828\n|switch|p1a: Nihilego|Nihilego, L79|302/302\n|-item|p1a: Nihilego|Air Balloon\n|move|p2a: Entei|Flare Blitz|p1a: Nihilego\n|-resisted|p1a: Nihilego\n|-damage|p1a: Nihilego|144/302\n|-enditem|p1a: Nihilego|Air Balloon\n|-damage|p2a: Entei|255/307|[from] Recoil\n|\n|upkeep\n|turn|2\n|\n|t:|1769605853\n|switch|p2a: Dusknoir|Dusknoir, L89, M|225/225\n|move|p1a: Nihilego|Stealth Rock|p2a: Dusknoir\n|-sidestart|p2: weavily66|move: Stealth Rock\n|\n|upkeep\n|turn|3\n|\n|t:|1769605862\n|switch|p1a: Zapdos|Zapdos, L79|272/272\n|move|p2a: Dusknoir|Shadow Sneak|p1a: Zapdos\n|-damage|p1a: Zapdos|220/272\n|\n|-heal|p1a: Zapdos|237/272|[from] item: Leftovers\n|upkeep\n|turn|4\n|\n|t:|1769605872\n|move|p1a: Zapdos|U-turn|p2a: Dusknoir\n|-resisted|p2a: Dusknoir\n|-damage|p2a: Dusknoir|212/225\n|\n|t:|1769605874\n|switch|p1a: Nihilego|Nihilego, L79|144/302|[from] U-turn\n|move|p2a: Dusknoir|Toxic|p1a: Nihilego\n|-immune|p1a: Nihilego\n|\n|-heal|p2a: Dusknoir|225/225|[from] item: Leftovers\n|upkeep\n|turn|5\n|\n|t:|1769605886\n|switch|p1a: Guzzlord|Guzzlord, L86|524/524\n|move|p2a: Dusknoir|Earthquake|p1a: Guzzlord\n|-damage|p1a: Guzzlord|417/524\n|\n|upkeep\n|turn|6\n|\n|t:|1769605904\n|switch|p2a: Tyranitar|Tyranitar, L76, M|277/277\n|-damage|p2a: Tyranitar|243/277|[from] Stealth Rock\n|-weather|Sandstorm|[from] ability: Sand Stream|[of] p2a: Tyranitar\n|move|p1a: Guzzlord|Knock Off|p2a: Tyranitar\n|-resisted|p2a: Tyranitar\n|-damage|p2a: Tyranitar|208/277\n|\n|-weather|Sandstorm|[upkeep]\n|-damage|p1a: Guzzlord|385/524|[from] Sandstorm\n|upkeep\n|turn|7\n|\n|t:|1769605912\n|detailschange|p2a: Tyranitar|Tyranitar-Mega, L76, M\n|-mega|p2a: Tyranitar|Tyranitar|Tyranitarite\n|move|p2a: Tyranitar|Dragon Dance|p2a: Tyranitar\n|-boost|p2a: Tyranitar|atk|1\n|-boost|p2a: Tyranitar|spe|1\n|move|p1a: Guzzlord|Earthquake|p2a: Tyranitar\n|-supereffective|p2a: Tyranitar\n|-damage|p2a: Tyranitar|86/277\n|\n|-weather|Sandstorm|[upkeep]\n|-damage|p1a: Guzzlord|353/524|[from] Sandstorm\n|upkeep\n|turn|8\n|\n|t:|1769605919\n|move|p2a: Tyranitar|Stone Edge|p1a: Guzzlord\n|-damage|p1a: Guzzlord|91/524\n|move|p1a: Guzzlord|Earthquake|p2a: Tyranitar\n|-supereffective|p2a: Tyranitar\n|-damage|p2a: Tyranitar|0 fnt\n|faint|p2a: Tyranitar\n|detailschange|p2: Tyranitar|Tyranitar, L76, M|[silent]\n|-ability|p1a: Guzzlord|Beast Boost|boost\n|-boost|p1a: Guzzlord|atk|1\n|\n|-weather|Sandstorm|[upkeep]\n|-damage|p1a: Guzzlord|59/524|[from] Sandstorm\n|upkeep\n|\n|t:|1769605932\n|switch|p2a: Dusknoir|Dusknoir, L89, M|225/225\n|-damage|p2a: Dusknoir|197/225|[from] Stealth Rock\n|-item|p1a: Guzzlord|Assault Vest|[from] ability: Frisk|[of] p2a: Dusknoir\n|turn|9\n|\n|t:|1769605936\n|move|p2a: Dusknoir|Earthquake|p1a: Guzzlord\n|-damage|p1a: Guzzlord|0 fnt\n|faint|p1a: Guzzlord\n|\n|-weather|Sandstorm|[upkeep]\n|-damage|p2a: Dusknoir|183/225|[from] Sandstorm\n|-heal|p2a: Dusknoir|197/225|[from] item: Leftovers\n|upkeep\n|\n|t:|1769605941\n|switch|p1a: Bisharp|Bisharp, L82, M|241/241\n|turn|10\n|\n|t:|1769605957\n|switch|p2a: Entei|Entei, L78|255/307\n|-damage|p2a: Entei|179/307|[from] Stealth Rock\n|move|p1a: Bisharp|Swords Dance|p1a: Bisharp\n|-boost|p1a: Bisharp|atk|2\n|\n|-weather|none\n|upkeep\n|turn|11\n|\n|t:|1769605963\n|move|p1a: Bisharp|Sucker Punch|p2a: Entei\n|-damage|p2a: Entei|0 fnt\n|faint|p2a: Entei\n|-damage|p1a: Bisharp|217/241|[from] item: Life Orb\n|\n|upkeep\n|\n|t:|1769605980\n|switch|p2a: Leavanny|Leavanny, L87, F|272/272\n|-damage|p2a: Leavanny|204/272|[from] Stealth Rock\n|turn|12\n|\n|t:|1769605987\n|move|p2a: Leavanny|X-Scissor|p1a: Bisharp\n|-damage|p1a: Bisharp|110/241\n|-damage|p2a: Leavanny|177/272|[from] item: Life Orb\n|move|p1a: Bisharp|Knock Off|p2a: Leavanny\n|-damage|p2a: Leavanny|0 fnt\n|-enditem|p2a: Leavanny|Life Orb|[from] move: Knock Off|[of] p1a: Bisharp\n|faint|p2a: Leavanny\n|-damage|p1a: Bisharp|86/241|[from] item: Life Orb\n|\n|upkeep\n|\n|t:|1769605997\n|switch|p2a: Seviper|Seviper, L94, M|290/290\n|-damage|p2a: Seviper|254/290|[from] Stealth Rock\n|turn|13\n|\n|t:|1769606005\n|move|p1a: Bisharp|Sucker Punch||[still]\n|-fail|p1a: Bisharp\n|move|p2a: Seviper|Swords Dance|p2a: Seviper\n|-boost|p2a: Seviper|atk|2\n|\n|upkeep\n|turn|14\n|\n|t:|1769606021\n|move|p1a: Bisharp|Sucker Punch|p2a: Seviper\n|-damage|p2a: Seviper|0 fnt\n|faint|p2a: Seviper\n|-damage|p1a: Bisharp|62/241|[from] item: Life Orb\n|\n|upkeep\n|\n|t:|1769606027\n|switch|p2a: Kricketune|Kricketune, L97, F|306/306\n|-damage|p2a: Kricketune|230/306|[from] Stealth Rock\n|turn|15\n|\n|t:|1769606044\n|move|p1a: Bisharp|Sucker Punch|p2a: Kricketune\n|-damage|p2a: Kricketune|0 fnt\n|faint|p2a: Kricketune\n|-damage|p1a: Bisharp|38/241|[from] item: Life Orb\n|\n|upkeep\n|inactive|weavily66 has 120 seconds left.\n|-message|weavily66 forfeited.\n|\n|win|Zovafire\n|raw|Zovafire's rating: 1759 &rarr; <strong>1780</strong><br />(+21 for winning)\n|raw|weavily66's rating: 1769 &rarr; <strong>1748</strong><br />(-21 for losing)\n", "inputlog": ">version b99ff0165a6231f17e8b78c2a78d1998375de664\n>start {\"formatid\":\"gen7randombattle\",\"seed\":\"sodium,d176eaee641d384d0826323e06737759\",\"rated\":\"Rated battle\"}\n>player p1 {\"name\":\"Zovafire\",\"avatar\":\"dawn-gen4pt\",\"rating\":1759,\"seed\":\"sodium,4cfe147401122130d361d73625068c06\"}\n>player p2 {\"name\":\"weavily66\",\"avatar\":\"101\",\"rating\":1769,\"seed\":\"sodium,74b750a80f153afd652762ecb44d27a5\"}\n>p1 switch 2\n>p2 move flareblitz\n>p1 move stealthrock\n>p2 switch 6\n>p1 switch 3\n>p2 move shadowsneak\n>p1 move uturn\n>p2 move toxic\n>p1 switch 3\n>p1 switch 5\n>p2 move earthquake\n>p1 move knockoff\n>p2 switch 4\n>p1 move earthquake\n>p2 move dragondance mega\n>p1 move earthquake\n>p2 move stoneedge\n>p2 switch 4\n>p1 move knockoff\n>p2 move earthquake\n>p1 switch 4\n>p1 move swordsdance\n>p2 switch 6\n>p1 move suckerpunch\n>p2 move flareblitz\n>p2 switch 3\n>p1 move knockoff\n>p2 move xscissor\n>p2 switch 2\n>p1 move suckerpunch\n>p2 move swordsdance\n>p1 move suckerpunch\n>p2 move earthquake\n>p2 switch 5\n>p1 move suckerpunch\n>p2 move leechlife\n>forcelose p2", "uploadtime": 1769606061, "views": 161, "formatid": "gen7randombattle", "rating": 1748, "private": 0, "password": null}