{"id": "gen7randombattle-2524503818", "format": "[Gen 7] Random Battle", "players": ["bin2409", "Shabbeaugosse"], "log": "|j|☆bin2409\n|j|☆Shabbeaugosse\n|t:|1769159659\n|gametype|singles\n|player|p1|bin2409|lucas-gen4pt|1766\n|player|p2|Shabbeaugosse|265|1660\n|gen|7\n|tier|[Gen 7] Random Battle\n|rated|\n|rule|Sleep Clause Mod: Limit one foe put to sleep\n|rule|HP Percentage Mod: HP is shown in percentages\n|rule|Illusion Level Mod: Illusion disguises the Pokémon's true level\n|\n|t:|1769159659\n|teamsize|p1|6\n|teamsize|p2|6\n|start\n|switch|p1a: Rhyperior|Rhyperior, L84, M|330/330\n|switch|p2a: Lunala|Lunala, L72|316/316\n|turn|1\n|inactive|Battle timer is ON: inactive players will automatically lose when time's up. (requested by Shabbeaugosse)\n|\n|t:|1769159681\n|switch|p1a: Wigglytuff|Wigglytuff, L95, M|420/420\n|move|p2a: Lunala|Calm Mind|p2a: Lunala\n|-boost|p2a: Lunala|spa|1\n|-boost|p2a: Lunala|spd|1\n|\n|upkeep\n|turn|2\n|\n|t:|1769159688\n|switch|p2a: Bastiodon|Bastiodon, L94, M|265/265\n|-item|p2a: Bastiodon|Air Balloon\n|move|p1a: Wigglytuff|Knock Off|p2a: Bastiodon\n|-damage|p2a: Bastiodon|226/265\n|-enditem|p2a: Bastiodon|Air Balloon\n|\n|upkeep\n|turn|3\n|\n|t:|1769159707\n|switch|p1a: Rhyperior|Rhyperior, L84, M|330/330\n|move|p2a: Bastiodon|Stealth Rock|p1a: Rhyperior\n|-sidestart|p1: bin2409|move: Stealth Rock\n|\n|upkeep\n|turn|4\n|\n|t:|1769159726\n|switch|p2a: Kingdra|Kingdra, L85, F|266/266\n|move|p1a: Rhyperior|Earthquake|p2a: Kingdra\n|-damage|p2a: Kingdra|80/266\n|\n|upkeep\n|turn|5\n|\n|t:|1769159736\n|switch|p1a: Wigglytuff|Wigglytuff, L95, M|420/420\n|-damage|p1a: Wigglytuff|368/420|[from] Stealth Rock\n|move|p2a: Kingdra|Hydro Pump|p1a: Wigglytuff|[miss]\n|-miss|p2a: Kingdra|p1a: Wigglytuff\n|\n|-heal|p1a: Wigglytuff|394/420|[from] item: Leftovers\n|upkeep\n|turn|6\n|\n|t:|1769159745\n|switch|p2a: Ninetales|Ninetales, L84, F|260/260\n|-weather|SunnyDay|[from] ability: Drought|[of] p2a: Ninetales\n|move|p1a: Wigglytuff|Dazzling Gleam|p2a: Ninetales\n|-resisted|p2a: Ninetales\n|-damage|p2a: Ninetales|215/260\n|\n|-weather|SunnyDay|[upkeep]\n|-heal|p2a: Ninetales|231/260|[from] item: Leftovers\n|-heal|p1a: Wigglytuff|420/420|[from] item: Leftovers\n|upkeep\n|turn|7\n|\n|t:|1769159765\n|move|p2a: Ninetales|Nasty Plot|p2a: Ninetales\n|-boost|p2a: Ninetales|spa|2\n|move|p1a: Wigglytuff|Knock Off|p2a: Ninetales\n|-damage|p2a: Ninetales|157/260\n|-enditem|p2a: Ninetales|Leftovers|[from] move: Knock Off|[of] p1a: Wigglytuff\n|\n|-weather|SunnyDay|[upkeep]\n|upkeep\n|turn|8\n|\n|t:|1769159780\n|move|p2a: Ninetales|Substitute|p2a: Ninetales\n|-start|p2a: Ninetales|Substitute\n|-damage|p2a: Ninetales|92/260\n|move|p1a: Wigglytuff|Fire Blast|p2a: Ninetales\n|-resisted|p2a: Ninetales\n|-activate|p2a: Ninetales|move: Substitute|[damage]\n|\n|-weather|SunnyDay|[upkeep]\n|upkeep\n|turn|9\n|\n|t:|1769159788\n|move|p2a: Ninetales|Fire Blast|p1a: Wigglytuff|[miss]\n|-miss|p2a: Ninetales|p1a: Wigglytuff\n|move|p1a: Wigglytuff|Dazzling Gleam|p2a: Ninetales\n|-resisted|p2a: Ninetales\n|-end|p2a: Ninetales|Substitute\n|\n|-weather|SunnyDay|[upkeep]\n|upkeep\n|turn|10\n|\n|t:|1769159793\n|move|p2a: Ninetales|Substitute|p2a: Ninetales\n|-start|p2a: Ninetales|Substitute\n|-damage|p2a: Ninetales|27/260\n|move|p1a: Wigglytuff|Dazzling Gleam|p2a: Ninetales\n|-resisted|p2a: Ninetales\n|-activate|p2a: Ninetales|move: Substitute|[damage]\n|\n|-weather|none\n|upkeep\n|turn|11\n|\n|t:|1769159797\n|move|p2a: Ninetales|Fire Blast|p1a: Wigglytuff\n|-damage|p1a: Wigglytuff|138/420\n|move|p1a: Wigglytuff|Dazzling Gleam|p2a: Ninetales\n|-resisted|p2a: Ninetales\n|-end|p2a: Ninetales|Substitute\n|\n|-heal|p1a: Wigglytuff|164/420|[from] item: Leftovers\n|upkeep\n|turn|12\n|\n|t:|1769159801\n|move|p2a: Ninetales|Fire Blast|p1a: Wigglytuff\n|-damage|p1a: Wigglytuff|0 fnt\n|faint|p1a: Wigglytuff\n|\n|upkeep\n|j| critsomnia\n|\n|t:|1769159810\n|switch|p1a: Hitmonchan|Hitmonchan, L87, M|229/229\n|-damage|p1a: Hitmonchan|215/229|[from] Stealth Rock\n|turn|13\n|\n|t:|1769159822\n|move|p1a: Hitmonchan|Mach Punch|p2a: Ninetales\n|-damage|p2a: Ninetales|0 fnt\n|faint|p2a: Ninetales\n|\n|upkeep\n|\n|t:|1769159826\n|switch|p2a: Lunala|Lunala, L72|316/316\n|turn|14\n|\n|t:|1769159838\n|switch|p1a: Walrein|Walrein, L90, M|344/344\n|-damage|p1a: Walrein|258/344|[from] Stealth Rock\n|move|p2a: Lunala|Calm Mind|p2a: Lunala\n|-boost|p2a: Lunala|spa|1\n|-boost|p2a: Lunala|spd|1\n|\n|-heal|p1a: Walrein|279/344|[from] item: Leftovers\n|upkeep\n|turn|15\n|\n|t:|1769159849\n|-zpower|p2a: Lunala\n|move|p2a: Lunala|Menacing Moonraze Maelstrom|p1a: Walrein|[zeffect]\n|-damage|p1a: Walrein|18/344\n|move|p1a: Walrein|Toxic|p2a: Lunala\n|-status|p2a: Lunala|tox\n|\n|-heal|p1a: Walrein|39/344|[from] item: Leftovers\n|-damage|p2a: Lunala|297/316 tox|[from] psn\n|upkeep\n|turn|16\n|\n|t:|1769159861\n|move|p1a: Walrein|Protect|p1a: Walrein\n|-singleturn|p1a: Walrein|Protect\n|move|p2a: Lunala|Calm Mind|p2a: Lunala\n|-boost|p2a: Lunala|spa|1\n|-boost|p2a: Lunala|spd|1\n|\n|-heal|p1a: Walrein|60/344|[from] item: Leftovers\n|-damage|p2a: Lunala|259/316 tox|[from] psn\n|upkeep\n|turn|17\n|\n|t:|1769159866\n|move|p1a: Walrein|Protect||[still]\n|-fail|p1a: Walrein\n|move|p2a: Lunala|Psyshock|p1a: Walrein\n|-damage|p1a: Walrein|0 fnt\n|faint|p1a: Walrein\n|\n|-damage|p2a: Lunala|202/316 tox|[from] psn\n|upkeep\n|l| critsomnia\n|\n|t:|1769159878\n|switch|p1a: Hitmonchan|Hitmonchan, L87, M|215/229\n|-damage|p1a: Hitmonchan|201/229|[from] Stealth Rock\n|turn|18\n|\n|t:|1769159884\n|move|p1a: Hitmonchan|Throat Chop|p2a: Lunala\n|-supereffective|p2a: Lunala\n|-damage|p2a: Lunala|0 fnt\n|faint|p2a: Lunala\n|\n|upkeep\n|\n|t:|1769159893\n|switch|p2a: Toucannon|Toucannon, L88, M|284/284\n|turn|19\n|\n|t:|1769159899\n|move|p1a: Hitmonchan|Throat Chop|p2a: Toucannon\n|-damage|p2a: Toucannon|189/284\n|-start|p2a: Toucannon|Throat Chop|[silent]\n|move|p2a: Toucannon|Bullet Seed|p1a: Hitmonchan\n|-damage|p1a: Hitmonchan|170/229\n|-damage|p1a: Hitmonchan|135/229\n|-damage|p1a: Hitmonchan|104/229\n|-damage|p1a: Hitmonchan|70/229\n|-damage|p1a: Hitmonchan|36/229\n|-hitcount|p1a: Hitmonchan|5\n|-damage|p2a: Toucannon|161/284|[from] item: Life Orb\n|\n|upkeep\n|turn|20\n|\n|t:|1769159916\n|move|p1a: Hitmonchan|Throat Chop|p2a: Toucannon\n|-damage|p2a: Toucannon|60/284\n|move|p2a: Toucannon|Roost|p2a: Toucannon\n|-heal|p2a: Toucannon|202/284\n|-singleturn|p2a: Toucannon|move: Roost\n|\n|-end|p2a: Toucannon|Throat Chop|[silent]\n|upkeep\n|turn|21\n|\n|t:|1769159921\n|move|p1a: Hitmonchan|Throat Chop|p2a: Toucannon\n|-damage|p2a: Toucannon|92/284\n|-start|p2a: Toucannon|Throat Chop|[silent]\n|move|p2a: Toucannon|Roost|p2a: Toucannon\n|-heal|p2a: Toucannon|234/284\n|-singleturn|p2a: Toucannon|move: Roost\n|\n|upkeep\n|turn|22\n|\n|t:|1769159926\n|move|p1a: Hitmonchan|Throat Chop|p2a: Toucannon\n|-damage|p2a: Toucannon|124/284\n|move|p2a: Toucannon|Bullet Seed|p1a: Hitmonchan\n|-crit|p1a: Hitmonchan\n|-damage|p1a: Hitmonchan|0 fnt\n|faint|p1a: Hitmonchan\n|-hitcount|p1: Hitmonchan|1\n|-damage|p2a: Toucannon|96/284|[from] item: Life Orb\n|\n|-end|p2a: Toucannon|Throat Chop|[silent]\n|upkeep\n|\n|t:|1769159934\n|switch|p1a: Durant|Durant, L80, F|224/224\n|-damage|p1a: Durant|196/224|[from] Stealth Rock\n|turn|23\n|\n|t:|1769159941\n|move|p1a: Durant|Iron Head|p2a: Toucannon\n|-damage|p2a: Toucannon|0 fnt\n|faint|p2a: Toucannon\n|-damage|p1a: Durant|174/224|[from] item: Life Orb\n|\n|upkeep\n|\n|t:|1769159957\n|switch|p2a: Bastiodon|Bastiodon, L94, M|226/265\n|turn|24\n|\n|t:|1769159963\n|move|p1a: Durant|Hone Claws|p1a: Durant\n|-boost|p1a: Durant|atk|1\n|-boost|p1a: Durant|accuracy|1\n|move|p2a: Bastiodon|Rock Blast|p1a: Durant\n|-damage|p1a: Durant|153/224\n|-damage|p1a: Durant|134/224\n|-damage|p1a: Durant|112/224\n|-hitcount|p1a: Durant|3\n|\n|upkeep\n|turn|25\n|\n|t:|1769159976\n|move|p1a: Durant|Superpower|p2a: Bastiodon\n|-supereffective|p2a: Bastiodon\n|-damage|p2a: Bastiodon|0 fnt\n|-unboost|p1a: Durant|atk|1\n|-unboost|p1a: Durant|def|1\n|faint|p2a: Bastiodon\n|-damage|p1a: Durant|90/224|[from] item: Life Orb\n|\n|upkeep\n|\n|t:|1769159978\n|switch|p2a: Pheromosa|Pheromosa, L75|229/229\n|turn|26\n|\n|t:|1769159990\n|move|p2a: Pheromosa|High Jump Kick|p1a: Durant\n|-damage|p1a: Durant|0 fnt\n|faint|p1a: Durant\n|-ability|p2a: Pheromosa|Beast Boost|boost\n|-boost|p2a: Pheromosa|spe|1\n|\n|upkeep\n|\n|t:|1769160001\n|switch|p1a: Rhyperior|Rhyperior, L84, M|330/330\n|-damage|p1a: Rhyperior|310/330|[from] Stealth Rock\n|turn|27\n|\n|t:|1769160008\n|move|p2a: Pheromosa|High Jump Kick|p1a: Rhyperior|[miss]\n|-miss|p2a: Pheromosa|p1a: Rhyperior\n|-damage|p2a: Pheromosa|115/229|[from] highjumpkick\n|move|p1a: Rhyperior|Stone Edge|p2a: Pheromosa\n|-damage|p2a: Pheromosa|0 fnt\n|faint|p2a: Pheromosa\n|\n|upkeep\n|\n|t:|1769160010\n|switch|p2a: Kingdra|Kingdra, L85, F|80/266\n|turn|28\n|\n|t:|1769160015\n|move|p2a: Kingdra|Hydro Pump|p1a: Rhyperior\n|-supereffective|p1a: Rhyperior\n|-damage|p1a: Rhyperior|0 fnt\n|faint|p1a: Rhyperior\n|-damage|p2a: Kingdra|54/266|[from] item: Life Orb\n|\n|upkeep\n|\n|t:|1769160018\n|switch|p1a: Malamar|Malamar, L80, F|269/269\n|-damage|p1a: Malamar|236/269|[from] Stealth Rock\n|turn|29\n|\n|t:|1769160024\n|move|p2a: Kingdra|Draco Meteor|p1a: Malamar|[miss]\n|-miss|p2a: Kingdra|p1a: Malamar\n|move|p1a: Malamar|Knock Off|p2a: Kingdra\n|-damage|p2a: Kingdra|0 fnt\n|-enditem|p2a: Kingdra|Life Orb|[from] move: Knock Off|[of] p1a: Malamar\n|faint|p2a: Kingdra\n|\n|win|bin2409\n|raw|bin2409's rating: 1766 &rarr; <strong>1780</strong><br />(+14 for winning)\n|raw|Shabbeaugosse's rating: 1660 &rarr; <strong>1646</strong><br />(-14 for losing)\n|l|☆Shabbeaugosse\n|player|p2|\n", "inputlog": ">version dd3d52b8382d73d1dd2c67730c4067df325ab790\n>start {\"formatid\":\"gen7randombattle\",\"seed\":\"sodium,88df88fdef02818b1afbdeeb55e22187\",\"rated\":\"Rated battle\"}\n>player p1 {\"name\":\"bin2409\",\"avatar\":\"lucas-gen4pt\",\"rating\":1766,\"seed\":\"sodium,950877e81406a04bf5a9b3c836f1766e\"}\n>player p2 {\"name\":\"Shabbeaugosse\",\"avatar\":\"265\",\"rating\":1660,\"seed\":\"sodium,7765bc7b669d3faf88ab2876d065721c\"}\n>p1 switch 4\n>p2 move calmmind\n>p1 move knockoff\n>p2 switch 4\n>p1 switch 4\n>p2 move stealthrock\n>p1 move earthquake\n>p2 switch 3\n>p1 switch 4\n>p2 move hydropump\n>p1 move dazzlinggleam\n>p2 switch 5\n>p1 move knockoff\n>p2 move nastyplot\n>p1 move fireblast\n>p2 move substitute\n>p1 move dazzlinggleam\n>p2 move fireblast\n>p1 move dazzlinggleam\n>p2 move substitute\n>p1 move dazzlinggleam\n>p2 move fireblast\n>p1 move dazzlinggleam\n>p2 move fireblast\n>p1 switch 6\n>p1 move machpunch\n>p2 move fireblast\n>p2 switch 4\n>p1 switch 3\n>p2 move calmmind\n>p1 move toxic\n>p2 move moongeistbeam zmove\n>p1 move protect\n>p2 move calmmind\n>p1 move protect\n>p2 move psyshock\n>p1 switch 3\n>p1 move throatchop\n>p2 move psyshock\n>p2 switch 2\n>p1 move throatchop\n>p2 move bulletseed\n>p1 move throatchop\n>p2 move roost\n>p1 move throatchop\n>p2 move roost\n>p1 move throatchop\n>p2 move bulletseed\n>p1 switch 2\n>p1 move ironhead\n>p2 move boomburst\n>p2 switch 3\n>p1 move honeclaws\n>p2 move rockblast\n>p1 move superpower\n>p2 move rockblast\n>p2 switch 6\n>p1 move ironhead\n>p2 move highjumpkick\n>p1 switch 4\n>p1 move stoneedge\n>p2 move highjumpkick\n>p2 switch 5\n>p1 move stoneedge\n>p2 move hydropump\n>p1 switch 5\n>p1 move knockoff\n>p2 move dracometeor", "uploadtime": 1769160030, "views": 176, "formatid": "gen7randombattle", "rating": 1646, "private": 0, "password": null}