{"id": "gen7randombattle-2533158194", "format": "[Gen 7] Random Battle", "players": ["Aheter", "Johnald714"], "log": "|j|☆Aheter\n|j|☆Johnald714\n|t:|1770264681\n|gametype|singles\n|player|p1|Aheter|emmet|1605\n|player|p2|Johnald714|169|1537\n|gen|7\n|tier|[Gen 7] Random Battle\n|rated|\n|rule|Sleep Clause Mod: Limit one foe put to sleep\n|rule|HP Percentage Mod: HP is shown in percentages\n|rule|Illusion Level Mod: Illusion disguises the Pokémon's true level\n|\n|t:|1770264681\n|teamsize|p1|6\n|teamsize|p2|6\n|start\n|switch|p1a: Furret|Furret, L94, F|312/312\n|switch|p2a: Golisopod|Golisopod, L84, F|263/263\n|-item|p2a: Golisopod|Choice Band|[from] ability: Frisk|[of] p1a: Furret\n|turn|1\n|inactive|Battle timer is ON: inactive players will automatically lose when time's up. (requested by Aheter)\n|\n|t:|1770264693\n|switch|p1a: Politoed|Politoed, L88, F|302/302\n|-weather|RainDance|[from] ability: Drizzle|[of] p1a: Politoed\n|move|p2a: Golisopod|First Impression|p1a: Politoed\n|-damage|p1a: Politoed|113/302\n|\n|-weather|RainDance|[upkeep]\n|-heal|p1a: Politoed|131/302|[from] item: Leftovers\n|upkeep\n|turn|2\n|\n|t:|1770264705\n|switch|p2a: Trevenant|Trevenant, L91, M|303/303\n|move|p1a: Politoed|Encore||[still]\n|-fail|p1a: Politoed\n|\n|-weather|RainDance|[upkeep]\n|-heal|p1a: Politoed|149/302|[from] item: Leftovers\n|upkeep\n|turn|3\n|\n|t:|1770264714\n|move|p1a: Politoed|Toxic|p2a: Trevenant\n|-status|p2a: Trevenant|tox\n|move|p2a: Trevenant|Horn Leech|p1a: Politoed\n|-supereffective|p1a: Politoed\n|-damage|p1a: Politoed|0 fnt\n|faint|p1a: Politoed\n|-damage|p2a: Trevenant|273/303 tox|[from] item: Life Orb\n|\n|-weather|RainDance|[upkeep]\n|-damage|p2a: Trevenant|255/303 tox|[from] psn\n|upkeep\n|inactive|Aheter has 120 seconds left.\n|\n|t:|1770264754\n|switch|p1a: Furret|Furret, L94, F|312/312\n|-item|p2a: Trevenant|Life Orb|[from] ability: Frisk|[of] p1a: Furret\n|turn|4\n|\n|t:|1770264764\n|-curestatus|p2a: Trevenant|tox|[from] ability: Natural Cure\n|switch|p2a: Golisopod|Golisopod, L84, F|263/263\n|move|p1a: Furret|Knock Off|p2a: Golisopod\n|-damage|p2a: Golisopod|184/263\n|-enditem|p2a: Golisopod|Choice Band|[from] move: Knock Off|[of] p1a: Furret\n|\n|-weather|RainDance|[upkeep]\n|upkeep\n|turn|5\n|\n|t:|1770264776\n|move|p2a: Golisopod|First Impression|p1a: Furret\n|-damage|p1a: Furret|180/312\n|move|p1a: Furret|Knock Off|p2a: Golisopod\n|-damage|p2a: Golisopod|133/263\n|\n|-weather|none\n|upkeep\n|turn|6\n|\n|t:|1770264781\n|move|p1a: Furret|Knock Off|p2a: Golisopod\n|-damage|p2a: Golisopod|85/263\n|-activate|p2a: Golisopod|ability: Emergency Exit\n|\n|t:|1770264789\n|switch|p2a: Primeape|Primeape, L89, M|260/260\n|\n|upkeep\n|turn|7\n|\n|t:|1770264795\n|switch|p1a: Girafarig|Girafarig, L95, M|287/287\n|move|p2a: Primeape|Hone Claws|p2a: Primeape\n|-boost|p2a: Primeape|atk|1\n|-boost|p2a: Primeape|accuracy|1\n|\n|upkeep\n|turn|8\n|\n|t:|1770264802\n|move|p2a: Primeape|Close Combat|p1a: Girafarig\n|-damage|p1a: Girafarig|0 fnt\n|-unboost|p2a: Primeape|def|1\n|-unboost|p2a: Primeape|spd|1\n|faint|p1a: Girafarig\n|-damage|p2a: Primeape|234/260|[from] item: Life Orb\n|\n|upkeep\n|\n|t:|1770264816\n|switch|p1a: Furret|Furret, L94, F|180/312\n|-item|p2a: Primeape|Life Orb|[from] ability: Frisk|[of] p1a: Furret\n|turn|9\n|\n|t:|1770264823\n|move|p1a: Furret|Knock Off|p2a: Primeape\n|-resisted|p2a: Primeape\n|-damage|p2a: Primeape|144/260\n|-enditem|p2a: Primeape|Life Orb|[from] move: Knock Off|[of] p1a: Furret\n|move|p2a: Primeape|Close Combat|p1a: Furret\n|-supereffective|p1a: Furret\n|-damage|p1a: Furret|0 fnt\n|-unboost|p2a: Primeape|def|1\n|-unboost|p2a: Primeape|spd|1\n|faint|p1a: Furret\n|\n|upkeep\n|\n|t:|1770264827\n|switch|p1a: Heracross|Heracross, L80, F|259/259\n|turn|10\n|\n|t:|1770264838\n|switch|p2a: Mismagius|Mismagius, L87, M|246/246\n|move|p1a: Heracross|Pin Missile|p2a: Mismagius\n|-resisted|p2a: Mismagius\n|-damage|p2a: Mismagius|226/246\n|-resisted|p2a: Mismagius\n|-damage|p2a: Mismagius|205/246\n|-resisted|p2a: Mismagius\n|-damage|p2a: Mismagius|184/246\n|-resisted|p2a: Mismagius\n|-damage|p2a: Mismagius|164/246\n|-resisted|p2a: Mismagius\n|-damage|p2a: Mismagius|145/246\n|-hitcount|p2a: Mismagius|5\n|\n|-heal|p2a: Mismagius|160/246|[from] item: Leftovers\n|upkeep\n|turn|11\n|\n|t:|1770264859\n|detailschange|p1a: Heracross|Heracross-Mega, L80, F\n|-mega|p1a: Heracross|Heracross|Heracronite\n|move|p2a: Mismagius|Will-O-Wisp|p1a: Heracross\n|-status|p1a: Heracross|brn\n|move|p1a: Heracross|Rock Blast|p2a: Mismagius\n|-damage|p2a: Mismagius|143/246\n|-damage|p2a: Mismagius|127/246\n|-damage|p2a: Mismagius|110/246\n|-damage|p2a: Mismagius|92/246\n|-damage|p2a: Mismagius|73/246\n|-hitcount|p2a: Mismagius|5\n|\n|-heal|p2a: Mismagius|88/246|[from] item: Leftovers\n|-damage|p1a: Heracross|243/259 brn|[from] brn\n|upkeep\n|turn|12\n|\n|t:|1770264866\n|move|p2a: Mismagius|Dazzling Gleam|p1a: Heracross\n|-supereffective|p1a: Heracross\n|-damage|p1a: Heracross|127/259 brn\n|move|p1a: Heracross|Rock Blast|p2a: Mismagius\n|-damage|p2a: Mismagius|70/246\n|-damage|p2a: Mismagius|54/246\n|-damage|p2a: Mismagius|37/246\n|-damage|p2a: Mismagius|21/246\n|-damage|p2a: Mismagius|3/246\n|-hitcount|p2a: Mismagius|5\n|\n|-heal|p2a: Mismagius|18/246|[from] item: Leftovers\n|-damage|p1a: Heracross|111/259 brn|[from] brn\n|upkeep\n|turn|13\n|\n|t:|1770264871\n|move|p2a: Mismagius|Dazzling Gleam|p1a: Heracross\n|-supereffective|p1a: Heracross\n|-damage|p1a: Heracross|0 fnt\n|faint|p1a: Heracross\n|detailschange|p1: Heracross|Heracross, L80, F|[silent]\n|\n|-heal|p2a: Mismagius|33/246|[from] item: Leftovers\n|upkeep\n|\n|t:|1770264876\n|switch|p1a: Sunflora|Sunflora, F|312/312\n|turn|14\n|l|☆Aheter\n|inactive|Aheter disconnected and has a minute to reconnect!\n|player|p1|\n|inactive|Aheter has 30 seconds to reconnect!\n|inactive|Aheter has 20 seconds to reconnect!\n|inactive|Aheter has 15 seconds to reconnect!\n|inactive|Aheter has 10 seconds to reconnect!\n|inactive|Aheter has 5 seconds to reconnect!\n|-message|Aheter lost due to inactivity.\n|\n|win|Johnald714\n|raw|Aheter's rating: 1605 &rarr; <strong>1581</strong><br />(-24 for losing)\n|raw|Johnald714's rating: 1537 &rarr; <strong>1561</strong><br />(+24 for winning)\n", "inputlog": ">version ccdc32dd7cde25fd9e4bed64820e885f66e78a4e\n>start {\"formatid\":\"gen7randombattle\",\"seed\":\"sodium,0ff26291d5e625fc34fe64b2c55872fb\",\"rated\":\"Rated battle\"}\n>player p1 {\"name\":\"Aheter\",\"avatar\":\"emmet\",\"rating\":1605,\"seed\":\"sodium,a3e972966bb0cdc6b5b3ac27547134aa\"}\n>player p2 {\"name\":\"Johnald714\",\"avatar\":\"169\",\"rating\":1537,\"seed\":\"sodium,debd9260f12540e1bda0cc66687134c2\"}\n>p1 switch 5\n>p2 move firstimpression\n>p1 move encore\n>p2 switch 3\n>p1 move toxic\n>p2 move hornleech\n>p1 switch 5\n>p1 move knockoff\n>p2 switch 3\n>p1 move knockoff\n>p2 move firstimpression\n>p1 move knockoff\n>p2 move leechlife\n>p2 switch 4\n>p1 switch 3\n>p2 move honeclaws\n>p1 move psyshock\n>p2 move closecombat\n>p1 switch 3\n>p1 move knockoff\n>p2 move closecombat\n>p1 switch 4\n>p1 move pinmissile\n>p2 switch 5\n>p1 move rockblast mega\n>p2 move willowisp\n>p1 move rockblast\n>p2 move dazzlinggleam\n>p1 move rockblast\n>p2 move dazzlinggleam\n>p1 switch 6\n>forcelose p1", "uploadtime": 1770264955, "views": 160, "formatid": "gen7randombattle", "rating": 1561, "private": 0, "password": null}