{"id": "gen7randombattle-2526725889", "format": "[Gen 7] Random Battle", "players": ["UFO VSkee", "Snoop Rogue"], "log": "|j|☆UFO VSkee\n|j|☆Snoop Rogue\n|t:|1769451843\n|gametype|singles\n|player|p1|UFO VSkee|emmet|1579\n|player|p2|Snoop Rogue|koga-lgpe|1620\n|gen|7\n|tier|[Gen 7] Random Battle\n|rated|\n|rule|Sleep Clause Mod: Limit one foe put to sleep\n|rule|HP Percentage Mod: HP is shown in percentages\n|rule|Illusion Level Mod: Illusion disguises the Pokémon's true level\n|\n|t:|1769451843\n|teamsize|p1|6\n|teamsize|p2|6\n|start\n|switch|p1a: Torterra|Torterra, L88, M|310/310\n|switch|p2a: Minun|Minun, L95, M|268/268\n|turn|1\n|inactive|Battle timer is ON: inactive players will automatically lose when time's up. (requested by Snoop Rogue)\n|\n|t:|1769451859\n|switch|p2a: Toucannon|Toucannon, L88, F|284/284\n|move|p1a: Torterra|Wood Hammer|p2a: Toucannon\n|-resisted|p2a: Toucannon\n|-damage|p2a: Toucannon|206/284\n|-damage|p1a: Torterra|284/310|[from] Recoil\n|\n|-heal|p1a: Torterra|303/310|[from] item: Leftovers\n|upkeep\n|turn|2\n|\n|t:|1769451866\n|switch|p1a: Oricorio|Oricorio-Pom-Pom, L87, M|272/272\n|-singleturn|p2a: Toucannon|move: Beak Blast\n|move|p2a: Toucannon|Beak Blast|p1a: Oricorio\n|-resisted|p1a: Oricorio\n|-damage|p1a: Oricorio|171/272\n|-damage|p2a: Toucannon|178/284|[from] item: Life Orb\n|\n|-heal|p1a: Oricorio|188/272|[from] item: Leftovers\n|upkeep\n|turn|3\n|inactive|UFO VSkee has 120 seconds left.\n|\n|t:|1769451899\n|switch|p1a: Torterra|Torterra, L88, M|303/310\n|move|p2a: Toucannon|Boomburst|p1a: Torterra\n|-damage|p1a: Torterra|142/310\n|-damage|p2a: Toucannon|150/284|[from] item: Life Orb\n|\n|-heal|p1a: Torterra|161/310|[from] item: Leftovers\n|upkeep\n|turn|4\n|\n|t:|1769451907\n|switch|p1a: Oricorio|Oricorio-Pom-Pom, L87, M|188/272\n|move|p2a: Toucannon|Boomburst|p1a: Oricorio\n|-damage|p1a: Oricorio|0 fnt\n|faint|p1a: Oricorio\n|-damage|p2a: Toucannon|122/284|[from] item: Life Orb\n|\n|upkeep\n|inactive|UFO VSkee has 120 seconds left.\n|\n|t:|1769451918\n|switch|p1a: Seviper|Seviper, L94, F|290/290\n|turn|5\n|\n|t:|1769451921\n|-singleturn|p2a: Toucannon|move: Beak Blast\n|move|p1a: Seviper|Sludge Wave|p2a: Toucannon\n|-damage|p2a: Toucannon|0 fnt\n|faint|p2a: Toucannon\n|-damage|p1a: Seviper|261/290|[from] item: Life Orb\n|\n|upkeep\n|\n|t:|1769451928\n|switch|p2a: Solrock|Solrock, L90|308/308\n|turn|6\n|\n|t:|1769451937\n|move|p2a: Solrock|Will-O-Wisp|p1a: Seviper\n|-status|p1a: Seviper|brn\n|move|p1a: Seviper|Glare|p2a: Solrock\n|-status|p2a: Solrock|par\n|\n|-damage|p1a: Seviper|243/290 brn|[from] brn\n|upkeep\n|turn|7\n|\n|t:|1769451943\n|move|p1a: Seviper|Giga Drain|p2a: Solrock\n|-supereffective|p2a: Solrock\n|-damage|p2a: Solrock|108/308 par\n|-heal|p1a: Seviper|290/290 brn|[from] drain|[of] p2a: Solrock\n|-damage|p1a: Seviper|261/290 brn|[from] item: Life Orb\n|move|p2a: Solrock|Stealth Rock|p1a: Seviper\n|-sidestart|p1: UFO VSkee|move: Stealth Rock\n|\n|-heal|p2a: Solrock|127/308 par|[from] item: Leftovers\n|-damage|p1a: Seviper|243/290 brn|[from] brn\n|upkeep\n|turn|8\n|\n|t:|1769451971\n|switch|p2a: Solgaleo|Solgaleo, L73|320/320\n|move|p1a: Seviper|Giga Drain|p2a: Solgaleo\n|-resisted|p2a: Solgaleo\n|-damage|p2a: Solgaleo|267/320\n|-heal|p1a: Seviper|270/290 brn|[from] drain|[of] p2a: Solgaleo\n|-damage|p1a: Seviper|241/290 brn|[from] item: Life Orb\n|\n|-heal|p2a: Solgaleo|287/320|[from] item: Leftovers\n|-damage|p1a: Seviper|223/290 brn|[from] brn\n|upkeep\n|turn|9\n|inactive|Snoop Rogue has 120 seconds left.\n|\n|t:|1769452020\n|switch|p1a: Mismagius|Mismagius, L87, M|246/246\n|-damage|p1a: Mismagius|216/246|[from] Stealth Rock\n|move|p2a: Solgaleo|Sunsteel Strike|p1a: Mismagius\n|-damage|p1a: Mismagius|77/246\n|\n|-heal|p2a: Solgaleo|307/320|[from] item: Leftovers\n|upkeep\n|turn|10\n|\n|t:|1769452038\n|switch|p2a: Solrock|Solrock, L90|127/308 par\n|move|p1a: Mismagius|Shadow Ball|p2a: Solrock\n|-supereffective|p2a: Solrock\n|-damage|p2a: Solrock|0 fnt\n|faint|p2a: Solrock\n|\n|upkeep\n|\n|t:|1769452056\n|switch|p2a: Minun|Minun, L95, M|268/268\n|turn|11\n|\n|t:|1769452066\n|move|p2a: Minun|Nasty Plot|p2a: Minun\n|-boost|p2a: Minun|spa|2\n|move|p1a: Mismagius|Shadow Ball|p2a: Minun\n|-damage|p2a: Minun|145/268\n|\n|-heal|p2a: Minun|161/268|[from] item: Leftovers\n|upkeep\n|turn|12\n|\n|t:|1769452071\n|move|p2a: Minun|Thunderbolt|p1a: Mismagius\n|-damage|p1a: Mismagius|0 fnt\n|faint|p1a: Mismagius\n|\n|-heal|p2a: Minun|177/268|[from] item: Leftovers\n|upkeep\n|\n|t:|1769452077\n|switch|p1a: Dialga|Dialga, L74|270/270\n|-damage|p1a: Dialga|254/270|[from] Stealth Rock\n|-ability|p1a: Dialga|Pressure\n|turn|13\n|\n|t:|1769452084\n|switch|p2a: Solgaleo|Solgaleo, L73|307/320\n|move|p1a: Dialga|Dragon Tail|p2a: Solgaleo\n|-resisted|p2a: Solgaleo\n|-damage|p2a: Solgaleo|276/320\n|drag|p2a: Lapras|Lapras, L88, F|372/372\n|\n|upkeep\n|turn|14\n|\n|t:|1769452111\n|move|p2a: Lapras|Ice Beam|p1a: Dialga\n|-crit|p1a: Dialga\n|-damage|p1a: Dialga|149/270\n|move|p1a: Dialga|Dragon Tail|p2a: Lapras\n|-damage|p2a: Lapras|305/372\n|drag|p2a: Solgaleo|Solgaleo, L73|276/320\n|\n|-heal|p2a: Solgaleo|296/320|[from] item: Leftovers\n|upkeep\n|turn|15\n|\n|t:|1769452120\n|move|p2a: Solgaleo|Earthquake|p1a: Dialga\n|-supereffective|p1a: Dialga\n|-damage|p1a: Dialga|21/270\n|move|p1a: Dialga|Fire Blast|p2a: Solgaleo\n|-supereffective|p2a: Solgaleo\n|-damage|p2a: Solgaleo|112/320\n|\n|-heal|p2a: Solgaleo|132/320|[from] item: Leftovers\n|upkeep\n|turn|16\n|\n|t:|1769452138\n|move|p2a: Solgaleo|Morning Sun|p2a: Solgaleo\n|-heal|p2a: Solgaleo|292/320\n|move|p1a: Dialga|Fire Blast|p2a: Solgaleo\n|-supereffective|p2a: Solgaleo\n|-damage|p2a: Solgaleo|100/320\n|\n|-heal|p2a: Solgaleo|120/320|[from] item: Leftovers\n|upkeep\n|turn|17\n|\n|t:|1769452144\n|move|p2a: Solgaleo|Morning Sun|p2a: Solgaleo\n|-heal|p2a: Solgaleo|280/320\n|move|p1a: Dialga|Fire Blast|p2a: Solgaleo\n|-supereffective|p2a: Solgaleo\n|-damage|p2a: Solgaleo|100/320\n|\n|-heal|p2a: Solgaleo|120/320|[from] item: Leftovers\n|upkeep\n|turn|18\n|inactive|UFO VSkee has 120 seconds left.\n|\n|t:|1769452176\n|move|p2a: Solgaleo|Morning Sun|p2a: Solgaleo\n|-heal|p2a: Solgaleo|280/320\n|move|p1a: Dialga|Fire Blast|p2a: Solgaleo|[miss]\n|-miss|p1a: Dialga|p2a: Solgaleo\n|\n|-heal|p2a: Solgaleo|300/320|[from] item: Leftovers\n|upkeep\n|turn|19\n|inactive|UFO VSkee has 120 seconds left.\n|\n|t:|1769452181\n|move|p2a: Solgaleo|Earthquake|p1a: Dialga\n|-supereffective|p1a: Dialga\n|-damage|p1a: Dialga|0 fnt\n|faint|p1a: Dialga\n|\n|-heal|p2a: Solgaleo|320/320|[from] item: Leftovers\n|upkeep\n|\n|t:|1769452182\n|switch|p1a: Torterra|Torterra, L88, M|161/310\n|-damage|p1a: Torterra|142/310|[from] Stealth Rock\n|turn|20\n|\n|t:|1769452190\n|move|p2a: Solgaleo|Flare Blitz|p1a: Torterra\n|-supereffective|p1a: Torterra\n|-damage|p1a: Torterra|6/310\n|-damage|p2a: Solgaleo|275/320|[from] Recoil\n|move|p1a: Torterra|Earthquake|p2a: Solgaleo\n|-supereffective|p2a: Solgaleo\n|-damage|p2a: Solgaleo|21/320\n|\n|-heal|p2a: Solgaleo|41/320|[from] item: Leftovers\n|-heal|p1a: Torterra|25/310|[from] item: Leftovers\n|upkeep\n|turn|21\n|\n|t:|1769452197\n|move|p2a: Solgaleo|Sunsteel Strike|p1a: Torterra\n|-damage|p1a: Torterra|0 fnt\n|faint|p1a: Torterra\n|\n|-heal|p2a: Solgaleo|61/320|[from] item: Leftovers\n|upkeep\n|\n|t:|1769452198\n|switch|p1a: Swoobat|Swoobat, L88, F|261/261\n|-damage|p1a: Swoobat|196/261|[from] Stealth Rock\n|turn|22\n|\n|t:|1769452203\n|move|p1a: Swoobat|Calm Mind|p1a: Swoobat\n|-boost|p1a: Swoobat|spa|2\n|-boost|p1a: Swoobat|spd|2\n|move|p2a: Solgaleo|Sunsteel Strike|p1a: Swoobat\n|-damage|p1a: Swoobat|48/261\n|\n|-heal|p2a: Solgaleo|81/320|[from] item: Leftovers\n|upkeep\n|turn|23\n|\n|t:|1769452211\n|move|p1a: Swoobat|Heat Wave|p2a: Solgaleo|[miss]\n|-miss|p1a: Swoobat|p2a: Solgaleo\n|move|p2a: Solgaleo|Sunsteel Strike|p1a: Swoobat\n|-damage|p1a: Swoobat|0 fnt\n|faint|p1a: Swoobat\n|\n|-heal|p2a: Solgaleo|101/320|[from] item: Leftovers\n|upkeep\n|c|☆Snoop Rogue|Ce solgaleo de l’enfer\n|-message|UFO VSkee forfeited.\n|\n|win|Snoop Rogue\n|raw|UFO VSkee's rating: 1579 &rarr; <strong>1561</strong><br />(-18 for losing)\n|raw|Snoop Rogue's rating: 1620 &rarr; <strong>1638</strong><br />(+18 for winning)\n|c|☆Snoop Rogue|Bahahahah\n|l|☆UFO VSkee\n|player|p1|\n", "inputlog": ">version b99ff0165a6231f17e8b78c2a78d1998375de664\n>start {\"formatid\":\"gen7randombattle\",\"seed\":\"sodium,cb1971a3d7503981b054c3f61de51b53\",\"rated\":\"Rated battle\"}\n>player p1 {\"name\":\"UFO VSkee\",\"avatar\":\"emmet\",\"rating\":1579,\"seed\":\"sodium,6b15296a8119971b663fb9e2882bfc44\"}\n>player p2 {\"name\":\"Snoop Rogue\",\"avatar\":\"koga-lgpe\",\"rating\":1620,\"seed\":\"sodium,e28bc3365d6589542c24be5f004274e1\"}\n>p1 move woodhammer\n>p2 switch 6\n>p1 switch 5\n>p2 move beakblast\n>p1 switch 5\n>p2 move boomburst\n>p1 switch 5\n>p2 move boomburst\n>p1 switch 3\n>p1 move sludgewave\n>p2 move beakblast\n>p2 switch 2\n>p1 move glare\n>p2 move willowisp\n>p1 move gigadrain\n>p2 move stealthrock\n>p1 move gigadrain\n>p2 switch 4\n>p1 switch 6\n>p2 move sunsteelstrike\n>p1 move shadowball\n>p2 switch 4\n>p2 switch 6\n>p1 move shadowball\n>p2 move nastyplot\n>p1 move shadowball\n>p2 move thunderbolt\n>p1 switch 2\n>p1 move dragontail\n>p2 switch 4\n>p1 move dragontail\n>p2 move icebeam\n>p1 move fireblast\n>p2 move earthquake\n>p1 move fireblast\n>p2 move morningsun\n>p1 move fireblast\n>p2 move morningsun\n>p1 move fireblast\n>p2 move morningsun\n>p1 move fireblast\n>p2 move earthquake\n>p1 switch 5\n>p1 move earthquake\n>p2 move flareblitz\n>p1 move earthquake\n>p2 move sunsteelstrike\n>p1 switch 4\n>p1 move calmmind\n>p2 move sunsteelstrike\n>p1 move heatwave\n>p2 move sunsteelstrike\n>chat ☆Snoop Rogue|Ce solgaleo de l’enfer\n>forcelose p1", "uploadtime": 1769452222, "views": 187, "formatid": "gen7randombattle", "rating": 1561, "private": 0, "password": null}