{"id": "gen7randombattle-2532276725", "format": "[Gen 7] Random Battle", "players": ["86Stingray", "Doge136"], "log": "|j|☆86Stingray\n|j|☆Doge136\n|t:|1770156791\n|gametype|singles\n|player|p1|86Stingray|backersf|1707\n|player|p2|Doge136|harmony|1675\n|gen|7\n|tier|[Gen 7] Random Battle\n|rated|\n|rule|Sleep Clause Mod: Limit one foe put to sleep\n|rule|HP Percentage Mod: HP is shown in percentages\n|rule|Illusion Level Mod: Illusion disguises the Pokémon's true level\n|\n|t:|1770156791\n|teamsize|p1|6\n|teamsize|p2|6\n|start\n|switch|p1a: Mimikyu|Mimikyu, L73, M|201/201\n|switch|p2a: Latias|Latias, L78, F|253/253\n|turn|1\n|\n|t:|1770156808\n|switch|p2a: Tentacruel|Tentacruel, L83, M|268/268\n|move|p1a: Mimikyu|Play Rough|p2a: Tentacruel\n|-resisted|p2a: Tentacruel\n|-damage|p2a: Tentacruel|224/268\n|\n|-heal|p2a: Tentacruel|240/268|[from] item: Black Sludge\n|upkeep\n|turn|2\n|\n|t:|1770156821\n|switch|p1a: Pyukumuku|Pyukumuku, L92, F|251/251\n|move|p2a: Tentacruel|Knock Off|p1a: Pyukumuku\n|-damage|p1a: Pyukumuku|216/251\n|-enditem|p1a: Pyukumuku|Leftovers|[from] move: Knock Off|[of] p2a: Tentacruel\n|\n|-heal|p2a: Tentacruel|256/268|[from] item: Black Sludge\n|upkeep\n|turn|3\n|\n|t:|1770156831\n|move|p2a: Tentacruel|Toxic Spikes|p1a: Pyukumuku\n|-sidestart|p1: 86Stingray|move: Toxic Spikes\n|move|p1a: Pyukumuku|Soak|p2a: Tentacruel\n|-start|p2a: Tentacruel|typechange|Water\n|\n|-damage|p2a: Tentacruel|223/268|[from] item: Black Sludge\n|upkeep\n|turn|4\n|\n|t:|1770156842\n|move|p2a: Tentacruel|Toxic Spikes|p1a: Pyukumuku\n|-sidestart|p1: 86Stingray|move: Toxic Spikes\n|move|p1a: Pyukumuku|Toxic|p2a: Tentacruel\n|-status|p2a: Tentacruel|tox\n|\n|-damage|p2a: Tentacruel|190/268 tox|[from] item: Black Sludge\n|-damage|p2a: Tentacruel|174/268 tox|[from] psn\n|upkeep\n|turn|5\n|\n|t:|1770156873\n|switch|p2a: Kingdra|Kingdra, L85, F|266/266\n|move|p1a: Pyukumuku|Block|p2a: Kingdra\n|-activate|p2a: Kingdra|trapped\n|\n|upkeep\n|turn|6\n|inactive|Battle timer is ON: inactive players will automatically lose when time's up. (requested by 86Stingray)\n|\n|t:|1770156901\n|move|p2a: Kingdra|Waterfall|p1a: Pyukumuku\n|-resisted|p1a: Pyukumuku\n|-damage|p1a: Pyukumuku|186/251\n|move|p1a: Pyukumuku|Toxic|p2a: Kingdra\n|-status|p2a: Kingdra|tox\n|-enditem|p2a: Kingdra|Lum Berry|[eat]\n|-curestatus|p2a: Kingdra|tox|[msg]\n|\n|upkeep\n|turn|7\n|\n|t:|1770156909\n|move|p2a: Kingdra|Waterfall|p1a: Pyukumuku\n|-resisted|p1a: Pyukumuku\n|-damage|p1a: Pyukumuku|158/251\n|move|p1a: Pyukumuku|Toxic|p2a: Kingdra\n|-status|p2a: Kingdra|tox\n|\n|-damage|p2a: Kingdra|250/266 tox|[from] psn\n|upkeep\n|turn|8\n|\n|t:|1770156917\n|move|p2a: Kingdra|Waterfall|p1a: Pyukumuku\n|-resisted|p1a: Pyukumuku\n|-damage|p1a: Pyukumuku|130/251\n|move|p1a: Pyukumuku|Recover|p1a: Pyukumuku\n|-heal|p1a: Pyukumuku|251/251\n|\n|-damage|p2a: Kingdra|218/266 tox|[from] psn\n|upkeep\n|turn|9\n|\n|t:|1770156926\n|move|p2a: Kingdra|Outrage|p1a: Pyukumuku\n|-damage|p1a: Pyukumuku|161/251\n|move|p1a: Pyukumuku|Soak|p2a: Kingdra\n|-start|p2a: Kingdra|typechange|Water\n|\n|-damage|p2a: Kingdra|170/266 tox|[from] psn\n|upkeep\n|turn|10\n|\n|t:|1770156933\n|move|p2a: Kingdra|Outrage|p1a: Pyukumuku|[from] lockedmove\n|-damage|p1a: Pyukumuku|98/251\n|move|p1a: Pyukumuku|Recover|p1a: Pyukumuku\n|-heal|p1a: Pyukumuku|224/251\n|\n|-damage|p2a: Kingdra|106/266 tox|[from] psn\n|upkeep\n|turn|11\n|\n|t:|1770156941\n|move|p2a: Kingdra|Outrage|p1a: Pyukumuku|[from] lockedmove\n|-damage|p1a: Pyukumuku|161/251\n|-start|p2a: Kingdra|confusion|[fatigue]\n|move|p1a: Pyukumuku|Recover|p1a: Pyukumuku\n|-heal|p1a: Pyukumuku|251/251\n|\n|-damage|p2a: Kingdra|26/266 tox|[from] psn\n|upkeep\n|turn|12\n|\n|t:|1770156949\n|-activate|p2a: Kingdra|confusion\n|move|p2a: Kingdra|Outrage|p1a: Pyukumuku\n|-damage|p1a: Pyukumuku|187/251\n|move|p1a: Pyukumuku|Recover|p1a: Pyukumuku\n|-heal|p1a: Pyukumuku|251/251\n|\n|-damage|p2a: Kingdra|0 fnt|[from] psn\n|faint|p2a: Kingdra\n|upkeep\n|\n|t:|1770156975\n|switch|p2a: Hitmontop|Hitmontop, L90, M|236/236\n|-ability|p2a: Hitmontop|Intimidate|boost\n|-unboost|p1a: Pyukumuku|atk|1\n|turn|13\n|\n|t:|1770156984\n|move|p2a: Hitmontop|Close Combat|p1a: Pyukumuku\n|-damage|p1a: Pyukumuku|149/251\n|-unboost|p2a: Hitmontop|def|1\n|-unboost|p2a: Hitmontop|spd|1\n|move|p1a: Pyukumuku|Toxic|p2a: Hitmontop\n|-status|p2a: Hitmontop|tox\n|\n|-damage|p2a: Hitmontop|222/236 tox|[from] psn\n|upkeep\n|turn|14\n|\n|t:|1770156993\n|move|p2a: Hitmontop|Close Combat|p1a: Pyukumuku\n|-damage|p1a: Pyukumuku|58/251\n|-unboost|p2a: Hitmontop|def|1\n|-unboost|p2a: Hitmontop|spd|1\n|move|p1a: Pyukumuku|Recover|p1a: Pyukumuku\n|-heal|p1a: Pyukumuku|184/251\n|\n|-damage|p2a: Hitmontop|194/236 tox|[from] psn\n|upkeep\n|turn|15\n|\n|t:|1770157001\n|move|p2a: Hitmontop|Close Combat|p1a: Pyukumuku\n|-damage|p1a: Pyukumuku|82/251\n|-unboost|p2a: Hitmontop|def|1\n|-unboost|p2a: Hitmontop|spd|1\n|move|p1a: Pyukumuku|Recover|p1a: Pyukumuku\n|-heal|p1a: Pyukumuku|208/251\n|\n|-damage|p2a: Hitmontop|152/236 tox|[from] psn\n|upkeep\n|turn|16\n|\n|t:|1770157013\n|move|p2a: Hitmontop|Close Combat|p1a: Pyukumuku\n|-damage|p1a: Pyukumuku|111/251\n|-unboost|p2a: Hitmontop|def|1\n|-unboost|p2a: Hitmontop|spd|1\n|move|p1a: Pyukumuku|Block|p2a: Hitmontop\n|-activate|p2a: Hitmontop|trapped\n|\n|-damage|p2a: Hitmontop|96/236 tox|[from] psn\n|upkeep\n|turn|17\n|\n|t:|1770157021\n|move|p2a: Hitmontop|Close Combat|p1a: Pyukumuku\n|-damage|p1a: Pyukumuku|20/251\n|-unboost|p2a: Hitmontop|def|1\n|-unboost|p2a: Hitmontop|spd|1\n|move|p1a: Pyukumuku|Recover|p1a: Pyukumuku\n|-heal|p1a: Pyukumuku|146/251\n|\n|-damage|p2a: Hitmontop|26/236 tox|[from] psn\n|upkeep\n|turn|18\n|\n|t:|1770157030\n|move|p2a: Hitmontop|Close Combat|p1a: Pyukumuku\n|-damage|p1a: Pyukumuku|43/251\n|-unboost|p2a: Hitmontop|def|1\n|-unboost|p2a: Hitmontop|spd|1\n|move|p1a: Pyukumuku|Recover|p1a: Pyukumuku\n|-heal|p1a: Pyukumuku|169/251\n|\n|-damage|p2a: Hitmontop|0 fnt|[from] psn\n|faint|p2a: Hitmontop\n|upkeep\n|\n|t:|1770157058\n|switch|p2a: Tentacruel|Tentacruel, L83, M|174/268 tox\n|turn|19\n|\n|t:|1770157069\n|move|p2a: Tentacruel|Sludge Bomb|p1a: Pyukumuku\n|-damage|p1a: Pyukumuku|114/251\n|-status|p1a: Pyukumuku|psn\n|move|p1a: Pyukumuku|Block|p2a: Tentacruel\n|-activate|p2a: Tentacruel|trapped\n|\n|-heal|p2a: Tentacruel|190/268 tox|[from] item: Black Sludge\n|-damage|p2a: Tentacruel|174/268 tox|[from] psn\n|-damage|p1a: Pyukumuku|83/251 psn|[from] psn\n|upkeep\n|turn|20\n|\n|t:|1770157077\n|move|p2a: Tentacruel|Sludge Bomb|p1a: Pyukumuku\n|-damage|p1a: Pyukumuku|29/251 psn\n|move|p1a: Pyukumuku|Recover|p1a: Pyukumuku\n|-heal|p1a: Pyukumuku|155/251 psn\n|\n|-heal|p2a: Tentacruel|190/268 tox|[from] item: Black Sludge\n|-damage|p2a: Tentacruel|158/268 tox|[from] psn\n|-damage|p1a: Pyukumuku|124/251 psn|[from] psn\n|upkeep\n|turn|21\n|\n|t:|1770157086\n|move|p2a: Tentacruel|Sludge Bomb|p1a: Pyukumuku\n|-damage|p1a: Pyukumuku|69/251 psn\n|move|p1a: Pyukumuku|Recover|p1a: Pyukumuku\n|-heal|p1a: Pyukumuku|195/251 psn\n|\n|-heal|p2a: Tentacruel|174/268 tox|[from] item: Black Sludge\n|-damage|p2a: Tentacruel|126/268 tox|[from] psn\n|-damage|p1a: Pyukumuku|164/251 psn|[from] psn\n|upkeep\n|turn|22\n|\n|t:|1770157095\n|move|p2a: Tentacruel|Sludge Bomb|p1a: Pyukumuku\n|-damage|p1a: Pyukumuku|113/251 psn\n|move|p1a: Pyukumuku|Recover|p1a: Pyukumuku\n|-heal|p1a: Pyukumuku|239/251 psn\n|\n|-heal|p2a: Tentacruel|142/268 tox|[from] item: Black Sludge\n|-damage|p2a: Tentacruel|78/268 tox|[from] psn\n|-damage|p1a: Pyukumuku|208/251 psn|[from] psn\n|upkeep\n|turn|23\n|\n|t:|1770157106\n|move|p2a: Tentacruel|Sludge Bomb|p1a: Pyukumuku\n|-damage|p1a: Pyukumuku|151/251 psn\n|move|p1a: Pyukumuku|Recover|p1a: Pyukumuku\n|-heal|p1a: Pyukumuku|251/251 psn\n|\n|-heal|p2a: Tentacruel|94/268 tox|[from] item: Black Sludge\n|-damage|p2a: Tentacruel|14/268 tox|[from] psn\n|-damage|p1a: Pyukumuku|220/251 psn|[from] psn\n|upkeep\n|turn|24\n|\n|t:|1770157116\n|move|p2a: Tentacruel|Sludge Bomb|p1a: Pyukumuku\n|-damage|p1a: Pyukumuku|163/251 psn\n|move|p1a: Pyukumuku|Recover|p1a: Pyukumuku\n|-heal|p1a: Pyukumuku|251/251 psn\n|\n|-heal|p2a: Tentacruel|30/268 tox|[from] item: Black Sludge\n|-damage|p2a: Tentacruel|0 fnt|[from] psn\n|faint|p2a: Tentacruel\n|-damage|p1a: Pyukumuku|220/251 psn|[from] psn\n|upkeep\n|\n|t:|1770157124\n|switch|p2a: Sylveon|Sylveon, L85, F|300/300\n|turn|25\n|\n|t:|1770157137\n|move|p2a: Sylveon|Hyper Voice|p1a: Pyukumuku\n|-damage|p1a: Pyukumuku|136/251 psn\n|move|p1a: Pyukumuku|Toxic|p2a: Sylveon|[miss]\n|-miss|p1a: Pyukumuku|p2a: Sylveon\n|\n|-damage|p1a: Pyukumuku|105/251 psn|[from] psn\n|upkeep\n|turn|26\n|\n|t:|1770157145\n|move|p2a: Sylveon|Protect|p2a: Sylveon\n|-singleturn|p2a: Sylveon|Protect\n|move|p1a: Pyukumuku|Toxic|p2a: Sylveon\n|-activate|p2a: Sylveon|move: Protect\n|\n|-damage|p1a: Pyukumuku|74/251 psn|[from] psn\n|upkeep\n|turn|27\n|\n|t:|1770157152\n|move|p2a: Sylveon|Hyper Voice|p1a: Pyukumuku\n|-damage|p1a: Pyukumuku|0 fnt\n|faint|p1a: Pyukumuku\n|\n|upkeep\n|\n|t:|1770157165\n|switch|p1a: Shiftry|Shiftry, L90, F|308/308\n|-status|p1a: Shiftry|tox\n|turn|28\n|c|☆Doge136|yea fuck stall i think\n|\n|t:|1770157182\n|move|p1a: Shiftry|Defog|p2a: Sylveon\n|-unboost|p2a: Sylveon|evasion|1\n|-sideend|p1: 86Stingray|Toxic Spikes|[from] move: Defog|[of] p1a: Shiftry\n|move|p2a: Sylveon|Hyper Voice|p1a: Shiftry\n|-supereffective|p1a: Shiftry\n|-damage|p1a: Shiftry|0 fnt\n|faint|p1a: Shiftry\n|\n|upkeep\n|\n|t:|1770157195\n|switch|p1a: Mimikyu|Mimikyu, L73, M|201/201\n|turn|29\n|\n|t:|1770157200\n|move|p1a: Mimikyu|Swords Dance|p1a: Mimikyu\n|-boost|p1a: Mimikyu|atk|2\n|move|p2a: Sylveon|Hyper Voice|p1a: Mimikyu\n|-activate|p1a: Mimikyu|ability: Disguise\n|-damage|p1a: Mimikyu|201/201\n|detailschange|p1a: Mimikyu|Mimikyu-Busted, L73, M\n|\n|upkeep\n|turn|30\n|\n|t:|1770157216\n|switch|p2a: Ninjask|Ninjask, L88, F|251/251\n|-zpower|p1a: Mimikyu\n|move|p1a: Mimikyu|Let's Snuggle Forever|p2a: Ninjask|[zeffect]\n|-damage|p2a: Ninjask|0 fnt\n|faint|p2a: Ninjask\n|\n|upkeep\n|\n|t:|1770157221\n|switch|p2a: Sylveon|Sylveon, L85, F|300/300\n|turn|31\n|\n|t:|1770157228\n|move|p1a: Mimikyu|Play Rough|p2a: Sylveon|[miss]\n|-miss|p1a: Mimikyu|p2a: Sylveon\n|move|p2a: Sylveon|Hyper Voice|p1a: Mimikyu\n|-damage|p1a: Mimikyu|66/201\n|\n|upkeep\n|turn|32\n|c|☆Doge136|HUGE MISS NUMBER TWO\n|\n|t:|1770157235\n|move|p1a: Mimikyu|Play Rough|p2a: Sylveon\n|-damage|p2a: Sylveon|114/300\n|move|p2a: Sylveon|Hyper Voice|p1a: Mimikyu\n|-damage|p1a: Mimikyu|0 fnt\n|faint|p1a: Mimikyu\n|detailschange|p1: Mimikyu|Mimikyu, L73, M|[silent]\n|\n|-heal|p2a: Sylveon|132/300|[from] item: Leftovers\n|upkeep\n|\n|t:|1770157245\n|switch|p1a: Tornadus|Tornadus, L82, M|263/263\n|turn|33\n|\n|t:|1770157253\n|move|p1a: Tornadus|Acrobatics|p2a: Sylveon\n|-damage|p2a: Sylveon|0 fnt\n|faint|p2a: Sylveon\n|\n|upkeep\n|\n|t:|1770157256\n|switch|p2a: Latias|Latias, L78, F|253/253\n|turn|34\n|\n|t:|1770157269\n|detailschange|p2a: Latias|Latias-Mega, L78, F\n|-mega|p2a: Latias|Latias|Latiasite\n|move|p1a: Tornadus|Knock Off|p2a: Latias\n|-supereffective|p2a: Latias\n|-damage|p2a: Latias|163/253\n|move|p2a: Latias|Calm Mind|p2a: Latias\n|-boost|p2a: Latias|spa|1\n|-boost|p2a: Latias|spd|1\n|\n|upkeep\n|turn|35\n|\n|t:|1770157280\n|move|p1a: Tornadus|Acrobatics|p2a: Latias\n|-damage|p2a: Latias|60/253\n|move|p2a: Latias|Roost|p2a: Latias\n|-heal|p2a: Latias|187/253\n|-singleturn|p2a: Latias|move: Roost\n|\n|upkeep\n|turn|36\n|\n|t:|1770157287\n|move|p1a: Tornadus|Bulk Up|p1a: Tornadus\n|-boost|p1a: Tornadus|atk|1\n|-boost|p1a: Tornadus|def|1\n|move|p2a: Latias|Roost|p2a: Latias\n|-heal|p2a: Latias|253/253\n|-singleturn|p2a: Latias|move: Roost\n|\n|upkeep\n|turn|37\n|\n|t:|1770157294\n|move|p1a: Tornadus|Acrobatics|p2a: Latias\n|-damage|p2a: Latias|88/253\n|move|p2a: Latias|Draco Meteor|p1a: Tornadus\n|-damage|p1a: Tornadus|0 fnt\n|-unboost|p2a: Latias|spa|2\n|faint|p1a: Tornadus\n|\n|upkeep\n|\n|t:|1770157307\n|switch|p1a: Terrakion|Terrakion, L78|270/270\n|turn|38\n|\n|t:|1770157313\n|move|p2a: Latias|Roost|p2a: Latias\n|-heal|p2a: Latias|215/253\n|-singleturn|p2a: Latias|move: Roost\n|move|p1a: Terrakion|Stone Edge|p2a: Latias|[miss]\n|-miss|p1a: Terrakion|p2a: Latias\n|\n|upkeep\n|turn|39\n|\n|t:|1770157324\n|move|p2a: Latias|Psyshock|p1a: Terrakion\n|-supereffective|p1a: Terrakion\n|-crit|p1a: Terrakion\n|-damage|p1a: Terrakion|0 fnt\n|faint|p1a: Terrakion\n|\n|upkeep\n|\n|t:|1770157328\n|switch|p1a: Comfey|Comfey, L87, M|230/230\n|turn|40\n|\n|t:|1770157334\n|move|p1a: Comfey|Calm Mind|p1a: Comfey\n|-boost|p1a: Comfey|spa|1\n|-boost|p1a: Comfey|spd|1\n|move|p2a: Latias|Calm Mind|p2a: Latias\n|-boost|p2a: Latias|spa|1\n|-boost|p2a: Latias|spd|1\n|\n|upkeep\n|turn|41\n|\n|t:|1770157341\n|move|p1a: Comfey|Draining Kiss|p2a: Latias\n|-supereffective|p2a: Latias\n|-damage|p2a: Latias|165/253\n|move|p2a: Latias|Calm Mind|p2a: Latias\n|-boost|p2a: Latias|spa|1\n|-boost|p2a: Latias|spd|1\n|\n|upkeep\n|turn|42\n|\n|t:|1770157347\n|move|p1a: Comfey|Draining Kiss|p2a: Latias\n|-supereffective|p2a: Latias\n|-damage|p2a: Latias|121/253\n|move|p2a: Latias|Calm Mind|p2a: Latias\n|-boost|p2a: Latias|spa|1\n|-boost|p2a: Latias|spd|1\n|\n|upkeep\n|turn|43\n|\n|t:|1770157358\n|move|p1a: Comfey|Draining Kiss|p2a: Latias\n|-supereffective|p2a: Latias\n|-damage|p2a: Latias|83/253\n|move|p2a: Latias|Roost|p2a: Latias\n|-heal|p2a: Latias|210/253\n|-singleturn|p2a: Latias|move: Roost\n|\n|upkeep\n|turn|44\n|c|☆86Stingray|can i get one of those crits man damn\n|\n|t:|1770157368\n|move|p1a: Comfey|Draining Kiss|p2a: Latias\n|-supereffective|p2a: Latias\n|-damage|p2a: Latias|174/253\n|move|p2a: Latias|Psyshock|p1a: Comfey\n|-damage|p1a: Comfey|35/230\n|\n|-heal|p1a: Comfey|49/230|[from] item: Leftovers\n|upkeep\n|turn|45\n|c|☆Doge136|gg mate\n|c|☆Doge136|biggest comeback of all time?\n|c|☆86Stingray|gg\n|inactive|86Stingray has 120 seconds left.\n|c|☆86Stingray|you proud of those crits/misses or something?\n|\n|t:|1770157408\n|move|p1a: Comfey|Draining Kiss|p2a: Latias\n|-supereffective|p2a: Latias\n|-damage|p2a: Latias|136/253\n|-heal|p1a: Comfey|78/230|[from] drain|[of] p2a: Latias\n|move|p2a: Latias|Psyshock|p1a: Comfey\n|-damage|p1a: Comfey|0 fnt\n|faint|p1a: Comfey\n|\n|win|Doge136\n|raw|86Stingray's rating: 1707 &rarr; <strong>1685</strong><br />(-22 for losing)\n|raw|Doge136's rating: 1675 &rarr; <strong>1697</strong><br />(+22 for winning)\n|c|☆Doge136|proud of how i played pyuk\n|c|☆Doge136|i played to have the best chance to win after it dies\n|c|☆86Stingray|you got a sludge bomb poison and then i missed toxic\n|c|☆Doge136|and i was rewarded for playing well\n|c|☆Doge136|in the situationi was given\n|c|☆86Stingray|sure thing man\n", "inputlog": ">version ccdc32dd7cde25fd9e4bed64820e885f66e78a4e\n>start {\"formatid\":\"gen7randombattle\",\"seed\":\"sodium,48d0d279f9c1308015e8f4b8dba69145\",\"rated\":\"Rated battle\"}\n>player p1 {\"name\":\"86Stingray\",\"avatar\":\"backersf\",\"rating\":1707,\"seed\":\"sodium,404bdc35bd43272acb7b1f7593521197\"}\n>player p2 {\"name\":\"Doge136\",\"avatar\":\"harmony\",\"rating\":1675,\"seed\":\"sodium,fc4b004771c053dd4956d7e2cdb510cd\"}\n>p1 move playrough\n>p2 switch 2\n>p1 switch 5\n>p2 move knockoff\n>p1 move soak\n>p2 move toxicspikes\n>p1 move toxic\n>p2 move toxicspikes\n>p1 move block\n>p2 switch 6\n>p1 move toxic\n>p2 move waterfall\n>p1 move toxic\n>p2 move waterfall\n>p1 move recover\n>p2 move waterfall\n>p1 move soak\n>p2 move outrage\n>p1 move recover\n>p2 move outrage\n>p1 move recover\n>p2 move outrage\n>p1 move recover\n>p2 move outrage\n>p2 switch 3\n>p1 move toxic\n>p2 move closecombat\n>p1 move recover\n>p2 move closecombat\n>p1 move recover\n>p2 move closecombat\n>p1 move block\n>p2 move closecombat\n>p1 move recover\n>p2 move closecombat\n>p1 move recover\n>p2 move closecombat\n>p2 switch 6\n>p1 move block\n>p2 move sludgebomb\n>p1 move recover\n>p2 move sludgebomb\n>p1 move recover\n>p2 move sludgebomb\n>p1 move recover\n>p2 move sludgebomb\n>p1 move recover\n>p2 move sludgebomb\n>p1 move recover\n>p2 move sludgebomb\n>p2 switch 4\n>p1 move toxic\n>p2 move hypervoice\n>p1 move toxic\n>p2 move protect\n>p1 move toxic\n>p2 move hypervoice\n>p1 switch 6\n>chat ☆Doge136|yea fuck stall i think\n>p1 move defog\n>p2 move hypervoice\n>p1 switch 5\n>p1 move swordsdance\n>p2 move hypervoice\n>p1 move playrough zmove\n>p2 switch 5\n>p2 switch 5\n>p1 move playrough\n>p2 move hypervoice\n>chat ☆Doge136|HUGE MISS NUMBER TWO\n>p1 move playrough\n>p2 move hypervoice\n>p1 switch 3\n>p1 move acrobatics\n>p2 move hypervoice\n>p2 switch 2\n>p1 move knockoff\n>p2 move calmmind mega\n>p1 move acrobatics\n>p2 move roost\n>p1 move bulkup\n>p2 move roost\n>p1 move acrobatics\n>p2 move dracometeor\n>p1 switch 2\n>p1 move stoneedge\n>p2 move roost\n>p1 move stoneedge\n>p2 move psyshock\n>p1 switch 4\n>p1 move calmmind\n>p2 move calmmind\n>p1 move drainingkiss\n>p2 move calmmind\n>p1 move drainingkiss\n>p2 move calmmind\n>p1 move drainingkiss\n>p2 move roost\n>chat ☆86Stingray|can i get one of those crits man damn\n>p1 move drainingkiss\n>p2 move psyshock\n>chat ☆Doge136|gg mate\n>chat ☆Doge136|biggest comeback of all time?\n>chat ☆86Stingray|gg\n>chat ☆86Stingray|you proud of those crits/misses or something?\n>p1 move drainingkiss\n>p2 move psyshock", "uploadtime": 1770157453, "views": 145, "formatid": "gen7randombattle", "rating": 1685, "private": 0, "password": null}