{"id": "gen7randombattle-2535662980", "format": "[Gen 7] Random Battle", "players": ["La.Hellhound", "aespa winter fan"], "log": "|j|‽La.Hellhound\n|j|☆aespa winter fan\n|t:|1770592578\n|gametype|singles\n|player|p1|La.Hellhound|bruno|1659\n|player|p2|aespa winter fan|170|1692\n|gen|7\n|tier|[Gen 7] Random Battle\n|rated|\n|rule|Sleep Clause Mod: Limit one foe put to sleep\n|rule|HP Percentage Mod: HP is shown in percentages\n|rule|Illusion Level Mod: Illusion disguises the Pokémon's true level\n|\n|t:|1770592578\n|teamsize|p1|6\n|teamsize|p2|6\n|start\n|switch|p1a: Ambipom|Ambipom, L84, M|263/263\n|switch|p2a: Garchomp|Garchomp, L75, M|286/286\n|turn|1\n|inactive|Battle timer is ON: inactive players will automatically lose when time's up. (requested by La.Hellhound)\n|inactive|La.Hellhound has 120 seconds left.\n|\n|t:|1770592609\n|switch|p1a: Gligar|Gligar, L82, M|241/241\n|switch|p2a: Aromatisse|Aromatisse, L91, M|332/332\n|\n|upkeep\n|turn|2\n|\n|t:|1770592633\n|move|p2a: Aromatisse|Protect|p2a: Aromatisse\n|-singleturn|p2a: Aromatisse|Protect\n|move|p1a: Gligar|Toxic|p2a: Aromatisse\n|-activate|p2a: Aromatisse|move: Protect\n|\n|upkeep\n|turn|3\n|inactive|La.Hellhound has 120 seconds left.\n|\n|t:|1770592686\n|switch|p2a: Cacturne|Cacturne, L93, F|281/281\n|move|p1a: Gligar|Earthquake|p2a: Cacturne\n|-resisted|p2a: Cacturne\n|-damage|p2a: Cacturne|230/281\n|\n|upkeep\n|turn|4\n|\n|t:|1770592693\n|move|p1a: Gligar|Toxic|p2a: Cacturne\n|-status|p2a: Cacturne|tox\n|move|p2a: Cacturne|Swords Dance|p2a: Cacturne\n|-boost|p2a: Cacturne|atk|2\n|\n|-damage|p2a: Cacturne|213/281 tox|[from] psn\n|upkeep\n|turn|5\n|\n|t:|1770592705\n|switch|p1a: Incineroar|Incineroar, L82, F|290/290\n|-ability|p1a: Incineroar|Intimidate|boost\n|-unboost|p2a: Cacturne|atk|1\n|move|p2a: Cacturne|Seed Bomb|p1a: Incineroar\n|-resisted|p1a: Incineroar\n|-damage|p1a: Incineroar|174/290\n|-damage|p2a: Cacturne|185/281 tox|[from] item: Life Orb\n|\n|-damage|p2a: Cacturne|151/281 tox|[from] psn\n|upkeep\n|turn|6\n|\n|t:|1770592720\n|switch|p1a: Victreebel|Victreebel, L90, M|290/290\n|move|p2a: Cacturne|Drain Punch|p1a: Victreebel\n|-resisted|p1a: Victreebel\n|-damage|p1a: Victreebel|209/290\n|-heal|p2a: Cacturne|192/281 tox|[from] drain|[of] p1a: Victreebel\n|-damage|p2a: Cacturne|164/281 tox|[from] item: Life Orb\n|\n|-damage|p2a: Cacturne|113/281 tox|[from] psn\n|upkeep\n|turn|7\n|\n|t:|1770592749\n|switch|p1a: Incineroar|Incineroar, L82, F|174/290\n|-ability|p1a: Incineroar|Intimidate|boost\n|-unboost|p2a: Cacturne|atk|1\n|move|p2a: Cacturne|Sucker Punch||[still]\n|-fail|p2a: Cacturne\n|\n|-damage|p2a: Cacturne|45/281 tox|[from] psn\n|upkeep\n|turn|8\n|inactive|La.Hellhound has 90 seconds left.\n|inactive|La.Hellhound has 60 seconds left.\n|\n|t:|1770592814\n|switch|p1a: Victreebel|Victreebel, L90, M|209/290\n|move|p2a: Cacturne|Drain Punch|p1a: Victreebel\n|-resisted|p1a: Victreebel\n|-damage|p1a: Victreebel|154/290\n|-heal|p2a: Cacturne|73/281 tox|[from] drain|[of] p1a: Victreebel\n|-damage|p2a: Cacturne|45/281 tox|[from] item: Life Orb\n|\n|-damage|p2a: Cacturne|0 fnt|[from] psn\n|faint|p2a: Cacturne\n|upkeep\n|inactive|aespa winter fan has 120 seconds left.\n|\n|t:|1770592833\n|switch|p2a: Beedrill|Beedrill, L77, M|227/227\n|turn|9\n|inactive|La.Hellhound has 60 seconds left.\n|\n|t:|1770592849\n|switch|p1a: Gligar|Gligar, L82, M|241/241\n|detailschange|p2a: Beedrill|Beedrill-Mega, L77, M\n|-mega|p2a: Beedrill|Beedrill|Beedrillite\n|move|p2a: Beedrill|Poison Jab|p1a: Gligar\n|-resisted|p1a: Gligar\n|-damage|p1a: Gligar|197/241\n|\n|upkeep\n|turn|10\n|\n|t:|1770592859\n|move|p2a: Beedrill|U-turn|p1a: Gligar\n|-resisted|p1a: Gligar\n|-crit|p1a: Gligar\n|-damage|p1a: Gligar|141/241\n|\n|t:|1770592870\n|switch|p2a: Bruxish|Bruxish, L85, M|254/254|[from] U-turn\n|move|p1a: Gligar|Earthquake|p2a: Bruxish\n|-damage|p2a: Bruxish|166/254\n|\n|upkeep\n|turn|11\n|inactive|La.Hellhound has 60 seconds left.\n|\n|t:|1770592896\n|switch|p1a: Seismitoad|Seismitoad, L85, M|317/317\n|move|p2a: Bruxish|Liquidation|p1a: Seismitoad\n|-immune|p1a: Seismitoad|[from] ability: Water Absorb\n|\n|upkeep\n|turn|12\n|inactive|aespa winter fan has 120 seconds left.\n|\n|t:|1770592944\n|switch|p2a: Aromatisse|Aromatisse, L91, M|332/332\n|move|p1a: Seismitoad|Stealth Rock|p2a: Aromatisse\n|-sidestart|p2: aespa winter fan|move: Stealth Rock\n|\n|upkeep\n|turn|13\n|inactive|La.Hellhound has 30 seconds left.\n|\n|t:|1770592980\n|move|p1a: Seismitoad|Toxic|p2a: Aromatisse\n|-status|p2a: Aromatisse|tox\n|move|p2a: Aromatisse|Wish|p2a: Aromatisse\n|\n|-damage|p2a: Aromatisse|312/332 tox|[from] psn\n|upkeep\n|turn|14\n|inactive|La.Hellhound has 30 seconds left.\n|inactive|aespa winter fan has 120 seconds left.\n|\n|t:|1770593006\n|move|p1a: Seismitoad|Earthquake|p2a: Aromatisse\n|-damage|p2a: Aromatisse|206/332 tox\n|move|p2a: Aromatisse|Toxic|p1a: Seismitoad\n|-status|p1a: Seismitoad|tox\n|\n|-heal|p2a: Aromatisse|332/332 tox|[from] move: Wish|[wisher] Aromatisse\n|-damage|p1a: Seismitoad|298/317 tox|[from] psn\n|-damage|p2a: Aromatisse|292/332 tox|[from] psn\n|upkeep\n|turn|15\n|inactive|La.Hellhound has 30 seconds left.\n|inactive|La.Hellhound has 20 seconds left.\n|inactive|La.Hellhound has 15 seconds left.\n|inactive|La.Hellhound has 10 seconds left.\n|inactive|La.Hellhound has 5 seconds left.\n|\n|t:|1770593041\n|move|p1a: Seismitoad|Stealth Rock||[still]\n|-fail|p1a: Seismitoad\n|move|p2a: Aromatisse|Wish|p2a: Aromatisse\n|\n|-heal|p1a: Seismitoad|317/317 tox|[from] item: Leftovers\n|-heal|p2a: Aromatisse|312/332 tox|[from] item: Leftovers\n|-damage|p1a: Seismitoad|279/317 tox|[from] psn\n|-damage|p2a: Aromatisse|252/332 tox|[from] psn\n|upkeep\n|turn|16\n|inactive|La.Hellhound has 15 seconds left this turn.\n|inactiveoff|Battle timer is now OFF.\n|\n|t:|1770593048\n|switch|p1a: Aggron|Aggron, L81, F|246/246\n|switch|p2a: Garchomp|Garchomp, L75, M|286/286\n|-damage|p2a: Garchomp|269/286|[from] Stealth Rock\n|\n|-heal|p2a: Garchomp|286/286|[from] move: Wish|[wisher] Aromatisse\n|upkeep\n|turn|17\n|inactive|Battle timer is ON: inactive players will automatically lose when time's up. (requested by aespa winter fan)\n|inactive|La.Hellhound has 25 seconds left this turn.\n|inactive|La.Hellhound has 20 seconds left.\n|\n|t:|1770593056\n|switch|p1a: Gligar|Gligar, L82, M|141/241\n|move|p2a: Garchomp|Swords Dance|p2a: Garchomp\n|-boost|p2a: Garchomp|atk|2\n|\n|upkeep\n|turn|18\n|inactive|La.Hellhound has 30 seconds left this turn.\n|\n|t:|1770593070\n|-zpower|p2a: Garchomp\n|move|p2a: Garchomp|Devastating Drake|p1a: Gligar|[zeffect]\n|-damage|p1a: Gligar|0 fnt\n|faint|p1a: Gligar\n|\n|upkeep\n|inactive|La.Hellhound has 30 seconds left this turn.\n|inactive|La.Hellhound has 20 seconds left.\n|\n|t:|1770593081\n|switch|p1a: Incineroar|Incineroar, L82, F|174/290\n|-ability|p1a: Incineroar|Intimidate|boost\n|-unboost|p2a: Garchomp|atk|1\n|turn|19\n|inactive|La.Hellhound has 30 seconds left this turn.\n|inactive|La.Hellhound has 20 seconds left.\n|\n|t:|1770593093\n|switch|p1a: Victreebel|Victreebel, L90, M|154/290\n|move|p2a: Garchomp|Earthquake|p1a: Victreebel\n|-damage|p1a: Victreebel|0 fnt\n|faint|p1a: Victreebel\n|\n|upkeep\n|inactive|La.Hellhound has 25 seconds left this turn.\n|inactive|La.Hellhound has 20 seconds left.\n|\n|t:|1770593102\n|switch|p1a: Ambipom|Ambipom, L84, M|263/263\n|turn|20\n|inactive|La.Hellhound has 30 seconds left this turn.\n|\n|t:|1770593112\n|move|p1a: Ambipom|Fake Out|p2a: Garchomp\n|-damage|p2a: Garchomp|202/286\n|-damage|p1a: Ambipom|231/263|[from] ability: Rough Skin|[of] p2a: Garchomp\n|cant|p2a: Garchomp|flinch\n|\n|upkeep\n|turn|21\n|\n|t:|1770593118\n|move|p1a: Ambipom|U-turn|p2a: Garchomp\n|-damage|p2a: Garchomp|147/286\n|-damage|p1a: Ambipom|199/263|[from] ability: Rough Skin|[of] p2a: Garchomp\n|\n|t:|1770593123\n|switch|p1a: Incineroar|Incineroar, L82, F|174/290|[from] U-turn\n|-ability|p1a: Incineroar|Intimidate|boost\n|-unboost|p2a: Garchomp|atk|1\n|move|p2a: Garchomp|Earthquake|p1a: Incineroar\n|-supereffective|p1a: Incineroar\n|-damage|p1a: Incineroar|0 fnt\n|faint|p1a: Incineroar\n|\n|upkeep\n|\n|t:|1770593132\n|switch|p1a: Ambipom|Ambipom, L84, M|199/263\n|turn|22\n|\n|t:|1770593136\n|switch|p2a: Aromatisse|Aromatisse, L91, M|252/332 tox\n|-damage|p2a: Aromatisse|211/332 tox|[from] Stealth Rock\n|move|p1a: Ambipom|Fake Out|p2a: Aromatisse\n|-damage|p2a: Aromatisse|126/332 tox\n|\n|-heal|p2a: Aromatisse|146/332 tox|[from] item: Leftovers\n|-damage|p2a: Aromatisse|126/332 tox|[from] psn\n|upkeep\n|turn|23\n|\n|t:|1770593147\n|move|p1a: Ambipom|Return|p2a: Aromatisse\n|-damage|p2a: Aromatisse|0 fnt\n|faint|p2a: Aromatisse\n|\n|upkeep\n|\n|t:|1770593161\n|switch|p2a: Slurpuff|Slurpuff, L79, F|258/258\n|-damage|p2a: Slurpuff|226/258|[from] Stealth Rock\n|turn|24\n|inactive|La.Hellhound has 60 seconds left.\n|\n|t:|1770593171\n|move|p1a: Ambipom|U-turn|p2a: Slurpuff\n|-resisted|p2a: Slurpuff\n|-damage|p2a: Slurpuff|200/258\n|\n|t:|1770593174\n|switch|p1a: Aggron|Aggron, L81, F|246/246|[from] U-turn\n|move|p2a: Slurpuff|Belly Drum|p2a: Slurpuff\n|-damage|p2a: Slurpuff|71/258\n|-setboost|p2a: Slurpuff|atk|6|[from] move: Belly Drum\n|-enditem|p2a: Slurpuff|Sitrus Berry|[eat]\n|-heal|p2a: Slurpuff|135/258|[from] item: Sitrus Berry\n|\n|upkeep\n|turn|25\n|inactive|La.Hellhound has 60 seconds left.\n|\n|t:|1770593187\n|detailschange|p1a: Aggron|Aggron-Mega, L81, F\n|-mega|p1a: Aggron|Aggron|Aggronite\n|move|p2a: Slurpuff|Drain Punch|p1a: Aggron\n|-supereffective|p1a: Aggron\n|-damage|p1a: Aggron|131/246\n|-heal|p2a: Slurpuff|193/258|[from] drain|[of] p1a: Aggron\n|move|p1a: Aggron|Heavy Slam|p2a: Slurpuff\n|-supereffective|p2a: Slurpuff\n|-damage|p2a: Slurpuff|0 fnt\n|faint|p2a: Slurpuff\n|\n|upkeep\n|\n|t:|1770593195\n|switch|p2a: Garchomp|Garchomp, L75, M|147/286\n|-damage|p2a: Garchomp|130/286|[from] Stealth Rock\n|turn|26\n|\n|t:|1770593202\n|switch|p1a: Seismitoad|Seismitoad, L85, M|279/317 tox\n|move|p2a: Garchomp|Earthquake|p1a: Seismitoad\n|-damage|p1a: Seismitoad|156/317 tox\n|\n|-heal|p1a: Seismitoad|175/317 tox|[from] item: Leftovers\n|-damage|p1a: Seismitoad|156/317 tox|[from] psn\n|upkeep\n|turn|27\n|\n|t:|1770593221\n|move|p2a: Garchomp|Swords Dance|p2a: Garchomp\n|-boost|p2a: Garchomp|atk|2\n|move|p1a: Seismitoad|Scald|p2a: Garchomp\n|-damage|p2a: Garchomp|43/286\n|-status|p2a: Garchomp|brn\n|\n|-heal|p1a: Seismitoad|175/317 tox|[from] item: Leftovers\n|-damage|p1a: Seismitoad|137/317 tox|[from] psn\n|-damage|p2a: Garchomp|26/286 brn|[from] brn\n|upkeep\n|turn|28\n|\n|t:|1770593234\n|move|p2a: Garchomp|Earthquake|p1a: Seismitoad\n|-damage|p1a: Seismitoad|16/317 tox\n|move|p1a: Seismitoad|Earthquake|p2a: Garchomp\n|-damage|p2a: Garchomp|0 fnt\n|faint|p2a: Garchomp\n|\n|-heal|p1a: Seismitoad|35/317 tox|[from] item: Leftovers\n|-damage|p1a: Seismitoad|0 fnt|[from] psn\n|faint|p1a: Seismitoad\n|upkeep\n|inactive|aespa winter fan has 120 seconds left.\n|\n|t:|1770593265\n|switch|p2a: Bruxish|Bruxish, L85, M|166/254\n|switch|p1a: Ambipom|Ambipom, L84, M|199/263\n|-damage|p2a: Bruxish|135/254|[from] Stealth Rock\n|turn|29\n|inactive|aespa winter fan has 120 seconds left.\n|\n|t:|1770593275\n|move|p1a: Ambipom|Fake Out|p2a: Bruxish\n|-damage|p2a: Bruxish|48/254\n|cant|p2a: Bruxish|flinch\n|\n|upkeep\n|turn|30\n|inactive|aespa winter fan has 120 seconds left.\n|\n|t:|1770593297\n|move|p1a: Ambipom|U-turn|p2a: Bruxish\n|-supereffective|p2a: Bruxish\n|-damage|p2a: Bruxish|0 fnt\n|faint|p2a: Bruxish\n|\n|t:|1770593301\n|switch|p1a: Aggron|Aggron-Mega, L81, F|131/246|[from] U-turn\n|\n|upkeep\n|\n|t:|1770593303\n|switch|p2a: Beedrill|Beedrill-Mega, L77, M|227/227\n|-damage|p2a: Beedrill|171/227|[from] Stealth Rock\n|turn|31\n|\n|t:|1770593307\n|move|p2a: Beedrill|Drill Run|p1a: Aggron\n|-supereffective|p1a: Aggron\n|-damage|p1a: Aggron|79/246\n|move|p1a: Aggron|Heavy Slam|p2a: Beedrill\n|-damage|p2a: Beedrill|0 fnt\n|faint|p2a: Beedrill\n|detailschange|p2: Beedrill|Beedrill, L77, M|[silent]\n|\n|win|La.Hellhound\n|raw|La.Hellhound's rating: 1659 &rarr; <strong>1681</strong><br />(+22 for winning)\n|raw|aespa winter fan's rating: 1692 &rarr; <strong>1670</strong><br />(-22 for losing)\n", "inputlog": ">version ccdc32dd7cde25fd9e4bed64820e885f66e78a4e\n>start {\"formatid\":\"gen7randombattle\",\"seed\":\"sodium,c50c1a7db6fe3e7d1b75e2fb7ddc106b\",\"rated\":\"Rated battle\"}\n>player p1 {\"name\":\"La.Hellhound\",\"avatar\":\"bruno\",\"rating\":1659,\"seed\":\"sodium,8373e24e4271a5fc63f33d9df44b4a48\"}\n>player p2 {\"name\":\"aespa winter fan\",\"avatar\":\"170\",\"rating\":1692,\"seed\":\"sodium,d001101c6458a70dd858b52bb8a56d35\"}\n>p1 switch 4\n>p2 switch 6\n>p1 move toxic\n>p2 move protect\n>p1 move earthquake\n>p2 switch 3\n>p1 move toxic\n>p2 move swordsdance\n>p1 switch 2\n>p2 move seedbomb\n>p1 switch 6\n>p2 move drainpunch\n>p1 switch 6\n>p2 move suckerpunch\n>p1 switch 6\n>p2 move drainpunch\n>p2 switch 2\n>p1 switch 2\n>p2 move poisonjab mega\n>p1 move earthquake\n>p2 move uturn\n>p2 switch 4\n>p1 switch 5\n>p2 move liquidation\n>p1 move stealthrock\n>p2 switch 3\n>p1 move toxic\n>p2 move wish\n>p1 move earthquake\n>p2 move toxic\n>p1 move stealthrock\n>p2 move wish\n>p1 switch 3\n>p2 switch 6\n>p1 switch 5\n>p2 move swordsdance\n>p1 move roost\n>p2 move outrage zmove\n>p1 switch 6\n>p1 switch 2\n>p2 move earthquake\n>p1 switch 4\n>p1 move fakeout\n>p2 move outrage\n>p1 move uturn\n>p2 move earthquake\n>p1 switch 2\n>p1 switch 2\n>p1 move fakeout\n>p2 switch 6\n>p1 move return\n>p2 move wish\n>p2 switch 5\n>p1 move uturn\n>p2 move bellydrum\n>p1 switch 5\n>p1 move heavyslam mega\n>p2 move drainpunch\n>p2 switch 6\n>p1 switch 3\n>p2 move earthquake\n>p1 move scald\n>p2 move swordsdance\n>p1 move earthquake\n>p2 move earthquake\n>p1 switch 5\n>p2 switch 3\n>p1 move fakeout\n>p2 move liquidation\n>p1 move uturn\n>p2 move liquidation\n>p1 switch 3\n>p2 switch 4\n>p1 move heavyslam\n>p2 move drillrun", "uploadtime": 1770593314, "views": 193, "formatid": "gen7randombattle", "rating": 1670, "private": 0, "password": null}