{"id": "gen7randombattle-2534253692", "format": "[Gen 7] Random Battle", "players": ["showdex=cheating", "Esmeralda & Glurak"], "log": "|j|☆showdex=cheating\n|j|☆Esmeralda & Glurak\n|t:|1770402051\n|gametype|singles\n|player|p1|showdex=cheating|steven|1549\n|player|p2|Esmeralda & Glurak|sisandbro|1544\n|gen|7\n|tier|[Gen 7] Random Battle\n|rated|\n|rule|Sleep Clause Mod: Limit one foe put to sleep\n|rule|HP Percentage Mod: HP is shown in percentages\n|rule|Illusion Level Mod: Illusion disguises the Pokémon's true level\n|\n|t:|1770402051\n|teamsize|p1|6\n|teamsize|p2|6\n|start\n|switch|p1a: Charizard|Charizard, L83, F|265/265\n|switch|p2a: Pachirisu|Pachirisu, L96, F|271/271\n|turn|1\n|inactive|Battle timer is ON: inactive players will automatically lose when time's up. (requested by showdex=cheating)\n|c|☆showdex=cheating|what typa bs set is this zard\n|inactive|showdex=cheating has 120 seconds left.\n|\n|t:|1770402092\n|switch|p1a: Gourgeist|Gourgeist-Small, L91, F|248/248\n|-item|p2a: Pachirisu|Leftovers|[from] ability: Frisk|[of] p1a: Gourgeist\n|move|p2a: Pachirisu|Toxic|p1a: Gourgeist\n|-status|p1a: Gourgeist|tox\n|\n|-damage|p1a: Gourgeist|233/248 tox|[from] psn\n|upkeep\n|turn|2\n|\n|t:|1770402104\n|move|p2a: Pachirisu|U-turn|p1a: Gourgeist\n|-damage|p1a: Gourgeist|206/248 tox\n|\n|t:|1770402110\n|switch|p2a: Volbeat|Volbeat, L91, M|266/266|[from] U-turn\n|move|p1a: Gourgeist|Seed Bomb|p2a: Volbeat\n|-resisted|p2a: Volbeat\n|-damage|p2a: Volbeat|215/266\n|\n|-heal|p1a: Gourgeist|221/248 tox|[from] item: Leftovers\n|-heal|p2a: Volbeat|231/266|[from] item: Leftovers\n|-damage|p1a: Gourgeist|191/248 tox|[from] psn\n|upkeep\n|turn|3\n|\n|t:|1770402123\n|switch|p1a: Aerodactyl|Aerodactyl, L78, M|253/253\n|-ability|p1a: Aerodactyl|Unnerve\n|move|p2a: Volbeat|U-turn|p1a: Aerodactyl\n|-resisted|p1a: Aerodactyl\n|-damage|p1a: Aerodactyl|204/253\n|\n|t:|1770402127\n|switch|p2a: Rotom|Rotom-Mow, L86|226/226|[from] U-turn\n|\n|upkeep\n|turn|4\n|\n|t:|1770402148\n|switch|p1a: Wormadam|Wormadam, F|282/282\n|move|p2a: Rotom|Thunderbolt|p1a: Wormadam\n|-resisted|p1a: Wormadam\n|-damage|p1a: Wormadam|245/282\n|\n|upkeep\n|turn|5\n|\n|t:|1770402156\n|switch|p2a: Volbeat|Volbeat, L91, M|231/266\n|move|p1a: Wormadam|Bug Buzz|p2a: Volbeat\n|-damage|p2a: Volbeat|74/266\n|\n|-heal|p2a: Volbeat|90/266|[from] item: Leftovers\n|upkeep\n|turn|6\n|\n|t:|1770402160\n|move|p2a: Volbeat|Roost|p2a: Volbeat\n|-heal|p2a: Volbeat|223/266\n|-singleturn|p2a: Volbeat|move: Roost\n|move|p1a: Wormadam|Bug Buzz|p2a: Volbeat\n|-damage|p2a: Volbeat|52/266\n|\n|-heal|p2a: Volbeat|68/266|[from] item: Leftovers\n|upkeep\n|turn|7\n|\n|t:|1770402164\n|move|p2a: Volbeat|U-turn|p1a: Wormadam\n|-supereffective|p1a: Wormadam\n|-damage|p1a: Wormadam|123/282\n|\n|t:|1770402168\n|switch|p2a: Pachirisu|Pachirisu, L96, F|271/271|[from] U-turn\n|move|p1a: Wormadam|Bug Buzz|p2a: Pachirisu\n|-damage|p2a: Pachirisu|132/271\n|-unboost|p2a: Pachirisu|spd|1\n|\n|-heal|p2a: Pachirisu|148/271|[from] item: Leftovers\n|upkeep\n|turn|8\n|\n|t:|1770402173\n|move|p2a: Pachirisu|U-turn|p1a: Wormadam\n|-supereffective|p1a: Wormadam\n|-damage|p1a: Wormadam|51/282\n|\n|t:|1770402183\n|switch|p2a: Golem|Golem, L86, F|278/278|[from] U-turn\n|move|p1a: Wormadam|Bug Buzz|p2a: Golem\n|-damage|p2a: Golem|64/278\n|\n|upkeep\n|turn|9\n|c|☆showdex=cheating|this is by far the weirdest game of randbats ive had so far\n|inactive|Esmeralda & Glurak has 120 seconds left.\n|c|☆showdex=cheating|what arethese sets\n|c|☆showdex=cheating|specs wormadam\n|c|☆showdex=cheating|????\n|c|☆showdex=cheating|why is it working too\n|c|☆Esmeralda & Glurak|No resist\n|\n|t:|1770402243\n|move|p2a: Golem|Sucker Punch|p1a: Wormadam\n|-damage|p1a: Wormadam|0 fnt\n|faint|p1a: Wormadam\n|\n|upkeep\n|\n|t:|1770402257\n|switch|p1a: Charizard|Charizard, L83, F|265/265\n|turn|10\n|\n|t:|1770402267\n|move|p1a: Charizard|Earthquake|p2a: Golem\n|-supereffective|p2a: Golem\n|-crit|p2a: Golem\n|-damage|p2a: Golem|0 fnt\n|faint|p2a: Golem\n|\n|upkeep\n|c|☆Esmeralda & Glurak|bellyzard?\n|c|☆Esmeralda & Glurak|lol\n|c|☆showdex=cheating|hell naw\n|c|☆showdex=cheating|its even worse\n|c|☆Esmeralda & Glurak|flame charge?\n|c|☆showdex=cheating|i wish i could show u\n|inactive|Esmeralda & Glurak has 90 seconds left.\n|c|☆Esmeralda & Glurak|Tell me after the game\n|\n|t:|1770402298\n|switch|p2a: Druddigon|Druddigon, L86, M|273/273\n|turn|11\n|\n|t:|1770402306\n|switch|p1a: Gourgeist|Gourgeist-Small, L91, F|191/248 tox\n|-item|p2a: Druddigon|Rocky Helmet|[from] ability: Frisk|[of] p1a: Gourgeist\n|move|p2a: Druddigon|Glare||[still]\n|-fail|p2a: Druddigon\n|\n|-heal|p1a: Gourgeist|206/248 tox|[from] item: Leftovers\n|-damage|p1a: Gourgeist|191/248 tox|[from] psn\n|upkeep\n|turn|12\n|inactive|Esmeralda & Glurak has 90 seconds left.\n|\n|t:|1770402320\n|switch|p2a: Volbeat|Volbeat, L91, M|68/266\n|move|p1a: Gourgeist|Will-O-Wisp|p2a: Volbeat\n|-status|p2a: Volbeat|brn\n|\n|-heal|p1a: Gourgeist|206/248 tox|[from] item: Leftovers\n|-heal|p2a: Volbeat|84/266 brn|[from] item: Leftovers\n|-damage|p1a: Gourgeist|176/248 tox|[from] psn\n|-damage|p2a: Volbeat|68/266 brn|[from] brn\n|upkeep\n|turn|13\n|\n|t:|1770402335\n|switch|p1a: Wishiwashi|Wishiwashi, L89, F|225/225\n|-formechange|p1a: Wishiwashi|Wishiwashi-School||[from] ability: Schooling\n|move|p2a: Volbeat|Roost|p2a: Volbeat\n|-heal|p2a: Volbeat|201/266 brn\n|-singleturn|p2a: Volbeat|move: Roost\n|\n|-heal|p2a: Volbeat|217/266 brn|[from] item: Leftovers\n|-damage|p2a: Volbeat|201/266 brn|[from] brn\n|upkeep\n|turn|14\n|\n|t:|1770402348\n|move|p2a: Volbeat|U-turn|p1a: Wishiwashi\n|-damage|p1a: Wishiwashi|199/225\n|\n|t:|1770402353\n|switch|p2a: Pachirisu|Pachirisu, L96, F|148/271|[from] U-turn\n|move|p1a: Wishiwashi|Ice Beam|p2a: Pachirisu\n|-crit|p2a: Pachirisu\n|-damage|p2a: Pachirisu|0 fnt\n|faint|p2a: Pachirisu\n|\n|upkeep\n|\n|t:|1770402356\n|switch|p2a: Rotom|Rotom-Mow, L86|226/226\n|turn|15\n|\n|t:|1770402362\n|switch|p1a: Gourgeist|Gourgeist-Small, L91, F|176/248 tox\n|-item|p2a: Rotom|Choice Scarf|[from] ability: Frisk|[of] p1a: Gourgeist\n|move|p2a: Rotom|Leaf Storm|p1a: Gourgeist\n|-resisted|p1a: Gourgeist\n|-damage|p1a: Gourgeist|95/248 tox\n|-unboost|p2a: Rotom|spa|2\n|\n|-heal|p1a: Gourgeist|110/248 tox|[from] item: Leftovers\n|-damage|p1a: Gourgeist|95/248 tox|[from] psn\n|upkeep\n|turn|16\n|inactive|Esmeralda & Glurak has 120 seconds left.\n|\n|t:|1770402371\n|switch|p2a: Volbeat|Volbeat, L91, M|201/266 brn\n|move|p1a: Gourgeist|Seed Bomb|p2a: Volbeat\n|-resisted|p2a: Volbeat\n|-damage|p2a: Volbeat|153/266 brn\n|\n|-heal|p1a: Gourgeist|110/248 tox|[from] item: Leftovers\n|-heal|p2a: Volbeat|169/266 brn|[from] item: Leftovers\n|-damage|p1a: Gourgeist|80/248 tox|[from] psn\n|-damage|p2a: Volbeat|153/266 brn|[from] brn\n|upkeep\n|turn|17\n|\n|t:|1770402375\n|move|p2a: Volbeat|Encore|p1a: Gourgeist\n|-start|p1a: Gourgeist|Encore\n|move|p1a: Gourgeist|Seed Bomb|p2a: Volbeat\n|-resisted|p2a: Volbeat\n|-damage|p2a: Volbeat|110/266 brn\n|\n|-heal|p1a: Gourgeist|95/248 tox|[from] item: Leftovers\n|-heal|p2a: Volbeat|126/266 brn|[from] item: Leftovers\n|-damage|p1a: Gourgeist|50/248 tox|[from] psn\n|-damage|p2a: Volbeat|110/266 brn|[from] brn\n|upkeep\n|turn|18\n|\n|t:|1770402379\n|switch|p1a: Wishiwashi|Wishiwashi, L89, F|199/225\n|-formechange|p1a: Wishiwashi|Wishiwashi-School||[from] ability: Schooling\n|move|p2a: Volbeat|Roost|p2a: Volbeat\n|-heal|p2a: Volbeat|243/266 brn\n|-singleturn|p2a: Volbeat|move: Roost\n|\n|-heal|p2a: Volbeat|259/266 brn|[from] item: Leftovers\n|-damage|p2a: Volbeat|243/266 brn|[from] brn\n|upkeep\n|turn|19\n|\n|t:|1770402384\n|move|p2a: Volbeat|Thunder Wave|p1a: Wishiwashi\n|-status|p1a: Wishiwashi|par\n|cant|p1a: Wishiwashi|par\n|\n|-heal|p2a: Volbeat|259/266 brn|[from] item: Leftovers\n|-damage|p2a: Volbeat|243/266 brn|[from] brn\n|upkeep\n|turn|20\n|\n|t:|1770402390\n|move|p2a: Volbeat|U-turn|p1a: Wishiwashi\n|-damage|p1a: Wishiwashi|177/225 par\n|\n|t:|1770402392\n|switch|p2a: Rotom|Rotom-Mow, L86|226/226|[from] U-turn\n|move|p1a: Wishiwashi|Ice Beam|p2a: Rotom\n|-supereffective|p2a: Rotom\n|-damage|p2a: Rotom|0 fnt\n|faint|p2a: Rotom\n|\n|upkeep\n|\n|t:|1770402396\n|switch|p2a: Mimikyu|Mimikyu, L73, M|201/201\n|turn|21\n|\n|t:|1770402400\n|move|p2a: Mimikyu|Swords Dance|p2a: Mimikyu\n|-boost|p2a: Mimikyu|atk|2\n|move|p1a: Wishiwashi|Ice Beam|p2a: Mimikyu\n|-activate|p2a: Mimikyu|ability: Disguise\n|-damage|p2a: Mimikyu|201/201\n|detailschange|p2a: Mimikyu|Mimikyu-Busted, L73, M\n|\n|upkeep\n|turn|22\n|\n|t:|1770402405\n|move|p2a: Mimikyu|Swords Dance|p2a: Mimikyu\n|-boost|p2a: Mimikyu|atk|2\n|move|p1a: Wishiwashi|Ice Beam|p2a: Mimikyu\n|-damage|p2a: Mimikyu|47/201\n|\n|upkeep\n|turn|23\n|c|☆Esmeralda & Glurak|jo\n|c|☆Esmeralda & Glurak|specs\n|c|☆showdex=cheating|im telling you\n|c|☆showdex=cheating|these sets\n|c|☆showdex=cheating|dont make sense\n|inactive|Esmeralda & Glurak has 120 seconds left.\n|\n|t:|1770402450\n|-zpower|p2a: Mimikyu\n|move|p2a: Mimikyu|Let's Snuggle Forever|p1a: Wishiwashi|[zeffect]\n|-damage|p1a: Wishiwashi|0 fnt\n|faint|p1a: Wishiwashi\n|\n|upkeep\n|\n|t:|1770402460\n|switch|p1a: Aerodactyl|Aerodactyl, L78, M|204/253\n|-ability|p1a: Aerodactyl|Unnerve\n|turn|24\n|\n|t:|1770402469\n|detailschange|p1a: Aerodactyl|Aerodactyl-Mega, L78, M\n|-mega|p1a: Aerodactyl|Aerodactyl|Aerodactylite\n|move|p2a: Mimikyu|Shadow Sneak|p1a: Aerodactyl\n|-damage|p1a: Aerodactyl|111/253\n|move|p1a: Aerodactyl|Earthquake|p2a: Mimikyu\n|-damage|p2a: Mimikyu|0 fnt\n|faint|p2a: Mimikyu\n|detailschange|p2: Mimikyu|Mimikyu, L73, M|[silent]\n|\n|upkeep\n|\n|t:|1770402476\n|switch|p2a: Druddigon|Druddigon, L86, M|273/273\n|turn|25\n|\n|t:|1770402484\n|switch|p1a: Gourgeist|Gourgeist-Small, L91, F|50/248 tox\n|-item|p2a: Druddigon|Rocky Helmet|[from] ability: Frisk|[of] p1a: Gourgeist\n|move|p2a: Druddigon|Outrage|p1a: Gourgeist\n|-damage|p1a: Gourgeist|0 fnt\n|faint|p1a: Gourgeist\n|\n|upkeep\n|\n|t:|1770402496\n|switch|p1a: Spinda|Spinda, L99, M|279/279\n|turn|26\n|\n|t:|1770402500\n|move|p1a: Spinda|Superpower|p2a: Druddigon\n|-damage|p2a: Druddigon|200/273\n|-boost|p1a: Spinda|atk|1\n|-boost|p1a: Spinda|def|1\n|-damage|p1a: Spinda|245/279|[from] ability: Rough Skin|[of] p2a: Druddigon\n|-damage|p1a: Spinda|199/279|[from] item: Rocky Helmet|[of] p2a: Druddigon\n|move|p2a: Druddigon|Outrage|p1a: Spinda|[from] lockedmove\n|-damage|p1a: Spinda|82/279\n|-start|p2a: Druddigon|confusion|[fatigue]\n|\n|-heal|p1a: Spinda|99/279|[from] item: Leftovers\n|upkeep\n|turn|27\n|\n|t:|1770402511\n|switch|p2a: Volbeat|Volbeat, L91, M|243/266 brn\n|move|p1a: Spinda|Return|p2a: Volbeat\n|-damage|p2a: Volbeat|69/266 brn\n|\n|-heal|p2a: Volbeat|85/266 brn|[from] item: Leftovers\n|-heal|p1a: Spinda|116/279|[from] item: Leftovers\n|-damage|p2a: Volbeat|69/266 brn|[from] brn\n|upkeep\n|turn|28\n|\n|t:|1770402517\n|move|p2a: Volbeat|Thunder Wave|p1a: Spinda|[miss]\n|-miss|p2a: Volbeat|p1a: Spinda\n|move|p1a: Spinda|Return|p2a: Volbeat\n|-damage|p2a: Volbeat|0 fnt\n|faint|p2a: Volbeat\n|\n|-heal|p1a: Spinda|133/279|[from] item: Leftovers\n|upkeep\n|c|☆Esmeralda & Glurak|welp\n|c|☆showdex=cheating|ok\n|c|☆Esmeralda & Glurak|gg\n|c|☆showdex=cheating|let me sbow u\n|c|☆showdex=cheating|dont forfeit\n|c|☆Esmeralda & Glurak|what was the zard?\n|c|☆showdex=cheating|u lost anyway\n|c|☆Esmeralda & Glurak|ok\n|\n|t:|1770402529\n|switch|p2a: Druddigon|Druddigon, L86, M|200/273\n|turn|29\n|c|☆showdex=cheating|kill this rq\n|c|☆Esmeralda & Glurak|i spam eq\n|\n|t:|1770402538\n|move|p1a: Spinda|Return|p2a: Druddigon\n|-damage|p2a: Druddigon|47/273\n|-damage|p1a: Spinda|99/279|[from] ability: Rough Skin|[of] p2a: Druddigon\n|-damage|p1a: Spinda|53/279|[from] item: Rocky Helmet|[of] p2a: Druddigon\n|move|p2a: Druddigon|Earthquake|p1a: Spinda\n|-damage|p1a: Spinda|0 fnt\n|faint|p1a: Spinda\n|\n|upkeep\n|\n|t:|1770402541\n|switch|p1a: Charizard|Charizard, L83, F|265/265\n|turn|30\n|\n|t:|1770402545\n|-zpower|p1a: Charizard\n|move|p1a: Charizard|Z-Hold Hands|null|[anim]Hold Hands|[notarget]\n|-boost|p1a: Charizard|atk|1|[zeffect]\n|-boost|p1a: Charizard|def|1|[zeffect]\n|-boost|p1a: Charizard|spa|1|[zeffect]\n|-boost|p1a: Charizard|spd|1|[zeffect]\n|-boost|p1a: Charizard|spe|1|[zeffect]\n|-fail|p1a: Charizard\n|move|p2a: Druddigon|Earthquake|p1a: Charizard\n|-immune|p1a: Charizard\n|\n|upkeep\n|turn|31\n|c|☆showdex=cheating|?????????????????????????????????????????????????????????????\n|c|☆Esmeralda & Glurak|looooooooooooooooooooooooool\n|c|☆showdex=cheating|u tryna hold some hands king\n|\n|t:|1770402559\n|move|p1a: Charizard|Air Slash|p2a: Druddigon\n|-damage|p2a: Druddigon|0 fnt\n|faint|p2a: Druddigon\n|\n|win|showdex=cheating\n|raw|showdex=cheating's rating: 1549 &rarr; <strong>1569</strong><br />(+20 for winning)\n|raw|Esmeralda &amp; Glurak's rating: 1544 &rarr; <strong>1524</strong><br />(-20 for losing)\n|c|☆showdex=cheating|gg man\n|c|☆Esmeralda & Glurak|lmao\n|c|☆Esmeralda & Glurak|gg\n", "inputlog": ">version ccdc32dd7cde25fd9e4bed64820e885f66e78a4e\n>start {\"formatid\":\"gen7randombattle\",\"seed\":\"sodium,922bd581a1430dbd844a54a0323de4b0\",\"rated\":\"Rated battle\"}\n>player p1 {\"name\":\"showdex=cheating\",\"avatar\":\"steven\",\"rating\":1549,\"seed\":\"sodium,b66d42ef139b6b918f388607b128850d\"}\n>player p2 {\"name\":\"Esmeralda & Glurak\",\"avatar\":\"sisandbro\",\"rating\":1544,\"seed\":\"sodium,82f327dee4197aaf9cc1726ecb3b07da\"}\n>chat ☆showdex=cheating|what typa bs set is this zard\n>p1 switch 6\n>p2 move toxic\n>p1 move seedbomb\n>p2 move uturn\n>p2 switch 2\n>p1 switch 4\n>p2 move uturn\n>p2 switch 3\n>p1 switch 5\n>p2 move thunderbolt\n>p1 move bugbuzz\n>p2 switch 3\n>p1 move bugbuzz\n>p2 move roost\n>p1 move bugbuzz\n>p2 move uturn\n>p2 switch 2\n>p1 move bugbuzz\n>p2 move uturn\n>p2 switch 6\n>chat ☆showdex=cheating|this is by far the weirdest game of randbats ive had so far\n>chat ☆showdex=cheating|what arethese sets\n>chat ☆showdex=cheating|specs wormadam\n>chat ☆showdex=cheating|????\n>chat ☆showdex=cheating|why is it working too\n>chat ☆Esmeralda & Glurak|No resist\n>p1 move bugbuzz\n>p2 move suckerpunch\n>p1 switch 6\n>p1 move earthquake\n>p2 move stoneedge\n>chat ☆Esmeralda & Glurak|bellyzard?\n>chat ☆Esmeralda & Glurak|lol\n>chat ☆showdex=cheating|hell naw\n>chat ☆showdex=cheating|its even worse\n>chat ☆Esmeralda & Glurak|flame charge?\n>chat ☆showdex=cheating|i wish i could show u \n>chat ☆Esmeralda & Glurak|Tell me after the game\n>p2 switch 5\n>p1 switch 4\n>p2 move glare\n>p1 move willowisp\n>p2 switch 2\n>p1 switch 3\n>p2 move roost\n>p1 move icebeam\n>p2 move uturn\n>p2 switch 6\n>p2 switch 3\n>p1 switch 3\n>p2 move leafstorm\n>p1 move seedbomb\n>p2 switch 6\n>p1 move synthesis\n>p2 move encore\n>p1 switch 3\n>p2 move roost\n>p1 move icebeam\n>p2 move thunderwave\n>p1 move icebeam\n>p2 move uturn\n>p2 switch 6\n>p2 switch 4\n>p1 move icebeam\n>p2 move swordsdance\n>p1 move icebeam\n>p2 move swordsdance\n>chat ☆Esmeralda & Glurak|jo\n>chat ☆Esmeralda & Glurak|specs\n>chat ☆showdex=cheating|im telling you\n>chat ☆showdex=cheating|these sets\n>chat ☆showdex=cheating|dont make sense\n>p1 move icebeam\n>p2 move playrough zmove\n>p1 switch 5\n>p1 move earthquake mega\n>p2 move shadowsneak\n>p2 switch 2\n>p1 switch 3\n>p2 move outrage\n>p1 switch 2\n>p1 move superpower\n>p2 move outrage\n>p1 move return\n>p2 switch 6\n>p1 move return\n>p2 move thunderwave\n>chat ☆Esmeralda & Glurak|welp\n>chat ☆showdex=cheating|ok \n>chat ☆Esmeralda & Glurak|gg\n>chat ☆showdex=cheating|let me sbow u\n>chat ☆showdex=cheating|dont forfeit\n>chat ☆Esmeralda & Glurak|what was the zard?\n>chat ☆showdex=cheating|u lost anyway\n>chat ☆Esmeralda & Glurak|ok\n>p2 switch 6\n>chat ☆showdex=cheating|kill this rq\n>chat ☆Esmeralda & Glurak|i spam eq\n>p1 move return\n>p2 move earthquake\n>p1 switch 4\n>p1 move holdhands zmove\n>p2 move earthquake\n>chat ☆showdex=cheating|?????????????????????????????????????????????????????????????\n>chat ☆Esmeralda & Glurak|looooooooooooooooooooooooool\n>chat ☆showdex=cheating|u tryna hold some hands king\n>p1 move airslash\n>p2 move earthquake", "uploadtime": 1770402567, "views": 225, "formatid": "gen7randombattle", "rating": 1524, "private": 0, "password": null}