{"id": "gen7randombattle-2524606502", "format": "[Gen 7] Random Battle", "players": ["Meuby Law", "gabboh"], "log": "|j|☆Meuby Law\n|j|☆gabboh\n|t:|1769175260\n|gametype|singles\n|player|p1|Meuby Law|hau-stance|1587\n|player|p2|gabboh|265|1574\n|gen|7\n|tier|[Gen 7] Random Battle\n|rated|\n|rule|Sleep Clause Mod: Limit one foe put to sleep\n|rule|HP Percentage Mod: HP is shown in percentages\n|rule|Illusion Level Mod: Illusion disguises the Pokémon's true level\n|\n|t:|1769175260\n|teamsize|p1|6\n|teamsize|p2|6\n|start\n|switch|p1a: Serperior|Serperior, L80, F|251/251\n|switch|p2a: Palossand|Palossand, L89, M|296/296\n|turn|1\n|inactive|Battle timer is ON: inactive players will automatically lose when time's up. (requested by Meuby Law)\n|\n|t:|1769175309\n|switch|p2a: Amoonguss|Amoonguss, L83, F|325/325\n|move|p1a: Serperior|Leaf Storm|p2a: Amoonguss\n|-resisted|p2a: Amoonguss\n|-damage|p2a: Amoonguss|285/325\n|-boost|p1a: Serperior|spa|2\n|-damage|p1a: Serperior|226/251|[from] item: Life Orb\n|\n|-heal|p2a: Amoonguss|305/325|[from] item: Black Sludge\n|upkeep\n|turn|2\n|\n|t:|1769175320\n|move|p1a: Serperior|Glare|p2a: Amoonguss\n|-status|p2a: Amoonguss|par\n|move|p2a: Amoonguss|Sludge Bomb|p1a: Serperior\n|-supereffective|p1a: Serperior\n|-damage|p1a: Serperior|64/251\n|-status|p1a: Serperior|psn\n|\n|-heal|p2a: Amoonguss|325/325 par|[from] item: Black Sludge\n|-damage|p1a: Serperior|33/251 psn|[from] psn\n|upkeep\n|turn|3\n|\n|t:|1769175337\n|move|p1a: Serperior|Hidden Power|p2a: Amoonguss\n|-supereffective|p2a: Amoonguss\n|-damage|p2a: Amoonguss|148/325 par\n|-damage|p1a: Serperior|8/251 psn|[from] item: Life Orb\n|cant|p2a: Amoonguss|par\n|\n|-heal|p2a: Amoonguss|168/325 par|[from] item: Black Sludge\n|-damage|p1a: Serperior|0 fnt|[from] psn\n|faint|p1a: Serperior\n|upkeep\n|\n|t:|1769175339\n|switch|p1a: Charizard|Charizard, L76, F|243/243\n|turn|4\n|inactive|gabboh has 120 seconds left.\n|inactive|gabboh has 90 seconds left.\n|\n|t:|1769175414\n|switch|p2a: Typhlosion|Typhlosion, L85, F|271/271\n|detailschange|p1a: Charizard|Charizard-Mega-Y, L76, F\n|-mega|p1a: Charizard|Charizard|Charizardite Y\n|-weather|SunnyDay|[from] ability: Drought|[of] p1a: Charizard\n|move|p1a: Charizard|Fire Blast|p2a: Typhlosion\n|-start|p2a: Typhlosion|ability: Flash Fire\n|\n|-weather|SunnyDay|[upkeep]\n|upkeep\n|turn|5\n|\n|t:|1769175430\n|move|p2a: Typhlosion|Eruption|p1a: Charizard\n|-resisted|p1a: Charizard\n|-damage|p1a: Charizard|77/243\n|move|p1a: Charizard|Dragon Pulse|p2a: Typhlosion\n|-damage|p2a: Typhlosion|191/271\n|\n|-weather|SunnyDay|[upkeep]\n|upkeep\n|turn|6\n|\n|t:|1769175446\n|switch|p1a: Bibarel|Bibarel, L90, M|289/289\n|move|p2a: Typhlosion|Eruption|p1a: Bibarel\n|-resisted|p1a: Bibarel\n|-damage|p1a: Bibarel|109/289\n|\n|-weather|SunnyDay|[upkeep]\n|upkeep\n|turn|7\n|\n|t:|1769175454\n|move|p1a: Bibarel|Quick Attack|p2a: Typhlosion\n|-damage|p2a: Typhlosion|121/271\n|-damage|p1a: Bibarel|81/289|[from] item: Life Orb\n|move|p2a: Typhlosion|Eruption|p1a: Bibarel\n|-resisted|p1a: Bibarel\n|-crit|p1a: Bibarel\n|-damage|p1a: Bibarel|0 fnt\n|faint|p1a: Bibarel\n|\n|-weather|SunnyDay|[upkeep]\n|upkeep\n|\n|t:|1769175470\n|switch|p1a: Infernape|Infernape, L81, M|256/256\n|turn|8\n|inactive|gabboh has 90 seconds left.\n|\n|t:|1769175485\n|-end|p2a: Typhlosion|ability: Flash Fire|[silent]\n|switch|p2a: Palossand|Palossand, L89, M|296/296\n|move|p1a: Infernape|Nasty Plot|p1a: Infernape\n|-boost|p1a: Infernape|spa|2\n|\n|-weather|none\n|upkeep\n|turn|9\n|inactive|gabboh has 90 seconds left.\n|\n|t:|1769175492\n|move|p1a: Infernape|Grass Knot|p2a: Palossand\n|-supereffective|p2a: Palossand\n|-damage|p2a: Palossand|0 fnt\n|faint|p2a: Palossand\n|\n|upkeep\n|inactive|gabboh has 90 seconds left.\n|\n|t:|1769175509\n|switch|p2a: Raichu|Raichu-Alola, L86, F|243/243\n|turn|10\n|\n|t:|1769175522\n|switch|p1a: Mightyena|Mightyena, L94, F|284/284\n|-ability|p1a: Mightyena|Intimidate|boost\n|-unboost|p2a: Raichu|atk|1\n|move|p2a: Raichu|Psyshock|p1a: Mightyena\n|-immune|p1a: Mightyena\n|\n|upkeep\n|turn|11\n|inactive|gabboh has 90 seconds left.\n|\n|t:|1769175533\n|switch|p2a: Avalugg|Avalugg, L90, F|317/317\n|move|p1a: Mightyena|Crunch|p2a: Avalugg\n|-damage|p2a: Avalugg|255/317\n|-damage|p1a: Mightyena|256/284|[from] item: Life Orb\n|\n|-heal|p2a: Avalugg|274/317|[from] item: Leftovers\n|upkeep\n|turn|12\n|inactive|gabboh has 90 seconds left.\n|inactive|Meuby Law has 120 seconds left.\n|\n|t:|1769175584\n|move|p1a: Mightyena|Toxic|p2a: Avalugg\n|-status|p2a: Avalugg|tox\n|move|p2a: Avalugg|Avalanche|p1a: Mightyena\n|-damage|p1a: Mightyena|160/284\n|\n|-heal|p2a: Avalugg|293/317 tox|[from] item: Leftovers\n|-damage|p2a: Avalugg|274/317 tox|[from] psn\n|upkeep\n|turn|13\n|inactive|gabboh has 90 seconds left.\n|\n|t:|1769175594\n|switch|p1a: Infernape|Infernape, L81, M|256/256\n|move|p2a: Avalugg|Earthquake|p1a: Infernape\n|-supereffective|p1a: Infernape\n|-damage|p1a: Infernape|12/256\n|\n|-heal|p2a: Avalugg|293/317 tox|[from] item: Leftovers\n|-damage|p2a: Avalugg|255/317 tox|[from] psn\n|upkeep\n|turn|14\n|inactive|gabboh has 90 seconds left.\n|inactive|Meuby Law has 90 seconds left.\n|\n|t:|1769175630\n|-zpower|p1a: Infernape\n|move|p1a: Infernape|All-Out Pummeling|p2a: Avalugg|[zeffect]\n|-supereffective|p2a: Avalugg\n|-damage|p2a: Avalugg|0 fnt\n|faint|p2a: Avalugg\n|\n|upkeep\n|inactive|gabboh has 90 seconds left.\n|\n|t:|1769175653\n|switch|p2a: Raichu|Raichu-Alola, L86, F|243/243\n|turn|15\n|inactive|Meuby Law has 90 seconds left.\n|\n|t:|1769175659\n|move|p2a: Raichu|Thunderbolt|p1a: Infernape\n|-damage|p1a: Infernape|0 fnt\n|faint|p1a: Infernape\n|\n|upkeep\n|\n|t:|1769175662\n|switch|p1a: Mightyena|Mightyena, L94, F|160/284\n|-ability|p1a: Mightyena|Intimidate|boost\n|-unboost|p2a: Raichu|atk|1\n|turn|16\n|inactive|gabboh has 90 seconds left.\n|\n|t:|1769175673\n|switch|p2a: Amoonguss|Amoonguss, L83, F|276/325 par\n|switch|p1a: Charizard|Charizard-Mega-Y, L76, F|77/243\n|-weather|SunnyDay|[from] ability: Drought|[of] p1a: Charizard\n|\n|-weather|SunnyDay|[upkeep]\n|-heal|p2a: Amoonguss|296/325 par|[from] item: Black Sludge\n|upkeep\n|turn|17\n|inactive|gabboh has 90 seconds left.\n|\n|t:|1769175683\n|move|p1a: Charizard|Roost|p1a: Charizard\n|-heal|p1a: Charizard|199/243\n|-singleturn|p1a: Charizard|move: Roost\n|cant|p2a: Amoonguss|par\n|\n|-weather|SunnyDay|[upkeep]\n|-heal|p2a: Amoonguss|316/325 par|[from] item: Black Sludge\n|upkeep\n|turn|18\n|inactive|Meuby Law has 120 seconds left.\n|\n|t:|1769175691\n|move|p1a: Charizard|Dragon Pulse|p2a: Amoonguss\n|-damage|p2a: Amoonguss|231/325 par\n|cant|p2a: Amoonguss|par\n|\n|-weather|SunnyDay|[upkeep]\n|-heal|p2a: Amoonguss|251/325 par|[from] item: Black Sludge\n|upkeep\n|turn|19\n|\n|t:|1769175698\n|move|p1a: Charizard|Fire Blast|p2a: Amoonguss\n|-supereffective|p2a: Amoonguss\n|-damage|p2a: Amoonguss|0 fnt\n|faint|p2a: Amoonguss\n|\n|-weather|SunnyDay|[upkeep]\n|upkeep\n|\n|t:|1769175703\n|switch|p2a: Typhlosion|Typhlosion, L85, F|121/271\n|turn|20\n|\n|t:|1769175709\n|move|p2a: Typhlosion|Hidden Power|p1a: Charizard\n|-supereffective|p1a: Charizard\n|-damage|p1a: Charizard|23/243\n|move|p1a: Charizard|Roost|p1a: Charizard\n|-heal|p1a: Charizard|145/243\n|-singleturn|p1a: Charizard|move: Roost\n|\n|-weather|none\n|upkeep\n|turn|21\n|\n|t:|1769175716\n|switch|p1a: Mr. Mime|Mr. Mime, L90, F|218/218\n|move|p2a: Typhlosion|Hidden Power|p1a: Mr. Mime\n|-damage|p1a: Mr. Mime|182/218\n|\n|upkeep\n|turn|22\n|inactive|gabboh has 120 seconds left.\n|\n|t:|1769175725\n|switch|p2a: Doublade|Doublade, L85, F|239/239\n|move|p1a: Mr. Mime|Nasty Plot|p1a: Mr. Mime\n|-boost|p1a: Mr. Mime|spa|2\n|\n|upkeep\n|turn|23\n|inactive|Meuby Law has 120 seconds left.\n|\n|t:|1769175780\n|move|p1a: Mr. Mime|Shadow Ball|p2a: Doublade\n|-supereffective|p2a: Doublade\n|-damage|p2a: Doublade|0 fnt\n|faint|p2a: Doublade\n|-damage|p1a: Mr. Mime|161/218|[from] item: Life Orb\n|\n|upkeep\n|inactive|gabboh has 120 seconds left.\n|inactive|gabboh has 90 seconds left.\n|\n|t:|1769175822\n|switch|p2a: Typhlosion|Typhlosion, L85, F|121/271\n|turn|24\n|\n|t:|1769175828\n|move|p2a: Typhlosion|Fire Blast|p1a: Mr. Mime\n|-damage|p1a: Mr. Mime|58/218\n|move|p1a: Mr. Mime|Psychic|p2a: Typhlosion\n|-damage|p2a: Typhlosion|0 fnt\n|faint|p2a: Typhlosion\n|-damage|p1a: Mr. Mime|37/218|[from] item: Life Orb\n|\n|upkeep\n|\n|t:|1769175835\n|switch|p2a: Raichu|Raichu-Alola, L86, F|243/243\n|turn|25\n|\n|t:|1769175839\n|move|p2a: Raichu|Thunderbolt|p1a: Mr. Mime\n|-damage|p1a: Mr. Mime|0 fnt\n|faint|p1a: Mr. Mime\n|\n|upkeep\n|\n|t:|1769175845\n|switch|p1a: Charizard|Charizard-Mega-Y, L76, F|145/243\n|-weather|SunnyDay|[from] ability: Drought|[of] p1a: Charizard\n|turn|26\n|\n|t:|1769175849\n|move|p2a: Raichu|Thunderbolt|p1a: Charizard\n|-supereffective|p1a: Charizard\n|-damage|p1a: Charizard|0 fnt\n|faint|p1a: Charizard\n|detailschange|p1: Charizard|Charizard, L76, F|[silent]\n|\n|-weather|SunnyDay|[upkeep]\n|upkeep\n|\n|t:|1769175851\n|switch|p1a: Mightyena|Mightyena, L94, F|160/284\n|-ability|p1a: Mightyena|Intimidate|boost\n|-unboost|p2a: Raichu|atk|1\n|turn|27\n|\n|t:|1769175858\n|move|p1a: Mightyena|Sucker Punch|p2a: Raichu\n|-supereffective|p2a: Raichu\n|-damage|p2a: Raichu|0 fnt\n|faint|p2a: Raichu\n|-damage|p1a: Mightyena|132/284|[from] item: Life Orb\n|\n|win|Meuby Law\n|raw|Meuby Law's rating: 1587 &rarr; <strong>1606</strong><br />(+19 for winning)\n|raw|gabboh's rating: 1574 &rarr; <strong>1555</strong><br />(-19 for losing)\n", "inputlog": ">version dd3d52b8382d73d1dd2c67730c4067df325ab790\n>start {\"formatid\":\"gen7randombattle\",\"seed\":\"sodium,aa235c0c1780d3e4c149d7ebf50e8bee\",\"rated\":\"Rated battle\"}\n>player p1 {\"name\":\"Meuby Law\",\"avatar\":\"hau-stance\",\"rating\":1587,\"seed\":\"sodium,36e63dcf7f0efe501bd6bca4ce78c8c2\"}\n>player p2 {\"name\":\"gabboh\",\"avatar\":\"265\",\"rating\":1574,\"seed\":\"sodium,9100eec8bb94ddcdfb4384c1d6199511\"}\n>p1 move leafstorm\n>p2 switch 4\n>p1 move glare\n>p2 move sludgebomb\n>p1 move hiddenpower\n>p2 move sludgebomb\n>p1 switch 6\n>p1 move fireblast mega\n>p2 switch 3\n>p1 move dragonpulse\n>p2 move eruption\n>p1 switch 4\n>p2 move eruption\n>p1 move quickattack\n>p2 move eruption\n>p1 switch 5\n>p1 move nastyplot\n>p2 switch 4\n>p1 move grassknot\n>p2 move earthpower\n>p2 switch 2\n>p1 switch 2\n>p2 move psyshock\n>p1 move crunch\n>p2 switch 6\n>p1 move toxic\n>p2 move avalanche\n>p1 switch 2\n>p2 move earthquake\n>p1 move focusblast zmove\n>p2 move earthquake\n>p2 switch 6\n>p1 move fireblast\n>p2 move thunderbolt\n>p1 switch 2\n>p1 switch 4\n>p2 switch 3\n>p1 move roost\n>p2 move sludgebomb\n>p1 move dragonpulse\n>p2 move spore\n>p1 move fireblast\n>p2 move spore\n>p2 switch 4\n>p1 move roost\n>p2 move hiddenpower\n>p1 switch 3\n>p2 move hiddenpower\n>p1 move nastyplot\n>p2 switch 5\n>p1 move shadowball\n>p2 move shadowclaw\n>p2 switch 5\n>p1 move psychic\n>p2 move fireblast\n>p2 switch 3\n>p1 move shadowball\n>p2 move thunderbolt\n>p1 switch 3\n>p1 move fireblast\n>p2 move thunderbolt\n>p1 switch 4\n>p1 move suckerpunch\n>p2 move thunderbolt zmove", "uploadtime": 1769175861, "views": 180, "formatid": "gen7randombattle", "rating": 1555, "private": 0, "password": null}