{"id": "gen7randombattle-2533094942", "format": "[Gen 7] Random Battle", "players": ["MimikyuTrainerAsh", "YPlays"], "log": "|j|☆MimikyuTrainerAsh\n|j|☆YPlays\n|t:|1770256317\n|gametype|singles\n|player|p1|MimikyuTrainerAsh|pokekid|1628\n|player|p2|YPlays|265|1537\n|gen|7\n|tier|[Gen 7] Random Battle\n|rated|\n|rule|Sleep Clause Mod: Limit one foe put to sleep\n|rule|HP Percentage Mod: HP is shown in percentages\n|rule|Illusion Level Mod: Illusion disguises the Pokémon's true level\n|\n|t:|1770256317\n|teamsize|p1|6\n|teamsize|p2|6\n|start\n|switch|p1a: Seismitoad|Seismitoad, L85, F|317/317\n|switch|p2a: Palossand|Palossand, L89, F|296/296\n|turn|1\n|inactive|Battle timer is ON: inactive players will automatically lose when time's up. (requested by MimikyuTrainerAsh)\n|\n|t:|1770256330\n|move|p1a: Seismitoad|Stealth Rock|p2a: Palossand\n|-sidestart|p2: YPlays|move: Stealth Rock\n|move|p2a: Palossand|Stealth Rock|p1a: Seismitoad\n|-sidestart|p1: MimikyuTrainerAsh|move: Stealth Rock\n|\n|upkeep\n|turn|2\n|\n|t:|1770256336\n|switch|p2a: Carnivine|Carnivine, M|310/310\n|-damage|p2a: Carnivine|272/310|[from] Stealth Rock\n|move|p1a: Seismitoad|Knock Off|p2a: Carnivine\n|-damage|p2a: Carnivine|203/310\n|-enditem|p2a: Carnivine|Leftovers|[from] move: Knock Off|[of] p1a: Seismitoad\n|\n|upkeep\n|turn|3\n|\n|t:|1770256340\n|switch|p1a: Stantler|Stantler, L92, F|284/284\n|-damage|p1a: Stantler|249/284|[from] Stealth Rock\n|-ability|p1a: Stantler|Intimidate|boost\n|-unboost|p2a: Carnivine|atk|1\n|move|p2a: Carnivine|Power Whip|p1a: Stantler|[miss]\n|-miss|p2a: Carnivine|p1a: Stantler\n|\n|upkeep\n|turn|4\n|\n|t:|1770256348\n|move|p1a: Stantler|Throat Chop|p2a: Carnivine\n|-damage|p2a: Carnivine|111/310\n|-start|p2a: Carnivine|Throat Chop|[silent]\n|move|p2a: Carnivine|Knock Off|p1a: Stantler\n|-damage|p1a: Stantler|170/284\n|-enditem|p1a: Stantler|Choice Band|[from] move: Knock Off|[of] p2a: Carnivine\n|\n|upkeep\n|turn|5\n|c|☆MimikyuTrainerAsh|you’ll never guess what pokemon they gave me\n|\n|t:|1770256358\n|switch|p2a: Palossand|Palossand, L89, F|296/296\n|-damage|p2a: Palossand|278/296|[from] Stealth Rock\n|move|p1a: Stantler|Double-Edge|p2a: Palossand\n|-immune|p2a: Palossand\n|\n|-heal|p2a: Palossand|296/296|[from] item: Leftovers\n|upkeep\n|turn|6\n|c|☆YPlays|probably somethign broken af\n|c|☆MimikyuTrainerAsh|read my name\n|c|☆YPlays|ive seen it all but dont tell me elt me be surprised\n|inactive|YPlays has 120 seconds left.\n|c|☆YPlays|oh right\n|c|☆YPlays|mimikyu\n|c|☆MimikyuTrainerAsh|too late\n|\n|t:|1770256411\n|switch|p2a: Mesprit|Mesprit, L86|278/278\n|-damage|p2a: Mesprit|244/278|[from] Stealth Rock\n|move|p1a: Stantler|Throat Chop|p2a: Mesprit\n|-supereffective|p2a: Mesprit\n|-damage|p2a: Mesprit|140/278\n|-start|p2a: Mesprit|Throat Chop|[silent]\n|\n|upkeep\n|turn|7\n|\n|t:|1770256414\n|move|p1a: Stantler|Megahorn|p2a: Mesprit\n|-supereffective|p2a: Mesprit\n|-damage|p2a: Mesprit|0 fnt\n|faint|p2a: Mesprit\n|\n|upkeep\n|\n|t:|1770256418\n|switch|p2a: Swanna|Swanna, L88, M|275/275\n|-damage|p2a: Swanna|207/275|[from] Stealth Rock\n|turn|8\n|\n|t:|1770256423\n|move|p2a: Swanna|Brave Bird|p1a: Stantler\n|-damage|p1a: Stantler|16/284\n|-damage|p2a: Swanna|156/275|[from] Recoil\n|move|p1a: Stantler|Double-Edge|p2a: Swanna\n|-damage|p2a: Swanna|0 fnt\n|faint|p2a: Swanna\n|-damage|p1a: Stantler|0 fnt|[from] Recoil\n|faint|p1a: Stantler\n|\n|upkeep\n|inactive|YPlays has 120 seconds left.\n|c|☆YPlays|ill ahve to save my palossand for that\n|c|☆YPlays|its my only mimikyu counte\n|\n|t:|1770256442\n|switch|p2a: Xerneas|Xerneas, L65|272/272\n|switch|p1a: Banette|Banette, L87, F|253/253\n|-damage|p2a: Xerneas|238/272|[from] Stealth Rock\n|-ability|p2a: Xerneas|Fairy Aura\n|-damage|p1a: Banette|222/253|[from] Stealth Rock\n|-item|p2a: Xerneas|Power Herb|[from] ability: Frisk|[of] p1a: Banette\n|turn|9\n|\n|t:|1770256453\n|detailschange|p1a: Banette|Banette-Mega, L87, F\n|-mega|p1a: Banette|Banette|Banettite\n|move|p1a: Banette|Knock Off|p2a: Xerneas\n|-resisted|p2a: Xerneas\n|-damage|p2a: Xerneas|168/272\n|-enditem|p2a: Xerneas|Power Herb|[from] move: Knock Off|[of] p1a: Banette\n|move|p2a: Xerneas|Geomancy||[still]\n|-prepare|p2a: Xerneas|Geomancy\n|\n|upkeep\n|turn|10\n|\n|t:|1770256457\n|move|p1a: Banette|Shadow Claw|p2a: Xerneas\n|-damage|p2a: Xerneas|14/272\n|move|p2a: Xerneas|Geomancy|p2a: Xerneas|[from] lockedmove\n|-boost|p2a: Xerneas|spa|2\n|-boost|p2a: Xerneas|spd|2\n|-boost|p2a: Xerneas|spe|2\n|\n|upkeep\n|turn|11\n|c|☆YPlays|that was a good move\n|c|☆YPlays|cooked\n|\n|t:|1770256469\n|move|p1a: Banette|Shadow Sneak|p2a: Xerneas\n|-damage|p2a: Xerneas|0 fnt\n|faint|p2a: Xerneas\n|\n|upkeep\n|\n|t:|1770256474\n|switch|p2a: Latias|Latias, L78, F|253/253\n|-damage|p2a: Latias|222/253|[from] Stealth Rock\n|turn|12\n|\n|t:|1770256479\n|detailschange|p2a: Latias|Latias-Mega, L78, F\n|-mega|p2a: Latias|Latias|Latiasite\n|move|p1a: Banette|Destiny Bond|p1a: Banette\n|-singlemove|p1a: Banette|Destiny Bond\n|move|p2a: Latias|Draco Meteor|p1a: Banette\n|-damage|p1a: Banette|69/253\n|-unboost|p2a: Latias|spa|2\n|\n|upkeep\n|turn|13\n|\n|t:|1770256485\n|move|p2a: Latias|Psyshock|p1a: Banette\n|-damage|p1a: Banette|12/253\n|move|p1a: Banette|Shadow Claw|p2a: Latias\n|-supereffective|p2a: Latias\n|-damage|p2a: Latias|30/253\n|\n|upkeep\n|turn|14\n|\n|t:|1770256490\n|move|p2a: Latias|Calm Mind|p2a: Latias\n|-boost|p2a: Latias|spa|1\n|-boost|p2a: Latias|spd|1\n|move|p1a: Banette|Shadow Claw|p2a: Latias\n|-supereffective|p2a: Latias\n|-damage|p2a: Latias|0 fnt\n|faint|p2a: Latias\n|detailschange|p2: Latias|Latias, L78, F|[silent]\n|\n|upkeep\n|c|☆YPlays|nos hadow sneak?\n|c|☆YPlays|well gg\n|c|☆MimikyuTrainerAsh|nah\n|\n|t:|1770256503\n|switch|p2a: Carnivine|Carnivine, M|111/310\n|-damage|p2a: Carnivine|73/310|[from] Stealth Rock\n|turn|15\n|c|☆MimikyuTrainerAsh|i wanted it to die\n|\n|t:|1770256509\n|move|p1a: Banette|Destiny Bond|p1a: Banette\n|-singlemove|p1a: Banette|Destiny Bond\n|move|p2a: Carnivine|Knock Off|p1a: Banette\n|-supereffective|p1a: Banette\n|-damage|p1a: Banette|0 fnt\n|faint|p1a: Banette\n|-activate|p1a: Banette|move: Destiny Bond\n|detailschange|p1: Banette|Banette, L87, F|[silent]\n|faint|p2a: Carnivine\n|\n|upkeep\n|\n|t:|1770256511\n|switch|p1a: Mimikyu|Mimikyu, L73, M|201/201\n|switch|p2a: Palossand|Palossand, L89, F|296/296\n|-damage|p1a: Mimikyu|176/201|[from] Stealth Rock\n|-damage|p2a: Palossand|278/296|[from] Stealth Rock\n|turn|16\n|\n|t:|1770256516\n|move|p1a: Mimikyu|Swords Dance|p1a: Mimikyu\n|-boost|p1a: Mimikyu|atk|2\n|move|p2a: Palossand|Shadow Ball|p1a: Mimikyu\n|-activate|p1a: Mimikyu|ability: Disguise\n|-damage|p1a: Mimikyu|176/201\n|detailschange|p1a: Mimikyu|Mimikyu-Busted, L73, M\n|\n|-heal|p2a: Palossand|296/296|[from] item: Leftovers\n|upkeep\n|turn|17\n|\n|t:|1770256518\n|-zpower|p1a: Mimikyu\n|move|p1a: Mimikyu|Let's Snuggle Forever|p2a: Palossand|[zeffect]\n|-damage|p2a: Palossand|85/296\n|move|p2a: Palossand|Shadow Ball|p1a: Mimikyu\n|-supereffective|p1a: Mimikyu\n|-damage|p1a: Mimikyu|0 fnt\n|faint|p1a: Mimikyu\n|detailschange|p1: Mimikyu|Mimikyu, L73, M|[silent]\n|\n|-heal|p2a: Palossand|103/296|[from] item: Leftovers\n|upkeep\n|c|☆MimikyuTrainerAsh|NOOOOOOO\n|c|☆YPlays|lmao\n|\n|t:|1770256539\n|switch|p1a: Xerneas|Xerneas, L65|272/272\n|-damage|p1a: Xerneas|238/272|[from] Stealth Rock\n|-ability|p1a: Xerneas|Fairy Aura\n|turn|18\n|c|☆YPlays|he bulky\n|\n|t:|1770256543\n|move|p1a: Xerneas|Moonblast|p2a: Palossand\n|-damage|p2a: Palossand|0 fnt\n|faint|p2a: Palossand\n|\n|win|MimikyuTrainerAsh\n|raw|MimikyuTrainerAsh's rating: 1628 &rarr; <strong>1643</strong><br />(+15 for winning)\n|raw|YPlays's rating: 1537 &rarr; <strong>1522</strong><br />(-15 for losing)\n|c|☆MimikyuTrainerAsh|ggs\n|c|☆YPlays|lets go again\n", "inputlog": ">version ccdc32dd7cde25fd9e4bed64820e885f66e78a4e\n>start {\"formatid\":\"gen7randombattle\",\"seed\":\"sodium,f7f2a2d4559a7dc40018e5aee39fdcd1\",\"rated\":\"Rated battle\"}\n>player p1 {\"name\":\"MimikyuTrainerAsh\",\"avatar\":\"pokekid\",\"rating\":1628,\"seed\":\"sodium,377bd092903bafef23e56d23a5c1c170\"}\n>player p2 {\"name\":\"YPlays\",\"avatar\":\"265\",\"rating\":1537,\"seed\":\"sodium,5eb49701f63cd3e85e218a6af26a761a\"}\n>p1 move stealthrock\n>p2 move stealthrock\n>p1 move knockoff\n>p2 switch 4\n>p1 switch 3\n>p2 move powerwhip\n>p1 move throatchop\n>p2 move knockoff\n>chat ☆MimikyuTrainerAsh|you’ll never guess what pokemon they gave me \n>p1 move doubleedge\n>p2 switch 4\n>chat ☆YPlays|probably somethign broken af\n>chat ☆MimikyuTrainerAsh|read my name \n>chat ☆YPlays|ive seen it all but dont tell me elt me be surprised\n>chat ☆YPlays|oh right\n>chat ☆YPlays|mimikyu\n>chat ☆MimikyuTrainerAsh|too late \n>p1 move throatchop\n>p2 switch 5\n>p1 move megahorn\n>p2 move psychic\n>p2 switch 6\n>p1 move doubleedge\n>p2 move bravebird\n>chat ☆YPlays|ill ahve to save my palossand for that\n>chat ☆YPlays|its my only mimikyu counte\n>p1 switch 4\n>p2 switch 3\n>p1 move knockoff mega\n>p2 move geomancy\n>p1 move shadowclaw\n>p2 move geomancy\n>chat ☆YPlays|that was a good move\n>chat ☆YPlays|cooked\n>p1 move shadowsneak\n>p2 move moonblast\n>p2 switch 2\n>p1 move destinybond\n>p2 move dracometeor mega\n>p1 move shadowclaw\n>p2 move psyshock\n>p1 move shadowclaw\n>p2 move calmmind\n>chat ☆YPlays|nos hadow sneak?\n>chat ☆YPlays|well gg\n>chat ☆MimikyuTrainerAsh|nah\n>p2 switch 4\n>chat ☆MimikyuTrainerAsh|i wanted it to die\n>p1 move destinybond\n>p2 move knockoff\n>p1 switch 6\n>p2 switch 5\n>p1 move swordsdance\n>p2 move shadowball\n>p1 move playrough zmove\n>p2 move shadowball\n>chat ☆MimikyuTrainerAsh|NOOOOOOO\n>chat ☆YPlays|lmao\n>p1 switch 5\n>chat ☆YPlays|he bulky\n>p1 move moonblast\n>p2 move shadowball", "uploadtime": 1770256550, "views": 138, "formatid": "gen7randombattle", "rating": 1522, "private": 0, "password": null}