{"id": "gen7randombattle-2529690573", "format": "[Gen 7] Random Battle", "players": ["broncuskowski", "La.Hellhound"], "log": "|j|☆broncuskowski\n|j|‽La.Hellhound\n|t:|1769812212\n|gametype|singles\n|player|p1|broncuskowski|102|1579\n|player|p2|La.Hellhound|bruno|1736\n|gen|7\n|tier|[Gen 7] Random Battle\n|rated|\n|rule|Sleep Clause Mod: Limit one foe put to sleep\n|rule|HP Percentage Mod: HP is shown in percentages\n|rule|Illusion Level Mod: Illusion disguises the Pokémon's true level\n|\n|t:|1769812212\n|teamsize|p1|6\n|teamsize|p2|6\n|start\n|switch|p1a: Sharpedo|Sharpedo, L82, M|249/249\n|switch|p2a: Eelektross|Eelektross, L88, F|293/293\n|turn|1\n|inactive|Battle timer is ON: inactive players will automatically lose when time's up. (requested by La.Hellhound)\n|\n|t:|1769812231\n|switch|p1a: Kricketune|Kricketune, L97, M|306/306\n|move|p2a: Eelektross|Discharge|p1a: Kricketune\n|-damage|p1a: Kricketune|186/306\n|\n|-heal|p1a: Kricketune|205/306|[from] item: Leftovers\n|upkeep\n|turn|2\n|\n|t:|1769812242\n|switch|p2a: Cinccino|Cinccino, L84, F|263/263\n|move|p1a: Kricketune|Sticky Web|p2a: Cinccino\n|-sidestart|p2: La.Hellhound|move: Sticky Web\n|\n|-heal|p1a: Kricketune|224/306|[from] item: Leftovers\n|upkeep\n|turn|3\n|\n|t:|1769812249\n|switch|p1a: Drifblim|Drifblim, L85, M|392/392\n|move|p2a: Cinccino|Tail Slap|p1a: Drifblim\n|-immune|p1a: Drifblim\n|\n|upkeep\n|turn|4\n|l|☆broncuskowski\n|inactive|broncuskowski disconnected and has a minute to reconnect!\n|player|p1|\n|j|☆broncuskowski\n|inactive|broncuskowski reconnected and has 120 seconds left.\n|player|p1|broncuskowski|102|\n|\n|t:|1769812286\n|switch|p2a: Eelektross|Eelektross, L88, F|293/293\n|move|p1a: Drifblim|Substitute|p1a: Drifblim\n|-start|p1a: Drifblim|Substitute\n|-damage|p1a: Drifblim|294/392\n|\n|upkeep\n|turn|5\n|inactive|broncuskowski has 120 seconds left.\n|\n|t:|1769812295\n|move|p1a: Drifblim|Will-O-Wisp|p2a: Eelektross\n|-status|p2a: Eelektross|brn\n|move|p2a: Eelektross|Discharge|p1a: Drifblim\n|-supereffective|p1a: Drifblim\n|-end|p1a: Drifblim|Substitute\n|\n|-damage|p2a: Eelektross|275/293 brn|[from] brn\n|upkeep\n|turn|6\n|\n|t:|1769812304\n|switch|p1a: Kricketune|Kricketune, L97, M|224/306\n|move|p2a: Eelektross|Discharge|p1a: Kricketune\n|-damage|p1a: Kricketune|86/306\n|\n|-heal|p1a: Kricketune|105/306|[from] item: Leftovers\n|-damage|p2a: Eelektross|257/293 brn|[from] brn\n|upkeep\n|turn|7\n|\n|t:|1769812316\n|switch|p2a: Weezing|Weezing, L87, M|255/255\n|move|p1a: Kricketune|Leech Life|p2a: Weezing\n|-resisted|p2a: Weezing\n|-damage|p2a: Weezing|214/255\n|-heal|p1a: Kricketune|126/306|[from] drain|[of] p2a: Weezing\n|\n|-heal|p1a: Kricketune|145/306|[from] item: Leftovers\n|-heal|p2a: Weezing|229/255|[from] item: Black Sludge\n|upkeep\n|turn|8\n|\n|t:|1769812326\n|move|p1a: Kricketune|Taunt|p2a: Weezing\n|-start|p2a: Weezing|move: Taunt\n|move|p2a: Weezing|Fire Blast|p1a: Kricketune\n|-supereffective|p1a: Kricketune\n|-damage|p1a: Kricketune|0 fnt\n|faint|p1a: Kricketune\n|\n|-heal|p2a: Weezing|244/255|[from] item: Black Sludge\n|upkeep\n|\n|t:|1769812332\n|switch|p1a: Hypno|Hypno, L97, M|322/322\n|turn|9\n|inactive|La.Hellhound has 120 seconds left.\n|\n|t:|1769812365\n|switch|p2a: Clefable|Clefable, L83, F|293/293\n|-activate|p2a: Clefable|move: Sticky Web\n|-unboost|p2a: Clefable|spe|1\n|move|p1a: Hypno|Toxic|p2a: Clefable\n|-status|p2a: Clefable|tox\n|\n|upkeep\n|turn|10\n|\n|t:|1769812376\n|move|p1a: Hypno|Seismic Toss|p2a: Clefable\n|-damage|p2a: Clefable|196/293 tox\n|move|p2a: Clefable|Thunder Wave|p1a: Hypno\n|-status|p1a: Hypno|par\n|\n|upkeep\n|turn|11\n|\n|t:|1769812383\n|move|p2a: Clefable|Aromatherapy|p2a: Clefable\n|-activate|p2a: Clefable|move: Aromatherapy\n|-curestatus|p2a: Clefable|tox|[msg]\n|-curestatus|p2: Eelektross|brn|[msg]\n|cant|p1a: Hypno|par\n|\n|upkeep\n|turn|12\n|\n|t:|1769812390\n|move|p2a: Clefable|Soft-Boiled|p2a: Clefable\n|-heal|p2a: Clefable|293/293\n|move|p1a: Hypno|Seismic Toss|p2a: Clefable\n|-damage|p2a: Clefable|196/293\n|\n|upkeep\n|turn|13\n|\n|t:|1769812396\n|move|p2a: Clefable|Moonblast|p1a: Hypno\n|-damage|p1a: Hypno|227/322 par\n|-unboost|p1a: Hypno|spa|1\n|move|p1a: Hypno|Seismic Toss|p2a: Clefable\n|-damage|p2a: Clefable|99/293\n|\n|-heal|p1a: Hypno|247/322 par|[from] item: Leftovers\n|upkeep\n|turn|14\n|\n|t:|1769812413\n|switch|p1a: Drifblim|Drifblim, L85, M|294/392\n|move|p2a: Clefable|Soft-Boiled|p2a: Clefable\n|-heal|p2a: Clefable|246/293\n|\n|upkeep\n|turn|15\n|\n|t:|1769812421\n|move|p1a: Drifblim|Will-O-Wisp|p2a: Clefable\n|-status|p2a: Clefable|brn\n|move|p2a: Clefable|Moonblast|p1a: Drifblim\n|-damage|p1a: Drifblim|106/392\n|-enditem|p1a: Drifblim|Sitrus Berry|[eat]\n|-heal|p1a: Drifblim|204/392|[from] item: Sitrus Berry\n|\n|upkeep\n|turn|16\n|\n|t:|1769812431\n|move|p1a: Drifblim|Hex|p2a: Clefable\n|-damage|p2a: Clefable|116/293 brn\n|move|p2a: Clefable|Thunder Wave|p1a: Drifblim\n|-status|p1a: Drifblim|par\n|\n|upkeep\n|turn|17\n|\n|t:|1769812440\n|switch|p2a: Weezing|Weezing, L87, M|244/255\n|cant|p1a: Drifblim|par\n|\n|-heal|p2a: Weezing|255/255|[from] item: Black Sludge\n|upkeep\n|turn|18\n|\n|t:|1769812449\n|move|p1a: Drifblim|Will-O-Wisp|p2a: Weezing\n|-status|p2a: Weezing|brn\n|move|p2a: Weezing|Sludge Bomb|p1a: Drifblim\n|-resisted|p1a: Drifblim\n|-damage|p1a: Drifblim|138/392 par\n|\n|-damage|p2a: Weezing|240/255 brn|[from] brn\n|upkeep\n|turn|19\n|\n|t:|1769812459\n|switch|p2a: Eelektross|Eelektross, L88, F|257/293\n|cant|p1a: Drifblim|par\n|\n|upkeep\n|turn|20\n|\n|t:|1769812470\n|switch|p1a: Umbreon|Umbreon, L84, F|297/297\n|move|p2a: Eelektross|Discharge|p1a: Umbreon\n|-damage|p1a: Umbreon|219/297\n|\n|-heal|p1a: Umbreon|237/297|[from] item: Leftovers\n|upkeep\n|turn|21\n|\n|t:|1769812482\n|switch|p1a: Hawlucha|Hawlucha, L78, M|249/249\n|move|p2a: Eelektross|Knock Off|p1a: Hawlucha\n|-resisted|p1a: Hawlucha\n|-damage|p1a: Hawlucha|196/249\n|-enditem|p1a: Hawlucha|Power Herb|[from] move: Knock Off|[of] p2a: Eelektross\n|\n|upkeep\n|turn|22\n|\n|t:|1769812488\n|move|p1a: Hawlucha|Swords Dance|p1a: Hawlucha\n|-boost|p1a: Hawlucha|atk|2\n|move|p2a: Eelektross|Discharge|p1a: Hawlucha\n|-supereffective|p1a: Hawlucha\n|-damage|p1a: Hawlucha|0 fnt\n|faint|p1a: Hawlucha\n|\n|upkeep\n|-message|broncuskowski forfeited.\n|\n|win|La.Hellhound\n|raw|broncuskowski's rating: 1579 &rarr; <strong>1567</strong><br />(-12 for losing)\n|raw|La.Hellhound's rating: 1736 &rarr; <strong>1748</strong><br />(+12 for winning)\n|l|☆broncuskowski\n|player|p1|\n", "inputlog": ">version b99ff0165a6231f17e8b78c2a78d1998375de664\n>start {\"formatid\":\"gen7randombattle\",\"seed\":\"sodium,1677b37039c8560e5abb866fd8ccd0d6\",\"rated\":\"Rated battle\"}\n>player p1 {\"name\":\"broncuskowski\",\"avatar\":\"102\",\"rating\":1579,\"seed\":\"sodium,d1f8ebfc7db8eeebb815c25decd937a8\"}\n>player p2 {\"name\":\"La.Hellhound\",\"avatar\":\"bruno\",\"rating\":1736,\"seed\":\"sodium,be97a24d6bd53337566ee5fec5b25b97\"}\n>p1 switch 2\n>p2 move discharge\n>p1 move stickyweb\n>p2 switch 3\n>p1 switch 5\n>p2 move tailslap\n>p1 move substitute\n>p2 switch 3\n>p1 move willowisp\n>p2 move discharge\n>p1 switch 5\n>p2 move discharge\n>p1 move leechlife\n>p2 switch 2\n>p1 move taunt\n>p2 move fireblast\n>p1 switch 4\n>p1 move toxic\n>p2 switch 4\n>p1 move seismictoss\n>p2 move thunderwave\n>p1 move seismictoss\n>p2 move aromatherapy\n>p1 move seismictoss\n>p2 move softboiled\n>p1 move seismictoss\n>p2 move moonblast\n>p1 switch 5\n>p2 move softboiled\n>p1 move willowisp\n>p2 move moonblast\n>p1 move hex\n>p2 move thunderwave\n>p1 move hex\n>p2 switch 4\n>p1 move willowisp\n>p2 move sludgebomb\n>p1 move hex\n>p2 switch 2\n>p1 switch 6\n>p2 move discharge\n>p1 switch 3\n>p2 move knockoff\n>p1 move swordsdance\n>p2 move discharge\n>forcelose p1", "uploadtime": 1769812496, "views": 187, "formatid": "gen7randombattle", "rating": 1567, "private": 0, "password": null}