{"id": "gen7randombattle-2533476782", "format": "[Gen 7] Random Battle", "players": ["AlephSubZero", "dubin5"], "log": "|j|☆AlephSubZero\n|j|☆dubin5\n|t:|1770309294\n|gametype|singles\n|player|p1|AlephSubZero|psychic-gen4|1805\n|player|p2|dubin5|boarder|1771\n|gen|7\n|tier|[Gen 7] Random Battle\n|rated|\n|rule|Sleep Clause Mod: Limit one foe put to sleep\n|rule|HP Percentage Mod: HP is shown in percentages\n|rule|Illusion Level Mod: Illusion disguises the Pokémon's true level\n|\n|t:|1770309295\n|teamsize|p1|6\n|teamsize|p2|6\n|start\n|switch|p1a: Swalot|Swalot, L90, F|326/326\n|switch|p2a: Tentacruel|Tentacruel, L83, M|268/268\n|turn|1\n|inactive|Battle timer is ON: inactive players will automatically lose when time's up. (requested by dubin5)\n|\n|t:|1770309315\n|switch|p2a: Gurdurr|Gurdurr, L87, M|290/290\n|switch|p1a: Jynx|Jynx, L89, F|260/260\n|\n|upkeep\n|turn|2\n|\n|t:|1770309321\n|switch|p1a: Whimsicott|Whimsicott, L87, F|246/246\n|move|p2a: Gurdurr|Knock Off|p1a: Whimsicott\n|-resisted|p1a: Whimsicott\n|-crit|p1a: Whimsicott\n|-damage|p1a: Whimsicott|185/246\n|-enditem|p1a: Whimsicott|Leftovers|[from] move: Knock Off|[of] p2a: Gurdurr\n|\n|upkeep\n|turn|3\n|\n|t:|1770309335\n|switch|p1a: Jynx|Jynx, L89, F|260/260\n|switch|p2a: Tentacruel|Tentacruel, L83, M|268/268\n|\n|upkeep\n|turn|4\n|\n|t:|1770309346\n|switch|p2a: Shedinja|Shedinja, L96|1/1\n|move|p1a: Jynx|Psyshock|p2a: Shedinja\n|-immune|p2a: Shedinja|[from] ability: Wonder Guard\n|\n|upkeep\n|turn|5\n|\n|t:|1770309359\n|switch|p1a: Pyroar|Pyroar, L88, F|294/294\n|-ability|p1a: Pyroar|Unnerve\n|move|p2a: Shedinja|Will-O-Wisp|p1a: Pyroar\n|-immune|p1a: Pyroar\n|\n|upkeep\n|turn|6\n|\n|t:|1770309369\n|switch|p2a: Tentacruel|Tentacruel, L83, M|268/268\n|move|p1a: Pyroar|Work Up|p1a: Pyroar\n|-boost|p1a: Pyroar|atk|1\n|-boost|p1a: Pyroar|spa|1\n|\n|upkeep\n|turn|7\n|\n|t:|1770309390\n|move|p1a: Pyroar|Hyper Voice|p2a: Tentacruel\n|-damage|p2a: Tentacruel|150/268\n|-damage|p1a: Pyroar|265/294|[from] item: Life Orb\n|move|p2a: Tentacruel|Knock Off|p1a: Pyroar\n|-damage|p1a: Pyroar|211/294\n|-enditem|p1a: Pyroar|Life Orb|[from] move: Knock Off|[of] p2a: Tentacruel\n|\n|upkeep\n|turn|8\n|\n|t:|1770309399\n|switch|p1a: Jynx|Jynx, L89, F|260/260\n|move|p2a: Tentacruel|Scald|p1a: Jynx\n|-immune|p1a: Jynx|[from] ability: Dry Skin\n|\n|upkeep\n|turn|9\n|\n|t:|1770309406\n|switch|p2a: Shedinja|Shedinja, L96|1/1\n|move|p1a: Jynx|Lovely Kiss|p2a: Shedinja\n|-status|p2a: Shedinja|slp|[from] move: Lovely Kiss\n|\n|upkeep\n|turn|10\n|\n|t:|1770309431\n|switch|p1a: Haxorus|Haxorus, L75, M|238/238\n|-ability|p1a: Haxorus|Mold Breaker\n|cant|p2a: Shedinja|slp\n|\n|upkeep\n|turn|11\n|\n|t:|1770309450\n|switch|p2a: Leafeon|Leafeon, L88, F|258/258\n|move|p1a: Haxorus|Poison Jab|p2a: Leafeon\n|-supereffective|p2a: Leafeon\n|-crit|p2a: Leafeon\n|-damage|p2a: Leafeon|114/258\n|\n|upkeep\n|turn|12\n|inactive|dubin5 has 120 seconds left.\n|\n|t:|1770309480\n|switch|p2a: Shedinja|Shedinja, L96|1/1 slp\n|move|p1a: Haxorus|Dragon Dance|p1a: Haxorus\n|-boost|p1a: Haxorus|atk|1\n|-boost|p1a: Haxorus|spe|1\n|\n|upkeep\n|turn|13\n|\n|t:|1770309484\n|move|p1a: Haxorus|Poison Jab|p2a: Shedinja\n|-resisted|p2a: Shedinja\n|-enditem|p2a: Shedinja|Focus Sash\n|-damage|p2a: Shedinja|1/1 slp\n|-curestatus|p2a: Shedinja|slp|[msg]\n|move|p2a: Shedinja|Will-O-Wisp|p1a: Haxorus\n|-status|p1a: Haxorus|brn\n|\n|-damage|p1a: Haxorus|224/238 brn|[from] brn\n|upkeep\n|turn|14\n|inactive|dubin5 has 120 seconds left.\n|\n|t:|1770309509\n|switch|p2a: Arbok|Arbok, L90, F|254/254\n|-ability|p2a: Arbok|Intimidate|boost\n|-unboost|p1a: Haxorus|atk|1\n|move|p1a: Haxorus|Dragon Dance|p1a: Haxorus\n|-boost|p1a: Haxorus|atk|1\n|-boost|p1a: Haxorus|spe|1\n|\n|-damage|p1a: Haxorus|210/238 brn|[from] brn\n|upkeep\n|turn|15\n|inactive|dubin5 has 90 seconds left.\n|\n|t:|1770309546\n|switch|p2a: Leafeon|Leafeon, L88, F|114/258\n|move|p1a: Haxorus|Earthquake|p2a: Leafeon\n|-resisted|p2a: Leafeon\n|-damage|p2a: Leafeon|92/258\n|\n|-damage|p1a: Haxorus|196/238 brn|[from] brn\n|upkeep\n|turn|16\n|inactive|dubin5 has 90 seconds left.\n|\n|t:|1770309563\n|move|p1a: Haxorus|Poison Jab|p2a: Leafeon\n|-supereffective|p2a: Leafeon\n|-damage|p2a: Leafeon|30/258\n|move|p2a: Leafeon|Double-Edge|p1a: Haxorus\n|-damage|p1a: Haxorus|41/238 brn\n|-damage|p2a: Leafeon|0 fnt|[from] Recoil\n|faint|p2a: Leafeon\n|\n|-damage|p1a: Haxorus|27/238 brn|[from] brn\n|upkeep\n|inactive|dubin5 has 90 seconds left.\n|\n|t:|1770309575\n|switch|p2a: Gurdurr|Gurdurr, L87, M|290/290\n|turn|17\n|inactive|dubin5 has 90 seconds left.\n|\n|t:|1770309592\n|move|p2a: Gurdurr|Mach Punch|p1a: Haxorus\n|-crit|p1a: Haxorus\n|-damage|p1a: Haxorus|0 fnt\n|faint|p1a: Haxorus\n|\n|upkeep\n|\n|t:|1770309603\n|switch|p1a: Whimsicott|Whimsicott, L87, F|185/246\n|turn|18\n|inactive|dubin5 has 90 seconds left.\n|\n|t:|1770309614\n|switch|p2a: Tentacruel|Tentacruel, L83, M|150/268\n|move|p1a: Whimsicott|Leech Seed|p2a: Tentacruel|[miss]\n|-miss|p1a: Whimsicott|p2a: Tentacruel\n|\n|upkeep\n|turn|19\n|\n|t:|1770309623\n|switch|p1a: Swalot|Swalot, L90, F|326/326\n|move|p2a: Tentacruel|Sludge Bomb|p1a: Swalot\n|-resisted|p1a: Swalot\n|-damage|p1a: Swalot|287/326\n|\n|-heal|p1a: Swalot|307/326|[from] item: Black Sludge\n|upkeep\n|turn|20\n|\n|t:|1770309634\n|move|p2a: Tentacruel|Knock Off|p1a: Swalot\n|-damage|p1a: Swalot|257/326\n|-enditem|p1a: Swalot|Black Sludge|[from] move: Knock Off|[of] p2a: Tentacruel\n|move|p1a: Swalot|Earthquake|p2a: Tentacruel\n|-supereffective|p2a: Tentacruel\n|-damage|p2a: Tentacruel|0 fnt\n|faint|p2a: Tentacruel\n|\n|upkeep\n|\n|t:|1770309636\n|switch|p2a: Gurdurr|Gurdurr, L87, M|290/290\n|turn|21\n|inactive|dubin5 has 90 seconds left.\n|\n|t:|1770309657\n|move|p1a: Swalot|Yawn|p2a: Gurdurr\n|-start|p2a: Gurdurr|move: Yawn|[of] p1a: Swalot\n|move|p2a: Gurdurr|Drain Punch|p1a: Swalot\n|-resisted|p1a: Swalot\n|-damage|p1a: Swalot|216/326\n|-damage|p2a: Gurdurr|269/290|[from] ability: Liquid Ooze|[of] p1a: Swalot\n|\n|upkeep\n|turn|22\n|inactive|dubin5 has 90 seconds left.\n|\n|t:|1770309668\n|switch|p1a: Pyroar|Pyroar, L88, F|211/294\n|-ability|p1a: Pyroar|Unnerve\n|move|p2a: Gurdurr|Bulk Up|p2a: Gurdurr\n|-boost|p2a: Gurdurr|atk|1\n|-boost|p2a: Gurdurr|def|1\n|\n|-end|p2a: Gurdurr|move: Yawn|[silent]\n|-status|p2a: Gurdurr|slp\n|upkeep\n|turn|23\n|inactive|dubin5 has 90 seconds left.\n|inactive|AlephSubZero has 120 seconds left.\n|\n|t:|1770309709\n|move|p1a: Pyroar|Fire Blast|p2a: Gurdurr\n|-damage|p2a: Gurdurr|130/290 slp\n|cant|p2a: Gurdurr|slp\n|\n|upkeep\n|turn|24\n|\n|t:|1770309717\n|-curestatus|p2a: Gurdurr|slp|[msg]\n|move|p2a: Gurdurr|Mach Punch|p1a: Pyroar\n|-supereffective|p1a: Pyroar\n|-damage|p1a: Pyroar|55/294\n|move|p1a: Pyroar|Fire Blast|p2a: Gurdurr\n|-damage|p2a: Gurdurr|0 fnt\n|faint|p2a: Gurdurr\n|\n|upkeep\n|inactive|dubin5 has 60 seconds left.\n|\n|t:|1770309759\n|switch|p2a: Tapu Koko|Tapu Koko, L77|234/234\n|-fieldstart|move: Electric Terrain|[from] ability: Electric Surge|[of] p2a: Tapu Koko\n|turn|25\n|inactive|AlephSubZero has 120 seconds left.\n|\n|t:|1770309777\n|move|p2a: Tapu Koko|Calm Mind|p2a: Tapu Koko\n|-boost|p2a: Tapu Koko|spa|1\n|-boost|p2a: Tapu Koko|spd|1\n|move|p1a: Pyroar|Hyper Voice|p2a: Tapu Koko\n|-damage|p2a: Tapu Koko|140/234\n|\n|upkeep\n|turn|26\n|\n|t:|1770309784\n|move|p2a: Tapu Koko|Thunderbolt|p1a: Pyroar\n|-damage|p1a: Pyroar|0 fnt\n|faint|p1a: Pyroar\n|\n|upkeep\n|\n|t:|1770309792\n|switch|p1a: Whimsicott|Whimsicott, L87, F|185/246\n|turn|27\n|\n|t:|1770309807\n|switch|p1a: Jynx|Jynx, L89, F|260/260\n|move|p2a: Tapu Koko|Dazzling Gleam|p1a: Jynx\n|-damage|p1a: Jynx|160/260\n|\n|upkeep\n|turn|28\n|\n|t:|1770309830\n|move|p2a: Tapu Koko|Thunderbolt|p1a: Jynx\n|-damage|p1a: Jynx|0 fnt\n|faint|p1a: Jynx\n|\n|upkeep\n|\n|t:|1770309835\n|switch|p1a: Whimsicott|Whimsicott, L87, F|185/246\n|turn|29\n|\n|t:|1770309855\n|move|p1a: Whimsicott|Leech Seed|p2a: Tapu Koko\n|-start|p2a: Tapu Koko|move: Leech Seed\n|move|p2a: Tapu Koko|Dazzling Gleam|p1a: Whimsicott\n|-damage|p1a: Whimsicott|64/246\n|\n|-damage|p2a: Tapu Koko|111/234|[from] Leech Seed|[of] p1a: Whimsicott\n|-heal|p1a: Whimsicott|93/246|[silent]\n|-fieldend|move: Electric Terrain\n|upkeep\n|turn|30\n|\n|t:|1770309859\n|switch|p2a: Arbok|Arbok, L90, F|254/254\n|-ability|p2a: Arbok|Intimidate|boost\n|-unboost|p1a: Whimsicott|atk|1\n|move|p1a: Whimsicott|Substitute|p1a: Whimsicott\n|-start|p1a: Whimsicott|Substitute\n|-damage|p1a: Whimsicott|32/246\n|\n|upkeep\n|turn|31\n|\n|t:|1770309863\n|move|p1a: Whimsicott|Leech Seed|p2a: Arbok\n|-start|p2a: Arbok|move: Leech Seed\n|move|p2a: Arbok|Gunk Shot|p1a: Whimsicott\n|-supereffective|p1a: Whimsicott\n|-end|p1a: Whimsicott|Substitute\n|-damage|p2a: Arbok|229/254|[from] item: Life Orb\n|\n|-damage|p2a: Arbok|198/254|[from] Leech Seed|[of] p1a: Whimsicott\n|-heal|p1a: Whimsicott|63/246|[silent]\n|upkeep\n|turn|32\n|\n|t:|1770309868\n|move|p1a: Whimsicott|Substitute|p1a: Whimsicott\n|-start|p1a: Whimsicott|Substitute\n|-damage|p1a: Whimsicott|2/246\n|move|p2a: Arbok|Gunk Shot|p1a: Whimsicott\n|-supereffective|p1a: Whimsicott\n|-end|p1a: Whimsicott|Substitute\n|-damage|p2a: Arbok|173/254|[from] item: Life Orb\n|\n|-damage|p2a: Arbok|142/254|[from] Leech Seed|[of] p1a: Whimsicott\n|-heal|p1a: Whimsicott|33/246|[silent]\n|upkeep\n|turn|33\n|\n|t:|1770309874\n|move|p1a: Whimsicott|Encore|p2a: Arbok\n|-start|p2a: Arbok|Encore\n|move|p2a: Arbok|Gunk Shot|p1a: Whimsicott|[miss]\n|-miss|p2a: Arbok|p1a: Whimsicott\n|\n|-damage|p2a: Arbok|111/254|[from] Leech Seed|[of] p1a: Whimsicott\n|-heal|p1a: Whimsicott|64/246|[silent]\n|upkeep\n|turn|34\n|\n|t:|1770309877\n|move|p1a: Whimsicott|Substitute|p1a: Whimsicott\n|-start|p1a: Whimsicott|Substitute\n|-damage|p1a: Whimsicott|3/246\n|move|p2a: Arbok|Gunk Shot|p1a: Whimsicott\n|-supereffective|p1a: Whimsicott\n|-end|p1a: Whimsicott|Substitute\n|-damage|p2a: Arbok|86/254|[from] item: Life Orb\n|\n|-damage|p2a: Arbok|55/254|[from] Leech Seed|[of] p1a: Whimsicott\n|-heal|p1a: Whimsicott|34/246|[silent]\n|upkeep\n|turn|35\n|\n|t:|1770309881\n|move|p1a: Whimsicott|Moonblast|p2a: Arbok\n|-resisted|p2a: Arbok\n|-damage|p2a: Arbok|10/254\n|-unboost|p2a: Arbok|spa|1\n|move|p2a: Arbok|Gunk Shot|p1a: Whimsicott\n|-supereffective|p1a: Whimsicott\n|-damage|p1a: Whimsicott|0 fnt\n|faint|p1a: Whimsicott\n|-damage|p2a: Arbok|0 fnt|[from] item: Life Orb\n|faint|p2a: Arbok\n|\n|upkeep\n|\n|t:|1770309891\n|switch|p1a: Simisear|Simisear, L89, F|278/278\n|switch|p2a: Shedinja|Shedinja, L96|1/1\n|turn|36\n|\n|t:|1770309906\n|move|p2a: Shedinja|Shadow Sneak|p1a: Simisear\n|-damage|p1a: Simisear|217/278\n|move|p1a: Simisear|Hidden Power|p2a: Shedinja\n|-supereffective|p2a: Shedinja\n|-damage|p2a: Shedinja|0 fnt\n|faint|p2a: Shedinja\n|-damage|p1a: Simisear|190/278|[from] item: Life Orb\n|\n|upkeep\n|inactive|dubin5 has 90 seconds left.\n|\n|t:|1770309926\n|switch|p2a: Tapu Koko|Tapu Koko, L77|111/234\n|-fieldstart|move: Electric Terrain|[from] ability: Electric Surge|[of] p2a: Tapu Koko\n|turn|37\n|\n|t:|1770309935\n|move|p2a: Tapu Koko|Thunderbolt|p1a: Simisear\n|-damage|p1a: Simisear|42/278\n|move|p1a: Simisear|Fire Blast|p2a: Tapu Koko|[miss]\n|-miss|p1a: Simisear|p2a: Tapu Koko\n|\n|upkeep\n|turn|38\n|inactive|dubin5 has 90 seconds left.\n|\n|t:|1770309942\n|move|p2a: Tapu Koko|Thunderbolt|p1a: Simisear\n|-damage|p1a: Simisear|0 fnt\n|faint|p1a: Simisear\n|\n|upkeep\n|\n|t:|1770309943\n|switch|p1a: Swalot|Swalot, L90, F|216/326\n|turn|39\n|\n|t:|1770309955\n|-zpower|p2a: Tapu Koko\n|move|p2a: Tapu Koko|Gigavolt Havoc|p1a: Swalot|[zeffect]\n|-damage|p1a: Swalot|0 fnt\n|faint|p1a: Swalot\n|\n|win|dubin5\n|raw|AlephSubZero's rating: 1805 &rarr; <strong>1783</strong><br />(-22 for losing)\n|raw|dubin5's rating: 1771 &rarr; <strong>1793</strong><br />(+22 for winning)\n|l|☆dubin5\n|player|p2|\n", "inputlog": ">version ccdc32dd7cde25fd9e4bed64820e885f66e78a4e\n>start {\"formatid\":\"gen7randombattle\",\"seed\":\"sodium,b4381ef6178517b88eb49f737ca6488b\",\"rated\":\"Rated battle\"}\n>player p1 {\"name\":\"AlephSubZero\",\"avatar\":\"psychic-gen4\",\"rating\":1805,\"seed\":\"sodium,ea7c4561c49de87c613e29fc1f396206\"}\n>player p2 {\"name\":\"dubin5\",\"avatar\":\"boarder\",\"rating\":1771,\"seed\":\"sodium,b979d5ab024e021f24e57024aa8139ef\"}\n>p1 switch 3\n>p2 switch 6\n>p1 switch 6\n>p2 move knockoff\n>p1 switch 6\n>p2 switch 6\n>p1 move psyshock\n>p2 switch 2\n>p1 switch 4\n>p2 move willowisp\n>p1 move workup\n>p2 switch 2\n>p1 move hypervoice\n>p2 move knockoff\n>p1 switch 4\n>p2 move scald\n>p1 move lovelykiss\n>p2 switch 2\n>p1 switch 2\n>p2 move xscissor\n>p1 move poisonjab\n>p2 switch 5\n>p1 move dragondance\n>p2 switch 5\n>p1 move poisonjab\n>p2 move willowisp\n>p1 move dragondance\n>p2 switch 3\n>p1 move earthquake\n>p2 switch 5\n>p1 move poisonjab\n>p2 move doubleedge\n>p2 switch 6\n>p1 move outrage zmove\n>p2 move machpunch\n>p1 switch 6\n>p1 move leechseed\n>p2 switch 2\n>p1 switch 3\n>p2 move sludgebomb\n>p1 move earthquake\n>p2 move knockoff\n>p2 switch 2\n>p1 move yawn\n>p2 move drainpunch\n>p1 switch 4\n>p2 move bulkup\n>p1 move fireblast\n>p2 move drainpunch\n>p1 move fireblast\n>p2 move machpunch\n>p2 switch 4\n>p1 move hypervoice\n>p2 move calmmind\n>p1 move fireblast\n>p2 move thunderbolt\n>p1 switch 3\n>p1 switch 2\n>p2 move dazzlinggleam\n>p1 move psyshock\n>p2 move thunderbolt\n>p1 switch 2\n>p1 move leechseed\n>p2 move dazzlinggleam\n>p1 move substitute\n>p2 switch 5\n>p1 move leechseed\n>p2 move gunkshot\n>p1 move substitute\n>p2 move gunkshot\n>p1 move encore\n>p2 move gunkshot\n>p1 move substitute\n>p2 move gunkshot\n>p1 move moonblast\n>p2 move gunkshot\n>p1 switch 5\n>p2 switch 3\n>p1 move hiddenpower\n>p2 move shadowsneak\n>p2 switch 5\n>p1 move fireblast\n>p2 move thunderbolt\n>p1 move fireblast\n>p2 move thunderbolt\n>p1 switch 4\n>p1 move sludgebomb\n>p2 move thunderbolt zmove", "uploadtime": 1770309962, "views": 162, "formatid": "gen7randombattle", "rating": 1783, "private": 0, "password": null}