{"id": "gen7randombattle-2523474232", "format": "[Gen 7] Random Battle", "players": ["MimikyuTrainerAsh", "AeroSacktyl"], "log": "|j|☆MimikyuTrainerAsh\n|j|☆AeroSacktyl\n|t:|1769028771\n|gametype|singles\n|player|p1|MimikyuTrainerAsh|pokekid|1640\n|player|p2|AeroSacktyl|170|1713\n|gen|7\n|tier|[Gen 7] Random Battle\n|rated|\n|rule|Sleep Clause Mod: Limit one foe put to sleep\n|rule|HP Percentage Mod: HP is shown in percentages\n|rule|Illusion Level Mod: Illusion disguises the Pokémon's true level\n|\n|t:|1769028771\n|teamsize|p1|6\n|teamsize|p2|6\n|start\n|switch|p1a: Plusle|Plusle, L95, M|268/268\n|switch|p2a: Hoopa|Hoopa-Unbound, L81|262/262\n|turn|1\n|inactive|Battle timer is ON: inactive players will automatically lose when time's up. (requested by MimikyuTrainerAsh)\n|\n|t:|1769028789\n|switch|p1a: Carbink|Carbink, L92|241/241\n|move|p2a: Hoopa|Hyperspace Fury|p1a: Carbink\n|-resisted|p1a: Carbink\n|-damage|p1a: Carbink|180/241\n|-unboost|p2a: Hoopa|def|1\n|\n|upkeep\n|turn|2\n|\n|t:|1769028800\n|switch|p2a: Primarina|Primarina, L83, M|268/268\n|move|p1a: Carbink|Light Screen|p1a: Carbink\n|-sidestart|p1: MimikyuTrainerAsh|move: Light Screen\n|\n|upkeep\n|turn|3\n|\n|t:|1769028822\n|move|p2a: Primarina|Scald|p1a: Carbink\n|-supereffective|p1a: Carbink\n|-damage|p1a: Carbink|119/241\n|move|p1a: Carbink|Stealth Rock|p2a: Primarina\n|-sidestart|p2: AeroSacktyl|move: Stealth Rock\n|\n|upkeep\n|turn|4\n|\n|t:|1769028832\n|switch|p1a: Abomasnow|Abomasnow, L83, M|285/285\n|-weather|Hail|[from] ability: Snow Warning|[of] p1a: Abomasnow\n|move|p2a: Primarina|Scald|p1a: Abomasnow\n|-resisted|p1a: Abomasnow\n|-damage|p1a: Abomasnow|258/285\n|-status|p1a: Abomasnow|brn\n|\n|-weather|Hail|[upkeep]\n|-damage|p2a: Primarina|252/268|[from] Hail\n|-damage|p1a: Abomasnow|241/285 brn|[from] brn\n|upkeep\n|turn|5\n|\n|t:|1769028850\n|switch|p2a: Vikavolt|Vikavolt, L86, F|273/273\n|-damage|p2a: Vikavolt|205/273|[from] Stealth Rock\n|detailschange|p1a: Abomasnow|Abomasnow-Mega, L83, M\n|-mega|p1a: Abomasnow|Abomasnow|Abomasite\n|move|p1a: Abomasnow|Giga Drain|p2a: Vikavolt\n|-resisted|p2a: Vikavolt\n|-damage|p2a: Vikavolt|148/273\n|-heal|p1a: Abomasnow|270/285 brn|[from] drain|[of] p2a: Vikavolt\n|\n|-weather|Hail|[upkeep]\n|-damage|p2a: Vikavolt|131/273|[from] Hail\n|-heal|p2a: Vikavolt|148/273|[from] item: Leftovers\n|-damage|p1a: Abomasnow|253/285 brn|[from] brn\n|upkeep\n|turn|6\n|\n|t:|1769028857\n|move|p2a: Vikavolt|Roost|p2a: Vikavolt\n|-heal|p2a: Vikavolt|273/273\n|-singleturn|p2a: Vikavolt|move: Roost\n|move|p1a: Abomasnow|Blizzard|p2a: Vikavolt\n|-damage|p2a: Vikavolt|105/273\n|\n|-weather|Hail|[upkeep]\n|-damage|p2a: Vikavolt|88/273|[from] Hail\n|-heal|p2a: Vikavolt|105/273|[from] item: Leftovers\n|-damage|p1a: Abomasnow|236/285 brn|[from] brn\n|upkeep\n|turn|7\n|\n|t:|1769028865\n|move|p2a: Vikavolt|Bug Buzz|p1a: Abomasnow\n|-supereffective|p1a: Abomasnow\n|-damage|p1a: Abomasnow|115/285 brn\n|move|p1a: Abomasnow|Blizzard|p2a: Vikavolt\n|-damage|p2a: Vikavolt|0 fnt\n|faint|p2a: Vikavolt\n|\n|-weather|Hail|[upkeep]\n|-damage|p1a: Abomasnow|98/285 brn|[from] brn\n|upkeep\n|c|☆MimikyuTrainerAsh|? why did you not web\n|\n|t:|1769028881\n|switch|p2a: Regigigas|Regigigas, L86|329/329\n|-damage|p2a: Regigigas|288/329|[from] Stealth Rock\n|-start|p2a: Regigigas|ability: Slow Start\n|turn|8\n|\n|t:|1769028889\n|move|p2a: Regigigas|Drain Punch|p1a: Abomasnow\n|-supereffective|p1a: Abomasnow\n|-damage|p1a: Abomasnow|22/285 brn\n|-heal|p2a: Regigigas|326/329|[from] drain|[of] p1a: Abomasnow\n|move|p1a: Abomasnow|Giga Drain|p2a: Regigigas\n|-damage|p2a: Regigigas|248/329\n|-heal|p1a: Abomasnow|61/285 brn|[from] drain|[of] p2a: Regigigas\n|\n|-weather|none\n|-heal|p2a: Regigigas|268/329|[from] item: Leftovers\n|-damage|p1a: Abomasnow|44/285 brn|[from] brn\n|upkeep\n|turn|9\n|\n|t:|1769028897\n|switch|p1a: Regice|Regice, L87|281/281\n|move|p2a: Regigigas|Drain Punch|p1a: Regice\n|-supereffective|p1a: Regice\n|-damage|p1a: Regice|209/281\n|-heal|p2a: Regigigas|304/329|[from] drain|[of] p1a: Regice\n|\n|-heal|p1a: Regice|226/281|[from] item: Leftovers\n|-heal|p2a: Regigigas|324/329|[from] item: Leftovers\n|-sideend|p1: MimikyuTrainerAsh|move: Light Screen\n|upkeep\n|turn|10\n|\n|t:|1769028904\n|move|p1a: Regice|Toxic|p2a: Regigigas\n|-status|p2a: Regigigas|tox\n|move|p2a: Regigigas|Drain Punch|p1a: Regice\n|-supereffective|p1a: Regice\n|-damage|p1a: Regice|156/281\n|-heal|p2a: Regigigas|329/329 tox|[from] drain|[of] p1a: Regice\n|\n|-heal|p1a: Regice|173/281|[from] item: Leftovers\n|-damage|p2a: Regigigas|309/329 tox|[from] psn\n|upkeep\n|turn|11\n|\n|t:|1769028909\n|switch|p1a: Carbink|Carbink, L92|119/241\n|move|p2a: Regigigas|Thunder Wave|p1a: Carbink\n|-status|p1a: Carbink|par\n|\n|-heal|p2a: Regigigas|329/329 tox|[from] item: Leftovers\n|-damage|p2a: Regigigas|289/329 tox|[from] psn\n|upkeep\n|turn|12\n|\n|t:|1769028911\n|move|p2a: Regigigas|Knock Off|p1a: Carbink\n|-resisted|p1a: Carbink\n|-damage|p1a: Carbink|101/241 par\n|-enditem|p1a: Carbink|Light Clay|[from] move: Knock Off|[of] p2a: Regigigas\n|move|p1a: Carbink|Reflect|p1a: Carbink\n|-sidestart|p1: MimikyuTrainerAsh|Reflect\n|\n|-heal|p2a: Regigigas|309/329 tox|[from] item: Leftovers\n|-damage|p2a: Regigigas|249/329 tox|[from] psn\n|-end|p2a: Regigigas|Slow Start\n|upkeep\n|turn|13\n|\n|t:|1769028916\n|move|p2a: Regigigas|Drain Punch|p1a: Carbink\n|-damage|p1a: Carbink|75/241 par\n|-heal|p2a: Regigigas|262/329 tox|[from] drain|[of] p1a: Carbink\n|cant|p1a: Carbink|par\n|\n|-heal|p2a: Regigigas|282/329 tox|[from] item: Leftovers\n|-damage|p2a: Regigigas|202/329 tox|[from] psn\n|upkeep\n|turn|14\n|\n|t:|1769028919\n|move|p2a: Regigigas|Drain Punch|p1a: Carbink\n|-damage|p1a: Carbink|48/241 par\n|-heal|p2a: Regigigas|216/329 tox|[from] drain|[of] p1a: Carbink\n|move|p1a: Carbink|Light Screen|p1a: Carbink\n|-sidestart|p1: MimikyuTrainerAsh|move: Light Screen\n|\n|-heal|p2a: Regigigas|236/329 tox|[from] item: Leftovers\n|-damage|p2a: Regigigas|136/329 tox|[from] psn\n|upkeep\n|turn|15\n|\n|t:|1769028924\n|switch|p1a: Cresselia|Cresselia, L82, F|331/331\n|move|p2a: Regigigas|Drain Punch|p1a: Cresselia\n|-resisted|p1a: Cresselia\n|-damage|p1a: Cresselia|316/331\n|-heal|p2a: Regigigas|144/329 tox|[from] drain|[of] p1a: Cresselia\n|\n|-heal|p2a: Regigigas|164/329 tox|[from] item: Leftovers\n|-heal|p1a: Cresselia|331/331|[from] item: Leftovers\n|-damage|p2a: Regigigas|44/329 tox|[from] psn\n|upkeep\n|turn|16\n|\n|t:|1769028927\n|switch|p1a: Carbink|Carbink, L92|48/241 par\n|move|p2a: Regigigas|Knock Off|p1a: Carbink\n|-resisted|p1a: Carbink\n|-damage|p1a: Carbink|38/241 par\n|\n|-heal|p2a: Regigigas|64/329 tox|[from] item: Leftovers\n|-damage|p2a: Regigigas|0 fnt|[from] psn\n|faint|p2a: Regigigas\n|-sideend|p1: MimikyuTrainerAsh|Reflect\n|upkeep\n|inactive|AeroSacktyl has 120 seconds left.\n|inactive|AeroSacktyl has 90 seconds left.\n|inactive|AeroSacktyl has 60 seconds left.\n|inactive|AeroSacktyl has 30 seconds left.\n|inactive|AeroSacktyl has 20 seconds left.\n|inactive|AeroSacktyl has 15 seconds left.\n|inactive|AeroSacktyl has 10 seconds left.\n|inactive|AeroSacktyl has 5 seconds left.\n|-message|AeroSacktyl lost due to inactivity.\n|\n|win|MimikyuTrainerAsh\n|raw|MimikyuTrainerAsh's rating: 1640 &rarr; <strong>1664</strong><br />(+24 for winning)\n|raw|AeroSacktyl's rating: 1713 &rarr; <strong>1689</strong><br />(-24 for losing)\n|c|☆MimikyuTrainerAsh|ok\n", "inputlog": ">version 3bd1a1e329da8d286644078cfc9a9638fc7ea025\n>start {\"formatid\":\"gen7randombattle\",\"seed\":\"sodium,ad06651ac0b4204296127ace0eaecafa\",\"rated\":\"Rated battle\"}\n>player p1 {\"name\":\"MimikyuTrainerAsh\",\"avatar\":\"pokekid\",\"rating\":1640,\"seed\":\"sodium,199ad678cfa093800a83519ddbe0db6a\"}\n>player p2 {\"name\":\"AeroSacktyl\",\"avatar\":\"170\",\"rating\":1713,\"seed\":\"sodium,ad203b7121c70b53d538767daf6f52ea\"}\n>p1 switch 2\n>p2 move hyperspacefury\n>p1 move lightscreen\n>p2 switch 4\n>p1 move stealthrock\n>p2 move scald\n>p1 switch 4\n>p2 move scald\n>p1 move gigadrain mega\n>p2 switch 2\n>p1 move blizzard\n>p2 move roost\n>p1 move blizzard\n>p2 move bugbuzz\n>chat ☆MimikyuTrainerAsh|? why did you not web\n>p2 switch 3\n>p1 move gigadrain\n>p2 move drainpunch\n>p1 switch 6\n>p2 move drainpunch\n>p1 move toxic\n>p2 move drainpunch\n>p1 switch 4\n>p2 move thunderwave\n>p1 move reflect\n>p2 move knockoff\n>p1 move lightscreen\n>p2 move drainpunch\n>p1 move lightscreen\n>p2 move drainpunch\n>p1 switch 5\n>p2 move drainpunch\n>p1 switch 5\n>p2 move knockoff\n>forcelose p2", "uploadtime": 1769029082, "views": 168, "formatid": "gen7randombattle", "rating": 1664, "private": 0, "password": null}