{"id": "gen7randombattle-2534189703", "format": "[Gen 7] Random Battle", "players": ["Donutmufns", "WrongerZebra393"], "log": "|j|☆Donutmufns\n|j|☆WrongerZebra393\n|t:|1770396194\n|gametype|singles\n|player|p1|Donutmufns|acetrainercouple|1605\n|player|p2|WrongerZebra393|cheren-gen5bw2|1680\n|gen|7\n|tier|[Gen 7] Random Battle\n|rated|\n|rule|Sleep Clause Mod: Limit one foe put to sleep\n|rule|HP Percentage Mod: HP is shown in percentages\n|rule|Illusion Level Mod: Illusion disguises the Pokémon's true level\n|\n|t:|1770396194\n|teamsize|p1|6\n|teamsize|p2|6\n|start\n|switch|p1a: Charizard|Charizard, L76, F|243/243\n|switch|p2a: Aggron|Aggron, L81, F|246/246\n|turn|1\n|inactive|Battle timer is ON: inactive players will automatically lose when time's up. (requested by WrongerZebra393)\n|\n|t:|1770396209\n|switch|p1a: Seismitoad|Seismitoad, L85, F|317/317\n|detailschange|p2a: Aggron|Aggron-Mega, L81, F\n|-mega|p2a: Aggron|Aggron|Aggronite\n|move|p2a: Aggron|Thunder Wave|p1a: Seismitoad\n|-immune|p1a: Seismitoad\n|\n|upkeep\n|turn|2\n|\n|t:|1770396218\n|switch|p2a: Bronzong|Bronzong, L86|255/255\n|move|p1a: Seismitoad|Earthquake|p2a: Bronzong\n|-immune|p2a: Bronzong|[from] ability: Levitate\n|\n|upkeep\n|turn|3\n|\n|t:|1770396231\n|switch|p1a: Nidoqueen|Nidoqueen, L83, F|285/285\n|move|p2a: Bronzong|Stealth Rock|p1a: Nidoqueen\n|-sidestart|p1: Donutmufns|move: Stealth Rock\n|\n|upkeep\n|turn|4\n|\n|t:|1770396238\n|move|p1a: Nidoqueen|Fire Blast|p2a: Bronzong\n|-supereffective|p2a: Bronzong\n|-damage|p2a: Bronzong|94/255\n|move|p2a: Bronzong|Psychic|p1a: Nidoqueen\n|-supereffective|p1a: Nidoqueen\n|-damage|p1a: Nidoqueen|109/285\n|\n|-heal|p2a: Bronzong|109/255|[from] item: Leftovers\n|upkeep\n|turn|5\n|\n|t:|1770396244\n|switch|p2a: Quagsire|Quagsire, L87, M|307/307\n|move|p1a: Nidoqueen|Fire Blast|p2a: Quagsire\n|-resisted|p2a: Quagsire\n|-damage|p2a: Quagsire|246/307\n|\n|-heal|p2a: Quagsire|265/307|[from] item: Leftovers\n|upkeep\n|turn|6\n|\n|t:|1770396273\n|switch|p1a: Seismitoad|Seismitoad, L85, F|317/317\n|-damage|p1a: Seismitoad|298/317|[from] Stealth Rock\n|move|p2a: Quagsire|Earthquake|p1a: Seismitoad\n|-damage|p1a: Seismitoad|178/317\n|\n|-heal|p1a: Seismitoad|197/317|[from] item: Leftovers\n|-heal|p2a: Quagsire|284/307|[from] item: Leftovers\n|upkeep\n|turn|7\n|\n|t:|1770396279\n|move|p1a: Seismitoad|Stealth Rock|p2a: Quagsire\n|-sidestart|p2: WrongerZebra393|move: Stealth Rock\n|move|p2a: Quagsire|Earthquake|p1a: Seismitoad\n|-damage|p1a: Seismitoad|89/317\n|\n|-heal|p1a: Seismitoad|108/317|[from] item: Leftovers\n|-heal|p2a: Quagsire|303/307|[from] item: Leftovers\n|upkeep\n|turn|8\n|\n|t:|1770396283\n|move|p1a: Seismitoad|Toxic|p2a: Quagsire\n|-status|p2a: Quagsire|tox\n|move|p2a: Quagsire|Earthquake|p1a: Seismitoad\n|-damage|p1a: Seismitoad|0 fnt\n|faint|p1a: Seismitoad\n|\n|-heal|p2a: Quagsire|307/307 tox|[from] item: Leftovers\n|-damage|p2a: Quagsire|288/307 tox|[from] psn\n|upkeep\n|inactive|Donutmufns has 120 seconds left.\n|\n|t:|1770396311\n|switch|p1a: Miltank|Miltank, L85, F|300/300\n|-damage|p1a: Miltank|263/300|[from] Stealth Rock\n|turn|9\n|\n|t:|1770396318\n|switch|p2a: Bronzong|Bronzong, L86|109/255\n|-damage|p2a: Bronzong|94/255|[from] Stealth Rock\n|move|p1a: Miltank|Body Slam|p2a: Bronzong\n|-resisted|p2a: Bronzong\n|-damage|p2a: Bronzong|64/255\n|\n|-heal|p1a: Miltank|281/300|[from] item: Leftovers\n|-heal|p2a: Bronzong|79/255|[from] item: Leftovers\n|upkeep\n|turn|10\n|\n|t:|1770396326\n|switch|p1a: Charizard|Charizard, L76, F|243/243\n|-damage|p1a: Charizard|122/243|[from] Stealth Rock\n|move|p2a: Bronzong|Psychic|p1a: Charizard\n|-damage|p1a: Charizard|23/243\n|\n|-heal|p2a: Bronzong|94/255|[from] item: Leftovers\n|upkeep\n|turn|11\n|\n|t:|1770396340\n|switch|p2a: Quagsire|Quagsire, L87, M|288/307 tox\n|-damage|p2a: Quagsire|269/307 tox|[from] Stealth Rock\n|detailschange|p1a: Charizard|Charizard-Mega-X, L76, F\n|-mega|p1a: Charizard|Charizard|Charizardite X\n|move|p1a: Charizard|Flare Blitz|p2a: Quagsire\n|-resisted|p2a: Quagsire\n|-damage|p2a: Quagsire|179/307 tox\n|-damage|p1a: Charizard|0 fnt|[from] Recoil\n|faint|p1a: Charizard\n|detailschange|p1: Charizard|Charizard, L76, F|[silent]\n|\n|-heal|p2a: Quagsire|198/307 tox|[from] item: Leftovers\n|-damage|p2a: Quagsire|179/307 tox|[from] psn\n|upkeep\n|\n|t:|1770396353\n|switch|p1a: Unfezant|Unfezant, L88, F|283/283\n|-damage|p1a: Unfezant|213/283|[from] Stealth Rock\n|turn|12\n|\n|t:|1770396361\n|switch|p2a: Aggron|Aggron-Mega, L81, F|246/246\n|-damage|p2a: Aggron|231/246|[from] Stealth Rock\n|move|p1a: Unfezant|Return|p2a: Aggron\n|-resisted|p2a: Aggron\n|-damage|p2a: Aggron|201/246\n|\n|upkeep\n|turn|13\n|\n|t:|1770396377\n|move|p1a: Unfezant|U-turn|p2a: Aggron\n|-resisted|p2a: Aggron\n|-crit|p2a: Aggron\n|-damage|p2a: Aggron|177/246\n|\n|t:|1770396382\n|switch|p1a: Nidoqueen|Nidoqueen, L83, F|109/285|[from] U-turn\n|-damage|p1a: Nidoqueen|92/285|[from] Stealth Rock\n|move|p2a: Aggron|Heavy Slam|p1a: Nidoqueen\n|-damage|p1a: Nidoqueen|0 fnt\n|faint|p1a: Nidoqueen\n|\n|upkeep\n|\n|t:|1770396390\n|switch|p1a: Miltank|Miltank, L85, F|281/300\n|-damage|p1a: Miltank|244/300|[from] Stealth Rock\n|turn|14\n|\n|t:|1770396400\n|switch|p2a: Bronzong|Bronzong, L86|94/255\n|-damage|p2a: Bronzong|79/255|[from] Stealth Rock\n|move|p1a: Miltank|Earthquake|p2a: Bronzong\n|-immune|p2a: Bronzong|[from] ability: Levitate\n|\n|-heal|p1a: Miltank|262/300|[from] item: Leftovers\n|-heal|p2a: Bronzong|94/255|[from] item: Leftovers\n|upkeep\n|turn|15\n|\n|t:|1770396404\n|switch|p1a: Unfezant|Unfezant, L88, F|213/283\n|-damage|p1a: Unfezant|143/283|[from] Stealth Rock\n|move|p2a: Bronzong|Psychic|p1a: Unfezant\n|-damage|p1a: Unfezant|20/283\n|\n|-heal|p2a: Bronzong|109/255|[from] item: Leftovers\n|upkeep\n|turn|16\n|\n|t:|1770396409\n|switch|p2a: Aggron|Aggron-Mega, L81, F|177/246\n|-damage|p2a: Aggron|162/246|[from] Stealth Rock\n|move|p1a: Unfezant|Night Slash|p2a: Aggron\n|-crit|p2a: Aggron\n|-damage|p2a: Aggron|117/246\n|\n|upkeep\n|turn|17\n|\n|t:|1770396412\n|move|p1a: Unfezant|Night Slash|p2a: Aggron\n|-crit|p2a: Aggron\n|-damage|p2a: Aggron|75/246\n|move|p2a: Aggron|Heavy Slam|p1a: Unfezant\n|-damage|p1a: Unfezant|0 fnt\n|faint|p1a: Unfezant\n|\n|upkeep\n|\n|t:|1770396417\n|switch|p1a: Emolga|Emolga, L90, M|245/245\n|-damage|p1a: Emolga|184/245|[from] Stealth Rock\n|turn|18\n|c|☆Donutmufns|my whole team weak to rocks and i got no clearer\n|c|☆Donutmufns|rip me\n|\n|t:|1770396441\n|move|p1a: Emolga|Thunderbolt|p2a: Aggron\n|-damage|p2a: Aggron|0 fnt\n|faint|p2a: Aggron\n|detailschange|p2: Aggron|Aggron, L81, F|[silent]\n|\n|upkeep\n|\n|t:|1770396449\n|switch|p2a: Regice|Regice, L87|281/281\n|-damage|p2a: Regice|211/281|[from] Stealth Rock\n|turn|19\n|\n|t:|1770396472\n|switch|p2a: Bronzong|Bronzong, L86|109/255\n|-damage|p2a: Bronzong|94/255|[from] Stealth Rock\n|move|p1a: Emolga|Acrobatics|p2a: Bronzong\n|-resisted|p2a: Bronzong\n|-damage|p2a: Bronzong|51/255\n|\n|-heal|p2a: Bronzong|66/255|[from] item: Leftovers\n|upkeep\n|turn|20\n|\n|t:|1770396487\n|switch|p2a: Quagsire|Quagsire, L87, M|179/307 tox\n|-damage|p2a: Quagsire|160/307 tox|[from] Stealth Rock\n|move|p1a: Emolga|U-turn|p2a: Quagsire\n|-damage|p2a: Quagsire|111/307 tox\n|\n|t:|1770396493\n|switch|p1a: Miltank|Miltank, L85, F|262/300|[from] U-turn\n|-damage|p1a: Miltank|225/300|[from] Stealth Rock\n|\n|-heal|p1a: Miltank|243/300|[from] item: Leftovers\n|-heal|p2a: Quagsire|130/307 tox|[from] item: Leftovers\n|-damage|p2a: Quagsire|111/307 tox|[from] psn\n|upkeep\n|turn|21\n|\n|t:|1770396505\n|move|p1a: Miltank|Body Slam|p2a: Quagsire\n|-damage|p2a: Quagsire|27/307 tox\n|move|p2a: Quagsire|Scald|p1a: Miltank\n|-damage|p1a: Miltank|164/300\n|\n|-heal|p1a: Miltank|182/300|[from] item: Leftovers\n|-heal|p2a: Quagsire|46/307 tox|[from] item: Leftovers\n|-damage|p2a: Quagsire|8/307 tox|[from] psn\n|upkeep\n|turn|22\n|\n|t:|1770396513\n|move|p1a: Miltank|Milk Drink|p1a: Miltank\n|-heal|p1a: Miltank|300/300\n|move|p2a: Quagsire|Scald|p1a: Miltank\n|-damage|p1a: Miltank|221/300\n|\n|-heal|p1a: Miltank|239/300|[from] item: Leftovers\n|-heal|p2a: Quagsire|27/307 tox|[from] item: Leftovers\n|-damage|p2a: Quagsire|0 fnt|[from] psn\n|faint|p2a: Quagsire\n|upkeep\n|\n|t:|1770396523\n|switch|p2a: Primeape|Primeape, L89, F|260/260\n|-damage|p2a: Primeape|244/260|[from] Stealth Rock\n|turn|23\n|\n|t:|1770396531\n|switch|p1a: Emolga|Emolga, L90, M|184/245\n|-damage|p1a: Emolga|123/245|[from] Stealth Rock\n|move|p2a: Primeape|Close Combat|p1a: Emolga\n|-resisted|p1a: Emolga\n|-damage|p1a: Emolga|3/245\n|-unboost|p2a: Primeape|def|1\n|-unboost|p2a: Primeape|spd|1\n|-damage|p2a: Primeape|218/260|[from] item: Life Orb\n|\n|upkeep\n|turn|24\n|\n|t:|1770396541\n|switch|p2a: Regice|Regice, L87|211/281\n|-damage|p2a: Regice|141/281|[from] Stealth Rock\n|move|p1a: Emolga|Roost|p1a: Emolga\n|-heal|p1a: Emolga|126/245\n|-singleturn|p1a: Emolga|move: Roost\n|\n|-heal|p2a: Regice|158/281|[from] item: Leftovers\n|upkeep\n|turn|25\n|\n|t:|1770396567\n|move|p1a: Emolga|U-turn|p2a: Regice\n|-damage|p2a: Regice|112/281\n|\n|t:|1770396569\n|switch|p1a: Miltank|Miltank, L85, F|239/300|[from] U-turn\n|-damage|p1a: Miltank|202/300|[from] Stealth Rock\n|move|p2a: Regice|Ice Beam|p1a: Miltank\n|-damage|p1a: Miltank|144/300\n|\n|-heal|p1a: Miltank|162/300|[from] item: Leftovers\n|-heal|p2a: Regice|129/281|[from] item: Leftovers\n|upkeep\n|turn|26\n|\n|t:|1770396580\n|switch|p2a: Bronzong|Bronzong, L86|66/255\n|-damage|p2a: Bronzong|51/255|[from] Stealth Rock\n|move|p1a: Miltank|Milk Drink|p1a: Miltank\n|-heal|p1a: Miltank|300/300\n|\n|-heal|p2a: Bronzong|66/255|[from] item: Leftovers\n|upkeep\n|turn|27\n|\n|t:|1770396587\n|move|p1a: Miltank|Body Slam|p2a: Bronzong\n|-resisted|p2a: Bronzong\n|-damage|p2a: Bronzong|36/255\n|move|p2a: Bronzong|Psychic|p1a: Miltank\n|-damage|p1a: Miltank|194/300\n|\n|-heal|p1a: Miltank|212/300|[from] item: Leftovers\n|-heal|p2a: Bronzong|51/255|[from] item: Leftovers\n|upkeep\n|turn|28\n|\n|t:|1770396597\n|move|p1a: Miltank|Body Slam|p2a: Bronzong\n|-resisted|p2a: Bronzong\n|-damage|p2a: Bronzong|21/255\n|-status|p2a: Bronzong|par\n|cant|p2a: Bronzong|par\n|\n|-heal|p1a: Miltank|230/300|[from] item: Leftovers\n|-heal|p2a: Bronzong|36/255 par|[from] item: Leftovers\n|upkeep\n|turn|29\n|\n|t:|1770396604\n|move|p1a: Miltank|Body Slam|p2a: Bronzong\n|-resisted|p2a: Bronzong\n|-damage|p2a: Bronzong|6/255 par\n|cant|p2a: Bronzong|par\n|\n|-heal|p1a: Miltank|248/300|[from] item: Leftovers\n|-heal|p2a: Bronzong|21/255 par|[from] item: Leftovers\n|upkeep\n|turn|30\n|inactive|WrongerZebra393 has 120 seconds left.\n|\n|t:|1770396637\n|move|p1a: Miltank|Body Slam|p2a: Bronzong\n|-resisted|p2a: Bronzong\n|-damage|p2a: Bronzong|0 fnt\n|faint|p2a: Bronzong\n|\n|-heal|p1a: Miltank|266/300|[from] item: Leftovers\n|upkeep\n|inactive|WrongerZebra393 has 120 seconds left.\n|\n|t:|1770396643\n|switch|p2a: Primeape|Primeape, L89, F|218/260\n|-damage|p2a: Primeape|202/260|[from] Stealth Rock\n|turn|31\n|\n|t:|1770396653\n|move|p2a: Primeape|Close Combat|p1a: Miltank\n|-supereffective|p1a: Miltank\n|-damage|p1a: Miltank|0 fnt\n|-unboost|p2a: Primeape|def|1\n|-unboost|p2a: Primeape|spd|1\n|faint|p1a: Miltank\n|-damage|p2a: Primeape|176/260|[from] item: Life Orb\n|\n|upkeep\n|\n|t:|1770396656\n|switch|p1a: Emolga|Emolga, L90, M|126/245\n|-damage|p1a: Emolga|65/245|[from] Stealth Rock\n|turn|32\n|\n|t:|1770396670\n|move|p1a: Emolga|Acrobatics|p2a: Primeape\n|-supereffective|p2a: Primeape\n|-crit|p2a: Primeape\n|-damage|p2a: Primeape|0 fnt\n|faint|p2a: Primeape\n|\n|upkeep\n|\n|t:|1770396674\n|switch|p2a: Regice|Regice, L87|129/281\n|-damage|p2a: Regice|59/281|[from] Stealth Rock\n|turn|33\n|\n|t:|1770396679\n|move|p1a: Emolga|Acrobatics|p2a: Regice\n|-damage|p2a: Regice|0 fnt\n|faint|p2a: Regice\n|\n|upkeep\n|\n|t:|1770396682\n|switch|p2a: Volcarona|Volcarona, L76, M|253/253\n|-damage|p2a: Volcarona|127/253|[from] Stealth Rock\n|turn|34\n|\n|t:|1770396687\n|move|p1a: Emolga|Acrobatics|p2a: Volcarona\n|-supereffective|p2a: Volcarona\n|-damage|p2a: Volcarona|0 fnt\n|faint|p2a: Volcarona\n|\n|win|Donutmufns\n|raw|Donutmufns's rating: 1605 &rarr; <strong>1628</strong><br />(+23 for winning)\n|raw|WrongerZebra393's rating: 1655 &rarr; <strong>1632</strong><br />(-23 for losing)\n|l|☆WrongerZebra393\n|player|p2|\n|c|☆Donutmufns|EMOLGA MY GOAT\n", "inputlog": ">version ccdc32dd7cde25fd9e4bed64820e885f66e78a4e\n>start {\"formatid\":\"gen7randombattle\",\"seed\":\"sodium,a5dfdaa8654c96406c691f56afb2bd7a\",\"rated\":\"Rated battle\"}\n>player p1 {\"name\":\"Donutmufns\",\"avatar\":\"acetrainercouple\",\"rating\":1605,\"seed\":\"sodium,83db6e51037834c83008b42c9c6f44b6\"}\n>player p2 {\"name\":\"WrongerZebra393\",\"avatar\":\"cheren-gen5bw2\",\"rating\":1680,\"seed\":\"sodium,f91741f551bc697c250f0c1cf77d3628\"}\n>p1 switch 4\n>p2 move thunderwave mega\n>p1 move earthquake\n>p2 switch 2\n>p1 switch 5\n>p2 move stealthrock\n>p1 move fireblast\n>p2 move psychic\n>p1 move fireblast\n>p2 switch 6\n>p1 switch 5\n>p2 move earthquake\n>p1 move stealthrock\n>p2 move earthquake\n>p1 move toxic\n>p2 move earthquake\n>p1 switch 3\n>p1 move bodyslam\n>p2 switch 6\n>p1 switch 4\n>p2 move psychic\n>p1 move flareblitz mega\n>p2 switch 6\n>p1 switch 2\n>p1 move return\n>p2 switch 2\n>p1 move uturn\n>p2 move heavyslam\n>p1 switch 5\n>p1 switch 4\n>p1 move earthquake\n>p2 switch 6\n>p1 switch 5\n>p2 move psychic\n>p1 move nightslash\n>p2 switch 6\n>p1 move nightslash\n>p2 move heavyslam\n>p1 switch 6\n>chat ☆Donutmufns|my whole team weak to rocks and i got no clearer\n>chat ☆Donutmufns|rip me\n>p1 move thunderbolt\n>p2 move roar\n>p2 switch 4\n>p1 move acrobatics\n>p2 switch 6\n>p1 move uturn\n>p2 switch 2\n>p1 switch 5\n>p1 move bodyslam\n>p2 move scald\n>p1 move milkdrink\n>p2 move scald\n>p2 switch 5\n>p1 switch 5\n>p2 move closecombat\n>p1 move roost\n>p2 switch 6\n>p1 move uturn\n>p2 move icebeam\n>p1 switch 5\n>p1 move milkdrink\n>p2 switch 2\n>p1 move bodyslam\n>p2 move psychic\n>p1 move bodyslam\n>p2 move psychic\n>p1 move bodyslam\n>p2 move psychic\n>p1 move bodyslam\n>p2 move psychic\n>p2 switch 6\n>p1 move bodyslam\n>p2 move closecombat\n>p1 switch 5\n>p1 move acrobatics\n>p2 move stoneedge\n>p2 switch 2\n>p1 move acrobatics\n>p2 move icebeam\n>p2 switch 3\n>p1 move acrobatics\n>p2 move fireblast zmove", "uploadtime": 1770396699, "views": 222, "formatid": "gen7randombattle", "rating": 1628, "private": 0, "password": null}