{"id": "gen7randombattle-2523866611", "format": "[Gen 7] Random Battle", "players": ["ProblyArijit._", "Meuby Law"], "log": "|j|☆ProblyArijit._\n|j|☆Meuby Law\n|t:|1769083889\n|gametype|singles\n|player|p1|ProblyArijit._|steven|1595\n|player|p2|Meuby Law|hau-stance|1521\n|gen|7\n|tier|[Gen 7] Random Battle\n|rated|\n|rule|Sleep Clause Mod: Limit one foe put to sleep\n|rule|HP Percentage Mod: HP is shown in percentages\n|rule|Illusion Level Mod: Illusion disguises the Pokémon's true level\n|\n|t:|1769083889\n|teamsize|p1|6\n|teamsize|p2|6\n|start\n|switch|p1a: Gallade|Gallade, L84, M|251/251\n|switch|p2a: Solgaleo|Solgaleo, L73|320/320\n|turn|1\n|inactive|Battle timer is ON: inactive players will automatically lose when time's up. (requested by ProblyArijit._)\n|\n|t:|1769083902\n|move|p2a: Solgaleo|Sunsteel Strike|p1a: Gallade\n|-damage|p1a: Gallade|119/251\n|move|p1a: Gallade|Knock Off|p2a: Solgaleo\n|-supereffective|p2a: Solgaleo\n|-damage|p2a: Solgaleo|88/320\n|-enditem|p2a: Solgaleo|Choice Scarf|[from] move: Knock Off|[of] p1a: Gallade\n|\n|upkeep\n|turn|2\n|\n|t:|1769083915\n|move|p2a: Solgaleo|Sunsteel Strike|p1a: Gallade\n|-damage|p1a: Gallade|0 fnt\n|faint|p1a: Gallade\n|\n|upkeep\n|\n|t:|1769083920\n|switch|p1a: Alakazam|Alakazam, L78, M|214/214\n|turn|3\n|\n|t:|1769083924\n|detailschange|p1a: Alakazam|Alakazam-Mega, L78, M\n|-mega|p1a: Alakazam|Alakazam|Alakazite\n|-ability|p1a: Alakazam|Full Metal Body|Trace|[from] ability: Trace|[of] p2a: Solgaleo\n|move|p1a: Alakazam|Focus Blast|p2a: Solgaleo\n|-damage|p2a: Solgaleo|0 fnt\n|faint|p2a: Solgaleo\n|\n|upkeep\n|\n|t:|1769083933\n|switch|p2a: Delcatty|Delcatty, L99, F|299/299\n|turn|4\n|\n|t:|1769083952\n|switch|p1a: Dialga|Dialga, L74|270/270\n|-ability|p1a: Dialga|Pressure\n|move|p2a: Delcatty|Fake Out|p1a: Dialga\n|-resisted|p1a: Dialga\n|-damage|p1a: Dialga|246/270\n|\n|-heal|p1a: Dialga|262/270|[from] item: Leftovers\n|upkeep\n|turn|5\n|\n|t:|1769083978\n|switch|p2a: Mienshao|Mienshao, L83, M|243/243\n|move|p1a: Dialga|Toxic|p2a: Mienshao\n|-status|p2a: Mienshao|tox\n|\n|-heal|p1a: Dialga|270/270|[from] item: Leftovers\n|-damage|p2a: Mienshao|228/243 tox|[from] psn\n|upkeep\n|turn|6\n|\n|t:|1769083988\n|switch|p1a: Armaldo|Armaldo, L89, F|278/278\n|move|p2a: Mienshao|U-turn|p1a: Armaldo\n|-damage|p1a: Armaldo|225/278\n|\n|t:|1769083992\n|switch|p2a: Swampert|Swampert, L81, M|295/295|[from] U-turn\n|\n|upkeep\n|turn|7\n|\n|t:|1769084007\n|detailschange|p2a: Swampert|Swampert-Mega, L81, M\n|-mega|p2a: Swampert|Swampert|Swampertite\n|move|p2a: Swampert|Waterfall|p1a: Armaldo\n|-supereffective|p1a: Armaldo\n|-damage|p1a: Armaldo|15/278\n|cant|p1a: Armaldo|flinch\n|\n|upkeep\n|turn|8\n|\n|t:|1769084015\n|switch|p1a: Dialga|Dialga, L74|270/270\n|-ability|p1a: Dialga|Pressure\n|move|p2a: Swampert|Earthquake|p1a: Dialga\n|-supereffective|p1a: Dialga\n|-damage|p1a: Dialga|6/270\n|\n|-heal|p1a: Dialga|22/270|[from] item: Leftovers\n|upkeep\n|turn|9\n|\n|t:|1769084019\n|move|p1a: Dialga|Draco Meteor|p2a: Swampert\n|-damage|p2a: Swampert|174/295\n|-unboost|p1a: Dialga|spa|2\n|move|p2a: Swampert|Earthquake|p1a: Dialga\n|-supereffective|p1a: Dialga\n|-damage|p1a: Dialga|0 fnt\n|faint|p1a: Dialga\n|\n|upkeep\n|\n|t:|1769084022\n|switch|p1a: Abomasnow|Abomasnow, L87, F|298/298\n|-weather|Hail|[from] ability: Snow Warning|[of] p1a: Abomasnow\n|turn|10\n|\n|t:|1769084029\n|switch|p2a: Primeape|Primeape, L89, M|260/260\n|move|p1a: Abomasnow|Giga Drain|p2a: Primeape\n|-damage|p2a: Primeape|173/260\n|\n|-weather|Hail|[upkeep]\n|-damage|p2a: Primeape|157/260|[from] Hail\n|upkeep\n|turn|11\n|\n|t:|1769084045\n|move|p2a: Primeape|Close Combat|p1a: Abomasnow\n|-supereffective|p1a: Abomasnow\n|-damage|p1a: Abomasnow|0 fnt\n|-unboost|p2a: Primeape|def|1\n|-unboost|p2a: Primeape|spd|1\n|faint|p1a: Abomasnow\n|\n|-weather|Hail|[upkeep]\n|-damage|p2a: Primeape|141/260|[from] Hail\n|upkeep\n|\n|t:|1769084051\n|switch|p1a: Alakazam|Alakazam-Mega, L78, M|214/214\n|-ability|p1a: Alakazam|Defiant|Trace|[from] ability: Trace|[of] p2a: Primeape\n|turn|12\n|\n|t:|1769084061\n|move|p1a: Alakazam|Calm Mind|p1a: Alakazam\n|-boost|p1a: Alakazam|spa|1\n|-boost|p1a: Alakazam|spd|1\n|move|p2a: Primeape|Close Combat|p1a: Alakazam\n|-resisted|p1a: Alakazam\n|-damage|p1a: Alakazam|58/214\n|-unboost|p2a: Primeape|def|1\n|-unboost|p2a: Primeape|spd|1\n|\n|-weather|Hail|[upkeep]\n|-damage|p1a: Alakazam|45/214|[from] Hail\n|-damage|p2a: Primeape|125/260|[from] Hail\n|upkeep\n|turn|13\n|\n|t:|1769084072\n|move|p1a: Alakazam|Psychic|p2a: Primeape\n|-supereffective|p2a: Primeape\n|-damage|p2a: Primeape|0 fnt\n|faint|p2a: Primeape\n|\n|-weather|Hail|[upkeep]\n|-damage|p1a: Alakazam|32/214|[from] Hail\n|upkeep\n|\n|t:|1769084075\n|switch|p2a: Delcatty|Delcatty, L99, F|299/299\n|turn|14\n|\n|t:|1769084095\n|switch|p1a: Armaldo|Armaldo, L89, F|15/278\n|move|p2a: Delcatty|Fake Out|p1a: Armaldo\n|-resisted|p1a: Armaldo\n|-damage|p1a: Armaldo|0 fnt\n|faint|p1a: Armaldo\n|\n|-weather|none\n|upkeep\n|\n|t:|1769084098\n|switch|p1a: Alakazam|Alakazam-Mega, L78, M|32/214\n|-ability|p1a: Alakazam|Wonder Skin|Trace|[from] ability: Trace|[of] p2a: Delcatty\n|turn|15\n|\n|t:|1769084101\n|move|p1a: Alakazam|Focus Blast|p2a: Delcatty\n|-supereffective|p2a: Delcatty\n|-damage|p2a: Delcatty|35/299\n|move|p2a: Delcatty|Double-Edge|p1a: Alakazam\n|-damage|p1a: Alakazam|0 fnt\n|faint|p1a: Alakazam\n|detailschange|p1: Alakazam|Alakazam, L78, M|[silent]\n|-damage|p2a: Delcatty|24/299|[from] Recoil\n|\n|upkeep\n|\n|t:|1769084123\n|switch|p1a: Rayquaza|Rayquaza, L69|259/259\n|-ability|p1a: Rayquaza|Air Lock\n|turn|16\n|\n|t:|1769084128\n|move|p2a: Delcatty|Double-Edge|p1a: Rayquaza\n|-damage|p1a: Rayquaza|66/259\n|-damage|p2a: Delcatty|0 fnt|[from] Recoil\n|faint|p2a: Delcatty\n|move|p1a: Rayquaza|Dragon Dance|p1a: Rayquaza\n|-boost|p1a: Rayquaza|atk|1\n|-boost|p1a: Rayquaza|spe|1\n|\n|upkeep\n|\n|t:|1769084133\n|switch|p2a: Mienshao|Mienshao, L83, M|243/243 tox\n|turn|17\n|\n|t:|1769084141\n|move|p2a: Mienshao|Fake Out|p1a: Rayquaza\n|-damage|p1a: Rayquaza|28/259\n|cant|p1a: Rayquaza|flinch\n|\n|-damage|p2a: Mienshao|228/243 tox|[from] psn\n|upkeep\n|turn|18\n|\n|t:|1769084151\n|switch|p2a: Swampert|Swampert-Mega, L81, M|174/295\n|move|p1a: Rayquaza|Dragon Ascent|p2a: Swampert\n|-damage|p2a: Swampert|27/295\n|-unboost|p1a: Rayquaza|def|1\n|-unboost|p1a: Rayquaza|spd|1\n|\n|upkeep\n|turn|19\n|c|☆Meuby Law|gg\n|\n|t:|1769084157\n|move|p1a: Rayquaza|Earthquake|p2a: Swampert\n|-crit|p2a: Swampert\n|-damage|p2a: Swampert|0 fnt\n|faint|p2a: Swampert\n|detailschange|p2: Swampert|Swampert, L81, M|[silent]\n|\n|upkeep\n|\n|t:|1769084160\n|switch|p2a: Mienshao|Mienshao, L83, M|243/243 tox\n|turn|20\n|c|☆ProblyArijit._|gg\n|\n|t:|1769084163\n|move|p2a: Mienshao|Fake Out|p1a: Rayquaza\n|-damage|p1a: Rayquaza|0 fnt\n|faint|p1a: Rayquaza\n|\n|win|Meuby Law\n|raw|ProblyArijit._'s rating: 1608 &rarr; <strong>1583</strong><br />(-25 for losing)\n|raw|Meuby Law's rating: 1521 &rarr; <strong>1546</strong><br />(+25 for winning)\n", "inputlog": ">version dd3d52b8382d73d1dd2c67730c4067df325ab790\n>start {\"formatid\":\"gen7randombattle\",\"seed\":\"sodium,e42d12fb2a1793a02bd78fac48d594c4\",\"rated\":\"Rated battle\"}\n>player p1 {\"name\":\"ProblyArijit._\",\"avatar\":\"steven\",\"rating\":1595,\"seed\":\"sodium,cdb0b3b97bd1d845cb5302c419a24279\"}\n>player p2 {\"name\":\"Meuby Law\",\"avatar\":\"hau-stance\",\"rating\":1521,\"seed\":\"sodium,80a328dfc6f7a7760af4ea34c655f7b8\"}\n>p1 move knockoff\n>p2 move sunsteelstrike\n>p1 move knockoff\n>p2 move sunsteelstrike\n>p1 switch 6\n>p1 move focusblast mega\n>p2 move knockoff\n>p2 switch 3\n>p1 switch 2\n>p2 move fakeout\n>p1 move toxic\n>p2 switch 5\n>p1 switch 4\n>p2 move uturn\n>p2 switch 6\n>p1 move xscissor\n>p2 move waterfall mega\n>p1 switch 4\n>p2 move earthquake\n>p1 move dracometeor\n>p2 move earthquake\n>p1 switch 5\n>p1 move gigadrain\n>p2 switch 2\n>p1 move gigadrain\n>p2 move closecombat\n>p1 switch 2\n>p1 move calmmind\n>p2 move closecombat\n>p1 move psychic\n>p2 move closecombat\n>p2 switch 5\n>p1 switch 4\n>p2 move fakeout\n>p1 switch 4\n>p1 move focusblast\n>p2 move doubleedge\n>p1 switch 3\n>p1 move dragondance\n>p2 move doubleedge\n>p2 switch 6\n>p1 move dragonascent\n>p2 move fakeout\n>p1 move dragonascent\n>p2 switch 2\n>chat ☆Meuby Law|gg\n>p1 move earthquake\n>p2 move icepunch\n>p2 switch 2\n>chat ☆ProblyArijit._|gg\n>p1 move dragonascent zmove\n>p2 move fakeout", "uploadtime": 1769084165, "views": 137, "formatid": "gen7randombattle", "rating": 1546, "private": 0, "password": null}