{"id": "gen7randombattle-2527443639", "format": "[Gen 7] Random Battle", "players": ["blueoak69", "La.Hellhound"], "log": "|j|☆blueoak69\n|j|‽La.Hellhound\n|t:|1769538873\n|gametype|singles\n|player|p1|blueoak69|blue|1688\n|player|p2|La.Hellhound|bruno|1773\n|gen|7\n|tier|[Gen 7] Random Battle\n|rated|\n|rule|Sleep Clause Mod: Limit one foe put to sleep\n|rule|HP Percentage Mod: HP is shown in percentages\n|rule|Illusion Level Mod: Illusion disguises the Pokémon's true level\n|\n|t:|1769538873\n|teamsize|p1|6\n|teamsize|p2|6\n|start\n|switch|p1a: Abomasnow|Abomasnow, L83, F|285/285\n|switch|p2a: Magnezone|Magnezone, L84|255/255\n|-weather|Hail|[from] ability: Snow Warning|[of] p1a: Abomasnow\n|turn|1\n|inactive|Battle timer is ON: inactive players will automatically lose when time's up. (requested by La.Hellhound)\n|inactive|blueoak69 has 120 seconds left.\n|\n|t:|1769538907\n|switch|p2a: Gyarados|Gyarados, L74, F|263/263\n|-ability|p2a: Gyarados|Intimidate|boost\n|-unboost|p1a: Abomasnow|atk|1\n|detailschange|p1a: Abomasnow|Abomasnow-Mega, L83, F\n|-mega|p1a: Abomasnow|Abomasnow|Abomasite\n|move|p1a: Abomasnow|Earthquake|p2a: Gyarados\n|-immune|p2a: Gyarados\n|\n|-weather|Hail|[upkeep]\n|-damage|p2a: Gyarados|247/263|[from] Hail\n|upkeep\n|turn|2\n|\n|t:|1769538935\n|switch|p2a: Bewear|Bewear, L84, M|339/339\n|move|p1a: Abomasnow|Blizzard|p2a: Bewear\n|-damage|p2a: Bewear|134/339\n|\n|-weather|Hail|[upkeep]\n|-damage|p2a: Bewear|113/339|[from] Hail\n|-heal|p2a: Bewear|134/339|[from] item: Leftovers\n|upkeep\n|turn|3\n|\n|t:|1769538956\n|switch|p1a: Bellossom|Bellossom, L88, F|275/275\n|move|p2a: Bewear|Drain Punch|p1a: Bellossom\n|-damage|p1a: Bellossom|185/275\n|-heal|p2a: Bewear|179/339|[from] drain|[of] p1a: Bellossom\n|\n|-weather|Hail|[upkeep]\n|-damage|p2a: Bewear|158/339|[from] Hail\n|-damage|p1a: Bellossom|168/275|[from] Hail\n|-heal|p2a: Bewear|179/339|[from] item: Leftovers\n|upkeep\n|turn|4\n|\n|t:|1769538972\n|switch|p2a: Sunflora|Sunflora, M|312/312\n|move|p1a: Bellossom|Strength Sap|p2a: Sunflora\n|-unboost|p2a: Sunflora|atk|1\n|-heal|p1a: Bellossom|275/275\n|\n|-weather|Hail|[upkeep]\n|-damage|p1a: Bellossom|258/275|[from] Hail\n|-damage|p2a: Sunflora|293/312|[from] Hail\n|upkeep\n|turn|5\n|\n|t:|1769538982\n|move|p1a: Bellossom|Quiver Dance|p1a: Bellossom\n|-boost|p1a: Bellossom|spa|1\n|-boost|p1a: Bellossom|spd|1\n|-boost|p1a: Bellossom|spe|1\n|move|p2a: Sunflora|Hidden Power|p1a: Bellossom\n|-supereffective|p1a: Bellossom\n|-damage|p1a: Bellossom|157/275\n|-damage|p2a: Sunflora|262/312|[from] item: Life Orb\n|\n|-weather|none\n|upkeep\n|turn|6\n|c|☆blueoak69|gimmme dat sunlight\n|\n|t:|1769538999\n|move|p1a: Bellossom|Giga Drain|p2a: Sunflora\n|-resisted|p2a: Sunflora\n|-crit|p2a: Sunflora\n|-damage|p2a: Sunflora|188/312\n|-heal|p1a: Bellossom|194/275|[from] drain|[of] p2a: Sunflora\n|move|p2a: Sunflora|Hidden Power|p1a: Bellossom\n|-supereffective|p1a: Bellossom\n|-damage|p1a: Bellossom|87/275\n|-damage|p2a: Sunflora|157/312|[from] item: Life Orb\n|\n|upkeep\n|turn|7\n|\n|t:|1769539007\n|-zpower|p1a: Bellossom\n|move|p1a: Bellossom|Bloom Doom|p2a: Sunflora|[zeffect]\n|-resisted|p2a: Sunflora\n|-damage|p2a: Sunflora|65/312\n|move|p2a: Sunflora|Hidden Power|p1a: Bellossom\n|-supereffective|p1a: Bellossom\n|-damage|p1a: Bellossom|0 fnt\n|faint|p1a: Bellossom\n|-damage|p2a: Sunflora|34/312|[from] item: Life Orb\n|\n|upkeep\n|\n|t:|1769539013\n|switch|p1a: Raikou|Raikou, L81|278/278\n|-ability|p1a: Raikou|Pressure\n|turn|8\n|\n|t:|1769539023\n|move|p1a: Raikou|Volt Switch|p2a: Sunflora\n|-resisted|p2a: Sunflora\n|-damage|p2a: Sunflora|0 fnt\n|faint|p2a: Sunflora\n|\n|t:|1769539029\n|switch|p1a: Phione|Phione, L93|300/300|[from] Volt Switch\n|\n|upkeep\n|\n|t:|1769539037\n|switch|p2a: Magnezone|Magnezone, L84|255/255\n|turn|9\n|\n|t:|1769539044\n|switch|p1a: Raikou|Raikou, L81|278/278\n|-ability|p1a: Raikou|Pressure\n|move|p2a: Magnezone|Toxic|p1a: Raikou\n|-status|p1a: Raikou|tox\n|\n|-damage|p1a: Raikou|261/278 tox|[from] psn\n|upkeep\n|turn|10\n|\n|t:|1769539056\n|move|p2a: Magnezone|Protect|p2a: Magnezone\n|-singleturn|p2a: Magnezone|Protect\n|move|p1a: Raikou|Aura Sphere|p2a: Magnezone\n|-activate|p2a: Magnezone|move: Protect\n|\n|-damage|p1a: Raikou|227/278 tox|[from] psn\n|upkeep\n|turn|11\n|\n|t:|1769539066\n|switch|p1a: Ribombee|Ribombee, L84, M|238/238\n|switch|p2a: Primarina|Primarina, L83, M|268/268\n|\n|upkeep\n|turn|12\n|\n|t:|1769539076\n|move|p1a: Ribombee|Stun Spore|p2a: Primarina|[miss]\n|-miss|p1a: Ribombee|p2a: Primarina\n|move|p2a: Primarina|Moonblast|p1a: Ribombee\n|-damage|p1a: Ribombee|105/238\n|\n|-heal|p1a: Ribombee|119/238|[from] item: Leftovers\n|upkeep\n|turn|13\n|\n|t:|1769539083\n|switch|p2a: Magnezone|Magnezone, L84|255/255\n|move|p1a: Ribombee|Sticky Web|p2a: Magnezone\n|-sidestart|p2: La.Hellhound|move: Sticky Web\n|\n|-heal|p1a: Ribombee|133/238|[from] item: Leftovers\n|upkeep\n|turn|14\n|\n|t:|1769539092\n|move|p1a: Ribombee|U-turn|p2a: Magnezone\n|-resisted|p2a: Magnezone\n|-damage|p2a: Magnezone|234/255\n|\n|t:|1769539093\n|switch|p1a: Raikou|Raikou, L81|227/278 tox|[from] U-turn\n|-ability|p1a: Raikou|Pressure\n|move|p2a: Magnezone|Flash Cannon|p1a: Raikou\n|-resisted|p1a: Raikou\n|-damage|p1a: Raikou|158/278 tox\n|\n|-heal|p2a: Magnezone|249/255|[from] item: Leftovers\n|-damage|p1a: Raikou|141/278 tox|[from] psn\n|upkeep\n|turn|15\n|\n|t:|1769539104\n|switch|p1a: Rapidash|Rapidash, L87, F|255/255\n|move|p2a: Magnezone|Protect||[still]\n|-fail|p2a: Magnezone\n|\n|-heal|p2a: Magnezone|255/255|[from] item: Leftovers\n|upkeep\n|turn|16\n|\n|t:|1769539113\n|switch|p2a: Primarina|Primarina, L83, M|268/268\n|-activate|p2a: Primarina|move: Sticky Web\n|-unboost|p2a: Primarina|spe|1\n|move|p1a: Rapidash|Flare Blitz|p2a: Primarina\n|-resisted|p2a: Primarina\n|-damage|p2a: Primarina|156/268\n|-damage|p1a: Rapidash|218/255|[from] Recoil\n|-damage|p1a: Rapidash|193/255|[from] item: Life Orb\n|\n|upkeep\n|turn|17\n|\n|t:|1769539129\n|switch|p1a: Phione|Phione, L93|300/300\n|move|p2a: Primarina|Scald|p1a: Phione\n|-resisted|p1a: Phione\n|-damage|p1a: Phione|247/300\n|\n|-heal|p1a: Phione|265/300|[from] item: Leftovers\n|upkeep\n|turn|18\n|\n|t:|1769539137\n|switch|p2a: Magnezone|Magnezone, L84|255/255\n|-activate|p2a: Magnezone|move: Sticky Web\n|-unboost|p2a: Magnezone|spe|1\n|move|p1a: Phione|Scald|p2a: Magnezone\n|-damage|p2a: Magnezone|159/255\n|\n|-heal|p1a: Phione|283/300|[from] item: Leftovers\n|-heal|p2a: Magnezone|174/255|[from] item: Leftovers\n|upkeep\n|turn|19\n|\n|t:|1769539150\n|move|p1a: Phione|Heal Bell|p1a: Phione\n|-activate|p1a: Phione|move: Heal Bell\n|-curestatus|p1: Raikou|tox|[msg]\n|move|p2a: Magnezone|Flash Cannon|p1a: Phione\n|-resisted|p1a: Phione\n|-damage|p1a: Phione|211/300\n|-unboost|p1a: Phione|spd|1\n|\n|-heal|p1a: Phione|229/300|[from] item: Leftovers\n|-heal|p2a: Magnezone|189/255|[from] item: Leftovers\n|upkeep\n|turn|20\n|\n|t:|1769539159\n|switch|p1a: Raikou|Raikou, L81|141/278\n|-ability|p1a: Raikou|Pressure\n|move|p2a: Magnezone|Toxic|p1a: Raikou\n|-status|p1a: Raikou|tox\n|\n|-heal|p2a: Magnezone|204/255|[from] item: Leftovers\n|-damage|p1a: Raikou|124/278 tox|[from] psn\n|upkeep\n|turn|21\n|\n|t:|1769539170\n|switch|p1a: Rapidash|Rapidash, L87, F|193/255\n|move|p2a: Magnezone|Thunderbolt|p1a: Rapidash\n|-damage|p1a: Rapidash|45/255\n|-status|p1a: Rapidash|par\n|\n|-heal|p2a: Magnezone|219/255|[from] item: Leftovers\n|upkeep\n|turn|22\n|\n|t:|1769539177\n|switch|p2a: Gyarados|Gyarados, L74, F|247/263\n|-ability|p2a: Gyarados|Intimidate|boost\n|-unboost|p1a: Rapidash|atk|1\n|cant|p1a: Rapidash|par\n|\n|upkeep\n|turn|23\n|\n|t:|1769539187\n|move|p2a: Gyarados|Earthquake|p1a: Rapidash\n|-supereffective|p1a: Rapidash\n|-damage|p1a: Rapidash|0 fnt\n|faint|p1a: Rapidash\n|\n|upkeep\n|\n|t:|1769539212\n|switch|p1a: Raikou|Raikou, L81|124/278 tox\n|-ability|p1a: Raikou|Pressure\n|turn|24\n|\n|t:|1769539218\n|switch|p2a: Magnezone|Magnezone, L84|219/255\n|-activate|p2a: Magnezone|move: Sticky Web\n|-unboost|p2a: Magnezone|spe|1\n|move|p1a: Raikou|Volt Switch|p2a: Magnezone\n|-resisted|p2a: Magnezone\n|-damage|p2a: Magnezone|160/255\n|\n|t:|1769539222\n|switch|p1a: Abomasnow|Abomasnow-Mega, L83, F|285/285|[from] Volt Switch\n|-weather|Hail|[from] ability: Snow Warning|[of] p1a: Abomasnow\n|\n|-weather|Hail|[upkeep]\n|-damage|p2a: Magnezone|145/255|[from] Hail\n|-heal|p2a: Magnezone|160/255|[from] item: Leftovers\n|upkeep\n|turn|25\n|\n|t:|1769539232\n|move|p2a: Magnezone|Protect|p2a: Magnezone\n|-singleturn|p2a: Magnezone|Protect\n|move|p1a: Abomasnow|Earthquake|p2a: Magnezone\n|-activate|p2a: Magnezone|move: Protect\n|\n|-weather|Hail|[upkeep]\n|-damage|p2a: Magnezone|145/255|[from] Hail\n|-heal|p2a: Magnezone|160/255|[from] item: Leftovers\n|upkeep\n|turn|26\n|\n|t:|1769539253\n|switch|p2a: Gyarados|Gyarados, L74, F|247/263\n|-ability|p2a: Gyarados|Intimidate|boost\n|-unboost|p1a: Abomasnow|atk|1\n|move|p1a: Abomasnow|Earthquake|p2a: Gyarados\n|-immune|p2a: Gyarados\n|\n|-weather|Hail|[upkeep]\n|-damage|p2a: Gyarados|231/263|[from] Hail\n|upkeep\n|turn|27\n|\n|t:|1769539269\n|switch|p2a: Magnezone|Magnezone, L84|160/255\n|-activate|p2a: Magnezone|move: Sticky Web\n|-unboost|p2a: Magnezone|spe|1\n|move|p1a: Abomasnow|Giga Drain|p2a: Magnezone\n|-resisted|p2a: Magnezone\n|-damage|p2a: Magnezone|112/255\n|\n|-weather|Hail|[upkeep]\n|-damage|p2a: Magnezone|97/255|[from] Hail\n|-heal|p2a: Magnezone|112/255|[from] item: Leftovers\n|upkeep\n|turn|28\n|\n|t:|1769539284\n|move|p2a: Magnezone|Protect|p2a: Magnezone\n|-singleturn|p2a: Magnezone|Protect\n|move|p1a: Abomasnow|Earthquake|p2a: Magnezone\n|-activate|p2a: Magnezone|move: Protect\n|\n|-weather|none\n|-heal|p2a: Magnezone|127/255|[from] item: Leftovers\n|upkeep\n|turn|29\n|\n|t:|1769539291\n|switch|p2a: Gyarados|Gyarados, L74, F|231/263\n|-ability|p2a: Gyarados|Intimidate|boost\n|-unboost|p1a: Abomasnow|atk|1\n|move|p1a: Abomasnow|Earthquake|p2a: Gyarados\n|-immune|p2a: Gyarados\n|\n|upkeep\n|turn|30\n|\n|t:|1769539300\n|switch|p1a: Ribombee|Ribombee, L84, M|133/238\n|move|p2a: Gyarados|Dragon Dance|p2a: Gyarados\n|-boost|p2a: Gyarados|atk|1\n|-boost|p2a: Gyarados|spe|1\n|\n|-heal|p1a: Ribombee|147/238|[from] item: Leftovers\n|upkeep\n|turn|31\n|\n|t:|1769539308\n|switch|p2a: Magnezone|Magnezone, L84|127/255\n|-activate|p2a: Magnezone|move: Sticky Web\n|-unboost|p2a: Magnezone|spe|1\n|move|p1a: Ribombee|Stun Spore|p2a: Magnezone\n|-immune|p2a: Magnezone\n|\n|-heal|p1a: Ribombee|161/238|[from] item: Leftovers\n|-heal|p2a: Magnezone|142/255|[from] item: Leftovers\n|upkeep\n|turn|32\n|\n|t:|1769539317\n|switch|p1a: Abomasnow|Abomasnow-Mega, L83, F|285/285\n|-weather|Hail|[from] ability: Snow Warning|[of] p1a: Abomasnow\n|move|p2a: Magnezone|Flash Cannon|p1a: Abomasnow\n|-supereffective|p1a: Abomasnow\n|-damage|p1a: Abomasnow|61/285\n|\n|-weather|Hail|[upkeep]\n|-damage|p2a: Magnezone|127/255|[from] Hail\n|-heal|p2a: Magnezone|142/255|[from] item: Leftovers\n|upkeep\n|turn|33\n|\n|t:|1769539327\n|move|p2a: Magnezone|Protect|p2a: Magnezone\n|-singleturn|p2a: Magnezone|Protect\n|move|p1a: Abomasnow|Earthquake|p2a: Magnezone\n|-activate|p2a: Magnezone|move: Protect\n|\n|-weather|Hail|[upkeep]\n|-damage|p2a: Magnezone|127/255|[from] Hail\n|-heal|p2a: Magnezone|142/255|[from] item: Leftovers\n|upkeep\n|turn|34\n|\n|t:|1769539337\n|switch|p2a: Bewear|Bewear, L84, M|179/339\n|-activate|p2a: Bewear|move: Sticky Web\n|-unboost|p2a: Bewear|spe|1\n|move|p1a: Abomasnow|Earthquake|p2a: Bewear\n|-damage|p2a: Bewear|77/339\n|\n|-weather|Hail|[upkeep]\n|-damage|p2a: Bewear|56/339|[from] Hail\n|-heal|p2a: Bewear|77/339|[from] item: Leftovers\n|upkeep\n|turn|35\n|\n|t:|1769539349\n|move|p2a: Bewear|Drain Punch|p1a: Abomasnow\n|-supereffective|p1a: Abomasnow\n|-damage|p1a: Abomasnow|0 fnt\n|-heal|p2a: Bewear|108/339|[from] drain|[of] p1a: Abomasnow\n|faint|p1a: Abomasnow\n|detailschange|p1: Abomasnow|Abomasnow, L83, F|[silent]\n|\n|-weather|Hail|[upkeep]\n|-damage|p2a: Bewear|87/339|[from] Hail\n|-heal|p2a: Bewear|108/339|[from] item: Leftovers\n|upkeep\n|inactive|blueoak69 has 120 seconds left.\n|\n|t:|1769539391\n|switch|p1a: Ribombee|Ribombee, L84, M|161/238\n|turn|36\n|\n|t:|1769539395\n|move|p1a: Ribombee|U-turn|p2a: Bewear\n|-resisted|p2a: Bewear\n|-damage|p2a: Bewear|96/339\n|inactive|blueoak69 has 120 seconds left.\n|-message|blueoak69 forfeited.\n|\n|win|La.Hellhound\n|raw|blueoak69's rating: 1688 &rarr; <strong>1673</strong><br />(-15 for losing)\n|raw|La.Hellhound's rating: 1773 &rarr; <strong>1788</strong><br />(+15 for winning)\n|l|☆blueoak69\n|player|p1|\n", "inputlog": ">version b99ff0165a6231f17e8b78c2a78d1998375de664\n>start {\"formatid\":\"gen7randombattle\",\"seed\":\"sodium,b941e026aebd0ebb8a8b25220f164468\",\"rated\":\"Rated battle\"}\n>player p1 {\"name\":\"blueoak69\",\"avatar\":\"blue\",\"rating\":1688,\"seed\":\"sodium,24a2472683ed8fdcc3e51295c756e7fd\"}\n>player p2 {\"name\":\"La.Hellhound\",\"avatar\":\"bruno\",\"rating\":1773,\"seed\":\"sodium,8bc465136ec1a854410770a9f6309095\"}\n>p1 move earthquake mega\n>p2 switch 5\n>p1 move blizzard\n>p2 switch 3\n>p1 switch 2\n>p2 move drainpunch\n>p1 move strengthsap\n>p2 switch 6\n>p1 move quiverdance\n>p2 move hiddenpower\n>chat ☆blueoak69|gimmme dat sunlight\n>p1 move gigadrain\n>p2 move hiddenpower\n>p1 move gigadrain zmove\n>p2 move hiddenpower\n>p1 switch 5\n>p1 move voltswitch\n>p2 move sunnyday\n>p1 switch 4\n>p2 switch 5\n>p1 switch 4\n>p2 move toxic\n>p1 move aurasphere\n>p2 move protect\n>p1 switch 6\n>p2 switch 4\n>p1 move stunspore\n>p2 move moonblast\n>p1 move stickyweb\n>p2 switch 4\n>p1 move uturn\n>p2 move flashcannon\n>p1 switch 6\n>p1 switch 3\n>p2 move protect\n>p1 move flareblitz\n>p2 switch 4\n>p1 switch 4\n>p2 move scald\n>p1 move scald\n>p2 switch 4\n>p1 move healbell\n>p2 move flashcannon\n>p1 switch 3\n>p2 move toxic\n>p1 switch 4\n>p2 move thunderbolt\n>p1 move flareblitz\n>p2 switch 3\n>p1 move megahorn\n>p2 move earthquake\n>p1 switch 4\n>p1 move voltswitch\n>p2 switch 3\n>p1 switch 2\n>p1 move earthquake\n>p2 move protect\n>p1 move earthquake\n>p2 switch 3\n>p1 move gigadrain\n>p2 switch 3\n>p1 move earthquake\n>p2 move protect\n>p1 move earthquake\n>p2 switch 3\n>p1 switch 6\n>p2 move dragondance\n>p1 move stunspore\n>p2 switch 3\n>p1 switch 6\n>p2 move flashcannon\n>p1 move earthquake\n>p2 move protect\n>p1 move earthquake\n>p2 switch 6\n>p1 move earthquake\n>p2 move drainpunch\n>p1 switch 6\n>p1 move uturn\n>p2 move doubleedge\n>forcelose p1", "uploadtime": 1769539407, "views": 189, "formatid": "gen7randombattle", "rating": 1673, "private": 0, "password": null}