{"id": "gen7randombattle-2533839301", "format": "[Gen 7] Random Battle", "players": ["ockdzck", "bin2409"], "log": "|j|☆ockdzck\n|j|☆bin2409\n|t:|1770347554\n|gametype|singles\n|player|p1|ockdzck|blue|1656\n|player|p2|bin2409|maid|1937\n|gen|7\n|tier|[Gen 7] Random Battle\n|rated|\n|rule|Sleep Clause Mod: Limit one foe put to sleep\n|rule|HP Percentage Mod: HP is shown in percentages\n|rule|Illusion Level Mod: Illusion disguises the Pokémon's true level\n|\n|t:|1770347554\n|teamsize|p1|6\n|teamsize|p2|6\n|start\n|switch|p1a: Uxie|Uxie, L82|257/257\n|switch|p2a: Hawlucha|Hawlucha, L78, F|249/249\n|turn|1\n|\n|t:|1770347573\n|switch|p2a: Celebi|Celebi, L82|298/298\n|move|p1a: Uxie|Yawn|p2a: Celebi\n|-start|p2a: Celebi|move: Yawn|[of] p1a: Uxie\n|\n|upkeep\n|turn|2\n|\n|t:|1770347579\n|move|p2a: Celebi|U-turn|p1a: Uxie\n|-supereffective|p1a: Uxie\n|-damage|p1a: Uxie|183/257\n|\n|t:|1770347591\n|switch|p2a: Genesect|Genesect, L73|224/224|[from] U-turn\n|-ability|p2a: Genesect|Download|boost\n|-boost|p2a: Genesect|spa|1\n|move|p1a: Uxie|U-turn|p2a: Genesect\n|-resisted|p2a: Genesect\n|-damage|p2a: Genesect|201/224\n|\n|t:|1770347610\n|switch|p1a: Mismagius|Mismagius, L87, M|246/246|[from] U-turn\n|\n|upkeep\n|turn|3\n|\n|t:|1770347624\n|switch|p2a: Furfrou|Furfrou-Dandy, L86, F|269/269\n|move|p1a: Mismagius|Will-O-Wisp|p2a: Furfrou\n|-status|p2a: Furfrou|brn\n|\n|-damage|p2a: Furfrou|253/269 brn|[from] brn\n|upkeep\n|turn|4\n|\n|t:|1770347632\n|switch|p1a: Steelix|Steelix, L82, M|257/257\n|move|p2a: Furfrou|Toxic|p1a: Steelix\n|-immune|p1a: Steelix\n|\n|-damage|p2a: Furfrou|237/269 brn|[from] brn\n|upkeep\n|turn|5\n|\n|t:|1770347637\n|move|p2a: Furfrou|U-turn|p1a: Steelix\n|-resisted|p1a: Steelix\n|-damage|p1a: Steelix|251/257\n|\n|t:|1770347642\n|switch|p2a: Celebi|Celebi, L82|298/298|[from] U-turn\n|move|p1a: Steelix|Stealth Rock|p2a: Celebi\n|-sidestart|p2: bin2409|move: Stealth Rock\n|\n|upkeep\n|turn|6\n|\n|t:|1770347651\n|switch|p1a: Lugia|Lugia, L71|268/268\n|move|p2a: Celebi|Leaf Storm|p1a: Lugia\n|-resisted|p1a: Lugia\n|-damage|p1a: Lugia|243/268\n|-unboost|p2a: Celebi|spa|2\n|\n|-heal|p1a: Lugia|259/268|[from] item: Leftovers\n|upkeep\n|turn|7\n|\n|t:|1770347657\n|move|p2a: Celebi|U-turn|p1a: Lugia\n|-damage|p1a: Lugia|217/268\n|\n|t:|1770347662\n|switch|p2a: Lycanroc|Lycanroc-Midnight, L86, F|286/286|[from] U-turn\n|-damage|p2a: Lycanroc|251/286|[from] Stealth Rock\n|move|p1a: Lugia|Substitute|p1a: Lugia\n|-start|p1a: Lugia|Substitute\n|-damage|p1a: Lugia|150/268\n|\n|-heal|p1a: Lugia|166/268|[from] item: Leftovers\n|upkeep\n|turn|8\n|\n|t:|1770347669\n|move|p1a: Lugia|Toxic|p2a: Lycanroc\n|-status|p2a: Lycanroc|tox\n|move|p2a: Lycanroc|Stealth Rock|p1a: Lugia\n|-sidestart|p1: ockdzck|move: Stealth Rock\n|\n|-heal|p1a: Lugia|182/268|[from] item: Leftovers\n|-damage|p2a: Lycanroc|234/286 tox|[from] psn\n|upkeep\n|turn|9\n|\n|t:|1770347672\n|move|p1a: Lugia|Roost|p1a: Lugia\n|-heal|p1a: Lugia|268/268\n|-singleturn|p1a: Lugia|move: Roost\n|move|p2a: Lycanroc|Stone Edge|p1a: Lugia\n|-end|p1a: Lugia|Substitute\n|-damage|p2a: Lycanroc|206/286 tox|[from] item: Life Orb\n|\n|-damage|p2a: Lycanroc|172/286 tox|[from] psn\n|upkeep\n|turn|10\n|\n|t:|1770347680\n|switch|p1a: Steelix|Steelix, L82, M|251/257\n|-damage|p1a: Steelix|243/257|[from] Stealth Rock\n|move|p2a: Lycanroc|Stone Edge|p1a: Steelix\n|-resisted|p1a: Steelix\n|-crit|p1a: Steelix\n|-damage|p1a: Steelix|212/257\n|-damage|p2a: Lycanroc|144/286 tox|[from] item: Life Orb\n|\n|-damage|p2a: Lycanroc|93/286 tox|[from] psn\n|upkeep\n|turn|11\n|\n|t:|1770347688\n|switch|p2a: Celebi|Celebi, L82|298/298\n|-damage|p2a: Celebi|261/298|[from] Stealth Rock\n|move|p1a: Steelix|Iron Head|p2a: Celebi\n|-damage|p2a: Celebi|152/298\n|\n|-heal|p2a: Celebi|170/298|[from] item: Leftovers\n|upkeep\n|turn|12\n|\n|t:|1770347695\n|move|p2a: Celebi|Recover|p2a: Celebi\n|-heal|p2a: Celebi|298/298\n|move|p1a: Steelix|Iron Head|p2a: Celebi\n|-damage|p2a: Celebi|176/298\n|\n|-heal|p2a: Celebi|194/298|[from] item: Leftovers\n|upkeep\n|turn|13\n|\n|t:|1770347701\n|switch|p1a: Lugia|Lugia, L71|268/268\n|-damage|p1a: Lugia|201/268|[from] Stealth Rock\n|move|p2a: Celebi|Leaf Storm|p1a: Lugia\n|-resisted|p1a: Lugia\n|-damage|p1a: Lugia|153/268\n|-unboost|p2a: Celebi|spa|2\n|\n|-heal|p2a: Celebi|212/298|[from] item: Leftovers\n|-heal|p1a: Lugia|169/268|[from] item: Leftovers\n|upkeep\n|turn|14\n|\n|t:|1770347706\n|move|p2a: Celebi|U-turn|p1a: Lugia\n|-damage|p1a: Lugia|129/268\n|\n|t:|1770347711\n|switch|p2a: Genesect|Genesect, L73|201/224|[from] U-turn\n|-damage|p2a: Genesect|173/224|[from] Stealth Rock\n|-ability|p2a: Genesect|Download|boost\n|-boost|p2a: Genesect|atk|1\n|move|p1a: Lugia|Roost|p1a: Lugia\n|-heal|p1a: Lugia|263/268\n|-singleturn|p1a: Lugia|move: Roost\n|\n|-heal|p1a: Lugia|268/268|[from] item: Leftovers\n|upkeep\n|turn|15\n|\n|t:|1770347719\n|move|p1a: Lugia|Aeroblast|p2a: Genesect\n|-damage|p2a: Genesect|95/224\n|move|p2a: Genesect|Shift Gear|p2a: Genesect\n|-boost|p2a: Genesect|spe|2\n|-boost|p2a: Genesect|atk|1\n|\n|upkeep\n|turn|16\n|\n|t:|1770347724\n|move|p2a: Genesect|Iron Head|p1a: Lugia\n|-damage|p1a: Lugia|188/268\n|-damage|p2a: Genesect|73/224|[from] item: Life Orb\n|move|p1a: Lugia|Aeroblast|p2a: Genesect\n|-damage|p2a: Genesect|0 fnt\n|faint|p2a: Genesect\n|\n|-heal|p1a: Lugia|204/268|[from] item: Leftovers\n|upkeep\n|\n|t:|1770347736\n|switch|p2a: Furfrou|Furfrou-Dandy, L86, F|237/269 brn\n|-damage|p2a: Furfrou|204/269 brn|[from] Stealth Rock\n|turn|17\n|\n|t:|1770347740\n|switch|p1a: Steelix|Steelix, L82, M|212/257\n|-damage|p1a: Steelix|204/257|[from] Stealth Rock\n|move|p2a: Furfrou|U-turn|p1a: Steelix\n|-resisted|p1a: Steelix\n|-damage|p1a: Steelix|198/257\n|\n|t:|1770347747\n|switch|p2a: Celebi|Celebi, L82|212/298|[from] U-turn\n|-damage|p2a: Celebi|175/298|[from] Stealth Rock\n|\n|-heal|p2a: Celebi|193/298|[from] item: Leftovers\n|upkeep\n|turn|18\n|\n|t:|1770347757\n|switch|p1a: Lugia|Lugia, L71|204/268\n|-damage|p1a: Lugia|137/268|[from] Stealth Rock\n|move|p2a: Celebi|Leaf Storm|p1a: Lugia\n|-resisted|p1a: Lugia\n|-crit|p1a: Lugia\n|-damage|p1a: Lugia|66/268\n|-unboost|p2a: Celebi|spa|2\n|\n|-heal|p2a: Celebi|211/298|[from] item: Leftovers\n|-heal|p1a: Lugia|82/268|[from] item: Leftovers\n|upkeep\n|turn|19\n|\n|t:|1770347763\n|move|p2a: Celebi|U-turn|p1a: Lugia\n|-damage|p1a: Lugia|42/268\n|\n|t:|1770347769\n|switch|p2a: Furfrou|Furfrou-Dandy, L86, F|204/269 brn|[from] U-turn\n|-damage|p2a: Furfrou|171/269 brn|[from] Stealth Rock\n|move|p1a: Lugia|Roost|p1a: Lugia\n|-heal|p1a: Lugia|176/268\n|-singleturn|p1a: Lugia|move: Roost\n|\n|-heal|p1a: Lugia|192/268|[from] item: Leftovers\n|-damage|p2a: Furfrou|155/269 brn|[from] brn\n|upkeep\n|turn|20\n|\n|t:|1770347787\n|switch|p1a: Steelix|Steelix, L82, M|198/257\n|-damage|p1a: Steelix|190/257|[from] Stealth Rock\n|move|p2a: Furfrou|Toxic|p1a: Steelix\n|-immune|p1a: Steelix\n|\n|-damage|p2a: Furfrou|139/269 brn|[from] brn\n|upkeep\n|turn|21\n|\n|t:|1770347799\n|move|p2a: Furfrou|Rest|p2a: Furfrou\n|-status|p2a: Furfrou|slp|[from] move: Rest\n|-heal|p2a: Furfrou|269/269 slp|[silent]\n|-enditem|p2a: Furfrou|Chesto Berry|[eat]\n|-curestatus|p2a: Furfrou|slp|[msg]\n|move|p1a: Steelix|Toxic|p2a: Furfrou\n|-status|p2a: Furfrou|tox\n|\n|-damage|p2a: Furfrou|253/269 tox|[from] psn\n|upkeep\n|turn|22\n|\n|t:|1770347805\n|move|p2a: Furfrou|U-turn|p1a: Steelix\n|-resisted|p1a: Steelix\n|-damage|p1a: Steelix|178/257\n|\n|t:|1770347808\n|switch|p2a: Celebi|Celebi, L82|211/298|[from] U-turn\n|-damage|p2a: Celebi|174/298|[from] Stealth Rock\n|move|p1a: Steelix|Iron Head|p2a: Celebi\n|-damage|p2a: Celebi|61/298\n|\n|-heal|p2a: Celebi|79/298|[from] item: Leftovers\n|upkeep\n|turn|23\n|\n|t:|1770347811\n|move|p2a: Celebi|Recover|p2a: Celebi\n|-heal|p2a: Celebi|228/298\n|move|p1a: Steelix|Iron Head|p2a: Celebi\n|-damage|p2a: Celebi|121/298\n|\n|-heal|p2a: Celebi|139/298|[from] item: Leftovers\n|upkeep\n|turn|24\n|\n|t:|1770347816\n|move|p2a: Celebi|Recover|p2a: Celebi\n|-heal|p2a: Celebi|288/298\n|move|p1a: Steelix|Toxic|p2a: Celebi\n|-status|p2a: Celebi|tox\n|\n|-heal|p2a: Celebi|298/298 tox|[from] item: Leftovers\n|-damage|p2a: Celebi|280/298 tox|[from] psn\n|upkeep\n|turn|25\n|\n|t:|1770347823\n|move|p2a: Celebi|U-turn|p1a: Steelix\n|-resisted|p1a: Steelix\n|-damage|p1a: Steelix|165/257\n|\n|t:|1770347827\n|-curestatus|p2a: Celebi|tox|[from] ability: Natural Cure\n|switch|p2a: Furfrou|Furfrou-Dandy, L86, F|253/269 tox|[from] U-turn\n|-damage|p2a: Furfrou|220/269 tox|[from] Stealth Rock\n|move|p1a: Steelix|Iron Head|p2a: Furfrou\n|-damage|p2a: Furfrou|141/269 tox\n|\n|-damage|p2a: Furfrou|125/269 tox|[from] psn\n|upkeep\n|turn|26\n|\n|t:|1770347833\n|move|p2a: Furfrou|Rest|p2a: Furfrou\n|-status|p2a: Furfrou|slp|[from] move: Rest\n|-heal|p2a: Furfrou|269/269 slp|[silent]\n|move|p1a: Steelix|Earthquake|p2a: Furfrou\n|-damage|p2a: Furfrou|190/269 slp\n|-damage|p1a: Steelix|140/257|[from] item: Life Orb\n|\n|upkeep\n|turn|27\n|\n|t:|1770347840\n|cant|p2a: Furfrou|slp\n|move|p1a: Steelix|Iron Head|p2a: Furfrou\n|-damage|p2a: Furfrou|104/269 slp\n|\n|upkeep\n|turn|28\n|\n|t:|1770347865\n|switch|p1a: Lopunny|Lopunny, L77, F|227/227\n|-damage|p1a: Lopunny|199/227|[from] Stealth Rock\n|cant|p2a: Furfrou|slp\n|\n|upkeep\n|turn|29\n|\n|t:|1770347873\n|switch|p2a: Celebi|Celebi, L82|280/298\n|-damage|p2a: Celebi|243/298|[from] Stealth Rock\n|detailschange|p1a: Lopunny|Lopunny-Mega, L77, F\n|-mega|p1a: Lopunny|Lopunny|Lopunnite\n|move|p1a: Lopunny|Substitute|p1a: Lopunny\n|-start|p1a: Lopunny|Substitute\n|-damage|p1a: Lopunny|143/227\n|\n|-heal|p2a: Celebi|261/298|[from] item: Leftovers\n|upkeep\n|turn|30\n|\n|t:|1770347881\n|move|p1a: Lopunny|Return|p2a: Celebi\n|-damage|p2a: Celebi|155/298\n|move|p2a: Celebi|Psychic|p1a: Lopunny\n|-supereffective|p1a: Lopunny\n|-end|p1a: Lopunny|Substitute\n|\n|-heal|p2a: Celebi|173/298|[from] item: Leftovers\n|upkeep\n|turn|31\n|\n|t:|1770347888\n|switch|p1a: Lugia|Lugia, L71|192/268\n|-damage|p1a: Lugia|125/268|[from] Stealth Rock\n|move|p2a: Celebi|U-turn|p1a: Lugia\n|-damage|p1a: Lugia|86/268\n|\n|t:|1770347899\n|switch|p2a: Furfrou|Furfrou-Dandy, L86, F|104/269 slp|[from] U-turn\n|-damage|p2a: Furfrou|71/269 slp|[from] Stealth Rock\n|\n|-heal|p1a: Lugia|102/268|[from] item: Leftovers\n|upkeep\n|turn|32\n|\n|t:|1770347907\n|-curestatus|p2a: Furfrou|slp|[msg]\n|move|p2a: Furfrou|Toxic|p1a: Lugia\n|-status|p1a: Lugia|tox\n|move|p1a: Lugia|Roost|p1a: Lugia\n|-heal|p1a: Lugia|236/268 tox\n|-singleturn|p1a: Lugia|move: Roost\n|\n|-heal|p1a: Lugia|252/268 tox|[from] item: Leftovers\n|-damage|p1a: Lugia|236/268 tox|[from] psn\n|upkeep\n|turn|33\n|\n|t:|1770347912\n|move|p2a: Furfrou|Rest|p2a: Furfrou\n|-status|p2a: Furfrou|slp|[from] move: Rest\n|-heal|p2a: Furfrou|269/269 slp|[silent]\n|move|p1a: Lugia|Aeroblast|p2a: Furfrou\n|-damage|p2a: Furfrou|202/269 slp\n|\n|-heal|p1a: Lugia|252/268 tox|[from] item: Leftovers\n|-damage|p1a: Lugia|220/268 tox|[from] psn\n|upkeep\n|turn|34\n|\n|t:|1770347920\n|switch|p1a: Lopunny|Lopunny-Mega, L77, F|143/227\n|-damage|p1a: Lopunny|129/227|[from] Stealth Rock\n|cant|p2a: Furfrou|slp\n|\n|upkeep\n|turn|35\n|\n|t:|1770347929\n|switch|p2a: Lycanroc|Lycanroc-Midnight, L86, F|93/286 tox\n|-damage|p2a: Lycanroc|58/286 tox|[from] Stealth Rock\n|move|p1a: Lopunny|Return|p2a: Lycanroc\n|-resisted|p2a: Lycanroc\n|-damage|p2a: Lycanroc|0 fnt\n|faint|p2a: Lycanroc\n|\n|upkeep\n|\n|t:|1770347939\n|switch|p2a: Celebi|Celebi, L82|173/298\n|-damage|p2a: Celebi|136/298|[from] Stealth Rock\n|turn|36\n|\n|t:|1770347946\n|move|p1a: Lopunny|Return|p2a: Celebi\n|-damage|p2a: Celebi|22/298\n|move|p2a: Celebi|Recover|p2a: Celebi\n|-heal|p2a: Celebi|171/298\n|\n|-heal|p2a: Celebi|189/298|[from] item: Leftovers\n|upkeep\n|turn|37\n|\n|t:|1770347952\n|move|p1a: Lopunny|Encore|p2a: Celebi\n|-start|p2a: Celebi|Encore\n|move|p2a: Celebi|Recover|p2a: Celebi\n|-heal|p2a: Celebi|298/298\n|\n|upkeep\n|turn|38\n|\n|t:|1770347958\n|switch|p2a: Furfrou|Furfrou-Dandy, L86, F|202/269 slp\n|-damage|p2a: Furfrou|169/269 slp|[from] Stealth Rock\n|move|p1a: Lopunny|Substitute|p1a: Lopunny\n|-start|p1a: Lopunny|Substitute\n|-damage|p1a: Lopunny|73/227\n|\n|upkeep\n|turn|39\n|\n|t:|1770347966\n|move|p1a: Lopunny|High Jump Kick|p2a: Furfrou\n|-supereffective|p2a: Furfrou\n|-damage|p2a: Furfrou|0 fnt\n|faint|p2a: Furfrou\n|\n|upkeep\n|\n|t:|1770347969\n|switch|p2a: Celebi|Celebi, L82|298/298\n|-damage|p2a: Celebi|261/298|[from] Stealth Rock\n|turn|40\n|\n|t:|1770347975\n|move|p1a: Lopunny|Return|p2a: Celebi\n|-damage|p2a: Celebi|156/298\n|move|p2a: Celebi|Psychic|p1a: Lopunny\n|-supereffective|p1a: Lopunny\n|-end|p1a: Lopunny|Substitute\n|\n|-heal|p2a: Celebi|174/298|[from] item: Leftovers\n|upkeep\n|turn|41\n|\n|t:|1770347982\n|move|p1a: Lopunny|Return|p2a: Celebi\n|-damage|p2a: Celebi|65/298\n|move|p2a: Celebi|Psychic|p1a: Lopunny\n|-supereffective|p1a: Lopunny\n|-damage|p1a: Lopunny|0 fnt\n|faint|p1a: Lopunny\n|detailschange|p1: Lopunny|Lopunny, L77, F|[silent]\n|\n|-heal|p2a: Celebi|83/298|[from] item: Leftovers\n|upkeep\n|\n|t:|1770347988\n|switch|p1a: Mismagius|Mismagius, L87, M|246/246\n|-damage|p1a: Mismagius|216/246|[from] Stealth Rock\n|turn|42\n|\n|t:|1770347998\n|move|p1a: Mismagius|Shadow Ball|p2a: Celebi\n|-supereffective|p2a: Celebi\n|-damage|p2a: Celebi|0 fnt\n|faint|p2a: Celebi\n|\n|-heal|p1a: Mismagius|231/246|[from] item: Leftovers\n|upkeep\n|\n|t:|1770348002\n|switch|p2a: Kyurem|Kyurem-Black, L77|319/319\n|-damage|p2a: Kyurem|240/319|[from] Stealth Rock\n|-ability|p2a: Kyurem|Teravolt\n|turn|43\n|\n|t:|1770348009\n|switch|p1a: Uxie|Uxie, L82|183/257\n|-damage|p1a: Uxie|151/257|[from] Stealth Rock\n|move|p2a: Kyurem|Hone Claws|p2a: Kyurem\n|-boost|p2a: Kyurem|atk|1\n|-boost|p2a: Kyurem|accuracy|1\n|\n|-heal|p1a: Uxie|167/257|[from] item: Leftovers\n|upkeep\n|turn|44\n|\n|t:|1770348022\n|move|p1a: Uxie|Yawn|p2a: Kyurem\n|-start|p2a: Kyurem|move: Yawn|[of] p1a: Uxie\n|-zpower|p2a: Kyurem\n|move|p2a: Kyurem|Subzero Slammer|p1a: Uxie|[zeffect]\n|-damage|p1a: Uxie|0 fnt\n|faint|p1a: Uxie\n|\n|upkeep\n|\n|t:|1770348035\n|switch|p1a: Lugia|Lugia, L71|220/268 tox\n|-damage|p1a: Lugia|153/268 tox|[from] Stealth Rock\n|turn|45\n|\n|t:|1770348043\n|move|p1a: Lugia|Roost|p1a: Lugia\n|-heal|p1a: Lugia|268/268 tox\n|-singleturn|p1a: Lugia|move: Roost\n|move|p2a: Kyurem|Fusion Bolt|p1a: Lugia\n|-damage|p1a: Lugia|147/268 tox\n|\n|-heal|p1a: Lugia|163/268 tox|[from] item: Leftovers\n|-damage|p1a: Lugia|147/268 tox|[from] psn\n|-end|p2a: Kyurem|move: Yawn|[silent]\n|-status|p2a: Kyurem|slp\n|upkeep\n|turn|46\n|\n|t:|1770348051\n|move|p1a: Lugia|Aeroblast|p2a: Kyurem\n|-damage|p2a: Kyurem|158/319 slp\n|cant|p2a: Kyurem|slp\n|\n|-heal|p1a: Lugia|163/268 tox|[from] item: Leftovers\n|-damage|p1a: Lugia|131/268 tox|[from] psn\n|upkeep\n|turn|47\n|\n|t:|1770348058\n|move|p1a: Lugia|Aeroblast|p2a: Kyurem\n|-damage|p2a: Kyurem|85/319 slp\n|cant|p2a: Kyurem|slp\n|\n|-heal|p1a: Lugia|147/268 tox|[from] item: Leftovers\n|-damage|p1a: Lugia|99/268 tox|[from] psn\n|upkeep\n|turn|48\n|\n|t:|1770348062\n|move|p1a: Lugia|Aeroblast|p2a: Kyurem\n|-crit|p2a: Kyurem\n|-damage|p2a: Kyurem|0 fnt\n|faint|p2a: Kyurem\n|\n|-heal|p1a: Lugia|115/268 tox|[from] item: Leftovers\n|-damage|p1a: Lugia|51/268 tox|[from] psn\n|upkeep\n|\n|t:|1770348065\n|switch|p2a: Hawlucha|Hawlucha, L78, F|249/249\n|-damage|p2a: Hawlucha|218/249|[from] Stealth Rock\n|turn|49\n|\n|t:|1770348078\n|move|p2a: Hawlucha|Swords Dance|p2a: Hawlucha\n|-boost|p2a: Hawlucha|atk|2\n|move|p1a: Lugia|Toxic|p2a: Hawlucha\n|-status|p2a: Hawlucha|tox\n|\n|-heal|p1a: Lugia|67/268 tox|[from] item: Leftovers\n|-damage|p2a: Hawlucha|203/249 tox|[from] psn\n|-damage|p1a: Lugia|0 fnt|[from] psn\n|faint|p1a: Lugia\n|upkeep\n|\n|t:|1770348084\n|switch|p1a: Mismagius|Mismagius, L87, M|231/246\n|-damage|p1a: Mismagius|201/246|[from] Stealth Rock\n|turn|50\n|\n|t:|1770348088\n|move|p1a: Mismagius|Dazzling Gleam|p2a: Hawlucha\n|-supereffective|p2a: Hawlucha\n|-damage|p2a: Hawlucha|33/249 tox\n|move|p2a: Hawlucha|Sky Attack||[still]\n|-prepare|p2a: Hawlucha|Sky Attack\n|-enditem|p2a: Hawlucha|Power Herb\n|-anim|p2a: Hawlucha|Sky Attack|p1a: Mismagius\n|-damage|p1a: Mismagius|0 fnt\n|faint|p1a: Mismagius\n|\n|-damage|p2a: Hawlucha|3/249 tox|[from] psn\n|upkeep\n|\n|t:|1770348098\n|switch|p1a: Steelix|Steelix, L82, M|140/257\n|-damage|p1a: Steelix|132/257|[from] Stealth Rock\n|turn|51\n|\n|t:|1770348101\n|move|p2a: Hawlucha|High Jump Kick|p1a: Steelix\n|-supereffective|p1a: Steelix\n|-damage|p1a: Steelix|0 fnt\n|faint|p1a: Steelix\n|\n|-damage|p2a: Hawlucha|0 fnt|[from] psn\n|faint|p2a: Hawlucha\n|\n|win|ockdzck\n|raw|ockdzck's rating: 1656 &rarr; <strong>1689</strong><br />(+33 for winning)\n|raw|bin2409's rating: 1937 &rarr; <strong>1904</strong><br />(-33 for losing)\n|l|☆ockdzck\n|player|p1|\n|c|☆bin2409|Gg\n|l|☆bin2409\n|player|p2|\n", "inputlog": ">version ccdc32dd7cde25fd9e4bed64820e885f66e78a4e\n>start {\"formatid\":\"gen7randombattle\",\"seed\":\"sodium,51f81810b6000e6101ce8411bc2540fa\",\"rated\":\"Rated battle\"}\n>player p1 {\"name\":\"ockdzck\",\"avatar\":\"blue\",\"rating\":1656,\"seed\":\"sodium,ab9f26d543b89e5fccb009a8b55809b7\"}\n>player p2 {\"name\":\"bin2409\",\"avatar\":\"maid\",\"rating\":1937,\"seed\":\"sodium,f0e362e72442ed7005312ec9b02a110d\"}\n>p1 move yawn\n>p2 switch 6\n>p1 move uturn\n>p2 move uturn\n>p2 switch 2\n>p1 switch 6\n>p1 move willowisp\n>p2 switch 4\n>p1 switch 3\n>p2 move toxic\n>p1 move stealthrock\n>p2 move uturn\n>p2 switch 2\n>p1 switch 4\n>p2 move leafstorm\n>p1 move substitute\n>p2 move uturn\n>p2 switch 3\n>p1 move toxic\n>p2 move stealthrock\n>p1 move roost\n>p2 move stoneedge\n>p1 switch 4\n>p2 move stoneedge\n>p1 move ironhead\n>p2 switch 3\n>p1 move ironhead\n>p2 move recover\n>p1 switch 4\n>p2 move leafstorm\n>p1 move roost\n>p2 move uturn\n>p2 switch 4\n>p1 move aeroblast\n>p2 move shiftgear\n>p1 move aeroblast\n>p2 move ironhead\n>p2 switch 2\n>p1 switch 4\n>p2 move uturn\n>p2 switch 4\n>p1 switch 4\n>p2 move leafstorm\n>p1 move roost\n>p2 move uturn\n>p2 switch 4\n>p1 switch 4\n>p2 move toxic\n>p1 move toxic\n>p2 move rest\n>p1 move ironhead\n>p2 move uturn\n>p2 switch 4\n>p1 move ironhead\n>p2 move recover\n>p1 move toxic\n>p2 move recover\n>p1 move ironhead\n>p2 move uturn\n>p2 switch 4\n>p1 move earthquake\n>p2 move rest\n>p1 move ironhead\n>p2 move return\n>p1 switch 5\n>p2 move return\n>p1 move substitute mega\n>p2 switch 4\n>p1 move return\n>p2 move psychic\n>p1 switch 4\n>p2 move uturn\n>p2 switch 4\n>p1 move roost\n>p2 move toxic\n>p1 move aeroblast\n>p2 move rest\n>p1 switch 4\n>p2 move return\n>p1 move return\n>p2 switch 3\n>p2 switch 4\n>p1 move return\n>p2 move recover\n>p1 move encore\n>p2 move psychic\n>p1 move substitute\n>p2 switch 3\n>p1 move highjumpkick\n>p2 move return\n>p2 switch 3\n>p1 move return\n>p2 move psychic\n>p1 move return\n>p2 move psychic\n>p1 switch 3\n>p1 move shadowball\n>p2 move leafstorm\n>p2 switch 5\n>p1 switch 6\n>p2 move honeclaws\n>p1 move yawn\n>p2 move freezeshock zmove\n>p1 switch 4\n>p1 move roost\n>p2 move fusionbolt\n>p1 move aeroblast\n>p2 move fusionbolt\n>p1 move aeroblast\n>p2 move fusionbolt\n>p1 move aeroblast\n>p2 move fusionbolt\n>p2 switch 6\n>p1 move toxic\n>p2 move swordsdance\n>p1 switch 6\n>p1 move dazzlinggleam\n>p2 move skyattack\n>p1 switch 5\n>p1 move ironhead\n>p2 move highjumpkick", "uploadtime": 1770348119, "views": 195, "formatid": "gen7randombattle", "rating": 1689, "private": 0, "password": null}