{"id": "gen7randombattle-2526665949", "format": "[Gen 7] Random Battle", "players": ["Kurochan3", "BigWes95"], "log": "|j|☆Kurochan3\n|j|☆BigWes95\n|t:|1769446097\n|gametype|singles\n|player|p1|Kurochan3|cynthia-gen4|1802\n|player|p2|BigWes95|#rbtt9hoopers2|1826\n|gen|7\n|tier|[Gen 7] Random Battle\n|rated|\n|rule|Sleep Clause Mod: Limit one foe put to sleep\n|rule|HP Percentage Mod: HP is shown in percentages\n|rule|Illusion Level Mod: Illusion disguises the Pokémon's true level\n|\n|t:|1769446097\n|teamsize|p1|6\n|teamsize|p2|6\n|start\n|switch|p1a: Omastar|Omastar, L84, F|254/254\n|switch|p2a: Audino|Audino, L91, M|335/335\n|turn|1\n|inactive|Battle timer is ON: inactive players will automatically lose when time's up. (requested by BigWes95)\n|inactive|BigWes95 has 120 seconds left.\n|\n|t:|1769446129\n|switch|p1a: Altaria|Altaria, L92, M|287/287\n|move|p2a: Audino|Toxic|p1a: Altaria\n|-status|p1a: Altaria|tox\n|\n|-damage|p1a: Altaria|270/287 tox|[from] psn\n|upkeep\n|turn|2\n|\n|t:|1769446137\n|move|p1a: Altaria|Toxic|p2a: Audino\n|-status|p2a: Audino|tox\n|move|p2a: Audino|Knock Off|p1a: Altaria\n|-damage|p1a: Altaria|223/287 tox\n|-enditem|p1a: Altaria|Leftovers|[from] move: Knock Off|[of] p2a: Audino\n|\n|-damage|p1a: Altaria|189/287 tox|[from] psn\n|-damage|p2a: Audino|315/335 tox|[from] psn\n|upkeep\n|turn|3\n|\n|t:|1769446145\n|-curestatus|p1a: Altaria|tox|[from] ability: Natural Cure\n|switch|p1a: Leafeon|Leafeon, L88, M|258/258\n|move|p2a: Audino|Wish|p2a: Audino\n|\n|-damage|p2a: Audino|275/335 tox|[from] psn\n|upkeep\n|turn|4\n|inactive|BigWes95 has 120 seconds left.\n|\n|t:|1769446183\n|move|p1a: Leafeon|Substitute|p1a: Leafeon\n|-start|p1a: Leafeon|Substitute\n|-damage|p1a: Leafeon|194/258\n|move|p2a: Audino|Toxic||[still]\n|-fail|p2a: Audino\n|\n|-heal|p2a: Audino|335/335 tox|[from] move: Wish|[wisher] Audino\n|-heal|p1a: Leafeon|210/258|[from] item: Leftovers\n|-damage|p2a: Audino|275/335 tox|[from] psn\n|upkeep\n|turn|5\n|inactive|BigWes95 has 120 seconds left.\n|\n|t:|1769446189\n|switch|p2a: Meowstic|Meowstic-F, L91, F|283/283\n|move|p1a: Leafeon|Swords Dance|p1a: Leafeon\n|-boost|p1a: Leafeon|atk|2\n|\n|-heal|p1a: Leafeon|226/258|[from] item: Leftovers\n|upkeep\n|turn|6\n|\n|t:|1769446191\n|move|p2a: Meowstic|Signal Beam|p1a: Leafeon\n|-supereffective|p1a: Leafeon\n|-end|p1a: Leafeon|Substitute\n|-damage|p2a: Meowstic|255/283|[from] item: Life Orb\n|move|p1a: Leafeon|Knock Off|p2a: Meowstic\n|-supereffective|p2a: Meowstic\n|-damage|p2a: Meowstic|0 fnt\n|-enditem|p2a: Meowstic|Life Orb|[from] move: Knock Off|[of] p1a: Leafeon\n|faint|p2a: Meowstic\n|\n|-heal|p1a: Leafeon|242/258|[from] item: Leftovers\n|upkeep\n|\n|t:|1769446201\n|switch|p2a: Vanilluxe|Vanilluxe, L86, F|262/262\n|-weather|Hail|[from] ability: Snow Warning|[of] p2a: Vanilluxe\n|turn|7\n|\n|t:|1769446210\n|move|p1a: Leafeon|Substitute|p1a: Leafeon\n|-start|p1a: Leafeon|Substitute\n|-damage|p1a: Leafeon|178/258\n|move|p2a: Vanilluxe|Blizzard|p1a: Leafeon\n|-supereffective|p1a: Leafeon\n|-end|p1a: Leafeon|Substitute\n|\n|-weather|Hail|[upkeep]\n|-damage|p1a: Leafeon|162/258|[from] Hail\n|-heal|p1a: Leafeon|178/258|[from] item: Leftovers\n|upkeep\n|turn|8\n|inactive|Kurochan3 has 120 seconds left.\n|c|☆Kurochan3|!dt vanilluxe\n|c|☆Kurochan3|/raw <div class=\"message\"><ul class=\"utilichart\"><li class=\"result\"><span class=\"col numcol\">NUBL</span> <span class=\"col iconcol\"><psicon pokemon=\"vanilluxe\"/></span> <span class=\"col pokemonnamecol\" style=\"white-space:nowrap\"><a href=\"https://dex.pokemonshowdown.com/pokemon/vanilluxe\" target=\"_blank\">Vanilluxe</a></span> <span class=\"col typecol\"><img src=\"https://play.pokemonshowdown.com/sprites/types/Ice.png\" alt=\"Ice\" height=\"14\" width=\"32\"></span> <span style=\"float:left;min-height:26px\"><span class=\"col twoabilitycol\">Ice Body<br />Snow Warning</span><span class=\"col abilitycol\"><em>Weak Armor</em></span></span><span style=\"float:left;min-height:26px\"><span class=\"col statcol\"><em>HP</em><br />71</span> <span class=\"col statcol\"><em>Atk</em><br />95</span> <span class=\"col statcol\"><em>Def</em><br />85</span> <span class=\"col statcol\"><em>SpA</em><br />110</span> <span class=\"col statcol\"><em>SpD</em><br />95</span> <span class=\"col statcol\"><em>Spe</em><br />79</span> <span class=\"col bstcol\"><em>BST<br />535</em></span> </span></li><li style=\"clear:both\"></li></ul></div>\n|c|☆Kurochan3|/raw <font size=\"1\"><font color=\"#686868\">Dex#:</font> 584&nbsp;|&ThickSpace;<font color=\"#686868\">Gen:</font> 5&nbsp;|&ThickSpace;<font color=\"#686868\">Height:</font> 1.3 m&nbsp;|&ThickSpace;<font color=\"#686868\">Weight:</font> 57.5 kg <em>(80 BP)</em>&nbsp;|&ThickSpace;<font color=\"#686868\">Dex Colour:</font> White&nbsp;|&ThickSpace;<font color=\"#686868\">Egg Group(s):</font> Mineral&nbsp;|&ThickSpace;<font color=\"#686868\">Pre-Evolution:</font> Vanillish&nbsp;|&ThickSpace;<font color=\"#686868\">Does Not Evolve</font></font>\n\n|inactive|Kurochan3 has 90 seconds left.\n|\n|t:|1769446285\n|switch|p1a: Mamoswine|Mamoswine, L79, F|303/303\n|move|p2a: Vanilluxe|Blizzard|p1a: Mamoswine\n|-damage|p1a: Mamoswine|212/303\n|\n|-weather|Hail|[upkeep]\n|upkeep\n|turn|9\n|inactive|BigWes95 has 120 seconds left.\n|\n|t:|1769446310\n|switch|p2a: Uxie|Uxie, L82|257/257\n|move|p1a: Mamoswine|Earthquake|p2a: Uxie\n|-immune|p2a: Uxie|[from] ability: Levitate\n|\n|-weather|Hail|[upkeep]\n|-damage|p2a: Uxie|241/257|[from] Hail\n|-heal|p2a: Uxie|257/257|[from] item: Leftovers\n|upkeep\n|turn|10\n|\n|t:|1769446317\n|switch|p1a: Altaria|Altaria, L92, M|189/287\n|move|p2a: Uxie|Psychic|p1a: Altaria\n|-damage|p1a: Altaria|125/287\n|\n|-weather|Hail|[upkeep]\n|-damage|p2a: Uxie|241/257|[from] Hail\n|-damage|p1a: Altaria|108/287|[from] Hail\n|-heal|p2a: Uxie|257/257|[from] item: Leftovers\n|upkeep\n|turn|11\n|inactive|BigWes95 has 120 seconds left.\n|\n|t:|1769446339\n|move|p2a: Uxie|Psychic|p1a: Altaria\n|-damage|p1a: Altaria|44/287\n|-unboost|p1a: Altaria|spd|1\n|move|p1a: Altaria|Roost|p1a: Altaria\n|-heal|p1a: Altaria|188/287\n|-singleturn|p1a: Altaria|move: Roost\n|\n|-weather|none\n|upkeep\n|turn|12\n|\n|t:|1769446352\n|move|p2a: Uxie|U-turn|p1a: Altaria\n|-resisted|p1a: Altaria\n|-damage|p1a: Altaria|170/287\n|\n|t:|1769446358\n|switch|p2a: Vanilluxe|Vanilluxe, L86, F|262/262|[from] U-turn\n|-weather|Hail|[from] ability: Snow Warning|[of] p2a: Vanilluxe\n|move|p1a: Altaria|Roost|p1a: Altaria\n|-heal|p1a: Altaria|287/287\n|-singleturn|p1a: Altaria|move: Roost\n|\n|-weather|Hail|[upkeep]\n|-damage|p1a: Altaria|270/287|[from] Hail\n|upkeep\n|turn|13\n|\n|t:|1769446369\n|switch|p1a: Mamoswine|Mamoswine, L79, F|212/303\n|move|p2a: Vanilluxe|Blizzard|p1a: Mamoswine\n|-damage|p1a: Mamoswine|122/303\n|\n|-weather|Hail|[upkeep]\n|upkeep\n|turn|14\n|\n|t:|1769446375\n|move|p2a: Vanilluxe|Flash Cannon|p1a: Mamoswine\n|-supereffective|p1a: Mamoswine\n|-damage|p1a: Mamoswine|0 fnt\n|faint|p1a: Mamoswine\n|\n|-weather|Hail|[upkeep]\n|upkeep\n|\n|t:|1769446379\n|switch|p1a: Sableye|Sableye, L86, M|226/226\n|turn|15\n|\n|t:|1769446389\n|move|p1a: Sableye|Calm Mind|p1a: Sableye\n|-boost|p1a: Sableye|spa|1\n|-boost|p1a: Sableye|spd|1\n|move|p2a: Vanilluxe|Blizzard|p1a: Sableye\n|-damage|p1a: Sableye|124/226\n|\n|-weather|Hail|[upkeep]\n|-damage|p1a: Sableye|110/226|[from] Hail\n|upkeep\n|turn|16\n|\n|t:|1769446392\n|switch|p2a: Stoutland|Stoutland, L86, M|286/286\n|move|p1a: Sableye|Recover|p1a: Sableye\n|-heal|p1a: Sableye|223/226\n|\n|-weather|none\n|upkeep\n|turn|17\n|\n|t:|1769446408\n|move|p1a: Sableye|Will-O-Wisp|p2a: Stoutland\n|-status|p2a: Stoutland|brn\n|move|p2a: Stoutland|Superpower|p1a: Sableye\n|-supereffective|p1a: Sableye\n|-damage|p1a: Sableye|118/226\n|-unboost|p2a: Stoutland|atk|1\n|-unboost|p2a: Stoutland|def|1\n|\n|-damage|p2a: Stoutland|269/286 brn|[from] brn\n|upkeep\n|turn|18\n|\n|t:|1769446420\n|switch|p2a: Charizard|Charizard, L76, F|243/243\n|move|p1a: Sableye|Calm Mind|p1a: Sableye\n|-boost|p1a: Sableye|spa|1\n|-boost|p1a: Sableye|spd|1\n|\n|upkeep\n|turn|19\n|\n|t:|1769446431\n|switch|p2a: Stoutland|Stoutland, L86, M|269/286 brn\n|detailschange|p1a: Sableye|Sableye-Mega, L86, M\n|-mega|p1a: Sableye|Sableye|Sablenite\n|move|p1a: Sableye|Dark Pulse|p2a: Stoutland\n|-damage|p2a: Stoutland|122/286 brn\n|\n|-damage|p2a: Stoutland|105/286 brn|[from] brn\n|upkeep\n|turn|20\n|\n|t:|1769446435\n|move|p2a: Stoutland|Facade|p1a: Sableye\n|-damage|p1a: Sableye|0 fnt\n|faint|p1a: Sableye\n|detailschange|p1: Sableye|Sableye, L86, M|[silent]\n|\n|-damage|p2a: Stoutland|88/286 brn|[from] brn\n|upkeep\n|\n|t:|1769446439\n|switch|p1a: Omastar|Omastar, L84, F|254/254\n|turn|21\n|\n|t:|1769446445\n|switch|p2a: Uxie|Uxie, L82|257/257\n|move|p1a: Omastar|Shell Smash|p1a: Omastar\n|-unboost|p1a: Omastar|def|1\n|-unboost|p1a: Omastar|spd|1\n|-boost|p1a: Omastar|atk|2\n|-boost|p1a: Omastar|spa|2\n|-boost|p1a: Omastar|spe|2\n|-enditem|p1a: Omastar|White Herb\n|-clearnegativeboost|p1a: Omastar|[silent]\n|\n|upkeep\n|turn|22\n|\n|t:|1769446449\n|move|p1a: Omastar|Hydro Pump|p2a: Uxie|[miss]\n|-miss|p1a: Omastar|p2a: Uxie\n|move|p2a: Uxie|Toxic|p1a: Omastar\n|-status|p1a: Omastar|tox\n|\n|-damage|p1a: Omastar|239/254 tox|[from] psn\n|upkeep\n|turn|23\n|\n|t:|1769446452\n|move|p1a: Omastar|Hydro Pump|p2a: Uxie\n|-damage|p2a: Uxie|68/257\n|move|p2a: Uxie|Psychic|p1a: Omastar\n|-damage|p1a: Omastar|154/254 tox\n|\n|-heal|p2a: Uxie|84/257|[from] item: Leftovers\n|-damage|p1a: Omastar|124/254 tox|[from] psn\n|upkeep\n|turn|24\n|\n|t:|1769446459\n|switch|p2a: Stoutland|Stoutland, L86, M|88/286 brn\n|move|p1a: Omastar|Ice Beam|p2a: Stoutland\n|-damage|p2a: Stoutland|0 fnt\n|faint|p2a: Stoutland\n|\n|-damage|p1a: Omastar|79/254 tox|[from] psn\n|upkeep\n|\n|t:|1769446462\n|switch|p2a: Audino|Audino, L91, M|335/335 tox\n|turn|25\n|\n|t:|1769446465\n|move|p1a: Omastar|Hydro Pump|p2a: Audino|[miss]\n|-miss|p1a: Omastar|p2a: Audino\n|move|p2a: Audino|Wish|p2a: Audino\n|\n|-damage|p1a: Omastar|19/254 tox|[from] psn\n|-damage|p2a: Audino|315/335 tox|[from] psn\n|upkeep\n|turn|26\n|\n|t:|1769446469\n|move|p2a: Audino|Protect|p2a: Audino\n|-singleturn|p2a: Audino|Protect\n|move|p1a: Omastar|Hydro Pump|p2a: Audino\n|-activate|p2a: Audino|move: Protect\n|\n|-heal|p2a: Audino|335/335 tox|[from] move: Wish|[wisher] Audino\n|-damage|p1a: Omastar|0 fnt|[from] psn\n|faint|p1a: Omastar\n|-damage|p2a: Audino|295/335 tox|[from] psn\n|upkeep\n|\n|t:|1769446473\n|switch|p1a: Leafeon|Leafeon, L88, M|178/258\n|turn|27\n|\n|t:|1769446477\n|switch|p2a: Vanilluxe|Vanilluxe, L86, F|262/262\n|-weather|Hail|[from] ability: Snow Warning|[of] p2a: Vanilluxe\n|move|p1a: Leafeon|Substitute|p1a: Leafeon\n|-start|p1a: Leafeon|Substitute\n|-damage|p1a: Leafeon|114/258\n|\n|-weather|Hail|[upkeep]\n|-damage|p1a: Leafeon|98/258|[from] Hail\n|-heal|p1a: Leafeon|114/258|[from] item: Leftovers\n|upkeep\n|turn|28\n|\n|t:|1769446480\n|move|p1a: Leafeon|Knock Off|p2a: Vanilluxe\n|-damage|p2a: Vanilluxe|177/262\n|-enditem|p2a: Vanilluxe|Assault Vest|[from] move: Knock Off|[of] p1a: Leafeon\n|move|p2a: Vanilluxe|Blizzard|p1a: Leafeon\n|-supereffective|p1a: Leafeon\n|-end|p1a: Leafeon|Substitute\n|\n|-weather|Hail|[upkeep]\n|-damage|p1a: Leafeon|98/258|[from] Hail\n|-heal|p1a: Leafeon|114/258|[from] item: Leftovers\n|upkeep\n|turn|29\n|\n|t:|1769446487\n|move|p1a: Leafeon|Leaf Blade|p2a: Vanilluxe\n|-crit|p2a: Vanilluxe\n|-damage|p2a: Vanilluxe|0 fnt\n|faint|p2a: Vanilluxe\n|\n|-weather|Hail|[upkeep]\n|-damage|p1a: Leafeon|98/258|[from] Hail\n|-heal|p1a: Leafeon|114/258|[from] item: Leftovers\n|upkeep\n|\n|t:|1769446492\n|switch|p2a: Charizard|Charizard, L76, F|243/243\n|turn|30\n|\n|t:|1769446497\n|switch|p1a: Altaria|Altaria, L92, M|270/287\n|detailschange|p2a: Charizard|Charizard-Mega-Y, L76, F\n|-mega|p2a: Charizard|Charizard|Charizardite Y\n|-weather|SunnyDay|[from] ability: Drought|[of] p2a: Charizard\n|move|p2a: Charizard|Fire Blast|p1a: Altaria\n|-resisted|p1a: Altaria\n|-damage|p1a: Altaria|191/287\n|\n|-weather|SunnyDay|[upkeep]\n|upkeep\n|turn|31\n|\n|t:|1769446501\n|move|p1a: Altaria|Roost|p1a: Altaria\n|-heal|p1a: Altaria|287/287\n|-singleturn|p1a: Altaria|move: Roost\n|move|p2a: Charizard|Dragon Pulse|p1a: Altaria\n|-supereffective|p1a: Altaria\n|-damage|p1a: Altaria|177/287\n|\n|-weather|SunnyDay|[upkeep]\n|upkeep\n|turn|32\n|\n|t:|1769446505\n|move|p1a: Altaria|Roost|p1a: Altaria\n|-heal|p1a: Altaria|287/287\n|-singleturn|p1a: Altaria|move: Roost\n|move|p2a: Charizard|Dragon Pulse|p1a: Altaria\n|-supereffective|p1a: Altaria\n|-damage|p1a: Altaria|173/287\n|\n|-weather|SunnyDay|[upkeep]\n|upkeep\n|turn|33\n|\n|t:|1769446514\n|move|p1a: Altaria|Toxic|p2a: Charizard\n|-status|p2a: Charizard|tox\n|move|p2a: Charizard|Dragon Pulse|p1a: Altaria\n|-supereffective|p1a: Altaria\n|-damage|p1a: Altaria|43/287\n|\n|-weather|SunnyDay|[upkeep]\n|-damage|p2a: Charizard|228/243 tox|[from] psn\n|upkeep\n|turn|34\n|\n|t:|1769446520\n|switch|p2a: Uxie|Uxie, L82|84/257\n|move|p1a: Altaria|Roost|p1a: Altaria\n|-heal|p1a: Altaria|187/287\n|-singleturn|p1a: Altaria|move: Roost\n|\n|-weather|none\n|-heal|p2a: Uxie|100/257|[from] item: Leftovers\n|upkeep\n|turn|35\n|\n|t:|1769446523\n|move|p2a: Uxie|Toxic|p1a: Altaria|[miss]\n|-miss|p2a: Uxie|p1a: Altaria\n|move|p1a: Altaria|Draco Meteor|p2a: Uxie\n|-damage|p2a: Uxie|4/257\n|-unboost|p1a: Altaria|spa|2\n|\n|-heal|p2a: Uxie|20/257|[from] item: Leftovers\n|upkeep\n|turn|36\n|\n|t:|1769446528\n|move|p2a: Uxie|Heal Bell|p2a: Uxie\n|-activate|p2a: Uxie|move: Heal Bell\n|-curestatus|p2: Audino|tox|[msg]\n|-curestatus|p2: Charizard|tox|[msg]\n|move|p1a: Altaria|Draco Meteor|p2a: Uxie\n|-damage|p2a: Uxie|0 fnt\n|-unboost|p1a: Altaria|spa|2\n|faint|p2a: Uxie\n|\n|upkeep\n|\n|t:|1769446535\n|switch|p2a: Charizard|Charizard-Mega-Y, L76, F|228/243\n|-weather|SunnyDay|[from] ability: Drought|[of] p2a: Charizard\n|turn|37\n|\n|t:|1769446538\n|move|p1a: Altaria|Toxic|p2a: Charizard\n|-status|p2a: Charizard|tox\n|move|p2a: Charizard|Dragon Pulse|p1a: Altaria\n|-supereffective|p1a: Altaria\n|-damage|p1a: Altaria|61/287\n|\n|-weather|SunnyDay|[upkeep]\n|-damage|p2a: Charizard|213/243 tox|[from] psn\n|upkeep\n|turn|38\n|\n|t:|1769446541\n|move|p1a: Altaria|Roost|p1a: Altaria\n|-heal|p1a: Altaria|205/287\n|-singleturn|p1a: Altaria|move: Roost\n|move|p2a: Charizard|Dragon Pulse|p1a: Altaria\n|-supereffective|p1a: Altaria\n|-damage|p1a: Altaria|89/287\n|\n|-weather|SunnyDay|[upkeep]\n|-damage|p2a: Charizard|183/243 tox|[from] psn\n|upkeep\n|turn|39\n|\n|t:|1769446543\n|switch|p2a: Audino|Audino, L91, M|335/335\n|move|p1a: Altaria|Roost|p1a: Altaria\n|-heal|p1a: Altaria|233/287\n|-singleturn|p1a: Altaria|move: Roost\n|\n|-weather|SunnyDay|[upkeep]\n|upkeep\n|turn|40\n|\n|t:|1769446546\n|move|p1a: Altaria|Toxic|p2a: Audino\n|-status|p2a: Audino|tox\n|move|p2a: Audino|Toxic|p1a: Altaria\n|-status|p1a: Altaria|tox\n|\n|-weather|SunnyDay|[upkeep]\n|-damage|p1a: Altaria|216/287 tox|[from] psn\n|-damage|p2a: Audino|315/335 tox|[from] psn\n|upkeep\n|turn|41\n|\n|t:|1769446551\n|-curestatus|p1a: Altaria|tox|[from] ability: Natural Cure\n|switch|p1a: Leafeon|Leafeon, L88, M|114/258\n|switch|p2a: Charizard|Charizard-Mega-Y, L76, F|183/243 tox\n|\n|-weather|none\n|-heal|p1a: Leafeon|130/258|[from] item: Leftovers\n|-damage|p2a: Charizard|168/243 tox|[from] psn\n|upkeep\n|turn|42\n|\n|t:|1769446554\n|move|p1a: Leafeon|Substitute|p1a: Leafeon\n|-start|p1a: Leafeon|Substitute\n|-damage|p1a: Leafeon|66/258\n|move|p2a: Charizard|Fire Blast|p1a: Leafeon\n|-supereffective|p1a: Leafeon\n|-end|p1a: Leafeon|Substitute\n|\n|-heal|p1a: Leafeon|82/258|[from] item: Leftovers\n|-damage|p2a: Charizard|138/243 tox|[from] psn\n|upkeep\n|turn|43\n|\n|t:|1769446559\n|move|p1a: Leafeon|Substitute|p1a: Leafeon\n|-start|p1a: Leafeon|Substitute\n|-damage|p1a: Leafeon|18/258\n|move|p2a: Charizard|Fire Blast|p1a: Leafeon\n|-supereffective|p1a: Leafeon\n|-end|p1a: Leafeon|Substitute\n|\n|-heal|p1a: Leafeon|34/258|[from] item: Leftovers\n|-damage|p2a: Charizard|93/243 tox|[from] psn\n|upkeep\n|turn|44\n|\n|t:|1769446567\n|switch|p1a: Altaria|Altaria, L92, M|216/287\n|move|p2a: Charizard|Dragon Pulse|p1a: Altaria\n|-supereffective|p1a: Altaria\n|-damage|p1a: Altaria|102/287\n|\n|-damage|p2a: Charizard|33/243 tox|[from] psn\n|upkeep\n|turn|45\n|\n|t:|1769446570\n|switch|p2a: Audino|Audino, L91, M|335/335 tox\n|move|p1a: Altaria|Roost|p1a: Altaria\n|-heal|p1a: Altaria|246/287\n|-singleturn|p1a: Altaria|move: Roost\n|\n|-damage|p2a: Audino|315/335 tox|[from] psn\n|upkeep\n|turn|46\n|\n|t:|1769446577\n|move|p1a: Altaria|Draco Meteor|p2a: Audino\n|-damage|p2a: Audino|201/335 tox\n|-unboost|p1a: Altaria|spa|2\n|move|p2a: Audino|Toxic|p1a: Altaria\n|-status|p1a: Altaria|tox\n|\n|-damage|p1a: Altaria|229/287 tox|[from] psn\n|-damage|p2a: Audino|161/335 tox|[from] psn\n|upkeep\n|turn|47\n|\n|t:|1769446584\n|-curestatus|p1a: Altaria|tox|[from] ability: Natural Cure\n|switch|p1a: Leafeon|Leafeon, L88, M|34/258\n|move|p2a: Audino|Wish|p2a: Audino\n|\n|-heal|p1a: Leafeon|50/258|[from] item: Leftovers\n|-damage|p2a: Audino|101/335 tox|[from] psn\n|upkeep\n|turn|48\n|\n|t:|1769446591\n|switch|p2a: Charizard|Charizard-Mega-Y, L76, F|33/243 tox\n|-weather|SunnyDay|[from] ability: Drought|[of] p2a: Charizard\n|move|p1a: Leafeon|Knock Off|p2a: Charizard\n|-damage|p2a: Charizard|0 fnt\n|faint|p2a: Charizard\n|detailschange|p2: Charizard|Charizard, L76, F|[silent]\n|\n|-weather|SunnyDay|[upkeep]\n|-heal|p1a: Leafeon|66/258|[from] item: Leftovers\n|upkeep\n|-message|BigWes95 forfeited.\n|\n|win|Kurochan3\n|raw|Kurochan3's rating: 1802 &rarr; <strong>1824</strong><br />(+22 for winning)\n|raw|BigWes95's rating: 1837 &rarr; <strong>1815</strong><br />(-22 for losing)\n", "inputlog": ">version b99ff0165a6231f17e8b78c2a78d1998375de664\n>start {\"formatid\":\"gen7randombattle\",\"seed\":\"sodium,adbdc6316c5dd751a9182b880c0cdf9e\",\"rated\":\"Rated battle\"}\n>player p1 {\"name\":\"Kurochan3\",\"avatar\":\"cynthia-gen4\",\"rating\":1802,\"seed\":\"sodium,b5062e6dc08d5963511c2168cef4ad85\"}\n>player p2 {\"name\":\"BigWes95\",\"avatar\":\"#rbtt9hoopers2\",\"rating\":1826,\"seed\":\"sodium,b1c338a2c7236f13b014fae448a215bf\"}\n>p1 switch 3\n>p2 move toxic\n>p1 move toxic\n>p2 move knockoff\n>p1 switch 6\n>p2 move wish\n>p1 move substitute\n>p2 move toxic\n>p1 move swordsdance\n>p2 switch 6\n>p1 move knockoff\n>p2 move signalbeam\n>p2 switch 5\n>p1 move substitute\n>p2 move blizzard\n>chat ☆Kurochan3|!dt vanilluxe\n>p1 switch 5\n>p2 move blizzard\n>p1 move earthquake\n>p2 switch 4\n>p1 switch 6\n>p2 move psychic\n>p1 move roost\n>p2 move psychic\n>p1 move roost\n>p2 move uturn\n>p2 switch 4\n>p1 switch 6\n>p2 move blizzard\n>p1 move knockoff\n>p2 move flashcannon\n>p1 switch 4\n>p1 move calmmind\n>p2 move blizzard\n>p1 move recover\n>p2 switch 2\n>p1 move willowisp\n>p2 move superpower\n>p1 move calmmind\n>p2 switch 3\n>p1 move darkpulse mega\n>p2 switch 3\n>p1 move recover\n>p2 move facade\n>p1 switch 3\n>p1 move shellsmash\n>p2 switch 4\n>p1 move hydropump\n>p2 move toxic\n>p1 move hydropump\n>p2 move psychic\n>p1 move icebeam\n>p2 switch 4\n>p2 switch 6\n>p1 move hydropump\n>p2 move wish\n>p1 move hydropump\n>p2 move protect\n>p1 switch 5\n>p1 move substitute\n>p2 switch 2\n>p1 move knockoff\n>p2 move blizzard\n>p1 move leafblade\n>p2 move blizzard\n>p2 switch 3\n>p1 switch 6\n>p2 move fireblast mega\n>p1 move roost\n>p2 move dragonpulse\n>p1 move roost\n>p2 move dragonpulse\n>p1 move toxic\n>p2 move dragonpulse\n>p1 move roost\n>p2 switch 4\n>p1 move dracometeor\n>p2 move toxic\n>p1 move dracometeor\n>p2 move healbell\n>p2 switch 4\n>p1 move toxic\n>p2 move dragonpulse\n>p1 move roost\n>p2 move dragonpulse\n>p1 move roost\n>p2 switch 2\n>p1 move toxic\n>p2 move toxic\n>p1 switch 6\n>p2 switch 2\n>p1 move substitute\n>p2 move fireblast\n>p1 move substitute\n>p2 move fireblast\n>p1 switch 6\n>p2 move dragonpulse\n>p1 move roost\n>p2 switch 2\n>p1 move dracometeor\n>p2 move toxic\n>p1 switch 6\n>p2 move wish\n>p1 move knockoff\n>p2 switch 2\n>forcelose p2", "uploadtime": 1769446615, "views": 190, "formatid": "gen7randombattle", "rating": 1815, "private": 0, "password": null}