{"id": "gen7randombattle-2529945309", "format": "[Gen 7] Random Battle", "players": ["aurora ltd", "Petilil37"], "log": "|j|☆aurora ltd\n|j|‽Petilil37\n|t:|1769850875\n|gametype|singles\n|player|p1|aurora ltd|silver-gen2kanto|1604\n|player|p2|Petilil37|169|1730\n|gen|7\n|tier|[Gen 7] Random Battle\n|rated|\n|rule|Sleep Clause Mod: Limit one foe put to sleep\n|rule|HP Percentage Mod: HP is shown in percentages\n|rule|Illusion Level Mod: Illusion disguises the Pokémon's true level\n|\n|t:|1769850875\n|teamsize|p1|6\n|teamsize|p2|6\n|start\n|switch|p1a: Glaceon|Glaceon, L90, M|263/263\n|switch|p2a: Plusle|Plusle, L95, M|268/268\n|turn|1\n|\n|t:|1769850903\n|move|p2a: Plusle|Nasty Plot|p2a: Plusle\n|-boost|p2a: Plusle|spa|2\n|move|p1a: Glaceon|Toxic|p2a: Plusle\n|-status|p2a: Plusle|tox\n|\n|-damage|p2a: Plusle|252/268 tox|[from] psn\n|upkeep\n|turn|2\n|\n|t:|1769850913\n|move|p2a: Plusle|Thunderbolt|p1a: Glaceon\n|-damage|p1a: Glaceon|13/263\n|-status|p1a: Glaceon|par\n|-damage|p2a: Plusle|226/268 tox|[from] item: Life Orb\n|move|p1a: Glaceon|Ice Beam|p2a: Plusle\n|-damage|p2a: Plusle|93/268 tox\n|\n|-heal|p1a: Glaceon|29/263 par|[from] item: Leftovers\n|-damage|p2a: Plusle|61/268 tox|[from] psn\n|upkeep\n|turn|3\n|\n|t:|1769850928\n|move|p1a: Glaceon|Protect|p1a: Glaceon\n|-singleturn|p1a: Glaceon|Protect\n|move|p2a: Plusle|Hidden Power|p1a: Glaceon\n|-activate|p1a: Glaceon|move: Protect\n|\n|-heal|p1a: Glaceon|45/263 par|[from] item: Leftovers\n|-damage|p2a: Plusle|13/268 tox|[from] psn\n|upkeep\n|turn|4\n|\n|t:|1769850937\n|cant|p1a: Glaceon|par\n|move|p2a: Plusle|Thunderbolt|p1a: Glaceon\n|-damage|p1a: Glaceon|0 fnt\n|faint|p1a: Glaceon\n|-damage|p2a: Plusle|0 fnt|[from] item: Life Orb\n|faint|p2a: Plusle\n|\n|upkeep\n|\n|t:|1769850950\n|switch|p2a: Yanmega|Yanmega, L82, M|275/275\n|switch|p1a: Golisopod|Golisopod, L84, M|260/260\n|turn|5\n|\n|t:|1769850977\n|switch|p1a: Barbaracle|Barbaracle, L81, F|249/249\n|move|p2a: Yanmega|Air Slash|p1a: Barbaracle\n|-resisted|p1a: Barbaracle\n|-damage|p1a: Barbaracle|185/249\n|-damage|p2a: Yanmega|248/275|[from] item: Life Orb\n|\n|-ability|p2a: Yanmega|Speed Boost|boost\n|-boost|p2a: Yanmega|spe|1\n|upkeep\n|turn|6\n|\n|t:|1769851002\n|move|p2a: Yanmega|Bug Buzz|p1a: Barbaracle\n|-damage|p1a: Barbaracle|37/249\n|-damage|p2a: Yanmega|221/275|[from] item: Life Orb\n|move|p1a: Barbaracle|Stone Edge|p2a: Yanmega\n|-supereffective|p2a: Yanmega\n|-damage|p2a: Yanmega|0 fnt\n|faint|p2a: Yanmega\n|\n|upkeep\n|\n|t:|1769851005\n|switch|p2a: Drapion|Drapion, L83, M|252/252\n|turn|7\n|\n|t:|1769851014\n|move|p2a: Drapion|Knock Off|p1a: Barbaracle\n|-damage|p1a: Barbaracle|0 fnt\n|-enditem|p1a: Barbaracle|White Herb|[from] move: Knock Off|[of] p2a: Drapion\n|faint|p1a: Barbaracle\n|\n|upkeep\n|\n|t:|1769851033\n|switch|p1a: Golisopod|Golisopod, L84, M|260/260\n|turn|8\n|\n|t:|1769851044\n|move|p1a: Golisopod|First Impression|p2a: Drapion\n|-damage|p2a: Drapion|155/252\n|move|p2a: Drapion|Knock Off|p1a: Golisopod\n|-damage|p1a: Golisopod|164/260\n|-enditem|p1a: Golisopod|Sitrus Berry|[from] move: Knock Off|[of] p2a: Drapion\n|\n|upkeep\n|turn|9\n|\n|t:|1769851054\n|move|p2a: Drapion|Knock Off|p1a: Golisopod\n|-damage|p1a: Golisopod|103/260\n|-activate|p1a: Golisopod|ability: Emergency Exit\n|\n|t:|1769851064\n|switch|p1a: Mamoswine|Mamoswine, L79, F|303/303\n|\n|upkeep\n|turn|10\n|\n|t:|1769851094\n|move|p2a: Drapion|Knock Off|p1a: Mamoswine\n|-damage|p1a: Mamoswine|134/303\n|-enditem|p1a: Mamoswine|Choice Band|[from] move: Knock Off|[of] p2a: Drapion\n|move|p1a: Mamoswine|Earthquake|p2a: Drapion\n|-supereffective|p2a: Drapion\n|-damage|p2a: Drapion|0 fnt\n|faint|p2a: Drapion\n|\n|upkeep\n|\n|t:|1769851095\n|switch|p2a: Tapu Fini|Tapu Fini, L80|243/243\n|-fieldstart|move: Misty Terrain|[from] ability: Misty Surge|[of] p2a: Tapu Fini\n|turn|11\n|\n|t:|1769851138\n|move|p2a: Tapu Fini|Calm Mind|p2a: Tapu Fini\n|-boost|p2a: Tapu Fini|spa|1\n|-boost|p2a: Tapu Fini|spd|1\n|move|p1a: Mamoswine|Earthquake|p2a: Tapu Fini\n|-damage|p2a: Tapu Fini|134/243\n|\n|-heal|p2a: Tapu Fini|149/243|[from] item: Leftovers\n|upkeep\n|turn|12\n|\n|t:|1769851147\n|move|p1a: Mamoswine|Ice Shard|p2a: Tapu Fini\n|-resisted|p2a: Tapu Fini\n|-crit|p2a: Tapu Fini\n|-damage|p2a: Tapu Fini|119/243\n|move|p2a: Tapu Fini|Moonblast|p1a: Mamoswine\n|-damage|p1a: Mamoswine|0 fnt\n|faint|p1a: Mamoswine\n|\n|-heal|p2a: Tapu Fini|134/243|[from] item: Leftovers\n|upkeep\n|\n|t:|1769851159\n|switch|p1a: Mimikyu|Mimikyu, L73, M|201/201\n|turn|13\n|\n|t:|1769851181\n|move|p1a: Mimikyu|Swords Dance|p1a: Mimikyu\n|-boost|p1a: Mimikyu|atk|2\n|move|p2a: Tapu Fini|Moonblast|p1a: Mimikyu\n|-activate|p1a: Mimikyu|ability: Disguise\n|-damage|p1a: Mimikyu|201/201\n|detailschange|p1a: Mimikyu|Mimikyu-Busted, L73, M\n|\n|-heal|p2a: Tapu Fini|149/243|[from] item: Leftovers\n|upkeep\n|turn|14\n|\n|t:|1769851200\n|switch|p2a: Dustox|Dustox, L96, M|271/271\n|-zpower|p1a: Mimikyu\n|move|p1a: Mimikyu|Let's Snuggle Forever|p2a: Dustox|[zeffect]\n|-resisted|p2a: Dustox\n|-damage|p2a: Dustox|110/271\n|\n|-heal|p2a: Dustox|126/271|[from] item: Black Sludge\n|upkeep\n|turn|15\n|\n|t:|1769851229\n|switch|p1a: Heatmor|Heatmor, L93, F|309/309\n|move|p2a: Dustox|Quiver Dance|p2a: Dustox\n|-boost|p2a: Dustox|spa|1\n|-boost|p2a: Dustox|spd|1\n|-boost|p2a: Dustox|spe|1\n|\n|-heal|p2a: Dustox|142/271|[from] item: Black Sludge\n|-fieldend|Misty Terrain\n|upkeep\n|turn|16\n|\n|t:|1769851239\n|switch|p2a: Tapu Fini|Tapu Fini, L80|149/243\n|-fieldstart|move: Misty Terrain|[from] ability: Misty Surge|[of] p2a: Tapu Fini\n|move|p1a: Heatmor|Fire Blast|p2a: Tapu Fini|[miss]\n|-miss|p1a: Heatmor|p2a: Tapu Fini\n|\n|-heal|p2a: Tapu Fini|164/243|[from] item: Leftovers\n|upkeep\n|turn|17\n|\n|t:|1769851263\n|move|p2a: Tapu Fini|Calm Mind|p2a: Tapu Fini\n|-boost|p2a: Tapu Fini|spa|1\n|-boost|p2a: Tapu Fini|spd|1\n|move|p1a: Heatmor|Giga Drain|p2a: Tapu Fini\n|-supereffective|p2a: Tapu Fini\n|-damage|p2a: Tapu Fini|68/243\n|-damage|p1a: Heatmor|279/309|[from] item: Life Orb\n|\n|-heal|p2a: Tapu Fini|83/243|[from] item: Leftovers\n|upkeep\n|turn|18\n|\n|t:|1769851272\n|move|p2a: Tapu Fini|Hydro Pump|p1a: Heatmor\n|-supereffective|p1a: Heatmor\n|-damage|p1a: Heatmor|0 fnt\n|faint|p1a: Heatmor\n|\n|-heal|p2a: Tapu Fini|98/243|[from] item: Leftovers\n|upkeep\n|\n|t:|1769851279\n|switch|p1a: Mimikyu|Mimikyu-Busted, L73, M|201/201\n|turn|19\n|\n|t:|1769851300\n|move|p1a: Mimikyu|Swords Dance|p1a: Mimikyu\n|-boost|p1a: Mimikyu|atk|2\n|move|p2a: Tapu Fini|Moonblast|p1a: Mimikyu\n|-damage|p1a: Mimikyu|66/201\n|\n|-heal|p2a: Tapu Fini|113/243|[from] item: Leftovers\n|upkeep\n|turn|20\n|\n|t:|1769851307\n|move|p1a: Mimikyu|Play Rough|p2a: Tapu Fini\n|-damage|p2a: Tapu Fini|4/243\n|move|p2a: Tapu Fini|Moonblast|p1a: Mimikyu\n|-damage|p1a: Mimikyu|0 fnt\n|faint|p1a: Mimikyu\n|detailschange|p1: Mimikyu|Mimikyu, L73, M|[silent]\n|\n|-heal|p2a: Tapu Fini|19/243|[from] item: Leftovers\n|-fieldend|Misty Terrain\n|upkeep\n|\n|t:|1769851316\n|switch|p1a: Golisopod|Golisopod, L84, M|103/260\n|turn|21\n|\n|t:|1769851321\n|move|p1a: Golisopod|First Impression|p2a: Tapu Fini\n|-resisted|p2a: Tapu Fini\n|-damage|p2a: Tapu Fini|0 fnt\n|faint|p2a: Tapu Fini\n|\n|upkeep\n|\n|t:|1769851323\n|switch|p2a: Dustox|Dustox, L96, M|142/271\n|turn|22\n|\n|t:|1769851328\n|move|p2a: Dustox|Sludge Bomb|p1a: Golisopod\n|-damage|p1a: Golisopod|28/260\n|-status|p1a: Golisopod|psn\n|move|p1a: Golisopod|Liquidation|p2a: Dustox\n|-damage|p2a: Dustox|34/271\n|\n|-heal|p2a: Dustox|50/271|[from] item: Black Sludge\n|-damage|p1a: Golisopod|0 fnt|[from] psn\n|faint|p1a: Golisopod\n|\n|win|Petilil37\n|raw|aurora ltd's rating: 1604 &rarr; <strong>1589</strong><br />(-15 for losing)\n|raw|Petilil37's rating: 1697 &rarr; <strong>1712</strong><br />(+15 for winning)\n", "inputlog": ">version b99ff0165a6231f17e8b78c2a78d1998375de664\n>start {\"formatid\":\"gen7randombattle\",\"seed\":\"sodium,ecf484f80b63ca62e7e45613d60c000e\",\"rated\":\"Rated battle\"}\n>player p1 {\"name\":\"aurora ltd\",\"avatar\":\"silver-gen2kanto\",\"rating\":1604,\"seed\":\"sodium,a158c3d7f8f03da12af7c16dae1777b5\"}\n>player p2 {\"name\":\"Petilil37\",\"avatar\":\"169\",\"rating\":1730,\"seed\":\"sodium,1e0d97263d60f00d578c186429a2b7cd\"}\n>p1 move toxic\n>p2 move nastyplot\n>p1 move icebeam\n>p2 move thunderbolt\n>p1 move protect\n>p2 move hiddenpower\n>p1 move protect\n>p2 move thunderbolt\n>p1 switch 3\n>p2 switch 5\n>p1 switch 2\n>p2 move airslash\n>p1 move stoneedge\n>p2 move bugbuzz\n>p2 switch 4\n>p1 move shellsmash\n>p2 move knockoff\n>p1 switch 2\n>p1 move firstimpression\n>p2 move knockoff\n>p1 move spikes\n>p2 move knockoff\n>p1 switch 5\n>p1 move earthquake\n>p2 move knockoff\n>p2 switch 3\n>p1 move earthquake\n>p2 move calmmind\n>p1 move iceshard\n>p2 move moonblast\n>p1 switch 4\n>p1 move swordsdance\n>p2 move moonblast\n>p1 move playrough zmove\n>p2 switch 6\n>p1 switch 6\n>p2 move quiverdance\n>p1 move fireblast\n>p2 switch 6\n>p1 move gigadrain\n>p2 move calmmind\n>p1 move gigadrain\n>p2 move hydropump\n>p1 switch 6\n>p1 move swordsdance\n>p2 move moonblast\n>p1 move playrough\n>p2 move moonblast\n>p1 switch 5\n>p1 move firstimpression\n>p2 move moonblast\n>p2 switch 6\n>p1 move liquidation\n>p2 move sludgebomb", "uploadtime": 1769851342, "views": 179, "formatid": "gen7randombattle", "rating": 1589, "private": 0, "password": null}