{"id": "gen7randombattle-2530556995", "format": "[Gen 7] Random Battle", "players": ["Johnald714", "bis butch"], "log": "|j|☆Johnald714\n|j|☆bis butch\n|t:|1769938809\n|gametype|singles\n|player|p1|Johnald714|102|1532\n|player|p2|bis butch|bruno|1683\n|gen|7\n|tier|[Gen 7] Random Battle\n|rated|\n|rule|Sleep Clause Mod: Limit one foe put to sleep\n|rule|HP Percentage Mod: HP is shown in percentages\n|rule|Illusion Level Mod: Illusion disguises the Pokémon's true level\n|\n|t:|1769938809\n|teamsize|p1|6\n|teamsize|p2|6\n|start\n|switch|p1a: Simisear|Simisear, L89, M|278/278\n|switch|p2a: Leafeon|Leafeon, L88, M|258/258\n|turn|1\n|inactive|Battle timer is ON: inactive players will automatically lose when time's up. (requested by bis butch)\n|inactive|bis butch has 120 seconds left.\n|\n|t:|1769938847\n|switch|p2a: Jellicent|Jellicent, L88, M|319/319\n|move|p1a: Simisear|Fire Blast|p2a: Jellicent\n|-resisted|p2a: Jellicent\n|-damage|p2a: Jellicent|251/319\n|-status|p2a: Jellicent|brn\n|-damage|p1a: Simisear|251/278|[from] item: Life Orb\n|\n|-heal|p2a: Jellicent|270/319 brn|[from] item: Leftovers\n|-damage|p2a: Jellicent|251/319 brn|[from] brn\n|upkeep\n|turn|2\n|\n|t:|1769938858\n|switch|p1a: Sylveon|Sylveon, L85, M|300/300\n|move|p2a: Jellicent|Scald|p1a: Sylveon\n|-crit|p1a: Sylveon\n|-damage|p1a: Sylveon|204/300\n|\n|-heal|p2a: Jellicent|270/319 brn|[from] item: Leftovers\n|-heal|p1a: Sylveon|222/300|[from] item: Leftovers\n|-damage|p2a: Jellicent|251/319 brn|[from] brn\n|upkeep\n|turn|3\n|\n|t:|1769938864\n|move|p2a: Jellicent|Taunt|p1a: Sylveon\n|-start|p1a: Sylveon|move: Taunt\n|move|p1a: Sylveon|Hyper Voice|p2a: Jellicent\n|-damage|p2a: Jellicent|139/319 brn\n|\n|-heal|p2a: Jellicent|158/319 brn|[from] item: Leftovers\n|-heal|p1a: Sylveon|240/300|[from] item: Leftovers\n|-damage|p2a: Jellicent|139/319 brn|[from] brn\n|upkeep\n|turn|4\n|\n|t:|1769938881\n|move|p2a: Jellicent|Recover|p2a: Jellicent\n|-heal|p2a: Jellicent|299/319 brn\n|move|p1a: Sylveon|Hyper Voice|p2a: Jellicent\n|-damage|p2a: Jellicent|193/319 brn\n|\n|-heal|p2a: Jellicent|212/319 brn|[from] item: Leftovers\n|-heal|p1a: Sylveon|258/300|[from] item: Leftovers\n|-damage|p2a: Jellicent|193/319 brn|[from] brn\n|upkeep\n|turn|5\n|\n|t:|1769938888\n|move|p2a: Jellicent|Scald|p1a: Sylveon\n|-damage|p1a: Sylveon|195/300\n|move|p1a: Sylveon|Hyper Voice|p2a: Jellicent\n|-damage|p2a: Jellicent|75/319 brn\n|\n|-heal|p2a: Jellicent|94/319 brn|[from] item: Leftovers\n|-heal|p1a: Sylveon|213/300|[from] item: Leftovers\n|-damage|p2a: Jellicent|75/319 brn|[from] brn\n|-end|p1a: Sylveon|move: Taunt\n|upkeep\n|turn|6\n|\n|t:|1769938891\n|move|p2a: Jellicent|Recover|p2a: Jellicent\n|-heal|p2a: Jellicent|235/319 brn\n|move|p1a: Sylveon|Calm Mind|p1a: Sylveon\n|-boost|p1a: Sylveon|spa|1\n|-boost|p1a: Sylveon|spd|1\n|\n|-heal|p2a: Jellicent|254/319 brn|[from] item: Leftovers\n|-heal|p1a: Sylveon|231/300|[from] item: Leftovers\n|-damage|p2a: Jellicent|235/319 brn|[from] brn\n|upkeep\n|turn|7\n|\n|t:|1769938898\n|switch|p2a: Emboar|Emboar, L85, F|326/326\n|move|p1a: Sylveon|Hyper Voice|p2a: Emboar\n|-damage|p2a: Emboar|176/326\n|\n|-heal|p1a: Sylveon|249/300|[from] item: Leftovers\n|upkeep\n|turn|8\n|\n|t:|1769938907\n|switch|p1a: Suicune|Suicune, L82|298/298\n|-ability|p1a: Suicune|Pressure\n|move|p2a: Emboar|Flare Blitz|p1a: Suicune\n|-resisted|p1a: Suicune\n|-damage|p1a: Suicune|226/298\n|-damage|p2a: Emboar|152/326|[from] Recoil\n|\n|-heal|p1a: Suicune|244/298|[from] item: Leftovers\n|upkeep\n|turn|9\n|\n|t:|1769938920\n|switch|p1a: Bisharp|Bisharp, L82, M|241/241\n|switch|p2a: Jellicent|Jellicent, L88, M|235/319 brn\n|\n|-heal|p2a: Jellicent|254/319 brn|[from] item: Leftovers\n|-damage|p2a: Jellicent|235/319 brn|[from] brn\n|upkeep\n|turn|10\n|\n|t:|1769938930\n|switch|p2a: Leafeon|Leafeon, L88, M|258/258\n|move|p1a: Bisharp|Knock Off|p2a: Leafeon\n|-damage|p2a: Leafeon|153/258\n|-enditem|p2a: Leafeon|Leftovers|[from] move: Knock Off|[of] p1a: Bisharp\n|\n|upkeep\n|turn|11\n|\n|t:|1769938941\n|switch|p1a: Simisear|Simisear, L89, M|251/278\n|move|p2a: Leafeon|Substitute|p2a: Leafeon\n|-start|p2a: Leafeon|Substitute\n|-damage|p2a: Leafeon|89/258\n|\n|upkeep\n|turn|12\n|\n|t:|1769938945\n|move|p1a: Simisear|Fire Blast|p2a: Leafeon\n|-supereffective|p2a: Leafeon\n|-end|p2a: Leafeon|Substitute\n|-damage|p1a: Simisear|224/278|[from] item: Life Orb\n|move|p2a: Leafeon|Knock Off|p1a: Simisear\n|-damage|p1a: Simisear|124/278\n|-enditem|p1a: Simisear|Life Orb|[from] move: Knock Off|[of] p2a: Leafeon\n|\n|upkeep\n|turn|13\n|\n|t:|1769938962\n|switch|p2a: Jellicent|Jellicent, L88, M|235/319 brn\n|move|p1a: Simisear|Fire Blast|p2a: Jellicent\n|-resisted|p2a: Jellicent\n|-damage|p2a: Jellicent|180/319 brn\n|\n|-heal|p2a: Jellicent|199/319 brn|[from] item: Leftovers\n|-damage|p2a: Jellicent|180/319 brn|[from] brn\n|upkeep\n|turn|14\n|\n|t:|1769938974\n|switch|p1a: Sylveon|Sylveon, L85, M|249/300\n|move|p2a: Jellicent|Scald|p1a: Sylveon\n|-damage|p1a: Sylveon|191/300\n|\n|-heal|p2a: Jellicent|199/319 brn|[from] item: Leftovers\n|-heal|p1a: Sylveon|209/300|[from] item: Leftovers\n|-damage|p2a: Jellicent|180/319 brn|[from] brn\n|upkeep\n|turn|15\n|\n|t:|1769938981\n|move|p2a: Jellicent|Taunt|p1a: Sylveon\n|-start|p1a: Sylveon|move: Taunt\n|move|p1a: Sylveon|Hyper Voice|p2a: Jellicent\n|-damage|p2a: Jellicent|69/319 brn\n|\n|-heal|p2a: Jellicent|88/319 brn|[from] item: Leftovers\n|-heal|p1a: Sylveon|227/300|[from] item: Leftovers\n|-damage|p2a: Jellicent|69/319 brn|[from] brn\n|upkeep\n|turn|16\n|\n|t:|1769938992\n|switch|p1a: Bisharp|Bisharp, L82, M|241/241\n|move|p2a: Jellicent|Recover|p2a: Jellicent\n|-heal|p2a: Jellicent|229/319 brn\n|\n|-heal|p2a: Jellicent|248/319 brn|[from] item: Leftovers\n|-damage|p2a: Jellicent|229/319 brn|[from] brn\n|upkeep\n|turn|17\n|\n|t:|1769938995\n|switch|p2a: Sawk|Sawk, L86, M|269/269\n|move|p1a: Bisharp|Knock Off|p2a: Sawk\n|-resisted|p2a: Sawk\n|-damage|p2a: Sawk|195/269\n|-enditem|p2a: Sawk|Leftovers|[from] move: Knock Off|[of] p1a: Bisharp\n|\n|upkeep\n|turn|18\n|\n|t:|1769939005\n|switch|p2a: Emboar|Emboar, L85, F|152/326\n|switch|p1a: Sylveon|Sylveon, L85, M|227/300\n|\n|-heal|p1a: Sylveon|245/300|[from] item: Leftovers\n|upkeep\n|turn|19\n|\n|t:|1769939015\n|switch|p2a: Jellicent|Jellicent, L88, M|229/319 brn\n|switch|p1a: Suicune|Suicune, L82|244/298\n|-ability|p1a: Suicune|Pressure\n|\n|-heal|p1a: Suicune|262/298|[from] item: Leftovers\n|-heal|p2a: Jellicent|248/319 brn|[from] item: Leftovers\n|-damage|p2a: Jellicent|229/319 brn|[from] brn\n|upkeep\n|turn|20\n|\n|t:|1769939034\n|switch|p1a: Sylveon|Sylveon, L85, M|245/300\n|move|p2a: Jellicent|Scald|p1a: Sylveon\n|-damage|p1a: Sylveon|187/300\n|-status|p1a: Sylveon|brn\n|\n|-heal|p2a: Jellicent|248/319 brn|[from] item: Leftovers\n|-heal|p1a: Sylveon|205/300 brn|[from] item: Leftovers\n|-damage|p2a: Jellicent|229/319 brn|[from] brn\n|-damage|p1a: Sylveon|187/300 brn|[from] brn\n|upkeep\n|turn|21\n|\n|t:|1769939042\n|move|p2a: Jellicent|Taunt|p1a: Sylveon\n|-start|p1a: Sylveon|move: Taunt\n|move|p1a: Sylveon|Hyper Voice|p2a: Jellicent\n|-damage|p2a: Jellicent|118/319 brn\n|\n|-heal|p2a: Jellicent|137/319 brn|[from] item: Leftovers\n|-heal|p1a: Sylveon|205/300 brn|[from] item: Leftovers\n|-damage|p2a: Jellicent|118/319 brn|[from] brn\n|-damage|p1a: Sylveon|187/300 brn|[from] brn\n|upkeep\n|turn|22\n|\n|t:|1769939048\n|switch|p1a: Bisharp|Bisharp, L82, M|241/241\n|move|p2a: Jellicent|Recover|p2a: Jellicent\n|-heal|p2a: Jellicent|278/319 brn\n|\n|-heal|p2a: Jellicent|297/319 brn|[from] item: Leftovers\n|-damage|p2a: Jellicent|278/319 brn|[from] brn\n|upkeep\n|turn|23\n|\n|t:|1769939051\n|-activate|p2a: Jellicent|move: Pursuit\n|move|p1a: Bisharp|Pursuit|p2a: Jellicent|[from] Pursuit\n|-supereffective|p2a: Jellicent\n|-damage|p2a: Jellicent|6/319 brn\n|switch|p2a: Sawk|Sawk, L86, M|195/269\n|\n|upkeep\n|turn|24\n|\n|t:|1769939067\n|switch|p2a: Emboar|Emboar, L85, F|152/326\n|switch|p1a: Suicune|Suicune, L82|262/298\n|-ability|p1a: Suicune|Pressure\n|\n|-heal|p1a: Suicune|280/298|[from] item: Leftovers\n|upkeep\n|turn|25\n|\n|t:|1769939075\n|switch|p1a: Garchomp|Garchomp, L77, F|293/293\n|switch|p2a: Jellicent|Jellicent, L88, M|6/319 brn\n|\n|-heal|p2a: Jellicent|25/319 brn|[from] item: Leftovers\n|-damage|p2a: Jellicent|6/319 brn|[from] brn\n|upkeep\n|turn|26\n|\n|t:|1769939083\n|switch|p2a: Leafeon|Leafeon, L88, M|89/258\n|move|p1a: Garchomp|Earthquake|p2a: Leafeon\n|-resisted|p2a: Leafeon\n|-damage|p2a: Leafeon|47/258\n|\n|upkeep\n|turn|27\n|\n|t:|1769939090\n|move|p2a: Leafeon|Leaf Blade|p1a: Garchomp\n|-damage|p1a: Garchomp|164/293\n|-damage|p2a: Leafeon|15/258|[from] ability: Rough Skin|[of] p1a: Garchomp\n|move|p1a: Garchomp|Stealth Rock|p2a: Leafeon\n|-sidestart|p2: bis butch|move: Stealth Rock\n|\n|upkeep\n|turn|28\n|\n|t:|1769939096\n|switch|p1a: Bisharp|Bisharp, L82, M|241/241\n|move|p2a: Leafeon|Leaf Blade|p1a: Bisharp\n|-resisted|p1a: Bisharp\n|-damage|p1a: Bisharp|188/241\n|\n|upkeep\n|turn|29\n|\n|t:|1769939101\n|move|p1a: Bisharp|Sucker Punch||[still]\n|-fail|p1a: Bisharp\n|move|p2a: Leafeon|Swords Dance|p2a: Leafeon\n|-boost|p2a: Leafeon|atk|2\n|\n|upkeep\n|turn|30\n|\n|t:|1769939106\n|move|p1a: Bisharp|Sucker Punch||[still]\n|-fail|p1a: Bisharp\n|move|p2a: Leafeon|Swords Dance|p2a: Leafeon\n|-boost|p2a: Leafeon|atk|2\n|\n|upkeep\n|turn|31\n|\n|t:|1769939109\n|move|p2a: Leafeon|Swords Dance|p2a: Leafeon\n|-boost|p2a: Leafeon|atk|2\n|move|p1a: Bisharp|Iron Head|p2a: Leafeon\n|-damage|p2a: Leafeon|0 fnt\n|faint|p2a: Leafeon\n|\n|upkeep\n|-message|bis butch forfeited.\n|\n|win|Johnald714\n|raw|Johnald714's rating: 1532 &rarr; <strong>1560</strong><br />(+28 for winning)\n|raw|bis butch's rating: 1683 &rarr; <strong>1655</strong><br />(-28 for losing)\n|l|☆bis butch\n|player|p2|\n", "inputlog": ">version b99ff0165a6231f17e8b78c2a78d1998375de664\n>start {\"formatid\":\"gen7randombattle\",\"seed\":\"sodium,b356f4503d0ff247d4b154db7c78a7f3\",\"rated\":\"Rated battle\"}\n>player p1 {\"name\":\"Johnald714\",\"avatar\":\"102\",\"rating\":1532,\"seed\":\"sodium,5a48e0ad9bf0dc417f6785c943c66335\"}\n>player p2 {\"name\":\"bis butch\",\"avatar\":\"bruno\",\"rating\":1683,\"seed\":\"sodium,5d5847801cf626024009049f591b1e3f\"}\n>p1 move fireblast\n>p2 switch 2\n>p1 switch 4\n>p2 move scald\n>p1 move hypervoice\n>p2 move taunt\n>p1 move hypervoice\n>p2 move recover\n>p1 move hypervoice\n>p2 move scald\n>p1 move calmmind\n>p2 move recover\n>p1 move hypervoice\n>p2 switch 4\n>p1 switch 5\n>p2 move flareblitz\n>p1 switch 2\n>p2 switch 4\n>p1 move knockoff\n>p2 switch 2\n>p1 switch 4\n>p2 move substitute\n>p1 move fireblast\n>p2 move knockoff\n>p1 move fireblast\n>p2 switch 2\n>p1 switch 5\n>p2 move scald\n>p1 move hypervoice\n>p2 move taunt\n>p1 switch 4\n>p2 move recover\n>p1 move knockoff\n>p2 switch 6\n>p1 switch 4\n>p2 switch 4\n>p1 switch 2\n>p2 switch 6\n>p1 switch 2\n>p2 move scald\n>p1 move hypervoice\n>p2 move taunt\n>p1 switch 4\n>p2 move recover\n>p1 move pursuit\n>p2 switch 4\n>p1 switch 2\n>p2 switch 6\n>p1 switch 3\n>p2 switch 4\n>p1 move earthquake\n>p2 switch 2\n>p1 move stealthrock\n>p2 move leafblade\n>p1 switch 2\n>p2 move leafblade\n>p1 move suckerpunch\n>p2 move swordsdance\n>p1 move suckerpunch\n>p2 move swordsdance\n>p1 move ironhead\n>p2 move swordsdance\n>forcelose p2", "uploadtime": 1769939135, "views": 177, "formatid": "gen7randombattle", "rating": 1560, "private": 0, "password": null}