{"id": "gen7randombattle-2533127720", "format": "[Gen 7] Random Battle", "players": ["Flavt", "La.Hellhound"], "log": "|j|☆Flavt\n|j|‽La.Hellhound\n|t:|1770260533\n|gametype|singles\n|player|p1|Flavt|eusine|1648\n|player|p2|La.Hellhound|bruno|1606\n|gen|7\n|tier|[Gen 7] Random Battle\n|rated|\n|rule|Sleep Clause Mod: Limit one foe put to sleep\n|rule|HP Percentage Mod: HP is shown in percentages\n|rule|Illusion Level Mod: Illusion disguises the Pokémon's true level\n|\n|t:|1770260533\n|teamsize|p1|6\n|teamsize|p2|6\n|start\n|switch|p1a: Gothitelle|Gothitelle, L91, M|275/275\n|switch|p2a: Chandelure|Chandelure, L84, F|238/238\n|turn|1\n|inactive|Battle timer is ON: inactive players will automatically lose when time's up. (requested by La.Hellhound)\n|\n|t:|1770260557\n|switch|p2a: Delcatty|Delcatty, L99, F|299/299\n|switch|p1a: Gligar|Gligar, L82, F|241/241\n|\n|upkeep\n|turn|2\n|\n|t:|1770260565\n|move|p2a: Delcatty|Fake Out|p1a: Gligar\n|-damage|p1a: Gligar|207/241\n|cant|p1a: Gligar|flinch\n|\n|upkeep\n|turn|3\n|\n|t:|1770260575\n|switch|p2a: Phione|Phione, L93|300/300\n|move|p1a: Gligar|Toxic|p2a: Phione\n|-status|p2a: Phione|tox\n|\n|-damage|p2a: Phione|282/300 tox|[from] psn\n|upkeep\n|turn|4\n|\n|t:|1770260583\n|switch|p1a: Volbeat|Volbeat, L91, M|266/266\n|move|p2a: Phione|Heal Bell|p2a: Phione\n|-activate|p2a: Phione|move: Heal Bell\n|-curestatus|p2a: Phione|tox|[msg]\n|\n|-heal|p2a: Phione|300/300|[from] item: Leftovers\n|upkeep\n|turn|5\n|\n|t:|1770260592\n|switch|p2a: Darkrai|Darkrai, L75|229/229\n|move|p1a: Volbeat|Thunder Wave|p2a: Darkrai\n|-hint|Since gen 7, Dark is immune to Prankster moves.\n|-immune|p2a: Darkrai\n|\n|upkeep\n|turn|6\n|\n|t:|1770260601\n|switch|p2a: Tornadus|Tornadus-Therian, L80, M|258/258\n|move|p1a: Volbeat|U-turn|p2a: Tornadus\n|-resisted|p2a: Tornadus\n|-damage|p2a: Tornadus|217/258\n|\n|t:|1770260609\n|switch|p1a: Avalugg|Avalugg, L90, F|317/317|[from] U-turn\n|\n|-heal|p2a: Tornadus|233/258|[from] item: Leftovers\n|upkeep\n|turn|7\n|\n|t:|1770260616\n|switch|p2a: Phione|Phione, L93|300/300\n|move|p1a: Avalugg|Avalanche|p2a: Phione\n|-resisted|p2a: Phione\n|-damage|p2a: Phione|258/300\n|\n|-heal|p2a: Phione|276/300|[from] item: Leftovers\n|upkeep\n|turn|8\n|\n|t:|1770260624\n|switch|p1a: Volbeat|Volbeat, L91, M|266/266\n|move|p2a: Phione|Knock Off|p1a: Volbeat\n|-damage|p1a: Volbeat|194/266\n|-enditem|p1a: Volbeat|Leftovers|[from] move: Knock Off|[of] p2a: Phione\n|\n|-heal|p2a: Phione|294/300|[from] item: Leftovers\n|upkeep\n|turn|9\n|\n|t:|1770260633\n|move|p1a: Volbeat|U-turn|p2a: Phione\n|-damage|p2a: Phione|228/300\n|\n|t:|1770260638\n|switch|p1a: Plusle|Plusle, L95, M|268/268|[from] U-turn\n|move|p2a: Phione|Scald|p1a: Plusle\n|-damage|p1a: Plusle|180/268\n|\n|-heal|p2a: Phione|246/300|[from] item: Leftovers\n|upkeep\n|turn|10\n|\n|t:|1770260654\n|move|p1a: Plusle|Thunderbolt|p2a: Phione\n|-supereffective|p2a: Phione\n|-damage|p2a: Phione|0 fnt\n|faint|p2a: Phione\n|-damage|p1a: Plusle|154/268|[from] item: Life Orb\n|\n|upkeep\n|\n|t:|1770260662\n|switch|p2a: Delcatty|Delcatty, L99, F|299/299\n|turn|11\n|\n|t:|1770260668\n|switch|p1a: Gligar|Gligar, L82, F|207/241\n|move|p2a: Delcatty|Double-Edge|p1a: Gligar\n|-damage|p1a: Gligar|120/241\n|-damage|p2a: Delcatty|270/299|[from] Recoil\n|\n|upkeep\n|turn|12\n|\n|t:|1770260686\n|switch|p2a: Tornadus|Tornadus-Therian, L80, M|258/258\n|move|p1a: Gligar|Roost|p1a: Gligar\n|-heal|p1a: Gligar|241/241\n|-singleturn|p1a: Gligar|move: Roost\n|\n|upkeep\n|turn|13\n|\n|t:|1770260693\n|move|p2a: Tornadus|Taunt|p1a: Gligar\n|-start|p1a: Gligar|move: Taunt\n|cant|p1a: Gligar|move: Taunt|Toxic\n|\n|upkeep\n|turn|14\n|\n|t:|1770260706\n|switch|p1a: Gothitelle|Gothitelle, L91, M|275/275\n|move|p2a: Tornadus|Hurricane|p1a: Gothitelle\n|-damage|p1a: Gothitelle|181/275\n|\n|upkeep\n|turn|15\n|\n|t:|1770260715\n|move|p1a: Gothitelle|Trick|p2a: Tornadus\n|-activate|p1a: Gothitelle|move: Trick|[of] p2a: Tornadus\n|-item|p2a: Tornadus|Choice Scarf|[from] move: Trick\n|-item|p1a: Gothitelle|Leftovers|[from] move: Trick\n|move|p2a: Tornadus|Hurricane|p1a: Gothitelle\n|-damage|p1a: Gothitelle|87/275\n|\n|-heal|p1a: Gothitelle|104/275|[from] item: Leftovers\n|upkeep\n|turn|16\n|\n|t:|1770260725\n|move|p2a: Tornadus|Hurricane|p1a: Gothitelle|[miss]\n|-miss|p2a: Tornadus|p1a: Gothitelle\n|move|p1a: Gothitelle|Psychic|p2a: Tornadus\n|-damage|p2a: Tornadus|135/258\n|\n|-heal|p1a: Gothitelle|121/275|[from] item: Leftovers\n|upkeep\n|turn|17\n|\n|t:|1770260732\n|move|p2a: Tornadus|Hurricane|p1a: Gothitelle|[miss]\n|-miss|p2a: Tornadus|p1a: Gothitelle\n|move|p1a: Gothitelle|Psychic|p2a: Tornadus\n|-damage|p2a: Tornadus|29/258\n|\n|-heal|p1a: Gothitelle|138/275|[from] item: Leftovers\n|upkeep\n|turn|18\n|\n|t:|1770260739\n|move|p2a: Tornadus|Hurricane|p1a: Gothitelle\n|-damage|p1a: Gothitelle|51/275\n|-start|p1a: Gothitelle|confusion\n|-activate|p1a: Gothitelle|confusion\n|-damage|p1a: Gothitelle|37/275|[from] confusion\n|\n|-heal|p1a: Gothitelle|54/275|[from] item: Leftovers\n|upkeep\n|turn|19\n|\n|t:|1770260750\n|move|p2a: Tornadus|Hurricane|p1a: Gothitelle\n|-damage|p1a: Gothitelle|0 fnt\n|faint|p1a: Gothitelle\n|\n|upkeep\n|\n|t:|1770260758\n|switch|p1a: Plusle|Plusle, L95, M|154/268\n|turn|20\n|\n|t:|1770260767\n|switch|p2a: Chandelure|Chandelure, L84, F|238/238\n|move|p1a: Plusle|Thunderbolt|p2a: Chandelure\n|-damage|p2a: Chandelure|96/238\n|-status|p2a: Chandelure|par\n|-damage|p1a: Plusle|128/268|[from] item: Life Orb\n|\n|upkeep\n|turn|21\n|\n|t:|1770260782\n|move|p1a: Plusle|Thunderbolt|p2a: Chandelure\n|-damage|p2a: Chandelure|0 fnt\n|faint|p2a: Chandelure\n|-damage|p1a: Plusle|102/268|[from] item: Life Orb\n|\n|upkeep\n|\n|t:|1770260787\n|switch|p2a: Delcatty|Delcatty, L99, F|270/299\n|turn|22\n|\n|t:|1770260791\n|switch|p1a: Gligar|Gligar, L82, F|241/241\n|move|p2a: Delcatty|Double-Edge|p1a: Gligar\n|-damage|p1a: Gligar|141/241\n|-damage|p2a: Delcatty|237/299|[from] Recoil\n|\n|upkeep\n|turn|23\n|\n|t:|1770260798\n|switch|p2a: Huntail|Huntail, L85, F|232/232\n|move|p1a: Gligar|Roost|p1a: Gligar\n|-heal|p1a: Gligar|241/241\n|-singleturn|p1a: Gligar|move: Roost\n|\n|upkeep\n|turn|24\n|\n|t:|1770260805\n|move|p1a: Gligar|Toxic|p2a: Huntail\n|-status|p2a: Huntail|tox\n|move|p2a: Huntail|Ice Beam|p1a: Gligar\n|-supereffective|p1a: Gligar\n|-damage|p1a: Gligar|1/241\n|\n|-damage|p2a: Huntail|218/232 tox|[from] psn\n|upkeep\n|turn|25\n|\n|t:|1770260816\n|move|p1a: Gligar|Earthquake|p2a: Huntail\n|-damage|p2a: Huntail|143/232 tox\n|move|p2a: Huntail|Shell Smash|p2a: Huntail\n|-unboost|p2a: Huntail|def|1\n|-unboost|p2a: Huntail|spd|1\n|-boost|p2a: Huntail|atk|2\n|-boost|p2a: Huntail|spa|2\n|-boost|p2a: Huntail|spe|2\n|-enditem|p2a: Huntail|White Herb\n|-clearnegativeboost|p2a: Huntail|[silent]\n|\n|-damage|p2a: Huntail|115/232 tox|[from] psn\n|upkeep\n|turn|26\n|\n|t:|1770260828\n|move|p2a: Huntail|Waterfall|p1a: Gligar\n|-supereffective|p1a: Gligar\n|-damage|p1a: Gligar|0 fnt\n|faint|p1a: Gligar\n|\n|-damage|p2a: Huntail|73/232 tox|[from] psn\n|upkeep\n|\n|t:|1770260836\n|switch|p1a: Avalugg|Avalugg, L90, F|317/317\n|turn|27\n|\n|t:|1770260841\n|move|p2a: Huntail|Ice Beam|p1a: Avalugg\n|-resisted|p1a: Avalugg\n|-damage|p1a: Avalugg|231/317\n|move|p1a: Avalugg|Recover|p1a: Avalugg\n|-heal|p1a: Avalugg|317/317\n|\n|-damage|p2a: Huntail|17/232 tox|[from] psn\n|upkeep\n|turn|28\n|\n|t:|1770260849\n|switch|p2a: Tornadus|Tornadus-Therian, L80, M|115/258\n|move|p1a: Avalugg|Recover||[still]\n|-fail|p1a: Avalugg|heal\n|\n|upkeep\n|turn|29\n|\n|t:|1770260860\n|switch|p2a: Darkrai|Darkrai, L75|229/229\n|move|p1a: Avalugg|Avalanche|p2a: Darkrai\n|-damage|p2a: Darkrai|141/229\n|\n|upkeep\n|turn|30\n|\n|t:|1770260867\n|-zpower|p2a: Darkrai\n|move|p2a: Darkrai|Black Hole Eclipse|p1a: Avalugg|[zeffect]\n|-damage|p1a: Avalugg|62/317\n|move|p1a: Avalugg|Avalanche|p2a: Darkrai\n|-damage|p2a: Darkrai|0 fnt\n|faint|p2a: Darkrai\n|\n|-heal|p1a: Avalugg|81/317|[from] item: Leftovers\n|upkeep\n|\n|t:|1770260881\n|switch|p2a: Tornadus|Tornadus-Therian, L80, M|201/258\n|turn|31\n|\n|t:|1770260885\n|move|p2a: Tornadus|Heat Wave|p1a: Avalugg\n|-supereffective|p1a: Avalugg\n|-damage|p1a: Avalugg|0 fnt\n|faint|p1a: Avalugg\n|\n|upkeep\n|\n|t:|1770260890\n|switch|p1a: Zangoose|Zangoose, L86, F|266/266\n|turn|32\n|\n|t:|1770260901\n|move|p2a: Tornadus|Heat Wave|p1a: Zangoose\n|-damage|p1a: Zangoose|175/266\n|move|p1a: Zangoose|Facade|p2a: Tornadus\n|-damage|p2a: Tornadus|102/258\n|\n|-status|p1a: Zangoose|tox|[from] item: Toxic Orb\n|upkeep\n|turn|33\n|\n|t:|1770260909\n|switch|p2a: Huntail|Huntail, L85, F|17/232 tox\n|move|p1a: Zangoose|Facade|p2a: Huntail\n|-damage|p2a: Huntail|0 fnt\n|faint|p2a: Huntail\n|\n|-damage|p1a: Zangoose|159/266 tox|[from] psn\n|upkeep\n|\n|t:|1770260917\n|switch|p2a: Delcatty|Delcatty, L99, F|237/299\n|turn|34\n|inactive|Flavt has 120 seconds left.\n|\n|t:|1770260952\n|move|p2a: Delcatty|Fake Out|p1a: Zangoose\n|-damage|p1a: Zangoose|93/266 tox\n|cant|p1a: Zangoose|flinch\n|\n|-damage|p1a: Zangoose|61/266 tox|[from] psn\n|upkeep\n|turn|35\n|\n|t:|1770260961\n|move|p1a: Zangoose|Quick Attack|p2a: Delcatty\n|-damage|p2a: Delcatty|162/299\n|move|p2a: Delcatty|Double-Edge|p1a: Zangoose\n|-damage|p1a: Zangoose|0 fnt\n|faint|p1a: Zangoose\n|-damage|p2a: Delcatty|142/299|[from] Recoil\n|\n|upkeep\n|\n|t:|1770260966\n|switch|p1a: Volbeat|Volbeat, L91, M|194/266\n|turn|36\n|\n|t:|1770260970\n|move|p1a: Volbeat|Thunder Wave|p2a: Delcatty|[miss]\n|-miss|p1a: Volbeat|p2a: Delcatty\n|move|p2a: Delcatty|Toxic|p1a: Volbeat\n|-status|p1a: Volbeat|tox\n|\n|-damage|p1a: Volbeat|178/266 tox|[from] psn\n|upkeep\n|turn|37\n|\n|t:|1770260984\n|switch|p2a: Tornadus|Tornadus-Therian, L80, M|188/258\n|move|p1a: Volbeat|Encore||[still]\n|-fail|p1a: Volbeat\n|\n|-damage|p1a: Volbeat|146/266 tox|[from] psn\n|upkeep\n|turn|38\n|\n|t:|1770260997\n|move|p1a: Volbeat|Thunder Wave|p2a: Tornadus\n|-status|p2a: Tornadus|par\n|move|p2a: Tornadus|Heat Wave|p1a: Volbeat\n|-supereffective|p1a: Volbeat\n|-damage|p1a: Volbeat|6/266 tox\n|\n|-damage|p1a: Volbeat|0 fnt|[from] psn\n|faint|p1a: Volbeat\n|upkeep\n|\n|t:|1770261000\n|switch|p1a: Plusle|Plusle, L95, M|102/268\n|turn|39\n|\n|t:|1770261019\n|move|p1a: Plusle|Thunderbolt|p2a: Tornadus\n|-supereffective|p2a: Tornadus\n|-damage|p2a: Tornadus|0 fnt\n|faint|p2a: Tornadus\n|-damage|p1a: Plusle|76/268|[from] item: Life Orb\n|\n|upkeep\n|\n|t:|1770261024\n|switch|p2a: Delcatty|Delcatty, L99, F|142/299\n|turn|40\n|\n|t:|1770261027\n|move|p2a: Delcatty|Fake Out|p1a: Plusle\n|-damage|p1a: Plusle|0 fnt\n|faint|p1a: Plusle\n|\n|win|La.Hellhound\n|raw|Flavt's rating: 1648 &rarr; <strong>1626</strong><br />(-22 for losing)\n|raw|La.Hellhound's rating: 1606 &rarr; <strong>1628</strong><br />(+22 for winning)\n|l|☆Flavt\n|player|p1|\n", "inputlog": ">version ccdc32dd7cde25fd9e4bed64820e885f66e78a4e\n>start {\"formatid\":\"gen7randombattle\",\"seed\":\"sodium,1467886657b2aaca893b81729b964585\",\"rated\":\"Rated battle\"}\n>player p1 {\"name\":\"Flavt\",\"avatar\":\"eusine\",\"rating\":1648,\"seed\":\"sodium,67b8d0a7eed81671451ccbb11f7f9224\"}\n>player p2 {\"name\":\"La.Hellhound\",\"avatar\":\"bruno\",\"rating\":1606,\"seed\":\"sodium,946818b6e83ff7ecc3f383eac24c35c5\"}\n>p1 switch 5\n>p2 switch 4\n>p1 move toxic\n>p2 move fakeout\n>p1 move toxic\n>p2 switch 3\n>p1 switch 6\n>p2 move healbell\n>p1 move thunderwave\n>p2 switch 5\n>p1 move uturn\n>p2 switch 2\n>p1 switch 3\n>p1 move avalanche\n>p2 switch 5\n>p1 switch 3\n>p2 move knockoff\n>p1 move uturn\n>p2 move scald\n>p1 switch 2\n>p1 move thunderbolt\n>p2 move uturn\n>p2 switch 3\n>p1 switch 6\n>p2 move doubleedge\n>p1 move roost\n>p2 switch 5\n>p1 move toxic\n>p2 move taunt\n>p1 switch 5\n>p2 move hurricane\n>p1 move trick\n>p2 move hurricane\n>p1 move psychic\n>p2 move hurricane\n>p1 move psychic\n>p2 move hurricane\n>p1 move psychic\n>p2 move hurricane\n>p1 move psychic\n>p2 move hurricane\n>p1 switch 6\n>p1 move thunderbolt\n>p2 switch 4\n>p1 move thunderbolt\n>p2 move shadowball\n>p2 switch 5\n>p1 switch 5\n>p2 move doubleedge\n>p1 move roost\n>p2 switch 6\n>p1 move toxic\n>p2 move icebeam\n>p1 move earthquake\n>p2 move shellsmash\n>p1 move roost\n>p2 move waterfall\n>p1 switch 3\n>p1 move recover\n>p2 move icebeam\n>p1 move recover\n>p2 switch 4\n>p1 move avalanche\n>p2 switch 2\n>p1 move avalanche\n>p2 move darkpulse zmove\n>p2 switch 2\n>p1 move recover\n>p2 move heatwave\n>p1 switch 4\n>p1 move facade\n>p2 move heatwave\n>p1 move facade\n>p2 switch 4\n>p2 switch 6\n>p1 move facade\n>p2 move fakeout\n>p1 move quickattack\n>p2 move doubleedge\n>p1 switch 2\n>p1 move thunderwave\n>p2 move toxic\n>p1 move encore\n>p2 switch 4\n>p1 move thunderwave\n>p2 move heatwave\n>p1 switch 5\n>p1 move thunderbolt\n>p2 move heatwave\n>p2 switch 4\n>p1 move thunderbolt\n>p2 move fakeout", "uploadtime": 1770261032, "views": 142, "formatid": "gen7randombattle", "rating": 1626, "private": 0, "password": null}