{"id": "gen7randombattle-2537402426", "format": "[Gen 7] Random Battle", "players": ["plop in my pants", "FiggyNoLuck"], "log": "|j|☆plop in my pants\n|j|☆FiggyNoLuck\n|t:|1770810402\n|gametype|singles\n|player|p1|plop in my pants|teamrocket|1717\n|player|p2|FiggyNoLuck|170|1629\n|gen|7\n|tier|[Gen 7] Random Battle\n|rated|\n|rule|Sleep Clause Mod: Limit one foe put to sleep\n|rule|HP Percentage Mod: HP is shown in percentages\n|rule|Illusion Level Mod: Illusion disguises the Pokémon's true level\n|\n|t:|1770810402\n|teamsize|p1|6\n|teamsize|p2|6\n|start\n|switch|p1a: Phione|Phione, L93|300/300\n|switch|p2a: Volcanion|Volcanion, L81|262/262\n|turn|1\n|\n|t:|1770810416\n|move|p1a: Phione|Knock Off|p2a: Volcanion\n|-damage|p2a: Volcanion|203/262\n|-enditem|p2a: Volcanion|Choice Specs|[from] move: Knock Off|[of] p1a: Phione\n|move|p2a: Volcanion|Sludge Bomb|p1a: Phione\n|-damage|p1a: Phione|249/300\n|\n|upkeep\n|turn|2\n|\n|t:|1770810430\n|move|p1a: Phione|Knock Off|p2a: Volcanion\n|-damage|p2a: Volcanion|163/262\n|move|p2a: Volcanion|Sludge Bomb|p1a: Phione\n|-damage|p1a: Phione|202/300\n|-status|p1a: Phione|psn\n|\n|-damage|p1a: Phione|165/300 psn|[from] psn\n|upkeep\n|turn|3\n|inactive|Battle timer is ON: inactive players will automatically lose when time's up. (requested by plop in my pants)\n|\n|t:|1770810454\n|move|p1a: Phione|Knock Off|p2a: Volcanion\n|-damage|p2a: Volcanion|119/262\n|move|p2a: Volcanion|Earth Power|p1a: Phione\n|-damage|p1a: Phione|119/300 psn\n|\n|-damage|p1a: Phione|82/300 psn|[from] psn\n|upkeep\n|turn|4\n|\n|t:|1770810467\n|move|p1a: Phione|Knock Off|p2a: Volcanion\n|-damage|p2a: Volcanion|76/262\n|move|p2a: Volcanion|Sludge Bomb|p1a: Phione\n|-damage|p1a: Phione|33/300 psn\n|\n|-damage|p1a: Phione|0 fnt|[from] psn\n|faint|p1a: Phione\n|upkeep\n|\n|t:|1770810476\n|switch|p1a: Lucario|Lucario, L74, M|226/226\n|turn|5\n|\n|t:|1770810487\n|detailschange|p1a: Lucario|Lucario-Mega, L74, M\n|-mega|p1a: Lucario|Lucario|Lucarionite\n|move|p1a: Lucario|Close Combat|p2a: Volcanion\n|-damage|p2a: Volcanion|0 fnt\n|-unboost|p1a: Lucario|def|1\n|-unboost|p1a: Lucario|spd|1\n|faint|p2a: Volcanion\n|\n|upkeep\n|\n|t:|1770810501\n|switch|p2a: Serperior|Serperior, L80, M|251/251\n|turn|6\n|\n|t:|1770810509\n|switch|p1a: Hitmonlee|Hitmonlee, L86, M|225/225\n|move|p2a: Serperior|Glare|p1a: Hitmonlee\n|-status|p1a: Hitmonlee|par\n|\n|upkeep\n|turn|7\n|\n|t:|1770810530\n|switch|p2a: Floette|Floette-Eternal, L83, F|259/259\n|cant|p1a: Hitmonlee|par\n|\n|upkeep\n|turn|8\n|\n|t:|1770810545\n|switch|p1a: Stakataka|Stakataka, L83|237/237\n|move|p2a: Floette|Moonblast|p1a: Stakataka\n|-resisted|p1a: Stakataka\n|-damage|p1a: Stakataka|159/237\n|\n|upkeep\n|turn|9\n|inactive|FiggyNoLuck has 120 seconds left.\n|\n|t:|1770810568\n|switch|p2a: Sudowoodo|Sudowoodo, L93, F|281/281\n|move|p1a: Stakataka|Trick Room|p1a: Stakataka\n|-fieldstart|move: Trick Room|[of] p1a: Stakataka\n|\n|upkeep\n|turn|10\n|\n|t:|1770810573\n|move|p1a: Stakataka|Gyro Ball|p2a: Sudowoodo\n|-supereffective|p2a: Sudowoodo\n|-damage|p2a: Sudowoodo|31/281\n|-damage|p1a: Stakataka|136/237|[from] item: Life Orb\n|move|p2a: Sudowoodo|Earthquake|p1a: Stakataka\n|-supereffective|p1a: Stakataka\n|-damage|p1a: Stakataka|0 fnt\n|faint|p1a: Stakataka\n|\n|upkeep\n|\n|t:|1770810583\n|switch|p1a: Hitmonlee|Hitmonlee, L86, M|225/225 par\n|turn|11\n|\n|t:|1770810590\n|move|p1a: Hitmonlee|Knock Off|p2a: Sudowoodo\n|-damage|p2a: Sudowoodo|0 fnt\n|-enditem|p2a: Sudowoodo|Choice Band|[from] move: Knock Off|[of] p1a: Hitmonlee\n|faint|p2a: Sudowoodo\n|\n|upkeep\n|\n|t:|1770810609\n|switch|p2a: Blaziken|Blaziken, L73, F|237/237\n|turn|12\n|inactive|FiggyNoLuck has 120 seconds left.\n|\n|t:|1770810630\n|detailschange|p2a: Blaziken|Blaziken-Mega, L73, F\n|-mega|p2a: Blaziken|Blaziken|Blazikenite\n|move|p1a: Hitmonlee|High Jump Kick|p2a: Blaziken\n|-damage|p2a: Blaziken|0 fnt\n|faint|p2a: Blaziken\n|detailschange|p2: Blaziken|Blaziken, L73, F|[silent]\n|\n|upkeep\n|\n|t:|1770810637\n|switch|p2a: Floette|Floette-Eternal, L83, F|259/259\n|turn|13\n|\n|t:|1770810640\n|cant|p1a: Hitmonlee|par\n|move|p2a: Floette|Moonblast|p1a: Hitmonlee\n|-supereffective|p1a: Hitmonlee\n|-damage|p1a: Hitmonlee|33/225 par\n|\n|-fieldend|move: Trick Room\n|upkeep\n|turn|14\n|\n|t:|1770810649\n|move|p2a: Floette|Moonblast|p1a: Hitmonlee\n|-supereffective|p1a: Hitmonlee\n|-damage|p1a: Hitmonlee|0 fnt\n|faint|p1a: Hitmonlee\n|\n|upkeep\n|\n|t:|1770810660\n|switch|p1a: Lucario|Lucario-Mega, L74, M|226/226\n|turn|15\n|\n|t:|1770810667\n|move|p1a: Lucario|Meteor Mash|p2a: Floette\n|-supereffective|p2a: Floette\n|-damage|p2a: Floette|0 fnt\n|faint|p2a: Floette\n|\n|upkeep\n|\n|t:|1770810671\n|switch|p2a: Serperior|Serperior, L80, M|251/251\n|turn|16\n|\n|t:|1770810680\n|move|p2a: Serperior|Leaf Storm|p1a: Lucario\n|-resisted|p1a: Lucario\n|-damage|p1a: Lucario|138/226\n|-boost|p2a: Serperior|spa|2\n|-damage|p2a: Serperior|226/251|[from] item: Life Orb\n|move|p1a: Lucario|Swords Dance|p1a: Lucario\n|-boost|p1a: Lucario|atk|2\n|\n|upkeep\n|turn|17\n|\n|t:|1770810684\n|move|p1a: Lucario|Extreme Speed|p2a: Serperior\n|-damage|p2a: Serperior|111/251\n|move|p2a: Serperior|Leaf Storm|p1a: Lucario\n|-resisted|p1a: Lucario\n|-damage|p1a: Lucario|0 fnt\n|-boost|p2a: Serperior|spa|2\n|faint|p1a: Lucario\n|detailschange|p1: Lucario|Lucario, L74, M|[silent]\n|-damage|p2a: Serperior|86/251|[from] item: Life Orb\n|\n|upkeep\n|\n|t:|1770810693\n|switch|p1a: Staraptor|Staraptor, L80, F|267/267\n|turn|18\n|\n|t:|1770810699\n|move|p1a: Staraptor|Quick Attack|p2a: Serperior\n|-damage|p2a: Serperior|14/251\n|move|p2a: Serperior|Leaf Storm|p1a: Staraptor\n|-resisted|p1a: Staraptor\n|-damage|p1a: Staraptor|0 fnt\n|-boost|p2a: Serperior|spa|2\n|faint|p1a: Staraptor\n|-damage|p2a: Serperior|0 fnt|[from] item: Life Orb\n|faint|p2a: Serperior\n|\n|upkeep\n|\n|t:|1770810703\n|switch|p2a: Persian|Persian, L93, M|272/272\n|switch|p1a: Landorus|Landorus, L77, M|264/264\n|turn|19\n|\n|t:|1770810707\n|move|p2a: Persian|Double-Edge|p1a: Landorus\n|-damage|p1a: Landorus|80/264\n|-damage|p2a: Persian|211/272|[from] Recoil\n|move|p1a: Landorus|Focus Blast|p2a: Persian\n|-supereffective|p2a: Persian\n|-damage|p2a: Persian|0 fnt\n|faint|p2a: Persian\n|\n|win|plop in my pants\n|raw|plop in my pants's rating: 1717 &rarr; <strong>1733</strong><br />(+16 for winning)\n|raw|FiggyNoLuck's rating: 1641 &rarr; <strong>1625</strong><br />(-16 for losing)\n", "inputlog": ">version ccdc32dd7cde25fd9e4bed64820e885f66e78a4e\n>start {\"formatid\":\"gen7randombattle\",\"seed\":\"sodium,581e909c1cbbe96a45066972a635dc19\",\"rated\":\"Rated battle\"}\n>player p1 {\"name\":\"plop in my pants\",\"avatar\":\"teamrocket\",\"rating\":1717,\"seed\":\"sodium,8f782c84a8556768cdbd6c06b50e0a2a\"}\n>player p2 {\"name\":\"FiggyNoLuck\",\"avatar\":\"170\",\"rating\":1629,\"seed\":\"sodium,d9f92612af5e3371e294c898d8d61dc7\"}\n>p1 move knockoff\n>p2 move sludgebomb\n>p1 move knockoff\n>p2 move sludgebomb\n>p1 move knockoff\n>p2 move earthpower\n>p1 move knockoff\n>p2 move sludgebomb\n>p1 switch 6\n>p1 move closecombat mega\n>p2 move fireblast\n>p2 switch 4\n>p1 switch 4\n>p2 move glare\n>p1 move poisonjab\n>p2 switch 6\n>p1 switch 5\n>p2 move moonblast\n>p1 move trickroom\n>p2 switch 3\n>p1 move gyroball\n>p2 move earthquake\n>p1 switch 5\n>p1 move knockoff\n>p2 move earthquake\n>p2 switch 5\n>p1 move highjumpkick\n>p2 move swordsdance mega\n>p2 switch 3\n>p1 move poisonjab\n>p2 move moonblast\n>p1 move poisonjab\n>p2 move moonblast\n>p1 switch 4\n>p1 move meteormash\n>p2 move moonblast\n>p2 switch 6\n>p1 move swordsdance\n>p2 move leafstorm\n>p1 move extremespeed\n>p2 move leafstorm\n>p1 switch 3\n>p1 move quickattack\n>p2 move leafstorm\n>p1 switch 2\n>p2 switch 2\n>p1 move focusblast\n>p2 move doubleedge", "uploadtime": 1770810715, "views": 198, "formatid": "gen7randombattle", "rating": 1625, "private": 0, "password": null}