{"id": "gen7randombattle-2538600656", "format": "[Gen 7] Random Battle", "players": ["BoB Le Vrai", "La.Hellhound"], "log": "|j|☆BoB Le Vrai\n|j|‽La.Hellhound\n|t:|1770945569\n|gametype|singles\n|player|p1|BoB Le Vrai|266|1631\n|player|p2|La.Hellhound|bruno|1587\n|gen|7\n|tier|[Gen 7] Random Battle\n|rated|\n|rule|Sleep Clause Mod: Limit one foe put to sleep\n|rule|HP Percentage Mod: HP is shown in percentages\n|rule|Illusion Level Mod: Illusion disguises the Pokémon's true level\n|\n|t:|1770945569\n|teamsize|p1|6\n|teamsize|p2|6\n|start\n|switch|p1a: Kangaskhan|Kangaskhan, L75, F|281/281\n|switch|p2a: Heatran|Heatran, L80, M|277/277\n|turn|1\n|inactive|Battle timer is ON: inactive players will automatically lose when time's up. (requested by La.Hellhound)\n|inactive|La.Hellhound has 120 seconds left.\n|\n|t:|1770945614\n|detailschange|p1a: Kangaskhan|Kangaskhan-Mega, L75, F\n|-mega|p1a: Kangaskhan|Kangaskhan|Kangaskhanite\n|move|p1a: Kangaskhan|Power-Up Punch|p2a: Heatran\n|-supereffective|p2a: Heatran\n|-damage|p2a: Heatran|229/277\n|-boost|p1a: Kangaskhan|atk|1\n|-supereffective|p2a: Heatran\n|-damage|p2a: Heatran|209/277\n|-boost|p1a: Kangaskhan|atk|1\n|-hitcount|p2a: Heatran|2\n|move|p2a: Heatran|Magma Storm|p1a: Kangaskhan\n|-damage|p1a: Kangaskhan|164/281\n|-activate|p1a: Kangaskhan|move: Magma Storm|[of] p2a: Heatran\n|\n|-heal|p2a: Heatran|226/277|[from] item: Leftovers\n|-damage|p1a: Kangaskhan|129/281|[from] move: Magma Storm|[partiallytrapped]\n|upkeep\n|turn|2\n|\n|t:|1770945628\n|move|p2a: Heatran|Protect|p2a: Heatran\n|-singleturn|p2a: Heatran|Protect\n|move|p1a: Kangaskhan|Earthquake|p2a: Heatran\n|-activate|p2a: Heatran|move: Protect\n|\n|-heal|p2a: Heatran|243/277|[from] item: Leftovers\n|-damage|p1a: Kangaskhan|94/281|[from] move: Magma Storm|[partiallytrapped]\n|upkeep\n|turn|3\n|\n|t:|1770945638\n|switch|p2a: Vivillon|Vivillon-High Plains, L85, F|275/275\n|move|p1a: Kangaskhan|Earthquake|p2a: Vivillon\n|-immune|p2a: Vivillon\n|\n|-end|p1a: Kangaskhan|Magma Storm|[partiallytrapped]|[silent]\n|upkeep\n|turn|4\n|\n|t:|1770945645\n|switch|p2a: Banette|Banette, L87, F|253/253\n|-item|p1a: Kangaskhan|Kangaskhanite|[from] ability: Frisk|[of] p2a: Banette\n|move|p1a: Kangaskhan|Return|p2a: Banette\n|-immune|p2a: Banette\n|\n|upkeep\n|turn|5\n|\n|t:|1770945657\n|switch|p2a: Naganadel|Naganadel, L74|230/230\n|move|p1a: Kangaskhan|Crunch|p2a: Naganadel\n|-damage|p2a: Naganadel|76/230\n|-damage|p2a: Naganadel|39/230\n|-hitcount|p2a: Naganadel|2\n|\n|upkeep\n|turn|6\n|\n|t:|1770945665\n|move|p2a: Naganadel|Sludge Wave|p1a: Kangaskhan\n|-damage|p1a: Kangaskhan|1/281\n|move|p1a: Kangaskhan|Return|p2a: Naganadel\n|-damage|p2a: Naganadel|0 fnt\n|faint|p2a: Naganadel\n|-hitcount|p2: Naganadel|1\n|\n|upkeep\n|\n|t:|1770945672\n|switch|p2a: Vivillon|Vivillon-High Plains, L85, F|275/275\n|turn|7\n|\n|t:|1770945678\n|move|p2a: Vivillon|Bug Buzz|p1a: Kangaskhan\n|-damage|p1a: Kangaskhan|0 fnt\n|faint|p1a: Kangaskhan\n|detailschange|p1: Kangaskhan|Kangaskhan, L75, F|[silent]\n|\n|upkeep\n|\n|t:|1770945682\n|switch|p1a: Tapu Koko|Tapu Koko, L77|234/234\n|-fieldstart|move: Electric Terrain|[from] ability: Electric Surge|[of] p1a: Tapu Koko\n|turn|8\n|\n|t:|1770945688\n|switch|p2a: Sunflora|Sunflora, M|312/312\n|move|p1a: Tapu Koko|Wild Charge|p2a: Sunflora\n|-resisted|p2a: Sunflora\n|-damage|p2a: Sunflora|231/312\n|-damage|p1a: Tapu Koko|214/234|[from] Recoil\n|\n|-heal|p1a: Tapu Koko|228/234|[from] item: Leftovers\n|upkeep\n|turn|9\n|inactive|La.Hellhound has 120 seconds left.\n|inactive|La.Hellhound has 90 seconds left.\n|\n|t:|1770945758\n|move|p1a: Tapu Koko|U-turn|p2a: Sunflora\n|-supereffective|p2a: Sunflora\n|-damage|p2a: Sunflora|125/312\n|\n|t:|1770945786\n|switch|p1a: Swanna|Swanna, L88, F|275/275|[from] U-turn\n|move|p2a: Sunflora|Earth Power|p1a: Swanna\n|-immune|p1a: Swanna\n|\n|upkeep\n|turn|10\n|inactive|La.Hellhound has 90 seconds left.\n|\n|t:|1770945824\n|switch|p2a: Banette|Banette, L87, F|253/253\n|-item|p1a: Swanna|Waterium Z|[from] ability: Frisk|[of] p2a: Banette\n|move|p1a: Swanna|Rain Dance|p1a: Swanna\n|-weather|RainDance\n|\n|-weather|RainDance|[upkeep]\n|upkeep\n|turn|11\n|\n|t:|1770945834\n|detailschange|p2a: Banette|Banette-Mega, L87, F\n|-mega|p2a: Banette|Banette|Banettite\n|-zpower|p1a: Swanna\n|move|p1a: Swanna|Hydro Vortex|p2a: Banette|[zeffect]\n|-damage|p2a: Banette|10/253\n|move|p2a: Banette|Shadow Claw|p1a: Swanna\n|-damage|p1a: Swanna|119/275\n|\n|-weather|RainDance|[upkeep]\n|upkeep\n|turn|12\n|\n|t:|1770945851\n|move|p2a: Banette|Destiny Bond|p2a: Banette\n|-singlemove|p2a: Banette|Destiny Bond\n|move|p1a: Swanna|Scald|p2a: Banette\n|-damage|p2a: Banette|0 fnt\n|faint|p2a: Banette\n|-activate|p2a: Banette|move: Destiny Bond\n|detailschange|p2: Banette|Banette, L87, F|[silent]\n|faint|p1a: Swanna\n|\n|-weather|RainDance|[upkeep]\n|-fieldend|move: Electric Terrain\n|upkeep\n|inactive|La.Hellhound has 60 seconds left.\n|\n|t:|1770945876\n|switch|p1a: Alomomola|Alomomola, L87, F|429/429\n|switch|p2a: Heatran|Heatran, L80, M|243/277\n|turn|13\n|\n|t:|1770945884\n|move|p2a: Heatran|Toxic|p1a: Alomomola\n|-status|p1a: Alomomola|tox\n|move|p1a: Alomomola|Scald|p2a: Heatran\n|-supereffective|p2a: Heatran\n|-damage|p2a: Heatran|103/277\n|\n|-weather|RainDance|[upkeep]\n|-heal|p2a: Heatran|120/277|[from] item: Leftovers\n|-damage|p1a: Alomomola|403/429 tox|[from] psn\n|upkeep\n|turn|14\n|inactive|La.Hellhound has 60 seconds left.\n|\n|t:|1770945894\n|move|p2a: Heatran|Protect|p2a: Heatran\n|-singleturn|p2a: Heatran|Protect\n|move|p1a: Alomomola|Scald|p2a: Heatran\n|-activate|p2a: Heatran|move: Protect\n|\n|-weather|none\n|-heal|p2a: Heatran|137/277|[from] item: Leftovers\n|-damage|p1a: Alomomola|351/429 tox|[from] psn\n|upkeep\n|turn|15\n|inactive|La.Hellhound has 60 seconds left.\n|\n|t:|1770945905\n|switch|p2a: Sunflora|Sunflora, M|125/312\n|move|p1a: Alomomola|Scald|p2a: Sunflora\n|-resisted|p2a: Sunflora\n|-damage|p2a: Sunflora|102/312\n|\n|-damage|p1a: Alomomola|273/429 tox|[from] psn\n|upkeep\n|turn|16\n|\n|t:|1770945915\n|switch|p1a: Tapu Koko|Tapu Koko, L77|228/234\n|-fieldstart|move: Electric Terrain|[from] ability: Electric Surge|[of] p1a: Tapu Koko\n|move|p2a: Sunflora|Sunny Day|p2a: Sunflora\n|-weather|SunnyDay\n|\n|-weather|SunnyDay|[upkeep]\n|-heal|p1a: Tapu Koko|234/234|[from] item: Leftovers\n|upkeep\n|turn|17\n|\n|t:|1770945924\n|move|p1a: Tapu Koko|Dazzling Gleam|p2a: Sunflora\n|-damage|p2a: Sunflora|36/312\n|move|p2a: Sunflora|Solar Beam||[still]\n|-prepare|p2a: Sunflora|Solar Beam\n|-anim|p2a: Sunflora|Solar Beam|p1a: Tapu Koko\n|-damage|p1a: Tapu Koko|0 fnt\n|faint|p1a: Tapu Koko\n|-damage|p2a: Sunflora|5/312|[from] item: Life Orb\n|\n|-weather|SunnyDay|[upkeep]\n|upkeep\n|\n|t:|1770945935\n|switch|p1a: Alomomola|Alomomola, L87, F|416/429 tox\n|turn|18\n|\n|t:|1770945938\n|move|p2a: Sunflora|Solar Beam||[still]\n|-prepare|p2a: Sunflora|Solar Beam\n|-anim|p2a: Sunflora|Solar Beam|p1a: Alomomola\n|-supereffective|p1a: Alomomola\n|-damage|p1a: Alomomola|0 fnt\n|faint|p1a: Alomomola\n|-damage|p2a: Sunflora|0 fnt|[from] item: Life Orb\n|faint|p2a: Sunflora\n|\n|-weather|SunnyDay|[upkeep]\n|upkeep\n|\n|t:|1770945948\n|switch|p1a: Arceus|Arceus, L72|292/292\n|switch|p2a: Vivillon|Vivillon-High Plains, L85, F|275/275\n|turn|19\n|\n|t:|1770945955\n|switch|p1a: Espeon|Espeon, L83, M|244/244\n|move|p2a: Vivillon|Sleep Powder|p1a: Espeon\n|move|p1a: Espeon|Sleep Powder|p2a: Vivillon|[from] ability: Magic Bounce\n|-status|p2a: Vivillon|slp|[from] move: Sleep Powder\n|\n|-weather|SunnyDay|[upkeep]\n|upkeep\n|turn|20\n|\n|t:|1770945964\n|switch|p1a: Arceus|Arceus, L72|292/292\n|switch|p2a: Heatran|Heatran, L80, M|137/277\n|\n|-weather|none\n|-heal|p2a: Heatran|154/277|[from] item: Leftovers\n|-fieldend|move: Electric Terrain\n|upkeep\n|turn|21\n|\n|t:|1770945972\n|switch|p2a: Kingler|Kingler, L87, F|237/237\n|move|p1a: Arceus|Swords Dance|p1a: Arceus\n|-boost|p1a: Arceus|atk|2\n|\n|upkeep\n|turn|22\n|\n|t:|1770945982\n|switch|p2a: Vivillon|Vivillon-High Plains, L85, F|275/275 slp\n|move|p1a: Arceus|Extreme Speed|p2a: Vivillon\n|-damage|p2a: Vivillon|12/275 slp\n|-damage|p1a: Arceus|263/292|[from] item: Life Orb\n|\n|-heal|p2a: Vivillon|29/275 slp|[from] item: Leftovers\n|upkeep\n|turn|23\n|\n|t:|1770945991\n|move|p1a: Arceus|Swords Dance|p1a: Arceus\n|-boost|p1a: Arceus|atk|2\n|cant|p2a: Vivillon|slp\n|\n|-heal|p2a: Vivillon|46/275 slp|[from] item: Leftovers\n|upkeep\n|turn|24\n|inactive|La.Hellhound has 120 seconds left.\n|\n|t:|1770945999\n|move|p1a: Arceus|Extreme Speed|p2a: Vivillon\n|-damage|p2a: Vivillon|0 fnt\n|faint|p2a: Vivillon\n|-damage|p1a: Arceus|234/292|[from] item: Life Orb\n|\n|upkeep\n|inactive|La.Hellhound has 120 seconds left.\n|\n|t:|1770946005\n|switch|p2a: Kingler|Kingler, L87, F|237/237\n|turn|25\n|\n|t:|1770946009\n|move|p1a: Arceus|Extreme Speed|p2a: Kingler\n|-damage|p2a: Kingler|10/237\n|-damage|p1a: Arceus|205/292|[from] item: Life Orb\n|move|p2a: Kingler|Liquidation|p1a: Arceus\n|-damage|p1a: Arceus|26/292\n|\n|upkeep\n|turn|26\n|\n|t:|1770946016\n|move|p1a: Arceus|Extreme Speed|p2a: Kingler\n|-damage|p2a: Kingler|0 fnt\n|faint|p2a: Kingler\n|-damage|p1a: Arceus|0 fnt|[from] item: Life Orb\n|faint|p1a: Arceus\n|\n|upkeep\n|\n|t:|1770946022\n|switch|p1a: Espeon|Espeon, L83, M|244/244\n|switch|p2a: Heatran|Heatran, L80, M|154/277\n|turn|27\n|\n|t:|1770946035\n|move|p1a: Espeon|Psychic|p2a: Heatran\n|-resisted|p2a: Heatran\n|-damage|p2a: Heatran|81/277\n|-damage|p1a: Espeon|220/244|[from] item: Life Orb\n|move|p2a: Heatran|Magma Storm|p1a: Espeon\n|-damage|p1a: Espeon|97/244\n|-activate|p1a: Espeon|move: Magma Storm|[of] p2a: Heatran\n|\n|-heal|p2a: Heatran|98/277|[from] item: Leftovers\n|-damage|p1a: Espeon|67/244|[from] move: Magma Storm|[partiallytrapped]\n|upkeep\n|turn|28\n|\n|t:|1770946050\n|move|p1a: Espeon|Psychic|p2a: Heatran\n|-resisted|p2a: Heatran\n|-damage|p2a: Heatran|30/277\n|-damage|p1a: Espeon|43/244|[from] item: Life Orb\n|move|p2a: Heatran|Earth Power|p1a: Espeon\n|-damage|p1a: Espeon|0 fnt\n|faint|p1a: Espeon\n|\n|win|La.Hellhound\n|raw|BoB Le Vrai's rating: 1631 &rarr; <strong>1608</strong><br />(-23 for losing)\n|raw|La.Hellhound's rating: 1587 &rarr; <strong>1610</strong><br />(+23 for winning)\n|l|☆BoB Le Vrai\n|player|p1|\n", "inputlog": ">version ccdc32dd7cde25fd9e4bed64820e885f66e78a4e\n>start {\"formatid\":\"gen7randombattle\",\"seed\":\"sodium,d8f806d888cd0d8f9d57d5d67901209d\",\"rated\":\"Rated battle\"}\n>player p1 {\"name\":\"BoB Le Vrai\",\"avatar\":\"266\",\"rating\":1631,\"seed\":\"sodium,9c8ac37630dfba0948d1e0ad5dc579b9\"}\n>player p2 {\"name\":\"La.Hellhound\",\"avatar\":\"bruno\",\"rating\":1587,\"seed\":\"sodium,93f7e8200cf4f1ff7febf2f707eba05e\"}\n>p1 move poweruppunch mega\n>p2 move magmastorm\n>p1 move earthquake\n>p2 move protect\n>p1 move earthquake\n>p2 switch 5\n>p1 move return\n>p2 switch 4\n>p1 move crunch\n>p2 switch 2\n>p1 move return\n>p2 move sludgewave\n>p2 switch 4\n>p1 move return\n>p2 move bugbuzz\n>p1 switch 4\n>p1 move wildcharge\n>p2 switch 6\n>p1 move uturn\n>p2 move earthpower\n>p1 switch 2\n>p1 move raindance\n>p2 switch 2\n>p1 move scald zmove\n>p2 move shadowclaw mega\n>p1 move scald\n>p2 move destinybond\n>p1 switch 5\n>p2 switch 5\n>p1 move scald\n>p2 move toxic\n>p1 move scald\n>p2 move protect\n>p1 move scald\n>p2 switch 2\n>p1 switch 2\n>p2 move sunnyday\n>p1 move dazzlinggleam\n>p2 move solarbeam\n>p1 switch 2\n>p1 move wish\n>p2 move solarbeam\n>p1 switch 6\n>p2 switch 6\n>p1 switch 3\n>p2 move sleeppowder\n>p1 switch 3\n>p2 switch 2\n>p1 move swordsdance\n>p2 switch 3\n>p1 move extremespeed\n>p2 switch 2\n>p1 move swordsdance\n>p2 move bugbuzz\n>p1 move extremespeed\n>p2 move bugbuzz\n>p2 switch 2\n>p1 move extremespeed\n>p2 move liquidation\n>p1 move extremespeed\n>p2 move knockoff\n>p1 switch 3\n>p2 switch 3\n>p1 move psychic\n>p2 move magmastorm\n>p1 move psychic\n>p2 move earthpower", "uploadtime": 1770946058, "views": 213, "formatid": "gen7randombattle", "rating": 1608, "private": 0, "password": null}