{"id": "gen7randombattle-2524238539", "format": "[Gen 7] Random Battle", "players": ["Kurochan3", "La.Hellhound"], "log": "|j|☆Kurochan3\n|j|‽La.Hellhound\n|t:|1769121246\n|gametype|singles\n|player|p1|Kurochan3|cynthia-gen4|1671\n|player|p2|La.Hellhound|alder|1720\n|gen|7\n|tier|[Gen 7] Random Battle\n|rated|\n|rule|Sleep Clause Mod: Limit one foe put to sleep\n|rule|HP Percentage Mod: HP is shown in percentages\n|rule|Illusion Level Mod: Illusion disguises the Pokémon's true level\n|\n|t:|1769121246\n|teamsize|p1|6\n|teamsize|p2|6\n|start\n|switch|p1a: Whimsicott|Whimsicott, L87, F|246/246\n|switch|p2a: Gigalith|Gigalith, L82, M|274/274\n|-weather|Sandstorm|[from] ability: Sand Stream|[of] p2a: Gigalith\n|turn|1\n|inactive|Battle timer is ON: inactive players will automatically lose when time's up. (requested by La.Hellhound)\n|inactive|La.Hellhound has 120 seconds left.\n|\n|t:|1769121288\n|switch|p2a: Xatu|Xatu, L89, M|260/260\n|move|p1a: Whimsicott|Energy Ball|p2a: Xatu\n|-resisted|p2a: Xatu\n|-damage|p2a: Xatu|214/260\n|\n|-weather|Sandstorm|[upkeep]\n|-damage|p1a: Whimsicott|231/246|[from] Sandstorm\n|-damage|p2a: Xatu|198/260|[from] Sandstorm\n|-heal|p1a: Whimsicott|246/246|[from] item: Leftovers\n|-heal|p2a: Xatu|214/260|[from] item: Leftovers\n|upkeep\n|turn|2\n|\n|t:|1769121301\n|move|p1a: Whimsicott|Moonblast|p2a: Xatu\n|-damage|p2a: Xatu|121/260\n|move|p2a: Xatu|U-turn|p1a: Whimsicott\n|-damage|p1a: Whimsicott|202/246\n|\n|t:|1769121311\n|switch|p2a: Golisopod|Golisopod, L84, M|263/263|[from] U-turn\n|\n|-weather|Sandstorm|[upkeep]\n|-damage|p1a: Whimsicott|187/246|[from] Sandstorm\n|-damage|p2a: Golisopod|247/263|[from] Sandstorm\n|-heal|p1a: Whimsicott|202/246|[from] item: Leftovers\n|upkeep\n|turn|3\n|\n|t:|1769121322\n|move|p2a: Golisopod|First Impression|p1a: Whimsicott\n|-damage|p1a: Whimsicott|43/246\n|move|p1a: Whimsicott|Stun Spore|p2a: Golisopod\n|-status|p2a: Golisopod|par\n|\n|-weather|Sandstorm|[upkeep]\n|-damage|p1a: Whimsicott|28/246|[from] Sandstorm\n|-damage|p2a: Golisopod|231/263 par|[from] Sandstorm\n|-heal|p1a: Whimsicott|43/246|[from] item: Leftovers\n|upkeep\n|turn|4\n|\n|t:|1769121337\n|switch|p2a: Excadrill|Excadrill, L81, F|311/311\n|-ability|p2a: Excadrill|Mold Breaker\n|move|p1a: Whimsicott|Moonblast|p2a: Excadrill\n|-resisted|p2a: Excadrill\n|-crit|p2a: Excadrill\n|-damage|p2a: Excadrill|257/311\n|\n|-weather|Sandstorm|[upkeep]\n|-damage|p1a: Whimsicott|28/246|[from] Sandstorm\n|-heal|p1a: Whimsicott|43/246|[from] item: Leftovers\n|upkeep\n|turn|5\n|\n|t:|1769121348\n|switch|p2a: Golisopod|Golisopod, L84, M|231/263 par\n|move|p1a: Whimsicott|Stun Spore|p2a: Golisopod\n|-fail|p2a: Golisopod|par\n|\n|-weather|none\n|-heal|p1a: Whimsicott|58/246|[from] item: Leftovers\n|upkeep\n|turn|6\n|\n|t:|1769121355\n|switch|p1a: Reshiram|Reshiram, L75|274/274\n|-ability|p1a: Reshiram|Turboblaze\n|move|p2a: Golisopod|Leech Life|p1a: Reshiram\n|-resisted|p1a: Reshiram\n|-damage|p1a: Reshiram|198/274\n|-heal|p2a: Golisopod|263/263 par|[from] drain|[of] p1a: Reshiram\n|\n|-heal|p1a: Reshiram|215/274|[from] item: Leftovers\n|upkeep\n|turn|7\n|\n|t:|1769121369\n|switch|p2a: Azelf|Azelf, L82|257/257\n|move|p1a: Reshiram|Blue Flare|p2a: Azelf\n|-damage|p2a: Azelf|67/257\n|-status|p2a: Azelf|brn\n|\n|-heal|p2a: Azelf|83/257 brn|[from] item: Leftovers\n|-heal|p1a: Reshiram|232/274|[from] item: Leftovers\n|-damage|p2a: Azelf|67/257 brn|[from] brn\n|upkeep\n|turn|8\n|\n|t:|1769121380\n|move|p2a: Azelf|Stealth Rock|p1a: Reshiram\n|-sidestart|p1: Kurochan3|move: Stealth Rock\n|move|p1a: Reshiram|Roost|p1a: Reshiram\n|-heal|p1a: Reshiram|274/274\n|-singleturn|p1a: Reshiram|move: Roost\n|\n|-heal|p2a: Azelf|83/257 brn|[from] item: Leftovers\n|-damage|p2a: Azelf|67/257 brn|[from] brn\n|upkeep\n|turn|9\n|\n|t:|1769121388\n|switch|p2a: Gigalith|Gigalith, L82, M|274/274\n|-weather|Sandstorm|[from] ability: Sand Stream|[of] p2a: Gigalith\n|move|p1a: Reshiram|Defog|p2a: Gigalith\n|-unboost|p2a: Gigalith|evasion|1\n|-sideend|p1: Kurochan3|Stealth Rock|[from] move: Defog|[of] p1a: Reshiram\n|\n|-weather|Sandstorm|[upkeep]\n|-damage|p1a: Reshiram|257/274|[from] Sandstorm\n|-heal|p1a: Reshiram|274/274|[from] item: Leftovers\n|upkeep\n|turn|10\n|\n|t:|1769121398\n|switch|p1a: Regigigas|Regigigas, L86|329/329\n|-start|p1a: Regigigas|ability: Slow Start\n|move|p2a: Gigalith|Stone Edge|p1a: Regigigas\n|-damage|p1a: Regigigas|167/329\n|\n|-weather|Sandstorm|[upkeep]\n|-damage|p1a: Regigigas|147/329|[from] Sandstorm\n|-heal|p1a: Regigigas|167/329|[from] item: Leftovers\n|upkeep\n|turn|11\n|\n|t:|1769121409\n|switch|p2a: Kommo-o|Kommo-o, L74, M|233/233\n|move|p1a: Regigigas|Substitute|p1a: Regigigas\n|-start|p1a: Regigigas|Substitute\n|-damage|p1a: Regigigas|85/329\n|\n|-weather|Sandstorm|[upkeep]\n|-damage|p2a: Kommo-o|219/233|[from] Sandstorm\n|-damage|p1a: Regigigas|65/329|[from] Sandstorm\n|-heal|p1a: Regigigas|85/329|[from] item: Leftovers\n|upkeep\n|turn|12\n|\n|t:|1769121421\n|move|p2a: Kommo-o|Dragon Dance|p2a: Kommo-o\n|-boost|p2a: Kommo-o|atk|1\n|-boost|p2a: Kommo-o|spe|1\n|move|p1a: Regigigas|Thunder Wave|p2a: Kommo-o\n|-status|p2a: Kommo-o|par\n|\n|-weather|Sandstorm|[upkeep]\n|-damage|p2a: Kommo-o|205/233 par|[from] Sandstorm\n|-damage|p1a: Regigigas|65/329|[from] Sandstorm\n|-heal|p1a: Regigigas|85/329|[from] item: Leftovers\n|upkeep\n|turn|13\n|\n|t:|1769121435\n|-zpower|p2a: Kommo-o\n|move|p2a: Kommo-o|Clangorous Soulblaze|p1a: Regigigas|[zeffect]\n|-damage|p1a: Regigigas|0 fnt\n|faint|p1a: Regigigas\n|-boost|p2a: Kommo-o|atk|1\n|-boost|p2a: Kommo-o|def|1\n|-boost|p2a: Kommo-o|spa|1\n|-boost|p2a: Kommo-o|spd|1\n|-boost|p2a: Kommo-o|spe|1\n|\n|-weather|none\n|upkeep\n|\n|t:|1769121440\n|switch|p1a: Whimsicott|Whimsicott, L87, F|58/246\n|turn|14\n|\n|t:|1769121454\n|switch|p2a: Gigalith|Gigalith, L82, M|274/274\n|-weather|Sandstorm|[from] ability: Sand Stream|[of] p2a: Gigalith\n|move|p1a: Whimsicott|Moonblast|p2a: Gigalith\n|-damage|p2a: Gigalith|210/274\n|-unboost|p2a: Gigalith|spa|1\n|\n|-weather|Sandstorm|[upkeep]\n|-damage|p1a: Whimsicott|43/246|[from] Sandstorm\n|-heal|p1a: Whimsicott|58/246|[from] item: Leftovers\n|upkeep\n|turn|15\n|\n|t:|1769121471\n|move|p1a: Whimsicott|Energy Ball|p2a: Gigalith\n|-supereffective|p2a: Gigalith\n|-damage|p2a: Gigalith|82/274\n|-unboost|p2a: Gigalith|spd|1\n|move|p2a: Gigalith|Earthquake|p1a: Whimsicott\n|-resisted|p1a: Whimsicott\n|-damage|p1a: Whimsicott|0 fnt\n|faint|p1a: Whimsicott\n|\n|-weather|Sandstorm|[upkeep]\n|upkeep\n|\n|t:|1769121490\n|switch|p1a: Porygon-Z|Porygon-Z, L80|267/267\n|turn|16\n|inactive|La.Hellhound has 120 seconds left.\n|inactive|La.Hellhound has 90 seconds left.\n|inactive|La.Hellhound has 60 seconds left.\n|\n|t:|1769121603\n|move|p1a: Porygon-Z|Shadow Ball|p2a: Gigalith\n|-damage|p2a: Gigalith|0 fnt\n|faint|p2a: Gigalith\n|-damage|p1a: Porygon-Z|241/267|[from] item: Life Orb\n|\n|-weather|Sandstorm|[upkeep]\n|-damage|p1a: Porygon-Z|225/267|[from] Sandstorm\n|upkeep\n|\n|t:|1769121617\n|switch|p2a: Kommo-o|Kommo-o, L74, M|205/233 par\n|turn|17\n|\n|t:|1769121627\n|move|p1a: Porygon-Z|Nasty Plot|p1a: Porygon-Z\n|-boost|p1a: Porygon-Z|spa|2\n|move|p2a: Kommo-o|Close Combat|p1a: Porygon-Z\n|-supereffective|p1a: Porygon-Z\n|-damage|p1a: Porygon-Z|0 fnt\n|-unboost|p2a: Kommo-o|def|1\n|-unboost|p2a: Kommo-o|spd|1\n|faint|p1a: Porygon-Z\n|\n|-weather|Sandstorm|[upkeep]\n|-damage|p2a: Kommo-o|191/233 par|[from] Sandstorm\n|upkeep\n|\n|t:|1769121629\n|switch|p1a: Lunala|Lunala, L72|316/316\n|turn|18\n|inactive|La.Hellhound has 30 seconds left.\n|inactive|La.Hellhound has 20 seconds left.\n|inactive|La.Hellhound has 15 seconds left.\n|inactive|La.Hellhound has 10 seconds left.\n|inactiveoff|Battle timer is now OFF.\n|\n|t:|1769121685\n|switch|p2a: Excadrill|Excadrill, L81, F|257/311\n|-ability|p2a: Excadrill|Mold Breaker\n|move|p1a: Lunala|Calm Mind|p1a: Lunala\n|-boost|p1a: Lunala|spa|1\n|-boost|p1a: Lunala|spd|1\n|\n|-weather|none\n|upkeep\n|turn|19\n|inactive|Battle timer is ON: inactive players will automatically lose when time's up. (requested by Kurochan3)\n|inactive|La.Hellhound has 20 seconds left this turn.\n|inactive|La.Hellhound has 15 seconds left.\n|\n|t:|1769121696\n|move|p2a: Excadrill|Iron Head|p1a: Lunala\n|-damage|p1a: Lunala|262/316\n|-zpower|p1a: Lunala\n|move|p1a: Lunala|Menacing Moonraze Maelstrom|p2a: Excadrill|[zeffect]\n|-damage|p2a: Excadrill|4/311\n|\n|upkeep\n|turn|20\n|inactive|La.Hellhound has 25 seconds left this turn.\n|inactive|La.Hellhound has 20 seconds left.\n|\n|t:|1769121706\n|move|p2a: Excadrill|Earthquake|p1a: Lunala\n|-damage|p1a: Lunala|120/316\n|move|p1a: Lunala|Roost|p1a: Lunala\n|-heal|p1a: Lunala|278/316\n|-singleturn|p1a: Lunala|move: Roost\n|\n|upkeep\n|turn|21\n|inactive|La.Hellhound has 30 seconds left this turn.\n|\n|t:|1769121715\n|move|p2a: Excadrill|Earthquake|p1a: Lunala\n|-damage|p1a: Lunala|130/316\n|move|p1a: Lunala|Moongeist Beam|p2a: Excadrill\n|-damage|p2a: Excadrill|0 fnt\n|faint|p2a: Excadrill\n|\n|upkeep\n|inactive|La.Hellhound has 30 seconds left this turn.\n|inactive|La.Hellhound has 20 seconds left.\n|\n|t:|1769121730\n|switch|p2a: Golisopod|Golisopod, L84, M|263/263 par\n|turn|22\n|inactive|La.Hellhound has 30 seconds left this turn.\n|\n|t:|1769121733\n|move|p2a: Golisopod|First Impression|p1a: Lunala\n|-damage|p1a: Lunala|0 fnt\n|faint|p1a: Lunala\n|\n|upkeep\n|\n|t:|1769121738\n|switch|p1a: Reshiram|Reshiram, L75|274/274\n|-ability|p1a: Reshiram|Turboblaze\n|turn|23\n|\n|t:|1769121747\n|switch|p2a: Kommo-o|Kommo-o, L74, M|191/233 par\n|move|p1a: Reshiram|Blue Flare|p2a: Kommo-o\n|-resisted|p2a: Kommo-o\n|-damage|p2a: Kommo-o|113/233 par\n|\n|upkeep\n|turn|24\n|\n|t:|1769121758\n|move|p1a: Reshiram|Draco Meteor|p2a: Kommo-o\n|-supereffective|p2a: Kommo-o\n|-damage|p2a: Kommo-o|0 fnt\n|-unboost|p1a: Reshiram|spa|2\n|faint|p2a: Kommo-o\n|\n|upkeep\n|\n|t:|1769121766\n|switch|p2a: Xatu|Xatu, L89, M|121/260\n|turn|25\n|\n|t:|1769121770\n|move|p2a: Xatu|Thunder Wave|p1a: Reshiram\n|-status|p1a: Reshiram|par\n|move|p1a: Reshiram|Draco Meteor|p2a: Xatu\n|-damage|p2a: Xatu|27/260\n|-unboost|p1a: Reshiram|spa|2\n|\n|-heal|p2a: Xatu|43/260|[from] item: Leftovers\n|upkeep\n|turn|26\n|\n|t:|1769121778\n|switch|p1a: Sableye|Sableye, L86, M|226/226\n|move|p2a: Xatu|Roost|p2a: Xatu\n|-heal|p2a: Xatu|173/260\n|-singleturn|p2a: Xatu|move: Roost\n|\n|-heal|p2a: Xatu|189/260|[from] item: Leftovers\n|upkeep\n|turn|27\n|inactive|La.Hellhound has 60 seconds left.\n|\n|t:|1769121789\n|detailschange|p1a: Sableye|Sableye-Mega, L86, M\n|-mega|p1a: Sableye|Sableye|Sablenite\n|move|p2a: Xatu|Roost|p2a: Xatu\n|-heal|p2a: Xatu|260/260\n|-singleturn|p2a: Xatu|move: Roost\n|move|p1a: Sableye|Calm Mind|p1a: Sableye\n|-boost|p1a: Sableye|spa|1\n|-boost|p1a: Sableye|spd|1\n|\n|upkeep\n|turn|28\n|inactive|La.Hellhound has 60 seconds left.\n|\n|t:|1769121797\n|move|p2a: Xatu|U-turn|p1a: Sableye\n|-damage|p1a: Sableye|190/226\n|\n|t:|1769121800\n|switch|p2a: Golisopod|Golisopod, L84, M|263/263 par|[from] U-turn\n|move|p1a: Sableye|Dark Pulse|p2a: Golisopod\n|-damage|p2a: Golisopod|146/263 par\n|\n|upkeep\n|turn|29\n|\n|t:|1769121809\n|move|p1a: Sableye|Recover|p1a: Sableye\n|-heal|p1a: Sableye|226/226\n|move|p2a: Golisopod|Liquidation|p1a: Sableye\n|-damage|p1a: Sableye|108/226\n|\n|upkeep\n|turn|30\n|\n|t:|1769121820\n|switch|p2a: Azelf|Azelf, L82|67/257 brn\n|move|p1a: Sableye|Recover|p1a: Sableye\n|-heal|p1a: Sableye|221/226\n|\n|-heal|p2a: Azelf|83/257 brn|[from] item: Leftovers\n|-damage|p2a: Azelf|67/257 brn|[from] brn\n|upkeep\n|turn|31\n|\n|t:|1769121831\n|move|p2a: Azelf|Fire Blast|p1a: Sableye|[miss]\n|-miss|p2a: Azelf|p1a: Sableye\n|move|p1a: Sableye|Dark Pulse|p2a: Azelf\n|-supereffective|p2a: Azelf\n|-damage|p2a: Azelf|0 fnt\n|faint|p2a: Azelf\n|\n|upkeep\n|\n|t:|1769121838\n|switch|p2a: Golisopod|Golisopod, L84, M|146/263 par\n|turn|32\n|\n|t:|1769121842\n|move|p2a: Golisopod|First Impression|p1a: Sableye\n|-damage|p1a: Sableye|82/226\n|move|p1a: Sableye|Recover|p1a: Sableye\n|-heal|p1a: Sableye|195/226\n|\n|upkeep\n|turn|33\n|-message|La.Hellhound forfeited.\n|\n|win|Kurochan3\n|raw|Kurochan3's rating: 1671 &rarr; <strong>1694</strong><br />(+23 for winning)\n|raw|La.Hellhound's rating: 1720 &rarr; <strong>1697</strong><br />(-23 for losing)\n|l|‽La.Hellhound\n|player|p2|\n", "inputlog": ">version dd3d52b8382d73d1dd2c67730c4067df325ab790\n>start {\"formatid\":\"gen7randombattle\",\"seed\":\"sodium,291512e315a21c1e3effbfac141df790\",\"rated\":\"Rated battle\"}\n>player p1 {\"name\":\"Kurochan3\",\"avatar\":\"cynthia-gen4\",\"rating\":1671,\"seed\":\"sodium,0a6f073e48c34b14ff7865c4c4da3844\"}\n>player p2 {\"name\":\"La.Hellhound\",\"avatar\":\"alder\",\"rating\":1720,\"seed\":\"sodium,4192673f5d9ee33f9cb00915260b7284\"}\n>p1 move energyball\n>p2 switch 3\n>p1 move moonblast\n>p2 move uturn\n>p2 switch 6\n>p1 move stunspore\n>p2 move firstimpression\n>p1 move moonblast\n>p2 switch 2\n>p1 move stunspore\n>p2 switch 2\n>p1 switch 2\n>p2 move leechlife\n>p1 move blueflare\n>p2 switch 4\n>p1 move roost\n>p2 move stealthrock\n>p1 move defog\n>p2 switch 3\n>p1 switch 4\n>p2 move stoneedge\n>p1 move substitute\n>p2 switch 5\n>p1 move thunderwave\n>p2 move dragondance\n>p1 move return\n>p2 move clangingscales zmove\n>p1 switch 2\n>p1 move moonblast\n>p2 switch 5\n>p1 move energyball\n>p2 move earthquake\n>p1 switch 6\n>p1 move shadowball\n>p2 move earthquake\n>p2 switch 5\n>p1 move nastyplot\n>p2 move closecombat\n>p1 switch 3\n>p1 move calmmind\n>p2 switch 2\n>p1 move moongeistbeam zmove\n>p2 move ironhead\n>p1 move roost\n>p2 move earthquake\n>p1 move moongeistbeam\n>p2 move earthquake\n>p2 switch 4\n>p1 move roost\n>p2 move firstimpression\n>p1 switch 4\n>p1 move blueflare\n>p2 switch 2\n>p1 move dracometeor\n>p2 move clangingscales\n>p2 switch 6\n>p1 move dracometeor\n>p2 move thunderwave\n>p1 switch 5\n>p2 move roost\n>p1 move calmmind mega\n>p2 move roost\n>p1 move darkpulse\n>p2 move uturn\n>p2 switch 2\n>p1 move recover\n>p2 move liquidation\n>p1 move recover\n>p2 switch 3\n>p1 move darkpulse\n>p2 move fireblast\n>p2 switch 3\n>p1 move recover\n>p2 move firstimpression\n>forcelose p2", "uploadtime": 1769121850, "views": 150, "formatid": "gen7randombattle", "rating": 1694, "private": 0, "password": null}