{"id": "gen7randombattle-2527840748", "format": "[Gen 7] Random Battle", "players": ["SpicyPuma", "beckywiththebraids"], "log": "|j|☆SpicyPuma\n|j|☆beckywiththebraids\n|t:|1769586940\n|gametype|singles\n|player|p1|SpicyPuma|266|1699\n|player|p2|beckywiththebraids|266|1664\n|gen|7\n|tier|[Gen 7] Random Battle\n|rated|\n|rule|Sleep Clause Mod: Limit one foe put to sleep\n|rule|HP Percentage Mod: HP is shown in percentages\n|rule|Illusion Level Mod: Illusion disguises the Pokémon's true level\n|\n|t:|1769586940\n|teamsize|p1|6\n|teamsize|p2|6\n|start\n|switch|p1a: Lurantis|Lurantis, L90, F|272/272\n|switch|p2a: Machamp|Machamp, L84, M|288/288\n|turn|1\n|inactive|Battle timer is ON: inactive players will automatically lose when time's up. (requested by SpicyPuma)\n|\n|t:|1769586950\n|switch|p1a: Granbull|Granbull, L89, M|305/305\n|-ability|p1a: Granbull|Intimidate|boost\n|-unboost|p2a: Machamp|atk|1\n|move|p2a: Machamp|Dynamic Punch|p1a: Granbull\n|-resisted|p1a: Granbull\n|-damage|p1a: Granbull|257/305\n|-start|p1a: Granbull|confusion\n|\n|-heal|p1a: Granbull|276/305|[from] item: Leftovers\n|upkeep\n|turn|2\n|\n|t:|1769586954\n|switch|p2a: Solrock|Solrock, L90|308/308\n|-activate|p1a: Granbull|confusion\n|move|p1a: Granbull|Toxic|p2a: Solrock\n|-status|p2a: Solrock|tox\n|\n|-heal|p1a: Granbull|295/305|[from] item: Leftovers\n|-damage|p2a: Solrock|289/308 tox|[from] psn\n|upkeep\n|turn|3\n|\n|t:|1769586963\n|switch|p1a: Lurantis|Lurantis, L90, F|272/272\n|move|p2a: Solrock|Stealth Rock|p1a: Lurantis\n|-sidestart|p1: SpicyPuma|move: Stealth Rock\n|\n|-heal|p2a: Solrock|308/308 tox|[from] item: Leftovers\n|-damage|p2a: Solrock|270/308 tox|[from] psn\n|upkeep\n|turn|4\n|\n|t:|1769586969\n|switch|p2a: Oricorio|Oricorio, L90, M|281/281\n|move|p1a: Lurantis|Leaf Storm|p2a: Oricorio\n|-resisted|p2a: Oricorio\n|-damage|p2a: Oricorio|241/281\n|-boost|p1a: Lurantis|spa|2\n|\n|-heal|p2a: Oricorio|258/281|[from] item: Leftovers\n|upkeep\n|turn|5\n|\n|t:|1769586981\n|move|p2a: Oricorio|Revelation Dance|p1a: Lurantis\n|-supereffective|p1a: Lurantis\n|-damage|p1a: Lurantis|132/272\n|move|p1a: Lurantis|Hidden Power|p2a: Oricorio\n|-supereffective|p2a: Oricorio\n|-damage|p2a: Oricorio|0 fnt\n|faint|p2a: Oricorio\n|\n|upkeep\n|\n|t:|1769586986\n|switch|p2a: Machamp|Machamp, L84, M|288/288\n|turn|6\n|\n|t:|1769586996\n|move|p2a: Machamp|Knock Off|p1a: Lurantis\n|-damage|p1a: Lurantis|59/272\n|-enditem|p1a: Lurantis|Assault Vest|[from] move: Knock Off|[of] p2a: Machamp\n|move|p1a: Lurantis|Leaf Storm|p2a: Machamp\n|-damage|p2a: Machamp|9/288\n|-boost|p1a: Lurantis|spa|2\n|\n|-heal|p2a: Machamp|27/288|[from] item: Leftovers\n|upkeep\n|turn|7\n|\n|t:|1769587003\n|move|p2a: Machamp|Dynamic Punch|p1a: Lurantis\n|-damage|p1a: Lurantis|0 fnt\n|faint|p1a: Lurantis\n|\n|-heal|p2a: Machamp|45/288|[from] item: Leftovers\n|upkeep\n|\n|t:|1769587020\n|switch|p1a: Electrode|Electrode, L89|252/252\n|-damage|p1a: Electrode|221/252|[from] Stealth Rock\n|turn|8\n|\n|t:|1769587023\n|switch|p2a: Jolteon|Jolteon, L81, M|238/238\n|move|p1a: Electrode|Thunderbolt|p2a: Jolteon\n|-immune|p2a: Jolteon|[from] ability: Volt Absorb\n|\n|upkeep\n|turn|9\n|\n|t:|1769587030\n|move|p1a: Electrode|Foul Play|p2a: Jolteon\n|-damage|p2a: Jolteon|189/238\n|move|p2a: Jolteon|Volt Switch|p1a: Electrode\n|-resisted|p1a: Electrode\n|-damage|p1a: Electrode|167/252\n|\n|t:|1769587037\n|switch|p2a: Machamp|Machamp, L84, M|45/288|[from] Volt Switch\n|\n|-heal|p2a: Machamp|63/288|[from] item: Leftovers\n|upkeep\n|turn|10\n|\n|t:|1769587043\n|switch|p2a: Jolteon|Jolteon, L81, M|189/238\n|move|p1a: Electrode|Hidden Power|p2a: Jolteon\n|-damage|p2a: Jolteon|151/238\n|\n|upkeep\n|turn|11\n|\n|t:|1769587050\n|move|p1a: Electrode|Foul Play|p2a: Jolteon\n|-damage|p2a: Jolteon|102/238\n|move|p2a: Jolteon|Signal Beam|p1a: Electrode\n|-damage|p1a: Electrode|80/252\n|\n|upkeep\n|turn|12\n|\n|t:|1769587076\n|switch|p1a: Eelektross|Eelektross, L88, F|293/293\n|-damage|p1a: Eelektross|257/293|[from] Stealth Rock\n|move|p2a: Jolteon|Signal Beam|p1a: Eelektross\n|-damage|p1a: Eelektross|202/293\n|\n|upkeep\n|turn|13\n|\n|t:|1769587086\n|switch|p2a: Machamp|Machamp, L84, M|63/288\n|move|p1a: Eelektross|Flamethrower|p2a: Machamp\n|-damage|p2a: Machamp|0 fnt\n|faint|p2a: Machamp\n|\n|upkeep\n|\n|t:|1769587089\n|switch|p2a: Solrock|Solrock, L90|270/308 tox\n|turn|14\n|\n|t:|1769587095\n|move|p2a: Solrock|Stone Edge|p1a: Eelektross\n|-damage|p1a: Eelektross|75/293\n|move|p1a: Eelektross|Giga Drain|p2a: Solrock\n|-supereffective|p2a: Solrock\n|-damage|p2a: Solrock|134/308 tox\n|-heal|p1a: Eelektross|143/293|[from] drain|[of] p2a: Solrock\n|\n|-heal|p2a: Solrock|153/308 tox|[from] item: Leftovers\n|-damage|p2a: Solrock|134/308 tox|[from] psn\n|upkeep\n|turn|15\n|\n|t:|1769587099\n|move|p2a: Solrock|Stone Edge|p1a: Eelektross|[miss]\n|-miss|p2a: Solrock|p1a: Eelektross\n|move|p1a: Eelektross|Giga Drain|p2a: Solrock\n|-supereffective|p2a: Solrock\n|-damage|p2a: Solrock|0 fnt\n|-heal|p1a: Eelektross|210/293|[from] drain|[of] p2a: Solrock\n|faint|p2a: Solrock\n|\n|upkeep\n|\n|t:|1769587103\n|switch|p2a: Alakazam|Alakazam, L78, M|214/214\n|turn|16\n|\n|t:|1769587109\n|detailschange|p2a: Alakazam|Alakazam-Mega, L78, M\n|-mega|p2a: Alakazam|Alakazam|Alakazite\n|-ability|p2a: Alakazam|Levitate|Trace|[from] ability: Trace|[of] p1a: Eelektross\n|move|p2a: Alakazam|Encore|p1a: Eelektross\n|-start|p1a: Eelektross|Encore\n|move|p1a: Eelektross|Giga Drain|p2a: Alakazam\n|-damage|p2a: Alakazam|156/214\n|-heal|p1a: Eelektross|239/293|[from] drain|[of] p2a: Alakazam\n|\n|upkeep\n|turn|17\n|\n|t:|1769587136\n|move|p2a: Alakazam|Calm Mind|p2a: Alakazam\n|-boost|p2a: Alakazam|spa|1\n|-boost|p2a: Alakazam|spd|1\n|move|p1a: Eelektross|Giga Drain|p2a: Alakazam\n|-damage|p2a: Alakazam|115/214\n|-heal|p1a: Eelektross|260/293|[from] drain|[of] p2a: Alakazam\n|\n|upkeep\n|turn|18\n|\n|t:|1769587139\n|move|p2a: Alakazam|Psychic|p1a: Eelektross\n|-damage|p1a: Eelektross|115/293\n|move|p1a: Eelektross|Giga Drain|p2a: Alakazam\n|-damage|p2a: Alakazam|74/214\n|-heal|p1a: Eelektross|136/293|[from] drain|[of] p2a: Alakazam\n|\n|-end|p1a: Eelektross|Encore\n|upkeep\n|turn|19\n|\n|t:|1769587144\n|move|p2a: Alakazam|Psychic|p1a: Eelektross\n|-damage|p1a: Eelektross|6/293\n|move|p1a: Eelektross|Discharge|p2a: Alakazam\n|-damage|p2a: Alakazam|13/214\n|-status|p2a: Alakazam|par\n|\n|upkeep\n|turn|20\n|\n|t:|1769587148\n|move|p2a: Alakazam|Psychic|p1a: Eelektross\n|-damage|p1a: Eelektross|0 fnt\n|faint|p1a: Eelektross\n|\n|upkeep\n|\n|t:|1769587175\n|switch|p1a: Pyroar|Pyroar, L88, F|295/295\n|-ability|p1a: Pyroar|Unnerve\n|-damage|p1a: Pyroar|222/295|[from] Stealth Rock\n|turn|21\n|\n|t:|1769587180\n|move|p1a: Pyroar|Hyper Voice|p2a: Alakazam\n|-damage|p2a: Alakazam|0 fnt\n|faint|p2a: Alakazam\n|detailschange|p2: Alakazam|Alakazam, L78, M|[silent]\n|-damage|p1a: Pyroar|193/295|[from] item: Life Orb\n|\n|upkeep\n|\n|t:|1769587183\n|switch|p2a: Jolteon|Jolteon, L81, M|102/238\n|turn|22\n|\n|t:|1769587185\n|move|p2a: Jolteon|Thunderbolt|p1a: Pyroar\n|-damage|p1a: Pyroar|24/295\n|-status|p1a: Pyroar|par\n|cant|p1a: Pyroar|par\n|\n|upkeep\n|turn|23\n|\n|t:|1769587188\n|move|p2a: Jolteon|Thunderbolt|p1a: Pyroar\n|-damage|p1a: Pyroar|0 fnt\n|faint|p1a: Pyroar\n|\n|upkeep\n|\n|t:|1769587194\n|switch|p1a: Granbull|Granbull, L89, M|295/305\n|-damage|p1a: Granbull|257/305|[from] Stealth Rock\n|-ability|p1a: Granbull|Intimidate|boost\n|-unboost|p2a: Jolteon|atk|1\n|turn|24\n|\n|t:|1769587196\n|move|p2a: Jolteon|Thunderbolt|p1a: Granbull\n|-damage|p1a: Granbull|64/305\n|-status|p1a: Granbull|par\n|cant|p1a: Granbull|par\n|\n|-heal|p1a: Granbull|83/305 par|[from] item: Leftovers\n|upkeep\n|turn|25\n|c|☆SpicyPuma|Wtf\n|c|☆SpicyPuma|what the actual fuck\n|c|☆SpicyPuma|how lucky\n|c|☆SpicyPuma|can u be\n|\n|t:|1769587220\n|move|p2a: Jolteon|Thunderbolt|p1a: Granbull\n|-damage|p1a: Granbull|0 fnt\n|faint|p1a: Granbull\n|\n|upkeep\n|inactive|SpicyPuma has 120 seconds left.\n|c|☆SpicyPuma|1% para and 2 paralyzed\n|c|☆SpicyPuma|fycking crazy\n|inactive|SpicyPuma has 90 seconds left.\n|c|☆SpicyPuma|that’s like a 1/1600 chance\n|\n|t:|1769587272\n|switch|p1a: Electrode|Electrode, L89|80/252\n|-damage|p1a: Electrode|49/252|[from] Stealth Rock\n|turn|26\n|\n|t:|1769587275\n|move|p1a: Electrode|Foul Play|p2a: Jolteon\n|-damage|p2a: Jolteon|66/238\n|move|p2a: Jolteon|Thunderbolt|p1a: Electrode\n|-resisted|p1a: Electrode\n|-damage|p1a: Electrode|0 fnt\n|faint|p1a: Electrode\n|\n|upkeep\n|\n|t:|1769587279\n|switch|p1a: Clawitzer|Clawitzer, L87, F|265/265\n|-damage|p1a: Clawitzer|232/265|[from] Stealth Rock\n|turn|27\n|\n|t:|1769587286\n|move|p2a: Jolteon|Thunderbolt|p1a: Clawitzer\n|-supereffective|p1a: Clawitzer\n|-damage|p1a: Clawitzer|0 fnt\n|faint|p1a: Clawitzer\n|\n|win|beckywiththebraids\n|raw|SpicyPuma's rating: 1699 &rarr; <strong>1678</strong><br />(-21 for losing)\n|raw|beckywiththebraids's rating: 1679 &rarr; <strong>1700</strong><br />(+21 for winning)\n|c|☆SpicyPuma|Bullshit game\n", "inputlog": ">version b99ff0165a6231f17e8b78c2a78d1998375de664\n>start {\"formatid\":\"gen7randombattle\",\"seed\":\"sodium,7c2496c286f7ca79747e0effff2a4334\",\"rated\":\"Rated battle\"}\n>player p1 {\"name\":\"SpicyPuma\",\"avatar\":\"266\",\"rating\":1699,\"seed\":\"sodium,5c903740cc269ae556d0bda1ee851621\"}\n>player p2 {\"name\":\"beckywiththebraids\",\"avatar\":\"266\",\"rating\":1664,\"seed\":\"sodium,ab00bcbe0226c301a9ff5f0aa28ba81e\"}\n>p1 switch 3\n>p2 move dynamicpunch\n>p1 move toxic\n>p2 switch 3\n>p1 switch 3\n>p2 move stealthrock\n>p1 move leafstorm\n>p2 switch 4\n>p1 move hiddenpower\n>p2 move revelationdance\n>p2 switch 3\n>p1 move leafstorm\n>p2 move knockoff\n>p1 move superpower\n>p2 move dynamicpunch\n>p1 switch 6\n>p1 move thunderbolt\n>p2 switch 2\n>p1 move foulplay\n>p2 move voltswitch\n>p2 switch 2\n>p1 move hiddenpower\n>p2 switch 2\n>p1 move foulplay\n>p2 move signalbeam\n>p1 switch 5\n>p2 move signalbeam\n>p1 move flamethrower\n>p2 switch 2\n>p2 switch 4\n>p1 move gigadrain\n>p2 move stoneedge\n>p1 move gigadrain\n>p2 move stoneedge\n>p2 switch 6\n>p1 move discharge\n>p2 move encore mega\n>p1 move gigadrain\n>p2 move calmmind\n>p1 move gigadrain\n>p2 move psychic\n>p1 move discharge\n>p2 move psychic\n>p1 move gigadrain\n>p2 move psychic\n>p1 switch 4\n>p1 move hypervoice\n>p2 move psychic\n>p2 switch 2\n>p1 move hypervoice\n>p2 move thunderbolt\n>p1 move hypervoice\n>p2 move thunderbolt\n>p1 switch 3\n>p1 move earthquake\n>p2 move thunderbolt\n>chat ☆SpicyPuma|Wtf\n>chat ☆SpicyPuma|what the actual fuck\n>chat ☆SpicyPuma|how lucky\n>chat ☆SpicyPuma|can u be\n>p1 move earthquake\n>p2 move thunderbolt\n>chat ☆SpicyPuma|1% para and 2 paralyzed\n>chat ☆SpicyPuma|fycking crazy\n>chat ☆SpicyPuma|that’s like a 1/1600 chance\n>p1 switch 5\n>p1 move foulplay\n>p2 move thunderbolt\n>p1 switch 2\n>p1 move waterpulse\n>p2 move thunderbolt", "uploadtime": 1769587302, "views": 181, "formatid": "gen7randombattle", "rating": 1678, "private": 0, "password": null}