{"id": "gen7randombattle-2533286052", "format": "[Gen 7] Random Battle", "players": ["D3XT3R08", "ockdzck"], "log": "|j|☆D3XT3R08\n|j|☆ockdzck\n|t:|1770286902\n|gametype|singles\n|player|p1|D3XT3R08|brock|1551\n|player|p2|ockdzck|blue|1661\n|gen|7\n|tier|[Gen 7] Random Battle\n|rated|\n|rule|Sleep Clause Mod: Limit one foe put to sleep\n|rule|HP Percentage Mod: HP is shown in percentages\n|rule|Illusion Level Mod: Illusion disguises the Pokémon's true level\n|\n|t:|1770286902\n|teamsize|p1|6\n|teamsize|p2|6\n|start\n|switch|p1a: Clawitzer|Clawitzer, L87, F|265/265\n|switch|p2a: Rayquaza|Rayquaza, L69|259/259\n|-ability|p2a: Rayquaza|Air Lock\n|turn|1\n|inactive|Battle timer is ON: inactive players will automatically lose when time's up. (requested by D3XT3R08)\n|\n|t:|1770286927\n|switch|p2a: Gardevoir|Gardevoir, L79, F|237/237\n|-ability|p2a: Gardevoir|Mega Launcher|Trace|[from] ability: Trace|[of] p1a: Clawitzer\n|move|p1a: Clawitzer|Ice Beam|p2a: Gardevoir\n|-damage|p2a: Gardevoir|163/237\n|\n|upkeep\n|turn|2\n|\n|t:|1770286941\n|detailschange|p2a: Gardevoir|Gardevoir-Mega, L79, F\n|-mega|p2a: Gardevoir|Gardevoir|Gardevoirite\n|move|p2a: Gardevoir|Hyper Voice|p1a: Clawitzer\n|-damage|p1a: Clawitzer|160/265\n|move|p1a: Clawitzer|U-turn|p2a: Gardevoir\n|-damage|p2a: Gardevoir|105/237\n|\n|t:|1770286962\n|switch|p1a: Raichu|Raichu, L88, M|249/249|[from] U-turn\n|\n|upkeep\n|turn|3\n|\n|t:|1770286969\n|switch|p2a: Carnivine|Carnivine, F|310/310\n|move|p1a: Raichu|Thunderbolt|p2a: Carnivine\n|-resisted|p2a: Carnivine\n|-damage|p2a: Carnivine|236/310\n|\n|-heal|p2a: Carnivine|255/310|[from] item: Leftovers\n|upkeep\n|turn|4\n|\n|t:|1770286979\n|switch|p1a: Farfetch’d|Farfetch’d, F|266/266\n|move|p2a: Carnivine|Toxic|p1a: Farfetch’d\n|-status|p1a: Farfetch’d|tox\n|\n|-heal|p2a: Carnivine|274/310|[from] item: Leftovers\n|-damage|p1a: Farfetch’d|250/266 tox|[from] psn\n|upkeep\n|turn|5\n|\n|t:|1770286987\n|switch|p2a: Pelipper|Pelipper, L87, F|246/246\n|-weather|RainDance|[from] ability: Drizzle|[of] p2a: Pelipper\n|move|p1a: Farfetch’d|Knock Off|p2a: Pelipper\n|-crit|p2a: Pelipper\n|-damage|p2a: Pelipper|128/246\n|-enditem|p2a: Pelipper|Choice Specs|[from] move: Knock Off|[of] p1a: Farfetch’d\n|\n|-weather|RainDance|[upkeep]\n|-damage|p1a: Farfetch’d|218/266 tox|[from] psn\n|upkeep\n|turn|6\n|\n|t:|1770286997\n|move|p1a: Farfetch’d|Brave Bird|p2a: Pelipper\n|-damage|p2a: Pelipper|0 fnt\n|faint|p2a: Pelipper\n|-damage|p1a: Farfetch’d|176/266 tox|[from] Recoil\n|\n|-weather|RainDance|[upkeep]\n|-damage|p1a: Farfetch’d|128/266 tox|[from] psn\n|upkeep\n|\n|t:|1770287019\n|switch|p2a: Toxicroak|Toxicroak, L84, M|277/277\n|turn|7\n|\n|t:|1770287025\n|move|p2a: Toxicroak|Gunk Shot|p1a: Farfetch’d\n|-damage|p1a: Farfetch’d|0 fnt\n|faint|p1a: Farfetch’d\n|-damage|p2a: Toxicroak|250/277|[from] item: Life Orb\n|\n|-weather|RainDance|[upkeep]\n|-heal|p2a: Toxicroak|277/277|[from] ability: Dry Skin\n|upkeep\n|\n|t:|1770287036\n|switch|p1a: Golem|Golem-Alola, L90, M|290/290\n|turn|8\n|\n|t:|1770287041\n|switch|p2a: Carnivine|Carnivine, F|274/310\n|move|p1a: Golem|Earthquake|p2a: Carnivine\n|-immune|p2a: Carnivine|[from] ability: Levitate\n|\n|-weather|RainDance|[upkeep]\n|-heal|p2a: Carnivine|293/310|[from] item: Leftovers\n|upkeep\n|turn|9\n|\n|t:|1770287059\n|switch|p1a: Clawitzer|Clawitzer, L87, F|160/265\n|move|p2a: Carnivine|Power Whip|p1a: Clawitzer\n|-supereffective|p1a: Clawitzer\n|-damage|p1a: Clawitzer|0 fnt\n|faint|p1a: Clawitzer\n|\n|-weather|none\n|-heal|p2a: Carnivine|310/310|[from] item: Leftovers\n|upkeep\n|\n|t:|1770287068\n|switch|p1a: Magearna|Magearna, L77|250/250\n|turn|10\n|\n|t:|1770287077\n|switch|p2a: Accelgor|Accelgor, L90, M|290/290\n|move|p1a: Magearna|Thunder Wave|p2a: Accelgor\n|-status|p2a: Accelgor|par\n|\n|upkeep\n|turn|11\n|\n|t:|1770287093\n|move|p2a: Accelgor|Encore|p1a: Magearna\n|-start|p1a: Magearna|Encore\n|move|p1a: Magearna|Thunder Wave|p2a: Accelgor\n|-fail|p2a: Accelgor|par\n|\n|upkeep\n|turn|12\n|\n|t:|1770287106\n|switch|p2a: Toxicroak|Toxicroak, L84, M|277/277\n|switch|p1a: Golem|Golem-Alola, L90, M|290/290\n|\n|upkeep\n|turn|13\n|\n|t:|1770287117\n|move|p2a: Toxicroak|Earthquake|p1a: Golem\n|-supereffective|p1a: Golem\n|-damage|p1a: Golem|9/290\n|-damage|p2a: Toxicroak|250/277|[from] item: Life Orb\n|move|p1a: Golem|Return|p2a: Toxicroak\n|-damage|p2a: Toxicroak|0 fnt\n|faint|p2a: Toxicroak\n|\n|upkeep\n|inactive|ockdzck has 120 seconds left.\n|\n|t:|1770287149\n|switch|p2a: Rayquaza|Rayquaza, L69|259/259\n|-ability|p2a: Rayquaza|Air Lock\n|turn|14\n|inactive|ockdzck has 120 seconds left.\n|\n|t:|1770287166\n|move|p2a: Rayquaza|Extreme Speed|p1a: Golem\n|-resisted|p1a: Golem\n|-damage|p1a: Golem|0 fnt\n|faint|p1a: Golem\n|\n|upkeep\n|\n|t:|1770287184\n|switch|p1a: Magearna|Magearna, L77|250/250\n|turn|15\n|\n|t:|1770287190\n|move|p2a: Rayquaza|V-create|p1a: Magearna\n|-supereffective|p1a: Magearna\n|-crit|p1a: Magearna\n|-damage|p1a: Magearna|0 fnt\n|-unboost|p2a: Rayquaza|spe|1\n|-unboost|p2a: Rayquaza|def|1\n|-unboost|p2a: Rayquaza|spd|1\n|faint|p1a: Magearna\n|\n|upkeep\n|\n|t:|1770287196\n|switch|p1a: Seaking|Seaking, L95, F|306/306\n|turn|16\n|\n|t:|1770287202\n|switch|p2a: Accelgor|Accelgor, L90, M|290/290 par\n|move|p1a: Seaking|Knock Off|p2a: Accelgor\n|-damage|p2a: Accelgor|101/290 par\n|-activate|p2a: Accelgor|ability: Sticky Hold\n|\n|-heal|p2a: Accelgor|119/290 par|[from] item: Leftovers\n|upkeep\n|turn|17\n|\n|t:|1770287210\n|move|p1a: Seaking|Knock Off|p2a: Accelgor\n|-damage|p2a: Accelgor|0 fnt\n|-enditem|p2a: Accelgor|Leftovers|[from] move: Knock Off|[of] p1a: Seaking\n|faint|p2a: Accelgor\n|\n|upkeep\n|\n|t:|1770287214\n|switch|p2a: Rayquaza|Rayquaza, L69|259/259\n|-ability|p2a: Rayquaza|Air Lock\n|turn|18\n|\n|t:|1770287218\n|move|p1a: Seaking|Knock Off|p2a: Rayquaza\n|-damage|p2a: Rayquaza|151/259\n|move|p2a: Rayquaza|Dragon Dance|p2a: Rayquaza\n|-boost|p2a: Rayquaza|atk|1\n|-boost|p2a: Rayquaza|spe|1\n|\n|upkeep\n|turn|19\n|\n|t:|1770287224\n|-zpower|p2a: Rayquaza\n|move|p2a: Rayquaza|Supersonic Skystrike|p1a: Seaking|[zeffect]\n|-damage|p1a: Seaking|0 fnt\n|faint|p1a: Seaking\n|\n|upkeep\n|\n|t:|1770287230\n|switch|p1a: Raichu|Raichu, L88, M|249/249\n|turn|20\n|\n|t:|1770287237\n|move|p2a: Rayquaza|V-create|p1a: Raichu\n|-damage|p1a: Raichu|0 fnt\n|-unboost|p2a: Rayquaza|spe|1\n|-unboost|p2a: Rayquaza|def|1\n|-unboost|p2a: Rayquaza|spd|1\n|faint|p1a: Raichu\n|\n|win|ockdzck\n|raw|D3XT3R08's rating: 1551 &rarr; <strong>1537</strong><br />(-14 for losing)\n|raw|ockdzck's rating: 1661 &rarr; <strong>1675</strong><br />(+14 for winning)\n", "inputlog": ">version ccdc32dd7cde25fd9e4bed64820e885f66e78a4e\n>start {\"formatid\":\"gen7randombattle\",\"seed\":\"sodium,57cc9ecd343a275097bcbdff19574a2a\",\"rated\":\"Rated battle\"}\n>player p1 {\"name\":\"D3XT3R08\",\"avatar\":\"brock\",\"rating\":1551,\"seed\":\"sodium,da373db43b57d4db5c05f75e8cc44708\"}\n>player p2 {\"name\":\"ockdzck\",\"avatar\":\"blue\",\"rating\":1661,\"seed\":\"sodium,17d44f73b14da61e4f08fbc3bbe35e68\"}\n>p1 move icebeam\n>p2 switch 2\n>p1 move uturn\n>p2 move hypervoice mega\n>p1 switch 5\n>p1 move thunderbolt\n>p2 switch 5\n>p1 switch 6\n>p2 move toxic\n>p1 move knockoff\n>p2 switch 3\n>p1 move bravebird\n>p2 move hydropump\n>p2 switch 6\n>p1 move bravebird\n>p2 move gunkshot\n>p1 switch 3\n>p1 move earthquake\n>p2 switch 3\n>p1 switch 5\n>p2 move powerwhip\n>p1 switch 4\n>p1 move thunderwave\n>p2 switch 4\n>p1 move thunderwave\n>p2 move encore\n>p1 switch 5\n>p2 switch 3\n>p1 move return\n>p2 move earthquake\n>p2 switch 2\n>p1 move return\n>p2 move extremespeed\n>p1 switch 5\n>p1 move voltswitch\n>p2 move vcreate\n>p1 switch 2\n>p1 move knockoff\n>p2 switch 3\n>p1 move knockoff\n>p2 move bugbuzz\n>p2 switch 3\n>p1 move knockoff\n>p2 move dragondance\n>p1 move knockoff\n>p2 move dragonascent zmove\n>p1 switch 6\n>p1 move thunderbolt\n>p2 move vcreate", "uploadtime": 1770287240, "views": 160, "formatid": "gen7randombattle", "rating": 1537, "private": 0, "password": null}