{"id": "gen7randombattle-2523961947", "format": "[Gen 7] Random Battle", "players": ["Meuby Law", "janui"], "log": "|j|☆Meuby Law\n|j|‽janui\n|t:|1769095062\n|gametype|singles\n|player|p1|Meuby Law|hau-stance|1483\n|player|p2|janui|265|1542\n|gen|7\n|tier|[Gen 7] Random Battle\n|rated|\n|rule|Sleep Clause Mod: Limit one foe put to sleep\n|rule|HP Percentage Mod: HP is shown in percentages\n|rule|Illusion Level Mod: Illusion disguises the Pokémon's true level\n|\n|t:|1769095062\n|teamsize|p1|6\n|teamsize|p2|6\n|start\n|switch|p1a: Mewtwo|Mewtwo, L72|272/272\n|switch|p2a: Solgaleo|Solgaleo, L73|320/320\n|-ability|p1a: Mewtwo|Unnerve\n|turn|1\n|inactive|Battle timer is ON: inactive players will automatically lose when time's up. (requested by janui)\n|\n|t:|1769095095\n|move|p1a: Mewtwo|Fire Blast|p2a: Solgaleo\n|-supereffective|p2a: Solgaleo\n|-damage|p2a: Solgaleo|52/320\n|-enditem|p2a: Solgaleo|Weakness Policy\n|-boost|p2a: Solgaleo|atk|2|[from] item: Weakness Policy\n|-boost|p2a: Solgaleo|spa|2|[from] item: Weakness Policy\n|move|p2a: Solgaleo|Flame Charge|p1a: Mewtwo\n|-damage|p1a: Mewtwo|192/272\n|-boost|p2a: Solgaleo|spe|1\n|\n|upkeep\n|turn|2\n|\n|t:|1769095104\n|switch|p1a: Mightyena|Mightyena, L94, M|284/284\n|-ability|p1a: Mightyena|Intimidate|boost\n|-fail|p2a: Solgaleo|unboost|[from] ability: Full Metal Body|[of] p2a: Solgaleo\n|move|p2a: Solgaleo|Knock Off|p1a: Mightyena\n|-resisted|p1a: Mightyena\n|-crit|p1a: Mightyena\n|-damage|p1a: Mightyena|169/284\n|-enditem|p1a: Mightyena|Choice Band|[from] move: Knock Off|[of] p2a: Solgaleo\n|\n|upkeep\n|turn|3\n|\n|t:|1769095113\n|move|p1a: Mightyena|Sucker Punch|p2a: Solgaleo\n|-supereffective|p2a: Solgaleo\n|-damage|p2a: Solgaleo|0 fnt\n|faint|p2a: Solgaleo\n|\n|upkeep\n|\n|t:|1769095117\n|switch|p2a: Buzzwole|Buzzwole, L79|299/299\n|turn|4\n|inactive|Meuby Law has 120 seconds left.\n|\n|t:|1769095150\n|move|p1a: Mightyena|Play Rough|p2a: Buzzwole\n|-supereffective|p2a: Buzzwole\n|-damage|p2a: Buzzwole|185/299\n|move|p2a: Buzzwole|Toxic|p1a: Mightyena\n|-status|p1a: Mightyena|tox\n|\n|-heal|p2a: Buzzwole|203/299|[from] item: Leftovers\n|-damage|p1a: Mightyena|152/284 tox|[from] psn\n|upkeep\n|turn|5\n|\n|t:|1769095157\n|switch|p1a: Shiinotic|Shiinotic, L91, F|257/257\n|move|p2a: Buzzwole|Roost|p2a: Buzzwole\n|-heal|p2a: Buzzwole|299/299\n|-singleturn|p2a: Buzzwole|move: Roost\n|\n|upkeep\n|turn|6\n|\n|t:|1769095162\n|move|p2a: Buzzwole|Toxic|p1a: Shiinotic\n|-status|p1a: Shiinotic|tox\n|move|p1a: Shiinotic|Moonblast|p2a: Buzzwole\n|-supereffective|p2a: Buzzwole\n|-damage|p2a: Buzzwole|0 fnt\n|faint|p2a: Buzzwole\n|\n|-damage|p1a: Shiinotic|241/257 tox|[from] psn\n|upkeep\n|\n|t:|1769095173\n|switch|p2a: Pinsir|Pinsir, L74, M|217/217\n|turn|7\n|\n|t:|1769095181\n|move|p2a: Pinsir|Swords Dance|p2a: Pinsir\n|-boost|p2a: Pinsir|atk|2\n|move|p1a: Shiinotic|Spore|p2a: Pinsir\n|-status|p2a: Pinsir|slp|[from] move: Spore\n|\n|-heal|p1a: Shiinotic|257/257 tox|[from] item: Leftovers\n|-damage|p1a: Shiinotic|225/257 tox|[from] psn\n|upkeep\n|turn|8\n|\n|t:|1769095185\n|switch|p1a: Armaldo|Armaldo, L89, F|278/278\n|cant|p2a: Pinsir|slp\n|\n|upkeep\n|turn|9\n|\n|t:|1769095192\n|switch|p2a: Basculin|Basculin, L86, F|261/261\n|move|p1a: Armaldo|Stone Edge|p2a: Basculin|[miss]\n|-miss|p1a: Armaldo|p2a: Basculin\n|\n|upkeep\n|turn|10\n|\n|t:|1769095200\n|switch|p1a: Mightyena|Mightyena, L94, M|152/284 tox\n|-ability|p1a: Mightyena|Intimidate|boost\n|-unboost|p2a: Basculin|atk|1\n|move|p2a: Basculin|Liquidation|p1a: Mightyena\n|-damage|p1a: Mightyena|20/284 tox\n|\n|-damage|p1a: Mightyena|3/284 tox|[from] psn\n|upkeep\n|turn|11\n|\n|t:|1769095203\n|move|p2a: Basculin|Liquidation|p1a: Mightyena\n|-damage|p1a: Mightyena|0 fnt\n|faint|p1a: Mightyena\n|\n|upkeep\n|\n|t:|1769095210\n|switch|p1a: Shiinotic|Shiinotic, L91, F|225/257 tox\n|turn|12\n|\n|t:|1769095212\n|move|p2a: Basculin|Liquidation|p1a: Shiinotic\n|-resisted|p1a: Shiinotic\n|-damage|p1a: Shiinotic|164/257 tox\n|-status|p2a: Basculin|psn|[from] ability: Effect Spore|[of] p1a: Shiinotic\n|move|p1a: Shiinotic|Strength Sap|p2a: Basculin\n|-unboost|p2a: Basculin|atk|1\n|-heal|p1a: Shiinotic|257/257 tox\n|\n|-damage|p2a: Basculin|229/261 psn|[from] psn\n|-damage|p1a: Shiinotic|241/257 tox|[from] psn\n|upkeep\n|turn|13\n|\n|t:|1769095220\n|move|p2a: Basculin|Liquidation|p1a: Shiinotic\n|-resisted|p1a: Shiinotic\n|-damage|p1a: Shiinotic|199/257 tox\n|move|p1a: Shiinotic|Moonblast|p2a: Basculin\n|-damage|p2a: Basculin|90/261 psn\n|\n|-heal|p1a: Shiinotic|215/257 tox|[from] item: Leftovers\n|-damage|p2a: Basculin|58/261 psn|[from] psn\n|-damage|p1a: Shiinotic|183/257 tox|[from] psn\n|upkeep\n|turn|14\n|\n|t:|1769095227\n|switch|p2a: Eelektross|Eelektross, L88, M|293/293\n|switch|p1a: Rotom|Rotom-Frost, L86|226/226\n|\n|upkeep\n|turn|15\n|\n|t:|1769095232\n|move|p1a: Rotom|Will-O-Wisp|p2a: Eelektross\n|-status|p2a: Eelektross|brn\n|move|p2a: Eelektross|Flamethrower|p1a: Rotom\n|-supereffective|p1a: Rotom\n|-damage|p1a: Rotom|108/226\n|\n|-damage|p2a: Eelektross|275/293 brn|[from] brn\n|upkeep\n|turn|16\n|\n|t:|1769095238\n|-zpower|p1a: Rotom\n|move|p1a: Rotom|Subzero Slammer|p2a: Eelektross|[zeffect]\n|-damage|p2a: Eelektross|127/293 brn\n|move|p2a: Eelektross|Flamethrower|p1a: Rotom\n|-supereffective|p1a: Rotom\n|-damage|p1a: Rotom|0 fnt\n|faint|p1a: Rotom\n|\n|-damage|p2a: Eelektross|109/293 brn|[from] brn\n|upkeep\n|\n|t:|1769095241\n|switch|p1a: Gallade|Gallade, L77, M|231/231\n|turn|17\n|\n|t:|1769095251\n|detailschange|p1a: Gallade|Gallade-Mega, L77, M\n|-mega|p1a: Gallade|Gallade|Galladite\n|move|p1a: Gallade|Zen Headbutt|p2a: Eelektross\n|-damage|p2a: Eelektross|0 fnt\n|faint|p2a: Eelektross\n|\n|upkeep\n|\n|t:|1769095259\n|switch|p2a: Basculin|Basculin, L86, F|58/261 psn\n|turn|18\n|\n|t:|1769095265\n|switch|p1a: Shiinotic|Shiinotic, L91, F|183/257 tox\n|move|p2a: Basculin|Liquidation|p1a: Shiinotic\n|-resisted|p1a: Shiinotic\n|-damage|p1a: Shiinotic|93/257 tox\n|\n|-heal|p1a: Shiinotic|109/257 tox|[from] item: Leftovers\n|-damage|p2a: Basculin|26/261 psn|[from] psn\n|-damage|p1a: Shiinotic|93/257 tox|[from] psn\n|upkeep\n|turn|19\n|\n|t:|1769095270\n|move|p2a: Basculin|Liquidation|p1a: Shiinotic\n|-resisted|p1a: Shiinotic\n|-damage|p1a: Shiinotic|0 fnt\n|faint|p1a: Shiinotic\n|\n|-damage|p2a: Basculin|0 fnt|[from] psn\n|faint|p2a: Basculin\n|upkeep\n|\n|t:|1769095275\n|switch|p2a: Lickilicky|Lickilicky, L89, F|341/341\n|switch|p1a: Mewtwo|Mewtwo, L72|192/272\n|-ability|p1a: Mewtwo|Unnerve\n|turn|20\n|\n|t:|1769095282\n|move|p1a: Mewtwo|Aura Sphere|p2a: Lickilicky\n|-supereffective|p2a: Lickilicky\n|-damage|p2a: Lickilicky|181/341\n|move|p2a: Lickilicky|Knock Off|p1a: Mewtwo\n|-supereffective|p1a: Mewtwo\n|-damage|p1a: Mewtwo|46/272\n|-enditem|p1a: Mewtwo|Choice Specs|[from] move: Knock Off|[of] p2a: Lickilicky\n|\n|-heal|p2a: Lickilicky|202/341|[from] item: Leftovers\n|upkeep\n|turn|21\n|\n|t:|1769095285\n|move|p1a: Mewtwo|Aura Sphere|p2a: Lickilicky\n|-supereffective|p2a: Lickilicky\n|-damage|p2a: Lickilicky|102/341\n|move|p2a: Lickilicky|Return|p1a: Mewtwo\n|-damage|p1a: Mewtwo|0 fnt\n|faint|p1a: Mewtwo\n|\n|-heal|p2a: Lickilicky|123/341|[from] item: Leftovers\n|upkeep\n|\n|t:|1769095289\n|switch|p1a: Gallade|Gallade-Mega, L77, M|231/231\n|turn|22\n|\n|t:|1769095291\n|move|p1a: Gallade|Close Combat|p2a: Lickilicky\n|-supereffective|p2a: Lickilicky\n|-damage|p2a: Lickilicky|0 fnt\n|-unboost|p1a: Gallade|def|1\n|-unboost|p1a: Gallade|spd|1\n|faint|p2a: Lickilicky\n|\n|upkeep\n|\n|t:|1769095294\n|switch|p2a: Pinsir|Pinsir, L74, M|217/217 slp\n|turn|23\n|\n|t:|1769095298\n|switch|p1a: Armaldo|Armaldo, L89, F|278/278\n|detailschange|p2a: Pinsir|Pinsir-Mega, L74, M\n|-mega|p2a: Pinsir|Pinsir|Pinsirite\n|cant|p2a: Pinsir|slp\n|\n|upkeep\n|turn|24\n|\n|t:|1769095305\n|-curestatus|p2a: Pinsir|slp|[msg]\n|move|p2a: Pinsir|Return|p1a: Armaldo\n|-damage|p1a: Armaldo|161/278\n|move|p1a: Armaldo|Stone Edge|p2a: Pinsir\n|-supereffective|p2a: Pinsir\n|-damage|p2a: Pinsir|0 fnt\n|faint|p2a: Pinsir\n|detailschange|p2: Pinsir|Pinsir, L74, M|[silent]\n|\n|win|Meuby Law\n|raw|Meuby Law's rating: 1483 &rarr; <strong>1506</strong><br />(+23 for winning)\n|raw|janui's rating: 1542 &rarr; <strong>1519</strong><br />(-23 for losing)\n", "inputlog": ">version dd3d52b8382d73d1dd2c67730c4067df325ab790\n>start {\"formatid\":\"gen7randombattle\",\"seed\":\"sodium,51ce6ed59905bf574d399bc1b1cfae39\",\"rated\":\"Rated battle\"}\n>player p1 {\"name\":\"Meuby Law\",\"avatar\":\"hau-stance\",\"rating\":1483,\"seed\":\"sodium,5e8c1c568c37ccf4a89e6acac751e2e4\"}\n>player p2 {\"name\":\"janui\",\"avatar\":\"265\",\"rating\":1542,\"seed\":\"sodium,9a934a833ec491adca6f52b511d7d3a4\"}\n>p1 move fireblast\n>p2 move flamecharge\n>p1 switch 6\n>p2 move knockoff\n>p1 move suckerpunch\n>p2 move sunsteelstrike\n>p2 switch 2\n>p1 move playrough\n>p2 move toxic\n>p1 switch 3\n>p2 move roost\n>p1 move moonblast\n>p2 move toxic\n>p2 switch 6\n>p1 move spore\n>p2 move swordsdance\n>p1 switch 5\n>p2 move return\n>p1 move stoneedge\n>p2 switch 4\n>p1 switch 3\n>p2 move liquidation\n>p1 move crunch\n>p2 move liquidation\n>p1 switch 5\n>p1 move strengthsap\n>p2 move liquidation\n>p1 move moonblast\n>p2 move liquidation\n>p1 switch 2\n>p2 switch 5\n>p1 move willowisp\n>p2 move flamethrower\n>p1 move blizzard zmove\n>p2 move flamethrower\n>p1 switch 4\n>p1 move zenheadbutt mega\n>p2 move discharge\n>p2 switch 5\n>p1 switch 2\n>p2 move liquidation\n>p1 move strengthsap\n>p2 move liquidation\n>p1 switch 6\n>p2 switch 3\n>p1 move aurasphere\n>p2 move knockoff\n>p1 move aurasphere\n>p2 move return\n>p1 switch 2\n>p1 move closecombat\n>p2 move explosion\n>p2 switch 4\n>p1 switch 3\n>p2 move return mega\n>p1 move stoneedge\n>p2 move return", "uploadtime": 1769095308, "views": 148, "formatid": "gen7randombattle", "rating": 1506, "private": 0, "password": null}