{"id": "gen7randombattle-2536551330", "format": "[Gen 7] Random Battle", "players": ["504battle", "Johnald714"], "log": "|j|☆504battle\n|j|☆Johnald714\n|t:|1770703915\n|gametype|singles\n|player|p1|504battle|sage|1546\n|player|p2|Johnald714|101|1596\n|gen|7\n|tier|[Gen 7] Random Battle\n|rated|\n|rule|Sleep Clause Mod: Limit one foe put to sleep\n|rule|HP Percentage Mod: HP is shown in percentages\n|rule|Illusion Level Mod: Illusion disguises the Pokémon's true level\n|\n|t:|1770703915\n|teamsize|p1|6\n|teamsize|p2|6\n|start\n|switch|p1a: Hitmonchan|Hitmonchan, L87, M|229/229\n|switch|p2a: Clefable|Clefable, L83, F|293/293\n|turn|1\n|inactive|Battle timer is ON: inactive players will automatically lose when time's up. (requested by Johnald714)\n|inactive|504battle has 120 seconds left.\n|inactive|504battle has 90 seconds left.\n|\n|t:|1770704030\n|switch|p1a: Snorlax|Snorlax, L83, M|401/401\n|move|p2a: Clefable|Moonblast|p1a: Snorlax\n|-damage|p1a: Snorlax|296/401\n|-unboost|p1a: Snorlax|spa|1\n|\n|upkeep\n|turn|2\n|inactive|Johnald714 has 120 seconds left.\n|\n|t:|1770704070\n|switch|p2a: Flareon|Flareon, L88, F|258/258\n|move|p1a: Snorlax|Body Slam|p2a: Flareon\n|-damage|p2a: Flareon|134/258\n|\n|-status|p2a: Flareon|tox|[from] item: Toxic Orb\n|upkeep\n|turn|3\n|inactive|Johnald714 has 120 seconds left.\n|\n|t:|1770704079\n|move|p2a: Flareon|Facade|p1a: Snorlax\n|-damage|p1a: Snorlax|20/401\n|-enditem|p1a: Snorlax|Iapapa Berry|[eat]\n|-heal|p1a: Snorlax|220/401|[from] item: Iapapa Berry\n|move|p1a: Snorlax|Body Slam|p2a: Flareon\n|-damage|p2a: Flareon|5/258 tox\n|\n|-damage|p2a: Flareon|0 fnt|[from] psn\n|faint|p2a: Flareon\n|upkeep\n|inactive|Johnald714 has 120 seconds left.\n|\n|t:|1770704087\n|switch|p2a: Electivire|Electivire, L86, M|269/269\n|turn|4\n|\n|t:|1770704093\n|move|p2a: Electivire|Cross Chop|p1a: Snorlax|[miss]\n|-miss|p2a: Electivire|p1a: Snorlax\n|move|p1a: Snorlax|Body Slam|p2a: Electivire\n|-damage|p2a: Electivire|142/269\n|\n|upkeep\n|turn|5\n|\n|t:|1770704101\n|move|p2a: Electivire|Cross Chop|p1a: Snorlax|[miss]\n|-miss|p2a: Electivire|p1a: Snorlax\n|move|p1a: Snorlax|Body Slam|p2a: Electivire\n|-damage|p2a: Electivire|16/269\n|\n|upkeep\n|turn|6\n|\n|t:|1770704110\n|move|p2a: Electivire|Cross Chop|p1a: Snorlax\n|-supereffective|p1a: Snorlax\n|-damage|p1a: Snorlax|0 fnt\n|faint|p1a: Snorlax\n|-damage|p2a: Electivire|0 fnt|[from] item: Life Orb\n|faint|p2a: Electivire\n|\n|upkeep\n|\n|t:|1770704122\n|switch|p2a: Clefable|Clefable, L83, F|293/293\n|switch|p1a: Barbaracle|Barbaracle, L81, F|249/249\n|turn|7\n|\n|t:|1770704140\n|switch|p1a: Minun|Minun, L95, F|268/268\n|move|p2a: Clefable|Moonblast|p1a: Minun\n|-damage|p1a: Minun|142/268\n|-unboost|p1a: Minun|spa|1\n|\n|-heal|p1a: Minun|158/268|[from] item: Leftovers\n|upkeep\n|turn|8\n|\n|t:|1770704147\n|switch|p2a: Weezing|Weezing, L87, F|255/255\n|move|p1a: Minun|Thunderbolt|p2a: Weezing\n|-damage|p2a: Weezing|185/255\n|\n|-heal|p1a: Minun|174/268|[from] item: Leftovers\n|-heal|p2a: Weezing|200/255|[from] item: Black Sludge\n|upkeep\n|turn|9\n|\n|t:|1770704150\n|move|p1a: Minun|Nasty Plot|p1a: Minun\n|-boost|p1a: Minun|spa|2\n|move|p2a: Weezing|Toxic Spikes|p1a: Minun\n|-sidestart|p1: 504battle|move: Toxic Spikes\n|\n|-heal|p1a: Minun|190/268|[from] item: Leftovers\n|-heal|p2a: Weezing|215/255|[from] item: Black Sludge\n|upkeep\n|turn|10\n|\n|t:|1770704171\n|move|p1a: Minun|Nasty Plot|p1a: Minun\n|-boost|p1a: Minun|spa|2\n|move|p2a: Weezing|Sludge Bomb|p1a: Minun\n|-damage|p1a: Minun|114/268\n|-status|p1a: Minun|psn\n|\n|-heal|p1a: Minun|130/268 psn|[from] item: Leftovers\n|-heal|p2a: Weezing|230/255|[from] item: Black Sludge\n|-damage|p1a: Minun|97/268 psn|[from] psn\n|upkeep\n|turn|11\n|\n|t:|1770704186\n|move|p1a: Minun|Thunderbolt|p2a: Weezing\n|-damage|p2a: Weezing|0 fnt\n|faint|p2a: Weezing\n|\n|-heal|p1a: Minun|113/268 psn|[from] item: Leftovers\n|-damage|p1a: Minun|80/268 psn|[from] psn\n|upkeep\n|inactive|Johnald714 has 120 seconds left.\n|\n|t:|1770704205\n|switch|p2a: Raticate|Raticate, L88, F|240/240\n|turn|12\n|\n|t:|1770704215\n|move|p2a: Raticate|Sucker Punch||[still]\n|-fail|p2a: Raticate\n|move|p1a: Minun|Substitute|p1a: Minun\n|-start|p1a: Minun|Substitute\n|-damage|p1a: Minun|13/268 psn\n|\n|-heal|p1a: Minun|29/268 psn|[from] item: Leftovers\n|-damage|p1a: Minun|0 fnt|[from] psn\n|faint|p1a: Minun\n|-status|p2a: Raticate|brn|[from] item: Flame Orb\n|upkeep\n|\n|t:|1770704222\n|switch|p1a: Hitmonchan|Hitmonchan, L87, M|229/229\n|-status|p1a: Hitmonchan|psn\n|turn|13\n|\n|t:|1770704233\n|switch|p2a: Sableye|Sableye, L86, F|226/226\n|move|p1a: Hitmonchan|Drain Punch|p2a: Sableye\n|-immune|p2a: Sableye\n|\n|-damage|p1a: Hitmonchan|201/229 psn|[from] psn\n|upkeep\n|turn|14\n|\n|t:|1770704244\n|switch|p1a: Barbaracle|Barbaracle, L81, F|249/249\n|-status|p1a: Barbaracle|psn\n|move|p2a: Sableye|Calm Mind|p2a: Sableye\n|-boost|p2a: Sableye|spa|1\n|-boost|p2a: Sableye|spd|1\n|\n|-damage|p1a: Barbaracle|218/249 psn|[from] psn\n|upkeep\n|turn|15\n|\n|t:|1770704266\n|detailschange|p2a: Sableye|Sableye-Mega, L86, F\n|-mega|p2a: Sableye|Sableye|Sablenite\n|move|p1a: Barbaracle|Shell Smash|p1a: Barbaracle\n|-unboost|p1a: Barbaracle|def|1\n|-unboost|p1a: Barbaracle|spd|1\n|-boost|p1a: Barbaracle|atk|2\n|-boost|p1a: Barbaracle|spa|2\n|-boost|p1a: Barbaracle|spe|2\n|-enditem|p1a: Barbaracle|White Herb\n|-clearnegativeboost|p1a: Barbaracle|[silent]\n|move|p2a: Sableye|Dark Pulse|p1a: Barbaracle\n|-damage|p1a: Barbaracle|94/249 psn\n|\n|-damage|p1a: Barbaracle|63/249 psn|[from] psn\n|upkeep\n|turn|16\n|\n|t:|1770704270\n|move|p1a: Barbaracle|Liquidation|p2a: Sableye\n|-damage|p2a: Sableye|51/226\n|-unboost|p2a: Sableye|def|1\n|move|p2a: Sableye|Recover|p2a: Sableye\n|-heal|p2a: Sableye|164/226\n|\n|-damage|p1a: Barbaracle|32/249 psn|[from] psn\n|upkeep\n|turn|17\n|inactive|Johnald714 has 120 seconds left.\n|\n|t:|1770704297\n|move|p1a: Barbaracle|Liquidation|p2a: Sableye\n|-damage|p2a: Sableye|0 fnt\n|faint|p2a: Sableye\n|detailschange|p2: Sableye|Sableye, L86, F|[silent]\n|\n|-damage|p1a: Barbaracle|1/249 psn|[from] psn\n|upkeep\n|\n|t:|1770704300\n|switch|p2a: Raticate|Raticate, L88, F|240/240 brn\n|turn|18\n|\n|t:|1770704305\n|move|p2a: Raticate|Sucker Punch|p1a: Barbaracle\n|-damage|p1a: Barbaracle|0 fnt\n|faint|p1a: Barbaracle\n|\n|-damage|p2a: Raticate|225/240 brn|[from] brn\n|upkeep\n|\n|t:|1770704317\n|switch|p1a: Shiftry|Shiftry, L90, F|308/308\n|-status|p1a: Shiftry|psn\n|turn|19\n|\n|t:|1770704322\n|move|p2a: Raticate|U-turn|p1a: Shiftry\n|-supereffective|p1a: Shiftry\n|-damage|p1a: Shiftry|0 fnt\n|faint|p1a: Shiftry\n|\n|t:|1770704325\n|switch|p2a: Clefable|Clefable, L83, F|293/293|[from] U-turn\n|\n|upkeep\n|\n|t:|1770704328\n|switch|p1a: Aerodactyl|Aerodactyl, L78, F|253/253\n|-ability|p1a: Aerodactyl|Unnerve\n|turn|20\n|\n|t:|1770704345\n|detailschange|p1a: Aerodactyl|Aerodactyl-Mega, L78, F\n|-mega|p1a: Aerodactyl|Aerodactyl|Aerodactylite\n|move|p1a: Aerodactyl|Stone Edge|p2a: Clefable\n|-crit|p2a: Clefable\n|-damage|p2a: Clefable|77/293\n|move|p2a: Clefable|Moonblast|p1a: Aerodactyl\n|-damage|p1a: Aerodactyl|113/253\n|\n|upkeep\n|turn|21\n|\n|t:|1770704354\n|move|p1a: Aerodactyl|Earthquake|p2a: Clefable\n|-damage|p2a: Clefable|0 fnt\n|faint|p2a: Clefable\n|\n|upkeep\n|\n|t:|1770704356\n|switch|p2a: Raticate|Raticate, L88, F|225/240 brn\n|turn|22\n|\n|t:|1770704362\n|move|p2a: Raticate|Sucker Punch|p1a: Aerodactyl\n|-damage|p1a: Aerodactyl|28/253\n|move|p1a: Aerodactyl|Aerial Ace|p2a: Raticate\n|-damage|p2a: Raticate|96/240 brn\n|\n|-damage|p2a: Raticate|81/240 brn|[from] brn\n|upkeep\n|turn|23\n|\n|t:|1770704367\n|move|p2a: Raticate|Sucker Punch|p1a: Aerodactyl\n|-damage|p1a: Aerodactyl|0 fnt\n|faint|p1a: Aerodactyl\n|detailschange|p1: Aerodactyl|Aerodactyl, L78, F|[silent]\n|\n|-damage|p2a: Raticate|66/240 brn|[from] brn\n|upkeep\n|\n|t:|1770704369\n|switch|p1a: Hitmonchan|Hitmonchan, L87, M|201/229 psn\n|turn|24\n|\n|t:|1770704371\n|move|p2a: Raticate|Facade|p1a: Hitmonchan\n|-damage|p1a: Hitmonchan|0 fnt\n|faint|p1a: Hitmonchan\n|\n|win|Johnald714\n|raw|504battle's rating: 1546 &rarr; <strong>1530</strong><br />(-16 for losing)\n|raw|Johnald714's rating: 1618 &rarr; <strong>1634</strong><br />(+16 for winning)\n", "inputlog": ">version ccdc32dd7cde25fd9e4bed64820e885f66e78a4e\n>start {\"formatid\":\"gen7randombattle\",\"seed\":\"sodium,a9085637221e2eec7e0125265be3711b\",\"rated\":\"Rated battle\"}\n>player p1 {\"name\":\"504battle\",\"avatar\":\"sage\",\"rating\":1546,\"seed\":\"sodium,66207128572aa99896884cc9e52b4ad6\"}\n>player p2 {\"name\":\"Johnald714\",\"avatar\":\"101\",\"rating\":1596,\"seed\":\"sodium,9a1e5c727c3706c21aac620115627c47\"}\n>p1 switch 2\n>p2 move moonblast\n>p1 move bodyslam\n>p2 switch 5\n>p1 move bodyslam\n>p2 move facade\n>p2 switch 6\n>p1 move bodyslam\n>p2 move crosschop\n>p1 move bodyslam\n>p2 move crosschop\n>p1 move bodyslam\n>p2 move crosschop\n>p1 switch 4\n>p2 switch 5\n>p1 switch 6\n>p2 move moonblast\n>p1 move thunderbolt\n>p2 switch 4\n>p1 move nastyplot\n>p2 move toxicspikes\n>p1 move nastyplot\n>p2 move sludgebomb\n>p1 move thunderbolt\n>p2 move toxicspikes\n>p2 switch 2\n>p1 move substitute\n>p2 move suckerpunch\n>p1 switch 2\n>p1 move drainpunch\n>p2 switch 3\n>p1 switch 6\n>p2 move calmmind\n>p1 move shellsmash\n>p2 move darkpulse mega\n>p1 move liquidation\n>p2 move recover\n>p1 move liquidation\n>p2 move darkpulse\n>p2 switch 3\n>p1 move liquidation\n>p2 move suckerpunch\n>p1 switch 3\n>p1 move leafblade\n>p2 move uturn\n>p2 switch 4\n>p1 switch 5\n>p1 move stoneedge mega\n>p2 move moonblast\n>p1 move earthquake\n>p2 move moonblast\n>p2 switch 4\n>p1 move aerialace\n>p2 move suckerpunch\n>p1 move aerialace\n>p2 move suckerpunch\n>p1 switch 6\n>p1 move drainpunch\n>p2 move facade", "uploadtime": 1770704374, "views": 222, "formatid": "gen7randombattle", "rating": 1530, "private": 0, "password": null}