{"id": "gen7randombattle-2528266431", "format": "[Gen 7] Random Battle", "players": ["Accalmie ♫", "White Kartana"], "log": "|j|☆Accalmie ♫\n|j|☆White Kartana\n|t:|1769635763\n|gametype|singles\n|player|p1|Accalmie ♫|marley|1600\n|player|p2|White Kartana|2|1772\n|gen|7\n|tier|[Gen 7] Random Battle\n|rated|\n|rule|Sleep Clause Mod: Limit one foe put to sleep\n|rule|HP Percentage Mod: HP is shown in percentages\n|rule|Illusion Level Mod: Illusion disguises the Pokémon's true level\n|\n|t:|1769635763\n|teamsize|p1|6\n|teamsize|p2|6\n|start\n|switch|p1a: Fearow|Fearow, L88, M|258/258\n|switch|p2a: Tentacruel|Tentacruel, L83, F|268/268\n|turn|1\n|inactive|Battle timer is ON: inactive players will automatically lose when time's up. (requested by Accalmie ♫)\n|\n|t:|1769635770\n|move|p1a: Fearow|Focus Energy|p1a: Fearow\n|-start|p1a: Fearow|move: Focus Energy\n|move|p2a: Tentacruel|Scald|p1a: Fearow\n|-damage|p1a: Fearow|161/258\n|\n|upkeep\n|turn|2\n|\n|t:|1769635775\n|switch|p2a: Ferrothorn|Ferrothorn, L72, M|226/226\n|move|p1a: Fearow|Drill Run|p2a: Ferrothorn\n|-crit|p2a: Ferrothorn\n|-damage|p2a: Ferrothorn|120/226\n|-damage|p1a: Fearow|129/258|[from] ability: Iron Barbs|[of] p2a: Ferrothorn\n|\n|-heal|p2a: Ferrothorn|134/226|[from] item: Leftovers\n|upkeep\n|turn|3\n|\n|t:|1769635781\n|move|p1a: Fearow|Drill Peck|p2a: Ferrothorn\n|-crit|p2a: Ferrothorn\n|-damage|p2a: Ferrothorn|0 fnt\n|-damage|p1a: Fearow|97/258|[from] ability: Iron Barbs|[of] p2a: Ferrothorn\n|faint|p2a: Ferrothorn\n|\n|upkeep\n|\n|t:|1769635787\n|switch|p2a: Talonflame|Talonflame, L82, F|261/261\n|turn|4\n|\n|t:|1769635799\n|switch|p1a: Torkoal|Torkoal, L84, F|255/255\n|-weather|SunnyDay|[from] ability: Drought|[of] p1a: Torkoal\n|move|p2a: Talonflame|Brave Bird|p1a: Torkoal\n|-damage|p1a: Torkoal|183/255\n|-damage|p2a: Talonflame|237/261|[from] Recoil\n|\n|-weather|SunnyDay|[upkeep]\n|-heal|p2a: Talonflame|253/261|[from] item: Leftovers\n|-heal|p1a: Torkoal|198/255|[from] item: Leftovers\n|upkeep\n|turn|5\n|\n|t:|1769635807\n|switch|p2a: Tentacruel|Tentacruel, L83, F|268/268\n|move|p1a: Torkoal|Yawn|p2a: Tentacruel\n|-start|p2a: Tentacruel|move: Yawn|[of] p1a: Torkoal\n|\n|-weather|SunnyDay|[upkeep]\n|-heal|p1a: Torkoal|213/255|[from] item: Leftovers\n|upkeep\n|turn|6\n|\n|t:|1769635814\n|switch|p2a: Keldeo|Keldeo, L80|277/277\n|switch|p1a: Fearow|Fearow, L88, M|97/258\n|\n|-weather|SunnyDay|[upkeep]\n|upkeep\n|turn|7\n|\n|t:|1769635817\n|move|p1a: Fearow|Drill Peck|p2a: Keldeo\n|-supereffective|p2a: Keldeo\n|-damage|p2a: Keldeo|83/277\n|move|p2a: Keldeo|Secret Sword|p1a: Fearow\n|-damage|p1a: Fearow|0 fnt\n|faint|p1a: Fearow\n|\n|-weather|SunnyDay|[upkeep]\n|-heal|p2a: Keldeo|100/277|[from] item: Leftovers\n|upkeep\n|\n|t:|1769635823\n|switch|p1a: Cryogonal|Cryogonal, L87|281/281\n|turn|8\n|\n|t:|1769635839\n|switch|p2a: Talonflame|Talonflame, L82, F|253/261\n|move|p1a: Cryogonal|Freeze-Dry|p2a: Talonflame\n|-damage|p2a: Talonflame|153/261\n|\n|-weather|none\n|-heal|p2a: Talonflame|169/261|[from] item: Leftovers\n|upkeep\n|turn|9\n|\n|t:|1769635852\n|move|p2a: Talonflame|Brave Bird|p1a: Cryogonal\n|-damage|p1a: Cryogonal|133/281\n|-damage|p2a: Talonflame|120/261|[from] Recoil\n|move|p1a: Cryogonal|Freeze-Dry|p2a: Talonflame\n|-damage|p2a: Talonflame|33/261\n|-status|p2a: Talonflame|frz\n|\n|-heal|p2a: Talonflame|49/261 frz|[from] item: Leftovers\n|-heal|p1a: Cryogonal|150/281|[from] item: Leftovers\n|upkeep\n|turn|10\n|\n|t:|1769635860\n|cant|p2a: Talonflame|frz\n|move|p1a: Cryogonal|Freeze-Dry|p2a: Talonflame\n|-damage|p2a: Talonflame|0 fnt\n|faint|p2a: Talonflame\n|\n|-heal|p1a: Cryogonal|167/281|[from] item: Leftovers\n|upkeep\n|\n|t:|1769635864\n|switch|p2a: Mightyena|Mightyena, L94, F|284/284\n|-ability|p2a: Mightyena|Intimidate|boost\n|-unboost|p1a: Cryogonal|atk|1\n|turn|11\n|\n|t:|1769635871\n|switch|p1a: Buzzwole|Buzzwole, L79|299/299\n|move|p2a: Mightyena|Crunch|p1a: Buzzwole\n|-resisted|p1a: Buzzwole\n|-damage|p1a: Buzzwole|248/299\n|-unboost|p1a: Buzzwole|def|1\n|\n|upkeep\n|turn|12\n|\n|t:|1769635874\n|switch|p2a: Tentacruel|Tentacruel, L83, F|268/268\n|move|p1a: Buzzwole|Earthquake|p2a: Tentacruel\n|-supereffective|p2a: Tentacruel\n|-damage|p2a: Tentacruel|48/268\n|\n|-heal|p2a: Tentacruel|64/268|[from] item: Black Sludge\n|upkeep\n|turn|13\n|\n|t:|1769635881\n|move|p1a: Buzzwole|Earthquake|p2a: Tentacruel\n|-supereffective|p2a: Tentacruel\n|-damage|p2a: Tentacruel|0 fnt\n|faint|p2a: Tentacruel\n|-ability|p1a: Buzzwole|Beast Boost|boost\n|-boost|p1a: Buzzwole|atk|1\n|\n|upkeep\n|\n|t:|1769635882\n|switch|p2a: Lilligant|Lilligant, L87, F|264/264\n|turn|14\n|\n|t:|1769635892\n|switch|p1a: Torkoal|Torkoal, L84, F|213/255\n|-weather|SunnyDay|[from] ability: Drought|[of] p1a: Torkoal\n|move|p2a: Lilligant|Quiver Dance|p2a: Lilligant\n|-boost|p2a: Lilligant|spa|1\n|-boost|p2a: Lilligant|spd|1\n|-boost|p2a: Lilligant|spe|1\n|\n|-weather|SunnyDay|[upkeep]\n|-heal|p1a: Torkoal|228/255|[from] item: Leftovers\n|upkeep\n|turn|15\n|\n|t:|1769635895\n|move|p2a: Lilligant|Giga Drain|p1a: Torkoal\n|-resisted|p1a: Torkoal\n|-damage|p1a: Torkoal|127/255\n|-damage|p2a: Lilligant|238/264|[from] item: Life Orb\n|move|p1a: Torkoal|Yawn|p2a: Lilligant\n|-start|p2a: Lilligant|move: Yawn|[of] p1a: Torkoal\n|\n|-weather|SunnyDay|[upkeep]\n|-heal|p1a: Torkoal|142/255|[from] item: Leftovers\n|upkeep\n|turn|16\n|\n|t:|1769635900\n|switch|p2a: Keldeo|Keldeo, L80|100/277\n|move|p1a: Torkoal|Lava Plume|p2a: Keldeo\n|-resisted|p2a: Keldeo\n|-damage|p2a: Keldeo|45/277\n|\n|-weather|SunnyDay|[upkeep]\n|-heal|p2a: Keldeo|62/277|[from] item: Leftovers\n|-heal|p1a: Torkoal|157/255|[from] item: Leftovers\n|upkeep\n|turn|17\n|\n|t:|1769635907\n|switch|p1a: Bronzong|Bronzong, L86|255/255\n|move|p2a: Keldeo|Scald|p1a: Bronzong\n|-damage|p1a: Bronzong|221/255\n|-status|p1a: Bronzong|brn\n|\n|-weather|SunnyDay|[upkeep]\n|-heal|p2a: Keldeo|79/277|[from] item: Leftovers\n|-heal|p1a: Bronzong|236/255 brn|[from] item: Leftovers\n|-damage|p1a: Bronzong|221/255 brn|[from] brn\n|upkeep\n|turn|18\n|\n|t:|1769635916\n|switch|p2a: Mightyena|Mightyena, L94, F|284/284\n|-ability|p2a: Mightyena|Intimidate|boost\n|-unboost|p1a: Bronzong|atk|1\n|switch|p1a: Buzzwole|Buzzwole, L79|248/299\n|\n|-weather|none\n|upkeep\n|turn|19\n|\n|t:|1769635922\n|switch|p2a: Keldeo|Keldeo, L80|79/277\n|move|p1a: Buzzwole|Superpower|p2a: Keldeo\n|-damage|p2a: Keldeo|0 fnt\n|-unboost|p1a: Buzzwole|atk|1\n|-unboost|p1a: Buzzwole|def|1\n|faint|p2a: Keldeo\n|-ability|p1a: Buzzwole|Beast Boost|boost\n|-boost|p1a: Buzzwole|atk|1\n|\n|upkeep\n|\n|t:|1769635924\n|switch|p2a: Lilligant|Lilligant, L87, F|238/264\n|turn|20\n|\n|t:|1769635928\n|switch|p1a: Torkoal|Torkoal, L84, F|157/255\n|-weather|SunnyDay|[from] ability: Drought|[of] p1a: Torkoal\n|move|p2a: Lilligant|Quiver Dance|p2a: Lilligant\n|-boost|p2a: Lilligant|spa|1\n|-boost|p2a: Lilligant|spd|1\n|-boost|p2a: Lilligant|spe|1\n|\n|-weather|SunnyDay|[upkeep]\n|-heal|p1a: Torkoal|172/255|[from] item: Leftovers\n|upkeep\n|turn|21\n|\n|t:|1769635930\n|move|p2a: Lilligant|Giga Drain|p1a: Torkoal\n|-resisted|p1a: Torkoal\n|-damage|p1a: Torkoal|62/255\n|-heal|p2a: Lilligant|264/264|[from] drain|[of] p1a: Torkoal\n|-damage|p2a: Lilligant|238/264|[from] item: Life Orb\n|move|p1a: Torkoal|Yawn|p2a: Lilligant\n|-start|p2a: Lilligant|move: Yawn|[of] p1a: Torkoal\n|\n|-weather|SunnyDay|[upkeep]\n|-heal|p1a: Torkoal|77/255|[from] item: Leftovers\n|upkeep\n|turn|22\n|\n|t:|1769635940\n|switch|p2a: Mightyena|Mightyena, L94, F|284/284\n|-ability|p2a: Mightyena|Intimidate|boost\n|-unboost|p1a: Torkoal|atk|1\n|move|p1a: Torkoal|Lava Plume|p2a: Mightyena\n|-damage|p2a: Mightyena|157/284\n|\n|-weather|SunnyDay|[upkeep]\n|-heal|p1a: Torkoal|92/255|[from] item: Leftovers\n|upkeep\n|turn|23\n|\n|t:|1769635955\n|switch|p1a: Bronzong|Bronzong, L86|221/255 brn\n|move|p2a: Mightyena|Crunch|p1a: Bronzong\n|-supereffective|p1a: Bronzong\n|-damage|p1a: Bronzong|5/255 brn\n|\n|-weather|SunnyDay|[upkeep]\n|-heal|p1a: Bronzong|20/255 brn|[from] item: Leftovers\n|-damage|p1a: Bronzong|5/255 brn|[from] brn\n|upkeep\n|turn|24\n|\n|t:|1769635959\n|switch|p2a: Lilligant|Lilligant, L87, F|238/264\n|move|p1a: Bronzong|Stealth Rock|p2a: Lilligant\n|-sidestart|p2: White Kartana|move: Stealth Rock\n|\n|-weather|none\n|-heal|p1a: Bronzong|20/255 brn|[from] item: Leftovers\n|-damage|p1a: Bronzong|5/255 brn|[from] brn\n|upkeep\n|turn|25\n|\n|t:|1769635964\n|switch|p1a: Torkoal|Torkoal, L84, F|92/255\n|-weather|SunnyDay|[from] ability: Drought|[of] p1a: Torkoal\n|move|p2a: Lilligant|Quiver Dance|p2a: Lilligant\n|-boost|p2a: Lilligant|spa|1\n|-boost|p2a: Lilligant|spd|1\n|-boost|p2a: Lilligant|spe|1\n|\n|-weather|SunnyDay|[upkeep]\n|-heal|p1a: Torkoal|107/255|[from] item: Leftovers\n|upkeep\n|turn|26\n|\n|t:|1769635969\n|move|p2a: Lilligant|Sleep Powder|p1a: Torkoal\n|-status|p1a: Torkoal|slp|[from] move: Sleep Powder\n|cant|p1a: Torkoal|slp\n|\n|-weather|SunnyDay|[upkeep]\n|-heal|p1a: Torkoal|122/255 slp|[from] item: Leftovers\n|upkeep\n|turn|27\n|\n|t:|1769635973\n|move|p2a: Lilligant|Giga Drain|p1a: Torkoal\n|-resisted|p1a: Torkoal\n|-damage|p1a: Torkoal|6/255 slp\n|-heal|p2a: Lilligant|264/264|[from] drain|[of] p1a: Torkoal\n|-damage|p2a: Lilligant|238/264|[from] item: Life Orb\n|cant|p1a: Torkoal|slp\n|\n|-weather|SunnyDay|[upkeep]\n|-heal|p1a: Torkoal|21/255 slp|[from] item: Leftovers\n|upkeep\n|turn|28\n|\n|t:|1769635980\n|move|p2a: Lilligant|Giga Drain|p1a: Torkoal\n|-resisted|p1a: Torkoal\n|-damage|p1a: Torkoal|0 fnt\n|-heal|p2a: Lilligant|249/264|[from] drain|[of] p1a: Torkoal\n|faint|p1a: Torkoal\n|-damage|p2a: Lilligant|223/264|[from] item: Life Orb\n|\n|-weather|SunnyDay|[upkeep]\n|upkeep\n|\n|t:|1769635995\n|switch|p1a: Cryogonal|Cryogonal, L87|167/281\n|turn|29\n|\n|t:|1769636001\n|switch|p1a: Bronzong|Bronzong, L86|5/255 brn\n|move|p2a: Lilligant|Sleep Powder||[still]\n|-fail|p2a: Lilligant\n|\n|-weather|none\n|-heal|p1a: Bronzong|20/255 brn|[from] item: Leftovers\n|-damage|p1a: Bronzong|5/255 brn|[from] brn\n|upkeep\n|turn|30\n|\n|t:|1769636015\n|switch|p1a: Cryogonal|Cryogonal, L87|167/281\n|move|p2a: Lilligant|Quiver Dance|p2a: Lilligant\n|-boost|p2a: Lilligant|spa|1\n|-boost|p2a: Lilligant|spd|1\n|-boost|p2a: Lilligant|spe|1\n|\n|-heal|p1a: Cryogonal|184/281|[from] item: Leftovers\n|upkeep\n|turn|31\n|\n|t:|1769636020\n|move|p2a: Lilligant|Giga Drain|p1a: Cryogonal\n|-damage|p1a: Cryogonal|23/281\n|-heal|p2a: Lilligant|264/264|[from] drain|[of] p1a: Cryogonal\n|-damage|p2a: Lilligant|238/264|[from] item: Life Orb\n|move|p1a: Cryogonal|Freeze-Dry|p2a: Lilligant\n|-supereffective|p2a: Lilligant\n|-damage|p2a: Lilligant|148/264\n|\n|-heal|p1a: Cryogonal|40/281|[from] item: Leftovers\n|upkeep\n|turn|32\n|\n|t:|1769636027\n|move|p2a: Lilligant|Giga Drain|p1a: Cryogonal\n|-damage|p1a: Cryogonal|0 fnt\n|-heal|p2a: Lilligant|168/264|[from] drain|[of] p1a: Cryogonal\n|faint|p1a: Cryogonal\n|-damage|p2a: Lilligant|142/264|[from] item: Life Orb\n|\n|upkeep\n|\n|t:|1769636029\n|switch|p1a: Buzzwole|Buzzwole, L79|248/299\n|turn|33\n|\n|t:|1769636036\n|move|p2a: Lilligant|Hidden Power|p1a: Buzzwole\n|-supereffective|p1a: Buzzwole\n|-damage|p1a: Buzzwole|0 fnt\n|faint|p1a: Buzzwole\n|-damage|p2a: Lilligant|116/264|[from] item: Life Orb\n|\n|upkeep\n|\n|t:|1769636039\n|switch|p1a: Blaziken|Blaziken, L73, F|237/237\n|turn|34\n|\n|t:|1769636043\n|detailschange|p1a: Blaziken|Blaziken-Mega, L73, F\n|-mega|p1a: Blaziken|Blaziken|Blazikenite\n|move|p2a: Lilligant|Sleep Powder|p1a: Blaziken|[miss]\n|-miss|p2a: Lilligant|p1a: Blaziken\n|move|p1a: Blaziken|Flare Blitz|p2a: Lilligant\n|-supereffective|p2a: Lilligant\n|-damage|p2a: Lilligant|0 fnt\n|faint|p2a: Lilligant\n|-damage|p1a: Blaziken|199/237|[from] Recoil\n|\n|-ability|p1a: Blaziken|Speed Boost|boost\n|-boost|p1a: Blaziken|spe|1\n|upkeep\n|\n|t:|1769636045\n|switch|p2a: Mightyena|Mightyena, L94, F|157/284\n|-damage|p2a: Mightyena|122/284|[from] Stealth Rock\n|-ability|p2a: Mightyena|Intimidate|boost\n|-unboost|p1a: Blaziken|atk|1\n|turn|35\n|\n|t:|1769636049\n|switch|p1a: Bronzong|Bronzong, L86|5/255 brn\n|move|p2a: Mightyena|Sucker Punch||[still]\n|-fail|p2a: Mightyena\n|\n|-heal|p1a: Bronzong|20/255 brn|[from] item: Leftovers\n|-damage|p1a: Bronzong|5/255 brn|[from] brn\n|upkeep\n|turn|36\n|\n|t:|1769636055\n|move|p2a: Mightyena|Sucker Punch|p1a: Bronzong\n|-supereffective|p1a: Bronzong\n|-damage|p1a: Bronzong|0 fnt\n|faint|p1a: Bronzong\n|\n|upkeep\n|\n|t:|1769636057\n|switch|p1a: Blaziken|Blaziken-Mega, L73, F|199/237\n|turn|37\n|c|☆White Kartana|STOP\n|c|☆White Kartana|SWAGGING\n|c|☆Accalmie ♫|no\n|\n|t:|1769636076\n|move|p2a: Mightyena|Sucker Punch|p1a: Blaziken\n|-resisted|p1a: Blaziken\n|-damage|p1a: Blaziken|121/237\n|move|p1a: Blaziken|Flare Blitz|p2a: Mightyena\n|-damage|p2a: Mightyena|0 fnt\n|faint|p2a: Mightyena\n|-damage|p1a: Blaziken|81/237|[from] Recoil\n|\n|win|Accalmie ♫\n|raw|Accalmie ♫'s rating: 1600 &rarr; <strong>1629</strong><br />(+29 for winning)\n|raw|White Kartana's rating: 1772 &rarr; <strong>1743</strong><br />(-29 for losing)\n|l|☆White Kartana\n|player|p2|\n|j|☆White Kartana\n|player|p2|White Kartana|2|\n", "inputlog": ">version b99ff0165a6231f17e8b78c2a78d1998375de664\n>start {\"formatid\":\"gen7randombattle\",\"seed\":\"sodium,b26e610586a0bcdc3dc4b5a6e8b54f30\",\"rated\":\"Rated battle\"}\n>player p1 {\"name\":\"Accalmie ♫\",\"avatar\":\"marley\",\"rating\":1600,\"seed\":\"sodium,38d901a7da82542982ea236d3559dc1a\"}\n>player p2 {\"name\":\"White Kartana\",\"avatar\":\"2\",\"rating\":1772,\"seed\":\"sodium,56337b7636d4a0167852c81e9a7d458c\"}\n>p1 move focusenergy\n>p2 move scald\n>p1 move drillrun\n>p2 switch 2\n>p1 move drillpeck\n>p2 move stealthrock\n>p2 switch 5\n>p1 switch 4\n>p2 move bravebird\n>p1 move yawn\n>p2 switch 2\n>p1 switch 4\n>p2 switch 3\n>p1 move drillpeck\n>p2 move secretsword\n>p1 switch 2\n>p1 move freezedry\n>p2 switch 2\n>p1 move freezedry\n>p2 move bravebird\n>p1 move freezedry\n>p2 move roost\n>p2 switch 6\n>p1 switch 5\n>p2 move crunch\n>p1 move earthquake\n>p2 switch 3\n>p1 move earthquake\n>p2 move scald\n>p2 switch 4\n>p1 switch 4\n>p2 move quiverdance\n>p1 move yawn\n>p2 move gigadrain\n>p1 move lavaplume\n>p2 switch 2\n>p1 switch 3\n>p2 move scald\n>p1 switch 4\n>p2 switch 3\n>p1 move superpower\n>p2 switch 3\n>p2 switch 2\n>p1 switch 3\n>p2 move quiverdance\n>p1 move yawn\n>p2 move gigadrain\n>p1 move lavaplume\n>p2 switch 3\n>p1 switch 4\n>p2 move crunch\n>p1 move stealthrock\n>p2 switch 3\n>p1 switch 4\n>p2 move quiverdance\n>p1 move yawn\n>p2 move sleeppowder\n>p1 move yawn\n>p2 move gigadrain\n>p1 move yawn\n>p2 move gigadrain\n>p1 switch 5\n>p1 switch 4\n>p2 move sleeppowder\n>p1 switch 4\n>p2 move quiverdance\n>p1 move freezedry\n>p2 move gigadrain\n>p1 move freezedry\n>p2 move gigadrain\n>p1 switch 3\n>p1 move superpower\n>p2 move hiddenpower\n>p1 switch 6\n>p1 move flareblitz mega\n>p2 move sleeppowder\n>p2 switch 3\n>p1 switch 4\n>p2 move suckerpunch\n>p1 move ironhead\n>p2 move suckerpunch\n>p1 switch 4\n>chat ☆White Kartana|STOP\n>chat ☆White Kartana|SWAGGING\n>chat ☆Accalmie ♫|no\n>p1 move flareblitz\n>p2 move suckerpunch", "uploadtime": 1769636084, "views": 172, "formatid": "gen7randombattle", "rating": 1629, "private": 0, "password": null}