{"id": "gen7randombattle-2534555534", "format": "[Gen 7] Random Battle", "players": ["A Wurmple In Time", "spiritgana"], "log": "|j|☆A Wurmple In Time\n|j|☆spiritgana\n|t:|1770436457\n|gametype|singles\n|player|p1|A Wurmple In Time|dragontamer|1706\n|player|p2|spiritgana|170|1684\n|gen|7\n|tier|[Gen 7] Random Battle\n|rated|\n|rule|Sleep Clause Mod: Limit one foe put to sleep\n|rule|HP Percentage Mod: HP is shown in percentages\n|rule|Illusion Level Mod: Illusion disguises the Pokémon's true level\n|\n|t:|1770436457\n|teamsize|p1|6\n|teamsize|p2|6\n|start\n|switch|p1a: Hitmonlee|Hitmonlee, L86, M|225/225\n|switch|p2a: Krookodile|Krookodile, L79, M|280/280\n|-ability|p2a: Krookodile|Intimidate|boost\n|-unboost|p1a: Hitmonlee|atk|1\n|turn|1\n|\n|t:|1770436495\n|switch|p1a: Honchkrow|Honchkrow, L83, F|302/302\n|switch|p2a: Aegislash|Aegislash, L77, M|219/219\n|\n|upkeep\n|turn|2\n|\n|t:|1770436517\n|move|p2a: Aegislash|King's Shield|p2a: Aegislash\n|-singleturn|p2a: Aegislash|Protect\n|move|p1a: Honchkrow|Heat Wave|p2a: Aegislash\n|-activate|p2a: Aegislash|move: Protect\n|\n|upkeep\n|turn|3\n|\n|t:|1770436527\n|move|p1a: Honchkrow|Brave Bird|p2a: Aegislash\n|-resisted|p2a: Aegislash\n|-damage|p2a: Aegislash|149/219\n|-damage|p1a: Honchkrow|279/302|[from] Recoil\n|-damage|p1a: Honchkrow|249/302|[from] item: Life Orb\n|move|p2a: Aegislash|Toxic|p1a: Honchkrow\n|-status|p1a: Honchkrow|tox\n|\n|-heal|p2a: Aegislash|162/219|[from] item: Leftovers\n|-damage|p1a: Honchkrow|231/302 tox|[from] psn\n|upkeep\n|turn|4\n|\n|t:|1770436536\n|switch|p1a: Luxray|Luxray, L88, F|284/284\n|-ability|p1a: Luxray|Intimidate|boost\n|-unboost|p2a: Aegislash|atk|1\n|switch|p2a: Solrock|Solrock, L90|308/308\n|\n|upkeep\n|turn|5\n|\n|t:|1770436558\n|move|p2a: Solrock|Stealth Rock|p1a: Luxray\n|-sidestart|p1: A Wurmple In Time|move: Stealth Rock\n|move|p1a: Luxray|Crunch|p2a: Solrock\n|-supereffective|p2a: Solrock\n|-damage|p2a: Solrock|158/308\n|\n|-heal|p2a: Solrock|177/308|[from] item: Leftovers\n|upkeep\n|turn|6\n|inactive|Battle timer is ON: inactive players will automatically lose when time's up. (requested by spiritgana)\n|\n|t:|1770436565\n|move|p2a: Solrock|Earthquake|p1a: Luxray\n|-supereffective|p1a: Luxray\n|-damage|p1a: Luxray|102/284\n|move|p1a: Luxray|Volt Switch|p2a: Solrock\n|-damage|p2a: Solrock|83/308\n|\n|t:|1770436590\n|switch|p1a: Hitmonlee|Hitmonlee, L86, M|225/225|[from] Volt Switch\n|-damage|p1a: Hitmonlee|211/225|[from] Stealth Rock\n|\n|-heal|p2a: Solrock|102/308|[from] item: Leftovers\n|upkeep\n|turn|7\n|\n|t:|1770436600\n|switch|p2a: Krookodile|Krookodile, L79, M|280/280\n|-ability|p2a: Krookodile|Intimidate|boost\n|-unboost|p1a: Hitmonlee|atk|1\n|move|p1a: Hitmonlee|Knock Off|p2a: Krookodile\n|-resisted|p2a: Krookodile\n|-damage|p2a: Krookodile|231/280\n|-enditem|p2a: Krookodile|Choice Band|[from] move: Knock Off|[of] p1a: Hitmonlee\n|\n|upkeep\n|turn|8\n|\n|t:|1770436625\n|switch|p1a: Silvally|Silvally-Flying, L87|307/307\n|-damage|p1a: Silvally|231/307|[from] Stealth Rock\n|move|p2a: Krookodile|Earthquake|p1a: Silvally\n|-immune|p1a: Silvally\n|\n|upkeep\n|turn|9\n|inactive|spiritgana has 120 seconds left.\n|\n|t:|1770436646\n|switch|p2a: Aegislash|Aegislash, L77, M|162/219\n|move|p1a: Silvally|Defog|p2a: Aegislash\n|-unboost|p2a: Aegislash|evasion|1\n|-sideend|p1: A Wurmple In Time|Stealth Rock|[from] move: Defog|[of] p1a: Silvally\n|\n|-heal|p2a: Aegislash|175/219|[from] item: Leftovers\n|upkeep\n|turn|10\n|\n|t:|1770436655\n|move|p1a: Silvally|U-turn|p2a: Aegislash\n|-resisted|p2a: Aegislash\n|-damage|p2a: Aegislash|165/219\n|\n|t:|1770436657\n|switch|p1a: Luxray|Luxray, L88, F|102/284|[from] U-turn\n|-ability|p1a: Luxray|Intimidate|boost\n|-unboost|p2a: Aegislash|atk|1\n|-formechange|p2a: Aegislash|Aegislash-Blade||[from] ability: Stance Change\n|move|p2a: Aegislash|Shadow Ball|p1a: Luxray\n|-damage|p1a: Luxray|27/284\n|\n|-heal|p2a: Aegislash|178/219|[from] item: Leftovers\n|upkeep\n|turn|11\n|\n|t:|1770436666\n|-formechange|p2a: Aegislash|Aegislash||[from] ability: Stance Change\n|move|p2a: Aegislash|King's Shield|p2a: Aegislash\n|-singleturn|p2a: Aegislash|Protect\n|move|p1a: Luxray|Volt Switch|p2a: Aegislash\n|-activate|p2a: Aegislash|move: Protect\n|\n|-heal|p2a: Aegislash|191/219|[from] item: Leftovers\n|upkeep\n|turn|12\n|\n|t:|1770436674\n|switch|p2a: Krookodile|Krookodile, L79, M|231/280\n|-ability|p2a: Krookodile|Intimidate|boost\n|-unboost|p1a: Luxray|atk|1\n|move|p1a: Luxray|Crunch|p2a: Krookodile\n|-resisted|p2a: Krookodile\n|-damage|p2a: Krookodile|203/280\n|\n|upkeep\n|turn|13\n|\n|t:|1770436681\n|move|p2a: Krookodile|Pursuit|p1a: Luxray\n|-damage|p1a: Luxray|0 fnt\n|faint|p1a: Luxray\n|\n|upkeep\n|\n|t:|1770436689\n|switch|p1a: Hitmonlee|Hitmonlee, L86, M|211/225\n|turn|14\n|\n|t:|1770436700\n|switch|p2a: Aegislash|Aegislash, L77, M|191/219\n|move|p1a: Hitmonlee|Knock Off|p2a: Aegislash\n|-supereffective|p2a: Aegislash\n|-damage|p2a: Aegislash|7/219\n|-enditem|p2a: Aegislash|Leftovers|[from] move: Knock Off|[of] p1a: Hitmonlee\n|\n|upkeep\n|turn|15\n|\n|t:|1770436707\n|switch|p1a: Honchkrow|Honchkrow, L83, F|231/302 tox\n|move|p2a: Aegislash|King's Shield||[still]\n|-fail|p2a: Aegislash\n|\n|-damage|p1a: Honchkrow|213/302 tox|[from] psn\n|upkeep\n|turn|16\n|\n|t:|1770436713\n|move|p2a: Aegislash|King's Shield|p2a: Aegislash\n|-singleturn|p2a: Aegislash|Protect\n|move|p1a: Honchkrow|Roost|p1a: Honchkrow\n|-heal|p1a: Honchkrow|302/302 tox\n|-singleturn|p1a: Honchkrow|move: Roost\n|\n|-damage|p1a: Honchkrow|266/302 tox|[from] psn\n|upkeep\n|turn|17\n|\n|t:|1770436720\n|switch|p2a: Krookodile|Krookodile, L79, M|203/280\n|-ability|p2a: Krookodile|Intimidate|boost\n|-unboost|p1a: Honchkrow|atk|1\n|move|p1a: Honchkrow|Brave Bird|p2a: Krookodile\n|-damage|p2a: Krookodile|55/280\n|-damage|p1a: Honchkrow|217/302 tox|[from] Recoil\n|-damage|p1a: Honchkrow|187/302 tox|[from] item: Life Orb\n|\n|-damage|p1a: Honchkrow|133/302 tox|[from] psn\n|upkeep\n|turn|18\n|\n|t:|1770436733\n|switch|p2a: Solrock|Solrock, L90|102/308\n|move|p1a: Honchkrow|Heat Wave|p2a: Solrock\n|-resisted|p2a: Solrock\n|-damage|p2a: Solrock|50/308\n|-damage|p1a: Honchkrow|103/302 tox|[from] item: Life Orb\n|\n|-heal|p2a: Solrock|69/308|[from] item: Leftovers\n|-damage|p1a: Honchkrow|31/302 tox|[from] psn\n|upkeep\n|turn|19\n|\n|t:|1770436740\n|move|p1a: Honchkrow|Sucker Punch||[still]\n|-fail|p1a: Honchkrow\n|move|p2a: Solrock|Morning Sun|p2a: Solrock\n|-heal|p2a: Solrock|223/308\n|\n|-heal|p2a: Solrock|242/308|[from] item: Leftovers\n|-damage|p1a: Honchkrow|0 fnt|[from] psn\n|faint|p1a: Honchkrow\n|upkeep\n|\n|t:|1770436748\n|switch|p1a: Chandelure|Chandelure, L84, M|238/238\n|turn|20\n|inactive|spiritgana has 120 seconds left.\n|\n|t:|1770436781\n|switch|p2a: Aegislash|Aegislash, L77, M|7/219\n|move|p1a: Chandelure|Shadow Ball|p2a: Aegislash\n|-supereffective|p2a: Aegislash\n|-damage|p2a: Aegislash|0 fnt\n|faint|p2a: Aegislash\n|\n|upkeep\n|inactive|spiritgana has 120 seconds left.\n|\n|t:|1770436795\n|switch|p2a: Pyroar|Pyroar, L88, M|295/295\n|-ability|p2a: Pyroar|Unnerve\n|turn|21\n|inactive|spiritgana has 120 seconds left.\n|\n|t:|1770436813\n|switch|p1a: Silvally|Silvally-Flying, L87|231/307\n|move|p2a: Pyroar|Hyper Voice|p1a: Silvally\n|-damage|p1a: Silvally|97/307\n|-damage|p2a: Pyroar|266/295|[from] item: Life Orb\n|\n|upkeep\n|turn|22\n|inactive|spiritgana has 120 seconds left.\n|\n|t:|1770436829\n|switch|p2a: Solrock|Solrock, L90|242/308\n|switch|p1a: Goodra|Goodra, L85, F|292/292\n|\n|-heal|p2a: Solrock|261/308|[from] item: Leftovers\n|upkeep\n|turn|23\n|inactive|spiritgana has 120 seconds left.\n|\n|t:|1770436839\n|move|p1a: Goodra|Draco Meteor|p2a: Solrock\n|-damage|p2a: Solrock|77/308\n|-unboost|p1a: Goodra|spa|2\n|move|p2a: Solrock|Stealth Rock|p1a: Goodra\n|-sidestart|p1: A Wurmple In Time|move: Stealth Rock\n|\n|-heal|p2a: Solrock|96/308|[from] item: Leftovers\n|upkeep\n|turn|24\n|\n|t:|1770436846\n|switch|p2a: Oricorio|Oricorio-Sensu, L89, M|278/278\n|move|p1a: Goodra|Dragon Tail|p2a: Oricorio\n|-damage|p2a: Oricorio|203/278\n|drag|p2a: Pyroar|Pyroar, L88, M|266/295\n|-ability|p2a: Pyroar|Unnerve\n|\n|upkeep\n|turn|25\n|\n|t:|1770436861\n|switch|p2a: Solrock|Solrock, L90|96/308\n|move|p1a: Goodra|Earthquake|p2a: Solrock\n|-immune|p2a: Solrock|[from] ability: Levitate\n|\n|-heal|p2a: Solrock|115/308|[from] item: Leftovers\n|upkeep\n|turn|26\n|\n|t:|1770436868\n|move|p2a: Solrock|Morning Sun|p2a: Solrock\n|-heal|p2a: Solrock|269/308\n|move|p1a: Goodra|Dragon Tail|p2a: Solrock\n|-damage|p2a: Solrock|203/308\n|drag|p2a: Tornadus|Tornadus, L82, M|263/263\n|\n|upkeep\n|turn|27\n|\n|t:|1770436882\n|move|p2a: Tornadus|Acrobatics|p1a: Goodra\n|-damage|p1a: Goodra|139/292\n|move|p1a: Goodra|Dragon Tail|p2a: Tornadus\n|-damage|p2a: Tornadus|176/263\n|drag|p2a: Solrock|Solrock, L90|203/308\n|\n|-heal|p2a: Solrock|222/308|[from] item: Leftovers\n|upkeep\n|turn|28\n|\n|t:|1770436890\n|switch|p1a: Silvally|Silvally-Flying, L87|97/307\n|-damage|p1a: Silvally|21/307|[from] Stealth Rock\n|move|p2a: Solrock|Stone Edge|p1a: Silvally\n|-supereffective|p1a: Silvally\n|-damage|p1a: Silvally|0 fnt\n|faint|p1a: Silvally\n|\n|-heal|p2a: Solrock|241/308|[from] item: Leftovers\n|upkeep\n|\n|t:|1770436908\n|switch|p1a: Hitmonlee|Hitmonlee, L86, M|211/225\n|-damage|p1a: Hitmonlee|197/225|[from] Stealth Rock\n|turn|29\n|\n|t:|1770436931\n|switch|p2a: Krookodile|Krookodile, L79, M|55/280\n|-ability|p2a: Krookodile|Intimidate|boost\n|-unboost|p1a: Hitmonlee|atk|1\n|move|p1a: Hitmonlee|Knock Off|p2a: Krookodile\n|-resisted|p2a: Krookodile\n|-damage|p2a: Krookodile|25/280\n|\n|upkeep\n|turn|30\n|\n|t:|1770436941\n|move|p1a: Hitmonlee|Knock Off|p2a: Krookodile\n|-resisted|p2a: Krookodile\n|-damage|p2a: Krookodile|0 fnt\n|faint|p2a: Krookodile\n|\n|upkeep\n|\n|t:|1770436951\n|switch|p2a: Tornadus|Tornadus, L82, M|176/263\n|turn|31\n|\n|t:|1770436968\n|switch|p1a: Goodra|Goodra, L85, F|139/292\n|-damage|p1a: Goodra|103/292|[from] Stealth Rock\n|move|p2a: Tornadus|Acrobatics|p1a: Goodra\n|-damage|p1a: Goodra|0 fnt\n|faint|p1a: Goodra\n|\n|upkeep\n|\n|t:|1770436974\n|switch|p1a: Chandelure|Chandelure, L84, M|238/238\n|-damage|p1a: Chandelure|179/238|[from] Stealth Rock\n|turn|32\n|inactive|spiritgana has 120 seconds left.\n|\n|t:|1770436995\n|switch|p2a: Pyroar|Pyroar, L88, M|266/295\n|-ability|p2a: Pyroar|Unnerve\n|move|p1a: Chandelure|Shadow Ball|p2a: Pyroar\n|-immune|p2a: Pyroar\n|\n|upkeep\n|turn|33\n|\n|t:|1770437003\n|move|p1a: Chandelure|Shadow Ball|p2a: Pyroar\n|-immune|p2a: Pyroar\n|move|p2a: Pyroar|Solar Beam||[still]\n|-prepare|p2a: Pyroar|Solar Beam\n|\n|upkeep\n|turn|34\n|\n|t:|1770437007\n|switch|p1a: Hitmonlee|Hitmonlee, L86, M|197/225\n|-damage|p1a: Hitmonlee|183/225|[from] Stealth Rock\n|move|p2a: Pyroar|Solar Beam|p1a: Hitmonlee|[from] lockedmove\n|-damage|p1a: Hitmonlee|63/225\n|-damage|p2a: Pyroar|237/295|[from] item: Life Orb\n|\n|upkeep\n|turn|35\n|\n|t:|1770437012\n|switch|p1a: Chandelure|Chandelure, L84, M|179/238\n|-damage|p1a: Chandelure|120/238|[from] Stealth Rock\n|move|p2a: Pyroar|Fire Blast|p1a: Chandelure\n|-start|p1a: Chandelure|ability: Flash Fire\n|\n|upkeep\n|turn|36\n|\n|t:|1770437022\n|move|p1a: Chandelure|Shadow Ball|p2a: Pyroar\n|-immune|p2a: Pyroar\n|move|p2a: Pyroar|Solar Beam||[still]\n|-prepare|p2a: Pyroar|Solar Beam\n|\n|upkeep\n|turn|37\n|-message|A Wurmple In Time forfeited.\n|\n|win|spiritgana\n|raw|A Wurmple In Time's rating: 1706 &rarr; <strong>1685</strong><br />(-21 for losing)\n|raw|spiritgana's rating: 1684 &rarr; <strong>1705</strong><br />(+21 for winning)\n|l|☆A Wurmple In Time\n|player|p1|\n", "inputlog": ">version ccdc32dd7cde25fd9e4bed64820e885f66e78a4e\n>start {\"formatid\":\"gen7randombattle\",\"seed\":\"sodium,757a0a0a6a29f6a7e2e7b993eb5ad548\",\"rated\":\"Rated battle\"}\n>player p1 {\"name\":\"A Wurmple In Time\",\"avatar\":\"dragontamer\",\"rating\":1706,\"seed\":\"sodium,d56115df4ad2209b0c2094c5b83b7b24\"}\n>player p2 {\"name\":\"spiritgana\",\"avatar\":\"170\",\"rating\":1684,\"seed\":\"sodium,7d9ce184dccd8d089d60a7c891c0757f\"}\n>p1 switch 4\n>p2 switch 6\n>p1 move heatwave\n>p2 move kingsshield\n>p1 move bravebird\n>p2 move toxic\n>p1 switch 3\n>p2 switch 3\n>p1 move crunch\n>p2 move stealthrock\n>p1 move voltswitch\n>p2 move earthquake\n>p1 switch 4\n>p1 move knockoff\n>p2 switch 6\n>p1 switch 6\n>p2 move earthquake\n>p1 move defog\n>p2 switch 3\n>p1 move uturn\n>p2 move shadowball\n>p1 switch 4\n>p1 move voltswitch\n>p2 move kingsshield\n>p1 move crunch\n>p2 switch 3\n>p1 move superpower\n>p2 move pursuit\n>p1 switch 6\n>p1 move knockoff\n>p2 switch 3\n>p1 switch 3\n>p2 move kingsshield\n>p1 move roost\n>p2 move kingsshield\n>p1 move bravebird\n>p2 switch 3\n>p1 move heatwave\n>p2 switch 6\n>p1 move suckerpunch\n>p2 move morningsun\n>p1 switch 5\n>p1 move shadowball\n>p2 switch 3\n>p2 switch 4\n>p1 switch 4\n>p2 move hypervoice\n>p1 switch 2\n>p2 switch 3\n>p1 move dracometeor\n>p2 move stealthrock\n>p1 move dragontail\n>p2 switch 5\n>p1 move earthquake\n>p2 switch 5\n>p1 move dragontail\n>p2 move morningsun\n>p1 move dragontail\n>p2 move acrobatics\n>p1 switch 2\n>p2 move stoneedge\n>p1 switch 3\n>p1 move knockoff\n>p2 switch 6\n>p1 move knockoff\n>p2 move earthquake\n>p2 switch 2\n>p1 switch 2\n>p2 move acrobatics\n>p1 switch 4\n>p1 move shadowball\n>p2 switch 5\n>p1 move shadowball\n>p2 move solarbeam\n>p1 switch 2\n>p2 move solarbeam\n>p1 switch 2\n>p2 move fireblast\n>p1 move shadowball\n>p2 move solarbeam\n>forcelose p1", "uploadtime": 1770437030, "views": 221, "formatid": "gen7randombattle", "rating": 1685, "private": 0, "password": null}