{"id": "gen7randombattle-2525193705", "format": "[Gen 7] Random Battle", "players": ["mandypuff", "I am always alone"], "log": "|j|☆mandypuff\n|j|☆I am always alone\n|t:|1769246140\n|gametype|singles\n|player|p1|mandypuff|nurse|1521\n|player|p2|I am always alone|dawn|1601\n|gen|7\n|tier|[Gen 7] Random Battle\n|rated|\n|rule|Sleep Clause Mod: Limit one foe put to sleep\n|rule|HP Percentage Mod: HP is shown in percentages\n|rule|Illusion Level Mod: Illusion disguises the Pokémon's true level\n|\n|t:|1769246140\n|teamsize|p1|6\n|teamsize|p2|6\n|start\n|switch|p1a: Mienshao|Mienshao, L83, F|243/243\n|switch|p2a: Skuntank|Skuntank, L87, M|321/321\n|turn|1\n|inactive|Battle timer is ON: inactive players will automatically lose when time's up. (requested by mandypuff)\n|\n|t:|1769246146\n|move|p1a: Mienshao|Fake Out|p2a: Skuntank\n|-damage|p2a: Skuntank|282/321\n|cant|p2a: Skuntank|flinch\n|\n|-heal|p2a: Skuntank|302/321|[from] item: Black Sludge\n|upkeep\n|turn|2\n|\n|t:|1769246149\n|move|p1a: Mienshao|Knock Off|p2a: Skuntank\n|-resisted|p2a: Skuntank\n|-damage|p2a: Skuntank|252/321\n|-enditem|p2a: Skuntank|Black Sludge|[from] move: Knock Off|[of] p1a: Mienshao\n|move|p2a: Skuntank|Poison Jab|p1a: Mienshao\n|-damage|p1a: Mienshao|116/243\n|\n|upkeep\n|turn|3\n|\n|t:|1769246158\n|move|p1a: Mienshao|U-turn|p2a: Skuntank\n|-damage|p2a: Skuntank|186/321\n|\n|t:|1769246162\n|switch|p1a: Escavalier|Escavalier, L85, F|258/258|[from] U-turn\n|move|p2a: Skuntank|Poison Jab|p1a: Escavalier\n|-immune|p1a: Escavalier\n|\n|upkeep\n|turn|4\n|\n|t:|1769246171\n|move|p2a: Skuntank|Crunch|p1a: Escavalier\n|-damage|p1a: Escavalier|183/258\n|move|p1a: Escavalier|Swords Dance|p1a: Escavalier\n|-boost|p1a: Escavalier|atk|2\n|\n|-heal|p1a: Escavalier|199/258|[from] item: Leftovers\n|upkeep\n|turn|5\n|\n|t:|1769246176\n|move|p2a: Skuntank|Crunch|p1a: Escavalier\n|-damage|p1a: Escavalier|120/258\n|move|p1a: Escavalier|Megahorn|p2a: Skuntank\n|-damage|p2a: Skuntank|0 fnt\n|-damage|p1a: Escavalier|56/258|[from] ability: Aftermath|[of] p2a: Skuntank\n|faint|p2a: Skuntank\n|\n|-heal|p1a: Escavalier|72/258|[from] item: Leftovers\n|upkeep\n|inactive|I am always alone has 120 seconds left.\n|\n|t:|1769246226\n|switch|p2a: Bisharp|Bisharp, L82, M|241/241\n|turn|6\n|\n|t:|1769246236\n|move|p2a: Bisharp|Knock Off|p1a: Escavalier\n|-damage|p1a: Escavalier|0 fnt\n|-enditem|p1a: Escavalier|Leftovers|[from] move: Knock Off|[of] p2a: Bisharp\n|faint|p1a: Escavalier\n|\n|upkeep\n|\n|t:|1769246241\n|switch|p1a: Mienshao|Mienshao, L83, F|197/243\n|turn|7\n|inactive|I am always alone has 120 seconds left.\n|inactive|I am always alone has 90 seconds left.\n|\n|t:|1769246281\n|switch|p2a: Tsareena|Tsareena, L87, F|267/267\n|move|p1a: Mienshao|High Jump Kick|p2a: Tsareena\n|-damage|p2a: Tsareena|119/267\n|\n|-heal|p2a: Tsareena|135/267|[from] item: Leftovers\n|upkeep\n|turn|8\n|\n|t:|1769246290\n|move|p1a: Mienshao|U-turn|p2a: Tsareena\n|-supereffective|p2a: Tsareena\n|-damage|p2a: Tsareena|25/267\n|\n|t:|1769246298\n|switch|p1a: Raticate|Raticate-Alola, L89, M|278/278|[from] U-turn\n|move|p2a: Tsareena|Power Whip|p1a: Raticate\n|-damage|p1a: Raticate|94/278\n|\n|-heal|p2a: Tsareena|41/267|[from] item: Leftovers\n|upkeep\n|turn|9\n|\n|t:|1769246314\n|switch|p2a: Swampert|Swampert, L81, M|295/295\n|move|p1a: Raticate|Knock Off|p2a: Swampert\n|-damage|p2a: Swampert|210/295\n|\n|upkeep\n|turn|10\n|\n|t:|1769246319\n|detailschange|p2a: Swampert|Swampert-Mega, L81, M\n|-mega|p2a: Swampert|Swampert|Swampertite\n|-zpower|p1a: Raticate\n|move|p1a: Raticate|Breakneck Blitz|p2a: Swampert|[zeffect]\n|-damage|p2a: Swampert|0 fnt\n|faint|p2a: Swampert\n|detailschange|p2: Swampert|Swampert, L81, M|[silent]\n|\n|upkeep\n|inactive|I am always alone has 90 seconds left.\n|\n|t:|1769246349\n|switch|p2a: Cinccino|Cinccino, L84, F|263/263\n|turn|11\n|\n|t:|1769246353\n|move|p2a: Cinccino|Tail Slap|p1a: Raticate\n|-damage|p1a: Raticate|46/278\n|-damage|p1a: Raticate|3/278\n|-damage|p1a: Raticate|0 fnt\n|faint|p1a: Raticate\n|-hitcount|p1: Raticate|3\n|\n|upkeep\n|\n|t:|1769246368\n|switch|p1a: Poliwrath|Poliwrath, L91, F|312/312\n|turn|12\n|inactive|I am always alone has 90 seconds left.\n|\n|t:|1769246400\n|switch|p2a: Torterra|Torterra, L88, M|310/310\n|move|p1a: Poliwrath|Circle Throw|p2a: Torterra\n|-damage|p2a: Torterra|244/310\n|drag|p2a: Cinccino|Cinccino, L84, F|263/263\n|\n|upkeep\n|turn|13\n|\n|t:|1769246408\n|move|p2a: Cinccino|Bullet Seed|p1a: Poliwrath\n|-supereffective|p1a: Poliwrath\n|-damage|p1a: Poliwrath|266/312\n|-supereffective|p1a: Poliwrath\n|-damage|p1a: Poliwrath|218/312\n|-supereffective|p1a: Poliwrath\n|-damage|p1a: Poliwrath|174/312\n|-supereffective|p1a: Poliwrath\n|-crit|p1a: Poliwrath\n|-damage|p1a: Poliwrath|108/312\n|-supereffective|p1a: Poliwrath\n|-damage|p1a: Poliwrath|60/312\n|-hitcount|p1a: Poliwrath|5\n|move|p1a: Poliwrath|Circle Throw|p2a: Cinccino\n|-supereffective|p2a: Cinccino\n|-damage|p2a: Cinccino|59/263\n|drag|p2a: Tsareena|Tsareena, L87, F|41/267\n|\n|-heal|p1a: Poliwrath|79/312|[from] item: Leftovers\n|-heal|p2a: Tsareena|57/267|[from] item: Leftovers\n|upkeep\n|turn|14\n|inactive|I am always alone has 90 seconds left.\n|\n|t:|1769246422\n|move|p2a: Tsareena|Power Whip|p1a: Poliwrath\n|-supereffective|p1a: Poliwrath\n|-damage|p1a: Poliwrath|0 fnt\n|faint|p1a: Poliwrath\n|\n|-heal|p2a: Tsareena|73/267|[from] item: Leftovers\n|upkeep\n|\n|t:|1769246426\n|switch|p1a: Mienshao|Mienshao, L83, F|243/243\n|turn|15\n|\n|t:|1769246437\n|move|p1a: Mienshao|U-turn|p2a: Tsareena\n|-supereffective|p2a: Tsareena\n|-crit|p2a: Tsareena\n|-damage|p2a: Tsareena|0 fnt\n|faint|p2a: Tsareena\n|\n|t:|1769246446\n|switch|p1a: Huntail|Huntail, L85, F|232/232|[from] U-turn\n|\n|upkeep\n|\n|t:|1769246455\n|switch|p2a: Torterra|Torterra, L88, M|244/310\n|turn|16\n|\n|t:|1769246459\n|move|p2a: Torterra|Wood Hammer|p1a: Huntail\n|-supereffective|p1a: Huntail\n|-damage|p1a: Huntail|0 fnt\n|faint|p1a: Huntail\n|-damage|p2a: Torterra|167/310|[from] Recoil\n|\n|-heal|p2a: Torterra|186/310|[from] item: Leftovers\n|upkeep\n|\n|t:|1769246464\n|switch|p1a: Mienshao|Mienshao, L83, F|243/243\n|turn|17\n|inactive|I am always alone has 120 seconds left.\n|\n|t:|1769246481\n|move|p1a: Mienshao|Fake Out|p2a: Torterra\n|-damage|p2a: Torterra|156/310\n|cant|p2a: Torterra|flinch\n|\n|-heal|p2a: Torterra|175/310|[from] item: Leftovers\n|upkeep\n|turn|18\n|\n|t:|1769246484\n|move|p1a: Mienshao|High Jump Kick|p2a: Torterra\n|-damage|p2a: Torterra|31/310\n|move|p2a: Torterra|Synthesis|p2a: Torterra\n|-heal|p2a: Torterra|186/310\n|\n|-heal|p2a: Torterra|205/310|[from] item: Leftovers\n|upkeep\n|turn|19\n|\n|t:|1769246488\n|move|p1a: Mienshao|High Jump Kick|p2a: Torterra\n|-damage|p2a: Torterra|75/310\n|move|p2a: Torterra|Synthesis|p2a: Torterra\n|-heal|p2a: Torterra|230/310\n|\n|-heal|p2a: Torterra|249/310|[from] item: Leftovers\n|upkeep\n|turn|20\n|\n|t:|1769246492\n|move|p1a: Mienshao|High Jump Kick|p2a: Torterra|[miss]\n|-miss|p1a: Mienshao|p2a: Torterra\n|-damage|p1a: Mienshao|122/243|[from] highjumpkick\n|move|p2a: Torterra|Synthesis|p2a: Torterra\n|-heal|p2a: Torterra|310/310\n|\n|upkeep\n|turn|21\n|\n|t:|1769246496\n|move|p1a: Mienshao|High Jump Kick|p2a: Torterra\n|-damage|p2a: Torterra|168/310\n|move|p2a: Torterra|Wood Hammer|p1a: Mienshao\n|-damage|p1a: Mienshao|0 fnt\n|faint|p1a: Mienshao\n|-damage|p2a: Torterra|128/310|[from] Recoil\n|\n|-heal|p2a: Torterra|147/310|[from] item: Leftovers\n|upkeep\n|\n|t:|1769246499\n|switch|p1a: Kangaskhan|Kangaskhan, L75, F|281/281\n|turn|22\n|\n|t:|1769246510\n|detailschange|p1a: Kangaskhan|Kangaskhan-Mega, L75, F\n|-mega|p1a: Kangaskhan|Kangaskhan|Kangaskhanite\n|move|p1a: Kangaskhan|Fake Out|p2a: Torterra\n|-damage|p2a: Torterra|108/310\n|-damage|p2a: Torterra|99/310\n|-hitcount|p2a: Torterra|2\n|cant|p2a: Torterra|flinch\n|\n|-heal|p2a: Torterra|118/310|[from] item: Leftovers\n|upkeep\n|turn|23\n|\n|t:|1769246519\n|move|p1a: Kangaskhan|Body Slam|p2a: Torterra\n|-crit|p2a: Torterra\n|-damage|p2a: Torterra|6/310\n|-status|p2a: Torterra|par\n|-damage|p2a: Torterra|0 fnt\n|faint|p2a: Torterra\n|-hitcount|p2: Torterra|2\n|\n|upkeep\n|\n|t:|1769246527\n|switch|p2a: Cinccino|Cinccino, L84, F|59/263\n|turn|24\n|\n|t:|1769246530\n|move|p1a: Kangaskhan|Sucker Punch|p2a: Cinccino\n|-damage|p2a: Cinccino|0 fnt\n|faint|p2a: Cinccino\n|-hitcount|p2: Cinccino|1\n|\n|upkeep\n|\n|t:|1769246532\n|switch|p2a: Bisharp|Bisharp, L82, M|241/241\n|turn|25\n|\n|t:|1769246538\n|move|p1a: Kangaskhan|Seismic Toss|p2a: Bisharp\n|-damage|p2a: Bisharp|166/241\n|-damage|p2a: Bisharp|91/241\n|-hitcount|p2a: Bisharp|2\n|move|p2a: Bisharp|Iron Head|p1a: Kangaskhan\n|-damage|p1a: Kangaskhan|179/281\n|\n|upkeep\n|turn|26\n|\n|t:|1769246545\n|move|p2a: Bisharp|Sucker Punch|p1a: Kangaskhan\n|-damage|p1a: Kangaskhan|76/281\n|move|p1a: Kangaskhan|Seismic Toss|p2a: Bisharp\n|-damage|p2a: Bisharp|16/241\n|-damage|p2a: Bisharp|0 fnt\n|faint|p2a: Bisharp\n|-hitcount|p2: Bisharp|2\n|\n|win|mandypuff\n|raw|mandypuff's rating: 1521 &rarr; <strong>1545</strong><br />(+24 for winning)\n|raw|I am always alone's rating: 1586 &rarr; <strong>1562</strong><br />(-24 for losing)\n|l|☆I am always alone\n|player|p2|\n", "inputlog": ">version b99ff0165a6231f17e8b78c2a78d1998375de664\n>start {\"formatid\":\"gen7randombattle\",\"seed\":\"sodium,f81e3b8d3afd6a4a40ffdc10f0a115a4\",\"rated\":\"Rated battle\"}\n>player p1 {\"name\":\"mandypuff\",\"avatar\":\"nurse\",\"rating\":1521,\"seed\":\"sodium,a57463164fc2baaafcb2e47c8d2dfb46\"}\n>player p2 {\"name\":\"I am always alone\",\"avatar\":\"dawn\",\"rating\":1601,\"seed\":\"sodium,91ee31fd9dbc7b223cea4e86422226e6\"}\n>p1 move fakeout\n>p2 move poisonjab\n>p1 move knockoff\n>p2 move poisonjab\n>p1 move uturn\n>p2 move poisonjab\n>p1 switch 4\n>p1 move swordsdance\n>p2 move crunch\n>p1 move megahorn\n>p2 move crunch\n>p2 switch 4\n>p1 move megahorn\n>p2 move knockoff\n>p1 switch 4\n>p1 move highjumpkick\n>p2 switch 5\n>p1 move uturn\n>p2 move powerwhip\n>p1 switch 3\n>p1 move knockoff\n>p2 switch 2\n>p1 move doubleedge zmove\n>p2 move raindance mega\n>p2 switch 6\n>p1 move knockoff\n>p2 move tailslap\n>p1 switch 6\n>p1 move circlethrow\n>p2 switch 3\n>p1 move circlethrow\n>p2 move bulletseed\n>p1 move circlethrow\n>p2 move powerwhip\n>p1 switch 3\n>p1 move uturn\n>p2 move powerwhip\n>p1 switch 2\n>p2 switch 3\n>p1 move shellsmash\n>p2 move woodhammer\n>p1 switch 2\n>p1 move fakeout\n>p2 move synthesis\n>p1 move highjumpkick\n>p2 move synthesis\n>p1 move highjumpkick\n>p2 move synthesis\n>p1 move highjumpkick\n>p2 move synthesis\n>p1 move highjumpkick\n>p2 move woodhammer\n>p1 switch 5\n>p1 move fakeout mega\n>p2 move woodhammer\n>p1 move bodyslam\n>p2 move woodhammer\n>p2 switch 2\n>p1 move suckerpunch\n>p2 move tailslap\n>p2 switch 5\n>p1 move seismictoss\n>p2 move ironhead\n>p1 move seismictoss\n>p2 move suckerpunch", "uploadtime": 1769246548, "views": 217, "formatid": "gen7randombattle", "rating": 1545, "private": 0, "password": null}