{"id": "gen7randombattle-2533496132", "format": "[Gen 7] Random Battle", "players": ["superwooper96", "drizzle"], "log": "|j|☆superwooper96\n|j|☆drizzle\n|t:|1770311073\n|gametype|singles\n|player|p1|superwooper96|ninjaboy|1812\n|player|p2|drizzle|lucas|1836\n|gen|7\n|tier|[Gen 7] Random Battle\n|rated|\n|rule|Sleep Clause Mod: Limit one foe put to sleep\n|rule|HP Percentage Mod: HP is shown in percentages\n|rule|Illusion Level Mod: Illusion disguises the Pokémon's true level\n|\n|t:|1770311073\n|teamsize|p1|6\n|teamsize|p2|6\n|start\n|switch|p1a: Wailord|Wailord, L94, F|471/471\n|switch|p2a: Stoutland|Stoutland, L86, F|286/286\n|turn|1\n|inactive|Battle timer is ON: inactive players will automatically lose when time's up. (requested by drizzle)\n|\n|t:|1770311090\n|move|p2a: Stoutland|Return|p1a: Wailord\n|-damage|p1a: Wailord|302/471\n|move|p1a: Wailord|Water Spout|p2a: Stoutland\n|-damage|p2a: Stoutland|177/286\n|\n|upkeep\n|turn|2\n|\n|t:|1770311096\n|switch|p1a: Lunala|Lunala, L72|316/316\n|move|p2a: Stoutland|Return|p1a: Lunala\n|-damage|p1a: Lunala|248/316\n|\n|-heal|p1a: Lunala|267/316|[from] item: Leftovers\n|upkeep\n|turn|3\n|\n|t:|1770311103\n|move|p2a: Stoutland|Return|p1a: Lunala\n|-damage|p1a: Lunala|126/316\n|move|p1a: Lunala|Roost|p1a: Lunala\n|-heal|p1a: Lunala|284/316\n|-singleturn|p1a: Lunala|move: Roost\n|\n|-heal|p1a: Lunala|303/316|[from] item: Leftovers\n|upkeep\n|turn|4\n|\n|t:|1770311110\n|switch|p2a: Toucannon|Toucannon, L88, M|284/284\n|move|p1a: Lunala|Roost|p1a: Lunala\n|-heal|p1a: Lunala|316/316\n|-singleturn|p1a: Lunala|move: Roost\n|\n|upkeep\n|turn|5\n|\n|t:|1770311115\n|switch|p1a: Pachirisu|Pachirisu, L96, F|271/271\n|move|p2a: Toucannon|Knock Off|p1a: Pachirisu\n|-damage|p1a: Pachirisu|170/271\n|-enditem|p1a: Pachirisu|Leftovers|[from] move: Knock Off|[of] p2a: Toucannon\n|\n|upkeep\n|turn|6\n|\n|t:|1770311128\n|switch|p2a: Hypno|Hypno, L97, M|322/322\n|move|p1a: Pachirisu|Super Fang|p2a: Hypno\n|-damage|p2a: Hypno|161/322\n|\n|-heal|p2a: Hypno|181/322|[from] item: Leftovers\n|upkeep\n|turn|7\n|\n|t:|1770311139\n|move|p1a: Pachirisu|Toxic|p2a: Hypno\n|-status|p2a: Hypno|tox\n|move|p2a: Hypno|Wish|p2a: Hypno\n|\n|-heal|p2a: Hypno|201/322 tox|[from] item: Leftovers\n|-damage|p2a: Hypno|181/322 tox|[from] psn\n|upkeep\n|turn|8\n|\n|t:|1770311146\n|move|p1a: Pachirisu|U-turn|p2a: Hypno\n|-supereffective|p2a: Hypno\n|-damage|p2a: Hypno|99/322 tox\n|\n|t:|1770311148\n|switch|p1a: Wailord|Wailord, L94, F|302/471|[from] U-turn\n|move|p2a: Hypno|Toxic|p1a: Wailord\n|-status|p1a: Wailord|tox\n|\n|-heal|p2a: Hypno|260/322 tox|[from] move: Wish|[wisher] Hypno\n|-heal|p2a: Hypno|280/322 tox|[from] item: Leftovers\n|-damage|p1a: Wailord|273/471 tox|[from] psn\n|-damage|p2a: Hypno|240/322 tox|[from] psn\n|upkeep\n|turn|9\n|\n|t:|1770311154\n|move|p1a: Wailord|Hydro Pump|p2a: Hypno\n|-crit|p2a: Hypno\n|-damage|p2a: Hypno|86/322 tox\n|move|p2a: Hypno|Seismic Toss|p1a: Wailord\n|-damage|p1a: Wailord|176/471 tox\n|\n|-heal|p2a: Hypno|106/322 tox|[from] item: Leftovers\n|-damage|p1a: Wailord|118/471 tox|[from] psn\n|-damage|p2a: Hypno|46/322 tox|[from] psn\n|upkeep\n|turn|10\n|\n|t:|1770311172\n|move|p1a: Wailord|Hydro Pump|p2a: Hypno\n|-damage|p2a: Hypno|0 fnt\n|faint|p2a: Hypno\n|\n|-damage|p1a: Wailord|31/471 tox|[from] psn\n|upkeep\n|\n|t:|1770311175\n|switch|p2a: Stoutland|Stoutland, L86, F|177/286\n|turn|11\n|\n|t:|1770311186\n|move|p2a: Stoutland|Return|p1a: Wailord\n|-damage|p1a: Wailord|0 fnt\n|faint|p1a: Wailord\n|\n|upkeep\n|\n|t:|1770311194\n|switch|p1a: Dunsparce|Dunsparce, L95, M|344/344\n|turn|12\n|\n|t:|1770311210\n|move|p2a: Stoutland|Return|p1a: Dunsparce\n|-damage|p1a: Dunsparce|203/344\n|move|p1a: Dunsparce|Glare|p2a: Stoutland\n|-status|p2a: Stoutland|par\n|\n|-heal|p1a: Dunsparce|224/344|[from] item: Leftovers\n|upkeep\n|turn|13\n|\n|t:|1770311220\n|switch|p2a: Jumpluff|Jumpluff, L89, F|278/278\n|move|p1a: Dunsparce|Glare|p2a: Jumpluff\n|-status|p2a: Jumpluff|par\n|\n|-heal|p1a: Dunsparce|245/344|[from] item: Leftovers\n|upkeep\n|turn|14\n|\n|t:|1770311225\n|move|p1a: Dunsparce|Headbutt|p2a: Jumpluff\n|-damage|p2a: Jumpluff|190/278 par\n|move|p2a: Jumpluff|Leech Seed|p1a: Dunsparce\n|-start|p1a: Dunsparce|move: Leech Seed\n|\n|-heal|p1a: Dunsparce|266/344|[from] item: Leftovers\n|-damage|p1a: Dunsparce|223/344|[from] Leech Seed|[of] p2a: Jumpluff\n|-heal|p2a: Jumpluff|233/278 par|[silent]\n|upkeep\n|turn|15\n|\n|t:|1770311245\n|switch|p1a: Tentacruel|Tentacruel, L83, F|268/268\n|switch|p2a: Stoutland|Stoutland, L86, F|177/286 par\n|\n|upkeep\n|turn|16\n|\n|t:|1770311258\n|switch|p1a: Dunsparce|Dunsparce, L95, M|223/344\n|move|p2a: Stoutland|Facade|p1a: Dunsparce\n|-damage|p1a: Dunsparce|46/344\n|\n|-heal|p1a: Dunsparce|67/344|[from] item: Leftovers\n|upkeep\n|turn|17\n|\n|t:|1770311265\n|move|p2a: Stoutland|Facade|p1a: Dunsparce\n|-damage|p1a: Dunsparce|0 fnt\n|faint|p1a: Dunsparce\n|\n|upkeep\n|\n|t:|1770311276\n|switch|p1a: Lunala|Lunala, L72|316/316\n|turn|18\n|\n|t:|1770311282\n|switch|p2a: Toucannon|Toucannon, L88, M|284/284\n|move|p1a: Lunala|Calm Mind|p1a: Lunala\n|-boost|p1a: Lunala|spa|1\n|-boost|p1a: Lunala|spd|1\n|\n|upkeep\n|turn|19\n|\n|t:|1770311286\n|switch|p1a: Pachirisu|Pachirisu, L96, F|170/271\n|move|p2a: Toucannon|Knock Off|p1a: Pachirisu\n|-damage|p1a: Pachirisu|112/271\n|\n|upkeep\n|turn|20\n|\n|t:|1770311304\n|switch|p2a: Zebstrika|Zebstrika, L88, F|275/275\n|move|p1a: Pachirisu|Super Fang|p2a: Zebstrika\n|-damage|p2a: Zebstrika|138/275\n|\n|upkeep\n|turn|21\n|\n|t:|1770311316\n|switch|p1a: Lunala|Lunala, L72|316/316\n|move|p2a: Zebstrika|Hidden Power|p1a: Lunala\n|-damage|p1a: Lunala|295/316\n|\n|-heal|p1a: Lunala|314/316|[from] item: Leftovers\n|upkeep\n|turn|22\n|\n|t:|1770311323\n|switch|p2a: Toucannon|Toucannon, L88, M|284/284\n|move|p1a: Lunala|Moonblast|p2a: Toucannon\n|-damage|p2a: Toucannon|212/284\n|-unboost|p2a: Toucannon|spa|1\n|\n|-heal|p1a: Lunala|316/316|[from] item: Leftovers\n|-heal|p2a: Toucannon|229/284|[from] item: Leftovers\n|upkeep\n|turn|23\n|\n|t:|1770311329\n|switch|p1a: Pachirisu|Pachirisu, L96, F|112/271\n|move|p2a: Toucannon|Knock Off|p1a: Pachirisu\n|-damage|p1a: Pachirisu|44/271\n|\n|-heal|p2a: Toucannon|246/284|[from] item: Leftovers\n|upkeep\n|turn|24\n|\n|t:|1770311337\n|switch|p2a: Zebstrika|Zebstrika, L88, F|138/275\n|move|p1a: Pachirisu|Super Fang|p2a: Zebstrika\n|-damage|p2a: Zebstrika|69/275\n|\n|upkeep\n|turn|25\n|\n|t:|1770311353\n|switch|p1a: Lunala|Lunala, L72|316/316\n|move|p2a: Zebstrika|Overheat|p1a: Lunala\n|-damage|p1a: Lunala|276/316\n|-unboost|p2a: Zebstrika|spa|2\n|\n|-heal|p1a: Lunala|295/316|[from] item: Leftovers\n|upkeep\n|turn|26\n|\n|t:|1770311358\n|switch|p2a: Toucannon|Toucannon, L88, M|246/284\n|switch|p1a: Pachirisu|Pachirisu, L96, F|44/271\n|\n|-heal|p2a: Toucannon|263/284|[from] item: Leftovers\n|upkeep\n|turn|27\n|\n|t:|1770311366\n|switch|p2a: Jumpluff|Jumpluff, L89, F|233/278 par\n|move|p1a: Pachirisu|Toxic||[still]\n|-fail|p1a: Pachirisu\n|\n|upkeep\n|turn|28\n|\n|t:|1770311370\n|move|p1a: Pachirisu|Super Fang|p2a: Jumpluff\n|-damage|p2a: Jumpluff|117/278 par\n|cant|p2a: Jumpluff|par\n|\n|upkeep\n|turn|29\n|\n|t:|1770311374\n|move|p1a: Pachirisu|U-turn|p2a: Jumpluff\n|-damage|p2a: Jumpluff|77/278 par\n|\n|t:|1770311376\n|switch|p1a: Tentacruel|Tentacruel, L83, F|268/268|[from] U-turn\n|move|p2a: Jumpluff|Acrobatics|p1a: Tentacruel\n|-damage|p1a: Tentacruel|153/268\n|\n|upkeep\n|turn|30\n|\n|t:|1770311382\n|move|p1a: Tentacruel|Sludge Bomb|p2a: Jumpluff\n|-supereffective|p2a: Jumpluff\n|-damage|p2a: Jumpluff|0 fnt\n|faint|p2a: Jumpluff\n|\n|upkeep\n|\n|t:|1770311388\n|switch|p2a: Stoutland|Stoutland, L86, F|177/286 par\n|turn|31\n|inactive|superwooper96 has 120 seconds left.\n|\n|t:|1770311419\n|switch|p1a: Lunala|Lunala, L72|295/316\n|move|p2a: Stoutland|Facade|p1a: Lunala\n|-damage|p1a: Lunala|114/316\n|\n|-heal|p1a: Lunala|133/316|[from] item: Leftovers\n|upkeep\n|turn|32\n|\n|t:|1770311426\n|move|p1a: Lunala|Roost|p1a: Lunala\n|-heal|p1a: Lunala|291/316\n|-singleturn|p1a: Lunala|move: Roost\n|move|p2a: Stoutland|Facade|p1a: Lunala\n|-damage|p1a: Lunala|96/316\n|\n|-heal|p1a: Lunala|115/316|[from] item: Leftovers\n|upkeep\n|turn|33\n|\n|t:|1770311430\n|switch|p2a: Toucannon|Toucannon, L88, M|263/284\n|move|p1a: Lunala|Roost|p1a: Lunala\n|-heal|p1a: Lunala|273/316\n|-singleturn|p1a: Lunala|move: Roost\n|\n|-heal|p1a: Lunala|292/316|[from] item: Leftovers\n|-heal|p2a: Toucannon|280/284|[from] item: Leftovers\n|upkeep\n|turn|34\n|\n|t:|1770311435\n|switch|p1a: Tentacruel|Tentacruel, L83, F|153/268\n|move|p2a: Toucannon|Knock Off|p1a: Tentacruel\n|-damage|p1a: Tentacruel|47/268\n|-enditem|p1a: Tentacruel|Assault Vest|[from] move: Knock Off|[of] p2a: Toucannon\n|\n|-heal|p2a: Toucannon|284/284|[from] item: Leftovers\n|upkeep\n|turn|35\n|\n|t:|1770311460\n|switch|p2a: Jirachi|Jirachi, L76|277/277\n|move|p1a: Tentacruel|Scald|p2a: Jirachi\n|-damage|p2a: Jirachi|229/277\n|-status|p2a: Jirachi|brn\n|\n|-damage|p2a: Jirachi|212/277 brn|[from] brn\n|upkeep\n|turn|36\n|\n|t:|1770311483\n|switch|p1a: Lunala|Lunala, L72|292/316\n|move|p2a: Jirachi|U-turn|p1a: Lunala\n|-damage|p1a: Lunala|270/316\n|\n|t:|1770311486\n|switch|p2a: Toucannon|Toucannon, L88, M|284/284|[from] U-turn\n|\n|-heal|p1a: Lunala|289/316|[from] item: Leftovers\n|upkeep\n|turn|37\n|\n|t:|1770311501\n|switch|p1a: Tentacruel|Tentacruel, L83, F|47/268\n|move|p2a: Toucannon|Knock Off|p1a: Tentacruel\n|-crit|p1a: Tentacruel\n|-damage|p1a: Tentacruel|0 fnt\n|faint|p1a: Tentacruel\n|\n|upkeep\n|\n|t:|1770311503\n|switch|p1a: Pachirisu|Pachirisu, L96, F|44/271\n|turn|38\n|\n|t:|1770311509\n|switch|p2a: Jirachi|Jirachi, L76|212/277 brn\n|move|p1a: Pachirisu|Toxic|p2a: Jirachi|[miss]\n|-miss|p1a: Pachirisu|p2a: Jirachi\n|\n|-damage|p2a: Jirachi|195/277 brn|[from] brn\n|upkeep\n|turn|39\n|\n|t:|1770311514\n|move|p1a: Pachirisu|Thunderbolt|p2a: Jirachi\n|-damage|p2a: Jirachi|146/277 brn\n|move|p2a: Jirachi|U-turn|p1a: Pachirisu\n|-damage|p1a: Pachirisu|22/271\n|\n|t:|1770311516\n|switch|p2a: Zebstrika|Zebstrika, L88, F|69/275|[from] U-turn\n|\n|upkeep\n|turn|40\n|\n|t:|1770311521\n|switch|p1a: Lunala|Lunala, L72|289/316\n|move|p2a: Zebstrika|Hidden Power|p1a: Lunala\n|-damage|p1a: Lunala|251/316\n|\n|-heal|p1a: Lunala|270/316|[from] item: Leftovers\n|upkeep\n|turn|41\n|\n|t:|1770311529\n|switch|p2a: Toucannon|Toucannon, L88, M|284/284\n|switch|p1a: Pachirisu|Pachirisu, L96, F|22/271\n|\n|upkeep\n|turn|42\n|\n|t:|1770311536\n|switch|p2a: Jirachi|Jirachi, L76|146/277 brn\n|move|p1a: Pachirisu|U-turn|p2a: Jirachi\n|-damage|p2a: Jirachi|104/277 brn\n|\n|t:|1770311539\n|switch|p1a: Zangoose|Zangoose, L86, M|266/266|[from] U-turn\n|\n|-damage|p2a: Jirachi|87/277 brn|[from] brn\n|-status|p1a: Zangoose|tox|[from] item: Toxic Orb\n|upkeep\n|turn|43\n|\n|t:|1770311552\n|move|p1a: Zangoose|Facade|p2a: Jirachi\n|-resisted|p2a: Jirachi\n|-damage|p2a: Jirachi|0 fnt\n|faint|p2a: Jirachi\n|\n|-damage|p1a: Zangoose|250/266 tox|[from] psn\n|upkeep\n|\n|t:|1770311560\n|switch|p2a: Zebstrika|Zebstrika, L88, F|69/275\n|turn|44\n|inactive|superwooper96 has 120 seconds left.\n|\n|t:|1770311602\n|move|p2a: Zebstrika|Wild Charge|p1a: Zangoose\n|-damage|p1a: Zangoose|103/266 tox\n|-damage|p2a: Zebstrika|32/275|[from] Recoil\n|move|p1a: Zangoose|Facade|p2a: Zebstrika\n|-damage|p2a: Zebstrika|0 fnt\n|faint|p2a: Zebstrika\n|\n|-damage|p1a: Zangoose|71/266 tox|[from] psn\n|upkeep\n|\n|t:|1770311617\n|switch|p2a: Stoutland|Stoutland, L86, F|177/286 par\n|turn|45\n|inactive|superwooper96 has 120 seconds left.\n|\n|t:|1770311640\n|move|p1a: Zangoose|Facade|p2a: Stoutland\n|-damage|p2a: Stoutland|0 fnt\n|faint|p2a: Stoutland\n|\n|-damage|p1a: Zangoose|23/266 tox|[from] psn\n|upkeep\n|\n|t:|1770311643\n|switch|p2a: Toucannon|Toucannon, L88, M|284/284\n|turn|46\n|\n|t:|1770311646\n|switch|p1a: Lunala|Lunala, L72|270/316\n|move|p2a: Toucannon|Swords Dance|p2a: Toucannon\n|-boost|p2a: Toucannon|atk|2\n|\n|-heal|p1a: Lunala|289/316|[from] item: Leftovers\n|upkeep\n|turn|47\n|\n|t:|1770311651\n|move|p1a: Lunala|Moonblast|p2a: Toucannon\n|-damage|p2a: Toucannon|220/284\n|move|p2a: Toucannon|Knock Off|p1a: Lunala\n|-supereffective|p1a: Lunala\n|-damage|p1a: Lunala|0 fnt\n|-enditem|p1a: Lunala|Leftovers|[from] move: Knock Off|[of] p2a: Toucannon\n|faint|p1a: Lunala\n|\n|-heal|p2a: Toucannon|237/284|[from] item: Leftovers\n|upkeep\n|\n|t:|1770311655\n|switch|p1a: Zangoose|Zangoose, L86, M|23/266 tox\n|turn|48\n|\n|t:|1770311657\n|move|p1a: Zangoose|Facade|p2a: Toucannon\n|-damage|p2a: Toucannon|0 fnt\n|faint|p2a: Toucannon\n|\n|win|superwooper96\n|raw|superwooper96's rating: 1812 &rarr; <strong>1833</strong><br />(+21 for winning)\n|raw|drizzle's rating: 1836 &rarr; <strong>1815</strong><br />(-21 for losing)\n|l|☆drizzle\n|player|p2|\n", "inputlog": ">version ccdc32dd7cde25fd9e4bed64820e885f66e78a4e\n>start {\"formatid\":\"gen7randombattle\",\"seed\":\"sodium,cca5fb8a6f807650a4e77424e57d62cd\",\"rated\":\"Rated battle\"}\n>player p1 {\"name\":\"superwooper96\",\"avatar\":\"ninjaboy\",\"rating\":1812,\"seed\":\"sodium,928542a6c427df0c5d22d089b2446aca\"}\n>player p2 {\"name\":\"drizzle\",\"avatar\":\"lucas\",\"rating\":1836,\"seed\":\"sodium,712b9d8da77b5c62f63b62e5c5439cac\"}\n>p1 move waterspout\n>p2 move return\n>p1 switch 6\n>p2 move return\n>p1 move roost\n>p2 move return\n>p1 move roost\n>p2 switch 5\n>p1 switch 3\n>p2 move knockoff\n>p1 move superfang\n>p2 switch 6\n>p1 move toxic\n>p2 move wish\n>p1 move uturn\n>p2 move toxic\n>p1 switch 6\n>p1 move hydropump\n>p2 move seismictoss\n>p1 move hydropump\n>p2 move seismictoss\n>p2 switch 5\n>p1 move hydropump\n>p2 move return\n>p1 switch 5\n>p1 move glare\n>p2 move return\n>p1 move glare\n>p2 switch 3\n>p1 move headbutt\n>p2 move leechseed\n>p1 switch 2\n>p2 switch 3\n>p1 switch 2\n>p2 move facade\n>p1 move roost\n>p2 move facade\n>p1 switch 3\n>p1 move calmmind\n>p2 switch 6\n>p1 switch 6\n>p2 move knockoff\n>p1 move superfang\n>p2 switch 4\n>p1 switch 6\n>p2 move hiddenpower\n>p1 move moonblast\n>p2 switch 4\n>p1 switch 6\n>p2 move knockoff\n>p1 move superfang\n>p2 switch 4\n>p1 switch 6\n>p2 move overheat\n>p1 switch 6\n>p2 switch 4\n>p1 move toxic\n>p2 switch 3\n>p1 move superfang\n>p2 move acrobatics\n>p1 move uturn\n>p2 move acrobatics\n>p1 switch 2\n>p1 move sludgebomb\n>p2 move acrobatics\n>p2 switch 6\n>p1 switch 6\n>p2 move facade\n>p1 move roost\n>p2 move facade\n>p1 move roost\n>p2 switch 3\n>p1 switch 6\n>p2 move knockoff\n>p1 move scald\n>p2 switch 2\n>p1 switch 6\n>p2 move uturn\n>p2 switch 2\n>p1 switch 6\n>p2 move knockoff\n>p1 switch 2\n>p1 move toxic\n>p2 switch 2\n>p1 move thunderbolt\n>p2 move uturn\n>p2 switch 4\n>p1 switch 6\n>p2 move hiddenpower\n>p1 switch 6\n>p2 switch 2\n>p1 move uturn\n>p2 switch 4\n>p1 switch 4\n>p1 move facade\n>p2 move uturn\n>p2 switch 2\n>p1 move facade\n>p2 move wildcharge\n>p2 switch 3\n>p1 move facade\n>p2 move facade\n>p2 switch 4\n>p1 switch 6\n>p2 move swordsdance\n>p1 move moonblast\n>p2 move knockoff\n>p1 switch 6\n>p1 move facade\n>p2 move knockoff", "uploadtime": 1770311664, "views": 158, "formatid": "gen7randombattle", "rating": 1815, "private": 0, "password": null}