{"id": "gen7randombattle-2526997164", "format": "[Gen 7] Random Battle", "players": ["Kurochan3", "bin2409"], "log": "|j|☆Kurochan3\n|j|☆bin2409\n|t:|1769479817\n|gametype|singles\n|player|p1|Kurochan3|cynthia-gen4|1824\n|player|p2|bin2409|lucas-gen4pt|1805\n|gen|7\n|tier|[Gen 7] Random Battle\n|rated|\n|rule|Sleep Clause Mod: Limit one foe put to sleep\n|rule|HP Percentage Mod: HP is shown in percentages\n|rule|Illusion Level Mod: Illusion disguises the Pokémon's true level\n|\n|t:|1769479817\n|teamsize|p1|6\n|teamsize|p2|6\n|start\n|switch|p1a: Ninetales|Ninetales, L84, F|260/260\n|switch|p2a: Lunala|Lunala, L72|316/316\n|-weather|SunnyDay|[from] ability: Drought|[of] p1a: Ninetales\n|turn|1\n|inactive|Battle timer is ON: inactive players will automatically lose when time's up. (requested by Kurochan3)\n|\n|t:|1769479845\n|move|p1a: Ninetales|Will-O-Wisp|p2a: Lunala\n|-status|p2a: Lunala|brn\n|move|p2a: Lunala|Calm Mind|p2a: Lunala\n|-boost|p2a: Lunala|spa|1\n|-boost|p2a: Lunala|spd|1\n|\n|-weather|SunnyDay|[upkeep]\n|-damage|p2a: Lunala|297/316 brn|[from] brn\n|upkeep\n|turn|2\n|\n|t:|1769479858\n|switch|p1a: Girafarig|Girafarig, L95, F|287/287\n|move|p2a: Lunala|Moongeist Beam|p1a: Girafarig\n|-immune|p1a: Girafarig\n|\n|-weather|SunnyDay|[upkeep]\n|-damage|p2a: Lunala|278/316 brn|[from] brn\n|upkeep\n|turn|3\n|\n|t:|1769479867\n|move|p1a: Girafarig|Substitute|p1a: Girafarig\n|-start|p1a: Girafarig|Substitute\n|-damage|p1a: Girafarig|216/287\n|move|p2a: Lunala|Moonblast|p1a: Girafarig\n|-end|p1a: Girafarig|Substitute\n|\n|-weather|SunnyDay|[upkeep]\n|-heal|p1a: Girafarig|233/287|[from] item: Leftovers\n|-damage|p2a: Lunala|259/316 brn|[from] brn\n|upkeep\n|turn|4\n|\n|t:|1769479875\n|move|p1a: Girafarig|Substitute|p1a: Girafarig\n|-start|p1a: Girafarig|Substitute\n|-damage|p1a: Girafarig|162/287\n|move|p2a: Lunala|Moonblast|p1a: Girafarig\n|-end|p1a: Girafarig|Substitute\n|\n|-weather|SunnyDay|[upkeep]\n|-heal|p1a: Girafarig|179/287|[from] item: Leftovers\n|-damage|p2a: Lunala|240/316 brn|[from] brn\n|upkeep\n|turn|5\n|\n|t:|1769479887\n|move|p1a: Girafarig|Nasty Plot|p1a: Girafarig\n|-boost|p1a: Girafarig|spa|2\n|move|p2a: Lunala|Moonblast|p1a: Girafarig\n|-damage|p1a: Girafarig|71/287\n|\n|-weather|none\n|-heal|p1a: Girafarig|88/287|[from] item: Leftovers\n|-damage|p2a: Lunala|221/316 brn|[from] brn\n|upkeep\n|turn|6\n|\n|t:|1769479894\n|move|p1a: Girafarig|Substitute|p1a: Girafarig\n|-start|p1a: Girafarig|Substitute\n|-damage|p1a: Girafarig|17/287\n|move|p2a: Lunala|Moonblast|p1a: Girafarig\n|-end|p1a: Girafarig|Substitute\n|\n|-heal|p1a: Girafarig|34/287|[from] item: Leftovers\n|-damage|p2a: Lunala|202/316 brn|[from] brn\n|upkeep\n|turn|7\n|\n|t:|1769479897\n|move|p1a: Girafarig|Dazzling Gleam|p2a: Lunala\n|-damage|p2a: Lunala|110/316 brn\n|move|p2a: Lunala|Moonblast|p1a: Girafarig\n|-damage|p1a: Girafarig|0 fnt\n|faint|p1a: Girafarig\n|\n|-damage|p2a: Lunala|91/316 brn|[from] brn\n|upkeep\n|\n|t:|1769479924\n|switch|p1a: Kingdra|Kingdra, L85, F|266/266\n|turn|8\n|\n|t:|1769479937\n|switch|p2a: Vileplume|Vileplume, L87, M|272/272\n|move|p1a: Kingdra|Waterfall|p2a: Vileplume\n|-resisted|p2a: Vileplume\n|-damage|p2a: Vileplume|227/272\n|\n|-heal|p2a: Vileplume|244/272|[from] item: Black Sludge\n|upkeep\n|turn|9\n|\n|t:|1769479950\n|move|p1a: Kingdra|Dragon Dance|p1a: Kingdra\n|-boost|p1a: Kingdra|atk|1\n|-boost|p1a: Kingdra|spe|1\n|move|p2a: Vileplume|Sleep Powder|p1a: Kingdra\n|-status|p1a: Kingdra|slp|[from] move: Sleep Powder\n|-enditem|p1a: Kingdra|Lum Berry|[eat]\n|-curestatus|p1a: Kingdra|slp|[msg]\n|\n|-heal|p2a: Vileplume|261/272|[from] item: Black Sludge\n|upkeep\n|turn|10\n|\n|t:|1769479957\n|move|p1a: Kingdra|Outrage|p2a: Vileplume\n|-damage|p2a: Vileplume|53/272\n|move|p2a: Vileplume|Strength Sap|p1a: Kingdra\n|-unboost|p1a: Kingdra|atk|1\n|-heal|p2a: Vileplume|272/272\n|\n|upkeep\n|turn|11\n|\n|t:|1769479963\n|move|p1a: Kingdra|Outrage|p2a: Vileplume|[from] lockedmove\n|-damage|p2a: Vileplume|151/272\n|move|p2a: Vileplume|Strength Sap|p1a: Kingdra\n|-unboost|p1a: Kingdra|atk|1\n|-heal|p2a: Vileplume|272/272\n|\n|upkeep\n|turn|12\n|\n|t:|1769479968\n|move|p1a: Kingdra|Outrage|p2a: Vileplume|[from] lockedmove\n|-damage|p2a: Vileplume|184/272\n|-status|p1a: Kingdra|slp|[from] ability: Effect Spore|[of] p2a: Vileplume\n|-start|p1a: Kingdra|confusion|[fatigue]\n|move|p2a: Vileplume|Sludge Bomb|p1a: Kingdra\n|-damage|p1a: Kingdra|154/266 slp\n|\n|-heal|p2a: Vileplume|201/272|[from] item: Black Sludge\n|upkeep\n|turn|13\n|\n|t:|1769479976\n|switch|p1a: Solrock|Solrock, L90|308/308\n|move|p2a: Vileplume|Sludge Bomb|p1a: Solrock\n|-resisted|p1a: Solrock\n|-damage|p1a: Solrock|248/308\n|\n|-heal|p1a: Solrock|267/308|[from] item: Leftovers\n|-heal|p2a: Vileplume|218/272|[from] item: Black Sludge\n|upkeep\n|turn|14\n|\n|t:|1769479996\n|move|p1a: Solrock|Stealth Rock|p2a: Vileplume\n|-sidestart|p2: bin2409|move: Stealth Rock\n|move|p2a: Vileplume|Strength Sap|p1a: Solrock\n|-unboost|p1a: Solrock|atk|1\n|-heal|p2a: Vileplume|272/272\n|\n|-heal|p1a: Solrock|286/308|[from] item: Leftovers\n|upkeep\n|turn|15\n|\n|t:|1769480002\n|move|p1a: Solrock|Will-O-Wisp|p2a: Vileplume\n|-status|p2a: Vileplume|brn\n|move|p2a: Vileplume|Sludge Bomb|p1a: Solrock\n|-resisted|p1a: Solrock\n|-damage|p1a: Solrock|220/308\n|\n|-heal|p1a: Solrock|239/308|[from] item: Leftovers\n|-damage|p2a: Vileplume|255/272 brn|[from] brn\n|upkeep\n|turn|16\n|\n|t:|1769480020\n|move|p1a: Solrock|Stone Edge|p2a: Vileplume\n|-damage|p2a: Vileplume|179/272 brn\n|move|p2a: Vileplume|Sludge Bomb|p1a: Solrock\n|-resisted|p1a: Solrock\n|-damage|p1a: Solrock|173/308\n|\n|-heal|p1a: Solrock|192/308|[from] item: Leftovers\n|-heal|p2a: Vileplume|196/272 brn|[from] item: Black Sludge\n|-damage|p2a: Vileplume|179/272 brn|[from] brn\n|upkeep\n|turn|17\n|\n|t:|1769480028\n|move|p1a: Solrock|Morning Sun|p1a: Solrock\n|-heal|p1a: Solrock|308/308\n|move|p2a: Vileplume|Sludge Bomb|p1a: Solrock\n|-resisted|p1a: Solrock\n|-damage|p1a: Solrock|248/308\n|-status|p1a: Solrock|psn\n|\n|-heal|p1a: Solrock|267/308 psn|[from] item: Leftovers\n|-heal|p2a: Vileplume|196/272 brn|[from] item: Black Sludge\n|-damage|p1a: Solrock|229/308 psn|[from] psn\n|-damage|p2a: Vileplume|179/272 brn|[from] brn\n|upkeep\n|turn|18\n|\n|t:|1769480042\n|switch|p1a: Ninetales|Ninetales, L84, F|260/260\n|-weather|SunnyDay|[from] ability: Drought|[of] p1a: Ninetales\n|move|p2a: Vileplume|Strength Sap|p1a: Ninetales\n|-unboost|p1a: Ninetales|atk|1\n|-heal|p2a: Vileplume|272/272 brn\n|\n|-weather|SunnyDay|[upkeep]\n|-damage|p2a: Vileplume|255/272 brn|[from] brn\n|upkeep\n|turn|19\n|\n|t:|1769480046\n|switch|p2a: Reshiram|Reshiram, L75|274/274\n|-damage|p2a: Reshiram|206/274|[from] Stealth Rock\n|-ability|p2a: Reshiram|Turboblaze\n|move|p1a: Ninetales|Nasty Plot|p1a: Ninetales\n|-boost|p1a: Ninetales|spa|2\n|\n|-weather|SunnyDay|[upkeep]\n|-heal|p2a: Reshiram|223/274|[from] item: Leftovers\n|upkeep\n|turn|20\n|\n|t:|1769480055\n|move|p1a: Ninetales|Fire Blast|p2a: Reshiram|[miss]\n|-miss|p1a: Ninetales|p2a: Reshiram\n|move|p2a: Reshiram|Blue Flare|p1a: Ninetales\n|-resisted|p1a: Ninetales\n|-damage|p1a: Ninetales|146/260\n|\n|-weather|SunnyDay|[upkeep]\n|-heal|p1a: Ninetales|162/260|[from] item: Leftovers\n|-heal|p2a: Reshiram|240/274|[from] item: Leftovers\n|upkeep\n|turn|21\n|\n|t:|1769480064\n|move|p1a: Ninetales|Fire Blast|p2a: Reshiram\n|-resisted|p2a: Reshiram\n|-damage|p2a: Reshiram|173/274\n|move|p2a: Reshiram|Blue Flare|p1a: Ninetales\n|-resisted|p1a: Ninetales\n|-damage|p1a: Ninetales|48/260\n|\n|-weather|SunnyDay|[upkeep]\n|-heal|p1a: Ninetales|64/260|[from] item: Leftovers\n|-heal|p2a: Reshiram|190/274|[from] item: Leftovers\n|upkeep\n|turn|22\n|\n|t:|1769480074\n|switch|p1a: Solrock|Solrock, L90|229/308 psn\n|move|p2a: Reshiram|Blue Flare|p1a: Solrock|[miss]\n|-miss|p2a: Reshiram|p1a: Solrock\n|\n|-weather|none\n|-heal|p2a: Reshiram|207/274|[from] item: Leftovers\n|-heal|p1a: Solrock|248/308 psn|[from] item: Leftovers\n|-damage|p1a: Solrock|210/308 psn|[from] psn\n|upkeep\n|turn|23\n|\n|t:|1769480093\n|switch|p2a: Samurott|Samurott, L88, F|310/310\n|-damage|p2a: Samurott|272/310|[from] Stealth Rock\n|move|p1a: Solrock|Stone Edge|p2a: Samurott|[miss]\n|-miss|p1a: Solrock|p2a: Samurott\n|\n|-heal|p1a: Solrock|229/308 psn|[from] item: Leftovers\n|-damage|p1a: Solrock|191/308 psn|[from] psn\n|upkeep\n|turn|24\n|\n|t:|1769480102\n|move|p1a: Solrock|Will-O-Wisp|p2a: Samurott\n|-status|p2a: Samurott|brn\n|move|p2a: Samurott|Knock Off|p1a: Solrock\n|-supereffective|p1a: Solrock\n|-damage|p1a: Solrock|92/308 psn\n|-enditem|p1a: Solrock|Leftovers|[from] move: Knock Off|[of] p2a: Samurott\n|-damage|p2a: Samurott|241/310 brn|[from] item: Life Orb\n|\n|-damage|p1a: Solrock|54/308 psn|[from] psn\n|-damage|p2a: Samurott|222/310 brn|[from] brn\n|upkeep\n|turn|25\n|\n|t:|1769480107\n|move|p1a: Solrock|Morning Sun|p1a: Solrock\n|-heal|p1a: Solrock|208/308 psn\n|move|p2a: Samurott|Swords Dance|p2a: Samurott\n|-boost|p2a: Samurott|atk|2\n|\n|-damage|p1a: Solrock|170/308 psn|[from] psn\n|-damage|p2a: Samurott|203/310 brn|[from] brn\n|upkeep\n|turn|26\n|\n|t:|1769480114\n|move|p1a: Solrock|Morning Sun|p1a: Solrock\n|-heal|p1a: Solrock|308/308 psn\n|move|p2a: Samurott|Liquidation|p1a: Solrock\n|-supereffective|p1a: Solrock\n|-damage|p1a: Solrock|58/308 psn\n|-damage|p2a: Samurott|172/310 brn|[from] item: Life Orb\n|\n|-damage|p1a: Solrock|20/308 psn|[from] psn\n|-damage|p2a: Samurott|153/310 brn|[from] brn\n|upkeep\n|turn|27\n|\n|t:|1769480121\n|move|p1a: Solrock|Morning Sun|p1a: Solrock\n|-heal|p1a: Solrock|174/308 psn\n|move|p2a: Samurott|Knock Off|p1a: Solrock\n|-supereffective|p1a: Solrock\n|-damage|p1a: Solrock|54/308 psn\n|-damage|p2a: Samurott|122/310 brn|[from] item: Life Orb\n|\n|-damage|p1a: Solrock|16/308 psn|[from] psn\n|-damage|p2a: Samurott|103/310 brn|[from] brn\n|upkeep\n|turn|28\n|\n|t:|1769480128\n|move|p1a: Solrock|Morning Sun|p1a: Solrock\n|-heal|p1a: Solrock|170/308 psn\n|move|p2a: Samurott|Liquidation|p1a: Solrock\n|-supereffective|p1a: Solrock\n|-damage|p1a: Solrock|0 fnt\n|faint|p1a: Solrock\n|-damage|p2a: Samurott|72/310 brn|[from] item: Life Orb\n|\n|-damage|p2a: Samurott|53/310 brn|[from] brn\n|upkeep\n|\n|t:|1769480134\n|switch|p1a: Sceptile|Sceptile, L82, M|249/249\n|turn|29\n|\n|t:|1769480140\n|move|p1a: Sceptile|Giga Drain|p2a: Samurott\n|-supereffective|p2a: Samurott\n|-damage|p2a: Samurott|0 fnt\n|faint|p2a: Samurott\n|\n|upkeep\n|\n|t:|1769480147\n|switch|p2a: Vileplume|Vileplume, L87, M|255/272 brn\n|-damage|p2a: Vileplume|221/272 brn|[from] Stealth Rock\n|turn|30\n|\n|t:|1769480151\n|switch|p1a: Ninetales|Ninetales, L84, F|64/260\n|-weather|SunnyDay|[from] ability: Drought|[of] p1a: Ninetales\n|move|p2a: Vileplume|Sludge Bomb|p1a: Ninetales\n|-damage|p1a: Ninetales|0 fnt\n|faint|p1a: Ninetales\n|\n|-weather|SunnyDay|[upkeep]\n|-heal|p2a: Vileplume|238/272 brn|[from] item: Black Sludge\n|-damage|p2a: Vileplume|221/272 brn|[from] brn\n|upkeep\n|\n|t:|1769480153\n|switch|p1a: Chatot|Chatot, L89, M|280/280\n|turn|31\n|\n|t:|1769480174\n|move|p1a: Chatot|Nasty Plot|p1a: Chatot\n|-boost|p1a: Chatot|spa|2\n|move|p2a: Vileplume|Sludge Bomb|p1a: Chatot\n|-damage|p1a: Chatot|111/280\n|\n|-weather|SunnyDay|[upkeep]\n|-heal|p2a: Vileplume|238/272 brn|[from] item: Black Sludge\n|-damage|p2a: Vileplume|221/272 brn|[from] brn\n|upkeep\n|turn|32\n|\n|t:|1769480182\n|switch|p2a: Lunala|Lunala, L72|91/316 brn\n|-damage|p2a: Lunala|52/316 brn|[from] Stealth Rock\n|move|p1a: Chatot|Boomburst|p2a: Lunala\n|-immune|p2a: Lunala\n|\n|-weather|SunnyDay|[upkeep]\n|-damage|p2a: Lunala|33/316 brn|[from] brn\n|upkeep\n|turn|33\n|\n|t:|1769480190\n|move|p1a: Chatot|Chatter|p2a: Lunala\n|-damage|p2a: Lunala|0 fnt\n|faint|p2a: Lunala\n|-damage|p1a: Chatot|83/280|[from] item: Life Orb\n|\n|-weather|SunnyDay|[upkeep]\n|upkeep\n|\n|t:|1769480197\n|switch|p2a: Weavile|Weavile, L79, F|240/240\n|-damage|p2a: Weavile|180/240|[from] Stealth Rock\n|turn|34\n|\n|t:|1769480204\n|switch|p1a: Kingdra|Kingdra, L85, F|154/266 slp\n|move|p2a: Weavile|Knock Off|p1a: Kingdra\n|-damage|p1a: Kingdra|68/266 slp\n|-damage|p2a: Weavile|156/240|[from] item: Life Orb\n|\n|-weather|none\n|upkeep\n|turn|35\n|\n|t:|1769480211\n|move|p2a: Weavile|Icicle Crash|p1a: Kingdra\n|-damage|p1a: Kingdra|0 fnt\n|faint|p1a: Kingdra\n|-damage|p2a: Weavile|132/240|[from] item: Life Orb\n|\n|upkeep\n|\n|t:|1769480213\n|switch|p1a: Sceptile|Sceptile, L82, M|249/249\n|turn|36\n|\n|t:|1769480219\n|move|p1a: Sceptile|Substitute|p1a: Sceptile\n|-start|p1a: Sceptile|Substitute\n|-damage|p1a: Sceptile|187/249\n|move|p2a: Weavile|Icicle Crash|p1a: Sceptile\n|-supereffective|p1a: Sceptile\n|-end|p1a: Sceptile|Substitute\n|-damage|p2a: Weavile|108/240|[from] item: Life Orb\n|\n|upkeep\n|turn|37\n|\n|t:|1769480224\n|detailschange|p1a: Sceptile|Sceptile-Mega, L82, M\n|-mega|p1a: Sceptile|Sceptile|Sceptilite\n|move|p1a: Sceptile|Dragon Pulse|p2a: Weavile\n|-damage|p2a: Weavile|0 fnt\n|faint|p2a: Weavile\n|\n|upkeep\n|\n|t:|1769480232\n|switch|p2a: Vileplume|Vileplume, L87, M|221/272 brn\n|-damage|p2a: Vileplume|187/272 brn|[from] Stealth Rock\n|turn|38\n|\n|t:|1769480237\n|move|p1a: Sceptile|Dragon Pulse|p2a: Vileplume\n|-damage|p2a: Vileplume|78/272 brn\n|move|p2a: Vileplume|Sludge Bomb|p1a: Sceptile\n|-supereffective|p1a: Sceptile\n|-damage|p1a: Sceptile|0 fnt\n|faint|p1a: Sceptile\n|detailschange|p1: Sceptile|Sceptile, L82, M|[silent]\n|\n|-heal|p2a: Vileplume|95/272 brn|[from] item: Black Sludge\n|-damage|p2a: Vileplume|78/272 brn|[from] brn\n|upkeep\n|\n|t:|1769480239\n|switch|p1a: Chatot|Chatot, L89, M|83/280\n|turn|39\n|\n|t:|1769480250\n|move|p1a: Chatot|Boomburst|p2a: Vileplume\n|-damage|p2a: Vileplume|0 fnt\n|faint|p2a: Vileplume\n|-damage|p1a: Chatot|55/280|[from] item: Life Orb\n|\n|upkeep\n|\n|t:|1769480262\n|switch|p2a: Reshiram|Reshiram, L75|207/274\n|-damage|p2a: Reshiram|139/274|[from] Stealth Rock\n|-ability|p2a: Reshiram|Turboblaze\n|turn|40\n|\n|t:|1769480265\n|move|p1a: Chatot|Boomburst|p2a: Reshiram\n|-damage|p2a: Reshiram|0 fnt\n|faint|p2a: Reshiram\n|-damage|p1a: Chatot|27/280|[from] item: Life Orb\n|\n|upkeep\n|\n|t:|1769480267\n|switch|p2a: Zapdos|Zapdos, L79|272/272\n|-damage|p2a: Zapdos|204/272|[from] Stealth Rock\n|turn|41\n|\n|t:|1769480272\n|move|p1a: Chatot|Boomburst|p2a: Zapdos\n|-damage|p2a: Zapdos|0 fnt\n|faint|p2a: Zapdos\n|-damage|p1a: Chatot|0 fnt|[from] item: Life Orb\n|faint|p1a: Chatot\n|\n|win|Kurochan3\n|raw|Kurochan3's rating: 1824 &rarr; <strong>1843</strong><br />(+19 for winning)\n|raw|bin2409's rating: 1805 &rarr; <strong>1786</strong><br />(-19 for losing)\n|c|☆bin2409|Gg\n|c|☆Kurochan3|Gg\n", "inputlog": ">version b99ff0165a6231f17e8b78c2a78d1998375de664\n>start {\"formatid\":\"gen7randombattle\",\"seed\":\"sodium,e127e0dbf91b0d0f0618574d09adce02\",\"rated\":\"Rated battle\"}\n>player p1 {\"name\":\"Kurochan3\",\"avatar\":\"cynthia-gen4\",\"rating\":1824,\"seed\":\"sodium,6851fd1f7bd84eb9b3e593ed2a8456b8\"}\n>player p2 {\"name\":\"bin2409\",\"avatar\":\"lucas-gen4pt\",\"rating\":1805,\"seed\":\"sodium,e4e43b545c9e3f581e029f2d92fabcbb\"}\n>p1 move willowisp\n>p2 move calmmind\n>p1 switch 2\n>p2 move moongeistbeam\n>p1 move substitute\n>p2 move moonblast\n>p1 move substitute\n>p2 move moonblast\n>p1 move nastyplot\n>p2 move moonblast\n>p1 move substitute\n>p2 move moonblast\n>p1 move dazzlinggleam\n>p2 move moonblast\n>p1 switch 4\n>p1 move waterfall\n>p2 switch 5\n>p1 move dragondance\n>p2 move sleeppowder\n>p1 move outrage\n>p2 move strengthsap\n>p1 move outrage\n>p2 move strengthsap\n>p1 move outrage\n>p2 move sludgebomb\n>p1 switch 3\n>p2 move sludgebomb\n>p1 move stealthrock\n>p2 move strengthsap\n>p1 move willowisp\n>p2 move sludgebomb\n>p1 move stoneedge\n>p2 move sludgebomb\n>p1 move morningsun\n>p2 move sludgebomb\n>p1 switch 2\n>p2 move strengthsap\n>p1 move nastyplot\n>p2 switch 4\n>p1 move fireblast\n>p2 move blueflare\n>p1 move fireblast\n>p2 move blueflare\n>p1 switch 2\n>p2 move blueflare\n>p1 move stoneedge\n>p2 switch 2\n>p1 move willowisp\n>p2 move knockoff\n>p1 move morningsun\n>p2 move swordsdance\n>p1 move morningsun\n>p2 move liquidation\n>p1 move morningsun\n>p2 move knockoff\n>p1 move morningsun\n>p2 move liquidation\n>p1 switch 5\n>p1 move gigadrain\n>p2 move liquidation\n>p2 switch 4\n>p1 switch 2\n>p2 move sludgebomb\n>p1 switch 6\n>p1 move nastyplot\n>p2 move sludgebomb\n>p1 move boomburst\n>p2 switch 5\n>p1 move chatter\n>p2 move psyshock\n>p2 switch 3\n>p1 switch 3\n>p2 move knockoff\n>p1 move waterfall\n>p2 move iciclecrash\n>p1 switch 2\n>p1 move substitute\n>p2 move iciclecrash\n>p1 move dragonpulse mega\n>p2 move knockoff\n>p2 switch 5\n>p1 move dragonpulse\n>p2 move sludgebomb\n>p1 switch 3\n>p1 move boomburst\n>p2 move sludgebomb\n>p2 switch 2\n>p1 move boomburst\n>p2 move dracometeor\n>p2 switch 6\n>p1 move boomburst\n>p2 move discharge", "uploadtime": 1769480287, "views": 196, "formatid": "gen7randombattle", "rating": 1786, "private": 0, "password": null}