{"id": "gen7randombattle-2532307495", "format": "[Gen 7] Random Battle", "players": ["may/gen3", "walterszr"], "log": "|j|☆may/gen3\n|j|☆walterszr\n|t:|1770160141\n|gametype|singles\n|player|p1|may/gen3|may|1824\n|player|p2|walterszr|101|1720\n|gen|7\n|tier|[Gen 7] Random Battle\n|rated|\n|rule|Sleep Clause Mod: Limit one foe put to sleep\n|rule|HP Percentage Mod: HP is shown in percentages\n|rule|Illusion Level Mod: Illusion disguises the Pokémon's true level\n|\n|t:|1770160142\n|teamsize|p1|6\n|teamsize|p2|6\n|start\n|switch|p1a: Salazzle|Salazzle, L84, F|251/251\n|switch|p2a: Sandslash|Sandslash-Alola, L91, M|284/284\n|turn|1\n|inactive|Battle timer is ON: inactive players will automatically lose when time's up. (requested by may/gen3)\n|\n|t:|1770160166\n|switch|p2a: Qwilfish|Qwilfish, L86, F|252/252\n|-ability|p2a: Qwilfish|Intimidate|boost\n|-unboost|p1a: Salazzle|atk|1\n|move|p1a: Salazzle|Fire Blast|p2a: Qwilfish\n|-resisted|p2a: Qwilfish\n|-damage|p2a: Qwilfish|159/252\n|\n|-heal|p2a: Qwilfish|174/252|[from] item: Black Sludge\n|upkeep\n|turn|2\n|\n|t:|1770160171\n|switch|p1a: Abomasnow|Abomasnow, L83, M|285/285\n|-weather|Hail|[from] ability: Snow Warning|[of] p1a: Abomasnow\n|move|p2a: Qwilfish|Waterfall|p1a: Abomasnow\n|-resisted|p1a: Abomasnow\n|-damage|p1a: Abomasnow|237/285\n|\n|-weather|Hail|[upkeep]\n|-damage|p2a: Qwilfish|159/252|[from] Hail\n|-heal|p2a: Qwilfish|174/252|[from] item: Black Sludge\n|upkeep\n|turn|3\n|\n|t:|1770160183\n|switch|p2a: Glalie|Glalie, L83, F|267/267\n|detailschange|p1a: Abomasnow|Abomasnow-Mega, L83, M\n|-mega|p1a: Abomasnow|Abomasnow|Abomasite\n|move|p1a: Abomasnow|Earthquake|p2a: Glalie\n|-damage|p2a: Glalie|169/267\n|\n|-weather|Hail|[upkeep]\n|upkeep\n|turn|4\n|\n|t:|1770160186\n|detailschange|p2a: Glalie|Glalie-Mega, L83, F\n|-mega|p2a: Glalie|Glalie|Glalitite\n|move|p2a: Glalie|Return|p1a: Abomasnow\n|-damage|p1a: Abomasnow|92/285\n|move|p1a: Abomasnow|Wood Hammer|p2a: Glalie\n|-damage|p2a: Glalie|0 fnt\n|faint|p2a: Glalie\n|detailschange|p2: Glalie|Glalie, L83, F|[silent]\n|-damage|p1a: Abomasnow|36/285|[from] Recoil\n|\n|-weather|Hail|[upkeep]\n|upkeep\n|\n|t:|1770160199\n|switch|p2a: Sandslash|Sandslash-Alola, L91, M|284/284\n|turn|5\n|\n|t:|1770160203\n|move|p2a: Sandslash|Iron Head|p1a: Abomasnow\n|-supereffective|p1a: Abomasnow\n|-damage|p1a: Abomasnow|0 fnt\n|faint|p1a: Abomasnow\n|detailschange|p1: Abomasnow|Abomasnow, L83, M|[silent]\n|\n|-weather|Hail|[upkeep]\n|upkeep\n|\n|t:|1770160206\n|switch|p1a: Regirock|Regirock, L87|281/281\n|turn|6\n|\n|t:|1770160219\n|move|p2a: Sandslash|Swords Dance|p2a: Sandslash\n|-boost|p2a: Sandslash|atk|2\n|move|p1a: Regirock|Thunder Wave|p2a: Sandslash\n|-status|p2a: Sandslash|par\n|\n|-weather|none\n|upkeep\n|turn|7\n|\n|t:|1770160228\n|move|p1a: Regirock|Stealth Rock|p2a: Sandslash\n|-sidestart|p2: walterszr|move: Stealth Rock\n|move|p2a: Sandslash|Iron Head|p1a: Regirock\n|-supereffective|p1a: Regirock\n|-damage|p1a: Regirock|71/281\n|\n|-heal|p1a: Regirock|88/281|[from] item: Leftovers\n|upkeep\n|turn|8\n|\n|t:|1770160232\n|move|p1a: Regirock|Drain Punch|p2a: Sandslash\n|-supereffective|p2a: Sandslash\n|-damage|p2a: Sandslash|108/284 par\n|-heal|p1a: Regirock|176/281|[from] drain|[of] p2a: Sandslash\n|move|p2a: Sandslash|Knock Off|p1a: Regirock\n|-damage|p1a: Regirock|90/281\n|-enditem|p1a: Regirock|Leftovers|[from] move: Knock Off|[of] p2a: Sandslash\n|\n|-heal|p2a: Sandslash|125/284 par|[from] item: Leftovers\n|upkeep\n|turn|9\n|\n|t:|1770160238\n|move|p1a: Regirock|Drain Punch|p2a: Sandslash\n|-supereffective|p2a: Sandslash\n|-damage|p2a: Sandslash|0 fnt\n|-heal|p1a: Regirock|153/281|[from] drain|[of] p2a: Sandslash\n|faint|p2a: Sandslash\n|\n|upkeep\n|\n|t:|1770160243\n|switch|p2a: Politoed|Politoed, L88, F|302/302\n|-damage|p2a: Politoed|265/302|[from] Stealth Rock\n|-weather|RainDance|[from] ability: Drizzle|[of] p2a: Politoed\n|turn|10\n|\n|t:|1770160249\n|switch|p1a: Phione|Phione, L93|300/300\n|move|p2a: Politoed|Scald|p1a: Phione\n|-resisted|p1a: Phione\n|-damage|p1a: Phione|255/300\n|-status|p1a: Phione|brn\n|\n|-weather|RainDance|[upkeep]\n|-activate|p1a: Phione|ability: Hydration\n|-curestatus|p1a: Phione|brn|[msg]\n|upkeep\n|turn|11\n|\n|t:|1770160257\n|switch|p2a: Cherrim|Cherrim, L99, M|299/299\n|-damage|p2a: Cherrim|262/299|[from] Stealth Rock\n|move|p1a: Phione|Knock Off|p2a: Cherrim\n|-damage|p2a: Cherrim|184/299\n|-enditem|p2a: Cherrim|Leftovers|[from] move: Knock Off|[of] p1a: Phione\n|\n|-weather|RainDance|[upkeep]\n|upkeep\n|turn|12\n|\n|t:|1770160262\n|move|p2a: Cherrim|Energy Ball|p1a: Phione\n|-supereffective|p1a: Phione\n|-damage|p1a: Phione|105/300\n|move|p1a: Phione|U-turn|p2a: Cherrim\n|-supereffective|p2a: Cherrim\n|-damage|p2a: Cherrim|78/299\n|\n|t:|1770160265\n|switch|p1a: Salazzle|Salazzle, L84, F|251/251|[from] U-turn\n|\n|-weather|RainDance|[upkeep]\n|upkeep\n|turn|13\n|\n|t:|1770160270\n|switch|p2a: Qwilfish|Qwilfish, L86, F|174/252\n|-damage|p2a: Qwilfish|143/252|[from] Stealth Rock\n|-ability|p2a: Qwilfish|Intimidate|boost\n|-unboost|p1a: Salazzle|atk|1\n|move|p1a: Salazzle|Nasty Plot|p1a: Salazzle\n|-boost|p1a: Salazzle|spa|2\n|\n|-weather|RainDance|[upkeep]\n|-heal|p2a: Qwilfish|158/252|[from] item: Black Sludge\n|upkeep\n|turn|14\n|\n|t:|1770160275\n|switch|p1a: Phione|Phione, L93|105/300\n|move|p2a: Qwilfish|Waterfall|p1a: Phione\n|-resisted|p1a: Phione\n|-damage|p1a: Phione|41/300\n|\n|-weather|none\n|-heal|p2a: Qwilfish|173/252|[from] item: Black Sludge\n|upkeep\n|turn|15\n|\n|t:|1770160278\n|move|p1a: Phione|Knock Off|p2a: Qwilfish\n|-damage|p2a: Qwilfish|103/252\n|-enditem|p2a: Qwilfish|Black Sludge|[from] move: Knock Off|[of] p1a: Phione\n|move|p2a: Qwilfish|Waterfall|p1a: Phione\n|-resisted|p1a: Phione\n|-damage|p1a: Phione|2/300\n|\n|upkeep\n|turn|16\n|\n|t:|1770160281\n|move|p1a: Phione|Knock Off|p2a: Qwilfish\n|-damage|p2a: Qwilfish|56/252\n|move|p2a: Qwilfish|Waterfall|p1a: Phione\n|-resisted|p1a: Phione\n|-damage|p1a: Phione|0 fnt\n|faint|p1a: Phione\n|\n|upkeep\n|\n|t:|1770160284\n|switch|p1a: Tauros|Tauros, L84, M|263/263\n|turn|17\n|\n|t:|1770160289\n|move|p1a: Tauros|Body Slam|p2a: Qwilfish\n|-damage|p2a: Qwilfish|0 fnt\n|faint|p2a: Qwilfish\n|\n|upkeep\n|\n|t:|1770160299\n|switch|p2a: Politoed|Politoed, L88, F|265/302\n|-damage|p2a: Politoed|228/302|[from] Stealth Rock\n|-weather|RainDance|[from] ability: Drizzle|[of] p2a: Politoed\n|turn|18\n|\n|t:|1770160302\n|move|p1a: Tauros|Body Slam|p2a: Politoed\n|-crit|p2a: Politoed\n|-damage|p2a: Politoed|0 fnt\n|faint|p2a: Politoed\n|\n|-weather|RainDance|[upkeep]\n|upkeep\n|\n|t:|1770160306\n|switch|p2a: Marowak|Marowak, L88, M|249/249\n|-damage|p2a: Marowak|234/249|[from] Stealth Rock\n|turn|19\n|\n|t:|1770160313\n|move|p1a: Tauros|Body Slam|p2a: Marowak\n|-damage|p2a: Marowak|117/249\n|move|p2a: Marowak|Earthquake|p1a: Tauros\n|-damage|p1a: Tauros|71/263\n|\n|-weather|RainDance|[upkeep]\n|upkeep\n|turn|20\n|\n|t:|1770160319\n|move|p1a: Tauros|Body Slam|p2a: Marowak\n|-damage|p2a: Marowak|0 fnt\n|faint|p2a: Marowak\n|\n|-weather|RainDance|[upkeep]\n|upkeep\n|\n|t:|1770160320\n|switch|p2a: Cherrim|Cherrim, L99, M|78/299\n|-damage|p2a: Cherrim|41/299|[from] Stealth Rock\n|turn|21\n|\n|t:|1770160322\n|move|p1a: Tauros|Body Slam|p2a: Cherrim\n|-damage|p2a: Cherrim|0 fnt\n|faint|p2a: Cherrim\n|\n|win|may/gen3\n|raw|may&#x2f;gen3's rating: 1824 &rarr; <strong>1838</strong><br />(+14 for winning)\n|raw|walterszr's rating: 1720 &rarr; <strong>1706</strong><br />(-14 for losing)\n|l|☆walterszr\n|player|p2|\n", "inputlog": ">version ccdc32dd7cde25fd9e4bed64820e885f66e78a4e\n>start {\"formatid\":\"gen7randombattle\",\"seed\":\"sodium,84b921aa015fa76ada0565eaa56e571b\",\"rated\":\"Rated battle\"}\n>player p1 {\"name\":\"may/gen3\",\"avatar\":\"may\",\"rating\":1824,\"seed\":\"sodium,08fc1ec475ed98426e9ecedef0420554\"}\n>player p2 {\"name\":\"walterszr\",\"avatar\":\"101\",\"rating\":1720,\"seed\":\"sodium,9c9aa56b3369408ed7d69f12da7aad6d\"}\n>p1 move fireblast\n>p2 switch 4\n>p1 switch 5\n>p2 move waterfall\n>p1 move earthquake mega\n>p2 switch 6\n>p1 move woodhammer\n>p2 move return mega\n>p2 switch 4\n>p1 move earthquake\n>p2 move ironhead\n>p1 switch 6\n>p1 move thunderwave\n>p2 move swordsdance\n>p1 move stealthrock\n>p2 move ironhead\n>p1 move drainpunch\n>p2 move knockoff\n>p1 move drainpunch\n>p2 move ironhead\n>p2 switch 2\n>p1 switch 3\n>p2 move scald\n>p1 move knockoff\n>p2 switch 5\n>p1 move uturn\n>p2 move energyball\n>p1 switch 5\n>p1 move nastyplot\n>p2 switch 6\n>p1 switch 5\n>p2 move waterfall\n>p1 move knockoff\n>p2 move waterfall\n>p1 move knockoff\n>p2 move waterfall\n>p1 switch 2\n>p1 move bodyslam\n>p2 move waterfall\n>p2 switch 5\n>p1 move bodyslam\n>p2 move scald\n>p2 switch 3\n>p1 move bodyslam\n>p2 move earthquake\n>p1 move bodyslam\n>p2 move earthquake\n>p2 switch 6\n>p1 move bodyslam\n>p2 move energyball", "uploadtime": 1770160324, "views": 154, "formatid": "gen7randombattle", "rating": 1706, "private": 0, "password": null}