{"id": "gen7randombattle-2534526603", "format": "[Gen 7] Random Battle", "players": ["ereyyaegah", "alecksdee"], "log": "|j|☆ereyyaegah\n|j|☆alecksdee\n|t:|1770432459\n|gametype|singles\n|player|p1|ereyyaegah|blue|1776\n|player|p2|alecksdee|baker|1817\n|gen|7\n|tier|[Gen 7] Random Battle\n|rated|\n|rule|Sleep Clause Mod: Limit one foe put to sleep\n|rule|HP Percentage Mod: HP is shown in percentages\n|rule|Illusion Level Mod: Illusion disguises the Pokémon's true level\n|\n|t:|1770432459\n|teamsize|p1|6\n|teamsize|p2|6\n|start\n|switch|p1a: Escavalier|Escavalier, L85, F|258/258\n|switch|p2a: Jumpluff|Jumpluff, L89, F|278/278\n|turn|1\n|inactive|Battle timer is ON: inactive players will automatically lose when time's up. (requested by alecksdee)\n|\n|t:|1770432486\n|move|p2a: Jumpluff|Substitute|p2a: Jumpluff\n|-start|p2a: Jumpluff|Substitute\n|-damage|p2a: Jumpluff|209/278\n|move|p1a: Escavalier|Megahorn|p2a: Jumpluff\n|-end|p2a: Jumpluff|Substitute\n|\n|upkeep\n|turn|2\n|\n|t:|1770432496\n|move|p2a: Jumpluff|Strength Sap|p1a: Escavalier\n|-unboost|p1a: Escavalier|atk|1\n|-heal|p2a: Jumpluff|278/278\n|move|p1a: Escavalier|Megahorn|p2a: Jumpluff\n|-damage|p2a: Jumpluff|145/278\n|\n|upkeep\n|turn|3\n|\n|t:|1770432507\n|switch|p1a: Silvally|Silvally-Bug, L87|307/307\n|move|p2a: Jumpluff|Strength Sap|p1a: Silvally\n|-unboost|p1a: Silvally|atk|1\n|-heal|p2a: Jumpluff|278/278\n|\n|upkeep\n|turn|4\n|\n|t:|1770432517\n|switch|p2a: Stantler|Stantler, L92, F|283/283\n|-ability|p2a: Stantler|Intimidate|boost\n|-unboost|p1a: Silvally|atk|1\n|move|p1a: Silvally|Ice Beam|p2a: Stantler\n|-damage|p2a: Stantler|212/283\n|\n|upkeep\n|turn|5\n|\n|t:|1770432528\n|move|p1a: Silvally|U-turn|p2a: Stantler\n|-damage|p2a: Stantler|166/283\n|\n|t:|1770432533\n|switch|p1a: Sudowoodo|Sudowoodo, L93, F|281/281|[from] U-turn\n|move|p2a: Stantler|Double-Edge|p1a: Sudowoodo\n|-resisted|p1a: Sudowoodo\n|-damage|p1a: Sudowoodo|194/281\n|-damage|p2a: Stantler|137/283|[from] Recoil\n|\n|-heal|p1a: Sudowoodo|211/281|[from] item: Leftovers\n|upkeep\n|turn|6\n|\n|t:|1770432546\n|switch|p2a: Weezing|Weezing, L87, M|255/255\n|move|p1a: Sudowoodo|Stealth Rock|p2a: Weezing\n|-sidestart|p2: alecksdee|move: Stealth Rock\n|\n|-heal|p1a: Sudowoodo|228/281|[from] item: Leftovers\n|upkeep\n|turn|7\n|\n|t:|1770432556\n|switch|p1a: Pyroar|Pyroar, L88, M|294/294\n|-ability|p1a: Pyroar|Unnerve\n|move|p2a: Weezing|Toxic Spikes|p1a: Pyroar\n|-sidestart|p1: ereyyaegah|move: Toxic Spikes\n|\n|upkeep\n|turn|8\n|\n|t:|1770432579\n|move|p1a: Pyroar|Work Up|p1a: Pyroar\n|-boost|p1a: Pyroar|atk|1\n|-boost|p1a: Pyroar|spa|1\n|move|p2a: Weezing|Sludge Bomb|p1a: Pyroar\n|-damage|p1a: Pyroar|180/294\n|\n|upkeep\n|turn|9\n|inactive|alecksdee has 120 seconds left.\n|\n|t:|1770432609\n|switch|p2a: Stantler|Stantler, L92, F|137/283\n|-damage|p2a: Stantler|102/283|[from] Stealth Rock\n|-ability|p2a: Stantler|Intimidate|boost\n|-unboost|p1a: Pyroar|atk|1\n|move|p1a: Pyroar|Fire Blast|p2a: Stantler\n|-damage|p2a: Stantler|0 fnt\n|faint|p2a: Stantler\n|-damage|p1a: Pyroar|151/294|[from] item: Life Orb\n|\n|upkeep\n|\n|t:|1770432638\n|switch|p2a: Medicham|Medicham, L78, F|221/221\n|-damage|p2a: Medicham|208/221|[from] Stealth Rock\n|turn|10\n|\n|t:|1770432642\n|detailschange|p2a: Medicham|Medicham-Mega, L78, F\n|-mega|p2a: Medicham|Medicham|Medichamite\n|move|p2a: Medicham|Fake Out|p1a: Pyroar\n|-damage|p1a: Pyroar|93/294\n|cant|p1a: Pyroar|flinch\n|\n|upkeep\n|turn|11\n|\n|t:|1770432654\n|switch|p2a: Glalie|Glalie, L92, F|297/297\n|-damage|p2a: Glalie|223/297|[from] Stealth Rock\n|move|p1a: Pyroar|Fire Blast|p2a: Glalie\n|-supereffective|p2a: Glalie\n|-damage|p2a: Glalie|0 fnt\n|faint|p2a: Glalie\n|-damage|p1a: Pyroar|64/294|[from] item: Life Orb\n|\n|upkeep\n|\n|t:|1770432661\n|switch|p2a: Jumpluff|Jumpluff, L89, F|278/278\n|-damage|p2a: Jumpluff|209/278|[from] Stealth Rock\n|turn|12\n|\n|t:|1770432667\n|move|p2a: Jumpluff|Acrobatics|p1a: Pyroar\n|-damage|p1a: Pyroar|0 fnt\n|faint|p1a: Pyroar\n|\n|upkeep\n|\n|t:|1770432680\n|switch|p1a: Silvally|Silvally-Bug, L87|307/307\n|-status|p1a: Silvally|psn\n|turn|13\n|inactive|alecksdee has 120 seconds left.\n|\n|t:|1770432692\n|switch|p2a: Weezing|Weezing, L87, M|255/255\n|-damage|p2a: Weezing|224/255|[from] Stealth Rock\n|move|p1a: Silvally|Ice Beam|p2a: Weezing\n|-damage|p2a: Weezing|152/255\n|-status|p2a: Weezing|frz\n|\n|-heal|p2a: Weezing|167/255 frz|[from] item: Black Sludge\n|-damage|p1a: Silvally|269/307 psn|[from] psn\n|upkeep\n|turn|14\n|\n|t:|1770432706\n|switch|p1a: Escavalier|Escavalier, L85, F|258/258\n|cant|p2a: Weezing|frz\n|\n|-heal|p2a: Weezing|182/255 frz|[from] item: Black Sludge\n|upkeep\n|turn|15\n|\n|t:|1770432716\n|cant|p2a: Weezing|frz\n|move|p1a: Escavalier|Iron Head|p2a: Weezing\n|-damage|p2a: Weezing|100/255 frz\n|\n|-heal|p2a: Weezing|115/255 frz|[from] item: Black Sludge\n|upkeep\n|turn|16\n|\n|t:|1770432727\n|cant|p2a: Weezing|frz\n|move|p1a: Escavalier|Swords Dance|p1a: Escavalier\n|-boost|p1a: Escavalier|atk|2\n|\n|-heal|p2a: Weezing|130/255 frz|[from] item: Black Sludge\n|upkeep\n|turn|17\n|\n|t:|1770432735\n|cant|p2a: Weezing|frz\n|move|p1a: Escavalier|Iron Head|p2a: Weezing\n|-crit|p2a: Weezing\n|-damage|p2a: Weezing|0 fnt\n|faint|p2a: Weezing\n|\n|upkeep\n|\n|t:|1770432756\n|switch|p2a: Medicham|Medicham-Mega, L78, F|208/221\n|-damage|p2a: Medicham|195/221|[from] Stealth Rock\n|turn|18\n|\n|t:|1770432761\n|move|p2a: Medicham|Fake Out|p1a: Escavalier\n|-resisted|p1a: Escavalier\n|-damage|p1a: Escavalier|235/258\n|cant|p1a: Escavalier|flinch\n|\n|-heal|p1a: Escavalier|251/258|[from] item: Leftovers\n|upkeep\n|turn|19\n|\n|t:|1770432768\n|move|p2a: Medicham|High Jump Kick|p1a: Escavalier\n|-damage|p1a: Escavalier|43/258\n|move|p1a: Escavalier|Iron Head|p2a: Medicham\n|-damage|p2a: Medicham|0 fnt\n|faint|p2a: Medicham\n|detailschange|p2: Medicham|Medicham, L78, F|[silent]\n|\n|-heal|p1a: Escavalier|59/258|[from] item: Leftovers\n|upkeep\n|\n|t:|1770432773\n|switch|p2a: Sharpedo|Sharpedo, L84, F|255/255\n|-damage|p2a: Sharpedo|224/255|[from] Stealth Rock\n|turn|20\n|\n|t:|1770432784\n|move|p2a: Sharpedo|Waterfall|p1a: Escavalier\n|-damage|p1a: Escavalier|0 fnt\n|faint|p1a: Escavalier\n|-damage|p2a: Sharpedo|199/255|[from] item: Life Orb\n|\n|-ability|p2a: Sharpedo|Speed Boost|boost\n|-boost|p2a: Sharpedo|spe|1\n|upkeep\n|\n|t:|1770432791\n|switch|p1a: Breloom|Breloom, L84, F|238/238\n|-status|p1a: Breloom|psn\n|turn|21\n|\n|t:|1770432802\n|switch|p2a: Jumpluff|Jumpluff, L89, F|209/278\n|-damage|p2a: Jumpluff|140/278|[from] Stealth Rock\n|move|p1a: Breloom|Rock Tomb|p2a: Jumpluff\n|-supereffective|p2a: Jumpluff\n|-damage|p2a: Jumpluff|0 fnt\n|faint|p2a: Jumpluff\n|-damage|p1a: Breloom|215/238 psn|[from] item: Life Orb\n|\n|-damage|p1a: Breloom|186/238 psn|[from] psn\n|upkeep\n|-message|alecksdee forfeited.\n|\n|win|ereyyaegah\n|raw|ereyyaegah's rating: 1776 &rarr; <strong>1798</strong><br />(+22 for winning)\n|raw|alecksdee's rating: 1817 &rarr; <strong>1795</strong><br />(-22 for losing)\n|l|☆alecksdee\n|player|p2|\n", "inputlog": ">version ccdc32dd7cde25fd9e4bed64820e885f66e78a4e\n>start {\"formatid\":\"gen7randombattle\",\"seed\":\"sodium,8b0f245ab24dab7b755bc1aab4a4eee5\",\"rated\":\"Rated battle\"}\n>player p1 {\"name\":\"ereyyaegah\",\"avatar\":\"blue\",\"rating\":1776,\"seed\":\"sodium,afdd072705ea026ba423045ca0df5466\"}\n>player p2 {\"name\":\"alecksdee\",\"avatar\":\"baker\",\"rating\":1817,\"seed\":\"sodium,bc4d494e0de7dac8c24c80b54b0adc1d\"}\n>p1 move megahorn\n>p2 move substitute\n>p1 move megahorn\n>p2 move strengthsap\n>p1 switch 3\n>p2 move strengthsap\n>p1 move icebeam\n>p2 switch 4\n>p1 move uturn\n>p2 move doubleedge\n>p1 switch 4\n>p1 move stealthrock\n>p2 switch 6\n>p1 switch 5\n>p2 move toxicspikes\n>p1 move workup\n>p2 move sludgebomb\n>p1 move fireblast\n>p2 switch 6\n>p2 switch 5\n>p1 move fireblast\n>p2 move fakeout mega\n>p1 move fireblast\n>p2 switch 2\n>p2 switch 4\n>p1 move hypervoice\n>p2 move acrobatics\n>p1 switch 4\n>p1 move icebeam\n>p2 switch 6\n>p1 switch 3\n>p2 move fireblast\n>p1 move ironhead\n>p2 move fireblast\n>p1 move swordsdance\n>p2 move fireblast\n>p1 move ironhead\n>p2 move fireblast\n>p2 switch 2\n>p1 move ironhead\n>p2 move fakeout\n>p1 move ironhead\n>p2 move highjumpkick\n>p2 switch 3\n>p1 move megahorn\n>p2 move waterfall\n>p1 switch 2\n>p1 move rocktomb\n>p2 switch 6\n>forcelose p2", "uploadtime": 1770432810, "views": 203, "formatid": "gen7randombattle", "rating": 1795, "private": 0, "password": null}