{"id": "gen7randombattle-2537694344", "format": "[Gen 7] Random Battle", "players": ["Elpro83", "Takemikazuche"], "log": "|j|☆Elpro83\n|j|☆Takemikazuche\n|t:|1770839159\n|gametype|singles\n|player|p1|Elpro83|steven|1595\n|player|p2|Takemikazuche|169|1531\n|gen|7\n|tier|[Gen 7] Random Battle\n|rated|\n|rule|Sleep Clause Mod: Limit one foe put to sleep\n|rule|HP Percentage Mod: HP is shown in percentages\n|rule|Illusion Level Mod: Illusion disguises the Pokémon's true level\n|\n|t:|1770839159\n|teamsize|p1|6\n|teamsize|p2|6\n|start\n|switch|p1a: Muk|Muk-Alola, L80, F|299/299\n|switch|p2a: Azumarill|Azumarill, L81, F|295/295\n|turn|1\n|inactive|Battle timer is ON: inactive players will automatically lose when time's up. (requested by Elpro83)\n|inactive|Takemikazuche has 120 seconds left.\n|\n|t:|1770839200\n|move|p2a: Azumarill|Superpower|p1a: Muk\n|-damage|p1a: Muk|111/299\n|-unboost|p2a: Azumarill|atk|1\n|-unboost|p2a: Azumarill|def|1\n|move|p1a: Muk|Gunk Shot|p2a: Azumarill\n|-supereffective|p2a: Azumarill\n|-damage|p2a: Azumarill|0 fnt\n|faint|p2a: Azumarill\n|\n|upkeep\n|\n|t:|1770839208\n|switch|p2a: Kyogre|Kyogre, L72|263/263\n|detailschange|p2a: Kyogre|Kyogre-Primal, L72\n|-primal|p2a: Kyogre|Blue Orb\n|-weather|PrimordialSea|[from] ability: Primordial Sea|[of] p2a: Kyogre\n|turn|2\n|\n|t:|1770839219\n|switch|p1a: Politoed|Politoed, L88, M|302/302\n|-ability|p1a: Politoed|Drizzle|[from] primordialsea|[fail]\n|move|p2a: Kyogre|Scald|p1a: Politoed\n|-resisted|p1a: Politoed\n|-damage|p1a: Politoed|235/302\n|\n|-weather|PrimordialSea|[upkeep]\n|-heal|p1a: Politoed|253/302|[from] item: Leftovers\n|upkeep\n|turn|3\n|\n|t:|1770839227\n|move|p1a: Politoed|Toxic|p2a: Kyogre\n|-status|p2a: Kyogre|tox\n|move|p2a: Kyogre|Calm Mind|p2a: Kyogre\n|-boost|p2a: Kyogre|spa|1\n|-boost|p2a: Kyogre|spd|1\n|\n|-weather|PrimordialSea|[upkeep]\n|-heal|p1a: Politoed|271/302|[from] item: Leftovers\n|-damage|p2a: Kyogre|247/263 tox|[from] psn\n|upkeep\n|turn|4\n|\n|t:|1770839236\n|move|p1a: Politoed|Ice Beam|p2a: Kyogre\n|-resisted|p2a: Kyogre\n|-damage|p2a: Kyogre|231/263 tox\n|move|p2a: Kyogre|Calm Mind|p2a: Kyogre\n|-boost|p2a: Kyogre|spa|1\n|-boost|p2a: Kyogre|spd|1\n|\n|-weather|PrimordialSea|[upkeep]\n|-heal|p1a: Politoed|289/302|[from] item: Leftovers\n|-damage|p2a: Kyogre|199/263 tox|[from] psn\n|upkeep\n|turn|5\n|\n|t:|1770839244\n|move|p1a: Politoed|Protect|p1a: Politoed\n|-singleturn|p1a: Politoed|Protect\n|move|p2a: Kyogre|Calm Mind|p2a: Kyogre\n|-boost|p2a: Kyogre|spa|1\n|-boost|p2a: Kyogre|spd|1\n|\n|-weather|PrimordialSea|[upkeep]\n|-heal|p1a: Politoed|302/302|[from] item: Leftovers\n|-damage|p2a: Kyogre|151/263 tox|[from] psn\n|upkeep\n|turn|6\n|\n|t:|1770839251\n|move|p1a: Politoed|Scald|p2a: Kyogre\n|-resisted|p2a: Kyogre\n|-damage|p2a: Kyogre|130/263 tox\n|move|p2a: Kyogre|Rest|p2a: Kyogre\n|-status|p2a: Kyogre|slp|[from] move: Rest\n|-heal|p2a: Kyogre|263/263 slp|[silent]\n|\n|-weather|PrimordialSea|[upkeep]\n|upkeep\n|turn|7\n|\n|t:|1770839273\n|move|p1a: Politoed|Scald|p2a: Kyogre\n|-resisted|p2a: Kyogre\n|-damage|p2a: Kyogre|245/263 slp\n|cant|p2a: Kyogre|slp\n|move|p2a: Kyogre|Sleep Talk|p2a: Kyogre\n|move|p2a: Kyogre|Calm Mind|p2a: Kyogre|[from] move: Sleep Talk\n|-boost|p2a: Kyogre|spa|1\n|-boost|p2a: Kyogre|spd|1\n|\n|-weather|PrimordialSea|[upkeep]\n|upkeep\n|turn|8\n|\n|t:|1770839287\n|switch|p1a: Toxapex|Toxapex, L80, M|211/211\n|cant|p2a: Kyogre|slp\n|move|p2a: Kyogre|Sleep Talk|p2a: Kyogre\n|move|p2a: Kyogre|Scald|p1a: Toxapex|[from] move: Sleep Talk\n|-resisted|p1a: Toxapex\n|-damage|p1a: Toxapex|40/211\n|\n|-weather|PrimordialSea|[upkeep]\n|-heal|p1a: Toxapex|53/211|[from] item: Black Sludge\n|upkeep\n|turn|9\n|\n|t:|1770839296\n|switch|p1a: Politoed|Politoed, L88, M|302/302\n|-ability|p1a: Politoed|Drizzle|[from] primordialsea|[fail]\n|-curestatus|p2a: Kyogre|slp|[msg]\n|move|p2a: Kyogre|Sleep Talk||[still]\n|-fail|p2a: Kyogre\n|\n|-weather|PrimordialSea|[upkeep]\n|upkeep\n|turn|10\n|\n|t:|1770839303\n|move|p1a: Politoed|Ice Beam|p2a: Kyogre\n|-resisted|p2a: Kyogre\n|-damage|p2a: Kyogre|236/263\n|move|p2a: Kyogre|Calm Mind|p2a: Kyogre\n|-boost|p2a: Kyogre|spa|1\n|-boost|p2a: Kyogre|spd|1\n|\n|-weather|PrimordialSea|[upkeep]\n|upkeep\n|turn|11\n|\n|t:|1770839308\n|move|p1a: Politoed|Ice Beam|p2a: Kyogre\n|-resisted|p2a: Kyogre\n|-damage|p2a: Kyogre|229/263\n|move|p2a: Kyogre|Calm Mind|p2a: Kyogre\n|-boost|p2a: Kyogre|spa|1\n|-boost|p2a: Kyogre|spd|1\n|\n|-weather|PrimordialSea|[upkeep]\n|upkeep\n|turn|12\n|\n|t:|1770839313\n|move|p1a: Politoed|Ice Beam|p2a: Kyogre\n|-resisted|p2a: Kyogre\n|-damage|p2a: Kyogre|223/263\n|move|p2a: Kyogre|Scald|p1a: Politoed\n|-resisted|p1a: Politoed\n|-damage|p1a: Politoed|14/302\n|\n|-weather|PrimordialSea|[upkeep]\n|-heal|p1a: Politoed|32/302|[from] item: Leftovers\n|upkeep\n|turn|13\n|\n|t:|1770839321\n|move|p1a: Politoed|Ice Beam|p2a: Kyogre\n|-resisted|p2a: Kyogre\n|-damage|p2a: Kyogre|216/263\n|move|p2a: Kyogre|Scald|p1a: Politoed\n|-resisted|p1a: Politoed\n|-damage|p1a: Politoed|0 fnt\n|faint|p1a: Politoed\n|\n|-weather|PrimordialSea|[upkeep]\n|upkeep\n|\n|t:|1770839340\n|switch|p1a: Toxapex|Toxapex, L80, M|123/211\n|turn|14\n|\n|t:|1770839344\n|switch|p1a: Muk|Muk-Alola, L80, F|111/299\n|move|p2a: Kyogre|Scald|p1a: Muk\n|-damage|p1a: Muk|0 fnt\n|faint|p1a: Muk\n|\n|-weather|PrimordialSea|[upkeep]\n|upkeep\n|\n|t:|1770839351\n|switch|p1a: Toxapex|Toxapex, L80, M|193/211\n|turn|15\n|\n|t:|1770839359\n|move|p2a: Kyogre|Scald|p1a: Toxapex\n|-resisted|p1a: Toxapex\n|-damage|p1a: Toxapex|0 fnt\n|faint|p1a: Toxapex\n|\n|-weather|PrimordialSea|[upkeep]\n|upkeep\n|-message|Elpro83 forfeited.\n|\n|win|Takemikazuche\n|raw|Elpro83's rating: 1595 &rarr; <strong>1571</strong><br />(-24 for losing)\n|raw|Takemikazuche's rating: 1531 &rarr; <strong>1555</strong><br />(+24 for winning)\n|l|☆Elpro83\n|player|p1|\n|c|☆Takemikazuche|phermosa, lunala, gallade, and rayquaza were my last mons lol\n", "inputlog": ">version ccdc32dd7cde25fd9e4bed64820e885f66e78a4e\n>start {\"formatid\":\"gen7randombattle\",\"seed\":\"sodium,216fc46e35e141f63529aa6ac2a2d98d\",\"rated\":\"Rated battle\"}\n>player p1 {\"name\":\"Elpro83\",\"avatar\":\"steven\",\"rating\":1595,\"seed\":\"sodium,92e555e5d2569402cbd2300f5f87309c\"}\n>player p2 {\"name\":\"Takemikazuche\",\"avatar\":\"169\",\"rating\":1531,\"seed\":\"sodium,110bd03af0881d0569285167b00c298d\"}\n>p1 move gunkshot\n>p2 move superpower\n>p2 switch 6\n>p1 switch 6\n>p2 move scald\n>p1 move toxic\n>p2 move calmmind\n>p1 move icebeam\n>p2 move calmmind\n>p1 move protect\n>p2 move calmmind\n>p1 move scald\n>p2 move rest\n>p1 move scald\n>p2 move sleeptalk\n>p1 switch 5\n>p2 move sleeptalk\n>p1 switch 5\n>p2 move sleeptalk\n>p1 move icebeam\n>p2 move calmmind\n>p1 move icebeam\n>p2 move calmmind\n>p1 move icebeam\n>p2 move scald\n>p1 move icebeam\n>p2 move scald\n>p1 switch 5\n>p1 switch 6\n>p2 move scald\n>p1 switch 6\n>p1 move haze\n>p2 move scald\n>forcelose p1", "uploadtime": 1770839371, "views": 228, "formatid": "gen7randombattle", "rating": 1555, "private": 0, "password": null}