{"id": "gen7randombattle-2523884562", "format": "[Gen 7] Random Battle", "players": ["jwsj5852", "Kurochan3"], "log": "|j|☆jwsj5852\n|j|☆Kurochan3\n|t:|1769086363\n|gametype|singles\n|player|p1|jwsj5852|caitlin|1592\n|player|p2|Kurochan3|cynthia-gen4|1727\n|gen|7\n|tier|[Gen 7] Random Battle\n|rated|\n|rule|Sleep Clause Mod: Limit one foe put to sleep\n|rule|HP Percentage Mod: HP is shown in percentages\n|rule|Illusion Level Mod: Illusion disguises the Pokémon's true level\n|\n|t:|1769086363\n|teamsize|p1|6\n|teamsize|p2|6\n|start\n|switch|p1a: Ribombee|Ribombee, L84, F|238/238\n|switch|p2a: Sableye|Sableye, L86, F|226/226\n|turn|1\n|inactive|Battle timer is ON: inactive players will automatically lose when time's up. (requested by jwsj5852)\n|\n|t:|1769086374\n|switch|p2a: Regirock|Regirock, L87|281/281\n|move|p1a: Ribombee|Moonblast|p2a: Regirock\n|-damage|p2a: Regirock|196/281\n|\n|upkeep\n|turn|2\n|\n|t:|1769086391\n|switch|p1a: Hitmonchan|Hitmonchan, L87, M|229/229\n|move|p2a: Regirock|Stone Edge|p1a: Hitmonchan\n|-resisted|p1a: Hitmonchan\n|-damage|p1a: Hitmonchan|165/229\n|\n|upkeep\n|turn|3\n|\n|t:|1769086398\n|switch|p1a: Ribombee|Ribombee, L84, F|238/238\n|switch|p2a: Trevenant|Trevenant, L91, M|303/303\n|\n|upkeep\n|turn|4\n|\n|t:|1769086413\n|switch|p1a: Crobat|Crobat, L82, F|274/274\n|move|p2a: Trevenant|Rock Slide|p1a: Crobat\n|-supereffective|p1a: Crobat\n|-damage|p1a: Crobat|48/274\n|\n|-heal|p1a: Crobat|65/274|[from] item: Black Sludge\n|upkeep\n|turn|5\n|\n|t:|1769086428\n|switch|p2a: Sableye|Sableye, L86, F|226/226\n|move|p1a: Crobat|Roost|p1a: Crobat\n|-heal|p1a: Crobat|202/274\n|-singleturn|p1a: Crobat|move: Roost\n|\n|-heal|p1a: Crobat|219/274|[from] item: Black Sludge\n|upkeep\n|turn|6\n|\n|t:|1769086433\n|switch|p1a: Ribombee|Ribombee, L84, F|238/238\n|move|p2a: Sableye|Will-O-Wisp|p1a: Ribombee\n|-status|p1a: Ribombee|brn\n|\n|-damage|p1a: Ribombee|224/238 brn|[from] brn\n|upkeep\n|turn|7\n|\n|t:|1769086453\n|switch|p2a: Regirock|Regirock, L87|196/281\n|move|p1a: Ribombee|Sticky Web|p2a: Regirock\n|-sidestart|p2: Kurochan3|move: Sticky Web\n|\n|-heal|p1a: Ribombee|238/238 brn|[from] item: Leftovers\n|-damage|p1a: Ribombee|224/238 brn|[from] brn\n|upkeep\n|turn|8\n|\n|t:|1769086462\n|switch|p1a: Hitmonchan|Hitmonchan, L87, M|165/229\n|move|p2a: Regirock|Stone Edge|p1a: Hitmonchan\n|-resisted|p1a: Hitmonchan\n|-damage|p1a: Hitmonchan|103/229\n|\n|upkeep\n|turn|9\n|\n|t:|1769086465\n|switch|p2a: Araquanid|Araquanid, L81, M|243/243\n|-activate|p2a: Araquanid|move: Sticky Web\n|-unboost|p2a: Araquanid|spe|1\n|move|p1a: Hitmonchan|Ice Punch|p2a: Araquanid\n|-resisted|p2a: Araquanid\n|-damage|p2a: Araquanid|186/243\n|\n|-heal|p2a: Araquanid|201/243|[from] item: Leftovers\n|upkeep\n|turn|10\n|\n|t:|1769086478\n|switch|p1a: Phione|Phione, L93|300/300\n|move|p2a: Araquanid|Sticky Web|p1a: Phione\n|-sidestart|p1: jwsj5852|move: Sticky Web\n|\n|-heal|p2a: Araquanid|216/243|[from] item: Leftovers\n|upkeep\n|turn|11\n|\n|t:|1769086482\n|move|p1a: Phione|U-turn|p2a: Araquanid\n|-damage|p2a: Araquanid|162/243\n|\n|t:|1769086484\n|switch|p1a: Crobat|Crobat, L82, F|219/274|[from] U-turn\n|move|p2a: Araquanid|Toxic|p1a: Crobat\n|-immune|p1a: Crobat\n|\n|-heal|p1a: Crobat|236/274|[from] item: Black Sludge\n|-heal|p2a: Araquanid|177/243|[from] item: Leftovers\n|upkeep\n|turn|12\n|\n|t:|1769086489\n|switch|p2a: Regirock|Regirock, L87|196/281\n|-activate|p2a: Regirock|move: Sticky Web\n|-unboost|p2a: Regirock|spe|1\n|move|p1a: Crobat|Toxic|p2a: Regirock\n|-status|p2a: Regirock|tox\n|\n|-heal|p1a: Crobat|253/274|[from] item: Black Sludge\n|-damage|p2a: Regirock|179/281 tox|[from] psn\n|upkeep\n|turn|13\n|\n|t:|1769086507\n|switch|p1a: Castform|Castform, L99, F|299/299\n|-activate|p1a: Castform|move: Sticky Web\n|-unboost|p1a: Castform|spe|1\n|move|p2a: Regirock|Rest|p2a: Regirock\n|-status|p2a: Regirock|slp|[from] move: Rest\n|-heal|p2a: Regirock|281/281 slp|[silent]\n|-enditem|p2a: Regirock|Chesto Berry|[eat]\n|-curestatus|p2a: Regirock|slp|[msg]\n|\n|upkeep\n|turn|14\n|\n|t:|1769086512\n|switch|p2a: Araquanid|Araquanid, L81, M|177/243\n|-activate|p2a: Araquanid|move: Sticky Web\n|-unboost|p2a: Araquanid|spe|1\n|move|p1a: Castform|Defog|p2a: Araquanid\n|-unboost|p2a: Araquanid|evasion|1\n|-sideend|p2: Kurochan3|Sticky Web|[from] move: Defog|[of] p1a: Castform\n|-sideend|p1: jwsj5852|Sticky Web|[from] move: Defog|[of] p1a: Castform\n|\n|-heal|p2a: Araquanid|192/243|[from] item: Leftovers\n|upkeep\n|turn|15\n|\n|t:|1769086518\n|move|p1a: Castform|Return|p2a: Araquanid\n|-damage|p2a: Araquanid|84/243\n|move|p2a: Araquanid|Liquidation|p1a: Castform\n|-damage|p1a: Castform|164/299\n|\n|-heal|p1a: Castform|182/299|[from] item: Leftovers\n|-heal|p2a: Araquanid|99/243|[from] item: Leftovers\n|upkeep\n|turn|16\n|\n|t:|1769086530\n|switch|p2a: Regirock|Regirock, L87|281/281\n|move|p1a: Castform|Return|p2a: Regirock\n|-resisted|p2a: Regirock\n|-damage|p2a: Regirock|254/281\n|\n|-heal|p1a: Castform|200/299|[from] item: Leftovers\n|upkeep\n|turn|17\n|\n|t:|1769086537\n|switch|p1a: Phione|Phione, L93|300/300\n|move|p2a: Regirock|Drain Punch|p1a: Phione\n|-damage|p1a: Phione|242/300\n|-heal|p2a: Regirock|281/281|[from] drain|[of] p1a: Phione\n|\n|-heal|p1a: Phione|260/300|[from] item: Leftovers\n|upkeep\n|turn|18\n|\n|t:|1769086559\n|switch|p2a: Trevenant|Trevenant, L91, M|303/303\n|move|p1a: Phione|Scald|p2a: Trevenant\n|-resisted|p2a: Trevenant\n|-damage|p2a: Trevenant|260/303\n|\n|-heal|p1a: Phione|278/300|[from] item: Leftovers\n|upkeep\n|turn|19\n|\n|t:|1769086569\n|move|p1a: Phione|U-turn|p2a: Trevenant\n|-damage|p2a: Trevenant|209/303\n|\n|t:|1769086572\n|switch|p1a: Crobat|Crobat, L82, F|253/274|[from] U-turn\n|move|p2a: Trevenant|Horn Leech|p1a: Crobat\n|-resisted|p1a: Crobat\n|-damage|p1a: Crobat|209/274\n|-heal|p2a: Trevenant|231/303|[from] drain|[of] p1a: Crobat\n|\n|-heal|p1a: Crobat|226/274|[from] item: Black Sludge\n|upkeep\n|turn|20\n|\n|t:|1769086577\n|switch|p1a: Hitmonchan|Hitmonchan, L87, M|103/229\n|switch|p2a: Regirock|Regirock, L87|281/281\n|\n|upkeep\n|turn|21\n|\n|t:|1769086586\n|switch|p2a: Sableye|Sableye, L86, F|226/226\n|move|p1a: Hitmonchan|Ice Punch|p2a: Sableye\n|-damage|p2a: Sableye|113/226\n|\n|upkeep\n|turn|22\n|\n|t:|1769086591\n|switch|p1a: Ribombee|Ribombee, L84, F|224/238 brn\n|move|p2a: Sableye|Recover|p2a: Sableye\n|-heal|p2a: Sableye|226/226\n|\n|-heal|p1a: Ribombee|238/238 brn|[from] item: Leftovers\n|-damage|p1a: Ribombee|224/238 brn|[from] brn\n|upkeep\n|turn|23\n|\n|t:|1769086605\n|switch|p1a: Phione|Phione, L93|278/300\n|switch|p2a: Regirock|Regirock, L87|281/281\n|\n|-heal|p1a: Phione|296/300|[from] item: Leftovers\n|upkeep\n|turn|24\n|\n|t:|1769086616\n|switch|p2a: Araquanid|Araquanid, L81, M|99/243\n|move|p1a: Phione|Ice Beam|p2a: Araquanid\n|-resisted|p2a: Araquanid\n|-damage|p2a: Araquanid|72/243\n|\n|-heal|p1a: Phione|300/300|[from] item: Leftovers\n|-heal|p2a: Araquanid|87/243|[from] item: Leftovers\n|upkeep\n|turn|25\n|\n|t:|1769086622\n|move|p1a: Phione|U-turn|p2a: Araquanid\n|-damage|p2a: Araquanid|35/243\n|\n|t:|1769086627\n|switch|p1a: Castform|Castform, L99, F|200/299|[from] U-turn\n|move|p2a: Araquanid|Toxic|p1a: Castform\n|-status|p1a: Castform|tox\n|\n|-heal|p1a: Castform|218/299 tox|[from] item: Leftovers\n|-heal|p2a: Araquanid|50/243|[from] item: Leftovers\n|-damage|p1a: Castform|200/299 tox|[from] psn\n|upkeep\n|turn|26\n|\n|t:|1769086635\n|switch|p2a: Crustle|Crustle, L82, F|249/249\n|move|p1a: Castform|Return|p2a: Crustle\n|-resisted|p2a: Crustle\n|-damage|p2a: Crustle|206/249\n|\n|-heal|p1a: Castform|218/299 tox|[from] item: Leftovers\n|-damage|p1a: Castform|182/299 tox|[from] psn\n|upkeep\n|turn|27\n|inactive|jwsj5852 has 120 seconds left.\n|\n|t:|1769086667\n|move|p1a: Castform|Scald|p2a: Crustle\n|-supereffective|p2a: Crustle\n|-damage|p2a: Crustle|54/249\n|-status|p2a: Crustle|brn\n|move|p2a: Crustle|Shell Smash|p2a: Crustle\n|-unboost|p2a: Crustle|def|1\n|-unboost|p2a: Crustle|spd|1\n|-boost|p2a: Crustle|atk|2\n|-boost|p2a: Crustle|spa|2\n|-boost|p2a: Crustle|spe|2\n|-enditem|p2a: Crustle|White Herb\n|-clearnegativeboost|p2a: Crustle|[silent]\n|\n|-heal|p1a: Castform|200/299 tox|[from] item: Leftovers\n|-damage|p1a: Castform|146/299 tox|[from] psn\n|-damage|p2a: Crustle|39/249 brn|[from] brn\n|upkeep\n|turn|28\n|inactive|jwsj5852 has 120 seconds left.\n|\n|t:|1769086681\n|move|p2a: Crustle|Stone Edge|p1a: Castform\n|-damage|p1a: Castform|47/299 tox\n|move|p1a: Castform|Scald|p2a: Crustle\n|-supereffective|p2a: Crustle\n|-damage|p2a: Crustle|0 fnt\n|faint|p2a: Crustle\n|\n|-heal|p1a: Castform|65/299 tox|[from] item: Leftovers\n|-damage|p1a: Castform|0 fnt|[from] psn\n|faint|p1a: Castform\n|upkeep\n|inactive|jwsj5852 has 120 seconds left.\n|\n|t:|1769086705\n|switch|p1a: Hitmonchan|Hitmonchan, L87, M|103/229\n|switch|p2a: Torterra|Torterra, L88, M|310/310\n|turn|29\n|\n|t:|1769086715\n|switch|p2a: Regirock|Regirock, L87|281/281\n|move|p1a: Hitmonchan|Stone Edge|p2a: Regirock\n|-damage|p2a: Regirock|219/281\n|\n|upkeep\n|turn|30\n|\n|t:|1769086724\n|switch|p1a: Phione|Phione, L93|300/300\n|move|p2a: Regirock|Stone Edge|p1a: Phione\n|-crit|p1a: Phione\n|-damage|p1a: Phione|134/300\n|\n|-heal|p1a: Phione|152/300|[from] item: Leftovers\n|upkeep\n|turn|31\n|inactive|jwsj5852 has 120 seconds left.\n|\n|t:|1769086735\n|switch|p2a: Torterra|Torterra, L88, M|310/310\n|move|p1a: Phione|Scald|p2a: Torterra\n|-damage|p2a: Torterra|214/310\n|-status|p2a: Torterra|brn\n|\n|-heal|p1a: Phione|170/300|[from] item: Leftovers\n|-heal|p2a: Torterra|233/310 brn|[from] item: Leftovers\n|-damage|p2a: Torterra|214/310 brn|[from] brn\n|upkeep\n|turn|32\n|\n|t:|1769086740\n|move|p1a: Phione|Ice Beam|p2a: Torterra\n|-supereffective|p2a: Torterra\n|-damage|p2a: Torterra|0 fnt\n|faint|p2a: Torterra\n|\n|-heal|p1a: Phione|188/300|[from] item: Leftovers\n|upkeep\n|\n|t:|1769086746\n|switch|p2a: Trevenant|Trevenant, L91, M|231/303\n|turn|33\n|\n|t:|1769086752\n|move|p1a: Phione|U-turn|p2a: Trevenant\n|-damage|p2a: Trevenant|173/303\n|\n|t:|1769086768\n|switch|p1a: Regice|Regice, L87|281/281|[from] U-turn\n|move|p2a: Trevenant|Rock Slide|p1a: Regice|[miss]\n|-miss|p2a: Trevenant|p1a: Regice\n|\n|upkeep\n|turn|34\n|\n|t:|1769086782\n|switch|p2a: Regirock|Regirock, L87|219/281\n|move|p1a: Regice|Ice Beam|p2a: Regirock\n|-damage|p2a: Regirock|131/281\n|\n|upkeep\n|turn|35\n|\n|t:|1769086794\n|move|p1a: Regice|Ice Beam|p2a: Regirock\n|-damage|p2a: Regirock|38/281\n|move|p2a: Regirock|Drain Punch|p1a: Regice\n|-supereffective|p1a: Regice\n|-damage|p1a: Regice|179/281\n|-heal|p2a: Regirock|89/281|[from] drain|[of] p1a: Regice\n|\n|-heal|p1a: Regice|196/281|[from] item: Leftovers\n|upkeep\n|turn|36\n|\n|t:|1769086811\n|move|p2a: Regirock|Drain Punch|p1a: Regice\n|-supereffective|p1a: Regice\n|-damage|p1a: Regice|84/281\n|-heal|p2a: Regirock|145/281|[from] drain|[of] p1a: Regice\n|move|p1a: Regice|Ice Beam|p2a: Regirock\n|-damage|p2a: Regirock|48/281\n|\n|-heal|p1a: Regice|101/281|[from] item: Leftovers\n|upkeep\n|turn|37\n|\n|t:|1769086816\n|move|p1a: Regice|Ice Beam|p2a: Regirock\n|-damage|p2a: Regirock|0 fnt\n|faint|p2a: Regirock\n|\n|-heal|p1a: Regice|118/281|[from] item: Leftovers\n|upkeep\n|\n|t:|1769086822\n|switch|p2a: Trevenant|Trevenant, L91, M|173/303\n|turn|38\n|\n|t:|1769086829\n|move|p1a: Regice|Protect|p1a: Regice\n|-singleturn|p1a: Regice|Protect\n|move|p2a: Trevenant|Drain Punch|p1a: Regice\n|-activate|p1a: Regice|move: Protect\n|\n|-heal|p1a: Regice|135/281|[from] item: Leftovers\n|upkeep\n|turn|39\n|\n|t:|1769086834\n|switch|p1a: Crobat|Crobat, L82, F|226/274\n|move|p2a: Trevenant|Drain Punch|p1a: Crobat\n|-resisted|p1a: Crobat\n|-damage|p1a: Crobat|196/274\n|-heal|p2a: Trevenant|188/303|[from] drain|[of] p1a: Crobat\n|\n|-heal|p1a: Crobat|213/274|[from] item: Black Sludge\n|upkeep\n|turn|40\n|\n|t:|1769086839\n|switch|p2a: Araquanid|Araquanid, L81, M|50/243\n|move|p1a: Crobat|Taunt|p2a: Araquanid\n|-start|p2a: Araquanid|move: Taunt\n|\n|-heal|p1a: Crobat|230/274|[from] item: Black Sludge\n|-heal|p2a: Araquanid|65/243|[from] item: Leftovers\n|upkeep\n|turn|41\n|\n|t:|1769086844\n|switch|p2a: Sableye|Sableye, L86, F|226/226\n|move|p1a: Crobat|Brave Bird|p2a: Sableye\n|-damage|p2a: Sableye|102/226\n|-damage|p1a: Crobat|189/274|[from] Recoil\n|\n|-heal|p1a: Crobat|206/274|[from] item: Black Sludge\n|upkeep\n|turn|42\n|\n|t:|1769086849\n|switch|p1a: Ribombee|Ribombee, L84, F|224/238 brn\n|move|p2a: Sableye|Recover|p2a: Sableye\n|-heal|p2a: Sableye|215/226\n|\n|-heal|p1a: Ribombee|238/238 brn|[from] item: Leftovers\n|-damage|p1a: Ribombee|224/238 brn|[from] brn\n|upkeep\n|turn|43\n|\n|t:|1769086854\n|switch|p2a: Araquanid|Araquanid, L81, M|65/243\n|move|p1a: Ribombee|Moonblast|p2a: Araquanid\n|-damage|p2a: Araquanid|0 fnt\n|faint|p2a: Araquanid\n|\n|-heal|p1a: Ribombee|238/238 brn|[from] item: Leftovers\n|-damage|p1a: Ribombee|224/238 brn|[from] brn\n|upkeep\n|\n|t:|1769086856\n|switch|p2a: Trevenant|Trevenant, L91, M|188/303\n|turn|44\n|\n|t:|1769086868\n|switch|p1a: Hitmonchan|Hitmonchan, L87, M|103/229\n|move|p2a: Trevenant|Horn Leech|p1a: Hitmonchan\n|-damage|p1a: Hitmonchan|0 fnt\n|-heal|p2a: Trevenant|240/303|[from] drain|[of] p1a: Hitmonchan\n|faint|p1a: Hitmonchan\n|\n|upkeep\n|\n|t:|1769086875\n|switch|p1a: Crobat|Crobat, L82, F|206/274\n|turn|45\n|\n|t:|1769086880\n|switch|p1a: Ribombee|Ribombee, L84, F|224/238 brn\n|switch|p2a: Sableye|Sableye, L86, F|215/226\n|\n|-heal|p1a: Ribombee|238/238 brn|[from] item: Leftovers\n|-damage|p1a: Ribombee|224/238 brn|[from] brn\n|upkeep\n|turn|46\n|\n|t:|1769086882\n|switch|p2a: Trevenant|Trevenant, L91, M|240/303\n|move|p1a: Ribombee|Moonblast|p2a: Trevenant\n|-damage|p2a: Trevenant|150/303\n|\n|-heal|p1a: Ribombee|238/238 brn|[from] item: Leftovers\n|-damage|p1a: Ribombee|224/238 brn|[from] brn\n|upkeep\n|turn|47\n|\n|t:|1769086893\n|switch|p1a: Crobat|Crobat, L82, F|206/274\n|move|p2a: Trevenant|Shadow Claw|p1a: Crobat\n|-damage|p1a: Crobat|43/274\n|\n|-heal|p1a: Crobat|60/274|[from] item: Black Sludge\n|upkeep\n|turn|48\n|\n|t:|1769086914\n|switch|p2a: Sableye|Sableye, L86, F|215/226\n|move|p1a: Crobat|Brave Bird|p2a: Sableye\n|-damage|p2a: Sableye|95/226\n|-damage|p1a: Crobat|20/274|[from] Recoil\n|\n|-heal|p1a: Crobat|37/274|[from] item: Black Sludge\n|upkeep\n|turn|49\n|\n|t:|1769086920\n|move|p2a: Sableye|Recover|p2a: Sableye\n|-heal|p2a: Sableye|208/226\n|move|p1a: Crobat|Brave Bird|p2a: Sableye\n|-damage|p2a: Sableye|88/226\n|-damage|p1a: Crobat|0 fnt|[from] Recoil\n|faint|p1a: Crobat\n|\n|upkeep\n|\n|t:|1769086922\n|switch|p1a: Ribombee|Ribombee, L84, F|224/238 brn\n|turn|50\n|\n|t:|1769086927\n|move|p2a: Sableye|Recover|p2a: Sableye\n|-heal|p2a: Sableye|201/226\n|move|p1a: Ribombee|Moonblast|p2a: Sableye\n|-supereffective|p2a: Sableye\n|-damage|p2a: Sableye|0 fnt\n|faint|p2a: Sableye\n|\n|-heal|p1a: Ribombee|238/238 brn|[from] item: Leftovers\n|-damage|p1a: Ribombee|224/238 brn|[from] brn\n|upkeep\n|\n|t:|1769086934\n|switch|p2a: Trevenant|Trevenant, L91, M|150/303\n|turn|51\n|\n|t:|1769086938\n|move|p1a: Ribombee|Moonblast|p2a: Trevenant\n|-crit|p2a: Trevenant\n|-damage|p2a: Trevenant|0 fnt\n|faint|p2a: Trevenant\n|\n|win|jwsj5852\n|raw|jwsj5852's rating: 1592 &rarr; <strong>1619</strong><br />(+27 for winning)\n|raw|Kurochan3's rating: 1727 &rarr; <strong>1700</strong><br />(-27 for losing)\n|l|☆Kurochan3\n|player|p2|\n|c|☆jwsj5852|gg\n", "inputlog": ">version dd3d52b8382d73d1dd2c67730c4067df325ab790\n>start {\"formatid\":\"gen7randombattle\",\"seed\":\"sodium,e86912064f4476448b8b54067210c89c\",\"rated\":\"Rated battle\"}\n>player p1 {\"name\":\"jwsj5852\",\"avatar\":\"caitlin\",\"rating\":1592,\"seed\":\"sodium,18d66f3b28583c6e661c4dc506c754c5\"}\n>player p2 {\"name\":\"Kurochan3\",\"avatar\":\"cynthia-gen4\",\"rating\":1727,\"seed\":\"sodium,ccafc457845a8edfbafd1c1c457f7b0c\"}\n>p1 move moonblast\n>p2 switch 4\n>p1 switch 3\n>p2 move stoneedge\n>p1 switch 3\n>p2 switch 5\n>p1 switch 5\n>p2 move rockslide\n>p1 move roost\n>p2 switch 4\n>p1 switch 5\n>p2 move willowisp\n>p1 move stickyweb\n>p2 switch 5\n>p1 switch 3\n>p2 move stoneedge\n>p1 move icepunch\n>p2 switch 2\n>p1 switch 2\n>p2 move stickyweb\n>p1 move uturn\n>p2 move toxic\n>p1 switch 5\n>p1 move toxic\n>p2 switch 2\n>p1 switch 4\n>p2 move rest\n>p1 move defog\n>p2 switch 2\n>p1 move return\n>p2 move liquidation\n>p1 move return\n>p2 switch 2\n>p1 switch 5\n>p2 move drainpunch\n>p1 move scald\n>p2 switch 4\n>p1 move uturn\n>p2 move hornleech\n>p1 switch 4\n>p1 switch 2\n>p2 switch 4\n>p1 move icepunch\n>p2 switch 5\n>p1 switch 3\n>p2 move recover\n>p1 switch 4\n>p2 switch 5\n>p1 move icebeam\n>p2 switch 2\n>p1 move uturn\n>p2 move toxic\n>p1 switch 5\n>p1 move return\n>p2 switch 6\n>p1 move scald\n>p2 move shellsmash\n>p1 move scald\n>p2 move stoneedge\n>p1 switch 3\n>p2 switch 3\n>p1 move stoneedge\n>p2 switch 2\n>p1 switch 5\n>p2 move stoneedge\n>p1 move scald\n>p2 switch 2\n>p1 move icebeam\n>p2 move woodhammer\n>p2 switch 4\n>p1 move uturn\n>p2 move rockslide\n>p1 switch 6\n>p1 move icebeam\n>p2 switch 2\n>p1 move icebeam\n>p2 move drainpunch\n>p1 move icebeam\n>p2 move drainpunch\n>p1 move icebeam\n>p2 move drainpunch\n>p2 switch 2\n>p1 move protect\n>p2 move drainpunch\n>p1 switch 2\n>p2 move drainpunch\n>p1 move taunt\n>p2 switch 6\n>p1 move bravebird\n>p2 switch 5\n>p1 switch 4\n>p2 move recover\n>p1 move moonblast\n>p2 switch 5\n>p2 switch 6\n>p1 switch 5\n>p2 move hornleech\n>p1 switch 4\n>p1 switch 5\n>p2 switch 5\n>p1 move moonblast\n>p2 switch 5\n>p1 switch 5\n>p2 move shadowclaw\n>p1 move bravebird\n>p2 switch 5\n>p1 move bravebird\n>p2 move recover\n>p1 switch 5\n>p1 move moonblast\n>p2 move recover\n>p2 switch 5\n>p1 move moonblast\n>p2 move rockslide", "uploadtime": 1769086979, "views": 159, "formatid": "gen7randombattle", "rating": 1619, "private": 0, "password": null}