{"id": "gen7randombattle-2539839932", "format": "[Gen 7] Random Battle", "players": ["TKSNUTZ", "La.Hellhound"], "log": "|j|☆TKSNUTZ\n|j|‽La.Hellhound\n|t:|1771115908\n|gametype|singles\n|player|p1|TKSNUTZ|roxie|1578\n|player|p2|La.Hellhound|bruno|1613\n|gen|7\n|tier|[Gen 7] Random Battle\n|rated|\n|rule|Sleep Clause Mod: Limit one foe put to sleep\n|rule|HP Percentage Mod: HP is shown in percentages\n|rule|Illusion Level Mod: Illusion disguises the Pokémon's true level\n|\n|t:|1771115908\n|teamsize|p1|6\n|teamsize|p2|6\n|start\n|switch|p1a: Hypno|Hypno, L97, M|322/322\n|switch|p2a: Vileplume|Vileplume, L87, F|272/272\n|turn|1\n|inactive|Battle timer is ON: inactive players will automatically lose when time's up. (requested by La.Hellhound)\n|inactive|TKSNUTZ also wants the timer to be on.\n|inactive|La.Hellhound has 120 seconds left.\n|\n|t:|1771115951\n|switch|p1a: Pelipper|Pelipper, L87, F|246/246\n|-weather|RainDance|[from] ability: Drizzle|[of] p1a: Pelipper\n|move|p2a: Vileplume|Sludge Bomb|p1a: Pelipper\n|-damage|p1a: Pelipper|125/246\n|\n|-weather|RainDance|[upkeep]\n|upkeep\n|turn|2\n|\n|t:|1771115961\n|switch|p2a: Lickilicky|Lickilicky, L89, M|341/341\n|move|p1a: Pelipper|Hurricane|p2a: Lickilicky\n|-damage|p2a: Lickilicky|235/341\n|\n|-weather|RainDance|[upkeep]\n|upkeep\n|turn|3\n|\n|t:|1771115984\n|switch|p1a: Hypno|Hypno, L97, M|322/322\n|move|p2a: Lickilicky|Body Slam|p1a: Hypno\n|-damage|p1a: Hypno|229/322\n|\n|-weather|RainDance|[upkeep]\n|-heal|p1a: Hypno|249/322|[from] item: Leftovers\n|upkeep\n|turn|4\n|inactive|La.Hellhound has 120 seconds left.\n|inactive|La.Hellhound has 90 seconds left.\n|\n|t:|1771116055\n|switch|p2a: Vileplume|Vileplume, L87, F|272/272\n|move|p1a: Hypno|Seismic Toss|p2a: Vileplume\n|-damage|p2a: Vileplume|175/272\n|-status|p1a: Hypno|par|[from] ability: Effect Spore|[of] p2a: Vileplume\n|\n|-weather|RainDance|[upkeep]\n|-heal|p2a: Vileplume|192/272|[from] item: Black Sludge\n|-heal|p1a: Hypno|269/322 par|[from] item: Leftovers\n|upkeep\n|turn|5\n|inactive|TKSNUTZ has 120 seconds left.\n|\n|t:|1771116081\n|move|p2a: Vileplume|Sludge Bomb|p1a: Hypno\n|-damage|p1a: Hypno|190/322 par\n|move|p1a: Hypno|Wish|p1a: Hypno\n|\n|-weather|none\n|-heal|p2a: Vileplume|209/272|[from] item: Black Sludge\n|-heal|p1a: Hypno|210/322 par|[from] item: Leftovers\n|upkeep\n|turn|6\n|inactive|La.Hellhound has 60 seconds left.\n|\n|t:|1771116114\n|move|p2a: Vileplume|Sludge Bomb|p1a: Hypno\n|-damage|p1a: Hypno|128/322 par\n|move|p1a: Hypno|Seismic Toss|p2a: Vileplume\n|-damage|p2a: Vileplume|112/272\n|\n|-heal|p1a: Hypno|289/322 par|[from] move: Wish|[wisher] Hypno\n|-heal|p2a: Vileplume|129/272|[from] item: Black Sludge\n|-heal|p1a: Hypno|309/322 par|[from] item: Leftovers\n|upkeep\n|turn|7\n|inactive|La.Hellhound has 60 seconds left.\n|\n|t:|1771116126\n|move|p2a: Vileplume|Strength Sap|p1a: Hypno\n|-unboost|p1a: Hypno|atk|1\n|-heal|p2a: Vileplume|272/272\n|cant|p1a: Hypno|par\n|\n|-heal|p1a: Hypno|322/322 par|[from] item: Leftovers\n|upkeep\n|turn|8\n|inactive|La.Hellhound has 60 seconds left.\n|\n|t:|1771116144\n|switch|p2a: Skuntank|Skuntank, L87, M|321/321\n|move|p1a: Hypno|Seismic Toss|p2a: Skuntank\n|-damage|p2a: Skuntank|224/321\n|\n|-heal|p2a: Skuntank|244/321|[from] item: Black Sludge\n|upkeep\n|turn|9\n|inactive|La.Hellhound has 60 seconds left.\n|\n|t:|1771116170\n|switch|p1a: Avalugg|Avalugg, L90, M|317/317\n|move|p2a: Skuntank|Crunch|p1a: Avalugg\n|-damage|p1a: Avalugg|272/317\n|\n|-heal|p2a: Skuntank|264/321|[from] item: Black Sludge\n|-heal|p1a: Avalugg|291/317|[from] item: Leftovers\n|upkeep\n|turn|10\n|\n|t:|1771116179\n|switch|p2a: Milotic|Milotic, L84, F|297/297\n|move|p1a: Avalugg|Earthquake|p2a: Milotic\n|-damage|p2a: Milotic|202/297\n|\n|-heal|p2a: Milotic|220/297|[from] item: Leftovers\n|-heal|p1a: Avalugg|310/317|[from] item: Leftovers\n|upkeep\n|turn|11\n|\n|t:|1771116196\n|switch|p1a: Hypno|Hypno, L97, M|322/322 par\n|move|p2a: Milotic|Scald|p1a: Hypno\n|-damage|p1a: Hypno|256/322 par\n|\n|-heal|p2a: Milotic|238/297|[from] item: Leftovers\n|-heal|p1a: Hypno|276/322 par|[from] item: Leftovers\n|upkeep\n|turn|12\n|inactive|TKSNUTZ has 120 seconds left.\n|inactive|TKSNUTZ has 90 seconds left.\n|\n|t:|1771116271\n|switch|p2a: Skuntank|Skuntank, L87, M|264/321\n|move|p1a: Hypno|Wish|p1a: Hypno\n|\n|-heal|p2a: Skuntank|284/321|[from] item: Black Sludge\n|-heal|p1a: Hypno|296/322 par|[from] item: Leftovers\n|upkeep\n|turn|13\n|inactive|La.Hellhound has 30 seconds left.\n|\n|t:|1771116303\n|switch|p1a: Pelipper|Pelipper, L87, F|125/246\n|-weather|RainDance|[from] ability: Drizzle|[of] p1a: Pelipper\n|move|p2a: Skuntank|Poison Jab|p1a: Pelipper\n|-damage|p1a: Pelipper|43/246\n|\n|-weather|RainDance|[upkeep]\n|-heal|p1a: Pelipper|204/246|[from] move: Wish|[wisher] Hypno\n|-heal|p2a: Skuntank|304/321|[from] item: Black Sludge\n|upkeep\n|turn|14\n|inactive|La.Hellhound has 30 seconds left.\n|\n|t:|1771116319\n|move|p2a: Skuntank|Poison Jab|p1a: Pelipper\n|-damage|p1a: Pelipper|131/246\n|move|p1a: Pelipper|Hurricane|p2a: Skuntank\n|-damage|p2a: Skuntank|63/321\n|\n|-weather|RainDance|[upkeep]\n|-heal|p2a: Skuntank|83/321|[from] item: Black Sludge\n|upkeep\n|turn|15\n|inactive|La.Hellhound has 30 seconds left.\n|\n|t:|1771116328\n|switch|p2a: Goodra|Goodra, L85, M|292/292\n|move|p1a: Pelipper|Hurricane|p2a: Goodra\n|-damage|p2a: Goodra|213/292\n|\n|-weather|RainDance|[upkeep]\n|upkeep\n|turn|16\n|inactive|La.Hellhound has 30 seconds left.\n|\n|t:|1771116340\n|switch|p1a: Zangoose|Zangoose, L86, M|266/266\n|move|p2a: Goodra|Draco Meteor|p1a: Zangoose\n|-damage|p1a: Zangoose|58/266\n|-unboost|p2a: Goodra|spa|2\n|\n|-weather|RainDance|[upkeep]\n|-status|p1a: Zangoose|tox|[from] item: Toxic Orb\n|upkeep\n|turn|17\n|inactive|La.Hellhound has 30 seconds left.\n|\n|t:|1771116351\n|switch|p2a: Skuntank|Skuntank, L87, M|83/321\n|move|p1a: Zangoose|Facade|p2a: Skuntank\n|-damage|p2a: Skuntank|0 fnt\n|-damage|p1a: Zangoose|0 fnt|[from] ability: Aftermath|[of] p2a: Skuntank\n|faint|p2a: Skuntank\n|faint|p1a: Zangoose\n|\n|-weather|none\n|upkeep\n|inactive|La.Hellhound has 30 seconds left.\n|inactive|La.Hellhound has 20 seconds left.\n|inactive|La.Hellhound has 15 seconds left.\n|inactive|La.Hellhound has 10 seconds left.\n|\n|t:|1771116376\n|switch|p1a: Hypno|Hypno, L97, M|296/322 par\n|switch|p2a: Goodra|Goodra, L85, M|213/292\n|turn|18\n|inactive|La.Hellhound has 20 seconds left this turn.\n|inactive|La.Hellhound no longer wants the timer on, but the timer is staying on because tksnutz still does.\n|inactive|La.Hellhound has 15 seconds left.\n|\n|t:|1771116382\n|move|p1a: Hypno|Toxic|p2a: Goodra\n|-status|p2a: Goodra|tox\n|move|p2a: Goodra|Dragon Tail|p1a: Hypno\n|-damage|p1a: Hypno|226/322 par\n|drag|p1a: Pelipper|Pelipper, L87, F|131/246\n|-weather|RainDance|[from] ability: Drizzle|[of] p1a: Pelipper\n|\n|-weather|RainDance|[upkeep]\n|-damage|p2a: Goodra|195/292 tox|[from] psn\n|upkeep\n|turn|19\n|inactive|La.Hellhound has 25 seconds left this turn.\n|inactive|La.Hellhound has 20 seconds left.\n|inactive|La.Hellhound has 15 seconds left.\n|\n|t:|1771116396\n|switch|p1a: Hypno|Hypno, L97, M|226/322 par\n|move|p2a: Goodra|Draco Meteor|p1a: Hypno\n|-damage|p1a: Hypno|121/322 par\n|-unboost|p2a: Goodra|spa|2\n|\n|-weather|RainDance|[upkeep]\n|-heal|p1a: Hypno|141/322 par|[from] item: Leftovers\n|-damage|p2a: Goodra|159/292 tox|[from] psn\n|upkeep\n|turn|20\n|inactive|La.Hellhound has 25 seconds left this turn.\n|inactive|La.Hellhound has 20 seconds left.\n|\n|t:|1771116405\n|cant|p1a: Hypno|par\n|move|p2a: Goodra|Dragon Tail|p1a: Hypno\n|-damage|p1a: Hypno|69/322 par\n|drag|p1a: Cofagrigus|Cofagrigus, L89, M|248/248\n|\n|-weather|RainDance|[upkeep]\n|-damage|p2a: Goodra|105/292 tox|[from] psn\n|upkeep\n|turn|21\n|inactive|La.Hellhound has 30 seconds left this turn.\n|inactive|TKSNUTZ has 90 seconds left.\n|\n|t:|1771116416\n|switch|p2a: Vileplume|Vileplume, L87, F|272/272\n|move|p1a: Cofagrigus|Nasty Plot|p1a: Cofagrigus\n|-boost|p1a: Cofagrigus|spa|2\n|\n|-weather|RainDance|[upkeep]\n|upkeep\n|turn|22\n|inactive|La.Hellhound has 30 seconds left.\n|\n|t:|1771116424\n|move|p2a: Vileplume|Aromatherapy|p2a: Vileplume\n|-activate|p2a: Vileplume|move: Aromatherapy\n|-curestatus|p2: Goodra|tox|[msg]\n|move|p1a: Cofagrigus|Trick Room|p1a: Cofagrigus\n|-fieldstart|move: Trick Room|[of] p1a: Cofagrigus\n|\n|-weather|none\n|upkeep\n|turn|23\n|\n|t:|1771116435\n|move|p1a: Cofagrigus|Shadow Ball|p2a: Vileplume\n|-damage|p2a: Vileplume|91/272\n|move|p2a: Vileplume|Sludge Bomb|p1a: Cofagrigus\n|-resisted|p1a: Cofagrigus\n|-damage|p1a: Cofagrigus|203/248\n|\n|-heal|p1a: Cofagrigus|218/248|[from] item: Leftovers\n|-heal|p2a: Vileplume|108/272|[from] item: Black Sludge\n|upkeep\n|turn|24\n|\n|t:|1771116444\n|switch|p2a: Lickilicky|Lickilicky, L89, M|235/341\n|move|p1a: Cofagrigus|Shadow Ball|p2a: Lickilicky\n|-immune|p2a: Lickilicky\n|\n|-heal|p1a: Cofagrigus|233/248|[from] item: Leftovers\n|upkeep\n|turn|25\n|\n|t:|1771116452\n|switch|p2a: Vileplume|Vileplume, L87, F|108/272\n|move|p1a: Cofagrigus|Hidden Power|p2a: Vileplume\n|-resisted|p2a: Vileplume\n|-damage|p2a: Vileplume|63/272\n|\n|-heal|p1a: Cofagrigus|248/248|[from] item: Leftovers\n|-heal|p2a: Vileplume|80/272|[from] item: Black Sludge\n|upkeep\n|turn|26\n|\n|t:|1771116461\n|switch|p2a: Lickilicky|Lickilicky, L89, M|235/341\n|move|p1a: Cofagrigus|Shadow Ball|p2a: Lickilicky\n|-immune|p2a: Lickilicky\n|\n|-fieldend|move: Trick Room\n|upkeep\n|turn|27\n|\n|t:|1771116469\n|move|p2a: Lickilicky|Dragon Tail|p1a: Cofagrigus\n|-damage|p1a: Cofagrigus|221/248\n|-ability|p2a: Lickilicky|Mummy|Own Tempo|[from] ability: Mummy|[of] p1a: Cofagrigus\n|-activate|p1a: Cofagrigus|ability: Mummy|Own Tempo|[of] p2a: Lickilicky\n|drag|p1a: Mimikyu|Mimikyu, L73, M|201/201\n|\n|upkeep\n|turn|28\n|inactive|La.Hellhound has 60 seconds left.\n|inactive|TKSNUTZ has 120 seconds left.\n|\n|t:|1771116506\n|switch|p1a: Avalugg|Avalugg, L90, M|310/317\n|move|p2a: Lickilicky|Earthquake|p1a: Avalugg\n|-damage|p1a: Avalugg|273/317\n|\n|-heal|p1a: Avalugg|292/317|[from] item: Leftovers\n|upkeep\n|turn|29\n|inactive|La.Hellhound has 30 seconds left.\n|inactive|La.Hellhound has 20 seconds left.\n|inactive|La.Hellhound has 15 seconds left.\n|\n|t:|1771116556\n|switch|p2a: Milotic|Milotic, L84, F|238/297\n|move|p1a: Avalugg|Avalanche|p2a: Milotic\n|-resisted|p2a: Milotic\n|-damage|p2a: Milotic|193/297\n|\n|-heal|p2a: Milotic|211/297|[from] item: Leftovers\n|-heal|p1a: Avalugg|311/317|[from] item: Leftovers\n|upkeep\n|turn|30\n|inactive|La.Hellhound has 25 seconds left this turn.\n|inactive|TKSNUTZ has 120 seconds left.\n|inactive|La.Hellhound has 20 seconds left.\n|\n|t:|1771116565\n|move|p2a: Milotic|Toxic|p1a: Avalugg\n|-status|p1a: Avalugg|tox\n|move|p1a: Avalugg|Earthquake|p2a: Milotic\n|-damage|p2a: Milotic|106/297\n|\n|-heal|p2a: Milotic|124/297|[from] item: Leftovers\n|-heal|p1a: Avalugg|317/317 tox|[from] item: Leftovers\n|-damage|p1a: Avalugg|298/317 tox|[from] psn\n|upkeep\n|turn|31\n|inactive|La.Hellhound has 30 seconds left this turn.\n|\n|t:|1771116574\n|switch|p1a: Hypno|Hypno, L97, M|69/322 par\n|move|p2a: Milotic|Recover|p2a: Milotic\n|-heal|p2a: Milotic|273/297\n|\n|-heal|p2a: Milotic|291/297|[from] item: Leftovers\n|-heal|p1a: Hypno|89/322 par|[from] item: Leftovers\n|upkeep\n|turn|32\n|inactive|La.Hellhound has 30 seconds left.\n|\n|t:|1771116582\n|cant|p1a: Hypno|par\n|move|p2a: Milotic|Dragon Tail|p1a: Hypno\n|-damage|p1a: Hypno|57/322 par\n|drag|p1a: Mimikyu|Mimikyu, L73, M|201/201\n|\n|-heal|p2a: Milotic|297/297|[from] item: Leftovers\n|upkeep\n|turn|33\n|\n|t:|1771116592\n|move|p2a: Milotic|Toxic|p1a: Mimikyu\n|-status|p1a: Mimikyu|tox\n|move|p1a: Mimikyu|Swords Dance|p1a: Mimikyu\n|-boost|p1a: Mimikyu|atk|2\n|\n|-damage|p1a: Mimikyu|189/201 tox|[from] psn\n|upkeep\n|turn|34\n|\n|t:|1771116600\n|move|p2a: Milotic|Scald|p1a: Mimikyu\n|-activate|p1a: Mimikyu|ability: Disguise\n|-damage|p1a: Mimikyu|189/201 tox\n|detailschange|p1a: Mimikyu|Mimikyu-Busted, L73, M\n|-zpower|p1a: Mimikyu\n|move|p1a: Mimikyu|Let's Snuggle Forever|p2a: Milotic|[zeffect]\n|-damage|p2a: Milotic|0 fnt\n|faint|p2a: Milotic\n|\n|-damage|p1a: Mimikyu|165/201 tox|[from] psn\n|upkeep\n|inactive|La.Hellhound has 30 seconds left.\n|\n|t:|1771116622\n|switch|p2a: Houndoom|Houndoom, L80, F|251/251\n|turn|35\n|inactive|La.Hellhound has 30 seconds left.\n|\n|t:|1771116630\n|switch|p2a: Vileplume|Vileplume, L87, F|80/272\n|move|p1a: Mimikyu|Drain Punch|p2a: Vileplume\n|-resisted|p2a: Vileplume\n|-damage|p2a: Vileplume|45/272\n|-heal|p1a: Mimikyu|183/201 tox|[from] drain|[of] p2a: Vileplume\n|\n|-heal|p2a: Vileplume|62/272|[from] item: Black Sludge\n|-damage|p1a: Mimikyu|147/201 tox|[from] psn\n|upkeep\n|turn|36\n|inactive|La.Hellhound has 30 seconds left.\n|\n|t:|1771116649\n|switch|p2a: Lickilicky|Lickilicky, L89, M|235/341\n|move|p1a: Mimikyu|Shadow Sneak|p2a: Lickilicky\n|-immune|p2a: Lickilicky\n|\n|-damage|p1a: Mimikyu|99/201 tox|[from] psn\n|upkeep\n|turn|37\n|inactive|La.Hellhound has 30 seconds left.\n|\n|t:|1771116655\n|switch|p2a: Vileplume|Vileplume, L87, F|62/272\n|move|p1a: Mimikyu|Play Rough|p2a: Vileplume\n|-resisted|p2a: Vileplume\n|-damage|p2a: Vileplume|0 fnt\n|faint|p2a: Vileplume\n|\n|-damage|p1a: Mimikyu|39/201 tox|[from] psn\n|upkeep\n|inactive|La.Hellhound has 30 seconds left.\n|\n|t:|1771116665\n|switch|p2a: Houndoom|Houndoom, L80, F|251/251\n|turn|38\n|\n|t:|1771116669\n|detailschange|p2a: Houndoom|Houndoom-Mega, L80, F\n|-mega|p2a: Houndoom|Houndoom|Houndoominite\n|move|p1a: Mimikyu|Shadow Sneak|p2a: Houndoom\n|-resisted|p2a: Houndoom\n|-crit|p2a: Houndoom\n|-damage|p2a: Houndoom|201/251\n|move|p2a: Houndoom|Dark Pulse|p1a: Mimikyu\n|-damage|p1a: Mimikyu|0 fnt\n|faint|p1a: Mimikyu\n|detailschange|p1: Mimikyu|Mimikyu, L73, M|[silent]\n|\n|upkeep\n|\n|t:|1771116682\n|switch|p1a: Pelipper|Pelipper, L87, F|131/246\n|-weather|RainDance|[from] ability: Drizzle|[of] p1a: Pelipper\n|turn|39\n|\n|t:|1771116690\n|switch|p2a: Lickilicky|Lickilicky, L89, M|235/341\n|move|p1a: Pelipper|Scald|p2a: Lickilicky\n|-damage|p2a: Lickilicky|121/341\n|\n|-weather|RainDance|[upkeep]\n|upkeep\n|turn|40\n|inactive|La.Hellhound has 60 seconds left.\n|\n|t:|1771116706\n|switch|p1a: Avalugg|Avalugg, L90, M|298/317 tox\n|move|p2a: Lickilicky|Body Slam|p1a: Avalugg\n|-damage|p1a: Avalugg|253/317 tox\n|\n|-weather|RainDance|[upkeep]\n|-heal|p1a: Avalugg|272/317 tox|[from] item: Leftovers\n|-damage|p1a: Avalugg|253/317 tox|[from] psn\n|upkeep\n|turn|41\n|inactive|La.Hellhound has 60 seconds left.\n|\n|t:|1771116728\n|move|p2a: Lickilicky|Body Slam|p1a: Avalugg\n|-damage|p1a: Avalugg|208/317 tox\n|move|p1a: Avalugg|Earthquake|p2a: Lickilicky\n|-damage|p2a: Lickilicky|41/341\n|\n|-weather|RainDance|[upkeep]\n|-heal|p1a: Avalugg|227/317 tox|[from] item: Leftovers\n|-damage|p1a: Avalugg|189/317 tox|[from] psn\n|upkeep\n|turn|42\n|\n|t:|1771116741\n|move|p2a: Lickilicky|Body Slam|p1a: Avalugg\n|-damage|p1a: Avalugg|141/317 tox\n|move|p1a: Avalugg|Earthquake|p2a: Lickilicky\n|-damage|p2a: Lickilicky|0 fnt\n|faint|p2a: Lickilicky\n|\n|-weather|RainDance|[upkeep]\n|-heal|p1a: Avalugg|160/317 tox|[from] item: Leftovers\n|-damage|p1a: Avalugg|103/317 tox|[from] psn\n|upkeep\n|\n|t:|1771116753\n|switch|p2a: Goodra|Goodra, L85, M|105/292\n|turn|43\n|\n|t:|1771116757\n|move|p2a: Goodra|Fire Blast|p1a: Avalugg\n|-supereffective|p1a: Avalugg\n|-damage|p1a: Avalugg|0 fnt\n|faint|p1a: Avalugg\n|\n|-weather|none\n|upkeep\n|\n|t:|1771116763\n|switch|p1a: Cofagrigus|Cofagrigus, L89, M|221/248\n|turn|44\n|\n|t:|1771116775\n|move|p1a: Cofagrigus|Shadow Ball|p2a: Goodra\n|-damage|p2a: Goodra|65/292\n|move|p2a: Goodra|Dragon Tail|p1a: Cofagrigus\n|-damage|p1a: Cofagrigus|176/248\n|-ability|p2a: Goodra|Mummy|Sap Sipper|[from] ability: Mummy|[of] p1a: Cofagrigus\n|-activate|p1a: Cofagrigus|ability: Mummy|Sap Sipper|[of] p2a: Goodra\n|drag|p1a: Hypno|Hypno, L97, M|57/322 par\n|\n|-heal|p1a: Hypno|77/322 par|[from] item: Leftovers\n|upkeep\n|turn|45\n|inactive|La.Hellhound has 60 seconds left.\n|\n|t:|1771116793\n|cant|p1a: Hypno|par\n|move|p2a: Goodra|Dragon Tail|p1a: Hypno\n|-damage|p1a: Hypno|5/322 par\n|drag|p1a: Pelipper|Pelipper, L87, F|131/246\n|-weather|RainDance|[from] ability: Drizzle|[of] p1a: Pelipper\n|\n|-weather|RainDance|[upkeep]\n|upkeep\n|turn|46\n|\n|t:|1771116801\n|move|p2a: Goodra|Draco Meteor|p1a: Pelipper\n|-damage|p1a: Pelipper|0 fnt\n|-unboost|p2a: Goodra|spa|2\n|faint|p1a: Pelipper\n|\n|-weather|RainDance|[upkeep]\n|upkeep\n|\n|t:|1771116804\n|switch|p1a: Cofagrigus|Cofagrigus, L89, M|176/248\n|turn|47\n|\n|t:|1771116811\n|switch|p1a: Hypno|Hypno, L97, M|5/322 par\n|move|p2a: Goodra|Dragon Tail|p1a: Hypno\n|-damage|p1a: Hypno|0 fnt\n|faint|p1a: Hypno\n|\n|-weather|RainDance|[upkeep]\n|upkeep\n|\n|t:|1771116812\n|switch|p1a: Cofagrigus|Cofagrigus, L89, M|176/248\n|turn|48\n|\n|t:|1771116822\n|switch|p2a: Houndoom|Houndoom-Mega, L80, F|201/251\n|move|p1a: Cofagrigus|Nasty Plot|p1a: Cofagrigus\n|-boost|p1a: Cofagrigus|spa|2\n|\n|-weather|RainDance|[upkeep]\n|-heal|p1a: Cofagrigus|191/248|[from] item: Leftovers\n|upkeep\n|turn|49\n|inactive|La.Hellhound has 90 seconds left.\n|\n|t:|1771116829\n|move|p2a: Houndoom|Dark Pulse|p1a: Cofagrigus\n|-supereffective|p1a: Cofagrigus\n|-damage|p1a: Cofagrigus|15/248\n|move|p1a: Cofagrigus|Trick Room|p1a: Cofagrigus\n|-fieldstart|move: Trick Room|[of] p1a: Cofagrigus\n|\n|-weather|none\n|-heal|p1a: Cofagrigus|30/248|[from] item: Leftovers\n|upkeep\n|turn|50\n|\n|t:|1771116837\n|move|p1a: Cofagrigus|Hidden Power|p2a: Houndoom\n|-supereffective|p2a: Houndoom\n|-damage|p2a: Houndoom|3/251\n|move|p2a: Houndoom|Dark Pulse|p1a: Cofagrigus\n|-supereffective|p1a: Cofagrigus\n|-damage|p1a: Cofagrigus|0 fnt\n|faint|p1a: Cofagrigus\n|\n|win|La.Hellhound\n|raw|TKSNUTZ's rating: 1578 &rarr; <strong>1560</strong><br />(-18 for losing)\n|raw|La.Hellhound's rating: 1613 &rarr; <strong>1631</strong><br />(+18 for winning)\n", "inputlog": ">version ccdc32dd7cde25fd9e4bed64820e885f66e78a4e\n>start {\"formatid\":\"gen7randombattle\",\"seed\":\"sodium,db7bced1238f18c1804b5c3ed425cf3e\",\"rated\":\"Rated battle\"}\n>player p1 {\"name\":\"TKSNUTZ\",\"avatar\":\"roxie\",\"rating\":1578,\"seed\":\"sodium,e26450e0adce8a8b116c9cf9739a8654\"}\n>player p2 {\"name\":\"La.Hellhound\",\"avatar\":\"bruno\",\"rating\":1613,\"seed\":\"sodium,dca3f6056609a3a811744fe4c772d16b\"}\n>p1 switch 3\n>p2 move sludgebomb\n>p1 move hurricane\n>p2 switch 4\n>p1 switch 3\n>p2 move bodyslam\n>p1 move seismictoss\n>p2 switch 4\n>p1 move wish\n>p2 move sludgebomb\n>p1 move seismictoss\n>p2 move sludgebomb\n>p1 move seismictoss\n>p2 move strengthsap\n>p1 move seismictoss\n>p2 switch 5\n>p1 switch 5\n>p2 move crunch\n>p1 move earthquake\n>p2 switch 6\n>p1 switch 5\n>p2 move scald\n>p1 move wish\n>p2 switch 6\n>p1 switch 3\n>p2 move poisonjab\n>p1 move hurricane\n>p2 move poisonjab\n>p1 move hurricane\n>p2 switch 2\n>p1 switch 6\n>p2 move dracometeor\n>p1 move facade\n>p2 switch 2\n>p1 switch 3\n>p2 switch 2\n>p1 move toxic\n>p2 move dragontail\n>p1 switch 6\n>p2 move dracometeor\n>p1 move wish\n>p2 move dragontail\n>p1 move nastyplot\n>p2 switch 5\n>p1 move trickroom\n>p2 move aromatherapy\n>p1 move shadowball\n>p2 move sludgebomb\n>p1 move shadowball\n>p2 switch 4\n>p1 move hiddenpower\n>p2 switch 4\n>p1 move shadowball\n>p2 switch 4\n>p1 move trickroom\n>p2 move dragontail\n>p1 switch 5\n>p2 move earthquake\n>p1 move avalanche\n>p2 switch 6\n>p1 move earthquake\n>p2 move toxic\n>p1 switch 4\n>p2 move recover\n>p1 move wish\n>p2 move dragontail\n>p1 move swordsdance\n>p2 move toxic\n>p1 move playrough zmove\n>p2 move scald\n>p2 switch 3\n>p1 move drainpunch\n>p2 switch 4\n>p1 move shadowsneak\n>p2 switch 6\n>p1 move playrough\n>p2 switch 6\n>p2 switch 4\n>p1 move shadowsneak\n>p2 move darkpulse mega\n>p1 switch 6\n>p1 move scald\n>p2 switch 6\n>p1 switch 4\n>p2 move bodyslam\n>p1 move earthquake\n>p2 move bodyslam\n>p1 move earthquake\n>p2 move bodyslam\n>p2 switch 5\n>p1 move avalanche\n>p2 move fireblast\n>p1 switch 2\n>p1 move shadowball\n>p2 move dragontail\n>p1 move protect\n>p2 move dragontail\n>p1 move hurricane\n>p2 move dracometeor\n>p1 switch 5\n>p1 switch 4\n>p2 move dragontail\n>p1 switch 4\n>p1 move nastyplot\n>p2 switch 6\n>p1 move trickroom\n>p2 move darkpulse\n>p1 move hiddenpower\n>p2 move darkpulse", "uploadtime": 1771116844, "views": 108, "formatid": "gen7randombattle", "rating": 1560, "private": 0, "password": null}