{"id": "gen7randombattle-2535890047", "format": "[Gen 7] Random Battle", "players": ["KingKong619", "may/gen3"], "log": "|j|☆KingKong619\n|j|☆may/gen3\n|t:|1770627561\n|gametype|singles\n|player|p1|KingKong619|101|1717\n|player|p2|may/gen3|may|1714\n|gen|7\n|tier|[Gen 7] Random Battle\n|rated|\n|rule|Sleep Clause Mod: Limit one foe put to sleep\n|rule|HP Percentage Mod: HP is shown in percentages\n|rule|Illusion Level Mod: Illusion disguises the Pokémon's true level\n|\n|t:|1770627561\n|teamsize|p1|6\n|teamsize|p2|6\n|start\n|switch|p1a: Slurpuff|Slurpuff, L79, M|258/258\n|switch|p2a: Weavile|Weavile, L79, M|239/239\n|turn|1\n|inactive|Battle timer is ON: inactive players will automatically lose when time's up. (requested by may/gen3)\n|\n|t:|1770627572\n|move|p2a: Weavile|Knock Off|p1a: Slurpuff\n|-resisted|p1a: Slurpuff\n|-damage|p1a: Slurpuff|171/258\n|-enditem|p1a: Slurpuff|Sitrus Berry|[from] move: Knock Off|[of] p2a: Weavile\n|move|p1a: Slurpuff|Drain Punch|p2a: Weavile\n|-supereffective|p2a: Weavile\n|-damage|p2a: Weavile|27/239\n|-heal|p1a: Slurpuff|258/258|[from] drain|[of] p2a: Weavile\n|\n|upkeep\n|turn|2\n|\n|t:|1770627582\n|switch|p2a: Magnezone|Magnezone, L84|255/255\n|move|p1a: Slurpuff|Drain Punch|p2a: Magnezone\n|-supereffective|p2a: Magnezone\n|-crit|p2a: Magnezone\n|-damage|p2a: Magnezone|149/255\n|\n|upkeep\n|turn|3\n|\n|t:|1770627586\n|move|p1a: Slurpuff|Drain Punch|p2a: Magnezone\n|-supereffective|p2a: Magnezone\n|-damage|p2a: Magnezone|85/255\n|move|p2a: Magnezone|Flash Cannon|p1a: Slurpuff\n|-supereffective|p1a: Slurpuff\n|-damage|p1a: Slurpuff|0 fnt\n|faint|p1a: Slurpuff\n|\n|upkeep\n|\n|t:|1770627602\n|switch|p1a: Whiscash|Whiscash, L89, F|341/341\n|turn|4\n|\n|t:|1770627606\n|switch|p2a: Quagsire|Quagsire, L87, F|307/307\n|move|p1a: Whiscash|Earthquake|p2a: Quagsire\n|-damage|p2a: Quagsire|210/307\n|\n|-heal|p2a: Quagsire|229/307|[from] item: Leftovers\n|upkeep\n|turn|5\n|\n|t:|1770627610\n|move|p1a: Whiscash|Toxic|p2a: Quagsire\n|-status|p2a: Quagsire|tox\n|move|p2a: Quagsire|Toxic|p1a: Whiscash\n|-status|p1a: Whiscash|tox\n|\n|-heal|p2a: Quagsire|248/307 tox|[from] item: Leftovers\n|-damage|p1a: Whiscash|320/341 tox|[from] psn\n|-damage|p2a: Quagsire|229/307 tox|[from] psn\n|upkeep\n|turn|6\n|\n|t:|1770627616\n|switch|p1a: Parasect|Parasect, L99, M|279/279\n|switch|p2a: Komala|Komala, L88, F|258/258\n|-ability|p2a: Komala|Comatose\n|\n|upkeep\n|turn|7\n|\n|t:|1770627618\n|move|p2a: Komala|Return|p1a: Parasect\n|-damage|p1a: Parasect|84/279\n|move|p1a: Parasect|Knock Off|p2a: Komala\n|-damage|p2a: Komala|145/258\n|-enditem|p2a: Komala|Choice Band|[from] move: Knock Off|[of] p1a: Parasect\n|\n|-heal|p1a: Parasect|101/279|[from] item: Leftovers\n|upkeep\n|turn|8\n|\n|t:|1770627623\n|move|p2a: Komala|Return|p1a: Parasect\n|-damage|p1a: Parasect|0 fnt\n|faint|p1a: Parasect\n|\n|upkeep\n|\n|t:|1770627627\n|switch|p1a: Zapdos|Zapdos, L79|272/272\n|turn|9\n|\n|t:|1770627630\n|switch|p2a: Quagsire|Quagsire, L87, F|229/307 tox\n|move|p1a: Zapdos|Discharge|p2a: Quagsire\n|-immune|p2a: Quagsire\n|\n|-heal|p2a: Quagsire|248/307 tox|[from] item: Leftovers\n|-damage|p2a: Quagsire|229/307 tox|[from] psn\n|upkeep\n|turn|10\n|\n|t:|1770627633\n|switch|p1a: Whiscash|Whiscash, L89, F|320/341 tox\n|move|p2a: Quagsire|Scald|p1a: Whiscash\n|-damage|p1a: Whiscash|241/341 tox\n|\n|-heal|p1a: Whiscash|262/341 tox|[from] item: Leftovers\n|-heal|p2a: Quagsire|248/307 tox|[from] item: Leftovers\n|-damage|p1a: Whiscash|241/341 tox|[from] psn\n|-damage|p2a: Quagsire|210/307 tox|[from] psn\n|upkeep\n|turn|11\n|\n|t:|1770627642\n|switch|p2a: Latias|Latias, L79, F|256/256\n|move|p1a: Whiscash|Earthquake|p2a: Latias\n|-immune|p2a: Latias|[from] ability: Levitate\n|\n|-heal|p1a: Whiscash|262/341 tox|[from] item: Leftovers\n|-damage|p1a: Whiscash|220/341 tox|[from] psn\n|upkeep\n|turn|12\n|\n|t:|1770627647\n|switch|p1a: Camerupt|Camerupt, L88, M|266/266\n|move|p2a: Latias|Calm Mind|p2a: Latias\n|-boost|p2a: Latias|spa|1\n|-boost|p2a: Latias|spd|1\n|\n|upkeep\n|turn|13\n|\n|t:|1770627651\n|detailschange|p1a: Camerupt|Camerupt-Mega, L88, M\n|-mega|p1a: Camerupt|Camerupt|Cameruptite\n|move|p2a: Latias|Calm Mind|p2a: Latias\n|-boost|p2a: Latias|spa|1\n|-boost|p2a: Latias|spd|1\n|move|p1a: Camerupt|Toxic|p2a: Latias|[miss]\n|-miss|p1a: Camerupt|p2a: Latias\n|\n|upkeep\n|turn|14\n|j| wowowd\n|\n|t:|1770627655\n|-zpower|p2a: Latias\n|move|p2a: Latias|Devastating Drake|p1a: Camerupt|[zeffect]\n|-damage|p1a: Camerupt|0 fnt\n|faint|p1a: Camerupt\n|detailschange|p1: Camerupt|Camerupt, L88, M|[silent]\n|\n|upkeep\n|\n|t:|1770627657\n|switch|p1a: Whiscash|Whiscash, L89, F|220/341 tox\n|turn|15\n|\n|t:|1770627661\n|move|p2a: Latias|Psyshock|p1a: Whiscash\n|-damage|p1a: Whiscash|49/341 tox\n|move|p1a: Whiscash|Toxic|p2a: Latias\n|-status|p2a: Latias|tox\n|\n|-heal|p1a: Whiscash|70/341 tox|[from] item: Leftovers\n|-damage|p2a: Latias|240/256 tox|[from] psn\n|-damage|p1a: Whiscash|49/341 tox|[from] psn\n|upkeep\n|turn|16\n|\n|t:|1770627664\n|move|p1a: Whiscash|Protect|p1a: Whiscash\n|-singleturn|p1a: Whiscash|Protect\n|move|p2a: Latias|Psyshock|p1a: Whiscash\n|-activate|p1a: Whiscash|move: Protect\n|\n|-heal|p1a: Whiscash|70/341 tox|[from] item: Leftovers\n|-damage|p2a: Latias|208/256 tox|[from] psn\n|-damage|p1a: Whiscash|28/341 tox|[from] psn\n|upkeep\n|turn|17\n|\n|t:|1770627666\n|move|p1a: Whiscash|Protect||[still]\n|-fail|p1a: Whiscash\n|move|p2a: Latias|Psyshock|p1a: Whiscash\n|-crit|p1a: Whiscash\n|-damage|p1a: Whiscash|0 fnt\n|faint|p1a: Whiscash\n|\n|-damage|p2a: Latias|160/256 tox|[from] psn\n|upkeep\n|\n|t:|1770627668\n|switch|p1a: Tornadus|Tornadus-Therian, L80, M|258/258\n|turn|18\n|\n|t:|1770627670\n|move|p1a: Tornadus|U-turn|p2a: Latias\n|-supereffective|p2a: Latias\n|-damage|p2a: Latias|58/256 tox\n|\n|t:|1770627673\n|switch|p1a: Zapdos|Zapdos, L79|272/272|[from] U-turn\n|move|p2a: Latias|Draco Meteor|p1a: Zapdos\n|-damage|p1a: Zapdos|0 fnt\n|-unboost|p2a: Latias|spa|2\n|faint|p1a: Zapdos\n|\n|-damage|p2a: Latias|0 fnt|[from] psn\n|faint|p2a: Latias\n|upkeep\n|\n|t:|1770627677\n|switch|p2a: Weavile|Weavile, L79, M|27/239\n|switch|p1a: Tornadus|Tornadus-Therian, L80, M|258/258\n|turn|19\n|\n|t:|1770627680\n|move|p2a: Weavile|Icicle Crash|p1a: Tornadus\n|-supereffective|p1a: Tornadus\n|-damage|p1a: Tornadus|0 fnt\n|faint|p1a: Tornadus\n|\n|win|may/gen3\n|raw|KingKong619's rating: 1727 &rarr; <strong>1706</strong><br />(-21 for losing)\n|raw|may&#x2f;gen3's rating: 1714 &rarr; <strong>1735</strong><br />(+21 for winning)\n|l|☆KingKong619\n|player|p1|\n", "inputlog": ">version ccdc32dd7cde25fd9e4bed64820e885f66e78a4e\n>start {\"formatid\":\"gen7randombattle\",\"seed\":\"sodium,e226624a840423e0586ae0c6c6f269d6\",\"rated\":\"Rated battle\"}\n>player p1 {\"name\":\"KingKong619\",\"avatar\":\"101\",\"rating\":1717,\"seed\":\"sodium,977a95a3eb010a423ebcc4c1b9b62030\"}\n>player p2 {\"name\":\"may/gen3\",\"avatar\":\"may\",\"rating\":1714,\"seed\":\"sodium,295da42056aab8047076bfcc650923c2\"}\n>p1 move drainpunch\n>p2 move knockoff\n>p1 move drainpunch\n>p2 switch 4\n>p1 move drainpunch\n>p2 move flashcannon\n>p1 switch 4\n>p1 move earthquake\n>p2 switch 6\n>p1 move toxic\n>p2 move toxic\n>p1 switch 5\n>p2 switch 2\n>p1 move knockoff\n>p2 move return\n>p1 move leechlife\n>p2 move return\n>p1 switch 2\n>p1 move discharge\n>p2 switch 2\n>p1 switch 5\n>p2 move scald\n>p1 move earthquake\n>p2 switch 3\n>p1 switch 6\n>p2 move calmmind\n>p1 move toxic mega\n>p2 move calmmind\n>p1 move toxic\n>p2 move dracometeor zmove\n>p1 switch 6\n>p1 move toxic\n>p2 move psyshock\n>p1 move protect\n>p2 move psyshock\n>p1 move protect\n>p2 move psyshock\n>p1 switch 3\n>p1 move uturn\n>p2 move dracometeor\n>p1 switch 5\n>p1 switch 5\n>p2 switch 4\n>p1 move uturn\n>p2 move iciclecrash", "uploadtime": 1770627687, "views": 191, "formatid": "gen7randombattle", "rating": 1706, "private": 0, "password": null}