{"id": "gen7randombattle-2527438017", "format": "[Gen 7] Random Battle", "players": ["MimikyuTrainerAsh", "sank3"], "log": "|j|☆MimikyuTrainerAsh\n|j|☆sank3\n|t:|1769538363\n|gametype|singles\n|player|p1|MimikyuTrainerAsh|pokekid|1628\n|player|p2|sank3|unknownf|1657\n|gen|7\n|tier|[Gen 7] Random Battle\n|rated|\n|rule|Sleep Clause Mod: Limit one foe put to sleep\n|rule|HP Percentage Mod: HP is shown in percentages\n|rule|Illusion Level Mod: Illusion disguises the Pokémon's true level\n|\n|t:|1769538363\n|teamsize|p1|6\n|teamsize|p2|6\n|start\n|switch|p1a: Braviary|Braviary, L83, M|302/302\n|switch|p2a: Cinccino|Cinccino, L84, M|263/263\n|turn|1\n|inactive|Battle timer is ON: inactive players will automatically lose when time's up. (requested by MimikyuTrainerAsh)\n|\n|t:|1769538372\n|move|p2a: Cinccino|Rock Blast|p1a: Braviary\n|-supereffective|p1a: Braviary\n|-damage|p1a: Braviary|244/302\n|-supereffective|p1a: Braviary\n|-damage|p1a: Braviary|184/302\n|-supereffective|p1a: Braviary\n|-damage|p1a: Braviary|128/302\n|-supereffective|p1a: Braviary\n|-damage|p1a: Braviary|64/302\n|-supereffective|p1a: Braviary\n|-damage|p1a: Braviary|0 fnt\n|faint|p1a: Braviary\n|-hitcount|p1: Braviary|5\n|\n|upkeep\n|\n|t:|1769538379\n|switch|p1a: Dusknoir|Dusknoir, L89, M|225/225\n|-ability|p1a: Dusknoir|Pressure\n|turn|2\n|\n|t:|1769538384\n|switch|p2a: Darmanitan|Darmanitan, L82, M|306/306\n|move|p1a: Dusknoir|Will-O-Wisp|p2a: Darmanitan\n|-immune|p2a: Darmanitan\n|\n|upkeep\n|turn|3\n|\n|t:|1769538388\n|move|p2a: Darmanitan|Flare Blitz|p1a: Dusknoir\n|-damage|p1a: Dusknoir|46/225\n|-damage|p2a: Darmanitan|247/306|[from] Recoil\n|move|p1a: Dusknoir|Earthquake|p2a: Darmanitan\n|-supereffective|p2a: Darmanitan\n|-damage|p2a: Darmanitan|15/306\n|\n|-heal|p1a: Dusknoir|60/225|[from] item: Leftovers\n|upkeep\n|turn|4\n|\n|t:|1769538394\n|switch|p1a: Flareon|Flareon, L88, M|258/258\n|move|p2a: Darmanitan|Flare Blitz|p1a: Flareon\n|-resisted|p1a: Flareon\n|-damage|p1a: Flareon|99/258\n|-damage|p2a: Darmanitan|0 fnt|[from] Recoil\n|faint|p2a: Darmanitan\n|\n|-status|p1a: Flareon|tox|[from] item: Toxic Orb\n|upkeep\n|\n|t:|1769538399\n|switch|p2a: Cinccino|Cinccino, L84, M|263/263\n|turn|5\n|c|☆MimikyuTrainerAsh|oh fucking brother\n|\n|t:|1769538408\n|switch|p1a: Sandslash|Sandslash-Alola, L91, F|284/284\n|move|p2a: Cinccino|Rock Blast|p1a: Sandslash\n|-damage|p1a: Sandslash|265/284\n|-damage|p1a: Sandslash|245/284\n|-damage|p1a: Sandslash|223/284\n|-damage|p1a: Sandslash|201/284\n|-damage|p1a: Sandslash|182/284\n|-hitcount|p1a: Sandslash|5\n|\n|-heal|p1a: Sandslash|199/284|[from] item: Leftovers\n|upkeep\n|turn|6\n|\n|t:|1769538415\n|switch|p2a: Escavalier|Escavalier, L85, M|258/258\n|move|p1a: Sandslash|Knock Off|p2a: Escavalier\n|-damage|p2a: Escavalier|189/258\n|-enditem|p2a: Escavalier|Leftovers|[from] move: Knock Off|[of] p1a: Sandslash\n|\n|-heal|p1a: Sandslash|216/284|[from] item: Leftovers\n|upkeep\n|turn|7\n|\n|t:|1769538425\n|switch|p1a: Flareon|Flareon, L88, M|99/258 tox\n|move|p2a: Escavalier|Drill Run|p1a: Flareon\n|-supereffective|p1a: Flareon\n|-crit|p1a: Flareon\n|-damage|p1a: Flareon|0 fnt\n|faint|p1a: Flareon\n|\n|upkeep\n|\n|t:|1769538428\n|switch|p1a: Dusknoir|Dusknoir, L89, M|60/225\n|-ability|p1a: Dusknoir|Pressure\n|turn|8\n|\n|t:|1769538430\n|move|p1a: Dusknoir|Pain Split|p2a: Escavalier\n|-sethp|p2a: Escavalier|124/258|[from] move: Pain Split|[silent]\n|-sethp|p1a: Dusknoir|124/225|[from] move: Pain Split\n|move|p2a: Escavalier|Iron Head|p1a: Dusknoir\n|-damage|p1a: Dusknoir|46/225\n|\n|-heal|p1a: Dusknoir|60/225|[from] item: Leftovers\n|upkeep\n|turn|9\n|\n|t:|1769538434\n|move|p1a: Dusknoir|Will-O-Wisp|p2a: Escavalier\n|-status|p2a: Escavalier|brn\n|move|p2a: Escavalier|Iron Head|p1a: Dusknoir\n|-damage|p1a: Dusknoir|21/225\n|\n|-heal|p1a: Dusknoir|35/225|[from] item: Leftovers\n|-damage|p2a: Escavalier|108/258 brn|[from] brn\n|upkeep\n|turn|10\n|\n|t:|1769538436\n|move|p1a: Dusknoir|Pain Split|p2a: Escavalier\n|-sethp|p2a: Escavalier|71/258 brn|[from] move: Pain Split|[silent]\n|-sethp|p1a: Dusknoir|71/225|[from] move: Pain Split\n|move|p2a: Escavalier|Swords Dance|p2a: Escavalier\n|-boost|p2a: Escavalier|atk|2\n|\n|-heal|p1a: Dusknoir|85/225|[from] item: Leftovers\n|-damage|p2a: Escavalier|55/258 brn|[from] brn\n|upkeep\n|turn|11\n|\n|t:|1769538439\n|move|p1a: Dusknoir|Earthquake|p2a: Escavalier\n|-damage|p2a: Escavalier|0 fnt\n|faint|p2a: Escavalier\n|\n|-heal|p1a: Dusknoir|99/225|[from] item: Leftovers\n|upkeep\n|\n|t:|1769538448\n|switch|p2a: Espeon|Espeon, L83, M|244/244\n|turn|12\n|\n|t:|1769538456\n|switch|p1a: Mismagius|Mismagius, L87, F|246/246\n|move|p2a: Espeon|Shadow Ball|p1a: Mismagius\n|-supereffective|p1a: Mismagius\n|-damage|p1a: Mismagius|64/246\n|\n|upkeep\n|turn|13\n|\n|t:|1769538463\n|switch|p2a: Cinccino|Cinccino, L84, M|263/263\n|move|p1a: Mismagius|Dazzling Gleam|p2a: Cinccino\n|-damage|p2a: Cinccino|134/263\n|\n|upkeep\n|turn|14\n|\n|t:|1769538467\n|move|p2a: Cinccino|Bullet Seed|p1a: Mismagius\n|-damage|p1a: Mismagius|33/246\n|-damage|p1a: Mismagius|0 fnt\n|faint|p1a: Mismagius\n|-hitcount|p1: Mismagius|2\n|\n|upkeep\n|\n|t:|1769538470\n|switch|p1a: Sandslash|Sandslash-Alola, L91, F|216/284\n|turn|15\n|\n|t:|1769538474\n|switch|p2a: Armaldo|Armaldo, L89, F|278/278\n|move|p1a: Sandslash|Knock Off|p2a: Armaldo\n|-damage|p2a: Armaldo|210/278\n|-enditem|p2a: Armaldo|Assault Vest|[from] move: Knock Off|[of] p1a: Sandslash\n|\n|-heal|p1a: Sandslash|233/284|[from] item: Leftovers\n|upkeep\n|turn|16\n|\n|t:|1769538478\n|move|p1a: Sandslash|Knock Off|p2a: Armaldo\n|-damage|p2a: Armaldo|166/278\n|move|p2a: Armaldo|Stone Edge|p1a: Sandslash\n|-crit|p1a: Sandslash\n|-damage|p1a: Sandslash|68/284\n|\n|-heal|p1a: Sandslash|85/284|[from] item: Leftovers\n|upkeep\n|turn|17\n|\n|t:|1769538484\n|move|p1a: Sandslash|Iron Head|p2a: Armaldo\n|-supereffective|p2a: Armaldo\n|-damage|p2a: Armaldo|0 fnt\n|faint|p2a: Armaldo\n|\n|-heal|p1a: Sandslash|102/284|[from] item: Leftovers\n|upkeep\n|\n|t:|1769538491\n|switch|p2a: Espeon|Espeon, L83, M|244/244\n|turn|18\n|\n|t:|1769538495\n|switch|p1a: Dusknoir|Dusknoir, L89, M|99/225\n|-ability|p1a: Dusknoir|Pressure\n|move|p2a: Espeon|Shadow Ball|p1a: Dusknoir\n|-supereffective|p1a: Dusknoir\n|-damage|p1a: Dusknoir|0 fnt\n|faint|p1a: Dusknoir\n|\n|upkeep\n|\n|t:|1769538497\n|switch|p1a: Deoxys|Deoxys-Speed, L81|214/214\n|-ability|p1a: Deoxys|Pressure\n|turn|19\n|\n|t:|1769538501\n|move|p1a: Deoxys|Dark Pulse|p2a: Espeon\n|-supereffective|p2a: Espeon\n|-damage|p2a: Espeon|152/244\n|cant|p2a: Espeon|flinch\n|\n|upkeep\n|turn|20\n|\n|t:|1769538503\n|move|p1a: Deoxys|Dark Pulse|p2a: Espeon\n|-supereffective|p2a: Espeon\n|-crit|p2a: Espeon\n|-damage|p2a: Espeon|0 fnt\n|faint|p2a: Espeon\n|\n|upkeep\n|\n|t:|1769538509\n|switch|p2a: Deoxys|Deoxys-Attack, L72|191/191\n|-ability|p2a: Deoxys|Pressure\n|turn|21\n|\n|t:|1769538513\n|switch|p1a: Sandslash|Sandslash-Alola, L91, F|102/284\n|move|p2a: Deoxys|Knock Off|p1a: Sandslash\n|-damage|p1a: Sandslash|19/284\n|-enditem|p1a: Sandslash|Leftovers|[from] move: Knock Off|[of] p2a: Deoxys\n|-damage|p2a: Deoxys|172/191|[from] item: Life Orb\n|\n|upkeep\n|turn|22\n|\n|t:|1769538517\n|move|p2a: Deoxys|Knock Off|p1a: Sandslash\n|-damage|p1a: Sandslash|0 fnt\n|faint|p1a: Sandslash\n|-damage|p2a: Deoxys|153/191|[from] item: Life Orb\n|\n|upkeep\n|\n|t:|1769538518\n|switch|p1a: Deoxys|Deoxys-Speed, L81|214/214\n|-ability|p1a: Deoxys|Pressure\n|turn|23\n|\n|t:|1769538521\n|move|p1a: Deoxys|Dark Pulse|p2a: Deoxys\n|-supereffective|p2a: Deoxys\n|-damage|p2a: Deoxys|0 fnt\n|faint|p2a: Deoxys\n|\n|upkeep\n|\n|t:|1769538524\n|switch|p2a: Cinccino|Cinccino, L84, M|134/263\n|turn|24\n|c|☆MimikyuTrainerAsh|thank god\n|\n|t:|1769538530\n|-zpower|p1a: Deoxys\n|move|p1a: Deoxys|Shattered Psyche|p2a: Cinccino|[zeffect]\n|-damage|p2a: Cinccino|0 fnt\n|faint|p2a: Cinccino\n|\n|win|MimikyuTrainerAsh\n|raw|MimikyuTrainerAsh's rating: 1628 &rarr; <strong>1650</strong><br />(+22 for winning)\n|raw|sank3's rating: 1657 &rarr; <strong>1635</strong><br />(-22 for losing)\n|l|☆sank3\n|player|p2|\n", "inputlog": ">version b99ff0165a6231f17e8b78c2a78d1998375de664\n>start {\"formatid\":\"gen7randombattle\",\"seed\":\"sodium,1df6620151e7f3c7c324d72f3ef4b471\",\"rated\":\"Rated battle\"}\n>player p1 {\"name\":\"MimikyuTrainerAsh\",\"avatar\":\"pokekid\",\"rating\":1628,\"seed\":\"sodium,0cda1cb671de2730a8cd0c1479255006\"}\n>player p2 {\"name\":\"sank3\",\"avatar\":\"unknownf\",\"rating\":1657,\"seed\":\"sodium,fecd897143e4a71337658d1a27dede58\"}\n>p1 move superpower\n>p2 move rockblast\n>p1 switch 5\n>p1 move willowisp\n>p2 switch 2\n>p1 move earthquake\n>p2 move flareblitz\n>p1 switch 6\n>p2 move flareblitz\n>p2 switch 2\n>chat ☆MimikyuTrainerAsh|oh fucking brother\n>p1 switch 3\n>p2 move rockblast\n>p1 move knockoff\n>p2 switch 5\n>p1 switch 3\n>p2 move drillrun\n>p1 switch 6\n>p1 move painsplit\n>p2 move ironhead\n>p1 move willowisp\n>p2 move ironhead\n>p1 move painsplit\n>p2 move swordsdance\n>p1 move earthquake\n>p2 move ironhead\n>p2 switch 4\n>p1 switch 4\n>p2 move shadowball\n>p1 move dazzlinggleam\n>p2 switch 5\n>p1 move dazzlinggleam\n>p2 move bulletseed\n>p1 switch 3\n>p1 move knockoff\n>p2 switch 3\n>p1 move knockoff\n>p2 move stoneedge\n>p1 move ironhead\n>p2 move stoneedge\n>p2 switch 5\n>p1 switch 4\n>p2 move shadowball\n>p1 switch 2\n>p1 move darkpulse\n>p2 move shadowball\n>p1 move darkpulse\n>p2 move shadowball\n>p2 switch 6\n>p1 switch 4\n>p2 move knockoff\n>p1 move knockoff\n>p2 move knockoff\n>p1 switch 4\n>p1 move darkpulse\n>p2 move knockoff\n>p2 switch 3\n>chat ☆MimikyuTrainerAsh|thank god\n>p1 move psychoboost zmove\n>p2 move tailslap", "uploadtime": 1769538537, "views": 185, "formatid": "gen7randombattle", "rating": 1635, "private": 0, "password": null}