{"id": "gen7randombattle-2536432460", "format": "[Gen 7] Random Battle", "players": ["aurora ltd", "Shabbeaugosse"], "log": "|j|☆aurora ltd\n|j|☆Shabbeaugosse\n|t:|1770687347\n|gametype|singles\n|player|p1|aurora ltd|1|1581\n|player|p2|Shabbeaugosse|2|1685\n|gen|7\n|tier|[Gen 7] Random Battle\n|rated|\n|rule|Sleep Clause Mod: Limit one foe put to sleep\n|rule|HP Percentage Mod: HP is shown in percentages\n|rule|Illusion Level Mod: Illusion disguises the Pokémon's true level\n|\n|t:|1770687347\n|teamsize|p1|6\n|teamsize|p2|6\n|start\n|switch|p1a: Tropius|Tropius, L94, M|336/336\n|switch|p2a: Pyukumuku|Pyukumuku, L92, M|251/251\n|turn|1\n|c|☆aurora ltd|Great opening\n|\n|t:|1770687378\n|switch|p2a: Talonflame|Talonflame, L82, M|261/261\n|move|p1a: Tropius|Substitute|p1a: Tropius\n|-start|p1a: Tropius|Substitute\n|-damage|p1a: Tropius|252/336\n|\n|upkeep\n|turn|2\n|\n|t:|1770687395\n|move|p2a: Talonflame|Brave Bird|p1a: Tropius\n|-supereffective|p1a: Tropius\n|-end|p1a: Tropius|Substitute\n|-damage|p2a: Talonflame|233/261|[from] Recoil|[of] p1a: Tropius\n|move|p1a: Tropius|Air Slash|p2a: Talonflame\n|-damage|p2a: Talonflame|139/261\n|\n|-heal|p2a: Talonflame|155/261|[from] item: Leftovers\n|upkeep\n|turn|3\n|\n|t:|1770687414\n|switch|p1a: Arceus|Arceus-Psychic, L72|292/292\n|move|p2a: Talonflame|U-turn|p1a: Arceus\n|-supereffective|p1a: Arceus\n|-damage|p1a: Arceus|222/292\n|\n|t:|1770687419\n|switch|p2a: Meganium|Meganium, L92, M|297/297|[from] U-turn\n|\n|upkeep\n|turn|4\n|inactive|Battle timer is ON: inactive players will automatically lose when time's up. (requested by Shabbeaugosse)\n|\n|t:|1770687438\n|move|p1a: Arceus|Fire Blast|p2a: Meganium\n|-supereffective|p2a: Meganium\n|-damage|p2a: Meganium|179/297\n|move|p2a: Meganium|Toxic|p1a: Arceus\n|-status|p1a: Arceus|tox\n|\n|-heal|p2a: Meganium|197/297|[from] item: Leftovers\n|-damage|p1a: Arceus|204/292 tox|[from] psn\n|upkeep\n|turn|5\n|\n|t:|1770687448\n|switch|p1a: Seviper|Seviper, L94, M|290/290\n|move|p2a: Meganium|Synthesis|p2a: Meganium\n|-heal|p2a: Meganium|297/297\n|\n|upkeep\n|turn|6\n|\n|t:|1770687473\n|switch|p2a: Pyukumuku|Pyukumuku, L92, M|251/251\n|move|p1a: Seviper|Swords Dance|p1a: Seviper\n|-boost|p1a: Seviper|atk|2\n|\n|upkeep\n|turn|7\n|\n|t:|1770687492\n|switch|p1a: Drapion|Drapion, L83, M|252/252\n|move|p2a: Pyukumuku|Soak|p1a: Drapion\n|-start|p1a: Drapion|typechange|Water\n|\n|-damage|p1a: Drapion|221/252|[from] item: Black Sludge\n|upkeep\n|turn|8\n|\n|t:|1770687500\n|move|p1a: Drapion|Taunt|p2a: Pyukumuku\n|-start|p2a: Pyukumuku|move: Taunt\n|cant|p2a: Pyukumuku|move: Taunt|Toxic\n|\n|-damage|p1a: Drapion|190/252|[from] item: Black Sludge\n|upkeep\n|turn|9\n|\n|t:|1770687510\n|switch|p1a: Bellossom|Bellossom, L88, M|275/275\n|switch|p2a: Tyranitar|Tyranitar, L76, F|277/277\n|-weather|Sandstorm|[from] ability: Sand Stream|[of] p2a: Tyranitar\n|\n|-weather|Sandstorm|[upkeep]\n|-damage|p1a: Bellossom|258/275|[from] Sandstorm\n|-heal|p1a: Bellossom|275/275|[from] item: Leftovers\n|upkeep\n|turn|10\n|inactive|aurora ltd has 120 seconds left.\n|\n|t:|1770687549\n|switch|p2a: Meganium|Meganium, L92, M|297/297\n|move|p1a: Bellossom|Quiver Dance|p1a: Bellossom\n|-boost|p1a: Bellossom|spa|1\n|-boost|p1a: Bellossom|spd|1\n|-boost|p1a: Bellossom|spe|1\n|\n|-weather|Sandstorm|[upkeep]\n|-damage|p1a: Bellossom|258/275|[from] Sandstorm\n|-damage|p2a: Meganium|279/297|[from] Sandstorm\n|-heal|p1a: Bellossom|275/275|[from] item: Leftovers\n|-heal|p2a: Meganium|297/297|[from] item: Leftovers\n|upkeep\n|turn|11\n|\n|t:|1770687578\n|move|p1a: Bellossom|Quiver Dance|p1a: Bellossom\n|-boost|p1a: Bellossom|spa|1\n|-boost|p1a: Bellossom|spd|1\n|-boost|p1a: Bellossom|spe|1\n|move|p2a: Meganium|Toxic|p1a: Bellossom\n|-status|p1a: Bellossom|tox\n|\n|-weather|Sandstorm|[upkeep]\n|-damage|p1a: Bellossom|258/275 tox|[from] Sandstorm\n|-damage|p2a: Meganium|279/297|[from] Sandstorm\n|-heal|p1a: Bellossom|275/275 tox|[from] item: Leftovers\n|-heal|p2a: Meganium|297/297|[from] item: Leftovers\n|-damage|p1a: Bellossom|258/275 tox|[from] psn\n|upkeep\n|turn|12\n|\n|t:|1770687591\n|switch|p2a: Pyukumuku|Pyukumuku, L92, M|251/251\n|move|p1a: Bellossom|Quiver Dance|p1a: Bellossom\n|-boost|p1a: Bellossom|spa|1\n|-boost|p1a: Bellossom|spd|1\n|-boost|p1a: Bellossom|spe|1\n|\n|-weather|Sandstorm|[upkeep]\n|-damage|p1a: Bellossom|241/275 tox|[from] Sandstorm\n|-damage|p2a: Pyukumuku|236/251|[from] Sandstorm\n|-heal|p1a: Bellossom|258/275 tox|[from] item: Leftovers\n|-heal|p2a: Pyukumuku|251/251|[from] item: Leftovers\n|-damage|p1a: Bellossom|224/275 tox|[from] psn\n|upkeep\n|turn|13\n|\n|t:|1770687597\n|switch|p2a: Meganium|Meganium, L92, M|297/297\n|move|p1a: Bellossom|Giga Drain|p2a: Meganium\n|-resisted|p2a: Meganium\n|-damage|p2a: Meganium|207/297\n|-heal|p1a: Bellossom|269/275 tox|[from] drain|[of] p2a: Meganium\n|\n|-weather|none\n|-heal|p1a: Bellossom|275/275 tox|[from] item: Leftovers\n|-heal|p2a: Meganium|225/297|[from] item: Leftovers\n|-damage|p1a: Bellossom|224/275 tox|[from] psn\n|upkeep\n|turn|14\n|\n|t:|1770687602\n|move|p1a: Bellossom|Quiver Dance|p1a: Bellossom\n|-boost|p1a: Bellossom|spa|1\n|-boost|p1a: Bellossom|spd|1\n|-boost|p1a: Bellossom|spe|1\n|move|p2a: Meganium|Synthesis|p2a: Meganium\n|-heal|p2a: Meganium|297/297\n|\n|-heal|p1a: Bellossom|241/275 tox|[from] item: Leftovers\n|-damage|p1a: Bellossom|173/275 tox|[from] psn\n|upkeep\n|turn|15\n|\n|t:|1770687611\n|move|p1a: Bellossom|Moonblast|p2a: Meganium\n|-damage|p2a: Meganium|115/297\n|move|p2a: Meganium|Synthesis|p2a: Meganium\n|-heal|p2a: Meganium|263/297\n|\n|-heal|p1a: Bellossom|190/275 tox|[from] item: Leftovers\n|-heal|p2a: Meganium|281/297|[from] item: Leftovers\n|-damage|p1a: Bellossom|105/275 tox|[from] psn\n|upkeep\n|turn|16\n|inactive|aurora ltd has 120 seconds left.\n|\n|t:|1770687618\n|move|p1a: Bellossom|Moonblast|p2a: Meganium\n|-damage|p2a: Meganium|101/297\n|move|p2a: Meganium|Synthesis|p2a: Meganium\n|-heal|p2a: Meganium|249/297\n|\n|-heal|p1a: Bellossom|122/275 tox|[from] item: Leftovers\n|-heal|p2a: Meganium|267/297|[from] item: Leftovers\n|-damage|p1a: Bellossom|20/275 tox|[from] psn\n|upkeep\n|turn|17\n|\n|t:|1770687627\n|move|p1a: Bellossom|Moonblast|p2a: Meganium\n|-damage|p2a: Meganium|108/297\n|-unboost|p2a: Meganium|spa|1\n|move|p2a: Meganium|Synthesis|p2a: Meganium\n|-heal|p2a: Meganium|256/297\n|\n|-heal|p1a: Bellossom|37/275 tox|[from] item: Leftovers\n|-heal|p2a: Meganium|274/297|[from] item: Leftovers\n|-damage|p1a: Bellossom|0 fnt|[from] psn\n|faint|p1a: Bellossom\n|upkeep\n|inactive|aurora ltd has 120 seconds left.\n|\n|t:|1770687637\n|switch|p1a: Drapion|Drapion, L83, M|190/252\n|turn|18\n|\n|t:|1770687647\n|switch|p2a: Pyukumuku|Pyukumuku, L92, M|251/251\n|move|p1a: Drapion|Taunt|p2a: Pyukumuku\n|-start|p2a: Pyukumuku|move: Taunt\n|\n|-heal|p1a: Drapion|205/252|[from] item: Black Sludge\n|upkeep\n|turn|19\n|\n|t:|1770687655\n|switch|p2a: Tyranitar|Tyranitar, L76, F|277/277\n|-weather|Sandstorm|[from] ability: Sand Stream|[of] p2a: Tyranitar\n|move|p1a: Drapion|Earthquake|p2a: Tyranitar\n|-supereffective|p2a: Tyranitar\n|-damage|p2a: Tyranitar|149/277\n|\n|-weather|Sandstorm|[upkeep]\n|-damage|p1a: Drapion|190/252|[from] Sandstorm\n|-heal|p1a: Drapion|205/252|[from] item: Black Sludge\n|upkeep\n|turn|20\n|inactive|aurora ltd has 120 seconds left.\n|\n|t:|1770687677\n|switch|p1a: Celesteela|Celesteela, L78|279/279\n|detailschange|p2a: Tyranitar|Tyranitar-Mega, L76, F\n|-mega|p2a: Tyranitar|Tyranitar|Tyranitarite\n|move|p2a: Tyranitar|Dragon Dance|p2a: Tyranitar\n|-boost|p2a: Tyranitar|atk|1\n|-boost|p2a: Tyranitar|spe|1\n|\n|-weather|Sandstorm|[upkeep]\n|upkeep\n|turn|21\n|inactive|aurora ltd has 120 seconds left.\n|\n|t:|1770687696\n|move|p2a: Tyranitar|Stone Edge|p1a: Celesteela\n|-damage|p1a: Celesteela|96/279\n|move|p1a: Celesteela|Earthquake|p2a: Tyranitar\n|-supereffective|p2a: Tyranitar\n|-damage|p2a: Tyranitar|55/277\n|\n|-weather|Sandstorm|[upkeep]\n|upkeep\n|turn|22\n|inactive|aurora ltd has 120 seconds left.\n|\n|t:|1770687708\n|move|p2a: Tyranitar|Crunch|p1a: Celesteela\n|-damage|p1a: Celesteela|0 fnt\n|faint|p1a: Celesteela\n|\n|-weather|Sandstorm|[upkeep]\n|upkeep\n|inactive|aurora ltd has 120 seconds left.\n|\n|t:|1770687717\n|switch|p1a: Drapion|Drapion, L83, M|205/252\n|turn|23\n|\n|t:|1770687721\n|move|p2a: Tyranitar|Earthquake|p1a: Drapion\n|-supereffective|p1a: Drapion\n|-damage|p1a: Drapion|0 fnt\n|faint|p1a: Drapion\n|\n|-weather|none\n|upkeep\n|\n|t:|1770687733\n|switch|p1a: Seviper|Seviper, L94, M|290/290\n|turn|24\n|\n|t:|1770687736\n|move|p2a: Tyranitar|Earthquake|p1a: Seviper\n|-supereffective|p1a: Seviper\n|-damage|p1a: Seviper|0 fnt\n|faint|p1a: Seviper\n|\n|upkeep\n|\n|t:|1770687742\n|switch|p1a: Arceus|Arceus-Psychic, L72|204/292 tox\n|turn|25\n|\n|t:|1770687745\n|move|p2a: Tyranitar|Crunch|p1a: Arceus\n|-supereffective|p1a: Arceus\n|-damage|p1a: Arceus|0 fnt\n|faint|p1a: Arceus\n|\n|upkeep\n|\n|t:|1770687750\n|switch|p1a: Tropius|Tropius, L94, M|252/336\n|turn|26\n|\n|t:|1770687756\n|move|p2a: Tyranitar|Crunch|p1a: Tropius\n|-damage|p1a: Tropius|92/336\n|-enditem|p1a: Tropius|Sitrus Berry|[eat]\n|-heal|p1a: Tropius|176/336|[from] item: Sitrus Berry\n|move|p1a: Tropius|Leech Seed|p2a: Tyranitar\n|-start|p2a: Tyranitar|move: Leech Seed\n|\n|-damage|p2a: Tyranitar|21/277|[from] Leech Seed|[of] p1a: Tropius\n|-heal|p1a: Tropius|210/336|[silent]\n|-item|p1a: Tropius|Sitrus Berry|[from] ability: Harvest\n|upkeep\n|turn|27\n|\n|t:|1770687768\n|move|p1a: Tropius|Protect|p1a: Tropius\n|-singleturn|p1a: Tropius|Protect\n|move|p2a: Tyranitar|Crunch|p1a: Tropius\n|-activate|p1a: Tropius|move: Protect\n|\n|-damage|p2a: Tyranitar|0 fnt|[from] Leech Seed|[of] p1a: Tropius\n|-heal|p1a: Tropius|231/336|[silent]\n|faint|p2a: Tyranitar\n|detailschange|p2: Tyranitar|Tyranitar, L76, F|[silent]\n|upkeep\n|\n|t:|1770687773\n|switch|p2a: Meganium|Meganium, L92, M|274/297\n|turn|28\n|\n|t:|1770687780\n|move|p2a: Meganium|Toxic|p1a: Tropius\n|-status|p1a: Tropius|tox\n|move|p1a: Tropius|Air Slash|p2a: Meganium\n|-supereffective|p2a: Meganium\n|-damage|p2a: Meganium|136/297\n|\n|-heal|p2a: Meganium|154/297|[from] item: Leftovers\n|-damage|p1a: Tropius|210/336 tox|[from] psn\n|upkeep\n|turn|29\n|\n|t:|1770687787\n|move|p2a: Meganium|Synthesis|p2a: Meganium\n|-heal|p2a: Meganium|297/297\n|move|p1a: Tropius|Air Slash|p2a: Meganium\n|-supereffective|p2a: Meganium\n|-damage|p2a: Meganium|169/297\n|\n|-heal|p2a: Meganium|187/297|[from] item: Leftovers\n|-damage|p1a: Tropius|168/336 tox|[from] psn\n|upkeep\n|-enditem|p1a: Tropius|Sitrus Berry|[eat]\n|-heal|p1a: Tropius|252/336 tox|[from] item: Sitrus Berry\n|turn|30\n|\n|t:|1770687797\n|move|p2a: Meganium|Energy Ball|p1a: Tropius\n|-resisted|p1a: Tropius\n|-damage|p1a: Tropius|230/336 tox\n|move|p1a: Tropius|Air Slash|p2a: Meganium\n|-supereffective|p2a: Meganium\n|-damage|p2a: Meganium|67/297\n|\n|-heal|p2a: Meganium|85/297|[from] item: Leftovers\n|-damage|p1a: Tropius|167/336 tox|[from] psn\n|upkeep\n|turn|31\n|\n|t:|1770687805\n|move|p2a: Meganium|Energy Ball|p1a: Tropius\n|-resisted|p1a: Tropius\n|-damage|p1a: Tropius|134/336 tox\n|move|p1a: Tropius|Air Slash|p2a: Meganium\n|-supereffective|p2a: Meganium\n|-damage|p2a: Meganium|0 fnt\n|faint|p2a: Meganium\n|\n|-damage|p1a: Tropius|50/336 tox|[from] psn\n|upkeep\n|\n|t:|1770687809\n|switch|p2a: Talonflame|Talonflame, L82, M|155/261\n|turn|32\n|\n|t:|1770687815\n|move|p2a: Talonflame|Overheat|p1a: Tropius\n|-supereffective|p1a: Tropius\n|-damage|p1a: Tropius|0 fnt\n|-unboost|p2a: Talonflame|spa|2\n|faint|p1a: Tropius\n|\n|win|Shabbeaugosse\n|raw|aurora ltd's rating: 1581 &rarr; <strong>1567</strong><br />(-14 for losing)\n|raw|Shabbeaugosse's rating: 1685 &rarr; <strong>1699</strong><br />(+14 for winning)\n", "inputlog": ">version ccdc32dd7cde25fd9e4bed64820e885f66e78a4e\n>start {\"formatid\":\"gen7randombattle\",\"seed\":\"sodium,8f484dfed4c599f6e0d1b2f72645cad4\",\"rated\":\"Rated battle\"}\n>player p1 {\"name\":\"aurora ltd\",\"avatar\":\"1\",\"rating\":1581,\"seed\":\"sodium,209ee739c06c3fd4ed7b672bd30e8e3d\"}\n>player p2 {\"name\":\"Shabbeaugosse\",\"avatar\":\"2\",\"rating\":1685,\"seed\":\"sodium,1889dba39c045703b270959c869b52b5\"}\n>chat ☆aurora ltd|Great opening\n>p1 move substitute\n>p2 switch 2\n>p1 move airslash\n>p2 move bravebird\n>p1 switch 2\n>p2 move uturn\n>p2 switch 4\n>p1 move fireblast\n>p2 move toxic\n>p1 switch 3\n>p2 move synthesis\n>p1 move swordsdance\n>p2 switch 2\n>p1 switch 5\n>p2 move soak\n>p1 move taunt\n>p2 move toxic\n>p1 switch 6\n>p2 switch 3\n>p1 move quiverdance\n>p2 switch 2\n>p1 move quiverdance\n>p2 move toxic\n>p1 move quiverdance\n>p2 switch 3\n>p1 move gigadrain\n>p2 switch 3\n>p1 move quiverdance\n>p2 move synthesis\n>p1 move moonblast\n>p2 move synthesis\n>p1 move moonblast\n>p2 move synthesis\n>p1 move moonblast\n>p2 move synthesis\n>p1 switch 6\n>p1 move taunt\n>p2 switch 3\n>p1 move earthquake\n>p2 switch 2\n>p1 switch 4\n>p2 move dragondance mega\n>p1 move earthquake\n>p2 move stoneedge\n>p1 move earthquake\n>p2 move crunch\n>p1 switch 4\n>p1 move earthquake\n>p2 move earthquake\n>p1 switch 5\n>p1 move earthquake\n>p2 move earthquake\n>p1 switch 3\n>p1 move fireblast\n>p2 move crunch\n>p1 switch 2\n>p1 move leechseed\n>p2 move crunch\n>p1 move protect\n>p2 move crunch\n>p2 switch 3\n>p1 move airslash\n>p2 move toxic\n>p1 move airslash\n>p2 move synthesis\n>p1 move airslash\n>p2 move energyball\n>p1 move airslash\n>p2 move energyball\n>p2 switch 4\n>p1 move airslash\n>p2 move overheat", "uploadtime": 1770687824, "views": 211, "formatid": "gen7randombattle", "rating": 1567, "private": 0, "password": null}