{"id": "gen7randombattle-2537109901", "format": "[Gen 7] Random Battle", "players": ["idk man whats up", "may/gen3"], "log": "|j|☆idk man whats up\n|j|☆may/gen3\n|t:|1770766969\n|gametype|singles\n|player|p1|idk man whats up|1|1582\n|player|p2|may/gen3|may|1614\n|gen|7\n|tier|[Gen 7] Random Battle\n|rated|\n|rule|Sleep Clause Mod: Limit one foe put to sleep\n|rule|HP Percentage Mod: HP is shown in percentages\n|rule|Illusion Level Mod: Illusion disguises the Pokémon's true level\n|\n|t:|1770766969\n|teamsize|p1|6\n|teamsize|p2|6\n|start\n|switch|p1a: Dodrio|Dodrio, L82, M|233/233\n|switch|p2a: Ferrothorn|Ferrothorn, L72, F|226/226\n|turn|1\n|inactive|Battle timer is ON: inactive players will automatically lose when time's up. (requested by may/gen3)\n|\n|t:|1770766979\n|move|p1a: Dodrio|Brave Bird|p2a: Ferrothorn\n|-damage|p2a: Ferrothorn|67/226\n|-damage|p1a: Dodrio|204/233|[from] ability: Iron Barbs|[of] p2a: Ferrothorn\n|-damage|p1a: Dodrio|152/233|[from] Recoil\n|move|p2a: Ferrothorn|Thunder Wave|p1a: Dodrio\n|-status|p1a: Dodrio|par\n|\n|-heal|p2a: Ferrothorn|81/226|[from] item: Leftovers\n|upkeep\n|turn|2\n|\n|t:|1770766992\n|move|p1a: Dodrio|Brave Bird|p2a: Ferrothorn\n|-damage|p2a: Ferrothorn|0 fnt\n|-damage|p1a: Dodrio|123/233 par|[from] ability: Iron Barbs|[of] p2a: Ferrothorn\n|faint|p2a: Ferrothorn\n|-damage|p1a: Dodrio|96/233 par|[from] Recoil\n|\n|upkeep\n|\n|t:|1770766997\n|switch|p2a: Ninetales|Ninetales-Alola, L78, F|242/242\n|-weather|Hail|[from] ability: Snow Warning|[of] p2a: Ninetales\n|turn|3\n|inactive|idk man whats up has 120 seconds left.\n|\n|t:|1770767029\n|switch|p1a: Beartic|Beartic, L92, M|324/324\n|move|p2a: Ninetales|Aurora Veil|p2a: Ninetales\n|-sidestart|p2: may/gen3|move: Aurora Veil\n|\n|-weather|Hail|[upkeep]\n|upkeep\n|turn|4\n|\n|t:|1770767034\n|move|p1a: Beartic|Swords Dance|p1a: Beartic\n|-boost|p1a: Beartic|atk|2\n|move|p2a: Ninetales|Moonblast|p1a: Beartic\n|-damage|p1a: Beartic|246/324\n|\n|-weather|Hail|[upkeep]\n|upkeep\n|turn|5\n|\n|t:|1770767040\n|move|p1a: Beartic|Swords Dance|p1a: Beartic\n|-boost|p1a: Beartic|atk|2\n|move|p2a: Ninetales|Moonblast|p1a: Beartic\n|-damage|p1a: Beartic|165/324\n|\n|-weather|Hail|[upkeep]\n|upkeep\n|turn|6\n|\n|t:|1770767045\n|move|p1a: Beartic|Stone Edge|p2a: Ninetales\n|-supereffective|p2a: Ninetales\n|-damage|p2a: Ninetales|0 fnt\n|faint|p2a: Ninetales\n|-damage|p1a: Beartic|133/324|[from] item: Life Orb\n|\n|-weather|Hail|[upkeep]\n|upkeep\n|\n|t:|1770767048\n|switch|p2a: Mienshao|Mienshao, L83, M|243/243\n|turn|7\n|\n|t:|1770767053\n|move|p2a: Mienshao|Fake Out|p1a: Beartic\n|-damage|p1a: Beartic|101/324\n|cant|p1a: Beartic|flinch\n|\n|-weather|none\n|upkeep\n|turn|8\n|\n|t:|1770767058\n|move|p2a: Mienshao|High Jump Kick|p1a: Beartic\n|-supereffective|p1a: Beartic\n|-damage|p1a: Beartic|0 fnt\n|faint|p1a: Beartic\n|\n|upkeep\n|inactive|idk man whats up has 120 seconds left.\n|\n|t:|1770767105\n|switch|p1a: Medicham|Medicham, L78, M|221/221\n|turn|9\n|\n|t:|1770767109\n|switch|p2a: Gligar|Gligar, L82, M|241/241\n|detailschange|p1a: Medicham|Medicham-Mega, L78, M\n|-mega|p1a: Medicham|Medicham|Medichamite\n|move|p1a: Medicham|Fake Out|p2a: Gligar\n|-damage|p2a: Gligar|225/241\n|\n|upkeep\n|turn|10\n|inactive|idk man whats up has 120 seconds left.\n|\n|t:|1770767126\n|move|p1a: Medicham|Ice Punch|p2a: Gligar\n|-supereffective|p2a: Gligar\n|-damage|p2a: Gligar|109/241\n|move|p2a: Gligar|U-turn|p1a: Medicham\n|-damage|p1a: Medicham|179/221\n|\n|t:|1770767129\n|switch|p2a: Pyroar|Pyroar, L88, F|295/295|[from] U-turn\n|-ability|p2a: Pyroar|Unnerve\n|\n|-sideend|p2: may/gen3|move: Aurora Veil\n|upkeep\n|turn|11\n|inactive|idk man whats up has 120 seconds left.\n|\n|t:|1770767146\n|switch|p1a: Passimian|Passimian, L84, M|305/305\n|move|p2a: Pyroar|Will-O-Wisp|p1a: Passimian\n|-status|p1a: Passimian|brn\n|\n|-damage|p1a: Passimian|286/305 brn|[from] brn\n|upkeep\n|turn|12\n|\n|t:|1770767154\n|switch|p2a: Ariados|Ariados, L92, M|278/278\n|move|p1a: Passimian|Knock Off|p2a: Ariados\n|-damage|p2a: Ariados|236/278\n|-enditem|p2a: Ariados|Black Sludge|[from] move: Knock Off|[of] p1a: Passimian\n|\n|-damage|p1a: Passimian|267/305 brn|[from] brn\n|upkeep\n|turn|13\n|\n|t:|1770767165\n|switch|p1a: Dodrio|Dodrio, L82, M|96/233 par\n|move|p2a: Ariados|Sticky Web|p1a: Dodrio\n|-sidestart|p1: idk man whats up|move: Sticky Web\n|\n|upkeep\n|turn|14\n|\n|t:|1770767170\n|move|p2a: Ariados|Poison Jab|p1a: Dodrio\n|-damage|p1a: Dodrio|0 fnt\n|faint|p1a: Dodrio\n|\n|upkeep\n|\n|t:|1770767175\n|switch|p1a: Medicham|Medicham-Mega, L78, M|179/221\n|-activate|p1a: Medicham|move: Sticky Web\n|-unboost|p1a: Medicham|spe|1\n|turn|15\n|\n|t:|1770767181\n|move|p1a: Medicham|Zen Headbutt|p2a: Ariados\n|-supereffective|p2a: Ariados\n|-crit|p2a: Ariados\n|-damage|p2a: Ariados|0 fnt\n|faint|p2a: Ariados\n|\n|upkeep\n|\n|t:|1770767185\n|switch|p2a: Gligar|Gligar, L82, M|109/241\n|turn|16\n|\n|t:|1770767208\n|move|p2a: Gligar|U-turn|p1a: Medicham\n|-damage|p1a: Medicham|137/221\n|\n|t:|1770767215\n|switch|p2a: Mienshao|Mienshao, L83, M|243/243|[from] U-turn\n|move|p1a: Medicham|Ice Punch|p2a: Mienshao\n|-damage|p2a: Mienshao|113/243\n|\n|upkeep\n|turn|17\n|\n|t:|1770767220\n|switch|p1a: Passimian|Passimian, L84, M|267/305 brn\n|-activate|p1a: Passimian|move: Sticky Web\n|-unboost|p1a: Passimian|spe|1\n|-ability|p1a: Passimian|Defiant|boost\n|-boost|p1a: Passimian|atk|2\n|move|p2a: Mienshao|Fake Out|p1a: Passimian\n|-damage|p1a: Passimian|236/305 brn\n|\n|-damage|p1a: Passimian|217/305 brn|[from] brn\n|upkeep\n|turn|18\n|\n|t:|1770767232\n|move|p2a: Mienshao|High Jump Kick|p1a: Passimian\n|-damage|p1a: Passimian|40/305 brn\n|move|p1a: Passimian|U-turn|p2a: Mienshao\n|-resisted|p2a: Mienshao\n|-damage|p2a: Mienshao|74/243\n|\n|t:|1770767242\n|switch|p1a: Medicham|Medicham-Mega, L78, M|137/221|[from] U-turn\n|-activate|p1a: Medicham|move: Sticky Web\n|-unboost|p1a: Medicham|spe|1\n|\n|upkeep\n|turn|19\n|\n|t:|1770767260\n|move|p1a: Medicham|Fake Out|p2a: Mienshao\n|-damage|p2a: Mienshao|1/243\n|cant|p2a: Mienshao|flinch\n|\n|upkeep\n|turn|20\n|\n|t:|1770767268\n|switch|p1a: Passimian|Passimian, L84, M|40/305 brn\n|-activate|p1a: Passimian|move: Sticky Web\n|-unboost|p1a: Passimian|spe|1\n|-ability|p1a: Passimian|Defiant|boost\n|-boost|p1a: Passimian|atk|2\n|move|p2a: Mienshao|U-turn|p1a: Passimian\n|-resisted|p1a: Passimian\n|-damage|p1a: Passimian|12/305 brn\n|\n|t:|1770767270\n|switch|p2a: Gligar|Gligar, L82, M|109/241|[from] U-turn\n|\n|-damage|p1a: Passimian|0 fnt|[from] brn\n|faint|p1a: Passimian\n|upkeep\n|\n|t:|1770767275\n|switch|p1a: Medicham|Medicham-Mega, L78, M|137/221\n|-activate|p1a: Medicham|move: Sticky Web\n|-unboost|p1a: Medicham|spe|1\n|turn|21\n|\n|t:|1770767281\n|move|p1a: Medicham|Fake Out|p2a: Gligar\n|-damage|p2a: Gligar|81/241\n|cant|p2a: Gligar|flinch\n|\n|upkeep\n|turn|22\n|\n|t:|1770767288\n|move|p2a: Gligar|Earthquake|p1a: Medicham\n|-damage|p1a: Medicham|49/221\n|move|p1a: Medicham|Zen Headbutt|p2a: Gligar\n|-damage|p2a: Gligar|0 fnt\n|faint|p2a: Gligar\n|\n|upkeep\n|\n|t:|1770767290\n|switch|p2a: Mienshao|Mienshao, L83, M|82/243\n|turn|23\n|\n|t:|1770767299\n|switch|p1a: Electivire|Electivire, L86, M|269/269\n|-activate|p1a: Electivire|move: Sticky Web\n|-unboost|p1a: Electivire|spe|1\n|move|p2a: Mienshao|Knock Off|p1a: Electivire\n|-damage|p1a: Electivire|177/269\n|-enditem|p1a: Electivire|Expert Belt|[from] move: Knock Off|[of] p2a: Mienshao\n|\n|upkeep\n|turn|24\n|\n|t:|1770767309\n|move|p2a: Mienshao|High Jump Kick|p1a: Electivire\n|-damage|p1a: Electivire|0 fnt\n|faint|p1a: Electivire\n|\n|upkeep\n|\n|t:|1770767313\n|switch|p1a: Medicham|Medicham-Mega, L78, M|49/221\n|-activate|p1a: Medicham|move: Sticky Web\n|-unboost|p1a: Medicham|spe|1\n|turn|25\n|\n|t:|1770767317\n|move|p1a: Medicham|Fake Out|p2a: Mienshao\n|-damage|p2a: Mienshao|19/243\n|cant|p2a: Mienshao|flinch\n|\n|upkeep\n|turn|26\n|\n|t:|1770767331\n|move|p2a: Mienshao|Knock Off|p1a: Medicham\n|-damage|p1a: Medicham|0 fnt\n|faint|p1a: Medicham\n|detailschange|p1: Medicham|Medicham, L78, M|[silent]\n|\n|upkeep\n|\n|t:|1770767334\n|switch|p1a: Porygon-Z|Porygon-Z, L80|267/267\n|-activate|p1a: Porygon-Z|move: Sticky Web\n|-unboost|p1a: Porygon-Z|spe|1\n|turn|27\n|\n|t:|1770767349\n|move|p2a: Mienshao|High Jump Kick|p1a: Porygon-Z\n|-supereffective|p1a: Porygon-Z\n|-damage|p1a: Porygon-Z|0 fnt\n|faint|p1a: Porygon-Z\n|\n|win|may/gen3\n|raw|idk man whats up's rating: 1582 &rarr; <strong>1564</strong><br />(-18 for losing)\n|raw|may&#x2f;gen3's rating: 1614 &rarr; <strong>1632</strong><br />(+18 for winning)\n|l|☆may/gen3\n|player|p2|\n|c|☆idk man whats up|gg\n|l|☆idk man whats up\n|player|p1|\n", "inputlog": ">version ccdc32dd7cde25fd9e4bed64820e885f66e78a4e\n>start {\"formatid\":\"gen7randombattle\",\"seed\":\"sodium,6bf9dcbc5821c79a2a7417fe2cb90d10\",\"rated\":\"Rated battle\"}\n>player p1 {\"name\":\"idk man whats up\",\"avatar\":\"1\",\"rating\":1582,\"seed\":\"sodium,f7f6ca7ea06852aa4423baacb27c3184\"}\n>player p2 {\"name\":\"may/gen3\",\"avatar\":\"may\",\"rating\":1614,\"seed\":\"sodium,7670a10fbebc5186035b8043c31db3f4\"}\n>p1 move bravebird\n>p2 move thunderwave\n>p1 move bravebird\n>p2 move stealthrock\n>p2 switch 2\n>p1 switch 6\n>p2 move auroraveil\n>p1 move swordsdance\n>p2 move moonblast\n>p1 move swordsdance\n>p2 move moonblast\n>p1 move stoneedge\n>p2 move moonblast\n>p2 switch 4\n>p1 move iciclecrash\n>p2 move fakeout\n>p1 move iciclecrash\n>p2 move highjumpkick\n>p1 switch 4\n>p1 move fakeout mega\n>p2 switch 5\n>p1 move icepunch\n>p2 move uturn\n>p2 switch 6\n>p1 switch 3\n>p2 move willowisp\n>p1 move knockoff\n>p2 switch 3\n>p1 switch 6\n>p2 move stickyweb\n>p1 move bravebird\n>p2 move poisonjab\n>p1 switch 3\n>p1 move zenheadbutt\n>p2 move poisonjab\n>p2 switch 6\n>p1 move icepunch\n>p2 move uturn\n>p2 switch 5\n>p1 switch 6\n>p2 move fakeout\n>p1 move uturn\n>p2 move highjumpkick\n>p1 switch 6\n>p1 move fakeout\n>p2 move uturn\n>p1 switch 6\n>p2 move uturn\n>p2 switch 5\n>p1 switch 6\n>p1 move fakeout\n>p2 move earthquake\n>p1 move zenheadbutt\n>p2 move earthquake\n>p2 switch 5\n>p1 switch 5\n>p2 move knockoff\n>p1 move wildcharge\n>p2 move highjumpkick\n>p1 switch 5\n>p1 move fakeout\n>p2 move knockoff\n>p1 move zenheadbutt\n>p2 move knockoff\n>p1 switch 2\n>p1 move conversion zmove\n>p2 move highjumpkick", "uploadtime": 1770767358, "views": 227, "formatid": "gen7randombattle", "rating": 1564, "private": 0, "password": null}