{"id": "gen7randombattle-2534742402", "format": "[Gen 7] Random Battle", "players": ["jwsj5852", "shabdreham94"], "log": "|j|☆jwsj5852\n|j|☆shabdreham94\n|t:|1770470998\n|gametype|singles\n|player|p1|jwsj5852|caitlin|1629\n|player|p2|shabdreham94|steven|1675\n|gen|7\n|tier|[Gen 7] Random Battle\n|rated|\n|rule|Sleep Clause Mod: Limit one foe put to sleep\n|rule|HP Percentage Mod: HP is shown in percentages\n|rule|Illusion Level Mod: Illusion disguises the Pokémon's true level\n|\n|t:|1770470998\n|teamsize|p1|6\n|teamsize|p2|6\n|start\n|switch|p1a: Pyroar|Pyroar, L88, M|294/294\n|switch|p2a: Pheromosa|Pheromosa, L75|229/229\n|-ability|p1a: Pyroar|Unnerve\n|turn|1\n|inactive|Battle timer is ON: inactive players will automatically lose when time's up. (requested by shabdreham94)\n|\n|t:|1770471007\n|switch|p1a: Dustox|Dustox, L96, M|271/271\n|move|p2a: Pheromosa|U-turn|p1a: Dustox\n|-resisted|p1a: Dustox\n|-damage|p1a: Dustox|211/271\n|\n|t:|1770471016\n|switch|p2a: Marowak|Marowak-Alola, L86, F|243/243|[from] U-turn\n|\n|-heal|p1a: Dustox|227/271|[from] item: Black Sludge\n|upkeep\n|turn|2\n|\n|t:|1770471023\n|move|p1a: Dustox|U-turn|p2a: Marowak\n|-resisted|p2a: Marowak\n|-damage|p2a: Marowak|231/243\n|\n|t:|1770471027\n|switch|p1a: Gligar|Gligar, L82, F|241/241|[from] U-turn\n|move|p2a: Marowak|Swords Dance|p2a: Marowak\n|-boost|p2a: Marowak|atk|2\n|\n|upkeep\n|turn|3\n|\n|t:|1770471031\n|move|p1a: Gligar|Knock Off|p2a: Marowak\n|-supereffective|p2a: Marowak\n|-damage|p2a: Marowak|139/243\n|-enditem|p2a: Marowak|Thick Club|[from] move: Knock Off|[of] p1a: Gligar\n|move|p2a: Marowak|Flare Blitz|p1a: Gligar\n|-damage|p1a: Gligar|105/241\n|\n|upkeep\n|turn|4\n|\n|t:|1770471037\n|move|p1a: Gligar|Roost|p1a: Gligar\n|-heal|p1a: Gligar|226/241\n|-singleturn|p1a: Gligar|move: Roost\n|move|p2a: Marowak|Swords Dance|p2a: Marowak\n|-boost|p2a: Marowak|atk|2\n|\n|upkeep\n|turn|5\n|\n|t:|1770471040\n|move|p1a: Gligar|Earthquake|p2a: Marowak\n|-supereffective|p2a: Marowak\n|-damage|p2a: Marowak|7/243\n|move|p2a: Marowak|Shadow Bone|p1a: Gligar\n|-damage|p1a: Gligar|87/241\n|\n|upkeep\n|turn|6\n|\n|t:|1770471045\n|move|p1a: Gligar|Knock Off|p2a: Marowak\n|-supereffective|p2a: Marowak\n|-damage|p2a: Marowak|0 fnt\n|faint|p2a: Marowak\n|\n|upkeep\n|\n|t:|1770471051\n|switch|p2a: Froslass|Froslass, L87, F|264/264\n|turn|7\n|\n|t:|1770471056\n|switch|p1a: Dustox|Dustox, L96, M|227/271\n|move|p2a: Froslass|Spikes|p1a: Dustox\n|-sidestart|p1: jwsj5852|Spikes\n|\n|-heal|p1a: Dustox|243/271|[from] item: Black Sludge\n|upkeep\n|turn|8\n|\n|t:|1770471059\n|move|p2a: Froslass|Thunder Wave|p1a: Dustox\n|-status|p1a: Dustox|par\n|move|p1a: Dustox|Defog|p2a: Froslass\n|-unboost|p2a: Froslass|evasion|1\n|-sideend|p1: jwsj5852|Spikes|[from] move: Defog|[of] p1a: Dustox\n|\n|-heal|p1a: Dustox|259/271 par|[from] item: Black Sludge\n|upkeep\n|turn|9\n|\n|t:|1770471065\n|move|p2a: Froslass|Ice Beam|p1a: Dustox\n|-damage|p1a: Dustox|183/271 par\n|move|p1a: Dustox|U-turn|p2a: Froslass\n|-resisted|p2a: Froslass\n|-damage|p2a: Froslass|228/264\n|-start|p1a: Dustox|Disable|U-turn|[from] ability: Cursed Body|[of] p2a: Froslass\n|\n|t:|1770471072\n|switch|p1a: Pyroar|Pyroar, L88, M|294/294|[from] U-turn\n|-ability|p1a: Pyroar|Unnerve\n|\n|-heal|p2a: Froslass|244/264|[from] item: Leftovers\n|upkeep\n|turn|10\n|\n|t:|1770471076\n|move|p2a: Froslass|Thunder Wave|p1a: Pyroar\n|-status|p1a: Pyroar|par\n|cant|p1a: Pyroar|par\n|\n|-heal|p2a: Froslass|260/264|[from] item: Leftovers\n|upkeep\n|turn|11\n|\n|t:|1770471079\n|switch|p2a: Tapu Fini|Tapu Fini, L80|243/243\n|-fieldstart|move: Misty Terrain|[from] ability: Misty Surge|[of] p2a: Tapu Fini\n|move|p1a: Pyroar|Fire Blast|p2a: Tapu Fini\n|-resisted|p2a: Tapu Fini\n|-damage|p2a: Tapu Fini|169/243\n|-damage|p1a: Pyroar|265/294 par|[from] item: Life Orb\n|\n|-heal|p2a: Tapu Fini|184/243|[from] item: Leftovers\n|upkeep\n|turn|12\n|\n|t:|1770471089\n|switch|p1a: Scolipede|Scolipede, L80, M|227/227\n|move|p2a: Tapu Fini|Calm Mind|p2a: Tapu Fini\n|-boost|p2a: Tapu Fini|spa|1\n|-boost|p2a: Tapu Fini|spd|1\n|\n|-heal|p2a: Tapu Fini|199/243|[from] item: Leftovers\n|upkeep\n|turn|13\n|\n|t:|1770471102\n|move|p1a: Scolipede|Swords Dance|p1a: Scolipede\n|-boost|p1a: Scolipede|atk|2\n|move|p2a: Tapu Fini|Surf|p1a: Scolipede\n|-damage|p1a: Scolipede|65/227\n|\n|-heal|p2a: Tapu Fini|214/243|[from] item: Leftovers\n|-ability|p1a: Scolipede|Speed Boost|boost\n|-boost|p1a: Scolipede|spe|1\n|upkeep\n|turn|14\n|\n|t:|1770471105\n|switch|p2a: Froslass|Froslass, L87, F|260/264\n|move|p1a: Scolipede|Poison Jab|p2a: Froslass\n|-resisted|p2a: Froslass\n|-damage|p2a: Froslass|146/264\n|-start|p1a: Scolipede|Disable|Poison Jab|[from] ability: Cursed Body|[of] p2a: Froslass\n|-damage|p1a: Scolipede|43/227|[from] item: Life Orb\n|\n|-heal|p2a: Froslass|162/264|[from] item: Leftovers\n|-ability|p1a: Scolipede|Speed Boost|boost\n|-boost|p1a: Scolipede|spe|1\n|upkeep\n|turn|15\n|\n|t:|1770471111\n|switch|p2a: Pyukumuku|Pyukumuku, L92, M|251/251\n|move|p1a: Scolipede|Earthquake|p2a: Pyukumuku\n|-damage|p2a: Pyukumuku|193/251\n|-damage|p1a: Scolipede|21/227|[from] item: Life Orb\n|\n|-heal|p2a: Pyukumuku|208/251|[from] item: Leftovers\n|-fieldend|Misty Terrain\n|-ability|p1a: Scolipede|Speed Boost|boost\n|-boost|p1a: Scolipede|spe|1\n|upkeep\n|turn|16\n|\n|t:|1770471118\n|switch|p1a: Gligar|Gligar, L82, F|87/241\n|move|p2a: Pyukumuku|Soak|p1a: Gligar\n|-start|p1a: Gligar|typechange|Water\n|\n|-heal|p2a: Pyukumuku|223/251|[from] item: Leftovers\n|upkeep\n|turn|17\n|\n|t:|1770471120\n|move|p1a: Gligar|Roost|p1a: Gligar\n|-heal|p1a: Gligar|208/241\n|-singleturn|p1a: Gligar|move: Roost\n|move|p2a: Pyukumuku|Toxic|p1a: Gligar\n|-immune|p1a: Gligar|[from] ability: Immunity\n|\n|-heal|p2a: Pyukumuku|238/251|[from] item: Leftovers\n|upkeep\n|turn|18\n|\n|t:|1770471127\n|switch|p2a: Tapu Fini|Tapu Fini, L80|214/243\n|-fieldstart|move: Misty Terrain|[from] ability: Misty Surge|[of] p2a: Tapu Fini\n|move|p1a: Gligar|Knock Off|p2a: Tapu Fini\n|-resisted|p2a: Tapu Fini\n|-damage|p2a: Tapu Fini|193/243\n|-enditem|p2a: Tapu Fini|Leftovers|[from] move: Knock Off|[of] p1a: Gligar\n|\n|upkeep\n|turn|19\n|\n|t:|1770471131\n|switch|p1a: Reuniclus|Reuniclus, L87, F|333/333\n|move|p2a: Tapu Fini|Calm Mind|p2a: Tapu Fini\n|-boost|p2a: Tapu Fini|spa|1\n|-boost|p2a: Tapu Fini|spd|1\n|\n|upkeep\n|turn|20\n|\n|t:|1770471135\n|move|p2a: Tapu Fini|Calm Mind|p2a: Tapu Fini\n|-boost|p2a: Tapu Fini|spa|1\n|-boost|p2a: Tapu Fini|spd|1\n|move|p1a: Reuniclus|Calm Mind|p1a: Reuniclus\n|-boost|p1a: Reuniclus|spa|1\n|-boost|p1a: Reuniclus|spd|1\n|\n|upkeep\n|turn|21\n|\n|t:|1770471139\n|move|p2a: Tapu Fini|Moonblast|p1a: Reuniclus\n|-damage|p1a: Reuniclus|201/333\n|-unboost|p1a: Reuniclus|spa|1\n|move|p1a: Reuniclus|Calm Mind|p1a: Reuniclus\n|-boost|p1a: Reuniclus|spa|1\n|-boost|p1a: Reuniclus|spd|1\n|\n|upkeep\n|turn|22\n|\n|t:|1770471142\n|move|p2a: Tapu Fini|Moonblast|p1a: Reuniclus\n|-damage|p1a: Reuniclus|102/333\n|move|p1a: Reuniclus|Recover|p1a: Reuniclus\n|-heal|p1a: Reuniclus|269/333\n|\n|-fieldend|Misty Terrain\n|upkeep\n|turn|23\n|\n|t:|1770471145\n|move|p2a: Tapu Fini|Moonblast|p1a: Reuniclus\n|-damage|p1a: Reuniclus|176/333\n|move|p1a: Reuniclus|Psychic|p2a: Tapu Fini\n|-damage|p2a: Tapu Fini|98/243\n|\n|upkeep\n|turn|24\n|\n|t:|1770471149\n|switch|p2a: Pheromosa|Pheromosa, L75|229/229\n|move|p1a: Reuniclus|Recover|p1a: Reuniclus\n|-heal|p1a: Reuniclus|333/333\n|\n|upkeep\n|turn|25\n|\n|t:|1770471152\n|switch|p1a: Scolipede|Scolipede, L80, M|21/227\n|move|p2a: Pheromosa|U-turn|p1a: Scolipede\n|-resisted|p1a: Scolipede\n|-damage|p1a: Scolipede|0 fnt\n|faint|p1a: Scolipede\n|-ability|p2a: Pheromosa|Beast Boost|boost\n|-boost|p2a: Pheromosa|spe|1\n|\n|t:|1770471157\n|switch|p2a: Froslass|Froslass, L87, F|162/264|[from] U-turn\n|\n|-heal|p2a: Froslass|178/264|[from] item: Leftovers\n|upkeep\n|\n|t:|1770471160\n|switch|p1a: Pyroar|Pyroar, L88, M|265/294 par\n|-ability|p1a: Pyroar|Unnerve\n|turn|26\n|\n|t:|1770471163\n|switch|p2a: Pyukumuku|Pyukumuku, L92, M|238/251\n|move|p1a: Pyroar|Hyper Voice|p2a: Pyukumuku\n|-damage|p2a: Pyukumuku|143/251\n|-damage|p1a: Pyroar|236/294 par|[from] item: Life Orb\n|\n|-heal|p2a: Pyukumuku|158/251|[from] item: Leftovers\n|upkeep\n|turn|27\n|\n|t:|1770471167\n|move|p1a: Pyroar|Work Up|p1a: Pyroar\n|-boost|p1a: Pyroar|atk|1\n|-boost|p1a: Pyroar|spa|1\n|move|p2a: Pyukumuku|Soak|p1a: Pyroar\n|-start|p1a: Pyroar|typechange|Water\n|\n|-heal|p2a: Pyukumuku|173/251|[from] item: Leftovers\n|upkeep\n|turn|28\n|\n|t:|1770471172\n|switch|p2a: Tapu Fini|Tapu Fini, L80|98/243\n|-fieldstart|move: Misty Terrain|[from] ability: Misty Surge|[of] p2a: Tapu Fini\n|move|p1a: Pyroar|Hidden Power|p2a: Tapu Fini\n|-supereffective|p2a: Tapu Fini\n|-damage|p2a: Tapu Fini|0 fnt\n|faint|p2a: Tapu Fini\n|-damage|p1a: Pyroar|207/294 par|[from] item: Life Orb\n|\n|upkeep\n|\n|t:|1770471180\n|switch|p2a: Froslass|Froslass, L87, F|178/264\n|turn|29\n|\n|t:|1770471183\n|move|p2a: Froslass|Shadow Ball|p1a: Pyroar\n|-damage|p1a: Pyroar|116/294 par\n|move|p1a: Pyroar|Fire Blast|p2a: Froslass\n|-supereffective|p2a: Froslass\n|-damage|p2a: Froslass|0 fnt\n|faint|p2a: Froslass\n|-damage|p1a: Pyroar|87/294 par|[from] item: Life Orb\n|\n|upkeep\n|\n|t:|1770471189\n|switch|p2a: Pheromosa|Pheromosa, L75|229/229\n|turn|30\n|\n|t:|1770471192\n|move|p2a: Pheromosa|U-turn|p1a: Pyroar\n|-damage|p1a: Pyroar|0 fnt\n|faint|p1a: Pyroar\n|-ability|p2a: Pheromosa|Beast Boost|boost\n|-boost|p2a: Pheromosa|spe|1\n|\n|t:|1770471195\n|switch|p2a: Aerodactyl|Aerodactyl, L78, M|253/253|[from] U-turn\n|-ability|p2a: Aerodactyl|Unnerve\n|\n|upkeep\n|\n|t:|1770471202\n|switch|p1a: Carracosta|Carracosta, L88, M|274/274\n|turn|31\n|\n|t:|1770471211\n|switch|p2a: Pyukumuku|Pyukumuku, L92, M|173/251\n|move|p1a: Carracosta|Liquidation|p2a: Pyukumuku\n|-resisted|p2a: Pyukumuku\n|-damage|p2a: Pyukumuku|136/251\n|\n|-heal|p2a: Pyukumuku|151/251|[from] item: Leftovers\n|upkeep\n|turn|32\n|\n|t:|1770471215\n|switch|p1a: Gligar|Gligar, L82, F|208/241\n|move|p2a: Pyukumuku|Recover|p2a: Pyukumuku\n|-heal|p2a: Pyukumuku|251/251\n|\n|-fieldend|Misty Terrain\n|upkeep\n|turn|33\n|\n|t:|1770471223\n|switch|p2a: Pheromosa|Pheromosa, L75|229/229\n|move|p1a: Gligar|Knock Off|p2a: Pheromosa\n|-resisted|p2a: Pheromosa\n|-damage|p2a: Pheromosa|177/229\n|-enditem|p2a: Pheromosa|Choice Band|[from] move: Knock Off|[of] p1a: Gligar\n|\n|upkeep\n|turn|34\n|\n|t:|1770471231\n|move|p2a: Pheromosa|U-turn|p1a: Gligar\n|-resisted|p1a: Gligar\n|-damage|p1a: Gligar|184/241\n|\n|t:|1770471234\n|switch|p2a: Aerodactyl|Aerodactyl, L78, M|253/253|[from] U-turn\n|-ability|p2a: Aerodactyl|Unnerve\n|move|p1a: Gligar|Roost|p1a: Gligar\n|-heal|p1a: Gligar|241/241\n|-singleturn|p1a: Gligar|move: Roost\n|\n|upkeep\n|turn|35\n|\n|t:|1770471243\n|detailschange|p2a: Aerodactyl|Aerodactyl-Mega, L78, M\n|-mega|p2a: Aerodactyl|Aerodactyl|Aerodactylite\n|move|p2a: Aerodactyl|Hone Claws|p2a: Aerodactyl\n|-boost|p2a: Aerodactyl|atk|1\n|-boost|p2a: Aerodactyl|accuracy|1\n|move|p1a: Gligar|Toxic|p2a: Aerodactyl\n|-status|p2a: Aerodactyl|tox\n|\n|-damage|p2a: Aerodactyl|238/253 tox|[from] psn\n|upkeep\n|turn|36\n|\n|t:|1770471248\n|move|p2a: Aerodactyl|Hone Claws|p2a: Aerodactyl\n|-boost|p2a: Aerodactyl|atk|1\n|-boost|p2a: Aerodactyl|accuracy|1\n|move|p1a: Gligar|Roost||[still]\n|-fail|p1a: Gligar|heal\n|\n|-damage|p2a: Aerodactyl|208/253 tox|[from] psn\n|upkeep\n|turn|37\n|\n|t:|1770471259\n|switch|p1a: Reuniclus|Reuniclus, L87, F|333/333\n|move|p2a: Aerodactyl|Aqua Tail|p1a: Reuniclus\n|-damage|p1a: Reuniclus|139/333\n|\n|-damage|p2a: Aerodactyl|163/253 tox|[from] psn\n|upkeep\n|turn|38\n|\n|t:|1770471263\n|move|p2a: Aerodactyl|Stone Edge|p1a: Reuniclus\n|-damage|p1a: Reuniclus|0 fnt\n|faint|p1a: Reuniclus\n|\n|-damage|p2a: Aerodactyl|103/253 tox|[from] psn\n|upkeep\n|\n|t:|1770471269\n|switch|p1a: Gligar|Gligar, L82, F|241/241\n|turn|39\n|\n|t:|1770471276\n|move|p2a: Aerodactyl|Stone Edge|p1a: Gligar\n|-damage|p1a: Gligar|94/241\n|move|p1a: Gligar|Roost|p1a: Gligar\n|-heal|p1a: Gligar|215/241\n|-singleturn|p1a: Gligar|move: Roost\n|\n|-damage|p2a: Aerodactyl|28/253 tox|[from] psn\n|upkeep\n|turn|40\n|\n|t:|1770471280\n|switch|p1a: Dustox|Dustox, L96, M|183/271 par\n|move|p2a: Aerodactyl|Aqua Tail|p1a: Dustox\n|-damage|p1a: Dustox|0 fnt\n|faint|p1a: Dustox\n|\n|-damage|p2a: Aerodactyl|0 fnt|[from] psn\n|faint|p2a: Aerodactyl\n|detailschange|p2: Aerodactyl|Aerodactyl, L78, M|[silent]\n|upkeep\n|-message|shabdreham94 forfeited.\n|\n|win|jwsj5852\n|raw|jwsj5852's rating: 1629 &rarr; <strong>1652</strong><br />(+23 for winning)\n|raw|shabdreham94's rating: 1675 &rarr; <strong>1652</strong><br />(-23 for losing)\n|l|☆shabdreham94\n|player|p2|\n|l|☆jwsj5852\n|player|p1|\n|j|☆jwsj5852\n|player|p1|jwsj5852|caitlin|\n", "inputlog": ">version ccdc32dd7cde25fd9e4bed64820e885f66e78a4e\n>start {\"formatid\":\"gen7randombattle\",\"seed\":\"sodium,2b4e7cecd92f83b3b74808be9f9753d3\",\"rated\":\"Rated battle\"}\n>player p1 {\"name\":\"jwsj5852\",\"avatar\":\"caitlin\",\"rating\":1629,\"seed\":\"sodium,871d4bb60944eb70c69eaae2a354acba\"}\n>player p2 {\"name\":\"shabdreham94\",\"avatar\":\"steven\",\"rating\":1675,\"seed\":\"sodium,5e391c2d3e0f3a9440d170d076bdc3c6\"}\n>p1 switch 6\n>p2 move uturn\n>p2 switch 2\n>p1 move uturn\n>p2 move swordsdance\n>p1 switch 4\n>p1 move knockoff\n>p2 move flareblitz\n>p1 move roost\n>p2 move swordsdance\n>p1 move earthquake\n>p2 move shadowbone\n>p1 move knockoff\n>p2 move flareblitz\n>p2 switch 4\n>p1 switch 4\n>p2 move spikes\n>p1 move defog\n>p2 move thunderwave\n>p1 move uturn\n>p2 move icebeam\n>p1 switch 6\n>p1 move fireblast\n>p2 move thunderwave\n>p1 move fireblast\n>p2 switch 5\n>p1 switch 3\n>p2 move calmmind\n>p1 move swordsdance\n>p2 move surf\n>p1 move poisonjab\n>p2 switch 5\n>p1 move earthquake\n>p2 switch 6\n>p1 switch 4\n>p2 move soak\n>p1 move roost\n>p2 move toxic\n>p1 move knockoff\n>p2 switch 5\n>p1 switch 2\n>p2 move calmmind\n>p1 move calmmind\n>p2 move calmmind\n>p1 move calmmind\n>p2 move moonblast\n>p1 move recover\n>p2 move moonblast\n>p1 move psychic\n>p2 move moonblast\n>p1 move recover\n>p2 switch 2\n>p1 switch 4\n>p2 move uturn\n>p2 switch 6\n>p1 switch 3\n>p1 move hypervoice\n>p2 switch 5\n>p1 move workup\n>p2 move soak\n>p1 move hiddenpower\n>p2 switch 2\n>p2 switch 5\n>p1 move fireblast\n>p2 move shadowball\n>p2 switch 6\n>p1 move fireblast\n>p2 move uturn\n>p2 switch 3\n>p1 switch 5\n>p1 move liquidation\n>p2 switch 2\n>p1 switch 2\n>p2 move recover\n>p1 move knockoff\n>p2 switch 3\n>p1 move roost\n>p2 move uturn\n>p2 switch 2\n>p1 move toxic\n>p2 move honeclaws mega\n>p1 move roost\n>p2 move honeclaws\n>p1 switch 4\n>p2 move aquatail\n>p1 move recover\n>p2 move stoneedge\n>p1 switch 4\n>p1 move roost\n>p2 move stoneedge\n>p1 switch 6\n>p2 move aquatail\n>forcelose p2", "uploadtime": 1770471296, "views": 190, "formatid": "gen7randombattle", "rating": 1652, "private": 0, "password": null}