{"id": "gen7randombattle-2535867021", "format": "[Gen 7] Random Battle", "players": ["KpLoxm", "may/gen3"], "log": "|j|☆KpLoxm\n|j|☆may/gen3\n|t:|1770623342\n|gametype|singles\n|player|p1|KpLoxm|266|1546\n|player|p2|may/gen3|may|1777\n|gen|7\n|tier|[Gen 7] Random Battle\n|rated|\n|rule|Sleep Clause Mod: Limit one foe put to sleep\n|rule|HP Percentage Mod: HP is shown in percentages\n|rule|Illusion Level Mod: Illusion disguises the Pokémon's true level\n|\n|t:|1770623342\n|teamsize|p1|6\n|teamsize|p2|6\n|start\n|switch|p1a: Bellossom|Bellossom, L88, M|275/275\n|switch|p2a: Avalugg|Avalugg, L90, M|317/317\n|turn|1\n|inactive|Battle timer is ON: inactive players will automatically lose when time's up. (requested by KpLoxm)\n|\n|t:|1770623367\n|switch|p1a: Milotic|Milotic, L84, F|297/297\n|move|p2a: Avalugg|Avalanche|p1a: Milotic\n|-resisted|p1a: Milotic\n|-damage|p1a: Milotic|252/297\n|\n|-heal|p1a: Milotic|270/297|[from] item: Leftovers\n|upkeep\n|turn|2\n|\n|t:|1770623372\n|switch|p2a: Reuniclus|Reuniclus, L87, M|333/333\n|move|p1a: Milotic|Toxic|p2a: Reuniclus\n|-status|p2a: Reuniclus|tox\n|\n|-heal|p1a: Milotic|288/297|[from] item: Leftovers\n|upkeep\n|turn|3\n|\n|t:|1770623380\n|switch|p1a: Krookodile|Krookodile, L79, M|280/280\n|-ability|p1a: Krookodile|Intimidate|boost\n|-unboost|p2a: Reuniclus|atk|1\n|move|p2a: Reuniclus|Psychic|p1a: Krookodile\n|-immune|p1a: Krookodile\n|\n|upkeep\n|turn|4\n|\n|t:|1770623386\n|-activate|p2a: Reuniclus|move: Pursuit\n|move|p1a: Krookodile|Pursuit|p2a: Reuniclus|[from] Pursuit\n|-supereffective|p2a: Reuniclus\n|-damage|p2a: Reuniclus|73/333 tox\n|switch|p2a: Avalugg|Avalugg, L90, M|317/317\n|\n|upkeep\n|turn|5\n|\n|t:|1770623395\n|switch|p1a: Milotic|Milotic, L84, F|288/297\n|switch|p2a: Glalie|Glalie, L83, F|267/267\n|\n|-heal|p1a: Milotic|297/297|[from] item: Leftovers\n|upkeep\n|turn|6\n|\n|t:|1770623403\n|switch|p2a: Reuniclus|Reuniclus, L87, M|73/333 tox\n|move|p1a: Milotic|Scald|p2a: Reuniclus\n|-damage|p2a: Reuniclus|0 fnt\n|faint|p2a: Reuniclus\n|\n|upkeep\n|\n|t:|1770623410\n|switch|p2a: Gogoat|Gogoat, L91, M|372/372\n|turn|7\n|\n|t:|1770623415\n|move|p1a: Milotic|Toxic|p2a: Gogoat\n|-status|p2a: Gogoat|tox\n|move|p2a: Gogoat|Toxic|p1a: Milotic\n|-status|p1a: Milotic|tox\n|\n|-damage|p1a: Milotic|279/297 tox|[from] psn\n|-damage|p2a: Gogoat|349/372 tox|[from] psn\n|upkeep\n|turn|8\n|\n|t:|1770623420\n|switch|p1a: Bellossom|Bellossom, L88, M|275/275\n|move|p2a: Gogoat|Toxic|p1a: Bellossom\n|-status|p1a: Bellossom|tox\n|\n|-heal|p2a: Gogoat|372/372 tox|[from] item: Leftovers\n|-damage|p2a: Gogoat|326/372 tox|[from] psn\n|-damage|p1a: Bellossom|258/275 tox|[from] psn\n|upkeep\n|turn|9\n|\n|t:|1770623425\n|switch|p2a: Regigigas|Regigigas, L86|329/329\n|-start|p2a: Regigigas|ability: Slow Start\n|switch|p1a: Girafarig|Girafarig, L95, F|287/287\n|\n|upkeep\n|turn|10\n|\n|t:|1770623428\n|move|p1a: Girafarig|Nasty Plot|p1a: Girafarig\n|-boost|p1a: Girafarig|spa|2\n|move|p2a: Regigigas|Knock Off|p1a: Girafarig\n|-supereffective|p1a: Girafarig\n|-damage|p1a: Girafarig|167/287\n|-enditem|p1a: Girafarig|Life Orb|[from] move: Knock Off|[of] p2a: Regigigas\n|\n|upkeep\n|turn|11\n|\n|t:|1770623434\n|move|p1a: Girafarig|Psyshock|p2a: Regigigas\n|-damage|p2a: Regigigas|149/329\n|move|p2a: Regigigas|Thunder Wave|p1a: Girafarig\n|-status|p1a: Girafarig|par\n|\n|-heal|p2a: Regigigas|169/329|[from] item: Leftovers\n|upkeep\n|turn|12\n|\n|t:|1770623440\n|move|p2a: Regigigas|Knock Off|p1a: Girafarig\n|-supereffective|p1a: Girafarig\n|-damage|p1a: Girafarig|91/287 par\n|move|p1a: Girafarig|Dazzling Gleam|p2a: Regigigas\n|-damage|p2a: Regigigas|65/329\n|\n|-heal|p2a: Regigigas|85/329|[from] item: Leftovers\n|upkeep\n|turn|13\n|\n|t:|1770623444\n|move|p2a: Regigigas|Return|p1a: Girafarig\n|-damage|p1a: Girafarig|0 fnt\n|faint|p1a: Girafarig\n|\n|-heal|p2a: Regigigas|105/329|[from] item: Leftovers\n|upkeep\n|\n|t:|1770623452\n|switch|p1a: Krookodile|Krookodile, L79, M|280/280\n|-ability|p1a: Krookodile|Intimidate|boost\n|-unboost|p2a: Regigigas|atk|1\n|turn|14\n|\n|t:|1770623458\n|move|p1a: Krookodile|Knock Off|p2a: Regigigas\n|-damage|p2a: Regigigas|0 fnt\n|-enditem|p2a: Regigigas|Leftovers|[from] move: Knock Off|[of] p1a: Krookodile\n|faint|p2a: Regigigas\n|\n|upkeep\n|\n|t:|1770623461\n|switch|p2a: Glalie|Glalie, L83, F|267/267\n|turn|15\n|\n|t:|1770623465\n|switch|p1a: Milotic|Milotic, L84, F|279/297 tox\n|detailschange|p2a: Glalie|Glalie-Mega, L83, F\n|-mega|p2a: Glalie|Glalie|Glalitite\n|move|p2a: Glalie|Return|p1a: Milotic\n|-resisted|p1a: Milotic\n|-damage|p1a: Milotic|191/297 tox\n|\n|-heal|p1a: Milotic|209/297 tox|[from] item: Leftovers\n|-damage|p1a: Milotic|191/297 tox|[from] psn\n|upkeep\n|turn|16\n|\n|t:|1770623472\n|switch|p2a: Gogoat|Gogoat, L91, M|326/372 tox\n|move|p1a: Milotic|Ice Beam|p2a: Gogoat\n|-supereffective|p2a: Gogoat\n|-damage|p2a: Gogoat|198/372 tox\n|\n|-heal|p1a: Milotic|209/297 tox|[from] item: Leftovers\n|-heal|p2a: Gogoat|221/372 tox|[from] item: Leftovers\n|-damage|p1a: Milotic|173/297 tox|[from] psn\n|-damage|p2a: Gogoat|198/372 tox|[from] psn\n|upkeep\n|turn|17\n|\n|t:|1770623479\n|switch|p2a: Delphox|Delphox, L86, F|269/269\n|move|p1a: Milotic|Ice Beam|p2a: Delphox\n|-resisted|p2a: Delphox\n|-damage|p2a: Delphox|242/269\n|\n|-heal|p1a: Milotic|191/297 tox|[from] item: Leftovers\n|-damage|p1a: Milotic|137/297 tox|[from] psn\n|upkeep\n|turn|18\n|\n|t:|1770623489\n|switch|p1a: Bellossom|Bellossom, L88, M|258/275 tox\n|move|p2a: Delphox|Calm Mind|p2a: Delphox\n|-boost|p2a: Delphox|spa|1\n|-boost|p2a: Delphox|spd|1\n|\n|-heal|p1a: Bellossom|275/275 tox|[from] item: Leftovers\n|-damage|p1a: Bellossom|258/275 tox|[from] psn\n|upkeep\n|turn|19\n|\n|t:|1770623498\n|move|p2a: Delphox|Fire Blast|p1a: Bellossom\n|-supereffective|p1a: Bellossom\n|-damage|p1a: Bellossom|0 fnt\n|faint|p1a: Bellossom\n|-damage|p2a: Delphox|216/269|[from] item: Life Orb\n|\n|upkeep\n|\n|t:|1770623513\n|switch|p1a: Milotic|Milotic, L84, F|137/297 tox\n|turn|20\n|\n|t:|1770623517\n|move|p2a: Delphox|Psyshock|p1a: Milotic\n|-damage|p1a: Milotic|0 fnt\n|faint|p1a: Milotic\n|-damage|p2a: Delphox|190/269|[from] item: Life Orb\n|\n|upkeep\n|\n|t:|1770623529\n|switch|p1a: Ho-Oh|Ho-Oh, L72|272/272\n|turn|21\n|\n|t:|1770623532\n|move|p2a: Delphox|Psyshock|p1a: Ho-Oh\n|-damage|p1a: Ho-Oh|41/272\n|-damage|p2a: Delphox|164/269|[from] item: Life Orb\n|move|p1a: Ho-Oh|Roost|p1a: Ho-Oh\n|-heal|p1a: Ho-Oh|177/272\n|-singleturn|p1a: Ho-Oh|move: Roost\n|\n|-heal|p1a: Ho-Oh|194/272|[from] item: Leftovers\n|upkeep\n|turn|22\n|\n|t:|1770623539\n|move|p2a: Delphox|Psyshock|p1a: Ho-Oh\n|-damage|p1a: Ho-Oh|0 fnt\n|faint|p1a: Ho-Oh\n|-damage|p2a: Delphox|138/269|[from] item: Life Orb\n|\n|upkeep\n|\n|t:|1770623543\n|switch|p1a: Luxray|Luxray, L88, M|284/284\n|turn|23\n|\n|t:|1770623549\n|switch|p2a: Avalugg|Avalugg, L90, M|317/317\n|move|p1a: Luxray|Crunch|p2a: Avalugg\n|-damage|p2a: Avalugg|277/317\n|\n|-heal|p2a: Avalugg|296/317|[from] item: Leftovers\n|-status|p1a: Luxray|brn|[from] item: Flame Orb\n|upkeep\n|turn|24\n|\n|t:|1770623556\n|move|p1a: Luxray|Facade|p2a: Avalugg\n|-damage|p2a: Avalugg|194/317\n|move|p2a: Avalugg|Avalanche|p1a: Luxray\n|-damage|p1a: Luxray|92/284 brn\n|\n|-heal|p2a: Avalugg|213/317|[from] item: Leftovers\n|-damage|p1a: Luxray|75/284 brn|[from] brn\n|upkeep\n|turn|25\n|\n|t:|1770623562\n|move|p1a: Luxray|Superpower|p2a: Avalugg\n|-supereffective|p2a: Avalugg\n|-damage|p2a: Avalugg|37/317\n|-unboost|p1a: Luxray|atk|1\n|-unboost|p1a: Luxray|def|1\n|move|p2a: Avalugg|Avalanche|p1a: Luxray\n|-damage|p1a: Luxray|0 fnt\n|faint|p1a: Luxray\n|\n|-heal|p2a: Avalugg|56/317|[from] item: Leftovers\n|upkeep\n|\n|t:|1770623579\n|switch|p1a: Krookodile|Krookodile, L79, M|280/280\n|-ability|p1a: Krookodile|Intimidate|boost\n|-unboost|p2a: Avalugg|atk|1\n|turn|26\n|\n|t:|1770623583\n|move|p1a: Krookodile|Knock Off|p2a: Avalugg\n|-damage|p2a: Avalugg|0 fnt\n|-enditem|p2a: Avalugg|Leftovers|[from] move: Knock Off|[of] p1a: Krookodile\n|faint|p2a: Avalugg\n|\n|upkeep\n|\n|t:|1770623585\n|switch|p2a: Glalie|Glalie-Mega, L83, F|267/267\n|turn|27\n|-message|KpLoxm forfeited.\n|\n|win|may/gen3\n|raw|KpLoxm's rating: 1546 &rarr; <strong>1538</strong><br />(-8 for losing)\n|raw|may&#x2f;gen3's rating: 1777 &rarr; <strong>1785</strong><br />(+8 for winning)\n|l|☆KpLoxm\n|player|p1|\n", "inputlog": ">version ccdc32dd7cde25fd9e4bed64820e885f66e78a4e\n>start {\"formatid\":\"gen7randombattle\",\"seed\":\"sodium,d5812cf8cc8312bcd0bc6b0d310b9007\",\"rated\":\"Rated battle\"}\n>player p1 {\"name\":\"KpLoxm\",\"avatar\":\"266\",\"rating\":1546,\"seed\":\"sodium,86fcccbbcc02d86111e4bec15cbf255c\"}\n>player p2 {\"name\":\"may/gen3\",\"avatar\":\"may\",\"rating\":1777,\"seed\":\"sodium,ce8bd0591debea86858140d916ff7849\"}\n>p1 switch 6\n>p2 move avalanche\n>p1 move toxic\n>p2 switch 5\n>p1 switch 4\n>p2 move psychic\n>p1 move pursuit\n>p2 switch 5\n>p1 switch 4\n>p2 switch 6\n>p1 move scald\n>p2 switch 5\n>p2 switch 4\n>p1 move toxic\n>p2 move toxic\n>p1 switch 6\n>p2 move toxic\n>p1 switch 2\n>p2 switch 3\n>p1 move nastyplot\n>p2 move knockoff\n>p1 move psyshock\n>p2 move thunderwave\n>p1 move dazzlinggleam\n>p2 move knockoff\n>p1 move psyshock\n>p2 move return\n>p1 switch 4\n>p1 move knockoff\n>p2 move return\n>p2 switch 5\n>p1 switch 6\n>p2 move return mega\n>p1 move icebeam\n>p2 switch 3\n>p1 move icebeam\n>p2 switch 2\n>p1 switch 2\n>p2 move calmmind\n>p1 move moonblast\n>p2 move fireblast\n>p1 switch 2\n>p1 move scald\n>p2 move psyshock\n>p1 switch 5\n>p1 move roost\n>p2 move psyshock\n>p1 move bravebird\n>p2 move psyshock\n>p1 switch 3\n>p1 move crunch\n>p2 switch 6\n>p1 move facade\n>p2 move avalanche\n>p1 move superpower\n>p2 move avalanche\n>p1 switch 6\n>p1 move knockoff\n>p2 move avalanche\n>p2 switch 3\n>forcelose p1", "uploadtime": 1770623611, "views": 196, "formatid": "gen7randombattle", "rating": 1538, "private": 0, "password": null}