{"id": "gen7randombattle-2529940078", "format": "[Gen 7] Random Battle", "players": ["blackbeardi", "white kartana"], "log": "|j|☆blackbeardi\n|j|☆white kartana\n|t:|1769849734\n|gametype|singles\n|player|p1|blackbeardi|2|1581\n|player|p2|white kartana|170|1604\n|gen|7\n|tier|[Gen 7] Random Battle\n|rated|\n|rule|Sleep Clause Mod: Limit one foe put to sleep\n|rule|HP Percentage Mod: HP is shown in percentages\n|rule|Illusion Level Mod: Illusion disguises the Pokémon's true level\n|\n|t:|1769849734\n|teamsize|p1|6\n|teamsize|p2|6\n|start\n|switch|p1a: Sawsbuck|Sawsbuck, L88, M|284/284\n|switch|p2a: Smeargle|Smeargle, L88, M|240/240\n|turn|1\n|\n|t:|1769849753\n|move|p1a: Sawsbuck|Swords Dance|p1a: Sawsbuck\n|-boost|p1a: Sawsbuck|atk|2\n|move|p2a: Smeargle|Nuzzle|p1a: Sawsbuck\n|-resisted|p1a: Sawsbuck\n|-damage|p1a: Sawsbuck|281/284\n|-status|p1a: Sawsbuck|par\n|\n|-heal|p1a: Sawsbuck|284/284 par|[from] item: Leftovers\n|upkeep\n|turn|2\n|inactive|Battle timer is ON: inactive players will automatically lose when time's up. (requested by blackbeardi)\n|inactive|white kartana has 120 seconds left.\n|\n|t:|1769849804\n|move|p2a: Smeargle|Sticky Web|p1a: Sawsbuck\n|-sidestart|p1: blackbeardi|move: Sticky Web\n|move|p1a: Sawsbuck|Headbutt|p2a: Smeargle\n|-enditem|p2a: Smeargle|Focus Sash\n|-damage|p2a: Smeargle|1/240\n|\n|upkeep\n|turn|3\n|\n|t:|1769849811\n|move|p2a: Smeargle|Spikes|p1a: Sawsbuck\n|-sidestart|p1: blackbeardi|Spikes\n|move|p1a: Sawsbuck|Substitute|p1a: Sawsbuck\n|-start|p1a: Sawsbuck|Substitute\n|-damage|p1a: Sawsbuck|213/284 par\n|\n|-heal|p1a: Sawsbuck|230/284 par|[from] item: Leftovers\n|upkeep\n|turn|4\n|\n|t:|1769849819\n|move|p2a: Smeargle|Spikes|p1a: Sawsbuck\n|-sidestart|p1: blackbeardi|Spikes\n|move|p1a: Sawsbuck|Horn Leech|p2a: Smeargle\n|-damage|p2a: Smeargle|0 fnt\n|-heal|p1a: Sawsbuck|231/284 par|[from] drain|[of] p2a: Smeargle\n|faint|p2a: Smeargle\n|\n|-heal|p1a: Sawsbuck|248/284 par|[from] item: Leftovers\n|upkeep\n|\n|t:|1769849825\n|switch|p2a: Mothim|Mothim, L93, M|281/281\n|turn|5\n|\n|t:|1769849832\n|move|p2a: Mothim|Bug Buzz|p1a: Sawsbuck\n|-supereffective|p1a: Sawsbuck\n|-damage|p1a: Sawsbuck|0 fnt\n|faint|p1a: Sawsbuck\n|\n|upkeep\n|inactive|blackbeardi has 120 seconds left.\n|\n|t:|1769849866\n|switch|p1a: Entei|Entei, L78|307/307\n|-activate|p1a: Entei|move: Sticky Web\n|-unboost|p1a: Entei|spe|1\n|-damage|p1a: Entei|256/307|[from] Spikes\n|turn|6\n|\n|t:|1769849877\n|switch|p2a: Octillery|Octillery, L96, F|299/299\n|move|p1a: Entei|Sacred Fire|p2a: Octillery\n|-resisted|p2a: Octillery\n|-damage|p2a: Octillery|217/299\n|-status|p2a: Octillery|brn\n|\n|-damage|p2a: Octillery|199/299 brn|[from] brn\n|upkeep\n|turn|7\n|inactive|blackbeardi has 120 seconds left.\n|\n|t:|1769849897\n|switch|p1a: Toxapex|Toxapex, L80, M|211/211\n|-activate|p1a: Toxapex|move: Sticky Web\n|-unboost|p1a: Toxapex|spe|1\n|-damage|p1a: Toxapex|176/211|[from] Spikes\n|move|p2a: Octillery|Scald|p1a: Toxapex\n|-resisted|p1a: Toxapex\n|-damage|p1a: Toxapex|118/211\n|-damage|p2a: Octillery|170/299 brn|[from] item: Life Orb\n|\n|-heal|p1a: Toxapex|131/211|[from] item: Black Sludge\n|-damage|p2a: Octillery|152/299 brn|[from] brn\n|upkeep\n|turn|8\n|inactive|blackbeardi has 120 seconds left.\n|\n|t:|1769849912\n|switch|p2a: Meowstic|Meowstic, L91, M|283/283\n|move|p1a: Toxapex|Recover|p1a: Toxapex\n|-heal|p1a: Toxapex|211/211\n|\n|upkeep\n|turn|9\n|inactive|blackbeardi has 120 seconds left.\n|\n|t:|1769849921\n|switch|p1a: Porygon2|Porygon2, L82|274/274\n|-activate|p1a: Porygon2|move: Sticky Web\n|-unboost|p1a: Porygon2|spe|1\n|-damage|p1a: Porygon2|229/274|[from] Spikes\n|-ability|p1a: Porygon2|Download|boost\n|-boost|p1a: Porygon2|atk|1\n|move|p2a: Meowstic|Psychic|p1a: Porygon2\n|-damage|p1a: Porygon2|163/274\n|\n|upkeep\n|turn|10\n|inactive|blackbeardi has 120 seconds left.\n|inactive|white kartana has 120 seconds left.\n|\n|t:|1769849955\n|move|p2a: Meowstic|Toxic|p1a: Porygon2|[miss]\n|-miss|p2a: Meowstic|p1a: Porygon2\n|move|p1a: Porygon2|Discharge|p2a: Meowstic\n|-damage|p2a: Meowstic|227/283\n|\n|-heal|p2a: Meowstic|244/283|[from] item: Leftovers\n|upkeep\n|turn|11\n|inactive|blackbeardi has 120 seconds left.\n|\n|t:|1769849981\n|switch|p1a: Donphan|Donphan, L84, F|288/288\n|-activate|p1a: Donphan|move: Sticky Web\n|-unboost|p1a: Donphan|spe|1\n|-damage|p1a: Donphan|240/288|[from] Spikes\n|move|p2a: Meowstic|Toxic|p1a: Donphan\n|-status|p1a: Donphan|tox\n|\n|-heal|p2a: Meowstic|261/283|[from] item: Leftovers\n|-damage|p1a: Donphan|222/288 tox|[from] psn\n|upkeep\n|turn|12\n|\n|t:|1769849993\n|switch|p2a: Venusaur|Venusaur, L78, F|253/253\n|move|p1a: Donphan|Rapid Spin|p2a: Venusaur\n|-damage|p2a: Venusaur|232/253\n|-sideend|p1: blackbeardi|Spikes|[from] move: Rapid Spin|[of] p1a: Donphan\n|-sideend|p1: blackbeardi|Sticky Web|[from] move: Rapid Spin|[of] p1a: Donphan\n|\n|-damage|p1a: Donphan|186/288 tox|[from] psn\n|upkeep\n|turn|13\n|\n|t:|1769850004\n|switch|p1a: Entei|Entei, L78|256/307\n|detailschange|p2a: Venusaur|Venusaur-Mega, L78, F\n|-mega|p2a: Venusaur|Venusaur|Venusaurite\n|move|p2a: Venusaur|Giga Drain|p1a: Entei\n|-resisted|p1a: Entei\n|-damage|p1a: Entei|204/307\n|-heal|p2a: Venusaur|253/253|[from] drain|[of] p1a: Entei\n|\n|upkeep\n|turn|14\n|\n|t:|1769850013\n|move|p1a: Entei|Flare Blitz|p2a: Venusaur\n|-supereffective|p2a: Venusaur\n|-damage|p2a: Venusaur|91/253\n|-damage|p1a: Entei|151/307|[from] Recoil\n|move|p2a: Venusaur|Synthesis|p2a: Venusaur\n|-heal|p2a: Venusaur|217/253\n|\n|upkeep\n|turn|15\n|\n|t:|1769850022\n|move|p1a: Entei|Flare Blitz|p2a: Venusaur\n|-supereffective|p2a: Venusaur\n|-damage|p2a: Venusaur|59/253\n|-damage|p1a: Entei|99/307|[from] Recoil\n|move|p2a: Venusaur|Synthesis|p2a: Venusaur\n|-heal|p2a: Venusaur|185/253\n|\n|upkeep\n|turn|16\n|inactive|blackbeardi has 120 seconds left.\n|\n|t:|1769850030\n|move|p1a: Entei|Flare Blitz|p2a: Venusaur\n|-supereffective|p2a: Venusaur\n|-damage|p2a: Venusaur|17/253\n|-damage|p1a: Entei|44/307|[from] Recoil\n|move|p2a: Venusaur|Synthesis|p2a: Venusaur\n|-heal|p2a: Venusaur|143/253\n|\n|upkeep\n|turn|17\n|\n|t:|1769850038\n|switch|p2a: Octillery|Octillery, L96, F|152/299 brn\n|move|p1a: Entei|Flare Blitz|p2a: Octillery\n|-resisted|p2a: Octillery\n|-damage|p2a: Octillery|64/299 brn\n|-damage|p1a: Entei|15/307|[from] Recoil\n|\n|-damage|p2a: Octillery|46/299 brn|[from] brn\n|upkeep\n|turn|18\n|\n|t:|1769850051\n|switch|p1a: Toxapex|Toxapex, L80, M|211/211\n|move|p2a: Octillery|Scald|p1a: Toxapex\n|-resisted|p1a: Toxapex\n|-damage|p1a: Toxapex|155/211\n|-damage|p2a: Octillery|17/299 brn|[from] item: Life Orb\n|\n|-heal|p1a: Toxapex|168/211|[from] item: Black Sludge\n|-damage|p2a: Octillery|0 fnt|[from] brn\n|faint|p2a: Octillery\n|upkeep\n|\n|t:|1769850053\n|switch|p2a: Meowstic|Meowstic, L91, M|261/283\n|turn|19\n|\n|t:|1769850065\n|move|p2a: Meowstic|Psychic|p1a: Toxapex\n|-supereffective|p1a: Toxapex\n|-damage|p1a: Toxapex|36/211\n|-unboost|p1a: Toxapex|spd|1\n|move|p1a: Toxapex|Toxic|p2a: Meowstic\n|-status|p2a: Meowstic|tox\n|\n|-heal|p2a: Meowstic|278/283 tox|[from] item: Leftovers\n|-heal|p1a: Toxapex|49/211|[from] item: Black Sludge\n|-damage|p2a: Meowstic|261/283 tox|[from] psn\n|upkeep\n|turn|20\n|\n|t:|1769850077\n|move|p1a: Toxapex|Baneful Bunker|p1a: Toxapex\n|-singleturn|p1a: Toxapex|move: Protect\n|move|p2a: Meowstic|Heal Bell|p2a: Meowstic\n|-activate|p2a: Meowstic|move: Heal Bell\n|-curestatus|p2a: Meowstic|tox|[msg]\n|\n|-heal|p2a: Meowstic|278/283|[from] item: Leftovers\n|-heal|p1a: Toxapex|62/211|[from] item: Black Sludge\n|upkeep\n|turn|21\n|\n|t:|1769850087\n|move|p2a: Meowstic|Psychic|p1a: Toxapex\n|-supereffective|p1a: Toxapex\n|-damage|p1a: Toxapex|0 fnt\n|faint|p1a: Toxapex\n|\n|-heal|p2a: Meowstic|283/283|[from] item: Leftovers\n|upkeep\n|\n|t:|1769850101\n|switch|p1a: Sunflora|Sunflora, F|312/312\n|turn|22\n|\n|t:|1769850116\n|move|p2a: Meowstic|Thunder Wave|p1a: Sunflora\n|-status|p1a: Sunflora|par\n|move|p1a: Sunflora|Sludge Bomb|p2a: Meowstic\n|-damage|p2a: Meowstic|143/283\n|\n|-heal|p2a: Meowstic|160/283|[from] item: Leftovers\n|upkeep\n|turn|23\n|\n|t:|1769850125\n|switch|p2a: Registeel|Registeel, L83|268/268\n|cant|p1a: Sunflora|par\n|\n|upkeep\n|turn|24\n|\n|t:|1769850132\n|switch|p1a: Donphan|Donphan, L84, F|186/288 tox\n|move|p2a: Registeel|Iron Head|p1a: Donphan\n|-damage|p1a: Donphan|135/288 tox\n|\n|-damage|p1a: Donphan|117/288 tox|[from] psn\n|upkeep\n|turn|25\n|\n|t:|1769850141\n|move|p1a: Donphan|Stone Edge|p2a: Registeel\n|-resisted|p2a: Registeel\n|-damage|p2a: Registeel|242/268\n|move|p2a: Registeel|Curse|p2a: Registeel\n|-unboost|p2a: Registeel|spe|1\n|-boost|p2a: Registeel|atk|1\n|-boost|p2a: Registeel|def|1\n|\n|-heal|p2a: Registeel|258/268|[from] item: Leftovers\n|-damage|p1a: Donphan|81/288 tox|[from] psn\n|upkeep\n|turn|26\n|\n|t:|1769850152\n|move|p1a: Donphan|Knock Off|p2a: Registeel\n|-damage|p2a: Registeel|221/268\n|-enditem|p2a: Registeel|Leftovers|[from] move: Knock Off|[of] p1a: Donphan\n|move|p2a: Registeel|Curse|p2a: Registeel\n|-unboost|p2a: Registeel|spe|1\n|-boost|p2a: Registeel|atk|1\n|-boost|p2a: Registeel|def|1\n|\n|-damage|p1a: Donphan|27/288 tox|[from] psn\n|upkeep\n|turn|27\n|\n|t:|1769850164\n|move|p1a: Donphan|Earthquake|p2a: Registeel\n|-supereffective|p2a: Registeel\n|-damage|p2a: Registeel|143/268\n|move|p2a: Registeel|Iron Head|p1a: Donphan\n|-damage|p1a: Donphan|0 fnt\n|faint|p1a: Donphan\n|\n|upkeep\n|\n|t:|1769850174\n|switch|p1a: Sunflora|Sunflora, F|312/312 par\n|turn|28\n|\n|t:|1769850178\n|move|p2a: Registeel|Rest|p2a: Registeel\n|-status|p2a: Registeel|slp|[from] move: Rest\n|-heal|p2a: Registeel|268/268 slp|[silent]\n|move|p1a: Sunflora|Earth Power|p2a: Registeel\n|-supereffective|p2a: Registeel\n|-damage|p2a: Registeel|72/268 slp\n|\n|upkeep\n|turn|29\n|\n|t:|1769850189\n|switch|p1a: Entei|Entei, L78|15/307\n|cant|p2a: Registeel|slp\n|move|p2a: Registeel|Sleep Talk|p2a: Registeel\n|move|p2a: Registeel|Rest||[from] move: Sleep Talk|[still]\n|-fail|p2a: Registeel\n|\n|upkeep\n|turn|30\n|\n|t:|1769850198\n|move|p1a: Entei|Sacred Fire|p2a: Registeel\n|-supereffective|p2a: Registeel\n|-damage|p2a: Registeel|0 fnt\n|faint|p2a: Registeel\n|\n|upkeep\n|\n|t:|1769850199\n|switch|p2a: Meowstic|Meowstic, L91, M|160/283\n|turn|31\n|\n|t:|1769850206\n|switch|p1a: Porygon2|Porygon2, L82|163/274\n|-ability|p1a: Porygon2|Download|boost\n|-boost|p1a: Porygon2|atk|1\n|move|p2a: Meowstic|Psychic|p1a: Porygon2\n|-damage|p1a: Porygon2|103/274\n|\n|-heal|p2a: Meowstic|177/283|[from] item: Leftovers\n|upkeep\n|turn|32\n|\n|t:|1769850215\n|move|p2a: Meowstic|Toxic|p1a: Porygon2\n|-status|p1a: Porygon2|tox\n|move|p1a: Porygon2|Recover|p1a: Porygon2\n|-heal|p1a: Porygon2|240/274 tox\n|\n|-heal|p2a: Meowstic|194/283|[from] item: Leftovers\n|-damage|p1a: Porygon2|223/274 tox|[from] psn\n|upkeep\n|turn|33\n|\n|t:|1769850227\n|switch|p2a: Venusaur|Venusaur-Mega, L78, F|143/253\n|switch|p1a: Sunflora|Sunflora, F|312/312 par\n|\n|upkeep\n|turn|34\n|\n|t:|1769850235\n|move|p2a: Venusaur|Sludge Bomb|p1a: Sunflora\n|-supereffective|p1a: Sunflora\n|-damage|p1a: Sunflora|154/312 par\n|move|p1a: Sunflora|Sludge Bomb|p2a: Venusaur\n|-damage|p2a: Venusaur|21/253\n|\n|upkeep\n|turn|35\n|\n|t:|1769850242\n|move|p2a: Venusaur|Synthesis|p2a: Venusaur\n|-heal|p2a: Venusaur|147/253\n|cant|p1a: Sunflora|par\n|\n|upkeep\n|turn|36\n|\n|t:|1769850248\n|move|p2a: Venusaur|Sludge Bomb|p1a: Sunflora\n|-supereffective|p1a: Sunflora\n|-damage|p1a: Sunflora|0 fnt\n|faint|p1a: Sunflora\n|\n|upkeep\n|\n|t:|1769850254\n|switch|p1a: Entei|Entei, L78|15/307\n|turn|37\n|\n|t:|1769850258\n|move|p1a: Entei|Sacred Fire|p2a: Venusaur\n|-supereffective|p2a: Venusaur\n|-damage|p2a: Venusaur|15/253\n|move|p2a: Venusaur|Sludge Bomb|p1a: Entei\n|-damage|p1a: Entei|0 fnt\n|faint|p1a: Entei\n|\n|upkeep\n|\n|t:|1769850266\n|switch|p1a: Porygon2|Porygon2, L82|223/274 tox\n|-ability|p1a: Porygon2|Download|boost\n|-boost|p1a: Porygon2|spa|1\n|turn|38\n|\n|t:|1769850271\n|move|p2a: Venusaur|Synthesis|p2a: Venusaur\n|-heal|p2a: Venusaur|141/253\n|move|p1a: Porygon2|Ice Beam|p2a: Venusaur\n|-supereffective|p2a: Venusaur\n|-damage|p2a: Venusaur|65/253\n|\n|-damage|p1a: Porygon2|206/274 tox|[from] psn\n|upkeep\n|turn|39\n|\n|t:|1769850279\n|move|p2a: Venusaur|Synthesis|p2a: Venusaur\n|-heal|p2a: Venusaur|191/253\n|move|p1a: Porygon2|Tri Attack|p2a: Venusaur\n|-damage|p2a: Venusaur|83/253\n|\n|-damage|p1a: Porygon2|172/274 tox|[from] psn\n|upkeep\n|turn|40\n|-message|blackbeardi forfeited.\n|\n|win|white kartana\n|raw|blackbeardi's rating: 1581 &rarr; <strong>1562</strong><br />(-19 for losing)\n|raw|white kartana's rating: 1604 &rarr; <strong>1623</strong><br />(+19 for winning)\n|l|☆blackbeardi\n|player|p1|\n", "inputlog": ">version b99ff0165a6231f17e8b78c2a78d1998375de664\n>start {\"formatid\":\"gen7randombattle\",\"seed\":\"sodium,e60ed4d73b93a137cc8c28406aaa5aff\",\"rated\":\"Rated battle\"}\n>player p1 {\"name\":\"blackbeardi\",\"avatar\":\"2\",\"rating\":1581,\"seed\":\"sodium,84702782c0ec0ee575da2afb52c69f1b\"}\n>player p2 {\"name\":\"white kartana\",\"avatar\":\"170\",\"rating\":1604,\"seed\":\"sodium,9f182532c69ef76691968e309866c8fa\"}\n>p1 move swordsdance\n>p2 move nuzzle\n>p1 move headbutt\n>p2 move stickyweb\n>p1 move substitute\n>p2 move spikes\n>p1 move hornleech\n>p2 move spikes\n>p2 switch 4\n>p1 move headbutt\n>p2 move bugbuzz\n>p1 switch 4\n>p1 move sacredfire\n>p2 switch 3\n>p1 switch 2\n>p2 move scald\n>p1 move recover\n>p2 switch 2\n>p1 switch 5\n>p2 move psychic\n>p1 move discharge\n>p2 move toxic\n>p1 switch 6\n>p2 move toxic\n>p1 move rapidspin\n>p2 switch 5\n>p1 switch 2\n>p2 move gigadrain mega\n>p1 move flareblitz\n>p2 move synthesis\n>p1 move flareblitz\n>p2 move synthesis\n>p1 move flareblitz\n>p2 move synthesis\n>p1 move flareblitz\n>p2 switch 2\n>p1 switch 5\n>p2 move scald\n>p2 switch 5\n>p1 move toxic\n>p2 move psychic\n>p1 move banefulbunker\n>p2 move healbell\n>p1 move toxic\n>p2 move psychic\n>p1 switch 3\n>p1 move sludgebomb\n>p2 move thunderwave\n>p1 move sludgebomb\n>p2 switch 6\n>p1 switch 2\n>p2 move ironhead\n>p1 move stoneedge\n>p2 move curse\n>p1 move knockoff\n>p2 move curse\n>p1 move earthquake\n>p2 move ironhead\n>p1 switch 2\n>p1 move earthpower\n>p2 move rest\n>p1 switch 5\n>p2 move sleeptalk\n>p1 move sacredfire\n>p2 move sleeptalk\n>p2 switch 6\n>p1 switch 6\n>p2 move psychic\n>p1 move recover\n>p2 move toxic\n>p1 switch 5\n>p2 switch 2\n>p1 move sludgebomb\n>p2 move sludgebomb\n>p1 move sludgebomb\n>p2 move synthesis\n>p1 move sludgebomb\n>p2 move sludgebomb\n>p1 switch 6\n>p1 move sacredfire\n>p2 move sludgebomb\n>p1 switch 5\n>p1 move icebeam\n>p2 move synthesis\n>p1 move triattack\n>p2 move synthesis\n>forcelose p1", "uploadtime": 1769850288, "views": 181, "formatid": "gen7randombattle", "rating": 1562, "private": 0, "password": null}