{"id": "gen7randombattle-2533175929", "format": "[Gen 7] Random Battle", "players": ["Bin2409", "grummybear45"], "log": "|j|☆Bin2409\n|j|☆grummybear45\n|t:|1770267376\n|gametype|singles\n|player|p1|Bin2409|maid|1741\n|player|p2|grummybear45|lacey|1618\n|gen|7\n|tier|[Gen 7] Random Battle\n|rated|\n|rule|Sleep Clause Mod: Limit one foe put to sleep\n|rule|HP Percentage Mod: HP is shown in percentages\n|rule|Illusion Level Mod: Illusion disguises the Pokémon's true level\n|\n|t:|1770267376\n|teamsize|p1|6\n|teamsize|p2|6\n|start\n|switch|p1a: Floatzel|Floatzel, L86, M|286/286\n|switch|p2a: Shiftry|Shiftry, L90, F|308/308\n|turn|1\n|inactive|Battle timer is ON: inactive players will automatically lose when time's up. (requested by grummybear45)\n|\n|t:|1770267397\n|switch|p1a: Wigglytuff|Wigglytuff, L95, M|420/420\n|switch|p2a: Pyukumuku|Pyukumuku, L92, M|251/251\n|\n|upkeep\n|turn|2\n|\n|t:|1770267410\n|move|p1a: Wigglytuff|Stealth Rock|p2a: Pyukumuku\n|-sidestart|p2: grummybear45|move: Stealth Rock\n|move|p2a: Pyukumuku|Toxic|p1a: Wigglytuff\n|-status|p1a: Wigglytuff|tox\n|\n|-damage|p1a: Wigglytuff|394/420 tox|[from] psn\n|upkeep\n|turn|3\n|\n|t:|1770267416\n|move|p1a: Wigglytuff|Knock Off|p2a: Pyukumuku\n|-damage|p2a: Pyukumuku|203/251\n|-enditem|p2a: Pyukumuku|Leftovers|[from] move: Knock Off|[of] p1a: Wigglytuff\n|move|p2a: Pyukumuku|Block|p1a: Wigglytuff\n|-activate|p1a: Wigglytuff|trapped\n|\n|-heal|p1a: Wigglytuff|420/420 tox|[from] item: Leftovers\n|-damage|p1a: Wigglytuff|368/420 tox|[from] psn\n|upkeep\n|turn|4\n|\n|t:|1770267422\n|move|p1a: Wigglytuff|Heal Bell|p1a: Wigglytuff\n|-activate|p1a: Wigglytuff|move: Heal Bell\n|-curestatus|p1a: Wigglytuff|tox|[msg]\n|move|p2a: Pyukumuku|Soak|p1a: Wigglytuff\n|-start|p1a: Wigglytuff|typechange|Water\n|\n|-heal|p1a: Wigglytuff|394/420|[from] item: Leftovers\n|upkeep\n|turn|5\n|\n|t:|1770267428\n|move|p1a: Wigglytuff|Dazzling Gleam|p2a: Pyukumuku\n|-damage|p2a: Pyukumuku|159/251\n|move|p2a: Pyukumuku|Toxic|p1a: Wigglytuff\n|-status|p1a: Wigglytuff|tox\n|\n|-heal|p1a: Wigglytuff|420/420 tox|[from] item: Leftovers\n|-damage|p1a: Wigglytuff|394/420 tox|[from] psn\n|upkeep\n|turn|6\n|\n|t:|1770267435\n|move|p1a: Wigglytuff|Dazzling Gleam|p2a: Pyukumuku\n|-damage|p2a: Pyukumuku|113/251\n|move|p2a: Pyukumuku|Recover|p2a: Pyukumuku\n|-heal|p2a: Pyukumuku|239/251\n|\n|-heal|p1a: Wigglytuff|420/420 tox|[from] item: Leftovers\n|-damage|p1a: Wigglytuff|368/420 tox|[from] psn\n|upkeep\n|turn|7\n|\n|t:|1770267439\n|move|p1a: Wigglytuff|Dazzling Gleam|p2a: Pyukumuku\n|-damage|p2a: Pyukumuku|195/251\n|move|p2a: Pyukumuku|Soak|p1a: Wigglytuff\n|-fail|p1a: Wigglytuff\n|\n|-heal|p1a: Wigglytuff|394/420 tox|[from] item: Leftovers\n|-damage|p1a: Wigglytuff|316/420 tox|[from] psn\n|upkeep\n|turn|8\n|\n|t:|1770267444\n|move|p1a: Wigglytuff|Heal Bell|p1a: Wigglytuff\n|-activate|p1a: Wigglytuff|move: Heal Bell\n|-curestatus|p1a: Wigglytuff|tox|[msg]\n|move|p2a: Pyukumuku|Soak|p1a: Wigglytuff\n|-fail|p1a: Wigglytuff\n|\n|-heal|p1a: Wigglytuff|342/420|[from] item: Leftovers\n|upkeep\n|turn|9\n|\n|t:|1770267448\n|move|p1a: Wigglytuff|Dazzling Gleam|p2a: Pyukumuku\n|-crit|p2a: Pyukumuku\n|-damage|p2a: Pyukumuku|133/251\n|move|p2a: Pyukumuku|Toxic|p1a: Wigglytuff\n|-status|p1a: Wigglytuff|tox\n|\n|-heal|p1a: Wigglytuff|368/420 tox|[from] item: Leftovers\n|-damage|p1a: Wigglytuff|342/420 tox|[from] psn\n|upkeep\n|turn|10\n|\n|t:|1770267456\n|move|p1a: Wigglytuff|Dazzling Gleam|p2a: Pyukumuku\n|-damage|p2a: Pyukumuku|85/251\n|move|p2a: Pyukumuku|Recover|p2a: Pyukumuku\n|-heal|p2a: Pyukumuku|211/251\n|\n|-heal|p1a: Wigglytuff|368/420 tox|[from] item: Leftovers\n|-damage|p1a: Wigglytuff|316/420 tox|[from] psn\n|upkeep\n|turn|11\n|\n|t:|1770267460\n|move|p1a: Wigglytuff|Dazzling Gleam|p2a: Pyukumuku\n|-damage|p2a: Pyukumuku|163/251\n|move|p2a: Pyukumuku|Soak|p1a: Wigglytuff\n|-fail|p1a: Wigglytuff\n|\n|-heal|p1a: Wigglytuff|342/420 tox|[from] item: Leftovers\n|-damage|p1a: Wigglytuff|264/420 tox|[from] psn\n|upkeep\n|turn|12\n|\n|t:|1770267463\n|move|p1a: Wigglytuff|Heal Bell|p1a: Wigglytuff\n|-activate|p1a: Wigglytuff|move: Heal Bell\n|-curestatus|p1a: Wigglytuff|tox|[msg]\n|move|p2a: Pyukumuku|Soak|p1a: Wigglytuff\n|-fail|p1a: Wigglytuff\n|\n|-heal|p1a: Wigglytuff|290/420|[from] item: Leftovers\n|upkeep\n|turn|13\n|\n|t:|1770267469\n|move|p1a: Wigglytuff|Dazzling Gleam|p2a: Pyukumuku\n|-damage|p2a: Pyukumuku|115/251\n|move|p2a: Pyukumuku|Recover|p2a: Pyukumuku\n|-heal|p2a: Pyukumuku|241/251\n|\n|-heal|p1a: Wigglytuff|316/420|[from] item: Leftovers\n|upkeep\n|turn|14\n|\n|t:|1770267477\n|move|p1a: Wigglytuff|Dazzling Gleam|p2a: Pyukumuku\n|-crit|p2a: Pyukumuku\n|-damage|p2a: Pyukumuku|169/251\n|move|p2a: Pyukumuku|Toxic|p1a: Wigglytuff\n|-status|p1a: Wigglytuff|tox\n|\n|-heal|p1a: Wigglytuff|342/420 tox|[from] item: Leftovers\n|-damage|p1a: Wigglytuff|316/420 tox|[from] psn\n|upkeep\n|turn|15\n|\n|t:|1770267484\n|move|p1a: Wigglytuff|Heal Bell|p1a: Wigglytuff\n|-activate|p1a: Wigglytuff|move: Heal Bell\n|-curestatus|p1a: Wigglytuff|tox|[msg]\n|move|p2a: Pyukumuku|Soak|p1a: Wigglytuff\n|-fail|p1a: Wigglytuff\n|\n|-heal|p1a: Wigglytuff|342/420|[from] item: Leftovers\n|upkeep\n|turn|16\n|\n|t:|1770267491\n|move|p1a: Wigglytuff|Dazzling Gleam|p2a: Pyukumuku\n|-damage|p2a: Pyukumuku|122/251\n|move|p2a: Pyukumuku|Recover|p2a: Pyukumuku\n|-heal|p2a: Pyukumuku|248/251\n|\n|-heal|p1a: Wigglytuff|368/420|[from] item: Leftovers\n|upkeep\n|turn|17\n|\n|t:|1770267498\n|move|p1a: Wigglytuff|Dazzling Gleam|p2a: Pyukumuku\n|-damage|p2a: Pyukumuku|207/251\n|move|p2a: Pyukumuku|Toxic|p1a: Wigglytuff\n|-status|p1a: Wigglytuff|tox\n|\n|-heal|p1a: Wigglytuff|394/420 tox|[from] item: Leftovers\n|-damage|p1a: Wigglytuff|368/420 tox|[from] psn\n|upkeep\n|turn|18\n|\n|t:|1770267508\n|move|p1a: Wigglytuff|Dazzling Gleam|p2a: Pyukumuku\n|-crit|p2a: Pyukumuku\n|-damage|p2a: Pyukumuku|141/251\n|move|p2a: Pyukumuku|Soak|p1a: Wigglytuff\n|-fail|p1a: Wigglytuff\n|\n|-heal|p1a: Wigglytuff|394/420 tox|[from] item: Leftovers\n|-damage|p1a: Wigglytuff|342/420 tox|[from] psn\n|upkeep\n|turn|19\n|\n|t:|1770267514\n|move|p1a: Wigglytuff|Heal Bell|p1a: Wigglytuff\n|-activate|p1a: Wigglytuff|move: Heal Bell\n|-curestatus|p1a: Wigglytuff|tox|[msg]\n|move|p2a: Pyukumuku|Recover|p2a: Pyukumuku\n|-heal|p2a: Pyukumuku|251/251\n|\n|-heal|p1a: Wigglytuff|368/420|[from] item: Leftovers\n|upkeep\n|turn|20\n|\n|t:|1770267522\n|move|p1a: Wigglytuff|Dazzling Gleam|p2a: Pyukumuku\n|-crit|p2a: Pyukumuku\n|-damage|p2a: Pyukumuku|184/251\n|move|p2a: Pyukumuku|Toxic|p1a: Wigglytuff\n|-status|p1a: Wigglytuff|tox\n|\n|-heal|p1a: Wigglytuff|394/420 tox|[from] item: Leftovers\n|-damage|p1a: Wigglytuff|368/420 tox|[from] psn\n|upkeep\n|turn|21\n|\n|t:|1770267528\n|move|p1a: Wigglytuff|Dazzling Gleam|p2a: Pyukumuku\n|-damage|p2a: Pyukumuku|136/251\n|move|p2a: Pyukumuku|Soak|p1a: Wigglytuff\n|-fail|p1a: Wigglytuff\n|\n|-heal|p1a: Wigglytuff|394/420 tox|[from] item: Leftovers\n|-damage|p1a: Wigglytuff|342/420 tox|[from] psn\n|upkeep\n|turn|22\n|\n|t:|1770267534\n|move|p1a: Wigglytuff|Dazzling Gleam|p2a: Pyukumuku\n|-damage|p2a: Pyukumuku|94/251\n|move|p2a: Pyukumuku|Recover|p2a: Pyukumuku\n|-heal|p2a: Pyukumuku|220/251\n|\n|-heal|p1a: Wigglytuff|368/420 tox|[from] item: Leftovers\n|-damage|p1a: Wigglytuff|290/420 tox|[from] psn\n|upkeep\n|turn|23\n|\n|t:|1770267538\n|move|p1a: Wigglytuff|Heal Bell|p1a: Wigglytuff\n|-activate|p1a: Wigglytuff|move: Heal Bell\n|-curestatus|p1a: Wigglytuff|tox|[msg]\n|move|p2a: Pyukumuku|Soak|p1a: Wigglytuff\n|-fail|p1a: Wigglytuff\n|\n|-heal|p1a: Wigglytuff|316/420|[from] item: Leftovers\n|upkeep\n|turn|24\n|\n|t:|1770267541\n|move|p1a: Wigglytuff|Knock Off|p2a: Pyukumuku\n|-damage|p2a: Pyukumuku|189/251\n|move|p2a: Pyukumuku|Toxic|p1a: Wigglytuff\n|-status|p1a: Wigglytuff|tox\n|\n|-heal|p1a: Wigglytuff|342/420 tox|[from] item: Leftovers\n|-damage|p1a: Wigglytuff|316/420 tox|[from] psn\n|upkeep\n|turn|25\n|\n|t:|1770267546\n|move|p1a: Wigglytuff|Knock Off|p2a: Pyukumuku\n|-damage|p2a: Pyukumuku|154/251\n|move|p2a: Pyukumuku|Soak|p1a: Wigglytuff\n|-fail|p1a: Wigglytuff\n|\n|-heal|p1a: Wigglytuff|342/420 tox|[from] item: Leftovers\n|-damage|p1a: Wigglytuff|290/420 tox|[from] psn\n|upkeep\n|turn|26\n|\n|t:|1770267549\n|move|p1a: Wigglytuff|Heal Bell|p1a: Wigglytuff\n|-activate|p1a: Wigglytuff|move: Heal Bell\n|-curestatus|p1a: Wigglytuff|tox|[msg]\n|move|p2a: Pyukumuku|Soak|p1a: Wigglytuff\n|-fail|p1a: Wigglytuff\n|\n|-heal|p1a: Wigglytuff|316/420|[from] item: Leftovers\n|upkeep\n|turn|27\n|\n|t:|1770267553\n|move|p1a: Wigglytuff|Knock Off|p2a: Pyukumuku\n|-damage|p2a: Pyukumuku|121/251\n|move|p2a: Pyukumuku|Toxic|p1a: Wigglytuff\n|-status|p1a: Wigglytuff|tox\n|\n|-heal|p1a: Wigglytuff|342/420 tox|[from] item: Leftovers\n|-damage|p1a: Wigglytuff|316/420 tox|[from] psn\n|upkeep\n|turn|28\n|\n|t:|1770267558\n|move|p1a: Wigglytuff|Knock Off|p2a: Pyukumuku\n|-damage|p2a: Pyukumuku|86/251\n|move|p2a: Pyukumuku|Recover|p2a: Pyukumuku\n|-heal|p2a: Pyukumuku|212/251\n|\n|-heal|p1a: Wigglytuff|342/420 tox|[from] item: Leftovers\n|-damage|p1a: Wigglytuff|290/420 tox|[from] psn\n|upkeep\n|turn|29\n|\n|t:|1770267568\n|move|p1a: Wigglytuff|Knock Off|p2a: Pyukumuku\n|-damage|p2a: Pyukumuku|182/251\n|move|p2a: Pyukumuku|Soak|p1a: Wigglytuff\n|-fail|p1a: Wigglytuff\n|\n|-heal|p1a: Wigglytuff|316/420 tox|[from] item: Leftovers\n|-damage|p1a: Wigglytuff|238/420 tox|[from] psn\n|upkeep\n|turn|30\n|\n|t:|1770267573\n|move|p1a: Wigglytuff|Heal Bell|p1a: Wigglytuff\n|-activate|p1a: Wigglytuff|move: Heal Bell\n|-curestatus|p1a: Wigglytuff|tox|[msg]\n|move|p2a: Pyukumuku|Toxic|p1a: Wigglytuff\n|-status|p1a: Wigglytuff|tox\n|\n|-heal|p1a: Wigglytuff|264/420 tox|[from] item: Leftovers\n|-damage|p1a: Wigglytuff|238/420 tox|[from] psn\n|upkeep\n|turn|31\n|\n|t:|1770267579\n|move|p1a: Wigglytuff|Knock Off|p2a: Pyukumuku\n|-damage|p2a: Pyukumuku|151/251\n|move|p2a: Pyukumuku|Recover|p2a: Pyukumuku\n|-heal|p2a: Pyukumuku|251/251\n|\n|-heal|p1a: Wigglytuff|264/420 tox|[from] item: Leftovers\n|-damage|p1a: Wigglytuff|212/420 tox|[from] psn\n|upkeep\n|turn|32\n|inactive|Bin2409 has 120 seconds left.\n|\n|t:|1770267638\n|move|p1a: Wigglytuff|Dazzling Gleam|p2a: Pyukumuku\n|-damage|p2a: Pyukumuku|210/251\n|move|p2a: Pyukumuku|Soak|p1a: Wigglytuff\n|-fail|p1a: Wigglytuff\n|\n|-heal|p1a: Wigglytuff|238/420 tox|[from] item: Leftovers\n|-damage|p1a: Wigglytuff|160/420 tox|[from] psn\n|upkeep\n|turn|33\n|\n|t:|1770267643\n|move|p1a: Wigglytuff|Dazzling Gleam|p2a: Pyukumuku\n|-damage|p2a: Pyukumuku|168/251\n|move|p2a: Pyukumuku|Soak|p1a: Wigglytuff\n|-fail|p1a: Wigglytuff\n|\n|-heal|p1a: Wigglytuff|186/420 tox|[from] item: Leftovers\n|-damage|p1a: Wigglytuff|82/420 tox|[from] psn\n|upkeep\n|turn|34\n|\n|t:|1770267648\n|move|p1a: Wigglytuff|Knock Off|p2a: Pyukumuku\n|-damage|p2a: Pyukumuku|134/251\n|move|p2a: Pyukumuku|Recover|p2a: Pyukumuku\n|-heal|p2a: Pyukumuku|251/251\n|\n|-heal|p1a: Wigglytuff|108/420 tox|[from] item: Leftovers\n|-damage|p1a: Wigglytuff|0 fnt|[from] psn\n|faint|p1a: Wigglytuff\n|upkeep\n|\n|t:|1770267656\n|switch|p1a: Tropius|Tropius, L94, M|336/336\n|turn|35\n|\n|t:|1770267662\n|switch|p2a: Mandibuzz|Mandibuzz, L84, F|322/322\n|-damage|p2a: Mandibuzz|242/322|[from] Stealth Rock\n|move|p1a: Tropius|Substitute|p1a: Tropius\n|-start|p1a: Tropius|Substitute\n|-damage|p1a: Tropius|252/336\n|\n|-heal|p2a: Mandibuzz|262/322|[from] item: Leftovers\n|upkeep\n|turn|36\n|\n|t:|1770267666\n|move|p2a: Mandibuzz|Taunt|p1a: Tropius\n|-start|p1a: Tropius|move: Taunt\n|cant|p1a: Tropius|move: Taunt|Leech Seed\n|\n|-heal|p2a: Mandibuzz|282/322|[from] item: Leftovers\n|upkeep\n|turn|37\n|\n|t:|1770267672\n|move|p2a: Mandibuzz|Knock Off|p1a: Tropius\n|-crit|p1a: Tropius\n|-end|p1a: Tropius|Substitute\n|move|p1a: Tropius|Air Slash|p2a: Mandibuzz\n|-damage|p2a: Mandibuzz|212/322\n|\n|-heal|p2a: Mandibuzz|232/322|[from] item: Leftovers\n|upkeep\n|turn|38\n|\n|t:|1770267680\n|switch|p1a: Cobalion|Cobalion, L78|270/270\n|move|p2a: Mandibuzz|Knock Off|p1a: Cobalion\n|-resisted|p1a: Cobalion\n|-damage|p1a: Cobalion|239/270\n|-ability|p1a: Cobalion|Justified|boost\n|-boost|p1a: Cobalion|atk|1\n|-enditem|p1a: Cobalion|Leftovers|[from] move: Knock Off|[of] p2a: Mandibuzz\n|\n|-heal|p2a: Mandibuzz|252/322|[from] item: Leftovers\n|upkeep\n|turn|39\n|\n|t:|1770267687\n|switch|p2a: Pyukumuku|Pyukumuku, L92, M|251/251\n|-damage|p2a: Pyukumuku|220/251|[from] Stealth Rock\n|move|p1a: Cobalion|Close Combat|p2a: Pyukumuku\n|-damage|p2a: Pyukumuku|153/251\n|-unboost|p1a: Cobalion|def|1\n|-unboost|p1a: Cobalion|spd|1\n|\n|upkeep\n|turn|40\n|\n|t:|1770267697\n|switch|p1a: Tapu Lele|Tapu Lele, L77|234/234\n|-fieldstart|move: Psychic Terrain|[from] ability: Psychic Surge|[of] p1a: Tapu Lele\n|move|p2a: Pyukumuku|Toxic|p1a: Tapu Lele\n|-status|p1a: Tapu Lele|tox\n|\n|-damage|p1a: Tapu Lele|220/234 tox|[from] psn\n|upkeep\n|turn|41\n|\n|t:|1770267704\n|move|p1a: Tapu Lele|Moonblast|p2a: Pyukumuku\n|-damage|p2a: Pyukumuku|48/251\n|move|p2a: Pyukumuku|Recover|p2a: Pyukumuku\n|-heal|p2a: Pyukumuku|174/251\n|\n|-damage|p1a: Tapu Lele|192/234 tox|[from] psn\n|upkeep\n|turn|42\n|\n|t:|1770267709\n|move|p1a: Tapu Lele|Moonblast|p2a: Pyukumuku\n|-damage|p2a: Pyukumuku|69/251\n|move|p2a: Pyukumuku|Recover|p2a: Pyukumuku\n|-heal|p2a: Pyukumuku|195/251\n|\n|-damage|p1a: Tapu Lele|150/234 tox|[from] psn\n|upkeep\n|turn|43\n|\n|t:|1770267714\n|move|p1a: Tapu Lele|Moonblast|p2a: Pyukumuku\n|-damage|p2a: Pyukumuku|95/251\n|move|p2a: Pyukumuku|Recover|p2a: Pyukumuku\n|-heal|p2a: Pyukumuku|221/251\n|\n|-damage|p1a: Tapu Lele|94/234 tox|[from] psn\n|upkeep\n|turn|44\n|\n|t:|1770267720\n|switch|p2a: Entei|Entei, L78|307/307\n|-damage|p2a: Entei|231/307|[from] Stealth Rock\n|move|p1a: Tapu Lele|Moonblast|p2a: Entei\n|-resisted|p2a: Entei\n|-damage|p2a: Entei|129/307\n|\n|-damage|p1a: Tapu Lele|24/234 tox|[from] psn\n|-fieldend|move: Psychic Terrain\n|upkeep\n|turn|45\n|\n|t:|1770267730\n|switch|p1a: Floatzel|Floatzel, L86, M|286/286\n|move|p2a: Entei|Extreme Speed|p1a: Floatzel\n|-damage|p1a: Floatzel|170/286\n|\n|upkeep\n|turn|46\n|\n|t:|1770267737\n|move|p2a: Entei|Extreme Speed|p1a: Floatzel\n|-damage|p1a: Floatzel|52/286\n|move|p1a: Floatzel|Aqua Jet|p2a: Entei\n|-supereffective|p2a: Entei\n|-damage|p2a: Entei|0 fnt\n|faint|p2a: Entei\n|\n|upkeep\n|\n|t:|1770267745\n|switch|p2a: Serperior|Serperior, L80, M|251/251\n|-damage|p2a: Serperior|220/251|[from] Stealth Rock\n|turn|47\n|\n|t:|1770267749\n|switch|p1a: Tropius|Tropius, L94, M|252/336\n|move|p2a: Serperior|Leaf Storm|p1a: Tropius\n|-resisted|p1a: Tropius\n|-damage|p1a: Tropius|229/336\n|-boost|p2a: Serperior|spa|2\n|\n|-heal|p2a: Serperior|235/251|[from] item: Leftovers\n|upkeep\n|turn|48\n|\n|t:|1770267755\n|move|p2a: Serperior|Glare|p1a: Tropius\n|-status|p1a: Tropius|par\n|move|p1a: Tropius|Air Slash|p2a: Serperior\n|-supereffective|p2a: Serperior\n|-damage|p2a: Serperior|73/251\n|\n|-heal|p2a: Serperior|88/251|[from] item: Leftovers\n|upkeep\n|turn|49\n|\n|t:|1770267763\n|switch|p2a: Mandibuzz|Mandibuzz, L84, F|252/322\n|-damage|p2a: Mandibuzz|172/322|[from] Stealth Rock\n|move|p1a: Tropius|Air Slash|p2a: Mandibuzz\n|-damage|p2a: Mandibuzz|91/322\n|\n|-heal|p2a: Mandibuzz|111/322|[from] item: Leftovers\n|upkeep\n|turn|50\n|\n|t:|1770267767\n|switch|p1a: Cobalion|Cobalion, L78|239/270\n|move|p2a: Mandibuzz|Roost|p2a: Mandibuzz\n|-heal|p2a: Mandibuzz|272/322\n|-singleturn|p2a: Mandibuzz|move: Roost\n|\n|-heal|p2a: Mandibuzz|292/322|[from] item: Leftovers\n|upkeep\n|turn|51\n|\n|t:|1770267775\n|move|p1a: Cobalion|Stone Edge|p2a: Mandibuzz\n|-supereffective|p2a: Mandibuzz\n|-damage|p2a: Mandibuzz|180/322\n|move|p2a: Mandibuzz|Brave Bird|p1a: Cobalion\n|-damage|p1a: Cobalion|163/270\n|-damage|p2a: Mandibuzz|155/322|[from] Recoil\n|\n|-heal|p2a: Mandibuzz|175/322|[from] item: Leftovers\n|upkeep\n|turn|52\n|\n|t:|1770267782\n|move|p1a: Cobalion|Swords Dance|p1a: Cobalion\n|-boost|p1a: Cobalion|atk|2\n|move|p2a: Mandibuzz|Roost|p2a: Mandibuzz\n|-heal|p2a: Mandibuzz|322/322\n|-singleturn|p2a: Mandibuzz|move: Roost\n|\n|upkeep\n|turn|53\n|\n|t:|1770267785\n|switch|p2a: Pyukumuku|Pyukumuku, L92, M|221/251\n|-damage|p2a: Pyukumuku|190/251|[from] Stealth Rock\n|move|p1a: Cobalion|Stone Edge|p2a: Pyukumuku\n|-damage|p2a: Pyukumuku|152/251\n|\n|upkeep\n|turn|54\n|\n|t:|1770267789\n|move|p1a: Cobalion|Close Combat|p2a: Pyukumuku\n|-damage|p2a: Pyukumuku|80/251\n|-unboost|p1a: Cobalion|def|1\n|-unboost|p1a: Cobalion|spd|1\n|move|p2a: Pyukumuku|Recover|p2a: Pyukumuku\n|-heal|p2a: Pyukumuku|206/251\n|\n|upkeep\n|turn|55\n|\n|t:|1770267796\n|switch|p1a: Tropius|Tropius, L94, M|229/336 par\n|move|p2a: Pyukumuku|Block|p1a: Tropius\n|-activate|p1a: Tropius|trapped\n|\n|upkeep\n|turn|56\n|\n|t:|1770267802\n|switch|p2a: Mandibuzz|Mandibuzz, L84, F|322/322\n|-damage|p2a: Mandibuzz|242/322|[from] Stealth Rock\n|move|p1a: Tropius|Leech Seed|p2a: Mandibuzz\n|-start|p2a: Mandibuzz|move: Leech Seed\n|\n|-heal|p2a: Mandibuzz|262/322|[from] item: Leftovers\n|-damage|p2a: Mandibuzz|222/322|[from] Leech Seed|[of] p1a: Tropius\n|-heal|p1a: Tropius|269/336 par|[silent]\n|upkeep\n|turn|57\n|\n|t:|1770267807\n|switch|p1a: Cobalion|Cobalion, L78|163/270\n|move|p2a: Mandibuzz|Roost|p2a: Mandibuzz\n|-heal|p2a: Mandibuzz|322/322\n|-singleturn|p2a: Mandibuzz|move: Roost\n|\n|-damage|p2a: Mandibuzz|282/322|[from] Leech Seed|[of] p1a: Cobalion\n|-heal|p1a: Cobalion|203/270|[silent]\n|upkeep\n|turn|58\n|\n|t:|1770267815\n|switch|p2a: Hoopa|Hoopa, L86|278/278\n|-damage|p2a: Hoopa|244/278|[from] Stealth Rock\n|move|p1a: Cobalion|Close Combat|p2a: Hoopa\n|-immune|p2a: Hoopa\n|\n|upkeep\n|turn|59\n|\n|t:|1770267823\n|switch|p1a: Lugia|Lugia, L71|268/268\n|move|p2a: Hoopa|Psychic|p1a: Lugia\n|-resisted|p1a: Lugia\n|-damage|p1a: Lugia|243/268\n|\n|-heal|p1a: Lugia|259/268|[from] item: Leftovers\n|upkeep\n|turn|60\n|\n|t:|1770267830\n|switch|p2a: Shiftry|Shiftry, L90, F|308/308\n|-damage|p2a: Shiftry|270/308|[from] Stealth Rock\n|move|p1a: Lugia|Toxic|p2a: Shiftry|[miss]\n|-miss|p1a: Lugia|p2a: Shiftry\n|\n|-heal|p1a: Lugia|268/268|[from] item: Leftovers\n|upkeep\n|turn|61\n|\n|t:|1770267834\n|move|p1a: Lugia|Aeroblast|p2a: Shiftry\n|-supereffective|p2a: Shiftry\n|-damage|p2a: Shiftry|102/308\n|move|p2a: Shiftry|Knock Off|p1a: Lugia\n|-supereffective|p1a: Lugia\n|-damage|p1a: Lugia|126/268\n|-enditem|p1a: Lugia|Leftovers|[from] move: Knock Off|[of] p2a: Shiftry\n|-damage|p2a: Shiftry|72/308|[from] item: Life Orb\n|\n|upkeep\n|turn|62\n|\n|t:|1770267845\n|switch|p1a: Cobalion|Cobalion, L78|203/270\n|move|p2a: Shiftry|Knock Off|p1a: Cobalion\n|-resisted|p1a: Cobalion\n|-damage|p1a: Cobalion|161/270\n|-ability|p1a: Cobalion|Justified|boost\n|-boost|p1a: Cobalion|atk|1\n|-damage|p2a: Shiftry|42/308|[from] item: Life Orb\n|\n|upkeep\n|turn|63\n|\n|t:|1770267851\n|move|p1a: Cobalion|Close Combat|p2a: Shiftry\n|-supereffective|p2a: Shiftry\n|-crit|p2a: Shiftry\n|-damage|p2a: Shiftry|0 fnt\n|-unboost|p1a: Cobalion|def|1\n|-unboost|p1a: Cobalion|spd|1\n|faint|p2a: Shiftry\n|\n|upkeep\n|\n|t:|1770267853\n|switch|p2a: Hoopa|Hoopa, L86|244/278\n|-damage|p2a: Hoopa|210/278|[from] Stealth Rock\n|turn|64\n|\n|t:|1770267857\n|switch|p1a: Tropius|Tropius, L94, M|269/336 par\n|move|p2a: Hoopa|Psychic|p1a: Tropius\n|-damage|p1a: Tropius|143/336 par\n|-enditem|p1a: Tropius|Sitrus Berry|[eat]\n|-heal|p1a: Tropius|227/336 par|[from] item: Sitrus Berry\n|\n|upkeep\n|turn|65\n|inactive|Bin2409 has 120 seconds left.\n|\n|t:|1770267904\n|switch|p2a: Mandibuzz|Mandibuzz, L84, F|282/322\n|-damage|p2a: Mandibuzz|202/322|[from] Stealth Rock\n|move|p1a: Tropius|Leech Seed|p2a: Mandibuzz\n|-start|p2a: Mandibuzz|move: Leech Seed\n|\n|-heal|p2a: Mandibuzz|222/322|[from] item: Leftovers\n|-damage|p2a: Mandibuzz|182/322|[from] Leech Seed|[of] p1a: Tropius\n|-heal|p1a: Tropius|267/336 par|[silent]\n|-item|p1a: Tropius|Sitrus Berry|[from] ability: Harvest\n|upkeep\n|turn|66\n|\n|t:|1770267913\n|switch|p1a: Cobalion|Cobalion, L78|161/270\n|move|p2a: Mandibuzz|Roost|p2a: Mandibuzz\n|-heal|p2a: Mandibuzz|322/322\n|-singleturn|p2a: Mandibuzz|move: Roost\n|\n|-damage|p2a: Mandibuzz|282/322|[from] Leech Seed|[of] p1a: Cobalion\n|-heal|p1a: Cobalion|201/270|[silent]\n|upkeep\n|turn|67\n|\n|t:|1770267923\n|switch|p2a: Hoopa|Hoopa, L86|210/278\n|-damage|p2a: Hoopa|176/278|[from] Stealth Rock\n|move|p1a: Cobalion|Iron Head|p2a: Hoopa\n|-damage|p2a: Hoopa|86/278\n|\n|upkeep\n|turn|68\n|inactive|Bin2409 has 120 seconds left.\n|\n|t:|1770267936\n|switch|p1a: Tapu Lele|Tapu Lele, L77|24/234 tox\n|-fieldstart|move: Psychic Terrain|[from] ability: Psychic Surge|[of] p1a: Tapu Lele\n|move|p2a: Hoopa|Shadow Ball|p1a: Tapu Lele\n|-supereffective|p1a: Tapu Lele\n|-damage|p1a: Tapu Lele|0 fnt\n|faint|p1a: Tapu Lele\n|\n|upkeep\n|\n|t:|1770267945\n|switch|p1a: Tropius|Tropius, L94, M|267/336 par\n|turn|69\n|\n|t:|1770267950\n|switch|p2a: Mandibuzz|Mandibuzz, L84, F|282/322\n|-damage|p2a: Mandibuzz|202/322|[from] Stealth Rock\n|move|p1a: Tropius|Leech Seed|p2a: Mandibuzz\n|-start|p2a: Mandibuzz|move: Leech Seed\n|\n|-heal|p2a: Mandibuzz|222/322|[from] item: Leftovers\n|-damage|p2a: Mandibuzz|182/322|[from] Leech Seed|[of] p1a: Tropius\n|-heal|p1a: Tropius|307/336 par|[silent]\n|upkeep\n|turn|70\n|\n|t:|1770267959\n|switch|p1a: Cobalion|Cobalion, L78|201/270\n|move|p2a: Mandibuzz|Roost|p2a: Mandibuzz\n|-heal|p2a: Mandibuzz|322/322\n|-singleturn|p2a: Mandibuzz|move: Roost\n|\n|-damage|p2a: Mandibuzz|282/322|[from] Leech Seed|[of] p1a: Cobalion\n|-heal|p1a: Cobalion|241/270|[silent]\n|upkeep\n|turn|71\n|\n|t:|1770267968\n|switch|p2a: Pyukumuku|Pyukumuku, L92, M|206/251\n|-damage|p2a: Pyukumuku|175/251|[from] Stealth Rock\n|move|p1a: Cobalion|Stone Edge|p2a: Pyukumuku\n|-damage|p2a: Pyukumuku|137/251\n|\n|upkeep\n|turn|72\n|\n|t:|1770267985\n|switch|p1a: Tropius|Tropius, L94, M|307/336 par\n|switch|p2a: Mandibuzz|Mandibuzz, L84, F|282/322\n|-damage|p2a: Mandibuzz|202/322|[from] Stealth Rock\n|\n|-heal|p2a: Mandibuzz|222/322|[from] item: Leftovers\n|-fieldend|move: Psychic Terrain\n|upkeep\n|turn|73\n|\n|t:|1770267991\n|switch|p1a: Cobalion|Cobalion, L78|241/270\n|move|p2a: Mandibuzz|Brave Bird|p1a: Cobalion\n|-damage|p1a: Cobalion|169/270\n|-damage|p2a: Mandibuzz|198/322|[from] Recoil\n|\n|-heal|p2a: Mandibuzz|218/322|[from] item: Leftovers\n|upkeep\n|turn|74\n|\n|t:|1770267996\n|move|p1a: Cobalion|Swords Dance|p1a: Cobalion\n|-boost|p1a: Cobalion|atk|2\n|move|p2a: Mandibuzz|Roost|p2a: Mandibuzz\n|-heal|p2a: Mandibuzz|322/322\n|-singleturn|p2a: Mandibuzz|move: Roost\n|\n|upkeep\n|turn|75\n|\n|t:|1770268005\n|switch|p2a: Serperior|Serperior, L80, M|88/251\n|-damage|p2a: Serperior|57/251|[from] Stealth Rock\n|move|p1a: Cobalion|Stone Edge|p2a: Serperior\n|-damage|p2a: Serperior|0 fnt\n|faint|p2a: Serperior\n|\n|upkeep\n|\n|t:|1770268007\n|switch|p2a: Pyukumuku|Pyukumuku, L92, M|137/251\n|-damage|p2a: Pyukumuku|106/251|[from] Stealth Rock\n|turn|76\n|\n|t:|1770268010\n|move|p1a: Cobalion|Close Combat|p2a: Pyukumuku\n|-damage|p2a: Pyukumuku|33/251\n|-unboost|p1a: Cobalion|def|1\n|-unboost|p1a: Cobalion|spd|1\n|move|p2a: Pyukumuku|Recover|p2a: Pyukumuku\n|-heal|p2a: Pyukumuku|159/251\n|\n|upkeep\n|turn|77\n|\n|t:|1770268014\n|switch|p1a: Tropius|Tropius, L94, M|307/336 par\n|switch|p2a: Mandibuzz|Mandibuzz, L84, F|322/322\n|-damage|p2a: Mandibuzz|242/322|[from] Stealth Rock\n|\n|-heal|p2a: Mandibuzz|262/322|[from] item: Leftovers\n|upkeep\n|turn|78\n|\n|t:|1770268022\n|switch|p1a: Lugia|Lugia, L71|126/268\n|move|p2a: Mandibuzz|Brave Bird|p1a: Lugia\n|-damage|p1a: Lugia|42/268\n|-damage|p2a: Mandibuzz|234/322|[from] Recoil\n|\n|-heal|p2a: Mandibuzz|254/322|[from] item: Leftovers\n|upkeep\n|turn|79\n|\n|t:|1770268030\n|move|p1a: Lugia|Roost|p1a: Lugia\n|-heal|p1a: Lugia|176/268\n|-singleturn|p1a: Lugia|move: Roost\n|move|p2a: Mandibuzz|Taunt|p1a: Lugia\n|-start|p1a: Lugia|move: Taunt\n|\n|-heal|p2a: Mandibuzz|274/322|[from] item: Leftovers\n|upkeep\n|turn|80\n|\n|t:|1770268037\n|move|p1a: Lugia|Aeroblast|p2a: Mandibuzz\n|-crit|p2a: Mandibuzz\n|-damage|p2a: Mandibuzz|177/322\n|move|p2a: Mandibuzz|Brave Bird|p1a: Lugia\n|-damage|p1a: Lugia|95/268\n|-damage|p2a: Mandibuzz|150/322|[from] Recoil\n|\n|-heal|p2a: Mandibuzz|170/322|[from] item: Leftovers\n|upkeep\n|turn|81\n|\n|t:|1770268043\n|move|p1a: Lugia|Aeroblast|p2a: Mandibuzz\n|-crit|p2a: Mandibuzz\n|-damage|p2a: Mandibuzz|70/322\n|move|p2a: Mandibuzz|Roost|p2a: Mandibuzz\n|-heal|p2a: Mandibuzz|231/322\n|-singleturn|p2a: Mandibuzz|move: Roost\n|\n|-heal|p2a: Mandibuzz|251/322|[from] item: Leftovers\n|upkeep\n|turn|82\n|\n|t:|1770268046\n|move|p1a: Lugia|Aeroblast|p2a: Mandibuzz\n|-damage|p2a: Mandibuzz|178/322\n|move|p2a: Mandibuzz|Knock Off|p1a: Lugia\n|-supereffective|p1a: Lugia\n|-damage|p1a: Lugia|0 fnt\n|faint|p1a: Lugia\n|\n|-heal|p2a: Mandibuzz|198/322|[from] item: Leftovers\n|upkeep\n|\n|t:|1770268051\n|switch|p1a: Floatzel|Floatzel, L86, M|52/286\n|turn|83\n|\n|t:|1770268056\n|move|p1a: Floatzel|Liquidation|p2a: Mandibuzz\n|-damage|p2a: Mandibuzz|69/322\n|move|p2a: Mandibuzz|Roost|p2a: Mandibuzz\n|-heal|p2a: Mandibuzz|230/322\n|-singleturn|p2a: Mandibuzz|move: Roost\n|\n|-heal|p2a: Mandibuzz|250/322|[from] item: Leftovers\n|upkeep\n|turn|84\n|\n|t:|1770268061\n|move|p1a: Floatzel|Liquidation|p2a: Mandibuzz\n|-damage|p2a: Mandibuzz|121/322\n|-unboost|p2a: Mandibuzz|def|1\n|move|p2a: Mandibuzz|Roost|p2a: Mandibuzz\n|-heal|p2a: Mandibuzz|282/322\n|-singleturn|p2a: Mandibuzz|move: Roost\n|\n|-heal|p2a: Mandibuzz|302/322|[from] item: Leftovers\n|upkeep\n|turn|85\n|\n|t:|1770268065\n|switch|p2a: Pyukumuku|Pyukumuku, L92, M|159/251\n|-damage|p2a: Pyukumuku|128/251|[from] Stealth Rock\n|move|p1a: Floatzel|Liquidation|p2a: Pyukumuku\n|-resisted|p2a: Pyukumuku\n|-damage|p2a: Pyukumuku|79/251\n|-unboost|p2a: Pyukumuku|def|1\n|\n|upkeep\n|turn|86\n|\n|t:|1770268070\n|move|p1a: Floatzel|Liquidation|p2a: Pyukumuku\n|-resisted|p2a: Pyukumuku\n|-damage|p2a: Pyukumuku|4/251\n|move|p2a: Pyukumuku|Recover|p2a: Pyukumuku\n|-heal|p2a: Pyukumuku|130/251\n|\n|upkeep\n|turn|87\n|\n|t:|1770268075\n|move|p1a: Floatzel|Liquidation|p2a: Pyukumuku\n|-resisted|p2a: Pyukumuku\n|-damage|p2a: Pyukumuku|60/251\n|move|p2a: Pyukumuku|Recover|p2a: Pyukumuku\n|-heal|p2a: Pyukumuku|186/251\n|\n|upkeep\n|turn|88\n|\n|t:|1770268080\n|move|p1a: Floatzel|Liquidation|p2a: Pyukumuku\n|-resisted|p2a: Pyukumuku\n|-damage|p2a: Pyukumuku|109/251\n|move|p2a: Pyukumuku|Toxic|p1a: Floatzel\n|-status|p1a: Floatzel|tox\n|\n|-damage|p1a: Floatzel|35/286 tox|[from] psn\n|upkeep\n|turn|89\n|\n|t:|1770268087\n|switch|p1a: Tropius|Tropius, L94, M|307/336 par\n|move|p2a: Pyukumuku|Block|p1a: Tropius\n|-activate|p1a: Tropius|trapped\n|\n|upkeep\n|turn|90\n|\n|t:|1770268093\n|switch|p2a: Mandibuzz|Mandibuzz, L84, F|302/322\n|-damage|p2a: Mandibuzz|222/322|[from] Stealth Rock\n|move|p1a: Tropius|Leech Seed|p2a: Mandibuzz\n|-start|p2a: Mandibuzz|move: Leech Seed\n|\n|-heal|p2a: Mandibuzz|242/322|[from] item: Leftovers\n|-damage|p2a: Mandibuzz|202/322|[from] Leech Seed|[of] p1a: Tropius\n|-heal|p1a: Tropius|336/336 par|[silent]\n|upkeep\n|turn|91\n|\n|t:|1770268097\n|switch|p1a: Cobalion|Cobalion, L78|169/270\n|move|p2a: Mandibuzz|Roost|p2a: Mandibuzz\n|-heal|p2a: Mandibuzz|322/322\n|-singleturn|p2a: Mandibuzz|move: Roost\n|\n|-damage|p2a: Mandibuzz|282/322|[from] Leech Seed|[of] p1a: Cobalion\n|-heal|p1a: Cobalion|209/270|[silent]\n|upkeep\n|turn|92\n|\n|t:|1770268103\n|switch|p2a: Pyukumuku|Pyukumuku, L92, M|109/251\n|-damage|p2a: Pyukumuku|78/251|[from] Stealth Rock\n|move|p1a: Cobalion|Swords Dance|p1a: Cobalion\n|-boost|p1a: Cobalion|atk|2\n|\n|upkeep\n|turn|93\n|\n|t:|1770268117\n|move|p1a: Cobalion|Close Combat|p2a: Pyukumuku\n|-damage|p2a: Pyukumuku|11/251\n|-unboost|p1a: Cobalion|def|1\n|-unboost|p1a: Cobalion|spd|1\n|move|p2a: Pyukumuku|Block|p1a: Cobalion\n|-activate|p1a: Cobalion|trapped\n|\n|upkeep\n|turn|94\n|\n|t:|1770268127\n|move|p1a: Cobalion|Iron Head|p2a: Pyukumuku\n|-resisted|p2a: Pyukumuku\n|-damage|p2a: Pyukumuku|0 fnt\n|faint|p2a: Pyukumuku\n|\n|upkeep\n|\n|t:|1770268129\n|switch|p2a: Hoopa|Hoopa, L86|86/278\n|-damage|p2a: Hoopa|52/278|[from] Stealth Rock\n|turn|95\n|\n|t:|1770268139\n|switch|p1a: Tropius|Tropius, L94, M|336/336 par\n|move|p2a: Hoopa|Trick|p1a: Tropius\n|-activate|p2a: Hoopa|move: Trick|[of] p1a: Tropius\n|-item|p1a: Tropius|Choice Scarf|[from] move: Trick\n|-item|p2a: Hoopa|Sitrus Berry|[from] move: Trick\n|-enditem|p2a: Hoopa|Sitrus Berry|[eat]\n|-heal|p2a: Hoopa|121/278|[from] item: Sitrus Berry\n|\n|upkeep\n|turn|96\n|\n|t:|1770268146\n|switch|p2a: Mandibuzz|Mandibuzz, L84, F|282/322\n|-damage|p2a: Mandibuzz|202/322|[from] Stealth Rock\n|move|p1a: Tropius|Leech Seed|p2a: Mandibuzz\n|-start|p2a: Mandibuzz|move: Leech Seed\n|\n|-heal|p2a: Mandibuzz|222/322|[from] item: Leftovers\n|-damage|p2a: Mandibuzz|182/322|[from] Leech Seed|[of] p1a: Tropius\n|upkeep\n|turn|97\n|\n|t:|1770268150\n|switch|p2a: Hoopa|Hoopa, L86|121/278\n|-damage|p2a: Hoopa|87/278|[from] Stealth Rock\n|switch|p1a: Cobalion|Cobalion, L78|209/270\n|\n|upkeep\n|turn|98\n|\n|t:|1770268155\n|switch|p1a: Tropius|Tropius, L94, M|336/336 par\n|move|p2a: Hoopa|Focus Blast|p1a: Tropius\n|-resisted|p1a: Tropius\n|-damage|p1a: Tropius|278/336 par\n|-item|p2a: Hoopa|Choice Scarf|[from] ability: Magician|[of] p1a: Tropius\n|\n|upkeep\n|turn|99\n|\n|t:|1770268169\n|move|p2a: Hoopa|Trick|p1a: Tropius\n|-activate|p2a: Hoopa|move: Trick|[of] p1a: Tropius\n|-item|p1a: Tropius|Choice Scarf|[from] move: Trick\n|-enditem|p2a: Hoopa|Choice Scarf|[silent]|[from] move: Trick\n|cant|p1a: Tropius|par\n|\n|upkeep\n|turn|100\n|\n|t:|1770268174\n|switch|p2a: Mandibuzz|Mandibuzz, L84, F|182/322\n|-damage|p2a: Mandibuzz|102/322|[from] Stealth Rock\n|move|p1a: Tropius|Air Slash|p2a: Mandibuzz\n|-damage|p2a: Mandibuzz|23/322\n|\n|-heal|p2a: Mandibuzz|43/322|[from] item: Leftovers\n|upkeep\n|turn|101\n|\n|t:|1770268178\n|switch|p1a: Cobalion|Cobalion, L78|209/270\n|move|p2a: Mandibuzz|Roost|p2a: Mandibuzz\n|-heal|p2a: Mandibuzz|204/322\n|-singleturn|p2a: Mandibuzz|move: Roost\n|\n|-heal|p2a: Mandibuzz|224/322|[from] item: Leftovers\n|upkeep\n|turn|102\n|\n|t:|1770268181\n|move|p1a: Cobalion|Swords Dance|p1a: Cobalion\n|-boost|p1a: Cobalion|atk|2\n|move|p2a: Mandibuzz|Brave Bird|p1a: Cobalion\n|-damage|p1a: Cobalion|139/270\n|-damage|p2a: Mandibuzz|201/322|[from] Recoil\n|\n|-heal|p2a: Mandibuzz|221/322|[from] item: Leftovers\n|upkeep\n|turn|103\n|\n|t:|1770268184\n|move|p1a: Cobalion|Stone Edge|p2a: Mandibuzz\n|-supereffective|p2a: Mandibuzz\n|-damage|p2a: Mandibuzz|11/322\n|move|p2a: Mandibuzz|Brave Bird|p1a: Cobalion\n|-damage|p1a: Cobalion|57/270\n|-damage|p2a: Mandibuzz|0 fnt|[from] Recoil\n|faint|p2a: Mandibuzz\n|\n|upkeep\n|\n|t:|1770268186\n|switch|p2a: Hoopa|Hoopa, L86|87/278\n|-damage|p2a: Hoopa|53/278|[from] Stealth Rock\n|turn|104\n|\n|t:|1770268189\n|move|p1a: Cobalion|Iron Head|p2a: Hoopa\n|-crit|p2a: Hoopa\n|-damage|p2a: Hoopa|0 fnt\n|faint|p2a: Hoopa\n|\n|win|Bin2409\n|raw|Bin2409's rating: 1741 &rarr; <strong>1754</strong><br />(+13 for winning)\n|raw|grummybear45's rating: 1618 &rarr; <strong>1605</strong><br />(-13 for losing)\n", "inputlog": ">version ccdc32dd7cde25fd9e4bed64820e885f66e78a4e\n>start {\"formatid\":\"gen7randombattle\",\"seed\":\"sodium,7457420d95aa4e3a7646277fb311f3c2\",\"rated\":\"Rated battle\"}\n>player p1 {\"name\":\"Bin2409\",\"avatar\":\"maid\",\"rating\":1741,\"seed\":\"sodium,5fc302c582522ce96bb91f4153a3d51d\"}\n>player p2 {\"name\":\"grummybear45\",\"avatar\":\"lacey\",\"rating\":1618,\"seed\":\"sodium,ed4c414f79ce83103be942fd01a912ae\"}\n>p1 switch 3\n>p2 switch 5\n>p1 move stealthrock\n>p2 move toxic\n>p1 move knockoff\n>p2 move block\n>p1 move healbell\n>p2 move soak\n>p1 move dazzlinggleam\n>p2 move toxic\n>p1 move dazzlinggleam\n>p2 move recover\n>p1 move dazzlinggleam\n>p2 move soak\n>p1 move healbell\n>p2 move soak\n>p1 move dazzlinggleam\n>p2 move toxic\n>p1 move dazzlinggleam\n>p2 move recover\n>p1 move dazzlinggleam\n>p2 move soak\n>p1 move healbell\n>p2 move soak\n>p1 move dazzlinggleam\n>p2 move recover\n>p1 move dazzlinggleam\n>p2 move toxic\n>p1 move healbell\n>p2 move soak\n>p1 move dazzlinggleam\n>p2 move recover\n>p1 move dazzlinggleam\n>p2 move toxic\n>p1 move dazzlinggleam\n>p2 move soak\n>p1 move healbell\n>p2 move recover\n>p1 move dazzlinggleam\n>p2 move toxic\n>p1 move dazzlinggleam\n>p2 move soak\n>p1 move dazzlinggleam\n>p2 move recover\n>p1 move healbell\n>p2 move soak\n>p1 move knockoff\n>p2 move toxic\n>p1 move knockoff\n>p2 move soak\n>p1 move healbell\n>p2 move soak\n>p1 move knockoff\n>p2 move toxic\n>p1 move knockoff\n>p2 move recover\n>p1 move knockoff\n>p2 move soak\n>p1 move healbell\n>p2 move toxic\n>p1 move knockoff\n>p2 move recover\n>p1 move dazzlinggleam\n>p2 move soak\n>p1 move dazzlinggleam\n>p2 move soak\n>p1 move knockoff\n>p2 move recover\n>p1 switch 2\n>p1 move substitute\n>p2 switch 4\n>p1 move leechseed\n>p2 move taunt\n>p1 move airslash\n>p2 move knockoff\n>p1 switch 6\n>p2 move knockoff\n>p1 move closecombat\n>p2 switch 4\n>p1 switch 4\n>p2 move toxic\n>p1 move moonblast\n>p2 move recover\n>p1 move moonblast\n>p2 move recover\n>p1 move moonblast\n>p2 move recover\n>p1 move moonblast\n>p2 switch 3\n>p1 switch 3\n>p2 move extremespeed\n>p1 move aquajet\n>p2 move extremespeed\n>p2 switch 2\n>p1 switch 6\n>p2 move leafstorm\n>p1 move airslash\n>p2 move glare\n>p1 move airslash\n>p2 switch 4\n>p1 switch 4\n>p2 move roost\n>p1 move stoneedge\n>p2 move bravebird\n>p1 move swordsdance\n>p2 move roost\n>p1 move stoneedge\n>p2 switch 3\n>p1 move closecombat\n>p2 move recover\n>p1 switch 4\n>p2 move block\n>p1 move leechseed\n>p2 switch 3\n>p1 switch 4\n>p2 move roost\n>p1 move closecombat\n>p2 switch 6\n>p1 switch 5\n>p2 move psychic\n>p1 move toxic\n>p2 switch 5\n>p1 move aeroblast\n>p2 move knockoff\n>p1 switch 5\n>p2 move knockoff\n>p1 move closecombat\n>p2 move lowkick\n>p2 switch 5\n>p1 switch 4\n>p2 move psychic\n>p1 move leechseed\n>p2 switch 6\n>p1 switch 4\n>p2 move roost\n>p1 move ironhead\n>p2 switch 6\n>p1 switch 3\n>p2 move shadowball\n>p1 switch 4\n>p1 move leechseed\n>p2 switch 6\n>p1 switch 3\n>p2 move roost\n>p1 move stoneedge\n>p2 switch 3\n>p1 switch 3\n>p2 switch 3\n>p1 switch 3\n>p2 move bravebird\n>p1 move swordsdance\n>p2 move roost\n>p1 move stoneedge\n>p2 switch 4\n>p2 switch 3\n>p1 move closecombat\n>p2 move recover\n>p1 switch 3\n>p2 switch 4\n>p1 switch 5\n>p2 move bravebird\n>p1 move roost\n>p2 move taunt\n>p1 move aeroblast\n>p2 move bravebird\n>p1 move aeroblast\n>p2 move roost\n>p1 move aeroblast\n>p2 move knockoff\n>p1 switch 6\n>p1 move liquidation\n>p2 move roost\n>p1 move liquidation\n>p2 move roost\n>p1 move liquidation\n>p2 switch 4\n>p1 move liquidation\n>p2 move recover\n>p1 move liquidation\n>p2 move recover\n>p1 move liquidation\n>p2 move toxic\n>p1 switch 5\n>p2 move block\n>p1 move leechseed\n>p2 switch 4\n>p1 switch 3\n>p2 move roost\n>p1 move swordsdance\n>p2 switch 4\n>p1 move closecombat\n>p2 move block\n>p1 move ironhead\n>p2 move toxic\n>p2 switch 6\n>p1 switch 3\n>p2 move trick\n>p1 move leechseed\n>p2 switch 4\n>p1 switch 3\n>p2 switch 4\n>p1 switch 3\n>p2 move focusblast\n>p1 move leechseed\n>p2 move trick\n>p1 move airslash\n>p2 switch 4\n>p1 switch 3\n>p2 move roost\n>p1 move swordsdance\n>p2 move bravebird\n>p1 move stoneedge\n>p2 move bravebird\n>p2 switch 4\n>p1 move ironhead\n>p2 move psychic", "uploadtime": 1770268193, "views": 158, "formatid": "gen7randombattle", "rating": 1605, "private": 0, "password": null}