{"id": "gen7randombattle-2524939886", "format": "[Gen 7] Random Battle", "players": ["mapotofusauce", "jgoldb69"], "log": "|j|☆mapotofusauce\n|j|☆jgoldb69\n|t:|1769208230\n|gametype|singles\n|player|p1|mapotofusauce|101|1500\n|player|p2|jgoldb69|ltsurge|1595\n|gen|7\n|tier|[Gen 7] Random Battle\n|rated|\n|rule|Sleep Clause Mod: Limit one foe put to sleep\n|rule|HP Percentage Mod: HP is shown in percentages\n|rule|Illusion Level Mod: Illusion disguises the Pokémon's true level\n|\n|t:|1769208230\n|teamsize|p1|6\n|teamsize|p2|6\n|start\n|switch|p1a: Noivern|Noivern, L83, M|277/277\n|switch|p2a: Tentacruel|Tentacruel, L83, F|268/268\n|turn|1\n|inactive|Battle timer is ON: inactive players will automatically lose when time's up. (requested by jgoldb69)\n|\n|t:|1769208256\n|switch|p1a: Trevenant|Trevenant, L91, M|303/303\n|move|p2a: Tentacruel|Toxic Spikes|p1a: Trevenant\n|-sidestart|p1: mapotofusauce|move: Toxic Spikes\n|\n|upkeep\n|turn|2\n|inactive|jgoldb69 has 120 seconds left.\n|\n|t:|1769208287\n|move|p2a: Tentacruel|Toxic Spikes|p1a: Trevenant\n|-sidestart|p1: mapotofusauce|move: Toxic Spikes\n|move|p1a: Trevenant|Horn Leech|p2a: Tentacruel\n|-damage|p2a: Tentacruel|112/268\n|-damage|p1a: Trevenant|273/303|[from] item: Life Orb\n|\n|-heal|p2a: Tentacruel|128/268|[from] item: Black Sludge\n|upkeep\n|turn|3\n|\n|t:|1769208299\n|move|p2a: Tentacruel|Sludge Bomb|p1a: Trevenant\n|-damage|p1a: Trevenant|192/303\n|move|p1a: Trevenant|Horn Leech|p2a: Tentacruel\n|-damage|p2a: Tentacruel|0 fnt\n|-heal|p1a: Trevenant|256/303|[from] drain|[of] p2a: Tentacruel\n|faint|p2a: Tentacruel\n|-damage|p1a: Trevenant|226/303|[from] item: Life Orb\n|\n|upkeep\n|\n|t:|1769208309\n|switch|p2a: Shuckle|Shuckle, L86, M|175/175\n|turn|4\n|\n|t:|1769208327\n|move|p1a: Trevenant|Rock Slide|p2a: Shuckle\n|-supereffective|p2a: Shuckle\n|-damage|p2a: Shuckle|92/175\n|-damage|p1a: Trevenant|196/303|[from] item: Life Orb\n|move|p2a: Shuckle|Sticky Web|p1a: Trevenant\n|-sidestart|p1: mapotofusauce|move: Sticky Web\n|\n|upkeep\n|turn|5\n|\n|t:|1769208334\n|move|p1a: Trevenant|Rock Slide|p2a: Shuckle\n|-supereffective|p2a: Shuckle\n|-damage|p2a: Shuckle|11/175\n|-damage|p1a: Trevenant|166/303|[from] item: Life Orb\n|move|p2a: Shuckle|Stealth Rock|p1a: Trevenant\n|-sidestart|p1: mapotofusauce|move: Stealth Rock\n|\n|upkeep\n|turn|6\n|\n|t:|1769208340\n|move|p1a: Trevenant|Horn Leech|p2a: Shuckle\n|-damage|p2a: Shuckle|0 fnt\n|-heal|p1a: Trevenant|172/303|[from] drain|[of] p2a: Shuckle\n|faint|p2a: Shuckle\n|-damage|p1a: Trevenant|142/303|[from] item: Life Orb\n|\n|upkeep\n|\n|t:|1769208345\n|switch|p2a: Mr. Mime|Mr. Mime, L90, F|218/218\n|turn|7\n|\n|t:|1769208357\n|move|p2a: Mr. Mime|Psychic|p1a: Trevenant\n|-damage|p1a: Trevenant|0 fnt\n|faint|p1a: Trevenant\n|-damage|p2a: Mr. Mime|197/218|[from] item: Life Orb\n|\n|upkeep\n|inactive|mapotofusauce has 120 seconds left.\n|\n|t:|1769208402\n|switch|p1a: Cobalion|Cobalion, L78|270/270\n|-activate|p1a: Cobalion|move: Sticky Web\n|-unboost|p1a: Cobalion|spe|1\n|-damage|p1a: Cobalion|262/270|[from] Stealth Rock\n|turn|8\n|\n|t:|1769208422\n|move|p2a: Mr. Mime|Focus Blast|p1a: Cobalion|[miss]\n|-miss|p2a: Mr. Mime|p1a: Cobalion\n|move|p1a: Cobalion|Iron Head|p2a: Mr. Mime\n|-supereffective|p2a: Mr. Mime\n|-damage|p2a: Mr. Mime|71/218\n|\n|upkeep\n|turn|9\n|inactive|mapotofusauce has 90 seconds left.\n|\n|t:|1769208438\n|switch|p1a: Noivern|Noivern, L83, M|277/277\n|-damage|p1a: Noivern|208/277|[from] Stealth Rock\n|move|p2a: Mr. Mime|Focus Blast|p1a: Noivern\n|-resisted|p1a: Noivern\n|-damage|p1a: Noivern|142/277\n|-damage|p2a: Mr. Mime|50/218|[from] item: Life Orb\n|\n|upkeep\n|turn|10\n|inactive|mapotofusauce has 90 seconds left.\n|\n|t:|1769208454\n|move|p1a: Noivern|Flamethrower|p2a: Mr. Mime\n|-damage|p2a: Mr. Mime|0 fnt\n|faint|p2a: Mr. Mime\n|\n|upkeep\n|\n|t:|1769208471\n|switch|p2a: Cloyster|Cloyster, L80, M|211/211\n|turn|11\n|inactive|mapotofusauce has 90 seconds left.\n|\n|t:|1769208488\n|switch|p1a: Cobalion|Cobalion, L78|262/270\n|-activate|p1a: Cobalion|move: Sticky Web\n|-unboost|p1a: Cobalion|spe|1\n|-damage|p1a: Cobalion|254/270|[from] Stealth Rock\n|move|p2a: Cloyster|Shell Smash|p2a: Cloyster\n|-unboost|p2a: Cloyster|def|1\n|-unboost|p2a: Cloyster|spd|1\n|-boost|p2a: Cloyster|atk|2\n|-boost|p2a: Cloyster|spa|2\n|-boost|p2a: Cloyster|spe|2\n|-enditem|p2a: Cloyster|White Herb\n|-clearnegativeboost|p2a: Cloyster|[silent]\n|\n|upkeep\n|turn|12\n|inactive|mapotofusauce has 90 seconds left.\n|\n|t:|1769208500\n|move|p2a: Cloyster|Hydro Pump|p1a: Cobalion\n|-damage|p1a: Cobalion|16/270\n|-zpower|p1a: Cobalion\n|move|p1a: Cobalion|All-Out Pummeling|p2a: Cloyster|[zeffect]\n|-supereffective|p2a: Cloyster\n|-damage|p2a: Cloyster|31/211\n|\n|upkeep\n|turn|13\n|inactive|mapotofusauce has 90 seconds left.\n|\n|t:|1769208512\n|move|p2a: Cloyster|Icicle Spear|p1a: Cobalion\n|-resisted|p1a: Cobalion\n|-damage|p1a: Cobalion|0 fnt\n|faint|p1a: Cobalion\n|-hitcount|p1: Cobalion|1\n|\n|upkeep\n|inactive|mapotofusauce has 90 seconds left.\n|\n|t:|1769208535\n|switch|p1a: Ambipom|Ambipom, L84, F|263/263\n|-status|p1a: Ambipom|tox\n|-activate|p1a: Ambipom|move: Sticky Web\n|-unboost|p1a: Ambipom|spe|1\n|-damage|p1a: Ambipom|231/263 tox|[from] Stealth Rock\n|turn|14\n|\n|t:|1769208542\n|move|p1a: Ambipom|Fake Out|p2a: Cloyster\n|-crit|p2a: Cloyster\n|-damage|p2a: Cloyster|0 fnt\n|faint|p2a: Cloyster\n|\n|-damage|p1a: Ambipom|215/263 tox|[from] psn\n|upkeep\n|\n|t:|1769208545\n|switch|p2a: Watchog|Watchog, L96, M|271/271\n|turn|15\n|inactive|mapotofusauce has 90 seconds left.\n|\n|t:|1769208550\n|move|p2a: Watchog|Swords Dance|p2a: Watchog\n|-boost|p2a: Watchog|atk|2\n|move|p1a: Ambipom|Return|p2a: Watchog\n|-damage|p2a: Watchog|144/271\n|\n|-damage|p1a: Ambipom|183/263 tox|[from] psn\n|upkeep\n|turn|16\n|inactive|mapotofusauce has 90 seconds left.\n|\n|t:|1769208561\n|move|p2a: Watchog|Return|p1a: Ambipom\n|-damage|p1a: Ambipom|0 fnt\n|faint|p1a: Ambipom\n|-damage|p2a: Watchog|117/271|[from] item: Life Orb\n|\n|upkeep\n|inactive|mapotofusauce has 90 seconds left.\n|\n|t:|1769208570\n|switch|p1a: Noivern|Noivern, L83, M|142/277\n|-damage|p1a: Noivern|73/277|[from] Stealth Rock\n|turn|17\n|\n|t:|1769208575\n|move|p1a: Noivern|Draco Meteor|p2a: Watchog\n|-damage|p2a: Watchog|0 fnt\n|-unboost|p1a: Noivern|spa|2\n|faint|p2a: Watchog\n|\n|upkeep\n|\n|t:|1769208577\n|switch|p2a: Gumshoos|Gumshoos, L94, F|318/318\n|turn|18\n|\n|t:|1769208590\n|switch|p1a: Arcanine|Arcanine, L84, F|288/288\n|-status|p1a: Arcanine|tox\n|-activate|p1a: Arcanine|move: Sticky Web\n|-unboost|p1a: Arcanine|spe|1\n|-damage|p1a: Arcanine|216/288 tox|[from] Stealth Rock\n|-ability|p1a: Arcanine|Intimidate|boost\n|-unboost|p2a: Gumshoos|atk|1\n|move|p2a: Gumshoos|Return|p1a: Arcanine\n|-damage|p1a: Arcanine|0 fnt\n|faint|p1a: Arcanine\n|\n|upkeep\n|\n|t:|1769208602\n|switch|p1a: Raichu|Raichu-Alola, L86, F|243/243\n|-status|p1a: Raichu|tox\n|-activate|p1a: Raichu|move: Sticky Web\n|-unboost|p1a: Raichu|spe|1\n|-damage|p1a: Raichu|213/243 tox|[from] Stealth Rock\n|turn|19\n|\n|t:|1769208614\n|move|p1a: Raichu|Thunderbolt|p2a: Gumshoos\n|-damage|p2a: Gumshoos|165/318\n|-damage|p1a: Raichu|189/243 tox|[from] item: Life Orb\n|move|p2a: Gumshoos|Return|p1a: Raichu\n|-damage|p1a: Raichu|0 fnt\n|faint|p1a: Raichu\n|\n|upkeep\n|\n|t:|1769208621\n|switch|p1a: Noivern|Noivern, L83, M|73/277\n|-damage|p1a: Noivern|4/277|[from] Stealth Rock\n|turn|20\n|\n|t:|1769208625\n|move|p1a: Noivern|Draco Meteor|p2a: Gumshoos\n|-damage|p2a: Gumshoos|0 fnt\n|-unboost|p1a: Noivern|spa|2\n|faint|p2a: Gumshoos\n|\n|win|mapotofusauce\n|raw|mapotofusauce's rating: 1500 &rarr; <strong>1525</strong><br />(+25 for winning)\n|raw|jgoldb69's rating: 1595 &rarr; <strong>1570</strong><br />(-25 for losing)\n|l|☆jgoldb69\n|player|p2|\n", "inputlog": ">version dd3d52b8382d73d1dd2c67730c4067df325ab790\n>start {\"formatid\":\"gen7randombattle\",\"seed\":\"sodium,60969f0c754d9c3576caf4b6838fc1ca\",\"rated\":\"Rated battle\"}\n>player p1 {\"name\":\"mapotofusauce\",\"avatar\":\"101\",\"rating\":1500,\"seed\":\"sodium,81aec48abc768148e851e2325bc43dd5\"}\n>player p2 {\"name\":\"jgoldb69\",\"avatar\":\"ltsurge\",\"rating\":1595,\"seed\":\"sodium,3f8813ec18a559337371535f922f324d\"}\n>p1 switch 4\n>p2 move toxicspikes\n>p1 move hornleech\n>p2 move toxicspikes\n>p1 move hornleech\n>p2 move sludgebomb\n>p2 switch 3\n>p1 move rockslide\n>p2 move stickyweb\n>p1 move rockslide\n>p2 move stealthrock\n>p1 move hornleech\n>p2 move knockoff\n>p2 switch 4\n>p1 move hornleech\n>p2 move psychic\n>p1 switch 3\n>p1 move ironhead\n>p2 move focusblast\n>p1 switch 4\n>p2 move focusblast\n>p1 move flamethrower\n>p2 move dazzlinggleam\n>p2 switch 5\n>p1 switch 4\n>p2 move shellsmash\n>p1 move closecombat zmove\n>p2 move hydropump\n>p1 move closecombat\n>p2 move iciclespear\n>p1 switch 5\n>p1 move fakeout\n>p2 move iciclespear\n>p2 switch 2\n>p1 move return\n>p2 move swordsdance\n>p1 move return\n>p2 move return\n>p1 switch 4\n>p1 move dracometeor\n>p2 move return\n>p2 switch 6\n>p1 switch 6\n>p2 move return\n>p1 switch 2\n>p1 move thunderbolt\n>p2 move return\n>p1 switch 6\n>p1 move dracometeor\n>p2 move return", "uploadtime": 1769208657, "views": 194, "formatid": "gen7randombattle", "rating": 1525, "private": 0, "password": null}