{"id": "gen7randombattle-2523943959", "format": "[Gen 7] Random Battle", "players": ["fatpengui", "Kurochan3"], "log": "|j|‽fatpengui\n|j|☆Kurochan3\n|t:|1769093240\n|gametype|singles\n|player|p1|fatpengui|mallow|1600\n|player|p2|Kurochan3|cynthia-gen4|1722\n|gen|7\n|tier|[Gen 7] Random Battle\n|rated|\n|rule|Sleep Clause Mod: Limit one foe put to sleep\n|rule|HP Percentage Mod: HP is shown in percentages\n|rule|Illusion Level Mod: Illusion disguises the Pokémon's true level\n|\n|t:|1769093240\n|teamsize|p1|6\n|teamsize|p2|6\n|start\n|switch|p1a: Marowak|Marowak-Alola, L86, F|243/243\n|switch|p2a: Mr. Mime|Mr. Mime, L90, F|218/218\n|turn|1\n|inactive|Battle timer is ON: inactive players will automatically lose when time's up. (requested by Kurochan3)\n|\n|t:|1769093258\n|switch|p2a: Umbreon|Umbreon, L84, F|297/297\n|move|p1a: Marowak|Shadow Bone|p2a: Umbreon\n|-resisted|p2a: Umbreon\n|-damage|p2a: Umbreon|232/297\n|\n|-heal|p2a: Umbreon|250/297|[from] item: Leftovers\n|upkeep\n|turn|2\n|\n|t:|1769093284\n|switch|p1a: Solgaleo|Solgaleo, L73|320/320\n|move|p2a: Umbreon|Toxic|p1a: Solgaleo\n|-immune|p1a: Solgaleo\n|\n|-heal|p2a: Umbreon|268/297|[from] item: Leftovers\n|upkeep\n|turn|3\n|\n|t:|1769093288\n|move|p1a: Solgaleo|Sunsteel Strike|p2a: Umbreon\n|-damage|p2a: Umbreon|171/297\n|move|p2a: Umbreon|Wish|p2a: Umbreon\n|\n|-heal|p2a: Umbreon|189/297|[from] item: Leftovers\n|upkeep\n|turn|4\n|\n|t:|1769093294\n|move|p2a: Umbreon|Protect|p2a: Umbreon\n|-singleturn|p2a: Umbreon|Protect\n|move|p1a: Solgaleo|Sunsteel Strike|p2a: Umbreon\n|-activate|p2a: Umbreon|move: Protect\n|\n|-heal|p2a: Umbreon|297/297|[from] move: Wish|[wisher] Umbreon\n|upkeep\n|turn|5\n|\n|t:|1769093304\n|move|p1a: Solgaleo|Earthquake|p2a: Umbreon\n|-damage|p2a: Umbreon|239/297\n|move|p2a: Umbreon|Wish|p2a: Umbreon\n|\n|-heal|p2a: Umbreon|257/297|[from] item: Leftovers\n|upkeep\n|turn|6\n|\n|t:|1769093310\n|move|p1a: Solgaleo|Flare Blitz|p2a: Umbreon\n|-crit|p2a: Umbreon\n|-damage|p2a: Umbreon|155/297\n|-damage|p1a: Solgaleo|286/320|[from] Recoil\n|move|p2a: Umbreon|Foul Play|p1a: Solgaleo\n|-supereffective|p1a: Solgaleo\n|-damage|p1a: Solgaleo|46/320\n|-damage|p2a: Umbreon|106/297|[from] item: Rocky Helmet|[of] p1a: Solgaleo\n|\n|-heal|p2a: Umbreon|254/297|[from] move: Wish|[wisher] Umbreon\n|-heal|p2a: Umbreon|272/297|[from] item: Leftovers\n|upkeep\n|turn|7\n|\n|t:|1769093313\n|move|p1a: Solgaleo|Morning Sun|p1a: Solgaleo\n|-heal|p1a: Solgaleo|206/320\n|move|p2a: Umbreon|Wish|p2a: Umbreon\n|\n|-heal|p2a: Umbreon|290/297|[from] item: Leftovers\n|upkeep\n|turn|8\n|\n|t:|1769093333\n|switch|p1a: Seismitoad|Seismitoad, L85, F|317/317\n|move|p2a: Umbreon|Foul Play|p1a: Seismitoad\n|-damage|p1a: Seismitoad|203/317\n|\n|-heal|p2a: Umbreon|297/297|[from] move: Wish|[wisher] Umbreon\n|-heal|p1a: Seismitoad|222/317|[from] item: Leftovers\n|upkeep\n|turn|9\n|\n|t:|1769093340\n|move|p2a: Umbreon|Protect|p2a: Umbreon\n|-singleturn|p2a: Umbreon|Protect\n|move|p1a: Seismitoad|Knock Off|p2a: Umbreon\n|-activate|p2a: Umbreon|move: Protect\n|\n|-heal|p1a: Seismitoad|241/317|[from] item: Leftovers\n|upkeep\n|turn|10\n|\n|t:|1769093345\n|move|p1a: Seismitoad|Knock Off|p2a: Umbreon\n|-resisted|p2a: Umbreon\n|-damage|p2a: Umbreon|269/297\n|-enditem|p2a: Umbreon|Leftovers|[from] move: Knock Off|[of] p1a: Seismitoad\n|move|p2a: Umbreon|Toxic|p1a: Seismitoad\n|-status|p1a: Seismitoad|tox\n|\n|-heal|p1a: Seismitoad|260/317 tox|[from] item: Leftovers\n|-damage|p1a: Seismitoad|241/317 tox|[from] psn\n|upkeep\n|turn|11\n|\n|t:|1769093351\n|switch|p1a: Meloetta|Meloetta, L81|295/295\n|move|p2a: Umbreon|Wish|p2a: Umbreon\n|\n|upkeep\n|turn|12\n|\n|t:|1769093355\n|-zpower|p1a: Meloetta\n|move|p1a: Meloetta|Z-Celebrate|p1a: Meloetta|[anim]Celebrate\n|-boost|p1a: Meloetta|atk|1|[zeffect]\n|-boost|p1a: Meloetta|def|1|[zeffect]\n|-boost|p1a: Meloetta|spa|1|[zeffect]\n|-boost|p1a: Meloetta|spd|1|[zeffect]\n|-boost|p1a: Meloetta|spe|1|[zeffect]\n|-activate|p1a: Meloetta|move: Celebrate\n|move|p2a: Umbreon|Toxic|p1a: Meloetta\n|-status|p1a: Meloetta|tox\n|\n|-heal|p2a: Umbreon|297/297|[from] move: Wish|[wisher] Umbreon\n|-damage|p1a: Meloetta|277/295 tox|[from] psn\n|upkeep\n|turn|13\n|\n|t:|1769093360\n|move|p2a: Umbreon|Protect|p2a: Umbreon\n|-singleturn|p2a: Umbreon|Protect\n|move|p1a: Meloetta|Hyper Voice|p2a: Umbreon\n|-activate|p2a: Umbreon|move: Protect\n|\n|-damage|p1a: Meloetta|241/295 tox|[from] psn\n|upkeep\n|turn|14\n|\n|t:|1769093366\n|move|p1a: Meloetta|Focus Blast|p2a: Umbreon\n|-supereffective|p2a: Umbreon\n|-damage|p2a: Umbreon|69/297\n|move|p2a: Umbreon|Wish|p2a: Umbreon\n|\n|-damage|p1a: Meloetta|187/295 tox|[from] psn\n|upkeep\n|turn|15\n|\n|t:|1769093374\n|move|p2a: Umbreon|Protect|p2a: Umbreon\n|-singleturn|p2a: Umbreon|Protect\n|move|p1a: Meloetta|Hyper Voice|p2a: Umbreon\n|-activate|p2a: Umbreon|move: Protect\n|\n|-heal|p2a: Umbreon|217/297|[from] move: Wish|[wisher] Umbreon\n|-damage|p1a: Meloetta|115/295 tox|[from] psn\n|upkeep\n|turn|16\n|\n|t:|1769093378\n|switch|p2a: Slowbro|Slowbro, L83, F|293/293\n|move|p1a: Meloetta|Focus Blast|p2a: Slowbro\n|-resisted|p2a: Slowbro\n|-damage|p2a: Slowbro|216/293\n|\n|-damage|p1a: Meloetta|25/295 tox|[from] psn\n|upkeep\n|turn|17\n|\n|t:|1769093387\n|detailschange|p2a: Slowbro|Slowbro-Mega, L83, F\n|-mega|p2a: Slowbro|Slowbro|Slowbronite\n|move|p1a: Meloetta|Hyper Voice|p2a: Slowbro\n|-damage|p2a: Slowbro|35/293\n|move|p2a: Slowbro|Slack Off|p2a: Slowbro\n|-heal|p2a: Slowbro|182/293\n|\n|-damage|p1a: Meloetta|0 fnt|[from] psn\n|faint|p1a: Meloetta\n|upkeep\n|\n|t:|1769093391\n|switch|p1a: Marowak|Marowak-Alola, L86, F|243/243\n|turn|18\n|\n|t:|1769093400\n|switch|p2a: Umbreon|Umbreon, L84, F|217/297\n|move|p1a: Marowak|Flare Blitz|p2a: Umbreon\n|-damage|p2a: Umbreon|7/297\n|\n|upkeep\n|turn|19\n|\n|t:|1769093405\n|move|p2a: Umbreon|Foul Play|p1a: Marowak\n|-supereffective|p1a: Marowak\n|-damage|p1a: Marowak|93/243\n|move|p1a: Marowak|Flare Blitz|p2a: Umbreon\n|-damage|p2a: Umbreon|0 fnt\n|faint|p2a: Umbreon\n|\n|upkeep\n|\n|t:|1769093409\n|switch|p2a: Golduck|Golduck, L93, M|300/300\n|-ability|p2a: Golduck|Cloud Nine\n|turn|20\n|\n|t:|1769093413\n|switch|p1a: Seismitoad|Seismitoad, L85, F|241/317 tox\n|move|p2a: Golduck|Hydro Pump|p1a: Seismitoad\n|-heal|p1a: Seismitoad|317/317 tox|[from] ability: Water Absorb|[of] p2a: Golduck\n|\n|-damage|p1a: Seismitoad|298/317 tox|[from] psn\n|upkeep\n|turn|21\n|\n|t:|1769093420\n|switch|p2a: Slowbro|Slowbro-Mega, L83, F|182/293\n|move|p1a: Seismitoad|Earthquake|p2a: Slowbro\n|-damage|p2a: Slowbro|124/293\n|\n|-heal|p1a: Seismitoad|317/317 tox|[from] item: Leftovers\n|-damage|p1a: Seismitoad|279/317 tox|[from] psn\n|upkeep\n|turn|22\n|\n|t:|1769093423\n|switch|p1a: Marowak|Marowak-Alola, L86, F|93/243\n|move|p2a: Slowbro|Slack Off|p2a: Slowbro\n|-heal|p2a: Slowbro|271/293\n|\n|upkeep\n|turn|23\n|\n|t:|1769093430\n|move|p1a: Marowak|Shadow Bone|p2a: Slowbro\n|-supereffective|p2a: Slowbro\n|-damage|p2a: Slowbro|77/293\n|-unboost|p2a: Slowbro|def|1\n|move|p2a: Slowbro|Scald|p1a: Marowak\n|-supereffective|p1a: Marowak\n|-damage|p1a: Marowak|0 fnt\n|faint|p1a: Marowak\n|\n|upkeep\n|\n|t:|1769093441\n|switch|p1a: Torterra|Torterra, L88, M|310/310\n|turn|24\n|\n|t:|1769093446\n|move|p1a: Torterra|Wood Hammer|p2a: Slowbro\n|-supereffective|p2a: Slowbro\n|-damage|p2a: Slowbro|0 fnt\n|faint|p2a: Slowbro\n|detailschange|p2: Slowbro|Slowbro, L83, F|[silent]\n|-damage|p1a: Torterra|285/310|[from] Recoil\n|\n|-heal|p1a: Torterra|304/310|[from] item: Leftovers\n|upkeep\n|\n|t:|1769093448\n|switch|p2a: Golduck|Golduck, L93, M|300/300\n|-ability|p2a: Golduck|Cloud Nine\n|turn|25\n|\n|t:|1769093452\n|switch|p1a: Solgaleo|Solgaleo, L73|206/320\n|move|p2a: Golduck|Ice Beam|p1a: Solgaleo\n|-resisted|p1a: Solgaleo\n|-damage|p1a: Solgaleo|149/320\n|-damage|p2a: Golduck|270/300|[from] item: Life Orb\n|\n|upkeep\n|turn|26\n|\n|t:|1769093456\n|switch|p1a: Seismitoad|Seismitoad, L85, F|279/317 tox\n|move|p2a: Golduck|Hydro Pump|p1a: Seismitoad\n|-heal|p1a: Seismitoad|317/317 tox|[from] ability: Water Absorb|[of] p2a: Golduck\n|\n|-damage|p1a: Seismitoad|298/317 tox|[from] psn\n|upkeep\n|turn|27\n|\n|t:|1769093464\n|move|p2a: Golduck|Calm Mind|p2a: Golduck\n|-boost|p2a: Golduck|spa|1\n|-boost|p2a: Golduck|spd|1\n|move|p1a: Seismitoad|Stealth Rock|p2a: Golduck\n|-sidestart|p2: Kurochan3|move: Stealth Rock\n|\n|-heal|p1a: Seismitoad|317/317 tox|[from] item: Leftovers\n|-damage|p1a: Seismitoad|279/317 tox|[from] psn\n|upkeep\n|turn|28\n|\n|t:|1769093480\n|move|p2a: Golduck|Ice Beam|p1a: Seismitoad\n|-damage|p1a: Seismitoad|115/317 tox\n|-damage|p2a: Golduck|240/300|[from] item: Life Orb\n|move|p1a: Seismitoad|Earthquake|p2a: Golduck\n|-damage|p2a: Golduck|125/300\n|\n|-heal|p1a: Seismitoad|134/317 tox|[from] item: Leftovers\n|-damage|p1a: Seismitoad|77/317 tox|[from] psn\n|upkeep\n|turn|29\n|\n|t:|1769093485\n|move|p2a: Golduck|Ice Beam|p1a: Seismitoad\n|-damage|p1a: Seismitoad|0 fnt\n|faint|p1a: Seismitoad\n|-damage|p2a: Golduck|95/300|[from] item: Life Orb\n|\n|upkeep\n|\n|t:|1769093487\n|switch|p1a: Entei|Entei, L78|307/307\n|turn|30\n|\n|t:|1769093495\n|move|p1a: Entei|Extreme Speed|p2a: Golduck\n|-damage|p2a: Golduck|14/300\n|move|p2a: Golduck|Hydro Pump|p1a: Entei\n|-supereffective|p1a: Entei\n|-damage|p1a: Entei|0 fnt\n|faint|p1a: Entei\n|-damage|p2a: Golduck|0 fnt|[from] item: Life Orb\n|faint|p2a: Golduck\n|\n|upkeep\n|\n|t:|1769093501\n|switch|p2a: Weavile|Weavile, L79, F|240/240\n|switch|p1a: Torterra|Torterra, L88, M|304/310\n|-damage|p2a: Weavile|180/240|[from] Stealth Rock\n|turn|31\n|\n|t:|1769093508\n|switch|p1a: Solgaleo|Solgaleo, L73|149/320\n|move|p2a: Weavile|Icicle Crash|p1a: Solgaleo\n|-resisted|p1a: Solgaleo\n|-damage|p1a: Solgaleo|91/320\n|-damage|p2a: Weavile|156/240|[from] item: Life Orb\n|\n|upkeep\n|turn|32\n|\n|t:|1769093514\n|switch|p1a: Torterra|Torterra, L88, M|304/310\n|move|p2a: Weavile|Knock Off|p1a: Torterra\n|-damage|p1a: Torterra|179/310\n|-enditem|p1a: Torterra|Leftovers|[from] move: Knock Off|[of] p2a: Weavile\n|-damage|p2a: Weavile|132/240|[from] item: Life Orb\n|\n|upkeep\n|turn|33\n|\n|t:|1769093521\n|move|p2a: Weavile|Ice Shard|p1a: Torterra\n|-supereffective|p1a: Torterra\n|-damage|p1a: Torterra|0 fnt\n|faint|p1a: Torterra\n|-damage|p2a: Weavile|108/240|[from] item: Life Orb\n|\n|upkeep\n|\n|t:|1769093522\n|switch|p1a: Solgaleo|Solgaleo, L73|91/320\n|turn|34\n|\n|t:|1769093524\n|move|p2a: Weavile|Knock Off|p1a: Solgaleo\n|-supereffective|p1a: Solgaleo\n|-damage|p1a: Solgaleo|0 fnt\n|-damage|p2a: Weavile|68/240|[from] item: Rocky Helmet|[of] p1a: Solgaleo\n|-enditem|p1a: Solgaleo|Rocky Helmet|[from] move: Knock Off|[of] p2a: Weavile\n|faint|p1a: Solgaleo\n|-damage|p2a: Weavile|44/240|[from] item: Life Orb\n|\n|win|Kurochan3\n|raw|fatpengui's rating: 1600 &rarr; <strong>1587</strong><br />(-13 for losing)\n|raw|Kurochan3's rating: 1722 &rarr; <strong>1735</strong><br />(+13 for winning)\n|l|‽fatpengui\n|player|p1|\n|l|☆Kurochan3\n|player|p2|\n", "inputlog": ">version dd3d52b8382d73d1dd2c67730c4067df325ab790\n>start {\"formatid\":\"gen7randombattle\",\"seed\":\"sodium,f8c5141bbb2ed79c4ba419708be7e04c\",\"rated\":\"Rated battle\"}\n>player p1 {\"name\":\"fatpengui\",\"avatar\":\"mallow\",\"rating\":1600,\"seed\":\"sodium,80c8edf3f98a25499ac8ccba742df135\"}\n>player p2 {\"name\":\"Kurochan3\",\"avatar\":\"cynthia-gen4\",\"rating\":1722,\"seed\":\"sodium,2b36a08b7605bddeb1154bb41e649e6a\"}\n>p1 move shadowbone\n>p2 switch 5\n>p1 switch 2\n>p2 move toxic\n>p1 move sunsteelstrike\n>p2 move wish\n>p1 move sunsteelstrike\n>p2 move protect\n>p1 move earthquake\n>p2 move wish\n>p1 move flareblitz\n>p2 move foulplay\n>p1 move morningsun\n>p2 move wish\n>p1 switch 4\n>p2 move foulplay\n>p1 move knockoff\n>p2 move protect\n>p1 move knockoff\n>p2 move toxic\n>p1 switch 5\n>p2 move wish\n>p1 move celebrate zmove\n>p2 move toxic\n>p1 move hypervoice\n>p2 move protect\n>p1 move focusblast\n>p2 move wish\n>p1 move hypervoice\n>p2 move protect\n>p1 move focusblast\n>p2 switch 6\n>p1 move hypervoice\n>p2 move slackoff mega\n>p1 switch 2\n>p1 move flareblitz\n>p2 switch 6\n>p1 move flareblitz\n>p2 move foulplay\n>p2 switch 3\n>p1 switch 5\n>p2 move hydropump\n>p1 move earthquake\n>p2 switch 6\n>p1 switch 5\n>p2 move slackoff\n>p1 move shadowbone\n>p2 move scald\n>p1 switch 3\n>p1 move woodhammer\n>p2 move scald\n>p2 switch 6\n>p1 switch 4\n>p2 move icebeam\n>p1 switch 5\n>p2 move hydropump\n>p1 move stealthrock\n>p2 move calmmind\n>p1 move earthquake\n>p2 move icebeam\n>p1 move earthquake\n>p2 move icebeam\n>p1 switch 6\n>p1 move extremespeed\n>p2 move hydropump\n>p1 switch 4\n>p2 switch 4\n>p1 switch 5\n>p2 move iciclecrash\n>p1 switch 5\n>p2 move knockoff\n>p1 move synthesis\n>p2 move iceshard\n>p1 switch 5\n>p1 move morningsun\n>p2 move knockoff", "uploadtime": 1769093530, "views": 150, "formatid": "gen7randombattle", "rating": 1587, "private": 0, "password": null}