{"id": "gen7randombattle-2536339687", "format": "[Gen 7] Random Battle", "players": ["Johnald714", "regolioo"], "log": "|j|☆Johnald714\n|j|☆regolioo\n|t:|1770676471\n|gametype|singles\n|player|p1|Johnald714|2|1495\n|player|p2|regolioo|drayden|1562\n|gen|7\n|tier|[Gen 7] Random Battle\n|rated|\n|rule|Sleep Clause Mod: Limit one foe put to sleep\n|rule|HP Percentage Mod: HP is shown in percentages\n|rule|Illusion Level Mod: Illusion disguises the Pokémon's true level\n|\n|t:|1770676471\n|teamsize|p1|6\n|teamsize|p2|6\n|start\n|switch|p1a: Dedenne|Dedenne, L91, F|268/268\n|switch|p2a: Porygon2|Porygon2, L82|274/274\n|-ability|p2a: Porygon2|Cheek Pouch|Trace|[from] ability: Trace|[of] p1a: Dedenne\n|turn|1\n|\n|t:|1770676484\n|switch|p2a: Muk|Muk-Alola, L80, F|299/299\n|move|p1a: Dedenne|Toxic|p2a: Muk\n|-immune|p2a: Muk\n|\n|upkeep\n|turn|2\n|inactive|Battle timer is ON: inactive players will automatically lose when time's up. (requested by Johnald714)\n|\n|t:|1770676493\n|switch|p1a: Miltank|Miltank, L85, F|300/300\n|move|p2a: Muk|Gunk Shot|p1a: Miltank\n|-damage|p1a: Miltank|191/300\n|\n|-heal|p1a: Miltank|209/300|[from] item: Leftovers\n|upkeep\n|turn|3\n|\n|t:|1770676499\n|move|p1a: Miltank|Earthquake|p2a: Muk\n|-supereffective|p2a: Muk\n|-damage|p2a: Muk|161/299\n|move|p2a: Muk|Knock Off|p1a: Miltank\n|-damage|p1a: Miltank|124/300\n|-enditem|p1a: Miltank|Leftovers|[from] move: Knock Off|[of] p2a: Muk\n|\n|upkeep\n|turn|4\n|\n|t:|1770676507\n|move|p1a: Miltank|Milk Drink|p1a: Miltank\n|-heal|p1a: Miltank|274/300\n|move|p2a: Muk|Gunk Shot|p1a: Miltank\n|-damage|p1a: Miltank|163/300\n|\n|upkeep\n|turn|5\n|\n|t:|1770676513\n|move|p1a: Miltank|Earthquake|p2a: Muk\n|-supereffective|p2a: Muk\n|-damage|p2a: Muk|7/299\n|-enditem|p2a: Muk|Figy Berry|[eat]\n|-heal|p2a: Muk|156/299|[from] item: Figy Berry\n|move|p2a: Muk|Gunk Shot|p1a: Miltank|[miss]\n|-miss|p2a: Muk|p1a: Miltank\n|\n|upkeep\n|turn|6\n|\n|t:|1770676521\n|switch|p2a: Landorus|Landorus, L77, M|264/264\n|move|p1a: Miltank|Earthquake|p2a: Landorus\n|-immune|p2a: Landorus\n|\n|upkeep\n|turn|7\n|\n|t:|1770676528\n|switch|p1a: Articuno|Articuno, L85|291/291\n|-ability|p1a: Articuno|Pressure\n|move|p2a: Landorus|Earth Power|p1a: Articuno\n|-immune|p1a: Articuno\n|\n|upkeep\n|turn|8\n|\n|t:|1770676532\n|move|p2a: Landorus|Rock Slide|p1a: Articuno\n|-supereffective|p1a: Articuno\n|-damage|p1a: Articuno|0 fnt\n|faint|p1a: Articuno\n|\n|upkeep\n|\n|t:|1770676536\n|switch|p1a: Basculin|Basculin-Blue-Striped, L86, M|261/261\n|turn|9\n|\n|t:|1770676540\n|switch|p2a: Muk|Muk-Alola, L80, F|156/299\n|move|p1a: Basculin|Liquidation|p2a: Muk\n|-damage|p2a: Muk|0 fnt\n|faint|p2a: Muk\n|\n|upkeep\n|\n|t:|1770676546\n|switch|p2a: Porygon2|Porygon2, L82|274/274\n|-ability|p2a: Porygon2|Adaptability|Trace|[from] ability: Trace|[of] p1a: Basculin\n|turn|10\n|\n|t:|1770676553\n|switch|p1a: Dedenne|Dedenne, L91, F|268/268\n|move|p2a: Porygon2|Discharge|p1a: Dedenne\n|-resisted|p1a: Dedenne\n|-crit|p1a: Dedenne\n|-damage|p1a: Dedenne|218/268\n|\n|upkeep\n|turn|11\n|\n|t:|1770676560\n|move|p1a: Dedenne|Toxic|p2a: Porygon2|[miss]\n|-miss|p1a: Dedenne|p2a: Porygon2\n|move|p2a: Porygon2|Toxic|p1a: Dedenne|[miss]\n|-miss|p2a: Porygon2|p1a: Dedenne\n|\n|upkeep\n|turn|12\n|\n|t:|1770676571\n|move|p1a: Dedenne|Toxic|p2a: Porygon2\n|-status|p2a: Porygon2|tox\n|move|p2a: Porygon2|Toxic|p1a: Dedenne\n|-status|p1a: Dedenne|tox\n|\n|-damage|p1a: Dedenne|202/268 tox|[from] psn\n|-damage|p2a: Porygon2|257/274 tox|[from] psn\n|upkeep\n|turn|13\n|\n|t:|1770676588\n|switch|p1a: Unown|Unown-U|258/258\n|switch|p2a: Landorus|Landorus, L77, M|264/264\n|\n|upkeep\n|turn|14\n|\n|t:|1770676594\n|move|p2a: Landorus|Knock Off|p1a: Unown\n|-supereffective|p1a: Unown\n|-damage|p1a: Unown|40/258\n|-enditem|p1a: Unown|Choice Specs|[from] move: Knock Off|[of] p2a: Landorus\n|-damage|p2a: Landorus|238/264|[from] item: Life Orb\n|move|p1a: Unown|Hidden Power|p2a: Landorus\n|-damage|p2a: Landorus|157/264\n|\n|upkeep\n|turn|15\n|\n|t:|1770676607\n|move|p2a: Landorus|Knock Off|p1a: Unown\n|-supereffective|p1a: Unown\n|-damage|p1a: Unown|0 fnt\n|faint|p1a: Unown\n|-damage|p2a: Landorus|131/264|[from] item: Life Orb\n|\n|upkeep\n|\n|t:|1770676612\n|switch|p1a: Basculin|Basculin-Blue-Striped, L86, M|261/261\n|turn|16\n|\n|t:|1770676620\n|switch|p2a: Porygon2|Porygon2, L82|257/274 tox\n|-ability|p2a: Porygon2|Adaptability|Trace|[from] ability: Trace|[of] p1a: Basculin\n|move|p1a: Basculin|Liquidation|p2a: Porygon2\n|-damage|p2a: Porygon2|133/274 tox\n|\n|-damage|p2a: Porygon2|116/274 tox|[from] psn\n|upkeep\n|turn|17\n|\n|t:|1770676629\n|move|p1a: Basculin|Liquidation|p2a: Porygon2\n|-damage|p2a: Porygon2|0 fnt\n|faint|p2a: Porygon2\n|\n|upkeep\n|\n|t:|1770676634\n|switch|p2a: Cobalion|Cobalion, L78|270/270\n|turn|18\n|\n|t:|1770676642\n|switch|p1a: Victini|Victini, L76|277/277\n|move|p2a: Cobalion|Close Combat|p1a: Victini\n|-resisted|p1a: Victini\n|-damage|p1a: Victini|220/277\n|-unboost|p2a: Cobalion|def|1\n|-unboost|p2a: Cobalion|spd|1\n|\n|upkeep\n|turn|19\n|\n|t:|1770676646\n|move|p2a: Cobalion|Stone Edge|p1a: Victini\n|-supereffective|p1a: Victini\n|-damage|p1a: Victini|102/277\n|move|p1a: Victini|V-create|p2a: Cobalion\n|-supereffective|p2a: Cobalion\n|-damage|p2a: Cobalion|0 fnt\n|-unboost|p1a: Victini|spe|1\n|-unboost|p1a: Victini|def|1\n|-unboost|p1a: Victini|spd|1\n|faint|p2a: Cobalion\n|\n|upkeep\n|\n|t:|1770676652\n|switch|p2a: Diancie|Diancie, L74|196/196\n|turn|20\n|\n|t:|1770676657\n|switch|p1a: Dedenne|Dedenne, L91, F|202/268 tox\n|detailschange|p2a: Diancie|Diancie-Mega, L74\n|-mega|p2a: Diancie|Diancie|Diancite\n|move|p2a: Diancie|Earth Power|p1a: Dedenne\n|-supereffective|p1a: Dedenne\n|-damage|p1a: Dedenne|34/268 tox\n|-enditem|p1a: Dedenne|Sitrus Berry|[eat]\n|-heal|p1a: Dedenne|101/268 tox|[from] item: Sitrus Berry\n|-heal|p1a: Dedenne|190/268 tox|[from] ability: Cheek Pouch\n|\n|-damage|p1a: Dedenne|174/268 tox|[from] psn\n|upkeep\n|turn|21\n|\n|t:|1770676660\n|move|p1a: Dedenne|Thunderbolt|p2a: Diancie\n|-damage|p2a: Diancie|103/196\n|move|p2a: Diancie|Earth Power|p1a: Dedenne\n|-supereffective|p1a: Dedenne\n|-damage|p1a: Dedenne|20/268 tox\n|\n|-damage|p1a: Dedenne|0 fnt|[from] psn\n|faint|p1a: Dedenne\n|upkeep\n|\n|t:|1770676662\n|switch|p1a: Basculin|Basculin-Blue-Striped, L86, M|261/261\n|turn|22\n|-message|regolioo forfeited.\n|\n|win|Johnald714\n|raw|Johnald714's rating: 1495 &rarr; <strong>1519</strong><br />(+24 for winning)\n|raw|regolioo's rating: 1562 &rarr; <strong>1538</strong><br />(-24 for losing)\n|l|☆regolioo\n|player|p2|\n", "inputlog": ">version ccdc32dd7cde25fd9e4bed64820e885f66e78a4e\n>start {\"formatid\":\"gen7randombattle\",\"seed\":\"sodium,4fca19959190fa6d5f91683a6e21ad2e\",\"rated\":\"Rated battle\"}\n>player p1 {\"name\":\"Johnald714\",\"avatar\":\"2\",\"rating\":1495,\"seed\":\"sodium,ab57758415844feabd63fd7285314a58\"}\n>player p2 {\"name\":\"regolioo\",\"avatar\":\"drayden\",\"rating\":1562,\"seed\":\"sodium,070e3b28a8ebaa317b4561201da3f187\"}\n>p1 move toxic\n>p2 switch 3\n>p1 switch 4\n>p2 move gunkshot\n>p1 move earthquake\n>p2 move knockoff\n>p1 move milkdrink\n>p2 move gunkshot\n>p1 move earthquake\n>p2 move gunkshot\n>p1 move earthquake\n>p2 switch 5\n>p1 switch 5\n>p2 move earthpower\n>p1 move freezedry\n>p2 move rockslide\n>p1 switch 3\n>p1 move liquidation\n>p2 switch 5\n>p2 switch 3\n>p1 switch 4\n>p2 move discharge\n>p1 move toxic\n>p2 move toxic\n>p1 move toxic\n>p2 move toxic\n>p1 switch 2\n>p2 switch 5\n>p1 move hiddenpower\n>p2 move knockoff\n>p1 move hiddenpower\n>p2 move knockoff\n>p1 switch 4\n>p1 move liquidation\n>p2 switch 5\n>p1 move liquidation\n>p2 move discharge\n>p2 switch 4\n>p1 switch 6\n>p2 move closecombat\n>p1 move vcreate\n>p2 move stoneedge\n>p2 switch 6\n>p1 switch 2\n>p2 move earthpower mega\n>p1 move thunderbolt\n>p2 move earthpower\n>p1 switch 6\n>forcelose p2", "uploadtime": 1770676674, "views": 202, "formatid": "gen7randombattle", "rating": 1519, "private": 0, "password": null}