{"id": "gen7randombattle-2528459968", "format": "[Gen 7] Random Battle", "players": ["BruhMonumento", "ockdzck"], "log": "|j|☆BruhMonumento\n|j|☆ockdzck\n|t:|1769659320\n|gametype|singles\n|player|p1|BruhMonumento|ghetsis|1669\n|player|p2|ockdzck|blue|1697\n|gen|7\n|tier|[Gen 7] Random Battle\n|rated|\n|rule|Sleep Clause Mod: Limit one foe put to sleep\n|rule|HP Percentage Mod: HP is shown in percentages\n|rule|Illusion Level Mod: Illusion disguises the Pokémon's true level\n|\n|t:|1769659320\n|teamsize|p1|6\n|teamsize|p2|6\n|start\n|switch|p1a: Hoopa|Hoopa-Unbound, L81|262/262\n|switch|p2a: Silvally|Silvally-Psychic, L87|307/307\n|turn|1\n|\n|t:|1769659328\n|move|p2a: Silvally|U-turn|p1a: Hoopa\n|-supereffective|p1a: Hoopa\n|-damage|p1a: Hoopa|0 fnt\n|faint|p1a: Hoopa\n|inactive|Battle timer is ON: inactive players will automatically lose when time's up. (requested by BruhMonumento)\n|\n|t:|1769659333\n|switch|p2a: Deoxys|Deoxys-Speed, L81|214/214|[from] U-turn\n|-ability|p2a: Deoxys|Pressure\n|\n|upkeep\n|\n|t:|1769659342\n|switch|p1a: Blacephalon|Blacephalon, L80|215/215\n|turn|2\n|j| GrayIcon\n|\n|t:|1769659361\n|move|p2a: Deoxys|Psycho Boost|p1a: Blacephalon\n|-damage|p1a: Blacephalon|47/215\n|-unboost|p2a: Deoxys|spa|2\n|move|p1a: Blacephalon|Shadow Ball|p2a: Deoxys\n|-supereffective|p2a: Deoxys\n|-damage|p2a: Deoxys|2/214\n|\n|-heal|p2a: Deoxys|15/214|[from] item: Leftovers\n|upkeep\n|turn|3\n|c| GrayIcon|y'all better play good\n|c| GrayIcon|or I'm judging tf out of you\n|c| GrayIcon|capice?\n|\n|t:|1769659376\n|switch|p1a: Tapu Lele|Tapu Lele, L77|234/234\n|-fieldstart|move: Psychic Terrain|[from] ability: Psychic Surge|[of] p1a: Tapu Lele\n|move|p2a: Deoxys|Psycho Boost|p1a: Tapu Lele|[miss]\n|-miss|p2a: Deoxys|p1a: Tapu Lele\n|\n|-heal|p2a: Deoxys|28/214|[from] item: Leftovers\n|upkeep\n|turn|4\n|c|☆BruhMonumento|ok\n|\n|t:|1769659390\n|move|p2a: Deoxys|Spikes|p1a: Tapu Lele\n|-sidestart|p1: BruhMonumento|Spikes\n|move|p1a: Tapu Lele|Moonblast|p2a: Deoxys\n|-damage|p2a: Deoxys|0 fnt\n|faint|p2a: Deoxys\n|\n|upkeep\n|\n|t:|1769659397\n|switch|p2a: Mawile|Mawile, L78, M|206/206\n|-ability|p2a: Mawile|Intimidate|boost\n|-unboost|p1a: Tapu Lele|atk|1\n|turn|5\n|\n|t:|1769659405\n|switch|p1a: Simisear|Simisear, L89, F|278/278\n|-damage|p1a: Simisear|244/278|[from] Spikes\n|detailschange|p2a: Mawile|Mawile-Mega, L78, M\n|-mega|p2a: Mawile|Mawile|Mawilite\n|move|p2a: Mawile|Knock Off|p1a: Simisear\n|-damage|p1a: Simisear|98/278\n|-enditem|p1a: Simisear|Life Orb|[from] move: Knock Off|[of] p2a: Mawile\n|\n|upkeep\n|turn|6\n|\n|t:|1769659418\n|switch|p2a: Darmanitan|Darmanitan, L82, M|306/306\n|move|p1a: Simisear|Fire Blast|p2a: Darmanitan\n|-resisted|p2a: Darmanitan\n|-damage|p2a: Darmanitan|219/306\n|\n|upkeep\n|turn|7\n|c| GrayIcon|aw manb\n|c| GrayIcon|that's no bueno\n|\n|t:|1769659433\n|move|p1a: Simisear|Hidden Power|p2a: Darmanitan\n|-supereffective|p2a: Darmanitan\n|-damage|p2a: Darmanitan|93/306\n|move|p2a: Darmanitan|Earthquake|p1a: Simisear\n|-supereffective|p1a: Simisear\n|-damage|p1a: Simisear|0 fnt\n|faint|p1a: Simisear\n|-damage|p2a: Darmanitan|63/306|[from] item: Life Orb\n|\n|-fieldend|move: Psychic Terrain\n|upkeep\n|\n|t:|1769659442\n|switch|p1a: Hawlucha|Hawlucha, L78, F|248/248\n|turn|8\n|\n|t:|1769659450\n|switch|p2a: Silvally|Silvally-Psychic, L87|307/307\n|move|p1a: Hawlucha|Substitute|p1a: Hawlucha\n|-start|p1a: Hawlucha|Substitute\n|-damage|p1a: Hawlucha|186/248\n|\n|upkeep\n|turn|9\n|\n|t:|1769659456\n|move|p1a: Hawlucha|Swords Dance|p1a: Hawlucha\n|-boost|p1a: Hawlucha|atk|2\n|move|p2a: Silvally|Multi-Attack|p1a: Hawlucha\n|-supereffective|p1a: Hawlucha\n|-end|p1a: Hawlucha|Substitute\n|\n|upkeep\n|turn|10\n|\n|t:|1769659463\n|move|p1a: Hawlucha|Substitute|p1a: Hawlucha\n|-start|p1a: Hawlucha|Substitute\n|-damage|p1a: Hawlucha|124/248\n|-enditem|p1a: Hawlucha|Sitrus Berry|[eat]\n|-heal|p1a: Hawlucha|186/248|[from] item: Sitrus Berry\n|move|p2a: Silvally|Multi-Attack|p1a: Hawlucha\n|-supereffective|p1a: Hawlucha\n|-end|p1a: Hawlucha|Substitute\n|\n|upkeep\n|turn|11\n|c| GrayIcon|noooooooooooo\n|c| GrayIcon|bro\n|\n|t:|1769659471\n|move|p1a: Hawlucha|Acrobatics|p2a: Silvally\n|-damage|p2a: Silvally|142/307\n|move|p2a: Silvally|Multi-Attack|p1a: Hawlucha\n|-supereffective|p1a: Hawlucha\n|-damage|p1a: Hawlucha|0 fnt\n|faint|p1a: Hawlucha\n|\n|upkeep\n|\n|t:|1769659484\n|switch|p1a: Blacephalon|Blacephalon, L80|47/215\n|-damage|p1a: Blacephalon|21/215|[from] Spikes\n|turn|12\n|\n|t:|1769659503\n|move|p1a: Blacephalon|Shadow Ball|p2a: Silvally\n|-supereffective|p2a: Silvally\n|-damage|p2a: Silvally|0 fnt\n|faint|p2a: Silvally\n|-ability|p1a: Blacephalon|Beast Boost|boost\n|-boost|p1a: Blacephalon|spa|1\n|\n|upkeep\n|\n|t:|1769659505\n|switch|p2a: Regirock|Regirock, L87|281/281\n|turn|13\n|\n|t:|1769659511\n|move|p1a: Blacephalon|Shadow Ball|p2a: Regirock\n|-damage|p2a: Regirock|142/281\n|move|p2a: Regirock|Stone Edge|p1a: Blacephalon|[miss]\n|-miss|p2a: Regirock|p1a: Blacephalon\n|\n|upkeep\n|turn|14\n|c| GrayIcon|needed to save the simisear go into blacephalon instantly, outspeed into shadowball\n|\n|t:|1769659516\n|move|p1a: Blacephalon|Shadow Ball|p2a: Regirock\n|-damage|p2a: Regirock|7/281\n|move|p2a: Regirock|Stone Edge|p1a: Blacephalon\n|-supereffective|p1a: Blacephalon\n|-damage|p1a: Blacephalon|0 fnt\n|faint|p1a: Blacephalon\n|\n|upkeep\n|c| GrayIcon|sheitttttttttttttttt\n|c| GrayIcon|ur beasting now tho\n|\n|t:|1769659523\n|switch|p1a: Electivire|Electivire, L86, F|269/269\n|-damage|p1a: Electivire|236/269|[from] Spikes\n|turn|15\n|c| GrayIcon|so it may work out\n|c| GrayIcon|bu8t the question is\n|c| GrayIcon|will electivire have eq?\n|c| GrayIcon|probably\n|c| GrayIcon|if so\n|c| GrayIcon|then ur in an ok spot\n|\n|t:|1769659549\n|move|p1a: Electivire|Volt Switch|p2a: Regirock\n|-damage|p2a: Regirock|0 fnt\n|faint|p2a: Regirock\n|\n|t:|1769659551\n|switch|p1a: Tapu Lele|Tapu Lele, L77|234/234|[from] Volt Switch\n|-damage|p1a: Tapu Lele|205/234|[from] Spikes\n|-fieldstart|move: Psychic Terrain|[from] ability: Psychic Surge|[of] p1a: Tapu Lele\n|\n|upkeep\n|c| GrayIcon|REGINALD ROCK\n|\n|t:|1769659557\n|switch|p2a: Darmanitan|Darmanitan, L82, M|63/306\n|turn|16\n|\n|t:|1769659580\n|move|p1a: Tapu Lele|Focus Blast|p2a: Darmanitan\n|-damage|p2a: Darmanitan|0 fnt\n|faint|p2a: Darmanitan\n|\n|upkeep\n|\n|t:|1769659584\n|switch|p2a: Mawile|Mawile-Mega, L78, M|206/206\n|turn|17\n|\n|t:|1769659589\n|move|p1a: Tapu Lele|Focus Blast|p2a: Mawile\n|-damage|p2a: Mawile|112/206\n|move|p2a: Mawile|Iron Head|p1a: Tapu Lele\n|-supereffective|p1a: Tapu Lele\n|-damage|p1a: Tapu Lele|0 fnt\n|faint|p1a: Tapu Lele\n|\n|upkeep\n|\n|t:|1769659594\n|switch|p1a: Electivire|Electivire, L86, F|236/269\n|-damage|p1a: Electivire|203/269|[from] Spikes\n|turn|18\n|j| gojk\n|\n|t:|1769659600\n|move|p1a: Electivire|Wild Charge|p2a: Mawile\n|-damage|p2a: Mawile|19/206\n|-damage|p1a: Electivire|180/269|[from] Recoil\n|move|p2a: Mawile|Play Rough|p1a: Electivire\n|-damage|p1a: Electivire|0 fnt\n|faint|p1a: Electivire\n|\n|win|ockdzck\n|raw|BruhMonumento's rating: 1669 &rarr; <strong>1651</strong><br />(-18 for losing)\n|raw|ockdzck's rating: 1697 &rarr; <strong>1715</strong><br />(+18 for winning)\n|l|☆BruhMonumento\n|player|p1|\n|c| gojk|mawiled\n|j| realooos\n|l|☆ockdzck\n|player|p2|\n|c| GrayIcon|ye\n|l| realooos\n|c| GrayIcon|he got beasted\n|l| GrayIcon\n", "inputlog": ">version b99ff0165a6231f17e8b78c2a78d1998375de664\n>start {\"formatid\":\"gen7randombattle\",\"seed\":\"sodium,cc473bd228401264c85484e799c69ab7\",\"rated\":\"Rated battle\"}\n>player p1 {\"name\":\"BruhMonumento\",\"avatar\":\"ghetsis\",\"rating\":1669,\"seed\":\"sodium,90a2ff3520ba41b4e2e14b650e21c7fc\"}\n>player p2 {\"name\":\"ockdzck\",\"avatar\":\"blue\",\"rating\":1697,\"seed\":\"sodium,2491ab3c6b5668dff224a1ea5238648c\"}\n>p1 move hyperspacefury\n>p2 move uturn\n>p2 switch 3\n>p1 switch 2\n>p1 move shadowball\n>p2 move psychoboost\n>chat  GrayIcon|y'all better play good\n>chat  GrayIcon|or I'm judging tf out of you\n>chat  GrayIcon|capice?\n>p1 switch 4\n>p2 move psychoboost\n>chat ☆BruhMonumento|ok\n>p1 move moonblast\n>p2 move spikes\n>p2 switch 6\n>p1 switch 6\n>p2 move knockoff mega\n>p1 move fireblast\n>p2 switch 4\n>chat  GrayIcon|aw manb\n>chat  GrayIcon|that's no bueno\n>p1 move hiddenpower\n>p2 move earthquake\n>p1 switch 3\n>p1 move substitute\n>p2 switch 3\n>p1 move swordsdance\n>p2 move multiattack\n>p1 move substitute\n>p2 move multiattack\n>chat  GrayIcon|noooooooooooo\n>chat  GrayIcon|bro\n>p1 move acrobatics\n>p2 move multiattack\n>p1 switch 4\n>p1 move shadowball\n>p2 move multiattack\n>p2 switch 2\n>p1 move shadowball\n>p2 move stoneedge\n>chat  GrayIcon|needed to save the simisear go into blacephalon instantly, outspeed into shadowball\n>p1 move shadowball\n>p2 move stoneedge\n>chat  GrayIcon|sheitttttttttttttttt\n>chat  GrayIcon|ur beasting now tho\n>p1 switch 5\n>chat  GrayIcon|so it may work out\n>chat  GrayIcon|bu8t the question is\n>chat  GrayIcon|will electivire have eq?\n>chat  GrayIcon|probably\n>chat  GrayIcon|if so\n>chat  GrayIcon|then ur in an ok spot\n>p1 move voltswitch\n>p2 move rest\n>p1 switch 6\n>chat  GrayIcon|REGINALD ROCK\n>p2 switch 3\n>p1 move focusblast\n>p2 move flareblitz\n>p2 switch 4\n>p1 move focusblast\n>p2 move ironhead\n>p1 switch 6\n>p1 move wildcharge\n>p2 move playrough", "uploadtime": 1769659608, "views": 170, "formatid": "gen7randombattle", "rating": 1651, "private": 0, "password": null}