{"id": "gen7randombattle-2530058486", "format": "[Gen 7] Random Battle", "players": ["Shmoom", "wowowd"], "log": "|j|☆Shmoom\n|j|☆wowowd\n|t:|1769870621\n|gametype|singles\n|player|p1|Shmoom|harlequin|1537\n|player|p2|wowowd|pokemonranger-gen4|1502\n|gen|7\n|tier|[Gen 7] Random Battle\n|rated|\n|rule|Sleep Clause Mod: Limit one foe put to sleep\n|rule|HP Percentage Mod: HP is shown in percentages\n|rule|Illusion Level Mod: Illusion disguises the Pokémon's true level\n|\n|t:|1769870622\n|teamsize|p1|6\n|teamsize|p2|6\n|start\n|switch|p1a: Zebstrika|Zebstrika, L88, M|275/275\n|switch|p2a: Accelgor|Accelgor, L90, F|290/290\n|turn|1\n|inactive|Battle timer is ON: inactive players will automatically lose when time's up. (requested by wowowd)\n|inactive|wowowd has 120 seconds left.\n|\n|t:|1769870660\n|move|p2a: Accelgor|U-turn|p1a: Zebstrika\n|-damage|p1a: Zebstrika|194/275\n|\n|t:|1769870666\n|switch|p2a: Golem|Golem-Alola, L90, M|290/290|[from] U-turn\n|move|p1a: Zebstrika|Overheat|p2a: Golem\n|-resisted|p2a: Golem\n|-damage|p2a: Golem|239/290\n|-unboost|p1a: Zebstrika|spa|2\n|\n|upkeep\n|turn|2\n|\n|t:|1769870679\n|move|p1a: Zebstrika|Volt Switch|p2a: Golem\n|-resisted|p2a: Golem\n|-damage|p2a: Golem|220/290\n|\n|t:|1769870694\n|switch|p1a: Diggersby|Diggersby, L82, M|274/274|[from] Volt Switch\n|move|p2a: Golem|Return|p1a: Diggersby\n|-immune|p1a: Diggersby\n|\n|upkeep\n|turn|3\n|\n|t:|1769870707\n|switch|p2a: Type: Null|Type: Null, L85|300/300\n|move|p1a: Diggersby|Agility|p1a: Diggersby\n|-boost|p1a: Diggersby|spe|2\n|\n|upkeep\n|turn|4\n|\n|t:|1769870714\n|move|p1a: Diggersby|Swords Dance|p1a: Diggersby\n|-boost|p1a: Diggersby|atk|2\n|move|p2a: Type: Null|Swords Dance|p2a: Type: Null\n|-boost|p2a: Type: Null|atk|2\n|\n|upkeep\n|turn|5\n|\n|t:|1769870721\n|move|p1a: Diggersby|Swords Dance|p1a: Diggersby\n|-boost|p1a: Diggersby|atk|2\n|move|p2a: Type: Null|Return|p1a: Diggersby\n|-crit|p1a: Diggersby\n|-damage|p1a: Diggersby|0 fnt\n|faint|p1a: Diggersby\n|\n|upkeep\n|\n|t:|1769870735\n|switch|p1a: Alomomola|Alomomola, L87, F|429/429\n|turn|6\n|\n|t:|1769870738\n|move|p1a: Alomomola|Toxic|p2a: Type: Null|[miss]\n|-miss|p1a: Alomomola|p2a: Type: Null\n|move|p2a: Type: Null|Return|p1a: Alomomola\n|-damage|p1a: Alomomola|210/429\n|\n|-heal|p1a: Alomomola|236/429|[from] item: Leftovers\n|upkeep\n|turn|7\n|\n|t:|1769870747\n|move|p1a: Alomomola|Protect|p1a: Alomomola\n|-singleturn|p1a: Alomomola|Protect\n|move|p2a: Type: Null|Return|p1a: Alomomola\n|-activate|p1a: Alomomola|move: Protect\n|\n|-heal|p1a: Alomomola|262/429|[from] item: Leftovers\n|upkeep\n|turn|8\n|\n|t:|1769870756\n|move|p1a: Alomomola|Wish|p1a: Alomomola\n|move|p2a: Type: Null|Return|p1a: Alomomola\n|-damage|p1a: Alomomola|45/429\n|\n|-heal|p1a: Alomomola|71/429|[from] item: Leftovers\n|upkeep\n|turn|9\n|\n|t:|1769870763\n|move|p1a: Alomomola|Protect|p1a: Alomomola\n|-singleturn|p1a: Alomomola|Protect\n|move|p2a: Type: Null|Swords Dance|p2a: Type: Null\n|-boost|p2a: Type: Null|atk|2\n|\n|-heal|p1a: Alomomola|285/429|[from] move: Wish|[wisher] Alomomola\n|-heal|p1a: Alomomola|311/429|[from] item: Leftovers\n|upkeep\n|turn|10\n|\n|t:|1769870773\n|move|p1a: Alomomola|Toxic|p2a: Type: Null\n|-status|p2a: Type: Null|tox\n|move|p2a: Type: Null|Return|p1a: Alomomola\n|-damage|p1a: Alomomola|0 fnt\n|faint|p1a: Alomomola\n|\n|-damage|p2a: Type: Null|282/300 tox|[from] psn\n|upkeep\n|\n|t:|1769870786\n|switch|p1a: Beheeyem|Beheeyem, L93, F|290/290\n|turn|11\n|\n|t:|1769870790\n|move|p2a: Type: Null|Return|p1a: Beheeyem\n|-damage|p1a: Beheeyem|0 fnt\n|faint|p1a: Beheeyem\n|\n|-damage|p2a: Type: Null|246/300 tox|[from] psn\n|upkeep\n|\n|t:|1769870797\n|switch|p1a: Pidgeot|Pidgeot, L90, F|296/296\n|turn|12\n|\n|t:|1769870803\n|move|p1a: Pidgeot|Return|p2a: Type: Null\n|-damage|p2a: Type: Null|174/300 tox\n|move|p2a: Type: Null|Return|p1a: Pidgeot\n|-damage|p1a: Pidgeot|0 fnt\n|faint|p1a: Pidgeot\n|\n|-damage|p2a: Type: Null|120/300 tox|[from] psn\n|upkeep\n|\n|t:|1769870814\n|switch|p1a: Zebstrika|Zebstrika, L88, M|194/275\n|turn|13\n|\n|t:|1769870817\n|move|p1a: Zebstrika|Volt Switch|p2a: Type: Null\n|-damage|p2a: Type: Null|72/300 tox\n|\n|t:|1769870820\n|switch|p1a: Blaziken|Blaziken, L73, F|237/237|[from] Volt Switch\n|move|p2a: Type: Null|Rest|p2a: Type: Null\n|-status|p2a: Type: Null|slp|[from] move: Rest\n|-heal|p2a: Type: Null|300/300 slp|[silent]\n|\n|upkeep\n|turn|14\n|\n|t:|1769870829\n|detailschange|p1a: Blaziken|Blaziken-Mega, L73, F\n|-mega|p1a: Blaziken|Blaziken|Blazikenite\n|move|p1a: Blaziken|Swords Dance|p1a: Blaziken\n|-boost|p1a: Blaziken|atk|2\n|cant|p2a: Type: Null|slp\n|move|p2a: Type: Null|Sleep Talk|p2a: Type: Null\n|move|p2a: Type: Null|Rest||[from] move: Sleep Talk|[still]\n|-fail|p2a: Type: Null\n|\n|-ability|p1a: Blaziken|Speed Boost|boost\n|-boost|p1a: Blaziken|spe|1\n|upkeep\n|turn|15\n|\n|t:|1769870842\n|move|p1a: Blaziken|High Jump Kick|p2a: Type: Null\n|-supereffective|p2a: Type: Null\n|-damage|p2a: Type: Null|0 fnt\n|faint|p2a: Type: Null\n|\n|-ability|p1a: Blaziken|Speed Boost|boost\n|-boost|p1a: Blaziken|spe|1\n|upkeep\n|\n|t:|1769870853\n|switch|p2a: Accelgor|Accelgor, L90, F|290/290\n|turn|16\n|\n|t:|1769870860\n|move|p1a: Blaziken|Flare Blitz|p2a: Accelgor\n|-supereffective|p2a: Accelgor\n|-enditem|p2a: Accelgor|Focus Sash\n|-damage|p2a: Accelgor|1/290\n|-damage|p1a: Blaziken|142/237|[from] Recoil\n|move|p2a: Accelgor|Hidden Power|p1a: Blaziken\n|-supereffective|p1a: Blaziken\n|-damage|p1a: Blaziken|16/237\n|\n|-ability|p1a: Blaziken|Speed Boost|boost\n|-boost|p1a: Blaziken|spe|1\n|upkeep\n|turn|17\n|\n|t:|1769870877\n|move|p1a: Blaziken|Stone Edge|p2a: Accelgor\n|-supereffective|p2a: Accelgor\n|-damage|p2a: Accelgor|0 fnt\n|faint|p2a: Accelgor\n|\n|-ability|p1a: Blaziken|Speed Boost|boost\n|-boost|p1a: Blaziken|spe|1\n|upkeep\n|\n|t:|1769870881\n|switch|p2a: Rayquaza|Rayquaza, L66|247/247\n|-ability|p2a: Rayquaza|Air Lock\n|turn|18\n|\n|t:|1769870890\n|switch|p1a: Zebstrika|Zebstrika, L88, M|194/275\n|detailschange|p2a: Rayquaza|Rayquaza-Mega, L66\n|-mega|p2a: Rayquaza|Rayquaza|\n|-weather|DeltaStream|[from] ability: Delta Stream|[of] p2a: Rayquaza\n|move|p2a: Rayquaza|Extreme Speed|p1a: Zebstrika\n|-damage|p1a: Zebstrika|80/275\n|\n|-weather|DeltaStream|[upkeep]\n|upkeep\n|turn|19\n|\n|t:|1769870900\n|move|p2a: Rayquaza|Extreme Speed|p1a: Zebstrika\n|-damage|p1a: Zebstrika|0 fnt\n|faint|p1a: Zebstrika\n|\n|-weather|DeltaStream|[upkeep]\n|upkeep\n|l|☆Shmoom\n|inactive|Shmoom disconnected and has a minute to reconnect!\n|player|p1|\n|inactive|Shmoom has 30 seconds to reconnect!\n|inactive|Shmoom has 20 seconds to reconnect!\n|inactive|Shmoom has 15 seconds to reconnect!\n|inactive|Shmoom has 10 seconds to reconnect!\n|inactive|Shmoom has 5 seconds to reconnect!\n|j|☆Shmoom\n|inactive|Shmoom reconnected and has 95 seconds left.\n|player|p1|Shmoom|harlequin|\n|inactive|Shmoom has 90 seconds left.\n|c|☆wowowd|Gg\n|inactive|Shmoom has 60 seconds left.\n|l|☆Shmoom\n|inactive|Shmoom disconnected and has a minute to reconnect!\n|player|p1|\n|inactive|Shmoom has 30 seconds left.\n|inactive|Shmoom has 20 seconds left.\n|inactive|Shmoom has 15 seconds left.\n|inactive|Shmoom has 10 seconds left.\n|inactive|Shmoom has 5 seconds left.\n|-message|Shmoom lost due to inactivity.\n|\n|win|wowowd\n|raw|Shmoom's rating: 1537 &rarr; <strong>1515</strong><br />(-22 for losing)\n|raw|wowowd's rating: 1502 &rarr; <strong>1524</strong><br />(+22 for winning)\n", "inputlog": ">version b99ff0165a6231f17e8b78c2a78d1998375de664\n>start {\"formatid\":\"gen7randombattle\",\"seed\":\"sodium,9771dfe7d1308392f2b2633375c0aa81\",\"rated\":\"Rated battle\"}\n>player p1 {\"name\":\"Shmoom\",\"avatar\":\"harlequin\",\"rating\":1537,\"seed\":\"sodium,32875132b6c6a2e7111c3a95ee7e733e\"}\n>player p2 {\"name\":\"wowowd\",\"avatar\":\"pokemonranger-gen4\",\"rating\":1502,\"seed\":\"sodium,f8f35adc69a53881230d80560094b2c5\"}\n>p1 move overheat\n>p2 move uturn\n>p2 switch 4\n>p1 move voltswitch\n>p2 move return\n>p1 switch 2\n>p1 move agility\n>p2 switch 5\n>p1 move swordsdance\n>p2 move swordsdance\n>p1 move swordsdance\n>p2 move return\n>p1 switch 4\n>p1 move toxic\n>p2 move return\n>p1 move protect\n>p2 move return\n>p1 move wish\n>p2 move return\n>p1 move protect\n>p2 move swordsdance\n>p1 move toxic\n>p2 move return\n>p1 switch 6\n>p1 move psychic\n>p2 move return\n>p1 switch 3\n>p1 move return\n>p2 move return\n>p1 switch 2\n>p1 move voltswitch\n>p2 move rest\n>p1 switch 5\n>p1 move swordsdance mega\n>p2 move sleeptalk\n>p1 move highjumpkick\n>p2 move sleeptalk\n>p2 switch 4\n>p1 move flareblitz\n>p2 move hiddenpower\n>p1 move stoneedge\n>p2 move hiddenpower\n>p2 switch 6\n>p1 switch 5\n>p2 move extremespeed mega\n>p1 move hiddenpower\n>p2 move extremespeed\n>chat ☆wowowd|Gg\n>forcelose p1", "uploadtime": 1769871055, "views": 188, "formatid": "gen7randombattle", "rating": 1515, "private": 0, "password": null}