{"id": "gen7randombattle-2525282496", "format": "[Gen 7] Random Battle", "players": ["diago sandro", "clemzoo"], "log": "|j|☆diago sandro\n|j|☆clemzoo\n|t:|1769262614\n|gametype|singles\n|player|p1|diago sandro|mai|1494\n|player|p2|clemzoo|pokemaniac|1528\n|gen|7\n|tier|[Gen 7] Random Battle\n|rated|\n|rule|Sleep Clause Mod: Limit one foe put to sleep\n|rule|HP Percentage Mod: HP is shown in percentages\n|rule|Illusion Level Mod: Illusion disguises the Pokémon's true level\n|\n|t:|1769262614\n|teamsize|p1|6\n|teamsize|p2|6\n|start\n|switch|p1a: Kricketune|Kricketune, L97, M|306/306\n|switch|p2a: Bellossom|Bellossom, L88, M|275/275\n|turn|1\n|inactive|Battle timer is ON: inactive players will automatically lose when time's up. (requested by clemzoo)\n|\n|t:|1769262636\n|switch|p2a: Ariados|Ariados, L92, M|278/278\n|move|p1a: Kricketune|Sticky Web|p2a: Ariados\n|-sidestart|p2: clemzoo|move: Sticky Web\n|\n|upkeep\n|turn|2\n|\n|t:|1769262648\n|move|p1a: Kricketune|Taunt|p2a: Ariados\n|-start|p2a: Ariados|move: Taunt\n|cant|p2a: Ariados|move: Taunt|Sticky Web\n|\n|upkeep\n|turn|3\n|\n|t:|1769262666\n|move|p1a: Kricketune|Knock Off|p2a: Ariados\n|-damage|p2a: Ariados|189/278\n|-enditem|p2a: Ariados|Black Sludge|[from] move: Knock Off|[of] p1a: Kricketune\n|move|p2a: Ariados|Megahorn|p1a: Kricketune\n|-damage|p1a: Kricketune|134/306\n|\n|upkeep\n|turn|4\n|\n|t:|1769262684\n|switch|p1a: Machamp|Machamp, L84, M|288/288\n|move|p2a: Ariados|Megahorn|p1a: Machamp\n|-resisted|p1a: Machamp\n|-damage|p1a: Machamp|213/288\n|\n|-end|p2a: Ariados|move: Taunt\n|upkeep\n|turn|5\n|\n|t:|1769262695\n|move|p1a: Machamp|Stone Edge|p2a: Ariados\n|-supereffective|p2a: Ariados\n|-crit|p2a: Ariados\n|-damage|p2a: Ariados|0 fnt\n|faint|p2a: Ariados\n|\n|upkeep\n|\n|t:|1769262701\n|switch|p2a: Oranguru|Oranguru, L93, F|318/318\n|-activate|p2a: Oranguru|move: Sticky Web\n|-unboost|p2a: Oranguru|spe|1\n|turn|6\n|\n|t:|1769262716\n|switch|p1a: Kricketune|Kricketune, L97, M|134/306\n|move|p2a: Oranguru|Psyshock|p1a: Kricketune\n|-damage|p1a: Kricketune|0 fnt\n|faint|p1a: Kricketune\n|\n|upkeep\n|inactive|diago sandro has 120 seconds left.\n|\n|t:|1769262737\n|switch|p1a: Eelektross|Eelektross, L88, M|293/293\n|turn|7\n|inactive|diago sandro has 120 seconds left.\n|\n|t:|1769262748\n|move|p1a: Eelektross|Knock Off|p2a: Oranguru\n|-supereffective|p2a: Oranguru\n|-damage|p2a: Oranguru|144/318\n|-enditem|p2a: Oranguru|Choice Specs|[from] move: Knock Off|[of] p1a: Eelektross\n|move|p2a: Oranguru|Psyshock|p1a: Eelektross\n|-damage|p1a: Eelektross|199/293\n|\n|upkeep\n|turn|8\n|inactive|diago sandro has 120 seconds left.\n|\n|t:|1769262762\n|move|p1a: Eelektross|U-turn|p2a: Oranguru\n|-supereffective|p2a: Oranguru\n|-damage|p2a: Oranguru|28/318\n|inactive|diago sandro has 120 seconds left.\n|\n|t:|1769262772\n|switch|p1a: Girafarig|Girafarig, L95, F|287/287|[from] U-turn\n|move|p2a: Oranguru|Trick|p1a: Girafarig\n|-activate|p2a: Oranguru|move: Trick|[of] p1a: Girafarig\n|-enditem|p1a: Girafarig|Leftovers|[silent]|[from] move: Trick\n|-item|p2a: Oranguru|Leftovers|[from] move: Trick\n|\n|-heal|p2a: Oranguru|47/318|[from] item: Leftovers\n|upkeep\n|turn|9\n|inactive|diago sandro has 120 seconds left.\n|\n|t:|1769262790\n|move|p1a: Girafarig|Dazzling Gleam|p2a: Oranguru\n|-damage|p2a: Oranguru|0 fnt\n|faint|p2a: Oranguru\n|\n|upkeep\n|\n|t:|1769262793\n|switch|p2a: Furret|Furret, L94, M|312/312\n|-activate|p2a: Furret|move: Sticky Web\n|-unboost|p2a: Furret|spe|1\n|turn|10\n|inactive|diago sandro has 120 seconds left.\n|l|☆diago sandro\n|inactive|diago sandro disconnected and has a minute to reconnect!\n|player|p1|\n|j|☆diago sandro\n|inactive|diago sandro reconnected and has 95 seconds left.\n|player|p1|diago sandro|mai|\n|inactive|diago sandro has 90 seconds left.\n|\n|t:|1769262842\n|move|p1a: Girafarig|Substitute|p1a: Girafarig\n|-start|p1a: Girafarig|Substitute\n|-damage|p1a: Girafarig|216/287\n|move|p2a: Furret|Knock Off|p1a: Girafarig\n|-supereffective|p1a: Girafarig\n|-end|p1a: Girafarig|Substitute\n|\n|upkeep\n|turn|11\n|inactive|diago sandro has 90 seconds left.\n|\n|t:|1769262870\n|move|p1a: Girafarig|Nasty Plot|p1a: Girafarig\n|-boost|p1a: Girafarig|spa|2\n|move|p2a: Furret|Knock Off|p1a: Girafarig\n|-supereffective|p1a: Girafarig\n|-damage|p1a: Girafarig|114/287\n|\n|upkeep\n|turn|12\n|\n|t:|1769262881\n|move|p1a: Girafarig|Psyshock|p2a: Furret\n|-damage|p2a: Furret|75/312\n|move|p2a: Furret|Knock Off|p1a: Girafarig\n|-supereffective|p1a: Girafarig\n|-damage|p1a: Girafarig|0 fnt\n|faint|p1a: Girafarig\n|\n|-heal|p2a: Furret|94/312|[from] item: Leftovers\n|upkeep\n|inactive|diago sandro has 60 seconds left.\n|\n|t:|1769262908\n|switch|p1a: Eelektross|Eelektross, L88, M|199/293\n|turn|13\n|inactive|diago sandro has 60 seconds left.\n|l|☆diago sandro\n|inactive|diago sandro disconnected and has a minute to reconnect!\n|player|p1|\n|j|☆diago sandro\n|inactive|diago sandro reconnected and has 45 seconds left.\n|player|p1|diago sandro|mai|\n|\n|t:|1769262939\n|move|p2a: Furret|Knock Off|p1a: Eelektross\n|-damage|p1a: Eelektross|123/293\n|-enditem|p1a: Eelektross|Assault Vest|[from] move: Knock Off|[of] p2a: Furret\n|move|p1a: Eelektross|Knock Off|p2a: Furret\n|-damage|p2a: Furret|0 fnt\n|-enditem|p2a: Furret|Leftovers|[from] move: Knock Off|[of] p1a: Eelektross\n|faint|p2a: Furret\n|\n|upkeep\n|\n|t:|1769262947\n|switch|p2a: Bellossom|Bellossom, L88, M|275/275\n|-activate|p2a: Bellossom|move: Sticky Web\n|-unboost|p2a: Bellossom|spe|1\n|turn|14\n|\n|t:|1769262961\n|move|p1a: Eelektross|U-turn|p2a: Bellossom\n|-supereffective|p2a: Bellossom\n|-damage|p2a: Bellossom|157/275\n|l|☆diago sandro\n|inactive|diago sandro disconnected and has a minute to reconnect!\n|player|p1|\n|inactive|diago sandro has 30 seconds left.\n|j|☆diago sandro\n|inactive|diago sandro reconnected and has 25 seconds left.\n|player|p1|diago sandro|mai|\n|inactive|diago sandro has 20 seconds left.\n|\n|t:|1769262990\n|switch|p1a: Trevenant|Trevenant, L91, M|303/303|[from] U-turn\n|move|p2a: Bellossom|Quiver Dance|p2a: Bellossom\n|-boost|p2a: Bellossom|spa|1\n|-boost|p2a: Bellossom|spd|1\n|-boost|p2a: Bellossom|spe|1\n|\n|-heal|p2a: Bellossom|174/275|[from] item: Leftovers\n|upkeep\n|turn|15\n|inactive|diago sandro has 30 seconds left this turn.\n|inactive|diago sandro has 20 seconds left.\n|\n|t:|1769263017\n|move|p1a: Trevenant|Toxic|p2a: Bellossom\n|-status|p2a: Bellossom|tox\n|move|p2a: Bellossom|Quiver Dance|p2a: Bellossom\n|-boost|p2a: Bellossom|spa|1\n|-boost|p2a: Bellossom|spd|1\n|-boost|p2a: Bellossom|spe|1\n|\n|-heal|p2a: Bellossom|191/275 tox|[from] item: Leftovers\n|-damage|p2a: Bellossom|174/275 tox|[from] psn\n|upkeep\n|turn|16\n|inactive|diago sandro has 30 seconds left this turn.\n|inactive|diago sandro has 20 seconds left.\n|\n|t:|1769263028\n|move|p2a: Bellossom|Quiver Dance|p2a: Bellossom\n|-boost|p2a: Bellossom|spa|1\n|-boost|p2a: Bellossom|spd|1\n|-boost|p2a: Bellossom|spe|1\n|move|p1a: Trevenant|Horn Leech|p2a: Bellossom\n|-resisted|p2a: Bellossom\n|-damage|p2a: Bellossom|126/275 tox\n|\n|-heal|p2a: Bellossom|143/275 tox|[from] item: Leftovers\n|-damage|p2a: Bellossom|109/275 tox|[from] psn\n|upkeep\n|turn|17\n|inactive|diago sandro has 30 seconds left this turn.\n|inactive|diago sandro has 20 seconds left.\n|\n|t:|1769263041\n|move|p2a: Bellossom|Strength Sap|p1a: Trevenant\n|-unboost|p1a: Trevenant|atk|1\n|-heal|p2a: Bellossom|275/275 tox\n|move|p1a: Trevenant|Horn Leech|p2a: Bellossom\n|-resisted|p2a: Bellossom\n|-damage|p2a: Bellossom|245/275 tox\n|\n|-heal|p2a: Bellossom|262/275 tox|[from] item: Leftovers\n|-damage|p2a: Bellossom|211/275 tox|[from] psn\n|upkeep\n|turn|18\n|inactive|diago sandro has 30 seconds left this turn.\n|inactive|diago sandro has 20 seconds left.\n|\n|t:|1769263052\n|move|p2a: Bellossom|Hidden Power|p1a: Trevenant\n|-supereffective|p1a: Trevenant\n|-damage|p1a: Trevenant|75/303\n|-enditem|p1a: Trevenant|Sitrus Berry|[eat]\n|-heal|p1a: Trevenant|150/303|[from] item: Sitrus Berry\n|move|p1a: Trevenant|Horn Leech|p2a: Bellossom\n|-resisted|p2a: Bellossom\n|-damage|p2a: Bellossom|181/275 tox\n|-heal|p1a: Trevenant|165/303|[from] drain|[of] p2a: Bellossom\n|\n|-heal|p2a: Bellossom|198/275 tox|[from] item: Leftovers\n|-damage|p2a: Bellossom|130/275 tox|[from] psn\n|-item|p1a: Trevenant|Sitrus Berry|[from] ability: Harvest\n|upkeep\n|turn|19\n|inactive|diago sandro has 30 seconds left this turn.\n|inactive|diago sandro has 20 seconds left.\n|\n|t:|1769263067\n|move|p1a: Trevenant|Protect|p1a: Trevenant\n|-singleturn|p1a: Trevenant|Protect\n|move|p2a: Bellossom|Hidden Power|p1a: Trevenant\n|-activate|p1a: Trevenant|move: Protect\n|\n|-heal|p2a: Bellossom|147/275 tox|[from] item: Leftovers\n|-damage|p2a: Bellossom|62/275 tox|[from] psn\n|upkeep\n|turn|20\n|inactive|diago sandro has 30 seconds left this turn.\n|inactive|diago sandro has 20 seconds left.\n|inactive|diago sandro has 15 seconds left.\n|\n|t:|1769263084\n|move|p2a: Bellossom|Hidden Power|p1a: Trevenant\n|-supereffective|p1a: Trevenant\n|-crit|p1a: Trevenant\n|-damage|p1a: Trevenant|0 fnt\n|faint|p1a: Trevenant\n|\n|-heal|p2a: Bellossom|79/275 tox|[from] item: Leftovers\n|-damage|p2a: Bellossom|0 fnt|[from] psn\n|faint|p2a: Bellossom\n|upkeep\n|inactive|diago sandro has 20 seconds left this turn.\n|inactive|diago sandro has 15 seconds left.\n|\n|t:|1769263092\n|switch|p1a: Machamp|Machamp, L84, M|213/288\n|switch|p2a: Arceus|Arceus-Water, L72|292/292\n|-activate|p2a: Arceus|move: Sticky Web\n|-unboost|p2a: Arceus|spe|1\n|turn|21\n|inactive|diago sandro has 25 seconds left this turn.\n|inactive|diago sandro has 20 seconds left.\n|\n|t:|1769263100\n|move|p2a: Arceus|Toxic|p1a: Machamp\n|-status|p1a: Machamp|tox\n|move|p1a: Machamp|Dynamic Punch|p2a: Arceus\n|-damage|p2a: Arceus|162/292\n|-start|p2a: Arceus|confusion\n|\n|-damage|p1a: Machamp|195/288 tox|[from] psn\n|upkeep\n|turn|22\n|inactive|diago sandro has 30 seconds left this turn.\n|\n|t:|1769263109\n|-activate|p2a: Arceus|confusion\n|move|p2a: Arceus|Recover|p2a: Arceus\n|-heal|p2a: Arceus|292/292\n|move|p1a: Machamp|Dynamic Punch|p2a: Arceus\n|-damage|p2a: Arceus|178/292\n|\n|-damage|p1a: Machamp|159/288 tox|[from] psn\n|upkeep\n|turn|23\n|inactive|diago sandro has 30 seconds left.\n|\n|t:|1769263116\n|switch|p1a: Eelektross|Eelektross, L88, M|123/293\n|-activate|p2a: Arceus|confusion\n|move|p2a: Arceus|Recover|p2a: Arceus\n|-heal|p2a: Arceus|292/292\n|\n|upkeep\n|turn|24\n|\n|t:|1769263123\n|-activate|p2a: Arceus|confusion\n|-damage|p2a: Arceus|274/292|[from] confusion\n|move|p1a: Eelektross|Discharge|p2a: Arceus\n|-supereffective|p2a: Arceus\n|-damage|p2a: Arceus|106/292\n|\n|upkeep\n|turn|25\n|\n|t:|1769263130\n|-end|p2a: Arceus|confusion\n|move|p2a: Arceus|Toxic|p1a: Eelektross|[miss]\n|-miss|p2a: Arceus|p1a: Eelektross\n|move|p1a: Eelektross|Discharge|p2a: Arceus\n|-supereffective|p2a: Arceus\n|-damage|p2a: Arceus|0 fnt\n|faint|p2a: Arceus\n|\n|upkeep\n|\n|t:|1769263133\n|switch|p2a: Latios|Latios, L79, M|256/256\n|turn|26\n|\n|t:|1769263144\n|detailschange|p2a: Latios|Latios-Mega, L79, M\n|-mega|p2a: Latios|Latios|Latiosite\n|move|p2a: Latios|Calm Mind|p2a: Latios\n|-boost|p2a: Latios|spa|1\n|-boost|p2a: Latios|spd|1\n|move|p1a: Eelektross|Knock Off|p2a: Latios\n|-supereffective|p2a: Latios\n|-damage|p2a: Latios|154/256\n|\n|upkeep\n|turn|27\n|\n|t:|1769263163\n|move|p2a: Latios|Calm Mind|p2a: Latios\n|-boost|p2a: Latios|spa|1\n|-boost|p2a: Latios|spd|1\n|move|p1a: Eelektross|U-turn|p2a: Latios\n|-supereffective|p2a: Latios\n|-damage|p2a: Latios|32/256\n|\n|t:|1769263170\n|switch|p1a: Machamp|Machamp, L84, M|159/288 tox|[from] U-turn\n|\n|-damage|p1a: Machamp|141/288 tox|[from] psn\n|upkeep\n|turn|28\n|\n|t:|1769263177\n|move|p1a: Machamp|Bullet Punch|p2a: Latios\n|-damage|p2a: Latios|0 fnt\n|faint|p2a: Latios\n|detailschange|p2: Latios|Latios, L79, M|[silent]\n|\n|win|diago sandro\n|raw|diago sandro's rating: 1494 &rarr; <strong>1516</strong><br />(+22 for winning)\n|raw|clemzoo's rating: 1528 &rarr; <strong>1506</strong><br />(-22 for losing)\n|l|☆clemzoo\n|player|p2|\n|c|☆diago sandro|Ggs\n", "inputlog": ">version b99ff0165a6231f17e8b78c2a78d1998375de664\n>start {\"formatid\":\"gen7randombattle\",\"seed\":\"sodium,c7d19140c7ef7851e767a212a23317ee\",\"rated\":\"Rated battle\"}\n>player p1 {\"name\":\"diago sandro\",\"avatar\":\"mai\",\"rating\":1494,\"seed\":\"sodium,a301026b35e4fbbc5a3f5bfd385a58ff\"}\n>player p2 {\"name\":\"clemzoo\",\"avatar\":\"pokemaniac\",\"rating\":1528,\"seed\":\"sodium,9485c6831d259db6ed38f684d5a4cbbd\"}\n>p1 move stickyweb\n>p2 switch 4\n>p1 move taunt\n>p2 move stickyweb\n>p1 move knockoff\n>p2 move megahorn\n>p1 switch 3\n>p2 move megahorn\n>p1 move stoneedge\n>p2 move stickyweb\n>p2 switch 5\n>p1 switch 3\n>p2 move psyshock\n>p1 switch 2\n>p1 move knockoff\n>p2 move psyshock\n>p1 move uturn\n>p2 move trick\n>p1 switch 6\n>p1 move dazzlinggleam\n>p2 move focusblast\n>p2 switch 2\n>p1 move substitute\n>p2 move knockoff\n>p1 move nastyplot\n>p2 move knockoff\n>p1 move psyshock\n>p2 move knockoff\n>p1 switch 6\n>p1 move knockoff\n>p2 move knockoff\n>p2 switch 4\n>p1 move uturn\n>p2 move quiverdance\n>p1 switch 4\n>p1 move toxic\n>p2 move quiverdance\n>p1 move hornleech\n>p2 move quiverdance\n>p1 move hornleech\n>p2 move strengthsap\n>p1 move hornleech\n>p2 move hiddenpower\n>p1 move protect\n>p2 move hiddenpower\n>p1 move hornleech\n>p2 move hiddenpower\n>p1 switch 3\n>p2 switch 6\n>p1 move dynamicpunch\n>p2 move toxic\n>p1 move dynamicpunch\n>p2 move recover\n>p1 switch 4\n>p2 move recover\n>p1 move discharge\n>p2 move toxic\n>p1 move discharge\n>p2 move toxic\n>p2 switch 3\n>p1 move knockoff\n>p2 move calmmind mega\n>p1 move uturn\n>p2 move calmmind\n>p1 switch 4\n>p1 move bulletpunch\n>p2 move roost", "uploadtime": 1769263213, "views": 235, "formatid": "gen7randombattle", "rating": 1506, "private": 0, "password": null}