{"id": "gen7randombattle-2526177803", "format": "[Gen 7] Random Battle", "players": ["popiougifyudt", "NTsweeper007"], "log": "|j|☆popiougifyudt\n|j|☆NTsweeper007\n|t:|1769379581\n|gametype|singles\n|player|p1|popiougifyudt|169|1686\n|player|p2|NTsweeper007|hilbert-wonderlauncher|1832\n|gen|7\n|tier|[Gen 7] Random Battle\n|rated|\n|rule|Sleep Clause Mod: Limit one foe put to sleep\n|rule|HP Percentage Mod: HP is shown in percentages\n|rule|Illusion Level Mod: Illusion disguises the Pokémon's true level\n|\n|t:|1769379581\n|teamsize|p1|6\n|teamsize|p2|6\n|start\n|switch|p1a: Exeggutor|Exeggutor-Alola, L91, M|321/321\n|switch|p2a: Weezing|Weezing, L87, F|255/255\n|turn|1\n|inactive|Battle timer is ON: inactive players will automatically lose when time's up. (requested by NTsweeper007)\n|\n|t:|1769379603\n|move|p2a: Weezing|Toxic Spikes|p1a: Exeggutor\n|-sidestart|p1: popiougifyudt|move: Toxic Spikes\n|move|p1a: Exeggutor|Flamethrower|p2a: Weezing\n|-damage|p2a: Weezing|152/255\n|-status|p2a: Weezing|brn\n|\n|-heal|p2a: Weezing|167/255 brn|[from] item: Black Sludge\n|-damage|p2a: Weezing|152/255 brn|[from] brn\n|upkeep\n|turn|2\n|\n|t:|1769379608\n|move|p2a: Weezing|Toxic Spikes|p1a: Exeggutor\n|-sidestart|p1: popiougifyudt|move: Toxic Spikes\n|move|p1a: Exeggutor|Draco Meteor|p2a: Weezing\n|-crit|p2a: Weezing\n|-damage|p2a: Weezing|0 fnt\n|-unboost|p1a: Exeggutor|spa|2\n|faint|p2a: Weezing\n|\n|upkeep\n|\n|t:|1769379614\n|switch|p2a: Primarina|Primarina, L83, F|268/268\n|turn|3\n|\n|t:|1769379616\n|move|p2a: Primarina|Moonblast|p1a: Exeggutor\n|-supereffective|p1a: Exeggutor\n|-damage|p1a: Exeggutor|0 fnt\n|faint|p1a: Exeggutor\n|\n|upkeep\n|\n|t:|1769379621\n|switch|p1a: Bisharp|Bisharp, L82, M|241/241\n|turn|4\n|\n|t:|1769379629\n|move|p1a: Bisharp|Knock Off|p2a: Primarina\n|-resisted|p2a: Primarina\n|-damage|p2a: Primarina|187/268\n|-enditem|p2a: Primarina|Choice Specs|[from] move: Knock Off|[of] p1a: Bisharp\n|move|p2a: Primarina|Moonblast|p1a: Bisharp\n|-damage|p1a: Bisharp|93/241\n|\n|upkeep\n|turn|5\n|\n|t:|1769379634\n|move|p1a: Bisharp|Iron Head|p2a: Primarina\n|-damage|p2a: Primarina|66/268\n|cant|p2a: Primarina|flinch\n|\n|upkeep\n|turn|6\n|\n|t:|1769379637\n|move|p1a: Bisharp|Iron Head|p2a: Primarina\n|-damage|p2a: Primarina|0 fnt\n|faint|p2a: Primarina\n|\n|upkeep\n|\n|t:|1769379640\n|switch|p2a: Leafeon|Leafeon, L88, F|258/258\n|turn|7\n|\n|t:|1769379646\n|move|p2a: Leafeon|Swords Dance|p2a: Leafeon\n|-boost|p2a: Leafeon|atk|2\n|move|p1a: Bisharp|Knock Off|p2a: Leafeon\n|-damage|p2a: Leafeon|152/258\n|-enditem|p2a: Leafeon|Life Orb|[from] move: Knock Off|[of] p1a: Bisharp\n|\n|upkeep\n|turn|8\n|\n|t:|1769379652\n|move|p2a: Leafeon|Swords Dance|p2a: Leafeon\n|-boost|p2a: Leafeon|atk|2\n|move|p1a: Bisharp|Iron Head|p2a: Leafeon\n|-damage|p2a: Leafeon|77/258\n|\n|upkeep\n|turn|9\n|\n|t:|1769379656\n|move|p2a: Leafeon|Synthesis|p2a: Leafeon\n|-heal|p2a: Leafeon|206/258\n|move|p1a: Bisharp|Iron Head|p2a: Leafeon\n|-damage|p2a: Leafeon|139/258\n|\n|upkeep\n|turn|10\n|\n|t:|1769379659\n|move|p2a: Leafeon|Swords Dance|p2a: Leafeon\n|-boost|p2a: Leafeon|atk|2\n|move|p1a: Bisharp|Iron Head|p2a: Leafeon\n|-damage|p2a: Leafeon|73/258\n|\n|upkeep\n|turn|11\n|\n|t:|1769379661\n|move|p2a: Leafeon|Synthesis|p2a: Leafeon\n|-heal|p2a: Leafeon|202/258\n|move|p1a: Bisharp|Iron Head|p2a: Leafeon\n|-crit|p2a: Leafeon\n|-damage|p2a: Leafeon|97/258\n|\n|upkeep\n|turn|12\n|\n|t:|1769379664\n|move|p2a: Leafeon|Synthesis|p2a: Leafeon\n|-heal|p2a: Leafeon|226/258\n|move|p1a: Bisharp|Iron Head|p2a: Leafeon\n|-damage|p2a: Leafeon|162/258\n|\n|upkeep\n|turn|13\n|\n|t:|1769379665\n|move|p2a: Leafeon|Synthesis|p2a: Leafeon\n|-heal|p2a: Leafeon|258/258\n|move|p1a: Bisharp|Iron Head|p2a: Leafeon\n|-damage|p2a: Leafeon|188/258\n|\n|upkeep\n|turn|14\n|\n|t:|1769379668\n|move|p2a: Leafeon|Leaf Blade|p1a: Bisharp\n|-resisted|p1a: Bisharp\n|-crit|p1a: Bisharp\n|-damage|p1a: Bisharp|0 fnt\n|faint|p1a: Bisharp\n|\n|upkeep\n|\n|t:|1769379670\n|switch|p1a: Zebstrika|Zebstrika, L88, M|275/275\n|-status|p1a: Zebstrika|tox\n|turn|15\n|\n|t:|1769379676\n|move|p1a: Zebstrika|Overheat|p2a: Leafeon\n|-supereffective|p2a: Leafeon\n|-damage|p2a: Leafeon|0 fnt\n|-unboost|p1a: Zebstrika|spa|2\n|faint|p2a: Leafeon\n|\n|-damage|p1a: Zebstrika|258/275 tox|[from] psn\n|upkeep\n|\n|t:|1769379677\n|switch|p2a: Dugtrio|Dugtrio, L84, F|196/196\n|turn|16\n|\n|t:|1769379680\n|move|p1a: Zebstrika|Overheat|p2a: Dugtrio\n|-damage|p2a: Dugtrio|120/196\n|-unboost|p1a: Zebstrika|spa|2\n|move|p2a: Dugtrio|Earthquake|p1a: Zebstrika\n|-supereffective|p1a: Zebstrika\n|-damage|p1a: Zebstrika|0 fnt\n|faint|p1a: Zebstrika\n|\n|upkeep\n|\n|t:|1769379689\n|switch|p1a: Mudsdale|Mudsdale, L83, M|302/302\n|-status|p1a: Mudsdale|tox\n|turn|17\n|\n|t:|1769379692\n|switch|p2a: Eelektross|Eelektross, L88, M|293/293\n|move|p1a: Mudsdale|Heavy Slam|p2a: Eelektross\n|-resisted|p2a: Eelektross\n|-damage|p2a: Eelektross|213/293\n|\n|-damage|p1a: Mudsdale|284/302 tox|[from] psn\n|upkeep\n|turn|18\n|\n|t:|1769379699\n|move|p2a: Eelektross|Giga Drain|p1a: Mudsdale\n|-supereffective|p1a: Mudsdale\n|-damage|p1a: Mudsdale|158/302 tox\n|-heal|p2a: Eelektross|276/293|[from] drain|[of] p1a: Mudsdale\n|-ability|p1a: Mudsdale|Stamina|boost\n|-boost|p1a: Mudsdale|def|1\n|move|p1a: Mudsdale|Heavy Slam|p2a: Eelektross\n|-resisted|p2a: Eelektross\n|-damage|p2a: Eelektross|201/293\n|\n|-damage|p1a: Mudsdale|122/302 tox|[from] psn\n|upkeep\n|turn|19\n|\n|t:|1769379703\n|switch|p1a: Reuniclus|Reuniclus, L87, M|333/333\n|-status|p1a: Reuniclus|tox\n|move|p2a: Eelektross|Giga Drain|p1a: Reuniclus\n|-damage|p1a: Reuniclus|266/333 tox\n|-heal|p2a: Eelektross|235/293|[from] drain|[of] p1a: Reuniclus\n|\n|upkeep\n|turn|20\n|\n|t:|1769379711\n|move|p2a: Eelektross|U-turn|p1a: Reuniclus\n|-supereffective|p1a: Reuniclus\n|-damage|p1a: Reuniclus|132/333 tox\n|\n|t:|1769379713\n|switch|p2a: Sigilyph|Sigilyph, L85, F|261/261|[from] U-turn\n|move|p1a: Reuniclus|Psyshock|p2a: Sigilyph\n|-resisted|p2a: Sigilyph\n|-damage|p2a: Sigilyph|190/261\n|\n|upkeep\n|turn|21\n|\n|t:|1769379725\n|switch|p1a: Mudsdale|Mudsdale, L83, M|122/302 tox\n|move|p2a: Sigilyph|Air Slash|p1a: Mudsdale\n|-damage|p1a: Mudsdale|0 fnt\n|faint|p1a: Mudsdale\n|\n|upkeep\n|\n|t:|1769379727\n|switch|p1a: Mewtwo|Mewtwo, L70|264/264\n|-ability|p1a: Mewtwo|Unnerve\n|-status|p1a: Mewtwo|tox\n|turn|22\n|\n|t:|1769379733\n|detailschange|p1a: Mewtwo|Mewtwo-Mega-Y, L70\n|-mega|p1a: Mewtwo|Mewtwo|Mewtwonite Y\n|move|p1a: Mewtwo|Calm Mind|p1a: Mewtwo\n|-boost|p1a: Mewtwo|spa|1\n|-boost|p1a: Mewtwo|spd|1\n|move|p2a: Sigilyph|Air Slash|p1a: Mewtwo\n|-damage|p1a: Mewtwo|186/264 tox\n|\n|-damage|p1a: Mewtwo|170/264 tox|[from] psn\n|upkeep\n|turn|23\n|\n|t:|1769379740\n|switch|p2a: Eelektross|Eelektross, L88, M|235/293\n|move|p1a: Mewtwo|Psystrike|p2a: Eelektross\n|-damage|p2a: Eelektross|15/293\n|\n|-damage|p1a: Mewtwo|138/264 tox|[from] psn\n|upkeep\n|turn|24\n|\n|t:|1769379743\n|move|p1a: Mewtwo|Psystrike|p2a: Eelektross\n|-damage|p2a: Eelektross|0 fnt\n|faint|p2a: Eelektross\n|\n|-damage|p1a: Mewtwo|90/264 tox|[from] psn\n|upkeep\n|\n|t:|1769379746\n|switch|p2a: Dugtrio|Dugtrio, L84, F|120/196\n|turn|25\n|\n|t:|1769379749\n|move|p2a: Dugtrio|Earthquake|p1a: Mewtwo\n|-damage|p1a: Mewtwo|0 fnt\n|faint|p1a: Mewtwo\n|detailschange|p1: Mewtwo|Mewtwo, L70|[silent]\n|\n|upkeep\n|\n|t:|1769379752\n|switch|p1a: Reuniclus|Reuniclus, L87, M|132/333 tox\n|turn|26\n|\n|t:|1769379755\n|move|p2a: Dugtrio|Earthquake|p1a: Reuniclus\n|-damage|p1a: Reuniclus|0 fnt\n|faint|p1a: Reuniclus\n|\n|win|NTsweeper007\n|raw|popiougifyudt's rating: 1686 &rarr; <strong>1674</strong><br />(-12 for losing)\n|raw|NTsweeper007's rating: 1832 &rarr; <strong>1844</strong><br />(+12 for winning)\n|l|☆popiougifyudt\n|player|p1|\n", "inputlog": ">version b99ff0165a6231f17e8b78c2a78d1998375de664\n>start {\"formatid\":\"gen7randombattle\",\"seed\":\"sodium,2da017003f082aa9ced1a953e4b52fc5\",\"rated\":\"Rated battle\"}\n>player p1 {\"name\":\"popiougifyudt\",\"avatar\":\"169\",\"rating\":1686,\"seed\":\"sodium,597e0edd00e2f012d68e0a24c31480f5\"}\n>player p2 {\"name\":\"NTsweeper007\",\"avatar\":\"hilbert-wonderlauncher\",\"rating\":1832,\"seed\":\"sodium,0fc54055f8b15e2305fff6f3d79b34f7\"}\n>p1 move flamethrower\n>p2 move toxicspikes\n>p1 move dracometeor\n>p2 move toxicspikes\n>p2 switch 2\n>p1 move woodhammer\n>p2 move moonblast\n>p1 switch 2\n>p1 move knockoff\n>p2 move moonblast\n>p1 move ironhead\n>p2 move scald\n>p1 move ironhead\n>p2 move scald\n>p2 switch 6\n>p1 move knockoff\n>p2 move swordsdance\n>p1 move ironhead\n>p2 move swordsdance\n>p1 move ironhead\n>p2 move synthesis\n>p1 move ironhead\n>p2 move swordsdance\n>p1 move ironhead\n>p2 move synthesis\n>p1 move ironhead\n>p2 move synthesis\n>p1 move ironhead\n>p2 move synthesis\n>p1 move ironhead\n>p2 move leafblade\n>p1 switch 3\n>p1 move overheat\n>p2 move knockoff\n>p2 switch 5\n>p1 move overheat\n>p2 move earthquake\n>p1 switch 6\n>p1 move heavyslam\n>p2 switch 3\n>p1 move heavyslam\n>p2 move gigadrain\n>p1 switch 4\n>p2 move gigadrain\n>p1 move psyshock\n>p2 move uturn\n>p2 switch 4\n>p1 switch 4\n>p2 move airslash\n>p1 switch 5\n>p1 move calmmind mega\n>p2 move airslash\n>p1 move psystrike\n>p2 switch 4\n>p1 move psystrike\n>p2 move uturn\n>p2 switch 3\n>p1 move psystrike\n>p2 move earthquake\n>p1 switch 4\n>p1 move psyshock\n>p2 move earthquake", "uploadtime": 1769379760, "views": 197, "formatid": "gen7randombattle", "rating": 1674, "private": 0, "password": null}