{"id": "gen7randombattle-2524322600", "format": "[Gen 7] Random Battle", "players": ["Krak-Re", "plop in my pants"], "log": "|j|☆Krak-Re\n|j|☆plop in my pants\n|t:|1769131375\n|gametype|singles\n|player|p1|Krak-Re|266|1687\n|player|p2|plop in my pants|teamrocket|1823\n|gen|7\n|tier|[Gen 7] Random Battle\n|rated|\n|rule|Sleep Clause Mod: Limit one foe put to sleep\n|rule|HP Percentage Mod: HP is shown in percentages\n|rule|Illusion Level Mod: Illusion disguises the Pokémon's true level\n|\n|t:|1769131375\n|teamsize|p1|6\n|teamsize|p2|6\n|start\n|switch|p1a: Crustle|Crustle, L82, F|249/249\n|switch|p2a: Stoutland|Stoutland, L86, F|286/286\n|turn|1\n|inactive|Battle timer is ON: inactive players will automatically lose when time's up. (requested by Krak-Re)\n|inactive|Krak-Re has 120 seconds left.\n|\n|t:|1769131409\n|switch|p2a: Tapu Fini|Tapu Fini, L80|243/243\n|-fieldstart|move: Misty Terrain|[from] ability: Misty Surge|[of] p2a: Tapu Fini\n|switch|p1a: Cobalion|Cobalion, L78|270/270\n|\n|upkeep\n|turn|2\n|\n|t:|1769131419\n|move|p1a: Cobalion|Swords Dance|p1a: Cobalion\n|-boost|p1a: Cobalion|atk|2\n|move|p2a: Tapu Fini|Moonblast|p1a: Cobalion\n|-damage|p1a: Cobalion|165/270\n|\n|upkeep\n|turn|3\n|\n|t:|1769131431\n|switch|p2a: Stoutland|Stoutland, L86, F|286/286\n|-zpower|p1a: Cobalion\n|move|p1a: Cobalion|Corkscrew Crash|p2a: Stoutland|[zeffect]\n|-damage|p2a: Stoutland|9/286\n|\n|upkeep\n|turn|4\n|\n|t:|1769131437\n|switch|p1a: Lunala|Lunala, L72|316/316\n|move|p2a: Stoutland|Superpower|p1a: Lunala\n|-resisted|p1a: Lunala\n|-damage|p1a: Lunala|286/316\n|-unboost|p2a: Stoutland|atk|1\n|-unboost|p2a: Stoutland|def|1\n|\n|-heal|p1a: Lunala|305/316|[from] item: Leftovers\n|upkeep\n|turn|5\n|\n|t:|1769131447\n|switch|p2a: Sandslash|Sandslash, L90, M|281/281\n|move|p1a: Lunala|Calm Mind|p1a: Lunala\n|-boost|p1a: Lunala|spa|1\n|-boost|p1a: Lunala|spd|1\n|\n|-heal|p1a: Lunala|316/316|[from] item: Leftovers\n|-fieldend|Misty Terrain\n|upkeep\n|turn|6\n|\n|t:|1769131452\n|move|p1a: Lunala|Moongeist Beam|p2a: Sandslash\n|-damage|p2a: Sandslash|68/281\n|move|p2a: Sandslash|Knock Off|p1a: Lunala\n|-supereffective|p1a: Lunala\n|-damage|p1a: Lunala|136/316\n|-enditem|p1a: Lunala|Leftovers|[from] move: Knock Off|[of] p2a: Sandslash\n|\n|-heal|p2a: Sandslash|85/281|[from] item: Leftovers\n|upkeep\n|turn|7\n|\n|t:|1769131459\n|switch|p2a: Stoutland|Stoutland, L86, F|9/286\n|move|p1a: Lunala|Moonblast|p2a: Stoutland\n|-damage|p2a: Stoutland|0 fnt\n|faint|p2a: Stoutland\n|\n|upkeep\n|\n|t:|1769131475\n|switch|p2a: Garchomp|Garchomp, L77, M|293/293\n|turn|8\n|\n|t:|1769131479\n|detailschange|p2a: Garchomp|Garchomp-Mega, L77, M\n|-mega|p2a: Garchomp|Garchomp|Garchompite\n|move|p2a: Garchomp|Earthquake|p1a: Lunala\n|-damage|p1a: Lunala|0 fnt\n|faint|p1a: Lunala\n|\n|upkeep\n|\n|t:|1769131487\n|switch|p1a: Glalie|Glalie, L83, M|267/267\n|turn|9\n|\n|t:|1769131497\n|switch|p2a: Sandslash|Sandslash, L90, M|85/281\n|detailschange|p1a: Glalie|Glalie-Mega, L83, M\n|-mega|p1a: Glalie|Glalie|Glalitite\n|move|p1a: Glalie|Return|p2a: Sandslash\n|-supereffective|p2a: Sandslash\n|-crit|p2a: Sandslash\n|-damage|p2a: Sandslash|0 fnt\n|faint|p2a: Sandslash\n|\n|upkeep\n|\n|t:|1769131508\n|switch|p2a: Toxicroak|Toxicroak, L84, F|277/277\n|turn|10\n|\n|t:|1769131517\n|switch|p1a: Conkeldurr|Conkeldurr, L81, M|303/303\n|move|p2a: Toxicroak|Drain Punch|p1a: Conkeldurr\n|-damage|p1a: Conkeldurr|193/303\n|-damage|p2a: Toxicroak|250/277|[from] item: Life Orb\n|\n|-status|p1a: Conkeldurr|brn|[from] item: Flame Orb\n|upkeep\n|turn|11\n|inactive|plop in my pants has 120 seconds left.\n|\n|t:|1769131551\n|move|p2a: Toxicroak|Gunk Shot|p1a: Conkeldurr\n|-damage|p1a: Conkeldurr|18/303 brn\n|-damage|p2a: Toxicroak|223/277|[from] item: Life Orb\n|move|p1a: Conkeldurr|Facade|p2a: Toxicroak\n|-damage|p2a: Toxicroak|0 fnt\n|faint|p2a: Toxicroak\n|\n|-damage|p1a: Conkeldurr|0 fnt|[from] brn\n|faint|p1a: Conkeldurr\n|upkeep\n|inactive|plop in my pants has 120 seconds left.\n|\n|t:|1769131562\n|switch|p2a: Malamar|Malamar, L80, M|269/269\n|switch|p1a: Sceptile|Sceptile, L87, M|264/264\n|turn|12\n|\n|t:|1769131565\n|move|p1a: Sceptile|Leech Seed|p2a: Malamar\n|-start|p2a: Malamar|move: Leech Seed\n|-zpower|p2a: Malamar\n|move|p2a: Malamar|Z-Happy Hour|p2a: Malamar|[anim]Happy Hour\n|-boost|p2a: Malamar|atk|1|[zeffect]\n|-boost|p2a: Malamar|def|1|[zeffect]\n|-boost|p2a: Malamar|spa|1|[zeffect]\n|-boost|p2a: Malamar|spd|1|[zeffect]\n|-boost|p2a: Malamar|spe|1|[zeffect]\n|\n|-damage|p2a: Malamar|236/269|[from] Leech Seed|[of] p1a: Sceptile\n|upkeep\n|turn|13\n|\n|t:|1769131575\n|move|p1a: Sceptile|Giga Drain|p2a: Malamar\n|-damage|p2a: Malamar|164/269\n|move|p2a: Malamar|Superpower|p1a: Sceptile\n|-damage|p1a: Sceptile|121/264\n|-boost|p2a: Malamar|atk|1\n|-boost|p2a: Malamar|def|1\n|\n|-heal|p1a: Sceptile|137/264|[from] item: Leftovers\n|-damage|p2a: Malamar|131/269|[from] Leech Seed|[of] p1a: Sceptile\n|-heal|p1a: Sceptile|170/264|[silent]\n|upkeep\n|turn|14\n|\n|t:|1769131583\n|move|p1a: Sceptile|Giga Drain|p2a: Malamar\n|-damage|p2a: Malamar|59/269\n|-heal|p1a: Sceptile|206/264|[from] drain|[of] p2a: Malamar\n|move|p2a: Malamar|Superpower|p1a: Sceptile\n|-damage|p1a: Sceptile|13/264\n|-boost|p2a: Malamar|atk|1\n|-boost|p2a: Malamar|def|1\n|\n|-heal|p1a: Sceptile|29/264|[from] item: Leftovers\n|-damage|p2a: Malamar|26/269|[from] Leech Seed|[of] p1a: Sceptile\n|-heal|p1a: Sceptile|62/264|[silent]\n|upkeep\n|turn|15\n|\n|t:|1769131590\n|move|p1a: Sceptile|Giga Drain|p2a: Malamar\n|-damage|p2a: Malamar|0 fnt\n|-heal|p1a: Sceptile|75/264|[from] drain|[of] p2a: Malamar\n|faint|p2a: Malamar\n|\n|-heal|p1a: Sceptile|91/264|[from] item: Leftovers\n|upkeep\n|\n|t:|1769131592\n|switch|p2a: Garchomp|Garchomp-Mega, L77, M|293/293\n|turn|16\n|\n|t:|1769131600\n|move|p1a: Sceptile|Giga Drain|p2a: Garchomp\n|-crit|p2a: Garchomp\n|-damage|p2a: Garchomp|145/293\n|-heal|p1a: Sceptile|165/264|[from] drain|[of] p2a: Garchomp\n|move|p2a: Garchomp|Fire Blast|p1a: Sceptile|[miss]\n|-miss|p2a: Garchomp|p1a: Sceptile\n|\n|-heal|p1a: Sceptile|181/264|[from] item: Leftovers\n|upkeep\n|turn|17\n|-message|plop in my pants forfeited.\n|\n|win|Krak-Re\n|raw|Krak-Re's rating: 1687 &rarr; <strong>1714</strong><br />(+27 for winning)\n|raw|plop in my pants's rating: 1823 &rarr; <strong>1796</strong><br />(-27 for losing)\n|l|☆plop in my pants\n|player|p2|\n", "inputlog": ">version dd3d52b8382d73d1dd2c67730c4067df325ab790\n>start {\"formatid\":\"gen7randombattle\",\"seed\":\"sodium,86237da97efb3c43c5a6f55b58b8c615\",\"rated\":\"Rated battle\"}\n>player p1 {\"name\":\"Krak-Re\",\"avatar\":\"266\",\"rating\":1687,\"seed\":\"sodium,03b4e7b63e8b03e9dafd5bbff2c51704\"}\n>player p2 {\"name\":\"plop in my pants\",\"avatar\":\"teamrocket\",\"rating\":1823,\"seed\":\"sodium,192c7c34c76c88770b02cd55feaf75a9\"}\n>p1 switch 2\n>p2 switch 2\n>p1 move swordsdance\n>p2 move moonblast\n>p1 move ironhead zmove\n>p2 switch 2\n>p1 switch 6\n>p2 move superpower\n>p1 move calmmind\n>p2 switch 5\n>p1 move moongeistbeam\n>p2 move knockoff\n>p1 move moonblast\n>p2 switch 5\n>p2 switch 4\n>p1 move moonblast\n>p2 move earthquake mega\n>p1 switch 5\n>p1 move return mega\n>p2 switch 5\n>p2 switch 6\n>p1 switch 3\n>p2 move drainpunch\n>p1 move facade\n>p2 move gunkshot\n>p1 switch 4\n>p2 switch 3\n>p1 move leechseed\n>p2 move happyhour zmove\n>p1 move gigadrain\n>p2 move superpower\n>p1 move gigadrain\n>p2 move superpower\n>p1 move gigadrain\n>p2 move psychocut\n>p2 switch 5\n>p1 move gigadrain\n>p2 move fireblast\n>forcelose p2", "uploadtime": 1769131606, "views": 152, "formatid": "gen7randombattle", "rating": 1714, "private": 0, "password": null}