{"id": "gen7randombattle-2524394770", "format": "[Gen 7] Random Battle", "players": ["dylaan13", "Kurochan3"], "log": "|j|☆dylaan13\n|j|☆Kurochan3\n|t:|1769140660\n|gametype|singles\n|player|p1|dylaan13|lusamine-nihilego|1650\n|player|p2|Kurochan3|cynthia-gen4|1676\n|gen|7\n|tier|[Gen 7] Random Battle\n|rated|\n|rule|Sleep Clause Mod: Limit one foe put to sleep\n|rule|HP Percentage Mod: HP is shown in percentages\n|rule|Illusion Level Mod: Illusion disguises the Pokémon's true level\n|\n|t:|1769140661\n|teamsize|p1|6\n|teamsize|p2|6\n|start\n|switch|p1a: Lurantis|Lurantis, L90, F|272/272\n|switch|p2a: Mightyena|Mightyena, L94, M|284/284\n|-ability|p2a: Mightyena|Intimidate|boost\n|-boost|p1a: Lurantis|atk|1\n|turn|1\n|inactive|Battle timer is ON: inactive players will automatically lose when time's up. (requested by dylaan13)\n|\n|t:|1769140672\n|switch|p2a: Tentacruel|Tentacruel, L83, F|268/268\n|move|p1a: Lurantis|Superpower|p2a: Tentacruel\n|-resisted|p2a: Tentacruel\n|-damage|p2a: Tentacruel|177/268\n|-boost|p1a: Lurantis|atk|1\n|-boost|p1a: Lurantis|def|1\n|\n|-heal|p2a: Tentacruel|193/268|[from] item: Black Sludge\n|upkeep\n|turn|2\n|\n|t:|1769140680\n|move|p2a: Tentacruel|Toxic Spikes|p1a: Lurantis\n|-sidestart|p1: dylaan13|move: Toxic Spikes\n|move|p1a: Lurantis|Leaf Storm|p2a: Tentacruel\n|-damage|p2a: Tentacruel|79/268\n|-boost|p1a: Lurantis|spa|2\n|\n|-heal|p2a: Tentacruel|95/268|[from] item: Black Sludge\n|upkeep\n|turn|3\n|\n|t:|1769140689\n|move|p2a: Tentacruel|Sludge Bomb|p1a: Lurantis\n|-supereffective|p1a: Lurantis\n|-damage|p1a: Lurantis|170/272\n|move|p1a: Lurantis|Superpower|p2a: Tentacruel\n|-resisted|p2a: Tentacruel\n|-damage|p2a: Tentacruel|0 fnt\n|-boost|p1a: Lurantis|atk|1\n|-boost|p1a: Lurantis|def|1\n|faint|p2a: Tentacruel\n|\n|upkeep\n|\n|t:|1769140692\n|switch|p2a: Volcarona|Volcarona, L76, F|253/253\n|turn|4\n|\n|t:|1769140704\n|move|p2a: Volcarona|Quiver Dance|p2a: Volcarona\n|-boost|p2a: Volcarona|spa|1\n|-boost|p2a: Volcarona|spd|1\n|-boost|p2a: Volcarona|spe|1\n|move|p1a: Lurantis|Knock Off|p2a: Volcarona\n|-damage|p2a: Volcarona|70/253\n|\n|upkeep\n|turn|5\n|\n|t:|1769140717\n|move|p2a: Volcarona|Bug Buzz|p1a: Lurantis\n|-supereffective|p1a: Lurantis\n|-damage|p1a: Lurantis|0 fnt\n|faint|p1a: Lurantis\n|\n|upkeep\n|\n|t:|1769140720\n|switch|p1a: Klefki|Klefki, L83, F|230/230\n|turn|6\n|\n|t:|1769140726\n|move|p1a: Klefki|Thunder Wave|p2a: Volcarona\n|-status|p2a: Volcarona|par\n|move|p2a: Volcarona|Fire Blast|p1a: Klefki\n|-supereffective|p1a: Klefki\n|-damage|p1a: Klefki|0 fnt\n|faint|p1a: Klefki\n|\n|upkeep\n|inactive|dylaan13 has 120 seconds left.\n|\n|t:|1769140767\n|switch|p1a: Volcarona|Volcarona, L76, F|253/253\n|-status|p1a: Volcarona|psn\n|turn|7\n|inactive|dylaan13 has 120 seconds left.\n|\n|t:|1769140779\n|move|p1a: Volcarona|Fire Blast|p2a: Volcarona\n|-damage|p2a: Volcarona|0 fnt\n|faint|p2a: Volcarona\n|\n|-damage|p1a: Volcarona|222/253 psn|[from] psn\n|upkeep\n|\n|t:|1769140785\n|switch|p2a: Kangaskhan|Kangaskhan, L75, F|281/281\n|turn|8\n|inactive|dylaan13 has 120 seconds left.\n|\n|t:|1769140811\n|detailschange|p2a: Kangaskhan|Kangaskhan-Mega, L75, F\n|-mega|p2a: Kangaskhan|Kangaskhan|Kangaskhanite\n|move|p1a: Volcarona|Quiver Dance|p1a: Volcarona\n|-boost|p1a: Volcarona|spa|1\n|-boost|p1a: Volcarona|spd|1\n|-boost|p1a: Volcarona|spe|1\n|move|p2a: Kangaskhan|Seismic Toss|p1a: Volcarona\n|-damage|p1a: Volcarona|147/253 psn\n|-damage|p1a: Volcarona|72/253 psn\n|-hitcount|p1a: Volcarona|2\n|\n|-damage|p1a: Volcarona|41/253 psn|[from] psn\n|upkeep\n|turn|9\n|\n|t:|1769140829\n|switch|p2a: Bouffalant|Bouffalant, L87, F|307/307\n|move|p1a: Volcarona|Roost|p1a: Volcarona\n|-heal|p1a: Volcarona|168/253 psn\n|-singleturn|p1a: Volcarona|move: Roost\n|\n|-damage|p1a: Volcarona|137/253 psn|[from] psn\n|upkeep\n|turn|10\n|\n|t:|1769140834\n|-zpower|p1a: Volcarona\n|move|p1a: Volcarona|Inferno Overdrive|p2a: Bouffalant|[zeffect]\n|-damage|p2a: Bouffalant|16/307\n|move|p2a: Bouffalant|Head Charge|p1a: Volcarona\n|-damage|p1a: Volcarona|0 fnt\n|-status|p2a: Bouffalant|brn|[from] ability: Flame Body|[of] p1a: Volcarona\n|faint|p1a: Volcarona\n|-damage|p2a: Bouffalant|0 fnt|[from] Recoil\n|faint|p2a: Bouffalant\n|\n|upkeep\n|\n|t:|1769140848\n|switch|p1a: Musharna|Musharna, L89, M|351/351\n|switch|p2a: Kangaskhan|Kangaskhan-Mega, L75, F|281/281\n|-status|p1a: Musharna|psn\n|turn|11\n|\n|t:|1769140863\n|switch|p2a: Mightyena|Mightyena, L94, M|284/284\n|-ability|p2a: Mightyena|Intimidate|boost\n|-unboost|p1a: Musharna|atk|1\n|move|p1a: Musharna|Calm Mind|p1a: Musharna\n|-boost|p1a: Musharna|spa|1\n|-boost|p1a: Musharna|spd|1\n|\n|-damage|p1a: Musharna|308/351 psn|[from] psn\n|upkeep\n|turn|12\n|\n|t:|1769140868\n|move|p2a: Mightyena|Crunch|p1a: Musharna\n|-supereffective|p1a: Musharna\n|-damage|p1a: Musharna|36/351 psn\n|move|p1a: Musharna|Hidden Power|p2a: Mightyena\n|-supereffective|p2a: Mightyena\n|-crit|p2a: Mightyena\n|-damage|p2a: Mightyena|0 fnt\n|faint|p2a: Mightyena\n|\n|-heal|p1a: Musharna|57/351 psn|[from] item: Leftovers\n|-damage|p1a: Musharna|14/351 psn|[from] psn\n|upkeep\n|\n|t:|1769140873\n|switch|p2a: Kangaskhan|Kangaskhan-Mega, L75, F|281/281\n|turn|13\n|\n|t:|1769140878\n|move|p2a: Kangaskhan|Seismic Toss|p1a: Musharna\n|-damage|p1a: Musharna|0 fnt\n|faint|p1a: Musharna\n|-hitcount|p1: Musharna|1\n|\n|upkeep\n|\n|t:|1769140890\n|switch|p1a: Bruxish|Bruxish, L85, F|254/254\n|-status|p1a: Bruxish|psn\n|turn|14\n|\n|t:|1769140897\n|move|p1a: Bruxish|Psychic Fangs|p2a: Kangaskhan\n|-damage|p2a: Kangaskhan|53/281\n|move|p2a: Kangaskhan|Crunch|p1a: Bruxish\n|-supereffective|p1a: Bruxish\n|-damage|p1a: Bruxish|132/254 psn\n|-supereffective|p1a: Bruxish\n|-damage|p1a: Bruxish|100/254 psn\n|-hitcount|p1a: Bruxish|2\n|\n|-damage|p1a: Bruxish|69/254 psn|[from] psn\n|upkeep\n|turn|15\n|\n|t:|1769140907\n|switch|p2a: Gothitelle|Gothitelle, L91, M|275/275\n|move|p1a: Bruxish|Psychic Fangs|p2a: Gothitelle\n|-resisted|p2a: Gothitelle\n|-damage|p2a: Gothitelle|185/275\n|\n|-damage|p1a: Bruxish|38/254 psn|[from] psn\n|upkeep\n|turn|16\n|\n|t:|1769140923\n|move|p1a: Bruxish|Psychic Fangs|p2a: Gothitelle\n|-resisted|p2a: Gothitelle\n|-damage|p2a: Gothitelle|95/275\n|move|p2a: Gothitelle|Psychic|p1a: Bruxish\n|-resisted|p1a: Bruxish\n|-damage|p1a: Bruxish|0 fnt\n|faint|p1a: Bruxish\n|\n|upkeep\n|\n|t:|1769140929\n|switch|p1a: Banette|Banette, L87, M|253/253\n|-status|p1a: Banette|psn\n|-item|p2a: Gothitelle|Choice Specs|[from] ability: Frisk|[of] p1a: Banette\n|turn|17\n|\n|t:|1769140941\n|detailschange|p1a: Banette|Banette-Mega, L87, M\n|-mega|p1a: Banette|Banette|Banettite\n|move|p1a: Banette|Knock Off|p2a: Gothitelle\n|-supereffective|p2a: Gothitelle\n|-damage|p2a: Gothitelle|0 fnt\n|-enditem|p2a: Gothitelle|Choice Specs|[from] move: Knock Off|[of] p1a: Banette\n|faint|p2a: Gothitelle\n|\n|-damage|p1a: Banette|222/253 psn|[from] psn\n|upkeep\n|\n|t:|1769140943\n|switch|p2a: Kangaskhan|Kangaskhan-Mega, L75, F|53/281\n|turn|18\n|\n|t:|1769140948\n|move|p2a: Kangaskhan|Crunch|p1a: Banette\n|-supereffective|p1a: Banette\n|-damage|p1a: Banette|102/253 psn\n|-supereffective|p1a: Banette\n|-damage|p1a: Banette|70/253 psn\n|-hitcount|p1a: Banette|2\n|move|p1a: Banette|Knock Off|p2a: Kangaskhan\n|-damage|p2a: Kangaskhan|0 fnt\n|faint|p2a: Kangaskhan\n|detailschange|p2: Kangaskhan|Kangaskhan, L75, F|[silent]\n|\n|win|dylaan13\n|raw|dylaan13's rating: 1650 &rarr; <strong>1671</strong><br />(+21 for winning)\n|raw|Kurochan3's rating: 1676 &rarr; <strong>1655</strong><br />(-21 for losing)\n", "inputlog": ">version dd3d52b8382d73d1dd2c67730c4067df325ab790\n>start {\"formatid\":\"gen7randombattle\",\"seed\":\"sodium,6e49bcb44cc76e82ad9d98b87fddfb26\",\"rated\":\"Rated battle\"}\n>player p1 {\"name\":\"dylaan13\",\"avatar\":\"lusamine-nihilego\",\"rating\":1650,\"seed\":\"sodium,7f305ab0887e0ea8f48573baa6e41bd5\"}\n>player p2 {\"name\":\"Kurochan3\",\"avatar\":\"cynthia-gen4\",\"rating\":1676,\"seed\":\"sodium,77b43157d73a016e9c68432a1bf3fbd0\"}\n>p1 move superpower\n>p2 switch 3\n>p1 move leafstorm\n>p2 move toxicspikes\n>p1 move superpower\n>p2 move sludgebomb\n>p2 switch 5\n>p1 move knockoff\n>p2 move quiverdance\n>p1 move knockoff\n>p2 move bugbuzz\n>p1 switch 3\n>p1 move thunderwave\n>p2 move fireblast\n>p1 switch 5\n>p1 move fireblast\n>p2 move bugbuzz zmove\n>p2 switch 2\n>p1 move quiverdance\n>p2 move seismictoss mega\n>p1 move roost\n>p2 switch 4\n>p1 move fireblast zmove\n>p2 move headcharge\n>p1 switch 6\n>p2 switch 4\n>p1 move calmmind\n>p2 switch 3\n>p1 move hiddenpower\n>p2 move crunch\n>p2 switch 3\n>p1 move hiddenpower\n>p2 move seismictoss\n>p1 switch 2\n>p1 move psychicfangs\n>p2 move crunch\n>p1 move psychicfangs\n>p2 switch 6\n>p1 move psychicfangs\n>p2 move psychic\n>p1 switch 4\n>p1 move knockoff mega\n>p2 move psychic\n>p2 switch 6\n>p1 move knockoff\n>p2 move crunch", "uploadtime": 1769140951, "views": 171, "formatid": "gen7randombattle", "rating": 1655, "private": 0, "password": null}