{"id": "gen7randombattle-2536442823", "format": "[Gen 7] Random Battle", "players": ["aurora ltd", "ethan_asian"], "log": "|j|☆aurora ltd\n|j|☆ethan_asian\n|t:|1770688596\n|gametype|singles\n|player|p1|aurora ltd|1|1553\n|player|p2|ethan_asian|265|1527\n|gen|7\n|tier|[Gen 7] Random Battle\n|rated|\n|rule|Sleep Clause Mod: Limit one foe put to sleep\n|rule|HP Percentage Mod: HP is shown in percentages\n|rule|Illusion Level Mod: Illusion disguises the Pokémon's true level\n|\n|t:|1770688596\n|teamsize|p1|6\n|teamsize|p2|6\n|start\n|switch|p1a: Keldeo|Keldeo-Resolute, L80|277/277\n|switch|p2a: Bouffalant|Bouffalant, L87, M|307/307\n|turn|1\n|inactive|Battle timer is ON: inactive players will automatically lose when time's up. (requested by ethan_asian)\n|inactive|aurora ltd has 120 seconds left.\n|\n|t:|1770688638\n|switch|p2a: Ribombee|Ribombee, L84, M|238/238\n|move|p1a: Keldeo|Secret Sword|p2a: Ribombee\n|-resisted|p2a: Ribombee\n|-damage|p2a: Ribombee|205/238\n|\n|upkeep\n|turn|2\n|inactive|aurora ltd has 120 seconds left.\n|\n|t:|1770688677\n|switch|p1a: Bastiodon|Bastiodon, L94, M|265/265\n|move|p2a: Ribombee|Quiver Dance|p2a: Ribombee\n|-boost|p2a: Ribombee|spa|1\n|-boost|p2a: Ribombee|spd|1\n|-boost|p2a: Ribombee|spe|1\n|\n|upkeep\n|turn|3\n|inactive|aurora ltd has 120 seconds left.\n|\n|t:|1770688692\n|switch|p2a: Gyarados|Gyarados, L74, F|263/263\n|-ability|p2a: Gyarados|Intimidate|boost\n|-unboost|p1a: Bastiodon|atk|1\n|move|p1a: Bastiodon|Rock Slide|p2a: Gyarados\n|-supereffective|p2a: Gyarados\n|-damage|p2a: Gyarados|149/263\n|\n|upkeep\n|turn|4\n|inactive|aurora ltd has 120 seconds left.\n|\n|t:|1770688700\n|detailschange|p2a: Gyarados|Gyarados-Mega, L74, F\n|-mega|p2a: Gyarados|Gyarados|Gyaradosite\n|-ability|p2a: Gyarados|Mold Breaker\n|move|p2a: Gyarados|Dragon Dance|p2a: Gyarados\n|-boost|p2a: Gyarados|atk|1\n|-boost|p2a: Gyarados|spe|1\n|move|p1a: Bastiodon|Stealth Rock|p2a: Gyarados\n|-sidestart|p2: ethan_asian|move: Stealth Rock\n|\n|upkeep\n|turn|5\n|inactive|aurora ltd has 120 seconds left.\n|\n|t:|1770688716\n|move|p2a: Gyarados|Waterfall|p1a: Bastiodon\n|-supereffective|p1a: Bastiodon\n|-damage|p1a: Bastiodon|113/265\n|move|p1a: Bastiodon|Toxic|p2a: Gyarados\n|-status|p2a: Gyarados|tox\n|\n|-heal|p1a: Bastiodon|129/265|[from] item: Leftovers\n|-damage|p2a: Gyarados|133/263 tox|[from] psn\n|upkeep\n|turn|6\n|inactive|aurora ltd has 120 seconds left.\n|\n|t:|1770688734\n|move|p2a: Gyarados|Earthquake|p1a: Bastiodon\n|-supereffective|p1a: Bastiodon\n|-damage|p1a: Bastiodon|0 fnt\n|faint|p1a: Bastiodon\n|\n|-damage|p2a: Gyarados|101/263 tox|[from] psn\n|upkeep\n|\n|t:|1770688752\n|switch|p1a: Greninja|Greninja, L79, M|243/243\n|turn|7\n|\n|t:|1770688760\n|move|p2a: Gyarados|Earthquake|p1a: Greninja\n|-damage|p1a: Greninja|83/243\n|move|p1a: Greninja|Toxic Spikes|p2a: Gyarados\n|-start|p1a: Greninja|typechange|Poison|[from] ability: Protean\n|-sidestart|p2: ethan_asian|move: Toxic Spikes\n|\n|-damage|p2a: Gyarados|53/263 tox|[from] psn\n|upkeep\n|turn|8\n|\n|t:|1770688768\n|move|p2a: Gyarados|Earthquake|p1a: Greninja\n|-supereffective|p1a: Greninja\n|-damage|p1a: Greninja|0 fnt\n|faint|p1a: Greninja\n|\n|-damage|p2a: Gyarados|0 fnt|[from] psn\n|faint|p2a: Gyarados\n|detailschange|p2: Gyarados|Gyarados, L74, F|[silent]\n|upkeep\n|\n|t:|1770688776\n|switch|p1a: Ariados|Ariados, L92, M|278/278\n|switch|p2a: Tornadus|Tornadus-Therian, L80, M|258/258\n|-damage|p2a: Tornadus|194/258|[from] Stealth Rock\n|turn|9\n|\n|t:|1770688800\n|switch|p1a: Espeon|Espeon, L83, M|244/244\n|move|p2a: Tornadus|Hurricane|p1a: Espeon|[miss]\n|-miss|p2a: Tornadus|p1a: Espeon\n|\n|-heal|p2a: Tornadus|210/258|[from] item: Leftovers\n|upkeep\n|turn|10\n|inactive|aurora ltd has 90 seconds left.\n|\n|t:|1770688826\n|move|p2a: Tornadus|U-turn|p1a: Espeon\n|-supereffective|p1a: Espeon\n|-damage|p1a: Espeon|124/244\n|\n|t:|1770688830\n|switch|p2a: Bouffalant|Bouffalant, L87, M|307/307|[from] U-turn\n|-damage|p2a: Bouffalant|269/307|[from] Stealth Rock\n|-status|p2a: Bouffalant|psn\n|move|p1a: Espeon|Psyshock|p2a: Bouffalant\n|-damage|p2a: Bouffalant|155/307 psn\n|-damage|p1a: Espeon|100/244|[from] item: Life Orb\n|\n|-damage|p2a: Bouffalant|117/307 psn|[from] psn\n|upkeep\n|turn|11\n|inactive|aurora ltd has 90 seconds left.\n|\n|t:|1770688853\n|move|p1a: Espeon|Psyshock|p2a: Bouffalant\n|-damage|p2a: Bouffalant|3/307 psn\n|-damage|p1a: Espeon|76/244|[from] item: Life Orb\n|move|p2a: Bouffalant|Head Charge|p1a: Espeon\n|-damage|p1a: Espeon|0 fnt\n|faint|p1a: Espeon\n|-damage|p2a: Bouffalant|0 fnt|[from] Recoil\n|faint|p2a: Bouffalant\n|\n|upkeep\n|inactive|aurora ltd has 60 seconds left.\n|\n|t:|1770688879\n|switch|p1a: Throh|Throh, L89, M|358/358\n|switch|p2a: Tornadus|Tornadus-Therian, L80, M|258/258\n|-damage|p2a: Tornadus|194/258|[from] Stealth Rock\n|turn|12\n|inactive|aurora ltd has 60 seconds left.\n|\n|t:|1770688891\n|move|p2a: Tornadus|Defog|p1a: Throh\n|-unboost|p1a: Throh|evasion|1\n|-sideend|p2: ethan_asian|Toxic Spikes|[from] move: Defog|[of] p2a: Tornadus\n|-sideend|p2: ethan_asian|Stealth Rock|[from] move: Defog|[of] p2a: Tornadus\n|move|p1a: Throh|Knock Off|p2a: Tornadus\n|-damage|p2a: Tornadus|109/258\n|-enditem|p2a: Tornadus|Leftovers|[from] move: Knock Off|[of] p1a: Throh\n|\n|-status|p1a: Throh|brn|[from] item: Flame Orb\n|upkeep\n|turn|13\n|\n|t:|1770688899\n|move|p2a: Tornadus|Hurricane|p1a: Throh\n|-supereffective|p1a: Throh\n|-damage|p1a: Throh|136/358 brn\n|move|p1a: Throh|Facade|p2a: Tornadus\n|-damage|p2a: Tornadus|0 fnt\n|faint|p2a: Tornadus\n|\n|-damage|p1a: Throh|114/358 brn|[from] brn\n|upkeep\n|\n|t:|1770688902\n|switch|p2a: Ribombee|Ribombee, L84, M|205/238\n|turn|14\n|\n|t:|1770688912\n|move|p2a: Ribombee|Moonblast|p1a: Throh\n|-supereffective|p1a: Throh\n|-damage|p1a: Throh|0 fnt\n|faint|p1a: Throh\n|-damage|p2a: Ribombee|182/238|[from] item: Life Orb\n|\n|upkeep\n|\n|t:|1770688917\n|switch|p1a: Ariados|Ariados, L92, M|278/278\n|turn|15\n|\n|t:|1770688925\n|switch|p2a: Darmanitan|Darmanitan, L82, F|306/306\n|move|p1a: Ariados|Poison Jab|p2a: Darmanitan\n|-damage|p2a: Darmanitan|161/306\n|\n|upkeep\n|turn|16\n|\n|t:|1770688931\n|switch|p1a: Keldeo|Keldeo-Resolute, L80|277/277\n|move|p2a: Darmanitan|Flare Blitz|p1a: Keldeo\n|-resisted|p1a: Keldeo\n|-damage|p1a: Keldeo|146/277\n|-damage|p2a: Darmanitan|118/306|[from] Recoil\n|\n|-heal|p1a: Keldeo|163/277|[from] item: Leftovers\n|upkeep\n|turn|17\n|inactive|aurora ltd has 90 seconds left.\n|\n|t:|1770688940\n|switch|p2a: Smeargle|Smeargle, L88, M|240/240\n|move|p1a: Keldeo|Scald|p2a: Smeargle\n|-damage|p2a: Smeargle|98/240\n|-status|p2a: Smeargle|brn\n|\n|-heal|p1a: Keldeo|180/277|[from] item: Leftovers\n|-damage|p2a: Smeargle|83/240 brn|[from] brn\n|upkeep\n|turn|18\n|\n|t:|1770688949\n|move|p1a: Keldeo|Scald|p2a: Smeargle\n|-damage|p2a: Smeargle|0 fnt\n|faint|p2a: Smeargle\n|\n|-heal|p1a: Keldeo|197/277|[from] item: Leftovers\n|upkeep\n|\n|t:|1770688950\n|switch|p2a: Ribombee|Ribombee, L84, M|182/238\n|turn|19\n|\n|t:|1770688956\n|switch|p2a: Darmanitan|Darmanitan, L82, F|118/306\n|switch|p1a: Ariados|Ariados, L92, M|278/278\n|\n|upkeep\n|turn|20\n|\n|t:|1770688975\n|switch|p1a: Keldeo|Keldeo-Resolute, L80|197/277\n|move|p2a: Darmanitan|Flare Blitz|p1a: Keldeo\n|-resisted|p1a: Keldeo\n|-damage|p1a: Keldeo|68/277\n|-damage|p2a: Darmanitan|75/306|[from] Recoil\n|\n|-heal|p1a: Keldeo|85/277|[from] item: Leftovers\n|upkeep\n|turn|21\n|-message|ethan_asian forfeited.\n|\n|win|aurora ltd\n|raw|aurora ltd's rating: 1553 &rarr; <strong>1572</strong><br />(+19 for winning)\n|raw|ethan_asian's rating: 1527 &rarr; <strong>1508</strong><br />(-19 for losing)\n|l|☆ethan_asian\n|player|p2|\n", "inputlog": ">version ccdc32dd7cde25fd9e4bed64820e885f66e78a4e\n>start {\"formatid\":\"gen7randombattle\",\"seed\":\"sodium,2849755f2009b3d2d72c6f54b303474a\",\"rated\":\"Rated battle\"}\n>player p1 {\"name\":\"aurora ltd\",\"avatar\":\"1\",\"rating\":1553,\"seed\":\"sodium,6a4522447654e8f34c4a80825c61afd1\"}\n>player p2 {\"name\":\"ethan_asian\",\"avatar\":\"265\",\"rating\":1527,\"seed\":\"sodium,81f0aa9b00642b71980022bbe7f4eee9\"}\n>p1 move secretsword\n>p2 switch 6\n>p1 switch 4\n>p2 move quiverdance\n>p1 move rockslide\n>p2 switch 3\n>p1 move stealthrock\n>p2 move dragondance mega\n>p1 move toxic\n>p2 move waterfall\n>p1 move rockslide\n>p2 move earthquake\n>p1 switch 6\n>p1 move toxicspikes\n>p2 move earthquake\n>p1 move toxicspikes\n>p2 move earthquake\n>p1 switch 2\n>p2 switch 4\n>p1 switch 5\n>p2 move hurricane\n>p1 move psyshock\n>p2 move uturn\n>p2 switch 6\n>p1 move psyshock\n>p2 move headcharge\n>p1 switch 3\n>p2 switch 6\n>p1 move knockoff\n>p2 move defog\n>p1 move facade\n>p2 move hurricane\n>p2 switch 3\n>p1 move facade\n>p2 move moonblast\n>p1 switch 5\n>p1 move poisonjab\n>p2 switch 5\n>p1 switch 4\n>p2 move flareblitz\n>p1 move scald\n>p2 switch 2\n>p1 move scald\n>p2 move spore\n>p2 switch 5\n>p1 switch 4\n>p2 switch 2\n>p1 switch 4\n>p2 move flareblitz\n>forcelose p2", "uploadtime": 1770689080, "views": 213, "formatid": "gen7randombattle", "rating": 1508, "private": 0, "password": null}