{"id": "gen7randombattle-2529923357", "format": "[Gen 7] Random Battle", "players": ["aurora ltd", "benyak13"], "log": "|j|☆aurora ltd\n|j|☆benyak13\n|t:|1769846023\n|gametype|singles\n|player|p1|aurora ltd|silver-gen2kanto|1552\n|player|p2|benyak13|n|1593\n|gen|7\n|tier|[Gen 7] Random Battle\n|rated|\n|rule|Sleep Clause Mod: Limit one foe put to sleep\n|rule|HP Percentage Mod: HP is shown in percentages\n|rule|Illusion Level Mod: Illusion disguises the Pokémon's true level\n|\n|t:|1769846023\n|teamsize|p1|6\n|teamsize|p2|6\n|start\n|switch|p1a: Musharna|Musharna, L89, M|351/351\n|switch|p2a: Mew|Mew, L80|291/291\n|turn|1\n|inactive|Battle timer is ON: inactive players will automatically lose when time's up. (requested by benyak13)\n|inactive|aurora ltd has 120 seconds left.\n|\n|t:|1769846064\n|move|p2a: Mew|Swords Dance|p2a: Mew\n|-boost|p2a: Mew|atk|2\n|move|p1a: Musharna|Signal Beam|p2a: Mew\n|-supereffective|p2a: Mew\n|-damage|p2a: Mew|177/291\n|\n|upkeep\n|turn|2\n|\n|t:|1769846086\n|move|p2a: Mew|Leech Life|p1a: Musharna\n|-supereffective|p1a: Musharna\n|-damage|p1a: Musharna|104/351\n|-heal|p2a: Mew|291/291|[from] drain|[of] p1a: Musharna\n|-damage|p2a: Mew|262/291|[from] item: Life Orb\n|move|p1a: Musharna|Signal Beam|p2a: Mew\n|-supereffective|p2a: Mew\n|-damage|p2a: Mew|130/291\n|\n|-heal|p1a: Musharna|125/351|[from] item: Leftovers\n|upkeep\n|turn|3\n|\n|t:|1769846097\n|move|p2a: Mew|Leech Life|p1a: Musharna\n|-supereffective|p1a: Musharna\n|-damage|p1a: Musharna|0 fnt\n|-heal|p2a: Mew|193/291|[from] drain|[of] p1a: Musharna\n|faint|p1a: Musharna\n|-damage|p2a: Mew|164/291|[from] item: Life Orb\n|\n|upkeep\n|inactive|aurora ltd has 120 seconds left.\n|\n|t:|1769846124\n|switch|p1a: Salamence|Salamence, L70, F|249/249\n|-ability|p1a: Salamence|Intimidate|boost\n|-unboost|p2a: Mew|atk|1\n|turn|4\n|inactive|aurora ltd has 120 seconds left.\n|\n|t:|1769846147\n|detailschange|p1a: Salamence|Salamence-Mega, L70, F\n|-mega|p1a: Salamence|Salamence|Salamencite\n|move|p1a: Salamence|Dragon Dance|p1a: Salamence\n|-boost|p1a: Salamence|atk|1\n|-boost|p1a: Salamence|spe|1\n|move|p2a: Mew|Zen Headbutt|p1a: Salamence\n|-damage|p1a: Salamence|120/249\n|-damage|p2a: Mew|135/291|[from] item: Life Orb\n|\n|upkeep\n|turn|5\n|\n|t:|1769846157\n|switch|p2a: Skarmory|Skarmory, L75, F|221/221\n|move|p1a: Salamence|Double-Edge|p2a: Skarmory\n|-resisted|p2a: Skarmory\n|-damage|p2a: Skarmory|136/221\n|-damage|p1a: Salamence|79/249|[from] item: Rocky Helmet|[of] p2a: Skarmory\n|-damage|p1a: Salamence|51/249|[from] Recoil\n|\n|upkeep\n|turn|6\n|\n|t:|1769846175\n|move|p1a: Salamence|Roost|p1a: Salamence\n|-heal|p1a: Salamence|176/249\n|-singleturn|p1a: Salamence|move: Roost\n|move|p2a: Skarmory|Brave Bird|p1a: Salamence\n|-damage|p1a: Salamence|91/249\n|-damage|p2a: Skarmory|108/221|[from] Recoil\n|\n|upkeep\n|turn|7\n|\n|t:|1769846183\n|move|p1a: Salamence|Roost|p1a: Salamence\n|-heal|p1a: Salamence|216/249\n|-singleturn|p1a: Salamence|move: Roost\n|move|p2a: Skarmory|Roost|p2a: Skarmory\n|-heal|p2a: Skarmory|219/221\n|-singleturn|p2a: Skarmory|move: Roost\n|\n|upkeep\n|turn|8\n|\n|t:|1769846194\n|move|p1a: Salamence|Dragon Dance|p1a: Salamence\n|-boost|p1a: Salamence|atk|1\n|-boost|p1a: Salamence|spe|1\n|move|p2a: Skarmory|Brave Bird|p1a: Salamence\n|-damage|p1a: Salamence|143/249\n|-damage|p2a: Skarmory|195/221|[from] Recoil\n|\n|upkeep\n|turn|9\n|\n|t:|1769846201\n|move|p1a: Salamence|Dragon Dance|p1a: Salamence\n|-boost|p1a: Salamence|atk|1\n|-boost|p1a: Salamence|spe|1\n|move|p2a: Skarmory|Brave Bird|p1a: Salamence\n|-damage|p1a: Salamence|58/249\n|-damage|p2a: Skarmory|167/221|[from] Recoil\n|\n|upkeep\n|turn|10\n|inactive|aurora ltd has 120 seconds left.\n|\n|t:|1769846208\n|switch|p2a: Dragonite|Dragonite, L72, F|250/250\n|move|p1a: Salamence|Roost|p1a: Salamence\n|-heal|p1a: Salamence|183/249\n|-singleturn|p1a: Salamence|move: Roost\n|\n|upkeep\n|turn|11\n|inactive|aurora ltd has 120 seconds left.\n|\n|t:|1769846226\n|move|p1a: Salamence|Double-Edge|p2a: Dragonite\n|-damage|p2a: Dragonite|53/250\n|-damage|p1a: Salamence|118/249|[from] Recoil\n|move|p2a: Dragonite|Outrage|p1a: Salamence\n|-supereffective|p1a: Salamence\n|-damage|p1a: Salamence|0 fnt\n|faint|p1a: Salamence\n|detailschange|p1: Salamence|Salamence, L70, F|[silent]\n|\n|upkeep\n|\n|t:|1769846242\n|switch|p1a: Primarina|Primarina, L83, M|268/268\n|turn|12\n|\n|t:|1769846251\n|move|p1a: Primarina|Scald|p2a: Dragonite\n|-resisted|p2a: Dragonite\n|-damage|p2a: Dragonite|0 fnt\n|faint|p2a: Dragonite\n|\n|upkeep\n|\n|t:|1769846279\n|switch|p2a: Stoutland|Stoutland, L86, M|286/286\n|turn|13\n|inactive|aurora ltd has 120 seconds left.\n|\n|t:|1769846301\n|switch|p1a: Marshadow|Marshadow, L69|239/239\n|move|p2a: Stoutland|Return|p1a: Marshadow\n|-damage|p1a: Marshadow|79/239\n|\n|upkeep\n|turn|14\n|\n|t:|1769846310\n|move|p2a: Stoutland|Return|p1a: Marshadow\n|-damage|p1a: Marshadow|0 fnt\n|faint|p1a: Marshadow\n|\n|upkeep\n|\n|t:|1769846315\n|switch|p1a: Togedemaru|Togedemaru, L86, M|252/252\n|turn|15\n|inactive|aurora ltd has 120 seconds left.\n|\n|t:|1769846337\n|switch|p2a: Skarmory|Skarmory, L75, F|167/221\n|move|p1a: Togedemaru|Zing Zap|p2a: Skarmory\n|-supereffective|p2a: Skarmory\n|-damage|p2a: Skarmory|33/221\n|-damage|p1a: Togedemaru|210/252|[from] item: Rocky Helmet|[of] p2a: Skarmory\n|\n|-heal|p1a: Togedemaru|225/252|[from] item: Leftovers\n|upkeep\n|turn|16\n|inactive|aurora ltd has 120 seconds left.\n|\n|t:|1769846350\n|move|p1a: Togedemaru|Zing Zap|p2a: Skarmory\n|-supereffective|p2a: Skarmory\n|-damage|p2a: Skarmory|0 fnt\n|-damage|p1a: Togedemaru|183/252|[from] item: Rocky Helmet|[of] p2a: Skarmory\n|faint|p2a: Skarmory\n|\n|-heal|p1a: Togedemaru|198/252|[from] item: Leftovers\n|upkeep\n|\n|t:|1769846353\n|switch|p2a: Mew|Mew, L80|135/291\n|turn|17\n|inactive|aurora ltd has 120 seconds left.\n|\n|t:|1769846375\n|move|p1a: Togedemaru|Zing Zap|p2a: Mew\n|-damage|p2a: Mew|50/291\n|move|p2a: Mew|Earthquake|p1a: Togedemaru\n|-supereffective|p1a: Togedemaru\n|-damage|p1a: Togedemaru|0 fnt\n|faint|p1a: Togedemaru\n|-damage|p2a: Mew|21/291|[from] item: Life Orb\n|\n|upkeep\n|\n|t:|1769846386\n|switch|p1a: Primarina|Primarina, L83, M|268/268\n|turn|18\n|\n|t:|1769846392\n|move|p1a: Primarina|Hydro Pump|p2a: Mew\n|-damage|p2a: Mew|0 fnt\n|faint|p2a: Mew\n|\n|upkeep\n|\n|t:|1769846399\n|switch|p2a: Stoutland|Stoutland, L86, M|286/286\n|turn|19\n|\n|t:|1769846403\n|move|p2a: Stoutland|Return|p1a: Primarina\n|-damage|p1a: Primarina|130/268\n|move|p1a: Primarina|Hydro Pump|p2a: Stoutland\n|-damage|p2a: Stoutland|145/286\n|\n|upkeep\n|turn|20\n|\n|t:|1769846409\n|move|p2a: Stoutland|Return|p1a: Primarina\n|-damage|p1a: Primarina|0 fnt\n|faint|p1a: Primarina\n|\n|upkeep\n|\n|t:|1769846414\n|switch|p1a: Kingdra|Kingdra, L85, M|266/266\n|turn|21\n|\n|t:|1769846421\n|move|p2a: Stoutland|Return|p1a: Kingdra\n|-damage|p1a: Kingdra|143/266\n|move|p1a: Kingdra|Dragon Dance|p1a: Kingdra\n|-boost|p1a: Kingdra|atk|1\n|-boost|p1a: Kingdra|spe|1\n|\n|upkeep\n|turn|22\n|\n|t:|1769846445\n|move|p1a: Kingdra|Outrage|p2a: Stoutland\n|-damage|p2a: Stoutland|0 fnt\n|faint|p2a: Stoutland\n|\n|upkeep\n|\n|t:|1769846457\n|switch|p2a: Kingler|Kingler, L87, M|237/237\n|turn|23\n|\n|t:|1769846463\n|move|p1a: Kingdra|Outrage|p2a: Kingler|[from] lockedmove\n|-damage|p2a: Kingler|95/237\n|-start|p1a: Kingdra|confusion|[fatigue]\n|-enditem|p1a: Kingdra|Lum Berry|[eat]\n|-end|p1a: Kingdra|confusion\n|move|p2a: Kingler|Agility|p2a: Kingler\n|-boost|p2a: Kingler|spe|2\n|\n|upkeep\n|turn|24\n|\n|t:|1769846474\n|move|p2a: Kingler|Rock Slide|p1a: Kingdra\n|-damage|p1a: Kingdra|39/266\n|move|p1a: Kingdra|Dragon Dance|p1a: Kingdra\n|-boost|p1a: Kingdra|atk|1\n|-boost|p1a: Kingdra|spe|1\n|\n|upkeep\n|turn|25\n|\n|t:|1769846488\n|move|p1a: Kingdra|Outrage|p2a: Kingler\n|-damage|p2a: Kingler|0 fnt\n|faint|p2a: Kingler\n|\n|upkeep\n|\n|t:|1769846507\n|switch|p2a: Gengar|Gengar, L77, M|219/219\n|turn|26\n|\n|t:|1769846510\n|detailschange|p2a: Gengar|Gengar-Mega, L77, M\n|-mega|p2a: Gengar|Gengar|Gengarite\n|move|p1a: Kingdra|Outrage|p2a: Gengar|[from] lockedmove\n|-damage|p2a: Gengar|0 fnt\n|faint|p2a: Gengar\n|detailschange|p2: Gengar|Gengar, L77, M|[silent]\n|\n|win|aurora ltd\n|raw|aurora ltd's rating: 1552 &rarr; <strong>1574</strong><br />(+22 for winning)\n|raw|benyak13's rating: 1593 &rarr; <strong>1571</strong><br />(-22 for losing)\n", "inputlog": ">version b99ff0165a6231f17e8b78c2a78d1998375de664\n>start {\"formatid\":\"gen7randombattle\",\"seed\":\"sodium,96eae2618e55988bceb0ceeaf85af96b\",\"rated\":\"Rated battle\"}\n>player p1 {\"name\":\"aurora ltd\",\"avatar\":\"silver-gen2kanto\",\"rating\":1552,\"seed\":\"sodium,2f3f193680c7fb17cb053e2047426810\"}\n>player p2 {\"name\":\"benyak13\",\"avatar\":\"n\",\"rating\":1593,\"seed\":\"sodium,c85a2b8779eb0b9a005c76721d264ec6\"}\n>p1 move signalbeam\n>p2 move swordsdance\n>p1 move signalbeam\n>p2 move leechlife\n>p1 move signalbeam\n>p2 move leechlife\n>p1 switch 5\n>p1 move dragondance mega\n>p2 move zenheadbutt\n>p1 move doubleedge\n>p2 switch 4\n>p1 move roost\n>p2 move bravebird\n>p1 move roost\n>p2 move roost\n>p1 move dragondance\n>p2 move bravebird\n>p1 move dragondance\n>p2 move bravebird\n>p1 move roost\n>p2 switch 3\n>p1 move doubleedge\n>p2 move outrage\n>p1 switch 3\n>p1 move scald\n>p2 move outrage\n>p2 switch 6\n>p1 switch 2\n>p2 move return\n>p1 move closecombat\n>p2 move return\n>p1 switch 4\n>p1 move zingzap\n>p2 switch 3\n>p1 move zingzap\n>p2 move stealthrock\n>p2 switch 4\n>p1 move zingzap\n>p2 move earthquake\n>p1 switch 2\n>p1 move hydropump\n>p2 move zenheadbutt\n>p2 switch 3\n>p1 move hydropump\n>p2 move return\n>p1 move hydropump\n>p2 move return\n>p1 switch 6\n>p1 move dragondance\n>p2 move return\n>p1 move outrage\n>p2 move return\n>p2 switch 2\n>p1 move outrage\n>p2 move agility\n>p1 move dragondance\n>p2 move rockslide\n>p1 move outrage\n>p2 move knockoff\n>p2 switch 5\n>p1 move outrage\n>p2 move shadowball mega", "uploadtime": 1769846519, "views": 182, "formatid": "gen7randombattle", "rating": 1571, "private": 0, "password": null}