{"id": "gen7randombattle-2537804437", "format": "[Gen 7] Random Battle", "players": ["felesk", "NTsweeper007"], "log": "|j|☆felesk\n|j|☆NTsweeper007\n|t:|1770849837\n|gametype|singles\n|player|p1|felesk|steven|1661\n|player|p2|NTsweeper007|hilbert-wonderlauncher|1783\n|gen|7\n|tier|[Gen 7] Random Battle\n|rated|\n|rule|Sleep Clause Mod: Limit one foe put to sleep\n|rule|HP Percentage Mod: HP is shown in percentages\n|rule|Illusion Level Mod: Illusion disguises the Pokémon's true level\n|\n|t:|1770849837\n|teamsize|p1|6\n|teamsize|p2|6\n|start\n|switch|p1a: Volbeat|Volbeat, L91, M|266/266\n|switch|p2a: Hitmonchan|Hitmonchan, L87, M|229/229\n|turn|1\n|inactive|Battle timer is ON: inactive players will automatically lose when time's up. (requested by felesk)\n|\n|t:|1770849868\n|switch|p2a: Oranguru|Oranguru, L93, M|318/318\n|move|p1a: Volbeat|Thunder Wave|p2a: Oranguru|[miss]\n|-miss|p1a: Volbeat|p2a: Oranguru\n|\n|upkeep\n|turn|2\n|\n|t:|1770849876\n|move|p1a: Volbeat|U-turn|p2a: Oranguru\n|-supereffective|p2a: Oranguru\n|-damage|p2a: Oranguru|184/318\n|\n|t:|1770849881\n|switch|p1a: Mightyena|Mightyena, L94, F|284/284|[from] U-turn\n|-ability|p1a: Mightyena|Intimidate|boost\n|-unboost|p2a: Oranguru|atk|1\n|move|p2a: Oranguru|Psychic|p1a: Mightyena\n|-immune|p1a: Mightyena\n|\n|upkeep\n|turn|3\n|\n|t:|1770849893\n|switch|p2a: Hitmonchan|Hitmonchan, L87, M|229/229\n|move|p1a: Mightyena|Play Rough|p2a: Hitmonchan\n|-supereffective|p2a: Hitmonchan\n|-damage|p2a: Hitmonchan|3/229\n|\n|upkeep\n|turn|4\n|\n|t:|1770849901\n|move|p2a: Hitmonchan|Mach Punch|p1a: Mightyena\n|-supereffective|p1a: Mightyena\n|-damage|p1a: Mightyena|164/284\n|move|p1a: Mightyena|Play Rough|p2a: Hitmonchan\n|-supereffective|p2a: Hitmonchan\n|-damage|p2a: Hitmonchan|0 fnt\n|faint|p2a: Hitmonchan\n|\n|upkeep\n|\n|t:|1770849913\n|switch|p2a: Vivillon|Vivillon, L85, M|275/275\n|turn|5\n|\n|t:|1770849919\n|move|p2a: Vivillon|Sleep Powder|p1a: Mightyena\n|-status|p1a: Mightyena|slp|[from] move: Sleep Powder\n|cant|p1a: Mightyena|slp\n|\n|upkeep\n|turn|6\n|\n|t:|1770849925\n|switch|p1a: Heatran|Heatran, L80, F|277/277\n|move|p2a: Vivillon|Quiver Dance|p2a: Vivillon\n|-boost|p2a: Vivillon|spa|1\n|-boost|p2a: Vivillon|spd|1\n|-boost|p2a: Vivillon|spe|1\n|\n|upkeep\n|turn|7\n|\n|t:|1770849932\n|switch|p2a: Oranguru|Oranguru, L93, M|184/318\n|move|p1a: Heatran|Magma Storm|p2a: Oranguru|[miss]\n|-miss|p1a: Heatran|p2a: Oranguru\n|\n|upkeep\n|turn|8\n|\n|t:|1770849941\n|switch|p1a: Mightyena|Mightyena, L94, F|164/284 slp\n|-ability|p1a: Mightyena|Intimidate|boost\n|-unboost|p2a: Oranguru|atk|1\n|move|p2a: Oranguru|Focus Blast|p1a: Mightyena\n|-supereffective|p1a: Mightyena\n|-damage|p1a: Mightyena|0 fnt\n|faint|p1a: Mightyena\n|\n|upkeep\n|\n|t:|1770849956\n|switch|p1a: Liepard|Liepard, L91, M|264/264\n|turn|9\n|\n|t:|1770849962\n|move|p1a: Liepard|Knock Off|p2a: Oranguru\n|-supereffective|p2a: Oranguru\n|-damage|p2a: Oranguru|0 fnt\n|-enditem|p2a: Oranguru|Choice Specs|[from] move: Knock Off|[of] p1a: Liepard\n|faint|p2a: Oranguru\n|-damage|p1a: Liepard|238/264|[from] item: Life Orb\n|\n|upkeep\n|\n|t:|1770849969\n|switch|p2a: Kingler|Kingler, L87, M|237/237\n|turn|10\n|\n|t:|1770849990\n|move|p1a: Liepard|Thunder Wave|p2a: Kingler\n|-status|p2a: Kingler|par\n|move|p2a: Kingler|Liquidation|p1a: Liepard\n|-damage|p1a: Liepard|0 fnt\n|faint|p1a: Liepard\n|\n|upkeep\n|inactive|felesk has 120 seconds left.\n|\n|t:|1770850010\n|switch|p1a: Groudon|Groudon, L74|270/270\n|-weather|SunnyDay|[from] ability: Drought|[of] p1a: Groudon\n|turn|11\n|inactive|felesk has 120 seconds left.\n|\n|t:|1770850016\n|switch|p2a: Vivillon|Vivillon, L85, M|275/275\n|move|p1a: Groudon|Precipice Blades|p2a: Vivillon\n|-immune|p2a: Vivillon\n|\n|-weather|SunnyDay|[upkeep]\n|upkeep\n|turn|12\n|\n|t:|1770850025\n|switch|p1a: Heatran|Heatran, L80, F|277/277\n|move|p2a: Vivillon|Sleep Powder|p1a: Heatran\n|-status|p1a: Heatran|slp|[from] move: Sleep Powder\n|\n|-weather|SunnyDay|[upkeep]\n|upkeep\n|turn|13\n|\n|t:|1770850031\n|switch|p2a: Kingler|Kingler, L87, M|237/237 par\n|switch|p1a: Groudon|Groudon, L74|270/270\n|\n|-weather|SunnyDay|[upkeep]\n|upkeep\n|turn|14\n|\n|t:|1770850038\n|move|p1a: Groudon|Stealth Rock|p2a: Kingler\n|-sidestart|p2: NTsweeper007|move: Stealth Rock\n|move|p2a: Kingler|Swords Dance|p2a: Kingler\n|-boost|p2a: Kingler|atk|2\n|\n|-weather|SunnyDay|[upkeep]\n|upkeep\n|turn|15\n|\n|t:|1770850047\n|move|p1a: Groudon|Precipice Blades|p2a: Kingler\n|-damage|p2a: Kingler|122/237 par\n|move|p2a: Kingler|Agility|p2a: Kingler\n|-boost|p2a: Kingler|spe|2\n|\n|-weather|none\n|upkeep\n|turn|16\n|\n|t:|1770850054\n|move|p2a: Kingler|Liquidation|p1a: Groudon\n|-supereffective|p1a: Groudon\n|-damage|p1a: Groudon|0 fnt\n|faint|p1a: Groudon\n|\n|upkeep\n|\n|t:|1770850059\n|switch|p1a: Heatran|Heatran, L80, F|277/277 slp\n|turn|17\n|\n|t:|1770850063\n|cant|p1a: Heatran|slp\n|move|p2a: Kingler|Agility|p2a: Kingler\n|-boost|p2a: Kingler|spe|2\n|\n|upkeep\n|turn|18\n|\n|t:|1770850070\n|cant|p2a: Kingler|par\n|-curestatus|p1a: Heatran|slp|[msg]\n|move|p1a: Heatran|Earth Power|p2a: Kingler\n|-crit|p2a: Kingler\n|-damage|p2a: Kingler|0 fnt\n|faint|p2a: Kingler\n|\n|upkeep\n|\n|t:|1770850075\n|switch|p2a: Jynx|Jynx, L89, F|260/260\n|-damage|p2a: Jynx|195/260|[from] Stealth Rock\n|turn|19\n|\n|t:|1770850087\n|switch|p1a: Volbeat|Volbeat, L91, M|266/266\n|move|p2a: Jynx|Lovely Kiss|p1a: Volbeat\n|-status|p1a: Volbeat|slp|[from] move: Lovely Kiss\n|\n|upkeep\n|turn|20\n|\n|t:|1770850097\n|cant|p1a: Volbeat|slp\n|move|p2a: Jynx|Psychic|p1a: Volbeat\n|-damage|p1a: Volbeat|122/266 slp\n|-damage|p2a: Jynx|169/260|[from] item: Life Orb\n|\n|-heal|p1a: Volbeat|138/266 slp|[from] item: Leftovers\n|upkeep\n|turn|21\n|\n|t:|1770850105\n|-curestatus|p1a: Volbeat|slp|[msg]\n|move|p1a: Volbeat|Thunder Wave|p2a: Jynx\n|-status|p2a: Jynx|par\n|move|p2a: Jynx|Psychic|p1a: Volbeat\n|-damage|p1a: Volbeat|0 fnt\n|faint|p1a: Volbeat\n|-damage|p2a: Jynx|143/260 par|[from] item: Life Orb\n|\n|upkeep\n|\n|t:|1770850112\n|switch|p1a: Heatran|Heatran, L80, F|277/277\n|turn|22\n|\n|t:|1770850115\n|move|p1a: Heatran|Magma Storm|p2a: Jynx|[miss]\n|-miss|p1a: Heatran|p2a: Jynx\n|move|p2a: Jynx|Focus Blast|p1a: Heatran\n|-supereffective|p1a: Heatran\n|-damage|p1a: Heatran|22/277\n|-damage|p2a: Jynx|117/260 par|[from] item: Life Orb\n|\n|-heal|p1a: Heatran|39/277|[from] item: Leftovers\n|upkeep\n|turn|23\n|\n|t:|1770850125\n|move|p1a: Heatran|Magma Storm|p2a: Jynx|[miss]\n|-miss|p1a: Heatran|p2a: Jynx\n|move|p2a: Jynx|Psychic|p1a: Heatran\n|-resisted|p1a: Heatran\n|-damage|p1a: Heatran|0 fnt\n|faint|p1a: Heatran\n|-damage|p2a: Jynx|91/260 par|[from] item: Life Orb\n|\n|upkeep\n|\n|t:|1770850129\n|switch|p1a: Gliscor|Gliscor, L78, M|245/245\n|turn|24\n|\n|t:|1770850132\n|move|p1a: Gliscor|Knock Off|p2a: Jynx\n|-supereffective|p2a: Jynx\n|-damage|p2a: Jynx|0 fnt\n|-enditem|p2a: Jynx|Life Orb|[from] move: Knock Off|[of] p1a: Gliscor\n|faint|p2a: Jynx\n|\n|-status|p1a: Gliscor|tox|[from] item: Toxic Orb\n|upkeep\n|\n|t:|1770850136\n|switch|p2a: Vivillon|Vivillon, L85, M|275/275\n|-damage|p2a: Vivillon|138/275|[from] Stealth Rock\n|turn|25\n|\n|t:|1770850146\n|move|p2a: Vivillon|Hurricane|p1a: Gliscor|[miss]\n|-miss|p2a: Vivillon|p1a: Gliscor\n|move|p1a: Gliscor|Knock Off|p2a: Vivillon\n|-damage|p2a: Vivillon|48/275\n|-enditem|p2a: Vivillon|Leftovers|[from] move: Knock Off|[of] p1a: Gliscor\n|\n|upkeep\n|turn|26\n|\n|t:|1770850159\n|move|p2a: Vivillon|Hurricane|p1a: Gliscor\n|-damage|p1a: Gliscor|101/245 tox\n|-start|p1a: Gliscor|confusion\n|-activate|p1a: Gliscor|confusion\n|move|p1a: Gliscor|Knock Off|p2a: Vivillon\n|-damage|p2a: Vivillon|0 fnt\n|faint|p2a: Vivillon\n|\n|-heal|p1a: Gliscor|131/245 tox|[from] ability: Poison Heal\n|upkeep\n|\n|t:|1770850162\n|switch|p2a: Pyroar|Pyroar, L88, M|295/295\n|-ability|p2a: Pyroar|Unnerve\n|-damage|p2a: Pyroar|222/295|[from] Stealth Rock\n|turn|27\n|\n|t:|1770850168\n|move|p2a: Pyroar|Hyper Voice|p1a: Gliscor\n|-damage|p1a: Gliscor|0 fnt\n|faint|p1a: Gliscor\n|-damage|p2a: Pyroar|193/295|[from] item: Life Orb\n|\n|win|NTsweeper007\n|raw|felesk's rating: 1661 &rarr; <strong>1648</strong><br />(-13 for losing)\n|raw|NTsweeper007's rating: 1783 &rarr; <strong>1796</strong><br />(+13 for winning)\n|l|☆felesk\n|player|p1|\n", "inputlog": ">version ccdc32dd7cde25fd9e4bed64820e885f66e78a4e\n>start {\"formatid\":\"gen7randombattle\",\"seed\":\"sodium,efc9ca857d8ec31b16bb96b23a537bc4\",\"rated\":\"Rated battle\"}\n>player p1 {\"name\":\"felesk\",\"avatar\":\"steven\",\"rating\":1661,\"seed\":\"sodium,704376e8559a278d98c30b2b57e70532\"}\n>player p2 {\"name\":\"NTsweeper007\",\"avatar\":\"hilbert-wonderlauncher\",\"rating\":1783,\"seed\":\"sodium,ccb318c688725cbd7b185e24acd6a064\"}\n>p1 move thunderwave\n>p2 switch 5\n>p1 move uturn\n>p2 move psychic\n>p1 switch 4\n>p1 move playrough\n>p2 switch 5\n>p1 move playrough\n>p2 move machpunch\n>p2 switch 3\n>p1 move playrough\n>p2 move sleeppowder\n>p1 switch 5\n>p2 move quiverdance\n>p1 move magmastorm\n>p2 switch 5\n>p1 switch 5\n>p2 move focusblast\n>p1 switch 2\n>p1 move knockoff\n>p2 move focusblast\n>p2 switch 2\n>p1 move thunderwave\n>p2 move liquidation\n>p1 switch 6\n>p1 move precipiceblades\n>p2 switch 5\n>p1 switch 5\n>p2 move sleeppowder\n>p1 switch 5\n>p2 switch 5\n>p1 move stealthrock\n>p2 move swordsdance\n>p1 move precipiceblades\n>p2 move agility\n>p1 move precipiceblades\n>p2 move liquidation\n>p1 switch 5\n>p1 move protect\n>p2 move agility\n>p1 move earthpower\n>p2 move liquidation\n>p2 switch 6\n>p1 switch 4\n>p2 move lovelykiss\n>p1 move thunderwave\n>p2 move psychic\n>p1 move thunderwave\n>p2 move psychic\n>p1 switch 4\n>p1 move magmastorm\n>p2 move focusblast\n>p1 move magmastorm\n>p2 move psychic\n>p1 switch 3\n>p1 move knockoff\n>p2 move icebeam\n>p2 switch 5\n>p1 move knockoff\n>p2 move hurricane\n>p1 move knockoff\n>p2 move hurricane\n>p2 switch 4\n>p1 move roost\n>p2 move hypervoice", "uploadtime": 1770850179, "views": 222, "formatid": "gen7randombattle", "rating": 1648, "private": 0, "password": null}