{"id": "gen7randombattle-2531219449", "format": "[Gen 7] Random Battle", "players": ["Blade Luther", "mamatihu"], "log": "|j|☆Blade Luther\n|j|☆mamatihu\n|t:|1770033599\n|gametype|singles\n|player|p1|Blade Luther|ethan-masters|1524\n|player|p2|mamatihu|2|1597\n|gen|7\n|tier|[Gen 7] Random Battle\n|rated|\n|rule|Sleep Clause Mod: Limit one foe put to sleep\n|rule|HP Percentage Mod: HP is shown in percentages\n|rule|Illusion Level Mod: Illusion disguises the Pokémon's true level\n|\n|t:|1770033599\n|teamsize|p1|6\n|teamsize|p2|6\n|start\n|switch|p1a: Clefable|Clefable, L83, F|293/293\n|switch|p2a: Wigglytuff|Wigglytuff, L95, M|420/420\n|turn|1\n|inactive|Battle timer is ON: inactive players will automatically lose when time's up. (requested by Blade Luther)\n|\n|t:|1770033608\n|move|p1a: Clefable|Calm Mind|p1a: Clefable\n|-boost|p1a: Clefable|spa|1\n|-boost|p1a: Clefable|spd|1\n|move|p2a: Wigglytuff|Wish|p2a: Wigglytuff\n|\n|upkeep\n|turn|2\n|\n|t:|1770033614\n|switch|p2a: Emboar|Emboar, L85, M|326/326\n|move|p1a: Clefable|Calm Mind|p1a: Clefable\n|-boost|p1a: Clefable|spa|1\n|-boost|p1a: Clefable|spd|1\n|\n|upkeep\n|turn|3\n|\n|t:|1770033625\n|move|p2a: Emboar|Head Smash|p1a: Clefable\n|-damage|p1a: Clefable|34/293\n|-damage|p2a: Emboar|196/326|[from] Recoil\n|move|p1a: Clefable|Moonblast|p2a: Emboar\n|-damage|p2a: Emboar|0 fnt\n|faint|p2a: Emboar\n|\n|-heal|p1a: Clefable|52/293|[from] item: Leftovers\n|upkeep\n|\n|t:|1770033651\n|switch|p2a: Simipour|Simipour, L88, F|275/275\n|turn|4\n|\n|t:|1770033656\n|move|p2a: Simipour|Hydro Pump|p1a: Clefable|[miss]\n|-miss|p2a: Simipour|p1a: Clefable\n|move|p1a: Clefable|Soft-Boiled|p1a: Clefable\n|-heal|p1a: Clefable|199/293\n|\n|-heal|p1a: Clefable|217/293|[from] item: Leftovers\n|upkeep\n|turn|5\n|\n|t:|1770033667\n|move|p2a: Simipour|Nasty Plot|p2a: Simipour\n|-boost|p2a: Simipour|spa|2\n|move|p1a: Clefable|Moonblast|p2a: Simipour\n|-damage|p2a: Simipour|55/275\n|\n|-heal|p2a: Simipour|72/275|[from] item: Leftovers\n|-heal|p1a: Clefable|235/293|[from] item: Leftovers\n|upkeep\n|turn|6\n|\n|t:|1770033677\n|move|p2a: Simipour|Hydro Pump|p1a: Clefable|[miss]\n|-miss|p2a: Simipour|p1a: Clefable\n|move|p1a: Clefable|Moonblast|p2a: Simipour\n|-damage|p2a: Simipour|0 fnt\n|faint|p2a: Simipour\n|\n|-heal|p1a: Clefable|253/293|[from] item: Leftovers\n|upkeep\n|\n|t:|1770033689\n|switch|p2a: Forretress|Forretress, L81, F|254/254\n|turn|7\n|\n|t:|1770033700\n|move|p1a: Clefable|Fire Blast|p2a: Forretress\n|-supereffective|p2a: Forretress\n|-ability|p2a: Forretress|Sturdy\n|-damage|p2a: Forretress|1/254\n|move|p2a: Forretress|Gyro Ball|p1a: Clefable\n|-supereffective|p1a: Clefable\n|-crit|p1a: Clefable\n|-damage|p1a: Clefable|67/293\n|\n|-heal|p1a: Clefable|85/293|[from] item: Leftovers\n|-heal|p2a: Forretress|16/254|[from] item: Leftovers\n|upkeep\n|turn|8\n|\n|t:|1770033712\n|move|p1a: Clefable|Moonblast|p2a: Forretress\n|-resisted|p2a: Forretress\n|-damage|p2a: Forretress|0 fnt\n|faint|p2a: Forretress\n|\n|-heal|p1a: Clefable|103/293|[from] item: Leftovers\n|upkeep\n|\n|t:|1770033718\n|switch|p2a: Mudsdale|Mudsdale, L83, M|302/302\n|turn|9\n|\n|t:|1770033725\n|move|p1a: Clefable|Soft-Boiled|p1a: Clefable\n|-heal|p1a: Clefable|250/293\n|move|p2a: Mudsdale|Earthquake|p1a: Clefable\n|-damage|p1a: Clefable|112/293\n|\n|-heal|p1a: Clefable|130/293|[from] item: Leftovers\n|upkeep\n|turn|10\n|\n|t:|1770033733\n|move|p1a: Clefable|Moonblast|p2a: Mudsdale\n|-damage|p2a: Mudsdale|109/302\n|-ability|p2a: Mudsdale|Stamina|boost\n|-boost|p2a: Mudsdale|def|1\n|move|p2a: Mudsdale|Earthquake|p1a: Clefable\n|-damage|p1a: Clefable|0 fnt\n|faint|p1a: Clefable\n|\n|-heal|p2a: Mudsdale|127/302|[from] item: Leftovers\n|upkeep\n|\n|t:|1770033745\n|switch|p1a: Quagsire|Quagsire, L87, F|307/307\n|turn|11\n|\n|t:|1770033761\n|switch|p2a: Wigglytuff|Wigglytuff, L95, M|420/420\n|move|p1a: Quagsire|Scald|p2a: Wigglytuff\n|-damage|p2a: Wigglytuff|324/420\n|\n|-heal|p2a: Wigglytuff|350/420|[from] item: Leftovers\n|upkeep\n|turn|12\n|\n|t:|1770033770\n|move|p2a: Wigglytuff|Protect|p2a: Wigglytuff\n|-singleturn|p2a: Wigglytuff|Protect\n|move|p1a: Quagsire|Toxic|p2a: Wigglytuff\n|-activate|p2a: Wigglytuff|move: Protect\n|\n|-heal|p2a: Wigglytuff|376/420|[from] item: Leftovers\n|upkeep\n|turn|13\n|\n|t:|1770033778\n|move|p2a: Wigglytuff|Knock Off|p1a: Quagsire\n|-damage|p1a: Quagsire|242/307\n|-enditem|p1a: Quagsire|Leftovers|[from] move: Knock Off|[of] p2a: Wigglytuff\n|move|p1a: Quagsire|Toxic|p2a: Wigglytuff\n|-status|p2a: Wigglytuff|tox\n|\n|-heal|p2a: Wigglytuff|402/420 tox|[from] item: Leftovers\n|-damage|p2a: Wigglytuff|376/420 tox|[from] psn\n|upkeep\n|turn|14\n|\n|t:|1770033789\n|move|p2a: Wigglytuff|Dazzling Gleam|p1a: Quagsire\n|-damage|p1a: Quagsire|118/307\n|move|p1a: Quagsire|Earthquake|p2a: Wigglytuff\n|-damage|p2a: Wigglytuff|225/420 tox\n|\n|-heal|p2a: Wigglytuff|251/420 tox|[from] item: Leftovers\n|-damage|p2a: Wigglytuff|199/420 tox|[from] psn\n|upkeep\n|turn|15\n|\n|t:|1770033808\n|switch|p1a: Gothitelle|Gothitelle, L91, F|275/275\n|move|p2a: Wigglytuff|Dazzling Gleam|p1a: Gothitelle\n|-damage|p1a: Gothitelle|205/275\n|\n|-heal|p2a: Wigglytuff|225/420 tox|[from] item: Leftovers\n|-damage|p2a: Wigglytuff|147/420 tox|[from] psn\n|upkeep\n|turn|16\n|\n|t:|1770033818\n|move|p1a: Gothitelle|Trick|p2a: Wigglytuff\n|-activate|p1a: Gothitelle|move: Trick|[of] p2a: Wigglytuff\n|-item|p2a: Wigglytuff|Choice Scarf|[from] move: Trick\n|-item|p1a: Gothitelle|Leftovers|[from] move: Trick\n|move|p2a: Wigglytuff|Wish|p2a: Wigglytuff\n|\n|-heal|p1a: Gothitelle|222/275|[from] item: Leftovers\n|-damage|p2a: Wigglytuff|43/420 tox|[from] psn\n|upkeep\n|turn|17\n|\n|t:|1770033830\n|move|p2a: Wigglytuff|Wish||[still]\n|-fail|p2a: Wigglytuff\n|move|p1a: Gothitelle|Psychic|p2a: Wigglytuff\n|-damage|p2a: Wigglytuff|0 fnt\n|faint|p2a: Wigglytuff\n|\n|-heal|p1a: Gothitelle|239/275|[from] item: Leftovers\n|upkeep\n|\n|t:|1770033834\n|switch|p2a: Porygon2|Porygon2, L82|274/274\n|-ability|p2a: Porygon2|Download|boost\n|-boost|p2a: Porygon2|atk|1\n|turn|18\n|\n|t:|1770033847\n|move|p1a: Gothitelle|Trick|p2a: Porygon2\n|-activate|p1a: Gothitelle|move: Trick|[of] p2a: Porygon2\n|-item|p2a: Porygon2|Leftovers|[from] move: Trick\n|-item|p1a: Gothitelle|Eviolite|[from] move: Trick\n|move|p2a: Porygon2|Toxic|p1a: Gothitelle\n|-status|p1a: Gothitelle|tox\n|\n|-damage|p1a: Gothitelle|222/275 tox|[from] psn\n|upkeep\n|turn|19\n|\n|t:|1770033863\n|switch|p1a: Cresselia|Cresselia, L82, F|331/331\n|move|p2a: Porygon2|Recover||[still]\n|-fail|p2a: Porygon2|heal\n|\n|upkeep\n|turn|20\n|\n|t:|1770033870\n|move|p1a: Cresselia|Toxic|p2a: Porygon2\n|-status|p2a: Porygon2|tox\n|move|p2a: Porygon2|Toxic|p1a: Cresselia\n|-status|p1a: Cresselia|tox\n|\n|-damage|p1a: Cresselia|311/331 tox|[from] psn\n|-damage|p2a: Porygon2|257/274 tox|[from] psn\n|upkeep\n|turn|21\n|\n|t:|1770033884\n|switch|p1a: Gothitelle|Gothitelle, L91, F|222/275 tox\n|switch|p2a: Mudsdale|Mudsdale, L83, M|127/302\n|\n|-heal|p2a: Mudsdale|145/302|[from] item: Leftovers\n|-damage|p1a: Gothitelle|205/275 tox|[from] psn\n|upkeep\n|turn|22\n|\n|t:|1770033895\n|move|p1a: Gothitelle|Trick|p2a: Mudsdale\n|-activate|p1a: Gothitelle|move: Trick|[of] p2a: Mudsdale\n|-item|p2a: Mudsdale|Eviolite|[from] move: Trick\n|-item|p1a: Gothitelle|Leftovers|[from] move: Trick\n|move|p2a: Mudsdale|Earthquake|p1a: Gothitelle\n|-damage|p1a: Gothitelle|85/275 tox\n|\n|-heal|p1a: Gothitelle|102/275 tox|[from] item: Leftovers\n|-damage|p1a: Gothitelle|68/275 tox|[from] psn\n|upkeep\n|turn|23\n|\n|t:|1770033907\n|move|p1a: Gothitelle|Psychic|p2a: Mudsdale\n|-damage|p2a: Mudsdale|37/302\n|-ability|p2a: Mudsdale|Stamina|boost\n|-boost|p2a: Mudsdale|def|1\n|move|p2a: Mudsdale|Earthquake|p1a: Gothitelle\n|-damage|p1a: Gothitelle|0 fnt\n|faint|p1a: Gothitelle\n|\n|upkeep\n|\n|t:|1770033916\n|switch|p1a: Quagsire|Quagsire, L87, F|118/307\n|turn|24\n|\n|t:|1770033920\n|move|p1a: Quagsire|Scald|p2a: Mudsdale\n|-supereffective|p2a: Mudsdale\n|-damage|p2a: Mudsdale|0 fnt\n|faint|p2a: Mudsdale\n|\n|upkeep\n|\n|t:|1770033923\n|switch|p2a: Porygon2|Porygon2, L82|257/274 tox\n|-ability|p2a: Porygon2|Download|boost\n|-boost|p2a: Porygon2|spa|1\n|turn|25\n|\n|t:|1770033929\n|move|p2a: Porygon2|Tri Attack|p1a: Quagsire\n|-damage|p1a: Quagsire|6/307\n|move|p1a: Quagsire|Recover|p1a: Quagsire\n|-heal|p1a: Quagsire|160/307\n|\n|-heal|p2a: Porygon2|274/274 tox|[from] item: Leftovers\n|-damage|p2a: Porygon2|257/274 tox|[from] psn\n|upkeep\n|turn|26\n|inactive|mamatihu has 120 seconds left.\n|inactive|mamatihu has 90 seconds left.\n|inactive|mamatihu has 60 seconds left.\n|inactive|mamatihu has 30 seconds left.\n|inactive|mamatihu has 20 seconds left.\n|inactive|mamatihu has 15 seconds left.\n|inactive|mamatihu has 10 seconds left.\n|inactive|mamatihu has 5 seconds left.\n|-message|mamatihu lost due to inactivity.\n|\n|win|Blade Luther\n|raw|Blade Luther's rating: 1524 &rarr; <strong>1548</strong><br />(+24 for winning)\n|raw|mamatihu's rating: 1597 &rarr; <strong>1573</strong><br />(-24 for losing)\n", "inputlog": ">version ccdc32dd7cde25fd9e4bed64820e885f66e78a4e\n>start {\"formatid\":\"gen7randombattle\",\"seed\":\"sodium,20d803ead215134a6932d5b3f82584e6\",\"rated\":\"Rated battle\"}\n>player p1 {\"name\":\"Blade Luther\",\"avatar\":\"ethan-masters\",\"rating\":1524,\"seed\":\"sodium,81408286d1991ec37e1682fe401ee6b7\"}\n>player p2 {\"name\":\"mamatihu\",\"avatar\":\"2\",\"rating\":1597,\"seed\":\"sodium,0a8a13c264dfd8a13f7ff79afac8e3ff\"}\n>p1 move calmmind\n>p2 move wish\n>p1 move calmmind\n>p2 switch 5\n>p1 move moonblast\n>p2 move headsmash\n>p2 switch 2\n>p1 move softboiled\n>p2 move hydropump\n>p1 move moonblast\n>p2 move nastyplot\n>p1 move moonblast\n>p2 move hydropump\n>p2 switch 4\n>p1 move fireblast\n>p2 move gyroball\n>p1 move moonblast\n>p2 move gyroball\n>p2 switch 3\n>p1 move softboiled\n>p2 move earthquake\n>p1 move moonblast\n>p2 move earthquake\n>p1 switch 6\n>p1 move scald\n>p2 switch 5\n>p1 move toxic\n>p2 move protect\n>p1 move toxic\n>p2 move knockoff\n>p1 move earthquake\n>p2 move dazzlinggleam\n>p1 switch 3\n>p2 move dazzlinggleam\n>p1 move trick\n>p2 move wish\n>p1 move psychic\n>p2 move wish\n>p2 switch 6\n>p1 move trick\n>p2 move toxic\n>p1 switch 2\n>p2 move recover\n>p1 move toxic\n>p2 move toxic\n>p1 switch 2\n>p2 switch 5\n>p1 move trick\n>p2 move earthquake\n>p1 move psychic\n>p2 move earthquake\n>p1 switch 3\n>p1 move scald\n>p2 move earthquake\n>p2 switch 5\n>p1 move recover\n>p2 move triattack\n>forcelose p2", "uploadtime": 1770034083, "views": 159, "formatid": "gen7randombattle", "rating": 1548, "private": 0, "password": null}