{"id": "gen7randombattle-2539832804", "format": "[Gen 7] Random Battle", "players": ["La.Hellhound", "Pwnaga"], "log": "|j|‽La.Hellhound\n|j|☆Pwnaga\n|t:|1771114912\n|gametype|singles\n|player|p1|La.Hellhound|bruno|1588\n|player|p2|Pwnaga|ethan|1686\n|gen|7\n|tier|[Gen 7] Random Battle\n|rated|\n|rule|Sleep Clause Mod: Limit one foe put to sleep\n|rule|HP Percentage Mod: HP is shown in percentages\n|rule|Illusion Level Mod: Illusion disguises the Pokémon's true level\n|\n|t:|1771114912\n|teamsize|p1|6\n|teamsize|p2|6\n|start\n|switch|p1a: Umbreon|Umbreon, L84, M|297/297\n|switch|p2a: Zeraora|Zeraora, L77|262/262\n|turn|1\n|inactive|Battle timer is ON: inactive players will automatically lose when time's up. (requested by Pwnaga)\n|inactive|La.Hellhound also wants the timer to be on.\n|inactive|La.Hellhound has 120 seconds left.\n|\n|t:|1771114948\n|switch|p2a: Ditto|Ditto, L83|215/215\n|-transform|p2a: Ditto|p1a: Umbreon|[from] ability: Imposter\n|switch|p1a: Wormadam|Wormadam-Sandy, L91, F|257/257\n|\n|upkeep\n|turn|2\n|\n|t:|1771114968\n|switch|p2a: Chatot|Chatot, L89, M|279/279\n|move|p1a: Wormadam|Stealth Rock|p2a: Chatot\n|-sidestart|p2: Pwnaga|move: Stealth Rock\n|\n|upkeep\n|turn|3\n|\n|t:|1771114976\n|switch|p1a: Froslass|Froslass, L87, F|264/264\n|move|p2a: Chatot|Boomburst|p1a: Froslass\n|-immune|p1a: Froslass\n|\n|upkeep\n|turn|4\n|\n|t:|1771114987\n|switch|p2a: Electivire|Electivire, L86, F|269/269\n|-damage|p2a: Electivire|236/269|[from] Stealth Rock\n|move|p1a: Froslass|Shadow Ball|p2a: Electivire\n|-damage|p2a: Electivire|161/269\n|\n|upkeep\n|turn|5\n|\n|t:|1771114996\n|move|p1a: Froslass|Spikes|p2a: Electivire\n|-sidestart|p2: Pwnaga|Spikes\n|move|p2a: Electivire|Flamethrower|p1a: Froslass\n|-supereffective|p1a: Froslass\n|-damage|p1a: Froslass|64/264\n|-start|p2a: Electivire|Disable|Flamethrower|[from] ability: Cursed Body|[of] p1a: Froslass\n|-damage|p2a: Electivire|135/269|[from] item: Life Orb\n|\n|-heal|p1a: Froslass|80/264|[from] item: Leftovers\n|upkeep\n|turn|6\n|\n|t:|1771115008\n|switch|p1a: Wormadam|Wormadam-Sandy, L91, F|257/257\n|move|p2a: Electivire|Wild Charge|p1a: Wormadam\n|-immune|p1a: Wormadam\n|\n|upkeep\n|turn|7\n|\n|t:|1771115017\n|move|p2a: Electivire|Ice Punch|p1a: Wormadam\n|-supereffective|p1a: Wormadam\n|-damage|p1a: Wormadam|101/257\n|-damage|p2a: Electivire|109/269|[from] item: Life Orb\n|move|p1a: Wormadam|Earthquake|p2a: Electivire\n|-supereffective|p2a: Electivire\n|-damage|p2a: Electivire|0 fnt\n|faint|p2a: Electivire\n|\n|-heal|p1a: Wormadam|117/257|[from] item: Leftovers\n|upkeep\n|\n|t:|1771115041\n|switch|p2a: Rhydon|Rhydon, L85, M|317/317\n|-damage|p2a: Rhydon|298/317|[from] Stealth Rock\n|-damage|p2a: Rhydon|259/317|[from] Spikes\n|turn|8\n|inactive|La.Hellhound has 120 seconds left.\n|\n|t:|1771115075\n|move|p1a: Wormadam|Toxic|p2a: Rhydon\n|-status|p2a: Rhydon|tox\n|move|p2a: Rhydon|Stealth Rock|p1a: Wormadam\n|-sidestart|p1: La.Hellhound|move: Stealth Rock\n|\n|-heal|p1a: Wormadam|133/257|[from] item: Leftovers\n|-damage|p2a: Rhydon|240/317 tox|[from] psn\n|upkeep\n|turn|9\n|\n|t:|1771115084\n|move|p1a: Wormadam|Protect|p1a: Wormadam\n|-singleturn|p1a: Wormadam|Protect\n|move|p2a: Rhydon|Toxic|p1a: Wormadam\n|-activate|p1a: Wormadam|move: Protect\n|\n|-heal|p1a: Wormadam|149/257|[from] item: Leftovers\n|-damage|p2a: Rhydon|202/317 tox|[from] psn\n|upkeep\n|turn|10\n|\n|t:|1771115096\n|switch|p1a: Umbreon|Umbreon, L84, M|297/297\n|-damage|p1a: Umbreon|260/297|[from] Stealth Rock\n|move|p2a: Rhydon|Stone Edge|p1a: Umbreon\n|-damage|p1a: Umbreon|151/297\n|\n|-heal|p1a: Umbreon|169/297|[from] item: Leftovers\n|-damage|p2a: Rhydon|145/317 tox|[from] psn\n|upkeep\n|turn|11\n|\n|t:|1771115107\n|move|p1a: Umbreon|Moonlight|p1a: Umbreon\n|-heal|p1a: Umbreon|297/297\n|move|p2a: Rhydon|Toxic|p1a: Umbreon\n|-status|p1a: Umbreon|tox\n|-activate|p1a: Umbreon|ability: Synchronize\n|-fail|p2a: Rhydon|tox\n|\n|-damage|p1a: Umbreon|279/297 tox|[from] psn\n|-damage|p2a: Rhydon|69/317 tox|[from] psn\n|upkeep\n|turn|12\n|inactive|La.Hellhound has 120 seconds left.\n|\n|t:|1771115125\n|move|p1a: Umbreon|Heal Bell|p1a: Umbreon\n|-activate|p1a: Umbreon|move: Heal Bell\n|-curestatus|p1a: Umbreon|tox|[msg]\n|move|p2a: Rhydon|Earthquake|p1a: Umbreon\n|-damage|p1a: Umbreon|156/297\n|\n|-heal|p1a: Umbreon|174/297|[from] item: Leftovers\n|-damage|p2a: Rhydon|0 fnt|[from] psn\n|faint|p2a: Rhydon\n|upkeep\n|\n|t:|1771115139\n|switch|p2a: Leavanny|Leavanny, L87, F|272/272\n|-damage|p2a: Leavanny|204/272|[from] Stealth Rock\n|-damage|p2a: Leavanny|170/272|[from] Spikes\n|turn|13\n|inactive|La.Hellhound has 120 seconds left.\n|inactive|La.Hellhound has 90 seconds left.\n|\n|t:|1771115185\n|switch|p1a: Illumise|Illumise, L92, F|269/269\n|-damage|p1a: Illumise|202/269|[from] Stealth Rock\n|move|p2a: Leavanny|Sticky Web|p1a: Illumise\n|-sidestart|p1: La.Hellhound|move: Sticky Web\n|\n|-heal|p1a: Illumise|218/269|[from] item: Leftovers\n|upkeep\n|turn|14\n|inactive|La.Hellhound has 90 seconds left.\n|\n|t:|1771115199\n|switch|p2a: Zeraora|Zeraora, L77|262/262\n|-damage|p2a: Zeraora|230/262|[from] Stealth Rock\n|-damage|p2a: Zeraora|198/262|[from] Spikes\n|move|p1a: Illumise|Encore||[still]\n|-fail|p1a: Illumise\n|\n|-heal|p1a: Illumise|234/269|[from] item: Leftovers\n|upkeep\n|turn|15\n|\n|t:|1771115212\n|move|p2a: Zeraora|Knock Off|p1a: Illumise\n|-damage|p1a: Illumise|143/269\n|-enditem|p1a: Illumise|Leftovers|[from] move: Knock Off|[of] p2a: Zeraora\n|-damage|p2a: Zeraora|172/262|[from] item: Life Orb\n|move|p1a: Illumise|Bug Buzz|p2a: Zeraora\n|-crit|p2a: Zeraora\n|-damage|p2a: Zeraora|6/262\n|\n|upkeep\n|turn|16\n|\n|t:|1771115221\n|move|p1a: Illumise|Encore|p2a: Zeraora\n|-start|p2a: Zeraora|Encore\n|move|p2a: Zeraora|Knock Off|p1a: Illumise\n|-damage|p1a: Illumise|86/269\n|-damage|p2a: Zeraora|0 fnt|[from] item: Life Orb\n|faint|p2a: Zeraora\n|\n|upkeep\n|\n|t:|1771115230\n|switch|p2a: Leavanny|Leavanny, L87, F|170/272\n|-damage|p2a: Leavanny|102/272|[from] Stealth Rock\n|-damage|p2a: Leavanny|68/272|[from] Spikes\n|turn|17\n|\n|t:|1771115237\n|move|p1a: Illumise|Roost|p1a: Illumise\n|-heal|p1a: Illumise|221/269\n|-singleturn|p1a: Illumise|move: Roost\n|move|p2a: Leavanny|X-Scissor|p1a: Illumise\n|-damage|p1a: Illumise|17/269\n|-damage|p2a: Leavanny|41/272|[from] item: Life Orb\n|\n|upkeep\n|turn|18\n|\n|t:|1771115245\n|move|p1a: Illumise|Thunder Wave|p2a: Leavanny\n|-status|p2a: Leavanny|par\n|move|p2a: Leavanny|X-Scissor|p1a: Illumise\n|-damage|p1a: Illumise|0 fnt\n|faint|p1a: Illumise\n|-damage|p2a: Leavanny|14/272 par|[from] item: Life Orb\n|\n|upkeep\n|\n|t:|1771115256\n|switch|p1a: Rayquaza|Rayquaza, L66|248/248\n|-damage|p1a: Rayquaza|186/248|[from] Stealth Rock\n|-ability|p1a: Rayquaza|Air Lock\n|turn|19\n|\n|t:|1771115269\n|move|p1a: Rayquaza|Extreme Speed|p2a: Leavanny\n|-crit|p2a: Leavanny\n|-damage|p2a: Leavanny|0 fnt\n|faint|p2a: Leavanny\n|-damage|p1a: Rayquaza|162/248|[from] item: Life Orb\n|\n|upkeep\n|\n|t:|1771115276\n|switch|p2a: Ditto|Ditto, L83|215/215\n|-damage|p2a: Ditto|189/215|[from] Stealth Rock\n|-damage|p2a: Ditto|163/215|[from] Spikes\n|-transform|p2a: Ditto|p1a: Rayquaza|[from] ability: Imposter\n|turn|20\n|inactive|La.Hellhound has 120 seconds left.\n|\n|t:|1771115293\n|switch|p1a: Wormadam|Wormadam-Sandy, L91, F|149/257\n|-damage|p1a: Wormadam|117/257|[from] Stealth Rock\n|-activate|p1a: Wormadam|move: Sticky Web\n|-unboost|p1a: Wormadam|spe|1\n|move|p2a: Ditto|Dragon Ascent|p1a: Wormadam\n|-supereffective|p1a: Wormadam\n|-damage|p1a: Wormadam|0 fnt\n|-unboost|p2a: Ditto|def|1\n|-unboost|p2a: Ditto|spd|1\n|faint|p1a: Wormadam\n|\n|upkeep\n|\n|t:|1771115306\n|switch|p1a: Slaking|Slaking, L84, M|389/389\n|-damage|p1a: Slaking|341/389|[from] Stealth Rock\n|-activate|p1a: Slaking|move: Sticky Web\n|-unboost|p1a: Slaking|spe|1\n|turn|21\n|\n|t:|1771115316\n|move|p2a: Ditto|Dragon Ascent|p1a: Slaking\n|-damage|p1a: Slaking|217/389\n|-unboost|p2a: Ditto|def|1\n|-unboost|p2a: Ditto|spd|1\n|move|p1a: Slaking|Double-Edge|p2a: Ditto\n|-damage|p2a: Ditto|0 fnt\n|faint|p2a: Ditto\n|-damage|p1a: Slaking|163/389|[from] Recoil\n|\n|upkeep\n|\n|t:|1771115326\n|switch|p2a: Chatot|Chatot, L89, M|279/279\n|-damage|p2a: Chatot|210/279|[from] Stealth Rock\n|turn|22\n|inactive|La.Hellhound has 120 seconds left.\n|\n|t:|1771115332\n|move|p2a: Chatot|Chatter|p1a: Slaking\n|-damage|p1a: Slaking|16/389\n|-start|p1a: Slaking|confusion\n|cant|p1a: Slaking|ability: Truant\n|\n|upkeep\n|turn|23\n|\n|t:|1771115340\n|move|p2a: Chatot|Chatter|p1a: Slaking\n|-damage|p1a: Slaking|0 fnt\n|faint|p1a: Slaking\n|\n|upkeep\n|\n|t:|1771115346\n|switch|p1a: Umbreon|Umbreon, L84, M|174/297\n|-damage|p1a: Umbreon|137/297|[from] Stealth Rock\n|-activate|p1a: Umbreon|move: Sticky Web\n|-unboost|p1a: Umbreon|spe|1\n|turn|24\n|\n|t:|1771115354\n|move|p2a: Chatot|Chatter|p1a: Umbreon\n|-damage|p1a: Umbreon|58/297\n|-start|p1a: Umbreon|confusion\n|-activate|p1a: Umbreon|confusion\n|move|p1a: Umbreon|Moonlight|p1a: Umbreon\n|-heal|p1a: Umbreon|206/297\n|\n|-heal|p1a: Umbreon|224/297|[from] item: Leftovers\n|upkeep\n|turn|25\n|\n|t:|1771115363\n|move|p2a: Chatot|Chatter|p1a: Umbreon\n|-damage|p1a: Umbreon|137/297\n|-activate|p1a: Umbreon|confusion\n|move|p1a: Umbreon|Foul Play|p2a: Chatot\n|-damage|p2a: Chatot|99/279\n|\n|-heal|p1a: Umbreon|155/297|[from] item: Leftovers\n|upkeep\n|turn|26\n|\n|t:|1771115370\n|move|p2a: Chatot|Chatter|p1a: Umbreon\n|-damage|p1a: Umbreon|77/297\n|-activate|p1a: Umbreon|confusion\n|-damage|p1a: Umbreon|64/297|[from] confusion\n|\n|-heal|p1a: Umbreon|82/297|[from] item: Leftovers\n|upkeep\n|turn|27\n|\n|t:|1771115377\n|move|p2a: Chatot|Chatter|p1a: Umbreon\n|-damage|p1a: Umbreon|0 fnt\n|faint|p1a: Umbreon\n|\n|upkeep\n|\n|t:|1771115382\n|switch|p1a: Rayquaza|Rayquaza, L66|162/248\n|-damage|p1a: Rayquaza|100/248|[from] Stealth Rock\n|-ability|p1a: Rayquaza|Air Lock\n|turn|28\n|\n|t:|1771115391\n|detailschange|p1a: Rayquaza|Rayquaza-Mega, L66\n|-mega|p1a: Rayquaza|Rayquaza|\n|-weather|DeltaStream|[from] ability: Delta Stream|[of] p1a: Rayquaza\n|move|p1a: Rayquaza|Extreme Speed|p2a: Chatot\n|-damage|p2a: Chatot|0 fnt\n|faint|p2a: Chatot\n|-damage|p1a: Rayquaza|76/248|[from] item: Life Orb\n|\n|win|La.Hellhound\n|raw|La.Hellhound's rating: 1588 &rarr; <strong>1613</strong><br />(+25 for winning)\n|raw|Pwnaga's rating: 1686 &rarr; <strong>1661</strong><br />(-25 for losing)\n|l|☆Pwnaga\n|player|p2|\n", "inputlog": ">version ccdc32dd7cde25fd9e4bed64820e885f66e78a4e\n>start {\"formatid\":\"gen7randombattle\",\"seed\":\"sodium,2a626ae8125a7432227841a58fc0f72f\",\"rated\":\"Rated battle\"}\n>player p1 {\"name\":\"La.Hellhound\",\"avatar\":\"bruno\",\"rating\":1588,\"seed\":\"sodium,502369b554187fa96b7ad99cbc1674e4\"}\n>player p2 {\"name\":\"Pwnaga\",\"avatar\":\"ethan\",\"rating\":1686,\"seed\":\"sodium,816c596e8facc776a8631041b870ac07\"}\n>p1 switch 6\n>p2 switch 4\n>p1 move stealthrock\n>p2 switch 3\n>p1 switch 3\n>p2 move boomburst\n>p1 move shadowball\n>p2 switch 2\n>p1 move spikes\n>p2 move flamethrower\n>p1 switch 3\n>p2 move wildcharge\n>p1 move earthquake\n>p2 move icepunch\n>p2 switch 5\n>p1 move toxic\n>p2 move stealthrock\n>p1 move protect\n>p2 move toxic\n>p1 switch 6\n>p2 move stoneedge\n>p1 move moonlight\n>p2 move toxic\n>p1 move healbell\n>p2 move earthquake\n>p2 switch 6\n>p1 switch 2\n>p2 move stickyweb\n>p1 move encore\n>p2 switch 4\n>p1 move bugbuzz\n>p2 move knockoff\n>p1 move encore\n>p2 move plasmafists\n>p2 switch 4\n>p1 move roost\n>p2 move xscissor\n>p1 move thunderwave\n>p2 move xscissor\n>p1 switch 4\n>p1 move extremespeed\n>p2 move xscissor\n>p2 switch 3\n>p1 switch 6\n>p2 move dragonascent\n>p1 switch 5\n>p1 move doubleedge\n>p2 move dragonascent\n>p2 switch 2\n>p1 move doubleedge\n>p2 move chatter\n>p1 move doubleedge\n>p2 move chatter\n>p1 switch 2\n>p1 move moonlight\n>p2 move chatter\n>p1 move foulplay\n>p2 move chatter\n>p1 move foulplay\n>p2 move chatter\n>p1 move foulplay\n>p2 move chatter\n>p1 switch 6\n>p1 move extremespeed mega\n>p2 move chatter", "uploadtime": 1771115399, "views": 103, "formatid": "gen7randombattle", "rating": 1613, "private": 0, "password": null}