{"id": "gen7randombattle-2539927934", "format": "[Gen 7] Random Battle", "players": ["La.Hellhound", "Moowithyou"], "log": "|j|‽La.Hellhound\n|j|☆Moowithyou\n|t:|1771128481\n|gametype|singles\n|player|p1|La.Hellhound|bruno|1623\n|player|p2|Moowithyou|cynthia-gen4|1552\n|gen|7\n|tier|[Gen 7] Random Battle\n|rated|\n|rule|Sleep Clause Mod: Limit one foe put to sleep\n|rule|HP Percentage Mod: HP is shown in percentages\n|rule|Illusion Level Mod: Illusion disguises the Pokémon's true level\n|\n|t:|1771128481\n|teamsize|p1|6\n|teamsize|p2|6\n|start\n|switch|p1a: Doublade|Doublade, L85, M|239/239\n|switch|p2a: Delphox|Delphox, L86, F|269/269\n|turn|1\n|inactive|Battle timer is ON: inactive players will automatically lose when time's up. (requested by La.Hellhound)\n|\n|t:|1771128498\n|switch|p1a: Seismitoad|Seismitoad, L85, M|317/317\n|move|p2a: Delphox|Fire Blast|p1a: Seismitoad\n|-resisted|p1a: Seismitoad\n|-damage|p1a: Seismitoad|210/317\n|-damage|p2a: Delphox|243/269|[from] item: Life Orb\n|\n|upkeep\n|turn|2\n|\n|t:|1771128513\n|switch|p2a: Staraptor|Staraptor, L80, M|267/267\n|switch|p1a: Lugia|Lugia, L71|268/268\n|\n|upkeep\n|turn|3\n|\n|t:|1771128521\n|move|p2a: Staraptor|U-turn|p1a: Lugia\n|-damage|p1a: Lugia|232/268\n|\n|t:|1771128526\n|switch|p2a: Magearna|Magearna, L77|250/250|[from] U-turn\n|move|p1a: Lugia|Roost|p1a: Lugia\n|-heal|p1a: Lugia|268/268\n|-singleturn|p1a: Lugia|move: Roost\n|\n|upkeep\n|turn|4\n|\n|t:|1771128543\n|switch|p1a: Shuckle|Shuckle, L86, M|175/175\n|move|p2a: Magearna|Fleur Cannon|p1a: Shuckle\n|-damage|p1a: Shuckle|112/175\n|-unboost|p2a: Magearna|spa|2\n|\n|upkeep\n|turn|5\n|\n|t:|1771128560\n|switch|p2a: Staraptor|Staraptor, L80, M|267/267\n|move|p1a: Shuckle|Sticky Web|p2a: Staraptor\n|-sidestart|p2: Moowithyou|move: Sticky Web\n|\n|upkeep\n|turn|6\n|\n|t:|1771128574\n|switch|p1a: Doublade|Doublade, L85, M|239/239\n|move|p2a: Staraptor|Brave Bird|p1a: Doublade\n|-resisted|p1a: Doublade\n|-damage|p1a: Doublade|183/239\n|-damage|p2a: Staraptor|249/267|[from] Recoil\n|\n|upkeep\n|turn|7\n|\n|t:|1771128582\n|switch|p2a: Quagsire|Quagsire, L87, M|307/307\n|-activate|p2a: Quagsire|move: Sticky Web\n|-unboost|p2a: Quagsire|spe|1\n|move|p1a: Doublade|Shadow Claw|p2a: Quagsire\n|-damage|p2a: Quagsire|217/307\n|\n|-heal|p2a: Quagsire|236/307|[from] item: Leftovers\n|upkeep\n|turn|8\n|\n|t:|1771128593\n|switch|p1a: Cacturne|Cacturne, L93, F|281/281\n|move|p2a: Quagsire|Ice Beam|p1a: Cacturne\n|-supereffective|p1a: Cacturne\n|-damage|p1a: Cacturne|151/281\n|\n|-heal|p2a: Quagsire|255/307|[from] item: Leftovers\n|upkeep\n|turn|9\n|\n|t:|1771128604\n|switch|p2a: Magearna|Magearna, L77|250/250\n|-activate|p2a: Magearna|move: Sticky Web\n|-unboost|p2a: Magearna|spe|1\n|move|p1a: Cacturne|Spikes|p2a: Magearna\n|-sidestart|p2: Moowithyou|Spikes\n|\n|upkeep\n|turn|10\n|\n|t:|1771128612\n|switch|p1a: Doublade|Doublade, L85, M|183/239\n|move|p2a: Magearna|Thunder Wave|p1a: Doublade\n|-status|p1a: Doublade|par\n|\n|upkeep\n|turn|11\n|\n|t:|1771128620\n|switch|p2a: Quagsire|Quagsire, L87, M|255/307\n|-activate|p2a: Quagsire|move: Sticky Web\n|-unboost|p2a: Quagsire|spe|1\n|-damage|p2a: Quagsire|217/307|[from] Spikes\n|cant|p1a: Doublade|par\n|\n|-heal|p2a: Quagsire|236/307|[from] item: Leftovers\n|upkeep\n|turn|12\n|\n|t:|1771128632\n|switch|p1a: Seismitoad|Seismitoad, L85, M|210/317\n|move|p2a: Quagsire|Scald|p1a: Seismitoad\n|-damage|p1a: Seismitoad|138/317\n|\n|-heal|p2a: Quagsire|255/307|[from] item: Leftovers\n|upkeep\n|turn|13\n|\n|t:|1771128640\n|move|p1a: Seismitoad|Knock Off|p2a: Quagsire\n|-damage|p2a: Quagsire|172/307\n|-enditem|p2a: Quagsire|Leftovers|[from] move: Knock Off|[of] p1a: Seismitoad\n|-damage|p1a: Seismitoad|107/317|[from] item: Life Orb\n|move|p2a: Quagsire|Earthquake|p1a: Seismitoad\n|-damage|p1a: Seismitoad|0 fnt\n|faint|p1a: Seismitoad\n|\n|upkeep\n|\n|t:|1771128647\n|switch|p1a: Cacturne|Cacturne, L93, F|151/281\n|turn|14\n|\n|t:|1771128650\n|switch|p2a: Magearna|Magearna, L77|250/250\n|-activate|p2a: Magearna|move: Sticky Web\n|-unboost|p2a: Magearna|spe|1\n|-damage|p2a: Magearna|219/250|[from] Spikes\n|move|p1a: Cacturne|Giga Drain|p2a: Magearna\n|-resisted|p2a: Magearna\n|-damage|p2a: Magearna|153/250\n|-heal|p1a: Cacturne|184/281|[from] drain|[of] p2a: Magearna\n|-damage|p1a: Cacturne|156/281|[from] item: Life Orb\n|\n|-heal|p2a: Magearna|168/250|[from] item: Leftovers\n|upkeep\n|turn|15\n|\n|t:|1771128663\n|switch|p1a: Doublade|Doublade, L85, M|183/239 par\n|move|p2a: Magearna|Fleur Cannon|p1a: Doublade\n|-resisted|p1a: Doublade\n|-damage|p1a: Doublade|110/239 par\n|-unboost|p2a: Magearna|spa|2\n|\n|-heal|p2a: Magearna|183/250|[from] item: Leftovers\n|upkeep\n|turn|16\n|\n|t:|1771128671\n|switch|p2a: Quagsire|Quagsire, L87, M|172/307\n|-activate|p2a: Quagsire|move: Sticky Web\n|-unboost|p2a: Quagsire|spe|1\n|-damage|p2a: Quagsire|134/307|[from] Spikes\n|switch|p1a: Cacturne|Cacturne, L93, F|156/281\n|\n|upkeep\n|turn|17\n|\n|t:|1771128679\n|switch|p2a: Magearna|Magearna, L77|183/250\n|-activate|p2a: Magearna|move: Sticky Web\n|-unboost|p2a: Magearna|spe|1\n|-damage|p2a: Magearna|152/250|[from] Spikes\n|move|p1a: Cacturne|Spikes|p2a: Magearna\n|-sidestart|p2: Moowithyou|Spikes\n|\n|-heal|p2a: Magearna|167/250|[from] item: Leftovers\n|upkeep\n|turn|18\n|\n|t:|1771128695\n|switch|p1a: Thundurus|Thundurus, L81, M|261/261\n|move|p2a: Magearna|Thunder Wave|p1a: Thundurus\n|-immune|p1a: Thundurus\n|\n|-heal|p2a: Magearna|182/250|[from] item: Leftovers\n|upkeep\n|turn|19\n|\n|t:|1771128703\n|move|p1a: Thundurus|Substitute|p1a: Thundurus\n|-start|p1a: Thundurus|Substitute\n|-damage|p1a: Thundurus|196/261\n|move|p2a: Magearna|Fleur Cannon|p1a: Thundurus\n|-end|p1a: Thundurus|Substitute\n|-unboost|p2a: Magearna|spa|2\n|\n|-heal|p1a: Thundurus|212/261|[from] item: Leftovers\n|-heal|p2a: Magearna|197/250|[from] item: Leftovers\n|upkeep\n|turn|20\n|\n|t:|1771128712\n|switch|p2a: Quagsire|Quagsire, L87, M|134/307\n|-activate|p2a: Quagsire|move: Sticky Web\n|-unboost|p2a: Quagsire|spe|1\n|-damage|p2a: Quagsire|83/307|[from] Spikes\n|move|p1a: Thundurus|Nasty Plot|p1a: Thundurus\n|-boost|p1a: Thundurus|spa|2\n|\n|-heal|p1a: Thundurus|228/261|[from] item: Leftovers\n|upkeep\n|turn|21\n|\n|t:|1771128722\n|move|p1a: Thundurus|Hidden Power|p2a: Quagsire\n|-damage|p2a: Quagsire|20/307\n|move|p2a: Quagsire|Ice Beam|p1a: Thundurus\n|-supereffective|p1a: Thundurus\n|-damage|p1a: Thundurus|116/261\n|\n|-heal|p1a: Thundurus|132/261|[from] item: Leftovers\n|upkeep\n|turn|22\n|\n|t:|1771128730\n|move|p1a: Thundurus|Hidden Power|p2a: Quagsire\n|-damage|p2a: Quagsire|0 fnt\n|faint|p2a: Quagsire\n|\n|-heal|p1a: Thundurus|148/261|[from] item: Leftovers\n|upkeep\n|\n|t:|1771128746\n|switch|p2a: Magearna|Magearna, L77|197/250\n|-activate|p2a: Magearna|move: Sticky Web\n|-unboost|p2a: Magearna|spe|1\n|-damage|p2a: Magearna|156/250|[from] Spikes\n|turn|23\n|\n|t:|1771128753\n|move|p1a: Thundurus|Thunderbolt|p2a: Magearna\n|-damage|p2a: Magearna|0 fnt\n|faint|p2a: Magearna\n|\n|-heal|p1a: Thundurus|164/261|[from] item: Leftovers\n|upkeep\n|\n|t:|1771128756\n|switch|p2a: Tapu Lele|Tapu Lele, L77|234/234\n|-activate|p2a: Tapu Lele|move: Sticky Web\n|-unboost|p2a: Tapu Lele|spe|1\n|-damage|p2a: Tapu Lele|195/234|[from] Spikes\n|-fieldstart|move: Psychic Terrain|[from] ability: Psychic Surge|[of] p2a: Tapu Lele\n|turn|24\n|\n|t:|1771128766\n|move|p1a: Thundurus|Substitute|p1a: Thundurus\n|-start|p1a: Thundurus|Substitute\n|-damage|p1a: Thundurus|99/261\n|move|p2a: Tapu Lele|Moonblast|p1a: Thundurus\n|-end|p1a: Thundurus|Substitute\n|\n|-heal|p1a: Thundurus|115/261|[from] item: Leftovers\n|upkeep\n|turn|25\n|\n|t:|1771128777\n|move|p1a: Thundurus|Thunderbolt|p2a: Tapu Lele\n|-damage|p2a: Tapu Lele|0 fnt\n|faint|p2a: Tapu Lele\n|\n|-heal|p1a: Thundurus|131/261|[from] item: Leftovers\n|upkeep\n|\n|t:|1771128781\n|switch|p2a: Banette|Banette, L87, M|253/253\n|-activate|p2a: Banette|move: Sticky Web\n|-unboost|p2a: Banette|spe|1\n|-damage|p2a: Banette|211/253|[from] Spikes\n|-item|p1a: Thundurus|Leftovers|[from] ability: Frisk|[of] p2a: Banette\n|turn|26\n|\n|t:|1771128792\n|detailschange|p2a: Banette|Banette-Mega, L87, M\n|-mega|p2a: Banette|Banette|Banettite\n|move|p2a: Banette|Destiny Bond|p2a: Banette\n|-singlemove|p2a: Banette|Destiny Bond\n|move|p1a: Thundurus|Thunderbolt|p2a: Banette\n|-damage|p2a: Banette|9/253\n|\n|-heal|p1a: Thundurus|147/261|[from] item: Leftovers\n|upkeep\n|turn|27\n|\n|t:|1771128803\n|move|p1a: Thundurus|Substitute|p1a: Thundurus\n|-start|p1a: Thundurus|Substitute\n|-damage|p1a: Thundurus|82/261\n|move|p2a: Banette|Shadow Claw|p1a: Thundurus\n|-crit|p1a: Thundurus\n|-end|p1a: Thundurus|Substitute\n|\n|-heal|p1a: Thundurus|98/261|[from] item: Leftovers\n|upkeep\n|turn|28\n|\n|t:|1771128820\n|switch|p1a: Lugia|Lugia, L71|268/268\n|move|p2a: Banette|Destiny Bond|p2a: Banette\n|-singlemove|p2a: Banette|Destiny Bond\n|\n|-fieldend|move: Psychic Terrain\n|upkeep\n|turn|29\n|\n|t:|1771128826\n|move|p1a: Lugia|Toxic|p2a: Banette\n|-status|p2a: Banette|tox\n|move|p2a: Banette|Shadow Claw|p1a: Lugia\n|-supereffective|p1a: Lugia\n|-damage|p1a: Lugia|156/268\n|\n|-heal|p1a: Lugia|172/268|[from] item: Leftovers\n|-damage|p2a: Banette|0 fnt|[from] psn\n|faint|p2a: Banette\n|detailschange|p2: Banette|Banette, L87, M|[silent]\n|upkeep\n|\n|t:|1771128834\n|switch|p2a: Staraptor|Staraptor, L80, M|249/267\n|turn|30\n|\n|t:|1771128841\n|move|p2a: Staraptor|Brave Bird|p1a: Lugia\n|-damage|p1a: Lugia|0 fnt\n|faint|p1a: Lugia\n|-damage|p2a: Staraptor|192/267|[from] Recoil\n|\n|upkeep\n|\n|t:|1771128847\n|switch|p1a: Thundurus|Thundurus, L81, M|98/261\n|turn|31\n|\n|t:|1771128850\n|switch|p2a: Delphox|Delphox, L86, F|243/269\n|-activate|p2a: Delphox|move: Sticky Web\n|-unboost|p2a: Delphox|spe|1\n|-damage|p2a: Delphox|199/269|[from] Spikes\n|move|p1a: Thundurus|Thunderbolt|p2a: Delphox\n|-damage|p2a: Delphox|109/269\n|\n|-heal|p1a: Thundurus|114/261|[from] item: Leftovers\n|upkeep\n|turn|32\n|\n|t:|1771128865\n|switch|p1a: Shuckle|Shuckle, L86, M|112/175\n|move|p2a: Delphox|Fire Blast|p1a: Shuckle\n|-damage|p1a: Shuckle|25/175\n|-damage|p2a: Delphox|83/269|[from] item: Life Orb\n|\n|upkeep\n|turn|33\n|\n|t:|1771128873\n|move|p2a: Delphox|Fire Blast|p1a: Shuckle\n|-damage|p1a: Shuckle|0 fnt\n|faint|p1a: Shuckle\n|-damage|p2a: Delphox|57/269|[from] item: Life Orb\n|\n|upkeep\n|\n|t:|1771128879\n|switch|p1a: Thundurus|Thundurus, L81, M|114/261\n|turn|34\n|\n|t:|1771128883\n|move|p1a: Thundurus|Thunderbolt|p2a: Delphox\n|-damage|p2a: Delphox|0 fnt\n|faint|p2a: Delphox\n|\n|-heal|p1a: Thundurus|130/261|[from] item: Leftovers\n|upkeep\n|\n|t:|1771128884\n|switch|p2a: Staraptor|Staraptor, L80, M|192/267\n|turn|35\n|\n|t:|1771128892\n|move|p1a: Thundurus|Thunderbolt|p2a: Staraptor\n|-supereffective|p2a: Staraptor\n|-damage|p2a: Staraptor|0 fnt\n|faint|p2a: Staraptor\n|\n|win|La.Hellhound\n|raw|La.Hellhound's rating: 1623 &rarr; <strong>1639</strong><br />(+16 for winning)\n|raw|Moowithyou's rating: 1552 &rarr; <strong>1536</strong><br />(-16 for losing)\n|l|☆Moowithyou\n|player|p2|\n", "inputlog": ">version 686819e5e19f8a7fd2345cfc5a08a5085efa2cc3\n>start {\"formatid\":\"gen7randombattle\",\"seed\":\"sodium,02b98bec40add51d6e0f968d205b2067\",\"rated\":\"Rated battle\"}\n>player p1 {\"name\":\"La.Hellhound\",\"avatar\":\"bruno\",\"rating\":1623,\"seed\":\"sodium,0a96fbaabee420a266fa3dec8132b429\"}\n>player p2 {\"name\":\"Moowithyou\",\"avatar\":\"cynthia-gen4\",\"rating\":1552,\"seed\":\"sodium,ca540f111f31901fe0b2d491ad8bafdc\"}\n>p1 switch 5\n>p2 move fireblast\n>p1 switch 2\n>p2 switch 3\n>p1 move roost\n>p2 move uturn\n>p2 switch 5\n>p1 switch 4\n>p2 move fleurcannon\n>p1 move stickyweb\n>p2 switch 5\n>p1 switch 5\n>p2 move bravebird\n>p1 move shadowclaw\n>p2 switch 2\n>p1 switch 6\n>p2 move icebeam\n>p1 move spikes\n>p2 switch 5\n>p1 switch 6\n>p2 move thunderwave\n>p1 move ironhead\n>p2 switch 5\n>p1 switch 2\n>p2 move scald\n>p1 move knockoff\n>p2 move earthquake\n>p1 switch 6\n>p1 move gigadrain\n>p2 switch 5\n>p1 switch 2\n>p2 move fleurcannon\n>p1 switch 2\n>p2 switch 5\n>p1 move spikes\n>p2 switch 5\n>p1 switch 3\n>p2 move thunderwave\n>p1 move substitute\n>p2 move fleurcannon\n>p1 move nastyplot\n>p2 switch 5\n>p1 move hiddenpower\n>p2 move icebeam\n>p1 move hiddenpower\n>p2 move recover\n>p2 switch 5\n>p1 move thunderbolt\n>p2 move flashcannon\n>p2 switch 6\n>p1 move substitute\n>p2 move moonblast\n>p1 move thunderbolt\n>p2 move moonblast\n>p2 switch 4\n>p1 move thunderbolt\n>p2 move destinybond mega\n>p1 move substitute\n>p2 move shadowclaw\n>p1 switch 4\n>p2 move destinybond\n>p1 move toxic\n>p2 move shadowclaw\n>p2 switch 2\n>p1 move roost\n>p2 move bravebird\n>p1 switch 4\n>p1 move thunderbolt\n>p2 switch 3\n>p1 switch 5\n>p2 move fireblast\n>p1 move toxic\n>p2 move fireblast\n>p1 switch 5\n>p1 move thunderbolt\n>p2 move fireblast\n>p2 switch 3\n>p1 move thunderbolt\n>p2 move bravebird", "uploadtime": 1771128897, "views": 92, "formatid": "gen7randombattle", "rating": 1536, "private": 0, "password": null}