{"id": "gen7randombattle-2533056165", "format": "[Gen 7] Random Battle", "players": ["NiGhtOs", "roym49"], "log": "|j|☆NiGhtOs\n|j|☆roym49\n|t:|1770251518\n|gametype|singles\n|player|p1|NiGhtOs|steven|1589\n|player|p2|roym49|n|1591\n|gen|7\n|tier|[Gen 7] Random Battle\n|rated|\n|rule|Sleep Clause Mod: Limit one foe put to sleep\n|rule|HP Percentage Mod: HP is shown in percentages\n|rule|Illusion Level Mod: Illusion disguises the Pokémon's true level\n|\n|t:|1770251518\n|teamsize|p1|6\n|teamsize|p2|6\n|start\n|switch|p1a: Magearna|Magearna, L77|250/250\n|switch|p2a: Huntail|Huntail, L85, F|232/232\n|turn|1\n|inactive|Battle timer is ON: inactive players will automatically lose when time's up. (requested by NiGhtOs)\n|\n|t:|1770251536\n|move|p1a: Magearna|Shift Gear|p1a: Magearna\n|-boost|p1a: Magearna|spe|2\n|-boost|p1a: Magearna|atk|1\n|move|p2a: Huntail|Shell Smash|p2a: Huntail\n|-unboost|p2a: Huntail|def|1\n|-unboost|p2a: Huntail|spd|1\n|-boost|p2a: Huntail|atk|2\n|-boost|p2a: Huntail|spa|2\n|-boost|p2a: Huntail|spe|2\n|-enditem|p2a: Huntail|White Herb\n|-clearnegativeboost|p2a: Huntail|[silent]\n|\n|upkeep\n|turn|2\n|\n|t:|1770251546\n|move|p1a: Magearna|Shift Gear|p1a: Magearna\n|-boost|p1a: Magearna|spe|2\n|-boost|p1a: Magearna|atk|1\n|move|p2a: Huntail|Waterfall|p1a: Magearna\n|-damage|p1a: Magearna|87/250\n|\n|upkeep\n|turn|3\n|\n|t:|1770251558\n|move|p1a: Magearna|Iron Head|p2a: Huntail\n|-resisted|p2a: Huntail\n|-damage|p2a: Huntail|172/232\n|cant|p2a: Huntail|flinch\n|\n|upkeep\n|turn|4\n|\n|t:|1770251564\n|move|p1a: Magearna|Fleur Cannon|p2a: Huntail\n|-damage|p2a: Huntail|3/232\n|-unboost|p1a: Magearna|spa|2\n|move|p2a: Huntail|Waterfall|p1a: Magearna\n|-damage|p1a: Magearna|0 fnt\n|faint|p1a: Magearna\n|\n|upkeep\n|\n|t:|1770251580\n|switch|p1a: Virizion|Virizion, L81|280/280\n|turn|5\n|\n|t:|1770251583\n|move|p2a: Huntail|Ice Beam|p1a: Virizion\n|-supereffective|p1a: Virizion\n|-damage|p1a: Virizion|100/280\n|move|p1a: Virizion|Leaf Blade|p2a: Huntail\n|-supereffective|p2a: Huntail\n|-damage|p2a: Huntail|0 fnt\n|faint|p2a: Huntail\n|\n|upkeep\n|\n|t:|1770251603\n|switch|p2a: Mr. Mime|Mr. Mime, L90, F|218/218\n|turn|6\n|\n|t:|1770251617\n|switch|p1a: Jellicent|Jellicent, L88, M|319/319\n|move|p2a: Mr. Mime|Psyshock|p1a: Jellicent\n|-damage|p1a: Jellicent|179/319\n|-damage|p2a: Mr. Mime|197/218|[from] item: Life Orb\n|\n|-heal|p1a: Jellicent|198/319|[from] item: Leftovers\n|upkeep\n|turn|7\n|\n|t:|1770251623\n|move|p2a: Mr. Mime|Nasty Plot|p2a: Mr. Mime\n|-boost|p2a: Mr. Mime|spa|2\n|move|p1a: Jellicent|Recover|p1a: Jellicent\n|-heal|p1a: Jellicent|319/319\n|\n|upkeep\n|turn|8\n|\n|t:|1770251631\n|move|p2a: Mr. Mime|Nasty Plot|p2a: Mr. Mime\n|-boost|p2a: Mr. Mime|spa|2\n|move|p1a: Jellicent|Shadow Ball|p2a: Mr. Mime\n|-supereffective|p2a: Mr. Mime\n|-damage|p2a: Mr. Mime|94/218\n|-unboost|p2a: Mr. Mime|spd|1\n|\n|upkeep\n|turn|9\n|\n|t:|1770251657\n|switch|p1a: Virizion|Virizion, L81|100/280\n|move|p2a: Mr. Mime|Psyshock|p1a: Virizion\n|-supereffective|p1a: Virizion\n|-damage|p1a: Virizion|0 fnt\n|faint|p1a: Virizion\n|-damage|p2a: Mr. Mime|73/218|[from] item: Life Orb\n|\n|upkeep\n|inactive|NiGhtOs has 120 seconds left.\n|\n|t:|1770251669\n|switch|p1a: Smeargle|Smeargle, L88, M|240/240\n|turn|10\n|\n|t:|1770251674\n|move|p2a: Mr. Mime|Dazzling Gleam|p1a: Smeargle\n|-enditem|p1a: Smeargle|Focus Sash\n|-damage|p1a: Smeargle|1/240\n|-damage|p2a: Mr. Mime|52/218|[from] item: Life Orb\n|move|p1a: Smeargle|Spore|p2a: Mr. Mime\n|-status|p2a: Mr. Mime|slp|[from] move: Spore\n|\n|upkeep\n|turn|11\n|\n|t:|1770251679\n|switch|p2a: Medicham|Medicham, L78, F|221/221\n|move|p1a: Smeargle|Sticky Web|p2a: Medicham\n|-sidestart|p2: roym49|move: Sticky Web\n|\n|upkeep\n|turn|12\n|\n|t:|1770251684\n|detailschange|p2a: Medicham|Medicham-Mega, L78, F\n|-mega|p2a: Medicham|Medicham|Medichamite\n|move|p2a: Medicham|Fake Out|p1a: Smeargle\n|-crit|p1a: Smeargle\n|-damage|p1a: Smeargle|0 fnt\n|faint|p1a: Smeargle\n|\n|upkeep\n|\n|t:|1770251690\n|switch|p1a: Oricorio|Oricorio-Pom-Pom, L87, M|272/272\n|turn|13\n|\n|t:|1770251695\n|move|p1a: Oricorio|Calm Mind|p1a: Oricorio\n|-boost|p1a: Oricorio|spa|1\n|-boost|p1a: Oricorio|spd|1\n|move|p2a: Medicham|Zen Headbutt|p1a: Oricorio\n|-damage|p1a: Oricorio|91/272\n|\n|-heal|p1a: Oricorio|108/272|[from] item: Leftovers\n|upkeep\n|turn|14\n|\n|t:|1770251698\n|move|p1a: Oricorio|Hurricane|p2a: Medicham\n|-supereffective|p2a: Medicham\n|-damage|p2a: Medicham|0 fnt\n|faint|p2a: Medicham\n|detailschange|p2: Medicham|Medicham, L78, F|[silent]\n|\n|-heal|p1a: Oricorio|125/272|[from] item: Leftovers\n|upkeep\n|\n|t:|1770251704\n|switch|p2a: Lickilicky|Lickilicky, L89, M|341/341\n|-activate|p2a: Lickilicky|move: Sticky Web\n|-unboost|p2a: Lickilicky|spe|1\n|turn|15\n|\n|t:|1770251713\n|switch|p1a: Jellicent|Jellicent, L88, M|319/319\n|move|p2a: Lickilicky|Return|p1a: Jellicent\n|-immune|p1a: Jellicent\n|\n|upkeep\n|turn|16\n|\n|t:|1770251721\n|move|p1a: Jellicent|Scald|p2a: Lickilicky\n|-damage|p2a: Lickilicky|262/341\n|move|p2a: Lickilicky|Knock Off|p1a: Jellicent\n|-supereffective|p1a: Jellicent\n|-damage|p1a: Jellicent|159/319\n|-enditem|p1a: Jellicent|Leftovers|[from] move: Knock Off|[of] p2a: Lickilicky\n|\n|-heal|p2a: Lickilicky|283/341|[from] item: Leftovers\n|upkeep\n|turn|17\n|\n|t:|1770251726\n|move|p1a: Jellicent|Scald|p2a: Lickilicky\n|-damage|p2a: Lickilicky|201/341\n|move|p2a: Lickilicky|Swords Dance|p2a: Lickilicky\n|-boost|p2a: Lickilicky|atk|2\n|\n|-heal|p2a: Lickilicky|222/341|[from] item: Leftovers\n|upkeep\n|turn|18\n|\n|t:|1770251733\n|move|p1a: Jellicent|Scald|p2a: Lickilicky\n|-damage|p2a: Lickilicky|144/341\n|move|p2a: Lickilicky|Knock Off|p1a: Jellicent\n|-supereffective|p1a: Jellicent\n|-damage|p1a: Jellicent|0 fnt\n|faint|p1a: Jellicent\n|\n|-heal|p2a: Lickilicky|165/341|[from] item: Leftovers\n|upkeep\n|\n|t:|1770251739\n|switch|p1a: Oricorio|Oricorio-Pom-Pom, L87, M|125/272\n|turn|19\n|\n|t:|1770251744\n|move|p1a: Oricorio|Hurricane|p2a: Lickilicky|[miss]\n|-miss|p1a: Oricorio|p2a: Lickilicky\n|move|p2a: Lickilicky|Return|p1a: Oricorio\n|-damage|p1a: Oricorio|0 fnt\n|faint|p1a: Oricorio\n|\n|-heal|p2a: Lickilicky|186/341|[from] item: Leftovers\n|upkeep\n|\n|t:|1770251746\n|switch|p1a: Gorebyss|Gorebyss, L85, F|231/231\n|turn|20\n|\n|t:|1770251752\n|move|p1a: Gorebyss|Shell Smash|p1a: Gorebyss\n|-unboost|p1a: Gorebyss|def|1\n|-unboost|p1a: Gorebyss|spd|1\n|-boost|p1a: Gorebyss|atk|2\n|-boost|p1a: Gorebyss|spa|2\n|-boost|p1a: Gorebyss|spe|2\n|-enditem|p1a: Gorebyss|White Herb\n|-clearnegativeboost|p1a: Gorebyss|[silent]\n|move|p2a: Lickilicky|Knock Off|p1a: Gorebyss\n|-damage|p1a: Gorebyss|145/231\n|\n|-heal|p2a: Lickilicky|207/341|[from] item: Leftovers\n|upkeep\n|turn|21\n|\n|t:|1770251756\n|move|p1a: Gorebyss|Hydro Pump|p2a: Lickilicky\n|-damage|p2a: Lickilicky|0 fnt\n|faint|p2a: Lickilicky\n|\n|upkeep\n|\n|t:|1770251761\n|switch|p2a: Noctowl|Noctowl, L94, F|340/340\n|turn|22\n|\n|t:|1770251766\n|move|p1a: Gorebyss|Ice Beam|p2a: Noctowl\n|-supereffective|p2a: Noctowl\n|-crit|p2a: Noctowl\n|-damage|p2a: Noctowl|0 fnt\n|faint|p2a: Noctowl\n|\n|upkeep\n|\n|t:|1770251774\n|switch|p2a: Beartic|Beartic, L92, M|324/324\n|-activate|p2a: Beartic|move: Sticky Web\n|-unboost|p2a: Beartic|spe|1\n|turn|23\n|\n|t:|1770251779\n|move|p1a: Gorebyss|Hydro Pump|p2a: Beartic\n|-damage|p2a: Beartic|41/324\n|move|p2a: Beartic|Superpower|p1a: Gorebyss\n|-damage|p1a: Gorebyss|5/231\n|-unboost|p2a: Beartic|atk|1\n|-unboost|p2a: Beartic|def|1\n|-damage|p2a: Beartic|9/324|[from] item: Life Orb\n|\n|upkeep\n|turn|24\n|\n|t:|1770251784\n|move|p1a: Gorebyss|Ice Beam|p2a: Beartic\n|-resisted|p2a: Beartic\n|-damage|p2a: Beartic|0 fnt\n|faint|p2a: Beartic\n|\n|upkeep\n|-message|roym49 forfeited.\n|\n|win|NiGhtOs\n|raw|NiGhtOs's rating: 1589 &rarr; <strong>1609</strong><br />(+20 for winning)\n|raw|roym49's rating: 1591 &rarr; <strong>1571</strong><br />(-20 for losing)\n|l|☆roym49\n|player|p2|\n", "inputlog": ">version ccdc32dd7cde25fd9e4bed64820e885f66e78a4e\n>start {\"formatid\":\"gen7randombattle\",\"seed\":\"sodium,5e9766a7641e565993220c69406bb289\",\"rated\":\"Rated battle\"}\n>player p1 {\"name\":\"NiGhtOs\",\"avatar\":\"steven\",\"rating\":1589,\"seed\":\"sodium,edddb174473ee3c10c04baef515ce6cc\"}\n>player p2 {\"name\":\"roym49\",\"avatar\":\"n\",\"rating\":1591,\"seed\":\"sodium,0de23692b09885831fa08bb3f3db7ebd\"}\n>p1 move shiftgear\n>p2 move shellsmash\n>p1 move shiftgear\n>p2 move waterfall\n>p1 move ironhead\n>p2 move waterfall\n>p1 move fleurcannon\n>p2 move waterfall\n>p1 switch 4\n>p1 move leafblade\n>p2 move icebeam\n>p2 switch 3\n>p1 switch 5\n>p2 move psyshock\n>p1 move recover\n>p2 move nastyplot\n>p1 move shadowball\n>p2 move nastyplot\n>p1 switch 5\n>p2 move psyshock\n>p1 switch 2\n>p1 move spore\n>p2 move dazzlinggleam\n>p1 move stickyweb\n>p2 switch 5\n>p1 move nuzzle\n>p2 move fakeout mega\n>p1 switch 3\n>p1 move calmmind\n>p2 move zenheadbutt\n>p1 move hurricane\n>p2 move zenheadbutt\n>p2 switch 4\n>p1 switch 5\n>p2 move return\n>p1 move scald\n>p2 move knockoff\n>p1 move scald\n>p2 move swordsdance\n>p1 move scald\n>p2 move knockoff\n>p1 switch 5\n>p1 move hurricane\n>p2 move return\n>p1 switch 6\n>p1 move shellsmash\n>p2 move knockoff\n>p1 move hydropump\n>p2 move return\n>p2 switch 2\n>p1 move icebeam\n>p2 move hypervoice\n>p2 switch 6\n>p1 move hydropump\n>p2 move superpower\n>p1 move icebeam\n>p2 move superpower\n>forcelose p2", "uploadtime": 1770251791, "views": 139, "formatid": "gen7randombattle", "rating": 1571, "private": 0, "password": null}