{"id": "gen7randombattle-2524393939", "format": "[Gen 7] Random Battle", "players": ["ArchenWarrior", "Lampaler"], "log": "|j|☆ArchenWarrior\n|j|☆Lampaler\n|t:|1769140543\n|gametype|singles\n|player|p1|ArchenWarrior|proton|1662\n|player|p2|Lampaler|169|1598\n|gen|7\n|tier|[Gen 7] Random Battle\n|rated|\n|rule|Sleep Clause Mod: Limit one foe put to sleep\n|rule|HP Percentage Mod: HP is shown in percentages\n|rule|Illusion Level Mod: Illusion disguises the Pokémon's true level\n|\n|t:|1769140543\n|teamsize|p1|6\n|teamsize|p2|6\n|start\n|switch|p1a: Delcatty|Delcatty, L99, M|299/299\n|switch|p2a: Bastiodon|Bastiodon, L94, F|265/265\n|-item|p2a: Bastiodon|Air Balloon\n|turn|1\n|inactive|Battle timer is ON: inactive players will automatically lose when time's up. (requested by Lampaler)\n|\n|t:|1769140560\n|switch|p1a: Xatu|Xatu, L89, F|260/260\n|move|p2a: Bastiodon|Stealth Rock|p1a: Xatu\n|move|p1a: Xatu|Stealth Rock|p2a: Bastiodon|[from] ability: Magic Bounce\n|-sidestart|p2: Lampaler|move: Stealth Rock\n|\n|upkeep\n|turn|2\n|inactive|ArchenWarrior has 120 seconds left.\n|\n|t:|1769140603\n|switch|p1a: Luvdisc|Luvdisc, F|248/248\n|move|p2a: Bastiodon|Stealth Rock|p1a: Luvdisc\n|-sidestart|p1: ArchenWarrior|move: Stealth Rock\n|\n|upkeep\n|turn|3\n|\n|t:|1769140617\n|move|p1a: Luvdisc|Scald|p2a: Bastiodon\n|-supereffective|p2a: Bastiodon\n|-damage|p2a: Bastiodon|179/265\n|-enditem|p2a: Bastiodon|Air Balloon\n|move|p2a: Bastiodon|Toxic|p1a: Luvdisc\n|-status|p1a: Luvdisc|tox\n|\n|-damage|p1a: Luvdisc|233/248 tox|[from] psn\n|upkeep\n|turn|4\n|inactive|Lampaler has 120 seconds left.\n|\n|t:|1769140648\n|switch|p2a: Ditto|Ditto, L83|215/215\n|-damage|p2a: Ditto|189/215|[from] Stealth Rock\n|-transform|p2a: Ditto|p1a: Luvdisc|[from] ability: Imposter\n|move|p1a: Luvdisc|Scald|p2a: Ditto\n|-resisted|p2a: Ditto\n|-damage|p2a: Ditto|152/215\n|\n|-heal|p1a: Luvdisc|248/248 tox|[from] item: Leftovers\n|-damage|p1a: Luvdisc|218/248 tox|[from] psn\n|upkeep\n|turn|5\n|inactive|Lampaler has 120 seconds left.\n|\n|t:|1769140678\n|switch|p2a: Bastiodon|Bastiodon, L94, F|179/265\n|-damage|p2a: Bastiodon|163/265|[from] Stealth Rock\n|move|p1a: Luvdisc|Scald|p2a: Bastiodon\n|-supereffective|p2a: Bastiodon\n|-damage|p2a: Bastiodon|79/265\n|\n|-heal|p1a: Luvdisc|233/248 tox|[from] item: Leftovers\n|-damage|p1a: Luvdisc|188/248 tox|[from] psn\n|upkeep\n|turn|6\n|\n|t:|1769140682\n|switch|p2a: Ditto|Ditto, L83|152/215\n|-damage|p2a: Ditto|126/215|[from] Stealth Rock\n|-transform|p2a: Ditto|p1a: Luvdisc|[from] ability: Imposter\n|move|p1a: Luvdisc|Scald|p2a: Ditto\n|-resisted|p2a: Ditto\n|-damage|p2a: Ditto|93/215\n|\n|-heal|p1a: Luvdisc|203/248 tox|[from] item: Leftovers\n|-damage|p1a: Luvdisc|143/248 tox|[from] psn\n|upkeep\n|turn|7\n|\n|t:|1769140698\n|move|p2a: Ditto|Scald|p1a: Luvdisc\n|-resisted|p1a: Luvdisc\n|-damage|p1a: Luvdisc|114/248 tox\n|move|p1a: Luvdisc|Toxic|p2a: Ditto\n|-status|p2a: Ditto|tox\n|\n|-heal|p1a: Luvdisc|129/248 tox|[from] item: Leftovers\n|-damage|p2a: Ditto|80/215 tox|[from] psn\n|-damage|p1a: Luvdisc|54/248 tox|[from] psn\n|upkeep\n|turn|8\n|\n|t:|1769140709\n|move|p2a: Ditto|Scald|p1a: Luvdisc\n|-resisted|p1a: Luvdisc\n|-damage|p1a: Luvdisc|23/248 tox\n|move|p1a: Luvdisc|Scald|p2a: Ditto\n|-resisted|p2a: Ditto\n|-damage|p2a: Ditto|44/215 tox\n|\n|-heal|p1a: Luvdisc|38/248 tox|[from] item: Leftovers\n|-damage|p2a: Ditto|18/215 tox|[from] psn\n|-damage|p1a: Luvdisc|0 fnt|[from] psn\n|faint|p1a: Luvdisc\n|upkeep\n|\n|t:|1769140719\n|switch|p1a: Xatu|Xatu, L89, F|260/260\n|-damage|p1a: Xatu|195/260|[from] Stealth Rock\n|turn|9\n|inactive|Lampaler has 90 seconds left.\n|\n|t:|1769140745\n|switch|p2a: Bastiodon|Bastiodon, L94, F|79/265\n|-damage|p2a: Bastiodon|63/265|[from] Stealth Rock\n|move|p1a: Xatu|Roost|p1a: Xatu\n|-heal|p1a: Xatu|260/260\n|-singleturn|p1a: Xatu|move: Roost\n|\n|upkeep\n|turn|10\n|inactive|ArchenWarrior has 120 seconds left.\n|inactive|ArchenWarrior has 90 seconds left.\n|\n|t:|1769140790\n|move|p1a: Xatu|Calm Mind|p1a: Xatu\n|-boost|p1a: Xatu|spa|1\n|-boost|p1a: Xatu|spd|1\n|move|p2a: Bastiodon|Rock Blast|p1a: Xatu\n|-supereffective|p1a: Xatu\n|-damage|p1a: Xatu|216/260\n|-supereffective|p1a: Xatu\n|-damage|p1a: Xatu|172/260\n|-hitcount|p1a: Xatu|2\n|\n|-heal|p1a: Xatu|188/260|[from] item: Leftovers\n|upkeep\n|turn|11\n|inactive|ArchenWarrior has 90 seconds left.\n|inactive|Lampaler has 90 seconds left.\n|inactive|Lampaler has 60 seconds left.\n|\n|t:|1769140841\n|switch|p2a: Mimikyu|Mimikyu, L73, M|201/201\n|-damage|p2a: Mimikyu|176/201|[from] Stealth Rock\n|move|p1a: Xatu|Roost|p1a: Xatu\n|-heal|p1a: Xatu|260/260\n|-singleturn|p1a: Xatu|move: Roost\n|\n|upkeep\n|turn|12\n|inactive|Lampaler has 60 seconds left.\n|\n|t:|1769140867\n|move|p1a: Xatu|Heat Wave|p2a: Mimikyu\n|-activate|p2a: Mimikyu|ability: Disguise\n|-damage|p2a: Mimikyu|176/201\n|detailschange|p2a: Mimikyu|Mimikyu-Busted, L73, M\n|-zpower|p2a: Mimikyu\n|move|p2a: Mimikyu|Let's Snuggle Forever|p1a: Xatu|[zeffect]\n|-damage|p1a: Xatu|106/260\n|\n|-heal|p1a: Xatu|122/260|[from] item: Leftovers\n|upkeep\n|turn|13\n|inactive|Lampaler has 60 seconds left.\n|inactive|ArchenWarrior has 60 seconds left.\n|\n|t:|1769140883\n|move|p1a: Xatu|Roost|p1a: Xatu\n|-heal|p1a: Xatu|252/260\n|-singleturn|p1a: Xatu|move: Roost\n|move|p2a: Mimikyu|Swords Dance|p2a: Mimikyu\n|-boost|p2a: Mimikyu|atk|2\n|\n|-heal|p1a: Xatu|260/260|[from] item: Leftovers\n|upkeep\n|turn|14\n|\n|t:|1769140891\n|move|p2a: Mimikyu|Shadow Sneak|p1a: Xatu\n|-supereffective|p1a: Xatu\n|-damage|p1a: Xatu|128/260\n|move|p1a: Xatu|Psychic|p2a: Mimikyu\n|-damage|p2a: Mimikyu|16/201\n|\n|-heal|p1a: Xatu|144/260|[from] item: Leftovers\n|upkeep\n|turn|15\n|\n|t:|1769140903\n|move|p2a: Mimikyu|Shadow Sneak|p1a: Xatu\n|-supereffective|p1a: Xatu\n|-damage|p1a: Xatu|0 fnt\n|faint|p1a: Xatu\n|\n|upkeep\n|\n|t:|1769140910\n|switch|p1a: Delcatty|Delcatty, L99, M|299/299\n|-damage|p1a: Delcatty|262/299|[from] Stealth Rock\n|turn|16\n|inactive|Lampaler has 90 seconds left.\n|\n|t:|1769140918\n|move|p1a: Delcatty|Shadow Ball|p2a: Mimikyu\n|-supereffective|p2a: Mimikyu\n|-damage|p2a: Mimikyu|0 fnt\n|faint|p2a: Mimikyu\n|detailschange|p2: Mimikyu|Mimikyu, L73, M|[silent]\n|\n|-heal|p1a: Delcatty|280/299|[from] item: Leftovers\n|upkeep\n|inactive|Lampaler has 90 seconds left.\n|\n|t:|1769140928\n|switch|p2a: Magearna|Magearna, L77|250/250\n|-damage|p2a: Magearna|235/250|[from] Stealth Rock\n|turn|17\n|inactive|ArchenWarrior has 60 seconds left.\n|\n|t:|1769140978\n|move|p1a: Delcatty|Shadow Ball|p2a: Magearna\n|-damage|p2a: Magearna|191/250\n|move|p2a: Magearna|Shift Gear|p2a: Magearna\n|-boost|p2a: Magearna|spe|2\n|-boost|p2a: Magearna|atk|1\n|\n|-heal|p1a: Delcatty|298/299|[from] item: Leftovers\n|upkeep\n|turn|18\n|\n|t:|1769140988\n|move|p2a: Magearna|Aura Sphere|p1a: Delcatty\n|-supereffective|p1a: Delcatty\n|-damage|p1a: Delcatty|142/299\n|move|p1a: Delcatty|Shadow Ball|p2a: Magearna\n|-damage|p2a: Magearna|148/250\n|\n|-heal|p1a: Delcatty|160/299|[from] item: Leftovers\n|upkeep\n|turn|19\n|\n|t:|1769141008\n|move|p2a: Magearna|Aura Sphere|p1a: Delcatty\n|-supereffective|p1a: Delcatty\n|-damage|p1a: Delcatty|16/299\n|move|p1a: Delcatty|Shadow Ball|p2a: Magearna\n|-damage|p2a: Magearna|100/250\n|-unboost|p2a: Magearna|spd|1\n|\n|-heal|p1a: Delcatty|34/299|[from] item: Leftovers\n|upkeep\n|turn|20\n|\n|t:|1769141014\n|move|p2a: Magearna|Iron Head|p1a: Delcatty\n|-crit|p1a: Delcatty\n|-damage|p1a: Delcatty|0 fnt\n|faint|p1a: Delcatty\n|-ability|p2a: Magearna|Soul-Heart|boost\n|-boost|p2a: Magearna|spa|1\n|\n|upkeep\n|\n|t:|1769141031\n|switch|p1a: Gumshoos|Gumshoos, L94, F|318/318\n|-damage|p1a: Gumshoos|279/318|[from] Stealth Rock\n|turn|21\n|inactive|Lampaler has 120 seconds left.\n|\n|t:|1769141044\n|move|p2a: Magearna|Fleur Cannon|p1a: Gumshoos\n|-damage|p1a: Gumshoos|5/318\n|-unboost|p2a: Magearna|spa|2\n|move|p1a: Gumshoos|Earthquake|p2a: Magearna\n|-supereffective|p2a: Magearna\n|-damage|p2a: Magearna|0 fnt\n|faint|p2a: Magearna\n|\n|upkeep\n|inactive|Lampaler has 120 seconds left.\n|\n|t:|1769141059\n|switch|p2a: Scolipede|Scolipede, L80, F|227/227\n|-damage|p2a: Scolipede|171/227|[from] Stealth Rock\n|turn|22\n|\n|t:|1769141064\n|move|p2a: Scolipede|Poison Jab|p1a: Gumshoos\n|-damage|p1a: Gumshoos|0 fnt\n|faint|p1a: Gumshoos\n|-damage|p2a: Scolipede|149/227|[from] item: Life Orb\n|\n|-ability|p2a: Scolipede|Speed Boost|boost\n|-boost|p2a: Scolipede|spe|1\n|upkeep\n|\n|t:|1769141073\n|switch|p1a: Oricorio|Oricorio-Pom-Pom, L87, F|272/272\n|-damage|p1a: Oricorio|204/272|[from] Stealth Rock\n|turn|23\n|\n|t:|1769141086\n|move|p2a: Scolipede|Poison Jab|p1a: Oricorio\n|-damage|p1a: Oricorio|82/272\n|-damage|p2a: Scolipede|127/227|[from] item: Life Orb\n|move|p1a: Oricorio|Roost|p1a: Oricorio\n|-heal|p1a: Oricorio|218/272\n|-singleturn|p1a: Oricorio|move: Roost\n|\n|-heal|p1a: Oricorio|235/272|[from] item: Leftovers\n|-ability|p2a: Scolipede|Speed Boost|boost\n|-boost|p2a: Scolipede|spe|1\n|upkeep\n|turn|24\n|inactive|Lampaler has 120 seconds left.\n|\n|t:|1769141113\n|move|p2a: Scolipede|Poison Jab|p1a: Oricorio\n|-damage|p1a: Oricorio|114/272\n|-damage|p2a: Scolipede|105/227|[from] item: Life Orb\n|move|p1a: Oricorio|Revelation Dance|p2a: Scolipede\n|-damage|p2a: Scolipede|0 fnt\n|faint|p2a: Scolipede\n|\n|-heal|p1a: Oricorio|131/272|[from] item: Leftovers\n|upkeep\n|\n|t:|1769141142\n|switch|p2a: Bastiodon|Bastiodon, L94, F|63/265\n|-damage|p2a: Bastiodon|47/265|[from] Stealth Rock\n|turn|25\n|\n|t:|1769141161\n|move|p1a: Oricorio|Revelation Dance|p2a: Bastiodon\n|-damage|p2a: Bastiodon|0 fnt\n|faint|p2a: Bastiodon\n|\n|-heal|p1a: Oricorio|148/272|[from] item: Leftovers\n|upkeep\n|\n|t:|1769141165\n|switch|p2a: Cloyster|Cloyster, L80, F|211/211\n|-damage|p2a: Cloyster|159/211|[from] Stealth Rock\n|turn|26\n|\n|t:|1769141172\n|move|p1a: Oricorio|Revelation Dance|p2a: Cloyster\n|-supereffective|p2a: Cloyster\n|-damage|p2a: Cloyster|0 fnt\n|faint|p2a: Cloyster\n|\n|-heal|p1a: Oricorio|165/272|[from] item: Leftovers\n|upkeep\n|\n|t:|1769141174\n|switch|p2a: Ditto|Ditto, L83|18/215 tox\n|-damage|p2a: Ditto|0 fnt|[from] Stealth Rock\n|faint|p2a: Ditto\n|\n|win|ArchenWarrior\n|raw|ArchenWarrior's rating: 1662 &rarr; <strong>1678</strong><br />(+16 for winning)\n|raw|Lampaler's rating: 1598 &rarr; <strong>1582</strong><br />(-16 for losing)\n|l|☆Lampaler\n|player|p2|\n", "inputlog": ">version dd3d52b8382d73d1dd2c67730c4067df325ab790\n>start {\"formatid\":\"gen7randombattle\",\"seed\":\"sodium,48c1e17c47f8861f8fc9af76ed394035\",\"rated\":\"Rated battle\"}\n>player p1 {\"name\":\"ArchenWarrior\",\"avatar\":\"proton\",\"rating\":1662,\"seed\":\"sodium,cc88f07998e4ae4432325947299be979\"}\n>player p2 {\"name\":\"Lampaler\",\"avatar\":\"169\",\"rating\":1598,\"seed\":\"sodium,7f72d878a92133cf29a4edba17f796cd\"}\n>p1 switch 6\n>p2 move stealthrock\n>p1 switch 3\n>p2 move stealthrock\n>p1 move scald\n>p2 move toxic\n>p1 move scald\n>p2 switch 5\n>p1 move scald\n>p2 switch 5\n>p1 move scald\n>p2 switch 5\n>p1 move toxic\n>p2 move scald\n>p1 move scald\n>p2 move scald\n>p1 switch 3\n>p1 move roost\n>p2 switch 5\n>p1 move calmmind\n>p2 move rockblast\n>p1 move roost\n>p2 switch 6\n>p1 move heatwave\n>p2 move playrough zmove\n>p1 move roost\n>p2 move swordsdance\n>p1 move psychic\n>p2 move shadowsneak\n>p1 move psychic\n>p2 move shadowsneak\n>p1 switch 6\n>p1 move shadowball\n>p2 move drainpunch\n>p2 switch 4\n>p1 move shadowball\n>p2 move shiftgear\n>p1 move shadowball\n>p2 move aurasphere\n>p1 move shadowball\n>p2 move aurasphere\n>p1 move shadowball\n>p2 move ironhead\n>p1 switch 5\n>p1 move earthquake\n>p2 move fleurcannon\n>p2 switch 2\n>p1 move earthquake\n>p2 move poisonjab\n>p1 switch 4\n>p1 move roost\n>p2 move poisonjab\n>p1 move revelationdance\n>p2 move poisonjab\n>p2 switch 6\n>p1 move revelationdance\n>p2 move roar\n>p2 switch 3\n>p1 move revelationdance\n>p2 move shellsmash\n>p2 switch 5", "uploadtime": 1769141180, "views": 171, "formatid": "gen7randombattle", "rating": 1582, "private": 0, "password": null}