{"id": "gen7randombattle-2527145709", "format": "[Gen 7] Random Battle", "players": ["may/gen3", "UFO VSkee"], "log": "|j|☆may/gen3\n|j|☆UFO VSkee\n|t:|1769503076\n|gametype|singles\n|player|p1|may/gen3|may|1774\n|player|p2|UFO VSkee|emmet|1581\n|gen|7\n|tier|[Gen 7] Random Battle\n|rated|\n|rule|Sleep Clause Mod: Limit one foe put to sleep\n|rule|HP Percentage Mod: HP is shown in percentages\n|rule|Illusion Level Mod: Illusion disguises the Pokémon's true level\n|\n|t:|1769503076\n|teamsize|p1|6\n|teamsize|p2|6\n|start\n|switch|p1a: Pachirisu|Pachirisu, L96, F|271/271\n|switch|p2a: Celebi|Celebi, L82|298/298\n|turn|1\n|inactive|Battle timer is ON: inactive players will automatically lose when time's up. (requested by UFO VSkee)\n|\n|t:|1769503083\n|move|p1a: Pachirisu|U-turn|p2a: Celebi\n|-supereffective|p2a: Celebi\n|-damage|p2a: Celebi|166/298\n|\n|t:|1769503085\n|switch|p1a: Toucannon|Toucannon, L88, M|283/283|[from] U-turn\n|move|p2a: Celebi|U-turn|p1a: Toucannon\n|-resisted|p1a: Toucannon\n|-damage|p1a: Toucannon|255/283\n|\n|t:|1769503091\n|switch|p2a: Lycanroc|Lycanroc, L85, M|266/266|[from] U-turn\n|\n|upkeep\n|turn|2\n|\n|t:|1769503097\n|switch|p1a: Gastrodon|Gastrodon-East, L88, F|339/339\n|move|p2a: Lycanroc|Stone Edge|p1a: Gastrodon\n|-resisted|p1a: Gastrodon\n|-crit|p1a: Gastrodon\n|-damage|p1a: Gastrodon|190/339\n|\n|-heal|p1a: Gastrodon|211/339|[from] item: Leftovers\n|upkeep\n|turn|3\n|\n|t:|1769503115\n|switch|p2a: Celebi|Celebi, L82|166/298\n|move|p1a: Gastrodon|Ice Beam|p2a: Celebi\n|-supereffective|p2a: Celebi\n|-damage|p2a: Celebi|42/298\n|\n|-heal|p2a: Celebi|60/298|[from] item: Leftovers\n|-heal|p1a: Gastrodon|232/339|[from] item: Leftovers\n|upkeep\n|turn|4\n|\n|t:|1769503123\n|switch|p1a: Froslass|Froslass, L87, F|264/264\n|move|p2a: Celebi|Thunder Wave|p1a: Froslass\n|-status|p1a: Froslass|par\n|\n|-heal|p2a: Celebi|78/298|[from] item: Leftovers\n|upkeep\n|turn|5\n|\n|t:|1769503128\n|move|p2a: Celebi|U-turn|p1a: Froslass\n|-resisted|p1a: Froslass\n|-damage|p1a: Froslass|235/264 par\n|\n|t:|1769503134\n|switch|p2a: Victini|Victini, L76|277/277|[from] U-turn\n|move|p1a: Froslass|Spikes|p2a: Victini\n|-sidestart|p2: UFO VSkee|Spikes\n|\n|-heal|p1a: Froslass|251/264 par|[from] item: Leftovers\n|upkeep\n|turn|6\n|\n|t:|1769503139\n|switch|p1a: Gastrodon|Gastrodon-East, L88, F|232/339\n|-zpower|p2a: Victini\n|move|p2a: Victini|Z-Celebrate|p2a: Victini|[anim]Celebrate\n|-boost|p2a: Victini|atk|1|[zeffect]\n|-boost|p2a: Victini|def|1|[zeffect]\n|-boost|p2a: Victini|spa|1|[zeffect]\n|-boost|p2a: Victini|spd|1|[zeffect]\n|-boost|p2a: Victini|spe|1|[zeffect]\n|-activate|p2a: Victini|move: Celebrate\n|\n|-heal|p1a: Gastrodon|253/339|[from] item: Leftovers\n|upkeep\n|turn|7\n|\n|t:|1769503142\n|move|p2a: Victini|Stored Power|p1a: Gastrodon\n|-damage|p1a: Gastrodon|87/339\n|move|p1a: Gastrodon|Recover|p1a: Gastrodon\n|-heal|p1a: Gastrodon|257/339\n|\n|-heal|p1a: Gastrodon|278/339|[from] item: Leftovers\n|upkeep\n|turn|8\n|\n|t:|1769503147\n|move|p2a: Victini|Stored Power|p1a: Gastrodon\n|-damage|p1a: Gastrodon|127/339\n|move|p1a: Gastrodon|Recover|p1a: Gastrodon\n|-heal|p1a: Gastrodon|297/339\n|\n|-heal|p1a: Gastrodon|318/339|[from] item: Leftovers\n|upkeep\n|turn|9\n|\n|t:|1769503149\n|move|p2a: Victini|Stored Power|p1a: Gastrodon\n|-damage|p1a: Gastrodon|158/339\n|move|p1a: Gastrodon|Recover|p1a: Gastrodon\n|-heal|p1a: Gastrodon|328/339\n|\n|-heal|p1a: Gastrodon|339/339|[from] item: Leftovers\n|upkeep\n|turn|10\n|\n|t:|1769503153\n|move|p2a: Victini|Stored Power|p1a: Gastrodon\n|-damage|p1a: Gastrodon|177/339\n|move|p1a: Gastrodon|Earthquake|p2a: Victini\n|-supereffective|p2a: Victini\n|-damage|p2a: Victini|137/277\n|\n|-heal|p1a: Gastrodon|198/339|[from] item: Leftovers\n|upkeep\n|turn|11\n|\n|t:|1769503157\n|move|p2a: Victini|Stored Power|p1a: Gastrodon\n|-damage|p1a: Gastrodon|35/339\n|move|p1a: Gastrodon|Earthquake|p2a: Victini\n|-supereffective|p2a: Victini\n|-damage|p2a: Victini|0 fnt\n|faint|p2a: Victini\n|\n|-heal|p1a: Gastrodon|56/339|[from] item: Leftovers\n|upkeep\n|\n|t:|1769503164\n|switch|p2a: Articuno|Articuno, L85|291/291\n|-ability|p2a: Articuno|Pressure\n|turn|12\n|\n|t:|1769503175\n|switch|p1a: Froslass|Froslass, L87, F|251/264 par\n|move|p2a: Articuno|Freeze-Dry|p1a: Froslass\n|-resisted|p1a: Froslass\n|-damage|p1a: Froslass|211/264 par\n|\n|-heal|p1a: Froslass|227/264 par|[from] item: Leftovers\n|upkeep\n|turn|13\n|\n|t:|1769503181\n|switch|p2a: Lycanroc|Lycanroc, L85, M|266/266\n|-damage|p2a: Lycanroc|233/266|[from] Spikes\n|cant|p1a: Froslass|par\n|\n|-heal|p1a: Froslass|243/264 par|[from] item: Leftovers\n|upkeep\n|turn|14\n|\n|t:|1769503186\n|move|p2a: Lycanroc|Stone Edge|p1a: Froslass\n|-supereffective|p1a: Froslass\n|-damage|p1a: Froslass|0 fnt\n|-start|p2a: Lycanroc|Disable|Stone Edge|[from] ability: Cursed Body|[of] p1a: Froslass\n|faint|p1a: Froslass\n|\n|upkeep\n|\n|t:|1769503197\n|switch|p1a: Pachirisu|Pachirisu, L96, F|271/271\n|turn|15\n|\n|t:|1769503205\n|switch|p2a: Vigoroth|Vigoroth, L88, M|284/284\n|-damage|p2a: Vigoroth|249/284|[from] Spikes\n|switch|p1a: Gastrodon|Gastrodon-East, L88, F|56/339\n|\n|-heal|p1a: Gastrodon|77/339|[from] item: Leftovers\n|upkeep\n|turn|16\n|\n|t:|1769503208\n|move|p2a: Vigoroth|Return|p1a: Gastrodon\n|-damage|p1a: Gastrodon|0 fnt\n|faint|p1a: Gastrodon\n|\n|upkeep\n|\n|t:|1769503222\n|switch|p1a: Pachirisu|Pachirisu, L96, F|271/271\n|turn|17\n|\n|t:|1769503228\n|move|p1a: Pachirisu|Toxic|p2a: Vigoroth\n|-status|p2a: Vigoroth|tox\n|move|p2a: Vigoroth|Bulk Up|p2a: Vigoroth\n|-boost|p2a: Vigoroth|atk|1\n|-boost|p2a: Vigoroth|def|1\n|\n|-damage|p2a: Vigoroth|232/284 tox|[from] psn\n|upkeep\n|turn|18\n|\n|t:|1769503230\n|move|p1a: Pachirisu|U-turn|p2a: Vigoroth\n|-damage|p2a: Vigoroth|213/284 tox\n|\n|t:|1769503234\n|switch|p1a: Toucannon|Toucannon, L88, M|255/283|[from] U-turn\n|move|p2a: Vigoroth|Return|p1a: Toucannon\n|-damage|p1a: Toucannon|96/283\n|\n|-damage|p2a: Vigoroth|179/284 tox|[from] psn\n|upkeep\n|turn|19\n|\n|t:|1769503237\n|move|p2a: Vigoroth|Return|p1a: Toucannon\n|-crit|p1a: Toucannon\n|-damage|p1a: Toucannon|0 fnt\n|faint|p1a: Toucannon\n|\n|-damage|p2a: Vigoroth|128/284 tox|[from] psn\n|upkeep\n|\n|t:|1769503241\n|switch|p1a: Wailord|Wailord, L94, M|471/471\n|turn|20\n|\n|t:|1769503244\n|move|p1a: Wailord|Water Spout|p2a: Vigoroth\n|-damage|p2a: Vigoroth|0 fnt\n|faint|p2a: Vigoroth\n|\n|upkeep\n|\n|t:|1769503246\n|switch|p2a: Articuno|Articuno, L85|291/291\n|-ability|p2a: Articuno|Pressure\n|turn|21\n|\n|t:|1769503249\n|switch|p1a: Pachirisu|Pachirisu, L96, F|271/271\n|move|p2a: Articuno|Freeze-Dry|p1a: Pachirisu\n|-damage|p1a: Pachirisu|210/271\n|\n|-heal|p1a: Pachirisu|226/271|[from] item: Leftovers\n|upkeep\n|turn|22\n|\n|t:|1769503255\n|move|p1a: Pachirisu|Toxic|p2a: Articuno\n|-status|p2a: Articuno|tox\n|move|p2a: Articuno|Toxic|p1a: Pachirisu\n|-status|p1a: Pachirisu|tox\n|\n|-heal|p1a: Pachirisu|242/271 tox|[from] item: Leftovers\n|-damage|p1a: Pachirisu|226/271 tox|[from] psn\n|-damage|p2a: Articuno|273/291 tox|[from] psn\n|upkeep\n|turn|23\n|\n|t:|1769503261\n|switch|p2a: Celebi|Celebi, L82|78/298\n|-damage|p2a: Celebi|41/298|[from] Spikes\n|move|p1a: Pachirisu|Thunderbolt|p2a: Celebi\n|-resisted|p2a: Celebi\n|-damage|p2a: Celebi|8/298\n|\n|-heal|p1a: Pachirisu|242/271 tox|[from] item: Leftovers\n|-heal|p2a: Celebi|26/298|[from] item: Leftovers\n|-damage|p1a: Pachirisu|210/271 tox|[from] psn\n|upkeep\n|turn|24\n|\n|t:|1769503268\n|move|p1a: Pachirisu|Thunderbolt|p2a: Celebi\n|-resisted|p2a: Celebi\n|-damage|p2a: Celebi|0 fnt\n|faint|p2a: Celebi\n|\n|-heal|p1a: Pachirisu|226/271 tox|[from] item: Leftovers\n|-damage|p1a: Pachirisu|178/271 tox|[from] psn\n|upkeep\n|\n|t:|1769503272\n|switch|p2a: Beedrill|Beedrill, L77, M|227/227\n|-damage|p2a: Beedrill|199/227|[from] Spikes\n|turn|25\n|\n|t:|1769503278\n|detailschange|p2a: Beedrill|Beedrill-Mega, L77, M\n|-mega|p2a: Beedrill|Beedrill|Beedrillite\n|move|p2a: Beedrill|Swords Dance|p2a: Beedrill\n|-boost|p2a: Beedrill|atk|2\n|move|p1a: Pachirisu|Thunderbolt|p2a: Beedrill\n|-crit|p2a: Beedrill\n|-damage|p2a: Beedrill|63/227\n|\n|-heal|p1a: Pachirisu|194/271 tox|[from] item: Leftovers\n|-damage|p1a: Pachirisu|130/271 tox|[from] psn\n|upkeep\n|turn|26\n|\n|t:|1769503282\n|move|p2a: Beedrill|X-Scissor|p1a: Pachirisu\n|-damage|p1a: Pachirisu|0 fnt\n|faint|p1a: Pachirisu\n|\n|upkeep\n|\n|t:|1769503283\n|switch|p1a: Wailord|Wailord, L94, M|471/471\n|turn|27\n|\n|t:|1769503288\n|move|p2a: Beedrill|X-Scissor|p1a: Wailord\n|-damage|p1a: Wailord|113/471\n|move|p1a: Wailord|Hydro Pump|p2a: Beedrill\n|-damage|p2a: Beedrill|0 fnt\n|faint|p2a: Beedrill\n|detailschange|p2: Beedrill|Beedrill, L77, M|[silent]\n|\n|upkeep\n|\n|t:|1769503294\n|switch|p2a: Articuno|Articuno, L85|273/291 tox\n|-ability|p2a: Articuno|Pressure\n|turn|28\n|\n|t:|1769503305\n|switch|p1a: Linoone|Linoone, L81, M|258/258\n|move|p2a: Articuno|Freeze-Dry|p1a: Linoone\n|-damage|p1a: Linoone|164/258\n|\n|-heal|p2a: Articuno|291/291 tox|[from] item: Leftovers\n|-damage|p2a: Articuno|273/291 tox|[from] psn\n|upkeep\n|turn|29\n|\n|t:|1769503313\n|move|p1a: Linoone|Belly Drum|p1a: Linoone\n|-damage|p1a: Linoone|35/258\n|-setboost|p1a: Linoone|atk|6|[from] move: Belly Drum\n|-enditem|p1a: Linoone|Mago Berry|[eat]\n|-heal|p1a: Linoone|164/258|[from] item: Mago Berry\n|move|p2a: Articuno|Toxic|p1a: Linoone\n|-status|p1a: Linoone|tox\n|\n|-heal|p2a: Articuno|291/291 tox|[from] item: Leftovers\n|-damage|p1a: Linoone|148/258 tox|[from] psn\n|-damage|p2a: Articuno|255/291 tox|[from] psn\n|upkeep\n|turn|30\n|\n|t:|1769503319\n|move|p1a: Linoone|Extreme Speed|p2a: Articuno\n|-damage|p2a: Articuno|42/291 tox\n|move|p2a: Articuno|Freeze-Dry|p1a: Linoone\n|-damage|p1a: Linoone|43/258 tox\n|\n|-heal|p2a: Articuno|60/291 tox|[from] item: Leftovers\n|-damage|p1a: Linoone|11/258 tox|[from] psn\n|-damage|p2a: Articuno|6/291 tox|[from] psn\n|upkeep\n|turn|31\n|\n|t:|1769503328\n|move|p1a: Linoone|Extreme Speed|p2a: Articuno\n|-damage|p2a: Articuno|0 fnt\n|faint|p2a: Articuno\n|\n|-damage|p1a: Linoone|0 fnt|[from] psn\n|faint|p1a: Linoone\n|upkeep\n|\n|t:|1769503329\n|switch|p1a: Wailord|Wailord, L94, M|113/471\n|switch|p2a: Lycanroc|Lycanroc, L85, M|233/266\n|-damage|p2a: Lycanroc|200/266|[from] Spikes\n|turn|32\n|\n|t:|1769503333\n|move|p2a: Lycanroc|Accelerock|p1a: Wailord\n|-damage|p1a: Wailord|8/471\n|move|p1a: Wailord|Hydro Pump|p2a: Lycanroc\n|-supereffective|p2a: Lycanroc\n|-damage|p2a: Lycanroc|0 fnt\n|faint|p2a: Lycanroc\n|\n|win|may/gen3\n|raw|may&#x2f;gen3's rating: 1774 &rarr; <strong>1784</strong><br />(+10 for winning)\n|raw|UFO VSkee's rating: 1581 &rarr; <strong>1571</strong><br />(-10 for losing)\n", "inputlog": ">version b99ff0165a6231f17e8b78c2a78d1998375de664\n>start {\"formatid\":\"gen7randombattle\",\"seed\":\"sodium,61e41c6404e515fa71bbf71cf50b0df5\",\"rated\":\"Rated battle\"}\n>player p1 {\"name\":\"may/gen3\",\"avatar\":\"may\",\"rating\":1774,\"seed\":\"sodium,78f02ff6bb6b7b2a846ae168640e1a23\"}\n>player p2 {\"name\":\"UFO VSkee\",\"avatar\":\"emmet\",\"rating\":1581,\"seed\":\"sodium,e00a33553d5a4583696eda9bfcf9c5d4\"}\n>p1 move uturn\n>p2 move uturn\n>p1 switch 2\n>p2 switch 3\n>p1 switch 3\n>p2 move stoneedge\n>p1 move icebeam\n>p2 switch 3\n>p1 switch 4\n>p2 move thunderwave\n>p1 move spikes\n>p2 move uturn\n>p2 switch 5\n>p1 switch 4\n>p2 move celebrate zmove\n>p1 move recover\n>p2 move storedpower\n>p1 move recover\n>p2 move storedpower\n>p1 move recover\n>p2 move storedpower\n>p1 move earthquake\n>p2 move storedpower\n>p1 move earthquake\n>p2 move storedpower\n>p2 switch 4\n>p1 switch 4\n>p2 move freezedry\n>p1 move thunderwave\n>p2 switch 3\n>p1 move thunderwave\n>p2 move stoneedge\n>p1 switch 2\n>p1 switch 4\n>p2 switch 2\n>p1 move scald\n>p2 move return\n>p1 switch 4\n>p1 move toxic\n>p2 move bulkup\n>p1 move uturn\n>p2 move return\n>p1 switch 3\n>p1 move bravebird\n>p2 move return\n>p1 switch 6\n>p1 move waterspout\n>p2 move return\n>p2 switch 3\n>p1 switch 3\n>p2 move freezedry\n>p1 move toxic\n>p2 move toxic\n>p1 move thunderbolt\n>p2 switch 5\n>p1 move thunderbolt\n>p2 move recover\n>p2 switch 6\n>p1 move thunderbolt\n>p2 move swordsdance mega\n>p1 move thunderbolt\n>p2 move xscissor\n>p1 switch 3\n>p1 move hydropump\n>p2 move xscissor\n>p2 switch 5\n>p1 switch 5\n>p2 move freezedry\n>p1 move bellydrum\n>p2 move toxic\n>p1 move extremespeed\n>p2 move freezedry\n>p1 move extremespeed\n>p2 move freezedry\n>p1 switch 5\n>p2 switch 2\n>p1 move hydropump\n>p2 move accelerock", "uploadtime": 1769503336, "views": 197, "formatid": "gen7randombattle", "rating": 1571, "private": 0, "password": null}