{"id": "gen7randombattle-2536495975", "format": "[Gen 7] Random Battle", "players": ["berserkpower", "La.Hellhound"], "log": "|j|☆berserkpower\n|j|‽La.Hellhound\n|t:|1770695275\n|gametype|singles\n|player|p1|berserkpower|lance|1801\n|player|p2|La.Hellhound|bruno|1740\n|gen|7\n|tier|[Gen 7] Random Battle\n|rated|\n|rule|Sleep Clause Mod: Limit one foe put to sleep\n|rule|HP Percentage Mod: HP is shown in percentages\n|rule|Illusion Level Mod: Illusion disguises the Pokémon's true level\n|\n|t:|1770695275\n|teamsize|p1|6\n|teamsize|p2|6\n|start\n|switch|p1a: Sandslash|Sandslash-Alola, L91, M|284/284\n|switch|p2a: Kangaskhan|Kangaskhan, L88, F|328/328\n|turn|1\n|inactive|Battle timer is ON: inactive players will automatically lose when time's up. (requested by La.Hellhound)\n|\n|t:|1770695304\n|switch|p1a: Volbeat|Volbeat, L91, M|266/266\n|move|p2a: Kangaskhan|Fake Out|p1a: Volbeat\n|-damage|p1a: Volbeat|208/266\n|\n|-heal|p1a: Volbeat|224/266|[from] item: Leftovers\n|upkeep\n|turn|2\n|\n|t:|1770695316\n|switch|p2a: Torkoal|Torkoal, L84, F|255/255\n|-weather|SunnyDay|[from] ability: Drought|[of] p2a: Torkoal\n|move|p1a: Volbeat|Lunge|p2a: Torkoal\n|-resisted|p2a: Torkoal\n|-damage|p2a: Torkoal|226/255\n|-unboost|p2a: Torkoal|atk|1\n|\n|-weather|SunnyDay|[upkeep]\n|-heal|p1a: Volbeat|240/266|[from] item: Leftovers\n|-heal|p2a: Torkoal|241/255|[from] item: Leftovers\n|upkeep\n|turn|3\n|\n|t:|1770695326\n|switch|p1a: Lunatone|Lunatone, L93|318/318\n|move|p2a: Torkoal|Stealth Rock|p1a: Lunatone\n|-sidestart|p1: berserkpower|move: Stealth Rock\n|\n|-weather|SunnyDay|[upkeep]\n|-heal|p2a: Torkoal|255/255|[from] item: Leftovers\n|upkeep\n|turn|4\n|\n|t:|1770695343\n|switch|p2a: Venusaur|Venusaur, L78, M|253/253\n|move|p1a: Lunatone|Earth Power|p2a: Venusaur\n|-damage|p2a: Venusaur|180/253\n|\n|-weather|SunnyDay|[upkeep]\n|upkeep\n|turn|5\n|\n|t:|1770695351\n|move|p2a: Venusaur|Giga Drain|p1a: Lunatone\n|-supereffective|p1a: Lunatone\n|-damage|p1a: Lunatone|192/318\n|-heal|p2a: Venusaur|243/253|[from] drain|[of] p1a: Lunatone\n|move|p1a: Lunatone|Psychic|p2a: Venusaur\n|-supereffective|p2a: Venusaur\n|-damage|p2a: Venusaur|25/253\n|\n|-weather|SunnyDay|[upkeep]\n|-heal|p1a: Lunatone|211/318|[from] item: Leftovers\n|upkeep\n|turn|6\n|\n|t:|1770695363\n|switch|p2a: Florges|Florges, L85, F|271/271\n|move|p1a: Lunatone|Moonlight|p1a: Lunatone\n|-heal|p1a: Lunatone|318/318\n|\n|-weather|none\n|upkeep\n|turn|7\n|\n|t:|1770695370\n|switch|p1a: Sandslash|Sandslash-Alola, L91, M|284/284\n|-damage|p1a: Sandslash|249/284|[from] Stealth Rock\n|move|p2a: Florges|Toxic|p1a: Sandslash\n|-immune|p1a: Sandslash\n|\n|-heal|p1a: Sandslash|266/284|[from] item: Leftovers\n|upkeep\n|turn|8\n|\n|t:|1770695380\n|switch|p2a: Gurdurr|Gurdurr, L87, F|290/290\n|move|p1a: Sandslash|Stealth Rock|p2a: Gurdurr\n|-sidestart|p2: La.Hellhound|move: Stealth Rock\n|\n|-heal|p1a: Sandslash|283/284|[from] item: Leftovers\n|upkeep\n|turn|9\n|\n|t:|1770695389\n|switch|p1a: Volbeat|Volbeat, L91, M|240/266\n|-damage|p1a: Volbeat|174/266|[from] Stealth Rock\n|move|p2a: Gurdurr|Bulk Up|p2a: Gurdurr\n|-boost|p2a: Gurdurr|atk|1\n|-boost|p2a: Gurdurr|def|1\n|\n|-heal|p1a: Volbeat|190/266|[from] item: Leftovers\n|upkeep\n|turn|10\n|\n|t:|1770695399\n|switch|p2a: Torkoal|Torkoal, L84, F|255/255\n|-damage|p2a: Torkoal|192/255|[from] Stealth Rock\n|-weather|SunnyDay|[from] ability: Drought|[of] p2a: Torkoal\n|move|p1a: Volbeat|Thunder Wave|p2a: Torkoal\n|-status|p2a: Torkoal|par\n|\n|-weather|SunnyDay|[upkeep]\n|-heal|p1a: Volbeat|206/266|[from] item: Leftovers\n|-heal|p2a: Torkoal|207/255 par|[from] item: Leftovers\n|upkeep\n|turn|11\n|\n|t:|1770695410\n|switch|p1a: Lunatone|Lunatone, L93|318/318\n|-damage|p1a: Lunatone|279/318|[from] Stealth Rock\n|move|p2a: Torkoal|Rapid Spin|p1a: Lunatone\n|-resisted|p1a: Lunatone\n|-damage|p1a: Lunatone|271/318\n|-sideend|p2: La.Hellhound|Stealth Rock|[from] move: Rapid Spin|[of] p2a: Torkoal\n|\n|-weather|SunnyDay|[upkeep]\n|-heal|p1a: Lunatone|290/318|[from] item: Leftovers\n|-heal|p2a: Torkoal|222/255 par|[from] item: Leftovers\n|upkeep\n|turn|12\n|\n|t:|1770695422\n|switch|p2a: Leafeon|Leafeon, L88, M|258/258\n|move|p1a: Lunatone|Psychic|p2a: Leafeon\n|-damage|p2a: Leafeon|129/258\n|\n|-weather|SunnyDay|[upkeep]\n|-heal|p1a: Lunatone|309/318|[from] item: Leftovers\n|upkeep\n|turn|13\n|\n|t:|1770695433\n|switch|p1a: Magmortar|Magmortar, L88, M|275/275\n|-damage|p1a: Magmortar|207/275|[from] Stealth Rock\n|move|p2a: Leafeon|Knock Off|p1a: Magmortar\n|-damage|p1a: Magmortar|84/275\n|-status|p2a: Leafeon|brn|[from] ability: Flame Body|[of] p1a: Magmortar\n|-enditem|p1a: Magmortar|Assault Vest|[from] move: Knock Off|[of] p2a: Leafeon\n|-damage|p2a: Leafeon|104/258 brn|[from] item: Life Orb\n|\n|-weather|SunnyDay|[upkeep]\n|-damage|p2a: Leafeon|88/258 brn|[from] brn\n|upkeep\n|turn|14\n|\n|t:|1770695462\n|switch|p2a: Torkoal|Torkoal, L84, F|222/255 par\n|move|p1a: Magmortar|Fire Blast|p2a: Torkoal|[miss]\n|-miss|p1a: Magmortar|p2a: Torkoal\n|\n|-weather|none\n|-heal|p2a: Torkoal|237/255 par|[from] item: Leftovers\n|upkeep\n|turn|15\n|\n|t:|1770695475\n|move|p1a: Magmortar|Earthquake|p2a: Torkoal\n|-supereffective|p2a: Torkoal\n|-damage|p2a: Torkoal|131/255 par\n|move|p2a: Torkoal|Earthquake|p1a: Magmortar\n|-supereffective|p1a: Magmortar\n|-damage|p1a: Magmortar|0 fnt\n|faint|p1a: Magmortar\n|\n|-heal|p2a: Torkoal|146/255 par|[from] item: Leftovers\n|upkeep\n|\n|t:|1770695482\n|switch|p1a: Lunatone|Lunatone, L93|309/318\n|-damage|p1a: Lunatone|270/318|[from] Stealth Rock\n|turn|16\n|inactive|La.Hellhound has 120 seconds left.\n|\n|t:|1770695513\n|switch|p2a: Florges|Florges, L85, F|271/271\n|move|p1a: Lunatone|Earth Power|p2a: Florges\n|-damage|p2a: Florges|224/271\n|\n|-heal|p1a: Lunatone|289/318|[from] item: Leftovers\n|-heal|p2a: Florges|240/271|[from] item: Leftovers\n|upkeep\n|turn|17\n|\n|t:|1770695521\n|move|p1a: Lunatone|Psychic|p2a: Florges\n|-damage|p2a: Florges|164/271\n|move|p2a: Florges|Toxic|p1a: Lunatone\n|-status|p1a: Lunatone|tox\n|\n|-heal|p1a: Lunatone|308/318 tox|[from] item: Leftovers\n|-heal|p2a: Florges|180/271|[from] item: Leftovers\n|-damage|p1a: Lunatone|289/318 tox|[from] psn\n|upkeep\n|turn|18\n|inactive|La.Hellhound has 120 seconds left.\n|\n|t:|1770695530\n|switch|p1a: Sandslash|Sandslash-Alola, L91, M|283/284\n|-damage|p1a: Sandslash|248/284|[from] Stealth Rock\n|move|p2a: Florges|Wish|p2a: Florges\n|\n|-heal|p2a: Florges|196/271|[from] item: Leftovers\n|-heal|p1a: Sandslash|265/284|[from] item: Leftovers\n|upkeep\n|turn|19\n|\n|t:|1770695539\n|switch|p2a: Torkoal|Torkoal, L84, F|146/255 par\n|-weather|SunnyDay|[from] ability: Drought|[of] p2a: Torkoal\n|move|p1a: Sandslash|Icicle Crash|p2a: Torkoal\n|-resisted|p2a: Torkoal\n|-damage|p2a: Torkoal|108/255 par\n|\n|-weather|SunnyDay|[upkeep]\n|-heal|p2a: Torkoal|243/255 par|[from] move: Wish|[wisher] Florges\n|-heal|p1a: Sandslash|282/284|[from] item: Leftovers\n|-heal|p2a: Torkoal|255/255 par|[from] item: Leftovers\n|upkeep\n|turn|20\n|\n|t:|1770695551\n|switch|p1a: Lunatone|Lunatone, L93|289/318 tox\n|-damage|p1a: Lunatone|250/318 tox|[from] Stealth Rock\n|cant|p2a: Torkoal|par\n|\n|-weather|SunnyDay|[upkeep]\n|-heal|p1a: Lunatone|269/318 tox|[from] item: Leftovers\n|-damage|p1a: Lunatone|250/318 tox|[from] psn\n|upkeep\n|turn|21\n|\n|t:|1770695563\n|move|p1a: Lunatone|Earth Power|p2a: Torkoal\n|-supereffective|p2a: Torkoal\n|-damage|p2a: Torkoal|73/255 par\n|cant|p2a: Torkoal|par\n|\n|-weather|SunnyDay|[upkeep]\n|-heal|p1a: Lunatone|269/318 tox|[from] item: Leftovers\n|-heal|p2a: Torkoal|88/255 par|[from] item: Leftovers\n|-damage|p1a: Lunatone|231/318 tox|[from] psn\n|upkeep\n|turn|22\n|\n|t:|1770695573\n|switch|p1a: Sandslash|Sandslash-Alola, L91, M|282/284\n|-damage|p1a: Sandslash|247/284|[from] Stealth Rock\n|switch|p2a: Florges|Florges, L85, F|196/271\n|\n|-weather|SunnyDay|[upkeep]\n|-heal|p2a: Florges|212/271|[from] item: Leftovers\n|-heal|p1a: Sandslash|264/284|[from] item: Leftovers\n|upkeep\n|turn|23\n|\n|t:|1770695583\n|switch|p2a: Gurdurr|Gurdurr, L87, F|290/290\n|move|p1a: Sandslash|Iron Head|p2a: Gurdurr\n|-damage|p2a: Gurdurr|224/290\n|\n|-weather|none\n|-heal|p1a: Sandslash|281/284|[from] item: Leftovers\n|upkeep\n|turn|24\n|\n|t:|1770695594\n|switch|p1a: Volbeat|Volbeat, L91, M|206/266\n|-damage|p1a: Volbeat|140/266|[from] Stealth Rock\n|move|p2a: Gurdurr|Knock Off|p1a: Volbeat\n|-damage|p1a: Volbeat|52/266\n|-enditem|p1a: Volbeat|Leftovers|[from] move: Knock Off|[of] p2a: Gurdurr\n|\n|upkeep\n|turn|25\n|\n|t:|1770695601\n|switch|p2a: Torkoal|Torkoal, L84, F|88/255 par\n|-weather|SunnyDay|[from] ability: Drought|[of] p2a: Torkoal\n|move|p1a: Volbeat|Roost|p1a: Volbeat\n|-heal|p1a: Volbeat|185/266\n|-singleturn|p1a: Volbeat|move: Roost\n|\n|-weather|SunnyDay|[upkeep]\n|-heal|p2a: Torkoal|103/255 par|[from] item: Leftovers\n|upkeep\n|turn|26\n|\n|t:|1770695611\n|switch|p1a: Lunatone|Lunatone, L93|231/318 tox\n|-damage|p1a: Lunatone|192/318 tox|[from] Stealth Rock\n|move|p2a: Torkoal|Lava Plume|p1a: Lunatone\n|-resisted|p1a: Lunatone\n|-damage|p1a: Lunatone|140/318 tox\n|\n|-weather|SunnyDay|[upkeep]\n|-heal|p1a: Lunatone|159/318 tox|[from] item: Leftovers\n|-heal|p2a: Torkoal|118/255 par|[from] item: Leftovers\n|-damage|p1a: Lunatone|140/318 tox|[from] psn\n|upkeep\n|turn|27\n|\n|t:|1770695622\n|switch|p2a: Florges|Florges, L85, F|212/271\n|move|p1a: Lunatone|Moonlight|p1a: Lunatone\n|-heal|p1a: Lunatone|318/318 tox\n|\n|-weather|SunnyDay|[upkeep]\n|-heal|p2a: Florges|228/271|[from] item: Leftovers\n|-damage|p1a: Lunatone|280/318 tox|[from] psn\n|upkeep\n|turn|28\n|\n|t:|1770695634\n|move|p1a: Lunatone|Psychic|p2a: Florges\n|-damage|p2a: Florges|153/271\n|move|p2a: Florges|Wish|p2a: Florges\n|\n|-weather|SunnyDay|[upkeep]\n|-heal|p1a: Lunatone|299/318 tox|[from] item: Leftovers\n|-heal|p2a: Florges|169/271|[from] item: Leftovers\n|-damage|p1a: Lunatone|242/318 tox|[from] psn\n|upkeep\n|turn|29\n|\n|t:|1770695645\n|move|p1a: Lunatone|Earth Power|p2a: Florges\n|-damage|p2a: Florges|122/271\n|-unboost|p2a: Florges|spd|1\n|move|p2a: Florges|Moonblast|p1a: Lunatone\n|-damage|p1a: Lunatone|142/318 tox\n|\n|-weather|none\n|-heal|p2a: Florges|257/271|[from] move: Wish|[wisher] Florges\n|-heal|p1a: Lunatone|161/318 tox|[from] item: Leftovers\n|-heal|p2a: Florges|271/271|[from] item: Leftovers\n|-damage|p1a: Lunatone|85/318 tox|[from] psn\n|upkeep\n|turn|30\n|\n|t:|1770695660\n|switch|p1a: Sandslash|Sandslash-Alola, L91, M|281/284\n|-damage|p1a: Sandslash|246/284|[from] Stealth Rock\n|move|p2a: Florges|Wish|p2a: Florges\n|\n|-heal|p1a: Sandslash|263/284|[from] item: Leftovers\n|upkeep\n|turn|31\n|\n|t:|1770695667\n|switch|p2a: Gurdurr|Gurdurr, L87, F|224/290\n|move|p1a: Sandslash|Stealth Rock|p2a: Gurdurr\n|-sidestart|p2: La.Hellhound|move: Stealth Rock\n|\n|-heal|p2a: Gurdurr|290/290|[from] move: Wish|[wisher] Florges\n|-heal|p1a: Sandslash|280/284|[from] item: Leftovers\n|upkeep\n|turn|32\n|\n|t:|1770695675\n|switch|p1a: Volbeat|Volbeat, L91, M|185/266\n|-damage|p1a: Volbeat|119/266|[from] Stealth Rock\n|move|p2a: Gurdurr|Knock Off|p1a: Volbeat\n|-damage|p1a: Volbeat|67/266\n|\n|upkeep\n|turn|33\n|\n|t:|1770695684\n|switch|p2a: Torkoal|Torkoal, L84, F|118/255 par\n|-damage|p2a: Torkoal|55/255 par|[from] Stealth Rock\n|-weather|SunnyDay|[from] ability: Drought|[of] p2a: Torkoal\n|move|p1a: Volbeat|Roost|p1a: Volbeat\n|-heal|p1a: Volbeat|200/266\n|-singleturn|p1a: Volbeat|move: Roost\n|\n|-weather|SunnyDay|[upkeep]\n|-heal|p2a: Torkoal|70/255 par|[from] item: Leftovers\n|upkeep\n|turn|34\n|\n|t:|1770695694\n|switch|p1a: Poliwrath|Poliwrath, L91, F|312/312\n|-damage|p1a: Poliwrath|293/312|[from] Stealth Rock\n|cant|p2a: Torkoal|par\n|\n|-weather|SunnyDay|[upkeep]\n|-heal|p1a: Poliwrath|312/312|[from] item: Leftovers\n|-heal|p2a: Torkoal|85/255 par|[from] item: Leftovers\n|upkeep\n|turn|35\n|\n|t:|1770695704\n|switch|p2a: Gurdurr|Gurdurr, L87, F|290/290\n|-damage|p2a: Gurdurr|272/290|[from] Stealth Rock\n|move|p1a: Poliwrath|Scald|p2a: Gurdurr\n|-damage|p2a: Gurdurr|238/290\n|-status|p2a: Gurdurr|brn\n|\n|-weather|SunnyDay|[upkeep]\n|-damage|p2a: Gurdurr|220/290 brn|[from] brn\n|upkeep\n|turn|36\n|\n|t:|1770695714\n|move|p2a: Gurdurr|Drain Punch|p1a: Poliwrath\n|-damage|p1a: Poliwrath|192/312\n|-heal|p2a: Gurdurr|280/290 brn|[from] drain|[of] p1a: Poliwrath\n|move|p1a: Poliwrath|Circle Throw|p2a: Gurdurr\n|-damage|p2a: Gurdurr|228/290 brn\n|drag|p2a: Kangaskhan|Kangaskhan, L88, F|328/328\n|-damage|p2a: Kangaskhan|287/328|[from] Stealth Rock\n|\n|-weather|SunnyDay|[upkeep]\n|-heal|p1a: Poliwrath|211/312|[from] item: Leftovers\n|upkeep\n|turn|37\n|\n|t:|1770695725\n|switch|p1a: Volbeat|Volbeat, L91, M|200/266\n|-damage|p1a: Volbeat|134/266|[from] Stealth Rock\n|move|p2a: Kangaskhan|Fake Out|p1a: Volbeat\n|-damage|p1a: Volbeat|77/266\n|\n|-weather|none\n|upkeep\n|turn|38\n|\n|t:|1770695732\n|switch|p2a: Torkoal|Torkoal, L84, F|85/255 par\n|-damage|p2a: Torkoal|22/255 par|[from] Stealth Rock\n|-weather|SunnyDay|[from] ability: Drought|[of] p2a: Torkoal\n|move|p1a: Volbeat|Roost|p1a: Volbeat\n|-heal|p1a: Volbeat|210/266\n|-singleturn|p1a: Volbeat|move: Roost\n|\n|-weather|SunnyDay|[upkeep]\n|-heal|p2a: Torkoal|37/255 par|[from] item: Leftovers\n|upkeep\n|turn|39\n|\n|t:|1770695742\n|switch|p1a: Poliwrath|Poliwrath, L91, F|211/312\n|-damage|p1a: Poliwrath|192/312|[from] Stealth Rock\n|move|p2a: Torkoal|Rapid Spin|p1a: Poliwrath\n|-damage|p1a: Poliwrath|180/312\n|-sideend|p2: La.Hellhound|Stealth Rock|[from] move: Rapid Spin|[of] p2a: Torkoal\n|\n|-weather|SunnyDay|[upkeep]\n|-heal|p1a: Poliwrath|199/312|[from] item: Leftovers\n|-heal|p2a: Torkoal|52/255 par|[from] item: Leftovers\n|upkeep\n|turn|40\n|\n|t:|1770695752\n|switch|p2a: Florges|Florges, L85, F|271/271\n|move|p1a: Poliwrath|Circle Throw|p2a: Florges\n|-resisted|p2a: Florges\n|-damage|p2a: Florges|229/271\n|drag|p2a: Gurdurr|Gurdurr, L87, F|228/290 brn\n|\n|-weather|SunnyDay|[upkeep]\n|-heal|p1a: Poliwrath|218/312|[from] item: Leftovers\n|-damage|p2a: Gurdurr|210/290 brn|[from] brn\n|upkeep\n|turn|41\n|\n|t:|1770695762\n|move|p2a: Gurdurr|Drain Punch|p1a: Poliwrath\n|-damage|p1a: Poliwrath|109/312\n|-heal|p2a: Gurdurr|265/290 brn|[from] drain|[of] p1a: Poliwrath\n|move|p1a: Poliwrath|Circle Throw|p2a: Gurdurr\n|-damage|p2a: Gurdurr|216/290 brn\n|drag|p2a: Torkoal|Torkoal, L84, F|52/255 par\n|\n|-weather|SunnyDay|[upkeep]\n|-heal|p1a: Poliwrath|128/312|[from] item: Leftovers\n|-heal|p2a: Torkoal|67/255 par|[from] item: Leftovers\n|upkeep\n|turn|42\n|\n|t:|1770695774\n|switch|p2a: Florges|Florges, L85, F|229/271\n|move|p1a: Poliwrath|Scald|p2a: Florges\n|-damage|p2a: Florges|207/271\n|-status|p2a: Florges|brn\n|\n|-weather|none\n|-heal|p1a: Poliwrath|147/312|[from] item: Leftovers\n|-heal|p2a: Florges|223/271 brn|[from] item: Leftovers\n|-damage|p2a: Florges|207/271 brn|[from] brn\n|upkeep\n|turn|43\n|\n|t:|1770695785\n|switch|p1a: Sandslash|Sandslash-Alola, L91, M|280/284\n|-damage|p1a: Sandslash|245/284|[from] Stealth Rock\n|move|p2a: Florges|Wish|p2a: Florges\n|\n|-heal|p2a: Florges|223/271 brn|[from] item: Leftovers\n|-heal|p1a: Sandslash|262/284|[from] item: Leftovers\n|-damage|p2a: Florges|207/271 brn|[from] brn\n|upkeep\n|turn|44\n|\n|t:|1770695794\n|switch|p2a: Torkoal|Torkoal, L84, F|67/255 par\n|-weather|SunnyDay|[from] ability: Drought|[of] p2a: Torkoal\n|move|p1a: Sandslash|Knock Off|p2a: Torkoal\n|-damage|p2a: Torkoal|14/255 par\n|-enditem|p2a: Torkoal|Leftovers|[from] move: Knock Off|[of] p1a: Sandslash\n|\n|-weather|SunnyDay|[upkeep]\n|-heal|p2a: Torkoal|149/255 par|[from] move: Wish|[wisher] Florges\n|-heal|p1a: Sandslash|279/284|[from] item: Leftovers\n|upkeep\n|turn|45\n|\n|t:|1770695809\n|switch|p1a: Poliwrath|Poliwrath, L91, F|147/312\n|-damage|p1a: Poliwrath|128/312|[from] Stealth Rock\n|cant|p2a: Torkoal|par\n|\n|-weather|SunnyDay|[upkeep]\n|-heal|p1a: Poliwrath|147/312|[from] item: Leftovers\n|upkeep\n|turn|46\n|\n|t:|1770695818\n|switch|p2a: Florges|Florges, L85, F|207/271 brn\n|move|p1a: Poliwrath|Rest|p1a: Poliwrath\n|-status|p1a: Poliwrath|slp|[from] move: Rest\n|-heal|p1a: Poliwrath|312/312 slp|[silent]\n|\n|-weather|SunnyDay|[upkeep]\n|-heal|p2a: Florges|223/271 brn|[from] item: Leftovers\n|-damage|p2a: Florges|207/271 brn|[from] brn\n|upkeep\n|turn|47\n|\n|t:|1770695828\n|switch|p1a: Sandslash|Sandslash-Alola, L91, M|279/284\n|-damage|p1a: Sandslash|244/284|[from] Stealth Rock\n|move|p2a: Florges|Moonblast|p1a: Sandslash\n|-resisted|p1a: Sandslash\n|-damage|p1a: Sandslash|177/284\n|\n|-weather|SunnyDay|[upkeep]\n|-heal|p2a: Florges|223/271 brn|[from] item: Leftovers\n|-heal|p1a: Sandslash|194/284|[from] item: Leftovers\n|-damage|p2a: Florges|207/271 brn|[from] brn\n|upkeep\n|turn|48\n|\n|t:|1770695838\n|switch|p2a: Torkoal|Torkoal, L84, F|149/255 par\n|move|p1a: Sandslash|Stealth Rock|p2a: Torkoal\n|-sidestart|p2: La.Hellhound|move: Stealth Rock\n|\n|-weather|none\n|-heal|p1a: Sandslash|211/284|[from] item: Leftovers\n|upkeep\n|turn|49\n|\n|t:|1770695845\n|switch|p1a: Lunatone|Lunatone, L93|85/318 tox\n|-damage|p1a: Lunatone|46/318 tox|[from] Stealth Rock\n|move|p2a: Torkoal|Rapid Spin|p1a: Lunatone\n|-resisted|p1a: Lunatone\n|-damage|p1a: Lunatone|38/318 tox\n|-sideend|p2: La.Hellhound|Stealth Rock|[from] move: Rapid Spin|[of] p2a: Torkoal\n|\n|-heal|p1a: Lunatone|57/318 tox|[from] item: Leftovers\n|-damage|p1a: Lunatone|38/318 tox|[from] psn\n|upkeep\n|turn|50\n|\n|t:|1770695858\n|switch|p2a: Kangaskhan|Kangaskhan, L88, F|287/328\n|move|p1a: Lunatone|Moonlight|p1a: Lunatone\n|-heal|p1a: Lunatone|197/318 tox\n|\n|-heal|p1a: Lunatone|216/318 tox|[from] item: Leftovers\n|-damage|p1a: Lunatone|178/318 tox|[from] psn\n|upkeep\n|turn|51\n|\n|t:|1770695869\n|switch|p1a: Volbeat|Volbeat, L91, M|210/266\n|-damage|p1a: Volbeat|144/266|[from] Stealth Rock\n|move|p2a: Kangaskhan|Fake Out|p1a: Volbeat\n|-damage|p1a: Volbeat|92/266\n|\n|upkeep\n|turn|52\n|\n|t:|1770695876\n|switch|p2a: Torkoal|Torkoal, L84, F|149/255 par\n|-weather|SunnyDay|[from] ability: Drought|[of] p2a: Torkoal\n|move|p1a: Volbeat|Roost|p1a: Volbeat\n|-heal|p1a: Volbeat|225/266\n|-singleturn|p1a: Volbeat|move: Roost\n|\n|-weather|SunnyDay|[upkeep]\n|upkeep\n|turn|53\n|\n|t:|1770695884\n|switch|p1a: Lunatone|Lunatone, L93|178/318 tox\n|-damage|p1a: Lunatone|139/318 tox|[from] Stealth Rock\n|move|p2a: Torkoal|Lava Plume|p1a: Lunatone\n|-resisted|p1a: Lunatone\n|-damage|p1a: Lunatone|85/318 tox\n|\n|-weather|SunnyDay|[upkeep]\n|-heal|p1a: Lunatone|104/318 tox|[from] item: Leftovers\n|-damage|p1a: Lunatone|85/318 tox|[from] psn\n|upkeep\n|turn|54\n|\n|t:|1770695896\n|switch|p2a: Florges|Florges, L85, F|207/271 brn\n|move|p1a: Lunatone|Moonlight|p1a: Lunatone\n|-heal|p1a: Lunatone|297/318 tox\n|\n|-weather|SunnyDay|[upkeep]\n|-heal|p1a: Lunatone|316/318 tox|[from] item: Leftovers\n|-heal|p2a: Florges|223/271 brn|[from] item: Leftovers\n|-damage|p1a: Lunatone|278/318 tox|[from] psn\n|-damage|p2a: Florges|207/271 brn|[from] brn\n|upkeep\n|turn|55\n|\n|t:|1770695909\n|switch|p1a: Sandslash|Sandslash-Alola, L91, M|211/284\n|-damage|p1a: Sandslash|176/284|[from] Stealth Rock\n|move|p2a: Florges|Wish|p2a: Florges\n|\n|-weather|SunnyDay|[upkeep]\n|-heal|p2a: Florges|223/271 brn|[from] item: Leftovers\n|-heal|p1a: Sandslash|193/284|[from] item: Leftovers\n|-damage|p2a: Florges|207/271 brn|[from] brn\n|upkeep\n|turn|56\n|\n|t:|1770695918\n|switch|p2a: Torkoal|Torkoal, L84, F|149/255 par\n|move|p1a: Sandslash|Stealth Rock|p2a: Torkoal\n|-sidestart|p2: La.Hellhound|move: Stealth Rock\n|\n|-weather|none\n|-heal|p2a: Torkoal|255/255 par|[from] move: Wish|[wisher] Florges\n|-heal|p1a: Sandslash|210/284|[from] item: Leftovers\n|upkeep\n|turn|57\n|\n|t:|1770695927\n|switch|p1a: Lunatone|Lunatone, L93|278/318 tox\n|-damage|p1a: Lunatone|239/318 tox|[from] Stealth Rock\n|move|p2a: Torkoal|Rapid Spin|p1a: Lunatone\n|-resisted|p1a: Lunatone\n|-damage|p1a: Lunatone|232/318 tox\n|-sideend|p2: La.Hellhound|Stealth Rock|[from] move: Rapid Spin|[of] p2a: Torkoal\n|\n|-heal|p1a: Lunatone|251/318 tox|[from] item: Leftovers\n|-damage|p1a: Lunatone|232/318 tox|[from] psn\n|upkeep\n|turn|58\n|\n|t:|1770695937\n|switch|p1a: Sandslash|Sandslash-Alola, L91, M|210/284\n|-damage|p1a: Sandslash|175/284|[from] Stealth Rock\n|switch|p2a: Florges|Florges, L85, F|207/271 brn\n|\n|-heal|p2a: Florges|223/271 brn|[from] item: Leftovers\n|-heal|p1a: Sandslash|192/284|[from] item: Leftovers\n|-damage|p2a: Florges|207/271 brn|[from] brn\n|upkeep\n|turn|59\n|\n|t:|1770695947\n|move|p2a: Florges|Wish|p2a: Florges\n|move|p1a: Sandslash|Stealth Rock|p2a: Florges\n|-sidestart|p2: La.Hellhound|move: Stealth Rock\n|\n|-heal|p2a: Florges|223/271 brn|[from] item: Leftovers\n|-heal|p1a: Sandslash|209/284|[from] item: Leftovers\n|-damage|p2a: Florges|207/271 brn|[from] brn\n|upkeep\n|turn|60\n|\n|t:|1770695956\n|switch|p2a: Torkoal|Torkoal, L84, F|255/255 par\n|-damage|p2a: Torkoal|192/255 par|[from] Stealth Rock\n|-weather|SunnyDay|[from] ability: Drought|[of] p2a: Torkoal\n|switch|p1a: Poliwrath|Poliwrath, L91, F|312/312 slp\n|-damage|p1a: Poliwrath|293/312 slp|[from] Stealth Rock\n|\n|-weather|SunnyDay|[upkeep]\n|-heal|p2a: Torkoal|255/255 par|[from] move: Wish|[wisher] Florges\n|-heal|p1a: Poliwrath|312/312 slp|[from] item: Leftovers\n|upkeep\n|turn|61\n|\n|t:|1770695969\n|cant|p1a: Poliwrath|slp\n|move|p1a: Poliwrath|Sleep Talk|p1a: Poliwrath\n|move|p1a: Poliwrath|Scald|p2a: Torkoal|[from] move: Sleep Talk\n|-supereffective|p2a: Torkoal\n|-damage|p2a: Torkoal|163/255 par\n|move|p2a: Torkoal|Rapid Spin|p1a: Poliwrath\n|-damage|p1a: Poliwrath|299/312 slp\n|-sideend|p2: La.Hellhound|Stealth Rock|[from] move: Rapid Spin|[of] p2a: Torkoal\n|\n|-weather|SunnyDay|[upkeep]\n|-heal|p1a: Poliwrath|312/312 slp|[from] item: Leftovers\n|upkeep\n|turn|62\n|\n|t:|1770695981\n|switch|p2a: Gurdurr|Gurdurr, L87, F|216/290 brn\n|cant|p1a: Poliwrath|slp\n|move|p1a: Poliwrath|Sleep Talk|p1a: Poliwrath\n|move|p1a: Poliwrath|Scald|p2a: Gurdurr|[from] move: Sleep Talk\n|-damage|p2a: Gurdurr|182/290 brn\n|\n|-weather|SunnyDay|[upkeep]\n|-damage|p2a: Gurdurr|164/290 brn|[from] brn\n|upkeep\n|turn|63\n|\n|t:|1770695991\n|switch|p1a: Volbeat|Volbeat, L91, M|225/266\n|-damage|p1a: Volbeat|159/266|[from] Stealth Rock\n|move|p2a: Gurdurr|Drain Punch|p1a: Volbeat\n|-resisted|p1a: Volbeat\n|-damage|p1a: Volbeat|93/266\n|-heal|p2a: Gurdurr|197/290 brn|[from] drain|[of] p1a: Volbeat\n|\n|-weather|SunnyDay|[upkeep]\n|-damage|p2a: Gurdurr|179/290 brn|[from] brn\n|upkeep\n|turn|64\n|\n|t:|1770696003\n|move|p1a: Volbeat|Roost|p1a: Volbeat\n|-heal|p1a: Volbeat|226/266\n|-singleturn|p1a: Volbeat|move: Roost\n|move|p2a: Gurdurr|Bulk Up|p2a: Gurdurr\n|-boost|p2a: Gurdurr|atk|1\n|-boost|p2a: Gurdurr|def|1\n|\n|-weather|none\n|-damage|p2a: Gurdurr|161/290 brn|[from] brn\n|upkeep\n|turn|65\n|\n|t:|1770696011\n|move|p1a: Volbeat|Encore|p2a: Gurdurr\n|-start|p2a: Gurdurr|Encore\n|move|p2a: Gurdurr|Bulk Up|p2a: Gurdurr\n|-boost|p2a: Gurdurr|atk|1\n|-boost|p2a: Gurdurr|def|1\n|\n|-damage|p2a: Gurdurr|143/290 brn|[from] brn\n|upkeep\n|turn|66\n|\n|t:|1770696019\n|switch|p1a: Lunatone|Lunatone, L93|232/318 tox\n|-damage|p1a: Lunatone|193/318 tox|[from] Stealth Rock\n|switch|p2a: Torkoal|Torkoal, L84, F|163/255 par\n|-weather|SunnyDay|[from] ability: Drought|[of] p2a: Torkoal\n|\n|-weather|SunnyDay|[upkeep]\n|-heal|p1a: Lunatone|212/318 tox|[from] item: Leftovers\n|-damage|p1a: Lunatone|193/318 tox|[from] psn\n|upkeep\n|turn|67\n|\n|t:|1770696032\n|switch|p2a: Kangaskhan|Kangaskhan, L88, F|287/328\n|move|p1a: Lunatone|Earth Power|p2a: Kangaskhan\n|-damage|p2a: Kangaskhan|204/328\n|\n|-weather|SunnyDay|[upkeep]\n|-heal|p1a: Lunatone|212/318 tox|[from] item: Leftovers\n|-damage|p1a: Lunatone|174/318 tox|[from] psn\n|upkeep\n|turn|68\n|\n|t:|1770696041\n|switch|p1a: Volbeat|Volbeat, L91, M|226/266\n|-damage|p1a: Volbeat|160/266|[from] Stealth Rock\n|move|p2a: Kangaskhan|Fake Out|p1a: Volbeat\n|-damage|p1a: Volbeat|106/266\n|\n|-weather|SunnyDay|[upkeep]\n|upkeep\n|turn|69\n|\n|t:|1770696049\n|switch|p2a: Torkoal|Torkoal, L84, F|163/255 par\n|move|p1a: Volbeat|Roost|p1a: Volbeat\n|-heal|p1a: Volbeat|239/266\n|-singleturn|p1a: Volbeat|move: Roost\n|\n|-weather|SunnyDay|[upkeep]\n|upkeep\n|turn|70\n|\n|t:|1770696055\n|switch|p1a: Poliwrath|Poliwrath, L91, F|312/312 slp\n|-damage|p1a: Poliwrath|293/312 slp|[from] Stealth Rock\n|move|p2a: Torkoal|Lava Plume|p1a: Poliwrath\n|-resisted|p1a: Poliwrath\n|-damage|p1a: Poliwrath|239/312 slp\n|\n|-weather|none\n|-heal|p1a: Poliwrath|258/312 slp|[from] item: Leftovers\n|upkeep\n|turn|71\n|\n|t:|1770696076\n|switch|p2a: Florges|Florges, L85, F|207/271 brn\n|-curestatus|p1a: Poliwrath|slp|[msg]\n|move|p1a: Poliwrath|Circle Throw|p2a: Florges\n|-resisted|p2a: Florges\n|-damage|p2a: Florges|164/271 brn\n|drag|p2a: Kangaskhan|Kangaskhan, L88, F|204/328\n|\n|-heal|p1a: Poliwrath|277/312|[from] item: Leftovers\n|upkeep\n|turn|72\n|\n|t:|1770696086\n|move|p2a: Kangaskhan|Fake Out|p1a: Poliwrath\n|-damage|p1a: Poliwrath|223/312\n|cant|p1a: Poliwrath|flinch\n|\n|-heal|p1a: Poliwrath|242/312|[from] item: Leftovers\n|upkeep\n|turn|73\n|\n|t:|1770696094\n|switch|p2a: Florges|Florges, L85, F|164/271 brn\n|move|p1a: Poliwrath|Circle Throw|p2a: Florges\n|-resisted|p2a: Florges\n|-damage|p2a: Florges|119/271 brn\n|drag|p2a: Torkoal|Torkoal, L84, F|163/255 par\n|-weather|SunnyDay|[from] ability: Drought|[of] p2a: Torkoal\n|\n|-weather|SunnyDay|[upkeep]\n|-heal|p1a: Poliwrath|261/312|[from] item: Leftovers\n|upkeep\n|turn|74\n|\n|t:|1770696109\n|switch|p2a: Florges|Florges, L85, F|119/271 brn\n|move|p1a: Poliwrath|Circle Throw|p2a: Florges\n|-resisted|p2a: Florges\n|-damage|p2a: Florges|73/271 brn\n|drag|p2a: Venusaur|Venusaur, L78, M|25/253\n|\n|-weather|SunnyDay|[upkeep]\n|-heal|p1a: Poliwrath|280/312|[from] item: Leftovers\n|upkeep\n|turn|75\n|\n|t:|1770696121\n|move|p2a: Venusaur|Synthesis|p2a: Venusaur\n|-heal|p2a: Venusaur|194/253\n|move|p1a: Poliwrath|Scald|p2a: Venusaur\n|-resisted|p2a: Venusaur\n|-damage|p2a: Venusaur|174/253\n|-status|p2a: Venusaur|brn\n|\n|-weather|SunnyDay|[upkeep]\n|-heal|p1a: Poliwrath|299/312|[from] item: Leftovers\n|-damage|p2a: Venusaur|159/253 brn|[from] brn\n|upkeep\n|turn|76\n|\n|t:|1770696132\n|switch|p1a: Sandslash|Sandslash-Alola, L91, M|209/284\n|-damage|p1a: Sandslash|174/284|[from] Stealth Rock\n|detailschange|p2a: Venusaur|Venusaur-Mega, L78, M\n|-mega|p2a: Venusaur|Venusaur|Venusaurite\n|move|p2a: Venusaur|Giga Drain|p1a: Sandslash\n|-resisted|p1a: Sandslash\n|-damage|p1a: Sandslash|122/284\n|-heal|p2a: Venusaur|185/253 brn|[from] drain|[of] p1a: Sandslash\n|\n|-weather|SunnyDay|[upkeep]\n|-heal|p1a: Sandslash|139/284|[from] item: Leftovers\n|-damage|p2a: Venusaur|170/253 brn|[from] brn\n|upkeep\n|turn|77\n|\n|t:|1770696150\n|switch|p2a: Torkoal|Torkoal, L84, F|163/255 par\n|move|p1a: Sandslash|Stealth Rock|p2a: Torkoal\n|-sidestart|p2: La.Hellhound|move: Stealth Rock\n|\n|-weather|none\n|-heal|p1a: Sandslash|156/284|[from] item: Leftovers\n|upkeep\n|turn|78\n|\n|t:|1770696158\n|switch|p1a: Lunatone|Lunatone, L93|174/318 tox\n|-damage|p1a: Lunatone|135/318 tox|[from] Stealth Rock\n|move|p2a: Torkoal|Rapid Spin|p1a: Lunatone\n|-resisted|p1a: Lunatone\n|-damage|p1a: Lunatone|128/318 tox\n|-sideend|p2: La.Hellhound|Stealth Rock|[from] move: Rapid Spin|[of] p2a: Torkoal\n|\n|-heal|p1a: Lunatone|147/318 tox|[from] item: Leftovers\n|-damage|p1a: Lunatone|128/318 tox|[from] psn\n|upkeep\n|turn|79\n|\n|t:|1770696172\n|switch|p2a: Kangaskhan|Kangaskhan, L88, F|204/328\n|move|p1a: Lunatone|Moonlight|p1a: Lunatone\n|-heal|p1a: Lunatone|287/318 tox\n|\n|-heal|p1a: Lunatone|306/318 tox|[from] item: Leftovers\n|-damage|p1a: Lunatone|268/318 tox|[from] psn\n|upkeep\n|turn|80\n|\n|t:|1770696182\n|switch|p1a: Poliwrath|Poliwrath, L91, F|299/312\n|-damage|p1a: Poliwrath|280/312|[from] Stealth Rock\n|move|p2a: Kangaskhan|Double-Edge|p1a: Poliwrath\n|-damage|p1a: Poliwrath|127/312\n|-damage|p2a: Kangaskhan|154/328|[from] Recoil\n|\n|-heal|p1a: Poliwrath|146/312|[from] item: Leftovers\n|upkeep\n|turn|81\n|\n|t:|1770696192\n|switch|p1a: Sandslash|Sandslash-Alola, L91, M|156/284\n|-damage|p1a: Sandslash|121/284|[from] Stealth Rock\n|move|p2a: Kangaskhan|Double-Edge|p1a: Sandslash\n|-resisted|p1a: Sandslash\n|-damage|p1a: Sandslash|64/284\n|-damage|p2a: Kangaskhan|135/328|[from] Recoil\n|\n|-heal|p1a: Sandslash|81/284|[from] item: Leftovers\n|upkeep\n|turn|82\n|\n|t:|1770696201\n|move|p2a: Kangaskhan|Earthquake|p1a: Sandslash\n|-supereffective|p1a: Sandslash\n|-damage|p1a: Sandslash|0 fnt\n|faint|p1a: Sandslash\n|\n|upkeep\n|\n|t:|1770696208\n|switch|p1a: Lunatone|Lunatone, L93|268/318 tox\n|-damage|p1a: Lunatone|229/318 tox|[from] Stealth Rock\n|turn|83\n|\n|t:|1770696216\n|move|p2a: Kangaskhan|Sucker Punch|p1a: Lunatone\n|-supereffective|p1a: Lunatone\n|-damage|p1a: Lunatone|111/318 tox\n|move|p1a: Lunatone|Psychic|p2a: Kangaskhan\n|-damage|p2a: Kangaskhan|15/328\n|\n|-heal|p1a: Lunatone|130/318 tox|[from] item: Leftovers\n|-damage|p1a: Lunatone|111/318 tox|[from] psn\n|upkeep\n|turn|84\n|\n|t:|1770696240\n|switch|p2a: Leafeon|Leafeon, L88, M|88/258 brn\n|move|p1a: Lunatone|Moonlight|p1a: Lunatone\n|-heal|p1a: Lunatone|270/318 tox\n|\n|-heal|p1a: Lunatone|289/318 tox|[from] item: Leftovers\n|-damage|p1a: Lunatone|251/318 tox|[from] psn\n|-damage|p2a: Leafeon|72/258 brn|[from] brn\n|upkeep\n|turn|85\n|\n|t:|1770696249\n|switch|p1a: Volbeat|Volbeat, L91, M|239/266\n|-damage|p1a: Volbeat|173/266|[from] Stealth Rock\n|move|p2a: Leafeon|Synthesis|p2a: Leafeon\n|-heal|p2a: Leafeon|201/258 brn\n|\n|-damage|p2a: Leafeon|185/258 brn|[from] brn\n|upkeep\n|turn|86\n|\n|t:|1770696259\n|switch|p2a: Torkoal|Torkoal, L84, F|163/255 par\n|-weather|SunnyDay|[from] ability: Drought|[of] p2a: Torkoal\n|move|p1a: Volbeat|Lunge|p2a: Torkoal\n|-resisted|p2a: Torkoal\n|-damage|p2a: Torkoal|135/255 par\n|-unboost|p2a: Torkoal|atk|1\n|\n|-weather|SunnyDay|[upkeep]\n|upkeep\n|turn|87\n|\n|t:|1770696274\n|switch|p1a: Poliwrath|Poliwrath, L91, F|146/312\n|-damage|p1a: Poliwrath|127/312|[from] Stealth Rock\n|move|p2a: Torkoal|Lava Plume|p1a: Poliwrath\n|-resisted|p1a: Poliwrath\n|-damage|p1a: Poliwrath|70/312\n|\n|-weather|SunnyDay|[upkeep]\n|-heal|p1a: Poliwrath|89/312|[from] item: Leftovers\n|upkeep\n|turn|88\n|\n|t:|1770696284\n|cant|p2a: Torkoal|par\n|move|p1a: Poliwrath|Circle Throw|p2a: Torkoal\n|-damage|p2a: Torkoal|86/255 par\n|drag|p2a: Leafeon|Leafeon, L88, M|185/258 brn\n|\n|-weather|SunnyDay|[upkeep]\n|-heal|p1a: Poliwrath|108/312|[from] item: Leftovers\n|-damage|p2a: Leafeon|169/258 brn|[from] brn\n|upkeep\n|turn|89\n|\n|t:|1770696293\n|move|p2a: Leafeon|Leaf Blade|p1a: Poliwrath\n|-supereffective|p1a: Poliwrath\n|-damage|p1a: Poliwrath|0 fnt\n|faint|p1a: Poliwrath\n|-damage|p2a: Leafeon|144/258 brn|[from] item: Life Orb\n|\n|-weather|SunnyDay|[upkeep]\n|-damage|p2a: Leafeon|128/258 brn|[from] brn\n|upkeep\n|\n|t:|1770696295\n|switch|p1a: Dragonite|Dragonite, L72, F|250/250\n|-damage|p1a: Dragonite|188/250|[from] Stealth Rock\n|turn|90\n|\n|t:|1770696306\n|move|p2a: Leafeon|Knock Off|p1a: Dragonite\n|-damage|p1a: Dragonite|152/250\n|-damage|p2a: Leafeon|103/258 brn|[from] item: Life Orb\n|move|p1a: Dragonite|Dragon Dance|p1a: Dragonite\n|-boost|p1a: Dragonite|atk|1\n|-boost|p1a: Dragonite|spe|1\n|\n|-weather|none\n|-damage|p2a: Leafeon|87/258 brn|[from] brn\n|upkeep\n|turn|91\n|\n|t:|1770696314\n|switch|p2a: Kangaskhan|Kangaskhan, L88, F|15/328\n|move|p1a: Dragonite|Fly||[still]\n|-prepare|p1a: Dragonite|Fly\n|\n|upkeep\n|turn|92\n|\n|t:|1770696326\n|switch|p2a: Torkoal|Torkoal, L84, F|86/255 par\n|-weather|SunnyDay|[from] ability: Drought|[of] p2a: Torkoal\n|move|p1a: Dragonite|Fly|p2a: Torkoal|[from] lockedmove\n|-damage|p2a: Torkoal|0 fnt\n|faint|p2a: Torkoal\n|\n|-weather|SunnyDay|[upkeep]\n|upkeep\n|\n|t:|1770696335\n|switch|p2a: Kangaskhan|Kangaskhan, L88, F|15/328\n|turn|93\n|\n|t:|1770696338\n|move|p2a: Kangaskhan|Fake Out|p1a: Dragonite\n|-damage|p1a: Dragonite|86/250\n|cant|p1a: Dragonite|flinch\n|\n|-weather|SunnyDay|[upkeep]\n|upkeep\n|turn|94\n|\n|t:|1770696345\n|move|p2a: Kangaskhan|Sucker Punch|p1a: Dragonite\n|-damage|p1a: Dragonite|23/250\n|move|p1a: Dragonite|Earthquake|p2a: Kangaskhan\n|-damage|p2a: Kangaskhan|0 fnt\n|faint|p2a: Kangaskhan\n|\n|-weather|SunnyDay|[upkeep]\n|upkeep\n|\n|t:|1770696353\n|switch|p2a: Leafeon|Leafeon, L88, M|87/258 brn\n|turn|95\n|\n|t:|1770696361\n|move|p2a: Leafeon|Knock Off|p1a: Dragonite\n|-damage|p1a: Dragonite|0 fnt\n|faint|p1a: Dragonite\n|-damage|p2a: Leafeon|62/258 brn|[from] item: Life Orb\n|\n|-weather|SunnyDay|[upkeep]\n|-damage|p2a: Leafeon|46/258 brn|[from] brn\n|upkeep\n|\n|t:|1770696365\n|switch|p1a: Volbeat|Volbeat, L91, M|173/266\n|-damage|p1a: Volbeat|107/266|[from] Stealth Rock\n|turn|96\n|\n|t:|1770696374\n|move|p1a: Volbeat|Roost|p1a: Volbeat\n|-heal|p1a: Volbeat|240/266\n|-singleturn|p1a: Volbeat|move: Roost\n|move|p2a: Leafeon|Synthesis|p2a: Leafeon\n|-heal|p2a: Leafeon|218/258 brn\n|\n|-weather|none\n|-damage|p2a: Leafeon|202/258 brn|[from] brn\n|upkeep\n|turn|97\n|\n|t:|1770696382\n|switch|p2a: Gurdurr|Gurdurr, L87, F|143/290 brn\n|move|p1a: Volbeat|Lunge|p2a: Gurdurr\n|-resisted|p2a: Gurdurr\n|-damage|p2a: Gurdurr|117/290 brn\n|-unboost|p2a: Gurdurr|atk|1\n|\n|-damage|p2a: Gurdurr|99/290 brn|[from] brn\n|upkeep\n|turn|98\n|\n|t:|1770696393\n|switch|p2a: Venusaur|Venusaur-Mega, L78, M|170/253 brn\n|move|p1a: Volbeat|Lunge|p2a: Venusaur\n|-damage|p2a: Venusaur|104/253 brn\n|-unboost|p2a: Venusaur|atk|1\n|\n|-damage|p2a: Venusaur|89/253 brn|[from] brn\n|upkeep\n|turn|99\n|\n|t:|1770696401\n|move|p1a: Volbeat|Lunge|p2a: Venusaur\n|-damage|p2a: Venusaur|19/253 brn\n|-unboost|p2a: Venusaur|atk|1\n|move|p2a: Venusaur|Sleep Powder|p1a: Volbeat\n|-status|p1a: Volbeat|slp|[from] move: Sleep Powder\n|\n|-damage|p2a: Venusaur|4/253 brn|[from] brn\n|upkeep\n|turn|100\n|\n|t:|1770696423\n|cant|p1a: Volbeat|slp\n|move|p2a: Venusaur|Sludge Bomb|p1a: Volbeat\n|-damage|p1a: Volbeat|144/266 slp\n|\n|-damage|p2a: Venusaur|0 fnt|[from] brn\n|faint|p2a: Venusaur\n|detailschange|p2: Venusaur|Venusaur, L78, M|[silent]\n|upkeep\n|\n|t:|1770696429\n|switch|p2a: Florges|Florges, L85, F|73/271 brn\n|turn|101\n|\n|t:|1770696432\n|cant|p1a: Volbeat|slp\n|move|p2a: Florges|Moonblast|p1a: Volbeat\n|-damage|p1a: Volbeat|36/266 slp\n|-unboost|p1a: Volbeat|spa|1\n|\n|-heal|p2a: Florges|89/271 brn|[from] item: Leftovers\n|-damage|p2a: Florges|73/271 brn|[from] brn\n|upkeep\n|turn|102\n|\n|t:|1770696443\n|cant|p1a: Volbeat|slp\n|move|p2a: Florges|Moonblast|p1a: Volbeat\n|-damage|p1a: Volbeat|0 fnt\n|faint|p1a: Volbeat\n|\n|-heal|p2a: Florges|89/271 brn|[from] item: Leftovers\n|-damage|p2a: Florges|73/271 brn|[from] brn\n|upkeep\n|\n|t:|1770696444\n|switch|p1a: Lunatone|Lunatone, L93|251/318 tox\n|-damage|p1a: Lunatone|212/318 tox|[from] Stealth Rock\n|turn|103\n|\n|t:|1770696460\n|move|p2a: Florges|Protect|p2a: Florges\n|-singleturn|p2a: Florges|Protect\n|move|p1a: Lunatone|Psychic|p2a: Florges\n|-activate|p2a: Florges|move: Protect\n|\n|-heal|p1a: Lunatone|231/318 tox|[from] item: Leftovers\n|-heal|p2a: Florges|89/271 brn|[from] item: Leftovers\n|-damage|p1a: Lunatone|212/318 tox|[from] psn\n|-damage|p2a: Florges|73/271 brn|[from] brn\n|upkeep\n|turn|104\n|\n|t:|1770696471\n|move|p1a: Lunatone|Psychic|p2a: Florges\n|-damage|p2a: Florges|0 fnt\n|faint|p2a: Florges\n|\n|-heal|p1a: Lunatone|231/318 tox|[from] item: Leftovers\n|-damage|p1a: Lunatone|193/318 tox|[from] psn\n|upkeep\n|\n|t:|1770696479\n|switch|p2a: Leafeon|Leafeon, L88, M|202/258 brn\n|turn|105\n|\n|t:|1770696483\n|move|p2a: Leafeon|Leaf Blade|p1a: Lunatone\n|-supereffective|p1a: Lunatone\n|-damage|p1a: Lunatone|21/318 tox\n|-damage|p2a: Leafeon|177/258 brn|[from] item: Life Orb\n|move|p1a: Lunatone|Moonlight|p1a: Lunatone\n|-heal|p1a: Lunatone|180/318 tox\n|\n|-heal|p1a: Lunatone|199/318 tox|[from] item: Leftovers\n|-damage|p1a: Lunatone|142/318 tox|[from] psn\n|-damage|p2a: Leafeon|161/258 brn|[from] brn\n|upkeep\n|turn|106\n|\n|t:|1770696495\n|move|p2a: Leafeon|Synthesis|p2a: Leafeon\n|-heal|p2a: Leafeon|258/258 brn\n|move|p1a: Lunatone|Psychic|p2a: Leafeon\n|-damage|p2a: Leafeon|129/258 brn\n|\n|-heal|p1a: Lunatone|161/318 tox|[from] item: Leftovers\n|-damage|p1a: Lunatone|85/318 tox|[from] psn\n|-damage|p2a: Leafeon|113/258 brn|[from] brn\n|upkeep\n|turn|107\n|\n|t:|1770696503\n|move|p2a: Leafeon|Synthesis|p2a: Leafeon\n|-heal|p2a: Leafeon|242/258 brn\n|move|p1a: Lunatone|Psychic|p2a: Leafeon\n|-damage|p2a: Leafeon|115/258 brn\n|\n|-heal|p1a: Lunatone|104/318 tox|[from] item: Leftovers\n|-damage|p1a: Lunatone|9/318 tox|[from] psn\n|-damage|p2a: Leafeon|99/258 brn|[from] brn\n|upkeep\n|turn|108\n|\n|t:|1770696512\n|move|p2a: Leafeon|Synthesis|p2a: Leafeon\n|-heal|p2a: Leafeon|228/258 brn\n|move|p1a: Lunatone|Psychic|p2a: Leafeon\n|-damage|p2a: Leafeon|81/258 brn\n|\n|-heal|p1a: Lunatone|28/318 tox|[from] item: Leftovers\n|-damage|p1a: Lunatone|0 fnt|[from] psn\n|faint|p1a: Lunatone\n|\n|win|La.Hellhound\n|raw|berserkpower's rating: 1801 &rarr; <strong>1778</strong><br />(-23 for losing)\n|raw|La.Hellhound's rating: 1740 &rarr; <strong>1763</strong><br />(+23 for winning)\n", "inputlog": ">version ccdc32dd7cde25fd9e4bed64820e885f66e78a4e\n>start {\"formatid\":\"gen7randombattle\",\"seed\":\"sodium,4b39b0c640da60eef92bec5859e7ce45\",\"rated\":\"Rated battle\"}\n>player p1 {\"name\":\"berserkpower\",\"avatar\":\"lance\",\"rating\":1801,\"seed\":\"sodium,fe5a7150f3a36f9ba61fb76790cc2319\"}\n>player p2 {\"name\":\"La.Hellhound\",\"avatar\":\"bruno\",\"rating\":1740,\"seed\":\"sodium,631787d3a03f427dfc9037b310d1f625\"}\n>p1 switch 4\n>p2 move fakeout\n>p1 move lunge\n>p2 switch 2\n>p1 switch 5\n>p2 move stealthrock\n>p1 move earthpower\n>p2 switch 3\n>p1 move psychic\n>p2 move gigadrain\n>p1 move moonlight\n>p2 switch 4\n>p1 switch 4\n>p2 move toxic\n>p1 move stealthrock\n>p2 switch 6\n>p1 switch 5\n>p2 move bulkup\n>p1 move thunderwave\n>p2 switch 3\n>p1 switch 4\n>p2 move rapidspin\n>p1 move psychic\n>p2 switch 5\n>p1 switch 3\n>p2 move knockoff\n>p1 move fireblast\n>p2 switch 5\n>p1 move earthquake\n>p2 move earthquake\n>p1 switch 3\n>p1 move earthpower\n>p2 switch 6\n>p1 move psychic\n>p2 move toxic\n>p1 switch 5\n>p2 move wish\n>p1 move iciclecrash\n>p2 switch 6\n>p1 switch 5\n>p2 move lavaplume\n>p1 move earthpower\n>p2 move lavaplume\n>p1 switch 5\n>p2 switch 6\n>p1 move ironhead\n>p2 switch 3\n>p1 switch 4\n>p2 move knockoff\n>p1 move roost\n>p2 switch 6\n>p1 switch 5\n>p2 move lavaplume\n>p1 move moonlight\n>p2 switch 3\n>p1 move psychic\n>p2 move wish\n>p1 move earthpower\n>p2 move moonblast\n>p1 switch 4\n>p2 move wish\n>p1 move stealthrock\n>p2 switch 6\n>p1 switch 5\n>p2 move knockoff\n>p1 move roost\n>p2 switch 3\n>p1 switch 2\n>p2 move rapidspin\n>p1 move scald\n>p2 switch 3\n>p1 move circlethrow\n>p2 move drainpunch\n>p1 switch 2\n>p2 move fakeout\n>p1 move roost\n>p2 switch 3\n>p1 switch 2\n>p2 move rapidspin\n>p1 move circlethrow\n>p2 switch 6\n>p1 move circlethrow\n>p2 move drainpunch\n>p1 move scald\n>p2 switch 2\n>p1 switch 5\n>p2 move wish\n>p1 move knockoff\n>p2 switch 2\n>p1 switch 5\n>p2 move lavaplume\n>p1 move rest\n>p2 switch 2\n>p1 switch 5\n>p2 move moonblast\n>p1 move stealthrock\n>p2 switch 2\n>p1 switch 4\n>p2 move rapidspin\n>p1 move moonlight\n>p2 switch 3\n>p1 switch 2\n>p2 move fakeout\n>p1 move roost\n>p2 switch 3\n>p1 switch 2\n>p2 move lavaplume\n>p1 move moonlight\n>p2 switch 2\n>p1 switch 4\n>p2 move wish\n>p1 move stealthrock\n>p2 switch 2\n>p1 switch 4\n>p2 move rapidspin\n>p1 switch 4\n>p2 switch 2\n>p1 move stealthrock\n>p2 move wish\n>p1 switch 5\n>p2 switch 2\n>p1 move sleeptalk\n>p2 move rapidspin\n>p1 move sleeptalk\n>p2 switch 6\n>p1 switch 2\n>p2 move drainpunch\n>p1 move roost\n>p2 move bulkup\n>p1 move encore\n>p2 move drainpunch\n>p1 switch 4\n>p2 switch 6\n>p1 move earthpower\n>p2 switch 3\n>p1 switch 4\n>p2 move fakeout\n>p1 move roost\n>p2 switch 3\n>p1 switch 2\n>p2 move lavaplume\n>p1 move circlethrow\n>p2 switch 2\n>p1 move scald\n>p2 move fakeout\n>p1 move circlethrow\n>p2 switch 3\n>p1 move circlethrow\n>p2 switch 2\n>p1 move scald\n>p2 move synthesis\n>p1 switch 5\n>p2 move gigadrain mega\n>p1 move stealthrock\n>p2 switch 2\n>p1 switch 4\n>p2 move rapidspin\n>p1 move moonlight\n>p2 switch 3\n>p1 switch 5\n>p2 move doubleedge\n>p1 switch 4\n>p2 move doubleedge\n>p1 move iciclecrash\n>p2 move earthquake\n>p1 switch 5\n>p1 move psychic\n>p2 move suckerpunch\n>p1 move moonlight\n>p2 switch 5\n>p1 switch 2\n>p2 move synthesis\n>p1 move lunge\n>p2 switch 3\n>p1 switch 4\n>p2 move lavaplume\n>p1 move circlethrow\n>p2 move earthquake\n>p1 move circlethrow\n>p2 move leafblade\n>p1 switch 6\n>p1 move dragondance\n>p2 move knockoff\n>p1 move fly\n>p2 switch 5\n>p1 move fly\n>p2 switch 3\n>p2 switch 3\n>p1 move fly\n>p2 move fakeout\n>p1 move earthquake\n>p2 move suckerpunch\n>p2 switch 5\n>p1 move fly\n>p2 move knockoff\n>p1 switch 4\n>p1 move roost\n>p2 move synthesis\n>p1 move lunge\n>p2 switch 6\n>p1 move lunge\n>p2 switch 2\n>p1 move lunge\n>p2 move sleeppowder\n>p1 move lunge\n>p2 move sludgebomb\n>p2 switch 4\n>p1 move lunge\n>p2 move moonblast\n>p1 move roost\n>p2 move moonblast\n>p1 switch 2\n>p1 move psychic\n>p2 move protect\n>p1 move psychic\n>p2 move wish\n>p2 switch 6\n>p1 move moonlight\n>p2 move leafblade\n>p1 move psychic\n>p2 move synthesis\n>p1 move psychic\n>p2 move synthesis\n>p1 move psychic\n>p2 move synthesis", "uploadtime": 1770696521, "views": 211, "formatid": "gen7randombattle", "rating": 1763, "private": 0, "password": null}