{"id": "gen7randombattle-2533433436", "format": "[Gen 7] Random Battle", "players": ["felesk", "sappy_10"], "log": "|j|☆felesk\n|j|☆sappy_10\n|t:|1770305293\n|gametype|singles\n|player|p1|felesk|steven|1565\n|player|p2|sappy_10|dragontamer|1496\n|gen|7\n|tier|[Gen 7] Random Battle\n|rated|\n|rule|Sleep Clause Mod: Limit one foe put to sleep\n|rule|HP Percentage Mod: HP is shown in percentages\n|rule|Illusion Level Mod: Illusion disguises the Pokémon's true level\n|\n|t:|1770305293\n|teamsize|p1|6\n|teamsize|p2|6\n|start\n|switch|p1a: Sableye|Sableye, L86, F|226/226\n|switch|p2a: Milotic|Milotic, L84, M|297/297\n|turn|1\n|inactive|Battle timer is ON: inactive players will automatically lose when time's up. (requested by felesk)\n|\n|t:|1770305301\n|move|p1a: Sableye|Calm Mind|p1a: Sableye\n|-boost|p1a: Sableye|spa|1\n|-boost|p1a: Sableye|spd|1\n|move|p2a: Milotic|Scald|p1a: Sableye\n|-damage|p1a: Sableye|151/226\n|\n|upkeep\n|turn|2\n|\n|t:|1770305308\n|move|p1a: Sableye|Calm Mind|p1a: Sableye\n|-boost|p1a: Sableye|spa|1\n|-boost|p1a: Sableye|spd|1\n|move|p2a: Milotic|Haze|p2a: Milotic\n|-clearallboost\n|\n|upkeep\n|turn|3\n|\n|t:|1770305315\n|move|p1a: Sableye|Recover|p1a: Sableye\n|-heal|p1a: Sableye|226/226\n|move|p2a: Milotic|Toxic|p1a: Sableye\n|-status|p1a: Sableye|tox\n|\n|-damage|p1a: Sableye|212/226 tox|[from] psn\n|upkeep\n|turn|4\n|\n|t:|1770305323\n|move|p1a: Sableye|Calm Mind|p1a: Sableye\n|-boost|p1a: Sableye|spa|1\n|-boost|p1a: Sableye|spd|1\n|move|p2a: Milotic|Scald|p1a: Sableye\n|-damage|p1a: Sableye|140/226 tox\n|\n|-damage|p1a: Sableye|112/226 tox|[from] psn\n|upkeep\n|turn|5\n|\n|t:|1770305340\n|detailschange|p1a: Sableye|Sableye-Mega, L86, F\n|-mega|p1a: Sableye|Sableye|Sablenite\n|move|p2a: Milotic|Haze|p2a: Milotic\n|-clearallboost\n|move|p1a: Sableye|Dark Pulse|p2a: Milotic\n|-damage|p2a: Milotic|237/297\n|\n|-heal|p2a: Milotic|255/297|[from] item: Leftovers\n|-damage|p1a: Sableye|70/226 tox|[from] psn\n|upkeep\n|turn|6\n|\n|t:|1770305350\n|move|p2a: Milotic|Scald|p1a: Sableye\n|-damage|p1a: Sableye|0 fnt\n|faint|p1a: Sableye\n|detailschange|p1: Sableye|Sableye, L86, F|[silent]\n|\n|-heal|p2a: Milotic|273/297|[from] item: Leftovers\n|upkeep\n|\n|t:|1770305356\n|switch|p1a: Maractus|Maractus, F|312/312\n|turn|7\n|\n|t:|1770305367\n|switch|p2a: Klinklang|Klinklang, L87|246/246\n|move|p1a: Maractus|Spikes|p2a: Klinklang\n|-sidestart|p2: sappy_10|Spikes\n|\n|upkeep\n|turn|8\n|\n|t:|1770305387\n|switch|p1a: Druddigon|Druddigon, L86, M|273/273\n|move|p2a: Klinklang|Shift Gear|p2a: Klinklang\n|-boost|p2a: Klinklang|spe|2\n|-boost|p2a: Klinklang|atk|1\n|\n|upkeep\n|turn|9\n|\n|t:|1770305400\n|move|p2a: Klinklang|Gear Grind|p1a: Druddigon\n|-damage|p1a: Druddigon|183/273\n|-damage|p2a: Klinklang|216/246|[from] ability: Rough Skin|[of] p1a: Druddigon\n|-damage|p2a: Klinklang|175/246|[from] item: Rocky Helmet|[of] p1a: Druddigon\n|-damage|p1a: Druddigon|102/273\n|-damage|p2a: Klinklang|145/246|[from] ability: Rough Skin|[of] p1a: Druddigon\n|-damage|p2a: Klinklang|104/246|[from] item: Rocky Helmet|[of] p1a: Druddigon\n|-hitcount|p1a: Druddigon|2\n|move|p1a: Druddigon|Dragon Tail|p2a: Klinklang\n|-resisted|p2a: Klinklang\n|-damage|p2a: Klinklang|71/246\n|drag|p2a: Gligar|Gligar, L82, F|241/241\n|\n|upkeep\n|turn|10\n|\n|t:|1770305417\n|move|p2a: Gligar|Stealth Rock|p1a: Druddigon\n|-sidestart|p1: felesk|move: Stealth Rock\n|move|p1a: Druddigon|Glare|p2a: Gligar\n|-status|p2a: Gligar|par\n|\n|upkeep\n|turn|11\n|\n|t:|1770305424\n|move|p2a: Gligar|Earthquake|p1a: Druddigon\n|-damage|p1a: Druddigon|24/273\n|move|p1a: Druddigon|Dragon Tail|p2a: Gligar\n|-damage|p2a: Gligar|189/241 par\n|drag|p2a: Klinklang|Klinklang, L87|71/246\n|-damage|p2a: Klinklang|41/246|[from] Spikes\n|\n|upkeep\n|turn|12\n|inactive|sappy_10 has 120 seconds left.\n|inactive|sappy_10 has 90 seconds left.\n|\n|t:|1770305507\n|-zpower|p2a: Klinklang\n|move|p2a: Klinklang|Gigavolt Havoc|p1a: Druddigon|[zeffect]\n|-resisted|p1a: Druddigon\n|-damage|p1a: Druddigon|0 fnt\n|faint|p1a: Druddigon\n|\n|upkeep\n|\n|t:|1770305522\n|switch|p1a: Maractus|Maractus, F|312/312\n|-damage|p1a: Maractus|273/312|[from] Stealth Rock\n|turn|13\n|inactive|sappy_10 has 60 seconds left.\n|\n|t:|1770305570\n|move|p2a: Klinklang|Gear Grind|p1a: Maractus\n|-damage|p1a: Maractus|215/312\n|-damage|p1a: Maractus|152/312\n|-hitcount|p1a: Maractus|2\n|move|p1a: Maractus|Spikes|p2a: Klinklang\n|-sidestart|p2: sappy_10|Spikes\n|\n|upkeep\n|turn|14\n|\n|t:|1770305579\n|move|p2a: Klinklang|Gear Grind|p1a: Maractus\n|-damage|p1a: Maractus|89/312\n|-damage|p1a: Maractus|32/312\n|-hitcount|p1a: Maractus|2\n|move|p1a: Maractus|Giga Drain|p2a: Klinklang\n|-resisted|p2a: Klinklang\n|-damage|p2a: Klinklang|0 fnt\n|-heal|p1a: Maractus|53/312|[from] drain|[of] p2a: Klinklang\n|faint|p2a: Klinklang\n|-damage|p1a: Maractus|22/312|[from] item: Life Orb\n|\n|upkeep\n|\n|t:|1770305589\n|switch|p2a: Suicune|Suicune, L82|298/298\n|-damage|p2a: Suicune|249/298|[from] Spikes\n|-ability|p2a: Suicune|Pressure\n|turn|15\n|\n|t:|1770305593\n|move|p2a: Suicune|Ice Beam|p1a: Maractus\n|-supereffective|p1a: Maractus\n|-damage|p1a: Maractus|0 fnt\n|faint|p1a: Maractus\n|\n|-heal|p2a: Suicune|267/298|[from] item: Leftovers\n|upkeep\n|\n|t:|1770305612\n|switch|p1a: Clefable|Clefable, L83, F|293/293\n|-damage|p1a: Clefable|257/293|[from] Stealth Rock\n|turn|16\n|\n|t:|1770305617\n|move|p2a: Suicune|Substitute|p2a: Suicune\n|-start|p2a: Suicune|Substitute\n|-damage|p2a: Suicune|193/298\n|move|p1a: Clefable|Thunder Wave||[still]\n|-fail|p1a: Clefable\n|\n|-heal|p2a: Suicune|211/298|[from] item: Leftovers\n|-heal|p1a: Clefable|275/293|[from] item: Leftovers\n|upkeep\n|turn|17\n|\n|t:|1770305620\n|move|p2a: Suicune|Calm Mind|p2a: Suicune\n|-boost|p2a: Suicune|spa|1\n|-boost|p2a: Suicune|spd|1\n|move|p1a: Clefable|Moonblast|p2a: Suicune\n|-end|p2a: Suicune|Substitute\n|\n|-heal|p2a: Suicune|229/298|[from] item: Leftovers\n|-heal|p1a: Clefable|293/293|[from] item: Leftovers\n|upkeep\n|turn|18\n|\n|t:|1770305624\n|move|p2a: Suicune|Calm Mind|p2a: Suicune\n|-boost|p2a: Suicune|spa|1\n|-boost|p2a: Suicune|spd|1\n|move|p1a: Clefable|Moonblast|p2a: Suicune\n|-damage|p2a: Suicune|145/298\n|-unboost|p2a: Suicune|spa|1\n|\n|-heal|p2a: Suicune|163/298|[from] item: Leftovers\n|upkeep\n|turn|19\n|\n|t:|1770305628\n|move|p2a: Suicune|Scald|p1a: Clefable\n|-damage|p1a: Clefable|217/293\n|move|p1a: Clefable|Thunder Wave|p2a: Suicune\n|-status|p2a: Suicune|par\n|\n|-heal|p1a: Clefable|235/293|[from] item: Leftovers\n|-heal|p2a: Suicune|181/298 par|[from] item: Leftovers\n|upkeep\n|turn|20\n|\n|t:|1770305634\n|move|p1a: Clefable|Moonblast|p2a: Suicune\n|-damage|p2a: Suicune|105/298 par\n|-unboost|p2a: Suicune|spa|1\n|move|p2a: Suicune|Calm Mind|p2a: Suicune\n|-boost|p2a: Suicune|spa|1\n|-boost|p2a: Suicune|spd|1\n|\n|-heal|p1a: Clefable|253/293|[from] item: Leftovers\n|-heal|p2a: Suicune|123/298 par|[from] item: Leftovers\n|upkeep\n|turn|21\n|\n|t:|1770305643\n|move|p1a: Clefable|Moonblast|p2a: Suicune\n|-damage|p2a: Suicune|38/298 par\n|move|p2a: Suicune|Scald|p1a: Clefable\n|-damage|p1a: Clefable|175/293\n|-status|p1a: Clefable|brn\n|\n|-heal|p1a: Clefable|193/293 brn|[from] item: Leftovers\n|-heal|p2a: Suicune|56/298 par|[from] item: Leftovers\n|-damage|p1a: Clefable|175/293 brn|[from] brn\n|upkeep\n|turn|22\n|inactive|sappy_10 has 120 seconds left.\n|\n|t:|1770305653\n|move|p1a: Clefable|Soft-Boiled|p1a: Clefable\n|-heal|p1a: Clefable|293/293 brn\n|move|p2a: Suicune|Scald|p1a: Clefable\n|-damage|p1a: Clefable|221/293 brn\n|\n|-heal|p1a: Clefable|239/293 brn|[from] item: Leftovers\n|-heal|p2a: Suicune|74/298 par|[from] item: Leftovers\n|-damage|p1a: Clefable|221/293 brn|[from] brn\n|upkeep\n|turn|23\n|\n|t:|1770305658\n|move|p1a: Clefable|Soft-Boiled|p1a: Clefable\n|-heal|p1a: Clefable|293/293 brn\n|move|p2a: Suicune|Scald|p1a: Clefable\n|-damage|p1a: Clefable|214/293 brn\n|\n|-heal|p1a: Clefable|232/293 brn|[from] item: Leftovers\n|-heal|p2a: Suicune|92/298 par|[from] item: Leftovers\n|-damage|p1a: Clefable|214/293 brn|[from] brn\n|upkeep\n|turn|24\n|inactive|sappy_10 has 120 seconds left.\n|\n|t:|1770305673\n|move|p1a: Clefable|Moonblast|p2a: Suicune\n|-damage|p2a: Suicune|5/298 par\n|cant|p2a: Suicune|par\n|\n|-heal|p1a: Clefable|232/293 brn|[from] item: Leftovers\n|-heal|p2a: Suicune|23/298 par|[from] item: Leftovers\n|-damage|p1a: Clefable|214/293 brn|[from] brn\n|upkeep\n|turn|25\n|\n|t:|1770305680\n|move|p1a: Clefable|Moonblast|p2a: Suicune\n|-damage|p2a: Suicune|0 fnt\n|faint|p2a: Suicune\n|\n|-heal|p1a: Clefable|232/293 brn|[from] item: Leftovers\n|-damage|p1a: Clefable|214/293 brn|[from] brn\n|upkeep\n|\n|t:|1770305686\n|switch|p2a: Gumshoos|Gumshoos, L94, F|318/318\n|-damage|p2a: Gumshoos|265/318|[from] Spikes\n|turn|26\n|\n|t:|1770305697\n|move|p1a: Clefable|Thunder Wave|p2a: Gumshoos\n|-status|p2a: Gumshoos|par\n|cant|p2a: Gumshoos|par\n|\n|-heal|p1a: Clefable|232/293 brn|[from] item: Leftovers\n|-damage|p1a: Clefable|214/293 brn|[from] brn\n|upkeep\n|turn|27\n|c|☆sappy_10|unaware?\n|\n|t:|1770305705\n|move|p1a: Clefable|Moonblast|p2a: Gumshoos\n|-damage|p2a: Gumshoos|159/318 par\n|-unboost|p2a: Gumshoos|spa|1\n|move|p2a: Gumshoos|Return|p1a: Clefable\n|-damage|p1a: Clefable|0 fnt\n|faint|p1a: Clefable\n|\n|upkeep\n|\n|t:|1770305721\n|switch|p1a: Minior|Minior-Green, L79|223/223\n|-damage|p1a: Minior|168/223|[from] Stealth Rock\n|-formechange|p1a: Minior|Minior-Meteor||[from] ability: Shields Down\n|turn|28\n|\n|t:|1770305743\n|move|p1a: Minior|Shell Smash|p1a: Minior\n|-unboost|p1a: Minior|def|1\n|-unboost|p1a: Minior|spd|1\n|-boost|p1a: Minior|atk|2\n|-boost|p1a: Minior|spa|2\n|-boost|p1a: Minior|spe|2\n|-enditem|p1a: Minior|White Herb\n|-clearnegativeboost|p1a: Minior|[silent]\n|move|p2a: Gumshoos|Return|p1a: Minior\n|-resisted|p1a: Minior\n|-damage|p1a: Minior|18/223\n|\n|-formechange|p1a: Minior|Minior-Green||[from] ability: Shields Down\n|upkeep\n|turn|29\n|inactive|felesk has 120 seconds left.\n|\n|t:|1770305773\n|move|p1a: Minior|Acrobatics|p2a: Gumshoos\n|-crit|p2a: Gumshoos\n|-damage|p2a: Gumshoos|0 fnt\n|faint|p2a: Gumshoos\n|\n|upkeep\n|\n|t:|1770305781\n|switch|p2a: Lopunny|Lopunny, L77, M|227/227\n|-damage|p2a: Lopunny|190/227|[from] Spikes\n|turn|30\n|\n|t:|1770305789\n|detailschange|p2a: Lopunny|Lopunny-Mega, L77, M\n|-mega|p2a: Lopunny|Lopunny|Lopunnite\n|move|p2a: Lopunny|Fake Out|p1a: Minior\n|-resisted|p1a: Minior\n|-damage|p1a: Minior|0 fnt\n|faint|p1a: Minior\n|\n|upkeep\n|\n|t:|1770305794\n|switch|p1a: Aromatisse|Aromatisse, L91, M|332/332\n|-damage|p1a: Aromatisse|291/332|[from] Stealth Rock\n|turn|31\n|\n|t:|1770305801\n|switch|p2a: Gligar|Gligar, L82, F|189/241 par\n|move|p1a: Aromatisse|Moonblast|p2a: Gligar\n|-damage|p2a: Gligar|86/241 par\n|-unboost|p2a: Gligar|spa|1\n|\n|-heal|p1a: Aromatisse|311/332|[from] item: Leftovers\n|upkeep\n|turn|32\n|\n|t:|1770305808\n|move|p1a: Aromatisse|Calm Mind|p1a: Aromatisse\n|-boost|p1a: Aromatisse|spa|1\n|-boost|p1a: Aromatisse|spd|1\n|move|p2a: Gligar|Toxic|p1a: Aromatisse\n|-status|p1a: Aromatisse|tox\n|\n|-heal|p1a: Aromatisse|331/332 tox|[from] item: Leftovers\n|-damage|p1a: Aromatisse|311/332 tox|[from] psn\n|upkeep\n|turn|33\n|\n|t:|1770305812\n|move|p1a: Aromatisse|Calm Mind|p1a: Aromatisse\n|-boost|p1a: Aromatisse|spa|1\n|-boost|p1a: Aromatisse|spd|1\n|move|p2a: Gligar|Roost|p2a: Gligar\n|-heal|p2a: Gligar|207/241 par\n|-singleturn|p2a: Gligar|move: Roost\n|\n|-heal|p1a: Aromatisse|331/332 tox|[from] item: Leftovers\n|-damage|p1a: Aromatisse|291/332 tox|[from] psn\n|upkeep\n|turn|34\n|\n|t:|1770305816\n|move|p1a: Aromatisse|Moonblast|p2a: Gligar\n|-damage|p2a: Gligar|0 fnt\n|faint|p2a: Gligar\n|\n|-heal|p1a: Aromatisse|311/332 tox|[from] item: Leftovers\n|-damage|p1a: Aromatisse|251/332 tox|[from] psn\n|upkeep\n|\n|t:|1770305822\n|switch|p2a: Lopunny|Lopunny-Mega, L77, M|190/227\n|-damage|p2a: Lopunny|153/227|[from] Spikes\n|turn|35\n|\n|t:|1770305825\n|move|p2a: Lopunny|Fake Out|p1a: Aromatisse\n|-damage|p1a: Aromatisse|202/332 tox\n|cant|p1a: Aromatisse|flinch\n|\n|-heal|p1a: Aromatisse|222/332 tox|[from] item: Leftovers\n|-damage|p1a: Aromatisse|142/332 tox|[from] psn\n|upkeep\n|turn|36\n|\n|t:|1770305832\n|move|p2a: Lopunny|Return|p1a: Aromatisse\n|-damage|p1a: Aromatisse|16/332 tox\n|move|p1a: Aromatisse|Moonblast|p2a: Lopunny\n|-supereffective|p2a: Lopunny\n|-damage|p2a: Lopunny|0 fnt\n|faint|p2a: Lopunny\n|detailschange|p2: Lopunny|Lopunny, L77, M|[silent]\n|\n|-heal|p1a: Aromatisse|36/332 tox|[from] item: Leftovers\n|-damage|p1a: Aromatisse|0 fnt|[from] psn\n|faint|p1a: Aromatisse\n|\n|win|sappy_10\n|raw|felesk's rating: 1565 &rarr; <strong>1541</strong><br />(-24 for losing)\n|raw|sappy_10's rating: 1496 &rarr; <strong>1520</strong><br />(+24 for winning)\n|l|☆felesk\n|player|p1|\n|c|☆sappy_10|gg\n", "inputlog": ">version ccdc32dd7cde25fd9e4bed64820e885f66e78a4e\n>start {\"formatid\":\"gen7randombattle\",\"seed\":\"sodium,91e76ff4900cd05e149f5530a5593624\",\"rated\":\"Rated battle\"}\n>player p1 {\"name\":\"felesk\",\"avatar\":\"steven\",\"rating\":1565,\"seed\":\"sodium,a701e8f5ad7771cf05b58e9f5af4cf17\"}\n>player p2 {\"name\":\"sappy_10\",\"avatar\":\"dragontamer\",\"rating\":1496,\"seed\":\"sodium,69eb202d87b7b7a02cd38fa9085e20ab\"}\n>p1 move calmmind\n>p2 move scald\n>p1 move calmmind\n>p2 move haze\n>p1 move recover\n>p2 move toxic\n>p1 move calmmind\n>p2 move scald\n>p1 move darkpulse mega\n>p2 move haze\n>p1 move darkpulse\n>p2 move scald\n>p1 switch 6\n>p1 move spikes\n>p2 switch 6\n>p1 switch 2\n>p2 move shiftgear\n>p1 move dragontail\n>p2 move geargrind\n>p1 move glare\n>p2 move stealthrock\n>p1 move dragontail\n>p2 move earthquake\n>p1 move outrage\n>p2 move wildcharge zmove\n>p1 switch 2\n>p1 move spikes\n>p2 move geargrind\n>p1 move gigadrain\n>p2 move geargrind\n>p2 switch 2\n>p1 move gigadrain\n>p2 move icebeam\n>p1 switch 3\n>p1 move thunderwave\n>p2 move substitute\n>p1 move moonblast\n>p2 move calmmind\n>p1 move moonblast\n>p2 move calmmind\n>p1 move thunderwave\n>p2 move scald\n>p1 move moonblast\n>p2 move calmmind\n>p1 move moonblast\n>p2 move scald\n>p1 move softboiled\n>p2 move scald\n>p1 move softboiled\n>p2 move scald\n>p1 move moonblast\n>p2 move scald\n>p1 move moonblast\n>p2 move scald\n>p2 switch 5\n>p1 move thunderwave\n>p2 move return\n>chat ☆sappy_10|unaware?\n>p1 move moonblast\n>p2 move return\n>p1 switch 5\n>p1 move shellsmash\n>p2 move return\n>p1 move acrobatics\n>p2 move return\n>p2 switch 4\n>p1 move acrobatics\n>p2 move fakeout mega\n>p1 switch 4\n>p1 move moonblast\n>p2 switch 3\n>p1 move calmmind\n>p2 move toxic\n>p1 move calmmind\n>p2 move roost\n>p1 move moonblast\n>p2 move roost\n>p2 switch 3\n>p1 move moonblast\n>p2 move fakeout\n>p1 move moonblast\n>p2 move return", "uploadtime": 1770305848, "views": 158, "formatid": "gen7randombattle", "rating": 1520, "private": 0, "password": null}