{"id": "gen7randombattle-2527094113", "format": "[Gen 7] Random Battle", "players": ["TheMurphy", "CryCh!c"], "log": "|j|☆TheMurphy\n|j|☆CryCh!c\n|t:|1769493466\n|gametype|singles\n|player|p1|TheMurphy|265|1555\n|player|p2|CryCh!c|marley-masters|1671\n|gen|7\n|tier|[Gen 7] Random Battle\n|rated|\n|rule|Sleep Clause Mod: Limit one foe put to sleep\n|rule|HP Percentage Mod: HP is shown in percentages\n|rule|Illusion Level Mod: Illusion disguises the Pokémon's true level\n|\n|t:|1769493466\n|teamsize|p1|6\n|teamsize|p2|6\n|start\n|switch|p1a: Type: Null|Type: Null, L85|300/300\n|switch|p2a: Wormadam|Wormadam-Trash, L86, F|243/243\n|turn|1\n|\n|t:|1769493521\n|switch|p1a: Eelektross|Eelektross, L88, M|293/293\n|move|p2a: Wormadam|Toxic|p1a: Eelektross\n|-status|p1a: Eelektross|tox\n|\n|-damage|p1a: Eelektross|275/293 tox|[from] psn\n|upkeep\n|turn|2\n|inactive|Battle timer is ON: inactive players will automatically lose when time's up. (requested by TheMurphy)\n|\n|t:|1769493527\n|move|p2a: Wormadam|Protect|p2a: Wormadam\n|-singleturn|p2a: Wormadam|Protect\n|move|p1a: Eelektross|Flamethrower|p2a: Wormadam\n|-activate|p2a: Wormadam|move: Protect\n|\n|-damage|p1a: Eelektross|239/293 tox|[from] psn\n|upkeep\n|turn|3\n|\n|t:|1769493530\n|switch|p2a: Emboar|Emboar, L85, F|326/326\n|move|p1a: Eelektross|Discharge|p2a: Emboar\n|-damage|p2a: Emboar|239/326\n|-status|p2a: Emboar|par\n|\n|-damage|p1a: Eelektross|185/293 tox|[from] psn\n|upkeep\n|turn|4\n|\n|t:|1769493538\n|switch|p1a: Type: Null|Type: Null, L85|300/300\n|cant|p2a: Emboar|par\n|\n|upkeep\n|turn|5\n|\n|t:|1769493543\n|switch|p2a: Wormadam|Wormadam-Trash, L86, F|243/243\n|move|p1a: Type: Null|Return|p2a: Wormadam\n|-resisted|p2a: Wormadam\n|-damage|p2a: Wormadam|192/243\n|\n|-heal|p2a: Wormadam|207/243|[from] item: Leftovers\n|upkeep\n|turn|6\n|\n|t:|1769493548\n|move|p1a: Type: Null|Swords Dance|p1a: Type: Null\n|-boost|p1a: Type: Null|atk|2\n|move|p2a: Wormadam|Stealth Rock|p1a: Type: Null\n|-sidestart|p1: TheMurphy|move: Stealth Rock\n|\n|-heal|p2a: Wormadam|222/243|[from] item: Leftovers\n|upkeep\n|turn|7\n|\n|t:|1769493552\n|move|p1a: Type: Null|Swords Dance|p1a: Type: Null\n|-boost|p1a: Type: Null|atk|2\n|move|p2a: Wormadam|Toxic|p1a: Type: Null\n|-status|p1a: Type: Null|tox\n|\n|-heal|p2a: Wormadam|237/243|[from] item: Leftovers\n|-damage|p1a: Type: Null|282/300 tox|[from] psn\n|upkeep\n|turn|8\n|\n|t:|1769493554\n|move|p1a: Type: Null|Return|p2a: Wormadam\n|-resisted|p2a: Wormadam\n|-damage|p2a: Wormadam|78/243\n|move|p2a: Wormadam|Flash Cannon|p1a: Type: Null\n|-damage|p1a: Type: Null|239/300 tox\n|\n|-heal|p2a: Wormadam|93/243|[from] item: Leftovers\n|-damage|p1a: Type: Null|203/300 tox|[from] psn\n|upkeep\n|turn|9\n|\n|t:|1769493559\n|move|p1a: Type: Null|Return|p2a: Wormadam\n|-resisted|p2a: Wormadam\n|-damage|p2a: Wormadam|0 fnt\n|faint|p2a: Wormadam\n|\n|-damage|p1a: Type: Null|149/300 tox|[from] psn\n|upkeep\n|\n|t:|1769493564\n|switch|p2a: Plusle|Plusle, L95, F|268/268\n|turn|10\n|\n|t:|1769493579\n|move|p2a: Plusle|Substitute|p2a: Plusle\n|-start|p2a: Plusle|Substitute\n|-damage|p2a: Plusle|201/268\n|move|p1a: Type: Null|Rest|p1a: Type: Null\n|-status|p1a: Type: Null|slp|[from] move: Rest\n|-heal|p1a: Type: Null|300/300 slp|[silent]\n|\n|-heal|p2a: Plusle|217/268|[from] item: Leftovers\n|upkeep\n|turn|11\n|\n|t:|1769493581\n|move|p2a: Plusle|Nasty Plot|p2a: Plusle\n|-boost|p2a: Plusle|spa|2\n|cant|p1a: Type: Null|slp\n|move|p1a: Type: Null|Sleep Talk|p1a: Type: Null\n|move|p1a: Type: Null|Return|p2a: Plusle|[from] move: Sleep Talk\n|-end|p2a: Plusle|Substitute\n|\n|-heal|p2a: Plusle|233/268|[from] item: Leftovers\n|upkeep\n|turn|12\n|\n|t:|1769493588\n|move|p2a: Plusle|Thunderbolt|p1a: Type: Null\n|-damage|p1a: Type: Null|162/300 slp\n|cant|p1a: Type: Null|slp\n|move|p1a: Type: Null|Sleep Talk|p1a: Type: Null\n|move|p1a: Type: Null|Swords Dance|p1a: Type: Null|[from] move: Sleep Talk\n|-boost|p1a: Type: Null|atk|2\n|\n|-heal|p2a: Plusle|249/268|[from] item: Leftovers\n|upkeep\n|turn|13\n|\n|t:|1769493594\n|move|p2a: Plusle|Thunderbolt|p1a: Type: Null\n|-damage|p1a: Type: Null|15/300 slp\n|-curestatus|p1a: Type: Null|slp|[msg]\n|move|p1a: Type: Null|Return|p2a: Plusle\n|-damage|p2a: Plusle|0 fnt\n|faint|p2a: Plusle\n|\n|upkeep\n|\n|t:|1769493597\n|switch|p2a: Hydreigon|Hydreigon, L82, F|285/285\n|turn|14\n|\n|t:|1769493604\n|move|p2a: Hydreigon|Dark Pulse|p1a: Type: Null\n|-damage|p1a: Type: Null|0 fnt\n|faint|p1a: Type: Null\n|\n|upkeep\n|\n|t:|1769493606\n|switch|p1a: Eelektross|Eelektross, L88, M|185/293 tox\n|-damage|p1a: Eelektross|149/293 tox|[from] Stealth Rock\n|turn|15\n|\n|t:|1769493610\n|switch|p2a: Emboar|Emboar, L85, F|239/326 par\n|move|p1a: Eelektross|Superpower|p2a: Emboar\n|-damage|p2a: Emboar|113/326 par\n|-unboost|p1a: Eelektross|atk|1\n|-unboost|p1a: Eelektross|def|1\n|\n|-damage|p1a: Eelektross|131/293 tox|[from] psn\n|upkeep\n|turn|16\n|\n|t:|1769493617\n|move|p1a: Eelektross|Discharge|p2a: Emboar\n|-damage|p2a: Emboar|32/326 par\n|move|p2a: Emboar|Flare Blitz|p1a: Eelektross\n|-damage|p1a: Eelektross|0 fnt\n|faint|p1a: Eelektross\n|-damage|p2a: Emboar|0 fnt|[from] Recoil\n|faint|p2a: Emboar\n|\n|upkeep\n|\n|t:|1769493624\n|switch|p2a: Hydreigon|Hydreigon, L82, F|285/285\n|switch|p1a: Meloetta|Meloetta, L81|295/295\n|-damage|p1a: Meloetta|259/295|[from] Stealth Rock\n|turn|17\n|\n|t:|1769493629\n|move|p2a: Hydreigon|Dark Pulse|p1a: Meloetta\n|-supereffective|p1a: Meloetta\n|-damage|p1a: Meloetta|101/295\n|cant|p1a: Meloetta|flinch\n|\n|upkeep\n|turn|18\n|\n|t:|1769493633\n|move|p2a: Hydreigon|Dark Pulse|p1a: Meloetta\n|-supereffective|p1a: Meloetta\n|-crit|p1a: Meloetta\n|-damage|p1a: Meloetta|0 fnt\n|faint|p1a: Meloetta\n|\n|upkeep\n|\n|t:|1769493640\n|switch|p1a: Aegislash|Aegislash, L77, F|219/219\n|-damage|p1a: Aegislash|206/219|[from] Stealth Rock\n|turn|19\n|\n|t:|1769493644\n|move|p2a: Hydreigon|Dark Pulse|p1a: Aegislash\n|-supereffective|p1a: Aegislash\n|-damage|p1a: Aegislash|68/219\n|cant|p1a: Aegislash|flinch\n|\n|-heal|p1a: Aegislash|81/219|[from] item: Leftovers\n|upkeep\n|turn|20\n|\n|t:|1769493649\n|move|p1a: Aegislash|King's Shield|p1a: Aegislash\n|-singleturn|p1a: Aegislash|Protect\n|move|p2a: Hydreigon|Dark Pulse|p1a: Aegislash\n|-activate|p1a: Aegislash|move: Protect\n|\n|-heal|p1a: Aegislash|94/219|[from] item: Leftovers\n|upkeep\n|turn|21\n|\n|t:|1769493652\n|move|p2a: Hydreigon|Dark Pulse|p1a: Aegislash\n|-supereffective|p1a: Aegislash\n|-crit|p1a: Aegislash\n|-damage|p1a: Aegislash|0 fnt\n|faint|p1a: Aegislash\n|\n|upkeep\n|\n|t:|1769493654\n|switch|p1a: Kartana|Kartana, L74|209/209\n|-damage|p1a: Kartana|196/209|[from] Stealth Rock\n|turn|22\n|\n|t:|1769493659\n|move|p2a: Hydreigon|Dark Pulse|p1a: Kartana\n|-damage|p1a: Kartana|0 fnt\n|faint|p1a: Kartana\n|\n|upkeep\n|\n|t:|1769493662\n|switch|p1a: Yanmega|Yanmega, L82, M|275/275\n|-damage|p1a: Yanmega|138/275|[from] Stealth Rock\n|turn|23\n|\n|t:|1769493664\n|move|p2a: Hydreigon|Dark Pulse|p1a: Yanmega\n|-damage|p1a: Yanmega|3/275\n|cant|p1a: Yanmega|flinch\n|\n|upkeep\n|turn|24\n|\n|t:|1769493669\n|move|p2a: Hydreigon|Dark Pulse|p1a: Yanmega\n|-damage|p1a: Yanmega|0 fnt\n|faint|p1a: Yanmega\n|\n|win|CryCh!c\n|raw|TheMurphy's rating: 1555 &rarr; <strong>1541</strong><br />(-14 for losing)\n|raw|CryCh!c's rating: 1671 &rarr; <strong>1685</strong><br />(+14 for winning)\n|c|☆TheMurphy|BRUH\n|c|☆TheMurphy|]\n|c|☆CryCh!c|sry\n|c|☆TheMurphy|you are good\n|c|☆TheMurphy|that was just wild!\n|c|☆CryCh!c|true\n|c|☆CryCh!c|mb\n|c|☆TheMurphy|BRRUUUUUUH\n|c|☆TheMurphy|gg\n|c|☆TheMurphy|thats just funny really\n|c|☆TheMurphy|but you earned it\n|c|☆CryCh!c|gg\n|l|☆CryCh!c\n|player|p2|\n|c|☆TheMurphy|:)\n", "inputlog": ">version b99ff0165a6231f17e8b78c2a78d1998375de664\n>start {\"formatid\":\"gen7randombattle\",\"seed\":\"sodium,6c3c7d4e3ff4e2a393b9dd4fbc4dd826\",\"rated\":\"Rated battle\"}\n>player p1 {\"name\":\"TheMurphy\",\"avatar\":\"265\",\"rating\":1555,\"seed\":\"sodium,877d5749049510e0a981c718b883cebc\"}\n>player p2 {\"name\":\"CryCh!c\",\"avatar\":\"marley-masters\",\"rating\":1671,\"seed\":\"sodium,77fbaf209b509708fb7daad5faee704b\"}\n>p1 switch 3\n>p2 move toxic\n>p1 move flamethrower\n>p2 move protect\n>p1 move discharge\n>p2 switch 5\n>p1 switch 3\n>p2 move superpower\n>p1 move return\n>p2 switch 5\n>p1 move swordsdance\n>p2 move stealthrock\n>p1 move swordsdance\n>p2 move toxic\n>p1 move return\n>p2 move flashcannon\n>p1 move return\n>p2 move flashcannon\n>p2 switch 3\n>p1 move rest\n>p2 move substitute\n>p1 move sleeptalk\n>p2 move nastyplot\n>p1 move sleeptalk\n>p2 move thunderbolt\n>p1 move return\n>p2 move thunderbolt\n>p2 switch 4\n>p1 move swordsdance\n>p2 move darkpulse\n>p1 switch 3\n>p1 move superpower\n>p2 switch 5\n>p1 move discharge\n>p2 move flareblitz\n>p1 switch 2\n>p2 switch 5\n>p1 move focusblast\n>p2 move darkpulse\n>p1 move hypervoice\n>p2 move darkpulse\n>p1 switch 6\n>p1 move toxic\n>p2 move darkpulse\n>p1 move kingsshield\n>p2 move darkpulse\n>p1 move toxic\n>p2 move darkpulse\n>p1 switch 4\n>p1 move sacredsword\n>p2 move darkpulse\n>p1 switch 5\n>p1 move bugbuzz\n>p2 move darkpulse\n>p1 move bugbuzz\n>p2 move darkpulse", "uploadtime": 1769493717, "views": 174, "formatid": "gen7randombattle", "rating": 1541, "private": 0, "password": null}