{"id": "gen7randombattle-2528352096", "format": "[Gen 7] Random Battle", "players": ["memegteezy2012", "yeet no u"], "log": "|j|☆memegteezy2012\n|j|☆yeet no u\n|t:|1769645333\n|gametype|singles\n|player|p1|memegteezy2012|169|1538\n|player|p2|yeet no u|anabel-gen7|1506\n|gen|7\n|tier|[Gen 7] Random Battle\n|rated|\n|rule|Sleep Clause Mod: Limit one foe put to sleep\n|rule|HP Percentage Mod: HP is shown in percentages\n|rule|Illusion Level Mod: Illusion disguises the Pokémon's true level\n|\n|t:|1769645333\n|teamsize|p1|6\n|teamsize|p2|6\n|start\n|switch|p1a: Vaporeon|Vaporeon, L86, M|364/364\n|switch|p2a: Vivillon|Vivillon-Sun, L85, M|275/275\n|turn|1\n|inactive|Battle timer is ON: inactive players will automatically lose when time's up. (requested by memegteezy2012)\n|inactive|yeet no u has 120 seconds left.\n|inactive|yeet no u has 90 seconds left.\n|\n|t:|1769645414\n|move|p2a: Vivillon|Sleep Powder|p1a: Vaporeon\n|-status|p1a: Vaporeon|slp|[from] move: Sleep Powder\n|cant|p1a: Vaporeon|slp\n|\n|upkeep\n|turn|2\n|inactive|memegteezy2012 has 120 seconds left.\n|inactive|memegteezy2012 has 90 seconds left.\n|inactive|memegteezy2012 has 60 seconds left.\n|inactive|memegteezy2012 has 30 seconds left.\n|\n|t:|1769645539\n|switch|p1a: Skuntank|Skuntank, L87, F|321/321\n|move|p2a: Vivillon|Quiver Dance|p2a: Vivillon\n|-boost|p2a: Vivillon|spa|1\n|-boost|p2a: Vivillon|spd|1\n|-boost|p2a: Vivillon|spe|1\n|\n|upkeep\n|turn|3\n|\n|t:|1769645558\n|move|p2a: Vivillon|Hurricane|p1a: Skuntank\n|-damage|p1a: Skuntank|113/321\n|move|p1a: Skuntank|Poison Jab|p2a: Vivillon\n|-damage|p2a: Vivillon|157/275\n|\n|-heal|p2a: Vivillon|174/275|[from] item: Leftovers\n|-heal|p1a: Skuntank|133/321|[from] item: Black Sludge\n|upkeep\n|turn|4\n|\n|t:|1769645570\n|move|p1a: Skuntank|Sucker Punch|p2a: Vivillon\n|-damage|p2a: Vivillon|60/275\n|move|p2a: Vivillon|Bug Buzz|p1a: Skuntank\n|-damage|p1a: Skuntank|0 fnt\n|faint|p1a: Skuntank\n|\n|-heal|p2a: Vivillon|77/275|[from] item: Leftovers\n|upkeep\n|inactive|memegteezy2012 has 30 seconds left.\n|\n|t:|1769645582\n|switch|p1a: Snorlax|Snorlax, L83, M|401/401\n|turn|5\n|\n|t:|1769645589\n|switch|p2a: Krookodile|Krookodile, L79, F|280/280\n|-ability|p2a: Krookodile|Intimidate|boost\n|-unboost|p1a: Snorlax|atk|1\n|move|p1a: Snorlax|Return|p2a: Krookodile\n|-damage|p2a: Krookodile|195/280\n|\n|upkeep\n|turn|6\n|\n|t:|1769645594\n|move|p2a: Krookodile|Knock Off|p1a: Snorlax\n|-damage|p1a: Snorlax|211/401\n|-enditem|p1a: Snorlax|Mago Berry|[from] move: Knock Off|[of] p2a: Krookodile\n|move|p1a: Snorlax|Curse|p1a: Snorlax\n|-unboost|p1a: Snorlax|spe|1\n|-boost|p1a: Snorlax|atk|1\n|-boost|p1a: Snorlax|def|1\n|\n|upkeep\n|turn|7\n|\n|t:|1769645614\n|switch|p2a: Slaking|Slaking, L84, M|389/389\n|move|p1a: Snorlax|Return|p2a: Slaking\n|-damage|p2a: Slaking|275/389\n|\n|upkeep\n|turn|8\n|inactive|memegteezy2012 has 60 seconds left.\n|\n|t:|1769645621\n|move|p2a: Slaking|Giga Impact|p1a: Snorlax\n|-damage|p1a: Snorlax|12/401\n|-mustrecharge|p2a: Slaking\n|move|p1a: Snorlax|Return|p2a: Slaking\n|-damage|p2a: Slaking|172/389\n|\n|upkeep\n|turn|9\n|\n|t:|1769645628\n|cant|p2a: Slaking|recharge\n|move|p1a: Snorlax|Return|p2a: Slaking\n|-damage|p2a: Slaking|66/389\n|\n|upkeep\n|turn|10\n|\n|t:|1769645631\n|move|p2a: Slaking|Giga Impact|p1a: Snorlax\n|-crit|p1a: Snorlax\n|-damage|p1a: Snorlax|0 fnt\n|-mustrecharge|p2a: Slaking\n|faint|p1a: Snorlax\n|\n|upkeep\n|\n|t:|1769645634\n|switch|p1a: Feraligatr|Feraligatr, L79, F|264/264\n|turn|11\n|c|☆memegteezy2012|gg btw\n|inactive|memegteezy2012 has 90 seconds left.\n|\n|t:|1769645640\n|cant|p2a: Slaking|recharge\n|move|p1a: Feraligatr|Dragon Dance|p1a: Feraligatr\n|-boost|p1a: Feraligatr|atk|1\n|-boost|p1a: Feraligatr|spe|1\n|\n|upkeep\n|turn|12\n|\n|t:|1769645643\n|move|p2a: Slaking|Giga Impact|p1a: Feraligatr\n|-damage|p1a: Feraligatr|30/264\n|-mustrecharge|p2a: Slaking\n|move|p1a: Feraligatr|Dragon Dance|p1a: Feraligatr\n|-boost|p1a: Feraligatr|atk|1\n|-boost|p1a: Feraligatr|spe|1\n|\n|upkeep\n|turn|13\n|\n|t:|1769645647\n|move|p1a: Feraligatr|Dragon Dance|p1a: Feraligatr\n|-boost|p1a: Feraligatr|atk|1\n|-boost|p1a: Feraligatr|spe|1\n|cant|p2a: Slaking|recharge\n|\n|upkeep\n|turn|14\n|\n|t:|1769645649\n|move|p1a: Feraligatr|Liquidation|p2a: Slaking\n|-damage|p2a: Slaking|0 fnt\n|faint|p2a: Slaking\n|\n|upkeep\n|\n|t:|1769645655\n|switch|p2a: Octillery|Octillery, L96, F|299/299\n|turn|15\n|\n|t:|1769645659\n|move|p1a: Feraligatr|Earthquake|p2a: Octillery\n|-damage|p2a: Octillery|100/299\n|-damage|p1a: Feraligatr|4/264|[from] item: Life Orb\n|move|p2a: Octillery|Energy Ball|p1a: Feraligatr\n|-supereffective|p1a: Feraligatr\n|-damage|p1a: Feraligatr|0 fnt\n|faint|p1a: Feraligatr\n|\n|-heal|p2a: Octillery|118/299|[from] item: Leftovers\n|upkeep\n|\n|t:|1769645666\n|switch|p1a: Vaporeon|Vaporeon, L86, M|364/364 slp\n|turn|16\n|\n|t:|1769645669\n|cant|p1a: Vaporeon|slp\n|move|p2a: Octillery|Energy Ball|p1a: Vaporeon\n|-supereffective|p1a: Vaporeon\n|-damage|p1a: Vaporeon|192/364 slp\n|\n|-heal|p1a: Vaporeon|214/364 slp|[from] item: Leftovers\n|-heal|p2a: Octillery|136/299|[from] item: Leftovers\n|upkeep\n|turn|17\n|\n|t:|1769645677\n|cant|p1a: Vaporeon|slp\n|move|p2a: Octillery|Energy Ball|p1a: Vaporeon\n|-supereffective|p1a: Vaporeon\n|-damage|p1a: Vaporeon|50/364 slp\n|\n|-heal|p1a: Vaporeon|72/364 slp|[from] item: Leftovers\n|-heal|p2a: Octillery|154/299|[from] item: Leftovers\n|upkeep\n|turn|18\n|\n|t:|1769645681\n|-curestatus|p1a: Vaporeon|slp|[msg]\n|move|p1a: Vaporeon|Protect|p1a: Vaporeon\n|-singleturn|p1a: Vaporeon|Protect\n|move|p2a: Octillery|Energy Ball|p1a: Vaporeon\n|-activate|p1a: Vaporeon|move: Protect\n|\n|-heal|p1a: Vaporeon|94/364|[from] item: Leftovers\n|-heal|p2a: Octillery|172/299|[from] item: Leftovers\n|upkeep\n|turn|19\n|\n|t:|1769645686\n|move|p1a: Vaporeon|Wish|p1a: Vaporeon\n|move|p2a: Octillery|Energy Ball|p1a: Vaporeon\n|-supereffective|p1a: Vaporeon\n|-damage|p1a: Vaporeon|0 fnt\n|faint|p1a: Vaporeon\n|\n|-heal|p2a: Octillery|190/299|[from] item: Leftovers\n|upkeep\n|\n|t:|1769645689\n|switch|p1a: Pinsir|Pinsir, L74, F|217/217\n|turn|20\n|\n|t:|1769645693\n|move|p1a: Pinsir|Swords Dance|p1a: Pinsir\n|-boost|p1a: Pinsir|atk|2\n|move|p2a: Octillery|Thunder Wave|p1a: Pinsir\n|-status|p1a: Pinsir|par\n|\n|-heal|p2a: Octillery|208/299|[from] item: Leftovers\n|upkeep\n|turn|21\n|\n|t:|1769645701\n|move|p2a: Octillery|Scald|p1a: Pinsir\n|-damage|p1a: Pinsir|60/217 par\n|move|p1a: Pinsir|Return|p2a: Octillery\n|-damage|p2a: Octillery|67/299\n|\n|-heal|p2a: Octillery|85/299|[from] item: Leftovers\n|upkeep\n|turn|22\n|\n|t:|1769645707\n|detailschange|p1a: Pinsir|Pinsir-Mega, L74, F\n|-mega|p1a: Pinsir|Pinsir|Pinsirite\n|move|p1a: Pinsir|Quick Attack|p2a: Octillery\n|-damage|p2a: Octillery|0 fnt\n|faint|p2a: Octillery\n|\n|upkeep\n|\n|t:|1769645714\n|switch|p2a: Luvdisc|Luvdisc, M|248/248\n|turn|23\n|\n|t:|1769645717\n|move|p1a: Pinsir|Quick Attack|p2a: Luvdisc\n|-damage|p2a: Luvdisc|101/248\n|move|p2a: Luvdisc|Ice Beam|p1a: Pinsir\n|-supereffective|p1a: Pinsir\n|-damage|p1a: Pinsir|0 fnt\n|faint|p1a: Pinsir\n|detailschange|p1: Pinsir|Pinsir, L74, F|[silent]\n|\n|-heal|p2a: Luvdisc|116/248|[from] item: Leftovers\n|upkeep\n|\n|t:|1769645721\n|switch|p1a: Marowak|Marowak, L88, M|249/249\n|turn|24\n|\n|t:|1769645724\n|move|p2a: Luvdisc|Toxic|p1a: Marowak\n|-status|p1a: Marowak|tox\n|move|p1a: Marowak|Earthquake|p2a: Luvdisc\n|-damage|p2a: Luvdisc|0 fnt\n|faint|p2a: Luvdisc\n|\n|-damage|p1a: Marowak|234/249 tox|[from] psn\n|upkeep\n|\n|t:|1769645729\n|switch|p2a: Krookodile|Krookodile, L79, F|195/280\n|-ability|p2a: Krookodile|Intimidate|boost\n|-unboost|p1a: Marowak|atk|1\n|turn|25\n|\n|t:|1769645741\n|move|p2a: Krookodile|Knock Off|p1a: Marowak\n|-damage|p1a: Marowak|105/249 tox\n|-enditem|p1a: Marowak|Thick Club|[from] move: Knock Off|[of] p2a: Krookodile\n|move|p1a: Marowak|Stealth Rock|p2a: Krookodile\n|-sidestart|p2: yeet no u|move: Stealth Rock\n|\n|-damage|p1a: Marowak|75/249 tox|[from] psn\n|upkeep\n|turn|26\n|-message|memegteezy2012 forfeited.\n|\n|win|yeet no u\n|raw|memegteezy2012's rating: 1538 &rarr; <strong>1516</strong><br />(-22 for losing)\n|raw|yeet no u's rating: 1506 &rarr; <strong>1528</strong><br />(+22 for winning)\n|l|☆memegteezy2012\n|player|p1|\n|c|☆yeet no u|!showteam\n|c| yeet no u|/raw <div class=\"infobox\"><details><summary>View team</summary>Vivillon (Vivillon-Sun) (M) @ Leftovers  <br />Ability: Compound Eyes  <br />Level: 85  <br />EVs: 85 HP &#x2f; 85 Def &#x2f; 85 SpA &#x2f; 85 SpD &#x2f; 85 Spe  <br />IVs: 0 Atk  <br />- Hurricane  <br />- Bug Buzz  <br />- Sleep Powder  <br />- Quiver Dance  <br /><br />Luvdisc (M) @ Leftovers  <br />Ability: Hydration  <br />EVs: 85 HP &#x2f; 85 Def &#x2f; 85 SpA &#x2f; 85 SpD &#x2f; 85 Spe  <br />IVs: 0 Atk  <br />- Ice Beam  <br />- Toxic  <br />- Scald  <br />- Protect  <br /><br />Krookodile (F) @ Choice Band  <br />Ability: Intimidate  <br />Level: 79  <br />EVs: 85 HP &#x2f; 85 Atk &#x2f; 85 Def &#x2f; 85 SpA &#x2f; 85 SpD &#x2f; 85 Spe  <br />- Stone Edge  <br />- Knock Off  <br />- Earthquake  <br />- Pursuit  <br /><br />Nihilego @ Air Balloon  <br />Ability: Beast Boost  <br />Level: 79  <br />EVs: 85 HP &#x2f; 85 Def &#x2f; 85 SpA &#x2f; 53 SpD &#x2f; 85 Spe  <br />IVs: 0 Atk  <br />- Thunderbolt  <br />- Power Gem  <br />- Sludge Wave  <br />- Toxic Spikes  <br /><br />Octillery (F) @ Leftovers  <br />Ability: Sniper  <br />Level: 96  <br />EVs: 85 HP &#x2f; 85 Atk &#x2f; 85 Def &#x2f; 85 SpA &#x2f; 85 SpD &#x2f; 85 Spe  <br />- Energy Ball  <br />- Gunk Shot  <br />- Scald  <br />- Thunder Wave  <br /><br />Slaking (M) @ Choice Scarf  <br />Ability: Truant  <br />Level: 84  <br />EVs: 85 HP &#x2f; 85 Atk &#x2f; 85 Def &#x2f; 85 SpA &#x2f; 85 SpD &#x2f; 85 Spe  <br />- Retaliate  <br />- Night Slash  <br />- Earthquake  <br />- Giga Impact  <br /><br /></details></div>\n", "inputlog": ">version b99ff0165a6231f17e8b78c2a78d1998375de664\n>start {\"formatid\":\"gen7randombattle\",\"seed\":\"sodium,9b2d721e769d5ca4629182ab51ddf380\",\"rated\":\"Rated battle\"}\n>player p1 {\"name\":\"memegteezy2012\",\"avatar\":\"169\",\"rating\":1538,\"seed\":\"sodium,fbff370bd8a5b825fb1166546479212a\"}\n>player p2 {\"name\":\"yeet no u\",\"avatar\":\"anabel-gen7\",\"rating\":1506,\"seed\":\"sodium,1bd2e9f48c93dafbb43e130aecb63fcd\"}\n>p1 move scald\n>p2 move sleeppowder\n>p1 switch 4\n>p2 move quiverdance\n>p1 move poisonjab\n>p2 move hurricane\n>p1 move suckerpunch\n>p2 move bugbuzz\n>p1 switch 2\n>p1 move return\n>p2 switch 3\n>p1 move curse\n>p2 move knockoff\n>p1 move return\n>p2 switch 6\n>p1 move return\n>p2 move gigaimpact\n>p1 move return\n>p2 move recharge\n>p1 move return\n>p2 move gigaimpact\n>p1 switch 3\n>chat ☆memegteezy2012|gg btw\n>p1 move dragondance\n>p2 move recharge\n>p1 move dragondance\n>p2 move gigaimpact\n>p1 move dragondance\n>p2 move recharge\n>p1 move liquidation\n>p2 move gigaimpact\n>p2 switch 5\n>p1 move earthquake\n>p2 move energyball\n>p1 switch 4\n>p1 move toxic\n>p2 move energyball\n>p1 move protect\n>p2 move energyball\n>p1 move protect\n>p2 move energyball\n>p1 move wish\n>p2 move energyball\n>p1 switch 6\n>p1 move swordsdance\n>p2 move thunderwave\n>p1 move return\n>p2 move scald\n>p1 move quickattack mega\n>p2 move scald\n>p2 switch 2\n>p1 move quickattack\n>p2 move icebeam\n>p1 switch 5\n>p1 move earthquake\n>p2 move toxic\n>p2 switch 6\n>p1 move stealthrock\n>p2 move knockoff\n>forcelose p1", "uploadtime": 1769645777, "views": 165, "formatid": "gen7randombattle", "rating": 1516, "private": 0, "password": null}