{"id": "gen7randombattle-2529376425", "format": "[Gen 7] Random Battle", "players": ["BigWes95", "MimikyuTrainerAsh"], "log": "|j|☆BigWes95\n|j|‽MimikyuTrainerAsh\n|t:|1769780742\n|gametype|singles\n|player|p1|BigWes95|#rbtt9hoopers2|1769\n|player|p2|MimikyuTrainerAsh|pokekid|1672\n|gen|7\n|tier|[Gen 7] Random Battle\n|rated|\n|rule|Sleep Clause Mod: Limit one foe put to sleep\n|rule|HP Percentage Mod: HP is shown in percentages\n|rule|Illusion Level Mod: Illusion disguises the Pokémon's true level\n|\n|t:|1769780742\n|teamsize|p1|6\n|teamsize|p2|6\n|start\n|switch|p1a: Medicham|Medicham, L78, M|221/221\n|switch|p2a: Torkoal|Torkoal, L84, M|255/255\n|-weather|SunnyDay|[from] ability: Drought|[of] p2a: Torkoal\n|turn|1\n|inactive|Battle timer is ON: inactive players will automatically lose when time's up. (requested by MimikyuTrainerAsh)\n|inactive|BigWes95 also wants the timer to be on.\n|\n|t:|1769780750\n|detailschange|p1a: Medicham|Medicham-Mega, L78, M\n|-mega|p1a: Medicham|Medicham|Medichamite\n|move|p1a: Medicham|Fake Out|p2a: Torkoal\n|-damage|p2a: Torkoal|218/255\n|cant|p2a: Torkoal|flinch\n|\n|-weather|SunnyDay|[upkeep]\n|-heal|p2a: Torkoal|233/255|[from] item: Leftovers\n|upkeep\n|turn|2\n|\n|t:|1769780754\n|move|p1a: Medicham|Zen Headbutt|p2a: Torkoal\n|-damage|p2a: Torkoal|128/255\n|cant|p2a: Torkoal|flinch\n|\n|-weather|SunnyDay|[upkeep]\n|-heal|p2a: Torkoal|143/255|[from] item: Leftovers\n|upkeep\n|turn|3\n|\n|t:|1769780758\n|move|p1a: Medicham|High Jump Kick|p2a: Torkoal\n|-damage|p2a: Torkoal|0 fnt\n|faint|p2a: Torkoal\n|\n|-weather|SunnyDay|[upkeep]\n|upkeep\n|\n|t:|1769780762\n|switch|p2a: Lugia|Lugia, L71|268/268\n|turn|4\n|\n|t:|1769780774\n|switch|p1a: Sandslash|Sandslash, L90, F|281/281\n|move|p2a: Lugia|Aeroblast|p1a: Sandslash\n|-damage|p1a: Sandslash|188/281\n|\n|-weather|SunnyDay|[upkeep]\n|-heal|p1a: Sandslash|205/281|[from] item: Leftovers\n|upkeep\n|turn|5\n|\n|t:|1769780790\n|switch|p2a: Zygarde|Zygarde, L73|278/278\n|move|p1a: Sandslash|Toxic|p2a: Zygarde\n|-status|p2a: Zygarde|tox\n|\n|-weather|none\n|-heal|p1a: Sandslash|222/281|[from] item: Leftovers\n|-damage|p2a: Zygarde|261/278 tox|[from] psn\n|upkeep\n|turn|6\n|\n|t:|1769780813\n|switch|p1a: Volbeat|Volbeat, L91, M|266/266\n|move|p2a: Zygarde|Coil|p2a: Zygarde\n|-boost|p2a: Zygarde|atk|1\n|-boost|p2a: Zygarde|def|1\n|-boost|p2a: Zygarde|accuracy|1\n|\n|-heal|p2a: Zygarde|278/278 tox|[from] item: Leftovers\n|-damage|p2a: Zygarde|244/278 tox|[from] psn\n|upkeep\n|turn|7\n|\n|t:|1769780820\n|move|p1a: Volbeat|U-turn|p2a: Zygarde\n|-damage|p2a: Zygarde|202/278 tox\n|\n|t:|1769780829\n|switch|p1a: Vaporeon|Vaporeon, L86, M|364/364|[from] U-turn\n|move|p2a: Zygarde|Rest|p2a: Zygarde\n|-status|p2a: Zygarde|slp|[from] move: Rest\n|-heal|p2a: Zygarde|278/278 slp|[silent]\n|\n|upkeep\n|turn|8\n|\n|t:|1769780838\n|switch|p2a: Miltank|Miltank, L85, F|300/300\n|move|p1a: Vaporeon|Scald|p2a: Miltank\n|-damage|p2a: Miltank|176/300\n|\n|-heal|p2a: Miltank|194/300|[from] item: Leftovers\n|upkeep\n|turn|9\n|\n|t:|1769780857\n|move|p2a: Miltank|Stealth Rock|p1a: Vaporeon\n|-sidestart|p1: BigWes95|move: Stealth Rock\n|move|p1a: Vaporeon|Scald|p2a: Miltank\n|-damage|p2a: Miltank|77/300\n|\n|-heal|p2a: Miltank|95/300|[from] item: Leftovers\n|upkeep\n|turn|10\n|\n|t:|1769780867\n|move|p2a: Miltank|Milk Drink|p2a: Miltank\n|-heal|p2a: Miltank|245/300\n|move|p1a: Vaporeon|Scald|p2a: Miltank\n|-damage|p2a: Miltank|130/300\n|\n|-heal|p2a: Miltank|148/300|[from] item: Leftovers\n|upkeep\n|turn|11\n|\n|t:|1769780874\n|move|p2a: Miltank|Body Slam|p1a: Vaporeon\n|-damage|p1a: Vaporeon|252/364\n|move|p1a: Vaporeon|Scald|p2a: Miltank\n|-damage|p2a: Miltank|36/300\n|\n|-heal|p2a: Miltank|54/300|[from] item: Leftovers\n|-heal|p1a: Vaporeon|274/364|[from] item: Leftovers\n|upkeep\n|turn|12\n|\n|t:|1769780879\n|move|p2a: Miltank|Body Slam|p1a: Vaporeon\n|-damage|p1a: Vaporeon|177/364\n|-status|p1a: Vaporeon|par\n|move|p1a: Vaporeon|Scald|p2a: Miltank\n|-damage|p2a: Miltank|0 fnt\n|faint|p2a: Miltank\n|\n|-heal|p1a: Vaporeon|199/364 par|[from] item: Leftovers\n|upkeep\n|\n|t:|1769780890\n|switch|p2a: Samurott|Samurott, L88, M|310/310\n|turn|13\n|\n|t:|1769780894\n|move|p2a: Samurott|Megahorn|p1a: Vaporeon\n|-damage|p1a: Vaporeon|82/364 par\n|cant|p1a: Vaporeon|par\n|\n|-heal|p1a: Vaporeon|104/364 par|[from] item: Leftovers\n|upkeep\n|turn|14\n|\n|t:|1769780899\n|move|p1a: Vaporeon|Protect|p1a: Vaporeon\n|-singleturn|p1a: Vaporeon|Protect\n|move|p2a: Samurott|Megahorn|p1a: Vaporeon\n|-activate|p1a: Vaporeon|move: Protect\n|\n|-heal|p1a: Vaporeon|126/364 par|[from] item: Leftovers\n|upkeep\n|turn|15\n|\n|t:|1769780901\n|move|p2a: Samurott|Megahorn|p1a: Vaporeon\n|-damage|p1a: Vaporeon|11/364 par\n|cant|p1a: Vaporeon|par\n|\n|-heal|p1a: Vaporeon|33/364 par|[from] item: Leftovers\n|upkeep\n|turn|16\n|\n|t:|1769780905\n|move|p1a: Vaporeon|Protect|p1a: Vaporeon\n|-singleturn|p1a: Vaporeon|Protect\n|move|p2a: Samurott|Megahorn|p1a: Vaporeon\n|-activate|p1a: Vaporeon|move: Protect\n|\n|-heal|p1a: Vaporeon|55/364 par|[from] item: Leftovers\n|upkeep\n|turn|17\n|\n|t:|1769780907\n|move|p2a: Samurott|Megahorn|p1a: Vaporeon\n|-damage|p1a: Vaporeon|0 fnt\n|faint|p1a: Vaporeon\n|\n|upkeep\n|\n|t:|1769780914\n|switch|p1a: Medicham|Medicham-Mega, L78, M|221/221\n|-damage|p1a: Medicham|208/221|[from] Stealth Rock\n|turn|18\n|\n|t:|1769780918\n|move|p1a: Medicham|Fake Out|p2a: Samurott\n|-damage|p2a: Samurott|264/310\n|cant|p2a: Samurott|flinch\n|\n|upkeep\n|turn|19\n|\n|t:|1769780940\n|move|p1a: Medicham|Zen Headbutt|p2a: Samurott\n|-damage|p2a: Samurott|122/310\n|move|p2a: Samurott|Scald|p1a: Medicham\n|-damage|p1a: Medicham|90/221\n|-status|p1a: Medicham|brn\n|\n|-damage|p1a: Medicham|77/221 brn|[from] brn\n|upkeep\n|turn|20\n|\n|t:|1769780953\n|switch|p2a: Lugia|Lugia, L71|268/268\n|move|p1a: Medicham|High Jump Kick|p2a: Lugia\n|-resisted|p2a: Lugia\n|-damage|p2a: Lugia|255/268\n|\n|-heal|p2a: Lugia|268/268|[from] item: Leftovers\n|-damage|p1a: Medicham|64/221 brn|[from] brn\n|upkeep\n|turn|21\n|\n|t:|1769780959\n|move|p1a: Medicham|Thunder Punch|p2a: Lugia\n|-supereffective|p2a: Lugia\n|-damage|p2a: Lugia|227/268\n|move|p2a: Lugia|Aeroblast|p1a: Medicham\n|-supereffective|p1a: Medicham\n|-damage|p1a: Medicham|0 fnt\n|faint|p1a: Medicham\n|detailschange|p1: Medicham|Medicham, L78, M|[silent]\n|\n|-heal|p2a: Lugia|243/268|[from] item: Leftovers\n|upkeep\n|\n|t:|1769780969\n|switch|p1a: Sandslash|Sandslash, L90, F|222/281\n|-damage|p1a: Sandslash|205/281|[from] Stealth Rock\n|turn|22\n|\n|t:|1769780973\n|switch|p2a: Furfrou|Furfrou-Star, L86, F|269/269\n|move|p1a: Sandslash|Rapid Spin|p2a: Furfrou\n|-damage|p2a: Furfrou|257/269\n|-sideend|p1: BigWes95|Stealth Rock|[from] move: Rapid Spin|[of] p1a: Sandslash\n|\n|-heal|p1a: Sandslash|222/281|[from] item: Leftovers\n|upkeep\n|turn|23\n|\n|t:|1769780988\n|move|p2a: Furfrou|Return|p1a: Sandslash\n|-damage|p1a: Sandslash|147/281\n|move|p1a: Sandslash|Knock Off|p2a: Furfrou\n|-damage|p2a: Furfrou|207/269\n|-enditem|p2a: Furfrou|Chesto Berry|[from] move: Knock Off|[of] p1a: Sandslash\n|\n|-heal|p1a: Sandslash|164/281|[from] item: Leftovers\n|upkeep\n|turn|24\n|\n|t:|1769780991\n|move|p2a: Furfrou|Return|p1a: Sandslash\n|-damage|p1a: Sandslash|83/281\n|move|p1a: Sandslash|Toxic|p2a: Furfrou\n|-status|p2a: Furfrou|tox\n|\n|-heal|p1a: Sandslash|100/281|[from] item: Leftovers\n|-damage|p2a: Furfrou|191/269 tox|[from] psn\n|upkeep\n|turn|25\n|\n|t:|1769780995\n|move|p2a: Furfrou|Return|p1a: Sandslash\n|-damage|p1a: Sandslash|19/281\n|move|p1a: Sandslash|Earthquake|p2a: Furfrou\n|-damage|p2a: Furfrou|106/269 tox\n|\n|-heal|p1a: Sandslash|36/281|[from] item: Leftovers\n|-damage|p2a: Furfrou|74/269 tox|[from] psn\n|upkeep\n|turn|26\n|\n|t:|1769780998\n|move|p2a: Furfrou|U-turn|p1a: Sandslash\n|-damage|p1a: Sandslash|0 fnt\n|faint|p1a: Sandslash\n|\n|t:|1769781002\n|switch|p2a: Samurott|Samurott, L88, M|122/310|[from] U-turn\n|\n|upkeep\n|\n|t:|1769781009\n|switch|p1a: Volcanion|Volcanion, L81|262/262\n|turn|27\n|\n|t:|1769781015\n|switch|p2a: Lugia|Lugia, L71|243/268\n|move|p1a: Volcanion|Steam Eruption|p2a: Lugia\n|-damage|p2a: Lugia|135/268\n|\n|-heal|p2a: Lugia|151/268|[from] item: Leftovers\n|upkeep\n|turn|28\n|\n|t:|1769781022\n|move|p2a: Lugia|Toxic|p1a: Volcanion\n|-status|p1a: Volcanion|tox\n|move|p1a: Volcanion|Toxic|p2a: Lugia\n|-status|p2a: Lugia|tox\n|\n|-heal|p2a: Lugia|167/268 tox|[from] item: Leftovers\n|-damage|p2a: Lugia|151/268 tox|[from] psn\n|-damage|p1a: Volcanion|246/262 tox|[from] psn\n|upkeep\n|turn|29\n|\n|t:|1769781036\n|switch|p2a: Samurott|Samurott, L88, M|122/310\n|switch|p1a: Volbeat|Volbeat, L91, M|266/266\n|\n|upkeep\n|turn|30\n|\n|t:|1769781043\n|move|p1a: Volbeat|Thunder Wave|p2a: Samurott\n|-status|p2a: Samurott|par\n|move|p2a: Samurott|Scald|p1a: Volbeat\n|-damage|p1a: Volbeat|166/266\n|\n|-heal|p1a: Volbeat|182/266|[from] item: Leftovers\n|upkeep\n|turn|31\n|\n|t:|1769781048\n|move|p1a: Volbeat|Encore|p2a: Samurott\n|-start|p2a: Samurott|Encore\n|move|p2a: Samurott|Scald|p1a: Volbeat\n|-damage|p1a: Volbeat|89/266\n|\n|-heal|p1a: Volbeat|105/266|[from] item: Leftovers\n|upkeep\n|turn|32\n|\n|t:|1769781051\n|switch|p2a: Furfrou|Furfrou-Star, L86, F|74/269 tox\n|move|p1a: Volbeat|U-turn|p2a: Furfrou\n|-damage|p2a: Furfrou|31/269 tox\n|\n|t:|1769781056\n|switch|p1a: Cradily|Cradily, L89, F|298/298|[from] U-turn\n|\n|-damage|p2a: Furfrou|15/269 tox|[from] psn\n|upkeep\n|turn|33\n|\n|t:|1769781060\n|switch|p1a: Volcanion|Volcanion, L81|246/262 tox\n|move|p2a: Furfrou|Rest|p2a: Furfrou\n|-status|p2a: Furfrou|slp|[from] move: Rest\n|-heal|p2a: Furfrou|269/269 slp|[silent]\n|\n|-heal|p1a: Volcanion|262/262 tox|[from] item: Leftovers\n|-damage|p1a: Volcanion|246/262 tox|[from] psn\n|upkeep\n|turn|34\n|\n|t:|1769781070\n|switch|p2a: Samurott|Samurott, L88, M|122/310 par\n|move|p1a: Volcanion|Steam Eruption|p2a: Samurott\n|-resisted|p2a: Samurott\n|-damage|p2a: Samurott|74/310 par\n|\n|-heal|p1a: Volcanion|262/262 tox|[from] item: Leftovers\n|-damage|p1a: Volcanion|230/262 tox|[from] psn\n|upkeep\n|turn|35\n|\n|t:|1769781073\n|move|p1a: Volcanion|Earth Power|p2a: Samurott\n|-crit|p2a: Samurott\n|-damage|p2a: Samurott|0 fnt\n|faint|p2a: Samurott\n|\n|-heal|p1a: Volcanion|246/262 tox|[from] item: Leftovers\n|-damage|p1a: Volcanion|198/262 tox|[from] psn\n|upkeep\n|\n|t:|1769781076\n|switch|p2a: Furfrou|Furfrou-Star, L86, F|269/269 slp\n|turn|36\n|\n|t:|1769781079\n|cant|p2a: Furfrou|slp\n|move|p1a: Volcanion|Steam Eruption|p2a: Furfrou\n|-damage|p2a: Furfrou|142/269 slp\n|\n|-heal|p1a: Volcanion|214/262 tox|[from] item: Leftovers\n|-damage|p1a: Volcanion|150/262 tox|[from] psn\n|upkeep\n|turn|37\n|\n|t:|1769781087\n|cant|p2a: Furfrou|slp\n|move|p1a: Volcanion|Steam Eruption|p2a: Furfrou\n|-damage|p2a: Furfrou|1/269 slp\n|\n|-heal|p1a: Volcanion|166/262 tox|[from] item: Leftovers\n|-damage|p1a: Volcanion|86/262 tox|[from] psn\n|upkeep\n|turn|38\n|\n|t:|1769781102\n|switch|p1a: Cradily|Cradily, L89, F|298/298\n|-curestatus|p2a: Furfrou|slp|[msg]\n|move|p2a: Furfrou|Rest|p2a: Furfrou\n|-status|p2a: Furfrou|slp|[from] move: Rest\n|-heal|p2a: Furfrou|269/269 slp|[silent]\n|\n|upkeep\n|turn|39\n|\n|t:|1769781105\n|cant|p2a: Furfrou|slp\n|move|p1a: Cradily|Giga Drain|p2a: Furfrou\n|-damage|p2a: Furfrou|199/269 slp\n|\n|upkeep\n|turn|40\n|\n|t:|1769781107\n|cant|p2a: Furfrou|slp\n|move|p1a: Cradily|Giga Drain|p2a: Furfrou\n|-damage|p2a: Furfrou|127/269 slp\n|\n|upkeep\n|turn|41\n|\n|t:|1769781112\n|switch|p1a: Volbeat|Volbeat, L91, M|105/266\n|-curestatus|p2a: Furfrou|slp|[msg]\n|move|p2a: Furfrou|Thunder Wave|p1a: Volbeat\n|-status|p1a: Volbeat|par\n|\n|-heal|p1a: Volbeat|121/266 par|[from] item: Leftovers\n|upkeep\n|turn|42\n|\n|t:|1769781116\n|move|p1a: Volbeat|Encore|p2a: Furfrou\n|-start|p2a: Furfrou|Encore\n|move|p2a: Furfrou|Thunder Wave|p1a: Volbeat\n|-fail|p1a: Volbeat|par\n|\n|-heal|p1a: Volbeat|137/266 par|[from] item: Leftovers\n|upkeep\n|turn|43\n|\n|t:|1769781133\n|switch|p2a: Lugia|Lugia, L71|151/268 tox\n|cant|p1a: Volbeat|par\n|\n|-heal|p2a: Lugia|167/268 tox|[from] item: Leftovers\n|-heal|p1a: Volbeat|153/266 par|[from] item: Leftovers\n|-damage|p2a: Lugia|151/268 tox|[from] psn\n|upkeep\n|turn|44\n|\n|t:|1769781140\n|switch|p1a: Cradily|Cradily, L89, F|298/298\n|move|p2a: Lugia|Aeroblast|p1a: Cradily\n|-damage|p1a: Cradily|235/298\n|\n|-heal|p2a: Lugia|167/268 tox|[from] item: Leftovers\n|-heal|p1a: Cradily|253/298|[from] item: Leftovers\n|-damage|p2a: Lugia|135/268 tox|[from] psn\n|upkeep\n|turn|45\n|\n|t:|1769781150\n|move|p2a: Lugia|Roost|p2a: Lugia\n|-heal|p2a: Lugia|268/268 tox\n|-singleturn|p2a: Lugia|move: Roost\n|move|p1a: Cradily|Stone Edge|p2a: Lugia|[miss]\n|-miss|p1a: Cradily|p2a: Lugia\n|\n|-heal|p1a: Cradily|271/298|[from] item: Leftovers\n|-damage|p2a: Lugia|220/268 tox|[from] psn\n|upkeep\n|turn|46\n|\n|t:|1769781154\n|move|p2a: Lugia|Toxic|p1a: Cradily\n|-status|p1a: Cradily|tox\n|move|p1a: Cradily|Stone Edge|p2a: Lugia\n|-supereffective|p2a: Lugia\n|-damage|p2a: Lugia|26/268 tox\n|\n|-heal|p2a: Lugia|42/268 tox|[from] item: Leftovers\n|-heal|p1a: Cradily|289/298 tox|[from] item: Leftovers\n|-damage|p2a: Lugia|0 fnt|[from] psn\n|faint|p2a: Lugia\n|-damage|p1a: Cradily|271/298 tox|[from] psn\n|upkeep\n|\n|t:|1769781157\n|switch|p2a: Furfrou|Furfrou-Star, L86, F|127/269\n|turn|47\n|\n|t:|1769781162\n|switch|p1a: Volbeat|Volbeat, L91, M|153/266 par\n|move|p2a: Furfrou|Rest|p2a: Furfrou\n|-status|p2a: Furfrou|slp|[from] move: Rest\n|-heal|p2a: Furfrou|269/269 slp|[silent]\n|\n|-heal|p1a: Volbeat|169/266 par|[from] item: Leftovers\n|upkeep\n|turn|48\n|\n|t:|1769781164\n|cant|p2a: Furfrou|slp\n|move|p1a: Volbeat|U-turn|p2a: Furfrou\n|-damage|p2a: Furfrou|218/269 slp\n|\n|t:|1769781168\n|switch|p1a: Cradily|Cradily, L89, F|271/298 tox|[from] U-turn\n|\n|-heal|p1a: Cradily|289/298 tox|[from] item: Leftovers\n|-damage|p1a: Cradily|271/298 tox|[from] psn\n|upkeep\n|turn|49\n|\n|t:|1769781171\n|cant|p2a: Furfrou|slp\n|move|p1a: Cradily|Giga Drain|p2a: Furfrou\n|-damage|p2a: Furfrou|148/269 slp\n|-heal|p1a: Cradily|298/298 tox|[from] drain|[of] p2a: Furfrou\n|\n|-damage|p1a: Cradily|262/298 tox|[from] psn\n|upkeep\n|turn|50\n|\n|t:|1769781185\n|switch|p1a: Volbeat|Volbeat, L91, M|169/266 par\n|-curestatus|p2a: Furfrou|slp|[msg]\n|move|p2a: Furfrou|Rest|p2a: Furfrou\n|-status|p2a: Furfrou|slp|[from] move: Rest\n|-heal|p2a: Furfrou|269/269 slp|[silent]\n|\n|-heal|p1a: Volbeat|185/266 par|[from] item: Leftovers\n|upkeep\n|turn|51\n|\n|t:|1769781189\n|cant|p2a: Furfrou|slp\n|cant|p1a: Volbeat|par\n|\n|-heal|p1a: Volbeat|201/266 par|[from] item: Leftovers\n|upkeep\n|turn|52\n|\n|t:|1769781195\n|move|p1a: Volbeat|Roost|p1a: Volbeat\n|-heal|p1a: Volbeat|266/266 par\n|-singleturn|p1a: Volbeat|move: Roost\n|cant|p2a: Furfrou|slp\n|\n|upkeep\n|turn|53\n|\n|t:|1769781199\n|-curestatus|p2a: Furfrou|slp|[msg]\n|move|p2a: Furfrou|Return|p1a: Volbeat\n|-damage|p1a: Volbeat|158/266 par\n|move|p1a: Volbeat|U-turn|p2a: Furfrou\n|-damage|p2a: Furfrou|226/269\n|\n|t:|1769781202\n|switch|p1a: Cradily|Cradily, L89, F|262/298 tox|[from] U-turn\n|\n|-heal|p1a: Cradily|280/298 tox|[from] item: Leftovers\n|-damage|p1a: Cradily|262/298 tox|[from] psn\n|upkeep\n|turn|54\n|\n|t:|1769781207\n|move|p2a: Furfrou|Return|p1a: Cradily\n|-resisted|p1a: Cradily\n|-damage|p1a: Cradily|222/298 tox\n|move|p1a: Cradily|Giga Drain|p2a: Furfrou\n|-damage|p2a: Furfrou|151/269\n|-heal|p1a: Cradily|260/298 tox|[from] drain|[of] p2a: Furfrou\n|\n|-heal|p1a: Cradily|278/298 tox|[from] item: Leftovers\n|-damage|p1a: Cradily|242/298 tox|[from] psn\n|upkeep\n|turn|55\n|\n|t:|1769781217\n|move|p2a: Furfrou|Return|p1a: Cradily\n|-resisted|p1a: Cradily\n|-damage|p1a: Cradily|200/298 tox\n|move|p1a: Cradily|Giga Drain|p2a: Furfrou\n|-damage|p2a: Furfrou|73/269\n|-heal|p1a: Cradily|239/298 tox|[from] drain|[of] p2a: Furfrou\n|\n|-heal|p1a: Cradily|257/298 tox|[from] item: Leftovers\n|-damage|p1a: Cradily|203/298 tox|[from] psn\n|upkeep\n|turn|56\n|\n|t:|1769781222\n|switch|p1a: Volbeat|Volbeat, L91, M|158/266 par\n|move|p2a: Furfrou|Rest|p2a: Furfrou\n|-status|p2a: Furfrou|slp|[from] move: Rest\n|-heal|p2a: Furfrou|269/269 slp|[silent]\n|\n|-heal|p1a: Volbeat|174/266 par|[from] item: Leftovers\n|upkeep\n|turn|57\n|\n|t:|1769781226\n|cant|p2a: Furfrou|slp\n|move|p1a: Volbeat|U-turn|p2a: Furfrou\n|-damage|p2a: Furfrou|224/269 slp\n|\n|t:|1769781230\n|switch|p1a: Cradily|Cradily, L89, F|203/298 tox|[from] U-turn\n|\n|-heal|p1a: Cradily|221/298 tox|[from] item: Leftovers\n|-damage|p1a: Cradily|203/298 tox|[from] psn\n|upkeep\n|turn|58\n|\n|t:|1769781232\n|cant|p2a: Furfrou|slp\n|move|p1a: Cradily|Recover|p1a: Cradily\n|-heal|p1a: Cradily|298/298 tox\n|\n|-damage|p1a: Cradily|262/298 tox|[from] psn\n|upkeep\n|turn|59\n|\n|t:|1769781244\n|switch|p1a: Volbeat|Volbeat, L91, M|174/266 par\n|-curestatus|p2a: Furfrou|slp|[msg]\n|move|p2a: Furfrou|Return|p1a: Volbeat\n|-damage|p1a: Volbeat|75/266 par\n|\n|-heal|p1a: Volbeat|91/266 par|[from] item: Leftovers\n|upkeep\n|turn|60\n|\n|t:|1769781250\n|move|p1a: Volbeat|Roost|p1a: Volbeat\n|-heal|p1a: Volbeat|224/266 par\n|-singleturn|p1a: Volbeat|move: Roost\n|move|p2a: Furfrou|Return|p1a: Volbeat\n|-damage|p1a: Volbeat|125/266 par\n|\n|-heal|p1a: Volbeat|141/266 par|[from] item: Leftovers\n|upkeep\n|turn|61\n|\n|t:|1769781253\n|cant|p1a: Volbeat|par\n|move|p2a: Furfrou|Return|p1a: Volbeat\n|-damage|p1a: Volbeat|42/266 par\n|\n|-heal|p1a: Volbeat|58/266 par|[from] item: Leftovers\n|upkeep\n|turn|62\n|\n|t:|1769781256\n|cant|p1a: Volbeat|par\n|move|p2a: Furfrou|Return|p1a: Volbeat\n|-damage|p1a: Volbeat|0 fnt\n|faint|p1a: Volbeat\n|\n|upkeep\n|\n|t:|1769781260\n|switch|p1a: Cradily|Cradily, L89, F|262/298 tox\n|turn|63\n|\n|t:|1769781264\n|move|p2a: Furfrou|Return|p1a: Cradily\n|-resisted|p1a: Cradily\n|-damage|p1a: Cradily|219/298 tox\n|move|p1a: Cradily|Giga Drain|p2a: Furfrou\n|-damage|p2a: Furfrou|154/269\n|-heal|p1a: Cradily|254/298 tox|[from] drain|[of] p2a: Furfrou\n|\n|-heal|p1a: Cradily|272/298 tox|[from] item: Leftovers\n|-damage|p1a: Cradily|254/298 tox|[from] psn\n|upkeep\n|turn|64\n|\n|t:|1769781282\n|move|p2a: Furfrou|Return|p1a: Cradily\n|-resisted|p1a: Cradily\n|-damage|p1a: Cradily|210/298 tox\n|move|p1a: Cradily|Giga Drain|p2a: Furfrou\n|-damage|p2a: Furfrou|82/269\n|-heal|p1a: Cradily|246/298 tox|[from] drain|[of] p2a: Furfrou\n|\n|-heal|p1a: Cradily|264/298 tox|[from] item: Leftovers\n|-damage|p1a: Cradily|228/298 tox|[from] psn\n|upkeep\n|turn|65\n|\n|t:|1769781289\n|switch|p1a: Volcanion|Volcanion, L81|86/262 tox\n|move|p2a: Furfrou|Rest|p2a: Furfrou\n|-status|p2a: Furfrou|slp|[from] move: Rest\n|-heal|p2a: Furfrou|269/269 slp|[silent]\n|\n|-heal|p1a: Volcanion|102/262 tox|[from] item: Leftovers\n|-damage|p1a: Volcanion|86/262 tox|[from] psn\n|upkeep\n|turn|66\n|\n|t:|1769781298\n|cant|p2a: Furfrou|slp\n|move|p1a: Volcanion|Steam Eruption|p2a: Furfrou\n|-damage|p2a: Furfrou|125/269 slp\n|\n|-heal|p1a: Volcanion|102/262 tox|[from] item: Leftovers\n|-damage|p1a: Volcanion|70/262 tox|[from] psn\n|upkeep\n|turn|67\n|\n|t:|1769781305\n|switch|p2a: Zygarde|Zygarde, L73|278/278 slp\n|move|p1a: Volcanion|Steam Eruption|p2a: Zygarde\n|-damage|p2a: Zygarde|140/278 slp\n|\n|-heal|p2a: Zygarde|157/278 slp|[from] item: Leftovers\n|-heal|p1a: Volcanion|86/262 tox|[from] item: Leftovers\n|-damage|p1a: Volcanion|38/262 tox|[from] psn\n|upkeep\n|turn|68\n|\n|t:|1769781309\n|cant|p2a: Zygarde|slp\n|move|p2a: Zygarde|Sleep Talk|p2a: Zygarde\n|move|p2a: Zygarde|Thousand Arrows|p1a: Volcanion|[from] move: Sleep Talk\n|-supereffective|p1a: Volcanion\n|-damage|p1a: Volcanion|0 fnt\n|faint|p1a: Volcanion\n|\n|-heal|p2a: Zygarde|174/278 slp|[from] item: Leftovers\n|upkeep\n|\n|t:|1769781311\n|switch|p1a: Cradily|Cradily, L89, F|228/298 tox\n|turn|69\n|\n|t:|1769781314\n|cant|p2a: Zygarde|slp\n|move|p2a: Zygarde|Sleep Talk|p2a: Zygarde\n|move|p2a: Zygarde|Rest||[from] move: Sleep Talk|[still]\n|-fail|p2a: Zygarde\n|move|p1a: Cradily|Giga Drain|p2a: Zygarde\n|-damage|p2a: Zygarde|90/278 slp\n|-heal|p1a: Cradily|270/298 tox|[from] drain|[of] p2a: Zygarde\n|\n|-heal|p2a: Zygarde|107/278 slp|[from] item: Leftovers\n|-heal|p1a: Cradily|288/298 tox|[from] item: Leftovers\n|-damage|p1a: Cradily|270/298 tox|[from] psn\n|-activate|p2a: Zygarde|ability: Power Construct\n|detailschange|p2a: Zygarde|Zygarde-Complete, L73\n|-heal|p2a: Zygarde|265/436 slp|[silent]\n|upkeep\n|turn|70\n|-message|BigWes95 forfeited.\n|\n|win|MimikyuTrainerAsh\n|raw|BigWes95's rating: 1758 &rarr; <strong>1733</strong><br />(-25 for losing)\n|raw|MimikyuTrainerAsh's rating: 1672 &rarr; <strong>1697</strong><br />(+25 for winning)\n", "inputlog": ">version b99ff0165a6231f17e8b78c2a78d1998375de664\n>start {\"formatid\":\"gen7randombattle\",\"seed\":\"sodium,b9b4feb2f8a06f1233625b4a926842ff\",\"rated\":\"Rated battle\"}\n>player p1 {\"name\":\"BigWes95\",\"avatar\":\"#rbtt9hoopers2\",\"rating\":1769,\"seed\":\"sodium,cbdc70cce51215927bb8c1c34197133e\"}\n>player p2 {\"name\":\"MimikyuTrainerAsh\",\"avatar\":\"pokekid\",\"rating\":1672,\"seed\":\"sodium,fb0f98cf526227e1a205d063e308c897\"}\n>p1 move fakeout mega\n>p2 move lavaplume\n>p1 move zenheadbutt\n>p2 move lavaplume\n>p1 move highjumpkick\n>p2 move lavaplume\n>p2 switch 4\n>p1 switch 2\n>p2 move aeroblast\n>p1 move toxic\n>p2 switch 2\n>p1 switch 3\n>p2 move coil\n>p1 move uturn\n>p2 move rest\n>p1 switch 6\n>p1 move scald\n>p2 switch 6\n>p1 move scald\n>p2 move stealthrock\n>p1 move scald\n>p2 move milkdrink\n>p1 move scald\n>p2 move bodyslam\n>p1 move scald\n>p2 move bodyslam\n>p2 switch 5\n>p1 move wish\n>p2 move megahorn\n>p1 move protect\n>p2 move megahorn\n>p1 move wish\n>p2 move megahorn\n>p1 move protect\n>p2 move megahorn\n>p1 move wish\n>p2 move megahorn\n>p1 switch 2\n>p1 move fakeout\n>p2 move scald\n>p1 move zenheadbutt\n>p2 move scald\n>p1 move highjumpkick\n>p2 switch 2\n>p1 move thunderpunch\n>p2 move aeroblast\n>p1 switch 3\n>p1 move rapidspin\n>p2 switch 3\n>p1 move knockoff\n>p2 move return\n>p1 move toxic\n>p2 move return\n>p1 move earthquake\n>p2 move return\n>p1 move earthquake\n>p2 move uturn\n>p2 switch 2\n>p1 switch 4\n>p1 move steameruption\n>p2 switch 3\n>p1 move toxic\n>p2 move toxic\n>p1 switch 6\n>p2 switch 3\n>p1 move thunderwave\n>p2 move scald\n>p1 move encore\n>p2 move icebeam\n>p1 move uturn\n>p2 switch 2\n>p1 switch 5\n>p1 switch 6\n>p2 move rest\n>p1 move steameruption\n>p2 switch 2\n>p1 move earthpower\n>p2 move megahorn\n>p2 switch 2\n>p1 move steameruption\n>p2 move return\n>p1 move steameruption\n>p2 move return\n>p1 switch 6\n>p2 move rest\n>p1 move gigadrain\n>p2 move uturn\n>p1 move gigadrain\n>p2 move uturn\n>p1 switch 5\n>p2 move thunderwave\n>p1 move encore\n>p2 move return\n>p1 move uturn\n>p2 switch 3\n>p1 switch 5\n>p2 move aeroblast\n>p1 move stoneedge\n>p2 move roost\n>p1 move stoneedge\n>p2 move toxic\n>p2 switch 3\n>p1 switch 5\n>p2 move rest\n>p1 move uturn\n>p2 move return\n>p1 switch 5\n>p1 move gigadrain\n>p2 move uturn\n>p1 switch 5\n>p2 move rest\n>p1 move uturn\n>p2 move return\n>p1 move roost\n>p2 move return\n>p1 move uturn\n>p2 move return\n>p1 switch 5\n>p1 move gigadrain\n>p2 move return\n>p1 move gigadrain\n>p2 move return\n>p1 switch 5\n>p2 move rest\n>p1 move uturn\n>p2 move return\n>p1 switch 5\n>p1 move recover\n>p2 move return\n>p1 switch 5\n>p2 move return\n>p1 move roost\n>p2 move return\n>p1 move thunderwave\n>p2 move return\n>p1 move roost\n>p2 move return\n>p1 switch 5\n>p1 move gigadrain\n>p2 move return\n>p1 move gigadrain\n>p2 move return\n>p1 switch 6\n>p2 move rest\n>p1 move steameruption\n>p2 move return\n>p1 move steameruption\n>p2 switch 6\n>p1 move steameruption\n>p2 move sleeptalk\n>p1 switch 6\n>p1 move gigadrain\n>p2 move sleeptalk\n>forcelose p1", "uploadtime": 1769781325, "views": 170, "formatid": "gen7randombattle", "rating": 1697, "private": 0, "password": null}