{"id": "gen7randombattle-2533700668", "format": "[Gen 7] Random Battle", "players": ["plop in my pants", "bmint"], "log": "|j|☆plop in my pants\n|j|☆bmint\n|t:|1770330500\n|gametype|singles\n|player|p1|plop in my pants|teamrocket|1789\n|player|p2|bmint|170|1615\n|gen|7\n|tier|[Gen 7] Random Battle\n|rated|\n|rule|Sleep Clause Mod: Limit one foe put to sleep\n|rule|HP Percentage Mod: HP is shown in percentages\n|rule|Illusion Level Mod: Illusion disguises the Pokémon's true level\n|\n|t:|1770330500\n|teamsize|p1|6\n|teamsize|p2|6\n|start\n|switch|p1a: Zeraora|Zeraora, L77|262/262\n|switch|p2a: Wormadam|Wormadam-Trash, L86, F|243/243\n|turn|1\n|inactive|Battle timer is ON: inactive players will automatically lose when time's up. (requested by bmint)\n|inactive|bmint has 120 seconds left.\n|\n|t:|1770330531\n|move|p1a: Zeraora|Taunt|p2a: Wormadam\n|-start|p2a: Wormadam|move: Taunt\n|cant|p2a: Wormadam|move: Taunt|Stealth Rock\n|\n|upkeep\n|turn|2\n|\n|t:|1770330538\n|switch|p2a: Dusknoir|Dusknoir, L89, M|225/225\n|-item|p1a: Zeraora|Life Orb|[from] ability: Frisk|[of] p2a: Dusknoir\n|move|p1a: Zeraora|Plasma Fists|p2a: Dusknoir\n|-damage|p2a: Dusknoir|135/225\n|-fieldactivate|move: Ion Deluge\n|-hint|Normal-type moves become Electric-type after using Plasma Fists.\n|-damage|p1a: Zeraora|236/262|[from] item: Life Orb\n|\n|-heal|p2a: Dusknoir|149/225|[from] item: Leftovers\n|upkeep\n|turn|3\n|\n|t:|1770330552\n|switch|p1a: Gumshoos|Gumshoos, L94, F|318/318\n|move|p2a: Dusknoir|Protect||[still]\n|-fail|p2a: Dusknoir\n|\n|-heal|p2a: Dusknoir|163/225|[from] item: Leftovers\n|upkeep\n|turn|4\n|\n|t:|1770330561\n|move|p2a: Dusknoir|Protect|p2a: Dusknoir\n|-singleturn|p2a: Dusknoir|Protect\n|move|p1a: Gumshoos|Crunch|p2a: Dusknoir\n|-activate|p2a: Dusknoir|move: Protect\n|\n|-heal|p2a: Dusknoir|177/225|[from] item: Leftovers\n|upkeep\n|turn|5\n|\n|t:|1770330570\n|switch|p2a: Wormadam|Wormadam-Trash, L86, F|243/243\n|move|p1a: Gumshoos|Crunch|p2a: Wormadam\n|-damage|p2a: Wormadam|48/243\n|\n|-heal|p2a: Wormadam|63/243|[from] item: Leftovers\n|upkeep\n|turn|6\n|\n|t:|1770330577\n|move|p2a: Wormadam|Protect|p2a: Wormadam\n|-singleturn|p2a: Wormadam|Protect\n|move|p1a: Gumshoos|Crunch|p2a: Wormadam\n|-activate|p2a: Wormadam|move: Protect\n|\n|-heal|p2a: Wormadam|78/243|[from] item: Leftovers\n|upkeep\n|turn|7\n|\n|t:|1770330584\n|move|p1a: Gumshoos|Crunch|p2a: Wormadam\n|-damage|p2a: Wormadam|0 fnt\n|faint|p2a: Wormadam\n|\n|upkeep\n|\n|t:|1770330591\n|switch|p2a: Leafeon|Leafeon, L88, M|258/258\n|turn|8\n|\n|t:|1770330595\n|switch|p1a: Amoonguss|Amoonguss, L83, F|325/325\n|move|p2a: Leafeon|Knock Off|p1a: Amoonguss\n|-damage|p1a: Amoonguss|219/325\n|-enditem|p1a: Amoonguss|Black Sludge|[from] move: Knock Off|[of] p2a: Leafeon\n|\n|upkeep\n|turn|9\n|\n|t:|1770330602\n|switch|p2a: Doublade|Doublade, L85, F|239/239\n|move|p1a: Amoonguss|Sludge Bomb|p2a: Doublade\n|-immune|p2a: Doublade\n|\n|upkeep\n|turn|10\n|\n|t:|1770330610\n|move|p2a: Doublade|Iron Head|p1a: Amoonguss\n|-damage|p1a: Amoonguss|108/325\n|move|p1a: Amoonguss|Spore|p2a: Doublade\n|-status|p2a: Doublade|slp|[from] move: Spore\n|\n|upkeep\n|turn|11\n|\n|t:|1770330620\n|switch|p2a: Tauros|Tauros, L84, M|263/263\n|switch|p1a: Gumshoos|Gumshoos, L94, F|318/318\n|\n|upkeep\n|turn|12\n|\n|t:|1770330630\n|move|p2a: Tauros|Body Slam|p1a: Gumshoos\n|-damage|p1a: Gumshoos|122/318\n|move|p1a: Gumshoos|Return|p2a: Tauros\n|-damage|p2a: Tauros|56/263\n|\n|upkeep\n|turn|13\n|inactive|bmint has 120 seconds left.\n|\n|t:|1770330664\n|move|p2a: Tauros|Body Slam|p1a: Gumshoos\n|-damage|p1a: Gumshoos|0 fnt\n|faint|p1a: Gumshoos\n|\n|upkeep\n|inactive|plop in my pants has 120 seconds left.\n|\n|t:|1770330692\n|switch|p1a: Amoonguss|Amoonguss, L83, F|216/325\n|turn|14\n|inactive|bmint has 120 seconds left.\n|inactive|bmint has 90 seconds left.\n|\n|t:|1770330740\n|move|p2a: Tauros|Fire Blast|p1a: Amoonguss\n|-supereffective|p1a: Amoonguss\n|-damage|p1a: Amoonguss|52/325\n|move|p1a: Amoonguss|Giga Drain|p2a: Tauros\n|-crit|p2a: Tauros\n|-damage|p2a: Tauros|0 fnt\n|-heal|p1a: Amoonguss|80/325|[from] drain|[of] p2a: Tauros\n|faint|p2a: Tauros\n|\n|upkeep\n|inactive|bmint has 90 seconds left.\n|\n|t:|1770330750\n|switch|p2a: Wailord|Wailord, L94, M|471/471\n|turn|15\n|\n|t:|1770330761\n|switch|p1a: Zeraora|Zeraora, L77|236/262\n|move|p2a: Wailord|Water Spout|p1a: Zeraora\n|-damage|p1a: Zeraora|29/262\n|\n|upkeep\n|turn|16\n|\n|t:|1770330771\n|switch|p1a: Altaria|Altaria, L79, F|248/248\n|switch|p2a: Doublade|Doublade, L85, F|239/239 slp\n|\n|upkeep\n|turn|17\n|\n|t:|1770330783\n|switch|p1a: Amoonguss|Amoonguss, L83, F|188/325\n|cant|p2a: Doublade|slp\n|\n|upkeep\n|turn|18\n|\n|t:|1770330789\n|switch|p2a: Leafeon|Leafeon, L88, M|258/258\n|move|p1a: Amoonguss|Stomping Tantrum|p2a: Leafeon\n|-resisted|p2a: Leafeon\n|-damage|p2a: Leafeon|243/258\n|\n|-heal|p2a: Leafeon|258/258|[from] item: Leftovers\n|upkeep\n|turn|19\n|\n|t:|1770330798\n|move|p2a: Leafeon|Swords Dance|p2a: Leafeon\n|-boost|p2a: Leafeon|atk|2\n|move|p1a: Amoonguss|Sludge Bomb|p2a: Leafeon\n|-supereffective|p2a: Leafeon\n|-damage|p2a: Leafeon|72/258\n|\n|-heal|p2a: Leafeon|88/258|[from] item: Leftovers\n|upkeep\n|turn|20\n|inactive|bmint has 120 seconds left.\n|\n|t:|1770330806\n|switch|p1a: Zeraora|Zeraora, L77|29/262\n|move|p2a: Leafeon|Knock Off|p1a: Zeraora\n|-damage|p1a: Zeraora|0 fnt\n|-enditem|p1a: Zeraora|Life Orb|[from] move: Knock Off|[of] p2a: Leafeon\n|faint|p1a: Zeraora\n|\n|-heal|p2a: Leafeon|104/258|[from] item: Leftovers\n|upkeep\n|\n|t:|1770330809\n|switch|p1a: Amoonguss|Amoonguss, L83, F|296/325\n|turn|21\n|\n|t:|1770330815\n|switch|p2a: Doublade|Doublade, L85, F|239/239 slp\n|move|p1a: Amoonguss|Sludge Bomb|p2a: Doublade\n|-immune|p2a: Doublade\n|\n|upkeep\n|turn|22\n|\n|t:|1770330821\n|-curestatus|p2a: Doublade|slp|[msg]\n|move|p2a: Doublade|Swords Dance|p2a: Doublade\n|-boost|p2a: Doublade|atk|2\n|move|p1a: Amoonguss|Stomping Tantrum|p2a: Doublade\n|-supereffective|p2a: Doublade\n|-damage|p2a: Doublade|159/239\n|\n|upkeep\n|turn|23\n|\n|t:|1770330829\n|move|p2a: Doublade|Iron Head|p1a: Amoonguss\n|-damage|p1a: Amoonguss|71/325\n|move|p1a: Amoonguss|Spore|p2a: Doublade\n|-status|p2a: Doublade|slp|[from] move: Spore\n|\n|upkeep\n|turn|24\n|\n|t:|1770330839\n|switch|p1a: Minun|Minun, L95, F|268/268\n|cant|p2a: Doublade|slp\n|\n|upkeep\n|turn|25\n|\n|t:|1770330844\n|switch|p2a: Dusknoir|Dusknoir, L89, M|177/225\n|-item|p1a: Minun|Leftovers|[from] ability: Frisk|[of] p2a: Dusknoir\n|move|p1a: Minun|Nasty Plot|p1a: Minun\n|-boost|p1a: Minun|spa|2\n|\n|-heal|p2a: Dusknoir|191/225|[from] item: Leftovers\n|upkeep\n|turn|26\n|\n|t:|1770330852\n|move|p1a: Minun|Thunderbolt|p2a: Dusknoir\n|-damage|p2a: Dusknoir|61/225\n|move|p2a: Dusknoir|Earthquake|p1a: Minun\n|-supereffective|p1a: Minun\n|-damage|p1a: Minun|62/268\n|\n|-heal|p1a: Minun|78/268|[from] item: Leftovers\n|-heal|p2a: Dusknoir|75/225|[from] item: Leftovers\n|upkeep\n|turn|27\n|\n|t:|1770330860\n|move|p2a: Dusknoir|Shadow Sneak|p1a: Minun\n|-damage|p1a: Minun|14/268\n|move|p1a: Minun|Thunderbolt|p2a: Dusknoir\n|-damage|p2a: Dusknoir|0 fnt\n|faint|p2a: Dusknoir\n|\n|-heal|p1a: Minun|30/268|[from] item: Leftovers\n|upkeep\n|\n|t:|1770330867\n|switch|p2a: Wailord|Wailord, L94, M|471/471\n|turn|28\n|\n|t:|1770330874\n|move|p2a: Wailord|Ice Beam|p1a: Minun\n|-damage|p1a: Minun|0 fnt\n|faint|p1a: Minun\n|\n|upkeep\n|\n|t:|1770330887\n|switch|p1a: Amoonguss|Amoonguss, L83, F|179/325\n|turn|29\n|\n|t:|1770330890\n|move|p2a: Wailord|Ice Beam|p1a: Amoonguss\n|-supereffective|p1a: Amoonguss\n|-crit|p1a: Amoonguss\n|-damage|p1a: Amoonguss|0 fnt\n|faint|p1a: Amoonguss\n|\n|upkeep\n|\n|t:|1770330893\n|switch|p1a: Altaria|Altaria, L79, F|248/248\n|turn|30\n|\n|t:|1770330898\n|detailschange|p1a: Altaria|Altaria-Mega, L79, F\n|-mega|p1a: Altaria|Altaria|Altarianite\n|move|p2a: Wailord|Ice Beam|p1a: Altaria\n|-supereffective|p1a: Altaria\n|-damage|p1a: Altaria|110/248\n|-status|p1a: Altaria|frz\n|cant|p1a: Altaria|frz\n|\n|upkeep\n|turn|31\n|c|☆plop in my pants|lol\n|-message|plop in my pants forfeited.\n|\n|win|bmint\n|raw|plop in my pants's rating: 1789 &rarr; <strong>1760</strong><br />(-29 for losing)\n|raw|bmint's rating: 1615 &rarr; <strong>1644</strong><br />(+29 for winning)\n|l|☆plop in my pants\n|player|p1|\n|l|☆bmint\n|player|p2|\n", "inputlog": ">version ccdc32dd7cde25fd9e4bed64820e885f66e78a4e\n>start {\"formatid\":\"gen7randombattle\",\"seed\":\"sodium,3634e097100bd661aa37881f8d24166b\",\"rated\":\"Rated battle\"}\n>player p1 {\"name\":\"plop in my pants\",\"avatar\":\"teamrocket\",\"rating\":1789,\"seed\":\"sodium,5fa264420db958156012f6ebf127460d\"}\n>player p2 {\"name\":\"bmint\",\"avatar\":\"170\",\"rating\":1615,\"seed\":\"sodium,5329c7f81cdf6bd7fdff00ed1ad27aa5\"}\n>p1 move taunt\n>p2 move stealthrock\n>p1 move plasmafists\n>p2 switch 5\n>p1 switch 2\n>p2 move protect\n>p1 move crunch\n>p2 move protect\n>p1 move crunch\n>p2 switch 5\n>p1 move crunch\n>p2 move protect\n>p1 move crunch\n>p2 move stealthrock\n>p2 switch 3\n>p1 switch 3\n>p2 move knockoff\n>p1 move sludgebomb\n>p2 switch 6\n>p1 move spore\n>p2 move ironhead\n>p1 switch 3\n>p2 switch 4\n>p1 move return\n>p2 move bodyslam\n>p1 move return\n>p2 move bodyslam\n>p1 switch 3\n>p1 move gigadrain\n>p2 move fireblast\n>p2 switch 2\n>p1 switch 2\n>p2 move waterspout\n>p1 switch 4\n>p2 switch 4\n>p1 switch 2\n>p2 move ironhead\n>p1 move stompingtantrum\n>p2 switch 6\n>p1 move sludgebomb\n>p2 move swordsdance\n>p1 switch 4\n>p2 move knockoff\n>p1 switch 4\n>p1 move sludgebomb\n>p2 switch 6\n>p1 move stompingtantrum\n>p2 move swordsdance\n>p1 move spore\n>p2 move ironhead\n>p1 switch 6\n>p2 move ironhead\n>p1 move nastyplot\n>p2 switch 5\n>p1 move thunderbolt\n>p2 move earthquake\n>p1 move thunderbolt\n>p2 move shadowsneak\n>p2 switch 4\n>p1 move thunderbolt\n>p2 move icebeam\n>p1 switch 6\n>p1 move gigadrain\n>p2 move icebeam\n>p1 switch 2\n>p1 move dragondance mega\n>p2 move icebeam\n>chat ☆plop in my pants|lol\n>forcelose p1", "uploadtime": 1770330925, "views": 181, "formatid": "gen7randombattle", "rating": 1644, "private": 0, "password": null}