{"id": "gen7randombattle-2532927565", "format": "[Gen 7] Random Battle", "players": ["NTsweeper007", "cuorenero"], "log": "|j|☆NTsweeper007\n|j|☆cuorenero\n|t:|1770237424\n|gametype|singles\n|player|p1|NTsweeper007|hilbert-wonderlauncher|1802\n|player|p2|cuorenero|dawn|1788\n|gen|7\n|tier|[Gen 7] Random Battle\n|rated|\n|rule|Sleep Clause Mod: Limit one foe put to sleep\n|rule|HP Percentage Mod: HP is shown in percentages\n|rule|Illusion Level Mod: Illusion disguises the Pokémon's true level\n|\n|t:|1770237424\n|teamsize|p1|6\n|teamsize|p2|6\n|start\n|switch|p1a: Machamp|Machamp, L84, F|288/288\n|switch|p2a: Gallade|Gallade, L77, M|231/231\n|turn|1\n|inactive|Battle timer is ON: inactive players will automatically lose when time's up. (requested by cuorenero)\n|\n|t:|1770237444\n|move|p2a: Gallade|Zen Headbutt|p1a: Machamp\n|-supereffective|p1a: Machamp\n|-damage|p1a: Machamp|106/288\n|move|p1a: Machamp|Dynamic Punch|p2a: Gallade\n|-resisted|p2a: Gallade\n|-damage|p2a: Gallade|141/231\n|-start|p2a: Gallade|confusion\n|\n|-heal|p1a: Machamp|124/288|[from] item: Leftovers\n|upkeep\n|turn|2\n|\n|t:|1770237449\n|detailschange|p2a: Gallade|Gallade-Mega, L77, M\n|-mega|p2a: Gallade|Gallade|Galladite\n|-activate|p2a: Gallade|confusion\n|-damage|p2a: Gallade|104/231|[from] confusion\n|move|p1a: Machamp|Knock Off|p2a: Gallade\n|-damage|p2a: Gallade|49/231\n|\n|-heal|p1a: Machamp|142/288|[from] item: Leftovers\n|upkeep\n|turn|3\n|\n|t:|1770237454\n|-end|p2a: Gallade|confusion\n|move|p2a: Gallade|Zen Headbutt|p1a: Machamp\n|-supereffective|p1a: Machamp\n|-damage|p1a: Machamp|0 fnt\n|faint|p1a: Machamp\n|\n|upkeep\n|\n|t:|1770237456\n|switch|p1a: Garchomp|Garchomp, L77, F|293/293\n|turn|4\n|\n|t:|1770237461\n|switch|p2a: Luvdisc|Luvdisc, M|248/248\n|move|p1a: Garchomp|Stealth Rock|p2a: Luvdisc\n|-sidestart|p2: cuorenero|move: Stealth Rock\n|\n|upkeep\n|turn|5\n|\n|t:|1770237470\n|detailschange|p1a: Garchomp|Garchomp-Mega, L77, F\n|-mega|p1a: Garchomp|Garchomp|Garchompite\n|move|p2a: Luvdisc|Toxic|p1a: Garchomp\n|-status|p1a: Garchomp|tox\n|move|p1a: Garchomp|Earthquake|p2a: Luvdisc\n|-damage|p2a: Luvdisc|91/248\n|\n|-heal|p2a: Luvdisc|106/248|[from] item: Leftovers\n|-damage|p1a: Garchomp|275/293 tox|[from] psn\n|upkeep\n|turn|6\n|\n|t:|1770237474\n|switch|p1a: Regice|Regice, L87|281/281\n|move|p2a: Luvdisc|Protect||[still]\n|-fail|p2a: Luvdisc\n|\n|-heal|p2a: Luvdisc|121/248|[from] item: Leftovers\n|upkeep\n|turn|7\n|\n|t:|1770237479\n|move|p2a: Luvdisc|Protect|p2a: Luvdisc\n|-singleturn|p2a: Luvdisc|Protect\n|move|p1a: Regice|Thunderbolt|p2a: Luvdisc\n|-activate|p2a: Luvdisc|move: Protect\n|\n|-heal|p2a: Luvdisc|136/248|[from] item: Leftovers\n|upkeep\n|turn|8\n|\n|t:|1770237484\n|move|p2a: Luvdisc|Toxic|p1a: Regice\n|-status|p1a: Regice|tox\n|move|p1a: Regice|Thunderbolt|p2a: Luvdisc\n|-supereffective|p2a: Luvdisc\n|-damage|p2a: Luvdisc|0 fnt\n|faint|p2a: Luvdisc\n|\n|-damage|p1a: Regice|264/281 tox|[from] psn\n|upkeep\n|\n|t:|1770237488\n|switch|p2a: Salazzle|Salazzle, L84, F|251/251\n|-damage|p2a: Salazzle|189/251|[from] Stealth Rock\n|turn|9\n|\n|t:|1770237495\n|switch|p1a: Luvdisc|Luvdisc, M|248/248\n|move|p2a: Salazzle|Nasty Plot|p2a: Salazzle\n|-boost|p2a: Salazzle|spa|2\n|\n|upkeep\n|turn|10\n|\n|t:|1770237500\n|move|p1a: Luvdisc|Scald|p2a: Salazzle\n|-supereffective|p2a: Salazzle\n|-damage|p2a: Salazzle|13/251\n|move|p2a: Salazzle|Hidden Power|p1a: Luvdisc\n|-supereffective|p1a: Luvdisc\n|-damage|p1a: Luvdisc|62/248\n|\n|-heal|p1a: Luvdisc|77/248|[from] item: Leftovers\n|upkeep\n|turn|11\n|\n|t:|1770237504\n|move|p1a: Luvdisc|Scald|p2a: Salazzle\n|-supereffective|p2a: Salazzle\n|-damage|p2a: Salazzle|0 fnt\n|faint|p2a: Salazzle\n|\n|-heal|p1a: Luvdisc|92/248|[from] item: Leftovers\n|upkeep\n|\n|t:|1770237508\n|switch|p2a: Slaking|Slaking, L84, F|238/238\n|-damage|p2a: Slaking|209/238|[from] Stealth Rock\n|turn|12\n|\n|t:|1770237514\n|move|p1a: Luvdisc|Protect|p1a: Luvdisc\n|-singleturn|p1a: Luvdisc|Protect\n|move|p2a: Slaking|Nasty Plot|p2a: Slaking\n|-boost|p2a: Slaking|spa|2\n|\n|-heal|p1a: Luvdisc|107/248|[from] item: Leftovers\n|upkeep\n|turn|13\n|\n|t:|1770237525\n|switch|p1a: Garchomp|Garchomp-Mega, L77, F|275/293 tox\n|move|p2a: Slaking|Dark Pulse|p1a: Garchomp\n|-damage|p1a: Garchomp|0 fnt\n|faint|p1a: Garchomp\n|detailschange|p1: Garchomp|Garchomp, L77, F|[silent]\n|-damage|p2a: Slaking|186/238|[from] item: Life Orb\n|\n|upkeep\n|\n|t:|1770237527\n|switch|p1a: Regice|Regice, L87|264/281 tox\n|turn|14\n|\n|t:|1770237529\n|move|p2a: Slaking|Focus Blast|p1a: Regice\n|-supereffective|p1a: Regice\n|-damage|p1a: Regice|0 fnt\n|faint|p1a: Regice\n|-damage|p2a: Slaking|163/238|[from] item: Life Orb\n|\n|upkeep\n|\n|t:|1770237532\n|switch|p1a: Crustle|Crustle, L82, M|249/249\n|turn|15\n|\n|t:|1770237534\n|move|p2a: Slaking|Dark Pulse|p1a: Crustle\n|-ability|p1a: Crustle|Sturdy\n|-damage|p1a: Crustle|1/249\n|-damage|p2a: Slaking|140/238|[from] item: Life Orb\n|move|p1a: Crustle|Shell Smash|p1a: Crustle\n|-unboost|p1a: Crustle|def|1\n|-unboost|p1a: Crustle|spd|1\n|-boost|p1a: Crustle|atk|2\n|-boost|p1a: Crustle|spa|2\n|-boost|p1a: Crustle|spe|2\n|-enditem|p1a: Crustle|White Herb\n|-clearnegativeboost|p1a: Crustle|[silent]\n|\n|upkeep\n|turn|16\n|\n|t:|1770237549\n|switch|p2a: Gallade|Gallade-Mega, L77, M|49/231\n|-damage|p2a: Gallade|35/231|[from] Stealth Rock\n|move|p1a: Crustle|Knock Off|p2a: Gallade\n|-damage|p2a: Gallade|0 fnt\n|faint|p2a: Gallade\n|detailschange|p2: Gallade|Gallade, L77, M|[silent]\n|\n|upkeep\n|\n|t:|1770237552\n|switch|p2a: Slaking|Slaking, L84, F|389/389\n|-damage|p2a: Slaking|341/389|[from] Stealth Rock\n|turn|17\n|\n|t:|1770237557\n|move|p1a: Crustle|Knock Off|p2a: Slaking\n|-damage|p2a: Slaking|211/389\n|-enditem|p2a: Slaking|Choice Band|[from] move: Knock Off|[of] p1a: Crustle\n|move|p2a: Slaking|Double-Edge|p1a: Crustle\n|-resisted|p1a: Crustle\n|-damage|p1a: Crustle|0 fnt\n|faint|p1a: Crustle\n|-damage|p2a: Slaking|210/389|[from] Recoil\n|\n|upkeep\n|\n|t:|1770237560\n|switch|p1a: Luvdisc|Luvdisc, M|107/248\n|turn|18\n|\n|t:|1770237565\n|switch|p2a: Wishiwashi|Wishiwashi, L89, M|225/225\n|-damage|p2a: Wishiwashi|197/225|[from] Stealth Rock\n|-formechange|p2a: Wishiwashi|Wishiwashi-School||[from] ability: Schooling\n|move|p1a: Luvdisc|Substitute|p1a: Luvdisc\n|-start|p1a: Luvdisc|Substitute\n|-damage|p1a: Luvdisc|45/248\n|\n|-heal|p1a: Luvdisc|60/248|[from] item: Leftovers\n|upkeep\n|turn|19\n|\n|t:|1770237569\n|move|p1a: Luvdisc|Toxic|p2a: Wishiwashi\n|-status|p2a: Wishiwashi|tox\n|move|p2a: Wishiwashi|Earthquake|p1a: Luvdisc\n|-end|p1a: Luvdisc|Substitute\n|\n|-heal|p1a: Luvdisc|75/248|[from] item: Leftovers\n|-damage|p2a: Wishiwashi|183/225 tox|[from] psn\n|upkeep\n|turn|20\n|\n|t:|1770237573\n|move|p1a: Luvdisc|Protect|p1a: Luvdisc\n|-singleturn|p1a: Luvdisc|Protect\n|move|p2a: Wishiwashi|Earthquake|p1a: Luvdisc\n|-activate|p1a: Luvdisc|move: Protect\n|\n|-heal|p1a: Luvdisc|90/248|[from] item: Leftovers\n|-damage|p2a: Wishiwashi|155/225 tox|[from] psn\n|upkeep\n|turn|21\n|\n|t:|1770237575\n|switch|p1a: Kingdra|Kingdra, L85, F|266/266\n|move|p2a: Wishiwashi|Earthquake|p1a: Kingdra\n|-damage|p1a: Kingdra|172/266\n|\n|-damage|p2a: Wishiwashi|113/225 tox|[from] psn\n|upkeep\n|turn|22\n|\n|t:|1770237578\n|move|p1a: Kingdra|Draco Meteor|p2a: Wishiwashi\n|-damage|p2a: Wishiwashi|23/225 tox\n|-unboost|p1a: Kingdra|spa|2\n|-damage|p1a: Kingdra|146/266|[from] item: Life Orb\n|move|p2a: Wishiwashi|U-turn|p1a: Kingdra\n|-damage|p1a: Kingdra|81/266\n|\n|t:|1770237583\n|switch|p2a: Slaking|Slaking, L84, F|140/238|[from] U-turn\n|-damage|p2a: Slaking|111/238|[from] Stealth Rock\n|\n|upkeep\n|turn|23\n|\n|t:|1770237587\n|move|p2a: Slaking|Dark Pulse|p1a: Kingdra\n|-damage|p1a: Kingdra|0 fnt\n|faint|p1a: Kingdra\n|-damage|p2a: Slaking|88/238|[from] item: Life Orb\n|\n|upkeep\n|\n|t:|1770237588\n|switch|p1a: Luvdisc|Luvdisc, M|90/248\n|turn|24\n|\n|t:|1770237591\n|move|p1a: Luvdisc|Protect|p1a: Luvdisc\n|-singleturn|p1a: Luvdisc|Protect\n|move|p2a: Slaking|Dark Pulse|p1a: Luvdisc\n|-activate|p1a: Luvdisc|move: Protect\n|\n|-heal|p1a: Luvdisc|105/248|[from] item: Leftovers\n|upkeep\n|turn|25\n|\n|t:|1770237594\n|move|p1a: Luvdisc|Substitute|p1a: Luvdisc\n|-start|p1a: Luvdisc|Substitute\n|-damage|p1a: Luvdisc|43/248\n|move|p2a: Slaking|Dark Pulse|p1a: Luvdisc\n|-end|p1a: Luvdisc|Substitute\n|-damage|p2a: Slaking|65/238|[from] item: Life Orb\n|\n|-heal|p1a: Luvdisc|58/248|[from] item: Leftovers\n|upkeep\n|turn|26\n|\n|t:|1770237597\n|move|p1a: Luvdisc|Protect|p1a: Luvdisc\n|-singleturn|p1a: Luvdisc|Protect\n|move|p2a: Slaking|Dark Pulse|p1a: Luvdisc\n|-activate|p1a: Luvdisc|move: Protect\n|\n|-heal|p1a: Luvdisc|73/248|[from] item: Leftovers\n|upkeep\n|turn|27\n|\n|t:|1770237604\n|move|p1a: Luvdisc|Substitute|p1a: Luvdisc\n|-start|p1a: Luvdisc|Substitute\n|-damage|p1a: Luvdisc|11/248\n|move|p2a: Slaking|Dark Pulse|p1a: Luvdisc\n|-end|p1a: Luvdisc|Substitute\n|-damage|p2a: Slaking|42/238|[from] item: Life Orb\n|\n|-heal|p1a: Luvdisc|26/248|[from] item: Leftovers\n|upkeep\n|turn|28\n|\n|t:|1770237606\n|move|p1a: Luvdisc|Scald|p2a: Slaking\n|-damage|p2a: Slaking|0 fnt\n|replace|p2a: Zoroark|Zoroark, L84, F\n|-end|p2a: Zoroark|Illusion\n|-hint|Illusion Level Mod is active, so this Pokémon's true level was hidden.\n|faint|p2a: Zoroark\n|\n|-heal|p1a: Luvdisc|41/248|[from] item: Leftovers\n|upkeep\n|\n|t:|1770237609\n|switch|p2a: Slaking|Slaking, L84, F|210/389\n|-damage|p2a: Slaking|162/389|[from] Stealth Rock\n|turn|29\n|\n|t:|1770237614\n|switch|p2a: Wishiwashi|Wishiwashi, L89, M|23/225 tox\n|-damage|p2a: Wishiwashi|0 fnt|[from] Stealth Rock\n|faint|p2a: Wishiwashi\n|move|p1a: Luvdisc|Protect||[still]\n|-fail|p1a: Luvdisc\n|\n|-heal|p1a: Luvdisc|56/248|[from] item: Leftovers\n|upkeep\n|\n|t:|1770237621\n|switch|p2a: Slaking|Slaking, L84, F|162/389\n|-damage|p2a: Slaking|114/389|[from] Stealth Rock\n|turn|30\n|\n|t:|1770237624\n|move|p1a: Luvdisc|Protect|p1a: Luvdisc\n|-singleturn|p1a: Luvdisc|Protect\n|move|p2a: Slaking|Double-Edge|p1a: Luvdisc\n|-activate|p1a: Luvdisc|move: Protect\n|\n|-heal|p1a: Luvdisc|71/248|[from] item: Leftovers\n|upkeep\n|turn|31\n|\n|t:|1770237626\n|move|p1a: Luvdisc|Scald|p2a: Slaking\n|-damage|p2a: Slaking|32/389\n|cant|p2a: Slaking|ability: Truant\n|\n|-heal|p1a: Luvdisc|86/248|[from] item: Leftovers\n|upkeep\n|turn|32\n|\n|t:|1770237629\n|move|p1a: Luvdisc|Scald|p2a: Slaking\n|-damage|p2a: Slaking|0 fnt\n|faint|p2a: Slaking\n|\n|win|NTsweeper007\n|raw|NTsweeper007's rating: 1802 &rarr; <strong>1821</strong><br />(+19 for winning)\n|raw|cuorenero's rating: 1788 &rarr; <strong>1769</strong><br />(-19 for losing)\n|c|☆NTsweeper007|cant believe i fell for that\n|l|☆cuorenero\n|player|p2|\n", "inputlog": ">version ccdc32dd7cde25fd9e4bed64820e885f66e78a4e\n>start {\"formatid\":\"gen7randombattle\",\"seed\":\"sodium,2a72c6aae63ef84e433cb43f4ad4957e\",\"rated\":\"Rated battle\"}\n>player p1 {\"name\":\"NTsweeper007\",\"avatar\":\"hilbert-wonderlauncher\",\"rating\":1802,\"seed\":\"sodium,561447db26e5ce7a4475c7b1a4a06d8f\"}\n>player p2 {\"name\":\"cuorenero\",\"avatar\":\"dawn\",\"rating\":1788,\"seed\":\"sodium,eb7913eadef4fdc261a76dcbc8e24303\"}\n>p1 move dynamicpunch\n>p2 move zenheadbutt\n>p1 move knockoff\n>p2 move zenheadbutt mega\n>p1 move knockoff\n>p2 move zenheadbutt\n>p1 switch 4\n>p1 move stealthrock\n>p2 switch 3\n>p1 move earthquake mega\n>p2 move toxic\n>p1 switch 6\n>p2 move protect\n>p1 move thunderbolt\n>p2 move protect\n>p1 move thunderbolt\n>p2 move toxic\n>p2 switch 5\n>p1 switch 2\n>p2 move nastyplot\n>p1 move scald\n>p2 move hiddenpower\n>p1 move scald\n>p2 move sludgewave\n>p2 switch 2\n>p1 move protect\n>p2 move nastyplot\n>p1 switch 6\n>p2 move darkpulse\n>p1 switch 2\n>p1 move icebeam\n>p2 move focusblast\n>p1 switch 3\n>p1 move shellsmash\n>p2 move darkpulse\n>p1 move knockoff\n>p2 switch 3\n>p2 switch 6\n>p1 move knockoff\n>p2 move doubleedge\n>p1 switch 6\n>p1 move substitute\n>p2 switch 4\n>p1 move toxic\n>p2 move earthquake\n>p1 move protect\n>p2 move earthquake\n>p1 switch 5\n>p2 move earthquake\n>p1 move dracometeor\n>p2 move uturn\n>p2 switch 3\n>p1 move waterfall\n>p2 move darkpulse\n>p1 switch 5\n>p1 move protect\n>p2 move darkpulse\n>p1 move substitute\n>p2 move darkpulse\n>p1 move protect\n>p2 move darkpulse\n>p1 move substitute\n>p2 move darkpulse\n>p1 move scald\n>p2 move darkpulse\n>p2 switch 4\n>p1 move protect\n>p2 switch 3\n>p2 switch 3\n>p1 move protect\n>p2 move doubleedge\n>p1 move scald\n>p2 move doubleedge\n>p1 move scald\n>p2 move doubleedge", "uploadtime": 1770237631, "views": 140, "formatid": "gen7randombattle", "rating": 1769, "private": 0, "password": null}