{"id": "gen7randombattle-2534893631", "format": "[Gen 7] Random Battle", "players": ["may/gen3", "well not"], "log": "|j|☆may/gen3\n|j|☆well not\n|t:|1770489692\n|gametype|singles\n|player|p1|may/gen3|may|1728\n|player|p2|well not|misty-gen2|1773\n|gen|7\n|tier|[Gen 7] Random Battle\n|rated|\n|rule|Sleep Clause Mod: Limit one foe put to sleep\n|rule|HP Percentage Mod: HP is shown in percentages\n|rule|Illusion Level Mod: Illusion disguises the Pokémon's true level\n|\n|t:|1770489692\n|teamsize|p1|6\n|teamsize|p2|6\n|start\n|switch|p1a: Raichu|Raichu-Alola, L86, F|243/243\n|switch|p2a: Ninetales|Ninetales, L84, M|260/260\n|-weather|SunnyDay|[from] ability: Drought|[of] p2a: Ninetales\n|turn|1\n|inactive|Battle timer is ON: inactive players will automatically lose when time's up. (requested by well not)\n|l|☆may/gen3\n|inactive|may/gen3 disconnected and has a minute to reconnect!\n|player|p1|\n|j|☆may/gen3\n|inactive|may/gen3 reconnected and has 130 seconds left.\n|player|p1|may/gen3|may|\n|\n|t:|1770489715\n|-zpower|p1a: Raichu\n|move|p1a: Raichu|Stoked Sparksurfer|p2a: Ninetales|[zeffect]\n|-damage|p2a: Ninetales|100/260\n|-status|p2a: Ninetales|par\n|cant|p2a: Ninetales|par\n|\n|-weather|SunnyDay|[upkeep]\n|upkeep\n|turn|2\n|\n|t:|1770489723\n|move|p1a: Raichu|Psyshock|p2a: Ninetales\n|-damage|p2a: Ninetales|0 fnt\n|faint|p2a: Ninetales\n|\n|-weather|SunnyDay|[upkeep]\n|upkeep\n|\n|t:|1770489731\n|switch|p2a: Dhelmise|Dhelmise, L91|275/275\n|turn|3\n|\n|t:|1770489743\n|switch|p1a: Kricketune|Kricketune, L97, M|306/306\n|move|p2a: Dhelmise|Knock Off|p1a: Kricketune\n|-damage|p1a: Kricketune|113/306\n|-enditem|p1a: Kricketune|Leftovers|[from] move: Knock Off|[of] p2a: Dhelmise\n|\n|-weather|SunnyDay|[upkeep]\n|upkeep\n|turn|4\n|\n|t:|1770489754\n|move|p1a: Kricketune|Sticky Web|p2a: Dhelmise\n|-sidestart|p2: well not|move: Sticky Web\n|move|p2a: Dhelmise|Knock Off|p1a: Kricketune\n|-damage|p1a: Kricketune|0 fnt\n|faint|p1a: Kricketune\n|\n|-weather|SunnyDay|[upkeep]\n|upkeep\n|\n|t:|1770489759\n|switch|p1a: Liepard|Liepard, L91, M|264/264\n|turn|5\n|\n|t:|1770489769\n|switch|p2a: Qwilfish|Qwilfish, L86, F|252/252\n|-activate|p2a: Qwilfish|move: Sticky Web\n|-unboost|p2a: Qwilfish|spe|1\n|-ability|p2a: Qwilfish|Intimidate|boost\n|-unboost|p1a: Liepard|atk|1\n|move|p1a: Liepard|Knock Off|p2a: Qwilfish\n|-damage|p2a: Qwilfish|161/252\n|-enditem|p2a: Qwilfish|Black Sludge|[from] move: Knock Off|[of] p1a: Liepard\n|-damage|p1a: Liepard|238/264|[from] item: Life Orb\n|\n|-weather|none\n|upkeep\n|turn|6\n|\n|t:|1770489785\n|switch|p1a: Amoonguss|Amoonguss, L83, M|325/325\n|move|p2a: Qwilfish|Poison Jab|p1a: Amoonguss\n|-damage|p1a: Amoonguss|216/325\n|\n|-heal|p1a: Amoonguss|236/325|[from] item: Black Sludge\n|upkeep\n|turn|7\n|\n|t:|1770489790\n|move|p2a: Qwilfish|Taunt|p1a: Amoonguss\n|-start|p1a: Amoonguss|move: Taunt\n|move|p1a: Amoonguss|Sludge Bomb|p2a: Qwilfish\n|-resisted|p2a: Qwilfish\n|-damage|p2a: Qwilfish|107/252\n|\n|-heal|p1a: Amoonguss|256/325|[from] item: Black Sludge\n|upkeep\n|turn|8\n|\n|t:|1770489802\n|switch|p2a: Tsareena|Tsareena, L87, F|267/267\n|-activate|p2a: Tsareena|move: Sticky Web\n|-unboost|p2a: Tsareena|spe|1\n|move|p1a: Amoonguss|Sludge Bomb|p2a: Tsareena\n|-supereffective|p2a: Tsareena\n|-damage|p2a: Tsareena|153/267\n|-status|p2a: Tsareena|psn\n|\n|-heal|p1a: Amoonguss|276/325|[from] item: Black Sludge\n|-damage|p2a: Tsareena|120/267 psn|[from] psn\n|upkeep\n|turn|9\n|\n|t:|1770489804\n|move|p2a: Tsareena|Rapid Spin|p1a: Amoonguss\n|-damage|p1a: Amoonguss|254/325\n|-sideend|p2: well not|Sticky Web|[from] move: Rapid Spin|[of] p2a: Tsareena\n|move|p1a: Amoonguss|Sludge Bomb|p2a: Tsareena\n|-supereffective|p2a: Tsareena\n|-damage|p2a: Tsareena|24/267 psn\n|\n|-heal|p1a: Amoonguss|274/325|[from] item: Black Sludge\n|-damage|p2a: Tsareena|0 fnt|[from] psn\n|faint|p2a: Tsareena\n|-end|p1a: Amoonguss|move: Taunt\n|upkeep\n|\n|t:|1770489812\n|switch|p2a: Dhelmise|Dhelmise, L91|275/275\n|turn|10\n|\n|t:|1770489820\n|move|p2a: Dhelmise|Earthquake|p1a: Amoonguss\n|-damage|p1a: Amoonguss|96/325\n|move|p1a: Amoonguss|Sludge Bomb|p2a: Dhelmise\n|-crit|p2a: Dhelmise\n|-damage|p2a: Dhelmise|157/275\n|\n|-heal|p1a: Amoonguss|116/325|[from] item: Black Sludge\n|upkeep\n|turn|11\n|\n|t:|1770489825\n|move|p2a: Dhelmise|Earthquake|p1a: Amoonguss\n|-damage|p1a: Amoonguss|0 fnt\n|faint|p1a: Amoonguss\n|\n|upkeep\n|\n|t:|1770489827\n|switch|p1a: Liepard|Liepard, L91, M|238/264\n|turn|12\n|\n|t:|1770489832\n|switch|p2a: Qwilfish|Qwilfish, L86, F|107/252\n|-ability|p2a: Qwilfish|Intimidate|boost\n|-unboost|p1a: Liepard|atk|1\n|move|p1a: Liepard|Knock Off|p2a: Qwilfish\n|-damage|p2a: Qwilfish|43/252\n|-damage|p1a: Liepard|212/264|[from] item: Life Orb\n|\n|upkeep\n|turn|13\n|\n|t:|1770489836\n|move|p1a: Liepard|Knock Off|p2a: Qwilfish\n|-damage|p2a: Qwilfish|0 fnt\n|faint|p2a: Qwilfish\n|-damage|p1a: Liepard|186/264|[from] item: Life Orb\n|\n|upkeep\n|\n|t:|1770489841\n|switch|p2a: Floette|Floette-Eternal, L83, F|259/259\n|turn|14\n|\n|t:|1770489856\n|switch|p1a: Corsola|Corsola, L96, F|280/280\n|move|p2a: Floette|Light of Ruin|p1a: Corsola\n|-damage|p1a: Corsola|136/280\n|-damage|p2a: Floette|187/259|[from] Recoil\n|\n|-heal|p1a: Corsola|153/280|[from] item: Leftovers\n|upkeep\n|turn|15\n|\n|t:|1770489862\n|move|p2a: Floette|Light of Ruin|p1a: Corsola\n|-damage|p1a: Corsola|0 fnt\n|faint|p1a: Corsola\n|-damage|p2a: Floette|110/259|[from] Recoil\n|\n|upkeep\n|\n|t:|1770489871\n|switch|p1a: Raichu|Raichu-Alola, L86, F|243/243\n|turn|16\n|\n|t:|1770489880\n|switch|p2a: Dhelmise|Dhelmise, L91|157/275\n|move|p1a: Raichu|Psyshock|p2a: Dhelmise\n|-damage|p2a: Dhelmise|78/275\n|\n|upkeep\n|turn|17\n|\n|t:|1770489884\n|move|p1a: Raichu|Psyshock|p2a: Dhelmise\n|-damage|p2a: Dhelmise|11/275\n|move|p2a: Dhelmise|Power Whip|p1a: Raichu|[miss]\n|-miss|p2a: Dhelmise|p1a: Raichu\n|\n|upkeep\n|turn|18\n|\n|t:|1770489888\n|move|p1a: Raichu|Thunderbolt|p2a: Dhelmise\n|-resisted|p2a: Dhelmise\n|-damage|p2a: Dhelmise|0 fnt\n|faint|p2a: Dhelmise\n|\n|upkeep\n|\n|t:|1770489893\n|switch|p2a: Kricketune|Kricketune, L97, M|306/306\n|turn|19\n|\n|t:|1770489906\n|switch|p1a: Liepard|Liepard, L91, M|186/264\n|move|p2a: Kricketune|Sticky Web|p1a: Liepard\n|-sidestart|p1: may/gen3|move: Sticky Web\n|\n|upkeep\n|turn|20\n|\n|t:|1770489911\n|move|p1a: Liepard|Thunder Wave|p2a: Kricketune\n|-status|p2a: Kricketune|par\n|cant|p2a: Kricketune|par\n|\n|upkeep\n|turn|21\n|\n|t:|1770489919\n|move|p1a: Liepard|Knock Off|p2a: Kricketune\n|-damage|p2a: Kricketune|123/306 par\n|-enditem|p2a: Kricketune|Leftovers|[from] move: Knock Off|[of] p1a: Liepard\n|-damage|p1a: Liepard|160/264|[from] item: Life Orb\n|move|p2a: Kricketune|Leech Life|p1a: Liepard\n|-supereffective|p1a: Liepard\n|-damage|p1a: Liepard|0 fnt\n|-heal|p2a: Kricketune|203/306 par|[from] drain|[of] p1a: Liepard\n|faint|p1a: Liepard\n|\n|upkeep\n|\n|t:|1770489928\n|switch|p1a: Jolteon|Jolteon, L81, F|238/238\n|-activate|p1a: Jolteon|move: Sticky Web\n|-unboost|p1a: Jolteon|spe|1\n|turn|22\n|\n|t:|1770489935\n|move|p1a: Jolteon|Thunderbolt|p2a: Kricketune\n|-damage|p2a: Kricketune|20/306 par\n|cant|p2a: Kricketune|par\n|\n|upkeep\n|turn|23\n|\n|t:|1770489938\n|move|p1a: Jolteon|Thunderbolt|p2a: Kricketune\n|-damage|p2a: Kricketune|0 fnt\n|faint|p2a: Kricketune\n|\n|upkeep\n|\n|t:|1770489940\n|switch|p2a: Floette|Floette-Eternal, L83, F|110/259\n|turn|24\n|\n|t:|1770489944\n|move|p2a: Floette|Light of Ruin|p1a: Jolteon\n|-damage|p1a: Jolteon|64/238\n|-damage|p2a: Floette|23/259|[from] Recoil\n|move|p1a: Jolteon|Thunderbolt|p2a: Floette\n|-damage|p2a: Floette|0 fnt\n|faint|p2a: Floette\n|\n|win|may/gen3\n|raw|may&#x2f;gen3's rating: 1728 &rarr; <strong>1751</strong><br />(+23 for winning)\n|raw|well not's rating: 1773 &rarr; <strong>1750</strong><br />(-23 for losing)\n|l|☆well not\n|player|p2|\n", "inputlog": ">version ccdc32dd7cde25fd9e4bed64820e885f66e78a4e\n>start {\"formatid\":\"gen7randombattle\",\"seed\":\"sodium,1a7cb01e9294863167626d585856853e\",\"rated\":\"Rated battle\"}\n>player p1 {\"name\":\"may/gen3\",\"avatar\":\"may\",\"rating\":1728,\"seed\":\"sodium,b1a0b74cf857e8a41b6fdda5dff363cf\"}\n>player p2 {\"name\":\"well not\",\"avatar\":\"misty-gen2\",\"rating\":1773,\"seed\":\"sodium,dec6402630dbe7f7aac8d7e5b22e43e7\"}\n>p1 move thunderbolt zmove\n>p2 move fireblast\n>p1 move psyshock\n>p2 move fireblast\n>p2 switch 2\n>p1 switch 2\n>p2 move knockoff\n>p1 move stickyweb\n>p2 move knockoff\n>p1 switch 3\n>p1 move knockoff\n>p2 switch 3\n>p1 switch 5\n>p2 move poisonjab\n>p1 move sludgebomb\n>p2 move taunt\n>p1 move sludgebomb\n>p2 switch 5\n>p1 move sludgebomb\n>p2 move rapidspin\n>p2 switch 3\n>p1 move sludgebomb\n>p2 move earthquake\n>p1 move sludgebomb\n>p2 move earthquake\n>p1 switch 5\n>p1 move knockoff\n>p2 switch 5\n>p1 move knockoff\n>p2 move thunderwave\n>p2 switch 4\n>p1 switch 4\n>p2 move lightofruin\n>p1 move stealthrock\n>p2 move lightofruin\n>p1 switch 2\n>p1 move psyshock\n>p2 switch 5\n>p1 move psyshock\n>p2 move powerwhip\n>p1 move thunderbolt\n>p2 move powerwhip\n>p2 switch 6\n>p1 switch 4\n>p2 move stickyweb\n>p1 move thunderwave\n>p2 move leechlife\n>p1 move knockoff\n>p2 move leechlife\n>p1 switch 6\n>p1 move thunderbolt\n>p2 move leechlife\n>p1 move thunderbolt\n>p2 move leechlife\n>p2 switch 5\n>p1 move thunderbolt\n>p2 move lightofruin", "uploadtime": 1770489959, "views": 201, "formatid": "gen7randombattle", "rating": 1750, "private": 0, "password": null}