{"id": "gen7randombattle-2534580486", "format": "[Gen 7] Random Battle", "players": ["mimikyow", "Johnald714"], "log": "|j|☆mimikyow\n|j|☆Johnald714\n|t:|1770440281\n|gametype|singles\n|player|p1|mimikyow|265|1631\n|player|p2|Johnald714|101|1493\n|gen|7\n|tier|[Gen 7] Random Battle\n|rated|\n|rule|Sleep Clause Mod: Limit one foe put to sleep\n|rule|HP Percentage Mod: HP is shown in percentages\n|rule|Illusion Level Mod: Illusion disguises the Pokémon's true level\n|\n|t:|1770440281\n|teamsize|p1|6\n|teamsize|p2|6\n|start\n|switch|p1a: Hypno|Hypno, L97, F|322/322\n|switch|p2a: Marshadow|Marshadow, L69|239/239\n|turn|1\n|\n|t:|1770440293\n|-zpower|p2a: Marshadow\n|move|p2a: Marshadow|Soul-Stealing 7-Star Strike|p1a: Hypno|[zeffect]\n|-supereffective|p1a: Hypno\n|-damage|p1a: Hypno|0 fnt\n|faint|p1a: Hypno\n|\n|upkeep\n|\n|t:|1770440297\n|switch|p1a: Torterra|Torterra, L88, M|310/310\n|turn|2\n|inactive|Battle timer is ON: inactive players will automatically lose when time's up. (requested by mimikyow)\n|inactive|Johnald714 has 120 seconds left.\n|\n|t:|1770440340\n|switch|p2a: Raticate|Raticate, L88, M|240/240\n|move|p1a: Torterra|Stealth Rock|p2a: Raticate\n|-sidestart|p2: Johnald714|move: Stealth Rock\n|\n|-status|p2a: Raticate|brn|[from] item: Flame Orb\n|upkeep\n|turn|3\n|\n|t:|1770440355\n|move|p2a: Raticate|Facade|p1a: Torterra\n|-damage|p1a: Torterra|136/310\n|move|p1a: Torterra|Wood Hammer|p2a: Raticate\n|-damage|p2a: Raticate|35/240 brn\n|-damage|p1a: Torterra|68/310|[from] Recoil\n|\n|-heal|p1a: Torterra|87/310|[from] item: Leftovers\n|-damage|p2a: Raticate|20/240 brn|[from] brn\n|upkeep\n|turn|4\n|\n|t:|1770440361\n|move|p2a: Raticate|Facade|p1a: Torterra\n|-crit|p1a: Torterra\n|-damage|p1a: Torterra|0 fnt\n|faint|p1a: Torterra\n|\n|-damage|p2a: Raticate|5/240 brn|[from] brn\n|upkeep\n|\n|t:|1770440364\n|switch|p1a: Conkeldurr|Conkeldurr, L81, M|303/303\n|turn|5\n|\n|t:|1770440366\n|move|p2a: Raticate|Sucker Punch|p1a: Conkeldurr\n|-resisted|p1a: Conkeldurr\n|-damage|p1a: Conkeldurr|268/303\n|move|p1a: Conkeldurr|Mach Punch|p2a: Raticate\n|-supereffective|p2a: Raticate\n|-damage|p2a: Raticate|0 fnt\n|faint|p2a: Raticate\n|\n|-status|p1a: Conkeldurr|brn|[from] item: Flame Orb\n|upkeep\n|\n|t:|1770440380\n|switch|p2a: Wishiwashi|Wishiwashi, L89, F|225/225\n|-damage|p2a: Wishiwashi|197/225|[from] Stealth Rock\n|-formechange|p2a: Wishiwashi|Wishiwashi-School||[from] ability: Schooling\n|turn|6\n|\n|t:|1770440388\n|move|p1a: Conkeldurr|Knock Off|p2a: Wishiwashi\n|-damage|p2a: Wishiwashi|111/225\n|-enditem|p2a: Wishiwashi|Choice Specs|[from] move: Knock Off|[of] p1a: Conkeldurr\n|move|p2a: Wishiwashi|Scald|p1a: Conkeldurr\n|-damage|p1a: Conkeldurr|114/303 brn\n|\n|-damage|p1a: Conkeldurr|96/303 brn|[from] brn\n|upkeep\n|turn|7\n|\n|t:|1770440401\n|move|p1a: Conkeldurr|Drain Punch|p2a: Wishiwashi\n|-damage|p2a: Wishiwashi|3/225\n|-heal|p1a: Conkeldurr|150/303 brn|[from] drain|[of] p2a: Wishiwashi\n|move|p2a: Wishiwashi|Scald|p1a: Conkeldurr\n|-damage|p1a: Conkeldurr|0 fnt\n|faint|p1a: Conkeldurr\n|\n|-formechange|p2a: Wishiwashi|Wishiwashi||[from] ability: Schooling\n|upkeep\n|\n|t:|1770440422\n|switch|p1a: Passimian|Passimian, L84, F|305/305\n|turn|8\n|\n|t:|1770440430\n|move|p1a: Passimian|Knock Off|p2a: Wishiwashi\n|-damage|p2a: Wishiwashi|0 fnt\n|faint|p2a: Wishiwashi\n|\n|upkeep\n|\n|t:|1770440439\n|switch|p2a: Marshadow|Marshadow, L69|239/239\n|-damage|p2a: Marshadow|225/239|[from] Stealth Rock\n|turn|9\n|\n|t:|1770440443\n|move|p2a: Marshadow|Bulk Up|p2a: Marshadow\n|-boost|p2a: Marshadow|atk|1\n|-boost|p2a: Marshadow|def|1\n|move|p1a: Passimian|Knock Off|p2a: Marshadow\n|-damage|p2a: Marshadow|155/239\n|\n|upkeep\n|turn|10\n|\n|t:|1770440446\n|move|p2a: Marshadow|Bulk Up|p2a: Marshadow\n|-boost|p2a: Marshadow|atk|1\n|-boost|p2a: Marshadow|def|1\n|move|p1a: Passimian|Knock Off|p2a: Marshadow\n|-damage|p2a: Marshadow|98/239\n|\n|upkeep\n|turn|11\n|\n|t:|1770440456\n|move|p2a: Marshadow|Spectral Thief|p1a: Passimian\n|-damage|p1a: Passimian|146/305\n|move|p1a: Passimian|Knock Off|p2a: Marshadow\n|-damage|p2a: Marshadow|43/239\n|\n|upkeep\n|turn|12\n|\n|t:|1770440463\n|move|p2a: Marshadow|Spectral Thief|p1a: Passimian\n|-damage|p1a: Passimian|0 fnt\n|faint|p1a: Passimian\n|\n|upkeep\n|\n|t:|1770440465\n|switch|p1a: Zebstrika|Zebstrika, L88, F|275/275\n|turn|13\n|\n|t:|1770440476\n|move|p2a: Marshadow|Shadow Sneak|p1a: Zebstrika\n|-damage|p1a: Zebstrika|136/275\n|move|p1a: Zebstrika|Thunderbolt|p2a: Marshadow\n|-damage|p2a: Marshadow|0 fnt\n|faint|p2a: Marshadow\n|\n|upkeep\n|\n|t:|1770440481\n|switch|p2a: Nihilego|Nihilego, L79|302/302\n|-damage|p2a: Nihilego|265/302|[from] Stealth Rock\n|turn|14\n|\n|t:|1770440486\n|move|p2a: Nihilego|Sludge Wave|p1a: Zebstrika\n|-damage|p1a: Zebstrika|1/275\n|move|p1a: Zebstrika|Thunderbolt|p2a: Nihilego\n|-damage|p2a: Nihilego|154/302\n|\n|upkeep\n|turn|15\n|\n|t:|1770440491\n|move|p2a: Nihilego|Sludge Wave|p1a: Zebstrika\n|-damage|p1a: Zebstrika|0 fnt\n|faint|p1a: Zebstrika\n|-ability|p2a: Nihilego|Beast Boost|boost\n|-boost|p2a: Nihilego|spa|1\n|\n|upkeep\n|-message|mimikyow forfeited.\n|\n|win|Johnald714\n|raw|mimikyow's rating: 1631 &rarr; <strong>1603</strong><br />(-28 for losing)\n|raw|Johnald714's rating: 1493 &rarr; <strong>1521</strong><br />(+28 for winning)\n|l|☆mimikyow\n|player|p1|\n", "inputlog": ">version ccdc32dd7cde25fd9e4bed64820e885f66e78a4e\n>start {\"formatid\":\"gen7randombattle\",\"seed\":\"sodium,c39ad61270e22d3ca2735aebe344e606\",\"rated\":\"Rated battle\"}\n>player p1 {\"name\":\"mimikyow\",\"avatar\":\"265\",\"rating\":1631,\"seed\":\"sodium,1938a2b87d2cafc6b7f034499c0c7656\"}\n>player p2 {\"name\":\"Johnald714\",\"avatar\":\"101\",\"rating\":1493,\"seed\":\"sodium,dea62580f70755c86ef12023e7862117\"}\n>p1 move psychic\n>p2 move spectralthief zmove\n>p1 switch 5\n>p1 move stealthrock\n>p2 switch 3\n>p1 move woodhammer\n>p2 move facade\n>p1 move woodhammer\n>p2 move facade\n>p1 switch 3\n>p1 move machpunch\n>p2 move suckerpunch\n>p2 switch 4\n>p1 move knockoff\n>p2 move scald\n>p1 move drainpunch\n>p2 move scald\n>p1 switch 4\n>p1 move knockoff\n>p2 move scald\n>p2 switch 3\n>p1 move knockoff\n>p2 move bulkup\n>p1 move knockoff\n>p2 move bulkup\n>p1 move knockoff\n>p2 move spectralthief\n>p1 move knockoff\n>p2 move spectralthief\n>p1 switch 2\n>p1 move thunderbolt\n>p2 move shadowsneak\n>p2 switch 6\n>p1 move thunderbolt\n>p2 move sludgewave\n>p1 move thunderbolt\n>p2 move sludgewave\n>forcelose p1", "uploadtime": 1770440502, "views": 214, "formatid": "gen7randombattle", "rating": 1521, "private": 0, "password": null}