{"id": "gen7randombattle-2539190419", "format": "[Gen 7] Random Battle", "players": ["mob.sans", "may/gen3"], "log": "|j|☆mob.sans\n|j|☆may/gen3\n|t:|1771021076\n|gametype|singles\n|player|p1|mob.sans|nanu|1673\n|player|p2|may/gen3|may|1680\n|gen|7\n|tier|[Gen 7] Random Battle\n|rated|\n|rule|Sleep Clause Mod: Limit one foe put to sleep\n|rule|HP Percentage Mod: HP is shown in percentages\n|rule|Illusion Level Mod: Illusion disguises the Pokémon's true level\n|\n|t:|1771021076\n|teamsize|p1|6\n|teamsize|p2|6\n|start\n|switch|p1a: Kecleon|Kecleon, L90, F|254/254\n|switch|p2a: Darkrai|Darkrai, L75|229/229\n|turn|1\n|inactive|Battle timer is ON: inactive players will automatically lose when time's up. (requested by may/gen3)\n|\n|t:|1771021095\n|switch|p2a: Charizard|Charizard, L76, M|243/243\n|move|p1a: Kecleon|Toxic|p2a: Charizard\n|-start|p1a: Kecleon|typechange|Poison|[from] ability: Protean\n|-status|p2a: Charizard|tox\n|\n|-damage|p2a: Charizard|228/243 tox|[from] psn\n|upkeep\n|turn|2\n|\n|t:|1771021107\n|switch|p1a: Gastrodon|Gastrodon, L88, M|339/339\n|detailschange|p2a: Charizard|Charizard-Mega-Y, L76, M\n|-mega|p2a: Charizard|Charizard|Charizardite Y\n|-weather|SunnyDay|[from] ability: Drought|[of] p2a: Charizard\n|move|p2a: Charizard|Fire Blast|p1a: Gastrodon\n|-resisted|p1a: Gastrodon\n|-damage|p1a: Gastrodon|235/339\n|-status|p1a: Gastrodon|brn\n|\n|-weather|SunnyDay|[upkeep]\n|-heal|p1a: Gastrodon|256/339 brn|[from] item: Leftovers\n|-damage|p2a: Charizard|198/243 tox|[from] psn\n|-damage|p1a: Gastrodon|235/339 brn|[from] brn\n|upkeep\n|turn|3\n|\n|t:|1771021117\n|switch|p2a: Gumshoos|Gumshoos, L94, M|318/318\n|switch|p1a: Illumise|Illumise, L92, F|269/269\n|\n|-weather|SunnyDay|[upkeep]\n|upkeep\n|turn|4\n|\n|t:|1771021121\n|move|p1a: Illumise|Thunder Wave|p2a: Gumshoos\n|-status|p2a: Gumshoos|par\n|move|p2a: Gumshoos|Return|p1a: Illumise\n|-damage|p1a: Illumise|40/269\n|\n|-weather|SunnyDay|[upkeep]\n|-heal|p1a: Illumise|56/269|[from] item: Leftovers\n|upkeep\n|turn|5\n|\n|t:|1771021127\n|move|p1a: Illumise|Roost|p1a: Illumise\n|-heal|p1a: Illumise|191/269\n|-singleturn|p1a: Illumise|move: Roost\n|move|p2a: Gumshoos|Return|p1a: Illumise\n|-damage|p1a: Illumise|0 fnt\n|faint|p1a: Illumise\n|\n|-weather|SunnyDay|[upkeep]\n|upkeep\n|\n|t:|1771021131\n|switch|p1a: Magnezone|Magnezone, L84|255/255\n|turn|6\n|\n|t:|1771021135\n|switch|p2a: Ditto|Ditto, L83|215/215\n|-transform|p2a: Ditto|p1a: Magnezone|[from] ability: Imposter\n|move|p1a: Magnezone|Thunderbolt|p2a: Ditto\n|-resisted|p2a: Ditto\n|-damage|p2a: Ditto|134/215\n|\n|-weather|none\n|upkeep\n|turn|7\n|\n|t:|1771021154\n|move|p1a: Magnezone|Protect|p1a: Magnezone\n|-singleturn|p1a: Magnezone|Protect\n|move|p2a: Ditto|Flash Cannon|p1a: Magnezone\n|-activate|p1a: Magnezone|move: Protect\n|\n|upkeep\n|turn|8\n|\n|t:|1771021159\n|move|p2a: Ditto|Flash Cannon|p1a: Magnezone\n|-resisted|p1a: Magnezone\n|-damage|p1a: Magnezone|228/255\n|move|p1a: Magnezone|Thunderbolt|p2a: Ditto\n|-resisted|p2a: Ditto\n|-damage|p2a: Ditto|53/215\n|\n|-heal|p1a: Magnezone|243/255|[from] item: Leftovers\n|upkeep\n|turn|9\n|\n|t:|1771021165\n|move|p2a: Ditto|Flash Cannon|p1a: Magnezone\n|-resisted|p1a: Magnezone\n|-damage|p1a: Magnezone|216/255\n|-unboost|p1a: Magnezone|spd|1\n|move|p1a: Magnezone|Thunderbolt|p2a: Ditto\n|-resisted|p2a: Ditto\n|-damage|p2a: Ditto|0 fnt\n|faint|p2a: Ditto\n|\n|-heal|p1a: Magnezone|231/255|[from] item: Leftovers\n|upkeep\n|\n|t:|1771021171\n|switch|p2a: Darkrai|Darkrai, L75|229/229\n|turn|10\n|\n|t:|1771021187\n|move|p2a: Darkrai|Focus Blast|p1a: Magnezone\n|-supereffective|p1a: Magnezone\n|-damage|p1a: Magnezone|0 fnt\n|faint|p1a: Magnezone\n|-damage|p2a: Darkrai|207/229|[from] item: Life Orb\n|\n|upkeep\n|c|☆may/gen3|yes it worked\n|\n|t:|1771021195\n|switch|p1a: Kecleon|Kecleon, L90, F|254/254\n|turn|11\n|\n|t:|1771021204\n|move|p2a: Darkrai|Nasty Plot|p2a: Darkrai\n|-boost|p2a: Darkrai|spa|2\n|move|p1a: Kecleon|Drain Punch|p2a: Darkrai\n|-start|p1a: Kecleon|typechange|Fighting|[from] ability: Protean\n|-supereffective|p2a: Darkrai\n|-damage|p2a: Darkrai|19/229\n|\n|upkeep\n|turn|12\n|\n|t:|1771021212\n|move|p2a: Darkrai|Sludge Bomb|p1a: Kecleon\n|-damage|p1a: Kecleon|129/254\n|-damage|p2a: Darkrai|0 fnt|[from] item: Life Orb\n|faint|p2a: Darkrai\n|move|p1a: Kecleon|Drain Punch|p2: Darkrai|[notarget]\n|-fail|p1a: Kecleon\n|\n|-heal|p1a: Kecleon|144/254|[from] item: Leftovers\n|upkeep\n|\n|t:|1771021221\n|switch|p2a: Simisage|Simisage, L89, M|278/278\n|turn|13\n|\n|t:|1771021231\n|move|p2a: Simisage|Leaf Storm|p1a: Kecleon|[miss]\n|-miss|p2a: Simisage|p1a: Kecleon\n|move|p1a: Kecleon|Drain Punch|p2a: Simisage\n|-damage|p2a: Simisage|178/278\n|-heal|p1a: Kecleon|194/254|[from] drain|[of] p2a: Simisage\n|\n|-heal|p1a: Kecleon|209/254|[from] item: Leftovers\n|upkeep\n|turn|14\n|\n|t:|1771021235\n|move|p2a: Simisage|Knock Off|p1a: Kecleon\n|-resisted|p1a: Kecleon\n|-damage|p1a: Kecleon|149/254\n|-enditem|p1a: Kecleon|Leftovers|[from] move: Knock Off|[of] p2a: Simisage\n|-damage|p2a: Simisage|151/278|[from] item: Life Orb\n|move|p1a: Kecleon|Toxic|p2a: Simisage\n|-start|p1a: Kecleon|typechange|Poison|[from] ability: Protean\n|-status|p2a: Simisage|tox\n|\n|-damage|p2a: Simisage|134/278 tox|[from] psn\n|upkeep\n|turn|15\n|\n|t:|1771021251\n|move|p2a: Simisage|Rock Slide|p1a: Kecleon\n|-damage|p1a: Kecleon|55/254\n|-damage|p2a: Simisage|107/278 tox|[from] item: Life Orb\n|move|p1a: Kecleon|Recover|p1a: Kecleon\n|-start|p1a: Kecleon|typechange|Normal|[from] ability: Protean\n|-heal|p1a: Kecleon|182/254\n|\n|-damage|p2a: Simisage|73/278 tox|[from] psn\n|upkeep\n|turn|16\n|\n|t:|1771021258\n|move|p2a: Simisage|Leaf Storm|p1a: Kecleon\n|-damage|p1a: Kecleon|0 fnt\n|-unboost|p2a: Simisage|spa|2\n|faint|p1a: Kecleon\n|-damage|p2a: Simisage|46/278 tox|[from] item: Life Orb\n|\n|-damage|p2a: Simisage|0 fnt|[from] psn\n|faint|p2a: Simisage\n|upkeep\n|\n|t:|1771021268\n|switch|p2a: Charizard|Charizard-Mega-Y, L76, M|198/243 tox\n|switch|p1a: Gastrodon|Gastrodon, L88, M|235/339 brn\n|-weather|SunnyDay|[from] ability: Drought|[of] p2a: Charizard\n|turn|17\n|\n|t:|1771021287\n|move|p2a: Charizard|Solar Beam||[still]\n|-prepare|p2a: Charizard|Solar Beam\n|-anim|p2a: Charizard|Solar Beam|p1a: Gastrodon\n|-supereffective|p1a: Gastrodon\n|-damage|p1a: Gastrodon|0 fnt\n|faint|p1a: Gastrodon\n|\n|-weather|SunnyDay|[upkeep]\n|-damage|p2a: Charizard|183/243 tox|[from] psn\n|upkeep\n|\n|t:|1771021295\n|switch|p1a: Mewtwo|Mewtwo, L70|264/264\n|-ability|p1a: Mewtwo|Unnerve\n|turn|18\n|\n|t:|1771021304\n|detailschange|p1a: Mewtwo|Mewtwo-Mega-Y, L70\n|-mega|p1a: Mewtwo|Mewtwo|Mewtwonite Y\n|move|p1a: Mewtwo|Psystrike|p2a: Charizard\n|-damage|p2a: Charizard|33/243 tox\n|move|p2a: Charizard|Fire Blast|p1a: Mewtwo\n|-damage|p1a: Mewtwo|57/264\n|\n|-weather|SunnyDay|[upkeep]\n|-damage|p2a: Charizard|3/243 tox|[from] psn\n|upkeep\n|turn|19\n|\n|t:|1771021311\n|move|p1a: Mewtwo|Psystrike|p2a: Charizard\n|-damage|p2a: Charizard|0 fnt\n|faint|p2a: Charizard\n|detailschange|p2: Charizard|Charizard, L76, M|[silent]\n|\n|-weather|SunnyDay|[upkeep]\n|upkeep\n|\n|t:|1771021314\n|switch|p2a: Gumshoos|Gumshoos, L94, M|318/318 par\n|turn|20\n|\n|t:|1771021340\n|move|p1a: Mewtwo|Fire Blast|p2a: Gumshoos\n|-crit|p2a: Gumshoos\n|-damage|p2a: Gumshoos|78/318 par\n|move|p2a: Gumshoos|U-turn|p1a: Mewtwo\n|-supereffective|p1a: Mewtwo\n|-damage|p1a: Mewtwo|0 fnt\n|faint|p1a: Mewtwo\n|detailschange|p1: Mewtwo|Mewtwo, L70|[silent]\n|\n|t:|1771021343\n|switch|p2a: Manaphy|Manaphy, L77|281/281|[from] U-turn\n|\n|-weather|SunnyDay|[upkeep]\n|upkeep\n|\n|t:|1771021345\n|switch|p1a: Sigilyph|Sigilyph, L85, F|261/261\n|turn|21\n|\n|t:|1771021348\n|move|p1a: Sigilyph|Cosmic Power|p1a: Sigilyph\n|-boost|p1a: Sigilyph|def|1\n|-boost|p1a: Sigilyph|spd|1\n|move|p2a: Manaphy|Tail Glow|p2a: Manaphy\n|-boost|p2a: Manaphy|spa|3\n|\n|-weather|none\n|upkeep\n|turn|22\n|\n|t:|1771021354\n|move|p1a: Sigilyph|Cosmic Power|p1a: Sigilyph\n|-boost|p1a: Sigilyph|def|1\n|-boost|p1a: Sigilyph|spd|1\n|-zpower|p2a: Manaphy\n|move|p2a: Manaphy|Hydro Vortex|p1a: Sigilyph|[zeffect]\n|-damage|p1a: Sigilyph|50/261\n|\n|upkeep\n|turn|23\n|\n|t:|1771021357\n|move|p1a: Sigilyph|Roost|p1a: Sigilyph\n|-heal|p1a: Sigilyph|181/261\n|-singleturn|p1a: Sigilyph|move: Roost\n|move|p2a: Manaphy|Ice Beam|p1a: Sigilyph\n|-damage|p1a: Sigilyph|112/261\n|-status|p1a: Sigilyph|frz\n|\n|upkeep\n|turn|24\n|\n|t:|1771021361\n|cant|p1a: Sigilyph|frz\n|move|p2a: Manaphy|Ice Beam|p1a: Sigilyph\n|-supereffective|p1a: Sigilyph\n|-damage|p1a: Sigilyph|0 fnt\n|faint|p1a: Sigilyph\n|\n|win|may/gen3\n|raw|mob.sans's rating: 1673 &rarr; <strong>1653</strong><br />(-20 for losing)\n|raw|may&#x2f;gen3's rating: 1680 &rarr; <strong>1700</strong><br />(+20 for winning)\n|l|☆mob.sans\n|player|p1|\n", "inputlog": ">version ccdc32dd7cde25fd9e4bed64820e885f66e78a4e\n>start {\"formatid\":\"gen7randombattle\",\"seed\":\"sodium,353fc35d09c8417e5c8e095aca3a1134\",\"rated\":\"Rated battle\"}\n>player p1 {\"name\":\"mob.sans\",\"avatar\":\"nanu\",\"rating\":1673,\"seed\":\"sodium,84f592b7e8fce3e1ca89c8145309df8d\"}\n>player p2 {\"name\":\"may/gen3\",\"avatar\":\"may\",\"rating\":1680,\"seed\":\"sodium,bc3eafb001c67c6d667ef83d22094186\"}\n>p1 move toxic\n>p2 switch 5\n>p1 switch 3\n>p2 move fireblast mega\n>p1 switch 2\n>p2 switch 6\n>p1 move thunderwave\n>p2 move return\n>p1 move roost\n>p2 move return\n>p1 switch 6\n>p1 move thunderbolt\n>p2 switch 3\n>p1 move protect\n>p2 move flashcannon\n>p1 move thunderbolt\n>p2 move flashcannon\n>p1 move thunderbolt\n>p2 move flashcannon\n>p2 switch 5\n>p1 move thunderbolt\n>p2 move focusblast\n>chat ☆may/gen3|yes it worked \n>p1 switch 3\n>p1 move drainpunch\n>p2 move nastyplot\n>p1 move drainpunch\n>p2 move sludgebomb\n>p2 switch 2\n>p1 move drainpunch\n>p2 move leafstorm\n>p1 move toxic\n>p2 move knockoff\n>p1 move recover\n>p2 move rockslide\n>p1 move recover\n>p2 move leafstorm\n>p1 switch 2\n>p2 switch 6\n>p1 move scald\n>p2 move solarbeam\n>p1 switch 4\n>p1 move psystrike mega\n>p2 move fireblast\n>p1 move psystrike\n>p2 move fireblast\n>p2 switch 3\n>p1 move fireblast\n>p2 move uturn\n>p2 switch 4\n>p1 switch 5\n>p1 move cosmicpower\n>p2 move tailglow\n>p1 move cosmicpower\n>p2 move surf zmove\n>p1 move roost\n>p2 move icebeam\n>p1 move roost\n>p2 move icebeam", "uploadtime": 1771021369, "views": 180, "formatid": "gen7randombattle", "rating": 1653, "private": 0, "password": null}