{"id": "gen7randombattle-2524336430", "format": "[Gen 7] Random Battle", "players": ["GWgalaxy", "Somnium Azurea"], "log": "|j|☆GWgalaxy\n|j|☆Somnium Azurea\n|t:|1769133079\n|gametype|singles\n|player|p1|GWgalaxy|n|1586\n|player|p2|Somnium Azurea|lady|1712\n|gen|7\n|tier|[Gen 7] Random Battle\n|rated|\n|rule|Sleep Clause Mod: Limit one foe put to sleep\n|rule|HP Percentage Mod: HP is shown in percentages\n|rule|Illusion Level Mod: Illusion disguises the Pokémon's true level\n|\n|t:|1769133079\n|teamsize|p1|6\n|teamsize|p2|6\n|start\n|switch|p1a: Leafeon|Leafeon, L88, F|258/258\n|switch|p2a: Galvantula|Galvantula, L80, M|243/243\n|turn|1\n|inactive|Battle timer is ON: inactive players will automatically lose when time's up. (requested by Somnium Azurea)\n|inactive|GWgalaxy also wants the timer to be on.\n|\n|t:|1769133099\n|switch|p1a: Palossand|Palossand, L89, M|296/296\n|move|p2a: Galvantula|Sticky Web|p1a: Palossand\n|-sidestart|p1: GWgalaxy|move: Sticky Web\n|\n|upkeep\n|turn|2\n|\n|t:|1769133117\n|move|p2a: Galvantula|Energy Ball|p1a: Palossand\n|-supereffective|p1a: Palossand\n|-damage|p1a: Palossand|166/296\n|move|p1a: Palossand|Stealth Rock|p2a: Galvantula\n|-sidestart|p2: Somnium Azurea|move: Stealth Rock\n|\n|-heal|p1a: Palossand|184/296|[from] item: Leftovers\n|upkeep\n|turn|3\n|\n|t:|1769133127\n|switch|p1a: Zebstrika|Zebstrika, L88, M|275/275\n|-activate|p1a: Zebstrika|move: Sticky Web\n|-unboost|p1a: Zebstrika|spe|1\n|move|p2a: Galvantula|Energy Ball|p1a: Zebstrika\n|-ability|p1a: Zebstrika|Sap Sipper|boost\n|-boost|p1a: Zebstrika|atk|1\n|\n|upkeep\n|turn|4\n|\n|t:|1769133142\n|move|p2a: Galvantula|Bug Buzz|p1a: Zebstrika\n|-damage|p1a: Zebstrika|172/275\n|move|p1a: Zebstrika|Overheat|p2a: Galvantula|[miss]\n|-miss|p1a: Zebstrika|p2a: Galvantula\n|\n|upkeep\n|turn|5\n|\n|t:|1769133160\n|move|p2a: Galvantula|Bug Buzz|p1a: Zebstrika\n|-damage|p1a: Zebstrika|73/275\n|move|p1a: Zebstrika|Hidden Power|p2a: Galvantula\n|-damage|p2a: Galvantula|189/243\n|\n|upkeep\n|turn|6\n|\n|t:|1769133164\n|move|p2a: Galvantula|Bug Buzz|p1a: Zebstrika\n|-damage|p1a: Zebstrika|0 fnt\n|faint|p1a: Zebstrika\n|\n|upkeep\n|\n|t:|1769133167\n|switch|p1a: Magcargo|Magcargo, L96, M|271/271\n|-activate|p1a: Magcargo|move: Sticky Web\n|-unboost|p1a: Magcargo|spe|1\n|turn|7\n|\n|t:|1769133173\n|move|p2a: Galvantula|Thunder|p1a: Magcargo\n|-damage|p1a: Magcargo|175/271\n|move|p1a: Magcargo|Ancient Power|p2a: Galvantula\n|-supereffective|p2a: Galvantula\n|-damage|p2a: Galvantula|0 fnt\n|faint|p2a: Galvantula\n|\n|upkeep\n|\n|t:|1769133187\n|switch|p2a: Haxorus|Haxorus, L75, M|238/238\n|-damage|p2a: Haxorus|209/238|[from] Stealth Rock\n|-ability|p2a: Haxorus|Mold Breaker\n|turn|8\n|\n|t:|1769133208\n|switch|p1a: Tapu Fini|Tapu Fini, L80|243/243\n|-activate|p1a: Tapu Fini|move: Sticky Web\n|-unboost|p1a: Tapu Fini|spe|1\n|-fieldstart|move: Misty Terrain|[from] ability: Misty Surge|[of] p1a: Tapu Fini\n|move|p2a: Haxorus|Earthquake|p1a: Tapu Fini\n|-damage|p1a: Tapu Fini|168/243\n|\n|-heal|p1a: Tapu Fini|183/243|[from] item: Leftovers\n|upkeep\n|turn|9\n|\n|t:|1769133217\n|switch|p2a: Corsola|Corsola, L96, M|280/280\n|-damage|p2a: Corsola|245/280|[from] Stealth Rock\n|move|p1a: Tapu Fini|Moonblast|p2a: Corsola\n|-damage|p2a: Corsola|169/280\n|\n|-heal|p2a: Corsola|186/280|[from] item: Leftovers\n|-heal|p1a: Tapu Fini|198/243|[from] item: Leftovers\n|upkeep\n|turn|10\n|\n|t:|1769133241\n|switch|p1a: Golduck|Golduck, L93, M|300/300\n|-activate|p1a: Golduck|move: Sticky Web\n|-unboost|p1a: Golduck|spe|1\n|-ability|p1a: Golduck|Cloud Nine\n|move|p2a: Corsola|Stealth Rock|p1a: Golduck\n|-sidestart|p1: GWgalaxy|move: Stealth Rock\n|\n|-heal|p2a: Corsola|203/280|[from] item: Leftovers\n|upkeep\n|turn|11\n|inactive|GWgalaxy has 120 seconds left.\n|c|☆GWgalaxy|i love not having rapid spin\n|\n|t:|1769133267\n|switch|p2a: Celebi|Celebi, L82|298/298\n|-damage|p2a: Celebi|261/298|[from] Stealth Rock\n|move|p1a: Golduck|Focus Blast|p2a: Celebi\n|-resisted|p2a: Celebi\n|-damage|p2a: Celebi|214/298\n|\n|-heal|p2a: Celebi|232/298|[from] item: Leftovers\n|upkeep\n|turn|12\n|c|☆GWgalaxy|tbh the sticky web won the game i cant do shit\n|\n|t:|1769133287\n|move|p2a: Celebi|U-turn|p1a: Golduck\n|-damage|p1a: Golduck|255/300\n|\n|t:|1769133292\n|switch|p2a: Corsola|Corsola, L96, M|280/280|[from] U-turn\n|-damage|p2a: Corsola|245/280|[from] Stealth Rock\n|move|p1a: Golduck|Ice Beam|p2a: Corsola\n|-resisted|p2a: Corsola\n|-damage|p2a: Corsola|215/280\n|\n|-heal|p1a: Golduck|273/300|[from] item: Leftovers\n|-heal|p2a: Corsola|232/280|[from] item: Leftovers\n|-fieldend|Misty Terrain\n|upkeep\n|turn|13\n|inactive|GWgalaxy has 120 seconds left.\n|\n|t:|1769133301\n|move|p1a: Golduck|Calm Mind|p1a: Golduck\n|-boost|p1a: Golduck|spa|1\n|-boost|p1a: Golduck|spd|1\n|move|p2a: Corsola|Toxic|p1a: Golduck\n|-status|p1a: Golduck|tox\n|\n|-heal|p1a: Golduck|291/300 tox|[from] item: Leftovers\n|-heal|p2a: Corsola|249/280|[from] item: Leftovers\n|-damage|p1a: Golduck|273/300 tox|[from] psn\n|upkeep\n|turn|14\n|\n|t:|1769133308\n|move|p1a: Golduck|Focus Blast|p2a: Corsola\n|-supereffective|p2a: Corsola\n|-damage|p2a: Corsola|0 fnt\n|faint|p2a: Corsola\n|\n|-heal|p1a: Golduck|291/300 tox|[from] item: Leftovers\n|-damage|p1a: Golduck|255/300 tox|[from] psn\n|upkeep\n|\n|t:|1769133311\n|switch|p2a: Celebi|Celebi, L82|232/298\n|-damage|p2a: Celebi|195/298|[from] Stealth Rock\n|turn|15\n|c|☆Somnium Azurea|Randbats moment\n|\n|t:|1769133331\n|move|p2a: Celebi|Leaf Storm|p1a: Golduck\n|-supereffective|p1a: Golduck\n|-damage|p1a: Golduck|85/300 tox\n|-unboost|p2a: Celebi|spa|2\n|move|p1a: Golduck|Ice Beam|p2a: Celebi\n|-supereffective|p2a: Celebi\n|-damage|p2a: Celebi|0 fnt\n|faint|p2a: Celebi\n|\n|-heal|p1a: Golduck|103/300 tox|[from] item: Leftovers\n|-damage|p1a: Golduck|49/300 tox|[from] psn\n|upkeep\n|\n|t:|1769133334\n|switch|p2a: Haxorus|Haxorus, L75, M|209/238\n|-damage|p2a: Haxorus|180/238|[from] Stealth Rock\n|-ability|p2a: Haxorus|Mold Breaker\n|turn|16\n|\n|t:|1769133345\n|move|p2a: Haxorus|Earthquake|p1a: Golduck\n|-damage|p1a: Golduck|0 fnt\n|faint|p1a: Golduck\n|\n|upkeep\n|\n|t:|1769133353\n|switch|p1a: Tapu Fini|Tapu Fini, L80|198/243\n|-activate|p1a: Tapu Fini|move: Sticky Web\n|-unboost|p1a: Tapu Fini|spe|1\n|-damage|p1a: Tapu Fini|168/243|[from] Stealth Rock\n|-fieldstart|move: Misty Terrain|[from] ability: Misty Surge|[of] p1a: Tapu Fini\n|turn|17\n|\n|t:|1769133359\n|switch|p2a: Buzzwole|Buzzwole, L79|299/299\n|-damage|p2a: Buzzwole|262/299|[from] Stealth Rock\n|move|p1a: Tapu Fini|Calm Mind|p1a: Tapu Fini\n|-boost|p1a: Tapu Fini|spa|1\n|-boost|p1a: Tapu Fini|spd|1\n|\n|-heal|p1a: Tapu Fini|183/243|[from] item: Leftovers\n|upkeep\n|turn|18\n|\n|t:|1769133367\n|move|p2a: Buzzwole|Iron Head|p1a: Tapu Fini\n|-damage|p1a: Tapu Fini|125/243\n|move|p1a: Tapu Fini|Moonblast|p2a: Buzzwole\n|-supereffective|p2a: Buzzwole\n|-damage|p2a: Buzzwole|0 fnt\n|faint|p2a: Buzzwole\n|\n|-heal|p1a: Tapu Fini|140/243|[from] item: Leftovers\n|upkeep\n|\n|t:|1769133371\n|switch|p2a: Haxorus|Haxorus, L75, M|180/238\n|-damage|p2a: Haxorus|151/238|[from] Stealth Rock\n|-ability|p2a: Haxorus|Mold Breaker\n|turn|19\n|\n|t:|1769133376\n|move|p2a: Haxorus|Poison Jab|p1a: Tapu Fini\n|-supereffective|p1a: Tapu Fini\n|-damage|p1a: Tapu Fini|24/243\n|move|p1a: Tapu Fini|Moonblast|p2a: Haxorus\n|-supereffective|p2a: Haxorus\n|-damage|p2a: Haxorus|0 fnt\n|faint|p2a: Haxorus\n|\n|-heal|p1a: Tapu Fini|39/243|[from] item: Leftovers\n|upkeep\n|\n|t:|1769133378\n|switch|p2a: Cloyster|Cloyster, L80, M|211/211\n|-damage|p2a: Cloyster|159/211|[from] Stealth Rock\n|turn|20\n|\n|t:|1769133398\n|move|p2a: Cloyster|Rock Blast|p1a: Tapu Fini\n|-damage|p1a: Tapu Fini|23/243\n|-damage|p1a: Tapu Fini|8/243\n|-damage|p1a: Tapu Fini|0 fnt\n|faint|p1a: Tapu Fini\n|-hitcount|p1: Tapu Fini|3\n|\n|upkeep\n|\n|t:|1769133408\n|switch|p1a: Leafeon|Leafeon, L88, F|258/258\n|-activate|p1a: Leafeon|move: Sticky Web\n|-unboost|p1a: Leafeon|spe|1\n|-damage|p1a: Leafeon|226/258|[from] Stealth Rock\n|turn|21\n|\n|t:|1769133428\n|move|p2a: Cloyster|Shell Smash|p2a: Cloyster\n|-unboost|p2a: Cloyster|def|1\n|-unboost|p2a: Cloyster|spd|1\n|-boost|p2a: Cloyster|atk|2\n|-boost|p2a: Cloyster|spa|2\n|-boost|p2a: Cloyster|spe|2\n|-enditem|p2a: Cloyster|White Herb\n|-clearnegativeboost|p2a: Cloyster|[silent]\n|move|p1a: Leafeon|Leaf Blade|p2a: Cloyster\n|-supereffective|p2a: Cloyster\n|-damage|p2a: Cloyster|0 fnt\n|faint|p2a: Cloyster\n|-damage|p1a: Leafeon|201/258|[from] item: Life Orb\n|\n|win|GWgalaxy\n|raw|GWgalaxy's rating: 1586 &rarr; <strong>1613</strong><br />(+27 for winning)\n|raw|Somnium Azurea's rating: 1719 &rarr; <strong>1692</strong><br />(-27 for losing)\n|l|☆Somnium Azurea\n|player|p2|\n", "inputlog": ">version dd3d52b8382d73d1dd2c67730c4067df325ab790\n>start {\"formatid\":\"gen7randombattle\",\"seed\":\"sodium,0a420e4fb6e47611fd09cb4328dff195\",\"rated\":\"Rated battle\"}\n>player p1 {\"name\":\"GWgalaxy\",\"avatar\":\"n\",\"rating\":1586,\"seed\":\"sodium,8ad768cf69f33821c19e5eb404af8434\"}\n>player p2 {\"name\":\"Somnium Azurea\",\"avatar\":\"lady\",\"rating\":1712,\"seed\":\"sodium,8425d38dbc8951a17c77dc3b031c1f29\"}\n>p1 switch 5\n>p2 move stickyweb\n>p1 move stealthrock\n>p2 move energyball\n>p1 switch 6\n>p2 move energyball\n>p1 move overheat\n>p2 move bugbuzz\n>p1 move hiddenpower\n>p2 move bugbuzz\n>p1 move overheat\n>p2 move bugbuzz\n>p1 switch 2\n>p1 move ancientpower\n>p2 move thunder\n>p2 switch 2\n>p1 switch 4\n>p2 move earthquake\n>p1 move moonblast\n>p2 switch 5\n>p1 switch 3\n>p2 move stealthrock\n>chat ☆GWgalaxy|i love not having rapid spin \n>p1 move focusblast\n>p2 switch 4\n>chat ☆GWgalaxy|tbh the sticky web won the game i cant do shit \n>p1 move icebeam\n>p2 move uturn\n>p2 switch 4\n>p1 move calmmind\n>p2 move toxic\n>p1 move focusblast\n>p2 move recover\n>p2 switch 4\n>chat ☆Somnium Azurea|Randbats moment\n>p1 move icebeam\n>p2 move leafstorm\n>p2 switch 5\n>p1 move icebeam\n>p2 move earthquake\n>p1 switch 3\n>p1 move calmmind\n>p2 switch 3\n>p1 move moonblast\n>p2 move ironhead\n>p2 switch 3\n>p1 move moonblast\n>p2 move poisonjab\n>p2 switch 6\n>p1 move moonblast\n>p2 move rockblast\n>p1 switch 5\n>p1 move leafblade\n>p2 move shellsmash", "uploadtime": 1769133431, "views": 157, "formatid": "gen7randombattle", "rating": 1613, "private": 0, "password": null}