{"id": "gen7randombattle-2540467990", "format": "[Gen 7] Random Battle", "players": ["NTsweeper007", "kwijibo89"], "log": "|j|☆NTsweeper007\n|j|‽kwijibo89\n|t:|1771205733\n|gametype|singles\n|player|p1|NTsweeper007|hilbert-wonderlauncher|1763\n|player|p2|kwijibo89|fisherman-gen4|1711\n|gen|7\n|tier|[Gen 7] Random Battle\n|rated|\n|rule|Sleep Clause Mod: Limit one foe put to sleep\n|rule|HP Percentage Mod: HP is shown in percentages\n|rule|Illusion Level Mod: Illusion disguises the Pokémon's true level\n|\n|t:|1771205733\n|teamsize|p1|6\n|teamsize|p2|6\n|start\n|switch|p1a: Doublade|Doublade, L85, F|239/239\n|switch|p2a: Volbeat|Volbeat, L91, M|266/266\n|turn|1\n|inactive|Battle timer is ON: inactive players will automatically lose when time's up. (requested by kwijibo89)\n|inactive|NTsweeper007 has 120 seconds left.\n|inactive|NTsweeper007 has 90 seconds left.\n|inactive|NTsweeper007 has 60 seconds left.\n|\n|t:|1771205835\n|switch|p1a: Hariyama|Hariyama, L87, M|392/392\n|move|p2a: Volbeat|Thunder Wave|p1a: Hariyama\n|-status|p1a: Hariyama|par\n|\n|upkeep\n|turn|2\n|inactive|kwijibo89 has 120 seconds left.\n|\n|t:|1771205877\n|move|p2a: Volbeat|Lunge|p1a: Hariyama\n|-resisted|p1a: Hariyama\n|-damage|p1a: Hariyama|339/392 par\n|-unboost|p1a: Hariyama|atk|1\n|move|p1a: Hariyama|Knock Off|p2a: Volbeat\n|-damage|p2a: Volbeat|176/266\n|-enditem|p2a: Volbeat|Leftovers|[from] move: Knock Off|[of] p1a: Hariyama\n|\n|upkeep\n|turn|3\n|\n|t:|1771205885\n|move|p2a: Volbeat|Lunge|p1a: Hariyama\n|-resisted|p1a: Hariyama\n|-damage|p1a: Hariyama|285/392 par\n|-unboost|p1a: Hariyama|atk|1\n|move|p1a: Hariyama|Facade|p2a: Volbeat\n|-damage|p2a: Volbeat|76/266\n|\n|upkeep\n|turn|4\n|\n|t:|1771205890\n|switch|p1a: Toucannon|Toucannon, L88, M|283/283\n|move|p2a: Volbeat|Roost|p2a: Volbeat\n|-heal|p2a: Volbeat|209/266\n|-singleturn|p2a: Volbeat|move: Roost\n|\n|upkeep\n|turn|5\n|\n|t:|1771205898\n|move|p2a: Volbeat|Thunder Wave|p1a: Toucannon\n|-status|p1a: Toucannon|par\n|cant|p1a: Toucannon|par\n|\n|upkeep\n|turn|6\n|\n|t:|1771205902\n|switch|p2a: Tornadus|Tornadus-Therian, L80, M|258/258\n|move|p1a: Toucannon|Brave Bird|p2a: Tornadus\n|-crit|p2a: Tornadus\n|-damage|p2a: Tornadus|0 fnt\n|faint|p2a: Tornadus\n|-damage|p1a: Toucannon|198/283 par|[from] Recoil\n|\n|upkeep\n|\n|t:|1771205906\n|switch|p2a: Ludicolo|Ludicolo, L89, M|287/287\n|turn|7\n|\n|t:|1771205908\n|move|p2a: Ludicolo|Ice Beam|p1a: Toucannon\n|-supereffective|p1a: Toucannon\n|-damage|p1a: Toucannon|6/283 par\n|-damage|p2a: Ludicolo|259/287|[from] item: Life Orb\n|cant|p1a: Toucannon|par\n|\n|upkeep\n|turn|8\n|c|☆NTsweeper007|bruh\n|\n|t:|1771205915\n|move|p2a: Ludicolo|Giga Drain|p1a: Toucannon\n|-resisted|p1a: Toucannon\n|-damage|p1a: Toucannon|0 fnt\n|-heal|p2a: Ludicolo|262/287|[from] drain|[of] p1a: Toucannon\n|faint|p1a: Toucannon\n|-damage|p2a: Ludicolo|234/287|[from] item: Life Orb\n|\n|upkeep\n|\n|t:|1771205918\n|switch|p1a: Snorlax|Snorlax, L83, M|401/401\n|turn|9\n|\n|t:|1771205925\n|move|p2a: Ludicolo|Hydro Pump|p1a: Snorlax\n|-damage|p1a: Snorlax|257/401\n|-damage|p2a: Ludicolo|206/287|[from] item: Life Orb\n|move|p1a: Snorlax|Body Slam|p2a: Ludicolo\n|-damage|p2a: Ludicolo|95/287\n|\n|-heal|p1a: Snorlax|282/401|[from] item: Leftovers\n|upkeep\n|turn|10\n|\n|t:|1771205929\n|switch|p2a: Farfetch’d|Farfetch’d, M|266/266\n|move|p1a: Snorlax|Body Slam|p2a: Farfetch’d\n|-damage|p2a: Farfetch’d|152/266\n|-status|p2a: Farfetch’d|par\n|\n|-heal|p1a: Snorlax|307/401|[from] item: Leftovers\n|upkeep\n|turn|11\n|\n|t:|1771205934\n|switch|p1a: Unown|Unown-Q|258/258\n|cant|p2a: Farfetch’d|par\n|\n|upkeep\n|turn|12\n|\n|t:|1771205937\n|move|p1a: Unown|Hidden Power|p2a: Farfetch’d\n|-damage|p2a: Farfetch’d|37/266 par\n|move|p2a: Farfetch’d|Brave Bird|p1a: Unown\n|-damage|p1a: Unown|56/258\n|-damage|p2a: Farfetch’d|0 fnt|[from] Recoil\n|faint|p2a: Farfetch’d\n|\n|upkeep\n|\n|t:|1771205946\n|switch|p2a: Volbeat|Volbeat, L91, M|209/266\n|turn|13\n|\n|t:|1771205951\n|move|p2a: Volbeat|Lunge|p1a: Unown\n|-supereffective|p1a: Unown\n|-damage|p1a: Unown|0 fnt\n|faint|p1a: Unown\n|\n|upkeep\n|\n|t:|1771205954\n|switch|p1a: Hariyama|Hariyama, L87, M|285/392 par\n|turn|14\n|\n|t:|1771205957\n|switch|p2a: Garbodor|Garbodor, L88, F|284/284\n|move|p1a: Hariyama|Facade|p2a: Garbodor\n|-crit|p2a: Garbodor\n|-damage|p2a: Garbodor|6/284\n|\n|-heal|p2a: Garbodor|23/284|[from] item: Black Sludge\n|upkeep\n|turn|15\n|\n|t:|1771205962\n|switch|p1a: Doublade|Doublade, L85, F|239/239\n|move|p2a: Garbodor|Pain Split|p1a: Doublade\n|-sethp|p1a: Doublade|131/239|[from] move: Pain Split|[silent]\n|-sethp|p2a: Garbodor|131/284|[from] move: Pain Split\n|\n|-heal|p2a: Garbodor|148/284|[from] item: Black Sludge\n|upkeep\n|turn|16\n|\n|t:|1771205964\n|move|p2a: Garbodor|Spikes|p1a: Doublade\n|-sidestart|p1: NTsweeper007|Spikes\n|move|p1a: Doublade|Swords Dance|p1a: Doublade\n|-boost|p1a: Doublade|atk|2\n|\n|-heal|p2a: Garbodor|165/284|[from] item: Black Sludge\n|upkeep\n|turn|17\n|\n|t:|1771205968\n|switch|p2a: Volbeat|Volbeat, L91, M|209/266\n|move|p1a: Doublade|Iron Head|p2a: Volbeat\n|-damage|p2a: Volbeat|2/266\n|\n|upkeep\n|turn|18\n|\n|t:|1771205971\n|move|p2a: Volbeat|Thunder Wave|p1a: Doublade\n|-status|p1a: Doublade|par\n|move|p1a: Doublade|Shadow Sneak|p2a: Volbeat\n|-damage|p2a: Volbeat|0 fnt\n|faint|p2a: Volbeat\n|\n|upkeep\n|\n|t:|1771205979\n|switch|p2a: Ludicolo|Ludicolo, L89, M|95/287\n|turn|19\n|\n|t:|1771205981\n|move|p1a: Doublade|Shadow Sneak|p2a: Ludicolo\n|-damage|p2a: Ludicolo|0 fnt\n|faint|p2a: Ludicolo\n|\n|upkeep\n|\n|t:|1771205983\n|switch|p2a: Tentacruel|Tentacruel, L83, M|268/268\n|turn|20\n|\n|t:|1771205986\n|move|p2a: Tentacruel|Scald|p1a: Doublade\n|-damage|p1a: Doublade|58/239 par\n|move|p1a: Doublade|Shadow Claw|p2a: Tentacruel\n|-damage|p2a: Tentacruel|48/268\n|\n|-heal|p2a: Tentacruel|64/268|[from] item: Black Sludge\n|upkeep\n|turn|21\n|\n|t:|1771205992\n|move|p1a: Doublade|Shadow Sneak|p2a: Tentacruel\n|-damage|p2a: Tentacruel|0 fnt\n|faint|p2a: Tentacruel\n|\n|upkeep\n|\n|t:|1771205994\n|switch|p2a: Garbodor|Garbodor, L88, F|165/284\n|turn|22\n|\n|t:|1771205996\n|move|p2a: Garbodor|Stomping Tantrum|p1a: Doublade\n|-supereffective|p1a: Doublade\n|-damage|p1a: Doublade|8/239 par\n|move|p1a: Doublade|Iron Head|p2a: Garbodor\n|-damage|p2a: Garbodor|0 fnt\n|-damage|p1a: Doublade|0 fnt|[from] ability: Aftermath|[of] p2a: Garbodor\n|faint|p2a: Garbodor\n|faint|p1a: Doublade\n|\n|win|NTsweeper007\n|raw|NTsweeper007's rating: 1763 &rarr; <strong>1780</strong><br />(+17 for winning)\n|raw|kwijibo89's rating: 1711 &rarr; <strong>1694</strong><br />(-17 for losing)\n|l|‽kwijibo89\n|player|p2|\n", "inputlog": ">version 686819e5e19f8a7fd2345cfc5a08a5085efa2cc3\n>start {\"formatid\":\"gen7randombattle\",\"seed\":\"sodium,b59109900b7c1fa0a1a1f892b139ca68\",\"rated\":\"Rated battle\"}\n>player p1 {\"name\":\"NTsweeper007\",\"avatar\":\"hilbert-wonderlauncher\",\"rating\":1763,\"seed\":\"sodium,4c1e2a23dd56621358059687da4294d9\"}\n>player p2 {\"name\":\"kwijibo89\",\"avatar\":\"fisherman-gen4\",\"rating\":1711,\"seed\":\"sodium,bc36cce94bd941df9a66fafd5a20d943\"}\n>p1 switch 3\n>p2 move thunderwave\n>p1 move knockoff\n>p2 move lunge\n>p1 move facade\n>p2 move lunge\n>p1 switch 5\n>p2 move roost\n>p1 move bravebird\n>p2 move thunderwave\n>p1 move bravebird\n>p2 switch 3\n>p2 switch 5\n>p1 move bravebird\n>p2 move icebeam\n>chat ☆NTsweeper007|bruh\n>p1 move bravebird\n>p2 move gigadrain\n>p1 switch 4\n>p1 move bodyslam\n>p2 move hydropump\n>p1 move bodyslam\n>p2 switch 6\n>p1 switch 6\n>p2 move bravebird\n>p1 move hiddenpower\n>p2 move bravebird\n>p2 switch 3\n>p1 move hiddenpower\n>p2 move lunge\n>p1 switch 5\n>p1 move facade\n>p2 switch 2\n>p1 switch 3\n>p2 move painsplit\n>p1 move swordsdance\n>p2 move spikes\n>p1 move ironhead\n>p2 switch 2\n>p1 move shadowsneak\n>p2 move thunderwave\n>p2 switch 6\n>p1 move shadowsneak\n>p2 move hydropump\n>p2 switch 4\n>p1 move shadowclaw\n>p2 move scald\n>p1 move shadowsneak\n>p2 move scald\n>p2 switch 2\n>p1 move ironhead\n>p2 move stompingtantrum", "uploadtime": 1771206005, "views": 38, "formatid": "gen7randombattle", "rating": 1694, "private": 0, "password": null}