{"id": "gen7randombattle-2531209362", "format": "[Gen 7] Random Battle", "players": ["bis butch", "alex938"], "log": "|j|☆bis butch\n|j|☆alex938\n|t:|1770032017\n|gametype|singles\n|player|p1|bis butch|bruno|1648\n|player|p2|alex938|ethan|1713\n|gen|7\n|tier|[Gen 7] Random Battle\n|rated|\n|rule|Sleep Clause Mod: Limit one foe put to sleep\n|rule|HP Percentage Mod: HP is shown in percentages\n|rule|Illusion Level Mod: Illusion disguises the Pokémon's true level\n|\n|t:|1770032017\n|teamsize|p1|6\n|teamsize|p2|6\n|start\n|switch|p1a: Latias|Latias, L78, F|253/253\n|switch|p2a: Kyurem|Kyurem-Black, L77|319/319\n|-ability|p2a: Kyurem|Teravolt\n|turn|1\n|inactive|Battle timer is ON: inactive players will automatically lose when time's up. (requested by bis butch)\n|\n|t:|1770032036\n|switch|p2a: Regigigas|Regigigas, L86|329/329\n|-start|p2a: Regigigas|ability: Slow Start\n|move|p1a: Latias|Calm Mind|p1a: Latias\n|-boost|p1a: Latias|spa|1\n|-boost|p1a: Latias|spd|1\n|\n|upkeep\n|turn|2\n|\n|t:|1770032045\n|detailschange|p1a: Latias|Latias-Mega, L78, F\n|-mega|p1a: Latias|Latias|Latiasite\n|move|p1a: Latias|Draco Meteor|p2a: Regigigas\n|-crit|p2a: Regigigas\n|-damage|p2a: Regigigas|5/329\n|-unboost|p1a: Latias|spa|2\n|move|p2a: Regigigas|Thunder Wave|p1a: Latias\n|-status|p1a: Latias|par\n|\n|-heal|p2a: Regigigas|25/329|[from] item: Leftovers\n|upkeep\n|turn|3\n|\n|t:|1770032054\n|move|p2a: Regigigas|Knock Off|p1a: Latias\n|-supereffective|p1a: Latias\n|-damage|p1a: Latias|193/253 par\n|cant|p1a: Latias|par\n|\n|-heal|p2a: Regigigas|45/329|[from] item: Leftovers\n|upkeep\n|turn|4\n|\n|t:|1770032064\n|move|p2a: Regigigas|Knock Off|p1a: Latias\n|-supereffective|p1a: Latias\n|-damage|p1a: Latias|137/253 par\n|move|p1a: Latias|Psyshock|p2a: Regigigas\n|-damage|p2a: Regigigas|0 fnt\n|faint|p2a: Regigigas\n|\n|upkeep\n|\n|t:|1770032077\n|switch|p2a: Ditto|Ditto, L83|215/215\n|-transform|p2a: Ditto|p1a: Latias|[from] ability: Imposter\n|turn|5\n|\n|t:|1770032083\n|move|p2a: Ditto|Draco Meteor|p1a: Latias\n|-supereffective|p1a: Latias\n|-damage|p1a: Latias|29/253 par\n|-unboost|p2a: Ditto|spa|2\n|move|p1a: Latias|Roost|p1a: Latias\n|-heal|p1a: Latias|156/253 par\n|-singleturn|p1a: Latias|move: Roost\n|\n|upkeep\n|turn|6\n|\n|t:|1770032096\n|switch|p2a: Cofagrigus|Cofagrigus, L89, F|248/248\n|move|p1a: Latias|Draco Meteor|p2a: Cofagrigus|[miss]\n|-miss|p1a: Latias|p2a: Cofagrigus\n|\n|upkeep\n|turn|7\n|\n|t:|1770032107\n|move|p1a: Latias|Calm Mind|p1a: Latias\n|-boost|p1a: Latias|spa|1\n|-boost|p1a: Latias|spd|1\n|move|p2a: Cofagrigus|Trick Room|p2a: Cofagrigus\n|-fieldstart|move: Trick Room|[of] p2a: Cofagrigus\n|\n|upkeep\n|turn|8\n|\n|t:|1770032112\n|move|p2a: Cofagrigus|Nasty Plot|p2a: Cofagrigus\n|-boost|p2a: Cofagrigus|spa|2\n|move|p1a: Latias|Draco Meteor|p2a: Cofagrigus\n|-damage|p2a: Cofagrigus|122/248\n|-unboost|p1a: Latias|spa|2\n|\n|-heal|p2a: Cofagrigus|137/248|[from] item: Leftovers\n|upkeep\n|turn|9\n|\n|t:|1770032130\n|move|p2a: Cofagrigus|Shadow Ball|p1a: Latias\n|-supereffective|p1a: Latias\n|-damage|p1a: Latias|16/253 par\n|move|p1a: Latias|Draco Meteor|p2a: Cofagrigus|[miss]\n|-miss|p1a: Latias|p2a: Cofagrigus\n|\n|-heal|p2a: Cofagrigus|152/248|[from] item: Leftovers\n|upkeep\n|turn|10\n|\n|t:|1770032138\n|move|p2a: Cofagrigus|Shadow Ball|p1a: Latias\n|-supereffective|p1a: Latias\n|-damage|p1a: Latias|0 fnt\n|faint|p1a: Latias\n|detailschange|p1: Latias|Latias, L78, F|[silent]\n|\n|-heal|p2a: Cofagrigus|167/248|[from] item: Leftovers\n|upkeep\n|\n|t:|1770032148\n|switch|p1a: Wishiwashi|Wishiwashi, L89, F|225/225\n|-formechange|p1a: Wishiwashi|Wishiwashi-School||[from] ability: Schooling\n|turn|11\n|\n|t:|1770032153\n|move|p2a: Cofagrigus|Shadow Ball|p1a: Wishiwashi\n|-crit|p1a: Wishiwashi\n|-damage|p1a: Wishiwashi|90/225\n|move|p1a: Wishiwashi|Scald|p2a: Cofagrigus\n|-damage|p2a: Cofagrigus|59/248\n|-status|p2a: Cofagrigus|brn\n|\n|-heal|p2a: Cofagrigus|74/248 brn|[from] item: Leftovers\n|-damage|p2a: Cofagrigus|59/248 brn|[from] brn\n|-fieldend|move: Trick Room\n|upkeep\n|turn|12\n|\n|t:|1770032161\n|move|p1a: Wishiwashi|Scald|p2a: Cofagrigus\n|-damage|p2a: Cofagrigus|0 fnt\n|faint|p2a: Cofagrigus\n|\n|upkeep\n|\n|t:|1770032163\n|switch|p2a: Medicham|Medicham, L78, F|221/221\n|turn|13\n|\n|t:|1770032166\n|switch|p1a: Decidueye|Decidueye, L87, M|277/277\n|detailschange|p2a: Medicham|Medicham-Mega, L78, F\n|-mega|p2a: Medicham|Medicham|Medichamite\n|move|p2a: Medicham|Thunder Punch|p1a: Decidueye\n|-resisted|p1a: Decidueye\n|-damage|p1a: Decidueye|227/277\n|\n|upkeep\n|turn|14\n|\n|t:|1770032176\n|switch|p1a: Nihilego|Nihilego, L79|302/302\n|move|p2a: Medicham|Zen Headbutt|p1a: Nihilego\n|-supereffective|p1a: Nihilego\n|-damage|p1a: Nihilego|0 fnt\n|faint|p1a: Nihilego\n|\n|upkeep\n|\n|t:|1770032182\n|switch|p1a: Claydol|Claydol, L89|252/252\n|turn|15\n|\n|t:|1770032186\n|switch|p2a: Quagsire|Quagsire, L87, M|307/307\n|move|p1a: Claydol|Stealth Rock|p2a: Quagsire\n|-sidestart|p2: alex938|move: Stealth Rock\n|\n|upkeep\n|turn|16\n|\n|t:|1770032190\n|switch|p1a: Decidueye|Decidueye, L87, M|227/277\n|move|p2a: Quagsire|Ice Beam|p1a: Decidueye\n|-supereffective|p1a: Decidueye\n|-damage|p1a: Decidueye|137/277\n|-status|p1a: Decidueye|frz\n|\n|upkeep\n|turn|17\n|\n|t:|1770032197\n|switch|p2a: Ditto|Ditto, L83|215/215\n|-damage|p2a: Ditto|189/215|[from] Stealth Rock\n|-transform|p2a: Ditto|p1a: Decidueye|[from] ability: Imposter\n|cant|p1a: Decidueye|frz\n|\n|upkeep\n|turn|18\n|\n|t:|1770032203\n|switch|p1a: Regigigas|Regigigas, L86|329/329\n|-start|p1a: Regigigas|ability: Slow Start\n|move|p2a: Ditto|Spirit Shackle|p1a: Regigigas\n|-immune|p1a: Regigigas\n|\n|upkeep\n|turn|19\n|\n|t:|1770032211\n|switch|p2a: Quagsire|Quagsire, L87, M|307/307\n|-damage|p2a: Quagsire|288/307|[from] Stealth Rock\n|move|p1a: Regigigas|Knock Off|p2a: Quagsire\n|-damage|p2a: Quagsire|230/307\n|-enditem|p2a: Quagsire|Leftovers|[from] move: Knock Off|[of] p1a: Regigigas\n|\n|upkeep\n|turn|20\n|\n|t:|1770032218\n|switch|p1a: Decidueye|Decidueye, L87, M|137/277 frz\n|move|p2a: Quagsire|Ice Beam|p1a: Decidueye\n|-supereffective|p1a: Decidueye\n|-damage|p1a: Decidueye|47/277 frz\n|\n|upkeep\n|turn|21\n|\n|t:|1770032222\n|cant|p1a: Decidueye|frz\n|move|p2a: Quagsire|Ice Beam|p1a: Decidueye\n|-supereffective|p1a: Decidueye\n|-damage|p1a: Decidueye|0 fnt\n|faint|p1a: Decidueye\n|\n|upkeep\n|\n|t:|1770032226\n|switch|p1a: Wishiwashi|Wishiwashi, L89, F|90/225\n|-formechange|p1a: Wishiwashi|Wishiwashi-School||[from] ability: Schooling\n|turn|22\n|\n|t:|1770032232\n|move|p2a: Quagsire|Earthquake|p1a: Wishiwashi\n|-damage|p1a: Wishiwashi|23/225\n|move|p1a: Wishiwashi|Scald|p2a: Quagsire\n|-damage|p2a: Quagsire|70/307\n|\n|-formechange|p1a: Wishiwashi|Wishiwashi||[from] ability: Schooling\n|upkeep\n|turn|23\n|\n|t:|1770032236\n|move|p1a: Wishiwashi|Scald|p2a: Quagsire\n|-damage|p2a: Quagsire|19/307\n|-status|p2a: Quagsire|brn\n|move|p2a: Quagsire|Recover|p2a: Quagsire\n|-heal|p2a: Quagsire|173/307 brn\n|\n|-damage|p2a: Quagsire|154/307 brn|[from] brn\n|upkeep\n|turn|24\n|\n|t:|1770032240\n|move|p1a: Wishiwashi|U-turn|p2a: Quagsire\n|-damage|p2a: Quagsire|133/307 brn\n|\n|t:|1770032247\n|switch|p1a: Regigigas|Regigigas, L86|329/329|[from] U-turn\n|-start|p1a: Regigigas|ability: Slow Start\n|move|p2a: Quagsire|Recover|p2a: Quagsire\n|-heal|p2a: Quagsire|287/307 brn\n|\n|-damage|p2a: Quagsire|268/307 brn|[from] brn\n|upkeep\n|turn|25\n|\n|t:|1770032252\n|move|p2a: Quagsire|Scald|p1a: Regigigas\n|-damage|p1a: Regigigas|277/329\n|move|p1a: Regigigas|Return|p2a: Quagsire\n|-damage|p2a: Quagsire|189/307 brn\n|\n|-heal|p1a: Regigigas|297/329|[from] item: Leftovers\n|-damage|p2a: Quagsire|170/307 brn|[from] brn\n|upkeep\n|turn|26\n|\n|t:|1770032255\n|move|p2a: Quagsire|Scald|p1a: Regigigas\n|-damage|p1a: Regigigas|242/329\n|-status|p1a: Regigigas|brn\n|move|p1a: Regigigas|Return|p2a: Quagsire\n|-damage|p2a: Quagsire|129/307 brn\n|\n|-heal|p1a: Regigigas|262/329 brn|[from] item: Leftovers\n|-damage|p2a: Quagsire|110/307 brn|[from] brn\n|-damage|p1a: Regigigas|242/329 brn|[from] brn\n|upkeep\n|turn|27\n|\n|t:|1770032260\n|switch|p2a: Medicham|Medicham-Mega, L78, F|221/221\n|-damage|p2a: Medicham|208/221|[from] Stealth Rock\n|move|p1a: Regigigas|Return|p2a: Medicham\n|-damage|p2a: Medicham|163/221\n|\n|-heal|p1a: Regigigas|262/329 brn|[from] item: Leftovers\n|-damage|p1a: Regigigas|242/329 brn|[from] brn\n|upkeep\n|turn|28\n|\n|t:|1770032266\n|switch|p1a: Claydol|Claydol, L89|252/252\n|move|p2a: Medicham|High Jump Kick|p1a: Claydol\n|-resisted|p1a: Claydol\n|-damage|p1a: Claydol|154/252\n|\n|-heal|p1a: Claydol|169/252|[from] item: Leftovers\n|upkeep\n|turn|29\n|\n|t:|1770032271\n|switch|p2a: Quagsire|Quagsire, L87, M|110/307 brn\n|-damage|p2a: Quagsire|91/307 brn|[from] Stealth Rock\n|move|p1a: Claydol|Earthquake|p2a: Quagsire\n|-damage|p2a: Quagsire|1/307 brn\n|\n|-heal|p1a: Claydol|184/252|[from] item: Leftovers\n|-damage|p2a: Quagsire|0 fnt|[from] brn\n|faint|p2a: Quagsire\n|upkeep\n|\n|t:|1770032274\n|switch|p2a: Kyurem|Kyurem-Black, L77|319/319\n|-damage|p2a: Kyurem|240/319|[from] Stealth Rock\n|-ability|p2a: Kyurem|Teravolt\n|turn|30\n|\n|t:|1770032280\n|switch|p1a: Wishiwashi|Wishiwashi, L89, F|23/225\n|move|p2a: Kyurem|Freeze Shock||[still]\n|-prepare|p2a: Kyurem|Freeze Shock\n|\n|upkeep\n|turn|31\n|\n|t:|1770032294\n|move|p2a: Kyurem|Freeze Shock|p1a: Wishiwashi|[from] lockedmove\n|-resisted|p1a: Wishiwashi\n|-damage|p1a: Wishiwashi|0 fnt\n|faint|p1a: Wishiwashi\n|\n|upkeep\n|\n|t:|1770032308\n|switch|p1a: Regigigas|Regigigas, L86|242/329 brn\n|-start|p1a: Regigigas|ability: Slow Start\n|turn|32\n|\n|t:|1770032313\n|move|p2a: Kyurem|Hone Claws|p2a: Kyurem\n|-boost|p2a: Kyurem|atk|1\n|-boost|p2a: Kyurem|accuracy|1\n|move|p1a: Regigigas|Thunder Wave|p2a: Kyurem\n|-status|p2a: Kyurem|par\n|\n|-heal|p1a: Regigigas|262/329 brn|[from] item: Leftovers\n|-damage|p1a: Regigigas|242/329 brn|[from] brn\n|upkeep\n|turn|33\n|\n|t:|1770032318\n|move|p1a: Regigigas|Drain Punch|p2a: Kyurem\n|-supereffective|p2a: Kyurem\n|-damage|p2a: Kyurem|201/319 par\n|-heal|p1a: Regigigas|262/329 brn|[from] drain|[of] p2a: Kyurem\n|-zpower|p2a: Kyurem\n|move|p2a: Kyurem|Subzero Slammer|p1a: Regigigas|[zeffect]\n|-damage|p1a: Regigigas|0 fnt\n|faint|p1a: Regigigas\n|\n|upkeep\n|\n|t:|1770032321\n|switch|p1a: Claydol|Claydol, L89|184/252\n|turn|34\n|\n|t:|1770032323\n|move|p1a: Claydol|Earthquake|p2a: Kyurem\n|-damage|p2a: Kyurem|105/319 par\n|cant|p2a: Kyurem|par\n|\n|-heal|p1a: Claydol|199/252|[from] item: Leftovers\n|upkeep\n|turn|35\n|\n|t:|1770032328\n|move|p1a: Claydol|Earthquake|p2a: Kyurem\n|-damage|p2a: Kyurem|15/319 par\n|move|p2a: Kyurem|Outrage|p1a: Claydol\n|-damage|p1a: Claydol|0 fnt\n|faint|p1a: Claydol\n|\n|win|alex938\n|raw|bis butch's rating: 1648 &rarr; <strong>1632</strong><br />(-16 for losing)\n|raw|alex938's rating: 1713 &rarr; <strong>1729</strong><br />(+16 for winning)\n|l|☆alex938\n|player|p2|\n|l|☆bis butch\n|player|p1|\n", "inputlog": ">version ccdc32dd7cde25fd9e4bed64820e885f66e78a4e\n>start {\"formatid\":\"gen7randombattle\",\"seed\":\"sodium,9c6c8fd3fba88b80160fe4ecc8f88571\",\"rated\":\"Rated battle\"}\n>player p1 {\"name\":\"bis butch\",\"avatar\":\"bruno\",\"rating\":1648,\"seed\":\"sodium,4e8d502c177d6b696fba2937b3e09da5\"}\n>player p2 {\"name\":\"alex938\",\"avatar\":\"ethan\",\"rating\":1713,\"seed\":\"sodium,84df99dc05713931eb8d1b0af3aaec8d\"}\n>p1 move calmmind\n>p2 switch 4\n>p1 move dracometeor mega\n>p2 move thunderwave\n>p1 move psyshock\n>p2 move knockoff\n>p1 move psyshock\n>p2 move knockoff\n>p2 switch 6\n>p1 move roost\n>p2 move dracometeor\n>p1 move dracometeor\n>p2 switch 5\n>p1 move calmmind\n>p2 move trickroom\n>p1 move dracometeor\n>p2 move nastyplot\n>p1 move dracometeor\n>p2 move shadowball\n>p1 move dracometeor\n>p2 move shadowball\n>p1 switch 4\n>p1 move scald\n>p2 move shadowball\n>p1 move scald\n>p2 move shadowball\n>p2 switch 2\n>p1 switch 3\n>p2 move thunderpunch mega\n>p1 switch 6\n>p2 move zenheadbutt\n>p1 switch 2\n>p1 move stealthrock\n>p2 switch 3\n>p1 switch 6\n>p2 move icebeam\n>p1 move swordsdance\n>p2 switch 5\n>p1 switch 5\n>p2 move spiritshackle\n>p1 move knockoff\n>p2 switch 5\n>p1 switch 5\n>p2 move icebeam\n>p1 move leafblade\n>p2 move icebeam\n>p1 switch 3\n>p1 move scald\n>p2 move earthquake\n>p1 move scald\n>p2 move recover\n>p1 move uturn\n>p2 move recover\n>p1 switch 5\n>p1 move return\n>p2 move scald\n>p1 move return\n>p2 move scald\n>p1 move return\n>p2 switch 3\n>p1 switch 6\n>p2 move highjumpkick\n>p1 move earthquake\n>p2 switch 3\n>p2 switch 4\n>p1 switch 5\n>p2 move freezeshock\n>p1 move scald\n>p2 move freezeshock\n>p1 switch 6\n>p1 move thunderwave\n>p2 move honeclaws\n>p1 move drainpunch\n>p2 move freezeshock zmove\n>p1 switch 5\n>p1 move earthquake\n>p2 move outrage\n>p1 move earthquake\n>p2 move outrage", "uploadtime": 1770032557, "views": 160, "formatid": "gen7randombattle", "rating": 1632, "private": 0, "password": null}