{"id": "gen7randombattle-2536113048", "format": "[Gen 7] Random Battle", "players": ["aurora ltd", "prem6"], "log": "|j|☆aurora ltd\n|j|☆prem6\n|t:|1770655433\n|gametype|singles\n|player|p1|aurora ltd|1|1540\n|player|p2|prem6|red-masters3|1619\n|gen|7\n|tier|[Gen 7] Random Battle\n|rated|\n|rule|Sleep Clause Mod: Limit one foe put to sleep\n|rule|HP Percentage Mod: HP is shown in percentages\n|rule|Illusion Level Mod: Illusion disguises the Pokémon's true level\n|\n|t:|1770655433\n|teamsize|p1|6\n|teamsize|p2|6\n|start\n|switch|p1a: Wailord|Wailord, L94, F|471/471\n|switch|p2a: Cradily|Cradily, L89, F|298/298\n|turn|1\n|inactive|Battle timer is ON: inactive players will automatically lose when time's up. (requested by prem6)\n|inactive|aurora ltd has 120 seconds left.\n|\n|t:|1770655483\n|switch|p1a: Pangoro|Pangoro, L86, F|304/304\n|move|p2a: Cradily|Seed Bomb|p1a: Pangoro\n|-damage|p1a: Pangoro|216/304\n|\n|upkeep\n|turn|2\n|\n|t:|1770655503\n|switch|p2a: Seismitoad|Seismitoad, L85, F|317/317\n|move|p1a: Pangoro|Drain Punch|p2a: Seismitoad\n|-damage|p2a: Seismitoad|124/317\n|-heal|p1a: Pangoro|304/304|[from] drain|[of] p2a: Seismitoad\n|\n|upkeep\n|turn|3\n|inactive|prem6 has 120 seconds left.\n|\n|t:|1770655527\n|move|p2a: Seismitoad|Hydro Pump|p1a: Pangoro|[miss]\n|-miss|p2a: Seismitoad|p1a: Pangoro\n|move|p1a: Pangoro|Drain Punch|p2a: Seismitoad\n|-damage|p2a: Seismitoad|0 fnt\n|faint|p2a: Seismitoad\n|\n|upkeep\n|inactive|prem6 has 120 seconds left.\n|\n|t:|1770655553\n|switch|p2a: Magearna|Magearna-Original, L77|250/250\n|turn|4\n|inactive|aurora ltd has 120 seconds left.\n|\n|t:|1770655588\n|switch|p1a: Darmanitan|Darmanitan, L82, F|306/306\n|move|p2a: Magearna|Shift Gear|p2a: Magearna\n|-boost|p2a: Magearna|spe|2\n|-boost|p2a: Magearna|atk|1\n|\n|upkeep\n|turn|5\n|inactive|aurora ltd has 120 seconds left.\n|inactive|prem6 has 90 seconds left.\n|\n|t:|1770655612\n|switch|p2a: Blaziken|Blaziken, L73, F|237/237\n|move|p1a: Darmanitan|Earthquake|p2a: Blaziken\n|-supereffective|p2a: Blaziken\n|-damage|p2a: Blaziken|0 fnt\n|faint|p2a: Blaziken\n|-damage|p1a: Darmanitan|276/306|[from] item: Life Orb\n|\n|upkeep\n|inactive|prem6 has 90 seconds left.\n|\n|t:|1770655634\n|switch|p2a: Cradily|Cradily, L89, F|298/298\n|turn|6\n|inactive|aurora ltd has 120 seconds left.\n|\n|t:|1770655658\n|switch|p1a: Pangoro|Pangoro, L86, F|304/304\n|move|p2a: Cradily|Stone Edge|p1a: Pangoro|[miss]\n|-miss|p2a: Cradily|p1a: Pangoro\n|\n|upkeep\n|turn|7\n|inactive|prem6 has 90 seconds left.\n|\n|t:|1770655666\n|move|p1a: Pangoro|Drain Punch|p2a: Cradily\n|-supereffective|p2a: Cradily\n|-damage|p2a: Cradily|0 fnt\n|faint|p2a: Cradily\n|\n|upkeep\n|\n|t:|1770655669\n|switch|p2a: Magearna|Magearna-Original, L77|250/250\n|turn|8\n|\n|t:|1770655676\n|switch|p1a: Darmanitan|Darmanitan, L82, F|276/306\n|move|p2a: Magearna|Fleur Cannon|p1a: Darmanitan\n|-resisted|p1a: Darmanitan\n|-damage|p1a: Darmanitan|171/306\n|-unboost|p2a: Magearna|spa|2\n|\n|upkeep\n|turn|9\n|\n|t:|1770655688\n|switch|p2a: Lucario|Lucario, L82, M|249/249\n|move|p1a: Darmanitan|Flare Blitz|p2a: Lucario\n|-supereffective|p2a: Lucario\n|-damage|p2a: Lucario|0 fnt\n|faint|p2a: Lucario\n|-damage|p1a: Darmanitan|89/306|[from] Recoil\n|\n|upkeep\n|\n|t:|1770655690\n|switch|p2a: Regigigas|Regigigas, L86|329/329\n|-start|p2a: Regigigas|ability: Slow Start\n|turn|10\n|\n|t:|1770655699\n|move|p1a: Darmanitan|Flare Blitz|p2a: Regigigas\n|-crit|p2a: Regigigas\n|-damage|p2a: Regigigas|5/329\n|-damage|p1a: Darmanitan|0 fnt|[from] Recoil\n|faint|p1a: Darmanitan\n|move|p2a: Regigigas|Thunder Wave|p1: Darmanitan|[notarget]\n|-fail|p2a: Regigigas\n|\n|-heal|p2a: Regigigas|25/329|[from] item: Leftovers\n|upkeep\n|c|☆prem6|man why is my whole team weak to fighting\n|\n|t:|1770655717\n|switch|p1a: Zygarde|Zygarde-10%, L81|220/220\n|-ability|p1a: Zygarde|Aura Break\n|turn|11\n|inactive|prem6 has 120 seconds left.\n|\n|t:|1770655732\n|move|p1a: Zygarde|Thousand Arrows|p2a: Regigigas\n|-damage|p2a: Regigigas|0 fnt\n|faint|p2a: Regigigas\n|\n|upkeep\n|\n|t:|1770655735\n|switch|p2a: Magearna|Magearna-Original, L77|250/250\n|turn|12\n|inactive|prem6 has 120 seconds left.\n|\n|t:|1770655746\n|move|p1a: Zygarde|Thousand Arrows|p2a: Magearna\n|-supereffective|p2a: Magearna\n|-damage|p2a: Magearna|22/250\n|-zpower|p2a: Magearna\n|move|p2a: Magearna|Twinkle Tackle|p1a: Zygarde|[zeffect]\n|-supereffective|p1a: Zygarde\n|-damage|p1a: Zygarde|0 fnt\n|faint|p1a: Zygarde\n|-ability|p2a: Magearna|Soul-Heart|boost\n|-boost|p2a: Magearna|spa|1\n|\n|upkeep\n|\n|t:|1770655763\n|switch|p1a: Swalot|Swalot, L90, M|326/326\n|turn|13\n|\n|t:|1770655771\n|move|p1a: Swalot|Earthquake|p2a: Magearna\n|-supereffective|p2a: Magearna\n|-damage|p2a: Magearna|0 fnt\n|faint|p2a: Magearna\n|\n|win|aurora ltd\n|raw|aurora ltd's rating: 1540 &rarr; <strong>1564</strong><br />(+24 for winning)\n|raw|prem6's rating: 1619 &rarr; <strong>1595</strong><br />(-24 for losing)\n|c|☆prem6|gg\n", "inputlog": ">version ccdc32dd7cde25fd9e4bed64820e885f66e78a4e\n>start {\"formatid\":\"gen7randombattle\",\"seed\":\"sodium,cedbd2e2ad80a194c127cf3dedb14337\",\"rated\":\"Rated battle\"}\n>player p1 {\"name\":\"aurora ltd\",\"avatar\":\"1\",\"rating\":1540,\"seed\":\"sodium,e42fc22dc1c32105b1e522a538deabd6\"}\n>player p2 {\"name\":\"prem6\",\"avatar\":\"red-masters3\",\"rating\":1619,\"seed\":\"sodium,67c6ef2ded3564a3381a70321221ac6b\"}\n>p1 switch 3\n>p2 move seedbomb\n>p1 move drainpunch\n>p2 switch 4\n>p1 move drainpunch\n>p2 move hydropump\n>p2 switch 2\n>p1 switch 2\n>p2 move shiftgear\n>p1 move earthquake\n>p2 switch 5\n>p2 switch 4\n>p1 switch 2\n>p2 move stoneedge\n>p1 move drainpunch\n>p2 move seedbomb\n>p2 switch 5\n>p1 switch 2\n>p2 move fleurcannon\n>p1 move flareblitz\n>p2 switch 3\n>p2 switch 6\n>p1 move flareblitz\n>p2 move thunderwave\n>chat ☆prem6|man why is my whole team weak to fighting\n>p1 switch 6\n>p1 move thousandarrows\n>p2 move knockoff\n>p2 switch 3\n>p1 move thousandarrows\n>p2 move fleurcannon zmove\n>p1 switch 4\n>p1 move earthquake\n>p2 move flashcannon", "uploadtime": 1770655793, "views": 181, "formatid": "gen7randombattle", "rating": 1564, "private": 0, "password": null}