{"id": "gen7randombattle-2529902548", "format": "[Gen 7] Random Battle", "players": ["Likehumansdo", "white kartana"], "log": "|j|☆Likehumansdo\n|j|☆white kartana\n|t:|1769841725\n|gametype|singles\n|player|p1|Likehumansdo|102|1684\n|player|p2|white kartana|170|1724\n|gen|7\n|tier|[Gen 7] Random Battle\n|rated|\n|rule|Sleep Clause Mod: Limit one foe put to sleep\n|rule|HP Percentage Mod: HP is shown in percentages\n|rule|Illusion Level Mod: Illusion disguises the Pokémon's true level\n|\n|t:|1769841725\n|teamsize|p1|6\n|teamsize|p2|6\n|start\n|switch|p1a: Jellicent|Jellicent, L88, M|319/319\n|switch|p2a: Luxray|Luxray, L88, M|284/284\n|turn|1\n|inactive|Battle timer is ON: inactive players will automatically lose when time's up. (requested by Likehumansdo)\n|\n|t:|1769841745\n|switch|p1a: Zekrom|Zekrom, L74|270/270\n|-ability|p1a: Zekrom|Teravolt\n|move|p2a: Luxray|Wild Charge|p1a: Zekrom\n|-resisted|p1a: Zekrom\n|-damage|p1a: Zekrom|245/270\n|-damage|p2a: Luxray|278/284|[from] Recoil\n|\n|-status|p2a: Luxray|brn|[from] item: Flame Orb\n|upkeep\n|turn|2\n|\n|t:|1769841756\n|move|p1a: Zekrom|Draco Meteor|p2a: Luxray\n|-damage|p2a: Luxray|151/284 brn\n|-unboost|p1a: Zekrom|spa|2\n|move|p2a: Luxray|Facade|p1a: Zekrom\n|-damage|p1a: Zekrom|83/270\n|\n|-damage|p2a: Luxray|134/284 brn|[from] brn\n|upkeep\n|turn|3\n|\n|t:|1769841760\n|move|p1a: Zekrom|Outrage|p2a: Luxray\n|-damage|p2a: Luxray|0 fnt\n|faint|p2a: Luxray\n|\n|upkeep\n|\n|t:|1769841763\n|switch|p2a: Garchomp|Garchomp, L77, M|293/293\n|turn|4\n|\n|t:|1769841766\n|move|p2a: Garchomp|Earthquake|p1a: Zekrom\n|-supereffective|p1a: Zekrom\n|-damage|p1a: Zekrom|0 fnt\n|faint|p1a: Zekrom\n|\n|upkeep\n|\n|t:|1769841772\n|switch|p1a: Jellicent|Jellicent, L88, M|319/319\n|turn|5\n|\n|t:|1769841782\n|switch|p2a: Stoutland|Stoutland, L86, M|286/286\n|move|p1a: Jellicent|Ice Beam|p2a: Stoutland\n|-damage|p2a: Stoutland|222/286\n|\n|upkeep\n|turn|6\n|\n|t:|1769841790\n|switch|p1a: Passimian|Passimian, L84, F|305/305\n|move|p2a: Stoutland|Return|p1a: Passimian\n|-crit|p1a: Passimian\n|-damage|p1a: Passimian|10/305\n|\n|upkeep\n|turn|7\n|\n|t:|1769841796\n|move|p1a: Passimian|Close Combat|p2a: Stoutland\n|-supereffective|p2a: Stoutland\n|-damage|p2a: Stoutland|0 fnt\n|-unboost|p1a: Passimian|def|1\n|-unboost|p1a: Passimian|spd|1\n|faint|p2a: Stoutland\n|\n|upkeep\n|\n|t:|1769841799\n|switch|p2a: Garchomp|Garchomp, L77, M|293/293\n|turn|8\n|\n|t:|1769841803\n|switch|p1a: Jellicent|Jellicent, L88, M|319/319\n|move|p2a: Garchomp|Swords Dance|p2a: Garchomp\n|-boost|p2a: Garchomp|atk|2\n|\n|upkeep\n|turn|9\n|\n|t:|1769841807\n|detailschange|p2a: Garchomp|Garchomp-Mega, L77, M\n|-mega|p2a: Garchomp|Garchomp|Garchompite\n|move|p2a: Garchomp|Outrage|p1a: Jellicent\n|-damage|p1a: Jellicent|0 fnt\n|faint|p1a: Jellicent\n|\n|upkeep\n|\n|t:|1769841812\n|switch|p1a: Metagross|Metagross, L74|240/240\n|turn|10\n|\n|t:|1769841819\n|detailschange|p1a: Metagross|Metagross-Mega, L74\n|-mega|p1a: Metagross|Metagross|Metagrossite\n|move|p1a: Metagross|Zen Headbutt|p2a: Garchomp\n|-damage|p2a: Garchomp|187/293\n|cant|p2a: Garchomp|flinch\n|\n|-start|p2a: Garchomp|confusion|[fatigue]\n|upkeep\n|turn|11\n|\n|t:|1769841829\n|switch|p1a: Illumise|Illumise, L92, F|269/269\n|-activate|p2a: Garchomp|confusion\n|move|p2a: Garchomp|Earthquake|p1a: Illumise\n|-resisted|p1a: Illumise\n|-damage|p1a: Illumise|134/269\n|\n|-heal|p1a: Illumise|150/269|[from] item: Leftovers\n|upkeep\n|turn|12\n|\n|t:|1769841833\n|move|p1a: Illumise|Encore|p2a: Garchomp\n|-start|p2a: Garchomp|Encore\n|-activate|p2a: Garchomp|confusion\n|move|p2a: Garchomp|Earthquake|p1a: Illumise\n|-resisted|p1a: Illumise\n|-damage|p1a: Illumise|4/269\n|\n|-heal|p1a: Illumise|20/269|[from] item: Leftovers\n|upkeep\n|turn|13\n|\n|t:|1769841838\n|switch|p2a: Metagross|Metagross, L79|256/256\n|move|p1a: Illumise|Roost|p1a: Illumise\n|-heal|p1a: Illumise|155/269\n|-singleturn|p1a: Illumise|move: Roost\n|\n|-heal|p1a: Illumise|171/269|[from] item: Leftovers\n|upkeep\n|turn|14\n|\n|t:|1769841843\n|move|p1a: Illumise|Thunder Wave|p2a: Metagross\n|-status|p2a: Metagross|par\n|move|p2a: Metagross|Stealth Rock|p1a: Illumise\n|-sidestart|p1: Likehumansdo|move: Stealth Rock\n|\n|-heal|p1a: Illumise|187/269|[from] item: Leftovers\n|upkeep\n|turn|15\n|\n|t:|1769841848\n|switch|p2a: Garchomp|Garchomp-Mega, L77, M|187/293\n|move|p1a: Illumise|Bug Buzz|p2a: Garchomp\n|-damage|p2a: Garchomp|87/293\n|\n|-heal|p1a: Illumise|203/269|[from] item: Leftovers\n|upkeep\n|turn|16\n|\n|t:|1769841851\n|move|p1a: Illumise|Bug Buzz|p2a: Garchomp\n|-damage|p2a: Garchomp|0 fnt\n|faint|p2a: Garchomp\n|detailschange|p2: Garchomp|Garchomp, L77, M|[silent]\n|\n|-heal|p1a: Illumise|219/269|[from] item: Leftovers\n|upkeep\n|\n|t:|1769841852\n|switch|p2a: Metagross|Metagross, L79|256/256 par\n|turn|17\n|\n|t:|1769841857\n|move|p1a: Illumise|Bug Buzz|p2a: Metagross\n|-damage|p2a: Metagross|168/256 par\n|cant|p2a: Metagross|par\n|\n|-heal|p1a: Illumise|235/269|[from] item: Leftovers\n|-heal|p2a: Metagross|184/256 par|[from] item: Leftovers\n|upkeep\n|turn|18\n|\n|t:|1769841861\n|move|p1a: Illumise|Bug Buzz|p2a: Metagross\n|-damage|p2a: Metagross|91/256 par\n|move|p2a: Metagross|Meteor Mash|p1a: Illumise|[miss]\n|-miss|p2a: Metagross|p1a: Illumise\n|\n|-heal|p1a: Illumise|251/269|[from] item: Leftovers\n|-heal|p2a: Metagross|107/256 par|[from] item: Leftovers\n|upkeep\n|turn|19\n|\n|t:|1769841865\n|move|p1a: Illumise|Bug Buzz|p2a: Metagross\n|-damage|p2a: Metagross|4/256 par\n|move|p2a: Metagross|Meteor Mash|p1a: Illumise\n|-damage|p1a: Illumise|134/269\n|\n|-heal|p1a: Illumise|150/269|[from] item: Leftovers\n|-heal|p2a: Metagross|20/256 par|[from] item: Leftovers\n|upkeep\n|turn|20\n|\n|t:|1769841868\n|move|p1a: Illumise|Bug Buzz|p2a: Metagross\n|-damage|p2a: Metagross|0 fnt\n|faint|p2a: Metagross\n|\n|-heal|p1a: Illumise|166/269|[from] item: Leftovers\n|upkeep\n|\n|t:|1769841870\n|switch|p2a: Porygon-Z|Porygon-Z, L80|267/267\n|turn|21\n|c|☆white kartana|remember\n|c|☆white kartana|I am slower\n|\n|t:|1769841884\n|move|p1a: Illumise|Thunder Wave|p2a: Porygon-Z\n|-status|p2a: Porygon-Z|par\n|move|p2a: Porygon-Z|Tri Attack|p1a: Illumise\n|-damage|p1a: Illumise|0 fnt\n|faint|p1a: Illumise\n|\n|upkeep\n|\n|t:|1769841897\n|switch|p1a: Metagross|Metagross-Mega, L74|240/240\n|-damage|p1a: Metagross|225/240|[from] Stealth Rock\n|turn|22\n|\n|t:|1769841903\n|move|p1a: Metagross|Meteor Mash|p2a: Porygon-Z\n|-damage|p2a: Porygon-Z|90/267 par\n|move|p2a: Porygon-Z|Tri Attack|p1a: Metagross\n|-resisted|p1a: Metagross\n|-damage|p1a: Metagross|135/240\n|\n|upkeep\n|turn|23\n|\n|t:|1769841910\n|move|p1a: Metagross|Meteor Mash|p2a: Porygon-Z\n|-damage|p2a: Porygon-Z|0 fnt\n|faint|p2a: Porygon-Z\n|\n|upkeep\n|\n|t:|1769841911\n|switch|p2a: Darmanitan|Darmanitan, L82, F|306/306\n|turn|24\n|\n|t:|1769841915\n|move|p1a: Metagross|Earthquake|p2a: Darmanitan\n|-supereffective|p2a: Darmanitan\n|-damage|p2a: Darmanitan|90/306\n|move|p2a: Darmanitan|Earthquake|p1a: Metagross\n|-supereffective|p1a: Metagross\n|-damage|p1a: Metagross|0 fnt\n|faint|p1a: Metagross\n|detailschange|p1: Metagross|Metagross, L74|[silent]\n|-damage|p2a: Darmanitan|60/306|[from] item: Life Orb\n|\n|upkeep\n|\n|t:|1769841918\n|switch|p1a: Bruxish|Bruxish, L85, F|254/254\n|-damage|p1a: Bruxish|223/254|[from] Stealth Rock\n|turn|25\n|\n|t:|1769841922\n|move|p1a: Bruxish|Liquidation|p2a: Darmanitan\n|-supereffective|p2a: Darmanitan\n|-damage|p2a: Darmanitan|0 fnt\n|faint|p2a: Darmanitan\n|\n|win|Likehumansdo\n|raw|Likehumansdo's rating: 1684 &rarr; <strong>1706</strong><br />(+22 for winning)\n|raw|white kartana's rating: 1724 &rarr; <strong>1702</strong><br />(-22 for losing)\n|l|☆white kartana\n|player|p2|\n|c|☆Likehumansdo|gg\n|j|☆white kartana\n|player|p2|white kartana|170|\n", "inputlog": ">version b99ff0165a6231f17e8b78c2a78d1998375de664\n>start {\"formatid\":\"gen7randombattle\",\"seed\":\"sodium,639cb0a610aef2cf0b1af24916bc3a68\",\"rated\":\"Rated battle\"}\n>player p1 {\"name\":\"Likehumansdo\",\"avatar\":\"102\",\"rating\":1684,\"seed\":\"sodium,ed2e993ecdc41850b6156c1955f8f487\"}\n>player p2 {\"name\":\"white kartana\",\"avatar\":\"170\",\"rating\":1724,\"seed\":\"sodium,028967f8344f930bb233346b353f14f0\"}\n>p1 switch 6\n>p2 move wildcharge\n>p1 move dracometeor\n>p2 move facade\n>p1 move outrage\n>p2 move facade\n>p2 switch 6\n>p1 move outrage\n>p2 move earthquake\n>p1 switch 6\n>p1 move icebeam\n>p2 switch 3\n>p1 switch 3\n>p2 move return\n>p1 move closecombat\n>p2 move return\n>p2 switch 3\n>p1 switch 3\n>p2 move swordsdance\n>p1 move icebeam\n>p2 move outrage mega\n>p1 switch 5\n>p1 move zenheadbutt mega\n>p2 move outrage\n>p1 switch 4\n>p2 move earthquake\n>p1 move encore\n>p2 move outrage\n>p1 move roost\n>p2 switch 2\n>p1 move thunderwave\n>p2 move stealthrock\n>p1 move bugbuzz\n>p2 switch 2\n>p1 move bugbuzz\n>p2 move outrage\n>p2 switch 2\n>p1 move bugbuzz\n>p2 move meteormash\n>p1 move bugbuzz\n>p2 move meteormash\n>p1 move bugbuzz\n>p2 move meteormash\n>p1 move bugbuzz\n>p2 move meteormash\n>p2 switch 4\n>chat ☆white kartana|remember\n>chat ☆white kartana|I am slower\n>p1 move thunderwave\n>p2 move triattack\n>p1 switch 4\n>p1 move meteormash\n>p2 move triattack\n>p1 move meteormash\n>p2 move triattack\n>p2 switch 5\n>p1 move earthquake\n>p2 move earthquake\n>p1 switch 2\n>p1 move liquidation\n>p2 move uturn", "uploadtime": 1769841935, "views": 186, "formatid": "gen7randombattle", "rating": 1702, "private": 0, "password": null}