{"id": "gen7randombattle-2526328297", "format": "[Gen 7] Random Battle", "players": ["sirsigma3rd", "La.Hellhound"], "log": "|j|☆sirsigma3rd\n|j|‽La.Hellhound\n|t:|1769397277\n|gametype|singles\n|player|p1|sirsigma3rd|169|1629\n|player|p2|La.Hellhound|bruno|1710\n|gen|7\n|tier|[Gen 7] Random Battle\n|rated|\n|rule|Sleep Clause Mod: Limit one foe put to sleep\n|rule|HP Percentage Mod: HP is shown in percentages\n|rule|Illusion Level Mod: Illusion disguises the Pokémon's true level\n|\n|t:|1769397277\n|teamsize|p1|6\n|teamsize|p2|6\n|start\n|switch|p1a: Necrozma|Necrozma-Dusk-Mane, L69|248/248\n|switch|p2a: Mudsdale|Mudsdale, L83, F|302/302\n|turn|1\n|inactive|Battle timer is ON: inactive players will automatically lose when time's up. (requested by La.Hellhound)\n|inactive|sirsigma3rd also wants the timer to be on.\n|inactive|La.Hellhound has 120 seconds left.\n|\n|t:|1769397318\n|switch|p1a: Swanna|Swanna, L88, M|275/275\n|switch|p2a: Regirock|Regirock, L87|281/281\n|\n|upkeep\n|turn|2\n|\n|t:|1769397336\n|switch|p2a: Reshiram|Reshiram, L75|274/274\n|-ability|p2a: Reshiram|Turboblaze\n|move|p1a: Swanna|Scald|p2a: Reshiram\n|-damage|p2a: Reshiram|204/274\n|\n|-heal|p2a: Reshiram|221/274|[from] item: Leftovers\n|upkeep\n|turn|3\n|\n|t:|1769397347\n|move|p1a: Swanna|Toxic|p2a: Reshiram\n|-status|p2a: Reshiram|tox\n|move|p2a: Reshiram|Draco Meteor|p1a: Swanna\n|-damage|p1a: Swanna|83/275\n|-unboost|p2a: Reshiram|spa|2\n|\n|-heal|p1a: Swanna|100/275|[from] item: Leftovers\n|-heal|p2a: Reshiram|238/274 tox|[from] item: Leftovers\n|-damage|p2a: Reshiram|221/274 tox|[from] psn\n|upkeep\n|turn|4\n|\n|t:|1769397359\n|switch|p2a: Aerodactyl|Aerodactyl, L78, M|253/253\n|-ability|p2a: Aerodactyl|Unnerve\n|move|p1a: Swanna|Roost|p1a: Swanna\n|-heal|p1a: Swanna|238/275\n|-singleturn|p1a: Swanna|move: Roost\n|\n|-heal|p1a: Swanna|255/275|[from] item: Leftovers\n|upkeep\n|turn|5\n|\n|t:|1769397368\n|detailschange|p2a: Aerodactyl|Aerodactyl-Mega, L78, M\n|-mega|p2a: Aerodactyl|Aerodactyl|Aerodactylite\n|move|p2a: Aerodactyl|Stone Edge|p1a: Swanna|[miss]\n|-miss|p2a: Aerodactyl|p1a: Swanna\n|move|p1a: Swanna|Scald|p2a: Aerodactyl\n|-supereffective|p2a: Aerodactyl\n|-damage|p2a: Aerodactyl|65/253\n|\n|-heal|p1a: Swanna|272/275|[from] item: Leftovers\n|upkeep\n|turn|6\n|\n|t:|1769397377\n|move|p2a: Aerodactyl|Stone Edge|p1a: Swanna\n|-supereffective|p1a: Swanna\n|-damage|p1a: Swanna|0 fnt\n|faint|p1a: Swanna\n|\n|upkeep\n|inactive|sirsigma3rd has 120 seconds left.\n|\n|t:|1769397420\n|switch|p1a: Silvally|Silvally-Ice, L87|307/307\n|turn|7\n|\n|t:|1769397441\n|move|p2a: Aerodactyl|Stone Edge|p1a: Silvally\n|-supereffective|p1a: Silvally\n|-damage|p1a: Silvally|91/307\n|move|p1a: Silvally|Multi-Attack|p2a: Aerodactyl\n|-supereffective|p2a: Aerodactyl\n|-damage|p2a: Aerodactyl|0 fnt\n|faint|p2a: Aerodactyl\n|detailschange|p2: Aerodactyl|Aerodactyl, L78, M|[silent]\n|\n|upkeep\n|\n|t:|1769397455\n|switch|p2a: Cherrim|Cherrim, L99, F|299/299\n|turn|8\n|\n|t:|1769397463\n|move|p2a: Cherrim|Energy Ball|p1a: Silvally\n|-damage|p1a: Silvally|0 fnt\n|faint|p1a: Silvally\n|\n|upkeep\n|\n|t:|1769397478\n|switch|p1a: Necrozma|Necrozma-Dusk-Mane, L69|248/248\n|turn|9\n|\n|t:|1769397486\n|switch|p2a: Mudsdale|Mudsdale, L83, F|302/302\n|move|p1a: Necrozma|Swords Dance|p1a: Necrozma\n|-boost|p1a: Necrozma|atk|2\n|\n|upkeep\n|turn|10\n|inactive|sirsigma3rd has 120 seconds left.\n|\n|t:|1769397514\n|move|p1a: Necrozma|Photon Geyser|p2a: Mudsdale\n|-damage|p2a: Mudsdale|95/302\n|-ability|p2a: Mudsdale|Stamina|boost\n|-boost|p2a: Mudsdale|def|1\n|move|p2a: Mudsdale|Earthquake|p1a: Necrozma\n|-supereffective|p1a: Necrozma\n|-damage|p1a: Necrozma|10/248\n|\n|upkeep\n|turn|11\n|inactive|sirsigma3rd has 120 seconds left.\n|\n|t:|1769397529\n|move|p1a: Necrozma|Photon Geyser|p2a: Mudsdale\n|-damage|p2a: Mudsdale|0 fnt\n|faint|p2a: Mudsdale\n|\n|upkeep\n|\n|t:|1769397545\n|switch|p2a: Cherrim|Cherrim, L99, F|299/299\n|turn|12\n|\n|t:|1769397559\n|switch|p1a: Sigilyph|Sigilyph, L85, F|261/261\n|move|p2a: Cherrim|Energy Ball|p1a: Sigilyph\n|-resisted|p1a: Sigilyph\n|-damage|p1a: Sigilyph|160/261\n|-unboost|p1a: Sigilyph|spd|1\n|\n|upkeep\n|turn|13\n|\n|t:|1769397566\n|move|p2a: Cherrim|Energy Ball|p1a: Sigilyph\n|-resisted|p1a: Sigilyph\n|-damage|p1a: Sigilyph|28/261\n|move|p1a: Sigilyph|Air Slash|p2a: Cherrim\n|-supereffective|p2a: Cherrim\n|-damage|p2a: Cherrim|57/299\n|\n|upkeep\n|turn|14\n|\n|t:|1769397572\n|move|p2a: Cherrim|Energy Ball|p1a: Sigilyph\n|-resisted|p1a: Sigilyph\n|-damage|p1a: Sigilyph|0 fnt\n|faint|p1a: Sigilyph\n|\n|upkeep\n|\n|t:|1769397574\n|switch|p1a: Liepard|Liepard, L91, M|264/264\n|turn|15\n|\n|t:|1769397580\n|switch|p2a: Regirock|Regirock, L87|281/281\n|move|p1a: Liepard|Knock Off|p2a: Regirock\n|-damage|p2a: Regirock|229/281\n|-enditem|p2a: Regirock|Leftovers|[from] move: Knock Off|[of] p1a: Liepard\n|\n|upkeep\n|turn|16\n|\n|t:|1769397587\n|move|p1a: Liepard|Thunder Wave|p2a: Regirock\n|-status|p2a: Regirock|par\n|move|p2a: Regirock|Stealth Rock|p1a: Liepard\n|-sidestart|p1: sirsigma3rd|move: Stealth Rock\n|\n|upkeep\n|turn|17\n|\n|t:|1769397594\n|move|p1a: Liepard|Copycat|p1a: Liepard\n|move|p1a: Liepard|Stealth Rock|p2a: Regirock|[from] move: Copycat\n|-sidestart|p2: La.Hellhound|move: Stealth Rock\n|move|p2a: Regirock|Drain Punch|p1a: Liepard\n|-supereffective|p1a: Liepard\n|-damage|p1a: Liepard|106/264\n|-heal|p2a: Regirock|281/281 par|[from] drain|[of] p1a: Liepard\n|\n|-heal|p1a: Liepard|122/264|[from] item: Leftovers\n|upkeep\n|turn|18\n|\n|t:|1769397604\n|switch|p2a: Floette|Floette-Eternal, L83, F|259/259\n|-damage|p2a: Floette|227/259|[from] Stealth Rock\n|move|p1a: Liepard|Copycat|p1a: Liepard\n|move|p1a: Liepard|Drain Punch|p2a: Floette|[from] move: Copycat\n|-resisted|p2a: Floette\n|-crit|p2a: Floette\n|-damage|p2a: Floette|173/259\n|-heal|p1a: Liepard|149/264|[from] drain|[of] p2a: Floette\n|\n|-heal|p1a: Liepard|165/264|[from] item: Leftovers\n|upkeep\n|turn|19\n|\n|t:|1769397615\n|switch|p1a: Necrozma|Necrozma-Dusk-Mane, L69|10/248\n|-damage|p1a: Necrozma|0 fnt|[from] Stealth Rock\n|faint|p1a: Necrozma\n|move|p2a: Floette|Moonblast|p1: Necrozma|[notarget]\n|-fail|p2a: Floette\n|\n|upkeep\n|\n|t:|1769397619\n|switch|p1a: Lycanroc|Lycanroc-Dusk, L83, F|260/260\n|-damage|p1a: Lycanroc|228/260|[from] Stealth Rock\n|turn|20\n|\n|t:|1769397624\n|move|p1a: Lycanroc|Stone Edge|p2a: Floette\n|-damage|p2a: Floette|0 fnt\n|faint|p2a: Floette\n|-damage|p1a: Lycanroc|202/260|[from] item: Life Orb\n|\n|upkeep\n|\n|t:|1769397631\n|switch|p2a: Regirock|Regirock, L87|281/281 par\n|-damage|p2a: Regirock|246/281 par|[from] Stealth Rock\n|turn|21\n|\n|t:|1769397641\n|move|p1a: Lycanroc|Swords Dance|p1a: Lycanroc\n|-boost|p1a: Lycanroc|atk|2\n|move|p2a: Regirock|Drain Punch|p1a: Lycanroc\n|-supereffective|p1a: Lycanroc\n|-damage|p1a: Lycanroc|66/260\n|-heal|p2a: Regirock|281/281 par|[from] drain|[of] p1a: Lycanroc\n|\n|upkeep\n|turn|22\n|\n|t:|1769397648\n|move|p1a: Lycanroc|Drill Run|p2a: Regirock\n|-supereffective|p2a: Regirock\n|-damage|p2a: Regirock|70/281 par\n|-damage|p1a: Lycanroc|40/260|[from] item: Life Orb\n|move|p2a: Regirock|Drain Punch|p1a: Lycanroc\n|-supereffective|p1a: Lycanroc\n|-damage|p1a: Lycanroc|0 fnt\n|-heal|p2a: Regirock|90/281 par|[from] drain|[of] p1a: Lycanroc\n|faint|p1a: Lycanroc\n|\n|upkeep\n|\n|t:|1769397653\n|switch|p1a: Liepard|Liepard, L91, M|165/264\n|-damage|p1a: Liepard|132/264|[from] Stealth Rock\n|turn|23\n|\n|t:|1769397664\n|move|p1a: Liepard|Copycat|p1a: Liepard\n|move|p1a: Liepard|Drain Punch|p2a: Regirock|[from] move: Copycat\n|-supereffective|p2a: Regirock\n|-damage|p2a: Regirock|32/281 par\n|-heal|p1a: Liepard|161/264|[from] drain|[of] p2a: Regirock\n|move|p2a: Regirock|Drain Punch|p1a: Liepard\n|-supereffective|p1a: Liepard\n|-damage|p1a: Liepard|11/264\n|-heal|p2a: Regirock|107/281 par|[from] drain|[of] p1a: Liepard\n|\n|-heal|p1a: Liepard|27/264|[from] item: Leftovers\n|upkeep\n|turn|24\n|\n|t:|1769397675\n|move|p1a: Liepard|Copycat|p1a: Liepard\n|move|p1a: Liepard|Drain Punch|p2a: Regirock|[from] move: Copycat\n|-supereffective|p2a: Regirock\n|-damage|p2a: Regirock|49/281 par\n|-heal|p1a: Liepard|56/264|[from] drain|[of] p2a: Regirock\n|cant|p2a: Regirock|par\n|\n|-heal|p1a: Liepard|72/264|[from] item: Leftovers\n|upkeep\n|turn|25\n|\n|t:|1769397686\n|move|p1a: Liepard|Copycat|p1a: Liepard\n|move|p1a: Liepard|Drain Punch|p2a: Regirock|[from] move: Copycat\n|-supereffective|p2a: Regirock\n|-damage|p2a: Regirock|0 fnt\n|-heal|p1a: Liepard|97/264|[from] drain|[of] p2a: Regirock\n|faint|p2a: Regirock\n|\n|-heal|p1a: Liepard|113/264|[from] item: Leftovers\n|upkeep\n|\n|t:|1769397694\n|switch|p2a: Reshiram|Reshiram, L75|221/274 tox\n|-damage|p2a: Reshiram|153/274 tox|[from] Stealth Rock\n|-ability|p2a: Reshiram|Turboblaze\n|turn|26\n|\n|t:|1769397704\n|move|p1a: Liepard|Copycat|p1a: Liepard\n|move|p1a: Liepard|Drain Punch|p2a: Reshiram|[from] move: Copycat\n|-damage|p2a: Reshiram|95/274 tox\n|-heal|p1a: Liepard|142/264|[from] drain|[of] p2a: Reshiram\n|move|p2a: Reshiram|Draco Meteor|p1a: Liepard\n|-damage|p1a: Liepard|0 fnt\n|-unboost|p2a: Reshiram|spa|2\n|faint|p1a: Liepard\n|\n|win|La.Hellhound\n|raw|sirsigma3rd's rating: 1629 &rarr; <strong>1614</strong><br />(-15 for losing)\n|raw|La.Hellhound's rating: 1710 &rarr; <strong>1725</strong><br />(+15 for winning)\n|l|☆sirsigma3rd\n|player|p1|\n", "inputlog": ">version b99ff0165a6231f17e8b78c2a78d1998375de664\n>start {\"formatid\":\"gen7randombattle\",\"seed\":\"sodium,cb9891e151eecfeb8e5a3ddbbf964ba5\",\"rated\":\"Rated battle\"}\n>player p1 {\"name\":\"sirsigma3rd\",\"avatar\":\"169\",\"rating\":1629,\"seed\":\"sodium,af67116e52ed0e178a9db6d3e1658af5\"}\n>player p2 {\"name\":\"La.Hellhound\",\"avatar\":\"bruno\",\"rating\":1710,\"seed\":\"sodium,9fcd29fa5fd9c51e1b99c039a7bdcabc\"}\n>p1 switch 4\n>p2 switch 5\n>p1 move scald\n>p2 switch 6\n>p1 move toxic\n>p2 move dracometeor\n>p1 move roost\n>p2 switch 3\n>p1 move scald\n>p2 move stoneedge mega\n>p1 move scald\n>p2 move stoneedge\n>p1 switch 3\n>p1 move multiattack\n>p2 move stoneedge\n>p2 switch 2\n>p1 move multiattack\n>p2 move energyball\n>p1 switch 4\n>p1 move swordsdance\n>p2 switch 5\n>p1 move photongeyser\n>p2 move earthquake\n>p1 move photongeyser\n>p2 move earthquake\n>p2 switch 5\n>p1 switch 5\n>p2 move energyball\n>p1 move airslash\n>p2 move energyball\n>p1 move airslash\n>p2 move energyball\n>p1 switch 6\n>p1 move knockoff\n>p2 switch 6\n>p1 move thunderwave\n>p2 move stealthrock\n>p1 move copycat\n>p2 move drainpunch\n>p1 move copycat\n>p2 switch 4\n>p1 switch 5\n>p2 move moonblast\n>p1 switch 2\n>p1 move stoneedge\n>p2 move moonblast\n>p2 switch 4\n>p1 move swordsdance\n>p2 move drainpunch\n>p1 move drillrun\n>p2 move drainpunch\n>p1 switch 5\n>p1 move copycat\n>p2 move drainpunch\n>p1 move copycat\n>p2 move drainpunch\n>p1 move copycat\n>p2 move toxic\n>p2 switch 3\n>p1 move copycat\n>p2 move dracometeor", "uploadtime": 1769397714, "views": 184, "formatid": "gen7randombattle", "rating": 1614, "private": 0, "password": null}