{"id": "gen7randombattle-2534682907", "format": "[Gen 7] Random Battle", "players": ["5uker", "may/gen3"], "log": "|j|☆5uker\n|j|☆may/gen3\n|t:|1770460715\n|gametype|singles\n|player|p1|5uker|170|1581\n|player|p2|may/gen3|may|1747\n|gen|7\n|tier|[Gen 7] Random Battle\n|rated|\n|rule|Sleep Clause Mod: Limit one foe put to sleep\n|rule|HP Percentage Mod: HP is shown in percentages\n|rule|Illusion Level Mod: Illusion disguises the Pokémon's true level\n|\n|t:|1770460715\n|teamsize|p1|6\n|teamsize|p2|6\n|start\n|switch|p1a: Torkoal|Torkoal, L84, F|255/255\n|switch|p2a: Whimsicott|Whimsicott, L87, F|246/246\n|-weather|SunnyDay|[from] ability: Drought|[of] p1a: Torkoal\n|turn|1\n|c|☆may/gen3|hi\n|inactive|Battle timer is ON: inactive players will automatically lose when time's up. (requested by 5uker)\n|\n|t:|1770460730\n|move|p2a: Whimsicott|Substitute|p2a: Whimsicott\n|-start|p2a: Whimsicott|Substitute\n|-damage|p2a: Whimsicott|185/246\n|move|p1a: Torkoal|Lava Plume|p2a: Whimsicott\n|-supereffective|p2a: Whimsicott\n|-end|p2a: Whimsicott|Substitute\n|\n|-weather|SunnyDay|[upkeep]\n|-heal|p2a: Whimsicott|200/246|[from] item: Leftovers\n|upkeep\n|turn|2\n|\n|t:|1770460739\n|switch|p2a: Wobbuffet|Wobbuffet, L94, F|510/510\n|move|p1a: Torkoal|Lava Plume|p2a: Wobbuffet\n|-damage|p2a: Wobbuffet|362/510\n|-status|p2a: Wobbuffet|brn\n|\n|-weather|SunnyDay|[upkeep]\n|-damage|p2a: Wobbuffet|331/510 brn|[from] brn\n|upkeep\n|turn|3\n|c|☆may/gen3|I got a aunt called Hilda lol\n|\n|t:|1770460752\n|move|p2a: Wobbuffet|Encore|p1a: Torkoal\n|-start|p1a: Torkoal|Encore\n|move|p1a: Torkoal|Lava Plume|p2a: Wobbuffet\n|-damage|p2a: Wobbuffet|195/510 brn\n|\n|-weather|SunnyDay|[upkeep]\n|-damage|p2a: Wobbuffet|164/510 brn|[from] brn\n|upkeep\n|turn|4\n|\n|t:|1770460755\n|move|p1a: Torkoal|Lava Plume|p2a: Wobbuffet\n|-damage|p2a: Wobbuffet|25/510 brn\n|move|p2a: Wobbuffet|Mirror Coat|p1a: Torkoal\n|-damage|p1a: Torkoal|0 fnt\n|faint|p1a: Torkoal\n|\n|-weather|SunnyDay|[upkeep]\n|-damage|p2a: Wobbuffet|0 fnt|[from] brn\n|faint|p2a: Wobbuffet\n|upkeep\n|\n|t:|1770460768\n|switch|p2a: Dedenne|Dedenne, L91, M|268/268\n|switch|p1a: Illumise|Illumise, L92, F|269/269\n|turn|5\n|c|☆may/gen3|and a aunt called Rosa  lol\n|\n|t:|1770460779\n|move|p2a: Dedenne|Toxic|p1a: Illumise\n|-status|p1a: Illumise|tox\n|move|p1a: Illumise|Bug Buzz|p2a: Dedenne\n|-resisted|p2a: Dedenne\n|-damage|p2a: Dedenne|221/268\n|\n|-weather|none\n|-damage|p1a: Illumise|253/269 tox|[from] psn\n|upkeep\n|turn|6\n|\n|t:|1770460795\n|move|p1a: Illumise|Encore|p2a: Dedenne\n|-start|p2a: Dedenne|Encore\n|move|p2a: Dedenne|Toxic|p1a: Illumise\n|-fail|p1a: Illumise|tox\n|\n|-heal|p1a: Illumise|269/269 tox|[from] item: Leftovers\n|-damage|p1a: Illumise|237/269 tox|[from] psn\n|upkeep\n|turn|7\n|\n|t:|1770460801\n|switch|p2a: Crobat|Crobat, L82, M|274/274\n|move|p1a: Illumise|Bug Buzz|p2a: Crobat\n|-resisted|p2a: Crobat\n|-damage|p2a: Crobat|250/274\n|-unboost|p2a: Crobat|spd|1\n|\n|-heal|p2a: Crobat|267/274|[from] item: Black Sludge\n|-heal|p1a: Illumise|253/269 tox|[from] item: Leftovers\n|-damage|p1a: Illumise|205/269 tox|[from] psn\n|upkeep\n|turn|8\n|\n|t:|1770460808\n|switch|p2a: Galvantula|Galvantula, L80, M|243/243\n|move|p1a: Illumise|Thunder Wave|p2a: Galvantula\n|-immune|p2a: Galvantula\n|\n|-heal|p1a: Illumise|221/269 tox|[from] item: Leftovers\n|-damage|p1a: Illumise|157/269 tox|[from] psn\n|upkeep\n|turn|9\n|c|☆may/gen3|this is tough battle illumise is hard to knock down\n|\n|t:|1770460818\n|switch|p1a: Raikou|Raikou, L81|278/278\n|-ability|p1a: Raikou|Pressure\n|move|p2a: Galvantula|Sticky Web|p1a: Raikou\n|-sidestart|p1: 5uker|move: Sticky Web\n|\n|upkeep\n|turn|10\n|\n|t:|1770460824\n|switch|p2a: Whimsicott|Whimsicott, L87, F|200/246\n|move|p1a: Raikou|Calm Mind|p1a: Raikou\n|-boost|p1a: Raikou|spa|1\n|-boost|p1a: Raikou|spd|1\n|\n|-heal|p2a: Whimsicott|215/246|[from] item: Leftovers\n|upkeep\n|turn|11\n|\n|t:|1770460827\n|move|p2a: Whimsicott|Encore|p1a: Raikou\n|-start|p1a: Raikou|Encore\n|move|p1a: Raikou|Calm Mind|p1a: Raikou\n|-boost|p1a: Raikou|spa|1\n|-boost|p1a: Raikou|spd|1\n|\n|-heal|p2a: Whimsicott|230/246|[from] item: Leftovers\n|upkeep\n|turn|12\n|\n|t:|1770460832\n|switch|p1a: Illumise|Illumise, L92, F|157/269 tox\n|-activate|p1a: Illumise|move: Sticky Web\n|-unboost|p1a: Illumise|spe|1\n|move|p2a: Whimsicott|Substitute|p2a: Whimsicott\n|-start|p2a: Whimsicott|Substitute\n|-damage|p2a: Whimsicott|169/246\n|\n|-heal|p2a: Whimsicott|184/246|[from] item: Leftovers\n|-heal|p1a: Illumise|173/269 tox|[from] item: Leftovers\n|-damage|p1a: Illumise|157/269 tox|[from] psn\n|upkeep\n|turn|13\n|\n|t:|1770460835\n|move|p1a: Illumise|Encore|p2a: Whimsicott\n|-start|p2a: Whimsicott|Encore\n|move|p2a: Whimsicott|Substitute|p2a: Whimsicott\n|-fail|p2a: Whimsicott|move: Substitute\n|\n|-heal|p2a: Whimsicott|199/246|[from] item: Leftovers\n|-heal|p1a: Illumise|173/269 tox|[from] item: Leftovers\n|-damage|p1a: Illumise|141/269 tox|[from] psn\n|upkeep\n|turn|14\n|\n|t:|1770460839\n|move|p2a: Whimsicott|Substitute|p2a: Whimsicott\n|-fail|p2a: Whimsicott|move: Substitute\n|move|p1a: Illumise|Bug Buzz|p2a: Whimsicott\n|-damage|p2a: Whimsicott|91/246\n|-unboost|p2a: Whimsicott|spd|1\n|\n|-heal|p2a: Whimsicott|106/246|[from] item: Leftovers\n|-heal|p1a: Illumise|157/269 tox|[from] item: Leftovers\n|-damage|p1a: Illumise|109/269 tox|[from] psn\n|upkeep\n|turn|15\n|\n|t:|1770460844\n|switch|p2a: Dedenne|Dedenne, L91, M|221/268\n|move|p1a: Illumise|Bug Buzz|p2a: Dedenne\n|-resisted|p2a: Dedenne\n|-damage|p2a: Dedenne|166/268\n|\n|-heal|p1a: Illumise|125/269 tox|[from] item: Leftovers\n|-damage|p1a: Illumise|61/269 tox|[from] psn\n|upkeep\n|turn|16\n|\n|t:|1770460847\n|move|p1a: Illumise|Roost|p1a: Illumise\n|-heal|p1a: Illumise|196/269 tox\n|-singleturn|p1a: Illumise|move: Roost\n|move|p2a: Dedenne|Thunderbolt|p1a: Illumise\n|-crit|p1a: Illumise\n|-damage|p1a: Illumise|64/269 tox\n|\n|-heal|p1a: Illumise|80/269 tox|[from] item: Leftovers\n|-damage|p1a: Illumise|0 fnt|[from] psn\n|faint|p1a: Illumise\n|upkeep\n|\n|t:|1770460855\n|switch|p1a: Garchomp|Garchomp, L77, F|293/293\n|-activate|p1a: Garchomp|move: Sticky Web\n|-unboost|p1a: Garchomp|spe|1\n|turn|17\n|\n|t:|1770460865\n|switch|p2a: Whimsicott|Whimsicott, L87, F|106/246\n|detailschange|p1a: Garchomp|Garchomp-Mega, L77, F\n|-mega|p1a: Garchomp|Garchomp|Garchompite\n|move|p1a: Garchomp|Earthquake|p2a: Whimsicott\n|-resisted|p2a: Whimsicott\n|-damage|p2a: Whimsicott|42/246\n|\n|-heal|p2a: Whimsicott|57/246|[from] item: Leftovers\n|upkeep\n|turn|18\n|c|☆may/gen3|moonblast gonna do 75 damage\n|inactive|5uker has 120 seconds left.\n|\n|t:|1770460896\n|move|p2a: Whimsicott|Moonblast|p1a: Garchomp\n|-supereffective|p1a: Garchomp\n|-damage|p1a: Garchomp|105/293\n|-unboost|p1a: Garchomp|spa|1\n|move|p1a: Garchomp|Fire Fang|p2a: Whimsicott\n|-supereffective|p2a: Whimsicott\n|-damage|p2a: Whimsicott|0 fnt\n|faint|p2a: Whimsicott\n|\n|upkeep\n|\n|t:|1770460912\n|switch|p2a: Lunala|Lunala, L72|316/316\n|turn|19\n|\n|t:|1770460915\n|move|p2a: Lunala|Calm Mind|p2a: Lunala\n|-boost|p2a: Lunala|spa|1\n|-boost|p2a: Lunala|spd|1\n|move|p1a: Garchomp|Outrage|p2a: Lunala\n|-damage|p2a: Lunala|221/316\n|\n|upkeep\n|turn|20\n|\n|t:|1770460920\n|move|p2a: Lunala|Moongeist Beam|p1a: Garchomp\n|-damage|p1a: Garchomp|0 fnt\n|faint|p1a: Garchomp\n|detailschange|p1: Garchomp|Garchomp, L77, F|[silent]\n|\n|upkeep\n|\n|t:|1770460923\n|switch|p1a: Kingler|Kingler, L87, F|237/237\n|-activate|p1a: Kingler|move: Sticky Web\n|-unboost|p1a: Kingler|spe|1\n|turn|21\n|\n|t:|1770460927\n|-zpower|p2a: Lunala\n|move|p2a: Lunala|Menacing Moonraze Maelstrom|p1a: Kingler|[zeffect]\n|-damage|p1a: Kingler|0 fnt\n|faint|p1a: Kingler\n|\n|upkeep\n|\n|t:|1770460931\n|switch|p1a: Azumarill|Azumarill, L81, M|295/295\n|-activate|p1a: Azumarill|move: Sticky Web\n|-unboost|p1a: Azumarill|spe|1\n|turn|22\n|\n|t:|1770460941\n|switch|p2a: Crobat|Crobat, L82, M|267/274\n|move|p1a: Azumarill|Knock Off|p2a: Crobat\n|-damage|p2a: Crobat|145/274\n|-enditem|p2a: Crobat|Black Sludge|[from] move: Knock Off|[of] p1a: Azumarill\n|\n|upkeep\n|turn|23\n|\n|t:|1770460949\n|move|p2a: Crobat|Super Fang|p1a: Azumarill\n|-damage|p1a: Azumarill|148/295\n|move|p1a: Azumarill|Knock Off|p2a: Crobat\n|-damage|p2a: Crobat|62/274\n|\n|upkeep\n|turn|24\n|\n|t:|1770460952\n|move|p2a: Crobat|Roost|p2a: Crobat\n|-heal|p2a: Crobat|199/274\n|-singleturn|p2a: Crobat|move: Roost\n|move|p1a: Azumarill|Knock Off|p2a: Crobat\n|-damage|p2a: Crobat|111/274\n|\n|upkeep\n|turn|25\n|\n|t:|1770460956\n|switch|p1a: Raikou|Raikou, L81|278/278\n|-activate|p1a: Raikou|move: Sticky Web\n|-unboost|p1a: Raikou|spe|1\n|-ability|p1a: Raikou|Pressure\n|move|p2a: Crobat|Roost|p2a: Crobat\n|-heal|p2a: Crobat|248/274\n|-singleturn|p2a: Crobat|move: Roost\n|\n|upkeep\n|turn|26\n|\n|t:|1770460975\n|move|p2a: Crobat|Taunt|p1a: Raikou\n|-start|p1a: Raikou|move: Taunt\n|cant|p1a: Raikou|move: Taunt|Calm Mind\n|\n|upkeep\n|turn|27\n|\n|t:|1770460979\n|switch|p2a: Dedenne|Dedenne, L91, M|166/268\n|move|p1a: Raikou|Thunderbolt|p2a: Dedenne\n|-resisted|p2a: Dedenne\n|-damage|p2a: Dedenne|109/268\n|-enditem|p2a: Dedenne|Sitrus Berry|[eat]\n|-heal|p2a: Dedenne|176/268|[from] item: Sitrus Berry\n|-heal|p2a: Dedenne|265/268|[from] ability: Cheek Pouch\n|\n|upkeep\n|turn|28\n|\n|t:|1770460982\n|move|p2a: Dedenne|Toxic|p1a: Raikou\n|-status|p1a: Raikou|tox\n|move|p1a: Raikou|Hidden Power|p2a: Dedenne\n|-damage|p2a: Dedenne|211/268\n|\n|-damage|p1a: Raikou|261/278 tox|[from] psn\n|-end|p1a: Raikou|move: Taunt\n|upkeep\n|turn|29\n|-message|5uker forfeited.\n|\n|win|may/gen3\n|raw|5uker's rating: 1581 &rarr; <strong>1570</strong><br />(-11 for losing)\n|raw|may&#x2f;gen3's rating: 1747 &rarr; <strong>1758</strong><br />(+11 for winning)\n|l|☆5uker\n|player|p1|\n", "inputlog": ">version ccdc32dd7cde25fd9e4bed64820e885f66e78a4e\n>start {\"formatid\":\"gen7randombattle\",\"seed\":\"sodium,929091d221ff3f820d7f2a207194bdf0\",\"rated\":\"Rated battle\"}\n>player p1 {\"name\":\"5uker\",\"avatar\":\"170\",\"rating\":1581,\"seed\":\"sodium,59cc73b401e2533d62c798833fc0a033\"}\n>player p2 {\"name\":\"may/gen3\",\"avatar\":\"may\",\"rating\":1747,\"seed\":\"sodium,00ee5153e60d30a35014af3ee4be9c7a\"}\n>chat ☆may/gen3|hi\n>p1 move lavaplume\n>p2 move substitute\n>p1 move lavaplume\n>p2 switch 3\n>chat ☆may/gen3|I got a aunt called Hilda lol\n>p1 move earthquake\n>p2 move encore\n>p1 move lavaplume\n>p2 move mirrorcoat\n>p1 switch 3\n>p2 switch 4\n>chat ☆may/gen3|and a aunt called Rosa  lol\n>p1 move bugbuzz\n>p2 move toxic\n>p1 move encore\n>p2 move toxic\n>p1 move bugbuzz\n>p2 switch 5\n>p1 move thunderwave\n>p2 switch 6\n>chat ☆may/gen3|this is tough battle illumise is hard to knock down\n>p1 switch 2\n>p2 move stickyweb\n>p1 move calmmind\n>p2 switch 3\n>p1 move thunderbolt\n>p2 move encore\n>p1 switch 2\n>p2 move substitute\n>p1 move encore\n>p2 move moonblast\n>p1 move bugbuzz\n>p2 move substitute\n>p1 move bugbuzz\n>p2 switch 5\n>p1 move roost\n>p2 move thunderbolt\n>p1 switch 5\n>p1 move earthquake mega\n>p2 switch 5\n>chat ☆may/gen3|moonblast gonna do 75 damage\n>p1 move firefang\n>p2 move moonblast\n>p2 switch 2\n>p1 move outrage\n>p2 move calmmind\n>p1 move outrage\n>p2 move moongeistbeam\n>p1 switch 4\n>p1 move knockoff\n>p2 move moongeistbeam zmove\n>p1 switch 6\n>p1 move knockoff\n>p2 switch 6\n>p1 move knockoff\n>p2 move superfang\n>p1 move knockoff\n>p2 move roost\n>p1 switch 2\n>p2 move roost\n>p1 move calmmind\n>p2 move taunt\n>p1 move thunderbolt\n>p2 switch 5\n>p1 move hiddenpower\n>p2 move toxic\n>forcelose p1", "uploadtime": 1770460995, "views": 194, "formatid": "gen7randombattle", "rating": 1570, "private": 0, "password": null}