{"id": "gen7randombattle-2523982130", "format": "[Gen 7] Random Battle", "players": ["Kurochan3", "Galamianogi"], "log": "|j|☆Kurochan3\n|j|‽Galamianogi\n|t:|1769097030\n|gametype|singles\n|player|p1|Kurochan3|cynthia-gen4|1729\n|player|p2|Galamianogi|gladion-stance|1803\n|gen|7\n|tier|[Gen 7] Random Battle\n|rated|\n|rule|Sleep Clause Mod: Limit one foe put to sleep\n|rule|HP Percentage Mod: HP is shown in percentages\n|rule|Illusion Level Mod: Illusion disguises the Pokémon's true level\n|\n|t:|1769097030\n|teamsize|p1|6\n|teamsize|p2|6\n|start\n|switch|p1a: Manectric|Manectric, L84, M|255/255\n|switch|p2a: Stunfisk|Stunfisk, L88, M|335/335\n|turn|1\n|inactive|Battle timer is ON: inactive players will automatically lose when time's up. (requested by Galamianogi)\n|\n|t:|1769097051\n|switch|p1a: Abomasnow|Abomasnow, L87, F|298/298\n|-weather|Hail|[from] ability: Snow Warning|[of] p1a: Abomasnow\n|move|p2a: Stunfisk|Stealth Rock|p1a: Abomasnow\n|-sidestart|p1: Kurochan3|move: Stealth Rock\n|\n|-weather|Hail|[upkeep]\n|-damage|p2a: Stunfisk|315/335|[from] Hail\n|-heal|p2a: Stunfisk|335/335|[from] item: Leftovers\n|upkeep\n|turn|2\n|\n|t:|1769097077\n|switch|p2a: Seaking|Seaking, L95, M|306/306\n|move|p1a: Abomasnow|Blizzard|p2a: Seaking\n|-resisted|p2a: Seaking\n|-damage|p2a: Seaking|249/306\n|-status|p2a: Seaking|frz\n|\n|-weather|Hail|[upkeep]\n|-damage|p2a: Seaking|230/306 frz|[from] Hail\n|upkeep\n|turn|3\n|\n|t:|1769097086\n|cant|p2a: Seaking|frz\n|move|p1a: Abomasnow|Giga Drain|p2a: Seaking\n|-supereffective|p2a: Seaking\n|-damage|p2a: Seaking|86/306 frz\n|\n|-weather|Hail|[upkeep]\n|-damage|p2a: Seaking|67/306 frz|[from] Hail\n|upkeep\n|turn|4\n|\n|t:|1769097089\n|cant|p2a: Seaking|frz\n|move|p1a: Abomasnow|Giga Drain|p2a: Seaking\n|-supereffective|p2a: Seaking\n|-damage|p2a: Seaking|0 fnt\n|faint|p2a: Seaking\n|\n|-weather|Hail|[upkeep]\n|upkeep\n|\n|t:|1769097098\n|switch|p2a: Lucario|Lucario, L74, F|226/226\n|turn|5\n|\n|t:|1769097102\n|switch|p1a: Mantine|Mantine, L87, M|290/290\n|-damage|p1a: Mantine|218/290|[from] Stealth Rock\n|detailschange|p2a: Lucario|Lucario-Mega, L74, F\n|-mega|p2a: Lucario|Lucario|Lucarionite\n|move|p2a: Lucario|Meteor Mash|p1a: Mantine\n|-resisted|p1a: Mantine\n|-damage|p1a: Mantine|143/290\n|\n|-weather|none\n|-heal|p1a: Mantine|161/290|[from] item: Leftovers\n|upkeep\n|turn|6\n|\n|t:|1769097113\n|move|p2a: Lucario|Swords Dance|p2a: Lucario\n|-boost|p2a: Lucario|atk|2\n|move|p1a: Mantine|Roost|p1a: Mantine\n|-heal|p1a: Mantine|290/290\n|-singleturn|p1a: Mantine|move: Roost\n|\n|upkeep\n|turn|7\n|\n|t:|1769097118\n|move|p2a: Lucario|Extreme Speed|p1a: Mantine\n|-damage|p1a: Mantine|140/290\n|move|p1a: Mantine|Defog|p2a: Lucario\n|-unboost|p2a: Lucario|evasion|1\n|-sideend|p1: Kurochan3|Stealth Rock|[from] move: Defog|[of] p1a: Mantine\n|\n|-heal|p1a: Mantine|158/290|[from] item: Leftovers\n|upkeep\n|turn|8\n|\n|t:|1769097129\n|move|p2a: Lucario|Extreme Speed|p1a: Mantine\n|-damage|p1a: Mantine|22/290\n|move|p1a: Mantine|Roost|p1a: Mantine\n|-heal|p1a: Mantine|167/290\n|-singleturn|p1a: Mantine|move: Roost\n|\n|-heal|p1a: Mantine|185/290|[from] item: Leftovers\n|upkeep\n|turn|9\n|\n|t:|1769097131\n|switch|p1a: Tapu Lele|Tapu Lele, L77|234/234\n|-fieldstart|move: Psychic Terrain|[from] ability: Psychic Surge|[of] p1a: Tapu Lele\n|move|p2a: Lucario|Swords Dance|p2a: Lucario\n|-boost|p2a: Lucario|atk|2\n|\n|upkeep\n|turn|10\n|\n|t:|1769097139\n|move|p1a: Tapu Lele|Psychic|p2a: Lucario\n|-damage|p2a: Lucario|28/226\n|move|p2a: Lucario|Meteor Mash|p1a: Tapu Lele\n|-supereffective|p1a: Tapu Lele\n|-damage|p1a: Tapu Lele|0 fnt\n|-boost|p2a: Lucario|atk|1\n|faint|p1a: Tapu Lele\n|\n|upkeep\n|\n|t:|1769097152\n|switch|p1a: Manectric|Manectric, L84, M|255/255\n|turn|11\n|\n|t:|1769097159\n|switch|p2a: Stunfisk|Stunfisk, L88, M|335/335\n|move|p1a: Manectric|Flamethrower|p2a: Stunfisk\n|-damage|p2a: Stunfisk|240/335\n|\n|-heal|p2a: Stunfisk|260/335|[from] item: Leftovers\n|upkeep\n|turn|12\n|\n|t:|1769097167\n|switch|p1a: Abomasnow|Abomasnow, L87, F|298/298\n|-weather|Hail|[from] ability: Snow Warning|[of] p1a: Abomasnow\n|move|p2a: Stunfisk|Toxic|p1a: Abomasnow\n|-status|p1a: Abomasnow|tox\n|\n|-weather|Hail|[upkeep]\n|-damage|p2a: Stunfisk|240/335|[from] Hail\n|-heal|p2a: Stunfisk|260/335|[from] item: Leftovers\n|-damage|p1a: Abomasnow|280/298 tox|[from] psn\n|upkeep\n|turn|13\n|\n|t:|1769097179\n|switch|p2a: Comfey|Comfey, L87, M|230/230\n|move|p1a: Abomasnow|Blizzard|p2a: Comfey\n|-damage|p2a: Comfey|128/230\n|\n|-weather|Hail|[upkeep]\n|-damage|p2a: Comfey|114/230|[from] Hail\n|-damage|p1a: Abomasnow|244/298 tox|[from] psn\n|-fieldend|move: Psychic Terrain\n|upkeep\n|turn|14\n|\n|t:|1769097188\n|move|p2a: Comfey|Draining Kiss|p1a: Abomasnow\n|-damage|p1a: Abomasnow|204/298 tox\n|-heal|p2a: Comfey|144/230|[from] drain|[of] p1a: Abomasnow\n|-damage|p2a: Comfey|121/230|[from] item: Life Orb\n|move|p1a: Abomasnow|Blizzard|p2a: Comfey\n|-damage|p2a: Comfey|27/230\n|\n|-weather|Hail|[upkeep]\n|-damage|p2a: Comfey|13/230|[from] Hail\n|-damage|p1a: Abomasnow|150/298 tox|[from] psn\n|upkeep\n|turn|15\n|\n|t:|1769097201\n|move|p2a: Comfey|Draining Kiss|p1a: Abomasnow\n|-damage|p1a: Abomasnow|110/298 tox\n|-heal|p2a: Comfey|43/230|[from] drain|[of] p1a: Abomasnow\n|-damage|p2a: Comfey|20/230|[from] item: Life Orb\n|move|p1a: Abomasnow|Blizzard|p2a: Comfey\n|-damage|p2a: Comfey|0 fnt\n|faint|p2a: Comfey\n|\n|-weather|Hail|[upkeep]\n|-damage|p1a: Abomasnow|38/298 tox|[from] psn\n|upkeep\n|\n|t:|1769097213\n|switch|p2a: Lucario|Lucario-Mega, L74, F|28/226\n|turn|16\n|\n|t:|1769097216\n|switch|p1a: Mantine|Mantine, L87, M|185/290\n|move|p2a: Lucario|Extreme Speed|p1a: Mantine\n|-damage|p1a: Mantine|117/290\n|\n|-weather|none\n|-heal|p1a: Mantine|135/290|[from] item: Leftovers\n|upkeep\n|turn|17\n|\n|t:|1769097229\n|switch|p2a: Butterfree|Butterfree, L90, M|253/253\n|move|p1a: Mantine|Roost|p1a: Mantine\n|-heal|p1a: Mantine|280/290\n|-singleturn|p1a: Mantine|move: Roost\n|\n|-heal|p1a: Mantine|290/290|[from] item: Leftovers\n|upkeep\n|turn|18\n|\n|t:|1769097234\n|move|p2a: Butterfree|Sleep Powder|p1a: Mantine\n|-status|p1a: Mantine|slp|[from] move: Sleep Powder\n|cant|p1a: Mantine|slp\n|\n|upkeep\n|turn|19\n|\n|t:|1769097247\n|switch|p2a: Stunfisk|Stunfisk, L88, M|260/335\n|cant|p1a: Mantine|slp\n|\n|-heal|p2a: Stunfisk|280/335|[from] item: Leftovers\n|upkeep\n|turn|20\n|\n|t:|1769097250\n|switch|p1a: Abomasnow|Abomasnow, L87, F|38/298 tox\n|-weather|Hail|[from] ability: Snow Warning|[of] p1a: Abomasnow\n|move|p2a: Stunfisk|Stealth Rock|p1a: Abomasnow\n|-sidestart|p1: Kurochan3|move: Stealth Rock\n|\n|-weather|Hail|[upkeep]\n|-damage|p2a: Stunfisk|260/335|[from] Hail\n|-heal|p2a: Stunfisk|280/335|[from] item: Leftovers\n|-damage|p1a: Abomasnow|20/298 tox|[from] psn\n|upkeep\n|turn|21\n|\n|t:|1769097262\n|switch|p2a: Lucario|Lucario-Mega, L74, F|28/226\n|move|p1a: Abomasnow|Blizzard|p2a: Lucario\n|-resisted|p2a: Lucario\n|-damage|p2a: Lucario|0 fnt\n|faint|p2a: Lucario\n|detailschange|p2: Lucario|Lucario, L74, F|[silent]\n|\n|-weather|Hail|[upkeep]\n|-damage|p1a: Abomasnow|0 fnt|[from] psn\n|faint|p1a: Abomasnow\n|upkeep\n|\n|t:|1769097272\n|switch|p2a: Stunfisk|Stunfisk, L88, M|280/335\n|switch|p1a: Kyurem|Kyurem, L80|331/331\n|-damage|p1a: Kyurem|249/331|[from] Stealth Rock\n|-ability|p1a: Kyurem|Pressure\n|turn|22\n|\n|t:|1769097282\n|move|p1a: Kyurem|Ice Beam|p2a: Stunfisk\n|-supereffective|p2a: Stunfisk\n|-damage|p2a: Stunfisk|98/335\n|move|p2a: Stunfisk|Toxic|p1a: Kyurem\n|-status|p1a: Kyurem|tox\n|\n|-weather|Hail|[upkeep]\n|-damage|p2a: Stunfisk|78/335|[from] Hail\n|-heal|p2a: Stunfisk|98/335|[from] item: Leftovers\n|-damage|p1a: Kyurem|229/331 tox|[from] psn\n|upkeep\n|turn|23\n|\n|t:|1769097288\n|move|p1a: Kyurem|Ice Beam|p2a: Stunfisk\n|-supereffective|p2a: Stunfisk\n|-damage|p2a: Stunfisk|0 fnt\n|faint|p2a: Stunfisk\n|\n|-weather|Hail|[upkeep]\n|-damage|p1a: Kyurem|189/331 tox|[from] psn\n|upkeep\n|\n|t:|1769097297\n|switch|p2a: Butterfree|Butterfree, L90, M|253/253\n|turn|24\n|\n|t:|1769097305\n|move|p1a: Kyurem|Ice Beam|p2a: Butterfree\n|-supereffective|p2a: Butterfree\n|-damage|p2a: Butterfree|37/253\n|move|p2a: Butterfree|Quiver Dance|p2a: Butterfree\n|-boost|p2a: Butterfree|spa|1\n|-boost|p2a: Butterfree|spd|1\n|-boost|p2a: Butterfree|spe|1\n|\n|-weather|none\n|-damage|p1a: Kyurem|129/331 tox|[from] psn\n|upkeep\n|turn|25\n|\n|t:|1769097312\n|move|p2a: Butterfree|Bug Buzz|p1a: Kyurem\n|-damage|p1a: Kyurem|23/331 tox\n|-unboost|p1a: Kyurem|spd|1\n|move|p1a: Kyurem|Outrage|p2a: Butterfree\n|-damage|p2a: Butterfree|0 fnt\n|faint|p2a: Butterfree\n|\n|-damage|p1a: Kyurem|0 fnt|[from] psn\n|faint|p1a: Kyurem\n|upkeep\n|\n|t:|1769097318\n|switch|p1a: Manectric|Manectric, L84, M|255/255\n|switch|p2a: Kommo-o|Kommo-o, L74, F|233/233\n|-damage|p1a: Manectric|224/255|[from] Stealth Rock\n|turn|26\n|\n|t:|1769097328\n|move|p1a: Manectric|Hidden Power|p2a: Kommo-o\n|-supereffective|p2a: Kommo-o\n|-damage|p2a: Kommo-o|105/233\n|move|p2a: Kommo-o|Outrage|p1a: Manectric\n|-damage|p1a: Manectric|83/255\n|\n|upkeep\n|turn|27\n|\n|t:|1769097333\n|move|p1a: Manectric|Hidden Power|p2a: Kommo-o\n|-supereffective|p2a: Kommo-o\n|-damage|p2a: Kommo-o|0 fnt\n|faint|p2a: Kommo-o\n|\n|win|Kurochan3\n|raw|Kurochan3's rating: 1729 &rarr; <strong>1753</strong><br />(+24 for winning)\n|raw|Galamianogi's rating: 1803 &rarr; <strong>1779</strong><br />(-24 for losing)\n|l|☆Kurochan3\n|player|p1|\n", "inputlog": ">version dd3d52b8382d73d1dd2c67730c4067df325ab790\n>start {\"formatid\":\"gen7randombattle\",\"seed\":\"sodium,95a404601b64905c27a2951ade487749\",\"rated\":\"Rated battle\"}\n>player p1 {\"name\":\"Kurochan3\",\"avatar\":\"cynthia-gen4\",\"rating\":1729,\"seed\":\"sodium,2e04dc8c3d85b7c591ce427108d52d03\"}\n>player p2 {\"name\":\"Galamianogi\",\"avatar\":\"gladion-stance\",\"rating\":1803,\"seed\":\"sodium,8802ca8bd15cbda0ae2f1c3ff48dac36\"}\n>p1 switch 4\n>p2 move stealthrock\n>p1 move blizzard\n>p2 switch 5\n>p1 move gigadrain\n>p2 move megahorn\n>p1 move gigadrain\n>p2 move megahorn\n>p2 switch 3\n>p1 switch 5\n>p2 move meteormash mega\n>p1 move roost\n>p2 move swordsdance\n>p1 move defog\n>p2 move extremespeed\n>p1 move roost\n>p2 move extremespeed\n>p1 switch 3\n>p2 move swordsdance\n>p1 move psychic\n>p2 move meteormash\n>p1 switch 4\n>p1 move flamethrower\n>p2 switch 5\n>p1 switch 5\n>p2 move toxic\n>p1 move blizzard\n>p2 switch 2\n>p1 move blizzard\n>p2 move drainingkiss\n>p1 move blizzard\n>p2 move drainingkiss\n>p2 switch 5\n>p1 switch 3\n>p2 move extremespeed\n>p1 move roost\n>p2 switch 6\n>p1 move toxic\n>p2 move sleeppowder\n>p1 move toxic\n>p2 switch 2\n>p1 switch 3\n>p2 move stealthrock\n>p1 move blizzard\n>p2 switch 6\n>p1 switch 2\n>p2 switch 6\n>p1 move icebeam\n>p2 move toxic\n>p1 move icebeam\n>p2 move discharge\n>p2 switch 2\n>p1 move icebeam\n>p2 move quiverdance\n>p1 move outrage\n>p2 move bugbuzz\n>p1 switch 5\n>p2 switch 4\n>p1 move hiddenpower\n>p2 move outrage\n>p1 move hiddenpower\n>p2 move outrage", "uploadtime": 1769097341, "views": 149, "formatid": "gen7randombattle", "rating": 1753, "private": 0, "password": null}