{"id": "gen7randombattle-2538018591", "format": "[Gen 7] Random Battle", "players": ["bin2409", "tpri"], "log": "|j|☆bin2409\n|j|☆tpri\n|t:|1770878698\n|gametype|singles\n|player|p1|bin2409|lucas|1837\n|player|p2|tpri|burglar-lgpe|1697\n|gen|7\n|tier|[Gen 7] Random Battle\n|rated|\n|rule|Sleep Clause Mod: Limit one foe put to sleep\n|rule|HP Percentage Mod: HP is shown in percentages\n|rule|Illusion Level Mod: Illusion disguises the Pokémon's true level\n|\n|t:|1770878698\n|teamsize|p1|6\n|teamsize|p2|6\n|start\n|switch|p1a: Luvdisc|Luvdisc, M|248/248\n|switch|p2a: Comfey|Comfey, L87, M|230/230\n|turn|1\n|\n|t:|1770878730\n|switch|p2a: Wormadam|Wormadam-Trash, L86, F|243/243\n|move|p1a: Luvdisc|Scald|p2a: Wormadam\n|-damage|p2a: Wormadam|176/243\n|-status|p2a: Wormadam|brn\n|\n|-heal|p2a: Wormadam|191/243 brn|[from] item: Leftovers\n|-damage|p2a: Wormadam|176/243 brn|[from] brn\n|upkeep\n|turn|2\n|\n|t:|1770878742\n|move|p1a: Luvdisc|Substitute|p1a: Luvdisc\n|-start|p1a: Luvdisc|Substitute\n|-damage|p1a: Luvdisc|186/248\n|move|p2a: Wormadam|Infestation|p1a: Luvdisc\n|-activate|p1a: Luvdisc|move: Substitute|[damage]\n|\n|-heal|p1a: Luvdisc|201/248|[from] item: Leftovers\n|-heal|p2a: Wormadam|191/243 brn|[from] item: Leftovers\n|-damage|p2a: Wormadam|176/243 brn|[from] brn\n|upkeep\n|turn|3\n|\n|t:|1770878748\n|move|p1a: Luvdisc|Scald|p2a: Wormadam\n|-damage|p2a: Wormadam|116/243 brn\n|move|p2a: Wormadam|Flash Cannon|p1a: Luvdisc\n|-resisted|p1a: Luvdisc\n|-activate|p1a: Luvdisc|move: Substitute|[damage]\n|\n|-heal|p1a: Luvdisc|216/248|[from] item: Leftovers\n|-heal|p2a: Wormadam|131/243 brn|[from] item: Leftovers\n|-damage|p2a: Wormadam|116/243 brn|[from] brn\n|upkeep\n|turn|4\n|\n|t:|1770878754\n|move|p1a: Luvdisc|Scald|p2a: Wormadam\n|-damage|p2a: Wormadam|52/243 brn\n|move|p2a: Wormadam|Flash Cannon|p1a: Luvdisc\n|-resisted|p1a: Luvdisc\n|-end|p1a: Luvdisc|Substitute\n|\n|-heal|p1a: Luvdisc|231/248|[from] item: Leftovers\n|-heal|p2a: Wormadam|67/243 brn|[from] item: Leftovers\n|-damage|p2a: Wormadam|52/243 brn|[from] brn\n|upkeep\n|turn|5\n|\n|t:|1770878791\n|switch|p2a: Golduck|Golduck, L93, F|300/300\n|-ability|p2a: Golduck|Cloud Nine\n|move|p1a: Luvdisc|Substitute|p1a: Luvdisc\n|-start|p1a: Luvdisc|Substitute\n|-damage|p1a: Luvdisc|169/248\n|\n|-heal|p1a: Luvdisc|184/248|[from] item: Leftovers\n|upkeep\n|turn|6\n|\n|t:|1770878796\n|move|p1a: Luvdisc|Toxic|p2a: Golduck\n|-status|p2a: Golduck|tox\n|move|p2a: Golduck|Encore|p1a: Luvdisc\n|-start|p1a: Luvdisc|Encore\n|\n|-heal|p1a: Luvdisc|199/248|[from] item: Leftovers\n|-damage|p2a: Golduck|282/300 tox|[from] psn\n|upkeep\n|turn|7\n|\n|t:|1770878808\n|switch|p2a: Registeel|Registeel, L83|268/268\n|move|p1a: Luvdisc|Toxic|p2a: Registeel\n|-immune|p2a: Registeel\n|\n|-heal|p1a: Luvdisc|214/248|[from] item: Leftovers\n|upkeep\n|turn|8\n|\n|t:|1770878822\n|switch|p1a: Togedemaru|Togedemaru, L86, F|252/252\n|move|p2a: Registeel|Seismic Toss|p1a: Togedemaru\n|-damage|p1a: Togedemaru|169/252\n|\n|-heal|p1a: Togedemaru|184/252|[from] item: Leftovers\n|upkeep\n|turn|9\n|\n|t:|1770878832\n|move|p1a: Togedemaru|Wish|p1a: Togedemaru\n|move|p2a: Registeel|Stealth Rock|p1a: Togedemaru\n|-sidestart|p1: bin2409|move: Stealth Rock\n|\n|-heal|p1a: Togedemaru|199/252|[from] item: Leftovers\n|upkeep\n|turn|10\n|\n|t:|1770878841\n|move|p1a: Togedemaru|Nuzzle|p2a: Registeel\n|-damage|p2a: Registeel|252/268\n|-status|p2a: Registeel|par\n|move|p2a: Registeel|Toxic|p1a: Togedemaru\n|-immune|p1a: Togedemaru\n|\n|-heal|p1a: Togedemaru|252/252|[from] move: Wish|[wisher] Togedemaru\n|-heal|p2a: Registeel|268/268 par|[from] item: Leftovers\n|upkeep\n|turn|11\n|\n|t:|1770878854\n|move|p1a: Togedemaru|Iron Head|p2a: Registeel\n|-resisted|p2a: Registeel\n|-damage|p2a: Registeel|236/268 par\n|cant|p2a: Registeel|flinch\n|\n|-heal|p2a: Registeel|252/268 par|[from] item: Leftovers\n|upkeep\n|turn|12\n|\n|t:|1770878870\n|switch|p2a: Wormadam|Wormadam-Trash, L86, F|52/243 brn\n|move|p1a: Togedemaru|Iron Head|p2a: Wormadam\n|-resisted|p2a: Wormadam\n|-damage|p2a: Wormadam|12/243 brn\n|\n|-heal|p2a: Wormadam|27/243 brn|[from] item: Leftovers\n|-damage|p2a: Wormadam|12/243 brn|[from] brn\n|upkeep\n|turn|13\n|\n|t:|1770878876\n|move|p1a: Togedemaru|Iron Head|p2a: Wormadam\n|-resisted|p2a: Wormadam\n|-damage|p2a: Wormadam|0 fnt\n|faint|p2a: Wormadam\n|\n|upkeep\n|\n|t:|1770878882\n|switch|p2a: Quagsire|Quagsire, L87, F|307/307\n|turn|14\n|\n|t:|1770878894\n|switch|p1a: Claydol|Claydol, L89|252/252\n|-damage|p1a: Claydol|237/252|[from] Stealth Rock\n|move|p2a: Quagsire|Earthquake|p1a: Claydol\n|-immune|p1a: Claydol|[from] ability: Levitate\n|\n|upkeep\n|turn|15\n|\n|t:|1770878903\n|switch|p2a: Golduck|Golduck, L93, F|282/300 tox\n|-ability|p2a: Golduck|Cloud Nine\n|move|p1a: Claydol|Rapid Spin|p2a: Golduck\n|-damage|p2a: Golduck|269/300 tox\n|-sideend|p1: bin2409|Stealth Rock|[from] move: Rapid Spin|[of] p1a: Claydol\n|\n|-damage|p2a: Golduck|251/300 tox|[from] psn\n|upkeep\n|turn|16\n|\n|t:|1770878914\n|switch|p1a: Luvdisc|Luvdisc, M|214/248\n|move|p2a: Golduck|Hydro Pump|p1a: Luvdisc\n|-resisted|p1a: Luvdisc\n|-damage|p1a: Luvdisc|122/248\n|-damage|p2a: Golduck|221/300 tox|[from] item: Life Orb\n|\n|-heal|p1a: Luvdisc|137/248|[from] item: Leftovers\n|-damage|p2a: Golduck|185/300 tox|[from] psn\n|upkeep\n|turn|17\n|inactive|Battle timer is ON: inactive players will automatically lose when time's up. (requested by tpri)\n|\n|t:|1770878930\n|move|p1a: Luvdisc|Scald|p2a: Golduck\n|-resisted|p2a: Golduck\n|-damage|p2a: Golduck|155/300 tox\n|move|p2a: Golduck|Encore|p1a: Luvdisc\n|-start|p1a: Luvdisc|Encore\n|\n|-heal|p1a: Luvdisc|152/248|[from] item: Leftovers\n|-damage|p2a: Golduck|101/300 tox|[from] psn\n|upkeep\n|turn|18\n|\n|t:|1770878938\n|move|p1a: Luvdisc|Scald|p2a: Golduck\n|-resisted|p2a: Golduck\n|-damage|p2a: Golduck|71/300 tox\n|move|p2a: Golduck|Focus Blast|p1a: Luvdisc\n|-damage|p1a: Luvdisc|23/248\n|-damage|p2a: Golduck|41/300 tox|[from] item: Life Orb\n|\n|-heal|p1a: Luvdisc|38/248|[from] item: Leftovers\n|-damage|p2a: Golduck|0 fnt|[from] psn\n|faint|p2a: Golduck\n|upkeep\n|\n|t:|1770878941\n|switch|p2a: Cradily|Cradily, L89, F|298/298\n|turn|19\n|\n|t:|1770878960\n|switch|p1a: Togedemaru|Togedemaru, L86, F|252/252\n|move|p2a: Cradily|Curse|p2a: Cradily\n|-unboost|p2a: Cradily|spe|1\n|-boost|p2a: Cradily|atk|1\n|-boost|p2a: Cradily|def|1\n|\n|upkeep\n|turn|20\n|\n|t:|1770878966\n|move|p1a: Togedemaru|Nuzzle|p2a: Cradily\n|-resisted|p2a: Cradily\n|-damage|p2a: Cradily|291/298\n|-status|p2a: Cradily|par\n|move|p2a: Cradily|Earthquake|p1a: Togedemaru\n|-supereffective|p1a: Togedemaru\n|-ability|p1a: Togedemaru|Sturdy\n|-damage|p1a: Togedemaru|1/252\n|\n|-heal|p1a: Togedemaru|16/252|[from] item: Leftovers\n|-heal|p2a: Cradily|298/298 par|[from] item: Leftovers\n|upkeep\n|turn|21\n|\n|t:|1770878988\n|move|p1a: Togedemaru|Iron Head|p2a: Cradily\n|-supereffective|p2a: Cradily\n|-damage|p2a: Cradily|200/298 par\n|move|p2a: Cradily|Stone Edge|p1a: Togedemaru|[miss]\n|-miss|p2a: Cradily|p1a: Togedemaru\n|\n|-heal|p1a: Togedemaru|31/252|[from] item: Leftovers\n|-heal|p2a: Cradily|218/298 par|[from] item: Leftovers\n|upkeep\n|turn|22\n|\n|t:|1770878995\n|move|p1a: Togedemaru|Iron Head|p2a: Cradily\n|-supereffective|p2a: Cradily\n|-crit|p2a: Cradily\n|-damage|p2a: Cradily|0 fnt\n|faint|p2a: Cradily\n|\n|-heal|p1a: Togedemaru|46/252|[from] item: Leftovers\n|upkeep\n|\n|t:|1770879002\n|switch|p2a: Quagsire|Quagsire, L87, F|307/307\n|turn|23\n|\n|t:|1770879008\n|move|p1a: Togedemaru|Wish|p1a: Togedemaru\n|move|p2a: Quagsire|Scald|p1a: Togedemaru\n|-damage|p1a: Togedemaru|0 fnt\n|faint|p1a: Togedemaru\n|\n|upkeep\n|\n|t:|1770879014\n|switch|p1a: Luvdisc|Luvdisc, M|38/248\n|turn|24\n|\n|t:|1770879021\n|move|p1a: Luvdisc|Protect|p1a: Luvdisc\n|-singleturn|p1a: Luvdisc|Protect\n|move|p2a: Quagsire|Earthquake|p1a: Luvdisc\n|-activate|p1a: Luvdisc|move: Protect\n|\n|-heal|p1a: Luvdisc|164/248|[from] move: Wish|[wisher] Togedemaru\n|-heal|p1a: Luvdisc|179/248|[from] item: Leftovers\n|upkeep\n|turn|25\n|\n|t:|1770879032\n|move|p1a: Luvdisc|Toxic|p2a: Quagsire\n|-status|p2a: Quagsire|tox\n|move|p2a: Quagsire|Earthquake|p1a: Luvdisc\n|-damage|p1a: Luvdisc|62/248\n|\n|-heal|p1a: Luvdisc|77/248|[from] item: Leftovers\n|-damage|p2a: Quagsire|288/307 tox|[from] psn\n|upkeep\n|turn|26\n|\n|t:|1770879038\n|move|p1a: Luvdisc|Substitute|p1a: Luvdisc\n|-start|p1a: Luvdisc|Substitute\n|-damage|p1a: Luvdisc|15/248\n|move|p2a: Quagsire|Earthquake|p1a: Luvdisc\n|-end|p1a: Luvdisc|Substitute\n|\n|-heal|p1a: Luvdisc|30/248|[from] item: Leftovers\n|-heal|p2a: Quagsire|307/307 tox|[from] item: Leftovers\n|-damage|p2a: Quagsire|269/307 tox|[from] psn\n|upkeep\n|turn|27\n|\n|t:|1770879043\n|move|p1a: Luvdisc|Protect|p1a: Luvdisc\n|-singleturn|p1a: Luvdisc|Protect\n|move|p2a: Quagsire|Scald|p1a: Luvdisc\n|-activate|p1a: Luvdisc|move: Protect\n|\n|-heal|p1a: Luvdisc|45/248|[from] item: Leftovers\n|-heal|p2a: Quagsire|288/307 tox|[from] item: Leftovers\n|-damage|p2a: Quagsire|231/307 tox|[from] psn\n|upkeep\n|turn|28\n|\n|t:|1770879046\n|move|p1a: Luvdisc|Scald|p2a: Quagsire\n|-damage|p2a: Quagsire|156/307 tox\n|move|p2a: Quagsire|Scald|p1a: Luvdisc\n|-resisted|p1a: Luvdisc\n|-crit|p1a: Luvdisc\n|-damage|p1a: Luvdisc|0 fnt\n|faint|p1a: Luvdisc\n|\n|-heal|p2a: Quagsire|175/307 tox|[from] item: Leftovers\n|-damage|p2a: Quagsire|99/307 tox|[from] psn\n|upkeep\n|\n|t:|1770879062\n|switch|p1a: Beartic|Beartic, L92, M|324/324\n|turn|29\n|\n|t:|1770879074\n|move|p1a: Beartic|Icicle Crash|p2a: Quagsire\n|-damage|p2a: Quagsire|0 fnt\n|faint|p2a: Quagsire\n|-damage|p1a: Beartic|292/324|[from] item: Life Orb\n|\n|upkeep\n|\n|t:|1770879087\n|switch|p2a: Registeel|Registeel, L83|252/268 par\n|turn|30\n|\n|t:|1770879093\n|move|p1a: Beartic|Swords Dance|p1a: Beartic\n|-boost|p1a: Beartic|atk|2\n|move|p2a: Registeel|Toxic|p1a: Beartic\n|-status|p1a: Beartic|tox\n|\n|-heal|p2a: Registeel|268/268 par|[from] item: Leftovers\n|-damage|p1a: Beartic|272/324 tox|[from] psn\n|upkeep\n|turn|31\n|\n|t:|1770879098\n|move|p2a: Registeel|Protect|p2a: Registeel\n|-singleturn|p2a: Registeel|Protect\n|move|p1a: Beartic|Superpower|p2a: Registeel\n|-activate|p2a: Registeel|move: Protect\n|\n|-damage|p1a: Beartic|232/324 tox|[from] psn\n|upkeep\n|turn|32\n|\n|t:|1770879105\n|move|p1a: Beartic|Superpower|p2a: Registeel\n|-supereffective|p2a: Registeel\n|-damage|p2a: Registeel|0 fnt\n|-unboost|p1a: Beartic|atk|1\n|-unboost|p1a: Beartic|def|1\n|faint|p2a: Registeel\n|-damage|p1a: Beartic|200/324 tox|[from] item: Life Orb\n|\n|-damage|p1a: Beartic|140/324 tox|[from] psn\n|upkeep\n|\n|t:|1770879108\n|switch|p2a: Comfey|Comfey, L87, M|230/230\n|turn|33\n|\n|t:|1770879120\n|move|p2a: Comfey|Draining Kiss|p1a: Beartic\n|-damage|p1a: Beartic|95/324 tox\n|move|p1a: Beartic|Icicle Crash|p2a: Comfey\n|-damage|p2a: Comfey|0 fnt\n|faint|p2a: Comfey\n|-damage|p1a: Beartic|63/324 tox|[from] item: Life Orb\n|\n|win|bin2409\n|raw|bin2409's rating: 1837 &rarr; <strong>1849</strong><br />(+12 for winning)\n|raw|tpri's rating: 1697 &rarr; <strong>1685</strong><br />(-12 for losing)\n|l|☆tpri\n|player|p2|\n|c|☆bin2409|Gg\n", "inputlog": ">version ccdc32dd7cde25fd9e4bed64820e885f66e78a4e\n>start {\"formatid\":\"gen7randombattle\",\"seed\":\"sodium,8741430377fc4cab5ca267a4e62b1267\",\"rated\":\"Rated battle\"}\n>player p1 {\"name\":\"bin2409\",\"avatar\":\"lucas\",\"rating\":1837,\"seed\":\"sodium,e8874956ead794ea36f2133e4e875bba\"}\n>player p2 {\"name\":\"tpri\",\"avatar\":\"burglar-lgpe\",\"rating\":1697,\"seed\":\"sodium,17022875cc7a4014017bc323dceb110d\"}\n>p1 move scald\n>p2 switch 2\n>p1 move substitute\n>p2 move infestation\n>p1 move scald\n>p2 move flashcannon\n>p1 move scald\n>p2 move flashcannon\n>p1 move substitute\n>p2 switch 5\n>p1 move toxic\n>p2 move encore\n>p1 move toxic\n>p2 switch 4\n>p1 switch 6\n>p2 move seismictoss\n>p1 move wish\n>p2 move stealthrock\n>p1 move nuzzle\n>p2 move toxic\n>p1 move ironhead\n>p2 move seismictoss\n>p1 move ironhead\n>p2 switch 5\n>p1 move ironhead\n>p2 move infestation\n>p2 switch 3\n>p1 switch 5\n>p2 move earthquake\n>p1 move rapidspin\n>p2 switch 4\n>p1 switch 6\n>p2 move hydropump\n>p1 move scald\n>p2 move encore\n>p1 move scald\n>p2 move focusblast\n>p2 switch 6\n>p1 switch 5\n>p2 move curse\n>p1 move nuzzle\n>p2 move earthquake\n>p1 move ironhead\n>p2 move stoneedge\n>p1 move ironhead\n>p2 move recover\n>p2 switch 4\n>p1 move wish\n>p2 move scald\n>p1 switch 5\n>p1 move protect\n>p2 move earthquake\n>p1 move toxic\n>p2 move earthquake\n>p1 move substitute\n>p2 move earthquake\n>p1 move protect\n>p2 move scald\n>p1 move scald\n>p2 move scald\n>p1 switch 3\n>p1 move iciclecrash\n>p2 move scald\n>p2 switch 5\n>p1 move swordsdance\n>p2 move toxic\n>p1 move superpower\n>p2 move protect\n>p1 move superpower\n>p2 move seismictoss\n>p2 switch 2\n>p1 move iciclecrash\n>p2 move drainingkiss", "uploadtime": 1770879148, "views": 239, "formatid": "gen7randombattle", "rating": 1685, "private": 0, "password": null}