{"id": "gen7randombattle-2530029240", "format": "[Gen 7] Random Battle", "players": ["katrinstudiooo", "Burgers and Pizza!"], "log": "|j|☆katrinstudiooo\n|j|☆Burgers and Pizza!\n|t:|1769866384\n|gametype|singles\n|player|p1|katrinstudiooo|1|1673\n|player|p2|Burgers and Pizza!|workerice|1503\n|gen|7\n|tier|[Gen 7] Random Battle\n|rated|\n|rule|Sleep Clause Mod: Limit one foe put to sleep\n|rule|HP Percentage Mod: HP is shown in percentages\n|rule|Illusion Level Mod: Illusion disguises the Pokémon's true level\n|\n|t:|1769866384\n|teamsize|p1|6\n|teamsize|p2|6\n|start\n|switch|p1a: Togedemaru|Togedemaru, L86, M|252/252\n|switch|p2a: Manaphy|Manaphy, L77|281/281\n|turn|1\n|inactive|Battle timer is ON: inactive players will automatically lose when time's up. (requested by Burgers and Pizza!)\n|\n|t:|1769866414\n|switch|p2a: Castform|Castform, L99, F|299/299\n|move|p1a: Togedemaru|Super Fang|p2a: Castform\n|-damage|p2a: Castform|150/299\n|\n|-heal|p2a: Castform|168/299|[from] item: Leftovers\n|upkeep\n|turn|2\n|\n|t:|1769866442\n|move|p1a: Togedemaru|U-turn|p2a: Castform\n|-damage|p2a: Castform|113/299\n|\n|t:|1769866445\n|switch|p1a: Hariyama|Hariyama, L87, M|392/392|[from] U-turn\n|move|p2a: Castform|Fire Blast|p1a: Hariyama\n|-damage|p1a: Hariyama|359/392\n|\n|-heal|p2a: Castform|131/299|[from] item: Leftovers\n|upkeep\n|turn|3\n|\n|t:|1769866465\n|move|p2a: Castform|Scald|p1a: Hariyama\n|-damage|p1a: Hariyama|304/392\n|-status|p1a: Hariyama|brn\n|move|p1a: Hariyama|Knock Off|p2a: Castform\n|-damage|p2a: Castform|86/299\n|-enditem|p2a: Castform|Leftovers|[from] move: Knock Off|[of] p1a: Hariyama\n|\n|-damage|p1a: Hariyama|280/392 brn|[from] brn\n|upkeep\n|turn|4\n|\n|t:|1769866472\n|move|p2a: Castform|Return|p1a: Hariyama\n|-damage|p1a: Hariyama|127/392 brn\n|move|p1a: Hariyama|Close Combat|p2a: Castform\n|-supereffective|p2a: Castform\n|-damage|p2a: Castform|0 fnt\n|-unboost|p1a: Hariyama|def|1\n|-unboost|p1a: Hariyama|spd|1\n|faint|p2a: Castform\n|\n|-damage|p1a: Hariyama|103/392 brn|[from] brn\n|upkeep\n|\n|t:|1769866480\n|switch|p2a: Araquanid|Araquanid, L81, M|243/243\n|turn|5\n|\n|t:|1769866505\n|switch|p1a: Togedemaru|Togedemaru, L86, M|252/252\n|move|p2a: Araquanid|Sticky Web|p1a: Togedemaru\n|-sidestart|p1: katrinstudiooo|move: Sticky Web\n|\n|upkeep\n|turn|6\n|inactive|Burgers and Pizza! has 120 seconds left.\n|\n|t:|1769866544\n|switch|p2a: Sawsbuck|Sawsbuck-Autumn, L88, F|283/283\n|move|p1a: Togedemaru|Zing Zap|p2a: Sawsbuck\n|-resisted|p2a: Sawsbuck\n|-damage|p2a: Sawsbuck|235/283\n|\n|upkeep\n|turn|7\n|inactive|Burgers and Pizza! has 120 seconds left.\n|\n|t:|1769866561\n|switch|p1a: Hariyama|Hariyama, L87, M|103/392 brn\n|-activate|p1a: Hariyama|move: Sticky Web\n|-unboost|p1a: Hariyama|spe|1\n|move|p2a: Sawsbuck|Swords Dance|p2a: Sawsbuck\n|-boost|p2a: Sawsbuck|atk|2\n|\n|-damage|p1a: Hariyama|79/392 brn|[from] brn\n|upkeep\n|turn|8\n|inactive|Burgers and Pizza! has 120 seconds left.\n|\n|t:|1769866595\n|move|p2a: Sawsbuck|Horn Leech|p1a: Hariyama\n|-damage|p1a: Hariyama|0 fnt\n|-heal|p2a: Sawsbuck|275/283|[from] drain|[of] p1a: Hariyama\n|faint|p1a: Hariyama\n|-damage|p2a: Sawsbuck|247/283|[from] item: Life Orb\n|\n|upkeep\n|\n|t:|1769866610\n|switch|p1a: Kyurem|Kyurem, L80|331/331\n|-activate|p1a: Kyurem|move: Sticky Web\n|-unboost|p1a: Kyurem|spe|1\n|-ability|p1a: Kyurem|Pressure\n|turn|9\n|\n|t:|1769866617\n|move|p2a: Sawsbuck|Jump Kick|p1a: Kyurem\n|-supereffective|p1a: Kyurem\n|-damage|p1a: Kyurem|0 fnt\n|faint|p1a: Kyurem\n|-damage|p2a: Sawsbuck|219/283|[from] item: Life Orb\n|\n|upkeep\n|\n|t:|1769866621\n|switch|p1a: Metagross|Metagross, L74|240/240\n|-activate|p1a: Metagross|move: Sticky Web\n|-fail|p1a: Metagross|unboost|[from] ability: Clear Body|[of] p1a: Metagross\n|turn|10\n|inactive|Burgers and Pizza! has 120 seconds left.\n|inactive|Burgers and Pizza! has 90 seconds left.\n|\n|t:|1769866670\n|detailschange|p1a: Metagross|Metagross-Mega, L74\n|-mega|p1a: Metagross|Metagross|Metagrossite\n|move|p2a: Sawsbuck|Jump Kick|p1a: Metagross\n|-damage|p1a: Metagross|79/240\n|-damage|p2a: Sawsbuck|191/283|[from] item: Life Orb\n|move|p1a: Metagross|Agility|p1a: Metagross\n|-boost|p1a: Metagross|spe|2\n|\n|upkeep\n|turn|11\n|inactive|Burgers and Pizza! has 90 seconds left.\n|\n|t:|1769866684\n|move|p1a: Metagross|Zen Headbutt|p2a: Sawsbuck\n|-damage|p2a: Sawsbuck|59/283\n|move|p2a: Sawsbuck|Return|p1a: Metagross\n|-resisted|p1a: Metagross\n|-damage|p1a: Metagross|0 fnt\n|faint|p1a: Metagross\n|detailschange|p1: Metagross|Metagross, L74|[silent]\n|-damage|p2a: Sawsbuck|31/283|[from] item: Life Orb\n|\n|upkeep\n|\n|t:|1769866694\n|switch|p1a: Floatzel|Floatzel, L86, F|286/286\n|-activate|p1a: Floatzel|move: Sticky Web\n|-unboost|p1a: Floatzel|spe|1\n|turn|12\n|inactive|Burgers and Pizza! has 90 seconds left.\n|\n|t:|1769866715\n|move|p1a: Floatzel|Aqua Jet|p2a: Sawsbuck\n|-resisted|p2a: Sawsbuck\n|-damage|p2a: Sawsbuck|0 fnt\n|faint|p2a: Sawsbuck\n|\n|upkeep\n|inactive|Burgers and Pizza! has 60 seconds left.\n|\n|t:|1769866767\n|switch|p2a: Vanilluxe|Vanilluxe, L86, M|262/262\n|-weather|Hail|[from] ability: Snow Warning|[of] p2a: Vanilluxe\n|turn|13\n|\n|t:|1769866773\n|switch|p1a: Togedemaru|Togedemaru, L86, M|252/252\n|-activate|p1a: Togedemaru|move: Sticky Web\n|-unboost|p1a: Togedemaru|spe|1\n|move|p2a: Vanilluxe|Blizzard|p1a: Togedemaru\n|-resisted|p1a: Togedemaru\n|-damage|p1a: Togedemaru|200/252\n|\n|-weather|Hail|[upkeep]\n|-damage|p1a: Togedemaru|185/252|[from] Hail\n|upkeep\n|turn|14\n|\n|t:|1769866786\n|move|p2a: Vanilluxe|Hidden Power|p1a: Togedemaru\n|-supereffective|p1a: Togedemaru\n|-damage|p1a: Togedemaru|33/252\n|move|p1a: Togedemaru|Zing Zap|p2a: Vanilluxe\n|-damage|p2a: Vanilluxe|168/262\n|\n|-weather|Hail|[upkeep]\n|-damage|p1a: Togedemaru|18/252|[from] Hail\n|upkeep\n|turn|15\n|\n|t:|1769866801\n|move|p2a: Vanilluxe|Blizzard|p1a: Togedemaru\n|-resisted|p1a: Togedemaru\n|-damage|p1a: Togedemaru|0 fnt\n|faint|p1a: Togedemaru\n|\n|-weather|Hail|[upkeep]\n|upkeep\n|\n|t:|1769866804\n|switch|p1a: Floatzel|Floatzel, L86, F|286/286\n|-activate|p1a: Floatzel|move: Sticky Web\n|-unboost|p1a: Floatzel|spe|1\n|turn|16\n|\n|t:|1769866807\n|move|p2a: Vanilluxe|Explosion|p1a: Floatzel\n|-damage|p1a: Floatzel|56/286\n|faint|p2a: Vanilluxe\n|move|p1a: Floatzel|Liquidation|p2: Vanilluxe|[notarget]\n|-fail|p1a: Floatzel\n|\n|-weather|Hail|[upkeep]\n|-damage|p1a: Floatzel|39/286|[from] Hail\n|upkeep\n|-message|katrinstudiooo forfeited.\n|\n|win|Burgers and Pizza!\n|raw|katrinstudiooo's rating: 1673 &rarr; <strong>1644</strong><br />(-29 for losing)\n|raw|Burgers and Pizza!'s rating: 1503 &rarr; <strong>1532</strong><br />(+29 for winning)\n|l|☆katrinstudiooo\n|player|p1|\n", "inputlog": ">version b99ff0165a6231f17e8b78c2a78d1998375de664\n>start {\"formatid\":\"gen7randombattle\",\"seed\":\"sodium,1ea9fbe9c3620a166c9b909d36972e00\",\"rated\":\"Rated battle\"}\n>player p1 {\"name\":\"katrinstudiooo\",\"avatar\":\"1\",\"rating\":1673,\"seed\":\"sodium,a67efa6ca4ab05a5f49be59a728b97a7\"}\n>player p2 {\"name\":\"Burgers and Pizza!\",\"avatar\":\"workerice\",\"rating\":1503,\"seed\":\"sodium,5564bf8cfad13132b7195411a363940c\"}\n>p1 move superfang\n>p2 switch 2\n>p1 move uturn\n>p2 move fireblast\n>p1 switch 5\n>p1 move knockoff\n>p2 move scald\n>p1 move closecombat\n>p2 move return\n>p2 switch 5\n>p1 switch 5\n>p2 move stickyweb\n>p1 move zingzap\n>p2 switch 4\n>p1 switch 5\n>p2 move swordsdance\n>p1 move closecombat\n>p2 move hornleech\n>p1 switch 6\n>p1 move icebeam\n>p2 move jumpkick\n>p1 switch 2\n>p1 move agility mega\n>p2 move jumpkick\n>p1 move zenheadbutt\n>p2 move return\n>p1 switch 3\n>p1 move aquajet\n>p2 move hornleech\n>p2 switch 3\n>p1 switch 5\n>p2 move blizzard\n>p1 move zingzap\n>p2 move hiddenpower\n>p1 move uturn\n>p2 move blizzard\n>p1 switch 5\n>p1 move liquidation\n>p2 move explosion\n>forcelose p1", "uploadtime": 1769866825, "views": 173, "formatid": "gen7randombattle", "rating": 1532, "private": 0, "password": null}