{"id": "gen7randombattle-2534875185", "format": "[Gen 7] Random Battle", "players": ["Snoop Rogue", "Flavt"], "log": "|j|☆Snoop Rogue\n|j|☆Flavt\n|t:|1770487606\n|gametype|singles\n|player|p1|Snoop Rogue|koga-lgpe|1683\n|player|p2|Flavt|pokemonbreeder|1600\n|gen|7\n|tier|[Gen 7] Random Battle\n|rated|\n|rule|Sleep Clause Mod: Limit one foe put to sleep\n|rule|HP Percentage Mod: HP is shown in percentages\n|rule|Illusion Level Mod: Illusion disguises the Pokémon's true level\n|\n|t:|1770487606\n|teamsize|p1|6\n|teamsize|p2|6\n|start\n|switch|p1a: Diancie|Diancie, L74|196/196\n|switch|p2a: Registeel|Registeel, L83|268/268\n|turn|1\n|inactive|Battle timer is ON: inactive players will automatically lose when time's up. (requested by Snoop Rogue)\n|\n|t:|1770487615\n|switch|p1a: Hariyama|Hariyama, L87, F|392/392\n|move|p2a: Registeel|Seismic Toss|p1a: Hariyama\n|-damage|p1a: Hariyama|309/392\n|\n|-status|p1a: Hariyama|brn|[from] item: Flame Orb\n|upkeep\n|turn|2\n|\n|t:|1770487622\n|move|p1a: Hariyama|Close Combat|p2a: Registeel\n|-supereffective|p2a: Registeel\n|-damage|p2a: Registeel|0 fnt\n|-unboost|p1a: Hariyama|def|1\n|-unboost|p1a: Hariyama|spd|1\n|faint|p2a: Registeel\n|\n|-damage|p1a: Hariyama|285/392 brn|[from] brn\n|upkeep\n|c|☆Snoop Rogue|Sheesh\n|\n|t:|1770487635\n|switch|p2a: Swanna|Swanna, L88, M|275/275\n|turn|3\n|c|☆Snoop Rogue|It’s rare seing a registeel getting deleted like that lmao\n|\n|t:|1770487652\n|move|p2a: Swanna|Scald|p1a: Hariyama\n|-damage|p1a: Hariyama|116/392 brn\n|move|p1a: Hariyama|Facade|p2a: Swanna\n|-damage|p2a: Swanna|46/275\n|\n|-heal|p2a: Swanna|63/275|[from] item: Leftovers\n|-damage|p1a: Hariyama|92/392 brn|[from] brn\n|upkeep\n|turn|4\n|\n|t:|1770487659\n|move|p2a: Swanna|Scald|p1a: Hariyama\n|-crit|p1a: Hariyama\n|-damage|p1a: Hariyama|0 fnt\n|faint|p1a: Hariyama\n|\n|-heal|p2a: Swanna|80/275|[from] item: Leftovers\n|upkeep\n|\n|t:|1770487666\n|switch|p1a: Lickilicky|Lickilicky, L89, M|341/341\n|-ability|p1a: Lickilicky|Cloud Nine\n|turn|5\n|\n|t:|1770487669\n|move|p2a: Swanna|Roost|p2a: Swanna\n|-heal|p2a: Swanna|218/275\n|-singleturn|p2a: Swanna|move: Roost\n|move|p1a: Lickilicky|Swords Dance|p1a: Lickilicky\n|-boost|p1a: Lickilicky|atk|2\n|\n|-heal|p2a: Swanna|235/275|[from] item: Leftovers\n|upkeep\n|turn|6\n|\n|t:|1770487680\n|switch|p2a: Rhyperior|Rhyperior, L84, F|330/330\n|move|p1a: Lickilicky|Body Slam|p2a: Rhyperior\n|-resisted|p2a: Rhyperior\n|-damage|p2a: Rhyperior|264/330\n|\n|upkeep\n|turn|7\n|\n|t:|1770487683\n|move|p1a: Lickilicky|Power Whip|p2a: Rhyperior\n|-supereffective|p2a: Rhyperior\n|-damage|p2a: Rhyperior|0 fnt\n|faint|p2a: Rhyperior\n|\n|upkeep\n|\n|t:|1770487701\n|switch|p2a: Swanna|Swanna, L88, M|235/275\n|turn|8\n|\n|t:|1770487704\n|move|p2a: Swanna|Scald|p1a: Lickilicky\n|-damage|p1a: Lickilicky|263/341\n|move|p1a: Lickilicky|Body Slam|p2a: Swanna\n|-damage|p2a: Swanna|9/275\n|-status|p2a: Swanna|par\n|\n|-heal|p1a: Lickilicky|284/341|[from] item: Leftovers\n|-heal|p2a: Swanna|26/275 par|[from] item: Leftovers\n|upkeep\n|turn|9\n|\n|t:|1770487708\n|move|p1a: Lickilicky|Body Slam|p2a: Swanna\n|-damage|p2a: Swanna|0 fnt\n|faint|p2a: Swanna\n|\n|-heal|p1a: Lickilicky|305/341|[from] item: Leftovers\n|upkeep\n|\n|t:|1770487714\n|switch|p2a: Hydreigon|Hydreigon, L82, F|285/285\n|turn|10\n|\n|t:|1770487718\n|move|p2a: Hydreigon|Draco Meteor|p1a: Lickilicky\n|-damage|p1a: Lickilicky|160/341\n|-unboost|p2a: Hydreigon|spa|2\n|move|p1a: Lickilicky|Body Slam|p2a: Hydreigon\n|-damage|p2a: Hydreigon|111/285\n|-status|p2a: Hydreigon|par\n|\n|-heal|p1a: Lickilicky|181/341|[from] item: Leftovers\n|upkeep\n|turn|11\n|\n|t:|1770487722\n|move|p1a: Lickilicky|Body Slam|p2a: Hydreigon\n|-damage|p2a: Hydreigon|0 fnt\n|faint|p2a: Hydreigon\n|\n|-heal|p1a: Lickilicky|202/341|[from] item: Leftovers\n|upkeep\n|\n|t:|1770487725\n|switch|p2a: Espeon|Espeon, L83, M|244/244\n|turn|12\n|\n|t:|1770487728\n|move|p2a: Espeon|Psyshock|p1a: Lickilicky\n|-damage|p1a: Lickilicky|73/341\n|-damage|p2a: Espeon|220/244|[from] item: Life Orb\n|move|p1a: Lickilicky|Knock Off|p2a: Espeon\n|-supereffective|p2a: Espeon\n|-damage|p2a: Espeon|0 fnt\n|-enditem|p2a: Espeon|Life Orb|[from] move: Knock Off|[of] p1a: Lickilicky\n|faint|p2a: Espeon\n|\n|-heal|p1a: Lickilicky|94/341|[from] item: Leftovers\n|upkeep\n|\n|t:|1770487731\n|switch|p2a: Golduck|Golduck, L93, F|300/300\n|-ability|p2a: Golduck|Cloud Nine\n|turn|13\n|\n|t:|1770487733\n|move|p2a: Golduck|Scald|p1a: Lickilicky\n|-damage|p1a: Lickilicky|9/341\n|-status|p1a: Lickilicky|brn\n|move|p1a: Lickilicky|Body Slam|p2a: Golduck\n|-damage|p2a: Golduck|217/300\n|-status|p2a: Golduck|par\n|\n|-heal|p1a: Lickilicky|30/341 brn|[from] item: Leftovers\n|-heal|p2a: Golduck|235/300 par|[from] item: Leftovers\n|-damage|p1a: Lickilicky|9/341 brn|[from] brn\n|upkeep\n|turn|14\n|\n|t:|1770487742\n|move|p1a: Lickilicky|Power Whip|p2a: Golduck\n|-supereffective|p2a: Golduck\n|-damage|p2a: Golduck|80/300 par\n|move|p2a: Golduck|Substitute|p2a: Golduck\n|-start|p2a: Golduck|Substitute\n|-damage|p2a: Golduck|5/300 par\n|\n|-heal|p1a: Lickilicky|30/341 brn|[from] item: Leftovers\n|-heal|p2a: Golduck|23/300 par|[from] item: Leftovers\n|-damage|p1a: Lickilicky|9/341 brn|[from] brn\n|upkeep\n|turn|15\n|j| Mfvdfv\n|\n|t:|1770487752\n|move|p1a: Lickilicky|Body Slam|p2a: Golduck\n|-end|p2a: Golduck|Substitute\n|cant|p2a: Golduck|par\n|\n|-heal|p1a: Lickilicky|30/341 brn|[from] item: Leftovers\n|-heal|p2a: Golduck|41/300 par|[from] item: Leftovers\n|-damage|p1a: Lickilicky|9/341 brn|[from] brn\n|upkeep\n|turn|16\n|\n|t:|1770487755\n|move|p1a: Lickilicky|Body Slam|p2a: Golduck\n|-damage|p2a: Golduck|0 fnt\n|faint|p2a: Golduck\n|\n|win|Snoop Rogue\n|raw|Snoop Rogue's rating: 1683 &rarr; <strong>1698</strong><br />(+15 for winning)\n|raw|Flavt's rating: 1600 &rarr; <strong>1585</strong><br />(-15 for losing)\n|l|☆Flavt\n|player|p2|\n", "inputlog": ">version ccdc32dd7cde25fd9e4bed64820e885f66e78a4e\n>start {\"formatid\":\"gen7randombattle\",\"seed\":\"sodium,209b481d0ea3b6ef9d14d92f2c60363d\",\"rated\":\"Rated battle\"}\n>player p1 {\"name\":\"Snoop Rogue\",\"avatar\":\"koga-lgpe\",\"rating\":1683,\"seed\":\"sodium,65cc7c8dc7b3d7712b400d5903795002\"}\n>player p2 {\"name\":\"Flavt\",\"avatar\":\"pokemonbreeder\",\"rating\":1600,\"seed\":\"sodium,28a0896f5037b0b3be825a05a77b016f\"}\n>p1 switch 6\n>p2 move seismictoss\n>p1 move closecombat\n>p2 move stealthrock\n>chat ☆Snoop Rogue|Sheesh\n>p2 switch 5\n>chat ☆Snoop Rogue|It’s rare seing a registeel getting deleted like that lmao\n>p1 move facade\n>p2 move scald\n>p1 move facade\n>p2 move scald\n>p1 switch 3\n>p1 move swordsdance\n>p2 move roost\n>p1 move bodyslam\n>p2 switch 2\n>p1 move powerwhip\n>p2 move dragontail\n>p2 switch 2\n>p1 move bodyslam\n>p2 move scald\n>p1 move bodyslam\n>p2 move scald\n>p2 switch 3\n>p1 move bodyslam\n>p2 move dracometeor\n>p1 move bodyslam\n>p2 move superpower\n>p2 switch 4\n>p1 move knockoff\n>p2 move psyshock\n>p2 switch 6\n>p1 move bodyslam\n>p2 move scald\n>p1 move powerwhip\n>p2 move substitute\n>p1 move bodyslam\n>p2 move scald\n>p1 move bodyslam\n>p2 move scald", "uploadtime": 1770487764, "views": 197, "formatid": "gen7randombattle", "rating": 1585, "private": 0, "password": null}