{"id": "gen7randombattle-2533972866", "format": "[Gen 7] Random Battle", "players": ["MimikyuTrainerAsh", "UnnervingGang"], "log": "|j|☆MimikyuTrainerAsh\n|j|☆UnnervingGang\n|t:|1770369948\n|gametype|singles\n|player|p1|MimikyuTrainerAsh|pokekid|1640\n|player|p2|UnnervingGang|silver|1597\n|gen|7\n|tier|[Gen 7] Random Battle\n|rated|\n|rule|Sleep Clause Mod: Limit one foe put to sleep\n|rule|HP Percentage Mod: HP is shown in percentages\n|rule|Illusion Level Mod: Illusion disguises the Pokémon's true level\n|\n|t:|1770369948\n|teamsize|p1|6\n|teamsize|p2|6\n|start\n|switch|p1a: Heatmor|Heatmor, L93, F|309/309\n|switch|p2a: Floatzel|Floatzel, L86, F|286/286\n|turn|1\n|inactive|Battle timer is ON: inactive players will automatically lose when time's up. (requested by MimikyuTrainerAsh)\n|\n|t:|1770369965\n|move|p2a: Floatzel|Liquidation|p1a: Heatmor\n|-supereffective|p1a: Heatmor\n|-damage|p1a: Heatmor|0 fnt\n|faint|p1a: Heatmor\n|\n|upkeep\n|\n|t:|1770369969\n|switch|p1a: Leafeon|Leafeon, L88, F|258/258\n|turn|2\n|inactive|UnnervingGang has 120 seconds left.\n|\n|t:|1770370014\n|switch|p2a: Escavalier|Escavalier, L85, F|258/258\n|move|p1a: Leafeon|Knock Off|p2a: Escavalier\n|-damage|p2a: Escavalier|170/258\n|-enditem|p2a: Escavalier|Leftovers|[from] move: Knock Off|[of] p1a: Leafeon\n|-damage|p1a: Leafeon|233/258|[from] item: Life Orb\n|\n|upkeep\n|turn|3\n|\n|t:|1770370020\n|switch|p1a: Darmanitan|Darmanitan, L82, M|306/306\n|move|p2a: Escavalier|Megahorn|p1a: Darmanitan\n|-resisted|p1a: Darmanitan\n|-damage|p1a: Darmanitan|190/306\n|\n|upkeep\n|turn|4\n|inactive|UnnervingGang has 120 seconds left.\n|\n|t:|1770370031\n|switch|p2a: Walrein|Walrein, L90, M|344/344\n|move|p1a: Darmanitan|Flare Blitz|p2a: Walrein\n|-damage|p2a: Walrein|214/344\n|-damage|p1a: Darmanitan|147/306|[from] Recoil\n|\n|-heal|p2a: Walrein|235/344|[from] item: Leftovers\n|upkeep\n|turn|5\n|inactive|UnnervingGang has 120 seconds left.\n|\n|t:|1770370049\n|switch|p2a: Aegislash|Aegislash, L77, M|219/219\n|move|p1a: Darmanitan|Superpower|p2a: Aegislash\n|-immune|p2a: Aegislash\n|\n|upkeep\n|turn|6\n|\n|t:|1770370054\n|move|p2a: Aegislash|King's Shield|p2a: Aegislash\n|-singleturn|p2a: Aegislash|Protect\n|move|p1a: Darmanitan|Flare Blitz|p2a: Aegislash\n|-activate|p2a: Aegislash|move: Protect\n|-unboost|p1a: Darmanitan|atk|2\n|\n|upkeep\n|turn|7\n|\n|t:|1770370060\n|move|p1a: Darmanitan|Flare Blitz|p2a: Aegislash\n|-supereffective|p2a: Aegislash\n|-damage|p2a: Aegislash|32/219\n|-damage|p1a: Darmanitan|85/306|[from] Recoil\n|-formechange|p2a: Aegislash|Aegislash-Blade||[from] ability: Stance Change\n|move|p2a: Aegislash|Shadow Ball|p1a: Darmanitan\n|-damage|p1a: Darmanitan|0 fnt\n|faint|p1a: Darmanitan\n|\n|-heal|p2a: Aegislash|45/219|[from] item: Leftovers\n|upkeep\n|c|☆MimikyuTrainerAsh|swapping in and out for wat gang\n|\n|t:|1770370070\n|switch|p1a: Leafeon|Leafeon, L88, F|233/258\n|turn|8\n|\n|t:|1770370086\n|move|p1a: Leafeon|Swords Dance|p1a: Leafeon\n|-boost|p1a: Leafeon|atk|2\n|move|p2a: Aegislash|Toxic|p1a: Leafeon\n|-status|p1a: Leafeon|tox\n|\n|-heal|p2a: Aegislash|58/219|[from] item: Leftovers\n|-damage|p1a: Leafeon|217/258 tox|[from] psn\n|upkeep\n|turn|9\n|\n|t:|1770370097\n|-formechange|p2a: Aegislash|Aegislash||[from] ability: Stance Change\n|move|p2a: Aegislash|King's Shield|p2a: Aegislash\n|-singleturn|p2a: Aegislash|Protect\n|move|p1a: Leafeon|Swords Dance|p1a: Leafeon\n|-boost|p1a: Leafeon|atk|2\n|\n|-heal|p2a: Aegislash|71/219|[from] item: Leftovers\n|-damage|p1a: Leafeon|185/258 tox|[from] psn\n|upkeep\n|turn|10\n|\n|t:|1770370102\n|switch|p2a: Escavalier|Escavalier, L85, F|170/258\n|move|p1a: Leafeon|Knock Off|p2a: Escavalier\n|-damage|p2a: Escavalier|0 fnt\n|faint|p2a: Escavalier\n|-damage|p1a: Leafeon|160/258 tox|[from] item: Life Orb\n|\n|-damage|p1a: Leafeon|112/258 tox|[from] psn\n|upkeep\n|\n|t:|1770370109\n|switch|p2a: Aegislash|Aegislash, L77, M|71/219\n|turn|11\n|\n|t:|1770370114\n|move|p2a: Aegislash|King's Shield|p2a: Aegislash\n|-singleturn|p2a: Aegislash|Protect\n|move|p1a: Leafeon|Synthesis|p1a: Leafeon\n|-heal|p1a: Leafeon|241/258 tox\n|\n|-heal|p2a: Aegislash|84/219|[from] item: Leftovers\n|-damage|p1a: Leafeon|177/258 tox|[from] psn\n|upkeep\n|turn|12\n|c|☆MimikyuTrainerAsh|i see\n|\n|t:|1770370129\n|switch|p2a: Walrein|Walrein, L90, M|235/344\n|move|p1a: Leafeon|Leaf Blade|p2a: Walrein\n|-supereffective|p2a: Walrein\n|-damage|p2a: Walrein|0 fnt\n|faint|p2a: Walrein\n|-damage|p1a: Leafeon|152/258 tox|[from] item: Life Orb\n|\n|-damage|p1a: Leafeon|72/258 tox|[from] psn\n|upkeep\n|\n|t:|1770370134\n|switch|p2a: Floatzel|Floatzel, L86, F|286/286\n|turn|13\n|\n|t:|1770370137\n|move|p2a: Floatzel|Ice Punch|p1a: Leafeon\n|-supereffective|p1a: Leafeon\n|-damage|p1a: Leafeon|0 fnt\n|faint|p1a: Leafeon\n|\n|upkeep\n|\n|t:|1770370141\n|switch|p1a: Quagsire|Quagsire, L87, M|307/307\n|turn|14\n|\n|t:|1770370148\n|switch|p2a: Aegislash|Aegislash, L77, M|84/219\n|move|p1a: Quagsire|Earthquake|p2a: Aegislash\n|-supereffective|p2a: Aegislash\n|-damage|p2a: Aegislash|0 fnt\n|faint|p2a: Aegislash\n|\n|upkeep\n|\n|t:|1770370156\n|switch|p2a: Entei|Entei, L78|307/307\n|turn|15\n|\n|t:|1770370160\n|move|p2a: Entei|Sacred Fire|p1a: Quagsire\n|-resisted|p1a: Quagsire\n|-damage|p1a: Quagsire|228/307\n|move|p1a: Quagsire|Earthquake|p2a: Entei\n|-supereffective|p2a: Entei\n|-damage|p2a: Entei|65/307\n|\n|-heal|p1a: Quagsire|247/307|[from] item: Leftovers\n|upkeep\n|turn|16\n|\n|t:|1770370170\n|move|p2a: Entei|Sacred Fire|p1a: Quagsire\n|-resisted|p1a: Quagsire\n|-damage|p1a: Quagsire|167/307\n|move|p1a: Quagsire|Scald|p2a: Entei\n|-supereffective|p2a: Entei\n|-damage|p2a: Entei|0 fnt\n|faint|p2a: Entei\n|\n|-heal|p1a: Quagsire|186/307|[from] item: Leftovers\n|upkeep\n|c|☆MimikyuTrainerAsh|that was a choice\n|\n|t:|1770370177\n|switch|p2a: Nidoking|Nidoking, L82, M|267/267\n|turn|17\n|\n|t:|1770370181\n|move|p2a: Nidoking|Earth Power|p1a: Quagsire\n|-damage|p1a: Quagsire|21/307\n|move|p1a: Quagsire|Scald|p2a: Nidoking\n|-supereffective|p2a: Nidoking\n|-damage|p2a: Nidoking|109/267\n|-status|p2a: Nidoking|brn\n|\n|-heal|p1a: Quagsire|40/307|[from] item: Leftovers\n|-damage|p2a: Nidoking|93/267 brn|[from] brn\n|upkeep\n|turn|18\n|\n|t:|1770370186\n|move|p2a: Nidoking|Ice Beam|p1a: Quagsire\n|-damage|p1a: Quagsire|0 fnt\n|faint|p1a: Quagsire\n|\n|-damage|p2a: Nidoking|77/267 brn|[from] brn\n|upkeep\n|\n|t:|1770370190\n|switch|p1a: Serperior|Serperior, L80, M|251/251\n|turn|19\n|\n|t:|1770370198\n|move|p1a: Serperior|Leaf Storm|p2a: Nidoking\n|-damage|p2a: Nidoking|0 fnt\n|-boost|p1a: Serperior|spa|2\n|faint|p2a: Nidoking\n|\n|upkeep\n|\n|t:|1770370200\n|switch|p2a: Floatzel|Floatzel, L86, F|286/286\n|turn|20\n|c|☆MimikyuTrainerAsh|inshallah i will survive and paralyze the floatzel\n|\n|t:|1770370217\n|move|p2a: Floatzel|Ice Punch|p1a: Serperior\n|-supereffective|p1a: Serperior\n|-damage|p1a: Serperior|75/251\n|move|p1a: Serperior|Glare|p2a: Floatzel\n|-status|p2a: Floatzel|par\n|\n|-heal|p1a: Serperior|90/251|[from] item: Leftovers\n|upkeep\n|turn|21\n|c|☆MimikyuTrainerAsh|i’m goated\n|\n|t:|1770370229\n|move|p1a: Serperior|Leaf Storm|p2a: Floatzel\n|-supereffective|p2a: Floatzel\n|-crit|p2a: Floatzel\n|-damage|p2a: Floatzel|0 fnt\n|-boost|p1a: Serperior|spa|2\n|faint|p2a: Floatzel\n|\n|win|MimikyuTrainerAsh\n|raw|MimikyuTrainerAsh's rating: 1640 &rarr; <strong>1657</strong><br />(+17 for winning)\n|raw|UnnervingGang's rating: 1579 &rarr; <strong>1562</strong><br />(-17 for losing)\n", "inputlog": ">version ccdc32dd7cde25fd9e4bed64820e885f66e78a4e\n>start {\"formatid\":\"gen7randombattle\",\"seed\":\"sodium,313b9e56ef425923dbfb4eff2e7609bd\",\"rated\":\"Rated battle\"}\n>player p1 {\"name\":\"MimikyuTrainerAsh\",\"avatar\":\"pokekid\",\"rating\":1640,\"seed\":\"sodium,02b87041477e4a09b385415dd6816d24\"}\n>player p2 {\"name\":\"UnnervingGang\",\"avatar\":\"silver\",\"rating\":1597,\"seed\":\"sodium,99cde26ddceb3407dd47f1e37765cea7\"}\n>p1 move gigadrain\n>p2 move liquidation\n>p1 switch 3\n>p1 move knockoff\n>p2 switch 5\n>p1 switch 4\n>p2 move megahorn\n>p1 move flareblitz\n>p2 switch 4\n>p1 move superpower\n>p2 switch 6\n>p1 move flareblitz\n>p2 move kingsshield\n>p1 move flareblitz\n>p2 move shadowball\n>chat ☆MimikyuTrainerAsh|swapping in and out for wat gang\n>p1 switch 4\n>p1 move swordsdance\n>p2 move toxic\n>p1 move swordsdance\n>p2 move kingsshield\n>p1 move knockoff\n>p2 switch 4\n>p2 switch 4\n>p1 move synthesis\n>p2 move kingsshield\n>chat ☆MimikyuTrainerAsh|i see \n>p1 move leafblade\n>p2 switch 6\n>p2 switch 5\n>p1 move leafblade\n>p2 move icepunch\n>p1 switch 2\n>p1 move earthquake\n>p2 switch 6\n>p2 switch 2\n>p1 move earthquake\n>p2 move sacredfire\n>p1 move scald\n>p2 move sacredfire\n>chat ☆MimikyuTrainerAsh|that was a choice \n>p2 switch 3\n>p1 move scald\n>p2 move earthpower\n>p1 move scald\n>p2 move icebeam\n>p1 switch 5\n>p1 move leafstorm\n>p2 move icebeam\n>p2 switch 6\n>chat ☆MimikyuTrainerAsh|inshallah i will survive and paralyze the floatzel\n>p1 move glare\n>p2 move icepunch\n>chat ☆MimikyuTrainerAsh|i’m goated\n>p1 move leafstorm\n>p2 move icepunch", "uploadtime": 1770370235, "views": 201, "formatid": "gen7randombattle", "rating": 1562, "private": 0, "password": null}