{"id": "gen7randombattle-2533403674", "format": "[Gen 7] Random Battle", "players": ["Bin2409", "Michielleus"], "log": "|badge|p2|bronze|gen9randombattle|100-8\n|uhtml|medal-msg|<div class=\"broadcast-blue\">Curious what those medals under the avatar are? PS now has Ladder Seasons! For more information, check out the <a href=\"https://www.smogon.com/forums/threads/3740067/\">thread on Smogon.</a></div>\n|j|☆Bin2409\n|j|☆Michielleus\n|t:|1770302358\n|gametype|singles\n|player|p1|Bin2409|lucas-gen4pt|1809\n|player|p2|Michielleus|#rbtt9faction2|1828\n|gen|7\n|tier|[Gen 7] Random Battle\n|rated|\n|rule|Sleep Clause Mod: Limit one foe put to sleep\n|rule|HP Percentage Mod: HP is shown in percentages\n|rule|Illusion Level Mod: Illusion disguises the Pokémon's true level\n|\n|t:|1770302358\n|teamsize|p1|6\n|teamsize|p2|6\n|start\n|switch|p1a: Chandelure|Chandelure, L84, F|238/238\n|switch|p2a: Bruxish|Bruxish, L85, M|254/254\n|turn|1\n|inactive|Battle timer is ON: inactive players will automatically lose when time's up. (requested by Michielleus)\n|\n|t:|1770302385\n|switch|p2a: Umbreon|Umbreon, L84, F|297/297\n|switch|p1a: Celebi|Celebi, L82|298/298\n|\n|upkeep\n|turn|2\n|\n|t:|1770302395\n|move|p1a: Celebi|U-turn|p2a: Umbreon\n|-supereffective|p2a: Umbreon\n|-crit|p2a: Umbreon\n|-damage|p2a: Umbreon|177/297\n|\n|t:|1770302408\n|switch|p1a: Kricketune|Kricketune, L97, F|306/306|[from] U-turn\n|move|p2a: Umbreon|Foul Play|p1a: Kricketune\n|-damage|p1a: Kricketune|170/306\n|\n|-heal|p1a: Kricketune|189/306|[from] item: Leftovers\n|-heal|p2a: Umbreon|195/297|[from] item: Leftovers\n|upkeep\n|turn|3\n|\n|t:|1770302423\n|switch|p2a: Salamence|Salamence, L70, F|249/249\n|-ability|p2a: Salamence|Intimidate|boost\n|-unboost|p1a: Kricketune|atk|1\n|move|p1a: Kricketune|Sticky Web|p2a: Salamence\n|-sidestart|p2: Michielleus|move: Sticky Web\n|\n|-heal|p1a: Kricketune|208/306|[from] item: Leftovers\n|upkeep\n|turn|4\n|\n|t:|1770302428\n|switch|p1a: Gigalith|Gigalith, L82, M|274/274\n|-weather|Sandstorm|[from] ability: Sand Stream|[of] p1a: Gigalith\n|detailschange|p2a: Salamence|Salamence-Mega, L70, F\n|-mega|p2a: Salamence|Salamence|Salamencite\n|move|p2a: Salamence|Return|p1a: Gigalith\n|-resisted|p1a: Gigalith\n|-damage|p1a: Gigalith|227/274\n|\n|-weather|Sandstorm|[upkeep]\n|-damage|p2a: Salamence|234/249|[from] Sandstorm\n|-heal|p1a: Gigalith|244/274|[from] item: Leftovers\n|upkeep\n|turn|5\n|\n|t:|1770302442\n|switch|p2a: Durant|Durant, L80, M|224/224\n|-activate|p2a: Durant|move: Sticky Web\n|-unboost|p2a: Durant|spe|1\n|move|p1a: Gigalith|Stealth Rock|p2a: Durant\n|-sidestart|p2: Michielleus|move: Stealth Rock\n|\n|-weather|Sandstorm|[upkeep]\n|-heal|p1a: Gigalith|261/274|[from] item: Leftovers\n|upkeep\n|turn|6\n|\n|t:|1770302458\n|switch|p1a: Chandelure|Chandelure, L84, F|238/238\n|move|p2a: Durant|Iron Head|p1a: Chandelure\n|-resisted|p1a: Chandelure\n|-damage|p1a: Chandelure|160/238\n|-damage|p2a: Durant|202/224|[from] item: Life Orb\n|\n|-weather|Sandstorm|[upkeep]\n|-damage|p1a: Chandelure|146/238|[from] Sandstorm\n|-heal|p1a: Chandelure|160/238|[from] item: Leftovers\n|upkeep\n|turn|7\n|\n|t:|1770302467\n|move|p1a: Chandelure|Fire Blast|p2a: Durant\n|-supereffective|p2a: Durant\n|-damage|p2a: Durant|0 fnt\n|faint|p2a: Durant\n|\n|-weather|Sandstorm|[upkeep]\n|-damage|p1a: Chandelure|146/238|[from] Sandstorm\n|-heal|p1a: Chandelure|160/238|[from] item: Leftovers\n|upkeep\n|\n|t:|1770302475\n|switch|p2a: Salamence|Salamence-Mega, L70, F|234/249\n|-damage|p2a: Salamence|172/249|[from] Stealth Rock\n|turn|8\n|\n|t:|1770302486\n|switch|p1a: Gigalith|Gigalith, L82, M|261/274\n|move|p2a: Salamence|Dragon Dance|p2a: Salamence\n|-boost|p2a: Salamence|atk|1\n|-boost|p2a: Salamence|spe|1\n|\n|-weather|none\n|-heal|p1a: Gigalith|274/274|[from] item: Leftovers\n|upkeep\n|turn|9\n|\n|t:|1770302490\n|move|p2a: Salamence|Roost|p2a: Salamence\n|-heal|p2a: Salamence|249/249\n|-singleturn|p2a: Salamence|move: Roost\n|move|p1a: Gigalith|Stone Edge|p2a: Salamence\n|-damage|p2a: Salamence|140/249\n|\n|upkeep\n|turn|10\n|\n|t:|1770302494\n|move|p2a: Salamence|Roost|p2a: Salamence\n|-heal|p2a: Salamence|249/249\n|-singleturn|p2a: Salamence|move: Roost\n|move|p1a: Gigalith|Stone Edge|p2a: Salamence\n|-damage|p2a: Salamence|123/249\n|\n|upkeep\n|turn|11\n|\n|t:|1770302498\n|move|p2a: Salamence|Roost|p2a: Salamence\n|-heal|p2a: Salamence|248/249\n|-singleturn|p2a: Salamence|move: Roost\n|move|p1a: Gigalith|Toxic|p2a: Salamence\n|-status|p2a: Salamence|tox\n|\n|-damage|p2a: Salamence|233/249 tox|[from] psn\n|upkeep\n|turn|12\n|\n|t:|1770302501\n|move|p2a: Salamence|Earthquake|p1a: Gigalith\n|-supereffective|p1a: Gigalith\n|-damage|p1a: Gigalith|126/274\n|move|p1a: Gigalith|Stone Edge|p2a: Salamence\n|-supereffective|p2a: Salamence\n|-crit|p2a: Salamence\n|-damage|p2a: Salamence|0 fnt\n|faint|p2a: Salamence\n|detailschange|p2: Salamence|Salamence, L70, F|[silent]\n|\n|-heal|p1a: Gigalith|143/274|[from] item: Leftovers\n|upkeep\n|\n|t:|1770302505\n|switch|p2a: Umbreon|Umbreon, L84, F|195/297\n|-activate|p2a: Umbreon|move: Sticky Web\n|-unboost|p2a: Umbreon|spe|1\n|-damage|p2a: Umbreon|158/297|[from] Stealth Rock\n|turn|13\n|\n|t:|1770302513\n|move|p2a: Umbreon|Foul Play|p1a: Gigalith\n|-damage|p1a: Gigalith|38/274\n|move|p1a: Gigalith|Stone Edge|p2a: Umbreon\n|-damage|p2a: Umbreon|49/297\n|\n|-heal|p2a: Umbreon|67/297|[from] item: Leftovers\n|-heal|p1a: Gigalith|55/274|[from] item: Leftovers\n|upkeep\n|turn|14\n|\n|t:|1770302520\n|move|p2a: Umbreon|Protect|p2a: Umbreon\n|-singleturn|p2a: Umbreon|Protect\n|move|p1a: Gigalith|Earthquake|p2a: Umbreon\n|-activate|p2a: Umbreon|move: Protect\n|\n|-heal|p2a: Umbreon|85/297|[from] item: Leftovers\n|-heal|p1a: Gigalith|72/274|[from] item: Leftovers\n|upkeep\n|turn|15\n|\n|t:|1770302524\n|move|p2a: Umbreon|Foul Play|p1a: Gigalith\n|-damage|p1a: Gigalith|0 fnt\n|faint|p1a: Gigalith\n|\n|-heal|p2a: Umbreon|103/297|[from] item: Leftovers\n|upkeep\n|\n|t:|1770302530\n|switch|p1a: Kricketune|Kricketune, L97, F|208/306\n|turn|16\n|\n|t:|1770302536\n|move|p1a: Kricketune|Leech Life|p2a: Umbreon\n|-supereffective|p2a: Umbreon\n|-crit|p2a: Umbreon\n|-damage|p2a: Umbreon|0 fnt\n|-heal|p1a: Kricketune|260/306|[from] drain|[of] p2a: Umbreon\n|faint|p2a: Umbreon\n|\n|-heal|p1a: Kricketune|279/306|[from] item: Leftovers\n|upkeep\n|\n|t:|1770302539\n|switch|p2a: Volcarona|Volcarona, L76, M|253/253\n|-activate|p2a: Volcarona|move: Sticky Web\n|-unboost|p2a: Volcarona|spe|1\n|-damage|p2a: Volcarona|127/253|[from] Stealth Rock\n|turn|17\n|\n|t:|1770302547\n|move|p1a: Kricketune|Taunt|p2a: Volcarona\n|-start|p2a: Volcarona|move: Taunt\n|cant|p2a: Volcarona|move: Taunt|Quiver Dance\n|\n|-heal|p1a: Kricketune|298/306|[from] item: Leftovers\n|upkeep\n|turn|18\n|\n|t:|1770302551\n|switch|p1a: Chandelure|Chandelure, L84, F|160/238\n|move|p2a: Volcarona|Fire Blast|p1a: Chandelure\n|-start|p1a: Chandelure|ability: Flash Fire\n|\n|-heal|p1a: Chandelure|174/238|[from] item: Leftovers\n|upkeep\n|turn|19\n|-message|Michielleus forfeited.\n|\n|win|Bin2409\n|raw|Bin2409's rating: 1809 &rarr; <strong>1830</strong><br />(+21 for winning)\n|raw|Michielleus's rating: 1828 &rarr; <strong>1807</strong><br />(-21 for losing)\n|l|☆Michielleus\n|player|p2|\n", "inputlog": ">version ccdc32dd7cde25fd9e4bed64820e885f66e78a4e\n>start {\"formatid\":\"gen7randombattle\",\"seed\":\"sodium,e6476d3dbb3f18036e747aabcc8270ad\",\"rated\":\"Rated battle\"}\n>player p1 {\"name\":\"Bin2409\",\"avatar\":\"lucas-gen4pt\",\"rating\":1809,\"seed\":\"sodium,b4b0fe6f4f8ab446c1aa3fe85f78f935\"}\n>player p2 {\"name\":\"Michielleus\",\"avatar\":\"#rbtt9faction2\",\"rating\":1828,\"seed\":\"sodium,8e65e87ff8d94c2cabb4b2c2df885e01\"}\n>p1 switch 3\n>p2 switch 6\n>p1 move uturn\n>p2 move foulplay\n>p1 switch 5\n>p1 move stickyweb\n>p2 switch 4\n>p1 switch 2\n>p2 move return mega\n>p1 move stealthrock\n>p2 switch 3\n>p1 switch 3\n>p2 move ironhead\n>p1 move fireblast\n>p2 move rockslide\n>p2 switch 3\n>p1 switch 3\n>p2 move dragondance\n>p1 move stoneedge\n>p2 move roost\n>p1 move stoneedge\n>p2 move roost\n>p1 move toxic\n>p2 move roost\n>p1 move stoneedge\n>p2 move earthquake\n>p2 switch 4\n>p1 move stoneedge\n>p2 move foulplay\n>p1 move earthquake\n>p2 move protect\n>p1 move toxic\n>p2 move foulplay\n>p1 switch 2\n>p1 move leechlife\n>p2 move toxic\n>p2 switch 2\n>p1 move taunt\n>p2 move quiverdance\n>p1 switch 3\n>p2 move fireblast\n>forcelose p2", "uploadtime": 1770302563, "views": 158, "formatid": "gen7randombattle", "rating": 1807, "private": 0, "password": null}