{"id": "gen7randombattle-2540451945", "format": "[Gen 7] Random Battle", "players": ["Somnium Azurea", "NTsweeper007"], "log": "|j|☆Somnium Azurea\n|j|☆NTsweeper007\n|t:|1771203738\n|gametype|singles\n|player|p1|Somnium Azurea|lady|1864\n|player|p2|NTsweeper007|hilbert-wonderlauncher|1716\n|gen|7\n|tier|[Gen 7] Random Battle\n|rated|\n|rule|Sleep Clause Mod: Limit one foe put to sleep\n|rule|HP Percentage Mod: HP is shown in percentages\n|rule|Illusion Level Mod: Illusion disguises the Pokémon's true level\n|\n|t:|1771203738\n|teamsize|p1|6\n|teamsize|p2|6\n|start\n|switch|p1a: Scizor|Scizor, L80, F|243/243\n|switch|p2a: Magnezone|Magnezone, L84|255/255\n|turn|1\n|inactive|Battle timer is ON: inactive players will automatically lose when time's up. (requested by Somnium Azurea)\n|\n|t:|1771203753\n|move|p1a: Scizor|Knock Off|p2a: Magnezone\n|-damage|p2a: Magnezone|177/255\n|-enditem|p2a: Magnezone|Choice Specs|[from] move: Knock Off|[of] p1a: Scizor\n|-damage|p1a: Scizor|219/243|[from] item: Life Orb\n|move|p2a: Magnezone|Thunderbolt|p1a: Scizor\n|-damage|p1a: Scizor|93/243\n|\n|upkeep\n|turn|2\n|\n|t:|1771203759\n|move|p1a: Scizor|Bug Bite|p2a: Magnezone\n|-resisted|p2a: Magnezone\n|-damage|p2a: Magnezone|117/255\n|-damage|p1a: Scizor|69/243|[from] item: Life Orb\n|move|p2a: Magnezone|Thunderbolt|p1a: Scizor\n|-damage|p1a: Scizor|0 fnt\n|faint|p1a: Scizor\n|\n|upkeep\n|\n|t:|1771203769\n|switch|p1a: Toxicroak|Toxicroak, L84, M|277/277\n|turn|3\n|\n|t:|1771203774\n|switch|p2a: Tornadus|Tornadus-Therian, L80, M|258/258\n|move|p1a: Toxicroak|Drain Punch|p2a: Tornadus\n|-resisted|p2a: Tornadus\n|-damage|p2a: Tornadus|197/258\n|-damage|p1a: Toxicroak|250/277|[from] item: Life Orb\n|\n|upkeep\n|turn|4\n|\n|t:|1771203781\n|switch|p1a: Lumineon|Lumineon, L93, M|279/279\n|move|p2a: Tornadus|Hurricane|p1a: Lumineon\n|-damage|p1a: Lumineon|149/279\n|-damage|p2a: Tornadus|172/258|[from] item: Life Orb\n|\n|-heal|p1a: Lumineon|166/279|[from] item: Leftovers\n|upkeep\n|turn|5\n|\n|t:|1771203793\n|move|p2a: Tornadus|Hurricane|p1a: Lumineon\n|-damage|p1a: Lumineon|22/279\n|-start|p1a: Lumineon|confusion\n|-damage|p2a: Tornadus|147/258|[from] item: Life Orb\n|-activate|p1a: Lumineon|confusion\n|move|p1a: Lumineon|Ice Beam|p2a: Tornadus\n|-supereffective|p2a: Tornadus\n|-damage|p2a: Tornadus|25/258\n|\n|-heal|p1a: Lumineon|39/279|[from] item: Leftovers\n|upkeep\n|turn|6\n|\n|t:|1771203803\n|switch|p2a: Magnezone|Magnezone, L84|238/238\n|-activate|p1a: Lumineon|confusion\n|-damage|p1a: Lumineon|18/279|[from] confusion\n|\n|-heal|p1a: Lumineon|35/279|[from] item: Leftovers\n|upkeep\n|turn|7\n|\n|t:|1771203814\n|move|p2a: Magnezone|Dark Pulse|p1a: Lumineon\n|-damage|p1a: Lumineon|0 fnt\n|faint|p1a: Lumineon\n|\n|upkeep\n|\n|t:|1771203818\n|switch|p1a: Toxicroak|Toxicroak, L84, M|250/277\n|turn|8\n|\n|t:|1771203822\n|switch|p2a: Quagsire|Quagsire, L87, F|307/307\n|move|p1a: Toxicroak|Gunk Shot|p2a: Quagsire\n|-resisted|p2a: Quagsire\n|-damage|p2a: Quagsire|217/307\n|-damage|p1a: Toxicroak|223/277|[from] item: Life Orb\n|\n|-heal|p2a: Quagsire|236/307|[from] item: Leftovers\n|upkeep\n|turn|9\n|\n|t:|1771203827\n|switch|p1a: Volbeat|Volbeat, L91, M|266/266\n|move|p2a: Quagsire|Earthquake|p1a: Volbeat\n|-resisted|p1a: Volbeat\n|-damage|p1a: Volbeat|214/266\n|\n|-heal|p1a: Volbeat|230/266|[from] item: Leftovers\n|-heal|p2a: Quagsire|255/307|[from] item: Leftovers\n|upkeep\n|turn|10\n|\n|t:|1771203834\n|switch|p2a: Magnezone|Magnezone, L84|117/255\n|move|p1a: Volbeat|Encore||[still]\n|-fail|p1a: Volbeat\n|\n|-heal|p1a: Volbeat|246/266|[from] item: Leftovers\n|upkeep\n|turn|11\n|\n|t:|1771203838\n|move|p1a: Volbeat|U-turn|p2a: Magnezone\n|-resisted|p2a: Magnezone\n|-damage|p2a: Magnezone|89/255\n|\n|t:|1771203840\n|switch|p1a: Mismagius|Mismagius, L87, F|246/246|[from] U-turn\n|move|p2a: Magnezone|Thunderbolt|p1a: Mismagius\n|-damage|p1a: Mismagius|149/246\n|\n|upkeep\n|turn|12\n|\n|t:|1771203846\n|move|p1a: Mismagius|Mystical Fire|p2a: Magnezone\n|-supereffective|p2a: Magnezone\n|-damage|p2a: Magnezone|0 fnt\n|faint|p2a: Magnezone\n|-damage|p1a: Mismagius|125/246|[from] item: Life Orb\n|\n|upkeep\n|\n|t:|1771203852\n|switch|p2a: Tornadus|Tornadus-Therian, L80, M|111/258\n|turn|13\n|\n|t:|1771203876\n|switch|p1a: Volbeat|Volbeat, L91, M|246/266\n|move|p2a: Tornadus|Hurricane|p1a: Volbeat\n|-supereffective|p1a: Volbeat\n|-damage|p1a: Volbeat|0 fnt\n|faint|p1a: Volbeat\n|-damage|p2a: Tornadus|86/258|[from] item: Life Orb\n|\n|upkeep\n|\n|t:|1771203878\n|switch|p1a: Sceptile|Sceptile, L82, M|249/249\n|turn|14\n|\n|t:|1771203892\n|switch|p1a: Mismagius|Mismagius, L87, F|125/246\n|move|p2a: Tornadus|Hurricane|p1a: Mismagius\n|-damage|p1a: Mismagius|4/246\n|-damage|p2a: Tornadus|61/258|[from] item: Life Orb\n|\n|upkeep\n|turn|15\n|\n|t:|1771203899\n|move|p2a: Tornadus|Heat Wave|p1a: Mismagius\n|-damage|p1a: Mismagius|0 fnt\n|faint|p1a: Mismagius\n|-damage|p2a: Tornadus|36/258|[from] item: Life Orb\n|\n|upkeep\n|\n|t:|1771203902\n|switch|p1a: Sceptile|Sceptile, L82, M|249/249\n|turn|16\n|\n|t:|1771203907\n|detailschange|p1a: Sceptile|Sceptile-Mega, L82, M\n|-mega|p1a: Sceptile|Sceptile|Sceptilite\n|move|p1a: Sceptile|Leaf Blade|p2a: Tornadus\n|-resisted|p2a: Tornadus\n|-damage|p2a: Tornadus|0 fnt\n|faint|p2a: Tornadus\n|\n|upkeep\n|\n|t:|1771203914\n|switch|p2a: Arceus|Arceus-Electric, L72|292/292\n|turn|17\n|\n|t:|1771203921\n|switch|p1a: Toxicroak|Toxicroak, L84, M|223/277\n|move|p2a: Arceus|Calm Mind|p2a: Arceus\n|-boost|p2a: Arceus|spa|1\n|-boost|p2a: Arceus|spd|1\n|\n|upkeep\n|turn|18\n|\n|t:|1771203927\n|move|p2a: Arceus|Judgment|p1a: Toxicroak\n|-damage|p1a: Toxicroak|13/277\n|move|p1a: Toxicroak|Gunk Shot|p2a: Arceus\n|-damage|p2a: Arceus|136/292\n|-damage|p1a: Toxicroak|0 fnt|[from] item: Life Orb\n|faint|p1a: Toxicroak\n|\n|upkeep\n|\n|t:|1771203931\n|switch|p1a: Sceptile|Sceptile-Mega, L82, M|249/249\n|turn|19\n|\n|t:|1771203941\n|move|p1a: Sceptile|Earthquake|p2a: Arceus\n|-supereffective|p2a: Arceus\n|-damage|p2a: Arceus|4/292\n|move|p2a: Arceus|Ice Beam|p1a: Sceptile\n|-supereffective|p1a: Sceptile\n|-damage|p1a: Sceptile|0 fnt\n|faint|p1a: Sceptile\n|detailschange|p1: Sceptile|Sceptile, L82, M|[silent]\n|\n|win|NTsweeper007\n|raw|Somnium Azurea's rating: 1847 &rarr; <strong>1820</strong><br />(-27 for losing)\n|raw|NTsweeper007's rating: 1716 &rarr; <strong>1743</strong><br />(+27 for winning)\n|l|☆Somnium Azurea\n|player|p1|\n", "inputlog": ">version 686819e5e19f8a7fd2345cfc5a08a5085efa2cc3\n>start {\"formatid\":\"gen7randombattle\",\"seed\":\"sodium,e246ace6a69be07e069af8047ca09930\",\"rated\":\"Rated battle\"}\n>player p1 {\"name\":\"Somnium Azurea\",\"avatar\":\"lady\",\"rating\":1864,\"seed\":\"sodium,b5f39ea1adb62119869f9ff13a09f066\"}\n>player p2 {\"name\":\"NTsweeper007\",\"avatar\":\"hilbert-wonderlauncher\",\"rating\":1716,\"seed\":\"sodium,9bf8a127269da6511f03132fbb0a1868\"}\n>p1 move knockoff\n>p2 move thunderbolt\n>p1 move bugbite\n>p2 move thunderbolt\n>p1 switch 6\n>p1 move drainpunch\n>p2 switch 6\n>p1 switch 2\n>p2 move hurricane\n>p1 move icebeam\n>p2 move hurricane\n>p1 move scald\n>p2 switch 5\n>p1 move scald\n>p2 move darkpulse\n>p1 switch 2\n>p1 move gunkshot\n>p2 switch 3\n>p1 switch 4\n>p2 move earthquake\n>p1 move encore\n>p2 switch 6\n>p1 move uturn\n>p2 move thunderbolt\n>p1 switch 3\n>p1 move mysticalfire\n>p2 move thunderbolt\n>p2 switch 5\n>p1 switch 3\n>p2 move hurricane\n>p1 switch 5\n>p1 switch 3\n>p2 move hurricane\n>p1 move shadowball\n>p2 move heatwave\n>p1 switch 3\n>p1 move leafblade mega\n>p2 move hurricane\n>p2 switch 2\n>p1 switch 4\n>p2 move calmmind\n>p1 move gunkshot\n>p2 move judgment\n>p1 switch 4\n>p1 move earthquake\n>p2 move icebeam", "uploadtime": 1771203948, "views": 39, "formatid": "gen7randombattle", "rating": 1743, "private": 0, "password": null}