{"id": "gen7randombattle-2531035023", "format": "[Gen 7] Random Battle", "players": ["La.Hellhound", "broncuskowski"], "log": "|j|‽La.Hellhound\n|j|☆broncuskowski\n|t:|1770002134\n|gametype|singles\n|player|p1|La.Hellhound|bruno|1579\n|player|p2|broncuskowski|170|1549\n|gen|7\n|tier|[Gen 7] Random Battle\n|rated|\n|rule|Sleep Clause Mod: Limit one foe put to sleep\n|rule|HP Percentage Mod: HP is shown in percentages\n|rule|Illusion Level Mod: Illusion disguises the Pokémon's true level\n|\n|t:|1770002134\n|teamsize|p1|6\n|teamsize|p2|6\n|start\n|switch|p1a: Slowbro|Slowbro, L85, F|300/300\n|switch|p2a: Clawitzer|Clawitzer, L87, M|265/265\n|turn|1\n|inactive|Battle timer is ON: inactive players will automatically lose when time's up. (requested by La.Hellhound)\n|inactive|La.Hellhound has 120 seconds left.\n|\n|t:|1770002181\n|move|p2a: Clawitzer|Scald|p1a: Slowbro\n|-resisted|p1a: Slowbro\n|-damage|p1a: Slowbro|219/300\n|move|p1a: Slowbro|Psyshock|p2a: Clawitzer\n|-damage|p2a: Clawitzer|169/265\n|\n|-heal|p1a: Slowbro|237/300|[from] item: Leftovers\n|upkeep\n|turn|2\n|\n|t:|1770002196\n|switch|p2a: Weavile|Weavile, L79, M|240/240\n|move|p1a: Slowbro|Psyshock|p2a: Weavile\n|-immune|p2a: Weavile\n|\n|-heal|p1a: Slowbro|255/300|[from] item: Leftovers\n|upkeep\n|turn|3\n|\n|t:|1770002211\n|switch|p1a: Gallade|Gallade, L77, M|231/231\n|move|p2a: Weavile|Swords Dance|p2a: Weavile\n|-boost|p2a: Weavile|atk|2\n|\n|upkeep\n|turn|4\n|\n|t:|1770002219\n|detailschange|p1a: Gallade|Gallade-Mega, L77, M\n|-mega|p1a: Gallade|Gallade|Galladite\n|move|p2a: Weavile|Icicle Crash|p1a: Gallade\n|-damage|p1a: Gallade|0 fnt\n|faint|p1a: Gallade\n|detailschange|p1: Gallade|Gallade, L77, M|[silent]\n|-damage|p2a: Weavile|216/240|[from] item: Life Orb\n|\n|upkeep\n|\n|t:|1770002238\n|switch|p1a: Charizard|Charizard, L83, F|265/265\n|turn|5\n|\n|t:|1770002255\n|move|p2a: Weavile|Knock Off|p1a: Charizard\n|-damage|p1a: Charizard|53/265\n|-damage|p2a: Weavile|192/240|[from] item: Life Orb\n|move|p1a: Charizard|Fire Blast|p2a: Weavile\n|-supereffective|p2a: Weavile\n|-damage|p2a: Weavile|0 fnt\n|faint|p2a: Weavile\n|\n|upkeep\n|\n|t:|1770002259\n|switch|p2a: Bruxish|Bruxish, L85, F|254/254\n|turn|6\n|\n|t:|1770002265\n|switch|p1a: Slowbro|Slowbro, L85, F|300/300\n|move|p2a: Bruxish|Crunch|p1a: Slowbro\n|-supereffective|p1a: Slowbro\n|-damage|p1a: Slowbro|80/300\n|\n|-heal|p1a: Slowbro|98/300|[from] item: Leftovers\n|upkeep\n|turn|7\n|\n|t:|1770002276\n|switch|p1a: Cherrim|Cherrim, L99, M|299/299\n|move|p2a: Bruxish|Crunch|p1a: Cherrim\n|-damage|p1a: Cherrim|169/299\n|\n|-heal|p1a: Cherrim|187/299|[from] item: Leftovers\n|upkeep\n|turn|8\n|inactive|La.Hellhound has 120 seconds left.\n|\n|t:|1770002316\n|switch|p2a: Illumise|Illumise, L92, F|269/269\n|move|p1a: Cherrim|Energy Ball|p2a: Illumise\n|-resisted|p2a: Illumise\n|-damage|p2a: Illumise|217/269\n|\n|-heal|p1a: Cherrim|205/299|[from] item: Leftovers\n|-heal|p2a: Illumise|233/269|[from] item: Leftovers\n|upkeep\n|turn|9\n|inactive|La.Hellhound has 120 seconds left.\n|inactive|La.Hellhound has 90 seconds left.\n|\n|t:|1770002363\n|move|p2a: Illumise|Thunder Wave|p1a: Cherrim\n|-status|p1a: Cherrim|par\n|move|p1a: Cherrim|Toxic|p2a: Illumise|[miss]\n|-miss|p1a: Cherrim|p2a: Illumise\n|\n|-heal|p2a: Illumise|249/269|[from] item: Leftovers\n|-heal|p1a: Cherrim|223/299 par|[from] item: Leftovers\n|upkeep\n|turn|10\n|inactive|La.Hellhound has 60 seconds left.\n|\n|t:|1770002397\n|move|p2a: Illumise|Bug Buzz|p1a: Cherrim\n|-supereffective|p1a: Cherrim\n|-damage|p1a: Cherrim|47/299 par\n|move|p1a: Cherrim|Toxic|p2a: Illumise\n|-status|p2a: Illumise|tox\n|\n|-heal|p2a: Illumise|265/269 tox|[from] item: Leftovers\n|-heal|p1a: Cherrim|65/299 par|[from] item: Leftovers\n|-damage|p2a: Illumise|249/269 tox|[from] psn\n|upkeep\n|turn|11\n|inactive|La.Hellhound has 60 seconds left.\n|\n|t:|1770002424\n|move|p2a: Illumise|Bug Buzz|p1a: Cherrim\n|-supereffective|p1a: Cherrim\n|-damage|p1a: Cherrim|0 fnt\n|faint|p1a: Cherrim\n|\n|-heal|p2a: Illumise|265/269 tox|[from] item: Leftovers\n|-damage|p2a: Illumise|233/269 tox|[from] psn\n|upkeep\n|\n|t:|1770002444\n|switch|p1a: Charizard|Charizard, L83, F|53/265\n|turn|12\n|\n|t:|1770002449\n|move|p2a: Illumise|Thunder Wave|p1a: Charizard\n|-status|p1a: Charizard|par\n|move|p1a: Charizard|Roost|p1a: Charizard\n|-heal|p1a: Charizard|186/265 par\n|-singleturn|p1a: Charizard|move: Roost\n|\n|-heal|p2a: Illumise|249/269 tox|[from] item: Leftovers\n|-damage|p2a: Illumise|201/269 tox|[from] psn\n|upkeep\n|turn|13\n|\n|t:|1770002460\n|move|p2a: Illumise|Encore|p1a: Charizard\n|-start|p1a: Charizard|Encore\n|move|p1a: Charizard|Roost|p1a: Charizard\n|-heal|p1a: Charizard|265/265 par\n|-singleturn|p1a: Charizard|move: Roost\n|\n|-heal|p2a: Illumise|217/269 tox|[from] item: Leftovers\n|-damage|p2a: Illumise|153/269 tox|[from] psn\n|upkeep\n|turn|14\n|\n|t:|1770002476\n|switch|p2a: Clawitzer|Clawitzer, L87, M|169/265\n|move|p1a: Charizard|Roost||[still]\n|-fail|p1a: Charizard|heal\n|\n|upkeep\n|turn|15\n|\n|t:|1770002483\n|switch|p1a: Slowbro|Slowbro, L85, F|198/300\n|move|p2a: Clawitzer|Dark Pulse|p1a: Slowbro\n|-supereffective|p1a: Slowbro\n|-damage|p1a: Slowbro|0 fnt\n|faint|p1a: Slowbro\n|\n|upkeep\n|\n|t:|1770002491\n|switch|p1a: Tropius|Tropius, L94, F|336/336\n|turn|16\n|\n|t:|1770002503\n|move|p2a: Clawitzer|Dark Pulse|p1a: Tropius\n|-damage|p1a: Tropius|185/336\n|cant|p1a: Tropius|flinch\n|\n|upkeep\n|turn|17\n|\n|t:|1770002510\n|move|p2a: Clawitzer|Dark Pulse|p1a: Tropius\n|-damage|p1a: Tropius|42/336\n|-enditem|p1a: Tropius|Sitrus Berry|[eat]\n|-heal|p1a: Tropius|126/336|[from] item: Sitrus Berry\n|move|p1a: Tropius|Leech Seed|p2a: Clawitzer\n|-start|p2a: Clawitzer|move: Leech Seed\n|\n|-damage|p2a: Clawitzer|136/265|[from] Leech Seed|[of] p1a: Tropius\n|-heal|p1a: Tropius|159/336|[silent]\n|-item|p1a: Tropius|Sitrus Berry|[from] ability: Harvest\n|upkeep\n|-enditem|p1a: Tropius|Sitrus Berry|[eat]\n|-heal|p1a: Tropius|243/336|[from] item: Sitrus Berry\n|turn|18\n|inactive|La.Hellhound has 60 seconds left.\n|\n|t:|1770002539\n|move|p2a: Clawitzer|Dark Pulse|p1a: Tropius\n|-damage|p1a: Tropius|92/336\n|move|p1a: Tropius|Substitute|p1a: Tropius\n|-start|p1a: Tropius|Substitute\n|-damage|p1a: Tropius|8/336\n|\n|-damage|p2a: Clawitzer|103/265|[from] Leech Seed|[of] p1a: Tropius\n|-heal|p1a: Tropius|41/336|[silent]\n|-item|p1a: Tropius|Sitrus Berry|[from] ability: Harvest\n|upkeep\n|-enditem|p1a: Tropius|Sitrus Berry|[eat]\n|-heal|p1a: Tropius|125/336|[from] item: Sitrus Berry\n|turn|19\n|\n|t:|1770002556\n|switch|p2a: Illumise|Illumise, L92, F|153/269 tox\n|move|p1a: Tropius|Air Slash|p2a: Illumise\n|-supereffective|p2a: Illumise\n|-damage|p2a: Illumise|9/269 tox\n|\n|-heal|p2a: Illumise|25/269 tox|[from] item: Leftovers\n|-damage|p2a: Illumise|9/269 tox|[from] psn\n|-item|p1a: Tropius|Sitrus Berry|[from] ability: Harvest\n|upkeep\n|-enditem|p1a: Tropius|Sitrus Berry|[eat]\n|-heal|p1a: Tropius|209/336|[from] item: Sitrus Berry\n|turn|20\n|inactive|La.Hellhound has 30 seconds left.\n|\n|t:|1770002586\n|move|p1a: Tropius|Protect|p1a: Tropius\n|-singleturn|p1a: Tropius|Protect\n|move|p2a: Illumise|Roost|p2a: Illumise\n|-heal|p2a: Illumise|144/269 tox\n|-singleturn|p2a: Illumise|move: Roost\n|\n|-heal|p2a: Illumise|160/269 tox|[from] item: Leftovers\n|-damage|p2a: Illumise|128/269 tox|[from] psn\n|upkeep\n|turn|21\n|inactive|La.Hellhound has 30 seconds left.\n|\n|t:|1770002594\n|move|p2a: Illumise|Encore|p1a: Tropius\n|-start|p1a: Tropius|Encore\n|move|p1a: Tropius|Protect||[still]\n|-fail|p1a: Tropius\n|\n|-heal|p2a: Illumise|144/269 tox|[from] item: Leftovers\n|-damage|p2a: Illumise|96/269 tox|[from] psn\n|upkeep\n|turn|22\n|inactive|La.Hellhound has 30 seconds left.\n|\n|t:|1770002604\n|switch|p2a: Magcargo|Magcargo, L96, F|271/271\n|move|p1a: Tropius|Protect||[still]\n|-fail|p1a: Tropius\n|\n|-item|p1a: Tropius|Sitrus Berry|[from] ability: Harvest\n|upkeep\n|turn|23\n|\n|t:|1770002615\n|move|p1a: Tropius|Protect|p1a: Tropius\n|-singleturn|p1a: Tropius|Protect\n|move|p2a: Magcargo|Lava Plume|p1a: Tropius\n|-activate|p1a: Tropius|move: Protect\n|\n|-end|p1a: Tropius|Encore\n|upkeep\n|turn|24\n|\n|t:|1770002623\n|move|p1a: Tropius|Leech Seed|p2a: Magcargo\n|-start|p2a: Magcargo|move: Leech Seed\n|move|p2a: Magcargo|Lava Plume|p1a: Tropius\n|-supereffective|p1a: Tropius\n|-end|p1a: Tropius|Substitute\n|\n|-damage|p2a: Magcargo|238/271|[from] Leech Seed|[of] p1a: Tropius\n|-heal|p1a: Tropius|242/336|[silent]\n|upkeep\n|turn|25\n|\n|t:|1770002636\n|move|p1a: Tropius|Substitute|p1a: Tropius\n|-start|p1a: Tropius|Substitute\n|-damage|p1a: Tropius|158/336\n|-enditem|p1a: Tropius|Sitrus Berry|[eat]\n|-heal|p1a: Tropius|242/336|[from] item: Sitrus Berry\n|move|p2a: Magcargo|Ancient Power|p1a: Tropius\n|-supereffective|p1a: Tropius\n|-end|p1a: Tropius|Substitute\n|\n|-heal|p2a: Magcargo|254/271|[from] item: Leftovers\n|-damage|p2a: Magcargo|221/271|[from] Leech Seed|[of] p1a: Tropius\n|-heal|p1a: Tropius|275/336|[silent]\n|upkeep\n|turn|26\n|\n|t:|1770002651\n|move|p1a: Tropius|Substitute|p1a: Tropius\n|-start|p1a: Tropius|Substitute\n|-damage|p1a: Tropius|191/336\n|move|p2a: Magcargo|Ancient Power|p1a: Tropius\n|-supereffective|p1a: Tropius\n|-end|p1a: Tropius|Substitute\n|\n|-heal|p2a: Magcargo|237/271|[from] item: Leftovers\n|-damage|p2a: Magcargo|204/271|[from] Leech Seed|[of] p1a: Tropius\n|-heal|p1a: Tropius|224/336|[silent]\n|-item|p1a: Tropius|Sitrus Berry|[from] ability: Harvest\n|upkeep\n|turn|27\n|inactive|La.Hellhound has 30 seconds left.\n|\n|t:|1770002673\n|move|p1a: Tropius|Substitute|p1a: Tropius\n|-start|p1a: Tropius|Substitute\n|-damage|p1a: Tropius|140/336\n|-enditem|p1a: Tropius|Sitrus Berry|[eat]\n|-heal|p1a: Tropius|224/336|[from] item: Sitrus Berry\n|move|p2a: Magcargo|Ancient Power|p1a: Tropius\n|-supereffective|p1a: Tropius\n|-end|p1a: Tropius|Substitute\n|\n|-heal|p2a: Magcargo|220/271|[from] item: Leftovers\n|-damage|p2a: Magcargo|187/271|[from] Leech Seed|[of] p1a: Tropius\n|-heal|p1a: Tropius|257/336|[silent]\n|-item|p1a: Tropius|Sitrus Berry|[from] ability: Harvest\n|upkeep\n|turn|28\n|inactive|La.Hellhound has 30 seconds left.\n|\n|t:|1770002686\n|move|p1a: Tropius|Substitute|p1a: Tropius\n|-start|p1a: Tropius|Substitute\n|-damage|p1a: Tropius|173/336\n|move|p2a: Magcargo|Ancient Power|p1a: Tropius\n|-supereffective|p1a: Tropius\n|-end|p1a: Tropius|Substitute\n|\n|-heal|p2a: Magcargo|203/271|[from] item: Leftovers\n|-damage|p2a: Magcargo|170/271|[from] Leech Seed|[of] p1a: Tropius\n|-heal|p1a: Tropius|206/336|[silent]\n|upkeep\n|turn|29\n|\n|t:|1770002695\n|move|p1a: Tropius|Protect|p1a: Tropius\n|-singleturn|p1a: Tropius|Protect\n|move|p2a: Magcargo|Ancient Power|p1a: Tropius\n|-activate|p1a: Tropius|move: Protect\n|\n|-heal|p2a: Magcargo|186/271|[from] item: Leftovers\n|-damage|p2a: Magcargo|153/271|[from] Leech Seed|[of] p1a: Tropius\n|-heal|p1a: Tropius|239/336|[silent]\n|upkeep\n|turn|30\n|\n|t:|1770002703\n|move|p1a: Tropius|Substitute|p1a: Tropius\n|-start|p1a: Tropius|Substitute\n|-damage|p1a: Tropius|155/336\n|-enditem|p1a: Tropius|Sitrus Berry|[eat]\n|-heal|p1a: Tropius|239/336|[from] item: Sitrus Berry\n|move|p2a: Magcargo|Ancient Power|p1a: Tropius\n|-supereffective|p1a: Tropius\n|-end|p1a: Tropius|Substitute\n|\n|-heal|p2a: Magcargo|169/271|[from] item: Leftovers\n|-damage|p2a: Magcargo|136/271|[from] Leech Seed|[of] p1a: Tropius\n|-heal|p1a: Tropius|272/336|[silent]\n|-item|p1a: Tropius|Sitrus Berry|[from] ability: Harvest\n|upkeep\n|turn|31\n|\n|t:|1770002715\n|move|p1a: Tropius|Protect|p1a: Tropius\n|-singleturn|p1a: Tropius|Protect\n|move|p2a: Magcargo|Recover|p2a: Magcargo\n|-heal|p2a: Magcargo|271/271\n|\n|-damage|p2a: Magcargo|238/271|[from] Leech Seed|[of] p1a: Tropius\n|-heal|p1a: Tropius|305/336|[silent]\n|upkeep\n|turn|32\n|\n|t:|1770002723\n|move|p1a: Tropius|Substitute|p1a: Tropius\n|-start|p1a: Tropius|Substitute\n|-damage|p1a: Tropius|221/336\n|move|p2a: Magcargo|Ancient Power|p1a: Tropius\n|-supereffective|p1a: Tropius\n|-end|p1a: Tropius|Substitute\n|\n|-heal|p2a: Magcargo|254/271|[from] item: Leftovers\n|-damage|p2a: Magcargo|221/271|[from] Leech Seed|[of] p1a: Tropius\n|-heal|p1a: Tropius|254/336|[silent]\n|upkeep\n|turn|33\n|\n|t:|1770002733\n|move|p1a: Tropius|Substitute|p1a: Tropius\n|-start|p1a: Tropius|Substitute\n|-damage|p1a: Tropius|170/336\n|move|p2a: Magcargo|Lava Plume|p1a: Tropius\n|-supereffective|p1a: Tropius\n|-end|p1a: Tropius|Substitute\n|\n|-heal|p2a: Magcargo|237/271|[from] item: Leftovers\n|-damage|p2a: Magcargo|204/271|[from] Leech Seed|[of] p1a: Tropius\n|-heal|p1a: Tropius|203/336|[silent]\n|upkeep\n|turn|34\n|\n|t:|1770002743\n|move|p1a: Tropius|Substitute|p1a: Tropius\n|-start|p1a: Tropius|Substitute\n|-damage|p1a: Tropius|119/336\n|-enditem|p1a: Tropius|Sitrus Berry|[eat]\n|-heal|p1a: Tropius|203/336|[from] item: Sitrus Berry\n|move|p2a: Magcargo|Ancient Power|p1a: Tropius\n|-supereffective|p1a: Tropius\n|-end|p1a: Tropius|Substitute\n|\n|-heal|p2a: Magcargo|220/271|[from] item: Leftovers\n|-damage|p2a: Magcargo|187/271|[from] Leech Seed|[of] p1a: Tropius\n|-heal|p1a: Tropius|236/336|[silent]\n|upkeep\n|turn|35\n|inactive|La.Hellhound has 60 seconds left.\n|\n|t:|1770002755\n|move|p1a: Tropius|Substitute|p1a: Tropius\n|-start|p1a: Tropius|Substitute\n|-damage|p1a: Tropius|152/336\n|move|p2a: Magcargo|Recover|p2a: Magcargo\n|-heal|p2a: Magcargo|271/271\n|\n|-damage|p2a: Magcargo|238/271|[from] Leech Seed|[of] p1a: Tropius\n|-heal|p1a: Tropius|185/336|[silent]\n|upkeep\n|turn|36\n|inactive|La.Hellhound has 60 seconds left.\n|\n|t:|1770002765\n|switch|p2a: Clawitzer|Clawitzer, L87, M|103/265\n|move|p1a: Tropius|Protect||[still]\n|-fail|p1a: Tropius\n|\n|-item|p1a: Tropius|Sitrus Berry|[from] ability: Harvest\n|upkeep\n|turn|37\n|\n|t:|1770002772\n|move|p2a: Clawitzer|Ice Beam|p1a: Tropius\n|-supereffective|p1a: Tropius\n|-end|p1a: Tropius|Substitute\n|move|p1a: Tropius|Leech Seed|p2a: Clawitzer\n|-start|p2a: Clawitzer|move: Leech Seed\n|\n|-damage|p2a: Clawitzer|70/265|[from] Leech Seed|[of] p1a: Tropius\n|-heal|p1a: Tropius|218/336|[silent]\n|upkeep\n|turn|38\n|\n|t:|1770002781\n|move|p1a: Tropius|Protect|p1a: Tropius\n|-singleturn|p1a: Tropius|Protect\n|move|p2a: Clawitzer|Ice Beam|p1a: Tropius\n|-activate|p1a: Tropius|move: Protect\n|\n|-damage|p2a: Clawitzer|37/265|[from] Leech Seed|[of] p1a: Tropius\n|-heal|p1a: Tropius|251/336|[silent]\n|upkeep\n|turn|39\n|\n|t:|1770002791\n|switch|p1a: Mamoswine|Mamoswine, L79, F|303/303\n|move|p2a: Clawitzer|Ice Beam|p1a: Mamoswine\n|-damage|p1a: Mamoswine|221/303\n|\n|-damage|p2a: Clawitzer|4/265|[from] Leech Seed|[of] p1a: Mamoswine\n|-heal|p1a: Mamoswine|254/303|[silent]\n|upkeep\n|turn|40\n|\n|t:|1770002808\n|switch|p2a: Audino|Audino, L92, M|339/339\n|move|p1a: Mamoswine|Knock Off|p2a: Audino\n|-damage|p2a: Audino|264/339\n|\n|upkeep\n|turn|41\n|\n|t:|1770002815\n|switch|p1a: Tropius|Tropius, L94, F|251/336\n|move|p2a: Audino|Dazzling Gleam|p1a: Tropius\n|-damage|p1a: Tropius|205/336\n|\n|upkeep\n|turn|42\n|\n|t:|1770002826\n|switch|p2a: Bruxish|Bruxish, L85, F|254/254\n|move|p1a: Tropius|Substitute|p1a: Tropius\n|-start|p1a: Tropius|Substitute\n|-damage|p1a: Tropius|121/336\n|-enditem|p1a: Tropius|Sitrus Berry|[eat]\n|-heal|p1a: Tropius|205/336|[from] item: Sitrus Berry\n|\n|-item|p1a: Tropius|Sitrus Berry|[from] ability: Harvest\n|upkeep\n|turn|43\n|\n|t:|1770002854\n|move|p2a: Bruxish|Psychic Fangs|p1a: Tropius\n|-end|p1a: Tropius|Substitute\n|move|p1a: Tropius|Leech Seed|p2a: Bruxish\n|-start|p2a: Bruxish|move: Leech Seed\n|\n|-damage|p2a: Bruxish|223/254|[from] Leech Seed|[of] p1a: Tropius\n|-heal|p1a: Tropius|236/336|[silent]\n|upkeep\n|turn|44\n|\n|t:|1770002861\n|move|p1a: Tropius|Protect|p1a: Tropius\n|-singleturn|p1a: Tropius|Protect\n|move|p2a: Bruxish|Psychic Fangs|p1a: Tropius\n|-activate|p1a: Tropius|move: Protect\n|\n|-damage|p2a: Bruxish|192/254|[from] Leech Seed|[of] p1a: Tropius\n|-heal|p1a: Tropius|267/336|[silent]\n|upkeep\n|turn|45\n|\n|t:|1770002869\n|move|p2a: Bruxish|Psychic Fangs|p1a: Tropius\n|-damage|p1a: Tropius|65/336\n|-enditem|p1a: Tropius|Sitrus Berry|[eat]\n|-heal|p1a: Tropius|149/336|[from] item: Sitrus Berry\n|move|p1a: Tropius|Air Slash|p2a: Bruxish\n|-damage|p2a: Bruxish|96/254\n|\n|-damage|p2a: Bruxish|65/254|[from] Leech Seed|[of] p1a: Tropius\n|-heal|p1a: Tropius|180/336|[silent]\n|upkeep\n|turn|46\n|\n|t:|1770002878\n|move|p1a: Tropius|Protect|p1a: Tropius\n|-singleturn|p1a: Tropius|Protect\n|move|p2a: Bruxish|Psychic Fangs|p1a: Tropius\n|-activate|p1a: Tropius|move: Protect\n|\n|-damage|p2a: Bruxish|34/254|[from] Leech Seed|[of] p1a: Tropius\n|-heal|p1a: Tropius|211/336|[silent]\n|-item|p1a: Tropius|Sitrus Berry|[from] ability: Harvest\n|upkeep\n|turn|47\n|\n|t:|1770002887\n|move|p2a: Bruxish|Psychic Fangs|p1a: Tropius\n|-damage|p1a: Tropius|3/336\n|-enditem|p1a: Tropius|Sitrus Berry|[eat]\n|-heal|p1a: Tropius|87/336|[from] item: Sitrus Berry\n|move|p1a: Tropius|Substitute|p1a: Tropius\n|-start|p1a: Tropius|Substitute\n|-damage|p1a: Tropius|3/336\n|\n|-damage|p2a: Bruxish|3/254|[from] Leech Seed|[of] p1a: Tropius\n|-heal|p1a: Tropius|34/336|[silent]\n|-item|p1a: Tropius|Sitrus Berry|[from] ability: Harvest\n|upkeep\n|-enditem|p1a: Tropius|Sitrus Berry|[eat]\n|-heal|p1a: Tropius|118/336|[from] item: Sitrus Berry\n|turn|48\n|inactive|La.Hellhound has 90 seconds left.\n|\n|t:|1770002899\n|switch|p2a: Illumise|Illumise, L92, F|96/269 tox\n|move|p1a: Tropius|Protect||[still]\n|-fail|p1a: Tropius\n|\n|-heal|p2a: Illumise|112/269 tox|[from] item: Leftovers\n|-damage|p2a: Illumise|96/269 tox|[from] psn\n|upkeep\n|turn|49\n|inactive|La.Hellhound has 90 seconds left.\n|\n|t:|1770002908\n|move|p1a: Tropius|Protect|p1a: Tropius\n|-singleturn|p1a: Tropius|Protect\n|move|p2a: Illumise|Encore|p1a: Tropius\n|-activate|p1a: Tropius|move: Protect\n|\n|-heal|p2a: Illumise|112/269 tox|[from] item: Leftovers\n|-damage|p2a: Illumise|80/269 tox|[from] psn\n|-item|p1a: Tropius|Sitrus Berry|[from] ability: Harvest\n|upkeep\n|-enditem|p1a: Tropius|Sitrus Berry|[eat]\n|-heal|p1a: Tropius|202/336|[from] item: Sitrus Berry\n|turn|50\n|inactive|La.Hellhound has 90 seconds left.\n|\n|t:|1770002922\n|move|p2a: Illumise|Encore|p1a: Tropius\n|-start|p1a: Tropius|Encore\n|move|p1a: Tropius|Protect||[still]\n|-fail|p1a: Tropius\n|\n|-heal|p2a: Illumise|96/269 tox|[from] item: Leftovers\n|-damage|p2a: Illumise|48/269 tox|[from] psn\n|upkeep\n|turn|51\n|inactive|La.Hellhound has 90 seconds left.\n|\n|t:|1770002957\n|move|p1a: Tropius|Protect|p1a: Tropius\n|-singleturn|p1a: Tropius|Protect\n|move|p2a: Illumise|Roost|p2a: Illumise\n|-heal|p2a: Illumise|183/269 tox\n|-singleturn|p2a: Illumise|move: Roost\n|\n|-heal|p2a: Illumise|199/269 tox|[from] item: Leftovers\n|-damage|p2a: Illumise|135/269 tox|[from] psn\n|upkeep\n|turn|52\n|\n|t:|1770002966\n|move|p1a: Tropius|Protect|p1a: Tropius\n|-singleturn|p1a: Tropius|Protect\n|move|p2a: Illumise|Bug Buzz|p1a: Tropius\n|-activate|p1a: Tropius|move: Protect\n|\n|-heal|p2a: Illumise|151/269 tox|[from] item: Leftovers\n|-damage|p2a: Illumise|71/269 tox|[from] psn\n|-end|p1a: Tropius|Encore\n|upkeep\n|turn|53\n|inactive|La.Hellhound has 60 seconds left.\n|\n|t:|1770002990\n|move|p2a: Illumise|Encore|p1a: Tropius\n|-start|p1a: Tropius|Encore\n|move|p1a: Tropius|Protect||[still]\n|-fail|p1a: Tropius\n|\n|-heal|p2a: Illumise|87/269 tox|[from] item: Leftovers\n|-damage|p2a: Illumise|0 fnt|[from] psn\n|faint|p2a: Illumise\n|-end|p1a: Tropius|Encore\n|-item|p1a: Tropius|Sitrus Berry|[from] ability: Harvest\n|upkeep\n|\n|t:|1770002998\n|switch|p2a: Clawitzer|Clawitzer, L87, M|4/265\n|turn|54\n|\n|t:|1770003003\n|move|p2a: Clawitzer|Ice Beam|p1a: Tropius\n|-supereffective|p1a: Tropius\n|-end|p1a: Tropius|Substitute\n|move|p1a: Tropius|Air Slash|p2a: Clawitzer\n|-damage|p2a: Clawitzer|0 fnt\n|faint|p2a: Clawitzer\n|\n|upkeep\n|\n|t:|1770003008\n|switch|p2a: Magcargo|Magcargo, L96, F|238/271\n|turn|55\n|\n|t:|1770003015\n|switch|p1a: Charizard|Charizard, L83, F|265/265 par\n|move|p2a: Magcargo|Lava Plume|p1a: Charizard\n|-resisted|p1a: Charizard\n|-crit|p1a: Charizard\n|-damage|p1a: Charizard|186/265 par\n|\n|-heal|p2a: Magcargo|254/271|[from] item: Leftovers\n|upkeep\n|turn|56\n|inactive|La.Hellhound has 90 seconds left.\n|\n|t:|1770003030\n|move|p2a: Magcargo|Lava Plume|p1a: Charizard\n|-resisted|p1a: Charizard\n|-damage|p1a: Charizard|129/265 par\n|cant|p1a: Charizard|par\n|\n|-heal|p2a: Magcargo|270/271|[from] item: Leftovers\n|upkeep\n|turn|57\n|inactive|La.Hellhound has 90 seconds left.\n|\n|t:|1770003037\n|move|p2a: Magcargo|Lava Plume|p1a: Charizard\n|-resisted|p1a: Charizard\n|-damage|p1a: Charizard|80/265 par\n|move|p1a: Charizard|Roost|p1a: Charizard\n|-heal|p1a: Charizard|213/265 par\n|-singleturn|p1a: Charizard|move: Roost\n|\n|-heal|p2a: Magcargo|271/271|[from] item: Leftovers\n|upkeep\n|turn|58\n|inactive|La.Hellhound has 90 seconds left.\n|\n|t:|1770003048\n|move|p2a: Magcargo|Lava Plume|p1a: Charizard\n|-resisted|p1a: Charizard\n|-damage|p1a: Charizard|156/265 par\n|move|p1a: Charizard|Air Slash|p2a: Magcargo\n|-resisted|p2a: Magcargo\n|-damage|p2a: Magcargo|231/271\n|\n|-heal|p2a: Magcargo|247/271|[from] item: Leftovers\n|upkeep\n|turn|59\n|\n|t:|1770003056\n|move|p2a: Magcargo|Lava Plume|p1a: Charizard\n|-resisted|p1a: Charizard\n|-damage|p1a: Charizard|105/265 par\n|move|p1a: Charizard|Roost|p1a: Charizard\n|-heal|p1a: Charizard|238/265 par\n|-singleturn|p1a: Charizard|move: Roost\n|\n|-heal|p2a: Magcargo|263/271|[from] item: Leftovers\n|upkeep\n|turn|60\n|inactive|La.Hellhound has 90 seconds left.\n|\n|t:|1770003072\n|move|p2a: Magcargo|Lava Plume|p1a: Charizard\n|-resisted|p1a: Charizard\n|-damage|p1a: Charizard|183/265 par\n|-zpower|p1a: Charizard\n|move|p1a: Charizard|Z-Hold Hands|null|[anim]Hold Hands|[notarget]\n|-boost|p1a: Charizard|atk|1|[zeffect]\n|-boost|p1a: Charizard|def|1|[zeffect]\n|-boost|p1a: Charizard|spa|1|[zeffect]\n|-boost|p1a: Charizard|spd|1|[zeffect]\n|-boost|p1a: Charizard|spe|1|[zeffect]\n|-fail|p1a: Charizard\n|\n|-heal|p2a: Magcargo|271/271|[from] item: Leftovers\n|upkeep\n|turn|61\n|inactive|La.Hellhound has 90 seconds left.\n|\n|t:|1770003084\n|switch|p2a: Bruxish|Bruxish, L85, F|3/254\n|move|p1a: Charizard|Air Slash|p2a: Bruxish\n|-damage|p2a: Bruxish|0 fnt\n|faint|p2a: Bruxish\n|\n|upkeep\n|\n|t:|1770003086\n|switch|p2a: Audino|Audino, L92, M|339/339\n|turn|62\n|\n|t:|1770003092\n|detailschange|p2a: Audino|Audino-Mega, L92, M\n|-mega|p2a: Audino|Audino|Audinite\n|move|p1a: Charizard|Fire Blast|p2a: Audino\n|-damage|p2a: Audino|219/339\n|-status|p2a: Audino|brn\n|move|p2a: Audino|Calm Mind|p2a: Audino\n|-boost|p2a: Audino|spa|1\n|-boost|p2a: Audino|spd|1\n|\n|-damage|p2a: Audino|198/339 brn|[from] brn\n|upkeep\n|turn|63\n|\n|t:|1770003110\n|move|p1a: Charizard|Air Slash|p2a: Audino\n|-damage|p2a: Audino|135/339 brn\n|move|p2a: Audino|Calm Mind|p2a: Audino\n|-boost|p2a: Audino|spa|1\n|-boost|p2a: Audino|spd|1\n|\n|-damage|p2a: Audino|114/339 brn|[from] brn\n|upkeep\n|turn|64\n|inactive|La.Hellhound has 90 seconds left.\n|\n|t:|1770003139\n|move|p1a: Charizard|Fire Blast|p2a: Audino\n|-damage|p2a: Audino|47/339 brn\n|move|p2a: Audino|Wish|p2a: Audino\n|\n|-damage|p2a: Audino|26/339 brn|[from] brn\n|upkeep\n|turn|65\n|inactive|La.Hellhound has 90 seconds left.\n|\n|t:|1770003146\n|move|p2a: Audino|Protect|p2a: Audino\n|-singleturn|p2a: Audino|Protect\n|cant|p1a: Charizard|par\n|\n|-heal|p2a: Audino|195/339 brn|[from] move: Wish|[wisher] Audino\n|-damage|p2a: Audino|174/339 brn|[from] brn\n|upkeep\n|turn|66\n|inactive|La.Hellhound has 90 seconds left.\n|\n|t:|1770003156\n|move|p1a: Charizard|Air Slash|p2a: Audino\n|-damage|p2a: Audino|129/339 brn\n|cant|p2a: Audino|flinch\n|\n|-damage|p2a: Audino|108/339 brn|[from] brn\n|upkeep\n|turn|67\n|\n|t:|1770003162\n|cant|p1a: Charizard|par\n|move|p2a: Audino|Wish|p2a: Audino\n|\n|-damage|p2a: Audino|87/339 brn|[from] brn\n|upkeep\n|turn|68\n|\n|t:|1770003167\n|move|p2a: Audino|Protect|p2a: Audino\n|-singleturn|p2a: Audino|Protect\n|move|p1a: Charizard|Roost|p1a: Charizard\n|-heal|p1a: Charizard|265/265 par\n|-singleturn|p1a: Charizard|move: Roost\n|\n|-heal|p2a: Audino|256/339 brn|[from] move: Wish|[wisher] Audino\n|-damage|p2a: Audino|235/339 brn|[from] brn\n|upkeep\n|turn|69\n|\n|t:|1770003179\n|move|p1a: Charizard|Air Slash|p2a: Audino\n|-damage|p2a: Audino|192/339 brn\n|cant|p2a: Audino|flinch\n|\n|-damage|p2a: Audino|171/339 brn|[from] brn\n|upkeep\n|turn|70\n|\n|t:|1770003185\n|move|p1a: Charizard|Fire Blast|p2a: Audino\n|-damage|p2a: Audino|107/339 brn\n|move|p2a: Audino|Wish|p2a: Audino\n|\n|-damage|p2a: Audino|86/339 brn|[from] brn\n|upkeep\n|turn|71\n|\n|t:|1770003193\n|move|p2a: Audino|Protect|p2a: Audino\n|-singleturn|p2a: Audino|Protect\n|move|p1a: Charizard|Air Slash|p2a: Audino\n|-activate|p2a: Audino|move: Protect\n|\n|-heal|p2a: Audino|255/339 brn|[from] move: Wish|[wisher] Audino\n|-damage|p2a: Audino|234/339 brn|[from] brn\n|upkeep\n|turn|72\n|inactive|La.Hellhound has 120 seconds left.\n|\n|t:|1770003203\n|move|p1a: Charizard|Fire Blast|p2a: Audino\n|-damage|p2a: Audino|173/339 brn\n|move|p2a: Audino|Wish|p2a: Audino\n|\n|-damage|p2a: Audino|152/339 brn|[from] brn\n|upkeep\n|turn|73\n|inactive|La.Hellhound has 120 seconds left.\n|\n|t:|1770003209\n|move|p2a: Audino|Protect|p2a: Audino\n|-singleturn|p2a: Audino|Protect\n|cant|p1a: Charizard|par\n|\n|-heal|p2a: Audino|321/339 brn|[from] move: Wish|[wisher] Audino\n|-damage|p2a: Audino|300/339 brn|[from] brn\n|upkeep\n|turn|74\n|\n|t:|1770003217\n|cant|p1a: Charizard|par\n|move|p2a: Audino|Calm Mind|p2a: Audino\n|-boost|p2a: Audino|spa|1\n|-boost|p2a: Audino|spd|1\n|\n|-damage|p2a: Audino|279/339 brn|[from] brn\n|upkeep\n|turn|75\n|\n|t:|1770003225\n|move|p1a: Charizard|Air Slash|p2a: Audino\n|-damage|p2a: Audino|240/339 brn\n|cant|p2a: Audino|flinch\n|\n|-damage|p2a: Audino|219/339 brn|[from] brn\n|upkeep\n|turn|76\n|\n|t:|1770003234\n|switch|p1a: Tropius|Tropius, L94, F|202/336\n|move|p2a: Audino|Wish|p2a: Audino\n|\n|-damage|p2a: Audino|198/339 brn|[from] brn\n|upkeep\n|turn|77\n|\n|t:|1770003243\n|move|p1a: Tropius|Leech Seed|p2a: Audino\n|-start|p2a: Audino|move: Leech Seed\n|move|p2a: Audino|Dazzling Gleam|p1a: Tropius\n|-damage|p1a: Tropius|16/336\n|-enditem|p1a: Tropius|Sitrus Berry|[eat]\n|-heal|p1a: Tropius|100/336|[from] item: Sitrus Berry\n|\n|-heal|p2a: Audino|339/339 brn|[from] move: Wish|[wisher] Audino\n|-damage|p2a: Audino|297/339 brn|[from] Leech Seed|[of] p1a: Tropius\n|-heal|p1a: Tropius|142/336|[silent]\n|-damage|p2a: Audino|276/339 brn|[from] brn\n|-item|p1a: Tropius|Sitrus Berry|[from] ability: Harvest\n|upkeep\n|-enditem|p1a: Tropius|Sitrus Berry|[eat]\n|-heal|p1a: Tropius|226/336|[from] item: Sitrus Berry\n|turn|78\n|\n|t:|1770003258\n|move|p1a: Tropius|Substitute|p1a: Tropius\n|-start|p1a: Tropius|Substitute\n|-damage|p1a: Tropius|142/336\n|move|p2a: Audino|Dazzling Gleam|p1a: Tropius\n|-end|p1a: Tropius|Substitute\n|\n|-damage|p2a: Audino|234/339 brn|[from] Leech Seed|[of] p1a: Tropius\n|-heal|p1a: Tropius|184/336|[silent]\n|-damage|p2a: Audino|213/339 brn|[from] brn\n|upkeep\n|turn|79\n|\n|t:|1770003268\n|move|p1a: Tropius|Air Slash|p2a: Audino\n|-crit|p2a: Audino\n|-damage|p2a: Audino|132/339 brn\n|move|p2a: Audino|Dazzling Gleam|p1a: Tropius\n|-damage|p1a: Tropius|0 fnt\n|faint|p1a: Tropius\n|\n|-damage|p2a: Audino|111/339 brn|[from] brn\n|upkeep\n|\n|t:|1770003275\n|switch|p1a: Mamoswine|Mamoswine, L79, F|254/303\n|turn|80\n|\n|t:|1770003279\n|move|p1a: Mamoswine|Earthquake|p2a: Audino\n|-damage|p2a: Audino|0 fnt\n|faint|p2a: Audino\n|detailschange|p2: Audino|Audino, L92, M|[silent]\n|\n|upkeep\n|-message|broncuskowski forfeited.\n|\n|win|La.Hellhound\n|raw|La.Hellhound's rating: 1579 &rarr; <strong>1597</strong><br />(+18 for winning)\n|raw|broncuskowski's rating: 1549 &rarr; <strong>1531</strong><br />(-18 for losing)\n|l|☆broncuskowski\n|player|p2|\n", "inputlog": ">version ccdc32dd7cde25fd9e4bed64820e885f66e78a4e\n>start {\"formatid\":\"gen7randombattle\",\"seed\":\"sodium,c8d63ef5a60e8778ab90a19bd5b8a304\",\"rated\":\"Rated battle\"}\n>player p1 {\"name\":\"La.Hellhound\",\"avatar\":\"bruno\",\"rating\":1579,\"seed\":\"sodium,f340c7a6f7c5f0c3fec9e8a6c253b45e\"}\n>player p2 {\"name\":\"broncuskowski\",\"avatar\":\"170\",\"rating\":1549,\"seed\":\"sodium,90021b06e54531265c735ef3017e1bee\"}\n>p1 move psyshock\n>p2 move scald\n>p1 move psyshock\n>p2 switch 5\n>p1 switch 5\n>p2 move swordsdance\n>p1 move closecombat mega\n>p2 move iciclecrash\n>p1 switch 2\n>p1 move fireblast\n>p2 move knockoff\n>p2 switch 4\n>p1 switch 5\n>p2 move crunch\n>p1 switch 6\n>p2 move crunch\n>p1 move energyball\n>p2 switch 2\n>p1 move toxic\n>p2 move thunderwave\n>p1 move toxic\n>p2 move bugbuzz\n>p1 move morningsun\n>p2 move bugbuzz\n>p1 switch 5\n>p1 move roost\n>p2 move thunderwave\n>p1 move roost\n>p2 move encore\n>p1 move roost\n>p2 switch 5\n>p1 switch 6\n>p2 move darkpulse\n>p1 switch 4\n>p1 move airslash\n>p2 move darkpulse\n>p1 move leechseed\n>p2 move darkpulse\n>p1 move substitute\n>p2 move darkpulse\n>p1 move airslash\n>p2 switch 5\n>p1 move protect\n>p2 move roost\n>p1 move airslash\n>p2 move encore\n>p1 move protect\n>p2 switch 6\n>p1 move protect\n>p2 move lavaplume\n>p1 move leechseed\n>p2 move lavaplume\n>p1 move substitute\n>p2 move ancientpower\n>p1 move substitute\n>p2 move ancientpower\n>p1 move substitute\n>p2 move ancientpower\n>p1 move substitute\n>p2 move ancientpower\n>p1 move protect\n>p2 move ancientpower\n>p1 move substitute\n>p2 move ancientpower\n>p1 move protect\n>p2 move recover\n>p1 move substitute\n>p2 move ancientpower\n>p1 move substitute\n>p2 move lavaplume\n>p1 move substitute\n>p2 move ancientpower\n>p1 move substitute\n>p2 move recover\n>p1 move protect\n>p2 switch 5\n>p1 move leechseed\n>p2 move icebeam\n>p1 move protect\n>p2 move icebeam\n>p1 switch 3\n>p2 move icebeam\n>p1 move knockoff\n>p2 switch 3\n>p1 switch 3\n>p2 move dazzlinggleam\n>p1 move substitute\n>p2 switch 2\n>p1 move leechseed\n>p2 move psychicfangs\n>p1 move protect\n>p2 move psychicfangs\n>p1 move airslash\n>p2 move psychicfangs\n>p1 move protect\n>p2 move psychicfangs\n>p1 move substitute\n>p2 move psychicfangs\n>p1 move protect\n>p2 switch 6\n>p1 move protect\n>p2 move encore\n>p1 move airslash\n>p2 move encore\n>p1 move protect\n>p2 move roost\n>p1 move protect\n>p2 move bugbuzz\n>p1 move airslash\n>p2 move encore\n>p2 switch 3\n>p1 move airslash\n>p2 move icebeam\n>p2 switch 5\n>p1 switch 6\n>p2 move lavaplume\n>p1 move fireblast\n>p2 move lavaplume\n>p1 move roost\n>p2 move lavaplume\n>p1 move airslash\n>p2 move lavaplume\n>p1 move roost\n>p2 move lavaplume\n>p1 move holdhands zmove\n>p2 move lavaplume\n>p1 move airslash\n>p2 switch 6\n>p2 switch 2\n>p1 move fireblast\n>p2 move calmmind mega\n>p1 move airslash\n>p2 move calmmind\n>p1 move fireblast\n>p2 move wish\n>p1 move roost\n>p2 move protect\n>p1 move airslash\n>p2 move wish\n>p1 move fireblast\n>p2 move wish\n>p1 move roost\n>p2 move protect\n>p1 move airslash\n>p2 move calmmind\n>p1 move fireblast\n>p2 move wish\n>p1 move airslash\n>p2 move protect\n>p1 move fireblast\n>p2 move wish\n>p1 move airslash\n>p2 move protect\n>p1 move fireblast\n>p2 move calmmind\n>p1 move airslash\n>p2 move calmmind\n>p1 switch 6\n>p2 move wish\n>p1 move leechseed\n>p2 move dazzlinggleam\n>p1 move substitute\n>p2 move dazzlinggleam\n>p1 move airslash\n>p2 move dazzlinggleam\n>p1 switch 3\n>p1 move earthquake\n>p2 move dazzlinggleam\n>forcelose p2", "uploadtime": 1770003286, "views": 183, "formatid": "gen7randombattle", "rating": 1531, "private": 0, "password": null}