{"id": "gen7randombattle-2535439237", "format": "[Gen 7] Random Battle", "players": ["berserkpower", "xxfairykingxx"], "log": "|j|☆berserkpower\n|j|☆xxfairykingxx\n|t:|1770568211\n|gametype|singles\n|player|p1|berserkpower|lance|1633\n|player|p2|xxfairykingxx|preschoolerf|1602\n|gen|7\n|tier|[Gen 7] Random Battle\n|rated|\n|rule|Sleep Clause Mod: Limit one foe put to sleep\n|rule|HP Percentage Mod: HP is shown in percentages\n|rule|Illusion Level Mod: Illusion disguises the Pokémon's true level\n|\n|t:|1770568211\n|teamsize|p1|6\n|teamsize|p2|6\n|start\n|switch|p1a: Chimecho|Chimecho, L95, F|296/296\n|switch|p2a: Glalie|Glalie, L92, F|297/297\n|turn|1\n|inactive|Battle timer is ON: inactive players will automatically lose when time's up. (requested by berserkpower)\n|\n|t:|1770568218\n|move|p2a: Glalie|Taunt|p1a: Chimecho\n|-start|p1a: Chimecho|move: Taunt\n|cant|p1a: Chimecho|move: Taunt|Toxic\n|\n|upkeep\n|turn|2\n|\n|t:|1770568225\n|switch|p1a: Castform|Castform, L99, M|299/299\n|move|p2a: Glalie|Spikes|p1a: Castform\n|-sidestart|p1: berserkpower|Spikes\n|\n|upkeep\n|turn|3\n|\n|t:|1770568235\n|move|p2a: Glalie|Spikes|p1a: Castform\n|-sidestart|p1: berserkpower|Spikes\n|move|p1a: Castform|Scald|p2a: Glalie\n|-damage|p2a: Glalie|234/297\n|\n|-heal|p2a: Glalie|252/297|[from] item: Leftovers\n|upkeep\n|turn|4\n|\n|t:|1770568240\n|move|p2a: Glalie|Spikes|p1a: Castform\n|-sidestart|p1: berserkpower|Spikes\n|move|p1a: Castform|Return|p2a: Glalie\n|-damage|p2a: Glalie|140/297\n|\n|-heal|p2a: Glalie|158/297|[from] item: Leftovers\n|upkeep\n|turn|5\n|\n|t:|1770568244\n|switch|p2a: Deoxys|Deoxys-Defense, L85|224/224\n|-ability|p2a: Deoxys|Pressure\n|move|p1a: Castform|Return|p2a: Deoxys\n|-damage|p2a: Deoxys|158/224\n|\n|-heal|p2a: Deoxys|172/224|[from] item: Leftovers\n|upkeep\n|turn|6\n|\n|t:|1770568253\n|switch|p1a: Chimecho|Chimecho, L95, F|296/296\n|move|p2a: Deoxys|Nasty Plot|p2a: Deoxys\n|-boost|p2a: Deoxys|spa|2\n|\n|-heal|p2a: Deoxys|186/224|[from] item: Leftovers\n|upkeep\n|turn|7\n|\n|t:|1770568264\n|move|p2a: Deoxys|Nasty Plot|p2a: Deoxys\n|-boost|p2a: Deoxys|spa|2\n|move|p1a: Chimecho|Knock Off|p2a: Deoxys\n|-supereffective|p2a: Deoxys\n|-damage|p2a: Deoxys|122/224\n|-enditem|p2a: Deoxys|Leftovers|[from] move: Knock Off|[of] p1a: Chimecho\n|\n|upkeep\n|turn|8\n|\n|t:|1770568269\n|move|p2a: Deoxys|Psyshock|p1a: Chimecho\n|-resisted|p1a: Chimecho\n|-damage|p1a: Chimecho|205/296\n|move|p1a: Chimecho|Knock Off|p2a: Deoxys\n|-supereffective|p2a: Deoxys\n|-damage|p2a: Deoxys|70/224\n|\n|-heal|p1a: Chimecho|223/296|[from] item: Leftovers\n|upkeep\n|turn|9\n|\n|t:|1770568272\n|move|p2a: Deoxys|Recover|p2a: Deoxys\n|-heal|p2a: Deoxys|182/224\n|move|p1a: Chimecho|Recover|p1a: Chimecho\n|-heal|p1a: Chimecho|296/296\n|\n|upkeep\n|turn|10\n|\n|t:|1770568278\n|switch|p2a: Glalie|Glalie, L92, F|158/297\n|move|p1a: Chimecho|Toxic|p2a: Glalie\n|-status|p2a: Glalie|tox\n|\n|-heal|p2a: Glalie|176/297 tox|[from] item: Leftovers\n|-damage|p2a: Glalie|158/297 tox|[from] psn\n|upkeep\n|turn|11\n|\n|t:|1770568281\n|move|p2a: Glalie|Taunt|p1a: Chimecho\n|-start|p1a: Chimecho|move: Taunt\n|move|p1a: Chimecho|Psychic|p2a: Glalie\n|-damage|p2a: Glalie|31/297 tox\n|\n|-heal|p2a: Glalie|49/297 tox|[from] item: Leftovers\n|-damage|p2a: Glalie|13/297 tox|[from] psn\n|upkeep\n|turn|12\n|\n|t:|1770568285\n|switch|p1a: Castform|Castform, L99, M|299/299\n|-damage|p1a: Castform|225/299|[from] Spikes\n|move|p2a: Glalie|Freeze-Dry|p1a: Castform\n|-damage|p1a: Castform|168/299\n|\n|-heal|p2a: Glalie|31/297 tox|[from] item: Leftovers\n|-damage|p2a: Glalie|0 fnt|[from] psn\n|faint|p2a: Glalie\n|upkeep\n|\n|t:|1770568301\n|switch|p2a: Fearow|Fearow, L88, F|258/258\n|turn|13\n|\n|t:|1770568304\n|move|p2a: Fearow|Focus Energy|p2a: Fearow\n|-start|p2a: Fearow|move: Focus Energy\n|move|p1a: Castform|Thunderbolt|p2a: Fearow\n|-supereffective|p2a: Fearow\n|-damage|p2a: Fearow|88/258\n|\n|upkeep\n|turn|14\n|\n|t:|1770568309\n|move|p2a: Fearow|Return|p1a: Castform\n|-crit|p1a: Castform\n|-damage|p1a: Castform|0 fnt\n|faint|p1a: Castform\n|\n|upkeep\n|\n|t:|1770568316\n|switch|p1a: Rayquaza|Rayquaza, L66|247/247\n|-ability|p1a: Rayquaza|Air Lock\n|turn|15\n|\n|t:|1770568319\n|detailschange|p1a: Rayquaza|Rayquaza-Mega, L66\n|-mega|p1a: Rayquaza|Rayquaza|\n|-weather|DeltaStream|[from] ability: Delta Stream|[of] p1a: Rayquaza\n|move|p1a: Rayquaza|Extreme Speed|p2a: Fearow\n|-damage|p2a: Fearow|0 fnt\n|faint|p2a: Fearow\n|\n|-weather|DeltaStream|[upkeep]\n|upkeep\n|\n|t:|1770568322\n|switch|p2a: Rhyperior|Rhyperior, L84, M|330/330\n|turn|16\n|\n|t:|1770568332\n|-weather|none\n|switch|p1a: Chimecho|Chimecho, L95, F|296/296\n|move|p2a: Rhyperior|Rock Polish|p2a: Rhyperior\n|-boost|p2a: Rhyperior|spe|2\n|\n|upkeep\n|turn|17\n|\n|t:|1770568347\n|move|p2a: Rhyperior|Stone Edge|p1a: Chimecho\n|-damage|p1a: Chimecho|172/296\n|move|p1a: Chimecho|Toxic|p2a: Rhyperior\n|-status|p2a: Rhyperior|tox\n|\n|-heal|p1a: Chimecho|190/296|[from] item: Leftovers\n|-damage|p2a: Rhyperior|310/330 tox|[from] psn\n|upkeep\n|turn|18\n|\n|t:|1770568355\n|switch|p2a: Latios|Latios, L79, M|256/256\n|move|p1a: Chimecho|Recover|p1a: Chimecho\n|-heal|p1a: Chimecho|296/296\n|\n|upkeep\n|turn|19\n|\n|t:|1770568357\n|detailschange|p2a: Latios|Latios-Mega, L79, M\n|-mega|p2a: Latios|Latios|Latiosite\n|move|p2a: Latios|Calm Mind|p2a: Latios\n|-boost|p2a: Latios|spa|1\n|-boost|p2a: Latios|spd|1\n|move|p1a: Chimecho|Toxic|p2a: Latios|[miss]\n|-miss|p1a: Chimecho|p2a: Latios\n|\n|upkeep\n|turn|20\n|\n|t:|1770568363\n|move|p2a: Latios|Draco Meteor|p1a: Chimecho\n|-damage|p1a: Chimecho|59/296\n|-unboost|p2a: Latios|spa|2\n|move|p1a: Chimecho|Toxic|p2a: Latios\n|-status|p2a: Latios|tox\n|\n|-heal|p1a: Chimecho|77/296|[from] item: Leftovers\n|-damage|p2a: Latios|240/256 tox|[from] psn\n|upkeep\n|turn|21\n|\n|t:|1770568367\n|switch|p1a: Excadrill|Excadrill, L81, F|311/311\n|-damage|p1a: Excadrill|234/311|[from] Spikes\n|-ability|p1a: Excadrill|Mold Breaker\n|move|p2a: Latios|Draco Meteor|p1a: Excadrill\n|-resisted|p1a: Excadrill\n|-damage|p1a: Excadrill|153/311\n|-unboost|p2a: Latios|spa|2\n|\n|-damage|p2a: Latios|208/256 tox|[from] psn\n|upkeep\n|turn|22\n|\n|t:|1770568372\n|switch|p2a: Ludicolo|Ludicolo, L89, M|287/287\n|move|p1a: Excadrill|Iron Head|p2a: Ludicolo\n|-resisted|p2a: Ludicolo\n|-damage|p2a: Ludicolo|213/287\n|-damage|p1a: Excadrill|122/311|[from] item: Life Orb\n|\n|upkeep\n|turn|23\n|\n|t:|1770568382\n|switch|p1a: Jynx|Jynx, L89, F|260/260\n|-damage|p1a: Jynx|195/260|[from] Spikes\n|move|p2a: Ludicolo|Scald|p1a: Jynx\n|-heal|p1a: Jynx|260/260|[from] ability: Dry Skin|[of] p2a: Ludicolo\n|\n|upkeep\n|turn|24\n|\n|t:|1770568388\n|switch|p2a: Deoxys|Deoxys-Defense, L85|182/224\n|-ability|p2a: Deoxys|Pressure\n|move|p1a: Jynx|Nasty Plot|p1a: Jynx\n|-boost|p1a: Jynx|spa|2\n|\n|upkeep\n|turn|25\n|\n|t:|1770568390\n|move|p1a: Jynx|Ice Beam|p2a: Deoxys\n|-damage|p2a: Deoxys|7/224\n|-damage|p1a: Jynx|234/260|[from] item: Life Orb\n|move|p2a: Deoxys|Focus Blast|p1a: Jynx\n|-damage|p1a: Jynx|173/260\n|\n|upkeep\n|turn|26\n|\n|t:|1770568397\n|move|p1a: Jynx|Ice Beam|p2a: Deoxys\n|-damage|p2a: Deoxys|0 fnt\n|faint|p2a: Deoxys\n|-damage|p1a: Jynx|147/260|[from] item: Life Orb\n|\n|upkeep\n|\n|t:|1770568401\n|switch|p2a: Ludicolo|Ludicolo, L89, M|213/287\n|turn|27\n|\n|t:|1770568404\n|move|p1a: Jynx|Psyshock|p2a: Ludicolo\n|-damage|p2a: Ludicolo|0 fnt\n|faint|p2a: Ludicolo\n|-damage|p1a: Jynx|121/260|[from] item: Life Orb\n|\n|upkeep\n|-message|xxfairykingxx forfeited.\n|\n|win|berserkpower\n|raw|berserkpower's rating: 1633 &rarr; <strong>1651</strong><br />(+18 for winning)\n|raw|xxfairykingxx's rating: 1602 &rarr; <strong>1584</strong><br />(-18 for losing)\n|l|☆xxfairykingxx\n|player|p2|\n", "inputlog": ">version ccdc32dd7cde25fd9e4bed64820e885f66e78a4e\n>start {\"formatid\":\"gen7randombattle\",\"seed\":\"sodium,9d5dbc4d2ef583aa250339c6a69193b7\",\"rated\":\"Rated battle\"}\n>player p1 {\"name\":\"berserkpower\",\"avatar\":\"lance\",\"rating\":1633,\"seed\":\"sodium,0bd904dbdc56b7cf2a8d5fa943de6731\"}\n>player p2 {\"name\":\"xxfairykingxx\",\"avatar\":\"preschoolerf\",\"rating\":1602,\"seed\":\"sodium,60b896d895953243015df75b8f093f1b\"}\n>p1 move toxic\n>p2 move taunt\n>p1 switch 2\n>p2 move spikes\n>p1 move scald\n>p2 move spikes\n>p1 move return\n>p2 move spikes\n>p1 move return\n>p2 switch 3\n>p1 switch 2\n>p2 move nastyplot\n>p1 move knockoff\n>p2 move nastyplot\n>p1 move knockoff\n>p2 move psyshock\n>p1 move recover\n>p2 move recover\n>p1 move toxic\n>p2 switch 3\n>p1 move psychic\n>p2 move taunt\n>p1 switch 2\n>p2 move freezedry\n>p2 switch 5\n>p1 move thunderbolt\n>p2 move focusenergy\n>p1 move thunderbolt\n>p2 move return\n>p1 switch 4\n>p1 move extremespeed mega\n>p2 move return\n>p2 switch 6\n>p1 switch 2\n>p2 move rockpolish\n>p1 move toxic\n>p2 move stoneedge\n>p1 move recover\n>p2 switch 4\n>p1 move toxic\n>p2 move calmmind mega\n>p1 move toxic\n>p2 move dracometeor\n>p1 switch 6\n>p2 move dracometeor\n>p1 move ironhead\n>p2 switch 2\n>p1 switch 3\n>p2 move scald\n>p1 move nastyplot\n>p2 switch 3\n>p1 move icebeam\n>p2 move focusblast\n>p1 move icebeam\n>p2 move focusblast\n>p2 switch 3\n>p1 move psyshock\n>p2 move energyball\n>forcelose p2", "uploadtime": 1770568413, "views": 202, "formatid": "gen7randombattle", "rating": 1584, "private": 0, "password": null}