{"id": "gen7randombattle-2540023666", "format": "[Gen 7] Random Battle", "players": ["Mewtwo reigns", "may/gen3"], "log": "|j|☆Mewtwo reigns\n|j|☆may/gen3\n|t:|1771146949\n|gametype|singles\n|player|p1|Mewtwo reigns|teamrocket|1614\n|player|p2|may/gen3|may|1794\n|gen|7\n|tier|[Gen 7] Random Battle\n|rated|\n|rule|Sleep Clause Mod: Limit one foe put to sleep\n|rule|HP Percentage Mod: HP is shown in percentages\n|rule|Illusion Level Mod: Illusion disguises the Pokémon's true level\n|\n|t:|1771146949\n|teamsize|p1|6\n|teamsize|p2|6\n|start\n|switch|p1a: Leafeon|Leafeon, L88, M|258/258\n|switch|p2a: Bouffalant|Bouffalant, L87, M|307/307\n|turn|1\n|inactive|Battle timer is ON: inactive players will automatically lose when time's up. (requested by Mewtwo reigns)\n|c|☆may/gen3|hi\n|\n|t:|1771146977\n|move|p1a: Leafeon|Swords Dance|p1a: Leafeon\n|-boost|p1a: Leafeon|atk|2\n|move|p2a: Bouffalant|Swords Dance|p2a: Bouffalant\n|-boost|p2a: Bouffalant|atk|2\n|\n|upkeep\n|turn|2\n|\n|t:|1771146981\n|move|p1a: Leafeon|Leaf Blade|p2a: Bouffalant\n|-damage|p2a: Bouffalant|17/307\n|-damage|p1a: Leafeon|233/258|[from] item: Life Orb\n|move|p2a: Bouffalant|Head Charge|p1a: Leafeon\n|-damage|p1a: Leafeon|0 fnt\n|faint|p1a: Leafeon\n|-damage|p2a: Bouffalant|0 fnt|[from] Recoil\n|faint|p2a: Bouffalant\n|\n|upkeep\n|c|☆may/gen3|wow\n|\n|t:|1771147004\n|switch|p1a: Vivillon|Vivillon-Modern, L85, M|275/275\n|switch|p2a: Seismitoad|Seismitoad, L85, M|317/317\n|turn|3\n|\n|t:|1771147014\n|move|p1a: Vivillon|Sleep Powder|p2a: Seismitoad\n|-status|p2a: Seismitoad|slp|[from] move: Sleep Powder\n|cant|p2a: Seismitoad|slp\n|\n|upkeep\n|turn|4\n|c|☆Mewtwo reigns|Yeah\n|\n|t:|1771147022\n|switch|p2a: Dialga|Dialga, L74|270/270\n|-ability|p2a: Dialga|Pressure\n|move|p1a: Vivillon|Quiver Dance|p1a: Vivillon\n|-boost|p1a: Vivillon|spa|1\n|-boost|p1a: Vivillon|spd|1\n|-boost|p1a: Vivillon|spe|1\n|\n|upkeep\n|turn|5\n|\n|t:|1771147048\n|switch|p1a: Chansey|Chansey, L85, F|564/564\n|move|p2a: Dialga|Thunderbolt|p1a: Chansey\n|-damage|p1a: Chansey|521/564\n|\n|upkeep\n|turn|6\n|\n|t:|1771147063\n|switch|p2a: Breloom|Breloom, L84, M|238/238\n|move|p1a: Chansey|Seismic Toss|p2a: Breloom\n|-damage|p2a: Breloom|153/238\n|\n|upkeep\n|turn|7\n|\n|t:|1771147069\n|switch|p1a: Tapu Fini|Tapu Fini, L80|243/243\n|-fieldstart|move: Misty Terrain|[from] ability: Misty Surge|[of] p1a: Tapu Fini\n|move|p2a: Breloom|Rock Tomb|p1a: Tapu Fini\n|-crit|p1a: Tapu Fini\n|-damage|p1a: Tapu Fini|114/243\n|-unboost|p1a: Tapu Fini|spe|1\n|-damage|p2a: Breloom|130/238|[from] item: Life Orb\n|\n|-heal|p1a: Tapu Fini|129/243|[from] item: Leftovers\n|upkeep\n|turn|8\n|\n|t:|1771147079\n|switch|p1a: Vivillon|Vivillon-Modern, L85, M|275/275\n|move|p2a: Breloom|Rock Tomb|p1a: Vivillon\n|-supereffective|p1a: Vivillon\n|-damage|p1a: Vivillon|0 fnt\n|faint|p1a: Vivillon\n|-damage|p2a: Breloom|107/238|[from] item: Life Orb\n|\n|upkeep\n|\n|t:|1771147085\n|switch|p1a: Tapu Fini|Tapu Fini, L80|129/243\n|turn|9\n|\n|t:|1771147094\n|switch|p2a: Seismitoad|Seismitoad, L85, M|317/317 slp\n|move|p1a: Tapu Fini|Moonblast|p2a: Seismitoad\n|-damage|p2a: Seismitoad|211/317 slp\n|-unboost|p2a: Seismitoad|spa|1\n|\n|-heal|p1a: Tapu Fini|144/243|[from] item: Leftovers\n|-heal|p2a: Seismitoad|230/317 slp|[from] item: Leftovers\n|upkeep\n|turn|10\n|\n|t:|1771147101\n|switch|p1a: Manaphy|Manaphy, L77|281/281\n|-curestatus|p2a: Seismitoad|slp|[msg]\n|move|p2a: Seismitoad|Earthquake|p1a: Manaphy\n|-damage|p1a: Manaphy|166/281\n|\n|-heal|p2a: Seismitoad|249/317|[from] item: Leftovers\n|upkeep\n|turn|11\n|\n|t:|1771147109\n|switch|p2a: Dialga|Dialga, L74|270/270\n|-ability|p2a: Dialga|Pressure\n|move|p1a: Manaphy|Tail Glow|p1a: Manaphy\n|-boost|p1a: Manaphy|spa|3\n|\n|-fieldend|Misty Terrain\n|upkeep\n|turn|12\n|\n|t:|1771147112\n|move|p2a: Dialga|Thunderbolt|p1a: Manaphy\n|-supereffective|p1a: Manaphy\n|-damage|p1a: Manaphy|36/281\n|move|p1a: Manaphy|Ice Beam|p2a: Dialga\n|-damage|p2a: Dialga|123/270\n|\n|upkeep\n|turn|13\n|\n|t:|1771147116\n|switch|p1a: Chansey|Chansey, L85, F|521/564\n|move|p2a: Dialga|Thunderbolt|p1a: Chansey\n|-damage|p1a: Chansey|480/564\n|\n|upkeep\n|turn|14\n|\n|t:|1771147126\n|switch|p2a: Vivillon|Vivillon-Sun, L85, F|275/275\n|move|p1a: Chansey|Seismic Toss|p2a: Vivillon\n|-damage|p2a: Vivillon|190/275\n|\n|-heal|p2a: Vivillon|207/275|[from] item: Leftovers\n|upkeep\n|turn|15\n|\n|t:|1771147129\n|move|p2a: Vivillon|Sleep Powder|p1a: Chansey\n|-status|p1a: Chansey|slp|[from] move: Sleep Powder\n|cant|p1a: Chansey|slp\n|\n|-heal|p2a: Vivillon|224/275|[from] item: Leftovers\n|upkeep\n|turn|16\n|\n|t:|1771147133\n|switch|p2a: Seismitoad|Seismitoad, L85, M|249/317\n|-curestatus|p1a: Chansey|slp|[from] ability: Natural Cure\n|switch|p1a: Tapu Fini|Tapu Fini, L80|144/243\n|-fieldstart|move: Misty Terrain|[from] ability: Misty Surge|[of] p1a: Tapu Fini\n|\n|-heal|p1a: Tapu Fini|159/243|[from] item: Leftovers\n|-heal|p2a: Seismitoad|268/317|[from] item: Leftovers\n|upkeep\n|turn|17\n|\n|t:|1771147141\n|move|p1a: Tapu Fini|Moonblast|p2a: Seismitoad\n|-damage|p2a: Seismitoad|159/317\n|move|p2a: Seismitoad|Earthquake|p1a: Tapu Fini\n|-damage|p1a: Tapu Fini|68/243\n|\n|-heal|p1a: Tapu Fini|83/243|[from] item: Leftovers\n|-heal|p2a: Seismitoad|178/317|[from] item: Leftovers\n|upkeep\n|turn|18\n|\n|t:|1771147145\n|move|p1a: Tapu Fini|Moonblast|p2a: Seismitoad\n|-damage|p2a: Seismitoad|81/317\n|move|p2a: Seismitoad|Earthquake|p1a: Tapu Fini\n|-damage|p1a: Tapu Fini|0 fnt\n|faint|p1a: Tapu Fini\n|\n|-heal|p2a: Seismitoad|100/317|[from] item: Leftovers\n|upkeep\n|\n|t:|1771147149\n|switch|p1a: Gallade|Gallade, L77, M|231/231\n|turn|19\n|\n|t:|1771147157\n|detailschange|p1a: Gallade|Gallade-Mega, L77, M\n|-mega|p1a: Gallade|Gallade|Galladite\n|move|p1a: Gallade|Swords Dance|p1a: Gallade\n|-boost|p1a: Gallade|atk|2\n|move|p2a: Seismitoad|Toxic|p1a: Gallade\n|-activate|p1a: Gallade|move: Misty Terrain\n|\n|-heal|p2a: Seismitoad|119/317|[from] item: Leftovers\n|upkeep\n|turn|20\n|c|☆may/gen3|I'm stupid lol\n|\n|t:|1771147165\n|move|p1a: Gallade|Knock Off|p2a: Seismitoad\n|-damage|p2a: Seismitoad|0 fnt\n|-enditem|p2a: Seismitoad|Leftovers|[from] move: Knock Off|[of] p1a: Gallade\n|faint|p2a: Seismitoad\n|\n|-fieldend|Misty Terrain\n|upkeep\n|\n|t:|1771147170\n|switch|p2a: Kingdra|Kingdra, L85, M|266/266\n|turn|21\n|\n|t:|1771147178\n|switch|p2a: Vivillon|Vivillon-Sun, L85, F|224/275\n|move|p1a: Gallade|Close Combat|p2a: Vivillon\n|-resisted|p2a: Vivillon\n|-damage|p2a: Vivillon|102/275\n|-unboost|p1a: Gallade|def|1\n|-unboost|p1a: Gallade|spd|1\n|\n|-heal|p2a: Vivillon|119/275|[from] item: Leftovers\n|upkeep\n|turn|22\n|\n|t:|1771147188\n|move|p1a: Gallade|Zen Headbutt|p2a: Vivillon\n|-damage|p2a: Vivillon|0 fnt\n|faint|p2a: Vivillon\n|\n|upkeep\n|\n|t:|1771147190\n|switch|p2a: Dialga|Dialga, L74|123/270\n|-ability|p2a: Dialga|Pressure\n|turn|23\n|\n|t:|1771147193\n|move|p2a: Dialga|Draco Meteor|p1a: Gallade\n|-damage|p1a: Gallade|20/231\n|-unboost|p2a: Dialga|spa|2\n|move|p1a: Gallade|Close Combat|p2a: Dialga\n|-supereffective|p2a: Dialga\n|-damage|p2a: Dialga|0 fnt\n|-unboost|p1a: Gallade|def|1\n|-unboost|p1a: Gallade|spd|1\n|faint|p2a: Dialga\n|\n|upkeep\n|\n|t:|1771147196\n|switch|p2a: Breloom|Breloom, L84, M|107/238\n|turn|24\n|\n|t:|1771147205\n|move|p2a: Breloom|Mach Punch|p1a: Gallade\n|-resisted|p1a: Gallade\n|-damage|p1a: Gallade|0 fnt\n|faint|p1a: Gallade\n|detailschange|p1: Gallade|Gallade, L77, M|[silent]\n|-damage|p2a: Breloom|84/238|[from] item: Life Orb\n|\n|upkeep\n|\n|t:|1771147206\n|switch|p1a: Chansey|Chansey, L85, F|480/564\n|turn|25\n|c|☆may/gen3|yes hell yeah\n|\n|t:|1771147215\n|move|p2a: Breloom|Mach Punch|p1a: Chansey\n|-supereffective|p1a: Chansey\n|-damage|p1a: Chansey|9/564\n|-damage|p2a: Breloom|61/238|[from] item: Life Orb\n|move|p1a: Chansey|Soft-Boiled|p1a: Chansey\n|-heal|p1a: Chansey|291/564\n|\n|upkeep\n|turn|26\n|\n|t:|1771147219\n|move|p2a: Breloom|Mach Punch|p1a: Chansey\n|-supereffective|p1a: Chansey\n|-damage|p1a: Chansey|0 fnt\n|faint|p1a: Chansey\n|-damage|p2a: Breloom|38/238|[from] item: Life Orb\n|\n|upkeep\n|\n|t:|1771147220\n|switch|p1a: Manaphy|Manaphy, L77|36/281\n|turn|27\n|\n|t:|1771147223\n|move|p2a: Breloom|Mach Punch|p1a: Manaphy\n|-damage|p1a: Manaphy|0 fnt\n|faint|p1a: Manaphy\n|-damage|p2a: Breloom|15/238|[from] item: Life Orb\n|\n|win|may/gen3\n|raw|Mewtwo reigns's rating: 1614 &rarr; <strong>1604</strong><br />(-10 for losing)\n|raw|may&#x2f;gen3's rating: 1794 &rarr; <strong>1804</strong><br />(+10 for winning)\n|l|☆Mewtwo reigns\n|player|p1|\n", "inputlog": ">version 686819e5e19f8a7fd2345cfc5a08a5085efa2cc3\n>start {\"formatid\":\"gen7randombattle\",\"seed\":\"sodium,79543a43e3adccbe8da301037d2e1ac5\",\"rated\":\"Rated battle\"}\n>player p1 {\"name\":\"Mewtwo reigns\",\"avatar\":\"teamrocket\",\"rating\":1614,\"seed\":\"sodium,c7b71d9329a3d2b63f801fa9df64c11d\"}\n>player p2 {\"name\":\"may/gen3\",\"avatar\":\"may\",\"rating\":1794,\"seed\":\"sodium,6cd2075252b793ee5381fc59efe2f88b\"}\n>chat ☆may/gen3|hi\n>p1 move swordsdance\n>p2 move swordsdance\n>p1 move leafblade\n>p2 move headcharge\n>chat ☆may/gen3|wow\n>p1 switch 4\n>p2 switch 6\n>p1 move sleeppowder\n>p2 move toxic\n>chat ☆Mewtwo reigns|Yeah\n>p1 move quiverdance\n>p2 switch 2\n>p1 switch 5\n>p2 move thunderbolt\n>p1 move seismictoss\n>p2 switch 3\n>p1 switch 2\n>p2 move rocktomb\n>p1 switch 5\n>p2 move rocktomb\n>p1 switch 5\n>p1 move moonblast\n>p2 switch 2\n>p1 switch 6\n>p2 move earthquake\n>p1 move tailglow\n>p2 switch 3\n>p1 move icebeam\n>p2 move thunderbolt\n>p1 switch 2\n>p2 move thunderbolt\n>p1 move seismictoss\n>p2 switch 4\n>p1 move toxic\n>p2 move sleeppowder\n>p1 switch 6\n>p2 switch 3\n>p1 move moonblast\n>p2 move earthquake\n>p1 move moonblast\n>p2 move earthquake\n>p1 switch 3\n>p1 move swordsdance mega\n>p2 move toxic\n>chat ☆may/gen3|I'm stupid lol\n>p1 move knockoff\n>p2 move earthquake\n>p2 switch 5\n>p1 move closecombat\n>p2 switch 3\n>p1 move zenheadbutt\n>p2 move hurricane\n>p2 switch 4\n>p1 move closecombat\n>p2 move dracometeor\n>p2 switch 2\n>p1 move closecombat\n>p2 move machpunch\n>p1 switch 6\n>chat ☆may/gen3|yes hell yeah\n>p1 move softboiled\n>p2 move machpunch\n>p1 move seismictoss\n>p2 move machpunch\n>p1 switch 2\n>p1 move surf\n>p2 move machpunch", "uploadtime": 1771147225, "views": 78, "formatid": "gen7randombattle", "rating": 1604, "private": 0, "password": null}