{"id": "gen7randombattle-2526629843", "format": "[Gen 7] Random Battle", "players": ["JonathanSchmied", "BigWes95"], "log": "|j|☆JonathanSchmied\n|j|☆BigWes95\n|t:|1769442485\n|gametype|singles\n|player|p1|JonathanSchmied|102|1728\n|player|p2|BigWes95|#rbtt9hoopers2|1921\n|gen|7\n|tier|[Gen 7] Random Battle\n|rated|\n|rule|Sleep Clause Mod: Limit one foe put to sleep\n|rule|HP Percentage Mod: HP is shown in percentages\n|rule|Illusion Level Mod: Illusion disguises the Pokémon's true level\n|\n|t:|1769442485\n|teamsize|p1|6\n|teamsize|p2|6\n|start\n|switch|p1a: Turtonator|Turtonator, L88, M|249/249\n|switch|p2a: Musharna|Musharna, L89, M|351/351\n|turn|1\n|inactive|Battle timer is ON: inactive players will automatically lose when time's up. (requested by BigWes95)\n|inactive|JonathanSchmied has 120 seconds left.\n|\n|t:|1769442527\n|switch|p1a: Spiritomb|Spiritomb, L91, F|239/239\n|move|p2a: Musharna|Toxic|p1a: Spiritomb\n|-status|p1a: Spiritomb|tox\n|\n|-damage|p1a: Spiritomb|225/239 tox|[from] psn\n|upkeep\n|turn|2\n|\n|t:|1769442547\n|switch|p2a: Accelgor|Accelgor, L90, M|290/290\n|move|p1a: Spiritomb|Toxic|p2a: Accelgor\n|-status|p2a: Accelgor|tox\n|\n|-heal|p1a: Spiritomb|239/239 tox|[from] item: Leftovers\n|-damage|p2a: Accelgor|272/290 tox|[from] psn\n|-damage|p1a: Spiritomb|211/239 tox|[from] psn\n|upkeep\n|turn|3\n|\n|t:|1769442568\n|switch|p1a: Turtonator|Turtonator, L88, M|249/249\n|move|p2a: Accelgor|Toxic Spikes|p1a: Turtonator\n|-sidestart|p1: JonathanSchmied|move: Toxic Spikes\n|\n|-heal|p2a: Accelgor|290/290 tox|[from] item: Leftovers\n|-damage|p2a: Accelgor|254/290 tox|[from] psn\n|upkeep\n|turn|4\n|\n|t:|1769442575\n|move|p2a: Accelgor|Toxic Spikes|p1a: Turtonator\n|-sidestart|p1: JonathanSchmied|move: Toxic Spikes\n|move|p1a: Turtonator|Fire Blast|p2a: Accelgor\n|-supereffective|p2a: Accelgor\n|-damage|p2a: Accelgor|0 fnt\n|faint|p2a: Accelgor\n|\n|upkeep\n|\n|t:|1769442583\n|switch|p2a: Gligar|Gligar, L82, M|241/241\n|turn|5\n|\n|t:|1769442593\n|switch|p1a: Cofagrigus|Cofagrigus, L89, M|248/248\n|-status|p1a: Cofagrigus|tox\n|move|p2a: Gligar|Earthquake|p1a: Cofagrigus\n|-damage|p1a: Cofagrigus|193/248 tox\n|\n|-heal|p1a: Cofagrigus|208/248 tox|[from] item: Leftovers\n|-damage|p1a: Cofagrigus|193/248 tox|[from] psn\n|upkeep\n|turn|6\n|\n|t:|1769442602\n|move|p2a: Gligar|Knock Off|p1a: Cofagrigus\n|-supereffective|p1a: Cofagrigus\n|-damage|p1a: Cofagrigus|123/248 tox\n|-ability|p2a: Gligar|Mummy|Immunity|[from] ability: Mummy|[of] p1a: Cofagrigus\n|-activate|p1a: Cofagrigus|ability: Mummy|Immunity|[of] p2a: Gligar\n|-enditem|p1a: Cofagrigus|Leftovers|[from] move: Knock Off|[of] p2a: Gligar\n|move|p1a: Cofagrigus|Will-O-Wisp|p2a: Gligar|[miss]\n|-miss|p1a: Cofagrigus|p2a: Gligar\n|\n|-damage|p1a: Cofagrigus|93/248 tox|[from] psn\n|upkeep\n|turn|7\n|\n|t:|1769442614\n|switch|p2a: Floatzel|Floatzel, L86, M|286/286\n|move|p1a: Cofagrigus|Will-O-Wisp|p2a: Floatzel\n|-immune|p2a: Floatzel|[from] ability: Water Veil\n|\n|-damage|p1a: Cofagrigus|48/248 tox|[from] psn\n|upkeep\n|turn|8\n|\n|t:|1769442623\n|move|p2a: Floatzel|Liquidation|p1a: Cofagrigus\n|-damage|p1a: Cofagrigus|0 fnt\n|-ability|p2a: Floatzel|Mummy|Water Veil|[from] ability: Mummy|[of] p1a: Cofagrigus\n|-activate|p1a: Cofagrigus|ability: Mummy|Water Veil|[of] p2a: Floatzel\n|faint|p1a: Cofagrigus\n|\n|upkeep\n|\n|t:|1769442635\n|switch|p1a: Spiritomb|Spiritomb, L91, F|211/239 tox\n|turn|9\n|\n|t:|1769442641\n|switch|p2a: Gligar|Gligar, L82, M|241/241\n|move|p1a: Spiritomb|Foul Play|p2a: Gligar\n|-damage|p2a: Gligar|184/241\n|\n|-heal|p1a: Spiritomb|225/239 tox|[from] item: Leftovers\n|-damage|p1a: Spiritomb|211/239 tox|[from] psn\n|upkeep\n|turn|10\n|\n|t:|1769442651\n|switch|p1a: Passimian|Passimian, L84, F|305/305\n|-status|p1a: Passimian|tox\n|move|p2a: Gligar|Knock Off|p1a: Passimian\n|-resisted|p1a: Passimian\n|-damage|p1a: Passimian|280/305 tox\n|-enditem|p1a: Passimian|Leftovers|[from] move: Knock Off|[of] p2a: Gligar\n|\n|-damage|p1a: Passimian|261/305 tox|[from] psn\n|upkeep\n|turn|11\n|\n|t:|1769442671\n|switch|p2a: Musharna|Musharna, L89, M|351/351\n|move|p1a: Passimian|Knock Off|p2a: Musharna\n|-supereffective|p2a: Musharna\n|-damage|p2a: Musharna|205/351\n|-enditem|p2a: Musharna|Leftovers|[from] move: Knock Off|[of] p1a: Passimian\n|\n|-damage|p1a: Passimian|223/305 tox|[from] psn\n|upkeep\n|turn|12\n|\n|t:|1769442681\n|move|p1a: Passimian|Gunk Shot|p2a: Musharna\n|-damage|p2a: Musharna|102/351\n|move|p2a: Musharna|Moonlight|p2a: Musharna\n|-heal|p2a: Musharna|277/351\n|\n|-damage|p1a: Passimian|166/305 tox|[from] psn\n|upkeep\n|turn|13\n|\n|t:|1769442689\n|switch|p1a: Spiritomb|Spiritomb, L91, F|211/239 tox\n|move|p2a: Musharna|Psychic|p1a: Spiritomb\n|-immune|p1a: Spiritomb\n|\n|-heal|p1a: Spiritomb|225/239 tox|[from] item: Leftovers\n|-damage|p1a: Spiritomb|211/239 tox|[from] psn\n|upkeep\n|turn|14\n|\n|t:|1769442697\n|switch|p2a: Gligar|Gligar, L82, M|184/241\n|move|p1a: Spiritomb|Foul Play|p2a: Gligar\n|-damage|p2a: Gligar|127/241\n|\n|-heal|p1a: Spiritomb|225/239 tox|[from] item: Leftovers\n|-damage|p1a: Spiritomb|197/239 tox|[from] psn\n|upkeep\n|turn|15\n|\n|t:|1769442705\n|switch|p1a: Azumarill|Azumarill, L81, M|294/294\n|-status|p1a: Azumarill|tox\n|move|p2a: Gligar|Roost|p2a: Gligar\n|-heal|p2a: Gligar|241/241\n|-singleturn|p2a: Gligar|move: Roost\n|\n|-damage|p1a: Azumarill|276/294 tox|[from] psn\n|upkeep\n|turn|16\n|\n|t:|1769442714\n|switch|p2a: Togedemaru|Togedemaru, L86, F|252/252\n|move|p1a: Azumarill|Belly Drum|p1a: Azumarill\n|-damage|p1a: Azumarill|129/294 tox\n|-setboost|p1a: Azumarill|atk|6|[from] move: Belly Drum\n|-enditem|p1a: Azumarill|Sitrus Berry|[eat]\n|-heal|p1a: Azumarill|202/294 tox|[from] item: Sitrus Berry\n|\n|-damage|p1a: Azumarill|166/294 tox|[from] psn\n|upkeep\n|turn|17\n|\n|t:|1769442724\n|move|p2a: Togedemaru|Spiky Shield|p2a: Togedemaru\n|-singleturn|p2a: Togedemaru|move: Protect\n|move|p1a: Azumarill|Aqua Jet|p2a: Togedemaru\n|-activate|p2a: Togedemaru|move: Protect\n|-damage|p1a: Azumarill|130/294 tox|[from] Spiky Shield|[of] p2a: Togedemaru\n|\n|-damage|p1a: Azumarill|76/294 tox|[from] psn\n|upkeep\n|turn|18\n|\n|t:|1769442735\n|switch|p2a: Floatzel|Floatzel, L86, M|286/286\n|move|p1a: Azumarill|Aqua Jet|p2a: Floatzel\n|-resisted|p2a: Floatzel\n|-damage|p2a: Floatzel|145/286\n|\n|-damage|p1a: Azumarill|4/294 tox|[from] psn\n|upkeep\n|turn|19\n|\n|t:|1769442742\n|move|p1a: Azumarill|Aqua Jet|p2a: Floatzel\n|-resisted|p2a: Floatzel\n|-damage|p2a: Floatzel|11/286\n|move|p2a: Floatzel|Liquidation|p1a: Azumarill\n|-resisted|p1a: Azumarill\n|-damage|p1a: Azumarill|0 fnt\n|faint|p1a: Azumarill\n|\n|upkeep\n|\n|t:|1769442752\n|switch|p1a: Spiritomb|Spiritomb, L91, F|197/239 tox\n|turn|20\n|\n|t:|1769442756\n|switch|p2a: Gligar|Gligar, L82, M|241/241\n|move|p1a: Spiritomb|Sucker Punch||[still]\n|-fail|p1a: Spiritomb\n|\n|-heal|p1a: Spiritomb|211/239 tox|[from] item: Leftovers\n|-damage|p1a: Spiritomb|197/239 tox|[from] psn\n|upkeep\n|turn|21\n|\n|t:|1769442767\n|switch|p1a: Passimian|Passimian, L84, F|166/305 tox\n|move|p2a: Gligar|Earthquake|p1a: Passimian\n|-damage|p1a: Passimian|78/305 tox\n|\n|-damage|p1a: Passimian|59/305 tox|[from] psn\n|upkeep\n|turn|22\n|\n|t:|1769442774\n|move|p2a: Gligar|Earthquake|p1a: Passimian\n|-damage|p1a: Passimian|0 fnt\n|faint|p1a: Passimian\n|\n|upkeep\n|\n|t:|1769442778\n|switch|p1a: Aggron|Aggron, L81, M|246/246\n|turn|23\n|-message|JonathanSchmied forfeited.\n|\n|win|BigWes95\n|raw|JonathanSchmied's rating: 1728 &rarr; <strong>1718</strong><br />(-10 for losing)\n|raw|BigWes95's rating: 1921 &rarr; <strong>1931</strong><br />(+10 for winning)\n|l|☆JonathanSchmied\n|player|p1|\n", "inputlog": ">version b99ff0165a6231f17e8b78c2a78d1998375de664\n>start {\"formatid\":\"gen7randombattle\",\"seed\":\"sodium,79c4d1feee6a2eb588d4a9d94614408b\",\"rated\":\"Rated battle\"}\n>player p1 {\"name\":\"JonathanSchmied\",\"avatar\":\"102\",\"rating\":1728,\"seed\":\"sodium,9bd4d96106e5fbd988876f9e25c0c7d7\"}\n>player p2 {\"name\":\"BigWes95\",\"avatar\":\"#rbtt9hoopers2\",\"rating\":1921,\"seed\":\"sodium,d201aa8e170d7c665ad125587cd5f803\"}\n>p1 switch 4\n>p2 move toxic\n>p1 move toxic\n>p2 switch 2\n>p1 switch 4\n>p2 move toxicspikes\n>p1 move fireblast\n>p2 move toxicspikes\n>p2 switch 3\n>p1 switch 2\n>p2 move earthquake\n>p1 move willowisp\n>p2 move knockoff\n>p1 move willowisp\n>p2 switch 4\n>p1 move painsplit\n>p2 move liquidation\n>p1 switch 4\n>p1 move foulplay\n>p2 switch 4\n>p1 switch 5\n>p2 move knockoff\n>p1 move knockoff\n>p2 switch 2\n>p1 move gunkshot\n>p2 move moonlight\n>p1 switch 5\n>p2 move psychic\n>p1 move foulplay\n>p2 switch 2\n>p1 switch 3\n>p2 move roost\n>p1 move bellydrum\n>p2 switch 6\n>p1 move aquajet\n>p2 move spikyshield\n>p1 move aquajet\n>p2 switch 4\n>p1 move aquajet\n>p2 move liquidation\n>p1 switch 3\n>p1 move suckerpunch\n>p2 switch 6\n>p1 switch 5\n>p2 move earthquake\n>p1 move knockoff\n>p2 move earthquake\n>p1 switch 6\n>forcelose p1", "uploadtime": 1769442783, "views": 182, "formatid": "gen7randombattle", "rating": 1718, "private": 0, "password": null}