{"id": "gen7randombattle-2536551702", "format": "[Gen 7] Random Battle", "players": ["MrUmbrella", "Johnald714"], "log": "|j|☆MrUmbrella\n|j|☆Johnald714\n|t:|1770703991\n|gametype|singles\n|player|p1|MrUmbrella|gambler|1629\n|player|p2|Johnald714|101|1596\n|gen|7\n|tier|[Gen 7] Random Battle\n|rated|\n|rule|Sleep Clause Mod: Limit one foe put to sleep\n|rule|HP Percentage Mod: HP is shown in percentages\n|rule|Illusion Level Mod: Illusion disguises the Pokémon's true level\n|\n|t:|1770703991\n|teamsize|p1|6\n|teamsize|p2|6\n|start\n|switch|p1a: Hypno|Hypno, L97, M|322/322\n|switch|p2a: Sigilyph|Sigilyph, L85, M|261/261\n|turn|1\n|inactive|Battle timer is ON: inactive players will automatically lose when time's up. (requested by Johnald714)\n|\n|t:|1770704009\n|switch|p1a: Armaldo|Armaldo, L89, M|278/278\n|move|p2a: Sigilyph|Air Slash|p1a: Armaldo\n|-damage|p1a: Armaldo|157/278\n|\n|upkeep\n|turn|2\n|\n|t:|1770704036\n|move|p2a: Sigilyph|Air Slash|p1a: Armaldo\n|-damage|p1a: Armaldo|44/278\n|move|p1a: Armaldo|Knock Off|p2a: Sigilyph\n|-supereffective|p2a: Sigilyph\n|-damage|p2a: Sigilyph|0 fnt\n|-enditem|p2a: Sigilyph|Life Orb|[from] move: Knock Off|[of] p1a: Armaldo\n|faint|p2a: Sigilyph\n|\n|upkeep\n|inactive|Johnald714 has 120 seconds left.\n|\n|t:|1770704047\n|switch|p2a: Gengar|Gengar, L77, F|219/219\n|turn|3\n|\n|t:|1770704057\n|switch|p1a: Audino|Audino, L92, F|339/339\n|detailschange|p2a: Gengar|Gengar-Mega, L77, F\n|-mega|p2a: Gengar|Gengar|Gengarite\n|move|p2a: Gengar|Shadow Ball|p1a: Audino\n|-immune|p1a: Audino\n|\n|upkeep\n|turn|4\n|\n|t:|1770704077\n|detailschange|p1a: Audino|Audino-Mega, L92, F\n|-mega|p1a: Audino|Audino|Audinite\n|move|p2a: Gengar|Sludge Wave|p1a: Audino\n|-supereffective|p1a: Audino\n|-damage|p1a: Audino|157/339\n|move|p1a: Audino|Dazzling Gleam|p2a: Gengar\n|-resisted|p2a: Gengar\n|-damage|p2a: Gengar|174/219\n|\n|upkeep\n|turn|5\n|inactive|MrUmbrella has 120 seconds left.\n|\n|t:|1770704101\n|move|p1a: Audino|Protect|p1a: Audino\n|-singleturn|p1a: Audino|Protect\n|move|p2a: Gengar|Sludge Wave|p1a: Audino\n|-activate|p1a: Audino|move: Protect\n|\n|upkeep\n|turn|6\n|\n|t:|1770704111\n|move|p2a: Gengar|Sludge Wave|p1a: Audino\n|-supereffective|p1a: Audino\n|-damage|p1a: Audino|0 fnt\n|faint|p1a: Audino\n|detailschange|p1: Audino|Audino, L92, F|[silent]\n|\n|upkeep\n|\n|t:|1770704117\n|switch|p1a: Bibarel|Bibarel, L90, M|289/289\n|turn|7\n|\n|t:|1770704128\n|move|p2a: Gengar|Focus Blast|p1a: Bibarel\n|-supereffective|p1a: Bibarel\n|-damage|p1a: Bibarel|1/289\n|move|p1a: Bibarel|Swords Dance|p1a: Bibarel\n|-boost|p1a: Bibarel|atk|4\n|\n|upkeep\n|turn|8\n|\n|t:|1770704135\n|move|p1a: Bibarel|Aqua Jet|p2a: Gengar\n|-damage|p2a: Gengar|0 fnt\n|faint|p2a: Gengar\n|detailschange|p2: Gengar|Gengar, L77, F|[silent]\n|-damage|p1a: Bibarel|0 fnt|[from] item: Life Orb\n|faint|p1a: Bibarel\n|\n|upkeep\n|\n|t:|1770704162\n|switch|p2a: Dialga|Dialga, L74|270/270\n|switch|p1a: Hypno|Hypno, L97, M|322/322\n|-ability|p2a: Dialga|Pressure\n|turn|9\n|\n|t:|1770704171\n|move|p1a: Hypno|Seismic Toss|p2a: Dialga\n|-damage|p2a: Dialga|173/270\n|move|p2a: Dialga|Stealth Rock|p1a: Hypno\n|-sidestart|p1: MrUmbrella|move: Stealth Rock\n|\n|-heal|p2a: Dialga|189/270|[from] item: Leftovers\n|upkeep\n|turn|10\n|\n|t:|1770704196\n|move|p1a: Hypno|Seismic Toss|p2a: Dialga\n|-damage|p2a: Dialga|92/270\n|move|p2a: Dialga|Flash Cannon|p1a: Hypno\n|-damage|p1a: Hypno|249/322\n|\n|-heal|p1a: Hypno|269/322|[from] item: Leftovers\n|-heal|p2a: Dialga|108/270|[from] item: Leftovers\n|upkeep\n|turn|11\n|\n|t:|1770704203\n|switch|p2a: Ariados|Ariados, L92, F|278/278\n|move|p1a: Hypno|Seismic Toss|p2a: Ariados\n|-damage|p2a: Ariados|181/278\n|\n|-heal|p1a: Hypno|289/322|[from] item: Leftovers\n|-heal|p2a: Ariados|198/278|[from] item: Black Sludge\n|upkeep\n|turn|12\n|\n|t:|1770704214\n|move|p1a: Hypno|Seismic Toss|p2a: Ariados\n|-damage|p2a: Ariados|101/278\n|move|p2a: Ariados|Megahorn|p1a: Hypno\n|-supereffective|p1a: Hypno\n|-damage|p1a: Hypno|0 fnt\n|faint|p1a: Hypno\n|\n|-heal|p2a: Ariados|118/278|[from] item: Black Sludge\n|upkeep\n|\n|t:|1770704223\n|switch|p1a: Ferrothorn|Ferrothorn, L72, M|226/226\n|-damage|p1a: Ferrothorn|212/226|[from] Stealth Rock\n|turn|13\n|\n|t:|1770704248\n|move|p2a: Ariados|Sticky Web|p1a: Ferrothorn\n|-sidestart|p1: MrUmbrella|move: Sticky Web\n|move|p1a: Ferrothorn|Stealth Rock|p2a: Ariados\n|-sidestart|p2: Johnald714|move: Stealth Rock\n|\n|-heal|p2a: Ariados|135/278|[from] item: Black Sludge\n|-heal|p1a: Ferrothorn|226/226|[from] item: Leftovers\n|upkeep\n|turn|14\n|\n|t:|1770704257\n|move|p2a: Ariados|Megahorn|p1a: Ferrothorn\n|-damage|p1a: Ferrothorn|94/226\n|-damage|p2a: Ariados|101/278|[from] ability: Iron Barbs|[of] p1a: Ferrothorn\n|move|p1a: Ferrothorn|Spikes|p2a: Ariados\n|-sidestart|p2: Johnald714|Spikes\n|\n|-heal|p2a: Ariados|118/278|[from] item: Black Sludge\n|-heal|p1a: Ferrothorn|108/226|[from] item: Leftovers\n|upkeep\n|turn|15\n|\n|t:|1770704276\n|move|p2a: Ariados|Megahorn|p1a: Ferrothorn\n|-damage|p1a: Ferrothorn|0 fnt\n|-damage|p2a: Ariados|84/278|[from] ability: Iron Barbs|[of] p1a: Ferrothorn\n|faint|p1a: Ferrothorn\n|\n|-heal|p2a: Ariados|101/278|[from] item: Black Sludge\n|upkeep\n|\n|t:|1770704285\n|switch|p1a: Milotic|Milotic, L84, F|297/297\n|-damage|p1a: Milotic|260/297|[from] Stealth Rock\n|-activate|p1a: Milotic|move: Sticky Web\n|-unboost|p1a: Milotic|spe|1\n|turn|16\n|inactive|Johnald714 has 120 seconds left.\n|\n|t:|1770704312\n|move|p2a: Ariados|Megahorn|p1a: Milotic\n|-damage|p1a: Milotic|97/297\n|move|p1a: Milotic|Dragon Tail|p2a: Ariados\n|-damage|p2a: Ariados|69/278\n|drag|p2a: Carracosta|Carracosta, L88, F|274/274\n|-damage|p2a: Carracosta|240/274|[from] Stealth Rock\n|-damage|p2a: Carracosta|206/274|[from] Spikes\n|\n|-heal|p1a: Milotic|115/297|[from] item: Leftovers\n|upkeep\n|turn|17\n|\n|t:|1770704326\n|move|p1a: Milotic|Recover|p1a: Milotic\n|-heal|p1a: Milotic|264/297\n|move|p2a: Carracosta|Shell Smash|p2a: Carracosta\n|-unboost|p2a: Carracosta|def|1\n|-unboost|p2a: Carracosta|spd|1\n|-boost|p2a: Carracosta|atk|2\n|-boost|p2a: Carracosta|spa|2\n|-boost|p2a: Carracosta|spe|2\n|-enditem|p2a: Carracosta|White Herb\n|-clearnegativeboost|p2a: Carracosta|[silent]\n|\n|-heal|p1a: Milotic|282/297|[from] item: Leftovers\n|upkeep\n|turn|18\n|\n|t:|1770704337\n|move|p2a: Carracosta|Stone Edge|p1a: Milotic\n|-damage|p1a: Milotic|0 fnt\n|faint|p1a: Milotic\n|\n|upkeep\n|-message|MrUmbrella forfeited.\n|\n|win|Johnald714\n|raw|MrUmbrella's rating: 1629 &rarr; <strong>1607</strong><br />(-22 for losing)\n|raw|Johnald714's rating: 1596 &rarr; <strong>1618</strong><br />(+22 for winning)\n|l|☆MrUmbrella\n|player|p1|\n", "inputlog": ">version ccdc32dd7cde25fd9e4bed64820e885f66e78a4e\n>start {\"formatid\":\"gen7randombattle\",\"seed\":\"sodium,5fc2eebea098a7b8d8af009ea52b39e3\",\"rated\":\"Rated battle\"}\n>player p1 {\"name\":\"MrUmbrella\",\"avatar\":\"gambler\",\"rating\":1629,\"seed\":\"sodium,80c4db886c19b0633fd0d3162346345e\"}\n>player p2 {\"name\":\"Johnald714\",\"avatar\":\"101\",\"rating\":1596,\"seed\":\"sodium,8b8552e848f86a7b9e8243a13b594e31\"}\n>p1 switch 6\n>p2 move airslash\n>p1 move knockoff\n>p2 move airslash\n>p2 switch 6\n>p1 switch 3\n>p2 move shadowball mega\n>p1 move dazzlinggleam mega\n>p2 move sludgewave\n>p1 move protect\n>p2 move sludgewave\n>p1 move wish\n>p2 move sludgewave\n>p1 switch 4\n>p1 move swordsdance\n>p2 move focusblast\n>p1 move aquajet\n>p2 move sludgewave\n>p1 switch 6\n>p2 switch 2\n>p1 move seismictoss\n>p2 move stealthrock\n>p1 move seismictoss\n>p2 move flashcannon\n>p1 move seismictoss\n>p2 switch 5\n>p1 move seismictoss\n>p2 move megahorn\n>p1 switch 2\n>p1 move stealthrock\n>p2 move stickyweb\n>p1 move spikes\n>p2 move megahorn\n>p1 move spikes\n>p2 move megahorn\n>p1 switch 5\n>p1 move dragontail\n>p2 move megahorn\n>p1 move recover\n>p2 move shellsmash\n>p1 move dragontail\n>p2 move stoneedge\n>forcelose p1", "uploadtime": 1770704381, "views": 222, "formatid": "gen7randombattle", "rating": 1607, "private": 0, "password": null}