{"id": "gen7randombattle-2529602692", "format": "[Gen 7] Random Battle", "players": ["aurora ltd", "tobbykin"], "log": "|j|☆aurora ltd\n|j|‽tobbykin\n|t:|1769803030\n|gametype|singles\n|player|p1|aurora ltd|silver-gen2kanto|1526\n|player|p2|tobbykin|2|1671\n|gen|7\n|tier|[Gen 7] Random Battle\n|rated|\n|rule|Sleep Clause Mod: Limit one foe put to sleep\n|rule|HP Percentage Mod: HP is shown in percentages\n|rule|Illusion Level Mod: Illusion disguises the Pokémon's true level\n|\n|t:|1769803030\n|teamsize|p1|6\n|teamsize|p2|6\n|start\n|switch|p1a: Pikachu|Pikachu, L93, F|216/216\n|switch|p2a: Pinsir|Pinsir, L74, M|217/217\n|turn|1\n|inactive|Battle timer is ON: inactive players will automatically lose when time's up. (requested by tobbykin)\n|inactive|aurora ltd has 120 seconds left.\n|inactive|aurora ltd has 90 seconds left.\n|\n|t:|1769803093\n|move|p1a: Pikachu|Volt Tackle|p2a: Pinsir\n|-damage|p2a: Pinsir|19/217\n|-damage|p1a: Pikachu|151/216|[from] Recoil\n|move|p2a: Pinsir|Return|p1a: Pikachu\n|-damage|p1a: Pikachu|46/216\n|\n|upkeep\n|turn|2\n|\n|t:|1769803110\n|detailschange|p2a: Pinsir|Pinsir-Mega, L74, M\n|-mega|p2a: Pinsir|Pinsir|Pinsirite\n|move|p2a: Pinsir|Quick Attack|p1a: Pikachu\n|-resisted|p1a: Pikachu\n|-damage|p1a: Pikachu|4/216\n|move|p1a: Pikachu|Hidden Power|p2a: Pinsir\n|-supereffective|p2a: Pinsir\n|-damage|p2a: Pinsir|0 fnt\n|faint|p2a: Pinsir\n|detailschange|p2: Pinsir|Pinsir, L74, M|[silent]\n|\n|upkeep\n|\n|t:|1769803127\n|switch|p2a: Granbull|Granbull, L89, F|305/305\n|-ability|p2a: Granbull|Intimidate|boost\n|-unboost|p1a: Pikachu|atk|1\n|turn|3\n|\n|t:|1769803143\n|move|p1a: Pikachu|Volt Tackle|p2a: Granbull\n|-damage|p2a: Granbull|166/305\n|-damage|p1a: Pikachu|0 fnt|[from] Recoil\n|faint|p1a: Pikachu\n|move|p2a: Granbull|Earthquake|p1: Pikachu|[notarget]\n|-fail|p2a: Granbull\n|\n|-heal|p2a: Granbull|185/305|[from] item: Leftovers\n|upkeep\n|inactive|aurora ltd has 120 seconds left.\n|\n|t:|1769803173\n|switch|p1a: Turtonator|Turtonator, L88, M|249/249\n|turn|4\n|inactive|aurora ltd has 120 seconds left.\n|\n|t:|1769803183\n|move|p2a: Granbull|Thunder Wave|p1a: Turtonator\n|-status|p1a: Turtonator|par\n|move|p1a: Turtonator|Fire Blast|p2a: Granbull\n|-damage|p2a: Granbull|46/305\n|\n|-heal|p2a: Granbull|65/305|[from] item: Leftovers\n|upkeep\n|turn|5\n|\n|t:|1769803191\n|move|p2a: Granbull|Earthquake|p1a: Turtonator\n|-supereffective|p1a: Turtonator\n|-damage|p1a: Turtonator|117/249 par\n|move|p1a: Turtonator|Fire Blast|p2a: Granbull\n|-damage|p2a: Granbull|0 fnt\n|faint|p2a: Granbull\n|\n|upkeep\n|\n|t:|1769803217\n|switch|p2a: Crabominable|Crabominable, L91, M|324/324\n|turn|6\n|inactive|aurora ltd has 120 seconds left.\n|\n|t:|1769803252\n|move|p2a: Crabominable|Earthquake|p1a: Turtonator\n|-supereffective|p1a: Turtonator\n|-damage|p1a: Turtonator|0 fnt\n|faint|p1a: Turtonator\n|\n|upkeep\n|\n|t:|1769803256\n|switch|p1a: Uxie|Uxie, L82|257/257\n|turn|7\n|inactive|aurora ltd has 120 seconds left.\n|\n|t:|1769803269\n|switch|p2a: Grumpig|Grumpig, L93, M|300/300\n|move|p1a: Uxie|Toxic|p2a: Grumpig\n|-status|p2a: Grumpig|tox\n|\n|-damage|p2a: Grumpig|282/300 tox|[from] psn\n|upkeep\n|turn|8\n|inactive|aurora ltd has 120 seconds left.\n|\n|t:|1769803283\n|move|p1a: Uxie|U-turn|p2a: Grumpig\n|-supereffective|p2a: Grumpig\n|-damage|p2a: Grumpig|196/300 tox\n|inactive|aurora ltd has 120 seconds left.\n|\n|t:|1769803294\n|switch|p1a: Malamar|Malamar, L80, M|269/269|[from] U-turn\n|move|p2a: Grumpig|Heal Bell|p2a: Grumpig\n|-activate|p2a: Grumpig|move: Heal Bell\n|-curestatus|p2a: Grumpig|tox|[msg]\n|\n|-heal|p2a: Grumpig|214/300|[from] item: Leftovers\n|upkeep\n|turn|9\n|inactive|aurora ltd has 120 seconds left.\n|\n|t:|1769803304\n|move|p2a: Grumpig|Thunder Wave|p1a: Malamar\n|-status|p1a: Malamar|par\n|cant|p1a: Malamar|par\n|\n|-heal|p2a: Grumpig|232/300|[from] item: Leftovers\n|upkeep\n|turn|10\n|inactive|aurora ltd has 120 seconds left.\n|\n|t:|1769803316\n|move|p2a: Grumpig|Focus Blast|p1a: Malamar\n|-damage|p1a: Malamar|143/269 par\n|-zpower|p1a: Malamar\n|move|p1a: Malamar|Z-Happy Hour|p1a: Malamar|[anim]Happy Hour\n|-boost|p1a: Malamar|atk|1|[zeffect]\n|-boost|p1a: Malamar|def|1|[zeffect]\n|-boost|p1a: Malamar|spa|1|[zeffect]\n|-boost|p1a: Malamar|spd|1|[zeffect]\n|-boost|p1a: Malamar|spe|1|[zeffect]\n|\n|-heal|p2a: Grumpig|250/300|[from] item: Leftovers\n|upkeep\n|turn|11\n|inactive|aurora ltd has 120 seconds left.\n|\n|t:|1769803330\n|move|p2a: Grumpig|Focus Blast|p1a: Malamar\n|-damage|p1a: Malamar|71/269 par\n|move|p1a: Malamar|Knock Off|p2a: Grumpig\n|-supereffective|p2a: Grumpig\n|-damage|p2a: Grumpig|0 fnt\n|-enditem|p2a: Grumpig|Leftovers|[from] move: Knock Off|[of] p1a: Malamar\n|faint|p2a: Grumpig\n|\n|upkeep\n|inactive|tobbykin has 120 seconds left.\n|\n|t:|1769803364\n|switch|p2a: Crabominable|Crabominable, L91, M|324/324\n|turn|12\n|\n|t:|1769803372\n|move|p2a: Crabominable|Drain Punch|p1a: Malamar\n|-damage|p1a: Malamar|0 fnt\n|faint|p1a: Malamar\n|\n|upkeep\n|\n|t:|1769803383\n|switch|p1a: Uxie|Uxie, L82|257/257\n|turn|13\n|\n|t:|1769803402\n|move|p1a: Uxie|Toxic|p2a: Crabominable\n|-status|p2a: Crabominable|tox\n|move|p2a: Crabominable|Ice Hammer|p1a: Uxie|[miss]\n|-miss|p2a: Crabominable|p1a: Uxie\n|\n|-damage|p2a: Crabominable|304/324 tox|[from] psn\n|upkeep\n|turn|14\n|\n|t:|1769803410\n|move|p1a: Uxie|Psychic|p2a: Crabominable\n|-supereffective|p2a: Crabominable\n|-damage|p2a: Crabominable|196/324 tox\n|move|p2a: Crabominable|Ice Hammer|p1a: Uxie\n|-damage|p1a: Uxie|115/257\n|-unboost|p2a: Crabominable|spe|1\n|\n|-heal|p1a: Uxie|131/257|[from] item: Leftovers\n|-damage|p2a: Crabominable|156/324 tox|[from] psn\n|upkeep\n|turn|15\n|\n|t:|1769803429\n|move|p1a: Uxie|Psychic|p2a: Crabominable\n|-supereffective|p2a: Crabominable\n|-damage|p2a: Crabominable|34/324 tox\n|move|p2a: Crabominable|Ice Hammer|p1a: Uxie\n|-damage|p1a: Uxie|0 fnt\n|-unboost|p2a: Crabominable|spe|1\n|faint|p1a: Uxie\n|\n|-damage|p2a: Crabominable|0 fnt|[from] psn\n|faint|p2a: Crabominable\n|upkeep\n|\n|t:|1769803444\n|switch|p1a: Mothim|Mothim, L93, M|281/281\n|switch|p2a: Dunsparce|Dunsparce, L95, M|344/344\n|turn|16\n|\n|t:|1769803464\n|move|p1a: Mothim|Quiver Dance|p1a: Mothim\n|-boost|p1a: Mothim|spa|1\n|-boost|p1a: Mothim|spd|1\n|-boost|p1a: Mothim|spe|1\n|move|p2a: Dunsparce|Body Slam|p1a: Mothim\n|-damage|p1a: Mothim|161/281\n|\n|-heal|p1a: Mothim|178/281|[from] item: Leftovers\n|upkeep\n|turn|17\n|inactive|tobbykin has 120 seconds left.\n|\n|t:|1769803500\n|move|p1a: Mothim|Bug Buzz|p2a: Dunsparce\n|-damage|p2a: Dunsparce|155/344\n|move|p2a: Dunsparce|Body Slam|p1a: Mothim\n|-damage|p1a: Mothim|57/281\n|-status|p1a: Mothim|par\n|\n|-heal|p2a: Dunsparce|176/344|[from] item: Leftovers\n|-heal|p1a: Mothim|74/281 par|[from] item: Leftovers\n|upkeep\n|turn|18\n|\n|t:|1769803511\n|move|p2a: Dunsparce|Body Slam|p1a: Mothim\n|-damage|p1a: Mothim|0 fnt\n|faint|p1a: Mothim\n|\n|-heal|p2a: Dunsparce|197/344|[from] item: Leftovers\n|upkeep\n|\n|t:|1769803517\n|switch|p1a: Blastoise|Blastoise, L82, F|264/264\n|turn|19\n|\n|t:|1769803524\n|detailschange|p1a: Blastoise|Blastoise-Mega, L82, F\n|-mega|p1a: Blastoise|Blastoise|Blastoisinite\n|move|p1a: Blastoise|Aura Sphere|p2a: Dunsparce\n|-supereffective|p2a: Dunsparce\n|-damage|p2a: Dunsparce|0 fnt\n|faint|p2a: Dunsparce\n|\n|upkeep\n|\n|t:|1769803526\n|switch|p2a: Machamp|Machamp, L84, M|288/288\n|turn|20\n|\n|t:|1769803539\n|move|p1a: Blastoise|Aura Sphere|p2a: Machamp\n|-damage|p2a: Machamp|183/288\n|move|p2a: Machamp|Knock Off|p1a: Blastoise\n|-damage|p1a: Blastoise|215/264\n|\n|-status|p2a: Machamp|brn|[from] item: Flame Orb\n|upkeep\n|turn|21\n|inactive|tobbykin has 120 seconds left.\n|\n|t:|1769803559\n|move|p2a: Machamp|Bullet Punch|p1a: Blastoise\n|-resisted|p1a: Blastoise\n|-damage|p1a: Blastoise|196/264\n|move|p1a: Blastoise|Aura Sphere|p2a: Machamp\n|-damage|p2a: Machamp|81/288 brn\n|\n|-damage|p2a: Machamp|63/288 brn|[from] brn\n|upkeep\n|turn|22\n|\n|t:|1769803568\n|move|p1a: Blastoise|Aura Sphere|p2a: Machamp\n|-damage|p2a: Machamp|0 fnt\n|faint|p2a: Machamp\n|\n|win|aurora ltd\n|raw|aurora ltd's rating: 1526 &rarr; <strong>1554</strong><br />(+28 for winning)\n|raw|tobbykin's rating: 1671 &rarr; <strong>1643</strong><br />(-28 for losing)\n|l|‽tobbykin\n|player|p2|\n", "inputlog": ">version b99ff0165a6231f17e8b78c2a78d1998375de664\n>start {\"formatid\":\"gen7randombattle\",\"seed\":\"sodium,ae290d11280cd59c8f23bf630aa03ee1\",\"rated\":\"Rated battle\"}\n>player p1 {\"name\":\"aurora ltd\",\"avatar\":\"silver-gen2kanto\",\"rating\":1526,\"seed\":\"sodium,a75aa1fef35d49873865c2ed3c0986a9\"}\n>player p2 {\"name\":\"tobbykin\",\"avatar\":\"2\",\"rating\":1671,\"seed\":\"sodium,b77ea576546f19a91df6568a6f0285c3\"}\n>p1 move volttackle\n>p2 move return\n>p1 move hiddenpower\n>p2 move quickattack mega\n>p2 switch 2\n>p1 move volttackle\n>p2 move earthquake\n>p1 switch 4\n>p1 move fireblast\n>p2 move thunderwave\n>p1 move fireblast\n>p2 move earthquake\n>p2 switch 4\n>p1 move fireblast\n>p2 move earthquake\n>p1 switch 6\n>p1 move toxic\n>p2 switch 3\n>p1 move uturn\n>p2 move healbell\n>p1 switch 5\n>p1 move happyhour zmove\n>p2 move thunderwave\n>p1 move happyhour zmove\n>p2 move focusblast\n>p1 move knockoff\n>p2 move focusblast\n>p2 switch 3\n>p1 move superpower\n>p2 move drainpunch\n>p1 switch 5\n>p1 move toxic\n>p2 move icehammer\n>p1 move psychic\n>p2 move icehammer\n>p1 move psychic\n>p2 move icehammer\n>p1 switch 3\n>p2 switch 5\n>p1 move quiverdance\n>p2 move bodyslam\n>p1 move bugbuzz\n>p2 move bodyslam\n>p1 move quiverdance\n>p2 move bodyslam\n>p1 switch 2\n>p1 move aurasphere mega\n>p2 move bodyslam\n>p2 switch 6\n>p1 move aurasphere\n>p2 move knockoff\n>p1 move aurasphere\n>p2 move bulletpunch\n>p1 move aurasphere\n>p2 move closecombat", "uploadtime": 1769803687, "views": 178, "formatid": "gen7randombattle", "rating": 1554, "private": 0, "password": null}