{"id": "gen7randombattle-2529569809", "format": "[Gen 7] Random Battle", "players": ["walterszr", "La.Hellhound"], "log": "|j|☆walterszr\n|j|‽La.Hellhound\n|t:|1769799866\n|gametype|singles\n|player|p1|walterszr|170|1722\n|player|p2|La.Hellhound|bruno|1705\n|gen|7\n|tier|[Gen 7] Random Battle\n|rated|\n|rule|Sleep Clause Mod: Limit one foe put to sleep\n|rule|HP Percentage Mod: HP is shown in percentages\n|rule|Illusion Level Mod: Illusion disguises the Pokémon's true level\n|\n|t:|1769799866\n|teamsize|p1|6\n|teamsize|p2|6\n|start\n|switch|p1a: Omastar|Omastar, L84, F|254/254\n|switch|p2a: Reshiram|Reshiram, L75|274/274\n|-ability|p2a: Reshiram|Turboblaze\n|turn|1\n|inactive|Battle timer is ON: inactive players will automatically lose when time's up. (requested by La.Hellhound)\n|inactive|La.Hellhound has 120 seconds left.\n|\n|t:|1769799926\n|move|p2a: Reshiram|Toxic|p1a: Omastar\n|-status|p1a: Omastar|tox\n|move|p1a: Omastar|Shell Smash|p1a: Omastar\n|-unboost|p1a: Omastar|def|1\n|-unboost|p1a: Omastar|spd|1\n|-boost|p1a: Omastar|atk|2\n|-boost|p1a: Omastar|spa|2\n|-boost|p1a: Omastar|spe|2\n|-enditem|p1a: Omastar|White Herb\n|-clearnegativeboost|p1a: Omastar|[silent]\n|\n|-damage|p1a: Omastar|239/254 tox|[from] psn\n|upkeep\n|turn|2\n|inactive|walterszr has 120 seconds left.\n|\n|t:|1769799960\n|move|p1a: Omastar|Hydro Pump|p2a: Reshiram\n|-damage|p2a: Reshiram|60/274\n|move|p2a: Reshiram|Draco Meteor|p1a: Omastar\n|-damage|p1a: Omastar|62/254 tox\n|-unboost|p2a: Reshiram|spa|2\n|\n|-heal|p2a: Reshiram|77/274|[from] item: Leftovers\n|-damage|p1a: Omastar|32/254 tox|[from] psn\n|upkeep\n|turn|3\n|\n|t:|1769799990\n|move|p1a: Omastar|Ice Beam|p2a: Reshiram\n|-damage|p2a: Reshiram|0 fnt\n|faint|p2a: Reshiram\n|\n|-damage|p1a: Omastar|0 fnt|[from] psn\n|faint|p1a: Omastar\n|upkeep\n|inactive|La.Hellhound has 120 seconds left.\n|\n|t:|1769800003\n|switch|p2a: Smeargle|Smeargle, L88, M|240/240\n|switch|p1a: Seviper|Seviper, L94, M|290/290\n|turn|4\n|inactive|La.Hellhound has 120 seconds left.\n|\n|t:|1769800016\n|move|p2a: Smeargle|Spore|p1a: Seviper\n|-status|p1a: Seviper|slp|[from] move: Spore\n|cant|p1a: Seviper|slp\n|\n|upkeep\n|turn|5\n|\n|t:|1769800021\n|switch|p1a: Yanmega|Yanmega, L82, M|275/275\n|move|p2a: Smeargle|Sticky Web|p1a: Yanmega\n|-sidestart|p1: walterszr|move: Sticky Web\n|\n|upkeep\n|turn|6\n|\n|t:|1769800039\n|move|p1a: Yanmega|Air Slash|p2a: Smeargle\n|-damage|p2a: Smeargle|68/240\n|-damage|p1a: Yanmega|248/275|[from] item: Life Orb\n|cant|p2a: Smeargle|flinch\n|\n|-ability|p1a: Yanmega|Speed Boost|boost\n|-boost|p1a: Yanmega|spe|1\n|upkeep\n|turn|7\n|\n|t:|1769800046\n|move|p1a: Yanmega|Bug Buzz|p2a: Smeargle\n|-damage|p2a: Smeargle|0 fnt\n|faint|p2a: Smeargle\n|-damage|p1a: Yanmega|221/275|[from] item: Life Orb\n|\n|-ability|p1a: Yanmega|Speed Boost|boost\n|-boost|p1a: Yanmega|spe|1\n|upkeep\n|\n|t:|1769800061\n|switch|p2a: Regigigas|Regigigas, L86|329/329\n|-start|p2a: Regigigas|ability: Slow Start\n|turn|8\n|\n|t:|1769800075\n|move|p1a: Yanmega|Air Slash|p2a: Regigigas\n|-damage|p2a: Regigigas|242/329\n|-damage|p1a: Yanmega|194/275|[from] item: Life Orb\n|move|p2a: Regigigas|Return|p1a: Yanmega\n|-damage|p1a: Yanmega|106/275\n|\n|-heal|p2a: Regigigas|262/329|[from] item: Leftovers\n|-ability|p1a: Yanmega|Speed Boost|boost\n|-boost|p1a: Yanmega|spe|1\n|upkeep\n|turn|9\n|inactive|La.Hellhound has 120 seconds left.\n|\n|t:|1769800099\n|move|p1a: Yanmega|Air Slash|p2a: Regigigas\n|-damage|p2a: Regigigas|167/329\n|-damage|p1a: Yanmega|79/275|[from] item: Life Orb\n|move|p2a: Regigigas|Return|p1a: Yanmega\n|-damage|p1a: Yanmega|0 fnt\n|faint|p1a: Yanmega\n|\n|-heal|p2a: Regigigas|187/329|[from] item: Leftovers\n|upkeep\n|\n|t:|1769800125\n|switch|p1a: Stantler|Stantler, L92, M|284/284\n|-activate|p1a: Stantler|move: Sticky Web\n|-unboost|p1a: Stantler|spe|1\n|-ability|p1a: Stantler|Intimidate|boost\n|-unboost|p2a: Regigigas|atk|1\n|turn|10\n|inactive|La.Hellhound has 120 seconds left.\n|\n|t:|1769800137\n|move|p1a: Stantler|Double-Edge|p2a: Regigigas\n|-damage|p2a: Regigigas|1/329\n|-damage|p1a: Stantler|223/284|[from] Recoil\n|move|p2a: Regigigas|Thunder Wave|p1a: Stantler|[miss]\n|-miss|p2a: Regigigas|p1a: Stantler\n|\n|-heal|p2a: Regigigas|21/329|[from] item: Leftovers\n|upkeep\n|turn|11\n|\n|t:|1769800147\n|switch|p2a: Sableye|Sableye, L86, F|226/226\n|move|p1a: Stantler|Double-Edge|p2a: Sableye\n|-immune|p2a: Sableye\n|\n|upkeep\n|turn|12\n|\n|t:|1769800155\n|switch|p1a: Seviper|Seviper, L94, M|290/290 slp\n|-activate|p1a: Seviper|move: Sticky Web\n|-unboost|p1a: Seviper|spe|1\n|move|p2a: Sableye|Will-O-Wisp||[still]\n|-fail|p2a: Sableye\n|\n|upkeep\n|turn|13\n|\n|t:|1769800182\n|switch|p2a: Alakazam|Alakazam, L81, M|222/222\n|cant|p1a: Seviper|slp\n|\n|upkeep\n|turn|14\n|\n|t:|1769800188\n|-curestatus|p1a: Seviper|slp|[msg]\n|move|p1a: Seviper|Sucker Punch|p2a: Alakazam\n|-supereffective|p2a: Alakazam\n|-enditem|p2a: Alakazam|Focus Sash\n|-damage|p2a: Alakazam|1/222\n|-damage|p1a: Seviper|261/290|[from] item: Life Orb\n|move|p2a: Alakazam|Psychic|p1a: Seviper\n|-supereffective|p1a: Seviper\n|-damage|p1a: Seviper|0 fnt\n|faint|p1a: Seviper\n|\n|upkeep\n|\n|t:|1769800195\n|switch|p1a: Giratina|Giratina-Origin, L74|344/344\n|turn|15\n|\n|t:|1769800205\n|switch|p2a: Regigigas|Regigigas, L86|21/329\n|-start|p2a: Regigigas|ability: Slow Start\n|move|p1a: Giratina|Shadow Sneak|p2a: Regigigas\n|-immune|p2a: Regigigas\n|\n|-heal|p2a: Regigigas|41/329|[from] item: Leftovers\n|upkeep\n|turn|16\n|\n|t:|1769800222\n|switch|p1a: Stantler|Stantler, L92, M|223/284\n|-activate|p1a: Stantler|move: Sticky Web\n|-unboost|p1a: Stantler|spe|1\n|-ability|p1a: Stantler|Intimidate|boost\n|-unboost|p2a: Regigigas|atk|1\n|move|p2a: Regigigas|Thunder Wave|p1a: Stantler|[miss]\n|-miss|p2a: Regigigas|p1a: Stantler\n|\n|-heal|p2a: Regigigas|61/329|[from] item: Leftovers\n|upkeep\n|turn|17\n|\n|t:|1769800233\n|switch|p2a: Sableye|Sableye, L86, F|226/226\n|move|p1a: Stantler|Earthquake|p2a: Sableye\n|-damage|p2a: Sableye|90/226\n|\n|upkeep\n|turn|18\n|\n|t:|1769800248\n|move|p2a: Sableye|Will-O-Wisp|p1a: Stantler\n|-status|p1a: Stantler|brn\n|move|p1a: Stantler|Earthquake|p2a: Sableye\n|-damage|p2a: Sableye|25/226\n|\n|-damage|p1a: Stantler|206/284 brn|[from] brn\n|upkeep\n|turn|19\n|\n|t:|1769800256\n|switch|p1a: Giratina|Giratina-Origin, L74|344/344\n|move|p2a: Sableye|Recover|p2a: Sableye\n|-heal|p2a: Sableye|138/226\n|\n|upkeep\n|turn|20\n|\n|t:|1769800262\n|detailschange|p2a: Sableye|Sableye-Mega, L86, F\n|-mega|p2a: Sableye|Sableye|Sablenite\n|move|p1a: Giratina|Will-O-Wisp|p2a: Sableye\n|move|p2a: Sableye|Will-O-Wisp|p1a: Giratina|[from] ability: Magic Bounce\n|-status|p1a: Giratina|brn\n|move|p2a: Sableye|Recover|p2a: Sableye\n|-heal|p2a: Sableye|226/226\n|\n|-damage|p1a: Giratina|323/344 brn|[from] brn\n|upkeep\n|turn|21\n|\n|t:|1769800285\n|switch|p1a: Feraligatr|Feraligatr, L79, F|264/264\n|-activate|p1a: Feraligatr|move: Sticky Web\n|-unboost|p1a: Feraligatr|spe|1\n|move|p2a: Sableye|Calm Mind|p2a: Sableye\n|-boost|p2a: Sableye|spa|1\n|-boost|p2a: Sableye|spd|1\n|\n|upkeep\n|turn|22\n|\n|t:|1769800292\n|move|p1a: Feraligatr|Dragon Dance|p1a: Feraligatr\n|-boost|p1a: Feraligatr|atk|1\n|-boost|p1a: Feraligatr|spe|1\n|move|p2a: Sableye|Will-O-Wisp|p1a: Feraligatr\n|-status|p1a: Feraligatr|brn\n|\n|-damage|p1a: Feraligatr|248/264 brn|[from] brn\n|upkeep\n|turn|23\n|\n|t:|1769800301\n|move|p1a: Feraligatr|Dragon Dance|p1a: Feraligatr\n|-boost|p1a: Feraligatr|atk|1\n|-boost|p1a: Feraligatr|spe|1\n|move|p2a: Sableye|Dark Pulse|p1a: Feraligatr\n|-damage|p1a: Feraligatr|109/264 brn\n|\n|-damage|p1a: Feraligatr|93/264 brn|[from] brn\n|upkeep\n|turn|24\n|\n|t:|1769800310\n|move|p1a: Feraligatr|Liquidation|p2a: Sableye\n|-damage|p2a: Sableye|110/226\n|move|p2a: Sableye|Dark Pulse|p1a: Feraligatr\n|-damage|p1a: Feraligatr|0 fnt\n|faint|p1a: Feraligatr\n|\n|upkeep\n|\n|t:|1769800316\n|switch|p1a: Giratina|Giratina-Origin, L74|323/344 brn\n|turn|25\n|\n|t:|1769800329\n|switch|p2a: Emboar|Emboar, L85, F|326/326\n|move|p1a: Giratina|Draco Meteor|p2a: Emboar\n|-damage|p2a: Emboar|136/326\n|-unboost|p1a: Giratina|spa|2\n|\n|-damage|p1a: Giratina|302/344 brn|[from] brn\n|upkeep\n|turn|26\n|\n|t:|1769800339\n|switch|p1a: Stantler|Stantler, L92, M|206/284 brn\n|-activate|p1a: Stantler|move: Sticky Web\n|-unboost|p1a: Stantler|spe|1\n|-ability|p1a: Stantler|Intimidate|boost\n|-unboost|p2a: Emboar|atk|1\n|move|p2a: Emboar|Head Smash|p1a: Stantler\n|-damage|p1a: Stantler|32/284 brn\n|-damage|p2a: Emboar|49/326|[from] Recoil\n|\n|-damage|p1a: Stantler|15/284 brn|[from] brn\n|upkeep\n|turn|27\n|\n|t:|1769800359\n|move|p1a: Stantler|Sucker Punch|p2a: Emboar\n|-resisted|p2a: Emboar\n|-damage|p2a: Emboar|25/326\n|move|p2a: Emboar|Head Smash|p1a: Stantler\n|-damage|p1a: Stantler|0 fnt\n|faint|p1a: Stantler\n|-damage|p2a: Emboar|17/326|[from] Recoil\n|\n|upkeep\n|\n|t:|1769800362\n|switch|p1a: Giratina|Giratina-Origin, L74|302/344 brn\n|turn|28\n|\n|t:|1769800372\n|switch|p2a: Regigigas|Regigigas, L86|61/329\n|-start|p2a: Regigigas|ability: Slow Start\n|move|p1a: Giratina|Shadow Sneak|p2a: Regigigas\n|-immune|p2a: Regigigas\n|\n|-heal|p2a: Regigigas|81/329|[from] item: Leftovers\n|-damage|p1a: Giratina|281/344 brn|[from] brn\n|upkeep\n|turn|29\n|\n|t:|1769800385\n|move|p1a: Giratina|Draco Meteor|p2a: Regigigas\n|-damage|p2a: Regigigas|0 fnt\n|-unboost|p1a: Giratina|spa|2\n|faint|p2a: Regigigas\n|\n|-damage|p1a: Giratina|260/344 brn|[from] brn\n|upkeep\n|\n|t:|1769800392\n|switch|p2a: Sableye|Sableye-Mega, L86, F|110/226\n|turn|30\n|\n|t:|1769800408\n|move|p1a: Giratina|Hex|p2a: Sableye\n|-damage|p2a: Sableye|80/226\n|move|p2a: Sableye|Recover|p2a: Sableye\n|-heal|p2a: Sableye|193/226\n|\n|-damage|p1a: Giratina|239/344 brn|[from] brn\n|upkeep\n|turn|31\n|\n|t:|1769800416\n|move|p1a: Giratina|Hex|p2a: Sableye\n|-damage|p2a: Sableye|160/226\n|move|p2a: Sableye|Dark Pulse|p1a: Giratina\n|-supereffective|p1a: Giratina\n|-damage|p1a: Giratina|65/344 brn\n|\n|-damage|p1a: Giratina|44/344 brn|[from] brn\n|upkeep\n|turn|32\n|\n|t:|1769800424\n|move|p1a: Giratina|Hex|p2a: Sableye\n|-damage|p2a: Sableye|127/226\n|move|p2a: Sableye|Recover|p2a: Sableye\n|-heal|p2a: Sableye|226/226\n|\n|-damage|p1a: Giratina|23/344 brn|[from] brn\n|upkeep\n|turn|33\n|\n|t:|1769800431\n|move|p1a: Giratina|Hex|p2a: Sableye\n|-damage|p2a: Sableye|195/226\n|move|p2a: Sableye|Dark Pulse|p1a: Giratina\n|-supereffective|p1a: Giratina\n|-damage|p1a: Giratina|0 fnt\n|faint|p1a: Giratina\n|\n|win|La.Hellhound\n|raw|walterszr's rating: 1695 &rarr; <strong>1676</strong><br />(-19 for losing)\n|raw|La.Hellhound's rating: 1705 &rarr; <strong>1724</strong><br />(+19 for winning)\n|l|☆walterszr\n|player|p1|\n", "inputlog": ">version b99ff0165a6231f17e8b78c2a78d1998375de664\n>start {\"formatid\":\"gen7randombattle\",\"seed\":\"sodium,7251140366023095dc2c12e30b0b1329\",\"rated\":\"Rated battle\"}\n>player p1 {\"name\":\"walterszr\",\"avatar\":\"170\",\"rating\":1722,\"seed\":\"sodium,2cecf5b0d326ebcc4e5f137369e5de36\"}\n>player p2 {\"name\":\"La.Hellhound\",\"avatar\":\"bruno\",\"rating\":1705,\"seed\":\"sodium,8984b686939df1e2aa471d7b72b00d2c\"}\n>p1 move shellsmash\n>p2 move toxic\n>p1 move hydropump\n>p2 move dracometeor\n>p1 move icebeam\n>p2 move dracometeor\n>p1 switch 4\n>p2 switch 6\n>p1 move sludgewave\n>p2 move spore\n>p1 switch 6\n>p2 move stickyweb\n>p1 move airslash\n>p2 move nuzzle\n>p1 move bugbuzz\n>p2 move nuzzle\n>p2 switch 4\n>p1 move airslash\n>p2 move return\n>p1 move airslash\n>p2 move return\n>p1 switch 2\n>p1 move doubleedge\n>p2 move thunderwave\n>p1 move doubleedge\n>p2 switch 5\n>p1 switch 6\n>p2 move willowisp\n>p1 move earthquake\n>p2 switch 2\n>p1 move suckerpunch\n>p2 move psychic\n>p1 switch 3\n>p1 move shadowsneak\n>p2 switch 5\n>p1 switch 6\n>p2 move thunderwave\n>p1 move earthquake\n>p2 switch 2\n>p1 move earthquake\n>p2 move willowisp\n>p1 switch 6\n>p2 move recover\n>p1 move willowisp\n>p2 move recover mega\n>p1 switch 5\n>p2 move calmmind\n>p1 move dragondance\n>p2 move willowisp\n>p1 move dragondance\n>p2 move darkpulse\n>p1 move liquidation\n>p2 move darkpulse\n>p1 switch 5\n>p1 move dracometeor\n>p2 switch 3\n>p1 switch 6\n>p2 move headsmash\n>p1 move suckerpunch\n>p2 move headsmash\n>p1 switch 6\n>p1 move shadowsneak\n>p2 switch 2\n>p1 move dracometeor\n>p2 move knockoff\n>p2 switch 3\n>p1 move hex\n>p2 move recover\n>p1 move hex\n>p2 move darkpulse\n>p1 move hex\n>p2 move recover\n>p1 move hex\n>p2 move darkpulse", "uploadtime": 1769800438, "views": 179, "formatid": "gen7randombattle", "rating": 1676, "private": 0, "password": null}