{"id": "gen7randombattle-2532565716", "format": "[Gen 7] Random Battle", "players": ["RumpleMyStiltskin", "may/gen3"], "log": "|j|☆RumpleMyStiltskin\n|j|☆may/gen3\n|t:|1770198114\n|gametype|singles\n|player|p1|RumpleMyStiltskin|102|1684\n|player|p2|may/gen3|may|1823\n|gen|7\n|tier|[Gen 7] Random Battle\n|rated|\n|rule|Sleep Clause Mod: Limit one foe put to sleep\n|rule|HP Percentage Mod: HP is shown in percentages\n|rule|Illusion Level Mod: Illusion disguises the Pokémon's true level\n|\n|t:|1770198114\n|teamsize|p1|6\n|teamsize|p2|6\n|start\n|switch|p1a: Pinsir|Pinsir, L84, F|246/246\n|switch|p2a: Goodra|Goodra, L85, F|292/292\n|turn|1\n|inactive|Battle timer is ON: inactive players will automatically lose when time's up. (requested by may/gen3)\n|\n|t:|1770198131\n|move|p1a: Pinsir|X-Scissor|p2a: Goodra\n|-damage|p2a: Goodra|126/292\n|move|p2a: Goodra|Draco Meteor|p1a: Pinsir\n|-damage|p1a: Pinsir|65/246\n|-unboost|p2a: Goodra|spa|2\n|\n|upkeep\n|turn|2\n|\n|t:|1770198136\n|switch|p2a: Oricorio|Oricorio-Pom-Pom, L87, F|272/272\n|move|p1a: Pinsir|X-Scissor|p2a: Oricorio\n|-resisted|p2a: Oricorio\n|-damage|p2a: Oricorio|185/272\n|\n|-heal|p2a: Oricorio|202/272|[from] item: Leftovers\n|upkeep\n|turn|3\n|\n|t:|1770198140\n|switch|p1a: Tyranitar|Tyranitar, L76, F|277/277\n|-weather|Sandstorm|[from] ability: Sand Stream|[of] p1a: Tyranitar\n|move|p2a: Oricorio|Calm Mind|p2a: Oricorio\n|-boost|p2a: Oricorio|spa|1\n|-boost|p2a: Oricorio|spd|1\n|\n|-weather|Sandstorm|[upkeep]\n|-damage|p2a: Oricorio|185/272|[from] Sandstorm\n|-heal|p2a: Oricorio|202/272|[from] item: Leftovers\n|upkeep\n|turn|4\n|\n|t:|1770198151\n|switch|p2a: Quagsire|Quagsire, L87, M|307/307\n|detailschange|p1a: Tyranitar|Tyranitar-Mega, L76, F\n|-mega|p1a: Tyranitar|Tyranitar|Tyranitarite\n|move|p1a: Tyranitar|Crunch|p2a: Quagsire\n|-damage|p2a: Quagsire|202/307\n|-unboost|p2a: Quagsire|def|1\n|\n|-weather|Sandstorm|[upkeep]\n|-heal|p2a: Quagsire|221/307|[from] item: Leftovers\n|upkeep\n|turn|5\n|\n|t:|1770198158\n|switch|p1a: Exeggutor|Exeggutor-Alola, L91, M|321/321\n|-item|p2a: Quagsire|Leftovers|[from] ability: Frisk|[of] p1a: Exeggutor\n|switch|p2a: Breloom|Breloom, L84, F|238/238\n|\n|-weather|Sandstorm|[upkeep]\n|-damage|p2a: Breloom|224/238|[from] Sandstorm\n|-damage|p1a: Exeggutor|301/321|[from] Sandstorm\n|upkeep\n|turn|6\n|\n|t:|1770198167\n|switch|p2a: Goodra|Goodra, L85, F|126/292\n|move|p1a: Exeggutor|Flamethrower|p2a: Goodra\n|-resisted|p2a: Goodra\n|-damage|p2a: Goodra|98/292\n|\n|-weather|Sandstorm|[upkeep]\n|-damage|p2a: Goodra|80/292|[from] Sandstorm\n|-damage|p1a: Exeggutor|281/321|[from] Sandstorm\n|upkeep\n|turn|7\n|\n|t:|1770198176\n|switch|p1a: Poliwrath|Poliwrath, L91, M|312/312\n|move|p2a: Goodra|Draco Meteor|p1a: Poliwrath\n|-damage|p1a: Poliwrath|162/312\n|-unboost|p2a: Goodra|spa|2\n|\n|-weather|none\n|upkeep\n|turn|8\n|\n|t:|1770198183\n|move|p2a: Goodra|Power Whip|p1a: Poliwrath\n|-supereffective|p1a: Poliwrath\n|-damage|p1a: Poliwrath|0 fnt\n|faint|p1a: Poliwrath\n|\n|upkeep\n|\n|t:|1770198189\n|switch|p1a: Pinsir|Pinsir, L84, F|65/246\n|turn|9\n|\n|t:|1770198193\n|move|p1a: Pinsir|X-Scissor|p2a: Goodra\n|-damage|p2a: Goodra|0 fnt\n|faint|p2a: Goodra\n|-ability|p1a: Pinsir|Moxie|boost\n|-boost|p1a: Pinsir|atk|1\n|\n|upkeep\n|\n|t:|1770198200\n|switch|p2a: Kangaskhan|Kangaskhan, L75, F|281/281\n|turn|10\n|\n|t:|1770198205\n|switch|p1a: Luxray|Luxray, L88, M|284/284\n|-ability|p1a: Luxray|Intimidate|boost\n|-unboost|p2a: Kangaskhan|atk|1\n|detailschange|p2a: Kangaskhan|Kangaskhan-Mega, L75, F\n|-mega|p2a: Kangaskhan|Kangaskhan|Kangaskhanite\n|move|p2a: Kangaskhan|Fake Out|p1a: Luxray\n|-damage|p1a: Luxray|254/284\n|-damage|p1a: Luxray|248/284\n|-hitcount|p1a: Luxray|2\n|\n|upkeep\n|turn|11\n|\n|t:|1770198212\n|switch|p2a: Oricorio|Oricorio-Pom-Pom, L87, F|202/272\n|move|p1a: Luxray|Volt Switch|p2a: Oricorio\n|-damage|p2a: Oricorio|103/272\n|\n|t:|1770198215\n|switch|p1a: Tyranitar|Tyranitar-Mega, L76, F|277/277|[from] Volt Switch\n|-weather|Sandstorm|[from] ability: Sand Stream|[of] p1a: Tyranitar\n|\n|-weather|Sandstorm|[upkeep]\n|-damage|p2a: Oricorio|86/272|[from] Sandstorm\n|-heal|p2a: Oricorio|103/272|[from] item: Leftovers\n|upkeep\n|turn|12\n|\n|t:|1770198224\n|move|p2a: Oricorio|Revelation Dance|p1a: Tyranitar\n|-damage|p1a: Tyranitar|220/277\n|move|p1a: Tyranitar|Ice Punch|p2a: Oricorio\n|-supereffective|p2a: Oricorio\n|-damage|p2a: Oricorio|0 fnt\n|faint|p2a: Oricorio\n|\n|-weather|Sandstorm|[upkeep]\n|upkeep\n|\n|t:|1770198228\n|switch|p2a: Groudon|Groudon, L65|238/238\n|detailschange|p2a: Groudon|Groudon-Primal, L65\n|-primal|p2a: Groudon|Red Orb\n|-weather|DesolateLand|[from] ability: Desolate Land|[of] p2a: Groudon\n|turn|13\n|\n|t:|1770198238\n|move|p2a: Groudon|Stealth Rock|p1a: Tyranitar\n|-sidestart|p1: RumpleMyStiltskin|move: Stealth Rock\n|move|p1a: Tyranitar|Dragon Dance|p1a: Tyranitar\n|-boost|p1a: Tyranitar|atk|1\n|-boost|p1a: Tyranitar|spe|1\n|\n|-weather|DesolateLand|[upkeep]\n|upkeep\n|turn|14\n|\n|t:|1770198252\n|-weather|none\n|switch|p2a: Breloom|Breloom, L84, F|224/238\n|move|p1a: Tyranitar|Stone Edge|p2a: Breloom\n|-resisted|p2a: Breloom\n|-damage|p2a: Breloom|116/238\n|\n|upkeep\n|turn|15\n|\n|t:|1770198256\n|move|p2a: Breloom|Mach Punch|p1a: Tyranitar\n|-supereffective|p1a: Tyranitar\n|-damage|p1a: Tyranitar|0 fnt\n|faint|p1a: Tyranitar\n|detailschange|p1: Tyranitar|Tyranitar, L76, F|[silent]\n|-damage|p2a: Breloom|93/238|[from] item: Life Orb\n|\n|upkeep\n|\n|t:|1770198261\n|switch|p1a: Luxray|Luxray, L88, M|248/284\n|-damage|p1a: Luxray|213/284|[from] Stealth Rock\n|-ability|p1a: Luxray|Intimidate|boost\n|-unboost|p2a: Breloom|atk|1\n|turn|16\n|\n|t:|1770198273\n|move|p1a: Luxray|Superpower|p2a: Breloom\n|-damage|p2a: Breloom|0 fnt\n|-unboost|p1a: Luxray|atk|1\n|-unboost|p1a: Luxray|def|1\n|faint|p2a: Breloom\n|\n|upkeep\n|\n|t:|1770198279\n|switch|p2a: Quagsire|Quagsire, L87, M|221/307\n|turn|17\n|\n|t:|1770198285\n|move|p1a: Luxray|Superpower|p2a: Quagsire\n|-damage|p2a: Quagsire|112/307\n|-unboost|p1a: Luxray|atk|1\n|-unboost|p1a: Luxray|def|1\n|move|p2a: Quagsire|Ice Beam|p1a: Luxray\n|-damage|p1a: Luxray|178/284\n|\n|-heal|p2a: Quagsire|131/307|[from] item: Leftovers\n|upkeep\n|turn|18\n|\n|t:|1770198293\n|switch|p1a: Suicune|Suicune, L82|298/298\n|-damage|p1a: Suicune|261/298|[from] Stealth Rock\n|-ability|p1a: Suicune|Pressure\n|move|p2a: Quagsire|Ice Beam|p1a: Suicune\n|-resisted|p1a: Suicune\n|-damage|p1a: Suicune|240/298\n|-status|p1a: Suicune|frz\n|\n|-heal|p1a: Suicune|258/298 frz|[from] item: Leftovers\n|-heal|p2a: Quagsire|150/307|[from] item: Leftovers\n|upkeep\n|turn|19\n|\n|t:|1770198300\n|switch|p2a: Groudon|Groudon-Primal, L65|238/238\n|-weather|DesolateLand|[from] ability: Desolate Land|[of] p2a: Groudon\n|-curestatus|p1a: Suicune|frz|[from] move: Scald\n|move|p1a: Suicune|Scald||[still]\n|-fail|p1a: Suicune|Scald|[from] Desolate Land\n|\n|-weather|DesolateLand|[upkeep]\n|-heal|p1a: Suicune|276/298|[from] item: Leftovers\n|upkeep\n|turn|20\n|\n|t:|1770198306\n|switch|p1a: Exeggutor|Exeggutor-Alola, L91, M|281/321\n|-damage|p1a: Exeggutor|241/321|[from] Stealth Rock\n|-item|p2a: Groudon|Red Orb|[from] ability: Frisk|[of] p1a: Exeggutor\n|move|p2a: Groudon|Dragon Tail|p1a: Exeggutor\n|-supereffective|p1a: Exeggutor\n|-damage|p1a: Exeggutor|161/321\n|drag|p1a: Luxray|Luxray, L88, M|178/284\n|-damage|p1a: Luxray|143/284|[from] Stealth Rock\n|-ability|p1a: Luxray|Intimidate|boost\n|-unboost|p2a: Groudon|atk|1\n|\n|-weather|DesolateLand|[upkeep]\n|upkeep\n|turn|21\n|\n|t:|1770198312\n|move|p1a: Luxray|Crunch|p2a: Groudon\n|-crit|p2a: Groudon\n|-damage|p2a: Groudon|143/238\n|move|p2a: Groudon|Precipice Blades|p1a: Luxray|[miss]\n|-miss|p2a: Groudon|p1a: Luxray\n|\n|-weather|DesolateLand|[upkeep]\n|upkeep\n|turn|22\n|\n|t:|1770198320\n|switch|p1a: Exeggutor|Exeggutor-Alola, L91, M|161/321\n|-damage|p1a: Exeggutor|121/321|[from] Stealth Rock\n|-item|p2a: Groudon|Red Orb|[from] ability: Frisk|[of] p1a: Exeggutor\n|move|p2a: Groudon|Precipice Blades|p1a: Exeggutor\n|-resisted|p1a: Exeggutor\n|-damage|p1a: Exeggutor|78/321\n|\n|-weather|DesolateLand|[upkeep]\n|upkeep\n|turn|23\n|\n|t:|1770198323\n|move|p2a: Groudon|Lava Plume|p1a: Exeggutor\n|-damage|p1a: Exeggutor|0 fnt\n|faint|p1a: Exeggutor\n|\n|-weather|DesolateLand|[upkeep]\n|upkeep\n|\n|t:|1770198331\n|switch|p1a: Luxray|Luxray, L88, M|143/284\n|-damage|p1a: Luxray|108/284|[from] Stealth Rock\n|-ability|p1a: Luxray|Intimidate|boost\n|-unboost|p2a: Groudon|atk|1\n|turn|24\n|\n|t:|1770198337\n|move|p1a: Luxray|Crunch|p2a: Groudon\n|-damage|p2a: Groudon|84/238\n|move|p2a: Groudon|Dragon Tail|p1a: Luxray\n|-damage|p1a: Luxray|85/284\n|drag|p1a: Suicune|Suicune, L82|276/298\n|-damage|p1a: Suicune|239/298|[from] Stealth Rock\n|-ability|p1a: Suicune|Pressure\n|\n|-weather|DesolateLand|[upkeep]\n|-heal|p1a: Suicune|257/298|[from] item: Leftovers\n|upkeep\n|turn|25\n|\n|t:|1770198348\n|switch|p1a: Luxray|Luxray, L88, M|85/284\n|-damage|p1a: Luxray|50/284|[from] Stealth Rock\n|-ability|p1a: Luxray|Intimidate|boost\n|-unboost|p2a: Groudon|atk|1\n|move|p2a: Groudon|Dragon Tail|p1a: Luxray\n|-damage|p1a: Luxray|29/284\n|drag|p1a: Pinsir|Pinsir, L84, F|65/246\n|-damage|p1a: Pinsir|4/246|[from] Stealth Rock\n|\n|-weather|DesolateLand|[upkeep]\n|upkeep\n|turn|26\n|\n|t:|1770198353\n|move|p1a: Pinsir|Earthquake|p2a: Groudon\n|-supereffective|p2a: Groudon\n|-damage|p2a: Groudon|0 fnt\n|faint|p2a: Groudon\n|-weather|none\n|detailschange|p2: Groudon|Groudon, L65|[silent]\n|-ability|p1a: Pinsir|Moxie|boost\n|-boost|p1a: Pinsir|atk|1\n|\n|upkeep\n|\n|t:|1770198355\n|switch|p2a: Kangaskhan|Kangaskhan-Mega, L75, F|281/281\n|turn|27\n|\n|t:|1770198357\n|move|p2a: Kangaskhan|Fake Out|p1a: Pinsir\n|-damage|p1a: Pinsir|0 fnt\n|faint|p1a: Pinsir\n|-hitcount|p1: Pinsir|1\n|\n|upkeep\n|\n|t:|1770198362\n|switch|p1a: Luxray|Luxray, L88, M|29/284\n|-damage|p1a: Luxray|0 fnt|[from] Stealth Rock\n|faint|p1a: Luxray\n|\n|t:|1770198364\n|switch|p1a: Suicune|Suicune, L82|257/298\n|-damage|p1a: Suicune|220/298|[from] Stealth Rock\n|-ability|p1a: Suicune|Pressure\n|turn|28\n|\n|t:|1770198367\n|move|p2a: Kangaskhan|Seismic Toss|p1a: Suicune\n|-damage|p1a: Suicune|145/298\n|-damage|p1a: Suicune|70/298\n|-hitcount|p1a: Suicune|2\n|move|p1a: Suicune|Calm Mind|p1a: Suicune\n|-boost|p1a: Suicune|spa|1\n|-boost|p1a: Suicune|spd|1\n|\n|-heal|p1a: Suicune|88/298|[from] item: Leftovers\n|upkeep\n|turn|29\n|\n|t:|1770198370\n|move|p2a: Kangaskhan|Seismic Toss|p1a: Suicune\n|-damage|p1a: Suicune|13/298\n|-damage|p1a: Suicune|0 fnt\n|faint|p1a: Suicune\n|-hitcount|p1: Suicune|2\n|\n|win|may/gen3\n|raw|RumpleMyStiltskin's rating: 1684 &rarr; <strong>1672</strong><br />(-12 for losing)\n|raw|may&#x2f;gen3's rating: 1823 &rarr; <strong>1835</strong><br />(+12 for winning)\n", "inputlog": ">version ccdc32dd7cde25fd9e4bed64820e885f66e78a4e\n>start {\"formatid\":\"gen7randombattle\",\"seed\":\"sodium,9ee00b805a8567c26c5a5a6a2ab64212\",\"rated\":\"Rated battle\"}\n>player p1 {\"name\":\"RumpleMyStiltskin\",\"avatar\":\"102\",\"rating\":1684,\"seed\":\"sodium,e7ecefcf9765364cd096f83e6e8649d0\"}\n>player p2 {\"name\":\"may/gen3\",\"avatar\":\"may\",\"rating\":1823,\"seed\":\"sodium,9aa23c1e052ac8cc582122039cafb543\"}\n>p1 move xscissor\n>p2 move dracometeor\n>p1 move xscissor\n>p2 switch 4\n>p1 switch 3\n>p2 move calmmind\n>p1 move crunch mega\n>p2 switch 2\n>p1 switch 5\n>p2 switch 6\n>p1 move flamethrower\n>p2 switch 4\n>p1 switch 4\n>p2 move dracometeor\n>p1 move raindance\n>p2 move powerwhip\n>p1 switch 3\n>p1 move xscissor\n>p2 move dracometeor\n>p2 switch 3\n>p1 switch 2\n>p2 move fakeout mega\n>p1 move voltswitch\n>p2 switch 2\n>p1 switch 5\n>p1 move icepunch\n>p2 move revelationdance\n>p2 switch 5\n>p1 move dragondance\n>p2 move stealthrock\n>p1 move stoneedge\n>p2 switch 4\n>p1 move icepunch\n>p2 move machpunch\n>p1 switch 5\n>p1 move superpower\n>p2 move bulletseed\n>p2 switch 6\n>p1 move superpower\n>p2 move icebeam\n>p1 switch 6\n>p2 move icebeam\n>p1 move scald\n>p2 switch 4\n>p1 switch 4\n>p2 move dragontail\n>p1 move crunch\n>p2 move precipiceblades\n>p1 switch 6\n>p2 move precipiceblades\n>p1 move leafstorm\n>p2 move lavaplume\n>p1 switch 6\n>p1 move crunch\n>p2 move dragontail\n>p1 switch 4\n>p2 move dragontail\n>p1 move earthquake\n>p2 move precipiceblades\n>p2 switch 2\n>p1 move earthquake\n>p2 move fakeout\n>p1 switch 2\n>p1 switch 4\n>p1 move calmmind\n>p2 move seismictoss\n>p1 move rest\n>p2 move seismictoss", "uploadtime": 1770198379, "views": 120, "formatid": "gen7randombattle", "rating": 1672, "private": 0, "password": null}