{"id": "gen7randombattle-2538551835", "format": "[Gen 7] Random Battle", "players": ["may/gen3", "araujo0712"], "log": "|j|☆may/gen3\n|j|☆araujo0712\n|t:|1770939495\n|gametype|singles\n|player|p1|may/gen3|may|1623\n|player|p2|araujo0712|169|1575\n|gen|7\n|tier|[Gen 7] Random Battle\n|rated|\n|rule|Sleep Clause Mod: Limit one foe put to sleep\n|rule|HP Percentage Mod: HP is shown in percentages\n|rule|Illusion Level Mod: Illusion disguises the Pokémon's true level\n|\n|t:|1770939495\n|teamsize|p1|6\n|teamsize|p2|6\n|start\n|switch|p1a: Espeon|Espeon, L83, M|244/244\n|switch|p2a: Seismitoad|Seismitoad, L85, F|317/317\n|turn|1\n|inactive|Battle timer is ON: inactive players will automatically lose when time's up. (requested by araujo0712)\n|\n|t:|1770939508\n|switch|p1a: Reuniclus|Reuniclus, L87, M|333/333\n|move|p2a: Seismitoad|Earthquake|p1a: Reuniclus\n|-damage|p1a: Reuniclus|213/333\n|\n|upkeep\n|turn|2\n|\n|t:|1770939513\n|switch|p2a: Banette|Banette, L87, F|253/253\n|-item|p1a: Reuniclus|Life Orb|[from] ability: Frisk|[of] p2a: Banette\n|move|p1a: Reuniclus|Recover|p1a: Reuniclus\n|-heal|p1a: Reuniclus|333/333\n|\n|upkeep\n|turn|3\n|\n|t:|1770939517\n|switch|p1a: Bastiodon|Bastiodon, L94, F|265/265\n|detailschange|p2a: Banette|Banette-Mega, L87, F\n|-mega|p2a: Banette|Banette|Banettite\n|move|p2a: Banette|Shadow Claw|p1a: Bastiodon\n|-damage|p1a: Bastiodon|198/265\n|\n|-heal|p1a: Bastiodon|214/265|[from] item: Leftovers\n|upkeep\n|turn|4\n|\n|t:|1770939527\n|switch|p2a: Seismitoad|Seismitoad, L85, F|317/317\n|move|p1a: Bastiodon|Toxic|p2a: Seismitoad\n|-status|p2a: Seismitoad|tox\n|\n|-heal|p1a: Bastiodon|230/265|[from] item: Leftovers\n|-damage|p2a: Seismitoad|298/317 tox|[from] psn\n|upkeep\n|turn|5\n|\n|t:|1770939534\n|switch|p2a: Banette|Banette-Mega, L87, F|253/253\n|switch|p1a: Volbeat|Volbeat, L91, M|266/266\n|\n|upkeep\n|turn|6\n|\n|t:|1770939540\n|switch|p2a: Sceptile|Sceptile, L87, F|264/264\n|move|p1a: Volbeat|Thunder Wave|p2a: Sceptile\n|-status|p2a: Sceptile|par\n|\n|upkeep\n|turn|7\n|\n|t:|1770939550\n|switch|p2a: Scrafty|Scrafty, L84, M|246/246\n|move|p1a: Volbeat|Lunge|p2a: Scrafty\n|-damage|p2a: Scrafty|179/246\n|-unboost|p2a: Scrafty|atk|1\n|\n|-heal|p2a: Scrafty|194/246|[from] item: Leftovers\n|upkeep\n|turn|8\n|\n|t:|1770939556\n|switch|p1a: Espeon|Espeon, L83, M|244/244\n|move|p2a: Scrafty|Knock Off|p1a: Espeon\n|-supereffective|p1a: Espeon\n|-damage|p1a: Espeon|86/244\n|-enditem|p1a: Espeon|Life Orb|[from] move: Knock Off|[of] p2a: Scrafty\n|\n|-heal|p2a: Scrafty|209/246|[from] item: Leftovers\n|upkeep\n|turn|9\n|\n|t:|1770939559\n|switch|p2a: Registeel|Registeel, L83|268/268\n|move|p1a: Espeon|Dazzling Gleam|p2a: Registeel\n|-resisted|p2a: Registeel\n|-damage|p2a: Registeel|245/268\n|\n|-heal|p2a: Registeel|261/268|[from] item: Leftovers\n|upkeep\n|turn|10\n|\n|t:|1770939564\n|move|p1a: Espeon|Morning Sun|p1a: Espeon\n|-heal|p1a: Espeon|208/244\n|move|p2a: Registeel|Seismic Toss|p1a: Espeon\n|-damage|p1a: Espeon|125/244\n|\n|-heal|p2a: Registeel|268/268|[from] item: Leftovers\n|upkeep\n|turn|11\n|\n|t:|1770939567\n|move|p1a: Espeon|Morning Sun|p1a: Espeon\n|-heal|p1a: Espeon|244/244\n|move|p2a: Registeel|Seismic Toss|p1a: Espeon\n|-damage|p1a: Espeon|161/244\n|\n|upkeep\n|turn|12\n|\n|t:|1770939573\n|switch|p1a: Bastiodon|Bastiodon, L94, F|230/265\n|move|p2a: Registeel|Seismic Toss|p1a: Bastiodon\n|-damage|p1a: Bastiodon|147/265\n|\n|-heal|p1a: Bastiodon|163/265|[from] item: Leftovers\n|upkeep\n|turn|13\n|\n|t:|1770939576\n|move|p2a: Registeel|Seismic Toss|p1a: Bastiodon\n|-damage|p1a: Bastiodon|80/265\n|move|p1a: Bastiodon|Stealth Rock|p2a: Registeel\n|-sidestart|p2: araujo0712|move: Stealth Rock\n|\n|-heal|p1a: Bastiodon|96/265|[from] item: Leftovers\n|upkeep\n|turn|14\n|\n|t:|1770939583\n|move|p2a: Registeel|Seismic Toss|p1a: Bastiodon\n|-damage|p1a: Bastiodon|13/265\n|move|p1a: Bastiodon|Metal Burst|p2a: Registeel\n|-damage|p2a: Registeel|144/268\n|\n|-heal|p2a: Registeel|160/268|[from] item: Leftovers\n|-heal|p1a: Bastiodon|29/265|[from] item: Leftovers\n|upkeep\n|turn|15\n|\n|t:|1770939587\n|move|p2a: Registeel|Seismic Toss|p1a: Bastiodon\n|-damage|p1a: Bastiodon|0 fnt\n|faint|p1a: Bastiodon\n|\n|-heal|p2a: Registeel|176/268|[from] item: Leftovers\n|upkeep\n|\n|t:|1770939590\n|switch|p1a: Reuniclus|Reuniclus, L87, M|333/333\n|turn|16\n|\n|t:|1770939593\n|switch|p2a: Banette|Banette-Mega, L87, F|253/253\n|-damage|p2a: Banette|222/253|[from] Stealth Rock\n|move|p1a: Reuniclus|Focus Blast|p2a: Banette\n|-immune|p2a: Banette\n|\n|upkeep\n|turn|17\n|\n|t:|1770939598\n|switch|p1a: Volbeat|Volbeat, L91, M|266/266\n|move|p2a: Banette|Shadow Claw|p1a: Volbeat\n|-damage|p1a: Volbeat|133/266\n|\n|-heal|p1a: Volbeat|149/266|[from] item: Leftovers\n|upkeep\n|turn|18\n|\n|t:|1770939603\n|switch|p2a: Scrafty|Scrafty, L84, M|209/246\n|-damage|p2a: Scrafty|194/246|[from] Stealth Rock\n|move|p1a: Volbeat|Lunge|p2a: Scrafty\n|-damage|p2a: Scrafty|125/246\n|-unboost|p2a: Scrafty|atk|1\n|\n|-heal|p1a: Volbeat|165/266|[from] item: Leftovers\n|-heal|p2a: Scrafty|140/246|[from] item: Leftovers\n|upkeep\n|turn|19\n|\n|t:|1770939607\n|move|p1a: Volbeat|Lunge|p2a: Scrafty\n|-damage|p2a: Scrafty|71/246\n|-unboost|p2a: Scrafty|atk|1\n|move|p2a: Scrafty|Knock Off|p1a: Volbeat\n|-damage|p1a: Volbeat|111/266\n|-enditem|p1a: Volbeat|Leftovers|[from] move: Knock Off|[of] p2a: Scrafty\n|\n|-heal|p2a: Scrafty|86/246|[from] item: Leftovers\n|upkeep\n|turn|20\n|\n|t:|1770939614\n|move|p1a: Volbeat|Lunge|p2a: Scrafty\n|-damage|p2a: Scrafty|19/246\n|-unboost|p2a: Scrafty|atk|1\n|move|p2a: Scrafty|Rest|p2a: Scrafty\n|-status|p2a: Scrafty|slp|[from] move: Rest\n|-heal|p2a: Scrafty|246/246 slp|[silent]\n|\n|upkeep\n|turn|21\n|\n|t:|1770939620\n|switch|p1a: Reuniclus|Reuniclus, L87, M|333/333\n|cant|p2a: Scrafty|slp\n|\n|upkeep\n|turn|22\n|\n|t:|1770939637\n|cant|p2a: Scrafty|slp\n|move|p1a: Reuniclus|Psyshock|p2a: Scrafty\n|-immune|p2a: Scrafty\n|\n|upkeep\n|turn|23\n|\n|t:|1770939641\n|-curestatus|p2a: Scrafty|slp|[msg]\n|move|p2a: Scrafty|Knock Off|p1a: Reuniclus\n|-supereffective|p1a: Reuniclus\n|-damage|p1a: Reuniclus|249/333\n|-enditem|p1a: Reuniclus|Life Orb|[from] move: Knock Off|[of] p2a: Scrafty\n|move|p1a: Reuniclus|Psyshock|p2a: Scrafty\n|-immune|p2a: Scrafty\n|\n|upkeep\n|turn|24\n|\n|t:|1770939650\n|switch|p2a: Registeel|Registeel, L83|176/268\n|-damage|p2a: Registeel|160/268|[from] Stealth Rock\n|move|p1a: Reuniclus|Focus Blast|p2a: Registeel|[miss]\n|-miss|p1a: Reuniclus|p2a: Registeel\n|\n|-heal|p2a: Registeel|176/268|[from] item: Leftovers\n|upkeep\n|turn|25\n|\n|t:|1770939655\n|move|p2a: Registeel|Seismic Toss|p1a: Reuniclus\n|-damage|p1a: Reuniclus|166/333\n|move|p1a: Reuniclus|Focus Blast|p2a: Registeel\n|-supereffective|p2a: Registeel\n|-damage|p2a: Registeel|32/268\n|\n|-heal|p2a: Registeel|48/268|[from] item: Leftovers\n|upkeep\n|turn|26\n|\n|t:|1770939662\n|move|p2a: Registeel|Rest|p2a: Registeel\n|-status|p2a: Registeel|slp|[from] move: Rest\n|-heal|p2a: Registeel|268/268 slp|[silent]\n|move|p1a: Reuniclus|Recover|p1a: Reuniclus\n|-heal|p1a: Reuniclus|333/333\n|\n|upkeep\n|turn|27\n|\n|t:|1770939666\n|cant|p2a: Registeel|slp\n|move|p2a: Registeel|Sleep Talk|p2a: Registeel\n|move|p2a: Registeel|Rest||[from] move: Sleep Talk|[still]\n|-fail|p2a: Registeel\n|move|p1a: Reuniclus|Calm Mind|p1a: Reuniclus\n|-boost|p1a: Reuniclus|spa|1\n|-boost|p1a: Reuniclus|spd|1\n|\n|upkeep\n|turn|28\n|\n|t:|1770939675\n|cant|p2a: Registeel|slp\n|move|p1a: Reuniclus|Psyshock|p2a: Registeel\n|-resisted|p2a: Registeel\n|-crit|p2a: Registeel\n|-damage|p2a: Registeel|187/268 slp\n|\n|-heal|p2a: Registeel|203/268 slp|[from] item: Leftovers\n|upkeep\n|turn|29\n|\n|t:|1770939678\n|-curestatus|p2a: Registeel|slp|[msg]\n|move|p2a: Registeel|Seismic Toss|p1a: Reuniclus\n|-damage|p1a: Reuniclus|250/333\n|move|p1a: Reuniclus|Focus Blast|p2a: Registeel\n|-supereffective|p2a: Registeel\n|-damage|p2a: Registeel|0 fnt\n|faint|p2a: Registeel\n|\n|upkeep\n|\n|t:|1770939680\n|switch|p2a: Banette|Banette-Mega, L87, F|222/253\n|-damage|p2a: Banette|191/253|[from] Stealth Rock\n|turn|30\n|\n|t:|1770939689\n|switch|p1a: Lanturn|Lanturn, L89, M|367/367\n|move|p2a: Banette|Shadow Claw|p1a: Lanturn\n|-damage|p1a: Lanturn|219/367\n|\n|-heal|p1a: Lanturn|241/367|[from] item: Leftovers\n|upkeep\n|turn|31\n|\n|t:|1770939693\n|move|p2a: Banette|Shadow Claw|p1a: Lanturn\n|-damage|p1a: Lanturn|84/367\n|move|p1a: Lanturn|Scald|p2a: Banette\n|-damage|p2a: Banette|112/253\n|\n|-heal|p1a: Lanturn|106/367|[from] item: Leftovers\n|upkeep\n|turn|32\n|\n|t:|1770939698\n|move|p2a: Banette|Shadow Claw|p1a: Lanturn\n|-damage|p1a: Lanturn|0 fnt\n|faint|p1a: Lanturn\n|\n|upkeep\n|\n|t:|1770939703\n|switch|p1a: Volbeat|Volbeat, L91, M|111/266\n|turn|33\n|\n|t:|1770939705\n|switch|p2a: Scrafty|Scrafty, L84, M|246/246\n|-damage|p2a: Scrafty|231/246|[from] Stealth Rock\n|move|p1a: Volbeat|Lunge|p2a: Scrafty\n|-damage|p2a: Scrafty|162/246\n|-unboost|p2a: Scrafty|atk|1\n|\n|-heal|p2a: Scrafty|177/246|[from] item: Leftovers\n|upkeep\n|turn|34\n|\n|t:|1770939709\n|switch|p1a: Genesect|Genesect, L73|224/224\n|-ability|p1a: Genesect|Download|boost\n|-boost|p1a: Genesect|spa|1\n|move|p2a: Scrafty|Bulk Up|p2a: Scrafty\n|-boost|p2a: Scrafty|atk|1\n|-boost|p2a: Scrafty|def|1\n|\n|-heal|p2a: Scrafty|192/246|[from] item: Leftovers\n|upkeep\n|turn|35\n|\n|t:|1770939713\n|move|p1a: Genesect|Bug Buzz|p2a: Scrafty\n|-damage|p2a: Scrafty|45/246\n|-unboost|p2a: Scrafty|spd|1\n|move|p2a: Scrafty|Knock Off|p1a: Genesect\n|-damage|p1a: Genesect|118/224\n|-enditem|p1a: Genesect|Choice Specs|[from] move: Knock Off|[of] p2a: Scrafty\n|\n|-heal|p2a: Scrafty|60/246|[from] item: Leftovers\n|upkeep\n|turn|36\n|\n|t:|1770939718\n|move|p1a: Genesect|Bug Buzz|p2a: Scrafty\n|-damage|p2a: Scrafty|0 fnt\n|faint|p2a: Scrafty\n|\n|upkeep\n|\n|t:|1770939722\n|switch|p2a: Mamoswine|Mamoswine, L79, F|303/303\n|-damage|p2a: Mamoswine|266/303|[from] Stealth Rock\n|turn|37\n|\n|t:|1770939728\n|move|p1a: Genesect|Bug Buzz|p2a: Mamoswine\n|-damage|p2a: Mamoswine|92/303\n|move|p2a: Mamoswine|Earthquake|p1a: Genesect\n|-damage|p1a: Genesect|0 fnt\n|faint|p1a: Genesect\n|\n|upkeep\n|\n|t:|1770939731\n|switch|p1a: Espeon|Espeon, L83, M|161/244\n|turn|38\n|\n|t:|1770939733\n|move|p1a: Espeon|Psyshock|p2a: Mamoswine\n|-damage|p2a: Mamoswine|0 fnt\n|faint|p2a: Mamoswine\n|\n|upkeep\n|\n|t:|1770939737\n|switch|p2a: Seismitoad|Seismitoad, L85, F|298/317 tox\n|-damage|p2a: Seismitoad|279/317 tox|[from] Stealth Rock\n|turn|39\n|\n|t:|1770939745\n|move|p1a: Espeon|Morning Sun|p1a: Espeon\n|-heal|p1a: Espeon|244/244\n|move|p2a: Seismitoad|Earthquake|p1a: Espeon\n|-damage|p1a: Espeon|93/244\n|\n|-heal|p2a: Seismitoad|298/317 tox|[from] item: Leftovers\n|-damage|p2a: Seismitoad|279/317 tox|[from] psn\n|upkeep\n|turn|40\n|\n|t:|1770939749\n|move|p1a: Espeon|Morning Sun|p1a: Espeon\n|-heal|p1a: Espeon|215/244\n|move|p2a: Seismitoad|Earthquake|p1a: Espeon\n|-damage|p1a: Espeon|64/244\n|\n|-heal|p2a: Seismitoad|298/317 tox|[from] item: Leftovers\n|-damage|p2a: Seismitoad|260/317 tox|[from] psn\n|upkeep\n|turn|41\n|\n|t:|1770939756\n|switch|p1a: Volbeat|Volbeat, L91, M|111/266\n|move|p2a: Seismitoad|Scald|p1a: Volbeat\n|-damage|p1a: Volbeat|39/266\n|\n|-heal|p2a: Seismitoad|279/317 tox|[from] item: Leftovers\n|-damage|p2a: Seismitoad|222/317 tox|[from] psn\n|upkeep\n|turn|42\n|\n|t:|1770939762\n|move|p1a: Volbeat|Roost|p1a: Volbeat\n|-heal|p1a: Volbeat|172/266\n|-singleturn|p1a: Volbeat|move: Roost\n|move|p2a: Seismitoad|Toxic|p1a: Volbeat\n|-status|p1a: Volbeat|tox\n|\n|-heal|p2a: Seismitoad|241/317 tox|[from] item: Leftovers\n|-damage|p1a: Volbeat|156/266 tox|[from] psn\n|-damage|p2a: Seismitoad|165/317 tox|[from] psn\n|upkeep\n|turn|43\n|\n|t:|1770939771\n|switch|p2a: Sceptile|Sceptile, L87, F|264/264 par\n|-damage|p2a: Sceptile|231/264 par|[from] Stealth Rock\n|move|p1a: Volbeat|Encore||[still]\n|-fail|p1a: Volbeat\n|\n|-damage|p1a: Volbeat|124/266 tox|[from] psn\n|upkeep\n|turn|44\n|\n|t:|1770939780\n|switch|p1a: Espeon|Espeon, L83, M|64/244\n|cant|p2a: Sceptile|par\n|\n|upkeep\n|turn|45\n|\n|t:|1770939783\n|move|p1a: Espeon|Morning Sun|p1a: Espeon\n|-heal|p1a: Espeon|186/244\n|move|p2a: Sceptile|Giga Drain|p1a: Espeon\n|-damage|p1a: Espeon|81/244\n|-heal|p2a: Sceptile|264/264 par|[from] drain|[of] p1a: Espeon\n|-damage|p2a: Sceptile|238/264 par|[from] item: Life Orb\n|\n|upkeep\n|turn|46\n|\n|t:|1770939792\n|move|p1a: Espeon|Morning Sun|p1a: Espeon\n|-heal|p1a: Espeon|203/244\n|move|p2a: Sceptile|Giga Drain|p1a: Espeon\n|-damage|p1a: Espeon|85/244\n|-heal|p2a: Sceptile|264/264 par|[from] drain|[of] p1a: Espeon\n|-damage|p2a: Sceptile|238/264 par|[from] item: Life Orb\n|\n|upkeep\n|turn|47\n|\n|t:|1770939795\n|move|p1a: Espeon|Morning Sun|p1a: Espeon\n|-heal|p1a: Espeon|207/244\n|move|p2a: Sceptile|Giga Drain|p1a: Espeon\n|-damage|p1a: Espeon|97/244\n|-heal|p2a: Sceptile|264/264 par|[from] drain|[of] p1a: Espeon\n|-damage|p2a: Sceptile|238/264 par|[from] item: Life Orb\n|\n|upkeep\n|turn|48\n|\n|t:|1770939799\n|move|p1a: Espeon|Calm Mind|p1a: Espeon\n|-boost|p1a: Espeon|spa|1\n|-boost|p1a: Espeon|spd|1\n|cant|p2a: Sceptile|par\n|\n|upkeep\n|turn|49\n|\n|t:|1770939802\n|move|p1a: Espeon|Psyshock|p2a: Sceptile\n|-damage|p2a: Sceptile|42/264 par\n|move|p2a: Sceptile|Giga Drain|p1a: Espeon\n|-damage|p1a: Espeon|0 fnt\n|-heal|p2a: Sceptile|91/264 par|[from] drain|[of] p1a: Espeon\n|faint|p1a: Espeon\n|-damage|p2a: Sceptile|65/264 par|[from] item: Life Orb\n|\n|upkeep\n|\n|t:|1770939808\n|switch|p1a: Volbeat|Volbeat, L91, M|124/266 tox\n|turn|50\n|\n|t:|1770939810\n|move|p1a: Volbeat|Lunge|p2a: Sceptile\n|-supereffective|p2a: Sceptile\n|-damage|p2a: Sceptile|0 fnt\n|faint|p2a: Sceptile\n|\n|-damage|p1a: Volbeat|108/266 tox|[from] psn\n|upkeep\n|\n|t:|1770939813\n|switch|p2a: Banette|Banette-Mega, L87, F|112/253\n|-damage|p2a: Banette|81/253|[from] Stealth Rock\n|turn|51\n|\n|t:|1770939821\n|move|p1a: Volbeat|Thunder Wave|p2a: Banette\n|-status|p2a: Banette|par\n|move|p2a: Banette|Shadow Claw|p1a: Volbeat\n|-damage|p1a: Volbeat|0 fnt\n|faint|p1a: Volbeat\n|\n|upkeep\n|\n|t:|1770939823\n|switch|p1a: Reuniclus|Reuniclus, L87, M|250/333\n|turn|52\n|\n|t:|1770939832\n|move|p1a: Reuniclus|Psyshock|p2a: Banette\n|-damage|p2a: Banette|0 fnt\n|faint|p2a: Banette\n|detailschange|p2: Banette|Banette, L87, F|[silent]\n|\n|upkeep\n|\n|t:|1770939834\n|switch|p2a: Seismitoad|Seismitoad, L85, F|165/317 tox\n|-damage|p2a: Seismitoad|146/317 tox|[from] Stealth Rock\n|turn|53\n|\n|t:|1770939837\n|move|p2a: Seismitoad|Earthquake|p1a: Reuniclus\n|-damage|p1a: Reuniclus|141/333\n|move|p1a: Reuniclus|Recover|p1a: Reuniclus\n|-heal|p1a: Reuniclus|308/333\n|\n|-heal|p2a: Seismitoad|165/317 tox|[from] item: Leftovers\n|-damage|p2a: Seismitoad|146/317 tox|[from] psn\n|upkeep\n|turn|54\n|-message|araujo0712 forfeited.\n|\n|win|may/gen3\n|raw|may&#x2f;gen3's rating: 1623 &rarr; <strong>1640</strong><br />(+17 for winning)\n|raw|araujo0712's rating: 1575 &rarr; <strong>1558</strong><br />(-17 for losing)\n", "inputlog": ">version ccdc32dd7cde25fd9e4bed64820e885f66e78a4e\n>start {\"formatid\":\"gen7randombattle\",\"seed\":\"sodium,29f23687be8f2b5eec4ea2a1f2f4a29a\",\"rated\":\"Rated battle\"}\n>player p1 {\"name\":\"may/gen3\",\"avatar\":\"may\",\"rating\":1623,\"seed\":\"sodium,adf3d93c43c08fa09ad3dff3545bf4b7\"}\n>player p2 {\"name\":\"araujo0712\",\"avatar\":\"169\",\"rating\":1575,\"seed\":\"sodium,13232fed5b962c9aa5e0876ebecbdc6a\"}\n>p1 switch 6\n>p2 move earthquake\n>p1 move recover\n>p2 switch 5\n>p1 switch 4\n>p2 move shadowclaw mega\n>p1 move toxic\n>p2 switch 5\n>p1 switch 3\n>p2 switch 5\n>p1 move thunderwave\n>p2 switch 2\n>p1 move lunge\n>p2 switch 4\n>p1 switch 6\n>p2 move knockoff\n>p1 move dazzlinggleam\n>p2 switch 3\n>p1 move morningsun\n>p2 move seismictoss\n>p1 move morningsun\n>p2 move seismictoss\n>p1 switch 3\n>p2 move seismictoss\n>p1 move stealthrock\n>p2 move seismictoss\n>p1 move metalburst\n>p2 move seismictoss\n>p1 move metalburst\n>p2 move seismictoss\n>p1 switch 4\n>p1 move focusblast\n>p2 switch 2\n>p1 switch 6\n>p2 move shadowclaw\n>p1 move lunge\n>p2 switch 3\n>p1 move lunge\n>p2 move knockoff\n>p1 move lunge\n>p2 move rest\n>p1 switch 6\n>p2 move knockoff\n>p1 move psyshock\n>p2 move knockoff\n>p1 move psyshock\n>p2 move knockoff\n>p1 move focusblast\n>p2 switch 2\n>p1 move focusblast\n>p2 move seismictoss\n>p1 move recover\n>p2 move rest\n>p1 move calmmind\n>p2 move sleeptalk\n>p1 move psyshock\n>p2 move seismictoss\n>p1 move focusblast\n>p2 move seismictoss\n>p2 switch 3\n>p1 switch 5\n>p2 move shadowclaw\n>p1 move scald\n>p2 move shadowclaw\n>p1 move scald\n>p2 move shadowclaw\n>p1 switch 6\n>p1 move lunge\n>p2 switch 2\n>p1 switch 2\n>p2 move bulkup\n>p1 move bugbuzz\n>p2 move knockoff\n>p1 move bugbuzz\n>p2 move knockoff\n>p2 switch 6\n>p1 move bugbuzz\n>p2 move earthquake\n>p1 switch 3\n>p1 move psyshock\n>p2 move earthquake\n>p2 switch 5\n>p1 move morningsun\n>p2 move earthquake\n>p1 move morningsun\n>p2 move earthquake\n>p1 switch 2\n>p2 move scald\n>p1 move roost\n>p2 move toxic\n>p1 move encore\n>p2 switch 4\n>p1 switch 2\n>p2 move hiddenpower\n>p1 move morningsun\n>p2 move gigadrain\n>p1 move morningsun\n>p2 move gigadrain\n>p1 move morningsun\n>p2 move gigadrain\n>p1 move calmmind\n>p2 move gigadrain\n>p1 move psyshock\n>p2 move gigadrain\n>p1 switch 2\n>p1 move lunge\n>p2 move hiddenpower\n>p2 switch 2\n>p1 move thunderwave\n>p2 move shadowclaw\n>p1 switch 5\n>p1 move psyshock\n>p2 move shadowclaw\n>p2 switch 4\n>p1 move recover\n>p2 move earthquake\n>forcelose p2", "uploadtime": 1770939847, "views": 213, "formatid": "gen7randombattle", "rating": 1558, "private": 0, "password": null}