{"id": "gen7randombattle-2524010512", "format": "[Gen 7] Random Battle", "players": ["Kurochan3", "La.Hellhound"], "log": "|j|☆Kurochan3\n|j|‽La.Hellhound\n|t:|1769099717\n|gametype|singles\n|player|p1|Kurochan3|cynthia-gen4|1768\n|player|p2|La.Hellhound|alder|1747\n|gen|7\n|tier|[Gen 7] Random Battle\n|rated|\n|rule|Sleep Clause Mod: Limit one foe put to sleep\n|rule|HP Percentage Mod: HP is shown in percentages\n|rule|Illusion Level Mod: Illusion disguises the Pokémon's true level\n|\n|t:|1769099717\n|teamsize|p1|6\n|teamsize|p2|6\n|start\n|switch|p1a: Mandibuzz|Mandibuzz, L84, F|322/322\n|switch|p2a: Stantler|Stantler, L92, F|284/284\n|-ability|p2a: Stantler|Intimidate|boost\n|-unboost|p1a: Mandibuzz|atk|1\n|turn|1\n|inactive|Battle timer is ON: inactive players will automatically lose when time's up. (requested by La.Hellhound)\n|\n|t:|1769099736\n|switch|p2a: Stunfisk|Stunfisk, L88, M|335/335\n|move|p1a: Mandibuzz|U-turn|p2a: Stunfisk\n|-damage|p2a: Stunfisk|309/335\n|-status|p1a: Mandibuzz|par|[from] ability: Static|[of] p2a: Stunfisk\n|inactive|Kurochan3 has 120 seconds left.\n|\n|t:|1769099775\n|switch|p1a: Meganium|Meganium, L92, M|297/297|[from] U-turn\n|\n|-heal|p2a: Stunfisk|329/335|[from] item: Leftovers\n|upkeep\n|turn|2\n|\n|t:|1769099781\n|move|p1a: Meganium|Toxic|p2a: Stunfisk\n|-status|p2a: Stunfisk|tox\n|move|p2a: Stunfisk|Stealth Rock|p1a: Meganium\n|-sidestart|p1: Kurochan3|move: Stealth Rock\n|\n|-heal|p2a: Stunfisk|335/335 tox|[from] item: Leftovers\n|-damage|p2a: Stunfisk|315/335 tox|[from] psn\n|upkeep\n|turn|3\n|inactive|La.Hellhound has 120 seconds left.\n|\n|t:|1769099835\n|switch|p2a: Ninetales|Ninetales, L84, F|260/260\n|-weather|SunnyDay|[from] ability: Drought|[of] p2a: Ninetales\n|move|p1a: Meganium|Aromatherapy|p1a: Meganium\n|-activate|p1a: Meganium|move: Aromatherapy\n|-curestatus|p1: Mandibuzz|par|[msg]\n|\n|-weather|SunnyDay|[upkeep]\n|upkeep\n|turn|4\n|\n|t:|1769099847\n|switch|p1a: Infernape|Infernape, L81, F|256/256\n|-damage|p1a: Infernape|224/256|[from] Stealth Rock\n|move|p2a: Ninetales|Fire Blast|p1a: Infernape\n|-resisted|p1a: Infernape\n|-damage|p1a: Infernape|129/256\n|\n|-weather|SunnyDay|[upkeep]\n|upkeep\n|turn|5\n|\n|t:|1769099856\n|move|p1a: Infernape|Flare Blitz|p2a: Ninetales\n|-resisted|p2a: Ninetales\n|-damage|p2a: Ninetales|110/260\n|-damage|p1a: Infernape|79/256|[from] Recoil\n|move|p2a: Ninetales|Fire Blast|p1a: Infernape|[miss]\n|-miss|p2a: Ninetales|p1a: Infernape\n|\n|-weather|SunnyDay|[upkeep]\n|-heal|p2a: Ninetales|126/260|[from] item: Leftovers\n|upkeep\n|turn|6\n|\n|t:|1769099866\n|switch|p2a: Stunfisk|Stunfisk, L88, M|315/335 tox\n|move|p1a: Infernape|Flare Blitz|p2a: Stunfisk\n|-damage|p2a: Stunfisk|0 fnt\n|faint|p2a: Stunfisk\n|-damage|p1a: Infernape|0 fnt|[from] Recoil\n|faint|p1a: Infernape\n|\n|-weather|SunnyDay|[upkeep]\n|upkeep\n|\n|t:|1769099888\n|switch|p1a: Mandibuzz|Mandibuzz, L84, F|322/322\n|switch|p2a: Stantler|Stantler, L92, F|284/284\n|-ability|p2a: Stantler|Intimidate|boost\n|-unboost|p1a: Mandibuzz|atk|1\n|-damage|p1a: Mandibuzz|242/322|[from] Stealth Rock\n|turn|7\n|\n|t:|1769099897\n|move|p2a: Stantler|Double-Edge|p1a: Mandibuzz\n|-damage|p1a: Mandibuzz|81/322\n|-damage|p2a: Stantler|231/284|[from] Recoil\n|-damage|p2a: Stantler|203/284|[from] item: Life Orb\n|move|p1a: Mandibuzz|Defog|p2a: Stantler\n|-unboost|p2a: Stantler|evasion|1\n|-sideend|p1: Kurochan3|Stealth Rock|[from] move: Defog|[of] p1a: Mandibuzz\n|\n|-weather|none\n|-heal|p1a: Mandibuzz|101/322|[from] item: Leftovers\n|upkeep\n|turn|8\n|\n|t:|1769099908\n|move|p2a: Stantler|Megahorn|p1a: Mandibuzz\n|-damage|p1a: Mandibuzz|0 fnt\n|faint|p1a: Mandibuzz\n|-damage|p2a: Stantler|175/284|[from] item: Life Orb\n|\n|upkeep\n|\n|t:|1769099918\n|switch|p1a: Swampert|Swampert, L81, M|295/295\n|turn|9\n|\n|t:|1769099926\n|switch|p2a: Kartana|Kartana, L74|209/209\n|detailschange|p1a: Swampert|Swampert-Mega, L81, M\n|-mega|p1a: Swampert|Swampert|Swampertite\n|move|p1a: Swampert|Rain Dance|p1a: Swampert\n|-weather|RainDance\n|\n|-weather|RainDance|[upkeep]\n|upkeep\n|turn|10\n|\n|t:|1769099938\n|switch|p1a: Meganium|Meganium, L92, M|297/297\n|move|p2a: Kartana|Leaf Blade|p1a: Meganium\n|-resisted|p1a: Meganium\n|-damage|p1a: Meganium|242/297\n|\n|-weather|RainDance|[upkeep]\n|-heal|p1a: Meganium|260/297|[from] item: Leftovers\n|upkeep\n|turn|11\n|\n|t:|1769099947\n|switch|p2a: Absol|Absol, L86, M|252/252\n|move|p1a: Meganium|Energy Ball|p2a: Absol\n|-damage|p2a: Absol|134/252\n|\n|-weather|RainDance|[upkeep]\n|-heal|p1a: Meganium|278/297|[from] item: Leftovers\n|upkeep\n|turn|12\n|inactive|La.Hellhound has 120 seconds left.\n|\n|t:|1769099955\n|move|p1a: Meganium|Energy Ball|p2a: Absol\n|-damage|p2a: Absol|0 fnt\n|faint|p2a: Absol\n|\n|-weather|RainDance|[upkeep]\n|-heal|p1a: Meganium|296/297|[from] item: Leftovers\n|upkeep\n|inactive|La.Hellhound has 120 seconds left.\n|\n|t:|1769099962\n|switch|p2a: Ninetales|Ninetales, L84, F|126/260\n|-weather|SunnyDay|[from] ability: Drought|[of] p2a: Ninetales\n|turn|13\n|\n|t:|1769099969\n|move|p2a: Ninetales|Nasty Plot|p2a: Ninetales\n|-boost|p2a: Ninetales|spa|2\n|move|p1a: Meganium|Energy Ball|p2a: Ninetales\n|-resisted|p2a: Ninetales\n|-damage|p2a: Ninetales|79/260\n|\n|-weather|SunnyDay|[upkeep]\n|-heal|p2a: Ninetales|95/260|[from] item: Leftovers\n|-heal|p1a: Meganium|297/297|[from] item: Leftovers\n|upkeep\n|turn|14\n|\n|t:|1769099978\n|switch|p1a: Swampert|Swampert-Mega, L81, M|295/295\n|move|p2a: Ninetales|Fire Blast|p1a: Swampert\n|-resisted|p1a: Swampert\n|-damage|p1a: Swampert|156/295\n|\n|-weather|SunnyDay|[upkeep]\n|-heal|p2a: Ninetales|111/260|[from] item: Leftovers\n|upkeep\n|turn|15\n|\n|t:|1769099986\n|switch|p1a: Meganium|Meganium, L92, M|297/297\n|move|p2a: Ninetales|Solar Beam||[still]\n|-prepare|p2a: Ninetales|Solar Beam\n|-anim|p2a: Ninetales|Solar Beam|p1a: Meganium\n|-resisted|p1a: Meganium\n|-damage|p1a: Meganium|233/297\n|\n|-weather|SunnyDay|[upkeep]\n|-heal|p2a: Ninetales|127/260|[from] item: Leftovers\n|-heal|p1a: Meganium|251/297|[from] item: Leftovers\n|upkeep\n|turn|16\n|\n|t:|1769099997\n|move|p2a: Ninetales|Fire Blast|p1a: Meganium|[miss]\n|-miss|p2a: Ninetales|p1a: Meganium\n|move|p1a: Meganium|Toxic|p2a: Ninetales\n|-status|p2a: Ninetales|tox\n|\n|-weather|SunnyDay|[upkeep]\n|-heal|p2a: Ninetales|143/260 tox|[from] item: Leftovers\n|-heal|p1a: Meganium|269/297|[from] item: Leftovers\n|-damage|p2a: Ninetales|127/260 tox|[from] psn\n|upkeep\n|turn|17\n|\n|t:|1769100006\n|switch|p1a: Swampert|Swampert-Mega, L81, M|156/295\n|move|p2a: Ninetales|Fire Blast|p1a: Swampert|[miss]\n|-miss|p2a: Ninetales|p1a: Swampert\n|\n|-weather|none\n|-heal|p2a: Ninetales|143/260 tox|[from] item: Leftovers\n|-damage|p2a: Ninetales|111/260 tox|[from] psn\n|upkeep\n|turn|18\n|\n|t:|1769100015\n|switch|p2a: Stantler|Stantler, L92, F|175/284\n|-ability|p2a: Stantler|Intimidate|boost\n|-unboost|p1a: Swampert|atk|1\n|move|p1a: Swampert|Earthquake|p2a: Stantler\n|-damage|p2a: Stantler|61/284\n|\n|upkeep\n|turn|19\n|\n|t:|1769100024\n|move|p2a: Stantler|Double-Edge|p1a: Swampert\n|-damage|p1a: Swampert|0 fnt\n|faint|p1a: Swampert\n|detailschange|p1: Swampert|Swampert, L81, M|[silent]\n|-damage|p2a: Stantler|10/284|[from] Recoil\n|-damage|p2a: Stantler|0 fnt|[from] item: Life Orb\n|faint|p2a: Stantler\n|\n|upkeep\n|\n|t:|1769100035\n|switch|p2a: Medicham|Medicham, L78, F|221/221\n|switch|p1a: Meganium|Meganium, L92, M|269/297\n|turn|20\n|\n|t:|1769100040\n|detailschange|p2a: Medicham|Medicham-Mega, L78, F\n|-mega|p2a: Medicham|Medicham|Medichamite\n|move|p2a: Medicham|Fake Out|p1a: Meganium\n|-damage|p1a: Meganium|224/297\n|cant|p1a: Meganium|flinch\n|\n|-heal|p1a: Meganium|242/297|[from] item: Leftovers\n|upkeep\n|turn|21\n|\n|t:|1769100047\n|move|p2a: Medicham|Ice Punch|p1a: Meganium\n|-supereffective|p1a: Meganium\n|-damage|p1a: Meganium|70/297\n|move|p1a: Meganium|Synthesis|p1a: Meganium\n|-heal|p1a: Meganium|218/297\n|\n|-heal|p1a: Meganium|236/297|[from] item: Leftovers\n|upkeep\n|turn|22\n|\n|t:|1769100055\n|switch|p1a: Mawile|Mawile, L89, M|234/234\n|-ability|p1a: Mawile|Intimidate|boost\n|-unboost|p2a: Medicham|atk|1\n|move|p2a: Medicham|Ice Punch|p1a: Mawile\n|-resisted|p1a: Mawile\n|-damage|p1a: Mawile|205/234\n|\n|-heal|p1a: Mawile|219/234|[from] item: Leftovers\n|upkeep\n|turn|23\n|\n|t:|1769100069\n|move|p2a: Medicham|High Jump Kick|p1a: Mawile\n|-damage|p1a: Mawile|47/234\n|move|p1a: Mawile|Knock Off|p2a: Medicham\n|-damage|p2a: Medicham|172/221\n|\n|-heal|p1a: Mawile|61/234|[from] item: Leftovers\n|upkeep\n|turn|24\n|\n|t:|1769100076\n|switch|p2a: Kartana|Kartana, L74|209/209\n|switch|p1a: Meganium|Meganium, L92, M|236/297\n|\n|-heal|p1a: Meganium|254/297|[from] item: Leftovers\n|upkeep\n|turn|25\n|\n|t:|1769100083\n|move|p2a: Kartana|Swords Dance|p2a: Kartana\n|-boost|p2a: Kartana|atk|2\n|move|p1a: Meganium|Energy Ball|p2a: Kartana\n|-resisted|p2a: Kartana\n|-damage|p2a: Kartana|158/209\n|-unboost|p2a: Kartana|spd|1\n|\n|-heal|p1a: Meganium|272/297|[from] item: Leftovers\n|upkeep\n|turn|26\n|\n|t:|1769100092\n|-zpower|p2a: Kartana\n|move|p2a: Kartana|Corkscrew Crash|p1a: Meganium|[zeffect]\n|-damage|p1a: Meganium|0 fnt\n|faint|p1a: Meganium\n|-ability|p2a: Kartana|Beast Boost|boost\n|-boost|p2a: Kartana|atk|1\n|\n|upkeep\n|\n|t:|1769100097\n|switch|p1a: Venomoth|Venomoth, L82, F|249/249\n|turn|27\n|\n|t:|1769100102\n|move|p2a: Kartana|Smart Strike|p1a: Venomoth\n|-damage|p1a: Venomoth|0 fnt\n|faint|p1a: Venomoth\n|-ability|p2a: Kartana|Beast Boost|boost\n|-boost|p2a: Kartana|atk|1\n|\n|upkeep\n|-message|Kurochan3 forfeited.\n|\n|win|La.Hellhound\n|raw|Kurochan3's rating: 1768 &rarr; <strong>1747</strong><br />(-21 for losing)\n|raw|La.Hellhound's rating: 1747 &rarr; <strong>1768</strong><br />(+21 for winning)\n|l|☆Kurochan3\n|player|p1|\n", "inputlog": ">version dd3d52b8382d73d1dd2c67730c4067df325ab790\n>start {\"formatid\":\"gen7randombattle\",\"seed\":\"sodium,4c4eba7d8dec6838b2fd13d3fd265d18\",\"rated\":\"Rated battle\"}\n>player p1 {\"name\":\"Kurochan3\",\"avatar\":\"cynthia-gen4\",\"rating\":1768,\"seed\":\"sodium,160381cb132f0d5dfa52f4ca8de797e2\"}\n>player p2 {\"name\":\"La.Hellhound\",\"avatar\":\"alder\",\"rating\":1747,\"seed\":\"sodium,d449a2ee91d2defae8efab0b50880a41\"}\n>p1 move uturn\n>p2 switch 4\n>p1 switch 4\n>p1 move toxic\n>p2 move stealthrock\n>p1 move aromatherapy\n>p2 switch 3\n>p1 switch 2\n>p2 move fireblast\n>p1 move flareblitz\n>p2 move fireblast\n>p1 move flareblitz\n>p2 switch 3\n>p1 switch 4\n>p2 switch 4\n>p1 move defog\n>p2 move doubleedge\n>p1 move foulplay\n>p2 move megahorn\n>p1 switch 6\n>p1 move raindance mega\n>p2 switch 5\n>p1 switch 2\n>p2 move leafblade\n>p1 move energyball\n>p2 switch 2\n>p1 move energyball\n>p2 move knockoff\n>p2 switch 3\n>p1 move energyball\n>p2 move nastyplot\n>p1 switch 2\n>p2 move fireblast\n>p1 switch 2\n>p2 move solarbeam\n>p1 move toxic\n>p2 move fireblast\n>p1 switch 2\n>p2 move fireblast\n>p1 move earthquake\n>p2 switch 5\n>p1 move raindance\n>p2 move doubleedge\n>p1 switch 2\n>p2 switch 6\n>p1 move energyball\n>p2 move fakeout mega\n>p1 move synthesis\n>p2 move icepunch\n>p1 switch 3\n>p2 move icepunch\n>p1 move knockoff\n>p2 move highjumpkick\n>p1 switch 3\n>p2 switch 2\n>p1 move energyball\n>p2 move swordsdance\n>p1 move energyball\n>p2 move smartstrike zmove\n>p1 switch 5\n>p1 move quiverdance\n>p2 move smartstrike\n>forcelose p1", "uploadtime": 1769100111, "views": 154, "formatid": "gen7randombattle", "rating": 1747, "private": 0, "password": null}