{"id": "gen7randombattle-2524729680", "format": "[Gen 7] Random Battle", "players": ["Snoop Rogue", "Mr-Soulier"], "log": "|j|☆Snoop Rogue\n|j|☆Mr-Soulier\n|t:|1769187772\n|gametype|singles\n|player|p1|Snoop Rogue|koga-lgpe|1623\n|player|p2|Mr-Soulier|265|1594\n|gen|7\n|tier|[Gen 7] Random Battle\n|rated|\n|rule|Sleep Clause Mod: Limit one foe put to sleep\n|rule|HP Percentage Mod: HP is shown in percentages\n|rule|Illusion Level Mod: Illusion disguises the Pokémon's true level\n|\n|t:|1769187772\n|teamsize|p1|6\n|teamsize|p2|6\n|start\n|switch|p1a: Passimian|Passimian, L84, M|305/305\n|switch|p2a: Arcanine|Arcanine, L84, F|287/287\n|-ability|p2a: Arcanine|Intimidate|boost\n|-unboost|p1a: Passimian|atk|1\n|-ability|p1a: Passimian|Defiant|boost\n|-boost|p1a: Passimian|atk|2\n|turn|1\n|inactive|Battle timer is ON: inactive players will automatically lose when time's up. (requested by Snoop Rogue)\n|\n|t:|1769187785\n|move|p2a: Arcanine|Flare Blitz|p1a: Passimian\n|-damage|p1a: Passimian|107/305\n|-damage|p2a: Arcanine|222/287|[from] Recoil\n|move|p1a: Passimian|Drain Punch|p2a: Arcanine\n|-damage|p2a: Arcanine|68/287\n|-heal|p1a: Passimian|184/305|[from] drain|[of] p2a: Arcanine\n|\n|-heal|p1a: Passimian|203/305|[from] item: Leftovers\n|upkeep\n|turn|2\n|\n|t:|1769187790\n|switch|p1a: Houndoom|Houndoom, L80, F|251/251\n|move|p2a: Arcanine|Flare Blitz|p1a: Houndoom\n|-start|p1a: Houndoom|ability: Flash Fire\n|\n|upkeep\n|turn|3\n|\n|t:|1769187801\n|switch|p2a: Greninja|Greninja, L79, M|243/243\n|move|p1a: Houndoom|Fire Blast|p2a: Greninja\n|-resisted|p2a: Greninja\n|-damage|p2a: Greninja|138/243\n|\n|upkeep\n|turn|4\n|\n|t:|1769187817\n|-end|p1a: Houndoom|ability: Flash Fire|[silent]\n|switch|p1a: Lugia|Lugia, L71|268/268\n|move|p2a: Greninja|Hydro Pump|p1a: Lugia|[miss]\n|-miss|p2a: Greninja|p1a: Lugia\n|\n|upkeep\n|turn|5\n|\n|t:|1769187823\n|switch|p2a: Kyurem|Kyurem, L80|331/331\n|-ability|p2a: Kyurem|Pressure\n|move|p1a: Lugia|Toxic|p2a: Kyurem\n|-status|p2a: Kyurem|tox\n|\n|-damage|p2a: Kyurem|311/331 tox|[from] psn\n|upkeep\n|turn|6\n|\n|t:|1769187830\n|switch|p1a: Rapidash|Rapidash, L87, F|255/255\n|move|p2a: Kyurem|Draco Meteor|p1a: Rapidash\n|-damage|p1a: Rapidash|0 fnt\n|-unboost|p2a: Kyurem|spa|2\n|faint|p1a: Rapidash\n|\n|-damage|p2a: Kyurem|271/331 tox|[from] psn\n|upkeep\n|\n|t:|1769187837\n|switch|p1a: Houndoom|Houndoom, L80, F|251/251\n|turn|7\n|\n|t:|1769187842\n|switch|p2a: Greninja|Greninja, L79, M|138/243\n|detailschange|p1a: Houndoom|Houndoom-Mega, L80, F\n|-mega|p1a: Houndoom|Houndoom|Houndoominite\n|move|p1a: Houndoom|Nasty Plot|p1a: Houndoom\n|-boost|p1a: Houndoom|spa|2\n|\n|upkeep\n|turn|8\n|\n|t:|1769187851\n|switch|p1a: Lugia|Lugia, L71|268/268\n|move|p2a: Greninja|Hydro Pump|p1a: Lugia\n|-damage|p1a: Lugia|212/268\n|\n|-heal|p1a: Lugia|228/268|[from] item: Leftovers\n|upkeep\n|turn|9\n|\n|t:|1769187859\n|switch|p2a: Arcanine|Arcanine, L84, F|68/287\n|-ability|p2a: Arcanine|Intimidate|boost\n|-unboost|p1a: Lugia|atk|1\n|move|p1a: Lugia|Roost|p1a: Lugia\n|-heal|p1a: Lugia|268/268\n|-singleturn|p1a: Lugia|move: Roost\n|\n|upkeep\n|turn|10\n|\n|t:|1769187866\n|move|p2a: Arcanine|Wild Charge|p1a: Lugia\n|-supereffective|p1a: Lugia\n|-damage|p1a: Lugia|175/268\n|-damage|p2a: Arcanine|45/287|[from] Recoil\n|move|p1a: Lugia|Toxic|p2a: Arcanine\n|-status|p2a: Arcanine|tox\n|\n|-heal|p1a: Lugia|191/268|[from] item: Leftovers\n|-damage|p2a: Arcanine|28/287 tox|[from] psn\n|upkeep\n|turn|11\n|\n|t:|1769187879\n|move|p2a: Arcanine|Wild Charge|p1a: Lugia\n|-supereffective|p1a: Lugia\n|-damage|p1a: Lugia|3/268\n|-damage|p2a: Arcanine|0 fnt|[from] Recoil\n|faint|p2a: Arcanine\n|move|p1a: Lugia|Roost|p1a: Lugia\n|-heal|p1a: Lugia|137/268\n|-singleturn|p1a: Lugia|move: Roost\n|\n|-heal|p1a: Lugia|153/268|[from] item: Leftovers\n|upkeep\n|\n|t:|1769187884\n|switch|p2a: Kyurem|Kyurem, L80|271/331 tox\n|-ability|p2a: Kyurem|Pressure\n|turn|12\n|\n|t:|1769187895\n|move|p1a: Lugia|Roost|p1a: Lugia\n|-heal|p1a: Lugia|268/268\n|-singleturn|p1a: Lugia|move: Roost\n|move|p2a: Kyurem|Ice Beam|p1a: Lugia\n|-damage|p1a: Lugia|208/268\n|-status|p1a: Lugia|frz\n|\n|-heal|p1a: Lugia|224/268 frz|[from] item: Leftovers\n|-damage|p2a: Kyurem|251/331 tox|[from] psn\n|upkeep\n|turn|13\n|c|☆Snoop Rogue|Évidemment\n|\n|t:|1769187909\n|cant|p1a: Lugia|frz\n|move|p2a: Kyurem|Ice Beam|p1a: Lugia\n|-supereffective|p1a: Lugia\n|-damage|p1a: Lugia|0 fnt\n|faint|p1a: Lugia\n|\n|-damage|p2a: Kyurem|211/331 tox|[from] psn\n|upkeep\n|\n|t:|1769187917\n|switch|p1a: Passimian|Passimian, L84, M|203/305\n|turn|14\n|\n|t:|1769187919\n|move|p2a: Kyurem|Ice Beam|p1a: Passimian\n|-crit|p1a: Passimian\n|-damage|p1a: Passimian|0 fnt\n|faint|p1a: Passimian\n|\n|-damage|p2a: Kyurem|151/331 tox|[from] psn\n|upkeep\n|\n|t:|1769187926\n|switch|p1a: Houndoom|Houndoom-Mega, L80, F|251/251\n|turn|15\n|\n|t:|1769187931\n|move|p1a: Houndoom|Fire Blast|p2a: Kyurem|[miss]\n|-miss|p1a: Houndoom|p2a: Kyurem\n|move|p2a: Kyurem|Ice Beam|p1a: Houndoom\n|-resisted|p1a: Houndoom\n|-damage|p1a: Houndoom|170/251\n|\n|-damage|p2a: Kyurem|71/331 tox|[from] psn\n|upkeep\n|turn|16\n|\n|t:|1769187937\n|move|p1a: Houndoom|Dark Pulse|p2a: Kyurem\n|-damage|p2a: Kyurem|0 fnt\n|faint|p2a: Kyurem\n|\n|upkeep\n|\n|t:|1769187940\n|switch|p2a: Greninja|Greninja, L79, M|138/243\n|turn|17\n|\n|t:|1769187943\n|switch|p1a: Lurantis|Lurantis, L90, F|272/272\n|move|p2a: Greninja|Hydro Pump|p1a: Lurantis|[miss]\n|-miss|p2a: Greninja|p1a: Lurantis\n|\n|upkeep\n|turn|18\n|\n|t:|1769187955\n|switch|p2a: Pheromosa|Pheromosa, L75|229/229\n|move|p1a: Lurantis|Superpower|p2a: Pheromosa\n|-resisted|p2a: Pheromosa\n|-damage|p2a: Pheromosa|122/229\n|-boost|p1a: Lurantis|atk|1\n|-boost|p1a: Lurantis|def|1\n|\n|upkeep\n|turn|19\n|\n|t:|1769187965\n|move|p2a: Pheromosa|Ice Beam|p1a: Lurantis\n|-supereffective|p1a: Lurantis\n|-damage|p1a: Lurantis|168/272\n|-damage|p2a: Pheromosa|100/229|[from] item: Life Orb\n|move|p1a: Lurantis|Superpower|p2a: Pheromosa\n|-resisted|p2a: Pheromosa\n|-damage|p2a: Pheromosa|0 fnt\n|-boost|p1a: Lurantis|atk|1\n|-boost|p1a: Lurantis|def|1\n|faint|p2a: Pheromosa\n|\n|upkeep\n|\n|t:|1769187972\n|switch|p2a: Greninja|Greninja, L79, M|138/243\n|turn|20\n|\n|t:|1769187976\n|move|p2a: Greninja|U-turn|p1a: Lurantis\n|-supereffective|p1a: Lurantis\n|-damage|p1a: Lurantis|130/272\n|\n|t:|1769187981\n|switch|p2a: Watchog|Watchog, L96, M|271/271|[from] U-turn\n|move|p1a: Lurantis|Superpower|p2a: Watchog\n|-supereffective|p2a: Watchog\n|-damage|p2a: Watchog|0 fnt\n|-boost|p1a: Lurantis|atk|1\n|-boost|p1a: Lurantis|def|1\n|faint|p2a: Watchog\n|\n|upkeep\n|\n|t:|1769187983\n|switch|p2a: Entei|Entei, L78|307/307\n|turn|21\n|\n|t:|1769187990\n|switch|p1a: Houndoom|Houndoom-Mega, L80, F|170/251\n|move|p2a: Entei|Flare Blitz|p1a: Houndoom\n|-resisted|p1a: Houndoom\n|-damage|p1a: Houndoom|78/251\n|-damage|p2a: Entei|277/307|[from] Recoil\n|\n|upkeep\n|turn|22\n|\n|t:|1769187995\n|move|p1a: Houndoom|Dark Pulse|p2a: Entei\n|-damage|p2a: Entei|154/307\n|move|p2a: Entei|Flare Blitz|p1a: Houndoom\n|-resisted|p1a: Houndoom\n|-damage|p1a: Houndoom|0 fnt\n|faint|p1a: Houndoom\n|detailschange|p1: Houndoom|Houndoom, L80, F|[silent]\n|-damage|p2a: Entei|128/307|[from] Recoil\n|\n|upkeep\n|\n|t:|1769188000\n|switch|p1a: Azelf|Azelf, L82|257/257\n|turn|23\n|\n|t:|1769188007\n|move|p1a: Azelf|Knock Off|p2a: Entei\n|-damage|p2a: Entei|23/307\n|-enditem|p2a: Entei|Choice Band|[from] move: Knock Off|[of] p1a: Azelf\n|-damage|p1a: Azelf|232/257|[from] item: Life Orb\n|move|p2a: Entei|Flare Blitz|p1a: Azelf\n|-damage|p1a: Azelf|75/257\n|-damage|p2a: Entei|0 fnt|[from] Recoil\n|faint|p2a: Entei\n|\n|upkeep\n|\n|t:|1769188012\n|switch|p2a: Greninja|Greninja, L79, M|138/243\n|turn|24\n|\n|t:|1769188016\n|move|p2a: Greninja|Dark Pulse|p1a: Azelf\n|-supereffective|p1a: Azelf\n|-crit|p1a: Azelf\n|-damage|p1a: Azelf|0 fnt\n|faint|p1a: Azelf\n|-activate|p2a: Greninja|ability: Battle Bond\n|detailschange|p2a: Greninja|Greninja-Ash, L79, M\n|\n|upkeep\n|\n|t:|1769188019\n|switch|p1a: Lurantis|Lurantis, L90, F|130/272\n|turn|25\n|\n|t:|1769188021\n|move|p2a: Greninja|Dark Pulse|p1a: Lurantis\n|-damage|p1a: Lurantis|21/272\n|move|p1a: Lurantis|Superpower|p2a: Greninja\n|-supereffective|p2a: Greninja\n|-damage|p2a: Greninja|0 fnt\n|-boost|p1a: Lurantis|atk|1\n|-boost|p1a: Lurantis|def|1\n|faint|p2a: Greninja\n|detailschange|p2: Greninja|Greninja, L79, M|[silent]\n|\n|win|Snoop Rogue\n|raw|Snoop Rogue's rating: 1623 &rarr; <strong>1641</strong><br />(+18 for winning)\n|raw|Mr-Soulier's rating: 1594 &rarr; <strong>1576</strong><br />(-18 for losing)\n|c|☆Snoop Rogue|Cheh\n|l|☆Mr-Soulier\n|player|p2|\n", "inputlog": ">version dd3d52b8382d73d1dd2c67730c4067df325ab790\n>start {\"formatid\":\"gen7randombattle\",\"seed\":\"sodium,fa0fe00a8c7cf4c5f02cfb97be64f7e3\",\"rated\":\"Rated battle\"}\n>player p1 {\"name\":\"Snoop Rogue\",\"avatar\":\"koga-lgpe\",\"rating\":1623,\"seed\":\"sodium,d2d6553d2e750ab14e6a79407195b6ba\"}\n>player p2 {\"name\":\"Mr-Soulier\",\"avatar\":\"265\",\"rating\":1594,\"seed\":\"sodium,2f5bce72d0ce96cbc58a6d3088f84c64\"}\n>p1 move drainpunch\n>p2 move flareblitz\n>p1 switch 6\n>p2 move flareblitz\n>p1 move fireblast\n>p2 switch 2\n>p1 switch 3\n>p2 move hydropump\n>p1 move toxic\n>p2 switch 3\n>p1 switch 2\n>p2 move dracometeor\n>p1 switch 3\n>p1 move nastyplot mega\n>p2 switch 3\n>p1 switch 2\n>p2 move hydropump\n>p1 move roost\n>p2 switch 2\n>p1 move toxic\n>p2 move wildcharge\n>p1 move roost\n>p2 move wildcharge\n>p2 switch 3\n>p1 move roost\n>p2 move icebeam\n>chat ☆Snoop Rogue|Évidemment \n>p1 move roost\n>p2 move icebeam\n>p1 switch 6\n>p1 move drainpunch\n>p2 move icebeam\n>p1 switch 2\n>p1 move fireblast\n>p2 move icebeam\n>p1 move darkpulse\n>p2 move icebeam\n>p2 switch 2\n>p1 switch 4\n>p2 move hydropump\n>p1 move superpower\n>p2 switch 5\n>p1 move superpower\n>p2 move icebeam\n>p2 switch 5\n>p1 move superpower\n>p2 move uturn\n>p2 switch 6\n>p2 switch 4\n>p1 switch 4\n>p2 move flareblitz\n>p1 move darkpulse\n>p2 move flareblitz\n>p1 switch 5\n>p1 move knockoff\n>p2 move flareblitz\n>p2 switch 6\n>p1 move explosion\n>p2 move darkpulse\n>p1 switch 4\n>p1 move superpower\n>p2 move darkpulse", "uploadtime": 1769188032, "views": 182, "formatid": "gen7randombattle", "rating": 1576, "private": 0, "password": null}