{"id": "gen7randombattle-2529948600", "format": "[Gen 7] Random Battle", "players": ["Antoninj", "may/gen3"], "log": "|j|☆Antoninj\n|j|☆may/gen3\n|t:|1769851570\n|gametype|singles\n|player|p1|Antoninj|musician|1521\n|player|p2|may/gen3|may|1740\n|gen|7\n|tier|[Gen 7] Random Battle\n|rated|\n|rule|Sleep Clause Mod: Limit one foe put to sleep\n|rule|HP Percentage Mod: HP is shown in percentages\n|rule|Illusion Level Mod: Illusion disguises the Pokémon's true level\n|\n|t:|1769851570\n|teamsize|p1|6\n|teamsize|p2|6\n|start\n|switch|p1a: Terrakion|Terrakion, L78|270/270\n|switch|p2a: Milotic|Milotic, L84, M|297/297\n|turn|1\n|inactive|Battle timer is ON: inactive players will automatically lose when time's up. (requested by Antoninj)\n|\n|t:|1769851583\n|switch|p1a: Silvally|Silvally-Electric, L87|307/307\n|move|p2a: Milotic|Toxic|p1a: Silvally\n|-status|p1a: Silvally|tox\n|\n|-damage|p1a: Silvally|288/307 tox|[from] psn\n|upkeep\n|turn|2\n|\n|t:|1769851591\n|switch|p2a: Chesnaught|Chesnaught, L89, M|301/301\n|move|p1a: Silvally|Multi-Attack|p2a: Chesnaught\n|-resisted|p2a: Chesnaught\n|-damage|p2a: Chesnaught|267/301\n|\n|-heal|p2a: Chesnaught|285/301|[from] item: Leftovers\n|-damage|p1a: Silvally|250/307 tox|[from] psn\n|upkeep\n|turn|3\n|\n|t:|1769851603\n|switch|p2a: Celesteela|Celesteela, L78|279/279\n|move|p1a: Silvally|U-turn|p2a: Celesteela\n|-resisted|p2a: Celesteela\n|-damage|p2a: Celesteela|267/279\n|\n|t:|1769851614\n|switch|p1a: Kingler|Kingler, L87, M|237/237|[from] U-turn\n|\n|upkeep\n|turn|4\n|\n|t:|1769851623\n|switch|p2a: Chesnaught|Chesnaught, L89, M|285/301\n|move|p1a: Kingler|Agility|p1a: Kingler\n|-boost|p1a: Kingler|spe|2\n|\n|-heal|p2a: Chesnaught|301/301|[from] item: Leftovers\n|upkeep\n|turn|5\n|\n|t:|1769851632\n|switch|p1a: Vespiquen|Vespiquen, F|301/301\n|-ability|p1a: Vespiquen|Pressure\n|move|p2a: Chesnaught|Wood Hammer|p1a: Vespiquen\n|-resisted|p1a: Vespiquen\n|-damage|p1a: Vespiquen|274/301\n|-damage|p2a: Chesnaught|292/301|[from] Recoil\n|\n|-heal|p2a: Chesnaught|301/301|[from] item: Leftovers\n|-heal|p1a: Vespiquen|292/301|[from] item: Leftovers\n|upkeep\n|turn|6\n|\n|t:|1769851641\n|switch|p2a: Celesteela|Celesteela, L78|267/279\n|move|p1a: Vespiquen|Toxic|p2a: Celesteela\n|-immune|p2a: Celesteela\n|\n|-heal|p1a: Vespiquen|301/301|[from] item: Leftovers\n|upkeep\n|turn|7\n|\n|t:|1769851647\n|move|p2a: Celesteela|Autotomize|p2a: Celesteela\n|-boost|p2a: Celesteela|spe|2\n|-start|p2a: Celesteela|Autotomize\n|move|p1a: Vespiquen|Air Slash|p2a: Celesteela\n|-resisted|p2a: Celesteela\n|-damage|p2a: Celesteela|218/279\n|\n|upkeep\n|turn|8\n|\n|t:|1769851661\n|switch|p1a: Silvally|Silvally-Electric, L87|250/307 tox\n|move|p2a: Celesteela|Air Slash|p1a: Silvally\n|-resisted|p1a: Silvally\n|-damage|p1a: Silvally|217/307 tox\n|\n|-damage|p1a: Silvally|198/307 tox|[from] psn\n|upkeep\n|turn|9\n|\n|t:|1769851667\n|move|p2a: Celesteela|Autotomize|p2a: Celesteela\n|-boost|p2a: Celesteela|spe|2\n|-start|p2a: Celesteela|Autotomize\n|move|p1a: Silvally|Flamethrower|p2a: Celesteela\n|-supereffective|p2a: Celesteela\n|-damage|p2a: Celesteela|80/279\n|-enditem|p2a: Celesteela|Weakness Policy\n|-boost|p2a: Celesteela|atk|2|[from] item: Weakness Policy\n|-boost|p2a: Celesteela|spa|2|[from] item: Weakness Policy\n|\n|-damage|p1a: Silvally|160/307 tox|[from] psn\n|upkeep\n|turn|10\n|\n|t:|1769851677\n|move|p2a: Celesteela|Earthquake|p1a: Silvally\n|-supereffective|p1a: Silvally\n|-damage|p1a: Silvally|0 fnt\n|faint|p1a: Silvally\n|-ability|p2a: Celesteela|Beast Boost|boost\n|-boost|p2a: Celesteela|spa|1\n|\n|upkeep\n|-message|Antoninj forfeited.\n|\n|win|may/gen3\n|raw|Antoninj's rating: 1521 &rarr; <strong>1512</strong><br />(-9 for losing)\n|raw|may&#x2f;gen3's rating: 1740 &rarr; <strong>1749</strong><br />(+9 for winning)\n|l|☆Antoninj\n|player|p1|\n|l|☆may/gen3\n|player|p2|\n|j|☆may/gen3\n|player|p2|may/gen3|may|\n", "inputlog": ">version b99ff0165a6231f17e8b78c2a78d1998375de664\n>start {\"formatid\":\"gen7randombattle\",\"seed\":\"sodium,6bfd165269096da52fb2bc4c94e760e8\",\"rated\":\"Rated battle\"}\n>player p1 {\"name\":\"Antoninj\",\"avatar\":\"musician\",\"rating\":1521,\"seed\":\"sodium,8dc0333656a59530ef11c113f3922379\"}\n>player p2 {\"name\":\"may/gen3\",\"avatar\":\"may\",\"rating\":1740,\"seed\":\"sodium,6b376c050db7365c626213252deab42d\"}\n>p1 switch 2\n>p2 move toxic\n>p1 move multiattack\n>p2 switch 4\n>p1 move uturn\n>p2 switch 5\n>p1 switch 3\n>p1 move agility\n>p2 switch 5\n>p1 switch 4\n>p2 move woodhammer\n>p1 move toxic\n>p2 switch 5\n>p1 move airslash\n>p2 move autotomize\n>p1 switch 3\n>p2 move airslash\n>p1 move flamethrower\n>p2 move autotomize\n>p1 move multiattack\n>p2 move earthquake\n>forcelose p1", "uploadtime": 1769851724, "views": 201, "formatid": "gen7randombattle", "rating": 1512, "private": 0, "password": null}