{"id": "gen7randombattle-2530845392", "format": "[Gen 7] Random Battle", "players": ["JRL29", "La.Hellhound"], "log": "|j|☆JRL29\n|j|‽La.Hellhound\n|t:|1769978949\n|gametype|singles\n|player|p1|JRL29|ethan|1666\n|player|p2|La.Hellhound|bruno|1581\n|gen|7\n|tier|[Gen 7] Random Battle\n|rated|\n|rule|Sleep Clause Mod: Limit one foe put to sleep\n|rule|HP Percentage Mod: HP is shown in percentages\n|rule|Illusion Level Mod: Illusion disguises the Pokémon's true level\n|\n|t:|1769978949\n|teamsize|p1|6\n|teamsize|p2|6\n|start\n|switch|p1a: Mightyena|Mightyena, L94, M|284/284\n|switch|p2a: Reuniclus|Reuniclus, L87, F|333/333\n|-ability|p1a: Mightyena|Intimidate|boost\n|-unboost|p2a: Reuniclus|atk|1\n|turn|1\n|inactive|Battle timer is ON: inactive players will automatically lose when time's up. (requested by La.Hellhound)\n|\n|t:|1769978966\n|move|p1a: Mightyena|Crunch|p2a: Reuniclus\n|-supereffective|p2a: Reuniclus\n|-damage|p2a: Reuniclus|44/333\n|-damage|p1a: Mightyena|256/284|[from] item: Life Orb\n|move|p2a: Reuniclus|Focus Blast|p1a: Mightyena\n|-supereffective|p1a: Mightyena\n|-damage|p1a: Mightyena|0 fnt\n|faint|p1a: Mightyena\n|\n|upkeep\n|\n|t:|1769978973\n|switch|p1a: Blacephalon|Blacephalon, L80|216/216\n|turn|2\n|\n|t:|1769978982\n|switch|p2a: Smeargle|Smeargle, L88, F|240/240\n|move|p1a: Blacephalon|Shadow Ball|p2a: Smeargle\n|-immune|p2a: Smeargle\n|\n|upkeep\n|turn|3\n|\n|t:|1769978988\n|move|p1a: Blacephalon|Fire Blast|p2a: Smeargle\n|-enditem|p2a: Smeargle|Focus Sash\n|-damage|p2a: Smeargle|1/240\n|-damage|p1a: Blacephalon|195/216|[from] item: Life Orb\n|move|p2a: Smeargle|Spore|p1a: Blacephalon\n|-status|p1a: Blacephalon|slp|[from] move: Spore\n|\n|upkeep\n|turn|4\n|\n|t:|1769978996\n|switch|p1a: Hariyama|Hariyama, L87, M|392/392\n|move|p2a: Smeargle|Sticky Web|p1a: Hariyama\n|-sidestart|p1: JRL29|move: Sticky Web\n|\n|-status|p1a: Hariyama|brn|[from] item: Flame Orb\n|upkeep\n|turn|5\n|\n|t:|1769979004\n|switch|p2a: Garbodor|Garbodor, L88, M|284/284\n|move|p1a: Hariyama|Bullet Punch|p2a: Garbodor\n|-damage|p2a: Garbodor|229/284\n|\n|-heal|p2a: Garbodor|246/284|[from] item: Black Sludge\n|-damage|p1a: Hariyama|368/392 brn|[from] brn\n|upkeep\n|turn|6\n|\n|t:|1769979012\n|move|p2a: Garbodor|Toxic Spikes|p1a: Hariyama\n|-sidestart|p1: JRL29|move: Toxic Spikes\n|move|p1a: Hariyama|Knock Off|p2a: Garbodor\n|-damage|p2a: Garbodor|123/284\n|-enditem|p2a: Garbodor|Black Sludge|[from] move: Knock Off|[of] p1a: Hariyama\n|\n|-damage|p1a: Hariyama|344/392 brn|[from] brn\n|upkeep\n|turn|7\n|\n|t:|1769979022\n|move|p2a: Garbodor|Toxic Spikes|p1a: Hariyama\n|-sidestart|p1: JRL29|move: Toxic Spikes\n|move|p1a: Hariyama|Facade|p2a: Garbodor\n|-damage|p2a: Garbodor|0 fnt\n|-damage|p1a: Hariyama|246/392 brn|[from] ability: Aftermath|[of] p2a: Garbodor\n|faint|p2a: Garbodor\n|\n|-damage|p1a: Hariyama|222/392 brn|[from] brn\n|upkeep\n|\n|t:|1769979032\n|switch|p2a: Necrozma|Necrozma-Dusk-Mane, L69|248/248\n|turn|8\n|\n|t:|1769979037\n|move|p2a: Necrozma|Photon Geyser|p1a: Hariyama\n|-supereffective|p1a: Hariyama\n|-damage|p1a: Hariyama|0 fnt\n|faint|p1a: Hariyama\n|\n|upkeep\n|\n|t:|1769979043\n|switch|p1a: Steelix|Steelix, L80, F|251/251\n|-activate|p1a: Steelix|move: Sticky Web\n|-unboost|p1a: Steelix|spe|1\n|turn|9\n|\n|t:|1769979051\n|switch|p2a: Virizion|Virizion, L81|280/280\n|detailschange|p1a: Steelix|Steelix-Mega, L80, F\n|-mega|p1a: Steelix|Steelix|Steelixite\n|move|p1a: Steelix|Stealth Rock|p2a: Virizion\n|-sidestart|p2: La.Hellhound|move: Stealth Rock\n|\n|upkeep\n|turn|10\n|\n|t:|1769979059\n|move|p2a: Virizion|Leaf Blade|p1a: Steelix\n|-damage|p1a: Steelix|193/251\n|-damage|p2a: Virizion|252/280|[from] item: Life Orb\n|move|p1a: Steelix|Dragon Tail|p2a: Virizion\n|-damage|p2a: Virizion|189/280\n|drag|p2a: Necrozma|Necrozma-Dusk-Mane, L69|248/248\n|-damage|p2a: Necrozma|233/248|[from] Stealth Rock\n|\n|upkeep\n|turn|11\n|\n|t:|1769979069\n|switch|p2a: Smeargle|Smeargle, L88, F|1/240\n|-damage|p2a: Smeargle|0 fnt|[from] Stealth Rock\n|faint|p2a: Smeargle\n|move|p1a: Steelix|Earthquake|p2: Smeargle|[notarget]\n|-fail|p1a: Steelix\n|\n|upkeep\n|\n|t:|1769979076\n|switch|p2a: Virizion|Virizion, L81|189/280\n|-damage|p2a: Virizion|172/280|[from] Stealth Rock\n|turn|12\n|\n|t:|1769979087\n|move|p2a: Virizion|Close Combat|p1a: Steelix\n|-supereffective|p1a: Steelix\n|-damage|p1a: Steelix|60/251\n|-unboost|p2a: Virizion|def|1\n|-unboost|p2a: Virizion|spd|1\n|-damage|p2a: Virizion|144/280|[from] item: Life Orb\n|move|p1a: Steelix|Dragon Tail|p2a: Virizion\n|-damage|p2a: Virizion|64/280\n|drag|p2a: Reuniclus|Reuniclus, L87, F|44/333\n|\n|upkeep\n|turn|13\n|\n|t:|1769979098\n|move|p2a: Reuniclus|Recover|p2a: Reuniclus\n|-heal|p2a: Reuniclus|211/333\n|move|p1a: Steelix|Heavy Slam|p2a: Reuniclus\n|-damage|p2a: Reuniclus|52/333\n|\n|upkeep\n|turn|14\n|\n|t:|1769979105\n|move|p2a: Reuniclus|Recover|p2a: Reuniclus\n|-heal|p2a: Reuniclus|219/333\n|move|p1a: Steelix|Heavy Slam|p2a: Reuniclus\n|-damage|p2a: Reuniclus|72/333\n|\n|upkeep\n|turn|15\n|\n|t:|1769979114\n|switch|p1a: Blacephalon|Blacephalon, L80|195/216 slp\n|-activate|p1a: Blacephalon|move: Sticky Web\n|-unboost|p1a: Blacephalon|spe|1\n|move|p2a: Reuniclus|Recover|p2a: Reuniclus\n|-heal|p2a: Reuniclus|239/333\n|\n|upkeep\n|turn|16\n|\n|t:|1769979122\n|cant|p1a: Blacephalon|slp\n|move|p2a: Reuniclus|Psyshock|p1a: Blacephalon\n|-damage|p1a: Blacephalon|0 fnt\n|faint|p1a: Blacephalon\n|\n|upkeep\n|\n|t:|1769979126\n|switch|p1a: Honchkrow|Honchkrow, L83, M|302/302\n|turn|17\n|\n|t:|1769979130\n|switch|p2a: Rampardos|Rampardos, L88, F|314/314\n|-damage|p2a: Rampardos|275/314|[from] Stealth Rock\n|move|p1a: Honchkrow|Brave Bird|p2a: Rampardos\n|-resisted|p2a: Rampardos\n|-damage|p2a: Rampardos|142/314\n|-damage|p1a: Honchkrow|258/302|[from] Recoil\n|-damage|p1a: Honchkrow|228/302|[from] item: Life Orb\n|\n|upkeep\n|turn|18\n|\n|t:|1769979141\n|move|p1a: Honchkrow|Sucker Punch|p2a: Rampardos\n|-damage|p2a: Rampardos|2/314\n|-damage|p1a: Honchkrow|198/302|[from] item: Life Orb\n|move|p2a: Rampardos|Rock Slide|p1a: Honchkrow\n|-supereffective|p1a: Honchkrow\n|-damage|p1a: Honchkrow|0 fnt\n|faint|p1a: Honchkrow\n|\n|upkeep\n|\n|t:|1769979144\n|switch|p1a: Oricorio|Oricorio-Pa'u, L91, M|284/284\n|turn|19\n|\n|t:|1769979150\n|move|p2a: Rampardos|Rock Slide|p1a: Oricorio\n|-supereffective|p1a: Oricorio\n|-damage|p1a: Oricorio|0 fnt\n|faint|p1a: Oricorio\n|\n|upkeep\n|-message|JRL29 forfeited.\n|\n|win|La.Hellhound\n|raw|JRL29's rating: 1666 &rarr; <strong>1641</strong><br />(-25 for losing)\n|raw|La.Hellhound's rating: 1581 &rarr; <strong>1606</strong><br />(+25 for winning)\n|l|☆JRL29\n|player|p1|\n", "inputlog": ">version ccdc32dd7cde25fd9e4bed64820e885f66e78a4e\n>start {\"formatid\":\"gen7randombattle\",\"seed\":\"sodium,aa7dea91ffba4e110f942b3322760ced\",\"rated\":\"Rated battle\"}\n>player p1 {\"name\":\"JRL29\",\"avatar\":\"ethan\",\"rating\":1666,\"seed\":\"sodium,75125699ce9ebae4b2702f574bb85c57\"}\n>player p2 {\"name\":\"La.Hellhound\",\"avatar\":\"bruno\",\"rating\":1581,\"seed\":\"sodium,06b6e84a327e850a393cd8d40b791254\"}\n>p1 move crunch\n>p2 move focusblast\n>p1 switch 6\n>p1 move shadowball\n>p2 switch 5\n>p1 move fireblast\n>p2 move spore\n>p1 switch 2\n>p2 move stickyweb\n>p1 move bulletpunch\n>p2 switch 6\n>p1 move knockoff\n>p2 move toxicspikes\n>p1 move facade\n>p2 move toxicspikes\n>p2 switch 4\n>p1 move knockoff\n>p2 move photongeyser\n>p1 switch 4\n>p1 move stealthrock mega\n>p2 switch 2\n>p1 move dragontail\n>p2 move leafblade\n>p1 move earthquake\n>p2 switch 6\n>p2 switch 2\n>p1 move dragontail\n>p2 move closecombat\n>p1 move heavyslam\n>p2 move recover\n>p1 move heavyslam\n>p2 move recover\n>p1 switch 2\n>p2 move recover\n>p1 move calmmind\n>p2 move psyshock\n>p1 switch 5\n>p1 move bravebird\n>p2 switch 3\n>p1 move suckerpunch\n>p2 move rockslide\n>p1 switch 3\n>p1 move revelationdance\n>p2 move rockslide\n>forcelose p1", "uploadtime": 1769979155, "views": 188, "formatid": "gen7randombattle", "rating": 1606, "private": 0, "password": null}