{"id": "gen7randombattle-2540960725", "format": "[Gen 7] Random Battle", "players": ["Hasanredbaron", "NTsweeper007"], "log": "|j|☆Hasanredbaron\n|j|☆NTsweeper007\n|t:|1771271082\n|gametype|singles\n|player|p1|Hasanredbaron|265|1642\n|player|p2|NTsweeper007|hilbert-wonderlauncher|1735\n|gen|7\n|tier|[Gen 7] Random Battle\n|rated|\n|rule|Sleep Clause Mod: Limit one foe put to sleep\n|rule|HP Percentage Mod: HP is shown in percentages\n|rule|Illusion Level Mod: Illusion disguises the Pokémon's true level\n|\n|t:|1771271082\n|teamsize|p1|6\n|teamsize|p2|6\n|start\n|switch|p1a: Palkia|Palkia, L75|259/259\n|switch|p2a: Jellicent|Jellicent, L88, F|319/319\n|-ability|p1a: Palkia|Pressure\n|turn|1\n|inactive|Battle timer is ON: inactive players will automatically lose when time's up. (requested by NTsweeper007)\n|\n|t:|1771271094\n|move|p1a: Palkia|Spacial Rend|p2a: Jellicent\n|-damage|p2a: Jellicent|192/319\n|move|p2a: Jellicent|Shadow Ball|p1a: Palkia\n|-damage|p1a: Palkia|187/259\n|\n|-heal|p2a: Jellicent|211/319|[from] item: Leftovers\n|upkeep\n|turn|2\n|\n|t:|1771271105\n|switch|p1a: Quagsire|Quagsire, L87, M|307/307\n|move|p2a: Jellicent|Recover|p2a: Jellicent\n|-heal|p2a: Jellicent|319/319\n|\n|upkeep\n|turn|3\n|\n|t:|1771271109\n|move|p2a: Jellicent|Scald|p1a: Quagsire\n|-damage|p1a: Quagsire|213/307\n|move|p1a: Quagsire|Toxic|p2a: Jellicent\n|-status|p2a: Jellicent|tox\n|\n|-heal|p1a: Quagsire|232/307|[from] item: Leftovers\n|-damage|p2a: Jellicent|300/319 tox|[from] psn\n|upkeep\n|turn|4\n|\n|t:|1771271115\n|switch|p2a: Serperior|Serperior, L80, F|251/251\n|move|p1a: Quagsire|Earthquake|p2a: Serperior\n|-resisted|p2a: Serperior\n|-damage|p2a: Serperior|203/251\n|\n|-heal|p1a: Quagsire|251/307|[from] item: Leftovers\n|upkeep\n|turn|5\n|\n|t:|1771271119\n|switch|p1a: Bronzong|Bronzong, L86|255/255\n|move|p2a: Serperior|Leaf Storm|p1a: Bronzong\n|-resisted|p1a: Bronzong\n|-damage|p1a: Bronzong|200/255\n|-boost|p2a: Serperior|spa|2\n|-damage|p2a: Serperior|178/251|[from] item: Life Orb\n|\n|-heal|p1a: Bronzong|215/255|[from] item: Leftovers\n|upkeep\n|turn|6\n|\n|t:|1771271126\n|move|p2a: Serperior|Leaf Storm|p1a: Bronzong\n|-resisted|p1a: Bronzong\n|-damage|p1a: Bronzong|107/255\n|-boost|p2a: Serperior|spa|2\n|-damage|p2a: Serperior|153/251|[from] item: Life Orb\n|move|p1a: Bronzong|Stealth Rock|p2a: Serperior\n|-sidestart|p2: NTsweeper007|move: Stealth Rock\n|\n|-heal|p1a: Bronzong|122/255|[from] item: Leftovers\n|upkeep\n|turn|7\n|\n|t:|1771271129\n|move|p2a: Serperior|Leaf Storm|p1a: Bronzong\n|-resisted|p1a: Bronzong\n|-damage|p1a: Bronzong|0 fnt\n|-boost|p2a: Serperior|spa|2\n|faint|p1a: Bronzong\n|-damage|p2a: Serperior|128/251|[from] item: Life Orb\n|\n|upkeep\n|\n|t:|1771271139\n|switch|p1a: Tapu Lele|Tapu Lele, L77|234/234\n|-fieldstart|move: Psychic Terrain|[from] ability: Psychic Surge|[of] p1a: Tapu Lele\n|turn|8\n|\n|t:|1771271142\n|move|p2a: Serperior|Leaf Storm|p1a: Tapu Lele\n|-damage|p1a: Tapu Lele|0 fnt\n|faint|p1a: Tapu Lele\n|-damage|p2a: Serperior|103/251|[from] item: Life Orb\n|\n|upkeep\n|\n|t:|1771271151\n|switch|p1a: Vivillon|Vivillon-Modern, L85, F|275/275\n|turn|9\n|\n|t:|1771271154\n|move|p2a: Serperior|Hidden Power|p1a: Vivillon\n|-supereffective|p1a: Vivillon\n|-damage|p1a: Vivillon|0 fnt\n|faint|p1a: Vivillon\n|-damage|p2a: Serperior|78/251|[from] item: Life Orb\n|\n|upkeep\n|-message|Hasanredbaron forfeited.\n|\n|win|NTsweeper007\n|raw|Hasanredbaron's rating: 1642 &rarr; <strong>1627</strong><br />(-15 for losing)\n|raw|NTsweeper007's rating: 1735 &rarr; <strong>1750</strong><br />(+15 for winning)\n|l|☆Hasanredbaron\n|player|p1|\n", "inputlog": ">version 686819e5e19f8a7fd2345cfc5a08a5085efa2cc3\n>start {\"formatid\":\"gen7randombattle\",\"seed\":\"sodium,04c81b6ad9ef2497ad5bcbb140ed1403\",\"rated\":\"Rated battle\"}\n>player p1 {\"name\":\"Hasanredbaron\",\"avatar\":\"265\",\"rating\":1642,\"seed\":\"sodium,3d9a6abdb5351bfc853e0cceb27d4151\"}\n>player p2 {\"name\":\"NTsweeper007\",\"avatar\":\"hilbert-wonderlauncher\",\"rating\":1735,\"seed\":\"sodium,f81bfc284a77f2d661e2c9236643f696\"}\n>p1 move spacialrend\n>p2 move shadowball\n>p1 switch 5\n>p2 move recover\n>p1 move toxic\n>p2 move scald\n>p1 move earthquake\n>p2 switch 6\n>p1 switch 2\n>p2 move leafstorm\n>p1 move stealthrock\n>p2 move leafstorm\n>p1 move ironhead\n>p2 move leafstorm\n>p1 switch 3\n>p1 move psyshock\n>p2 move leafstorm\n>p1 switch 4\n>p1 move quiverdance\n>p2 move hiddenpower\n>forcelose p1", "uploadtime": 1771271160, "views": 0, "formatid": "gen7randombattle", "rating": 1627, "private": 0, "password": null}