{"id": "gen7randombattle-2526793590", "format": "[Gen 7] Random Battle", "players": ["Shabbeaugosse", "Skellidude"], "log": "|j|☆Shabbeaugosse\n|j|☆Skellidude\n|t:|1769457997\n|gametype|singles\n|player|p1|Shabbeaugosse|266|1656\n|player|p2|Skellidude|cynthia-gen4|1607\n|gen|7\n|tier|[Gen 7] Random Battle\n|rated|\n|rule|Sleep Clause Mod: Limit one foe put to sleep\n|rule|HP Percentage Mod: HP is shown in percentages\n|rule|Illusion Level Mod: Illusion disguises the Pokémon's true level\n|\n|t:|1769457997\n|teamsize|p1|6\n|teamsize|p2|6\n|start\n|switch|p1a: Registeel|Registeel, L83|268/268\n|switch|p2a: Mantine|Mantine, L87, M|290/290\n|turn|1\n|inactive|Battle timer is ON: inactive players will automatically lose when time's up. (requested by Shabbeaugosse)\n|\n|t:|1769458011\n|move|p2a: Mantine|Scald|p1a: Registeel\n|-damage|p1a: Registeel|214/268\n|move|p1a: Registeel|Toxic|p2a: Mantine\n|-status|p2a: Mantine|tox\n|\n|-heal|p1a: Registeel|230/268|[from] item: Leftovers\n|-damage|p2a: Mantine|272/290 tox|[from] psn\n|upkeep\n|turn|2\n|\n|t:|1769458020\n|move|p2a: Mantine|Scald|p1a: Registeel\n|-damage|p1a: Registeel|182/268\n|-status|p1a: Registeel|brn\n|move|p1a: Registeel|Seismic Toss|p2a: Mantine\n|-damage|p2a: Mantine|189/290 tox\n|\n|-heal|p2a: Mantine|207/290 tox|[from] item: Leftovers\n|-heal|p1a: Registeel|198/268 brn|[from] item: Leftovers\n|-damage|p2a: Mantine|171/290 tox|[from] psn\n|-damage|p1a: Registeel|182/268 brn|[from] brn\n|upkeep\n|turn|3\n|\n|t:|1769458025\n|switch|p2a: Magearna|Magearna, L77|250/250\n|move|p1a: Registeel|Rest|p1a: Registeel\n|-status|p1a: Registeel|slp|[from] move: Rest\n|-heal|p1a: Registeel|268/268 slp|[silent]\n|\n|upkeep\n|turn|4\n|\n|t:|1769458029\n|move|p2a: Magearna|Aura Sphere|p1a: Registeel\n|-supereffective|p1a: Registeel\n|-damage|p1a: Registeel|190/268 slp\n|cant|p1a: Registeel|slp\n|move|p1a: Registeel|Sleep Talk|p1a: Registeel\n|move|p1a: Registeel|Toxic|p2a: Magearna|[from] move: Sleep Talk\n|-immune|p2a: Magearna\n|\n|-heal|p1a: Registeel|206/268 slp|[from] item: Leftovers\n|upkeep\n|turn|5\n|\n|t:|1769458036\n|move|p2a: Magearna|Aura Sphere|p1a: Registeel\n|-supereffective|p1a: Registeel\n|-damage|p1a: Registeel|126/268 slp\n|cant|p1a: Registeel|slp\n|move|p1a: Registeel|Sleep Talk|p1a: Registeel\n|move|p1a: Registeel|Toxic|p2a: Magearna|[from] move: Sleep Talk\n|-immune|p2a: Magearna\n|\n|-heal|p1a: Registeel|142/268 slp|[from] item: Leftovers\n|upkeep\n|turn|6\n|\n|t:|1769458055\n|move|p2a: Magearna|Aura Sphere|p1a: Registeel\n|-supereffective|p1a: Registeel\n|-damage|p1a: Registeel|62/268 slp\n|-curestatus|p1a: Registeel|slp|[msg]\n|move|p1a: Registeel|Rest|p1a: Registeel\n|-status|p1a: Registeel|slp|[from] move: Rest\n|-heal|p1a: Registeel|268/268 slp|[silent]\n|\n|upkeep\n|turn|7\n|\n|t:|1769458061\n|switch|p2a: Cobalion|Cobalion, L78|270/270\n|cant|p1a: Registeel|slp\n|move|p1a: Registeel|Sleep Talk|p1a: Registeel\n|move|p1a: Registeel|Rest||[from] move: Sleep Talk|[still]\n|-fail|p1a: Registeel\n|\n|upkeep\n|turn|8\n|\n|t:|1769458090\n|switch|p1a: Volcanion|Volcanion, L81|262/262\n|move|p2a: Cobalion|Swords Dance|p2a: Cobalion\n|-boost|p2a: Cobalion|atk|2\n|\n|upkeep\n|turn|9\n|inactive|Shabbeaugosse has 120 seconds left.\n|\n|t:|1769458112\n|switch|p2a: Umbreon|Umbreon, L84, F|297/297\n|switch|p1a: Dragonite|Dragonite, L72, M|250/250\n|\n|upkeep\n|turn|10\n|\n|t:|1769458118\n|switch|p1a: Mawile|Mawile, L78, F|206/206\n|-ability|p1a: Mawile|Intimidate|boost\n|-unboost|p2a: Umbreon|atk|1\n|move|p2a: Umbreon|Toxic|p1a: Mawile\n|-immune|p1a: Mawile\n|\n|upkeep\n|turn|11\n|\n|t:|1769458132\n|switch|p2a: Magearna|Magearna, L77|250/250\n|detailschange|p1a: Mawile|Mawile-Mega, L78, F\n|-mega|p1a: Mawile|Mawile|Mawilite\n|move|p1a: Mawile|Play Rough|p2a: Magearna\n|-resisted|p2a: Magearna\n|-damage|p2a: Magearna|178/250\n|\n|upkeep\n|turn|12\n|\n|t:|1769458140\n|move|p2a: Magearna|Aura Sphere|p1a: Mawile\n|-damage|p1a: Mawile|142/206\n|move|p1a: Mawile|Iron Head|p2a: Magearna\n|-damage|p2a: Magearna|34/250\n|\n|upkeep\n|turn|13\n|inactive|Shabbeaugosse has 120 seconds left.\n|\n|t:|1769458182\n|switch|p2a: Skuntank|Skuntank, L87, M|321/321\n|switch|p1a: Volcanion|Volcanion, L81|262/262\n|\n|upkeep\n|turn|14\n|\n|t:|1769458187\n|move|p2a: Skuntank|Poison Jab|p1a: Volcanion\n|-damage|p1a: Volcanion|189/262\n|move|p1a: Volcanion|Steam Eruption|p2a: Skuntank\n|-damage|p2a: Skuntank|153/321\n|\n|-heal|p2a: Skuntank|173/321|[from] item: Black Sludge\n|-heal|p1a: Volcanion|205/262|[from] item: Leftovers\n|upkeep\n|turn|15\n|inactive|Shabbeaugosse has 120 seconds left.\n|\n|t:|1769458196\n|move|p2a: Skuntank|Poison Jab|p1a: Volcanion\n|-damage|p1a: Volcanion|136/262\n|move|p1a: Volcanion|Fire Blast|p2a: Skuntank|[miss]\n|-miss|p1a: Volcanion|p2a: Skuntank\n|\n|-heal|p2a: Skuntank|193/321|[from] item: Black Sludge\n|-heal|p1a: Volcanion|152/262|[from] item: Leftovers\n|upkeep\n|turn|16\n|\n|t:|1769458201\n|move|p2a: Skuntank|Poison Jab|p1a: Volcanion\n|-damage|p1a: Volcanion|82/262\n|-status|p1a: Volcanion|psn\n|move|p1a: Volcanion|Toxic|p2a: Skuntank\n|-immune|p2a: Skuntank\n|\n|-heal|p2a: Skuntank|213/321|[from] item: Black Sludge\n|-heal|p1a: Volcanion|98/262 psn|[from] item: Leftovers\n|-damage|p1a: Volcanion|66/262 psn|[from] psn\n|upkeep\n|turn|17\n|\n|t:|1769458206\n|move|p2a: Skuntank|Sucker Punch|p1a: Volcanion\n|-damage|p1a: Volcanion|2/262 psn\n|move|p1a: Volcanion|Steam Eruption|p2a: Skuntank|[miss]\n|-miss|p1a: Volcanion|p2a: Skuntank\n|\n|-heal|p2a: Skuntank|233/321|[from] item: Black Sludge\n|-heal|p1a: Volcanion|18/262 psn|[from] item: Leftovers\n|-damage|p1a: Volcanion|0 fnt|[from] psn\n|faint|p1a: Volcanion\n|upkeep\n|\n|t:|1769458216\n|switch|p1a: Mawile|Mawile-Mega, L78, F|142/206\n|turn|18\n|\n|t:|1769458218\n|switch|p2a: Mantine|Mantine, L87, M|171/290 tox\n|move|p1a: Mawile|Play Rough|p2a: Mantine\n|-damage|p2a: Mantine|0 fnt\n|faint|p2a: Mantine\n|\n|upkeep\n|\n|t:|1769458228\n|switch|p2a: Cobalion|Cobalion, L78|270/270\n|turn|19\n|\n|t:|1769458234\n|-zpower|p2a: Cobalion\n|move|p2a: Cobalion|Corkscrew Crash|p1a: Mawile|[zeffect]\n|-damage|p1a: Mawile|36/206\n|move|p1a: Mawile|Play Rough|p2a: Cobalion\n|-damage|p2a: Cobalion|129/270\n|\n|upkeep\n|turn|20\n|\n|t:|1769458241\n|move|p2a: Cobalion|Iron Head|p1a: Mawile\n|-damage|p1a: Mawile|0 fnt\n|faint|p1a: Mawile\n|detailschange|p1: Mawile|Mawile, L78, F|[silent]\n|\n|upkeep\n|\n|t:|1769458245\n|switch|p1a: Dragonite|Dragonite, L72, M|250/250\n|turn|21\n|\n|t:|1769458251\n|switch|p2a: Umbreon|Umbreon, L84, F|297/297\n|move|p1a: Dragonite|Dragon Dance|p1a: Dragonite\n|-boost|p1a: Dragonite|atk|1\n|-boost|p1a: Dragonite|spe|1\n|\n|upkeep\n|turn|22\n|\n|t:|1769458262\n|-zpower|p1a: Dragonite\n|move|p1a: Dragonite|Supersonic Skystrike|p2a: Umbreon|[zeffect]\n|-damage|p2a: Umbreon|65/297\n|move|p2a: Umbreon|Toxic|p1a: Dragonite|[miss]\n|-miss|p2a: Umbreon|p1a: Dragonite\n|\n|-heal|p2a: Umbreon|83/297|[from] item: Leftovers\n|upkeep\n|turn|23\n|\n|t:|1769458271\n|move|p1a: Dragonite|Earthquake|p2a: Umbreon\n|-damage|p2a: Umbreon|2/297\n|move|p2a: Umbreon|Foul Play|p1a: Dragonite\n|-damage|p1a: Dragonite|151/250\n|\n|-heal|p2a: Umbreon|20/297|[from] item: Leftovers\n|upkeep\n|turn|24\n|\n|t:|1769458277\n|move|p2a: Umbreon|Protect|p2a: Umbreon\n|-singleturn|p2a: Umbreon|Protect\n|move|p1a: Dragonite|Earthquake|p2a: Umbreon\n|-activate|p2a: Umbreon|move: Protect\n|\n|-heal|p2a: Umbreon|38/297|[from] item: Leftovers\n|upkeep\n|turn|25\n|\n|t:|1769458282\n|move|p1a: Dragonite|Earthquake|p2a: Umbreon\n|-damage|p2a: Umbreon|0 fnt\n|faint|p2a: Umbreon\n|\n|upkeep\n|\n|t:|1769458291\n|switch|p2a: Skuntank|Skuntank, L87, M|233/321\n|turn|26\n|\n|t:|1769458295\n|move|p1a: Dragonite|Earthquake|p2a: Skuntank\n|-supereffective|p2a: Skuntank\n|-damage|p2a: Skuntank|0 fnt\n|faint|p2a: Skuntank\n|\n|upkeep\n|\n|t:|1769458299\n|switch|p2a: Musharna|Musharna, L89, M|351/351\n|turn|27\n|\n|t:|1769458303\n|move|p1a: Dragonite|Dragon Dance|p1a: Dragonite\n|-boost|p1a: Dragonite|atk|1\n|-boost|p1a: Dragonite|spe|1\n|move|p2a: Musharna|Psychic|p1a: Dragonite\n|-damage|p1a: Dragonite|22/250\n|\n|upkeep\n|turn|28\n|\n|t:|1769458305\n|move|p1a: Dragonite|Outrage|p2a: Musharna\n|-damage|p2a: Musharna|123/351\n|move|p2a: Musharna|Psychic|p1a: Dragonite\n|-damage|p1a: Dragonite|0 fnt\n|faint|p1a: Dragonite\n|\n|-heal|p2a: Musharna|144/351|[from] item: Leftovers\n|upkeep\n|\n|t:|1769458310\n|switch|p1a: Simipour|Simipour, L88, F|275/275\n|turn|29\n|\n|t:|1769458314\n|move|p1a: Simipour|Nasty Plot|p1a: Simipour\n|-boost|p1a: Simipour|spa|2\n|move|p2a: Musharna|Psychic|p1a: Simipour\n|-damage|p1a: Simipour|127/275\n|\n|-heal|p1a: Simipour|144/275|[from] item: Leftovers\n|-heal|p2a: Musharna|165/351|[from] item: Leftovers\n|upkeep\n|turn|30\n|\n|t:|1769458317\n|move|p1a: Simipour|Hydro Pump|p2a: Musharna|[miss]\n|-miss|p1a: Simipour|p2a: Musharna\n|move|p2a: Musharna|Psychic|p1a: Simipour\n|-damage|p1a: Simipour|17/275\n|\n|-heal|p1a: Simipour|34/275|[from] item: Leftovers\n|-heal|p2a: Musharna|186/351|[from] item: Leftovers\n|upkeep\n|turn|31\n|\n|t:|1769458324\n|move|p1a: Simipour|Hydro Pump|p2a: Musharna|[miss]\n|-miss|p1a: Simipour|p2a: Musharna\n|move|p2a: Musharna|Psychic|p1a: Simipour\n|-damage|p1a: Simipour|0 fnt\n|faint|p1a: Simipour\n|\n|-heal|p2a: Musharna|207/351|[from] item: Leftovers\n|upkeep\n|\n|t:|1769458326\n|switch|p1a: Mr. Mime|Mr. Mime, L90, M|218/218\n|turn|32\n|\n|t:|1769458331\n|move|p1a: Mr. Mime|Shadow Ball|p2a: Musharna\n|-supereffective|p2a: Musharna\n|-damage|p2a: Musharna|89/351\n|move|p2a: Musharna|Moonlight|p2a: Musharna\n|-heal|p2a: Musharna|264/351\n|\n|-heal|p2a: Musharna|285/351|[from] item: Leftovers\n|upkeep\n|turn|33\n|\n|t:|1769458337\n|move|p1a: Mr. Mime|Shadow Ball|p2a: Musharna\n|-supereffective|p2a: Musharna\n|-damage|p2a: Musharna|175/351\n|move|p2a: Musharna|Signal Beam|p1a: Mr. Mime\n|-damage|p1a: Mr. Mime|166/218\n|\n|-heal|p2a: Musharna|196/351|[from] item: Leftovers\n|upkeep\n|turn|34\n|\n|t:|1769458342\n|move|p1a: Mr. Mime|Shadow Ball|p2a: Musharna\n|-supereffective|p2a: Musharna\n|-damage|p2a: Musharna|82/351\n|move|p2a: Musharna|Moonlight|p2a: Musharna\n|-heal|p2a: Musharna|257/351\n|\n|-heal|p2a: Musharna|278/351|[from] item: Leftovers\n|upkeep\n|turn|35\n|\n|t:|1769458346\n|move|p1a: Mr. Mime|Shadow Ball|p2a: Musharna\n|-supereffective|p2a: Musharna\n|-damage|p2a: Musharna|156/351\n|move|p2a: Musharna|Signal Beam|p1a: Mr. Mime\n|-damage|p1a: Mr. Mime|114/218\n|\n|-heal|p2a: Musharna|177/351|[from] item: Leftovers\n|upkeep\n|turn|36\n|\n|t:|1769458350\n|move|p1a: Mr. Mime|Shadow Ball|p2a: Musharna\n|-supereffective|p2a: Musharna\n|-damage|p2a: Musharna|55/351\n|move|p2a: Musharna|Moonlight|p2a: Musharna\n|-heal|p2a: Musharna|230/351\n|\n|-heal|p2a: Musharna|251/351|[from] item: Leftovers\n|upkeep\n|turn|37\n|\n|t:|1769458355\n|move|p1a: Mr. Mime|Shadow Ball|p2a: Musharna\n|-supereffective|p2a: Musharna\n|-damage|p2a: Musharna|121/351\n|move|p2a: Musharna|Moonlight|p2a: Musharna\n|-heal|p2a: Musharna|296/351\n|\n|-heal|p2a: Musharna|317/351|[from] item: Leftovers\n|upkeep\n|turn|38\n|\n|t:|1769458357\n|move|p1a: Mr. Mime|Shadow Ball|p2a: Musharna\n|-supereffective|p2a: Musharna\n|-damage|p2a: Musharna|189/351\n|move|p2a: Musharna|Signal Beam|p1a: Mr. Mime\n|-damage|p1a: Mr. Mime|67/218\n|\n|-heal|p2a: Musharna|210/351|[from] item: Leftovers\n|upkeep\n|turn|39\n|\n|t:|1769458360\n|move|p1a: Mr. Mime|Shadow Ball|p2a: Musharna\n|-supereffective|p2a: Musharna\n|-damage|p2a: Musharna|86/351\n|move|p2a: Musharna|Moonlight|p2a: Musharna\n|-heal|p2a: Musharna|261/351\n|\n|-heal|p2a: Musharna|282/351|[from] item: Leftovers\n|upkeep\n|turn|40\n|\n|t:|1769458361\n|move|p1a: Mr. Mime|Shadow Ball|p2a: Musharna\n|-supereffective|p2a: Musharna\n|-crit|p2a: Musharna\n|-damage|p2a: Musharna|88/351\n|move|p2a: Musharna|Signal Beam|p1a: Mr. Mime\n|-damage|p1a: Mr. Mime|23/218\n|\n|-heal|p2a: Musharna|109/351|[from] item: Leftovers\n|upkeep\n|turn|41\n|\n|t:|1769458371\n|switch|p2a: Magearna|Magearna, L77|34/250\n|move|p1a: Mr. Mime|Shadow Ball|p2a: Magearna\n|-damage|p2a: Magearna|0 fnt\n|faint|p2a: Magearna\n|\n|upkeep\n|\n|t:|1769458372\n|switch|p2a: Cobalion|Cobalion, L78|129/270\n|turn|42\n|\n|t:|1769458380\n|move|p1a: Mr. Mime|Shadow Ball|p2a: Cobalion\n|-damage|p2a: Cobalion|44/270\n|move|p2a: Cobalion|Iron Head|p1a: Mr. Mime\n|-supereffective|p1a: Mr. Mime\n|-damage|p1a: Mr. Mime|0 fnt\n|faint|p1a: Mr. Mime\n|\n|upkeep\n|\n|t:|1769458383\n|switch|p1a: Registeel|Registeel, L83|268/268 slp\n|turn|43\n|\n|t:|1769458388\n|move|p2a: Cobalion|Swords Dance|p2a: Cobalion\n|-boost|p2a: Cobalion|atk|2\n|cant|p1a: Registeel|slp\n|move|p1a: Registeel|Sleep Talk|p1a: Registeel\n|move|p1a: Registeel|Toxic|p2a: Cobalion|[from] move: Sleep Talk\n|-immune|p2a: Cobalion\n|\n|upkeep\n|turn|44\n|\n|t:|1769458391\n|move|p2a: Cobalion|Close Combat|p1a: Registeel\n|-supereffective|p1a: Registeel\n|-damage|p1a: Registeel|0 fnt\n|-unboost|p2a: Cobalion|def|1\n|-unboost|p2a: Cobalion|spd|1\n|faint|p1a: Registeel\n|\n|win|Skellidude\n|raw|Shabbeaugosse's rating: 1656 &rarr; <strong>1633</strong><br />(-23 for losing)\n|raw|Skellidude's rating: 1607 &rarr; <strong>1630</strong><br />(+23 for winning)\n|l|☆Shabbeaugosse\n|player|p1|\n", "inputlog": ">version b99ff0165a6231f17e8b78c2a78d1998375de664\n>start {\"formatid\":\"gen7randombattle\",\"seed\":\"sodium,a2fd041fe6efd3702491b103935d5e36\",\"rated\":\"Rated battle\"}\n>player p1 {\"name\":\"Shabbeaugosse\",\"avatar\":\"266\",\"rating\":1656,\"seed\":\"sodium,b313a532853f68bbc785753c69239a9f\"}\n>player p2 {\"name\":\"Skellidude\",\"avatar\":\"cynthia-gen4\",\"rating\":1607,\"seed\":\"sodium,c8c6f29fd216a6cb1a173f681807acb0\"}\n>p1 move toxic\n>p2 move scald\n>p1 move seismictoss\n>p2 move scald\n>p1 move rest\n>p2 switch 4\n>p1 move sleeptalk\n>p2 move aurasphere\n>p1 move sleeptalk\n>p2 move aurasphere\n>p1 move rest\n>p2 move aurasphere\n>p1 move sleeptalk\n>p2 switch 6\n>p1 switch 2\n>p2 move swordsdance\n>p1 switch 6\n>p2 switch 5\n>p1 switch 5\n>p2 move toxic\n>p1 move playrough mega\n>p2 switch 6\n>p1 move ironhead\n>p2 move aurasphere\n>p1 switch 6\n>p2 switch 3\n>p1 move steameruption\n>p2 move poisonjab\n>p1 move fireblast\n>p2 move poisonjab\n>p1 move toxic\n>p2 move poisonjab\n>p1 move steameruption\n>p2 move suckerpunch\n>p1 switch 6\n>p1 move playrough\n>p2 switch 4\n>p2 switch 5\n>p1 move playrough\n>p2 move ironhead zmove\n>p1 move playrough\n>p2 move ironhead\n>p1 switch 5\n>p1 move dragondance\n>p2 switch 6\n>p1 move fly zmove\n>p2 move toxic\n>p1 move earthquake\n>p2 move foulplay\n>p1 move earthquake\n>p2 move protect\n>p1 move earthquake\n>p2 move wish\n>p2 switch 4\n>p1 move earthquake\n>p2 move poisonjab\n>p2 switch 2\n>p1 move dragondance\n>p2 move psychic\n>p1 move outrage\n>p2 move psychic\n>p1 switch 3\n>p1 move nastyplot\n>p2 move psychic\n>p1 move hydropump\n>p2 move psychic\n>p1 move hydropump\n>p2 move psychic\n>p1 switch 4\n>p1 move shadowball\n>p2 move moonlight\n>p1 move shadowball\n>p2 move signalbeam\n>p1 move shadowball\n>p2 move moonlight\n>p1 move shadowball\n>p2 move signalbeam\n>p1 move shadowball\n>p2 move moonlight\n>p1 move shadowball\n>p2 move moonlight\n>p1 move shadowball\n>p2 move signalbeam\n>p1 move shadowball\n>p2 move moonlight\n>p1 move shadowball\n>p2 move signalbeam\n>p1 move shadowball\n>p2 switch 3\n>p2 switch 6\n>p1 move shadowball\n>p2 move ironhead\n>p1 switch 2\n>p1 move sleeptalk\n>p2 move swordsdance\n>p1 move seismictoss\n>p2 move closecombat", "uploadtime": 1769458401, "views": 200, "formatid": "gen7randombattle", "rating": 1630, "private": 0, "password": null}