{"id": "gen7randombattle-2533877003", "format": "[Gen 7] Random Battle", "players": ["sideslant", "Defeat Brawler"], "log": "|j|☆sideslant\n|j|☆Defeat Brawler\n|t:|1770352961\n|gametype|singles\n|player|p1|sideslant|102|1644\n|player|p2|Defeat Brawler|molayne|1616\n|gen|7\n|tier|[Gen 7] Random Battle\n|rated|\n|rule|Sleep Clause Mod: Limit one foe put to sleep\n|rule|HP Percentage Mod: HP is shown in percentages\n|rule|Illusion Level Mod: Illusion disguises the Pokémon's true level\n|\n|t:|1770352961\n|teamsize|p1|6\n|teamsize|p2|6\n|start\n|switch|p1a: Pyukumuku|Pyukumuku, L92, F|251/251\n|switch|p2a: Pelipper|Pelipper, L87, F|246/246\n|-weather|RainDance|[from] ability: Drizzle|[of] p2a: Pelipper\n|turn|1\n|inactive|Battle timer is ON: inactive players will automatically lose when time's up. (requested by Defeat Brawler)\n|inactive|Defeat Brawler has 120 seconds left.\n|inactive|Defeat Brawler has 90 seconds left.\n|\n|t:|1770353030\n|switch|p2a: Magnezone|Magnezone, L84|255/255\n|move|p1a: Pyukumuku|Toxic|p2a: Magnezone\n|-immune|p2a: Magnezone\n|\n|-weather|RainDance|[upkeep]\n|upkeep\n|turn|2\n|\n|t:|1770353039\n|switch|p1a: Cherrim|Cherrim, L99, F|299/299\n|move|p2a: Magnezone|Toxic|p1a: Cherrim\n|-status|p1a: Cherrim|tox\n|\n|-weather|RainDance|[upkeep]\n|-damage|p1a: Cherrim|281/299 tox|[from] psn\n|upkeep\n|turn|3\n|\n|t:|1770353045\n|move|p2a: Magnezone|Protect|p2a: Magnezone\n|-singleturn|p2a: Magnezone|Protect\n|move|p1a: Cherrim|Leech Seed|p2a: Magnezone\n|-activate|p2a: Magnezone|move: Protect\n|\n|-weather|RainDance|[upkeep]\n|-heal|p1a: Cherrim|299/299 tox|[from] item: Leftovers\n|-damage|p1a: Cherrim|263/299 tox|[from] psn\n|upkeep\n|turn|4\n|\n|t:|1770353050\n|switch|p1a: Minun|Minun, L95, F|268/268\n|move|p2a: Magnezone|Flash Cannon|p1a: Minun\n|-resisted|p1a: Minun\n|-damage|p1a: Minun|202/268\n|\n|-weather|RainDance|[upkeep]\n|-heal|p1a: Minun|218/268|[from] item: Leftovers\n|upkeep\n|turn|5\n|\n|t:|1770353055\n|move|p1a: Minun|Encore|p2a: Magnezone\n|-start|p2a: Magnezone|Encore\n|move|p2a: Magnezone|Flash Cannon|p1a: Minun\n|-resisted|p1a: Minun\n|-damage|p1a: Minun|155/268\n|\n|-weather|none\n|-heal|p1a: Minun|171/268|[from] item: Leftovers\n|upkeep\n|turn|6\n|\n|t:|1770353067\n|switch|p2a: Sceptile|Sceptile, L82, F|249/249\n|move|p1a: Minun|Nasty Plot|p1a: Minun\n|-boost|p1a: Minun|spa|2\n|\n|-heal|p1a: Minun|187/268|[from] item: Leftovers\n|upkeep\n|turn|7\n|\n|t:|1770353074\n|switch|p1a: Sigilyph|Sigilyph, L85, M|261/261\n|detailschange|p2a: Sceptile|Sceptile-Mega, L82, F\n|-mega|p2a: Sceptile|Sceptile|Sceptilite\n|move|p2a: Sceptile|Earthquake|p1a: Sigilyph\n|-immune|p1a: Sigilyph\n|\n|upkeep\n|turn|8\n|\n|t:|1770353088\n|switch|p2a: Magnezone|Magnezone, L84|255/255\n|move|p1a: Sigilyph|Air Slash|p2a: Magnezone\n|-resisted|p2a: Magnezone\n|-damage|p2a: Magnezone|228/255\n|\n|-heal|p2a: Magnezone|243/255|[from] item: Leftovers\n|upkeep\n|turn|9\n|\n|t:|1770353095\n|switch|p1a: Cherrim|Cherrim, L99, F|263/299 tox\n|move|p2a: Magnezone|Flash Cannon|p1a: Cherrim\n|-damage|p1a: Cherrim|133/299 tox\n|\n|-heal|p1a: Cherrim|151/299 tox|[from] item: Leftovers\n|-heal|p2a: Magnezone|255/255|[from] item: Leftovers\n|-damage|p1a: Cherrim|133/299 tox|[from] psn\n|upkeep\n|turn|10\n|\n|t:|1770353099\n|move|p1a: Cherrim|Morning Sun|p1a: Cherrim\n|-heal|p1a: Cherrim|282/299 tox\n|move|p2a: Magnezone|Flash Cannon|p1a: Cherrim\n|-damage|p1a: Cherrim|155/299 tox\n|\n|-heal|p1a: Cherrim|173/299 tox|[from] item: Leftovers\n|-damage|p1a: Cherrim|137/299 tox|[from] psn\n|upkeep\n|turn|11\n|\n|t:|1770353104\n|move|p1a: Cherrim|Leech Seed|p2a: Magnezone\n|-start|p2a: Magnezone|move: Leech Seed\n|move|p2a: Magnezone|Flash Cannon|p1a: Cherrim\n|-damage|p1a: Cherrim|16/299 tox\n|\n|-heal|p1a: Cherrim|34/299 tox|[from] item: Leftovers\n|-damage|p2a: Magnezone|224/255|[from] Leech Seed|[of] p1a: Cherrim\n|-heal|p1a: Cherrim|65/299 tox|[silent]\n|-damage|p1a: Cherrim|11/299 tox|[from] psn\n|upkeep\n|turn|12\n|\n|t:|1770353118\n|move|p2a: Magnezone|Protect|p2a: Magnezone\n|-singleturn|p2a: Magnezone|Protect\n|move|p1a: Cherrim|Toxic|p2a: Magnezone\n|-activate|p2a: Magnezone|move: Protect\n|\n|-heal|p1a: Cherrim|29/299 tox|[from] item: Leftovers\n|-heal|p2a: Magnezone|239/255|[from] item: Leftovers\n|-damage|p2a: Magnezone|208/255|[from] Leech Seed|[of] p1a: Cherrim\n|-heal|p1a: Cherrim|60/299 tox|[silent]\n|-damage|p1a: Cherrim|0 fnt|[from] psn\n|faint|p1a: Cherrim\n|upkeep\n|\n|t:|1770353131\n|switch|p1a: Kyurem|Kyurem, L80|331/331\n|-ability|p1a: Kyurem|Pressure\n|turn|13\n|\n|t:|1770353135\n|move|p1a: Kyurem|Earth Power|p2a: Magnezone\n|-supereffective|p2a: Magnezone\n|-damage|p2a: Magnezone|0 fnt\n|faint|p2a: Magnezone\n|\n|upkeep\n|\n|t:|1770353142\n|switch|p2a: Lapras|Lapras, L88, F|372/372\n|turn|14\n|\n|t:|1770353153\n|switch|p1a: Pyukumuku|Pyukumuku, L92, F|251/251\n|move|p2a: Lapras|Toxic|p1a: Pyukumuku\n|-status|p1a: Pyukumuku|tox\n|\n|-damage|p1a: Pyukumuku|236/251 tox|[from] psn\n|upkeep\n|turn|15\n|\n|t:|1770353161\n|move|p2a: Lapras|Protect|p2a: Lapras\n|-singleturn|p2a: Lapras|Protect\n|move|p1a: Pyukumuku|Toxic|p2a: Lapras\n|-activate|p2a: Lapras|move: Protect\n|\n|-heal|p1a: Pyukumuku|251/251 tox|[from] item: Leftovers\n|-damage|p1a: Pyukumuku|221/251 tox|[from] psn\n|upkeep\n|turn|16\n|\n|t:|1770353168\n|move|p2a: Lapras|Freeze-Dry|p1a: Pyukumuku\n|-supereffective|p1a: Pyukumuku\n|-damage|p1a: Pyukumuku|117/251 tox\n|move|p1a: Pyukumuku|Toxic|p2a: Lapras\n|-status|p2a: Lapras|tox\n|\n|-heal|p1a: Pyukumuku|132/251 tox|[from] item: Leftovers\n|-damage|p2a: Lapras|349/372 tox|[from] psn\n|-damage|p1a: Pyukumuku|87/251 tox|[from] psn\n|upkeep\n|turn|17\n|\n|t:|1770353174\n|switch|p1a: Kyurem|Kyurem, L80|331/331\n|-ability|p1a: Kyurem|Pressure\n|move|p2a: Lapras|Toxic|p1a: Kyurem\n|-status|p1a: Kyurem|tox\n|\n|-heal|p2a: Lapras|372/372 tox|[from] item: Leftovers\n|-damage|p1a: Kyurem|311/331 tox|[from] psn\n|-damage|p2a: Lapras|326/372 tox|[from] psn\n|upkeep\n|turn|18\n|\n|t:|1770353187\n|move|p1a: Kyurem|Outrage|p2a: Lapras\n|-damage|p2a: Lapras|173/372 tox\n|move|p2a: Lapras|Freeze-Dry|p1a: Kyurem\n|-damage|p1a: Kyurem|233/331 tox\n|\n|-heal|p1a: Kyurem|253/331 tox|[from] item: Leftovers\n|-heal|p2a: Lapras|196/372 tox|[from] item: Leftovers\n|-damage|p1a: Kyurem|213/331 tox|[from] psn\n|-damage|p2a: Lapras|127/372 tox|[from] psn\n|upkeep\n|turn|19\n|\n|t:|1770353190\n|move|p2a: Lapras|Protect|p2a: Lapras\n|-singleturn|p2a: Lapras|Protect\n|move|p1a: Kyurem|Outrage|p2a: Lapras|[from] lockedmove\n|-activate|p2a: Lapras|move: Protect\n|-start|p1a: Kyurem|confusion|[fatigue]\n|\n|-heal|p1a: Kyurem|233/331 tox|[from] item: Leftovers\n|-heal|p2a: Lapras|150/372 tox|[from] item: Leftovers\n|-damage|p1a: Kyurem|173/331 tox|[from] psn\n|-damage|p2a: Lapras|58/372 tox|[from] psn\n|upkeep\n|turn|20\n|\n|t:|1770353197\n|switch|p1a: Pyukumuku|Pyukumuku, L92, F|87/251 tox\n|move|p2a: Lapras|Freeze-Dry|p1a: Pyukumuku\n|-supereffective|p1a: Pyukumuku\n|-damage|p1a: Pyukumuku|0 fnt\n|faint|p1a: Pyukumuku\n|\n|-heal|p2a: Lapras|81/372 tox|[from] item: Leftovers\n|-damage|p2a: Lapras|0 fnt|[from] psn\n|faint|p2a: Lapras\n|upkeep\n|l|☆Defeat Brawler\n|inactive|Defeat Brawler disconnected and has a minute to reconnect!\n|player|p2|\n|j|☆Defeat Brawler\n|inactive|Defeat Brawler reconnected and has 135 seconds left.\n|player|p2|Defeat Brawler|molayne|\n|l|☆Defeat Brawler\n|inactive|Defeat Brawler disconnected and has a minute to reconnect!\n|player|p2|\n|j|☆Defeat Brawler\n|inactive|Defeat Brawler reconnected and has 115 seconds left.\n|player|p2|Defeat Brawler|molayne|\n|\n|t:|1770353240\n|switch|p2a: Azelf|Azelf, L82|257/257\n|switch|p1a: Sigilyph|Sigilyph, L85, M|261/261\n|turn|21\n|inactive|Defeat Brawler has 120 seconds left.\n|\n|t:|1770353252\n|move|p2a: Azelf|U-turn|p1a: Sigilyph\n|-damage|p1a: Sigilyph|203/261\n|inactive|Defeat Brawler has 120 seconds left.\n|\n|t:|1770353258\n|switch|p2a: Pelipper|Pelipper, L87, F|246/246|[from] U-turn\n|-weather|RainDance|[from] ability: Drizzle|[of] p2a: Pelipper\n|move|p1a: Sigilyph|Cosmic Power|p1a: Sigilyph\n|-boost|p1a: Sigilyph|def|1\n|-boost|p1a: Sigilyph|spd|1\n|\n|-weather|RainDance|[upkeep]\n|upkeep\n|turn|22\n|\n|t:|1770353264\n|move|p1a: Sigilyph|Cosmic Power|p1a: Sigilyph\n|-boost|p1a: Sigilyph|def|1\n|-boost|p1a: Sigilyph|spd|1\n|move|p2a: Pelipper|Hurricane|p1a: Sigilyph\n|-damage|p1a: Sigilyph|104/261\n|-start|p1a: Sigilyph|confusion\n|\n|-weather|RainDance|[upkeep]\n|upkeep\n|turn|23\n|\n|t:|1770353266\n|-activate|p1a: Sigilyph|confusion\n|move|p1a: Sigilyph|Roost|p1a: Sigilyph\n|-heal|p1a: Sigilyph|235/261\n|-singleturn|p1a: Sigilyph|move: Roost\n|move|p2a: Pelipper|Hurricane|p1a: Sigilyph\n|-damage|p1a: Sigilyph|133/261\n|\n|-weather|RainDance|[upkeep]\n|upkeep\n|turn|24\n|\n|t:|1770353270\n|-activate|p1a: Sigilyph|confusion\n|move|p1a: Sigilyph|Roost|p1a: Sigilyph\n|-heal|p1a: Sigilyph|261/261\n|-singleturn|p1a: Sigilyph|move: Roost\n|move|p2a: Pelipper|Hurricane|p1a: Sigilyph\n|-damage|p1a: Sigilyph|156/261\n|\n|-weather|RainDance|[upkeep]\n|upkeep\n|turn|25\n|\n|t:|1770353279\n|-end|p1a: Sigilyph|confusion\n|move|p1a: Sigilyph|Roost|p1a: Sigilyph\n|-heal|p1a: Sigilyph|261/261\n|-singleturn|p1a: Sigilyph|move: Roost\n|move|p2a: Pelipper|Hurricane|p1a: Sigilyph\n|-damage|p1a: Sigilyph|164/261\n|\n|-weather|none\n|upkeep\n|turn|26\n|\n|t:|1770353282\n|switch|p2a: Azelf|Azelf, L82|257/257\n|move|p1a: Sigilyph|Roost|p1a: Sigilyph\n|-heal|p1a: Sigilyph|261/261\n|-singleturn|p1a: Sigilyph|move: Roost\n|\n|upkeep\n|turn|27\n|\n|t:|1770353287\n|move|p2a: Azelf|Explosion|p1a: Sigilyph\n|-crit|p1a: Sigilyph\n|-damage|p1a: Sigilyph|0 fnt\n|faint|p2a: Azelf\n|faint|p1a: Sigilyph\n|\n|upkeep\n|c|☆sideslant|:O\n|c|☆Defeat Brawler|Oooo\n|\n|t:|1770353298\n|switch|p2a: Tsareena|Tsareena, L87, F|267/267\n|switch|p1a: Minun|Minun, L95, F|187/268\n|turn|28\n|\n|t:|1770353306\n|move|p1a: Minun|Hidden Power|p2a: Tsareena\n|-supereffective|p2a: Tsareena\n|-damage|p2a: Tsareena|191/267\n|move|p2a: Tsareena|Power Whip|p1a: Minun\n|-crit|p1a: Minun\n|-damage|p1a: Minun|0 fnt\n|faint|p1a: Minun\n|\n|-heal|p2a: Tsareena|207/267|[from] item: Leftovers\n|upkeep\n|\n|t:|1770353311\n|switch|p1a: Scrafty|Scrafty, L84, F|246/246\n|-ability|p1a: Scrafty|Intimidate|boost\n|-unboost|p2a: Tsareena|atk|1\n|turn|29\n|\n|t:|1770353314\n|move|p2a: Tsareena|U-turn|p1a: Scrafty\n|-damage|p1a: Scrafty|213/246\n|\n|t:|1770353317\n|switch|p2a: Pelipper|Pelipper, L87, F|246/246|[from] U-turn\n|-weather|RainDance|[from] ability: Drizzle|[of] p2a: Pelipper\n|move|p1a: Scrafty|Dragon Dance|p1a: Scrafty\n|-boost|p1a: Scrafty|atk|1\n|-boost|p1a: Scrafty|spe|1\n|\n|-weather|RainDance|[upkeep]\n|-heal|p1a: Scrafty|228/246|[from] item: Leftovers\n|upkeep\n|turn|30\n|\n|t:|1770353324\n|move|p1a: Scrafty|Knock Off|p2a: Pelipper\n|-damage|p2a: Pelipper|113/246\n|-enditem|p2a: Pelipper|Choice Specs|[from] move: Knock Off|[of] p1a: Scrafty\n|move|p2a: Pelipper|Hurricane|p1a: Scrafty\n|-supereffective|p1a: Scrafty\n|-crit|p1a: Scrafty\n|-damage|p1a: Scrafty|0 fnt\n|faint|p1a: Scrafty\n|\n|-weather|RainDance|[upkeep]\n|upkeep\n|c|☆sideslant|:O\n|\n|t:|1770353333\n|switch|p1a: Kyurem|Kyurem, L80|173/331 tox\n|-ability|p1a: Kyurem|Pressure\n|turn|31\n|\n|t:|1770353336\n|move|p1a: Kyurem|Ice Beam|p2a: Pelipper\n|-damage|p2a: Pelipper|0 fnt\n|faint|p2a: Pelipper\n|\n|-weather|RainDance|[upkeep]\n|-heal|p1a: Kyurem|193/331 tox|[from] item: Leftovers\n|-damage|p1a: Kyurem|173/331 tox|[from] psn\n|upkeep\n|\n|t:|1770353340\n|switch|p2a: Tsareena|Tsareena, L87, F|207/267\n|turn|32\n|\n|t:|1770353344\n|move|p1a: Kyurem|Ice Beam|p2a: Tsareena\n|-supereffective|p2a: Tsareena\n|-damage|p2a: Tsareena|21/267\n|move|p2a: Tsareena|High Jump Kick|p1a: Kyurem|[miss]\n|-miss|p2a: Tsareena|p1a: Kyurem\n|-damage|p2a: Tsareena|0 fnt|[from] highjumpkick\n|faint|p2a: Tsareena\n|\n|-weather|RainDance|[upkeep]\n|-heal|p1a: Kyurem|193/331 tox|[from] item: Leftovers\n|-damage|p1a: Kyurem|153/331 tox|[from] psn\n|upkeep\n|\n|t:|1770353348\n|switch|p2a: Sceptile|Sceptile-Mega, L82, F|249/249\n|turn|33\n|\n|t:|1770353352\n|move|p2a: Sceptile|Substitute|p2a: Sceptile\n|-start|p2a: Sceptile|Substitute\n|-damage|p2a: Sceptile|187/249\n|move|p1a: Kyurem|Ice Beam|p2a: Sceptile\n|-supereffective|p2a: Sceptile\n|-end|p2a: Sceptile|Substitute\n|\n|-weather|none\n|-heal|p1a: Kyurem|173/331 tox|[from] item: Leftovers\n|-damage|p1a: Kyurem|113/331 tox|[from] psn\n|upkeep\n|turn|34\n|\n|t:|1770353357\n|move|p2a: Sceptile|Dragon Pulse|p1a: Kyurem\n|-supereffective|p1a: Kyurem\n|-damage|p1a: Kyurem|0 fnt\n|faint|p1a: Kyurem\n|\n|win|Defeat Brawler\n|raw|sideslant's rating: 1644 &rarr; <strong>1622</strong><br />(-22 for losing)\n|raw|Defeat Brawler's rating: 1616 &rarr; <strong>1638</strong><br />(+22 for winning)\n|l|☆sideslant\n|player|p1|\n", "inputlog": ">version ccdc32dd7cde25fd9e4bed64820e885f66e78a4e\n>start {\"formatid\":\"gen7randombattle\",\"seed\":\"sodium,8112b54d86fd01fcf0fd1a828ac434eb\",\"rated\":\"Rated battle\"}\n>player p1 {\"name\":\"sideslant\",\"avatar\":\"102\",\"rating\":1644,\"seed\":\"sodium,21e8ac711c14b79c962d2382a8e110ea\"}\n>player p2 {\"name\":\"Defeat Brawler\",\"avatar\":\"molayne\",\"rating\":1616,\"seed\":\"sodium,616520d531c88b2cf7a35d3ea07f8bf3\"}\n>p1 move toxic\n>p2 switch 5\n>p1 switch 5\n>p2 move toxic\n>p1 move leechseed\n>p2 move protect\n>p1 switch 3\n>p2 move flashcannon\n>p1 move encore\n>p2 move toxic\n>p1 move nastyplot\n>p2 switch 3\n>p1 switch 6\n>p2 move earthquake mega\n>p1 move airslash\n>p2 switch 3\n>p1 switch 3\n>p2 move flashcannon\n>p1 move morningsun\n>p2 move flashcannon\n>p1 move leechseed\n>p2 move flashcannon\n>p1 move toxic\n>p2 move protect\n>p1 switch 4\n>p1 move earthpower\n>p2 move flashcannon\n>p2 switch 2\n>p1 switch 5\n>p2 move toxic\n>p1 move toxic\n>p2 move protect\n>p1 move toxic\n>p2 move freezedry\n>p1 switch 5\n>p2 move toxic\n>p1 move outrage\n>p2 move freezedry\n>p1 move outrage\n>p2 move protect\n>p1 switch 5\n>p2 move freezedry\n>p1 switch 3\n>p2 switch 6\n>p1 move cosmicpower\n>p2 move uturn\n>p2 switch 5\n>p1 move cosmicpower\n>p2 move hurricane\n>p1 move roost\n>p2 move hurricane\n>p1 move roost\n>p2 move hurricane\n>p1 move roost\n>p2 move hurricane\n>p1 move roost\n>p2 switch 5\n>p1 move cosmicpower\n>p2 move explosion\n>chat ☆sideslant|:O\n>chat ☆Defeat Brawler|Oooo\n>p1 switch 6\n>p2 switch 4\n>p1 move hiddenpower\n>p2 move powerwhip\n>p1 switch 2\n>p1 move dragondance\n>p2 move uturn\n>p2 switch 5\n>p1 move knockoff\n>p2 move hurricane\n>chat ☆sideslant|:O\n>p1 switch 5\n>p1 move icebeam\n>p2 move hurricane\n>p2 switch 5\n>p1 move icebeam\n>p2 move highjumpkick\n>p2 switch 3\n>p1 move icebeam\n>p2 move substitute\n>p1 move icebeam\n>p2 move dragonpulse", "uploadtime": 1770353366, "views": 202, "formatid": "gen7randombattle", "rating": 1622, "private": 0, "password": null}