{"id": "gen7randombattle-2539935434", "format": "[Gen 7] Random Battle", "players": ["TheeSalesman", "bin2409"], "log": "|badge|p1|bronze|gen9randombattle|100-8\n|uhtml|medal-msg|<div class=\"broadcast-blue\">Curious what those medals under the avatar are? PS now has Ladder Seasons! For more information, check out the <a href=\"https://www.smogon.com/forums/threads/3740067/\">thread on Smogon.</a></div>\n|j|☆TheeSalesman\n|j|☆bin2409\n|t:|1771129641\n|gametype|singles\n|player|p1|TheeSalesman|clerk|1682\n|player|p2|bin2409|lucas|1870\n|gen|7\n|tier|[Gen 7] Random Battle\n|rated|\n|rule|Sleep Clause Mod: Limit one foe put to sleep\n|rule|HP Percentage Mod: HP is shown in percentages\n|rule|Illusion Level Mod: Illusion disguises the Pokémon's true level\n|\n|t:|1771129641\n|teamsize|p1|6\n|teamsize|p2|6\n|start\n|switch|p1a: Hitmonlee|Hitmonlee, L86, M|225/225\n|switch|p2a: Bronzong|Bronzong, L86|255/255\n|turn|1\n|inactive|Battle timer is ON: inactive players will automatically lose when time's up. (requested by TheeSalesman)\n|inactive|bin2409 has 120 seconds left.\n|\n|t:|1771129675\n|move|p1a: Hitmonlee|High Jump Kick|p2a: Bronzong\n|-damage|p2a: Bronzong|0 fnt\n|faint|p2a: Bronzong\n|\n|upkeep\n|\n|t:|1771129692\n|switch|p2a: Stantler|Stantler, L92, M|284/284\n|-ability|p2a: Stantler|Intimidate|boost\n|-unboost|p1a: Hitmonlee|atk|1\n|turn|2\n|\n|t:|1771129716\n|switch|p1a: Carbink|Carbink, L92|241/241\n|move|p2a: Stantler|Double-Edge|p1a: Carbink\n|-resisted|p1a: Carbink\n|-damage|p1a: Carbink|186/241\n|-damage|p2a: Stantler|266/284|[from] Recoil\n|-damage|p2a: Stantler|238/284|[from] item: Life Orb\n|\n|upkeep\n|turn|3\n|\n|t:|1771129730\n|move|p2a: Stantler|Earthquake|p1a: Carbink\n|-supereffective|p1a: Carbink\n|-damage|p1a: Carbink|66/241\n|-damage|p2a: Stantler|210/284|[from] item: Life Orb\n|move|p1a: Carbink|Reflect|p1a: Carbink\n|-sidestart|p1: TheeSalesman|Reflect\n|\n|upkeep\n|turn|4\n|\n|t:|1771129740\n|move|p2a: Stantler|Earthquake|p1a: Carbink\n|-supereffective|p1a: Carbink\n|-damage|p1a: Carbink|8/241\n|-damage|p2a: Stantler|182/284|[from] item: Life Orb\n|move|p1a: Carbink|Light Screen|p1a: Carbink\n|-sidestart|p1: TheeSalesman|move: Light Screen\n|\n|upkeep\n|turn|5\n|\n|t:|1771129748\n|move|p2a: Stantler|Earthquake|p1a: Carbink\n|-supereffective|p1a: Carbink\n|-damage|p1a: Carbink|0 fnt\n|faint|p1a: Carbink\n|-damage|p2a: Stantler|154/284|[from] item: Life Orb\n|\n|upkeep\n|\n|t:|1771129753\n|switch|p1a: Azelf|Azelf, L82|257/257\n|turn|6\n|\n|t:|1771129764\n|move|p1a: Azelf|Stealth Rock|p2a: Stantler\n|-sidestart|p2: bin2409|move: Stealth Rock\n|move|p2a: Stantler|Thunder Wave|p1a: Azelf\n|-status|p1a: Azelf|par\n|\n|upkeep\n|turn|7\n|\n|t:|1771129771\n|switch|p2a: Umbreon|Umbreon, L84, F|297/297\n|-damage|p2a: Umbreon|260/297|[from] Stealth Rock\n|cant|p1a: Azelf|par\n|\n|-heal|p2a: Umbreon|278/297|[from] item: Leftovers\n|upkeep\n|turn|8\n|\n|t:|1771129778\n|move|p2a: Umbreon|Foul Play|p1a: Azelf\n|-supereffective|p1a: Azelf\n|-damage|p1a: Azelf|116/257 par\n|move|p1a: Azelf|U-turn|p2a: Umbreon\n|-supereffective|p2a: Umbreon\n|-crit|p2a: Umbreon\n|-damage|p2a: Umbreon|128/297\n|\n|t:|1771129788\n|switch|p1a: Clawitzer|Clawitzer, L87, F|265/265|[from] U-turn\n|\n|-heal|p2a: Umbreon|146/297|[from] item: Leftovers\n|upkeep\n|turn|9\n|\n|t:|1771129802\n|switch|p2a: Tapu Fini|Tapu Fini, L80|243/243\n|-damage|p2a: Tapu Fini|213/243|[from] Stealth Rock\n|-fieldstart|move: Misty Terrain|[from] ability: Misty Surge|[of] p2a: Tapu Fini\n|move|p1a: Clawitzer|Aura Sphere|p2a: Tapu Fini\n|-resisted|p2a: Tapu Fini\n|-damage|p2a: Tapu Fini|154/243\n|\n|-heal|p2a: Tapu Fini|169/243|[from] item: Leftovers\n|upkeep\n|turn|10\n|\n|t:|1771129812\n|switch|p1a: Azelf|Azelf, L82|116/257 par\n|move|p2a: Tapu Fini|Calm Mind|p2a: Tapu Fini\n|-boost|p2a: Tapu Fini|spa|1\n|-boost|p2a: Tapu Fini|spd|1\n|\n|-heal|p2a: Tapu Fini|184/243|[from] item: Leftovers\n|-heal|p1a: Azelf|132/257 par|[from] item: Leftovers\n|-sideend|p1: TheeSalesman|Reflect\n|upkeep\n|turn|11\n|\n|t:|1771129821\n|move|p2a: Tapu Fini|Moonblast|p1a: Azelf\n|-damage|p1a: Azelf|49/257 par\n|move|p1a: Azelf|U-turn|p2a: Tapu Fini\n|-resisted|p2a: Tapu Fini\n|-damage|p2a: Tapu Fini|159/243\n|\n|t:|1771129828\n|switch|p1a: Hitmonlee|Hitmonlee, L86, M|225/225|[from] U-turn\n|\n|-heal|p2a: Tapu Fini|174/243|[from] item: Leftovers\n|-sideend|p1: TheeSalesman|move: Light Screen\n|upkeep\n|turn|12\n|\n|t:|1771129838\n|switch|p2a: Mismagius|Mismagius, L87, M|246/246\n|-damage|p2a: Mismagius|216/246|[from] Stealth Rock\n|move|p1a: Hitmonlee|Poison Jab|p2a: Mismagius\n|-resisted|p2a: Mismagius\n|-damage|p2a: Mismagius|144/246\n|\n|-heal|p2a: Mismagius|159/246|[from] item: Leftovers\n|upkeep\n|turn|13\n|\n|t:|1771129849\n|switch|p1a: Azelf|Azelf, L82|49/257 par\n|move|p2a: Mismagius|Shadow Ball|p1a: Azelf\n|-supereffective|p1a: Azelf\n|-damage|p1a: Azelf|0 fnt\n|faint|p1a: Azelf\n|\n|-heal|p2a: Mismagius|174/246|[from] item: Leftovers\n|-fieldend|Misty Terrain\n|upkeep\n|\n|t:|1771129861\n|switch|p1a: Clawitzer|Clawitzer, L87, F|265/265\n|turn|14\n|\n|t:|1771129870\n|switch|p2a: Cryogonal|Cryogonal, L87|281/281\n|-damage|p2a: Cryogonal|211/281|[from] Stealth Rock\n|move|p1a: Clawitzer|Water Pulse|p2a: Cryogonal\n|-damage|p2a: Cryogonal|97/281\n|\n|-heal|p2a: Cryogonal|114/281|[from] item: Leftovers\n|upkeep\n|turn|15\n|\n|t:|1771129881\n|move|p2a: Cryogonal|Recover|p2a: Cryogonal\n|-heal|p2a: Cryogonal|255/281\n|move|p1a: Clawitzer|Water Pulse|p2a: Cryogonal\n|-damage|p2a: Cryogonal|134/281\n|\n|-heal|p2a: Cryogonal|151/281|[from] item: Leftovers\n|upkeep\n|turn|16\n|\n|t:|1771129887\n|move|p2a: Cryogonal|Rapid Spin|p1a: Clawitzer\n|-damage|p1a: Clawitzer|258/265\n|-sideend|p2: bin2409|Stealth Rock|[from] move: Rapid Spin|[of] p2a: Cryogonal\n|move|p1a: Clawitzer|Water Pulse|p2a: Cryogonal\n|-damage|p2a: Cryogonal|22/281\n|\n|-heal|p2a: Cryogonal|39/281|[from] item: Leftovers\n|upkeep\n|turn|17\n|\n|t:|1771129892\n|move|p2a: Cryogonal|Recover|p2a: Cryogonal\n|-heal|p2a: Cryogonal|180/281\n|move|p1a: Clawitzer|Water Pulse|p2a: Cryogonal\n|-damage|p2a: Cryogonal|59/281\n|\n|-heal|p2a: Cryogonal|76/281|[from] item: Leftovers\n|upkeep\n|turn|18\n|\n|t:|1771129894\n|switch|p1a: Flareon|Flareon, L88, F|258/258\n|move|p2a: Cryogonal|Recover|p2a: Cryogonal\n|-heal|p2a: Cryogonal|217/281\n|\n|-heal|p2a: Cryogonal|234/281|[from] item: Leftovers\n|-status|p1a: Flareon|tox|[from] item: Toxic Orb\n|upkeep\n|turn|19\n|\n|t:|1771129902\n|switch|p2a: Stantler|Stantler, L92, M|154/284\n|-ability|p2a: Stantler|Intimidate|boost\n|-unboost|p1a: Flareon|atk|1\n|move|p1a: Flareon|Facade|p2a: Stantler\n|-damage|p2a: Stantler|3/284\n|\n|-damage|p1a: Flareon|242/258 tox|[from] psn\n|upkeep\n|turn|20\n|\n|t:|1771129909\n|move|p2a: Stantler|Sucker Punch|p1a: Flareon\n|-damage|p1a: Flareon|150/258 tox\n|-damage|p2a: Stantler|0 fnt|[from] item: Life Orb\n|faint|p2a: Stantler\n|move|p1a: Flareon|Quick Attack|p2: Stantler|[notarget]\n|-fail|p1a: Flareon\n|\n|-damage|p1a: Flareon|118/258 tox|[from] psn\n|upkeep\n|\n|t:|1771129919\n|switch|p2a: Tapu Fini|Tapu Fini, L80|174/243\n|-fieldstart|move: Misty Terrain|[from] ability: Misty Surge|[of] p2a: Tapu Fini\n|turn|21\n|\n|t:|1771129925\n|move|p2a: Tapu Fini|Hydro Pump|p1a: Flareon|[miss]\n|-miss|p2a: Tapu Fini|p1a: Flareon\n|move|p1a: Flareon|Facade|p2a: Tapu Fini\n|-damage|p2a: Tapu Fini|51/243\n|\n|-heal|p2a: Tapu Fini|66/243|[from] item: Leftovers\n|-damage|p1a: Flareon|70/258 tox|[from] psn\n|upkeep\n|turn|22\n|\n|t:|1771129948\n|switch|p1a: Clawitzer|Clawitzer, L87, F|258/265\n|move|p2a: Tapu Fini|Hydro Pump|p1a: Clawitzer|[miss]\n|-miss|p2a: Tapu Fini|p1a: Clawitzer\n|\n|-heal|p2a: Tapu Fini|81/243|[from] item: Leftovers\n|upkeep\n|turn|23\n|\n|t:|1771129956\n|move|p2a: Tapu Fini|Moonblast|p1a: Clawitzer\n|-damage|p1a: Clawitzer|170/265\n|-unboost|p1a: Clawitzer|spa|1\n|move|p1a: Clawitzer|Water Pulse|p2a: Tapu Fini\n|-resisted|p2a: Tapu Fini\n|-crit|p2a: Tapu Fini\n|-damage|p2a: Tapu Fini|0 fnt\n|faint|p2a: Tapu Fini\n|\n|upkeep\n|\n|t:|1771129968\n|switch|p2a: Umbreon|Umbreon, L84, F|146/297\n|turn|24\n|\n|t:|1771129973\n|move|p2a: Umbreon|Moonlight|p2a: Umbreon\n|-heal|p2a: Umbreon|294/297\n|move|p1a: Clawitzer|Water Pulse|p2a: Umbreon\n|-damage|p2a: Umbreon|198/297\n|\n|-heal|p2a: Umbreon|216/297|[from] item: Leftovers\n|upkeep\n|turn|25\n|\n|t:|1771129979\n|switch|p1a: Hitmonlee|Hitmonlee, L86, M|225/225\n|move|p2a: Umbreon|Foul Play|p1a: Hitmonlee\n|-resisted|p1a: Hitmonlee\n|-damage|p1a: Hitmonlee|142/225\n|\n|-heal|p2a: Umbreon|234/297|[from] item: Leftovers\n|-fieldend|Misty Terrain\n|upkeep\n|turn|26\n|\n|t:|1771129985\n|move|p1a: Hitmonlee|Knock Off|p2a: Umbreon\n|-resisted|p2a: Umbreon\n|-damage|p2a: Umbreon|178/297\n|-enditem|p2a: Umbreon|Leftovers|[from] move: Knock Off|[of] p1a: Hitmonlee\n|move|p2a: Umbreon|Foul Play|p1a: Hitmonlee\n|-resisted|p1a: Hitmonlee\n|-damage|p1a: Hitmonlee|59/225\n|\n|upkeep\n|turn|27\n|\n|t:|1771130008\n|switch|p1a: Clawitzer|Clawitzer, L87, F|170/265\n|move|p2a: Umbreon|Foul Play|p1a: Clawitzer\n|-damage|p1a: Clawitzer|91/265\n|\n|upkeep\n|turn|28\n|\n|t:|1771130018\n|move|p2a: Umbreon|Foul Play|p1a: Clawitzer\n|-damage|p1a: Clawitzer|10/265\n|move|p1a: Clawitzer|Water Pulse|p2a: Umbreon\n|-damage|p2a: Umbreon|51/297\n|-start|p2a: Umbreon|confusion\n|\n|upkeep\n|turn|29\n|\n|t:|1771130024\n|-activate|p2a: Umbreon|confusion\n|move|p2a: Umbreon|Foul Play|p1a: Clawitzer\n|-damage|p1a: Clawitzer|0 fnt\n|faint|p1a: Clawitzer\n|\n|upkeep\n|\n|t:|1771130027\n|switch|p1a: Flareon|Flareon, L88, F|70/258 tox\n|turn|30\n|\n|t:|1771130030\n|move|p1a: Flareon|Flare Blitz|p2a: Umbreon\n|-damage|p2a: Umbreon|0 fnt\n|faint|p2a: Umbreon\n|-damage|p1a: Flareon|53/258 tox|[from] Recoil\n|\n|-damage|p1a: Flareon|37/258 tox|[from] psn\n|upkeep\n|\n|t:|1771130034\n|switch|p2a: Mismagius|Mismagius, L87, M|174/246\n|turn|31\n|\n|t:|1771130038\n|move|p2a: Mismagius|Shadow Ball|p1a: Flareon\n|-damage|p1a: Flareon|0 fnt\n|faint|p1a: Flareon\n|\n|-heal|p2a: Mismagius|189/246|[from] item: Leftovers\n|upkeep\n|\n|t:|1771130044\n|switch|p1a: Hitmonlee|Hitmonlee, L86, M|59/225\n|turn|32\n|\n|t:|1771130047\n|move|p2a: Mismagius|Shadow Ball|p1a: Hitmonlee\n|-damage|p1a: Hitmonlee|0 fnt\n|faint|p1a: Hitmonlee\n|\n|-heal|p2a: Mismagius|204/246|[from] item: Leftovers\n|upkeep\n|\n|t:|1771130050\n|switch|p1a: Torkoal|Torkoal, L84, F|255/255\n|-weather|SunnyDay|[from] ability: Drought|[of] p1a: Torkoal\n|turn|33\n|\n|t:|1771130057\n|move|p2a: Mismagius|Shadow Ball|p1a: Torkoal\n|-damage|p1a: Torkoal|140/255\n|move|p1a: Torkoal|Lava Plume|p2a: Mismagius\n|-damage|p2a: Mismagius|102/246\n|\n|-weather|SunnyDay|[upkeep]\n|-heal|p2a: Mismagius|117/246|[from] item: Leftovers\n|-heal|p1a: Torkoal|155/255|[from] item: Leftovers\n|upkeep\n|turn|34\n|\n|t:|1771130064\n|move|p2a: Mismagius|Shadow Ball|p1a: Torkoal\n|-damage|p1a: Torkoal|47/255\n|move|p1a: Torkoal|Lava Plume|p2a: Mismagius\n|-damage|p2a: Mismagius|23/246\n|\n|-weather|SunnyDay|[upkeep]\n|-heal|p2a: Mismagius|38/246|[from] item: Leftovers\n|-heal|p1a: Torkoal|62/255|[from] item: Leftovers\n|upkeep\n|turn|35\n|\n|t:|1771130069\n|move|p2a: Mismagius|Shadow Ball|p1a: Torkoal\n|-damage|p1a: Torkoal|0 fnt\n|faint|p1a: Torkoal\n|\n|win|bin2409\n|raw|TheeSalesman's rating: 1682 &rarr; <strong>1672</strong><br />(-10 for losing)\n|raw|bin2409's rating: 1870 &rarr; <strong>1880</strong><br />(+10 for winning)\n|c|☆bin2409|Gg\n", "inputlog": ">version 686819e5e19f8a7fd2345cfc5a08a5085efa2cc3\n>start {\"formatid\":\"gen7randombattle\",\"seed\":\"sodium,089582e91736cfa501b4bbac893501d6\",\"rated\":\"Rated battle\"}\n>player p1 {\"name\":\"TheeSalesman\",\"avatar\":\"clerk\",\"rating\":1682,\"seed\":\"sodium,b962a39d1544c600676279072a717553\"}\n>player p2 {\"name\":\"bin2409\",\"avatar\":\"lucas\",\"rating\":1870,\"seed\":\"sodium,4ea71641a7991ae6de472f6df11f6c51\"}\n>p1 move highjumpkick\n>p2 move stealthrock\n>p2 switch 4\n>p1 switch 2\n>p2 move doubleedge\n>p1 move reflect\n>p2 move earthquake\n>p1 move lightscreen\n>p2 move earthquake\n>p1 move moonblast\n>p2 move earthquake\n>p1 switch 6\n>p1 move stealthrock\n>p2 move thunderwave\n>p1 move psychic\n>p2 switch 3\n>p1 move uturn\n>p2 move foulplay\n>p1 switch 3\n>p1 move aurasphere\n>p2 switch 6\n>p1 switch 3\n>p2 move calmmind\n>p1 move uturn\n>p2 move moonblast\n>p1 switch 2\n>p1 move poisonjab\n>p2 switch 2\n>p1 switch 2\n>p2 move shadowball\n>p1 switch 3\n>p1 move waterpulse\n>p2 switch 5\n>p1 move waterpulse\n>p2 move recover\n>p1 move waterpulse\n>p2 move rapidspin\n>p1 move waterpulse\n>p2 move recover\n>p1 switch 5\n>p2 move recover\n>p1 move facade\n>p2 switch 3\n>p1 move quickattack\n>p2 move suckerpunch\n>p2 switch 2\n>p1 move facade\n>p2 move hydropump\n>p1 switch 5\n>p2 move hydropump\n>p1 move waterpulse\n>p2 move moonblast\n>p2 switch 6\n>p1 move waterpulse\n>p2 move moonlight\n>p1 switch 2\n>p2 move foulplay\n>p1 move knockoff\n>p2 move foulplay\n>p1 switch 2\n>p2 move foulplay\n>p1 move waterpulse\n>p2 move foulplay\n>p1 move waterpulse\n>p2 move foulplay\n>p1 switch 5\n>p1 move flareblitz\n>p2 move foulplay\n>p2 switch 5\n>p1 move flareblitz\n>p2 move shadowball\n>p1 switch 2\n>p1 move knockoff\n>p2 move shadowball\n>p1 switch 4\n>p1 move lavaplume\n>p2 move shadowball\n>p1 move lavaplume\n>p2 move shadowball\n>p1 move lavaplume\n>p2 move shadowball", "uploadtime": 1771130088, "views": 92, "formatid": "gen7randombattle", "rating": 1672, "private": 0, "password": null}