{"id": "gen7randombattle-2527566855", "format": "[Gen 7] Random Battle", "players": ["blueoak69", "Johnald714"], "log": "|j|☆blueoak69\n|j|☆Johnald714\n|t:|1769550107\n|gametype|singles\n|player|p1|blueoak69|blue|1672\n|player|p2|Johnald714|266|1564\n|gen|7\n|tier|[Gen 7] Random Battle\n|rated|\n|rule|Sleep Clause Mod: Limit one foe put to sleep\n|rule|HP Percentage Mod: HP is shown in percentages\n|rule|Illusion Level Mod: Illusion disguises the Pokémon's true level\n|\n|t:|1769550107\n|teamsize|p1|6\n|teamsize|p2|6\n|start\n|switch|p1a: Yveltal|Yveltal, L70|292/292\n|switch|p2a: Sunflora|Sunflora, F|312/312\n|-ability|p1a: Yveltal|Dark Aura\n|turn|1\n|\n|t:|1769550130\n|switch|p2a: Granbull|Granbull, L89, F|305/305\n|-ability|p2a: Granbull|Intimidate|boost\n|-unboost|p1a: Yveltal|atk|1\n|move|p1a: Yveltal|Knock Off|p2a: Granbull\n|-resisted|p2a: Granbull\n|-damage|p2a: Granbull|259/305\n|-enditem|p2a: Granbull|Leftovers|[from] move: Knock Off|[of] p1a: Yveltal\n|\n|upkeep\n|turn|2\n|inactive|Battle timer is ON: inactive players will automatically lose when time's up. (requested by Johnald714)\n|\n|t:|1769550141\n|switch|p1a: Silvally|Silvally-Ghost, L87|307/307\n|move|p2a: Granbull|Earthquake|p1a: Silvally\n|-damage|p1a: Silvally|226/307\n|\n|upkeep\n|turn|3\n|\n|t:|1769550144\n|move|p1a: Silvally|Swords Dance|p1a: Silvally\n|-boost|p1a: Silvally|atk|2\n|move|p2a: Granbull|Toxic|p1a: Silvally\n|-status|p1a: Silvally|tox\n|\n|-damage|p1a: Silvally|207/307 tox|[from] psn\n|upkeep\n|turn|4\n|\n|t:|1769550150\n|move|p1a: Silvally|Explosion|p2a: Granbull\n|-damage|p2a: Granbull|0 fnt\n|faint|p1a: Silvally\n|faint|p2a: Granbull\n|\n|upkeep\n|\n|t:|1769550155\n|switch|p1a: Yveltal|Yveltal, L70|292/292\n|switch|p2a: Mamoswine|Mamoswine, L79, M|303/303\n|-ability|p1a: Yveltal|Dark Aura\n|turn|5\n|\n|t:|1769550160\n|move|p1a: Yveltal|Knock Off|p2a: Mamoswine\n|-damage|p2a: Mamoswine|152/303\n|-enditem|p2a: Mamoswine|Life Orb|[from] move: Knock Off|[of] p1a: Yveltal\n|move|p2a: Mamoswine|Icicle Crash|p1a: Yveltal\n|-supereffective|p1a: Yveltal\n|-damage|p1a: Yveltal|82/292\n|\n|-heal|p1a: Yveltal|100/292|[from] item: Leftovers\n|upkeep\n|turn|6\n|\n|t:|1769550167\n|move|p2a: Mamoswine|Ice Shard|p1a: Yveltal\n|-supereffective|p1a: Yveltal\n|-damage|p1a: Yveltal|0 fnt\n|faint|p1a: Yveltal\n|\n|upkeep\n|\n|t:|1769550180\n|switch|p1a: Tapu Lele|Tapu Lele, L77|234/234\n|-fieldstart|move: Psychic Terrain|[from] ability: Psychic Surge|[of] p1a: Tapu Lele\n|turn|7\n|\n|t:|1769550188\n|move|p1a: Tapu Lele|Psychic|p2a: Mamoswine\n|-damage|p2a: Mamoswine|0 fnt\n|faint|p2a: Mamoswine\n|\n|upkeep\n|\n|t:|1769550199\n|switch|p2a: Sunflora|Sunflora, F|312/312\n|turn|8\n|\n|t:|1769550202\n|move|p1a: Tapu Lele|Psychic|p2a: Sunflora\n|-damage|p2a: Sunflora|177/312\n|move|p2a: Sunflora|Sludge Bomb|p1a: Tapu Lele\n|-supereffective|p1a: Tapu Lele\n|-damage|p1a: Tapu Lele|54/234\n|\n|upkeep\n|turn|9\n|\n|t:|1769550208\n|move|p1a: Tapu Lele|Psychic|p2a: Sunflora\n|-damage|p2a: Sunflora|47/312\n|-unboost|p2a: Sunflora|spd|1\n|move|p2a: Sunflora|Sludge Bomb|p1a: Tapu Lele\n|-supereffective|p1a: Tapu Lele\n|-damage|p1a: Tapu Lele|0 fnt\n|faint|p1a: Tapu Lele\n|\n|upkeep\n|\n|t:|1769550213\n|switch|p1a: Liepard|Liepard, L91, F|264/264\n|turn|10\n|\n|t:|1769550216\n|move|p1a: Liepard|Knock Off|p2a: Sunflora\n|-damage|p2a: Sunflora|0 fnt\n|-enditem|p2a: Sunflora|Choice Specs|[from] move: Knock Off|[of] p1a: Liepard\n|faint|p2a: Sunflora\n|\n|upkeep\n|\n|t:|1769550220\n|switch|p2a: Swampert|Swampert, L81, F|295/295\n|turn|11\n|\n|t:|1769550224\n|detailschange|p2a: Swampert|Swampert-Mega, L81, F\n|-mega|p2a: Swampert|Swampert|Swampertite\n|move|p1a: Liepard|Substitute|p1a: Liepard\n|-start|p1a: Liepard|Substitute\n|-damage|p1a: Liepard|198/264\n|move|p2a: Swampert|Rain Dance|p2a: Swampert\n|-weather|RainDance\n|\n|-weather|RainDance|[upkeep]\n|-heal|p1a: Liepard|214/264|[from] item: Leftovers\n|-fieldend|move: Psychic Terrain\n|upkeep\n|turn|12\n|\n|t:|1769550228\n|move|p1a: Liepard|Encore|p2a: Swampert\n|-start|p2a: Swampert|Encore\n|move|p2a: Swampert|Rain Dance||[still]\n|-fail|p2a: Swampert\n|\n|-weather|RainDance|[upkeep]\n|-heal|p1a: Liepard|230/264|[from] item: Leftovers\n|upkeep\n|turn|13\n|\n|t:|1769550236\n|switch|p2a: Victreebel|Victreebel, L90, M|290/290\n|move|p1a: Liepard|Knock Off|p2a: Victreebel\n|-damage|p2a: Victreebel|154/290\n|-enditem|p2a: Victreebel|Life Orb|[from] move: Knock Off|[of] p1a: Liepard\n|\n|-weather|RainDance|[upkeep]\n|-heal|p1a: Liepard|246/264|[from] item: Leftovers\n|upkeep\n|turn|14\n|\n|t:|1769550242\n|move|p1a: Liepard|Knock Off|p2a: Victreebel\n|-damage|p2a: Victreebel|70/290\n|move|p2a: Victreebel|Sludge Bomb|p1a: Liepard\n|-end|p1a: Liepard|Substitute\n|\n|-weather|RainDance|[upkeep]\n|-heal|p1a: Liepard|262/264|[from] item: Leftovers\n|upkeep\n|turn|15\n|\n|t:|1769550248\n|move|p2a: Victreebel|Sucker Punch|p1a: Liepard\n|-resisted|p1a: Liepard\n|-damage|p1a: Liepard|219/264\n|move|p1a: Liepard|Knock Off|p2a: Victreebel\n|-damage|p2a: Victreebel|0 fnt\n|faint|p2a: Victreebel\n|\n|-weather|none\n|-heal|p1a: Liepard|235/264|[from] item: Leftovers\n|upkeep\n|\n|t:|1769550253\n|switch|p2a: Swampert|Swampert-Mega, L81, F|295/295\n|turn|16\n|\n|t:|1769550257\n|switch|p1a: Oranguru|Oranguru, L93, F|318/318\n|move|p2a: Swampert|Superpower|p1a: Oranguru\n|-damage|p1a: Oranguru|208/318\n|-unboost|p2a: Swampert|atk|1\n|-unboost|p2a: Swampert|def|1\n|\n|upkeep\n|turn|17\n|\n|t:|1769550261\n|switch|p2a: Cloyster|Cloyster, L80, F|211/211\n|move|p1a: Oranguru|Psyshock|p2a: Cloyster\n|-damage|p2a: Cloyster|127/211\n|\n|upkeep\n|turn|18\n|\n|t:|1769550265\n|switch|p1a: Liepard|Liepard, L91, F|235/264\n|move|p2a: Cloyster|Shell Smash|p2a: Cloyster\n|-unboost|p2a: Cloyster|def|1\n|-unboost|p2a: Cloyster|spd|1\n|-boost|p2a: Cloyster|atk|2\n|-boost|p2a: Cloyster|spa|2\n|-boost|p2a: Cloyster|spe|2\n|-enditem|p2a: Cloyster|White Herb\n|-clearnegativeboost|p2a: Cloyster|[silent]\n|\n|-heal|p1a: Liepard|251/264|[from] item: Leftovers\n|upkeep\n|turn|19\n|\n|t:|1769550270\n|move|p1a: Liepard|Encore|p2a: Cloyster\n|-start|p2a: Cloyster|Encore\n|move|p2a: Cloyster|Shell Smash|p2a: Cloyster\n|-unboost|p2a: Cloyster|def|1\n|-unboost|p2a: Cloyster|spd|1\n|-boost|p2a: Cloyster|atk|2\n|-boost|p2a: Cloyster|spa|2\n|-boost|p2a: Cloyster|spe|2\n|\n|-heal|p1a: Liepard|264/264|[from] item: Leftovers\n|upkeep\n|turn|20\n|\n|t:|1769550275\n|switch|p2a: Swampert|Swampert-Mega, L81, F|295/295\n|move|p1a: Liepard|Substitute|p1a: Liepard\n|-start|p1a: Liepard|Substitute\n|-damage|p1a: Liepard|198/264\n|\n|-heal|p1a: Liepard|214/264|[from] item: Leftovers\n|upkeep\n|turn|21\n|\n|t:|1769550278\n|move|p1a: Liepard|Knock Off|p2a: Swampert\n|-damage|p2a: Swampert|226/295\n|move|p2a: Swampert|Waterfall|p1a: Liepard\n|-end|p1a: Liepard|Substitute\n|\n|-heal|p1a: Liepard|230/264|[from] item: Leftovers\n|upkeep\n|turn|22\n|\n|t:|1769550281\n|switch|p1a: Oranguru|Oranguru, L93, F|208/318\n|move|p2a: Swampert|Waterfall|p1a: Oranguru\n|-damage|p1a: Oranguru|90/318\n|\n|upkeep\n|turn|23\n|\n|t:|1769550285\n|move|p1a: Oranguru|Psyshock|p2a: Swampert\n|-damage|p2a: Swampert|91/295\n|move|p2a: Swampert|Waterfall|p1a: Oranguru\n|-damage|p1a: Oranguru|0 fnt\n|faint|p1a: Oranguru\n|\n|upkeep\n|\n|t:|1769550290\n|switch|p1a: Liepard|Liepard, L91, F|230/264\n|turn|24\n|\n|t:|1769550294\n|move|p1a: Liepard|Knock Off|p2a: Swampert\n|-damage|p2a: Swampert|25/295\n|move|p2a: Swampert|Superpower|p1a: Liepard\n|-supereffective|p1a: Liepard\n|-damage|p1a: Liepard|0 fnt\n|-unboost|p2a: Swampert|atk|1\n|-unboost|p2a: Swampert|def|1\n|faint|p1a: Liepard\n|\n|upkeep\n|\n|t:|1769550297\n|switch|p1a: Zebstrika|Zebstrika, L88, M|275/275\n|turn|25\n|c|☆blueoak69|fuck\n|c|☆blueoak69|gg\n|\n|t:|1769550317\n|switch|p2a: Cloyster|Cloyster, L80, F|127/211\n|move|p1a: Zebstrika|Overheat|p2a: Cloyster\n|-damage|p2a: Cloyster|0 fnt\n|-unboost|p1a: Zebstrika|spa|2\n|faint|p2a: Cloyster\n|\n|upkeep\n|c|☆blueoak69|bro\n|\n|t:|1769550322\n|switch|p2a: Swampert|Swampert-Mega, L81, F|25/295\n|turn|26\n|c|☆blueoak69|you had that won\n|\n|t:|1769550329\n|move|p1a: Zebstrika|Overheat|p2a: Swampert\n|-resisted|p2a: Swampert\n|-damage|p2a: Swampert|0 fnt\n|-unboost|p1a: Zebstrika|spa|2\n|faint|p2a: Swampert\n|detailschange|p2: Swampert|Swampert, L81, F|[silent]\n|\n|win|blueoak69\n|raw|blueoak69's rating: 1672 &rarr; <strong>1686</strong><br />(+14 for winning)\n|raw|Johnald714's rating: 1564 &rarr; <strong>1550</strong><br />(-14 for losing)\n|l|☆blueoak69\n|player|p1|\n", "inputlog": ">version b99ff0165a6231f17e8b78c2a78d1998375de664\n>start {\"formatid\":\"gen7randombattle\",\"seed\":\"sodium,4ec05be7014614632b40e2b9fe0932ec\",\"rated\":\"Rated battle\"}\n>player p1 {\"name\":\"blueoak69\",\"avatar\":\"blue\",\"rating\":1672,\"seed\":\"sodium,7af0a9c6bb02f6f30cc2b3bd5f5c8d7a\"}\n>player p2 {\"name\":\"Johnald714\",\"avatar\":\"266\",\"rating\":1564,\"seed\":\"sodium,97356b86c37d293c8f25294e25339d1a\"}\n>p1 move knockoff\n>p2 switch 4\n>p1 switch 2\n>p2 move earthquake\n>p1 move swordsdance\n>p2 move toxic\n>p1 move explosion\n>p2 move earthquake\n>p1 switch 2\n>p2 switch 6\n>p1 move knockoff\n>p2 move iciclecrash\n>p1 move roost\n>p2 move iceshard\n>p1 switch 4\n>p1 move psychic\n>p2 move stealthrock\n>p2 switch 4\n>p1 move psychic\n>p2 move sludgebomb\n>p1 move psychic\n>p2 move sludgebomb\n>p1 switch 6\n>p1 move knockoff\n>p2 move sludgebomb\n>p2 switch 3\n>p1 move substitute\n>p2 move raindance mega\n>p1 move encore\n>p2 move waterfall\n>p1 move knockoff\n>p2 switch 2\n>p1 move knockoff\n>p2 move sludgebomb\n>p1 move knockoff\n>p2 move suckerpunch\n>p2 switch 2\n>p1 switch 5\n>p2 move superpower\n>p1 move psyshock\n>p2 switch 5\n>p1 switch 5\n>p2 move shellsmash\n>p1 move encore\n>p2 move iciclespear\n>p1 move substitute\n>p2 switch 5\n>p1 move knockoff\n>p2 move waterfall\n>p1 switch 5\n>p2 move waterfall\n>p1 move psyshock\n>p2 move waterfall\n>p1 switch 5\n>p1 move knockoff\n>p2 move superpower\n>p1 switch 3\n>chat ☆blueoak69|fuck\n>chat ☆blueoak69|gg\n>p1 move overheat\n>p2 switch 5\n>chat ☆blueoak69|bro\n>p2 switch 5\n>chat ☆blueoak69|you had that won\n>p1 move overheat\n>p2 move earthquake", "uploadtime": 1769550355, "views": 181, "formatid": "gen7randombattle", "rating": 1550, "private": 0, "password": null}