{"id": "gen7randombattle-2532921644", "format": "[Gen 7] Random Battle", "players": ["AliceTASC", "Kariko_Shaman"], "log": "|j|☆AliceTASC\n|j|☆Kariko_Shaman\n|t:|1770236858\n|gametype|singles\n|player|p1|AliceTASC|dawn|1604\n|player|p2|Kariko_Shaman|medium|1598\n|gen|7\n|tier|[Gen 7] Random Battle\n|rated|\n|rule|Sleep Clause Mod: Limit one foe put to sleep\n|rule|HP Percentage Mod: HP is shown in percentages\n|rule|Illusion Level Mod: Illusion disguises the Pokémon's true level\n|\n|t:|1770236858\n|teamsize|p1|6\n|teamsize|p2|6\n|start\n|switch|p1a: Cofagrigus|Cofagrigus, L89, F|248/248\n|switch|p2a: Zangoose|Zangoose, L86, F|266/266\n|turn|1\n|inactive|Battle timer is ON: inactive players will automatically lose when time's up. (requested by Kariko_Shaman)\n|\n|t:|1770236879\n|switch|p2a: Cresselia|Cresselia, L82, F|331/331\n|move|p1a: Cofagrigus|Will-O-Wisp|p2a: Cresselia\n|-status|p2a: Cresselia|brn\n|\n|-damage|p2a: Cresselia|311/331 brn|[from] brn\n|upkeep\n|turn|2\n|\n|t:|1770236883\n|switch|p2a: Zangoose|Zangoose, L86, F|266/266\n|move|p1a: Cofagrigus|Shadow Ball|p2a: Zangoose\n|-immune|p2a: Zangoose\n|\n|-status|p2a: Zangoose|tox|[from] item: Toxic Orb\n|upkeep\n|turn|3\n|\n|t:|1770236892\n|move|p2a: Zangoose|Knock Off|p1a: Cofagrigus\n|-supereffective|p1a: Cofagrigus\n|-damage|p1a: Cofagrigus|102/248\n|-ability|p2a: Zangoose|Mummy|Toxic Boost|[from] ability: Mummy|[of] p1a: Cofagrigus\n|-activate|p1a: Cofagrigus|ability: Mummy|Toxic Boost|[of] p2a: Zangoose\n|-enditem|p1a: Cofagrigus|Leftovers|[from] move: Knock Off|[of] p2a: Zangoose\n|move|p1a: Cofagrigus|Toxic Spikes|p2a: Zangoose\n|-sidestart|p2: Kariko_Shaman|move: Toxic Spikes\n|\n|-damage|p2a: Zangoose|250/266 tox|[from] psn\n|upkeep\n|turn|4\n|\n|t:|1770236908\n|switch|p2a: Gyarados|Gyarados, L74, M|263/263\n|-ability|p2a: Gyarados|Intimidate|boost\n|-unboost|p1a: Cofagrigus|atk|1\n|move|p1a: Cofagrigus|Toxic Spikes|p2a: Gyarados\n|-sidestart|p2: Kariko_Shaman|move: Toxic Spikes\n|\n|upkeep\n|turn|5\n|\n|t:|1770236915\n|detailschange|p2a: Gyarados|Gyarados-Mega, L74, M\n|-mega|p2a: Gyarados|Gyarados|Gyaradosite\n|-ability|p2a: Gyarados|Mold Breaker\n|move|p2a: Gyarados|Substitute|p2a: Gyarados\n|-start|p2a: Gyarados|Substitute\n|-damage|p2a: Gyarados|198/263\n|move|p1a: Cofagrigus|Will-O-Wisp||[still]\n|-fail|p1a: Cofagrigus\n|\n|upkeep\n|turn|6\n|\n|t:|1770236935\n|switch|p1a: Ludicolo|Ludicolo, L89, F|287/287\n|move|p2a: Gyarados|Dragon Dance|p2a: Gyarados\n|-boost|p2a: Gyarados|atk|1\n|-boost|p2a: Gyarados|spe|1\n|\n|upkeep\n|turn|7\n|\n|t:|1770236958\n|move|p2a: Gyarados|Crunch|p1a: Ludicolo\n|-damage|p1a: Ludicolo|130/287\n|move|p1a: Ludicolo|Energy Ball|p2a: Gyarados\n|-supereffective|p2a: Gyarados\n|-end|p2a: Gyarados|Substitute\n|\n|upkeep\n|turn|8\n|\n|t:|1770236965\n|move|p2a: Gyarados|Crunch|p1a: Ludicolo\n|-damage|p1a: Ludicolo|0 fnt\n|faint|p1a: Ludicolo\n|\n|upkeep\n|\n|t:|1770236968\n|switch|p1a: Lanturn|Lanturn, L89, M|367/367\n|turn|9\n|inactive|Kariko_Shaman has 120 seconds left.\n|inactive|Kariko_Shaman has 90 seconds left.\n|\n|t:|1770237040\n|switch|p2a: Cresselia|Cresselia, L82, F|311/331 brn\n|move|p1a: Lanturn|Thunderbolt|p2a: Cresselia\n|-damage|p2a: Cresselia|241/331 brn\n|\n|-heal|p2a: Cresselia|261/331 brn|[from] item: Leftovers\n|-damage|p2a: Cresselia|241/331 brn|[from] brn\n|upkeep\n|turn|10\n|\n|t:|1770237048\n|switch|p1a: Vespiquen|Vespiquen, F|301/301\n|-ability|p1a: Vespiquen|Pressure\n|move|p2a: Cresselia|Psychic|p1a: Vespiquen\n|-damage|p1a: Vespiquen|250/301\n|\n|-heal|p2a: Cresselia|261/331 brn|[from] item: Leftovers\n|-heal|p1a: Vespiquen|268/301|[from] item: Leftovers\n|-damage|p2a: Cresselia|241/331 brn|[from] brn\n|upkeep\n|turn|11\n|inactive|Kariko_Shaman has 90 seconds left.\n|\n|t:|1770237059\n|move|p2a: Cresselia|Thunder Wave|p1a: Vespiquen|[miss]\n|-miss|p2a: Cresselia|p1a: Vespiquen\n|move|p1a: Vespiquen|U-turn|p2a: Cresselia\n|-supereffective|p2a: Cresselia\n|-damage|p2a: Cresselia|85/331 brn\n|\n|t:|1770237068\n|switch|p1a: Lanturn|Lanturn, L89, M|367/367|[from] U-turn\n|\n|-heal|p2a: Cresselia|105/331 brn|[from] item: Leftovers\n|-damage|p2a: Cresselia|85/331 brn|[from] brn\n|upkeep\n|turn|12\n|\n|t:|1770237073\n|move|p2a: Cresselia|Moonlight|p2a: Cresselia\n|-heal|p2a: Cresselia|250/331 brn\n|move|p1a: Lanturn|Thunderbolt|p2a: Cresselia\n|-damage|p2a: Cresselia|183/331 brn\n|\n|-heal|p2a: Cresselia|203/331 brn|[from] item: Leftovers\n|-damage|p2a: Cresselia|183/331 brn|[from] brn\n|upkeep\n|turn|13\n|\n|t:|1770237085\n|switch|p1a: Vespiquen|Vespiquen, F|268/301\n|-ability|p1a: Vespiquen|Pressure\n|move|p2a: Cresselia|Moonlight|p2a: Cresselia\n|-heal|p2a: Cresselia|331/331 brn\n|\n|-heal|p1a: Vespiquen|286/301|[from] item: Leftovers\n|-damage|p2a: Cresselia|311/331 brn|[from] brn\n|upkeep\n|turn|14\n|\n|t:|1770237099\n|move|p2a: Cresselia|Psychic|p1a: Vespiquen\n|-damage|p1a: Vespiquen|226/301\n|move|p1a: Vespiquen|U-turn|p2a: Cresselia\n|-supereffective|p2a: Cresselia\n|-damage|p2a: Cresselia|173/331 brn\n|\n|t:|1770237117\n|switch|p1a: Throh|Throh, L89, M|358/358|[from] U-turn\n|\n|-heal|p2a: Cresselia|193/331 brn|[from] item: Leftovers\n|-damage|p2a: Cresselia|173/331 brn|[from] brn\n|upkeep\n|turn|15\n|\n|t:|1770237124\n|move|p2a: Cresselia|Psychic|p1a: Throh\n|-supereffective|p1a: Throh\n|-damage|p1a: Throh|208/358\n|move|p1a: Throh|Knock Off|p2a: Cresselia\n|-supereffective|p2a: Cresselia\n|-damage|p2a: Cresselia|45/331 brn\n|-enditem|p2a: Cresselia|Leftovers|[from] move: Knock Off|[of] p1a: Throh\n|\n|-heal|p1a: Throh|230/358|[from] item: Leftovers\n|-damage|p2a: Cresselia|25/331 brn|[from] brn\n|upkeep\n|turn|16\n|inactive|Kariko_Shaman has 120 seconds left.\n|\n|t:|1770237132\n|move|p2a: Cresselia|Moonlight|p2a: Cresselia\n|-heal|p2a: Cresselia|190/331 brn\n|move|p1a: Throh|Rest|p1a: Throh\n|-status|p1a: Throh|slp|[from] move: Rest\n|-heal|p1a: Throh|358/358 slp|[silent]\n|\n|-damage|p2a: Cresselia|170/331 brn|[from] brn\n|upkeep\n|turn|17\n|inactive|Kariko_Shaman has 120 seconds left.\n|\n|t:|1770237143\n|move|p2a: Cresselia|Moonlight|p2a: Cresselia\n|-heal|p2a: Cresselia|331/331 brn\n|cant|p1a: Throh|slp\n|move|p1a: Throh|Sleep Talk|p1a: Throh\n|move|p1a: Throh|Circle Throw|p2a: Cresselia|[from] move: Sleep Talk\n|-resisted|p2a: Cresselia\n|-damage|p2a: Cresselia|283/331 brn\n|drag|p2a: Darkrai|Darkrai, L75|229/229\n|-status|p2a: Darkrai|tox\n|\n|-damage|p2a: Darkrai|215/229 tox|[from] psn\n|-damage|p1a: Throh|314/358 slp|[from] ability: Bad Dreams|[of] p2a: Darkrai\n|upkeep\n|turn|18\n|inactive|Kariko_Shaman has 120 seconds left.\n|\n|t:|1770237164\n|switch|p2a: Cresselia|Cresselia, L82, F|283/331 brn\n|cant|p1a: Throh|slp\n|move|p1a: Throh|Sleep Talk|p1a: Throh\n|move|p1a: Throh|Knock Off|p2a: Cresselia|[from] move: Sleep Talk\n|-supereffective|p2a: Cresselia\n|-crit|p2a: Cresselia\n|-damage|p2a: Cresselia|89/331 brn\n|\n|-heal|p1a: Throh|336/358 slp|[from] item: Leftovers\n|-damage|p2a: Cresselia|69/331 brn|[from] brn\n|upkeep\n|turn|19\n|\n|t:|1770237176\n|move|p2a: Cresselia|Moonlight|p2a: Cresselia\n|-heal|p2a: Cresselia|234/331 brn\n|-curestatus|p1a: Throh|slp|[msg]\n|move|p1a: Throh|Circle Throw|p2a: Cresselia\n|-resisted|p2a: Cresselia\n|-damage|p2a: Cresselia|205/331 brn\n|drag|p2a: Galvantula|Galvantula, L80, M|243/243\n|-status|p2a: Galvantula|tox\n|\n|-heal|p1a: Throh|358/358|[from] item: Leftovers\n|-damage|p2a: Galvantula|228/243 tox|[from] psn\n|upkeep\n|turn|20\n|inactive|Kariko_Shaman has 120 seconds left.\n|\n|t:|1770237194\n|switch|p1a: Lanturn|Lanturn, L89, M|367/367\n|move|p2a: Galvantula|Sticky Web|p1a: Lanturn\n|-sidestart|p1: AliceTASC|move: Sticky Web\n|\n|-damage|p2a: Galvantula|198/243 tox|[from] psn\n|upkeep\n|turn|21\n|inactive|Kariko_Shaman has 120 seconds left.\n|\n|t:|1770237211\n|move|p2a: Galvantula|Bug Buzz|p1a: Lanturn\n|-damage|p1a: Lanturn|241/367\n|-damage|p2a: Galvantula|174/243 tox|[from] item: Life Orb\n|move|p1a: Lanturn|Scald|p2a: Galvantula\n|-damage|p2a: Galvantula|60/243 tox\n|\n|-heal|p1a: Lanturn|263/367|[from] item: Leftovers\n|-damage|p2a: Galvantula|15/243 tox|[from] psn\n|upkeep\n|turn|22\n|inactive|Kariko_Shaman has 120 seconds left.\n|\n|t:|1770237224\n|switch|p1a: Cofagrigus|Cofagrigus, L89, F|102/248\n|-activate|p1a: Cofagrigus|move: Sticky Web\n|-unboost|p1a: Cofagrigus|spe|1\n|move|p2a: Galvantula|Bug Buzz|p1a: Cofagrigus\n|-resisted|p1a: Cofagrigus\n|-crit|p1a: Cofagrigus\n|-damage|p1a: Cofagrigus|33/248\n|-damage|p2a: Galvantula|0 fnt|[from] item: Life Orb\n|faint|p2a: Galvantula\n|\n|upkeep\n|inactive|Kariko_Shaman has 120 seconds left.\n|\n|t:|1770237234\n|switch|p2a: Cresselia|Cresselia, L82, F|205/331 brn\n|turn|23\n|\n|t:|1770237237\n|move|p2a: Cresselia|Psychic|p1a: Cofagrigus\n|-damage|p1a: Cofagrigus|0 fnt\n|faint|p1a: Cofagrigus\n|\n|-damage|p2a: Cresselia|185/331 brn|[from] brn\n|upkeep\n|\n|t:|1770237242\n|switch|p1a: Castform|Castform, L99, F|299/299\n|-activate|p1a: Castform|move: Sticky Web\n|-unboost|p1a: Castform|spe|1\n|turn|24\n|\n|t:|1770237246\n|move|p2a: Cresselia|Thunder Wave|p1a: Castform\n|-status|p1a: Castform|par\n|move|p1a: Castform|Defog|p2a: Cresselia\n|-unboost|p2a: Cresselia|evasion|1\n|-sideend|p2: Kariko_Shaman|Toxic Spikes|[from] move: Defog|[of] p1a: Castform\n|-sideend|p1: AliceTASC|Sticky Web|[from] move: Defog|[of] p1a: Castform\n|\n|-damage|p2a: Cresselia|165/331 brn|[from] brn\n|upkeep\n|turn|25\n|\n|t:|1770237256\n|switch|p2a: Whimsicott|Whimsicott, L87, F|246/246\n|switch|p1a: Lanturn|Lanturn, L89, M|263/367\n|\n|-heal|p1a: Lanturn|285/367|[from] item: Leftovers\n|upkeep\n|turn|26\n|\n|t:|1770237264\n|move|p2a: Whimsicott|Leech Seed|p1a: Lanturn\n|-start|p1a: Lanturn|move: Leech Seed\n|move|p1a: Lanturn|Heal Bell|p1a: Lanturn\n|-activate|p1a: Lanturn|move: Heal Bell\n|-curestatus|p1: Castform|par|[msg]\n|\n|-heal|p1a: Lanturn|307/367|[from] item: Leftovers\n|-damage|p1a: Lanturn|262/367|[from] Leech Seed|[of] p2a: Whimsicott\n|upkeep\n|turn|27\n|\n|t:|1770237271\n|switch|p1a: Vespiquen|Vespiquen, F|226/301\n|-ability|p1a: Vespiquen|Pressure\n|move|p2a: Whimsicott|Substitute|p2a: Whimsicott\n|-start|p2a: Whimsicott|Substitute\n|-damage|p2a: Whimsicott|185/246\n|\n|-heal|p2a: Whimsicott|200/246|[from] item: Leftovers\n|-heal|p1a: Vespiquen|244/301|[from] item: Leftovers\n|upkeep\n|turn|28\n|\n|t:|1770237277\n|move|p2a: Whimsicott|Leech Seed|p1a: Vespiquen|[miss]\n|-miss|p2a: Whimsicott|p1a: Vespiquen\n|move|p1a: Vespiquen|Air Slash|p2a: Whimsicott\n|-supereffective|p2a: Whimsicott\n|-end|p2a: Whimsicott|Substitute\n|\n|-heal|p2a: Whimsicott|215/246|[from] item: Leftovers\n|-heal|p1a: Vespiquen|262/301|[from] item: Leftovers\n|upkeep\n|turn|29\n|\n|t:|1770237282\n|move|p2a: Whimsicott|Substitute|p2a: Whimsicott\n|-start|p2a: Whimsicott|Substitute\n|-damage|p2a: Whimsicott|154/246\n|move|p1a: Vespiquen|Air Slash|p2a: Whimsicott\n|-supereffective|p2a: Whimsicott\n|-end|p2a: Whimsicott|Substitute\n|\n|-heal|p2a: Whimsicott|169/246|[from] item: Leftovers\n|-heal|p1a: Vespiquen|280/301|[from] item: Leftovers\n|upkeep\n|turn|30\n|\n|t:|1770237287\n|switch|p2a: Cresselia|Cresselia, L82, F|165/331 brn\n|move|p1a: Vespiquen|Air Slash|p2a: Cresselia\n|-damage|p2a: Cresselia|89/331 brn\n|\n|-heal|p1a: Vespiquen|298/301|[from] item: Leftovers\n|-damage|p2a: Cresselia|69/331 brn|[from] brn\n|upkeep\n|turn|31\n|\n|t:|1770237291\n|move|p2a: Cresselia|Moonlight|p2a: Cresselia\n|-heal|p2a: Cresselia|234/331 brn\n|move|p1a: Vespiquen|U-turn|p2a: Cresselia\n|-supereffective|p2a: Cresselia\n|-crit|p2a: Cresselia\n|-damage|p2a: Cresselia|24/331 brn\n|\n|t:|1770237298\n|switch|p1a: Castform|Castform, L99, F|299/299|[from] U-turn\n|\n|-damage|p2a: Cresselia|4/331 brn|[from] brn\n|upkeep\n|turn|32\n|\n|t:|1770237306\n|move|p1a: Castform|Return|p2a: Cresselia\n|-damage|p2a: Cresselia|0 fnt\n|faint|p2a: Cresselia\n|\n|upkeep\n|\n|t:|1770237323\n|switch|p2a: Zangoose|Zangoose, L86, F|250/266 tox\n|turn|33\n|\n|t:|1770237343\n|move|p2a: Zangoose|Facade|p1a: Castform\n|-damage|p1a: Castform|22/299\n|move|p1a: Castform|Return|p2a: Zangoose\n|-damage|p2a: Zangoose|93/266 tox\n|\n|-heal|p1a: Castform|40/299|[from] item: Leftovers\n|-damage|p2a: Zangoose|77/266 tox|[from] psn\n|upkeep\n|turn|34\n|\n|t:|1770237353\n|move|p2a: Zangoose|Knock Off|p1a: Castform\n|-damage|p1a: Castform|0 fnt\n|-enditem|p1a: Castform|Leftovers|[from] move: Knock Off|[of] p2a: Zangoose\n|faint|p1a: Castform\n|\n|-damage|p2a: Zangoose|45/266 tox|[from] psn\n|upkeep\n|\n|t:|1770237360\n|switch|p1a: Throh|Throh, L89, M|358/358\n|turn|35\n|\n|t:|1770237364\n|switch|p2a: Whimsicott|Whimsicott, L87, F|169/246\n|move|p1a: Throh|Rest|p1a: Throh\n|-fail|p1a: Throh|heal\n|\n|-heal|p2a: Whimsicott|184/246|[from] item: Leftovers\n|upkeep\n|turn|36\n|\n|t:|1770237370\n|switch|p1a: Vespiquen|Vespiquen, F|298/301\n|-ability|p1a: Vespiquen|Pressure\n|move|p2a: Whimsicott|Encore||[still]\n|-fail|p2a: Whimsicott\n|\n|-heal|p2a: Whimsicott|199/246|[from] item: Leftovers\n|-heal|p1a: Vespiquen|301/301|[from] item: Leftovers\n|upkeep\n|turn|37\n|\n|t:|1770237377\n|move|p2a: Whimsicott|Leech Seed|p1a: Vespiquen\n|-start|p1a: Vespiquen|move: Leech Seed\n|move|p1a: Vespiquen|Air Slash|p2a: Whimsicott\n|-supereffective|p2a: Whimsicott\n|-damage|p2a: Whimsicott|0 fnt\n|faint|p2a: Whimsicott\n|\n|upkeep\n|\n|t:|1770237379\n|switch|p2a: Gyarados|Gyarados-Mega, L74, M|198/263\n|-ability|p2a: Gyarados|Mold Breaker\n|turn|38\n|\n|t:|1770237387\n|move|p2a: Gyarados|Crunch|p1a: Vespiquen\n|-damage|p1a: Vespiquen|226/301\n|-unboost|p1a: Vespiquen|def|1\n|move|p1a: Vespiquen|U-turn|p2a: Gyarados\n|-supereffective|p2a: Gyarados\n|-damage|p2a: Gyarados|6/263\n|\n|t:|1770237393\n|switch|p1a: Lanturn|Lanturn, L89, M|262/367|[from] U-turn\n|\n|-heal|p1a: Lanturn|284/367|[from] item: Leftovers\n|upkeep\n|turn|39\n|\n|t:|1770237399\n|move|p1a: Lanturn|Thunderbolt|p2a: Gyarados\n|-supereffective|p2a: Gyarados\n|-damage|p2a: Gyarados|0 fnt\n|faint|p2a: Gyarados\n|detailschange|p2: Gyarados|Gyarados, L74, M|[silent]\n|\n|-heal|p1a: Lanturn|306/367|[from] item: Leftovers\n|upkeep\n|\n|t:|1770237404\n|switch|p2a: Zangoose|Zangoose, L86, F|45/266 tox\n|turn|40\n|\n|t:|1770237407\n|move|p2a: Zangoose|Facade|p1a: Lanturn\n|-damage|p1a: Lanturn|0 fnt\n|faint|p1a: Lanturn\n|\n|-damage|p2a: Zangoose|29/266 tox|[from] psn\n|upkeep\n|\n|t:|1770237414\n|switch|p1a: Throh|Throh, L89, M|358/358\n|turn|41\n|\n|t:|1770237425\n|move|p2a: Zangoose|Facade|p1a: Throh\n|-damage|p1a: Throh|91/358\n|move|p1a: Throh|Rest|p1a: Throh\n|-status|p1a: Throh|slp|[from] move: Rest\n|-heal|p1a: Throh|358/358 slp|[silent]\n|\n|-damage|p2a: Zangoose|0 fnt|[from] psn\n|faint|p2a: Zangoose\n|upkeep\n|\n|t:|1770237428\n|switch|p2a: Darkrai|Darkrai, L75|215/229 tox\n|turn|42\n|\n|t:|1770237432\n|move|p2a: Darkrai|Nasty Plot|p2a: Darkrai\n|-boost|p2a: Darkrai|spa|2\n|cant|p1a: Throh|slp\n|move|p1a: Throh|Sleep Talk|p1a: Throh\n|move|p1a: Throh|Rest||[from] move: Sleep Talk|[still]\n|-fail|p1a: Throh\n|\n|-damage|p2a: Darkrai|201/229 tox|[from] psn\n|-damage|p1a: Throh|314/358 slp|[from] ability: Bad Dreams|[of] p2a: Darkrai\n|upkeep\n|turn|43\n|\n|t:|1770237438\n|move|p2a: Darkrai|Nasty Plot|p2a: Darkrai\n|-boost|p2a: Darkrai|spa|2\n|cant|p1a: Throh|slp\n|move|p1a: Throh|Sleep Talk|p1a: Throh\n|move|p1a: Throh|Knock Off|p2a: Darkrai|[from] move: Sleep Talk\n|-resisted|p2a: Darkrai\n|-damage|p2a: Darkrai|158/229 tox\n|\n|-heal|p1a: Throh|336/358 slp|[from] item: Leftovers\n|-damage|p2a: Darkrai|130/229 tox|[from] psn\n|-damage|p1a: Throh|292/358 slp|[from] ability: Bad Dreams|[of] p2a: Darkrai\n|upkeep\n|turn|44\n|\n|t:|1770237452\n|-zpower|p2a: Darkrai\n|move|p2a: Darkrai|Black Hole Eclipse|p1a: Throh|[zeffect]\n|-resisted|p1a: Throh\n|-damage|p1a: Throh|50/358 slp\n|-curestatus|p1a: Throh|slp|[msg]\n|move|p1a: Throh|Circle Throw|p2a: Darkrai\n|-supereffective|p2a: Darkrai\n|-damage|p2a: Darkrai|0 fnt\n|faint|p2a: Darkrai\n|\n|win|AliceTASC\n|raw|AliceTASC's rating: 1604 &rarr; <strong>1624</strong><br />(+20 for winning)\n|raw|Kariko_Shaman's rating: 1598 &rarr; <strong>1578</strong><br />(-20 for losing)\n|c|☆Kariko_Shaman|gg\n|l|☆Kariko_Shaman\n|player|p2|\n|c|☆AliceTASC|gg\n|c|☆AliceTASC|!showteam\n|c| AliceTASC|/raw <div class=\"infobox\"><details><summary>View team</summary>Cofagrigus (F) @ Leftovers  <br />Ability: Mummy  <br />Level: 89  <br />EVs: 85 HP &#x2f; 85 Def &#x2f; 85 SpA &#x2f; 85 SpD &#x2f; 85 Spe  <br />IVs: 0 Atk  <br />- Toxic Spikes  <br />- Will-O-Wisp  <br />- Shadow Ball  <br />- Pain Split  <br /><br />Castform (F) @ Leftovers  <br />Ability: Forecast  <br />Level: 99  <br />EVs: 85 HP &#x2f; 85 Atk &#x2f; 85 Def &#x2f; 85 SpA &#x2f; 85 SpD &#x2f; 85 Spe  <br />- Return  <br />- Thunder Wave  <br />- Defog  <br />- Scald  <br /><br />Lanturn (M) @ Leftovers  <br />Ability: Volt Absorb  <br />Level: 89  <br />EVs: 85 HP &#x2f; 85 Def &#x2f; 85 SpA &#x2f; 85 SpD &#x2f; 85 Spe  <br />IVs: 0 Atk  <br />- Thunderbolt  <br />- Ice Beam  <br />- Scald  <br />- Heal Bell  <br /><br />Vespiquen (F) @ Leftovers  <br />Ability: Pressure  <br />EVs: 81 HP &#x2f; 85 Atk &#x2f; 85 Def &#x2f; 85 SpA &#x2f; 85 SpD &#x2f; 85 Spe  <br />- Roost  <br />- U-turn  <br />- Air Slash  <br />- Toxic  <br /><br />Ludicolo (F) @ Choice Specs  <br />Ability: Swift Swim  <br />Level: 89  <br />EVs: 85 HP &#x2f; 85 Def &#x2f; 85 SpA &#x2f; 85 SpD &#x2f; 85 Spe  <br />IVs: 0 Atk  <br />- Scald  <br />- Energy Ball  <br />- Ice Beam  <br />- Hydro Pump  <br /><br />Throh (M) @ Leftovers  <br />Ability: Guts  <br />Level: 89  <br />EVs: 85 HP &#x2f; 85 Atk &#x2f; 85 Def &#x2f; 85 SpA &#x2f; 85 SpD &#x2f; 85 Spe  <br />- Knock Off  <br />- Rest  <br />- Sleep Talk  <br />- Circle Throw  <br /><br /></details></div>\n", "inputlog": ">version ccdc32dd7cde25fd9e4bed64820e885f66e78a4e\n>start {\"formatid\":\"gen7randombattle\",\"seed\":\"sodium,bcf8a01e263f16e449984c157683d414\",\"rated\":\"Rated battle\"}\n>player p1 {\"name\":\"AliceTASC\",\"avatar\":\"dawn\",\"rating\":1604,\"seed\":\"sodium,2437d9b2eac553c8ce18d793d883308c\"}\n>player p2 {\"name\":\"Kariko_Shaman\",\"avatar\":\"medium\",\"rating\":1598,\"seed\":\"sodium,26648a5a8b97837e654604283b231162\"}\n>p1 move willowisp\n>p2 switch 5\n>p1 move shadowball\n>p2 switch 5\n>p1 move toxicspikes\n>p2 move knockoff\n>p1 move toxicspikes\n>p2 switch 2\n>p1 move willowisp\n>p2 move substitute mega\n>p1 switch 5\n>p2 move dragondance\n>p1 move energyball\n>p2 move crunch\n>p1 move energyball\n>p2 move crunch\n>p1 switch 3\n>p1 move thunderbolt\n>p2 switch 5\n>p1 switch 4\n>p2 move psychic\n>p1 move uturn\n>p2 move thunderwave\n>p1 switch 4\n>p1 move thunderbolt\n>p2 move moonlight\n>p1 switch 4\n>p2 move moonlight\n>p1 move uturn\n>p2 move psychic\n>p1 switch 6\n>p1 move knockoff\n>p2 move psychic\n>p1 move rest\n>p2 move moonlight\n>p1 move sleeptalk\n>p2 move moonlight\n>p1 move sleeptalk\n>p2 switch 4\n>p1 move circlethrow\n>p2 move moonlight\n>p1 switch 4\n>p2 move stickyweb\n>p1 move scald\n>p2 move bugbuzz\n>p1 switch 5\n>p2 move bugbuzz\n>p2 switch 6\n>p1 move painsplit\n>p2 move psychic\n>p1 switch 2\n>p1 move defog\n>p2 move thunderwave\n>p1 switch 5\n>p2 switch 3\n>p1 move healbell\n>p2 move leechseed\n>p1 switch 6\n>p2 move substitute\n>p1 move airslash\n>p2 move leechseed\n>p1 move airslash\n>p2 move substitute\n>p1 move airslash\n>p2 switch 3\n>p1 move uturn\n>p2 move moonlight\n>p1 switch 5\n>p1 move return\n>p2 move thunderwave\n>p2 switch 2\n>p1 move return\n>p2 move facade\n>p1 move return\n>p2 move knockoff\n>p1 switch 4\n>p1 move rest\n>p2 switch 3\n>p1 switch 5\n>p2 move encore\n>p1 move airslash\n>p2 move leechseed\n>p2 switch 5\n>p1 move uturn\n>p2 move crunch\n>p1 switch 6\n>p1 move thunderbolt\n>p2 move crunch\n>p2 switch 3\n>p1 move thunderbolt\n>p2 move facade\n>p1 switch 5\n>p1 move rest\n>p2 move facade\n>p2 switch 4\n>p1 move sleeptalk\n>p2 move nastyplot\n>p1 move sleeptalk\n>p2 move nastyplot\n>p1 move circlethrow\n>p2 move darkpulse zmove", "uploadtime": 1770237467, "views": 139, "formatid": "gen7randombattle", "rating": 1578, "private": 0, "password": null}