{"id": "gen7randombattle-2530514419", "format": "[Gen 7] Random Battle", "players": ["stoody bool", "Petilil37"], "log": "|j|☆stoody bool\n|j|‽Petilil37\n|t:|1769929606\n|gametype|singles\n|player|p1|stoody bool|265|1631\n|player|p2|Petilil37|170|1748\n|gen|7\n|tier|[Gen 7] Random Battle\n|rated|\n|rule|Sleep Clause Mod: Limit one foe put to sleep\n|rule|HP Percentage Mod: HP is shown in percentages\n|rule|Illusion Level Mod: Illusion disguises the Pokémon's true level\n|\n|t:|1769929606\n|teamsize|p1|6\n|teamsize|p2|6\n|start\n|switch|p1a: Tangrowth|Tangrowth, L89, M|323/323\n|switch|p2a: Groudon|Groudon, L65|238/238\n|detailschange|p2a: Groudon|Groudon-Primal, L65\n|-primal|p2a: Groudon|Red Orb\n|-weather|DesolateLand|[from] ability: Desolate Land|[of] p2a: Groudon\n|turn|1\n|\n|t:|1769929629\n|move|p2a: Groudon|Stealth Rock|p1a: Tangrowth\n|-sidestart|p1: stoody bool|move: Stealth Rock\n|move|p1a: Tangrowth|Earthquake|p2a: Groudon\n|-supereffective|p2a: Groudon\n|-damage|p2a: Groudon|106/238\n|\n|-weather|DesolateLand|[upkeep]\n|upkeep\n|turn|2\n|\n|t:|1769929651\n|-weather|none\n|switch|p2a: Wobbuffet|Wobbuffet, L94, M|510/510\n|move|p1a: Tangrowth|Earthquake|p2a: Wobbuffet\n|-damage|p2a: Wobbuffet|419/510\n|\n|upkeep\n|turn|3\n|\n|t:|1769929657\n|move|p1a: Tangrowth|Sludge Bomb|p2a: Wobbuffet\n|-damage|p2a: Wobbuffet|327/510\n|-status|p2a: Wobbuffet|psn\n|move|p2a: Wobbuffet|Encore|p1a: Tangrowth\n|-start|p1a: Tangrowth|Encore\n|\n|-damage|p2a: Wobbuffet|264/510 psn|[from] psn\n|upkeep\n|turn|4\n|\n|t:|1769929671\n|move|p1a: Tangrowth|Sludge Bomb|p2a: Wobbuffet\n|-damage|p2a: Wobbuffet|170/510 psn\n|move|p2a: Wobbuffet|Mirror Coat|p1a: Tangrowth\n|-damage|p1a: Tangrowth|135/323\n|\n|-damage|p2a: Wobbuffet|107/510 psn|[from] psn\n|upkeep\n|turn|5\n|-enditem|p2a: Wobbuffet|Custap Berry|[eat]\n|-activate|p2a: Wobbuffet|item: Custap Berry|[consumed]\n|\n|t:|1769929684\n|move|p1a: Tangrowth|Sludge Bomb|p2a: Wobbuffet\n|-damage|p2a: Wobbuffet|17/510 psn\n|move|p2a: Wobbuffet|Mirror Coat|p1a: Tangrowth\n|-damage|p1a: Tangrowth|0 fnt\n|faint|p1a: Tangrowth\n|\n|-damage|p2a: Wobbuffet|0 fnt|[from] psn\n|faint|p2a: Wobbuffet\n|upkeep\n|\n|t:|1769929700\n|switch|p1a: Phione|Phione, L93|300/300\n|switch|p2a: Scolipede|Scolipede, L80, F|227/227\n|-damage|p1a: Phione|263/300|[from] Stealth Rock\n|turn|6\n|\n|t:|1769929709\n|switch|p2a: Meganium|Meganium, L92, F|297/297\n|move|p1a: Phione|Scald|p2a: Meganium\n|-resisted|p2a: Meganium\n|-damage|p2a: Meganium|258/297\n|\n|-heal|p1a: Phione|281/300|[from] item: Leftovers\n|-heal|p2a: Meganium|276/297|[from] item: Leftovers\n|upkeep\n|turn|7\n|\n|t:|1769929728\n|move|p1a: Phione|U-turn|p2a: Meganium\n|-supereffective|p2a: Meganium\n|-damage|p2a: Meganium|184/297\n|\n|t:|1769929730\n|switch|p1a: Pelipper|Pelipper, L87, F|246/246|[from] U-turn\n|-damage|p1a: Pelipper|185/246|[from] Stealth Rock\n|-weather|RainDance|[from] ability: Drizzle|[of] p1a: Pelipper\n|move|p2a: Meganium|Toxic|p1a: Pelipper\n|-status|p1a: Pelipper|tox\n|\n|-weather|RainDance|[upkeep]\n|-heal|p2a: Meganium|202/297|[from] item: Leftovers\n|-heal|p1a: Pelipper|200/246 tox|[from] item: Leftovers\n|-damage|p1a: Pelipper|185/246 tox|[from] psn\n|upkeep\n|turn|8\n|\n|t:|1769929751\n|switch|p2a: Groudon|Groudon-Primal, L65|106/238\n|-weather|DesolateLand|[from] ability: Desolate Land|[of] p2a: Groudon\n|move|p1a: Pelipper|Hurricane|p2a: Groudon|[miss]\n|-miss|p1a: Pelipper|p2a: Groudon\n|\n|-weather|DesolateLand|[upkeep]\n|-heal|p1a: Pelipper|200/246 tox|[from] item: Leftovers\n|-damage|p1a: Pelipper|170/246 tox|[from] psn\n|upkeep\n|turn|9\n|\n|t:|1769929761\n|switch|p1a: Phione|Phione, L93|281/300\n|-damage|p1a: Phione|244/300|[from] Stealth Rock\n|move|p2a: Groudon|Dragon Tail|p1a: Phione\n|-damage|p1a: Phione|205/300\n|drag|p1a: Probopass|Probopass, L92, F|260/260\n|-damage|p1a: Probopass|244/260|[from] Stealth Rock\n|-item|p1a: Probopass|Air Balloon\n|\n|-weather|DesolateLand|[upkeep]\n|upkeep\n|turn|10\n|\n|t:|1769929819\n|move|p2a: Groudon|Lava Plume|p1a: Probopass\n|-crit|p1a: Probopass\n|-damage|p1a: Probopass|145/260\n|-enditem|p1a: Probopass|Air Balloon\n|move|p1a: Probopass|Earth Power|p2a: Groudon\n|-supereffective|p2a: Groudon\n|-damage|p2a: Groudon|0 fnt\n|faint|p2a: Groudon\n|-weather|none\n|detailschange|p2: Groudon|Groudon, L65|[silent]\n|\n|upkeep\n|\n|t:|1769929825\n|switch|p2a: Scolipede|Scolipede, L80, F|227/227\n|turn|11\n|\n|t:|1769929835\n|switch|p1a: Shedinja|Shedinja, L96|1/1\n|-damage|p1a: Shedinja|0 fnt|[from] Stealth Rock\n|faint|p1a: Shedinja\n|move|p2a: Scolipede|Earthquake|p1: Shedinja|[notarget]\n|-fail|p2a: Scolipede\n|\n|-ability|p2a: Scolipede|Speed Boost|boost\n|-boost|p2a: Scolipede|spe|1\n|upkeep\n|\n|t:|1769929849\n|switch|p1a: Pelipper|Pelipper, L87, F|170/246 tox\n|-damage|p1a: Pelipper|109/246 tox|[from] Stealth Rock\n|-weather|RainDance|[from] ability: Drizzle|[of] p1a: Pelipper\n|turn|12\n|\n|t:|1769929853\n|move|p2a: Scolipede|Poison Jab|p1a: Pelipper\n|-damage|p1a: Pelipper|15/246 tox\n|-damage|p2a: Scolipede|205/227|[from] item: Life Orb\n|move|p1a: Pelipper|Hurricane|p2a: Scolipede\n|-supereffective|p2a: Scolipede\n|-damage|p2a: Scolipede|0 fnt\n|faint|p2a: Scolipede\n|\n|-weather|RainDance|[upkeep]\n|-heal|p1a: Pelipper|30/246 tox|[from] item: Leftovers\n|-damage|p1a: Pelipper|15/246 tox|[from] psn\n|upkeep\n|\n|t:|1769929857\n|switch|p2a: Mewtwo|Mewtwo, L70|264/264\n|-ability|p2a: Mewtwo|Unnerve\n|turn|13\n|\n|t:|1769929876\n|detailschange|p2a: Mewtwo|Mewtwo-Mega-Y, L70\n|-mega|p2a: Mewtwo|Mewtwo|Mewtwonite Y\n|move|p2a: Mewtwo|Psystrike|p1a: Pelipper\n|-damage|p1a: Pelipper|0 fnt\n|faint|p1a: Pelipper\n|\n|-weather|RainDance|[upkeep]\n|upkeep\n|\n|t:|1769929890\n|switch|p1a: Phione|Phione, L93|205/300\n|-damage|p1a: Phione|168/300|[from] Stealth Rock\n|turn|14\n|\n|t:|1769929901\n|switch|p2a: Meganium|Meganium, L92, F|202/297\n|move|p1a: Phione|U-turn|p2a: Meganium\n|-supereffective|p2a: Meganium\n|-crit|p2a: Meganium\n|-damage|p2a: Meganium|64/297\n|l|☆stoody bool\n|player|p1|\n|inactive|Battle timer is ON: inactive players will automatically lose when time's up. (requested by Petilil37)\n|j|☆stoody bool\n|inactive|stoody bool reconnected and has 135 seconds left.\n|player|p1|stoody bool|265|\n|inactive|stoody bool has 120 seconds left.\n|\n|t:|1769929986\n|switch|p1a: Deoxys|Deoxys, L75|199/199|[from] U-turn\n|-damage|p1a: Deoxys|175/199|[from] Stealth Rock\n|-ability|p1a: Deoxys|Pressure\n|\n|-weather|RainDance|[upkeep]\n|-heal|p2a: Meganium|82/297|[from] item: Leftovers\n|upkeep\n|turn|15\n|\n|t:|1769930015\n|move|p1a: Deoxys|Ice Beam|p2a: Meganium\n|-supereffective|p2a: Meganium\n|-damage|p2a: Meganium|0 fnt\n|faint|p2a: Meganium\n|-damage|p1a: Deoxys|156/199|[from] item: Life Orb\n|\n|-weather|RainDance|[upkeep]\n|upkeep\n|\n|t:|1769930018\n|switch|p2a: Druddigon|Druddigon, L86, F|273/273\n|turn|16\n|\n|t:|1769930023\n|switch|p1a: Probopass|Probopass, L92, F|145/260\n|-damage|p1a: Probopass|129/260|[from] Stealth Rock\n|move|p2a: Druddigon|Sucker Punch||[still]\n|-fail|p2a: Druddigon\n|\n|-weather|none\n|upkeep\n|turn|17\n|\n|t:|1769930037\n|move|p2a: Druddigon|Glare|p1a: Probopass\n|-status|p1a: Probopass|par\n|move|p1a: Probopass|Stealth Rock|p2a: Druddigon\n|-sidestart|p2: Petilil37|move: Stealth Rock\n|\n|upkeep\n|turn|18\n|\n|t:|1769930054\n|switch|p2a: Mewtwo|Mewtwo-Mega-Y, L70|264/264\n|-damage|p2a: Mewtwo|231/264|[from] Stealth Rock\n|move|p1a: Probopass|Power Gem|p2a: Mewtwo\n|-damage|p2a: Mewtwo|146/264\n|\n|upkeep\n|turn|19\n|\n|t:|1769930062\n|move|p2a: Mewtwo|Calm Mind|p2a: Mewtwo\n|-boost|p2a: Mewtwo|spa|1\n|-boost|p2a: Mewtwo|spd|1\n|move|p1a: Probopass|Thunder Wave|p2a: Mewtwo\n|-status|p2a: Mewtwo|par\n|\n|upkeep\n|turn|20\n|\n|t:|1769930068\n|switch|p1a: Phione|Phione, L93|168/300\n|-damage|p1a: Phione|131/300|[from] Stealth Rock\n|cant|p2a: Mewtwo|par\n|\n|-heal|p1a: Phione|149/300|[from] item: Leftovers\n|upkeep\n|turn|21\n|\n|t:|1769930078\n|move|p1a: Phione|U-turn|p2a: Mewtwo\n|-supereffective|p2a: Mewtwo\n|-damage|p2a: Mewtwo|0 fnt\n|faint|p2a: Mewtwo\n|detailschange|p2: Mewtwo|Mewtwo, L70|[silent]\n|\n|t:|1769930082\n|switch|p1a: Deoxys|Deoxys, L75|156/199|[from] U-turn\n|-damage|p1a: Deoxys|132/199|[from] Stealth Rock\n|-ability|p1a: Deoxys|Pressure\n|\n|upkeep\n|-message|Petilil37 forfeited.\n|\n|win|stoody bool\n|raw|stoody bool's rating: 1631 &rarr; <strong>1657</strong><br />(+26 for winning)\n|raw|Petilil37's rating: 1748 &rarr; <strong>1722</strong><br />(-26 for losing)\n|l|‽Petilil37\n|player|p2|\n", "inputlog": ">version b99ff0165a6231f17e8b78c2a78d1998375de664\n>start {\"formatid\":\"gen7randombattle\",\"seed\":\"sodium,ff61226a99d27274c0edccfb061f3101\",\"rated\":\"Rated battle\"}\n>player p1 {\"name\":\"stoody bool\",\"avatar\":\"265\",\"rating\":1631,\"seed\":\"sodium,725e9fdde8af1c7d700afdd999069802\"}\n>player p2 {\"name\":\"Petilil37\",\"avatar\":\"170\",\"rating\":1748,\"seed\":\"sodium,a4f6fa3acfb7b81aa0d03a34c7386627\"}\n>p1 move earthquake\n>p2 move stealthrock\n>p1 move earthquake\n>p2 switch 4\n>p1 move sludgebomb\n>p2 move encore\n>p1 move sludgebomb\n>p2 move mirrorcoat\n>p1 move sludgebomb\n>p2 move mirrorcoat\n>p1 switch 4\n>p2 switch 6\n>p1 move scald\n>p2 switch 5\n>p1 move uturn\n>p2 move toxic\n>p1 switch 3\n>p1 move hurricane\n>p2 switch 4\n>p1 switch 3\n>p2 move dragontail\n>p1 move earthpower\n>p2 move lavaplume\n>p2 switch 5\n>p1 switch 2\n>p2 move earthquake\n>p1 switch 3\n>p1 move hurricane\n>p2 move poisonjab\n>p2 switch 3\n>p1 move hurricane\n>p2 move psystrike mega\n>p1 switch 6\n>p1 move uturn\n>p2 switch 4\n>p1 switch 5\n>p1 move icebeam\n>p2 move energyball\n>p2 switch 2\n>p1 switch 2\n>p2 move suckerpunch\n>p1 move stealthrock\n>p2 move glare\n>p1 move powergem\n>p2 switch 4\n>p1 move thunderwave\n>p2 move calmmind\n>p1 switch 5\n>p2 move fireblast\n>p1 move uturn\n>p2 move psystrike\n>p1 switch 2\n>forcelose p2", "uploadtime": 1769930094, "views": 185, "formatid": "gen7randombattle", "rating": 1657, "private": 0, "password": null}