{"id": "gen7randombattle-2533408705", "format": "[Gen 7] Random Battle", "players": ["monfeeeee", "imsobaked"], "log": "|j|☆monfeeeee\n|j|☆imsobaked\n|t:|1770302881\n|gametype|singles\n|player|p1|monfeeeee|ghetsis|1517\n|player|p2|imsobaked|hiker-gen4|1612\n|gen|7\n|tier|[Gen 7] Random Battle\n|rated|\n|rule|Sleep Clause Mod: Limit one foe put to sleep\n|rule|HP Percentage Mod: HP is shown in percentages\n|rule|Illusion Level Mod: Illusion disguises the Pokémon's true level\n|\n|t:|1770302881\n|teamsize|p1|6\n|teamsize|p2|6\n|start\n|switch|p1a: Mismagius|Mismagius, L87, F|246/246\n|switch|p2a: Jynx|Jynx, L89, F|260/260\n|turn|1\n|\n|t:|1770302910\n|switch|p2a: Stunfisk|Stunfisk, L88, M|335/335\n|move|p1a: Mismagius|Shadow Ball|p2a: Stunfisk\n|-damage|p2a: Stunfisk|259/335\n|-unboost|p2a: Stunfisk|spd|1\n|\n|-heal|p2a: Stunfisk|279/335|[from] item: Leftovers\n|upkeep\n|turn|2\n|\n|t:|1770302924\n|move|p1a: Mismagius|Shadow Ball|p2a: Stunfisk\n|-damage|p2a: Stunfisk|159/335\n|move|p2a: Stunfisk|Discharge|p1a: Mismagius\n|-damage|p1a: Mismagius|173/246\n|\n|-heal|p1a: Mismagius|188/246|[from] item: Leftovers\n|-heal|p2a: Stunfisk|179/335|[from] item: Leftovers\n|upkeep\n|turn|3\n|\n|t:|1770302950\n|move|p1a: Mismagius|Shadow Ball|p2a: Stunfisk\n|-damage|p2a: Stunfisk|49/335\n|move|p2a: Stunfisk|Discharge|p1a: Mismagius\n|-damage|p1a: Mismagius|112/246\n|\n|-heal|p1a: Mismagius|127/246|[from] item: Leftovers\n|-heal|p2a: Stunfisk|69/335|[from] item: Leftovers\n|upkeep\n|turn|4\n|\n|t:|1770302956\n|move|p1a: Mismagius|Shadow Ball|p2a: Stunfisk\n|-damage|p2a: Stunfisk|0 fnt\n|faint|p2a: Stunfisk\n|\n|-heal|p1a: Mismagius|142/246|[from] item: Leftovers\n|upkeep\n|\n|t:|1770302965\n|switch|p2a: Seaking|Seaking, L95, F|306/306\n|turn|5\n|\n|t:|1770302971\n|switch|p1a: Greninja|Greninja, L79, M|243/243\n|move|p2a: Seaking|Knock Off|p1a: Greninja\n|-resisted|p1a: Greninja\n|-damage|p1a: Greninja|161/243\n|-enditem|p1a: Greninja|Expert Belt|[from] move: Knock Off|[of] p2a: Seaking\n|\n|upkeep\n|turn|6\n|\n|t:|1770302986\n|switch|p2a: Toxicroak|Toxicroak, L84, M|277/277\n|move|p1a: Greninja|Gunk Shot|p2a: Toxicroak\n|-start|p1a: Greninja|typechange|Poison|[from] ability: Protean\n|-resisted|p2a: Toxicroak\n|-damage|p2a: Toxicroak|204/277\n|\n|upkeep\n|turn|7\n|\n|t:|1770302998\n|move|p1a: Greninja|Ice Beam|p2a: Toxicroak\n|-start|p1a: Greninja|typechange|Ice|[from] ability: Protean\n|-damage|p2a: Toxicroak|95/277\n|move|p2a: Toxicroak|Gunk Shot|p1a: Greninja\n|-damage|p1a: Greninja|0 fnt\n|faint|p1a: Greninja\n|-damage|p2a: Toxicroak|68/277|[from] item: Life Orb\n|\n|upkeep\n|\n|t:|1770303006\n|switch|p1a: Houndoom|Houndoom, L80, F|251/251\n|turn|8\n|\n|t:|1770303021\n|detailschange|p1a: Houndoom|Houndoom-Mega, L80, F\n|-mega|p1a: Houndoom|Houndoom|Houndoominite\n|move|p1a: Houndoom|Fire Blast|p2a: Toxicroak\n|-damage|p2a: Toxicroak|0 fnt\n|faint|p2a: Toxicroak\n|\n|upkeep\n|\n|t:|1770303027\n|switch|p2a: Seaking|Seaking, L95, F|306/306\n|turn|9\n|\n|t:|1770303030\n|switch|p1a: Tropius|Tropius, L94, F|336/336\n|move|p2a: Seaking|Waterfall|p1a: Tropius\n|-resisted|p1a: Tropius\n|-damage|p1a: Tropius|264/336\n|\n|upkeep\n|turn|10\n|\n|t:|1770303058\n|switch|p2a: Uxie|Uxie, L82|257/257\n|switch|p1a: Crabominable|Crabominable, L91, M|324/324\n|\n|upkeep\n|turn|11\n|\n|t:|1770303063\n|switch|p1a: Houndoom|Houndoom-Mega, L80, F|251/251\n|move|p2a: Uxie|Stealth Rock|p1a: Houndoom\n|-sidestart|p1: monfeeeee|move: Stealth Rock\n|\n|upkeep\n|turn|12\n|\n|t:|1770303071\n|switch|p2a: Seaking|Seaking, L95, F|306/306\n|move|p1a: Houndoom|Dark Pulse|p2a: Seaking\n|-damage|p2a: Seaking|210/306\n|\n|upkeep\n|turn|13\n|\n|t:|1770303076\n|switch|p1a: Tropius|Tropius, L94, F|264/336\n|-damage|p1a: Tropius|180/336|[from] Stealth Rock\n|move|p2a: Seaking|Knock Off|p1a: Tropius\n|-damage|p1a: Tropius|64/336\n|-enditem|p1a: Tropius|Sitrus Berry|[from] move: Knock Off|[of] p2a: Seaking\n|\n|upkeep\n|turn|14\n|\n|t:|1770303080\n|move|p1a: Tropius|Protect|p1a: Tropius\n|-singleturn|p1a: Tropius|Protect\n|move|p2a: Seaking|Knock Off|p1a: Tropius\n|-activate|p1a: Tropius|move: Protect\n|\n|upkeep\n|turn|15\n|\n|t:|1770303082\n|move|p2a: Seaking|Knock Off|p1a: Tropius\n|-damage|p1a: Tropius|0 fnt\n|faint|p1a: Tropius\n|\n|upkeep\n|\n|t:|1770303088\n|switch|p1a: Ariados|Ariados, L92, F|278/278\n|-damage|p1a: Ariados|209/278|[from] Stealth Rock\n|turn|16\n|\n|t:|1770303096\n|switch|p2a: Jynx|Jynx, L89, F|260/260\n|move|p1a: Ariados|Sticky Web|p2a: Jynx\n|-sidestart|p2: imsobaked|move: Sticky Web\n|\n|-heal|p1a: Ariados|226/278|[from] item: Black Sludge\n|upkeep\n|turn|17\n|\n|t:|1770303107\n|move|p2a: Jynx|Psyshock|p1a: Ariados\n|-supereffective|p1a: Ariados\n|-damage|p1a: Ariados|0 fnt\n|faint|p1a: Ariados\n|-damage|p2a: Jynx|234/260|[from] item: Life Orb\n|\n|upkeep\n|\n|t:|1770303110\n|switch|p1a: Houndoom|Houndoom-Mega, L80, F|251/251\n|-damage|p1a: Houndoom|189/251|[from] Stealth Rock\n|turn|18\n|\n|t:|1770303119\n|move|p1a: Houndoom|Fire Blast|p2a: Jynx\n|-supereffective|p2a: Jynx\n|-damage|p2a: Jynx|0 fnt\n|faint|p2a: Jynx\n|\n|upkeep\n|\n|t:|1770303121\n|switch|p2a: Seaking|Seaking, L95, F|210/306\n|-activate|p2a: Seaking|move: Sticky Web\n|-unboost|p2a: Seaking|spe|1\n|turn|19\n|\n|t:|1770303125\n|switch|p1a: Crabominable|Crabominable, L91, M|324/324\n|-damage|p1a: Crabominable|284/324|[from] Stealth Rock\n|move|p2a: Seaking|Waterfall|p1a: Crabominable\n|-damage|p1a: Crabominable|125/324\n|\n|upkeep\n|turn|20\n|\n|t:|1770303134\n|switch|p2a: Uxie|Uxie, L82|257/257\n|move|p1a: Crabominable|Ice Hammer|p2a: Uxie\n|-damage|p2a: Uxie|124/257\n|-unboost|p1a: Crabominable|spe|1\n|\n|-heal|p2a: Uxie|140/257|[from] item: Leftovers\n|upkeep\n|turn|21\n|\n|t:|1770303140\n|move|p2a: Uxie|Psychic|p1a: Crabominable\n|-supereffective|p1a: Crabominable\n|-damage|p1a: Crabominable|21/324\n|move|p1a: Crabominable|Ice Hammer|p2a: Uxie\n|-damage|p2a: Uxie|0 fnt\n|-unboost|p1a: Crabominable|spe|1\n|faint|p2a: Uxie\n|\n|upkeep\n|\n|t:|1770303163\n|switch|p2a: Seaking|Seaking, L95, F|210/306\n|-activate|p2a: Seaking|move: Sticky Web\n|-unboost|p2a: Seaking|spe|1\n|turn|22\n|\n|t:|1770303167\n|move|p2a: Seaking|Waterfall|p1a: Crabominable\n|-damage|p1a: Crabominable|0 fnt\n|faint|p1a: Crabominable\n|\n|upkeep\n|\n|t:|1770303169\n|switch|p1a: Mismagius|Mismagius, L87, F|142/246\n|-damage|p1a: Mismagius|112/246|[from] Stealth Rock\n|turn|23\n|\n|t:|1770303172\n|switch|p2a: Steelix|Steelix, L80, F|251/251\n|-activate|p2a: Steelix|move: Sticky Web\n|-unboost|p2a: Steelix|spe|1\n|move|p1a: Mismagius|Shadow Ball|p2a: Steelix\n|-damage|p2a: Steelix|122/251\n|\n|-heal|p1a: Mismagius|127/246|[from] item: Leftovers\n|upkeep\n|turn|24\n|\n|t:|1770303176\n|detailschange|p2a: Steelix|Steelix-Mega, L80, F\n|-mega|p2a: Steelix|Steelix|Steelixite\n|move|p1a: Mismagius|Shadow Ball|p2a: Steelix\n|-damage|p2a: Steelix|25/251\n|move|p2a: Steelix|Heavy Slam|p1a: Mismagius\n|-damage|p1a: Mismagius|0 fnt\n|faint|p1a: Mismagius\n|\n|upkeep\n|\n|t:|1770303179\n|switch|p1a: Houndoom|Houndoom-Mega, L80, F|189/251\n|-damage|p1a: Houndoom|127/251|[from] Stealth Rock\n|turn|25\n|\n|t:|1770303184\n|move|p1a: Houndoom|Nasty Plot|p1a: Houndoom\n|-boost|p1a: Houndoom|spa|2\n|move|p2a: Steelix|Earthquake|p1a: Houndoom\n|-supereffective|p1a: Houndoom\n|-damage|p1a: Houndoom|0 fnt\n|faint|p1a: Houndoom\n|detailschange|p1: Houndoom|Houndoom, L80, F|[silent]\n|\n|win|imsobaked\n|raw|monfeeeee's rating: 1517 &rarr; <strong>1502</strong><br />(-15 for losing)\n|raw|imsobaked's rating: 1612 &rarr; <strong>1627</strong><br />(+15 for winning)\n|l|☆monfeeeee\n|player|p1|\n", "inputlog": ">version ccdc32dd7cde25fd9e4bed64820e885f66e78a4e\n>start {\"formatid\":\"gen7randombattle\",\"seed\":\"sodium,0c96b475729c6cf3474c8197dff3aa6f\",\"rated\":\"Rated battle\"}\n>player p1 {\"name\":\"monfeeeee\",\"avatar\":\"ghetsis\",\"rating\":1517,\"seed\":\"sodium,a6a23d05aed3b7ef18e4cd4e7fb3ac1c\"}\n>player p2 {\"name\":\"imsobaked\",\"avatar\":\"hiker-gen4\",\"rating\":1612,\"seed\":\"sodium,1ba24626c21af088b2c629bfa90c691f\"}\n>p1 move shadowball\n>p2 switch 2\n>p1 move shadowball\n>p2 move discharge\n>p1 move shadowball\n>p2 move discharge\n>p1 move shadowball\n>p2 move discharge\n>p2 switch 4\n>p1 switch 5\n>p2 move knockoff\n>p1 move gunkshot\n>p2 switch 3\n>p1 move icebeam\n>p2 move gunkshot\n>p1 switch 4\n>p1 move fireblast mega\n>p2 move drainpunch\n>p2 switch 3\n>p1 switch 2\n>p2 move waterfall\n>p1 switch 6\n>p2 switch 6\n>p1 switch 2\n>p2 move stealthrock\n>p1 move darkpulse\n>p2 switch 6\n>p1 switch 6\n>p2 move knockoff\n>p1 move protect\n>p2 move knockoff\n>p1 move airslash\n>p2 move knockoff\n>p1 switch 3\n>p1 move stickyweb\n>p2 switch 2\n>p1 move megahorn\n>p2 move psyshock\n>p1 switch 6\n>p1 move fireblast\n>p2 move lovelykiss\n>p2 switch 2\n>p1 switch 2\n>p2 move waterfall\n>p1 move icehammer\n>p2 switch 6\n>p1 move icehammer\n>p2 move psychic\n>p2 switch 6\n>p1 move earthquake\n>p2 move waterfall\n>p1 switch 5\n>p1 move shadowball\n>p2 switch 5\n>p1 move shadowball\n>p2 move heavyslam mega\n>p1 switch 2\n>p1 move nastyplot\n>p2 move earthquake", "uploadtime": 1770303196, "views": 161, "formatid": "gen7randombattle", "rating": 1502, "private": 0, "password": null}