{"id": "gen7randombattle-2529016067", "format": "[Gen 7] Random Battle", "players": ["may/gen3", "xxfairykingxx"], "log": "|j|☆may/gen3\n|j|☆xxfairykingxx\n|t:|1769727662\n|gametype|singles\n|player|p1|may/gen3|may|1756\n|player|p2|xxfairykingxx|preschoolerf|1668\n|gen|7\n|tier|[Gen 7] Random Battle\n|rated|\n|rule|Sleep Clause Mod: Limit one foe put to sleep\n|rule|HP Percentage Mod: HP is shown in percentages\n|rule|Illusion Level Mod: Illusion disguises the Pokémon's true level\n|\n|t:|1769727662\n|teamsize|p1|6\n|teamsize|p2|6\n|start\n|switch|p1a: Seviper|Seviper, L94, F|290/290\n|switch|p2a: Togekiss|Togekiss, L81, F|270/270\n|turn|1\n|inactive|Battle timer is ON: inactive players will automatically lose when time's up. (requested by may/gen3)\n|\n|t:|1769727671\n|switch|p2a: Genesect|Genesect, L73|224/224\n|-ability|p2a: Genesect|Download|boost\n|-boost|p2a: Genesect|spa|1\n|move|p1a: Seviper|Poison Jab|p2a: Genesect\n|-immune|p2a: Genesect\n|\n|upkeep\n|turn|2\n|\n|t:|1769727679\n|switch|p1a: Jellicent|Jellicent, L88, M|319/319\n|move|p2a: Genesect|U-turn|p1a: Jellicent\n|-resisted|p1a: Jellicent\n|-damage|p1a: Jellicent|260/319\n|\n|t:|1769727688\n|switch|p2a: Silvally|Silvally-Flying, L87|307/307|[from] U-turn\n|\n|-heal|p1a: Jellicent|279/319|[from] item: Leftovers\n|upkeep\n|turn|3\n|\n|t:|1769727691\n|move|p2a: Silvally|Parting Shot|p1a: Jellicent\n|-unboost|p1a: Jellicent|atk|1\n|-unboost|p1a: Jellicent|spa|1\n|\n|t:|1769727697\n|switch|p2a: Genesect|Genesect, L73|224/224|[from] Parting Shot\n|-ability|p2a: Genesect|Download|boost\n|-boost|p2a: Genesect|atk|1\n|move|p1a: Jellicent|Will-O-Wisp|p2a: Genesect\n|-status|p2a: Genesect|brn\n|\n|-heal|p1a: Jellicent|298/319|[from] item: Leftovers\n|-damage|p2a: Genesect|210/224 brn|[from] brn\n|upkeep\n|turn|4\n|\n|t:|1769727703\n|move|p2a: Genesect|U-turn|p1a: Jellicent\n|-resisted|p1a: Jellicent\n|-damage|p1a: Jellicent|252/319\n|\n|t:|1769727711\n|switch|p2a: Togekiss|Togekiss, L81, F|270/270|[from] U-turn\n|move|p1a: Jellicent|Scald|p2a: Togekiss\n|-damage|p2a: Togekiss|219/270\n|\n|-heal|p2a: Togekiss|235/270|[from] item: Leftovers\n|-heal|p1a: Jellicent|271/319|[from] item: Leftovers\n|upkeep\n|turn|5\n|\n|t:|1769727714\n|switch|p1a: Chansey|Chansey, L85, F|564/564\n|move|p2a: Togekiss|Nasty Plot|p2a: Togekiss\n|-boost|p2a: Togekiss|spa|2\n|\n|-heal|p2a: Togekiss|251/270|[from] item: Leftovers\n|upkeep\n|turn|6\n|\n|t:|1769727722\n|switch|p2a: Raticate|Raticate-Alola, L89, M|278/278\n|move|p1a: Chansey|Seismic Toss|p2a: Raticate\n|-damage|p2a: Raticate|193/278\n|\n|upkeep\n|turn|7\n|\n|t:|1769727728\n|move|p2a: Raticate|Knock Off|p1a: Chansey\n|-damage|p1a: Chansey|275/564\n|-enditem|p1a: Chansey|Eviolite|[from] move: Knock Off|[of] p2a: Raticate\n|move|p1a: Chansey|Toxic|p2a: Raticate\n|-status|p2a: Raticate|tox\n|\n|-damage|p2a: Raticate|176/278 tox|[from] psn\n|upkeep\n|turn|8\n|\n|t:|1769727732\n|switch|p1a: Amoonguss|Amoonguss, L83, F|325/325\n|move|p2a: Raticate|Double-Edge|p1a: Amoonguss\n|-damage|p1a: Amoonguss|117/325\n|-damage|p2a: Raticate|130/278 tox|[from] item: Rocky Helmet|[of] p1a: Amoonguss\n|-damage|p2a: Raticate|61/278 tox|[from] Recoil\n|\n|-damage|p2a: Raticate|27/278 tox|[from] psn\n|upkeep\n|turn|9\n|\n|t:|1769727737\n|switch|p2a: Silvally|Silvally-Flying, L87|307/307\n|move|p1a: Amoonguss|Synthesis|p1a: Amoonguss\n|-heal|p1a: Amoonguss|279/325\n|\n|upkeep\n|turn|10\n|\n|t:|1769727748\n|move|p2a: Silvally|Multi-Attack|p1a: Amoonguss\n|-supereffective|p1a: Amoonguss\n|-damage|p1a: Amoonguss|21/325\n|-damage|p2a: Silvally|256/307|[from] item: Rocky Helmet|[of] p1a: Amoonguss\n|move|p1a: Amoonguss|Spore|p2a: Silvally\n|-status|p2a: Silvally|slp|[from] move: Spore\n|\n|upkeep\n|turn|11\n|\n|t:|1769727754\n|cant|p2a: Silvally|slp\n|move|p1a: Amoonguss|Synthesis|p1a: Amoonguss\n|-heal|p1a: Amoonguss|183/325\n|\n|upkeep\n|turn|12\n|\n|t:|1769727758\n|switch|p1a: Jellicent|Jellicent, L88, M|271/319\n|cant|p2a: Silvally|slp\n|\n|-heal|p1a: Jellicent|290/319|[from] item: Leftovers\n|upkeep\n|turn|13\n|\n|t:|1769727762\n|cant|p2a: Silvally|slp\n|move|p1a: Jellicent|Scald|p2a: Silvally\n|-damage|p2a: Silvally|178/307 slp\n|\n|-heal|p1a: Jellicent|309/319|[from] item: Leftovers\n|upkeep\n|turn|14\n|\n|t:|1769727765\n|-curestatus|p2a: Silvally|slp|[msg]\n|move|p2a: Silvally|Toxic|p1a: Jellicent\n|-status|p1a: Jellicent|tox\n|move|p1a: Jellicent|Scald|p2a: Silvally\n|-damage|p2a: Silvally|99/307\n|\n|-heal|p1a: Jellicent|319/319 tox|[from] item: Leftovers\n|-damage|p1a: Jellicent|300/319 tox|[from] psn\n|upkeep\n|turn|15\n|\n|t:|1769727767\n|move|p2a: Silvally|Parting Shot|p1a: Jellicent\n|-unboost|p1a: Jellicent|atk|1\n|-unboost|p1a: Jellicent|spa|1\n|\n|t:|1769727770\n|switch|p2a: Raticate|Raticate-Alola, L89, M|27/278 tox|[from] Parting Shot\n|move|p1a: Jellicent|Scald|p2a: Raticate\n|-damage|p2a: Raticate|0 fnt\n|faint|p2a: Raticate\n|\n|-heal|p1a: Jellicent|319/319 tox|[from] item: Leftovers\n|-damage|p1a: Jellicent|281/319 tox|[from] psn\n|upkeep\n|\n|t:|1769727773\n|switch|p2a: Pachirisu|Pachirisu, L96, M|271/271\n|turn|16\n|\n|t:|1769727777\n|switch|p1a: Amoonguss|Amoonguss, L83, F|291/325\n|move|p2a: Pachirisu|U-turn|p1a: Amoonguss\n|-damage|p1a: Amoonguss|243/325\n|-damage|p2a: Pachirisu|226/271|[from] item: Rocky Helmet|[of] p1a: Amoonguss\n|\n|t:|1769727779\n|switch|p2a: Silvally|Silvally-Flying, L87|99/307|[from] U-turn\n|\n|upkeep\n|turn|17\n|\n|t:|1769727794\n|switch|p1a: Jellicent|Jellicent, L88, M|281/319 tox\n|move|p2a: Silvally|Multi-Attack|p1a: Jellicent\n|-damage|p1a: Jellicent|160/319 tox\n|\n|-heal|p1a: Jellicent|179/319 tox|[from] item: Leftovers\n|-damage|p1a: Jellicent|160/319 tox|[from] psn\n|upkeep\n|turn|18\n|\n|t:|1769727801\n|move|p2a: Silvally|Parting Shot|p1a: Jellicent\n|-unboost|p1a: Jellicent|atk|1\n|-unboost|p1a: Jellicent|spa|1\n|\n|t:|1769727819\n|switch|p2a: Togekiss|Togekiss, L81, F|251/270|[from] Parting Shot\n|move|p1a: Jellicent|Scald|p2a: Togekiss\n|-damage|p2a: Togekiss|199/270\n|\n|-heal|p2a: Togekiss|215/270|[from] item: Leftovers\n|-heal|p1a: Jellicent|179/319 tox|[from] item: Leftovers\n|-damage|p1a: Jellicent|141/319 tox|[from] psn\n|upkeep\n|turn|19\n|\n|t:|1769727828\n|switch|p2a: Silvally|Silvally-Flying, L87|99/307\n|switch|p1a: Chansey|Chansey, L85, F|275/564\n|\n|upkeep\n|turn|20\n|\n|t:|1769727836\n|move|p2a: Silvally|Multi-Attack|p1a: Chansey\n|-damage|p1a: Chansey|0 fnt\n|faint|p1a: Chansey\n|\n|upkeep\n|\n|t:|1769727840\n|switch|p1a: Golurk|Golurk, L87|297/297\n|turn|21\n|\n|t:|1769727843\n|move|p2a: Silvally|Parting Shot|p1a: Golurk\n|-unboost|p1a: Golurk|atk|1\n|-unboost|p1a: Golurk|spa|1\n|\n|t:|1769727846\n|switch|p2a: Umbreon|Umbreon, L84, F|297/297|[from] Parting Shot\n|move|p1a: Golurk|Stone Edge|p2a: Umbreon\n|-damage|p2a: Umbreon|229/297\n|-damage|p1a: Golurk|268/297|[from] item: Life Orb\n|\n|-heal|p2a: Umbreon|247/297|[from] item: Leftovers\n|upkeep\n|turn|22\n|\n|t:|1769727850\n|switch|p1a: Amoonguss|Amoonguss, L83, F|325/325\n|move|p2a: Umbreon|Foul Play|p1a: Amoonguss\n|-damage|p1a: Amoonguss|234/325\n|-damage|p2a: Umbreon|198/297|[from] item: Rocky Helmet|[of] p1a: Amoonguss\n|\n|-heal|p2a: Umbreon|216/297|[from] item: Leftovers\n|upkeep\n|turn|23\n|\n|t:|1769727858\n|move|p2a: Umbreon|Heal Bell|p2a: Umbreon\n|-activate|p2a: Umbreon|move: Heal Bell\n|-curestatus|p2: Genesect|brn|[msg]\n|move|p1a: Amoonguss|Spore|p2a: Umbreon\n|-status|p2a: Umbreon|slp|[from] move: Spore\n|\n|-heal|p2a: Umbreon|234/297 slp|[from] item: Leftovers\n|upkeep\n|turn|24\n|\n|t:|1769727867\n|switch|p1a: Golurk|Golurk, L87|268/297\n|cant|p2a: Umbreon|slp\n|\n|-heal|p2a: Umbreon|252/297 slp|[from] item: Leftovers\n|upkeep\n|turn|25\n|\n|t:|1769727873\n|cant|p2a: Umbreon|slp\n|move|p1a: Golurk|Dynamic Punch|p2a: Umbreon\n|-supereffective|p2a: Umbreon\n|-damage|p2a: Umbreon|62/297 slp\n|-start|p2a: Umbreon|confusion\n|-damage|p1a: Golurk|239/297|[from] item: Life Orb\n|\n|-heal|p2a: Umbreon|80/297 slp|[from] item: Leftovers\n|upkeep\n|turn|26\n|\n|t:|1769727877\n|switch|p1a: Lilligant|Lilligant, L87, F|264/264\n|-curestatus|p2a: Umbreon|slp|[msg]\n|-activate|p2a: Umbreon|confusion\n|move|p2a: Umbreon|Foul Play|p1a: Lilligant\n|-damage|p1a: Lilligant|204/264\n|\n|-heal|p2a: Umbreon|98/297|[from] item: Leftovers\n|upkeep\n|turn|27\n|\n|t:|1769727882\n|switch|p2a: Genesect|Genesect, L73|210/224\n|-ability|p2a: Genesect|Download|boost\n|-boost|p2a: Genesect|spa|1\n|move|p1a: Lilligant|Quiver Dance|p1a: Lilligant\n|-boost|p1a: Lilligant|spa|1\n|-boost|p1a: Lilligant|spd|1\n|-boost|p1a: Lilligant|spe|1\n|\n|upkeep\n|turn|28\n|\n|t:|1769727887\n|move|p1a: Lilligant|Sleep Powder|p2a: Genesect\n|-status|p2a: Genesect|slp|[from] move: Sleep Powder\n|cant|p2a: Genesect|slp\n|\n|upkeep\n|turn|29\n|\n|t:|1769727889\n|move|p1a: Lilligant|Hidden Power|p2a: Genesect\n|-damage|p2a: Genesect|114/224 slp\n|-damage|p1a: Lilligant|178/264|[from] item: Life Orb\n|cant|p2a: Genesect|slp\n|\n|upkeep\n|turn|30\n|\n|t:|1769727893\n|move|p1a: Lilligant|Hidden Power|p2a: Genesect\n|-damage|p2a: Genesect|5/224 slp\n|-damage|p1a: Lilligant|152/264|[from] item: Life Orb\n|cant|p2a: Genesect|slp\n|\n|upkeep\n|turn|31\n|\n|t:|1769727895\n|move|p1a: Lilligant|Hidden Power|p2a: Genesect\n|-damage|p2a: Genesect|0 fnt\n|faint|p2a: Genesect\n|-damage|p1a: Lilligant|126/264|[from] item: Life Orb\n|\n|upkeep\n|\n|t:|1769727900\n|switch|p2a: Pachirisu|Pachirisu, L96, M|226/271\n|turn|32\n|\n|t:|1769727905\n|move|p1a: Lilligant|Petal Dance|p2a: Pachirisu\n|-damage|p2a: Pachirisu|73/271\n|-damage|p1a: Lilligant|100/264|[from] item: Life Orb\n|move|p2a: Pachirisu|Nuzzle|p1a: Lilligant\n|-resisted|p1a: Lilligant\n|-damage|p1a: Lilligant|91/264\n|-status|p1a: Lilligant|par\n|\n|upkeep\n|turn|33\n|\n|t:|1769727909\n|move|p2a: Pachirisu|U-turn|p1a: Lilligant\n|-supereffective|p1a: Lilligant\n|-damage|p1a: Lilligant|1/264 par\n|\n|t:|1769727913\n|switch|p2a: Silvally|Silvally-Flying, L87|99/307|[from] U-turn\n|move|p1a: Lilligant|Petal Dance|p2a: Silvally|[from] lockedmove\n|-resisted|p2a: Silvally\n|-damage|p2a: Silvally|0 fnt\n|faint|p2a: Silvally\n|-damage|p1a: Lilligant|0 fnt|[from] item: Life Orb\n|faint|p1a: Lilligant\n|\n|upkeep\n|\n|t:|1769727923\n|switch|p2a: Umbreon|Umbreon, L84, F|98/297\n|switch|p1a: Seviper|Seviper, L94, F|290/290\n|turn|34\n|\n|t:|1769727928\n|move|p1a: Seviper|Poison Jab|p2a: Umbreon\n|-damage|p2a: Umbreon|0 fnt\n|faint|p2a: Umbreon\n|-damage|p1a: Seviper|261/290|[from] item: Life Orb\n|\n|upkeep\n|\n|t:|1769727931\n|switch|p2a: Pachirisu|Pachirisu, L96, M|73/271\n|turn|35\n|\n|t:|1769727936\n|move|p1a: Seviper|Sucker Punch|p2a: Pachirisu\n|-damage|p2a: Pachirisu|0 fnt\n|faint|p2a: Pachirisu\n|-damage|p1a: Seviper|232/290|[from] item: Life Orb\n|\n|upkeep\n|\n|t:|1769727938\n|switch|p2a: Togekiss|Togekiss, L81, F|215/270\n|turn|36\n|\n|t:|1769727940\n|move|p2a: Togekiss|Air Slash|p1a: Seviper\n|-damage|p1a: Seviper|123/290\n|move|p1a: Seviper|Poison Jab|p2a: Togekiss\n|-supereffective|p2a: Togekiss\n|-damage|p2a: Togekiss|0 fnt\n|faint|p2a: Togekiss\n|-damage|p1a: Seviper|94/290|[from] item: Life Orb\n|\n|win|may/gen3\n|raw|may&#x2f;gen3's rating: 1756 &rarr; <strong>1771</strong><br />(+15 for winning)\n|raw|xxfairykingxx's rating: 1668 &rarr; <strong>1653</strong><br />(-15 for losing)\n|l|☆xxfairykingxx\n|player|p2|\n", "inputlog": ">version b99ff0165a6231f17e8b78c2a78d1998375de664\n>start {\"formatid\":\"gen7randombattle\",\"seed\":\"sodium,ecc5c57f54fb19bd3afd9bc40628de85\",\"rated\":\"Rated battle\"}\n>player p1 {\"name\":\"may/gen3\",\"avatar\":\"may\",\"rating\":1756,\"seed\":\"sodium,bf08725c7c90087c3f2e96cd887a4929\"}\n>player p2 {\"name\":\"xxfairykingxx\",\"avatar\":\"preschoolerf\",\"rating\":1668,\"seed\":\"sodium,4d289899ac2744903cefef11b1299686\"}\n>p1 move poisonjab\n>p2 switch 6\n>p1 switch 5\n>p2 move uturn\n>p2 switch 3\n>p1 move willowisp\n>p2 move partingshot\n>p2 switch 3\n>p1 move scald\n>p2 move uturn\n>p2 switch 6\n>p1 switch 2\n>p2 move nastyplot\n>p1 move seismictoss\n>p2 switch 4\n>p1 move toxic\n>p2 move knockoff\n>p1 switch 6\n>p2 move doubleedge\n>p1 move synthesis\n>p2 switch 3\n>p1 move spore\n>p2 move multiattack\n>p1 move synthesis\n>p2 move multiattack\n>p1 switch 2\n>p2 move multiattack\n>p1 move scald\n>p2 move partingshot\n>p1 move scald\n>p2 move toxic\n>p1 move scald\n>p2 move partingshot\n>p2 switch 3\n>p2 switch 2\n>p1 switch 2\n>p2 move uturn\n>p2 switch 3\n>p1 switch 2\n>p2 move multiattack\n>p1 move scald\n>p2 move partingshot\n>p2 switch 4\n>p1 switch 6\n>p2 switch 4\n>p1 move seismictoss\n>p2 move multiattack\n>p1 switch 3\n>p1 move stoneedge\n>p2 move partingshot\n>p2 switch 5\n>p1 switch 2\n>p2 move foulplay\n>p1 move spore\n>p2 move healbell\n>p1 switch 2\n>p2 move foulplay\n>p1 move dynamicpunch\n>p2 move foulplay\n>p1 switch 4\n>p2 move foulplay\n>p1 move quiverdance\n>p2 switch 6\n>p1 move sleeppowder\n>p2 move uturn\n>p1 move hiddenpower\n>p2 move uturn\n>p1 move hiddenpower\n>p2 move uturn\n>p1 move hiddenpower\n>p2 move uturn\n>p2 switch 3\n>p1 move petaldance\n>p2 move nuzzle\n>p1 move petaldance\n>p2 move uturn\n>p2 switch 5\n>p1 switch 5\n>p2 switch 6\n>p1 move poisonjab\n>p2 move moonlight\n>p2 switch 5\n>p1 move suckerpunch\n>p2 move nuzzle\n>p2 switch 4\n>p1 move poisonjab\n>p2 move airslash", "uploadtime": 1769727952, "views": 171, "formatid": "gen7randombattle", "rating": 1653, "private": 0, "password": null}