{"id": "gen7randombattle-2523540012", "format": "[Gen 7] Random Battle", "players": ["Kitsune247", "La.Hellhound"], "log": "|j|☆Kitsune247\n|j|‽La.Hellhound\n|t:|1769035472\n|gametype|singles\n|player|p1|Kitsune247|266|1702\n|player|p2|La.Hellhound|alder|1783\n|gen|7\n|tier|[Gen 7] Random Battle\n|rated|\n|rule|Sleep Clause Mod: Limit one foe put to sleep\n|rule|HP Percentage Mod: HP is shown in percentages\n|rule|Illusion Level Mod: Illusion disguises the Pokémon's true level\n|\n|t:|1769035472\n|teamsize|p1|6\n|teamsize|p2|6\n|start\n|switch|p1a: Dewgong|Dewgong, L96, F|328/328\n|switch|p2a: Kecleon|Kecleon, L90, F|254/254\n|turn|1\n|inactive|Battle timer is ON: inactive players will automatically lose when time's up. (requested by La.Hellhound)\n|inactive|La.Hellhound has 120 seconds left.\n|inactive|La.Hellhound has 90 seconds left.\n|\n|t:|1769035540\n|switch|p2a: Tapu Fini|Tapu Fini, L80|243/243\n|-fieldstart|move: Misty Terrain|[from] ability: Misty Surge|[of] p2a: Tapu Fini\n|move|p1a: Dewgong|Toxic|p2a: Tapu Fini\n|-activate|p2a: Tapu Fini|move: Misty Terrain\n|\n|upkeep\n|turn|2\n|\n|t:|1769035552\n|switch|p1a: Heliolisk|Heliolisk, L85, M|244/244\n|move|p2a: Tapu Fini|Calm Mind|p2a: Tapu Fini\n|-boost|p2a: Tapu Fini|spa|1\n|-boost|p2a: Tapu Fini|spd|1\n|\n|upkeep\n|turn|3\n|\n|t:|1769035561\n|move|p1a: Heliolisk|Thunderbolt|p2a: Tapu Fini\n|-supereffective|p2a: Tapu Fini\n|-damage|p2a: Tapu Fini|100/243\n|-damage|p1a: Heliolisk|220/244|[from] item: Life Orb\n|move|p2a: Tapu Fini|Moonblast|p1a: Heliolisk\n|-damage|p1a: Heliolisk|100/244\n|-unboost|p1a: Heliolisk|spa|1\n|\n|-heal|p2a: Tapu Fini|115/243|[from] item: Leftovers\n|upkeep\n|turn|4\n|\n|t:|1769035574\n|switch|p2a: Gothitelle|Gothitelle, L91, F|275/275\n|move|p1a: Heliolisk|Thunderbolt|p2a: Gothitelle\n|-damage|p2a: Gothitelle|205/275\n|-damage|p1a: Heliolisk|76/244|[from] item: Life Orb\n|\n|upkeep\n|turn|5\n|\n|t:|1769035581\n|move|p2a: Gothitelle|Psychic|p1a: Heliolisk\n|-damage|p1a: Heliolisk|0 fnt\n|faint|p1a: Heliolisk\n|\n|-fieldend|Misty Terrain\n|upkeep\n|\n|t:|1769035584\n|switch|p1a: Incineroar|Incineroar, L82, F|290/290\n|-ability|p1a: Incineroar|Intimidate|boost\n|-unboost|p2a: Gothitelle|atk|1\n|turn|6\n|\n|t:|1769035594\n|switch|p2a: Kecleon|Kecleon, L90, F|254/254\n|move|p1a: Incineroar|U-turn|p2a: Kecleon\n|-damage|p2a: Kecleon|199/254\n|\n|t:|1769035602\n|switch|p1a: Camerupt|Camerupt, L88, M|266/266|[from] U-turn\n|\n|-heal|p2a: Kecleon|214/254|[from] item: Leftovers\n|upkeep\n|turn|7\n|\n|t:|1769035610\n|detailschange|p1a: Camerupt|Camerupt-Mega, L88, M\n|-mega|p1a: Camerupt|Camerupt|Cameruptite\n|move|p2a: Kecleon|Drain Punch|p1a: Camerupt\n|-start|p2a: Kecleon|typechange|Fighting|[from] ability: Protean\n|-damage|p1a: Camerupt|191/266\n|-heal|p2a: Kecleon|252/254|[from] drain|[of] p1a: Camerupt\n|move|p1a: Camerupt|Stealth Rock|p2a: Kecleon\n|-sidestart|p2: La.Hellhound|move: Stealth Rock\n|\n|-heal|p2a: Kecleon|254/254|[from] item: Leftovers\n|upkeep\n|turn|8\n|\n|t:|1769035621\n|move|p2a: Kecleon|Drain Punch|p1a: Camerupt\n|-damage|p1a: Camerupt|119/266\n|move|p1a: Camerupt|Fire Blast|p2a: Kecleon\n|-damage|p2a: Kecleon|85/254\n|\n|-heal|p2a: Kecleon|100/254|[from] item: Leftovers\n|upkeep\n|turn|9\n|\n|t:|1769035629\n|move|p2a: Kecleon|Recover|p2a: Kecleon\n|-start|p2a: Kecleon|typechange|Normal|[from] ability: Protean\n|-heal|p2a: Kecleon|227/254\n|move|p1a: Camerupt|Fire Blast|p2a: Kecleon\n|-damage|p2a: Kecleon|59/254\n|\n|-heal|p2a: Kecleon|74/254|[from] item: Leftovers\n|upkeep\n|turn|10\n|\n|t:|1769035638\n|move|p2a: Kecleon|Recover|p2a: Kecleon\n|-heal|p2a: Kecleon|201/254\n|move|p1a: Camerupt|Fire Blast|p2a: Kecleon\n|-damage|p2a: Kecleon|42/254\n|\n|-heal|p2a: Kecleon|57/254|[from] item: Leftovers\n|upkeep\n|turn|11\n|\n|t:|1769035648\n|move|p2a: Kecleon|Recover|p2a: Kecleon\n|-heal|p2a: Kecleon|184/254\n|move|p1a: Camerupt|Fire Blast|p2a: Kecleon\n|-damage|p2a: Kecleon|28/254\n|\n|-heal|p2a: Kecleon|43/254|[from] item: Leftovers\n|upkeep\n|turn|12\n|\n|t:|1769035658\n|move|p2a: Kecleon|Recover|p2a: Kecleon\n|-heal|p2a: Kecleon|170/254\n|move|p1a: Camerupt|Fire Blast|p2a: Kecleon\n|-damage|p2a: Kecleon|10/254\n|\n|-heal|p2a: Kecleon|25/254|[from] item: Leftovers\n|upkeep\n|turn|13\n|\n|t:|1769035670\n|move|p2a: Kecleon|Toxic|p1a: Camerupt\n|-start|p2a: Kecleon|typechange|Poison|[from] ability: Protean\n|-status|p1a: Camerupt|tox\n|move|p1a: Camerupt|Earth Power|p2a: Kecleon\n|-supereffective|p2a: Kecleon\n|-damage|p2a: Kecleon|0 fnt\n|faint|p2a: Kecleon\n|\n|-damage|p1a: Camerupt|103/266 tox|[from] psn\n|upkeep\n|\n|t:|1769035680\n|switch|p2a: Tropius|Tropius, L94, M|336/336\n|-damage|p2a: Tropius|252/336|[from] Stealth Rock\n|turn|14\n|\n|t:|1769035687\n|move|p2a: Tropius|Substitute|p2a: Tropius\n|-start|p2a: Tropius|Substitute\n|-damage|p2a: Tropius|168/336\n|-enditem|p2a: Tropius|Sitrus Berry|[eat]\n|-heal|p2a: Tropius|252/336|[from] item: Sitrus Berry\n|move|p1a: Camerupt|Ancient Power|p2a: Tropius\n|-supereffective|p2a: Tropius\n|-end|p2a: Tropius|Substitute\n|\n|-damage|p1a: Camerupt|71/266 tox|[from] psn\n|-item|p2a: Tropius|Sitrus Berry|[from] ability: Harvest\n|upkeep\n|turn|15\n|\n|t:|1769035699\n|move|p2a: Tropius|Protect|p2a: Tropius\n|-singleturn|p2a: Tropius|Protect\n|move|p1a: Camerupt|Ancient Power|p2a: Tropius\n|-activate|p2a: Tropius|move: Protect\n|\n|-damage|p1a: Camerupt|23/266 tox|[from] psn\n|upkeep\n|turn|16\n|\n|t:|1769035710\n|move|p2a: Tropius|Air Slash|p1a: Camerupt\n|-damage|p1a: Camerupt|0 fnt\n|faint|p1a: Camerupt\n|detailschange|p1: Camerupt|Camerupt, L88, M|[silent]\n|\n|upkeep\n|\n|t:|1769035724\n|switch|p1a: Mismagius|Mismagius, L87, M|246/246\n|turn|17\n|inactive|La.Hellhound has 120 seconds left.\n|\n|t:|1769035775\n|move|p1a: Mismagius|Taunt|p2a: Tropius\n|-start|p2a: Tropius|move: Taunt\n|cant|p2a: Tropius|move: Taunt|Leech Seed\n|\n|upkeep\n|turn|18\n|\n|t:|1769035780\n|move|p1a: Mismagius|Shadow Ball|p2a: Tropius\n|-damage|p2a: Tropius|158/336\n|-enditem|p2a: Tropius|Sitrus Berry|[eat]\n|-heal|p2a: Tropius|242/336|[from] item: Sitrus Berry\n|move|p2a: Tropius|Air Slash|p1a: Mismagius\n|-damage|p1a: Mismagius|176/246\n|\n|-heal|p1a: Mismagius|191/246|[from] item: Leftovers\n|upkeep\n|turn|19\n|\n|t:|1769035789\n|move|p1a: Mismagius|Shadow Ball|p2a: Tropius\n|-damage|p2a: Tropius|157/336\n|move|p2a: Tropius|Air Slash|p1a: Mismagius\n|-damage|p1a: Mismagius|124/246\n|\n|-heal|p1a: Mismagius|139/246|[from] item: Leftovers\n|-end|p2a: Tropius|move: Taunt\n|upkeep\n|turn|20\n|inactive|La.Hellhound has 120 seconds left.\n|\n|t:|1769035798\n|move|p1a: Mismagius|Taunt|p2a: Tropius\n|-start|p2a: Tropius|move: Taunt\n|move|p2a: Tropius|Air Slash|p1a: Mismagius\n|-damage|p1a: Mismagius|73/246\n|\n|-heal|p1a: Mismagius|88/246|[from] item: Leftovers\n|-item|p2a: Tropius|Sitrus Berry|[from] ability: Harvest\n|upkeep\n|-enditem|p2a: Tropius|Sitrus Berry|[eat]\n|-heal|p2a: Tropius|241/336|[from] item: Sitrus Berry\n|turn|21\n|\n|t:|1769035808\n|move|p1a: Mismagius|Shadow Ball|p2a: Tropius\n|-damage|p2a: Tropius|150/336\n|move|p2a: Tropius|Air Slash|p1a: Mismagius\n|-damage|p1a: Mismagius|22/246\n|\n|-heal|p1a: Mismagius|37/246|[from] item: Leftovers\n|-item|p2a: Tropius|Sitrus Berry|[from] ability: Harvest\n|upkeep\n|-enditem|p2a: Tropius|Sitrus Berry|[eat]\n|-heal|p2a: Tropius|234/336|[from] item: Sitrus Berry\n|turn|22\n|\n|t:|1769035820\n|move|p1a: Mismagius|Shadow Ball|p2a: Tropius\n|-damage|p2a: Tropius|155/336\n|move|p2a: Tropius|Air Slash|p1a: Mismagius\n|-damage|p1a: Mismagius|0 fnt\n|faint|p1a: Mismagius\n|\n|-end|p2a: Tropius|move: Taunt\n|-item|p2a: Tropius|Sitrus Berry|[from] ability: Harvest\n|upkeep\n|-enditem|p2a: Tropius|Sitrus Berry|[eat]\n|-heal|p2a: Tropius|239/336|[from] item: Sitrus Berry\n|\n|t:|1769035827\n|switch|p1a: Dewgong|Dewgong, L96, F|328/328\n|turn|23\n|\n|t:|1769035838\n|switch|p2a: Gothitelle|Gothitelle, L91, F|205/275\n|-damage|p2a: Gothitelle|171/275|[from] Stealth Rock\n|move|p1a: Dewgong|Ice Beam|p2a: Gothitelle\n|-damage|p2a: Gothitelle|93/275\n|\n|upkeep\n|turn|24\n|\n|t:|1769035847\n|move|p1a: Dewgong|Protect|p1a: Dewgong\n|-singleturn|p1a: Dewgong|Protect\n|move|p2a: Gothitelle|Thunderbolt|p1a: Dewgong\n|-activate|p1a: Dewgong|move: Protect\n|\n|upkeep\n|turn|25\n|\n|t:|1769035852\n|move|p2a: Gothitelle|Thunderbolt|p1a: Dewgong\n|-supereffective|p1a: Dewgong\n|-damage|p1a: Dewgong|200/328\n|move|p1a: Dewgong|Ice Beam|p2a: Gothitelle\n|-damage|p2a: Gothitelle|14/275\n|\n|-heal|p1a: Dewgong|220/328|[from] item: Leftovers\n|upkeep\n|turn|26\n|\n|t:|1769035860\n|move|p1a: Dewgong|Protect|p1a: Dewgong\n|-singleturn|p1a: Dewgong|Protect\n|move|p2a: Gothitelle|Thunderbolt|p1a: Dewgong\n|-activate|p1a: Dewgong|move: Protect\n|\n|-heal|p1a: Dewgong|240/328|[from] item: Leftovers\n|upkeep\n|turn|27\n|\n|t:|1769035869\n|move|p2a: Gothitelle|Thunderbolt|p1a: Dewgong\n|-supereffective|p1a: Dewgong\n|-damage|p1a: Dewgong|116/328\n|move|p1a: Dewgong|Ice Beam|p2a: Gothitelle\n|-damage|p2a: Gothitelle|0 fnt\n|faint|p2a: Gothitelle\n|\n|-heal|p1a: Dewgong|136/328|[from] item: Leftovers\n|upkeep\n|\n|t:|1769035878\n|switch|p2a: Tapu Fini|Tapu Fini, L80|115/243\n|-damage|p2a: Tapu Fini|85/243|[from] Stealth Rock\n|-fieldstart|move: Misty Terrain|[from] ability: Misty Surge|[of] p2a: Tapu Fini\n|turn|28\n|inactive|Kitsune247 has 120 seconds left.\n|\n|t:|1769035911\n|switch|p1a: Incineroar|Incineroar, L82, F|290/290\n|-ability|p1a: Incineroar|Intimidate|boost\n|-unboost|p2a: Tapu Fini|atk|1\n|move|p2a: Tapu Fini|Moonblast|p1a: Incineroar\n|-damage|p1a: Incineroar|232/290\n|\n|-heal|p2a: Tapu Fini|100/243|[from] item: Leftovers\n|upkeep\n|turn|29\n|\n|t:|1769035920\n|move|p1a: Incineroar|Fake Out|p2a: Tapu Fini\n|-damage|p2a: Tapu Fini|74/243\n|cant|p2a: Tapu Fini|flinch\n|\n|-heal|p2a: Tapu Fini|89/243|[from] item: Leftovers\n|upkeep\n|turn|30\n|\n|t:|1769035930\n|move|p2a: Tapu Fini|Surf|p1a: Incineroar\n|-supereffective|p1a: Incineroar\n|-damage|p1a: Incineroar|110/290\n|move|p1a: Incineroar|Darkest Lariat|p2a: Tapu Fini\n|-resisted|p2a: Tapu Fini\n|-damage|p2a: Tapu Fini|50/243\n|\n|-heal|p2a: Tapu Fini|65/243|[from] item: Leftovers\n|upkeep\n|turn|31\n|\n|t:|1769035939\n|move|p2a: Tapu Fini|Surf|p1a: Incineroar\n|-supereffective|p1a: Incineroar\n|-damage|p1a: Incineroar|0 fnt\n|faint|p1a: Incineroar\n|\n|-heal|p2a: Tapu Fini|80/243|[from] item: Leftovers\n|upkeep\n|\n|t:|1769035943\n|switch|p1a: Luvdisc|Luvdisc, M|248/248\n|turn|32\n|\n|t:|1769035951\n|move|p1a: Luvdisc|Protect|p1a: Luvdisc\n|-singleturn|p1a: Luvdisc|Protect\n|move|p2a: Tapu Fini|Moonblast|p1a: Luvdisc\n|-activate|p1a: Luvdisc|move: Protect\n|\n|-heal|p2a: Tapu Fini|95/243|[from] item: Leftovers\n|-fieldend|Misty Terrain\n|upkeep\n|turn|33\n|\n|t:|1769035961\n|switch|p2a: Ditto|Ditto, L83|215/215\n|-damage|p2a: Ditto|189/215|[from] Stealth Rock\n|-transform|p2a: Ditto|p1a: Luvdisc|[from] ability: Imposter\n|move|p1a: Luvdisc|Toxic|p2a: Ditto\n|-status|p2a: Ditto|tox\n|\n|-damage|p2a: Ditto|176/215 tox|[from] psn\n|upkeep\n|turn|34\n|\n|t:|1769035970\n|move|p1a: Luvdisc|Protect|p1a: Luvdisc\n|-singleturn|p1a: Luvdisc|Protect\n|move|p2a: Ditto|Toxic|p1a: Luvdisc\n|-activate|p1a: Luvdisc|move: Protect\n|\n|-damage|p2a: Ditto|150/215 tox|[from] psn\n|upkeep\n|turn|35\n|\n|t:|1769035979\n|move|p2a: Ditto|Toxic|p1a: Luvdisc|[miss]\n|-miss|p2a: Ditto|p1a: Luvdisc\n|move|p1a: Luvdisc|Substitute|p1a: Luvdisc\n|-start|p1a: Luvdisc|Substitute\n|-damage|p1a: Luvdisc|186/248\n|\n|-heal|p1a: Luvdisc|201/248|[from] item: Leftovers\n|-damage|p2a: Ditto|111/215 tox|[from] psn\n|upkeep\n|turn|36\n|\n|t:|1769035987\n|switch|p2a: Tapu Fini|Tapu Fini, L80|95/243\n|-damage|p2a: Tapu Fini|65/243|[from] Stealth Rock\n|-fieldstart|move: Misty Terrain|[from] ability: Misty Surge|[of] p2a: Tapu Fini\n|move|p1a: Luvdisc|Toxic|p2a: Tapu Fini\n|-activate|p2a: Tapu Fini|move: Misty Terrain\n|\n|-heal|p1a: Luvdisc|216/248|[from] item: Leftovers\n|-heal|p2a: Tapu Fini|80/243|[from] item: Leftovers\n|upkeep\n|turn|37\n|\n|t:|1769035997\n|move|p1a: Luvdisc|Scald|p2a: Tapu Fini\n|-resisted|p2a: Tapu Fini\n|-damage|p2a: Tapu Fini|56/243\n|move|p2a: Tapu Fini|Calm Mind|p2a: Tapu Fini\n|-boost|p2a: Tapu Fini|spa|1\n|-boost|p2a: Tapu Fini|spd|1\n|\n|-heal|p1a: Luvdisc|231/248|[from] item: Leftovers\n|-heal|p2a: Tapu Fini|71/243|[from] item: Leftovers\n|upkeep\n|turn|38\n|\n|t:|1769036007\n|move|p1a: Luvdisc|Protect|p1a: Luvdisc\n|-singleturn|p1a: Luvdisc|Protect\n|move|p2a: Tapu Fini|Moonblast|p1a: Luvdisc\n|-activate|p1a: Luvdisc|move: Protect\n|\n|-heal|p1a: Luvdisc|246/248|[from] item: Leftovers\n|-heal|p2a: Tapu Fini|86/243|[from] item: Leftovers\n|upkeep\n|turn|39\n|\n|t:|1769036014\n|move|p1a: Luvdisc|Scald|p2a: Tapu Fini\n|-resisted|p2a: Tapu Fini\n|-damage|p2a: Tapu Fini|68/243\n|move|p2a: Tapu Fini|Moonblast|p1a: Luvdisc\n|-end|p1a: Luvdisc|Substitute\n|\n|-heal|p1a: Luvdisc|248/248|[from] item: Leftovers\n|-heal|p2a: Tapu Fini|83/243|[from] item: Leftovers\n|upkeep\n|turn|40\n|\n|t:|1769036024\n|move|p1a: Luvdisc|Substitute|p1a: Luvdisc\n|-start|p1a: Luvdisc|Substitute\n|-damage|p1a: Luvdisc|186/248\n|move|p2a: Tapu Fini|Moonblast|p1a: Luvdisc\n|-end|p1a: Luvdisc|Substitute\n|\n|-heal|p1a: Luvdisc|201/248|[from] item: Leftovers\n|-heal|p2a: Tapu Fini|98/243|[from] item: Leftovers\n|-fieldend|Misty Terrain\n|upkeep\n|turn|41\n|\n|t:|1769036034\n|switch|p2a: Ditto|Ditto, L83|111/215 tox\n|-damage|p2a: Ditto|85/215 tox|[from] Stealth Rock\n|-transform|p2a: Ditto|p1a: Luvdisc|[from] ability: Imposter\n|move|p1a: Luvdisc|Toxic|p2a: Ditto\n|-fail|p2a: Ditto|tox\n|\n|-heal|p1a: Luvdisc|216/248|[from] item: Leftovers\n|-damage|p2a: Ditto|72/215 tox|[from] psn\n|upkeep\n|turn|42\n|\n|t:|1769036044\n|move|p1a: Luvdisc|Protect|p1a: Luvdisc\n|-singleturn|p1a: Luvdisc|Protect\n|move|p2a: Ditto|Toxic|p1a: Luvdisc\n|-activate|p1a: Luvdisc|move: Protect\n|\n|-heal|p1a: Luvdisc|231/248|[from] item: Leftovers\n|-damage|p2a: Ditto|46/215 tox|[from] psn\n|upkeep\n|turn|43\n|\n|t:|1769036055\n|switch|p1a: Dewgong|Dewgong, L96, F|136/328\n|move|p2a: Ditto|Toxic|p1a: Dewgong\n|-status|p1a: Dewgong|tox\n|\n|-heal|p1a: Dewgong|156/328 tox|[from] item: Leftovers\n|-damage|p2a: Ditto|7/215 tox|[from] psn\n|-damage|p1a: Dewgong|136/328 tox|[from] psn\n|upkeep\n|turn|44\n|\n|t:|1769036065\n|move|p2a: Ditto|Toxic|p1a: Dewgong\n|-fail|p1a: Dewgong|tox\n|move|p1a: Dewgong|Ice Beam|p2a: Ditto\n|-resisted|p2a: Ditto\n|-damage|p2a: Ditto|0 fnt\n|faint|p2a: Ditto\n|\n|-heal|p1a: Dewgong|156/328 tox|[from] item: Leftovers\n|-damage|p1a: Dewgong|116/328 tox|[from] psn\n|upkeep\n|\n|t:|1769036079\n|switch|p2a: Tapu Koko|Tapu Koko, L77|234/234\n|-damage|p2a: Tapu Koko|205/234|[from] Stealth Rock\n|-fieldstart|move: Electric Terrain|[from] ability: Electric Surge|[of] p2a: Tapu Koko\n|turn|45\n|\n|t:|1769036088\n|move|p2a: Tapu Koko|Thunderbolt|p1a: Dewgong\n|-supereffective|p1a: Dewgong\n|-damage|p1a: Dewgong|0 fnt\n|faint|p1a: Dewgong\n|\n|upkeep\n|\n|t:|1769036090\n|switch|p1a: Luvdisc|Luvdisc, M|231/248\n|turn|46\n|\n|t:|1769036096\n|move|p1a: Luvdisc|Protect|p1a: Luvdisc\n|-singleturn|p1a: Luvdisc|Protect\n|move|p2a: Tapu Koko|Thunderbolt|p1a: Luvdisc\n|-activate|p1a: Luvdisc|move: Protect\n|\n|-heal|p1a: Luvdisc|246/248|[from] item: Leftovers\n|upkeep\n|turn|47\n|\n|t:|1769036105\n|move|p1a: Luvdisc|Substitute|p1a: Luvdisc\n|-start|p1a: Luvdisc|Substitute\n|-damage|p1a: Luvdisc|184/248\n|move|p2a: Tapu Koko|Calm Mind|p2a: Tapu Koko\n|-boost|p2a: Tapu Koko|spa|1\n|-boost|p2a: Tapu Koko|spd|1\n|\n|-heal|p1a: Luvdisc|199/248|[from] item: Leftovers\n|upkeep\n|turn|48\n|\n|t:|1769036119\n|switch|p2a: Tapu Fini|Tapu Fini, L80|98/243\n|-damage|p2a: Tapu Fini|68/243|[from] Stealth Rock\n|-fieldstart|move: Misty Terrain|[from] ability: Misty Surge|[of] p2a: Tapu Fini\n|move|p1a: Luvdisc|Protect||[still]\n|-fail|p1a: Luvdisc\n|\n|-heal|p1a: Luvdisc|214/248|[from] item: Leftovers\n|-heal|p2a: Tapu Fini|83/243|[from] item: Leftovers\n|upkeep\n|turn|49\n|\n|t:|1769036128\n|move|p1a: Luvdisc|Scald|p2a: Tapu Fini\n|-resisted|p2a: Tapu Fini\n|-damage|p2a: Tapu Fini|56/243\n|move|p2a: Tapu Fini|Calm Mind|p2a: Tapu Fini\n|-boost|p2a: Tapu Fini|spa|1\n|-boost|p2a: Tapu Fini|spd|1\n|\n|-heal|p1a: Luvdisc|229/248|[from] item: Leftovers\n|-heal|p2a: Tapu Fini|71/243|[from] item: Leftovers\n|upkeep\n|turn|50\n|\n|t:|1769036137\n|move|p1a: Luvdisc|Protect|p1a: Luvdisc\n|-singleturn|p1a: Luvdisc|Protect\n|move|p2a: Tapu Fini|Calm Mind|p2a: Tapu Fini\n|-boost|p2a: Tapu Fini|spa|1\n|-boost|p2a: Tapu Fini|spd|1\n|\n|-heal|p1a: Luvdisc|244/248|[from] item: Leftovers\n|-heal|p2a: Tapu Fini|86/243|[from] item: Leftovers\n|upkeep\n|turn|51\n|\n|t:|1769036145\n|move|p1a: Luvdisc|Scald|p2a: Tapu Fini\n|-resisted|p2a: Tapu Fini\n|-damage|p2a: Tapu Fini|74/243\n|move|p2a: Tapu Fini|Moonblast|p1a: Luvdisc\n|-end|p1a: Luvdisc|Substitute\n|\n|-heal|p1a: Luvdisc|248/248|[from] item: Leftovers\n|-heal|p2a: Tapu Fini|89/243|[from] item: Leftovers\n|upkeep\n|turn|52\n|\n|t:|1769036155\n|move|p1a: Luvdisc|Protect|p1a: Luvdisc\n|-singleturn|p1a: Luvdisc|Protect\n|move|p2a: Tapu Fini|Moonblast|p1a: Luvdisc\n|-activate|p1a: Luvdisc|move: Protect\n|\n|-heal|p2a: Tapu Fini|104/243|[from] item: Leftovers\n|-fieldend|Misty Terrain\n|upkeep\n|turn|53\n|\n|t:|1769036164\n|switch|p2a: Tropius|Tropius, L94, M|239/336\n|-damage|p2a: Tropius|155/336|[from] Stealth Rock\n|move|p1a: Luvdisc|Toxic|p2a: Tropius\n|-status|p2a: Tropius|tox\n|\n|-damage|p2a: Tropius|134/336 tox|[from] psn\n|upkeep\n|turn|54\n|\n|t:|1769036172\n|move|p1a: Luvdisc|Protect|p1a: Luvdisc\n|-singleturn|p1a: Luvdisc|Protect\n|move|p2a: Tropius|Air Slash|p1a: Luvdisc\n|-activate|p1a: Luvdisc|move: Protect\n|\n|-damage|p2a: Tropius|92/336 tox|[from] psn\n|-item|p2a: Tropius|Sitrus Berry|[from] ability: Harvest\n|upkeep\n|-enditem|p2a: Tropius|Sitrus Berry|[eat]\n|-heal|p2a: Tropius|176/336 tox|[from] item: Sitrus Berry\n|turn|55\n|\n|t:|1769036182\n|move|p1a: Luvdisc|Substitute|p1a: Luvdisc\n|-start|p1a: Luvdisc|Substitute\n|-damage|p1a: Luvdisc|186/248\n|move|p2a: Tropius|Air Slash|p1a: Luvdisc\n|-end|p1a: Luvdisc|Substitute\n|\n|-heal|p1a: Luvdisc|201/248|[from] item: Leftovers\n|-damage|p2a: Tropius|113/336 tox|[from] psn\n|upkeep\n|turn|56\n|\n|t:|1769036192\n|switch|p2a: Tapu Fini|Tapu Fini, L80|104/243\n|-damage|p2a: Tapu Fini|74/243|[from] Stealth Rock\n|-fieldstart|move: Misty Terrain|[from] ability: Misty Surge|[of] p2a: Tapu Fini\n|move|p1a: Luvdisc|Substitute|p1a: Luvdisc\n|-start|p1a: Luvdisc|Substitute\n|-damage|p1a: Luvdisc|139/248\n|\n|-heal|p1a: Luvdisc|154/248|[from] item: Leftovers\n|-heal|p2a: Tapu Fini|89/243|[from] item: Leftovers\n|upkeep\n|turn|57\n|\n|t:|1769036203\n|move|p1a: Luvdisc|Scald|p2a: Tapu Fini\n|-resisted|p2a: Tapu Fini\n|-damage|p2a: Tapu Fini|65/243\n|move|p2a: Tapu Fini|Calm Mind|p2a: Tapu Fini\n|-boost|p2a: Tapu Fini|spa|1\n|-boost|p2a: Tapu Fini|spd|1\n|\n|-heal|p1a: Luvdisc|169/248|[from] item: Leftovers\n|-heal|p2a: Tapu Fini|80/243|[from] item: Leftovers\n|upkeep\n|turn|58\n|\n|t:|1769036212\n|move|p1a: Luvdisc|Protect|p1a: Luvdisc\n|-singleturn|p1a: Luvdisc|Protect\n|move|p2a: Tapu Fini|Moonblast|p1a: Luvdisc\n|-activate|p1a: Luvdisc|move: Protect\n|\n|-heal|p1a: Luvdisc|184/248|[from] item: Leftovers\n|-heal|p2a: Tapu Fini|95/243|[from] item: Leftovers\n|upkeep\n|turn|59\n|\n|t:|1769036219\n|move|p1a: Luvdisc|Scald|p2a: Tapu Fini\n|-resisted|p2a: Tapu Fini\n|-damage|p2a: Tapu Fini|77/243\n|move|p2a: Tapu Fini|Moonblast|p1a: Luvdisc\n|-end|p1a: Luvdisc|Substitute\n|\n|-heal|p1a: Luvdisc|199/248|[from] item: Leftovers\n|-heal|p2a: Tapu Fini|92/243|[from] item: Leftovers\n|upkeep\n|turn|60\n|\n|t:|1769036228\n|move|p1a: Luvdisc|Substitute|p1a: Luvdisc\n|-start|p1a: Luvdisc|Substitute\n|-damage|p1a: Luvdisc|137/248\n|move|p2a: Tapu Fini|Moonblast|p1a: Luvdisc\n|-end|p1a: Luvdisc|Substitute\n|\n|-heal|p1a: Luvdisc|152/248|[from] item: Leftovers\n|-heal|p2a: Tapu Fini|107/243|[from] item: Leftovers\n|-fieldend|Misty Terrain\n|upkeep\n|turn|61\n|\n|t:|1769036236\n|switch|p2a: Tropius|Tropius, L94, M|113/336 tox\n|-damage|p2a: Tropius|29/336 tox|[from] Stealth Rock\n|move|p1a: Luvdisc|Toxic|p2a: Tropius\n|-fail|p2a: Tropius|tox\n|\n|-heal|p1a: Luvdisc|167/248|[from] item: Leftovers\n|-damage|p2a: Tropius|8/336 tox|[from] psn\n|upkeep\n|turn|62\n|\n|t:|1769036252\n|move|p2a: Tropius|Protect|p2a: Tropius\n|-singleturn|p2a: Tropius|Protect\n|move|p1a: Luvdisc|Substitute|p1a: Luvdisc\n|-start|p1a: Luvdisc|Substitute\n|-damage|p1a: Luvdisc|105/248\n|\n|-heal|p1a: Luvdisc|120/248|[from] item: Leftovers\n|-damage|p2a: Tropius|0 fnt|[from] psn\n|faint|p2a: Tropius\n|upkeep\n|\n|t:|1769036260\n|switch|p2a: Tapu Fini|Tapu Fini, L80|107/243\n|-damage|p2a: Tapu Fini|77/243|[from] Stealth Rock\n|-fieldstart|move: Misty Terrain|[from] ability: Misty Surge|[of] p2a: Tapu Fini\n|turn|63\n|\n|t:|1769036268\n|switch|p2a: Tapu Koko|Tapu Koko, L77|205/234\n|-damage|p2a: Tapu Koko|176/234|[from] Stealth Rock\n|-fieldstart|move: Electric Terrain|[from] ability: Electric Surge|[of] p2a: Tapu Koko\n|move|p1a: Luvdisc|Scald|p2a: Tapu Koko\n|-damage|p2a: Tapu Koko|94/234\n|\n|-heal|p1a: Luvdisc|135/248|[from] item: Leftovers\n|upkeep\n|turn|64\n|\n|t:|1769036277\n|move|p1a: Luvdisc|Scald|p2a: Tapu Koko\n|-damage|p2a: Tapu Koko|13/234\n|move|p2a: Tapu Koko|Roost|p2a: Tapu Koko\n|-heal|p2a: Tapu Koko|130/234\n|-singleturn|p2a: Tapu Koko|move: Roost\n|\n|-heal|p1a: Luvdisc|150/248|[from] item: Leftovers\n|upkeep\n|turn|65\n|\n|t:|1769036285\n|move|p1a: Luvdisc|Scald|p2a: Tapu Koko\n|-damage|p2a: Tapu Koko|46/234\n|move|p2a: Tapu Koko|Thunderbolt|p1a: Luvdisc\n|-supereffective|p1a: Luvdisc\n|-end|p1a: Luvdisc|Substitute\n|\n|-heal|p1a: Luvdisc|165/248|[from] item: Leftovers\n|upkeep\n|turn|66\n|\n|t:|1769036294\n|move|p1a: Luvdisc|Scald|p2a: Tapu Koko\n|-damage|p2a: Tapu Koko|0 fnt\n|faint|p2a: Tapu Koko\n|\n|-heal|p1a: Luvdisc|180/248|[from] item: Leftovers\n|upkeep\n|\n|t:|1769036300\n|switch|p2a: Tapu Fini|Tapu Fini, L80|77/243\n|-damage|p2a: Tapu Fini|47/243|[from] Stealth Rock\n|-fieldstart|move: Misty Terrain|[from] ability: Misty Surge|[of] p2a: Tapu Fini\n|turn|67\n|\n|t:|1769036307\n|move|p1a: Luvdisc|Scald|p2a: Tapu Fini\n|-resisted|p2a: Tapu Fini\n|-damage|p2a: Tapu Fini|22/243\n|move|p2a: Tapu Fini|Moonblast|p1a: Luvdisc\n|-damage|p1a: Luvdisc|89/248\n|\n|-heal|p1a: Luvdisc|104/248|[from] item: Leftovers\n|-heal|p2a: Tapu Fini|37/243|[from] item: Leftovers\n|upkeep\n|turn|68\n|\n|t:|1769036317\n|move|p1a: Luvdisc|Scald|p2a: Tapu Fini\n|-resisted|p2a: Tapu Fini\n|-damage|p2a: Tapu Fini|10/243\n|move|p2a: Tapu Fini|Calm Mind|p2a: Tapu Fini\n|-boost|p2a: Tapu Fini|spa|1\n|-boost|p2a: Tapu Fini|spd|1\n|\n|-heal|p1a: Luvdisc|119/248|[from] item: Leftovers\n|-heal|p2a: Tapu Fini|25/243|[from] item: Leftovers\n|upkeep\n|turn|69\n|\n|t:|1769036325\n|move|p1a: Luvdisc|Protect|p1a: Luvdisc\n|-singleturn|p1a: Luvdisc|Protect\n|move|p2a: Tapu Fini|Moonblast|p1a: Luvdisc\n|-activate|p1a: Luvdisc|move: Protect\n|\n|-heal|p1a: Luvdisc|134/248|[from] item: Leftovers\n|-heal|p2a: Tapu Fini|40/243|[from] item: Leftovers\n|upkeep\n|turn|70\n|\n|t:|1769036339\n|move|p1a: Luvdisc|Scald|p2a: Tapu Fini\n|-resisted|p2a: Tapu Fini\n|-damage|p2a: Tapu Fini|24/243\n|move|p2a: Tapu Fini|Moonblast|p1a: Luvdisc\n|-damage|p1a: Luvdisc|2/248\n|-unboost|p1a: Luvdisc|spa|1\n|\n|-heal|p1a: Luvdisc|17/248|[from] item: Leftovers\n|-heal|p2a: Tapu Fini|39/243|[from] item: Leftovers\n|upkeep\n|turn|71\n|\n|t:|1769036348\n|move|p1a: Luvdisc|Scald|p2a: Tapu Fini\n|-resisted|p2a: Tapu Fini\n|-damage|p2a: Tapu Fini|27/243\n|move|p2a: Tapu Fini|Moonblast|p1a: Luvdisc\n|-damage|p1a: Luvdisc|0 fnt\n|faint|p1a: Luvdisc\n|\n|win|La.Hellhound\n|raw|Kitsune247's rating: 1702 &rarr; <strong>1687</strong><br />(-15 for losing)\n|raw|La.Hellhound's rating: 1783 &rarr; <strong>1798</strong><br />(+15 for winning)\n", "inputlog": ">version 3bd1a1e329da8d286644078cfc9a9638fc7ea025\n>start {\"formatid\":\"gen7randombattle\",\"seed\":\"sodium,2b6ff4ceeb1716e3db627f9ccf91ccd6\",\"rated\":\"Rated battle\"}\n>player p1 {\"name\":\"Kitsune247\",\"avatar\":\"266\",\"rating\":1702,\"seed\":\"sodium,8ad37234e7316afab4096d308f9d783d\"}\n>player p2 {\"name\":\"La.Hellhound\",\"avatar\":\"alder\",\"rating\":1783,\"seed\":\"sodium,46ec480d36c79e2912ca300534d9fc69\"}\n>p1 move toxic\n>p2 switch 6\n>p1 switch 5\n>p2 move calmmind\n>p1 move thunderbolt\n>p2 move moonblast\n>p1 move thunderbolt\n>p2 switch 3\n>p1 move darkpulse\n>p2 move psychic\n>p1 switch 6\n>p1 move uturn\n>p2 switch 6\n>p1 switch 4\n>p1 move stealthrock mega\n>p2 move drainpunch\n>p1 move fireblast\n>p2 move drainpunch\n>p1 move fireblast\n>p2 move recover\n>p1 move fireblast\n>p2 move recover\n>p1 move fireblast\n>p2 move recover\n>p1 move fireblast\n>p2 move recover\n>p1 move earthpower\n>p2 move toxic\n>p2 switch 5\n>p1 move ancientpower\n>p2 move substitute\n>p1 move ancientpower\n>p2 move protect\n>p1 move ancientpower\n>p2 move airslash\n>p1 switch 2\n>p1 move taunt\n>p2 move leechseed\n>p1 move shadowball\n>p2 move airslash\n>p1 move shadowball\n>p2 move airslash\n>p1 move taunt\n>p2 move airslash\n>p1 move shadowball\n>p2 move airslash\n>p1 move shadowball\n>p2 move airslash\n>p1 switch 5\n>p1 move icebeam\n>p2 switch 6\n>p1 move protect\n>p2 move thunderbolt\n>p1 move icebeam\n>p2 move thunderbolt\n>p1 move protect\n>p2 move thunderbolt\n>p1 move icebeam\n>p2 move thunderbolt\n>p2 switch 3\n>p1 switch 4\n>p2 move moonblast\n>p1 move fakeout\n>p2 move surf\n>p1 move darkestlariat\n>p2 move surf\n>p1 move darkestlariat\n>p2 move surf\n>p1 switch 3\n>p1 move protect\n>p2 move moonblast\n>p1 move toxic\n>p2 switch 4\n>p1 move protect\n>p2 move toxic\n>p1 move substitute\n>p2 move toxic\n>p1 move toxic\n>p2 switch 4\n>p1 move scald\n>p2 move calmmind\n>p1 move protect\n>p2 move moonblast\n>p1 move scald\n>p2 move moonblast\n>p1 move substitute\n>p2 move moonblast\n>p1 move toxic\n>p2 switch 4\n>p1 move protect\n>p2 move toxic\n>p1 switch 4\n>p2 move toxic\n>p1 move icebeam\n>p2 move toxic\n>p2 switch 2\n>p1 move icebeam\n>p2 move thunderbolt\n>p1 switch 4\n>p1 move protect\n>p2 move thunderbolt\n>p1 move substitute\n>p2 move calmmind\n>p1 move protect\n>p2 switch 4\n>p1 move scald\n>p2 move calmmind\n>p1 move protect\n>p2 move calmmind\n>p1 move scald\n>p2 move moonblast\n>p1 move protect\n>p2 move moonblast\n>p1 move toxic\n>p2 switch 6\n>p1 move protect\n>p2 move airslash\n>p1 move substitute\n>p2 move airslash\n>p1 move substitute\n>p2 switch 6\n>p1 move scald\n>p2 move calmmind\n>p1 move protect\n>p2 move moonblast\n>p1 move scald\n>p2 move moonblast\n>p1 move substitute\n>p2 move moonblast\n>p1 move toxic\n>p2 switch 6\n>p1 move substitute\n>p2 move protect\n>p2 switch 6\n>p1 move scald\n>p2 switch 4\n>p1 move scald\n>p2 move roost\n>p1 move scald\n>p2 move thunderbolt\n>p1 move scald\n>p2 move thunderbolt zmove\n>p2 switch 4\n>p1 move scald\n>p2 move moonblast\n>p1 move scald\n>p2 move calmmind\n>p1 move protect\n>p2 move moonblast\n>p1 move scald\n>p2 move moonblast\n>p1 move scald\n>p2 move moonblast", "uploadtime": 1769036355, "views": 164, "formatid": "gen7randombattle", "rating": 1687, "private": 0, "password": null}