{"id": "gen7randombattle-2523501947", "format": "[Gen 7] Random Battle", "players": ["AliceTASC", "UFO VSkee"], "log": "|j|☆AliceTASC\n|j|☆UFO VSkee\n|t:|1769031503\n|gametype|singles\n|player|p1|AliceTASC|dawn|1488\n|player|p2|UFO VSkee|emmet|1634\n|gen|7\n|tier|[Gen 7] Random Battle\n|rated|\n|rule|Sleep Clause Mod: Limit one foe put to sleep\n|rule|HP Percentage Mod: HP is shown in percentages\n|rule|Illusion Level Mod: Illusion disguises the Pokémon's true level\n|\n|t:|1769031503\n|teamsize|p1|6\n|teamsize|p2|6\n|start\n|switch|p1a: Chesnaught|Chesnaught, L89, F|301/301\n|switch|p2a: Raikou|Raikou, L81|278/278\n|-ability|p2a: Raikou|Pressure\n|turn|1\n|inactive|Battle timer is ON: inactive players will automatically lose when time's up. (requested by AliceTASC)\n|\n|t:|1769031516\n|move|p2a: Raikou|Volt Switch|p1a: Chesnaught\n|-resisted|p1a: Chesnaught\n|-damage|p1a: Chesnaught|234/301\n|\n|t:|1769031523\n|switch|p2a: Magmortar|Magmortar, L88, F|275/275|[from] Volt Switch\n|move|p1a: Chesnaught|Leech Seed|p2a: Magmortar\n|-start|p2a: Magmortar|move: Leech Seed\n|\n|-heal|p1a: Chesnaught|252/301|[from] item: Leftovers\n|-damage|p2a: Magmortar|241/275|[from] Leech Seed|[of] p1a: Chesnaught\n|-heal|p1a: Chesnaught|286/301|[silent]\n|upkeep\n|turn|2\n|\n|t:|1769031532\n|switch|p2a: Kyurem|Kyurem, L80|331/331\n|-ability|p2a: Kyurem|Pressure\n|move|p1a: Chesnaught|Drain Punch|p2a: Kyurem\n|-supereffective|p2a: Kyurem\n|-damage|p2a: Kyurem|145/331\n|-heal|p1a: Chesnaught|301/301|[from] drain|[of] p2a: Kyurem\n|\n|-heal|p2a: Kyurem|165/331|[from] item: Leftovers\n|upkeep\n|turn|3\n|\n|t:|1769031540\n|move|p2a: Kyurem|Ice Beam|p1a: Chesnaught\n|-supereffective|p1a: Chesnaught\n|-damage|p1a: Chesnaught|65/301\n|move|p1a: Chesnaught|Drain Punch|p2a: Kyurem\n|-supereffective|p2a: Kyurem\n|-damage|p2a: Kyurem|0 fnt\n|-heal|p1a: Chesnaught|148/301|[from] drain|[of] p2a: Kyurem\n|faint|p2a: Kyurem\n|\n|-heal|p1a: Chesnaught|166/301|[from] item: Leftovers\n|upkeep\n|\n|t:|1769031543\n|switch|p2a: Magmortar|Magmortar, L88, F|241/275\n|turn|4\n|\n|t:|1769031555\n|move|p1a: Chesnaught|Spiky Shield|p1a: Chesnaught\n|-singleturn|p1a: Chesnaught|move: Protect\n|move|p2a: Magmortar|Fire Blast|p1a: Chesnaught\n|-activate|p1a: Chesnaught|move: Protect\n|\n|-heal|p1a: Chesnaught|184/301|[from] item: Leftovers\n|upkeep\n|turn|5\n|\n|t:|1769031566\n|move|p2a: Magmortar|Fire Blast|p1a: Chesnaught\n|-supereffective|p1a: Chesnaught\n|-damage|p1a: Chesnaught|0 fnt\n|faint|p1a: Chesnaught\n|\n|upkeep\n|\n|t:|1769031573\n|switch|p1a: Staraptor|Staraptor, L80, F|267/267\n|turn|6\n|\n|t:|1769031578\n|switch|p2a: Solrock|Solrock, L90|308/308\n|move|p1a: Staraptor|Brave Bird|p2a: Solrock\n|-resisted|p2a: Solrock\n|-damage|p2a: Solrock|182/308\n|-damage|p1a: Staraptor|225/267|[from] Recoil\n|\n|-heal|p2a: Solrock|201/308|[from] item: Leftovers\n|upkeep\n|turn|7\n|\n|t:|1769031583\n|switch|p1a: Conkeldurr|Conkeldurr, L81, F|303/303\n|move|p2a: Solrock|Will-O-Wisp|p1a: Conkeldurr\n|-status|p1a: Conkeldurr|brn\n|\n|-heal|p2a: Solrock|220/308|[from] item: Leftovers\n|-damage|p1a: Conkeldurr|285/303 brn|[from] brn\n|upkeep\n|turn|8\n|\n|t:|1769031590\n|move|p2a: Solrock|Earthquake|p1a: Conkeldurr\n|-damage|p1a: Conkeldurr|200/303 brn\n|move|p1a: Conkeldurr|Drain Punch|p2a: Solrock\n|-damage|p2a: Solrock|78/308\n|-heal|p1a: Conkeldurr|271/303 brn|[from] drain|[of] p2a: Solrock\n|\n|-heal|p2a: Solrock|97/308|[from] item: Leftovers\n|-damage|p1a: Conkeldurr|253/303 brn|[from] brn\n|upkeep\n|turn|9\n|\n|t:|1769031597\n|move|p2a: Solrock|Earthquake|p1a: Conkeldurr\n|-damage|p1a: Conkeldurr|180/303 brn\n|move|p1a: Conkeldurr|Drain Punch|p2a: Solrock\n|-damage|p2a: Solrock|0 fnt\n|-heal|p1a: Conkeldurr|229/303 brn|[from] drain|[of] p2a: Solrock\n|faint|p2a: Solrock\n|\n|-damage|p1a: Conkeldurr|211/303 brn|[from] brn\n|upkeep\n|\n|t:|1769031603\n|switch|p2a: Raikou|Raikou, L81|278/278\n|-ability|p2a: Raikou|Pressure\n|turn|10\n|\n|t:|1769031607\n|move|p2a: Raikou|Volt Switch|p1a: Conkeldurr\n|-damage|p1a: Conkeldurr|66/303 brn\n|\n|t:|1769031609\n|switch|p2a: Purugly|Purugly, L89, M|271/271|[from] Volt Switch\n|move|p1a: Conkeldurr|Drain Punch|p2a: Purugly\n|-supereffective|p2a: Purugly\n|-crit|p2a: Purugly\n|-damage|p2a: Purugly|0 fnt\n|-heal|p1a: Conkeldurr|202/303 brn|[from] drain|[of] p2a: Purugly\n|faint|p2a: Purugly\n|\n|-damage|p1a: Conkeldurr|184/303 brn|[from] brn\n|upkeep\n|\n|t:|1769031611\n|switch|p2a: Raikou|Raikou, L81|278/278\n|-ability|p2a: Raikou|Pressure\n|turn|11\n|\n|t:|1769031622\n|move|p2a: Raikou|Thunderbolt|p1a: Conkeldurr\n|-damage|p1a: Conkeldurr|0 fnt\n|faint|p1a: Conkeldurr\n|\n|upkeep\n|\n|t:|1769031628\n|switch|p1a: Exploud|Exploud, L86, M|319/319\n|turn|12\n|\n|t:|1769031633\n|move|p1a: Exploud|Boomburst|p2a: Raikou\n|-damage|p2a: Raikou|145/278\n|move|p2a: Raikou|Thunderbolt|p1a: Exploud\n|-damage|p1a: Exploud|160/319\n|\n|upkeep\n|turn|13\n|\n|t:|1769031639\n|switch|p2a: Magmortar|Magmortar, L88, F|241/275\n|move|p1a: Exploud|Boomburst|p2a: Magmortar\n|-damage|p2a: Magmortar|147/275\n|\n|upkeep\n|turn|14\n|\n|t:|1769031644\n|switch|p1a: Staraptor|Staraptor, L80, F|225/267\n|move|p2a: Magmortar|Fire Blast|p1a: Staraptor\n|-damage|p1a: Staraptor|24/267\n|\n|upkeep\n|turn|15\n|\n|t:|1769031651\n|switch|p2a: Porygon2|Porygon2, L82|274/274\n|-ability|p2a: Porygon2|Reckless|Trace|[from] ability: Trace|[of] p1a: Staraptor\n|move|p1a: Staraptor|Double-Edge|p2a: Porygon2\n|-damage|p2a: Porygon2|100/274\n|-damage|p1a: Staraptor|0 fnt|[from] Recoil\n|faint|p1a: Staraptor\n|\n|upkeep\n|\n|t:|1769031669\n|switch|p1a: Mothim|Mothim, L93, M|281/281\n|turn|16\n|\n|t:|1769031674\n|move|p1a: Mothim|Quiver Dance|p1a: Mothim\n|-boost|p1a: Mothim|spa|1\n|-boost|p1a: Mothim|spd|1\n|-boost|p1a: Mothim|spe|1\n|move|p2a: Porygon2|Toxic|p1a: Mothim\n|-status|p1a: Mothim|tox\n|\n|-damage|p1a: Mothim|264/281 tox|[from] psn\n|upkeep\n|turn|17\n|\n|t:|1769031680\n|move|p1a: Mothim|Quiver Dance|p1a: Mothim\n|-boost|p1a: Mothim|spa|1\n|-boost|p1a: Mothim|spd|1\n|-boost|p1a: Mothim|spe|1\n|move|p2a: Porygon2|Tri Attack|p1a: Mothim\n|-damage|p1a: Mothim|203/281 tox\n|\n|-damage|p1a: Mothim|169/281 tox|[from] psn\n|upkeep\n|turn|18\n|\n|t:|1769031683\n|-zpower|p1a: Mothim\n|move|p1a: Mothim|Savage Spin-Out|p2a: Porygon2|[zeffect]\n|-damage|p2a: Porygon2|0 fnt\n|faint|p2a: Porygon2\n|\n|-damage|p1a: Mothim|118/281 tox|[from] psn\n|upkeep\n|\n|t:|1769031688\n|switch|p2a: Magmortar|Magmortar, L88, F|147/275\n|turn|19\n|\n|t:|1769031710\n|move|p1a: Mothim|Air Slash|p2a: Magmortar\n|-damage|p2a: Magmortar|39/275\n|move|p2a: Magmortar|Fire Blast|p1a: Mothim|[miss]\n|-miss|p2a: Magmortar|p1a: Mothim\n|\n|-damage|p1a: Mothim|50/281 tox|[from] psn\n|upkeep\n|turn|20\n|\n|t:|1769031718\n|move|p1a: Mothim|Bug Buzz|p2a: Magmortar\n|-resisted|p2a: Magmortar\n|-damage|p2a: Magmortar|0 fnt\n|faint|p2a: Magmortar\n|\n|-damage|p1a: Mothim|0 fnt|[from] psn\n|faint|p1a: Mothim\n|upkeep\n|\n|t:|1769031728\n|switch|p2a: Raikou|Raikou, L81|145/278\n|switch|p1a: Exploud|Exploud, L86, M|160/319\n|-ability|p2a: Raikou|Pressure\n|turn|21\n|\n|t:|1769031731\n|move|p1a: Exploud|Boomburst|p2a: Raikou\n|-damage|p2a: Raikou|3/278\n|move|p2a: Raikou|Thunderbolt|p1a: Exploud\n|-damage|p1a: Exploud|3/319\n|\n|upkeep\n|turn|22\n|\n|t:|1769031736\n|move|p1a: Exploud|Boomburst|p2a: Raikou\n|-damage|p2a: Raikou|0 fnt\n|faint|p2a: Raikou\n|\n|win|AliceTASC\n|raw|AliceTASC's rating: 1488 &rarr; <strong>1516</strong><br />(+28 for winning)\n|raw|UFO VSkee's rating: 1634 &rarr; <strong>1606</strong><br />(-28 for losing)\n", "inputlog": ">version 3bd1a1e329da8d286644078cfc9a9638fc7ea025\n>start {\"formatid\":\"gen7randombattle\",\"seed\":\"sodium,5c4d81d81ca16c85f2c91f46b81f9b12\",\"rated\":\"Rated battle\"}\n>player p1 {\"name\":\"AliceTASC\",\"avatar\":\"dawn\",\"rating\":1488,\"seed\":\"sodium,d37cfb6805934410ea9139211a71637c\"}\n>player p2 {\"name\":\"UFO VSkee\",\"avatar\":\"emmet\",\"rating\":1634,\"seed\":\"sodium,e343b9f0e24774da263380abf798796e\"}\n>p1 move leechseed\n>p2 move voltswitch\n>p2 switch 4\n>p1 move drainpunch\n>p2 switch 5\n>p1 move drainpunch\n>p2 move icebeam\n>p2 switch 5\n>p1 move spikyshield\n>p2 move fireblast\n>p1 move drainpunch\n>p2 move fireblast\n>p1 switch 4\n>p1 move bravebird\n>p2 switch 2\n>p1 switch 2\n>p2 move willowisp\n>p1 move drainpunch\n>p2 move earthquake\n>p1 move drainpunch\n>p2 move earthquake\n>p2 switch 4\n>p1 move drainpunch\n>p2 move voltswitch\n>p2 switch 6\n>p2 switch 6\n>p1 move drainpunch\n>p2 move thunderbolt\n>p1 switch 6\n>p1 move boomburst\n>p2 move thunderbolt\n>p1 move boomburst\n>p2 switch 2\n>p1 switch 2\n>p2 move fireblast\n>p1 move doubleedge\n>p2 switch 3\n>p1 switch 3\n>p1 move quiverdance\n>p2 move toxic\n>p1 move quiverdance\n>p2 move triattack\n>p1 move bugbuzz zmove\n>p2 move triattack\n>p2 switch 3\n>p1 move airslash\n>p2 move fireblast\n>p1 move bugbuzz\n>p2 move fireblast\n>p1 switch 2\n>p2 switch 2\n>p1 move boomburst\n>p2 move thunderbolt\n>p1 move boomburst\n>p2 move thunderbolt", "uploadtime": 1769031738, "views": 167, "formatid": "gen7randombattle", "rating": 1516, "private": 0, "password": null}