{"id": "gen7randombattle-2539004080", "format": "[Gen 7] Random Battle", "players": ["Meuby Law", "Skellidude"], "log": "|j|☆Meuby Law\n|j|☆Skellidude\n|t:|1771001949\n|gametype|singles\n|player|p1|Meuby Law|hau-stance|1541\n|player|p2|Skellidude|cynthia-gen4|1535\n|gen|7\n|tier|[Gen 7] Random Battle\n|rated|\n|rule|Sleep Clause Mod: Limit one foe put to sleep\n|rule|HP Percentage Mod: HP is shown in percentages\n|rule|Illusion Level Mod: Illusion disguises the Pokémon's true level\n|\n|t:|1771001949\n|teamsize|p1|6\n|teamsize|p2|6\n|start\n|switch|p1a: Hawlucha|Hawlucha, L78, F|249/249\n|switch|p2a: Camerupt|Camerupt, L88, M|266/266\n|turn|1\n|inactive|Battle timer is ON: inactive players will automatically lose when time's up. (requested by Meuby Law)\n|\n|t:|1771001973\n|switch|p1a: Unown|Unown-Q|258/258\n|detailschange|p2a: Camerupt|Camerupt-Mega, L88, M\n|-mega|p2a: Camerupt|Camerupt|Cameruptite\n|move|p2a: Camerupt|Stealth Rock|p1a: Unown\n|-sidestart|p1: Meuby Law|move: Stealth Rock\n|\n|upkeep\n|turn|2\n|\n|t:|1771001986\n|move|p1a: Unown|Hidden Power|p2a: Camerupt\n|-damage|p2a: Camerupt|179/266\n|move|p2a: Camerupt|Toxic|p1a: Unown\n|-status|p1a: Unown|tox\n|\n|-damage|p1a: Unown|242/258 tox|[from] psn\n|upkeep\n|turn|3\n|\n|t:|1771001998\n|switch|p2a: Trevenant|Trevenant, L91, M|303/303\n|move|p1a: Unown|Hidden Power|p2a: Trevenant\n|-crit|p2a: Trevenant\n|-damage|p2a: Trevenant|149/303\n|-enditem|p2a: Trevenant|Sitrus Berry|[eat]\n|-heal|p2a: Trevenant|224/303|[from] item: Sitrus Berry\n|\n|-damage|p1a: Unown|210/258 tox|[from] psn\n|-item|p2a: Trevenant|Sitrus Berry|[from] ability: Harvest\n|upkeep\n|turn|4\n|\n|t:|1771002004\n|move|p2a: Trevenant|Protect|p2a: Trevenant\n|-singleturn|p2a: Trevenant|Protect\n|move|p1a: Unown|Hidden Power|p2a: Trevenant\n|-activate|p2a: Trevenant|move: Protect\n|\n|-damage|p1a: Unown|162/258 tox|[from] psn\n|upkeep\n|turn|5\n|\n|t:|1771002019\n|move|p2a: Trevenant|Horn Leech|p1a: Unown\n|-damage|p1a: Unown|24/258 tox\n|-heal|p2a: Trevenant|293/303|[from] drain|[of] p1a: Unown\n|move|p1a: Unown|Hidden Power|p2a: Trevenant\n|-damage|p2a: Trevenant|193/303\n|\n|-damage|p1a: Unown|0 fnt|[from] psn\n|faint|p1a: Unown\n|upkeep\n|\n|t:|1771002024\n|switch|p1a: Hawlucha|Hawlucha, L78, F|249/249\n|-damage|p1a: Hawlucha|218/249|[from] Stealth Rock\n|turn|6\n|\n|t:|1771002028\n|move|p2a: Trevenant|Protect|p2a: Trevenant\n|-singleturn|p2a: Trevenant|Protect\n|move|p1a: Hawlucha|Sky Attack||[still]\n|-prepare|p1a: Hawlucha|Sky Attack\n|-enditem|p1a: Hawlucha|Power Herb\n|-anim|p1a: Hawlucha|Sky Attack|p2a: Trevenant\n|-activate|p2a: Trevenant|move: Protect\n|\n|upkeep\n|turn|7\n|\n|t:|1771002052\n|switch|p2a: Camerupt|Camerupt-Mega, L88, M|179/266\n|move|p1a: Hawlucha|Swords Dance|p1a: Hawlucha\n|-boost|p1a: Hawlucha|atk|2\n|\n|upkeep\n|turn|8\n|\n|t:|1771002067\n|move|p1a: Hawlucha|Acrobatics|p2a: Camerupt\n|-damage|p2a: Camerupt|13/266\n|move|p2a: Camerupt|Toxic|p1a: Hawlucha\n|-status|p1a: Hawlucha|tox\n|\n|-damage|p1a: Hawlucha|203/249 tox|[from] psn\n|upkeep\n|turn|9\n|\n|t:|1771002085\n|move|p1a: Hawlucha|Acrobatics|p2a: Camerupt\n|-damage|p2a: Camerupt|0 fnt\n|faint|p2a: Camerupt\n|detailschange|p2: Camerupt|Camerupt, L88, M|[silent]\n|\n|-damage|p1a: Hawlucha|173/249 tox|[from] psn\n|upkeep\n|\n|t:|1771002095\n|switch|p2a: Hitmontop|Hitmontop, L90, M|236/236\n|-ability|p2a: Hitmontop|Intimidate|boost\n|-unboost|p1a: Hawlucha|atk|1\n|turn|10\n|\n|t:|1771002099\n|switch|p2a: Barbaracle|Barbaracle, L81, F|249/249\n|move|p1a: Hawlucha|Acrobatics|p2a: Barbaracle\n|-resisted|p2a: Barbaracle\n|-damage|p2a: Barbaracle|192/249\n|\n|-damage|p1a: Hawlucha|128/249 tox|[from] psn\n|upkeep\n|turn|11\n|\n|t:|1771002106\n|switch|p2a: Hitmontop|Hitmontop, L90, M|236/236\n|-ability|p2a: Hitmontop|Intimidate|boost\n|-unboost|p1a: Hawlucha|atk|1\n|move|p1a: Hawlucha|Acrobatics|p2a: Hitmontop\n|-supereffective|p2a: Hitmontop\n|-damage|p2a: Hitmontop|78/236\n|\n|-damage|p1a: Hawlucha|68/249 tox|[from] psn\n|upkeep\n|turn|12\n|\n|t:|1771002128\n|move|p2a: Hitmontop|Sucker Punch|p1a: Hawlucha\n|-resisted|p1a: Hawlucha\n|-damage|p1a: Hawlucha|37/249 tox\n|move|p1a: Hawlucha|High Jump Kick|p2a: Hitmontop\n|-damage|p2a: Hitmontop|0 fnt\n|faint|p2a: Hitmontop\n|\n|-damage|p1a: Hawlucha|0 fnt|[from] psn\n|faint|p1a: Hawlucha\n|upkeep\n|\n|t:|1771002150\n|switch|p1a: Comfey|Comfey, L87, F|230/230\n|switch|p2a: Wailord|Wailord, L94, M|471/471\n|-damage|p1a: Comfey|202/230|[from] Stealth Rock\n|turn|13\n|\n|t:|1771002159\n|switch|p2a: Volcarona|Volcarona, L76, F|253/253\n|move|p1a: Comfey|Giga Drain|p2a: Volcarona\n|-resisted|p2a: Volcarona\n|-damage|p2a: Volcarona|241/253\n|-heal|p1a: Comfey|208/230|[from] drain|[of] p2a: Volcarona\n|\n|-heal|p1a: Comfey|222/230|[from] item: Leftovers\n|upkeep\n|turn|14\n|\n|t:|1771002166\n|switch|p1a: Klefki|Klefki, L83, M|230/230\n|-damage|p1a: Klefki|216/230|[from] Stealth Rock\n|move|p2a: Volcarona|Quiver Dance|p2a: Volcarona\n|-boost|p2a: Volcarona|spa|1\n|-boost|p2a: Volcarona|spd|1\n|-boost|p2a: Volcarona|spe|1\n|\n|-heal|p1a: Klefki|230/230|[from] item: Leftovers\n|upkeep\n|turn|15\n|\n|t:|1771002174\n|switch|p2a: Trevenant|Trevenant, L91, M|193/303\n|move|p1a: Klefki|Thunder Wave|p2a: Trevenant\n|-status|p2a: Trevenant|par\n|\n|upkeep\n|turn|16\n|\n|t:|1771002176\n|move|p1a: Klefki|Foul Play|p2a: Trevenant\n|-supereffective|p2a: Trevenant\n|-damage|p2a: Trevenant|31/303 par\n|-enditem|p2a: Trevenant|Sitrus Berry|[eat]\n|-heal|p2a: Trevenant|106/303 par|[from] item: Sitrus Berry\n|move|p2a: Trevenant|Earthquake|p1a: Klefki\n|-supereffective|p1a: Klefki\n|-damage|p1a: Klefki|50/230\n|\n|-heal|p1a: Klefki|64/230|[from] item: Leftovers\n|upkeep\n|turn|17\n|\n|t:|1771002183\n|move|p1a: Klefki|Spikes|p2a: Trevenant\n|-sidestart|p2: Skellidude|Spikes\n|move|p2a: Trevenant|Earthquake|p1a: Klefki\n|-supereffective|p1a: Klefki\n|-damage|p1a: Klefki|0 fnt\n|faint|p1a: Klefki\n|\n|-item|p2a: Trevenant|Sitrus Berry|[from] ability: Harvest\n|upkeep\n|-enditem|p2a: Trevenant|Sitrus Berry|[eat]\n|-heal|p2a: Trevenant|181/303 par|[from] item: Sitrus Berry\n|\n|t:|1771002188\n|switch|p1a: Arceus|Arceus-Ice, L72|291/291\n|-damage|p1a: Arceus|219/291|[from] Stealth Rock\n|turn|18\n|\n|t:|1771002198\n|move|p1a: Arceus|Calm Mind|p1a: Arceus\n|-boost|p1a: Arceus|spa|1\n|-boost|p1a: Arceus|spd|1\n|cant|p2a: Trevenant|par\n|\n|-item|p2a: Trevenant|Sitrus Berry|[from] ability: Harvest\n|upkeep\n|turn|19\n|\n|t:|1771002206\n|move|p1a: Arceus|Judgment|p2a: Trevenant\n|-supereffective|p2a: Trevenant\n|-damage|p2a: Trevenant|0 fnt\n|faint|p2a: Trevenant\n|\n|upkeep\n|\n|t:|1771002211\n|switch|p2a: Volcarona|Volcarona, L76, F|241/253\n|-damage|p2a: Volcarona|210/253|[from] Spikes\n|turn|20\n|\n|t:|1771002214\n|move|p1a: Arceus|Earth Power|p2a: Volcarona\n|-damage|p2a: Volcarona|124/253\n|move|p2a: Volcarona|Quiver Dance|p2a: Volcarona\n|-boost|p2a: Volcarona|spa|1\n|-boost|p2a: Volcarona|spd|1\n|-boost|p2a: Volcarona|spe|1\n|\n|upkeep\n|turn|21\n|\n|t:|1771002219\n|-zpower|p2a: Volcarona\n|move|p2a: Volcarona|Inferno Overdrive|p1a: Arceus|[zeffect]\n|-supereffective|p1a: Arceus\n|-damage|p1a: Arceus|0 fnt\n|faint|p1a: Arceus\n|\n|upkeep\n|\n|t:|1771002221\n|switch|p1a: Miltank|Miltank, L85, F|300/300\n|-damage|p1a: Miltank|263/300|[from] Stealth Rock\n|turn|22\n|\n|t:|1771002247\n|move|p2a: Volcarona|Bug Buzz|p1a: Miltank\n|-damage|p1a: Miltank|100/300\n|move|p1a: Miltank|Body Slam|p2a: Volcarona\n|-damage|p2a: Volcarona|18/253\n|-status|p2a: Volcarona|par\n|\n|-heal|p1a: Miltank|118/300|[from] item: Leftovers\n|upkeep\n|turn|23\n|\n|t:|1771002253\n|move|p1a: Miltank|Earthquake|p2a: Volcarona\n|-damage|p2a: Volcarona|0 fnt\n|faint|p2a: Volcarona\n|\n|-heal|p1a: Miltank|136/300|[from] item: Leftovers\n|upkeep\n|\n|t:|1771002261\n|switch|p2a: Wailord|Wailord, L94, M|471/471\n|-damage|p2a: Wailord|413/471|[from] Spikes\n|turn|24\n|\n|t:|1771002270\n|move|p2a: Wailord|Hydro Pump|p1a: Miltank|[miss]\n|-miss|p2a: Wailord|p1a: Miltank\n|move|p1a: Miltank|Body Slam|p2a: Wailord\n|-damage|p2a: Wailord|295/471\n|-status|p2a: Wailord|par\n|\n|-heal|p1a: Miltank|154/300|[from] item: Leftovers\n|upkeep\n|turn|25\n|\n|t:|1771002280\n|move|p1a: Miltank|Body Slam|p2a: Wailord\n|-damage|p2a: Wailord|174/471 par\n|move|p2a: Wailord|Hydro Pump|p1a: Miltank|[miss]\n|-miss|p2a: Wailord|p1a: Miltank\n|\n|-heal|p1a: Miltank|172/300|[from] item: Leftovers\n|upkeep\n|turn|26\n|\n|t:|1771002288\n|move|p1a: Miltank|Body Slam|p2a: Wailord\n|-damage|p2a: Wailord|57/471 par\n|move|p2a: Wailord|Hydro Pump|p1a: Miltank\n|-damage|p1a: Miltank|3/300\n|\n|-heal|p1a: Miltank|21/300|[from] item: Leftovers\n|upkeep\n|turn|27\n|\n|t:|1771002290\n|move|p1a: Miltank|Milk Drink|p1a: Miltank\n|-heal|p1a: Miltank|171/300\n|cant|p2a: Wailord|par\n|\n|-heal|p1a: Miltank|189/300|[from] item: Leftovers\n|upkeep\n|turn|28\n|\n|t:|1771002293\n|move|p1a: Miltank|Body Slam|p2a: Wailord\n|-damage|p2a: Wailord|0 fnt\n|faint|p2a: Wailord\n|\n|-heal|p1a: Miltank|207/300|[from] item: Leftovers\n|upkeep\n|\n|t:|1771002295\n|switch|p2a: Barbaracle|Barbaracle, L81, F|192/249\n|-damage|p2a: Barbaracle|161/249|[from] Spikes\n|turn|29\n|\n|t:|1771002296\n|move|p1a: Miltank|Earthquake|p2a: Barbaracle\n|-supereffective|p2a: Barbaracle\n|-damage|p2a: Barbaracle|47/249\n|move|p2a: Barbaracle|Shell Smash|p2a: Barbaracle\n|-unboost|p2a: Barbaracle|def|1\n|-unboost|p2a: Barbaracle|spd|1\n|-boost|p2a: Barbaracle|atk|2\n|-boost|p2a: Barbaracle|spa|2\n|-boost|p2a: Barbaracle|spe|2\n|-enditem|p2a: Barbaracle|White Herb\n|-clearnegativeboost|p2a: Barbaracle|[silent]\n|\n|-heal|p1a: Miltank|225/300|[from] item: Leftovers\n|upkeep\n|turn|30\n|c|☆Meuby Law|gg\n|\n|t:|1771002306\n|move|p2a: Barbaracle|Stone Edge|p1a: Miltank|[miss]\n|-miss|p2a: Barbaracle|p1a: Miltank\n|move|p1a: Miltank|Earthquake|p2a: Barbaracle\n|-supereffective|p2a: Barbaracle\n|-damage|p2a: Barbaracle|0 fnt\n|faint|p2a: Barbaracle\n|\n|win|Meuby Law\n|raw|Meuby Law's rating: 1541 &rarr; <strong>1562</strong><br />(+21 for winning)\n|raw|Skellidude's rating: 1551 &rarr; <strong>1530</strong><br />(-21 for losing)\n|c|☆Skellidude|gg\n|l|☆Skellidude\n|player|p2|\n", "inputlog": ">version ccdc32dd7cde25fd9e4bed64820e885f66e78a4e\n>start {\"formatid\":\"gen7randombattle\",\"seed\":\"sodium,36e8d98f5e34ccac81ea0f0ae94d0ae9\",\"rated\":\"Rated battle\"}\n>player p1 {\"name\":\"Meuby Law\",\"avatar\":\"hau-stance\",\"rating\":1541,\"seed\":\"sodium,13d98cc2c441817e5b91918a47542314\"}\n>player p2 {\"name\":\"Skellidude\",\"avatar\":\"cynthia-gen4\",\"rating\":1535,\"seed\":\"sodium,62e7b54c43816a010065c1b30c5e4e97\"}\n>p1 switch 5\n>p2 move stealthrock mega\n>p1 move hiddenpower\n>p2 move toxic\n>p1 move hiddenpower\n>p2 switch 4\n>p1 move hiddenpower\n>p2 move protect\n>p1 move hiddenpower\n>p2 move hornleech\n>p1 switch 5\n>p1 move skyattack\n>p2 move protect\n>p1 move swordsdance\n>p2 switch 4\n>p1 move acrobatics\n>p2 move toxic\n>p1 move acrobatics\n>p2 move fireblast\n>p2 switch 3\n>p1 move acrobatics\n>p2 switch 2\n>p1 move acrobatics\n>p2 switch 2\n>p1 move highjumpkick\n>p2 move suckerpunch\n>p1 switch 6\n>p2 switch 6\n>p1 move gigadrain\n>p2 switch 5\n>p1 switch 2\n>p2 move quiverdance\n>p1 move thunderwave\n>p2 switch 4\n>p1 move foulplay\n>p2 move earthquake\n>p1 move spikes\n>p2 move earthquake\n>p1 switch 4\n>p1 move calmmind\n>p2 move toxic\n>p1 move judgment\n>p2 move toxic\n>p2 switch 4\n>p1 move earthpower\n>p2 move quiverdance\n>p1 move earthpower\n>p2 move fireblast zmove\n>p1 switch 3\n>p1 move bodyslam\n>p2 move bugbuzz\n>p1 move earthquake\n>p2 move bugbuzz\n>p2 switch 5\n>p1 move bodyslam\n>p2 move hydropump\n>p1 move bodyslam\n>p2 move hydropump\n>p1 move bodyslam\n>p2 move hydropump\n>p1 move milkdrink\n>p2 move hydropump\n>p1 move bodyslam\n>p2 move hydropump\n>p2 switch 2\n>p1 move earthquake\n>p2 move shellsmash\n>chat ☆Meuby Law|gg\n>p1 move earthquake\n>p2 move stoneedge", "uploadtime": 1771002339, "views": 189, "formatid": "gen7randombattle", "rating": 1530, "private": 0, "password": null}