{"id": "gen7randombattle-2539440146", "format": "[Gen 7] Random Battle", "players": ["alex938", "may/gen3"], "log": "|j|☆alex938\n|j|☆may/gen3\n|t:|1771059273\n|gametype|singles\n|player|p1|alex938|ethan|1734\n|player|p2|may/gen3|may|1719\n|gen|7\n|tier|[Gen 7] Random Battle\n|rated|\n|rule|Sleep Clause Mod: Limit one foe put to sleep\n|rule|HP Percentage Mod: HP is shown in percentages\n|rule|Illusion Level Mod: Illusion disguises the Pokémon's true level\n|\n|t:|1771059273\n|teamsize|p1|6\n|teamsize|p2|6\n|start\n|switch|p1a: Mamoswine|Mamoswine, L79, F|303/303\n|switch|p2a: Cobalion|Cobalion, L78|270/270\n|turn|1\n|inactive|Battle timer is ON: inactive players will automatically lose when time's up. (requested by alex938)\n|\n|t:|1771059289\n|switch|p1a: Starmie|Starmie, L84|238/238\n|-zpower|p2a: Cobalion\n|move|p2a: Cobalion|All-Out Pummeling|p1a: Starmie|[zeffect]\n|-resisted|p1a: Starmie\n|-damage|p1a: Starmie|154/238\n|\n|upkeep\n|turn|2\n|\n|t:|1771059295\n|switch|p2a: Jynx|Jynx, L89, F|260/260\n|move|p1a: Starmie|Hydro Pump|p2a: Jynx\n|-immune|p2a: Jynx|[from] ability: Dry Skin\n|\n|upkeep\n|turn|3\n|\n|t:|1771059302\n|switch|p1a: Watchog|Watchog, L96, F|271/271\n|move|p2a: Jynx|Lovely Kiss|p1a: Watchog\n|-status|p1a: Watchog|slp|[from] move: Lovely Kiss\n|\n|upkeep\n|turn|4\n|\n|t:|1771059309\n|move|p2a: Jynx|Ice Beam|p1a: Watchog\n|-damage|p1a: Watchog|114/271 slp\n|-damage|p2a: Jynx|234/260|[from] item: Life Orb\n|cant|p1a: Watchog|slp\n|\n|upkeep\n|turn|5\n|\n|t:|1771059315\n|switch|p1a: Gorebyss|Gorebyss, L85, F|231/231\n|move|p2a: Jynx|Ice Beam|p1a: Gorebyss\n|-resisted|p1a: Gorebyss\n|-damage|p1a: Gorebyss|137/231\n|-damage|p2a: Jynx|208/260|[from] item: Life Orb\n|\n|upkeep\n|turn|6\n|\n|t:|1771059319\n|move|p2a: Jynx|Psyshock|p1a: Gorebyss\n|-damage|p1a: Gorebyss|20/231\n|-damage|p2a: Jynx|182/260|[from] item: Life Orb\n|move|p1a: Gorebyss|Shell Smash|p1a: Gorebyss\n|-unboost|p1a: Gorebyss|def|1\n|-unboost|p1a: Gorebyss|spd|1\n|-boost|p1a: Gorebyss|atk|2\n|-boost|p1a: Gorebyss|spa|2\n|-boost|p1a: Gorebyss|spe|2\n|-enditem|p1a: Gorebyss|White Herb\n|-clearnegativeboost|p1a: Gorebyss|[silent]\n|\n|upkeep\n|turn|7\n|\n|t:|1771059324\n|move|p1a: Gorebyss|Hidden Power|p2a: Jynx\n|-crit|p2a: Jynx\n|-damage|p2a: Jynx|56/260\n|move|p2a: Jynx|Ice Beam|p1a: Gorebyss\n|-resisted|p1a: Gorebyss\n|-damage|p1a: Gorebyss|0 fnt\n|faint|p1a: Gorebyss\n|-damage|p2a: Jynx|30/260|[from] item: Life Orb\n|\n|upkeep\n|\n|t:|1771059327\n|switch|p1a: Starmie|Starmie, L84|154/238\n|turn|8\n|\n|t:|1771059334\n|move|p1a: Starmie|Psyshock|p2a: Jynx\n|-resisted|p2a: Jynx\n|-damage|p2a: Jynx|0 fnt\n|faint|p2a: Jynx\n|-damage|p1a: Starmie|131/238|[from] item: Life Orb\n|\n|upkeep\n|\n|t:|1771059337\n|switch|p2a: Scrafty|Scrafty, L84, M|246/246\n|turn|9\n|\n|t:|1771059342\n|switch|p1a: Charizard|Charizard, L83, M|265/265\n|move|p2a: Scrafty|Knock Off|p1a: Charizard\n|-damage|p1a: Charizard|150/265\n|-enditem|p1a: Charizard|Leftovers|[from] move: Knock Off|[of] p2a: Scrafty\n|\n|upkeep\n|turn|10\n|\n|t:|1771059349\n|switch|p2a: Kecleon|Kecleon, L90, F|254/254\n|move|p1a: Charizard|Roost|p1a: Charizard\n|-heal|p1a: Charizard|265/265\n|-singleturn|p1a: Charizard|move: Roost\n|\n|upkeep\n|turn|11\n|\n|t:|1771059355\n|move|p1a: Charizard|Will-O-Wisp|p2a: Kecleon\n|-status|p2a: Kecleon|brn\n|move|p2a: Kecleon|Knock Off|p1a: Charizard\n|-start|p2a: Kecleon|typechange|Dark|[from] ability: Protean\n|-damage|p1a: Charizard|226/265\n|\n|-damage|p2a: Kecleon|239/254 brn|[from] brn\n|upkeep\n|turn|12\n|\n|t:|1771059367\n|switch|p1a: Watchog|Watchog, L96, F|114/271 slp\n|move|p2a: Kecleon|Drain Punch|p1a: Watchog\n|-start|p2a: Kecleon|typechange|Fighting|[from] ability: Protean\n|-supereffective|p1a: Watchog\n|-damage|p1a: Watchog|24/271 slp\n|-heal|p2a: Kecleon|254/254 brn|[from] drain|[of] p1a: Watchog\n|\n|-damage|p2a: Kecleon|239/254 brn|[from] brn\n|upkeep\n|turn|13\n|\n|t:|1771059370\n|switch|p1a: Charizard|Charizard, L83, M|226/265\n|move|p2a: Kecleon|Knock Off|p1a: Charizard\n|-start|p2a: Kecleon|typechange|Dark|[from] ability: Protean\n|-damage|p1a: Charizard|184/265\n|\n|-damage|p2a: Kecleon|224/254 brn|[from] brn\n|upkeep\n|turn|14\n|\n|t:|1771059376\n|move|p1a: Charizard|Air Slash|p2a: Kecleon\n|-damage|p2a: Kecleon|179/254 brn\n|move|p2a: Kecleon|Drain Punch|p1a: Charizard\n|-start|p2a: Kecleon|typechange|Fighting|[from] ability: Protean\n|-resisted|p1a: Charizard\n|-damage|p1a: Charizard|159/265\n|-heal|p2a: Kecleon|192/254 brn|[from] drain|[of] p1a: Charizard\n|\n|-damage|p2a: Kecleon|177/254 brn|[from] brn\n|upkeep\n|turn|15\n|\n|t:|1771059383\n|switch|p1a: Watchog|Watchog, L96, F|24/271 slp\n|switch|p2a: Scrafty|Scrafty, L84, M|246/246\n|\n|upkeep\n|turn|16\n|\n|t:|1771059387\n|cant|p1a: Watchog|slp\n|move|p2a: Scrafty|Bulk Up|p2a: Scrafty\n|-boost|p2a: Scrafty|atk|1\n|-boost|p2a: Scrafty|def|1\n|\n|upkeep\n|turn|17\n|\n|t:|1771059390\n|-curestatus|p1a: Watchog|slp|[msg]\n|move|p1a: Watchog|Hypnosis|p2a: Scrafty\n|-status|p2a: Scrafty|slp|[from] move: Hypnosis\n|cant|p2a: Scrafty|slp\n|\n|upkeep\n|turn|18\n|\n|t:|1771059394\n|switch|p1a: Charizard|Charizard, L83, M|159/265\n|cant|p2a: Scrafty|slp\n|\n|-activate|p2a: Scrafty|ability: Shed Skin\n|-curestatus|p2a: Scrafty|slp|[msg]\n|upkeep\n|turn|19\n|\n|t:|1771059399\n|move|p1a: Charizard|Air Slash|p2a: Scrafty\n|-supereffective|p2a: Scrafty\n|-damage|p2a: Scrafty|102/246\n|move|p2a: Scrafty|Bulk Up|p2a: Scrafty\n|-boost|p2a: Scrafty|atk|1\n|-boost|p2a: Scrafty|def|1\n|\n|-heal|p2a: Scrafty|117/246|[from] item: Leftovers\n|upkeep\n|turn|20\n|\n|t:|1771059402\n|move|p1a: Charizard|Air Slash|p2a: Scrafty\n|-supereffective|p2a: Scrafty\n|-damage|p2a: Scrafty|0 fnt\n|faint|p2a: Scrafty\n|\n|upkeep\n|\n|t:|1771059403\n|switch|p2a: Cobalion|Cobalion, L78|270/270\n|turn|21\n|\n|t:|1771059406\n|switch|p1a: Starmie|Starmie, L84|131/238\n|move|p2a: Cobalion|Stone Edge|p1a: Starmie\n|-damage|p1a: Starmie|73/238\n|\n|upkeep\n|turn|22\n|\n|t:|1771059411\n|switch|p2a: Groudon|Groudon, L65|238/238\n|detailschange|p2a: Groudon|Groudon-Primal, L65\n|-primal|p2a: Groudon|Red Orb\n|-weather|DesolateLand|[from] ability: Desolate Land|[of] p2a: Groudon\n|move|p1a: Starmie|Recover|p1a: Starmie\n|-heal|p1a: Starmie|192/238\n|\n|-weather|DesolateLand|[upkeep]\n|upkeep\n|turn|23\n|\n|t:|1771059425\n|switch|p1a: Watchog|Watchog, L96, F|24/271\n|move|p2a: Groudon|Swords Dance|p2a: Groudon\n|-boost|p2a: Groudon|atk|2\n|\n|-weather|DesolateLand|[upkeep]\n|upkeep\n|turn|24\n|\n|t:|1771059430\n|move|p1a: Watchog|Hypnosis|p2a: Groudon|[miss]\n|-miss|p1a: Watchog|p2a: Groudon\n|move|p2a: Groudon|Rock Polish|p2a: Groudon\n|-boost|p2a: Groudon|spe|2\n|\n|-weather|DesolateLand|[upkeep]\n|upkeep\n|turn|25\n|\n|t:|1771059433\n|move|p2a: Groudon|Fire Punch|p1a: Watchog\n|-damage|p1a: Watchog|0 fnt\n|faint|p1a: Watchog\n|\n|-weather|DesolateLand|[upkeep]\n|upkeep\n|\n|t:|1771059437\n|switch|p1a: Rayquaza|Rayquaza, L66|247/247\n|-ability|p1a: Rayquaza|Air Lock\n|turn|26\n|\n|t:|1771059444\n|detailschange|p1a: Rayquaza|Rayquaza-Mega, L66\n|-mega|p1a: Rayquaza|Rayquaza|\n|-weather|DeltaStream|[from] ability: Delta Stream|[of] p1a: Rayquaza\n|move|p2a: Groudon|Fire Punch|p1a: Rayquaza\n|-resisted|p1a: Rayquaza\n|-damage|p1a: Rayquaza|160/247\n|move|p1a: Rayquaza|Dragon Ascent|p2a: Groudon\n|-damage|p2a: Groudon|70/238\n|-unboost|p1a: Rayquaza|def|1\n|-unboost|p1a: Rayquaza|spd|1\n|\n|-weather|DeltaStream|[upkeep]\n|upkeep\n|turn|27\n|\n|t:|1771059453\n|-weather|none\n|switch|p1a: Charizard|Charizard, L83, M|159/265\n|move|p2a: Groudon|Fire Punch|p1a: Charizard\n|-resisted|p1a: Charizard\n|-damage|p1a: Charizard|69/265\n|\n|upkeep\n|turn|28\n|\n|t:|1771059457\n|move|p2a: Groudon|Fire Punch|p1a: Charizard\n|-resisted|p1a: Charizard\n|-damage|p1a: Charizard|0 fnt\n|faint|p1a: Charizard\n|\n|upkeep\n|\n|t:|1771059458\n|switch|p1a: Rayquaza|Rayquaza-Mega, L66|160/247\n|-weather|DeltaStream|[from] ability: Delta Stream|[of] p1a: Rayquaza\n|turn|29\n|\n|t:|1771059461\n|move|p1a: Rayquaza|Extreme Speed|p2a: Groudon\n|-damage|p2a: Groudon|0 fnt\n|faint|p2a: Groudon\n|detailschange|p2: Groudon|Groudon, L65|[silent]\n|\n|-weather|DeltaStream|[upkeep]\n|upkeep\n|\n|t:|1771059478\n|switch|p2a: Kecleon|Kecleon, L90, F|177/254 brn\n|turn|30\n|\n|t:|1771059483\n|-weather|none\n|switch|p1a: Mamoswine|Mamoswine, L79, F|303/303\n|move|p2a: Kecleon|Knock Off|p1a: Mamoswine\n|-start|p2a: Kecleon|typechange|Dark|[from] ability: Protean\n|-damage|p1a: Mamoswine|240/303\n|-enditem|p1a: Mamoswine|Choice Band|[from] move: Knock Off|[of] p2a: Kecleon\n|\n|-damage|p2a: Kecleon|162/254 brn|[from] brn\n|upkeep\n|turn|31\n|\n|t:|1771059487\n|move|p1a: Mamoswine|Earthquake|p2a: Kecleon\n|-damage|p2a: Kecleon|33/254 brn\n|move|p2a: Kecleon|Drain Punch|p1a: Mamoswine\n|-start|p2a: Kecleon|typechange|Fighting|[from] ability: Protean\n|-supereffective|p1a: Mamoswine\n|-damage|p1a: Mamoswine|141/303\n|-heal|p2a: Kecleon|83/254 brn|[from] drain|[of] p1a: Mamoswine\n|\n|-damage|p2a: Kecleon|68/254 brn|[from] brn\n|upkeep\n|turn|32\n|\n|t:|1771059491\n|move|p2a: Kecleon|Shadow Sneak|p1a: Mamoswine\n|-start|p2a: Kecleon|typechange|Ghost|[from] ability: Protean\n|-damage|p1a: Mamoswine|113/303\n|move|p1a: Mamoswine|Earthquake|p2a: Kecleon\n|-damage|p2a: Kecleon|0 fnt\n|faint|p2a: Kecleon\n|\n|upkeep\n|\n|t:|1771059497\n|switch|p2a: Cobalion|Cobalion, L78|270/270\n|turn|33\n|\n|t:|1771059502\n|move|p2a: Cobalion|Iron Head|p1a: Mamoswine\n|-supereffective|p1a: Mamoswine\n|-damage|p1a: Mamoswine|0 fnt\n|faint|p1a: Mamoswine\n|\n|upkeep\n|\n|t:|1771059504\n|switch|p1a: Starmie|Starmie, L84|192/238\n|turn|34\n|\n|t:|1771059506\n|switch|p2a: Amoonguss|Amoonguss, L83, F|325/325\n|move|p1a: Starmie|Hydro Pump|p2a: Amoonguss\n|-resisted|p2a: Amoonguss\n|-damage|p2a: Amoonguss|242/325\n|-damage|p1a: Starmie|169/238|[from] item: Life Orb\n|\n|upkeep\n|turn|35\n|\n|t:|1771059511\n|move|p1a: Starmie|Psyshock|p2a: Amoonguss\n|-supereffective|p2a: Amoonguss\n|-damage|p2a: Amoonguss|0 fnt\n|faint|p2a: Amoonguss\n|-damage|p1a: Starmie|146/238|[from] item: Life Orb\n|\n|upkeep\n|\n|t:|1771059512\n|switch|p2a: Cobalion|Cobalion, L78|270/270\n|turn|36\n|\n|t:|1771059518\n|move|p1a: Starmie|Hydro Pump|p2a: Cobalion|[miss]\n|-miss|p1a: Starmie|p2a: Cobalion\n|move|p2a: Cobalion|Swords Dance|p2a: Cobalion\n|-boost|p2a: Cobalion|atk|2\n|\n|upkeep\n|turn|37\n|\n|t:|1771059521\n|move|p1a: Starmie|Hydro Pump|p2a: Cobalion\n|-damage|p2a: Cobalion|79/270\n|-damage|p1a: Starmie|123/238|[from] item: Life Orb\n|move|p2a: Cobalion|Stone Edge|p1a: Starmie\n|-crit|p1a: Starmie\n|-damage|p1a: Starmie|0 fnt\n|faint|p1a: Starmie\n|\n|upkeep\n|\n|t:|1771059522\n|switch|p1a: Rayquaza|Rayquaza-Mega, L66|160/247\n|-weather|DeltaStream|[from] ability: Delta Stream|[of] p1a: Rayquaza\n|turn|38\n|\n|t:|1771059532\n|move|p1a: Rayquaza|Extreme Speed|p2a: Cobalion\n|-resisted|p2a: Cobalion\n|-damage|p2a: Cobalion|41/270\n|move|p2a: Cobalion|Iron Head|p1a: Rayquaza\n|-damage|p1a: Rayquaza|6/247\n|\n|-weather|DeltaStream|[upkeep]\n|upkeep\n|turn|39\n|\n|t:|1771059537\n|move|p1a: Rayquaza|Extreme Speed|p2a: Cobalion\n|-resisted|p2a: Cobalion\n|-damage|p2a: Cobalion|3/270\n|move|p2a: Cobalion|Iron Head|p1a: Rayquaza\n|-crit|p1a: Rayquaza\n|-damage|p1a: Rayquaza|0 fnt\n|faint|p1a: Rayquaza\n|-weather|none\n|detailschange|p1: Rayquaza|Rayquaza, L66|[silent]\n|\n|win|may/gen3\n|raw|alex938's rating: 1734 &rarr; <strong>1713</strong><br />(-21 for losing)\n|raw|may&#x2f;gen3's rating: 1719 &rarr; <strong>1740</strong><br />(+21 for winning)\n|l|☆alex938\n|player|p1|\n", "inputlog": ">version ccdc32dd7cde25fd9e4bed64820e885f66e78a4e\n>start {\"formatid\":\"gen7randombattle\",\"seed\":\"sodium,a365b850412a787aaddde20f146030f4\",\"rated\":\"Rated battle\"}\n>player p1 {\"name\":\"alex938\",\"avatar\":\"ethan\",\"rating\":1734,\"seed\":\"sodium,56c36f9d56b65b5ef1df41a51a156f15\"}\n>player p2 {\"name\":\"may/gen3\",\"avatar\":\"may\",\"rating\":1719,\"seed\":\"sodium,17996918b873fe939234f93c21e0993a\"}\n>p1 switch 2\n>p2 move closecombat zmove\n>p1 move hydropump\n>p2 switch 2\n>p1 switch 4\n>p2 move lovelykiss\n>p1 move return\n>p2 move icebeam\n>p1 switch 6\n>p2 move icebeam\n>p1 move shellsmash\n>p2 move psyshock\n>p1 move hiddenpower\n>p2 move icebeam\n>p1 switch 4\n>p1 move psyshock\n>p2 move icebeam\n>p2 switch 3\n>p1 switch 3\n>p2 move knockoff\n>p1 move roost\n>p2 switch 4\n>p1 move willowisp\n>p2 move knockoff\n>p1 switch 6\n>p2 move drainpunch\n>p1 switch 6\n>p2 move knockoff\n>p1 move airslash\n>p2 move drainpunch\n>p1 switch 6\n>p2 switch 4\n>p1 move hypnosis\n>p2 move bulkup\n>p1 move hypnosis\n>p2 move knockoff\n>p1 switch 6\n>p2 move knockoff\n>p1 move airslash\n>p2 move bulkup\n>p1 move airslash\n>p2 move knockoff\n>p2 switch 2\n>p1 switch 3\n>p2 move stoneedge\n>p1 move recover\n>p2 switch 5\n>p1 switch 6\n>p2 move swordsdance\n>p1 move hypnosis\n>p2 move rockpolish\n>p1 move hypnosis\n>p2 move firepunch\n>p1 switch 5\n>p1 move dragonascent mega\n>p2 move firepunch\n>p1 switch 3\n>p2 move firepunch\n>p1 move airslash\n>p2 move firepunch\n>p1 switch 3\n>p1 move extremespeed\n>p2 move firepunch\n>p2 switch 4\n>p1 switch 2\n>p2 move knockoff\n>p1 move earthquake\n>p2 move drainpunch\n>p1 move earthquake\n>p2 move shadowsneak\n>p2 switch 5\n>p1 move earthquake\n>p2 move ironhead\n>p1 switch 6\n>p1 move hydropump\n>p2 switch 6\n>p1 move psyshock\n>p2 move spore\n>p2 switch 6\n>p1 move hydropump\n>p2 move swordsdance\n>p1 move hydropump\n>p2 move stoneedge\n>p1 switch 2\n>p1 move extremespeed\n>p2 move ironhead\n>p1 move extremespeed\n>p2 move ironhead", "uploadtime": 1771059544, "views": 148, "formatid": "gen7randombattle", "rating": 1713, "private": 0, "password": null}