{"id": "gen7randombattle-2536754073", "format": "[Gen 7] Random Battle", "players": ["longjohnsonjones", "WilfionProutachier"], "log": "|j|☆longjohnsonjones\n|j|☆WilfionProutachier\n|t:|1770733669\n|gametype|singles\n|player|p1|longjohnsonjones|1|1574\n|player|p2|WilfionProutachier|li|1620\n|gen|7\n|tier|[Gen 7] Random Battle\n|rated|\n|rule|Sleep Clause Mod: Limit one foe put to sleep\n|rule|HP Percentage Mod: HP is shown in percentages\n|rule|Illusion Level Mod: Illusion disguises the Pokémon's true level\n|\n|t:|1770733669\n|teamsize|p1|6\n|teamsize|p2|6\n|start\n|switch|p1a: Floette|Floette-Eternal, L83, F|259/259\n|switch|p2a: Unown|Unown-Question|258/258\n|turn|1\n|\n|t:|1770733677\n|move|p1a: Floette|Moonblast|p2a: Unown\n|-damage|p2a: Unown|107/258\n|-unboost|p2a: Unown|spa|1\n|move|p2a: Unown|Hidden Power|p1a: Floette\n|-damage|p1a: Floette|201/259\n|\n|upkeep\n|turn|2\n|\n|t:|1770733684\n|move|p1a: Floette|Moonblast|p2a: Unown\n|-damage|p2a: Unown|0 fnt\n|faint|p2a: Unown\n|\n|upkeep\n|inactive|Battle timer is ON: inactive players will automatically lose when time's up. (requested by WilfionProutachier)\n|\n|t:|1770733693\n|switch|p2a: Volcarona|Volcarona, L76, F|253/253\n|turn|3\n|\n|t:|1770733702\n|switch|p1a: Tornadus|Tornadus, L82, M|263/263\n|move|p2a: Volcarona|Quiver Dance|p2a: Volcarona\n|-boost|p2a: Volcarona|spa|1\n|-boost|p2a: Volcarona|spd|1\n|-boost|p2a: Volcarona|spe|1\n|\n|upkeep\n|turn|4\n|\n|t:|1770733709\n|-zpower|p2a: Volcarona\n|move|p2a: Volcarona|Inferno Overdrive|p1a: Tornadus|[zeffect]\n|-damage|p1a: Tornadus|0 fnt\n|faint|p1a: Tornadus\n|\n|upkeep\n|\n|t:|1770733738\n|switch|p1a: Florges|Florges-Yellow, L85, F|271/271\n|turn|5\n|\n|t:|1770733749\n|move|p2a: Volcarona|Fire Blast|p1a: Florges\n|-damage|p1a: Florges|142/271\n|move|p1a: Florges|Toxic|p2a: Volcarona\n|-status|p2a: Volcarona|tox\n|\n|-heal|p1a: Florges|158/271|[from] item: Leftovers\n|-damage|p2a: Volcarona|238/253 tox|[from] psn\n|upkeep\n|turn|6\n|\n|t:|1770733757\n|switch|p2a: Dunsparce|Dunsparce, L95, F|344/344\n|move|p1a: Florges|Wish|p1a: Florges\n|\n|-heal|p1a: Florges|174/271|[from] item: Leftovers\n|upkeep\n|turn|7\n|\n|t:|1770733763\n|move|p1a: Florges|Toxic|p2a: Dunsparce\n|-status|p2a: Dunsparce|tox\n|move|p2a: Dunsparce|Glare|p1a: Florges\n|-status|p1a: Florges|par\n|\n|-heal|p1a: Florges|271/271 par|[from] move: Wish|[wisher] Florges\n|-damage|p2a: Dunsparce|323/344 tox|[from] psn\n|upkeep\n|turn|8\n|\n|t:|1770733773\n|move|p2a: Dunsparce|Headbutt|p1a: Florges\n|-damage|p1a: Florges|184/271 par\n|cant|p1a: Florges|flinch\n|\n|-heal|p2a: Dunsparce|344/344 tox|[from] item: Leftovers\n|-heal|p1a: Florges|200/271 par|[from] item: Leftovers\n|-damage|p2a: Dunsparce|302/344 tox|[from] psn\n|upkeep\n|turn|9\n|\n|t:|1770733780\n|move|p2a: Dunsparce|Headbutt|p1a: Florges\n|-damage|p1a: Florges|106/271 par\n|cant|p1a: Florges|flinch\n|\n|-heal|p2a: Dunsparce|323/344 tox|[from] item: Leftovers\n|-heal|p1a: Florges|122/271 par|[from] item: Leftovers\n|-damage|p2a: Dunsparce|260/344 tox|[from] psn\n|upkeep\n|turn|10\n|\n|t:|1770733788\n|move|p1a: Florges|Protect|p1a: Florges\n|-singleturn|p1a: Florges|Protect\n|move|p2a: Dunsparce|Headbutt|p1a: Florges\n|-activate|p1a: Florges|move: Protect\n|\n|-heal|p2a: Dunsparce|281/344 tox|[from] item: Leftovers\n|-heal|p1a: Florges|138/271 par|[from] item: Leftovers\n|-damage|p2a: Dunsparce|197/344 tox|[from] psn\n|upkeep\n|turn|11\n|\n|t:|1770733814\n|switch|p1a: Swampert|Swampert, L81, F|295/295\n|move|p2a: Dunsparce|Headbutt|p1a: Swampert\n|-damage|p1a: Swampert|222/295\n|\n|-heal|p2a: Dunsparce|218/344 tox|[from] item: Leftovers\n|-damage|p2a: Dunsparce|113/344 tox|[from] psn\n|upkeep\n|turn|12\n|\n|t:|1770733823\n|switch|p1a: Florges|Florges-Yellow, L85, F|138/271 par\n|switch|p2a: Silvally|Silvally-Grass, L87|307/307\n|\n|-heal|p1a: Florges|154/271 par|[from] item: Leftovers\n|upkeep\n|turn|13\n|\n|t:|1770733833\n|move|p2a: Silvally|Multi-Attack|p1a: Florges\n|-damage|p1a: Florges|43/271 par\n|move|p1a: Florges|Moonblast|p2a: Silvally\n|-damage|p2a: Silvally|201/307\n|-unboost|p2a: Silvally|spa|1\n|\n|-heal|p1a: Florges|59/271 par|[from] item: Leftovers\n|upkeep\n|turn|14\n|\n|t:|1770733842\n|move|p1a: Florges|Protect|p1a: Florges\n|-singleturn|p1a: Florges|Protect\n|move|p2a: Silvally|Multi-Attack|p1a: Florges\n|-activate|p1a: Florges|move: Protect\n|\n|-heal|p1a: Florges|75/271 par|[from] item: Leftovers\n|upkeep\n|turn|15\n|\n|t:|1770733849\n|move|p2a: Silvally|Multi-Attack|p1a: Florges\n|-damage|p1a: Florges|0 fnt\n|faint|p1a: Florges\n|\n|upkeep\n|\n|t:|1770733855\n|switch|p1a: Vanilluxe|Vanilluxe, L86, F|262/262\n|-weather|Hail|[from] ability: Snow Warning|[of] p1a: Vanilluxe\n|turn|16\n|\n|t:|1770733861\n|switch|p2a: Cresselia|Cresselia, L82, F|331/331\n|move|p1a: Vanilluxe|Blizzard|p2a: Cresselia\n|-damage|p2a: Cresselia|201/331\n|-damage|p1a: Vanilluxe|236/262|[from] item: Life Orb\n|\n|-weather|Hail|[upkeep]\n|-damage|p2a: Cresselia|181/331|[from] Hail\n|-heal|p2a: Cresselia|201/331|[from] item: Leftovers\n|upkeep\n|turn|17\n|\n|t:|1770733871\n|move|p2a: Cresselia|Psychic|p1a: Vanilluxe\n|-damage|p1a: Vanilluxe|167/262\n|move|p1a: Vanilluxe|Blizzard|p2a: Cresselia\n|-damage|p2a: Cresselia|75/331\n|-damage|p1a: Vanilluxe|141/262|[from] item: Life Orb\n|\n|-weather|Hail|[upkeep]\n|-damage|p2a: Cresselia|55/331|[from] Hail\n|-heal|p2a: Cresselia|75/331|[from] item: Leftovers\n|upkeep\n|turn|18\n|\n|t:|1770733889\n|switch|p2a: Vaporeon|Vaporeon, L86, M|364/364\n|move|p1a: Vanilluxe|Blizzard|p2a: Vaporeon\n|-resisted|p2a: Vaporeon\n|-damage|p2a: Vaporeon|282/364\n|-damage|p1a: Vanilluxe|115/262|[from] item: Life Orb\n|\n|-weather|Hail|[upkeep]\n|-damage|p2a: Vaporeon|260/364|[from] Hail\n|-heal|p2a: Vaporeon|282/364|[from] item: Leftovers\n|upkeep\n|turn|19\n|inactive|longjohnsonjones has 120 seconds left.\n|\n|t:|1770733928\n|switch|p1a: Swampert|Swampert, L81, F|222/295\n|move|p2a: Vaporeon|Protect||[still]\n|-fail|p2a: Vaporeon\n|\n|-weather|Hail|[upkeep]\n|-damage|p2a: Vaporeon|260/364|[from] Hail\n|-damage|p1a: Swampert|204/295|[from] Hail\n|-heal|p2a: Vaporeon|282/364|[from] item: Leftovers\n|upkeep\n|turn|20\n|inactive|longjohnsonjones has 120 seconds left.\n|\n|t:|1770733940\n|detailschange|p1a: Swampert|Swampert-Mega, L81, F\n|-mega|p1a: Swampert|Swampert|Swampertite\n|move|p2a: Vaporeon|Scald|p1a: Swampert\n|-damage|p1a: Swampert|111/295\n|move|p1a: Swampert|Earthquake|p2a: Vaporeon\n|-damage|p2a: Vaporeon|114/364\n|\n|-weather|none\n|-heal|p2a: Vaporeon|136/364|[from] item: Leftovers\n|upkeep\n|turn|21\n|inactive|longjohnsonjones has 120 seconds left.\n|\n|t:|1770733953\n|move|p2a: Vaporeon|Wish|p2a: Vaporeon\n|move|p1a: Swampert|Earthquake|p2a: Vaporeon\n|-damage|p2a: Vaporeon|0 fnt\n|faint|p2a: Vaporeon\n|\n|upkeep\n|\n|t:|1770733956\n|switch|p2a: Silvally|Silvally-Grass, L87|201/307\n|turn|22\n|\n|t:|1770733962\n|switch|p1a: Vanilluxe|Vanilluxe, L86, F|115/262\n|-weather|Hail|[from] ability: Snow Warning|[of] p1a: Vanilluxe\n|move|p2a: Silvally|Multi-Attack|p1a: Vanilluxe\n|-damage|p1a: Vanilluxe|22/262\n|\n|-weather|Hail|[upkeep]\n|-damage|p2a: Silvally|182/307|[from] Hail\n|-heal|p2a: Silvally|307/307|[from] move: Wish|[wisher] Vaporeon\n|upkeep\n|turn|23\n|\n|t:|1770733974\n|switch|p2a: Cresselia|Cresselia, L82, F|75/331\n|move|p1a: Vanilluxe|Blizzard|p2a: Cresselia\n|-damage|p2a: Cresselia|0 fnt\n|faint|p2a: Cresselia\n|-damage|p1a: Vanilluxe|0 fnt|[from] item: Life Orb\n|faint|p1a: Vanilluxe\n|\n|-weather|Hail|[upkeep]\n|upkeep\n|inactive|longjohnsonjones has 120 seconds left.\n|\n|t:|1770733986\n|switch|p2a: Silvally|Silvally-Grass, L87|307/307\n|switch|p1a: Floette|Floette-Eternal, L83, F|201/259\n|turn|24\n|\n|t:|1770733998\n|switch|p2a: Dunsparce|Dunsparce, L95, F|113/344 tox\n|move|p1a: Floette|Light of Ruin|p2a: Dunsparce\n|-damage|p2a: Dunsparce|0 fnt\n|faint|p2a: Dunsparce\n|-damage|p1a: Floette|144/259|[from] Recoil\n|\n|-weather|Hail|[upkeep]\n|-damage|p1a: Floette|128/259|[from] Hail\n|upkeep\n|\n|t:|1770734001\n|switch|p2a: Volcarona|Volcarona, L76, F|238/253 tox\n|turn|25\n|\n|t:|1770734011\n|switch|p1a: Swampert|Swampert-Mega, L81, F|111/295\n|move|p2a: Volcarona|Quiver Dance|p2a: Volcarona\n|-boost|p2a: Volcarona|spa|1\n|-boost|p2a: Volcarona|spd|1\n|-boost|p2a: Volcarona|spe|1\n|\n|-weather|Hail|[upkeep]\n|-damage|p2a: Volcarona|223/253 tox|[from] Hail\n|-damage|p1a: Swampert|93/295|[from] Hail\n|-damage|p2a: Volcarona|208/253 tox|[from] psn\n|upkeep\n|turn|26\n|\n|t:|1770734020\n|move|p2a: Volcarona|Giga Drain|p1a: Swampert\n|-supereffective|p1a: Swampert\n|-damage|p1a: Swampert|0 fnt\n|-heal|p2a: Volcarona|253/253 tox|[from] drain|[of] p1a: Swampert\n|faint|p1a: Swampert\n|detailschange|p1: Swampert|Swampert, L81, F|[silent]\n|\n|-weather|none\n|-damage|p2a: Volcarona|223/253 tox|[from] psn\n|upkeep\n|\n|t:|1770734030\n|switch|p1a: Latias|Latias, L79, F|256/256\n|turn|27\n|inactive|longjohnsonjones has 120 seconds left.\n|\n|t:|1770734068\n|move|p2a: Volcarona|Quiver Dance|p2a: Volcarona\n|-boost|p2a: Volcarona|spa|1\n|-boost|p2a: Volcarona|spd|1\n|-boost|p2a: Volcarona|spe|1\n|move|p1a: Latias|Roost||[still]\n|-fail|p1a: Latias|heal\n|\n|-damage|p2a: Volcarona|178/253 tox|[from] psn\n|upkeep\n|turn|28\n|inactive|longjohnsonjones has 120 seconds left.\n|\n|t:|1770734077\n|move|p2a: Volcarona|Fire Blast|p1a: Latias\n|-resisted|p1a: Latias\n|-damage|p1a: Latias|167/256\n|-zpower|p1a: Latias\n|move|p1a: Latias|Devastating Drake|p2a: Volcarona|[zeffect]\n|-crit|p2a: Volcarona\n|-damage|p2a: Volcarona|0 fnt\n|faint|p2a: Volcarona\n|\n|upkeep\n|\n|t:|1770734081\n|switch|p2a: Silvally|Silvally-Grass, L87|307/307\n|turn|29\n|inactive|longjohnsonjones has 120 seconds left.\n|\n|t:|1770734099\n|move|p1a: Latias|Draco Meteor|p2a: Silvally\n|-damage|p2a: Silvally|190/307\n|-unboost|p1a: Latias|spa|2\n|move|p2a: Silvally|Ice Beam|p1a: Latias\n|-supereffective|p1a: Latias\n|-damage|p1a: Latias|67/256\n|\n|upkeep\n|turn|30\n|\n|t:|1770734108\n|move|p1a: Latias|Psyshock|p2a: Silvally\n|-damage|p2a: Silvally|153/307\n|move|p2a: Silvally|Ice Beam|p1a: Latias\n|-supereffective|p1a: Latias\n|-damage|p1a: Latias|0 fnt\n|faint|p1a: Latias\n|\n|upkeep\n|\n|t:|1770734114\n|switch|p1a: Floette|Floette-Eternal, L83, F|128/259\n|turn|31\n|\n|t:|1770734117\n|move|p1a: Floette|Light of Ruin|p2a: Silvally\n|-damage|p2a: Silvally|0 fnt\n|faint|p2a: Silvally\n|-damage|p1a: Floette|51/259|[from] Recoil\n|\n|win|longjohnsonjones\n|raw|longjohnsonjones's rating: 1574 &rarr; <strong>1597</strong><br />(+23 for winning)\n|raw|WilfionProutachier's rating: 1620 &rarr; <strong>1597</strong><br />(-23 for losing)\n|c|☆longjohnsonjones|gg\n|l|☆WilfionProutachier\n|player|p2|\n", "inputlog": ">version ccdc32dd7cde25fd9e4bed64820e885f66e78a4e\n>start {\"formatid\":\"gen7randombattle\",\"seed\":\"sodium,f8a1fcedfddc5a4f8674be3c7a407b62\",\"rated\":\"Rated battle\"}\n>player p1 {\"name\":\"longjohnsonjones\",\"avatar\":\"1\",\"rating\":1574,\"seed\":\"sodium,7cdf26a3a8b35d463b11ae0d97fff49e\"}\n>player p2 {\"name\":\"WilfionProutachier\",\"avatar\":\"li\",\"rating\":1620,\"seed\":\"sodium,d2f4864540b67a6db9fe9178cd42e85c\"}\n>p1 move moonblast\n>p2 move hiddenpower\n>p1 move moonblast\n>p2 move hiddenpower\n>p2 switch 5\n>p1 switch 5\n>p2 move quiverdance\n>p1 move acrobatics\n>p2 move fireblast zmove\n>p1 switch 6\n>p1 move toxic\n>p2 move fireblast\n>p1 move wish\n>p2 switch 4\n>p1 move toxic\n>p2 move glare\n>p1 move moonblast\n>p2 move headbutt\n>p1 move wish\n>p2 move headbutt\n>p1 move protect\n>p2 move headbutt\n>p1 switch 4\n>p2 move headbutt\n>p1 switch 4\n>p2 switch 3\n>p1 move moonblast\n>p2 move multiattack\n>p1 move protect\n>p2 move multiattack\n>p1 move toxic\n>p2 move multiattack\n>p1 switch 2\n>p1 move blizzard\n>p2 switch 6\n>p1 move blizzard\n>p2 move psychic\n>p1 move blizzard\n>p2 switch 2\n>p1 switch 4\n>p2 move protect\n>p1 move earthquake mega\n>p2 move scald\n>p1 move earthquake\n>p2 move wish\n>p2 switch 6\n>p1 switch 4\n>p2 move multiattack\n>p1 move blizzard\n>p2 switch 2\n>p1 switch 5\n>p2 switch 2\n>p1 move lightofruin\n>p2 switch 3\n>p2 switch 4\n>p1 switch 4\n>p2 move quiverdance\n>p1 move waterfall\n>p2 move gigadrain\n>p1 switch 3\n>p1 move roost\n>p2 move quiverdance\n>p1 move dracometeor zmove\n>p2 move fireblast\n>p2 switch 3\n>p1 move dracometeor\n>p2 move icebeam\n>p1 move psyshock\n>p2 move icebeam\n>p1 switch 4\n>p1 move lightofruin\n>p2 move multiattack", "uploadtime": 1770734121, "views": 217, "formatid": "gen7randombattle", "rating": 1597, "private": 0, "password": null}