{"id": "gen7randombattle-2535581645", "format": "[Gen 7] Random Battle", "players": ["La.Hellhound", "stebah"], "log": "|j|‽La.Hellhound\n|j|☆stebah\n|t:|1770583658\n|gametype|singles\n|player|p1|La.Hellhound|bruno|1622\n|player|p2|stebah|2|1662\n|gen|7\n|tier|[Gen 7] Random Battle\n|rated|\n|rule|Sleep Clause Mod: Limit one foe put to sleep\n|rule|HP Percentage Mod: HP is shown in percentages\n|rule|Illusion Level Mod: Illusion disguises the Pokémon's true level\n|\n|t:|1770583658\n|teamsize|p1|6\n|teamsize|p2|6\n|start\n|switch|p1a: Luvdisc|Luvdisc, F|248/248\n|switch|p2a: Golduck|Golduck, L93, M|300/300\n|-ability|p2a: Golduck|Cloud Nine\n|turn|1\n|inactive|Battle timer is ON: inactive players will automatically lose when time's up. (requested by La.Hellhound)\n|\n|t:|1770583667\n|switch|p2a: Vileplume|Vileplume, L87, M|272/272\n|move|p1a: Luvdisc|Toxic|p2a: Vileplume|[miss]\n|-miss|p1a: Luvdisc|p2a: Vileplume\n|\n|upkeep\n|turn|2\n|\n|t:|1770583680\n|switch|p1a: Ferrothorn|Ferrothorn, L72, F|226/226\n|move|p2a: Vileplume|Sludge Bomb|p1a: Ferrothorn\n|-immune|p1a: Ferrothorn\n|\n|upkeep\n|turn|3\n|\n|t:|1770583692\n|switch|p2a: Togekiss|Togekiss, L81, M|270/270\n|move|p1a: Ferrothorn|Stealth Rock|p2a: Togekiss\n|-sidestart|p2: stebah|move: Stealth Rock\n|\n|upkeep\n|turn|4\n|\n|t:|1770583721\n|move|p2a: Togekiss|Nasty Plot|p2a: Togekiss\n|-boost|p2a: Togekiss|spa|2\n|move|p1a: Ferrothorn|Thunder Wave|p2a: Togekiss\n|-status|p2a: Togekiss|par\n|\n|upkeep\n|turn|5\n|\n|t:|1770583729\n|switch|p1a: Metagross|Metagross, L74|240/240\n|move|p2a: Togekiss|Aura Sphere|p1a: Metagross\n|-damage|p1a: Metagross|113/240\n|\n|upkeep\n|turn|6\n|inactive|La.Hellhound has 120 seconds left.\n|\n|t:|1770583753\n|detailschange|p1a: Metagross|Metagross-Mega, L74\n|-mega|p1a: Metagross|Metagross|Metagrossite\n|move|p1a: Metagross|Meteor Mash|p2a: Togekiss\n|-supereffective|p2a: Togekiss\n|-damage|p2a: Togekiss|0 fnt\n|-boost|p1a: Metagross|atk|1\n|faint|p2a: Togekiss\n|\n|upkeep\n|\n|t:|1770583762\n|switch|p2a: Stoutland|Stoutland, L86, F|286/286\n|-damage|p2a: Stoutland|251/286|[from] Stealth Rock\n|turn|7\n|\n|t:|1770583769\n|switch|p1a: Aerodactyl|Aerodactyl, L82, M|265/265\n|-ability|p1a: Aerodactyl|Unnerve\n|move|p2a: Stoutland|Crunch|p1a: Aerodactyl\n|-damage|p1a: Aerodactyl|179/265\n|\n|-heal|p1a: Aerodactyl|195/265|[from] item: Leftovers\n|upkeep\n|turn|8\n|\n|t:|1770583780\n|switch|p2a: Golduck|Golduck, L93, M|300/300\n|-damage|p2a: Golduck|263/300|[from] Stealth Rock\n|-ability|p2a: Golduck|Cloud Nine\n|move|p1a: Aerodactyl|Earthquake|p2a: Golduck\n|-damage|p2a: Golduck|197/300\n|\n|-heal|p1a: Aerodactyl|211/265|[from] item: Leftovers\n|-heal|p2a: Golduck|215/300|[from] item: Leftovers\n|upkeep\n|turn|9\n|\n|t:|1770583792\n|switch|p1a: Luvdisc|Luvdisc, F|248/248\n|move|p2a: Golduck|Focus Blast|p1a: Luvdisc\n|-damage|p1a: Luvdisc|135/248\n|\n|-heal|p1a: Luvdisc|150/248|[from] item: Leftovers\n|-heal|p2a: Golduck|233/300|[from] item: Leftovers\n|upkeep\n|turn|10\n|\n|t:|1770583815\n|switch|p2a: Kricketune|Kricketune, L97, F|306/306\n|-damage|p2a: Kricketune|230/306|[from] Stealth Rock\n|move|p1a: Luvdisc|Toxic|p2a: Kricketune\n|-status|p2a: Kricketune|tox\n|\n|-heal|p1a: Luvdisc|165/248|[from] item: Leftovers\n|-heal|p2a: Kricketune|249/306 tox|[from] item: Leftovers\n|-damage|p2a: Kricketune|230/306 tox|[from] psn\n|upkeep\n|turn|11\n|\n|t:|1770583826\n|switch|p1a: Ferrothorn|Ferrothorn, L72, F|226/226\n|move|p2a: Kricketune|Sticky Web|p1a: Ferrothorn\n|-sidestart|p1: La.Hellhound|move: Sticky Web\n|\n|-heal|p2a: Kricketune|249/306 tox|[from] item: Leftovers\n|-damage|p2a: Kricketune|211/306 tox|[from] psn\n|upkeep\n|turn|12\n|\n|t:|1770583837\n|move|p2a: Kricketune|Taunt|p1a: Ferrothorn\n|-start|p1a: Ferrothorn|move: Taunt\n|move|p1a: Ferrothorn|Knock Off|p2a: Kricketune\n|-damage|p2a: Kricketune|150/306 tox\n|-enditem|p2a: Kricketune|Leftovers|[from] move: Knock Off|[of] p1a: Ferrothorn\n|\n|-damage|p2a: Kricketune|93/306 tox|[from] psn\n|upkeep\n|turn|13\n|inactive|La.Hellhound has 120 seconds left.\n|l|‽La.Hellhound\n|inactive|La.Hellhound disconnected and has a minute to reconnect!\n|player|p1|\n|j|‽La.Hellhound\n|inactive|La.Hellhound reconnected and has 105 seconds left.\n|player|p1|La.Hellhound|bruno|\n|n|‽La.Hellhound|lahellhound\n|n|‽La.Hellhound|lahellhound\n|\n|t:|1770583881\n|move|p2a: Kricketune|Leech Life|p1a: Ferrothorn\n|-damage|p1a: Ferrothorn|102/226\n|-heal|p2a: Kricketune|155/306 tox|[from] drain|[of] p1a: Ferrothorn\n|-damage|p2a: Kricketune|117/306 tox|[from] ability: Iron Barbs|[of] p1a: Ferrothorn\n|move|p1a: Ferrothorn|Knock Off|p2a: Kricketune\n|-damage|p2a: Kricketune|77/306 tox\n|\n|-heal|p1a: Ferrothorn|116/226|[from] item: Leftovers\n|-damage|p2a: Kricketune|1/306 tox|[from] psn\n|upkeep\n|turn|14\n|\n|t:|1770583898\n|switch|p1a: Aerodactyl|Aerodactyl, L82, M|211/265\n|-ability|p1a: Aerodactyl|Unnerve\n|move|p2a: Kricketune|Leech Life|p1a: Aerodactyl\n|-resisted|p1a: Aerodactyl\n|-damage|p1a: Aerodactyl|122/265\n|-heal|p2a: Kricketune|46/306 tox|[from] drain|[of] p1a: Aerodactyl\n|\n|-heal|p1a: Aerodactyl|138/265|[from] item: Leftovers\n|-damage|p2a: Kricketune|0 fnt|[from] psn\n|faint|p2a: Kricketune\n|upkeep\n|\n|t:|1770583910\n|switch|p2a: Golduck|Golduck, L93, M|233/300\n|-damage|p2a: Golduck|196/300|[from] Stealth Rock\n|-ability|p2a: Golduck|Cloud Nine\n|turn|15\n|\n|t:|1770583917\n|move|p1a: Aerodactyl|Toxic|p2a: Golduck\n|-status|p2a: Golduck|tox\n|move|p2a: Golduck|Scald|p1a: Aerodactyl\n|-supereffective|p1a: Aerodactyl\n|-damage|p1a: Aerodactyl|0 fnt\n|faint|p1a: Aerodactyl\n|\n|-heal|p2a: Golduck|214/300 tox|[from] item: Leftovers\n|-damage|p2a: Golduck|196/300 tox|[from] psn\n|upkeep\n|n|‽La.Hellhound|lahellhound\n|n|‽La.Hellhound|lahellhound\n|\n|t:|1770583929\n|switch|p1a: Luvdisc|Luvdisc, F|165/248\n|-activate|p1a: Luvdisc|move: Sticky Web\n|-unboost|p1a: Luvdisc|spe|1\n|turn|16\n|\n|t:|1770583945\n|switch|p2a: Vileplume|Vileplume, L87, M|272/272\n|-damage|p2a: Vileplume|238/272|[from] Stealth Rock\n|move|p1a: Luvdisc|Protect||[still]\n|-fail|p1a: Luvdisc\n|\n|-heal|p1a: Luvdisc|180/248|[from] item: Leftovers\n|-heal|p2a: Vileplume|255/272|[from] item: Black Sludge\n|upkeep\n|turn|17\n|\n|t:|1770583957\n|switch|p1a: Ferrothorn|Ferrothorn, L72, F|116/226\n|-activate|p1a: Ferrothorn|move: Sticky Web\n|-unboost|p1a: Ferrothorn|spe|1\n|move|p2a: Vileplume|Aromatherapy|p2a: Vileplume\n|-activate|p2a: Vileplume|move: Aromatherapy\n|-curestatus|p2: Golduck|tox|[msg]\n|\n|-heal|p2a: Vileplume|272/272|[from] item: Black Sludge\n|-heal|p1a: Ferrothorn|130/226|[from] item: Leftovers\n|upkeep\n|turn|18\n|\n|t:|1770583972\n|move|p2a: Vileplume|Hidden Power|p1a: Ferrothorn\n|-damage|p1a: Ferrothorn|87/226\n|move|p1a: Ferrothorn|Thunder Wave|p2a: Vileplume\n|-status|p2a: Vileplume|par\n|\n|-heal|p1a: Ferrothorn|101/226|[from] item: Leftovers\n|upkeep\n|turn|19\n|\n|t:|1770583980\n|move|p2a: Vileplume|Hidden Power|p1a: Ferrothorn\n|-damage|p1a: Ferrothorn|54/226\n|move|p1a: Ferrothorn|Knock Off|p2a: Vileplume\n|-damage|p2a: Vileplume|219/272 par\n|-enditem|p2a: Vileplume|Black Sludge|[from] move: Knock Off|[of] p1a: Ferrothorn\n|\n|-heal|p1a: Ferrothorn|68/226|[from] item: Leftovers\n|upkeep\n|turn|20\n|inactive|La.Hellhound has 120 seconds left.\n|\n|t:|1770583989\n|switch|p1a: Pyroar|Pyroar, L88, M|295/295\n|-ability|p1a: Pyroar|Unnerve\n|-activate|p1a: Pyroar|move: Sticky Web\n|-unboost|p1a: Pyroar|spe|1\n|move|p2a: Vileplume|Hidden Power|p1a: Pyroar\n|-supereffective|p1a: Pyroar\n|-crit|p1a: Pyroar\n|-damage|p1a: Pyroar|119/295\n|\n|upkeep\n|turn|21\n|inactive|La.Hellhound has 120 seconds left.\n|\n|t:|1770584003\n|move|p1a: Pyroar|Fire Blast|p2a: Vileplume\n|-supereffective|p2a: Vileplume\n|-damage|p2a: Vileplume|0 fnt\n|faint|p2a: Vileplume\n|-damage|p1a: Pyroar|90/295|[from] item: Life Orb\n|\n|upkeep\n|\n|t:|1770584009\n|switch|p2a: Golduck|Golduck, L93, M|196/300\n|-damage|p2a: Golduck|159/300|[from] Stealth Rock\n|-ability|p2a: Golduck|Cloud Nine\n|turn|22\n|\n|t:|1770584016\n|switch|p1a: Luvdisc|Luvdisc, F|180/248\n|-activate|p1a: Luvdisc|move: Sticky Web\n|-unboost|p1a: Luvdisc|spe|1\n|move|p2a: Golduck|Calm Mind|p2a: Golduck\n|-boost|p2a: Golduck|spa|1\n|-boost|p2a: Golduck|spd|1\n|\n|-heal|p2a: Golduck|177/300|[from] item: Leftovers\n|-heal|p1a: Luvdisc|195/248|[from] item: Leftovers\n|upkeep\n|turn|23\n|\n|t:|1770584026\n|move|p2a: Golduck|Focus Blast|p1a: Luvdisc\n|-damage|p1a: Luvdisc|25/248\n|move|p1a: Luvdisc|Toxic|p2a: Golduck\n|-status|p2a: Golduck|tox\n|\n|-heal|p2a: Golduck|195/300 tox|[from] item: Leftovers\n|-heal|p1a: Luvdisc|40/248|[from] item: Leftovers\n|-damage|p2a: Golduck|177/300 tox|[from] psn\n|upkeep\n|turn|24\n|inactive|La.Hellhound has 120 seconds left.\n|\n|t:|1770584078\n|move|p1a: Luvdisc|Protect|p1a: Luvdisc\n|-singleturn|p1a: Luvdisc|Protect\n|move|p2a: Golduck|Scald|p1a: Luvdisc\n|-activate|p1a: Luvdisc|move: Protect\n|\n|-heal|p2a: Golduck|195/300 tox|[from] item: Leftovers\n|-heal|p1a: Luvdisc|55/248|[from] item: Leftovers\n|-damage|p2a: Golduck|159/300 tox|[from] psn\n|upkeep\n|turn|25\n|\n|t:|1770584091\n|move|p1a: Luvdisc|Protect||[still]\n|-fail|p1a: Luvdisc\n|move|p2a: Golduck|Scald|p1a: Luvdisc\n|-resisted|p1a: Luvdisc\n|-damage|p1a: Luvdisc|0 fnt\n|faint|p1a: Luvdisc\n|\n|-heal|p2a: Golduck|177/300 tox|[from] item: Leftovers\n|-damage|p2a: Golduck|123/300 tox|[from] psn\n|upkeep\n|inactive|La.Hellhound has 90 seconds left.\n|inactive|La.Hellhound has 60 seconds left.\n|\n|t:|1770584134\n|switch|p1a: Pyroar|Pyroar, L88, M|90/295\n|-ability|p1a: Pyroar|Unnerve\n|-activate|p1a: Pyroar|move: Sticky Web\n|-unboost|p1a: Pyroar|spe|1\n|turn|26\n|\n|t:|1770584141\n|switch|p1a: Ferrothorn|Ferrothorn, L72, F|68/226\n|-activate|p1a: Ferrothorn|move: Sticky Web\n|-unboost|p1a: Ferrothorn|spe|1\n|move|p2a: Golduck|Scald|p1a: Ferrothorn\n|-resisted|p1a: Ferrothorn\n|-damage|p1a: Ferrothorn|2/226\n|-status|p1a: Ferrothorn|brn\n|\n|-heal|p2a: Golduck|141/300 tox|[from] item: Leftovers\n|-heal|p1a: Ferrothorn|16/226 brn|[from] item: Leftovers\n|-damage|p2a: Golduck|69/300 tox|[from] psn\n|-damage|p1a: Ferrothorn|2/226 brn|[from] brn\n|upkeep\n|turn|27\n|inactive|La.Hellhound has 60 seconds left.\n|\n|t:|1770584160\n|move|p2a: Golduck|Scald|p1a: Ferrothorn\n|-resisted|p1a: Ferrothorn\n|-damage|p1a: Ferrothorn|0 fnt\n|faint|p1a: Ferrothorn\n|\n|-heal|p2a: Golduck|87/300 tox|[from] item: Leftovers\n|-damage|p2a: Golduck|0 fnt|[from] psn\n|faint|p2a: Golduck\n|upkeep\n|inactive|La.Hellhound has 60 seconds left.\n|n|‽La.Hellhound|lahellhound\n|n|‽La.Hellhound|lahellhound\n|n|‽La.Hellhound|lahellhound\n|\n|t:|1770584180\n|switch|p2a: Stoutland|Stoutland, L86, F|251/286\n|switch|p1a: Regigigas|Regigigas, L86|329/329\n|-damage|p2a: Stoutland|216/286|[from] Stealth Rock\n|-activate|p1a: Regigigas|move: Sticky Web\n|-unboost|p1a: Regigigas|spe|1\n|-start|p1a: Regigigas|ability: Slow Start\n|turn|28\n|j| Maddisonm61\n|\n|t:|1770584198\n|move|p2a: Stoutland|Superpower|p1a: Regigigas\n|-supereffective|p1a: Regigigas\n|-damage|p1a: Regigigas|163/329\n|-unboost|p2a: Stoutland|atk|1\n|-unboost|p2a: Stoutland|def|1\n|move|p1a: Regigigas|Thunder Wave|p2a: Stoutland\n|-status|p2a: Stoutland|par\n|\n|-heal|p1a: Regigigas|183/329|[from] item: Leftovers\n|upkeep\n|turn|29\n|\n|t:|1770584214\n|switch|p2a: Vanilluxe|Vanilluxe, L86, F|262/262\n|-damage|p2a: Vanilluxe|197/262|[from] Stealth Rock\n|-weather|Hail|[from] ability: Snow Warning|[of] p2a: Vanilluxe\n|move|p1a: Regigigas|Drain Punch|p2a: Vanilluxe\n|-supereffective|p2a: Vanilluxe\n|-damage|p2a: Vanilluxe|117/262\n|-heal|p1a: Regigigas|223/329|[from] drain|[of] p2a: Vanilluxe\n|\n|-weather|Hail|[upkeep]\n|-damage|p1a: Regigigas|203/329|[from] Hail\n|-heal|p1a: Regigigas|223/329|[from] item: Leftovers\n|upkeep\n|turn|30\n|\n|t:|1770584228\n|move|p2a: Vanilluxe|Blizzard|p1a: Regigigas\n|-damage|p1a: Regigigas|67/329\n|move|p1a: Regigigas|Thunder Wave|p2a: Vanilluxe\n|-status|p2a: Vanilluxe|par\n|\n|-weather|Hail|[upkeep]\n|-damage|p1a: Regigigas|47/329|[from] Hail\n|-heal|p1a: Regigigas|67/329|[from] item: Leftovers\n|upkeep\n|turn|31\n|\n|t:|1770584237\n|move|p2a: Vanilluxe|Blizzard|p1a: Regigigas\n|-damage|p1a: Regigigas|0 fnt\n|faint|p1a: Regigigas\n|\n|-weather|Hail|[upkeep]\n|upkeep\n|\n|t:|1770584242\n|switch|p1a: Metagross|Metagross-Mega, L74|113/240\n|-activate|p1a: Metagross|move: Sticky Web\n|-unboost|p1a: Metagross|spe|1\n|turn|32\n|\n|t:|1770584250\n|move|p1a: Metagross|Meteor Mash|p2a: Vanilluxe\n|-supereffective|p2a: Vanilluxe\n|-damage|p2a: Vanilluxe|0 fnt\n|faint|p2a: Vanilluxe\n|\n|-weather|Hail|[upkeep]\n|-damage|p1a: Metagross|98/240|[from] Hail\n|upkeep\n|-message|stebah forfeited.\n|\n|win|La.Hellhound\n|raw|La.Hellhound's rating: 1599 &rarr; <strong>1623</strong><br />(+24 for winning)\n|raw|stebah's rating: 1662 &rarr; <strong>1638</strong><br />(-24 for losing)\n|l|☆stebah\n|player|p2|\n", "inputlog": ">version ccdc32dd7cde25fd9e4bed64820e885f66e78a4e\n>start {\"formatid\":\"gen7randombattle\",\"seed\":\"sodium,55360c99f3bdabf76677a5f32974c48a\",\"rated\":\"Rated battle\"}\n>player p1 {\"name\":\"La.Hellhound\",\"avatar\":\"bruno\",\"rating\":1622,\"seed\":\"sodium,f024a30a57f210f2a4e5ff100beb70b6\"}\n>player p2 {\"name\":\"stebah\",\"avatar\":\"2\",\"rating\":1662,\"seed\":\"sodium,dbbda321c1581ca101c3b40c1e044c6e\"}\n>p1 move toxic\n>p2 switch 2\n>p1 switch 4\n>p2 move sludgebomb\n>p1 move stealthrock\n>p2 switch 6\n>p1 move thunderwave\n>p2 move nastyplot\n>p1 switch 5\n>p2 move aurasphere\n>p1 move meteormash mega\n>p2 move aurasphere\n>p2 switch 3\n>p1 switch 2\n>p2 move crunch\n>p1 move earthquake\n>p2 switch 2\n>p1 switch 4\n>p2 move focusblast\n>p1 move toxic\n>p2 switch 4\n>p1 switch 5\n>p2 move stickyweb\n>p1 move knockoff\n>p2 move taunt\n>p1 move knockoff\n>p2 move leechlife\n>p1 switch 4\n>p2 move leechlife\n>p2 switch 4\n>p1 move toxic\n>p2 move scald\n>p1 switch 5\n>p1 move protect\n>p2 switch 6\n>p1 switch 4\n>p2 move aromatherapy\n>p1 move thunderwave\n>p2 move hiddenpower\n>p1 move knockoff\n>p2 move hiddenpower\n>p1 switch 3\n>p2 move hiddenpower\n>p1 move fireblast\n>p2 move hiddenpower\n>p2 switch 6\n>p1 switch 4\n>p2 move calmmind\n>p1 move toxic\n>p2 move focusblast\n>p1 move protect\n>p2 move scald\n>p1 move protect\n>p2 move scald\n>p1 switch 4\n>p1 switch 3\n>p2 move scald\n>p1 move powerwhip\n>p2 move scald\n>p1 switch 6\n>p2 switch 2\n>p1 move thunderwave\n>p2 move superpower\n>p1 move drainpunch\n>p2 switch 5\n>p1 move thunderwave\n>p2 move blizzard\n>p1 move drainpunch\n>p2 move blizzard\n>p1 switch 2\n>p1 move meteormash\n>p2 move blizzard\n>forcelose p2", "uploadtime": 1770584257, "views": 194, "formatid": "gen7randombattle", "rating": 1623, "private": 0, "password": null}