{"id": "gen7randombattle-2539038681", "format": "[Gen 7] Random Battle", "players": ["berserkpower", "deronil"], "log": "|j|☆berserkpower\n|j|☆deronil\n|t:|1771005313\n|gametype|singles\n|player|p1|berserkpower|lance|1670\n|player|p2|deronil|170|1644\n|gen|7\n|tier|[Gen 7] Random Battle\n|rated|\n|rule|Sleep Clause Mod: Limit one foe put to sleep\n|rule|HP Percentage Mod: HP is shown in percentages\n|rule|Illusion Level Mod: Illusion disguises the Pokémon's true level\n|\n|t:|1771005313\n|teamsize|p1|6\n|teamsize|p2|6\n|start\n|switch|p1a: Raticate|Raticate, L88, F|240/240\n|switch|p2a: Chimecho|Chimecho, L95, M|296/296\n|turn|1\n|inactive|Battle timer is ON: inactive players will automatically lose when time's up. (requested by berserkpower)\n|\n|t:|1771005339\n|move|p1a: Raticate|Crunch|p2a: Chimecho\n|-supereffective|p2a: Chimecho\n|-damage|p2a: Chimecho|198/296\n|move|p2a: Chimecho|Psychic|p1a: Raticate\n|-damage|p1a: Raticate|92/240\n|\n|-heal|p2a: Chimecho|216/296|[from] item: Leftovers\n|-status|p1a: Raticate|brn|[from] item: Flame Orb\n|upkeep\n|turn|2\n|\n|t:|1771005357\n|move|p1a: Raticate|Facade|p2a: Chimecho\n|-damage|p2a: Chimecho|8/296\n|move|p2a: Chimecho|Psychic|p1a: Raticate\n|-damage|p1a: Raticate|0 fnt\n|faint|p1a: Raticate\n|\n|-heal|p2a: Chimecho|26/296|[from] item: Leftovers\n|upkeep\n|\n|t:|1771005368\n|switch|p1a: Suicune|Suicune, L82|298/298\n|-ability|p1a: Suicune|Pressure\n|turn|3\n|\n|t:|1771005378\n|move|p1a: Suicune|Substitute|p1a: Suicune\n|-start|p1a: Suicune|Substitute\n|-damage|p1a: Suicune|224/298\n|move|p2a: Chimecho|Calm Mind|p2a: Chimecho\n|-boost|p2a: Chimecho|spa|1\n|-boost|p2a: Chimecho|spd|1\n|\n|-heal|p1a: Suicune|242/298|[from] item: Leftovers\n|-heal|p2a: Chimecho|44/296|[from] item: Leftovers\n|upkeep\n|turn|4\n|\n|t:|1771005383\n|move|p1a: Suicune|Calm Mind|p1a: Suicune\n|-boost|p1a: Suicune|spa|1\n|-boost|p1a: Suicune|spd|1\n|move|p2a: Chimecho|Calm Mind|p2a: Chimecho\n|-boost|p2a: Chimecho|spa|1\n|-boost|p2a: Chimecho|spd|1\n|\n|-heal|p1a: Suicune|260/298|[from] item: Leftovers\n|-heal|p2a: Chimecho|62/296|[from] item: Leftovers\n|upkeep\n|turn|5\n|\n|t:|1771005388\n|move|p1a: Suicune|Scald|p2a: Chimecho\n|-damage|p2a: Chimecho|13/296\n|move|p2a: Chimecho|Calm Mind|p2a: Chimecho\n|-boost|p2a: Chimecho|spa|1\n|-boost|p2a: Chimecho|spd|1\n|\n|-heal|p1a: Suicune|278/298|[from] item: Leftovers\n|-heal|p2a: Chimecho|31/296|[from] item: Leftovers\n|upkeep\n|turn|6\n|\n|t:|1771005391\n|move|p1a: Suicune|Scald|p2a: Chimecho\n|-damage|p2a: Chimecho|0 fnt\n|faint|p2a: Chimecho\n|\n|-heal|p1a: Suicune|296/298|[from] item: Leftovers\n|upkeep\n|\n|t:|1771005399\n|switch|p2a: Lugia|Lugia, L71|268/268\n|turn|7\n|\n|t:|1771005408\n|switch|p2a: Meganium|Meganium, L92, M|297/297\n|move|p1a: Suicune|Protect||[still]\n|-fail|p1a: Suicune\n|\n|-heal|p1a: Suicune|298/298|[from] item: Leftovers\n|upkeep\n|turn|8\n|\n|t:|1771005411\n|move|p2a: Meganium|Energy Ball|p1a: Suicune\n|-supereffective|p1a: Suicune\n|-crit|p1a: Suicune\n|-end|p1a: Suicune|Substitute\n|move|p1a: Suicune|Calm Mind|p1a: Suicune\n|-boost|p1a: Suicune|spa|1\n|-boost|p1a: Suicune|spd|1\n|\n|upkeep\n|turn|9\n|\n|t:|1771005413\n|move|p1a: Suicune|Protect|p1a: Suicune\n|-singleturn|p1a: Suicune|Protect\n|move|p2a: Meganium|Toxic|p1a: Suicune\n|-activate|p1a: Suicune|move: Protect\n|\n|upkeep\n|turn|10\n|\n|t:|1771005418\n|switch|p1a: Lucario|Lucario, L74, M|226/226\n|move|p2a: Meganium|Leech Seed|p1a: Lucario\n|-start|p1a: Lucario|move: Leech Seed\n|\n|-damage|p1a: Lucario|198/226|[from] Leech Seed|[of] p2a: Meganium\n|upkeep\n|turn|11\n|\n|t:|1771005422\n|switch|p1a: Torterra|Torterra, L88, M|310/310\n|move|p2a: Meganium|Energy Ball|p1a: Torterra\n|-damage|p1a: Torterra|208/310\n|-unboost|p1a: Torterra|spd|1\n|\n|-heal|p1a: Torterra|227/310|[from] item: Leftovers\n|upkeep\n|turn|12\n|\n|t:|1771005425\n|move|p2a: Meganium|Energy Ball|p1a: Torterra\n|-damage|p1a: Torterra|82/310\n|move|p1a: Torterra|Stealth Rock|p2a: Meganium\n|-sidestart|p2: deronil|move: Stealth Rock\n|\n|-heal|p1a: Torterra|101/310|[from] item: Leftovers\n|upkeep\n|turn|13\n|\n|t:|1771005433\n|switch|p1a: Zebstrika|Zebstrika, L88, F|275/275\n|move|p2a: Meganium|Energy Ball|p1a: Zebstrika\n|-damage|p1a: Zebstrika|154/275\n|\n|upkeep\n|turn|14\n|\n|t:|1771005441\n|move|p1a: Zebstrika|Overheat|p2a: Meganium\n|-supereffective|p2a: Meganium\n|-damage|p2a: Meganium|91/297\n|-unboost|p1a: Zebstrika|spa|2\n|move|p2a: Meganium|Synthesis|p2a: Meganium\n|-heal|p2a: Meganium|239/297\n|\n|-heal|p2a: Meganium|257/297|[from] item: Leftovers\n|upkeep\n|turn|15\n|\n|t:|1771005447\n|switch|p1a: Mew|Mew, L80|291/291\n|move|p2a: Meganium|Leech Seed|p1a: Mew|[miss]\n|-miss|p2a: Meganium|p1a: Mew\n|\n|-heal|p2a: Meganium|275/297|[from] item: Leftovers\n|upkeep\n|turn|16\n|\n|t:|1771005450\n|move|p1a: Mew|Psychic|p2a: Meganium\n|-damage|p2a: Meganium|194/297\n|move|p2a: Meganium|Leech Seed|p1a: Mew\n|-start|p1a: Mew|move: Leech Seed\n|\n|-heal|p2a: Meganium|212/297|[from] item: Leftovers\n|-damage|p1a: Mew|255/291|[from] Leech Seed|[of] p2a: Meganium\n|-heal|p2a: Meganium|248/297|[silent]\n|upkeep\n|turn|17\n|\n|t:|1771005457\n|switch|p2a: Banette|Banette, L87, F|253/253\n|-damage|p2a: Banette|222/253|[from] Stealth Rock\n|-item|p1a: Mew|Leftovers|[from] ability: Frisk|[of] p2a: Banette\n|move|p1a: Mew|U-turn|p2a: Banette\n|-resisted|p2a: Banette\n|-damage|p2a: Banette|194/253\n|\n|t:|1771005463\n|switch|p1a: Zebstrika|Zebstrika, L88, F|154/275|[from] U-turn\n|\n|upkeep\n|turn|18\n|\n|t:|1771005470\n|detailschange|p2a: Banette|Banette-Mega, L87, F\n|-mega|p2a: Banette|Banette|Banettite\n|move|p1a: Zebstrika|Volt Switch|p2a: Banette\n|-damage|p2a: Banette|91/253\n|\n|t:|1771005475\n|switch|p1a: Torterra|Torterra, L88, M|101/310|[from] Volt Switch\n|move|p2a: Banette|Shadow Claw|p1a: Torterra\n|-crit|p1a: Torterra\n|-damage|p1a: Torterra|0 fnt\n|faint|p1a: Torterra\n|\n|upkeep\n|\n|t:|1771005478\n|switch|p1a: Zebstrika|Zebstrika, L88, F|154/275\n|turn|19\n|\n|t:|1771005484\n|switch|p2a: Zebstrika|Zebstrika, L88, F|275/275\n|-damage|p2a: Zebstrika|241/275|[from] Stealth Rock\n|move|p1a: Zebstrika|Thunderbolt|p2a: Zebstrika\n|-ability|p2a: Zebstrika|Lightning Rod|boost\n|-boost|p2a: Zebstrika|spa|1\n|\n|upkeep\n|turn|20\n|\n|t:|1771005497\n|switch|p1a: Mew|Mew, L80|255/291\n|move|p2a: Zebstrika|Volt Switch|p1a: Mew\n|-damage|p1a: Mew|116/291\n|\n|t:|1771005510\n|switch|p2a: Banette|Banette-Mega, L87, F|91/253|[from] Volt Switch\n|-damage|p2a: Banette|60/253|[from] Stealth Rock\n|\n|-heal|p1a: Mew|134/291|[from] item: Leftovers\n|upkeep\n|turn|21\n|\n|t:|1771005516\n|move|p2a: Banette|Destiny Bond|p2a: Banette\n|-singlemove|p2a: Banette|Destiny Bond\n|move|p1a: Mew|Psychic|p2a: Banette\n|-damage|p2a: Banette|0 fnt\n|faint|p2a: Banette\n|-activate|p2a: Banette|move: Destiny Bond\n|detailschange|p2: Banette|Banette, L87, F|[silent]\n|faint|p1a: Mew\n|\n|upkeep\n|\n|t:|1771005525\n|switch|p1a: Lucario|Lucario, L74, M|198/226\n|switch|p2a: Meganium|Meganium, L92, M|248/297\n|-damage|p2a: Meganium|211/297|[from] Stealth Rock\n|turn|22\n|\n|t:|1771005529\n|detailschange|p1a: Lucario|Lucario-Mega, L74, M\n|-mega|p1a: Lucario|Lucario|Lucarionite\n|move|p1a: Lucario|Swords Dance|p1a: Lucario\n|-boost|p1a: Lucario|atk|2\n|move|p2a: Meganium|Leech Seed|p1a: Lucario\n|-start|p1a: Lucario|move: Leech Seed\n|\n|-heal|p2a: Meganium|229/297|[from] item: Leftovers\n|-damage|p1a: Lucario|170/226|[from] Leech Seed|[of] p2a: Meganium\n|-heal|p2a: Meganium|257/297|[silent]\n|upkeep\n|turn|23\n|\n|t:|1771005533\n|switch|p2a: Lugia|Lugia, L71|268/268\n|-damage|p2a: Lugia|201/268|[from] Stealth Rock\n|move|p1a: Lucario|Close Combat|p2a: Lugia\n|-resisted|p2a: Lugia\n|-damage|p2a: Lugia|123/268\n|-unboost|p1a: Lucario|def|1\n|-unboost|p1a: Lucario|spd|1\n|\n|-heal|p2a: Lugia|139/268|[from] item: Leftovers\n|-damage|p1a: Lucario|142/226|[from] Leech Seed|[of] p2a: Lugia\n|-heal|p2a: Lugia|167/268|[silent]\n|upkeep\n|turn|24\n|\n|t:|1771005539\n|move|p1a: Lucario|Meteor Mash|p2a: Lugia\n|-damage|p2a: Lugia|0 fnt\n|faint|p2a: Lugia\n|\n|upkeep\n|\n|t:|1771005548\n|switch|p2a: Zebstrika|Zebstrika, L88, F|241/275\n|-damage|p2a: Zebstrika|207/275|[from] Stealth Rock\n|turn|25\n|\n|t:|1771005555\n|switch|p1a: Suicune|Suicune, L82|298/298\n|-ability|p1a: Suicune|Pressure\n|move|p2a: Zebstrika|Overheat|p1a: Suicune\n|-resisted|p1a: Suicune\n|-damage|p1a: Suicune|245/298\n|-unboost|p2a: Zebstrika|spa|2\n|\n|-heal|p1a: Suicune|263/298|[from] item: Leftovers\n|upkeep\n|turn|26\n|\n|t:|1771005558\n|switch|p2a: Meganium|Meganium, L92, M|257/297\n|-damage|p2a: Meganium|220/297|[from] Stealth Rock\n|move|p1a: Suicune|Substitute|p1a: Suicune\n|-start|p1a: Suicune|Substitute\n|-damage|p1a: Suicune|189/298\n|\n|-heal|p2a: Meganium|238/297|[from] item: Leftovers\n|-heal|p1a: Suicune|207/298|[from] item: Leftovers\n|upkeep\n|turn|27\n|\n|t:|1771005563\n|move|p1a: Suicune|Protect|p1a: Suicune\n|-singleturn|p1a: Suicune|Protect\n|move|p2a: Meganium|Energy Ball|p1a: Suicune\n|-activate|p1a: Suicune|move: Protect\n|\n|-heal|p2a: Meganium|256/297|[from] item: Leftovers\n|-heal|p1a: Suicune|225/298|[from] item: Leftovers\n|upkeep\n|turn|28\n|\n|t:|1771005569\n|move|p2a: Meganium|Energy Ball|p1a: Suicune\n|-supereffective|p1a: Suicune\n|-end|p1a: Suicune|Substitute\n|move|p1a: Suicune|Substitute|p1a: Suicune\n|-start|p1a: Suicune|Substitute\n|-damage|p1a: Suicune|151/298\n|\n|-heal|p2a: Meganium|274/297|[from] item: Leftovers\n|-heal|p1a: Suicune|169/298|[from] item: Leftovers\n|upkeep\n|turn|29\n|\n|t:|1771005573\n|move|p1a: Suicune|Protect|p1a: Suicune\n|-singleturn|p1a: Suicune|Protect\n|move|p2a: Meganium|Toxic|p1a: Suicune\n|-activate|p1a: Suicune|move: Protect\n|\n|-heal|p2a: Meganium|292/297|[from] item: Leftovers\n|-heal|p1a: Suicune|187/298|[from] item: Leftovers\n|upkeep\n|turn|30\n|\n|t:|1771005583\n|move|p2a: Meganium|Energy Ball|p1a: Suicune\n|-supereffective|p1a: Suicune\n|-end|p1a: Suicune|Substitute\n|move|p1a: Suicune|Substitute|p1a: Suicune\n|-start|p1a: Suicune|Substitute\n|-damage|p1a: Suicune|113/298\n|\n|-heal|p2a: Meganium|297/297|[from] item: Leftovers\n|-heal|p1a: Suicune|131/298|[from] item: Leftovers\n|upkeep\n|turn|31\n|\n|t:|1771005587\n|switch|p2a: Zebstrika|Zebstrika, L88, F|207/275\n|-damage|p2a: Zebstrika|173/275|[from] Stealth Rock\n|move|p1a: Suicune|Calm Mind|p1a: Suicune\n|-boost|p1a: Suicune|spa|1\n|-boost|p1a: Suicune|spd|1\n|\n|-heal|p1a: Suicune|149/298|[from] item: Leftovers\n|upkeep\n|turn|32\n|\n|t:|1771005589\n|move|p1a: Suicune|Protect|p1a: Suicune\n|-singleturn|p1a: Suicune|Protect\n|move|p2a: Zebstrika|Volt Switch|p1a: Suicune\n|-activate|p1a: Suicune|move: Protect\n|\n|-heal|p1a: Suicune|167/298|[from] item: Leftovers\n|upkeep\n|turn|33\n|\n|t:|1771005595\n|move|p2a: Zebstrika|Volt Switch|p1a: Suicune\n|-supereffective|p1a: Suicune\n|-crit|p1a: Suicune\n|-end|p1a: Suicune|Substitute\n|\n|t:|1771005599\n|switch|p2a: Venomoth|Venomoth, L82, M|249/249|[from] Volt Switch\n|-damage|p2a: Venomoth|187/249|[from] Stealth Rock\n|move|p1a: Suicune|Substitute|p1a: Suicune\n|-start|p1a: Suicune|Substitute\n|-damage|p1a: Suicune|93/298\n|\n|-heal|p1a: Suicune|111/298|[from] item: Leftovers\n|upkeep\n|turn|34\n|\n|t:|1771005604\n|move|p2a: Venomoth|Quiver Dance|p2a: Venomoth\n|-boost|p2a: Venomoth|spa|1\n|-boost|p2a: Venomoth|spd|1\n|-boost|p2a: Venomoth|spe|1\n|move|p1a: Suicune|Scald|p2a: Venomoth\n|-damage|p2a: Venomoth|97/249\n|\n|-heal|p1a: Suicune|129/298|[from] item: Leftovers\n|upkeep\n|turn|35\n|\n|t:|1771005610\n|move|p2a: Venomoth|Bug Buzz|p1a: Suicune\n|-damage|p1a: Suicune|54/298\n|move|p1a: Suicune|Scald|p2a: Venomoth\n|-damage|p2a: Venomoth|16/249\n|-status|p2a: Venomoth|brn\n|\n|-heal|p1a: Suicune|72/298|[from] item: Leftovers\n|-damage|p2a: Venomoth|1/249 brn|[from] brn\n|upkeep\n|turn|36\n|\n|t:|1771005615\n|move|p1a: Suicune|Protect|p1a: Suicune\n|-singleturn|p1a: Suicune|Protect\n|move|p2a: Venomoth|Bug Buzz|p1a: Suicune\n|-activate|p1a: Suicune|move: Protect\n|\n|-heal|p1a: Suicune|90/298|[from] item: Leftovers\n|-damage|p2a: Venomoth|0 fnt|[from] brn\n|faint|p2a: Venomoth\n|upkeep\n|\n|t:|1771005617\n|switch|p2a: Zebstrika|Zebstrika, L88, F|173/275\n|-damage|p2a: Zebstrika|139/275|[from] Stealth Rock\n|turn|37\n|\n|t:|1771005623\n|move|p1a: Suicune|Protect|p1a: Suicune\n|-singleturn|p1a: Suicune|Protect\n|move|p2a: Zebstrika|Volt Switch|p1a: Suicune\n|-activate|p1a: Suicune|move: Protect\n|\n|-heal|p1a: Suicune|108/298|[from] item: Leftovers\n|upkeep\n|turn|38\n|\n|t:|1771005632\n|move|p2a: Zebstrika|Volt Switch|p1a: Suicune\n|-supereffective|p1a: Suicune\n|-end|p1a: Suicune|Substitute\n|\n|t:|1771005635\n|switch|p2a: Meganium|Meganium, L92, M|297/297|[from] Volt Switch\n|-damage|p2a: Meganium|260/297|[from] Stealth Rock\n|move|p1a: Suicune|Substitute|p1a: Suicune\n|-start|p1a: Suicune|Substitute\n|-damage|p1a: Suicune|34/298\n|\n|-heal|p2a: Meganium|278/297|[from] item: Leftovers\n|-heal|p1a: Suicune|52/298|[from] item: Leftovers\n|upkeep\n|turn|39\n|\n|t:|1771005640\n|move|p1a: Suicune|Protect|p1a: Suicune\n|-singleturn|p1a: Suicune|Protect\n|move|p2a: Meganium|Energy Ball|p1a: Suicune\n|-activate|p1a: Suicune|move: Protect\n|\n|-heal|p2a: Meganium|296/297|[from] item: Leftovers\n|-heal|p1a: Suicune|70/298|[from] item: Leftovers\n|upkeep\n|turn|40\n|\n|t:|1771005647\n|move|p1a: Suicune|Protect|p1a: Suicune\n|-singleturn|p1a: Suicune|Protect\n|move|p2a: Meganium|Energy Ball|p1a: Suicune\n|-activate|p1a: Suicune|move: Protect\n|\n|-heal|p2a: Meganium|297/297|[from] item: Leftovers\n|-heal|p1a: Suicune|88/298|[from] item: Leftovers\n|upkeep\n|turn|41\n|c|☆deronil|ofc\n|\n|t:|1771005654\n|switch|p2a: Zebstrika|Zebstrika, L88, F|139/275\n|-damage|p2a: Zebstrika|105/275|[from] Stealth Rock\n|move|p1a: Suicune|Substitute|p1a: Suicune\n|-fail|p1a: Suicune|move: Substitute\n|\n|-heal|p1a: Suicune|106/298|[from] item: Leftovers\n|upkeep\n|turn|42\n|\n|t:|1771005658\n|move|p1a: Suicune|Protect|p1a: Suicune\n|-singleturn|p1a: Suicune|Protect\n|move|p2a: Zebstrika|Thunderbolt|p1a: Suicune\n|-activate|p1a: Suicune|move: Protect\n|\n|-heal|p1a: Suicune|124/298|[from] item: Leftovers\n|upkeep\n|turn|43\n|\n|t:|1771005665\n|move|p2a: Zebstrika|Thunderbolt|p1a: Suicune\n|-supereffective|p1a: Suicune\n|-end|p1a: Suicune|Substitute\n|move|p1a: Suicune|Scald|p2a: Zebstrika\n|-damage|p2a: Zebstrika|0 fnt\n|faint|p2a: Zebstrika\n|\n|-heal|p1a: Suicune|142/298|[from] item: Leftovers\n|upkeep\n|\n|t:|1771005668\n|switch|p2a: Meganium|Meganium, L92, M|297/297\n|-damage|p2a: Meganium|260/297|[from] Stealth Rock\n|turn|44\n|\n|t:|1771005670\n|switch|p1a: Lucario|Lucario-Mega, L74, M|142/226\n|move|p2a: Meganium|Toxic|p1a: Lucario\n|-immune|p1a: Lucario\n|\n|-heal|p2a: Meganium|278/297|[from] item: Leftovers\n|upkeep\n|turn|45\n|\n|t:|1771005675\n|move|p1a: Lucario|Swords Dance|p1a: Lucario\n|-boost|p1a: Lucario|atk|2\n|move|p2a: Meganium|Leech Seed|p1a: Lucario\n|-start|p1a: Lucario|move: Leech Seed\n|\n|-heal|p2a: Meganium|296/297|[from] item: Leftovers\n|-damage|p1a: Lucario|114/226|[from] Leech Seed|[of] p2a: Meganium\n|-heal|p2a: Meganium|297/297|[silent]\n|upkeep\n|turn|46\n|\n|t:|1771005681\n|move|p1a: Lucario|Close Combat|p2a: Meganium\n|-damage|p2a: Meganium|19/297\n|-unboost|p1a: Lucario|def|1\n|-unboost|p1a: Lucario|spd|1\n|move|p2a: Meganium|Energy Ball|p1a: Lucario\n|-resisted|p1a: Lucario\n|-damage|p1a: Lucario|0 fnt\n|faint|p1a: Lucario\n|detailschange|p1: Lucario|Lucario, L74, M|[silent]\n|\n|-heal|p2a: Meganium|37/297|[from] item: Leftovers\n|upkeep\n|\n|t:|1771005688\n|switch|p1a: Zebstrika|Zebstrika, L88, F|154/275\n|turn|47\n|\n|t:|1771005689\n|move|p1a: Zebstrika|Hidden Power|p2a: Meganium\n|-supereffective|p2a: Meganium\n|-damage|p2a: Meganium|0 fnt\n|faint|p2a: Meganium\n|\n|win|berserkpower\n|raw|berserkpower's rating: 1670 &rarr; <strong>1689</strong><br />(+19 for winning)\n|raw|deronil's rating: 1644 &rarr; <strong>1625</strong><br />(-19 for losing)\n|l|☆deronil\n|player|p2|\n", "inputlog": ">version ccdc32dd7cde25fd9e4bed64820e885f66e78a4e\n>start {\"formatid\":\"gen7randombattle\",\"seed\":\"sodium,7b2d9e0c6db408432826695944b49d67\",\"rated\":\"Rated battle\"}\n>player p1 {\"name\":\"berserkpower\",\"avatar\":\"lance\",\"rating\":1670,\"seed\":\"sodium,42a904d92363cbe29c124d0c27b608d8\"}\n>player p2 {\"name\":\"deronil\",\"avatar\":\"170\",\"rating\":1644,\"seed\":\"sodium,1f884ed3d885f2cbc8706658cc63d9e8\"}\n>p1 move crunch\n>p2 move psychic\n>p1 move facade\n>p2 move psychic\n>p1 switch 2\n>p1 move substitute\n>p2 move calmmind\n>p1 move calmmind\n>p2 move calmmind\n>p1 move scald\n>p2 move calmmind\n>p1 move scald\n>p2 move recover\n>p2 switch 5\n>p1 move protect\n>p2 switch 4\n>p1 move calmmind\n>p2 move energyball\n>p1 move protect\n>p2 move toxic\n>p1 switch 6\n>p2 move leechseed\n>p1 switch 4\n>p2 move energyball\n>p1 move stealthrock\n>p2 move energyball\n>p1 switch 3\n>p2 move energyball\n>p1 move overheat\n>p2 move synthesis\n>p1 switch 5\n>p2 move leechseed\n>p1 move psychic\n>p2 move leechseed\n>p1 move uturn\n>p2 switch 2\n>p1 switch 5\n>p1 move voltswitch\n>p2 move shadowclaw mega\n>p1 switch 3\n>p1 switch 3\n>p1 move thunderbolt\n>p2 switch 6\n>p1 switch 5\n>p2 move voltswitch\n>p2 switch 6\n>p1 move psychic\n>p2 move destinybond\n>p1 switch 4\n>p2 switch 2\n>p1 move swordsdance mega\n>p2 move leechseed\n>p1 move closecombat\n>p2 switch 4\n>p1 move meteormash\n>p2 move roost\n>p2 switch 6\n>p1 switch 6\n>p2 move overheat\n>p1 move substitute\n>p2 switch 4\n>p1 move protect\n>p2 move energyball\n>p1 move substitute\n>p2 move energyball\n>p1 move protect\n>p2 move toxic\n>p1 move substitute\n>p2 move energyball\n>p1 move calmmind\n>p2 switch 4\n>p1 move protect\n>p2 move voltswitch\n>p1 move substitute\n>p2 move voltswitch\n>p2 switch 3\n>p1 move scald\n>p2 move quiverdance\n>p1 move scald\n>p2 move bugbuzz\n>p1 move protect\n>p2 move bugbuzz\n>p2 switch 3\n>p1 move protect\n>p2 move voltswitch\n>p1 move substitute\n>p2 move voltswitch\n>p2 switch 4\n>p1 move protect\n>p2 move energyball\n>p1 move protect\n>p2 move energyball\n>chat ☆deronil|ofc\n>p1 move substitute\n>p2 switch 4\n>p1 move protect\n>p2 move thunderbolt\n>p1 move scald\n>p2 move thunderbolt\n>p2 switch 4\n>p1 switch 6\n>p2 move toxic\n>p1 move swordsdance\n>p2 move leechseed\n>p1 move closecombat\n>p2 move energyball\n>p1 switch 5\n>p1 move hiddenpower\n>p2 move synthesis", "uploadtime": 1771005696, "views": 188, "formatid": "gen7randombattle", "rating": 1625, "private": 0, "password": null}