{"id": "gen7randombattle-2524246636", "format": "[Gen 7] Random Battle", "players": ["verdu7", "ArchenWarrior"], "log": "|j|☆verdu7\n|j|☆ArchenWarrior\n|t:|1769122147\n|gametype|singles\n|player|p1|verdu7|169|1545\n|player|p2|ArchenWarrior|proton|1664\n|gen|7\n|tier|[Gen 7] Random Battle\n|rated|\n|rule|Sleep Clause Mod: Limit one foe put to sleep\n|rule|HP Percentage Mod: HP is shown in percentages\n|rule|Illusion Level Mod: Illusion disguises the Pokémon's true level\n|\n|t:|1769122147\n|teamsize|p1|6\n|teamsize|p2|6\n|start\n|switch|p1a: Primarina|Primarina, L83, M|268/268\n|switch|p2a: Klinklang|Klinklang, L87|246/246\n|turn|1\n|inactive|Battle timer is ON: inactive players will automatically lose when time's up. (requested by verdu7)\n|\n|t:|1769122181\n|switch|p2a: Empoleon|Empoleon, L83, M|275/275\n|move|p1a: Primarina|Scald|p2a: Empoleon\n|-resisted|p2a: Empoleon\n|-damage|p2a: Empoleon|224/275\n|-status|p2a: Empoleon|brn\n|\n|-heal|p2a: Empoleon|241/275 brn|[from] item: Leftovers\n|-damage|p2a: Empoleon|224/275 brn|[from] brn\n|upkeep\n|turn|2\n|\n|t:|1769122195\n|switch|p1a: Bastiodon|Bastiodon, L94, F|265/265\n|move|p2a: Empoleon|Knock Off|p1a: Bastiodon\n|-damage|p1a: Bastiodon|248/265\n|-enditem|p1a: Bastiodon|Leftovers|[from] move: Knock Off|[of] p2a: Empoleon\n|\n|-heal|p2a: Empoleon|241/275 brn|[from] item: Leftovers\n|-damage|p2a: Empoleon|224/275 brn|[from] brn\n|upkeep\n|turn|3\n|\n|t:|1769122204\n|move|p1a: Bastiodon|Protect|p1a: Bastiodon\n|-singleturn|p1a: Bastiodon|Protect\n|move|p2a: Empoleon|Scald|p1a: Bastiodon\n|-activate|p1a: Bastiodon|move: Protect\n|\n|-heal|p2a: Empoleon|241/275 brn|[from] item: Leftovers\n|-damage|p2a: Empoleon|224/275 brn|[from] brn\n|upkeep\n|turn|4\n|\n|t:|1769122225\n|switch|p1a: Alomomola|Alomomola, L87, M|429/429\n|move|p2a: Empoleon|Scald|p1a: Alomomola\n|-resisted|p1a: Alomomola\n|-damage|p1a: Alomomola|355/429\n|-status|p1a: Alomomola|brn\n|\n|-heal|p2a: Empoleon|241/275 brn|[from] item: Leftovers\n|-damage|p1a: Alomomola|329/429 brn|[from] brn\n|-damage|p2a: Empoleon|224/275 brn|[from] brn\n|upkeep\n|turn|5\n|\n|t:|1769122248\n|move|p1a: Alomomola|Wish|p1a: Alomomola\n|move|p2a: Empoleon|Scald|p1a: Alomomola\n|-resisted|p1a: Alomomola\n|-damage|p1a: Alomomola|263/429 brn\n|\n|-heal|p2a: Empoleon|241/275 brn|[from] item: Leftovers\n|-damage|p1a: Alomomola|237/429 brn|[from] brn\n|-damage|p2a: Empoleon|224/275 brn|[from] brn\n|upkeep\n|turn|6\n|\n|t:|1769122264\n|move|p1a: Alomomola|Scald|p2a: Empoleon\n|-resisted|p2a: Empoleon\n|-damage|p2a: Empoleon|200/275 brn\n|move|p2a: Empoleon|Scald|p1a: Alomomola\n|-resisted|p1a: Alomomola\n|-damage|p1a: Alomomola|167/429 brn\n|\n|-heal|p1a: Alomomola|381/429 brn|[from] move: Wish|[wisher] Alomomola\n|-heal|p2a: Empoleon|217/275 brn|[from] item: Leftovers\n|-damage|p1a: Alomomola|355/429 brn|[from] brn\n|-damage|p2a: Empoleon|200/275 brn|[from] brn\n|upkeep\n|turn|7\n|\n|t:|1769122276\n|move|p2a: Empoleon|Protect|p2a: Empoleon\n|-singleturn|p2a: Empoleon|Protect\n|move|p1a: Alomomola|Wish|p1a: Alomomola\n|\n|-heal|p2a: Empoleon|217/275 brn|[from] item: Leftovers\n|-damage|p1a: Alomomola|329/429 brn|[from] brn\n|-damage|p2a: Empoleon|200/275 brn|[from] brn\n|upkeep\n|turn|8\n|\n|t:|1769122290\n|switch|p1a: Xerneas|Xerneas, L65|272/272\n|-ability|p1a: Xerneas|Fairy Aura\n|move|p2a: Empoleon|Toxic|p1a: Xerneas\n|-status|p1a: Xerneas|tox\n|\n|-heal|p2a: Empoleon|217/275 brn|[from] item: Leftovers\n|-damage|p1a: Xerneas|255/272 tox|[from] psn\n|-damage|p2a: Empoleon|200/275 brn|[from] brn\n|upkeep\n|turn|9\n|inactive|ArchenWarrior has 120 seconds left.\n|\n|t:|1769122326\n|move|p1a: Xerneas|Geomancy||[still]\n|-prepare|p1a: Xerneas|Geomancy\n|-enditem|p1a: Xerneas|Power Herb\n|-anim|p1a: Xerneas|Geomancy|p1a: Xerneas\n|-boost|p1a: Xerneas|spa|2\n|-boost|p1a: Xerneas|spd|2\n|-boost|p1a: Xerneas|spe|2\n|move|p2a: Empoleon|Scald|p1a: Xerneas\n|-damage|p1a: Xerneas|204/272 tox\n|\n|-heal|p2a: Empoleon|217/275 brn|[from] item: Leftovers\n|-damage|p1a: Xerneas|170/272 tox|[from] psn\n|-damage|p2a: Empoleon|200/275 brn|[from] brn\n|upkeep\n|turn|10\n|\n|t:|1769122338\n|move|p2a: Empoleon|Protect|p2a: Empoleon\n|-singleturn|p2a: Empoleon|Protect\n|move|p1a: Xerneas|Focus Blast|p2a: Empoleon\n|-activate|p2a: Empoleon|move: Protect\n|\n|-heal|p2a: Empoleon|217/275 brn|[from] item: Leftovers\n|-damage|p1a: Xerneas|119/272 tox|[from] psn\n|-damage|p2a: Empoleon|200/275 brn|[from] brn\n|upkeep\n|turn|11\n|\n|t:|1769122356\n|switch|p2a: Muk|Muk, L88, F|328/328\n|move|p1a: Xerneas|Focus Blast|p2a: Muk|[miss]\n|-miss|p1a: Xerneas|p2a: Muk\n|\n|-damage|p1a: Xerneas|51/272 tox|[from] psn\n|upkeep\n|turn|12\n|\n|t:|1769122367\n|switch|p2a: Empoleon|Empoleon, L83, M|200/275 brn\n|move|p1a: Xerneas|Psyshock|p2a: Empoleon\n|-resisted|p2a: Empoleon\n|-damage|p2a: Empoleon|155/275 brn\n|\n|-heal|p2a: Empoleon|172/275 brn|[from] item: Leftovers\n|-damage|p1a: Xerneas|0 fnt|[from] psn\n|faint|p1a: Xerneas\n|-damage|p2a: Empoleon|155/275 brn|[from] brn\n|upkeep\n|\n|t:|1769122380\n|switch|p1a: Landorus|Landorus-Therian, L74, M|254/254\n|-ability|p1a: Landorus|Intimidate|boost\n|-unboost|p2a: Empoleon|atk|1\n|turn|13\n|\n|t:|1769122395\n|switch|p2a: Kingler|Kingler, L87, M|237/237\n|move|p1a: Landorus|Earthquake|p2a: Kingler\n|-damage|p2a: Kingler|155/237\n|\n|upkeep\n|turn|14\n|inactive|ArchenWarrior has 120 seconds left.\n|\n|t:|1769122410\n|switch|p1a: Alomomola|Alomomola, L87, M|429/429 brn\n|move|p2a: Kingler|Rock Slide|p1a: Alomomola\n|-damage|p1a: Alomomola|303/429 brn\n|\n|-damage|p1a: Alomomola|277/429 brn|[from] brn\n|upkeep\n|turn|15\n|\n|t:|1769122418\n|switch|p2a: Empoleon|Empoleon, L83, M|155/275 brn\n|move|p1a: Alomomola|Scald|p2a: Empoleon\n|-resisted|p2a: Empoleon\n|-damage|p2a: Empoleon|131/275 brn\n|\n|-heal|p2a: Empoleon|148/275 brn|[from] item: Leftovers\n|-damage|p1a: Alomomola|251/429 brn|[from] brn\n|-damage|p2a: Empoleon|131/275 brn|[from] brn\n|upkeep\n|turn|16\n|inactive|ArchenWarrior has 120 seconds left.\n|inactive|ArchenWarrior has 90 seconds left.\n|\n|t:|1769122457\n|move|p1a: Alomomola|Wish|p1a: Alomomola\n|move|p2a: Empoleon|Knock Off|p1a: Alomomola\n|-damage|p1a: Alomomola|220/429 brn\n|-damage|p2a: Empoleon|86/275 brn|[from] item: Rocky Helmet|[of] p1a: Alomomola\n|-enditem|p1a: Alomomola|Rocky Helmet|[from] move: Knock Off|[of] p2a: Empoleon\n|\n|-heal|p2a: Empoleon|103/275 brn|[from] item: Leftovers\n|-damage|p1a: Alomomola|194/429 brn|[from] brn\n|-damage|p2a: Empoleon|86/275 brn|[from] brn\n|upkeep\n|turn|17\n|\n|t:|1769122466\n|move|p1a: Alomomola|Scald|p2a: Empoleon\n|-resisted|p2a: Empoleon\n|-damage|p2a: Empoleon|63/275 brn\n|move|p2a: Empoleon|Scald|p1a: Alomomola\n|-resisted|p1a: Alomomola\n|-damage|p1a: Alomomola|95/429 brn\n|\n|-heal|p1a: Alomomola|309/429 brn|[from] move: Wish|[wisher] Alomomola\n|-heal|p2a: Empoleon|80/275 brn|[from] item: Leftovers\n|-damage|p1a: Alomomola|283/429 brn|[from] brn\n|-damage|p2a: Empoleon|63/275 brn|[from] brn\n|upkeep\n|turn|18\n|\n|t:|1769122479\n|move|p1a: Alomomola|Wish|p1a: Alomomola\n|move|p2a: Empoleon|Scald|p1a: Alomomola\n|-resisted|p1a: Alomomola\n|-damage|p1a: Alomomola|175/429 brn\n|\n|-heal|p2a: Empoleon|80/275 brn|[from] item: Leftovers\n|-damage|p1a: Alomomola|149/429 brn|[from] brn\n|-damage|p2a: Empoleon|63/275 brn|[from] brn\n|upkeep\n|turn|19\n|\n|t:|1769122492\n|switch|p1a: Crustle|Crustle, L82, F|249/249\n|move|p2a: Empoleon|Scald|p1a: Crustle\n|-supereffective|p1a: Crustle\n|-ability|p1a: Crustle|Sturdy\n|-damage|p1a: Crustle|1/249\n|\n|-heal|p1a: Crustle|215/249|[from] move: Wish|[wisher] Alomomola\n|-heal|p2a: Empoleon|80/275 brn|[from] item: Leftovers\n|-damage|p2a: Empoleon|63/275 brn|[from] brn\n|upkeep\n|turn|20\n|\n|t:|1769122508\n|switch|p1a: Primarina|Primarina, L83, M|268/268\n|move|p2a: Empoleon|Scald|p1a: Primarina\n|-resisted|p1a: Primarina\n|-damage|p1a: Primarina|207/268\n|\n|-heal|p2a: Empoleon|80/275 brn|[from] item: Leftovers\n|-damage|p2a: Empoleon|63/275 brn|[from] brn\n|upkeep\n|turn|21\n|\n|t:|1769122517\n|move|p2a: Empoleon|Protect|p2a: Empoleon\n|-singleturn|p2a: Empoleon|Protect\n|move|p1a: Primarina|Hydro Pump|p2a: Empoleon\n|-activate|p2a: Empoleon|move: Protect\n|\n|-heal|p2a: Empoleon|80/275 brn|[from] item: Leftovers\n|-damage|p2a: Empoleon|63/275 brn|[from] brn\n|upkeep\n|turn|22\n|inactive|ArchenWarrior has 120 seconds left.\n|\n|t:|1769122532\n|switch|p1a: Crustle|Crustle, L82, F|215/249\n|move|p2a: Empoleon|Scald|p1a: Crustle\n|-supereffective|p1a: Crustle\n|-damage|p1a: Crustle|0 fnt\n|faint|p1a: Crustle\n|\n|-heal|p2a: Empoleon|80/275 brn|[from] item: Leftovers\n|-damage|p2a: Empoleon|63/275 brn|[from] brn\n|upkeep\n|\n|t:|1769122542\n|switch|p1a: Landorus|Landorus-Therian, L74, M|254/254\n|-ability|p1a: Landorus|Intimidate|boost\n|-unboost|p2a: Empoleon|atk|1\n|turn|23\n|inactive|ArchenWarrior has 120 seconds left.\n|\n|t:|1769122572\n|move|p1a: Landorus|Rock Polish|p1a: Landorus\n|-boost|p1a: Landorus|spe|2\n|move|p2a: Empoleon|Scald|p1a: Landorus\n|-supereffective|p1a: Landorus\n|-damage|p1a: Landorus|0 fnt\n|faint|p1a: Landorus\n|\n|-heal|p2a: Empoleon|80/275 brn|[from] item: Leftovers\n|-damage|p2a: Empoleon|63/275 brn|[from] brn\n|upkeep\n|\n|t:|1769122583\n|switch|p1a: Primarina|Primarina, L83, M|207/268\n|turn|24\n|\n|t:|1769122586\n|move|p2a: Empoleon|Protect|p2a: Empoleon\n|-singleturn|p2a: Empoleon|Protect\n|move|p1a: Primarina|Hydro Pump|p2a: Empoleon\n|-activate|p2a: Empoleon|move: Protect\n|\n|-heal|p2a: Empoleon|80/275 brn|[from] item: Leftovers\n|-damage|p2a: Empoleon|63/275 brn|[from] brn\n|upkeep\n|turn|25\n|\n|t:|1769122597\n|move|p1a: Primarina|Hydro Pump|p2a: Empoleon\n|-resisted|p2a: Empoleon\n|-damage|p2a: Empoleon|0 fnt\n|faint|p2a: Empoleon\n|\n|upkeep\n|\n|t:|1769122604\n|switch|p2a: Rayquaza|Rayquaza, L66|248/248\n|-ability|p2a: Rayquaza|Air Lock\n|turn|26\n|\n|t:|1769122609\n|switch|p1a: Alomomola|Alomomola, L87, M|292/429 brn\n|detailschange|p2a: Rayquaza|Rayquaza-Mega, L66\n|-mega|p2a: Rayquaza|Rayquaza|\n|-weather|DeltaStream|[from] ability: Delta Stream|[of] p2a: Rayquaza\n|move|p2a: Rayquaza|Dragon Dance|p2a: Rayquaza\n|-boost|p2a: Rayquaza|atk|1\n|-boost|p2a: Rayquaza|spe|1\n|\n|-weather|DeltaStream|[upkeep]\n|-damage|p1a: Alomomola|266/429 brn|[from] brn\n|upkeep\n|turn|27\n|\n|t:|1769122621\n|move|p2a: Rayquaza|Dragon Ascent|p1a: Alomomola\n|-damage|p1a: Alomomola|20/429 brn\n|-unboost|p2a: Rayquaza|def|1\n|-unboost|p2a: Rayquaza|spd|1\n|-damage|p2a: Rayquaza|224/248|[from] item: Life Orb\n|move|p1a: Alomomola|Toxic|p2a: Rayquaza\n|-status|p2a: Rayquaza|tox\n|\n|-weather|DeltaStream|[upkeep]\n|-damage|p2a: Rayquaza|209/248 tox|[from] psn\n|-damage|p1a: Alomomola|0 fnt|[from] brn\n|faint|p1a: Alomomola\n|upkeep\n|\n|t:|1769122636\n|switch|p1a: Bastiodon|Bastiodon, L94, F|248/265\n|turn|28\n|\n|t:|1769122642\n|move|p2a: Rayquaza|V-create|p1a: Bastiodon\n|-damage|p1a: Bastiodon|104/265\n|-unboost|p2a: Rayquaza|spe|1\n|-unboost|p2a: Rayquaza|def|1\n|-unboost|p2a: Rayquaza|spd|1\n|-damage|p2a: Rayquaza|185/248 tox|[from] item: Life Orb\n|move|p1a: Bastiodon|Rock Blast|p2a: Rayquaza\n|-fieldactivate|Delta Stream\n|-damage|p2a: Rayquaza|136/248 tox\n|-fieldactivate|Delta Stream\n|-damage|p2a: Rayquaza|90/248 tox\n|-hitcount|p2a: Rayquaza|2\n|\n|-weather|DeltaStream|[upkeep]\n|-damage|p2a: Rayquaza|60/248 tox|[from] psn\n|upkeep\n|turn|29\n|\n|t:|1769122655\n|move|p1a: Bastiodon|Protect|p1a: Bastiodon\n|-singleturn|p1a: Bastiodon|Protect\n|move|p2a: Rayquaza|V-create|p1a: Bastiodon\n|-activate|p1a: Bastiodon|move: Protect\n|\n|-weather|DeltaStream|[upkeep]\n|-damage|p2a: Rayquaza|15/248 tox|[from] psn\n|upkeep\n|turn|30\n|\n|t:|1769122662\n|move|p1a: Bastiodon|Protect||[still]\n|-fail|p1a: Bastiodon\n|move|p2a: Rayquaza|V-create|p1a: Bastiodon\n|-damage|p1a: Bastiodon|0 fnt\n|-unboost|p2a: Rayquaza|spe|1\n|-unboost|p2a: Rayquaza|def|1\n|-unboost|p2a: Rayquaza|spd|1\n|faint|p1a: Bastiodon\n|-damage|p2a: Rayquaza|0 fnt|[from] item: Life Orb\n|faint|p2a: Rayquaza\n|-weather|none\n|detailschange|p2: Rayquaza|Rayquaza, L66|[silent]\n|\n|upkeep\n|\n|t:|1769122673\n|switch|p2a: Stantler|Stantler, L92, F|284/284\n|switch|p1a: Primarina|Primarina, L83, M|207/268\n|-ability|p2a: Stantler|Intimidate|boost\n|-unboost|p1a: Primarina|atk|1\n|turn|31\n|\n|t:|1769122680\n|move|p1a: Primarina|Scald|p2a: Stantler\n|-damage|p2a: Stantler|175/284\n|move|p2a: Stantler|Double-Edge|p1a: Primarina\n|-damage|p1a: Primarina|0 fnt\n|faint|p1a: Primarina\n|-damage|p2a: Stantler|107/284|[from] Recoil\n|-damage|p2a: Stantler|79/284|[from] item: Life Orb\n|\n|win|ArchenWarrior\n|raw|verdu7's rating: 1545 &rarr; <strong>1532</strong><br />(-13 for losing)\n|raw|ArchenWarrior's rating: 1664 &rarr; <strong>1677</strong><br />(+13 for winning)\n|l|☆verdu7\n|player|p1|\n|c|☆ArchenWarrior|gg\n", "inputlog": ">version dd3d52b8382d73d1dd2c67730c4067df325ab790\n>start {\"formatid\":\"gen7randombattle\",\"seed\":\"sodium,19c2082808a26e00476b53bef1834cfb\",\"rated\":\"Rated battle\"}\n>player p1 {\"name\":\"verdu7\",\"avatar\":\"169\",\"rating\":1545,\"seed\":\"sodium,0305d10c77ed4441bc78b0a3d916565d\"}\n>player p2 {\"name\":\"ArchenWarrior\",\"avatar\":\"proton\",\"rating\":1664,\"seed\":\"sodium,791069c2ec1b140d155a4366f6e78358\"}\n>p1 move scald\n>p2 switch 5\n>p1 switch 5\n>p2 move knockoff\n>p1 move protect\n>p2 move scald\n>p1 switch 4\n>p2 move scald\n>p1 move wish\n>p2 move scald\n>p1 move scald\n>p2 move scald\n>p1 move wish\n>p2 move protect\n>p1 switch 3\n>p2 move toxic\n>p1 move geomancy\n>p2 move scald\n>p1 move focusblast\n>p2 move protect\n>p1 move focusblast\n>p2 switch 6\n>p1 move psyshock\n>p2 switch 6\n>p1 switch 2\n>p1 move earthquake\n>p2 switch 2\n>p1 switch 3\n>p2 move rockslide\n>p1 move scald\n>p2 switch 2\n>p1 move wish\n>p2 move knockoff\n>p1 move scald\n>p2 move scald\n>p1 move wish\n>p2 move scald\n>p1 switch 6\n>p2 move scald\n>p1 switch 5\n>p2 move scald\n>p1 move hydropump\n>p2 move protect\n>p1 switch 5\n>p2 move scald\n>p1 switch 3\n>p1 move rockpolish\n>p2 move scald\n>p1 switch 5\n>p1 move hydropump\n>p2 move protect\n>p1 move hydropump\n>p2 move toxic\n>p2 switch 3\n>p1 switch 6\n>p2 move dragondance mega\n>p1 move toxic\n>p2 move dragonascent\n>p1 switch 4\n>p1 move rockblast\n>p2 move vcreate\n>p1 move protect\n>p2 move vcreate\n>p1 move protect\n>p2 move vcreate\n>p1 switch 6\n>p2 switch 4\n>p1 move scald\n>p2 move doubleedge", "uploadtime": 1769122693, "views": 155, "formatid": "gen7randombattle", "rating": 1532, "private": 0, "password": null}