{"id": "gen7randombattle-2534059982", "format": "[Gen 7] Random Battle", "players": ["dubin5", "superwooper96"], "log": "|j|☆dubin5\n|j|☆superwooper96\n|t:|1770382962\n|gametype|singles\n|player|p1|dubin5|boarder|1661\n|player|p2|superwooper96|ninjaboy|1797\n|gen|7\n|tier|[Gen 7] Random Battle\n|rated|\n|rule|Sleep Clause Mod: Limit one foe put to sleep\n|rule|HP Percentage Mod: HP is shown in percentages\n|rule|Illusion Level Mod: Illusion disguises the Pokémon's true level\n|\n|t:|1770382962\n|teamsize|p1|6\n|teamsize|p2|6\n|start\n|switch|p1a: Pangoro|Pangoro, L86, M|304/304\n|switch|p2a: Dialga|Dialga, L74|270/270\n|-ability|p2a: Dialga|Pressure\n|turn|1\n|inactive|Battle timer is ON: inactive players will automatically lose when time's up. (requested by dubin5)\n|\n|t:|1770382992\n|switch|p2a: Butterfree|Butterfree, L90, M|253/253\n|move|p1a: Pangoro|Superpower|p2a: Butterfree\n|-resisted|p2a: Butterfree\n|-crit|p2a: Butterfree\n|-damage|p2a: Butterfree|124/253\n|-unboost|p1a: Pangoro|atk|1\n|-unboost|p1a: Pangoro|def|1\n|\n|upkeep\n|turn|2\n|\n|t:|1770383001\n|switch|p2a: Deoxys|Deoxys-Defense, L85|224/224\n|-ability|p2a: Deoxys|Pressure\n|switch|p1a: Decidueye|Decidueye, L87, M|277/277\n|\n|upkeep\n|turn|3\n|\n|t:|1770383013\n|move|p2a: Deoxys|Stealth Rock|p1a: Decidueye\n|-sidestart|p1: dubin5|move: Stealth Rock\n|move|p1a: Decidueye|Swords Dance|p1a: Decidueye\n|-boost|p1a: Decidueye|atk|2\n|\n|upkeep\n|turn|4\n|\n|t:|1770383024\n|move|p2a: Deoxys|Toxic|p1a: Decidueye\n|-status|p1a: Decidueye|tox\n|move|p1a: Decidueye|Spirit Shackle|p2a: Deoxys\n|-supereffective|p2a: Deoxys\n|-damage|p2a: Deoxys|0 fnt\n|faint|p2a: Deoxys\n|\n|-damage|p1a: Decidueye|260/277 tox|[from] psn\n|upkeep\n|\n|t:|1770383035\n|switch|p2a: Dialga|Dialga, L74|270/270\n|-ability|p2a: Dialga|Pressure\n|turn|5\n|\n|t:|1770383040\n|switch|p2a: Spinda|Spinda, L99, F|279/279\n|-zpower|p1a: Decidueye\n|move|p1a: Decidueye|Sinister Arrow Raid|p2a: Spinda|[zeffect]\n|-immune|p2a: Spinda\n|\n|-damage|p1a: Decidueye|226/277 tox|[from] psn\n|upkeep\n|turn|6\n|\n|t:|1770383048\n|switch|p2a: Dialga|Dialga, L74|270/270\n|-ability|p2a: Dialga|Pressure\n|move|p1a: Decidueye|Leaf Blade|p2a: Dialga\n|-resisted|p2a: Dialga\n|-damage|p2a: Dialga|220/270\n|\n|-damage|p1a: Decidueye|175/277 tox|[from] psn\n|upkeep\n|turn|7\n|\n|t:|1770383054\n|move|p2a: Dialga|Fire Blast|p1a: Decidueye\n|-supereffective|p1a: Decidueye\n|-damage|p1a: Decidueye|23/277 tox\n|move|p1a: Decidueye|Spirit Shackle|p2a: Dialga\n|-damage|p2a: Dialga|46/270\n|-activate|p2a: Dialga|trapped\n|\n|-damage|p1a: Decidueye|0 fnt|[from] psn\n|faint|p1a: Decidueye\n|upkeep\n|\n|t:|1770383077\n|switch|p1a: Arbok|Arbok, L90, M|254/254\n|-damage|p1a: Arbok|223/254|[from] Stealth Rock\n|-ability|p1a: Arbok|Intimidate|boost\n|-unboost|p2a: Dialga|atk|1\n|turn|8\n|\n|t:|1770383103\n|switch|p2a: Beheeyem|Beheeyem, L93, F|290/290\n|move|p1a: Arbok|Earthquake|p2a: Beheeyem\n|-damage|p2a: Beheeyem|187/290\n|-damage|p1a: Arbok|198/254|[from] item: Life Orb\n|\n|upkeep\n|turn|9\n|\n|t:|1770383117\n|switch|p1a: Pangoro|Pangoro, L86, M|304/304\n|-damage|p1a: Pangoro|285/304|[from] Stealth Rock\n|switch|p2a: Dialga|Dialga, L74|46/270\n|-ability|p2a: Dialga|Pressure\n|\n|upkeep\n|turn|10\n|\n|t:|1770383129\n|move|p2a: Dialga|Draco Meteor|p1a: Pangoro\n|-damage|p1a: Pangoro|113/304\n|-unboost|p2a: Dialga|spa|2\n|move|p1a: Pangoro|Knock Off|p2a: Dialga\n|-damage|p2a: Dialga|0 fnt\n|-enditem|p2a: Dialga|Choice Scarf|[from] move: Knock Off|[of] p1a: Pangoro\n|faint|p2a: Dialga\n|\n|upkeep\n|\n|t:|1770383134\n|switch|p2a: Spinda|Spinda, L99, F|279/279\n|turn|11\n|\n|t:|1770383144\n|move|p2a: Spinda|Superpower|p1a: Pangoro\n|-supereffective|p1a: Pangoro\n|-damage|p1a: Pangoro|0 fnt\n|-boost|p2a: Spinda|atk|1\n|-boost|p2a: Spinda|def|1\n|faint|p1a: Pangoro\n|\n|upkeep\n|\n|t:|1770383170\n|switch|p1a: Octillery|Octillery, L96, F|299/299\n|-damage|p1a: Octillery|262/299|[from] Stealth Rock\n|turn|12\n|\n|t:|1770383193\n|move|p2a: Spinda|Superpower|p1a: Octillery\n|-damage|p1a: Octillery|140/299\n|-boost|p2a: Spinda|atk|1\n|-boost|p2a: Spinda|def|1\n|move|p1a: Octillery|Scald|p2a: Spinda\n|-damage|p2a: Spinda|114/279\n|-status|p2a: Spinda|brn\n|-damage|p1a: Octillery|111/299|[from] item: Life Orb\n|\n|-heal|p2a: Spinda|131/279 brn|[from] item: Leftovers\n|-damage|p2a: Spinda|114/279 brn|[from] brn\n|upkeep\n|turn|13\n|\n|t:|1770383205\n|move|p2a: Spinda|Rest|p2a: Spinda\n|-status|p2a: Spinda|slp|[from] move: Rest\n|-heal|p2a: Spinda|279/279 slp|[silent]\n|move|p1a: Octillery|Scald|p2a: Spinda\n|-damage|p2a: Spinda|102/279 slp\n|-damage|p1a: Octillery|82/299|[from] item: Life Orb\n|\n|-heal|p2a: Spinda|119/279 slp|[from] item: Leftovers\n|upkeep\n|turn|14\n|\n|t:|1770383208\n|cant|p2a: Spinda|slp\n|move|p2a: Spinda|Sleep Talk|p2a: Spinda\n|move|p2a: Spinda|Rest||[from] move: Sleep Talk|[still]\n|-fail|p2a: Spinda\n|move|p1a: Octillery|Scald|p2a: Spinda\n|-damage|p2a: Spinda|0 fnt\n|faint|p2a: Spinda\n|-damage|p1a: Octillery|53/299|[from] item: Life Orb\n|\n|upkeep\n|\n|t:|1770383212\n|switch|p2a: Butterfree|Butterfree, L90, M|124/253\n|turn|15\n|\n|t:|1770383217\n|move|p2a: Butterfree|Sleep Powder|p1a: Octillery|[miss]\n|-miss|p2a: Butterfree|p1a: Octillery\n|move|p1a: Octillery|Ice Beam|p2a: Butterfree\n|-supereffective|p2a: Butterfree\n|-damage|p2a: Butterfree|0 fnt\n|faint|p2a: Butterfree\n|-damage|p1a: Octillery|24/299|[from] item: Life Orb\n|\n|upkeep\n|\n|t:|1770383220\n|switch|p2a: Beheeyem|Beheeyem, L93, F|187/290\n|turn|16\n|\n|t:|1770383222\n|move|p1a: Octillery|Scald|p2a: Beheeyem\n|-damage|p2a: Beheeyem|57/290\n|-damage|p1a: Octillery|0 fnt|[from] item: Life Orb\n|faint|p1a: Octillery\n|move|p2a: Beheeyem|Trick Room|p2a: Beheeyem\n|-fieldstart|move: Trick Room|[of] p2a: Beheeyem\n|\n|upkeep\n|\n|t:|1770383245\n|switch|p1a: Relicanth|Relicanth, L88, F|319/319\n|-damage|p1a: Relicanth|280/319|[from] Stealth Rock\n|turn|17\n|\n|t:|1770383258\n|move|p2a: Beheeyem|Thunderbolt|p1a: Relicanth\n|-supereffective|p1a: Relicanth\n|-damage|p1a: Relicanth|0 fnt\n|faint|p1a: Relicanth\n|-damage|p2a: Beheeyem|28/290|[from] item: Life Orb\n|\n|upkeep\n|\n|t:|1770383271\n|switch|p1a: Arbok|Arbok, L90, M|198/254\n|-damage|p1a: Arbok|167/254|[from] Stealth Rock\n|-ability|p1a: Arbok|Intimidate|boost\n|-unboost|p2a: Beheeyem|atk|1\n|turn|18\n|\n|t:|1770383273\n|move|p2a: Beheeyem|Psyshock|p1a: Arbok\n|-supereffective|p1a: Arbok\n|-damage|p1a: Arbok|0 fnt\n|faint|p1a: Arbok\n|-damage|p2a: Beheeyem|0 fnt|[from] item: Life Orb\n|faint|p2a: Beheeyem\n|\n|upkeep\n|\n|t:|1770383275\n|switch|p2a: Carnivine|Carnivine, M|310/310\n|switch|p1a: Rayquaza|Rayquaza, L66|248/248\n|-damage|p1a: Rayquaza|186/248|[from] Stealth Rock\n|-ability|p1a: Rayquaza|Air Lock\n|turn|19\n|inactive|dubin5 has 120 seconds left.\n|\n|t:|1770383308\n|detailschange|p1a: Rayquaza|Rayquaza-Mega, L66\n|-mega|p1a: Rayquaza|Rayquaza|\n|-weather|DeltaStream|[from] ability: Delta Stream|[of] p1a: Rayquaza\n|move|p2a: Carnivine|Knock Off|p1a: Rayquaza\n|-damage|p1a: Rayquaza|62/248\n|-enditem|p1a: Rayquaza|Life Orb|[from] move: Knock Off|[of] p2a: Carnivine\n|move|p1a: Rayquaza|Dragon Ascent|p2a: Carnivine\n|-supereffective|p2a: Carnivine\n|-damage|p2a: Carnivine|46/310\n|-unboost|p1a: Rayquaza|def|1\n|-unboost|p1a: Rayquaza|spd|1\n|\n|-weather|DeltaStream|[upkeep]\n|-heal|p2a: Carnivine|65/310|[from] item: Leftovers\n|upkeep\n|turn|20\n|inactive|superwooper96 has 120 seconds left.\n|\n|t:|1770383329\n|move|p2a: Carnivine|Knock Off|p1a: Rayquaza\n|-crit|p1a: Rayquaza\n|-damage|p1a: Rayquaza|0 fnt\n|faint|p1a: Rayquaza\n|-weather|none\n|detailschange|p1: Rayquaza|Rayquaza, L66|[silent]\n|\n|win|superwooper96\n|raw|dubin5's rating: 1661 &rarr; <strong>1648</strong><br />(-13 for losing)\n|raw|superwooper96's rating: 1797 &rarr; <strong>1810</strong><br />(+13 for winning)\n|l|☆dubin5\n|player|p1|\n", "inputlog": ">version ccdc32dd7cde25fd9e4bed64820e885f66e78a4e\n>start {\"formatid\":\"gen7randombattle\",\"seed\":\"sodium,94f138778f91f637743ef4f4f93335c0\",\"rated\":\"Rated battle\"}\n>player p1 {\"name\":\"dubin5\",\"avatar\":\"boarder\",\"rating\":1661,\"seed\":\"sodium,66b5a9098cf029bf7b82f335ba0005cd\"}\n>player p2 {\"name\":\"superwooper96\",\"avatar\":\"ninjaboy\",\"rating\":1797,\"seed\":\"sodium,b98be43381b5d4978c03432714d03244\"}\n>p1 move superpower\n>p2 switch 6\n>p1 switch 5\n>p2 switch 5\n>p1 move swordsdance\n>p2 move stealthrock\n>p1 move spiritshackle\n>p2 move toxic\n>p2 switch 6\n>p1 move spiritshackle zmove\n>p2 switch 4\n>p1 move leafblade\n>p2 switch 4\n>p1 move spiritshackle\n>p2 move fireblast\n>p1 switch 3\n>p1 move earthquake\n>p2 switch 3\n>p1 switch 5\n>p2 switch 3\n>p1 move knockoff\n>p2 move dracometeor\n>p2 switch 4\n>p1 move knockoff\n>p2 move superpower\n>p1 switch 6\n>p1 move scald\n>p2 move superpower\n>p1 move scald\n>p2 move rest\n>p1 move scald\n>p2 move sleeptalk\n>p2 switch 5\n>p1 move icebeam\n>p2 move sleeppowder\n>p2 switch 3\n>p1 move scald\n>p2 move trickroom\n>p1 switch 2\n>p1 move waterfall\n>p2 move thunderbolt\n>p1 switch 5\n>p1 move earthquake\n>p2 move psyshock\n>p1 switch 4\n>p2 switch 2\n>p1 move dragonascent mega\n>p2 move knockoff\n>p1 move dragonascent\n>p2 move knockoff", "uploadtime": 1770383332, "views": 218, "formatid": "gen7randombattle", "rating": 1648, "private": 0, "password": null}