{"id": "gen7randombattle-2530397509", "format": "[Gen 7] Random Battle", "players": ["NiGhtOs", "lkadjsfadfa"], "log": "|j|☆NiGhtOs\n|j|☆lkadjsfadfa\n|t:|1769911739\n|gametype|singles\n|player|p1|NiGhtOs|steven|1538\n|player|p2|lkadjsfadfa|102|1628\n|gen|7\n|tier|[Gen 7] Random Battle\n|rated|\n|rule|Sleep Clause Mod: Limit one foe put to sleep\n|rule|HP Percentage Mod: HP is shown in percentages\n|rule|Illusion Level Mod: Illusion disguises the Pokémon's true level\n|\n|t:|1769911739\n|teamsize|p1|6\n|teamsize|p2|6\n|start\n|switch|p1a: Komala|Komala, L88, F|258/258\n|switch|p2a: Bronzong|Bronzong, L86|255/255\n|-ability|p1a: Komala|Comatose\n|turn|1\n|inactive|Battle timer is ON: inactive players will automatically lose when time's up. (requested by lkadjsfadfa)\n|inactive|NiGhtOs also wants the timer to be on.\n|\n|t:|1769911745\n|move|p1a: Komala|Knock Off|p2a: Bronzong\n|-supereffective|p2a: Bronzong\n|-damage|p2a: Bronzong|41/255\n|-enditem|p2a: Bronzong|Leftovers|[from] move: Knock Off|[of] p1a: Komala\n|move|p2a: Bronzong|Stealth Rock|p1a: Komala\n|-sidestart|p1: NiGhtOs|move: Stealth Rock\n|\n|upkeep\n|turn|2\n|\n|t:|1769911751\n|move|p1a: Komala|Knock Off|p2a: Bronzong\n|-supereffective|p2a: Bronzong\n|-damage|p2a: Bronzong|0 fnt\n|faint|p2a: Bronzong\n|\n|upkeep\n|\n|t:|1769911758\n|switch|p2a: Sylveon|Sylveon, L85, M|300/300\n|turn|3\n|\n|t:|1769911767\n|move|p1a: Komala|Knock Off|p2a: Sylveon\n|-resisted|p2a: Sylveon\n|-damage|p2a: Sylveon|220/300\n|-enditem|p2a: Sylveon|Leftovers|[from] move: Knock Off|[of] p1a: Komala\n|move|p2a: Sylveon|Hyper Voice|p1a: Komala\n|-damage|p1a: Komala|135/258\n|\n|upkeep\n|turn|4\n|\n|t:|1769911783\n|switch|p1a: Tsareena|Tsareena, L87, F|267/267\n|-damage|p1a: Tsareena|234/267|[from] Stealth Rock\n|move|p2a: Sylveon|Hyper Voice|p1a: Tsareena\n|-damage|p1a: Tsareena|108/267\n|\n|-heal|p1a: Tsareena|124/267|[from] item: Leftovers\n|upkeep\n|turn|5\n|\n|t:|1769911787\n|move|p1a: Tsareena|Rapid Spin|p2a: Sylveon\n|-crit|p2a: Sylveon\n|-damage|p2a: Sylveon|188/300\n|-sideend|p1: NiGhtOs|Stealth Rock|[from] move: Rapid Spin|[of] p1a: Tsareena\n|move|p2a: Sylveon|Hyper Voice|p1a: Tsareena\n|-damage|p1a: Tsareena|9/267\n|\n|-heal|p1a: Tsareena|25/267|[from] item: Leftovers\n|upkeep\n|turn|6\n|\n|t:|1769911790\n|move|p1a: Tsareena|Power Whip|p2a: Sylveon\n|-damage|p2a: Sylveon|5/300\n|move|p2a: Sylveon|Hyper Voice|p1a: Tsareena\n|-crit|p1a: Tsareena\n|-damage|p1a: Tsareena|0 fnt\n|faint|p1a: Tsareena\n|\n|upkeep\n|\n|t:|1769911798\n|switch|p1a: Blaziken|Blaziken, L73, F|237/237\n|turn|7\n|\n|t:|1769911803\n|move|p1a: Blaziken|Flare Blitz|p2a: Sylveon\n|-damage|p2a: Sylveon|0 fnt\n|faint|p2a: Sylveon\n|-damage|p1a: Blaziken|235/237|[from] Recoil\n|\n|-ability|p1a: Blaziken|Speed Boost|boost\n|-boost|p1a: Blaziken|spe|1\n|upkeep\n|\n|t:|1769911807\n|switch|p2a: Palkia|Palkia, L75|259/259\n|-ability|p2a: Palkia|Pressure\n|turn|8\n|\n|t:|1769911813\n|switch|p1a: Politoed|Politoed, L88, M|302/302\n|-weather|RainDance|[from] ability: Drizzle|[of] p1a: Politoed\n|move|p2a: Palkia|Hydro Pump|p1a: Politoed\n|-resisted|p1a: Politoed\n|-damage|p1a: Politoed|210/302\n|\n|-weather|RainDance|[upkeep]\n|upkeep\n|turn|9\n|\n|t:|1769911821\n|move|p2a: Palkia|Hydro Pump|p1a: Politoed\n|-resisted|p1a: Politoed\n|-damage|p1a: Politoed|128/302\n|move|p1a: Politoed|Ice Beam|p2a: Palkia\n|-damage|p2a: Palkia|199/259\n|\n|-weather|RainDance|[upkeep]\n|upkeep\n|turn|10\n|\n|t:|1769911828\n|move|p2a: Palkia|Hydro Pump|p1a: Politoed\n|-resisted|p1a: Politoed\n|-damage|p1a: Politoed|44/302\n|move|p1a: Politoed|Rest|p1a: Politoed\n|-status|p1a: Politoed|slp|[from] move: Rest\n|-heal|p1a: Politoed|302/302 slp|[silent]\n|-enditem|p1a: Politoed|Chesto Berry|[eat]\n|-curestatus|p1a: Politoed|slp|[msg]\n|\n|-weather|RainDance|[upkeep]\n|upkeep\n|turn|11\n|\n|t:|1769911833\n|switch|p2a: Glaceon|Glaceon, L90, F|263/263\n|move|p1a: Politoed|Ice Beam|p2a: Glaceon\n|-resisted|p2a: Glaceon\n|-damage|p2a: Glaceon|236/263\n|\n|-weather|RainDance|[upkeep]\n|-heal|p2a: Glaceon|252/263|[from] item: Leftovers\n|upkeep\n|turn|12\n|\n|t:|1769911839\n|switch|p1a: Entei|Entei, L78|307/307\n|move|p2a: Glaceon|Toxic|p1a: Entei\n|-status|p1a: Entei|tox\n|\n|-weather|none\n|-heal|p2a: Glaceon|263/263|[from] item: Leftovers\n|-damage|p1a: Entei|288/307 tox|[from] psn\n|upkeep\n|turn|13\n|\n|t:|1769911845\n|move|p2a: Glaceon|Protect|p2a: Glaceon\n|-singleturn|p2a: Glaceon|Protect\n|move|p1a: Entei|Sacred Fire|p2a: Glaceon\n|-activate|p2a: Glaceon|move: Protect\n|\n|-damage|p1a: Entei|250/307 tox|[from] psn\n|upkeep\n|turn|14\n|\n|t:|1769911850\n|switch|p2a: Marowak|Marowak-Alola, L86, M|243/243\n|move|p1a: Entei|Sacred Fire|p2a: Marowak\n|-resisted|p2a: Marowak\n|-damage|p2a: Marowak|176/243\n|\n|-damage|p1a: Entei|193/307 tox|[from] psn\n|upkeep\n|turn|15\n|\n|t:|1769911856\n|switch|p1a: Politoed|Politoed, L88, M|302/302\n|-weather|RainDance|[from] ability: Drizzle|[of] p1a: Politoed\n|move|p2a: Marowak|Earthquake|p1a: Politoed\n|-damage|p1a: Politoed|167/302\n|\n|-weather|RainDance|[upkeep]\n|upkeep\n|turn|16\n|\n|t:|1769911862\n|switch|p2a: Palkia|Palkia, L75|199/259\n|-ability|p2a: Palkia|Pressure\n|move|p1a: Politoed|Scald|p2a: Palkia\n|-resisted|p2a: Palkia\n|-damage|p2a: Palkia|171/259\n|\n|-weather|RainDance|[upkeep]\n|upkeep\n|turn|17\n|\n|t:|1769911868\n|move|p2a: Palkia|Spacial Rend|p1a: Politoed\n|-damage|p1a: Politoed|50/302\n|move|p1a: Politoed|Ice Beam|p2a: Palkia\n|-damage|p2a: Palkia|109/259\n|\n|-weather|RainDance|[upkeep]\n|upkeep\n|turn|18\n|\n|t:|1769911873\n|move|p2a: Palkia|Spacial Rend|p1a: Politoed\n|-damage|p1a: Politoed|0 fnt\n|faint|p1a: Politoed\n|\n|-weather|RainDance|[upkeep]\n|upkeep\n|\n|t:|1769911883\n|switch|p1a: Porygon-Z|Porygon-Z, L80|267/267\n|turn|19\n|\n|t:|1769911889\n|move|p2a: Palkia|Spacial Rend|p1a: Porygon-Z\n|-damage|p1a: Porygon-Z|122/267\n|move|p1a: Porygon-Z|Shadow Ball|p2a: Palkia\n|-damage|p2a: Palkia|50/259\n|\n|-weather|none\n|upkeep\n|turn|20\n|\n|t:|1769911895\n|switch|p1a: Komala|Komala, L88, F|135/258\n|-ability|p1a: Komala|Comatose\n|move|p2a: Palkia|Spacial Rend|p1a: Komala\n|-damage|p1a: Komala|17/258\n|\n|upkeep\n|turn|21\n|\n|t:|1769911899\n|switch|p2a: Glaceon|Glaceon, L90, F|263/263\n|move|p1a: Komala|Knock Off|p2a: Glaceon\n|-damage|p2a: Glaceon|155/263\n|-enditem|p2a: Glaceon|Leftovers|[from] move: Knock Off|[of] p1a: Komala\n|\n|upkeep\n|turn|22\n|\n|t:|1769911903\n|move|p2a: Glaceon|Ice Beam|p1a: Komala\n|-damage|p1a: Komala|0 fnt\n|faint|p1a: Komala\n|\n|upkeep\n|\n|t:|1769911910\n|switch|p1a: Blaziken|Blaziken, L73, F|235/237\n|turn|23\n|\n|t:|1769911915\n|move|p2a: Glaceon|Wish|p2a: Glaceon\n|move|p1a: Blaziken|Swords Dance|p1a: Blaziken\n|-boost|p1a: Blaziken|atk|2\n|\n|-ability|p1a: Blaziken|Speed Boost|boost\n|-boost|p1a: Blaziken|spe|1\n|upkeep\n|turn|24\n|\n|t:|1769911922\n|move|p1a: Blaziken|Flare Blitz|p2a: Glaceon\n|-supereffective|p2a: Glaceon\n|-damage|p2a: Glaceon|0 fnt\n|faint|p2a: Glaceon\n|-damage|p1a: Blaziken|184/237|[from] Recoil\n|\n|-ability|p1a: Blaziken|Speed Boost|boost\n|-boost|p1a: Blaziken|spe|1\n|upkeep\n|\n|t:|1769911926\n|switch|p2a: Marowak|Marowak-Alola, L86, M|176/243\n|turn|25\n|inactive|NiGhtOs has 120 seconds left.\n|\n|t:|1769911964\n|detailschange|p1a: Blaziken|Blaziken-Mega, L73, F\n|-mega|p1a: Blaziken|Blaziken|Blazikenite\n|move|p1a: Blaziken|Stone Edge|p2a: Marowak\n|-supereffective|p2a: Marowak\n|-damage|p2a: Marowak|0 fnt\n|faint|p2a: Marowak\n|\n|-ability|p1a: Blaziken|Speed Boost|boost\n|-boost|p1a: Blaziken|spe|1\n|upkeep\n|\n|t:|1769911968\n|switch|p2a: Celesteela|Celesteela, L78|279/279\n|turn|26\n|\n|t:|1769911973\n|move|p1a: Blaziken|Flare Blitz|p2a: Celesteela\n|-supereffective|p2a: Celesteela\n|-damage|p2a: Celesteela|0 fnt\n|faint|p2a: Celesteela\n|-damage|p1a: Blaziken|92/237|[from] Recoil\n|\n|-ability|p1a: Blaziken|Speed Boost|boost\n|-boost|p1a: Blaziken|spe|1\n|upkeep\n|-message|lkadjsfadfa forfeited.\n|\n|win|NiGhtOs\n|raw|NiGhtOs's rating: 1538 &rarr; <strong>1563</strong><br />(+25 for winning)\n|raw|lkadjsfadfa's rating: 1628 &rarr; <strong>1603</strong><br />(-25 for losing)\n|l|☆lkadjsfadfa\n|player|p2|\n", "inputlog": ">version b99ff0165a6231f17e8b78c2a78d1998375de664\n>start {\"formatid\":\"gen7randombattle\",\"seed\":\"sodium,0b55db3fd91a86541aecd1fc430a8248\",\"rated\":\"Rated battle\"}\n>player p1 {\"name\":\"NiGhtOs\",\"avatar\":\"steven\",\"rating\":1538,\"seed\":\"sodium,3ea84db33002684c8966db95f5accca3\"}\n>player p2 {\"name\":\"lkadjsfadfa\",\"avatar\":\"102\",\"rating\":1628,\"seed\":\"sodium,a1381d2a8527eefada50315138cbb3b1\"}\n>p1 move knockoff\n>p2 move stealthrock\n>p1 move knockoff\n>p2 move ironhead\n>p2 switch 2\n>p1 move knockoff\n>p2 move hypervoice\n>p1 switch 3\n>p2 move hypervoice\n>p1 move rapidspin\n>p2 move hypervoice\n>p1 move powerwhip\n>p2 move hypervoice\n>p1 switch 5\n>p1 move flareblitz\n>p2 move hypervoice\n>p2 switch 4\n>p1 switch 4\n>p2 move hydropump\n>p1 move icebeam\n>p2 move hydropump\n>p1 move rest\n>p2 move hydropump\n>p1 move icebeam\n>p2 switch 6\n>p1 switch 6\n>p2 move toxic\n>p1 move sacredfire\n>p2 move protect\n>p1 move sacredfire\n>p2 switch 3\n>p1 switch 6\n>p2 move earthquake\n>p1 move scald\n>p2 switch 6\n>p1 move icebeam\n>p2 move spacialrend\n>p1 move icebeam\n>p2 move spacialrend\n>p1 switch 2\n>p1 move shadowball\n>p2 move spacialrend\n>p1 switch 3\n>p2 move spacialrend\n>p1 move knockoff\n>p2 switch 3\n>p1 move knockoff\n>p2 move icebeam\n>p1 switch 4\n>p1 move swordsdance\n>p2 move wish\n>p1 move flareblitz\n>p2 move toxic\n>p2 switch 6\n>p1 move stoneedge mega\n>p2 move earthquake\n>p2 switch 5\n>p1 move flareblitz\n>p2 move airslash\n>forcelose p2", "uploadtime": 1769911982, "views": 188, "formatid": "gen7randombattle", "rating": 1563, "private": 0, "password": null}