{"id": "gen7randombattle-2533245178", "format": "[Gen 7] Random Battle", "players": ["asfsfcccc", "aurora ltd"], "log": "|j|‽asfsfcccc\n|j|☆aurora ltd\n|t:|1770279972\n|gametype|singles\n|player|p1|asfsfcccc|265|1548\n|player|p2|aurora ltd|silver-gen2kanto|1539\n|gen|7\n|tier|[Gen 7] Random Battle\n|rated|\n|rule|Sleep Clause Mod: Limit one foe put to sleep\n|rule|HP Percentage Mod: HP is shown in percentages\n|rule|Illusion Level Mod: Illusion disguises the Pokémon's true level\n|\n|t:|1770279972\n|teamsize|p1|6\n|teamsize|p2|6\n|start\n|switch|p1a: Mesprit|Mesprit, L86|278/278\n|switch|p2a: Swalot|Swalot, L90, M|326/326\n|turn|1\n|\n|t:|1770279992\n|move|p1a: Mesprit|Psychic|p2a: Swalot\n|-supereffective|p2a: Swalot\n|-damage|p2a: Swalot|122/326\n|move|p2a: Swalot|Toxic|p1a: Mesprit\n|-status|p1a: Mesprit|tox\n|\n|-heal|p2a: Swalot|142/326|[from] item: Black Sludge\n|-damage|p1a: Mesprit|261/278 tox|[from] psn\n|upkeep\n|turn|2\n|\n|t:|1770280004\n|move|p1a: Mesprit|Psychic|p2a: Swalot\n|-supereffective|p2a: Swalot\n|-damage|p2a: Swalot|0 fnt\n|faint|p2a: Swalot\n|\n|-damage|p1a: Mesprit|227/278 tox|[from] psn\n|upkeep\n|\n|t:|1770280027\n|switch|p2a: Gardevoir|Gardevoir, L83, F|249/249\n|-ability|p2a: Gardevoir|Levitate|Trace|[from] ability: Trace|[of] p1a: Mesprit\n|turn|3\n|\n|t:|1770280042\n|switch|p1a: Togedemaru|Togedemaru, L86, F|252/252\n|move|p2a: Gardevoir|Calm Mind|p2a: Gardevoir\n|-boost|p2a: Gardevoir|spa|1\n|-boost|p2a: Gardevoir|spd|1\n|\n|upkeep\n|turn|4\n|\n|t:|1770280067\n|move|p1a: Togedemaru|Iron Head|p2a: Gardevoir\n|-supereffective|p2a: Gardevoir\n|-damage|p2a: Gardevoir|39/249\n|move|p2a: Gardevoir|Focus Blast|p1a: Togedemaru\n|-supereffective|p1a: Togedemaru\n|-damage|p1a: Togedemaru|0 fnt\n|faint|p1a: Togedemaru\n|-damage|p2a: Gardevoir|15/249|[from] item: Life Orb\n|\n|upkeep\n|\n|t:|1770280074\n|switch|p1a: Mesprit|Mesprit, L86|227/278 tox\n|turn|5\n|\n|t:|1770280078\n|move|p1a: Mesprit|Signal Beam|p2a: Gardevoir\n|-damage|p2a: Gardevoir|0 fnt\n|faint|p2a: Gardevoir\n|\n|-damage|p1a: Mesprit|210/278 tox|[from] psn\n|upkeep\n|\n|t:|1770280096\n|switch|p2a: Mawile|Mawile, L78, M|206/206\n|-ability|p2a: Mawile|Intimidate|boost\n|-unboost|p1a: Mesprit|atk|1\n|turn|6\n|\n|t:|1770280116\n|switch|p1a: Lilligant|Lilligant, L87, F|264/264\n|detailschange|p2a: Mawile|Mawile-Mega, L78, M\n|-mega|p2a: Mawile|Mawile|Mawilite\n|move|p2a: Mawile|Swords Dance|p2a: Mawile\n|-boost|p2a: Mawile|atk|2\n|\n|upkeep\n|turn|7\n|\n|t:|1770280131\n|move|p1a: Lilligant|Sleep Powder|p2a: Mawile\n|-status|p2a: Mawile|slp|[from] move: Sleep Powder\n|cant|p2a: Mawile|slp\n|\n|upkeep\n|turn|8\n|\n|t:|1770280139\n|switch|p2a: Kartana|Kartana, L74|209/209\n|move|p1a: Lilligant|Quiver Dance|p1a: Lilligant\n|-boost|p1a: Lilligant|spa|1\n|-boost|p1a: Lilligant|spd|1\n|-boost|p1a: Lilligant|spe|1\n|\n|upkeep\n|turn|9\n|\n|t:|1770280170\n|move|p1a: Lilligant|Hidden Power|p2a: Kartana\n|-supereffective|p2a: Kartana\n|-damage|p2a: Kartana|0 fnt\n|faint|p2a: Kartana\n|-damage|p1a: Lilligant|238/264|[from] item: Life Orb\n|\n|upkeep\n|\n|t:|1770280175\n|switch|p2a: Regigigas|Regigigas, L86|329/329\n|-start|p2a: Regigigas|ability: Slow Start\n|turn|10\n|\n|t:|1770280181\n|move|p1a: Lilligant|Quiver Dance|p1a: Lilligant\n|-boost|p1a: Lilligant|spa|1\n|-boost|p1a: Lilligant|spd|1\n|-boost|p1a: Lilligant|spe|1\n|move|p2a: Regigigas|Return|p1a: Lilligant\n|-damage|p1a: Lilligant|145/264\n|\n|upkeep\n|turn|11\n|\n|t:|1770280187\n|move|p1a: Lilligant|Giga Drain|p2a: Regigigas\n|-damage|p2a: Regigigas|115/329\n|-heal|p1a: Lilligant|252/264|[from] drain|[of] p2a: Regigigas\n|-damage|p1a: Lilligant|226/264|[from] item: Life Orb\n|move|p2a: Regigigas|Return|p1a: Lilligant\n|-damage|p1a: Lilligant|135/264\n|\n|-heal|p2a: Regigigas|135/329|[from] item: Leftovers\n|upkeep\n|turn|12\n|\n|t:|1770280189\n|move|p1a: Lilligant|Giga Drain|p2a: Regigigas\n|-damage|p2a: Regigigas|0 fnt\n|-heal|p1a: Lilligant|203/264|[from] drain|[of] p2a: Regigigas\n|faint|p2a: Regigigas\n|-damage|p1a: Lilligant|177/264|[from] item: Life Orb\n|\n|upkeep\n|\n|t:|1770280192\n|switch|p2a: Hippowdon|Hippowdon, L82, M|311/311\n|-weather|Sandstorm|[from] ability: Sand Stream|[of] p2a: Hippowdon\n|turn|13\n|\n|t:|1770280204\n|move|p1a: Lilligant|Giga Drain|p2a: Hippowdon\n|-supereffective|p2a: Hippowdon\n|-damage|p2a: Hippowdon|0 fnt\n|-heal|p1a: Lilligant|264/264|[from] drain|[of] p2a: Hippowdon\n|faint|p2a: Hippowdon\n|-damage|p1a: Lilligant|238/264|[from] item: Life Orb\n|\n|-weather|Sandstorm|[upkeep]\n|-damage|p1a: Lilligant|222/264|[from] Sandstorm\n|upkeep\n|\n|t:|1770280206\n|switch|p2a: Mawile|Mawile-Mega, L78, M|206/206 slp\n|turn|14\n|\n|t:|1770280209\n|move|p1a: Lilligant|Hidden Power|p2a: Mawile\n|-supereffective|p2a: Mawile\n|-damage|p2a: Mawile|0 fnt\n|faint|p2a: Mawile\n|detailschange|p2: Mawile|Mawile, L78, M|[silent]\n|-damage|p1a: Lilligant|196/264|[from] item: Life Orb\n|\n|win|asfsfcccc\n|raw|asfsfcccc's rating: 1548 &rarr; <strong>1567</strong><br />(+19 for winning)\n|raw|aurora ltd's rating: 1539 &rarr; <strong>1520</strong><br />(-19 for losing)\n|l|☆aurora ltd\n|player|p2|\n", "inputlog": ">version ccdc32dd7cde25fd9e4bed64820e885f66e78a4e\n>start {\"formatid\":\"gen7randombattle\",\"seed\":\"sodium,dc6ffe6a9f1815dc7a9246e8fb0851b2\",\"rated\":\"Rated battle\"}\n>player p1 {\"name\":\"asfsfcccc\",\"avatar\":\"265\",\"rating\":1548,\"seed\":\"sodium,28e0a0747f41f9555f56eb28162fd5d3\"}\n>player p2 {\"name\":\"aurora ltd\",\"avatar\":\"silver-gen2kanto\",\"rating\":1539,\"seed\":\"sodium,b32f49b3474edb083ec5e2471e1d4fed\"}\n>p1 move psychic\n>p2 move toxic\n>p1 move psychic\n>p2 move sludgebomb\n>p2 switch 3\n>p1 switch 5\n>p2 move calmmind\n>p1 move ironhead\n>p2 move focusblast\n>p1 switch 5\n>p1 move signalbeam\n>p2 move moonblast\n>p2 switch 6\n>p1 switch 6\n>p2 move swordsdance mega\n>p1 move sleeppowder\n>p2 move ironhead\n>p1 move quiverdance\n>p2 switch 4\n>p1 move hiddenpower\n>p2 move smartstrike\n>p2 switch 5\n>p1 move quiverdance\n>p2 move return\n>p1 move gigadrain\n>p2 move return\n>p1 move gigadrain\n>p2 move return\n>p2 switch 2\n>p1 move gigadrain\n>p2 move toxic\n>p2 switch 4\n>p1 move hiddenpower\n>p2 move playrough", "uploadtime": 1770280216, "views": 159, "formatid": "gen7randombattle", "rating": 1520, "private": 0, "password": null}