{"id": "gen7randombattle-2524022496", "format": "[Gen 7] Random Battle", "players": ["D3XT3R08", "La.Hellhound"], "log": "|j|☆D3XT3R08\n|j|‽La.Hellhound\n|t:|1769100820\n|gametype|singles\n|player|p1|D3XT3R08|blaine|1602\n|player|p2|La.Hellhound|alder|1778\n|gen|7\n|tier|[Gen 7] Random Battle\n|rated|\n|rule|Sleep Clause Mod: Limit one foe put to sleep\n|rule|HP Percentage Mod: HP is shown in percentages\n|rule|Illusion Level Mod: Illusion disguises the Pokémon's true level\n|\n|t:|1769100821\n|teamsize|p1|6\n|teamsize|p2|6\n|start\n|switch|p1a: Basculin|Basculin-Blue-Striped, L86, F|261/261\n|switch|p2a: Scolipede|Scolipede, L80, F|227/227\n|turn|1\n|inactive|Battle timer is ON: inactive players will automatically lose when time's up. (requested by La.Hellhound)\n|inactive|La.Hellhound has 120 seconds left.\n|inactive|La.Hellhound has 90 seconds left.\n|\n|t:|1769100898\n|switch|p2a: Gyarados|Gyarados, L74, F|263/263\n|-ability|p2a: Gyarados|Intimidate|boost\n|-unboost|p1a: Basculin|atk|1\n|move|p1a: Basculin|Liquidation|p2a: Gyarados\n|-resisted|p2a: Gyarados\n|-damage|p2a: Gyarados|188/263\n|\n|upkeep\n|turn|2\n|\n|t:|1769100925\n|switch|p1a: Hitmontop|Hitmontop, L90, M|236/236\n|-ability|p1a: Hitmontop|Intimidate|boost\n|-unboost|p2a: Gyarados|atk|1\n|switch|p2a: Scolipede|Scolipede, L80, F|227/227\n|\n|upkeep\n|turn|3\n|\n|t:|1769100936\n|move|p2a: Scolipede|Poison Jab|p1a: Hitmontop\n|-damage|p1a: Hitmontop|146/236\n|-status|p1a: Hitmontop|psn\n|-damage|p2a: Scolipede|205/227|[from] item: Life Orb\n|move|p1a: Hitmontop|Stone Edge|p2a: Scolipede\n|-supereffective|p2a: Scolipede\n|-damage|p2a: Scolipede|45/227\n|\n|-damage|p1a: Hitmontop|117/236 psn|[from] psn\n|-ability|p2a: Scolipede|Speed Boost|boost\n|-boost|p2a: Scolipede|spe|1\n|upkeep\n|turn|4\n|\n|t:|1769100947\n|switch|p1a: Togedemaru|Togedemaru, L86, M|252/252\n|move|p2a: Scolipede|Spikes|p1a: Togedemaru\n|-sidestart|p1: D3XT3R08|Spikes\n|\n|-ability|p2a: Scolipede|Speed Boost|boost\n|-boost|p2a: Scolipede|spe|1\n|upkeep\n|turn|5\n|\n|t:|1769100958\n|move|p2a: Scolipede|Earthquake|p1a: Togedemaru\n|-supereffective|p1a: Togedemaru\n|-damage|p1a: Togedemaru|0 fnt\n|faint|p1a: Togedemaru\n|-damage|p2a: Scolipede|23/227|[from] item: Life Orb\n|\n|-ability|p2a: Scolipede|Speed Boost|boost\n|-boost|p2a: Scolipede|spe|1\n|upkeep\n|\n|t:|1769100969\n|switch|p1a: Basculin|Basculin-Blue-Striped, L86, F|261/261\n|-damage|p1a: Basculin|229/261|[from] Spikes\n|turn|6\n|\n|t:|1769100974\n|switch|p2a: Klinklang|Klinklang, L87|246/246\n|move|p1a: Basculin|Aqua Jet|p2a: Klinklang\n|-damage|p2a: Klinklang|176/246\n|\n|upkeep\n|turn|7\n|\n|t:|1769100984\n|switch|p1a: Zygarde|Zygarde-10%, L81|220/220\n|-damage|p1a: Zygarde|193/220|[from] Spikes\n|-ability|p1a: Zygarde|Aura Break\n|switch|p2a: Gyarados|Gyarados, L74, F|188/263\n|-ability|p2a: Gyarados|Intimidate|boost\n|-unboost|p1a: Zygarde|atk|1\n|\n|upkeep\n|turn|8\n|\n|t:|1769101003\n|switch|p1a: Wigglytuff|Wigglytuff, L95, F|420/420\n|-damage|p1a: Wigglytuff|368/420|[from] Spikes\n|detailschange|p2a: Gyarados|Gyarados-Mega, L74, F\n|-mega|p2a: Gyarados|Gyarados|Gyaradosite\n|-ability|p2a: Gyarados|Mold Breaker\n|move|p2a: Gyarados|Dragon Dance|p2a: Gyarados\n|-boost|p2a: Gyarados|atk|1\n|-boost|p2a: Gyarados|spe|1\n|\n|-heal|p1a: Wigglytuff|394/420|[from] item: Leftovers\n|upkeep\n|turn|9\n|\n|t:|1769101015\n|move|p2a: Gyarados|Waterfall|p1a: Wigglytuff\n|-damage|p1a: Wigglytuff|190/420\n|move|p1a: Wigglytuff|Dazzling Gleam|p2a: Gyarados\n|-supereffective|p2a: Gyarados\n|-damage|p2a: Gyarados|20/263\n|\n|-heal|p1a: Wigglytuff|216/420|[from] item: Leftovers\n|upkeep\n|turn|10\n|\n|t:|1769101025\n|move|p1a: Wigglytuff|Protect|p1a: Wigglytuff\n|-singleturn|p1a: Wigglytuff|Protect\n|move|p2a: Gyarados|Waterfall|p1a: Wigglytuff\n|-activate|p1a: Wigglytuff|move: Protect\n|\n|-heal|p1a: Wigglytuff|242/420|[from] item: Leftovers\n|upkeep\n|turn|11\n|\n|t:|1769101031\n|move|p2a: Gyarados|Waterfall|p1a: Wigglytuff\n|-damage|p1a: Wigglytuff|34/420\n|move|p1a: Wigglytuff|Dazzling Gleam|p2a: Gyarados\n|-supereffective|p2a: Gyarados\n|-damage|p2a: Gyarados|0 fnt\n|faint|p2a: Gyarados\n|detailschange|p2: Gyarados|Gyarados, L74, F|[silent]\n|\n|-heal|p1a: Wigglytuff|60/420|[from] item: Leftovers\n|upkeep\n|\n|t:|1769101053\n|switch|p2a: Scolipede|Scolipede, L80, F|23/227\n|turn|12\n|\n|t:|1769101059\n|move|p2a: Scolipede|Poison Jab|p1a: Wigglytuff\n|-supereffective|p1a: Wigglytuff\n|-damage|p1a: Wigglytuff|0 fnt\n|faint|p1a: Wigglytuff\n|-damage|p2a: Scolipede|1/227|[from] item: Life Orb\n|\n|-ability|p2a: Scolipede|Speed Boost|boost\n|-boost|p2a: Scolipede|spe|1\n|upkeep\n|\n|t:|1769101074\n|switch|p1a: Basculin|Basculin-Blue-Striped, L86, F|229/261\n|-damage|p1a: Basculin|197/261|[from] Spikes\n|turn|13\n|\n|t:|1769101081\n|move|p2a: Scolipede|Poison Jab|p1a: Basculin\n|-damage|p1a: Basculin|63/261\n|-damage|p2a: Scolipede|0 fnt|[from] item: Life Orb\n|faint|p2a: Scolipede\n|move|p1a: Basculin|Liquidation|p2: Scolipede|[notarget]\n|-fail|p1a: Basculin\n|\n|upkeep\n|\n|t:|1769101093\n|switch|p2a: Entei|Entei, L78|307/307\n|turn|14\n|\n|t:|1769101101\n|switch|p1a: Hitmontop|Hitmontop, L90, M|117/236 psn\n|-damage|p1a: Hitmontop|88/236 psn|[from] Spikes\n|-ability|p1a: Hitmontop|Intimidate|boost\n|-unboost|p2a: Entei|atk|1\n|move|p2a: Entei|Extreme Speed|p1a: Hitmontop\n|-damage|p1a: Hitmontop|35/236 psn\n|\n|-damage|p1a: Hitmontop|6/236 psn|[from] psn\n|upkeep\n|turn|15\n|\n|t:|1769101117\n|move|p2a: Entei|Extreme Speed|p1a: Hitmontop\n|-damage|p1a: Hitmontop|0 fnt\n|faint|p1a: Hitmontop\n|\n|upkeep\n|\n|t:|1769101120\n|switch|p1a: Zygarde|Zygarde-10%, L81|193/220\n|-damage|p1a: Zygarde|166/220|[from] Spikes\n|-ability|p1a: Zygarde|Aura Break\n|turn|16\n|inactive|La.Hellhound has 120 seconds left.\n|\n|t:|1769101154\n|switch|p2a: Noctowl|Noctowl, L94, F|340/340\n|move|p1a: Zygarde|Thousand Arrows|p2a: Noctowl\n|-damage|p2a: Noctowl|172/340\n|-start|p2a: Noctowl|Smack Down\n|\n|-heal|p2a: Noctowl|193/340|[from] item: Leftovers\n|upkeep\n|turn|17\n|\n|t:|1769101164\n|switch|p1a: Blissey|Blissey, L85, F|572/572\n|-damage|p1a: Blissey|501/572|[from] Spikes\n|move|p2a: Noctowl|Hyper Voice|p1a: Blissey\n|-damage|p1a: Blissey|429/572\n|\n|-heal|p2a: Noctowl|214/340|[from] item: Leftovers\n|-heal|p1a: Blissey|464/572|[from] item: Leftovers\n|upkeep\n|turn|18\n|\n|t:|1769101177\n|switch|p2a: Klinklang|Klinklang, L87|176/246\n|move|p1a: Blissey|Wish|p1a: Blissey\n|\n|-heal|p1a: Blissey|499/572|[from] item: Leftovers\n|upkeep\n|turn|19\n|\n|t:|1769101191\n|switch|p1a: Zygarde|Zygarde-10%, L81|166/220\n|-damage|p1a: Zygarde|139/220|[from] Spikes\n|-ability|p1a: Zygarde|Aura Break\n|move|p2a: Klinklang|Shift Gear|p2a: Klinklang\n|-boost|p2a: Klinklang|spe|2\n|-boost|p2a: Klinklang|atk|1\n|\n|-heal|p1a: Zygarde|220/220|[from] move: Wish|[wisher] Blissey\n|upkeep\n|turn|20\n|\n|t:|1769101203\n|-zpower|p2a: Klinklang\n|move|p2a: Klinklang|Breakneck Blitz|p1a: Zygarde|[zeffect]\n|-damage|p1a: Zygarde|14/220\n|move|p1a: Zygarde|Thousand Arrows|p2a: Klinklang\n|-supereffective|p2a: Klinklang\n|-damage|p2a: Klinklang|0 fnt\n|faint|p2a: Klinklang\n|\n|upkeep\n|\n|t:|1769101212\n|switch|p2a: Entei|Entei, L78|307/307\n|turn|21\n|\n|t:|1769101227\n|switch|p1a: Basculin|Basculin-Blue-Striped, L86, F|63/261\n|-damage|p1a: Basculin|31/261|[from] Spikes\n|move|p2a: Entei|Extreme Speed|p1a: Basculin\n|-damage|p1a: Basculin|0 fnt\n|faint|p1a: Basculin\n|\n|upkeep\n|\n|t:|1769101233\n|switch|p1a: Blissey|Blissey, L85, F|499/572\n|-damage|p1a: Blissey|428/572|[from] Spikes\n|turn|22\n|\n|t:|1769101241\n|move|p2a: Entei|Extreme Speed|p1a: Blissey\n|-damage|p1a: Blissey|161/572\n|move|p1a: Blissey|Wish|p1a: Blissey\n|\n|-heal|p1a: Blissey|196/572|[from] item: Leftovers\n|upkeep\n|turn|23\n|\n|t:|1769101249\n|switch|p2a: Slaking|Slaking, L84, M|389/389\n|move|p1a: Blissey|Seismic Toss|p2a: Slaking\n|-damage|p2a: Slaking|304/389\n|\n|-heal|p1a: Blissey|482/572|[from] move: Wish|[wisher] Blissey\n|-heal|p1a: Blissey|517/572|[from] item: Leftovers\n|upkeep\n|turn|24\n|\n|t:|1769101258\n|switch|p2a: Entei|Entei, L78|307/307\n|move|p1a: Blissey|Protect||[still]\n|-fail|p1a: Blissey\n|\n|-heal|p1a: Blissey|552/572|[from] item: Leftovers\n|upkeep\n|turn|25\n|\n|t:|1769101265\n|move|p2a: Entei|Sacred Fire|p1a: Blissey\n|-damage|p1a: Blissey|87/572\n|move|p1a: Blissey|Wish|p1a: Blissey\n|\n|-heal|p1a: Blissey|122/572|[from] item: Leftovers\n|upkeep\n|turn|26\n|inactive|D3XT3R08 has 120 seconds left.\n|\n|t:|1769101319\n|move|p1a: Blissey|Protect|p1a: Blissey\n|-singleturn|p1a: Blissey|Protect\n|move|p2a: Entei|Sacred Fire|p1a: Blissey\n|-activate|p1a: Blissey|move: Protect\n|\n|-heal|p1a: Blissey|408/572|[from] move: Wish|[wisher] Blissey\n|-heal|p1a: Blissey|443/572|[from] item: Leftovers\n|upkeep\n|turn|27\n|inactive|D3XT3R08 has 90 seconds left.\n|inactive|La.Hellhound has 120 seconds left.\n|inactive|La.Hellhound has 90 seconds left.\n|\n|t:|1769101394\n|move|p1a: Blissey|Protect||[still]\n|-fail|p1a: Blissey\n|move|p2a: Entei|Sacred Fire|p1a: Blissey\n|-damage|p1a: Blissey|2/572\n|\n|-heal|p1a: Blissey|37/572|[from] item: Leftovers\n|upkeep\n|turn|28\n|-message|D3XT3R08 forfeited.\n|\n|win|La.Hellhound\n|raw|D3XT3R08's rating: 1602 &rarr; <strong>1591</strong><br />(-11 for losing)\n|raw|La.Hellhound's rating: 1778 &rarr; <strong>1789</strong><br />(+11 for winning)\n|l|☆D3XT3R08\n|player|p1|\n", "inputlog": ">version dd3d52b8382d73d1dd2c67730c4067df325ab790\n>start {\"formatid\":\"gen7randombattle\",\"seed\":\"sodium,0ed7605a3a51b7ed53a74fd1de4838e1\",\"rated\":\"Rated battle\"}\n>player p1 {\"name\":\"D3XT3R08\",\"avatar\":\"blaine\",\"rating\":1602,\"seed\":\"sodium,d7c90c919685f08fa43ac221a70361e5\"}\n>player p2 {\"name\":\"La.Hellhound\",\"avatar\":\"alder\",\"rating\":1778,\"seed\":\"sodium,bb824555f53d73286ae3f83de2cc93f4\"}\n>p1 move liquidation\n>p2 switch 6\n>p1 switch 5\n>p2 switch 6\n>p1 move stoneedge\n>p2 move poisonjab\n>p1 switch 2\n>p2 move spikes\n>p1 move zingzap\n>p2 move earthquake\n>p1 switch 5\n>p1 move aquajet\n>p2 switch 2\n>p1 switch 6\n>p2 switch 6\n>p1 switch 3\n>p2 move dragondance mega\n>p1 move dazzlinggleam\n>p2 move waterfall\n>p1 move protect\n>p2 move waterfall\n>p1 move dazzlinggleam\n>p2 move waterfall\n>p2 switch 2\n>p1 move stealthrock\n>p2 move poisonjab\n>p1 switch 6\n>p1 move liquidation\n>p2 move poisonjab\n>p2 switch 5\n>p1 switch 2\n>p2 move extremespeed\n>p1 move rapidspin\n>p2 move extremespeed\n>p1 switch 3\n>p1 move thousandarrows\n>p2 switch 3\n>p1 switch 4\n>p2 move hypervoice\n>p1 move wish\n>p2 switch 6\n>p1 switch 4\n>p2 move shiftgear\n>p1 move thousandarrows\n>p2 move return zmove\n>p2 switch 3\n>p1 switch 2\n>p2 move extremespeed\n>p1 switch 4\n>p1 move wish\n>p2 move extremespeed\n>p1 move seismictoss\n>p2 switch 4\n>p1 move protect\n>p2 switch 4\n>p1 move wish\n>p2 move sacredfire\n>p1 move protect\n>p2 move sacredfire\n>p1 move protect\n>p2 move sacredfire\n>forcelose p1", "uploadtime": 1769101405, "views": 151, "formatid": "gen7randombattle", "rating": 1591, "private": 0, "password": null}