{"id": "gen7randombattle-2532158362", "format": "[Gen 7] Random Battle", "players": ["Regreet", "2 Easy Scrub"], "log": "|j|☆Regreet\n|j|☆2 Easy Scrub\n|t:|1770145376\n|gametype|singles\n|player|p1|Regreet|101|1573\n|player|p2|2 Easy Scrub|ltsurge|1531\n|gen|7\n|tier|[Gen 7] Random Battle\n|rated|\n|rule|Sleep Clause Mod: Limit one foe put to sleep\n|rule|HP Percentage Mod: HP is shown in percentages\n|rule|Illusion Level Mod: Illusion disguises the Pokémon's true level\n|\n|t:|1770145376\n|teamsize|p1|6\n|teamsize|p2|6\n|start\n|switch|p1a: Regirock|Regirock, L87|281/281\n|switch|p2a: Golisopod|Golisopod, L84, M|260/260\n|turn|1\n|inactive|Battle timer is ON: inactive players will automatically lose when time's up. (requested by 2 Easy Scrub)\n|inactive|Regreet also wants the timer to be on.\n|\n|t:|1770145407\n|switch|p2a: Meganium|Meganium, L92, M|297/297\n|move|p1a: Regirock|Stone Edge|p2a: Meganium\n|-damage|p2a: Meganium|203/297\n|\n|-heal|p2a: Meganium|221/297|[from] item: Leftovers\n|upkeep\n|turn|2\n|\n|t:|1770145419\n|move|p2a: Meganium|Toxic|p1a: Regirock\n|-status|p1a: Regirock|tox\n|move|p1a: Regirock|Stone Edge|p2a: Meganium|[miss]\n|-miss|p1a: Regirock|p2a: Meganium\n|\n|-heal|p2a: Meganium|239/297|[from] item: Leftovers\n|-damage|p1a: Regirock|264/281 tox|[from] psn\n|upkeep\n|turn|3\n|\n|t:|1770145425\n|switch|p1a: Glaceon|Glaceon, L90, F|263/263\n|move|p2a: Meganium|Energy Ball|p1a: Glaceon\n|-damage|p1a: Glaceon|170/263\n|\n|-heal|p2a: Meganium|257/297|[from] item: Leftovers\n|-heal|p1a: Glaceon|186/263|[from] item: Leftovers\n|upkeep\n|turn|4\n|\n|t:|1770145438\n|switch|p2a: Golisopod|Golisopod, L84, M|260/260\n|move|p1a: Glaceon|Ice Beam|p2a: Golisopod\n|-resisted|p2a: Golisopod\n|-damage|p2a: Golisopod|190/260\n|\n|-heal|p1a: Glaceon|202/263|[from] item: Leftovers\n|upkeep\n|turn|5\n|\n|t:|1770145448\n|move|p2a: Golisopod|First Impression|p1a: Glaceon\n|-damage|p1a: Glaceon|102/263\n|move|p1a: Glaceon|Ice Beam|p2a: Golisopod\n|-resisted|p2a: Golisopod\n|-damage|p2a: Golisopod|121/260\n|-enditem|p2a: Golisopod|Sitrus Berry|[eat]\n|-heal|p2a: Golisopod|186/260|[from] item: Sitrus Berry\n|\n|-heal|p1a: Glaceon|118/263|[from] item: Leftovers\n|upkeep\n|turn|6\n|\n|t:|1770145467\n|move|p1a: Glaceon|Ice Beam|p2a: Golisopod\n|-resisted|p2a: Golisopod\n|-damage|p2a: Golisopod|113/260\n|-activate|p2a: Golisopod|ability: Emergency Exit\n|\n|t:|1770145477\n|switch|p2a: Heliolisk|Heliolisk, L85, M|244/244\n|\n|-heal|p1a: Glaceon|134/263|[from] item: Leftovers\n|upkeep\n|turn|7\n|\n|t:|1770145483\n|switch|p1a: Volbeat|Volbeat, L91, M|266/266\n|move|p2a: Heliolisk|Hyper Voice|p1a: Volbeat\n|-damage|p1a: Volbeat|132/266\n|-damage|p2a: Heliolisk|220/244|[from] item: Life Orb\n|\n|-heal|p1a: Volbeat|148/266|[from] item: Leftovers\n|upkeep\n|turn|8\n|\n|t:|1770145490\n|move|p2a: Heliolisk|Thunder|p1a: Volbeat|[miss]\n|-miss|p2a: Heliolisk|p1a: Volbeat\n|move|p1a: Volbeat|Lunge|p2a: Heliolisk\n|-damage|p2a: Heliolisk|111/244\n|-unboost|p2a: Heliolisk|atk|1\n|\n|-heal|p1a: Volbeat|164/266|[from] item: Leftovers\n|upkeep\n|turn|9\n|\n|t:|1770145498\n|move|p2a: Heliolisk|Thunder|p1a: Volbeat|[miss]\n|-miss|p2a: Heliolisk|p1a: Volbeat\n|move|p1a: Volbeat|Lunge|p2a: Heliolisk\n|-damage|p2a: Heliolisk|2/244\n|-unboost|p2a: Heliolisk|atk|1\n|\n|-heal|p1a: Volbeat|180/266|[from] item: Leftovers\n|upkeep\n|turn|10\n|inactive|2 Easy Scrub has 120 seconds left.\n|\n|t:|1770145530\n|move|p1a: Volbeat|Roost|p1a: Volbeat\n|-heal|p1a: Volbeat|266/266\n|-singleturn|p1a: Volbeat|move: Roost\n|move|p2a: Heliolisk|Thunder|p1a: Volbeat\n|-damage|p1a: Volbeat|110/266\n|-damage|p2a: Heliolisk|0 fnt|[from] item: Life Orb\n|faint|p2a: Heliolisk\n|\n|-heal|p1a: Volbeat|126/266|[from] item: Leftovers\n|upkeep\n|inactive|2 Easy Scrub has 120 seconds left.\n|\n|t:|1770145536\n|switch|p2a: Gigalith|Gigalith, L82, M|274/274\n|-weather|Sandstorm|[from] ability: Sand Stream|[of] p2a: Gigalith\n|turn|11\n|\n|t:|1770145542\n|switch|p1a: Phione|Phione, L93|300/300\n|move|p2a: Gigalith|Stone Edge|p1a: Phione|[miss]\n|-miss|p2a: Gigalith|p1a: Phione\n|\n|-weather|Sandstorm|[upkeep]\n|-damage|p1a: Phione|282/300|[from] Sandstorm\n|-heal|p1a: Phione|300/300|[from] item: Leftovers\n|upkeep\n|turn|12\n|\n|t:|1770145549\n|switch|p2a: Golisopod|Golisopod, L84, M|113/260\n|move|p1a: Phione|Scald|p2a: Golisopod\n|-resisted|p2a: Golisopod\n|-damage|p2a: Golisopod|68/260\n|\n|-weather|Sandstorm|[upkeep]\n|-damage|p1a: Phione|282/300|[from] Sandstorm\n|-damage|p2a: Golisopod|52/260|[from] Sandstorm\n|-heal|p1a: Phione|300/300|[from] item: Leftovers\n|upkeep\n|turn|13\n|\n|t:|1770145556\n|move|p1a: Phione|Scald|p2a: Golisopod\n|-resisted|p2a: Golisopod\n|-damage|p2a: Golisopod|10/260\n|move|p2a: Golisopod|Spikes|p1a: Phione\n|-sidestart|p1: Regreet|Spikes\n|\n|-weather|Sandstorm|[upkeep]\n|-damage|p1a: Phione|282/300|[from] Sandstorm\n|-damage|p2a: Golisopod|0 fnt|[from] Sandstorm\n|faint|p2a: Golisopod\n|-heal|p1a: Phione|300/300|[from] item: Leftovers\n|upkeep\n|\n|t:|1770145578\n|switch|p2a: Lurantis|Lurantis, L90, M|272/272\n|turn|14\n|\n|t:|1770145585\n|switch|p1a: Volbeat|Volbeat, L91, M|126/266\n|-damage|p1a: Volbeat|93/266|[from] Spikes\n|move|p2a: Lurantis|Leaf Storm|p1a: Volbeat\n|-resisted|p1a: Volbeat\n|-damage|p1a: Volbeat|32/266\n|-boost|p2a: Lurantis|spa|2\n|\n|-weather|Sandstorm|[upkeep]\n|-damage|p1a: Volbeat|16/266|[from] Sandstorm\n|-damage|p2a: Lurantis|255/272|[from] Sandstorm\n|-heal|p1a: Volbeat|32/266|[from] item: Leftovers\n|upkeep\n|turn|15\n|\n|t:|1770145594\n|switch|p2a: Gigalith|Gigalith, L82, M|274/274\n|move|p1a: Volbeat|Lunge|p2a: Gigalith\n|-damage|p2a: Gigalith|208/274\n|-unboost|p2a: Gigalith|atk|1\n|\n|-weather|none\n|-heal|p1a: Volbeat|48/266|[from] item: Leftovers\n|-heal|p2a: Gigalith|225/274|[from] item: Leftovers\n|upkeep\n|turn|16\n|\n|t:|1770145603\n|move|p1a: Volbeat|Roost|p1a: Volbeat\n|-heal|p1a: Volbeat|181/266\n|-singleturn|p1a: Volbeat|move: Roost\n|move|p2a: Gigalith|Stone Edge|p1a: Volbeat\n|-supereffective|p1a: Volbeat\n|-crit|p1a: Volbeat\n|-damage|p1a: Volbeat|0 fnt\n|faint|p1a: Volbeat\n|\n|-heal|p2a: Gigalith|242/274|[from] item: Leftovers\n|upkeep\n|\n|t:|1770145606\n|switch|p1a: Phione|Phione, L93|300/300\n|-damage|p1a: Phione|263/300|[from] Spikes\n|turn|17\n|\n|t:|1770145615\n|switch|p2a: Meganium|Meganium, L92, M|257/297\n|move|p1a: Phione|Scald|p2a: Meganium\n|-resisted|p2a: Meganium\n|-damage|p2a: Meganium|220/297\n|\n|-heal|p1a: Phione|281/300|[from] item: Leftovers\n|-heal|p2a: Meganium|238/297|[from] item: Leftovers\n|upkeep\n|turn|18\n|\n|t:|1770145618\n|move|p1a: Phione|Toxic|p2a: Meganium\n|-status|p2a: Meganium|tox\n|move|p2a: Meganium|Toxic|p1a: Phione\n|-status|p1a: Phione|tox\n|\n|-heal|p1a: Phione|299/300 tox|[from] item: Leftovers\n|-heal|p2a: Meganium|256/297 tox|[from] item: Leftovers\n|-damage|p1a: Phione|281/300 tox|[from] psn\n|-damage|p2a: Meganium|238/297 tox|[from] psn\n|upkeep\n|turn|19\n|\n|t:|1770145628\n|move|p1a: Phione|Knock Off|p2a: Meganium\n|-damage|p2a: Meganium|177/297 tox\n|-enditem|p2a: Meganium|Leftovers|[from] move: Knock Off|[of] p1a: Phione\n|move|p2a: Meganium|Energy Ball|p1a: Phione\n|-supereffective|p1a: Phione\n|-damage|p1a: Phione|77/300 tox\n|\n|-heal|p1a: Phione|95/300 tox|[from] item: Leftovers\n|-damage|p1a: Phione|59/300 tox|[from] psn\n|-damage|p2a: Meganium|141/297 tox|[from] psn\n|upkeep\n|turn|20\n|\n|t:|1770145634\n|move|p1a: Phione|Ice Beam|p2a: Meganium\n|-supereffective|p2a: Meganium\n|-damage|p2a: Meganium|35/297 tox\n|move|p2a: Meganium|Synthesis|p2a: Meganium\n|-heal|p2a: Meganium|183/297 tox\n|\n|-heal|p1a: Phione|77/300 tox|[from] item: Leftovers\n|-damage|p1a: Phione|23/300 tox|[from] psn\n|-damage|p2a: Meganium|129/297 tox|[from] psn\n|upkeep\n|turn|21\n|\n|t:|1770145638\n|move|p1a: Phione|Ice Beam|p2a: Meganium\n|-supereffective|p2a: Meganium\n|-damage|p2a: Meganium|7/297 tox\n|move|p2a: Meganium|Synthesis|p2a: Meganium\n|-heal|p2a: Meganium|155/297 tox\n|\n|-heal|p1a: Phione|41/300 tox|[from] item: Leftovers\n|-damage|p1a: Phione|0 fnt|[from] psn\n|faint|p1a: Phione\n|-damage|p2a: Meganium|83/297 tox|[from] psn\n|upkeep\n|\n|t:|1770145643\n|switch|p1a: Glaceon|Glaceon, L90, F|134/263\n|-damage|p1a: Glaceon|102/263|[from] Spikes\n|turn|22\n|\n|t:|1770145652\n|switch|p2a: Gigalith|Gigalith, L82, M|242/274\n|-weather|Sandstorm|[from] ability: Sand Stream|[of] p2a: Gigalith\n|move|p1a: Glaceon|Protect||[still]\n|-fail|p1a: Glaceon\n|\n|-weather|Sandstorm|[upkeep]\n|-damage|p1a: Glaceon|86/263|[from] Sandstorm\n|-heal|p1a: Glaceon|102/263|[from] item: Leftovers\n|-heal|p2a: Gigalith|259/274|[from] item: Leftovers\n|upkeep\n|turn|23\n|\n|t:|1770145658\n|move|p1a: Glaceon|Ice Beam|p2a: Gigalith\n|-damage|p2a: Gigalith|160/274\n|move|p2a: Gigalith|Stone Edge|p1a: Glaceon\n|-supereffective|p1a: Glaceon\n|-damage|p1a: Glaceon|0 fnt\n|faint|p1a: Glaceon\n|\n|-weather|Sandstorm|[upkeep]\n|-heal|p2a: Gigalith|177/274|[from] item: Leftovers\n|upkeep\n|\n|t:|1770145661\n|switch|p1a: Malamar|Malamar, L80, F|269/269\n|-damage|p1a: Malamar|236/269|[from] Spikes\n|turn|24\n|\n|t:|1770145670\n|-zpower|p1a: Malamar\n|move|p1a: Malamar|Z-Happy Hour|p1a: Malamar|[anim]Happy Hour\n|-boost|p1a: Malamar|atk|1|[zeffect]\n|-boost|p1a: Malamar|def|1|[zeffect]\n|-boost|p1a: Malamar|spa|1|[zeffect]\n|-boost|p1a: Malamar|spd|1|[zeffect]\n|-boost|p1a: Malamar|spe|1|[zeffect]\n|move|p2a: Gigalith|Toxic|p1a: Malamar\n|-status|p1a: Malamar|tox\n|\n|-weather|Sandstorm|[upkeep]\n|-damage|p1a: Malamar|220/269 tox|[from] Sandstorm\n|-heal|p2a: Gigalith|194/274|[from] item: Leftovers\n|-damage|p1a: Malamar|204/269 tox|[from] psn\n|upkeep\n|turn|25\n|\n|t:|1770145676\n|switch|p2a: Lunala|Lunala, L72|316/316\n|move|p1a: Malamar|Superpower|p2a: Lunala\n|-immune|p2a: Lunala\n|\n|-weather|Sandstorm|[upkeep]\n|-damage|p1a: Malamar|188/269 tox|[from] Sandstorm\n|-damage|p2a: Lunala|297/316|[from] Sandstorm\n|-damage|p1a: Malamar|156/269 tox|[from] psn\n|upkeep\n|turn|26\n|\n|t:|1770145682\n|switch|p2a: Gigalith|Gigalith, L82, M|194/274\n|move|p1a: Malamar|Knock Off|p2a: Gigalith\n|-damage|p2a: Gigalith|91/274\n|-enditem|p2a: Gigalith|Leftovers|[from] move: Knock Off|[of] p1a: Malamar\n|\n|-weather|none\n|-damage|p1a: Malamar|108/269 tox|[from] psn\n|upkeep\n|turn|27\n|\n|t:|1770145690\n|move|p1a: Malamar|Superpower|p2a: Gigalith\n|-supereffective|p2a: Gigalith\n|-damage|p2a: Gigalith|0 fnt\n|-boost|p1a: Malamar|atk|1\n|-boost|p1a: Malamar|def|1\n|faint|p2a: Gigalith\n|\n|-damage|p1a: Malamar|44/269 tox|[from] psn\n|upkeep\n|\n|t:|1770145696\n|switch|p2a: Meganium|Meganium, L92, M|83/297 tox\n|turn|28\n|\n|t:|1770145699\n|move|p1a: Malamar|Knock Off|p2a: Meganium\n|-damage|p2a: Meganium|0 fnt\n|faint|p2a: Meganium\n|\n|-damage|p1a: Malamar|0 fnt|[from] psn\n|faint|p1a: Malamar\n|upkeep\n|\n|t:|1770145703\n|switch|p2a: Lurantis|Lurantis, L90, M|255/272\n|switch|p1a: Wishiwashi|Wishiwashi, L89, F|225/225\n|-damage|p1a: Wishiwashi|197/225|[from] Spikes\n|-formechange|p1a: Wishiwashi|Wishiwashi-School||[from] ability: Schooling\n|turn|29\n|\n|t:|1770145708\n|move|p2a: Lurantis|Leaf Storm|p1a: Wishiwashi\n|-supereffective|p1a: Wishiwashi\n|-damage|p1a: Wishiwashi|17/225\n|-boost|p2a: Lurantis|spa|2\n|move|p1a: Wishiwashi|Ice Beam|p2a: Lurantis\n|-supereffective|p2a: Lurantis\n|-damage|p2a: Lurantis|131/272\n|\n|-heal|p1a: Wishiwashi|31/225|[from] item: Leftovers\n|-formechange|p1a: Wishiwashi|Wishiwashi||[from] ability: Schooling\n|upkeep\n|turn|30\n|-message|Regreet forfeited.\n|\n|win|2 Easy Scrub\n|raw|Regreet's rating: 1573 &rarr; <strong>1551</strong><br />(-22 for losing)\n|raw|2 Easy Scrub's rating: 1531 &rarr; <strong>1553</strong><br />(+22 for winning)\n|l|☆Regreet\n|player|p1|\n", "inputlog": ">version ccdc32dd7cde25fd9e4bed64820e885f66e78a4e\n>start {\"formatid\":\"gen7randombattle\",\"seed\":\"sodium,8baeb5809b0fbab4d2305d9c3e1f2160\",\"rated\":\"Rated battle\"}\n>player p1 {\"name\":\"Regreet\",\"avatar\":\"101\",\"rating\":1573,\"seed\":\"sodium,93050ecdc04ce301e19a94445badcefa\"}\n>player p2 {\"name\":\"2 Easy Scrub\",\"avatar\":\"ltsurge\",\"rating\":1531,\"seed\":\"sodium,cc17a0914c1d4915e4326891158a44cb\"}\n>p1 move stoneedge\n>p2 switch 3\n>p1 move stoneedge\n>p2 move toxic\n>p1 switch 2\n>p2 move energyball\n>p1 move icebeam\n>p2 switch 3\n>p1 move icebeam\n>p2 move firstimpression\n>p1 move icebeam\n>p2 move spikes\n>p2 switch 4\n>p1 switch 6\n>p2 move hypervoice\n>p1 move lunge\n>p2 move thunder\n>p1 move lunge\n>p2 move thunder\n>p1 move roost\n>p2 move thunder\n>p2 switch 6\n>p1 switch 5\n>p2 move stoneedge\n>p1 move scald\n>p2 switch 4\n>p1 move scald\n>p2 move spikes\n>p2 switch 2\n>p1 switch 5\n>p2 move leafstorm\n>p1 move lunge\n>p2 switch 4\n>p1 move roost\n>p2 move stoneedge\n>p1 switch 5\n>p1 move scald\n>p2 switch 3\n>p1 move toxic\n>p2 move toxic\n>p1 move knockoff\n>p2 move energyball\n>p1 move icebeam\n>p2 move synthesis\n>p1 move icebeam\n>p2 move synthesis\n>p1 switch 6\n>p1 move protect\n>p2 switch 3\n>p1 move icebeam\n>p2 move stoneedge\n>p1 switch 3\n>p1 move happyhour zmove\n>p2 move toxic\n>p1 move superpower\n>p2 switch 5\n>p1 move knockoff\n>p2 switch 5\n>p1 move superpower\n>p2 move earthquake\n>p2 switch 3\n>p1 move knockoff\n>p2 move energyball\n>p1 switch 4\n>p2 switch 4\n>p1 move icebeam\n>p2 move leafstorm\n>forcelose p1", "uploadtime": 1770145721, "views": 138, "formatid": "gen7randombattle", "rating": 1551, "private": 0, "password": null}