{"id": "gen7randombattle-2533220049", "format": "[Gen 7] Random Battle", "players": ["idk man whats up", "may/gen3"], "log": "|j|☆idk man whats up\n|j|☆may/gen3\n|t:|1770275308\n|gametype|singles\n|player|p1|idk man whats up|1|1514\n|player|p2|may/gen3|may|1764\n|gen|7\n|tier|[Gen 7] Random Battle\n|rated|\n|rule|Sleep Clause Mod: Limit one foe put to sleep\n|rule|HP Percentage Mod: HP is shown in percentages\n|rule|Illusion Level Mod: Illusion disguises the Pokémon's true level\n|\n|t:|1770275308\n|teamsize|p1|6\n|teamsize|p2|6\n|start\n|switch|p1a: Delcatty|Delcatty, L99, M|299/299\n|switch|p2a: Samurott|Samurott, L88, M|310/310\n|turn|1\n|\n|t:|1770275318\n|move|p1a: Delcatty|Double-Edge|p2a: Samurott\n|-damage|p2a: Samurott|141/310\n|-damage|p1a: Delcatty|243/299|[from] Recoil\n|-damage|p1a: Delcatty|214/299|[from] item: Life Orb\n|move|p2a: Samurott|Sacred Sword|p1a: Delcatty\n|-supereffective|p1a: Delcatty\n|-damage|p1a: Delcatty|52/299\n|\n|upkeep\n|turn|2\n|\n|t:|1770275328\n|move|p1a: Delcatty|Double-Edge|p2a: Samurott\n|-damage|p2a: Samurott|0 fnt\n|faint|p2a: Samurott\n|-damage|p1a: Delcatty|5/299|[from] Recoil\n|-damage|p1a: Delcatty|0 fnt|[from] item: Life Orb\n|faint|p1a: Delcatty\n|\n|upkeep\n|inactive|Battle timer is ON: inactive players will automatically lose when time's up. (requested by may/gen3)\n|\n|t:|1770275337\n|switch|p1a: Gigalith|Gigalith, L82, M|274/274\n|switch|p2a: Araquanid|Araquanid, L81, M|243/243\n|-weather|Sandstorm|[from] ability: Sand Stream|[of] p1a: Gigalith\n|turn|3\n|\n|t:|1770275348\n|move|p2a: Araquanid|Sticky Web|p1a: Gigalith\n|-sidestart|p1: idk man whats up|move: Sticky Web\n|move|p1a: Gigalith|Stone Edge|p2a: Araquanid\n|-supereffective|p2a: Araquanid\n|-damage|p2a: Araquanid|0 fnt\n|faint|p2a: Araquanid\n|\n|-weather|Sandstorm|[upkeep]\n|upkeep\n|\n|t:|1770275361\n|switch|p2a: Abomasnow|Abomasnow, L83, M|285/285\n|-weather|Hail|[from] ability: Snow Warning|[of] p2a: Abomasnow\n|turn|4\n|\n|t:|1770275366\n|detailschange|p2a: Abomasnow|Abomasnow-Mega, L83, M\n|-mega|p2a: Abomasnow|Abomasnow|Abomasite\n|move|p2a: Abomasnow|Wood Hammer|p1a: Gigalith\n|-supereffective|p1a: Gigalith\n|-damage|p1a: Gigalith|22/274\n|-damage|p2a: Abomasnow|202/285|[from] Recoil\n|move|p1a: Gigalith|Stone Edge|p2a: Abomasnow\n|-supereffective|p2a: Abomasnow\n|-damage|p2a: Abomasnow|0 fnt\n|faint|p2a: Abomasnow\n|detailschange|p2: Abomasnow|Abomasnow, L83, M|[silent]\n|\n|-weather|Hail|[upkeep]\n|-damage|p1a: Gigalith|5/274|[from] Hail\n|-heal|p1a: Gigalith|22/274|[from] item: Leftovers\n|upkeep\n|\n|t:|1770275377\n|switch|p2a: Heatmor|Heatmor, L93, F|309/309\n|turn|5\n|\n|t:|1770275380\n|move|p2a: Heatmor|Knock Off|p1a: Gigalith\n|-damage|p1a: Gigalith|0 fnt\n|-enditem|p1a: Gigalith|Leftovers|[from] move: Knock Off|[of] p2a: Heatmor\n|faint|p1a: Gigalith\n|-damage|p2a: Heatmor|279/309|[from] item: Life Orb\n|\n|-weather|Hail|[upkeep]\n|-damage|p2a: Heatmor|260/309|[from] Hail\n|upkeep\n|\n|t:|1770275390\n|switch|p1a: Slowking|Slowking, L89, M|314/314\n|-activate|p1a: Slowking|move: Sticky Web\n|-unboost|p1a: Slowking|spe|1\n|turn|6\n|\n|t:|1770275395\n|move|p2a: Heatmor|Knock Off|p1a: Slowking\n|-supereffective|p1a: Slowking\n|-damage|p1a: Slowking|96/314\n|-enditem|p1a: Slowking|Assault Vest|[from] move: Knock Off|[of] p2a: Heatmor\n|-damage|p2a: Heatmor|230/309|[from] item: Life Orb\n|move|p1a: Slowking|Scald|p2a: Heatmor\n|-supereffective|p2a: Heatmor\n|-damage|p2a: Heatmor|0 fnt\n|faint|p2a: Heatmor\n|\n|-weather|Hail|[upkeep]\n|-damage|p1a: Slowking|77/314|[from] Hail\n|upkeep\n|\n|t:|1770275402\n|switch|p2a: Lopunny|Lopunny, L87, F|255/255\n|turn|7\n|\n|t:|1770275408\n|move|p2a: Lopunny|Return|p1a: Slowking\n|-damage|p1a: Slowking|0 fnt\n|faint|p1a: Slowking\n|\n|-weather|Hail|[upkeep]\n|-damage|p2a: Lopunny|240/255|[from] Hail\n|upkeep\n|\n|t:|1770275415\n|switch|p1a: Pelipper|Pelipper, L87, F|246/246\n|-weather|RainDance|[from] ability: Drizzle|[of] p1a: Pelipper\n|turn|8\n|\n|t:|1770275419\n|switch|p2a: Hydreigon|Hydreigon, L82, M|285/285\n|move|p1a: Pelipper|Scald|p2a: Hydreigon\n|-resisted|p2a: Hydreigon\n|-damage|p2a: Hydreigon|218/285\n|\n|-weather|RainDance|[upkeep]\n|upkeep\n|turn|9\n|\n|t:|1770275423\n|move|p2a: Hydreigon|Dark Pulse|p1a: Pelipper\n|-damage|p1a: Pelipper|75/246\n|move|p1a: Pelipper|Hurricane|p2a: Hydreigon\n|-damage|p2a: Hydreigon|88/285\n|\n|-weather|RainDance|[upkeep]\n|-heal|p1a: Pelipper|90/246|[from] item: Leftovers\n|upkeep\n|turn|10\n|\n|t:|1770275431\n|move|p2a: Hydreigon|Dark Pulse|p1a: Pelipper\n|-damage|p1a: Pelipper|0 fnt\n|faint|p1a: Pelipper\n|\n|-weather|RainDance|[upkeep]\n|upkeep\n|\n|t:|1770275436\n|switch|p1a: Alakazam|Alakazam, L78, F|214/214\n|-activate|p1a: Alakazam|move: Sticky Web\n|-unboost|p1a: Alakazam|spe|1\n|turn|11\n|\n|t:|1770275440\n|detailschange|p1a: Alakazam|Alakazam-Mega, L78, F\n|-mega|p1a: Alakazam|Alakazam|Alakazite\n|-ability|p1a: Alakazam|Levitate|Trace|[from] ability: Trace|[of] p2a: Hydreigon\n|move|p2a: Hydreigon|Dark Pulse|p1a: Alakazam\n|-supereffective|p1a: Alakazam\n|-damage|p1a: Alakazam|0 fnt\n|faint|p1a: Alakazam\n|detailschange|p1: Alakazam|Alakazam, L78, F|[silent]\n|\n|-weather|RainDance|[upkeep]\n|upkeep\n|-message|idk man whats up forfeited.\n|\n|win|may/gen3\n|raw|idk man whats up's rating: 1514 &rarr; <strong>1506</strong><br />(-8 for losing)\n|raw|may&#x2f;gen3's rating: 1764 &rarr; <strong>1772</strong><br />(+8 for winning)\n|l|☆idk man whats up\n|player|p1|\n|l|☆may/gen3\n|player|p2|\n|j|☆may/gen3\n|player|p2|may/gen3|may|\n", "inputlog": ">version ccdc32dd7cde25fd9e4bed64820e885f66e78a4e\n>start {\"formatid\":\"gen7randombattle\",\"seed\":\"sodium,56e0ca7f2650dd5a78fd5b2d729551a6\",\"rated\":\"Rated battle\"}\n>player p1 {\"name\":\"idk man whats up\",\"avatar\":\"1\",\"rating\":1514,\"seed\":\"sodium,9711d6863732778ae0a90565e020b3af\"}\n>player p2 {\"name\":\"may/gen3\",\"avatar\":\"may\",\"rating\":1764,\"seed\":\"sodium,07b32232eb4be4324cde602c797b0487\"}\n>p1 move doubleedge\n>p2 move sacredsword\n>p1 move doubleedge\n>p2 move scald\n>p1 switch 3\n>p2 switch 6\n>p1 move stoneedge\n>p2 move stickyweb\n>p2 switch 4\n>p1 move stoneedge\n>p2 move woodhammer mega\n>p2 switch 2\n>p1 move stoneedge\n>p2 move knockoff\n>p1 switch 6\n>p1 move scald\n>p2 move knockoff\n>p2 switch 3\n>p1 move futuresight\n>p2 move return\n>p1 switch 4\n>p1 move scald\n>p2 switch 5\n>p1 move hurricane\n>p2 move darkpulse\n>p1 move roost\n>p2 move darkpulse\n>p1 switch 5\n>p1 move focusblast mega\n>p2 move darkpulse\n>forcelose p1", "uploadtime": 1770275459, "views": 163, "formatid": "gen7randombattle", "rating": 1506, "private": 0, "password": null}