{"id": "gen7randombattle-2526289320", "format": "[Gen 7] Random Battle", "players": ["unaware clodsire", "dubin5"], "log": "|j|☆unaware clodsire\n|j|☆dubin5\n|t:|1769392426\n|gametype|singles\n|player|p1|unaware clodsire|acetrainerf-gen7|1657\n|player|p2|dubin5|boarder|1679\n|gen|7\n|tier|[Gen 7] Random Battle\n|rated|\n|rule|Sleep Clause Mod: Limit one foe put to sleep\n|rule|HP Percentage Mod: HP is shown in percentages\n|rule|Illusion Level Mod: Illusion disguises the Pokémon's true level\n|\n|t:|1769392426\n|teamsize|p1|6\n|teamsize|p2|6\n|start\n|switch|p1a: Escavalier|Escavalier, L85, M|258/258\n|switch|p2a: Dragalge|Dragalge, L87, F|255/255\n|turn|1\n|inactive|Battle timer is ON: inactive players will automatically lose when time's up. (requested by dubin5)\n|inactive|unaware clodsire also wants the timer to be on.\n|\n|t:|1769392450\n|move|p2a: Dragalge|Draco Meteor|p1a: Escavalier\n|-resisted|p1a: Escavalier\n|-damage|p1a: Escavalier|169/258\n|-unboost|p2a: Dragalge|spa|2\n|move|p1a: Escavalier|Drill Run|p2a: Dragalge\n|-supereffective|p2a: Dragalge\n|-damage|p2a: Dragalge|53/255\n|\n|-heal|p2a: Dragalge|68/255|[from] item: Black Sludge\n|upkeep\n|turn|2\n|inactive|dubin5 has 120 seconds left.\n|\n|t:|1769392485\n|switch|p2a: Shaymin|Shaymin, L84|305/305\n|switch|p1a: Wigglytuff|Wigglytuff, L95, F|420/420\n|\n|upkeep\n|turn|3\n|\n|t:|1769392494\n|move|p2a: Shaymin|Substitute|p2a: Shaymin\n|-start|p2a: Shaymin|Substitute\n|-damage|p2a: Shaymin|229/305\n|move|p1a: Wigglytuff|Stealth Rock|p2a: Shaymin\n|-sidestart|p2: dubin5|move: Stealth Rock\n|\n|-heal|p2a: Shaymin|248/305|[from] item: Leftovers\n|upkeep\n|turn|4\n|\n|t:|1769392509\n|switch|p1a: Drampa|Drampa, L91, F|290/290\n|move|p2a: Shaymin|Leech Seed|p1a: Drampa\n|-start|p1a: Drampa|move: Leech Seed\n|\n|-heal|p2a: Shaymin|267/305|[from] item: Leftovers\n|-damage|p1a: Drampa|254/290|[from] Leech Seed|[of] p2a: Shaymin\n|-heal|p2a: Shaymin|303/305|[silent]\n|upkeep\n|turn|5\n|\n|t:|1769392519\n|switch|p2a: Grumpig|Grumpig, L93, M|300/300\n|-damage|p2a: Grumpig|263/300|[from] Stealth Rock\n|move|p1a: Drampa|Hyper Voice|p2a: Grumpig\n|-damage|p2a: Grumpig|161/300\n|\n|-heal|p2a: Grumpig|179/300|[from] item: Leftovers\n|-heal|p1a: Drampa|272/290|[from] item: Leftovers\n|-damage|p1a: Drampa|236/290|[from] Leech Seed|[of] p2a: Grumpig\n|-heal|p2a: Grumpig|215/300|[silent]\n|upkeep\n|turn|6\n|\n|t:|1769392535\n|switch|p1a: Escavalier|Escavalier, L85, M|169/258\n|move|p2a: Grumpig|Focus Blast|p1a: Escavalier\n|-damage|p1a: Escavalier|89/258\n|\n|-heal|p2a: Grumpig|233/300|[from] item: Leftovers\n|upkeep\n|turn|7\n|\n|t:|1769392550\n|switch|p2a: Toxapex|Toxapex, L80, M|211/211\n|-damage|p2a: Toxapex|185/211|[from] Stealth Rock\n|move|p1a: Escavalier|Knock Off|p2a: Toxapex\n|-damage|p2a: Toxapex|83/211\n|-enditem|p2a: Toxapex|Black Sludge|[from] move: Knock Off|[of] p1a: Escavalier\n|\n|upkeep\n|turn|8\n|\n|t:|1769392572\n|switch|p1a: Shiftry|Shiftry, L90, F|308/308\n|move|p2a: Toxapex|Recover|p2a: Toxapex\n|-heal|p2a: Toxapex|189/211\n|\n|upkeep\n|turn|9\n|\n|t:|1769392586\n|move|p1a: Shiftry|Swords Dance|p1a: Shiftry\n|-boost|p1a: Shiftry|atk|2\n|move|p2a: Toxapex|Toxic|p1a: Shiftry\n|-status|p1a: Shiftry|tox\n|\n|-damage|p1a: Shiftry|289/308 tox|[from] psn\n|upkeep\n|turn|10\n|inactive|dubin5 has 120 seconds left.\n|\n|t:|1769392618\n|move|p2a: Toxapex|Baneful Bunker|p2a: Toxapex\n|-singleturn|p2a: Toxapex|move: Protect\n|move|p1a: Shiftry|Leaf Blade|p2a: Toxapex\n|-activate|p2a: Toxapex|move: Protect\n|\n|-damage|p1a: Shiftry|251/308 tox|[from] psn\n|upkeep\n|turn|11\n|\n|t:|1769392621\n|switch|p2a: Dragalge|Dragalge, L87, F|68/255\n|-damage|p2a: Dragalge|37/255|[from] Stealth Rock\n|move|p1a: Shiftry|Leaf Blade|p2a: Dragalge\n|-resisted|p2a: Dragalge\n|-damage|p2a: Dragalge|0 fnt\n|faint|p2a: Dragalge\n|-damage|p1a: Shiftry|221/308 tox|[from] item: Life Orb\n|\n|-damage|p1a: Shiftry|164/308 tox|[from] psn\n|upkeep\n|\n|t:|1769392630\n|switch|p2a: Shaymin|Shaymin, L84|303/305\n|-damage|p2a: Shaymin|265/305|[from] Stealth Rock\n|turn|12\n|\n|t:|1769392641\n|switch|p1a: Drampa|Drampa, L91, F|236/290\n|move|p2a: Shaymin|Air Slash|p1a: Drampa|[miss]\n|-miss|p2a: Shaymin|p1a: Drampa\n|\n|-heal|p2a: Shaymin|284/305|[from] item: Leftovers\n|-heal|p1a: Drampa|254/290|[from] item: Leftovers\n|upkeep\n|turn|13\n|j| Etjx\n|inactive|dubin5 has 120 seconds left.\n|\n|t:|1769392680\n|move|p2a: Shaymin|Leech Seed|p1a: Drampa\n|-start|p1a: Drampa|move: Leech Seed\n|move|p1a: Drampa|Fire Blast|p2a: Shaymin\n|-supereffective|p2a: Shaymin\n|-damage|p2a: Shaymin|76/305\n|\n|-heal|p2a: Shaymin|95/305|[from] item: Leftovers\n|-heal|p1a: Drampa|272/290|[from] item: Leftovers\n|-damage|p1a: Drampa|236/290|[from] Leech Seed|[of] p2a: Shaymin\n|-heal|p2a: Shaymin|131/305|[silent]\n|upkeep\n|turn|14\n|inactive|dubin5 has 120 seconds left.\n|\n|t:|1769392699\n|switch|p2a: Grumpig|Grumpig, L93, M|233/300\n|-damage|p2a: Grumpig|196/300|[from] Stealth Rock\n|move|p1a: Drampa|Hyper Voice|p2a: Grumpig\n|-damage|p2a: Grumpig|91/300\n|\n|-heal|p2a: Grumpig|109/300|[from] item: Leftovers\n|-heal|p1a: Drampa|254/290|[from] item: Leftovers\n|-damage|p1a: Drampa|218/290|[from] Leech Seed|[of] p2a: Grumpig\n|-heal|p2a: Grumpig|145/300|[silent]\n|upkeep\n|turn|15\n|\n|t:|1769392707\n|switch|p1a: Masquerain|Masquerain, L87, M|263/263\n|-ability|p1a: Masquerain|Intimidate|boost\n|-unboost|p2a: Grumpig|atk|1\n|move|p2a: Grumpig|Focus Blast|p1a: Masquerain|[miss]\n|-miss|p2a: Grumpig|p1a: Masquerain\n|\n|-heal|p2a: Grumpig|163/300|[from] item: Leftovers\n|upkeep\n|turn|16\n|inactive|dubin5 has 120 seconds left.\n|\n|t:|1769392715\n|move|p2a: Grumpig|Thunder Wave|p1a: Masquerain\n|-status|p1a: Masquerain|par\n|cant|p1a: Masquerain|par\n|\n|-heal|p2a: Grumpig|181/300|[from] item: Leftovers\n|upkeep\n|turn|17\n|inactive|dubin5 has 120 seconds left.\n|\n|t:|1769392732\n|switch|p2a: Kabutops|Kabutops, L87, M|246/246\n|-damage|p2a: Kabutops|216/246|[from] Stealth Rock\n|move|p1a: Masquerain|Sticky Web|p2a: Kabutops\n|-sidestart|p2: dubin5|move: Sticky Web\n|\n|upkeep\n|turn|18\n|inactive|dubin5 has 120 seconds left.\n|\n|t:|1769392755\n|switch|p1a: Shiftry|Shiftry, L90, F|164/308 tox\n|move|p2a: Kabutops|Stone Edge|p1a: Shiftry\n|-damage|p1a: Shiftry|0 fnt\n|faint|p1a: Shiftry\n|\n|upkeep\n|inactive|unaware clodsire has 120 seconds left.\n|\n|t:|1769392777\n|switch|p1a: Drampa|Drampa, L91, F|218/290\n|turn|19\n|inactive|dubin5 has 120 seconds left.\n|inactive|unaware clodsire has 120 seconds left.\n|\n|t:|1769392804\n|switch|p2a: Crabominable|Crabominable, L91, M|324/324\n|-damage|p2a: Crabominable|284/324|[from] Stealth Rock\n|-activate|p2a: Crabominable|move: Sticky Web\n|-unboost|p2a: Crabominable|spe|1\n|move|p1a: Drampa|Draco Meteor|p2a: Crabominable\n|-damage|p2a: Crabominable|140/324\n|-unboost|p1a: Drampa|spa|2\n|\n|-heal|p1a: Drampa|236/290|[from] item: Leftovers\n|upkeep\n|turn|20\n|inactive|unaware clodsire has 120 seconds left.\n|\n|t:|1769392825\n|switch|p1a: Relicanth|Relicanth, L88, M|319/319\n|move|p2a: Crabominable|Drain Punch|p1a: Relicanth\n|-supereffective|p1a: Relicanth\n|-damage|p1a: Relicanth|107/319\n|-heal|p2a: Crabominable|246/324|[from] drain|[of] p1a: Relicanth\n|-enditem|p1a: Relicanth|Weakness Policy\n|-boost|p1a: Relicanth|atk|2|[from] item: Weakness Policy\n|-boost|p1a: Relicanth|spa|2|[from] item: Weakness Policy\n|\n|upkeep\n|turn|21\n|c|☆unaware clodsire|BIG RELI\n|inactive|dubin5 has 120 seconds left.\n|\n|t:|1769392860\n|move|p1a: Relicanth|Head Smash|p2a: Crabominable\n|-damage|p2a: Crabominable|0 fnt\n|faint|p2a: Crabominable\n|\n|upkeep\n|inactive|dubin5 has 90 seconds left.\n|\n|t:|1769392909\n|switch|p2a: Shaymin|Shaymin, L84|131/305\n|-damage|p2a: Shaymin|93/305|[from] Stealth Rock\n|-activate|p2a: Shaymin|move: Sticky Web\n|-unboost|p2a: Shaymin|spe|1\n|turn|22\n|\n|t:|1769392917\n|move|p1a: Relicanth|Head Smash|p2a: Shaymin\n|-damage|p2a: Shaymin|0 fnt\n|faint|p2a: Shaymin\n|\n|upkeep\n|\n|t:|1769392931\n|switch|p2a: Toxapex|Toxapex, L80, M|211/211\n|-damage|p2a: Toxapex|185/211|[from] Stealth Rock\n|-activate|p2a: Toxapex|move: Sticky Web\n|-unboost|p2a: Toxapex|spe|1\n|turn|23\n|\n|t:|1769392936\n|move|p2a: Toxapex|Baneful Bunker|p2a: Toxapex\n|-singleturn|p2a: Toxapex|move: Protect\n|move|p1a: Relicanth|Earthquake|p2a: Toxapex\n|-activate|p2a: Toxapex|move: Protect\n|\n|upkeep\n|turn|24\n|\n|t:|1769392944\n|move|p1a: Relicanth|Earthquake|p2a: Toxapex\n|-supereffective|p2a: Toxapex\n|-damage|p2a: Toxapex|1/211\n|move|p2a: Toxapex|Scald|p1a: Relicanth\n|-damage|p1a: Relicanth|40/319\n|\n|upkeep\n|turn|25\n|\n|t:|1769392957\n|move|p1a: Relicanth|Earthquake|p2a: Toxapex\n|-supereffective|p2a: Toxapex\n|-damage|p2a: Toxapex|0 fnt\n|faint|p2a: Toxapex\n|\n|upkeep\n|\n|t:|1769392960\n|switch|p2a: Grumpig|Grumpig, L93, M|181/300\n|-damage|p2a: Grumpig|144/300|[from] Stealth Rock\n|-activate|p2a: Grumpig|move: Sticky Web\n|-unboost|p2a: Grumpig|spe|1\n|turn|26\n|\n|t:|1769392964\n|move|p1a: Relicanth|Waterfall|p2a: Grumpig\n|-damage|p2a: Grumpig|0 fnt\n|faint|p2a: Grumpig\n|\n|upkeep\n|\n|t:|1769392966\n|switch|p2a: Kabutops|Kabutops, L87, M|216/246\n|-damage|p2a: Kabutops|186/246|[from] Stealth Rock\n|-activate|p2a: Kabutops|move: Sticky Web\n|-unboost|p2a: Kabutops|spe|1\n|turn|27\n|\n|t:|1769392970\n|move|p1a: Relicanth|Earthquake|p2a: Kabutops\n|-supereffective|p2a: Kabutops\n|-damage|p2a: Kabutops|0 fnt\n|faint|p2a: Kabutops\n|\n|win|unaware clodsire\n|raw|unaware clodsire's rating: 1657 &rarr; <strong>1678</strong><br />(+21 for winning)\n|raw|dubin5's rating: 1679 &rarr; <strong>1658</strong><br />(-21 for losing)\n|l|☆dubin5\n|player|p2|\n|l| Etjx\n|l|☆unaware clodsire\n|player|p1|\n", "inputlog": ">version b99ff0165a6231f17e8b78c2a78d1998375de664\n>start {\"formatid\":\"gen7randombattle\",\"seed\":\"sodium,eae88bff9c8dd08f95dfe03ab05c6eb4\",\"rated\":\"Rated battle\"}\n>player p1 {\"name\":\"unaware clodsire\",\"avatar\":\"acetrainerf-gen7\",\"rating\":1657,\"seed\":\"sodium,a3f04f64538d18244f30f27277c5c2e7\"}\n>player p2 {\"name\":\"dubin5\",\"avatar\":\"boarder\",\"rating\":1679,\"seed\":\"sodium,a0053bde4c028744e809ba75b978bbd8\"}\n>p1 move drillrun\n>p2 move dracometeor\n>p1 switch 2\n>p2 switch 6\n>p1 move stealthrock\n>p2 move substitute\n>p1 switch 6\n>p2 move leechseed\n>p1 move hypervoice\n>p2 switch 4\n>p1 switch 2\n>p2 move focusblast\n>p1 move knockoff\n>p2 switch 2\n>p1 switch 4\n>p2 move recover\n>p1 move swordsdance\n>p2 move toxic\n>p1 move leafblade\n>p2 move banefulbunker\n>p1 move leafblade\n>p2 switch 6\n>p2 switch 4\n>p1 switch 2\n>p2 move airslash\n>p1 move fireblast\n>p2 move leechseed\n>p1 move hypervoice\n>p2 switch 2\n>p1 switch 3\n>p2 move focusblast\n>p1 move stickyweb\n>p2 move thunderwave\n>p1 move stickyweb\n>p2 switch 5\n>p1 switch 2\n>p2 move stoneedge\n>p1 switch 3\n>p1 move dracometeor\n>p2 switch 3\n>p1 switch 5\n>p2 move drainpunch\n>chat ☆unaware clodsire|BIG RELI\n>p1 move headsmash\n>p2 move drainpunch\n>p2 switch 2\n>p1 move headsmash\n>p2 move seedflare\n>p2 switch 6\n>p1 move earthquake\n>p2 move banefulbunker\n>p1 move earthquake\n>p2 move scald\n>p1 move earthquake\n>p2 move scald\n>p2 switch 5\n>p1 move waterfall\n>p2 move psychic\n>p2 switch 3\n>p1 move earthquake\n>p2 move swordsdance", "uploadtime": 1769392985, "views": 194, "formatid": "gen7randombattle", "rating": 1658, "private": 0, "password": null}