{"id": "gen7randombattle-2524347537", "format": "[Gen 7] Random Battle", "players": ["BROCKISAROCK", "Kurochan3"], "log": "|j|☆BROCKISAROCK\n|j|☆Kurochan3\n|t:|1769134482\n|gametype|singles\n|player|p1|BROCKISAROCK|brock|1648\n|player|p2|Kurochan3|cynthia-gen4|1625\n|gen|7\n|tier|[Gen 7] Random Battle\n|rated|\n|rule|Sleep Clause Mod: Limit one foe put to sleep\n|rule|HP Percentage Mod: HP is shown in percentages\n|rule|Illusion Level Mod: Illusion disguises the Pokémon's true level\n|\n|t:|1769134482\n|teamsize|p1|6\n|teamsize|p2|6\n|start\n|switch|p1a: Crabominable|Crabominable, L91, M|324/324\n|switch|p2a: Bastiodon|Bastiodon, L94, F|265/265\n|turn|1\n|inactive|Battle timer is ON: inactive players will automatically lose when time's up. (requested by Kurochan3)\n|\n|t:|1769134498\n|switch|p2a: Phione|Phione, L93|300/300\n|move|p1a: Crabominable|Earthquake|p2a: Phione\n|-damage|p2a: Phione|139/300\n|\n|-heal|p2a: Phione|157/300|[from] item: Leftovers\n|upkeep\n|turn|2\n|\n|t:|1769134506\n|move|p2a: Phione|Scald|p1a: Crabominable\n|-damage|p1a: Crabominable|224/324\n|move|p1a: Crabominable|Earthquake|p2a: Phione\n|-damage|p2a: Phione|16/300\n|\n|-heal|p2a: Phione|34/300|[from] item: Leftovers\n|upkeep\n|turn|3\n|\n|t:|1769134518\n|switch|p1a: Rotom|Rotom-Mow, L86|226/226\n|move|p2a: Phione|Scald|p1a: Rotom\n|-resisted|p1a: Rotom\n|-damage|p1a: Rotom|187/226\n|\n|-heal|p2a: Phione|52/300|[from] item: Leftovers\n|upkeep\n|turn|4\n|\n|t:|1769134523\n|switch|p2a: Plusle|Plusle, L95, F|268/268\n|move|p1a: Rotom|Volt Switch|p2a: Plusle\n|-ability|p2a: Plusle|Lightning Rod|boost\n|-boost|p2a: Plusle|spa|1\n|\n|upkeep\n|turn|5\n|\n|t:|1769134544\n|switch|p1a: Dedenne|Dedenne, L91, F|270/270\n|move|p2a: Plusle|Nasty Plot|p2a: Plusle\n|-boost|p2a: Plusle|spa|2\n|\n|upkeep\n|turn|6\n|\n|t:|1769134551\n|switch|p2a: Bastiodon|Bastiodon, L94, F|265/265\n|move|p1a: Dedenne|Toxic|p2a: Bastiodon\n|-immune|p2a: Bastiodon\n|\n|upkeep\n|turn|7\n|\n|t:|1769134556\n|switch|p1a: Gligar|Gligar, L82, M|241/241\n|move|p2a: Bastiodon|Stealth Rock|p1a: Gligar\n|-sidestart|p1: BROCKISAROCK|move: Stealth Rock\n|\n|upkeep\n|turn|8\n|\n|t:|1769134564\n|switch|p2a: Phione|Phione, L93|52/300\n|move|p1a: Gligar|Stealth Rock|p2a: Phione\n|-sidestart|p2: Kurochan3|move: Stealth Rock\n|\n|-heal|p2a: Phione|70/300|[from] item: Leftovers\n|upkeep\n|turn|9\n|\n|t:|1769134569\n|switch|p1a: Dedenne|Dedenne, L91, F|270/270\n|-damage|p1a: Dedenne|237/270|[from] Stealth Rock\n|move|p2a: Phione|Ice Beam|p1a: Dedenne\n|-damage|p1a: Dedenne|165/270\n|\n|-heal|p2a: Phione|88/300|[from] item: Leftovers\n|upkeep\n|turn|10\n|\n|t:|1769134577\n|switch|p2a: Bastiodon|Bastiodon, L94, F|265/265\n|-damage|p2a: Bastiodon|249/265|[from] Stealth Rock\n|move|p1a: Dedenne|Toxic|p2a: Bastiodon\n|-immune|p2a: Bastiodon\n|\n|-heal|p2a: Bastiodon|265/265|[from] item: Leftovers\n|upkeep\n|turn|11\n|\n|t:|1769134582\n|switch|p1a: Gligar|Gligar, L82, M|241/241\n|-damage|p1a: Gligar|211/241|[from] Stealth Rock\n|move|p2a: Bastiodon|Rock Blast|p1a: Gligar\n|-damage|p1a: Gligar|199/241\n|-damage|p1a: Gligar|186/241\n|-damage|p1a: Gligar|174/241\n|-damage|p1a: Gligar|162/241\n|-hitcount|p1a: Gligar|4\n|\n|upkeep\n|turn|12\n|\n|t:|1769134594\n|switch|p2a: Oranguru|Oranguru, L93, M|318/318\n|-damage|p2a: Oranguru|279/318|[from] Stealth Rock\n|move|p1a: Gligar|Earthquake|p2a: Oranguru\n|-damage|p2a: Oranguru|192/318\n|\n|upkeep\n|turn|13\n|\n|t:|1769134600\n|move|p1a: Gligar|Toxic|p2a: Oranguru\n|-status|p2a: Oranguru|tox\n|move|p2a: Oranguru|Nasty Plot|p2a: Oranguru\n|-boost|p2a: Oranguru|spa|2\n|\n|-damage|p2a: Oranguru|173/318 tox|[from] psn\n|upkeep\n|turn|14\n|\n|t:|1769134616\n|switch|p1a: Dedenne|Dedenne, L91, F|165/270\n|-damage|p1a: Dedenne|132/270|[from] Stealth Rock\n|-enditem|p1a: Dedenne|Sitrus Berry|[eat]\n|-heal|p1a: Dedenne|199/270|[from] item: Sitrus Berry\n|-heal|p1a: Dedenne|270/270|[from] ability: Cheek Pouch\n|move|p2a: Oranguru|Psyshock|p1a: Dedenne\n|-damage|p1a: Dedenne|0 fnt\n|faint|p1a: Dedenne\n|-damage|p2a: Oranguru|142/318 tox|[from] item: Life Orb\n|\n|-damage|p2a: Oranguru|104/318 tox|[from] psn\n|upkeep\n|\n|t:|1769134628\n|switch|p1a: Florges|Florges-Orange, L85, F|271/271\n|-damage|p1a: Florges|238/271|[from] Stealth Rock\n|turn|15\n|\n|t:|1769134631\n|move|p1a: Florges|Moonblast|p2a: Oranguru\n|-damage|p2a: Oranguru|22/318 tox\n|move|p2a: Oranguru|Psyshock|p1a: Florges\n|-damage|p1a: Florges|0 fnt\n|faint|p1a: Florges\n|-damage|p2a: Oranguru|0 fnt|[from] item: Life Orb\n|faint|p2a: Oranguru\n|\n|upkeep\n|\n|t:|1769134640\n|switch|p1a: Crabominable|Crabominable, L91, M|224/324\n|switch|p2a: Phione|Phione, L93|88/300\n|-damage|p2a: Phione|51/300|[from] Stealth Rock\n|-damage|p1a: Crabominable|184/324|[from] Stealth Rock\n|turn|16\n|\n|t:|1769134643\n|move|p2a: Phione|Scald|p1a: Crabominable\n|-damage|p1a: Crabominable|78/324\n|-status|p1a: Crabominable|brn\n|move|p1a: Crabominable|Earthquake|p2a: Phione\n|-damage|p2a: Phione|0 fnt\n|faint|p2a: Phione\n|\n|-damage|p1a: Crabominable|58/324 brn|[from] brn\n|upkeep\n|\n|t:|1769134649\n|switch|p2a: Ribombee|Ribombee, L84, F|238/238\n|-damage|p2a: Ribombee|179/238|[from] Stealth Rock\n|turn|17\n|\n|t:|1769134652\n|move|p2a: Ribombee|Quiver Dance|p2a: Ribombee\n|-boost|p2a: Ribombee|spa|1\n|-boost|p2a: Ribombee|spd|1\n|-boost|p2a: Ribombee|spe|1\n|move|p1a: Crabominable|Earthquake|p2a: Ribombee\n|-resisted|p2a: Ribombee\n|-damage|p2a: Ribombee|125/238\n|\n|-damage|p1a: Crabominable|38/324 brn|[from] brn\n|upkeep\n|turn|18\n|\n|t:|1769134656\n|move|p2a: Ribombee|Quiver Dance|p2a: Ribombee\n|-boost|p2a: Ribombee|spa|1\n|-boost|p2a: Ribombee|spd|1\n|-boost|p2a: Ribombee|spe|1\n|move|p1a: Crabominable|Earthquake|p2a: Ribombee\n|-resisted|p2a: Ribombee\n|-damage|p2a: Ribombee|77/238\n|\n|-damage|p1a: Crabominable|18/324 brn|[from] brn\n|upkeep\n|turn|19\n|\n|t:|1769134661\n|move|p2a: Ribombee|Moonblast|p1a: Crabominable\n|-supereffective|p1a: Crabominable\n|-damage|p1a: Crabominable|0 fnt\n|faint|p1a: Crabominable\n|-damage|p2a: Ribombee|54/238|[from] item: Life Orb\n|\n|upkeep\n|\n|t:|1769134664\n|switch|p1a: Carracosta|Carracosta, L88, F|274/274\n|-damage|p1a: Carracosta|240/274|[from] Stealth Rock\n|turn|20\n|\n|t:|1769134667\n|move|p1a: Carracosta|Aqua Jet|p2a: Ribombee\n|-damage|p2a: Ribombee|0 fnt\n|faint|p2a: Ribombee\n|\n|upkeep\n|\n|t:|1769134684\n|switch|p2a: Plusle|Plusle, L95, F|268/268\n|-damage|p2a: Plusle|235/268|[from] Stealth Rock\n|turn|21\n|\n|t:|1769134689\n|move|p2a: Plusle|Grass Knot|p1a: Carracosta\n|-supereffective|p1a: Carracosta\n|-damage|p1a: Carracosta|0 fnt\n|faint|p1a: Carracosta\n|-damage|p2a: Plusle|209/268|[from] item: Life Orb\n|\n|upkeep\n|\n|t:|1769134694\n|switch|p1a: Rotom|Rotom-Mow, L86|187/226\n|-damage|p1a: Rotom|159/226|[from] Stealth Rock\n|turn|22\n|\n|t:|1769134701\n|switch|p2a: Bastiodon|Bastiodon, L94, F|265/265\n|-damage|p2a: Bastiodon|249/265|[from] Stealth Rock\n|move|p1a: Rotom|Trick|p2a: Bastiodon\n|-activate|p1a: Rotom|move: Trick|[of] p2a: Bastiodon\n|-item|p2a: Bastiodon|Choice Scarf|[from] move: Trick\n|-item|p1a: Rotom|Leftovers|[from] move: Trick\n|\n|-heal|p1a: Rotom|173/226|[from] item: Leftovers\n|upkeep\n|turn|23\n|\n|t:|1769134719\n|move|p1a: Rotom|Leaf Storm|p2a: Bastiodon\n|-damage|p2a: Bastiodon|156/265\n|-unboost|p1a: Rotom|spa|2\n|move|p2a: Bastiodon|Toxic|p1a: Rotom\n|-status|p1a: Rotom|tox\n|\n|-heal|p1a: Rotom|187/226 tox|[from] item: Leftovers\n|-damage|p1a: Rotom|173/226 tox|[from] psn\n|upkeep\n|turn|24\n|\n|t:|1769134723\n|switch|p2a: Plusle|Plusle, L95, F|209/268\n|-damage|p2a: Plusle|176/268|[from] Stealth Rock\n|move|p1a: Rotom|Volt Switch|p2a: Plusle\n|-ability|p2a: Plusle|Lightning Rod|boost\n|-boost|p2a: Plusle|spa|1\n|\n|-heal|p1a: Rotom|187/226 tox|[from] item: Leftovers\n|-damage|p1a: Rotom|159/226 tox|[from] psn\n|upkeep\n|turn|25\n|\n|t:|1769134729\n|move|p2a: Plusle|Nasty Plot|p2a: Plusle\n|-boost|p2a: Plusle|spa|2\n|move|p1a: Rotom|Leaf Storm|p2a: Plusle\n|-damage|p2a: Plusle|98/268\n|-unboost|p1a: Rotom|spa|2\n|\n|-heal|p1a: Rotom|173/226 tox|[from] item: Leftovers\n|-damage|p1a: Rotom|131/226 tox|[from] psn\n|upkeep\n|turn|26\n|\n|t:|1769134732\n|move|p2a: Plusle|Hidden Power|p1a: Rotom\n|-supereffective|p1a: Rotom\n|-damage|p1a: Rotom|0 fnt\n|faint|p1a: Rotom\n|-damage|p2a: Plusle|72/268|[from] item: Life Orb\n|\n|upkeep\n|-message|BROCKISAROCK forfeited.\n|\n|win|Kurochan3\n|raw|BROCKISAROCK's rating: 1648 &rarr; <strong>1627</strong><br />(-21 for losing)\n|raw|Kurochan3's rating: 1625 &rarr; <strong>1646</strong><br />(+21 for winning)\n|l|☆BROCKISAROCK\n|player|p1|\n", "inputlog": ">version dd3d52b8382d73d1dd2c67730c4067df325ab790\n>start {\"formatid\":\"gen7randombattle\",\"seed\":\"sodium,8899bd034a33fbb3d1f55c8ec8df6057\",\"rated\":\"Rated battle\"}\n>player p1 {\"name\":\"BROCKISAROCK\",\"avatar\":\"brock\",\"rating\":1648,\"seed\":\"sodium,6ceee9d4fdeb88c9345aa914bf93801e\"}\n>player p2 {\"name\":\"Kurochan3\",\"avatar\":\"cynthia-gen4\",\"rating\":1625,\"seed\":\"sodium,88316914ccc7bb84b5c66bf735bc7418\"}\n>p1 move earthquake\n>p2 switch 6\n>p1 move earthquake\n>p2 move scald\n>p1 switch 5\n>p2 move scald\n>p1 move voltswitch\n>p2 switch 2\n>p1 switch 2\n>p2 move nastyplot\n>p1 move toxic\n>p2 switch 6\n>p1 switch 4\n>p2 move stealthrock\n>p1 move stealthrock\n>p2 switch 2\n>p1 switch 4\n>p2 move icebeam\n>p1 move toxic\n>p2 switch 2\n>p1 switch 4\n>p2 move rockblast\n>p1 move earthquake\n>p2 switch 3\n>p1 move toxic\n>p2 move nastyplot\n>p1 switch 4\n>p2 move psyshock\n>p1 switch 3\n>p1 move moonblast\n>p2 move psyshock\n>p1 switch 5\n>p2 switch 2\n>p1 move earthquake\n>p2 move scald\n>p2 switch 5\n>p1 move earthquake\n>p2 move quiverdance\n>p1 move earthquake\n>p2 move quiverdance\n>p1 move earthquake\n>p2 move moonblast\n>p1 switch 6\n>p1 move aquajet\n>p2 move hiddenpower\n>p2 switch 6\n>p1 move liquidation\n>p2 move grassknot\n>p1 switch 2\n>p1 move trick\n>p2 switch 3\n>p1 move leafstorm\n>p2 move toxic\n>p1 move voltswitch\n>p2 switch 3\n>p1 move leafstorm\n>p2 move nastyplot\n>p1 move leafstorm\n>p2 move hiddenpower\n>forcelose p1", "uploadtime": 1769134741, "views": 161, "formatid": "gen7randombattle", "rating": 1627, "private": 0, "password": null}