{"id": "gen7randombattle-2533050974", "format": "[Gen 7] Random Battle", "players": ["drizzle", "may/gen3"], "log": "|j|☆drizzle\n|j|☆may/gen3\n|t:|1770250865\n|gametype|singles\n|player|p1|drizzle|lucas|1840\n|player|p2|may/gen3|may|1740\n|gen|7\n|tier|[Gen 7] Random Battle\n|rated|\n|rule|Sleep Clause Mod: Limit one foe put to sleep\n|rule|HP Percentage Mod: HP is shown in percentages\n|rule|Illusion Level Mod: Illusion disguises the Pokémon's true level\n|\n|t:|1770250865\n|teamsize|p1|6\n|teamsize|p2|6\n|start\n|switch|p1a: Kangaskhan|Kangaskhan, L75, F|281/281\n|switch|p2a: Simipour|Simipour, L88, F|275/275\n|turn|1\n|inactive|Battle timer is ON: inactive players will automatically lose when time's up. (requested by drizzle)\n|\n|t:|1770250875\n|detailschange|p1a: Kangaskhan|Kangaskhan-Mega, L75, F\n|-mega|p1a: Kangaskhan|Kangaskhan|Kangaskhanite\n|move|p1a: Kangaskhan|Fake Out|p2a: Simipour\n|-damage|p2a: Simipour|220/275\n|-damage|p2a: Simipour|208/275\n|-hitcount|p2a: Simipour|2\n|cant|p2a: Simipour|flinch\n|\n|upkeep\n|turn|2\n|\n|t:|1770250882\n|switch|p2a: Wobbuffet|Wobbuffet, L94, M|510/510\n|switch|p1a: Jellicent|Jellicent, L88, M|319/319\n|\n|upkeep\n|turn|3\n|\n|t:|1770250886\n|move|p1a: Jellicent|Toxic|p2a: Wobbuffet|[miss]\n|-miss|p1a: Jellicent|p2a: Wobbuffet\n|move|p2a: Wobbuffet|Encore|p1a: Jellicent\n|-start|p1a: Jellicent|Encore\n|\n|upkeep\n|turn|4\n|\n|t:|1770250889\n|switch|p2a: Bastiodon|Bastiodon, L94, M|265/265\n|move|p1a: Jellicent|Toxic|p2a: Bastiodon\n|-immune|p2a: Bastiodon\n|\n|upkeep\n|turn|5\n|\n|t:|1770250898\n|switch|p1a: Azumarill|Azumarill, L81, F|294/294\n|move|p2a: Bastiodon|Toxic|p1a: Azumarill\n|-status|p1a: Azumarill|tox\n|\n|-damage|p1a: Azumarill|276/294 tox|[from] psn\n|upkeep\n|turn|6\n|\n|t:|1770250904\n|move|p1a: Azumarill|Liquidation|p2a: Bastiodon\n|-supereffective|p2a: Bastiodon\n|-damage|p2a: Bastiodon|155/265\n|-unboost|p2a: Bastiodon|def|1\n|move|p2a: Bastiodon|Stealth Rock|p1a: Azumarill\n|-sidestart|p1: drizzle|move: Stealth Rock\n|\n|-heal|p2a: Bastiodon|171/265|[from] item: Leftovers\n|-damage|p1a: Azumarill|240/294 tox|[from] psn\n|upkeep\n|turn|7\n|\n|t:|1770250912\n|switch|p2a: Wobbuffet|Wobbuffet, L94, M|510/510\n|move|p1a: Azumarill|Liquidation|p2a: Wobbuffet\n|-crit|p2a: Wobbuffet\n|-damage|p2a: Wobbuffet|320/510\n|-unboost|p2a: Wobbuffet|def|1\n|\n|-damage|p1a: Azumarill|186/294 tox|[from] psn\n|upkeep\n|turn|8\n|\n|t:|1770250918\n|move|p1a: Azumarill|Belly Drum|p1a: Azumarill\n|-damage|p1a: Azumarill|39/294 tox\n|-setboost|p1a: Azumarill|atk|6|[from] move: Belly Drum\n|-enditem|p1a: Azumarill|Sitrus Berry|[eat]\n|-heal|p1a: Azumarill|112/294 tox|[from] item: Sitrus Berry\n|move|p2a: Wobbuffet|Counter||[still]\n|-fail|p2a: Wobbuffet\n|\n|-damage|p1a: Azumarill|40/294 tox|[from] psn\n|upkeep\n|turn|9\n|\n|t:|1770250923\n|move|p1a: Azumarill|Liquidation|p2a: Wobbuffet\n|-damage|p2a: Wobbuffet|0 fnt\n|faint|p2a: Wobbuffet\n|\n|-damage|p1a: Azumarill|0 fnt|[from] psn\n|faint|p1a: Azumarill\n|upkeep\n|\n|t:|1770250929\n|switch|p1a: Kangaskhan|Kangaskhan-Mega, L75, F|281/281\n|switch|p2a: Manectric|Manectric, L78, F|237/237\n|-damage|p1a: Kangaskhan|246/281|[from] Stealth Rock\n|turn|10\n|\n|t:|1770250934\n|detailschange|p2a: Manectric|Manectric-Mega, L78, F\n|-mega|p2a: Manectric|Manectric|Manectite\n|-ability|p2a: Manectric|Intimidate|boost\n|-unboost|p1a: Kangaskhan|atk|1\n|move|p1a: Kangaskhan|Fake Out|p2a: Manectric\n|-damage|p2a: Manectric|204/237\n|-damage|p2a: Manectric|197/237\n|-hitcount|p2a: Manectric|2\n|cant|p2a: Manectric|flinch\n|\n|upkeep\n|turn|11\n|\n|t:|1770250944\n|switch|p1a: Oranguru|Oranguru, L93, F|318/318\n|-damage|p1a: Oranguru|279/318|[from] Stealth Rock\n|move|p2a: Manectric|Volt Switch|p1a: Oranguru\n|-damage|p1a: Oranguru|218/318\n|\n|t:|1770250950\n|switch|p2a: Gardevoir|Gardevoir, L83, F|249/249|[from] Volt Switch\n|-ability|p2a: Gardevoir|Inner Focus|Trace|[from] ability: Trace|[of] p1a: Oranguru\n|\n|upkeep\n|turn|12\n|\n|t:|1770250959\n|move|p2a: Gardevoir|Calm Mind|p2a: Gardevoir\n|-boost|p2a: Gardevoir|spa|1\n|-boost|p2a: Gardevoir|spd|1\n|move|p1a: Oranguru|Nature Power|p2a: Gardevoir\n|move|p1a: Oranguru|Tri Attack|p2a: Gardevoir|[from] move: Nature Power\n|-damage|p2a: Gardevoir|179/249\n|-damage|p1a: Oranguru|187/318|[from] item: Life Orb\n|\n|upkeep\n|turn|13\n|\n|t:|1770250972\n|switch|p1a: Aegislash|Aegislash, L77, F|219/219\n|-damage|p1a: Aegislash|206/219|[from] Stealth Rock\n|move|p2a: Gardevoir|Moonblast|p1a: Aegislash\n|-resisted|p1a: Aegislash\n|-damage|p1a: Aegislash|118/219\n|-unboost|p1a: Aegislash|spa|1\n|-damage|p2a: Gardevoir|155/249|[from] item: Life Orb\n|\n|-heal|p1a: Aegislash|131/219|[from] item: Leftovers\n|upkeep\n|turn|14\n|\n|t:|1770250983\n|switch|p2a: Bastiodon|Bastiodon, L94, M|171/265\n|-formechange|p1a: Aegislash|Aegislash-Blade||[from] ability: Stance Change\n|move|p1a: Aegislash|Shadow Ball|p2a: Bastiodon\n|-damage|p2a: Bastiodon|131/265\n|\n|-heal|p1a: Aegislash|144/219|[from] item: Leftovers\n|-heal|p2a: Bastiodon|147/265|[from] item: Leftovers\n|upkeep\n|turn|15\n|\n|t:|1770251001\n|move|p1a: Aegislash|Substitute|p1a: Aegislash\n|-start|p1a: Aegislash|Substitute\n|-damage|p1a: Aegislash|90/219\n|move|p2a: Bastiodon|Roar|p1a: Aegislash\n|drag|p1a: Jellicent|Jellicent, L88, M|319/319\n|-damage|p1a: Jellicent|280/319|[from] Stealth Rock\n|\n|-heal|p1a: Jellicent|299/319|[from] item: Leftovers\n|-heal|p2a: Bastiodon|163/265|[from] item: Leftovers\n|upkeep\n|turn|16\n|\n|t:|1770251024\n|move|p1a: Jellicent|Scald|p2a: Bastiodon\n|-supereffective|p2a: Bastiodon\n|-damage|p2a: Bastiodon|59/265\n|-status|p2a: Bastiodon|brn\n|move|p2a: Bastiodon|Toxic|p1a: Jellicent|[miss]\n|-miss|p2a: Bastiodon|p1a: Jellicent\n|\n|-heal|p1a: Jellicent|318/319|[from] item: Leftovers\n|-heal|p2a: Bastiodon|75/265 brn|[from] item: Leftovers\n|-damage|p2a: Bastiodon|59/265 brn|[from] brn\n|upkeep\n|turn|17\n|\n|t:|1770251028\n|move|p1a: Jellicent|Hex|p2a: Bastiodon\n|-damage|p2a: Bastiodon|0 fnt\n|faint|p2a: Bastiodon\n|\n|-heal|p1a: Jellicent|319/319|[from] item: Leftovers\n|upkeep\n|\n|t:|1770251034\n|switch|p2a: Simipour|Simipour, L88, F|208/275\n|turn|18\n|\n|t:|1770251060\n|move|p2a: Simipour|Nasty Plot|p2a: Simipour\n|-boost|p2a: Simipour|spa|2\n|move|p1a: Jellicent|Toxic|p2a: Simipour\n|-status|p2a: Simipour|tox\n|\n|-damage|p2a: Simipour|191/275 tox|[from] psn\n|upkeep\n|turn|19\n|\n|t:|1770251071\n|switch|p1a: Aegislash|Aegislash, L77, F|90/219\n|-damage|p1a: Aegislash|77/219|[from] Stealth Rock\n|move|p2a: Simipour|Grass Knot|p1a: Aegislash\n|-resisted|p1a: Aegislash\n|-damage|p1a: Aegislash|22/219\n|-damage|p2a: Simipour|164/275 tox|[from] item: Life Orb\n|\n|-heal|p1a: Aegislash|35/219|[from] item: Leftovers\n|-damage|p2a: Simipour|130/275 tox|[from] psn\n|upkeep\n|turn|20\n|\n|t:|1770251076\n|switch|p2a: Dodrio|Dodrio, L82, F|233/233\n|move|p1a: Aegislash|King's Shield||[still]\n|-fail|p1a: Aegislash\n|\n|-heal|p1a: Aegislash|48/219|[from] item: Leftovers\n|upkeep\n|turn|21\n|\n|t:|1770251088\n|move|p2a: Dodrio|Swords Dance|p2a: Dodrio\n|-boost|p2a: Dodrio|atk|2\n|move|p1a: Aegislash|Toxic|p2a: Dodrio\n|-status|p2a: Dodrio|tox\n|\n|-heal|p1a: Aegislash|61/219|[from] item: Leftovers\n|-damage|p2a: Dodrio|219/233 tox|[from] psn\n|upkeep\n|turn|22\n|\n|t:|1770251094\n|move|p1a: Aegislash|King's Shield|p1a: Aegislash\n|-singleturn|p1a: Aegislash|Protect\n|-zpower|p2a: Dodrio\n|move|p2a: Dodrio|Supersonic Skystrike|p1a: Aegislash|[zeffect]\n|-resisted|p1a: Aegislash\n|-zbroken|p1a: Aegislash\n|-damage|p1a: Aegislash|22/219\n|\n|-heal|p1a: Aegislash|35/219|[from] item: Leftovers\n|-damage|p2a: Dodrio|191/233 tox|[from] psn\n|upkeep\n|turn|23\n|\n|t:|1770251103\n|move|p1a: Aegislash|King's Shield||[still]\n|-fail|p1a: Aegislash\n|move|p2a: Dodrio|Knock Off|p1a: Aegislash\n|-supereffective|p1a: Aegislash\n|-damage|p1a: Aegislash|0 fnt\n|-enditem|p1a: Aegislash|Leftovers|[from] move: Knock Off|[of] p2a: Dodrio\n|faint|p1a: Aegislash\n|\n|-damage|p2a: Dodrio|149/233 tox|[from] psn\n|upkeep\n|\n|t:|1770251106\n|switch|p1a: Kangaskhan|Kangaskhan-Mega, L75, F|246/281\n|-damage|p1a: Kangaskhan|211/281|[from] Stealth Rock\n|turn|24\n|\n|t:|1770251110\n|switch|p2a: Manectric|Manectric-Mega, L78, F|197/237\n|-ability|p2a: Manectric|Intimidate|boost\n|-unboost|p1a: Kangaskhan|atk|1\n|move|p1a: Kangaskhan|Fake Out|p2a: Manectric\n|-damage|p2a: Manectric|163/237\n|-damage|p2a: Manectric|156/237\n|-hitcount|p2a: Manectric|2\n|\n|upkeep\n|turn|25\n|\n|t:|1770251120\n|switch|p1a: Sylveon|Sylveon, L85, F|300/300\n|-damage|p1a: Sylveon|263/300|[from] Stealth Rock\n|move|p2a: Manectric|Volt Switch|p1a: Sylveon\n|-damage|p1a: Sylveon|202/300\n|\n|t:|1770251123\n|switch|p2a: Gardevoir|Gardevoir, L83, F|155/249|[from] Volt Switch\n|-ability|p2a: Gardevoir|Pixilate|Trace|[from] ability: Trace|[of] p1a: Sylveon\n|\n|-heal|p1a: Sylveon|220/300|[from] item: Leftovers\n|upkeep\n|turn|26\n|\n|t:|1770251127\n|move|p2a: Gardevoir|Calm Mind|p2a: Gardevoir\n|-boost|p2a: Gardevoir|spa|1\n|-boost|p2a: Gardevoir|spd|1\n|move|p1a: Sylveon|Wish|p1a: Sylveon\n|\n|-heal|p1a: Sylveon|238/300|[from] item: Leftovers\n|upkeep\n|turn|27\n|\n|t:|1770251136\n|move|p2a: Gardevoir|Moonblast|p1a: Sylveon\n|-damage|p1a: Sylveon|70/300\n|-damage|p2a: Gardevoir|131/249|[from] item: Life Orb\n|move|p1a: Sylveon|Calm Mind|p1a: Sylveon\n|-boost|p1a: Sylveon|spa|1\n|-boost|p1a: Sylveon|spd|1\n|\n|-heal|p1a: Sylveon|220/300|[from] move: Wish|[wisher] Sylveon\n|-heal|p1a: Sylveon|238/300|[from] item: Leftovers\n|upkeep\n|turn|28\n|\n|t:|1770251141\n|move|p2a: Gardevoir|Psyshock|p1a: Sylveon\n|-damage|p1a: Sylveon|0 fnt\n|faint|p1a: Sylveon\n|-damage|p2a: Gardevoir|107/249|[from] item: Life Orb\n|\n|upkeep\n|\n|t:|1770251146\n|switch|p1a: Kangaskhan|Kangaskhan-Mega, L75, F|211/281\n|-damage|p1a: Kangaskhan|176/281|[from] Stealth Rock\n|turn|29\n|\n|t:|1770251150\n|move|p1a: Kangaskhan|Body Slam|p2a: Gardevoir\n|-damage|p2a: Gardevoir|0 fnt\n|faint|p2a: Gardevoir\n|-hitcount|p2: Gardevoir|1\n|\n|upkeep\n|\n|t:|1770251152\n|switch|p2a: Manectric|Manectric-Mega, L78, F|156/237\n|-ability|p2a: Manectric|Intimidate|boost\n|-unboost|p1a: Kangaskhan|atk|1\n|turn|30\n|\n|t:|1770251156\n|move|p2a: Manectric|Volt Switch|p1a: Kangaskhan\n|-damage|p1a: Kangaskhan|86/281\n|\n|t:|1770251158\n|switch|p2a: Simipour|Simipour, L88, F|130/275 tox|[from] Volt Switch\n|move|p1a: Kangaskhan|Seismic Toss|p2a: Simipour\n|-damage|p2a: Simipour|55/275 tox\n|-damage|p2a: Simipour|0 fnt\n|faint|p2a: Simipour\n|-hitcount|p2: Simipour|2\n|\n|upkeep\n|\n|t:|1770251160\n|switch|p2a: Manectric|Manectric-Mega, L78, F|156/237\n|-ability|p2a: Manectric|Intimidate|boost\n|-unboost|p1a: Kangaskhan|atk|1\n|turn|31\n|\n|t:|1770251169\n|switch|p1a: Oranguru|Oranguru, L93, F|187/318\n|-damage|p1a: Oranguru|148/318|[from] Stealth Rock\n|move|p2a: Manectric|Thunderbolt|p1a: Oranguru\n|-damage|p1a: Oranguru|60/318\n|-status|p1a: Oranguru|par\n|\n|upkeep\n|turn|32\n|\n|t:|1770251172\n|move|p2a: Manectric|Thunderbolt|p1a: Oranguru\n|-damage|p1a: Oranguru|0 fnt\n|faint|p1a: Oranguru\n|\n|upkeep\n|\n|t:|1770251177\n|switch|p1a: Kangaskhan|Kangaskhan-Mega, L75, F|86/281\n|-damage|p1a: Kangaskhan|51/281|[from] Stealth Rock\n|turn|33\n|\n|t:|1770251182\n|move|p1a: Kangaskhan|Fake Out|p2a: Manectric\n|-damage|p2a: Manectric|102/237\n|-damage|p2a: Manectric|90/237\n|-hitcount|p2a: Manectric|2\n|cant|p2a: Manectric|flinch\n|\n|upkeep\n|turn|34\n|\n|t:|1770251189\n|move|p1a: Kangaskhan|Sucker Punch|p2a: Manectric\n|-damage|p2a: Manectric|29/237\n|-damage|p2a: Manectric|14/237\n|-hitcount|p2a: Manectric|2\n|move|p2a: Manectric|Thunderbolt|p1a: Kangaskhan\n|-damage|p1a: Kangaskhan|0 fnt\n|faint|p1a: Kangaskhan\n|detailschange|p1: Kangaskhan|Kangaskhan, L75, F|[silent]\n|\n|upkeep\n|\n|t:|1770251191\n|switch|p1a: Jellicent|Jellicent, L88, M|319/319\n|-damage|p1a: Jellicent|280/319|[from] Stealth Rock\n|turn|35\n|\n|t:|1770251196\n|move|p2a: Manectric|Thunderbolt|p1a: Jellicent\n|-supereffective|p1a: Jellicent\n|-damage|p1a: Jellicent|110/319\n|move|p1a: Jellicent|Scald|p2a: Manectric\n|-damage|p2a: Manectric|0 fnt\n|faint|p2a: Manectric\n|detailschange|p2: Manectric|Manectric, L78, F|[silent]\n|\n|-heal|p1a: Jellicent|129/319|[from] item: Leftovers\n|upkeep\n|\n|t:|1770251198\n|switch|p2a: Dodrio|Dodrio, L82, F|149/233 tox\n|turn|36\n|\n|t:|1770251204\n|move|p2a: Dodrio|Knock Off|p1a: Jellicent\n|-supereffective|p1a: Jellicent\n|-damage|p1a: Jellicent|0 fnt\n|-enditem|p1a: Jellicent|Leftovers|[from] move: Knock Off|[of] p2a: Dodrio\n|faint|p1a: Jellicent\n|\n|win|may/gen3\n|raw|drizzle's rating: 1840 &rarr; <strong>1814</strong><br />(-26 for losing)\n|raw|may&#x2f;gen3's rating: 1740 &rarr; <strong>1766</strong><br />(+26 for winning)\n|l|☆drizzle\n|player|p1|\n", "inputlog": ">version ccdc32dd7cde25fd9e4bed64820e885f66e78a4e\n>start {\"formatid\":\"gen7randombattle\",\"seed\":\"sodium,d731cb96330c9bf141d5035334504923\",\"rated\":\"Rated battle\"}\n>player p1 {\"name\":\"drizzle\",\"avatar\":\"lucas\",\"rating\":1840,\"seed\":\"sodium,41dc66e5622112dce37d950495f996a2\"}\n>player p2 {\"name\":\"may/gen3\",\"avatar\":\"may\",\"rating\":1740,\"seed\":\"sodium,e11604393eef5a9c972826c7772f2945\"}\n>p1 move fakeout mega\n>p2 move hydropump\n>p1 switch 3\n>p2 switch 6\n>p1 move toxic\n>p2 move encore\n>p1 move toxic\n>p2 switch 4\n>p1 switch 5\n>p2 move toxic\n>p1 move liquidation\n>p2 move stealthrock\n>p1 move liquidation\n>p2 switch 4\n>p1 move bellydrum\n>p2 move counter\n>p1 move liquidation\n>p2 move counter\n>p1 switch 3\n>p2 switch 5\n>p1 move fakeout\n>p2 move voltswitch mega\n>p1 switch 6\n>p2 move voltswitch\n>p2 switch 3\n>p1 move naturepower\n>p2 move calmmind\n>p1 switch 2\n>p2 move moonblast\n>p1 move shadowball\n>p2 switch 4\n>p1 move substitute\n>p2 move roar\n>p1 move scald\n>p2 move toxic\n>p1 move hex\n>p2 move roar\n>p2 switch 6\n>p1 move toxic\n>p2 move nastyplot\n>p1 switch 5\n>p2 move grassknot\n>p1 move kingsshield\n>p2 switch 2\n>p1 move toxic\n>p2 move swordsdance\n>p1 move kingsshield\n>p2 move bravebird zmove\n>p1 move kingsshield\n>p2 move knockoff\n>p1 switch 6\n>p1 move fakeout\n>p2 switch 3\n>p1 switch 4\n>p2 move voltswitch\n>p2 switch 4\n>p1 move wish\n>p2 move calmmind\n>p1 move calmmind\n>p2 move moonblast\n>p1 move hypervoice\n>p2 move psyshock\n>p1 switch 4\n>p1 move bodyslam\n>p2 move moonblast\n>p2 switch 4\n>p1 move seismictoss\n>p2 move voltswitch\n>p2 switch 2\n>p2 switch 2\n>p1 switch 2\n>p2 move thunderbolt\n>p1 move naturepower\n>p2 move thunderbolt\n>p1 switch 2\n>p1 move fakeout\n>p2 move thunderbolt\n>p1 move suckerpunch\n>p2 move thunderbolt\n>p1 switch 5\n>p1 move scald\n>p2 move thunderbolt\n>p2 switch 3\n>p1 move recover\n>p2 move knockoff", "uploadtime": 1770251209, "views": 139, "formatid": "gen7randombattle", "rating": 1766, "private": 0, "password": null}