{"id": "gen7randombattle-2531635631", "format": "[Gen 7] Random Battle", "players": ["imsobaked", "verdu7"], "log": "|j|☆imsobaked\n|j|☆verdu7\n|t:|1770077795\n|gametype|singles\n|player|p1|imsobaked|hiker-gen4|1588\n|player|p2|verdu7|266|1548\n|gen|7\n|tier|[Gen 7] Random Battle\n|rated|\n|rule|Sleep Clause Mod: Limit one foe put to sleep\n|rule|HP Percentage Mod: HP is shown in percentages\n|rule|Illusion Level Mod: Illusion disguises the Pokémon's true level\n|\n|t:|1770077795\n|teamsize|p1|6\n|teamsize|p2|6\n|start\n|switch|p1a: Turtonator|Turtonator, L88, M|249/249\n|switch|p2a: Klinklang|Klinklang, L87|246/246\n|turn|1\n|inactive|Battle timer is ON: inactive players will automatically lose when time's up. (requested by verdu7)\n|\n|t:|1770077819\n|-zpower|p2a: Klinklang\n|move|p2a: Klinklang|Breakneck Blitz|p1a: Turtonator|[zeffect]\n|-damage|p1a: Turtonator|159/249\n|move|p1a: Turtonator|Fire Blast|p2a: Klinklang\n|-supereffective|p2a: Klinklang\n|-damage|p2a: Klinklang|16/246\n|\n|upkeep\n|turn|2\n|\n|t:|1770077833\n|move|p2a: Klinklang|Return|p1a: Turtonator\n|-damage|p1a: Turtonator|105/249\n|move|p1a: Turtonator|Shell Smash|p1a: Turtonator\n|-unboost|p1a: Turtonator|def|1\n|-unboost|p1a: Turtonator|spd|1\n|-boost|p1a: Turtonator|atk|2\n|-boost|p1a: Turtonator|spa|2\n|-boost|p1a: Turtonator|spe|2\n|-enditem|p1a: Turtonator|White Herb\n|-clearnegativeboost|p1a: Turtonator|[silent]\n|\n|upkeep\n|turn|3\n|\n|t:|1770077843\n|move|p1a: Turtonator|Earthquake|p2a: Klinklang\n|-supereffective|p2a: Klinklang\n|-damage|p2a: Klinklang|0 fnt\n|faint|p2a: Klinklang\n|\n|upkeep\n|\n|t:|1770077849\n|switch|p2a: Blastoise|Blastoise, L82, M|264/264\n|turn|4\n|\n|t:|1770077853\n|detailschange|p2a: Blastoise|Blastoise-Mega, L82, M\n|-mega|p2a: Blastoise|Blastoise|Blastoisinite\n|move|p1a: Turtonator|Dragon Pulse|p2a: Blastoise\n|-damage|p2a: Blastoise|104/264\n|move|p2a: Blastoise|Scald|p1a: Turtonator\n|-damage|p1a: Turtonator|2/249\n|\n|upkeep\n|turn|5\n|\n|t:|1770077866\n|move|p1a: Turtonator|Dragon Pulse|p2a: Blastoise\n|-damage|p2a: Blastoise|0 fnt\n|faint|p2a: Blastoise\n|detailschange|p2: Blastoise|Blastoise, L82, M|[silent]\n|\n|upkeep\n|\n|t:|1770077873\n|switch|p2a: Linoone|Linoone, L81, F|258/258\n|turn|6\n|\n|t:|1770077877\n|move|p2a: Linoone|Extreme Speed|p1a: Turtonator\n|-damage|p1a: Turtonator|0 fnt\n|faint|p1a: Turtonator\n|\n|upkeep\n|\n|t:|1770077885\n|switch|p1a: Basculin|Basculin-Blue-Striped, L86, M|261/261\n|turn|7\n|\n|t:|1770077900\n|switch|p2a: Dustox|Dustox, L96, M|271/271\n|move|p1a: Basculin|Liquidation|p2a: Dustox\n|-damage|p2a: Dustox|95/271\n|\n|-heal|p2a: Dustox|111/271|[from] item: Black Sludge\n|upkeep\n|turn|8\n|\n|t:|1770077911\n|move|p1a: Basculin|Liquidation|p2a: Dustox\n|-damage|p2a: Dustox|0 fnt\n|faint|p2a: Dustox\n|\n|upkeep\n|\n|t:|1770077917\n|switch|p2a: Scrafty|Scrafty, L84, F|246/246\n|turn|9\n|\n|t:|1770077924\n|switch|p1a: Florges|Florges, L85, F|271/271\n|move|p2a: Scrafty|Knock Off|p1a: Florges\n|-resisted|p1a: Florges\n|-crit|p1a: Florges\n|-damage|p1a: Florges|186/271\n|-enditem|p1a: Florges|Leftovers|[from] move: Knock Off|[of] p2a: Scrafty\n|\n|upkeep\n|turn|10\n|\n|t:|1770077932\n|switch|p2a: Xurkitree|Xurkitree, L80|264/264\n|move|p1a: Florges|Moonblast|p2a: Xurkitree\n|-damage|p2a: Xurkitree|123/264\n|\n|upkeep\n|turn|11\n|\n|t:|1770077938\n|move|p1a: Florges|Protect|p1a: Florges\n|-singleturn|p1a: Florges|Protect\n|move|p2a: Xurkitree|Thunderbolt|p1a: Florges\n|-activate|p1a: Florges|move: Protect\n|\n|upkeep\n|turn|12\n|\n|t:|1770077947\n|switch|p1a: Abomasnow|Abomasnow, L83, M|285/285\n|-weather|Hail|[from] ability: Snow Warning|[of] p1a: Abomasnow\n|move|p2a: Xurkitree|Thunderbolt|p1a: Abomasnow\n|-resisted|p1a: Abomasnow\n|-damage|p1a: Abomasnow|191/285\n|-damage|p2a: Xurkitree|97/264|[from] item: Life Orb\n|\n|-weather|Hail|[upkeep]\n|-damage|p2a: Xurkitree|81/264|[from] Hail\n|upkeep\n|turn|13\n|\n|t:|1770077959\n|detailschange|p1a: Abomasnow|Abomasnow-Mega, L83, M\n|-mega|p1a: Abomasnow|Abomasnow|Abomasite\n|move|p2a: Xurkitree|Dazzling Gleam|p1a: Abomasnow\n|-damage|p1a: Abomasnow|87/285\n|-damage|p2a: Xurkitree|55/264|[from] item: Life Orb\n|move|p1a: Abomasnow|Blizzard|p2a: Xurkitree\n|-damage|p2a: Xurkitree|0 fnt\n|faint|p2a: Xurkitree\n|\n|-weather|Hail|[upkeep]\n|upkeep\n|\n|t:|1770077968\n|switch|p2a: Scrafty|Scrafty, L84, F|246/246\n|turn|14\n|\n|t:|1770077975\n|move|p2a: Scrafty|Bulk Up|p2a: Scrafty\n|-boost|p2a: Scrafty|atk|1\n|-boost|p2a: Scrafty|def|1\n|move|p1a: Abomasnow|Blizzard|p2a: Scrafty\n|-damage|p2a: Scrafty|131/246\n|\n|-weather|Hail|[upkeep]\n|-damage|p2a: Scrafty|116/246|[from] Hail\n|-heal|p2a: Scrafty|131/246|[from] item: Leftovers\n|upkeep\n|turn|15\n|\n|t:|1770077985\n|move|p1a: Abomasnow|Ice Shard|p2a: Scrafty\n|-damage|p2a: Scrafty|104/246\n|move|p2a: Scrafty|Drain Punch|p1a: Abomasnow\n|-supereffective|p1a: Abomasnow\n|-damage|p1a: Abomasnow|0 fnt\n|-heal|p2a: Scrafty|148/246|[from] drain|[of] p1a: Abomasnow\n|faint|p1a: Abomasnow\n|detailschange|p1: Abomasnow|Abomasnow, L83, M|[silent]\n|\n|-weather|Hail|[upkeep]\n|-damage|p2a: Scrafty|133/246|[from] Hail\n|-heal|p2a: Scrafty|148/246|[from] item: Leftovers\n|upkeep\n|\n|t:|1770077991\n|switch|p1a: Florges|Florges, L85, F|186/271\n|turn|16\n|\n|t:|1770078002\n|move|p1a: Florges|Wish|p1a: Florges\n|move|p2a: Scrafty|Drain Punch|p1a: Florges\n|-resisted|p1a: Florges\n|-damage|p1a: Florges|114/271\n|-heal|p2a: Scrafty|184/246|[from] drain|[of] p1a: Florges\n|\n|-weather|none\n|-heal|p2a: Scrafty|199/246|[from] item: Leftovers\n|upkeep\n|turn|17\n|\n|t:|1770078012\n|move|p1a: Florges|Moonblast|p2a: Scrafty\n|-supereffective|p2a: Scrafty\n|-damage|p2a: Scrafty|0 fnt\n|faint|p2a: Scrafty\n|\n|-heal|p1a: Florges|249/271|[from] move: Wish|[wisher] Florges\n|upkeep\n|\n|t:|1770078018\n|switch|p2a: Linoone|Linoone, L81, F|258/258\n|turn|18\n|\n|t:|1770078021\n|move|p2a: Linoone|Belly Drum|p2a: Linoone\n|-damage|p2a: Linoone|129/258\n|-setboost|p2a: Linoone|atk|6|[from] move: Belly Drum\n|-enditem|p2a: Linoone|Mago Berry|[eat]\n|-heal|p2a: Linoone|258/258|[from] item: Mago Berry\n|move|p1a: Florges|Toxic|p2a: Linoone\n|-status|p2a: Linoone|tox\n|\n|-damage|p2a: Linoone|242/258 tox|[from] psn\n|upkeep\n|turn|19\n|\n|t:|1770078032\n|move|p1a: Florges|Protect|p1a: Florges\n|-singleturn|p1a: Florges|Protect\n|move|p2a: Linoone|Extreme Speed|p1a: Florges\n|-activate|p1a: Florges|move: Protect\n|\n|-damage|p2a: Linoone|210/258 tox|[from] psn\n|upkeep\n|turn|20\n|\n|t:|1770078041\n|switch|p1a: Lunatone|Lunatone, L93|318/318\n|move|p2a: Linoone|Extreme Speed|p1a: Lunatone\n|-resisted|p1a: Lunatone\n|-damage|p1a: Lunatone|183/318\n|\n|-heal|p1a: Lunatone|202/318|[from] item: Leftovers\n|-damage|p2a: Linoone|162/258 tox|[from] psn\n|upkeep\n|turn|21\n|\n|t:|1770078052\n|move|p2a: Linoone|Throat Chop|p1a: Lunatone\n|-supereffective|p1a: Lunatone\n|-damage|p1a: Lunatone|0 fnt\n|faint|p1a: Lunatone\n|\n|-damage|p2a: Linoone|98/258 tox|[from] psn\n|upkeep\n|\n|t:|1770078054\n|switch|p1a: Florges|Florges, L85, F|249/271\n|turn|22\n|\n|t:|1770078059\n|move|p1a: Florges|Protect|p1a: Florges\n|-singleturn|p1a: Florges|Protect\n|move|p2a: Linoone|Extreme Speed|p1a: Florges\n|-activate|p1a: Florges|move: Protect\n|\n|-damage|p2a: Linoone|18/258 tox|[from] psn\n|upkeep\n|turn|23\n|\n|t:|1770078066\n|move|p2a: Linoone|Extreme Speed|p1a: Florges\n|-damage|p1a: Florges|0 fnt\n|faint|p1a: Florges\n|\n|-damage|p2a: Linoone|0 fnt|[from] psn\n|faint|p2a: Linoone\n|\n|win|imsobaked\n|raw|imsobaked's rating: 1588 &rarr; <strong>1606</strong><br />(+18 for winning)\n|raw|verdu7's rating: 1548 &rarr; <strong>1530</strong><br />(-18 for losing)\n|l|☆verdu7\n|player|p2|\n", "inputlog": ">version ccdc32dd7cde25fd9e4bed64820e885f66e78a4e\n>start {\"formatid\":\"gen7randombattle\",\"seed\":\"sodium,2c2a8f970b3e59164920c631fc53c584\",\"rated\":\"Rated battle\"}\n>player p1 {\"name\":\"imsobaked\",\"avatar\":\"hiker-gen4\",\"rating\":1588,\"seed\":\"sodium,e0a809eaff08b3255d1ccaf8d93e6d39\"}\n>player p2 {\"name\":\"verdu7\",\"avatar\":\"266\",\"rating\":1548,\"seed\":\"sodium,81e3acb5a61ec285ccef58e5f4586daf\"}\n>p1 move fireblast\n>p2 move return zmove\n>p1 move shellsmash\n>p2 move return\n>p1 move earthquake\n>p2 move return\n>p2 switch 2\n>p1 move dragonpulse\n>p2 move scald mega\n>p1 move dragonpulse\n>p2 move scald\n>p2 switch 4\n>p1 move dragonpulse\n>p2 move extremespeed\n>p1 switch 4\n>p1 move liquidation\n>p2 switch 6\n>p1 move liquidation\n>p2 move bugbuzz\n>p2 switch 3\n>p1 switch 3\n>p2 move knockoff\n>p1 move moonblast\n>p2 switch 5\n>p1 move protect\n>p2 move thunderbolt\n>p1 switch 5\n>p2 move thunderbolt\n>p1 move blizzard mega\n>p2 move dazzlinggleam\n>p2 switch 5\n>p1 move blizzard\n>p2 move bulkup\n>p1 move iceshard\n>p2 move drainpunch\n>p1 switch 5\n>p1 move wish\n>p2 move drainpunch\n>p1 move moonblast\n>p2 move drainpunch\n>p2 switch 6\n>p1 move toxic\n>p2 move bellydrum\n>p1 move protect\n>p2 move extremespeed\n>p1 switch 2\n>p2 move extremespeed\n>p1 move moonlight\n>p2 move throatchop\n>p1 switch 2\n>p1 move protect\n>p2 move extremespeed\n>p1 move moonblast\n>p2 move extremespeed", "uploadtime": 1770078077, "views": 163, "formatid": "gen7randombattle", "rating": 1530, "private": 0, "password": null}