{"id": "gen7randombattle-2523189202", "format": "[Gen 7] Random Battle", "players": ["GuyTG24", "agustin24"], "log": "|j|☆GuyTG24\n|j|☆agustin24\n|t:|1769001068\n|gametype|singles\n|player|p1|GuyTG24|170|1664\n|player|p2|agustin24|shadowtriad|1759\n|gen|7\n|tier|[Gen 7] Random Battle\n|rated|\n|rule|Sleep Clause Mod: Limit one foe put to sleep\n|rule|HP Percentage Mod: HP is shown in percentages\n|rule|Illusion Level Mod: Illusion disguises the Pokémon's true level\n|\n|t:|1769001068\n|teamsize|p1|6\n|teamsize|p2|6\n|start\n|switch|p1a: Slaking|Slaking, L84, F|389/389\n|switch|p2a: Typhlosion|Typhlosion, L85, F|271/271\n|turn|1\n|inactive|Battle timer is ON: inactive players will automatically lose when time's up. (requested by agustin24)\n|\n|t:|1769001080\n|move|p2a: Typhlosion|Eruption|p1a: Slaking\n|-damage|p1a: Slaking|176/389\n|move|p1a: Slaking|Earthquake|p2a: Typhlosion\n|-supereffective|p2a: Typhlosion\n|-damage|p2a: Typhlosion|0 fnt\n|faint|p2a: Typhlosion\n|\n|upkeep\n|\n|t:|1769001092\n|switch|p2a: Breloom|Breloom, L84, F|238/238\n|turn|2\n|\n|t:|1769001096\n|switch|p1a: Venusaur|Venusaur, L84, F|272/272\n|move|p2a: Breloom|Spore|p1a: Venusaur\n|-immune|p1a: Venusaur\n|\n|upkeep\n|turn|3\n|\n|t:|1769001103\n|switch|p2a: Volcanion|Volcanion, L81|262/262\n|move|p1a: Venusaur|Substitute|p1a: Venusaur\n|-start|p1a: Venusaur|Substitute\n|-damage|p1a: Venusaur|204/272\n|\n|-heal|p1a: Venusaur|221/272|[from] item: Black Sludge\n|upkeep\n|turn|4\n|\n|t:|1769001110\n|move|p1a: Venusaur|Sleep Powder|p2a: Volcanion\n|-status|p2a: Volcanion|slp|[from] move: Sleep Powder\n|cant|p2a: Volcanion|slp\n|\n|-heal|p1a: Venusaur|238/272|[from] item: Black Sludge\n|upkeep\n|turn|5\n|\n|t:|1769001117\n|move|p1a: Venusaur|Leech Seed|p2a: Volcanion\n|-start|p2a: Volcanion|move: Leech Seed\n|-curestatus|p2a: Volcanion|slp|[msg]\n|move|p2a: Volcanion|Fire Blast|p1a: Venusaur\n|-supereffective|p1a: Venusaur\n|-end|p1a: Venusaur|Substitute\n|\n|-heal|p1a: Venusaur|255/272|[from] item: Black Sludge\n|-damage|p2a: Volcanion|230/262|[from] Leech Seed|[of] p1a: Venusaur\n|-heal|p1a: Venusaur|272/272|[silent]\n|upkeep\n|turn|6\n|\n|t:|1769001128\n|switch|p2a: Starmie|Starmie, L84|238/238\n|move|p1a: Venusaur|Substitute|p1a: Venusaur\n|-start|p1a: Venusaur|Substitute\n|-damage|p1a: Venusaur|204/272\n|\n|-heal|p1a: Venusaur|221/272|[from] item: Black Sludge\n|upkeep\n|turn|7\n|\n|t:|1769001137\n|move|p2a: Starmie|Psyshock|p1a: Venusaur\n|-supereffective|p1a: Venusaur\n|-end|p1a: Venusaur|Substitute\n|move|p1a: Venusaur|Sludge Bomb|p2a: Starmie\n|-damage|p2a: Starmie|142/238\n|-status|p2a: Starmie|psn\n|\n|-heal|p2a: Starmie|156/238 psn|[from] item: Leftovers\n|-heal|p1a: Venusaur|238/272|[from] item: Black Sludge\n|-damage|p2a: Starmie|127/238 psn|[from] psn\n|upkeep\n|turn|8\n|\n|t:|1769001149\n|switch|p1a: Slaking|Slaking, L84, F|176/389\n|move|p2a: Starmie|Recover|p2a: Starmie\n|-heal|p2a: Starmie|238/238 psn\n|\n|-damage|p2a: Starmie|209/238 psn|[from] psn\n|upkeep\n|turn|9\n|\n|t:|1769001154\n|-activate|p2a: Starmie|move: Pursuit\n|move|p1a: Slaking|Pursuit|p2a: Starmie|[from] Pursuit\n|-supereffective|p2a: Starmie\n|-damage|p2a: Starmie|0 fnt\n|faint|p2a: Starmie\n|-hint|A Pokemon can't switch between when it runs out of HP and when it faints\n|\n|upkeep\n|\n|t:|1769001160\n|switch|p2a: Farfetch’d|Farfetch’d, F|266/266\n|turn|10\n|\n|t:|1769001164\n|switch|p1a: Minun|Minun, L95, M|268/268\n|move|p2a: Farfetch’d|Swords Dance|p2a: Farfetch’d\n|-boost|p2a: Farfetch’d|atk|2\n|\n|upkeep\n|turn|11\n|\n|t:|1769001170\n|switch|p2a: Gourgeist|Gourgeist-Super, L89, M|296/296\n|-item|p1a: Minun|Life Orb|[from] ability: Frisk|[of] p2a: Gourgeist\n|move|p1a: Minun|Thunderbolt|p2a: Gourgeist\n|-resisted|p2a: Gourgeist\n|-damage|p2a: Gourgeist|227/296\n|-damage|p1a: Minun|242/268|[from] item: Life Orb\n|\n|-heal|p2a: Gourgeist|245/296|[from] item: Leftovers\n|upkeep\n|turn|12\n|\n|t:|1769001178\n|switch|p1a: Slaking|Slaking, L84, F|176/389\n|switch|p2a: Farfetch’d|Farfetch’d, F|266/266\n|\n|upkeep\n|turn|13\n|\n|t:|1769001184\n|move|p1a: Slaking|Double-Edge|p2a: Farfetch’d\n|-damage|p2a: Farfetch’d|0 fnt\n|faint|p2a: Farfetch’d\n|-damage|p1a: Slaking|88/389|[from] Recoil\n|\n|upkeep\n|\n|t:|1769001188\n|switch|p2a: Breloom|Breloom, L84, F|238/238\n|turn|14\n|\n|t:|1769001193\n|switch|p1a: Venusaur|Venusaur, L84, F|238/272\n|move|p2a: Breloom|Swords Dance|p2a: Breloom\n|-boost|p2a: Breloom|atk|2\n|\n|-heal|p1a: Venusaur|255/272|[from] item: Black Sludge\n|upkeep\n|turn|15\n|-message|agustin24 forfeited.\n|\n|win|GuyTG24\n|raw|GuyTG24's rating: 1664 &rarr; <strong>1689</strong><br />(+25 for winning)\n|raw|agustin24's rating: 1759 &rarr; <strong>1734</strong><br />(-25 for losing)\n|l|☆agustin24\n|player|p2|\n", "inputlog": ">version 3bd1a1e329da8d286644078cfc9a9638fc7ea025\n>start {\"formatid\":\"gen7randombattle\",\"seed\":\"sodium,f74ab2179ed65da3719241d093b1425f\",\"rated\":\"Rated battle\"}\n>player p1 {\"name\":\"GuyTG24\",\"avatar\":\"170\",\"rating\":1664,\"seed\":\"sodium,491fc946458e7a1cc41d310cc8325404\"}\n>player p2 {\"name\":\"agustin24\",\"avatar\":\"shadowtriad\",\"rating\":1759,\"seed\":\"sodium,a0a85e4c19bccf480acef94148a9a032\"}\n>p1 move earthquake\n>p2 move eruption\n>p2 switch 2\n>p1 switch 3\n>p2 move spore\n>p1 move substitute\n>p2 switch 5\n>p1 move sleeppowder\n>p2 move fireblast\n>p1 move leechseed\n>p2 move fireblast\n>p1 move substitute\n>p2 switch 6\n>p1 move sludgebomb\n>p2 move psyshock\n>p1 switch 3\n>p2 move recover\n>p1 move pursuit\n>p2 switch 4\n>p2 switch 3\n>p1 switch 4\n>p2 move swordsdance\n>p1 move thunderbolt\n>p2 switch 4\n>p1 switch 4\n>p2 switch 4\n>p1 move doubleedge\n>p2 move bravebird\n>p2 switch 5\n>p1 switch 3\n>p2 move swordsdance\n>forcelose p2", "uploadtime": 1769001205, "views": 180, "formatid": "gen7randombattle", "rating": 1689, "private": 0, "password": null}