{"id": "gen7randombattle-2530310889", "format": "[Gen 7] Random Battle", "players": ["yeet no u", "may/gen3"], "log": "|j|☆yeet no u\n|j|☆may/gen3\n|t:|1769900599\n|gametype|singles\n|player|p1|yeet no u|anabel-gen7|1648\n|player|p2|may/gen3|may|1788\n|gen|7\n|tier|[Gen 7] Random Battle\n|rated|\n|rule|Sleep Clause Mod: Limit one foe put to sleep\n|rule|HP Percentage Mod: HP is shown in percentages\n|rule|Illusion Level Mod: Illusion disguises the Pokémon's true level\n|\n|t:|1769900599\n|teamsize|p1|6\n|teamsize|p2|6\n|start\n|switch|p1a: Swanna|Swanna, L88, F|275/275\n|switch|p2a: Gorebyss|Gorebyss, L85, M|231/231\n|turn|1\n|inactive|Battle timer is ON: inactive players will automatically lose when time's up. (requested by may/gen3)\n|c|☆may/gen3|Hi\n|c|☆yeet no u|howdy\n|inactive|yeet no u has 120 seconds left.\n|\n|t:|1769900643\n|switch|p2a: Hypno|Hypno, L97, F|322/322\n|move|p1a: Swanna|Toxic|p2a: Hypno\n|-status|p2a: Hypno|tox\n|\n|-damage|p2a: Hypno|302/322 tox|[from] psn\n|upkeep\n|turn|2\n|\n|t:|1769900667\n|switch|p1a: Simisage|Simisage, L89, M|278/278\n|move|p2a: Hypno|Toxic|p1a: Simisage\n|-status|p1a: Simisage|tox\n|\n|-heal|p2a: Hypno|322/322 tox|[from] item: Leftovers\n|-damage|p1a: Simisage|261/278 tox|[from] psn\n|-damage|p2a: Hypno|282/322 tox|[from] psn\n|upkeep\n|turn|3\n|\n|t:|1769900673\n|switch|p2a: Ribombee|Ribombee, L84, M|238/238\n|move|p1a: Simisage|Leaf Storm|p2a: Ribombee\n|-resisted|p2a: Ribombee\n|-damage|p2a: Ribombee|128/238\n|-unboost|p1a: Simisage|spa|2\n|-damage|p1a: Simisage|234/278 tox|[from] item: Life Orb\n|\n|-damage|p1a: Simisage|200/278 tox|[from] psn\n|upkeep\n|turn|4\n|\n|t:|1769900680\n|move|p2a: Ribombee|Quiver Dance|p2a: Ribombee\n|-boost|p2a: Ribombee|spa|1\n|-boost|p2a: Ribombee|spd|1\n|-boost|p2a: Ribombee|spe|1\n|move|p1a: Simisage|Rock Slide|p2a: Ribombee\n|-supereffective|p2a: Ribombee\n|-damage|p2a: Ribombee|0 fnt\n|faint|p2a: Ribombee\n|-damage|p1a: Simisage|173/278 tox|[from] item: Life Orb\n|\n|-damage|p1a: Simisage|122/278 tox|[from] psn\n|upkeep\n|\n|t:|1769900690\n|switch|p2a: Dragonite|Dragonite, L72, M|250/250\n|turn|5\n|\n|t:|1769900694\n|move|p1a: Simisage|Rock Slide|p2a: Dragonite|[miss]\n|-miss|p1a: Simisage|p2a: Dragonite\n|move|p2a: Dragonite|Dragon Dance|p2a: Dragonite\n|-boost|p2a: Dragonite|atk|1\n|-boost|p2a: Dragonite|spe|1\n|\n|-damage|p1a: Simisage|54/278 tox|[from] psn\n|upkeep\n|turn|6\n|\n|t:|1769900704\n|move|p2a: Dragonite|Earthquake|p1a: Simisage\n|-resisted|p1a: Simisage\n|-damage|p1a: Simisage|0 fnt\n|faint|p1a: Simisage\n|\n|upkeep\n|\n|t:|1769900708\n|switch|p1a: Regice|Regice, L87|281/281\n|turn|7\n|\n|t:|1769900716\n|switch|p2a: Beartic|Beartic, L92, M|324/324\n|move|p1a: Regice|Ice Beam|p2a: Beartic\n|-resisted|p2a: Beartic\n|-damage|p2a: Beartic|274/324\n|\n|upkeep\n|turn|8\n|\n|t:|1769900723\n|switch|p1a: Swanna|Swanna, L88, F|275/275\n|move|p2a: Beartic|Swords Dance|p2a: Beartic\n|-boost|p2a: Beartic|atk|2\n|\n|upkeep\n|turn|9\n|\n|t:|1769900727\n|move|p1a: Swanna|Scald|p2a: Beartic\n|-damage|p2a: Beartic|184/324\n|-status|p2a: Beartic|brn\n|move|p2a: Beartic|Icicle Crash|p1a: Swanna\n|-crit|p1a: Swanna\n|-damage|p1a: Swanna|0 fnt\n|faint|p1a: Swanna\n|-damage|p2a: Beartic|152/324 brn|[from] item: Life Orb\n|\n|-damage|p2a: Beartic|132/324 brn|[from] brn\n|upkeep\n|\n|t:|1769900735\n|switch|p1a: Gurdurr|Gurdurr, L87, F|290/290\n|turn|10\n|\n|t:|1769900744\n|switch|p2a: Hypno|Hypno, L97, F|282/322 tox\n|move|p1a: Gurdurr|Drain Punch|p2a: Hypno\n|-resisted|p2a: Hypno\n|-damage|p2a: Hypno|237/322 tox\n|\n|-heal|p2a: Hypno|257/322 tox|[from] item: Leftovers\n|-damage|p2a: Hypno|237/322 tox|[from] psn\n|upkeep\n|turn|11\n|\n|t:|1769900752\n|switch|p1a: Lumineon|Lumineon, L93, M|279/279\n|move|p2a: Hypno|Seismic Toss|p1a: Lumineon\n|-damage|p1a: Lumineon|182/279\n|\n|-heal|p1a: Lumineon|199/279|[from] item: Leftovers\n|-heal|p2a: Hypno|257/322 tox|[from] item: Leftovers\n|-damage|p2a: Hypno|217/322 tox|[from] psn\n|upkeep\n|turn|12\n|\n|t:|1769900758\n|move|p1a: Lumineon|U-turn|p2a: Hypno\n|-supereffective|p2a: Hypno\n|-crit|p2a: Hypno\n|-damage|p2a: Hypno|69/322 tox\n|\n|t:|1769900766\n|switch|p1a: Gurdurr|Gurdurr, L87, F|290/290|[from] U-turn\n|move|p2a: Hypno|Seismic Toss|p1a: Gurdurr\n|-damage|p1a: Gurdurr|193/290\n|\n|-heal|p2a: Hypno|89/322 tox|[from] item: Leftovers\n|-damage|p2a: Hypno|29/322 tox|[from] psn\n|upkeep\n|turn|13\n|\n|t:|1769900769\n|move|p1a: Gurdurr|Mach Punch|p2a: Hypno\n|-resisted|p2a: Hypno\n|-damage|p2a: Hypno|5/322 tox\n|move|p2a: Hypno|Seismic Toss|p1a: Gurdurr\n|-damage|p1a: Gurdurr|96/290\n|\n|-heal|p2a: Hypno|25/322 tox|[from] item: Leftovers\n|-damage|p2a: Hypno|0 fnt|[from] psn\n|faint|p2a: Hypno\n|upkeep\n|\n|t:|1769900776\n|switch|p2a: Oranguru|Oranguru, L93, M|318/318\n|turn|14\n|\n|t:|1769900786\n|switch|p1a: Regice|Regice, L87|281/281\n|move|p2a: Oranguru|Psychic|p1a: Regice\n|-damage|p1a: Regice|199/281\n|\n|upkeep\n|turn|15\n|\n|t:|1769900791\n|move|p2a: Oranguru|Psychic|p1a: Regice\n|-damage|p1a: Regice|114/281\n|move|p1a: Regice|Rock Polish|p1a: Regice\n|-boost|p1a: Regice|spe|2\n|\n|upkeep\n|turn|16\n|\n|t:|1769900794\n|move|p1a: Regice|Ice Beam|p2a: Oranguru\n|-damage|p2a: Oranguru|243/318\n|move|p2a: Oranguru|Psychic|p1a: Regice\n|-damage|p1a: Regice|29/281\n|\n|upkeep\n|turn|17\n|\n|t:|1769900801\n|switch|p1a: Cherrim|Cherrim, L99, F|299/299\n|move|p2a: Oranguru|Psychic|p1a: Cherrim\n|-damage|p1a: Cherrim|131/299\n|\n|-heal|p1a: Cherrim|149/299|[from] item: Leftovers\n|upkeep\n|turn|18\n|\n|t:|1769900805\n|move|p1a: Cherrim|Morning Sun|p1a: Cherrim\n|-heal|p1a: Cherrim|298/299\n|move|p2a: Oranguru|Psychic|p1a: Cherrim\n|-damage|p1a: Cherrim|154/299\n|\n|-heal|p1a: Cherrim|172/299|[from] item: Leftovers\n|upkeep\n|turn|19\n|\n|t:|1769900808\n|move|p1a: Cherrim|Morning Sun|p1a: Cherrim\n|-heal|p1a: Cherrim|299/299\n|move|p2a: Oranguru|Psychic|p1a: Cherrim\n|-damage|p1a: Cherrim|157/299\n|\n|-heal|p1a: Cherrim|175/299|[from] item: Leftovers\n|upkeep\n|turn|20\n|\n|t:|1769900816\n|move|p1a: Cherrim|Toxic|p2a: Oranguru|[miss]\n|-miss|p1a: Cherrim|p2a: Oranguru\n|move|p2a: Oranguru|Psychic|p1a: Cherrim\n|-damage|p1a: Cherrim|10/299\n|\n|-heal|p1a: Cherrim|28/299|[from] item: Leftovers\n|upkeep\n|turn|21\n|\n|t:|1769900819\n|move|p1a: Cherrim|Morning Sun|p1a: Cherrim\n|-heal|p1a: Cherrim|177/299\n|move|p2a: Oranguru|Psychic|p1a: Cherrim\n|-damage|p1a: Cherrim|12/299\n|\n|-heal|p1a: Cherrim|30/299|[from] item: Leftovers\n|upkeep\n|turn|22\n|\n|t:|1769900829\n|switch|p2a: Dragonite|Dragonite, L72, M|250/250\n|move|p1a: Cherrim|Toxic|p2a: Dragonite\n|-status|p2a: Dragonite|tox\n|\n|-heal|p1a: Cherrim|48/299|[from] item: Leftovers\n|-damage|p2a: Dragonite|235/250 tox|[from] psn\n|upkeep\n|turn|23\n|inactive|yeet no u has 120 seconds left.\n|\n|t:|1769900876\n|move|p1a: Cherrim|Morning Sun|p1a: Cherrim\n|-heal|p1a: Cherrim|197/299\n|move|p2a: Dragonite|Dragon Dance|p2a: Dragonite\n|-boost|p2a: Dragonite|atk|1\n|-boost|p2a: Dragonite|spe|1\n|\n|-heal|p1a: Cherrim|215/299|[from] item: Leftovers\n|-damage|p2a: Dragonite|205/250 tox|[from] psn\n|upkeep\n|turn|24\n|\n|t:|1769900881\n|switch|p1a: Gurdurr|Gurdurr, L87, F|96/290\n|-zpower|p2a: Dragonite\n|move|p2a: Dragonite|Supersonic Skystrike|p1a: Gurdurr|[zeffect]\n|-supereffective|p1a: Gurdurr\n|-damage|p1a: Gurdurr|0 fnt\n|faint|p1a: Gurdurr\n|\n|-damage|p2a: Dragonite|160/250 tox|[from] psn\n|upkeep\n|\n|t:|1769900887\n|switch|p1a: Lumineon|Lumineon, L93, M|199/279\n|turn|25\n|\n|t:|1769900890\n|move|p2a: Dragonite|Outrage|p1a: Lumineon\n|-damage|p1a: Lumineon|25/279\n|move|p1a: Lumineon|Ice Beam|p2a: Dragonite\n|-supereffective|p2a: Dragonite\n|-damage|p2a: Dragonite|0 fnt\n|faint|p2a: Dragonite\n|\n|-heal|p1a: Lumineon|42/279|[from] item: Leftovers\n|upkeep\n|\n|t:|1769900895\n|switch|p2a: Gorebyss|Gorebyss, L85, M|231/231\n|turn|26\n|\n|t:|1769900904\n|move|p1a: Lumineon|U-turn|p2a: Gorebyss\n|-damage|p2a: Gorebyss|190/231\n|\n|t:|1769900906\n|switch|p1a: Cherrim|Cherrim, L99, F|215/299|[from] U-turn\n|move|p2a: Gorebyss|Shell Smash|p2a: Gorebyss\n|-unboost|p2a: Gorebyss|def|1\n|-unboost|p2a: Gorebyss|spd|1\n|-boost|p2a: Gorebyss|atk|2\n|-boost|p2a: Gorebyss|spa|2\n|-boost|p2a: Gorebyss|spe|2\n|-enditem|p2a: Gorebyss|White Herb\n|-clearnegativeboost|p2a: Gorebyss|[silent]\n|\n|-heal|p1a: Cherrim|233/299|[from] item: Leftovers\n|upkeep\n|turn|27\n|\n|t:|1769900908\n|move|p2a: Gorebyss|Ice Beam|p1a: Cherrim\n|-supereffective|p1a: Cherrim\n|-damage|p1a: Cherrim|0 fnt\n|faint|p1a: Cherrim\n|\n|upkeep\n|\n|t:|1769900909\n|switch|p1a: Regice|Regice, L87|29/281\n|turn|28\n|\n|t:|1769900914\n|move|p2a: Gorebyss|Hidden Power|p1a: Regice\n|-damage|p1a: Regice|0 fnt\n|faint|p1a: Regice\n|\n|upkeep\n|\n|t:|1769900916\n|switch|p1a: Lumineon|Lumineon, L93, M|42/279\n|turn|29\n|\n|t:|1769900918\n|move|p2a: Gorebyss|Hidden Power|p1a: Lumineon\n|-supereffective|p1a: Lumineon\n|-damage|p1a: Lumineon|0 fnt\n|faint|p1a: Lumineon\n|\n|win|may/gen3\n|raw|yeet no u's rating: 1648 &rarr; <strong>1636</strong><br />(-12 for losing)\n|raw|may&#x2f;gen3's rating: 1788 &rarr; <strong>1800</strong><br />(+12 for winning)\n|c|☆yeet no u|gg\n", "inputlog": ">version b99ff0165a6231f17e8b78c2a78d1998375de664\n>start {\"formatid\":\"gen7randombattle\",\"seed\":\"sodium,9fedc8924207b865e84d9cdc0c30f6aa\",\"rated\":\"Rated battle\"}\n>player p1 {\"name\":\"yeet no u\",\"avatar\":\"anabel-gen7\",\"rating\":1648,\"seed\":\"sodium,9de964a105677f83a471d962ee889bfd\"}\n>player p2 {\"name\":\"may/gen3\",\"avatar\":\"may\",\"rating\":1788,\"seed\":\"sodium,1a2a95a38f31394b98cfd667bcf14450\"}\n>chat ☆may/gen3|Hi\n>chat ☆yeet no u|howdy\n>p1 move toxic\n>p2 switch 2\n>p1 switch 4\n>p2 move toxic\n>p1 move leafstorm\n>p2 switch 4\n>p1 move rockslide\n>p2 move quiverdance\n>p2 switch 6\n>p1 move rockslide\n>p2 move dragondance\n>p1 move rockslide\n>p2 move earthquake\n>p1 switch 3\n>p1 move icebeam\n>p2 switch 5\n>p1 switch 4\n>p2 move swordsdance\n>p1 move scald\n>p2 move iciclecrash\n>p1 switch 2\n>p1 move drainpunch\n>p2 switch 4\n>p1 switch 6\n>p2 move seismictoss\n>p1 move uturn\n>p2 move seismictoss\n>p1 switch 6\n>p1 move machpunch\n>p2 move seismictoss\n>p2 switch 3\n>p1 switch 4\n>p2 move psychic\n>p1 move rockpolish\n>p2 move psychic\n>p1 move icebeam\n>p2 move psychic\n>p1 switch 5\n>p2 move psychic\n>p1 move morningsun\n>p2 move psychic\n>p1 move morningsun\n>p2 move psychic\n>p1 move toxic\n>p2 move psychic\n>p1 move morningsun\n>p2 move psychic\n>p1 move toxic\n>p2 switch 5\n>p1 move morningsun\n>p2 move dragondance\n>p1 switch 4\n>p2 move fly zmove\n>p1 switch 6\n>p1 move icebeam\n>p2 move outrage\n>p2 switch 2\n>p1 move uturn\n>p2 move shellsmash\n>p1 switch 4\n>p1 move energyball\n>p2 move icebeam\n>p1 switch 5\n>p1 move thunderbolt\n>p2 move hiddenpower\n>p1 switch 4\n>p1 move uturn\n>p2 move hiddenpower", "uploadtime": 1769900923, "views": 196, "formatid": "gen7randombattle", "rating": 1636, "private": 0, "password": null}