{"id": "gen7randombattle-2529210313", "format": "[Gen 7] Random Battle", "players": ["I am always alone", "may/gen3"], "log": "|j|☆I am always alone\n|j|☆may/gen3\n|t:|1769753942\n|gametype|singles\n|player|p1|I am always alone|dawn|1600\n|player|p2|may/gen3|may|1754\n|gen|7\n|tier|[Gen 7] Random Battle\n|rated|\n|rule|Sleep Clause Mod: Limit one foe put to sleep\n|rule|HP Percentage Mod: HP is shown in percentages\n|rule|Illusion Level Mod: Illusion disguises the Pokémon's true level\n|\n|t:|1769753942\n|teamsize|p1|6\n|teamsize|p2|6\n|start\n|switch|p1a: Wigglytuff|Wigglytuff, L95, F|420/420\n|switch|p2a: Cofagrigus|Cofagrigus, L89, F|248/248\n|turn|1\n|inactive|Battle timer is ON: inactive players will automatically lose when time's up. (requested by I am always alone)\n|\n|t:|1769753958\n|switch|p1a: Relicanth|Relicanth, L88, F|319/319\n|switch|p2a: Chansey|Chansey, L85, F|564/564\n|\n|upkeep\n|turn|2\n|\n|t:|1769753963\n|move|p1a: Relicanth|Stealth Rock|p2a: Chansey\n|-sidestart|p2: may/gen3|move: Stealth Rock\n|move|p2a: Chansey|Toxic|p1a: Relicanth\n|-status|p1a: Relicanth|tox\n|\n|-damage|p1a: Relicanth|300/319 tox|[from] psn\n|upkeep\n|turn|3\n|\n|t:|1769753968\n|move|p1a: Relicanth|Head Smash|p2a: Chansey\n|-damage|p2a: Chansey|186/564\n|move|p2a: Chansey|Seismic Toss|p1a: Relicanth\n|-damage|p1a: Relicanth|215/319 tox\n|\n|-heal|p1a: Relicanth|234/319 tox|[from] item: Leftovers\n|-damage|p1a: Relicanth|196/319 tox|[from] psn\n|upkeep\n|turn|4\n|\n|t:|1769753975\n|move|p1a: Relicanth|Waterfall|p2a: Chansey\n|-damage|p2a: Chansey|0 fnt\n|faint|p2a: Chansey\n|\n|-heal|p1a: Relicanth|215/319 tox|[from] item: Leftovers\n|-damage|p1a: Relicanth|158/319 tox|[from] psn\n|upkeep\n|\n|t:|1769753982\n|switch|p2a: Seaking|Seaking, L95, F|306/306\n|-damage|p2a: Seaking|268/306|[from] Stealth Rock\n|turn|5\n|\n|t:|1769753988\n|switch|p1a: Bewear|Bewear, L84, M|339/339\n|move|p2a: Seaking|Rain Dance|p2a: Seaking\n|-weather|RainDance\n|\n|-weather|RainDance|[upkeep]\n|upkeep\n|turn|6\n|\n|t:|1769753995\n|move|p2a: Seaking|Waterfall|p1a: Bewear\n|-damage|p1a: Bewear|222/339\n|-damage|p2a: Seaking|238/306|[from] item: Life Orb\n|move|p1a: Bewear|Double-Edge|p2a: Seaking\n|-damage|p2a: Seaking|57/306\n|-damage|p1a: Bewear|162/339|[from] Recoil\n|\n|-weather|RainDance|[upkeep]\n|-heal|p1a: Bewear|183/339|[from] item: Leftovers\n|upkeep\n|turn|7\n|\n|t:|1769754006\n|move|p2a: Seaking|Waterfall|p1a: Bewear\n|-damage|p1a: Bewear|78/339\n|-damage|p2a: Seaking|27/306|[from] item: Life Orb\n|move|p1a: Bewear|Double-Edge|p2a: Seaking\n|-damage|p2a: Seaking|0 fnt\n|faint|p2a: Seaking\n|-damage|p1a: Bewear|69/339|[from] Recoil\n|\n|-weather|RainDance|[upkeep]\n|-heal|p1a: Bewear|90/339|[from] item: Leftovers\n|upkeep\n|\n|t:|1769754011\n|switch|p2a: Tapu Fini|Tapu Fini, L80|243/243\n|-damage|p2a: Tapu Fini|213/243|[from] Stealth Rock\n|-fieldstart|move: Misty Terrain|[from] ability: Misty Surge|[of] p2a: Tapu Fini\n|turn|8\n|\n|t:|1769754018\n|switch|p1a: Wigglytuff|Wigglytuff, L95, F|420/420\n|move|p2a: Tapu Fini|Moonblast|p1a: Wigglytuff\n|-damage|p1a: Wigglytuff|290/420\n|\n|-weather|RainDance|[upkeep]\n|-heal|p2a: Tapu Fini|228/243|[from] item: Leftovers\n|-heal|p1a: Wigglytuff|316/420|[from] item: Leftovers\n|upkeep\n|turn|9\n|\n|t:|1769754038\n|move|p2a: Tapu Fini|Calm Mind|p2a: Tapu Fini\n|-boost|p2a: Tapu Fini|spa|1\n|-boost|p2a: Tapu Fini|spd|1\n|move|p1a: Wigglytuff|Wish|p1a: Wigglytuff\n|\n|-weather|none\n|-heal|p2a: Tapu Fini|243/243|[from] item: Leftovers\n|-heal|p1a: Wigglytuff|342/420|[from] item: Leftovers\n|upkeep\n|turn|10\n|\n|t:|1769754043\n|switch|p1a: Relicanth|Relicanth, L88, F|158/319 tox\n|move|p2a: Tapu Fini|Calm Mind|p2a: Tapu Fini\n|-boost|p2a: Tapu Fini|spa|1\n|-boost|p2a: Tapu Fini|spd|1\n|\n|-heal|p1a: Relicanth|319/319 tox|[from] move: Wish|[wisher] Wigglytuff\n|-damage|p1a: Relicanth|300/319 tox|[from] psn\n|upkeep\n|turn|11\n|\n|t:|1769754047\n|move|p2a: Tapu Fini|Moonblast|p1a: Relicanth\n|-damage|p1a: Relicanth|68/319 tox\n|-unboost|p1a: Relicanth|spa|1\n|move|p1a: Relicanth|Head Smash|p2a: Tapu Fini|[miss]\n|-miss|p1a: Relicanth|p2a: Tapu Fini\n|\n|-heal|p1a: Relicanth|87/319 tox|[from] item: Leftovers\n|-damage|p1a: Relicanth|49/319 tox|[from] psn\n|upkeep\n|turn|12\n|\n|t:|1769754059\n|move|p2a: Tapu Fini|Moonblast|p1a: Relicanth\n|-damage|p1a: Relicanth|0 fnt\n|faint|p1a: Relicanth\n|\n|-fieldend|Misty Terrain\n|upkeep\n|\n|t:|1769754068\n|switch|p1a: Mr. Mime|Mr. Mime, L90, F|218/218\n|turn|13\n|\n|t:|1769754073\n|move|p1a: Mr. Mime|Psyshock|p2a: Tapu Fini\n|-damage|p2a: Tapu Fini|158/243\n|move|p2a: Tapu Fini|Moonblast|p1a: Mr. Mime\n|-damage|p1a: Mr. Mime|76/218\n|\n|-heal|p2a: Tapu Fini|173/243|[from] item: Leftovers\n|upkeep\n|turn|14\n|\n|t:|1769754075\n|move|p1a: Mr. Mime|Psyshock|p2a: Tapu Fini\n|-damage|p2a: Tapu Fini|82/243\n|move|p2a: Tapu Fini|Moonblast|p1a: Mr. Mime\n|-damage|p1a: Mr. Mime|0 fnt\n|faint|p1a: Mr. Mime\n|\n|-heal|p2a: Tapu Fini|97/243|[from] item: Leftovers\n|upkeep\n|\n|t:|1769754085\n|switch|p1a: Magmortar|Magmortar, L88, F|275/275\n|turn|15\n|\n|t:|1769754087\n|move|p1a: Magmortar|Thunderbolt|p2a: Tapu Fini\n|-supereffective|p2a: Tapu Fini\n|-damage|p2a: Tapu Fini|27/243\n|move|p2a: Tapu Fini|Surf|p1a: Magmortar\n|-supereffective|p1a: Magmortar\n|-damage|p1a: Magmortar|0 fnt\n|faint|p1a: Magmortar\n|\n|-heal|p2a: Tapu Fini|42/243|[from] item: Leftovers\n|upkeep\n|\n|t:|1769754102\n|switch|p1a: Wigglytuff|Wigglytuff, L95, F|342/420\n|turn|16\n|\n|t:|1769754107\n|move|p2a: Tapu Fini|Moonblast|p1a: Wigglytuff\n|-damage|p1a: Wigglytuff|120/420\n|move|p1a: Wigglytuff|Dazzling Gleam|p2a: Tapu Fini\n|-damage|p2a: Tapu Fini|2/243\n|\n|-heal|p2a: Tapu Fini|17/243|[from] item: Leftovers\n|-heal|p1a: Wigglytuff|146/420|[from] item: Leftovers\n|upkeep\n|turn|17\n|\n|t:|1769754115\n|move|p1a: Wigglytuff|Protect|p1a: Wigglytuff\n|-singleturn|p1a: Wigglytuff|Protect\n|move|p2a: Tapu Fini|Moonblast|p1a: Wigglytuff\n|-activate|p1a: Wigglytuff|move: Protect\n|\n|-heal|p2a: Tapu Fini|32/243|[from] item: Leftovers\n|-heal|p1a: Wigglytuff|172/420|[from] item: Leftovers\n|upkeep\n|turn|18\n|\n|t:|1769754125\n|move|p2a: Tapu Fini|Moonblast|p1a: Wigglytuff\n|-damage|p1a: Wigglytuff|0 fnt\n|faint|p1a: Wigglytuff\n|\n|-heal|p2a: Tapu Fini|47/243|[from] item: Leftovers\n|upkeep\n|\n|t:|1769754131\n|switch|p1a: Malamar|Malamar, L80, M|269/269\n|turn|19\n|\n|t:|1769754134\n|move|p2a: Tapu Fini|Moonblast|p1a: Malamar\n|-supereffective|p1a: Malamar\n|-damage|p1a: Malamar|0 fnt\n|faint|p1a: Malamar\n|\n|-heal|p2a: Tapu Fini|62/243|[from] item: Leftovers\n|upkeep\n|-message|I am always alone forfeited.\n|\n|win|may/gen3\n|raw|I am always alone's rating: 1600 &rarr; <strong>1588</strong><br />(-12 for losing)\n|raw|may&#x2f;gen3's rating: 1754 &rarr; <strong>1766</strong><br />(+12 for winning)\n|l|☆I am always alone\n|player|p1|\n|l|☆may/gen3\n|player|p2|\n|j|☆may/gen3\n|player|p2|may/gen3|may|\n", "inputlog": ">version b99ff0165a6231f17e8b78c2a78d1998375de664\n>start {\"formatid\":\"gen7randombattle\",\"seed\":\"sodium,f86c9974e988565b3b2a14d562d75d76\",\"rated\":\"Rated battle\"}\n>player p1 {\"name\":\"I am always alone\",\"avatar\":\"dawn\",\"rating\":1600,\"seed\":\"sodium,5583b597e2096759110823a955b5f4e8\"}\n>player p2 {\"name\":\"may/gen3\",\"avatar\":\"may\",\"rating\":1754,\"seed\":\"sodium,d0cbfaf9a144e3d3bcd2ae4343cb5472\"}\n>p1 switch 4\n>p2 switch 4\n>p1 move stealthrock\n>p2 move toxic\n>p1 move headsmash\n>p2 move seismictoss\n>p1 move waterfall\n>p2 move seismictoss\n>p2 switch 2\n>p1 switch 6\n>p2 move raindance\n>p1 move doubleedge\n>p2 move waterfall\n>p1 move doubleedge\n>p2 move waterfall\n>p2 switch 5\n>p1 switch 4\n>p2 move moonblast\n>p1 move wish\n>p2 move calmmind\n>p1 switch 6\n>p2 move calmmind\n>p1 move headsmash\n>p2 move moonblast\n>p1 move headsmash\n>p2 move moonblast\n>p1 switch 2\n>p1 move psyshock\n>p2 move moonblast\n>p1 move psyshock\n>p2 move moonblast\n>p1 switch 5\n>p1 move thunderbolt\n>p2 move surf\n>p1 switch 6\n>p1 move dazzlinggleam\n>p2 move moonblast\n>p1 move protect\n>p2 move moonblast\n>p1 move dazzlinggleam\n>p2 move moonblast\n>p1 switch 3\n>p1 move happyhour zmove\n>p2 move moonblast\n>forcelose p1", "uploadtime": 1769754407, "views": 196, "formatid": "gen7randombattle", "rating": 1588, "private": 0, "password": null}