{"id": "gen7randombattle-2531522359", "format": "[Gen 7] Random Battle", "players": ["Snoop Rogue", "stebah"], "log": "|j|☆Snoop Rogue\n|j|☆stebah\n|t:|1770065488\n|gametype|singles\n|player|p1|Snoop Rogue|koga-lgpe|1728\n|player|p2|stebah|1|1555\n|gen|7\n|tier|[Gen 7] Random Battle\n|rated|\n|rule|Sleep Clause Mod: Limit one foe put to sleep\n|rule|HP Percentage Mod: HP is shown in percentages\n|rule|Illusion Level Mod: Illusion disguises the Pokémon's true level\n|\n|t:|1770065488\n|teamsize|p1|6\n|teamsize|p2|6\n|start\n|switch|p1a: Blacephalon|Blacephalon, L80|215/215\n|switch|p2a: Arcanine|Arcanine, L84, F|287/287\n|-ability|p2a: Arcanine|Intimidate|boost\n|-unboost|p1a: Blacephalon|atk|1\n|turn|1\n|inactive|Battle timer is ON: inactive players will automatically lose when time's up. (requested by Snoop Rogue)\n|\n|t:|1770065505\n|switch|p2a: Sharpedo|Sharpedo, L82, F|249/249\n|move|p1a: Blacephalon|Trick||[still]\n|-fail|p1a: Blacephalon\n|\n|upkeep\n|turn|2\n|\n|t:|1770065514\n|switch|p1a: Pangoro|Pangoro, L86, M|304/304\n|move|p2a: Sharpedo|Crunch|p1a: Pangoro\n|-resisted|p1a: Pangoro\n|-damage|p1a: Pangoro|279/304\n|-unboost|p1a: Pangoro|def|1\n|\n|-ability|p2a: Sharpedo|Speed Boost|boost\n|-boost|p2a: Sharpedo|spe|1\n|upkeep\n|turn|3\n|\n|t:|1770065526\n|move|p2a: Sharpedo|Protect|p2a: Sharpedo\n|-singleturn|p2a: Sharpedo|Protect\n|move|p1a: Pangoro|Knock Off|p2a: Sharpedo\n|-activate|p2a: Sharpedo|move: Protect\n|\n|-ability|p2a: Sharpedo|Speed Boost|boost\n|-boost|p2a: Sharpedo|spe|1\n|upkeep\n|turn|4\n|\n|t:|1770065534\n|switch|p1a: Togekiss|Togekiss, L81, M|270/270\n|detailschange|p2a: Sharpedo|Sharpedo-Mega, L82, F\n|-mega|p2a: Sharpedo|Sharpedo|Sharpedonite\n|move|p2a: Sharpedo|Waterfall|p1a: Togekiss\n|-damage|p1a: Togekiss|170/270\n|\n|-heal|p1a: Togekiss|186/270|[from] item: Leftovers\n|upkeep\n|turn|5\n|\n|t:|1770065543\n|switch|p2a: Plusle|Plusle, L95, M|268/268\n|move|p1a: Togekiss|Air Slash|p2a: Plusle\n|-resisted|p2a: Plusle\n|-damage|p2a: Plusle|225/268\n|\n|-heal|p2a: Plusle|241/268|[from] item: Leftovers\n|-heal|p1a: Togekiss|202/270|[from] item: Leftovers\n|upkeep\n|turn|6\n|\n|t:|1770065550\n|switch|p1a: Dugtrio|Dugtrio-Alola, L84, F|196/196\n|move|p2a: Plusle|Substitute|p2a: Plusle\n|-start|p2a: Plusle|Substitute\n|-damage|p2a: Plusle|174/268\n|\n|-heal|p2a: Plusle|190/268|[from] item: Leftovers\n|upkeep\n|turn|7\n|\n|t:|1770065563\n|move|p2a: Plusle|Nasty Plot|p2a: Plusle\n|-boost|p2a: Plusle|spa|2\n|move|p1a: Dugtrio|Earthquake|p2a: Plusle\n|-supereffective|p2a: Plusle\n|-end|p2a: Plusle|Substitute\n|\n|-heal|p2a: Plusle|206/268|[from] item: Leftovers\n|upkeep\n|turn|8\n|\n|t:|1770065573\n|switch|p2a: Lurantis|Lurantis, L90, M|272/272\n|move|p1a: Dugtrio|Earthquake|p2a: Lurantis\n|-resisted|p2a: Lurantis\n|-damage|p2a: Lurantis|200/272\n|\n|upkeep\n|turn|9\n|\n|t:|1770065581\n|switch|p1a: Togekiss|Togekiss, L81, M|202/270\n|move|p2a: Lurantis|Knock Off|p1a: Togekiss\n|-resisted|p1a: Togekiss\n|-damage|p1a: Togekiss|162/270\n|-enditem|p1a: Togekiss|Leftovers|[from] move: Knock Off|[of] p2a: Lurantis\n|\n|upkeep\n|turn|10\n|\n|t:|1770065589\n|switch|p2a: Lycanroc|Lycanroc-Dusk, L83, M|260/260\n|move|p1a: Togekiss|Roost|p1a: Togekiss\n|-heal|p1a: Togekiss|270/270\n|-singleturn|p1a: Togekiss|move: Roost\n|\n|upkeep\n|turn|11\n|\n|t:|1770065597\n|switch|p1a: Dugtrio|Dugtrio-Alola, L84, F|196/196\n|move|p2a: Lycanroc|Stone Edge|p1a: Dugtrio\n|-resisted|p1a: Dugtrio\n|-crit|p1a: Dugtrio\n|-damage|p1a: Dugtrio|135/196\n|\n|upkeep\n|turn|12\n|\n|t:|1770065605\n|switch|p2a: Lurantis|Lurantis, L90, M|200/272\n|move|p1a: Dugtrio|Iron Head|p2a: Lurantis\n|-damage|p2a: Lurantis|77/272\n|\n|upkeep\n|turn|13\n|\n|t:|1770065611\n|switch|p1a: Togekiss|Togekiss, L81, M|270/270\n|move|p2a: Lurantis|Superpower|p1a: Togekiss\n|-resisted|p1a: Togekiss\n|-damage|p1a: Togekiss|243/270\n|-boost|p2a: Lurantis|atk|1\n|-boost|p2a: Lurantis|def|1\n|\n|upkeep\n|turn|14\n|\n|t:|1770065624\n|move|p1a: Togekiss|Air Slash|p2a: Lurantis\n|-supereffective|p2a: Lurantis\n|-damage|p2a: Lurantis|0 fnt\n|faint|p2a: Lurantis\n|\n|upkeep\n|\n|t:|1770065630\n|switch|p2a: Plusle|Plusle, L95, M|206/268\n|turn|15\n|\n|t:|1770065634\n|switch|p1a: Dugtrio|Dugtrio-Alola, L84, F|135/196\n|move|p2a: Plusle|Substitute|p2a: Plusle\n|-start|p2a: Plusle|Substitute\n|-damage|p2a: Plusle|139/268\n|\n|-heal|p2a: Plusle|155/268|[from] item: Leftovers\n|upkeep\n|turn|16\n|\n|t:|1770065642\n|move|p2a: Plusle|Hidden Power|p1a: Dugtrio\n|-damage|p1a: Dugtrio|75/196\n|move|p1a: Dugtrio|Earthquake|p2a: Plusle\n|-supereffective|p2a: Plusle\n|-end|p2a: Plusle|Substitute\n|\n|-heal|p2a: Plusle|171/268|[from] item: Leftovers\n|upkeep\n|turn|17\n|\n|t:|1770065651\n|switch|p2a: Octillery|Octillery, L96, M|299/299\n|move|p1a: Dugtrio|Earthquake|p2a: Octillery\n|-damage|p2a: Octillery|136/299\n|\n|upkeep\n|turn|18\n|\n|t:|1770065662\n|switch|p2a: Sharpedo|Sharpedo-Mega, L82, F|249/249\n|move|p1a: Dugtrio|Earthquake|p2a: Sharpedo\n|-damage|p2a: Sharpedo|63/249\n|\n|upkeep\n|turn|19\n|\n|t:|1770065671\n|move|p1a: Dugtrio|Earthquake|p2a: Sharpedo\n|-damage|p2a: Sharpedo|0 fnt\n|faint|p2a: Sharpedo\n|detailschange|p2: Sharpedo|Sharpedo, L82, F|[silent]\n|\n|upkeep\n|\n|t:|1770065675\n|switch|p2a: Arcanine|Arcanine, L84, F|287/287\n|-ability|p2a: Arcanine|Intimidate|boost\n|-unboost|p1a: Dugtrio|atk|1\n|turn|20\n|\n|t:|1770065680\n|switch|p1a: Golduck|Golduck, L93, F|300/300\n|-ability|p1a: Golduck|Cloud Nine\n|move|p2a: Arcanine|Flare Blitz|p1a: Golduck\n|-resisted|p1a: Golduck\n|-damage|p1a: Golduck|192/300\n|-damage|p2a: Arcanine|251/287|[from] Recoil\n|\n|upkeep\n|turn|21\n|\n|t:|1770065691\n|switch|p1a: Dugtrio|Dugtrio-Alola, L84, F|75/196\n|switch|p2a: Octillery|Octillery, L96, M|136/299\n|\n|upkeep\n|turn|22\n|-message|stebah forfeited.\n|\n|win|Snoop Rogue\n|raw|Snoop Rogue's rating: 1728 &rarr; <strong>1739</strong><br />(+11 for winning)\n|raw|stebah's rating: 1555 &rarr; <strong>1544</strong><br />(-11 for losing)\n|l|☆stebah\n|player|p2|\n", "inputlog": ">version ccdc32dd7cde25fd9e4bed64820e885f66e78a4e\n>start {\"formatid\":\"gen7randombattle\",\"seed\":\"sodium,33888cc6cb26940a39f1f5a3bded80b1\",\"rated\":\"Rated battle\"}\n>player p1 {\"name\":\"Snoop Rogue\",\"avatar\":\"koga-lgpe\",\"rating\":1728,\"seed\":\"sodium,79e7c9c058009b56dc03ab6ba316fd1e\"}\n>player p2 {\"name\":\"stebah\",\"avatar\":\"1\",\"rating\":1555,\"seed\":\"sodium,8c0fa5569d6abf9e0b97e5c153ef20ec\"}\n>p1 move trick\n>p2 switch 3\n>p1 switch 4\n>p2 move crunch\n>p1 move knockoff\n>p2 move protect\n>p1 switch 6\n>p2 move waterfall mega\n>p1 move airslash\n>p2 switch 6\n>p1 switch 3\n>p2 move substitute\n>p1 move earthquake\n>p2 move nastyplot\n>p1 move earthquake\n>p2 switch 2\n>p1 switch 3\n>p2 move knockoff\n>p1 move roost\n>p2 switch 4\n>p1 switch 3\n>p2 move stoneedge\n>p1 move ironhead\n>p2 switch 4\n>p1 switch 3\n>p2 move superpower\n>p1 move airslash\n>p2 move hiddenpower\n>p2 switch 2\n>p1 switch 3\n>p2 move substitute\n>p1 move earthquake\n>p2 move hiddenpower\n>p1 move earthquake\n>p2 switch 5\n>p1 move earthquake\n>p2 switch 6\n>p1 move earthquake\n>p2 move waterfall\n>p2 switch 3\n>p1 switch 2\n>p2 move flareblitz\n>p1 switch 2\n>p2 switch 6\n>forcelose p2", "uploadtime": 1770065697, "views": 151, "formatid": "gen7randombattle", "rating": 1544, "private": 0, "password": null}