{"id": "gen7randombattle-2532112001", "format": "[Gen 7] Random Battle", "players": ["Snoop Rogue", "sohrob3"], "log": "|j|☆Snoop Rogue\n|j|☆sohrob3\n|t:|1770141151\n|gametype|singles\n|player|p1|Snoop Rogue|koga-lgpe|1768\n|player|p2|sohrob3|2|1736\n|gen|7\n|tier|[Gen 7] Random Battle\n|rated|\n|rule|Sleep Clause Mod: Limit one foe put to sleep\n|rule|HP Percentage Mod: HP is shown in percentages\n|rule|Illusion Level Mod: Illusion disguises the Pokémon's true level\n|\n|t:|1770141151\n|teamsize|p1|6\n|teamsize|p2|6\n|start\n|switch|p1a: Arceus|Arceus-Electric, L72|292/292\n|switch|p2a: Quagsire|Quagsire, L87, M|307/307\n|turn|1\n|inactive|Battle timer is ON: inactive players will automatically lose when time's up. (requested by Snoop Rogue)\n|\n|t:|1770141162\n|switch|p1a: Machamp|Machamp, L84, M|288/288\n|move|p2a: Quagsire|Ice Beam|p1a: Machamp\n|-damage|p1a: Machamp|237/288\n|\n|-status|p1a: Machamp|brn|[from] item: Flame Orb\n|upkeep\n|turn|2\n|\n|t:|1770141177\n|switch|p2a: Salamence|Salamence, L70, M|249/249\n|-ability|p2a: Salamence|Intimidate|boost\n|-unboost|p1a: Machamp|atk|1\n|move|p1a: Machamp|Facade|p2a: Salamence\n|-damage|p2a: Salamence|78/249\n|\n|-damage|p1a: Machamp|219/288 brn|[from] brn\n|upkeep\n|turn|3\n|\n|t:|1770141197\n|switch|p1a: Hippowdon|Hippowdon, L82, M|311/311\n|-weather|Sandstorm|[from] ability: Sand Stream|[of] p1a: Hippowdon\n|detailschange|p2a: Salamence|Salamence-Mega, L70, M\n|-mega|p2a: Salamence|Salamence|Salamencite\n|move|p2a: Salamence|Roost|p2a: Salamence\n|-heal|p2a: Salamence|203/249\n|-singleturn|p2a: Salamence|move: Roost\n|\n|-weather|Sandstorm|[upkeep]\n|-damage|p2a: Salamence|188/249|[from] Sandstorm\n|upkeep\n|turn|4\n|\n|t:|1770141211\n|move|p2a: Salamence|Dragon Dance|p2a: Salamence\n|-boost|p2a: Salamence|atk|1\n|-boost|p2a: Salamence|spe|1\n|move|p1a: Hippowdon|Stone Edge|p2a: Salamence\n|-supereffective|p2a: Salamence\n|-damage|p2a: Salamence|54/249\n|\n|-weather|Sandstorm|[upkeep]\n|-damage|p2a: Salamence|39/249|[from] Sandstorm\n|upkeep\n|turn|5\n|\n|t:|1770141221\n|switch|p1a: Arceus|Arceus-Electric, L72|292/292\n|move|p2a: Salamence|Roost|p2a: Salamence\n|-heal|p2a: Salamence|164/249\n|-singleturn|p2a: Salamence|move: Roost\n|\n|-weather|Sandstorm|[upkeep]\n|-damage|p2a: Salamence|149/249|[from] Sandstorm\n|-damage|p1a: Arceus|274/292|[from] Sandstorm\n|upkeep\n|turn|6\n|\n|t:|1770141232\n|move|p2a: Salamence|Roost|p2a: Salamence\n|-heal|p2a: Salamence|249/249\n|-singleturn|p2a: Salamence|move: Roost\n|move|p1a: Arceus|Ice Beam|p2a: Salamence\n|-supereffective|p2a: Salamence\n|-damage|p2a: Salamence|117/249\n|\n|-weather|Sandstorm|[upkeep]\n|-damage|p2a: Salamence|102/249|[from] Sandstorm\n|-damage|p1a: Arceus|256/292|[from] Sandstorm\n|upkeep\n|turn|7\n|\n|t:|1770141245\n|move|p2a: Salamence|Earthquake|p1a: Arceus\n|-supereffective|p1a: Arceus\n|-damage|p1a: Arceus|66/292\n|move|p1a: Arceus|Ice Beam|p2a: Salamence\n|-supereffective|p2a: Salamence\n|-damage|p2a: Salamence|0 fnt\n|faint|p2a: Salamence\n|detailschange|p2: Salamence|Salamence, L70, M|[silent]\n|\n|-weather|none\n|upkeep\n|\n|t:|1770141264\n|switch|p2a: Quagsire|Quagsire, L87, M|307/307\n|turn|8\n|\n|t:|1770141269\n|move|p1a: Arceus|Recover|p1a: Arceus\n|-heal|p1a: Arceus|212/292\n|move|p2a: Quagsire|Earthquake|p1a: Arceus\n|-supereffective|p1a: Arceus\n|-damage|p1a: Arceus|18/292\n|\n|upkeep\n|turn|9\n|\n|t:|1770141277\n|switch|p1a: Carnivine|Carnivine, M|310/310\n|move|p2a: Quagsire|Scald|p1a: Carnivine\n|-resisted|p1a: Carnivine\n|-damage|p1a: Carnivine|279/310\n|\n|-heal|p1a: Carnivine|298/310|[from] item: Leftovers\n|upkeep\n|turn|10\n|\n|t:|1770141293\n|switch|p2a: Gourgeist|Gourgeist-Large, L91, F|284/284\n|-item|p1a: Carnivine|Leftovers|[from] ability: Frisk|[of] p2a: Gourgeist\n|move|p1a: Carnivine|Swords Dance|p1a: Carnivine\n|-boost|p1a: Carnivine|atk|2\n|\n|-heal|p1a: Carnivine|310/310|[from] item: Leftovers\n|upkeep\n|turn|11\n|\n|t:|1770141302\n|switch|p1a: Machamp|Machamp, L84, M|219/288 brn\n|move|p2a: Gourgeist|Will-O-Wisp|p1a: Machamp\n|-fail|p1a: Machamp|brn\n|\n|-damage|p1a: Machamp|201/288 brn|[from] brn\n|upkeep\n|turn|12\n|\n|t:|1770141311\n|move|p2a: Gourgeist|Seed Bomb|p1a: Machamp\n|-damage|p1a: Machamp|104/288 brn\n|move|p1a: Machamp|Knock Off|p2a: Gourgeist\n|-supereffective|p2a: Gourgeist\n|-damage|p2a: Gourgeist|88/284\n|-enditem|p2a: Gourgeist|Leftovers|[from] move: Knock Off|[of] p1a: Machamp\n|\n|-damage|p1a: Machamp|86/288 brn|[from] brn\n|upkeep\n|turn|13\n|\n|t:|1770141336\n|switch|p1a: Carnivine|Carnivine, M|310/310\n|move|p2a: Gourgeist|Synthesis|p2a: Gourgeist\n|-heal|p2a: Gourgeist|230/284\n|\n|upkeep\n|turn|14\n|\n|t:|1770141344\n|move|p2a: Gourgeist|Will-O-Wisp|p1a: Carnivine\n|-status|p1a: Carnivine|brn\n|move|p1a: Carnivine|Swords Dance|p1a: Carnivine\n|-boost|p1a: Carnivine|atk|2\n|\n|-damage|p1a: Carnivine|291/310 brn|[from] brn\n|upkeep\n|turn|15\n|\n|t:|1770141357\n|switch|p2a: Klinklang|Klinklang, L87|246/246\n|move|p1a: Carnivine|Swords Dance|p1a: Carnivine\n|-boost|p1a: Carnivine|atk|2\n|\n|-heal|p1a: Carnivine|310/310 brn|[from] item: Leftovers\n|-damage|p1a: Carnivine|291/310 brn|[from] brn\n|upkeep\n|turn|16\n|\n|t:|1770141366\n|move|p2a: Klinklang|Shift Gear|p2a: Klinklang\n|-boost|p2a: Klinklang|spe|2\n|-boost|p2a: Klinklang|atk|1\n|move|p1a: Carnivine|Knock Off|p2a: Klinklang\n|-damage|p2a: Klinklang|165/246\n|\n|-heal|p1a: Carnivine|310/310 brn|[from] item: Leftovers\n|-damage|p1a: Carnivine|291/310 brn|[from] brn\n|upkeep\n|turn|17\n|\n|t:|1770141376\n|move|p2a: Klinklang|Gear Grind|p1a: Carnivine\n|-damage|p1a: Carnivine|198/310 brn\n|-damage|p1a: Carnivine|116/310 brn\n|-hitcount|p1a: Carnivine|2\n|move|p1a: Carnivine|Knock Off|p2a: Klinklang\n|-damage|p2a: Klinklang|93/246\n|\n|-heal|p1a: Carnivine|135/310 brn|[from] item: Leftovers\n|-damage|p1a: Carnivine|116/310 brn|[from] brn\n|upkeep\n|turn|18\n|\n|t:|1770141386\n|switch|p1a: Relicanth|Relicanth, L88, M|319/319\n|move|p2a: Klinklang|Gear Grind|p1a: Relicanth\n|-damage|p1a: Relicanth|259/319\n|-damage|p1a: Relicanth|196/319\n|-hitcount|p1a: Relicanth|2\n|\n|upkeep\n|turn|19\n|\n|t:|1770141394\n|switch|p1a: Hippowdon|Hippowdon, L82, M|311/311\n|-weather|Sandstorm|[from] ability: Sand Stream|[of] p1a: Hippowdon\n|-zpower|p2a: Klinklang\n|move|p2a: Klinklang|Gigavolt Havoc|p1a: Hippowdon|[zeffect]\n|-immune|p1a: Hippowdon\n|\n|-weather|Sandstorm|[upkeep]\n|upkeep\n|turn|20\n|\n|t:|1770141406\n|move|p2a: Klinklang|Gear Grind|p1a: Hippowdon\n|-damage|p1a: Hippowdon|245/311\n|-damage|p2a: Klinklang|52/246|[from] item: Rocky Helmet|[of] p1a: Hippowdon\n|-damage|p1a: Hippowdon|170/311\n|-damage|p2a: Klinklang|11/246|[from] item: Rocky Helmet|[of] p1a: Hippowdon\n|-hitcount|p1a: Hippowdon|2\n|move|p1a: Hippowdon|Earthquake|p2a: Klinklang\n|-supereffective|p2a: Klinklang\n|-damage|p2a: Klinklang|0 fnt\n|faint|p2a: Klinklang\n|\n|-weather|Sandstorm|[upkeep]\n|upkeep\n|\n|t:|1770141420\n|switch|p2a: Gourgeist|Gourgeist-Large, L91, F|230/284\n|-item|p1a: Hippowdon|Rocky Helmet|[from] ability: Frisk|[of] p2a: Gourgeist\n|turn|21\n|\n|t:|1770141426\n|switch|p1a: Machamp|Machamp, L84, M|86/288 brn\n|move|p2a: Gourgeist|Seed Bomb|p1a: Machamp\n|-damage|p1a: Machamp|0 fnt\n|faint|p1a: Machamp\n|\n|-weather|Sandstorm|[upkeep]\n|-damage|p2a: Gourgeist|213/284|[from] Sandstorm\n|upkeep\n|\n|t:|1770141428\n|switch|p1a: Carnivine|Carnivine, M|116/310 brn\n|turn|22\n|\n|t:|1770141443\n|move|p2a: Gourgeist|Seed Bomb|p1a: Carnivine\n|-resisted|p1a: Carnivine\n|-damage|p1a: Carnivine|68/310 brn\n|move|p1a: Carnivine|Synthesis|p1a: Carnivine\n|-heal|p1a: Carnivine|145/310 brn\n|\n|-weather|Sandstorm|[upkeep]\n|-damage|p2a: Gourgeist|196/284|[from] Sandstorm\n|-damage|p1a: Carnivine|126/310 brn|[from] Sandstorm\n|-heal|p1a: Carnivine|145/310 brn|[from] item: Leftovers\n|-damage|p1a: Carnivine|126/310 brn|[from] brn\n|upkeep\n|turn|23\n|\n|t:|1770141456\n|switch|p2a: Doublade|Doublade, L85, M|239/239\n|move|p1a: Carnivine|Synthesis|p1a: Carnivine\n|-heal|p1a: Carnivine|203/310 brn\n|\n|-weather|none\n|-heal|p1a: Carnivine|222/310 brn|[from] item: Leftovers\n|-damage|p1a: Carnivine|203/310 brn|[from] brn\n|upkeep\n|turn|24\n|\n|t:|1770141465\n|switch|p1a: Relicanth|Relicanth, L88, M|196/319\n|move|p2a: Doublade|Swords Dance|p2a: Doublade\n|-boost|p2a: Doublade|atk|2\n|\n|upkeep\n|turn|25\n|\n|t:|1770141473\n|switch|p2a: Gourgeist|Gourgeist-Large, L91, F|196/284\n|-item|p1a: Relicanth|Choice Band|[from] ability: Frisk|[of] p2a: Gourgeist\n|move|p1a: Relicanth|Earthquake|p2a: Gourgeist\n|-resisted|p2a: Gourgeist\n|-damage|p2a: Gourgeist|154/284\n|\n|upkeep\n|turn|26\n|\n|t:|1770141483\n|switch|p2a: Clawitzer|Clawitzer, L87, F|265/265\n|switch|p1a: Carnivine|Carnivine, M|203/310 brn\n|\n|-heal|p1a: Carnivine|222/310 brn|[from] item: Leftovers\n|-damage|p1a: Carnivine|203/310 brn|[from] brn\n|upkeep\n|turn|27\n|\n|t:|1770141496\n|switch|p1a: Relicanth|Relicanth, L88, M|196/319\n|move|p2a: Clawitzer|Ice Beam|p1a: Relicanth\n|-resisted|p1a: Relicanth\n|-damage|p1a: Relicanth|151/319\n|\n|upkeep\n|turn|28\n|\n|t:|1770141514\n|move|p2a: Clawitzer|U-turn|p1a: Relicanth\n|-crit|p1a: Relicanth\n|-damage|p1a: Relicanth|109/319\n|\n|t:|1770141516\n|switch|p2a: Quagsire|Quagsire, L87, M|307/307|[from] U-turn\n|move|p1a: Relicanth|Head Smash|p2a: Quagsire\n|-resisted|p2a: Quagsire\n|-damage|p2a: Quagsire|183/307\n|\n|-heal|p2a: Quagsire|202/307|[from] item: Leftovers\n|upkeep\n|turn|29\n|\n|t:|1770141527\n|switch|p1a: Carnivine|Carnivine, M|203/310 brn\n|move|p2a: Quagsire|Scald|p1a: Carnivine\n|-resisted|p1a: Carnivine\n|-damage|p1a: Carnivine|168/310 brn\n|\n|-heal|p1a: Carnivine|187/310 brn|[from] item: Leftovers\n|-heal|p2a: Quagsire|221/307|[from] item: Leftovers\n|-damage|p1a: Carnivine|168/310 brn|[from] brn\n|upkeep\n|turn|30\n|\n|t:|1770141537\n|move|p1a: Carnivine|Power Whip|p2a: Quagsire|[miss]\n|-miss|p1a: Carnivine|p2a: Quagsire\n|move|p2a: Quagsire|Ice Beam|p1a: Carnivine\n|-supereffective|p1a: Carnivine\n|-damage|p1a: Carnivine|62/310 brn\n|\n|-heal|p1a: Carnivine|81/310 brn|[from] item: Leftovers\n|-heal|p2a: Quagsire|240/307|[from] item: Leftovers\n|-damage|p1a: Carnivine|62/310 brn|[from] brn\n|upkeep\n|turn|31\n|\n|t:|1770141548\n|move|p1a: Carnivine|Synthesis|p1a: Carnivine\n|-heal|p1a: Carnivine|217/310 brn\n|move|p2a: Quagsire|Ice Beam|p1a: Carnivine\n|-supereffective|p1a: Carnivine\n|-damage|p1a: Carnivine|117/310 brn\n|\n|-heal|p1a: Carnivine|136/310 brn|[from] item: Leftovers\n|-heal|p2a: Quagsire|259/307|[from] item: Leftovers\n|-damage|p1a: Carnivine|117/310 brn|[from] brn\n|upkeep\n|turn|32\n|\n|t:|1770141559\n|switch|p2a: Doublade|Doublade, L85, M|239/239\n|move|p1a: Carnivine|Synthesis|p1a: Carnivine\n|-heal|p1a: Carnivine|272/310 brn\n|\n|-heal|p1a: Carnivine|291/310 brn|[from] item: Leftovers\n|-damage|p1a: Carnivine|272/310 brn|[from] brn\n|upkeep\n|turn|33\n|\n|t:|1770141568\n|move|p1a: Carnivine|Knock Off|p2a: Doublade\n|-supereffective|p2a: Doublade\n|-damage|p2a: Doublade|193/239\n|-enditem|p2a: Doublade|Eviolite|[from] move: Knock Off|[of] p1a: Carnivine\n|move|p2a: Doublade|Swords Dance|p2a: Doublade\n|-boost|p2a: Doublade|atk|2\n|\n|-heal|p1a: Carnivine|291/310 brn|[from] item: Leftovers\n|-damage|p1a: Carnivine|272/310 brn|[from] brn\n|upkeep\n|turn|34\n|\n|t:|1770141579\n|switch|p1a: Hippowdon|Hippowdon, L82, M|170/311\n|-weather|Sandstorm|[from] ability: Sand Stream|[of] p1a: Hippowdon\n|move|p2a: Doublade|Iron Head|p1a: Hippowdon\n|-crit|p1a: Hippowdon\n|-damage|p1a: Hippowdon|0 fnt\n|-damage|p2a: Doublade|154/239|[from] item: Rocky Helmet|[of] p1a: Hippowdon\n|faint|p1a: Hippowdon\n|\n|-weather|Sandstorm|[upkeep]\n|upkeep\n|\n|t:|1770141585\n|switch|p1a: Relicanth|Relicanth, L88, M|109/319\n|turn|35\n|\n|t:|1770141603\n|switch|p2a: Gourgeist|Gourgeist-Large, L91, F|154/284\n|-item|p1a: Relicanth|Choice Band|[from] ability: Frisk|[of] p2a: Gourgeist\n|move|p1a: Relicanth|Earthquake|p2a: Gourgeist\n|-resisted|p2a: Gourgeist\n|-damage|p2a: Gourgeist|116/284\n|\n|-weather|Sandstorm|[upkeep]\n|-damage|p2a: Gourgeist|99/284|[from] Sandstorm\n|upkeep\n|turn|36\n|\n|t:|1770141613\n|switch|p1a: Carnivine|Carnivine, M|272/310 brn\n|move|p2a: Gourgeist|Seed Bomb|p1a: Carnivine\n|-resisted|p1a: Carnivine\n|-damage|p1a: Carnivine|221/310 brn\n|\n|-weather|Sandstorm|[upkeep]\n|-damage|p2a: Gourgeist|82/284|[from] Sandstorm\n|-damage|p1a: Carnivine|202/310 brn|[from] Sandstorm\n|-heal|p1a: Carnivine|221/310 brn|[from] item: Leftovers\n|-damage|p1a: Carnivine|202/310 brn|[from] brn\n|upkeep\n|turn|37\n|\n|t:|1770141628\n|move|p2a: Gourgeist|Seed Bomb|p1a: Carnivine\n|-resisted|p1a: Carnivine\n|-damage|p1a: Carnivine|157/310 brn\n|move|p1a: Carnivine|Swords Dance|p1a: Carnivine\n|-boost|p1a: Carnivine|atk|2\n|\n|-weather|Sandstorm|[upkeep]\n|-damage|p2a: Gourgeist|65/284|[from] Sandstorm\n|-damage|p1a: Carnivine|138/310 brn|[from] Sandstorm\n|-heal|p1a: Carnivine|157/310 brn|[from] item: Leftovers\n|-damage|p1a: Carnivine|138/310 brn|[from] brn\n|upkeep\n|turn|38\n|\n|t:|1770141640\n|switch|p2a: Clawitzer|Clawitzer, L87, F|265/265\n|move|p1a: Carnivine|Power Whip|p2a: Clawitzer\n|-supereffective|p2a: Clawitzer\n|-damage|p2a: Clawitzer|0 fnt\n|faint|p2a: Clawitzer\n|\n|-weather|none\n|-heal|p1a: Carnivine|157/310 brn|[from] item: Leftovers\n|-damage|p1a: Carnivine|138/310 brn|[from] brn\n|upkeep\n|\n|t:|1770141654\n|switch|p2a: Doublade|Doublade, L85, M|154/239\n|turn|39\n|c|☆Snoop Rogue|Look at those reads\n|c|☆Snoop Rogue|😎\n|\n|t:|1770141668\n|move|p1a: Carnivine|Knock Off|p2a: Doublade\n|-supereffective|p2a: Doublade\n|-damage|p2a: Doublade|70/239\n|move|p2a: Doublade|Swords Dance|p2a: Doublade\n|-boost|p2a: Doublade|atk|2\n|\n|-heal|p1a: Carnivine|157/310 brn|[from] item: Leftovers\n|-damage|p1a: Carnivine|138/310 brn|[from] brn\n|upkeep\n|turn|40\n|\n|t:|1770141678\n|move|p2a: Doublade|Shadow Sneak|p1a: Carnivine\n|-damage|p1a: Carnivine|45/310 brn\n|move|p1a: Carnivine|Knock Off|p2a: Doublade\n|-supereffective|p2a: Doublade\n|-damage|p2a: Doublade|0 fnt\n|faint|p2a: Doublade\n|\n|-heal|p1a: Carnivine|64/310 brn|[from] item: Leftovers\n|-damage|p1a: Carnivine|45/310 brn|[from] brn\n|upkeep\n|-message|sohrob3 forfeited.\n|\n|win|Snoop Rogue\n|raw|Snoop Rogue's rating: 1768 &rarr; <strong>1786</strong><br />(+18 for winning)\n|raw|sohrob3's rating: 1736 &rarr; <strong>1718</strong><br />(-18 for losing)\n|l|☆sohrob3\n|player|p2|\n", "inputlog": ">version ccdc32dd7cde25fd9e4bed64820e885f66e78a4e\n>start {\"formatid\":\"gen7randombattle\",\"seed\":\"sodium,5ddfa62d16ef29ff2be4bd2f824f3e69\",\"rated\":\"Rated battle\"}\n>player p1 {\"name\":\"Snoop Rogue\",\"avatar\":\"koga-lgpe\",\"rating\":1768,\"seed\":\"sodium,dba9aff7f8cb87571838dd79b2c2247c\"}\n>player p2 {\"name\":\"sohrob3\",\"avatar\":\"2\",\"rating\":1736,\"seed\":\"sodium,f066db1a4a9ed1b6e099a31b8a6be6b7\"}\n>p1 switch 3\n>p2 move icebeam\n>p1 move facade\n>p2 switch 5\n>p1 switch 5\n>p2 move roost mega\n>p1 move stoneedge\n>p2 move dragondance\n>p1 switch 3\n>p2 move roost\n>p1 move icebeam\n>p2 move roost\n>p1 move icebeam\n>p2 move earthquake\n>p2 switch 5\n>p1 move recover\n>p2 move earthquake\n>p1 switch 6\n>p2 move scald\n>p1 move swordsdance\n>p2 switch 6\n>p1 switch 5\n>p2 move willowisp\n>p1 move knockoff\n>p2 move seedbomb\n>p1 switch 5\n>p2 move synthesis\n>p1 move swordsdance\n>p2 move willowisp\n>p1 move swordsdance\n>p2 switch 3\n>p1 move knockoff\n>p2 move shiftgear\n>p1 move knockoff\n>p2 move geargrind\n>p1 switch 2\n>p2 move geargrind\n>p1 switch 3\n>p2 move wildcharge zmove\n>p1 move earthquake\n>p2 move geargrind\n>p2 switch 3\n>p1 switch 5\n>p2 move seedbomb\n>p1 switch 2\n>p1 move synthesis\n>p2 move seedbomb\n>p1 move synthesis\n>p2 switch 2\n>p1 switch 3\n>p2 move swordsdance\n>p1 move earthquake\n>p2 switch 2\n>p1 switch 3\n>p2 switch 4\n>p1 switch 3\n>p2 move icebeam\n>p1 move headsmash\n>p2 move uturn\n>p2 switch 6\n>p1 switch 3\n>p2 move scald\n>p1 move powerwhip\n>p2 move icebeam\n>p1 move synthesis\n>p2 move icebeam\n>p1 move synthesis\n>p2 switch 2\n>p1 move knockoff\n>p2 move swordsdance\n>p1 switch 5\n>p2 move ironhead\n>p1 switch 3\n>p1 move earthquake\n>p2 switch 4\n>p1 switch 5\n>p2 move seedbomb\n>p1 move swordsdance\n>p2 move seedbomb\n>p1 move powerwhip\n>p2 switch 6\n>p2 switch 4\n>chat ☆Snoop Rogue|Look at those reads\n>chat ☆Snoop Rogue|😎\n>p1 move knockoff\n>p2 move swordsdance\n>p1 move knockoff\n>p2 move shadowsneak\n>forcelose p2", "uploadtime": 1770141693, "views": 146, "formatid": "gen7randombattle", "rating": 1718, "private": 0, "password": null}