{"id": "gen7randombattle-2538013919", "format": "[Gen 7] Random Battle", "players": ["aurora ltd", "tomkegs"], "log": "|j|☆aurora ltd\n|j|☆tomkegs\n|t:|1770877841\n|gametype|singles\n|player|p1|aurora ltd|1|1636\n|player|p2|tomkegs|janitor|1572\n|gen|7\n|tier|[Gen 7] Random Battle\n|rated|\n|rule|Sleep Clause Mod: Limit one foe put to sleep\n|rule|HP Percentage Mod: HP is shown in percentages\n|rule|Illusion Level Mod: Illusion disguises the Pokémon's true level\n|\n|t:|1770877841\n|teamsize|p1|6\n|teamsize|p2|6\n|start\n|switch|p1a: Meganium|Meganium, L92, M|297/297\n|switch|p2a: Metagross|Metagross, L79|256/256\n|turn|1\n|\n|t:|1770877871\n|switch|p2a: Skarmory|Skarmory, L75, F|221/221\n|move|p1a: Meganium|Leech Seed|p2a: Skarmory|[miss]\n|-miss|p1a: Meganium|p2a: Skarmory\n|\n|upkeep\n|turn|2\n|\n|t:|1770877891\n|switch|p1a: Eelektross|Eelektross, L88, F|293/293\n|move|p2a: Skarmory|Spikes|p1a: Eelektross\n|-sidestart|p1: aurora ltd|Spikes\n|\n|upkeep\n|turn|3\n|\n|t:|1770877902\n|switch|p2a: Rampardos|Rampardos, L88, F|314/314\n|move|p1a: Eelektross|Discharge|p2a: Rampardos\n|-damage|p2a: Rampardos|176/314\n|\n|upkeep\n|turn|4\n|\n|t:|1770877917\n|move|p2a: Rampardos|Head Smash|p1a: Eelektross\n|-damage|p1a: Eelektross|0 fnt\n|faint|p1a: Eelektross\n|-damage|p2a: Rampardos|29/314|[from] Recoil\n|\n|upkeep\n|\n|t:|1770877936\n|switch|p1a: Scrafty|Scrafty, L84, F|246/246\n|-damage|p1a: Scrafty|216/246|[from] Spikes\n|-ability|p1a: Scrafty|Intimidate|boost\n|-unboost|p2a: Rampardos|atk|1\n|turn|5\n|\n|t:|1770877942\n|switch|p2a: Floette|Floette-Eternal, L83, F|259/259\n|move|p1a: Scrafty|Dragon Dance|p1a: Scrafty\n|-boost|p1a: Scrafty|atk|1\n|-boost|p1a: Scrafty|spe|1\n|\n|-heal|p1a: Scrafty|231/246|[from] item: Leftovers\n|upkeep\n|turn|6\n|\n|t:|1770877967\n|switch|p1a: Meganium|Meganium, L92, M|297/297\n|-damage|p1a: Meganium|260/297|[from] Spikes\n|move|p2a: Floette|Moonblast|p1a: Meganium\n|-crit|p1a: Meganium\n|-damage|p1a: Meganium|37/297\n|\n|-heal|p1a: Meganium|55/297|[from] item: Leftovers\n|upkeep\n|turn|7\n|\n|t:|1770877991\n|move|p2a: Floette|Moonblast|p1a: Meganium\n|-damage|p1a: Meganium|0 fnt\n|faint|p1a: Meganium\n|\n|upkeep\n|\n|t:|1770878000\n|switch|p1a: Ribombee|Ribombee, L84, F|238/238\n|-damage|p1a: Ribombee|209/238|[from] Spikes\n|turn|8\n|\n|t:|1770878009\n|switch|p2a: Skarmory|Skarmory, L75, F|221/221\n|move|p1a: Ribombee|Sticky Web|p2a: Skarmory\n|-sidestart|p2: tomkegs|move: Sticky Web\n|\n|-heal|p1a: Ribombee|223/238|[from] item: Leftovers\n|upkeep\n|turn|9\n|\n|t:|1770878016\n|move|p1a: Ribombee|U-turn|p2a: Skarmory\n|-resisted|p2a: Skarmory\n|-damage|p2a: Skarmory|212/221\n|-damage|p1a: Ribombee|184/238|[from] item: Rocky Helmet|[of] p2a: Skarmory\n|\n|t:|1770878020\n|switch|p1a: Tapu Koko|Tapu Koko, L77|234/234|[from] U-turn\n|-damage|p1a: Tapu Koko|205/234|[from] Spikes\n|-fieldstart|move: Electric Terrain|[from] ability: Electric Surge|[of] p1a: Tapu Koko\n|move|p2a: Skarmory|Brave Bird|p1a: Tapu Koko\n|-resisted|p1a: Tapu Koko\n|-damage|p1a: Tapu Koko|159/234\n|-damage|p2a: Skarmory|197/221|[from] Recoil\n|\n|-heal|p1a: Tapu Koko|173/234|[from] item: Leftovers\n|upkeep\n|turn|10\n|\n|t:|1770878035\n|switch|p2a: Rampardos|Rampardos, L88, F|29/314\n|-activate|p2a: Rampardos|move: Sticky Web\n|-unboost|p2a: Rampardos|spe|1\n|move|p1a: Tapu Koko|Wild Charge|p2a: Rampardos\n|-damage|p2a: Rampardos|0 fnt\n|faint|p2a: Rampardos\n|-damage|p1a: Tapu Koko|166/234|[from] Recoil\n|\n|-heal|p1a: Tapu Koko|180/234|[from] item: Leftovers\n|upkeep\n|\n|t:|1770878038\n|switch|p2a: Metagross|Metagross, L79|256/256\n|-activate|p2a: Metagross|move: Sticky Web\n|-fail|p2a: Metagross|unboost|[from] ability: Clear Body|[of] p2a: Metagross\n|turn|11\n|\n|t:|1770878069\n|move|p1a: Tapu Koko|Nature's Madness|p2a: Metagross\n|-damage|p2a: Metagross|128/256\n|move|p2a: Metagross|Earthquake|p1a: Tapu Koko\n|-supereffective|p1a: Tapu Koko\n|-damage|p1a: Tapu Koko|0 fnt\n|faint|p1a: Tapu Koko\n|\n|upkeep\n|\n|t:|1770878097\n|switch|p1a: Scrafty|Scrafty, L84, F|231/246\n|-damage|p1a: Scrafty|201/246|[from] Spikes\n|-ability|p1a: Scrafty|Intimidate|boost\n|-fail|p2a: Metagross|unboost|[from] ability: Clear Body|[of] p2a: Metagross\n|turn|12\n|\n|t:|1770878114\n|switch|p2a: Skarmory|Skarmory, L75, F|197/221\n|move|p1a: Scrafty|Dragon Dance|p1a: Scrafty\n|-boost|p1a: Scrafty|atk|1\n|-boost|p1a: Scrafty|spe|1\n|\n|-heal|p1a: Scrafty|216/246|[from] item: Leftovers\n|upkeep\n|turn|13\n|\n|t:|1770878140\n|move|p1a: Scrafty|Knock Off|p2a: Skarmory\n|-damage|p2a: Skarmory|79/221\n|-damage|p1a: Scrafty|175/246|[from] item: Rocky Helmet|[of] p2a: Skarmory\n|-enditem|p2a: Skarmory|Rocky Helmet|[from] move: Knock Off|[of] p1a: Scrafty\n|move|p2a: Skarmory|Brave Bird|p1a: Scrafty\n|-supereffective|p1a: Scrafty\n|-damage|p1a: Scrafty|35/246\n|-damage|p2a: Skarmory|33/221|[from] Recoil\n|\n|-heal|p1a: Scrafty|50/246|[from] item: Leftovers\n|-fieldend|move: Electric Terrain\n|upkeep\n|turn|14\n|\n|t:|1770878150\n|move|p1a: Scrafty|Drain Punch|p2a: Skarmory\n|-damage|p2a: Skarmory|0 fnt\n|-heal|p1a: Scrafty|67/246|[from] drain|[of] p2a: Skarmory\n|faint|p2a: Skarmory\n|\n|-heal|p1a: Scrafty|82/246|[from] item: Leftovers\n|upkeep\n|\n|t:|1770878155\n|switch|p2a: Metagross|Metagross, L79|128/256\n|-activate|p2a: Metagross|move: Sticky Web\n|-fail|p2a: Metagross|unboost|[from] ability: Clear Body|[of] p2a: Metagross\n|turn|15\n|\n|t:|1770878166\n|move|p2a: Metagross|Meteor Mash|p1a: Scrafty\n|-damage|p1a: Scrafty|0 fnt\n|faint|p1a: Scrafty\n|\n|upkeep\n|\n|t:|1770878173\n|switch|p1a: Crawdaunt|Crawdaunt, L85, F|246/246\n|-damage|p1a: Crawdaunt|216/246|[from] Spikes\n|turn|16\n|\n|t:|1770878188\n|switch|p2a: Chatot|Chatot, L89, M|279/279\n|move|p1a: Crawdaunt|Dragon Dance|p1a: Crawdaunt\n|-boost|p1a: Crawdaunt|atk|1\n|-boost|p1a: Crawdaunt|spe|1\n|\n|upkeep\n|turn|17\n|\n|t:|1770878206\n|move|p1a: Crawdaunt|Knock Off|p2a: Chatot\n|-damage|p2a: Chatot|0 fnt\n|-enditem|p2a: Chatot|Choice Specs|[from] move: Knock Off|[of] p1a: Crawdaunt\n|faint|p2a: Chatot\n|-damage|p1a: Crawdaunt|192/246|[from] item: Life Orb\n|\n|upkeep\n|\n|t:|1770878217\n|switch|p2a: Metagross|Metagross, L79|128/256\n|-activate|p2a: Metagross|move: Sticky Web\n|-fail|p2a: Metagross|unboost|[from] ability: Clear Body|[of] p2a: Metagross\n|turn|18\n|\n|t:|1770878224\n|move|p2a: Metagross|Explosion|p1a: Crawdaunt\n|-damage|p1a: Crawdaunt|0 fnt\n|faint|p2a: Metagross\n|faint|p1a: Crawdaunt\n|\n|upkeep\n|\n|t:|1770878229\n|switch|p2a: Slowbro|Slowbro, L83, M|293/293\n|switch|p1a: Ribombee|Ribombee, L84, F|184/238\n|-damage|p1a: Ribombee|155/238|[from] Spikes\n|-activate|p2a: Slowbro|move: Sticky Web\n|-unboost|p2a: Slowbro|spe|1\n|turn|19\n|\n|t:|1770878239\n|detailschange|p2a: Slowbro|Slowbro-Mega, L83, M\n|-mega|p2a: Slowbro|Slowbro|Slowbronite\n|move|p1a: Ribombee|Moonblast|p2a: Slowbro\n|-damage|p2a: Slowbro|185/293\n|move|p2a: Slowbro|Psyshock|p1a: Ribombee\n|-damage|p1a: Ribombee|17/238\n|\n|-heal|p1a: Ribombee|31/238|[from] item: Leftovers\n|upkeep\n|turn|20\n|\n|t:|1770878249\n|move|p1a: Ribombee|U-turn|p2a: Slowbro\n|-supereffective|p2a: Slowbro\n|-damage|p2a: Slowbro|125/293\n|move|p2a: Slowbro|Psyshock|p1a: Ribombee\n|-damage|p1a: Ribombee|0 fnt\n|faint|p1a: Ribombee\n|\n|win|tomkegs\n|raw|aurora ltd's rating: 1636 &rarr; <strong>1612</strong><br />(-24 for losing)\n|raw|tomkegs's rating: 1572 &rarr; <strong>1596</strong><br />(+24 for winning)\n|l|☆tomkegs\n|player|p2|\n", "inputlog": ">version ccdc32dd7cde25fd9e4bed64820e885f66e78a4e\n>start {\"formatid\":\"gen7randombattle\",\"seed\":\"sodium,e70a8d0c6746e5e4d3bc615a008a75ef\",\"rated\":\"Rated battle\"}\n>player p1 {\"name\":\"aurora ltd\",\"avatar\":\"1\",\"rating\":1636,\"seed\":\"sodium,7959e998842e20340fb948392977842e\"}\n>player p2 {\"name\":\"tomkegs\",\"avatar\":\"janitor\",\"rating\":1572,\"seed\":\"sodium,ec7b8457a4089b51a4635469f909c7d7\"}\n>p1 move leechseed\n>p2 switch 4\n>p1 switch 3\n>p2 move spikes\n>p1 move discharge\n>p2 switch 5\n>p1 move gigadrain\n>p2 move headsmash\n>p1 switch 4\n>p1 move dragondance\n>p2 switch 6\n>p1 switch 3\n>p2 move moonblast\n>p1 move leechseed\n>p2 move moonblast\n>p1 switch 5\n>p1 move stickyweb\n>p2 switch 5\n>p1 move uturn\n>p2 move bravebird\n>p1 switch 2\n>p1 move wildcharge\n>p2 switch 6\n>p2 switch 4\n>p1 move naturesmadness\n>p2 move earthquake\n>p1 switch 3\n>p1 move dragondance\n>p2 switch 6\n>p1 move knockoff\n>p2 move bravebird\n>p1 move drainpunch\n>p2 move bravebird\n>p2 switch 6\n>p1 move knockoff\n>p2 move meteormash\n>p1 switch 6\n>p1 move dragondance\n>p2 switch 2\n>p1 move knockoff\n>p2 move boomburst\n>p2 switch 2\n>p1 move dragondance\n>p2 move explosion\n>p1 switch 2\n>p2 switch 3\n>p1 move moonblast\n>p2 move psyshock mega\n>p1 move uturn\n>p2 move psyshock", "uploadtime": 1770878264, "views": 239, "formatid": "gen7randombattle", "rating": 1596, "private": 0, "password": null}