{"id": "gen7randombattle-2540571542", "format": "[Gen 7] Random Battle", "players": ["CMONMANE", "Venus XOXO"], "log": "|j|☆CMONMANE\n|j|☆Venus XOXO\n|t:|1771219880\n|gametype|singles\n|player|p1|CMONMANE|unknown|1609\n|player|p2|Venus XOXO|hoopster|1609\n|gen|7\n|tier|[Gen 7] Random Battle\n|rated|\n|rule|Sleep Clause Mod: Limit one foe put to sleep\n|rule|HP Percentage Mod: HP is shown in percentages\n|rule|Illusion Level Mod: Illusion disguises the Pokémon's true level\n|\n|t:|1771219880\n|teamsize|p1|6\n|teamsize|p2|6\n|start\n|switch|p1a: Tyrantrum|Tyrantrum, L81, F|265/265\n|switch|p2a: Sawk|Sawk, L86, M|269/269\n|turn|1\n|inactive|Battle timer is ON: inactive players will automatically lose when time's up. (requested by CMONMANE)\n|inactive|CMONMANE has 120 seconds left.\n|\n|t:|1771219916\n|switch|p1a: Volbeat|Volbeat, L91, M|266/266\n|move|p2a: Sawk|Bulk Up|p2a: Sawk\n|-boost|p2a: Sawk|atk|1\n|-boost|p2a: Sawk|def|1\n|\n|upkeep\n|turn|2\n|\n|t:|1771219922\n|move|p1a: Volbeat|Thunder Wave|p2a: Sawk\n|-status|p2a: Sawk|par\n|move|p2a: Sawk|Knock Off|p1a: Volbeat\n|-damage|p1a: Volbeat|134/266\n|-enditem|p1a: Volbeat|Leftovers|[from] move: Knock Off|[of] p2a: Sawk\n|\n|upkeep\n|turn|3\n|\n|t:|1771219931\n|move|p1a: Volbeat|Roost|p1a: Volbeat\n|-heal|p1a: Volbeat|266/266\n|-singleturn|p1a: Volbeat|move: Roost\n|move|p2a: Sawk|Bulk Up|p2a: Sawk\n|-boost|p2a: Sawk|atk|1\n|-boost|p2a: Sawk|def|1\n|\n|upkeep\n|turn|4\n|\n|t:|1771219936\n|move|p1a: Volbeat|Encore|p2a: Sawk\n|-start|p2a: Sawk|Encore\n|move|p2a: Sawk|Bulk Up|p2a: Sawk\n|-boost|p2a: Sawk|atk|1\n|-boost|p2a: Sawk|def|1\n|\n|upkeep\n|turn|5\n|\n|t:|1771219952\n|switch|p2a: Luvdisc|Luvdisc, F|248/248\n|move|p1a: Volbeat|Lunge|p2a: Luvdisc\n|-damage|p2a: Luvdisc|160/248\n|-unboost|p2a: Luvdisc|atk|1\n|\n|-heal|p2a: Luvdisc|175/248|[from] item: Leftovers\n|upkeep\n|turn|6\n|\n|t:|1771219958\n|switch|p1a: Steelix|Steelix, L80, M|251/251\n|move|p2a: Luvdisc|Toxic|p1a: Steelix|[miss]\n|-miss|p2a: Luvdisc|p1a: Steelix\n|\n|-heal|p2a: Luvdisc|190/248|[from] item: Leftovers\n|upkeep\n|turn|7\n|\n|t:|1771219966\n|detailschange|p1a: Steelix|Steelix-Mega, L80, M\n|-mega|p1a: Steelix|Steelix|Steelixite\n|move|p2a: Luvdisc|Scald|p1a: Steelix\n|-supereffective|p1a: Steelix\n|-damage|p1a: Steelix|113/251\n|move|p1a: Steelix|Earthquake|p2a: Luvdisc\n|-damage|p2a: Luvdisc|40/248\n|\n|-heal|p2a: Luvdisc|55/248|[from] item: Leftovers\n|upkeep\n|turn|8\n|\n|t:|1771219980\n|move|p2a: Luvdisc|Scald|p1a: Steelix\n|-supereffective|p1a: Steelix\n|-damage|p1a: Steelix|0 fnt\n|faint|p1a: Steelix\n|detailschange|p1: Steelix|Steelix, L80, M|[silent]\n|\n|-heal|p2a: Luvdisc|70/248|[from] item: Leftovers\n|upkeep\n|\n|t:|1771219986\n|switch|p1a: Farfetch’d|Farfetch’d, F|266/266\n|turn|9\n|\n|t:|1771219991\n|move|p2a: Luvdisc|Ice Beam|p1a: Farfetch’d\n|-supereffective|p1a: Farfetch’d\n|-damage|p1a: Farfetch’d|160/266\n|move|p1a: Farfetch’d|Leaf Blade|p2a: Luvdisc\n|-supereffective|p2a: Luvdisc\n|-crit|p2a: Luvdisc\n|-damage|p2a: Luvdisc|0 fnt\n|faint|p2a: Luvdisc\n|\n|upkeep\n|\n|t:|1771220001\n|switch|p2a: Kingler|Kingler, L87, F|237/237\n|turn|10\n|inactive|CMONMANE has 120 seconds left.\n|\n|t:|1771220035\n|move|p2a: Kingler|Liquidation|p1a: Farfetch’d\n|-damage|p1a: Farfetch’d|0 fnt\n|faint|p1a: Farfetch’d\n|\n|upkeep\n|inactive|CMONMANE has 120 seconds left.\n|\n|t:|1771220052\n|switch|p1a: Volbeat|Volbeat, L91, M|266/266\n|turn|11\n|\n|t:|1771220070\n|move|p1a: Volbeat|Lunge|p2a: Kingler\n|-damage|p2a: Kingler|179/237\n|-unboost|p2a: Kingler|atk|1\n|move|p2a: Kingler|Liquidation|p1a: Volbeat\n|-damage|p1a: Volbeat|113/266\n|\n|upkeep\n|turn|12\n|inactive|CMONMANE has 120 seconds left.\n|\n|t:|1771220083\n|move|p1a: Volbeat|Lunge|p2a: Kingler\n|-damage|p2a: Kingler|113/237\n|-unboost|p2a: Kingler|atk|1\n|move|p2a: Kingler|Liquidation|p1a: Volbeat\n|-damage|p1a: Volbeat|0 fnt\n|faint|p1a: Volbeat\n|\n|upkeep\n|inactive|CMONMANE has 120 seconds left.\n|\n|t:|1771220098\n|switch|p1a: Tyrantrum|Tyrantrum, L81, F|265/265\n|turn|13\n|\n|t:|1771220117\n|switch|p2a: Sawk|Sawk, L86, M|269/269 par\n|move|p1a: Tyrantrum|Dragon Dance|p1a: Tyrantrum\n|-boost|p1a: Tyrantrum|atk|1\n|-boost|p1a: Tyrantrum|spe|1\n|\n|upkeep\n|turn|14\n|inactive|CMONMANE has 120 seconds left.\n|\n|t:|1771220142\n|move|p1a: Tyrantrum|Outrage|p2a: Sawk\n|-damage|p2a: Sawk|28/269 par\n|move|p2a: Sawk|Close Combat|p1a: Tyrantrum\n|-supereffective|p1a: Tyrantrum\n|-damage|p1a: Tyrantrum|0 fnt\n|-unboost|p2a: Sawk|def|1\n|-unboost|p2a: Sawk|spd|1\n|faint|p1a: Tyrantrum\n|\n|-heal|p2a: Sawk|44/269 par|[from] item: Leftovers\n|upkeep\n|\n|t:|1771220151\n|switch|p1a: Mandibuzz|Mandibuzz, L84, F|322/322\n|turn|15\n|\n|t:|1771220157\n|move|p1a: Mandibuzz|Knock Off|p2a: Sawk\n|-resisted|p2a: Sawk\n|-damage|p2a: Sawk|0 fnt\n|-enditem|p2a: Sawk|Leftovers|[from] move: Knock Off|[of] p1a: Mandibuzz\n|faint|p2a: Sawk\n|\n|upkeep\n|\n|t:|1771220172\n|switch|p2a: Kingler|Kingler, L87, F|113/237\n|turn|16\n|\n|t:|1771220177\n|move|p1a: Mandibuzz|Knock Off|p2a: Kingler\n|-damage|p2a: Kingler|55/237\n|-enditem|p2a: Kingler|Life Orb|[from] move: Knock Off|[of] p1a: Mandibuzz\n|move|p2a: Kingler|Liquidation|p1a: Mandibuzz\n|-damage|p1a: Mandibuzz|175/322\n|-damage|p2a: Kingler|16/237|[from] item: Rocky Helmet|[of] p1a: Mandibuzz\n|\n|upkeep\n|turn|17\n|\n|t:|1771220185\n|move|p1a: Mandibuzz|Roost|p1a: Mandibuzz\n|-heal|p1a: Mandibuzz|322/322\n|-singleturn|p1a: Mandibuzz|move: Roost\n|move|p2a: Kingler|Knock Off|p1a: Mandibuzz\n|-resisted|p1a: Mandibuzz\n|-damage|p1a: Mandibuzz|279/322\n|-damage|p2a: Kingler|0 fnt|[from] item: Rocky Helmet|[of] p1a: Mandibuzz\n|faint|p2a: Kingler\n|\n|upkeep\n|\n|t:|1771220193\n|switch|p2a: Exeggutor|Exeggutor, L90, M|316/316\n|turn|18\n|\n|t:|1771220197\n|move|p1a: Mandibuzz|Knock Off|p2a: Exeggutor\n|-supereffective|p2a: Exeggutor\n|-damage|p2a: Exeggutor|164/316\n|-enditem|p2a: Exeggutor|Sitrus Berry|[from] move: Knock Off|[of] p1a: Mandibuzz\n|move|p2a: Exeggutor|Leech Seed|p1a: Mandibuzz\n|-start|p1a: Mandibuzz|move: Leech Seed\n|\n|-damage|p1a: Mandibuzz|239/322|[from] Leech Seed|[of] p2a: Exeggutor\n|-heal|p2a: Exeggutor|204/316|[silent]\n|upkeep\n|turn|19\n|\n|t:|1771220209\n|move|p1a: Mandibuzz|Brave Bird|p2a: Exeggutor\n|-supereffective|p2a: Exeggutor\n|-damage|p2a: Exeggutor|30/316\n|-damage|p1a: Mandibuzz|182/322|[from] Recoil\n|move|p2a: Exeggutor|Psychic|p1a: Mandibuzz\n|-immune|p1a: Mandibuzz\n|\n|-damage|p1a: Mandibuzz|142/322|[from] Leech Seed|[of] p2a: Exeggutor\n|-heal|p2a: Exeggutor|70/316|[silent]\n|upkeep\n|turn|20\n|\n|t:|1771220226\n|switch|p2a: Slaking|Slaking, L84, F|389/389\n|move|p1a: Mandibuzz|Knock Off|p2a: Slaking\n|-damage|p2a: Slaking|316/389\n|-enditem|p2a: Slaking|Choice Band|[from] move: Knock Off|[of] p1a: Mandibuzz\n|\n|-damage|p1a: Mandibuzz|102/322|[from] Leech Seed|[of] p2a: Slaking\n|-heal|p2a: Slaking|356/389|[silent]\n|upkeep\n|turn|21\n|\n|t:|1771220234\n|switch|p1a: Terrakion|Terrakion, L78|270/270\n|move|p2a: Slaking|Double-Edge|p1a: Terrakion\n|-resisted|p1a: Terrakion\n|-damage|p1a: Terrakion|168/270\n|-damage|p2a: Slaking|322/389|[from] Recoil\n|\n|upkeep\n|turn|22\n|\n|t:|1771220241\n|switch|p2a: Exeggutor|Exeggutor, L90, M|70/316\n|move|p1a: Terrakion|Swords Dance|p1a: Terrakion\n|-boost|p1a: Terrakion|atk|2\n|\n|upkeep\n|turn|23\n|\n|t:|1771220254\n|move|p1a: Terrakion|Earthquake|p2a: Exeggutor\n|-resisted|p2a: Exeggutor\n|-damage|p2a: Exeggutor|0 fnt\n|faint|p2a: Exeggutor\n|\n|upkeep\n|\n|t:|1771220258\n|switch|p2a: Trevenant|Trevenant, L91, M|303/303\n|turn|24\n|\n|t:|1771220268\n|switch|p1a: Mandibuzz|Mandibuzz, L84, F|102/322\n|move|p2a: Trevenant|Horn Leech|p1a: Mandibuzz\n|-resisted|p1a: Mandibuzz\n|-damage|p1a: Mandibuzz|36/322\n|-damage|p2a: Trevenant|253/303|[from] item: Rocky Helmet|[of] p1a: Mandibuzz\n|\n|upkeep\n|turn|25\n|\n|t:|1771220275\n|move|p1a: Mandibuzz|Roost|p1a: Mandibuzz\n|-heal|p1a: Mandibuzz|197/322\n|-singleturn|p1a: Mandibuzz|move: Roost\n|move|p2a: Trevenant|Horn Leech|p1a: Mandibuzz\n|-damage|p1a: Mandibuzz|58/322\n|-heal|p2a: Trevenant|303/303|[from] drain|[of] p1a: Mandibuzz\n|-damage|p2a: Trevenant|253/303|[from] item: Rocky Helmet|[of] p1a: Mandibuzz\n|\n|upkeep\n|turn|26\n|\n|t:|1771220286\n|switch|p2a: Slaking|Slaking, L84, F|322/389\n|move|p1a: Mandibuzz|Roost|p1a: Mandibuzz\n|-heal|p1a: Mandibuzz|219/322\n|-singleturn|p1a: Mandibuzz|move: Roost\n|\n|upkeep\n|turn|27\n|\n|t:|1771220296\n|move|p2a: Slaking|Double-Edge|p1a: Mandibuzz\n|-damage|p1a: Mandibuzz|53/322\n|-damage|p2a: Slaking|258/389|[from] item: Rocky Helmet|[of] p1a: Mandibuzz\n|-damage|p2a: Slaking|203/389|[from] Recoil\n|move|p1a: Mandibuzz|Roost|p1a: Mandibuzz\n|-heal|p1a: Mandibuzz|214/322\n|-singleturn|p1a: Mandibuzz|move: Roost\n|\n|upkeep\n|turn|28\n|\n|t:|1771220298\n|switch|p2a: Trevenant|Trevenant, L91, M|253/303\n|move|p1a: Mandibuzz|Roost|p1a: Mandibuzz\n|-heal|p1a: Mandibuzz|322/322\n|-singleturn|p1a: Mandibuzz|move: Roost\n|\n|upkeep\n|turn|29\n|\n|t:|1771220302\n|move|p1a: Mandibuzz|Knock Off|p2a: Trevenant\n|-supereffective|p2a: Trevenant\n|-damage|p2a: Trevenant|85/303\n|-enditem|p2a: Trevenant|Choice Band|[from] move: Knock Off|[of] p1a: Mandibuzz\n|move|p2a: Trevenant|Rock Slide|p1a: Mandibuzz\n|-supereffective|p1a: Mandibuzz\n|-damage|p1a: Mandibuzz|208/322\n|\n|upkeep\n|turn|30\n|c|☆CMONMANE|gg\n|\n|t:|1771220312\n|switch|p2a: Slaking|Slaking, L84, F|203/389\n|move|p1a: Mandibuzz|Roost|p1a: Mandibuzz\n|-heal|p1a: Mandibuzz|322/322\n|-singleturn|p1a: Mandibuzz|move: Roost\n|\n|upkeep\n|turn|31\n|\n|t:|1771220319\n|move|p2a: Slaking|Giga Impact|p1a: Mandibuzz\n|-damage|p1a: Mandibuzz|120/322\n|-mustrecharge|p2a: Slaking\n|-damage|p2a: Slaking|139/389|[from] item: Rocky Helmet|[of] p1a: Mandibuzz\n|move|p1a: Mandibuzz|Knock Off|p2a: Slaking\n|-damage|p2a: Slaking|90/389\n|\n|upkeep\n|turn|32\n|-message|Venus XOXO forfeited.\n|\n|win|CMONMANE\n|raw|CMONMANE's rating: 1609 &rarr; <strong>1629</strong><br />(+20 for winning)\n|raw|Venus XOXO's rating: 1609 &rarr; <strong>1589</strong><br />(-20 for losing)\n|l|☆Venus XOXO\n|player|p2|\n", "inputlog": ">version 686819e5e19f8a7fd2345cfc5a08a5085efa2cc3\n>start {\"formatid\":\"gen7randombattle\",\"seed\":\"sodium,e05153a825bc174b94cc5e1592d4d64f\",\"rated\":\"Rated battle\"}\n>player p1 {\"name\":\"CMONMANE\",\"avatar\":\"unknown\",\"rating\":1609,\"seed\":\"sodium,891c27b2c281b05246d022fd947523f9\"}\n>player p2 {\"name\":\"Venus XOXO\",\"avatar\":\"hoopster\",\"rating\":1609,\"seed\":\"sodium,4e6b920086a51e714f063e17a675ea53\"}\n>p1 switch 2\n>p2 move bulkup\n>p1 move thunderwave\n>p2 move knockoff\n>p1 move roost\n>p2 move bulkup\n>p1 move encore\n>p2 move knockoff\n>p1 move lunge\n>p2 switch 3\n>p1 switch 4\n>p2 move toxic\n>p1 move earthquake mega\n>p2 move scald\n>p1 move toxic\n>p2 move scald\n>p1 switch 5\n>p1 move leafblade\n>p2 move icebeam\n>p2 switch 4\n>p1 move knockoff\n>p2 move liquidation\n>p1 switch 4\n>p1 move lunge\n>p2 move liquidation\n>p1 move lunge\n>p2 move liquidation\n>p1 switch 2\n>p1 move dragondance\n>p2 switch 3\n>p1 move outrage\n>p2 move closecombat\n>p1 switch 6\n>p1 move knockoff\n>p2 move closecombat\n>p2 switch 3\n>p1 move knockoff\n>p2 move liquidation\n>p1 move roost\n>p2 move knockoff\n>p2 switch 5\n>p1 move knockoff\n>p2 move leechseed\n>p1 move bravebird\n>p2 move psychic\n>p1 move knockoff\n>p2 switch 6\n>p1 switch 3\n>p2 move doubleedge\n>p1 move swordsdance\n>p2 switch 6\n>p1 move earthquake\n>p2 move psychic\n>p2 switch 2\n>p1 switch 3\n>p2 move hornleech\n>p1 move roost\n>p2 move hornleech\n>p1 move roost\n>p2 switch 6\n>p1 move roost\n>p2 move doubleedge\n>p1 move roost\n>p2 switch 6\n>p1 move knockoff\n>p2 move rockslide\n>chat ☆CMONMANE|gg\n>p1 move roost\n>p2 switch 6\n>p1 move knockoff\n>p2 move gigaimpact\n>forcelose p2", "uploadtime": 1771220339, "views": 31, "formatid": "gen7randombattle", "rating": 1589, "private": 0, "password": null}