{"id": "gen7randombattle-2534883043", "format": "[Gen 7] Random Battle", "players": ["troyalt38", "may/gen3"], "log": "|j|☆troyalt38\n|j|☆may/gen3\n|t:|1770488498\n|gametype|singles\n|player|p1|troyalt38|ninjaboy|1723\n|player|p2|may/gen3|may|1690\n|gen|7\n|tier|[Gen 7] Random Battle\n|rated|\n|rule|Sleep Clause Mod: Limit one foe put to sleep\n|rule|HP Percentage Mod: HP is shown in percentages\n|rule|Illusion Level Mod: Illusion disguises the Pokémon's true level\n|\n|t:|1770488498\n|teamsize|p1|6\n|teamsize|p2|6\n|start\n|switch|p1a: Celesteela|Celesteela, L78|279/279\n|switch|p2a: Arceus|Arceus-Fairy, L72|292/292\n|turn|1\n|inactive|Battle timer is ON: inactive players will automatically lose when time's up. (requested by may/gen3)\n|\n|t:|1770488531\n|switch|p2a: Delibird|Delibird, F|251/251\n|move|p1a: Celesteela|Leech Seed|p2a: Delibird\n|-start|p2a: Delibird|move: Leech Seed\n|\n|-damage|p2a: Delibird|220/251|[from] Leech Seed|[of] p1a: Celesteela\n|upkeep\n|turn|2\n|\n|t:|1770488534\n|move|p2a: Delibird|Spikes|p1a: Celesteela\n|-sidestart|p1: troyalt38|Spikes\n|move|p1a: Celesteela|Heavy Slam|p2a: Delibird\n|-supereffective|p2a: Delibird\n|-crit|p2a: Delibird\n|-damage|p2a: Delibird|0 fnt\n|faint|p2a: Delibird\n|-ability|p1a: Celesteela|Beast Boost|boost\n|-boost|p1a: Celesteela|spa|1\n|\n|upkeep\n|\n|t:|1770488537\n|switch|p2a: Omastar|Omastar, L84, M|254/254\n|turn|3\n|\n|t:|1770488560\n|move|p2a: Omastar|Hydro Pump|p1a: Celesteela\n|-damage|p1a: Celesteela|140/279\n|move|p1a: Celesteela|Leech Seed|p2a: Omastar|[miss]\n|-miss|p1a: Celesteela|p2a: Omastar\n|\n|-heal|p1a: Celesteela|157/279|[from] item: Leftovers\n|upkeep\n|turn|4\n|\n|t:|1770488566\n|switch|p1a: Chansey|Chansey, L85, F|564/564\n|-damage|p1a: Chansey|494/564|[from] Spikes\n|move|p2a: Omastar|Hydro Pump|p1a: Chansey\n|-damage|p1a: Chansey|421/564\n|\n|upkeep\n|turn|5\n|\n|t:|1770488570\n|switch|p2a: Bewear|Bewear, L84, M|339/339\n|move|p1a: Chansey|Toxic|p2a: Bewear\n|-status|p2a: Bewear|tox\n|\n|-damage|p2a: Bewear|318/339 tox|[from] psn\n|upkeep\n|turn|6\n|\n|t:|1770488576\n|switch|p1a: Celesteela|Celesteela, L78|157/279\n|move|p2a: Bewear|Drain Punch|p1a: Celesteela\n|-damage|p1a: Celesteela|67/279\n|-heal|p2a: Bewear|339/339 tox|[from] drain|[of] p1a: Celesteela\n|\n|-heal|p1a: Celesteela|84/279|[from] item: Leftovers\n|-damage|p2a: Bewear|297/339 tox|[from] psn\n|upkeep\n|turn|7\n|\n|t:|1770488582\n|move|p2a: Bewear|Bulk Up|p2a: Bewear\n|-boost|p2a: Bewear|atk|1\n|-boost|p2a: Bewear|def|1\n|move|p1a: Celesteela|Air Slash|p2a: Bewear\n|-supereffective|p2a: Bewear\n|-damage|p2a: Bewear|105/339 tox\n|\n|-heal|p2a: Bewear|126/339 tox|[from] item: Leftovers\n|-heal|p1a: Celesteela|101/279|[from] item: Leftovers\n|-damage|p2a: Bewear|63/339 tox|[from] psn\n|upkeep\n|turn|8\n|\n|t:|1770488586\n|move|p1a: Celesteela|Protect|p1a: Celesteela\n|-singleturn|p1a: Celesteela|Protect\n|move|p2a: Bewear|Drain Punch|p1a: Celesteela\n|-activate|p1a: Celesteela|move: Protect\n|\n|-heal|p2a: Bewear|84/339 tox|[from] item: Leftovers\n|-heal|p1a: Celesteela|118/279|[from] item: Leftovers\n|-damage|p2a: Bewear|0 fnt|[from] psn\n|faint|p2a: Bewear\n|upkeep\n|\n|t:|1770488594\n|switch|p2a: Omastar|Omastar, L84, M|254/254\n|turn|9\n|inactive|troyalt38 has 120 seconds left.\n|\n|t:|1770488649\n|switch|p2a: Chesnaught|Chesnaught, L89, M|301/301\n|switch|p1a: Chansey|Chansey, L85, F|421/564\n|-damage|p1a: Chansey|351/564|[from] Spikes\n|\n|upkeep\n|turn|10\n|\n|t:|1770488657\n|switch|p1a: Celesteela|Celesteela, L78|118/279\n|move|p2a: Chesnaught|Drain Punch|p1a: Celesteela\n|-damage|p1a: Celesteela|25/279\n|\n|-heal|p1a: Celesteela|42/279|[from] item: Leftovers\n|upkeep\n|turn|11\n|\n|t:|1770488667\n|move|p2a: Chesnaught|Drain Punch|p1a: Celesteela\n|-damage|p1a: Celesteela|0 fnt\n|faint|p1a: Celesteela\n|\n|upkeep\n|\n|t:|1770488677\n|switch|p1a: Clefable|Clefable, L83, F|293/293\n|-damage|p1a: Clefable|257/293|[from] Spikes\n|turn|12\n|\n|t:|1770488683\n|move|p2a: Chesnaught|Wood Hammer|p1a: Clefable\n|-damage|p1a: Clefable|82/293\n|-damage|p2a: Chesnaught|243/301|[from] Recoil\n|move|p1a: Clefable|Moonblast|p2a: Chesnaught\n|-supereffective|p2a: Chesnaught\n|-damage|p2a: Chesnaught|27/301\n|\n|-heal|p2a: Chesnaught|45/301|[from] item: Leftovers\n|-heal|p1a: Clefable|100/293|[from] item: Leftovers\n|upkeep\n|turn|13\n|\n|t:|1770488687\n|move|p2a: Chesnaught|Wood Hammer|p1a: Clefable\n|-damage|p1a: Clefable|0 fnt\n|faint|p1a: Clefable\n|-damage|p2a: Chesnaught|12/301|[from] Recoil\n|\n|-heal|p2a: Chesnaught|30/301|[from] item: Leftovers\n|upkeep\n|\n|t:|1770488692\n|switch|p1a: Glalie|Glalie, L83, M|267/267\n|-damage|p1a: Glalie|234/267|[from] Spikes\n|turn|14\n|\n|t:|1770488700\n|detailschange|p1a: Glalie|Glalie-Mega, L83, M\n|-mega|p1a: Glalie|Glalie|Glalitite\n|move|p2a: Chesnaught|Spiky Shield|p2a: Chesnaught\n|-singleturn|p2a: Chesnaught|move: Protect\n|move|p1a: Glalie|Ice Shard|p2a: Chesnaught\n|-activate|p2a: Chesnaught|move: Protect\n|\n|-heal|p2a: Chesnaught|48/301|[from] item: Leftovers\n|upkeep\n|turn|15\n|\n|t:|1770488704\n|switch|p2a: Arceus|Arceus-Fairy, L72|292/292\n|move|p1a: Glalie|Return|p2a: Arceus\n|-damage|p2a: Arceus|148/292\n|\n|upkeep\n|turn|16\n|\n|t:|1770488712\n|switch|p1a: Chansey|Chansey, L85, F|351/564\n|-damage|p1a: Chansey|281/564|[from] Spikes\n|move|p2a: Arceus|Judgment|p1a: Chansey\n|-damage|p1a: Chansey|221/564\n|\n|upkeep\n|turn|17\n|\n|t:|1770488719\n|switch|p2a: Delcatty|Delcatty, L99, M|299/299\n|move|p1a: Chansey|Soft-Boiled|p1a: Chansey\n|-heal|p1a: Chansey|503/564\n|\n|upkeep\n|turn|18\n|\n|t:|1770488723\n|switch|p1a: Solrock|Solrock, L90|308/308\n|move|p2a: Delcatty|Fake Out|p1a: Solrock\n|-resisted|p1a: Solrock\n|-damage|p1a: Solrock|284/308\n|\n|-heal|p1a: Solrock|303/308|[from] item: Leftovers\n|upkeep\n|turn|19\n|\n|t:|1770488733\n|move|p2a: Delcatty|Toxic|p1a: Solrock\n|-status|p1a: Solrock|tox\n|move|p1a: Solrock|Will-O-Wisp|p2a: Delcatty|[miss]\n|-miss|p1a: Solrock|p2a: Delcatty\n|\n|-heal|p1a: Solrock|308/308 tox|[from] item: Leftovers\n|-damage|p1a: Solrock|289/308 tox|[from] psn\n|upkeep\n|turn|20\n|\n|t:|1770488736\n|switch|p2a: Arceus|Arceus-Fairy, L72|148/292\n|move|p1a: Solrock|Stealth Rock|p2a: Arceus\n|-sidestart|p2: may/gen3|move: Stealth Rock\n|\n|-heal|p1a: Solrock|308/308 tox|[from] item: Leftovers\n|-damage|p1a: Solrock|270/308 tox|[from] psn\n|upkeep\n|turn|21\n|\n|t:|1770488743\n|switch|p2a: Chesnaught|Chesnaught, L89, M|48/301\n|-damage|p2a: Chesnaught|30/301|[from] Stealth Rock\n|switch|p1a: Chansey|Chansey, L85, F|503/564\n|-damage|p1a: Chansey|433/564|[from] Spikes\n|\n|-heal|p2a: Chesnaught|48/301|[from] item: Leftovers\n|upkeep\n|turn|22\n|\n|t:|1770488759\n|switch|p1a: Delcatty|Delcatty, L99, M|299/299\n|-damage|p1a: Delcatty|262/299|[from] Spikes\n|move|p2a: Chesnaught|Drain Punch|p1a: Delcatty\n|-supereffective|p1a: Delcatty\n|-damage|p1a: Delcatty|76/299\n|-heal|p2a: Chesnaught|141/301|[from] drain|[of] p1a: Delcatty\n|\n|-heal|p2a: Chesnaught|159/301|[from] item: Leftovers\n|upkeep\n|turn|23\n|\n|t:|1770488766\n|move|p2a: Chesnaught|Spiky Shield|p2a: Chesnaught\n|-singleturn|p2a: Chesnaught|move: Protect\n|move|p1a: Delcatty|Toxic|p2a: Chesnaught\n|-activate|p2a: Chesnaught|move: Protect\n|\n|-heal|p2a: Chesnaught|177/301|[from] item: Leftovers\n|upkeep\n|turn|24\n|\n|t:|1770488778\n|move|p1a: Delcatty|Toxic|p2a: Chesnaught\n|-status|p2a: Chesnaught|tox\n|move|p2a: Chesnaught|Drain Punch|p1a: Delcatty\n|-supereffective|p1a: Delcatty\n|-damage|p1a: Delcatty|0 fnt\n|-heal|p2a: Chesnaught|215/301 tox|[from] drain|[of] p1a: Delcatty\n|faint|p1a: Delcatty\n|\n|-heal|p2a: Chesnaught|233/301 tox|[from] item: Leftovers\n|-damage|p2a: Chesnaught|215/301 tox|[from] psn\n|upkeep\n|\n|t:|1770488783\n|switch|p1a: Glalie|Glalie-Mega, L83, M|234/267\n|-damage|p1a: Glalie|201/267|[from] Spikes\n|turn|25\n|\n|t:|1770488791\n|switch|p2a: Arceus|Arceus-Fairy, L72|148/292\n|-damage|p2a: Arceus|112/292|[from] Stealth Rock\n|move|p1a: Glalie|Return|p2a: Arceus\n|-damage|p2a: Arceus|0 fnt\n|faint|p2a: Arceus\n|\n|upkeep\n|\n|t:|1770488796\n|switch|p2a: Delcatty|Delcatty, L99, M|299/299\n|-damage|p2a: Delcatty|262/299|[from] Stealth Rock\n|turn|26\n|\n|t:|1770488800\n|switch|p1a: Solrock|Solrock, L90|270/308 tox\n|move|p2a: Delcatty|Double-Edge|p1a: Solrock\n|-resisted|p1a: Solrock\n|-damage|p1a: Solrock|193/308 tox\n|-damage|p2a: Delcatty|237/299|[from] Recoil\n|\n|-heal|p1a: Solrock|212/308 tox|[from] item: Leftovers\n|-damage|p1a: Solrock|193/308 tox|[from] psn\n|upkeep\n|turn|27\n|\n|t:|1770488815\n|switch|p2a: Chesnaught|Chesnaught, L89, M|215/301 tox\n|-damage|p2a: Chesnaught|197/301 tox|[from] Stealth Rock\n|move|p1a: Solrock|Stone Edge|p2a: Chesnaught\n|-resisted|p2a: Chesnaught\n|-damage|p2a: Chesnaught|155/301 tox\n|\n|-heal|p1a: Solrock|212/308 tox|[from] item: Leftovers\n|-heal|p2a: Chesnaught|173/301 tox|[from] item: Leftovers\n|-damage|p1a: Solrock|174/308 tox|[from] psn\n|-damage|p2a: Chesnaught|155/301 tox|[from] psn\n|upkeep\n|turn|28\n|\n|t:|1770488825\n|move|p1a: Solrock|Morning Sun|p1a: Solrock\n|-heal|p1a: Solrock|308/308 tox\n|move|p2a: Chesnaught|Drain Punch|p1a: Solrock\n|-damage|p1a: Solrock|212/308 tox\n|-heal|p2a: Chesnaught|203/301 tox|[from] drain|[of] p1a: Solrock\n|\n|-heal|p1a: Solrock|231/308 tox|[from] item: Leftovers\n|-heal|p2a: Chesnaught|221/301 tox|[from] item: Leftovers\n|-damage|p1a: Solrock|174/308 tox|[from] psn\n|-damage|p2a: Chesnaught|185/301 tox|[from] psn\n|upkeep\n|turn|29\n|\n|t:|1770488828\n|move|p1a: Solrock|Morning Sun|p1a: Solrock\n|-heal|p1a: Solrock|308/308 tox\n|move|p2a: Chesnaught|Wood Hammer|p1a: Solrock\n|-supereffective|p1a: Solrock\n|-damage|p1a: Solrock|0 fnt\n|faint|p1a: Solrock\n|-damage|p2a: Chesnaught|83/301 tox|[from] Recoil\n|\n|-heal|p2a: Chesnaught|101/301 tox|[from] item: Leftovers\n|-damage|p2a: Chesnaught|47/301 tox|[from] psn\n|upkeep\n|\n|t:|1770488831\n|switch|p1a: Glalie|Glalie-Mega, L83, M|201/267\n|-damage|p1a: Glalie|168/267|[from] Spikes\n|turn|30\n|\n|t:|1770488839\n|switch|p2a: Omastar|Omastar, L84, M|254/254\n|-damage|p2a: Omastar|223/254|[from] Stealth Rock\n|move|p1a: Glalie|Ice Shard|p2a: Omastar\n|-resisted|p2a: Omastar\n|-damage|p2a: Omastar|205/254\n|\n|upkeep\n|turn|31\n|\n|t:|1770488845\n|switch|p1a: Chansey|Chansey, L85, F|433/564\n|-damage|p1a: Chansey|363/564|[from] Spikes\n|move|p2a: Omastar|Shell Smash|p2a: Omastar\n|-unboost|p2a: Omastar|def|1\n|-unboost|p2a: Omastar|spd|1\n|-boost|p2a: Omastar|atk|2\n|-boost|p2a: Omastar|spa|2\n|-boost|p2a: Omastar|spe|2\n|-enditem|p2a: Omastar|White Herb\n|-clearnegativeboost|p2a: Omastar|[silent]\n|\n|upkeep\n|turn|32\n|\n|t:|1770488863\n|move|p2a: Omastar|Shell Smash|p2a: Omastar\n|-unboost|p2a: Omastar|def|1\n|-unboost|p2a: Omastar|spd|1\n|-boost|p2a: Omastar|atk|2\n|-boost|p2a: Omastar|spa|2\n|-boost|p2a: Omastar|spe|2\n|move|p1a: Chansey|Soft-Boiled|p1a: Chansey\n|-heal|p1a: Chansey|564/564\n|\n|upkeep\n|turn|33\n|\n|t:|1770488870\n|move|p2a: Omastar|Shell Smash|p2a: Omastar\n|-unboost|p2a: Omastar|def|1\n|-unboost|p2a: Omastar|spd|1\n|-boost|p2a: Omastar|atk|2\n|-boost|p2a: Omastar|spa|2\n|-boost|p2a: Omastar|spe|2\n|move|p1a: Chansey|Toxic|p2a: Omastar\n|-status|p2a: Omastar|tox\n|\n|-damage|p2a: Omastar|190/254 tox|[from] psn\n|upkeep\n|turn|34\n|\n|t:|1770488874\n|move|p2a: Omastar|Hydro Pump|p1a: Chansey\n|-damage|p1a: Chansey|234/564\n|move|p1a: Chansey|Soft-Boiled|p1a: Chansey\n|-heal|p1a: Chansey|516/564\n|\n|-damage|p2a: Omastar|160/254 tox|[from] psn\n|upkeep\n|turn|35\n|\n|t:|1770488880\n|move|p2a: Omastar|Hydro Pump|p1a: Chansey\n|-damage|p1a: Chansey|200/564\n|move|p1a: Chansey|Soft-Boiled|p1a: Chansey\n|-heal|p1a: Chansey|482/564\n|\n|-damage|p2a: Omastar|115/254 tox|[from] psn\n|upkeep\n|turn|36\n|\n|t:|1770488883\n|move|p2a: Omastar|Hydro Pump|p1a: Chansey\n|-damage|p1a: Chansey|199/564\n|move|p1a: Chansey|Soft-Boiled|p1a: Chansey\n|-heal|p1a: Chansey|481/564\n|\n|-damage|p2a: Omastar|55/254 tox|[from] psn\n|upkeep\n|turn|37\n|\n|t:|1770488886\n|move|p2a: Omastar|Hydro Pump|p1a: Chansey\n|-damage|p1a: Chansey|172/564\n|move|p1a: Chansey|Soft-Boiled|p1a: Chansey\n|-heal|p1a: Chansey|454/564\n|\n|-damage|p2a: Omastar|0 fnt|[from] psn\n|faint|p2a: Omastar\n|upkeep\n|\n|t:|1770488892\n|switch|p2a: Chesnaught|Chesnaught, L89, M|47/301 tox\n|-damage|p2a: Chesnaught|29/301 tox|[from] Stealth Rock\n|turn|38\n|\n|t:|1770488902\n|move|p2a: Chesnaught|Drain Punch|p1a: Chansey\n|-supereffective|p1a: Chansey\n|-damage|p1a: Chansey|26/564\n|-heal|p2a: Chesnaught|243/301 tox|[from] drain|[of] p1a: Chansey\n|move|p1a: Chansey|Seismic Toss|p2a: Chesnaught\n|-damage|p2a: Chesnaught|158/301 tox\n|\n|-heal|p2a: Chesnaught|176/301 tox|[from] item: Leftovers\n|-damage|p2a: Chesnaught|158/301 tox|[from] psn\n|upkeep\n|turn|39\n|\n|t:|1770488914\n|move|p2a: Chesnaught|Drain Punch|p1a: Chansey\n|-supereffective|p1a: Chansey\n|-damage|p1a: Chansey|0 fnt\n|-heal|p2a: Chesnaught|171/301 tox|[from] drain|[of] p1a: Chansey\n|faint|p1a: Chansey\n|\n|-heal|p2a: Chesnaught|189/301 tox|[from] item: Leftovers\n|-damage|p2a: Chesnaught|153/301 tox|[from] psn\n|upkeep\n|\n|t:|1770488916\n|switch|p1a: Glalie|Glalie-Mega, L83, M|168/267\n|-damage|p1a: Glalie|135/267|[from] Spikes\n|turn|40\n|\n|t:|1770488922\n|move|p2a: Chesnaught|Spiky Shield|p2a: Chesnaught\n|-singleturn|p2a: Chesnaught|move: Protect\n|move|p1a: Glalie|Spikes|p2a: Chesnaught\n|-sidestart|p2: may/gen3|Spikes\n|\n|-heal|p2a: Chesnaught|171/301 tox|[from] item: Leftovers\n|-damage|p2a: Chesnaught|117/301 tox|[from] psn\n|upkeep\n|turn|41\n|\n|t:|1770488925\n|move|p1a: Glalie|Return|p2a: Chesnaught\n|-supereffective|p2a: Chesnaught\n|-damage|p2a: Chesnaught|0 fnt\n|faint|p2a: Chesnaught\n|\n|upkeep\n|\n|t:|1770488926\n|switch|p2a: Delcatty|Delcatty, L99, M|237/299\n|-damage|p2a: Delcatty|200/299|[from] Stealth Rock\n|-damage|p2a: Delcatty|163/299|[from] Spikes\n|turn|42\n|\n|t:|1770488932\n|move|p2a: Delcatty|Fake Out|p1a: Glalie\n|-damage|p1a: Glalie|77/267\n|cant|p1a: Glalie|flinch\n|\n|upkeep\n|turn|43\n|\n|t:|1770488940\n|move|p1a: Glalie|Ice Shard|p2a: Delcatty\n|-crit|p2a: Delcatty\n|-damage|p2a: Delcatty|84/299\n|move|p2a: Delcatty|Double-Edge|p1a: Glalie\n|-damage|p1a: Glalie|0 fnt\n|faint|p1a: Glalie\n|detailschange|p1: Glalie|Glalie, L83, M|[silent]\n|-damage|p2a: Delcatty|59/299|[from] Recoil\n|\n|win|may/gen3\n|raw|troyalt38's rating: 1723 &rarr; <strong>1701</strong><br />(-22 for losing)\n|raw|may&#x2f;gen3's rating: 1690 &rarr; <strong>1712</strong><br />(+22 for winning)\n|l|☆troyalt38\n|player|p1|\n", "inputlog": ">version ccdc32dd7cde25fd9e4bed64820e885f66e78a4e\n>start {\"formatid\":\"gen7randombattle\",\"seed\":\"sodium,b89f4792302759ac89504fba660893c8\",\"rated\":\"Rated battle\"}\n>player p1 {\"name\":\"troyalt38\",\"avatar\":\"ninjaboy\",\"rating\":1723,\"seed\":\"sodium,db72a9829adea354e3552172c12b6516\"}\n>player p2 {\"name\":\"may/gen3\",\"avatar\":\"may\",\"rating\":1690,\"seed\":\"sodium,4680ef052c04ad9c81cb0d73ef4159df\"}\n>p1 move leechseed\n>p2 switch 5\n>p1 move heavyslam\n>p2 move spikes\n>p2 switch 2\n>p1 move leechseed\n>p2 move hydropump\n>p1 switch 3\n>p2 move hydropump\n>p1 move toxic\n>p2 switch 6\n>p1 switch 3\n>p2 move drainpunch\n>p1 move airslash\n>p2 move bulkup\n>p1 move protect\n>p2 move drainpunch\n>p2 switch 6\n>p1 switch 3\n>p2 switch 4\n>p1 switch 3\n>p2 move drainpunch\n>p1 move airslash\n>p2 move drainpunch\n>p1 switch 6\n>p1 move moonblast\n>p2 move woodhammer\n>p1 move moonblast\n>p2 move woodhammer\n>p1 switch 5\n>p1 move iceshard mega\n>p2 move spikyshield\n>p1 move return\n>p2 switch 5\n>p1 switch 3\n>p2 move judgment\n>p1 move softboiled\n>p2 switch 3\n>p1 switch 2\n>p2 move fakeout\n>p1 move willowisp\n>p2 move toxic\n>p1 move stealthrock\n>p2 switch 3\n>p1 switch 2\n>p2 switch 5\n>p1 switch 4\n>p2 move drainpunch\n>p1 move toxic\n>p2 move spikyshield\n>p1 move toxic\n>p2 move drainpunch\n>p1 switch 3\n>p1 move return\n>p2 switch 5\n>p2 switch 3\n>p1 switch 2\n>p2 move doubleedge\n>p1 move stoneedge\n>p2 switch 5\n>p1 move morningsun\n>p2 move drainpunch\n>p1 move morningsun\n>p2 move woodhammer\n>p1 switch 2\n>p1 move iceshard\n>p2 switch 4\n>p1 switch 4\n>p2 move shellsmash\n>p1 move softboiled\n>p2 move shellsmash\n>p1 move toxic\n>p2 move shellsmash\n>p1 move softboiled\n>p2 move hydropump\n>p1 move softboiled\n>p2 move hydropump\n>p1 move softboiled\n>p2 move hydropump\n>p1 move softboiled\n>p2 move hydropump\n>p2 switch 4\n>p1 move seismictoss\n>p2 move drainpunch\n>p1 move seismictoss\n>p2 move drainpunch\n>p1 switch 4\n>p1 move spikes\n>p2 move spikyshield\n>p1 move return\n>p2 move drainpunch\n>p2 switch 5\n>p1 move return\n>p2 move fakeout\n>p1 move iceshard\n>p2 move doubleedge", "uploadtime": 1770488947, "views": 196, "formatid": "gen7randombattle", "rating": 1701, "private": 0, "password": null}