{"id": "gen7randombattle-2540461762", "format": "[Gen 7] Random Battle", "players": ["Guimd33", "NTsweeper007"], "log": "|j|☆Guimd33\n|j|☆NTsweeper007\n|t:|1771204957\n|gametype|singles\n|player|p1|Guimd33|pokekid|1805\n|player|p2|NTsweeper007|hilbert-wonderlauncher|1728\n|gen|7\n|tier|[Gen 7] Random Battle\n|rated|\n|rule|Sleep Clause Mod: Limit one foe put to sleep\n|rule|HP Percentage Mod: HP is shown in percentages\n|rule|Illusion Level Mod: Illusion disguises the Pokémon's true level\n|\n|t:|1771204957\n|teamsize|p1|6\n|teamsize|p2|6\n|start\n|switch|p1a: Aurorus|Aurorus, L88, F|360/360\n|switch|p2a: Magnezone|Magnezone, L84|255/255\n|-weather|Hail|[from] ability: Snow Warning|[of] p1a: Aurorus\n|turn|1\n|inactive|Battle timer is ON: inactive players will automatically lose when time's up. (requested by Guimd33)\n|inactive|NTsweeper007 has 120 seconds left.\n|\n|t:|1771205007\n|move|p2a: Magnezone|Protect|p2a: Magnezone\n|-singleturn|p2a: Magnezone|Protect\n|move|p1a: Aurorus|Earth Power|p2a: Magnezone\n|-activate|p2a: Magnezone|move: Protect\n|\n|-weather|Hail|[upkeep]\n|-damage|p2a: Magnezone|240/255|[from] Hail\n|-heal|p2a: Magnezone|255/255|[from] item: Leftovers\n|upkeep\n|turn|2\n|\n|t:|1771205014\n|switch|p2a: Unown|Unown-Z|258/258\n|move|p1a: Aurorus|Earth Power|p2a: Unown\n|-immune|p2a: Unown|[from] ability: Levitate\n|\n|-weather|Hail|[upkeep]\n|-damage|p2a: Unown|242/258|[from] Hail\n|upkeep\n|turn|3\n|\n|t:|1771205019\n|switch|p1a: Swoobat|Swoobat, L88, F|261/261\n|move|p2a: Unown|Hidden Power|p1a: Swoobat\n|-resisted|p1a: Swoobat\n|-damage|p1a: Swoobat|185/261\n|\n|-weather|Hail|[upkeep]\n|-damage|p1a: Swoobat|169/261|[from] Hail\n|-damage|p2a: Unown|226/258|[from] Hail\n|-heal|p1a: Swoobat|185/261|[from] item: Leftovers\n|upkeep\n|turn|4\n|\n|t:|1771205024\n|switch|p2a: Banette|Banette, L87, F|253/253\n|-item|p1a: Swoobat|Leftovers|[from] ability: Frisk|[of] p2a: Banette\n|move|p1a: Swoobat|Calm Mind|p1a: Swoobat\n|-boost|p1a: Swoobat|spa|2\n|-boost|p1a: Swoobat|spd|2\n|\n|-weather|Hail|[upkeep]\n|-damage|p1a: Swoobat|169/261|[from] Hail\n|-damage|p2a: Banette|238/253|[from] Hail\n|-heal|p1a: Swoobat|185/261|[from] item: Leftovers\n|upkeep\n|turn|5\n|\n|t:|1771205030\n|switch|p1a: Darkrai|Darkrai, L75|229/229\n|detailschange|p2a: Banette|Banette-Mega, L87, F\n|-mega|p2a: Banette|Banette|Banettite\n|move|p2a: Banette|Shadow Claw|p1a: Darkrai\n|-resisted|p1a: Darkrai\n|-damage|p1a: Darkrai|162/229\n|\n|-weather|none\n|upkeep\n|turn|6\n|\n|t:|1771205034\n|switch|p2a: Poliwrath|Poliwrath, L91, F|312/312\n|-zpower|p1a: Darkrai\n|move|p1a: Darkrai|Black Hole Eclipse|p2a: Poliwrath|[zeffect]\n|-resisted|p2a: Poliwrath\n|-damage|p2a: Poliwrath|233/312\n|\n|upkeep\n|turn|7\n|\n|t:|1771205038\n|switch|p1a: Tapu Bulu|Tapu Bulu, L82|249/249\n|-fieldstart|move: Grassy Terrain|[from] ability: Grassy Surge|[of] p1a: Tapu Bulu\n|move|p2a: Poliwrath|Rain Dance|p2a: Poliwrath\n|-weather|RainDance\n|\n|-weather|RainDance|[upkeep]\n|-heal|p2a: Poliwrath|252/312|[from] Grassy Terrain\n|upkeep\n|turn|8\n|\n|t:|1771205044\n|switch|p2a: Magnezone|Magnezone, L84|255/255\n|move|p1a: Tapu Bulu|Wood Hammer|p2a: Magnezone\n|-resisted|p2a: Magnezone\n|-damage|p2a: Magnezone|111/255\n|-damage|p1a: Tapu Bulu|201/249|[from] Recoil\n|\n|-weather|RainDance|[upkeep]\n|-heal|p1a: Tapu Bulu|216/249|[from] Grassy Terrain\n|-heal|p2a: Magnezone|126/255|[from] Grassy Terrain\n|-heal|p2a: Magnezone|141/255|[from] item: Leftovers\n|upkeep\n|turn|9\n|\n|t:|1771205049\n|switch|p1a: Palkia|Palkia, L75|259/259\n|-ability|p1a: Palkia|Pressure\n|move|p2a: Magnezone|Protect||[still]\n|-fail|p2a: Magnezone\n|\n|-weather|RainDance|[upkeep]\n|-heal|p2a: Magnezone|156/255|[from] Grassy Terrain\n|-heal|p2a: Magnezone|171/255|[from] item: Leftovers\n|upkeep\n|turn|10\n|\n|t:|1771205054\n|switch|p1a: Tapu Bulu|Tapu Bulu, L82|216/249\n|move|p2a: Magnezone|Protect||[still]\n|-fail|p2a: Magnezone\n|\n|-weather|RainDance|[upkeep]\n|-heal|p1a: Tapu Bulu|231/249|[from] Grassy Terrain\n|-heal|p2a: Magnezone|186/255|[from] Grassy Terrain\n|-heal|p2a: Magnezone|201/255|[from] item: Leftovers\n|upkeep\n|turn|11\n|\n|t:|1771205057\n|switch|p2a: Banette|Banette-Mega, L87, F|238/253\n|move|p1a: Tapu Bulu|Superpower|p2a: Banette\n|-immune|p2a: Banette\n|\n|-weather|none\n|-heal|p2a: Banette|253/253|[from] Grassy Terrain\n|-heal|p1a: Tapu Bulu|246/249|[from] Grassy Terrain\n|-fieldend|move: Grassy Terrain\n|upkeep\n|turn|12\n|\n|t:|1771205061\n|switch|p1a: Darkrai|Darkrai, L75|162/229\n|move|p2a: Banette|Gunk Shot|p1a: Darkrai\n|-damage|p1a: Darkrai|18/229\n|-status|p1a: Darkrai|psn\n|\n|-damage|p1a: Darkrai|0 fnt|[from] psn\n|faint|p1a: Darkrai\n|upkeep\n|\n|t:|1771205069\n|switch|p1a: Aurorus|Aurorus, L88, F|360/360\n|-weather|Hail|[from] ability: Snow Warning|[of] p1a: Aurorus\n|turn|13\n|\n|t:|1771205074\n|switch|p2a: Unown|Unown-Z|226/258\n|move|p1a: Aurorus|Thunder Wave|p2a: Unown\n|-status|p2a: Unown|par\n|\n|-weather|Hail|[upkeep]\n|-damage|p2a: Unown|210/258 par|[from] Hail\n|upkeep\n|turn|14\n|\n|t:|1771205079\n|switch|p1a: Swoobat|Swoobat, L88, F|185/261\n|move|p2a: Unown|Hidden Power|p1a: Swoobat\n|-resisted|p1a: Swoobat\n|-damage|p1a: Swoobat|116/261\n|\n|-weather|Hail|[upkeep]\n|-damage|p1a: Swoobat|100/261|[from] Hail\n|-damage|p2a: Unown|194/258 par|[from] Hail\n|-heal|p1a: Swoobat|116/261|[from] item: Leftovers\n|upkeep\n|turn|15\n|\n|t:|1771205084\n|switch|p2a: Banette|Banette-Mega, L87, F|253/253\n|move|p1a: Swoobat|Roost|p1a: Swoobat\n|-heal|p1a: Swoobat|247/261\n|-singleturn|p1a: Swoobat|move: Roost\n|\n|-weather|Hail|[upkeep]\n|-damage|p1a: Swoobat|231/261|[from] Hail\n|-damage|p2a: Banette|238/253|[from] Hail\n|-heal|p1a: Swoobat|247/261|[from] item: Leftovers\n|upkeep\n|turn|16\n|\n|t:|1771205090\n|switch|p1a: Hippowdon|Hippowdon, L82, M|311/311\n|-weather|Sandstorm|[from] ability: Sand Stream|[of] p1a: Hippowdon\n|move|p2a: Banette|Shadow Claw|p1a: Hippowdon\n|-damage|p1a: Hippowdon|212/311\n|\n|-weather|Sandstorm|[upkeep]\n|-damage|p2a: Banette|223/253|[from] Sandstorm\n|-heal|p1a: Hippowdon|231/311|[from] item: Leftovers\n|upkeep\n|turn|17\n|\n|t:|1771205096\n|move|p2a: Banette|Will-O-Wisp|p1a: Hippowdon\n|-status|p1a: Hippowdon|brn\n|move|p1a: Hippowdon|Stealth Rock|p2a: Banette\n|-sidestart|p2: NTsweeper007|move: Stealth Rock\n|\n|-weather|Sandstorm|[upkeep]\n|-damage|p2a: Banette|208/253|[from] Sandstorm\n|-heal|p1a: Hippowdon|250/311 brn|[from] item: Leftovers\n|-damage|p1a: Hippowdon|231/311 brn|[from] brn\n|upkeep\n|turn|18\n|\n|t:|1771205102\n|switch|p2a: Poliwrath|Poliwrath, L91, F|252/312\n|-damage|p2a: Poliwrath|233/312|[from] Stealth Rock\n|move|p1a: Hippowdon|Toxic|p2a: Poliwrath\n|-status|p2a: Poliwrath|tox\n|\n|-weather|Sandstorm|[upkeep]\n|-damage|p2a: Poliwrath|214/312 tox|[from] Sandstorm\n|-heal|p1a: Hippowdon|250/311 brn|[from] item: Leftovers\n|-damage|p2a: Poliwrath|195/312 tox|[from] psn\n|-damage|p1a: Hippowdon|231/311 brn|[from] brn\n|upkeep\n|turn|19\n|\n|t:|1771205109\n|move|p2a: Poliwrath|Rain Dance|p2a: Poliwrath\n|-weather|RainDance\n|move|p1a: Hippowdon|Earthquake|p2a: Poliwrath\n|-damage|p2a: Poliwrath|147/312 tox\n|\n|-weather|RainDance|[upkeep]\n|-heal|p1a: Hippowdon|250/311 brn|[from] item: Leftovers\n|-damage|p2a: Poliwrath|109/312 tox|[from] psn\n|-damage|p1a: Hippowdon|231/311 brn|[from] brn\n|upkeep\n|turn|20\n|\n|t:|1771205115\n|move|p2a: Poliwrath|Waterfall|p1a: Hippowdon\n|-supereffective|p1a: Hippowdon\n|-damage|p1a: Hippowdon|0 fnt\n|faint|p1a: Hippowdon\n|-damage|p2a: Poliwrath|78/312 tox|[from] item: Life Orb\n|\n|-weather|RainDance|[upkeep]\n|-damage|p2a: Poliwrath|21/312 tox|[from] psn\n|upkeep\n|\n|t:|1771205120\n|switch|p1a: Aurorus|Aurorus, L88, F|360/360\n|-weather|Hail|[from] ability: Snow Warning|[of] p1a: Aurorus\n|turn|21\n|\n|t:|1771205124\n|switch|p1a: Tapu Bulu|Tapu Bulu, L82|246/249\n|-fieldstart|move: Grassy Terrain|[from] ability: Grassy Surge|[of] p1a: Tapu Bulu\n|move|p2a: Poliwrath|Ice Punch|p1a: Tapu Bulu\n|-supereffective|p1a: Tapu Bulu\n|-damage|p1a: Tapu Bulu|119/249\n|-status|p1a: Tapu Bulu|frz\n|-damage|p2a: Poliwrath|0 fnt|[from] item: Life Orb\n|faint|p2a: Poliwrath\n|\n|-weather|Hail|[upkeep]\n|-damage|p1a: Tapu Bulu|104/249 frz|[from] Hail\n|-heal|p1a: Tapu Bulu|119/249 frz|[from] Grassy Terrain\n|upkeep\n|j| RENAISSANCE BLAZE\n|\n|t:|1771205143\n|switch|p2a: Banette|Banette-Mega, L87, F|208/253\n|-damage|p2a: Banette|177/253|[from] Stealth Rock\n|turn|22\n|\n|t:|1771205147\n|switch|p1a: Aurorus|Aurorus, L88, F|360/360\n|move|p2a: Banette|Gunk Shot|p1a: Aurorus\n|-resisted|p1a: Aurorus\n|-damage|p1a: Aurorus|289/360\n|-status|p1a: Aurorus|psn\n|\n|-weather|Hail|[upkeep]\n|-damage|p2a: Banette|162/253|[from] Hail\n|-heal|p2a: Banette|177/253|[from] Grassy Terrain\n|-heal|p1a: Aurorus|311/360 psn|[from] Grassy Terrain\n|-heal|p1a: Aurorus|333/360 psn|[from] item: Leftovers\n|-damage|p1a: Aurorus|288/360 psn|[from] psn\n|upkeep\n|turn|23\n|\n|t:|1771205154\n|move|p2a: Banette|Shadow Claw|p1a: Aurorus\n|-damage|p1a: Aurorus|153/360 psn\n|move|p1a: Aurorus|Blizzard|p2a: Banette\n|-damage|p2a: Banette|44/253\n|\n|-weather|Hail|[upkeep]\n|-damage|p2a: Banette|29/253|[from] Hail\n|-heal|p2a: Banette|44/253|[from] Grassy Terrain\n|-heal|p1a: Aurorus|175/360 psn|[from] Grassy Terrain\n|-heal|p1a: Aurorus|197/360 psn|[from] item: Leftovers\n|-damage|p1a: Aurorus|152/360 psn|[from] psn\n|upkeep\n|turn|24\n|\n|t:|1771205170\n|switch|p2a: Pyroar|Pyroar, L88, F|295/295\n|-ability|p2a: Pyroar|Unnerve\n|-damage|p2a: Pyroar|222/295|[from] Stealth Rock\n|move|p1a: Aurorus|Blizzard|p2a: Pyroar\n|-resisted|p2a: Pyroar\n|-damage|p2a: Pyroar|141/295\n|\n|-weather|Hail|[upkeep]\n|-damage|p2a: Pyroar|123/295|[from] Hail\n|-heal|p2a: Pyroar|141/295|[from] Grassy Terrain\n|-heal|p1a: Aurorus|174/360 psn|[from] Grassy Terrain\n|-heal|p1a: Aurorus|196/360 psn|[from] item: Leftovers\n|-damage|p1a: Aurorus|151/360 psn|[from] psn\n|upkeep\n|turn|25\n|\n|t:|1771205175\n|move|p2a: Pyroar|Fire Blast|p1a: Aurorus\n|-damage|p1a: Aurorus|0 fnt\n|faint|p1a: Aurorus\n|-damage|p2a: Pyroar|112/295|[from] item: Life Orb\n|\n|-weather|none\n|-heal|p2a: Pyroar|130/295|[from] Grassy Terrain\n|-fieldend|move: Grassy Terrain\n|upkeep\n|\n|t:|1771205183\n|switch|p1a: Palkia|Palkia, L75|259/259\n|-ability|p1a: Palkia|Pressure\n|turn|26\n|\n|t:|1771205189\n|move|p2a: Pyroar|Hyper Voice|p1a: Palkia\n|-damage|p1a: Palkia|130/259\n|-damage|p2a: Pyroar|101/295|[from] item: Life Orb\n|move|p1a: Palkia|Hydro Pump|p2a: Pyroar\n|-supereffective|p2a: Pyroar\n|-damage|p2a: Pyroar|0 fnt\n|faint|p2a: Pyroar\n|\n|upkeep\n|\n|t:|1771205193\n|switch|p2a: Banette|Banette-Mega, L87, F|44/253\n|-damage|p2a: Banette|13/253|[from] Stealth Rock\n|turn|27\n|\n|t:|1771205202\n|move|p2a: Banette|Destiny Bond|p2a: Banette\n|-singlemove|p2a: Banette|Destiny Bond\n|move|p1a: Palkia|Thunder Wave|p2a: Banette\n|-status|p2a: Banette|par\n|\n|upkeep\n|turn|28\n|\n|t:|1771205207\n|switch|p1a: Tapu Bulu|Tapu Bulu, L82|119/249 frz\n|-fieldstart|move: Grassy Terrain|[from] ability: Grassy Surge|[of] p1a: Tapu Bulu\n|cant|p2a: Banette|par\n|\n|-heal|p1a: Tapu Bulu|134/249 frz|[from] Grassy Terrain\n|-heal|p2a: Banette|28/253 par|[from] Grassy Terrain\n|upkeep\n|turn|29\n|\n|t:|1771205211\n|cant|p1a: Tapu Bulu|frz\n|move|p2a: Banette|Gunk Shot|p1a: Tapu Bulu\n|-supereffective|p1a: Tapu Bulu\n|-damage|p1a: Tapu Bulu|0 fnt\n|faint|p1a: Tapu Bulu\n|\n|-heal|p2a: Banette|43/253 par|[from] Grassy Terrain\n|upkeep\n|\n|t:|1771205212\n|switch|p1a: Palkia|Palkia, L75|130/259\n|-ability|p1a: Palkia|Pressure\n|turn|30\n|\n|t:|1771205216\n|move|p2a: Banette|Destiny Bond|p2a: Banette\n|-singlemove|p2a: Banette|Destiny Bond\n|move|p1a: Palkia|Fire Blast|p2a: Banette\n|-damage|p2a: Banette|0 fnt\n|faint|p2a: Banette\n|-activate|p2a: Banette|move: Destiny Bond\n|detailschange|p2: Banette|Banette, L87, F|[silent]\n|faint|p1a: Palkia\n|\n|upkeep\n|\n|t:|1771205222\n|switch|p1a: Swoobat|Swoobat, L88, F|247/261\n|switch|p2a: Golem|Golem, L86, M|278/278\n|-damage|p2a: Golem|261/278|[from] Stealth Rock\n|turn|31\n|\n|t:|1771205229\n|move|p1a: Swoobat|Calm Mind|p1a: Swoobat\n|-boost|p1a: Swoobat|spa|2\n|-boost|p1a: Swoobat|spd|2\n|move|p2a: Golem|Stone Edge|p1a: Swoobat\n|-supereffective|p1a: Swoobat\n|-damage|p1a: Swoobat|0 fnt\n|faint|p1a: Swoobat\n|\n|win|NTsweeper007\n|raw|Guimd33's rating: 1805 &rarr; <strong>1781</strong><br />(-24 for losing)\n|raw|NTsweeper007's rating: 1728 &rarr; <strong>1752</strong><br />(+24 for winning)\n|l|☆Guimd33\n|player|p1|\n|c| RENAISSANCE BLAZE|Very nice battle.  Fun to watch.  I look forward to battling you once I get a little better\n|l| RENAISSANCE BLAZE\n", "inputlog": ">version 686819e5e19f8a7fd2345cfc5a08a5085efa2cc3\n>start {\"formatid\":\"gen7randombattle\",\"seed\":\"sodium,10de2a24a10c1ca60d1c98f9ba0cb808\",\"rated\":\"Rated battle\"}\n>player p1 {\"name\":\"Guimd33\",\"avatar\":\"pokekid\",\"rating\":1805,\"seed\":\"sodium,f563a7f0f2162f79a3a58d0e21f90204\"}\n>player p2 {\"name\":\"NTsweeper007\",\"avatar\":\"hilbert-wonderlauncher\",\"rating\":1728,\"seed\":\"sodium,efed202e582b6cb5fa721e826fde5fbd\"}\n>p1 move earthpower\n>p2 move protect\n>p1 move earthpower\n>p2 switch 2\n>p1 switch 2\n>p2 move hiddenpower\n>p1 move calmmind\n>p2 switch 3\n>p1 switch 6\n>p2 move shadowclaw mega\n>p1 move darkpulse zmove\n>p2 switch 6\n>p1 switch 3\n>p2 move raindance\n>p1 move woodhammer\n>p2 switch 2\n>p1 switch 5\n>p2 move protect\n>p1 switch 5\n>p2 move protect\n>p1 move superpower\n>p2 switch 6\n>p1 switch 3\n>p2 move gunkshot\n>p1 switch 2\n>p1 move thunderwave\n>p2 switch 3\n>p1 switch 6\n>p2 move hiddenpower\n>p1 move roost\n>p2 switch 3\n>p1 switch 4\n>p2 move shadowclaw\n>p1 move stealthrock\n>p2 move willowisp\n>p1 move toxic\n>p2 switch 2\n>p1 move earthquake\n>p2 move raindance\n>p1 move slackoff\n>p2 move waterfall\n>p1 switch 6\n>p1 switch 3\n>p2 move icepunch\n>p2 switch 2\n>p1 switch 3\n>p2 move gunkshot\n>p1 move blizzard\n>p2 move shadowclaw\n>p1 move blizzard\n>p2 switch 5\n>p1 move ancientpower\n>p2 move fireblast\n>p1 switch 5\n>p1 move hydropump\n>p2 move hypervoice\n>p2 switch 5\n>p1 move thunderwave\n>p2 move destinybond\n>p1 switch 3\n>p2 move shadowclaw\n>p1 move woodhammer\n>p2 move gunkshot\n>p1 switch 3\n>p1 move fireblast\n>p2 move destinybond\n>p1 switch 4\n>p2 switch 4\n>p1 move calmmind\n>p2 move stoneedge", "uploadtime": 1771205236, "views": 41, "formatid": "gen7randombattle", "rating": 1752, "private": 0, "password": null}