{"id": "gen7randombattle-2528725738", "format": "[Gen 7] Random Battle", "players": ["Prophet Quest", "BigWes95"], "log": "|j|☆Prophet Quest\n|j|☆BigWes95\n|t:|1769699901\n|gametype|singles\n|player|p1|Prophet Quest|steven-gen6|1677\n|player|p2|BigWes95|#rbtt9hoopers2|1851\n|gen|7\n|tier|[Gen 7] Random Battle\n|rated|\n|rule|Sleep Clause Mod: Limit one foe put to sleep\n|rule|HP Percentage Mod: HP is shown in percentages\n|rule|Illusion Level Mod: Illusion disguises the Pokémon's true level\n|\n|t:|1769699901\n|teamsize|p1|6\n|teamsize|p2|6\n|start\n|switch|p1a: Whimsicott|Whimsicott, L87, F|246/246\n|switch|p2a: Pangoro|Pangoro, L86, M|304/304\n|turn|1\n|inactive|Battle timer is ON: inactive players will automatically lose when time's up. (requested by BigWes95)\n|inactive|Prophet Quest has 120 seconds left.\n|inactive|Prophet Quest has 90 seconds left.\n|c|☆Prophet Quest|hf friendo\n|\n|t:|1769699963\n|switch|p2a: Crobat|Crobat, L82, F|274/274\n|move|p1a: Whimsicott|Moonblast|p2a: Crobat\n|-resisted|p2a: Crobat\n|-damage|p2a: Crobat|220/274\n|\n|-heal|p2a: Crobat|237/274|[from] item: Black Sludge\n|upkeep\n|turn|2\n|\n|t:|1769699973\n|move|p1a: Whimsicott|Stun Spore|p2a: Crobat\n|-status|p2a: Crobat|par\n|cant|p2a: Crobat|par\n|\n|-heal|p2a: Crobat|254/274 par|[from] item: Black Sludge\n|upkeep\n|turn|3\n|\n|t:|1769699977\n|move|p1a: Whimsicott|U-turn|p2a: Crobat\n|-resisted|p2a: Crobat\n|-damage|p2a: Crobat|243/274 par\n|c|☆Prophet Quest|sorry bout dat\n|\n|t:|1769699982\n|switch|p1a: Walrein|Walrein, L90, M|344/344|[from] U-turn\n|move|p2a: Crobat|Brave Bird|p1a: Walrein\n|-damage|p1a: Walrein|238/344\n|-damage|p2a: Crobat|208/274 par|[from] Recoil\n|\n|-heal|p1a: Walrein|259/344|[from] item: Leftovers\n|-heal|p2a: Crobat|225/274 par|[from] item: Black Sludge\n|upkeep\n|turn|4\n|\n|t:|1769699989\n|switch|p2a: Kabutops|Kabutops, L87, M|246/246\n|move|p1a: Walrein|Ice Beam|p2a: Kabutops\n|-resisted|p2a: Kabutops\n|-damage|p2a: Kabutops|186/246\n|\n|-heal|p1a: Walrein|280/344|[from] item: Leftovers\n|upkeep\n|turn|5\n|\n|t:|1769699993\n|-zpower|p2a: Kabutops\n|move|p2a: Kabutops|Continental Crush|p1a: Walrein|[zeffect]\n|-supereffective|p1a: Walrein\n|-damage|p1a: Walrein|0 fnt\n|faint|p1a: Walrein\n|\n|upkeep\n|\n|t:|1769700000\n|switch|p1a: Whimsicott|Whimsicott, L87, F|246/246\n|turn|6\n|\n|t:|1769700012\n|switch|p2a: Crobat|Crobat, L82, F|225/274 par\n|move|p1a: Whimsicott|Moonblast|p2a: Crobat\n|-resisted|p2a: Crobat\n|-damage|p2a: Crobat|175/274 par\n|\n|-heal|p2a: Crobat|192/274 par|[from] item: Black Sludge\n|upkeep\n|turn|7\n|\n|t:|1769700032\n|move|p1a: Whimsicott|U-turn|p2a: Crobat\n|-resisted|p2a: Crobat\n|-damage|p2a: Crobat|181/274 par\n|\n|t:|1769700035\n|switch|p1a: Drapion|Drapion, L83, M|252/252|[from] U-turn\n|move|p2a: Crobat|U-turn|p1a: Drapion\n|-damage|p1a: Drapion|212/252\n|\n|t:|1769700044\n|switch|p2a: Kabutops|Kabutops, L87, M|186/246|[from] U-turn\n|\n|upkeep\n|turn|8\n|\n|t:|1769700050\n|move|p1a: Drapion|Earthquake|p2a: Kabutops\n|-supereffective|p2a: Kabutops\n|-damage|p2a: Kabutops|24/246\n|-ability|p2a: Kabutops|Weak Armor|boost\n|-unboost|p2a: Kabutops|def|1\n|-boost|p2a: Kabutops|spe|2\n|move|p2a: Kabutops|Stone Edge|p1a: Drapion\n|-damage|p1a: Drapion|103/252\n|\n|upkeep\n|turn|9\n|\n|t:|1769700071\n|move|p2a: Kabutops|Stone Edge|p1a: Drapion\n|-damage|p1a: Drapion|0 fnt\n|faint|p1a: Drapion\n|\n|upkeep\n|\n|t:|1769700077\n|switch|p1a: Phione|Phione, L93|300/300\n|turn|10\n|\n|t:|1769700086\n|move|p2a: Kabutops|Stone Edge|p1a: Phione\n|-damage|p1a: Phione|168/300\n|move|p1a: Phione|Knock Off|p2a: Kabutops\n|-crit|p2a: Kabutops\n|-damage|p2a: Kabutops|0 fnt\n|faint|p2a: Kabutops\n|\n|-heal|p1a: Phione|186/300|[from] item: Leftovers\n|upkeep\n|\n|t:|1769700095\n|switch|p2a: Purugly|Purugly, L89, F|271/271\n|turn|11\n|\n|t:|1769700104\n|move|p2a: Purugly|Return|p1a: Phione\n|-damage|p1a: Phione|42/300\n|move|p1a: Phione|Scald|p2a: Purugly\n|-damage|p2a: Purugly|153/271\n|\n|-heal|p1a: Phione|60/300|[from] item: Leftovers\n|upkeep\n|turn|12\n|\n|t:|1769700121\n|move|p2a: Purugly|Return|p1a: Phione\n|-damage|p1a: Phione|0 fnt\n|faint|p1a: Phione\n|\n|upkeep\n|\n|t:|1769700136\n|switch|p1a: Terrakion|Terrakion, L78|270/270\n|turn|13\n|\n|t:|1769700143\n|switch|p2a: Volbeat|Volbeat, L91, M|266/266\n|move|p1a: Terrakion|Swords Dance|p1a: Terrakion\n|-boost|p1a: Terrakion|atk|2\n|\n|upkeep\n|turn|14\n|\n|t:|1769700146\n|switch|p1a: Whimsicott|Whimsicott, L87, F|246/246\n|move|p2a: Volbeat|Thunder Wave|p1a: Whimsicott\n|-status|p1a: Whimsicott|par\n|\n|upkeep\n|turn|15\n|\n|t:|1769700153\n|switch|p2a: Crobat|Crobat, L82, F|181/274 par\n|move|p1a: Whimsicott|Moonblast|p2a: Crobat\n|-resisted|p2a: Crobat\n|-damage|p2a: Crobat|136/274 par\n|-unboost|p2a: Crobat|spa|1\n|\n|-heal|p2a: Crobat|153/274 par|[from] item: Black Sludge\n|upkeep\n|turn|16\n|\n|t:|1769700176\n|move|p2a: Crobat|U-turn|p1a: Whimsicott\n|-damage|p1a: Whimsicott|199/246 par\n|\n|t:|1769700179\n|switch|p2a: Oricorio|Oricorio, L90, F|281/281|[from] U-turn\n|move|p1a: Whimsicott|U-turn|p2a: Oricorio\n|-resisted|p2a: Oricorio\n|-damage|p2a: Oricorio|270/281\n|\n|t:|1769700186\n|switch|p1a: Darmanitan|Darmanitan, L82, M|306/306|[from] U-turn\n|\n|-heal|p2a: Oricorio|281/281|[from] item: Leftovers\n|upkeep\n|turn|17\n|\n|t:|1769700194\n|move|p2a: Oricorio|Hurricane|p1a: Darmanitan|[miss]\n|-miss|p2a: Oricorio|p1a: Darmanitan\n|move|p1a: Darmanitan|Rock Slide|p2a: Oricorio\n|-supereffective|p2a: Oricorio\n|-damage|p2a: Oricorio|0 fnt\n|faint|p2a: Oricorio\n|\n|upkeep\n|\n|t:|1769700200\n|switch|p2a: Purugly|Purugly, L89, F|153/271\n|turn|18\n|\n|t:|1769700205\n|switch|p1a: Whimsicott|Whimsicott, L87, F|199/246 par\n|move|p2a: Purugly|U-turn|p1a: Whimsicott\n|-damage|p1a: Whimsicott|128/246 par\n|\n|t:|1769700219\n|switch|p2a: Crobat|Crobat, L82, F|153/274 par|[from] U-turn\n|\n|-heal|p2a: Crobat|170/274 par|[from] item: Black Sludge\n|-heal|p1a: Whimsicott|143/246 par|[from] item: Leftovers\n|upkeep\n|turn|19\n|\n|t:|1769700222\n|move|p2a: Crobat|U-turn|p1a: Whimsicott\n|-damage|p1a: Whimsicott|101/246 par\n|\n|t:|1769700227\n|switch|p2a: Volbeat|Volbeat, L91, M|266/266|[from] U-turn\n|move|p1a: Whimsicott|U-turn|p2a: Volbeat\n|-damage|p2a: Volbeat|225/266\n|\n|t:|1769700230\n|switch|p1a: Darmanitan|Darmanitan, L82, M|306/306|[from] U-turn\n|\n|-heal|p2a: Volbeat|241/266|[from] item: Leftovers\n|upkeep\n|turn|20\n|\n|t:|1769700242\n|move|p2a: Volbeat|Thunder Wave|p1a: Darmanitan\n|-status|p1a: Darmanitan|par\n|move|p1a: Darmanitan|Flare Blitz|p2a: Volbeat\n|-supereffective|p2a: Volbeat\n|-damage|p2a: Volbeat|0 fnt\n|faint|p2a: Volbeat\n|-damage|p1a: Darmanitan|226/306 par|[from] Recoil\n|\n|upkeep\n|\n|t:|1769700244\n|switch|p2a: Pangoro|Pangoro, L86, M|304/304\n|turn|21\n|\n|t:|1769700255\n|switch|p1a: Whimsicott|Whimsicott, L87, F|101/246 par\n|move|p2a: Pangoro|Knock Off|p1a: Whimsicott\n|-resisted|p1a: Whimsicott\n|-damage|p1a: Whimsicott|12/246 par\n|-enditem|p1a: Whimsicott|Leftovers|[from] move: Knock Off|[of] p2a: Pangoro\n|\n|upkeep\n|turn|22\n|\n|t:|1769700259\n|move|p1a: Whimsicott|Stun Spore|p2a: Pangoro\n|-hint|Since gen 7, Dark is immune to Prankster moves.\n|-immune|p2a: Pangoro\n|move|p2a: Pangoro|Knock Off|p1a: Whimsicott\n|-resisted|p1a: Whimsicott\n|-damage|p1a: Whimsicott|0 fnt\n|faint|p1a: Whimsicott\n|\n|upkeep\n|\n|t:|1769700264\n|switch|p1a: Terrakion|Terrakion, L78|270/270\n|turn|23\n|\n|t:|1769700289\n|switch|p2a: Crobat|Crobat, L82, F|170/274 par\n|move|p1a: Terrakion|Swords Dance|p1a: Terrakion\n|-boost|p1a: Terrakion|atk|2\n|\n|-heal|p2a: Crobat|187/274 par|[from] item: Black Sludge\n|upkeep\n|turn|24\n|\n|t:|1769700302\n|-zpower|p1a: Terrakion\n|move|p1a: Terrakion|Continental Crush|p2a: Crobat|[zeffect]\n|-supereffective|p2a: Crobat\n|-damage|p2a: Crobat|0 fnt\n|faint|p2a: Crobat\n|\n|upkeep\n|\n|t:|1769700325\n|switch|p2a: Purugly|Purugly, L89, F|153/271\n|turn|25\n|c|☆Prophet Quest|whine for me rude gyal everyting criss\n|\n|t:|1769700331\n|move|p2a: Purugly|U-turn|p1a: Terrakion\n|-resisted|p1a: Terrakion\n|-damage|p1a: Terrakion|232/270\n|\n|t:|1769700335\n|switch|p2a: Pangoro|Pangoro, L86, M|304/304|[from] U-turn\n|move|p1a: Terrakion|Close Combat|p2a: Pangoro\n|-supereffective|p2a: Pangoro\n|-damage|p2a: Pangoro|0 fnt\n|-unboost|p1a: Terrakion|def|1\n|-unboost|p1a: Terrakion|spd|1\n|faint|p2a: Pangoro\n|\n|upkeep\n|\n|t:|1769700337\n|switch|p2a: Purugly|Purugly, L89, F|153/271\n|turn|26\n|\n|t:|1769700343\n|switch|p1a: Darmanitan|Darmanitan, L82, M|226/306 par\n|move|p2a: Purugly|Stomping Tantrum|p1a: Darmanitan\n|-supereffective|p1a: Darmanitan\n|-damage|p1a: Darmanitan|12/306 par\n|\n|upkeep\n|turn|27\n|\n|t:|1769700351\n|move|p2a: Purugly|Stomping Tantrum|p1a: Darmanitan\n|-supereffective|p1a: Darmanitan\n|-damage|p1a: Darmanitan|0 fnt\n|faint|p1a: Darmanitan\n|\n|upkeep\n|\n|t:|1769700361\n|switch|p1a: Terrakion|Terrakion, L78|232/270\n|turn|28\n|\n|t:|1769700364\n|move|p2a: Purugly|Stomping Tantrum|p1a: Terrakion\n|-supereffective|p1a: Terrakion\n|-damage|p1a: Terrakion|76/270\n|move|p1a: Terrakion|Close Combat|p2a: Purugly\n|-supereffective|p2a: Purugly\n|-damage|p2a: Purugly|0 fnt\n|-unboost|p1a: Terrakion|def|1\n|-unboost|p1a: Terrakion|spd|1\n|faint|p2a: Purugly\n|\n|win|Prophet Quest\n|raw|Prophet Quest's rating: 1677 &rarr; <strong>1706</strong><br />(+29 for winning)\n|raw|BigWes95's rating: 1851 &rarr; <strong>1822</strong><br />(-29 for losing)\n|c|☆Prophet Quest|gg\n", "inputlog": ">version b99ff0165a6231f17e8b78c2a78d1998375de664\n>start {\"formatid\":\"gen7randombattle\",\"seed\":\"sodium,ac7d61b5bf908146f983a2b65d8eebf0\",\"rated\":\"Rated battle\"}\n>player p1 {\"name\":\"Prophet Quest\",\"avatar\":\"steven-gen6\",\"rating\":1677,\"seed\":\"sodium,e3e169ccb7edccb517299e2b9658e4c0\"}\n>player p2 {\"name\":\"BigWes95\",\"avatar\":\"#rbtt9hoopers2\",\"rating\":1851,\"seed\":\"sodium,4215d54e0085f98556565cd7d797d140\"}\n>chat ☆Prophet Quest|hf friendo\n>p1 move moonblast\n>p2 switch 3\n>p1 move stunspore\n>p2 move uturn\n>p1 move uturn\n>p2 move bravebird\n>chat ☆Prophet Quest|sorry bout dat\n>p1 switch 5\n>p1 move icebeam\n>p2 switch 4\n>p1 move roar\n>p2 move stoneedge zmove\n>p1 switch 5\n>p1 move moonblast\n>p2 switch 4\n>p1 move uturn\n>p2 move uturn\n>p1 switch 3\n>p2 switch 4\n>p1 move earthquake\n>p2 move stoneedge\n>p1 move earthquake\n>p2 move stoneedge\n>p1 switch 2\n>p1 move knockoff\n>p2 move stoneedge\n>p2 switch 5\n>p1 move scald\n>p2 move return\n>p1 move scald\n>p2 move return\n>p1 switch 6\n>p1 move swordsdance\n>p2 switch 6\n>p1 switch 3\n>p2 move thunderwave\n>p1 move moonblast\n>p2 switch 4\n>p1 move uturn\n>p2 move uturn\n>p2 switch 2\n>p1 switch 4\n>p1 move rockslide\n>p2 move hurricane\n>p2 switch 6\n>p1 switch 4\n>p2 move uturn\n>p2 switch 2\n>p1 move uturn\n>p2 move uturn\n>p2 switch 4\n>p1 switch 4\n>p1 move flareblitz\n>p2 move thunderwave\n>p2 switch 3\n>p1 switch 4\n>p2 move knockoff\n>p1 move stunspore\n>p2 move knockoff\n>p1 switch 3\n>p1 move swordsdance\n>p2 switch 4\n>p1 move stoneedge zmove\n>p2 move bravebird\n>p2 switch 2\n>chat ☆Prophet Quest|whine for me rude gyal everyting criss\n>p1 move closecombat\n>p2 move uturn\n>p2 switch 4\n>p2 switch 4\n>p1 switch 4\n>p2 move stompingtantrum\n>p1 move earthquake\n>p2 move stompingtantrum\n>p1 switch 4\n>p1 move closecombat\n>p2 move stompingtantrum", "uploadtime": 1769700395, "views": 158, "formatid": "gen7randombattle", "rating": 1706, "private": 0, "password": null}