{"id": "gen7randombattle-2534687346", "format": "[Gen 7] Random Battle", "players": ["alex938", "may/gen3"], "log": "|j|☆alex938\n|j|☆may/gen3\n|t:|1770461553\n|gametype|singles\n|player|p1|alex938|ethan|1627\n|player|p2|may/gen3|may|1770\n|gen|7\n|tier|[Gen 7] Random Battle\n|rated|\n|rule|Sleep Clause Mod: Limit one foe put to sleep\n|rule|HP Percentage Mod: HP is shown in percentages\n|rule|Illusion Level Mod: Illusion disguises the Pokémon's true level\n|\n|t:|1770461553\n|teamsize|p1|6\n|teamsize|p2|6\n|start\n|switch|p1a: Purugly|Purugly, L89, F|271/271\n|switch|p2a: Persian|Persian-Alola, L84, F|246/246\n|turn|1\n|inactive|Battle timer is ON: inactive players will automatically lose when time's up. (requested by alex938)\n|\n|t:|1770461586\n|move|p1a: Purugly|Fake Out|p2a: Persian\n|-damage|p2a: Persian|213/246\n|cant|p2a: Persian|flinch\n|\n|-heal|p2a: Persian|228/246|[from] item: Leftovers\n|upkeep\n|turn|2\n|\n|t:|1770461598\n|move|p1a: Purugly|U-turn|p2a: Persian\n|-supereffective|p2a: Persian\n|-damage|p2a: Persian|162/246\n|\n|t:|1770461600\n|switch|p1a: Nidoqueen|Nidoqueen, L83, F|285/285|[from] U-turn\n|move|p2a: Persian|Nasty Plot|p2a: Persian\n|-boost|p2a: Persian|spa|2\n|\n|-heal|p2a: Persian|177/246|[from] item: Leftovers\n|upkeep\n|turn|3\n|\n|t:|1770461603\n|move|p2a: Persian|Dark Pulse|p1a: Nidoqueen\n|-damage|p1a: Nidoqueen|143/285\n|move|p1a: Nidoqueen|Fire Blast|p2a: Persian\n|-damage|p2a: Persian|48/246\n|\n|-heal|p2a: Persian|63/246|[from] item: Leftovers\n|upkeep\n|turn|4\n|\n|t:|1770461609\n|move|p2a: Persian|Dark Pulse|p1a: Nidoqueen\n|-damage|p1a: Nidoqueen|4/285\n|move|p1a: Nidoqueen|Earth Power|p2a: Persian\n|-damage|p2a: Persian|0 fnt\n|faint|p2a: Persian\n|\n|upkeep\n|\n|t:|1770461618\n|switch|p2a: Silvally|Silvally-Steel, L87|307/307\n|turn|5\n|\n|t:|1770461622\n|switch|p1a: Ho-Oh|Ho-Oh, L72|272/272\n|move|p2a: Silvally|Multi-Attack|p1a: Ho-Oh\n|-resisted|p1a: Ho-Oh\n|-damage|p1a: Ho-Oh|216/272\n|\n|-heal|p1a: Ho-Oh|233/272|[from] item: Leftovers\n|upkeep\n|turn|6\n|\n|t:|1770461625\n|move|p2a: Silvally|U-turn|p1a: Ho-Oh\n|-resisted|p1a: Ho-Oh\n|-damage|p1a: Ho-Oh|219/272\n|\n|t:|1770461630\n|switch|p2a: Armaldo|Armaldo, L89, M|278/278|[from] U-turn\n|move|p1a: Ho-Oh|Sacred Fire|p2a: Armaldo\n|-damage|p2a: Armaldo|194/278\n|\n|-heal|p1a: Ho-Oh|236/272|[from] item: Leftovers\n|-heal|p2a: Armaldo|211/278|[from] item: Leftovers\n|upkeep\n|turn|7\n|\n|t:|1770461635\n|switch|p1a: Nidoqueen|Nidoqueen, L83, F|4/285\n|move|p2a: Armaldo|Swords Dance|p2a: Armaldo\n|-boost|p2a: Armaldo|atk|2\n|\n|-heal|p2a: Armaldo|228/278|[from] item: Leftovers\n|upkeep\n|turn|8\n|\n|t:|1770461638\n|move|p2a: Armaldo|Aqua Jet|p1a: Nidoqueen\n|-supereffective|p1a: Nidoqueen\n|-damage|p1a: Nidoqueen|0 fnt\n|faint|p1a: Nidoqueen\n|\n|-heal|p2a: Armaldo|245/278|[from] item: Leftovers\n|upkeep\n|\n|t:|1770461641\n|switch|p1a: Rotom|Rotom-Wash, L83|219/219\n|turn|9\n|\n|t:|1770461648\n|switch|p2a: Gourgeist|Gourgeist-Super, L89, F|296/296\n|-item|p1a: Rotom|Leftovers|[from] ability: Frisk|[of] p2a: Gourgeist\n|move|p1a: Rotom|Hydro Pump|p2a: Gourgeist\n|-resisted|p2a: Gourgeist\n|-damage|p2a: Gourgeist|236/296\n|\n|upkeep\n|turn|10\n|\n|t:|1770461652\n|switch|p2a: Naganadel|Naganadel, L74|230/230\n|move|p1a: Rotom|Volt Switch|p2a: Naganadel\n|-resisted|p2a: Naganadel\n|-crit|p2a: Naganadel\n|-damage|p2a: Naganadel|149/230\n|\n|t:|1770461658\n|switch|p1a: Purugly|Purugly, L89, F|271/271|[from] Volt Switch\n|\n|upkeep\n|turn|11\n|\n|t:|1770461662\n|switch|p2a: Silvally|Silvally-Steel, L87|307/307\n|move|p1a: Purugly|Knock Off|p2a: Silvally\n|-damage|p2a: Silvally|266/307\n|\n|upkeep\n|turn|12\n|\n|t:|1770461665\n|move|p1a: Purugly|U-turn|p2a: Silvally\n|-resisted|p2a: Silvally\n|-damage|p2a: Silvally|245/307\n|\n|t:|1770461667\n|switch|p1a: Ho-Oh|Ho-Oh, L72|272/272|[from] U-turn\n|move|p2a: Silvally|U-turn|p1a: Ho-Oh\n|-resisted|p1a: Ho-Oh\n|-damage|p1a: Ho-Oh|259/272\n|\n|t:|1770461670\n|switch|p2a: Naganadel|Naganadel, L74|149/230|[from] U-turn\n|\n|-heal|p1a: Ho-Oh|272/272|[from] item: Leftovers\n|upkeep\n|turn|13\n|\n|t:|1770461674\n|move|p2a: Naganadel|Sludge Wave|p1a: Ho-Oh\n|-damage|p1a: Ho-Oh|160/272\n|move|p1a: Ho-Oh|Brave Bird|p2a: Naganadel\n|-damage|p2a: Naganadel|0 fnt\n|faint|p2a: Naganadel\n|-damage|p1a: Ho-Oh|111/272|[from] Recoil\n|\n|-heal|p1a: Ho-Oh|128/272|[from] item: Leftovers\n|upkeep\n|\n|t:|1770461677\n|switch|p2a: Cobalion|Cobalion, L78|270/270\n|turn|14\n|\n|t:|1770461682\n|switch|p1a: Rotom|Rotom-Wash, L83|219/219\n|move|p2a: Cobalion|Stone Edge|p1a: Rotom\n|-damage|p1a: Rotom|163/219\n|\n|-heal|p1a: Rotom|176/219|[from] item: Leftovers\n|upkeep\n|turn|15\n|\n|t:|1770461687\n|move|p2a: Cobalion|Swords Dance|p2a: Cobalion\n|-boost|p2a: Cobalion|atk|2\n|move|p1a: Rotom|Volt Switch|p2a: Cobalion\n|-damage|p2a: Cobalion|164/270\n|\n|t:|1770461695\n|switch|p1a: Heracross|Heracross, L82, F|265/265|[from] Volt Switch\n|\n|-status|p1a: Heracross|brn|[from] item: Flame Orb\n|upkeep\n|turn|16\n|\n|t:|1770461699\n|-zpower|p2a: Cobalion\n|move|p2a: Cobalion|Corkscrew Crash|p1a: Heracross|[zeffect]\n|-damage|p1a: Heracross|0 fnt\n|faint|p1a: Heracross\n|\n|upkeep\n|\n|t:|1770461701\n|switch|p1a: Banette|Banette, L87, M|253/253\n|-item|p2a: Cobalion|Steelium Z|[from] ability: Frisk|[of] p1a: Banette\n|turn|17\n|\n|t:|1770461706\n|detailschange|p1a: Banette|Banette-Mega, L87, M\n|-mega|p1a: Banette|Banette|Banettite\n|move|p2a: Cobalion|Iron Head|p1a: Banette\n|-damage|p1a: Banette|109/253\n|move|p1a: Banette|Shadow Claw|p2a: Cobalion\n|-crit|p2a: Cobalion\n|-damage|p2a: Cobalion|20/270\n|\n|upkeep\n|turn|18\n|\n|t:|1770461710\n|move|p1a: Banette|Shadow Sneak|p2a: Cobalion\n|-damage|p2a: Cobalion|0 fnt\n|faint|p2a: Cobalion\n|\n|upkeep\n|\n|t:|1770461717\n|switch|p2a: Silvally|Silvally-Steel, L87|245/307\n|turn|19\n|\n|t:|1770461720\n|switch|p1a: Ho-Oh|Ho-Oh, L72|218/272\n|move|p2a: Silvally|Multi-Attack|p1a: Ho-Oh\n|-resisted|p1a: Ho-Oh\n|-damage|p1a: Ho-Oh|164/272\n|\n|-heal|p1a: Ho-Oh|181/272|[from] item: Leftovers\n|upkeep\n|turn|20\n|\n|t:|1770461724\n|move|p2a: Silvally|Multi-Attack|p1a: Ho-Oh\n|-resisted|p1a: Ho-Oh\n|-damage|p1a: Ho-Oh|127/272\n|move|p1a: Ho-Oh|Sacred Fire|p2a: Silvally\n|-supereffective|p2a: Silvally\n|-damage|p2a: Silvally|57/307\n|\n|-heal|p1a: Ho-Oh|144/272|[from] item: Leftovers\n|upkeep\n|turn|21\n|\n|t:|1770461728\n|move|p2a: Silvally|Multi-Attack|p1a: Ho-Oh\n|-resisted|p1a: Ho-Oh\n|-damage|p1a: Ho-Oh|87/272\n|move|p1a: Ho-Oh|Roost|p1a: Ho-Oh\n|-heal|p1a: Ho-Oh|223/272\n|-singleturn|p1a: Ho-Oh|move: Roost\n|\n|-heal|p1a: Ho-Oh|240/272|[from] item: Leftovers\n|upkeep\n|turn|22\n|\n|t:|1770461731\n|move|p2a: Silvally|Multi-Attack|p1a: Ho-Oh\n|-resisted|p1a: Ho-Oh\n|-damage|p1a: Ho-Oh|183/272\n|move|p1a: Ho-Oh|Sacred Fire|p2a: Silvally\n|-supereffective|p2a: Silvally\n|-damage|p2a: Silvally|0 fnt\n|faint|p2a: Silvally\n|\n|-heal|p1a: Ho-Oh|200/272|[from] item: Leftovers\n|upkeep\n|\n|t:|1770461733\n|switch|p2a: Armaldo|Armaldo, L89, M|245/278\n|turn|23\n|\n|t:|1770461735\n|move|p1a: Ho-Oh|Sacred Fire|p2a: Armaldo\n|-damage|p2a: Armaldo|160/278\n|-status|p2a: Armaldo|brn\n|move|p2a: Armaldo|Stone Edge|p1a: Ho-Oh\n|-supereffective|p1a: Ho-Oh\n|-damage|p1a: Ho-Oh|0 fnt\n|faint|p1a: Ho-Oh\n|\n|-heal|p2a: Armaldo|177/278 brn|[from] item: Leftovers\n|-damage|p2a: Armaldo|160/278 brn|[from] brn\n|upkeep\n|\n|t:|1770461742\n|switch|p1a: Purugly|Purugly, L89, F|271/271\n|turn|24\n|\n|t:|1770461746\n|move|p1a: Purugly|Knock Off|p2a: Armaldo\n|-damage|p2a: Armaldo|99/278 brn\n|-enditem|p2a: Armaldo|Leftovers|[from] move: Knock Off|[of] p1a: Purugly\n|move|p2a: Armaldo|Stone Edge|p1a: Purugly\n|-damage|p1a: Purugly|180/271\n|\n|-damage|p2a: Armaldo|82/278 brn|[from] brn\n|upkeep\n|turn|25\n|\n|t:|1770461748\n|move|p1a: Purugly|Return|p2a: Armaldo\n|-resisted|p2a: Armaldo\n|-damage|p2a: Armaldo|31/278 brn\n|move|p2a: Armaldo|Stone Edge|p1a: Purugly|[miss]\n|-miss|p2a: Armaldo|p1a: Purugly\n|\n|-damage|p2a: Armaldo|14/278 brn|[from] brn\n|upkeep\n|turn|26\n|\n|t:|1770461753\n|move|p2a: Armaldo|Aqua Jet|p1a: Purugly\n|-damage|p1a: Purugly|156/271\n|move|p1a: Purugly|Knock Off|p2a: Armaldo\n|-damage|p2a: Armaldo|0 fnt\n|faint|p2a: Armaldo\n|\n|upkeep\n|\n|t:|1770461754\n|switch|p2a: Gourgeist|Gourgeist-Super, L89, F|236/296\n|-item|p1a: Purugly|Silk Scarf|[from] ability: Frisk|[of] p2a: Gourgeist\n|turn|27\n|\n|t:|1770461757\n|move|p1a: Purugly|Knock Off|p2a: Gourgeist\n|-supereffective|p2a: Gourgeist\n|-damage|p2a: Gourgeist|144/296\n|-damage|p1a: Purugly|111/271|[from] item: Rocky Helmet|[of] p2a: Gourgeist\n|-enditem|p2a: Gourgeist|Rocky Helmet|[from] move: Knock Off|[of] p1a: Purugly\n|move|p2a: Gourgeist|Synthesis|p2a: Gourgeist\n|-heal|p2a: Gourgeist|292/296\n|\n|upkeep\n|turn|28\n|\n|t:|1770461761\n|move|p1a: Purugly|U-turn|p2a: Gourgeist\n|-damage|p2a: Gourgeist|256/296\n|\n|t:|1770461762\n|switch|p1a: Rotom|Rotom-Wash, L83|176/219|[from] U-turn\n|move|p2a: Gourgeist|Will-O-Wisp|p1a: Rotom\n|-status|p1a: Rotom|brn\n|\n|-heal|p1a: Rotom|189/219 brn|[from] item: Leftovers\n|-damage|p1a: Rotom|176/219 brn|[from] brn\n|upkeep\n|turn|29\n|\n|t:|1770461766\n|move|p1a: Rotom|Thunderbolt|p2a: Gourgeist\n|-resisted|p2a: Gourgeist\n|-damage|p2a: Gourgeist|199/296\n|move|p2a: Gourgeist|Seed Bomb|p1a: Rotom\n|-supereffective|p1a: Rotom\n|-damage|p1a: Rotom|0 fnt\n|faint|p1a: Rotom\n|\n|upkeep\n|\n|t:|1770461768\n|switch|p1a: Banette|Banette-Mega, L87, M|109/253\n|turn|30\n|\n|t:|1770461780\n|move|p2a: Gourgeist|Shadow Sneak|p1a: Banette\n|-supereffective|p1a: Banette\n|-damage|p1a: Banette|0 fnt\n|faint|p1a: Banette\n|detailschange|p1: Banette|Banette, L87, M|[silent]\n|\n|upkeep\n|\n|t:|1770461782\n|switch|p1a: Purugly|Purugly, L89, F|111/271\n|turn|31\n|\n|t:|1770461786\n|move|p1a: Purugly|Knock Off|p2a: Gourgeist\n|-supereffective|p2a: Gourgeist\n|-damage|p2a: Gourgeist|137/296\n|move|p2a: Gourgeist|Synthesis|p2a: Gourgeist\n|-heal|p2a: Gourgeist|285/296\n|\n|upkeep\n|turn|32\n|-message|alex938 forfeited.\n|\n|win|may/gen3\n|raw|alex938's rating: 1627 &rarr; <strong>1615</strong><br />(-12 for losing)\n|raw|may&#x2f;gen3's rating: 1770 &rarr; <strong>1782</strong><br />(+12 for winning)\n|l|☆alex938\n|player|p1|\n", "inputlog": ">version ccdc32dd7cde25fd9e4bed64820e885f66e78a4e\n>start {\"formatid\":\"gen7randombattle\",\"seed\":\"sodium,eb8e52129973ba486c978b8e462fce63\",\"rated\":\"Rated battle\"}\n>player p1 {\"name\":\"alex938\",\"avatar\":\"ethan\",\"rating\":1627,\"seed\":\"sodium,c0493460a9683a7f7e6f251f2251ee07\"}\n>player p2 {\"name\":\"may/gen3\",\"avatar\":\"may\",\"rating\":1770,\"seed\":\"sodium,04409ae2fbb15f435c972da77ba8dc94\"}\n>p1 move fakeout\n>p2 move nastyplot\n>p1 move uturn\n>p2 move nastyplot\n>p1 switch 6\n>p1 move fireblast\n>p2 move darkpulse\n>p1 move earthpower\n>p2 move darkpulse\n>p2 switch 5\n>p1 switch 5\n>p2 move multiattack\n>p1 move sacredfire\n>p2 move uturn\n>p2 switch 4\n>p1 switch 5\n>p2 move swordsdance\n>p1 move earthpower\n>p2 move aquajet\n>p1 switch 4\n>p1 move hydropump\n>p2 switch 3\n>p1 move voltswitch\n>p2 switch 2\n>p1 switch 6\n>p1 move knockoff\n>p2 switch 4\n>p1 move uturn\n>p2 move uturn\n>p1 switch 5\n>p2 switch 4\n>p1 move bravebird\n>p2 move sludgewave\n>p2 switch 6\n>p1 switch 6\n>p2 move stoneedge\n>p1 move voltswitch\n>p2 move swordsdance\n>p1 switch 2\n>p1 move closecombat\n>p2 move ironhead zmove\n>p1 switch 3\n>p1 move shadowclaw mega\n>p2 move ironhead\n>p1 move shadowsneak\n>p2 move ironhead\n>p2 switch 4\n>p1 switch 6\n>p2 move multiattack\n>p1 move sacredfire\n>p2 move multiattack\n>p1 move roost\n>p2 move multiattack\n>p1 move sacredfire\n>p2 move multiattack\n>p2 switch 3\n>p1 move sacredfire\n>p2 move stoneedge\n>p1 switch 5\n>p1 move knockoff\n>p2 move stoneedge\n>p1 move return\n>p2 move stoneedge\n>p1 move knockoff\n>p2 move aquajet\n>p2 switch 2\n>p1 move knockoff\n>p2 move synthesis\n>p1 move uturn\n>p2 move willowisp\n>p1 switch 2\n>p1 move thunderbolt\n>p2 move seedbomb\n>p1 switch 6\n>p1 move shadowclaw\n>p2 move shadowsneak\n>p1 switch 2\n>p1 move knockoff\n>p2 move synthesis\n>forcelose p1", "uploadtime": 1770461792, "views": 194, "formatid": "gen7randombattle", "rating": 1615, "private": 0, "password": null}