{"id": "gen7randombattle-2535064924", "format": "[Gen 7] Random Battle", "players": ["berserkpower", "grummybear45"], "log": "|j|☆berserkpower\n|j|☆grummybear45\n|t:|1770509304\n|gametype|singles\n|player|p1|berserkpower|lance|1735\n|player|p2|grummybear45|lacey|1729\n|gen|7\n|tier|[Gen 7] Random Battle\n|rated|\n|rule|Sleep Clause Mod: Limit one foe put to sleep\n|rule|HP Percentage Mod: HP is shown in percentages\n|rule|Illusion Level Mod: Illusion disguises the Pokémon's true level\n|\n|t:|1770509304\n|teamsize|p1|6\n|teamsize|p2|6\n|start\n|switch|p1a: Cresselia|Cresselia, L82, F|331/331\n|switch|p2a: Steelix|Steelix, L82, M|257/257\n|turn|1\n|inactive|Battle timer is ON: inactive players will automatically lose when time's up. (requested by berserkpower)\n|\n|t:|1770509314\n|switch|p1a: Forretress|Forretress, L81, M|254/254\n|move|p2a: Steelix|Iron Head|p1a: Forretress\n|-resisted|p1a: Forretress\n|-damage|p1a: Forretress|206/254\n|\n|-heal|p1a: Forretress|221/254|[from] item: Leftovers\n|upkeep\n|turn|2\n|\n|t:|1770509320\n|switch|p2a: Heatmor|Heatmor, L93, F|309/309\n|move|p1a: Forretress|Toxic Spikes|p2a: Heatmor\n|-sidestart|p2: grummybear45|move: Toxic Spikes\n|\n|-heal|p1a: Forretress|236/254|[from] item: Leftovers\n|upkeep\n|turn|3\n|\n|t:|1770509324\n|switch|p1a: Heatran|Heatran, L80, F|277/277\n|move|p2a: Heatmor|Knock Off|p1a: Heatran\n|-damage|p1a: Heatran|176/277\n|-enditem|p1a: Heatran|Leftovers|[from] move: Knock Off|[of] p2a: Heatmor\n|-damage|p2a: Heatmor|279/309|[from] item: Life Orb\n|\n|upkeep\n|turn|4\n|\n|t:|1770509334\n|switch|p1a: Cresselia|Cresselia, L82, F|331/331\n|move|p2a: Heatmor|Superpower|p1a: Cresselia\n|-resisted|p1a: Cresselia\n|-damage|p1a: Cresselia|274/331\n|-unboost|p2a: Heatmor|atk|1\n|-unboost|p2a: Heatmor|def|1\n|-damage|p2a: Heatmor|228/309|[from] item: Rocky Helmet|[of] p1a: Cresselia\n|-damage|p2a: Heatmor|198/309|[from] item: Life Orb\n|\n|upkeep\n|turn|5\n|\n|t:|1770509341\n|switch|p2a: Steelix|Steelix, L82, M|257/257\n|move|p1a: Cresselia|Psychic|p2a: Steelix\n|-resisted|p2a: Steelix\n|-damage|p2a: Steelix|214/257\n|\n|upkeep\n|turn|6\n|\n|t:|1770509345\n|switch|p1a: Forretress|Forretress, L81, M|236/254\n|move|p2a: Steelix|Rock Slide|p1a: Forretress\n|-damage|p1a: Forretress|179/254\n|\n|-heal|p1a: Forretress|194/254|[from] item: Leftovers\n|upkeep\n|turn|7\n|\n|t:|1770509350\n|switch|p2a: Heatmor|Heatmor, L93, F|198/309\n|-status|p2a: Heatmor|psn\n|move|p1a: Forretress|Toxic Spikes|p2a: Heatmor\n|-sidestart|p2: grummybear45|move: Toxic Spikes\n|\n|-heal|p1a: Forretress|209/254|[from] item: Leftovers\n|-damage|p2a: Heatmor|160/309 psn|[from] psn\n|upkeep\n|turn|8\n|\n|t:|1770509354\n|switch|p1a: Cresselia|Cresselia, L82, F|274/331\n|move|p2a: Heatmor|Fire Blast|p1a: Cresselia\n|-crit|p1a: Cresselia\n|-damage|p1a: Cresselia|70/331\n|-damage|p2a: Heatmor|130/309 psn|[from] item: Life Orb\n|\n|-damage|p2a: Heatmor|92/309 psn|[from] psn\n|upkeep\n|turn|9\n|\n|t:|1770509359\n|move|p1a: Cresselia|Moonlight|p1a: Cresselia\n|-heal|p1a: Cresselia|235/331\n|move|p2a: Heatmor|Knock Off|p1a: Cresselia\n|-supereffective|p1a: Cresselia\n|-damage|p1a: Cresselia|61/331\n|-damage|p2a: Heatmor|41/309 psn|[from] item: Rocky Helmet|[of] p1a: Cresselia\n|-enditem|p1a: Cresselia|Rocky Helmet|[from] move: Knock Off|[of] p2a: Heatmor\n|-damage|p2a: Heatmor|11/309 psn|[from] item: Life Orb\n|\n|-damage|p2a: Heatmor|0 fnt|[from] psn\n|faint|p2a: Heatmor\n|upkeep\n|\n|t:|1770509364\n|switch|p2a: Garchomp|Garchomp, L77, M|293/293\n|-status|p2a: Garchomp|tox\n|turn|10\n|\n|t:|1770509372\n|move|p2a: Garchomp|Draco Meteor|p1a: Cresselia\n|-damage|p1a: Cresselia|0 fnt\n|-unboost|p2a: Garchomp|spa|2\n|faint|p1a: Cresselia\n|\n|-damage|p2a: Garchomp|275/293 tox|[from] psn\n|upkeep\n|\n|t:|1770509377\n|switch|p1a: Vanilluxe|Vanilluxe, L86, F|262/262\n|-weather|Hail|[from] ability: Snow Warning|[of] p1a: Vanilluxe\n|turn|11\n|\n|t:|1770509381\n|switch|p2a: Reuniclus|Reuniclus, L87, F|333/333\n|-status|p2a: Reuniclus|tox\n|move|p1a: Vanilluxe|Autotomize|p1a: Vanilluxe\n|-boost|p1a: Vanilluxe|spe|2\n|-start|p1a: Vanilluxe|Autotomize\n|\n|-weather|Hail|[upkeep]\n|upkeep\n|turn|12\n|\n|t:|1770509387\n|move|p1a: Vanilluxe|Blizzard|p2a: Reuniclus\n|-damage|p2a: Reuniclus|173/333 tox\n|-damage|p1a: Vanilluxe|236/262|[from] item: Life Orb\n|move|p2a: Reuniclus|Focus Blast|p1a: Vanilluxe\n|-supereffective|p1a: Vanilluxe\n|-damage|p1a: Vanilluxe|0 fnt\n|faint|p1a: Vanilluxe\n|\n|-weather|Hail|[upkeep]\n|upkeep\n|\n|t:|1770509399\n|switch|p1a: Heatran|Heatran, L80, F|176/277\n|turn|13\n|\n|t:|1770509404\n|move|p1a: Heatran|Stealth Rock|p2a: Reuniclus\n|-sidestart|p2: grummybear45|move: Stealth Rock\n|move|p2a: Reuniclus|Recover|p2a: Reuniclus\n|-heal|p2a: Reuniclus|333/333 tox\n|\n|-weather|Hail|[upkeep]\n|-damage|p1a: Heatran|159/277|[from] Hail\n|upkeep\n|turn|14\n|\n|t:|1770509408\n|move|p1a: Heatran|Magma Storm|p2a: Reuniclus\n|-damage|p2a: Reuniclus|213/333 tox\n|-activate|p2a: Reuniclus|move: Magma Storm|[of] p1a: Heatran\n|move|p2a: Reuniclus|Calm Mind|p2a: Reuniclus\n|-boost|p2a: Reuniclus|spa|1\n|-boost|p2a: Reuniclus|spd|1\n|\n|-weather|Hail|[upkeep]\n|-damage|p1a: Heatran|142/277|[from] Hail\n|upkeep\n|turn|15\n|\n|t:|1770509415\n|switch|p1a: Tropius|Tropius, L94, F|336/336\n|move|p2a: Reuniclus|Recover|p2a: Reuniclus\n|-heal|p2a: Reuniclus|333/333 tox\n|\n|-weather|none\n|-end|p2a: Reuniclus|Magma Storm|[partiallytrapped]|[silent]\n|upkeep\n|turn|16\n|\n|t:|1770509419\n|move|p1a: Tropius|Substitute|p1a: Tropius\n|-start|p1a: Tropius|Substitute\n|-damage|p1a: Tropius|252/336\n|move|p2a: Reuniclus|Psychic|p1a: Tropius\n|-end|p1a: Tropius|Substitute\n|\n|upkeep\n|turn|17\n|\n|t:|1770509421\n|move|p1a: Tropius|Protect|p1a: Tropius\n|-singleturn|p1a: Tropius|Protect\n|move|p2a: Reuniclus|Psychic|p1a: Tropius\n|-activate|p1a: Tropius|move: Protect\n|\n|upkeep\n|turn|18\n|\n|t:|1770509423\n|move|p1a: Tropius|Substitute|p1a: Tropius\n|-start|p1a: Tropius|Substitute\n|-damage|p1a: Tropius|168/336\n|-enditem|p1a: Tropius|Sitrus Berry|[eat]\n|-heal|p1a: Tropius|252/336|[from] item: Sitrus Berry\n|move|p2a: Reuniclus|Psychic|p1a: Tropius\n|-end|p1a: Tropius|Substitute\n|\n|-item|p1a: Tropius|Sitrus Berry|[from] ability: Harvest\n|upkeep\n|turn|19\n|\n|t:|1770509430\n|move|p1a: Tropius|Substitute|p1a: Tropius\n|-start|p1a: Tropius|Substitute\n|-damage|p1a: Tropius|168/336\n|-enditem|p1a: Tropius|Sitrus Berry|[eat]\n|-heal|p1a: Tropius|252/336|[from] item: Sitrus Berry\n|move|p2a: Reuniclus|Calm Mind|p2a: Reuniclus\n|-boost|p2a: Reuniclus|spa|1\n|-boost|p2a: Reuniclus|spd|1\n|\n|upkeep\n|turn|20\n|\n|t:|1770509434\n|move|p1a: Tropius|Leech Seed|p2a: Reuniclus\n|-start|p2a: Reuniclus|move: Leech Seed\n|move|p2a: Reuniclus|Psychic|p1a: Tropius\n|-end|p1a: Tropius|Substitute\n|\n|-item|p1a: Tropius|Sitrus Berry|[from] ability: Harvest\n|upkeep\n|turn|21\n|\n|t:|1770509441\n|move|p1a: Tropius|Substitute|p1a: Tropius\n|-start|p1a: Tropius|Substitute\n|-damage|p1a: Tropius|168/336\n|-enditem|p1a: Tropius|Sitrus Berry|[eat]\n|-heal|p1a: Tropius|252/336|[from] item: Sitrus Berry\n|move|p2a: Reuniclus|Psychic|p1a: Tropius\n|-end|p1a: Tropius|Substitute\n|\n|-item|p1a: Tropius|Sitrus Berry|[from] ability: Harvest\n|upkeep\n|turn|22\n|\n|t:|1770509446\n|move|p1a: Tropius|Substitute|p1a: Tropius\n|-start|p1a: Tropius|Substitute\n|-damage|p1a: Tropius|168/336\n|-enditem|p1a: Tropius|Sitrus Berry|[eat]\n|-heal|p1a: Tropius|252/336|[from] item: Sitrus Berry\n|move|p2a: Reuniclus|Calm Mind|p2a: Reuniclus\n|-boost|p2a: Reuniclus|spa|1\n|-boost|p2a: Reuniclus|spd|1\n|\n|upkeep\n|turn|23\n|\n|t:|1770509451\n|move|p1a: Tropius|Protect|p1a: Tropius\n|-singleturn|p1a: Tropius|Protect\n|move|p2a: Reuniclus|Calm Mind|p2a: Reuniclus\n|-boost|p2a: Reuniclus|spa|1\n|-boost|p2a: Reuniclus|spd|1\n|\n|upkeep\n|turn|24\n|\n|t:|1770509455\n|move|p1a: Tropius|Air Slash|p2a: Reuniclus\n|-damage|p2a: Reuniclus|306/333 tox\n|move|p2a: Reuniclus|Calm Mind|p2a: Reuniclus\n|-boost|p2a: Reuniclus|spa|1\n|-boost|p2a: Reuniclus|spd|1\n|\n|-item|p1a: Tropius|Sitrus Berry|[from] ability: Harvest\n|upkeep\n|turn|25\n|\n|t:|1770509457\n|move|p1a: Tropius|Air Slash|p2a: Reuniclus\n|-damage|p2a: Reuniclus|285/333 tox\n|move|p2a: Reuniclus|Calm Mind|p2a: Reuniclus\n|-boost|p2a: Reuniclus|spa|1\n|-boost|p2a: Reuniclus|spd|1\n|\n|upkeep\n|turn|26\n|\n|t:|1770509462\n|move|p1a: Tropius|Air Slash|p2a: Reuniclus\n|-damage|p2a: Reuniclus|264/333 tox\n|move|p2a: Reuniclus|Psychic|p1a: Tropius\n|-end|p1a: Tropius|Substitute\n|\n|upkeep\n|turn|27\n|\n|t:|1770509467\n|move|p1a: Tropius|Substitute|p1a: Tropius\n|-start|p1a: Tropius|Substitute\n|-damage|p1a: Tropius|168/336\n|-enditem|p1a: Tropius|Sitrus Berry|[eat]\n|-heal|p1a: Tropius|252/336|[from] item: Sitrus Berry\n|move|p2a: Reuniclus|Focus Blast|p1a: Tropius\n|-resisted|p1a: Tropius\n|-end|p1a: Tropius|Substitute\n|\n|-item|p1a: Tropius|Sitrus Berry|[from] ability: Harvest\n|upkeep\n|turn|28\n|\n|t:|1770509477\n|move|p1a: Tropius|Substitute|p1a: Tropius\n|-start|p1a: Tropius|Substitute\n|-damage|p1a: Tropius|168/336\n|-enditem|p1a: Tropius|Sitrus Berry|[eat]\n|-heal|p1a: Tropius|252/336|[from] item: Sitrus Berry\n|move|p2a: Reuniclus|Psychic|p1a: Tropius\n|-end|p1a: Tropius|Substitute\n|\n|upkeep\n|turn|29\n|\n|t:|1770509479\n|move|p1a: Tropius|Substitute|p1a: Tropius\n|-start|p1a: Tropius|Substitute\n|-damage|p1a: Tropius|168/336\n|move|p2a: Reuniclus|Calm Mind|p2a: Reuniclus\n|-boost|p2a: Reuniclus|spa|0\n|-boost|p2a: Reuniclus|spd|0\n|\n|upkeep\n|turn|30\n|\n|t:|1770509484\n|move|p1a: Tropius|Air Slash|p2a: Reuniclus\n|-damage|p2a: Reuniclus|245/333 tox\n|move|p2a: Reuniclus|Recover|p2a: Reuniclus\n|-heal|p2a: Reuniclus|333/333 tox\n|\n|upkeep\n|turn|31\n|\n|t:|1770509487\n|move|p1a: Tropius|Air Slash|p2a: Reuniclus\n|-damage|p2a: Reuniclus|314/333 tox\n|move|p2a: Reuniclus|Focus Blast|p1a: Tropius|[miss]\n|-miss|p2a: Reuniclus|p1a: Tropius\n|\n|-item|p1a: Tropius|Sitrus Berry|[from] ability: Harvest\n|upkeep\n|-enditem|p1a: Tropius|Sitrus Berry|[eat]\n|-heal|p1a: Tropius|252/336|[from] item: Sitrus Berry\n|turn|32\n|\n|t:|1770509496\n|move|p1a: Tropius|Air Slash|p2a: Reuniclus\n|-damage|p2a: Reuniclus|295/333 tox\n|move|p2a: Reuniclus|Psychic|p1a: Tropius\n|-end|p1a: Tropius|Substitute\n|\n|-item|p1a: Tropius|Sitrus Berry|[from] ability: Harvest\n|upkeep\n|turn|33\n|\n|t:|1770509499\n|move|p1a: Tropius|Substitute|p1a: Tropius\n|-start|p1a: Tropius|Substitute\n|-damage|p1a: Tropius|168/336\n|-enditem|p1a: Tropius|Sitrus Berry|[eat]\n|-heal|p1a: Tropius|252/336|[from] item: Sitrus Berry\n|move|p2a: Reuniclus|Focus Blast|p1a: Tropius|[miss]\n|-miss|p2a: Reuniclus|p1a: Tropius\n|\n|upkeep\n|turn|34\n|\n|t:|1770509503\n|move|p1a: Tropius|Air Slash|p2a: Reuniclus\n|-damage|p2a: Reuniclus|276/333 tox\n|cant|p2a: Reuniclus|flinch\n|\n|upkeep\n|turn|35\n|\n|t:|1770509506\n|move|p1a: Tropius|Air Slash|p2a: Reuniclus\n|-damage|p2a: Reuniclus|255/333 tox\n|move|p2a: Reuniclus|Focus Blast|p1a: Tropius|[miss]\n|-miss|p2a: Reuniclus|p1a: Tropius\n|\n|-item|p1a: Tropius|Sitrus Berry|[from] ability: Harvest\n|upkeep\n|turn|36\n|\n|t:|1770509510\n|move|p1a: Tropius|Air Slash|p2a: Reuniclus\n|-damage|p2a: Reuniclus|236/333 tox\n|cant|p2a: Reuniclus|flinch\n|\n|upkeep\n|turn|37\n|\n|t:|1770509514\n|move|p1a: Tropius|Air Slash|p2a: Reuniclus\n|-damage|p2a: Reuniclus|217/333 tox\n|cant|p2a: Reuniclus|flinch\n|\n|upkeep\n|turn|38\n|\n|t:|1770509518\n|move|p1a: Tropius|Air Slash|p2a: Reuniclus\n|-damage|p2a: Reuniclus|196/333 tox\n|cant|p2a: Reuniclus|flinch\n|\n|upkeep\n|turn|39\n|\n|t:|1770509523\n|move|p1a: Tropius|Air Slash|p2a: Reuniclus\n|-damage|p2a: Reuniclus|177/333 tox\n|move|p2a: Reuniclus|Recover|p2a: Reuniclus\n|-heal|p2a: Reuniclus|333/333 tox\n|\n|upkeep\n|turn|40\n|\n|t:|1770509529\n|move|p1a: Tropius|Leech Seed||[still]\n|-fail|p1a: Tropius\n|move|p2a: Reuniclus|Calm Mind|p2a: Reuniclus\n|-boost|p2a: Reuniclus|spa|0\n|-boost|p2a: Reuniclus|spd|0\n|\n|upkeep\n|turn|41\n|\n|t:|1770509533\n|move|p1a: Tropius|Protect|p1a: Tropius\n|-singleturn|p1a: Tropius|Protect\n|move|p2a: Reuniclus|Calm Mind|p2a: Reuniclus\n|-boost|p2a: Reuniclus|spa|0\n|-boost|p2a: Reuniclus|spd|0\n|\n|upkeep\n|turn|42\n|\n|t:|1770509541\n|move|p1a: Tropius|Leech Seed|p2a: Reuniclus|[miss]\n|-miss|p1a: Tropius|p2a: Reuniclus\n|move|p2a: Reuniclus|Calm Mind|p2a: Reuniclus\n|-boost|p2a: Reuniclus|spa|0\n|-boost|p2a: Reuniclus|spd|0\n|\n|upkeep\n|turn|43\n|\n|t:|1770509544\n|move|p1a: Tropius|Leech Seed||[still]\n|-fail|p1a: Tropius\n|move|p2a: Reuniclus|Focus Blast|p1a: Tropius|[miss]\n|-miss|p2a: Reuniclus|p1a: Tropius\n|\n|upkeep\n|turn|44\n|\n|t:|1770509550\n|move|p1a: Tropius|Leech Seed||[still]\n|-fail|p1a: Tropius\n|move|p2a: Reuniclus|Calm Mind|p2a: Reuniclus\n|-boost|p2a: Reuniclus|spa|0\n|-boost|p2a: Reuniclus|spd|0\n|\n|upkeep\n|turn|45\n|\n|t:|1770509553\n|move|p1a: Tropius|Leech Seed||[still]\n|-fail|p1a: Tropius\n|move|p2a: Reuniclus|Focus Blast|p1a: Tropius\n|-resisted|p1a: Tropius\n|-crit|p1a: Tropius\n|-end|p1a: Tropius|Substitute\n|\n|upkeep\n|turn|46\n|\n|t:|1770509559\n|move|p1a: Tropius|Substitute|p1a: Tropius\n|-start|p1a: Tropius|Substitute\n|-damage|p1a: Tropius|168/336\n|-enditem|p1a: Tropius|Sitrus Berry|[eat]\n|-heal|p1a: Tropius|252/336|[from] item: Sitrus Berry\n|move|p2a: Reuniclus|Psychic|p1a: Tropius\n|-end|p1a: Tropius|Substitute\n|\n|upkeep\n|turn|47\n|\n|t:|1770509561\n|move|p1a: Tropius|Substitute|p1a: Tropius\n|-start|p1a: Tropius|Substitute\n|-damage|p1a: Tropius|168/336\n|move|p2a: Reuniclus|Calm Mind|p2a: Reuniclus\n|-boost|p2a: Reuniclus|spa|0\n|-boost|p2a: Reuniclus|spd|0\n|\n|upkeep\n|turn|48\n|\n|t:|1770509566\n|move|p1a: Tropius|Air Slash|p2a: Reuniclus\n|-damage|p2a: Reuniclus|312/333 tox\n|move|p2a: Reuniclus|Calm Mind|p2a: Reuniclus\n|-boost|p2a: Reuniclus|spa|0\n|-boost|p2a: Reuniclus|spd|0\n|\n|-item|p1a: Tropius|Sitrus Berry|[from] ability: Harvest\n|upkeep\n|-enditem|p1a: Tropius|Sitrus Berry|[eat]\n|-heal|p1a: Tropius|252/336|[from] item: Sitrus Berry\n|turn|49\n|\n|t:|1770509569\n|move|p1a: Tropius|Air Slash|p2a: Reuniclus\n|-damage|p2a: Reuniclus|294/333 tox\n|move|p2a: Reuniclus|Calm Mind|p2a: Reuniclus\n|-boost|p2a: Reuniclus|spa|0\n|-boost|p2a: Reuniclus|spd|0\n|\n|upkeep\n|turn|50\n|\n|t:|1770509574\n|move|p1a: Tropius|Air Slash|p2a: Reuniclus\n|-crit|p2a: Reuniclus\n|-damage|p2a: Reuniclus|179/333 tox\n|cant|p2a: Reuniclus|flinch\n|\n|-item|p1a: Tropius|Sitrus Berry|[from] ability: Harvest\n|upkeep\n|turn|51\n|\n|t:|1770509577\n|move|p1a: Tropius|Air Slash|p2a: Reuniclus\n|-damage|p2a: Reuniclus|157/333 tox\n|cant|p2a: Reuniclus|flinch\n|\n|upkeep\n|turn|52\n|\n|t:|1770509582\n|move|p1a: Tropius|Leech Seed||[still]\n|-fail|p1a: Tropius\n|move|p2a: Reuniclus|Recover|p2a: Reuniclus\n|-heal|p2a: Reuniclus|324/333 tox\n|\n|upkeep\n|turn|53\n|\n|t:|1770509584\n|move|p1a: Tropius|Leech Seed||[still]\n|-fail|p1a: Tropius\n|move|p2a: Reuniclus|Psychic|p1a: Tropius\n|-end|p1a: Tropius|Substitute\n|\n|upkeep\n|turn|54\n|\n|t:|1770509587\n|move|p1a: Tropius|Substitute|p1a: Tropius\n|-start|p1a: Tropius|Substitute\n|-damage|p1a: Tropius|168/336\n|-enditem|p1a: Tropius|Sitrus Berry|[eat]\n|-heal|p1a: Tropius|252/336|[from] item: Sitrus Berry\n|move|p2a: Reuniclus|Psychic|p1a: Tropius\n|-end|p1a: Tropius|Substitute\n|\n|-item|p1a: Tropius|Sitrus Berry|[from] ability: Harvest\n|upkeep\n|turn|55\n|\n|t:|1770509590\n|move|p1a: Tropius|Substitute|p1a: Tropius\n|-start|p1a: Tropius|Substitute\n|-damage|p1a: Tropius|168/336\n|-enditem|p1a: Tropius|Sitrus Berry|[eat]\n|-heal|p1a: Tropius|252/336|[from] item: Sitrus Berry\n|move|p2a: Reuniclus|Calm Mind|p2a: Reuniclus\n|-boost|p2a: Reuniclus|spa|0\n|-boost|p2a: Reuniclus|spd|0\n|\n|-item|p1a: Tropius|Sitrus Berry|[from] ability: Harvest\n|upkeep\n|turn|56\n|\n|t:|1770509596\n|move|p1a: Tropius|Air Slash|p2a: Reuniclus\n|-damage|p2a: Reuniclus|306/333 tox\n|cant|p2a: Reuniclus|flinch\n|\n|upkeep\n|turn|57\n|\n|t:|1770509601\n|move|p1a: Tropius|Air Slash|p2a: Reuniclus\n|-damage|p2a: Reuniclus|287/333 tox\n|cant|p2a: Reuniclus|flinch\n|\n|upkeep\n|turn|58\n|\n|t:|1770509606\n|switch|p1a: Audino|Audino, L92, M|339/339\n|move|p2a: Reuniclus|Calm Mind|p2a: Reuniclus\n|-boost|p2a: Reuniclus|spa|0\n|-boost|p2a: Reuniclus|spd|0\n|\n|upkeep\n|turn|59\n|\n|t:|1770509610\n|detailschange|p1a: Audino|Audino-Mega, L92, M\n|-mega|p1a: Audino|Audino|Audinite\n|move|p1a: Audino|Protect|p1a: Audino\n|-singleturn|p1a: Audino|Protect\n|move|p2a: Reuniclus|Recover|p2a: Reuniclus\n|-heal|p2a: Reuniclus|333/333 tox\n|\n|upkeep\n|turn|60\n|\n|t:|1770509622\n|switch|p1a: Forretress|Forretress, L81, M|209/254\n|move|p2a: Reuniclus|Psychic|p1a: Forretress\n|-resisted|p1a: Forretress\n|-damage|p1a: Forretress|0 fnt\n|faint|p1a: Forretress\n|\n|upkeep\n|\n|t:|1770509625\n|switch|p1a: Audino|Audino-Mega, L92, M|339/339\n|turn|61\n|\n|t:|1770509627\n|move|p1a: Audino|Wish|p1a: Audino\n|move|p2a: Reuniclus|Recover||[still]\n|-fail|p2a: Reuniclus|heal\n|\n|upkeep\n|turn|62\n|j| afrohasfaith\n|\n|t:|1770509630\n|move|p1a: Audino|Protect|p1a: Audino\n|-singleturn|p1a: Audino|Protect\n|move|p2a: Reuniclus|Calm Mind|p2a: Reuniclus\n|-boost|p2a: Reuniclus|spa|0\n|-boost|p2a: Reuniclus|spd|0\n|\n|upkeep\n|turn|63\n|\n|t:|1770509635\n|move|p1a: Audino|Wish|p1a: Audino\n|move|p2a: Reuniclus|Psychic|p1a: Audino\n|-damage|p1a: Audino|0 fnt\n|faint|p1a: Audino\n|detailschange|p1: Audino|Audino, L92, M|[silent]\n|\n|upkeep\n|\n|t:|1770509637\n|switch|p1a: Tropius|Tropius, L94, F|252/336\n|turn|64\n|\n|t:|1770509642\n|move|p1a: Tropius|Substitute|p1a: Tropius\n|-start|p1a: Tropius|Substitute\n|-damage|p1a: Tropius|168/336\n|-enditem|p1a: Tropius|Sitrus Berry|[eat]\n|-heal|p1a: Tropius|252/336|[from] item: Sitrus Berry\n|move|p2a: Reuniclus|Calm Mind|p2a: Reuniclus\n|-boost|p2a: Reuniclus|spa|0\n|-boost|p2a: Reuniclus|spd|0\n|\n|-heal|p1a: Tropius|336/336|[from] move: Wish|[wisher] Audino\n|-item|p1a: Tropius|Sitrus Berry|[from] ability: Harvest\n|upkeep\n|turn|65\n|\n|t:|1770509648\n|move|p1a: Tropius|Leech Seed||[still]\n|-fail|p1a: Tropius\n|move|p2a: Reuniclus|Calm Mind|p2a: Reuniclus\n|-boost|p2a: Reuniclus|spa|0\n|-boost|p2a: Reuniclus|spd|0\n|\n|upkeep\n|turn|66\n|\n|t:|1770509652\n|switch|p1a: Heatran|Heatran, L80, F|142/277\n|move|p2a: Reuniclus|Calm Mind|p2a: Reuniclus\n|-boost|p2a: Reuniclus|spa|0\n|-boost|p2a: Reuniclus|spd|0\n|\n|upkeep\n|turn|67\n|\n|t:|1770509655\n|move|p1a: Heatran|Earth Power|p2a: Reuniclus\n|-damage|p2a: Reuniclus|315/333 tox\n|move|p2a: Reuniclus|Recover|p2a: Reuniclus\n|-heal|p2a: Reuniclus|333/333 tox\n|\n|upkeep\n|turn|68\n|\n|t:|1770509658\n|move|p1a: Heatran|Flash Cannon|p2a: Reuniclus\n|-damage|p2a: Reuniclus|309/333 tox\n|move|p2a: Reuniclus|Psychic|p1a: Heatran\n|-resisted|p1a: Heatran\n|-damage|p1a: Heatran|0 fnt\n|faint|p1a: Heatran\n|\n|upkeep\n|\n|t:|1770509660\n|switch|p1a: Tropius|Tropius, L94, F|336/336\n|turn|69\n|-message|berserkpower forfeited.\n|\n|win|grummybear45\n|raw|berserkpower's rating: 1735 &rarr; <strong>1715</strong><br />(-20 for losing)\n|raw|grummybear45's rating: 1729 &rarr; <strong>1749</strong><br />(+20 for winning)\n|l|☆berserkpower\n|player|p1|\n", "inputlog": ">version ccdc32dd7cde25fd9e4bed64820e885f66e78a4e\n>start {\"formatid\":\"gen7randombattle\",\"seed\":\"sodium,f12836ac25acd7fe3b49ee8a1e0a8151\",\"rated\":\"Rated battle\"}\n>player p1 {\"name\":\"berserkpower\",\"avatar\":\"lance\",\"rating\":1735,\"seed\":\"sodium,703b5d3ef8f263163f97f21341f55700\"}\n>player p2 {\"name\":\"grummybear45\",\"avatar\":\"lacey\",\"rating\":1729,\"seed\":\"sodium,ee0ef44468371e7aa324e0fc8096f06b\"}\n>p1 switch 2\n>p2 move ironhead\n>p1 move toxicspikes\n>p2 switch 5\n>p1 switch 6\n>p2 move knockoff\n>p1 switch 2\n>p2 move superpower\n>p1 move psychic\n>p2 switch 5\n>p1 switch 6\n>p2 move rockslide\n>p1 move toxicspikes\n>p2 switch 5\n>p1 switch 6\n>p2 move fireblast\n>p1 move moonlight\n>p2 move knockoff\n>p2 switch 2\n>p1 move moonblast\n>p2 move dracometeor\n>p1 switch 3\n>p1 move autotomize\n>p2 switch 3\n>p1 move blizzard\n>p2 move focusblast\n>p1 switch 2\n>p1 move stealthrock\n>p2 move recover\n>p1 move magmastorm\n>p2 move calmmind\n>p1 switch 5\n>p2 move recover\n>p1 move substitute\n>p2 move psychic\n>p1 move protect\n>p2 move psychic\n>p1 move substitute\n>p2 move psychic\n>p1 move substitute\n>p2 move calmmind\n>p1 move leechseed\n>p2 move psychic\n>p1 move substitute\n>p2 move psychic\n>p1 move substitute\n>p2 move calmmind\n>p1 move protect\n>p2 move calmmind\n>p1 move airslash\n>p2 move calmmind\n>p1 move airslash\n>p2 move calmmind\n>p1 move airslash\n>p2 move psychic\n>p1 move substitute\n>p2 move focusblast\n>p1 move substitute\n>p2 move psychic\n>p1 move substitute\n>p2 move calmmind\n>p1 move airslash\n>p2 move recover\n>p1 move airslash\n>p2 move focusblast\n>p1 move airslash\n>p2 move psychic\n>p1 move substitute\n>p2 move focusblast\n>p1 move airslash\n>p2 move focusblast\n>p1 move airslash\n>p2 move focusblast\n>p1 move airslash\n>p2 move focusblast\n>p1 move airslash\n>p2 move recover\n>p1 move airslash\n>p2 move recover\n>p1 move airslash\n>p2 move recover\n>p1 move leechseed\n>p2 move calmmind\n>p1 move protect\n>p2 move calmmind\n>p1 move leechseed\n>p2 move calmmind\n>p1 move leechseed\n>p2 move focusblast\n>p1 move leechseed\n>p2 move calmmind\n>p1 move leechseed\n>p2 move focusblast\n>p1 move substitute\n>p2 move psychic\n>p1 move substitute\n>p2 move calmmind\n>p1 move airslash\n>p2 move calmmind\n>p1 move airslash\n>p2 move calmmind\n>p1 move airslash\n>p2 move psychic\n>p1 move airslash\n>p2 move recover\n>p1 move leechseed\n>p2 move recover\n>p1 move leechseed\n>p2 move psychic\n>p1 move substitute\n>p2 move psychic\n>p1 move substitute\n>p2 move calmmind\n>p1 move airslash\n>p2 move focusblast\n>p1 move airslash\n>p2 move calmmind\n>p1 switch 4\n>p2 move calmmind\n>p1 move protect mega\n>p2 move recover\n>p1 switch 6\n>p2 move psychic\n>p1 switch 6\n>p1 move wish\n>p2 move recover\n>p1 move protect\n>p2 move calmmind\n>p1 move wish\n>p2 move psychic\n>p1 switch 4\n>p1 move substitute\n>p2 move calmmind\n>p1 move leechseed\n>p2 move calmmind\n>p1 switch 5\n>p2 move calmmind\n>p1 move earthpower\n>p2 move recover\n>p1 move flashcannon\n>p2 move psychic\n>p1 switch 5\n>forcelose p1", "uploadtime": 1770509682, "views": 210, "formatid": "gen7randombattle", "rating": 1715, "private": 0, "password": null}