{"id": "gen7randombattle-2538996336", "format": "[Gen 7] Random Battle", "players": ["Meuby Law", "carlosnguyen"], "log": "|j|☆Meuby Law\n|j|☆carlosnguyen\n|t:|1771001188\n|gametype|singles\n|player|p1|Meuby Law|hau-stance|1555\n|player|p2|carlosnguyen|2|1555\n|gen|7\n|tier|[Gen 7] Random Battle\n|rated|\n|rule|Sleep Clause Mod: Limit one foe put to sleep\n|rule|HP Percentage Mod: HP is shown in percentages\n|rule|Illusion Level Mod: Illusion disguises the Pokémon's true level\n|\n|t:|1771001188\n|teamsize|p1|6\n|teamsize|p2|6\n|start\n|switch|p1a: Miltank|Miltank, L85, F|300/300\n|switch|p2a: Noctowl|Noctowl, L94, M|340/340\n|turn|1\n|inactive|Battle timer is ON: inactive players will automatically lose when time's up. (requested by Meuby Law)\n|\n|t:|1771001197\n|move|p1a: Miltank|Toxic|p2a: Noctowl\n|-status|p2a: Noctowl|tox\n|move|p2a: Noctowl|Hyper Voice|p1a: Miltank\n|-damage|p1a: Miltank|171/300\n|\n|-heal|p1a: Miltank|189/300|[from] item: Leftovers\n|-damage|p2a: Noctowl|319/340 tox|[from] psn\n|upkeep\n|turn|2\n|inactive|carlosnguyen has 120 seconds left.\n|\n|t:|1771001231\n|move|p1a: Miltank|Body Slam|p2a: Noctowl\n|-damage|p2a: Noctowl|216/340 tox\n|move|p2a: Noctowl|Hurricane|p1a: Miltank\n|-damage|p1a: Miltank|27/300\n|\n|-heal|p1a: Miltank|45/300|[from] item: Leftovers\n|-heal|p2a: Noctowl|237/340 tox|[from] item: Leftovers\n|-damage|p2a: Noctowl|195/340 tox|[from] psn\n|upkeep\n|turn|3\n|inactive|carlosnguyen has 120 seconds left.\n|\n|t:|1771001253\n|switch|p2a: Corsola|Corsola, L96, F|280/280\n|move|p1a: Miltank|Milk Drink|p1a: Miltank\n|-heal|p1a: Miltank|195/300\n|\n|-heal|p1a: Miltank|213/300|[from] item: Leftovers\n|upkeep\n|turn|4\n|\n|t:|1771001269\n|switch|p1a: Vileplume|Vileplume, L87, M|272/272\n|move|p2a: Corsola|Toxic|p1a: Vileplume\n|-immune|p1a: Vileplume\n|\n|upkeep\n|turn|5\n|\n|t:|1771001277\n|switch|p2a: Noctowl|Noctowl, L94, M|195/340 tox\n|move|p1a: Vileplume|Sludge Bomb|p2a: Noctowl\n|-damage|p2a: Noctowl|104/340 tox\n|\n|-heal|p2a: Noctowl|125/340 tox|[from] item: Leftovers\n|-damage|p2a: Noctowl|104/340 tox|[from] psn\n|upkeep\n|turn|6\n|\n|t:|1771001300\n|switch|p1a: Miltank|Miltank, L85, F|213/300\n|move|p2a: Noctowl|Roost|p2a: Noctowl\n|-heal|p2a: Noctowl|274/340 tox\n|-singleturn|p2a: Noctowl|move: Roost\n|\n|-heal|p1a: Miltank|231/300|[from] item: Leftovers\n|-heal|p2a: Noctowl|295/340 tox|[from] item: Leftovers\n|-damage|p2a: Noctowl|253/340 tox|[from] psn\n|upkeep\n|turn|7\n|\n|t:|1771001309\n|switch|p2a: Corsola|Corsola, L96, F|280/280\n|move|p1a: Miltank|Body Slam|p2a: Corsola\n|-resisted|p2a: Corsola\n|-damage|p2a: Corsola|248/280\n|\n|-heal|p1a: Miltank|249/300|[from] item: Leftovers\n|-heal|p2a: Corsola|265/280|[from] item: Leftovers\n|upkeep\n|turn|8\n|\n|t:|1771001319\n|switch|p1a: Vileplume|Vileplume, L87, M|272/272\n|move|p2a: Corsola|Stealth Rock|p1a: Vileplume\n|-sidestart|p1: Meuby Law|move: Stealth Rock\n|\n|-heal|p2a: Corsola|280/280|[from] item: Leftovers\n|upkeep\n|turn|9\n|\n|t:|1771001336\n|switch|p1a: Terrakion|Terrakion, L78|270/270\n|-damage|p1a: Terrakion|254/270|[from] Stealth Rock\n|switch|p2a: Noctowl|Noctowl, L94, M|253/340 tox\n|\n|-heal|p2a: Noctowl|274/340 tox|[from] item: Leftovers\n|-damage|p2a: Noctowl|253/340 tox|[from] psn\n|upkeep\n|turn|10\n|\n|t:|1771001342\n|-zpower|p1a: Terrakion\n|move|p1a: Terrakion|Continental Crush|p2a: Noctowl|[zeffect]\n|-supereffective|p2a: Noctowl\n|-damage|p2a: Noctowl|0 fnt\n|faint|p2a: Noctowl\n|\n|upkeep\n|\n|t:|1771001367\n|switch|p2a: Klinklang|Klinklang, L87|246/246\n|turn|11\n|\n|t:|1771001371\n|move|p1a: Terrakion|Close Combat|p2a: Klinklang\n|-supereffective|p2a: Klinklang\n|-damage|p2a: Klinklang|46/246\n|-unboost|p1a: Terrakion|def|1\n|-unboost|p1a: Terrakion|spd|1\n|move|p2a: Klinklang|Shift Gear|p2a: Klinklang\n|-boost|p2a: Klinklang|spe|2\n|-boost|p2a: Klinklang|atk|1\n|\n|upkeep\n|turn|12\n|\n|t:|1771001380\n|switch|p1a: Vileplume|Vileplume, L87, M|272/272\n|-damage|p1a: Vileplume|238/272|[from] Stealth Rock\n|move|p2a: Klinklang|Gear Grind|p1a: Vileplume\n|-damage|p1a: Vileplume|147/272\n|-damage|p1a: Vileplume|62/272\n|-status|p2a: Klinklang|par|[from] ability: Effect Spore|[of] p1a: Vileplume\n|-hitcount|p1a: Vileplume|2\n|\n|-heal|p1a: Vileplume|79/272|[from] item: Black Sludge\n|upkeep\n|turn|13\n|\n|t:|1771001402\n|cant|p2a: Klinklang|par\n|move|p1a: Vileplume|Giga Drain|p2a: Klinklang\n|-resisted|p2a: Klinklang\n|-damage|p2a: Klinklang|1/246 par\n|-heal|p1a: Vileplume|102/272|[from] drain|[of] p2a: Klinklang\n|\n|-heal|p1a: Vileplume|119/272|[from] item: Black Sludge\n|upkeep\n|turn|14\n|\n|t:|1771001406\n|cant|p2a: Klinklang|par\n|move|p1a: Vileplume|Giga Drain|p2a: Klinklang\n|-resisted|p2a: Klinklang\n|-damage|p2a: Klinklang|0 fnt\n|-heal|p1a: Vileplume|120/272|[from] drain|[of] p2a: Klinklang\n|faint|p2a: Klinklang\n|\n|-heal|p1a: Vileplume|137/272|[from] item: Black Sludge\n|upkeep\n|\n|t:|1771001419\n|switch|p2a: Magearna|Magearna, L77|250/250\n|turn|15\n|\n|t:|1771001423\n|move|p2a: Magearna|Shift Gear|p2a: Magearna\n|-boost|p2a: Magearna|spe|2\n|-boost|p2a: Magearna|atk|1\n|move|p1a: Vileplume|Strength Sap|p2a: Magearna\n|-unboost|p2a: Magearna|atk|1\n|-heal|p1a: Vileplume|272/272\n|\n|upkeep\n|turn|16\n|\n|t:|1771001434\n|move|p2a: Magearna|Shift Gear|p2a: Magearna\n|-boost|p2a: Magearna|spe|2\n|-boost|p2a: Magearna|atk|1\n|move|p1a: Vileplume|Strength Sap|p2a: Magearna\n|-unboost|p2a: Magearna|atk|1\n|\n|upkeep\n|turn|17\n|\n|t:|1771001441\n|move|p2a: Magearna|Iron Head|p1a: Vileplume\n|-damage|p1a: Vileplume|208/272\n|-status|p2a: Magearna|slp|[from] ability: Effect Spore|[of] p1a: Vileplume\n|move|p1a: Vileplume|Strength Sap|p2a: Magearna\n|-unboost|p2a: Magearna|atk|1\n|-heal|p1a: Vileplume|272/272\n|\n|upkeep\n|turn|18\n|l|☆carlosnguyen\n|inactive|carlosnguyen disconnected and has a minute to reconnect!\n|player|p2|\n|inactive|carlosnguyen has 30 seconds to reconnect!\n|inactive|carlosnguyen has 20 seconds to reconnect!\n|inactive|carlosnguyen has 15 seconds to reconnect!\n|inactive|carlosnguyen has 10 seconds to reconnect!\n|inactive|carlosnguyen has 5 seconds to reconnect!\n|-message|carlosnguyen lost due to inactivity.\n|\n|win|Meuby Law\n|raw|Meuby Law's rating: 1555 &rarr; <strong>1575</strong><br />(+20 for winning)\n|raw|carlosnguyen's rating: 1555 &rarr; <strong>1535</strong><br />(-20 for losing)\n", "inputlog": ">version ccdc32dd7cde25fd9e4bed64820e885f66e78a4e\n>start {\"formatid\":\"gen7randombattle\",\"seed\":\"sodium,e5efda5e935da5f5a4c866659c995ed8\",\"rated\":\"Rated battle\"}\n>player p1 {\"name\":\"Meuby Law\",\"avatar\":\"hau-stance\",\"rating\":1555,\"seed\":\"sodium,059522fdd565a83709dee05862b05175\"}\n>player p2 {\"name\":\"carlosnguyen\",\"avatar\":\"2\",\"rating\":1555,\"seed\":\"sodium,e4c4ad031d4d98ae3589eaf7bf27b578\"}\n>p1 move toxic\n>p2 move hypervoice\n>p1 move bodyslam\n>p2 move hurricane\n>p1 move milkdrink\n>p2 switch 6\n>p1 switch 2\n>p2 move toxic\n>p1 move sludgebomb\n>p2 switch 6\n>p1 switch 2\n>p2 move roost\n>p1 move bodyslam\n>p2 switch 6\n>p1 switch 2\n>p2 move stealthrock\n>p1 switch 3\n>p2 switch 6\n>p1 move stoneedge zmove\n>p2 move hurricane\n>p2 switch 5\n>p1 move closecombat\n>p2 move shiftgear\n>p1 switch 3\n>p2 move geargrind\n>p1 move gigadrain\n>p2 move geargrind\n>p1 move gigadrain\n>p2 move geargrind\n>p2 switch 4\n>p1 move strengthsap\n>p2 move shiftgear\n>p1 move strengthsap\n>p2 move shiftgear\n>p1 move strengthsap\n>p2 move ironhead\n>forcelose p2", "uploadtime": 1771001530, "views": 194, "formatid": "gen7randombattle", "rating": 1535, "private": 0, "password": null}