{"id": "gen7randombattle-2527129449", "format": "[Gen 7] Random Battle", "players": ["UFO VSkee", "may/gen3"], "log": "|j|☆UFO VSkee\n|j|☆may/gen3\n|t:|1769500100\n|gametype|singles\n|player|p1|UFO VSkee|emmet|1529\n|player|p2|may/gen3|may|1748\n|gen|7\n|tier|[Gen 7] Random Battle\n|rated|\n|rule|Sleep Clause Mod: Limit one foe put to sleep\n|rule|HP Percentage Mod: HP is shown in percentages\n|rule|Illusion Level Mod: Illusion disguises the Pokémon's true level\n|\n|t:|1769500100\n|teamsize|p1|6\n|teamsize|p2|6\n|start\n|switch|p1a: Mothim|Mothim, L93, M|281/281\n|switch|p2a: Girafarig|Girafarig, L95, M|287/287\n|turn|1\n|inactive|Battle timer is ON: inactive players will automatically lose when time's up. (requested by UFO VSkee)\n|\n|t:|1769500107\n|move|p2a: Girafarig|Thunderbolt|p1a: Mothim\n|-supereffective|p1a: Mothim\n|-damage|p1a: Mothim|0 fnt\n|faint|p1a: Mothim\n|-damage|p2a: Girafarig|259/287|[from] item: Life Orb\n|\n|upkeep\n|\n|t:|1769500113\n|switch|p1a: Snorlax|Snorlax, L83, F|401/401\n|turn|2\n|\n|t:|1769500116\n|move|p2a: Girafarig|Nasty Plot|p2a: Girafarig\n|-boost|p2a: Girafarig|spa|2\n|move|p1a: Snorlax|Body Slam|p2a: Girafarig\n|-damage|p2a: Girafarig|148/287\n|\n|upkeep\n|turn|3\n|\n|t:|1769500125\n|move|p2a: Girafarig|Nasty Plot|p2a: Girafarig\n|-boost|p2a: Girafarig|spa|2\n|move|p1a: Snorlax|Body Slam|p2a: Girafarig\n|-damage|p2a: Girafarig|48/287\n|-status|p2a: Girafarig|par\n|\n|upkeep\n|turn|4\n|\n|t:|1769500133\n|switch|p1a: Vileplume|Vileplume, L87, F|272/272\n|move|p2a: Girafarig|Hyper Voice|p1a: Vileplume\n|-damage|p1a: Vileplume|0 fnt\n|faint|p1a: Vileplume\n|-damage|p2a: Girafarig|20/287 par|[from] item: Life Orb\n|\n|upkeep\n|\n|t:|1769500139\n|switch|p1a: Roserade|Roserade, L84, M|238/238\n|turn|5\n|\n|t:|1769500143\n|switch|p2a: Sableye|Sableye, L93, F|244/244\n|move|p1a: Roserade|Sludge Bomb|p2a: Sableye\n|-resisted|p2a: Sableye\n|-damage|p2a: Sableye|173/244\n|\n|-heal|p2a: Sableye|188/244|[from] item: Leftovers\n|upkeep\n|turn|6\n|\n|t:|1769500152\n|switch|p1a: Xerneas|Xerneas, L65|272/272\n|-ability|p1a: Xerneas|Fairy Aura\n|move|p2a: Sableye|Knock Off|p1a: Xerneas\n|-resisted|p1a: Xerneas\n|-damage|p1a: Xerneas|207/272\n|-enditem|p1a: Xerneas|Power Herb|[from] move: Knock Off|[of] p2a: Sableye\n|\n|-heal|p2a: Sableye|203/244|[from] item: Leftovers\n|upkeep\n|turn|7\n|\n|t:|1769500157\n|move|p2a: Sableye|Toxic|p1a: Xerneas|[miss]\n|-miss|p2a: Sableye|p1a: Xerneas\n|move|p1a: Xerneas|Moonblast|p2a: Sableye\n|-supereffective|p2a: Sableye\n|-damage|p2a: Sableye|0 fnt\n|faint|p2a: Sableye\n|\n|upkeep\n|\n|t:|1769500160\n|switch|p2a: Charizard|Charizard, L76, F|243/243\n|turn|8\n|\n|t:|1769500165\n|switch|p1a: Snorlax|Snorlax, L83, F|401/401\n|detailschange|p2a: Charizard|Charizard-Mega-X, L76, F\n|-mega|p2a: Charizard|Charizard|Charizardite X\n|move|p2a: Charizard|Flare Blitz|p1a: Snorlax\n|-damage|p1a: Snorlax|284/401\n|-damage|p2a: Charizard|204/243|[from] Recoil\n|\n|-heal|p1a: Snorlax|309/401|[from] item: Leftovers\n|upkeep\n|turn|9\n|\n|t:|1769500168\n|switch|p2a: Dedenne|Dedenne, L91, M|268/268\n|move|p1a: Snorlax|Body Slam|p2a: Dedenne\n|-damage|p2a: Dedenne|148/268\n|\n|-heal|p1a: Snorlax|334/401|[from] item: Leftovers\n|upkeep\n|turn|10\n|\n|t:|1769500173\n|switch|p1a: Roserade|Roserade, L84, M|238/238\n|move|p2a: Dedenne|Toxic|p1a: Roserade\n|-immune|p1a: Roserade\n|\n|upkeep\n|turn|11\n|\n|t:|1769500178\n|switch|p2a: Glaceon|Glaceon, L90, M|263/263\n|move|p1a: Roserade|Toxic Spikes|p2a: Glaceon\n|-sidestart|p2: may/gen3|move: Toxic Spikes\n|\n|upkeep\n|turn|12\n|\n|t:|1769500186\n|switch|p1a: Snorlax|Snorlax, L83, F|334/401\n|-zpower|p2a: Glaceon\n|move|p2a: Glaceon|Z-Celebrate|p2a: Glaceon|[anim]Celebrate\n|-boost|p2a: Glaceon|atk|1|[zeffect]\n|-boost|p2a: Glaceon|def|1|[zeffect]\n|-boost|p2a: Glaceon|spa|1|[zeffect]\n|-boost|p2a: Glaceon|spd|1|[zeffect]\n|-boost|p2a: Glaceon|spe|1|[zeffect]\n|-activate|p2a: Glaceon|move: Celebrate\n|\n|-heal|p1a: Snorlax|359/401|[from] item: Leftovers\n|upkeep\n|turn|13\n|\n|t:|1769500190\n|move|p2a: Glaceon|Ice Beam|p1a: Snorlax\n|-crit|p1a: Snorlax\n|-damage|p1a: Snorlax|214/401\n|-status|p1a: Snorlax|frz\n|cant|p1a: Snorlax|frz\n|\n|-heal|p1a: Snorlax|239/401 frz|[from] item: Leftovers\n|upkeep\n|turn|14\n|\n|t:|1769500195\n|move|p2a: Glaceon|Stored Power|p1a: Snorlax\n|-damage|p1a: Snorlax|83/401 frz\n|cant|p1a: Snorlax|frz\n|\n|-heal|p1a: Snorlax|108/401 frz|[from] item: Leftovers\n|upkeep\n|turn|15\n|\n|t:|1769500198\n|move|p2a: Glaceon|Stored Power|p1a: Snorlax\n|-damage|p1a: Snorlax|0 fnt\n|faint|p1a: Snorlax\n|\n|upkeep\n|\n|t:|1769500201\n|switch|p1a: Clawitzer|Clawitzer, L87, M|265/265\n|turn|16\n|\n|t:|1769500204\n|move|p2a: Glaceon|Stored Power|p1a: Clawitzer\n|-damage|p1a: Clawitzer|90/265\n|move|p1a: Clawitzer|Water Pulse|p2a: Glaceon\n|-damage|p2a: Glaceon|149/263\n|\n|upkeep\n|turn|17\n|\n|t:|1769500206\n|move|p2a: Glaceon|Stored Power|p1a: Clawitzer\n|-damage|p1a: Clawitzer|0 fnt\n|faint|p1a: Clawitzer\n|\n|upkeep\n|\n|t:|1769500208\n|switch|p1a: Xerneas|Xerneas, L65|207/272\n|-ability|p1a: Xerneas|Fairy Aura\n|turn|18\n|\n|t:|1769500210\n|move|p2a: Glaceon|Ice Beam|p1a: Xerneas\n|-damage|p1a: Xerneas|0 fnt\n|faint|p1a: Xerneas\n|\n|upkeep\n|-message|UFO VSkee forfeited.\n|\n|win|may/gen3\n|raw|UFO VSkee's rating: 1529 &rarr; <strong>1520</strong><br />(-9 for losing)\n|raw|may&#x2f;gen3's rating: 1748 &rarr; <strong>1757</strong><br />(+9 for winning)\n|l|☆UFO VSkee\n|player|p1|\n", "inputlog": ">version b99ff0165a6231f17e8b78c2a78d1998375de664\n>start {\"formatid\":\"gen7randombattle\",\"seed\":\"sodium,d5a874904876cc3f89e2ed3e1c023ab7\",\"rated\":\"Rated battle\"}\n>player p1 {\"name\":\"UFO VSkee\",\"avatar\":\"emmet\",\"rating\":1529,\"seed\":\"sodium,453b47a59e8e6f1f6523f142949d99bd\"}\n>player p2 {\"name\":\"may/gen3\",\"avatar\":\"may\",\"rating\":1748,\"seed\":\"sodium,04aa1957b53264b63c1c46654a5f6bc2\"}\n>p1 move quiverdance\n>p2 move thunderbolt\n>p1 switch 6\n>p1 move bodyslam\n>p2 move nastyplot\n>p1 move bodyslam\n>p2 move nastyplot\n>p1 switch 5\n>p2 move hypervoice\n>p1 switch 4\n>p1 move sludgebomb\n>p2 switch 5\n>p1 switch 3\n>p2 move knockoff\n>p1 move moonblast\n>p2 move toxic\n>p2 switch 6\n>p1 switch 5\n>p2 move flareblitz mega\n>p1 move bodyslam\n>p2 switch 2\n>p1 switch 3\n>p2 move toxic\n>p1 move toxicspikes\n>p2 switch 4\n>p1 switch 3\n>p2 move celebrate zmove\n>p1 move bodyslam\n>p2 move icebeam\n>p1 move rest\n>p2 move storedpower\n>p1 move rest\n>p2 move storedpower\n>p1 switch 2\n>p1 move waterpulse\n>p2 move storedpower\n>p1 move waterpulse\n>p2 move storedpower\n>p1 switch 5\n>p1 move focusblast\n>p2 move icebeam\n>forcelose p1", "uploadtime": 1769500233, "views": 200, "formatid": "gen7randombattle", "rating": 1520, "private": 0, "password": null}