{"id": "gen7randombattle-2535686425", "format": "[Gen 7] Random Battle", "players": ["LiamLDL", "La.Hellhound"], "log": "|j|☆LiamLDL\n|j|‽La.Hellhound\n|t:|1770595580\n|gametype|singles\n|player|p1|LiamLDL|unknown|1598\n|player|p2|La.Hellhound|bruno|1661\n|gen|7\n|tier|[Gen 7] Random Battle\n|rated|\n|rule|Sleep Clause Mod: Limit one foe put to sleep\n|rule|HP Percentage Mod: HP is shown in percentages\n|rule|Illusion Level Mod: Illusion disguises the Pokémon's true level\n|\n|t:|1770595580\n|teamsize|p1|6\n|teamsize|p2|6\n|start\n|switch|p1a: Durant|Durant, L80, F|224/224\n|switch|p2a: Gengar|Gengar, L77, M|219/219\n|turn|1\n|inactive|Battle timer is ON: inactive players will automatically lose when time's up. (requested by La.Hellhound)\n|inactive|La.Hellhound has 120 seconds left.\n|\n|t:|1770595615\n|detailschange|p2a: Gengar|Gengar-Mega, L77, M\n|-mega|p2a: Gengar|Gengar|Gengarite\n|move|p2a: Gengar|Shadow Ball|p1a: Durant\n|-damage|p1a: Durant|59/224\n|-unboost|p1a: Durant|spd|1\n|move|p1a: Durant|Iron Head|p2a: Gengar|[miss]\n|-miss|p1a: Durant|p2a: Gengar\n|\n|upkeep\n|turn|2\n|\n|t:|1770595625\n|move|p2a: Gengar|Shadow Ball|p1a: Durant\n|-damage|p1a: Durant|0 fnt\n|faint|p1a: Durant\n|\n|upkeep\n|\n|t:|1770595636\n|switch|p1a: Victini|Victini, L76|277/277\n|turn|3\n|\n|t:|1770595651\n|move|p2a: Gengar|Protect|p2a: Gengar\n|-singleturn|p2a: Gengar|Protect\n|move|p1a: Victini|V-create|p2a: Gengar\n|-activate|p2a: Gengar|move: Protect\n|\n|upkeep\n|turn|4\n|\n|t:|1770595661\n|switch|p2a: Luxray|Luxray, L88, M|284/284\n|move|p1a: Victini|U-turn|p2a: Luxray\n|-damage|p2a: Luxray|238/284\n|inactive|LiamLDL has 120 seconds left.\n|\n|t:|1770595695\n|switch|p1a: Minun|Minun, L95, F|268/268|[from] U-turn\n|\n|-status|p2a: Luxray|brn|[from] item: Flame Orb\n|upkeep\n|turn|5\n|\n|t:|1770595717\n|move|p1a: Minun|Nasty Plot|p1a: Minun\n|-boost|p1a: Minun|spa|2\n|move|p2a: Luxray|Facade|p1a: Minun\n|-damage|p1a: Minun|4/268\n|\n|-damage|p2a: Luxray|221/284 brn|[from] brn\n|upkeep\n|turn|6\n|\n|t:|1770595729\n|switch|p2a: Tapu Lele|Tapu Lele, L77|234/234\n|-fieldstart|move: Psychic Terrain|[from] ability: Psychic Surge|[of] p2a: Tapu Lele\n|move|p1a: Minun|Grass Knot|p2a: Tapu Lele\n|-damage|p2a: Tapu Lele|159/234\n|-damage|p1a: Minun|0 fnt|[from] item: Life Orb\n|faint|p1a: Minun\n|\n|upkeep\n|inactive|LiamLDL has 120 seconds left.\n|\n|t:|1770595749\n|switch|p1a: Chimecho|Chimecho, L95, M|296/296\n|turn|7\n|inactive|La.Hellhound has 120 seconds left.\n|\n|t:|1770595794\n|switch|p2a: Vespiquen|Vespiquen, F|301/301\n|-ability|p2a: Vespiquen|Pressure\n|move|p1a: Chimecho|Psychic|p2a: Vespiquen\n|-damage|p2a: Vespiquen|204/301\n|\n|-heal|p2a: Vespiquen|222/301|[from] item: Leftovers\n|upkeep\n|turn|8\n|\n|t:|1770595809\n|move|p1a: Chimecho|Toxic|p2a: Vespiquen|[miss]\n|-miss|p1a: Chimecho|p2a: Vespiquen\n|move|p2a: Vespiquen|Toxic|p1a: Chimecho\n|-status|p1a: Chimecho|tox\n|\n|-heal|p2a: Vespiquen|240/301|[from] item: Leftovers\n|-damage|p1a: Chimecho|278/296 tox|[from] psn\n|upkeep\n|turn|9\n|\n|t:|1770595818\n|switch|p2a: Luxray|Luxray, L88, M|221/284 brn\n|move|p1a: Chimecho|Psychic|p2a: Luxray\n|-damage|p2a: Luxray|98/284 brn\n|\n|-heal|p1a: Chimecho|296/296 tox|[from] item: Leftovers\n|-damage|p1a: Chimecho|260/296 tox|[from] psn\n|-damage|p2a: Luxray|81/284 brn|[from] brn\n|upkeep\n|turn|10\n|\n|t:|1770595835\n|move|p1a: Chimecho|Toxic||[still]\n|-fail|p1a: Chimecho\n|move|p2a: Luxray|Facade|p1a: Chimecho\n|-damage|p1a: Chimecho|76/296 tox\n|\n|-heal|p1a: Chimecho|94/296 tox|[from] item: Leftovers\n|-damage|p1a: Chimecho|40/296 tox|[from] psn\n|-damage|p2a: Luxray|64/284 brn|[from] brn\n|-fieldend|move: Psychic Terrain\n|upkeep\n|turn|11\n|inactive|La.Hellhound has 90 seconds left.\n|\n|t:|1770595862\n|move|p1a: Chimecho|Psychic|p2a: Luxray\n|-damage|p2a: Luxray|0 fnt\n|faint|p2a: Luxray\n|\n|-heal|p1a: Chimecho|58/296 tox|[from] item: Leftovers\n|-damage|p1a: Chimecho|0 fnt|[from] psn\n|faint|p1a: Chimecho\n|upkeep\n|inactive|La.Hellhound has 90 seconds left.\n|\n|t:|1770595872\n|switch|p1a: Victini|Victini, L76|277/277\n|switch|p2a: Gengar|Gengar-Mega, L77, M|219/219\n|turn|12\n|\n|t:|1770595877\n|move|p2a: Gengar|Protect|p2a: Gengar\n|-singleturn|p2a: Gengar|Protect\n|move|p1a: Victini|V-create|p2a: Gengar\n|-activate|p2a: Gengar|move: Protect\n|\n|upkeep\n|turn|13\n|\n|t:|1770595885\n|move|p2a: Gengar|Substitute|p2a: Gengar\n|-start|p2a: Gengar|Substitute\n|-damage|p2a: Gengar|165/219\n|move|p1a: Victini|V-create|p2a: Gengar\n|-end|p2a: Gengar|Substitute\n|-unboost|p1a: Victini|spe|1\n|-unboost|p1a: Victini|def|1\n|-unboost|p1a: Victini|spd|1\n|\n|upkeep\n|turn|14\n|\n|t:|1770595893\n|move|p2a: Gengar|Protect|p2a: Gengar\n|-singleturn|p2a: Gengar|Protect\n|move|p1a: Victini|U-turn|p2a: Gengar\n|-activate|p2a: Gengar|move: Protect\n|\n|upkeep\n|turn|15\n|\n|t:|1770595899\n|move|p2a: Gengar|Substitute|p2a: Gengar\n|-start|p2a: Gengar|Substitute\n|-damage|p2a: Gengar|111/219\n|move|p1a: Victini|U-turn|p2a: Gengar\n|-resisted|p2a: Gengar\n|-activate|p2a: Gengar|move: Substitute|[damage]\n|\n|t:|1770595905\n|switch|p1a: Heracross|Heracross, L80, M|259/259|[from] U-turn\n|\n|upkeep\n|turn|16\n|inactive|La.Hellhound has 120 seconds left.\n|\n|t:|1770595919\n|detailschange|p1a: Heracross|Heracross-Mega, L80, M\n|-mega|p1a: Heracross|Heracross|Heracronite\n|move|p2a: Gengar|Protect|p2a: Gengar\n|-singleturn|p2a: Gengar|Protect\n|move|p1a: Heracross|Rock Blast|p2a: Gengar\n|-activate|p2a: Gengar|move: Protect\n|\n|upkeep\n|turn|17\n|\n|t:|1770595928\n|move|p2a: Gengar|Perish Song|p2a: Gengar\n|-start|p1a: Heracross|perish3|[silent]\n|-start|p2a: Gengar|perish3|[silent]\n|-fieldactivate|move: Perish Song\n|move|p1a: Heracross|Rock Blast|p2a: Gengar\n|-activate|p2a: Gengar|move: Substitute|[damage]\n|-end|p2a: Gengar|Substitute\n|-damage|p2a: Gengar|79/219\n|-damage|p2a: Gengar|48/219\n|-damage|p2a: Gengar|12/219\n|-hitcount|p2a: Gengar|5\n|\n|-start|p2a: Gengar|perish3\n|-start|p1a: Heracross|perish3\n|upkeep\n|turn|18\n|\n|t:|1770595941\n|move|p2a: Gengar|Protect|p2a: Gengar\n|-singleturn|p2a: Gengar|Protect\n|move|p1a: Heracross|Swords Dance|p1a: Heracross\n|-boost|p1a: Heracross|atk|2\n|\n|-start|p2a: Gengar|perish2\n|-start|p1a: Heracross|perish2\n|upkeep\n|turn|19\n|\n|t:|1770595953\n|move|p2a: Gengar|Shadow Ball|p1a: Heracross\n|-damage|p1a: Heracross|157/259\n|-unboost|p1a: Heracross|spd|1\n|move|p1a: Heracross|Pin Missile|p2a: Gengar\n|-resisted|p2a: Gengar\n|-damage|p2a: Gengar|0 fnt\n|faint|p2a: Gengar\n|detailschange|p2: Gengar|Gengar, L77, M|[silent]\n|-hitcount|p2: Gengar|1\n|\n|-start|p1a: Heracross|perish1\n|upkeep\n|inactive|La.Hellhound has 120 seconds left.\n|\n|t:|1770595964\n|switch|p2a: Tapu Lele|Tapu Lele, L77|159/234\n|-fieldstart|move: Psychic Terrain|[from] ability: Psychic Surge|[of] p2a: Tapu Lele\n|turn|20\n|\n|t:|1770595970\n|switch|p1a: Simisear|Simisear, L89, F|278/278\n|move|p2a: Tapu Lele|Psychic|p1a: Simisear\n|-damage|p1a: Simisear|91/278\n|\n|upkeep\n|turn|21\n|\n|t:|1770595978\n|move|p2a: Tapu Lele|Psychic|p1a: Simisear\n|-damage|p1a: Simisear|0 fnt\n|faint|p1a: Simisear\n|\n|upkeep\n|\n|t:|1770595981\n|switch|p1a: Victini|Victini, L76|277/277\n|turn|22\n|\n|t:|1770595985\n|move|p2a: Tapu Lele|Psychic|p1a: Victini\n|-resisted|p1a: Victini\n|-damage|p1a: Victini|225/277\n|move|p1a: Victini|V-create|p2a: Tapu Lele\n|-damage|p2a: Tapu Lele|0 fnt\n|-unboost|p1a: Victini|spe|1\n|-unboost|p1a: Victini|def|1\n|-unboost|p1a: Victini|spd|1\n|faint|p2a: Tapu Lele\n|\n|upkeep\n|\n|t:|1770596001\n|switch|p2a: Roserade|Roserade, L84, F|238/238\n|turn|23\n|\n|t:|1770596005\n|move|p2a: Roserade|Toxic Spikes|p1a: Victini\n|-sidestart|p1: LiamLDL|move: Toxic Spikes\n|move|p1a: Victini|V-create|p2a: Roserade\n|-supereffective|p2a: Roserade\n|-damage|p2a: Roserade|0 fnt\n|-unboost|p1a: Victini|spe|1\n|-unboost|p1a: Victini|def|1\n|-unboost|p1a: Victini|spd|1\n|faint|p2a: Roserade\n|\n|upkeep\n|\n|t:|1770596014\n|switch|p2a: Vespiquen|Vespiquen, F|240/301\n|-ability|p2a: Vespiquen|Pressure\n|turn|24\n|\n|t:|1770596018\n|switch|p1a: Heracross|Heracross-Mega, L80, M|157/259\n|-status|p1a: Heracross|psn\n|move|p2a: Vespiquen|Air Slash|p1a: Heracross\n|-supereffective|p1a: Heracross\n|-damage|p1a: Heracross|0 fnt\n|faint|p1a: Heracross\n|detailschange|p1: Heracross|Heracross, L80, M|[silent]\n|\n|-heal|p2a: Vespiquen|258/301|[from] item: Leftovers\n|-fieldend|move: Psychic Terrain\n|upkeep\n|\n|t:|1770596020\n|switch|p1a: Victini|Victini, L76|225/277\n|-status|p1a: Victini|psn\n|turn|25\n|\n|t:|1770596046\n|move|p1a: Victini|Bolt Strike|p2a: Vespiquen\n|-supereffective|p2a: Vespiquen\n|-damage|p2a: Vespiquen|148/301\n|move|p2a: Vespiquen|Roost|p2a: Vespiquen\n|-heal|p2a: Vespiquen|299/301\n|-singleturn|p2a: Vespiquen|move: Roost\n|\n|-heal|p2a: Vespiquen|301/301|[from] item: Leftovers\n|-damage|p1a: Victini|191/277 psn|[from] psn\n|upkeep\n|turn|26\n|\n|t:|1770596056\n|move|p1a: Victini|V-create|p2a: Vespiquen\n|-supereffective|p2a: Vespiquen\n|-damage|p2a: Vespiquen|61/301\n|-unboost|p1a: Victini|spe|1\n|-unboost|p1a: Victini|def|1\n|-unboost|p1a: Victini|spd|1\n|move|p2a: Vespiquen|Air Slash|p1a: Victini\n|-damage|p1a: Victini|94/277 psn\n|\n|-heal|p2a: Vespiquen|79/301|[from] item: Leftovers\n|-damage|p1a: Victini|60/277 psn|[from] psn\n|upkeep\n|turn|27\n|-message|LiamLDL forfeited.\n|\n|win|La.Hellhound\n|raw|LiamLDL's rating: 1598 &rarr; <strong>1582</strong><br />(-16 for losing)\n|raw|La.Hellhound's rating: 1661 &rarr; <strong>1677</strong><br />(+16 for winning)\n|l|☆LiamLDL\n|player|p1|\n", "inputlog": ">version ccdc32dd7cde25fd9e4bed64820e885f66e78a4e\n>start {\"formatid\":\"gen7randombattle\",\"seed\":\"sodium,8b8cba42bbcbc369312ccc48c6714250\",\"rated\":\"Rated battle\"}\n>player p1 {\"name\":\"LiamLDL\",\"avatar\":\"unknown\",\"rating\":1598,\"seed\":\"sodium,92564fbf479cdfb57a5a771864a6c877\"}\n>player p2 {\"name\":\"La.Hellhound\",\"avatar\":\"bruno\",\"rating\":1661,\"seed\":\"sodium,e2081741fdc4fec3836f51073fd4bb14\"}\n>p1 move ironhead\n>p2 move shadowball mega\n>p1 move ironhead\n>p2 move shadowball\n>p1 switch 3\n>p1 move vcreate\n>p2 move protect\n>p1 move uturn\n>p2 switch 2\n>p1 switch 4\n>p1 move nastyplot\n>p2 move facade\n>p1 move grassknot\n>p2 switch 4\n>p1 switch 2\n>p1 move psychic\n>p2 switch 6\n>p1 move toxic\n>p2 move toxic\n>p1 move psychic\n>p2 switch 4\n>p1 move toxic\n>p2 move facade\n>p1 move psychic\n>p2 move crunch\n>p1 switch 4\n>p2 switch 2\n>p1 move vcreate\n>p2 move protect\n>p1 move vcreate\n>p2 move substitute\n>p1 move uturn\n>p2 move protect\n>p1 move uturn\n>p2 move substitute\n>p1 switch 6\n>p1 move rockblast mega\n>p2 move protect\n>p1 move rockblast\n>p2 move perishsong\n>p1 move swordsdance\n>p2 move protect\n>p1 move pinmissile\n>p2 move shadowball\n>p2 switch 6\n>p1 switch 5\n>p2 move psychic\n>p1 move fireblast\n>p2 move psychic\n>p1 switch 6\n>p1 move vcreate\n>p2 move psychic\n>p2 switch 5\n>p1 move vcreate\n>p2 move toxicspikes\n>p2 switch 4\n>p1 switch 5\n>p2 move airslash\n>p1 switch 5\n>p1 move boltstrike\n>p2 move roost\n>p1 move vcreate\n>p2 move airslash\n>forcelose p1", "uploadtime": 1770596067, "views": 193, "formatid": "gen7randombattle", "rating": 1582, "private": 0, "password": null}