{"id": "gen7randombattle-2533195100", "format": "[Gen 7] Random Battle", "players": ["Bin2409", "may/gen3"], "log": "|j|☆Bin2409\n|j|☆may/gen3\n|t:|1770270634\n|gametype|singles\n|player|p1|Bin2409|maid|1782\n|player|p2|may/gen3|may|1648\n|gen|7\n|tier|[Gen 7] Random Battle\n|rated|\n|rule|Sleep Clause Mod: Limit one foe put to sleep\n|rule|HP Percentage Mod: HP is shown in percentages\n|rule|Illusion Level Mod: Illusion disguises the Pokémon's true level\n|\n|t:|1770270634\n|teamsize|p1|6\n|teamsize|p2|6\n|start\n|switch|p1a: Electivire|Electivire, L86, F|269/269\n|switch|p2a: Arceus|Arceus-Water, L72|292/292\n|turn|1\n|inactive|Battle timer is ON: inactive players will automatically lose when time's up. (requested by may/gen3)\n|j| ExodusO4\n|\n|t:|1770270668\n|switch|p1a: Lumineon|Lumineon, L93, M|279/279\n|move|p2a: Arceus|Judgment|p1a: Lumineon\n|-ability|p1a: Lumineon|Storm Drain|boost\n|-boost|p1a: Lumineon|spa|1\n|\n|upkeep\n|turn|2\n|\n|t:|1770270683\n|move|p1a: Lumineon|U-turn|p2a: Arceus\n|-damage|p2a: Arceus|246/292\n|\n|t:|1770270690\n|switch|p1a: Qwilfish|Qwilfish, L86, F|252/252|[from] U-turn\n|-ability|p1a: Qwilfish|Intimidate|boost\n|-unboost|p2a: Arceus|atk|1\n|move|p2a: Arceus|Toxic|p1a: Qwilfish\n|-immune|p1a: Qwilfish\n|\n|upkeep\n|turn|3\n|\n|t:|1770270702\n|switch|p2a: Kecleon|Kecleon, L90, F|254/254\n|move|p1a: Qwilfish|Spikes|p2a: Kecleon\n|-sidestart|p2: may/gen3|Spikes\n|\n|upkeep\n|turn|4\n|\n|t:|1770270711\n|move|p1a: Qwilfish|Poison Jab|p2a: Kecleon\n|-damage|p2a: Kecleon|163/254\n|move|p2a: Kecleon|Stealth Rock|p1a: Qwilfish\n|-start|p2a: Kecleon|typechange|Rock|[from] ability: Protean\n|-sidestart|p1: Bin2409|move: Stealth Rock\n|\n|upkeep\n|turn|5\n|\n|t:|1770270724\n|move|p2a: Kecleon|Shadow Sneak|p1a: Qwilfish\n|-start|p2a: Kecleon|typechange|Ghost|[from] ability: Protean\n|-damage|p1a: Qwilfish|190/252\n|-damage|p2a: Kecleon|138/254|[from] item: Life Orb\n|move|p1a: Qwilfish|Waterfall|p2a: Kecleon\n|-damage|p2a: Kecleon|44/254\n|\n|-heal|p1a: Qwilfish|205/252|[from] item: Black Sludge\n|upkeep\n|turn|6\n|\n|t:|1770270728\n|move|p2a: Kecleon|Shadow Sneak|p1a: Qwilfish\n|-damage|p1a: Qwilfish|137/252\n|-damage|p2a: Kecleon|19/254|[from] item: Life Orb\n|move|p1a: Qwilfish|Waterfall|p2a: Kecleon\n|-damage|p2a: Kecleon|0 fnt\n|faint|p2a: Kecleon\n|\n|-heal|p1a: Qwilfish|152/252|[from] item: Black Sludge\n|upkeep\n|\n|t:|1770270730\n|switch|p2a: Rotom|Rotom-Fan, L84|221/221\n|turn|7\n|\n|t:|1770270742\n|switch|p1a: Mismagius|Mismagius, L87, M|246/246\n|-damage|p1a: Mismagius|216/246|[from] Stealth Rock\n|move|p2a: Rotom|Air Slash|p1a: Mismagius\n|-damage|p1a: Mismagius|143/246\n|\n|-heal|p1a: Mismagius|158/246|[from] item: Leftovers\n|upkeep\n|turn|8\n|\n|t:|1770270750\n|move|p1a: Mismagius|Shadow Ball|p2a: Rotom\n|-damage|p2a: Rotom|136/221\n|move|p2a: Rotom|Thunderbolt|p1a: Mismagius\n|-damage|p1a: Mismagius|67/246\n|\n|-heal|p1a: Mismagius|82/246|[from] item: Leftovers\n|-heal|p2a: Rotom|149/221|[from] item: Leftovers\n|upkeep\n|turn|9\n|\n|t:|1770270757\n|move|p1a: Mismagius|Pain Split|p2a: Rotom\n|-sethp|p2a: Rotom|115/221|[from] move: Pain Split|[silent]\n|-sethp|p1a: Mismagius|115/246|[from] move: Pain Split\n|move|p2a: Rotom|Thunderbolt|p1a: Mismagius\n|-damage|p1a: Mismagius|30/246\n|\n|-heal|p1a: Mismagius|45/246|[from] item: Leftovers\n|-heal|p2a: Rotom|128/221|[from] item: Leftovers\n|upkeep\n|turn|10\n|\n|t:|1770270764\n|move|p1a: Mismagius|Shadow Ball|p2a: Rotom\n|-damage|p2a: Rotom|41/221\n|-unboost|p2a: Rotom|spd|1\n|move|p2a: Rotom|Thunderbolt|p1a: Mismagius\n|-damage|p1a: Mismagius|0 fnt\n|faint|p1a: Mismagius\n|\n|-heal|p2a: Rotom|54/221|[from] item: Leftovers\n|upkeep\n|\n|t:|1770270775\n|switch|p1a: Lumineon|Lumineon, L93, M|279/279\n|-damage|p1a: Lumineon|245/279|[from] Stealth Rock\n|turn|11\n|\n|t:|1770270785\n|move|p1a: Lumineon|Ice Beam|p2a: Rotom\n|-supereffective|p2a: Rotom\n|-damage|p2a: Rotom|0 fnt\n|faint|p2a: Rotom\n|\n|-heal|p1a: Lumineon|262/279|[from] item: Leftovers\n|upkeep\n|\n|t:|1770270789\n|switch|p2a: Wormadam|Wormadam, F|282/282\n|-damage|p2a: Wormadam|247/282|[from] Spikes\n|turn|12\n|\n|t:|1770270809\n|move|p1a: Lumineon|U-turn|p2a: Wormadam\n|-supereffective|p2a: Wormadam\n|-damage|p2a: Wormadam|167/282\n|inactive|Bin2409 has 120 seconds left.\n|\n|t:|1770270829\n|switch|p1a: Electivire|Electivire, L86, F|269/269|[from] U-turn\n|-damage|p1a: Electivire|236/269|[from] Stealth Rock\n|move|p2a: Wormadam|Giga Drain|p1a: Electivire\n|-crit|p1a: Electivire\n|-damage|p1a: Electivire|97/269\n|-heal|p2a: Wormadam|237/282|[from] drain|[of] p1a: Electivire\n|\n|-heal|p2a: Wormadam|254/282|[from] item: Leftovers\n|upkeep\n|turn|13\n|inactive|Bin2409 has 120 seconds left.\n|\n|t:|1770270843\n|switch|p2a: Arceus|Arceus-Water, L72|246/292\n|-damage|p2a: Arceus|210/292|[from] Spikes\n|move|p1a: Electivire|Flamethrower|p2a: Arceus\n|-resisted|p2a: Arceus\n|-damage|p2a: Arceus|170/292\n|-damage|p1a: Electivire|71/269|[from] item: Life Orb\n|\n|upkeep\n|turn|14\n|\n|t:|1770270850\n|switch|p1a: Lumineon|Lumineon, L93, M|262/279\n|-damage|p1a: Lumineon|228/279|[from] Stealth Rock\n|move|p2a: Arceus|Ice Beam|p1a: Lumineon\n|-resisted|p1a: Lumineon\n|-damage|p1a: Lumineon|203/279\n|\n|-heal|p1a: Lumineon|220/279|[from] item: Leftovers\n|upkeep\n|turn|15\n|\n|t:|1770270855\n|move|p1a: Lumineon|Defog|p2a: Arceus\n|-unboost|p2a: Arceus|evasion|1\n|-sideend|p2: may/gen3|Spikes|[from] move: Defog|[of] p1a: Lumineon\n|-sideend|p1: Bin2409|Stealth Rock|[from] move: Defog|[of] p1a: Lumineon\n|move|p2a: Arceus|Toxic|p1a: Lumineon\n|-status|p1a: Lumineon|tox\n|\n|-heal|p1a: Lumineon|237/279 tox|[from] item: Leftovers\n|-damage|p1a: Lumineon|220/279 tox|[from] psn\n|upkeep\n|turn|16\n|\n|t:|1770270862\n|switch|p2a: Phione|Phione, L93|300/300\n|move|p1a: Lumineon|U-turn|p2a: Phione\n|-damage|p2a: Phione|254/300\n|\n|t:|1770270870\n|switch|p1a: Qwilfish|Qwilfish, L86, F|152/252|[from] U-turn\n|-ability|p1a: Qwilfish|Intimidate|boost\n|-unboost|p2a: Phione|atk|1\n|\n|-heal|p2a: Phione|272/300|[from] item: Leftovers\n|-heal|p1a: Qwilfish|167/252|[from] item: Black Sludge\n|upkeep\n|turn|17\n|\n|t:|1770270877\n|move|p2a: Phione|Scald|p1a: Qwilfish\n|-resisted|p1a: Qwilfish\n|-damage|p1a: Qwilfish|107/252\n|-status|p1a: Qwilfish|brn\n|move|p1a: Qwilfish|Poison Jab|p2a: Phione\n|-damage|p2a: Phione|229/300\n|-status|p2a: Phione|psn\n|\n|-heal|p2a: Phione|247/300 psn|[from] item: Leftovers\n|-heal|p1a: Qwilfish|122/252 brn|[from] item: Black Sludge\n|-damage|p2a: Phione|210/300 psn|[from] psn\n|-damage|p1a: Qwilfish|107/252 brn|[from] brn\n|upkeep\n|turn|18\n|\n|t:|1770270886\n|move|p2a: Phione|U-turn|p1a: Qwilfish\n|-resisted|p1a: Qwilfish\n|-damage|p1a: Qwilfish|91/252 brn\n|\n|t:|1770270889\n|switch|p2a: Arceus|Arceus-Water, L72|170/292|[from] U-turn\n|move|p1a: Qwilfish|Spikes|p2a: Arceus\n|-sidestart|p2: may/gen3|Spikes\n|\n|-heal|p1a: Qwilfish|106/252 brn|[from] item: Black Sludge\n|-damage|p1a: Qwilfish|91/252 brn|[from] brn\n|upkeep\n|turn|19\n|\n|t:|1770270899\n|move|p2a: Arceus|Judgment|p1a: Qwilfish\n|-resisted|p1a: Qwilfish\n|-damage|p1a: Qwilfish|12/252 brn\n|move|p1a: Qwilfish|Poison Jab|p2a: Arceus\n|-damage|p2a: Arceus|131/292\n|\n|-heal|p1a: Qwilfish|27/252 brn|[from] item: Black Sludge\n|-damage|p1a: Qwilfish|12/252 brn|[from] brn\n|upkeep\n|turn|20\n|\n|t:|1770270905\n|move|p2a: Arceus|Ice Beam|p1a: Qwilfish\n|-resisted|p1a: Qwilfish\n|-damage|p1a: Qwilfish|0 fnt\n|faint|p1a: Qwilfish\n|\n|upkeep\n|\n|t:|1770270913\n|switch|p1a: Vigoroth|Vigoroth, L88, M|284/284\n|turn|21\n|\n|t:|1770270917\n|move|p2a: Arceus|Toxic|p1a: Vigoroth|[miss]\n|-miss|p2a: Arceus|p1a: Vigoroth\n|move|p1a: Vigoroth|Body Slam|p2a: Arceus\n|-damage|p2a: Arceus|56/292\n|\n|upkeep\n|turn|22\n|\n|t:|1770270920\n|move|p2a: Arceus|Recover|p2a: Arceus\n|-heal|p2a: Arceus|202/292\n|move|p1a: Vigoroth|Body Slam|p2a: Arceus\n|-damage|p2a: Arceus|123/292\n|\n|upkeep\n|turn|23\n|\n|t:|1770270923\n|move|p2a: Arceus|Toxic|p1a: Vigoroth\n|-status|p1a: Vigoroth|tox\n|move|p1a: Vigoroth|Body Slam|p2a: Arceus\n|-damage|p2a: Arceus|48/292\n|\n|-damage|p1a: Vigoroth|267/284 tox|[from] psn\n|upkeep\n|turn|24\n|\n|t:|1770270925\n|move|p2a: Arceus|Recover|p2a: Arceus\n|-heal|p2a: Arceus|194/292\n|move|p1a: Vigoroth|Body Slam|p2a: Arceus\n|-damage|p2a: Arceus|119/292\n|\n|-damage|p1a: Vigoroth|233/284 tox|[from] psn\n|upkeep\n|turn|25\n|\n|t:|1770270927\n|move|p2a: Arceus|Recover|p2a: Arceus\n|-heal|p2a: Arceus|265/292\n|move|p1a: Vigoroth|Body Slam|p2a: Arceus\n|-damage|p2a: Arceus|190/292\n|\n|-damage|p1a: Vigoroth|182/284 tox|[from] psn\n|upkeep\n|turn|26\n|\n|t:|1770270935\n|move|p2a: Arceus|Judgment|p1a: Vigoroth\n|-damage|p1a: Vigoroth|80/284 tox\n|move|p1a: Vigoroth|Body Slam|p2a: Arceus\n|-damage|p2a: Arceus|111/292\n|\n|-damage|p1a: Vigoroth|12/284 tox|[from] psn\n|upkeep\n|turn|27\n|\n|t:|1770270942\n|move|p2a: Arceus|Ice Beam|p1a: Vigoroth\n|-damage|p1a: Vigoroth|0 fnt\n|faint|p1a: Vigoroth\n|\n|upkeep\n|\n|t:|1770270946\n|switch|p1a: Garchomp|Garchomp, L77, M|293/293\n|turn|28\n|\n|t:|1770270949\n|detailschange|p1a: Garchomp|Garchomp-Mega, L77, M\n|-mega|p1a: Garchomp|Garchomp|Garchompite\n|move|p2a: Arceus|Ice Beam|p1a: Garchomp\n|-supereffective|p1a: Garchomp\n|-damage|p1a: Garchomp|53/293\n|move|p1a: Garchomp|Earthquake|p2a: Arceus\n|-damage|p2a: Arceus|0 fnt\n|faint|p2a: Arceus\n|\n|upkeep\n|\n|t:|1770270955\n|switch|p2a: Phione|Phione, L93|210/300 psn\n|-damage|p2a: Phione|173/300 psn|[from] Spikes\n|turn|29\n|\n|t:|1770270961\n|switch|p1a: Lumineon|Lumineon, L93, M|220/279 tox\n|move|p2a: Phione|Ice Beam|p1a: Lumineon\n|-resisted|p1a: Lumineon\n|-damage|p1a: Lumineon|191/279 tox\n|\n|-heal|p1a: Lumineon|208/279 tox|[from] item: Leftovers\n|-heal|p2a: Phione|191/300 psn|[from] item: Leftovers\n|-damage|p1a: Lumineon|191/279 tox|[from] psn\n|-damage|p2a: Phione|154/300 psn|[from] psn\n|upkeep\n|turn|30\n|\n|t:|1770270968\n|move|p1a: Lumineon|Scald|p2a: Phione\n|-resisted|p2a: Phione\n|-damage|p2a: Phione|114/300 psn\n|move|p2a: Phione|U-turn|p1a: Lumineon\n|-damage|p1a: Lumineon|142/279 tox\n|\n|t:|1770270971\n|switch|p2a: Wormadam|Wormadam, F|254/282|[from] U-turn\n|-damage|p2a: Wormadam|219/282|[from] Spikes\n|\n|-heal|p1a: Lumineon|159/279 tox|[from] item: Leftovers\n|-heal|p2a: Wormadam|236/282|[from] item: Leftovers\n|-damage|p1a: Lumineon|125/279 tox|[from] psn\n|upkeep\n|turn|31\n|\n|t:|1770270981\n|move|p1a: Lumineon|U-turn|p2a: Wormadam\n|-supereffective|p2a: Wormadam\n|-damage|p2a: Wormadam|150/282\n|\n|t:|1770270984\n|switch|p1a: Garchomp|Garchomp-Mega, L77, M|53/293|[from] U-turn\n|move|p2a: Wormadam|Giga Drain|p1a: Garchomp\n|-damage|p1a: Garchomp|0 fnt\n|-heal|p2a: Wormadam|177/282|[from] drain|[of] p1a: Garchomp\n|faint|p1a: Garchomp\n|detailschange|p1: Garchomp|Garchomp, L77, M|[silent]\n|\n|-heal|p2a: Wormadam|194/282|[from] item: Leftovers\n|upkeep\n|\n|t:|1770270986\n|switch|p1a: Electivire|Electivire, L86, F|71/269\n|turn|32\n|\n|t:|1770270990\n|switch|p2a: Phione|Phione, L93|114/300 psn\n|-damage|p2a: Phione|77/300 psn|[from] Spikes\n|move|p1a: Electivire|Flamethrower|p2a: Phione\n|-resisted|p2a: Phione\n|-damage|p2a: Phione|37/300 psn\n|-damage|p1a: Electivire|45/269|[from] item: Life Orb\n|\n|-heal|p2a: Phione|55/300 psn|[from] item: Leftovers\n|-damage|p2a: Phione|18/300 psn|[from] psn\n|upkeep\n|turn|33\n|\n|t:|1770270994\n|switch|p1a: Lumineon|Lumineon, L93, M|125/279 tox\n|move|p2a: Phione|U-turn|p1a: Lumineon\n|-crit|p1a: Lumineon\n|-damage|p1a: Lumineon|43/279 tox\n|\n|t:|1770270999\n|switch|p2a: Wormadam|Wormadam, F|194/282|[from] U-turn\n|-damage|p2a: Wormadam|159/282|[from] Spikes\n|\n|-heal|p1a: Lumineon|60/279 tox|[from] item: Leftovers\n|-heal|p2a: Wormadam|176/282|[from] item: Leftovers\n|-damage|p1a: Lumineon|43/279 tox|[from] psn\n|upkeep\n|turn|34\n|\n|t:|1770271002\n|move|p1a: Lumineon|Ice Beam|p2a: Wormadam\n|-supereffective|p2a: Wormadam\n|-damage|p2a: Wormadam|92/282\n|move|p2a: Wormadam|Giga Drain|p1a: Lumineon\n|-supereffective|p1a: Lumineon\n|-damage|p1a: Lumineon|0 fnt\n|-heal|p2a: Wormadam|114/282|[from] drain|[of] p1a: Lumineon\n|faint|p1a: Lumineon\n|\n|-heal|p2a: Wormadam|131/282|[from] item: Leftovers\n|upkeep\n|\n|t:|1770271005\n|switch|p1a: Electivire|Electivire, L86, F|45/269\n|turn|35\n|\n|t:|1770271009\n|move|p1a: Electivire|Ice Punch|p2a: Wormadam\n|-supereffective|p2a: Wormadam\n|-damage|p2a: Wormadam|0 fnt\n|faint|p2a: Wormadam\n|-damage|p1a: Electivire|19/269|[from] item: Life Orb\n|\n|upkeep\n|\n|t:|1770271020\n|switch|p2a: Phione|Phione, L93|18/300 psn\n|-damage|p2a: Phione|0 fnt|[from] Spikes\n|faint|p2a: Phione\n|\n|t:|1770271022\n|switch|p2a: Deoxys|Deoxys-Attack, L72|191/191\n|-damage|p2a: Deoxys|168/191|[from] Spikes\n|-ability|p2a: Deoxys|Pressure\n|turn|36\n|c|☆Bin2409|Gg\n|\n|t:|1770271033\n|move|p2a: Deoxys|Extreme Speed|p1a: Electivire\n|-damage|p1a: Electivire|0 fnt\n|faint|p1a: Electivire\n|-damage|p2a: Deoxys|149/191|[from] item: Life Orb\n|\n|win|may/gen3\n|raw|Bin2409's rating: 1782 &rarr; <strong>1755</strong><br />(-27 for losing)\n|raw|may&#x2f;gen3's rating: 1648 &rarr; <strong>1675</strong><br />(+27 for winning)\n|c| ExodusO4|no\n|l| ExodusO4\n|l|☆Bin2409\n|player|p1|\n", "inputlog": ">version ccdc32dd7cde25fd9e4bed64820e885f66e78a4e\n>start {\"formatid\":\"gen7randombattle\",\"seed\":\"sodium,00c3e9a2666ed2f831bfee92de5af00f\",\"rated\":\"Rated battle\"}\n>player p1 {\"name\":\"Bin2409\",\"avatar\":\"maid\",\"rating\":1782,\"seed\":\"sodium,8ebfd207575eb05bf53c519d2d6a866a\"}\n>player p2 {\"name\":\"may/gen3\",\"avatar\":\"may\",\"rating\":1648,\"seed\":\"sodium,6c75530c496832f9bedb5da70e159a61\"}\n>p1 switch 4\n>p2 move judgment\n>p1 move uturn\n>p2 move toxic\n>p1 switch 5\n>p1 move spikes\n>p2 switch 2\n>p1 move poisonjab\n>p2 move stealthrock\n>p1 move waterfall\n>p2 move shadowsneak\n>p1 move waterfall\n>p2 move shadowsneak\n>p2 switch 3\n>p1 switch 3\n>p2 move airslash\n>p1 move shadowball\n>p2 move thunderbolt\n>p1 move painsplit\n>p2 move thunderbolt\n>p1 move shadowball\n>p2 move thunderbolt\n>p1 switch 5\n>p1 move icebeam\n>p2 move thunderbolt\n>p2 switch 5\n>p1 move uturn\n>p2 move gigadrain\n>p1 switch 4\n>p1 move flamethrower\n>p2 switch 2\n>p1 switch 4\n>p2 move icebeam\n>p1 move defog\n>p2 move toxic\n>p1 move uturn\n>p2 switch 6\n>p1 switch 3\n>p1 move poisonjab\n>p2 move scald\n>p1 move spikes\n>p2 move uturn\n>p2 switch 6\n>p1 move poisonjab\n>p2 move judgment\n>p1 move poisonjab\n>p2 move icebeam\n>p1 switch 2\n>p1 move bodyslam\n>p2 move toxic\n>p1 move bodyslam\n>p2 move recover\n>p1 move bodyslam\n>p2 move toxic\n>p1 move bodyslam\n>p2 move recover\n>p1 move bodyslam\n>p2 move recover\n>p1 move bodyslam\n>p2 move judgment\n>p1 move bodyslam\n>p2 move icebeam\n>p1 switch 6\n>p1 move earthquake mega\n>p2 move icebeam\n>p2 switch 6\n>p1 switch 3\n>p2 move icebeam\n>p1 move scald\n>p2 move uturn\n>p2 switch 2\n>p1 move uturn\n>p2 move gigadrain\n>p1 switch 3\n>p1 switch 4\n>p1 move flamethrower\n>p2 switch 2\n>p1 switch 3\n>p2 move uturn\n>p2 switch 2\n>p1 move icebeam\n>p2 move gigadrain\n>p1 switch 3\n>p1 move icepunch\n>p2 move gigadrain\n>p2 switch 2\n>p2 switch 4\n>chat ☆Bin2409|Gg\n>p1 move wildcharge\n>p2 move extremespeed", "uploadtime": 1770271072, "views": 167, "formatid": "gen7randombattle", "rating": 1675, "private": 0, "password": null}