{"id": "gen7randombattle-2530986210", "format": "[Gen 7] Random Battle", "players": ["prem6", "broncuskowski"], "log": "|j|☆prem6\n|j|☆broncuskowski\n|t:|1769995809\n|gametype|singles\n|player|p1|prem6|red-masters3|1631\n|player|p2|broncuskowski|266|1516\n|gen|7\n|tier|[Gen 7] Random Battle\n|rated|\n|rule|Sleep Clause Mod: Limit one foe put to sleep\n|rule|HP Percentage Mod: HP is shown in percentages\n|rule|Illusion Level Mod: Illusion disguises the Pokémon's true level\n|\n|t:|1769995809\n|teamsize|p1|6\n|teamsize|p2|6\n|start\n|switch|p1a: Luxray|Luxray, L88, F|284/284\n|switch|p2a: Dustox|Dustox, L96, M|271/271\n|-ability|p1a: Luxray|Intimidate|boost\n|-unboost|p2a: Dustox|atk|1\n|turn|1\n|inactive|Battle timer is ON: inactive players will automatically lose when time's up. (requested by prem6)\n|inactive|prem6 has 120 seconds left.\n|\n|t:|1769995841\n|move|p2a: Dustox|Toxic|p1a: Luxray\n|-status|p1a: Luxray|tox\n|move|p1a: Luxray|Wild Charge|p2a: Dustox\n|-damage|p2a: Dustox|138/271\n|-damage|p1a: Luxray|251/284 tox|[from] Recoil\n|\n|-heal|p2a: Dustox|154/271|[from] item: Black Sludge\n|-damage|p1a: Luxray|234/284 tox|[from] psn\n|upkeep\n|turn|2\n|\n|t:|1769995847\n|move|p2a: Dustox|Roost|p2a: Dustox\n|-heal|p2a: Dustox|271/271\n|-singleturn|p2a: Dustox|move: Roost\n|move|p1a: Luxray|Wild Charge|p2a: Dustox\n|-damage|p2a: Dustox|150/271\n|-damage|p1a: Luxray|204/284 tox|[from] Recoil\n|\n|-heal|p2a: Dustox|166/271|[from] item: Black Sludge\n|-damage|p1a: Luxray|170/284 tox|[from] psn\n|upkeep\n|turn|3\n|\n|t:|1769995850\n|move|p2a: Dustox|Roost|p2a: Dustox\n|-heal|p2a: Dustox|271/271\n|-singleturn|p2a: Dustox|move: Roost\n|move|p1a: Luxray|Volt Switch|p2a: Dustox\n|-damage|p2a: Dustox|205/271\n|\n|t:|1769995858\n|switch|p1a: Ninetales|Ninetales, L84, M|260/260|[from] Volt Switch\n|-weather|SunnyDay|[from] ability: Drought|[of] p1a: Ninetales\n|\n|-weather|SunnyDay|[upkeep]\n|-heal|p2a: Dustox|221/271|[from] item: Black Sludge\n|upkeep\n|turn|4\n|\n|t:|1769995864\n|switch|p2a: Bastiodon|Bastiodon, L94, F|265/265\n|move|p1a: Ninetales|Fire Blast|p2a: Bastiodon\n|-damage|p2a: Bastiodon|140/265\n|-damage|p1a: Ninetales|234/260|[from] item: Life Orb\n|\n|-weather|SunnyDay|[upkeep]\n|-heal|p2a: Bastiodon|156/265|[from] item: Leftovers\n|upkeep\n|turn|5\n|inactive|prem6 has 120 seconds left.\n|\n|t:|1769995908\n|switch|p1a: Starmie|Starmie, L84|238/238\n|move|p2a: Bastiodon|Metal Burst||[still]\n|-fail|p2a: Bastiodon\n|\n|-weather|SunnyDay|[upkeep]\n|-heal|p2a: Bastiodon|172/265|[from] item: Leftovers\n|upkeep\n|turn|6\n|\n|t:|1769995915\n|move|p1a: Starmie|Scald|p2a: Bastiodon\n|-supereffective|p2a: Bastiodon\n|-damage|p2a: Bastiodon|122/265\n|-status|p2a: Bastiodon|brn\n|move|p2a: Bastiodon|Stealth Rock|p1a: Starmie\n|-sidestart|p1: prem6|move: Stealth Rock\n|\n|-weather|SunnyDay|[upkeep]\n|-heal|p2a: Bastiodon|138/265 brn|[from] item: Leftovers\n|-damage|p2a: Bastiodon|122/265 brn|[from] brn\n|upkeep\n|turn|7\n|inactive|prem6 has 120 seconds left.\n|\n|t:|1769995922\n|move|p1a: Starmie|Scald|p2a: Bastiodon\n|-supereffective|p2a: Bastiodon\n|-damage|p2a: Bastiodon|62/265 brn\n|move|p2a: Bastiodon|Toxic|p1a: Starmie\n|-status|p1a: Starmie|tox\n|\n|-weather|none\n|-heal|p2a: Bastiodon|78/265 brn|[from] item: Leftovers\n|-damage|p1a: Starmie|224/238 tox|[from] psn\n|-damage|p2a: Bastiodon|62/265 brn|[from] brn\n|upkeep\n|turn|8\n|\n|t:|1769995933\n|move|p1a: Starmie|Scald|p2a: Bastiodon\n|-supereffective|p2a: Bastiodon\n|-damage|p2a: Bastiodon|0 fnt\n|faint|p2a: Bastiodon\n|\n|-heal|p1a: Starmie|238/238 tox|[from] item: Leftovers\n|-damage|p1a: Starmie|210/238 tox|[from] psn\n|upkeep\n|\n|t:|1769995936\n|switch|p2a: Decidueye|Decidueye, L87, F|277/277\n|turn|9\n|\n|t:|1769995942\n|move|p1a: Starmie|Toxic|p2a: Decidueye\n|-status|p2a: Decidueye|tox\n|move|p2a: Decidueye|Swords Dance|p2a: Decidueye\n|-boost|p2a: Decidueye|atk|2\n|\n|-heal|p1a: Starmie|224/238 tox|[from] item: Leftovers\n|-damage|p1a: Starmie|182/238 tox|[from] psn\n|-damage|p2a: Decidueye|260/277 tox|[from] psn\n|upkeep\n|turn|10\n|\n|t:|1769995949\n|move|p1a: Starmie|Scald|p2a: Decidueye\n|-resisted|p2a: Decidueye\n|-damage|p2a: Decidueye|221/277 tox\n|-zpower|p2a: Decidueye\n|move|p2a: Decidueye|Sinister Arrow Raid|p1a: Starmie|[zeffect]\n|-supereffective|p1a: Starmie\n|-damage|p1a: Starmie|0 fnt\n|faint|p1a: Starmie\n|\n|-damage|p2a: Decidueye|187/277 tox|[from] psn\n|upkeep\n|inactive|prem6 has 120 seconds left.\n|\n|t:|1769995983\n|switch|p1a: Ninetales|Ninetales, L84, M|234/260\n|-damage|p1a: Ninetales|169/260|[from] Stealth Rock\n|-weather|SunnyDay|[from] ability: Drought|[of] p1a: Ninetales\n|turn|11\n|\n|t:|1769995993\n|switch|p2a: Wishiwashi|Wishiwashi, L89, M|225/225\n|-formechange|p2a: Wishiwashi|Wishiwashi-School||[from] ability: Schooling\n|move|p1a: Ninetales|Fire Blast|p2a: Wishiwashi\n|-resisted|p2a: Wishiwashi\n|-damage|p2a: Wishiwashi|157/225\n|-status|p2a: Wishiwashi|brn\n|-damage|p1a: Ninetales|143/260|[from] item: Life Orb\n|\n|-weather|SunnyDay|[upkeep]\n|-damage|p2a: Wishiwashi|143/225 brn|[from] brn\n|upkeep\n|turn|12\n|inactive|prem6 has 120 seconds left.\n|\n|t:|1769996011\n|move|p1a: Ninetales|Solar Beam||[still]\n|-prepare|p1a: Ninetales|Solar Beam\n|-anim|p1a: Ninetales|Solar Beam|p2a: Wishiwashi\n|-supereffective|p2a: Wishiwashi\n|-damage|p2a: Wishiwashi|21/225 brn\n|-damage|p1a: Ninetales|117/260|[from] item: Life Orb\n|move|p2a: Wishiwashi|Scald|p1a: Ninetales\n|-supereffective|p1a: Ninetales\n|-damage|p1a: Ninetales|0 fnt\n|faint|p1a: Ninetales\n|\n|-weather|SunnyDay|[upkeep]\n|-damage|p2a: Wishiwashi|7/225 brn|[from] brn\n|-formechange|p2a: Wishiwashi|Wishiwashi||[from] ability: Schooling\n|upkeep\n|inactive|prem6 has 120 seconds left.\n|inactive|prem6 has 90 seconds left.\n|\n|t:|1769996051\n|switch|p1a: Luxray|Luxray, L88, F|170/284 tox\n|-damage|p1a: Luxray|135/284 tox|[from] Stealth Rock\n|-ability|p1a: Luxray|Intimidate|boost\n|-unboost|p2a: Wishiwashi|atk|1\n|turn|13\n|\n|t:|1769996069\n|move|p1a: Luxray|Ice Fang|p2a: Wishiwashi\n|-resisted|p2a: Wishiwashi\n|-damage|p2a: Wishiwashi|0 fnt\n|faint|p2a: Wishiwashi\n|\n|-weather|SunnyDay|[upkeep]\n|-damage|p1a: Luxray|118/284 tox|[from] psn\n|upkeep\n|\n|t:|1769996082\n|switch|p2a: Whiscash|Whiscash, L89, M|341/341\n|turn|14\n|\n|t:|1769996099\n|switch|p1a: Granbull|Granbull, L89, M|305/305\n|-damage|p1a: Granbull|267/305|[from] Stealth Rock\n|-ability|p1a: Granbull|Intimidate|boost\n|-unboost|p2a: Whiscash|atk|1\n|move|p2a: Whiscash|Dragon Dance|p2a: Whiscash\n|-boost|p2a: Whiscash|atk|1\n|-boost|p2a: Whiscash|spe|1\n|\n|-weather|SunnyDay|[upkeep]\n|-heal|p1a: Granbull|286/305|[from] item: Leftovers\n|upkeep\n|turn|15\n|\n|t:|1769996110\n|move|p2a: Whiscash|Dragon Dance|p2a: Whiscash\n|-boost|p2a: Whiscash|atk|1\n|-boost|p2a: Whiscash|spe|1\n|move|p1a: Granbull|Play Rough|p2a: Whiscash\n|-damage|p2a: Whiscash|212/341\n|\n|-weather|none\n|-heal|p1a: Granbull|305/305|[from] item: Leftovers\n|upkeep\n|turn|16\n|\n|t:|1769996123\n|move|p2a: Whiscash|Earthquake|p1a: Granbull\n|-damage|p1a: Granbull|114/305\n|-damage|p2a: Whiscash|178/341|[from] item: Life Orb\n|move|p1a: Granbull|Play Rough|p2a: Whiscash\n|-damage|p2a: Whiscash|51/341\n|\n|-heal|p1a: Granbull|133/305|[from] item: Leftovers\n|upkeep\n|turn|17\n|\n|t:|1769996129\n|move|p2a: Whiscash|Earthquake|p1a: Granbull\n|-damage|p1a: Granbull|0 fnt\n|faint|p1a: Granbull\n|-damage|p2a: Whiscash|17/341|[from] item: Life Orb\n|\n|upkeep\n|\n|t:|1769996147\n|switch|p1a: Luxray|Luxray, L88, F|118/284 tox\n|-damage|p1a: Luxray|83/284 tox|[from] Stealth Rock\n|-ability|p1a: Luxray|Intimidate|boost\n|-unboost|p2a: Whiscash|atk|1\n|turn|18\n|\n|t:|1769996155\n|move|p2a: Whiscash|Waterfall|p1a: Luxray\n|-damage|p1a: Luxray|0 fnt\n|faint|p1a: Luxray\n|-damage|p2a: Whiscash|0 fnt|[from] item: Life Orb\n|faint|p2a: Whiscash\n|\n|upkeep\n|\n|t:|1769996167\n|switch|p1a: Pheromosa|Pheromosa, L75|229/229\n|switch|p2a: Dustox|Dustox, L96, M|221/271\n|-damage|p1a: Pheromosa|201/229|[from] Stealth Rock\n|turn|19\n|inactive|prem6 has 90 seconds left.\n|\n|t:|1769996210\n|move|p1a: Pheromosa|Ice Beam|p2a: Dustox\n|-damage|p2a: Dustox|142/271\n|-damage|p1a: Pheromosa|179/229|[from] item: Life Orb\n|move|p2a: Dustox|Toxic|p1a: Pheromosa\n|-status|p1a: Pheromosa|tox\n|\n|-heal|p2a: Dustox|158/271|[from] item: Black Sludge\n|-damage|p1a: Pheromosa|165/229 tox|[from] psn\n|upkeep\n|turn|20\n|\n|t:|1769996216\n|move|p1a: Pheromosa|Throat Chop|p2a: Dustox\n|-damage|p2a: Dustox|80/271\n|-damage|p1a: Pheromosa|143/229 tox|[from] item: Life Orb\n|move|p2a: Dustox|Roost|p2a: Dustox\n|-heal|p2a: Dustox|216/271\n|-singleturn|p2a: Dustox|move: Roost\n|\n|-heal|p2a: Dustox|232/271|[from] item: Black Sludge\n|-damage|p1a: Pheromosa|115/229 tox|[from] psn\n|upkeep\n|turn|21\n|inactive|prem6 has 60 seconds left.\n|\n|t:|1769996270\n|move|p1a: Pheromosa|Ice Beam|p2a: Dustox\n|-damage|p2a: Dustox|153/271\n|-damage|p1a: Pheromosa|93/229 tox|[from] item: Life Orb\n|move|p2a: Dustox|Roost|p2a: Dustox\n|-heal|p2a: Dustox|271/271\n|-singleturn|p2a: Dustox|move: Roost\n|\n|-damage|p1a: Pheromosa|51/229 tox|[from] psn\n|upkeep\n|turn|22\n|\n|t:|1769996275\n|move|p1a: Pheromosa|Ice Beam|p2a: Dustox\n|-damage|p2a: Dustox|192/271\n|-damage|p1a: Pheromosa|29/229 tox|[from] item: Life Orb\n|move|p2a: Dustox|Roost|p2a: Dustox\n|-heal|p2a: Dustox|271/271\n|-singleturn|p2a: Dustox|move: Roost\n|\n|-damage|p1a: Pheromosa|0 fnt|[from] psn\n|faint|p1a: Pheromosa\n|upkeep\n|\n|t:|1769996277\n|switch|p1a: Solgaleo|Solgaleo, L73|320/320\n|-damage|p1a: Solgaleo|300/320|[from] Stealth Rock\n|turn|23\n|\n|t:|1769996293\n|move|p1a: Solgaleo|Flare Blitz|p2a: Dustox\n|-supereffective|p2a: Dustox\n|-damage|p2a: Dustox|91/271\n|-damage|p1a: Solgaleo|241/320|[from] Recoil\n|move|p2a: Dustox|Bug Buzz|p1a: Solgaleo\n|-damage|p1a: Solgaleo|157/320\n|\n|-heal|p2a: Dustox|107/271|[from] item: Black Sludge\n|upkeep\n|turn|24\n|\n|t:|1769996297\n|move|p1a: Solgaleo|Flare Blitz|p2a: Dustox\n|-supereffective|p2a: Dustox\n|-damage|p2a: Dustox|0 fnt\n|faint|p2a: Dustox\n|-damage|p1a: Solgaleo|122/320|[from] Recoil\n|\n|upkeep\n|\n|t:|1769996299\n|switch|p2a: Decidueye|Decidueye, L87, F|187/277 tox\n|turn|25\n|\n|t:|1769996304\n|move|p1a: Solgaleo|Flare Blitz|p2a: Decidueye\n|-supereffective|p2a: Decidueye\n|-damage|p2a: Decidueye|0 fnt\n|faint|p2a: Decidueye\n|-damage|p1a: Solgaleo|60/320|[from] Recoil\n|\n|upkeep\n|\n|t:|1769996307\n|switch|p2a: Whimsicott|Whimsicott, L87, M|246/246\n|turn|26\n|c|☆prem6|gg\n|\n|t:|1769996316\n|move|p2a: Whimsicott|Substitute|p2a: Whimsicott\n|-start|p2a: Whimsicott|Substitute\n|-damage|p2a: Whimsicott|185/246\n|move|p1a: Solgaleo|Flare Blitz|p2a: Whimsicott\n|-supereffective|p2a: Whimsicott\n|-end|p2a: Whimsicott|Substitute\n|-damage|p1a: Solgaleo|40/320|[from] Recoil|[of] p2a: Whimsicott\n|\n|-heal|p2a: Whimsicott|200/246|[from] item: Leftovers\n|upkeep\n|turn|27\n|\n|t:|1769996319\n|move|p2a: Whimsicott|Substitute|p2a: Whimsicott\n|-start|p2a: Whimsicott|Substitute\n|-damage|p2a: Whimsicott|139/246\n|move|p1a: Solgaleo|Flare Blitz|p2a: Whimsicott\n|-supereffective|p2a: Whimsicott\n|-end|p2a: Whimsicott|Substitute\n|-damage|p1a: Solgaleo|20/320|[from] Recoil|[of] p2a: Whimsicott\n|\n|-heal|p2a: Whimsicott|154/246|[from] item: Leftovers\n|upkeep\n|turn|28\n|\n|t:|1769996324\n|move|p1a: Solgaleo|Flare Blitz|p2a: Whimsicott\n|-supereffective|p2a: Whimsicott\n|-damage|p2a: Whimsicott|0 fnt\n|faint|p2a: Whimsicott\n|-damage|p1a: Solgaleo|0 fnt|[from] Recoil\n|faint|p1a: Solgaleo\n|\n|win|prem6\n|raw|prem6's rating: 1631 &rarr; <strong>1645</strong><br />(+14 for winning)\n|raw|broncuskowski's rating: 1516 &rarr; <strong>1502</strong><br />(-14 for losing)\n|c|☆broncuskowski|gg\n|l|☆broncuskowski\n|player|p2|\n|c|☆prem6|gg\n", "inputlog": ">version ccdc32dd7cde25fd9e4bed64820e885f66e78a4e\n>start {\"formatid\":\"gen7randombattle\",\"seed\":\"sodium,d87211d2852730bf403f5cd8a1e5a1d2\",\"rated\":\"Rated battle\"}\n>player p1 {\"name\":\"prem6\",\"avatar\":\"red-masters3\",\"rating\":1631,\"seed\":\"sodium,68124cbef19d606e6b292e55304f046c\"}\n>player p2 {\"name\":\"broncuskowski\",\"avatar\":\"266\",\"rating\":1516,\"seed\":\"sodium,1a18f3586706f7a85501327181fb255a\"}\n>p1 move wildcharge\n>p2 move toxic\n>p1 move wildcharge\n>p2 move roost\n>p1 move voltswitch\n>p2 move roost\n>p1 switch 5\n>p1 move fireblast\n>p2 switch 6\n>p1 switch 6\n>p2 move metalburst\n>p1 move scald\n>p2 move stealthrock\n>p1 move scald\n>p2 move toxic\n>p1 move scald\n>p2 move rockslide\n>p2 switch 3\n>p1 move toxic\n>p2 move swordsdance\n>p1 move scald\n>p2 move spiritshackle zmove\n>p1 switch 6\n>p1 move fireblast\n>p2 switch 4\n>p1 move solarbeam\n>p2 move scald\n>p1 switch 5\n>p1 move icefang\n>p2 move scald\n>p2 switch 2\n>p1 switch 2\n>p2 move dragondance\n>p1 move playrough\n>p2 move dragondance\n>p1 move playrough\n>p2 move earthquake\n>p1 move healbell\n>p2 move earthquake\n>p1 switch 2\n>p1 move icefang\n>p2 move waterfall\n>p1 switch 4\n>p2 switch 6\n>p1 move icebeam\n>p2 move toxic\n>p1 move throatchop\n>p2 move roost\n>p1 move icebeam\n>p2 move roost\n>p1 move icebeam\n>p2 move roost\n>p1 switch 3\n>p1 move flareblitz\n>p2 move bugbuzz\n>p1 move flareblitz\n>p2 move bugbuzz\n>p2 switch 4\n>p1 move flareblitz\n>p2 move spiritshackle\n>p2 switch 5\n>chat ☆prem6|gg\n>p1 move flareblitz\n>p2 move substitute\n>p1 move flareblitz\n>p2 move substitute\n>p1 move flareblitz\n>p2 move moonblast", "uploadtime": 1769996339, "views": 181, "formatid": "gen7randombattle", "rating": 1502, "private": 0, "password": null}