{"id": "gen7randombattle-2527266408", "format": "[Gen 7] Random Battle", "players": ["I am always alone", "Zovafire"], "log": "|j|☆I am always alone\n|j|‽Zovafire\n|t:|1769521407\n|gametype|singles\n|player|p1|I am always alone|dawn|1651\n|player|p2|Zovafire|dawn-gen4pt|1705\n|gen|7\n|tier|[Gen 7] Random Battle\n|rated|\n|rule|Sleep Clause Mod: Limit one foe put to sleep\n|rule|HP Percentage Mod: HP is shown in percentages\n|rule|Illusion Level Mod: Illusion disguises the Pokémon's true level\n|\n|t:|1769521407\n|teamsize|p1|6\n|teamsize|p2|6\n|start\n|switch|p1a: Espeon|Espeon, L83, M|244/244\n|switch|p2a: Stunfisk|Stunfisk, L88, F|335/335\n|turn|1\n|inactive|Battle timer is ON: inactive players will automatically lose when time's up. (requested by Zovafire)\n|\n|t:|1769521413\n|move|p1a: Espeon|Calm Mind|p1a: Espeon\n|-boost|p1a: Espeon|spa|1\n|-boost|p1a: Espeon|spd|1\n|move|p2a: Stunfisk|Discharge|p1a: Espeon\n|-damage|p1a: Espeon|187/244\n|-status|p1a: Espeon|par\n|\n|upkeep\n|turn|2\n|\n|t:|1769521428\n|switch|p2a: Darkrai|Darkrai, L75|229/229\n|move|p1a: Espeon|Psyshock|p2a: Darkrai\n|-immune|p2a: Darkrai\n|\n|upkeep\n|turn|3\n|\n|t:|1769521434\n|move|p2a: Darkrai|Dark Pulse|p1a: Espeon\n|-supereffective|p1a: Espeon\n|-damage|p1a: Espeon|61/244 par\n|move|p1a: Espeon|Dazzling Gleam|p2a: Darkrai\n|-supereffective|p2a: Darkrai\n|-damage|p2a: Darkrai|0 fnt\n|faint|p2a: Darkrai\n|-damage|p1a: Espeon|37/244 par|[from] item: Life Orb\n|\n|upkeep\n|\n|t:|1769521439\n|switch|p2a: Aerodactyl|Aerodactyl, L78, F|253/253\n|-ability|p2a: Aerodactyl|Unnerve\n|turn|4\n|\n|t:|1769521442\n|detailschange|p2a: Aerodactyl|Aerodactyl-Mega, L78, F\n|-mega|p2a: Aerodactyl|Aerodactyl|Aerodactylite\n|move|p2a: Aerodactyl|Aerial Ace|p1a: Espeon\n|-damage|p1a: Espeon|0 fnt\n|faint|p1a: Espeon\n|\n|upkeep\n|\n|t:|1769521450\n|switch|p1a: Gorebyss|Gorebyss, L85, M|231/231\n|turn|5\n|\n|t:|1769521453\n|move|p2a: Aerodactyl|Aerial Ace|p1a: Gorebyss\n|-damage|p1a: Gorebyss|147/231\n|move|p1a: Gorebyss|Shell Smash|p1a: Gorebyss\n|-unboost|p1a: Gorebyss|def|1\n|-unboost|p1a: Gorebyss|spd|1\n|-boost|p1a: Gorebyss|atk|2\n|-boost|p1a: Gorebyss|spa|2\n|-boost|p1a: Gorebyss|spe|2\n|-enditem|p1a: Gorebyss|White Herb\n|-clearnegativeboost|p1a: Gorebyss|[silent]\n|\n|upkeep\n|turn|6\n|\n|t:|1769521469\n|switch|p2a: Chimecho|Chimecho, L95, M|296/296\n|move|p1a: Gorebyss|Shell Smash|p1a: Gorebyss\n|-unboost|p1a: Gorebyss|def|1\n|-unboost|p1a: Gorebyss|spd|1\n|-boost|p1a: Gorebyss|atk|2\n|-boost|p1a: Gorebyss|spa|2\n|-boost|p1a: Gorebyss|spe|2\n|\n|upkeep\n|turn|7\n|\n|t:|1769521472\n|move|p1a: Gorebyss|Hydro Pump|p2a: Chimecho|[miss]\n|-miss|p1a: Gorebyss|p2a: Chimecho\n|move|p2a: Chimecho|Toxic|p1a: Gorebyss\n|-status|p1a: Gorebyss|tox\n|\n|-damage|p1a: Gorebyss|133/231 tox|[from] psn\n|upkeep\n|turn|8\n|\n|t:|1769521474\n|move|p1a: Gorebyss|Hydro Pump|p2a: Chimecho\n|-damage|p2a: Chimecho|0 fnt\n|faint|p2a: Chimecho\n|\n|-damage|p1a: Gorebyss|105/231 tox|[from] psn\n|upkeep\n|\n|t:|1769521477\n|switch|p2a: Alomomola|Alomomola, L87, F|429/429\n|turn|9\n|\n|t:|1769521479\n|move|p2a: Alomomola|Protect|p2a: Alomomola\n|-singleturn|p2a: Alomomola|Protect\n|move|p1a: Gorebyss|Hidden Power|p2a: Alomomola\n|-activate|p2a: Alomomola|move: Protect\n|\n|-damage|p1a: Gorebyss|63/231 tox|[from] psn\n|upkeep\n|turn|10\n|\n|t:|1769521483\n|move|p1a: Gorebyss|Hidden Power|p2a: Alomomola\n|-supereffective|p2a: Alomomola\n|-damage|p2a: Alomomola|1/429\n|move|p2a: Alomomola|Wish|p2a: Alomomola\n|\n|-heal|p2a: Alomomola|27/429|[from] item: Leftovers\n|-damage|p1a: Gorebyss|7/231 tox|[from] psn\n|upkeep\n|turn|11\n|\n|t:|1769521488\n|switch|p1a: Luxray|Luxray, L88, F|284/284\n|move|p2a: Alomomola|Protect||[still]\n|-fail|p2a: Alomomola\n|\n|-heal|p2a: Alomomola|241/429|[from] move: Wish|[wisher] Alomomola\n|-heal|p2a: Alomomola|267/429|[from] item: Leftovers\n|-status|p1a: Luxray|brn|[from] item: Flame Orb\n|upkeep\n|turn|12\n|\n|t:|1769521492\n|switch|p2a: Stunfisk|Stunfisk, L88, F|335/335\n|move|p1a: Luxray|Facade|p2a: Stunfisk\n|-damage|p2a: Stunfisk|148/335\n|\n|-heal|p2a: Stunfisk|168/335|[from] item: Leftovers\n|-damage|p1a: Luxray|267/284 brn|[from] brn\n|upkeep\n|turn|13\n|\n|t:|1769521497\n|move|p1a: Luxray|Facade|p2a: Stunfisk\n|-damage|p2a: Stunfisk|0 fnt\n|faint|p2a: Stunfisk\n|\n|-damage|p1a: Luxray|250/284 brn|[from] brn\n|upkeep\n|\n|t:|1769521502\n|switch|p2a: Clefable|Clefable, L83, M|293/293\n|turn|14\n|\n|t:|1769521523\n|switch|p1a: Gorebyss|Gorebyss, L85, M|7/231 tox\n|move|p2a: Clefable|Stealth Rock|p1a: Gorebyss\n|-sidestart|p1: I am always alone|move: Stealth Rock\n|\n|-damage|p1a: Gorebyss|0 fnt|[from] psn\n|faint|p1a: Gorebyss\n|upkeep\n|\n|t:|1769521527\n|switch|p1a: Silvally|Silvally-Ground, L87|307/307\n|-damage|p1a: Silvally|288/307|[from] Stealth Rock\n|turn|15\n|\n|t:|1769521530\n|move|p1a: Silvally|Defog|p2a: Clefable\n|-unboost|p2a: Clefable|evasion|1\n|-sideend|p1: I am always alone|Stealth Rock|[from] move: Defog|[of] p1a: Silvally\n|move|p2a: Clefable|Moonblast|p1a: Silvally\n|-damage|p1a: Silvally|174/307\n|\n|upkeep\n|turn|16\n|\n|t:|1769521549\n|move|p1a: Silvally|U-turn|p2a: Clefable\n|-resisted|p2a: Clefable\n|-damage|p2a: Clefable|260/293\n|inactive|I am always alone has 120 seconds left.\n|\n|t:|1769521575\n|switch|p1a: Chandelure|Chandelure, L84, F|238/238|[from] U-turn\n|move|p2a: Clefable|Stealth Rock|p1a: Chandelure\n|-sidestart|p1: I am always alone|move: Stealth Rock\n|\n|upkeep\n|turn|17\n|\n|t:|1769521581\n|move|p1a: Chandelure|Substitute|p1a: Chandelure\n|-start|p1a: Chandelure|Substitute\n|-damage|p1a: Chandelure|179/238\n|move|p2a: Clefable|Knock Off|p1a: Chandelure\n|-supereffective|p1a: Chandelure\n|-end|p1a: Chandelure|Substitute\n|\n|-heal|p1a: Chandelure|193/238|[from] item: Leftovers\n|upkeep\n|turn|18\n|\n|t:|1769521585\n|move|p1a: Chandelure|Calm Mind|p1a: Chandelure\n|-boost|p1a: Chandelure|spa|1\n|-boost|p1a: Chandelure|spd|1\n|move|p2a: Clefable|Knock Off|p1a: Chandelure\n|-supereffective|p1a: Chandelure\n|-damage|p1a: Chandelure|47/238\n|-enditem|p1a: Chandelure|Leftovers|[from] move: Knock Off|[of] p2a: Clefable\n|\n|upkeep\n|turn|19\n|\n|t:|1769521590\n|move|p1a: Chandelure|Fire Blast|p2a: Clefable\n|-damage|p2a: Clefable|31/293\n|move|p2a: Clefable|Knock Off|p1a: Chandelure\n|-supereffective|p1a: Chandelure\n|-damage|p1a: Chandelure|0 fnt\n|faint|p1a: Chandelure\n|\n|upkeep\n|\n|t:|1769521599\n|switch|p1a: Silvally|Silvally-Ground, L87|174/307\n|-damage|p1a: Silvally|155/307|[from] Stealth Rock\n|turn|20\n|\n|t:|1769521602\n|move|p1a: Silvally|Multi-Attack|p2a: Clefable\n|-damage|p2a: Clefable|0 fnt\n|faint|p2a: Clefable\n|\n|upkeep\n|\n|t:|1769521607\n|switch|p2a: Aerodactyl|Aerodactyl-Mega, L78, F|253/253\n|turn|21\n|\n|t:|1769521610\n|move|p2a: Aerodactyl|Aerial Ace|p1a: Silvally\n|-damage|p1a: Silvally|76/307\n|move|p1a: Silvally|Defog|p2a: Aerodactyl\n|-unboost|p2a: Aerodactyl|evasion|1\n|-sideend|p1: I am always alone|Stealth Rock|[from] move: Defog|[of] p1a: Silvally\n|\n|upkeep\n|turn|22\n|\n|t:|1769521615\n|move|p2a: Aerodactyl|Aerial Ace|p1a: Silvally\n|-damage|p1a: Silvally|0 fnt\n|faint|p1a: Silvally\n|\n|upkeep\n|\n|t:|1769521616\n|switch|p1a: Luxray|Luxray, L88, F|250/284 brn\n|turn|23\n|\n|t:|1769521620\n|move|p2a: Aerodactyl|Earthquake|p1a: Luxray\n|-supereffective|p1a: Luxray\n|-damage|p1a: Luxray|68/284 brn\n|move|p1a: Luxray|Wild Charge|p2a: Aerodactyl\n|-supereffective|p2a: Aerodactyl\n|-damage|p2a: Aerodactyl|0 fnt\n|faint|p2a: Aerodactyl\n|detailschange|p2: Aerodactyl|Aerodactyl, L78, F|[silent]\n|-damage|p1a: Luxray|5/284 brn|[from] Recoil\n|\n|-damage|p1a: Luxray|0 fnt|[from] brn\n|faint|p1a: Luxray\n|upkeep\n|\n|t:|1769521628\n|switch|p2a: Alomomola|Alomomola, L87, F|410/429\n|switch|p1a: Persian|Persian-Alola, L84, F|246/246\n|turn|24\n|\n|t:|1769521634\n|move|p1a: Persian|Nasty Plot|p1a: Persian\n|-boost|p1a: Persian|spa|2\n|move|p2a: Alomomola|Toxic|p1a: Persian\n|-status|p1a: Persian|tox\n|\n|-heal|p2a: Alomomola|429/429|[from] item: Leftovers\n|-damage|p1a: Persian|231/246 tox|[from] psn\n|upkeep\n|turn|25\n|\n|t:|1769521641\n|move|p2a: Alomomola|Protect|p2a: Alomomola\n|-singleturn|p2a: Alomomola|Protect\n|-zpower|p1a: Persian\n|move|p1a: Persian|Black Hole Eclipse|p2a: Alomomola|[zeffect]\n|-zbroken|p2a: Alomomola\n|-damage|p2a: Alomomola|316/429\n|\n|-heal|p2a: Alomomola|342/429|[from] item: Leftovers\n|-damage|p1a: Persian|201/246 tox|[from] psn\n|upkeep\n|turn|26\n|\n|t:|1769521651\n|move|p1a: Persian|Thunderbolt|p2a: Alomomola\n|-supereffective|p2a: Alomomola\n|-damage|p2a: Alomomola|28/429\n|move|p2a: Alomomola|Wish|p2a: Alomomola\n|\n|-heal|p2a: Alomomola|54/429|[from] item: Leftovers\n|-damage|p1a: Persian|156/246 tox|[from] psn\n|upkeep\n|turn|27\n|\n|t:|1769521664\n|move|p1a: Persian|Nasty Plot|p1a: Persian\n|-boost|p1a: Persian|spa|2\n|move|p2a: Alomomola|Scald|p1a: Persian\n|-damage|p1a: Persian|96/246 tox\n|\n|-heal|p2a: Alomomola|268/429|[from] move: Wish|[wisher] Alomomola\n|-heal|p2a: Alomomola|294/429|[from] item: Leftovers\n|-damage|p1a: Persian|36/246 tox|[from] psn\n|upkeep\n|turn|28\n|\n|t:|1769521673\n|move|p2a: Alomomola|Protect|p2a: Alomomola\n|-singleturn|p2a: Alomomola|Protect\n|move|p1a: Persian|Thunderbolt|p2a: Alomomola\n|-activate|p2a: Alomomola|move: Protect\n|\n|-heal|p2a: Alomomola|320/429|[from] item: Leftovers\n|-damage|p1a: Persian|0 fnt|[from] psn\n|faint|p1a: Persian\n|\n|win|Zovafire\n|raw|I am always alone's rating: 1651 &rarr; <strong>1634</strong><br />(-17 for losing)\n|raw|Zovafire's rating: 1705 &rarr; <strong>1722</strong><br />(+17 for winning)\n|l|☆I am always alone\n|player|p1|\n", "inputlog": ">version b99ff0165a6231f17e8b78c2a78d1998375de664\n>start {\"formatid\":\"gen7randombattle\",\"seed\":\"sodium,d5159a2dd533e1a6cd6c3c5d93be0809\",\"rated\":\"Rated battle\"}\n>player p1 {\"name\":\"I am always alone\",\"avatar\":\"dawn\",\"rating\":1651,\"seed\":\"sodium,b5f262446d6b2b913488627ba5a3c99b\"}\n>player p2 {\"name\":\"Zovafire\",\"avatar\":\"dawn-gen4pt\",\"rating\":1705,\"seed\":\"sodium,f4ea3cdbcacc0a2c37417e89091f66f4\"}\n>p1 move calmmind\n>p2 move discharge\n>p1 move psyshock\n>p2 switch 3\n>p1 move dazzlinggleam\n>p2 move darkpulse\n>p2 switch 5\n>p1 move psyshock\n>p2 move aerialace mega\n>p1 switch 6\n>p1 move shellsmash\n>p2 move aerialace\n>p1 move shellsmash\n>p2 switch 4\n>p1 move hydropump\n>p2 move toxic\n>p1 move hydropump\n>p2 move recover\n>p2 switch 6\n>p1 move hiddenpower\n>p2 move protect\n>p1 move hiddenpower\n>p2 move wish\n>p1 switch 2\n>p2 move protect\n>p1 move facade\n>p2 switch 3\n>p1 move facade\n>p2 move earthpower\n>p2 switch 2\n>p1 switch 2\n>p2 move stealthrock\n>p1 switch 4\n>p1 move defog\n>p2 move moonblast\n>p1 move uturn\n>p2 move stealthrock\n>p1 switch 5\n>p1 move substitute\n>p2 move knockoff\n>p1 move calmmind\n>p2 move knockoff\n>p1 move fireblast\n>p2 move knockoff\n>p1 switch 5\n>p1 move multiattack\n>p2 move softboiled\n>p2 switch 4\n>p1 move defog\n>p2 move aerialace\n>p1 move toxic\n>p2 move aerialace\n>p1 switch 2\n>p1 move wildcharge\n>p2 move earthquake\n>p1 switch 3\n>p2 switch 3\n>p1 move nastyplot\n>p2 move toxic\n>p1 move darkpulse zmove\n>p2 move protect\n>p1 move thunderbolt\n>p2 move wish\n>p1 move nastyplot\n>p2 move scald\n>p1 move thunderbolt\n>p2 move protect", "uploadtime": 1769521683, "views": 175, "formatid": "gen7randombattle", "rating": 1634, "private": 0, "password": null}