{"id": "gen7randombattle-2539410511", "format": "[Gen 7] Random Battle", "players": ["may/gen3", "ieatdoodoo"], "log": "|j|☆may/gen3\n|j|☆ieatdoodoo\n|t:|1771052863\n|gametype|singles\n|player|p1|may/gen3|may|1711\n|player|p2|ieatdoodoo|266|1552\n|gen|7\n|tier|[Gen 7] Random Battle\n|rated|\n|rule|Sleep Clause Mod: Limit one foe put to sleep\n|rule|HP Percentage Mod: HP is shown in percentages\n|rule|Illusion Level Mod: Illusion disguises the Pokémon's true level\n|\n|t:|1771052863\n|teamsize|p1|6\n|teamsize|p2|6\n|start\n|switch|p1a: Minior|Minior-Orange, L79|223/223\n|switch|p2a: Hydreigon|Hydreigon, L82, M|285/285\n|-formechange|p1a: Minior|Minior-Meteor||[from] ability: Shields Down\n|turn|1\n|inactive|Battle timer is ON: inactive players will automatically lose when time's up. (requested by ieatdoodoo)\n|\n|t:|1771052887\n|switch|p1a: Florges|Florges-White, L85, F|271/271\n|move|p2a: Hydreigon|Dark Pulse|p1a: Florges\n|-resisted|p1a: Florges\n|-damage|p1a: Florges|233/271\n|-damage|p2a: Hydreigon|257/285|[from] item: Life Orb\n|\n|-heal|p1a: Florges|249/271|[from] item: Leftovers\n|upkeep\n|turn|2\n|\n|t:|1771052892\n|switch|p2a: Rotom|Rotom-Wash, L83|219/219\n|move|p1a: Florges|Toxic|p2a: Rotom|[miss]\n|-miss|p1a: Florges|p2a: Rotom\n|\n|-heal|p1a: Florges|265/271|[from] item: Leftovers\n|upkeep\n|turn|3\n|\n|t:|1771052896\n|move|p1a: Florges|Protect|p1a: Florges\n|-singleturn|p1a: Florges|Protect\n|move|p2a: Rotom|Trick|p1a: Florges\n|-activate|p1a: Florges|move: Protect\n|\n|-heal|p1a: Florges|271/271|[from] item: Leftovers\n|upkeep\n|turn|4\n|\n|t:|1771052904\n|switch|p1a: Hitmontop|Hitmontop, L90, M|236/236\n|-ability|p1a: Hitmontop|Intimidate|boost\n|-unboost|p2a: Rotom|atk|1\n|move|p2a: Rotom|Trick|p1a: Hitmontop\n|-activate|p2a: Rotom|move: Trick|[of] p1a: Hitmontop\n|-item|p1a: Hitmontop|Choice Scarf|[from] move: Trick\n|-item|p2a: Rotom|Choice Band|[from] move: Trick\n|\n|upkeep\n|turn|5\n|\n|t:|1771052929\n|switch|p1a: Arceus|Arceus-Dragon, L72|292/292\n|move|p2a: Rotom|Volt Switch|p1a: Arceus\n|-resisted|p1a: Arceus\n|-damage|p1a: Arceus|256/292\n|\n|t:|1771052944\n|switch|p2a: Stantler|Stantler, L92, M|284/284|[from] Volt Switch\n|-ability|p2a: Stantler|Intimidate|boost\n|-unboost|p1a: Arceus|atk|1\n|\n|upkeep\n|turn|6\n|\n|t:|1771052952\n|move|p1a: Arceus|Judgment|p2a: Stantler\n|-damage|p2a: Stantler|148/284\n|move|p2a: Stantler|Double-Edge|p1a: Arceus\n|-damage|p1a: Arceus|40/292\n|-damage|p2a: Stantler|77/284|[from] Recoil\n|\n|upkeep\n|turn|7\n|inactive|ieatdoodoo has 120 seconds left.\n|\n|t:|1771052973\n|switch|p2a: Rotom|Rotom-Wash, L83|219/219\n|move|p1a: Arceus|Judgment|p2a: Rotom\n|-damage|p2a: Rotom|128/219\n|\n|upkeep\n|turn|8\n|\n|t:|1771052982\n|move|p1a: Arceus|Recover|p1a: Arceus\n|-heal|p1a: Arceus|186/292\n|move|p2a: Rotom|Thunderbolt|p1a: Arceus\n|-resisted|p1a: Arceus\n|-damage|p1a: Arceus|140/292\n|\n|upkeep\n|turn|9\n|\n|t:|1771052990\n|move|p1a: Arceus|Recover|p1a: Arceus\n|-heal|p1a: Arceus|286/292\n|move|p2a: Rotom|Thunderbolt|p1a: Arceus\n|-resisted|p1a: Arceus\n|-damage|p1a: Arceus|237/292\n|\n|upkeep\n|turn|10\n|\n|t:|1771052993\n|move|p1a: Arceus|Judgment|p2a: Rotom\n|-damage|p2a: Rotom|35/219\n|move|p2a: Rotom|Thunderbolt|p1a: Arceus\n|-resisted|p1a: Arceus\n|-damage|p1a: Arceus|194/292\n|-status|p1a: Arceus|par\n|\n|upkeep\n|turn|11\n|\n|t:|1771052996\n|move|p2a: Rotom|Thunderbolt|p1a: Arceus\n|-resisted|p1a: Arceus\n|-damage|p1a: Arceus|146/292 par\n|cant|p1a: Arceus|par\n|\n|upkeep\n|turn|12\n|\n|t:|1771053000\n|move|p2a: Rotom|Thunderbolt|p1a: Arceus\n|-resisted|p1a: Arceus\n|-damage|p1a: Arceus|103/292 par\n|move|p1a: Arceus|Judgment|p2a: Rotom\n|-damage|p2a: Rotom|0 fnt\n|faint|p2a: Rotom\n|\n|upkeep\n|\n|t:|1771053003\n|switch|p2a: Stantler|Stantler, L92, M|77/284\n|-ability|p2a: Stantler|Intimidate|boost\n|-unboost|p1a: Arceus|atk|1\n|turn|13\n|\n|t:|1771053010\n|move|p2a: Stantler|Double-Edge|p1a: Arceus\n|-damage|p1a: Arceus|0 fnt\n|faint|p1a: Arceus\n|-damage|p2a: Stantler|43/284|[from] Recoil\n|\n|upkeep\n|\n|t:|1771053018\n|switch|p1a: Wailord|Wailord, L94, M|471/471\n|turn|14\n|\n|t:|1771053029\n|move|p1a: Wailord|Ice Beam|p2a: Stantler\n|-damage|p2a: Stantler|0 fnt\n|faint|p2a: Stantler\n|\n|upkeep\n|\n|t:|1771053044\n|switch|p2a: Rapidash|Rapidash, L87, F|255/255\n|turn|15\n|\n|t:|1771053055\n|switch|p1a: Hitmontop|Hitmontop, L90, M|236/236\n|-ability|p1a: Hitmontop|Intimidate|boost\n|-unboost|p2a: Rapidash|atk|1\n|move|p2a: Rapidash|Megahorn|p1a: Hitmontop\n|-resisted|p1a: Hitmontop\n|-damage|p1a: Hitmontop|204/236\n|-damage|p2a: Rapidash|230/255|[from] item: Life Orb\n|\n|upkeep\n|turn|16\n|\n|t:|1771053066\n|switch|p2a: Kartana|Kartana, L74|209/209\n|move|p1a: Hitmontop|Stone Edge|p2a: Kartana\n|-resisted|p2a: Kartana\n|-damage|p2a: Kartana|176/209\n|\n|upkeep\n|turn|17\n|\n|t:|1771053086\n|switch|p1a: Vaporeon|Vaporeon, L86, F|364/364\n|move|p2a: Kartana|Knock Off|p1a: Vaporeon\n|-damage|p1a: Vaporeon|217/364\n|-enditem|p1a: Vaporeon|Leftovers|[from] move: Knock Off|[of] p2a: Kartana\n|-damage|p2a: Kartana|156/209|[from] item: Life Orb\n|\n|upkeep\n|turn|18\n|\n|t:|1771053094\n|move|p2a: Kartana|Leaf Blade|p1a: Vaporeon\n|-supereffective|p1a: Vaporeon\n|-crit|p1a: Vaporeon\n|-damage|p1a: Vaporeon|0 fnt\n|faint|p1a: Vaporeon\n|-ability|p2a: Kartana|Beast Boost|boost\n|-boost|p2a: Kartana|atk|1\n|-damage|p2a: Kartana|136/209|[from] item: Life Orb\n|\n|upkeep\n|\n|t:|1771053096\n|switch|p1a: Hitmontop|Hitmontop, L90, M|204/236\n|-ability|p1a: Hitmontop|Intimidate|boost\n|-unboost|p2a: Kartana|atk|1\n|turn|19\n|\n|t:|1771053106\n|switch|p2a: Aerodactyl|Aerodactyl, L78, F|253/253\n|-ability|p2a: Aerodactyl|Unnerve\n|move|p1a: Hitmontop|Close Combat|p2a: Aerodactyl\n|-damage|p2a: Aerodactyl|67/253\n|-unboost|p1a: Hitmontop|def|1\n|-unboost|p1a: Hitmontop|spd|1\n|\n|upkeep\n|turn|20\n|\n|t:|1771053122\n|switch|p1a: Wailord|Wailord, L94, M|471/471\n|detailschange|p2a: Aerodactyl|Aerodactyl-Mega, L78, F\n|-mega|p2a: Aerodactyl|Aerodactyl|Aerodactylite\n|move|p2a: Aerodactyl|Aerial Ace|p1a: Wailord\n|-damage|p1a: Wailord|333/471\n|\n|upkeep\n|turn|21\n|\n|t:|1771053135\n|move|p2a: Aerodactyl|Stone Edge|p1a: Wailord\n|-damage|p1a: Wailord|158/471\n|move|p1a: Wailord|Hydro Pump|p2a: Aerodactyl|[miss]\n|-miss|p1a: Wailord|p2a: Aerodactyl\n|\n|upkeep\n|turn|22\n|\n|t:|1771053142\n|move|p2a: Aerodactyl|Stone Edge|p1a: Wailord\n|-damage|p1a: Wailord|0 fnt\n|faint|p1a: Wailord\n|\n|upkeep\n|\n|t:|1771053144\n|switch|p1a: Florges|Florges-White, L85, F|271/271\n|turn|23\n|\n|t:|1771053156\n|move|p2a: Aerodactyl|Aerial Ace|p1a: Florges\n|-damage|p1a: Florges|159/271\n|move|p1a: Florges|Moonblast|p2a: Aerodactyl\n|-damage|p2a: Aerodactyl|0 fnt\n|faint|p2a: Aerodactyl\n|detailschange|p2: Aerodactyl|Aerodactyl, L78, F|[silent]\n|\n|-heal|p1a: Florges|175/271|[from] item: Leftovers\n|upkeep\n|\n|t:|1771053163\n|switch|p2a: Kartana|Kartana, L74|136/209\n|turn|24\n|\n|t:|1771053173\n|switch|p1a: Hitmontop|Hitmontop, L90, M|204/236\n|-ability|p1a: Hitmontop|Intimidate|boost\n|-unboost|p2a: Kartana|atk|1\n|move|p2a: Kartana|Leaf Blade|p1a: Hitmontop\n|-damage|p1a: Hitmontop|114/236\n|-damage|p2a: Kartana|116/209|[from] item: Life Orb\n|\n|upkeep\n|turn|25\n|\n|t:|1771053180\n|move|p1a: Hitmontop|Close Combat|p2a: Kartana\n|-supereffective|p2a: Kartana\n|-damage|p2a: Kartana|0 fnt\n|-unboost|p1a: Hitmontop|def|1\n|-unboost|p1a: Hitmontop|spd|1\n|faint|p2a: Kartana\n|\n|upkeep\n|\n|t:|1771053194\n|switch|p2a: Rapidash|Rapidash, L87, F|230/255\n|turn|26\n|\n|t:|1771053202\n|switch|p1a: Florges|Florges-White, L85, F|175/271\n|move|p2a: Rapidash|Flare Blitz|p1a: Florges\n|-damage|p1a: Florges|0 fnt\n|faint|p1a: Florges\n|-damage|p2a: Rapidash|172/255|[from] Recoil\n|-damage|p2a: Rapidash|147/255|[from] item: Life Orb\n|\n|upkeep\n|\n|t:|1771053205\n|switch|p1a: Hitmontop|Hitmontop, L90, M|114/236\n|-ability|p1a: Hitmontop|Intimidate|boost\n|-unboost|p2a: Rapidash|atk|1\n|turn|27\n|\n|t:|1771053214\n|move|p1a: Hitmontop|Close Combat|p2a: Rapidash\n|-damage|p2a: Rapidash|0 fnt\n|-unboost|p1a: Hitmontop|def|1\n|-unboost|p1a: Hitmontop|spd|1\n|faint|p2a: Rapidash\n|\n|upkeep\n|\n|t:|1771053218\n|switch|p2a: Hydreigon|Hydreigon, L82, M|257/285\n|turn|28\n|\n|t:|1771053222\n|move|p1a: Hitmontop|Close Combat|p2a: Hydreigon\n|-supereffective|p2a: Hydreigon\n|-damage|p2a: Hydreigon|0 fnt\n|-unboost|p1a: Hitmontop|def|1\n|-unboost|p1a: Hitmontop|spd|1\n|faint|p2a: Hydreigon\n|\n|win|may/gen3\n|raw|may&#x2f;gen3's rating: 1711 &rarr; <strong>1722</strong><br />(+11 for winning)\n|raw|ieatdoodoo's rating: 1552 &rarr; <strong>1541</strong><br />(-11 for losing)\n|l|☆ieatdoodoo\n|player|p2|\n", "inputlog": ">version ccdc32dd7cde25fd9e4bed64820e885f66e78a4e\n>start {\"formatid\":\"gen7randombattle\",\"seed\":\"sodium,32fd9df7870bbfe920d235cab6b27b05\",\"rated\":\"Rated battle\"}\n>player p1 {\"name\":\"may/gen3\",\"avatar\":\"may\",\"rating\":1711,\"seed\":\"sodium,04a4a9ce86fbc84c444f9ce39b52d58b\"}\n>player p2 {\"name\":\"ieatdoodoo\",\"avatar\":\"266\",\"rating\":1552,\"seed\":\"sodium,bd4ab4ed6ee0bbed114376180a7e3e6a\"}\n>p1 switch 6\n>p2 move darkpulse\n>p1 move toxic\n>p2 switch 4\n>p1 move protect\n>p2 move trick\n>p1 switch 2\n>p2 move trick\n>p1 switch 4\n>p2 move voltswitch\n>p2 switch 2\n>p1 move judgment\n>p2 move doubleedge\n>p1 move judgment\n>p2 switch 2\n>p1 move recover\n>p2 move thunderbolt\n>p1 move recover\n>p2 move thunderbolt\n>p1 move judgment\n>p2 move thunderbolt\n>p1 move judgment\n>p2 move thunderbolt\n>p1 move judgment\n>p2 move thunderbolt\n>p2 switch 2\n>p1 move judgment\n>p2 move doubleedge\n>p1 switch 3\n>p1 move icebeam\n>p2 move doubleedge\n>p2 switch 6\n>p1 switch 4\n>p2 move megahorn\n>p1 move stoneedge\n>p2 switch 3\n>p1 switch 5\n>p2 move knockoff\n>p1 move scald\n>p2 move leafblade\n>p1 switch 5\n>p1 move closecombat\n>p2 switch 5\n>p1 switch 4\n>p2 move aerialace mega\n>p1 move hydropump\n>p2 move stoneedge\n>p1 move hydropump\n>p2 move stoneedge\n>p1 switch 2\n>p1 move moonblast\n>p2 move aerialace\n>p2 switch 5\n>p1 switch 4\n>p2 move leafblade\n>p1 move closecombat\n>p2 move leafblade\n>p2 switch 3\n>p1 switch 4\n>p2 move flareblitz\n>p1 switch 4\n>p1 move closecombat\n>p2 move morningsun\n>p2 switch 4\n>p1 move closecombat\n>p2 move earthpower", "uploadtime": 1771053233, "views": 152, "formatid": "gen7randombattle", "rating": 1541, "private": 0, "password": null}