{"id": "gen7randombattle-2530731968", "format": "[Gen 7] Random Battle", "players": ["UnnervingGang", "katrinstudiooo"], "log": "|j|☆UnnervingGang\n|j|☆katrinstudiooo\n|t:|1769966255\n|gametype|singles\n|player|p1|UnnervingGang|silver|1584\n|player|p2|katrinstudiooo|2|1608\n|gen|7\n|tier|[Gen 7] Random Battle\n|rated|\n|rule|Sleep Clause Mod: Limit one foe put to sleep\n|rule|HP Percentage Mod: HP is shown in percentages\n|rule|Illusion Level Mod: Illusion disguises the Pokémon's true level\n|\n|t:|1769966255\n|teamsize|p1|6\n|teamsize|p2|6\n|start\n|switch|p1a: Comfey|Comfey, L87, F|230/230\n|switch|p2a: Ribombee|Ribombee, L84, F|238/238\n|turn|1\n|\n|t:|1769966283\n|switch|p1a: Talonflame|Talonflame, L82, F|261/261\n|move|p2a: Ribombee|Sticky Web|p1a: Talonflame\n|-sidestart|p1: UnnervingGang|move: Sticky Web\n|\n|upkeep\n|turn|2\n|\n|t:|1769966295\n|move|p2a: Ribombee|U-turn|p1a: Talonflame\n|-resisted|p1a: Talonflame\n|-damage|p1a: Talonflame|247/261\n|\n|t:|1769966303\n|switch|p2a: Kecleon|Kecleon, L90, M|254/254|[from] U-turn\n|move|p1a: Talonflame|Will-O-Wisp|p2a: Kecleon|[miss]\n|-miss|p1a: Talonflame|p2a: Kecleon\n|\n|-heal|p1a: Talonflame|261/261|[from] item: Leftovers\n|upkeep\n|turn|3\n|\n|t:|1769966320\n|move|p1a: Talonflame|Will-O-Wisp|p2a: Kecleon|[miss]\n|-miss|p1a: Talonflame|p2a: Kecleon\n|move|p2a: Kecleon|Thunder Wave|p1a: Talonflame\n|-start|p2a: Kecleon|typechange|Electric|[from] ability: Protean\n|-status|p1a: Talonflame|par\n|\n|upkeep\n|turn|4\n|\n|t:|1769966332\n|switch|p2a: Throh|Throh, L89, M|358/358\n|move|p1a: Talonflame|Will-O-Wisp|p2a: Throh\n|-status|p2a: Throh|brn\n|\n|-damage|p2a: Throh|336/358 brn|[from] brn\n|upkeep\n|turn|5\n|\n|t:|1769966345\n|switch|p1a: Granbull|Granbull, L89, F|305/305\n|-activate|p1a: Granbull|move: Sticky Web\n|-unboost|p1a: Granbull|spe|1\n|-ability|p1a: Granbull|Intimidate|boost\n|-unboost|p2a: Throh|atk|1\n|move|p2a: Throh|Facade|p1a: Granbull\n|-crit|p1a: Granbull\n|-damage|p1a: Granbull|22/305\n|\n|-heal|p1a: Granbull|41/305|[from] item: Leftovers\n|-damage|p2a: Throh|314/358 brn|[from] brn\n|upkeep\n|turn|6\n|\n|t:|1769966358\n|move|p2a: Throh|Facade|p1a: Granbull\n|-crit|p1a: Granbull\n|-damage|p1a: Granbull|0 fnt\n|faint|p1a: Granbull\n|\n|-damage|p2a: Throh|292/358 brn|[from] brn\n|upkeep\n|\n|t:|1769966371\n|switch|p1a: Comfey|Comfey, L87, F|230/230\n|-activate|p1a: Comfey|move: Sticky Web\n|-unboost|p1a: Comfey|spe|1\n|turn|7\n|\n|t:|1769966381\n|switch|p2a: Garbodor|Garbodor, L88, M|284/284\n|move|p1a: Comfey|Calm Mind|p1a: Comfey\n|-boost|p1a: Comfey|spa|1\n|-boost|p1a: Comfey|spd|1\n|\n|upkeep\n|turn|8\n|\n|t:|1769966393\n|switch|p1a: Drampa|Drampa, L91, M|290/290\n|-activate|p1a: Drampa|move: Sticky Web\n|-unboost|p1a: Drampa|spe|1\n|move|p2a: Garbodor|Gunk Shot|p1a: Drampa\n|-damage|p1a: Drampa|158/290\n|\n|upkeep\n|turn|9\n|\n|t:|1769966405\n|switch|p2a: Ribombee|Ribombee, L84, F|238/238\n|move|p1a: Drampa|Hyper Voice|p2a: Ribombee\n|-enditem|p2a: Ribombee|Focus Sash\n|-damage|p2a: Ribombee|1/238\n|\n|upkeep\n|turn|10\n|\n|t:|1769966417\n|switch|p1a: Talonflame|Talonflame, L82, F|261/261 par\n|move|p2a: Ribombee|Moonblast|p1a: Talonflame\n|-resisted|p1a: Talonflame\n|-damage|p1a: Talonflame|197/261 par\n|\n|-heal|p1a: Talonflame|213/261 par|[from] item: Leftovers\n|upkeep\n|turn|11\n|\n|t:|1769966423\n|move|p2a: Ribombee|U-turn|p1a: Talonflame\n|-resisted|p1a: Talonflame\n|-damage|p1a: Talonflame|197/261 par\n|-status|p2a: Ribombee|brn|[from] ability: Flame Body|[of] p1a: Talonflame\n|\n|t:|1769966435\n|switch|p2a: Garbodor|Garbodor, L88, M|284/284|[from] U-turn\n|move|p1a: Talonflame|Roost|p1a: Talonflame\n|-heal|p1a: Talonflame|261/261 par\n|-singleturn|p1a: Talonflame|move: Roost\n|\n|upkeep\n|turn|12\n|\n|t:|1769966440\n|move|p2a: Garbodor|Gunk Shot|p1a: Talonflame\n|-damage|p1a: Talonflame|99/261 par\n|move|p1a: Talonflame|Will-O-Wisp|p2a: Garbodor\n|-status|p2a: Garbodor|brn\n|\n|-heal|p1a: Talonflame|115/261 par|[from] item: Leftovers\n|-damage|p2a: Garbodor|267/284 brn|[from] brn\n|upkeep\n|turn|13\n|\n|t:|1769966452\n|switch|p2a: Throh|Throh, L89, M|292/358 brn\n|move|p1a: Talonflame|Roost|p1a: Talonflame\n|-heal|p1a: Talonflame|246/261 par\n|-singleturn|p1a: Talonflame|move: Roost\n|\n|-heal|p1a: Talonflame|261/261 par|[from] item: Leftovers\n|-damage|p2a: Throh|270/358 brn|[from] brn\n|upkeep\n|turn|14\n|\n|t:|1769966463\n|switch|p1a: Drampa|Drampa, L91, M|158/290\n|-activate|p1a: Drampa|move: Sticky Web\n|-unboost|p1a: Drampa|spe|1\n|move|p2a: Throh|Bulk Up|p2a: Throh\n|-boost|p2a: Throh|atk|1\n|-boost|p2a: Throh|def|1\n|\n|-damage|p2a: Throh|248/358 brn|[from] brn\n|upkeep\n|turn|15\n|\n|t:|1769966469\n|move|p2a: Throh|Facade|p1a: Drampa\n|-damage|p1a: Drampa|0 fnt\n|faint|p1a: Drampa\n|\n|-damage|p2a: Throh|226/358 brn|[from] brn\n|upkeep\n|\n|t:|1769966474\n|switch|p1a: Comfey|Comfey, L87, F|230/230\n|-activate|p1a: Comfey|move: Sticky Web\n|-unboost|p1a: Comfey|spe|1\n|turn|16\n|\n|t:|1769966480\n|move|p1a: Comfey|Draining Kiss|p2a: Throh\n|-supereffective|p2a: Throh\n|-damage|p2a: Throh|128/358 brn\n|move|p2a: Throh|Facade|p1a: Comfey\n|-damage|p1a: Comfey|0 fnt\n|faint|p1a: Comfey\n|\n|-damage|p2a: Throh|106/358 brn|[from] brn\n|upkeep\n|\n|t:|1769966487\n|switch|p1a: Arceus|Arceus-Dark, L72|292/292\n|-activate|p1a: Arceus|move: Sticky Web\n|-unboost|p1a: Arceus|spe|1\n|turn|17\n|\n|t:|1769966494\n|move|p1a: Arceus|Fire Blast|p2a: Throh\n|-damage|p2a: Throh|45/358 brn\n|move|p2a: Throh|Facade|p1a: Arceus\n|-damage|p1a: Arceus|71/292\n|\n|-damage|p2a: Throh|23/358 brn|[from] brn\n|upkeep\n|turn|18\n|\n|t:|1769966505\n|switch|p2a: Miltank|Miltank, L85, F|300/300\n|move|p1a: Arceus|Sludge Bomb|p2a: Miltank\n|-damage|p2a: Miltank|233/300\n|\n|-heal|p2a: Miltank|251/300|[from] item: Leftovers\n|upkeep\n|turn|19\n|\n|t:|1769966513\n|move|p2a: Miltank|Body Slam|p1a: Arceus\n|-damage|p1a: Arceus|4/292\n|move|p1a: Arceus|Recover|p1a: Arceus\n|-heal|p1a: Arceus|150/292\n|\n|-heal|p2a: Miltank|269/300|[from] item: Leftovers\n|upkeep\n|turn|20\n|\n|t:|1769966520\n|move|p2a: Miltank|Toxic|p1a: Arceus\n|-status|p1a: Arceus|tox\n|move|p1a: Arceus|Recover|p1a: Arceus\n|-heal|p1a: Arceus|292/292 tox\n|\n|-heal|p2a: Miltank|287/300|[from] item: Leftovers\n|-damage|p1a: Arceus|274/292 tox|[from] psn\n|upkeep\n|turn|21\n|inactive|Battle timer is ON: inactive players will automatically lose when time's up. (requested by katrinstudiooo)\n|\n|t:|1769966529\n|switch|p2a: Kecleon|Kecleon, L90, M|254/254\n|switch|p1a: Talonflame|Talonflame, L82, F|261/261 par\n|\n|upkeep\n|turn|22\n|\n|t:|1769966541\n|cant|p1a: Talonflame|par\n|move|p2a: Kecleon|Knock Off|p1a: Talonflame\n|-start|p2a: Kecleon|typechange|Dark|[from] ability: Protean\n|-damage|p1a: Talonflame|116/261 par\n|-enditem|p1a: Talonflame|Leftovers|[from] move: Knock Off|[of] p2a: Kecleon\n|\n|upkeep\n|turn|23\n|\n|t:|1769966551\n|switch|p2a: Garbodor|Garbodor, L88, M|267/284 brn\n|move|p1a: Talonflame|Roost|p1a: Talonflame\n|-heal|p1a: Talonflame|247/261 par\n|-singleturn|p1a: Talonflame|move: Roost\n|\n|-heal|p2a: Garbodor|284/284 brn|[from] item: Black Sludge\n|-damage|p2a: Garbodor|267/284 brn|[from] brn\n|upkeep\n|turn|24\n|\n|t:|1769966566\n|move|p2a: Garbodor|Gunk Shot|p1a: Talonflame\n|-damage|p1a: Talonflame|160/261 par\n|move|p1a: Talonflame|Overheat|p2a: Garbodor|[miss]\n|-miss|p1a: Talonflame|p2a: Garbodor\n|\n|-heal|p2a: Garbodor|284/284 brn|[from] item: Black Sludge\n|-damage|p2a: Garbodor|267/284 brn|[from] brn\n|upkeep\n|turn|25\n|\n|t:|1769966575\n|move|p2a: Garbodor|Gunk Shot|p1a: Talonflame\n|-damage|p1a: Talonflame|85/261 par\n|move|p1a: Talonflame|Roost|p1a: Talonflame\n|-heal|p1a: Talonflame|216/261 par\n|-singleturn|p1a: Talonflame|move: Roost\n|\n|-heal|p2a: Garbodor|284/284 brn|[from] item: Black Sludge\n|-damage|p2a: Garbodor|267/284 brn|[from] brn\n|upkeep\n|turn|26\n|\n|t:|1769966584\n|move|p2a: Garbodor|Stomping Tantrum|p1a: Talonflame\n|-immune|p1a: Talonflame\n|move|p1a: Talonflame|Roost|p1a: Talonflame\n|-heal|p1a: Talonflame|261/261 par\n|-singleturn|p1a: Talonflame|move: Roost\n|\n|-heal|p2a: Garbodor|284/284 brn|[from] item: Black Sludge\n|-damage|p2a: Garbodor|267/284 brn|[from] brn\n|upkeep\n|turn|27\n|\n|t:|1769966590\n|move|p2a: Garbodor|Stomping Tantrum|p1a: Talonflame\n|-immune|p1a: Talonflame\n|move|p1a: Talonflame|Overheat|p2a: Garbodor\n|-damage|p2a: Garbodor|164/284 brn\n|-unboost|p1a: Talonflame|spa|2\n|\n|-heal|p2a: Garbodor|181/284 brn|[from] item: Black Sludge\n|-damage|p2a: Garbodor|164/284 brn|[from] brn\n|upkeep\n|turn|28\n|\n|t:|1769966597\n|move|p2a: Garbodor|Stomping Tantrum|p1a: Talonflame\n|-immune|p1a: Talonflame\n|move|p1a: Talonflame|Overheat|p2a: Garbodor\n|-damage|p2a: Garbodor|107/284 brn\n|-unboost|p1a: Talonflame|spa|2\n|\n|-heal|p2a: Garbodor|124/284 brn|[from] item: Black Sludge\n|-damage|p2a: Garbodor|107/284 brn|[from] brn\n|upkeep\n|turn|29\n|\n|t:|1769966615\n|move|p2a: Garbodor|Gunk Shot|p1a: Talonflame\n|-damage|p1a: Talonflame|178/261 par\n|move|p1a: Talonflame|Overheat|p2a: Garbodor\n|-crit|p2a: Garbodor\n|-damage|p2a: Garbodor|0 fnt\n|-unboost|p1a: Talonflame|spa|2\n|faint|p2a: Garbodor\n|\n|upkeep\n|\n|t:|1769966623\n|switch|p2a: Rayquaza|Rayquaza, L66|248/248\n|-ability|p2a: Rayquaza|Air Lock\n|turn|30\n|\n|t:|1769966631\n|detailschange|p2a: Rayquaza|Rayquaza-Mega, L66\n|-mega|p2a: Rayquaza|Rayquaza|\n|-weather|DeltaStream|[from] ability: Delta Stream|[of] p2a: Rayquaza\n|move|p2a: Rayquaza|Dragon Ascent|p1a: Talonflame\n|-damage|p1a: Talonflame|0 fnt\n|-unboost|p2a: Rayquaza|def|1\n|-unboost|p2a: Rayquaza|spd|1\n|-status|p2a: Rayquaza|brn|[from] ability: Flame Body|[of] p1a: Talonflame\n|faint|p1a: Talonflame\n|-damage|p2a: Rayquaza|224/248 brn|[from] item: Life Orb\n|\n|-weather|DeltaStream|[upkeep]\n|-damage|p2a: Rayquaza|209/248 brn|[from] brn\n|upkeep\n|\n|t:|1769966655\n|switch|p1a: Dunsparce|Dunsparce, L95, M|344/344\n|-activate|p1a: Dunsparce|move: Sticky Web\n|-unboost|p1a: Dunsparce|spe|1\n|turn|31\n|\n|t:|1769966663\n|-weather|none\n|switch|p2a: Miltank|Miltank, L85, F|287/300\n|move|p1a: Dunsparce|Coil|p1a: Dunsparce\n|-boost|p1a: Dunsparce|atk|1\n|-boost|p1a: Dunsparce|def|1\n|-boost|p1a: Dunsparce|accuracy|1\n|\n|-heal|p2a: Miltank|300/300|[from] item: Leftovers\n|upkeep\n|turn|32\n|\n|t:|1769966676\n|switch|p1a: Arceus|Arceus-Dark, L72|274/292 tox\n|-activate|p1a: Arceus|move: Sticky Web\n|-unboost|p1a: Arceus|spe|1\n|move|p2a: Miltank|Toxic|p1a: Arceus\n|-fail|p1a: Arceus|tox\n|\n|-damage|p1a: Arceus|256/292 tox|[from] psn\n|upkeep\n|turn|33\n|\n|t:|1769966689\n|switch|p2a: Kecleon|Kecleon, L90, M|254/254\n|move|p1a: Arceus|Judgment|p2a: Kecleon\n|-damage|p2a: Kecleon|169/254\n|\n|-heal|p2a: Kecleon|184/254|[from] item: Leftovers\n|-damage|p1a: Arceus|220/292 tox|[from] psn\n|upkeep\n|turn|34\n|\n|t:|1769966702\n|move|p1a: Arceus|Judgment|p2a: Kecleon\n|-damage|p2a: Kecleon|97/254\n|move|p2a: Kecleon|Drain Punch|p1a: Arceus\n|-start|p2a: Kecleon|typechange|Fighting|[from] ability: Protean\n|-supereffective|p1a: Arceus\n|-damage|p1a: Arceus|56/292 tox\n|-heal|p2a: Kecleon|179/254|[from] drain|[of] p1a: Arceus\n|\n|-heal|p2a: Kecleon|194/254|[from] item: Leftovers\n|-damage|p1a: Arceus|2/292 tox|[from] psn\n|upkeep\n|turn|35\n|\n|t:|1769966708\n|move|p1a: Arceus|Fire Blast|p2a: Kecleon|[miss]\n|-miss|p1a: Arceus|p2a: Kecleon\n|move|p2a: Kecleon|Drain Punch|p1a: Arceus\n|-supereffective|p1a: Arceus\n|-damage|p1a: Arceus|0 fnt\n|-heal|p2a: Kecleon|195/254|[from] drain|[of] p1a: Arceus\n|faint|p1a: Arceus\n|\n|-heal|p2a: Kecleon|210/254|[from] item: Leftovers\n|upkeep\n|\n|t:|1769966711\n|switch|p1a: Dunsparce|Dunsparce, L95, M|344/344\n|-activate|p1a: Dunsparce|move: Sticky Web\n|-unboost|p1a: Dunsparce|spe|1\n|turn|36\n|\n|t:|1769966717\n|move|p2a: Kecleon|Knock Off|p1a: Dunsparce\n|-start|p2a: Kecleon|typechange|Dark|[from] ability: Protean\n|-damage|p1a: Dunsparce|226/344\n|-enditem|p1a: Dunsparce|Leftovers|[from] move: Knock Off|[of] p2a: Kecleon\n|move|p1a: Dunsparce|Body Slam|p2a: Kecleon\n|-damage|p2a: Kecleon|117/254\n|-status|p2a: Kecleon|par\n|\n|-heal|p2a: Kecleon|132/254 par|[from] item: Leftovers\n|upkeep\n|turn|37\n|\n|t:|1769966725\n|move|p1a: Dunsparce|Coil|p1a: Dunsparce\n|-boost|p1a: Dunsparce|atk|1\n|-boost|p1a: Dunsparce|def|1\n|-boost|p1a: Dunsparce|accuracy|1\n|move|p2a: Kecleon|Drain Punch|p1a: Dunsparce\n|-start|p2a: Kecleon|typechange|Fighting|[from] ability: Protean\n|-supereffective|p1a: Dunsparce\n|-damage|p1a: Dunsparce|106/344\n|-heal|p2a: Kecleon|192/254 par|[from] drain|[of] p1a: Dunsparce\n|\n|-heal|p2a: Kecleon|207/254 par|[from] item: Leftovers\n|upkeep\n|turn|38\n|\n|t:|1769966735\n|move|p1a: Dunsparce|Roost|p1a: Dunsparce\n|-heal|p1a: Dunsparce|278/344\n|-singleturn|p1a: Dunsparce|move: Roost\n|move|p2a: Kecleon|Drain Punch|p1a: Dunsparce\n|-supereffective|p1a: Dunsparce\n|-damage|p1a: Dunsparce|150/344\n|-heal|p2a: Kecleon|254/254 par|[from] drain|[of] p1a: Dunsparce\n|\n|upkeep\n|turn|39\n|\n|t:|1769966738\n|move|p1a: Dunsparce|Roost|p1a: Dunsparce\n|-heal|p1a: Dunsparce|322/344\n|-singleturn|p1a: Dunsparce|move: Roost\n|move|p2a: Kecleon|Thunder Wave|p1a: Dunsparce\n|-start|p2a: Kecleon|typechange|Electric|[from] ability: Protean\n|-status|p1a: Dunsparce|par\n|\n|upkeep\n|turn|40\n|\n|t:|1769966744\n|switch|p2a: Throh|Throh, L89, M|23/358 brn\n|move|p1a: Dunsparce|Coil|p1a: Dunsparce\n|-boost|p1a: Dunsparce|atk|1\n|-boost|p1a: Dunsparce|def|1\n|-boost|p1a: Dunsparce|accuracy|1\n|\n|-damage|p2a: Throh|1/358 brn|[from] brn\n|upkeep\n|turn|41\n|\n|t:|1769966752\n|move|p2a: Throh|Facade|p1a: Dunsparce\n|-damage|p1a: Dunsparce|231/344 par\n|move|p1a: Dunsparce|Roost|p1a: Dunsparce\n|-heal|p1a: Dunsparce|344/344 par\n|-singleturn|p1a: Dunsparce|move: Roost\n|\n|-damage|p2a: Throh|0 fnt|[from] brn\n|faint|p2a: Throh\n|upkeep\n|\n|t:|1769966757\n|switch|p2a: Ribombee|Ribombee, L84, F|1/238 brn\n|turn|42\n|c|☆UnnervingGang|You are suffering and struggling waaaaaaay to much with this\n|inactive|UnnervingGang has 120 seconds left.\n|\n|t:|1769966802\n|move|p2a: Ribombee|Aromatherapy|p2a: Ribombee\n|-activate|p2a: Ribombee|move: Aromatherapy\n|-curestatus|p2a: Ribombee|brn|[msg]\n|-curestatus|p2: Kecleon|par|[msg]\n|-curestatus|p2: Rayquaza|brn|[msg]\n|move|p1a: Dunsparce|Roost||[still]\n|-fail|p1a: Dunsparce|heal\n|\n|upkeep\n|turn|43\n|\n|t:|1769966816\n|move|p2a: Ribombee|Moonblast|p1a: Dunsparce\n|-damage|p1a: Dunsparce|239/344 par\n|cant|p1a: Dunsparce|par\n|\n|upkeep\n|turn|44\n|\n|t:|1769966822\n|switch|p2a: Kecleon|Kecleon, L90, M|254/254\n|move|p1a: Dunsparce|Roost|p1a: Dunsparce\n|-heal|p1a: Dunsparce|344/344 par\n|-singleturn|p1a: Dunsparce|move: Roost\n|\n|upkeep\n|turn|45\n|\n|t:|1769966827\n|move|p2a: Kecleon|Drain Punch|p1a: Dunsparce\n|-start|p2a: Kecleon|typechange|Fighting|[from] ability: Protean\n|-supereffective|p1a: Dunsparce\n|-damage|p1a: Dunsparce|252/344 par\n|move|p1a: Dunsparce|Body Slam|p2a: Kecleon\n|-damage|p2a: Kecleon|55/254\n|-status|p2a: Kecleon|par\n|\n|-heal|p2a: Kecleon|70/254 par|[from] item: Leftovers\n|upkeep\n|turn|46\n|\n|t:|1769966843\n|cant|p2a: Kecleon|par\n|move|p1a: Dunsparce|Roost|p1a: Dunsparce\n|-heal|p1a: Dunsparce|344/344 par\n|-singleturn|p1a: Dunsparce|move: Roost\n|\n|-heal|p2a: Kecleon|85/254 par|[from] item: Leftovers\n|upkeep\n|turn|47\n|c|☆UnnervingGang|Bro be careful\n|c|☆UnnervingGang|You might even lose!\n|inactive|UnnervingGang has 120 seconds left.\n|c|☆UnnervingGang|You can't waste all the luck you got\n|\n|t:|1769966870\n|move|p2a: Kecleon|Drain Punch|p1a: Dunsparce\n|-supereffective|p1a: Dunsparce\n|-damage|p1a: Dunsparce|246/344 par\n|-heal|p2a: Kecleon|134/254 par|[from] drain|[of] p1a: Dunsparce\n|move|p1a: Dunsparce|Coil|p1a: Dunsparce\n|-boost|p1a: Dunsparce|atk|1\n|-boost|p1a: Dunsparce|def|1\n|-boost|p1a: Dunsparce|accuracy|1\n|\n|-heal|p2a: Kecleon|149/254 par|[from] item: Leftovers\n|upkeep\n|turn|48\n|inactive|UnnervingGang has 120 seconds left.\n|\n|t:|1769966877\n|cant|p2a: Kecleon|par\n|move|p1a: Dunsparce|Roost|p1a: Dunsparce\n|-heal|p1a: Dunsparce|344/344 par\n|-singleturn|p1a: Dunsparce|move: Roost\n|\n|-heal|p2a: Kecleon|164/254 par|[from] item: Leftovers\n|upkeep\n|turn|49\n|\n|t:|1769966881\n|move|p2a: Kecleon|Drain Punch|p1a: Dunsparce\n|-supereffective|p1a: Dunsparce\n|-damage|p1a: Dunsparce|272/344 par\n|-heal|p2a: Kecleon|200/254 par|[from] drain|[of] p1a: Dunsparce\n|move|p1a: Dunsparce|Coil|p1a: Dunsparce\n|-boost|p1a: Dunsparce|atk|1\n|-boost|p1a: Dunsparce|def|1\n|-boost|p1a: Dunsparce|accuracy|1\n|\n|-heal|p2a: Kecleon|215/254 par|[from] item: Leftovers\n|upkeep\n|turn|50\n|\n|t:|1769966889\n|move|p2a: Kecleon|Drain Punch|p1a: Dunsparce\n|-supereffective|p1a: Dunsparce\n|-damage|p1a: Dunsparce|216/344 par\n|-heal|p2a: Kecleon|243/254 par|[from] drain|[of] p1a: Dunsparce\n|cant|p1a: Dunsparce|par\n|\n|-heal|p2a: Kecleon|254/254 par|[from] item: Leftovers\n|upkeep\n|turn|51\n|\n|t:|1769966892\n|move|p2a: Kecleon|Drain Punch|p1a: Dunsparce\n|-supereffective|p1a: Dunsparce\n|-damage|p1a: Dunsparce|154/344 par\n|cant|p1a: Dunsparce|par\n|\n|upkeep\n|turn|52\n|\n|t:|1769966897\n|move|p2a: Kecleon|Drain Punch|p1a: Dunsparce\n|-supereffective|p1a: Dunsparce\n|-damage|p1a: Dunsparce|94/344 par\n|move|p1a: Dunsparce|Roost|p1a: Dunsparce\n|-heal|p1a: Dunsparce|266/344 par\n|-singleturn|p1a: Dunsparce|move: Roost\n|\n|upkeep\n|turn|53\n|\n|t:|1769966902\n|cant|p2a: Kecleon|par\n|move|p1a: Dunsparce|Roost|p1a: Dunsparce\n|-heal|p1a: Dunsparce|344/344 par\n|-singleturn|p1a: Dunsparce|move: Roost\n|\n|upkeep\n|turn|54\n|\n|t:|1769966908\n|move|p2a: Kecleon|Drain Punch|p1a: Dunsparce\n|-supereffective|p1a: Dunsparce\n|-damage|p1a: Dunsparce|276/344 par\n|move|p1a: Dunsparce|Coil|p1a: Dunsparce\n|-boost|p1a: Dunsparce|atk|1\n|-boost|p1a: Dunsparce|def|1\n|-boost|p1a: Dunsparce|accuracy|1\n|\n|upkeep\n|turn|55\n|\n|t:|1769966911\n|move|p2a: Kecleon|Drain Punch|p1a: Dunsparce\n|-supereffective|p1a: Dunsparce\n|-damage|p1a: Dunsparce|222/344 par\n|move|p1a: Dunsparce|Coil|p1a: Dunsparce\n|-boost|p1a: Dunsparce|atk|1\n|-boost|p1a: Dunsparce|def|1\n|-boost|p1a: Dunsparce|accuracy|1\n|\n|upkeep\n|turn|56\n|\n|t:|1769966914\n|cant|p2a: Kecleon|par\n|move|p1a: Dunsparce|Roost|p1a: Dunsparce\n|-heal|p1a: Dunsparce|344/344 par\n|-singleturn|p1a: Dunsparce|move: Roost\n|\n|upkeep\n|turn|57\n|\n|t:|1769966919\n|cant|p2a: Kecleon|par\n|cant|p1a: Dunsparce|par\n|\n|upkeep\n|turn|58\n|\n|t:|1769966924\n|move|p2a: Kecleon|Drain Punch|p1a: Dunsparce\n|-supereffective|p1a: Dunsparce\n|-damage|p1a: Dunsparce|294/344 par\n|move|p1a: Dunsparce|Body Slam|p2a: Kecleon\n|-damage|p2a: Kecleon|0 fnt\n|faint|p2a: Kecleon\n|\n|upkeep\n|\n|t:|1769966931\n|switch|p2a: Ribombee|Ribombee, L84, F|1/238\n|turn|59\n|\n|t:|1769966934\n|move|p2a: Ribombee|Moonblast|p1a: Dunsparce\n|-damage|p1a: Dunsparce|186/344 par\n|move|p1a: Dunsparce|Roost|p1a: Dunsparce\n|-heal|p1a: Dunsparce|344/344 par\n|-singleturn|p1a: Dunsparce|move: Roost\n|\n|upkeep\n|turn|60\n|\n|t:|1769966937\n|move|p2a: Ribombee|Moonblast|p1a: Dunsparce\n|-damage|p1a: Dunsparce|233/344 par\n|-unboost|p1a: Dunsparce|spa|1\n|move|p1a: Dunsparce|Body Slam|p2a: Ribombee\n|-damage|p2a: Ribombee|0 fnt\n|faint|p2a: Ribombee\n|\n|upkeep\n|\n|t:|1769966940\n|switch|p2a: Miltank|Miltank, L85, F|300/300\n|turn|61\n|\n|t:|1769966943\n|move|p2a: Miltank|Body Slam|p1a: Dunsparce\n|-damage|p1a: Dunsparce|209/344 par\n|move|p1a: Dunsparce|Roost|p1a: Dunsparce\n|-heal|p1a: Dunsparce|344/344 par\n|-singleturn|p1a: Dunsparce|move: Roost\n|\n|upkeep\n|turn|62\n|\n|t:|1769966947\n|move|p2a: Miltank|Body Slam|p1a: Dunsparce\n|-damage|p1a: Dunsparce|322/344 par\n|move|p1a: Dunsparce|Body Slam|p2a: Miltank\n|-damage|p2a: Miltank|0 fnt\n|faint|p2a: Miltank\n|\n|upkeep\n|\n|t:|1769966949\n|switch|p2a: Rayquaza|Rayquaza-Mega, L66|209/248\n|-weather|DeltaStream|[from] ability: Delta Stream|[of] p2a: Rayquaza\n|turn|63\n|c|☆UnnervingGang|Brooooo\n|c|☆UnnervingGang|😭😭😭😭😭😭😭😭\n|c|☆UnnervingGang|Please Please Please\n|c|☆UnnervingGang|Get a critical Hit\n|inactive|UnnervingGang has 120 seconds left.\n|c|☆UnnervingGang|If you lose i will lose all faith in humanity\n|c|☆UnnervingGang|And then i will become the JOKER\n|inactive|UnnervingGang has 90 seconds left.\n|c|☆UnnervingGang|Latinoamerican Joker 🤡🤪\n|\n|t:|1769967027\n|move|p2a: Rayquaza|Dragon Ascent|p1a: Dunsparce\n|-damage|p1a: Dunsparce|275/344 par\n|-unboost|p2a: Rayquaza|def|1\n|-unboost|p2a: Rayquaza|spd|1\n|-damage|p2a: Rayquaza|185/248|[from] item: Life Orb\n|move|p1a: Dunsparce|Body Slam|p2a: Rayquaza\n|-damage|p2a: Rayquaza|0 fnt\n|faint|p2a: Rayquaza\n|-weather|none\n|detailschange|p2: Rayquaza|Rayquaza, L66|[silent]\n|\n|win|UnnervingGang\n|raw|UnnervingGang's rating: 1584 &rarr; <strong>1605</strong><br />(+21 for winning)\n|raw|katrinstudiooo's rating: 1608 &rarr; <strong>1587</strong><br />(-21 for losing)\n|l|☆katrinstudiooo\n|player|p2|\n|c|☆UnnervingGang|OQNWSISNDZJZNSKWNWHSJSNZLZÑSQKAÑAÑAÑAÑAÑSKZIZKSMWWKWMAJA\n|c|☆UnnervingGang|What was that\n|c|☆UnnervingGang|🤯🤯🤯🤯🤯\n", "inputlog": ">version b99ff0165a6231f17e8b78c2a78d1998375de664\n>start {\"formatid\":\"gen7randombattle\",\"seed\":\"sodium,68d0c8837bf4086d18185dea2bd91ba9\",\"rated\":\"Rated battle\"}\n>player p1 {\"name\":\"UnnervingGang\",\"avatar\":\"silver\",\"rating\":1584,\"seed\":\"sodium,95762f9d055c2fdc431fd1afa805d27b\"}\n>player p2 {\"name\":\"katrinstudiooo\",\"avatar\":\"2\",\"rating\":1608,\"seed\":\"sodium,357e942c04be69386b1f05eb56ca4d1c\"}\n>p1 switch 6\n>p2 move stickyweb\n>p1 move willowisp\n>p2 move uturn\n>p2 switch 2\n>p1 move willowisp\n>p2 move thunderwave\n>p1 move willowisp\n>p2 switch 6\n>p1 switch 5\n>p2 move facade\n>p1 move playrough\n>p2 move facade\n>p1 switch 6\n>p1 move calmmind\n>p2 switch 4\n>p1 switch 3\n>p2 move gunkshot\n>p1 move hypervoice\n>p2 switch 2\n>p1 switch 5\n>p2 move moonblast\n>p1 move roost\n>p2 move uturn\n>p2 switch 2\n>p1 move willowisp\n>p2 move gunkshot\n>p1 move roost\n>p2 switch 4\n>p1 switch 5\n>p2 move bulkup\n>p1 move dracometeor\n>p2 move facade\n>p1 switch 3\n>p1 move drainingkiss\n>p2 move facade\n>p1 switch 2\n>p1 move fireblast\n>p2 move facade\n>p1 move sludgebomb\n>p2 switch 3\n>p1 move recover\n>p2 move bodyslam\n>p1 move recover\n>p2 move toxic\n>p1 switch 5\n>p2 switch 6\n>p1 move bravebird\n>p2 move knockoff\n>p1 move roost\n>p2 switch 4\n>p1 move overheat\n>p2 move gunkshot\n>p1 move roost\n>p2 move gunkshot\n>p1 move roost\n>p2 move stompingtantrum\n>p1 move overheat\n>p2 move stompingtantrum\n>p1 move overheat\n>p2 move stompingtantrum\n>p1 move overheat\n>p2 move gunkshot\n>p2 switch 5\n>p1 move willowisp\n>p2 move dragonascent mega\n>p1 switch 4\n>p1 move coil\n>p2 switch 6\n>p1 switch 5\n>p2 move toxic\n>p1 move judgment\n>p2 switch 4\n>p1 move judgment\n>p2 move drainpunch\n>p1 move fireblast\n>p2 move drainpunch\n>p1 switch 5\n>p1 move bodyslam\n>p2 move knockoff\n>p1 move coil\n>p2 move drainpunch\n>p1 move roost\n>p2 move drainpunch\n>p1 move roost\n>p2 move thunderwave\n>p1 move coil\n>p2 switch 3\n>p1 move roost\n>p2 move facade\n>p2 switch 2\n>chat ☆UnnervingGang|You are suffering and struggling waaaaaaay to much with this\n>p1 move roost\n>p2 move aromatherapy\n>p1 move bodyslam\n>p2 move moonblast\n>p1 move roost\n>p2 switch 3\n>p1 move bodyslam\n>p2 move drainpunch\n>p1 move roost\n>p2 move drainpunch\n>chat ☆UnnervingGang|Bro be careful\n>chat ☆UnnervingGang|You might even lose!\n>chat ☆UnnervingGang|You can't waste all the luck you got\n>p1 move coil\n>p2 move drainpunch\n>p1 move roost\n>p2 move drainpunch\n>p1 move coil\n>p2 move drainpunch\n>p1 move roost\n>p2 move drainpunch\n>p1 move roost\n>p2 move drainpunch\n>p1 move roost\n>p2 move drainpunch\n>p1 move roost\n>p2 move drainpunch\n>p1 move coil\n>p2 move drainpunch\n>p1 move coil\n>p2 move drainpunch\n>p1 move roost\n>p2 move drainpunch\n>p1 move bodyslam\n>p2 move drainpunch\n>p1 move bodyslam\n>p2 move drainpunch\n>p2 switch 3\n>p1 move roost\n>p2 move moonblast\n>p1 move bodyslam\n>p2 move moonblast\n>p2 switch 4\n>p1 move roost\n>p2 move bodyslam\n>p1 move bodyslam\n>p2 move bodyslam\n>p2 switch 6\n>chat ☆UnnervingGang|Brooooo\n>chat ☆UnnervingGang|😭😭😭😭😭😭😭😭\n>chat ☆UnnervingGang|Please Please Please\n>chat ☆UnnervingGang|Get a critical Hit\n>chat ☆UnnervingGang|If you lose i will lose all faith in humanity\n>chat ☆UnnervingGang|And then i will become the JOKER\n>chat ☆UnnervingGang|Latinoamerican Joker 🤡🤪\n>p1 move bodyslam\n>p2 move dragonascent", "uploadtime": 1769967106, "views": 188, "formatid": "gen7randombattle", "rating": 1587, "private": 0, "password": null}