{"id": "gen7randombattle-2530406604", "format": "[Gen 7] Random Battle", "players": ["iku kyumo", "white kartana"], "log": "|j|☆iku kyumo\n|j|☆white kartana\n|t:|1769912940\n|gametype|singles\n|player|p1|iku kyumo|chili|1598\n|player|p2|white kartana|170|1628\n|gen|7\n|tier|[Gen 7] Random Battle\n|rated|\n|rule|Sleep Clause Mod: Limit one foe put to sleep\n|rule|HP Percentage Mod: HP is shown in percentages\n|rule|Illusion Level Mod: Illusion disguises the Pokémon's true level\n|\n|t:|1769912940\n|teamsize|p1|6\n|teamsize|p2|6\n|start\n|switch|p1a: Qwilfish|Qwilfish, L86, M|252/252\n|switch|p2a: Farfetch’d|Farfetch’d, F|266/266\n|-ability|p1a: Qwilfish|Intimidate|boost\n|-unboost|p2a: Farfetch’d|atk|1\n|-ability|p2a: Farfetch’d|Defiant|boost\n|-boost|p2a: Farfetch’d|atk|2\n|turn|1\n|\n|t:|1769912955\n|move|p1a: Qwilfish|Thunder Wave|p2a: Farfetch’d\n|-status|p2a: Farfetch’d|par\n|move|p2a: Farfetch’d|Brave Bird|p1a: Qwilfish\n|-damage|p1a: Qwilfish|6/252\n|-damage|p2a: Farfetch’d|185/266 par|[from] Recoil\n|\n|upkeep\n|turn|2\n|\n|t:|1769912960\n|switch|p1a: Rampardos|Rampardos, L88, F|314/314\n|move|p2a: Farfetch’d|Knock Off|p1a: Rampardos\n|-crit|p1a: Rampardos\n|-damage|p1a: Rampardos|40/314\n|-enditem|p1a: Rampardos|Choice Scarf|[from] move: Knock Off|[of] p2a: Farfetch’d\n|\n|upkeep\n|turn|3\n|\n|t:|1769912962\n|move|p1a: Rampardos|Fire Punch|p2a: Farfetch’d\n|-crit|p2a: Farfetch’d\n|-damage|p2a: Farfetch’d|0 fnt\n|faint|p2a: Farfetch’d\n|\n|upkeep\n|\n|t:|1769912969\n|switch|p2a: Magmortar|Magmortar, L88, F|275/275\n|turn|4\n|\n|t:|1769912972\n|switch|p1a: Jellicent|Jellicent, L88, M|319/319\n|move|p2a: Magmortar|Earthquake|p1a: Jellicent\n|-crit|p1a: Jellicent\n|-damage|p1a: Jellicent|188/319\n|\n|-heal|p1a: Jellicent|207/319|[from] item: Leftovers\n|upkeep\n|turn|5\n|\n|t:|1769912977\n|move|p2a: Magmortar|Thunderbolt|p1a: Jellicent\n|-supereffective|p1a: Jellicent\n|-damage|p1a: Jellicent|53/319\n|move|p1a: Jellicent|Recover|p1a: Jellicent\n|-heal|p1a: Jellicent|213/319\n|\n|-heal|p1a: Jellicent|232/319|[from] item: Leftovers\n|upkeep\n|turn|6\n|\n|t:|1769912980\n|switch|p2a: Gyarados|Gyarados, L74, M|263/263\n|-ability|p2a: Gyarados|Intimidate|boost\n|-unboost|p1a: Jellicent|atk|1\n|move|p1a: Jellicent|Recover|p1a: Jellicent\n|-heal|p1a: Jellicent|319/319\n|\n|upkeep\n|turn|7\n|\n|t:|1769912984\n|switch|p1a: Qwilfish|Qwilfish, L86, M|6/252\n|-ability|p1a: Qwilfish|Intimidate|boost\n|-unboost|p2a: Gyarados|atk|1\n|detailschange|p2a: Gyarados|Gyarados-Mega, L74, M\n|-mega|p2a: Gyarados|Gyarados|Gyaradosite\n|-ability|p2a: Gyarados|Mold Breaker\n|move|p2a: Gyarados|Dragon Dance|p2a: Gyarados\n|-boost|p2a: Gyarados|atk|1\n|-boost|p2a: Gyarados|spe|1\n|\n|upkeep\n|turn|8\n|\n|t:|1769912987\n|move|p2a: Gyarados|Waterfall|p1a: Qwilfish\n|-resisted|p1a: Qwilfish\n|-damage|p1a: Qwilfish|0 fnt\n|faint|p1a: Qwilfish\n|\n|upkeep\n|\n|t:|1769912989\n|switch|p1a: Carnivine|Carnivine, M|310/310\n|turn|9\n|\n|t:|1769912992\n|switch|p2a: Magmortar|Magmortar, L88, F|275/275\n|move|p1a: Carnivine|Power Whip|p2a: Magmortar\n|-resisted|p2a: Magmortar\n|-crit|p2a: Magmortar\n|-damage|p2a: Magmortar|125/275\n|\n|-heal|p2a: Magmortar|142/275|[from] item: Leftovers\n|upkeep\n|turn|10\n|\n|t:|1769912994\n|switch|p1a: Jellicent|Jellicent, L88, M|319/319\n|move|p2a: Magmortar|Fire Blast|p1a: Jellicent\n|-resisted|p1a: Jellicent\n|-damage|p1a: Jellicent|250/319\n|\n|-heal|p2a: Magmortar|159/275|[from] item: Leftovers\n|-heal|p1a: Jellicent|269/319|[from] item: Leftovers\n|upkeep\n|turn|11\n|\n|t:|1769912996\n|switch|p2a: Gyarados|Gyarados-Mega, L74, M|263/263\n|-ability|p2a: Gyarados|Mold Breaker\n|move|p1a: Jellicent|Scald|p2a: Gyarados\n|-resisted|p2a: Gyarados\n|-damage|p2a: Gyarados|225/263\n|\n|-heal|p1a: Jellicent|288/319|[from] item: Leftovers\n|upkeep\n|turn|12\n|\n|t:|1769912999\n|switch|p1a: Carnivine|Carnivine, M|310/310\n|move|p2a: Gyarados|Crunch|p1a: Carnivine\n|-damage|p1a: Carnivine|219/310\n|-unboost|p1a: Carnivine|def|1\n|\n|-heal|p1a: Carnivine|238/310|[from] item: Leftovers\n|upkeep\n|turn|13\n|\n|t:|1769913001\n|switch|p2a: Magmortar|Magmortar, L88, F|159/275\n|move|p1a: Carnivine|Power Whip|p2a: Magmortar\n|-resisted|p2a: Magmortar\n|-damage|p2a: Magmortar|57/275\n|-status|p1a: Carnivine|brn|[from] ability: Flame Body|[of] p2a: Magmortar\n|\n|-heal|p2a: Magmortar|74/275|[from] item: Leftovers\n|-heal|p1a: Carnivine|257/310 brn|[from] item: Leftovers\n|-damage|p1a: Carnivine|238/310 brn|[from] brn\n|upkeep\n|turn|14\n|\n|t:|1769913004\n|switch|p1a: Jellicent|Jellicent, L88, M|288/319\n|move|p2a: Magmortar|Fire Blast|p1a: Jellicent\n|-resisted|p1a: Jellicent\n|-damage|p1a: Jellicent|222/319\n|\n|-heal|p2a: Magmortar|91/275|[from] item: Leftovers\n|-heal|p1a: Jellicent|241/319|[from] item: Leftovers\n|upkeep\n|turn|15\n|\n|t:|1769913006\n|move|p2a: Magmortar|Thunderbolt|p1a: Jellicent\n|-supereffective|p1a: Jellicent\n|-damage|p1a: Jellicent|101/319\n|move|p1a: Jellicent|Scald|p2a: Magmortar\n|-supereffective|p2a: Magmortar\n|-damage|p2a: Magmortar|0 fnt\n|faint|p2a: Magmortar\n|\n|-heal|p1a: Jellicent|120/319|[from] item: Leftovers\n|upkeep\n|\n|t:|1769913009\n|switch|p2a: Gyarados|Gyarados-Mega, L74, M|225/263\n|-ability|p2a: Gyarados|Mold Breaker\n|turn|16\n|\n|t:|1769913010\n|move|p2a: Gyarados|Crunch|p1a: Jellicent\n|-supereffective|p1a: Jellicent\n|-crit|p1a: Jellicent\n|-damage|p1a: Jellicent|0 fnt\n|faint|p1a: Jellicent\n|\n|upkeep\n|\n|t:|1769913016\n|switch|p1a: Decidueye|Decidueye, L87, F|277/277\n|turn|17\n|\n|t:|1769913019\n|switch|p2a: Avalugg|Avalugg, L90, F|317/317\n|move|p1a: Decidueye|Leaf Storm|p2a: Avalugg\n|-damage|p2a: Avalugg|116/317\n|-unboost|p1a: Decidueye|spa|2\n|\n|-heal|p2a: Avalugg|135/317|[from] item: Leftovers\n|upkeep\n|turn|18\n|\n|t:|1769913023\n|switch|p1a: Rampardos|Rampardos, L88, F|40/314\n|move|p2a: Avalugg|Recover|p2a: Avalugg\n|-heal|p2a: Avalugg|294/317\n|\n|-heal|p2a: Avalugg|313/317|[from] item: Leftovers\n|upkeep\n|turn|19\n|\n|t:|1769913026\n|switch|p2a: Milotic|Milotic, L84, M|297/297\n|move|p1a: Rampardos|Rock Slide|p2a: Milotic\n|-damage|p2a: Milotic|104/297\n|\n|-heal|p2a: Milotic|122/297|[from] item: Leftovers\n|upkeep\n|turn|20\n|\n|t:|1769913028\n|move|p2a: Milotic|Recover|p2a: Milotic\n|-heal|p2a: Milotic|271/297\n|move|p1a: Rampardos|Rock Slide|p2a: Milotic\n|-damage|p2a: Milotic|69/297\n|\n|-heal|p2a: Milotic|87/297|[from] item: Leftovers\n|upkeep\n|turn|21\n|\n|t:|1769913030\n|move|p2a: Milotic|Recover|p2a: Milotic\n|-heal|p2a: Milotic|236/297\n|move|p1a: Rampardos|Rock Slide|p2a: Milotic\n|-damage|p2a: Milotic|47/297\n|\n|-heal|p2a: Milotic|65/297|[from] item: Leftovers\n|upkeep\n|turn|22\n|\n|t:|1769913031\n|move|p2a: Milotic|Recover|p2a: Milotic\n|-heal|p2a: Milotic|214/297\n|move|p1a: Rampardos|Rock Slide|p2a: Milotic\n|-damage|p2a: Milotic|7/297\n|\n|-heal|p2a: Milotic|25/297|[from] item: Leftovers\n|upkeep\n|turn|23\n|\n|t:|1769913033\n|move|p2a: Milotic|Scald|p1a: Rampardos\n|-supereffective|p1a: Rampardos\n|-damage|p1a: Rampardos|0 fnt\n|faint|p1a: Rampardos\n|\n|-heal|p2a: Milotic|43/297|[from] item: Leftovers\n|upkeep\n|\n|t:|1769913035\n|switch|p1a: Deoxys|Deoxys-Attack, L72|191/191\n|-ability|p1a: Deoxys|Pressure\n|turn|24\n|\n|t:|1769913037\n|move|p1a: Deoxys|Knock Off|p2a: Milotic\n|-damage|p2a: Milotic|0 fnt\n|-enditem|p2a: Milotic|Leftovers|[from] move: Knock Off|[of] p1a: Deoxys\n|faint|p2a: Milotic\n|-damage|p1a: Deoxys|172/191|[from] item: Life Orb\n|\n|upkeep\n|\n|t:|1769913039\n|switch|p2a: Porygon2|Porygon2, L82|274/274\n|-ability|p2a: Porygon2|Download|boost\n|-boost|p2a: Porygon2|spa|1\n|turn|25\n|\n|t:|1769913042\n|move|p1a: Deoxys|Knock Off|p2a: Porygon2\n|-damage|p2a: Porygon2|200/274\n|-enditem|p2a: Porygon2|Eviolite|[from] move: Knock Off|[of] p1a: Deoxys\n|-damage|p1a: Deoxys|153/191|[from] item: Life Orb\n|move|p2a: Porygon2|Tri Attack|p1a: Deoxys\n|-damage|p1a: Deoxys|0 fnt\n|faint|p1a: Deoxys\n|\n|upkeep\n|\n|t:|1769913044\n|switch|p1a: Decidueye|Decidueye, L87, F|277/277\n|turn|26\n|\n|t:|1769913046\n|move|p1a: Decidueye|Leaf Storm|p2a: Porygon2\n|-damage|p2a: Porygon2|47/274\n|-unboost|p1a: Decidueye|spa|2\n|move|p2a: Porygon2|Ice Beam|p1a: Decidueye\n|-supereffective|p1a: Decidueye\n|-damage|p1a: Decidueye|117/277\n|\n|-heal|p1a: Decidueye|134/277|[from] item: Leftovers\n|upkeep\n|turn|27\n|\n|t:|1769913048\n|move|p1a: Decidueye|Leaf Storm|p2a: Porygon2\n|-damage|p2a: Porygon2|0 fnt\n|-unboost|p1a: Decidueye|spa|2\n|faint|p2a: Porygon2\n|\n|-heal|p1a: Decidueye|151/277|[from] item: Leftovers\n|upkeep\n|\n|t:|1769913052\n|switch|p2a: Gyarados|Gyarados-Mega, L74, M|225/263\n|-ability|p2a: Gyarados|Mold Breaker\n|turn|28\n|\n|t:|1769913054\n|switch|p1a: Carnivine|Carnivine, M|238/310 brn\n|move|p2a: Gyarados|Dragon Dance|p2a: Gyarados\n|-boost|p2a: Gyarados|atk|1\n|-boost|p2a: Gyarados|spe|1\n|\n|-heal|p1a: Carnivine|257/310 brn|[from] item: Leftovers\n|-damage|p1a: Carnivine|238/310 brn|[from] brn\n|upkeep\n|turn|29\n|\n|t:|1769913055\n|move|p2a: Gyarados|Crunch|p1a: Carnivine\n|-damage|p1a: Carnivine|88/310 brn\n|move|p1a: Carnivine|Power Whip|p2a: Gyarados\n|-supereffective|p2a: Gyarados\n|-damage|p2a: Gyarados|60/263\n|\n|-heal|p1a: Carnivine|107/310 brn|[from] item: Leftovers\n|-damage|p1a: Carnivine|88/310 brn|[from] brn\n|upkeep\n|turn|30\n|\n|t:|1769913057\n|move|p2a: Gyarados|Crunch|p1a: Carnivine\n|-damage|p1a: Carnivine|0 fnt\n|faint|p1a: Carnivine\n|\n|upkeep\n|\n|t:|1769913058\n|switch|p1a: Decidueye|Decidueye, L87, F|151/277\n|turn|31\n|\n|t:|1769913059\n|move|p2a: Gyarados|Crunch|p1a: Decidueye\n|-supereffective|p1a: Decidueye\n|-damage|p1a: Decidueye|0 fnt\n|faint|p1a: Decidueye\n|\n|win|white kartana\n|raw|iku kyumo's rating: 1598 &rarr; <strong>1580</strong><br />(-18 for losing)\n|raw|white kartana's rating: 1628 &rarr; <strong>1646</strong><br />(+18 for winning)\n", "inputlog": ">version b99ff0165a6231f17e8b78c2a78d1998375de664\n>start {\"formatid\":\"gen7randombattle\",\"seed\":\"sodium,939eedb6d083b46e79b02172703d5f65\",\"rated\":\"Rated battle\"}\n>player p1 {\"name\":\"iku kyumo\",\"avatar\":\"chili\",\"rating\":1598,\"seed\":\"sodium,afed87b654c0aba4a337942579fec138\"}\n>player p2 {\"name\":\"white kartana\",\"avatar\":\"170\",\"rating\":1628,\"seed\":\"sodium,8c78aeb227aab2fc7f5fe6e335c79658\"}\n>p1 move thunderwave\n>p2 move bravebird\n>p1 switch 3\n>p2 move knockoff\n>p1 move firepunch\n>p2 move leafblade\n>p2 switch 3\n>p1 switch 6\n>p2 move earthquake\n>p1 move recover\n>p2 move thunderbolt\n>p1 move recover\n>p2 switch 4\n>p1 switch 3\n>p2 move dragondance mega\n>p1 move thunderwave\n>p2 move waterfall\n>p1 switch 5\n>p1 move powerwhip\n>p2 switch 4\n>p1 switch 3\n>p2 move fireblast\n>p1 move scald\n>p2 switch 4\n>p1 switch 3\n>p2 move crunch\n>p1 move powerwhip\n>p2 switch 4\n>p1 switch 3\n>p2 move fireblast\n>p1 move scald\n>p2 move thunderbolt\n>p2 switch 4\n>p1 move scald\n>p2 move crunch\n>p1 switch 2\n>p1 move leafstorm\n>p2 switch 2\n>p1 switch 6\n>p2 move recover\n>p1 move rockslide\n>p2 switch 6\n>p1 move rockslide\n>p2 move recover\n>p1 move rockslide\n>p2 move recover\n>p1 move rockslide\n>p2 move recover\n>p1 move rockslide\n>p2 move scald\n>p1 switch 4\n>p1 move knockoff\n>p2 move scald\n>p2 switch 5\n>p1 move knockoff\n>p2 move triattack\n>p1 switch 6\n>p1 move leafstorm\n>p2 move icebeam\n>p1 move leafstorm\n>p2 move icebeam\n>p2 switch 2\n>p1 switch 3\n>p2 move dragondance\n>p1 move powerwhip\n>p2 move crunch\n>p1 move powerwhip\n>p2 move crunch\n>p1 switch 3\n>p1 move leafstorm\n>p2 move crunch", "uploadtime": 1769913060, "views": 192, "formatid": "gen7randombattle", "rating": 1580, "private": 0, "password": null}