{"id": "gen7randombattle-2524484378", "format": "[Gen 7] Random Battle", "players": ["tomkegs", "may/gen3"], "log": "|j|☆tomkegs\n|j|☆may/gen3\n|t:|1769156075\n|gametype|singles\n|player|p1|tomkegs|janitor|1605\n|player|p2|may/gen3|may|1784\n|gen|7\n|tier|[Gen 7] Random Battle\n|rated|\n|rule|Sleep Clause Mod: Limit one foe put to sleep\n|rule|HP Percentage Mod: HP is shown in percentages\n|rule|Illusion Level Mod: Illusion disguises the Pokémon's true level\n|\n|t:|1769156075\n|teamsize|p1|6\n|teamsize|p2|6\n|start\n|switch|p1a: Bruxish|Bruxish, L85, F|254/254\n|switch|p2a: Vikavolt|Vikavolt, L86, F|273/273\n|turn|1\n|\n|t:|1769156095\n|move|p1a: Bruxish|Psychic Fangs|p2a: Vikavolt\n|-damage|p2a: Vikavolt|100/273\n|-damage|p1a: Bruxish|229/254|[from] item: Life Orb\n|move|p2a: Vikavolt|Bug Buzz|p1a: Bruxish\n|-supereffective|p1a: Bruxish\n|-damage|p1a: Bruxish|0 fnt\n|faint|p1a: Bruxish\n|\n|-heal|p2a: Vikavolt|117/273|[from] item: Leftovers\n|upkeep\n|inactive|Battle timer is ON: inactive players will automatically lose when time's up. (requested by may/gen3)\n|\n|t:|1769156113\n|switch|p1a: Tyrantrum|Tyrantrum, L81, M|265/265\n|turn|2\n|\n|t:|1769156116\n|switch|p2a: Chesnaught|Chesnaught, L89, M|301/301\n|move|p1a: Tyrantrum|Head Smash|p2a: Chesnaught\n|-resisted|p2a: Chesnaught\n|-damage|p2a: Chesnaught|242/301\n|\n|-heal|p2a: Chesnaught|260/301|[from] item: Leftovers\n|upkeep\n|turn|3\n|\n|t:|1769156122\n|switch|p1a: Yanmega|Yanmega, L82, F|275/275\n|move|p2a: Chesnaught|Leech Seed|p1a: Yanmega\n|-start|p1a: Yanmega|move: Leech Seed\n|\n|-heal|p2a: Chesnaught|278/301|[from] item: Leftovers\n|-damage|p1a: Yanmega|241/275|[from] Leech Seed|[of] p2a: Chesnaught\n|-heal|p2a: Chesnaught|301/301|[silent]\n|upkeep\n|turn|4\n|\n|t:|1769156132\n|move|p2a: Chesnaught|Spiky Shield|p2a: Chesnaught\n|-singleturn|p2a: Chesnaught|move: Protect\n|move|p1a: Yanmega|Air Slash|p2a: Chesnaught\n|-activate|p2a: Chesnaught|move: Protect\n|\n|-damage|p1a: Yanmega|207/275|[from] Leech Seed|[of] p2a: Chesnaught\n|upkeep\n|turn|5\n|\n|t:|1769156135\n|switch|p2a: Tapu Fini|Tapu Fini, L80|243/243\n|-fieldstart|move: Misty Terrain|[from] ability: Misty Surge|[of] p2a: Tapu Fini\n|move|p1a: Yanmega|Air Slash|p2a: Tapu Fini\n|-damage|p2a: Tapu Fini|138/243\n|\n|-heal|p2a: Tapu Fini|153/243|[from] item: Leftovers\n|-damage|p1a: Yanmega|173/275|[from] Leech Seed|[of] p2a: Tapu Fini\n|-heal|p2a: Tapu Fini|187/243|[silent]\n|upkeep\n|turn|6\n|\n|t:|1769156152\n|switch|p1a: Sharpedo|Sharpedo, L84, M|255/255\n|move|p2a: Tapu Fini|Moonblast|p1a: Sharpedo\n|-supereffective|p1a: Sharpedo\n|-damage|p1a: Sharpedo|0 fnt\n|faint|p1a: Sharpedo\n|\n|-heal|p2a: Tapu Fini|202/243|[from] item: Leftovers\n|upkeep\n|\n|t:|1769156156\n|switch|p1a: Steelix|Steelix, L80, M|251/251\n|turn|7\n|\n|t:|1769156159\n|detailschange|p1a: Steelix|Steelix-Mega, L80, M\n|-mega|p1a: Steelix|Steelix|Steelixite\n|move|p2a: Tapu Fini|Hydro Pump|p1a: Steelix|[miss]\n|-miss|p2a: Tapu Fini|p1a: Steelix\n|move|p1a: Steelix|Heavy Slam|p2a: Tapu Fini\n|-damage|p2a: Tapu Fini|75/243\n|\n|-heal|p2a: Tapu Fini|90/243|[from] item: Leftovers\n|upkeep\n|turn|8\n|\n|t:|1769156162\n|switch|p2a: Avalugg|Avalugg, L90, M|317/317\n|move|p1a: Steelix|Heavy Slam|p2a: Avalugg\n|-supereffective|p2a: Avalugg\n|-damage|p2a: Avalugg|269/317\n|\n|-heal|p2a: Avalugg|288/317|[from] item: Leftovers\n|upkeep\n|turn|9\n|\n|t:|1769156169\n|switch|p1a: Marowak|Marowak-Alola, L86, M|243/243\n|move|p2a: Avalugg|Avalanche|p1a: Marowak\n|-resisted|p1a: Marowak\n|-damage|p1a: Marowak|206/243\n|\n|-heal|p2a: Avalugg|307/317|[from] item: Leftovers\n|-fieldend|Misty Terrain\n|upkeep\n|turn|10\n|\n|t:|1769156173\n|switch|p2a: Bibarel|Bibarel, L90, F|289/289\n|move|p1a: Marowak|Stealth Rock|p2a: Bibarel\n|-sidestart|p2: may/gen3|move: Stealth Rock\n|\n|upkeep\n|turn|11\n|\n|t:|1769156177\n|move|p2a: Bibarel|Swords Dance|p2a: Bibarel\n|-boost|p2a: Bibarel|atk|4\n|move|p1a: Marowak|Will-O-Wisp|p2a: Bibarel\n|-status|p2a: Bibarel|brn\n|\n|-damage|p2a: Bibarel|271/289 brn|[from] brn\n|upkeep\n|turn|12\n|\n|t:|1769156180\n|move|p2a: Bibarel|Liquidation|p1a: Marowak\n|-supereffective|p1a: Marowak\n|-damage|p1a: Marowak|0 fnt\n|faint|p1a: Marowak\n|-damage|p2a: Bibarel|243/289 brn|[from] item: Life Orb\n|\n|-damage|p2a: Bibarel|225/289 brn|[from] brn\n|upkeep\n|\n|t:|1769156186\n|switch|p1a: Yanmega|Yanmega, L82, F|173/275\n|turn|13\n|\n|t:|1769156190\n|move|p1a: Yanmega|Giga Drain|p2a: Bibarel\n|-supereffective|p2a: Bibarel\n|-damage|p2a: Bibarel|1/289 brn\n|-heal|p1a: Yanmega|275/275|[from] drain|[of] p2a: Bibarel\n|move|p2a: Bibarel|Return|p1a: Yanmega\n|-damage|p1a: Yanmega|66/275\n|-damage|p2a: Bibarel|0 fnt|[from] item: Life Orb\n|faint|p2a: Bibarel\n|\n|upkeep\n|\n|t:|1769156195\n|switch|p2a: Mienshao|Mienshao, L83, F|243/243\n|-damage|p2a: Mienshao|228/243|[from] Stealth Rock\n|turn|14\n|\n|t:|1769156203\n|move|p2a: Mienshao|Fake Out|p1a: Yanmega\n|-damage|p1a: Yanmega|27/275\n|cant|p1a: Yanmega|flinch\n|\n|upkeep\n|turn|15\n|\n|t:|1769156208\n|switch|p2a: Vikavolt|Vikavolt, L86, F|117/273\n|-damage|p2a: Vikavolt|49/273|[from] Stealth Rock\n|move|p1a: Yanmega|Giga Drain|p2a: Vikavolt\n|-resisted|p2a: Vikavolt\n|-damage|p2a: Vikavolt|0 fnt\n|-heal|p1a: Yanmega|52/275|[from] drain|[of] p2a: Vikavolt\n|faint|p2a: Vikavolt\n|\n|upkeep\n|\n|t:|1769156215\n|switch|p2a: Mienshao|Mienshao, L83, F|243/243\n|-damage|p2a: Mienshao|228/243|[from] Stealth Rock\n|turn|16\n|\n|t:|1769156219\n|move|p2a: Mienshao|Knock Off|p1a: Yanmega\n|-damage|p1a: Yanmega|0 fnt\n|-enditem|p1a: Yanmega|Choice Specs|[from] move: Knock Off|[of] p2a: Mienshao\n|faint|p1a: Yanmega\n|\n|upkeep\n|\n|t:|1769156221\n|switch|p1a: Steelix|Steelix-Mega, L80, M|251/251\n|turn|17\n|\n|t:|1769156226\n|move|p2a: Mienshao|High Jump Kick|p1a: Steelix\n|-supereffective|p1a: Steelix\n|-damage|p1a: Steelix|87/251\n|move|p1a: Steelix|Heavy Slam|p2a: Mienshao\n|-crit|p2a: Mienshao\n|-damage|p2a: Mienshao|0 fnt\n|faint|p2a: Mienshao\n|\n|upkeep\n|\n|t:|1769156238\n|switch|p2a: Chesnaught|Chesnaught, L89, M|301/301\n|-damage|p2a: Chesnaught|283/301|[from] Stealth Rock\n|turn|18\n|inactive|tomkegs has 120 seconds left.\n|\n|t:|1769156280\n|move|p2a: Chesnaught|Drain Punch|p1a: Steelix\n|-supereffective|p1a: Steelix\n|-damage|p1a: Steelix|0 fnt\n|-heal|p2a: Chesnaught|301/301|[from] drain|[of] p1a: Steelix\n|faint|p1a: Steelix\n|detailschange|p1: Steelix|Steelix, L80, M|[silent]\n|\n|upkeep\n|\n|t:|1769156283\n|switch|p1a: Tyrantrum|Tyrantrum, L81, M|265/265\n|turn|19\n|\n|t:|1769156285\n|move|p2a: Chesnaught|Drain Punch|p1a: Tyrantrum\n|-supereffective|p1a: Tyrantrum\n|-damage|p1a: Tyrantrum|103/265\n|move|p1a: Tyrantrum|Dragon Dance|p1a: Tyrantrum\n|-boost|p1a: Tyrantrum|atk|1\n|-boost|p1a: Tyrantrum|spe|1\n|\n|upkeep\n|turn|20\n|\n|t:|1769156292\n|move|p2a: Chesnaught|Spiky Shield|p2a: Chesnaught\n|-singleturn|p2a: Chesnaught|move: Protect\n|-zpower|p1a: Tyrantrum\n|move|p1a: Tyrantrum|Devastating Drake|p2a: Chesnaught|[zeffect]\n|-zbroken|p2a: Chesnaught\n|-damage|p2a: Chesnaught|235/301\n|\n|-heal|p2a: Chesnaught|253/301|[from] item: Leftovers\n|upkeep\n|turn|21\n|\n|t:|1769156296\n|move|p1a: Tyrantrum|Outrage|p2a: Chesnaught\n|-damage|p2a: Chesnaught|85/301\n|move|p2a: Chesnaught|Drain Punch|p1a: Tyrantrum\n|-supereffective|p1a: Tyrantrum\n|-damage|p1a: Tyrantrum|0 fnt\n|-heal|p2a: Chesnaught|137/301|[from] drain|[of] p1a: Tyrantrum\n|faint|p1a: Tyrantrum\n|\n|win|may/gen3\n|raw|tomkegs's rating: 1605 &rarr; <strong>1594</strong><br />(-11 for losing)\n|raw|may&#x2f;gen3's rating: 1784 &rarr; <strong>1795</strong><br />(+11 for winning)\n|l|☆tomkegs\n|player|p1|\n", "inputlog": ">version dd3d52b8382d73d1dd2c67730c4067df325ab790\n>start {\"formatid\":\"gen7randombattle\",\"seed\":\"sodium,fe5395ace1300b26f50a0a2550c43bc0\",\"rated\":\"Rated battle\"}\n>player p1 {\"name\":\"tomkegs\",\"avatar\":\"janitor\",\"rating\":1605,\"seed\":\"sodium,bf404b4898569897ec3cc43b7743dedd\"}\n>player p2 {\"name\":\"may/gen3\",\"avatar\":\"may\",\"rating\":1784,\"seed\":\"sodium,7efba64bafa344dfe18bf1017fa7fbbc\"}\n>p1 move psychicfangs\n>p2 move bugbuzz\n>p1 switch 5\n>p1 move headsmash\n>p2 switch 3\n>p1 switch 2\n>p2 move leechseed\n>p1 move airslash\n>p2 move spikyshield\n>p1 move airslash\n>p2 switch 2\n>p1 switch 3\n>p2 move moonblast\n>p1 switch 4\n>p1 move heavyslam mega\n>p2 move hydropump\n>p1 move heavyslam\n>p2 switch 6\n>p1 switch 6\n>p2 move avalanche\n>p1 move stealthrock\n>p2 switch 4\n>p1 move willowisp\n>p2 move swordsdance\n>p1 move flareblitz\n>p2 move liquidation\n>p1 switch 3\n>p1 move gigadrain\n>p2 move return\n>p2 switch 5\n>p1 move gigadrain\n>p2 move fakeout\n>p1 move gigadrain\n>p2 switch 3\n>p2 switch 3\n>p1 move gigadrain\n>p2 move knockoff\n>p1 switch 6\n>p1 move heavyslam\n>p2 move highjumpkick\n>p2 switch 2\n>p1 move dragontail\n>p2 move drainpunch\n>p1 switch 2\n>p1 move dragondance\n>p2 move drainpunch\n>p1 move outrage zmove\n>p2 move spikyshield\n>p1 move outrage\n>p2 move drainpunch", "uploadtime": 1769156303, "views": 209, "formatid": "gen7randombattle", "rating": 1594, "private": 0, "password": null}