{"id": "gen7randombattle-2535691335", "format": "[Gen 7] Random Battle", "players": ["bmint", "AliceTASC"], "log": "|j|☆bmint\n|j|☆AliceTASC\n|t:|1770596210\n|gametype|singles\n|player|p1|bmint|pesselle|1617\n|player|p2|AliceTASC|dawn|1567\n|gen|7\n|tier|[Gen 7] Random Battle\n|rated|\n|rule|Sleep Clause Mod: Limit one foe put to sleep\n|rule|HP Percentage Mod: HP is shown in percentages\n|rule|Illusion Level Mod: Illusion disguises the Pokémon's true level\n|\n|t:|1770596210\n|teamsize|p1|6\n|teamsize|p2|6\n|start\n|switch|p1a: Flareon|Flareon, L88, F|258/258\n|switch|p2a: Electrode|Electrode, L89|252/252\n|turn|1\n|inactive|Battle timer is ON: inactive players will automatically lose when time's up. (requested by bmint)\n|inactive|bmint has 120 seconds left.\n|inactive|bmint has 90 seconds left.\n|\n|t:|1770596287\n|move|p2a: Electrode|Volt Switch|p1a: Flareon\n|-damage|p1a: Flareon|201/258\n|\n|t:|1770596294\n|switch|p2a: Gligar|Gligar, L82, M|241/241|[from] Volt Switch\n|move|p1a: Flareon|Flare Blitz|p2a: Gligar\n|-crit|p2a: Gligar\n|-damage|p2a: Gligar|69/241\n|-status|p2a: Gligar|brn\n|-damage|p1a: Flareon|144/258|[from] Recoil\n|\n|-damage|p2a: Gligar|54/241 brn|[from] brn\n|-status|p1a: Flareon|tox|[from] item: Toxic Orb\n|upkeep\n|turn|2\n|\n|t:|1770596318\n|move|p1a: Flareon|Quick Attack|p2a: Gligar\n|-damage|p2a: Gligar|18/241 brn\n|move|p2a: Gligar|Earthquake|p1a: Flareon\n|-supereffective|p1a: Flareon\n|-damage|p1a: Flareon|30/258 tox\n|\n|-damage|p1a: Flareon|14/258 tox|[from] psn\n|-damage|p2a: Gligar|3/241 brn|[from] brn\n|upkeep\n|turn|3\n|\n|t:|1770596329\n|move|p2a: Gligar|Roost|p2a: Gligar\n|-heal|p2a: Gligar|124/241 brn\n|-singleturn|p2a: Gligar|move: Roost\n|move|p1a: Flareon|Flare Blitz|p2a: Gligar\n|-damage|p2a: Gligar|0 fnt\n|faint|p2a: Gligar\n|-damage|p1a: Flareon|0 fnt|[from] Recoil\n|faint|p1a: Flareon\n|\n|upkeep\n|\n|t:|1770596340\n|switch|p2a: Electrode|Electrode, L89|252/252\n|switch|p1a: Dialga|Dialga, L74|270/270\n|-ability|p1a: Dialga|Pressure\n|turn|4\n|\n|t:|1770596349\n|move|p2a: Electrode|Volt Switch|p1a: Dialga\n|-resisted|p1a: Dialga\n|-damage|p1a: Dialga|233/270\n|\n|t:|1770596352\n|switch|p2a: Hitmontop|Hitmontop, L90, M|236/236|[from] Volt Switch\n|-ability|p2a: Hitmontop|Intimidate|boost\n|-unboost|p1a: Dialga|atk|1\n|move|p1a: Dialga|Stealth Rock|p2a: Hitmontop\n|-sidestart|p2: AliceTASC|move: Stealth Rock\n|\n|-heal|p1a: Dialga|249/270|[from] item: Leftovers\n|upkeep\n|turn|5\n|\n|t:|1770596365\n|switch|p1a: Altaria|Altaria, L79, M|248/248\n|move|p2a: Hitmontop|Rapid Spin|p1a: Altaria\n|-damage|p1a: Altaria|230/248\n|-sideend|p2: AliceTASC|Stealth Rock|[from] move: Rapid Spin|[of] p2a: Hitmontop\n|\n|upkeep\n|turn|6\n|\n|t:|1770596374\n|switch|p2a: Jynx|Jynx, L89, F|259/259\n|detailschange|p1a: Altaria|Altaria-Mega, L79, M\n|-mega|p1a: Altaria|Altaria|Altarianite\n|move|p1a: Altaria|Return|p2a: Jynx\n|-damage|p2a: Jynx|58/259\n|\n|upkeep\n|turn|7\n|\n|t:|1770596383\n|switch|p1a: Dialga|Dialga, L74|249/270\n|-ability|p1a: Dialga|Pressure\n|move|p2a: Jynx|Ice Beam|p1a: Dialga\n|-damage|p1a: Dialga|126/270\n|\n|-heal|p1a: Dialga|142/270|[from] item: Leftovers\n|upkeep\n|turn|8\n|\n|t:|1770596398\n|switch|p2a: Hitmontop|Hitmontop, L90, M|236/236\n|-ability|p2a: Hitmontop|Intimidate|boost\n|-unboost|p1a: Dialga|atk|1\n|move|p1a: Dialga|Flash Cannon|p2a: Hitmontop\n|-damage|p2a: Hitmontop|160/236\n|\n|-heal|p2a: Hitmontop|174/236|[from] item: Leftovers\n|-heal|p1a: Dialga|158/270|[from] item: Leftovers\n|upkeep\n|turn|9\n|\n|t:|1770596409\n|move|p2a: Hitmontop|Close Combat|p1a: Dialga\n|-supereffective|p1a: Dialga\n|-damage|p1a: Dialga|0 fnt\n|-unboost|p2a: Hitmontop|def|1\n|-unboost|p2a: Hitmontop|spd|1\n|faint|p1a: Dialga\n|\n|-heal|p2a: Hitmontop|188/236|[from] item: Leftovers\n|upkeep\n|\n|t:|1770596418\n|switch|p1a: Altaria|Altaria-Mega, L79, M|230/248\n|turn|10\n|\n|t:|1770596421\n|move|p2a: Hitmontop|Toxic|p1a: Altaria\n|-status|p1a: Altaria|tox\n|move|p1a: Altaria|Return|p2a: Hitmontop\n|-supereffective|p2a: Hitmontop\n|-damage|p2a: Hitmontop|0 fnt\n|faint|p2a: Hitmontop\n|\n|-damage|p1a: Altaria|215/248 tox|[from] psn\n|upkeep\n|\n|t:|1770596425\n|switch|p2a: Jynx|Jynx, L89, F|58/259\n|turn|11\n|\n|t:|1770596435\n|move|p2a: Jynx|Ice Beam|p1a: Altaria\n|-supereffective|p1a: Altaria\n|-damage|p1a: Altaria|0 fnt\n|faint|p1a: Altaria\n|detailschange|p1: Altaria|Altaria, L79, M|[silent]\n|\n|upkeep\n|\n|t:|1770596440\n|switch|p1a: Rampardos|Rampardos, L88, M|314/314\n|turn|12\n|\n|t:|1770596443\n|move|p2a: Jynx|Ice Beam|p1a: Rampardos\n|-damage|p1a: Rampardos|154/314\n|move|p1a: Rampardos|Earthquake|p2a: Jynx\n|-damage|p2a: Jynx|0 fnt\n|faint|p2a: Jynx\n|\n|upkeep\n|\n|t:|1770596451\n|switch|p2a: Rotom|Rotom-Wash, L83|219/219\n|turn|13\n|\n|t:|1770596455\n|switch|p1a: Lilligant|Lilligant, L87, F|264/264\n|move|p2a: Rotom|Hydro Pump|p1a: Lilligant\n|-resisted|p1a: Lilligant\n|-damage|p1a: Lilligant|192/264\n|\n|upkeep\n|turn|14\n|\n|t:|1770596462\n|switch|p2a: Bisharp|Bisharp, L82, F|241/241\n|move|p1a: Lilligant|Quiver Dance|p1a: Lilligant\n|-boost|p1a: Lilligant|spa|1\n|-boost|p1a: Lilligant|spd|1\n|-boost|p1a: Lilligant|spe|1\n|\n|upkeep\n|turn|15\n|\n|t:|1770596470\n|move|p1a: Lilligant|Sleep Powder|p2a: Bisharp|[miss]\n|-miss|p1a: Lilligant|p2a: Bisharp\n|move|p2a: Bisharp|Knock Off|p1a: Lilligant\n|-damage|p1a: Lilligant|24/264\n|-enditem|p1a: Lilligant|Life Orb|[from] move: Knock Off|[of] p2a: Bisharp\n|-damage|p2a: Bisharp|217/241|[from] item: Life Orb\n|\n|upkeep\n|turn|16\n|\n|t:|1770596480\n|switch|p2a: Electrode|Electrode, L89|252/252\n|move|p1a: Lilligant|Sleep Powder|p2a: Electrode\n|-status|p2a: Electrode|slp|[from] move: Sleep Powder\n|\n|upkeep\n|turn|17\n|\n|t:|1770596487\n|switch|p2a: Bisharp|Bisharp, L82, F|217/241\n|move|p1a: Lilligant|Giga Drain|p2a: Bisharp\n|-resisted|p2a: Bisharp\n|-damage|p2a: Bisharp|133/241\n|-heal|p1a: Lilligant|66/264|[from] drain|[of] p2a: Bisharp\n|\n|upkeep\n|turn|18\n|\n|t:|1770596497\n|move|p2a: Bisharp|Sucker Punch||[still]\n|-fail|p2a: Bisharp\n|move|p1a: Lilligant|Quiver Dance|p1a: Lilligant\n|-boost|p1a: Lilligant|spa|1\n|-boost|p1a: Lilligant|spd|1\n|-boost|p1a: Lilligant|spe|1\n|\n|upkeep\n|turn|19\n|\n|t:|1770596503\n|move|p2a: Bisharp|Sucker Punch||[still]\n|-fail|p2a: Bisharp\n|move|p1a: Lilligant|Quiver Dance|p1a: Lilligant\n|-boost|p1a: Lilligant|spa|1\n|-boost|p1a: Lilligant|spd|1\n|-boost|p1a: Lilligant|spe|1\n|\n|upkeep\n|turn|20\n|\n|t:|1770596510\n|move|p2a: Bisharp|Sucker Punch||[still]\n|-fail|p2a: Bisharp\n|move|p1a: Lilligant|Quiver Dance|p1a: Lilligant\n|-boost|p1a: Lilligant|spa|1\n|-boost|p1a: Lilligant|spd|1\n|-boost|p1a: Lilligant|spe|1\n|\n|upkeep\n|turn|21\n|\n|t:|1770596517\n|move|p1a: Lilligant|Quiver Dance|p1a: Lilligant\n|-boost|p1a: Lilligant|spa|1\n|-boost|p1a: Lilligant|spd|1\n|-boost|p1a: Lilligant|spe|1\n|move|p2a: Bisharp|Knock Off|p1a: Lilligant\n|-damage|p1a: Lilligant|0 fnt\n|faint|p1a: Lilligant\n|-damage|p2a: Bisharp|109/241|[from] item: Life Orb\n|\n|upkeep\n|\n|t:|1770596526\n|switch|p1a: Arceus|Arceus-Dark, L72|292/292\n|turn|22\n|\n|t:|1770596531\n|move|p1a: Arceus|Fire Blast|p2a: Bisharp\n|-supereffective|p2a: Bisharp\n|-damage|p2a: Bisharp|0 fnt\n|faint|p2a: Bisharp\n|\n|upkeep\n|\n|t:|1770596537\n|switch|p2a: Rotom|Rotom-Wash, L83|219/219\n|turn|23\n|\n|t:|1770596541\n|move|p2a: Rotom|Thunderbolt|p1a: Arceus\n|-damage|p1a: Arceus|195/292\n|-status|p1a: Arceus|par\n|move|p1a: Arceus|Judgment|p2a: Rotom\n|-damage|p2a: Rotom|125/219\n|\n|upkeep\n|turn|24\n|\n|t:|1770596549\n|move|p2a: Rotom|Thunderbolt|p1a: Arceus\n|-damage|p1a: Arceus|95/292 par\n|move|p1a: Arceus|Recover|p1a: Arceus\n|-heal|p1a: Arceus|241/292 par\n|\n|upkeep\n|turn|25\n|\n|t:|1770596555\n|switch|p2a: Electrode|Electrode, L89|252/252 slp\n|cant|p1a: Arceus|par\n|\n|upkeep\n|turn|26\n|\n|t:|1770596562\n|cant|p2a: Electrode|slp\n|move|p1a: Arceus|Judgment|p2a: Electrode\n|-damage|p2a: Electrode|144/252 slp\n|\n|-heal|p2a: Electrode|159/252 slp|[from] item: Leftovers\n|upkeep\n|turn|27\n|\n|t:|1770596570\n|-curestatus|p2a: Electrode|slp|[msg]\n|move|p2a: Electrode|Thunderbolt|p1a: Arceus\n|-damage|p1a: Arceus|162/292 par\n|move|p1a: Arceus|Judgment|p2a: Electrode\n|-damage|p2a: Electrode|39/252\n|\n|-heal|p2a: Electrode|54/252|[from] item: Leftovers\n|upkeep\n|turn|28\n|\n|t:|1770596580\n|move|p2a: Electrode|Thunderbolt|p1a: Arceus\n|-damage|p1a: Arceus|77/292 par\n|move|p1a: Arceus|Recover|p1a: Arceus\n|-heal|p1a: Arceus|223/292 par\n|\n|-heal|p2a: Electrode|69/252|[from] item: Leftovers\n|upkeep\n|turn|29\n|\n|t:|1770596588\n|move|p2a: Electrode|Thunderbolt|p1a: Arceus\n|-damage|p1a: Arceus|141/292 par\n|move|p1a: Arceus|Recover|p1a: Arceus\n|-heal|p1a: Arceus|287/292 par\n|\n|-heal|p2a: Electrode|84/252|[from] item: Leftovers\n|upkeep\n|turn|30\n|\n|t:|1770596597\n|move|p2a: Electrode|Thunderbolt|p1a: Arceus\n|-damage|p1a: Arceus|208/292 par\n|cant|p1a: Arceus|par\n|\n|-heal|p2a: Electrode|99/252|[from] item: Leftovers\n|upkeep\n|turn|31\n|\n|t:|1770596605\n|move|p2a: Electrode|Thunderbolt|p1a: Arceus\n|-damage|p1a: Arceus|127/292 par\n|cant|p1a: Arceus|par\n|\n|-heal|p2a: Electrode|114/252|[from] item: Leftovers\n|upkeep\n|turn|32\n|\n|t:|1770596613\n|move|p2a: Electrode|Thunderbolt|p1a: Arceus\n|-damage|p1a: Arceus|49/292 par\n|move|p1a: Arceus|Recover|p1a: Arceus\n|-heal|p1a: Arceus|195/292 par\n|\n|-heal|p2a: Electrode|129/252|[from] item: Leftovers\n|upkeep\n|turn|33\n|\n|t:|1770596621\n|move|p2a: Electrode|Thunderbolt|p1a: Arceus\n|-damage|p1a: Arceus|119/292 par\n|cant|p1a: Arceus|par\n|\n|-heal|p2a: Electrode|144/252|[from] item: Leftovers\n|upkeep\n|turn|34\n|\n|t:|1770596630\n|move|p2a: Electrode|Thunderbolt|p1a: Arceus\n|-damage|p1a: Arceus|31/292 par\n|cant|p1a: Arceus|par\n|\n|-heal|p2a: Electrode|159/252|[from] item: Leftovers\n|upkeep\n|turn|35\n|-message|bmint forfeited.\n|\n|win|AliceTASC\n|raw|bmint's rating: 1617 &rarr; <strong>1594</strong><br />(-23 for losing)\n|raw|AliceTASC's rating: 1567 &rarr; <strong>1590</strong><br />(+23 for winning)\n|l|☆bmint\n|player|p1|\n", "inputlog": ">version ccdc32dd7cde25fd9e4bed64820e885f66e78a4e\n>start {\"formatid\":\"gen7randombattle\",\"seed\":\"sodium,9d76a1dd0765102376f347b5c46a10e8\",\"rated\":\"Rated battle\"}\n>player p1 {\"name\":\"bmint\",\"avatar\":\"pesselle\",\"rating\":1617,\"seed\":\"sodium,d1bb47ff3ff2806eeac369a05d0b6211\"}\n>player p2 {\"name\":\"AliceTASC\",\"avatar\":\"dawn\",\"rating\":1567,\"seed\":\"sodium,6f8f18e73b977c84b3f87577df570120\"}\n>p1 move flareblitz\n>p2 move voltswitch\n>p2 switch 6\n>p1 move quickattack\n>p2 move earthquake\n>p1 move flareblitz\n>p2 move roost\n>p1 switch 2\n>p2 switch 6\n>p1 move stealthrock\n>p2 move voltswitch\n>p2 switch 2\n>p1 switch 3\n>p2 move rapidspin\n>p1 move return mega\n>p2 switch 3\n>p1 switch 3\n>p2 move icebeam\n>p1 move flashcannon\n>p2 switch 3\n>p1 move dracometeor\n>p2 move closecombat\n>p1 switch 3\n>p1 move return\n>p2 move toxic\n>p2 switch 3\n>p1 move return\n>p2 move icebeam\n>p1 switch 6\n>p1 move earthquake\n>p2 move icebeam\n>p2 switch 5\n>p1 switch 4\n>p2 move hydropump\n>p1 move quiverdance\n>p2 switch 4\n>p1 move sleeppowder\n>p2 move knockoff\n>p1 move sleeppowder\n>p2 switch 2\n>p1 move gigadrain\n>p2 switch 2\n>p1 move quiverdance\n>p2 move suckerpunch\n>p1 move quiverdance\n>p2 move suckerpunch\n>p1 move quiverdance\n>p2 move suckerpunch\n>p1 move quiverdance\n>p2 move knockoff\n>p1 switch 5\n>p1 move fireblast\n>p2 move ironhead\n>p2 switch 4\n>p1 move judgment\n>p2 move thunderbolt\n>p1 move recover\n>p2 move thunderbolt\n>p1 move recover\n>p2 switch 2\n>p1 move judgment\n>p2 move thunderbolt\n>p1 move judgment\n>p2 move thunderbolt\n>p1 move recover\n>p2 move thunderbolt\n>p1 move recover\n>p2 move thunderbolt\n>p1 move judgment\n>p2 move thunderbolt\n>p1 move recover\n>p2 move thunderbolt\n>p1 move recover\n>p2 move thunderbolt\n>p1 move recover\n>p2 move thunderbolt\n>p1 move recover\n>p2 move thunderbolt\n>forcelose p1", "uploadtime": 1770596640, "views": 199, "formatid": "gen7randombattle", "rating": 1590, "private": 0, "password": null}