{"id": "gen7randombattle-2529914995", "format": "[Gen 7] Random Battle", "players": ["scraftyfellow", "aurora ltd"], "log": "|j|☆scraftyfellow\n|j|☆aurora ltd\n|t:|1769844236\n|gametype|singles\n|player|p1|scraftyfellow|striker|1615\n|player|p2|aurora ltd|silver-gen2kanto|1509\n|gen|7\n|tier|[Gen 7] Random Battle\n|rated|\n|rule|Sleep Clause Mod: Limit one foe put to sleep\n|rule|HP Percentage Mod: HP is shown in percentages\n|rule|Illusion Level Mod: Illusion disguises the Pokémon's true level\n|\n|t:|1769844236\n|teamsize|p1|6\n|teamsize|p2|6\n|start\n|switch|p1a: Talonflame|Talonflame, L82, F|261/261\n|switch|p2a: Muk|Muk, L88, M|328/328\n|turn|1\n|inactive|Battle timer is ON: inactive players will automatically lose when time's up. (requested by scraftyfellow)\n|\n|t:|1769844256\n|move|p1a: Talonflame|U-turn|p2a: Muk\n|-resisted|p2a: Muk\n|-damage|p2a: Muk|305/328\n|\n|t:|1769844264\n|switch|p1a: Ferrothorn|Ferrothorn, L72, F|226/226|[from] U-turn\n|move|p2a: Muk|Gunk Shot|p1a: Ferrothorn\n|-immune|p1a: Ferrothorn\n|\n|-heal|p2a: Muk|325/328|[from] item: Black Sludge\n|upkeep\n|turn|2\n|\n|t:|1769844277\n|move|p2a: Muk|Brick Break|p1a: Ferrothorn\n|-supereffective|p1a: Ferrothorn\n|-damage|p1a: Ferrothorn|124/226\n|-damage|p2a: Muk|284/328|[from] ability: Iron Barbs|[of] p1a: Ferrothorn\n|move|p1a: Ferrothorn|Stealth Rock|p2a: Muk\n|-sidestart|p2: aurora ltd|move: Stealth Rock\n|\n|-heal|p2a: Muk|304/328|[from] item: Black Sludge\n|-heal|p1a: Ferrothorn|138/226|[from] item: Leftovers\n|upkeep\n|turn|3\n|\n|t:|1769844286\n|move|p2a: Muk|Brick Break|p1a: Ferrothorn\n|-supereffective|p1a: Ferrothorn\n|-crit|p1a: Ferrothorn\n|-damage|p1a: Ferrothorn|0 fnt\n|-damage|p2a: Muk|263/328|[from] ability: Iron Barbs|[of] p1a: Ferrothorn\n|faint|p1a: Ferrothorn\n|\n|-heal|p2a: Muk|283/328|[from] item: Black Sludge\n|upkeep\n|\n|t:|1769844310\n|switch|p1a: Nidoking|Nidoking, L82, M|267/267\n|turn|4\n|inactive|aurora ltd has 120 seconds left.\n|\n|t:|1769844359\n|switch|p2a: Donphan|Donphan, L84, F|288/288\n|-damage|p2a: Donphan|270/288|[from] Stealth Rock\n|move|p1a: Nidoking|Earth Power|p2a: Donphan\n|-damage|p2a: Donphan|82/288\n|\n|-heal|p2a: Donphan|100/288|[from] item: Leftovers\n|upkeep\n|turn|5\n|\n|t:|1769844373\n|move|p1a: Nidoking|Earth Power|p2a: Donphan\n|-damage|p2a: Donphan|0 fnt\n|faint|p2a: Donphan\n|\n|upkeep\n|inactive|aurora ltd has 90 seconds left.\n|\n|t:|1769844400\n|switch|p2a: Venusaur|Venusaur, L78, F|253/253\n|-damage|p2a: Venusaur|222/253|[from] Stealth Rock\n|turn|6\n|inactive|aurora ltd has 90 seconds left.\n|\n|t:|1769844424\n|detailschange|p2a: Venusaur|Venusaur-Mega, L78, F\n|-mega|p2a: Venusaur|Venusaur|Venusaurite\n|move|p1a: Nidoking|Earth Power|p2a: Venusaur\n|-damage|p2a: Venusaur|105/253\n|move|p2a: Venusaur|Knock Off|p1a: Nidoking\n|-damage|p1a: Nidoking|201/267\n|-enditem|p1a: Nidoking|Life Orb|[from] move: Knock Off|[of] p2a: Venusaur\n|\n|upkeep\n|turn|7\n|\n|t:|1769844434\n|switch|p1a: Talonflame|Talonflame, L82, F|261/261\n|move|p2a: Venusaur|Synthesis|p2a: Venusaur\n|-heal|p2a: Venusaur|231/253\n|\n|upkeep\n|turn|8\n|\n|t:|1769844459\n|switch|p2a: Muk|Muk, L88, M|283/328\n|-damage|p2a: Muk|242/328|[from] Stealth Rock\n|move|p1a: Talonflame|Brave Bird|p2a: Muk\n|-damage|p2a: Muk|134/328\n|-damage|p1a: Talonflame|225/261|[from] Recoil\n|\n|-heal|p1a: Talonflame|241/261|[from] item: Leftovers\n|-heal|p2a: Muk|154/328|[from] item: Black Sludge\n|upkeep\n|turn|9\n|\n|t:|1769844472\n|move|p1a: Talonflame|Overheat|p2a: Muk\n|-damage|p2a: Muk|60/328\n|-unboost|p1a: Talonflame|spa|2\n|move|p2a: Muk|Gunk Shot|p1a: Talonflame\n|-damage|p1a: Talonflame|64/261\n|\n|-heal|p1a: Talonflame|80/261|[from] item: Leftovers\n|-heal|p2a: Muk|80/328|[from] item: Black Sludge\n|upkeep\n|turn|10\n|inactive|aurora ltd has 60 seconds left.\n|\n|t:|1769844491\n|move|p1a: Talonflame|Brave Bird|p2a: Muk\n|-damage|p2a: Muk|0 fnt\n|faint|p2a: Muk\n|-damage|p1a: Talonflame|54/261|[from] Recoil\n|\n|-heal|p1a: Talonflame|70/261|[from] item: Leftovers\n|upkeep\n|inactive|aurora ltd has 60 seconds left.\n|\n|t:|1769844507\n|switch|p2a: Slurpuff|Slurpuff, L79, M|258/258\n|-damage|p2a: Slurpuff|226/258|[from] Stealth Rock\n|turn|11\n|\n|t:|1769844523\n|move|p1a: Talonflame|Brave Bird|p2a: Slurpuff\n|-damage|p2a: Slurpuff|105/258\n|-enditem|p2a: Slurpuff|Sitrus Berry|[eat]\n|-heal|p2a: Slurpuff|169/258|[from] item: Sitrus Berry\n|-damage|p1a: Talonflame|30/261|[from] Recoil\n|move|p2a: Slurpuff|Belly Drum|p2a: Slurpuff\n|-damage|p2a: Slurpuff|40/258\n|-setboost|p2a: Slurpuff|atk|6|[from] move: Belly Drum\n|\n|-heal|p1a: Talonflame|46/261|[from] item: Leftovers\n|upkeep\n|turn|12\n|\n|t:|1769844539\n|move|p2a: Slurpuff|Drain Punch|p1a: Talonflame\n|-resisted|p1a: Talonflame\n|-damage|p1a: Talonflame|0 fnt\n|-heal|p2a: Slurpuff|63/258|[from] drain|[of] p1a: Talonflame\n|faint|p1a: Talonflame\n|\n|upkeep\n|\n|t:|1769844547\n|switch|p1a: Lugia|Lugia, L71|268/268\n|turn|13\n|\n|t:|1769844556\n|move|p2a: Slurpuff|Play Rough|p1a: Lugia\n|-damage|p1a: Lugia|135/268\n|move|p1a: Lugia|Toxic|p2a: Slurpuff|[miss]\n|-miss|p1a: Lugia|p2a: Slurpuff\n|\n|-heal|p1a: Lugia|151/268|[from] item: Leftovers\n|upkeep\n|turn|14\n|inactive|aurora ltd has 60 seconds left.\n|\n|t:|1769844567\n|move|p2a: Slurpuff|Play Rough|p1a: Lugia\n|-damage|p1a: Lugia|0 fnt\n|faint|p1a: Lugia\n|\n|upkeep\n|\n|t:|1769844573\n|switch|p1a: Nidoking|Nidoking, L82, M|201/267\n|turn|15\n|inactive|aurora ltd has 60 seconds left.\n|\n|t:|1769844589\n|move|p2a: Slurpuff|Return|p1a: Nidoking\n|-damage|p1a: Nidoking|0 fnt\n|faint|p1a: Nidoking\n|\n|upkeep\n|\n|t:|1769844595\n|switch|p1a: Seaking|Seaking, L95, M|306/306\n|turn|16\n|inactive|aurora ltd has 60 seconds left.\n|\n|t:|1769844607\n|move|p2a: Slurpuff|Play Rough|p1a: Seaking\n|-damage|p1a: Seaking|0 fnt\n|faint|p1a: Seaking\n|\n|upkeep\n|\n|t:|1769844617\n|switch|p1a: Pikachu|Pikachu, L93, M|216/216\n|turn|17\n|-message|scraftyfellow forfeited.\n|\n|win|aurora ltd\n|raw|scraftyfellow's rating: 1600 &rarr; <strong>1575</strong><br />(-25 for losing)\n|raw|aurora ltd's rating: 1509 &rarr; <strong>1534</strong><br />(+25 for winning)\n|l|☆scraftyfellow\n|player|p1|\n", "inputlog": ">version b99ff0165a6231f17e8b78c2a78d1998375de664\n>start {\"formatid\":\"gen7randombattle\",\"seed\":\"sodium,b65f11abf24cd9524105b9a25245ea3b\",\"rated\":\"Rated battle\"}\n>player p1 {\"name\":\"scraftyfellow\",\"avatar\":\"striker\",\"rating\":1615,\"seed\":\"sodium,9d6db1d6c42ec0b1dec48e55f9b1a161\"}\n>player p2 {\"name\":\"aurora ltd\",\"avatar\":\"silver-gen2kanto\",\"rating\":1509,\"seed\":\"sodium,551dafda4395b2481a0872287305894a\"}\n>p1 move uturn\n>p2 move gunkshot\n>p1 switch 4\n>p1 move stealthrock\n>p2 move brickbreak\n>p1 move knockoff\n>p2 move brickbreak\n>p1 switch 5\n>p1 move earthpower\n>p2 switch 5\n>p1 move earthpower\n>p2 move earthquake\n>p2 switch 6\n>p1 move earthpower\n>p2 move knockoff mega\n>p1 switch 4\n>p2 move synthesis\n>p1 move bravebird\n>p2 switch 5\n>p1 move overheat\n>p2 move gunkshot\n>p1 move bravebird\n>p2 move gunkshot\n>p2 switch 3\n>p1 move bravebird\n>p2 move bellydrum\n>p1 move bravebird\n>p2 move drainpunch\n>p1 switch 2\n>p1 move toxic\n>p2 move playrough\n>p1 move toxic\n>p2 move playrough\n>p1 switch 4\n>p1 move poisonjab\n>p2 move return\n>p1 switch 3\n>p1 move waterfall\n>p2 move playrough\n>p1 switch 6\n>forcelose p1", "uploadtime": 1769844637, "views": 179, "formatid": "gen7randombattle", "rating": 1534, "private": 0, "password": null}