{"id": "gen7randombattle-2536301468", "format": "[Gen 7] Random Battle", "players": ["La.Hellhound", "acqua_0f_the_back"], "log": "|j|‽La.Hellhound\n|j|☆acqua_0f_the_back\n|t:|1770672668\n|gametype|singles\n|player|p1|La.Hellhound|bruno|1701\n|player|p2|acqua_0f_the_back|colress|1635\n|gen|7\n|tier|[Gen 7] Random Battle\n|rated|\n|rule|Sleep Clause Mod: Limit one foe put to sleep\n|rule|HP Percentage Mod: HP is shown in percentages\n|rule|Illusion Level Mod: Illusion disguises the Pokémon's true level\n|\n|t:|1770672668\n|teamsize|p1|6\n|teamsize|p2|6\n|start\n|switch|p1a: Sylveon|Sylveon, L85, M|300/300\n|switch|p2a: Ariados|Ariados, L92, M|278/278\n|turn|1\n|inactive|Battle timer is ON: inactive players will automatically lose when time's up. (requested by acqua_0f_the_back)\n|inactive|La.Hellhound also wants the timer to be on.\n|\n|t:|1770672695\n|switch|p1a: Garbodor|Garbodor, L88, M|284/284\n|move|p2a: Ariados|Sticky Web|p1a: Garbodor\n|-sidestart|p1: La.Hellhound|move: Sticky Web\n|\n|upkeep\n|turn|2\n|\n|t:|1770672704\n|switch|p2a: Rhydon|Rhydon, L85, F|317/317\n|move|p1a: Garbodor|Spikes|p2a: Rhydon\n|-sidestart|p2: acqua_0f_the_back|Spikes\n|\n|upkeep\n|turn|3\n|n|‽La.Hellhound|lahellhound\n|n|‽La.Hellhound|lahellhound\n|\n|t:|1770672733\n|switch|p1a: Maractus|Maractus, F|312/312\n|-activate|p1a: Maractus|move: Sticky Web\n|-unboost|p1a: Maractus|spe|1\n|move|p2a: Rhydon|Earthquake|p1a: Maractus\n|-resisted|p1a: Maractus\n|-damage|p1a: Maractus|235/312\n|\n|upkeep\n|turn|4\n|\n|t:|1770672751\n|switch|p2a: Chandelure|Chandelure, L84, F|238/238\n|-damage|p2a: Chandelure|209/238|[from] Spikes\n|move|p1a: Maractus|Giga Drain|p2a: Chandelure\n|-resisted|p2a: Chandelure\n|-damage|p2a: Chandelure|132/238\n|-heal|p1a: Maractus|274/312|[from] drain|[of] p2a: Chandelure\n|-damage|p1a: Maractus|243/312|[from] item: Life Orb\n|\n|upkeep\n|turn|5\n|\n|t:|1770672764\n|move|p2a: Chandelure|Fire Blast|p1a: Maractus|[miss]\n|-miss|p2a: Chandelure|p1a: Maractus\n|move|p1a: Maractus|Knock Off|p2a: Chandelure\n|-supereffective|p2a: Chandelure\n|-damage|p2a: Chandelure|0 fnt\n|-enditem|p2a: Chandelure|Choice Scarf|[from] move: Knock Off|[of] p1a: Maractus\n|faint|p2a: Chandelure\n|-damage|p1a: Maractus|212/312|[from] item: Life Orb\n|\n|upkeep\n|\n|t:|1770672782\n|switch|p2a: Ariados|Ariados, L92, M|278/278\n|-damage|p2a: Ariados|244/278|[from] Spikes\n|turn|6\n|\n|t:|1770672802\n|switch|p1a: Garbodor|Garbodor, L88, M|284/284\n|-activate|p1a: Garbodor|move: Sticky Web\n|-unboost|p1a: Garbodor|spe|1\n|move|p2a: Ariados|Poison Jab|p1a: Garbodor\n|-resisted|p1a: Garbodor\n|-damage|p1a: Garbodor|239/284\n|\n|-heal|p1a: Garbodor|256/284|[from] item: Black Sludge\n|upkeep\n|turn|7\n|\n|t:|1770672811\n|switch|p2a: Rhydon|Rhydon, L85, F|317/317\n|-damage|p2a: Rhydon|278/317|[from] Spikes\n|move|p1a: Garbodor|Spikes|p2a: Rhydon\n|-sidestart|p2: acqua_0f_the_back|Spikes\n|\n|-heal|p1a: Garbodor|273/284|[from] item: Black Sludge\n|upkeep\n|turn|8\n|\n|t:|1770672824\n|switch|p1a: Accelgor|Accelgor, L90, M|290/290\n|-activate|p1a: Accelgor|move: Sticky Web\n|-unboost|p1a: Accelgor|spe|1\n|move|p2a: Rhydon|Earthquake|p1a: Accelgor\n|-resisted|p1a: Accelgor\n|-damage|p1a: Accelgor|178/290\n|\n|-heal|p1a: Accelgor|196/290|[from] item: Leftovers\n|upkeep\n|turn|9\n|\n|t:|1770672842\n|move|p1a: Accelgor|Encore|p2a: Rhydon\n|-start|p2a: Rhydon|Encore\n|move|p2a: Rhydon|Earthquake|p1a: Accelgor\n|-resisted|p1a: Accelgor\n|-damage|p1a: Accelgor|79/290\n|\n|-heal|p1a: Accelgor|97/290|[from] item: Leftovers\n|upkeep\n|turn|10\n|\n|t:|1770672851\n|move|p1a: Accelgor|U-turn|p2a: Rhydon\n|-damage|p2a: Rhydon|241/317\n|\n|t:|1770672855\n|switch|p1a: Maractus|Maractus, F|212/312|[from] U-turn\n|-activate|p1a: Maractus|move: Sticky Web\n|-unboost|p1a: Maractus|spe|1\n|move|p2a: Rhydon|Earthquake|p1a: Maractus\n|-resisted|p1a: Maractus\n|-damage|p1a: Maractus|145/312\n|\n|upkeep\n|turn|11\n|\n|t:|1770672868\n|switch|p2a: Ariados|Ariados, L92, M|244/278\n|-damage|p2a: Ariados|198/278|[from] Spikes\n|move|p1a: Maractus|Spikes|p2a: Ariados\n|-sidestart|p2: acqua_0f_the_back|Spikes\n|\n|upkeep\n|turn|12\n|\n|t:|1770672878\n|switch|p2a: Rhydon|Rhydon, L85, F|241/317\n|-damage|p2a: Rhydon|162/317|[from] Spikes\n|switch|p1a: Garbodor|Garbodor, L88, M|273/284\n|-activate|p1a: Garbodor|move: Sticky Web\n|-unboost|p1a: Garbodor|spe|1\n|\n|-heal|p1a: Garbodor|284/284|[from] item: Black Sludge\n|upkeep\n|turn|13\n|\n|t:|1770672890\n|switch|p1a: Delcatty|Delcatty, L99, M|299/299\n|-activate|p1a: Delcatty|move: Sticky Web\n|-unboost|p1a: Delcatty|spe|1\n|move|p2a: Rhydon|Earthquake|p1a: Delcatty\n|-damage|p1a: Delcatty|146/299\n|\n|upkeep\n|turn|14\n|\n|t:|1770672902\n|switch|p2a: Carnivine|Carnivine, F|310/310\n|move|p1a: Delcatty|Fake Out|p2a: Carnivine\n|-damage|p2a: Carnivine|259/310\n|\n|-heal|p2a: Carnivine|278/310|[from] item: Leftovers\n|upkeep\n|turn|15\n|\n|t:|1770672913\n|move|p1a: Delcatty|Toxic|p2a: Carnivine\n|-status|p2a: Carnivine|tox\n|move|p2a: Carnivine|Power Whip|p1a: Delcatty\n|-damage|p1a: Delcatty|0 fnt\n|faint|p1a: Delcatty\n|\n|-heal|p2a: Carnivine|297/310 tox|[from] item: Leftovers\n|-damage|p2a: Carnivine|278/310 tox|[from] psn\n|upkeep\n|\n|t:|1770672925\n|switch|p1a: Drapion|Drapion, L83, M|252/252\n|-activate|p1a: Drapion|move: Sticky Web\n|-unboost|p1a: Drapion|spe|1\n|turn|16\n|\n|t:|1770672946\n|move|p2a: Carnivine|Knock Off|p1a: Drapion\n|-resisted|p1a: Drapion\n|-damage|p1a: Drapion|212/252\n|-enditem|p1a: Drapion|Choice Band|[from] move: Knock Off|[of] p2a: Carnivine\n|move|p1a: Drapion|Pursuit|p2a: Carnivine\n|-damage|p2a: Carnivine|238/310 tox\n|\n|-heal|p2a: Carnivine|257/310 tox|[from] item: Leftovers\n|-damage|p2a: Carnivine|219/310 tox|[from] psn\n|upkeep\n|turn|17\n|\n|t:|1770672956\n|move|p2a: Carnivine|Power Whip|p1a: Drapion\n|-resisted|p1a: Drapion\n|-damage|p1a: Drapion|135/252\n|move|p1a: Drapion|Poison Jab|p2a: Carnivine\n|-supereffective|p2a: Carnivine\n|-damage|p2a: Carnivine|75/310 tox\n|\n|-heal|p2a: Carnivine|94/310 tox|[from] item: Leftovers\n|-damage|p2a: Carnivine|37/310 tox|[from] psn\n|upkeep\n|turn|18\n|\n|t:|1770672965\n|move|p2a: Carnivine|Power Whip|p1a: Drapion\n|-resisted|p1a: Drapion\n|-damage|p1a: Drapion|50/252\n|move|p1a: Drapion|Pursuit|p2a: Carnivine\n|-damage|p2a: Carnivine|0 fnt\n|faint|p2a: Carnivine\n|\n|upkeep\n|inactive|acqua_0f_the_back has 120 seconds left.\n|\n|t:|1770673006\n|switch|p2a: Gurdurr|Gurdurr, L87, M|290/290\n|-damage|p2a: Gurdurr|218/290|[from] Spikes\n|turn|19\n|\n|t:|1770673017\n|move|p1a: Drapion|Knock Off|p2a: Gurdurr\n|-resisted|p2a: Gurdurr\n|-damage|p2a: Gurdurr|188/290\n|-enditem|p2a: Gurdurr|Eviolite|[from] move: Knock Off|[of] p1a: Drapion\n|move|p2a: Gurdurr|Drain Punch|p1a: Drapion\n|-damage|p1a: Drapion|0 fnt\n|-heal|p2a: Gurdurr|213/290|[from] drain|[of] p1a: Drapion\n|faint|p1a: Drapion\n|\n|upkeep\n|\n|t:|1770673030\n|switch|p1a: Sylveon|Sylveon, L85, M|300/300\n|-activate|p1a: Sylveon|move: Sticky Web\n|-unboost|p1a: Sylveon|spe|1\n|turn|20\n|\n|t:|1770673038\n|switch|p2a: Ariados|Ariados, L92, M|198/278\n|-damage|p2a: Ariados|129/278|[from] Spikes\n|move|p1a: Sylveon|Hyper Voice|p2a: Ariados\n|-resisted|p2a: Ariados\n|-damage|p2a: Ariados|61/278\n|\n|upkeep\n|turn|21\n|inactive|acqua_0f_the_back has 120 seconds left.\n|\n|t:|1770673046\n|switch|p1a: Garbodor|Garbodor, L88, M|284/284\n|-activate|p1a: Garbodor|move: Sticky Web\n|-unboost|p1a: Garbodor|spe|1\n|move|p2a: Ariados|Poison Jab|p1a: Garbodor\n|-resisted|p1a: Garbodor\n|-damage|p1a: Garbodor|233/284\n|\n|-heal|p1a: Garbodor|250/284|[from] item: Black Sludge\n|upkeep\n|turn|22\n|\n|t:|1770673056\n|move|p2a: Ariados|Toxic Spikes|p1a: Garbodor\n|-sidestart|p1: La.Hellhound|move: Toxic Spikes\n|move|p1a: Garbodor|Stomping Tantrum|p2a: Ariados\n|-damage|p2a: Ariados|0 fnt\n|faint|p2a: Ariados\n|\n|-heal|p1a: Garbodor|267/284|[from] item: Black Sludge\n|upkeep\n|inactive|acqua_0f_the_back has 120 seconds left.\n|\n|t:|1770673067\n|switch|p2a: Rhydon|Rhydon, L85, F|162/317\n|-damage|p2a: Rhydon|83/317|[from] Spikes\n|turn|23\n|\n|t:|1770673073\n|switch|p1a: Maractus|Maractus, F|145/312\n|-activate|p1a: Maractus|move: Sticky Web\n|-unboost|p1a: Maractus|spe|1\n|-status|p1a: Maractus|psn\n|move|p2a: Rhydon|Earthquake|p1a: Maractus\n|-resisted|p1a: Maractus\n|-crit|p1a: Maractus\n|-damage|p1a: Maractus|44/312 psn\n|\n|-damage|p1a: Maractus|5/312 psn|[from] psn\n|upkeep\n|turn|24\n|\n|t:|1770673083\n|move|p1a: Maractus|Giga Drain|p2a: Rhydon\n|-supereffective|p2a: Rhydon\n|-damage|p2a: Rhydon|0 fnt\n|-heal|p1a: Maractus|47/312 psn|[from] drain|[of] p2a: Rhydon\n|faint|p2a: Rhydon\n|-damage|p1a: Maractus|16/312 psn|[from] item: Life Orb\n|\n|-damage|p1a: Maractus|0 fnt|[from] psn\n|faint|p1a: Maractus\n|upkeep\n|\n|t:|1770673095\n|switch|p1a: Garbodor|Garbodor, L88, M|267/284\n|switch|p2a: Malamar|Malamar, L80, M|269/269\n|-activate|p1a: Garbodor|move: Sticky Web\n|-unboost|p1a: Garbodor|spe|1\n|-sideend|p1: La.Hellhound|move: Toxic Spikes|[of] p1a: Garbodor\n|-damage|p2a: Malamar|202/269|[from] Spikes\n|turn|25\n|\n|t:|1770673105\n|-zpower|p2a: Malamar\n|move|p2a: Malamar|Z-Happy Hour|p2a: Malamar|[anim]Happy Hour\n|-boost|p2a: Malamar|atk|1|[zeffect]\n|-boost|p2a: Malamar|def|1|[zeffect]\n|-boost|p2a: Malamar|spa|1|[zeffect]\n|-boost|p2a: Malamar|spd|1|[zeffect]\n|-boost|p2a: Malamar|spe|1|[zeffect]\n|move|p1a: Garbodor|Gunk Shot|p2a: Malamar\n|-damage|p2a: Malamar|111/269\n|\n|-heal|p1a: Garbodor|284/284|[from] item: Black Sludge\n|upkeep\n|turn|26\n|\n|t:|1770673115\n|move|p2a: Malamar|Psycho Cut|p1a: Garbodor\n|-supereffective|p1a: Garbodor\n|-damage|p1a: Garbodor|84/284\n|move|p1a: Garbodor|Gunk Shot|p2a: Malamar\n|-crit|p2a: Malamar\n|-damage|p2a: Malamar|0 fnt\n|faint|p2a: Malamar\n|\n|-heal|p1a: Garbodor|101/284|[from] item: Black Sludge\n|upkeep\n|\n|t:|1770673121\n|switch|p2a: Gurdurr|Gurdurr, L87, M|213/290\n|-damage|p2a: Gurdurr|141/290|[from] Spikes\n|turn|27\n|\n|t:|1770673126\n|switch|p1a: Accelgor|Accelgor, L90, M|97/290\n|-activate|p1a: Accelgor|move: Sticky Web\n|-unboost|p1a: Accelgor|spe|1\n|move|p2a: Gurdurr|Drain Punch|p1a: Accelgor\n|-resisted|p1a: Accelgor\n|-damage|p1a: Accelgor|30/290\n|-heal|p2a: Gurdurr|175/290|[from] drain|[of] p1a: Accelgor\n|\n|-heal|p1a: Accelgor|48/290|[from] item: Leftovers\n|upkeep\n|turn|28\n|\n|t:|1770673137\n|move|p1a: Accelgor|Encore|p2a: Gurdurr\n|-start|p2a: Gurdurr|Encore\n|move|p2a: Gurdurr|Drain Punch|p1a: Accelgor\n|-resisted|p1a: Accelgor\n|-damage|p1a: Accelgor|0 fnt\n|-heal|p2a: Gurdurr|199/290|[from] drain|[of] p1a: Accelgor\n|faint|p1a: Accelgor\n|\n|upkeep\n|\n|t:|1770673144\n|switch|p1a: Sylveon|Sylveon, L85, M|300/300\n|-activate|p1a: Sylveon|move: Sticky Web\n|-unboost|p1a: Sylveon|spe|1\n|turn|29\n|\n|t:|1770673148\n|move|p2a: Gurdurr|Drain Punch|p1a: Sylveon\n|-resisted|p1a: Sylveon\n|-damage|p1a: Sylveon|247/300\n|-heal|p2a: Gurdurr|226/290|[from] drain|[of] p1a: Sylveon\n|move|p1a: Sylveon|Hyper Voice|p2a: Gurdurr\n|-supereffective|p2a: Gurdurr\n|-damage|p2a: Gurdurr|0 fnt\n|faint|p2a: Gurdurr\n|\n|win|La.Hellhound\n|raw|La.Hellhound's rating: 1701 &rarr; <strong>1717</strong><br />(+16 for winning)\n|raw|acqua_0f_the_back's rating: 1635 &rarr; <strong>1619</strong><br />(-16 for losing)\n|l|☆acqua_0f_the_back\n|player|p2|\n", "inputlog": ">version ccdc32dd7cde25fd9e4bed64820e885f66e78a4e\n>start {\"formatid\":\"gen7randombattle\",\"seed\":\"sodium,79323eb7e13e8bb54771042cca4d45ff\",\"rated\":\"Rated battle\"}\n>player p1 {\"name\":\"La.Hellhound\",\"avatar\":\"bruno\",\"rating\":1701,\"seed\":\"sodium,5c07bdfceb4254a71978a1c146b28a44\"}\n>player p2 {\"name\":\"acqua_0f_the_back\",\"avatar\":\"colress\",\"rating\":1635,\"seed\":\"sodium,3fa1c5f2e63933c305d0ca9908b56b13\"}\n>p1 switch 4\n>p2 move stickyweb\n>p1 move spikes\n>p2 switch 3\n>p1 switch 6\n>p2 move earthquake\n>p1 move gigadrain\n>p2 switch 4\n>p1 move knockoff\n>p2 move fireblast\n>p2 switch 3\n>p1 switch 6\n>p2 move poisonjab\n>p1 move spikes\n>p2 switch 4\n>p1 switch 2\n>p2 move earthquake\n>p1 move encore\n>p2 move toxic\n>p1 move uturn\n>p2 move earthquake\n>p1 switch 6\n>p1 move spikes\n>p2 switch 4\n>p1 switch 2\n>p2 switch 4\n>p1 switch 5\n>p2 move earthquake\n>p1 move fakeout\n>p2 switch 6\n>p1 move toxic\n>p2 move powerwhip\n>p1 switch 3\n>p1 move pursuit\n>p2 move knockoff\n>p1 move poisonjab\n>p2 move powerwhip\n>p1 move pursuit\n>p2 move powerwhip\n>p2 switch 2\n>p1 move knockoff\n>p2 move drainpunch\n>p1 switch 4\n>p1 move hypervoice\n>p2 switch 4\n>p1 switch 5\n>p2 move poisonjab\n>p1 move stompingtantrum\n>p2 move toxicspikes\n>p2 switch 6\n>p1 switch 2\n>p2 move earthquake\n>p1 move gigadrain\n>p2 move earthquake\n>p1 switch 2\n>p2 switch 5\n>p1 move gunkshot\n>p2 move happyhour zmove\n>p1 move gunkshot\n>p2 move psychocut\n>p2 switch 4\n>p1 switch 6\n>p2 move drainpunch\n>p1 move encore\n>p2 move drainpunch\n>p1 switch 5\n>p1 move hypervoice\n>p2 move drainpunch", "uploadtime": 1770673157, "views": 189, "formatid": "gen7randombattle", "rating": 1619, "private": 0, "password": null}