{"id": "gen7randombattle-2532286565", "format": "[Gen 7] Random Battle", "players": ["Peggofwhite", "beckywiththebraids"], "log": "|j|☆Peggofwhite\n|j|☆beckywiththebraids\n|t:|1770157830\n|gametype|singles\n|player|p1|Peggofwhite|1|1601\n|player|p2|beckywiththebraids|266|1781\n|gen|7\n|tier|[Gen 7] Random Battle\n|rated|\n|rule|Sleep Clause Mod: Limit one foe put to sleep\n|rule|HP Percentage Mod: HP is shown in percentages\n|rule|Illusion Level Mod: Illusion disguises the Pokémon's true level\n|\n|t:|1770157830\n|teamsize|p1|6\n|teamsize|p2|6\n|start\n|switch|p1a: Blastoise|Blastoise, L82, F|264/264\n|switch|p2a: Torterra|Torterra, L88, F|310/310\n|turn|1\n|inactive|Battle timer is ON: inactive players will automatically lose when time's up. (requested by Peggofwhite)\n|\n|t:|1770157853\n|switch|p2a: Klefki|Klefki, L83, F|230/230\n|detailschange|p1a: Blastoise|Blastoise-Mega, L82, F\n|-mega|p1a: Blastoise|Blastoise|Blastoisinite\n|move|p1a: Blastoise|Ice Beam|p2a: Klefki\n|-resisted|p2a: Klefki\n|-damage|p2a: Klefki|188/230\n|\n|-heal|p2a: Klefki|202/230|[from] item: Leftovers\n|upkeep\n|turn|2\n|\n|t:|1770157870\n|switch|p1a: Raichu|Raichu, L88, F|249/249\n|move|p2a: Klefki|Thunder Wave|p1a: Raichu\n|-ability|p1a: Raichu|Lightning Rod|boost\n|-boost|p1a: Raichu|spa|1\n|\n|-heal|p2a: Klefki|216/230|[from] item: Leftovers\n|upkeep\n|turn|3\n|\n|t:|1770157877\n|switch|p2a: Meganium|Meganium, L92, M|297/297\n|move|p1a: Raichu|Nuzzle|p2a: Meganium\n|-resisted|p2a: Meganium\n|-damage|p2a: Meganium|288/297\n|-status|p2a: Meganium|par\n|\n|-heal|p2a: Meganium|297/297 par|[from] item: Leftovers\n|upkeep\n|turn|4\n|\n|t:|1770157881\n|move|p1a: Raichu|Volt Switch|p2a: Meganium\n|-resisted|p2a: Meganium\n|-crit|p2a: Meganium\n|-damage|p2a: Meganium|223/297 par\n|\n|t:|1770157889\n|switch|p1a: Ledian|Ledian, F|271/271|[from] Volt Switch\n|move|p2a: Meganium|Leech Seed|p1a: Ledian\n|-start|p1a: Ledian|move: Leech Seed\n|\n|-heal|p2a: Meganium|241/297 par|[from] item: Leftovers\n|-damage|p1a: Ledian|238/271|[from] Leech Seed|[of] p2a: Meganium\n|-heal|p2a: Meganium|274/297 par|[silent]\n|upkeep\n|turn|5\n|\n|t:|1770157897\n|switch|p1a: Reshiram|Reshiram, L75|274/274\n|-ability|p1a: Reshiram|Turboblaze\n|switch|p2a: Klefki|Klefki, L83, F|216/230\n|\n|-heal|p2a: Klefki|230/230|[from] item: Leftovers\n|upkeep\n|turn|6\n|\n|t:|1770157906\n|move|p2a: Klefki|Thunder Wave|p1a: Reshiram\n|-status|p1a: Reshiram|par\n|cant|p1a: Reshiram|par\n|\n|upkeep\n|turn|7\n|\n|t:|1770157911\n|move|p2a: Klefki|Spikes|p1a: Reshiram\n|-sidestart|p1: Peggofwhite|Spikes\n|move|p1a: Reshiram|Blue Flare|p2a: Klefki\n|-supereffective|p2a: Klefki\n|-crit|p2a: Klefki\n|-damage|p2a: Klefki|0 fnt\n|faint|p2a: Klefki\n|\n|upkeep\n|\n|t:|1770157913\n|switch|p2a: Golem|Golem, L86, F|278/278\n|turn|8\n|\n|t:|1770157924\n|switch|p1a: Blastoise|Blastoise-Mega, L82, F|264/264\n|-damage|p1a: Blastoise|231/264|[from] Spikes\n|move|p2a: Golem|Stone Edge|p1a: Blastoise|[miss]\n|-miss|p2a: Golem|p1a: Blastoise\n|\n|upkeep\n|turn|9\n|\n|t:|1770157935\n|switch|p2a: Meganium|Meganium, L92, M|274/297 par\n|move|p1a: Blastoise|Scald|p2a: Meganium\n|-resisted|p2a: Meganium\n|-damage|p2a: Meganium|232/297 par\n|\n|-heal|p2a: Meganium|250/297 par|[from] item: Leftovers\n|upkeep\n|turn|10\n|\n|t:|1770157945\n|switch|p1a: Reshiram|Reshiram, L75|274/274 par\n|-damage|p1a: Reshiram|240/274 par|[from] Spikes\n|-ability|p1a: Reshiram|Turboblaze\n|cant|p2a: Meganium|par\n|\n|-heal|p2a: Meganium|268/297 par|[from] item: Leftovers\n|-heal|p1a: Reshiram|257/274 par|[from] item: Leftovers\n|upkeep\n|turn|11\n|\n|t:|1770157955\n|switch|p2a: Arbok|Arbok, L90, F|254/254\n|-ability|p2a: Arbok|Intimidate|boost\n|-unboost|p1a: Reshiram|atk|1\n|move|p1a: Reshiram|Defog|p2a: Arbok\n|-unboost|p2a: Arbok|evasion|1\n|-sideend|p1: Peggofwhite|Spikes|[from] move: Defog|[of] p1a: Reshiram\n|\n|-heal|p1a: Reshiram|274/274 par|[from] item: Leftovers\n|upkeep\n|turn|12\n|\n|t:|1770157966\n|move|p2a: Arbok|Coil|p2a: Arbok\n|-boost|p2a: Arbok|atk|1\n|-boost|p2a: Arbok|def|1\n|-boost|p2a: Arbok|accuracy|1\n|move|p1a: Reshiram|Draco Meteor|p2a: Arbok\n|-damage|p2a: Arbok|82/254\n|-unboost|p1a: Reshiram|spa|2\n|\n|upkeep\n|turn|13\n|\n|t:|1770157970\n|switch|p1a: Zangoose|Zangoose, L86, M|266/266\n|move|p2a: Arbok|Gunk Shot|p1a: Zangoose\n|-damage|p1a: Zangoose|0 fnt\n|faint|p1a: Zangoose\n|-damage|p2a: Arbok|57/254|[from] item: Life Orb\n|\n|upkeep\n|\n|t:|1770157974\n|switch|p1a: Raichu|Raichu, L88, F|249/249\n|turn|14\n|\n|t:|1770157982\n|switch|p2a: Meganium|Meganium, L92, M|268/297 par\n|move|p1a: Raichu|Volt Switch|p2a: Meganium\n|-resisted|p2a: Meganium\n|-damage|p2a: Meganium|238/297 par\n|\n|t:|1770157986\n|switch|p1a: Ledian|Ledian, F|238/271|[from] Volt Switch\n|\n|-heal|p1a: Ledian|254/271|[from] item: Leftovers\n|-heal|p2a: Meganium|256/297 par|[from] item: Leftovers\n|upkeep\n|turn|15\n|\n|t:|1770157996\n|move|p1a: Ledian|Toxic|p2a: Meganium|[miss]\n|-miss|p1a: Ledian|p2a: Meganium\n|move|p2a: Meganium|Toxic|p1a: Ledian\n|-status|p1a: Ledian|tox\n|\n|-heal|p1a: Ledian|270/271 tox|[from] item: Leftovers\n|-heal|p2a: Meganium|274/297 par|[from] item: Leftovers\n|-damage|p1a: Ledian|254/271 tox|[from] psn\n|upkeep\n|turn|16\n|\n|t:|1770158000\n|switch|p2a: Arbok|Arbok, L90, F|57/254\n|-ability|p2a: Arbok|Intimidate|boost\n|-unboost|p1a: Ledian|atk|1\n|move|p1a: Ledian|Air Slash|p2a: Arbok\n|-damage|p2a: Arbok|0 fnt\n|faint|p2a: Arbok\n|\n|-heal|p1a: Ledian|270/271 tox|[from] item: Leftovers\n|-damage|p1a: Ledian|238/271 tox|[from] psn\n|upkeep\n|\n|t:|1770158003\n|switch|p2a: Kyurem|Kyurem-Black, L77|319/319\n|-ability|p2a: Kyurem|Teravolt\n|turn|17\n|\n|t:|1770158015\n|move|p1a: Ledian|Toxic|p2a: Kyurem\n|-status|p2a: Kyurem|tox\n|move|p2a: Kyurem|Ice Beam|p1a: Ledian\n|-supereffective|p1a: Ledian\n|-damage|p1a: Ledian|110/271 tox\n|\n|-heal|p1a: Ledian|126/271 tox|[from] item: Leftovers\n|-damage|p1a: Ledian|78/271 tox|[from] psn\n|-damage|p2a: Kyurem|300/319 tox|[from] psn\n|upkeep\n|turn|18\n|\n|t:|1770158027\n|move|p1a: Ledian|Roost|p1a: Ledian\n|-heal|p1a: Ledian|214/271 tox\n|-singleturn|p1a: Ledian|move: Roost\n|move|p2a: Kyurem|Outrage|p1a: Ledian\n|-damage|p1a: Ledian|9/271 tox\n|\n|-heal|p1a: Ledian|25/271 tox|[from] item: Leftovers\n|-heal|p2a: Kyurem|319/319 tox|[from] item: Leftovers\n|-damage|p1a: Ledian|0 fnt|[from] psn\n|faint|p1a: Ledian\n|-damage|p2a: Kyurem|281/319 tox|[from] psn\n|upkeep\n|\n|t:|1770158044\n|switch|p1a: Eelektross|Eelektross, L88, F|293/293\n|turn|19\n|\n|t:|1770158051\n|move|p2a: Kyurem|Outrage|p1a: Eelektross|[from] lockedmove\n|-damage|p1a: Eelektross|127/293\n|move|p1a: Eelektross|Superpower|p2a: Kyurem\n|-supereffective|p2a: Kyurem\n|-damage|p2a: Kyurem|73/319 tox\n|-unboost|p1a: Eelektross|atk|1\n|-unboost|p1a: Eelektross|def|1\n|\n|-heal|p2a: Kyurem|92/319 tox|[from] item: Leftovers\n|-damage|p2a: Kyurem|35/319 tox|[from] psn\n|upkeep\n|turn|20\n|\n|t:|1770158059\n|move|p2a: Kyurem|Outrage|p1a: Eelektross|[from] lockedmove\n|-damage|p1a: Eelektross|0 fnt\n|faint|p1a: Eelektross\n|-start|p2a: Kyurem|confusion|[fatigue]\n|\n|-heal|p2a: Kyurem|54/319 tox|[from] item: Leftovers\n|-damage|p2a: Kyurem|0 fnt|[from] psn\n|faint|p2a: Kyurem\n|upkeep\n|\n|t:|1770158068\n|switch|p2a: Meganium|Meganium, L92, M|274/297 par\n|switch|p1a: Raichu|Raichu, L88, F|249/249\n|turn|21\n|\n|t:|1770158082\n|move|p1a: Raichu|Hidden Power|p2a: Meganium\n|-supereffective|p2a: Meganium\n|-damage|p2a: Meganium|196/297 par\n|move|p2a: Meganium|Leech Seed|p1a: Raichu|[miss]\n|-miss|p2a: Meganium|p1a: Raichu\n|\n|-heal|p2a: Meganium|214/297 par|[from] item: Leftovers\n|upkeep\n|turn|22\n|\n|t:|1770158090\n|move|p1a: Raichu|Volt Switch|p2a: Meganium\n|-resisted|p2a: Meganium\n|-damage|p2a: Meganium|181/297 par\n|\n|t:|1770158093\n|switch|p1a: Reshiram|Reshiram, L75|274/274 par|[from] Volt Switch\n|-ability|p1a: Reshiram|Turboblaze\n|move|p2a: Meganium|Leech Seed|p1a: Reshiram\n|-start|p1a: Reshiram|move: Leech Seed\n|\n|-heal|p2a: Meganium|199/297 par|[from] item: Leftovers\n|-damage|p1a: Reshiram|240/274 par|[from] Leech Seed|[of] p2a: Meganium\n|-heal|p2a: Meganium|233/297 par|[silent]\n|upkeep\n|turn|23\n|\n|t:|1770158101\n|cant|p2a: Meganium|par\n|move|p1a: Reshiram|Draco Meteor|p2a: Meganium\n|-damage|p2a: Meganium|94/297 par\n|-unboost|p1a: Reshiram|spa|2\n|\n|-heal|p2a: Meganium|112/297 par|[from] item: Leftovers\n|-heal|p1a: Reshiram|257/274 par|[from] item: Leftovers\n|-damage|p1a: Reshiram|223/274 par|[from] Leech Seed|[of] p2a: Meganium\n|-heal|p2a: Meganium|146/297 par|[silent]\n|upkeep\n|turn|24\n|\n|t:|1770158110\n|switch|p1a: Raichu|Raichu, L88, F|249/249\n|move|p2a: Meganium|Leech Seed|p1a: Raichu\n|-start|p1a: Raichu|move: Leech Seed\n|\n|-heal|p2a: Meganium|164/297 par|[from] item: Leftovers\n|-damage|p1a: Raichu|218/249|[from] Leech Seed|[of] p2a: Meganium\n|-heal|p2a: Meganium|195/297 par|[silent]\n|upkeep\n|turn|25\n|\n|t:|1770158116\n|move|p1a: Raichu|Volt Switch|p2a: Meganium\n|-resisted|p2a: Meganium\n|-damage|p2a: Meganium|164/297 par\n|\n|t:|1770158119\n|switch|p1a: Reshiram|Reshiram, L75|223/274 par|[from] Volt Switch\n|-ability|p1a: Reshiram|Turboblaze\n|move|p2a: Meganium|Energy Ball|p1a: Reshiram\n|-resisted|p1a: Reshiram\n|-damage|p1a: Reshiram|202/274 par\n|\n|-heal|p2a: Meganium|182/297 par|[from] item: Leftovers\n|-heal|p1a: Reshiram|219/274 par|[from] item: Leftovers\n|upkeep\n|turn|26\n|\n|t:|1770158138\n|cant|p2a: Meganium|par\n|move|p1a: Reshiram|Blue Flare|p2a: Meganium\n|-supereffective|p2a: Meganium\n|-damage|p2a: Meganium|0 fnt\n|faint|p2a: Meganium\n|\n|-heal|p1a: Reshiram|236/274 par|[from] item: Leftovers\n|upkeep\n|\n|t:|1770158143\n|switch|p2a: Golem|Golem, L86, F|278/278\n|turn|27\n|\n|t:|1770158148\n|move|p2a: Golem|Earthquake|p1a: Reshiram\n|-supereffective|p1a: Reshiram\n|-damage|p1a: Reshiram|0 fnt\n|faint|p1a: Reshiram\n|\n|upkeep\n|\n|t:|1770158151\n|switch|p1a: Blastoise|Blastoise-Mega, L82, F|231/264\n|turn|28\n|\n|t:|1770158167\n|move|p1a: Blastoise|Scald|p2a: Golem\n|-supereffective|p2a: Golem\n|-ability|p2a: Golem|Sturdy\n|-damage|p2a: Golem|1/278\n|-enditem|p2a: Golem|Weakness Policy\n|-boost|p2a: Golem|atk|2|[from] item: Weakness Policy\n|-boost|p2a: Golem|spa|2|[from] item: Weakness Policy\n|move|p2a: Golem|Rock Polish|p2a: Golem\n|-boost|p2a: Golem|spe|2\n|\n|upkeep\n|turn|29\n|\n|t:|1770158176\n|move|p2a: Golem|Earthquake|p1a: Blastoise\n|-damage|p1a: Blastoise|32/264\n|move|p1a: Blastoise|Ice Beam|p2a: Golem\n|-supereffective|p2a: Golem\n|-damage|p2a: Golem|0 fnt\n|faint|p2a: Golem\n|\n|upkeep\n|\n|t:|1770158178\n|switch|p2a: Torterra|Torterra, L88, F|310/310\n|turn|30\n|\n|t:|1770158182\n|move|p1a: Blastoise|Ice Beam|p2a: Torterra\n|-supereffective|p2a: Torterra\n|-damage|p2a: Torterra|26/310\n|-status|p2a: Torterra|frz\n|cant|p2a: Torterra|frz\n|\n|-heal|p2a: Torterra|45/310 frz|[from] item: Leftovers\n|upkeep\n|turn|31\n|c|☆Peggofwhite|GG\n|-message|beckywiththebraids forfeited.\n|\n|win|Peggofwhite\n|raw|Peggofwhite's rating: 1620 &rarr; <strong>1649</strong><br />(+29 for winning)\n|raw|beckywiththebraids's rating: 1778 &rarr; <strong>1749</strong><br />(-29 for losing)\n|l|☆beckywiththebraids\n|player|p2|\n", "inputlog": ">version ccdc32dd7cde25fd9e4bed64820e885f66e78a4e\n>start {\"formatid\":\"gen7randombattle\",\"seed\":\"sodium,8f5bf43e841997dd8aa979218cefdbbc\",\"rated\":\"Rated battle\"}\n>player p1 {\"name\":\"Peggofwhite\",\"avatar\":\"1\",\"rating\":1601,\"seed\":\"sodium,9bde1f7f4c693bfadd19665062c92e48\"}\n>player p2 {\"name\":\"beckywiththebraids\",\"avatar\":\"266\",\"rating\":1781,\"seed\":\"sodium,1ab428bf4440101c68a4108b3e000899\"}\n>p1 move icebeam mega\n>p2 switch 2\n>p1 switch 2\n>p2 move thunderwave\n>p1 move nuzzle\n>p2 switch 3\n>p1 move voltswitch\n>p2 move leechseed\n>p1 switch 5\n>p1 switch 6\n>p2 switch 3\n>p1 move blueflare\n>p2 move thunderwave\n>p1 move blueflare\n>p2 move spikes\n>p2 switch 6\n>p1 switch 2\n>p2 move stoneedge\n>p1 move scald\n>p2 switch 3\n>p1 switch 2\n>p2 move toxic\n>p1 move defog\n>p2 switch 4\n>p1 move dracometeor\n>p2 move coil\n>p1 switch 3\n>p2 move gunkshot\n>p1 switch 5\n>p1 move voltswitch\n>p2 switch 4\n>p1 switch 6\n>p1 move toxic\n>p2 move toxic\n>p1 move airslash\n>p2 switch 4\n>p2 switch 5\n>p1 move toxic\n>p2 move icebeam\n>p1 move roost\n>p2 move outrage\n>p1 switch 4\n>p1 move superpower\n>p2 move outrage\n>p1 move uturn\n>p2 move outrage\n>p1 switch 6\n>p2 switch 4\n>p1 move hiddenpower\n>p2 move leechseed\n>p1 move voltswitch\n>p2 move leechseed\n>p1 switch 3\n>p1 move dracometeor\n>p2 move synthesis\n>p1 switch 3\n>p2 move leechseed\n>p1 move voltswitch\n>p2 move energyball\n>p1 switch 3\n>p1 move blueflare\n>p2 move energyball\n>p2 switch 3\n>p1 move dracometeor\n>p2 move earthquake\n>p1 switch 2\n>p1 move scald\n>p2 move rockpolish\n>p1 move icebeam\n>p2 move earthquake\n>p2 switch 2\n>p1 move icebeam\n>p2 move earthquake\n>chat ☆Peggofwhite|GG\n>forcelose p2", "uploadtime": 1770158190, "views": 143, "formatid": "gen7randombattle", "rating": 1649, "private": 0, "password": null}