{"id": "gen7randombattle-2523849280", "format": "[Gen 7] Random Battle", "players": ["bin2409", "cuorenero"], "log": "|j|☆bin2409\n|j|☆cuorenero\n|t:|1769081273\n|gametype|singles\n|player|p1|bin2409|lucas-gen4pt|1735\n|player|p2|cuorenero|dawn|1768\n|gen|7\n|tier|[Gen 7] Random Battle\n|rated|\n|rule|Sleep Clause Mod: Limit one foe put to sleep\n|rule|HP Percentage Mod: HP is shown in percentages\n|rule|Illusion Level Mod: Illusion disguises the Pokémon's true level\n|\n|t:|1769081273\n|teamsize|p1|6\n|teamsize|p2|6\n|start\n|switch|p1a: Silvally|Silvally-Fire, L87|307/307\n|switch|p2a: Garchomp|Garchomp, L75, F|286/286\n|turn|1\n|inactive|Battle timer is ON: inactive players will automatically lose when time's up. (requested by cuorenero)\n|\n|t:|1769081293\n|move|p1a: Silvally|U-turn|p2a: Garchomp\n|-damage|p2a: Garchomp|231/286\n|-damage|p1a: Silvally|269/307|[from] ability: Rough Skin|[of] p2a: Garchomp\n|\n|t:|1769081304\n|switch|p1a: Throh|Throh, L89, M|358/358|[from] U-turn\n|move|p2a: Garchomp|Earthquake|p1a: Throh\n|-damage|p1a: Throh|256/358\n|\n|-heal|p1a: Throh|278/358|[from] item: Leftovers\n|upkeep\n|turn|2\n|\n|t:|1769081324\n|move|p2a: Garchomp|Earthquake|p1a: Throh\n|-damage|p1a: Throh|173/358\n|move|p1a: Throh|Circle Throw|p2a: Garchomp\n|-damage|p2a: Garchomp|152/286\n|-damage|p1a: Throh|129/358|[from] ability: Rough Skin|[of] p2a: Garchomp\n|drag|p2a: Nidoqueen|Nidoqueen, L83, F|285/285\n|\n|-heal|p1a: Throh|151/358|[from] item: Leftovers\n|upkeep\n|turn|3\n|\n|t:|1769081341\n|move|p2a: Nidoqueen|Stealth Rock|p1a: Throh\n|-sidestart|p1: bin2409|move: Stealth Rock\n|move|p1a: Throh|Rest|p1a: Throh\n|-status|p1a: Throh|slp|[from] move: Rest\n|-heal|p1a: Throh|358/358 slp|[silent]\n|\n|upkeep\n|turn|4\n|\n|t:|1769081348\n|move|p2a: Nidoqueen|Earth Power|p1a: Throh\n|-damage|p1a: Throh|225/358 slp\n|cant|p1a: Throh|slp\n|move|p1a: Throh|Sleep Talk|p1a: Throh\n|move|p1a: Throh|Circle Throw|p2a: Nidoqueen|[from] move: Sleep Talk\n|-resisted|p2a: Nidoqueen\n|-crit|p2a: Nidoqueen\n|-damage|p2a: Nidoqueen|206/285\n|drag|p2a: Butterfree|Butterfree, L90, M|253/253\n|\n|-heal|p1a: Throh|247/358 slp|[from] item: Leftovers\n|upkeep\n|turn|5\n|\n|t:|1769081368\n|move|p2a: Butterfree|Air Slash|p1a: Throh\n|-supereffective|p1a: Throh\n|-crit|p1a: Throh\n|-damage|p1a: Throh|5/358 slp\n|cant|p1a: Throh|slp\n|move|p1a: Throh|Sleep Talk|p1a: Throh\n|move|p1a: Throh|Knock Off|p2a: Butterfree|[from] move: Sleep Talk\n|-damage|p2a: Butterfree|151/253\n|\n|-heal|p1a: Throh|27/358 slp|[from] item: Leftovers\n|upkeep\n|turn|6\n|\n|t:|1769081380\n|move|p2a: Butterfree|Bug Buzz|p1a: Throh\n|-resisted|p1a: Throh\n|-damage|p1a: Throh|0 fnt\n|faint|p1a: Throh\n|\n|upkeep\n|inactive|bin2409 has 120 seconds left.\n|\n|t:|1769081407\n|switch|p1a: Silvally|Silvally-Fire, L87|269/307\n|-damage|p1a: Silvally|193/307|[from] Stealth Rock\n|turn|7\n|\n|t:|1769081416\n|switch|p2a: Garchomp|Garchomp, L75, F|152/286\n|move|p1a: Silvally|Multi-Attack|p2a: Garchomp\n|-resisted|p2a: Garchomp\n|-damage|p2a: Garchomp|98/286\n|-damage|p1a: Silvally|155/307|[from] ability: Rough Skin|[of] p2a: Garchomp\n|\n|upkeep\n|turn|8\n|inactive|bin2409 has 120 seconds left.\n|\n|t:|1769081428\n|move|p1a: Silvally|Surf|p2a: Garchomp\n|-damage|p2a: Garchomp|20/286\n|move|p2a: Garchomp|Earthquake|p1a: Silvally\n|-supereffective|p1a: Silvally\n|-crit|p1a: Silvally\n|-damage|p1a: Silvally|0 fnt\n|faint|p1a: Silvally\n|\n|upkeep\n|\n|t:|1769081442\n|switch|p1a: Tapu Fini|Tapu Fini, L80|243/243\n|-damage|p1a: Tapu Fini|213/243|[from] Stealth Rock\n|-fieldstart|move: Misty Terrain|[from] ability: Misty Surge|[of] p1a: Tapu Fini\n|turn|9\n|\n|t:|1769081449\n|switch|p2a: Cresselia|Cresselia, L82, F|331/331\n|move|p1a: Tapu Fini|Moonblast|p2a: Cresselia\n|-damage|p2a: Cresselia|265/331\n|-unboost|p2a: Cresselia|spa|1\n|\n|-heal|p2a: Cresselia|285/331|[from] item: Leftovers\n|-heal|p1a: Tapu Fini|228/243|[from] item: Leftovers\n|upkeep\n|turn|10\n|inactive|bin2409 has 120 seconds left.\n|\n|t:|1769081457\n|move|p2a: Cresselia|Calm Mind|p2a: Cresselia\n|-boost|p2a: Cresselia|spa|1\n|-boost|p2a: Cresselia|spd|1\n|move|p1a: Tapu Fini|Calm Mind|p1a: Tapu Fini\n|-boost|p1a: Tapu Fini|spa|1\n|-boost|p1a: Tapu Fini|spd|1\n|\n|-heal|p2a: Cresselia|305/331|[from] item: Leftovers\n|-heal|p1a: Tapu Fini|243/243|[from] item: Leftovers\n|upkeep\n|turn|11\n|\n|t:|1769081464\n|switch|p1a: Braviary|Braviary, L83, M|302/302\n|-damage|p1a: Braviary|227/302|[from] Stealth Rock\n|move|p2a: Cresselia|Calm Mind|p2a: Cresselia\n|-boost|p2a: Cresselia|spa|1\n|-boost|p2a: Cresselia|spd|1\n|\n|-heal|p2a: Cresselia|325/331|[from] item: Leftovers\n|-heal|p1a: Braviary|245/302|[from] item: Leftovers\n|upkeep\n|turn|12\n|\n|t:|1769081472\n|move|p2a: Cresselia|Psyshock|p1a: Braviary\n|-damage|p1a: Braviary|142/302\n|move|p1a: Braviary|Bulk Up|p1a: Braviary\n|-boost|p1a: Braviary|atk|1\n|-boost|p1a: Braviary|def|1\n|\n|-heal|p2a: Cresselia|331/331|[from] item: Leftovers\n|-heal|p1a: Braviary|160/302|[from] item: Leftovers\n|upkeep\n|turn|13\n|\n|t:|1769081485\n|move|p2a: Cresselia|Moonblast|p1a: Braviary\n|-damage|p1a: Braviary|78/302\n|-unboost|p1a: Braviary|spa|1\n|-ability|p1a: Braviary|Defiant|boost\n|-boost|p1a: Braviary|atk|2\n|move|p1a: Braviary|Roost|p1a: Braviary\n|-heal|p1a: Braviary|229/302\n|-singleturn|p1a: Braviary|move: Roost\n|\n|-heal|p1a: Braviary|247/302|[from] item: Leftovers\n|-fieldend|Misty Terrain\n|upkeep\n|turn|14\n|\n|t:|1769081503\n|move|p2a: Cresselia|Calm Mind|p2a: Cresselia\n|-boost|p2a: Cresselia|spa|1\n|-boost|p2a: Cresselia|spd|1\n|move|p1a: Braviary|Brave Bird|p2a: Cresselia\n|-damage|p2a: Cresselia|21/331\n|-damage|p1a: Braviary|145/302|[from] Recoil\n|\n|-heal|p2a: Cresselia|41/331|[from] item: Leftovers\n|-heal|p1a: Braviary|163/302|[from] item: Leftovers\n|upkeep\n|turn|15\n|\n|t:|1769081522\n|move|p2a: Cresselia|Psyshock|p1a: Braviary\n|-damage|p1a: Braviary|58/302\n|move|p1a: Braviary|Roost|p1a: Braviary\n|-heal|p1a: Braviary|209/302\n|-singleturn|p1a: Braviary|move: Roost\n|\n|-heal|p2a: Cresselia|61/331|[from] item: Leftovers\n|-heal|p1a: Braviary|227/302|[from] item: Leftovers\n|upkeep\n|turn|16\n|\n|t:|1769081533\n|move|p2a: Cresselia|Psyshock|p1a: Braviary\n|-damage|p1a: Braviary|130/302\n|move|p1a: Braviary|Roost|p1a: Braviary\n|-heal|p1a: Braviary|281/302\n|-singleturn|p1a: Braviary|move: Roost\n|\n|-heal|p2a: Cresselia|81/331|[from] item: Leftovers\n|-heal|p1a: Braviary|299/302|[from] item: Leftovers\n|upkeep\n|turn|17\n|\n|t:|1769081543\n|move|p2a: Cresselia|Psyshock|p1a: Braviary\n|-damage|p1a: Braviary|206/302\n|move|p1a: Braviary|Brave Bird|p2a: Cresselia\n|-damage|p2a: Cresselia|0 fnt\n|faint|p2a: Cresselia\n|-damage|p1a: Braviary|179/302|[from] Recoil\n|\n|-heal|p1a: Braviary|197/302|[from] item: Leftovers\n|upkeep\n|\n|t:|1769081566\n|switch|p2a: Heracross|Heracross, L82, M|265/265\n|turn|18\n|\n|t:|1769081576\n|move|p2a: Heracross|Close Combat|p1a: Braviary\n|-crit|p1a: Braviary\n|-damage|p1a: Braviary|0 fnt\n|-unboost|p2a: Heracross|def|1\n|-unboost|p2a: Heracross|spd|1\n|faint|p1a: Braviary\n|\n|-status|p2a: Heracross|brn|[from] item: Flame Orb\n|upkeep\n|\n|t:|1769081588\n|switch|p1a: Qwilfish|Qwilfish, L86, F|252/252\n|-damage|p1a: Qwilfish|221/252|[from] Stealth Rock\n|-ability|p1a: Qwilfish|Intimidate|boost\n|-unboost|p2a: Heracross|atk|1\n|turn|19\n|\n|t:|1769081596\n|switch|p2a: Garchomp|Garchomp, L75, F|20/286\n|move|p1a: Qwilfish|Waterfall|p2a: Garchomp\n|-damage|p2a: Garchomp|0 fnt\n|-damage|p1a: Qwilfish|190/252|[from] ability: Rough Skin|[of] p2a: Garchomp\n|faint|p2a: Garchomp\n|\n|-heal|p1a: Qwilfish|205/252|[from] item: Black Sludge\n|upkeep\n|\n|t:|1769081602\n|switch|p2a: Blastoise|Blastoise, L82, F|264/264\n|turn|20\n|\n|t:|1769081611\n|detailschange|p2a: Blastoise|Blastoise-Mega, L82, F\n|-mega|p2a: Blastoise|Blastoise|Blastoisinite\n|move|p1a: Qwilfish|Thunder Wave|p2a: Blastoise\n|-status|p2a: Blastoise|par\n|move|p2a: Blastoise|Dark Pulse|p1a: Qwilfish\n|-damage|p1a: Qwilfish|59/252\n|\n|-heal|p1a: Qwilfish|74/252|[from] item: Black Sludge\n|upkeep\n|turn|21\n|\n|t:|1769081621\n|move|p1a: Qwilfish|Waterfall|p2a: Blastoise\n|-resisted|p2a: Blastoise\n|-damage|p2a: Blastoise|225/264 par\n|move|p2a: Blastoise|Dark Pulse|p1a: Qwilfish\n|-damage|p1a: Qwilfish|0 fnt\n|faint|p1a: Qwilfish\n|\n|upkeep\n|\n|t:|1769081629\n|switch|p1a: Tapu Fini|Tapu Fini, L80|243/243\n|-damage|p1a: Tapu Fini|213/243|[from] Stealth Rock\n|-fieldstart|move: Misty Terrain|[from] ability: Misty Surge|[of] p1a: Tapu Fini\n|turn|22\n|\n|t:|1769081635\n|switch|p2a: Heracross|Heracross, L82, M|265/265 brn\n|move|p1a: Tapu Fini|Calm Mind|p1a: Tapu Fini\n|-boost|p1a: Tapu Fini|spa|1\n|-boost|p1a: Tapu Fini|spd|1\n|\n|-heal|p1a: Tapu Fini|228/243|[from] item: Leftovers\n|-damage|p2a: Heracross|249/265 brn|[from] brn\n|upkeep\n|turn|23\n|\n|t:|1769081639\n|move|p2a: Heracross|Facade|p1a: Tapu Fini\n|-damage|p1a: Tapu Fini|93/243\n|move|p1a: Tapu Fini|Moonblast|p2a: Heracross\n|-supereffective|p2a: Heracross\n|-damage|p2a: Heracross|0 fnt\n|faint|p2a: Heracross\n|\n|-heal|p1a: Tapu Fini|108/243|[from] item: Leftovers\n|upkeep\n|\n|t:|1769081645\n|switch|p2a: Nidoqueen|Nidoqueen, L83, F|206/285\n|turn|24\n|\n|t:|1769081652\n|move|p1a: Tapu Fini|Hydro Pump|p2a: Nidoqueen\n|-supereffective|p2a: Nidoqueen\n|-damage|p2a: Nidoqueen|0 fnt\n|faint|p2a: Nidoqueen\n|\n|-heal|p1a: Tapu Fini|123/243|[from] item: Leftovers\n|upkeep\n|\n|t:|1769081655\n|switch|p2a: Butterfree|Butterfree, L90, M|151/253\n|turn|25\n|\n|t:|1769081662\n|move|p1a: Tapu Fini|Ice Beam|p2a: Butterfree\n|-supereffective|p2a: Butterfree\n|-damage|p2a: Butterfree|0 fnt\n|faint|p2a: Butterfree\n|\n|-heal|p1a: Tapu Fini|138/243|[from] item: Leftovers\n|upkeep\n|-message|cuorenero forfeited.\n|\n|win|bin2409\n|raw|bin2409's rating: 1735 &rarr; <strong>1757</strong><br />(+22 for winning)\n|raw|cuorenero's rating: 1768 &rarr; <strong>1746</strong><br />(-22 for losing)\n|l|☆cuorenero\n|player|p2|\n", "inputlog": ">version dd3d52b8382d73d1dd2c67730c4067df325ab790\n>start {\"formatid\":\"gen7randombattle\",\"seed\":\"sodium,e698aebc80489bc3603230c60835812d\",\"rated\":\"Rated battle\"}\n>player p1 {\"name\":\"bin2409\",\"avatar\":\"lucas-gen4pt\",\"rating\":1735,\"seed\":\"sodium,dddf9173c6c47942d7b72a74cf23852f\"}\n>player p2 {\"name\":\"cuorenero\",\"avatar\":\"dawn\",\"rating\":1768,\"seed\":\"sodium,c484882a6e47e3c079f945019ea2b7a2\"}\n>p1 move uturn\n>p2 move earthquake\n>p1 switch 6\n>p1 move circlethrow\n>p2 move earthquake\n>p1 move rest\n>p2 move stealthrock\n>p1 move sleeptalk\n>p2 move earthpower\n>p1 move sleeptalk\n>p2 move airslash\n>p1 move circlethrow\n>p2 move bugbuzz\n>p1 switch 6\n>p1 move multiattack\n>p2 switch 4\n>p1 move surf\n>p2 move earthquake\n>p1 switch 3\n>p1 move moonblast\n>p2 switch 2\n>p1 move calmmind\n>p2 move calmmind\n>p1 switch 4\n>p2 move calmmind\n>p1 move bulkup\n>p2 move psyshock\n>p1 move roost\n>p2 move moonblast\n>p1 move bravebird\n>p2 move calmmind\n>p1 move roost\n>p2 move psyshock\n>p1 move roost\n>p2 move psyshock\n>p1 move bravebird\n>p2 move psyshock\n>p2 switch 3\n>p1 move bravebird\n>p2 move closecombat\n>p1 switch 5\n>p1 move waterfall\n>p2 switch 2\n>p2 switch 6\n>p1 move thunderwave\n>p2 move darkpulse mega\n>p1 move waterfall\n>p2 move darkpulse\n>p1 switch 4\n>p1 move calmmind\n>p2 switch 2\n>p1 move moonblast\n>p2 move facade\n>p2 switch 5\n>p1 move hydropump\n>p2 move poisonjab\n>p2 switch 4\n>p1 move icebeam\n>p2 move quiverdance\n>forcelose p2", "uploadtime": 1769081671, "views": 142, "formatid": "gen7randombattle", "rating": 1746, "private": 0, "password": null}