{"id": "gen7randombattle-2538789740", "format": "[Gen 7] Random Battle", "players": ["may/gen3", "water is delicious"], "log": "|j|☆may/gen3\n|j|☆water is delicious\n|t:|1770975181\n|gametype|singles\n|player|p1|may/gen3|may|1594\n|player|p2|water is delicious|265|1548\n|gen|7\n|tier|[Gen 7] Random Battle\n|rated|\n|rule|Sleep Clause Mod: Limit one foe put to sleep\n|rule|HP Percentage Mod: HP is shown in percentages\n|rule|Illusion Level Mod: Illusion disguises the Pokémon's true level\n|\n|t:|1770975181\n|teamsize|p1|6\n|teamsize|p2|6\n|start\n|switch|p1a: Alakazam|Alakazam, L81, M|222/222\n|switch|p2a: Meloetta|Meloetta, L81|295/295\n|turn|1\n|inactive|Battle timer is ON: inactive players will automatically lose when time's up. (requested by may/gen3)\n|\n|t:|1770975214\n|switch|p1a: Lumineon|Lumineon, L93, M|279/279\n|move|p2a: Meloetta|Knock Off|p1a: Lumineon\n|-damage|p1a: Lumineon|201/279\n|-enditem|p1a: Lumineon|Leftovers|[from] move: Knock Off|[of] p2a: Meloetta\n|-damage|p2a: Meloetta|266/295|[from] item: Life Orb\n|\n|upkeep\n|turn|2\n|\n|t:|1770975233\n|switch|p2a: Ursaring|Ursaring, L85, M|292/292\n|move|p1a: Lumineon|U-turn|p2a: Ursaring\n|-crit|p2a: Ursaring\n|-damage|p2a: Ursaring|217/292\n|\n|t:|1770975239\n|switch|p1a: Salazzle|Salazzle, L84, F|251/251|[from] U-turn\n|\n|-status|p2a: Ursaring|tox|[from] item: Toxic Orb\n|upkeep\n|turn|3\n|\n|t:|1770975249\n|switch|p2a: Clawitzer|Clawitzer, L87, F|265/265\n|move|p1a: Salazzle|Protect||[still]\n|-fail|p1a: Salazzle\n|\n|upkeep\n|turn|4\n|\n|t:|1770975256\n|switch|p1a: Lumineon|Lumineon, L93, M|201/279\n|move|p2a: Clawitzer|Scald|p1a: Lumineon\n|-ability|p1a: Lumineon|Storm Drain|boost\n|-boost|p1a: Lumineon|spa|1\n|\n|upkeep\n|turn|5\n|\n|t:|1770975283\n|switch|p2a: Rotom|Rotom-Fan, L84|221/221\n|move|p1a: Lumineon|Scald|p2a: Rotom\n|-damage|p2a: Rotom|125/221\n|-status|p2a: Rotom|brn\n|\n|-heal|p2a: Rotom|138/221 brn|[from] item: Leftovers\n|-damage|p2a: Rotom|125/221 brn|[from] brn\n|upkeep\n|turn|6\n|\n|t:|1770975290\n|move|p1a: Lumineon|Ice Beam|p2a: Rotom\n|-supereffective|p2a: Rotom\n|-damage|p2a: Rotom|0 fnt\n|faint|p2a: Rotom\n|\n|upkeep\n|\n|t:|1770975298\n|switch|p2a: Meloetta|Meloetta, L81|266/295\n|turn|7\n|inactive|may/gen3 has 120 seconds left.\n|inactive|may/gen3 has 90 seconds left.\n|\n|t:|1770975382\n|move|p1a: Lumineon|Scald|p2a: Meloetta\n|-damage|p2a: Meloetta|167/295\n|-status|p2a: Meloetta|brn\n|move|p2a: Meloetta|Relic Song|p1a: Lumineon\n|-damage|p1a: Lumineon|88/279\n|-formechange|p2a: Meloetta|Meloetta-Pirouette|[msg]\n|-damage|p2a: Meloetta|138/295 brn|[from] item: Life Orb\n|\n|-damage|p2a: Meloetta|120/295 brn|[from] brn\n|upkeep\n|turn|8\n|\n|t:|1770975403\n|move|p2a: Meloetta|Relic Song|p1a: Lumineon\n|-damage|p1a: Lumineon|9/279\n|-status|p1a: Lumineon|slp|[from] move: Relic Song\n|-formechange|p2a: Meloetta|Meloetta|[msg]\n|-damage|p2a: Meloetta|91/295 brn|[from] item: Life Orb\n|cant|p1a: Lumineon|slp\n|\n|-damage|p2a: Meloetta|73/295 brn|[from] brn\n|upkeep\n|turn|9\n|\n|t:|1770975414\n|-curestatus|p1a: Lumineon|slp|[msg]\n|move|p1a: Lumineon|U-turn|p2a: Meloetta\n|-supereffective|p2a: Meloetta\n|-crit|p2a: Meloetta\n|-damage|p2a: Meloetta|0 fnt\n|faint|p2a: Meloetta\n|\n|t:|1770975423\n|switch|p1a: Chimecho|Chimecho, L95, F|296/296|[from] U-turn\n|\n|upkeep\n|\n|t:|1770975426\n|switch|p2a: Accelgor|Accelgor, L90, F|290/290\n|turn|10\n|\n|t:|1770975429\n|move|p2a: Accelgor|Spikes|p1a: Chimecho\n|-sidestart|p1: may/gen3|Spikes\n|move|p1a: Chimecho|Psychic|p2a: Accelgor\n|-damage|p2a: Accelgor|142/290\n|\n|-heal|p2a: Accelgor|160/290|[from] item: Leftovers\n|upkeep\n|turn|11\n|\n|t:|1770975444\n|move|p2a: Accelgor|Bug Buzz|p1a: Chimecho\n|-supereffective|p1a: Chimecho\n|-damage|p1a: Chimecho|114/296\n|move|p1a: Chimecho|Psychic|p2a: Accelgor\n|-damage|p2a: Accelgor|6/290\n|\n|-heal|p2a: Accelgor|24/290|[from] item: Leftovers\n|-heal|p1a: Chimecho|132/296|[from] item: Leftovers\n|upkeep\n|turn|12\n|\n|t:|1770975452\n|switch|p1a: Lumineon|Lumineon, L93, M|9/279\n|-damage|p1a: Lumineon|0 fnt|[from] Spikes\n|faint|p1a: Lumineon\n|move|p2a: Accelgor|Bug Buzz|p1: Lumineon|[notarget]\n|-fail|p2a: Accelgor\n|\n|-heal|p2a: Accelgor|42/290|[from] item: Leftovers\n|upkeep\n|\n|t:|1770975465\n|switch|p1a: Lanturn|Lanturn, L89, M|367/367\n|-damage|p1a: Lanturn|322/367|[from] Spikes\n|turn|13\n|\n|t:|1770975473\n|move|p2a: Accelgor|U-turn|p1a: Lanturn\n|-damage|p1a: Lanturn|241/367\n|\n|t:|1770975479\n|switch|p2a: Ursaring|Ursaring, L85, M|217/292 tox|[from] U-turn\n|move|p1a: Lanturn|Thunderbolt|p2a: Ursaring\n|-damage|p2a: Ursaring|126/292 tox\n|\n|-heal|p1a: Lanturn|263/367|[from] item: Leftovers\n|-damage|p2a: Ursaring|108/292 tox|[from] psn\n|upkeep\n|turn|14\n|\n|t:|1770975488\n|switch|p1a: Chimecho|Chimecho, L95, F|132/296\n|move|p2a: Ursaring|Facade|p1a: Chimecho\n|-damage|p1a: Chimecho|0 fnt\n|faint|p1a: Chimecho\n|\n|-damage|p2a: Ursaring|72/292 tox|[from] psn\n|upkeep\n|\n|t:|1770975490\n|switch|p1a: Alakazam|Alakazam, L81, M|222/222\n|turn|15\n|\n|t:|1770975499\n|move|p1a: Alakazam|Psychic|p2a: Ursaring\n|-damage|p2a: Ursaring|0 fnt\n|faint|p2a: Ursaring\n|\n|upkeep\n|\n|t:|1770975501\n|switch|p2a: Accelgor|Accelgor, L90, F|42/290\n|turn|16\n|\n|t:|1770975506\n|switch|p1a: Salazzle|Salazzle, L84, F|251/251\n|-damage|p1a: Salazzle|220/251|[from] Spikes\n|move|p2a: Accelgor|U-turn|p1a: Salazzle\n|-resisted|p1a: Salazzle\n|-damage|p1a: Salazzle|196/251\n|\n|t:|1770975509\n|switch|p2a: Clawitzer|Clawitzer, L87, F|265/265|[from] U-turn\n|\n|-heal|p1a: Salazzle|211/251|[from] item: Black Sludge\n|upkeep\n|turn|17\n|\n|t:|1770975514\n|switch|p1a: Venusaur|Venusaur, L78, F|253/253\n|-damage|p1a: Venusaur|222/253|[from] Spikes\n|move|p2a: Clawitzer|Scald|p1a: Venusaur\n|-resisted|p1a: Venusaur\n|-damage|p1a: Venusaur|150/253\n|-status|p1a: Venusaur|brn\n|\n|-damage|p1a: Venusaur|135/253 brn|[from] brn\n|upkeep\n|turn|18\n|\n|t:|1770975523\n|detailschange|p1a: Venusaur|Venusaur-Mega, L78, F\n|-mega|p1a: Venusaur|Venusaur|Venusaurite\n|move|p1a: Venusaur|Sleep Powder|p2a: Clawitzer\n|-status|p2a: Clawitzer|slp|[from] move: Sleep Powder\n|cant|p2a: Clawitzer|slp\n|\n|-damage|p1a: Venusaur|120/253 brn|[from] brn\n|upkeep\n|turn|19\n|\n|t:|1770975527\n|move|p1a: Venusaur|Giga Drain|p2a: Clawitzer\n|-supereffective|p2a: Clawitzer\n|-damage|p2a: Clawitzer|101/265 slp\n|-heal|p1a: Venusaur|202/253 brn|[from] drain|[of] p2a: Clawitzer\n|cant|p2a: Clawitzer|slp\n|\n|-damage|p1a: Venusaur|187/253 brn|[from] brn\n|upkeep\n|turn|20\n|\n|t:|1770975532\n|move|p1a: Venusaur|Giga Drain|p2a: Clawitzer\n|-supereffective|p2a: Clawitzer\n|-damage|p2a: Clawitzer|0 fnt\n|-heal|p1a: Venusaur|238/253 brn|[from] drain|[of] p2a: Clawitzer\n|faint|p2a: Clawitzer\n|\n|-damage|p1a: Venusaur|223/253 brn|[from] brn\n|upkeep\n|\n|t:|1770975534\n|switch|p2a: Keldeo|Keldeo, L80|277/277\n|turn|21\n|\n|t:|1770975537\n|move|p2a: Keldeo|Calm Mind|p2a: Keldeo\n|-boost|p2a: Keldeo|spa|1\n|-boost|p2a: Keldeo|spd|1\n|move|p1a: Venusaur|Giga Drain|p2a: Keldeo\n|-supereffective|p2a: Keldeo\n|-damage|p2a: Keldeo|169/277\n|-heal|p1a: Venusaur|253/253 brn|[from] drain|[of] p2a: Keldeo\n|\n|-heal|p2a: Keldeo|186/277|[from] item: Leftovers\n|-damage|p1a: Venusaur|238/253 brn|[from] brn\n|upkeep\n|turn|22\n|\n|t:|1770975543\n|move|p2a: Keldeo|Calm Mind|p2a: Keldeo\n|-boost|p2a: Keldeo|spa|1\n|-boost|p2a: Keldeo|spd|1\n|move|p1a: Venusaur|Giga Drain|p2a: Keldeo\n|-supereffective|p2a: Keldeo\n|-damage|p2a: Keldeo|100/277\n|-heal|p1a: Venusaur|253/253 brn|[from] drain|[of] p2a: Keldeo\n|\n|-heal|p2a: Keldeo|117/277|[from] item: Leftovers\n|-damage|p1a: Venusaur|238/253 brn|[from] brn\n|upkeep\n|turn|23\n|\n|t:|1770975560\n|move|p2a: Keldeo|Secret Sword|p1a: Venusaur\n|-resisted|p1a: Venusaur\n|-damage|p1a: Venusaur|156/253 brn\n|move|p1a: Venusaur|Giga Drain|p2a: Keldeo\n|-supereffective|p2a: Keldeo\n|-damage|p2a: Keldeo|25/277\n|-heal|p1a: Venusaur|202/253 brn|[from] drain|[of] p2a: Keldeo\n|\n|-heal|p2a: Keldeo|42/277|[from] item: Leftovers\n|-damage|p1a: Venusaur|187/253 brn|[from] brn\n|upkeep\n|turn|24\n|\n|t:|1770975566\n|move|p2a: Keldeo|Secret Sword|p1a: Venusaur\n|-resisted|p1a: Venusaur\n|-damage|p1a: Venusaur|101/253 brn\n|move|p1a: Venusaur|Giga Drain|p2a: Keldeo\n|-supereffective|p2a: Keldeo\n|-damage|p2a: Keldeo|0 fnt\n|-heal|p1a: Venusaur|122/253 brn|[from] drain|[of] p2a: Keldeo\n|faint|p2a: Keldeo\n|\n|-damage|p1a: Venusaur|107/253 brn|[from] brn\n|upkeep\n|\n|t:|1770975569\n|switch|p2a: Accelgor|Accelgor, L90, F|42/290\n|turn|25\n|\n|t:|1770975572\n|move|p2a: Accelgor|Bug Buzz|p1a: Venusaur\n|-damage|p1a: Venusaur|10/253 brn\n|move|p1a: Venusaur|Sludge Bomb|p2a: Accelgor\n|-damage|p2a: Accelgor|0 fnt\n|faint|p2a: Accelgor\n|\n|win|may/gen3\n|raw|may&#x2f;gen3's rating: 1594 &rarr; <strong>1611</strong><br />(+17 for winning)\n|raw|water is delicious's rating: 1548 &rarr; <strong>1531</strong><br />(-17 for losing)\n", "inputlog": ">version ccdc32dd7cde25fd9e4bed64820e885f66e78a4e\n>start {\"formatid\":\"gen7randombattle\",\"seed\":\"sodium,5deb444fcfb469c5d301784bf45e5bb5\",\"rated\":\"Rated battle\"}\n>player p1 {\"name\":\"may/gen3\",\"avatar\":\"may\",\"rating\":1594,\"seed\":\"sodium,1a24b3b1cef92693c0e34f14ca753911\"}\n>player p2 {\"name\":\"water is delicious\",\"avatar\":\"265\",\"rating\":1548,\"seed\":\"sodium,3cd1df7f410c9be6f474eedad7a09bd4\"}\n>p1 switch 2\n>p2 move knockoff\n>p1 move uturn\n>p2 switch 6\n>p1 switch 3\n>p1 move protect\n>p2 switch 4\n>p1 switch 3\n>p2 move scald\n>p1 move scald\n>p2 switch 2\n>p1 move icebeam\n>p2 move thunderbolt\n>p2 switch 6\n>p1 move scald\n>p2 move relicsong\n>p1 move scald\n>p2 move relicsong\n>p1 move uturn\n>p2 move relicsong\n>p1 switch 6\n>p2 switch 5\n>p1 move psychic\n>p2 move spikes\n>p1 move psychic\n>p2 move bugbuzz\n>p1 switch 6\n>p2 move bugbuzz\n>p1 switch 4\n>p1 move thunderbolt\n>p2 move uturn\n>p2 switch 4\n>p1 switch 6\n>p2 move facade\n>p1 switch 2\n>p1 move psychic\n>p2 move facade\n>p2 switch 4\n>p1 switch 3\n>p2 move uturn\n>p2 switch 2\n>p1 switch 5\n>p2 move scald\n>p1 move sleeppowder mega\n>p2 move scald\n>p1 move gigadrain\n>p2 move scald\n>p1 move gigadrain\n>p2 move scald\n>p2 switch 3\n>p1 move gigadrain\n>p2 move calmmind\n>p1 move gigadrain\n>p2 move calmmind\n>p1 move gigadrain\n>p2 move secretsword\n>p1 move gigadrain\n>p2 move secretsword\n>p2 switch 2\n>p1 move sludgebomb\n>p2 move bugbuzz", "uploadtime": 1770975576, "views": 209, "formatid": "gen7randombattle", "rating": 1531, "private": 0, "password": null}