{"id": "gen7randombattle-2529634724", "format": "[Gen 7] Random Battle", "players": ["MrUmbrella", "aurora ltd"], "log": "|j|☆MrUmbrella\n|j|☆aurora ltd\n|t:|1769806256\n|gametype|singles\n|player|p1|MrUmbrella|gambler|1528\n|player|p2|aurora ltd|silver-gen2kanto|1530\n|gen|7\n|tier|[Gen 7] Random Battle\n|rated|\n|rule|Sleep Clause Mod: Limit one foe put to sleep\n|rule|HP Percentage Mod: HP is shown in percentages\n|rule|Illusion Level Mod: Illusion disguises the Pokémon's true level\n|\n|t:|1769806256\n|teamsize|p1|6\n|teamsize|p2|6\n|start\n|switch|p1a: Moltres|Moltres, L82|281/281\n|switch|p2a: Arceus|Arceus, L72|292/292\n|turn|1\n|\n|t:|1769806306\n|switch|p2a: Rhydon|Rhydon, L85, F|317/317\n|move|p1a: Moltres|U-turn|p2a: Rhydon\n|-damage|p2a: Rhydon|290/317\n|\n|t:|1769806311\n|switch|p1a: Dhelmise|Dhelmise, L91|275/275|[from] U-turn\n|\n|upkeep\n|turn|2\n|\n|t:|1769806346\n|switch|p2a: Stantler|Stantler, L92, M|284/284\n|-ability|p2a: Stantler|Intimidate|boost\n|-unboost|p1a: Dhelmise|atk|1\n|move|p1a: Dhelmise|Power Whip|p2a: Stantler\n|-damage|p2a: Stantler|131/284\n|\n|upkeep\n|turn|3\n|\n|t:|1769806377\n|move|p2a: Stantler|Megahorn|p1a: Dhelmise\n|-damage|p1a: Dhelmise|146/275\n|move|p1a: Dhelmise|Power Whip|p2a: Stantler\n|-damage|p2a: Stantler|0 fnt\n|faint|p2a: Stantler\n|\n|-heal|p1a: Dhelmise|163/275|[from] item: Leftovers\n|upkeep\n|\n|t:|1769806388\n|switch|p2a: Arceus|Arceus, L72|292/292\n|turn|4\n|\n|t:|1769806399\n|move|p2a: Arceus|Swords Dance|p2a: Arceus\n|-boost|p2a: Arceus|atk|2\n|move|p1a: Dhelmise|Power Whip|p2a: Arceus\n|-damage|p2a: Arceus|168/292\n|\n|-heal|p1a: Dhelmise|180/275|[from] item: Leftovers\n|upkeep\n|turn|5\n|\n|t:|1769806409\n|move|p2a: Arceus|Shadow Claw|p1a: Dhelmise\n|-supereffective|p1a: Dhelmise\n|-damage|p1a: Dhelmise|0 fnt\n|faint|p1a: Dhelmise\n|-damage|p2a: Arceus|139/292|[from] item: Life Orb\n|\n|upkeep\n|\n|t:|1769806456\n|switch|p1a: Sawsbuck|Sawsbuck-Summer, L88, F|284/284\n|turn|6\n|\n|t:|1769806477\n|move|p2a: Arceus|Extreme Speed|p1a: Sawsbuck\n|-damage|p1a: Sawsbuck|58/284\n|-damage|p2a: Arceus|110/292|[from] item: Life Orb\n|move|p1a: Sawsbuck|Headbutt|p2a: Arceus\n|-crit|p2a: Arceus\n|-damage|p2a: Arceus|1/292\n|\n|-heal|p1a: Sawsbuck|75/284|[from] item: Leftovers\n|upkeep\n|turn|7\n|\n|t:|1769806491\n|move|p2a: Arceus|Extreme Speed|p1a: Sawsbuck\n|-damage|p1a: Sawsbuck|0 fnt\n|faint|p1a: Sawsbuck\n|-damage|p2a: Arceus|0 fnt|[from] item: Life Orb\n|faint|p2a: Arceus\n|\n|upkeep\n|\n|t:|1769806502\n|switch|p1a: Sharpedo|Sharpedo, L84, M|255/255\n|switch|p2a: Rhydon|Rhydon, L85, F|290/317\n|turn|8\n|\n|t:|1769806534\n|move|p1a: Sharpedo|Waterfall|p2a: Rhydon\n|-supereffective|p2a: Rhydon\n|-damage|p2a: Rhydon|9/317\n|-damage|p1a: Sharpedo|230/255|[from] item: Life Orb\n|move|p2a: Rhydon|Megahorn|p1a: Sharpedo\n|-supereffective|p1a: Sharpedo\n|-damage|p1a: Sharpedo|0 fnt\n|faint|p1a: Sharpedo\n|\n|upkeep\n|\n|t:|1769806544\n|switch|p1a: Pidgeot|Pidgeot, L78, F|258/258\n|turn|9\n|\n|t:|1769806549\n|detailschange|p1a: Pidgeot|Pidgeot-Mega, L78, F\n|-mega|p1a: Pidgeot|Pidgeot|Pidgeotite\n|move|p1a: Pidgeot|Hurricane|p2a: Rhydon\n|-resisted|p2a: Rhydon\n|-damage|p2a: Rhydon|0 fnt\n|faint|p2a: Rhydon\n|\n|upkeep\n|\n|t:|1769806560\n|switch|p2a: Raichu|Raichu-Alola, L86, M|243/243\n|turn|10\n|\n|t:|1769806581\n|-zpower|p2a: Raichu\n|move|p2a: Raichu|Stoked Sparksurfer|p1a: Pidgeot|[zeffect]\n|-supereffective|p1a: Pidgeot\n|-damage|p1a: Pidgeot|0 fnt\n|faint|p1a: Pidgeot\n|detailschange|p1: Pidgeot|Pidgeot, L78, F|[silent]\n|\n|upkeep\n|\n|t:|1769806589\n|switch|p1a: Darkrai|Darkrai, L75|229/229\n|turn|11\n|\n|t:|1769806615\n|move|p2a: Raichu|Thunderbolt|p1a: Darkrai\n|-damage|p1a: Darkrai|121/229\n|-zpower|p1a: Darkrai\n|move|p1a: Darkrai|Black Hole Eclipse|p2a: Raichu|[zeffect]\n|-supereffective|p2a: Raichu\n|-damage|p2a: Raichu|0 fnt\n|faint|p2a: Raichu\n|\n|upkeep\n|\n|t:|1769806626\n|switch|p2a: Luvdisc|Luvdisc, F|248/248\n|turn|12\n|\n|t:|1769806648\n|move|p2a: Luvdisc|Scald|p1a: Darkrai\n|-damage|p1a: Darkrai|45/229\n|move|p1a: Darkrai|Nasty Plot|p1a: Darkrai\n|-boost|p1a: Darkrai|spa|2\n|\n|upkeep\n|turn|13\n|\n|t:|1769806656\n|move|p2a: Luvdisc|Scald|p1a: Darkrai\n|-damage|p1a: Darkrai|0 fnt\n|faint|p1a: Darkrai\n|\n|upkeep\n|\n|t:|1769806660\n|switch|p1a: Moltres|Moltres, L82|281/281\n|turn|14\n|\n|t:|1769806668\n|move|p2a: Luvdisc|Toxic|p1a: Moltres\n|-status|p1a: Moltres|tox\n|move|p1a: Moltres|Hurricane|p2a: Luvdisc|[miss]\n|-miss|p1a: Moltres|p2a: Luvdisc\n|\n|-damage|p1a: Moltres|264/281 tox|[from] psn\n|upkeep\n|turn|15\n|-message|MrUmbrella forfeited.\n|\n|win|aurora ltd\n|raw|MrUmbrella's rating: 1528 &rarr; <strong>1508</strong><br />(-20 for losing)\n|raw|aurora ltd's rating: 1530 &rarr; <strong>1550</strong><br />(+20 for winning)\n|l|☆MrUmbrella\n|player|p1|\n", "inputlog": ">version b99ff0165a6231f17e8b78c2a78d1998375de664\n>start {\"formatid\":\"gen7randombattle\",\"seed\":\"sodium,325af424ebe6d6c9dd9634d749bade3f\",\"rated\":\"Rated battle\"}\n>player p1 {\"name\":\"MrUmbrella\",\"avatar\":\"gambler\",\"rating\":1528,\"seed\":\"sodium,997da89d701340aec5715c3511fb0175\"}\n>player p2 {\"name\":\"aurora ltd\",\"avatar\":\"silver-gen2kanto\",\"rating\":1530,\"seed\":\"sodium,4f4ad14630bccab357fa5a78064d13d4\"}\n>p1 move uturn\n>p2 switch 3\n>p1 switch 4\n>p1 move powerwhip\n>p2 switch 4\n>p1 move powerwhip\n>p2 move megahorn\n>p2 switch 3\n>p1 move powerwhip\n>p2 move swordsdance\n>p1 move anchorshot\n>p2 move shadowclaw\n>p1 switch 5\n>p1 move headbutt\n>p2 move extremespeed\n>p1 move hornleech\n>p2 move extremespeed\n>p1 switch 3\n>p2 switch 4\n>p1 move waterfall\n>p2 move megahorn\n>p1 switch 6\n>p1 move hurricane mega\n>p2 move stealthrock\n>p2 switch 2\n>p1 move uturn\n>p2 move thunderbolt zmove\n>p1 switch 2\n>p1 move darkpulse zmove\n>p2 move thunderbolt\n>p2 switch 6\n>p1 move nastyplot\n>p2 move scald\n>p1 move darkpulse\n>p2 move scald\n>p1 switch 4\n>p1 move hurricane\n>p2 move toxic\n>forcelose p1", "uploadtime": 1769806685, "views": 188, "formatid": "gen7randombattle", "rating": 1508, "private": 0, "password": null}