{"id": "gen7randombattle-2530923888", "format": "[Gen 7] Random Battle", "players": ["La.Hellhound", "FastSecond4"], "log": "|j|‽La.Hellhound\n|j|☆FastSecond4\n|t:|1769987833\n|gametype|singles\n|player|p1|La.Hellhound|bruno|1574\n|player|p2|FastSecond4|101|1530\n|gen|7\n|tier|[Gen 7] Random Battle\n|rated|\n|rule|Sleep Clause Mod: Limit one foe put to sleep\n|rule|HP Percentage Mod: HP is shown in percentages\n|rule|Illusion Level Mod: Illusion disguises the Pokémon's true level\n|\n|t:|1769987833\n|teamsize|p1|6\n|teamsize|p2|6\n|start\n|switch|p1a: Armaldo|Armaldo, L89, M|278/278\n|switch|p2a: Venusaur|Venusaur, L78, M|253/253\n|turn|1\n|inactive|Battle timer is ON: inactive players will automatically lose when time's up. (requested by La.Hellhound)\n|inactive|La.Hellhound has 120 seconds left.\n|inactive|FastSecond4 has 120 seconds left.\n|inactive|La.Hellhound has 90 seconds left.\n|inactive|La.Hellhound has 60 seconds left.\n|\n|t:|1769987930\n|switch|p2a: Rampardos|Rampardos, L88, F|314/314\n|move|p1a: Armaldo|Knock Off|p2a: Rampardos\n|-damage|p2a: Rampardos|189/314\n|-enditem|p2a: Rampardos|Life Orb|[from] move: Knock Off|[of] p1a: Armaldo\n|\n|upkeep\n|turn|2\n|inactive|La.Hellhound has 120 seconds left.\n|\n|t:|1769987942\n|switch|p1a: Scrafty|Scrafty, L84, M|246/246\n|-ability|p1a: Scrafty|Intimidate|boost\n|-unboost|p2a: Rampardos|atk|1\n|move|p2a: Rampardos|Rock Slide|p1a: Scrafty\n|-resisted|p1a: Scrafty\n|-damage|p1a: Scrafty|198/246\n|\n|-heal|p1a: Scrafty|213/246|[from] item: Leftovers\n|upkeep\n|turn|3\n|inactive|La.Hellhound has 120 seconds left.\n|\n|t:|1769987959\n|switch|p2a: Venusaur|Venusaur, L78, M|253/253\n|move|p1a: Scrafty|Dragon Dance|p1a: Scrafty\n|-boost|p1a: Scrafty|atk|1\n|-boost|p1a: Scrafty|spe|1\n|\n|-heal|p1a: Scrafty|228/246|[from] item: Leftovers\n|upkeep\n|turn|4\n|inactive|La.Hellhound has 120 seconds left.\n|\n|t:|1769987972\n|detailschange|p2a: Venusaur|Venusaur-Mega, L78, M\n|-mega|p2a: Venusaur|Venusaur|Venusaurite\n|move|p1a: Scrafty|Knock Off|p2a: Venusaur\n|-damage|p2a: Venusaur|172/253\n|move|p2a: Venusaur|Sludge Bomb|p1a: Scrafty\n|-damage|p1a: Scrafty|147/246\n|-status|p1a: Scrafty|psn\n|\n|-heal|p1a: Scrafty|162/246 psn|[from] item: Leftovers\n|-damage|p1a: Scrafty|132/246 psn|[from] psn\n|upkeep\n|turn|5\n|inactive|La.Hellhound has 120 seconds left.\n|\n|t:|1769987988\n|move|p1a: Scrafty|Iron Head|p2a: Venusaur\n|-damage|p2a: Venusaur|108/253\n|move|p2a: Venusaur|Giga Drain|p1a: Scrafty\n|-damage|p1a: Scrafty|59/246 psn\n|-heal|p2a: Venusaur|145/253|[from] drain|[of] p1a: Scrafty\n|\n|-heal|p1a: Scrafty|74/246 psn|[from] item: Leftovers\n|-damage|p1a: Scrafty|44/246 psn|[from] psn\n|upkeep\n|turn|6\n|inactive|La.Hellhound has 120 seconds left.\n|\n|t:|1769987998\n|move|p1a: Scrafty|Iron Head|p2a: Venusaur\n|-damage|p2a: Venusaur|78/253\n|move|p2a: Venusaur|Giga Drain|p1a: Scrafty\n|-damage|p1a: Scrafty|0 fnt\n|-heal|p2a: Venusaur|100/253|[from] drain|[of] p1a: Scrafty\n|faint|p1a: Scrafty\n|\n|upkeep\n|\n|t:|1769988006\n|switch|p1a: Cinccino|Cinccino, L84, M|263/263\n|turn|7\n|inactive|La.Hellhound has 120 seconds left.\n|\n|t:|1769988035\n|move|p1a: Cinccino|Tail Slap|p2a: Venusaur\n|-damage|p2a: Venusaur|63/253\n|-damage|p2a: Venusaur|32/253\n|-damage|p2a: Venusaur|0 fnt\n|faint|p2a: Venusaur\n|detailschange|p2: Venusaur|Venusaur, L78, M|[silent]\n|-hitcount|p2: Venusaur|3\n|\n|upkeep\n|\n|t:|1769988042\n|switch|p2a: Rampardos|Rampardos, L88, F|189/314\n|turn|8\n|\n|t:|1769988057\n|switch|p1a: Lunala|Lunala, L72|316/316\n|move|p2a: Rampardos|Rock Polish|p2a: Rampardos\n|-boost|p2a: Rampardos|spe|2\n|\n|upkeep\n|turn|9\n|\n|t:|1769988067\n|move|p2a: Rampardos|Rock Slide|p1a: Lunala\n|-damage|p1a: Lunala|220/316\n|move|p1a: Lunala|Moongeist Beam|p2a: Rampardos\n|-damage|p2a: Rampardos|47/314\n|\n|-heal|p1a: Lunala|239/316|[from] item: Leftovers\n|upkeep\n|turn|10\n|\n|t:|1769988076\n|move|p2a: Rampardos|Rock Slide|p1a: Lunala\n|-damage|p1a: Lunala|31/316\n|move|p1a: Lunala|Moonblast|p2a: Rampardos\n|-damage|p2a: Rampardos|0 fnt\n|faint|p2a: Rampardos\n|\n|-heal|p1a: Lunala|50/316|[from] item: Leftovers\n|upkeep\n|\n|t:|1769988083\n|switch|p2a: Archeops|Archeops, L82, F|257/257\n|turn|11\n|\n|t:|1769988090\n|switch|p1a: Minun|Minun, L95, F|268/268\n|move|p2a: Archeops|Acrobatics|p1a: Minun\n|-resisted|p1a: Minun\n|-damage|p1a: Minun|170/268\n|\n|-heal|p1a: Minun|186/268|[from] item: Leftovers\n|upkeep\n|turn|12\n|\n|t:|1769988102\n|switch|p2a: Electrode|Electrode, L89|252/252\n|move|p1a: Minun|Thunderbolt|p2a: Electrode\n|-resisted|p2a: Electrode\n|-damage|p2a: Electrode|203/252\n|\n|-heal|p1a: Minun|202/268|[from] item: Leftovers\n|upkeep\n|turn|13\n|\n|t:|1769988113\n|move|p2a: Electrode|Light Screen|p2a: Electrode\n|-sidestart|p2: FastSecond4|move: Light Screen\n|move|p1a: Minun|Encore|p2a: Electrode\n|-start|p2a: Electrode|Encore\n|\n|-heal|p1a: Minun|218/268|[from] item: Leftovers\n|upkeep\n|turn|14\n|\n|t:|1769988121\n|switch|p2a: Slaking|Slaking, L84, F|389/389\n|move|p1a: Minun|Nasty Plot|p1a: Minun\n|-boost|p1a: Minun|spa|2\n|\n|-heal|p1a: Minun|234/268|[from] item: Leftovers\n|upkeep\n|turn|15\n|\n|t:|1769988129\n|move|p2a: Slaking|Giga Impact|p1a: Minun\n|-damage|p1a: Minun|0 fnt\n|-mustrecharge|p2a: Slaking\n|faint|p1a: Minun\n|\n|upkeep\n|\n|t:|1769988139\n|switch|p1a: Armaldo|Armaldo, L89, M|278/278\n|turn|16\n|\n|t:|1769988151\n|cant|p2a: Slaking|recharge\n|move|p1a: Armaldo|Toxic|p2a: Slaking\n|-status|p2a: Slaking|tox\n|\n|-damage|p2a: Slaking|365/389 tox|[from] psn\n|upkeep\n|turn|17\n|\n|t:|1769988158\n|switch|p1a: Lunala|Lunala, L72|50/316\n|move|p2a: Slaking|Giga Impact|p1a: Lunala\n|-immune|p1a: Lunala\n|\n|-heal|p1a: Lunala|69/316|[from] item: Leftovers\n|-damage|p2a: Slaking|317/389 tox|[from] psn\n|upkeep\n|turn|18\n|\n|t:|1769988167\n|switch|p2a: Electrode|Electrode, L89|203/252\n|move|p1a: Lunala|Roost|p1a: Lunala\n|-heal|p1a: Lunala|227/316\n|-singleturn|p1a: Lunala|move: Roost\n|\n|-heal|p1a: Lunala|246/316|[from] item: Leftovers\n|upkeep\n|turn|19\n|\n|t:|1769988178\n|move|p2a: Electrode|Reflect|p2a: Electrode\n|-sidestart|p2: FastSecond4|Reflect\n|move|p1a: Lunala|Calm Mind|p1a: Lunala\n|-boost|p1a: Lunala|spa|1\n|-boost|p1a: Lunala|spd|1\n|\n|-heal|p1a: Lunala|265/316|[from] item: Leftovers\n|upkeep\n|turn|20\n|\n|t:|1769988185\n|move|p2a: Electrode|Volt Switch|p1a: Lunala\n|-damage|p1a: Lunala|219/316\n|\n|t:|1769988195\n|switch|p2a: Archeops|Archeops, L82, F|257/257|[from] Volt Switch\n|move|p1a: Lunala|Moongeist Beam|p2a: Archeops\n|-damage|p2a: Archeops|159/257\n|\n|-heal|p1a: Lunala|238/316|[from] item: Leftovers\n|-sideend|p2: FastSecond4|move: Light Screen\n|upkeep\n|turn|21\n|\n|t:|1769988210\n|move|p2a: Archeops|Acrobatics|p1a: Lunala\n|-damage|p1a: Lunala|60/316\n|move|p1a: Lunala|Roost|p1a: Lunala\n|-heal|p1a: Lunala|218/316\n|-singleturn|p1a: Lunala|move: Roost\n|\n|-heal|p1a: Lunala|237/316|[from] item: Leftovers\n|upkeep\n|turn|22\n|\n|t:|1769988217\n|move|p2a: Archeops|Acrobatics|p1a: Lunala\n|-damage|p1a: Lunala|81/316\n|move|p1a: Lunala|Roost|p1a: Lunala\n|-heal|p1a: Lunala|239/316\n|-singleturn|p1a: Lunala|move: Roost\n|\n|-heal|p1a: Lunala|258/316|[from] item: Leftovers\n|upkeep\n|turn|23\n|\n|t:|1769988226\n|move|p2a: Archeops|Acrobatics|p1a: Lunala\n|-damage|p1a: Lunala|93/316\n|move|p1a: Lunala|Roost|p1a: Lunala\n|-heal|p1a: Lunala|251/316\n|-singleturn|p1a: Lunala|move: Roost\n|\n|-heal|p1a: Lunala|270/316|[from] item: Leftovers\n|upkeep\n|turn|24\n|\n|t:|1769988233\n|move|p2a: Archeops|Acrobatics|p1a: Lunala\n|-damage|p1a: Lunala|114/316\n|move|p1a: Lunala|Moongeist Beam|p2a: Archeops\n|-damage|p2a: Archeops|0 fnt\n|faint|p2a: Archeops\n|\n|-heal|p1a: Lunala|133/316|[from] item: Leftovers\n|upkeep\n|\n|t:|1769988243\n|switch|p2a: Slaking|Slaking, L84, F|317/389 tox\n|turn|25\n|\n|t:|1769988246\n|switch|p1a: Armaldo|Armaldo, L89, M|278/278\n|move|p2a: Slaking|Night Slash|p1a: Armaldo\n|-damage|p1a: Armaldo|218/278\n|\n|-heal|p1a: Armaldo|235/278|[from] item: Leftovers\n|-damage|p2a: Slaking|293/389 tox|[from] psn\n|upkeep\n|turn|26\n|\n|t:|1769988259\n|switch|p2a: Electrode|Electrode, L89|203/252\n|move|p1a: Armaldo|Knock Off|p2a: Electrode\n|-damage|p2a: Electrode|148/252\n|-enditem|p2a: Electrode|Light Clay|[from] move: Knock Off|[of] p1a: Armaldo\n|\n|-heal|p1a: Armaldo|252/278|[from] item: Leftovers\n|-sideend|p2: FastSecond4|Reflect\n|upkeep\n|turn|27\n|\n|t:|1769988275\n|move|p2a: Electrode|Reflect|p2a: Electrode\n|-sidestart|p2: FastSecond4|Reflect\n|move|p1a: Armaldo|Toxic|p2a: Electrode\n|-status|p2a: Electrode|tox\n|\n|-heal|p1a: Armaldo|269/278|[from] item: Leftovers\n|-damage|p2a: Electrode|133/252 tox|[from] psn\n|upkeep\n|turn|28\n|\n|t:|1769988284\n|move|p2a: Electrode|Light Screen|p2a: Electrode\n|-sidestart|p2: FastSecond4|move: Light Screen\n|move|p1a: Armaldo|Stone Edge|p2a: Electrode|[miss]\n|-miss|p1a: Armaldo|p2a: Electrode\n|\n|-heal|p1a: Armaldo|278/278|[from] item: Leftovers\n|-damage|p2a: Electrode|103/252 tox|[from] psn\n|upkeep\n|turn|29\n|\n|t:|1769988292\n|move|p2a: Electrode|Thunderbolt|p1a: Armaldo\n|-damage|p1a: Armaldo|187/278\n|move|p1a: Armaldo|Stone Edge|p2a: Electrode\n|-damage|p2a: Electrode|28/252 tox\n|\n|-heal|p1a: Armaldo|204/278|[from] item: Leftovers\n|-damage|p2a: Electrode|0 fnt|[from] psn\n|faint|p2a: Electrode\n|upkeep\n|\n|t:|1769988299\n|switch|p2a: Ambipom|Ambipom, L84, F|263/263\n|turn|30\n|\n|t:|1769988304\n|move|p2a: Ambipom|Fake Out|p1a: Armaldo\n|-resisted|p1a: Armaldo\n|-damage|p1a: Armaldo|168/278\n|cant|p1a: Armaldo|flinch\n|\n|-heal|p1a: Armaldo|185/278|[from] item: Leftovers\n|upkeep\n|turn|31\n|\n|t:|1769988314\n|move|p2a: Ambipom|Knock Off|p1a: Armaldo\n|-damage|p1a: Armaldo|125/278\n|-enditem|p1a: Armaldo|Leftovers|[from] move: Knock Off|[of] p2a: Ambipom\n|move|p1a: Armaldo|Knock Off|p2a: Ambipom\n|-damage|p2a: Ambipom|207/263\n|-enditem|p2a: Ambipom|Silk Scarf|[from] move: Knock Off|[of] p1a: Armaldo\n|\n|-sideend|p2: FastSecond4|Reflect\n|upkeep\n|turn|32\n|\n|t:|1769988324\n|move|p2a: Ambipom|Return|p1a: Armaldo\n|-resisted|p1a: Armaldo\n|-damage|p1a: Armaldo|74/278\n|move|p1a: Armaldo|Stone Edge|p2a: Ambipom\n|-crit|p2a: Ambipom\n|-damage|p2a: Ambipom|0 fnt\n|faint|p2a: Ambipom\n|\n|-sideend|p2: FastSecond4|move: Light Screen\n|upkeep\n|-message|FastSecond4 forfeited.\n|\n|win|La.Hellhound\n|raw|La.Hellhound's rating: 1574 &rarr; <strong>1591</strong><br />(+17 for winning)\n|raw|FastSecond4's rating: 1530 &rarr; <strong>1513</strong><br />(-17 for losing)\n|l|☆FastSecond4\n|player|p2|\n", "inputlog": ">version ccdc32dd7cde25fd9e4bed64820e885f66e78a4e\n>start {\"formatid\":\"gen7randombattle\",\"seed\":\"sodium,d6d94155257c51754a60da6c20ac7cc5\",\"rated\":\"Rated battle\"}\n>player p1 {\"name\":\"La.Hellhound\",\"avatar\":\"bruno\",\"rating\":1574,\"seed\":\"sodium,c3af58edf841c6721cee82d17285680e\"}\n>player p2 {\"name\":\"FastSecond4\",\"avatar\":\"101\",\"rating\":1530,\"seed\":\"sodium,ee2844e58ce9e196a230f8aa0d62179a\"}\n>p1 move knockoff\n>p2 switch 2\n>p1 switch 4\n>p2 move rockslide\n>p1 move dragondance\n>p2 switch 2\n>p1 move knockoff\n>p2 move sludgebomb mega\n>p1 move ironhead\n>p2 move gigadrain\n>p1 move ironhead\n>p2 move gigadrain\n>p1 switch 3\n>p1 move tailslap\n>p2 move synthesis\n>p2 switch 2\n>p1 switch 2\n>p2 move rockpolish\n>p1 move moongeistbeam\n>p2 move rockslide\n>p1 move moonblast\n>p2 move rockslide\n>p2 switch 3\n>p1 switch 6\n>p2 move acrobatics\n>p1 move thunderbolt\n>p2 switch 6\n>p1 move encore\n>p2 move lightscreen\n>p1 move nastyplot\n>p2 switch 4\n>p1 move thunderbolt\n>p2 move gigaimpact\n>p1 switch 4\n>p1 move toxic\n>p2 move recharge\n>p1 switch 6\n>p2 move gigaimpact\n>p1 move roost\n>p2 switch 4\n>p1 move calmmind\n>p2 move reflect\n>p1 move moongeistbeam\n>p2 move voltswitch\n>p2 switch 6\n>p1 move roost\n>p2 move acrobatics\n>p1 move roost\n>p2 move acrobatics\n>p1 move roost\n>p2 move acrobatics\n>p1 move moongeistbeam\n>p2 move acrobatics\n>p2 switch 4\n>p1 switch 6\n>p2 move nightslash\n>p1 move knockoff\n>p2 switch 6\n>p1 move toxic\n>p2 move reflect\n>p1 move stoneedge\n>p2 move lightscreen\n>p1 move stoneedge\n>p2 move thunderbolt\n>p2 switch 5\n>p1 move knockoff\n>p2 move fakeout\n>p1 move knockoff\n>p2 move knockoff\n>p1 move stoneedge\n>p2 move return\n>forcelose p2", "uploadtime": 1769988334, "views": 182, "formatid": "gen7randombattle", "rating": 1513, "private": 0, "password": null}