{"id": "gen7randombattle-2537965194", "format": "[Gen 7] Random Battle", "players": ["tpri", "La.Hellhound"], "log": "|j|☆tpri\n|j|‽La.Hellhound\n|t:|1770869821\n|gametype|singles\n|player|p1|tpri|burglar-lgpe|1604\n|player|p2|La.Hellhound|bruno|1622\n|gen|7\n|tier|[Gen 7] Random Battle\n|rated|\n|rule|Sleep Clause Mod: Limit one foe put to sleep\n|rule|HP Percentage Mod: HP is shown in percentages\n|rule|Illusion Level Mod: Illusion disguises the Pokémon's true level\n|\n|t:|1770869821\n|teamsize|p1|6\n|teamsize|p2|6\n|start\n|switch|p1a: Espeon|Espeon, L83, F|244/244\n|switch|p2a: Blaziken|Blaziken, L78, M|253/253\n|turn|1\n|inactive|Battle timer is ON: inactive players will automatically lose when time's up. (requested by La.Hellhound)\n|\n|t:|1770869839\n|switch|p2a: Grumpig|Grumpig, L93, M|300/300\n|move|p1a: Espeon|Psyshock|p2a: Grumpig\n|-resisted|p2a: Grumpig\n|-damage|p2a: Grumpig|226/300\n|-damage|p1a: Espeon|220/244|[from] item: Life Orb\n|\n|-heal|p2a: Grumpig|244/300|[from] item: Leftovers\n|upkeep\n|turn|2\n|\n|t:|1770869854\n|switch|p2a: Kangaskhan|Kangaskhan, L75, F|281/281\n|move|p1a: Espeon|Calm Mind|p1a: Espeon\n|-boost|p1a: Espeon|spa|1\n|-boost|p1a: Espeon|spd|1\n|\n|upkeep\n|turn|3\n|\n|t:|1770869872\n|detailschange|p2a: Kangaskhan|Kangaskhan-Mega, L75, F\n|-mega|p2a: Kangaskhan|Kangaskhan|Kangaskhanite\n|move|p2a: Kangaskhan|Sucker Punch|p1a: Espeon\n|-supereffective|p1a: Espeon\n|-damage|p1a: Espeon|82/244\n|-supereffective|p1a: Espeon\n|-damage|p1a: Espeon|48/244\n|-hitcount|p1a: Espeon|2\n|move|p1a: Espeon|Psyshock|p2a: Kangaskhan\n|-damage|p2a: Kangaskhan|57/281\n|-damage|p1a: Espeon|24/244|[from] item: Life Orb\n|\n|upkeep\n|turn|4\n|inactive|La.Hellhound has 120 seconds left.\n|inactive|La.Hellhound has 90 seconds left.\n|\n|t:|1770869946\n|move|p1a: Espeon|Morning Sun|p1a: Espeon\n|-heal|p1a: Espeon|146/244\n|move|p2a: Kangaskhan|Seismic Toss|p1a: Espeon\n|-damage|p1a: Espeon|71/244\n|-damage|p1a: Espeon|0 fnt\n|faint|p1a: Espeon\n|-hitcount|p1: Espeon|2\n|\n|upkeep\n|inactive|tpri has 120 seconds left.\n|\n|t:|1770869978\n|switch|p1a: Rotom|Rotom-Mow, L86|226/226\n|turn|5\n|inactive|La.Hellhound has 90 seconds left.\n|\n|t:|1770870010\n|switch|p2a: Grumpig|Grumpig, L93, M|244/300\n|move|p1a: Rotom|Thunderbolt|p2a: Grumpig\n|-crit|p2a: Grumpig\n|-damage|p2a: Grumpig|126/300\n|-status|p2a: Grumpig|par\n|\n|-heal|p2a: Grumpig|144/300 par|[from] item: Leftovers\n|upkeep\n|turn|6\n|inactive|La.Hellhound has 60 seconds left.\n|\n|t:|1770870025\n|switch|p2a: Carnivine|Carnivine, M|310/310\n|move|p1a: Rotom|Thunderbolt|p2a: Carnivine\n|-resisted|p2a: Carnivine\n|-damage|p2a: Carnivine|259/310\n|\n|-heal|p2a: Carnivine|278/310|[from] item: Leftovers\n|upkeep\n|turn|7\n|inactive|La.Hellhound has 60 seconds left.\n|\n|t:|1770870045\n|switch|p1a: Articuno|Articuno, L85|291/291\n|-ability|p1a: Articuno|Pressure\n|move|p2a: Carnivine|Knock Off|p1a: Articuno\n|-damage|p1a: Articuno|203/291\n|-enditem|p1a: Articuno|Leftovers|[from] move: Knock Off|[of] p2a: Carnivine\n|\n|-heal|p2a: Carnivine|297/310|[from] item: Leftovers\n|upkeep\n|turn|8\n|inactive|La.Hellhound has 60 seconds left.\n|\n|t:|1770870056\n|switch|p2a: Lycanroc|Lycanroc, L85, F|266/266\n|move|p1a: Articuno|Toxic|p2a: Lycanroc\n|-status|p2a: Lycanroc|tox\n|\n|-damage|p2a: Lycanroc|250/266 tox|[from] psn\n|upkeep\n|turn|9\n|inactive|La.Hellhound has 60 seconds left.\n|\n|t:|1770870068\n|switch|p1a: Rotom|Rotom-Mow, L86|226/226\n|-zpower|p2a: Lycanroc\n|move|p2a: Lycanroc|Splintered Stormshards|p1a: Rotom|[zeffect]\n|-damage|p1a: Rotom|30/226\n|\n|-damage|p2a: Lycanroc|218/266 tox|[from] psn\n|upkeep\n|turn|10\n|inactive|La.Hellhound has 60 seconds left.\n|\n|t:|1770870091\n|move|p2a: Lycanroc|Accelerock|p1a: Rotom\n|-damage|p1a: Rotom|0 fnt\n|faint|p1a: Rotom\n|\n|-damage|p2a: Lycanroc|170/266 tox|[from] psn\n|upkeep\n|inactive|tpri has 90 seconds left.\n|\n|t:|1770870113\n|switch|p1a: Smeargle|Smeargle, L88, F|240/240\n|turn|11\n|inactive|tpri has 90 seconds left.\n|inactive|La.Hellhound has 60 seconds left.\n|\n|t:|1770870134\n|move|p2a: Lycanroc|Stone Edge|p1a: Smeargle\n|-damage|p1a: Smeargle|38/240\n|move|p1a: Smeargle|Sticky Web|p2a: Lycanroc\n|-sidestart|p2: La.Hellhound|move: Sticky Web\n|\n|-damage|p2a: Lycanroc|106/266 tox|[from] psn\n|upkeep\n|turn|12\n|inactive|La.Hellhound has 60 seconds left.\n|inactive|tpri has 90 seconds left.\n|\n|t:|1770870156\n|switch|p2a: Grumpig|Grumpig, L93, M|144/300 par\n|-activate|p2a: Grumpig|move: Sticky Web\n|-unboost|p2a: Grumpig|spe|1\n|move|p1a: Smeargle|Stealth Rock|p2a: Grumpig\n|-sidestart|p2: La.Hellhound|move: Stealth Rock\n|\n|-heal|p2a: Grumpig|162/300 par|[from] item: Leftovers\n|upkeep\n|turn|13\n|\n|t:|1770870180\n|switch|p1a: Manectric|Manectric, L78, F|237/237\n|move|p2a: Grumpig|Heal Bell|p2a: Grumpig\n|-activate|p2a: Grumpig|move: Heal Bell\n|-curestatus|p2a: Grumpig|par|[msg]\n|-curestatus|p2: Lycanroc|tox|[msg]\n|\n|-heal|p2a: Grumpig|180/300|[from] item: Leftovers\n|upkeep\n|turn|14\n|\n|t:|1770870195\n|detailschange|p1a: Manectric|Manectric-Mega, L78, F\n|-mega|p1a: Manectric|Manectric|Manectite\n|-ability|p1a: Manectric|Intimidate|boost\n|-unboost|p2a: Grumpig|atk|1\n|move|p1a: Manectric|Volt Switch|p2a: Grumpig\n|-damage|p2a: Grumpig|108/300\n|inactive|tpri has 60 seconds left.\n|\n|t:|1770870210\n|switch|p1a: Articuno|Articuno, L85|203/291|[from] Volt Switch\n|-ability|p1a: Articuno|Pressure\n|move|p2a: Grumpig|Psychic|p1a: Articuno\n|-damage|p1a: Articuno|125/291\n|\n|-heal|p2a: Grumpig|126/300|[from] item: Leftovers\n|upkeep\n|turn|15\n|\n|t:|1770870220\n|move|p1a: Articuno|Roost|p1a: Articuno\n|-heal|p1a: Articuno|271/291\n|-singleturn|p1a: Articuno|move: Roost\n|move|p2a: Grumpig|Focus Blast|p1a: Articuno\n|-supereffective|p1a: Articuno\n|-damage|p1a: Articuno|121/291\n|\n|-heal|p2a: Grumpig|144/300|[from] item: Leftovers\n|upkeep\n|turn|16\n|\n|t:|1770870231\n|switch|p2a: Volcanion|Volcanion, L81|262/262\n|-activate|p2a: Volcanion|move: Sticky Web\n|-unboost|p2a: Volcanion|spe|1\n|-damage|p2a: Volcanion|197/262|[from] Stealth Rock\n|move|p1a: Articuno|Substitute|p1a: Articuno\n|-start|p1a: Articuno|Substitute\n|-damage|p1a: Articuno|49/291\n|\n|-heal|p2a: Volcanion|213/262|[from] item: Leftovers\n|upkeep\n|turn|17\n|\n|t:|1770870251\n|move|p1a: Articuno|Roost|p1a: Articuno\n|-heal|p1a: Articuno|195/291\n|-singleturn|p1a: Articuno|move: Roost\n|move|p2a: Volcanion|Defog|p1a: Articuno\n|-sideend|p2: La.Hellhound|Stealth Rock|[from] move: Defog|[of] p2a: Volcanion\n|-sideend|p2: La.Hellhound|Sticky Web|[from] move: Defog|[of] p2a: Volcanion\n|\n|-heal|p2a: Volcanion|229/262|[from] item: Leftovers\n|upkeep\n|turn|18\n|\n|t:|1770870262\n|move|p1a: Articuno|Toxic|p2a: Volcanion\n|-status|p2a: Volcanion|tox\n|move|p2a: Volcanion|Fire Blast|p1a: Articuno\n|-supereffective|p1a: Articuno\n|-end|p1a: Articuno|Substitute\n|\n|-heal|p2a: Volcanion|245/262 tox|[from] item: Leftovers\n|-damage|p2a: Volcanion|229/262 tox|[from] psn\n|upkeep\n|turn|19\n|\n|t:|1770870272\n|switch|p2a: Grumpig|Grumpig, L93, M|144/300\n|move|p1a: Articuno|Substitute|p1a: Articuno\n|-start|p1a: Articuno|Substitute\n|-damage|p1a: Articuno|123/291\n|\n|-heal|p2a: Grumpig|162/300|[from] item: Leftovers\n|upkeep\n|turn|20\n|\n|t:|1770870282\n|move|p2a: Grumpig|Heal Bell|p2a: Grumpig\n|-activate|p2a: Grumpig|move: Heal Bell\n|-curestatus|p2: Volcanion|tox|[msg]\n|move|p1a: Articuno|Toxic|p2a: Grumpig\n|-status|p2a: Grumpig|tox\n|\n|-heal|p2a: Grumpig|180/300 tox|[from] item: Leftovers\n|-damage|p2a: Grumpig|162/300 tox|[from] psn\n|upkeep\n|turn|21\n|\n|t:|1770870296\n|switch|p2a: Volcanion|Volcanion, L81|229/262\n|move|p1a: Articuno|Roost|p1a: Articuno\n|-heal|p1a: Articuno|269/291\n|-singleturn|p1a: Articuno|move: Roost\n|\n|-heal|p2a: Volcanion|245/262|[from] item: Leftovers\n|upkeep\n|turn|22\n|\n|t:|1770870310\n|switch|p2a: Grumpig|Grumpig, L93, M|162/300 tox\n|move|p1a: Articuno|Toxic|p2a: Grumpig\n|-fail|p2a: Grumpig|tox\n|\n|-heal|p2a: Grumpig|180/300 tox|[from] item: Leftovers\n|-damage|p2a: Grumpig|162/300 tox|[from] psn\n|upkeep\n|turn|23\n|\n|t:|1770870319\n|switch|p2a: Volcanion|Volcanion, L81|245/262\n|move|p1a: Articuno|Toxic|p2a: Volcanion\n|-status|p2a: Volcanion|tox\n|\n|-heal|p2a: Volcanion|261/262 tox|[from] item: Leftovers\n|-damage|p2a: Volcanion|245/262 tox|[from] psn\n|upkeep\n|turn|24\n|inactive|La.Hellhound has 90 seconds left.\n|\n|t:|1770870331\n|move|p1a: Articuno|Freeze-Dry|p2a: Volcanion\n|-damage|p2a: Volcanion|172/262 tox\n|move|p2a: Volcanion|Fire Blast|p1a: Articuno\n|-supereffective|p1a: Articuno\n|-end|p1a: Articuno|Substitute\n|\n|-heal|p2a: Volcanion|188/262 tox|[from] item: Leftovers\n|-damage|p2a: Volcanion|156/262 tox|[from] psn\n|upkeep\n|turn|25\n|inactive|tpri has 120 seconds left.\n|inactive|La.Hellhound has 90 seconds left.\n|\n|t:|1770870344\n|switch|p2a: Grumpig|Grumpig, L93, M|162/300 tox\n|move|p1a: Articuno|Substitute|p1a: Articuno\n|-start|p1a: Articuno|Substitute\n|-damage|p1a: Articuno|197/291\n|\n|-heal|p2a: Grumpig|180/300 tox|[from] item: Leftovers\n|-damage|p2a: Grumpig|162/300 tox|[from] psn\n|upkeep\n|turn|26\n|inactive|tpri has 120 seconds left.\n|\n|t:|1770870353\n|move|p2a: Grumpig|Heal Bell|p2a: Grumpig\n|-activate|p2a: Grumpig|move: Heal Bell\n|-curestatus|p2a: Grumpig|tox|[msg]\n|-curestatus|p2: Volcanion|tox|[msg]\n|move|p1a: Articuno|Toxic|p2a: Grumpig\n|-status|p2a: Grumpig|tox\n|\n|-heal|p2a: Grumpig|180/300 tox|[from] item: Leftovers\n|-damage|p2a: Grumpig|162/300 tox|[from] psn\n|upkeep\n|turn|27\n|\n|t:|1770870364\n|move|p2a: Grumpig|Heal Bell|p2a: Grumpig\n|-activate|p2a: Grumpig|move: Heal Bell\n|-curestatus|p2a: Grumpig|tox|[msg]\n|move|p1a: Articuno|Freeze-Dry|p2a: Grumpig\n|-damage|p2a: Grumpig|131/300\n|\n|-heal|p2a: Grumpig|149/300|[from] item: Leftovers\n|upkeep\n|turn|28\n|\n|t:|1770870376\n|move|p1a: Articuno|Toxic|p2a: Grumpig|[miss]\n|-miss|p1a: Articuno|p2a: Grumpig\n|move|p2a: Grumpig|Whirlwind|p1a: Articuno\n|drag|p1a: Guzzlord|Guzzlord, L86|524/524\n|\n|-heal|p2a: Grumpig|167/300|[from] item: Leftovers\n|upkeep\n|turn|29\n|\n|t:|1770870386\n|switch|p2a: Blaziken|Blaziken, L78, M|253/253\n|move|p1a: Guzzlord|Knock Off|p2a: Blaziken\n|-resisted|p2a: Blaziken\n|-damage|p2a: Blaziken|187/253\n|-enditem|p2a: Blaziken|Life Orb|[from] move: Knock Off|[of] p1a: Guzzlord\n|\n|upkeep\n|turn|30\n|\n|t:|1770870397\n|move|p2a: Blaziken|High Jump Kick|p1a: Guzzlord\n|-supereffective|p1a: Guzzlord\n|-damage|p1a: Guzzlord|110/524\n|move|p1a: Guzzlord|Draco Meteor|p2a: Blaziken\n|-crit|p2a: Blaziken\n|-damage|p2a: Blaziken|0 fnt\n|-unboost|p1a: Guzzlord|spa|2\n|faint|p2a: Blaziken\n|-ability|p1a: Guzzlord|Beast Boost|boost\n|-boost|p1a: Guzzlord|atk|1\n|\n|upkeep\n|\n|t:|1770870407\n|switch|p2a: Kangaskhan|Kangaskhan-Mega, L75, F|57/281\n|turn|31\n|\n|t:|1770870416\n|move|p2a: Kangaskhan|Seismic Toss|p1a: Guzzlord\n|-damage|p1a: Guzzlord|35/524\n|-damage|p1a: Guzzlord|0 fnt\n|faint|p1a: Guzzlord\n|-hitcount|p1: Guzzlord|2\n|\n|upkeep\n|\n|t:|1770870429\n|switch|p1a: Manectric|Manectric-Mega, L78, F|237/237\n|-ability|p1a: Manectric|Intimidate|boost\n|-unboost|p2a: Kangaskhan|atk|1\n|turn|32\n|inactive|La.Hellhound has 120 seconds left.\n|\n|t:|1770870436\n|switch|p2a: Carnivine|Carnivine, M|297/310\n|move|p1a: Manectric|Volt Switch|p2a: Carnivine\n|-resisted|p2a: Carnivine\n|-damage|p2a: Carnivine|256/310\n|inactive|tpri has 120 seconds left.\n|\n|t:|1770870481\n|switch|p1a: Smeargle|Smeargle, L88, F|38/240|[from] Volt Switch\n|\n|-heal|p2a: Carnivine|275/310|[from] item: Leftovers\n|upkeep\n|turn|33\n|inactive|tpri has 120 seconds left.\n|inactive|La.Hellhound has 120 seconds left.\n|inactive|La.Hellhound has 90 seconds left.\n|\n|t:|1770870533\n|move|p1a: Smeargle|Sticky Web|p2a: Carnivine\n|-sidestart|p2: La.Hellhound|move: Sticky Web\n|move|p2a: Carnivine|Swords Dance|p2a: Carnivine\n|-boost|p2a: Carnivine|atk|2\n|\n|-heal|p2a: Carnivine|294/310|[from] item: Leftovers\n|upkeep\n|turn|34\n|inactive|La.Hellhound has 90 seconds left.\n|\n|t:|1770870543\n|move|p1a: Smeargle|Nuzzle|p2a: Carnivine\n|-resisted|p2a: Carnivine\n|-crit|p2a: Carnivine\n|-damage|p2a: Carnivine|289/310\n|-status|p2a: Carnivine|par\n|move|p2a: Carnivine|Knock Off|p1a: Smeargle\n|-damage|p1a: Smeargle|0 fnt\n|-enditem|p1a: Smeargle|Focus Sash|[from] move: Knock Off|[of] p2a: Carnivine\n|faint|p1a: Smeargle\n|\n|-heal|p2a: Carnivine|308/310 par|[from] item: Leftovers\n|upkeep\n|inactive|tpri has 120 seconds left.\n|\n|t:|1770870555\n|switch|p1a: Articuno|Articuno, L85|197/291\n|-ability|p1a: Articuno|Pressure\n|turn|35\n|\n|t:|1770870564\n|switch|p2a: Volcanion|Volcanion, L81|156/262\n|-activate|p2a: Volcanion|move: Sticky Web\n|-unboost|p2a: Volcanion|spe|1\n|move|p1a: Articuno|Freeze-Dry|p2a: Volcanion\n|-damage|p2a: Volcanion|78/262\n|\n|-heal|p2a: Volcanion|94/262|[from] item: Leftovers\n|upkeep\n|turn|36\n|\n|t:|1770870575\n|switch|p1a: Manectric|Manectric-Mega, L78, F|237/237\n|-ability|p1a: Manectric|Intimidate|boost\n|-unboost|p2a: Volcanion|atk|1\n|move|p2a: Volcanion|Defog|p1a: Manectric\n|-unboost|p1a: Manectric|evasion|1\n|-sideend|p2: La.Hellhound|Sticky Web|[from] move: Defog|[of] p2a: Volcanion\n|\n|-heal|p2a: Volcanion|110/262|[from] item: Leftovers\n|upkeep\n|turn|37\n|\n|t:|1770870591\n|switch|p2a: Carnivine|Carnivine, M|308/310 par\n|move|p1a: Manectric|Volt Switch|p2a: Carnivine\n|-resisted|p2a: Carnivine\n|-damage|p2a: Carnivine|269/310 par\n|\n|t:|1770870594\n|switch|p1a: Articuno|Articuno, L85|197/291|[from] Volt Switch\n|-ability|p1a: Articuno|Pressure\n|\n|-heal|p2a: Carnivine|288/310 par|[from] item: Leftovers\n|upkeep\n|turn|38\n|\n|t:|1770870603\n|switch|p2a: Grumpig|Grumpig, L93, M|167/300\n|move|p1a: Articuno|Substitute|p1a: Articuno\n|-start|p1a: Articuno|Substitute\n|-damage|p1a: Articuno|125/291\n|\n|-heal|p2a: Grumpig|185/300|[from] item: Leftovers\n|upkeep\n|turn|39\n|\n|t:|1770870612\n|move|p1a: Articuno|Roost|p1a: Articuno\n|-heal|p1a: Articuno|271/291\n|-singleturn|p1a: Articuno|move: Roost\n|move|p2a: Grumpig|Whirlwind|p1a: Articuno\n|drag|p1a: Manectric|Manectric-Mega, L78, F|237/237\n|-ability|p1a: Manectric|Intimidate|boost\n|-unboost|p2a: Grumpig|atk|1\n|\n|-heal|p2a: Grumpig|203/300|[from] item: Leftovers\n|upkeep\n|turn|40\n|\n|t:|1770870624\n|move|p1a: Manectric|Volt Switch|p2a: Grumpig\n|-damage|p2a: Grumpig|137/300\n|\n|t:|1770870626\n|switch|p1a: Articuno|Articuno, L85|271/291|[from] Volt Switch\n|-ability|p1a: Articuno|Pressure\n|move|p2a: Grumpig|Heal Bell|p2a: Grumpig\n|-activate|p2a: Grumpig|move: Heal Bell\n|-curestatus|p2: Carnivine|par|[msg]\n|\n|-heal|p2a: Grumpig|155/300|[from] item: Leftovers\n|upkeep\n|turn|41\n|inactive|La.Hellhound has 120 seconds left.\n|\n|t:|1770870637\n|move|p2a: Grumpig|Psychic|p1a: Articuno\n|-damage|p1a: Articuno|193/291\n|move|p1a: Articuno|Toxic|p2a: Grumpig\n|-status|p2a: Grumpig|tox\n|\n|-heal|p2a: Grumpig|173/300 tox|[from] item: Leftovers\n|-damage|p2a: Grumpig|155/300 tox|[from] psn\n|upkeep\n|turn|42\n|inactive|La.Hellhound has 120 seconds left.\n|\n|t:|1770870647\n|move|p1a: Articuno|Toxic|p2a: Grumpig\n|-fail|p2a: Grumpig|tox\n|move|p2a: Grumpig|Whirlwind|p1a: Articuno\n|drag|p1a: Manectric|Manectric-Mega, L78, F|237/237\n|-ability|p1a: Manectric|Intimidate|boost\n|-unboost|p2a: Grumpig|atk|1\n|\n|-heal|p2a: Grumpig|173/300 tox|[from] item: Leftovers\n|-damage|p2a: Grumpig|137/300 tox|[from] psn\n|upkeep\n|turn|43\n|\n|t:|1770870656\n|move|p1a: Manectric|Thunderbolt|p2a: Grumpig\n|-damage|p2a: Grumpig|56/300 tox\n|move|p2a: Grumpig|Psychic|p1a: Manectric\n|-damage|p1a: Manectric|107/237\n|\n|-heal|p2a: Grumpig|74/300 tox|[from] item: Leftovers\n|-damage|p2a: Grumpig|20/300 tox|[from] psn\n|upkeep\n|turn|44\n|\n|t:|1770870665\n|switch|p2a: Carnivine|Carnivine, M|288/310\n|move|p1a: Manectric|Thunderbolt|p2a: Carnivine\n|-resisted|p2a: Carnivine\n|-damage|p2a: Carnivine|234/310\n|\n|-heal|p2a: Carnivine|253/310|[from] item: Leftovers\n|upkeep\n|turn|45\n|\n|t:|1770870673\n|move|p1a: Manectric|Volt Switch|p2a: Carnivine\n|-resisted|p2a: Carnivine\n|-damage|p2a: Carnivine|210/310\n|\n|t:|1770870674\n|switch|p1a: Articuno|Articuno, L85|193/291|[from] Volt Switch\n|-ability|p1a: Articuno|Pressure\n|move|p2a: Carnivine|Power Whip|p1a: Articuno\n|-resisted|p1a: Articuno\n|-damage|p1a: Articuno|115/291\n|\n|-heal|p2a: Carnivine|229/310|[from] item: Leftovers\n|upkeep\n|turn|46\n|\n|t:|1770870692\n|move|p1a: Articuno|Roost|p1a: Articuno\n|-heal|p1a: Articuno|261/291\n|-singleturn|p1a: Articuno|move: Roost\n|move|p2a: Carnivine|Power Whip|p1a: Articuno\n|-damage|p1a: Articuno|105/291\n|\n|-heal|p2a: Carnivine|248/310|[from] item: Leftovers\n|upkeep\n|turn|47\n|\n|t:|1770870704\n|move|p1a: Articuno|Roost|p1a: Articuno\n|-heal|p1a: Articuno|251/291\n|-singleturn|p1a: Articuno|move: Roost\n|move|p2a: Carnivine|Power Whip|p1a: Articuno\n|-damage|p1a: Articuno|98/291\n|\n|-heal|p2a: Carnivine|267/310|[from] item: Leftovers\n|upkeep\n|turn|48\n|\n|t:|1770870714\n|move|p1a: Articuno|Roost|p1a: Articuno\n|-heal|p1a: Articuno|244/291\n|-singleturn|p1a: Articuno|move: Roost\n|move|p2a: Carnivine|Power Whip|p1a: Articuno\n|-damage|p1a: Articuno|73/291\n|\n|-heal|p2a: Carnivine|286/310|[from] item: Leftovers\n|upkeep\n|turn|49\n|\n|t:|1770870722\n|move|p1a: Articuno|Roost|p1a: Articuno\n|-heal|p1a: Articuno|219/291\n|-singleturn|p1a: Articuno|move: Roost\n|move|p2a: Carnivine|Power Whip|p1a: Articuno\n|-damage|p1a: Articuno|39/291\n|\n|-heal|p2a: Carnivine|305/310|[from] item: Leftovers\n|upkeep\n|turn|50\n|\n|t:|1770870733\n|move|p1a: Articuno|Freeze-Dry|p2a: Carnivine\n|-supereffective|p2a: Carnivine\n|-damage|p2a: Carnivine|153/310\n|-status|p2a: Carnivine|frz\n|cant|p2a: Carnivine|frz\n|\n|-heal|p2a: Carnivine|172/310 frz|[from] item: Leftovers\n|upkeep\n|turn|51\n|\n|t:|1770870742\n|switch|p2a: Lycanroc|Lycanroc, L85, F|106/266\n|move|p1a: Articuno|Roost|p1a: Articuno\n|-heal|p1a: Articuno|185/291\n|-singleturn|p1a: Articuno|move: Roost\n|\n|upkeep\n|turn|52\n|\n|t:|1770870751\n|move|p2a: Lycanroc|Accelerock|p1a: Articuno\n|-supereffective|p1a: Articuno\n|-damage|p1a: Articuno|13/291\n|move|p1a: Articuno|Freeze-Dry|p2a: Lycanroc\n|-damage|p2a: Lycanroc|18/266\n|\n|upkeep\n|turn|53\n|\n|t:|1770870757\n|move|p2a: Lycanroc|Accelerock|p1a: Articuno\n|-supereffective|p1a: Articuno\n|-damage|p1a: Articuno|0 fnt\n|faint|p1a: Articuno\n|\n|upkeep\n|\n|t:|1770870759\n|switch|p1a: Manectric|Manectric-Mega, L78, F|107/237\n|-ability|p1a: Manectric|Intimidate|boost\n|-unboost|p2a: Lycanroc|atk|1\n|turn|54\n|inactive|tpri has 120 seconds left.\n|\n|t:|1770870794\n|switch|p2a: Carnivine|Carnivine, M|172/310 frz\n|move|p1a: Manectric|Thunderbolt|p2a: Carnivine\n|-resisted|p2a: Carnivine\n|-damage|p2a: Carnivine|122/310 frz\n|\n|-heal|p2a: Carnivine|141/310 frz|[from] item: Leftovers\n|upkeep\n|turn|55\n|\n|t:|1770870803\n|move|p1a: Manectric|Hidden Power|p2a: Carnivine\n|-supereffective|p2a: Carnivine\n|-damage|p2a: Carnivine|53/310 frz\n|cant|p2a: Carnivine|frz\n|\n|-heal|p2a: Carnivine|72/310 frz|[from] item: Leftovers\n|upkeep\n|turn|56\n|\n|t:|1770870813\n|move|p1a: Manectric|Hidden Power|p2a: Carnivine\n|-supereffective|p2a: Carnivine\n|-damage|p2a: Carnivine|0 fnt\n|faint|p2a: Carnivine\n|\n|upkeep\n|\n|t:|1770870818\n|switch|p2a: Kangaskhan|Kangaskhan-Mega, L75, F|57/281\n|turn|57\n|\n|t:|1770870823\n|move|p2a: Kangaskhan|Sucker Punch|p1a: Manectric\n|-damage|p1a: Manectric|47/237\n|-damage|p1a: Manectric|32/237\n|-hitcount|p1a: Manectric|2\n|move|p1a: Manectric|Thunderbolt|p2a: Kangaskhan\n|-damage|p2a: Kangaskhan|0 fnt\n|faint|p2a: Kangaskhan\n|detailschange|p2: Kangaskhan|Kangaskhan, L75, F|[silent]\n|\n|upkeep\n|\n|t:|1770870831\n|switch|p2a: Lycanroc|Lycanroc, L85, F|18/266\n|turn|58\n|\n|t:|1770870834\n|move|p2a: Lycanroc|Accelerock|p1a: Manectric\n|-damage|p1a: Manectric|0 fnt\n|faint|p1a: Manectric\n|detailschange|p1: Manectric|Manectric, L78, F|[silent]\n|\n|win|La.Hellhound\n|raw|tpri's rating: 1604 &rarr; <strong>1584</strong><br />(-20 for losing)\n|raw|La.Hellhound's rating: 1604 &rarr; <strong>1624</strong><br />(+20 for winning)\n|l|☆tpri\n|player|p1|\n", "inputlog": ">version ccdc32dd7cde25fd9e4bed64820e885f66e78a4e\n>start {\"formatid\":\"gen7randombattle\",\"seed\":\"sodium,c340d9bf5faf3124927f91792d54a2f6\",\"rated\":\"Rated battle\"}\n>player p1 {\"name\":\"tpri\",\"avatar\":\"burglar-lgpe\",\"rating\":1604,\"seed\":\"sodium,7799ac0e3c198131cc101e2589574e2b\"}\n>player p2 {\"name\":\"La.Hellhound\",\"avatar\":\"bruno\",\"rating\":1622,\"seed\":\"sodium,af0d88d3f354115af2fffc547bcc15ed\"}\n>p1 move psyshock\n>p2 switch 4\n>p1 move calmmind\n>p2 switch 5\n>p1 move psyshock\n>p2 move suckerpunch mega\n>p1 move morningsun\n>p2 move seismictoss\n>p1 switch 5\n>p1 move thunderbolt\n>p2 switch 5\n>p1 move thunderbolt\n>p2 switch 3\n>p1 switch 6\n>p2 move knockoff\n>p1 move toxic\n>p2 switch 6\n>p1 switch 6\n>p2 move stoneedge zmove\n>p1 move leafstorm\n>p2 move accelerock\n>p1 switch 2\n>p1 move stickyweb\n>p2 move stoneedge\n>p1 move stealthrock\n>p2 switch 3\n>p1 switch 3\n>p2 move healbell\n>p1 move voltswitch mega\n>p2 move psychic\n>p1 switch 6\n>p1 move roost\n>p2 move focusblast\n>p1 move substitute\n>p2 switch 2\n>p1 move roost\n>p2 move defog\n>p1 move toxic\n>p2 move fireblast\n>p1 move substitute\n>p2 switch 2\n>p1 move toxic\n>p2 move healbell\n>p1 move roost\n>p2 switch 2\n>p1 move toxic\n>p2 switch 2\n>p1 move toxic\n>p2 switch 2\n>p1 move freezedry\n>p2 move fireblast\n>p1 move substitute\n>p2 switch 2\n>p1 move toxic\n>p2 move healbell\n>p1 move freezedry\n>p2 move healbell\n>p1 move toxic\n>p2 move whirlwind\n>p1 move knockoff\n>p2 switch 4\n>p1 move dracometeor\n>p2 move highjumpkick\n>p2 switch 5\n>p1 move knockoff\n>p2 move seismictoss\n>p1 switch 6\n>p1 move voltswitch\n>p2 switch 6\n>p1 switch 3\n>p1 move stickyweb\n>p2 move swordsdance\n>p1 move nuzzle\n>p2 move knockoff\n>p1 switch 4\n>p1 move freezedry\n>p2 switch 2\n>p1 switch 3\n>p2 move defog\n>p1 move voltswitch\n>p2 switch 2\n>p1 switch 3\n>p1 move substitute\n>p2 switch 4\n>p1 move roost\n>p2 move whirlwind\n>p1 move voltswitch\n>p2 move healbell\n>p1 switch 3\n>p1 move toxic\n>p2 move psychic\n>p1 move toxic\n>p2 move whirlwind\n>p1 move thunderbolt\n>p2 move psychic\n>p1 move thunderbolt\n>p2 switch 4\n>p1 move voltswitch\n>p2 move powerwhip\n>p1 switch 3\n>p1 move roost\n>p2 move powerwhip\n>p1 move roost\n>p2 move powerwhip\n>p1 move roost\n>p2 move powerwhip\n>p1 move roost\n>p2 move powerwhip\n>p1 move freezedry\n>p2 move powerwhip\n>p1 move roost\n>p2 switch 3\n>p1 move freezedry\n>p2 move accelerock\n>p1 move freezedry\n>p2 move accelerock\n>p1 switch 3\n>p1 move thunderbolt\n>p2 switch 3\n>p1 move hiddenpower\n>p2 move synthesis\n>p1 move hiddenpower\n>p2 move synthesis\n>p2 switch 6\n>p1 move thunderbolt\n>p2 move suckerpunch\n>p2 switch 3\n>p1 move thunderbolt\n>p2 move accelerock", "uploadtime": 1770870838, "views": 225, "formatid": "gen7randombattle", "rating": 1584, "private": 0, "password": null}