{"id": "gen7randombattle-2533907538", "format": "[Gen 7] Random Battle", "players": ["ArchenWarrior", "bin2409"], "log": "|j|☆ArchenWarrior\n|j|☆bin2409\n|t:|1770358077\n|gametype|singles\n|player|p1|ArchenWarrior|proton|1777\n|player|p2|bin2409|lucas|1929\n|gen|7\n|tier|[Gen 7] Random Battle\n|rated|\n|rule|Sleep Clause Mod: Limit one foe put to sleep\n|rule|HP Percentage Mod: HP is shown in percentages\n|rule|Illusion Level Mod: Illusion disguises the Pokémon's true level\n|\n|t:|1770358077\n|teamsize|p1|6\n|teamsize|p2|6\n|start\n|switch|p1a: Donphan|Donphan, L84, M|288/288\n|switch|p2a: Delibird|Delibird, M|251/251\n|turn|1\n|\n|t:|1770358119\n|move|p2a: Delibird|Freeze-Dry|p1a: Donphan\n|-supereffective|p1a: Donphan\n|-damage|p1a: Donphan|94/288\n|move|p1a: Donphan|Stone Edge|p2a: Delibird|[miss]\n|-miss|p1a: Donphan|p2a: Delibird\n|\n|-heal|p1a: Donphan|112/288|[from] item: Leftovers\n|upkeep\n|turn|2\n|\n|t:|1770358127\n|switch|p1a: Mew|Mew, L80|291/291\n|move|p2a: Delibird|Freeze-Dry|p1a: Mew\n|-crit|p1a: Mew\n|-damage|p1a: Mew|173/291\n|\n|-heal|p1a: Mew|191/291|[from] item: Leftovers\n|upkeep\n|turn|3\n|\n|t:|1770358145\n|move|p2a: Delibird|Spikes|p1a: Mew\n|-sidestart|p1: ArchenWarrior|Spikes\n|move|p1a: Mew|Roost|p1a: Mew\n|-heal|p1a: Mew|291/291\n|-singleturn|p1a: Mew|move: Roost\n|\n|upkeep\n|turn|4\n|\n|t:|1770358154\n|move|p2a: Delibird|Spikes|p1a: Mew\n|-sidestart|p1: ArchenWarrior|Spikes\n|move|p1a: Mew|Psychic|p2a: Delibird\n|-damage|p2a: Delibird|121/251\n|\n|upkeep\n|turn|5\n|\n|t:|1770358159\n|move|p2a: Delibird|Freeze-Dry|p1a: Mew\n|-damage|p1a: Mew|213/291\n|move|p1a: Mew|Stealth Rock|p2a: Delibird\n|-sidestart|p2: bin2409|move: Stealth Rock\n|\n|-heal|p1a: Mew|231/291|[from] item: Leftovers\n|upkeep\n|turn|6\n|\n|t:|1770358167\n|move|p2a: Delibird|Rapid Spin|p1a: Mew\n|-damage|p1a: Mew|221/291\n|-sideend|p2: bin2409|Stealth Rock|[from] move: Rapid Spin|[of] p2a: Delibird\n|move|p1a: Mew|Will-O-Wisp|p2a: Delibird\n|-status|p2a: Delibird|brn\n|\n|-heal|p1a: Mew|239/291|[from] item: Leftovers\n|-damage|p2a: Delibird|106/251 brn|[from] brn\n|upkeep\n|turn|7\n|\n|t:|1770358174\n|move|p2a: Delibird|Spikes|p1a: Mew\n|-sidestart|p1: ArchenWarrior|Spikes\n|move|p1a: Mew|Stealth Rock|p2a: Delibird\n|-sidestart|p2: bin2409|move: Stealth Rock\n|\n|-heal|p1a: Mew|257/291|[from] item: Leftovers\n|-damage|p2a: Delibird|91/251 brn|[from] brn\n|upkeep\n|turn|8\n|\n|t:|1770358179\n|move|p2a: Delibird|Freeze-Dry|p1a: Mew\n|-damage|p1a: Mew|187/291\n|move|p1a: Mew|Stealth Rock||[still]\n|-fail|p1a: Mew\n|\n|-heal|p1a: Mew|205/291|[from] item: Leftovers\n|-damage|p2a: Delibird|76/251 brn|[from] brn\n|upkeep\n|turn|9\n|\n|t:|1770358184\n|move|p2a: Delibird|Rapid Spin|p1a: Mew\n|-damage|p1a: Mew|200/291\n|-sideend|p2: bin2409|Stealth Rock|[from] move: Rapid Spin|[of] p2a: Delibird\n|move|p1a: Mew|Roost|p1a: Mew\n|-heal|p1a: Mew|291/291\n|-singleturn|p1a: Mew|move: Roost\n|\n|-damage|p2a: Delibird|61/251 brn|[from] brn\n|upkeep\n|turn|10\n|\n|t:|1770358191\n|move|p2a: Delibird|Freeze-Dry|p1a: Mew\n|-damage|p1a: Mew|216/291\n|move|p1a: Mew|Stealth Rock|p2a: Delibird\n|-sidestart|p2: bin2409|move: Stealth Rock\n|\n|-heal|p1a: Mew|234/291|[from] item: Leftovers\n|-damage|p2a: Delibird|46/251 brn|[from] brn\n|upkeep\n|turn|11\n|\n|t:|1770358196\n|move|p2a: Delibird|Freeze-Dry|p1a: Mew\n|-damage|p1a: Mew|162/291\n|move|p1a: Mew|Roost|p1a: Mew\n|-heal|p1a: Mew|291/291\n|-singleturn|p1a: Mew|move: Roost\n|\n|-damage|p2a: Delibird|31/251 brn|[from] brn\n|upkeep\n|turn|12\n|\n|t:|1770358201\n|move|p2a: Delibird|Freeze-Dry|p1a: Mew\n|-damage|p1a: Mew|212/291\n|move|p1a: Mew|Stealth Rock||[still]\n|-fail|p1a: Mew\n|\n|-heal|p1a: Mew|230/291|[from] item: Leftovers\n|-damage|p2a: Delibird|16/251 brn|[from] brn\n|upkeep\n|turn|13\n|\n|t:|1770358208\n|move|p2a: Delibird|Freeze-Dry|p1a: Mew\n|-damage|p1a: Mew|160/291\n|move|p1a: Mew|Roost|p1a: Mew\n|-heal|p1a: Mew|291/291\n|-singleturn|p1a: Mew|move: Roost\n|\n|-damage|p2a: Delibird|1/251 brn|[from] brn\n|upkeep\n|turn|14\n|\n|t:|1770358214\n|move|p2a: Delibird|Freeze-Dry|p1a: Mew\n|-damage|p1a: Mew|215/291\n|move|p1a: Mew|Stealth Rock||[still]\n|-fail|p1a: Mew\n|\n|-heal|p1a: Mew|233/291|[from] item: Leftovers\n|-damage|p2a: Delibird|0 fnt|[from] brn\n|faint|p2a: Delibird\n|upkeep\n|\n|t:|1770358229\n|switch|p2a: Clawitzer|Clawitzer, L87, M|265/265\n|-damage|p2a: Clawitzer|232/265|[from] Stealth Rock\n|turn|15\n|\n|t:|1770358238\n|move|p1a: Mew|Psychic|p2a: Clawitzer\n|-damage|p2a: Clawitzer|141/265\n|-unboost|p2a: Clawitzer|spd|1\n|move|p2a: Clawitzer|Dark Pulse|p1a: Mew\n|-supereffective|p1a: Mew\n|-damage|p1a: Mew|0 fnt\n|faint|p1a: Mew\n|\n|upkeep\n|\n|t:|1770358251\n|switch|p1a: Hawlucha|Hawlucha, L78, M|249/249\n|turn|16\n|\n|t:|1770358263\n|switch|p2a: Silvally|Silvally-Dragon, L87|307/307\n|-damage|p2a: Silvally|269/307|[from] Stealth Rock\n|move|p1a: Hawlucha|Swords Dance|p1a: Hawlucha\n|-boost|p1a: Hawlucha|atk|2\n|\n|upkeep\n|turn|17\n|\n|t:|1770358290\n|move|p1a: Hawlucha|Swords Dance|p1a: Hawlucha\n|-boost|p1a: Hawlucha|atk|2\n|move|p2a: Silvally|Outrage|p1a: Hawlucha\n|-damage|p1a: Hawlucha|75/249\n|\n|upkeep\n|turn|18\n|\n|t:|1770358302\n|move|p1a: Hawlucha|Sky Attack||[still]\n|-prepare|p1a: Hawlucha|Sky Attack\n|-enditem|p1a: Hawlucha|Power Herb\n|-anim|p1a: Hawlucha|Sky Attack|p2a: Silvally\n|-damage|p2a: Silvally|0 fnt\n|faint|p2a: Silvally\n|\n|upkeep\n|l|☆bin2409\n|player|p2|\n|inactive|Battle timer is ON: inactive players will automatically lose when time's up. (requested by ArchenWarrior)\n|j|☆bin2409\n|inactive|bin2409 reconnected and has 125 seconds left.\n|player|p2|bin2409|lucas|\n|inactive|bin2409 has 120 seconds left.\n|inactiveoff|Battle timer is now OFF.\n|\n|t:|1770358373\n|switch|p2a: Sharpedo|Sharpedo, L82, M|249/249\n|-damage|p2a: Sharpedo|218/249|[from] Stealth Rock\n|turn|19\n|\n|t:|1770358381\n|move|p2a: Sharpedo|Protect|p2a: Sharpedo\n|-singleturn|p2a: Sharpedo|Protect\n|move|p1a: Hawlucha|Acrobatics|p2a: Sharpedo\n|-activate|p2a: Sharpedo|move: Protect\n|\n|-ability|p2a: Sharpedo|Speed Boost|boost\n|-boost|p2a: Sharpedo|spe|1\n|upkeep\n|turn|20\n|\n|t:|1770358393\n|move|p2a: Sharpedo|Protect|p2a: Sharpedo\n|-singleturn|p2a: Sharpedo|Protect\n|move|p1a: Hawlucha|Acrobatics|p2a: Sharpedo\n|-activate|p2a: Sharpedo|move: Protect\n|\n|-ability|p2a: Sharpedo|Speed Boost|boost\n|-boost|p2a: Sharpedo|spe|1\n|upkeep\n|turn|21\n|\n|t:|1770358408\n|detailschange|p2a: Sharpedo|Sharpedo-Mega, L82, M\n|-mega|p2a: Sharpedo|Sharpedo|Sharpedonite\n|move|p1a: Hawlucha|Acrobatics|p2a: Sharpedo\n|-damage|p2a: Sharpedo|0 fnt\n|faint|p2a: Sharpedo\n|detailschange|p2: Sharpedo|Sharpedo, L82, M|[silent]\n|\n|upkeep\n|\n|t:|1770358412\n|switch|p2a: Emboar|Emboar, L85, F|326/326\n|-damage|p2a: Emboar|286/326|[from] Stealth Rock\n|turn|22\n|\n|t:|1770358416\n|move|p2a: Emboar|Sucker Punch|p1a: Hawlucha\n|-resisted|p1a: Hawlucha\n|-damage|p1a: Hawlucha|36/249\n|move|p1a: Hawlucha|Acrobatics|p2a: Emboar\n|-supereffective|p2a: Emboar\n|-damage|p2a: Emboar|0 fnt\n|faint|p2a: Emboar\n|\n|upkeep\n|\n|t:|1770358428\n|switch|p2a: Sawsbuck|Sawsbuck-Winter, L88, F|284/284\n|-damage|p2a: Sawsbuck|249/284|[from] Stealth Rock\n|turn|23\n|\n|t:|1770358431\n|move|p1a: Hawlucha|Acrobatics|p2a: Sawsbuck\n|-supereffective|p2a: Sawsbuck\n|-damage|p2a: Sawsbuck|0 fnt\n|faint|p2a: Sawsbuck\n|\n|upkeep\n|c|☆bin2409|Gg\n|\n|t:|1770358436\n|switch|p2a: Clawitzer|Clawitzer, L87, M|141/265\n|-damage|p2a: Clawitzer|108/265|[from] Stealth Rock\n|turn|24\n|c|☆ArchenWarrior|gg\n|\n|t:|1770358441\n|move|p1a: Hawlucha|Acrobatics|p2a: Clawitzer\n|-damage|p2a: Clawitzer|0 fnt\n|faint|p2a: Clawitzer\n|\n|win|ArchenWarrior\n|raw|ArchenWarrior's rating: 1777 &rarr; <strong>1805</strong><br />(+28 for winning)\n|raw|bin2409's rating: 1929 &rarr; <strong>1901</strong><br />(-28 for losing)\n|l|☆bin2409\n|player|p2|\n", "inputlog": ">version ccdc32dd7cde25fd9e4bed64820e885f66e78a4e\n>start {\"formatid\":\"gen7randombattle\",\"seed\":\"sodium,00779953031cf39a31d4434a74932978\",\"rated\":\"Rated battle\"}\n>player p1 {\"name\":\"ArchenWarrior\",\"avatar\":\"proton\",\"rating\":1777,\"seed\":\"sodium,bc88b059efec32e1d3a2ff2abad8c594\"}\n>player p2 {\"name\":\"bin2409\",\"avatar\":\"lucas\",\"rating\":1929,\"seed\":\"sodium,1aa48949be599e97f047eeddf65b2b05\"}\n>p1 move stoneedge\n>p2 move freezedry\n>p1 switch 5\n>p2 move freezedry\n>p1 move roost\n>p2 move spikes\n>p1 move psychic\n>p2 move spikes\n>p1 move stealthrock\n>p2 move freezedry\n>p1 move willowisp\n>p2 move rapidspin\n>p1 move stealthrock\n>p2 move spikes\n>p1 move stealthrock\n>p2 move freezedry\n>p1 move roost\n>p2 move rapidspin\n>p1 move stealthrock\n>p2 move freezedry\n>p1 move roost\n>p2 move freezedry\n>p1 move stealthrock\n>p2 move freezedry\n>p1 move roost\n>p2 move freezedry\n>p1 move stealthrock\n>p2 move freezedry\n>p2 switch 3\n>p1 move psychic\n>p2 move darkpulse\n>p1 switch 4\n>p1 move swordsdance\n>p2 switch 6\n>p1 move swordsdance\n>p2 move outrage\n>p1 move skyattack\n>p2 move outrage\n>p2 switch 4\n>p1 move acrobatics\n>p2 move protect\n>p1 move acrobatics\n>p2 move protect\n>p1 move acrobatics\n>p2 move waterfall mega\n>p2 switch 5\n>p1 move acrobatics\n>p2 move suckerpunch\n>p2 switch 2\n>p1 move acrobatics\n>p2 move return\n>chat ☆bin2409|Gg\n>p2 switch 6\n>chat ☆ArchenWarrior|gg\n>p1 move acrobatics\n>p2 move waterpulse", "uploadtime": 1770358451, "views": 203, "formatid": "gen7randombattle", "rating": 1805, "private": 0, "password": null}