{"id": "gen7randombattle-2537587469", "format": "[Gen 7] Random Battle", "players": ["Snoop Rogue", "lourio919"], "log": "|j|☆Snoop Rogue\n|j|☆lourio919\n|t:|1770829799\n|gametype|singles\n|player|p1|Snoop Rogue|koga-lgpe|1568\n|player|p2|lourio919|265|1547\n|gen|7\n|tier|[Gen 7] Random Battle\n|rated|\n|rule|Sleep Clause Mod: Limit one foe put to sleep\n|rule|HP Percentage Mod: HP is shown in percentages\n|rule|Illusion Level Mod: Illusion disguises the Pokémon's true level\n|\n|t:|1770829799\n|teamsize|p1|6\n|teamsize|p2|6\n|start\n|switch|p1a: Jirachi|Jirachi, L76|277/277\n|switch|p2a: Klinklang|Klinklang, L87|246/246\n|turn|1\n|inactive|Battle timer is ON: inactive players will automatically lose when time's up. (requested by Snoop Rogue)\n|\n|t:|1770829808\n|move|p1a: Jirachi|Fire Punch|p2a: Klinklang\n|-supereffective|p2a: Klinklang\n|-damage|p2a: Klinklang|180/246\n|move|p2a: Klinklang|Shift Gear|p2a: Klinklang\n|-boost|p2a: Klinklang|spe|2\n|-boost|p2a: Klinklang|atk|1\n|\n|upkeep\n|turn|2\n|\n|t:|1770829828\n|move|p2a: Klinklang|Shift Gear|p2a: Klinklang\n|-boost|p2a: Klinklang|spe|2\n|-boost|p2a: Klinklang|atk|1\n|move|p1a: Jirachi|Fire Punch|p2a: Klinklang\n|-supereffective|p2a: Klinklang\n|-damage|p2a: Klinklang|112/246\n|\n|upkeep\n|turn|3\n|\n|t:|1770829834\n|-zpower|p2a: Klinklang\n|move|p2a: Klinklang|Gigavolt Havoc|p1a: Jirachi|[zeffect]\n|-damage|p1a: Jirachi|14/277\n|move|p1a: Jirachi|Fire Punch|p2a: Klinklang\n|-supereffective|p2a: Klinklang\n|-damage|p2a: Klinklang|36/246\n|\n|upkeep\n|turn|4\n|\n|t:|1770829852\n|switch|p1a: Raikou|Raikou, L81|278/278\n|-ability|p1a: Raikou|Pressure\n|move|p2a: Klinklang|Wild Charge|p1a: Raikou\n|-resisted|p1a: Raikou\n|-damage|p1a: Raikou|203/278\n|-damage|p2a: Klinklang|17/246|[from] Recoil\n|\n|-heal|p1a: Raikou|220/278|[from] item: Leftovers\n|upkeep\n|turn|5\n|\n|t:|1770829859\n|move|p2a: Klinklang|Gear Grind|p1a: Raikou\n|-resisted|p1a: Raikou\n|-damage|p1a: Raikou|154/278\n|-resisted|p1a: Raikou\n|-damage|p1a: Raikou|82/278\n|-hitcount|p1a: Raikou|2\n|move|p1a: Raikou|Thunderbolt|p2a: Klinklang\n|-damage|p2a: Klinklang|0 fnt\n|faint|p2a: Klinklang\n|\n|-heal|p1a: Raikou|99/278|[from] item: Leftovers\n|upkeep\n|\n|t:|1770829876\n|switch|p2a: Dedenne|Dedenne, L91, F|270/270\n|turn|6\n|\n|t:|1770829884\n|switch|p1a: Crabominable|Crabominable, L91, M|324/324\n|move|p2a: Dedenne|Toxic|p1a: Crabominable\n|-status|p1a: Crabominable|tox\n|\n|-damage|p1a: Crabominable|304/324 tox|[from] psn\n|upkeep\n|turn|7\n|\n|t:|1770829895\n|move|p2a: Dedenne|Thunderbolt|p1a: Crabominable\n|-damage|p1a: Crabominable|186/324 tox\n|move|p1a: Crabominable|Ice Hammer|p2a: Dedenne\n|-damage|p2a: Dedenne|0 fnt\n|-unboost|p1a: Crabominable|spe|1\n|faint|p2a: Dedenne\n|\n|-damage|p1a: Crabominable|146/324 tox|[from] psn\n|upkeep\n|\n|t:|1770829903\n|switch|p2a: Pinsir|Pinsir, L74, M|217/217\n|turn|8\n|\n|t:|1770829915\n|move|p2a: Pinsir|Swords Dance|p2a: Pinsir\n|-boost|p2a: Pinsir|atk|2\n|move|p1a: Crabominable|Ice Hammer|p2a: Pinsir|[miss]\n|-miss|p1a: Crabominable|p2a: Pinsir\n|\n|-damage|p1a: Crabominable|86/324 tox|[from] psn\n|upkeep\n|turn|9\n|\n|t:|1770829930\n|detailschange|p2a: Pinsir|Pinsir-Mega, L74, M\n|-mega|p2a: Pinsir|Pinsir|Pinsirite\n|move|p2a: Pinsir|Quick Attack|p1a: Crabominable\n|-supereffective|p1a: Crabominable\n|-crit|p1a: Crabominable\n|-damage|p1a: Crabominable|0 fnt\n|faint|p1a: Crabominable\n|\n|upkeep\n|\n|t:|1770829934\n|switch|p1a: Thundurus|Thundurus-Therian, L80, M|258/258\n|turn|10\n|\n|t:|1770829951\n|move|p1a: Thundurus|Thunderbolt|p2a: Pinsir\n|-supereffective|p2a: Pinsir\n|-damage|p2a: Pinsir|0 fnt\n|faint|p2a: Pinsir\n|detailschange|p2: Pinsir|Pinsir, L74, M|[silent]\n|\n|upkeep\n|\n|t:|1770829961\n|switch|p2a: Wobbuffet|Wobbuffet, L94, M|510/510\n|turn|11\n|\n|t:|1770829965\n|move|p1a: Thundurus|Thunderbolt|p2a: Wobbuffet\n|-damage|p2a: Wobbuffet|291/510\n|move|p2a: Wobbuffet|Mirror Coat|p1a: Thundurus\n|-damage|p1a: Thundurus|0 fnt\n|faint|p1a: Thundurus\n|\n|upkeep\n|\n|t:|1770829971\n|switch|p1a: Purugly|Purugly, L89, F|271/271\n|turn|12\n|\n|t:|1770829976\n|move|p1a: Purugly|Knock Off|p2a: Wobbuffet\n|-supereffective|p2a: Wobbuffet\n|-damage|p2a: Wobbuffet|41/510\n|-enditem|p2a: Wobbuffet|Custap Berry|[from] move: Knock Off|[of] p1a: Purugly\n|move|p2a: Wobbuffet|Counter|p1a: Purugly\n|-damage|p1a: Purugly|0 fnt\n|faint|p1a: Purugly\n|\n|upkeep\n|\n|t:|1770829982\n|switch|p1a: Raikou|Raikou, L81|99/278\n|-ability|p1a: Raikou|Pressure\n|turn|13\n|\n|t:|1770829987\n|move|p1a: Raikou|Thunderbolt|p2a: Wobbuffet\n|-damage|p2a: Wobbuffet|0 fnt\n|faint|p2a: Wobbuffet\n|\n|-heal|p1a: Raikou|116/278|[from] item: Leftovers\n|upkeep\n|\n|t:|1770829991\n|switch|p2a: Stoutland|Stoutland, L86, M|286/286\n|turn|14\n|\n|t:|1770829997\n|move|p2a: Stoutland|Return|p1a: Raikou\n|-damage|p1a: Raikou|0 fnt\n|faint|p1a: Raikou\n|\n|upkeep\n|\n|t:|1770830000\n|switch|p1a: Haxorus|Haxorus, L75, F|238/238\n|-ability|p1a: Haxorus|Mold Breaker\n|turn|15\n|\n|t:|1770830011\n|move|p2a: Stoutland|Return|p1a: Haxorus\n|-damage|p1a: Haxorus|106/238\n|move|p1a: Haxorus|Dragon Dance|p1a: Haxorus\n|-boost|p1a: Haxorus|atk|1\n|-boost|p1a: Haxorus|spe|1\n|\n|upkeep\n|turn|16\n|\n|t:|1770830020\n|-zpower|p1a: Haxorus\n|move|p1a: Haxorus|Devastating Drake|p2a: Stoutland|[zeffect]\n|-damage|p2a: Stoutland|0 fnt\n|faint|p2a: Stoutland\n|\n|upkeep\n|\n|t:|1770830027\n|switch|p2a: Yveltal|Yveltal, L70|291/291\n|-ability|p2a: Yveltal|Dark Aura\n|turn|17\n|\n|t:|1770830033\n|switch|p1a: Jirachi|Jirachi, L76|14/277\n|move|p2a: Yveltal|Oblivion Wing|p1a: Jirachi\n|-resisted|p1a: Jirachi\n|-damage|p1a: Jirachi|0 fnt\n|faint|p1a: Jirachi\n|\n|upkeep\n|\n|t:|1770830035\n|switch|p1a: Haxorus|Haxorus, L75, F|106/238\n|-ability|p1a: Haxorus|Mold Breaker\n|turn|18\n|\n|t:|1770830042\n|move|p1a: Haxorus|Dragon Dance|p1a: Haxorus\n|-boost|p1a: Haxorus|atk|1\n|-boost|p1a: Haxorus|spe|1\n|move|p2a: Yveltal|Oblivion Wing|p1a: Haxorus\n|-damage|p1a: Haxorus|4/238\n|\n|upkeep\n|turn|19\n|\n|t:|1770830048\n|move|p1a: Haxorus|Outrage|p2a: Yveltal\n|-damage|p2a: Yveltal|54/291\n|-damage|p1a: Haxorus|0 fnt|[from] item: Rocky Helmet|[of] p2a: Yveltal\n|faint|p1a: Haxorus\n|\n|win|lourio919\n|raw|Snoop Rogue's rating: 1568 &rarr; <strong>1547</strong><br />(-21 for losing)\n|raw|lourio919's rating: 1547 &rarr; <strong>1568</strong><br />(+21 for winning)\n|l|☆Snoop Rogue\n|player|p1|\n", "inputlog": ">version ccdc32dd7cde25fd9e4bed64820e885f66e78a4e\n>start {\"formatid\":\"gen7randombattle\",\"seed\":\"sodium,988434e775b7d713d439146c455ce3a0\",\"rated\":\"Rated battle\"}\n>player p1 {\"name\":\"Snoop Rogue\",\"avatar\":\"koga-lgpe\",\"rating\":1568,\"seed\":\"sodium,e617e4e4cc1af6b49702b66604c5de6a\"}\n>player p2 {\"name\":\"lourio919\",\"avatar\":\"265\",\"rating\":1547,\"seed\":\"sodium,b8030b848b8017bb2ad143ac3bbde8b9\"}\n>p1 move firepunch\n>p2 move shiftgear\n>p1 move firepunch\n>p2 move shiftgear\n>p1 move firepunch\n>p2 move wildcharge zmove\n>p1 switch 3\n>p2 move wildcharge\n>p1 move thunderbolt\n>p2 move geargrind\n>p2 switch 5\n>p1 switch 6\n>p2 move toxic\n>p1 move icehammer\n>p2 move thunderbolt\n>p2 switch 2\n>p1 move icehammer\n>p2 move swordsdance\n>p1 move icehammer\n>p2 move quickattack mega\n>p1 switch 2\n>p1 move thunderbolt\n>p2 move return\n>p2 switch 3\n>p1 move thunderbolt\n>p2 move mirrorcoat\n>p1 switch 4\n>p1 move knockoff\n>p2 move counter\n>p1 switch 6\n>p1 move thunderbolt\n>p2 move destinybond\n>p2 switch 4\n>p1 move aurasphere\n>p2 move return\n>p1 switch 5\n>p1 move dragondance\n>p2 move return\n>p1 move outrage zmove\n>p2 move return\n>p2 switch 6\n>p1 switch 3\n>p2 move oblivionwing\n>p1 switch 3\n>p1 move dragondance\n>p2 move oblivionwing\n>p1 move outrage\n>p2 move roost", "uploadtime": 1770830061, "views": 217, "formatid": "gen7randombattle", "rating": 1547, "private": 0, "password": null}