{"id": "gen7randombattle-2524345538", "format": "[Gen 7] Random Battle", "players": ["BROCKISAROCK", "Bin2409"], "log": "|j|☆BROCKISAROCK\n|j|☆Bin2409\n|t:|1769134226\n|gametype|singles\n|player|p1|BROCKISAROCK|brock|1664\n|player|p2|Bin2409|2|1729\n|gen|7\n|tier|[Gen 7] Random Battle\n|rated|\n|rule|Sleep Clause Mod: Limit one foe put to sleep\n|rule|HP Percentage Mod: HP is shown in percentages\n|rule|Illusion Level Mod: Illusion disguises the Pokémon's true level\n|\n|t:|1769134226\n|teamsize|p1|6\n|teamsize|p2|6\n|start\n|switch|p1a: Skuntank|Skuntank, L87, M|321/321\n|switch|p2a: Braviary|Braviary, L83, M|302/302\n|turn|1\n|\n|t:|1769134246\n|move|p2a: Braviary|U-turn|p1a: Skuntank\n|-damage|p1a: Skuntank|256/321\n|inactive|Battle timer is ON: inactive players will automatically lose when time's up. (requested by BROCKISAROCK)\n|\n|t:|1769134251\n|switch|p2a: Empoleon|Empoleon, L83, M|275/275|[from] U-turn\n|move|p1a: Skuntank|Taunt|p2a: Empoleon\n|-start|p2a: Empoleon|move: Taunt\n|\n|-heal|p1a: Skuntank|276/321|[from] item: Black Sludge\n|upkeep\n|turn|2\n|\n|t:|1769134258\n|switch|p1a: Zebstrika|Zebstrika, L88, F|275/275\n|move|p2a: Empoleon|Scald|p1a: Zebstrika\n|-damage|p1a: Zebstrika|163/275\n|\n|upkeep\n|turn|3\n|inactive|Bin2409 has 120 seconds left.\n|\n|t:|1769134290\n|move|p1a: Zebstrika|Volt Switch|p2a: Empoleon\n|-supereffective|p2a: Empoleon\n|-damage|p2a: Empoleon|109/275\n|\n|t:|1769134297\n|switch|p1a: Skuntank|Skuntank, L87, M|276/321|[from] Volt Switch\n|move|p2a: Empoleon|Scald|p1a: Skuntank\n|-damage|p1a: Skuntank|152/321\n|\n|-heal|p1a: Skuntank|172/321|[from] item: Black Sludge\n|-heal|p2a: Empoleon|126/275|[from] item: Leftovers\n|-end|p2a: Empoleon|move: Taunt\n|upkeep\n|turn|4\n|\n|t:|1769134309\n|move|p1a: Skuntank|Crunch|p2a: Empoleon\n|-damage|p2a: Empoleon|44/275\n|-unboost|p2a: Empoleon|def|1\n|move|p2a: Empoleon|Scald|p1a: Skuntank\n|-damage|p1a: Skuntank|0 fnt\n|faint|p1a: Skuntank\n|\n|-heal|p2a: Empoleon|61/275|[from] item: Leftovers\n|upkeep\n|\n|t:|1769134314\n|switch|p1a: Zebstrika|Zebstrika, L88, F|163/275\n|turn|5\n|\n|t:|1769134325\n|move|p2a: Empoleon|Protect|p2a: Empoleon\n|-singleturn|p2a: Empoleon|Protect\n|move|p1a: Zebstrika|Volt Switch|p2a: Empoleon\n|-activate|p2a: Empoleon|move: Protect\n|\n|-heal|p2a: Empoleon|78/275|[from] item: Leftovers\n|upkeep\n|turn|6\n|\n|t:|1769134332\n|move|p1a: Zebstrika|Volt Switch|p2a: Empoleon\n|-supereffective|p2a: Empoleon\n|-damage|p2a: Empoleon|0 fnt\n|faint|p2a: Empoleon\n|\n|t:|1769134340\n|switch|p1a: Steelix|Steelix, L80, F|251/251|[from] Volt Switch\n|\n|upkeep\n|\n|t:|1769134353\n|switch|p2a: Wailord|Wailord, L94, M|471/471\n|turn|7\n|\n|t:|1769134380\n|move|p2a: Wailord|Water Spout|p1a: Steelix\n|-supereffective|p1a: Steelix\n|-ability|p1a: Steelix|Sturdy\n|-damage|p1a: Steelix|1/251\n|move|p1a: Steelix|Earthquake|p2a: Wailord\n|-crit|p2a: Wailord\n|-damage|p2a: Wailord|294/471\n|\n|upkeep\n|turn|8\n|\n|t:|1769134388\n|detailschange|p1a: Steelix|Steelix-Mega, L80, F\n|-mega|p1a: Steelix|Steelix|Steelixite\n|move|p2a: Wailord|Water Spout|p1a: Steelix\n|-supereffective|p1a: Steelix\n|-damage|p1a: Steelix|0 fnt\n|faint|p1a: Steelix\n|detailschange|p1: Steelix|Steelix, L80, F|[silent]\n|\n|upkeep\n|\n|t:|1769134391\n|switch|p1a: Hitmonlee|Hitmonlee, L86, M|226/226\n|turn|9\n|\n|t:|1769134401\n|switch|p2a: Braviary|Braviary, L83, M|302/302\n|move|p1a: Hitmonlee|Curse|p1a: Hitmonlee\n|-unboost|p1a: Hitmonlee|spe|1\n|-boost|p1a: Hitmonlee|atk|1\n|-boost|p1a: Hitmonlee|def|1\n|-enditem|p1a: Hitmonlee|White Herb\n|-clearnegativeboost|p1a: Hitmonlee|[silent]\n|\n|upkeep\n|turn|10\n|\n|t:|1769134409\n|move|p1a: Hitmonlee|Stone Edge|p2a: Braviary|[miss]\n|-miss|p1a: Hitmonlee|p2a: Braviary\n|move|p2a: Braviary|Brave Bird|p1a: Hitmonlee\n|-supereffective|p1a: Hitmonlee\n|-damage|p1a: Hitmonlee|0 fnt\n|faint|p1a: Hitmonlee\n|-damage|p2a: Braviary|227/302|[from] Recoil\n|\n|upkeep\n|\n|t:|1769134413\n|switch|p1a: Zebstrika|Zebstrika, L88, F|163/275\n|turn|11\n|\n|t:|1769134426\n|move|p2a: Braviary|Brave Bird|p1a: Zebstrika\n|-resisted|p1a: Zebstrika\n|-damage|p1a: Zebstrika|71/275\n|-damage|p2a: Braviary|197/302|[from] Recoil\n|move|p1a: Zebstrika|Wild Charge|p2a: Braviary\n|-supereffective|p2a: Braviary\n|-damage|p2a: Braviary|0 fnt\n|faint|p2a: Braviary\n|-damage|p1a: Zebstrika|22/275|[from] Recoil\n|\n|upkeep\n|\n|t:|1769134441\n|switch|p2a: Diancie|Diancie, L74|196/196\n|turn|12\n|\n|t:|1769134448\n|move|p1a: Zebstrika|Volt Switch|p2a: Diancie\n|-damage|p2a: Diancie|147/196\n|\n|t:|1769134453\n|switch|p1a: Scyther|Scyther, L82, F|249/249|[from] Volt Switch\n|move|p2a: Diancie|Diamond Storm|p1a: Scyther\n|-supereffective|p1a: Scyther\n|-damage|p1a: Scyther|0 fnt\n|-boost|p2a: Diancie|def|2\n|faint|p1a: Scyther\n|\n|upkeep\n|\n|t:|1769134456\n|switch|p1a: Durant|Durant, L80, F|224/224\n|turn|13\n|\n|t:|1769134470\n|switch|p2a: Wailord|Wailord, L94, M|294/471\n|move|p1a: Durant|Iron Head|p2a: Wailord|[miss]\n|-miss|p1a: Durant|p2a: Wailord\n|\n|upkeep\n|turn|14\n|\n|t:|1769134475\n|move|p2a: Wailord|Hydro Pump|p1a: Durant\n|-damage|p1a: Durant|0 fnt\n|faint|p1a: Durant\n|\n|upkeep\n|-message|BROCKISAROCK forfeited.\n|\n|win|Bin2409\n|raw|BROCKISAROCK's rating: 1664 &rarr; <strong>1648</strong><br />(-16 for losing)\n|raw|Bin2409's rating: 1729 &rarr; <strong>1745</strong><br />(+16 for winning)\n|l|☆BROCKISAROCK\n|player|p1|\n|l|☆Bin2409\n|player|p2|\n", "inputlog": ">version dd3d52b8382d73d1dd2c67730c4067df325ab790\n>start {\"formatid\":\"gen7randombattle\",\"seed\":\"sodium,965ec2d78a92afcd7cee9d49b6740e2b\",\"rated\":\"Rated battle\"}\n>player p1 {\"name\":\"BROCKISAROCK\",\"avatar\":\"brock\",\"rating\":1664,\"seed\":\"sodium,0153dbc0287e479940cfb7f5db6d1364\"}\n>player p2 {\"name\":\"Bin2409\",\"avatar\":\"2\",\"rating\":1729,\"seed\":\"sodium,bdc92e26ca5ed1fc312373a4c285567a\"}\n>p1 move taunt\n>p2 move uturn\n>p2 switch 5\n>p1 switch 3\n>p2 move scald\n>p1 move voltswitch\n>p2 move scald\n>p1 switch 3\n>p1 move crunch\n>p2 move scald\n>p1 switch 3\n>p1 move voltswitch\n>p2 move protect\n>p1 move voltswitch\n>p2 move stealthrock\n>p1 switch 4\n>p2 switch 6\n>p1 move earthquake\n>p2 move waterspout\n>p1 move toxic mega\n>p2 move waterspout\n>p1 switch 6\n>p1 move curse\n>p2 switch 5\n>p1 move stoneedge\n>p2 move bravebird\n>p1 switch 4\n>p1 move wildcharge\n>p2 move bravebird\n>p2 switch 4\n>p1 move voltswitch\n>p2 move diamondstorm\n>p1 switch 5\n>p1 switch 2\n>p1 move ironhead\n>p2 switch 5\n>p1 move xscissor\n>p2 move hydropump\n>forcelose p1", "uploadtime": 1769134488, "views": 157, "formatid": "gen7randombattle", "rating": 1648, "private": 0, "password": null}