{"id": "gen7randombattle-2537410062", "format": "[Gen 7] Random Battle", "players": ["FiggyNoLuck", "SerxinoYt"], "log": "|j|☆FiggyNoLuck\n|j|‽SerxinoYt\n|t:|1770811484\n|gametype|singles\n|player|p1|FiggyNoLuck|170|1646\n|player|p2|SerxinoYt|riley|1723\n|gen|7\n|tier|[Gen 7] Random Battle\n|rated|\n|rule|Sleep Clause Mod: Limit one foe put to sleep\n|rule|HP Percentage Mod: HP is shown in percentages\n|rule|Illusion Level Mod: Illusion disguises the Pokémon's true level\n|\n|t:|1770811484\n|teamsize|p1|6\n|teamsize|p2|6\n|start\n|switch|p1a: Hitmonlee|Hitmonlee, L86, M|226/226\n|switch|p2a: Emboar|Emboar, L85, M|326/326\n|turn|1\n|inactive|Battle timer is ON: inactive players will automatically lose when time's up. (requested by SerxinoYt)\n|\n|t:|1770811503\n|switch|p1a: Grumpig|Grumpig, L93, F|300/300\n|move|p2a: Emboar|Flare Blitz|p1a: Grumpig\n|-damage|p1a: Grumpig|131/300\n|-damage|p2a: Emboar|270/326|[from] Recoil\n|\n|-heal|p1a: Grumpig|149/300|[from] item: Leftovers\n|upkeep\n|turn|2\n|\n|t:|1770811522\n|switch|p2a: Oranguru|Oranguru, L93, F|318/318\n|move|p1a: Grumpig|Psychic|p2a: Oranguru\n|-resisted|p2a: Oranguru\n|-damage|p2a: Oranguru|274/318\n|\n|-heal|p1a: Grumpig|167/300|[from] item: Leftovers\n|upkeep\n|turn|3\n|\n|t:|1770811527\n|move|p1a: Grumpig|Thunder Wave|p2a: Oranguru\n|-status|p2a: Oranguru|par\n|move|p2a: Oranguru|Nasty Plot|p2a: Oranguru\n|-boost|p2a: Oranguru|spa|2\n|\n|-heal|p1a: Grumpig|185/300|[from] item: Leftovers\n|upkeep\n|turn|4\n|\n|t:|1770811542\n|move|p1a: Grumpig|Focus Blast|p2a: Oranguru\n|-damage|p2a: Oranguru|202/318 par\n|move|p2a: Oranguru|Thunderbolt|p1a: Grumpig\n|-crit|p1a: Grumpig\n|-damage|p1a: Grumpig|0 fnt\n|faint|p1a: Grumpig\n|-damage|p2a: Oranguru|171/318 par|[from] item: Life Orb\n|\n|upkeep\n|\n|t:|1770811547\n|switch|p1a: Mothim|Mothim, L93, M|281/281\n|turn|5\n|\n|t:|1770811551\n|move|p1a: Mothim|Bug Buzz|p2a: Oranguru\n|-supereffective|p2a: Oranguru\n|-damage|p2a: Oranguru|0 fnt\n|faint|p2a: Oranguru\n|\n|upkeep\n|\n|t:|1770811556\n|switch|p2a: Manectric|Manectric, L84, F|255/255\n|turn|6\n|inactive|FiggyNoLuck has 120 seconds left.\n|\n|t:|1770811601\n|switch|p1a: Jellicent|Jellicent, L88, M|319/319\n|move|p2a: Manectric|Volt Switch|p1a: Jellicent\n|-supereffective|p1a: Jellicent\n|-damage|p1a: Jellicent|133/319\n|\n|t:|1770811616\n|switch|p2a: Whimsicott|Whimsicott, L87, M|246/246|[from] Volt Switch\n|\n|-heal|p1a: Jellicent|152/319|[from] item: Leftovers\n|upkeep\n|turn|7\n|\n|t:|1770811622\n|move|p2a: Whimsicott|Energy Ball|p1a: Jellicent\n|-supereffective|p1a: Jellicent\n|-damage|p1a: Jellicent|14/319\n|move|p1a: Jellicent|Toxic|p2a: Whimsicott\n|-status|p2a: Whimsicott|tox\n|\n|-heal|p1a: Jellicent|33/319|[from] item: Leftovers\n|-damage|p2a: Whimsicott|231/246 tox|[from] psn\n|upkeep\n|turn|8\n|\n|t:|1770811626\n|move|p2a: Whimsicott|Energy Ball|p1a: Jellicent\n|-supereffective|p1a: Jellicent\n|-damage|p1a: Jellicent|0 fnt\n|faint|p1a: Jellicent\n|\n|-heal|p2a: Whimsicott|246/246 tox|[from] item: Leftovers\n|-damage|p2a: Whimsicott|216/246 tox|[from] psn\n|upkeep\n|\n|t:|1770811634\n|switch|p1a: Mothim|Mothim, L93, M|281/281\n|turn|9\n|\n|t:|1770811638\n|move|p2a: Whimsicott|Moonblast|p1a: Mothim\n|-damage|p1a: Mothim|151/281\n|move|p1a: Mothim|Quiver Dance|p1a: Mothim\n|-boost|p1a: Mothim|spa|1\n|-boost|p1a: Mothim|spd|1\n|-boost|p1a: Mothim|spe|1\n|\n|-heal|p2a: Whimsicott|231/246 tox|[from] item: Leftovers\n|-damage|p2a: Whimsicott|186/246 tox|[from] psn\n|upkeep\n|turn|10\n|\n|t:|1770811648\n|move|p2a: Whimsicott|Encore|p1a: Mothim\n|-start|p1a: Mothim|Encore\n|move|p1a: Mothim|Quiver Dance|p1a: Mothim\n|-boost|p1a: Mothim|spa|1\n|-boost|p1a: Mothim|spd|1\n|-boost|p1a: Mothim|spe|1\n|\n|-heal|p2a: Whimsicott|201/246 tox|[from] item: Leftovers\n|-damage|p2a: Whimsicott|141/246 tox|[from] psn\n|upkeep\n|turn|11\n|\n|t:|1770811651\n|move|p2a: Whimsicott|Toxic|p1a: Mothim\n|-status|p1a: Mothim|tox\n|move|p1a: Mothim|Quiver Dance|p1a: Mothim\n|-boost|p1a: Mothim|spa|1\n|-boost|p1a: Mothim|spd|1\n|-boost|p1a: Mothim|spe|1\n|\n|-heal|p2a: Whimsicott|156/246 tox|[from] item: Leftovers\n|-damage|p1a: Mothim|134/281 tox|[from] psn\n|-damage|p2a: Whimsicott|81/246 tox|[from] psn\n|upkeep\n|turn|12\n|\n|t:|1770811654\n|move|p1a: Mothim|Quiver Dance|p1a: Mothim\n|-boost|p1a: Mothim|spa|1\n|-boost|p1a: Mothim|spd|1\n|-boost|p1a: Mothim|spe|1\n|move|p2a: Whimsicott|Moonblast|p1a: Mothim\n|-damage|p1a: Mothim|92/281 tox\n|-unboost|p1a: Mothim|spa|1\n|\n|-heal|p2a: Whimsicott|96/246 tox|[from] item: Leftovers\n|-damage|p1a: Mothim|58/281 tox|[from] psn\n|-damage|p2a: Whimsicott|6/246 tox|[from] psn\n|-end|p1a: Mothim|Encore\n|upkeep\n|turn|13\n|\n|t:|1770811664\n|switch|p1a: Stakataka|Stakataka, L83|237/237\n|move|p2a: Whimsicott|Encore||[still]\n|-fail|p2a: Whimsicott\n|\n|-heal|p2a: Whimsicott|21/246 tox|[from] item: Leftovers\n|-damage|p2a: Whimsicott|0 fnt|[from] psn\n|faint|p2a: Whimsicott\n|upkeep\n|\n|t:|1770811672\n|switch|p2a: Slowking|Slowking, L89, M|314/314\n|turn|14\n|\n|t:|1770811681\n|switch|p1a: Mothim|Mothim, L93, M|58/281 tox\n|move|p2a: Slowking|Scald|p1a: Mothim\n|-damage|p1a: Mothim|0 fnt\n|faint|p1a: Mothim\n|\n|upkeep\n|\n|t:|1770811687\n|switch|p1a: Alakazam|Alakazam, L78, F|214/214\n|turn|15\n|\n|t:|1770811690\n|detailschange|p1a: Alakazam|Alakazam-Mega, L78, F\n|-mega|p1a: Alakazam|Alakazam|Alakazite\n|-ability|p1a: Alakazam|Regenerator|Trace|[from] ability: Trace|[of] p2a: Slowking\n|move|p1a: Alakazam|Calm Mind|p1a: Alakazam\n|-boost|p1a: Alakazam|spa|1\n|-boost|p1a: Alakazam|spd|1\n|move|p2a: Slowking|Dragon Tail|p1a: Alakazam\n|-damage|p1a: Alakazam|164/214\n|drag|p1a: Hitmonlee|Hitmonlee, L86, M|226/226\n|\n|upkeep\n|turn|16\n|\n|t:|1770811701\n|move|p1a: Hitmonlee|Knock Off|p2a: Slowking\n|-supereffective|p2a: Slowking\n|-damage|p2a: Slowking|150/314\n|-enditem|p2a: Slowking|Assault Vest|[from] move: Knock Off|[of] p1a: Hitmonlee\n|move|p2a: Slowking|Psyshock|p1a: Hitmonlee\n|-supereffective|p1a: Hitmonlee\n|-damage|p1a: Hitmonlee|0 fnt\n|faint|p1a: Hitmonlee\n|\n|upkeep\n|\n|t:|1770811707\n|switch|p1a: Alakazam|Alakazam-Mega, L78, F|214/214\n|-ability|p1a: Alakazam|Regenerator|Trace|[from] ability: Trace|[of] p2a: Slowking\n|turn|17\n|\n|t:|1770811710\n|move|p1a: Alakazam|Calm Mind|p1a: Alakazam\n|-boost|p1a: Alakazam|spa|1\n|-boost|p1a: Alakazam|spd|1\n|move|p2a: Slowking|Dragon Tail|p1a: Alakazam\n|-damage|p1a: Alakazam|165/214\n|drag|p1a: Stakataka|Stakataka, L83|237/237\n|\n|upkeep\n|turn|18\n|\n|t:|1770811715\n|move|p2a: Slowking|Scald|p1a: Stakataka\n|-supereffective|p1a: Stakataka\n|-damage|p1a: Stakataka|43/237\n|-status|p1a: Stakataka|brn\n|move|p1a: Stakataka|Stone Edge|p2a: Slowking\n|-damage|p2a: Slowking|68/314\n|-damage|p1a: Stakataka|20/237 brn|[from] item: Life Orb\n|\n|-damage|p1a: Stakataka|6/237 brn|[from] brn\n|upkeep\n|turn|19\n|inactive|SerxinoYt has 120 seconds left.\n|\n|t:|1770811765\n|switch|p2a: Emboar|Emboar, L85, M|270/326\n|move|p1a: Stakataka|Gyro Ball|p2a: Emboar\n|-resisted|p2a: Emboar\n|-damage|p2a: Emboar|191/326\n|-damage|p1a: Stakataka|0 fnt|[from] item: Life Orb\n|faint|p1a: Stakataka\n|\n|upkeep\n|\n|t:|1770811770\n|switch|p1a: Alakazam|Alakazam-Mega, L78, F|214/214\n|-ability|p1a: Alakazam|Reckless|Trace|[from] ability: Trace|[of] p2a: Emboar\n|turn|20\n|\n|t:|1770811773\n|move|p2a: Emboar|Sucker Punch|p1a: Alakazam\n|-supereffective|p1a: Alakazam\n|-damage|p1a: Alakazam|0 fnt\n|faint|p1a: Alakazam\n|detailschange|p1: Alakazam|Alakazam, L78, F|[silent]\n|\n|win|SerxinoYt\n|raw|FiggyNoLuck's rating: 1646 &rarr; <strong>1630</strong><br />(-16 for losing)\n|raw|SerxinoYt's rating: 1723 &rarr; <strong>1739</strong><br />(+16 for winning)\n|l|‽SerxinoYt\n|player|p2|\n", "inputlog": ">version ccdc32dd7cde25fd9e4bed64820e885f66e78a4e\n>start {\"formatid\":\"gen7randombattle\",\"seed\":\"sodium,41d812c7e2b25a60f69421b770420524\",\"rated\":\"Rated battle\"}\n>player p1 {\"name\":\"FiggyNoLuck\",\"avatar\":\"170\",\"rating\":1646,\"seed\":\"sodium,31099b09c7a17c8a4d8d2802666cf7d7\"}\n>player p2 {\"name\":\"SerxinoYt\",\"avatar\":\"riley\",\"rating\":1723,\"seed\":\"sodium,38fd35034259fbc07a8714cfedd2e830\"}\n>p1 switch 4\n>p2 move flareblitz\n>p1 move psychic\n>p2 switch 5\n>p1 move thunderwave\n>p2 move nastyplot\n>p1 move focusblast\n>p2 move thunderbolt\n>p1 switch 6\n>p1 move bugbuzz\n>p2 move thunderbolt\n>p2 switch 2\n>p1 switch 2\n>p2 move voltswitch\n>p2 switch 6\n>p1 move toxic\n>p2 move energyball\n>p1 move recover\n>p2 move energyball\n>p1 switch 2\n>p1 move quiverdance\n>p2 move moonblast\n>p1 move airslash\n>p2 move encore\n>p1 move quiverdance\n>p2 move toxic\n>p1 move quiverdance\n>p2 move moonblast\n>p1 switch 5\n>p2 move encore\n>p2 switch 4\n>p1 switch 5\n>p2 move scald\n>p1 switch 3\n>p1 move calmmind mega\n>p2 move dragontail\n>p1 move knockoff\n>p2 move psyshock\n>p1 switch 4\n>p1 move calmmind\n>p2 move dragontail\n>p1 move stoneedge\n>p2 move scald\n>p1 move gyroball\n>p2 switch 5\n>p1 switch 5\n>p1 move psyshock\n>p2 move suckerpunch", "uploadtime": 1770811791, "views": 199, "formatid": "gen7randombattle", "rating": 1630, "private": 0, "password": null}