{"id": "gen7randombattle-2534804690", "format": "[Gen 7] Random Battle", "players": ["Flavt", "Blade Luther"], "log": "|j|☆Flavt\n|j|☆Blade Luther\n|t:|1770479364\n|gametype|singles\n|player|p1|Flavt|pokemonbreeder|1612\n|player|p2|Blade Luther|ethan-masters|1633\n|gen|7\n|tier|[Gen 7] Random Battle\n|rated|\n|rule|Sleep Clause Mod: Limit one foe put to sleep\n|rule|HP Percentage Mod: HP is shown in percentages\n|rule|Illusion Level Mod: Illusion disguises the Pokémon's true level\n|\n|t:|1770479364\n|teamsize|p1|6\n|teamsize|p2|6\n|start\n|switch|p1a: Gengar|Gengar, L77, M|219/219\n|switch|p2a: Articuno|Articuno, L85|291/291\n|-ability|p2a: Articuno|Pressure\n|turn|1\n|inactive|Battle timer is ON: inactive players will automatically lose when time's up. (requested by Blade Luther)\n|\n|t:|1770479383\n|switch|p1a: Sylveon|Sylveon, L85, F|300/300\n|move|p2a: Articuno|Substitute|p2a: Articuno\n|-start|p2a: Articuno|Substitute\n|-damage|p2a: Articuno|219/291\n|\n|-heal|p2a: Articuno|237/291|[from] item: Leftovers\n|upkeep\n|turn|2\n|\n|t:|1770479393\n|move|p2a: Articuno|Toxic|p1a: Sylveon\n|-status|p1a: Sylveon|tox\n|move|p1a: Sylveon|Calm Mind|p1a: Sylveon\n|-boost|p1a: Sylveon|spa|1\n|-boost|p1a: Sylveon|spd|1\n|\n|-heal|p2a: Articuno|255/291|[from] item: Leftovers\n|-damage|p1a: Sylveon|282/300 tox|[from] psn\n|upkeep\n|turn|3\n|\n|t:|1770479403\n|move|p2a: Articuno|Freeze-Dry|p1a: Sylveon\n|-damage|p1a: Sylveon|243/300 tox\n|move|p1a: Sylveon|Hyper Voice|p2a: Articuno\n|-damage|p2a: Articuno|117/291\n|\n|-heal|p2a: Articuno|135/291|[from] item: Leftovers\n|-heal|p1a: Sylveon|261/300 tox|[from] item: Leftovers\n|-damage|p1a: Sylveon|225/300 tox|[from] psn\n|upkeep\n|turn|4\n|\n|t:|1770479413\n|move|p2a: Articuno|Roost|p2a: Articuno\n|-heal|p2a: Articuno|281/291\n|-singleturn|p2a: Articuno|move: Roost\n|move|p1a: Sylveon|Hyper Voice|p2a: Articuno\n|-damage|p2a: Articuno|137/291\n|\n|-heal|p2a: Articuno|155/291|[from] item: Leftovers\n|-heal|p1a: Sylveon|243/300 tox|[from] item: Leftovers\n|-damage|p1a: Sylveon|189/300 tox|[from] psn\n|upkeep\n|turn|5\n|\n|t:|1770479428\n|move|p2a: Articuno|Roost|p2a: Articuno\n|-heal|p2a: Articuno|291/291\n|-singleturn|p2a: Articuno|move: Roost\n|move|p1a: Sylveon|Hyper Voice|p2a: Articuno\n|-damage|p2a: Articuno|152/291\n|\n|-heal|p2a: Articuno|170/291|[from] item: Leftovers\n|-heal|p1a: Sylveon|207/300 tox|[from] item: Leftovers\n|-damage|p1a: Sylveon|135/300 tox|[from] psn\n|upkeep\n|turn|6\n|\n|t:|1770479439\n|move|p2a: Articuno|Roost|p2a: Articuno\n|-heal|p2a: Articuno|291/291\n|-singleturn|p2a: Articuno|move: Roost\n|move|p1a: Sylveon|Wish|p1a: Sylveon\n|\n|-heal|p1a: Sylveon|153/300 tox|[from] item: Leftovers\n|-damage|p1a: Sylveon|63/300 tox|[from] psn\n|upkeep\n|turn|7\n|\n|t:|1770479457\n|switch|p1a: Gengar|Gengar, L77, M|219/219\n|move|p2a: Articuno|Freeze-Dry|p1a: Gengar\n|-damage|p1a: Gengar|128/219\n|-status|p1a: Gengar|frz\n|\n|-heal|p1a: Gengar|219/219 frz|[from] move: Wish|[wisher] Sylveon\n|upkeep\n|turn|8\n|\n|t:|1770479472\n|detailschange|p1a: Gengar|Gengar-Mega, L77, M\n|-mega|p1a: Gengar|Gengar|Gengarite\n|cant|p1a: Gengar|frz\n|move|p2a: Articuno|Freeze-Dry|p1a: Gengar\n|-damage|p1a: Gengar|143/219 frz\n|\n|upkeep\n|turn|9\n|\n|t:|1770479480\n|-curestatus|p1a: Gengar|frz|[msg]\n|move|p1a: Gengar|Sludge Wave|p2a: Articuno\n|-end|p2a: Articuno|Substitute\n|move|p2a: Articuno|Freeze-Dry|p1a: Gengar\n|-damage|p1a: Gengar|58/219\n|\n|upkeep\n|turn|10\n|\n|t:|1770479489\n|move|p1a: Gengar|Sludge Wave|p2a: Articuno\n|-damage|p2a: Articuno|198/291\n|move|p2a: Articuno|Freeze-Dry|p1a: Gengar\n|-damage|p1a: Gengar|0 fnt\n|faint|p1a: Gengar\n|detailschange|p1: Gengar|Gengar, L77, M|[silent]\n|\n|-heal|p2a: Articuno|216/291|[from] item: Leftovers\n|upkeep\n|\n|t:|1770479511\n|switch|p1a: Nidoking|Nidoking, L82, M|267/267\n|turn|11\n|\n|t:|1770479515\n|move|p2a: Articuno|Freeze-Dry|p1a: Nidoking\n|-supereffective|p1a: Nidoking\n|-damage|p1a: Nidoking|103/267\n|move|p1a: Nidoking|Fire Blast|p2a: Articuno\n|-supereffective|p2a: Articuno\n|-damage|p2a: Articuno|44/291\n|\n|-heal|p2a: Articuno|62/291|[from] item: Leftovers\n|upkeep\n|turn|12\n|\n|t:|1770479526\n|move|p2a: Articuno|Freeze-Dry|p1a: Nidoking\n|-supereffective|p1a: Nidoking\n|-damage|p1a: Nidoking|0 fnt\n|faint|p1a: Nidoking\n|\n|-heal|p2a: Articuno|80/291|[from] item: Leftovers\n|upkeep\n|\n|t:|1770479531\n|switch|p1a: Clawitzer|Clawitzer, L87, F|265/265\n|turn|13\n|\n|t:|1770479539\n|move|p2a: Articuno|Freeze-Dry|p1a: Clawitzer\n|-supereffective|p1a: Clawitzer\n|-damage|p1a: Clawitzer|175/265\n|move|p1a: Clawitzer|Aura Sphere|p2a: Articuno\n|-crit|p2a: Articuno\n|-damage|p2a: Articuno|0 fnt\n|faint|p2a: Articuno\n|\n|upkeep\n|\n|t:|1770479558\n|switch|p2a: Mandibuzz|Mandibuzz, L84, F|322/322\n|turn|14\n|\n|t:|1770479562\n|switch|p1a: Sylveon|Sylveon, L85, F|63/300 tox\n|move|p2a: Mandibuzz|Knock Off|p1a: Sylveon\n|-resisted|p1a: Sylveon\n|-damage|p1a: Sylveon|20/300 tox\n|-enditem|p1a: Sylveon|Leftovers|[from] move: Knock Off|[of] p2a: Mandibuzz\n|\n|-damage|p1a: Sylveon|2/300 tox|[from] psn\n|upkeep\n|turn|15\n|\n|t:|1770479573\n|move|p2a: Mandibuzz|Knock Off|p1a: Sylveon\n|-resisted|p1a: Sylveon\n|-damage|p1a: Sylveon|0 fnt\n|faint|p1a: Sylveon\n|\n|upkeep\n|\n|t:|1770479577\n|switch|p1a: Comfey|Comfey, L87, M|230/230\n|turn|16\n|\n|t:|1770479590\n|switch|p2a: Probopass|Probopass, L92, M|260/260\n|move|p1a: Comfey|Draining Kiss|p2a: Probopass\n|-resisted|p2a: Probopass\n|-damage|p2a: Probopass|245/260\n|\n|-heal|p2a: Probopass|260/260|[from] item: Leftovers\n|upkeep\n|turn|17\n|\n|t:|1770479602\n|switch|p1a: Palossand|Palossand, L89, M|296/296\n|move|p2a: Probopass|Toxic|p1a: Palossand\n|-status|p1a: Palossand|tox\n|\n|-damage|p1a: Palossand|278/296 tox|[from] psn\n|upkeep\n|turn|18\n|\n|t:|1770479614\n|switch|p2a: Mandibuzz|Mandibuzz, L84, F|322/322\n|switch|p1a: Clawitzer|Clawitzer, L87, F|175/265\n|\n|upkeep\n|turn|19\n|\n|t:|1770479620\n|move|p2a: Mandibuzz|Knock Off|p1a: Clawitzer\n|-damage|p1a: Clawitzer|102/265\n|-enditem|p1a: Clawitzer|Assault Vest|[from] move: Knock Off|[of] p2a: Mandibuzz\n|move|p1a: Clawitzer|Ice Beam|p2a: Mandibuzz\n|-supereffective|p2a: Mandibuzz\n|-damage|p2a: Mandibuzz|168/322\n|\n|upkeep\n|turn|20\n|\n|t:|1770479630\n|move|p2a: Mandibuzz|Roost|p2a: Mandibuzz\n|-heal|p2a: Mandibuzz|322/322\n|-singleturn|p2a: Mandibuzz|move: Roost\n|move|p1a: Clawitzer|Aura Sphere|p2a: Mandibuzz\n|-supereffective|p2a: Mandibuzz\n|-damage|p2a: Mandibuzz|132/322\n|\n|upkeep\n|turn|21\n|\n|t:|1770479639\n|move|p2a: Mandibuzz|Brave Bird|p1a: Clawitzer\n|-damage|p1a: Clawitzer|6/265\n|-damage|p2a: Mandibuzz|100/322|[from] Recoil\n|move|p1a: Clawitzer|Ice Beam|p2a: Mandibuzz\n|-supereffective|p2a: Mandibuzz\n|-damage|p2a: Mandibuzz|0 fnt\n|faint|p2a: Mandibuzz\n|\n|upkeep\n|\n|t:|1770479664\n|switch|p2a: Pheromosa|Pheromosa, L75|229/229\n|turn|22\n|\n|t:|1770479669\n|switch|p1a: Palossand|Palossand, L89, M|278/296 tox\n|move|p2a: Pheromosa|U-turn|p1a: Palossand\n|-resisted|p1a: Palossand\n|-damage|p1a: Palossand|230/296 tox\n|\n|t:|1770479677\n|switch|p2a: Gyarados|Gyarados, L74, F|263/263|[from] U-turn\n|-ability|p2a: Gyarados|Intimidate|boost\n|-unboost|p1a: Palossand|atk|1\n|\n|-heal|p1a: Palossand|248/296 tox|[from] item: Leftovers\n|-damage|p1a: Palossand|230/296 tox|[from] psn\n|upkeep\n|turn|23\n|\n|t:|1770479686\n|move|p2a: Gyarados|Substitute|p2a: Gyarados\n|-start|p2a: Gyarados|Substitute\n|-damage|p2a: Gyarados|198/263\n|move|p1a: Palossand|Toxic||[still]\n|-fail|p1a: Palossand\n|\n|-heal|p1a: Palossand|248/296 tox|[from] item: Leftovers\n|-damage|p1a: Palossand|212/296 tox|[from] psn\n|upkeep\n|turn|24\n|\n|t:|1770479696\n|move|p2a: Gyarados|Dragon Dance|p2a: Gyarados\n|-boost|p2a: Gyarados|atk|1\n|-boost|p2a: Gyarados|spe|1\n|move|p1a: Palossand|Shadow Ball|p2a: Gyarados\n|-end|p2a: Gyarados|Substitute\n|\n|-heal|p1a: Palossand|230/296 tox|[from] item: Leftovers\n|-damage|p1a: Palossand|176/296 tox|[from] psn\n|upkeep\n|turn|25\n|inactive|Blade Luther has 120 seconds left.\n|inactive|Blade Luther has 90 seconds left.\n|\n|t:|1770479776\n|move|p2a: Gyarados|Dragon Dance|p2a: Gyarados\n|-boost|p2a: Gyarados|atk|1\n|-boost|p2a: Gyarados|spe|1\n|move|p1a: Palossand|Shore Up|p1a: Palossand\n|-heal|p1a: Palossand|296/296 tox\n|\n|-damage|p1a: Palossand|224/296 tox|[from] psn\n|upkeep\n|turn|26\n|\n|t:|1770479786\n|move|p2a: Gyarados|Waterfall|p1a: Palossand\n|-supereffective|p1a: Palossand\n|-damage|p1a: Palossand|0 fnt\n|faint|p1a: Palossand\n|\n|upkeep\n|\n|t:|1770479789\n|switch|p1a: Comfey|Comfey, L87, M|230/230\n|turn|27\n|inactive|Blade Luther has 90 seconds left.\n|\n|t:|1770479795\n|move|p1a: Comfey|Draining Kiss|p2a: Gyarados\n|-damage|p2a: Gyarados|149/263\n|move|p2a: Gyarados|Waterfall|p1a: Comfey\n|-damage|p1a: Comfey|85/230\n|\n|-heal|p1a: Comfey|99/230|[from] item: Leftovers\n|upkeep\n|turn|28\n|\n|t:|1770479803\n|move|p1a: Comfey|Draining Kiss|p2a: Gyarados\n|-damage|p2a: Gyarados|98/263\n|-heal|p1a: Comfey|137/230|[from] drain|[of] p2a: Gyarados\n|move|p2a: Gyarados|Waterfall|p1a: Comfey\n|-damage|p1a: Comfey|0 fnt\n|faint|p1a: Comfey\n|\n|upkeep\n|\n|t:|1770479806\n|switch|p1a: Clawitzer|Clawitzer, L87, F|6/265\n|turn|29\n|\n|t:|1770479814\n|detailschange|p2a: Gyarados|Gyarados-Mega, L74, F\n|-mega|p2a: Gyarados|Gyarados|Gyaradosite\n|-ability|p2a: Gyarados|Mold Breaker\n|move|p2a: Gyarados|Crunch|p1a: Clawitzer\n|-damage|p1a: Clawitzer|0 fnt\n|faint|p1a: Clawitzer\n|\n|win|Blade Luther\n|raw|Flavt's rating: 1612 &rarr; <strong>1593</strong><br />(-19 for losing)\n|raw|Blade Luther's rating: 1633 &rarr; <strong>1652</strong><br />(+19 for winning)\n|l|☆Flavt\n|player|p1|\n", "inputlog": ">version ccdc32dd7cde25fd9e4bed64820e885f66e78a4e\n>start {\"formatid\":\"gen7randombattle\",\"seed\":\"sodium,c002720a70c516e5547a458c6da08a61\",\"rated\":\"Rated battle\"}\n>player p1 {\"name\":\"Flavt\",\"avatar\":\"pokemonbreeder\",\"rating\":1612,\"seed\":\"sodium,129d86c5ee956a8534cfaa667f05903b\"}\n>player p2 {\"name\":\"Blade Luther\",\"avatar\":\"ethan-masters\",\"rating\":1633,\"seed\":\"sodium,35e7fc558919e368e25008dd9b51fe9f\"}\n>p1 switch 2\n>p2 move substitute\n>p1 move calmmind\n>p2 move toxic\n>p1 move hypervoice\n>p2 move freezedry\n>p1 move hypervoice\n>p2 move roost\n>p1 move hypervoice\n>p2 move roost\n>p1 move wish\n>p2 move roost\n>p1 switch 2\n>p2 move freezedry\n>p1 move sludgewave mega\n>p2 move freezedry\n>p1 move sludgewave\n>p2 move freezedry\n>p1 move sludgewave\n>p2 move freezedry\n>p1 switch 4\n>p1 move fireblast\n>p2 move freezedry\n>p1 move fireblast\n>p2 move freezedry\n>p1 switch 5\n>p1 move aurasphere\n>p2 move freezedry\n>p2 switch 2\n>p1 switch 2\n>p2 move knockoff\n>p1 move wish\n>p2 move knockoff\n>p1 switch 6\n>p1 move drainingkiss\n>p2 switch 3\n>p1 switch 3\n>p2 move toxic\n>p1 switch 2\n>p2 switch 3\n>p1 move icebeam\n>p2 move knockoff\n>p1 move aurasphere\n>p2 move roost\n>p1 move icebeam\n>p2 move bravebird\n>p2 switch 5\n>p1 switch 2\n>p2 move uturn\n>p2 switch 6\n>p1 move toxic\n>p2 move substitute\n>p1 move shadowball\n>p2 move dragondance\n>p1 move shoreup\n>p2 move dragondance\n>p1 move shadowball\n>p2 move waterfall\n>p1 switch 3\n>p1 move drainingkiss\n>p2 move waterfall\n>p1 move drainingkiss\n>p2 move waterfall\n>p1 switch 2\n>p1 move aurasphere\n>p2 move crunch mega", "uploadtime": 1770479829, "views": 185, "formatid": "gen7randombattle", "rating": 1593, "private": 0, "password": null}