{"id": "gen7randombattle-2535733574", "format": "[Gen 7] Random Battle", "players": ["cobratate1", "plop in my pants"], "log": "|j|☆cobratate1\n|j|☆plop in my pants\n|t:|1770601760\n|gametype|singles\n|player|p1|cobratate1|giovanni|1615\n|player|p2|plop in my pants|teamrocket|1714\n|gen|7\n|tier|[Gen 7] Random Battle\n|rated|\n|rule|Sleep Clause Mod: Limit one foe put to sleep\n|rule|HP Percentage Mod: HP is shown in percentages\n|rule|Illusion Level Mod: Illusion disguises the Pokémon's true level\n|\n|t:|1770601760\n|teamsize|p1|6\n|teamsize|p2|6\n|start\n|switch|p1a: Registeel|Registeel, L83|268/268\n|switch|p2a: Banette|Banette, L93, M|270/270\n|turn|1\n|inactive|Battle timer is ON: inactive players will automatically lose when time's up. (requested by cobratate1)\n|\n|t:|1770601789\n|move|p2a: Banette|Will-O-Wisp|p1a: Registeel\n|-status|p1a: Registeel|brn\n|move|p1a: Registeel|Stealth Rock|p2a: Banette\n|-sidestart|p2: plop in my pants|move: Stealth Rock\n|\n|-damage|p1a: Registeel|252/268 brn|[from] brn\n|upkeep\n|turn|2\n|\n|t:|1770601793\n|move|p2a: Banette|Shadow Claw|p1a: Registeel\n|-damage|p1a: Registeel|165/268 brn\n|-damage|p2a: Banette|243/270|[from] item: Life Orb\n|move|p1a: Registeel|Toxic|p2a: Banette\n|-status|p2a: Banette|tox\n|\n|-heal|p1a: Registeel|181/268 brn|[from] item: Leftovers\n|-damage|p2a: Banette|227/270 tox|[from] psn\n|-damage|p1a: Registeel|165/268 brn|[from] brn\n|upkeep\n|turn|3\n|\n|t:|1770601805\n|move|p1a: Registeel|Protect|p1a: Registeel\n|-singleturn|p1a: Registeel|Protect\n|move|p2a: Banette|Shadow Claw|p1a: Registeel\n|-activate|p1a: Registeel|move: Protect\n|\n|-heal|p1a: Registeel|181/268 brn|[from] item: Leftovers\n|-damage|p2a: Banette|195/270 tox|[from] psn\n|-damage|p1a: Registeel|165/268 brn|[from] brn\n|upkeep\n|turn|4\n|\n|t:|1770601819\n|switch|p1a: Entei|Entei, L78|307/307\n|move|p2a: Banette|Shadow Claw|p1a: Entei\n|-damage|p1a: Entei|163/307\n|-damage|p2a: Banette|168/270 tox|[from] item: Life Orb\n|\n|-damage|p2a: Banette|120/270 tox|[from] psn\n|upkeep\n|turn|5\n|\n|t:|1770601827\n|move|p2a: Banette|Shadow Sneak|p1a: Entei\n|-damage|p1a: Entei|77/307\n|-damage|p2a: Banette|93/270 tox|[from] item: Life Orb\n|move|p1a: Entei|Sacred Fire|p2a: Banette\n|-damage|p2a: Banette|0 fnt\n|faint|p2a: Banette\n|\n|upkeep\n|\n|t:|1770601841\n|switch|p2a: Manectric|Manectric, L78, M|237/237\n|-damage|p2a: Manectric|208/237|[from] Stealth Rock\n|turn|6\n|\n|t:|1770601853\n|switch|p1a: Registeel|Registeel, L83|165/268 brn\n|detailschange|p2a: Manectric|Manectric-Mega, L78, M\n|-mega|p2a: Manectric|Manectric|Manectite\n|-ability|p2a: Manectric|Intimidate|boost\n|-fail|p1a: Registeel|unboost|[from] ability: Clear Body|[of] p1a: Registeel\n|move|p2a: Manectric|Volt Switch|p1a: Registeel\n|-damage|p1a: Registeel|113/268 brn\n|\n|t:|1770601859\n|switch|p2a: Noctowl|Noctowl, L94, M|340/340|[from] Volt Switch\n|-damage|p2a: Noctowl|255/340|[from] Stealth Rock\n|\n|-heal|p2a: Noctowl|276/340|[from] item: Leftovers\n|-heal|p1a: Registeel|129/268 brn|[from] item: Leftovers\n|-damage|p1a: Registeel|113/268 brn|[from] brn\n|upkeep\n|turn|7\n|\n|t:|1770601871\n|move|p2a: Noctowl|Hyper Voice|p1a: Registeel\n|-resisted|p1a: Registeel\n|-damage|p1a: Registeel|41/268 brn\n|move|p1a: Registeel|Toxic|p2a: Noctowl\n|-status|p2a: Noctowl|tox\n|\n|-heal|p2a: Noctowl|297/340 tox|[from] item: Leftovers\n|-heal|p1a: Registeel|57/268 brn|[from] item: Leftovers\n|-damage|p2a: Noctowl|276/340 tox|[from] psn\n|-damage|p1a: Registeel|41/268 brn|[from] brn\n|upkeep\n|turn|8\n|\n|t:|1770601873\n|move|p1a: Registeel|Protect|p1a: Registeel\n|-singleturn|p1a: Registeel|Protect\n|move|p2a: Noctowl|Defog|p1a: Registeel\n|-activate|p1a: Registeel|move: Protect\n|\n|-heal|p2a: Noctowl|297/340 tox|[from] item: Leftovers\n|-heal|p1a: Registeel|57/268 brn|[from] item: Leftovers\n|-damage|p2a: Noctowl|255/340 tox|[from] psn\n|-damage|p1a: Registeel|41/268 brn|[from] brn\n|upkeep\n|turn|9\n|\n|t:|1770601889\n|switch|p1a: Banette|Banette, L87, F|253/253\n|-item|p2a: Noctowl|Leftovers|[from] ability: Frisk|[of] p1a: Banette\n|move|p2a: Noctowl|Defog|p1a: Banette\n|-unboost|p1a: Banette|evasion|1\n|-sideend|p2: plop in my pants|Stealth Rock|[from] move: Defog|[of] p2a: Noctowl\n|\n|-heal|p2a: Noctowl|276/340 tox|[from] item: Leftovers\n|-damage|p2a: Noctowl|213/340 tox|[from] psn\n|upkeep\n|turn|10\n|\n|t:|1770601908\n|detailschange|p1a: Banette|Banette-Mega, L87, F\n|-mega|p1a: Banette|Banette|Banettite\n|move|p2a: Noctowl|Hurricane|p1a: Banette\n|-damage|p1a: Banette|126/253\n|-start|p1a: Banette|confusion\n|-activate|p1a: Banette|confusion\n|move|p1a: Banette|Knock Off|p2a: Noctowl\n|-damage|p2a: Noctowl|55/340 tox\n|-enditem|p2a: Noctowl|Leftovers|[from] move: Knock Off|[of] p1a: Banette\n|\n|-damage|p2a: Noctowl|0 fnt|[from] psn\n|faint|p2a: Noctowl\n|upkeep\n|\n|t:|1770601936\n|switch|p2a: Kecleon|Kecleon, L90, F|254/254\n|turn|11\n|\n|t:|1770601949\n|switch|p1a: Roserade|Roserade, L84, M|238/238\n|move|p2a: Kecleon|Shadow Sneak|p1a: Roserade\n|-start|p2a: Kecleon|typechange|Ghost|[from] ability: Protean\n|-damage|p1a: Roserade|160/238\n|-damage|p2a: Kecleon|229/254|[from] item: Life Orb\n|\n|upkeep\n|turn|12\n|\n|t:|1770601956\n|move|p1a: Roserade|Toxic Spikes|p2a: Kecleon\n|-sidestart|p2: plop in my pants|move: Toxic Spikes\n|move|p2a: Kecleon|Knock Off|p1a: Roserade\n|-start|p2a: Kecleon|typechange|Dark|[from] ability: Protean\n|-damage|p1a: Roserade|0 fnt\n|-enditem|p1a: Roserade|Life Orb|[from] move: Knock Off|[of] p2a: Kecleon\n|faint|p1a: Roserade\n|-damage|p2a: Kecleon|204/254|[from] item: Life Orb\n|\n|upkeep\n|\n|t:|1770601962\n|switch|p1a: Arbok|Arbok, L90, M|254/254\n|-ability|p1a: Arbok|Intimidate|boost\n|-unboost|p2a: Kecleon|atk|1\n|turn|13\n|\n|t:|1770601970\n|move|p1a: Arbok|Coil|p1a: Arbok\n|-boost|p1a: Arbok|atk|1\n|-boost|p1a: Arbok|def|1\n|-boost|p1a: Arbok|accuracy|1\n|move|p2a: Kecleon|Knock Off|p1a: Arbok\n|-damage|p1a: Arbok|184/254\n|-enditem|p1a: Arbok|Life Orb|[from] move: Knock Off|[of] p2a: Kecleon\n|-damage|p2a: Kecleon|179/254|[from] item: Life Orb\n|\n|upkeep\n|turn|14\n|\n|t:|1770601976\n|switch|p2a: Manectric|Manectric-Mega, L78, M|208/237\n|-status|p2a: Manectric|psn\n|-ability|p2a: Manectric|Intimidate|boost\n|-unboost|p1a: Arbok|atk|1\n|move|p1a: Arbok|Gunk Shot|p2a: Manectric\n|-damage|p2a: Manectric|33/237 psn\n|\n|-damage|p2a: Manectric|4/237 psn|[from] psn\n|upkeep\n|turn|15\n|\n|t:|1770601986\n|move|p2a: Manectric|Thunderbolt|p1a: Arbok\n|-damage|p1a: Arbok|81/254\n|-status|p1a: Arbok|par\n|move|p1a: Arbok|Earthquake|p2a: Manectric\n|-supereffective|p2a: Manectric\n|-damage|p2a: Manectric|0 fnt\n|faint|p2a: Manectric\n|detailschange|p2: Manectric|Manectric, L78, M|[silent]\n|\n|upkeep\n|\n|t:|1770602013\n|switch|p2a: Blaziken|Blaziken, L78, F|253/253\n|-status|p2a: Blaziken|psn\n|turn|16\n|\n|t:|1770602015\n|move|p2a: Blaziken|Flare Blitz|p1a: Arbok\n|-damage|p1a: Arbok|0 fnt\n|faint|p1a: Arbok\n|-damage|p2a: Blaziken|226/253 psn|[from] Recoil\n|-damage|p2a: Blaziken|201/253 psn|[from] item: Life Orb\n|\n|-damage|p2a: Blaziken|170/253 psn|[from] psn\n|-ability|p2a: Blaziken|Speed Boost|boost\n|-boost|p2a: Blaziken|spe|1\n|upkeep\n|\n|t:|1770602027\n|switch|p1a: Registeel|Registeel, L83|41/268 brn\n|turn|17\n|\n|t:|1770602035\n|move|p1a: Registeel|Protect|p1a: Registeel\n|-singleturn|p1a: Registeel|Protect\n|move|p2a: Blaziken|Flare Blitz|p1a: Registeel\n|-activate|p1a: Registeel|move: Protect\n|\n|-heal|p1a: Registeel|57/268 brn|[from] item: Leftovers\n|-damage|p2a: Blaziken|139/253 psn|[from] psn\n|-damage|p1a: Registeel|41/268 brn|[from] brn\n|-ability|p2a: Blaziken|Speed Boost|boost\n|-boost|p2a: Blaziken|spe|1\n|upkeep\n|turn|18\n|\n|t:|1770602040\n|move|p1a: Registeel|Protect||[still]\n|-fail|p1a: Registeel\n|move|p2a: Blaziken|Knock Off|p1a: Registeel\n|-damage|p1a: Registeel|0 fnt\n|-enditem|p1a: Registeel|Leftovers|[from] move: Knock Off|[of] p2a: Blaziken\n|faint|p1a: Registeel\n|-damage|p2a: Blaziken|114/253 psn|[from] item: Life Orb\n|\n|-damage|p2a: Blaziken|83/253 psn|[from] psn\n|-ability|p2a: Blaziken|Speed Boost|boost\n|-boost|p2a: Blaziken|spe|1\n|upkeep\n|\n|t:|1770602042\n|switch|p1a: Entei|Entei, L78|77/307\n|turn|19\n|\n|t:|1770602056\n|move|p1a: Entei|Extreme Speed|p2a: Blaziken\n|-crit|p2a: Blaziken\n|-damage|p2a: Blaziken|0 fnt\n|faint|p2a: Blaziken\n|\n|upkeep\n|\n|t:|1770602071\n|switch|p2a: Kecleon|Kecleon, L90, F|179/254\n|-status|p2a: Kecleon|psn\n|turn|20\n|\n|t:|1770602078\n|move|p1a: Entei|Extreme Speed|p2a: Kecleon\n|-damage|p2a: Kecleon|85/254 psn\n|move|p2a: Kecleon|Recover|p2a: Kecleon\n|-heal|p2a: Kecleon|212/254 psn\n|\n|-damage|p2a: Kecleon|181/254 psn|[from] psn\n|upkeep\n|turn|21\n|\n|t:|1770602087\n|switch|p1a: Banette|Banette-Mega, L87, F|126/253\n|move|p2a: Kecleon|Shadow Sneak|p1a: Banette\n|-start|p2a: Kecleon|typechange|Ghost|[from] ability: Protean\n|-supereffective|p1a: Banette\n|-damage|p1a: Banette|0 fnt\n|faint|p1a: Banette\n|detailschange|p1: Banette|Banette, L87, F|[silent]\n|-damage|p2a: Kecleon|156/254 psn|[from] item: Life Orb\n|\n|-damage|p2a: Kecleon|125/254 psn|[from] psn\n|upkeep\n|\n|t:|1770602092\n|switch|p1a: Entei|Entei, L78|77/307\n|turn|22\n|\n|t:|1770602095\n|move|p2a: Kecleon|Shadow Sneak|p1a: Entei\n|-damage|p1a: Entei|6/307\n|-damage|p2a: Kecleon|100/254 psn|[from] item: Life Orb\n|move|p1a: Entei|Sacred Fire|p2a: Kecleon\n|-damage|p2a: Kecleon|0 fnt\n|faint|p2a: Kecleon\n|\n|upkeep\n|\n|t:|1770602097\n|switch|p2a: Barbaracle|Barbaracle, L81, F|249/249\n|-status|p2a: Barbaracle|psn\n|turn|23\n|\n|t:|1770602102\n|move|p1a: Entei|Sacred Fire|p2a: Barbaracle\n|-resisted|p2a: Barbaracle\n|-damage|p2a: Barbaracle|217/249 psn\n|move|p2a: Barbaracle|Shell Smash|p2a: Barbaracle\n|-unboost|p2a: Barbaracle|def|1\n|-unboost|p2a: Barbaracle|spd|1\n|-boost|p2a: Barbaracle|atk|2\n|-boost|p2a: Barbaracle|spa|2\n|-boost|p2a: Barbaracle|spe|2\n|-enditem|p2a: Barbaracle|White Herb\n|-clearnegativeboost|p2a: Barbaracle|[silent]\n|\n|-damage|p2a: Barbaracle|186/249 psn|[from] psn\n|upkeep\n|turn|24\n|\n|t:|1770602108\n|switch|p1a: Cloyster|Cloyster, L80, F|211/211\n|move|p2a: Barbaracle|Shell Smash|p2a: Barbaracle\n|-unboost|p2a: Barbaracle|def|1\n|-unboost|p2a: Barbaracle|spd|1\n|-boost|p2a: Barbaracle|atk|2\n|-boost|p2a: Barbaracle|spa|2\n|-boost|p2a: Barbaracle|spe|2\n|\n|-damage|p2a: Barbaracle|155/249 psn|[from] psn\n|upkeep\n|turn|25\n|\n|t:|1770602112\n|move|p2a: Barbaracle|Low Kick|p1a: Cloyster\n|-supereffective|p1a: Cloyster\n|-damage|p1a: Cloyster|0 fnt\n|faint|p1a: Cloyster\n|\n|-damage|p2a: Barbaracle|124/249 psn|[from] psn\n|upkeep\n|\n|t:|1770602115\n|switch|p1a: Entei|Entei, L78|6/307\n|turn|26\n|\n|t:|1770602121\n|move|p1a: Entei|Extreme Speed|p2a: Barbaracle\n|-resisted|p2a: Barbaracle\n|-damage|p2a: Barbaracle|67/249 psn\n|move|p2a: Barbaracle|Low Kick|p1a: Entei\n|-damage|p1a: Entei|0 fnt\n|faint|p1a: Entei\n|\n|win|plop in my pants\n|raw|cobratate1's rating: 1615 &rarr; <strong>1601</strong><br />(-14 for losing)\n|raw|plop in my pants's rating: 1714 &rarr; <strong>1728</strong><br />(+14 for winning)\n", "inputlog": ">version ccdc32dd7cde25fd9e4bed64820e885f66e78a4e\n>start {\"formatid\":\"gen7randombattle\",\"seed\":\"sodium,a560855f608044f9cbb92b0548d63549\",\"rated\":\"Rated battle\"}\n>player p1 {\"name\":\"cobratate1\",\"avatar\":\"giovanni\",\"rating\":1615,\"seed\":\"sodium,3236748585679db9342a889648b72683\"}\n>player p2 {\"name\":\"plop in my pants\",\"avatar\":\"teamrocket\",\"rating\":1714,\"seed\":\"sodium,c4c0d39f83076ad4405f10e69f1f933a\"}\n>p1 move stealthrock\n>p2 move willowisp\n>p1 move toxic\n>p2 move shadowclaw\n>p1 move protect\n>p2 move shadowclaw\n>p1 switch 3\n>p2 move shadowclaw\n>p1 move sacredfire\n>p2 move shadowsneak\n>p2 switch 4\n>p1 switch 3\n>p2 move voltswitch mega\n>p2 switch 6\n>p1 move toxic\n>p2 move hypervoice\n>p1 move protect\n>p2 move defog\n>p1 switch 6\n>p2 move defog\n>p1 move knockoff mega\n>p2 move hurricane\n>p2 switch 5\n>p1 switch 4\n>p2 move shadowsneak\n>p1 move toxicspikes\n>p2 move knockoff\n>p1 switch 5\n>p1 move coil\n>p2 move knockoff\n>p1 move gunkshot\n>p2 switch 6\n>p1 move earthquake\n>p2 move thunderbolt\n>p2 switch 2\n>p1 move earthquake\n>p2 move flareblitz\n>p1 switch 6\n>p1 move protect\n>p2 move flareblitz\n>p1 move protect\n>p2 move knockoff\n>p1 switch 3\n>p1 move extremespeed\n>p2 move knockoff\n>p2 switch 6\n>p1 move extremespeed\n>p2 move recover\n>p1 switch 4\n>p2 move shadowsneak\n>p1 switch 4\n>p1 move sacredfire\n>p2 move shadowsneak\n>p2 switch 3\n>p1 move sacredfire\n>p2 move shellsmash\n>p1 switch 2\n>p2 move shellsmash\n>p1 move hydropump\n>p2 move lowkick\n>p1 switch 2\n>p1 move extremespeed\n>p2 move lowkick", "uploadtime": 1770602124, "views": 190, "formatid": "gen7randombattle", "rating": 1601, "private": 0, "password": null}