{"id": "gen7randombattle-2524317336", "format": "[Gen 7] Random Battle", "players": ["plop in my pants", "BBC chicken"], "log": "|j|☆plop in my pants\n|j|☆BBC chicken\n|t:|1769130720\n|gametype|singles\n|player|p1|plop in my pants|teamrocket|1809\n|player|p2|BBC chicken|2|1695\n|gen|7\n|tier|[Gen 7] Random Battle\n|rated|\n|rule|Sleep Clause Mod: Limit one foe put to sleep\n|rule|HP Percentage Mod: HP is shown in percentages\n|rule|Illusion Level Mod: Illusion disguises the Pokémon's true level\n|\n|t:|1769130720\n|teamsize|p1|6\n|teamsize|p2|6\n|start\n|switch|p1a: Dialga|Dialga, L74|270/270\n|switch|p2a: Arceus|Arceus-Dark, L72|292/292\n|-ability|p1a: Dialga|Pressure\n|turn|1\n|inactive|Battle timer is ON: inactive players will automatically lose when time's up. (requested by BBC chicken)\n|\n|t:|1769130749\n|switch|p2a: Conkeldurr|Conkeldurr, L81, F|303/303\n|move|p1a: Dialga|Stealth Rock|p2a: Conkeldurr\n|-sidestart|p2: BBC chicken|move: Stealth Rock\n|\n|-status|p2a: Conkeldurr|brn|[from] item: Flame Orb\n|upkeep\n|turn|2\n|\n|t:|1769130769\n|switch|p1a: Sandslash|Sandslash, L90, M|281/281\n|move|p2a: Conkeldurr|Knock Off|p1a: Sandslash\n|-damage|p1a: Sandslash|174/281\n|-enditem|p1a: Sandslash|Leftovers|[from] move: Knock Off|[of] p2a: Conkeldurr\n|\n|-damage|p2a: Conkeldurr|285/303 brn|[from] brn\n|upkeep\n|turn|3\n|\n|t:|1769130775\n|move|p1a: Sandslash|Earthquake|p2a: Conkeldurr\n|-damage|p2a: Conkeldurr|155/303 brn\n|move|p2a: Conkeldurr|Drain Punch|p1a: Sandslash\n|-damage|p1a: Sandslash|54/281\n|-heal|p2a: Conkeldurr|215/303 brn|[from] drain|[of] p1a: Sandslash\n|\n|-damage|p2a: Conkeldurr|197/303 brn|[from] brn\n|upkeep\n|turn|4\n|\n|t:|1769130783\n|switch|p1a: Moltres|Moltres, L82|281/281\n|move|p2a: Conkeldurr|Mach Punch|p1a: Moltres\n|-resisted|p1a: Moltres\n|-damage|p1a: Moltres|237/281\n|\n|-heal|p1a: Moltres|254/281|[from] item: Leftovers\n|-damage|p2a: Conkeldurr|179/303 brn|[from] brn\n|upkeep\n|turn|5\n|\n|t:|1769130790\n|switch|p2a: Electivire|Electivire, L86, F|269/269\n|-damage|p2a: Electivire|236/269|[from] Stealth Rock\n|move|p1a: Moltres|Hurricane|p2a: Electivire|[miss]\n|-miss|p1a: Moltres|p2a: Electivire\n|\n|-heal|p1a: Moltres|271/281|[from] item: Leftovers\n|upkeep\n|turn|6\n|\n|t:|1769130803\n|switch|p1a: Sandslash|Sandslash, L90, M|54/281\n|move|p2a: Electivire|Volt Switch|p1a: Sandslash\n|-immune|p1a: Sandslash\n|\n|upkeep\n|turn|7\n|\n|t:|1769130817\n|switch|p1a: Moltres|Moltres, L82|271/281\n|move|p2a: Electivire|Ice Punch|p1a: Moltres\n|-damage|p1a: Moltres|199/281\n|\n|-heal|p1a: Moltres|216/281|[from] item: Leftovers\n|upkeep\n|turn|8\n|\n|t:|1769130824\n|switch|p1a: Sandslash|Sandslash, L90, M|54/281\n|move|p2a: Electivire|Volt Switch|p1a: Sandslash\n|-immune|p1a: Sandslash\n|\n|upkeep\n|turn|9\n|\n|t:|1769130829\n|switch|p1a: Moltres|Moltres, L82|216/281\n|move|p2a: Electivire|Ice Punch|p1a: Moltres\n|-damage|p1a: Moltres|147/281\n|-status|p2a: Electivire|brn|[from] ability: Flame Body|[of] p1a: Moltres\n|\n|-heal|p1a: Moltres|164/281|[from] item: Leftovers\n|-damage|p2a: Electivire|220/269 brn|[from] brn\n|upkeep\n|turn|10\n|\n|t:|1769130838\n|move|p2a: Electivire|Volt Switch|p1a: Moltres\n|-supereffective|p1a: Moltres\n|-damage|p1a: Moltres|0 fnt\n|faint|p1a: Moltres\n|\n|t:|1769130847\n|switch|p2a: Scizor|Scizor, L80, M|243/243|[from] Volt Switch\n|-damage|p2a: Scizor|213/243|[from] Stealth Rock\n|\n|-heal|p2a: Scizor|228/243|[from] item: Leftovers\n|upkeep\n|\n|t:|1769130855\n|switch|p1a: Dialga|Dialga, L74|270/270\n|-ability|p1a: Dialga|Pressure\n|turn|11\n|\n|t:|1769130883\n|switch|p2a: Electivire|Electivire, L86, F|220/269 brn\n|-damage|p2a: Electivire|187/269 brn|[from] Stealth Rock\n|move|p1a: Dialga|Fire Blast|p2a: Electivire\n|-damage|p2a: Electivire|103/269 brn\n|\n|-damage|p2a: Electivire|87/269 brn|[from] brn\n|upkeep\n|turn|12\n|\n|t:|1769130894\n|move|p2a: Electivire|Flamethrower|p1a: Dialga\n|-damage|p1a: Dialga|202/270\n|move|p1a: Dialga|Fire Blast|p2a: Electivire\n|-damage|p2a: Electivire|0 fnt\n|faint|p2a: Electivire\n|\n|-heal|p1a: Dialga|218/270|[from] item: Leftovers\n|upkeep\n|inactive|BBC chicken has 120 seconds left.\n|\n|t:|1769130910\n|switch|p2a: Arceus|Arceus-Dark, L72|292/292\n|-damage|p2a: Arceus|256/292|[from] Stealth Rock\n|turn|13\n|\n|t:|1769130919\n|switch|p1a: Bellossom|Bellossom, L88, F|275/275\n|move|p2a: Arceus|Calm Mind|p2a: Arceus\n|-boost|p2a: Arceus|spa|1\n|-boost|p2a: Arceus|spd|1\n|\n|upkeep\n|turn|14\n|\n|t:|1769130922\n|move|p2a: Arceus|Sludge Bomb|p1a: Bellossom\n|-supereffective|p1a: Bellossom\n|-damage|p1a: Bellossom|141/275\n|move|p1a: Bellossom|Quiver Dance|p1a: Bellossom\n|-boost|p1a: Bellossom|spa|1\n|-boost|p1a: Bellossom|spd|1\n|-boost|p1a: Bellossom|spe|1\n|\n|-heal|p1a: Bellossom|158/275|[from] item: Leftovers\n|upkeep\n|turn|15\n|\n|t:|1769130927\n|move|p2a: Arceus|Sludge Bomb|p1a: Bellossom\n|-supereffective|p1a: Bellossom\n|-damage|p1a: Bellossom|58/275\n|move|p1a: Bellossom|Quiver Dance|p1a: Bellossom\n|-boost|p1a: Bellossom|spa|1\n|-boost|p1a: Bellossom|spd|1\n|-boost|p1a: Bellossom|spe|1\n|\n|-heal|p1a: Bellossom|75/275|[from] item: Leftovers\n|upkeep\n|turn|16\n|\n|t:|1769130934\n|move|p1a: Bellossom|Strength Sap|p2a: Arceus\n|-unboost|p2a: Arceus|atk|1\n|-heal|p1a: Bellossom|252/275\n|move|p2a: Arceus|Sludge Bomb|p1a: Bellossom\n|-supereffective|p1a: Bellossom\n|-damage|p1a: Bellossom|176/275\n|\n|-heal|p1a: Bellossom|193/275|[from] item: Leftovers\n|upkeep\n|turn|17\n|\n|t:|1769130936\n|move|p1a: Bellossom|Quiver Dance|p1a: Bellossom\n|-boost|p1a: Bellossom|spa|1\n|-boost|p1a: Bellossom|spd|1\n|-boost|p1a: Bellossom|spe|1\n|move|p2a: Arceus|Sludge Bomb|p1a: Bellossom\n|-supereffective|p1a: Bellossom\n|-damage|p1a: Bellossom|137/275\n|\n|-heal|p1a: Bellossom|154/275|[from] item: Leftovers\n|upkeep\n|turn|18\n|\n|t:|1769130945\n|move|p1a: Bellossom|Giga Drain|p2a: Arceus\n|-damage|p2a: Arceus|138/292\n|-heal|p1a: Bellossom|213/275|[from] drain|[of] p2a: Arceus\n|move|p2a: Arceus|Sludge Bomb|p1a: Bellossom\n|-supereffective|p1a: Bellossom\n|-damage|p1a: Bellossom|159/275\n|\n|-heal|p1a: Bellossom|176/275|[from] item: Leftovers\n|upkeep\n|turn|19\n|c|☆BBC chicken|hello\n|c|☆BBC chicken|poison\n|\n|t:|1769130955\n|move|p1a: Bellossom|Giga Drain|p2a: Arceus\n|-damage|p2a: Arceus|20/292\n|-heal|p1a: Bellossom|235/275|[from] drain|[of] p2a: Arceus\n|move|p2a: Arceus|Sludge Bomb|p1a: Bellossom\n|-supereffective|p1a: Bellossom\n|-damage|p1a: Bellossom|177/275\n|\n|-heal|p1a: Bellossom|194/275|[from] item: Leftovers\n|upkeep\n|turn|20\n|-message|BBC chicken forfeited.\n|\n|win|plop in my pants\n|raw|plop in my pants's rating: 1809 &rarr; <strong>1823</strong><br />(+14 for winning)\n|raw|BBC chicken's rating: 1695 &rarr; <strong>1681</strong><br />(-14 for losing)\n|l|☆BBC chicken\n|player|p2|\n|c|☆plop in my pants|nice\n", "inputlog": ">version dd3d52b8382d73d1dd2c67730c4067df325ab790\n>start {\"formatid\":\"gen7randombattle\",\"seed\":\"sodium,f950d308e68960ceed05e1fc79b2084c\",\"rated\":\"Rated battle\"}\n>player p1 {\"name\":\"plop in my pants\",\"avatar\":\"teamrocket\",\"rating\":1809,\"seed\":\"sodium,90e08c5c9a1325b1de1958d7e46b3db4\"}\n>player p2 {\"name\":\"BBC chicken\",\"avatar\":\"2\",\"rating\":1695,\"seed\":\"sodium,b36150fe0d290e79f30ab20c22a5cc16\"}\n>p1 move stealthrock\n>p2 switch 5\n>p1 switch 4\n>p2 move knockoff\n>p1 move earthquake\n>p2 move drainpunch\n>p1 switch 2\n>p2 move machpunch\n>p1 move hurricane\n>p2 switch 6\n>p1 switch 2\n>p2 move voltswitch\n>p1 switch 2\n>p2 move icepunch\n>p1 switch 2\n>p2 move voltswitch\n>p1 switch 2\n>p2 move icepunch\n>p1 move roost\n>p2 move voltswitch\n>p2 switch 2\n>p1 switch 4\n>p1 move fireblast\n>p2 switch 2\n>p1 move fireblast\n>p2 move flamethrower\n>p2 switch 5\n>p1 switch 6\n>p2 move calmmind\n>p1 move quiverdance\n>p2 move sludgebomb\n>p1 move quiverdance\n>p2 move sludgebomb\n>p1 move strengthsap\n>p2 move sludgebomb\n>p1 move quiverdance\n>p2 move sludgebomb\n>p1 move gigadrain\n>p2 move sludgebomb\n>chat ☆BBC chicken|hello\n>chat ☆BBC chicken|poison\n>p1 move gigadrain\n>p2 move sludgebomb\n>forcelose p2", "uploadtime": 1769130963, "views": 152, "formatid": "gen7randombattle", "rating": 1681, "private": 0, "password": null}