{"id": "gen7randombattle-2526481464", "format": "[Gen 7] Random Battle", "players": ["may/gen3", "Likehumansdo"], "log": "|j|☆may/gen3\n|j|☆Likehumansdo\n|t:|1769422578\n|gametype|singles\n|player|p1|may/gen3|may|1817\n|player|p2|Likehumansdo|266|1701\n|gen|7\n|tier|[Gen 7] Random Battle\n|rated|\n|rule|Sleep Clause Mod: Limit one foe put to sleep\n|rule|HP Percentage Mod: HP is shown in percentages\n|rule|Illusion Level Mod: Illusion disguises the Pokémon's true level\n|\n|t:|1769422578\n|teamsize|p1|6\n|teamsize|p2|6\n|start\n|switch|p1a: Shuckle|Shuckle, L86, F|175/175\n|switch|p2a: Zangoose|Zangoose, L86, M|266/266\n|turn|1\n|\n|t:|1769422589\n|move|p2a: Zangoose|Knock Off|p1a: Shuckle\n|-damage|p1a: Shuckle|138/175\n|-enditem|p1a: Shuckle|Mental Herb|[from] move: Knock Off|[of] p2a: Zangoose\n|move|p1a: Shuckle|Knock Off|p2a: Zangoose\n|-damage|p2a: Zangoose|237/266\n|-enditem|p2a: Zangoose|Toxic Orb|[from] move: Knock Off|[of] p1a: Shuckle\n|\n|upkeep\n|turn|2\n|inactive|Battle timer is ON: inactive players will automatically lose when time's up. (requested by may/gen3)\n|\n|t:|1769422601\n|switch|p2a: Floatzel|Floatzel, L86, F|286/286\n|move|p1a: Shuckle|Sticky Web|p2a: Floatzel\n|-sidestart|p2: Likehumansdo|move: Sticky Web\n|\n|upkeep\n|turn|3\n|\n|t:|1769422612\n|move|p2a: Floatzel|Bulk Up|p2a: Floatzel\n|-boost|p2a: Floatzel|atk|1\n|-boost|p2a: Floatzel|def|1\n|move|p1a: Shuckle|Toxic|p2a: Floatzel\n|-status|p2a: Floatzel|tox\n|\n|-damage|p2a: Floatzel|269/286 tox|[from] psn\n|upkeep\n|turn|4\n|\n|t:|1769422619\n|move|p2a: Floatzel|Bulk Up|p2a: Floatzel\n|-boost|p2a: Floatzel|atk|1\n|-boost|p2a: Floatzel|def|1\n|move|p1a: Shuckle|Encore|p2a: Floatzel\n|-start|p2a: Floatzel|Encore\n|\n|-damage|p2a: Floatzel|235/286 tox|[from] psn\n|upkeep\n|turn|5\n|\n|t:|1769422625\n|switch|p2a: Unfezant|Unfezant, L88, F|283/283\n|move|p1a: Shuckle|Knock Off|p2a: Unfezant\n|-damage|p2a: Unfezant|260/283\n|-enditem|p2a: Unfezant|Scope Lens|[from] move: Knock Off|[of] p1a: Shuckle\n|\n|upkeep\n|turn|6\n|\n|t:|1769422631\n|move|p2a: Unfezant|U-turn|p1a: Shuckle\n|-damage|p1a: Shuckle|111/175\n|\n|t:|1769422633\n|switch|p2a: Floatzel|Floatzel, L86, F|235/286 tox|[from] U-turn\n|-activate|p2a: Floatzel|move: Sticky Web\n|-unboost|p2a: Floatzel|spe|1\n|move|p1a: Shuckle|Toxic|p2a: Floatzel\n|-fail|p2a: Floatzel|tox\n|\n|-damage|p2a: Floatzel|218/286 tox|[from] psn\n|upkeep\n|turn|7\n|\n|t:|1769422636\n|switch|p1a: Mightyena|Mightyena, L94, M|284/284\n|-ability|p1a: Mightyena|Intimidate|boost\n|-unboost|p2a: Floatzel|atk|1\n|move|p2a: Floatzel|Liquidation|p1a: Mightyena\n|-damage|p1a: Mightyena|215/284\n|-unboost|p1a: Mightyena|def|1\n|\n|-damage|p2a: Floatzel|184/286 tox|[from] psn\n|upkeep\n|turn|8\n|\n|t:|1769422643\n|move|p1a: Mightyena|Crunch|p2a: Floatzel\n|-damage|p2a: Floatzel|20/286 tox\n|-damage|p1a: Mightyena|187/284|[from] item: Life Orb\n|-zpower|p2a: Floatzel\n|move|p2a: Floatzel|All-Out Pummeling|p1a: Mightyena|[zeffect]\n|-supereffective|p1a: Mightyena\n|-damage|p1a: Mightyena|0 fnt\n|faint|p1a: Mightyena\n|\n|-damage|p2a: Floatzel|0 fnt|[from] psn\n|faint|p2a: Floatzel\n|upkeep\n|\n|t:|1769422652\n|switch|p2a: Unfezant|Unfezant, L88, F|260/283\n|switch|p1a: Shuckle|Shuckle, L86, F|111/175\n|turn|9\n|\n|t:|1769422661\n|move|p2a: Unfezant|U-turn|p1a: Shuckle\n|-damage|p1a: Shuckle|85/175\n|\n|t:|1769422665\n|switch|p2a: Celebi|Celebi, L82|298/298|[from] U-turn\n|-activate|p2a: Celebi|move: Sticky Web\n|-unboost|p2a: Celebi|spe|1\n|move|p1a: Shuckle|Toxic|p2a: Celebi\n|-status|p2a: Celebi|tox\n|\n|-damage|p2a: Celebi|280/298 tox|[from] psn\n|upkeep\n|turn|10\n|\n|t:|1769422669\n|move|p2a: Celebi|Stealth Rock|p1a: Shuckle\n|-sidestart|p1: may/gen3|move: Stealth Rock\n|move|p1a: Shuckle|Encore|p2a: Celebi\n|-start|p2a: Celebi|Encore\n|\n|-heal|p2a: Celebi|298/298 tox|[from] item: Leftovers\n|-damage|p2a: Celebi|262/298 tox|[from] psn\n|upkeep\n|turn|11\n|\n|t:|1769422674\n|-curestatus|p2a: Celebi|tox|[from] ability: Natural Cure\n|switch|p2a: Unfezant|Unfezant, L88, F|260/283\n|move|p1a: Shuckle|Knock Off|p2a: Unfezant\n|-damage|p2a: Unfezant|244/283\n|\n|upkeep\n|turn|12\n|\n|t:|1769422677\n|move|p2a: Unfezant|U-turn|p1a: Shuckle\n|-damage|p1a: Shuckle|58/175\n|\n|t:|1769422679\n|switch|p2a: Celebi|Celebi, L82|262/298|[from] U-turn\n|-activate|p2a: Celebi|move: Sticky Web\n|-unboost|p2a: Celebi|spe|1\n|move|p1a: Shuckle|Toxic|p2a: Celebi\n|-status|p2a: Celebi|tox\n|\n|-heal|p2a: Celebi|280/298 tox|[from] item: Leftovers\n|-damage|p2a: Celebi|262/298 tox|[from] psn\n|upkeep\n|turn|13\n|\n|t:|1769422683\n|move|p2a: Celebi|Psychic|p1a: Shuckle\n|-damage|p1a: Shuckle|16/175\n|move|p1a: Shuckle|Encore|p2a: Celebi\n|-start|p2a: Celebi|Encore\n|\n|-heal|p2a: Celebi|280/298 tox|[from] item: Leftovers\n|-damage|p2a: Celebi|244/298 tox|[from] psn\n|upkeep\n|turn|14\n|\n|t:|1769422687\n|switch|p1a: Probopass|Probopass, L92, M|260/260\n|-damage|p1a: Probopass|244/260|[from] Stealth Rock\n|-item|p1a: Probopass|Air Balloon\n|move|p2a: Celebi|Psychic|p1a: Probopass\n|-resisted|p1a: Probopass\n|-damage|p1a: Probopass|216/260\n|-enditem|p1a: Probopass|Air Balloon\n|\n|-heal|p2a: Celebi|262/298 tox|[from] item: Leftovers\n|-damage|p2a: Celebi|208/298 tox|[from] psn\n|upkeep\n|turn|15\n|\n|t:|1769422693\n|-curestatus|p2a: Celebi|tox|[from] ability: Natural Cure\n|switch|p2a: Zangoose|Zangoose, L86, M|237/266\n|-activate|p2a: Zangoose|move: Sticky Web\n|-unboost|p2a: Zangoose|spe|1\n|move|p1a: Probopass|Stealth Rock|p2a: Zangoose\n|-sidestart|p2: Likehumansdo|move: Stealth Rock\n|\n|upkeep\n|turn|16\n|\n|t:|1769422698\n|switch|p1a: Shuckle|Shuckle, L86, F|16/175\n|-damage|p1a: Shuckle|0 fnt|[from] Stealth Rock\n|faint|p1a: Shuckle\n|move|p2a: Zangoose|Swords Dance|p2a: Zangoose\n|-boost|p2a: Zangoose|atk|2\n|\n|upkeep\n|\n|t:|1769422702\n|switch|p1a: Hitmonchan|Hitmonchan, L87, M|229/229\n|-damage|p1a: Hitmonchan|215/229|[from] Stealth Rock\n|turn|17\n|\n|t:|1769422716\n|move|p1a: Hitmonchan|Drain Punch|p2a: Zangoose\n|-supereffective|p2a: Zangoose\n|-damage|p2a: Zangoose|0 fnt\n|-heal|p1a: Hitmonchan|229/229|[from] drain|[of] p2a: Zangoose\n|faint|p2a: Zangoose\n|\n|upkeep\n|\n|t:|1769422729\n|switch|p2a: Mr. Mime|Mr. Mime, L90, M|218/218\n|-activate|p2a: Mr. Mime|move: Sticky Web\n|-unboost|p2a: Mr. Mime|spe|1\n|-damage|p2a: Mr. Mime|191/218|[from] Stealth Rock\n|turn|18\n|\n|t:|1769422733\n|switch|p1a: Probopass|Probopass, L92, M|216/260\n|-damage|p1a: Probopass|200/260|[from] Stealth Rock\n|move|p2a: Mr. Mime|Psyshock|p1a: Probopass\n|-resisted|p1a: Probopass\n|-damage|p1a: Probopass|157/260\n|-damage|p2a: Mr. Mime|170/218|[from] item: Life Orb\n|\n|upkeep\n|turn|19\n|\n|t:|1769422741\n|switch|p2a: Celebi|Celebi, L82|208/298\n|-activate|p2a: Celebi|move: Sticky Web\n|-unboost|p2a: Celebi|spe|1\n|-damage|p2a: Celebi|171/298|[from] Stealth Rock\n|move|p1a: Probopass|Thunder Wave|p2a: Celebi\n|-status|p2a: Celebi|par\n|\n|-heal|p2a: Celebi|189/298 par|[from] item: Leftovers\n|upkeep\n|turn|20\n|\n|t:|1769422747\n|switch|p1a: Zygarde|Zygarde, L73|278/278\n|-damage|p1a: Zygarde|261/278|[from] Stealth Rock\n|move|p2a: Celebi|Recover|p2a: Celebi\n|-heal|p2a: Celebi|298/298 par\n|\n|upkeep\n|turn|21\n|\n|t:|1769422754\n|-curestatus|p2a: Celebi|par|[from] ability: Natural Cure\n|switch|p2a: Walrein|Walrein, L90, F|344/344\n|-activate|p2a: Walrein|move: Sticky Web\n|-unboost|p2a: Walrein|spe|1\n|-damage|p2a: Walrein|258/344|[from] Stealth Rock\n|move|p1a: Zygarde|Dragon Dance|p1a: Zygarde\n|-boost|p1a: Zygarde|atk|1\n|-boost|p1a: Zygarde|spe|1\n|\n|-heal|p2a: Walrein|279/344|[from] item: Leftovers\n|upkeep\n|turn|22\n|\n|t:|1769422759\n|switch|p1a: Hitmonchan|Hitmonchan, L87, M|229/229\n|-damage|p1a: Hitmonchan|215/229|[from] Stealth Rock\n|move|p2a: Walrein|Ice Beam|p1a: Hitmonchan\n|-damage|p1a: Hitmonchan|152/229\n|\n|-heal|p2a: Walrein|300/344|[from] item: Leftovers\n|upkeep\n|turn|23\n|\n|t:|1769422763\n|switch|p2a: Celebi|Celebi, L82|298/298\n|-activate|p2a: Celebi|move: Sticky Web\n|-unboost|p2a: Celebi|spe|1\n|-damage|p2a: Celebi|261/298|[from] Stealth Rock\n|move|p1a: Hitmonchan|Drain Punch|p2a: Celebi\n|-resisted|p2a: Celebi\n|-damage|p2a: Celebi|209/298\n|-heal|p1a: Hitmonchan|178/229|[from] drain|[of] p2a: Celebi\n|\n|-heal|p2a: Celebi|227/298|[from] item: Leftovers\n|upkeep\n|turn|24\n|\n|t:|1769422767\n|switch|p1a: Probopass|Probopass, L92, M|157/260\n|-damage|p1a: Probopass|141/260|[from] Stealth Rock\n|move|p2a: Celebi|Psychic|p1a: Probopass\n|-resisted|p1a: Probopass\n|-damage|p1a: Probopass|111/260\n|\n|-heal|p2a: Celebi|245/298|[from] item: Leftovers\n|upkeep\n|turn|25\n|\n|t:|1769422774\n|move|p2a: Celebi|Psychic|p1a: Probopass\n|-resisted|p1a: Probopass\n|-damage|p1a: Probopass|81/260\n|move|p1a: Probopass|Thunder Wave|p2a: Celebi\n|-status|p2a: Celebi|par\n|\n|-heal|p2a: Celebi|263/298 par|[from] item: Leftovers\n|upkeep\n|turn|26\n|\n|t:|1769422780\n|move|p1a: Probopass|Flash Cannon|p2a: Celebi\n|-damage|p2a: Celebi|188/298 par\n|-unboost|p2a: Celebi|spd|1\n|move|p2a: Celebi|Psychic|p1a: Probopass\n|-resisted|p1a: Probopass\n|-damage|p1a: Probopass|52/260\n|\n|-heal|p2a: Celebi|206/298 par|[from] item: Leftovers\n|upkeep\n|turn|27\n|\n|t:|1769422784\n|-curestatus|p2a: Celebi|par|[from] ability: Natural Cure\n|switch|p2a: Walrein|Walrein, L90, F|300/344\n|-activate|p2a: Walrein|move: Sticky Web\n|-unboost|p2a: Walrein|spe|1\n|-damage|p2a: Walrein|214/344|[from] Stealth Rock\n|move|p1a: Probopass|Flash Cannon|p2a: Walrein\n|-damage|p2a: Walrein|141/344\n|\n|-heal|p2a: Walrein|162/344|[from] item: Leftovers\n|upkeep\n|turn|28\n|\n|t:|1769422788\n|move|p2a: Walrein|Protect|p2a: Walrein\n|-singleturn|p2a: Walrein|Protect\n|move|p1a: Probopass|Thunder Wave|p2a: Walrein\n|-activate|p2a: Walrein|move: Protect\n|\n|-heal|p2a: Walrein|183/344|[from] item: Leftovers\n|upkeep\n|turn|29\n|\n|t:|1769422793\n|move|p1a: Probopass|Thunder Wave|p2a: Walrein\n|-status|p2a: Walrein|par\n|move|p2a: Walrein|Surf|p1a: Probopass\n|-supereffective|p1a: Probopass\n|-damage|p1a: Probopass|0 fnt\n|faint|p1a: Probopass\n|\n|-heal|p2a: Walrein|204/344 par|[from] item: Leftovers\n|upkeep\n|\n|t:|1769422797\n|switch|p1a: Xurkitree|Xurkitree, L80|264/264\n|-damage|p1a: Xurkitree|231/264|[from] Stealth Rock\n|turn|30\n|\n|t:|1769422803\n|move|p2a: Walrein|Protect|p2a: Walrein\n|-singleturn|p2a: Walrein|Protect\n|move|p1a: Xurkitree|Thunderbolt|p2a: Walrein\n|-activate|p2a: Walrein|move: Protect\n|\n|-heal|p2a: Walrein|225/344 par|[from] item: Leftovers\n|upkeep\n|turn|31\n|\n|t:|1769422811\n|switch|p2a: Celebi|Celebi, L82|206/298\n|-activate|p2a: Celebi|move: Sticky Web\n|-unboost|p2a: Celebi|spe|1\n|-damage|p2a: Celebi|169/298|[from] Stealth Rock\n|move|p1a: Xurkitree|Thunderbolt|p2a: Celebi\n|-resisted|p2a: Celebi\n|-damage|p2a: Celebi|109/298\n|\n|-heal|p2a: Celebi|127/298|[from] item: Leftovers\n|upkeep\n|turn|32\n|\n|t:|1769422819\n|move|p1a: Xurkitree|Hidden Power|p2a: Celebi\n|-supereffective|p2a: Celebi\n|-damage|p2a: Celebi|9/298\n|move|p2a: Celebi|Recover|p2a: Celebi\n|-heal|p2a: Celebi|158/298\n|\n|-heal|p2a: Celebi|176/298|[from] item: Leftovers\n|upkeep\n|turn|33\n|\n|t:|1769422824\n|switch|p1a: Hitmonchan|Hitmonchan, L87, M|178/229\n|-damage|p1a: Hitmonchan|164/229|[from] Stealth Rock\n|move|p2a: Celebi|Recover|p2a: Celebi\n|-heal|p2a: Celebi|298/298\n|\n|upkeep\n|turn|34\n|\n|t:|1769422827\n|move|p1a: Hitmonchan|Throat Chop|p2a: Celebi\n|-supereffective|p2a: Celebi\n|-damage|p2a: Celebi|168/298\n|-start|p2a: Celebi|Throat Chop|[silent]\n|move|p2a: Celebi|Psychic|p1a: Hitmonchan\n|-supereffective|p1a: Hitmonchan\n|-damage|p1a: Hitmonchan|56/229\n|\n|-heal|p2a: Celebi|186/298|[from] item: Leftovers\n|upkeep\n|turn|35\n|\n|t:|1769422831\n|move|p1a: Hitmonchan|Throat Chop|p2a: Celebi\n|-supereffective|p2a: Celebi\n|-damage|p2a: Celebi|74/298\n|move|p2a: Celebi|Recover|p2a: Celebi\n|-heal|p2a: Celebi|223/298\n|\n|-heal|p2a: Celebi|241/298|[from] item: Leftovers\n|-end|p2a: Celebi|Throat Chop|[silent]\n|upkeep\n|turn|36\n|\n|t:|1769422834\n|move|p1a: Hitmonchan|Throat Chop|p2a: Celebi\n|-supereffective|p2a: Celebi\n|-damage|p2a: Celebi|131/298\n|-start|p2a: Celebi|Throat Chop|[silent]\n|move|p2a: Celebi|Recover|p2a: Celebi\n|-heal|p2a: Celebi|280/298\n|\n|-heal|p2a: Celebi|298/298|[from] item: Leftovers\n|upkeep\n|turn|37\n|\n|t:|1769422837\n|move|p1a: Hitmonchan|Throat Chop|p2a: Celebi\n|-supereffective|p2a: Celebi\n|-damage|p2a: Celebi|182/298\n|move|p2a: Celebi|Psychic|p1a: Hitmonchan\n|-supereffective|p1a: Hitmonchan\n|-damage|p1a: Hitmonchan|0 fnt\n|faint|p1a: Hitmonchan\n|\n|-heal|p2a: Celebi|200/298|[from] item: Leftovers\n|-end|p2a: Celebi|Throat Chop|[silent]\n|upkeep\n|\n|t:|1769422840\n|switch|p1a: Zygarde|Zygarde, L73|261/278\n|-damage|p1a: Zygarde|244/278|[from] Stealth Rock\n|turn|38\n|\n|t:|1769422843\n|switch|p2a: Walrein|Walrein, L90, F|225/344 par\n|-activate|p2a: Walrein|move: Sticky Web\n|-unboost|p2a: Walrein|spe|1\n|-damage|p2a: Walrein|139/344 par|[from] Stealth Rock\n|move|p1a: Zygarde|Dragon Dance|p1a: Zygarde\n|-boost|p1a: Zygarde|atk|1\n|-boost|p1a: Zygarde|spe|1\n|\n|-heal|p2a: Walrein|160/344 par|[from] item: Leftovers\n|upkeep\n|turn|39\n|\n|t:|1769422849\n|move|p1a: Zygarde|Outrage|p2a: Walrein\n|-damage|p2a: Walrein|19/344 par\n|move|p2a: Walrein|Ice Beam|p1a: Zygarde\n|-supereffective|p1a: Zygarde\n|-damage|p1a: Zygarde|0 fnt\n|faint|p1a: Zygarde\n|\n|-heal|p2a: Walrein|40/344 par|[from] item: Leftovers\n|upkeep\n|\n|t:|1769422852\n|switch|p1a: Xurkitree|Xurkitree, L80|231/264\n|-damage|p1a: Xurkitree|198/264|[from] Stealth Rock\n|turn|40\n|\n|t:|1769422859\n|-zpower|p1a: Xurkitree\n|move|p1a: Xurkitree|Z-Electric Terrain|p1a: Xurkitree|[anim]Electric Terrain\n|-boost|p1a: Xurkitree|spe|1|[zeffect]\n|-fieldstart|move: Electric Terrain\n|move|p2a: Walrein|Surf|p1a: Xurkitree\n|-damage|p1a: Xurkitree|77/264\n|\n|-heal|p2a: Walrein|61/344 par|[from] item: Leftovers\n|upkeep\n|turn|41\n|\n|t:|1769422863\n|switch|p2a: Celebi|Celebi, L82|200/298\n|-activate|p2a: Celebi|move: Sticky Web\n|-unboost|p2a: Celebi|spe|1\n|-damage|p2a: Celebi|163/298|[from] Stealth Rock\n|move|p1a: Xurkitree|Thunderbolt|p2a: Celebi\n|-resisted|p2a: Celebi\n|-damage|p2a: Celebi|72/298\n|-status|p2a: Celebi|par\n|\n|-heal|p2a: Celebi|90/298 par|[from] item: Leftovers\n|upkeep\n|turn|42\n|c|☆Likehumansdo|...\n|\n|t:|1769422874\n|move|p1a: Xurkitree|Hidden Power|p2a: Celebi\n|-supereffective|p2a: Celebi\n|-damage|p2a: Celebi|0 fnt\n|faint|p2a: Celebi\n|-ability|p1a: Xurkitree|Beast Boost|boost\n|-boost|p1a: Xurkitree|spa|1\n|\n|upkeep\n|\n|t:|1769422877\n|switch|p2a: Mr. Mime|Mr. Mime, L90, M|170/218\n|-activate|p2a: Mr. Mime|move: Sticky Web\n|-unboost|p2a: Mr. Mime|spe|1\n|-damage|p2a: Mr. Mime|143/218|[from] Stealth Rock\n|turn|43\n|\n|t:|1769422883\n|move|p1a: Xurkitree|Thunderbolt|p2a: Mr. Mime\n|-damage|p2a: Mr. Mime|0 fnt\n|faint|p2a: Mr. Mime\n|-ability|p1a: Xurkitree|Beast Boost|boost\n|-boost|p1a: Xurkitree|spa|1\n|\n|upkeep\n|\n|t:|1769422887\n|switch|p2a: Walrein|Walrein, L90, F|61/344 par\n|-activate|p2a: Walrein|move: Sticky Web\n|-unboost|p2a: Walrein|spe|1\n|-damage|p2a: Walrein|0 fnt|[from] Stealth Rock\n|faint|p2a: Walrein\n|\n|t:|1769422889\n|switch|p2a: Unfezant|Unfezant, L88, F|244/283\n|-damage|p2a: Unfezant|174/283|[from] Stealth Rock\n|turn|44\n|\n|t:|1769422893\n|move|p1a: Xurkitree|Thunderbolt|p2a: Unfezant\n|-supereffective|p2a: Unfezant\n|-damage|p2a: Unfezant|0 fnt\n|faint|p2a: Unfezant\n|\n|win|may/gen3\n|raw|may&#x2f;gen3's rating: 1817 &rarr; <strong>1831</strong><br />(+14 for winning)\n|raw|Likehumansdo's rating: 1701 &rarr; <strong>1687</strong><br />(-14 for losing)\n|l|☆Likehumansdo\n|player|p2|\n", "inputlog": ">version b99ff0165a6231f17e8b78c2a78d1998375de664\n>start {\"formatid\":\"gen7randombattle\",\"seed\":\"sodium,0ee9c460b8ff36433419c399f6c7ef1d\",\"rated\":\"Rated battle\"}\n>player p1 {\"name\":\"may/gen3\",\"avatar\":\"may\",\"rating\":1817,\"seed\":\"sodium,b87e7212fd5c56f7230edffbb7e98c75\"}\n>player p2 {\"name\":\"Likehumansdo\",\"avatar\":\"266\",\"rating\":1701,\"seed\":\"sodium,0f0168fc6579e96af21788a95913ab66\"}\n>p1 move knockoff\n>p2 move knockoff\n>p1 move stickyweb\n>p2 switch 5\n>p1 move toxic\n>p2 move bulkup\n>p1 move encore\n>p2 move bulkup\n>p1 move knockoff\n>p2 switch 3\n>p1 move toxic\n>p2 move uturn\n>p2 switch 3\n>p1 switch 6\n>p2 move liquidation\n>p1 move crunch\n>p2 move lowkick zmove\n>p1 switch 6\n>p2 switch 3\n>p1 move toxic\n>p2 move uturn\n>p2 switch 4\n>p1 move encore\n>p2 move stealthrock\n>p1 move knockoff\n>p2 switch 4\n>p1 move toxic\n>p2 move uturn\n>p2 switch 4\n>p1 move encore\n>p2 move psychic\n>p1 switch 2\n>p2 move psychic\n>p1 move stealthrock\n>p2 switch 5\n>p1 switch 2\n>p2 move swordsdance\n>p1 switch 5\n>p1 move drainpunch\n>p2 move facade\n>p2 switch 2\n>p1 switch 2\n>p2 move psyshock\n>p1 move thunderwave\n>p2 switch 5\n>p1 switch 3\n>p2 move recover\n>p1 move dragondance\n>p2 switch 6\n>p1 switch 2\n>p2 move icebeam\n>p1 move drainpunch\n>p2 switch 6\n>p1 switch 3\n>p2 move psychic\n>p1 move thunderwave\n>p2 move psychic\n>p1 move flashcannon\n>p2 move psychic\n>p1 move flashcannon\n>p2 switch 6\n>p1 move thunderwave\n>p2 move protect\n>p1 move thunderwave\n>p2 move surf\n>p1 switch 4\n>p1 move thunderbolt\n>p2 move protect\n>p1 move thunderbolt\n>p2 switch 6\n>p1 move hiddenpower\n>p2 move recover\n>p1 switch 3\n>p2 move recover\n>p1 move throatchop\n>p2 move psychic\n>p1 move throatchop\n>p2 move recover\n>p1 move throatchop\n>p2 move recover\n>p1 move throatchop\n>p2 move psychic\n>p1 switch 2\n>p1 move dragondance\n>p2 switch 6\n>p1 move outrage\n>p2 move icebeam\n>p1 switch 3\n>p1 move electricterrain zmove\n>p2 move surf\n>p1 move thunderbolt\n>p2 switch 6\n>chat ☆Likehumansdo|...\n>p1 move hiddenpower\n>p2 move leafstorm\n>p2 switch 5\n>p1 move thunderbolt\n>p2 move psyshock\n>p2 switch 6\n>p2 switch 4\n>p1 move thunderbolt\n>p2 move return", "uploadtime": 1769422904, "views": 177, "formatid": "gen7randombattle", "rating": 1687, "private": 0, "password": null}