{"id": "gen7randombattle-2538027425", "format": "[Gen 7] Random Battle", "players": ["Artimus245", "may/gen3"], "log": "|j|☆Artimus245\n|j|☆may/gen3\n|t:|1770880358\n|gametype|singles\n|player|p1|Artimus245|sabrina|1579\n|player|p2|may/gen3|may|1515\n|gen|7\n|tier|[Gen 7] Random Battle\n|rated|\n|rule|Sleep Clause Mod: Limit one foe put to sleep\n|rule|HP Percentage Mod: HP is shown in percentages\n|rule|Illusion Level Mod: Illusion disguises the Pokémon's true level\n|\n|t:|1770880358\n|teamsize|p1|6\n|teamsize|p2|6\n|start\n|switch|p1a: Banette|Banette, L87, F|253/253\n|switch|p2a: Raichu|Raichu-Alola, L86, F|243/243\n|-item|p2a: Raichu|Choice Specs|[from] ability: Frisk|[of] p1a: Banette\n|turn|1\n|\n|t:|1770880399\n|detailschange|p1a: Banette|Banette-Mega, L87, F\n|-mega|p1a: Banette|Banette|Banettite\n|move|p2a: Raichu|Volt Switch|p1a: Banette\n|-damage|p1a: Banette|133/253\n|\n|t:|1770880407\n|switch|p2a: Lanturn|Lanturn, L89, M|367/367|[from] Volt Switch\n|move|p1a: Banette|Knock Off|p2a: Lanturn\n|-damage|p2a: Lanturn|223/367\n|-enditem|p2a: Lanturn|Leftovers|[from] move: Knock Off|[of] p1a: Banette\n|\n|upkeep\n|turn|2\n|inactive|Battle timer is ON: inactive players will automatically lose when time's up. (requested by may/gen3)\n|\n|t:|1770880415\n|move|p1a: Banette|Shadow Claw|p2a: Lanturn\n|-damage|p2a: Lanturn|76/367\n|move|p2a: Lanturn|Scald|p1a: Banette\n|-damage|p1a: Banette|51/253\n|-status|p1a: Banette|brn\n|\n|-damage|p1a: Banette|36/253 brn|[from] brn\n|upkeep\n|turn|3\n|\n|t:|1770880420\n|switch|p2a: Scizor|Scizor, L75, M|229/229\n|move|p1a: Banette|Shadow Claw|p2a: Scizor\n|-damage|p2a: Scizor|172/229\n|\n|-damage|p1a: Banette|21/253 brn|[from] brn\n|upkeep\n|turn|4\n|\n|t:|1770880425\n|switch|p2a: Lanturn|Lanturn, L89, M|76/367\n|move|p1a: Banette|Destiny Bond|p1a: Banette\n|-singlemove|p1a: Banette|Destiny Bond\n|\n|-damage|p1a: Banette|6/253 brn|[from] brn\n|upkeep\n|turn|5\n|\n|t:|1770880430\n|move|p1a: Banette|Knock Off|p2a: Lanturn\n|-damage|p2a: Lanturn|25/367\n|move|p2a: Lanturn|Scald|p1a: Banette\n|-damage|p1a: Banette|0 fnt\n|faint|p1a: Banette\n|detailschange|p1: Banette|Banette, L87, F|[silent]\n|\n|upkeep\n|\n|t:|1770880444\n|switch|p1a: Decidueye|Decidueye, L87, M|277/277\n|turn|6\n|\n|t:|1770880455\n|move|p1a: Decidueye|U-turn|p2a: Lanturn\n|-damage|p2a: Lanturn|0 fnt\n|faint|p2a: Lanturn\n|\n|t:|1770880465\n|switch|p1a: Heatran|Heatran, L80, M|277/277|[from] U-turn\n|\n|upkeep\n|\n|t:|1770880473\n|switch|p2a: Feraligatr|Feraligatr, L79, F|264/264\n|turn|7\n|\n|t:|1770880479\n|switch|p1a: Decidueye|Decidueye, L87, M|277/277\n|move|p2a: Feraligatr|Dragon Dance|p2a: Feraligatr\n|-boost|p2a: Feraligatr|atk|1\n|-boost|p2a: Feraligatr|spe|1\n|\n|upkeep\n|turn|8\n|\n|t:|1770880482\n|move|p2a: Feraligatr|Ice Punch|p1a: Decidueye\n|-supereffective|p1a: Decidueye\n|-damage|p1a: Decidueye|0 fnt\n|faint|p1a: Decidueye\n|\n|upkeep\n|\n|t:|1770880486\n|switch|p1a: Masquerain|Masquerain, L87, M|263/263\n|-ability|p1a: Masquerain|Intimidate|boost\n|-unboost|p2a: Feraligatr|atk|1\n|turn|9\n|\n|t:|1770880490\n|move|p2a: Feraligatr|Dragon Dance|p2a: Feraligatr\n|-boost|p2a: Feraligatr|atk|1\n|-boost|p2a: Feraligatr|spe|1\n|move|p1a: Masquerain|Sticky Web|p2a: Feraligatr\n|-sidestart|p2: may/gen3|move: Sticky Web\n|\n|upkeep\n|turn|10\n|\n|t:|1770880500\n|move|p2a: Feraligatr|Liquidation|p1a: Masquerain\n|-damage|p1a: Masquerain|0 fnt\n|faint|p1a: Masquerain\n|\n|upkeep\n|\n|t:|1770880503\n|switch|p1a: Vileplume|Vileplume, L87, F|272/272\n|turn|11\n|\n|t:|1770880512\n|move|p2a: Feraligatr|Ice Punch|p1a: Vileplume\n|-supereffective|p1a: Vileplume\n|-damage|p1a: Vileplume|41/272\n|-status|p2a: Feraligatr|par|[from] ability: Effect Spore|[of] p1a: Vileplume\n|move|p1a: Vileplume|Sleep Powder|p2a: Feraligatr|[miss]\n|-miss|p1a: Vileplume|p2a: Feraligatr\n|\n|-heal|p1a: Vileplume|58/272|[from] item: Black Sludge\n|upkeep\n|turn|12\n|\n|t:|1770880521\n|move|p2a: Feraligatr|Liquidation|p1a: Vileplume\n|-resisted|p1a: Vileplume\n|-damage|p1a: Vileplume|0 fnt\n|faint|p1a: Vileplume\n|\n|upkeep\n|\n|t:|1770880524\n|switch|p1a: Type: Null|Type: Null, L85|300/300\n|turn|13\n|\n|t:|1770880528\n|move|p2a: Feraligatr|Dragon Dance|p2a: Feraligatr\n|-boost|p2a: Feraligatr|atk|1\n|-boost|p2a: Feraligatr|spe|1\n|move|p1a: Type: Null|Swords Dance|p1a: Type: Null\n|-boost|p1a: Type: Null|atk|2\n|\n|upkeep\n|turn|14\n|\n|t:|1770880547\n|move|p2a: Feraligatr|Liquidation|p1a: Type: Null\n|-damage|p1a: Type: Null|127/300\n|move|p1a: Type: Null|Return|p2a: Feraligatr\n|-damage|p2a: Feraligatr|68/264 par\n|\n|upkeep\n|turn|15\n|\n|t:|1770880552\n|move|p2a: Feraligatr|Liquidation|p1a: Type: Null\n|-damage|p1a: Type: Null|0 fnt\n|faint|p1a: Type: Null\n|\n|upkeep\n|-message|Artimus245 forfeited.\n|\n|win|may/gen3\n|raw|Artimus245's rating: 1579 &rarr; <strong>1555</strong><br />(-24 for losing)\n|raw|may&#x2f;gen3's rating: 1515 &rarr; <strong>1539</strong><br />(+24 for winning)\n|l|☆Artimus245\n|player|p1|\n", "inputlog": ">version ccdc32dd7cde25fd9e4bed64820e885f66e78a4e\n>start {\"formatid\":\"gen7randombattle\",\"seed\":\"sodium,e67ceae0927a3fbdd25d7d90d8cc7efe\",\"rated\":\"Rated battle\"}\n>player p1 {\"name\":\"Artimus245\",\"avatar\":\"sabrina\",\"rating\":1579,\"seed\":\"sodium,8bd2616b7befed0edc7c76c332023091\"}\n>player p2 {\"name\":\"may/gen3\",\"avatar\":\"may\",\"rating\":1515,\"seed\":\"sodium,fb264e8cbe0fc967062ead82124fce14\"}\n>p1 move knockoff mega\n>p2 move voltswitch\n>p2 switch 6\n>p1 move shadowclaw\n>p2 move scald\n>p1 move shadowclaw\n>p2 switch 2\n>p1 move destinybond\n>p2 switch 2\n>p1 move knockoff\n>p2 move scald\n>p1 switch 3\n>p1 move uturn\n>p2 move icebeam\n>p1 switch 4\n>p2 switch 3\n>p1 switch 4\n>p2 move dragondance\n>p1 move leafstorm\n>p2 move icepunch\n>p1 switch 6\n>p1 move stickyweb\n>p2 move dragondance\n>p1 move bugbuzz\n>p2 move liquidation\n>p1 switch 5\n>p1 move sleeppowder\n>p2 move icepunch\n>p1 move strengthsap\n>p2 move liquidation\n>p1 switch 2\n>p1 move swordsdance\n>p2 move dragondance\n>p1 move return\n>p2 move liquidation\n>p1 move return\n>p2 move liquidation\n>forcelose p1", "uploadtime": 1770880558, "views": 238, "formatid": "gen7randombattle", "rating": 1539, "private": 0, "password": null}