{"id": "gen7randombattle-2529597400", "format": "[Gen 7] Random Battle", "players": ["josuelm21", "La.Hellhound"], "log": "|j|☆josuelm21\n|j|‽La.Hellhound\n|t:|1769802515\n|gametype|singles\n|player|p1|josuelm21|giovanni|1553\n|player|p2|La.Hellhound|bruno|1707\n|gen|7\n|tier|[Gen 7] Random Battle\n|rated|\n|rule|Sleep Clause Mod: Limit one foe put to sleep\n|rule|HP Percentage Mod: HP is shown in percentages\n|rule|Illusion Level Mod: Illusion disguises the Pokémon's true level\n|\n|t:|1769802515\n|teamsize|p1|6\n|teamsize|p2|6\n|start\n|switch|p1a: Parasect|Parasect, L99, M|279/279\n|switch|p2a: Tyrantrum|Tyrantrum, L81, M|265/265\n|turn|1\n|inactive|Battle timer is ON: inactive players will automatically lose when time's up. (requested by La.Hellhound)\n|\n|t:|1769802529\n|switch|p1a: Rhydon|Rhydon, L85, M|317/317\n|move|p2a: Tyrantrum|Head Smash|p1a: Rhydon\n|-resisted|p1a: Rhydon\n|-damage|p1a: Rhydon|269/317\n|\n|upkeep\n|turn|2\n|\n|t:|1769802540\n|switch|p2a: Articuno|Articuno, L85|291/291\n|-ability|p2a: Articuno|Pressure\n|move|p1a: Rhydon|Stealth Rock|p2a: Articuno\n|-sidestart|p2: La.Hellhound|move: Stealth Rock\n|\n|upkeep\n|turn|3\n|\n|t:|1769802549\n|move|p2a: Articuno|Freeze-Dry|p1a: Rhydon\n|-supereffective|p1a: Rhydon\n|-damage|p1a: Rhydon|99/317\n|move|p1a: Rhydon|Stone Edge|p2a: Articuno|[miss]\n|-miss|p1a: Rhydon|p2a: Articuno\n|\n|upkeep\n|turn|4\n|\n|t:|1769802557\n|move|p2a: Articuno|Freeze-Dry|p1a: Rhydon\n|-supereffective|p1a: Rhydon\n|-damage|p1a: Rhydon|0 fnt\n|faint|p1a: Rhydon\n|\n|upkeep\n|\n|t:|1769802560\n|switch|p1a: Porygon2|Porygon2, L82|274/274\n|-ability|p1a: Porygon2|Pressure|Trace|[from] ability: Trace|[of] p2a: Articuno\n|-ability|p1a: Porygon2|Pressure\n|turn|5\n|\n|t:|1769802566\n|move|p2a: Articuno|Toxic|p1a: Porygon2\n|-status|p1a: Porygon2|tox\n|move|p1a: Porygon2|Tri Attack|p2a: Articuno\n|-damage|p2a: Articuno|231/291\n|\n|-heal|p2a: Articuno|249/291|[from] item: Leftovers\n|-damage|p1a: Porygon2|257/274 tox|[from] psn\n|upkeep\n|turn|6\n|\n|t:|1769802585\n|move|p2a: Articuno|Hurricane|p1a: Porygon2|[miss]\n|-miss|p2a: Articuno|p1a: Porygon2\n|move|p1a: Porygon2|Discharge|p2a: Articuno\n|-supereffective|p2a: Articuno\n|-damage|p2a: Articuno|161/291\n|\n|-heal|p2a: Articuno|179/291|[from] item: Leftovers\n|-damage|p1a: Porygon2|223/274 tox|[from] psn\n|upkeep\n|turn|7\n|\n|t:|1769802594\n|move|p2a: Articuno|Roost|p2a: Articuno\n|-heal|p2a: Articuno|291/291\n|-singleturn|p2a: Articuno|move: Roost\n|move|p1a: Porygon2|Discharge|p2a: Articuno\n|-damage|p2a: Articuno|248/291\n|\n|-heal|p2a: Articuno|266/291|[from] item: Leftovers\n|-damage|p1a: Porygon2|172/274 tox|[from] psn\n|upkeep\n|turn|8\n|\n|t:|1769802604\n|move|p2a: Articuno|Hurricane|p1a: Porygon2\n|-damage|p1a: Porygon2|102/274 tox\n|move|p1a: Porygon2|Discharge|p2a: Articuno\n|-supereffective|p2a: Articuno\n|-damage|p2a: Articuno|174/291\n|\n|-heal|p2a: Articuno|192/291|[from] item: Leftovers\n|-damage|p1a: Porygon2|34/274 tox|[from] psn\n|upkeep\n|turn|9\n|\n|t:|1769802613\n|move|p2a: Articuno|Freeze-Dry|p1a: Porygon2\n|-damage|p1a: Porygon2|0 fnt\n|faint|p1a: Porygon2\n|\n|-heal|p2a: Articuno|210/291|[from] item: Leftovers\n|upkeep\n|\n|t:|1769802617\n|switch|p1a: Zeraora|Zeraora, L77|262/262\n|turn|10\n|\n|t:|1769802622\n|switch|p2a: Diggersby|Diggersby, L82, M|274/274\n|-damage|p2a: Diggersby|257/274|[from] Stealth Rock\n|move|p1a: Zeraora|Taunt|p2a: Diggersby\n|-start|p2a: Diggersby|move: Taunt\n|\n|upkeep\n|turn|11\n|\n|t:|1769802630\n|move|p1a: Zeraora|Close Combat|p2a: Diggersby\n|-supereffective|p2a: Diggersby\n|-damage|p2a: Diggersby|13/274\n|-unboost|p1a: Zeraora|def|1\n|-unboost|p1a: Zeraora|spd|1\n|-damage|p1a: Zeraora|236/262|[from] item: Life Orb\n|move|p2a: Diggersby|U-turn|p1a: Zeraora\n|-damage|p1a: Zeraora|57/262\n|\n|t:|1769802641\n|switch|p2a: Comfey|Comfey, L87, F|230/230|[from] U-turn\n|-damage|p2a: Comfey|202/230|[from] Stealth Rock\n|\n|upkeep\n|turn|12\n|\n|t:|1769802649\n|switch|p1a: Parasect|Parasect, L99, M|279/279\n|move|p2a: Comfey|Draining Kiss|p1a: Parasect\n|-damage|p1a: Parasect|217/279\n|-heal|p2a: Comfey|230/230|[from] drain|[of] p1a: Parasect\n|-damage|p2a: Comfey|207/230|[from] item: Life Orb\n|\n|-heal|p1a: Parasect|234/279|[from] item: Leftovers\n|upkeep\n|turn|13\n|\n|t:|1769802661\n|switch|p2a: Diggersby|Diggersby, L82, M|13/274\n|-damage|p2a: Diggersby|0 fnt|[from] Stealth Rock\n|faint|p2a: Diggersby\n|move|p1a: Parasect|Spore|p2: Diggersby|[notarget]\n|-fail|p1a: Parasect\n|\n|-heal|p1a: Parasect|251/279|[from] item: Leftovers\n|upkeep\n|\n|t:|1769802669\n|switch|p2a: Articuno|Articuno, L85|210/291\n|-damage|p2a: Articuno|65/291|[from] Stealth Rock\n|-ability|p2a: Articuno|Pressure\n|turn|14\n|\n|t:|1769802674\n|move|p2a: Articuno|Freeze-Dry|p1a: Parasect\n|-supereffective|p1a: Parasect\n|-crit|p1a: Parasect\n|-damage|p1a: Parasect|57/279\n|move|p1a: Parasect|Spore|p2a: Articuno\n|-status|p2a: Articuno|slp|[from] move: Spore\n|\n|-heal|p2a: Articuno|83/291 slp|[from] item: Leftovers\n|-heal|p1a: Parasect|74/279|[from] item: Leftovers\n|upkeep\n|turn|15\n|\n|t:|1769802686\n|switch|p2a: Suicune|Suicune, L82|298/298\n|-damage|p2a: Suicune|261/298|[from] Stealth Rock\n|-ability|p2a: Suicune|Pressure\n|move|p1a: Parasect|Leech Life|p2a: Suicune\n|-damage|p2a: Suicune|162/298\n|-heal|p1a: Parasect|124/279|[from] drain|[of] p2a: Suicune\n|\n|-heal|p1a: Parasect|141/279|[from] item: Leftovers\n|upkeep\n|turn|16\n|\n|t:|1769802697\n|move|p2a: Suicune|Ice Beam|p1a: Parasect\n|-supereffective|p1a: Parasect\n|-damage|p1a: Parasect|29/279\n|move|p1a: Parasect|Seed Bomb|p2a: Suicune\n|-supereffective|p2a: Suicune\n|-damage|p2a: Suicune|0 fnt\n|faint|p2a: Suicune\n|\n|-heal|p1a: Parasect|46/279|[from] item: Leftovers\n|upkeep\n|\n|t:|1769802706\n|switch|p2a: Comfey|Comfey, L87, F|207/230\n|-damage|p2a: Comfey|179/230|[from] Stealth Rock\n|turn|17\n|\n|t:|1769802711\n|move|p2a: Comfey|Draining Kiss|p1a: Parasect\n|-damage|p1a: Parasect|0 fnt\n|-heal|p2a: Comfey|214/230|[from] drain|[of] p1a: Parasect\n|faint|p1a: Parasect\n|-damage|p2a: Comfey|191/230|[from] item: Life Orb\n|\n|upkeep\n|\n|t:|1769802714\n|switch|p1a: Dodrio|Dodrio, L82, M|233/233\n|turn|18\n|\n|t:|1769802723\n|move|p2a: Comfey|Draining Kiss|p1a: Dodrio\n|-damage|p1a: Dodrio|154/233\n|-heal|p2a: Comfey|230/230|[from] drain|[of] p1a: Dodrio\n|-damage|p2a: Comfey|207/230|[from] item: Life Orb\n|move|p1a: Dodrio|Swords Dance|p1a: Dodrio\n|-boost|p1a: Dodrio|atk|2\n|\n|upkeep\n|turn|19\n|\n|t:|1769802730\n|switch|p2a: Articuno|Articuno, L85|83/291 slp\n|-damage|p2a: Articuno|0 fnt|[from] Stealth Rock\n|faint|p2a: Articuno\n|move|p1a: Dodrio|Brave Bird|p2: Articuno|[notarget]\n|-fail|p1a: Dodrio\n|\n|upkeep\n|\n|t:|1769802736\n|switch|p2a: Tyrantrum|Tyrantrum, L81, M|265/265\n|-damage|p2a: Tyrantrum|232/265|[from] Stealth Rock\n|turn|20\n|\n|t:|1769802742\n|move|p1a: Dodrio|Jump Kick|p2a: Tyrantrum\n|-supereffective|p2a: Tyrantrum\n|-damage|p2a: Tyrantrum|0 fnt\n|faint|p2a: Tyrantrum\n|-damage|p1a: Dodrio|131/233|[from] item: Life Orb\n|\n|upkeep\n|\n|t:|1769802750\n|switch|p2a: Comfey|Comfey, L87, F|207/230\n|-damage|p2a: Comfey|179/230|[from] Stealth Rock\n|turn|21\n|\n|t:|1769802766\n|switch|p2a: Chansey|Chansey, L85, F|564/564\n|-damage|p2a: Chansey|494/564|[from] Stealth Rock\n|move|p1a: Dodrio|Brave Bird|p2a: Chansey\n|-damage|p2a: Chansey|0 fnt\n|faint|p2a: Chansey\n|-damage|p1a: Dodrio|0 fnt|[from] Recoil\n|faint|p1a: Dodrio\n|\n|upkeep\n|\n|t:|1769802778\n|switch|p1a: Zeraora|Zeraora, L77|57/262\n|switch|p2a: Comfey|Comfey, L87, F|179/230\n|-damage|p2a: Comfey|151/230|[from] Stealth Rock\n|turn|22\n|\n|t:|1769802784\n|move|p2a: Comfey|Draining Kiss|p1a: Zeraora\n|-crit|p1a: Zeraora\n|-damage|p1a: Zeraora|0 fnt\n|-heal|p2a: Comfey|194/230|[from] drain|[of] p1a: Zeraora\n|faint|p1a: Zeraora\n|-damage|p2a: Comfey|171/230|[from] item: Life Orb\n|\n|upkeep\n|\n|t:|1769802786\n|switch|p1a: Hitmonlee|Hitmonlee, L86, M|226/226\n|turn|23\n|inactive|La.Hellhound has 120 seconds left.\n|\n|t:|1769802823\n|move|p2a: Comfey|Draining Kiss|p1a: Hitmonlee\n|-supereffective|p1a: Hitmonlee\n|-damage|p1a: Hitmonlee|117/226\n|-heal|p2a: Comfey|230/230|[from] drain|[of] p1a: Hitmonlee\n|-damage|p2a: Comfey|207/230|[from] item: Life Orb\n|move|p1a: Hitmonlee|Curse|p1a: Hitmonlee\n|-unboost|p1a: Hitmonlee|spe|1\n|-boost|p1a: Hitmonlee|atk|1\n|-boost|p1a: Hitmonlee|def|1\n|-enditem|p1a: Hitmonlee|White Herb\n|-clearnegativeboost|p1a: Hitmonlee|[silent]\n|\n|upkeep\n|turn|24\n|inactive|La.Hellhound has 120 seconds left.\n|\n|t:|1769802834\n|move|p2a: Comfey|Draining Kiss|p1a: Hitmonlee\n|-supereffective|p1a: Hitmonlee\n|-damage|p1a: Hitmonlee|16/226\n|-heal|p2a: Comfey|230/230|[from] drain|[of] p1a: Hitmonlee\n|-damage|p2a: Comfey|207/230|[from] item: Life Orb\n|move|p1a: Hitmonlee|Stone Edge|p2a: Comfey\n|-damage|p2a: Comfey|92/230\n|\n|upkeep\n|turn|25\n|inactive|La.Hellhound has 120 seconds left.\n|\n|t:|1769802842\n|move|p2a: Comfey|Draining Kiss|p1a: Hitmonlee\n|-supereffective|p1a: Hitmonlee\n|-damage|p1a: Hitmonlee|0 fnt\n|-heal|p2a: Comfey|104/230|[from] drain|[of] p1a: Hitmonlee\n|faint|p1a: Hitmonlee\n|-damage|p2a: Comfey|81/230|[from] item: Life Orb\n|\n|win|La.Hellhound\n|raw|josuelm21's rating: 1553 &rarr; <strong>1541</strong><br />(-12 for losing)\n|raw|La.Hellhound's rating: 1707 &rarr; <strong>1719</strong><br />(+12 for winning)\n|l|☆josuelm21\n|player|p1|\n", "inputlog": ">version b99ff0165a6231f17e8b78c2a78d1998375de664\n>start {\"formatid\":\"gen7randombattle\",\"seed\":\"sodium,e1043d51aeb3d426631b483761223b6c\",\"rated\":\"Rated battle\"}\n>player p1 {\"name\":\"josuelm21\",\"avatar\":\"giovanni\",\"rating\":1553,\"seed\":\"sodium,93d2c8f463e4d5bc0949cc6c4449611b\"}\n>player p2 {\"name\":\"La.Hellhound\",\"avatar\":\"bruno\",\"rating\":1707,\"seed\":\"sodium,e3975e89f758b86d9b67265d66437766\"}\n>p1 switch 4\n>p2 move headsmash\n>p1 move stealthrock\n>p2 switch 3\n>p1 move stoneedge\n>p2 move freezedry\n>p1 move stoneedge\n>p2 move freezedry\n>p1 switch 5\n>p1 move triattack\n>p2 move toxic\n>p1 move discharge\n>p2 move hurricane\n>p1 move discharge\n>p2 move roost\n>p1 move discharge\n>p2 move hurricane\n>p1 move triattack\n>p2 move freezedry\n>p1 switch 6\n>p1 move taunt\n>p2 switch 4\n>p1 move closecombat\n>p2 move uturn\n>p2 switch 2\n>p1 switch 4\n>p2 move drainingkiss\n>p1 move spore\n>p2 switch 2\n>p2 switch 4\n>p1 move spore\n>p2 move freezedry\n>p1 move leechlife\n>p2 switch 6\n>p1 move seedbomb\n>p2 move icebeam\n>p2 switch 2\n>p1 move leechlife\n>p2 move drainingkiss\n>p1 switch 2\n>p1 move swordsdance\n>p2 move drainingkiss\n>p1 move bravebird\n>p2 switch 6\n>p2 switch 3\n>p1 move jumpkick\n>p2 move outrage\n>p2 switch 6\n>p1 move bravebird\n>p2 switch 5\n>p1 switch 4\n>p2 switch 5\n>p1 move taunt\n>p2 move drainingkiss\n>p1 switch 3\n>p1 move curse\n>p2 move drainingkiss\n>p1 move stoneedge\n>p2 move drainingkiss\n>p1 move stoneedge\n>p2 move drainingkiss", "uploadtime": 1769802852, "views": 178, "formatid": "gen7randombattle", "rating": 1541, "private": 0, "password": null}