{"id": "gen7randombattle-2534016174", "format": "[Gen 7] Random Battle", "players": ["scw5766", "aurora ltd"], "log": "|j|☆scw5766\n|j|☆aurora ltd\n|t:|1770376771\n|gametype|singles\n|player|p1|scw5766|pokemonranger-gen4|1531\n|player|p2|aurora ltd|silver-gen2kanto|1479\n|gen|7\n|tier|[Gen 7] Random Battle\n|rated|\n|rule|Sleep Clause Mod: Limit one foe put to sleep\n|rule|HP Percentage Mod: HP is shown in percentages\n|rule|Illusion Level Mod: Illusion disguises the Pokémon's true level\n|\n|t:|1770376771\n|teamsize|p1|6\n|teamsize|p2|6\n|start\n|switch|p1a: Silvally|Silvally-Psychic, L87|307/307\n|switch|p2a: Barbaracle|Barbaracle, L81, F|249/249\n|turn|1\n|inactive|Battle timer is ON: inactive players will automatically lose when time's up. (requested by scw5766)\n|inactive|aurora ltd has 120 seconds left.\n|inactive|scw5766 has 120 seconds left.\n|\n|t:|1770376823\n|move|p1a: Silvally|Parting Shot|p2a: Barbaracle\n|-unboost|p2a: Barbaracle|atk|1\n|-unboost|p2a: Barbaracle|spa|1\n|-enditem|p2a: Barbaracle|White Herb\n|-clearnegativeboost|p2a: Barbaracle|[silent]\n|inactive|scw5766 has 120 seconds left.\n|\n|t:|1770376855\n|switch|p1a: Golem|Golem, L86, F|278/278|[from] Parting Shot\n|move|p2a: Barbaracle|Shell Smash|p2a: Barbaracle\n|-unboost|p2a: Barbaracle|def|1\n|-unboost|p2a: Barbaracle|spd|1\n|-boost|p2a: Barbaracle|atk|2\n|-boost|p2a: Barbaracle|spa|2\n|-boost|p2a: Barbaracle|spe|2\n|\n|upkeep\n|turn|2\n|\n|t:|1770376871\n|move|p2a: Barbaracle|Liquidation|p1a: Golem\n|-supereffective|p1a: Golem\n|-ability|p1a: Golem|Sturdy\n|-damage|p1a: Golem|1/278\n|move|p1a: Golem|Earthquake|p2a: Barbaracle\n|-supereffective|p2a: Barbaracle\n|-damage|p2a: Barbaracle|0 fnt\n|faint|p2a: Barbaracle\n|\n|-heal|p1a: Golem|18/278|[from] item: Leftovers\n|upkeep\n|inactive|aurora ltd has 120 seconds left.\n|\n|t:|1770376895\n|switch|p2a: Mothim|Mothim, L93, M|281/281\n|turn|3\n|\n|t:|1770376914\n|move|p2a: Mothim|Energy Ball|p1a: Golem\n|-supereffective|p1a: Golem\n|-damage|p1a: Golem|0 fnt\n|faint|p1a: Golem\n|\n|upkeep\n|\n|t:|1770376922\n|switch|p1a: Stantler|Stantler, L92, F|284/284\n|-ability|p1a: Stantler|Intimidate|boost\n|-unboost|p2a: Mothim|atk|1\n|turn|4\n|l|☆scw5766\n|inactive|scw5766 disconnected and has a minute to reconnect!\n|player|p1|\n|inactive|aurora ltd has 120 seconds left.\n|j|☆scw5766\n|inactive|scw5766 reconnected.\n|player|p1|scw5766|pokemonranger-gen4|\n|\n|t:|1770376951\n|switch|p2a: Watchog|Watchog, L96, F|271/271\n|move|p1a: Stantler|Double-Edge|p2a: Watchog\n|-damage|p2a: Watchog|79/271\n|-damage|p1a: Stantler|221/284|[from] Recoil\n|-damage|p1a: Stantler|193/284|[from] item: Life Orb\n|\n|upkeep\n|turn|5\n|inactive|aurora ltd has 120 seconds left.\n|\n|t:|1770376963\n|move|p1a: Stantler|Double-Edge|p2a: Watchog\n|-damage|p2a: Watchog|0 fnt\n|faint|p2a: Watchog\n|-damage|p1a: Stantler|167/284|[from] Recoil\n|-damage|p1a: Stantler|139/284|[from] item: Life Orb\n|\n|upkeep\n|inactive|aurora ltd has 120 seconds left.\n|\n|t:|1770376975\n|switch|p2a: Grumpig|Grumpig, L93, M|300/300\n|turn|6\n|inactive|aurora ltd has 120 seconds left.\n|\n|t:|1770376989\n|move|p1a: Stantler|Throat Chop|p2a: Grumpig\n|-supereffective|p2a: Grumpig\n|-damage|p2a: Grumpig|113/300\n|-start|p2a: Grumpig|Throat Chop|[silent]\n|-enditem|p2a: Grumpig|Mago Berry|[eat]\n|-heal|p2a: Grumpig|263/300|[from] item: Mago Berry\n|-damage|p1a: Stantler|111/284|[from] item: Life Orb\n|move|p2a: Grumpig|Focus Blast|p1a: Stantler|[miss]\n|-miss|p2a: Grumpig|p1a: Stantler\n|\n|upkeep\n|turn|7\n|inactive|aurora ltd has 120 seconds left.\n|\n|t:|1770377001\n|move|p1a: Stantler|Thunder Wave|p2a: Grumpig\n|-status|p2a: Grumpig|par\n|move|p2a: Grumpig|Focus Blast|p1a: Stantler\n|-supereffective|p1a: Stantler\n|-damage|p1a: Stantler|0 fnt\n|faint|p1a: Stantler\n|\n|-end|p2a: Grumpig|Throat Chop|[silent]\n|upkeep\n|\n|t:|1770377009\n|switch|p1a: Vivillon|Vivillon-Continental, L85, M|275/275\n|turn|8\n|inactive|aurora ltd has 120 seconds left.\n|\n|t:|1770377023\n|move|p1a: Vivillon|Quiver Dance|p1a: Vivillon\n|-boost|p1a: Vivillon|spa|1\n|-boost|p1a: Vivillon|spd|1\n|-boost|p1a: Vivillon|spe|1\n|move|p2a: Grumpig|Psyshock|p1a: Vivillon\n|-damage|p1a: Vivillon|131/275\n|\n|-heal|p1a: Vivillon|148/275|[from] item: Leftovers\n|upkeep\n|turn|9\n|\n|t:|1770377039\n|move|p1a: Vivillon|Bug Buzz|p2a: Grumpig\n|-supereffective|p2a: Grumpig\n|-damage|p2a: Grumpig|63/300 par\n|-unboost|p2a: Grumpig|spd|1\n|move|p2a: Grumpig|Psyshock|p1a: Vivillon\n|-crit|p1a: Vivillon\n|-damage|p1a: Vivillon|0 fnt\n|faint|p1a: Vivillon\n|\n|upkeep\n|\n|t:|1770377047\n|switch|p1a: Silvally|Silvally-Psychic, L87|307/307\n|turn|10\n|\n|t:|1770377064\n|move|p1a: Silvally|Multi-Attack|p2a: Grumpig\n|-resisted|p2a: Grumpig\n|-damage|p2a: Grumpig|5/300 par\n|move|p2a: Grumpig|Recycle|p2a: Grumpig\n|-item|p2a: Grumpig|Mago Berry|[from] move: Recycle\n|-enditem|p2a: Grumpig|Mago Berry|[eat]\n|-heal|p2a: Grumpig|155/300 par|[from] item: Mago Berry\n|\n|upkeep\n|turn|11\n|inactive|scw5766 has 120 seconds left.\n|\n|t:|1770377109\n|move|p1a: Silvally|Parting Shot|p2a: Grumpig\n|-unboost|p2a: Grumpig|atk|1\n|-unboost|p2a: Grumpig|spa|1\n|\n|t:|1770377120\n|switch|p1a: Mamoswine|Mamoswine, L79, F|303/303|[from] Parting Shot\n|move|p2a: Grumpig|Recycle|p2a: Grumpig\n|-item|p2a: Grumpig|Mago Berry|[from] move: Recycle\n|\n|upkeep\n|turn|12\n|\n|t:|1770377142\n|move|p1a: Mamoswine|Icicle Crash|p2a: Grumpig\n|-damage|p2a: Grumpig|0 fnt\n|faint|p2a: Grumpig\n|\n|upkeep\n|inactive|aurora ltd has 120 seconds left.\n|\n|t:|1770377152\n|switch|p2a: Seviper|Seviper, L94, F|290/290\n|turn|13\n|inactive|aurora ltd has 120 seconds left.\n|\n|t:|1770377187\n|switch|p1a: Amoonguss|Amoonguss, L83, M|325/325\n|move|p2a: Seviper|Swords Dance|p2a: Seviper\n|-boost|p2a: Seviper|atk|2\n|\n|upkeep\n|turn|14\n|inactive|aurora ltd has 90 seconds left.\n|\n|t:|1770377220\n|move|p2a: Seviper|Poison Jab|p1a: Amoonguss\n|-damage|p1a: Amoonguss|0 fnt\n|faint|p1a: Amoonguss\n|-damage|p2a: Seviper|261/290|[from] item: Life Orb\n|\n|upkeep\n|inactive|scw5766 has 120 seconds left.\n|\n|t:|1770377232\n|switch|p1a: Silvally|Silvally-Psychic, L87|307/307\n|turn|15\n|\n|t:|1770377254\n|move|p2a: Seviper|Sucker Punch|p1a: Silvally\n|-supereffective|p1a: Silvally\n|-damage|p1a: Silvally|8/307\n|-damage|p2a: Seviper|232/290|[from] item: Life Orb\n|move|p1a: Silvally|Multi-Attack|p2a: Seviper\n|-supereffective|p2a: Seviper\n|-damage|p2a: Seviper|0 fnt\n|faint|p2a: Seviper\n|\n|upkeep\n|\n|t:|1770377265\n|switch|p2a: Heliolisk|Heliolisk, L85, M|244/244\n|turn|16\n|\n|t:|1770377283\n|move|p2a: Heliolisk|Dark Pulse|p1a: Silvally\n|-supereffective|p1a: Silvally\n|-crit|p1a: Silvally\n|-damage|p1a: Silvally|0 fnt\n|faint|p1a: Silvally\n|-damage|p2a: Heliolisk|220/244|[from] item: Life Orb\n|\n|upkeep\n|\n|t:|1770377288\n|switch|p1a: Mamoswine|Mamoswine, L79, F|303/303\n|turn|17\n|\n|t:|1770377297\n|move|p2a: Heliolisk|Hyper Voice|p1a: Mamoswine\n|-damage|p1a: Mamoswine|108/303\n|-damage|p2a: Heliolisk|196/244|[from] item: Life Orb\n|move|p1a: Mamoswine|Icicle Crash|p2a: Heliolisk\n|-damage|p2a: Heliolisk|0 fnt\n|faint|p2a: Heliolisk\n|\n|upkeep\n|\n|t:|1770377304\n|switch|p2a: Mothim|Mothim, L93, M|281/281\n|turn|18\n|\n|t:|1770377312\n|-zpower|p2a: Mothim\n|move|p2a: Mothim|Savage Spin-Out|p1a: Mamoswine|[zeffect]\n|-damage|p1a: Mamoswine|0 fnt\n|faint|p1a: Mamoswine\n|\n|win|aurora ltd\n|raw|scw5766's rating: 1531 &rarr; <strong>1508</strong><br />(-23 for losing)\n|raw|aurora ltd's rating: 1479 &rarr; <strong>1502</strong><br />(+23 for winning)\n", "inputlog": ">version ccdc32dd7cde25fd9e4bed64820e885f66e78a4e\n>start {\"formatid\":\"gen7randombattle\",\"seed\":\"sodium,fd96e0c268c82cfb73fdb2267d28a8a0\",\"rated\":\"Rated battle\"}\n>player p1 {\"name\":\"scw5766\",\"avatar\":\"pokemonranger-gen4\",\"rating\":1531,\"seed\":\"sodium,d6947c1789827386b5076c3a436ea55b\"}\n>player p2 {\"name\":\"aurora ltd\",\"avatar\":\"silver-gen2kanto\",\"rating\":1479,\"seed\":\"sodium,09f6ba6d1d563fc85ae0b027a380bea7\"}\n>p1 move partingshot\n>p2 move shellsmash\n>p1 switch 3\n>p1 move earthquake\n>p2 move liquidation\n>p2 switch 3\n>p1 move stoneedge\n>p2 move energyball\n>p1 switch 5\n>p1 move doubleedge\n>p2 switch 2\n>p1 move doubleedge\n>p2 move return\n>p2 switch 5\n>p1 move throatchop\n>p2 move focusblast\n>p1 move thunderwave\n>p2 move focusblast\n>p1 switch 6\n>p1 move quiverdance\n>p2 move psyshock\n>p1 move bugbuzz\n>p2 move psyshock\n>p1 switch 3\n>p1 move multiattack\n>p2 move recycle\n>p1 move partingshot\n>p2 move recycle\n>p1 switch 4\n>p1 move iciclecrash\n>p2 move focusblast\n>p2 switch 6\n>p1 switch 2\n>p2 move swordsdance\n>p1 move spore\n>p2 move poisonjab\n>p1 switch 4\n>p1 move multiattack\n>p2 move suckerpunch\n>p2 switch 4\n>p1 move partingshot\n>p2 move darkpulse\n>p1 switch 2\n>p1 move iciclecrash\n>p2 move hypervoice\n>p2 switch 2\n>p1 move iciclecrash\n>p2 move bugbuzz zmove", "uploadtime": 1770377335, "views": 215, "formatid": "gen7randombattle", "rating": 1502, "private": 0, "password": null}