{"id": "gen7randombattle-2539424573", "format": "[Gen 7] Random Battle", "players": ["Defeat Brawler", "aurora ltd"], "log": "|j|☆Defeat Brawler\n|j|☆aurora ltd\n|t:|1771055841\n|gametype|singles\n|player|p1|Defeat Brawler|molayne|1686\n|player|p2|aurora ltd|1|1618\n|gen|7\n|tier|[Gen 7] Random Battle\n|rated|\n|rule|Sleep Clause Mod: Limit one foe put to sleep\n|rule|HP Percentage Mod: HP is shown in percentages\n|rule|Illusion Level Mod: Illusion disguises the Pokémon's true level\n|\n|t:|1771055841\n|teamsize|p1|6\n|teamsize|p2|6\n|start\n|switch|p1a: Arbok|Arbok, L90, F|254/254\n|switch|p2a: Mawile|Mawile, L78, M|206/206\n|-ability|p2a: Mawile|Intimidate|boost\n|-unboost|p1a: Arbok|atk|1\n|turn|1\n|inactive|Battle timer is ON: inactive players will automatically lose when time's up. (requested by Defeat Brawler)\n|inactive|aurora ltd has 120 seconds left.\n|\n|t:|1771055873\n|detailschange|p2a: Mawile|Mawile-Mega, L78, M\n|-mega|p2a: Mawile|Mawile|Mawilite\n|move|p1a: Arbok|Coil|p1a: Arbok\n|-boost|p1a: Arbok|atk|1\n|-boost|p1a: Arbok|def|1\n|-boost|p1a: Arbok|accuracy|1\n|move|p2a: Mawile|Iron Head|p1a: Arbok\n|-damage|p1a: Arbok|131/254\n|\n|-heal|p1a: Arbok|146/254|[from] item: Black Sludge\n|upkeep\n|turn|2\n|\n|t:|1771055883\n|move|p1a: Arbok|Earthquake|p2a: Mawile\n|-supereffective|p2a: Mawile\n|-damage|p2a: Mawile|68/206\n|move|p2a: Mawile|Iron Head|p1a: Arbok\n|-damage|p1a: Arbok|32/254\n|\n|-heal|p1a: Arbok|47/254|[from] item: Black Sludge\n|upkeep\n|turn|3\n|\n|t:|1771055890\n|move|p1a: Arbok|Rest|p1a: Arbok\n|-status|p1a: Arbok|slp|[from] move: Rest\n|-heal|p1a: Arbok|254/254 slp|[silent]\n|move|p2a: Mawile|Iron Head|p1a: Arbok\n|-damage|p1a: Arbok|143/254 slp\n|\n|-heal|p1a: Arbok|158/254 slp|[from] item: Black Sludge\n|upkeep\n|turn|4\n|\n|t:|1771055902\n|cant|p1a: Arbok|slp\n|move|p2a: Mawile|Iron Head|p1a: Arbok\n|-damage|p1a: Arbok|44/254 slp\n|\n|-heal|p1a: Arbok|59/254 slp|[from] item: Black Sludge\n|upkeep\n|turn|5\n|\n|t:|1771055908\n|cant|p1a: Arbok|slp\n|move|p2a: Mawile|Iron Head|p1a: Arbok\n|-damage|p1a: Arbok|0 fnt\n|faint|p1a: Arbok\n|\n|upkeep\n|\n|t:|1771055918\n|switch|p1a: Sharpedo|Sharpedo, L82, M|249/249\n|turn|6\n|\n|t:|1771055943\n|move|p1a: Sharpedo|Waterfall|p2a: Mawile\n|-damage|p2a: Mawile|0 fnt\n|faint|p2a: Mawile\n|detailschange|p2: Mawile|Mawile, L78, M|[silent]\n|\n|-ability|p1a: Sharpedo|Speed Boost|boost\n|-boost|p1a: Sharpedo|spe|1\n|upkeep\n|inactive|aurora ltd has 120 seconds left.\n|\n|t:|1771055962\n|switch|p2a: Hitmonchan|Hitmonchan, L87, M|229/229\n|turn|7\n|inactive|aurora ltd has 120 seconds left.\n|\n|t:|1771055976\n|switch|p1a: Clefable|Clefable, L83, F|293/293\n|move|p2a: Hitmonchan|Mach Punch|p1a: Clefable\n|-resisted|p1a: Clefable\n|-damage|p1a: Clefable|258/293\n|\n|upkeep\n|turn|8\n|inactive|aurora ltd has 120 seconds left.\n|\n|t:|1771056003\n|switch|p2a: Gligar|Gligar, L82, M|241/241\n|move|p1a: Clefable|Stealth Rock|p2a: Gligar\n|-sidestart|p2: aurora ltd|move: Stealth Rock\n|\n|upkeep\n|turn|9\n|\n|t:|1771056023\n|move|p2a: Gligar|Toxic|p1a: Clefable\n|-status|p1a: Clefable|tox\n|move|p1a: Clefable|Knock Off|p2a: Gligar\n|-damage|p2a: Gligar|199/241\n|-enditem|p2a: Gligar|Eviolite|[from] move: Knock Off|[of] p1a: Clefable\n|\n|upkeep\n|turn|10\n|\n|t:|1771056040\n|move|p2a: Gligar|Earthquake|p1a: Clefable\n|-damage|p1a: Clefable|167/293 tox\n|move|p1a: Clefable|Moonblast|p2a: Gligar\n|-damage|p2a: Gligar|26/241\n|-unboost|p2a: Gligar|spa|1\n|\n|upkeep\n|turn|11\n|\n|t:|1771056049\n|move|p2a: Gligar|Earthquake|p1a: Clefable\n|-crit|p1a: Clefable\n|-damage|p1a: Clefable|17/293 tox\n|move|p1a: Clefable|Soft-Boiled|p1a: Clefable\n|-heal|p1a: Clefable|164/293 tox\n|\n|upkeep\n|turn|12\n|\n|t:|1771056062\n|move|p2a: Gligar|U-turn|p1a: Clefable\n|-resisted|p1a: Clefable\n|-damage|p1a: Clefable|143/293 tox\n|\n|t:|1771056071\n|switch|p2a: Kabutops|Kabutops, L87, M|246/246|[from] U-turn\n|-damage|p2a: Kabutops|216/246|[from] Stealth Rock\n|move|p1a: Clefable|Soft-Boiled|p1a: Clefable\n|-heal|p1a: Clefable|290/293 tox\n|\n|upkeep\n|turn|13\n|\n|t:|1771056094\n|move|p2a: Kabutops|Swords Dance|p2a: Kabutops\n|-boost|p2a: Kabutops|atk|2\n|move|p1a: Clefable|Moonblast|p2a: Kabutops\n|-damage|p2a: Kabutops|68/246\n|\n|upkeep\n|turn|14\n|\n|t:|1771056120\n|-zpower|p2a: Kabutops\n|move|p2a: Kabutops|Continental Crush|p1a: Clefable|[zeffect]\n|-damage|p1a: Clefable|0 fnt\n|faint|p1a: Clefable\n|\n|upkeep\n|\n|t:|1771056130\n|switch|p1a: Floatzel|Floatzel, L86, M|286/286\n|turn|15\n|\n|t:|1771056137\n|move|p1a: Floatzel|Liquidation|p2a: Kabutops\n|-damage|p2a: Kabutops|0 fnt\n|faint|p2a: Kabutops\n|\n|upkeep\n|\n|t:|1771056151\n|switch|p2a: Kyurem|Kyurem-Black, L77|319/319\n|-damage|p2a: Kyurem|240/319|[from] Stealth Rock\n|-ability|p2a: Kyurem|Teravolt\n|turn|16\n|\n|t:|1771056159\n|-zpower|p1a: Floatzel\n|move|p1a: Floatzel|All-Out Pummeling|p2a: Kyurem|[zeffect]\n|-supereffective|p2a: Kyurem\n|-damage|p2a: Kyurem|0 fnt\n|faint|p2a: Kyurem\n|\n|upkeep\n|\n|t:|1771056171\n|switch|p2a: Lickilicky|Lickilicky, L89, M|341/341\n|-damage|p2a: Lickilicky|299/341|[from] Stealth Rock\n|-ability|p2a: Lickilicky|Cloud Nine\n|turn|17\n|inactive|aurora ltd has 90 seconds left.\n|\n|t:|1771056199\n|move|p1a: Floatzel|Bulk Up|p1a: Floatzel\n|-boost|p1a: Floatzel|atk|1\n|-boost|p1a: Floatzel|def|1\n|move|p2a: Lickilicky|Explosion|p1a: Floatzel\n|-damage|p1a: Floatzel|58/286\n|faint|p2a: Lickilicky\n|\n|upkeep\n|inactive|aurora ltd has 90 seconds left.\n|\n|t:|1771056206\n|switch|p2a: Hitmonchan|Hitmonchan, L87, M|229/229\n|-damage|p2a: Hitmonchan|215/229|[from] Stealth Rock\n|turn|18\n|\n|t:|1771056212\n|move|p1a: Floatzel|Liquidation|p2a: Hitmonchan\n|-damage|p2a: Hitmonchan|47/229\n|-unboost|p2a: Hitmonchan|def|1\n|move|p2a: Hitmonchan|Drain Punch|p1a: Floatzel\n|-damage|p1a: Floatzel|0 fnt\n|-heal|p2a: Hitmonchan|76/229|[from] drain|[of] p1a: Floatzel\n|faint|p1a: Floatzel\n|\n|upkeep\n|\n|t:|1771056219\n|switch|p1a: Serperior|Serperior, L80, F|251/251\n|turn|19\n|\n|t:|1771056224\n|move|p1a: Serperior|Leaf Storm|p2a: Hitmonchan\n|-damage|p2a: Hitmonchan|15/229\n|-boost|p1a: Serperior|spa|2\n|move|p2a: Hitmonchan|Ice Punch|p1a: Serperior\n|-supereffective|p1a: Serperior\n|-damage|p1a: Serperior|107/251\n|\n|-heal|p1a: Serperior|122/251|[from] item: Leftovers\n|upkeep\n|turn|20\n|\n|t:|1771056239\n|move|p1a: Serperior|Dragon Pulse|p2a: Hitmonchan\n|-damage|p2a: Hitmonchan|0 fnt\n|faint|p2a: Hitmonchan\n|\n|-heal|p1a: Serperior|137/251|[from] item: Leftovers\n|upkeep\n|\n|t:|1771056244\n|switch|p2a: Gligar|Gligar, L82, M|26/241\n|-damage|p2a: Gligar|0 fnt|[from] Stealth Rock\n|faint|p2a: Gligar\n|\n|win|Defeat Brawler\n|raw|Defeat Brawler's rating: 1686 &rarr; <strong>1702</strong><br />(+16 for winning)\n|raw|aurora ltd's rating: 1618 &rarr; <strong>1602</strong><br />(-16 for losing)\n|c|☆Defeat Brawler|I guess u cant win without luvdisc\n|c|☆aurora ltd|Apparently not\n|c|☆Defeat Brawler|Hehe\n|c|☆Defeat Brawler|Bye\n|l|☆aurora ltd\n|player|p2|\n|j|☆aurora ltd\n|player|p2|aurora ltd|1|\n", "inputlog": ">version ccdc32dd7cde25fd9e4bed64820e885f66e78a4e\n>start {\"formatid\":\"gen7randombattle\",\"seed\":\"sodium,115cb8a9df3bed1a262d8aaba3159bb6\",\"rated\":\"Rated battle\"}\n>player p1 {\"name\":\"Defeat Brawler\",\"avatar\":\"molayne\",\"rating\":1686,\"seed\":\"sodium,9c400c59fb7410b667c01a78f4f62fd7\"}\n>player p2 {\"name\":\"aurora ltd\",\"avatar\":\"1\",\"rating\":1618,\"seed\":\"sodium,36c0bb894b29afeeddbff3ac3959bf29\"}\n>p1 move coil\n>p2 move ironhead mega\n>p1 move earthquake\n>p2 move ironhead\n>p1 move rest\n>p2 move ironhead\n>p1 move earthquake\n>p2 move ironhead\n>p1 move earthquake\n>p2 move ironhead\n>p1 switch 2\n>p1 move waterfall\n>p2 move playrough\n>p2 switch 2\n>p1 switch 4\n>p2 move machpunch\n>p1 move stealthrock\n>p2 switch 5\n>p1 move knockoff\n>p2 move toxic\n>p1 move moonblast\n>p2 move earthquake\n>p1 move softboiled\n>p2 move earthquake\n>p1 move softboiled\n>p2 move uturn\n>p2 switch 6\n>p1 move moonblast\n>p2 move swordsdance\n>p1 move moonblast\n>p2 move stoneedge zmove\n>p1 switch 3\n>p1 move liquidation\n>p2 move stoneedge\n>p2 switch 4\n>p1 move lowkick zmove\n>p2 move outrage\n>p2 switch 3\n>p1 move bulkup\n>p2 move explosion\n>p2 switch 5\n>p1 move liquidation\n>p2 move drainpunch\n>p1 switch 6\n>p1 move leafstorm\n>p2 move icepunch\n>p1 move dragonpulse\n>p2 move icepunch\n>p2 switch 6", "uploadtime": 1771056272, "views": 150, "formatid": "gen7randombattle", "rating": 1602, "private": 0, "password": null}