{"id": "gen7randombattle-2525595755", "format": "[Gen 7] Random Battle", "players": ["La.Hellhound", "K00000"], "log": "|j|‽La.Hellhound\n|j|☆K00000\n|t:|1769299453\n|gametype|singles\n|player|p1|La.Hellhound|bruno|1576\n|player|p2|K00000|ingo|1623\n|gen|7\n|tier|[Gen 7] Random Battle\n|rated|\n|rule|Sleep Clause Mod: Limit one foe put to sleep\n|rule|HP Percentage Mod: HP is shown in percentages\n|rule|Illusion Level Mod: Illusion disguises the Pokémon's true level\n|\n|t:|1769299453\n|teamsize|p1|6\n|teamsize|p2|6\n|start\n|switch|p1a: Aggron|Aggron, L81, F|246/246\n|switch|p2a: Silvally|Silvally-Dark, L87|307/307\n|turn|1\n|inactive|Battle timer is ON: inactive players will automatically lose when time's up. (requested by La.Hellhound)\n|inactive|K00000 has 120 seconds left.\n|\n|t:|1769299484\n|detailschange|p1a: Aggron|Aggron-Mega, L81, F\n|-mega|p1a: Aggron|Aggron|Aggronite\n|move|p2a: Silvally|Swords Dance|p2a: Silvally\n|-boost|p2a: Silvally|atk|2\n|move|p1a: Aggron|Toxic|p2a: Silvally\n|-status|p2a: Silvally|tox\n|\n|-damage|p2a: Silvally|288/307 tox|[from] psn\n|upkeep\n|turn|2\n|inactive|La.Hellhound has 120 seconds left.\n|\n|t:|1769299515\n|switch|p1a: Gurdurr|Gurdurr, L87, F|290/290\n|move|p2a: Silvally|Flame Charge|p1a: Gurdurr\n|-damage|p1a: Gurdurr|239/290\n|-boost|p2a: Silvally|spe|1\n|\n|-damage|p2a: Silvally|250/307 tox|[from] psn\n|upkeep\n|turn|3\n|inactive|La.Hellhound has 120 seconds left.\n|inactive|K00000 has 120 seconds left.\n|inactive|La.Hellhound has 90 seconds left.\n|\n|t:|1769299578\n|switch|p2a: Meowstic|Meowstic, L91, M|283/283\n|move|p1a: Gurdurr|Mach Punch|p2a: Meowstic\n|-resisted|p2a: Meowstic\n|-damage|p2a: Meowstic|257/283\n|\n|-heal|p2a: Meowstic|274/283|[from] item: Leftovers\n|upkeep\n|turn|4\n|inactive|La.Hellhound has 60 seconds left.\n|\n|t:|1769299602\n|switch|p1a: Empoleon|Empoleon, L83, M|275/275\n|move|p2a: Meowstic|Psychic|p1a: Empoleon\n|-resisted|p1a: Empoleon\n|-damage|p1a: Empoleon|230/275\n|\n|-heal|p2a: Meowstic|283/283|[from] item: Leftovers\n|-heal|p1a: Empoleon|247/275|[from] item: Leftovers\n|upkeep\n|turn|5\n|\n|t:|1769299611\n|move|p2a: Meowstic|Thunder Wave|p1a: Empoleon|[miss]\n|-miss|p2a: Meowstic|p1a: Empoleon\n|move|p1a: Empoleon|Knock Off|p2a: Meowstic\n|-supereffective|p2a: Meowstic\n|-damage|p2a: Meowstic|147/283\n|-enditem|p2a: Meowstic|Leftovers|[from] move: Knock Off|[of] p1a: Empoleon\n|\n|-heal|p1a: Empoleon|264/275|[from] item: Leftovers\n|upkeep\n|turn|6\n|\n|t:|1769299622\n|switch|p1a: Mudsdale|Mudsdale, L83, M|302/302\n|move|p2a: Meowstic|Heal Bell|p2a: Meowstic\n|-activate|p2a: Meowstic|move: Heal Bell\n|-curestatus|p2: Silvally|tox|[msg]\n|\n|upkeep\n|turn|7\n|inactive|K00000 has 120 seconds left.\n|\n|t:|1769299630\n|switch|p2a: Simisage|Simisage, L89, F|278/278\n|move|p1a: Mudsdale|Earthquake|p2a: Simisage\n|-resisted|p2a: Simisage\n|-damage|p2a: Simisage|170/278\n|\n|upkeep\n|turn|8\n|\n|t:|1769299639\n|move|p2a: Simisage|Leaf Storm|p1a: Mudsdale\n|-supereffective|p1a: Mudsdale\n|-damage|p1a: Mudsdale|0 fnt\n|-unboost|p2a: Simisage|spa|2\n|faint|p1a: Mudsdale\n|-damage|p2a: Simisage|143/278|[from] item: Life Orb\n|\n|upkeep\n|\n|t:|1769299649\n|switch|p1a: Gurdurr|Gurdurr, L87, F|239/290\n|turn|9\n|\n|t:|1769299661\n|switch|p2a: Slurpuff|Slurpuff, L79, F|258/258\n|move|p1a: Gurdurr|Drain Punch|p2a: Slurpuff\n|-resisted|p2a: Slurpuff\n|-damage|p2a: Slurpuff|213/258\n|-heal|p1a: Gurdurr|262/290|[from] drain|[of] p2a: Slurpuff\n|\n|upkeep\n|turn|10\n|\n|t:|1769299673\n|switch|p1a: Empoleon|Empoleon, L83, M|264/275\n|move|p2a: Slurpuff|Belly Drum|p2a: Slurpuff\n|-damage|p2a: Slurpuff|84/258\n|-setboost|p2a: Slurpuff|atk|6|[from] move: Belly Drum\n|-enditem|p2a: Slurpuff|Sitrus Berry|[eat]\n|-heal|p2a: Slurpuff|148/258|[from] item: Sitrus Berry\n|\n|-heal|p1a: Empoleon|275/275|[from] item: Leftovers\n|upkeep\n|turn|11\n|\n|t:|1769299684\n|move|p2a: Slurpuff|Drain Punch|p1a: Empoleon\n|-supereffective|p1a: Empoleon\n|-damage|p1a: Empoleon|0 fnt\n|-heal|p2a: Slurpuff|258/258|[from] drain|[of] p1a: Empoleon\n|faint|p1a: Empoleon\n|\n|upkeep\n|\n|t:|1769299692\n|switch|p1a: Aggron|Aggron-Mega, L81, F|246/246\n|turn|12\n|\n|t:|1769299701\n|move|p2a: Slurpuff|Drain Punch|p1a: Aggron\n|-supereffective|p1a: Aggron\n|-damage|p1a: Aggron|122/246\n|move|p1a: Aggron|Heavy Slam|p2a: Slurpuff\n|-supereffective|p2a: Slurpuff\n|-damage|p2a: Slurpuff|0 fnt\n|faint|p2a: Slurpuff\n|\n|upkeep\n|\n|t:|1769299710\n|switch|p2a: Rhyperior|Rhyperior, L84, F|330/330\n|turn|13\n|inactive|La.Hellhound has 90 seconds left.\n|\n|t:|1769299746\n|switch|p1a: Gurdurr|Gurdurr, L87, F|262/290\n|move|p2a: Rhyperior|Earthquake|p1a: Gurdurr\n|-damage|p1a: Gurdurr|168/290\n|\n|upkeep\n|turn|14\n|\n|t:|1769299765\n|switch|p2a: Simisage|Simisage, L89, F|143/278\n|move|p1a: Gurdurr|Knock Off|p2a: Simisage\n|-damage|p2a: Simisage|54/278\n|-enditem|p2a: Simisage|Life Orb|[from] move: Knock Off|[of] p1a: Gurdurr\n|\n|upkeep\n|turn|15\n|inactive|La.Hellhound has 60 seconds left.\n|\n|t:|1769299812\n|switch|p1a: Honchkrow|Honchkrow, L83, M|302/302\n|move|p2a: Simisage|Leaf Storm|p1a: Honchkrow\n|-resisted|p1a: Honchkrow\n|-damage|p1a: Honchkrow|124/302\n|-unboost|p2a: Simisage|spa|2\n|\n|upkeep\n|turn|16\n|\n|t:|1769299825\n|move|p2a: Simisage|Rock Slide|p1a: Honchkrow\n|-supereffective|p1a: Honchkrow\n|-damage|p1a: Honchkrow|0 fnt\n|faint|p1a: Honchkrow\n|\n|upkeep\n|\n|t:|1769299830\n|switch|p1a: Gurdurr|Gurdurr, L87, F|168/290\n|turn|17\n|\n|t:|1769299844\n|move|p2a: Simisage|Superpower|p1a: Gurdurr\n|-damage|p1a: Gurdurr|101/290\n|-unboost|p2a: Simisage|atk|1\n|-unboost|p2a: Simisage|def|1\n|move|p1a: Gurdurr|Drain Punch|p2a: Simisage\n|-damage|p2a: Simisage|0 fnt\n|-heal|p1a: Gurdurr|128/290|[from] drain|[of] p2a: Simisage\n|faint|p2a: Simisage\n|\n|upkeep\n|\n|t:|1769299855\n|switch|p2a: Meowstic|Meowstic, L91, M|147/283\n|turn|18\n|inactive|La.Hellhound has 30 seconds left.\n|inactive|La.Hellhound has 20 seconds left.\n|\n|t:|1769299900\n|switch|p1a: Aggron|Aggron-Mega, L81, F|122/246\n|move|p2a: Meowstic|Psychic|p1a: Aggron\n|-resisted|p1a: Aggron\n|-damage|p1a: Aggron|64/246\n|\n|upkeep\n|turn|19\n|inactive|La.Hellhound has 30 seconds left this turn.\n|inactive|La.Hellhound has 20 seconds left.\n|inactive|La.Hellhound has 15 seconds left.\n|inactiveoff|Battle timer is now OFF.\n|inactive|Battle timer is ON: inactive players will automatically lose when time's up. (requested by K00000)\n|\n|t:|1769299932\n|switch|p2a: Delibird|Delibird, F|251/251\n|move|p1a: Aggron|Heavy Slam|p2a: Delibird\n|-supereffective|p2a: Delibird\n|-damage|p2a: Delibird|0 fnt\n|faint|p2a: Delibird\n|\n|upkeep\n|\n|t:|1769299938\n|switch|p2a: Rhyperior|Rhyperior, L84, F|330/330\n|turn|20\n|inactive|La.Hellhound has 30 seconds left.\n|\n|t:|1769299947\n|switch|p1a: Golduck|Golduck, L93, M|300/300\n|-ability|p1a: Golduck|Cloud Nine\n|move|p2a: Rhyperior|Earthquake|p1a: Golduck\n|-damage|p1a: Golduck|158/300\n|\n|-heal|p1a: Golduck|176/300|[from] item: Leftovers\n|upkeep\n|turn|21\n|inactive|La.Hellhound has 30 seconds left.\n|\n|t:|1769299960\n|switch|p2a: Silvally|Silvally-Dark, L87|250/307\n|move|p1a: Golduck|Calm Mind|p1a: Golduck\n|-boost|p1a: Golduck|spa|1\n|-boost|p1a: Golduck|spd|1\n|\n|-heal|p1a: Golduck|194/300|[from] item: Leftovers\n|upkeep\n|turn|22\n|inactive|La.Hellhound has 30 seconds left.\n|\n|t:|1769299971\n|switch|p1a: Gurdurr|Gurdurr, L87, F|128/290\n|move|p2a: Silvally|Multi-Attack|p1a: Gurdurr\n|-resisted|p1a: Gurdurr\n|-damage|p1a: Gurdurr|96/290\n|\n|upkeep\n|turn|23\n|\n|t:|1769299994\n|move|p2a: Silvally|Iron Head|p1a: Gurdurr\n|-damage|p1a: Gurdurr|54/290\n|move|p1a: Gurdurr|Drain Punch|p2a: Silvally\n|-supereffective|p2a: Silvally\n|-damage|p2a: Silvally|70/307\n|-heal|p1a: Gurdurr|144/290|[from] drain|[of] p2a: Silvally\n|\n|upkeep\n|turn|24\n|\n|t:|1769300004\n|move|p2a: Silvally|Iron Head|p1a: Gurdurr\n|-damage|p1a: Gurdurr|104/290\n|cant|p1a: Gurdurr|flinch\n|\n|upkeep\n|turn|25\n|\n|t:|1769300010\n|move|p1a: Gurdurr|Mach Punch|p2a: Silvally\n|-supereffective|p2a: Silvally\n|-damage|p2a: Silvally|0 fnt\n|faint|p2a: Silvally\n|\n|upkeep\n|\n|t:|1769300012\n|switch|p2a: Meowstic|Meowstic, L91, M|147/283\n|turn|26\n|\n|t:|1769300018\n|move|p1a: Gurdurr|Mach Punch|p2a: Meowstic\n|-resisted|p2a: Meowstic\n|-damage|p2a: Meowstic|120/283\n|move|p2a: Meowstic|Psychic|p1a: Gurdurr\n|-supereffective|p1a: Gurdurr\n|-damage|p1a: Gurdurr|0 fnt\n|faint|p1a: Gurdurr\n|\n|upkeep\n|\n|t:|1769300024\n|switch|p1a: Aggron|Aggron-Mega, L81, F|64/246\n|turn|27\n|\n|t:|1769300033\n|move|p2a: Meowstic|Psychic|p1a: Aggron\n|-resisted|p1a: Aggron\n|-damage|p1a: Aggron|10/246\n|move|p1a: Aggron|Heavy Slam|p2a: Meowstic\n|-damage|p2a: Meowstic|0 fnt\n|faint|p2a: Meowstic\n|\n|upkeep\n|\n|t:|1769300036\n|switch|p2a: Rhyperior|Rhyperior, L84, F|330/330\n|turn|28\n|\n|t:|1769300041\n|move|p1a: Aggron|Toxic|p2a: Rhyperior\n|-status|p2a: Rhyperior|tox\n|move|p2a: Rhyperior|Rock Polish|p2a: Rhyperior\n|-boost|p2a: Rhyperior|spe|2\n|\n|-damage|p2a: Rhyperior|310/330 tox|[from] psn\n|upkeep\n|turn|29\n|\n|t:|1769300049\n|move|p2a: Rhyperior|Earthquake|p1a: Aggron\n|-supereffective|p1a: Aggron\n|-crit|p1a: Aggron\n|-damage|p1a: Aggron|0 fnt\n|faint|p1a: Aggron\n|detailschange|p1: Aggron|Aggron, L81, F|[silent]\n|\n|-damage|p2a: Rhyperior|270/330 tox|[from] psn\n|upkeep\n|\n|t:|1769300055\n|switch|p1a: Golduck|Golduck, L93, M|194/300\n|-ability|p1a: Golduck|Cloud Nine\n|turn|30\n|\n|t:|1769300060\n|move|p2a: Rhyperior|Earthquake|p1a: Golduck\n|-damage|p1a: Golduck|53/300\n|move|p1a: Golduck|Scald|p2a: Rhyperior\n|-supereffective|p2a: Rhyperior\n|-damage|p2a: Rhyperior|0 fnt\n|faint|p2a: Rhyperior\n|\n|win|La.Hellhound\n|raw|La.Hellhound's rating: 1576 &rarr; <strong>1599</strong><br />(+23 for winning)\n|raw|K00000's rating: 1623 &rarr; <strong>1600</strong><br />(-23 for losing)\n|l|☆K00000\n|player|p2|\n", "inputlog": ">version b99ff0165a6231f17e8b78c2a78d1998375de664\n>start {\"formatid\":\"gen7randombattle\",\"seed\":\"sodium,0422c0d942dad25e9bf5a939be893c93\",\"rated\":\"Rated battle\"}\n>player p1 {\"name\":\"La.Hellhound\",\"avatar\":\"bruno\",\"rating\":1576,\"seed\":\"sodium,fd53553609ad097f606e9506b867d920\"}\n>player p2 {\"name\":\"K00000\",\"avatar\":\"ingo\",\"rating\":1623,\"seed\":\"sodium,23e2fcea201444b7914ce34a709da951\"}\n>p1 move toxic mega\n>p2 move swordsdance\n>p1 switch 4\n>p2 move flamecharge\n>p1 move machpunch\n>p2 switch 2\n>p1 switch 6\n>p2 move psychic\n>p1 move knockoff\n>p2 move thunderwave\n>p1 switch 2\n>p2 move healbell\n>p1 move earthquake\n>p2 switch 6\n>p1 move earthquake\n>p2 move leafstorm\n>p1 switch 6\n>p1 move drainpunch\n>p2 switch 4\n>p1 switch 2\n>p2 move bellydrum\n>p1 move roar\n>p2 move drainpunch\n>p1 switch 4\n>p1 move heavyslam\n>p2 move drainpunch\n>p2 switch 5\n>p1 switch 2\n>p2 move earthquake\n>p1 move knockoff\n>p2 switch 4\n>p1 switch 5\n>p2 move leafstorm\n>p1 move pursuit\n>p2 move rockslide\n>p1 switch 5\n>p1 move drainpunch\n>p2 move superpower\n>p2 switch 6\n>p1 switch 2\n>p2 move psychic\n>p1 move heavyslam\n>p2 switch 3\n>p2 switch 4\n>p1 switch 3\n>p2 move earthquake\n>p1 move calmmind\n>p2 switch 2\n>p1 switch 2\n>p2 move multiattack\n>p1 move drainpunch\n>p2 move ironhead\n>p1 move knockoff\n>p2 move ironhead\n>p1 move machpunch\n>p2 move ironhead\n>p2 switch 3\n>p1 move machpunch\n>p2 move psychic\n>p1 switch 3\n>p1 move heavyslam\n>p2 move psychic\n>p2 switch 2\n>p1 move toxic\n>p2 move rockpolish\n>p1 move stoneedge\n>p2 move earthquake\n>p1 switch 2\n>p1 move scald\n>p2 move earthquake", "uploadtime": 1769300068, "views": 207, "formatid": "gen7randombattle", "rating": 1599, "private": 0, "password": null}