{"id": "gen7randombattle-2523203460", "format": "[Gen 7] Random Battle", "players": ["bis butch", "killmonger1397"], "log": "|j|☆bis butch\n|j|☆killmonger1397\n|t:|1769002861\n|gametype|singles\n|player|p1|bis butch|bruno|1586\n|player|p2|killmonger1397|2|1662\n|gen|7\n|tier|[Gen 7] Random Battle\n|rated|\n|rule|Sleep Clause Mod: Limit one foe put to sleep\n|rule|HP Percentage Mod: HP is shown in percentages\n|rule|Illusion Level Mod: Illusion disguises the Pokémon's true level\n|\n|t:|1769002861\n|teamsize|p1|6\n|teamsize|p2|6\n|start\n|switch|p1a: Flygon|Flygon, L82, F|265/265\n|switch|p2a: Xerneas|Xerneas, L65|272/272\n|-ability|p2a: Xerneas|Fairy Aura\n|turn|1\n|inactive|Battle timer is ON: inactive players will automatically lose when time's up. (requested by bis butch)\n|\n|t:|1769002875\n|switch|p1a: Magearna|Magearna-Original, L77|250/250\n|move|p2a: Xerneas|Geomancy||[still]\n|-prepare|p2a: Xerneas|Geomancy\n|-enditem|p2a: Xerneas|Power Herb\n|-anim|p2a: Xerneas|Geomancy|p2a: Xerneas\n|-boost|p2a: Xerneas|spa|2\n|-boost|p2a: Xerneas|spd|2\n|-boost|p2a: Xerneas|spe|2\n|\n|upkeep\n|turn|2\n|\n|t:|1769002879\n|move|p2a: Xerneas|Focus Blast|p1a: Magearna\n|-damage|p1a: Magearna|138/250\n|move|p1a: Magearna|Thunder Wave|p2a: Xerneas\n|-status|p2a: Xerneas|par\n|\n|-heal|p1a: Magearna|153/250|[from] item: Leftovers\n|upkeep\n|turn|3\n|\n|t:|1769002888\n|move|p2a: Xerneas|Focus Blast|p1a: Magearna\n|-damage|p1a: Magearna|25/250\n|-unboost|p1a: Magearna|spd|1\n|move|p1a: Magearna|Flash Cannon|p2a: Xerneas\n|-supereffective|p2a: Xerneas\n|-crit|p2a: Xerneas\n|-damage|p2a: Xerneas|0 fnt\n|faint|p2a: Xerneas\n|-ability|p1a: Magearna|Soul-Heart|boost\n|-boost|p1a: Magearna|spa|1\n|\n|-heal|p1a: Magearna|40/250|[from] item: Leftovers\n|upkeep\n|\n|t:|1769002900\n|switch|p2a: Darkrai|Darkrai, L75|229/229\n|turn|4\n|\n|t:|1769002905\n|move|p2a: Darkrai|Dark Pulse|p1a: Magearna\n|-resisted|p1a: Magearna\n|-damage|p1a: Magearna|0 fnt\n|faint|p1a: Magearna\n|\n|upkeep\n|\n|t:|1769002913\n|switch|p1a: Exploud|Exploud, L86, F|319/319\n|turn|5\n|\n|t:|1769002917\n|move|p1a: Exploud|Boomburst|p2a: Darkrai\n|-damage|p2a: Darkrai|76/229\n|move|p2a: Darkrai|Hypnosis|p1a: Exploud|[miss]\n|-miss|p2a: Darkrai|p1a: Exploud\n|\n|upkeep\n|turn|6\n|\n|t:|1769002921\n|switch|p2a: Relicanth|Relicanth, L88, M|319/319\n|move|p1a: Exploud|Boomburst|p2a: Relicanth\n|-resisted|p2a: Relicanth\n|-damage|p2a: Relicanth|224/319\n|\n|upkeep\n|turn|7\n|\n|t:|1769002927\n|switch|p1a: Electrode|Electrode, L89|252/252\n|move|p2a: Relicanth|Waterfall|p1a: Electrode\n|-damage|p1a: Electrode|113/252\n|\n|upkeep\n|turn|8\n|\n|t:|1769002931\n|switch|p2a: Rotom|Rotom-Mow, L86|226/226\n|move|p1a: Electrode|Thunderbolt|p2a: Rotom\n|-resisted|p2a: Rotom\n|-damage|p2a: Rotom|197/226\n|\n|upkeep\n|turn|9\n|\n|t:|1769002941\n|switch|p1a: Simisear|Simisear, L89, F|278/278\n|move|p2a: Rotom|Leaf Storm|p1a: Simisear\n|-resisted|p1a: Simisear\n|-damage|p1a: Simisear|188/278\n|-unboost|p2a: Rotom|spa|2\n|\n|upkeep\n|turn|10\n|\n|t:|1769002945\n|switch|p2a: Umbreon|Umbreon, L84, F|297/297\n|move|p1a: Simisear|Nasty Plot|p1a: Simisear\n|-boost|p1a: Simisear|spa|2\n|\n|upkeep\n|turn|11\n|\n|t:|1769002954\n|move|p1a: Simisear|Focus Blast|p2a: Umbreon\n|-supereffective|p2a: Umbreon\n|-damage|p2a: Umbreon|0 fnt\n|faint|p2a: Umbreon\n|-damage|p1a: Simisear|161/278|[from] item: Life Orb\n|\n|upkeep\n|\n|t:|1769002957\n|switch|p2a: Rotom|Rotom-Mow, L86|197/226\n|turn|12\n|\n|t:|1769002959\n|switch|p1a: Flygon|Flygon, L82, F|265/265\n|move|p2a: Rotom|Thunderbolt|p1a: Flygon\n|-immune|p1a: Flygon\n|\n|upkeep\n|turn|13\n|\n|t:|1769002964\n|switch|p2a: Amoonguss|Amoonguss, L83, M|325/325\n|move|p1a: Flygon|Dragon Dance|p1a: Flygon\n|-boost|p1a: Flygon|atk|1\n|-boost|p1a: Flygon|spe|1\n|\n|upkeep\n|turn|14\n|\n|t:|1769002969\n|move|p1a: Flygon|Earthquake|p2a: Amoonguss\n|-damage|p2a: Amoonguss|126/325\n|move|p2a: Amoonguss|Spore|p1a: Flygon\n|-status|p1a: Flygon|slp|[from] move: Spore\n|-enditem|p1a: Flygon|Lum Berry|[eat]\n|-curestatus|p1a: Flygon|slp|[msg]\n|\n|upkeep\n|turn|15\n|\n|t:|1769002975\n|switch|p2a: Rotom|Rotom-Mow, L86|197/226\n|move|p1a: Flygon|Outrage|p2a: Rotom\n|-damage|p2a: Rotom|35/226\n|\n|upkeep\n|turn|16\n|-message|killmonger1397 forfeited.\n|\n|win|bis butch\n|raw|bis butch's rating: 1586 &rarr; <strong>1610</strong><br />(+24 for winning)\n|raw|killmonger1397's rating: 1662 &rarr; <strong>1638</strong><br />(-24 for losing)\n|l|☆killmonger1397\n|player|p2|\n", "inputlog": ">version 3bd1a1e329da8d286644078cfc9a9638fc7ea025\n>start {\"formatid\":\"gen7randombattle\",\"seed\":\"sodium,201fb11e11031a038b9c2c7d076f3511\",\"rated\":\"Rated battle\"}\n>player p1 {\"name\":\"bis butch\",\"avatar\":\"bruno\",\"rating\":1586,\"seed\":\"sodium,c755d35601aad17a9444c07156a23479\"}\n>player p2 {\"name\":\"killmonger1397\",\"avatar\":\"2\",\"rating\":1662,\"seed\":\"sodium,f2ece63b740d0a9860c7ee9498d27260\"}\n>p1 switch 6\n>p2 move geomancy\n>p1 move thunderwave\n>p2 move focusblast\n>p1 move flashcannon\n>p2 move focusblast\n>p2 switch 6\n>p1 move fleurcannon\n>p2 move darkpulse\n>p1 switch 3\n>p1 move boomburst\n>p2 move hypnosis\n>p1 move boomburst\n>p2 switch 5\n>p1 switch 4\n>p2 move waterfall\n>p1 move thunderbolt\n>p2 switch 4\n>p1 switch 5\n>p2 move leafstorm\n>p1 move nastyplot\n>p2 switch 3\n>p1 move focusblast\n>p2 move foulplay\n>p2 switch 3\n>p1 switch 6\n>p2 move thunderbolt\n>p1 move dragondance\n>p2 switch 2\n>p1 move earthquake\n>p2 move spore\n>p1 move outrage\n>p2 switch 2\n>forcelose p2", "uploadtime": 1769002980, "views": 179, "formatid": "gen7randombattle", "rating": 1610, "private": 0, "password": null}