{"id": "gen7randombattle-2523947109", "format": "[Gen 7] Random Battle", "players": ["Hardrocknerd", "gta54321"], "log": "|j|☆Hardrocknerd\n|j|☆gta54321\n|t:|1769093561\n|gametype|singles\n|player|p1|Hardrocknerd|guitarist-gen4|1740\n|player|p2|gta54321|plasmagrunt|1721\n|gen|7\n|tier|[Gen 7] Random Battle\n|rated|\n|rule|Sleep Clause Mod: Limit one foe put to sleep\n|rule|HP Percentage Mod: HP is shown in percentages\n|rule|Illusion Level Mod: Illusion disguises the Pokémon's true level\n|\n|t:|1769093561\n|teamsize|p1|6\n|teamsize|p2|6\n|start\n|switch|p1a: Castform|Castform, L99, F|299/299\n|switch|p2a: Blastoise|Blastoise, L82, F|264/264\n|turn|1\n|inactive|Battle timer is ON: inactive players will automatically lose when time's up. (requested by gta54321)\n|inactive|Hardrocknerd has 120 seconds left.\n|\n|t:|1769093629\n|switch|p2a: Celebi|Celebi, L82|298/298\n|move|p1a: Castform|Thunder Wave|p2a: Celebi\n|-status|p2a: Celebi|par\n|\n|upkeep\n|turn|2\n|\n|t:|1769093641\n|move|p1a: Castform|Return|p2a: Celebi\n|-damage|p2a: Celebi|193/298 par\n|cant|p2a: Celebi|par\n|\n|-heal|p2a: Celebi|211/298 par|[from] item: Leftovers\n|upkeep\n|turn|3\n|\n|t:|1769093649\n|move|p1a: Castform|Ice Beam|p2a: Celebi\n|-supereffective|p2a: Celebi\n|-damage|p2a: Celebi|83/298 par\n|move|p2a: Celebi|Recover|p2a: Celebi\n|-heal|p2a: Celebi|232/298 par\n|\n|-heal|p2a: Celebi|250/298 par|[from] item: Leftovers\n|upkeep\n|turn|4\n|\n|t:|1769093657\n|switch|p1a: Togedemaru|Togedemaru, L86, M|252/252\n|move|p2a: Celebi|Stealth Rock|p1a: Togedemaru\n|-sidestart|p1: Hardrocknerd|move: Stealth Rock\n|\n|-heal|p2a: Celebi|268/298 par|[from] item: Leftovers\n|upkeep\n|turn|5\n|\n|t:|1769093680\n|-curestatus|p2a: Celebi|par|[from] ability: Natural Cure\n|switch|p2a: Sudowoodo|Sudowoodo, L93, M|281/281\n|move|p1a: Togedemaru|U-turn|p2a: Sudowoodo\n|-damage|p2a: Sudowoodo|241/281\n|\n|t:|1769093694\n|switch|p1a: Camerupt|Camerupt, L88, M|266/266|[from] U-turn\n|-damage|p1a: Camerupt|233/266|[from] Stealth Rock\n|\n|upkeep\n|turn|6\n|\n|t:|1769093705\n|move|p1a: Camerupt|Earth Power|p2a: Sudowoodo\n|-supereffective|p2a: Sudowoodo\n|-damage|p2a: Sudowoodo|11/281\n|move|p2a: Sudowoodo|Head Smash|p1a: Camerupt\n|-damage|p1a: Camerupt|0 fnt\n|faint|p1a: Camerupt\n|\n|upkeep\n|\n|t:|1769093712\n|switch|p1a: Togedemaru|Togedemaru, L86, M|252/252\n|-damage|p1a: Togedemaru|237/252|[from] Stealth Rock\n|turn|7\n|\n|t:|1769093716\n|move|p1a: Togedemaru|Zing Zap|p2a: Sudowoodo\n|-damage|p2a: Sudowoodo|0 fnt\n|faint|p2a: Sudowoodo\n|\n|-heal|p1a: Togedemaru|252/252|[from] item: Leftovers\n|upkeep\n|\n|t:|1769093733\n|switch|p2a: Granbull|Granbull, L89, M|305/305\n|-ability|p2a: Granbull|Intimidate|boost\n|-unboost|p1a: Togedemaru|atk|1\n|turn|8\n|\n|t:|1769093740\n|move|p1a: Togedemaru|U-turn|p2a: Granbull\n|-resisted|p2a: Granbull\n|-damage|p2a: Granbull|285/305\n|\n|t:|1769093745\n|switch|p1a: Flareon|Flareon, L88, M|258/258|[from] U-turn\n|-damage|p1a: Flareon|194/258|[from] Stealth Rock\n|move|p2a: Granbull|Earthquake|p1a: Flareon\n|-supereffective|p1a: Flareon\n|-damage|p1a: Flareon|0 fnt\n|faint|p1a: Flareon\n|\n|-heal|p2a: Granbull|304/305|[from] item: Leftovers\n|upkeep\n|\n|t:|1769093756\n|switch|p1a: Shaymin|Shaymin-Sky, L73|266/266\n|-damage|p1a: Shaymin|200/266|[from] Stealth Rock\n|turn|9\n|\n|t:|1769093760\n|move|p1a: Shaymin|Substitute|p1a: Shaymin\n|-start|p1a: Shaymin|Substitute\n|-damage|p1a: Shaymin|134/266\n|move|p2a: Granbull|Thunder Wave||[still]\n|-fail|p2a: Granbull\n|\n|-heal|p1a: Shaymin|150/266|[from] item: Leftovers\n|-heal|p2a: Granbull|305/305|[from] item: Leftovers\n|upkeep\n|turn|10\n|\n|t:|1769093768\n|move|p1a: Shaymin|Seed Flare|p2a: Granbull\n|-damage|p2a: Granbull|161/305\n|-unboost|p2a: Granbull|spd|2\n|move|p2a: Granbull|Play Rough|p1a: Shaymin\n|-end|p1a: Shaymin|Substitute\n|\n|-heal|p1a: Shaymin|166/266|[from] item: Leftovers\n|-heal|p2a: Granbull|180/305|[from] item: Leftovers\n|upkeep\n|turn|11\n|\n|t:|1769093778\n|switch|p2a: Dragalge|Dragalge, L87, M|255/255\n|move|p1a: Shaymin|Substitute|p1a: Shaymin\n|-start|p1a: Shaymin|Substitute\n|-damage|p1a: Shaymin|100/266\n|\n|-heal|p1a: Shaymin|116/266|[from] item: Leftovers\n|upkeep\n|turn|12\n|\n|t:|1769093785\n|move|p1a: Shaymin|Air Slash|p2a: Dragalge\n|-damage|p2a: Dragalge|197/255\n|move|p2a: Dragalge|Sludge Wave|p1a: Shaymin\n|-supereffective|p1a: Shaymin\n|-end|p1a: Shaymin|Substitute\n|\n|-heal|p1a: Shaymin|132/266|[from] item: Leftovers\n|-heal|p2a: Dragalge|212/255|[from] item: Black Sludge\n|upkeep\n|turn|13\n|\n|t:|1769093793\n|switch|p1a: Togedemaru|Togedemaru, L86, M|252/252\n|-damage|p1a: Togedemaru|237/252|[from] Stealth Rock\n|move|p2a: Dragalge|Sludge Wave|p1a: Togedemaru\n|-immune|p1a: Togedemaru\n|\n|-heal|p1a: Togedemaru|252/252|[from] item: Leftovers\n|-heal|p2a: Dragalge|227/255|[from] item: Black Sludge\n|upkeep\n|turn|14\n|\n|t:|1769093810\n|switch|p2a: Blastoise|Blastoise, L82, F|264/264\n|move|p1a: Togedemaru|Wish|p1a: Togedemaru\n|\n|upkeep\n|turn|15\n|\n|t:|1769093817\n|switch|p2a: Granbull|Granbull, L89, M|180/305\n|-ability|p2a: Granbull|Intimidate|boost\n|-unboost|p1a: Togedemaru|atk|1\n|move|p1a: Togedemaru|Zing Zap|p2a: Granbull\n|-damage|p2a: Granbull|117/305\n|\n|-heal|p2a: Granbull|136/305|[from] item: Leftovers\n|upkeep\n|turn|16\n|\n|t:|1769093825\n|move|p1a: Togedemaru|U-turn|p2a: Granbull\n|-resisted|p2a: Granbull\n|-damage|p2a: Granbull|119/305\n|\n|t:|1769093828\n|switch|p1a: Shaymin|Shaymin-Sky, L73|132/266|[from] U-turn\n|-damage|p1a: Shaymin|66/266|[from] Stealth Rock\n|move|p2a: Granbull|Play Rough|p1a: Shaymin\n|-damage|p1a: Shaymin|0 fnt\n|faint|p1a: Shaymin\n|\n|-heal|p2a: Granbull|138/305|[from] item: Leftovers\n|upkeep\n|\n|t:|1769093838\n|switch|p1a: Castform|Castform, L99, F|299/299\n|-damage|p1a: Castform|262/299|[from] Stealth Rock\n|turn|17\n|\n|t:|1769093847\n|switch|p2a: Celebi|Celebi, L82|268/298\n|move|p1a: Castform|Return|p2a: Celebi\n|-damage|p2a: Celebi|168/298\n|\n|-heal|p2a: Celebi|186/298|[from] item: Leftovers\n|-heal|p1a: Castform|280/299|[from] item: Leftovers\n|upkeep\n|turn|18\n|\n|t:|1769093855\n|move|p2a: Celebi|Leaf Storm|p1a: Castform\n|-damage|p1a: Castform|144/299\n|-unboost|p2a: Celebi|spa|2\n|move|p1a: Castform|Thunder Wave|p2a: Celebi\n|-status|p2a: Celebi|par\n|\n|-heal|p1a: Castform|162/299|[from] item: Leftovers\n|-heal|p2a: Celebi|204/298 par|[from] item: Leftovers\n|upkeep\n|turn|19\n|\n|t:|1769093864\n|-curestatus|p2a: Celebi|par|[from] ability: Natural Cure\n|switch|p2a: Blastoise|Blastoise, L82, F|264/264\n|move|p1a: Castform|Return|p2a: Blastoise\n|-damage|p2a: Blastoise|158/264\n|\n|-heal|p1a: Castform|180/299|[from] item: Leftovers\n|upkeep\n|turn|20\n|\n|t:|1769093872\n|detailschange|p2a: Blastoise|Blastoise-Mega, L82, F\n|-mega|p2a: Blastoise|Blastoise|Blastoisinite\n|move|p1a: Castform|Thunder Wave|p2a: Blastoise\n|-status|p2a: Blastoise|par\n|cant|p2a: Blastoise|par\n|\n|-heal|p1a: Castform|198/299|[from] item: Leftovers\n|upkeep\n|turn|21\n|\n|t:|1769093880\n|move|p1a: Castform|Return|p2a: Blastoise\n|-damage|p2a: Blastoise|67/264 par\n|move|p2a: Blastoise|Scald|p1a: Castform\n|-damage|p1a: Castform|99/299\n|\n|-heal|p1a: Castform|117/299|[from] item: Leftovers\n|upkeep\n|turn|22\n|\n|t:|1769093888\n|move|p1a: Castform|Return|p2a: Blastoise\n|-damage|p2a: Blastoise|0 fnt\n|faint|p2a: Blastoise\n|detailschange|p2: Blastoise|Blastoise, L82, F|[silent]\n|\n|-heal|p1a: Castform|135/299|[from] item: Leftovers\n|upkeep\n|\n|t:|1769093889\n|switch|p2a: Virizion|Virizion, L81|280/280\n|turn|23\n|\n|t:|1769093897\n|switch|p1a: Primarina|Primarina, L83, F|268/268\n|-damage|p1a: Primarina|235/268|[from] Stealth Rock\n|move|p2a: Virizion|Close Combat|p1a: Primarina\n|-resisted|p1a: Primarina\n|-damage|p1a: Primarina|153/268\n|-unboost|p2a: Virizion|def|1\n|-unboost|p2a: Virizion|spd|1\n|-damage|p2a: Virizion|252/280|[from] item: Life Orb\n|\n|upkeep\n|turn|24\n|\n|t:|1769093909\n|switch|p2a: Celebi|Celebi, L82|204/298\n|move|p1a: Primarina|Moonblast|p2a: Celebi\n|-damage|p2a: Celebi|96/298\n|\n|-heal|p2a: Celebi|114/298|[from] item: Leftovers\n|upkeep\n|turn|25\n|\n|t:|1769093916\n|switch|p1a: Togedemaru|Togedemaru, L86, M|252/252\n|-damage|p1a: Togedemaru|237/252|[from] Stealth Rock\n|move|p2a: Celebi|Leaf Storm|p1a: Togedemaru\n|-resisted|p1a: Togedemaru\n|-damage|p1a: Togedemaru|163/252\n|-unboost|p2a: Celebi|spa|2\n|\n|-heal|p1a: Togedemaru|178/252|[from] item: Leftovers\n|-heal|p2a: Celebi|132/298|[from] item: Leftovers\n|upkeep\n|turn|26\n|\n|t:|1769093926\n|move|p1a: Togedemaru|Wish|p1a: Togedemaru\n|move|p2a: Celebi|U-turn|p1a: Togedemaru\n|-resisted|p1a: Togedemaru\n|-damage|p1a: Togedemaru|148/252\n|-damage|p2a: Celebi|95/298|[from] ability: Iron Barbs|[of] p1a: Togedemaru\n|\n|t:|1769093939\n|switch|p2a: Granbull|Granbull, L89, M|138/305|[from] U-turn\n|-ability|p2a: Granbull|Intimidate|boost\n|-unboost|p1a: Togedemaru|atk|1\n|\n|-heal|p1a: Togedemaru|163/252|[from] item: Leftovers\n|-heal|p2a: Granbull|157/305|[from] item: Leftovers\n|upkeep\n|turn|27\n|\n|t:|1769093945\n|move|p1a: Togedemaru|U-turn|p2a: Granbull\n|-resisted|p2a: Granbull\n|-damage|p2a: Granbull|139/305\n|\n|t:|1769093948\n|switch|p1a: Primarina|Primarina, L83, F|153/268|[from] U-turn\n|-damage|p1a: Primarina|120/268|[from] Stealth Rock\n|move|p2a: Granbull|Earthquake|p1a: Primarina\n|-damage|p1a: Primarina|18/268\n|\n|-heal|p1a: Primarina|144/268|[from] move: Wish|[wisher] Togedemaru\n|-heal|p2a: Granbull|158/305|[from] item: Leftovers\n|upkeep\n|turn|28\n|\n|t:|1769093960\n|move|p1a: Primarina|Moonblast|p2a: Granbull\n|-damage|p2a: Granbull|5/305\n|move|p2a: Granbull|Thunder Wave|p1a: Primarina\n|-status|p1a: Primarina|par\n|\n|-heal|p2a: Granbull|24/305|[from] item: Leftovers\n|upkeep\n|turn|29\n|\n|t:|1769093969\n|move|p2a: Granbull|Play Rough|p1a: Primarina\n|-damage|p1a: Primarina|5/268 par\n|move|p1a: Primarina|Moonblast|p2a: Granbull\n|-damage|p2a: Granbull|0 fnt\n|faint|p2a: Granbull\n|\n|upkeep\n|\n|t:|1769093975\n|switch|p2a: Virizion|Virizion, L81|252/280\n|turn|30\n|\n|t:|1769093977\n|move|p2a: Virizion|Leaf Blade|p1a: Primarina\n|-supereffective|p1a: Primarina\n|-damage|p1a: Primarina|0 fnt\n|faint|p1a: Primarina\n|-damage|p2a: Virizion|224/280|[from] item: Life Orb\n|\n|upkeep\n|c|☆gta54321|Gg\n|\n|t:|1769093985\n|switch|p1a: Togedemaru|Togedemaru, L86, M|163/252\n|-damage|p1a: Togedemaru|148/252|[from] Stealth Rock\n|turn|31\n|\n|t:|1769093988\n|move|p1a: Togedemaru|Spiky Shield|p1a: Togedemaru\n|-singleturn|p1a: Togedemaru|move: Protect\n|move|p2a: Virizion|Close Combat|p1a: Togedemaru\n|-activate|p1a: Togedemaru|move: Protect\n|-damage|p2a: Virizion|189/280|[from] Spiky Shield|[of] p1a: Togedemaru\n|\n|-heal|p1a: Togedemaru|163/252|[from] item: Leftovers\n|upkeep\n|turn|32\n|\n|t:|1769093996\n|move|p1a: Togedemaru|Spiky Shield||[still]\n|-fail|p1a: Togedemaru\n|move|p2a: Virizion|Close Combat|p1a: Togedemaru\n|-supereffective|p1a: Togedemaru\n|-damage|p1a: Togedemaru|0 fnt\n|-unboost|p2a: Virizion|def|1\n|-unboost|p2a: Virizion|spd|1\n|-damage|p2a: Virizion|154/280|[from] ability: Iron Barbs|[of] p1a: Togedemaru\n|faint|p1a: Togedemaru\n|-damage|p2a: Virizion|126/280|[from] item: Life Orb\n|\n|upkeep\n|c|☆gta54321|Gg say it back\n|\n|t:|1769094006\n|switch|p1a: Castform|Castform, L99, F|135/299\n|-damage|p1a: Castform|98/299|[from] Stealth Rock\n|turn|33\n|\n|t:|1769094009\n|move|p2a: Virizion|Close Combat|p1a: Castform\n|-supereffective|p1a: Castform\n|-damage|p1a: Castform|0 fnt\n|-unboost|p2a: Virizion|def|1\n|-unboost|p2a: Virizion|spd|1\n|faint|p1a: Castform\n|-damage|p2a: Virizion|98/280|[from] item: Life Orb\n|\n|win|gta54321\n|raw|Hardrocknerd's rating: 1740 &rarr; <strong>1719</strong><br />(-21 for losing)\n|raw|gta54321's rating: 1721 &rarr; <strong>1742</strong><br />(+21 for winning)\n|l|☆gta54321\n|player|p2|\n", "inputlog": ">version dd3d52b8382d73d1dd2c67730c4067df325ab790\n>start {\"formatid\":\"gen7randombattle\",\"seed\":\"sodium,48bb605bdd4a5cb42eb530eace9b6880\",\"rated\":\"Rated battle\"}\n>player p1 {\"name\":\"Hardrocknerd\",\"avatar\":\"guitarist-gen4\",\"rating\":1740,\"seed\":\"sodium,e2327185a9dfcbeaf70824bb5fd8b8c9\"}\n>player p2 {\"name\":\"gta54321\",\"avatar\":\"plasmagrunt\",\"rating\":1721,\"seed\":\"sodium,79283aefe4ced6127595284ba8d98ebe\"}\n>p1 move thunderwave\n>p2 switch 6\n>p1 move return\n>p2 move stealthrock\n>p1 move icebeam\n>p2 move recover\n>p1 switch 4\n>p2 move stealthrock\n>p1 move uturn\n>p2 switch 4\n>p1 switch 5\n>p1 move earthpower\n>p2 move headsmash\n>p1 switch 5\n>p1 move zingzap\n>p2 move headsmash\n>p2 switch 2\n>p1 move uturn\n>p2 move earthquake\n>p1 switch 6\n>p1 switch 2\n>p1 move substitute\n>p2 move thunderwave\n>p1 move seedflare\n>p2 move playrough\n>p1 move substitute\n>p2 switch 3\n>p1 move airslash\n>p2 move sludgewave\n>p1 switch 6\n>p2 move sludgewave\n>p1 move wish\n>p2 switch 6\n>p1 move zingzap\n>p2 switch 3\n>p1 move uturn\n>p2 move playrough\n>p1 switch 6\n>p1 switch 4\n>p1 move return\n>p2 switch 4\n>p1 move thunderwave\n>p2 move leafstorm\n>p1 move return\n>p2 switch 3\n>p1 move thunderwave\n>p2 move scald mega\n>p1 move return\n>p2 move scald\n>p1 move return\n>p2 move scald\n>p2 switch 5\n>p1 switch 3\n>p2 move closecombat\n>p1 move moonblast\n>p2 switch 3\n>p1 switch 6\n>p2 move leafstorm\n>p1 move wish\n>p2 move uturn\n>p2 switch 4\n>p1 move uturn\n>p2 move earthquake\n>p1 switch 6\n>p1 move moonblast\n>p2 move thunderwave\n>p1 move moonblast\n>p2 move playrough\n>p2 switch 3\n>p1 move moonblast\n>p2 move leafblade\n>chat ☆gta54321|Gg\n>p1 switch 6\n>p1 move spikyshield\n>p2 move closecombat\n>p1 move spikyshield\n>p2 move closecombat\n>chat ☆gta54321|Gg say it back \n>p1 switch 3\n>p1 move return\n>p2 move closecombat", "uploadtime": 1769094012, "views": 142, "formatid": "gen7randombattle", "rating": 1719, "private": 0, "password": null}