{"id": "gen7randombattle-2524634002", "format": "[Gen 7] Random Battle", "players": ["diegus66", "Meuby Law"], "log": "|j|‽diegus66\n|j|☆Meuby Law\n|t:|1769178392\n|gametype|singles\n|player|p1|diegus66|170|1558\n|player|p2|Meuby Law|hau-stance|1596\n|gen|7\n|tier|[Gen 7] Random Battle\n|rated|\n|rule|Sleep Clause Mod: Limit one foe put to sleep\n|rule|HP Percentage Mod: HP is shown in percentages\n|rule|Illusion Level Mod: Illusion disguises the Pokémon's true level\n|\n|t:|1769178392\n|teamsize|p1|6\n|teamsize|p2|6\n|start\n|switch|p1a: Sunflora|Sunflora, M|312/312\n|switch|p2a: Absol|Absol, L82, M|241/241\n|turn|1\n|inactive|Battle timer is ON: inactive players will automatically lose when time's up. (requested by diegus66)\n|inactive|Meuby Law has 120 seconds left.\n|\n|t:|1769178443\n|switch|p2a: Smeargle|Smeargle, L88, F|240/240\n|move|p1a: Sunflora|Leaf Storm|p2a: Smeargle\n|-enditem|p2a: Smeargle|Focus Sash\n|-damage|p2a: Smeargle|1/240\n|-unboost|p1a: Sunflora|spa|2\n|\n|upkeep\n|turn|2\n|\n|t:|1769178466\n|switch|p1a: Goodra|Goodra, L85, M|292/292\n|move|p2a: Smeargle|Stealth Rock|p1a: Goodra\n|-sidestart|p1: diegus66|move: Stealth Rock\n|\n|upkeep\n|turn|3\n|inactive|Meuby Law has 120 seconds left.\n|\n|t:|1769178502\n|switch|p2a: Walrein|Walrein, L90, F|344/344\n|move|p1a: Goodra|Sludge Bomb|p2a: Walrein\n|-damage|p2a: Walrein|277/344\n|\n|-heal|p2a: Walrein|298/344|[from] item: Leftovers\n|upkeep\n|turn|4\n|inactive|Meuby Law has 120 seconds left.\n|\n|t:|1769178516\n|switch|p1a: Magnezone|Magnezone, L84|255/255\n|-damage|p1a: Magnezone|240/255|[from] Stealth Rock\n|move|p2a: Walrein|Toxic|p1a: Magnezone\n|-immune|p1a: Magnezone\n|\n|-heal|p2a: Walrein|319/344|[from] item: Leftovers\n|-heal|p1a: Magnezone|255/255|[from] item: Leftovers\n|upkeep\n|turn|5\n|\n|t:|1769178525\n|switch|p2a: Mienshao|Mienshao, L83, M|243/243\n|move|p1a: Magnezone|Thunderbolt|p2a: Mienshao\n|-damage|p2a: Mienshao|45/243\n|\n|upkeep\n|turn|6\n|\n|t:|1769178532\n|move|p1a: Magnezone|Protect|p1a: Magnezone\n|-singleturn|p1a: Magnezone|Protect\n|move|p2a: Mienshao|Knock Off|p1a: Magnezone\n|-activate|p1a: Magnezone|move: Protect\n|\n|upkeep\n|turn|7\n|\n|t:|1769178548\n|switch|p2a: Ludicolo|Ludicolo, L89, F|287/287\n|move|p1a: Magnezone|Thunderbolt|p2a: Ludicolo\n|-damage|p2a: Ludicolo|164/287\n|\n|upkeep\n|turn|8\n|\n|t:|1769178563\n|move|p2a: Ludicolo|Hydro Pump|p1a: Magnezone\n|-damage|p1a: Magnezone|71/255\n|move|p1a: Magnezone|Flash Cannon|p2a: Ludicolo\n|-resisted|p2a: Ludicolo\n|-damage|p2a: Ludicolo|103/287\n|\n|-heal|p1a: Magnezone|86/255|[from] item: Leftovers\n|upkeep\n|turn|9\n|\n|t:|1769178571\n|move|p2a: Ludicolo|Hydro Pump|p1a: Magnezone\n|-damage|p1a: Magnezone|0 fnt\n|faint|p1a: Magnezone\n|\n|upkeep\n|\n|t:|1769178575\n|switch|p1a: Alakazam|Alakazam, L78, F|214/214\n|turn|10\n|\n|t:|1769178580\n|detailschange|p1a: Alakazam|Alakazam-Mega, L78, F\n|-mega|p1a: Alakazam|Alakazam|Alakazite\n|-ability|p1a: Alakazam|Swift Swim|Trace|[from] ability: Trace|[of] p2a: Ludicolo\n|move|p1a: Alakazam|Psychic|p2a: Ludicolo\n|-damage|p2a: Ludicolo|0 fnt\n|faint|p2a: Ludicolo\n|\n|upkeep\n|\n|t:|1769178585\n|switch|p2a: Absol|Absol, L82, M|241/241\n|turn|11\n|\n|t:|1769178589\n|detailschange|p2a: Absol|Absol-Mega, L82, M\n|-mega|p2a: Absol|Absol|Absolite\n|move|p1a: Alakazam|Focus Blast|p2a: Absol|[miss]\n|-miss|p1a: Alakazam|p2a: Absol\n|move|p2a: Absol|Knock Off|p1a: Alakazam\n|-supereffective|p1a: Alakazam\n|-damage|p1a: Alakazam|0 fnt\n|faint|p1a: Alakazam\n|detailschange|p1: Alakazam|Alakazam, L78, F|[silent]\n|\n|upkeep\n|\n|t:|1769178597\n|switch|p1a: Purugly|Purugly, L89, M, shiny|271/271\n|-damage|p1a: Purugly|238/271|[from] Stealth Rock\n|turn|12\n|\n|t:|1769178602\n|switch|p2a: Walrein|Walrein, L90, F|319/344\n|move|p1a: Purugly|Fake Out|p2a: Walrein\n|-damage|p2a: Walrein|274/344\n|\n|-heal|p2a: Walrein|295/344|[from] item: Leftovers\n|upkeep\n|turn|13\n|\n|t:|1769178606\n|move|p1a: Purugly|Knock Off|p2a: Walrein\n|-damage|p2a: Walrein|235/344\n|-enditem|p2a: Walrein|Leftovers|[from] move: Knock Off|[of] p1a: Purugly\n|move|p2a: Walrein|Toxic|p1a: Purugly\n|-status|p1a: Purugly|tox\n|\n|-damage|p1a: Purugly|222/271 tox|[from] psn\n|upkeep\n|turn|14\n|\n|t:|1769178612\n|switch|p1a: Sunflora|Sunflora, M|312/312\n|-damage|p1a: Sunflora|273/312|[from] Stealth Rock\n|move|p2a: Walrein|Super Fang|p1a: Sunflora\n|-damage|p1a: Sunflora|137/312\n|\n|upkeep\n|turn|15\n|\n|t:|1769178617\n|move|p2a: Walrein|Ice Beam|p1a: Sunflora\n|-supereffective|p1a: Sunflora\n|-damage|p1a: Sunflora|0 fnt\n|faint|p1a: Sunflora\n|\n|upkeep\n|\n|t:|1769178621\n|switch|p1a: Castform|Castform, L99, M|299/299\n|-damage|p1a: Castform|262/299|[from] Stealth Rock\n|turn|16\n|inactive|Meuby Law has 120 seconds left.\n|\n|t:|1769178654\n|move|p1a: Castform|Thunderbolt|p2a: Walrein\n|-supereffective|p2a: Walrein\n|-damage|p2a: Walrein|111/344\n|move|p2a: Walrein|Toxic|p1a: Castform\n|-status|p1a: Castform|tox\n|\n|-heal|p1a: Castform|280/299 tox|[from] item: Leftovers\n|-damage|p1a: Castform|262/299 tox|[from] psn\n|upkeep\n|turn|17\n|\n|t:|1769178662\n|move|p1a: Castform|Thunderbolt|p2a: Walrein\n|-supereffective|p2a: Walrein\n|-damage|p2a: Walrein|0 fnt\n|faint|p2a: Walrein\n|\n|-heal|p1a: Castform|280/299 tox|[from] item: Leftovers\n|-damage|p1a: Castform|244/299 tox|[from] psn\n|upkeep\n|\n|t:|1769178670\n|switch|p2a: Mienshao|Mienshao, L83, M|45/243\n|turn|18\n|\n|t:|1769178678\n|move|p2a: Mienshao|High Jump Kick|p1a: Castform\n|-supereffective|p1a: Castform\n|-damage|p1a: Castform|0 fnt\n|faint|p1a: Castform\n|\n|upkeep\n|\n|t:|1769178681\n|switch|p1a: Purugly|Purugly, L89, M, shiny|222/271 tox\n|-damage|p1a: Purugly|189/271 tox|[from] Stealth Rock\n|turn|19\n|inactive|Meuby Law has 120 seconds left.\n|\n|t:|1769178713\n|switch|p2a: Smeargle|Smeargle, L88, F|1/240\n|move|p1a: Purugly|Return|p2a: Smeargle\n|-damage|p2a: Smeargle|0 fnt\n|faint|p2a: Smeargle\n|\n|-damage|p1a: Purugly|173/271 tox|[from] psn\n|upkeep\n|inactive|Meuby Law has 120 seconds left.\n|\n|t:|1769178719\n|switch|p2a: Slurpuff|Slurpuff, L79, M|258/258\n|turn|20\n|\n|t:|1769178726\n|switch|p1a: Goodra|Goodra, L85, M|292/292\n|-damage|p1a: Goodra|256/292|[from] Stealth Rock\n|move|p2a: Slurpuff|Drain Punch|p1a: Goodra\n|-damage|p1a: Goodra|212/292\n|\n|upkeep\n|turn|21\n|\n|t:|1769178731\n|switch|p2a: Mienshao|Mienshao, L83, M|45/243\n|move|p1a: Goodra|Sludge Bomb|p2a: Mienshao\n|-damage|p2a: Mienshao|0 fnt\n|faint|p2a: Mienshao\n|\n|upkeep\n|\n|t:|1769178732\n|switch|p2a: Absol|Absol-Mega, L82, M|241/241\n|turn|22\n|\n|t:|1769178742\n|move|p2a: Absol|Play Rough|p1a: Goodra\n|-supereffective|p1a: Goodra\n|-damage|p1a: Goodra|20/292\n|move|p1a: Goodra|Draco Meteor|p2a: Absol|[miss]\n|-miss|p1a: Goodra|p2a: Absol\n|\n|upkeep\n|turn|23\n|\n|t:|1769178747\n|move|p2a: Absol|Knock Off|p1a: Goodra\n|-damage|p1a: Goodra|0 fnt\n|-enditem|p1a: Goodra|Assault Vest|[from] move: Knock Off|[of] p2a: Absol\n|faint|p1a: Goodra\n|\n|upkeep\n|\n|t:|1769178749\n|switch|p1a: Purugly|Purugly, L89, M, shiny|173/271 tox\n|-damage|p1a: Purugly|140/271 tox|[from] Stealth Rock\n|turn|24\n|c|☆Meuby Law|gg\n|\n|t:|1769178753\n|move|p1a: Purugly|Fake Out|p2a: Absol\n|-damage|p2a: Absol|169/241\n|cant|p2a: Absol|flinch\n|\n|-damage|p1a: Purugly|124/271 tox|[from] psn\n|upkeep\n|turn|25\n|\n|t:|1769178757\n|move|p2a: Absol|Sucker Punch|p1a: Purugly\n|-damage|p1a: Purugly|15/271 tox\n|move|p1a: Purugly|Return|p2a: Absol\n|-damage|p2a: Absol|0 fnt\n|faint|p2a: Absol\n|detailschange|p2: Absol|Absol, L82, M|[silent]\n|\n|-damage|p1a: Purugly|0 fnt|[from] psn\n|faint|p1a: Purugly\n|\n|win|Meuby Law\n|raw|diegus66's rating: 1558 &rarr; <strong>1540</strong><br />(-18 for losing)\n|raw|Meuby Law's rating: 1596 &rarr; <strong>1614</strong><br />(+18 for winning)\n", "inputlog": ">version dd3d52b8382d73d1dd2c67730c4067df325ab790\n>start {\"formatid\":\"gen7randombattle\",\"seed\":\"sodium,66510e622a21927ab7cb08e13981df93\",\"rated\":\"Rated battle\"}\n>player p1 {\"name\":\"diegus66\",\"avatar\":\"170\",\"rating\":1558,\"seed\":\"sodium,b7f349346f06ba5d046aac9db5fe419c\"}\n>player p2 {\"name\":\"Meuby Law\",\"avatar\":\"hau-stance\",\"rating\":1596,\"seed\":\"sodium,2e8de9cf519aad394440f2a69b12d22c\"}\n>p1 move leafstorm\n>p2 switch 4\n>p1 switch 4\n>p2 move stealthrock\n>p1 move sludgebomb\n>p2 switch 5\n>p1 switch 5\n>p2 move toxic\n>p1 move thunderbolt\n>p2 switch 6\n>p1 move protect\n>p2 move knockoff\n>p1 move thunderbolt\n>p2 switch 3\n>p1 move flashcannon\n>p2 move hydropump\n>p1 move thunderbolt\n>p2 move hydropump\n>p1 switch 2\n>p1 move psychic mega\n>p2 move hydropump\n>p2 switch 4\n>p1 move focusblast\n>p2 move knockoff mega\n>p1 switch 6\n>p1 move fakeout\n>p2 switch 6\n>p1 move knockoff\n>p2 move toxic\n>p1 switch 4\n>p2 move superfang\n>p1 move leafstorm\n>p2 move icebeam\n>p1 switch 3\n>p1 move thunderbolt\n>p2 move toxic\n>p1 move thunderbolt\n>p2 move superfang\n>p2 switch 3\n>p1 move thunderbolt\n>p2 move highjumpkick\n>p1 switch 4\n>p1 move return\n>p2 switch 5\n>p2 switch 2\n>p1 switch 5\n>p2 move drainpunch\n>p1 move sludgebomb\n>p2 switch 5\n>p2 switch 6\n>p1 move dracometeor\n>p2 move playrough\n>p1 move fireblast\n>p2 move knockoff\n>p1 switch 5\n>chat ☆Meuby Law|gg\n>p1 move fakeout\n>p2 move suckerpunch\n>p1 move return\n>p2 move suckerpunch", "uploadtime": 1769178759, "views": 187, "formatid": "gen7randombattle", "rating": 1540, "private": 0, "password": null}