{"id": "gen7randombattle-2532388170", "format": "[Gen 7] Random Battle", "players": ["Moowithyou", "NTsweeper007"], "log": "|j|☆Moowithyou\n|j|☆NTsweeper007\n|t:|1770169985\n|gametype|singles\n|player|p1|Moowithyou|cynthia-gen4|1597\n|player|p2|NTsweeper007|hilbert-wonderlauncher|1767\n|gen|7\n|tier|[Gen 7] Random Battle\n|rated|\n|rule|Sleep Clause Mod: Limit one foe put to sleep\n|rule|HP Percentage Mod: HP is shown in percentages\n|rule|Illusion Level Mod: Illusion disguises the Pokémon's true level\n|\n|t:|1770169985\n|teamsize|p1|6\n|teamsize|p2|6\n|start\n|switch|p1a: Sawsbuck|Sawsbuck-Winter, L88, F|283/283\n|switch|p2a: Necrozma|Necrozma-Dawn-Wings, L71|255/255\n|turn|1\n|inactive|Battle timer is ON: inactive players will automatically lose when time's up. (requested by NTsweeper007)\n|\n|t:|1770170006\n|switch|p1a: Ambipom|Ambipom, L84, M|263/263\n|switch|p2a: Skarmory|Skarmory, L75, F|221/221\n|\n|upkeep\n|turn|2\n|\n|t:|1770170014\n|move|p1a: Ambipom|Fake Out|p2a: Skarmory\n|-resisted|p2a: Skarmory\n|-damage|p2a: Skarmory|194/221\n|-damage|p1a: Ambipom|220/263|[from] item: Rocky Helmet|[of] p2a: Skarmory\n|cant|p2a: Skarmory|flinch\n|\n|upkeep\n|turn|3\n|\n|t:|1770170019\n|switch|p1a: Volcanion|Volcanion, L81|262/262\n|move|p2a: Skarmory|Spikes|p1a: Volcanion\n|-sidestart|p1: Moowithyou|Spikes\n|\n|upkeep\n|turn|4\n|\n|t:|1770170029\n|switch|p2a: Greninja|Greninja, L79, M|243/243\n|move|p1a: Volcanion|Steam Eruption|p2a: Greninja|[miss]\n|-miss|p1a: Volcanion|p2a: Greninja\n|\n|upkeep\n|turn|5\n|\n|t:|1770170034\n|move|p2a: Greninja|Spikes|p1a: Volcanion\n|-start|p2a: Greninja|typechange|Ground|[from] ability: Protean\n|-sidestart|p1: Moowithyou|Spikes\n|move|p1a: Volcanion|Toxic|p2a: Greninja\n|-status|p2a: Greninja|tox\n|\n|-damage|p2a: Greninja|228/243 tox|[from] psn\n|upkeep\n|turn|6\n|\n|t:|1770170040\n|move|p2a: Greninja|Spikes|p1a: Volcanion\n|-sidestart|p1: Moowithyou|Spikes\n|move|p1a: Volcanion|Steam Eruption|p2a: Greninja\n|-supereffective|p2a: Greninja\n|-damage|p2a: Greninja|0 fnt\n|faint|p2a: Greninja\n|\n|upkeep\n|\n|t:|1770170042\n|switch|p2a: Minun|Minun, L95, F|268/268\n|turn|7\n|\n|t:|1770170048\n|move|p2a: Minun|Thunderbolt|p1a: Volcanion\n|-supereffective|p1a: Volcanion\n|-crit|p1a: Volcanion\n|-damage|p1a: Volcanion|0 fnt\n|faint|p1a: Volcanion\n|-damage|p2a: Minun|242/268|[from] item: Life Orb\n|\n|upkeep\n|\n|t:|1770170052\n|switch|p1a: Glalie|Glalie, L83, M|267/267\n|-damage|p1a: Glalie|201/267|[from] Spikes\n|turn|8\n|\n|t:|1770170061\n|switch|p2a: Skarmory|Skarmory, L75, F|194/221\n|detailschange|p1a: Glalie|Glalie-Mega, L83, M\n|-mega|p1a: Glalie|Glalie|Glalitite\n|move|p1a: Glalie|Earthquake|p2a: Skarmory\n|-immune|p2a: Skarmory\n|\n|upkeep\n|turn|9\n|\n|t:|1770170066\n|move|p1a: Glalie|Spikes|p2a: Skarmory\n|-sidestart|p2: NTsweeper007|Spikes\n|move|p2a: Skarmory|Whirlwind|p1a: Glalie\n|drag|p1a: Raichu|Raichu-Alola, L86, F|243/243\n|-damage|p1a: Raichu|183/243|[from] Spikes\n|\n|upkeep\n|turn|10\n|\n|t:|1770170074\n|move|p1a: Raichu|Thunderbolt|p2a: Skarmory\n|-supereffective|p2a: Skarmory\n|-damage|p2a: Skarmory|0 fnt\n|faint|p2a: Skarmory\n|\n|upkeep\n|\n|t:|1770170076\n|switch|p2a: Minun|Minun, L95, F|242/268\n|-damage|p2a: Minun|209/268|[from] Spikes\n|turn|11\n|\n|t:|1770170081\n|switch|p1a: Ambipom|Ambipom, L84, M|220/263\n|-damage|p1a: Ambipom|155/263|[from] Spikes\n|move|p2a: Minun|Nasty Plot|p2a: Minun\n|-boost|p2a: Minun|spa|2\n|\n|upkeep\n|turn|12\n|\n|t:|1770170087\n|switch|p2a: Necrozma|Necrozma-Dawn-Wings, L71|255/255\n|-damage|p2a: Necrozma|224/255|[from] Spikes\n|move|p1a: Ambipom|Fake Out|p2a: Necrozma\n|-immune|p2a: Necrozma\n|\n|upkeep\n|turn|13\n|\n|t:|1770170093\n|detailschange|p2a: Necrozma|Necrozma-Ultra, L71\n|-burst|p2a: Necrozma|Necrozma|Ultranecrozium Z\n|move|p1a: Ambipom|Knock Off|p2a: Necrozma\n|-supereffective|p2a: Necrozma\n|-damage|p2a: Necrozma|118/255\n|move|p2a: Necrozma|Photon Geyser|p1a: Ambipom\n|-damage|p1a: Ambipom|16/263\n|\n|upkeep\n|turn|14\n|\n|t:|1770170101\n|move|p1a: Ambipom|Return|p2a: Necrozma\n|-damage|p2a: Necrozma|0 fnt\n|faint|p2a: Necrozma\n|detailschange|p2: Necrozma|Necrozma-Dawn-Wings, L71|[silent]\n|\n|upkeep\n|\n|t:|1770170104\n|switch|p2a: Crustle|Crustle, L82, F|249/249\n|-damage|p2a: Crustle|218/249|[from] Spikes\n|turn|15\n|\n|t:|1770170111\n|move|p1a: Ambipom|Low Kick|p2a: Crustle\n|-damage|p2a: Crustle|149/249\n|move|p2a: Crustle|Shell Smash|p2a: Crustle\n|-unboost|p2a: Crustle|def|1\n|-unboost|p2a: Crustle|spd|1\n|-boost|p2a: Crustle|atk|2\n|-boost|p2a: Crustle|spa|2\n|-boost|p2a: Crustle|spe|2\n|-enditem|p2a: Crustle|White Herb\n|-clearnegativeboost|p2a: Crustle|[silent]\n|\n|upkeep\n|turn|16\n|\n|t:|1770170119\n|move|p2a: Crustle|Knock Off|p1a: Ambipom\n|-damage|p1a: Ambipom|0 fnt\n|-enditem|p1a: Ambipom|Silk Scarf|[from] move: Knock Off|[of] p2a: Crustle\n|faint|p1a: Ambipom\n|\n|upkeep\n|\n|t:|1770170127\n|switch|p1a: Clefable|Clefable, L83, M|293/293\n|turn|17\n|\n|t:|1770170130\n|move|p2a: Crustle|Stone Edge|p1a: Clefable\n|-damage|p1a: Clefable|35/293\n|move|p1a: Clefable|Moonblast|p2a: Crustle\n|-damage|p2a: Crustle|5/249\n|\n|upkeep\n|turn|18\n|\n|t:|1770170135\n|move|p2a: Crustle|Knock Off|p1a: Clefable\n|-resisted|p1a: Clefable\n|-damage|p1a: Clefable|0 fnt\n|-enditem|p1a: Clefable|Life Orb|[from] move: Knock Off|[of] p2a: Crustle\n|faint|p1a: Clefable\n|\n|upkeep\n|\n|t:|1770170137\n|switch|p1a: Glalie|Glalie-Mega, L83, M|201/267\n|-damage|p1a: Glalie|135/267|[from] Spikes\n|turn|19\n|\n|t:|1770170140\n|move|p1a: Glalie|Ice Shard|p2a: Crustle\n|-damage|p2a: Crustle|0 fnt\n|faint|p2a: Crustle\n|\n|upkeep\n|\n|t:|1770170141\n|switch|p2a: Minun|Minun, L95, F|209/268\n|-damage|p2a: Minun|176/268|[from] Spikes\n|turn|20\n|\n|t:|1770170144\n|move|p2a: Minun|Thunderbolt|p1a: Glalie\n|-damage|p1a: Glalie|0 fnt\n|faint|p1a: Glalie\n|detailschange|p1: Glalie|Glalie, L83, M|[silent]\n|-damage|p2a: Minun|150/268|[from] item: Life Orb\n|\n|upkeep\n|\n|t:|1770170153\n|switch|p1a: Raichu|Raichu-Alola, L86, F|183/243\n|-damage|p1a: Raichu|123/243|[from] Spikes\n|turn|21\n|\n|t:|1770170157\n|move|p1a: Raichu|Psyshock|p2a: Minun\n|-damage|p2a: Minun|0 fnt\n|faint|p2a: Minun\n|\n|upkeep\n|\n|t:|1770170159\n|switch|p2a: Salamence|Salamence, L70, F|249/249\n|-ability|p2a: Salamence|Intimidate|boost\n|-unboost|p1a: Raichu|atk|1\n|turn|22\n|\n|t:|1770170161\n|detailschange|p2a: Salamence|Salamence-Mega, L70, F\n|-mega|p2a: Salamence|Salamence|Salamencite\n|move|p1a: Raichu|Psyshock|p2a: Salamence\n|-damage|p2a: Salamence|131/249\n|move|p2a: Salamence|Dragon Dance|p2a: Salamence\n|-boost|p2a: Salamence|atk|1\n|-boost|p2a: Salamence|spe|1\n|\n|upkeep\n|turn|23\n|\n|t:|1770170167\n|move|p2a: Salamence|Earthquake|p1a: Raichu\n|-supereffective|p1a: Raichu\n|-damage|p1a: Raichu|0 fnt\n|faint|p1a: Raichu\n|\n|upkeep\n|\n|t:|1770170169\n|switch|p1a: Sawsbuck|Sawsbuck-Winter, L88, F|283/283\n|-damage|p1a: Sawsbuck|213/283|[from] Spikes\n|turn|24\n|\n|t:|1770170171\n|move|p2a: Salamence|Return|p1a: Sawsbuck\n|-supereffective|p1a: Sawsbuck\n|-damage|p1a: Sawsbuck|0 fnt\n|faint|p1a: Sawsbuck\n|\n|win|NTsweeper007\n|raw|Moowithyou's rating: 1597 &rarr; <strong>1586</strong><br />(-11 for losing)\n|raw|NTsweeper007's rating: 1767 &rarr; <strong>1778</strong><br />(+11 for winning)\n|c|☆Moowithyou|ur so bad\n|c|☆NTsweeper007|cry\n|l|☆Moowithyou\n|player|p1|\n", "inputlog": ">version ccdc32dd7cde25fd9e4bed64820e885f66e78a4e\n>start {\"formatid\":\"gen7randombattle\",\"seed\":\"sodium,bdbf8d2f94bca44d92e5ddcb12f9b86c\",\"rated\":\"Rated battle\"}\n>player p1 {\"name\":\"Moowithyou\",\"avatar\":\"cynthia-gen4\",\"rating\":1597,\"seed\":\"sodium,7dbc9070c887b42e26329b45ff0d3d7b\"}\n>player p2 {\"name\":\"NTsweeper007\",\"avatar\":\"hilbert-wonderlauncher\",\"rating\":1767,\"seed\":\"sodium,d9a6dfbbdc6b7247547ef8d9718045d4\"}\n>p1 switch 3\n>p2 switch 2\n>p1 move fakeout\n>p2 move spikes\n>p1 switch 4\n>p2 move spikes\n>p1 move steameruption\n>p2 switch 4\n>p1 move toxic\n>p2 move spikes\n>p1 move steameruption\n>p2 move spikes\n>p2 switch 5\n>p1 move earthpower\n>p2 move thunderbolt\n>p1 switch 2\n>p1 move earthquake mega\n>p2 switch 4\n>p1 move spikes\n>p2 move whirlwind\n>p1 move thunderbolt\n>p2 move whirlwind\n>p2 switch 4\n>p1 switch 4\n>p2 move nastyplot\n>p1 move fakeout\n>p2 switch 2\n>p1 move knockoff\n>p2 move photongeyser ultra\n>p1 move return\n>p2 move photongeyser\n>p2 switch 6\n>p1 move lowkick\n>p2 move shellsmash\n>p1 move return\n>p2 move knockoff\n>p1 switch 6\n>p1 move moonblast\n>p2 move stoneedge\n>p1 move moonblast\n>p2 move knockoff\n>p1 switch 5\n>p1 move iceshard\n>p2 move knockoff\n>p2 switch 2\n>p1 move earthquake\n>p2 move thunderbolt\n>p1 switch 4\n>p1 move psyshock\n>p2 move nastyplot\n>p2 switch 3\n>p1 move psyshock\n>p2 move dragondance mega\n>p1 move psyshock\n>p2 move earthquake\n>p1 switch 3\n>p1 move headbutt\n>p2 move return", "uploadtime": 1770170181, "views": 137, "formatid": "gen7randombattle", "rating": 1586, "private": 0, "password": null}