{"id": "gen7randombattle-2538145774", "format": "[Gen 7] Random Battle", "players": ["superwooper96", "bin2409"], "log": "|j|☆superwooper96\n|j|☆bin2409\n|t:|1770899270\n|gametype|singles\n|player|p1|superwooper96|ninjaboy|1894\n|player|p2|bin2409|lucas|1880\n|gen|7\n|tier|[Gen 7] Random Battle\n|rated|\n|rule|Sleep Clause Mod: Limit one foe put to sleep\n|rule|HP Percentage Mod: HP is shown in percentages\n|rule|Illusion Level Mod: Illusion disguises the Pokémon's true level\n|\n|t:|1770899270\n|teamsize|p1|6\n|teamsize|p2|6\n|start\n|switch|p1a: Walrein|Walrein, L90, F|344/344\n|switch|p2a: Electivire|Electivire, L86, M|269/269\n|turn|1\n|\n|t:|1770899292\n|switch|p1a: Gourgeist|Gourgeist, L91, M|266/266\n|-item|p2a: Electivire|Life Orb|[from] ability: Frisk|[of] p1a: Gourgeist\n|move|p2a: Electivire|Wild Charge|p1a: Gourgeist\n|-resisted|p1a: Gourgeist\n|-damage|p1a: Gourgeist|211/266\n|-damage|p2a: Electivire|255/269|[from] Recoil\n|-damage|p2a: Electivire|229/269|[from] item: Life Orb\n|\n|-heal|p1a: Gourgeist|227/266|[from] item: Leftovers\n|upkeep\n|turn|2\n|\n|t:|1770899304\n|switch|p2a: Torkoal|Torkoal, L84, M|255/255\n|-weather|SunnyDay|[from] ability: Drought|[of] p2a: Torkoal\n|move|p1a: Gourgeist|Will-O-Wisp|p2a: Torkoal|[miss]\n|-miss|p1a: Gourgeist|p2a: Torkoal\n|\n|-weather|SunnyDay|[upkeep]\n|-heal|p1a: Gourgeist|243/266|[from] item: Leftovers\n|upkeep\n|turn|3\n|\n|t:|1770899313\n|switch|p1a: Walrein|Walrein, L90, F|344/344\n|move|p2a: Torkoal|Yawn|p1a: Walrein\n|-start|p1a: Walrein|move: Yawn|[of] p2a: Torkoal\n|\n|-weather|SunnyDay|[upkeep]\n|upkeep\n|turn|4\n|\n|t:|1770899318\n|switch|p1a: Toxapex|Toxapex, L80, M|211/211\n|move|p2a: Torkoal|Stealth Rock|p1a: Toxapex\n|-sidestart|p1: superwooper96|move: Stealth Rock\n|\n|-weather|SunnyDay|[upkeep]\n|upkeep\n|turn|5\n|\n|t:|1770899326\n|switch|p2a: Celebi|Celebi, L82|298/298\n|move|p1a: Toxapex|Toxic|p2a: Celebi\n|-status|p2a: Celebi|tox\n|\n|-weather|SunnyDay|[upkeep]\n|-damage|p2a: Celebi|280/298 tox|[from] psn\n|upkeep\n|turn|6\n|\n|t:|1770899338\n|switch|p1a: Heatran|Heatran, L80, M|277/277\n|-damage|p1a: Heatran|243/277|[from] Stealth Rock\n|move|p2a: Celebi|Nasty Plot|p2a: Celebi\n|-boost|p2a: Celebi|spa|2\n|\n|-weather|none\n|-heal|p1a: Heatran|260/277|[from] item: Leftovers\n|-damage|p2a: Celebi|244/298 tox|[from] psn\n|upkeep\n|turn|7\n|\n|t:|1770899355\n|-curestatus|p2a: Celebi|tox|[from] ability: Natural Cure\n|switch|p2a: Torkoal|Torkoal, L84, M|255/255\n|-weather|SunnyDay|[from] ability: Drought|[of] p2a: Torkoal\n|switch|p1a: Gourgeist|Gourgeist, L91, M|243/266\n|-damage|p1a: Gourgeist|210/266|[from] Stealth Rock\n|-item|p2a: Torkoal|Leftovers|[from] ability: Frisk|[of] p1a: Gourgeist\n|\n|-weather|SunnyDay|[upkeep]\n|-heal|p1a: Gourgeist|226/266|[from] item: Leftovers\n|upkeep\n|turn|8\n|\n|t:|1770899365\n|switch|p1a: Toxapex|Toxapex, L80, M|211/211\n|-damage|p1a: Toxapex|185/211|[from] Stealth Rock\n|move|p2a: Torkoal|Yawn|p1a: Toxapex\n|-start|p1a: Toxapex|move: Yawn|[of] p2a: Torkoal\n|\n|-weather|SunnyDay|[upkeep]\n|-heal|p1a: Toxapex|198/211|[from] item: Black Sludge\n|upkeep\n|turn|9\n|\n|t:|1770899370\n|move|p1a: Toxapex|Toxic|p2a: Torkoal\n|-status|p2a: Torkoal|tox\n|move|p2a: Torkoal|Lava Plume|p1a: Toxapex\n|-resisted|p1a: Toxapex\n|-damage|p1a: Toxapex|159/211\n|\n|-weather|SunnyDay|[upkeep]\n|-heal|p1a: Toxapex|172/211|[from] item: Black Sludge\n|-damage|p2a: Torkoal|240/255 tox|[from] psn\n|-end|p1a: Toxapex|move: Yawn|[silent]\n|-status|p1a: Toxapex|slp\n|upkeep\n|turn|10\n|\n|t:|1770899379\n|switch|p1a: Heatran|Heatran, L80, M|260/277\n|-damage|p1a: Heatran|226/277|[from] Stealth Rock\n|switch|p2a: Electivire|Electivire, L86, M|229/269\n|\n|-weather|SunnyDay|[upkeep]\n|-heal|p1a: Heatran|243/277|[from] item: Leftovers\n|upkeep\n|turn|11\n|\n|t:|1770899388\n|switch|p1a: Gourgeist|Gourgeist, L91, M|226/266\n|-damage|p1a: Gourgeist|193/266|[from] Stealth Rock\n|-item|p2a: Electivire|Life Orb|[from] ability: Frisk|[of] p1a: Gourgeist\n|move|p2a: Electivire|Earthquake|p1a: Gourgeist\n|-resisted|p1a: Gourgeist\n|-damage|p1a: Gourgeist|153/266\n|-damage|p2a: Electivire|203/269|[from] item: Life Orb\n|\n|-weather|none\n|-heal|p1a: Gourgeist|169/266|[from] item: Leftovers\n|upkeep\n|turn|12\n|\n|t:|1770899395\n|move|p2a: Electivire|Flamethrower|p1a: Gourgeist\n|-supereffective|p1a: Gourgeist\n|-damage|p1a: Gourgeist|0 fnt\n|faint|p1a: Gourgeist\n|-damage|p2a: Electivire|177/269|[from] item: Life Orb\n|\n|upkeep\n|\n|t:|1770899415\n|switch|p1a: Serperior|Serperior, L80, F|251/251\n|-damage|p1a: Serperior|220/251|[from] Stealth Rock\n|turn|13\n|\n|t:|1770899426\n|switch|p2a: Torkoal|Torkoal, L84, M|240/255 tox\n|-weather|SunnyDay|[from] ability: Drought|[of] p2a: Torkoal\n|move|p1a: Serperior|Leaf Storm|p2a: Torkoal\n|-resisted|p2a: Torkoal\n|-damage|p2a: Torkoal|166/255 tox\n|-boost|p1a: Serperior|spa|2\n|-damage|p1a: Serperior|195/251|[from] item: Life Orb\n|\n|-weather|SunnyDay|[upkeep]\n|-heal|p2a: Torkoal|181/255 tox|[from] item: Leftovers\n|-damage|p2a: Torkoal|166/255 tox|[from] psn\n|upkeep\n|turn|14\n|\n|t:|1770899434\n|switch|p1a: Heatran|Heatran, L80, M|243/277\n|-damage|p1a: Heatran|209/277|[from] Stealth Rock\n|move|p2a: Torkoal|Lava Plume|p1a: Heatran\n|-start|p1a: Heatran|ability: Flash Fire\n|\n|-weather|SunnyDay|[upkeep]\n|-heal|p1a: Heatran|226/277|[from] item: Leftovers\n|-heal|p2a: Torkoal|181/255 tox|[from] item: Leftovers\n|-damage|p2a: Torkoal|151/255 tox|[from] psn\n|upkeep\n|turn|15\n|\n|t:|1770899447\n|switch|p2a: Pyukumuku|Pyukumuku, L92, M|251/251\n|move|p1a: Heatran|Stealth Rock|p2a: Pyukumuku\n|-sidestart|p2: bin2409|move: Stealth Rock\n|\n|-weather|SunnyDay|[upkeep]\n|-heal|p1a: Heatran|243/277|[from] item: Leftovers\n|upkeep\n|turn|16\n|\n|t:|1770899456\n|move|p1a: Heatran|Taunt|p2a: Pyukumuku\n|-start|p2a: Pyukumuku|move: Taunt\n|cant|p2a: Pyukumuku|move: Taunt|Block\n|\n|-weather|SunnyDay|[upkeep]\n|-heal|p1a: Heatran|260/277|[from] item: Leftovers\n|upkeep\n|turn|17\n|\n|t:|1770899459\n|switch|p2a: Torkoal|Torkoal, L84, M|151/255 tox\n|-damage|p2a: Torkoal|88/255 tox|[from] Stealth Rock\n|move|p1a: Heatran|Magma Storm|p2a: Torkoal\n|-resisted|p2a: Torkoal\n|-damage|p2a: Torkoal|0 fnt\n|faint|p2a: Torkoal\n|\n|-weather|none\n|-heal|p1a: Heatran|277/277|[from] item: Leftovers\n|upkeep\n|\n|t:|1770899463\n|switch|p2a: Electivire|Electivire, L86, M|177/269\n|-damage|p2a: Electivire|144/269|[from] Stealth Rock\n|turn|18\n|\n|t:|1770899478\n|-end|p1a: Heatran|ability: Flash Fire|[silent]\n|switch|p1a: Toxapex|Toxapex, L80, M|211/211 slp\n|-damage|p1a: Toxapex|185/211 slp|[from] Stealth Rock\n|move|p2a: Electivire|Earthquake|p1a: Toxapex\n|-supereffective|p1a: Toxapex\n|-damage|p1a: Toxapex|16/211 slp\n|-damage|p2a: Electivire|118/269|[from] item: Life Orb\n|\n|-heal|p1a: Toxapex|29/211 slp|[from] item: Black Sludge\n|upkeep\n|turn|19\n|\n|t:|1770899485\n|move|p2a: Electivire|Earthquake|p1a: Toxapex\n|-supereffective|p1a: Toxapex\n|-crit|p1a: Toxapex\n|-damage|p1a: Toxapex|0 fnt\n|faint|p1a: Toxapex\n|-damage|p2a: Electivire|92/269|[from] item: Life Orb\n|\n|upkeep\n|\n|t:|1770899488\n|switch|p1a: Serperior|Serperior, L80, F|195/251\n|-damage|p1a: Serperior|164/251|[from] Stealth Rock\n|turn|20\n|\n|t:|1770899501\n|switch|p2a: Celebi|Celebi, L82|244/298\n|-damage|p2a: Celebi|207/298|[from] Stealth Rock\n|move|p1a: Serperior|Leaf Storm|p2a: Celebi\n|-resisted|p2a: Celebi\n|-damage|p2a: Celebi|149/298\n|-boost|p1a: Serperior|spa|2\n|-damage|p1a: Serperior|139/251|[from] item: Life Orb\n|\n|upkeep\n|turn|21\n|\n|t:|1770899508\n|move|p1a: Serperior|Hidden Power|p2a: Celebi\n|-supereffective|p2a: Celebi\n|-damage|p2a: Celebi|0 fnt\n|faint|p2a: Celebi\n|-damage|p1a: Serperior|114/251|[from] item: Life Orb\n|\n|upkeep\n|\n|t:|1770899513\n|switch|p2a: Sharpedo|Sharpedo, L82, M|249/249\n|-damage|p2a: Sharpedo|218/249|[from] Stealth Rock\n|turn|22\n|\n|t:|1770899524\n|switch|p1a: Walrein|Walrein, L90, F|344/344\n|-damage|p1a: Walrein|258/344|[from] Stealth Rock\n|move|p2a: Sharpedo|Protect||[still]\n|-fail|p2a: Sharpedo\n|\n|-heal|p1a: Walrein|279/344|[from] item: Leftovers\n|-ability|p2a: Sharpedo|Speed Boost|boost\n|-boost|p2a: Sharpedo|spe|1\n|upkeep\n|turn|23\n|\n|t:|1770899544\n|switch|p2a: Pyukumuku|Pyukumuku, L92, M|251/251\n|-damage|p2a: Pyukumuku|220/251|[from] Stealth Rock\n|move|p1a: Walrein|Toxic|p2a: Pyukumuku\n|-status|p2a: Pyukumuku|tox\n|\n|-heal|p1a: Walrein|300/344|[from] item: Leftovers\n|-heal|p2a: Pyukumuku|235/251 tox|[from] item: Leftovers\n|-damage|p2a: Pyukumuku|220/251 tox|[from] psn\n|upkeep\n|turn|24\n|\n|t:|1770899554\n|switch|p1a: Heatran|Heatran, L80, M|277/277\n|-damage|p1a: Heatran|243/277|[from] Stealth Rock\n|move|p2a: Pyukumuku|Block|p1a: Heatran\n|-activate|p1a: Heatran|trapped\n|\n|-heal|p1a: Heatran|260/277|[from] item: Leftovers\n|-heal|p2a: Pyukumuku|235/251 tox|[from] item: Leftovers\n|-damage|p2a: Pyukumuku|205/251 tox|[from] psn\n|upkeep\n|turn|25\n|\n|t:|1770899559\n|switch|p2a: Electivire|Electivire, L86, M|92/269\n|-damage|p2a: Electivire|59/269|[from] Stealth Rock\n|move|p1a: Heatran|Magma Storm|p2a: Electivire\n|-damage|p2a: Electivire|0 fnt\n|faint|p2a: Electivire\n|\n|-heal|p1a: Heatran|277/277|[from] item: Leftovers\n|upkeep\n|\n|t:|1770899565\n|switch|p2a: Sharpedo|Sharpedo, L82, M|218/249\n|-damage|p2a: Sharpedo|187/249|[from] Stealth Rock\n|turn|26\n|\n|t:|1770899584\n|move|p2a: Sharpedo|Waterfall|p1a: Heatran\n|-supereffective|p1a: Heatran\n|-damage|p1a: Heatran|107/277\n|move|p1a: Heatran|Magma Storm|p2a: Sharpedo|[miss]\n|-miss|p1a: Heatran|p2a: Sharpedo\n|\n|-heal|p1a: Heatran|124/277|[from] item: Leftovers\n|-ability|p2a: Sharpedo|Speed Boost|boost\n|-boost|p2a: Sharpedo|spe|1\n|upkeep\n|turn|27\n|\n|t:|1770899592\n|switch|p1a: Walrein|Walrein, L90, F|300/344\n|-damage|p1a: Walrein|214/344|[from] Stealth Rock\n|detailschange|p2a: Sharpedo|Sharpedo-Mega, L82, M\n|-mega|p2a: Sharpedo|Sharpedo|Sharpedonite\n|move|p2a: Sharpedo|Crunch|p1a: Walrein\n|-damage|p1a: Walrein|76/344\n|\n|-heal|p1a: Walrein|97/344|[from] item: Leftovers\n|upkeep\n|turn|28\n|\n|t:|1770899597\n|move|p2a: Sharpedo|Crunch|p1a: Walrein\n|-damage|p1a: Walrein|0 fnt\n|faint|p1a: Walrein\n|\n|upkeep\n|\n|t:|1770899599\n|switch|p1a: Braviary|Braviary, L83, M|302/302\n|-damage|p1a: Braviary|227/302|[from] Stealth Rock\n|turn|29\n|\n|t:|1770899613\n|move|p2a: Sharpedo|Crunch|p1a: Braviary\n|-damage|p1a: Braviary|50/302\n|move|p1a: Braviary|Superpower|p2a: Sharpedo\n|-supereffective|p2a: Sharpedo\n|-damage|p2a: Sharpedo|0 fnt\n|-unboost|p1a: Braviary|atk|1\n|-unboost|p1a: Braviary|def|1\n|faint|p2a: Sharpedo\n|detailschange|p2: Sharpedo|Sharpedo, L82, M|[silent]\n|\n|upkeep\n|\n|t:|1770899619\n|switch|p2a: Vivillon|Vivillon-Marine, L85, M|275/275\n|-damage|p2a: Vivillon|138/275|[from] Stealth Rock\n|turn|30\n|\n|t:|1770899634\n|switch|p1a: Heatran|Heatran, L80, M|124/277\n|-damage|p1a: Heatran|90/277|[from] Stealth Rock\n|move|p2a: Vivillon|Quiver Dance|p2a: Vivillon\n|-boost|p2a: Vivillon|spa|1\n|-boost|p2a: Vivillon|spd|1\n|-boost|p2a: Vivillon|spe|1\n|\n|-heal|p2a: Vivillon|155/275|[from] item: Leftovers\n|-heal|p1a: Heatran|107/277|[from] item: Leftovers\n|upkeep\n|turn|31\n|\n|t:|1770899638\n|move|p2a: Vivillon|Sleep Powder|p1a: Heatran\n|-status|p1a: Heatran|slp|[from] move: Sleep Powder\n|cant|p1a: Heatran|slp\n|\n|-heal|p2a: Vivillon|172/275|[from] item: Leftovers\n|-heal|p1a: Heatran|124/277 slp|[from] item: Leftovers\n|upkeep\n|turn|32\n|\n|t:|1770899642\n|move|p2a: Vivillon|Hurricane|p1a: Heatran\n|-resisted|p1a: Heatran\n|-damage|p1a: Heatran|44/277 slp\n|cant|p1a: Heatran|slp\n|\n|-heal|p2a: Vivillon|189/275|[from] item: Leftovers\n|-heal|p1a: Heatran|61/277 slp|[from] item: Leftovers\n|upkeep\n|turn|33\n|\n|t:|1770899648\n|move|p2a: Vivillon|Hurricane|p1a: Heatran\n|-resisted|p1a: Heatran\n|-damage|p1a: Heatran|0 fnt\n|faint|p1a: Heatran\n|\n|-heal|p2a: Vivillon|206/275|[from] item: Leftovers\n|upkeep\n|-message|superwooper96 forfeited.\n|\n|win|bin2409\n|raw|superwooper96's rating: 1894 &rarr; <strong>1873</strong><br />(-21 for losing)\n|raw|bin2409's rating: 1880 &rarr; <strong>1901</strong><br />(+21 for winning)\n|l|☆superwooper96\n|player|p1|\n", "inputlog": ">version ccdc32dd7cde25fd9e4bed64820e885f66e78a4e\n>start {\"formatid\":\"gen7randombattle\",\"seed\":\"sodium,2ec892c04e5a7a8ba5f06bef704fb2a3\",\"rated\":\"Rated battle\"}\n>player p1 {\"name\":\"superwooper96\",\"avatar\":\"ninjaboy\",\"rating\":1894,\"seed\":\"sodium,8b7a348d42654f8e4965dcf0f7228a55\"}\n>player p2 {\"name\":\"bin2409\",\"avatar\":\"lucas\",\"rating\":1880,\"seed\":\"sodium,fdd5574350fa8dd2c115327463e6d248\"}\n>p1 switch 6\n>p2 move wildcharge\n>p1 move willowisp\n>p2 switch 6\n>p1 switch 6\n>p2 move yawn\n>p1 switch 5\n>p2 move stealthrock\n>p1 move toxic\n>p2 switch 3\n>p1 switch 4\n>p2 move nastyplot\n>p1 switch 6\n>p2 switch 3\n>p1 switch 4\n>p2 move yawn\n>p1 move toxic\n>p2 move lavaplume\n>p1 switch 6\n>p2 switch 6\n>p1 switch 4\n>p2 move earthquake\n>p1 move synthesis\n>p2 move flamethrower\n>p1 switch 3\n>p1 move leafstorm\n>p2 switch 6\n>p1 switch 4\n>p2 move lavaplume\n>p1 move stealthrock\n>p2 switch 2\n>p1 move taunt\n>p2 move block\n>p1 move magmastorm\n>p2 switch 2\n>p2 switch 6\n>p1 switch 6\n>p2 move earthquake\n>p1 move toxic\n>p2 move earthquake\n>p1 switch 4\n>p1 move leafstorm\n>p2 switch 3\n>p1 move hiddenpower\n>p2 move recover\n>p2 switch 4\n>p1 switch 5\n>p2 move protect\n>p1 move toxic\n>p2 switch 2\n>p1 switch 6\n>p2 move block\n>p1 move magmastorm\n>p2 switch 3\n>p2 switch 2\n>p1 move magmastorm\n>p2 move waterfall\n>p1 switch 6\n>p2 move crunch mega\n>p1 move toxic\n>p2 move crunch\n>p1 switch 2\n>p1 move superpower\n>p2 move crunch\n>p2 switch 5\n>p1 switch 6\n>p2 move quiverdance\n>p1 move magmastorm\n>p2 move sleeppowder\n>p1 move magmastorm\n>p2 move hurricane\n>p1 move magmastorm\n>p2 move hurricane\n>forcelose p1", "uploadtime": 1770899675, "views": 231, "formatid": "gen7randombattle", "rating": 1873, "private": 0, "password": null}