{"id": "gen7randombattle-2527291302", "format": "[Gen 7] Random Battle", "players": ["H4y4sh1", "water is delicious"], "log": "|j|☆H4y4sh1\n|j|☆water is delicious\n|t:|1769524304\n|gametype|singles\n|player|p1|H4y4sh1|hilbert-masters|1618\n|player|p2|water is delicious|169|1556\n|gen|7\n|tier|[Gen 7] Random Battle\n|rated|\n|rule|Sleep Clause Mod: Limit one foe put to sleep\n|rule|HP Percentage Mod: HP is shown in percentages\n|rule|Illusion Level Mod: Illusion disguises the Pokémon's true level\n|\n|t:|1769524304\n|teamsize|p1|6\n|teamsize|p2|6\n|start\n|switch|p1a: Deoxys|Deoxys-Speed, L81|214/214\n|switch|p2a: Honchkrow|Honchkrow, L83, F|302/302\n|-ability|p1a: Deoxys|Pressure\n|turn|1\n|inactive|Battle timer is ON: inactive players will automatically lose when time's up. (requested by water is delicious)\n|\n|t:|1769524332\n|switch|p1a: Donphan|Donphan, L84, F|288/288\n|move|p2a: Honchkrow|Brave Bird|p1a: Donphan\n|-damage|p1a: Donphan|135/288\n|-damage|p2a: Honchkrow|252/302|[from] Recoil\n|-damage|p2a: Honchkrow|222/302|[from] item: Life Orb\n|\n|-heal|p1a: Donphan|153/288|[from] item: Leftovers\n|upkeep\n|turn|2\n|\n|t:|1769524338\n|move|p2a: Honchkrow|Brave Bird|p1a: Donphan\n|-damage|p1a: Donphan|5/288\n|-damage|p2a: Honchkrow|173/302|[from] Recoil\n|-damage|p2a: Honchkrow|143/302|[from] item: Life Orb\n|move|p1a: Donphan|Stealth Rock|p2a: Honchkrow\n|-sidestart|p2: water is delicious|move: Stealth Rock\n|\n|-heal|p1a: Donphan|23/288|[from] item: Leftovers\n|upkeep\n|turn|3\n|inactive|H4y4sh1 has 120 seconds left.\n|\n|t:|1769524371\n|move|p2a: Honchkrow|Pursuit|p1a: Donphan\n|-damage|p1a: Donphan|0 fnt\n|faint|p1a: Donphan\n|-ability|p2a: Honchkrow|Moxie|boost\n|-boost|p2a: Honchkrow|atk|1\n|-damage|p2a: Honchkrow|113/302|[from] item: Life Orb\n|\n|upkeep\n|inactive|H4y4sh1 has 120 seconds left.\n|\n|t:|1769524377\n|switch|p1a: Abomasnow|Abomasnow, L83, M|285/285\n|-weather|Hail|[from] ability: Snow Warning|[of] p1a: Abomasnow\n|turn|4\n|\n|t:|1769524393\n|switch|p2a: Magnezone|Magnezone, L84|255/255\n|-damage|p2a: Magnezone|240/255|[from] Stealth Rock\n|move|p1a: Abomasnow|Ice Shard|p2a: Magnezone\n|-resisted|p2a: Magnezone\n|-damage|p2a: Magnezone|225/255\n|\n|-weather|Hail|[upkeep]\n|-damage|p2a: Magnezone|210/255|[from] Hail\n|upkeep\n|turn|5\n|inactive|H4y4sh1 has 120 seconds left.\n|\n|t:|1769524421\n|move|p2a: Magnezone|Flash Cannon|p1a: Abomasnow\n|-supereffective|p1a: Abomasnow\n|-damage|p1a: Abomasnow|69/285\n|move|p1a: Abomasnow|Earthquake|p2a: Magnezone\n|-supereffective|p2a: Magnezone\n|-damage|p2a: Magnezone|0 fnt\n|faint|p2a: Magnezone\n|\n|-weather|Hail|[upkeep]\n|upkeep\n|inactive|water is delicious has 120 seconds left.\n|\n|t:|1769524437\n|switch|p2a: Maractus|Maractus, M|312/312\n|-damage|p2a: Maractus|273/312|[from] Stealth Rock\n|turn|6\n|\n|t:|1769524442\n|detailschange|p1a: Abomasnow|Abomasnow-Mega, L83, M\n|-mega|p1a: Abomasnow|Abomasnow|Abomasite\n|move|p1a: Abomasnow|Ice Shard|p2a: Maractus\n|-supereffective|p2a: Maractus\n|-damage|p2a: Maractus|171/312\n|move|p2a: Maractus|Hidden Power|p1a: Abomasnow\n|-supereffective|p1a: Abomasnow\n|-damage|p1a: Abomasnow|0 fnt\n|faint|p1a: Abomasnow\n|detailschange|p1: Abomasnow|Abomasnow, L83, M|[silent]\n|\n|-weather|Hail|[upkeep]\n|-damage|p2a: Maractus|152/312|[from] Hail\n|-heal|p2a: Maractus|171/312|[from] item: Leftovers\n|upkeep\n|\n|t:|1769524454\n|switch|p1a: Kyurem|Kyurem-White, L75|311/311\n|-ability|p1a: Kyurem|Turboblaze\n|turn|7\n|\n|t:|1769524459\n|move|p1a: Kyurem|Ice Beam|p2a: Maractus\n|-supereffective|p2a: Maractus\n|-damage|p2a: Maractus|0 fnt\n|faint|p2a: Maractus\n|-damage|p1a: Kyurem|280/311|[from] item: Life Orb\n|\n|-weather|Hail|[upkeep]\n|upkeep\n|\n|t:|1769524466\n|switch|p2a: Chimecho|Chimecho, L95, F|296/296\n|-damage|p2a: Chimecho|259/296|[from] Stealth Rock\n|turn|8\n|\n|t:|1769524471\n|switch|p1a: Doublade|Doublade, L85, M|239/239\n|move|p2a: Chimecho|Toxic|p1a: Doublade\n|-immune|p1a: Doublade\n|\n|-weather|none\n|-heal|p2a: Chimecho|277/296|[from] item: Leftovers\n|upkeep\n|turn|9\n|\n|t:|1769524483\n|move|p2a: Chimecho|Defog|p1a: Doublade\n|-unboost|p1a: Doublade|evasion|1\n|-sideend|p2: water is delicious|Stealth Rock|[from] move: Defog|[of] p2a: Chimecho\n|move|p1a: Doublade|Swords Dance|p1a: Doublade\n|-boost|p1a: Doublade|atk|2\n|\n|-heal|p2a: Chimecho|295/296|[from] item: Leftovers\n|upkeep\n|turn|10\n|\n|t:|1769524502\n|move|p1a: Doublade|Shadow Sneak|p2a: Chimecho\n|-supereffective|p2a: Chimecho\n|-damage|p2a: Chimecho|109/296\n|move|p2a: Chimecho|Psychic|p1a: Doublade\n|-resisted|p1a: Doublade\n|-damage|p1a: Doublade|179/239\n|\n|-heal|p2a: Chimecho|127/296|[from] item: Leftovers\n|upkeep\n|turn|11\n|\n|t:|1769524508\n|switch|p2a: Whiscash|Whiscash, L89, M|341/341\n|move|p1a: Doublade|Swords Dance|p1a: Doublade\n|-boost|p1a: Doublade|atk|2\n|\n|upkeep\n|turn|12\n|\n|t:|1769524512\n|move|p2a: Whiscash|Earthquake|p1a: Doublade\n|-supereffective|p1a: Doublade\n|-damage|p1a: Doublade|67/239\n|-damage|p2a: Whiscash|307/341|[from] item: Life Orb\n|move|p1a: Doublade|Sacred Sword|p2a: Whiscash\n|-damage|p2a: Whiscash|70/341\n|\n|upkeep\n|turn|13\n|\n|t:|1769524523\n|move|p1a: Doublade|Shadow Sneak|p2a: Whiscash\n|-damage|p2a: Whiscash|0 fnt\n|faint|p2a: Whiscash\n|\n|upkeep\n|\n|t:|1769524526\n|switch|p2a: Honchkrow|Honchkrow, L83, F|113/302\n|turn|14\n|\n|t:|1769524535\n|switch|p1a: Dustox|Dustox, L96, M|271/271\n|move|p2a: Honchkrow|Sucker Punch||[still]\n|-fail|p2a: Honchkrow\n|\n|upkeep\n|turn|15\n|\n|t:|1769524549\n|move|p1a: Dustox|Sludge Bomb|p2a: Honchkrow\n|-damage|p2a: Honchkrow|0 fnt\n|faint|p2a: Honchkrow\n|\n|upkeep\n|\n|t:|1769524557\n|switch|p2a: Chimecho|Chimecho, L95, F|127/296\n|turn|16\n|\n|t:|1769524561\n|move|p1a: Dustox|Bug Buzz|p2a: Chimecho\n|-supereffective|p2a: Chimecho\n|-damage|p2a: Chimecho|0 fnt\n|faint|p2a: Chimecho\n|\n|upkeep\n|-message|water is delicious forfeited.\n|\n|win|H4y4sh1\n|raw|H4y4sh1's rating: 1618 &rarr; <strong>1634</strong><br />(+16 for winning)\n|raw|water is delicious's rating: 1556 &rarr; <strong>1540</strong><br />(-16 for losing)\n|l|☆water is delicious\n|player|p2|\n", "inputlog": ">version b99ff0165a6231f17e8b78c2a78d1998375de664\n>start {\"formatid\":\"gen7randombattle\",\"seed\":\"sodium,75baee0a8ef95bf2cfd469fca9e269e5\",\"rated\":\"Rated battle\"}\n>player p1 {\"name\":\"H4y4sh1\",\"avatar\":\"hilbert-masters\",\"rating\":1618,\"seed\":\"sodium,0d05e2bb760417edd683008044ff8d69\"}\n>player p2 {\"name\":\"water is delicious\",\"avatar\":\"169\",\"rating\":1556,\"seed\":\"sodium,c7c91f7485b9966f1b0879012650c11c\"}\n>p1 switch 2\n>p2 move bravebird\n>p1 move stealthrock\n>p2 move bravebird\n>p1 move knockoff\n>p2 move pursuit\n>p1 switch 3\n>p1 move iceshard\n>p2 switch 3\n>p1 move earthquake\n>p2 move flashcannon\n>p2 switch 6\n>p1 move iceshard mega\n>p2 move hiddenpower\n>p1 switch 5\n>p1 move icebeam\n>p2 move toxic\n>p2 switch 4\n>p1 switch 6\n>p2 move toxic\n>p1 move swordsdance\n>p2 move defog\n>p1 move shadowsneak\n>p2 move psychic\n>p1 move swordsdance\n>p2 switch 5\n>p1 move sacredsword\n>p2 move earthquake\n>p1 move shadowsneak\n>p2 move earthquake\n>p2 switch 3\n>p1 switch 4\n>p2 move suckerpunch\n>p1 move sludgebomb\n>p2 move bravebird\n>p2 switch 5\n>p1 move bugbuzz\n>p2 move psychic\n>forcelose p2", "uploadtime": 1769524571, "views": 222, "formatid": "gen7randombattle", "rating": 1540, "private": 0, "password": null}