{"id": "gen7randombattle-2534543854", "format": "[Gen 7] Random Battle", "players": ["kwijibo89", "bin2409"], "log": "|j|‽kwijibo89\n|j|☆bin2409\n|t:|1770434836\n|gametype|singles\n|player|p1|kwijibo89|fisherman-gen4|1680\n|player|p2|bin2409|lucas|1929\n|gen|7\n|tier|[Gen 7] Random Battle\n|rated|\n|rule|Sleep Clause Mod: Limit one foe put to sleep\n|rule|HP Percentage Mod: HP is shown in percentages\n|rule|Illusion Level Mod: Illusion disguises the Pokémon's true level\n|\n|t:|1770434836\n|teamsize|p1|6\n|teamsize|p2|6\n|start\n|switch|p1a: Seaking|Seaking, L95, F|306/306\n|switch|p2a: Lumineon|Lumineon, L93, F|279/279\n|turn|1\n|\n|t:|1770434857\n|move|p2a: Lumineon|Toxic|p1a: Seaking\n|-status|p1a: Seaking|tox\n|move|p1a: Seaking|Knock Off|p2a: Lumineon\n|-damage|p2a: Lumineon|162/279\n|-enditem|p2a: Lumineon|Leftovers|[from] move: Knock Off|[of] p1a: Seaking\n|-damage|p1a: Seaking|276/306 tox|[from] item: Life Orb\n|\n|-damage|p1a: Seaking|257/306 tox|[from] psn\n|upkeep\n|turn|2\n|inactive|Battle timer is ON: inactive players will automatically lose when time's up. (requested by kwijibo89)\n|\n|t:|1770434868\n|move|p2a: Lumineon|Scald|p1a: Seaking\n|-resisted|p1a: Seaking\n|-damage|p1a: Seaking|221/306 tox\n|move|p1a: Seaking|Waterfall|p2a: Lumineon\n|-ability|p2a: Lumineon|Storm Drain|boost\n|-boost|p2a: Lumineon|spa|1\n|\n|-damage|p1a: Seaking|183/306 tox|[from] psn\n|upkeep\n|turn|3\n|\n|t:|1770434875\n|move|p2a: Lumineon|Scald|p1a: Seaking\n|-resisted|p1a: Seaking\n|-damage|p1a: Seaking|123/306 tox\n|move|p1a: Seaking|Drill Run|p2a: Lumineon\n|-damage|p2a: Lumineon|75/279\n|-damage|p1a: Seaking|93/306 tox|[from] item: Life Orb\n|\n|-damage|p1a: Seaking|36/306 tox|[from] psn\n|upkeep\n|turn|4\n|\n|t:|1770434882\n|move|p2a: Lumineon|Scald|p1a: Seaking\n|-resisted|p1a: Seaking\n|-damage|p1a: Seaking|0 fnt\n|faint|p1a: Seaking\n|\n|upkeep\n|\n|t:|1770434884\n|switch|p1a: Tapu Koko|Tapu Koko, L77|234/234\n|-fieldstart|move: Electric Terrain|[from] ability: Electric Surge|[of] p1a: Tapu Koko\n|turn|5\n|\n|t:|1770434900\n|move|p1a: Tapu Koko|Thunderbolt|p2a: Lumineon\n|-supereffective|p2a: Lumineon\n|-damage|p2a: Lumineon|0 fnt\n|faint|p2a: Lumineon\n|\n|upkeep\n|inactive|bin2409 has 120 seconds left.\n|\n|t:|1770434924\n|switch|p2a: Jirachi|Jirachi, L76|277/277\n|turn|6\n|\n|t:|1770434934\n|-zpower|p1a: Tapu Koko\n|move|p1a: Tapu Koko|Gigavolt Havoc|p2a: Jirachi|[zeffect]\n|-damage|p2a: Jirachi|52/277\n|-zpower|p2a: Jirachi\n|move|p2a: Jirachi|Z-Happy Hour|p2a: Jirachi|[anim]Happy Hour\n|-boost|p2a: Jirachi|atk|1|[zeffect]\n|-boost|p2a: Jirachi|def|1|[zeffect]\n|-boost|p2a: Jirachi|spa|1|[zeffect]\n|-boost|p2a: Jirachi|spd|1|[zeffect]\n|-boost|p2a: Jirachi|spe|1|[zeffect]\n|\n|upkeep\n|turn|7\n|\n|t:|1770434948\n|move|p2a: Jirachi|Iron Head|p1a: Tapu Koko\n|-damage|p1a: Tapu Koko|119/234\n|move|p1a: Tapu Koko|Thunderbolt|p2a: Jirachi\n|-damage|p2a: Jirachi|0 fnt\n|faint|p2a: Jirachi\n|\n|upkeep\n|inactive|bin2409 has 120 seconds left.\n|\n|t:|1770434959\n|switch|p2a: Cinccino|Cinccino, L84, F|263/263\n|turn|8\n|\n|t:|1770434965\n|move|p1a: Tapu Koko|Thunderbolt|p2a: Cinccino\n|-damage|p2a: Cinccino|100/263\n|move|p2a: Cinccino|Tail Slap|p1a: Tapu Koko\n|-damage|p1a: Tapu Koko|71/234\n|-damage|p1a: Tapu Koko|29/234\n|-damage|p1a: Tapu Koko|0 fnt\n|faint|p1a: Tapu Koko\n|-hitcount|p1: Tapu Koko|3\n|\n|upkeep\n|\n|t:|1770434970\n|switch|p1a: Klinklang|Klinklang, L87|246/246\n|turn|9\n|\n|t:|1770434978\n|switch|p2a: Simisear|Simisear, L89, F|278/278\n|move|p1a: Klinklang|Shift Gear|p1a: Klinklang\n|-boost|p1a: Klinklang|spe|2\n|-boost|p1a: Klinklang|atk|1\n|\n|-fieldend|move: Electric Terrain\n|upkeep\n|turn|10\n|\n|t:|1770434983\n|move|p1a: Klinklang|Substitute|p1a: Klinklang\n|-start|p1a: Klinklang|Substitute\n|-damage|p1a: Klinklang|185/246\n|move|p2a: Simisear|Fire Blast|p1a: Klinklang\n|-supereffective|p1a: Klinklang\n|-end|p1a: Klinklang|Substitute\n|-damage|p2a: Simisear|251/278|[from] item: Life Orb\n|\n|-heal|p1a: Klinklang|200/246|[from] item: Leftovers\n|upkeep\n|turn|11\n|\n|t:|1770434987\n|move|p1a: Klinklang|Substitute|p1a: Klinklang\n|-start|p1a: Klinklang|Substitute\n|-damage|p1a: Klinklang|139/246\n|move|p2a: Simisear|Fire Blast|p1a: Klinklang\n|-supereffective|p1a: Klinklang\n|-end|p1a: Klinklang|Substitute\n|-damage|p2a: Simisear|224/278|[from] item: Life Orb\n|\n|-heal|p1a: Klinklang|154/246|[from] item: Leftovers\n|upkeep\n|turn|12\n|\n|t:|1770434990\n|move|p1a: Klinklang|Substitute|p1a: Klinklang\n|-start|p1a: Klinklang|Substitute\n|-damage|p1a: Klinklang|93/246\n|move|p2a: Simisear|Fire Blast|p1a: Klinklang\n|-supereffective|p1a: Klinklang\n|-end|p1a: Klinklang|Substitute\n|-damage|p2a: Simisear|197/278|[from] item: Life Orb\n|\n|-heal|p1a: Klinklang|108/246|[from] item: Leftovers\n|upkeep\n|turn|13\n|\n|t:|1770434993\n|move|p1a: Klinklang|Substitute|p1a: Klinklang\n|-start|p1a: Klinklang|Substitute\n|-damage|p1a: Klinklang|47/246\n|move|p2a: Simisear|Fire Blast|p1a: Klinklang\n|-supereffective|p1a: Klinklang\n|-end|p1a: Klinklang|Substitute\n|-damage|p2a: Simisear|170/278|[from] item: Life Orb\n|\n|-heal|p1a: Klinklang|62/246|[from] item: Leftovers\n|upkeep\n|turn|14\n|\n|t:|1770434998\n|move|p1a: Klinklang|Substitute|p1a: Klinklang\n|-start|p1a: Klinklang|Substitute\n|-damage|p1a: Klinklang|1/246\n|move|p2a: Simisear|Fire Blast|p1a: Klinklang\n|-supereffective|p1a: Klinklang\n|-end|p1a: Klinklang|Substitute\n|-damage|p2a: Simisear|143/278|[from] item: Life Orb\n|\n|-heal|p1a: Klinklang|16/246|[from] item: Leftovers\n|upkeep\n|turn|15\n|\n|t:|1770435003\n|move|p1a: Klinklang|Return|p2a: Simisear\n|-damage|p2a: Simisear|0 fnt\n|faint|p2a: Simisear\n|\n|-heal|p1a: Klinklang|31/246|[from] item: Leftovers\n|upkeep\n|\n|t:|1770435011\n|switch|p2a: Gallade|Gallade, L77, M|231/231\n|turn|16\n|\n|t:|1770435016\n|detailschange|p2a: Gallade|Gallade-Mega, L77, M\n|-mega|p2a: Gallade|Gallade|Galladite\n|move|p1a: Klinklang|Gear Grind|p2a: Gallade|[miss]\n|-miss|p1a: Klinklang|p2a: Gallade\n|move|p2a: Gallade|Knock Off|p1a: Klinklang\n|-damage|p1a: Klinklang|0 fnt\n|-enditem|p1a: Klinklang|Leftovers|[from] move: Knock Off|[of] p2a: Gallade\n|faint|p1a: Klinklang\n|\n|upkeep\n|\n|t:|1770435020\n|switch|p1a: Milotic|Milotic, L84, F|297/297\n|turn|17\n|\n|t:|1770435029\n|move|p2a: Gallade|Swords Dance|p2a: Gallade\n|-boost|p2a: Gallade|atk|2\n|move|p1a: Milotic|Scald|p2a: Gallade\n|-damage|p2a: Gallade|150/231\n|-status|p2a: Gallade|brn\n|\n|-damage|p2a: Gallade|136/231 brn|[from] brn\n|upkeep\n|turn|18\n|\n|t:|1770435036\n|move|p2a: Gallade|Knock Off|p1a: Milotic\n|-damage|p1a: Milotic|196/297\n|-enditem|p1a: Milotic|Leftovers|[from] move: Knock Off|[of] p2a: Gallade\n|move|p1a: Milotic|Scald|p2a: Gallade\n|-damage|p2a: Gallade|58/231 brn\n|\n|-damage|p2a: Gallade|44/231 brn|[from] brn\n|upkeep\n|turn|19\n|\n|t:|1770435043\n|move|p2a: Gallade|Close Combat|p1a: Milotic\n|-crit|p1a: Milotic\n|-damage|p1a: Milotic|0 fnt\n|-unboost|p2a: Gallade|def|1\n|-unboost|p2a: Gallade|spd|1\n|faint|p1a: Milotic\n|\n|-damage|p2a: Gallade|30/231 brn|[from] brn\n|upkeep\n|\n|t:|1770435049\n|switch|p1a: Delcatty|Delcatty, L99, F|299/299\n|turn|20\n|\n|t:|1770435053\n|move|p1a: Delcatty|Double-Edge|p2a: Gallade\n|-damage|p2a: Gallade|0 fnt\n|faint|p2a: Gallade\n|detailschange|p2: Gallade|Gallade, L77, M|[silent]\n|-damage|p1a: Delcatty|289/299|[from] Recoil\n|\n|-heal|p1a: Delcatty|299/299|[from] item: Leftovers\n|upkeep\n|\n|t:|1770435059\n|switch|p2a: Minior|Minior-Blue, L79|223/223\n|-formechange|p2a: Minior|Minior-Meteor||[from] ability: Shields Down\n|turn|21\n|\n|t:|1770435083\n|move|p1a: Delcatty|Shadow Ball|p2a: Minior\n|-damage|p2a: Minior|172/223\n|move|p2a: Minior|Shell Smash|p2a: Minior\n|-unboost|p2a: Minior|def|1\n|-unboost|p2a: Minior|spd|1\n|-boost|p2a: Minior|atk|2\n|-boost|p2a: Minior|spa|2\n|-boost|p2a: Minior|spe|2\n|-enditem|p2a: Minior|White Herb\n|-clearnegativeboost|p2a: Minior|[silent]\n|\n|upkeep\n|turn|22\n|\n|t:|1770435088\n|move|p2a: Minior|Acrobatics|p1a: Delcatty\n|-damage|p1a: Delcatty|142/299\n|move|p1a: Delcatty|Shadow Ball|p2a: Minior\n|-damage|p2a: Minior|126/223\n|\n|-heal|p1a: Delcatty|160/299|[from] item: Leftovers\n|upkeep\n|turn|23\n|\n|t:|1770435095\n|move|p2a: Minior|Acrobatics|p1a: Delcatty\n|-damage|p1a: Delcatty|7/299\n|move|p1a: Delcatty|Shadow Ball|p2a: Minior\n|-damage|p2a: Minior|80/223\n|-unboost|p2a: Minior|spd|1\n|\n|-heal|p1a: Delcatty|25/299|[from] item: Leftovers\n|-formechange|p2a: Minior|Minior-Blue||[from] ability: Shields Down\n|upkeep\n|turn|24\n|\n|t:|1770435102\n|move|p2a: Minior|Acrobatics|p1a: Delcatty\n|-damage|p1a: Delcatty|0 fnt\n|faint|p1a: Delcatty\n|\n|upkeep\n|\n|t:|1770435104\n|switch|p1a: Slaking|Slaking, L84, F|389/389\n|turn|25\n|\n|t:|1770435107\n|move|p2a: Minior|Acrobatics|p1a: Slaking\n|-crit|p1a: Slaking\n|-damage|p1a: Slaking|77/389\n|move|p1a: Slaking|Giga Impact|p2a: Minior\n|-resisted|p2a: Minior\n|-damage|p2a: Minior|0 fnt\n|-mustrecharge|p1a: Slaking\n|faint|p2a: Minior\n|\n|upkeep\n|\n|t:|1770435113\n|switch|p2a: Cinccino|Cinccino, L84, F|100/263\n|turn|26\n|\n|t:|1770435115\n|move|p2a: Cinccino|Bullet Seed|p1a: Slaking\n|-damage|p1a: Slaking|53/389\n|-damage|p1a: Slaking|27/389\n|-damage|p1a: Slaking|3/389\n|-damage|p1a: Slaking|0 fnt\n|faint|p1a: Slaking\n|-hitcount|p1: Slaking|4\n|\n|win|bin2409\n|raw|kwijibo89's rating: 1680 &rarr; <strong>1672</strong><br />(-8 for losing)\n|raw|bin2409's rating: 1929 &rarr; <strong>1937</strong><br />(+8 for winning)\n|l|‽kwijibo89\n|player|p1|\n|l|☆bin2409\n|player|p2|\n", "inputlog": ">version ccdc32dd7cde25fd9e4bed64820e885f66e78a4e\n>start {\"formatid\":\"gen7randombattle\",\"seed\":\"sodium,ddc77d0da67fa9f8b52d1f63dd068883\",\"rated\":\"Rated battle\"}\n>player p1 {\"name\":\"kwijibo89\",\"avatar\":\"fisherman-gen4\",\"rating\":1680,\"seed\":\"sodium,629c590d4246f3d22a316eb0de204b08\"}\n>player p2 {\"name\":\"bin2409\",\"avatar\":\"lucas\",\"rating\":1929,\"seed\":\"sodium,c1b72efdfc54ee9adcd5d2256161289c\"}\n>p1 move knockoff\n>p2 move toxic\n>p1 move waterfall\n>p2 move scald\n>p1 move drillrun\n>p2 move scald\n>p1 move drillrun\n>p2 move scald\n>p1 switch 5\n>p1 move thunderbolt\n>p2 move scald\n>p2 switch 4\n>p1 move thunderbolt zmove\n>p2 move happyhour zmove\n>p1 move thunderbolt\n>p2 move ironhead\n>p2 switch 3\n>p1 move thunderbolt\n>p2 move tailslap\n>p1 switch 3\n>p1 move shiftgear\n>p2 switch 6\n>p1 move substitute\n>p2 move fireblast\n>p1 move substitute\n>p2 move fireblast\n>p1 move substitute\n>p2 move fireblast\n>p1 move substitute\n>p2 move fireblast\n>p1 move substitute\n>p2 move fireblast\n>p1 move return\n>p2 move grassknot\n>p2 switch 5\n>p1 move geargrind\n>p2 move knockoff mega\n>p1 switch 6\n>p1 move scald\n>p2 move swordsdance\n>p1 move scald\n>p2 move knockoff\n>p1 move recover\n>p2 move closecombat\n>p1 switch 4\n>p1 move doubleedge\n>p2 move closecombat\n>p2 switch 2\n>p1 move shadowball\n>p2 move shellsmash\n>p1 move shadowball\n>p2 move acrobatics\n>p1 move shadowball\n>p2 move acrobatics\n>p1 move thunderwave\n>p2 move acrobatics\n>p1 switch 2\n>p1 move gigaimpact\n>p2 move acrobatics\n>p2 switch 6\n>p1 move recharge\n>p2 move bulletseed", "uploadtime": 1770435253, "views": 202, "formatid": "gen7randombattle", "rating": 1672, "private": 0, "password": null}