{"id": "gen7randombattle-2539998523", "format": "[Gen 7] Random Battle", "players": ["504battle", "NTsweeper007"], "log": "|j|☆504battle\n|j|☆NTsweeper007\n|t:|1771141396\n|gametype|singles\n|player|p1|504battle|sage|1647\n|player|p2|NTsweeper007|hilbert-wonderlauncher|1702\n|gen|7\n|tier|[Gen 7] Random Battle\n|rated|\n|rule|Sleep Clause Mod: Limit one foe put to sleep\n|rule|HP Percentage Mod: HP is shown in percentages\n|rule|Illusion Level Mod: Illusion disguises the Pokémon's true level\n|\n|t:|1771141396\n|teamsize|p1|6\n|teamsize|p2|6\n|start\n|switch|p1a: Liepard|Liepard, L91, M|264/264\n|switch|p2a: Pachirisu|Pachirisu, L96, M|271/271\n|turn|1\n|inactive|Battle timer is ON: inactive players will automatically lose when time's up. (requested by NTsweeper007)\n|\n|t:|1771141405\n|move|p1a: Liepard|Knock Off|p2a: Pachirisu\n|-damage|p2a: Pachirisu|153/271\n|-enditem|p2a: Pachirisu|Assault Vest|[from] move: Knock Off|[of] p1a: Liepard\n|move|p2a: Pachirisu|Nuzzle|p1a: Liepard\n|-crit|p1a: Liepard\n|-damage|p1a: Liepard|230/264\n|-status|p1a: Liepard|par\n|\n|-heal|p1a: Liepard|246/264 par|[from] item: Leftovers\n|upkeep\n|turn|2\n|\n|t:|1771141411\n|move|p1a: Liepard|Encore|p2a: Pachirisu\n|-start|p2a: Pachirisu|Encore\n|move|p2a: Pachirisu|Nuzzle|p1a: Liepard\n|-damage|p1a: Liepard|221/264 par\n|\n|-heal|p1a: Liepard|237/264 par|[from] item: Leftovers\n|upkeep\n|turn|3\n|\n|t:|1771141418\n|move|p2a: Pachirisu|Nuzzle|p1a: Liepard\n|-damage|p1a: Liepard|215/264 par\n|move|p1a: Liepard|Knock Off|p2a: Pachirisu\n|-damage|p2a: Pachirisu|81/271\n|\n|-heal|p1a: Liepard|231/264 par|[from] item: Leftovers\n|upkeep\n|turn|4\n|\n|t:|1771141424\n|move|p2a: Pachirisu|Nuzzle|p1a: Liepard\n|-damage|p1a: Liepard|207/264 par\n|move|p1a: Liepard|Knock Off|p2a: Pachirisu\n|-damage|p2a: Pachirisu|0 fnt\n|faint|p2a: Pachirisu\n|\n|-heal|p1a: Liepard|223/264 par|[from] item: Leftovers\n|upkeep\n|\n|t:|1771141426\n|switch|p2a: Heracross|Heracross, L80, M|259/259\n|turn|5\n|\n|t:|1771141434\n|switch|p1a: Magcargo|Magcargo, L96, M|271/271\n|move|p2a: Heracross|Close Combat|p1a: Magcargo\n|-supereffective|p1a: Magcargo\n|-damage|p1a: Magcargo|89/271\n|-unboost|p2a: Heracross|def|1\n|-unboost|p2a: Heracross|spd|1\n|\n|-heal|p1a: Magcargo|105/271|[from] item: Leftovers\n|upkeep\n|turn|6\n|\n|t:|1771141439\n|move|p2a: Heracross|Close Combat|p1a: Magcargo\n|-supereffective|p1a: Magcargo\n|-damage|p1a: Magcargo|0 fnt\n|-unboost|p2a: Heracross|def|1\n|-unboost|p2a: Heracross|spd|1\n|faint|p1a: Magcargo\n|-ability|p2a: Heracross|Moxie|boost\n|-boost|p2a: Heracross|atk|1\n|\n|upkeep\n|\n|t:|1771141450\n|switch|p1a: Watchog|Watchog, L96, F|271/271\n|turn|7\n|\n|t:|1771141457\n|switch|p2a: Type: Null|Type: Null, L85|300/300\n|move|p1a: Watchog|Return|p2a: Type: Null\n|-damage|p2a: Type: Null|167/300\n|-damage|p1a: Watchog|244/271|[from] item: Life Orb\n|\n|upkeep\n|turn|8\n|\n|t:|1771141463\n|move|p1a: Watchog|Knock Off|p2a: Type: Null\n|-damage|p2a: Type: Null|105/300\n|-enditem|p2a: Type: Null|Eviolite|[from] move: Knock Off|[of] p1a: Watchog\n|-damage|p1a: Watchog|217/271|[from] item: Life Orb\n|move|p2a: Type: Null|Return|p1a: Watchog\n|-damage|p1a: Watchog|91/271\n|\n|upkeep\n|turn|9\n|\n|t:|1771141465\n|move|p1a: Watchog|Return|p2a: Type: Null\n|-damage|p2a: Type: Null|0 fnt\n|faint|p2a: Type: Null\n|-damage|p1a: Watchog|64/271|[from] item: Life Orb\n|\n|upkeep\n|\n|t:|1771141467\n|switch|p2a: Ambipom|Ambipom, L84, M|263/263\n|turn|10\n|\n|t:|1771141475\n|move|p2a: Ambipom|Return|p1a: Watchog\n|-damage|p1a: Watchog|0 fnt\n|faint|p1a: Watchog\n|\n|upkeep\n|\n|t:|1771141483\n|switch|p1a: Liepard|Liepard, L91, M|223/264 par\n|turn|11\n|\n|t:|1771141495\n|move|p1a: Liepard|Thunder Wave|p2a: Ambipom\n|-status|p2a: Ambipom|par\n|move|p2a: Ambipom|Return|p1a: Liepard\n|-damage|p1a: Liepard|37/264 par\n|\n|-heal|p1a: Liepard|53/264 par|[from] item: Leftovers\n|upkeep\n|turn|12\n|\n|t:|1771141502\n|move|p1a: Liepard|Knock Off|p2a: Ambipom\n|-damage|p2a: Ambipom|131/263 par\n|-enditem|p2a: Ambipom|Silk Scarf|[from] move: Knock Off|[of] p1a: Liepard\n|move|p2a: Ambipom|Return|p1a: Liepard\n|-damage|p1a: Liepard|0 fnt\n|faint|p1a: Liepard\n|\n|upkeep\n|\n|t:|1771141509\n|switch|p1a: Espeon|Espeon, L83, F|244/244\n|turn|13\n|\n|t:|1771141513\n|move|p1a: Espeon|Psyshock|p2a: Ambipom\n|-damage|p2a: Ambipom|0 fnt\n|faint|p2a: Ambipom\n|-damage|p1a: Espeon|220/244|[from] item: Life Orb\n|\n|upkeep\n|l|☆NTsweeper007\n|inactive|NTsweeper007 disconnected and has a minute to reconnect!\n|player|p2|\n|inactive|NTsweeper007 has 30 seconds to reconnect!\n|j|☆NTsweeper007\n|inactive|NTsweeper007 reconnected and has 100 seconds left.\n|player|p2|NTsweeper007|hilbert-wonderlauncher|\n|\n|t:|1771141570\n|switch|p2a: Luxray|Luxray, L88, M|284/284\n|-ability|p2a: Luxray|Intimidate|boost\n|-unboost|p1a: Espeon|atk|1\n|turn|14\n|\n|t:|1771141581\n|move|p1a: Espeon|Psyshock|p2a: Luxray\n|-damage|p2a: Luxray|135/284\n|-damage|p1a: Espeon|196/244|[from] item: Life Orb\n|move|p2a: Luxray|Crunch|p1a: Espeon\n|-supereffective|p1a: Espeon\n|-damage|p1a: Espeon|6/244\n|\n|upkeep\n|turn|15\n|\n|t:|1771141601\n|move|p1a: Espeon|Psyshock|p2a: Luxray\n|-damage|p2a: Luxray|0 fnt\n|faint|p2a: Luxray\n|-damage|p1a: Espeon|0 fnt|[from] item: Life Orb\n|faint|p1a: Espeon\n|\n|upkeep\n|\n|t:|1771141609\n|switch|p1a: Gorebyss|Gorebyss, L85, F|231/231\n|switch|p2a: Heracross|Heracross, L80, M|259/259\n|turn|16\n|\n|t:|1771141615\n|detailschange|p2a: Heracross|Heracross-Mega, L80, M\n|-mega|p2a: Heracross|Heracross|Heracronite\n|move|p2a: Heracross|Swords Dance|p2a: Heracross\n|-boost|p2a: Heracross|atk|2\n|move|p1a: Gorebyss|Shell Smash|p1a: Gorebyss\n|-unboost|p1a: Gorebyss|def|1\n|-unboost|p1a: Gorebyss|spd|1\n|-boost|p1a: Gorebyss|atk|2\n|-boost|p1a: Gorebyss|spa|2\n|-boost|p1a: Gorebyss|spe|2\n|-enditem|p1a: Gorebyss|White Herb\n|-clearnegativeboost|p1a: Gorebyss|[silent]\n|\n|upkeep\n|turn|17\n|\n|t:|1771141619\n|move|p1a: Gorebyss|Hydro Pump|p2a: Heracross\n|-damage|p2a: Heracross|7/259\n|move|p2a: Heracross|Pin Missile|p1a: Gorebyss\n|-damage|p1a: Gorebyss|155/231\n|-damage|p1a: Gorebyss|77/231\n|-damage|p1a: Gorebyss|4/231\n|-damage|p1a: Gorebyss|0 fnt\n|faint|p1a: Gorebyss\n|-hitcount|p1: Gorebyss|4\n|\n|upkeep\n|\n|t:|1771141622\n|switch|p1a: Jynx|Jynx, L89, F|259/259\n|turn|18\n|\n|t:|1771141628\n|move|p1a: Jynx|Psychic|p2a: Heracross\n|-supereffective|p2a: Heracross\n|-damage|p2a: Heracross|0 fnt\n|faint|p2a: Heracross\n|detailschange|p2: Heracross|Heracross, L80, M|[silent]\n|\n|upkeep\n|\n|t:|1771141631\n|switch|p2a: Celebi|Celebi, L82|298/298\n|turn|19\n|c|☆504battle|:(\n|\n|t:|1771141640\n|move|p1a: Jynx|Psychic|p2a: Celebi\n|-resisted|p2a: Celebi\n|-damage|p2a: Celebi|239/298\n|move|p2a: Celebi|Nasty Plot|p2a: Celebi\n|-boost|p2a: Celebi|spa|2\n|\n|upkeep\n|turn|20\n|c|☆504battle|choice scarfed\n|\n|t:|1771141651\n|move|p1a: Jynx|Psychic|p2a: Celebi\n|-resisted|p2a: Celebi\n|-damage|p2a: Celebi|181/298\n|-zpower|p2a: Celebi\n|move|p2a: Celebi|Bloom Doom|p1a: Jynx|[zeffect]\n|-damage|p1a: Jynx|0 fnt\n|faint|p1a: Jynx\n|\n|win|NTsweeper007\n|raw|504battle's rating: 1647 &rarr; <strong>1630</strong><br />(-17 for losing)\n|raw|NTsweeper007's rating: 1702 &rarr; <strong>1719</strong><br />(+17 for winning)\n|l|☆504battle\n|player|p1|\n", "inputlog": ">version 686819e5e19f8a7fd2345cfc5a08a5085efa2cc3\n>start {\"formatid\":\"gen7randombattle\",\"seed\":\"sodium,b286b5b29b75563de7a7be9235f3a8d2\",\"rated\":\"Rated battle\"}\n>player p1 {\"name\":\"504battle\",\"avatar\":\"sage\",\"rating\":1647,\"seed\":\"sodium,b4b020631e5ce29ed83caae382222cbb\"}\n>player p2 {\"name\":\"NTsweeper007\",\"avatar\":\"hilbert-wonderlauncher\",\"rating\":1702,\"seed\":\"sodium,a9255d4b52fbbf30972db3d31c8228fe\"}\n>p1 move knockoff\n>p2 move nuzzle\n>p1 move encore\n>p2 move superfang\n>p1 move knockoff\n>p2 move nuzzle\n>p1 move knockoff\n>p2 move nuzzle\n>p2 switch 4\n>p1 switch 4\n>p2 move closecombat\n>p1 move lavaplume\n>p2 move closecombat\n>p1 switch 5\n>p1 move return\n>p2 switch 2\n>p1 move knockoff\n>p2 move return\n>p1 move return\n>p2 move return\n>p2 switch 3\n>p1 move knockoff\n>p2 move return\n>p1 switch 4\n>p1 move thunderwave\n>p2 move return\n>p1 move knockoff\n>p2 move return\n>p1 switch 2\n>p1 move psyshock\n>p2 move knockoff\n>p2 switch 6\n>p1 move psyshock\n>p2 move crunch\n>p1 move psyshock\n>p2 move crunch\n>p1 switch 6\n>p2 switch 2\n>p1 move shellsmash\n>p2 move swordsdance mega\n>p1 move hydropump\n>p2 move pinmissile\n>p1 switch 3\n>p1 move psychic\n>p2 move pinmissile\n>p2 switch 5\n>chat ☆504battle|:(\n>p1 move psychic\n>p2 move nastyplot\n>chat ☆504battle|choice scarfed\n>p1 move psychic\n>p2 move leafstorm zmove", "uploadtime": 1771141678, "views": 84, "formatid": "gen7randombattle", "rating": 1630, "private": 0, "password": null}