{"id": "gen7randombattle-2530749175", "format": "[Gen 7] Random Battle", "players": ["antonioooo", "Snoop Rogue"], "log": "|j|☆antonioooo\n|j|☆Snoop Rogue\n|t:|1769968249\n|gametype|singles\n|player|p1|antonioooo|unknown|1532\n|player|p2|Snoop Rogue|koga-lgpe|1700\n|gen|7\n|tier|[Gen 7] Random Battle\n|rated|\n|rule|Sleep Clause Mod: Limit one foe put to sleep\n|rule|HP Percentage Mod: HP is shown in percentages\n|rule|Illusion Level Mod: Illusion disguises the Pokémon's true level\n|\n|t:|1769968249\n|teamsize|p1|6\n|teamsize|p2|6\n|start\n|switch|p1a: Flygon|Flygon, L82, F|265/265\n|switch|p2a: Tangrowth|Tangrowth, L89, M|323/323\n|turn|1\n|inactive|Battle timer is ON: inactive players will automatically lose when time's up. (requested by Snoop Rogue)\n|\n|t:|1769968275\n|switch|p1a: Heatran|Heatran, L80, F|277/277\n|move|p2a: Tangrowth|Leech Seed|p1a: Heatran\n|-start|p1a: Heatran|move: Leech Seed\n|\n|-damage|p1a: Heatran|243/277|[from] Leech Seed|[of] p2a: Tangrowth\n|upkeep\n|turn|2\n|\n|t:|1769968295\n|switch|p2a: Lanturn|Lanturn, L89, F|367/367\n|move|p1a: Heatran|Toxic|p2a: Lanturn\n|-status|p2a: Lanturn|tox\n|\n|-heal|p1a: Heatran|260/277|[from] item: Leftovers\n|-damage|p1a: Heatran|226/277|[from] Leech Seed|[of] p2a: Lanturn\n|-damage|p2a: Lanturn|345/367 tox|[from] psn\n|upkeep\n|turn|3\n|\n|t:|1769968308\n|switch|p1a: Cresselia|Cresselia, L82, F|331/331\n|move|p2a: Lanturn|Heal Bell|p2a: Lanturn\n|-activate|p2a: Lanturn|move: Heal Bell\n|-curestatus|p2a: Lanturn|tox|[msg]\n|\n|-heal|p2a: Lanturn|367/367|[from] item: Leftovers\n|upkeep\n|turn|4\n|\n|t:|1769968314\n|move|p1a: Cresselia|Calm Mind|p1a: Cresselia\n|-boost|p1a: Cresselia|spa|1\n|-boost|p1a: Cresselia|spd|1\n|move|p2a: Lanturn|Toxic|p1a: Cresselia\n|-status|p1a: Cresselia|tox\n|\n|-damage|p1a: Cresselia|311/331 tox|[from] psn\n|upkeep\n|turn|5\n|\n|t:|1769968318\n|switch|p2a: Drapion|Drapion, L83, M|252/252\n|move|p1a: Cresselia|Calm Mind|p1a: Cresselia\n|-boost|p1a: Cresselia|spa|1\n|-boost|p1a: Cresselia|spd|1\n|\n|-heal|p1a: Cresselia|331/331 tox|[from] item: Leftovers\n|-damage|p1a: Cresselia|291/331 tox|[from] psn\n|upkeep\n|turn|6\n|\n|t:|1769968327\n|switch|p1a: Chesnaught|Chesnaught, L89, M|301/301\n|move|p2a: Drapion|Knock Off|p1a: Chesnaught\n|-resisted|p1a: Chesnaught\n|-damage|p1a: Chesnaught|250/301\n|-enditem|p1a: Chesnaught|Leftovers|[from] move: Knock Off|[of] p2a: Drapion\n|\n|upkeep\n|turn|7\n|inactive|antonioooo has 120 seconds left.\n|inactive|antonioooo has 90 seconds left.\n|inactive|antonioooo has 60 seconds left.\n|c|☆Snoop Rogue|😴😴😴😴😴😴😴😴\n|\n|t:|1769968426\n|switch|p2a: Tangrowth|Tangrowth, L89, M|323/323\n|move|p1a: Chesnaught|Drain Punch|p2a: Tangrowth\n|-damage|p2a: Tangrowth|259/323\n|-heal|p1a: Chesnaught|282/301|[from] drain|[of] p2a: Tangrowth\n|-damage|p1a: Chesnaught|232/301|[from] item: Rocky Helmet|[of] p2a: Tangrowth\n|\n|upkeep\n|turn|8\n|inactive|antonioooo has 60 seconds left.\n|\n|t:|1769968433\n|switch|p1a: Yanmega|Yanmega, L82, M|275/275\n|move|p2a: Tangrowth|Knock Off|p1a: Yanmega\n|-damage|p1a: Yanmega|191/275\n|-enditem|p1a: Yanmega|Life Orb|[from] move: Knock Off|[of] p2a: Tangrowth\n|\n|upkeep\n|turn|9\n|\n|t:|1769968440\n|switch|p2a: Lanturn|Lanturn, L89, F|367/367\n|move|p1a: Yanmega|Bug Buzz|p2a: Lanturn\n|-damage|p2a: Lanturn|259/367\n|\n|-heal|p2a: Lanturn|281/367|[from] item: Leftovers\n|-ability|p1a: Yanmega|Speed Boost|boost\n|-boost|p1a: Yanmega|spe|1\n|upkeep\n|turn|10\n|\n|t:|1769968447\n|move|p1a: Yanmega|Protect|p1a: Yanmega\n|-singleturn|p1a: Yanmega|Protect\n|move|p2a: Lanturn|Thunderbolt|p1a: Yanmega\n|-activate|p1a: Yanmega|move: Protect\n|\n|-heal|p2a: Lanturn|303/367|[from] item: Leftovers\n|-ability|p1a: Yanmega|Speed Boost|boost\n|-boost|p1a: Yanmega|spe|1\n|upkeep\n|turn|11\n|\n|t:|1769968452\n|switch|p1a: Flygon|Flygon, L82, F|265/265\n|move|p2a: Lanturn|Toxic|p1a: Flygon\n|-status|p1a: Flygon|tox\n|-enditem|p1a: Flygon|Lum Berry|[eat]\n|-curestatus|p1a: Flygon|tox|[msg]\n|\n|-heal|p2a: Lanturn|325/367|[from] item: Leftovers\n|upkeep\n|turn|12\n|\n|t:|1769968460\n|move|p1a: Flygon|Dragon Dance|p1a: Flygon\n|-boost|p1a: Flygon|atk|1\n|-boost|p1a: Flygon|spe|1\n|move|p2a: Lanturn|Toxic|p1a: Flygon\n|-status|p1a: Flygon|tox\n|\n|-heal|p2a: Lanturn|347/367|[from] item: Leftovers\n|-damage|p1a: Flygon|249/265 tox|[from] psn\n|upkeep\n|turn|13\n|\n|t:|1769968463\n|switch|p2a: Tangrowth|Tangrowth, L89, M|323/323\n|move|p1a: Flygon|Earthquake|p2a: Tangrowth\n|-resisted|p2a: Tangrowth\n|-damage|p2a: Tangrowth|266/323\n|\n|-damage|p1a: Flygon|217/265 tox|[from] psn\n|upkeep\n|turn|14\n|\n|t:|1769968468\n|move|p1a: Flygon|Outrage|p2a: Tangrowth\n|-damage|p2a: Tangrowth|137/323\n|-damage|p1a: Flygon|173/265 tox|[from] item: Rocky Helmet|[of] p2a: Tangrowth\n|move|p2a: Tangrowth|Morning Sun|p2a: Tangrowth\n|-heal|p2a: Tangrowth|298/323\n|\n|-damage|p1a: Flygon|125/265 tox|[from] psn\n|upkeep\n|turn|15\n|l|☆antonioooo\n|inactive|antonioooo disconnected and has a minute to reconnect!\n|player|p1|\n|c|☆Snoop Rogue|Lmfao\n|inactive|antonioooo has 30 seconds to reconnect!\n|inactive|antonioooo has 20 seconds to reconnect!\n|inactive|antonioooo has 15 seconds to reconnect!\n|inactive|antonioooo has 10 seconds to reconnect!\n|inactive|antonioooo has 5 seconds to reconnect!\n|-message|antonioooo lost due to inactivity.\n|\n|win|Snoop Rogue\n|raw|antonioooo's rating: 1532 &rarr; <strong>1521</strong><br />(-11 for losing)\n|raw|Snoop Rogue's rating: 1700 &rarr; <strong>1711</strong><br />(+11 for winning)\n|l|☆Snoop Rogue\n|player|p2|\n|j|☆Snoop Rogue\n|player|p2|Snoop Rogue|koga-lgpe|\n", "inputlog": ">version b99ff0165a6231f17e8b78c2a78d1998375de664\n>start {\"formatid\":\"gen7randombattle\",\"seed\":\"sodium,8b2296f305c3569e2231ef75b76a03a8\",\"rated\":\"Rated battle\"}\n>player p1 {\"name\":\"antonioooo\",\"avatar\":\"unknown\",\"rating\":1532,\"seed\":\"sodium,cba96e2ea90d035e2d84503e384fbb8c\"}\n>player p2 {\"name\":\"Snoop Rogue\",\"avatar\":\"koga-lgpe\",\"rating\":1700,\"seed\":\"sodium,8e649ea17942913e5a2fceb0d6c782c8\"}\n>p1 switch 4\n>p2 move leechseed\n>p1 move toxic\n>p2 switch 3\n>p1 switch 2\n>p2 move healbell\n>p1 move calmmind\n>p2 move toxic\n>p1 move calmmind\n>p2 switch 4\n>p1 switch 3\n>p2 move knockoff\n>chat ☆Snoop Rogue|😴😴😴😴😴😴😴😴\n>p1 move drainpunch\n>p2 switch 3\n>p1 switch 6\n>p2 move knockoff\n>p1 move bugbuzz\n>p2 switch 4\n>p1 move protect\n>p2 move thunderbolt\n>p1 switch 4\n>p2 move toxic\n>p1 move dragondance\n>p2 move toxic\n>p1 move earthquake\n>p2 switch 4\n>p1 move outrage\n>p2 move morningsun\n>chat ☆Snoop Rogue|Lmfao\n>forcelose p1", "uploadtime": 1769968545, "views": 187, "formatid": "gen7randombattle", "rating": 1521, "private": 0, "password": null}