{"id": "gen7randombattle-2525003706", "format": "[Gen 7] Random Battle", "players": ["bryanhuiman", "NTsweeper007"], "log": "|j|☆bryanhuiman\n|j|☆NTsweeper007\n|t:|1769215894\n|gametype|singles\n|player|p1|bryanhuiman|102|1569\n|player|p2|NTsweeper007|hilbert-wonderlauncher|1841\n|gen|7\n|tier|[Gen 7] Random Battle\n|rated|\n|rule|Sleep Clause Mod: Limit one foe put to sleep\n|rule|HP Percentage Mod: HP is shown in percentages\n|rule|Illusion Level Mod: Illusion disguises the Pokémon's true level\n|\n|t:|1769215894\n|teamsize|p1|6\n|teamsize|p2|6\n|start\n|switch|p1a: Starmie|Starmie, L84|238/238\n|switch|p2a: Scrafty|Scrafty, L84, M|246/246\n|turn|1\n|inactive|Battle timer is ON: inactive players will automatically lose when time's up. (requested by bryanhuiman)\n|\n|t:|1769215905\n|move|p1a: Starmie|Hydro Pump|p2a: Scrafty\n|-damage|p2a: Scrafty|99/246\n|move|p2a: Scrafty|Bulk Up|p2a: Scrafty\n|-boost|p2a: Scrafty|atk|1\n|-boost|p2a: Scrafty|def|1\n|\n|-heal|p2a: Scrafty|114/246|[from] item: Leftovers\n|upkeep\n|turn|2\n|\n|t:|1769215909\n|switch|p2a: Maractus|Maractus, M|312/312\n|move|p1a: Starmie|Hydro Pump|p2a: Maractus\n|-ability|p2a: Maractus|Storm Drain|boost\n|-boost|p2a: Maractus|spa|1\n|\n|upkeep\n|turn|3\n|\n|t:|1769215915\n|switch|p1a: Vileplume|Vileplume, L87, M|272/272\n|move|p2a: Maractus|Knock Off|p1a: Vileplume\n|-damage|p1a: Vileplume|180/272\n|-enditem|p1a: Vileplume|Black Sludge|[from] move: Knock Off|[of] p2a: Maractus\n|\n|upkeep\n|turn|4\n|\n|t:|1769215920\n|switch|p2a: Scrafty|Scrafty, L84, M|114/246\n|move|p1a: Vileplume|Strength Sap|p2a: Scrafty\n|-unboost|p2a: Scrafty|atk|1\n|-heal|p1a: Vileplume|272/272\n|\n|-heal|p2a: Scrafty|129/246|[from] item: Leftovers\n|upkeep\n|turn|5\n|\n|t:|1769215926\n|move|p2a: Scrafty|Rest|p2a: Scrafty\n|-status|p2a: Scrafty|slp|[from] move: Rest\n|-heal|p2a: Scrafty|246/246 slp|[silent]\n|move|p1a: Vileplume|Sludge Bomb|p2a: Scrafty\n|-crit|p2a: Scrafty\n|-damage|p2a: Scrafty|113/246 slp\n|\n|-activate|p2a: Scrafty|ability: Shed Skin\n|-curestatus|p2a: Scrafty|slp|[msg]\n|-heal|p2a: Scrafty|128/246|[from] item: Leftovers\n|upkeep\n|turn|6\n|\n|t:|1769215929\n|move|p2a: Scrafty|Rest|p2a: Scrafty\n|-status|p2a: Scrafty|slp|[from] move: Rest\n|-heal|p2a: Scrafty|246/246 slp|[silent]\n|move|p1a: Vileplume|Sludge Bomb|p2a: Scrafty\n|-damage|p2a: Scrafty|162/246 slp\n|\n|-activate|p2a: Scrafty|ability: Shed Skin\n|-curestatus|p2a: Scrafty|slp|[msg]\n|-heal|p2a: Scrafty|177/246|[from] item: Leftovers\n|upkeep\n|turn|7\n|\n|t:|1769215935\n|switch|p2a: Ho-Oh|Ho-Oh, L72|272/272\n|move|p1a: Vileplume|Sludge Bomb|p2a: Ho-Oh\n|-damage|p2a: Ho-Oh|193/272\n|\n|-heal|p2a: Ho-Oh|210/272|[from] item: Leftovers\n|upkeep\n|turn|8\n|\n|t:|1769215943\n|switch|p1a: Rapidash|Rapidash, L87, F|255/255\n|move|p2a: Ho-Oh|Substitute|p2a: Ho-Oh\n|-start|p2a: Ho-Oh|Substitute\n|-damage|p2a: Ho-Oh|142/272\n|\n|-heal|p2a: Ho-Oh|159/272|[from] item: Leftovers\n|upkeep\n|turn|9\n|\n|t:|1769215948\n|move|p1a: Rapidash|Wild Charge|p2a: Ho-Oh\n|-supereffective|p2a: Ho-Oh\n|-end|p2a: Ho-Oh|Substitute\n|-damage|p1a: Rapidash|238/255|[from] Recoil|[of] p2a: Ho-Oh\n|move|p2a: Ho-Oh|Substitute|p2a: Ho-Oh\n|-start|p2a: Ho-Oh|Substitute\n|-damage|p2a: Ho-Oh|91/272\n|\n|-heal|p1a: Rapidash|253/255|[from] item: Leftovers\n|-heal|p2a: Ho-Oh|108/272|[from] item: Leftovers\n|upkeep\n|turn|10\n|\n|t:|1769215953\n|move|p1a: Rapidash|Wild Charge|p2a: Ho-Oh\n|-supereffective|p2a: Ho-Oh\n|-end|p2a: Ho-Oh|Substitute\n|-damage|p1a: Rapidash|236/255|[from] Recoil|[of] p2a: Ho-Oh\n|move|p2a: Ho-Oh|Roost|p2a: Ho-Oh\n|-heal|p2a: Ho-Oh|244/272\n|-singleturn|p2a: Ho-Oh|move: Roost\n|\n|-heal|p1a: Rapidash|251/255|[from] item: Leftovers\n|-heal|p2a: Ho-Oh|261/272|[from] item: Leftovers\n|upkeep\n|turn|11\n|\n|t:|1769215970\n|move|p1a: Rapidash|Flare Blitz|p2a: Ho-Oh\n|-resisted|p2a: Ho-Oh\n|-damage|p2a: Ho-Oh|188/272\n|-damage|p1a: Rapidash|227/255|[from] Recoil\n|move|p2a: Ho-Oh|Brave Bird|p1a: Rapidash\n|-damage|p1a: Rapidash|82/255\n|-damage|p2a: Ho-Oh|140/272|[from] Recoil\n|\n|-heal|p1a: Rapidash|97/255|[from] item: Leftovers\n|-heal|p2a: Ho-Oh|157/272|[from] item: Leftovers\n|upkeep\n|turn|12\n|\n|t:|1769215974\n|switch|p2a: Rhydon|Rhydon, L85, F|317/317\n|move|p1a: Rapidash|Wild Charge|p2a: Rhydon\n|-ability|p2a: Rhydon|Lightning Rod|boost\n|-boost|p2a: Rhydon|spa|1\n|\n|-heal|p1a: Rapidash|112/255|[from] item: Leftovers\n|upkeep\n|turn|13\n|\n|t:|1769215979\n|switch|p1a: Vileplume|Vileplume, L87, M|272/272\n|switch|p2a: Ho-Oh|Ho-Oh, L72|247/272\n|\n|-heal|p2a: Ho-Oh|264/272|[from] item: Leftovers\n|upkeep\n|turn|14\n|\n|t:|1769215987\n|move|p2a: Ho-Oh|Substitute|p2a: Ho-Oh\n|-start|p2a: Ho-Oh|Substitute\n|-damage|p2a: Ho-Oh|196/272\n|move|p1a: Vileplume|Sludge Bomb|p2a: Ho-Oh\n|-crit|p2a: Ho-Oh\n|-end|p2a: Ho-Oh|Substitute\n|\n|-heal|p2a: Ho-Oh|213/272|[from] item: Leftovers\n|upkeep\n|turn|15\n|\n|t:|1769215992\n|switch|p1a: Starmie|Starmie, L84|238/238\n|move|p2a: Ho-Oh|Sacred Fire|p1a: Starmie\n|-resisted|p1a: Starmie\n|-damage|p1a: Starmie|190/238\n|-status|p1a: Starmie|brn\n|\n|-heal|p2a: Ho-Oh|230/272|[from] item: Leftovers\n|-damage|p1a: Starmie|176/238 brn|[from] brn\n|upkeep\n|turn|16\n|\n|t:|1769215999\n|switch|p2a: Maractus|Maractus, M|312/312\n|move|p1a: Starmie|Psyshock|p2a: Maractus\n|-damage|p2a: Maractus|183/312\n|\n|-heal|p2a: Maractus|202/312|[from] item: Leftovers\n|-damage|p1a: Starmie|162/238 brn|[from] brn\n|upkeep\n|turn|17\n|\n|t:|1769216003\n|-curestatus|p1a: Starmie|brn|[from] ability: Natural Cure\n|switch|p1a: Vileplume|Vileplume, L87, M|272/272\n|move|p2a: Maractus|Synthesis|p2a: Maractus\n|-heal|p2a: Maractus|312/312\n|\n|upkeep\n|turn|18\n|\n|t:|1769216011\n|switch|p2a: Scrafty|Scrafty, L84, M|177/246\n|move|p1a: Vileplume|Sludge Bomb|p2a: Scrafty\n|-damage|p2a: Scrafty|87/246\n|\n|-heal|p2a: Scrafty|102/246|[from] item: Leftovers\n|upkeep\n|turn|19\n|\n|t:|1769216015\n|move|p2a: Scrafty|Drain Punch|p1a: Vileplume\n|-resisted|p1a: Vileplume\n|-damage|p1a: Vileplume|233/272\n|-heal|p2a: Scrafty|122/246|[from] drain|[of] p1a: Vileplume\n|move|p1a: Vileplume|Sludge Bomb|p2a: Scrafty\n|-damage|p2a: Scrafty|35/246\n|-status|p2a: Scrafty|psn\n|\n|-heal|p2a: Scrafty|50/246 psn|[from] item: Leftovers\n|-damage|p2a: Scrafty|20/246 psn|[from] psn\n|upkeep\n|turn|20\n|\n|t:|1769216019\n|move|p2a: Scrafty|Rest|p2a: Scrafty\n|-status|p2a: Scrafty|slp|[from] move: Rest\n|-heal|p2a: Scrafty|246/246 slp|[silent]\n|move|p1a: Vileplume|Sludge Bomb|p2a: Scrafty\n|-damage|p2a: Scrafty|150/246 slp\n|\n|-heal|p2a: Scrafty|165/246 slp|[from] item: Leftovers\n|upkeep\n|turn|21\n|\n|t:|1769216026\n|switch|p2a: Ho-Oh|Ho-Oh, L72|272/272\n|move|p1a: Vileplume|Sludge Bomb|p2a: Ho-Oh\n|-damage|p2a: Ho-Oh|188/272\n|-status|p2a: Ho-Oh|psn\n|\n|-heal|p2a: Ho-Oh|205/272 psn|[from] item: Leftovers\n|-damage|p2a: Ho-Oh|171/272 psn|[from] psn\n|upkeep\n|turn|22\n|\n|t:|1769216034\n|switch|p1a: Starmie|Starmie, L84|162/238\n|move|p2a: Ho-Oh|Brave Bird|p1a: Starmie\n|-damage|p1a: Starmie|47/238\n|-damage|p2a: Ho-Oh|133/272 psn|[from] Recoil\n|\n|-heal|p2a: Ho-Oh|150/272 psn|[from] item: Leftovers\n|-damage|p2a: Ho-Oh|116/272 psn|[from] psn\n|upkeep\n|turn|23\n|\n|t:|1769216044\n|switch|p2a: Scrafty|Scrafty, L84, M|165/246 slp\n|move|p1a: Starmie|Thunderbolt|p2a: Scrafty\n|-damage|p2a: Scrafty|83/246 slp\n|\n|-heal|p2a: Scrafty|98/246 slp|[from] item: Leftovers\n|upkeep\n|turn|24\n|\n|t:|1769216052\n|switch|p2a: Ho-Oh|Ho-Oh, L72|206/272 psn\n|move|p1a: Starmie|Thunderbolt|p2a: Ho-Oh\n|-supereffective|p2a: Ho-Oh\n|-damage|p2a: Ho-Oh|66/272 psn\n|\n|-heal|p2a: Ho-Oh|83/272 psn|[from] item: Leftovers\n|-damage|p2a: Ho-Oh|49/272 psn|[from] psn\n|upkeep\n|turn|25\n|\n|t:|1769216058\n|switch|p1a: Vileplume|Vileplume, L87, M|233/272\n|switch|p2a: Rhydon|Rhydon, L85, F|317/317\n|\n|upkeep\n|turn|26\n|\n|t:|1769216066\n|switch|p2a: Ho-Oh|Ho-Oh, L72|139/272 psn\n|move|p1a: Vileplume|Sludge Bomb|p2a: Ho-Oh\n|-damage|p2a: Ho-Oh|51/272 psn\n|\n|-heal|p2a: Ho-Oh|68/272 psn|[from] item: Leftovers\n|-damage|p2a: Ho-Oh|34/272 psn|[from] psn\n|upkeep\n|turn|27\n|\n|t:|1769216074\n|move|p2a: Ho-Oh|Roost|p2a: Ho-Oh\n|-heal|p2a: Ho-Oh|170/272 psn\n|-singleturn|p2a: Ho-Oh|move: Roost\n|move|p1a: Vileplume|Strength Sap|p2a: Ho-Oh\n|-unboost|p2a: Ho-Oh|atk|1\n|-heal|p1a: Vileplume|272/272\n|\n|-heal|p2a: Ho-Oh|187/272 psn|[from] item: Leftovers\n|-damage|p2a: Ho-Oh|153/272 psn|[from] psn\n|upkeep\n|turn|28\n|\n|t:|1769216078\n|move|p2a: Ho-Oh|Roost|p2a: Ho-Oh\n|-heal|p2a: Ho-Oh|272/272 psn\n|-singleturn|p2a: Ho-Oh|move: Roost\n|move|p1a: Vileplume|Sludge Bomb|p2a: Ho-Oh\n|-damage|p2a: Ho-Oh|181/272 psn\n|\n|-heal|p2a: Ho-Oh|198/272 psn|[from] item: Leftovers\n|-damage|p2a: Ho-Oh|164/272 psn|[from] psn\n|upkeep\n|turn|29\n|\n|t:|1769216082\n|move|p2a: Ho-Oh|Brave Bird|p1a: Vileplume\n|-supereffective|p1a: Vileplume\n|-crit|p1a: Vileplume\n|-damage|p1a: Vileplume|0 fnt\n|faint|p1a: Vileplume\n|-damage|p2a: Ho-Oh|74/272 psn|[from] Recoil\n|\n|-heal|p2a: Ho-Oh|91/272 psn|[from] item: Leftovers\n|-damage|p2a: Ho-Oh|57/272 psn|[from] psn\n|upkeep\n|\n|t:|1769216086\n|switch|p1a: Rapidash|Rapidash, L87, F|112/255\n|turn|30\n|\n|t:|1769216091\n|switch|p2a: Rhydon|Rhydon, L85, F|317/317\n|move|p1a: Rapidash|Flare Blitz|p2a: Rhydon\n|-resisted|p2a: Rhydon\n|-damage|p2a: Rhydon|284/317\n|-damage|p1a: Rapidash|101/255|[from] Recoil\n|\n|-heal|p1a: Rapidash|116/255|[from] item: Leftovers\n|upkeep\n|turn|31\n|\n|t:|1769216102\n|move|p1a: Rapidash|Morning Sun|p1a: Rapidash\n|-heal|p1a: Rapidash|243/255\n|move|p2a: Rhydon|Earthquake|p1a: Rapidash\n|-supereffective|p1a: Rapidash\n|-damage|p1a: Rapidash|0 fnt\n|faint|p1a: Rapidash\n|\n|upkeep\n|\n|t:|1769216107\n|switch|p1a: Starmie|Starmie, L84|47/238\n|turn|32\n|\n|t:|1769216112\n|switch|p2a: Maractus|Maractus, M|312/312\n|move|p1a: Starmie|Ice Beam|p2a: Maractus\n|-supereffective|p2a: Maractus\n|-damage|p2a: Maractus|122/312\n|\n|-heal|p2a: Maractus|141/312|[from] item: Leftovers\n|upkeep\n|turn|33\n|\n|t:|1769216123\n|switch|p2a: Ho-Oh|Ho-Oh, L72|147/272 psn\n|move|p1a: Starmie|Ice Beam|p2a: Ho-Oh\n|-damage|p2a: Ho-Oh|69/272 psn\n|\n|-heal|p2a: Ho-Oh|86/272 psn|[from] item: Leftovers\n|-damage|p2a: Ho-Oh|52/272 psn|[from] psn\n|upkeep\n|turn|34\n|\n|t:|1769216129\n|switch|p2a: Girafarig|Girafarig, L95, F|287/287\n|move|p1a: Starmie|Ice Beam|p2a: Girafarig\n|-damage|p2a: Girafarig|176/287\n|\n|upkeep\n|turn|35\n|\n|t:|1769216157\n|move|p1a: Starmie|Ice Beam|p2a: Girafarig\n|-damage|p2a: Girafarig|72/287\n|move|p2a: Girafarig|Dazzling Gleam|p1a: Starmie\n|-damage|p1a: Starmie|0 fnt\n|faint|p1a: Starmie\n|-damage|p2a: Girafarig|44/287|[from] item: Life Orb\n|\n|upkeep\n|\n|t:|1769216161\n|switch|p1a: Galvantula|Galvantula, L80, M|243/243\n|turn|36\n|\n|t:|1769216166\n|move|p1a: Galvantula|Bug Buzz|p2a: Girafarig\n|-supereffective|p2a: Girafarig\n|-damage|p2a: Girafarig|0 fnt\n|faint|p2a: Girafarig\n|-damage|p1a: Galvantula|219/243|[from] item: Life Orb\n|\n|upkeep\n|\n|t:|1769216171\n|switch|p2a: Mienshao|Mienshao, L83, F|243/243\n|turn|37\n|\n|t:|1769216174\n|move|p2a: Mienshao|High Jump Kick|p1a: Galvantula|[miss]\n|-miss|p2a: Mienshao|p1a: Galvantula\n|-damage|p2a: Mienshao|122/243|[from] highjumpkick\n|move|p1a: Galvantula|Sticky Web|p2a: Mienshao\n|-sidestart|p2: NTsweeper007|move: Sticky Web\n|\n|upkeep\n|turn|38\n|\n|t:|1769216178\n|move|p2a: Mienshao|High Jump Kick|p1a: Galvantula\n|-resisted|p1a: Galvantula\n|-damage|p1a: Galvantula|3/243\n|move|p1a: Galvantula|Thunder|p2a: Mienshao\n|-damage|p2a: Mienshao|0 fnt\n|faint|p2a: Mienshao\n|-damage|p1a: Galvantula|0 fnt|[from] item: Life Orb\n|faint|p1a: Galvantula\n|\n|upkeep\n|\n|t:|1769216183\n|switch|p2a: Ho-Oh|Ho-Oh, L72|142/272 psn\n|switch|p1a: Feraligatr|Feraligatr, L79, F|264/264\n|turn|39\n|\n|t:|1769216187\n|move|p2a: Ho-Oh|Sacred Fire|p1a: Feraligatr\n|-resisted|p1a: Feraligatr\n|-damage|p1a: Feraligatr|220/264\n|-status|p1a: Feraligatr|brn\n|move|p1a: Feraligatr|Dragon Dance|p1a: Feraligatr\n|-boost|p1a: Feraligatr|atk|1\n|-boost|p1a: Feraligatr|spe|1\n|\n|-heal|p2a: Ho-Oh|159/272 psn|[from] item: Leftovers\n|-damage|p2a: Ho-Oh|125/272 psn|[from] psn\n|-damage|p1a: Feraligatr|204/264 brn|[from] brn\n|upkeep\n|turn|40\n|\n|t:|1769216191\n|move|p1a: Feraligatr|Dragon Dance|p1a: Feraligatr\n|-boost|p1a: Feraligatr|atk|1\n|-boost|p1a: Feraligatr|spe|1\n|move|p2a: Ho-Oh|Substitute|p2a: Ho-Oh\n|-start|p2a: Ho-Oh|Substitute\n|-damage|p2a: Ho-Oh|57/272 psn\n|\n|-heal|p2a: Ho-Oh|74/272 psn|[from] item: Leftovers\n|-damage|p2a: Ho-Oh|40/272 psn|[from] psn\n|-damage|p1a: Feraligatr|188/264 brn|[from] brn\n|upkeep\n|turn|41\n|\n|t:|1769216197\n|move|p1a: Feraligatr|Liquidation|p2a: Ho-Oh\n|-supereffective|p2a: Ho-Oh\n|-end|p2a: Ho-Oh|Substitute\n|move|p2a: Ho-Oh|Brave Bird|p1a: Feraligatr\n|-crit|p1a: Feraligatr\n|-damage|p1a: Feraligatr|23/264 brn\n|-damage|p2a: Ho-Oh|0 fnt|[from] Recoil\n|faint|p2a: Ho-Oh\n|\n|-damage|p1a: Feraligatr|7/264 brn|[from] brn\n|upkeep\n|\n|t:|1769216201\n|switch|p2a: Scrafty|Scrafty, L84, M|98/246 slp\n|-activate|p2a: Scrafty|move: Sticky Web\n|-unboost|p2a: Scrafty|spe|1\n|turn|42\n|\n|t:|1769216207\n|move|p1a: Feraligatr|Ice Punch|p2a: Scrafty\n|-damage|p2a: Scrafty|28/246 slp\n|cant|p2a: Scrafty|slp\n|\n|-activate|p2a: Scrafty|ability: Shed Skin\n|-curestatus|p2a: Scrafty|slp|[msg]\n|-heal|p2a: Scrafty|43/246|[from] item: Leftovers\n|-damage|p1a: Feraligatr|0 fnt|[from] brn\n|faint|p1a: Feraligatr\n|upkeep\n|\n|t:|1769216210\n|switch|p1a: Pheromosa|Pheromosa, L75|229/229\n|turn|43\n|\n|t:|1769216214\n|move|p1a: Pheromosa|High Jump Kick|p2a: Scrafty|[miss]\n|-miss|p1a: Pheromosa|p2a: Scrafty\n|-damage|p1a: Pheromosa|115/229|[from] highjumpkick\n|move|p2a: Scrafty|Drain Punch|p1a: Pheromosa\n|-resisted|p1a: Pheromosa\n|-damage|p1a: Pheromosa|46/229\n|-heal|p2a: Scrafty|78/246|[from] drain|[of] p1a: Pheromosa\n|\n|-heal|p2a: Scrafty|93/246|[from] item: Leftovers\n|upkeep\n|turn|44\n|\n|t:|1769216217\n|move|p1a: Pheromosa|High Jump Kick|p2a: Scrafty\n|-supereffective|p2a: Scrafty\n|-damage|p2a: Scrafty|0 fnt\n|faint|p2a: Scrafty\n|-ability|p1a: Pheromosa|Beast Boost|boost\n|-boost|p1a: Pheromosa|spe|1\n|\n|upkeep\n|\n|t:|1769216220\n|switch|p2a: Maractus|Maractus, M|141/312\n|-activate|p2a: Maractus|move: Sticky Web\n|-unboost|p2a: Maractus|spe|1\n|turn|45\n|\n|t:|1769216222\n|move|p1a: Pheromosa|Ice Beam|p2a: Maractus\n|-supereffective|p2a: Maractus\n|-damage|p2a: Maractus|0 fnt\n|faint|p2a: Maractus\n|-ability|p1a: Pheromosa|Beast Boost|boost\n|-boost|p1a: Pheromosa|spe|1\n|\n|upkeep\n|\n|t:|1769216224\n|switch|p2a: Rhydon|Rhydon, L85, F|284/317\n|-activate|p2a: Rhydon|move: Sticky Web\n|-unboost|p2a: Rhydon|spe|1\n|turn|46\n|\n|t:|1769216226\n|move|p1a: Pheromosa|Ice Beam|p2a: Rhydon\n|-supereffective|p2a: Rhydon\n|-damage|p2a: Rhydon|123/317\n|move|p2a: Rhydon|Earthquake|p1a: Pheromosa\n|-resisted|p1a: Pheromosa\n|-damage|p1a: Pheromosa|0 fnt\n|faint|p1a: Pheromosa\n|\n|win|NTsweeper007\n|raw|bryanhuiman's rating: 1569 &rarr; <strong>1562</strong><br />(-7 for losing)\n|raw|NTsweeper007's rating: 1841 &rarr; <strong>1848</strong><br />(+7 for winning)\n|l|☆bryanhuiman\n|player|p1|\n", "inputlog": ">version dd3d52b8382d73d1dd2c67730c4067df325ab790\n>start {\"formatid\":\"gen7randombattle\",\"seed\":\"sodium,82692f4802a06c0a9275d56fa85a60a5\",\"rated\":\"Rated battle\"}\n>player p1 {\"name\":\"bryanhuiman\",\"avatar\":\"102\",\"rating\":1569,\"seed\":\"sodium,00735b9a55c38a5d209725001bf65bb8\"}\n>player p2 {\"name\":\"NTsweeper007\",\"avatar\":\"hilbert-wonderlauncher\",\"rating\":1841,\"seed\":\"sodium,b7fed2b7795081193c27069e91d0e9bd\"}\n>p1 move hydropump\n>p2 move bulkup\n>p1 move hydropump\n>p2 switch 3\n>p1 switch 6\n>p2 move knockoff\n>p1 move strengthsap\n>p2 switch 3\n>p1 move sludgebomb\n>p2 move rest\n>p1 move sludgebomb\n>p2 move rest\n>p1 move sludgebomb\n>p2 switch 5\n>p1 switch 5\n>p2 move substitute\n>p1 move wildcharge\n>p2 move substitute\n>p1 move wildcharge\n>p2 move roost\n>p1 move flareblitz\n>p2 move bravebird\n>p1 move wildcharge\n>p2 switch 4\n>p1 switch 5\n>p2 switch 4\n>p1 move sludgebomb\n>p2 move substitute\n>p1 switch 6\n>p2 move sacredfire\n>p1 move psyshock\n>p2 switch 3\n>p1 switch 6\n>p2 move synthesis\n>p1 move sludgebomb\n>p2 switch 5\n>p1 move sludgebomb\n>p2 move drainpunch\n>p1 move sludgebomb\n>p2 move rest\n>p1 move sludgebomb\n>p2 switch 3\n>p1 switch 6\n>p2 move bravebird\n>p1 move thunderbolt\n>p2 switch 3\n>p1 move thunderbolt\n>p2 switch 3\n>p1 switch 6\n>p2 switch 4\n>p1 move sludgebomb\n>p2 switch 4\n>p1 move strengthsap\n>p2 move roost\n>p1 move sludgebomb\n>p2 move roost\n>p1 move strengthsap\n>p2 move bravebird\n>p1 switch 5\n>p1 move flareblitz\n>p2 switch 4\n>p1 move morningsun\n>p2 move earthquake\n>p1 switch 6\n>p1 move icebeam\n>p2 switch 5\n>p1 move icebeam\n>p2 switch 4\n>p1 move icebeam\n>p2 switch 6\n>p1 move icebeam\n>p2 move dazzlinggleam\n>p1 switch 4\n>p1 move bugbuzz\n>p2 move psyshock\n>p2 switch 2\n>p1 move stickyweb\n>p2 move highjumpkick\n>p1 move thunder\n>p2 move highjumpkick\n>p1 switch 3\n>p2 switch 6\n>p1 move dragondance\n>p2 move sacredfire\n>p1 move dragondance\n>p2 move substitute\n>p1 move liquidation\n>p2 move bravebird\n>p2 switch 3\n>p1 move icepunch\n>p2 move rest\n>p1 switch 2\n>p1 move highjumpkick\n>p2 move drainpunch\n>p1 move highjumpkick\n>p2 move drainpunch\n>p2 switch 4\n>p1 move icebeam\n>p2 move gigadrain\n>p2 switch 5\n>p1 move icebeam\n>p2 move earthquake", "uploadtime": 1769216234, "views": 187, "formatid": "gen7randombattle", "rating": 1562, "private": 0, "password": null}