{"id": "gen7randombattle-2534017575", "format": "[Gen 7] Random Battle", "players": ["alestan", "MimikyuTrainerAsh"], "log": "|j|☆alestan\n|j|☆MimikyuTrainerAsh\n|t:|1770376985\n|gametype|singles\n|player|p1|alestan|101|1543\n|player|p2|MimikyuTrainerAsh|pokekid|1631\n|gen|7\n|tier|[Gen 7] Random Battle\n|rated|\n|rule|Sleep Clause Mod: Limit one foe put to sleep\n|rule|HP Percentage Mod: HP is shown in percentages\n|rule|Illusion Level Mod: Illusion disguises the Pokémon's true level\n|\n|t:|1770376985\n|teamsize|p1|6\n|teamsize|p2|6\n|start\n|switch|p1a: Florges|Florges-Orange, L85, F|271/271\n|switch|p2a: Ho-Oh|Ho-Oh, L72|272/272\n|turn|1\n|inactive|Battle timer is ON: inactive players will automatically lose when time's up. (requested by MimikyuTrainerAsh)\n|\n|t:|1770377001\n|switch|p1a: Luvdisc|Luvdisc, F|248/248\n|move|p2a: Ho-Oh|Toxic|p1a: Luvdisc\n|-status|p1a: Luvdisc|tox\n|\n|-damage|p1a: Luvdisc|233/248 tox|[from] psn\n|upkeep\n|turn|2\n|\n|t:|1770377010\n|switch|p2a: Phione|Phione, L93|300/300\n|move|p1a: Luvdisc|Toxic|p2a: Phione\n|-status|p2a: Phione|tox\n|\n|-heal|p1a: Luvdisc|248/248 tox|[from] item: Leftovers\n|-damage|p1a: Luvdisc|218/248 tox|[from] psn\n|-damage|p2a: Phione|282/300 tox|[from] psn\n|upkeep\n|turn|3\n|\n|t:|1770377023\n|switch|p1a: Kartana|Kartana, L74|209/209\n|move|p2a: Phione|Heal Bell|p2a: Phione\n|-activate|p2a: Phione|move: Heal Bell\n|-curestatus|p2a: Phione|tox|[msg]\n|\n|-heal|p2a: Phione|300/300|[from] item: Leftovers\n|upkeep\n|turn|4\n|\n|t:|1770377033\n|move|p1a: Kartana|Knock Off|p2a: Phione\n|-damage|p2a: Phione|190/300\n|-enditem|p2a: Phione|Leftovers|[from] move: Knock Off|[of] p1a: Kartana\n|-damage|p1a: Kartana|189/209|[from] item: Life Orb\n|move|p2a: Phione|Ice Beam|p1a: Kartana\n|-damage|p1a: Kartana|53/209\n|\n|upkeep\n|turn|5\n|\n|t:|1770377042\n|switch|p2a: Ho-Oh|Ho-Oh, L72|272/272\n|move|p1a: Kartana|Leaf Blade|p2a: Ho-Oh\n|-resisted|p2a: Ho-Oh\n|-damage|p2a: Ho-Oh|224/272\n|-damage|p1a: Kartana|33/209|[from] item: Life Orb\n|\n|-heal|p2a: Ho-Oh|241/272|[from] item: Leftovers\n|upkeep\n|turn|6\n|\n|t:|1770377054\n|switch|p1a: Luvdisc|Luvdisc, F|218/248 tox\n|move|p2a: Ho-Oh|Roost|p2a: Ho-Oh\n|-heal|p2a: Ho-Oh|272/272\n|-singleturn|p2a: Ho-Oh|move: Roost\n|\n|-heal|p1a: Luvdisc|233/248 tox|[from] item: Leftovers\n|-damage|p1a: Luvdisc|218/248 tox|[from] psn\n|upkeep\n|turn|7\n|\n|t:|1770377065\n|switch|p2a: Phione|Phione, L93|190/300\n|move|p1a: Luvdisc|Toxic|p2a: Phione\n|-status|p2a: Phione|tox\n|\n|-heal|p1a: Luvdisc|233/248 tox|[from] item: Leftovers\n|-damage|p1a: Luvdisc|203/248 tox|[from] psn\n|-damage|p2a: Phione|172/300 tox|[from] psn\n|upkeep\n|turn|8\n|\n|t:|1770377089\n|switch|p1a: Kartana|Kartana, L74|33/209\n|move|p2a: Phione|Heal Bell|p2a: Phione\n|-activate|p2a: Phione|move: Heal Bell\n|-curestatus|p2a: Phione|tox|[msg]\n|\n|upkeep\n|turn|9\n|\n|t:|1770377098\n|move|p1a: Kartana|Knock Off|p2a: Phione\n|-damage|p2a: Phione|90/300\n|-damage|p1a: Kartana|13/209|[from] item: Life Orb\n|move|p2a: Phione|Ice Beam|p1a: Kartana\n|-damage|p1a: Kartana|0 fnt\n|faint|p1a: Kartana\n|\n|upkeep\n|c|☆MimikyuTrainerAsh|…?\n|\n|t:|1770377108\n|switch|p1a: Diggersby|Diggersby, L82, M|274/274\n|turn|10\n|\n|t:|1770377111\n|move|p2a: Phione|Scald|p1a: Diggersby\n|-supereffective|p1a: Diggersby\n|-damage|p1a: Diggersby|52/274\n|-status|p1a: Diggersby|brn\n|move|p1a: Diggersby|Return|p2a: Phione\n|-damage|p2a: Phione|0 fnt\n|faint|p2a: Phione\n|\n|-damage|p1a: Diggersby|35/274 brn|[from] brn\n|upkeep\n|\n|t:|1770377120\n|switch|p2a: Tyrantrum|Tyrantrum, L81, F|265/265\n|turn|11\n|\n|t:|1770377127\n|move|p1a: Diggersby|Return|p2a: Tyrantrum\n|-resisted|p2a: Tyrantrum\n|-damage|p2a: Tyrantrum|220/265\n|move|p2a: Tyrantrum|Dragon Dance|p2a: Tyrantrum\n|-boost|p2a: Tyrantrum|atk|1\n|-boost|p2a: Tyrantrum|spe|1\n|\n|-damage|p1a: Diggersby|18/274 brn|[from] brn\n|upkeep\n|turn|12\n|c|☆MimikyuTrainerAsh|what are you doing\n|\n|t:|1770377140\n|switch|p1a: Luvdisc|Luvdisc, F|203/248 tox\n|move|p2a: Tyrantrum|Dragon Dance|p2a: Tyrantrum\n|-boost|p2a: Tyrantrum|atk|1\n|-boost|p2a: Tyrantrum|spe|1\n|\n|-heal|p1a: Luvdisc|218/248 tox|[from] item: Leftovers\n|-damage|p1a: Luvdisc|203/248 tox|[from] psn\n|upkeep\n|turn|13\n|\n|t:|1770377150\n|move|p2a: Tyrantrum|Head Smash|p1a: Luvdisc\n|-damage|p1a: Luvdisc|0 fnt\n|faint|p1a: Luvdisc\n|\n|upkeep\n|\n|t:|1770377162\n|switch|p1a: Nidoking|Nidoking, L82, M|267/267\n|turn|14\n|\n|t:|1770377166\n|move|p2a: Tyrantrum|Earthquake|p1a: Nidoking\n|-supereffective|p1a: Nidoking\n|-damage|p1a: Nidoking|0 fnt\n|faint|p1a: Nidoking\n|\n|upkeep\n|\n|t:|1770377177\n|switch|p1a: Bibarel|Bibarel, L90, M|289/289\n|turn|15\n|\n|t:|1770377182\n|move|p2a: Tyrantrum|Head Smash|p1a: Bibarel\n|-damage|p1a: Bibarel|0 fnt\n|faint|p1a: Bibarel\n|\n|upkeep\n|-message|alestan forfeited.\n|\n|win|MimikyuTrainerAsh\n|raw|alestan's rating: 1543 &rarr; <strong>1528</strong><br />(-15 for losing)\n|raw|MimikyuTrainerAsh's rating: 1631 &rarr; <strong>1646</strong><br />(+15 for winning)\n|l|☆alestan\n|player|p1|\n|c|☆MimikyuTrainerAsh|the only thing you know how to do is press toxic it seems\n", "inputlog": ">version ccdc32dd7cde25fd9e4bed64820e885f66e78a4e\n>start {\"formatid\":\"gen7randombattle\",\"seed\":\"sodium,6027b671ac7a197f37ef209f3472b7aa\",\"rated\":\"Rated battle\"}\n>player p1 {\"name\":\"alestan\",\"avatar\":\"101\",\"rating\":1543,\"seed\":\"sodium,afd4346e11af097fde938f39cd2073d4\"}\n>player p2 {\"name\":\"MimikyuTrainerAsh\",\"avatar\":\"pokekid\",\"rating\":1631,\"seed\":\"sodium,af488e98d9deeeffb961a04348f3358a\"}\n>p1 switch 3\n>p2 move toxic\n>p1 move toxic\n>p2 switch 6\n>p1 switch 6\n>p2 move healbell\n>p1 move knockoff\n>p2 move icebeam\n>p1 move leafblade\n>p2 switch 6\n>p1 switch 6\n>p2 move roost\n>p1 move toxic\n>p2 switch 6\n>p1 switch 6\n>p2 move healbell\n>p1 move knockoff\n>p2 move icebeam\n>chat ☆MimikyuTrainerAsh|…?\n>p1 switch 4\n>p1 move return\n>p2 move scald\n>p2 switch 2\n>p1 move return\n>p2 move dragondance\n>chat ☆MimikyuTrainerAsh|what are you doing \n>p1 switch 6\n>p2 move dragondance\n>p1 move scald\n>p2 move headsmash\n>p1 switch 5\n>p1 move earthpower\n>p2 move earthquake\n>p1 switch 2\n>p1 move liquidation\n>p2 move headsmash\n>forcelose p1", "uploadtime": 1770377194, "views": 212, "formatid": "gen7randombattle", "rating": 1528, "private": 0, "password": null}