{"id": "gen7randombattle-2534530523", "format": "[Gen 7] Random Battle", "players": ["lkadjsfadfa", "La.Hellhound"], "log": "|j|☆lkadjsfadfa\n|j|‽La.Hellhound\n|t:|1770432984\n|gametype|singles\n|player|p1|lkadjsfadfa|170|1633\n|player|p2|La.Hellhound|bruno|1675\n|gen|7\n|tier|[Gen 7] Random Battle\n|rated|\n|rule|Sleep Clause Mod: Limit one foe put to sleep\n|rule|HP Percentage Mod: HP is shown in percentages\n|rule|Illusion Level Mod: Illusion disguises the Pokémon's true level\n|\n|t:|1770432984\n|teamsize|p1|6\n|teamsize|p2|6\n|start\n|switch|p1a: Primarina|Primarina, L83, M|268/268\n|switch|p2a: Grumpig|Grumpig, L93, F|300/300\n|turn|1\n|inactive|Battle timer is ON: inactive players will automatically lose when time's up. (requested by La.Hellhound)\n|inactive|lkadjsfadfa also wants the timer to be on.\n|inactive|La.Hellhound has 120 seconds left.\n|inactive|La.Hellhound has 90 seconds left.\n|\n|t:|1770433053\n|move|p2a: Grumpig|Calm Mind|p2a: Grumpig\n|-boost|p2a: Grumpig|spa|1\n|-boost|p2a: Grumpig|spd|1\n|move|p1a: Primarina|Moonblast|p2a: Grumpig\n|-damage|p2a: Grumpig|203/300\n|\n|upkeep\n|turn|2\n|\n|t:|1770433069\n|switch|p1a: Heliolisk|Heliolisk, L85, M|244/244\n|move|p2a: Grumpig|Calm Mind|p2a: Grumpig\n|-boost|p2a: Grumpig|spa|1\n|-boost|p2a: Grumpig|spd|1\n|\n|upkeep\n|turn|3\n|\n|t:|1770433076\n|move|p1a: Heliolisk|Glare|p2a: Grumpig\n|-status|p2a: Grumpig|par\n|cant|p2a: Grumpig|par\n|\n|upkeep\n|turn|4\n|\n|t:|1770433081\n|move|p1a: Heliolisk|Dark Pulse|p2a: Grumpig\n|-supereffective|p2a: Grumpig\n|-damage|p2a: Grumpig|138/300 par\n|-enditem|p2a: Grumpig|Figy Berry|[eat]\n|-heal|p2a: Grumpig|288/300 par|[from] item: Figy Berry\n|-damage|p1a: Heliolisk|220/244|[from] item: Life Orb\n|cant|p2a: Grumpig|par\n|\n|upkeep\n|turn|5\n|\n|t:|1770433089\n|move|p1a: Heliolisk|Dark Pulse|p2a: Grumpig\n|-supereffective|p2a: Grumpig\n|-crit|p2a: Grumpig\n|-damage|p2a: Grumpig|80/300 par\n|-damage|p1a: Heliolisk|196/244|[from] item: Life Orb\n|move|p2a: Grumpig|Recycle|p2a: Grumpig\n|-item|p2a: Grumpig|Figy Berry|[from] move: Recycle\n|-enditem|p2a: Grumpig|Figy Berry|[eat]\n|-heal|p2a: Grumpig|230/300 par|[from] item: Figy Berry\n|\n|upkeep\n|turn|6\n|\n|t:|1770433102\n|move|p1a: Heliolisk|Dark Pulse|p2a: Grumpig\n|-supereffective|p2a: Grumpig\n|-damage|p2a: Grumpig|165/300 par\n|-damage|p1a: Heliolisk|172/244|[from] item: Life Orb\n|move|p2a: Grumpig|Recycle|p2a: Grumpig\n|-item|p2a: Grumpig|Figy Berry|[from] move: Recycle\n|\n|upkeep\n|turn|7\n|\n|t:|1770433111\n|move|p1a: Heliolisk|Dark Pulse|p2a: Grumpig\n|-supereffective|p2a: Grumpig\n|-damage|p2a: Grumpig|97/300 par\n|-enditem|p2a: Grumpig|Figy Berry|[eat]\n|-heal|p2a: Grumpig|247/300 par|[from] item: Figy Berry\n|-damage|p1a: Heliolisk|148/244|[from] item: Life Orb\n|move|p2a: Grumpig|Psyshock|p1a: Heliolisk\n|-damage|p1a: Heliolisk|0 fnt\n|faint|p1a: Heliolisk\n|\n|upkeep\n|\n|t:|1770433114\n|switch|p1a: Ariados|Ariados, L92, M|278/278\n|turn|8\n|\n|t:|1770433135\n|move|p1a: Ariados|Megahorn|p2a: Grumpig\n|-supereffective|p2a: Grumpig\n|-damage|p2a: Grumpig|0 fnt\n|faint|p2a: Grumpig\n|\n|upkeep\n|\n|t:|1770433140\n|switch|p2a: Salazzle|Salazzle, L84, F|251/251\n|turn|9\n|\n|t:|1770433145\n|switch|p1a: Grumpig|Grumpig, L93, M|300/300\n|move|p2a: Salazzle|Nasty Plot|p2a: Salazzle\n|-boost|p2a: Salazzle|spa|2\n|\n|upkeep\n|turn|10\n|\n|t:|1770433153\n|switch|p2a: Kecleon|Kecleon, L90, F|254/254\n|move|p1a: Grumpig|Psychic|p2a: Kecleon\n|-damage|p2a: Kecleon|178/254\n|\n|upkeep\n|turn|11\n|\n|t:|1770433160\n|move|p1a: Grumpig|Focus Blast|p2a: Kecleon\n|-supereffective|p2a: Kecleon\n|-damage|p2a: Kecleon|24/254\n|move|p2a: Kecleon|Stealth Rock|p1a: Grumpig\n|-start|p2a: Kecleon|typechange|Rock|[from] ability: Protean\n|-sidestart|p1: lkadjsfadfa|move: Stealth Rock\n|\n|upkeep\n|turn|12\n|\n|t:|1770433168\n|move|p2a: Kecleon|Sucker Punch|p1a: Grumpig\n|-start|p2a: Kecleon|typechange|Dark|[from] ability: Protean\n|-supereffective|p1a: Grumpig\n|-crit|p1a: Grumpig\n|-damage|p1a: Grumpig|0 fnt\n|faint|p1a: Grumpig\n|-damage|p2a: Kecleon|0 fnt|[from] item: Life Orb\n|faint|p2a: Kecleon\n|\n|upkeep\n|\n|t:|1770433186\n|switch|p1a: Chatot|Chatot, L89, M|280/280\n|switch|p2a: Salazzle|Salazzle, L84, F|251/251\n|-damage|p1a: Chatot|210/280|[from] Stealth Rock\n|turn|13\n|\n|t:|1770433191\n|-zpower|p2a: Salazzle\n|move|p2a: Salazzle|Inferno Overdrive|p1a: Chatot|[zeffect]\n|-damage|p1a: Chatot|0 fnt\n|faint|p1a: Chatot\n|\n|upkeep\n|\n|t:|1770433195\n|switch|p1a: Primarina|Primarina, L83, M|268/268\n|-damage|p1a: Primarina|235/268|[from] Stealth Rock\n|turn|14\n|\n|t:|1770433208\n|switch|p2a: Seismitoad|Seismitoad, L85, F|317/317\n|move|p1a: Primarina|Scald|p2a: Seismitoad\n|-immune|p2a: Seismitoad|[from] ability: Water Absorb\n|\n|upkeep\n|turn|15\n|-message|lkadjsfadfa forfeited.\n|\n|win|La.Hellhound\n|raw|lkadjsfadfa's rating: 1633 &rarr; <strong>1615</strong><br />(-18 for losing)\n|raw|La.Hellhound's rating: 1675 &rarr; <strong>1693</strong><br />(+18 for winning)\n|l|☆lkadjsfadfa\n|player|p1|\n", "inputlog": ">version ccdc32dd7cde25fd9e4bed64820e885f66e78a4e\n>start {\"formatid\":\"gen7randombattle\",\"seed\":\"sodium,8d940e86a5d77681d86b9ba7622a9267\",\"rated\":\"Rated battle\"}\n>player p1 {\"name\":\"lkadjsfadfa\",\"avatar\":\"170\",\"rating\":1633,\"seed\":\"sodium,443d93ff7e7eb5ba191aa0888e029145\"}\n>player p2 {\"name\":\"La.Hellhound\",\"avatar\":\"bruno\",\"rating\":1675,\"seed\":\"sodium,dfc288dd5a33cd89400b93bc8decd9ea\"}\n>p1 move moonblast\n>p2 move calmmind\n>p1 switch 2\n>p2 move calmmind\n>p1 move glare\n>p2 move psyshock\n>p1 move darkpulse\n>p2 move psyshock\n>p1 move darkpulse\n>p2 move recycle\n>p1 move darkpulse\n>p2 move recycle\n>p1 move darkpulse\n>p2 move psyshock\n>p1 switch 6\n>p1 move megahorn\n>p2 move psyshock\n>p2 switch 3\n>p1 switch 5\n>p2 move nastyplot\n>p1 move psychic\n>p2 switch 5\n>p1 move focusblast\n>p2 move stealthrock\n>p1 move psychic\n>p2 move suckerpunch\n>p1 switch 3\n>p2 switch 5\n>p1 move boomburst\n>p2 move fireblast zmove\n>p1 switch 2\n>p1 move scald\n>p2 switch 6\n>forcelose p1", "uploadtime": 1770433215, "views": 202, "formatid": "gen7randombattle", "rating": 1615, "private": 0, "password": null}