{"id": "gen7randombattle-2536128617", "format": "[Gen 7] Random Battle", "players": ["agustin24", "Darkemin"], "log": "|j|☆agustin24\n|j|☆Darkemin\n|t:|1770656890\n|gametype|singles\n|player|p1|agustin24|pokemaniac|1626\n|player|p2|Darkemin|170|1472\n|gen|7\n|tier|[Gen 7] Random Battle\n|rated|\n|rule|Sleep Clause Mod: Limit one foe put to sleep\n|rule|HP Percentage Mod: HP is shown in percentages\n|rule|Illusion Level Mod: Illusion disguises the Pokémon's true level\n|\n|t:|1770656890\n|teamsize|p1|6\n|teamsize|p2|6\n|start\n|switch|p1a: Trevenant|Trevenant, L91, M|303/303\n|switch|p2a: Corsola|Corsola, L96, F|280/280\n|turn|1\n|inactive|Battle timer is ON: inactive players will automatically lose when time's up. (requested by agustin24)\n|\n|t:|1770656904\n|switch|p2a: Hawlucha|Hawlucha, L78, F|248/248\n|move|p1a: Trevenant|Rock Slide|p2a: Hawlucha\n|-crit|p2a: Hawlucha\n|-damage|p2a: Hawlucha|86/248\n|-enditem|p2a: Hawlucha|Sitrus Berry|[eat]\n|-heal|p2a: Hawlucha|148/248|[from] item: Sitrus Berry\n|-damage|p1a: Trevenant|273/303|[from] item: Life Orb\n|\n|upkeep\n|turn|2\n|\n|t:|1770656916\n|switch|p1a: Relicanth|Relicanth, L88, M|319/319\n|move|p2a: Hawlucha|Swords Dance|p2a: Hawlucha\n|-boost|p2a: Hawlucha|atk|2\n|\n|upkeep\n|turn|3\n|\n|t:|1770656927\n|move|p2a: Hawlucha|Substitute|p2a: Hawlucha\n|-start|p2a: Hawlucha|Substitute\n|-damage|p2a: Hawlucha|86/248\n|move|p1a: Relicanth|Head Smash|p2a: Hawlucha\n|-end|p2a: Hawlucha|Substitute\n|\n|upkeep\n|turn|4\n|\n|t:|1770656933\n|move|p2a: Hawlucha|High Jump Kick|p1a: Relicanth\n|-supereffective|p1a: Relicanth\n|-damage|p1a: Relicanth|19/319\n|move|p1a: Relicanth|Head Smash|p2a: Hawlucha\n|-damage|p2a: Hawlucha|0 fnt\n|faint|p2a: Hawlucha\n|\n|-heal|p1a: Relicanth|38/319|[from] item: Leftovers\n|upkeep\n|inactive|Darkemin has 120 seconds left.\n|\n|t:|1770656969\n|switch|p2a: Groudon|Groudon, L74|270/270\n|-weather|SunnyDay|[from] ability: Drought|[of] p2a: Groudon\n|turn|5\n|inactive|Darkemin has 120 seconds left.\n|\n|t:|1770656975\n|move|p2a: Groudon|Precipice Blades|p1a: Relicanth\n|-supereffective|p1a: Relicanth\n|-damage|p1a: Relicanth|0 fnt\n|faint|p1a: Relicanth\n|\n|-weather|SunnyDay|[upkeep]\n|upkeep\n|\n|t:|1770656987\n|switch|p1a: Yveltal|Yveltal, L70|292/292\n|-ability|p1a: Yveltal|Dark Aura\n|turn|6\n|\n|t:|1770656995\n|move|p1a: Yveltal|Knock Off|p2a: Groudon\n|-damage|p2a: Groudon|167/270\n|-enditem|p2a: Groudon|Leftovers|[from] move: Knock Off|[of] p1a: Yveltal\n|move|p2a: Groudon|Thunder Wave|p1a: Yveltal\n|-status|p1a: Yveltal|par\n|\n|-weather|SunnyDay|[upkeep]\n|upkeep\n|turn|7\n|\n|t:|1770657006\n|move|p2a: Groudon|Stone Edge|p1a: Yveltal\n|-supereffective|p1a: Yveltal\n|-crit|p1a: Yveltal\n|-damage|p1a: Yveltal|14/292 par\n|cant|p1a: Yveltal|par\n|\n|-weather|SunnyDay|[upkeep]\n|-heal|p1a: Yveltal|32/292 par|[from] item: Leftovers\n|upkeep\n|turn|8\n|\n|t:|1770657015\n|switch|p1a: Trevenant|Trevenant, L91, M|273/303\n|move|p2a: Groudon|Lava Plume|p1a: Trevenant\n|-supereffective|p1a: Trevenant\n|-damage|p1a: Trevenant|139/303\n|-status|p1a: Trevenant|brn\n|\n|-weather|SunnyDay|[upkeep]\n|-damage|p1a: Trevenant|121/303 brn|[from] brn\n|upkeep\n|turn|9\n|\n|t:|1770657024\n|move|p2a: Groudon|Lava Plume|p1a: Trevenant\n|-supereffective|p1a: Trevenant\n|-damage|p1a: Trevenant|0 fnt\n|faint|p1a: Trevenant\n|\n|-weather|none\n|upkeep\n|\n|t:|1770657037\n|switch|p1a: Shiftry|Shiftry, L90, F|308/308\n|turn|10\n|\n|t:|1770657041\n|move|p1a: Shiftry|Leaf Blade|p2a: Groudon\n|-supereffective|p2a: Groudon\n|-damage|p2a: Groudon|0 fnt\n|faint|p2a: Groudon\n|-damage|p1a: Shiftry|278/308|[from] item: Life Orb\n|\n|upkeep\n|\n|t:|1770657049\n|switch|p2a: Aromatisse|Aromatisse, L91, F|332/332\n|turn|11\n|\n|t:|1770657072\n|switch|p1a: Yveltal|Yveltal, L70|32/292 par\n|-ability|p1a: Yveltal|Dark Aura\n|move|p2a: Aromatisse|Moonblast|p1a: Yveltal\n|-supereffective|p1a: Yveltal\n|-damage|p1a: Yveltal|0 fnt\n|faint|p1a: Yveltal\n|\n|upkeep\n|\n|t:|1770657077\n|switch|p1a: Jolteon|Jolteon, L81, M|238/238\n|turn|12\n|\n|t:|1770657082\n|move|p1a: Jolteon|Thunderbolt|p2a: Aromatisse\n|-damage|p2a: Aromatisse|187/332\n|move|p2a: Aromatisse|Calm Mind|p2a: Aromatisse\n|-boost|p2a: Aromatisse|spa|1\n|-boost|p2a: Aromatisse|spd|1\n|\n|-heal|p2a: Aromatisse|207/332|[from] item: Leftovers\n|upkeep\n|turn|13\n|\n|t:|1770657089\n|move|p2a: Aromatisse|Protect|p2a: Aromatisse\n|-singleturn|p2a: Aromatisse|Protect\n|move|p1a: Jolteon|Thunderbolt|p2a: Aromatisse\n|-activate|p2a: Aromatisse|move: Protect\n|\n|-heal|p2a: Aromatisse|227/332|[from] item: Leftovers\n|upkeep\n|turn|14\n|\n|t:|1770657095\n|move|p1a: Jolteon|Thunderbolt|p2a: Aromatisse\n|-damage|p2a: Aromatisse|136/332\n|move|p2a: Aromatisse|Wish|p2a: Aromatisse\n|\n|-heal|p2a: Aromatisse|156/332|[from] item: Leftovers\n|upkeep\n|turn|15\n|\n|t:|1770657104\n|switch|p1a: Shiftry|Shiftry, L90, F|278/308\n|move|p2a: Aromatisse|Calm Mind|p2a: Aromatisse\n|-boost|p2a: Aromatisse|spa|1\n|-boost|p2a: Aromatisse|spd|1\n|\n|-heal|p2a: Aromatisse|322/332|[from] move: Wish|[wisher] Aromatisse\n|-heal|p2a: Aromatisse|332/332|[from] item: Leftovers\n|upkeep\n|turn|16\n|\n|t:|1770657112\n|move|p1a: Shiftry|Leaf Blade|p2a: Aromatisse\n|-damage|p2a: Aromatisse|171/332\n|-damage|p1a: Shiftry|248/308|[from] item: Life Orb\n|move|p2a: Aromatisse|Moonblast|p1a: Shiftry\n|-supereffective|p1a: Shiftry\n|-damage|p1a: Shiftry|0 fnt\n|faint|p1a: Shiftry\n|\n|-heal|p2a: Aromatisse|191/332|[from] item: Leftovers\n|upkeep\n|-message|agustin24 forfeited.\n|\n|win|Darkemin\n|raw|agustin24's rating: 1626 &rarr; <strong>1598</strong><br />(-28 for losing)\n|raw|Darkemin's rating: 1472 &rarr; <strong>1500</strong><br />(+28 for winning)\n|l|☆agustin24\n|player|p1|\n", "inputlog": ">version ccdc32dd7cde25fd9e4bed64820e885f66e78a4e\n>start {\"formatid\":\"gen7randombattle\",\"seed\":\"sodium,358917857f42cab5e0251ab54923ba24\",\"rated\":\"Rated battle\"}\n>player p1 {\"name\":\"agustin24\",\"avatar\":\"pokemaniac\",\"rating\":1626,\"seed\":\"sodium,ccc4301c3ee69a30130d2dfe16739cb7\"}\n>player p2 {\"name\":\"Darkemin\",\"avatar\":\"170\",\"rating\":1472,\"seed\":\"sodium,2abd799bcbae0227cf91ad0eb3c9bbe6\"}\n>p1 move rockslide\n>p2 switch 3\n>p1 switch 4\n>p2 move swordsdance\n>p1 move headsmash\n>p2 move substitute\n>p1 move headsmash\n>p2 move highjumpkick\n>p2 switch 2\n>p1 move toxic\n>p2 move precipiceblades\n>p1 switch 3\n>p1 move knockoff\n>p2 move thunderwave\n>p1 move toxic\n>p2 move stoneedge\n>p1 switch 4\n>p2 move lavaplume\n>p1 move hornleech\n>p2 move lavaplume\n>p1 switch 6\n>p1 move leafblade\n>p2 move thunderwave\n>p2 switch 6\n>p1 switch 4\n>p2 move moonblast\n>p1 switch 5\n>p1 move thunderbolt\n>p2 move calmmind\n>p1 move thunderbolt\n>p2 move protect\n>p1 move thunderbolt\n>p2 move wish\n>p1 switch 4\n>p2 move calmmind\n>p1 move leafblade\n>p2 move moonblast\n>forcelose p1", "uploadtime": 1770657125, "views": 180, "formatid": "gen7randombattle", "rating": 1500, "private": 0, "password": null}