{"id": "gen7randombattle-2538639181", "format": "[Gen 7] Random Battle", "players": ["Master27131", "Burgers and Pizza!"], "log": "|j|☆Master27131\n|j|☆Burgers and Pizza!\n|t:|1770950441\n|gametype|singles\n|player|p1|Master27131|170|1545\n|player|p2|Burgers and Pizza!|workerice|1596\n|gen|7\n|tier|[Gen 7] Random Battle\n|rated|\n|rule|Sleep Clause Mod: Limit one foe put to sleep\n|rule|HP Percentage Mod: HP is shown in percentages\n|rule|Illusion Level Mod: Illusion disguises the Pokémon's true level\n|\n|t:|1770950441\n|teamsize|p1|6\n|teamsize|p2|6\n|start\n|switch|p1a: Chandelure|Chandelure, L84, F|238/238\n|switch|p2a: Rampardos|Rampardos, L88, F|314/314\n|turn|1\n|\n|t:|1770950464\n|move|p2a: Rampardos|Rock Slide|p1a: Chandelure\n|-supereffective|p1a: Chandelure\n|-damage|p1a: Chandelure|0 fnt\n|faint|p1a: Chandelure\n|\n|upkeep\n|\n|t:|1770950472\n|switch|p1a: Suicune|Suicune, L82|298/298\n|-ability|p1a: Suicune|Pressure\n|turn|2\n|inactive|Battle timer is ON: inactive players will automatically lose when time's up. (requested by Master27131)\n|inactive|Burgers and Pizza! has 120 seconds left.\n|l|☆Master27131\n|inactive|Master27131 disconnected and has a minute to reconnect!\n|player|p1|\n|inactive|Burgers and Pizza! has 90 seconds left.\n|j|☆Master27131\n|inactive|Master27131 reconnected.\n|player|p1|Master27131|170|\n|\n|t:|1770950564\n|switch|p2a: Beautifly|Beautifly, L99, M|279/279\n|move|p1a: Suicune|Scald|p2a: Beautifly\n|-damage|p2a: Beautifly|180/279\n|-status|p2a: Beautifly|brn\n|\n|-damage|p2a: Beautifly|163/279 brn|[from] brn\n|upkeep\n|turn|3\n|\n|t:|1770950587\n|switch|p1a: Tentacruel|Tentacruel, L83, F|268/268\n|move|p2a: Beautifly|Quiver Dance|p2a: Beautifly\n|-boost|p2a: Beautifly|spa|1\n|-boost|p2a: Beautifly|spd|1\n|-boost|p2a: Beautifly|spe|1\n|\n|-damage|p2a: Beautifly|146/279 brn|[from] brn\n|upkeep\n|turn|4\n|\n|t:|1770950598\n|move|p2a: Beautifly|Hidden Power|p1a: Tentacruel\n|-supereffective|p1a: Tentacruel\n|-damage|p1a: Tentacruel|170/268\n|move|p1a: Tentacruel|Sludge Bomb|p2a: Beautifly\n|-damage|p2a: Beautifly|70/279 brn\n|\n|-damage|p2a: Beautifly|53/279 brn|[from] brn\n|upkeep\n|turn|5\n|\n|t:|1770950612\n|-zpower|p2a: Beautifly\n|move|p2a: Beautifly|Savage Spin-Out|p1a: Tentacruel|[zeffect]\n|-resisted|p1a: Tentacruel\n|-damage|p1a: Tentacruel|13/268\n|move|p1a: Tentacruel|Scald|p2a: Beautifly\n|-damage|p2a: Beautifly|0 fnt\n|faint|p2a: Beautifly\n|\n|upkeep\n|\n|t:|1770950625\n|switch|p2a: Scolipede|Scolipede, L80, F|227/227\n|turn|6\n|\n|t:|1770950636\n|move|p2a: Scolipede|Poison Jab|p1a: Tentacruel\n|-resisted|p1a: Tentacruel\n|-damage|p1a: Tentacruel|0 fnt\n|faint|p1a: Tentacruel\n|-damage|p2a: Scolipede|205/227|[from] item: Life Orb\n|\n|-ability|p2a: Scolipede|Speed Boost|boost\n|-boost|p2a: Scolipede|spe|1\n|upkeep\n|\n|t:|1770950643\n|switch|p1a: Mismagius|Mismagius, L87, F|246/246\n|turn|7\n|\n|t:|1770950654\n|switch|p2a: Goodra|Goodra, L85, M|292/292\n|move|p1a: Mismagius|Mystical Fire|p2a: Goodra\n|-resisted|p2a: Goodra\n|-crit|p2a: Goodra\n|-damage|p2a: Goodra|262/292\n|-unboost|p2a: Goodra|spa|1\n|\n|upkeep\n|turn|8\n|\n|t:|1770950676\n|switch|p1a: Suicune|Suicune, L82|298/298\n|-ability|p1a: Suicune|Pressure\n|move|p2a: Goodra|Dragon Tail|p1a: Suicune\n|-crit|p1a: Suicune\n|-damage|p1a: Suicune|214/298\n|drag|p1a: Rayquaza|Rayquaza, L66|247/247\n|-ability|p1a: Rayquaza|Air Lock\n|\n|upkeep\n|turn|9\n|\n|t:|1770950686\n|switch|p2a: Stantler|Stantler, L92, M|283/283\n|-ability|p2a: Stantler|Intimidate|boost\n|-unboost|p1a: Rayquaza|atk|1\n|detailschange|p1a: Rayquaza|Rayquaza-Mega, L66\n|-mega|p1a: Rayquaza|Rayquaza|\n|-weather|DeltaStream|[from] ability: Delta Stream|[of] p1a: Rayquaza\n|move|p1a: Rayquaza|Dragon Ascent|p2a: Stantler\n|-damage|p2a: Stantler|121/283\n|-unboost|p1a: Rayquaza|def|1\n|-unboost|p1a: Rayquaza|spd|1\n|\n|-weather|DeltaStream|[upkeep]\n|upkeep\n|turn|10\n|\n|t:|1770950701\n|move|p2a: Stantler|Thunder Wave|p1a: Rayquaza\n|-status|p1a: Rayquaza|par\n|move|p1a: Rayquaza|Dragon Ascent|p2a: Stantler\n|-damage|p2a: Stantler|0 fnt\n|-unboost|p1a: Rayquaza|def|1\n|-unboost|p1a: Rayquaza|spd|1\n|faint|p2a: Stantler\n|\n|-weather|DeltaStream|[upkeep]\n|upkeep\n|inactive|Burgers and Pizza! has 120 seconds left.\n|inactive|Burgers and Pizza! has 90 seconds left.\n|inactive|Burgers and Pizza! has 60 seconds left.\n|\n|t:|1770950792\n|switch|p2a: Guzzlord|Guzzlord, L86|524/524\n|turn|11\n|inactive|Master27131 has 120 seconds left.\n|\n|t:|1770950843\n|-weather|none\n|switch|p1a: Suicune|Suicune, L82|214/298\n|-ability|p1a: Suicune|Pressure\n|move|p2a: Guzzlord|Knock Off|p1a: Suicune\n|-damage|p1a: Suicune|121/298\n|-enditem|p1a: Suicune|Leftovers|[from] move: Knock Off|[of] p2a: Guzzlord\n|\n|upkeep\n|turn|12\n|inactive|Burgers and Pizza! has 60 seconds left.\n|\n|t:|1770950866\n|switch|p2a: Goodra|Goodra, L85, M|262/292\n|move|p1a: Suicune|Rest|p1a: Suicune\n|-status|p1a: Suicune|slp|[from] move: Rest\n|-heal|p1a: Suicune|298/298 slp|[silent]\n|\n|upkeep\n|turn|13\n|inactive|Burgers and Pizza! has 60 seconds left.\n|\n|t:|1770950876\n|cant|p1a: Suicune|slp\n|move|p1a: Suicune|Sleep Talk|p1a: Suicune\n|move|p1a: Suicune|Calm Mind|p1a: Suicune|[from] move: Sleep Talk\n|-boost|p1a: Suicune|spa|1\n|-boost|p1a: Suicune|spd|1\n|move|p2a: Goodra|Power Whip|p1a: Suicune\n|-supereffective|p1a: Suicune\n|-damage|p1a: Suicune|160/298 slp\n|\n|upkeep\n|turn|14\n|inactive|Burgers and Pizza! has 60 seconds left.\n|\n|t:|1770950893\n|cant|p1a: Suicune|slp\n|move|p1a: Suicune|Sleep Talk|p1a: Suicune\n|move|p1a: Suicune|Scald|p2a: Goodra|[from] move: Sleep Talk\n|-resisted|p2a: Goodra\n|-damage|p2a: Goodra|237/292\n|move|p2a: Goodra|Dragon Tail|p1a: Suicune\n|-damage|p1a: Suicune|106/298 slp\n|drag|p1a: Mismagius|Mismagius, L87, F|246/246\n|\n|upkeep\n|turn|15\n|inactive|Burgers and Pizza! has 30 seconds left.\n|inactive|Burgers and Pizza! has 20 seconds left.\n|inactive|Burgers and Pizza! has 15 seconds left.\n|inactive|Burgers and Pizza! has 10 seconds left.\n|\n|t:|1770950944\n|move|p1a: Mismagius|Dazzling Gleam|p2a: Goodra\n|-supereffective|p2a: Goodra\n|-damage|p2a: Goodra|151/292\n|move|p2a: Goodra|Dragon Tail|p1a: Mismagius\n|-damage|p1a: Mismagius|161/246\n|drag|p1a: Rayquaza|Rayquaza-Mega, L66|247/247 par\n|-weather|DeltaStream|[from] ability: Delta Stream|[of] p1a: Rayquaza\n|\n|-weather|DeltaStream|[upkeep]\n|upkeep\n|turn|16\n|inactive|Burgers and Pizza! has 20 seconds left this turn.\n|inactive|Burgers and Pizza! has 15 seconds left.\n|\n|t:|1770950954\n|move|p2a: Goodra|Draco Meteor|p1a: Rayquaza\n|-supereffective|p1a: Rayquaza\n|-damage|p1a: Rayquaza|0 fnt\n|-unboost|p2a: Goodra|spa|2\n|faint|p1a: Rayquaza\n|-weather|none\n|detailschange|p1: Rayquaza|Rayquaza, L66|[silent]\n|\n|upkeep\n|\n|t:|1770950962\n|switch|p1a: Mismagius|Mismagius, L87, F|161/246\n|turn|17\n|inactive|Burgers and Pizza! has 30 seconds left this turn.\n|\n|t:|1770950971\n|switch|p2a: Rampardos|Rampardos, L88, F|314/314\n|move|p1a: Mismagius|Shadow Ball|p2a: Rampardos\n|-damage|p2a: Rampardos|106/314\n|\n|upkeep\n|turn|18\n|inactive|Burgers and Pizza! has 30 seconds left.\n|\n|t:|1770950986\n|move|p1a: Mismagius|Shadow Ball|p2a: Rampardos\n|-damage|p2a: Rampardos|0 fnt\n|faint|p2a: Rampardos\n|\n|upkeep\n|inactive|Burgers and Pizza! has 30 seconds left.\n|\n|t:|1770950998\n|switch|p2a: Guzzlord|Guzzlord, L86|524/524\n|turn|19\n|\n|t:|1770951006\n|switch|p1a: Suicune|Suicune, L82|106/298 slp\n|-ability|p1a: Suicune|Pressure\n|move|p2a: Guzzlord|Knock Off|p1a: Suicune\n|-damage|p1a: Suicune|42/298 slp\n|\n|upkeep\n|turn|20\n|\n|t:|1770951016\n|switch|p2a: Goodra|Goodra, L85, M|151/292\n|-curestatus|p1a: Suicune|slp|[msg]\n|move|p1a: Suicune|Rest|p1a: Suicune\n|-status|p1a: Suicune|slp|[from] move: Rest\n|-heal|p1a: Suicune|298/298 slp|[silent]\n|\n|upkeep\n|turn|21\n|\n|t:|1770951021\n|cant|p1a: Suicune|slp\n|move|p1a: Suicune|Sleep Talk|p1a: Suicune\n|move|p1a: Suicune|Scald|p2a: Goodra|[from] move: Sleep Talk\n|-resisted|p2a: Goodra\n|-damage|p2a: Goodra|135/292\n|move|p2a: Goodra|Dragon Tail|p1a: Suicune\n|-damage|p1a: Suicune|246/298 slp\n|drag|p1a: Mismagius|Mismagius, L87, F|161/246\n|\n|upkeep\n|turn|22\n|\n|t:|1770951038\n|switch|p2a: Scolipede|Scolipede, L80, F|205/227\n|move|p1a: Mismagius|Dazzling Gleam|p2a: Scolipede\n|-resisted|p2a: Scolipede\n|-damage|p2a: Scolipede|144/227\n|\n|upkeep\n|turn|23\n|\n|t:|1770951060\n|switch|p1a: Suicune|Suicune, L82|246/298 slp\n|-ability|p1a: Suicune|Pressure\n|move|p2a: Scolipede|Spikes|p1a: Suicune\n|-sidestart|p1: Master27131|Spikes\n|\n|-ability|p2a: Scolipede|Speed Boost|boost\n|-boost|p2a: Scolipede|spe|1\n|upkeep\n|turn|24\n|\n|t:|1770951069\n|switch|p2a: Goodra|Goodra, L85, M|135/292\n|cant|p1a: Suicune|slp\n|move|p1a: Suicune|Sleep Talk|p1a: Suicune\n|move|p1a: Suicune|Scald|p2a: Goodra|[from] move: Sleep Talk\n|-resisted|p2a: Goodra\n|-damage|p2a: Goodra|117/292\n|\n|upkeep\n|turn|25\n|\n|t:|1770951080\n|-curestatus|p1a: Suicune|slp|[msg]\n|move|p1a: Suicune|Calm Mind|p1a: Suicune\n|-boost|p1a: Suicune|spa|1\n|-boost|p1a: Suicune|spd|1\n|move|p2a: Goodra|Power Whip|p1a: Suicune\n|-supereffective|p1a: Suicune\n|-damage|p1a: Suicune|104/298\n|\n|upkeep\n|turn|26\n|\n|t:|1770951089\n|move|p1a: Suicune|Rest|p1a: Suicune\n|-status|p1a: Suicune|slp|[from] move: Rest\n|-heal|p1a: Suicune|298/298 slp|[silent]\n|move|p2a: Goodra|Power Whip|p1a: Suicune\n|-supereffective|p1a: Suicune\n|-damage|p1a: Suicune|142/298 slp\n|\n|upkeep\n|turn|27\n|inactive|Burgers and Pizza! has 60 seconds left.\n|\n|t:|1770951095\n|cant|p1a: Suicune|slp\n|move|p1a: Suicune|Sleep Talk|p1a: Suicune\n|move|p1a: Suicune|Scald|p2a: Goodra|[from] move: Sleep Talk\n|-resisted|p2a: Goodra\n|-damage|p2a: Goodra|95/292\n|move|p2a: Goodra|Power Whip|p1a: Suicune\n|-supereffective|p1a: Suicune\n|-damage|p1a: Suicune|4/298 slp\n|\n|upkeep\n|turn|28\n|inactive|Burgers and Pizza! has 60 seconds left.\n|\n|t:|1770951106\n|cant|p1a: Suicune|slp\n|move|p1a: Suicune|Sleep Talk|p1a: Suicune\n|move|p1a: Suicune|Scald|p2a: Goodra|[from] move: Sleep Talk\n|-resisted|p2a: Goodra\n|-crit|p2a: Goodra\n|-damage|p2a: Goodra|61/292\n|move|p2a: Goodra|Earthquake|p1a: Suicune\n|-damage|p1a: Suicune|0 fnt\n|faint|p1a: Suicune\n|\n|upkeep\n|inactive|Master27131 has 120 seconds left.\n|\n|t:|1770951139\n|switch|p1a: Victini|Victini, L76|277/277\n|-damage|p1a: Victini|243/277|[from] Spikes\n|turn|29\n|\n|t:|1770951146\n|move|p1a: Victini|Bolt Strike|p2a: Goodra\n|-resisted|p2a: Goodra\n|-damage|p2a: Goodra|0 fnt\n|faint|p2a: Goodra\n|\n|upkeep\n|\n|t:|1770951155\n|switch|p2a: Guzzlord|Guzzlord, L86|524/524\n|turn|30\n|\n|t:|1770951178\n|switch|p1a: Mismagius|Mismagius, L87, F|161/246\n|move|p2a: Guzzlord|Knock Off|p1a: Mismagius\n|-supereffective|p1a: Mismagius\n|-damage|p1a: Mismagius|0 fnt\n|-enditem|p1a: Mismagius|Choice Specs|[from] move: Knock Off|[of] p2a: Guzzlord\n|faint|p1a: Mismagius\n|-ability|p2a: Guzzlord|Beast Boost|boost\n|-boost|p2a: Guzzlord|atk|1\n|\n|upkeep\n|\n|t:|1770951179\n|switch|p1a: Victini|Victini, L76|243/277\n|-damage|p1a: Victini|209/277|[from] Spikes\n|turn|31\n|\n|t:|1770951184\n|move|p1a: Victini|U-turn|p2a: Guzzlord\n|-supereffective|p2a: Guzzlord\n|-damage|p2a: Guzzlord|344/524\n|move|p2a: Guzzlord|Knock Off|p1a: Victini\n|-supereffective|p1a: Victini\n|-damage|p1a: Victini|0 fnt\n|-enditem|p1a: Victini|Choice Band|[from] move: Knock Off|[of] p2a: Guzzlord\n|faint|p1a: Victini\n|\n|win|Burgers and Pizza!\n|raw|Master27131's rating: 1584 &rarr; <strong>1565</strong><br />(-19 for losing)\n|raw|Burgers and Pizza!'s rating: 1596 &rarr; <strong>1615</strong><br />(+19 for winning)\n", "inputlog": ">version ccdc32dd7cde25fd9e4bed64820e885f66e78a4e\n>start {\"formatid\":\"gen7randombattle\",\"seed\":\"sodium,bcf6eebf72f6015ff684b6eea4f25a23\",\"rated\":\"Rated battle\"}\n>player p1 {\"name\":\"Master27131\",\"avatar\":\"170\",\"rating\":1545,\"seed\":\"sodium,2f0f7aa30611d722e1bae66937fe1215\"}\n>player p2 {\"name\":\"Burgers and Pizza!\",\"avatar\":\"workerice\",\"rating\":1596,\"seed\":\"sodium,ff2f5f8fde64c69c9ecbaf63893d3ac6\"}\n>p1 move energyball\n>p2 move rockslide\n>p1 switch 6\n>p1 move scald\n>p2 switch 2\n>p1 switch 4\n>p2 move quiverdance\n>p1 move sludgebomb\n>p2 move hiddenpower\n>p1 move scald\n>p2 move bugbuzz zmove\n>p2 switch 4\n>p1 move knockoff\n>p2 move poisonjab\n>p1 switch 5\n>p1 move mysticalfire\n>p2 switch 5\n>p1 switch 4\n>p2 move dragontail\n>p1 move dragonascent mega\n>p2 switch 6\n>p1 move dragonascent\n>p2 move thunderwave\n>p2 switch 3\n>p1 switch 2\n>p2 move knockoff\n>p1 move rest\n>p2 switch 6\n>p1 move sleeptalk\n>p2 move powerwhip\n>p1 move sleeptalk\n>p2 move dragontail\n>p1 move dazzlinggleam\n>p2 move dragontail\n>p1 move dragonascent\n>p2 move dracometeor\n>p1 switch 2\n>p1 move shadowball\n>p2 switch 2\n>p1 move shadowball\n>p2 move rockslide\n>p2 switch 6\n>p1 switch 4\n>p2 move knockoff\n>p1 move rest\n>p2 switch 2\n>p1 move sleeptalk\n>p2 move dragontail\n>p1 move dazzlinggleam\n>p2 switch 5\n>p1 switch 4\n>p2 move spikes\n>p1 move sleeptalk\n>p2 switch 5\n>p1 move calmmind\n>p2 move powerwhip\n>p1 move rest\n>p2 move powerwhip\n>p1 move sleeptalk\n>p2 move powerwhip\n>p1 move sleeptalk\n>p2 move earthquake\n>p1 switch 3\n>p1 move boltstrike\n>p2 move dragontail\n>p2 switch 2\n>p1 switch 4\n>p2 move knockoff\n>p1 switch 4\n>p1 move uturn\n>p2 move knockoff", "uploadtime": 1770951188, "views": 225, "formatid": "gen7randombattle", "rating": 1565, "private": 0, "password": null}