{"id": "gen7randombattle-2526321354", "format": "[Gen 7] Random Battle", "players": ["conduckdor", "La.Hellhound"], "log": "|j|☆conduckdor\n|j|‽La.Hellhound\n|t:|1769396387\n|gametype|singles\n|player|p1|conduckdor|palmer|1516\n|player|p2|La.Hellhound|bruno|1725\n|gen|7\n|tier|[Gen 7] Random Battle\n|rated|\n|rule|Sleep Clause Mod: Limit one foe put to sleep\n|rule|HP Percentage Mod: HP is shown in percentages\n|rule|Illusion Level Mod: Illusion disguises the Pokémon's true level\n|\n|t:|1769396387\n|teamsize|p1|6\n|teamsize|p2|6\n|start\n|switch|p1a: Sudowoodo|Sudowoodo, L93, F|281/281\n|switch|p2a: Landorus|Landorus-Therian, L74, M|254/254\n|-ability|p2a: Landorus|Intimidate|boost\n|-unboost|p1a: Sudowoodo|atk|1\n|turn|1\n|inactive|Battle timer is ON: inactive players will automatically lose when time's up. (requested by La.Hellhound)\n|\n|t:|1769396412\n|switch|p2a: Nidoqueen|Nidoqueen, L83, F|285/285\n|move|p1a: Sudowoodo|Toxic|p2a: Nidoqueen\n|-immune|p2a: Nidoqueen\n|\n|upkeep\n|turn|2\n|\n|t:|1769396433\n|switch|p1a: Golisopod|Golisopod, L84, F|260/260\n|move|p2a: Nidoqueen|Stealth Rock|p1a: Golisopod\n|-sidestart|p1: conduckdor|move: Stealth Rock\n|\n|upkeep\n|turn|3\n|\n|t:|1769396443\n|switch|p2a: Lanturn|Lanturn, L89, M|367/367\n|move|p1a: Golisopod|Spikes|p2a: Lanturn\n|-sidestart|p2: La.Hellhound|Spikes\n|\n|upkeep\n|turn|4\n|\n|t:|1769396454\n|move|p2a: Lanturn|Thunderbolt|p1a: Golisopod\n|-supereffective|p1a: Golisopod\n|-damage|p1a: Golisopod|84/260\n|-enditem|p1a: Golisopod|Sitrus Berry|[eat]\n|-heal|p1a: Golisopod|149/260|[from] item: Sitrus Berry\n|move|p1a: Golisopod|Spikes|p2a: Lanturn\n|-sidestart|p2: La.Hellhound|Spikes\n|\n|upkeep\n|turn|5\n|\n|t:|1769396481\n|move|p2a: Lanturn|Thunderbolt|p1a: Golisopod\n|-supereffective|p1a: Golisopod\n|-damage|p1a: Golisopod|0 fnt\n|faint|p1a: Golisopod\n|\n|upkeep\n|\n|t:|1769396496\n|switch|p1a: Dusknoir|Dusknoir, L89, M|225/225\n|-damage|p1a: Dusknoir|197/225|[from] Stealth Rock\n|-ability|p1a: Dusknoir|Pressure\n|turn|6\n|\n|t:|1769396508\n|move|p2a: Lanturn|Toxic|p1a: Dusknoir\n|-status|p1a: Dusknoir|tox\n|move|p1a: Dusknoir|Toxic|p2a: Lanturn\n|-status|p2a: Lanturn|tox\n|\n|-heal|p1a: Dusknoir|211/225 tox|[from] item: Leftovers\n|-damage|p2a: Lanturn|345/367 tox|[from] psn\n|-damage|p1a: Dusknoir|197/225 tox|[from] psn\n|upkeep\n|turn|7\n|\n|t:|1769396516\n|switch|p2a: Landorus|Landorus-Therian, L74, M|254/254\n|-ability|p2a: Landorus|Intimidate|boost\n|-unboost|p1a: Dusknoir|atk|1\n|move|p1a: Dusknoir|Earthquake|p2a: Landorus\n|-immune|p2a: Landorus\n|\n|-heal|p1a: Dusknoir|211/225 tox|[from] item: Leftovers\n|-damage|p1a: Dusknoir|183/225 tox|[from] psn\n|upkeep\n|turn|8\n|\n|t:|1769396545\n|switch|p2a: Nidoqueen|Nidoqueen, L83, F|285/285\n|-damage|p2a: Nidoqueen|238/285|[from] Spikes\n|switch|p1a: Volbeat|Volbeat, L91, M|266/266\n|-damage|p1a: Volbeat|200/266|[from] Stealth Rock\n|\n|-heal|p1a: Volbeat|216/266|[from] item: Leftovers\n|upkeep\n|turn|9\n|inactive|conduckdor has 120 seconds left.\n|inactive|La.Hellhound has 120 seconds left.\n|\n|t:|1769396566\n|move|p1a: Volbeat|U-turn|p2a: Nidoqueen\n|-resisted|p2a: Nidoqueen\n|-damage|p2a: Nidoqueen|201/285\n|inactive|conduckdor has 120 seconds left.\n|\n|t:|1769396576\n|switch|p1a: Mesprit|Mesprit, L86|278/278|[from] U-turn\n|-damage|p1a: Mesprit|244/278|[from] Stealth Rock\n|move|p2a: Nidoqueen|Sludge Wave|p1a: Mesprit\n|-damage|p1a: Mesprit|119/278\n|\n|upkeep\n|turn|10\n|inactive|conduckdor has 120 seconds left.\n|inactive|La.Hellhound has 120 seconds left.\n|\n|t:|1769396591\n|switch|p2a: Cresselia|Cresselia, L82, F|331/331\n|move|p1a: Mesprit|Psyshock|p2a: Cresselia\n|-resisted|p2a: Cresselia\n|-damage|p2a: Cresselia|279/331\n|-damage|p1a: Mesprit|92/278|[from] item: Life Orb\n|\n|-heal|p2a: Cresselia|299/331|[from] item: Leftovers\n|upkeep\n|turn|11\n|inactive|La.Hellhound has 120 seconds left.\n|\n|t:|1769396603\n|move|p1a: Mesprit|Signal Beam|p2a: Cresselia\n|-supereffective|p2a: Cresselia\n|-damage|p2a: Cresselia|177/331\n|-damage|p1a: Mesprit|65/278|[from] item: Life Orb\n|move|p2a: Cresselia|Moonblast|p1a: Mesprit\n|-damage|p1a: Mesprit|23/278\n|-unboost|p1a: Mesprit|spa|1\n|\n|-heal|p2a: Cresselia|197/331|[from] item: Leftovers\n|upkeep\n|turn|12\n|inactive|La.Hellhound has 120 seconds left.\n|\n|t:|1769396615\n|move|p2a: Cresselia|Moonlight|p2a: Cresselia\n|-heal|p2a: Cresselia|331/331\n|move|p1a: Mesprit|Signal Beam|p2a: Cresselia\n|-supereffective|p2a: Cresselia\n|-damage|p2a: Cresselia|256/331\n|-damage|p1a: Mesprit|0 fnt|[from] item: Life Orb\n|faint|p1a: Mesprit\n|\n|-heal|p2a: Cresselia|276/331|[from] item: Leftovers\n|upkeep\n|\n|t:|1769396628\n|switch|p1a: Volbeat|Volbeat, L91, M|216/266\n|-damage|p1a: Volbeat|150/266|[from] Stealth Rock\n|turn|13\n|inactive|La.Hellhound has 120 seconds left.\n|\n|t:|1769396646\n|switch|p2a: Landorus|Landorus-Therian, L74, M|254/254\n|-ability|p2a: Landorus|Intimidate|boost\n|-unboost|p1a: Volbeat|atk|1\n|move|p1a: Volbeat|Roost|p1a: Volbeat\n|-heal|p1a: Volbeat|266/266\n|-singleturn|p1a: Volbeat|move: Roost\n|\n|upkeep\n|turn|14\n|\n|t:|1769396655\n|move|p1a: Volbeat|U-turn|p2a: Landorus\n|-resisted|p2a: Landorus\n|-damage|p2a: Landorus|230/254\n|\n|t:|1769396665\n|switch|p1a: Tropius|Tropius, L94, M|336/336|[from] U-turn\n|-damage|p1a: Tropius|252/336|[from] Stealth Rock\n|move|p2a: Landorus|Swords Dance|p2a: Landorus\n|-boost|p2a: Landorus|atk|2\n|\n|upkeep\n|turn|15\n|\n|t:|1769396673\n|-zpower|p2a: Landorus\n|move|p2a: Landorus|Supersonic Skystrike|p1a: Tropius|[zeffect]\n|-supereffective|p1a: Tropius\n|-damage|p1a: Tropius|0 fnt\n|faint|p1a: Tropius\n|\n|upkeep\n|\n|t:|1769396684\n|switch|p1a: Dusknoir|Dusknoir, L89, M|183/225 tox\n|-damage|p1a: Dusknoir|155/225 tox|[from] Stealth Rock\n|-ability|p1a: Dusknoir|Pressure\n|turn|16\n|\n|t:|1769396700\n|move|p2a: Landorus|Fly||[still]\n|-prepare|p2a: Landorus|Fly\n|move|p1a: Dusknoir|Toxic|p2a: Landorus|[miss]\n|-miss|p1a: Dusknoir|p2a: Landorus\n|\n|-heal|p1a: Dusknoir|169/225 tox|[from] item: Leftovers\n|-damage|p1a: Dusknoir|155/225 tox|[from] psn\n|upkeep\n|turn|17\n|\n|t:|1769396707\n|move|p1a: Dusknoir|Shadow Sneak|p2a: Landorus|[miss]\n|-miss|p1a: Dusknoir|p2a: Landorus\n|move|p2a: Landorus|Fly|p1a: Dusknoir|[from] lockedmove\n|-crit|p1a: Dusknoir\n|-damage|p1a: Dusknoir|0 fnt\n|faint|p1a: Dusknoir\n|\n|upkeep\n|\n|t:|1769396710\n|switch|p1a: Sudowoodo|Sudowoodo, L93, F|281/281\n|-damage|p1a: Sudowoodo|246/281|[from] Stealth Rock\n|turn|18\n|\n|t:|1769396717\n|move|p2a: Landorus|Earthquake|p1a: Sudowoodo\n|-supereffective|p1a: Sudowoodo\n|-damage|p1a: Sudowoodo|0 fnt\n|faint|p1a: Sudowoodo\n|\n|upkeep\n|\n|t:|1769396720\n|switch|p1a: Volbeat|Volbeat, L91, M|266/266\n|-damage|p1a: Volbeat|200/266|[from] Stealth Rock\n|turn|19\n|\n|t:|1769396727\n|move|p1a: Volbeat|U-turn|p2a: Landorus\n|-resisted|p2a: Landorus\n|-damage|p2a: Landorus|193/254\n|move|p2a: Landorus|Stone Edge|p1a: Volbeat\n|-supereffective|p1a: Volbeat\n|-damage|p1a: Volbeat|0 fnt\n|faint|p1a: Volbeat\n|\n|win|La.Hellhound\n|raw|conduckdor's rating: 1516 &rarr; <strong>1507</strong><br />(-9 for losing)\n|raw|La.Hellhound's rating: 1725 &rarr; <strong>1734</strong><br />(+9 for winning)\n|c|☆conduckdor|tryhard\\\n", "inputlog": ">version b99ff0165a6231f17e8b78c2a78d1998375de664\n>start {\"formatid\":\"gen7randombattle\",\"seed\":\"sodium,9c4e43a6a642fdbe558da29ddb7fa10f\",\"rated\":\"Rated battle\"}\n>player p1 {\"name\":\"conduckdor\",\"avatar\":\"palmer\",\"rating\":1516,\"seed\":\"sodium,5b86db6379251da65e2f482aadbe8ff1\"}\n>player p2 {\"name\":\"La.Hellhound\",\"avatar\":\"bruno\",\"rating\":1725,\"seed\":\"sodium,94be6a85861e28cf7e766ea77bd9ffdc\"}\n>p1 move toxic\n>p2 switch 6\n>p1 switch 6\n>p2 move stealthrock\n>p1 move spikes\n>p2 switch 5\n>p1 move spikes\n>p2 move thunderbolt\n>p1 move spikes\n>p2 move thunderbolt\n>p1 switch 2\n>p1 move toxic\n>p2 move toxic\n>p1 move earthquake\n>p2 switch 6\n>p1 switch 5\n>p2 switch 5\n>p1 move uturn\n>p2 move sludgewave\n>p1 switch 3\n>p1 move psyshock\n>p2 switch 4\n>p1 move signalbeam\n>p2 move moonblast\n>p1 move signalbeam\n>p2 move moonlight\n>p1 switch 3\n>p1 move roost\n>p2 switch 5\n>p1 move uturn\n>p2 move swordsdance\n>p1 switch 4\n>p1 move leechseed\n>p2 move fly zmove\n>p1 switch 5\n>p1 move toxic\n>p2 move fly\n>p1 move shadowsneak\n>p2 move fly\n>p1 switch 6\n>p1 move headsmash\n>p2 move earthquake\n>p1 switch 4\n>p1 move uturn\n>p2 move stoneedge", "uploadtime": 1769396734, "views": 185, "formatid": "gen7randombattle", "rating": 1507, "private": 0, "password": null}