{"id": "gen7randombattle-2531599173", "format": "[Gen 7] Random Battle", "players": ["La.Hellhound", "86Stingray"], "log": "|j|‽La.Hellhound\n|j|☆86Stingray\n|t:|1770073440\n|gametype|singles\n|player|p1|La.Hellhound|bruno|1606\n|player|p2|86Stingray|backersf|1743\n|gen|7\n|tier|[Gen 7] Random Battle\n|rated|\n|rule|Sleep Clause Mod: Limit one foe put to sleep\n|rule|HP Percentage Mod: HP is shown in percentages\n|rule|Illusion Level Mod: Illusion disguises the Pokémon's true level\n|\n|t:|1770073440\n|teamsize|p1|6\n|teamsize|p2|6\n|start\n|switch|p1a: Uxie|Uxie, L82|257/257\n|switch|p2a: Mudsdale|Mudsdale, L83, M|302/302\n|turn|1\n|inactive|Battle timer is ON: inactive players will automatically lose when time's up. (requested by La.Hellhound)\n|inactive|La.Hellhound has 120 seconds left.\n|\n|t:|1770073482\n|move|p1a: Uxie|Psychic|p2a: Mudsdale\n|-damage|p2a: Mudsdale|221/302\n|-ability|p2a: Mudsdale|Stamina|boost\n|-boost|p2a: Mudsdale|def|1\n|move|p2a: Mudsdale|Toxic|p1a: Uxie\n|-status|p1a: Uxie|tox\n|\n|-heal|p2a: Mudsdale|239/302|[from] item: Leftovers\n|-damage|p1a: Uxie|241/257 tox|[from] psn\n|upkeep\n|turn|2\n|\n|t:|1770073491\n|move|p1a: Uxie|Heal Bell|p1a: Uxie\n|-activate|p1a: Uxie|move: Heal Bell\n|-curestatus|p1a: Uxie|tox|[msg]\n|move|p2a: Mudsdale|Stealth Rock|p1a: Uxie\n|-sidestart|p1: La.Hellhound|move: Stealth Rock\n|\n|-heal|p1a: Uxie|257/257|[from] item: Leftovers\n|-heal|p2a: Mudsdale|257/302|[from] item: Leftovers\n|upkeep\n|turn|3\n|\n|t:|1770073506\n|move|p1a: Uxie|Knock Off|p2a: Mudsdale\n|-damage|p2a: Mudsdale|223/302\n|-ability|p2a: Mudsdale|Stamina|boost\n|-boost|p2a: Mudsdale|def|1\n|-enditem|p2a: Mudsdale|Leftovers|[from] move: Knock Off|[of] p1a: Uxie\n|move|p2a: Mudsdale|Toxic|p1a: Uxie|[miss]\n|-miss|p2a: Mudsdale|p1a: Uxie\n|\n|upkeep\n|turn|4\n|inactive|La.Hellhound has 120 seconds left.\n|\n|t:|1770073543\n|move|p1a: Uxie|Psychic|p2a: Mudsdale\n|-crit|p2a: Mudsdale\n|-damage|p2a: Mudsdale|103/302\n|-ability|p2a: Mudsdale|Stamina|boost\n|-boost|p2a: Mudsdale|def|1\n|move|p2a: Mudsdale|Toxic|p1a: Uxie\n|-status|p1a: Uxie|tox\n|\n|-damage|p1a: Uxie|241/257 tox|[from] psn\n|upkeep\n|turn|5\n|inactive|La.Hellhound has 120 seconds left.\n|\n|t:|1770073557\n|switch|p2a: Ursaring|Ursaring, L85, F|292/292\n|move|p1a: Uxie|Psychic|p2a: Ursaring\n|-damage|p2a: Ursaring|208/292\n|\n|-heal|p1a: Uxie|257/257 tox|[from] item: Leftovers\n|-damage|p1a: Uxie|225/257 tox|[from] psn\n|-status|p2a: Ursaring|brn|[from] item: Flame Orb\n|upkeep\n|turn|6\n|inactive|La.Hellhound has 120 seconds left.\n|\n|t:|1770073571\n|move|p1a: Uxie|Psychic|p2a: Ursaring\n|-damage|p2a: Ursaring|132/292 brn\n|move|p2a: Ursaring|Facade|p1a: Uxie\n|-damage|p1a: Uxie|0 fnt\n|faint|p1a: Uxie\n|\n|-damage|p2a: Ursaring|114/292 brn|[from] brn\n|upkeep\n|inactive|La.Hellhound has 120 seconds left.\n|\n|t:|1770073585\n|switch|p1a: Bruxish|Bruxish, L85, M|254/254\n|-damage|p1a: Bruxish|223/254|[from] Stealth Rock\n|turn|7\n|\n|t:|1770073590\n|switch|p2a: Lapras|Lapras, L88, M|372/372\n|move|p1a: Bruxish|Psychic Fangs|p2a: Lapras\n|-damage|p2a: Lapras|147/372\n|\n|-heal|p2a: Lapras|170/372|[from] item: Leftovers\n|upkeep\n|turn|8\n|\n|t:|1770073600\n|switch|p2a: Sigilyph|Sigilyph, L85, M|261/261\n|move|p1a: Bruxish|Psychic Fangs|p2a: Sigilyph\n|-resisted|p2a: Sigilyph\n|-damage|p2a: Sigilyph|139/261\n|\n|upkeep\n|turn|9\n|\n|t:|1770073606\n|move|p2a: Sigilyph|Roost|p2a: Sigilyph\n|-heal|p2a: Sigilyph|261/261\n|-singleturn|p2a: Sigilyph|move: Roost\n|move|p1a: Bruxish|Psychic Fangs|p2a: Sigilyph\n|-resisted|p2a: Sigilyph\n|-damage|p2a: Sigilyph|146/261\n|\n|upkeep\n|turn|10\n|\n|t:|1770073621\n|switch|p1a: Walrein|Walrein, L90, F|344/344\n|-damage|p1a: Walrein|258/344|[from] Stealth Rock\n|move|p2a: Sigilyph|Air Slash|p1a: Walrein\n|-damage|p1a: Walrein|161/344\n|\n|-heal|p1a: Walrein|182/344|[from] item: Leftovers\n|upkeep\n|turn|11\n|\n|t:|1770073639\n|move|p2a: Sigilyph|Cosmic Power|p2a: Sigilyph\n|-boost|p2a: Sigilyph|def|1\n|-boost|p2a: Sigilyph|spd|1\n|move|p1a: Walrein|Ice Beam|p2a: Sigilyph\n|-supereffective|p2a: Sigilyph\n|-damage|p2a: Sigilyph|0 fnt\n|faint|p2a: Sigilyph\n|\n|-heal|p1a: Walrein|203/344|[from] item: Leftovers\n|upkeep\n|\n|t:|1770073648\n|switch|p2a: Ursaring|Ursaring, L85, F|114/292 brn\n|turn|12\n|\n|t:|1770073671\n|move|p1a: Walrein|Surf|p2a: Ursaring\n|-damage|p2a: Ursaring|3/292 brn\n|move|p2a: Ursaring|Facade|p1a: Walrein\n|-damage|p1a: Walrein|0 fnt\n|faint|p1a: Walrein\n|\n|-damage|p2a: Ursaring|0 fnt|[from] brn\n|faint|p2a: Ursaring\n|upkeep\n|\n|t:|1770073694\n|switch|p1a: Swellow|Swellow, L82, F|233/233\n|switch|p2a: Araquanid|Araquanid, L81, F|243/243\n|-damage|p1a: Swellow|175/233|[from] Stealth Rock\n|turn|13\n|inactive|La.Hellhound has 120 seconds left.\n|\n|t:|1770073727\n|switch|p2a: Mudsdale|Mudsdale, L83, M|103/302\n|move|p1a: Swellow|Protect||[still]\n|-fail|p1a: Swellow\n|\n|-status|p1a: Swellow|brn|[from] item: Flame Orb\n|upkeep\n|turn|14\n|\n|t:|1770073740\n|move|p1a: Swellow|Facade|p2a: Mudsdale\n|-crit|p2a: Mudsdale\n|-damage|p2a: Mudsdale|0 fnt\n|faint|p2a: Mudsdale\n|\n|-damage|p1a: Swellow|161/233 brn|[from] brn\n|upkeep\n|\n|t:|1770073746\n|switch|p2a: Clefable|Clefable, L83, F|293/293\n|turn|15\n|inactive|La.Hellhound has 120 seconds left.\n|l|☆86Stingray\n|inactive|86Stingray disconnected and has a minute to reconnect!\n|player|p2|\n|inactive|La.Hellhound has 90 seconds left.\n|\n|t:|1770073787\n|move|p1a: Swellow|Facade|p2a: Clefable\n|-damage|p2a: Clefable|65/293\n|move|p2a: Clefable|Moonblast|p1a: Swellow\n|-damage|p1a: Swellow|13/233 brn\n|-unboost|p1a: Swellow|spa|1\n|\n|-heal|p2a: Clefable|83/293|[from] item: Leftovers\n|-damage|p1a: Swellow|0 fnt|[from] brn\n|faint|p1a: Swellow\n|upkeep\n|\n|t:|1770073800\n|switch|p1a: Bruxish|Bruxish, L85, M|223/254\n|-damage|p1a: Bruxish|192/254|[from] Stealth Rock\n|turn|16\n|inactive|86Stingray has 30 seconds to reconnect!\n|inactive|86Stingray has 20 seconds to reconnect!\n|inactive|86Stingray has 15 seconds to reconnect!\n|inactive|86Stingray has 10 seconds to reconnect!\n|inactive|86Stingray has 5 seconds to reconnect!\n|-message|86Stingray lost due to inactivity.\n|\n|win|La.Hellhound\n|raw|La.Hellhound's rating: 1606 &rarr; <strong>1634</strong><br />(+28 for winning)\n|raw|86Stingray's rating: 1743 &rarr; <strong>1715</strong><br />(-28 for losing)\n", "inputlog": ">version ccdc32dd7cde25fd9e4bed64820e885f66e78a4e\n>start {\"formatid\":\"gen7randombattle\",\"seed\":\"sodium,1ff7b89b048d5b08be1d855651312fa6\",\"rated\":\"Rated battle\"}\n>player p1 {\"name\":\"La.Hellhound\",\"avatar\":\"bruno\",\"rating\":1606,\"seed\":\"sodium,f3ccfdea62158b7f462551d26185346a\"}\n>player p2 {\"name\":\"86Stingray\",\"avatar\":\"backersf\",\"rating\":1743,\"seed\":\"sodium,ebe45fcf9d7933b2fe309abb45d4fac5\"}\n>p1 move psychic\n>p2 move toxic\n>p1 move healbell\n>p2 move stealthrock\n>p1 move knockoff\n>p2 move toxic\n>p1 move psychic\n>p2 move toxic\n>p1 move psychic\n>p2 switch 3\n>p1 move psychic\n>p2 move facade\n>p1 switch 2\n>p1 move psychicfangs\n>p2 switch 4\n>p1 move psychicfangs\n>p2 switch 5\n>p1 move psychicfangs\n>p2 move roost\n>p1 switch 6\n>p2 move airslash\n>p1 move icebeam\n>p2 move cosmicpower\n>p2 switch 4\n>p1 move surf\n>p2 move facade\n>p1 switch 3\n>p2 switch 6\n>p1 move protect\n>p2 switch 3\n>p1 move facade\n>p2 move rockslide\n>p2 switch 2\n>p1 move facade\n>p2 move moonblast\n>p1 switch 6\n>forcelose p2", "uploadtime": 1770073883, "views": 158, "formatid": "gen7randombattle", "rating": 1634, "private": 0, "password": null}