{"id": "gen7randombattle-2538010147", "format": "[Gen 7] Random Battle", "players": ["shackin around", "aurora ltd"], "log": "|j|☆shackin around\n|j|☆aurora ltd\n|t:|1770877160\n|gametype|singles\n|player|p1|shackin around|hilbert|1542\n|player|p2|aurora ltd|1|1622\n|gen|7\n|tier|[Gen 7] Random Battle\n|rated|\n|rule|Sleep Clause Mod: Limit one foe put to sleep\n|rule|HP Percentage Mod: HP is shown in percentages\n|rule|Illusion Level Mod: Illusion disguises the Pokémon's true level\n|\n|t:|1770877160\n|teamsize|p1|6\n|teamsize|p2|6\n|start\n|switch|p1a: Castform|Castform, L99, M|299/299\n|switch|p2a: Porygon2|Porygon2, L82|274/274\n|-ability|p2a: Porygon2|Download|boost\n|-boost|p2a: Porygon2|spa|1\n|turn|1\n|inactive|Battle timer is ON: inactive players will automatically lose when time's up. (requested by shackin around)\n|inactive|aurora ltd has 120 seconds left.\n|\n|t:|1770877206\n|move|p1a: Castform|Thunder Wave|p2a: Porygon2\n|-status|p2a: Porygon2|par\n|move|p2a: Porygon2|Tri Attack|p1a: Castform\n|-damage|p1a: Castform|173/299\n|\n|-heal|p1a: Castform|191/299|[from] item: Leftovers\n|upkeep\n|turn|2\n|\n|t:|1770877214\n|switch|p1a: Nihilego|Nihilego, L79|302/302\n|cant|p2a: Porygon2|par\n|\n|upkeep\n|turn|3\n|\n|t:|1770877231\n|move|p1a: Nihilego|Stealth Rock|p2a: Porygon2\n|-sidestart|p2: aurora ltd|move: Stealth Rock\n|cant|p2a: Porygon2|par\n|\n|upkeep\n|turn|4\n|\n|t:|1770877241\n|switch|p1a: Emolga|Emolga, L90, F|245/245\n|move|p2a: Porygon2|Ice Beam|p1a: Emolga\n|-supereffective|p1a: Emolga\n|-damage|p1a: Emolga|15/245\n|\n|upkeep\n|turn|5\n|\n|t:|1770877252\n|move|p1a: Emolga|Knock Off|p2a: Porygon2\n|-damage|p2a: Porygon2|230/274 par\n|-enditem|p2a: Porygon2|Eviolite|[from] move: Knock Off|[of] p1a: Emolga\n|move|p2a: Porygon2|Ice Beam|p1a: Emolga\n|-supereffective|p1a: Emolga\n|-damage|p1a: Emolga|0 fnt\n|faint|p1a: Emolga\n|\n|upkeep\n|\n|t:|1770877256\n|switch|p1a: Heracross|Heracross, L80, F|259/259\n|turn|6\n|\n|t:|1770877271\n|move|p1a: Heracross|Close Combat|p2a: Porygon2\n|-supereffective|p2a: Porygon2\n|-damage|p2a: Porygon2|0 fnt\n|-unboost|p1a: Heracross|def|1\n|-unboost|p1a: Heracross|spd|1\n|faint|p2a: Porygon2\n|-ability|p1a: Heracross|Moxie|boost\n|-boost|p1a: Heracross|atk|1\n|\n|upkeep\n|inactive|aurora ltd has 120 seconds left.\n|\n|t:|1770877297\n|switch|p2a: Hawlucha|Hawlucha, L78, F|248/248\n|-damage|p2a: Hawlucha|217/248|[from] Stealth Rock\n|turn|7\n|inactive|aurora ltd has 120 seconds left.\n|\n|t:|1770877307\n|switch|p1a: Nihilego|Nihilego, L79|302/302\n|move|p2a: Hawlucha|Substitute|p2a: Hawlucha\n|-start|p2a: Hawlucha|Substitute\n|-damage|p2a: Hawlucha|155/248\n|\n|upkeep\n|turn|8\n|inactive|aurora ltd has 120 seconds left.\n|\n|t:|1770877330\n|move|p2a: Hawlucha|Swords Dance|p2a: Hawlucha\n|-boost|p2a: Hawlucha|atk|2\n|move|p1a: Nihilego|Sludge Wave|p2a: Hawlucha\n|-crit|p2a: Hawlucha\n|-end|p2a: Hawlucha|Substitute\n|\n|upkeep\n|turn|9\n|\n|t:|1770877339\n|move|p2a: Hawlucha|High Jump Kick|p1a: Nihilego\n|-damage|p1a: Nihilego|0 fnt\n|faint|p1a: Nihilego\n|\n|upkeep\n|\n|t:|1770877342\n|switch|p1a: Persian|Persian, L93, M|272/272\n|turn|10\n|inactive|aurora ltd has 120 seconds left.\n|\n|t:|1770877356\n|move|p1a: Persian|Hyper Voice|p2a: Hawlucha\n|-damage|p2a: Hawlucha|13/248\n|-enditem|p2a: Hawlucha|Sitrus Berry|[eat]\n|-heal|p2a: Hawlucha|75/248|[from] item: Sitrus Berry\n|-damage|p1a: Persian|245/272|[from] item: Life Orb\n|move|p2a: Hawlucha|High Jump Kick|p1a: Persian\n|-supereffective|p1a: Persian\n|-damage|p1a: Persian|0 fnt\n|faint|p1a: Persian\n|\n|upkeep\n|\n|t:|1770877368\n|switch|p1a: Manectric|Manectric, L84, M|255/255\n|turn|11\n|\n|t:|1770877376\n|move|p2a: Hawlucha|High Jump Kick|p1a: Manectric\n|-damage|p1a: Manectric|0 fnt\n|faint|p1a: Manectric\n|\n|upkeep\n|\n|t:|1770877381\n|switch|p1a: Castform|Castform, L99, M|191/299\n|turn|12\n|\n|t:|1770877390\n|move|p2a: Hawlucha|High Jump Kick|p1a: Castform|[miss]\n|-miss|p2a: Hawlucha|p1a: Castform\n|-damage|p2a: Hawlucha|0 fnt|[from] highjumpkick\n|faint|p2a: Hawlucha\n|move|p1a: Castform|Return|p2: Hawlucha|[notarget]\n|-fail|p1a: Castform\n|\n|-heal|p1a: Castform|209/299|[from] item: Leftovers\n|upkeep\n|\n|t:|1770877406\n|switch|p2a: Regigigas|Regigigas, L86|329/329\n|-damage|p2a: Regigigas|288/329|[from] Stealth Rock\n|-start|p2a: Regigigas|ability: Slow Start\n|turn|13\n|\n|t:|1770877412\n|move|p1a: Castform|Scald|p2a: Regigigas\n|-damage|p2a: Regigigas|241/329\n|move|p2a: Regigigas|Thunder Wave|p1a: Castform\n|-status|p1a: Castform|par\n|\n|-heal|p2a: Regigigas|261/329|[from] item: Leftovers\n|-heal|p1a: Castform|227/299 par|[from] item: Leftovers\n|upkeep\n|turn|14\n|\n|t:|1770877420\n|move|p2a: Regigigas|Substitute|p2a: Regigigas\n|-start|p2a: Regigigas|Substitute\n|-damage|p2a: Regigigas|179/329\n|move|p1a: Castform|Scald|p2a: Regigigas\n|-activate|p2a: Regigigas|move: Substitute|[damage]\n|\n|-heal|p2a: Regigigas|199/329|[from] item: Leftovers\n|-heal|p1a: Castform|245/299 par|[from] item: Leftovers\n|upkeep\n|turn|15\n|\n|t:|1770877430\n|move|p2a: Regigigas|Return|p1a: Castform\n|-damage|p1a: Castform|166/299 par\n|cant|p1a: Castform|par\n|\n|-heal|p2a: Regigigas|219/329|[from] item: Leftovers\n|-heal|p1a: Castform|184/299 par|[from] item: Leftovers\n|upkeep\n|turn|16\n|\n|t:|1770877438\n|move|p2a: Regigigas|Return|p1a: Castform\n|-damage|p1a: Castform|100/299 par\n|move|p1a: Castform|Return|p2a: Regigigas\n|-end|p2a: Regigigas|Substitute\n|\n|-heal|p2a: Regigigas|239/329|[from] item: Leftovers\n|-heal|p1a: Castform|118/299 par|[from] item: Leftovers\n|upkeep\n|turn|17\n|\n|t:|1770877449\n|switch|p1a: Heracross|Heracross, L80, F|259/259\n|move|p2a: Regigigas|Return|p1a: Heracross\n|-damage|p1a: Heracross|166/259\n|\n|-heal|p2a: Regigigas|259/329|[from] item: Leftovers\n|-end|p2a: Regigigas|Slow Start\n|upkeep\n|turn|18\n|\n|t:|1770877478\n|detailschange|p1a: Heracross|Heracross-Mega, L80, F\n|-mega|p1a: Heracross|Heracross|Heracronite\n|move|p2a: Regigigas|Return|p1a: Heracross\n|-damage|p1a: Heracross|24/259\n|move|p1a: Heracross|Close Combat|p2a: Regigigas\n|-supereffective|p2a: Regigigas\n|-damage|p2a: Regigigas|0 fnt\n|-unboost|p1a: Heracross|def|1\n|-unboost|p1a: Heracross|spd|1\n|faint|p2a: Regigigas\n|\n|upkeep\n|inactive|aurora ltd has 120 seconds left.\n|\n|t:|1770877493\n|switch|p2a: Volcarona|Volcarona, L76, M|253/253\n|-damage|p2a: Volcarona|127/253|[from] Stealth Rock\n|turn|19\n|inactive|aurora ltd has 120 seconds left.\n|\n|t:|1770877504\n|move|p2a: Volcarona|Bug Buzz|p1a: Heracross\n|-resisted|p1a: Heracross\n|-damage|p1a: Heracross|0 fnt\n|faint|p1a: Heracross\n|detailschange|p1: Heracross|Heracross, L80, F|[silent]\n|\n|upkeep\n|\n|t:|1770877512\n|switch|p1a: Castform|Castform, L99, M|118/299 par\n|turn|20\n|\n|t:|1770877525\n|-zpower|p2a: Volcarona\n|move|p2a: Volcarona|Savage Spin-Out|p1a: Castform|[zeffect]\n|-damage|p1a: Castform|0 fnt\n|faint|p1a: Castform\n|\n|win|aurora ltd\n|raw|shackin around's rating: 1514 &rarr; <strong>1500</strong><br />(-14 for losing)\n|raw|aurora ltd's rating: 1622 &rarr; <strong>1636</strong><br />(+14 for winning)\n|l|☆shackin around\n|player|p1|\n", "inputlog": ">version ccdc32dd7cde25fd9e4bed64820e885f66e78a4e\n>start {\"formatid\":\"gen7randombattle\",\"seed\":\"sodium,b13cc168f4428e06c3dbdfea0bf59e61\",\"rated\":\"Rated battle\"}\n>player p1 {\"name\":\"shackin around\",\"avatar\":\"hilbert\",\"rating\":1542,\"seed\":\"sodium,f02fbb0637a2132ef010a714965e661a\"}\n>player p2 {\"name\":\"aurora ltd\",\"avatar\":\"1\",\"rating\":1622,\"seed\":\"sodium,1128c108073d548a7b25ff13f20c54d7\"}\n>p1 move thunderwave\n>p2 move triattack\n>p1 switch 2\n>p2 move triattack\n>p1 move stealthrock\n>p2 move icebeam\n>p1 switch 4\n>p2 move icebeam\n>p1 move knockoff\n>p2 move icebeam\n>p1 switch 5\n>p1 move closecombat\n>p2 move triattack\n>p2 switch 2\n>p1 switch 4\n>p2 move substitute\n>p1 move sludgewave\n>p2 move swordsdance\n>p1 move sludgewave\n>p2 move highjumpkick\n>p1 switch 6\n>p1 move hypervoice\n>p2 move highjumpkick\n>p1 switch 3\n>p1 move voltswitch\n>p2 move highjumpkick\n>p1 switch 2\n>p1 move return\n>p2 move highjumpkick\n>p2 switch 5\n>p1 move scald\n>p2 move thunderwave\n>p1 move scald\n>p2 move substitute\n>p1 move return\n>p2 move return\n>p1 move return\n>p2 move return\n>p1 switch 4\n>p2 move return\n>p1 move closecombat mega\n>p2 move return\n>p2 switch 4\n>p1 move rockblast\n>p2 move bugbuzz\n>p1 switch 4\n>p1 move scald\n>p2 move bugbuzz zmove", "uploadtime": 1770877566, "views": 233, "formatid": "gen7randombattle", "rating": 1500, "private": 0, "password": null}