{"id": "gen7randombattle-2538897532", "format": "[Gen 7] Random Battle", "players": ["RumpleMyStiltSkin", "reallyblue"], "log": "|j|☆RumpleMyStiltSkin\n|j|☆reallyblue\n|t:|1770991065\n|gametype|singles\n|player|p1|RumpleMyStiltSkin|dancer|1616\n|player|p2|reallyblue|169|1571\n|gen|7\n|tier|[Gen 7] Random Battle\n|rated|\n|rule|Sleep Clause Mod: Limit one foe put to sleep\n|rule|HP Percentage Mod: HP is shown in percentages\n|rule|Illusion Level Mod: Illusion disguises the Pokémon's true level\n|\n|t:|1770991065\n|teamsize|p1|6\n|teamsize|p2|6\n|start\n|switch|p1a: Palkia|Palkia, L75|259/259\n|switch|p2a: Kricketune|Kricketune, L97, F|306/306\n|-ability|p1a: Palkia|Pressure\n|turn|1\n|\n|t:|1770991080\n|move|p1a: Palkia|Fire Blast|p2a: Kricketune\n|-supereffective|p2a: Kricketune\n|-damage|p2a: Kricketune|58/306\n|move|p2a: Kricketune|Sticky Web|p1a: Palkia\n|-sidestart|p1: RumpleMyStiltSkin|move: Sticky Web\n|\n|upkeep\n|turn|2\n|\n|t:|1770991092\n|move|p1a: Palkia|Fire Blast|p2a: Kricketune\n|-supereffective|p2a: Kricketune\n|-damage|p2a: Kricketune|0 fnt\n|faint|p2a: Kricketune\n|\n|upkeep\n|\n|t:|1770991100\n|switch|p2a: Kommo-o|Kommo-o, L74, F|233/233\n|turn|3\n|inactive|Battle timer is ON: inactive players will automatically lose when time's up. (requested by RumpleMyStiltSkin)\n|\n|t:|1770991142\n|switch|p1a: Escavalier|Escavalier, L85, F|258/258\n|-activate|p1a: Escavalier|move: Sticky Web\n|-unboost|p1a: Escavalier|spe|1\n|move|p2a: Kommo-o|Dragon Dance|p2a: Kommo-o\n|-boost|p2a: Kommo-o|atk|1\n|-boost|p2a: Kommo-o|spe|1\n|\n|upkeep\n|turn|4\n|\n|t:|1770991154\n|-zpower|p2a: Kommo-o\n|move|p2a: Kommo-o|Clangorous Soulblaze|p1a: Escavalier|[zeffect]\n|-resisted|p1a: Escavalier\n|-damage|p1a: Escavalier|196/258\n|-boost|p2a: Kommo-o|atk|1\n|-boost|p2a: Kommo-o|def|1\n|-boost|p2a: Kommo-o|spa|1\n|-boost|p2a: Kommo-o|spd|1\n|-boost|p2a: Kommo-o|spe|1\n|move|p1a: Escavalier|Iron Head|p2a: Kommo-o\n|-damage|p2a: Kommo-o|161/233\n|\n|-heal|p1a: Escavalier|212/258|[from] item: Leftovers\n|upkeep\n|turn|5\n|\n|t:|1770991166\n|move|p2a: Kommo-o|Close Combat|p1a: Escavalier\n|-damage|p1a: Escavalier|26/258\n|-unboost|p2a: Kommo-o|def|1\n|-unboost|p2a: Kommo-o|spd|1\n|move|p1a: Escavalier|Iron Head|p2a: Kommo-o\n|-damage|p2a: Kommo-o|58/233\n|\n|-heal|p1a: Escavalier|42/258|[from] item: Leftovers\n|upkeep\n|turn|6\n|\n|t:|1770991171\n|move|p2a: Kommo-o|Close Combat|p1a: Escavalier\n|-damage|p1a: Escavalier|0 fnt\n|-unboost|p2a: Kommo-o|def|1\n|-unboost|p2a: Kommo-o|spd|1\n|faint|p1a: Escavalier\n|\n|upkeep\n|\n|t:|1770991178\n|switch|p1a: Wailord|Wailord, L94, F|471/471\n|-activate|p1a: Wailord|move: Sticky Web\n|-unboost|p1a: Wailord|spe|1\n|turn|7\n|\n|t:|1770991181\n|move|p2a: Kommo-o|Close Combat|p1a: Wailord\n|-damage|p1a: Wailord|183/471\n|-unboost|p2a: Kommo-o|def|1\n|-unboost|p2a: Kommo-o|spd|1\n|move|p1a: Wailord|Ice Beam|p2a: Kommo-o\n|-supereffective|p2a: Kommo-o\n|-damage|p2a: Kommo-o|0 fnt\n|faint|p2a: Kommo-o\n|\n|upkeep\n|\n|t:|1770991186\n|switch|p2a: Mawile|Mawile, L78, M|206/206\n|-ability|p2a: Mawile|Intimidate|boost\n|-unboost|p1a: Wailord|atk|1\n|turn|8\n|\n|t:|1770991190\n|detailschange|p2a: Mawile|Mawile-Mega, L78, M\n|-mega|p2a: Mawile|Mawile|Mawilite\n|move|p1a: Wailord|Ice Beam|p2a: Mawile\n|-resisted|p2a: Mawile\n|-damage|p2a: Mawile|165/206\n|move|p2a: Mawile|Swords Dance|p2a: Mawile\n|-boost|p2a: Mawile|atk|2\n|\n|upkeep\n|turn|9\n|\n|t:|1770991194\n|move|p1a: Wailord|Ice Beam|p2a: Mawile\n|-resisted|p2a: Mawile\n|-damage|p2a: Mawile|125/206\n|move|p2a: Mawile|Swords Dance|p2a: Mawile\n|-boost|p2a: Mawile|atk|2\n|\n|upkeep\n|turn|10\n|\n|t:|1770991197\n|move|p1a: Wailord|Ice Beam|p2a: Mawile\n|-resisted|p2a: Mawile\n|-damage|p2a: Mawile|89/206\n|move|p2a: Mawile|Swords Dance|p2a: Mawile\n|-boost|p2a: Mawile|atk|2\n|\n|upkeep\n|turn|11\n|\n|t:|1770991201\n|move|p2a: Mawile|Sucker Punch|p1a: Wailord\n|-damage|p1a: Wailord|0 fnt\n|faint|p1a: Wailord\n|\n|upkeep\n|\n|t:|1770991207\n|switch|p1a: Houndoom|Houndoom, L80, M|251/251\n|-activate|p1a: Houndoom|move: Sticky Web\n|-unboost|p1a: Houndoom|spe|1\n|turn|12\n|\n|t:|1770991211\n|detailschange|p1a: Houndoom|Houndoom-Mega, L80, M\n|-mega|p1a: Houndoom|Houndoom|Houndoominite\n|move|p2a: Mawile|Sucker Punch|p1a: Houndoom\n|-resisted|p1a: Houndoom\n|-damage|p1a: Houndoom|52/251\n|move|p1a: Houndoom|Fire Blast|p2a: Mawile\n|-supereffective|p2a: Mawile\n|-damage|p2a: Mawile|0 fnt\n|faint|p2a: Mawile\n|detailschange|p2: Mawile|Mawile, L78, M|[silent]\n|\n|upkeep\n|\n|t:|1770991221\n|switch|p2a: Manectric|Manectric, L84, F|255/255\n|turn|13\n|\n|t:|1770991227\n|switch|p1a: Goodra|Goodra, L85, M|292/292\n|-activate|p1a: Goodra|move: Sticky Web\n|-unboost|p1a: Goodra|spe|1\n|move|p2a: Manectric|Thunderbolt|p1a: Goodra\n|-resisted|p1a: Goodra\n|-damage|p1a: Goodra|257/292\n|-status|p1a: Goodra|par\n|\n|upkeep\n|turn|14\n|inactive|reallyblue has 120 seconds left.\n|\n|t:|1770991259\n|switch|p2a: Sceptile|Sceptile, L87, F|264/264\n|move|p1a: Goodra|Sludge Bomb|p2a: Sceptile\n|-supereffective|p2a: Sceptile\n|-damage|p2a: Sceptile|110/264\n|\n|-heal|p2a: Sceptile|126/264|[from] item: Leftovers\n|upkeep\n|turn|15\n|\n|t:|1770991263\n|move|p2a: Sceptile|Substitute|p2a: Sceptile\n|-start|p2a: Sceptile|Substitute\n|-damage|p2a: Sceptile|60/264\n|move|p1a: Goodra|Sludge Bomb|p2a: Sceptile\n|-supereffective|p2a: Sceptile\n|-end|p2a: Sceptile|Substitute\n|\n|-heal|p2a: Sceptile|76/264|[from] item: Leftovers\n|upkeep\n|turn|16\n|\n|t:|1770991269\n|move|p2a: Sceptile|Hidden Power|p1a: Goodra\n|-supereffective|p1a: Goodra\n|-damage|p1a: Goodra|213/292 par\n|cant|p1a: Goodra|par\n|\n|-heal|p2a: Sceptile|92/264|[from] item: Leftovers\n|upkeep\n|turn|17\n|\n|t:|1770991275\n|move|p2a: Sceptile|Substitute|p2a: Sceptile\n|-start|p2a: Sceptile|Substitute\n|-damage|p2a: Sceptile|26/264\n|move|p1a: Goodra|Sludge Bomb|p2a: Sceptile\n|-supereffective|p2a: Sceptile\n|-end|p2a: Sceptile|Substitute\n|\n|-heal|p2a: Sceptile|42/264|[from] item: Leftovers\n|upkeep\n|turn|18\n|\n|t:|1770991278\n|move|p2a: Sceptile|Hidden Power|p1a: Goodra\n|-supereffective|p1a: Goodra\n|-damage|p1a: Goodra|173/292 par\n|cant|p1a: Goodra|par\n|\n|-heal|p2a: Sceptile|58/264|[from] item: Leftovers\n|upkeep\n|turn|19\n|\n|t:|1770991283\n|move|p2a: Sceptile|Hidden Power|p1a: Goodra\n|-supereffective|p1a: Goodra\n|-damage|p1a: Goodra|131/292 par\n|move|p1a: Goodra|Sludge Bomb|p2a: Sceptile\n|-supereffective|p2a: Sceptile\n|-damage|p2a: Sceptile|0 fnt\n|faint|p2a: Sceptile\n|\n|upkeep\n|\n|t:|1770991288\n|switch|p2a: Aromatisse|Aromatisse, L91, F|332/332\n|turn|20\n|\n|t:|1770991291\n|move|p2a: Aromatisse|Moonblast|p1a: Goodra\n|-supereffective|p1a: Goodra\n|-crit|p1a: Goodra\n|-damage|p1a: Goodra|0 fnt\n|faint|p1a: Goodra\n|\n|upkeep\n|\n|t:|1770991297\n|switch|p1a: Blacephalon|Blacephalon, L80|215/215\n|-activate|p1a: Blacephalon|move: Sticky Web\n|-unboost|p1a: Blacephalon|spe|1\n|turn|21\n|\n|t:|1770991300\n|move|p1a: Blacephalon|Calm Mind|p1a: Blacephalon\n|-boost|p1a: Blacephalon|spa|1\n|-boost|p1a: Blacephalon|spd|1\n|move|p2a: Aromatisse|Wish|p2a: Aromatisse\n|\n|upkeep\n|turn|22\n|\n|t:|1770991303\n|switch|p2a: Manectric|Manectric, L84, F|255/255\n|move|p1a: Blacephalon|Calm Mind|p1a: Blacephalon\n|-boost|p1a: Blacephalon|spa|1\n|-boost|p1a: Blacephalon|spd|1\n|\n|upkeep\n|turn|23\n|\n|t:|1770991307\n|move|p2a: Manectric|Thunderbolt|p1a: Blacephalon\n|-damage|p1a: Blacephalon|134/215\n|-zpower|p1a: Blacephalon\n|move|p1a: Blacephalon|Never-Ending Nightmare|p2a: Manectric|[zeffect]\n|-damage|p2a: Manectric|0 fnt\n|faint|p2a: Manectric\n|-ability|p1a: Blacephalon|Beast Boost|boost\n|-boost|p1a: Blacephalon|spa|1\n|\n|upkeep\n|-message|reallyblue forfeited.\n|\n|win|RumpleMyStiltSkin\n|raw|RumpleMyStiltSkin's rating: 1616 &rarr; <strong>1633</strong><br />(+17 for winning)\n|raw|reallyblue's rating: 1571 &rarr; <strong>1554</strong><br />(-17 for losing)\n|l|☆reallyblue\n|player|p2|\n", "inputlog": ">version ccdc32dd7cde25fd9e4bed64820e885f66e78a4e\n>start {\"formatid\":\"gen7randombattle\",\"seed\":\"sodium,b4d9e3f0ad8bd26f63bd475bd5d1f577\",\"rated\":\"Rated battle\"}\n>player p1 {\"name\":\"RumpleMyStiltSkin\",\"avatar\":\"dancer\",\"rating\":1616,\"seed\":\"sodium,f19308c98b3891a1220a82264bc428a1\"}\n>player p2 {\"name\":\"reallyblue\",\"avatar\":\"169\",\"rating\":1571,\"seed\":\"sodium,bd37f7f4d981e664b9f569dc0b8f2ade\"}\n>p1 move fireblast\n>p2 move stickyweb\n>p1 move fireblast\n>p2 move leechlife\n>p2 switch 4\n>p1 switch 3\n>p2 move dragondance\n>p1 move ironhead\n>p2 move clangingscales zmove\n>p1 move ironhead\n>p2 move closecombat\n>p1 move ironhead\n>p2 move closecombat\n>p1 switch 4\n>p1 move icebeam\n>p2 move closecombat\n>p2 switch 6\n>p1 move icebeam\n>p2 move swordsdance mega\n>p1 move icebeam\n>p2 move swordsdance\n>p1 move icebeam\n>p2 move swordsdance\n>p1 move icebeam\n>p2 move suckerpunch\n>p1 switch 5\n>p1 move fireblast mega\n>p2 move suckerpunch\n>p2 switch 3\n>p1 switch 2\n>p2 move thunderbolt\n>p1 move sludgebomb\n>p2 switch 2\n>p1 move sludgebomb\n>p2 move substitute\n>p1 move sludgebomb\n>p2 move hiddenpower\n>p1 move sludgebomb\n>p2 move substitute\n>p1 move sludgebomb\n>p2 move hiddenpower\n>p1 move sludgebomb\n>p2 move hiddenpower\n>p2 switch 5\n>p1 move sludgebomb\n>p2 move moonblast\n>p1 switch 6\n>p1 move calmmind\n>p2 move wish\n>p1 move calmmind\n>p2 switch 2\n>p1 move shadowball zmove\n>p2 move thunderbolt\n>forcelose p2", "uploadtime": 1770991315, "views": 196, "formatid": "gen7randombattle", "rating": 1554, "private": 0, "password": null}