{"id": "gen7randombattle-2525211619", "format": "[Gen 7] Random Battle", "players": ["alex938", "Trefleuh"], "log": "|j|☆alex938\n|j|☆Trefleuh\n|t:|1769249938\n|gametype|singles\n|player|p1|alex938|ethan|1680\n|player|p2|Trefleuh|#rbtt8teamhoopa2|1748\n|gen|7\n|tier|[Gen 7] Random Battle\n|rated|\n|rule|Sleep Clause Mod: Limit one foe put to sleep\n|rule|HP Percentage Mod: HP is shown in percentages\n|rule|Illusion Level Mod: Illusion disguises the Pokémon's true level\n|\n|t:|1769249938\n|teamsize|p1|6\n|teamsize|p2|6\n|start\n|switch|p1a: Aromatisse|Aromatisse, L91, M|332/332\n|switch|p2a: Heracross|Heracross, L80, M|259/259\n|turn|1\n|inactive|Battle timer is ON: inactive players will automatically lose when time's up. (requested by alex938)\n|\n|t:|1769249958\n|switch|p2a: Kecleon|Kecleon, L90, F|254/254\n|move|p1a: Aromatisse|Moonblast|p2a: Kecleon\n|-damage|p2a: Kecleon|161/254\n|-unboost|p2a: Kecleon|spa|1\n|\n|-heal|p2a: Kecleon|176/254|[from] item: Leftovers\n|upkeep\n|turn|2\n|inactive|alex938 has 120 seconds left.\n|\n|t:|1769249999\n|switch|p1a: Dragalge|Dragalge, L87, F|255/255\n|move|p2a: Kecleon|Thunder Wave|p1a: Dragalge\n|-start|p2a: Kecleon|typechange|Electric|[from] ability: Protean\n|-status|p1a: Dragalge|par\n|\n|-heal|p2a: Kecleon|191/254|[from] item: Leftovers\n|upkeep\n|turn|3\n|inactive|Trefleuh has 120 seconds left.\n|\n|t:|1769250031\n|move|p2a: Kecleon|Knock Off|p1a: Dragalge\n|-start|p2a: Kecleon|typechange|Dark|[from] ability: Protean\n|-damage|p1a: Dragalge|141/255 par\n|-enditem|p1a: Dragalge|Black Sludge|[from] move: Knock Off|[of] p2a: Kecleon\n|move|p1a: Dragalge|Toxic Spikes|p2a: Kecleon\n|-sidestart|p2: Trefleuh|move: Toxic Spikes\n|\n|-heal|p2a: Kecleon|206/254|[from] item: Leftovers\n|upkeep\n|turn|4\n|\n|t:|1769250039\n|move|p2a: Kecleon|Knock Off|p1a: Dragalge\n|-damage|p1a: Dragalge|69/255 par\n|move|p1a: Dragalge|Toxic Spikes|p2a: Kecleon\n|-sidestart|p2: Trefleuh|move: Toxic Spikes\n|\n|-heal|p2a: Kecleon|221/254|[from] item: Leftovers\n|upkeep\n|turn|5\n|inactive|Trefleuh has 120 seconds left.\n|\n|t:|1769250061\n|move|p2a: Kecleon|Knock Off|p1a: Dragalge\n|-damage|p1a: Dragalge|2/255 par\n|move|p1a: Dragalge|Draco Meteor|p2a: Kecleon\n|-damage|p2a: Kecleon|87/254\n|-unboost|p1a: Dragalge|spa|2\n|\n|-heal|p2a: Kecleon|102/254|[from] item: Leftovers\n|upkeep\n|turn|6\n|\n|t:|1769250064\n|move|p2a: Kecleon|Recover|p2a: Kecleon\n|-start|p2a: Kecleon|typechange|Normal|[from] ability: Protean\n|-heal|p2a: Kecleon|229/254\n|move|p1a: Dragalge|Sludge Wave|p2a: Kecleon\n|-damage|p2a: Kecleon|173/254\n|\n|-heal|p2a: Kecleon|188/254|[from] item: Leftovers\n|upkeep\n|turn|7\n|\n|t:|1769250067\n|move|p2a: Kecleon|Recover|p2a: Kecleon\n|-heal|p2a: Kecleon|254/254\n|move|p1a: Dragalge|Dragon Tail|p2a: Kecleon|[miss]\n|-miss|p1a: Dragalge|p2a: Kecleon\n|\n|upkeep\n|turn|8\n|\n|t:|1769250069\n|move|p2a: Kecleon|Knock Off|p1a: Dragalge\n|-start|p2a: Kecleon|typechange|Dark|[from] ability: Protean\n|-damage|p1a: Dragalge|0 fnt\n|faint|p1a: Dragalge\n|\n|upkeep\n|\n|t:|1769250072\n|switch|p1a: Simipour|Simipour, L88, M|275/275\n|turn|9\n|\n|t:|1769250078\n|move|p1a: Simipour|Substitute|p1a: Simipour\n|-start|p1a: Simipour|Substitute\n|-damage|p1a: Simipour|207/275\n|move|p2a: Kecleon|Knock Off|p1a: Simipour\n|-end|p1a: Simipour|Substitute\n|\n|-heal|p1a: Simipour|224/275|[from] item: Leftovers\n|upkeep\n|turn|10\n|\n|t:|1769250081\n|move|p1a: Simipour|Substitute|p1a: Simipour\n|-start|p1a: Simipour|Substitute\n|-damage|p1a: Simipour|156/275\n|move|p2a: Kecleon|Knock Off|p1a: Simipour\n|-end|p1a: Simipour|Substitute\n|\n|-heal|p1a: Simipour|173/275|[from] item: Leftovers\n|upkeep\n|turn|11\n|\n|t:|1769250084\n|move|p1a: Simipour|Nasty Plot|p1a: Simipour\n|-boost|p1a: Simipour|spa|2\n|move|p2a: Kecleon|Knock Off|p1a: Simipour\n|-damage|p1a: Simipour|41/275\n|-enditem|p1a: Simipour|Leftovers|[from] move: Knock Off|[of] p2a: Kecleon\n|\n|upkeep\n|turn|12\n|\n|t:|1769250093\n|switch|p2a: Suicune|Suicune, L82|298/298\n|-status|p2a: Suicune|tox\n|-ability|p2a: Suicune|Pressure\n|move|p1a: Simipour|Hydro Pump|p2a: Suicune\n|-resisted|p2a: Suicune\n|-damage|p2a: Suicune|127/298 tox\n|\n|-heal|p2a: Suicune|145/298 tox|[from] item: Leftovers\n|-damage|p2a: Suicune|127/298 tox|[from] psn\n|upkeep\n|turn|13\n|\n|t:|1769250099\n|move|p1a: Simipour|Hydro Pump|p2a: Suicune\n|-resisted|p2a: Suicune\n|-damage|p2a: Suicune|0 fnt\n|faint|p2a: Suicune\n|\n|upkeep\n|\n|t:|1769250107\n|switch|p2a: Goodra|Goodra, L85, F|292/292\n|-status|p2a: Goodra|tox\n|turn|14\n|\n|t:|1769250109\n|move|p1a: Simipour|Ice Beam|p2a: Goodra\n|-supereffective|p2a: Goodra\n|-damage|p2a: Goodra|170/292 tox\n|move|p2a: Goodra|Sludge Bomb|p1a: Simipour\n|-damage|p1a: Simipour|0 fnt\n|faint|p1a: Simipour\n|\n|-damage|p2a: Goodra|152/292 tox|[from] psn\n|upkeep\n|\n|t:|1769250112\n|switch|p1a: Solgaleo|Solgaleo, L73|320/320\n|turn|15\n|\n|t:|1769250120\n|switch|p2a: Kecleon|Kecleon, L90, F|254/254\n|-status|p2a: Kecleon|tox\n|move|p1a: Solgaleo|Flame Charge|p2a: Kecleon\n|-damage|p2a: Kecleon|214/254 tox\n|-boost|p1a: Solgaleo|spe|1\n|\n|-heal|p2a: Kecleon|229/254 tox|[from] item: Leftovers\n|-damage|p2a: Kecleon|214/254 tox|[from] psn\n|upkeep\n|turn|16\n|\n|t:|1769250126\n|switch|p1a: Aromatisse|Aromatisse, L91, M|332/332\n|move|p2a: Kecleon|Thunder Wave|p1a: Aromatisse|[miss]\n|-start|p2a: Kecleon|typechange|Electric|[from] ability: Protean\n|-miss|p2a: Kecleon|p1a: Aromatisse\n|\n|-heal|p2a: Kecleon|229/254 tox|[from] item: Leftovers\n|-damage|p2a: Kecleon|199/254 tox|[from] psn\n|upkeep\n|turn|17\n|\n|t:|1769250134\n|move|p1a: Aromatisse|Protect|p1a: Aromatisse\n|-singleturn|p1a: Aromatisse|Protect\n|move|p2a: Kecleon|Thunder Wave|p1a: Aromatisse\n|-activate|p1a: Aromatisse|move: Protect\n|\n|-heal|p2a: Kecleon|214/254 tox|[from] item: Leftovers\n|-damage|p2a: Kecleon|169/254 tox|[from] psn\n|upkeep\n|turn|18\n|\n|t:|1769250138\n|move|p2a: Kecleon|Thunder Wave|p1a: Aromatisse\n|-status|p1a: Aromatisse|par\n|move|p1a: Aromatisse|Moonblast|p2a: Kecleon\n|-damage|p2a: Kecleon|79/254 tox\n|\n|-heal|p2a: Kecleon|94/254 tox|[from] item: Leftovers\n|-damage|p2a: Kecleon|34/254 tox|[from] psn\n|upkeep\n|turn|19\n|\n|t:|1769250143\n|move|p2a: Kecleon|Recover|p2a: Kecleon\n|-start|p2a: Kecleon|typechange|Normal|[from] ability: Protean\n|-heal|p2a: Kecleon|161/254 tox\n|move|p1a: Aromatisse|Calm Mind|p1a: Aromatisse\n|-boost|p1a: Aromatisse|spa|1\n|-boost|p1a: Aromatisse|spd|1\n|\n|-heal|p2a: Kecleon|176/254 tox|[from] item: Leftovers\n|-damage|p2a: Kecleon|101/254 tox|[from] psn\n|upkeep\n|turn|20\n|\n|t:|1769250150\n|move|p2a: Kecleon|Knock Off|p1a: Aromatisse\n|-start|p2a: Kecleon|typechange|Dark|[from] ability: Protean\n|-resisted|p1a: Aromatisse\n|-damage|p1a: Aromatisse|269/332 par\n|-enditem|p1a: Aromatisse|Leftovers|[from] move: Knock Off|[of] p2a: Kecleon\n|move|p1a: Aromatisse|Moonblast|p2a: Kecleon\n|-supereffective|p2a: Kecleon\n|-damage|p2a: Kecleon|0 fnt\n|faint|p2a: Kecleon\n|\n|upkeep\n|\n|t:|1769250166\n|switch|p2a: Lurantis|Lurantis, L90, M|272/272\n|-status|p2a: Lurantis|tox\n|turn|21\n|\n|t:|1769250172\n|switch|p1a: Beautifly|Beautifly, L99, M|279/279\n|move|p2a: Lurantis|Leaf Storm|p1a: Beautifly\n|-resisted|p1a: Beautifly\n|-damage|p1a: Beautifly|239/279\n|-boost|p2a: Lurantis|spa|2\n|\n|-damage|p2a: Lurantis|255/272 tox|[from] psn\n|upkeep\n|turn|22\n|\n|t:|1769250183\n|switch|p2a: Goodra|Goodra, L85, F|152/292 tox\n|move|p1a: Beautifly|Air Cutter|p2a: Goodra|[miss]\n|-miss|p1a: Beautifly|p2a: Goodra\n|\n|-damage|p2a: Goodra|134/292 tox|[from] psn\n|upkeep\n|turn|23\n|\n|t:|1769250187\n|switch|p1a: Solgaleo|Solgaleo, L73|320/320\n|move|p2a: Goodra|Fire Blast|p1a: Solgaleo\n|-supereffective|p1a: Solgaleo\n|-damage|p1a: Solgaleo|116/320\n|-status|p1a: Solgaleo|brn\n|-enditem|p1a: Solgaleo|Weakness Policy\n|-boost|p1a: Solgaleo|atk|2|[from] item: Weakness Policy\n|-boost|p1a: Solgaleo|spa|2|[from] item: Weakness Policy\n|\n|-damage|p2a: Goodra|98/292 tox|[from] psn\n|-damage|p1a: Solgaleo|96/320 brn|[from] brn\n|upkeep\n|turn|24\n|\n|t:|1769250191\n|move|p2a: Goodra|Fire Blast|p1a: Solgaleo\n|-supereffective|p1a: Solgaleo\n|-damage|p1a: Solgaleo|0 fnt\n|faint|p1a: Solgaleo\n|\n|-damage|p2a: Goodra|44/292 tox|[from] psn\n|upkeep\n|\n|t:|1769250196\n|switch|p1a: Aromatisse|Aromatisse, L91, M|269/332 par\n|turn|25\n|\n|t:|1769250202\n|cant|p1a: Aromatisse|par\n|move|p2a: Goodra|Sludge Bomb|p1a: Aromatisse\n|-supereffective|p1a: Aromatisse\n|-damage|p1a: Aromatisse|129/332 par\n|\n|-damage|p2a: Goodra|0 fnt|[from] psn\n|faint|p2a: Goodra\n|upkeep\n|\n|t:|1769250204\n|switch|p2a: Mothim|Mothim, L93, M|281/281\n|turn|26\n|\n|t:|1769250209\n|move|p2a: Mothim|Quiver Dance|p2a: Mothim\n|-boost|p2a: Mothim|spa|1\n|-boost|p2a: Mothim|spd|1\n|-boost|p2a: Mothim|spe|1\n|move|p1a: Aromatisse|Moonblast|p2a: Mothim\n|-damage|p2a: Mothim|170/281\n|-unboost|p2a: Mothim|spa|1\n|\n|upkeep\n|turn|27\n|\n|t:|1769250212\n|move|p2a: Mothim|Quiver Dance|p2a: Mothim\n|-boost|p2a: Mothim|spa|1\n|-boost|p2a: Mothim|spd|1\n|-boost|p2a: Mothim|spe|1\n|move|p1a: Aromatisse|Moonblast|p2a: Mothim\n|-damage|p2a: Mothim|89/281\n|\n|upkeep\n|turn|28\n|\n|t:|1769250219\n|move|p2a: Mothim|Quiver Dance|p2a: Mothim\n|-boost|p2a: Mothim|spa|1\n|-boost|p2a: Mothim|spd|1\n|-boost|p2a: Mothim|spe|1\n|cant|p1a: Aromatisse|par\n|\n|upkeep\n|turn|29\n|\n|t:|1769250222\n|move|p2a: Mothim|Bug Buzz|p1a: Aromatisse\n|-resisted|p1a: Aromatisse\n|-damage|p1a: Aromatisse|0 fnt\n|faint|p1a: Aromatisse\n|\n|upkeep\n|\n|t:|1769250224\n|switch|p1a: Phione|Phione, L93|300/300\n|turn|30\n|\n|t:|1769250227\n|switch|p1a: Beautifly|Beautifly, L99, M|239/279\n|-zpower|p2a: Mothim\n|move|p2a: Mothim|Savage Spin-Out|p1a: Beautifly|[zeffect]\n|-resisted|p1a: Beautifly\n|-damage|p1a: Beautifly|0 fnt\n|faint|p1a: Beautifly\n|\n|upkeep\n|\n|t:|1769250228\n|switch|p1a: Phione|Phione, L93|300/300\n|turn|31\n|\n|t:|1769250231\n|move|p2a: Mothim|Energy Ball|p1a: Phione\n|-supereffective|p1a: Phione\n|-damage|p1a: Phione|28/300\n|move|p1a: Phione|Ice Beam|p2a: Mothim\n|-supereffective|p2a: Mothim\n|-damage|p2a: Mothim|11/281\n|\n|-heal|p1a: Phione|46/300|[from] item: Leftovers\n|upkeep\n|turn|32\n|-message|alex938 forfeited.\n|\n|win|Trefleuh\n|raw|alex938's rating: 1680 &rarr; <strong>1664</strong><br />(-16 for losing)\n|raw|Trefleuh's rating: 1748 &rarr; <strong>1764</strong><br />(+16 for winning)\n|l|☆Trefleuh\n|player|p2|\n", "inputlog": ">version b99ff0165a6231f17e8b78c2a78d1998375de664\n>start {\"formatid\":\"gen7randombattle\",\"seed\":\"sodium,283bda63edf74284752845ee6b8aca34\",\"rated\":\"Rated battle\"}\n>player p1 {\"name\":\"alex938\",\"avatar\":\"ethan\",\"rating\":1680,\"seed\":\"sodium,7288a79f9b118fcb1cd7430b391aa743\"}\n>player p2 {\"name\":\"Trefleuh\",\"avatar\":\"#rbtt8teamhoopa2\",\"rating\":1748,\"seed\":\"sodium,f852c86d5fd841fbaaf5cdb2a50f20dd\"}\n>p1 move moonblast\n>p2 switch 5\n>p1 switch 6\n>p2 move thunderwave\n>p1 move toxicspikes\n>p2 move knockoff\n>p1 move toxicspikes\n>p2 move knockoff\n>p1 move dracometeor\n>p2 move knockoff\n>p1 move sludgewave\n>p2 move recover\n>p1 move dragontail\n>p2 move recover\n>p1 move dragontail\n>p2 move knockoff\n>p1 switch 3\n>p1 move substitute\n>p2 move knockoff\n>p1 move substitute\n>p2 move knockoff\n>p1 move nastyplot\n>p2 move knockoff\n>p1 move hydropump\n>p2 switch 6\n>p1 move hydropump\n>p2 move scald\n>p2 switch 3\n>p1 move icebeam\n>p2 move sludgebomb\n>p1 switch 5\n>p1 move flamecharge\n>p2 switch 6\n>p1 switch 6\n>p2 move thunderwave\n>p1 move protect\n>p2 move thunderwave\n>p1 move moonblast\n>p2 move thunderwave\n>p1 move calmmind\n>p2 move recover\n>p1 move moonblast\n>p2 move knockoff\n>p2 switch 4\n>p1 switch 4\n>p2 move leafstorm\n>p1 move aircutter\n>p2 switch 6\n>p1 switch 6\n>p2 move fireblast\n>p1 move knockoff\n>p2 move fireblast\n>p1 switch 4\n>p1 move protect\n>p2 move sludgebomb\n>p2 switch 2\n>p1 move moonblast\n>p2 move quiverdance\n>p1 move moonblast\n>p2 move quiverdance\n>p1 move moonblast\n>p2 move quiverdance\n>p1 move moonblast\n>p2 move bugbuzz\n>p1 switch 2\n>p1 switch 6\n>p2 move bugbuzz zmove\n>p1 switch 6\n>p1 move icebeam\n>p2 move energyball\n>forcelose p1", "uploadtime": 1769250916, "views": 204, "formatid": "gen7randombattle", "rating": 1664, "private": 0, "password": null}