{"id": "gen7randombattle-2534239171", "format": "[Gen 7] Random Battle", "players": ["MimikyuTrainerAsh", "berserkpower"], "log": "|j|☆MimikyuTrainerAsh\n|j|☆berserkpower\n|t:|1770400694\n|gametype|singles\n|player|p1|MimikyuTrainerAsh|pokekid|1619\n|player|p2|berserkpower|lance|1694\n|gen|7\n|tier|[Gen 7] Random Battle\n|rated|\n|rule|Sleep Clause Mod: Limit one foe put to sleep\n|rule|HP Percentage Mod: HP is shown in percentages\n|rule|Illusion Level Mod: Illusion disguises the Pokémon's true level\n|\n|t:|1770400694\n|teamsize|p1|6\n|teamsize|p2|6\n|start\n|switch|p1a: Zapdos|Zapdos, L79|272/272\n|switch|p2a: Meowstic|Meowstic-F, L91, F|283/283\n|turn|1\n|inactive|Battle timer is ON: inactive players will automatically lose when time's up. (requested by MimikyuTrainerAsh)\n|\n|t:|1770400708\n|move|p2a: Meowstic|Psychic|p1a: Zapdos\n|-damage|p1a: Zapdos|110/272\n|move|p1a: Zapdos|Discharge|p2a: Meowstic\n|-damage|p2a: Meowstic|192/283\n|-status|p2a: Meowstic|par\n|\n|-heal|p1a: Zapdos|127/272|[from] item: Leftovers\n|upkeep\n|turn|2\n|\n|t:|1770400715\n|move|p1a: Zapdos|U-turn|p2a: Meowstic\n|-supereffective|p2a: Meowstic\n|-damage|p2a: Meowstic|110/283 par\n|\n|t:|1770400719\n|switch|p1a: Genesect|Genesect, L73|224/224|[from] U-turn\n|-ability|p1a: Genesect|Download|boost\n|-boost|p1a: Genesect|atk|1\n|cant|p2a: Meowstic|par\n|\n|upkeep\n|turn|3\n|\n|t:|1770400726\n|move|p1a: Genesect|Shift Gear|p1a: Genesect\n|-boost|p1a: Genesect|spe|2\n|-boost|p1a: Genesect|atk|1\n|move|p2a: Meowstic|Psychic|p1a: Genesect\n|-resisted|p1a: Genesect\n|-damage|p1a: Genesect|140/224\n|\n|upkeep\n|turn|4\n|\n|t:|1770400733\n|move|p1a: Genesect|X-Scissor|p2a: Meowstic\n|-supereffective|p2a: Meowstic\n|-damage|p2a: Meowstic|0 fnt\n|faint|p2a: Meowstic\n|-damage|p1a: Genesect|118/224|[from] item: Life Orb\n|\n|upkeep\n|\n|t:|1770400745\n|switch|p2a: Smeargle|Smeargle, L88, F|240/240\n|turn|5\n|\n|t:|1770400748\n|move|p1a: Genesect|Iron Head|p2a: Smeargle\n|-enditem|p2a: Smeargle|Focus Sash\n|-damage|p2a: Smeargle|1/240\n|-damage|p1a: Genesect|96/224|[from] item: Life Orb\n|move|p2a: Smeargle|Spore|p1a: Genesect\n|-status|p1a: Genesect|slp|[from] move: Spore\n|\n|upkeep\n|turn|6\n|\n|t:|1770400759\n|switch|p1a: Zapdos|Zapdos, L79|127/272\n|move|p2a: Smeargle|Sticky Web|p1a: Zapdos\n|-sidestart|p1: MimikyuTrainerAsh|move: Sticky Web\n|\n|-heal|p1a: Zapdos|144/272|[from] item: Leftovers\n|upkeep\n|turn|7\n|\n|t:|1770400765\n|switch|p2a: Cresselia|Cresselia, L82, F|331/331\n|move|p1a: Zapdos|Roost|p1a: Zapdos\n|-heal|p1a: Zapdos|272/272\n|-singleturn|p1a: Zapdos|move: Roost\n|\n|upkeep\n|turn|8\n|\n|t:|1770400767\n|move|p1a: Zapdos|Defog|p2a: Cresselia\n|-unboost|p2a: Cresselia|evasion|1\n|-sideend|p1: MimikyuTrainerAsh|Sticky Web|[from] move: Defog|[of] p1a: Zapdos\n|move|p2a: Cresselia|Calm Mind|p2a: Cresselia\n|-boost|p2a: Cresselia|spa|1\n|-boost|p2a: Cresselia|spd|1\n|\n|upkeep\n|turn|9\n|\n|t:|1770400772\n|move|p1a: Zapdos|U-turn|p2a: Cresselia\n|-supereffective|p2a: Cresselia\n|-damage|p2a: Cresselia|265/331\n|\n|t:|1770400773\n|switch|p1a: Incineroar|Incineroar, L82, M|290/290|[from] U-turn\n|-ability|p1a: Incineroar|Intimidate|boost\n|-unboost|p2a: Cresselia|atk|1\n|move|p2a: Cresselia|Calm Mind|p2a: Cresselia\n|-boost|p2a: Cresselia|spa|1\n|-boost|p2a: Cresselia|spd|1\n|\n|-heal|p2a: Cresselia|285/331|[from] item: Leftovers\n|upkeep\n|turn|10\n|\n|t:|1770400781\n|move|p1a: Incineroar|Fake Out|p2a: Cresselia\n|-damage|p2a: Cresselia|262/331\n|cant|p2a: Cresselia|flinch\n|\n|-heal|p2a: Cresselia|282/331|[from] item: Leftovers\n|upkeep\n|turn|11\n|\n|t:|1770400783\n|move|p2a: Cresselia|Moonblast|p1a: Incineroar\n|-damage|p1a: Incineroar|225/290\n|move|p1a: Incineroar|Darkest Lariat|p2a: Cresselia\n|-supereffective|p2a: Cresselia\n|-damage|p2a: Cresselia|126/331\n|\n|-heal|p2a: Cresselia|146/331|[from] item: Leftovers\n|upkeep\n|turn|12\n|\n|t:|1770400787\n|move|p2a: Cresselia|Moonlight|p2a: Cresselia\n|-heal|p2a: Cresselia|311/331\n|move|p1a: Incineroar|Darkest Lariat|p2a: Cresselia\n|-supereffective|p2a: Cresselia\n|-damage|p2a: Cresselia|147/331\n|\n|-heal|p2a: Cresselia|167/331|[from] item: Leftovers\n|upkeep\n|turn|13\n|\n|t:|1770400790\n|move|p2a: Cresselia|Moonlight|p2a: Cresselia\n|-heal|p2a: Cresselia|331/331\n|move|p1a: Incineroar|Darkest Lariat|p2a: Cresselia\n|-supereffective|p2a: Cresselia\n|-damage|p2a: Cresselia|187/331\n|\n|-heal|p2a: Cresselia|207/331|[from] item: Leftovers\n|upkeep\n|turn|14\n|\n|t:|1770400793\n|switch|p1a: Slowking|Slowking, L89, F|314/314\n|move|p2a: Cresselia|Moonlight|p2a: Cresselia\n|-heal|p2a: Cresselia|331/331\n|\n|upkeep\n|turn|15\n|\n|t:|1770400799\n|move|p2a: Cresselia|Moonblast|p1a: Slowking\n|-damage|p1a: Slowking|261/314\n|move|p1a: Slowking|Future Sight|p2a: Cresselia\n|-start|p1a: Slowking|move: Future Sight\n|\n|upkeep\n|turn|16\n|\n|t:|1770400804\n|move|p2a: Cresselia|Calm Mind|p2a: Cresselia\n|-boost|p2a: Cresselia|spa|1\n|-boost|p2a: Cresselia|spd|1\n|move|p1a: Slowking|Dragon Tail|p2a: Cresselia\n|-damage|p2a: Cresselia|299/331\n|drag|p2a: Bouffalant|Bouffalant, L87, F|307/307\n|\n|upkeep\n|turn|17\n|c|☆MimikyuTrainerAsh|#nah\n|\n|t:|1770400813\n|switch|p2a: Cresselia|Cresselia, L82, F|299/331\n|switch|p1a: Palossand|Palossand, L89, F|296/296\n|\n|-end|p2a: Cresselia|move: Future Sight\n|-resisted|p2a: Cresselia\n|-damage|p2a: Cresselia|240/331\n|-heal|p2a: Cresselia|260/331|[from] item: Leftovers\n|upkeep\n|turn|18\n|\n|t:|1770400817\n|move|p2a: Cresselia|Calm Mind|p2a: Cresselia\n|-boost|p2a: Cresselia|spa|1\n|-boost|p2a: Cresselia|spd|1\n|move|p1a: Palossand|Toxic|p2a: Cresselia\n|-status|p2a: Cresselia|tox\n|\n|-heal|p2a: Cresselia|280/331 tox|[from] item: Leftovers\n|-damage|p2a: Cresselia|260/331 tox|[from] psn\n|upkeep\n|turn|19\n|c|☆MimikyuTrainerAsh|bruh get the hell\n|\n|t:|1770400827\n|move|p2a: Cresselia|Moonblast|p1a: Palossand\n|-damage|p1a: Palossand|216/296\n|move|p1a: Palossand|Shadow Ball|p2a: Cresselia\n|-supereffective|p2a: Cresselia\n|-damage|p2a: Cresselia|162/331 tox\n|\n|-heal|p2a: Cresselia|182/331 tox|[from] item: Leftovers\n|-heal|p1a: Palossand|234/296|[from] item: Leftovers\n|-damage|p2a: Cresselia|142/331 tox|[from] psn\n|upkeep\n|turn|20\n|\n|t:|1770400836\n|switch|p2a: Smeargle|Smeargle, L88, F|1/240\n|move|p1a: Palossand|Shadow Ball|p2a: Smeargle\n|-immune|p2a: Smeargle\n|\n|-heal|p1a: Palossand|252/296|[from] item: Leftovers\n|upkeep\n|turn|21\n|\n|t:|1770400839\n|switch|p1a: Zapdos|Zapdos, L79|272/272\n|move|p2a: Smeargle|Sticky Web|p1a: Zapdos\n|-sidestart|p1: MimikyuTrainerAsh|move: Sticky Web\n|\n|upkeep\n|turn|22\n|\n|t:|1770400845\n|switch|p2a: Bouffalant|Bouffalant, L87, F|307/307\n|move|p1a: Zapdos|Discharge|p2a: Bouffalant\n|-damage|p2a: Bouffalant|228/307\n|\n|-heal|p2a: Bouffalant|247/307|[from] item: Leftovers\n|upkeep\n|turn|23\n|\n|t:|1770400850\n|move|p1a: Zapdos|U-turn|p2a: Bouffalant\n|-damage|p2a: Bouffalant|211/307\n|\n|t:|1770400851\n|switch|p1a: Palossand|Palossand, L89, F|252/296|[from] U-turn\n|-activate|p1a: Palossand|move: Sticky Web\n|-unboost|p1a: Palossand|spe|1\n|move|p2a: Bouffalant|Swords Dance|p2a: Bouffalant\n|-boost|p2a: Bouffalant|atk|2\n|\n|-heal|p2a: Bouffalant|230/307|[from] item: Leftovers\n|-heal|p1a: Palossand|270/296|[from] item: Leftovers\n|upkeep\n|turn|24\n|\n|t:|1770400856\n|move|p2a: Bouffalant|Earthquake|p1a: Palossand\n|-damage|p1a: Palossand|141/296\n|move|p1a: Palossand|Toxic|p2a: Bouffalant\n|-status|p2a: Bouffalant|tox\n|\n|-heal|p2a: Bouffalant|249/307 tox|[from] item: Leftovers\n|-heal|p1a: Palossand|159/296|[from] item: Leftovers\n|-damage|p2a: Bouffalant|230/307 tox|[from] psn\n|upkeep\n|turn|25\n|\n|t:|1770400860\n|move|p2a: Bouffalant|Swords Dance|p2a: Bouffalant\n|-boost|p2a: Bouffalant|atk|2\n|move|p1a: Palossand|Shore Up|p1a: Palossand\n|-heal|p1a: Palossand|296/296\n|\n|-heal|p2a: Bouffalant|249/307 tox|[from] item: Leftovers\n|-damage|p2a: Bouffalant|211/307 tox|[from] psn\n|upkeep\n|turn|26\n|\n|t:|1770400863\n|move|p2a: Bouffalant|Head Charge|p1a: Palossand\n|-immune|p1a: Palossand\n|move|p1a: Palossand|Shore Up|p1a: Palossand\n|-fail|p1a: Palossand|heal\n|\n|-heal|p2a: Bouffalant|230/307 tox|[from] item: Leftovers\n|-damage|p2a: Bouffalant|173/307 tox|[from] psn\n|upkeep\n|turn|27\n|c|☆MimikyuTrainerAsh|?\n|\n|t:|1770400870\n|move|p2a: Bouffalant|Earthquake|p1a: Palossand\n|-damage|p1a: Palossand|97/296\n|move|p1a: Palossand|Shore Up|p1a: Palossand\n|-heal|p1a: Palossand|245/296\n|\n|-heal|p2a: Bouffalant|192/307 tox|[from] item: Leftovers\n|-heal|p1a: Palossand|263/296|[from] item: Leftovers\n|-damage|p2a: Bouffalant|116/307 tox|[from] psn\n|upkeep\n|turn|28\n|c|☆MimikyuTrainerAsh|SIX SEVENNN\n|\n|t:|1770400884\n|switch|p2a: Smeargle|Smeargle, L88, F|1/240\n|move|p1a: Palossand|Shore Up|p1a: Palossand\n|-heal|p1a: Palossand|296/296\n|\n|upkeep\n|turn|29\n|\n|t:|1770400887\n|switch|p1a: Zapdos|Zapdos, L79|272/272\n|move|p2a: Smeargle|Spikes|p1a: Zapdos\n|-sidestart|p1: MimikyuTrainerAsh|Spikes\n|\n|upkeep\n|turn|30\n|\n|t:|1770400891\n|move|p1a: Zapdos|Defog|p2a: Smeargle\n|-unboost|p2a: Smeargle|evasion|1\n|-sideend|p1: MimikyuTrainerAsh|Spikes|[from] move: Defog|[of] p1a: Zapdos\n|-sideend|p1: MimikyuTrainerAsh|Sticky Web|[from] move: Defog|[of] p1a: Zapdos\n|move|p2a: Smeargle|Spikes|p1a: Zapdos\n|-sidestart|p1: MimikyuTrainerAsh|Spikes\n|\n|upkeep\n|turn|31\n|\n|t:|1770400897\n|switch|p2a: Cresselia|Cresselia, L82, F|142/331 tox\n|move|p1a: Zapdos|Discharge|p2a: Cresselia\n|-damage|p2a: Cresselia|73/331 tox\n|\n|-heal|p2a: Cresselia|93/331 tox|[from] item: Leftovers\n|-damage|p2a: Cresselia|73/331 tox|[from] psn\n|upkeep\n|turn|32\n|\n|t:|1770400903\n|move|p1a: Zapdos|U-turn|p2a: Cresselia\n|-supereffective|p2a: Cresselia\n|-damage|p2a: Cresselia|11/331 tox\n|\n|t:|1770400908\n|switch|p1a: Palossand|Palossand, L89, F|296/296|[from] U-turn\n|-damage|p1a: Palossand|259/296|[from] Spikes\n|move|p2a: Cresselia|Moonlight|p2a: Cresselia\n|-heal|p2a: Cresselia|176/331 tox\n|\n|-heal|p2a: Cresselia|196/331 tox|[from] item: Leftovers\n|-heal|p1a: Palossand|277/296|[from] item: Leftovers\n|-damage|p2a: Cresselia|156/331 tox|[from] psn\n|upkeep\n|turn|33\n|\n|t:|1770400915\n|move|p2a: Cresselia|Moonlight|p2a: Cresselia\n|-heal|p2a: Cresselia|321/331 tox\n|move|p1a: Palossand|Earth Power|p2a: Cresselia\n|-immune|p2a: Cresselia|[from] ability: Levitate\n|\n|-heal|p2a: Cresselia|331/331 tox|[from] item: Leftovers\n|-heal|p1a: Palossand|295/296|[from] item: Leftovers\n|-damage|p2a: Cresselia|271/331 tox|[from] psn\n|upkeep\n|turn|34\n|\n|t:|1770400918\n|switch|p2a: Smeargle|Smeargle, L88, F|1/240\n|move|p1a: Palossand|Shadow Ball|p2a: Smeargle\n|-immune|p2a: Smeargle\n|\n|-heal|p1a: Palossand|296/296|[from] item: Leftovers\n|upkeep\n|turn|35\n|\n|t:|1770400920\n|switch|p1a: Zapdos|Zapdos, L79|272/272\n|move|p2a: Smeargle|Sticky Web|p1a: Zapdos\n|-sidestart|p1: MimikyuTrainerAsh|move: Sticky Web\n|\n|upkeep\n|turn|36\n|\n|t:|1770400924\n|move|p1a: Zapdos|Defog|p2a: Smeargle\n|-unboost|p2a: Smeargle|evasion|1\n|-sideend|p1: MimikyuTrainerAsh|Spikes|[from] move: Defog|[of] p1a: Zapdos\n|-sideend|p1: MimikyuTrainerAsh|Sticky Web|[from] move: Defog|[of] p1a: Zapdos\n|move|p2a: Smeargle|Sticky Web|p1a: Zapdos\n|-sidestart|p1: MimikyuTrainerAsh|move: Sticky Web\n|\n|upkeep\n|turn|37\n|\n|t:|1770400926\n|move|p1a: Zapdos|Defog|p2a: Smeargle\n|-unboost|p2a: Smeargle|evasion|1\n|-sideend|p1: MimikyuTrainerAsh|Sticky Web|[from] move: Defog|[of] p1a: Zapdos\n|move|p2a: Smeargle|Sticky Web|p1a: Zapdos\n|-sidestart|p1: MimikyuTrainerAsh|move: Sticky Web\n|\n|upkeep\n|turn|38\n|\n|t:|1770400928\n|move|p1a: Zapdos|Defog|p2a: Smeargle\n|-unboost|p2a: Smeargle|evasion|1\n|-sideend|p1: MimikyuTrainerAsh|Sticky Web|[from] move: Defog|[of] p1a: Zapdos\n|move|p2a: Smeargle|Sticky Web|p1a: Zapdos\n|-sidestart|p1: MimikyuTrainerAsh|move: Sticky Web\n|\n|upkeep\n|turn|39\n|\n|t:|1770400931\n|move|p1a: Zapdos|Discharge|p2a: Smeargle\n|-damage|p2a: Smeargle|0 fnt\n|faint|p2a: Smeargle\n|\n|upkeep\n|\n|t:|1770400934\n|switch|p2a: Volcarona|Volcarona, L76, M|253/253\n|turn|40\n|c|☆MimikyuTrainerAsh|spam that web now\n|\n|t:|1770400941\n|move|p1a: Zapdos|Discharge|p2a: Volcarona\n|-damage|p2a: Volcarona|165/253\n|move|p2a: Volcarona|Quiver Dance|p2a: Volcarona\n|-boost|p2a: Volcarona|spa|1\n|-boost|p2a: Volcarona|spd|1\n|-boost|p2a: Volcarona|spe|1\n|\n|upkeep\n|turn|41\n|\n|t:|1770400945\n|switch|p1a: Palossand|Palossand, L89, F|296/296\n|-activate|p1a: Palossand|move: Sticky Web\n|-unboost|p1a: Palossand|spe|1\n|-zpower|p2a: Volcarona\n|move|p2a: Volcarona|Inferno Overdrive|p1a: Palossand|[zeffect]\n|-damage|p1a: Palossand|0 fnt\n|faint|p1a: Palossand\n|\n|upkeep\n|\n|t:|1770400946\n|switch|p1a: Slowking|Slowking, L89, F|314/314\n|-activate|p1a: Slowking|move: Sticky Web\n|-unboost|p1a: Slowking|spe|1\n|turn|42\n|\n|t:|1770400950\n|move|p2a: Volcarona|Giga Drain|p1a: Slowking\n|-supereffective|p1a: Slowking\n|-damage|p1a: Slowking|222/314\n|-heal|p2a: Volcarona|211/253|[from] drain|[of] p1a: Slowking\n|move|p1a: Slowking|Dragon Tail|p2a: Volcarona\n|-damage|p2a: Volcarona|157/253\n|drag|p2a: Lilligant|Lilligant, L87, F|264/264\n|\n|upkeep\n|turn|43\n|\n|t:|1770400958\n|switch|p2a: Volcarona|Volcarona, L76, M|157/253\n|move|p1a: Slowking|Future Sight|p2a: Volcarona\n|-start|p1a: Slowking|move: Future Sight\n|\n|upkeep\n|turn|44\n|\n|t:|1770400962\n|move|p2a: Volcarona|Roost|p2a: Volcarona\n|-heal|p2a: Volcarona|253/253\n|-singleturn|p2a: Volcarona|move: Roost\n|move|p1a: Slowking|Dragon Tail|p2a: Volcarona\n|-damage|p2a: Volcarona|199/253\n|drag|p2a: Lilligant|Lilligant, L87, F|264/264\n|\n|upkeep\n|turn|45\n|\n|t:|1770400965\n|switch|p2a: Cresselia|Cresselia, L82, F|271/331 tox\n|switch|p1a: Zapdos|Zapdos, L79|272/272\n|\n|-end|p2a: Cresselia|move: Future Sight\n|-resisted|p2a: Cresselia\n|-damage|p2a: Cresselia|215/331 tox\n|-heal|p2a: Cresselia|235/331 tox|[from] item: Leftovers\n|-damage|p2a: Cresselia|215/331 tox|[from] psn\n|upkeep\n|turn|46\n|\n|t:|1770400969\n|switch|p2a: Volcarona|Volcarona, L76, M|199/253\n|move|p1a: Zapdos|Defog|p2a: Volcarona\n|-unboost|p2a: Volcarona|evasion|1\n|-sideend|p1: MimikyuTrainerAsh|Sticky Web|[from] move: Defog|[of] p1a: Zapdos\n|\n|upkeep\n|turn|47\n|\n|t:|1770400973\n|move|p1a: Zapdos|Discharge|p2a: Volcarona\n|-damage|p2a: Volcarona|114/253\n|move|p2a: Volcarona|Quiver Dance|p2a: Volcarona\n|-boost|p2a: Volcarona|spa|1\n|-boost|p2a: Volcarona|spd|1\n|-boost|p2a: Volcarona|spe|1\n|\n|upkeep\n|turn|48\n|\n|t:|1770400975\n|move|p2a: Volcarona|Roost|p2a: Volcarona\n|-heal|p2a: Volcarona|241/253\n|-singleturn|p2a: Volcarona|move: Roost\n|move|p1a: Zapdos|U-turn|p2a: Volcarona\n|-resisted|p2a: Volcarona\n|-damage|p2a: Volcarona|215/253\n|\n|t:|1770400982\n|switch|p1a: Slowking|Slowking, L89, F|314/314|[from] U-turn\n|\n|upkeep\n|turn|49\n|\n|t:|1770400986\n|move|p2a: Volcarona|Giga Drain|p1a: Slowking\n|-supereffective|p1a: Slowking\n|-damage|p1a: Slowking|216/314\n|-heal|p2a: Volcarona|253/253|[from] drain|[of] p1a: Slowking\n|move|p1a: Slowking|Future Sight|p2a: Volcarona\n|-start|p1a: Slowking|move: Future Sight\n|\n|upkeep\n|turn|50\n|\n|t:|1770400989\n|move|p2a: Volcarona|Giga Drain|p1a: Slowking\n|-supereffective|p1a: Slowking\n|-damage|p1a: Slowking|132/314\n|move|p1a: Slowking|Dragon Tail|p2a: Volcarona\n|-damage|p2a: Volcarona|203/253\n|drag|p2a: Bouffalant|Bouffalant, L87, F|116/307 tox\n|\n|-heal|p2a: Bouffalant|135/307 tox|[from] item: Leftovers\n|-damage|p2a: Bouffalant|116/307 tox|[from] psn\n|upkeep\n|turn|51\n|\n|t:|1770400994\n|switch|p1a: Incineroar|Incineroar, L82, M|225/290\n|-ability|p1a: Incineroar|Intimidate|boost\n|-unboost|p2a: Bouffalant|atk|1\n|move|p2a: Bouffalant|Head Charge|p1a: Incineroar\n|-damage|p1a: Incineroar|128/290\n|-damage|p2a: Bouffalant|92/307 tox|[from] Recoil\n|\n|-end|p2a: Bouffalant|move: Future Sight\n|-damage|p2a: Bouffalant|0 fnt\n|faint|p2a: Bouffalant\n|upkeep\n|\n|t:|1770401007\n|switch|p2a: Cresselia|Cresselia, L82, F|215/331 tox\n|turn|52\n|\n|t:|1770401012\n|move|p1a: Incineroar|Fake Out|p2a: Cresselia\n|-damage|p2a: Cresselia|189/331 tox\n|cant|p2a: Cresselia|flinch\n|\n|-heal|p2a: Cresselia|209/331 tox|[from] item: Leftovers\n|-damage|p2a: Cresselia|189/331 tox|[from] psn\n|upkeep\n|turn|53\n|\n|t:|1770401014\n|move|p2a: Cresselia|Moonblast|p1a: Incineroar\n|-damage|p1a: Incineroar|95/290\n|-unboost|p1a: Incineroar|spa|1\n|move|p1a: Incineroar|Darkest Lariat|p2a: Cresselia\n|-supereffective|p2a: Cresselia\n|-damage|p2a: Cresselia|25/331 tox\n|\n|-heal|p2a: Cresselia|45/331 tox|[from] item: Leftovers\n|-damage|p2a: Cresselia|5/331 tox|[from] psn\n|upkeep\n|turn|54\n|\n|t:|1770401017\n|move|p2a: Cresselia|Moonblast|p1a: Incineroar\n|-damage|p1a: Incineroar|59/290\n|move|p1a: Incineroar|Darkest Lariat|p2a: Cresselia\n|-supereffective|p2a: Cresselia\n|-damage|p2a: Cresselia|0 fnt\n|faint|p2a: Cresselia\n|\n|upkeep\n|\n|t:|1770401022\n|switch|p2a: Lilligant|Lilligant, L87, F|264/264\n|turn|55\n|\n|t:|1770401024\n|move|p2a: Lilligant|Hidden Power|p1a: Incineroar\n|-supereffective|p1a: Incineroar\n|-damage|p1a: Incineroar|0 fnt\n|faint|p1a: Incineroar\n|-damage|p2a: Lilligant|238/264|[from] item: Life Orb\n|\n|upkeep\n|\n|t:|1770401033\n|switch|p1a: Lapras|Lapras, L88, M|372/372\n|turn|56\n|\n|t:|1770401036\n|move|p2a: Lilligant|Quiver Dance|p2a: Lilligant\n|-boost|p2a: Lilligant|spa|1\n|-boost|p2a: Lilligant|spd|1\n|-boost|p2a: Lilligant|spe|1\n|move|p1a: Lapras|Toxic|p2a: Lilligant|[miss]\n|-miss|p1a: Lapras|p2a: Lilligant\n|\n|upkeep\n|turn|57\n|\n|t:|1770401039\n|move|p2a: Lilligant|Petal Dance|p1a: Lapras\n|-supereffective|p1a: Lapras\n|-damage|p1a: Lapras|0 fnt\n|faint|p1a: Lapras\n|-damage|p2a: Lilligant|212/264|[from] item: Life Orb\n|\n|upkeep\n|c|☆MimikyuTrainerAsh|insane loss of lobbing\n|\n|t:|1770401052\n|switch|p1a: Zapdos|Zapdos, L79|272/272\n|turn|58\n|\n|t:|1770401056\n|move|p2a: Lilligant|Petal Dance|p1a: Zapdos|[from] lockedmove\n|-resisted|p1a: Zapdos\n|-damage|p1a: Zapdos|119/272\n|-status|p2a: Lilligant|par|[from] ability: Static|[of] p1a: Zapdos\n|-damage|p2a: Lilligant|186/264 par|[from] item: Life Orb\n|move|p1a: Zapdos|Discharge|p2a: Lilligant\n|-resisted|p2a: Lilligant\n|-damage|p2a: Lilligant|152/264 par\n|\n|-heal|p1a: Zapdos|136/272|[from] item: Leftovers\n|upkeep\n|turn|59\n|\n|t:|1770401062\n|move|p1a: Zapdos|U-turn|p2a: Lilligant\n|-supereffective|p2a: Lilligant\n|-damage|p2a: Lilligant|60/264 par\n|\n|t:|1770401065\n|switch|p1a: Genesect|Genesect, L73|96/224 slp|[from] U-turn\n|-ability|p1a: Genesect|Download|boost\n|-boost|p1a: Genesect|atk|1\n|cant|p2a: Lilligant|par\n|\n|upkeep\n|turn|60\n|\n|t:|1770401072\n|cant|p1a: Genesect|slp\n|move|p2a: Lilligant|Quiver Dance|p2a: Lilligant\n|-boost|p2a: Lilligant|spa|1\n|-boost|p2a: Lilligant|spd|1\n|-boost|p2a: Lilligant|spe|1\n|\n|upkeep\n|turn|61\n|\n|t:|1770401076\n|move|p2a: Lilligant|Hidden Power|p1a: Genesect\n|-damage|p1a: Genesect|0 fnt\n|faint|p1a: Genesect\n|-damage|p2a: Lilligant|34/264 par|[from] item: Life Orb\n|\n|upkeep\n|\n|t:|1770401084\n|switch|p1a: Zapdos|Zapdos, L79|136/272\n|turn|62\n|\n|t:|1770401088\n|move|p2a: Lilligant|Hidden Power|p1a: Zapdos\n|-supereffective|p1a: Zapdos\n|-damage|p1a: Zapdos|0 fnt\n|faint|p1a: Zapdos\n|-damage|p2a: Lilligant|8/264 par|[from] item: Life Orb\n|\n|upkeep\n|\n|t:|1770401090\n|switch|p1a: Slowking|Slowking, L89, F|236/314\n|turn|63\n|\n|t:|1770401094\n|move|p2a: Lilligant|Petal Dance|p1a: Slowking\n|-supereffective|p1a: Slowking\n|-damage|p1a: Slowking|0 fnt\n|faint|p1a: Slowking\n|-damage|p2a: Lilligant|0 fnt|[from] item: Life Orb\n|faint|p2a: Lilligant\n|\n|win|berserkpower\n|raw|MimikyuTrainerAsh's rating: 1619 &rarr; <strong>1603</strong><br />(-16 for losing)\n|raw|berserkpower's rating: 1694 &rarr; <strong>1710</strong><br />(+16 for winning)\n|c|☆MimikyuTrainerAsh|wow\n|c|☆berserkpower|Sit\n|c|☆MimikyuTrainerAsh|LOL?\n|c|☆MimikyuTrainerAsh|you got lucky\n|c|☆MimikyuTrainerAsh|pipe down\n|l|☆MimikyuTrainerAsh\n|player|p1|\n", "inputlog": ">version ccdc32dd7cde25fd9e4bed64820e885f66e78a4e\n>start {\"formatid\":\"gen7randombattle\",\"seed\":\"sodium,e69f4f86481dfb1dee4a94db5646fe8c\",\"rated\":\"Rated battle\"}\n>player p1 {\"name\":\"MimikyuTrainerAsh\",\"avatar\":\"pokekid\",\"rating\":1619,\"seed\":\"sodium,19aeb2bf2dabd86734d9cab5e1962e8d\"}\n>player p2 {\"name\":\"berserkpower\",\"avatar\":\"lance\",\"rating\":1694,\"seed\":\"sodium,cbfde10be4d439f4017143bc87cebf54\"}\n>p1 move discharge\n>p2 move psychic\n>p1 move uturn\n>p2 move psychic\n>p1 switch 2\n>p1 move shiftgear\n>p2 move psychic\n>p1 move xscissor\n>p2 move psychic\n>p2 switch 6\n>p1 move ironhead\n>p2 move spore\n>p1 switch 2\n>p2 move stickyweb\n>p1 move roost\n>p2 switch 5\n>p1 move defog\n>p2 move calmmind\n>p1 move uturn\n>p2 move calmmind\n>p1 switch 3\n>p1 move fakeout\n>p2 move moonblast\n>p1 move darkestlariat\n>p2 move moonblast\n>p1 move darkestlariat\n>p2 move moonlight\n>p1 move darkestlariat\n>p2 move moonlight\n>p1 switch 4\n>p2 move moonlight\n>p1 move futuresight\n>p2 move moonblast\n>p1 move dragontail\n>p2 move calmmind\n>chat ☆MimikyuTrainerAsh|#nah\n>p1 switch 6\n>p2 switch 2\n>p1 move toxic\n>p2 move calmmind\n>chat ☆MimikyuTrainerAsh|bruh get the hell\n>p1 move shadowball\n>p2 move moonblast\n>p1 move shadowball\n>p2 switch 5\n>p1 switch 3\n>p2 move stickyweb\n>p1 move discharge\n>p2 switch 2\n>p1 move uturn\n>p2 move swordsdance\n>p1 switch 3\n>p1 move toxic\n>p2 move earthquake\n>p1 move shoreup\n>p2 move swordsdance\n>p1 move shoreup\n>p2 move headcharge\n>chat ☆MimikyuTrainerAsh|?\n>p1 move shoreup\n>p2 move earthquake\n>chat ☆MimikyuTrainerAsh|SIX SEVENNN\n>p1 move shoreup\n>p2 switch 2\n>p1 switch 3\n>p2 move spikes\n>p1 move defog\n>p2 move spikes\n>p1 move discharge\n>p2 switch 5\n>p1 move uturn\n>p2 move moonlight\n>p1 switch 3\n>p1 move earthpower\n>p2 move moonlight\n>p1 move shadowball\n>p2 switch 5\n>p1 switch 3\n>p2 move stickyweb\n>p1 move defog\n>p2 move stickyweb\n>p1 move defog\n>p2 move stickyweb\n>p1 move defog\n>p2 move stickyweb\n>p1 move discharge\n>p2 move stickyweb\n>p2 switch 3\n>chat ☆MimikyuTrainerAsh|spam that web now\n>p1 move discharge\n>p2 move quiverdance\n>p1 switch 3\n>p2 move fireblast zmove\n>p1 switch 6\n>p1 move dragontail\n>p2 move gigadrain\n>p1 move futuresight\n>p2 switch 4\n>p1 move dragontail\n>p2 move roost\n>p1 switch 3\n>p2 switch 5\n>p1 move defog\n>p2 switch 4\n>p1 move discharge\n>p2 move quiverdance\n>p1 move uturn\n>p2 move roost\n>p1 switch 3\n>p1 move futuresight\n>p2 move gigadrain\n>p1 move dragontail\n>p2 move gigadrain\n>p1 switch 4\n>p2 move headcharge\n>p2 switch 4\n>p1 move fakeout\n>p2 move moonblast\n>p1 move darkestlariat\n>p2 move moonblast\n>p1 move darkestlariat\n>p2 move moonblast\n>p2 switch 5\n>p1 move overheat\n>p2 move hiddenpower\n>p1 switch 5\n>p1 move toxic\n>p2 move quiverdance\n>p1 move toxic\n>p2 move petaldance\n>chat ☆MimikyuTrainerAsh|insane loss of lobbing \n>p1 switch 3\n>p1 move discharge\n>p2 move petaldance\n>p1 move uturn\n>p2 move quiverdance\n>p1 switch 2\n>p1 move xscissor\n>p2 move quiverdance\n>p1 move xscissor\n>p2 move hiddenpower\n>p1 switch 2\n>p1 move discharge\n>p2 move hiddenpower\n>p1 switch 4\n>p1 move scald\n>p2 move petaldance", "uploadtime": 1770401144, "views": 218, "formatid": "gen7randombattle", "rating": 1603, "private": 0, "password": null}