{"id": "gen7randombattle-2529657753", "format": "[Gen 7] Random Battle", "players": ["Shmirdaboo", "La.Hellhound"], "log": "|j|☆Shmirdaboo\n|j|‽La.Hellhound\n|t:|1769808679\n|gametype|singles\n|player|p1|Shmirdaboo|265|1658\n|player|p2|La.Hellhound|bruno|1720\n|gen|7\n|tier|[Gen 7] Random Battle\n|rated|\n|rule|Sleep Clause Mod: Limit one foe put to sleep\n|rule|HP Percentage Mod: HP is shown in percentages\n|rule|Illusion Level Mod: Illusion disguises the Pokémon's true level\n|\n|t:|1769808679\n|teamsize|p1|6\n|teamsize|p2|6\n|start\n|switch|p1a: Ariados|Ariados, L92, F|278/278\n|switch|p2a: Diggersby|Diggersby, L82, M|274/274\n|turn|1\n|inactive|Battle timer is ON: inactive players will automatically lose when time's up. (requested by La.Hellhound)\n|c|☆Shmirdaboo|glhf\n|\n|t:|1769808695\n|move|p2a: Diggersby|Return|p1a: Ariados\n|-damage|p1a: Ariados|68/278\n|move|p1a: Ariados|Sticky Web|p2a: Diggersby\n|-sidestart|p2: La.Hellhound|move: Sticky Web\n|\n|upkeep\n|turn|2\n|\n|t:|1769808706\n|move|p2a: Diggersby|Return|p1a: Ariados\n|-damage|p1a: Ariados|0 fnt\n|faint|p1a: Ariados\n|\n|upkeep\n|\n|t:|1769808709\n|switch|p1a: Braviary|Braviary, L83, M|302/302\n|turn|3\n|\n|t:|1769808717\n|move|p1a: Braviary|Bulk Up|p1a: Braviary\n|-boost|p1a: Braviary|atk|1\n|-boost|p1a: Braviary|def|1\n|move|p2a: Diggersby|Return|p1a: Braviary\n|-damage|p1a: Braviary|131/302\n|\n|-heal|p1a: Braviary|149/302|[from] item: Leftovers\n|upkeep\n|turn|4\n|\n|t:|1769808729\n|switch|p2a: Moltres|Moltres, L82|281/281\n|move|p1a: Braviary|Superpower|p2a: Moltres\n|-resisted|p2a: Moltres\n|-damage|p2a: Moltres|210/281\n|-unboost|p1a: Braviary|atk|1\n|-unboost|p1a: Braviary|def|1\n|-status|p1a: Braviary|brn|[from] ability: Flame Body|[of] p2a: Moltres\n|\n|-heal|p2a: Moltres|227/281|[from] item: Leftovers\n|-heal|p1a: Braviary|167/302 brn|[from] item: Leftovers\n|-damage|p1a: Braviary|149/302 brn|[from] brn\n|upkeep\n|turn|5\n|\n|t:|1769808741\n|move|p2a: Moltres|Fire Blast|p1a: Braviary\n|-damage|p1a: Braviary|5/302 brn\n|move|p1a: Braviary|Brave Bird|p2a: Moltres\n|-damage|p2a: Moltres|148/281\n|-damage|p1a: Braviary|0 fnt|[from] Recoil\n|faint|p1a: Braviary\n|\n|-heal|p2a: Moltres|165/281|[from] item: Leftovers\n|upkeep\n|\n|t:|1769808747\n|switch|p1a: Bastiodon|Bastiodon, L94, M|265/265\n|-item|p1a: Bastiodon|Air Balloon\n|turn|6\n|\n|t:|1769808758\n|switch|p2a: Shiftry|Shiftry, L90, M|308/308\n|-activate|p2a: Shiftry|move: Sticky Web\n|-unboost|p2a: Shiftry|spe|1\n|move|p1a: Bastiodon|Rock Blast|p2a: Shiftry\n|-damage|p2a: Shiftry|281/308\n|-damage|p2a: Shiftry|256/308\n|-damage|p2a: Shiftry|229/308\n|-hitcount|p2a: Shiftry|3\n|\n|upkeep\n|turn|7\n|\n|t:|1769808769\n|move|p2a: Shiftry|Defog|p1a: Bastiodon\n|-unboost|p1a: Bastiodon|evasion|1\n|-sideend|p2: La.Hellhound|Sticky Web|[from] move: Defog|[of] p2a: Shiftry\n|move|p1a: Bastiodon|Metal Burst||[still]\n|-fail|p1a: Bastiodon\n|\n|upkeep\n|turn|8\n|\n|t:|1769808776\n|switch|p2a: Machamp|Machamp, L84, M|288/288\n|move|p1a: Bastiodon|Toxic|p2a: Machamp\n|-status|p2a: Machamp|tox\n|\n|-damage|p2a: Machamp|270/288 tox|[from] psn\n|upkeep\n|turn|9\n|\n|t:|1769808791\n|move|p2a: Machamp|Dynamic Punch|p1a: Bastiodon\n|-supereffective|p1a: Bastiodon\n|-ability|p1a: Bastiodon|Sturdy\n|-damage|p1a: Bastiodon|1/265\n|-start|p1a: Bastiodon|confusion\n|-enditem|p1a: Bastiodon|Air Balloon\n|-activate|p1a: Bastiodon|confusion\n|-damage|p1a: Bastiodon|0 fnt|[from] confusion\n|faint|p1a: Bastiodon\n|\n|-damage|p2a: Machamp|234/288 tox|[from] psn\n|upkeep\n|\n|t:|1769808793\n|switch|p1a: Oricorio|Oricorio-Pa'u, L91, M|284/284\n|turn|10\n|\n|t:|1769808817\n|switch|p2a: Drapion|Drapion, L83, M|252/252\n|move|p1a: Oricorio|Hurricane|p2a: Drapion\n|-damage|p2a: Drapion|86/252\n|\n|-heal|p2a: Drapion|101/252|[from] item: Black Sludge\n|upkeep\n|turn|11\n|\n|t:|1769808837\n|switch|p1a: Pyukumuku|Pyukumuku, L92, M|251/251\n|move|p2a: Drapion|Knock Off|p1a: Pyukumuku\n|-damage|p1a: Pyukumuku|185/251\n|-enditem|p1a: Pyukumuku|Leftovers|[from] move: Knock Off|[of] p2a: Drapion\n|\n|-heal|p2a: Drapion|116/252|[from] item: Black Sludge\n|upkeep\n|turn|12\n|\n|t:|1769808850\n|move|p1a: Pyukumuku|Block|p2a: Drapion\n|-activate|p2a: Drapion|trapped\n|move|p2a: Drapion|Whirlwind|p1a: Pyukumuku\n|drag|p1a: Druddigon|Druddigon, L86, M|273/273\n|\n|-heal|p2a: Drapion|131/252|[from] item: Black Sludge\n|upkeep\n|turn|13\n|\n|t:|1769808857\n|switch|p2a: Moltres|Moltres, L82|165/281\n|move|p1a: Druddigon|Glare|p2a: Moltres\n|-status|p2a: Moltres|par\n|\n|-heal|p2a: Moltres|182/281 par|[from] item: Leftovers\n|upkeep\n|turn|14\n|\n|t:|1769808868\n|move|p1a: Druddigon|Outrage|p2a: Moltres\n|-damage|p2a: Moltres|0 fnt\n|faint|p2a: Moltres\n|-damage|p1a: Druddigon|246/273|[from] item: Life Orb\n|\n|upkeep\n|inactive|La.Hellhound has 120 seconds left.\n|\n|t:|1769808906\n|switch|p2a: Machamp|Machamp, L84, M|234/288 tox\n|turn|15\n|\n|t:|1769808913\n|move|p2a: Machamp|Dynamic Punch|p1a: Druddigon\n|-damage|p1a: Druddigon|47/273\n|-start|p1a: Druddigon|confusion\n|-activate|p1a: Druddigon|confusion\n|move|p1a: Druddigon|Outrage|p2a: Machamp|[from] lockedmove\n|-damage|p2a: Machamp|0 fnt\n|faint|p2a: Machamp\n|-damage|p1a: Druddigon|20/273|[from] item: Life Orb\n|\n|upkeep\n|\n|t:|1769808929\n|switch|p2a: Diggersby|Diggersby, L82, M|274/274\n|turn|16\n|\n|t:|1769808933\n|move|p2a: Diggersby|U-turn|p1a: Druddigon\n|-damage|p1a: Druddigon|0 fnt\n|faint|p1a: Druddigon\n|\n|t:|1769808945\n|switch|p2a: Drapion|Drapion, L83, M|131/252|[from] U-turn\n|\n|-heal|p2a: Drapion|146/252|[from] item: Black Sludge\n|upkeep\n|\n|t:|1769808949\n|switch|p1a: Oricorio|Oricorio-Pa'u, L91, M|284/284\n|turn|17\n|\n|t:|1769808953\n|move|p1a: Oricorio|Hurricane|p2a: Drapion|[miss]\n|-miss|p1a: Oricorio|p2a: Drapion\n|move|p2a: Drapion|Knock Off|p1a: Oricorio\n|-supereffective|p1a: Oricorio\n|-damage|p1a: Oricorio|90/284\n|-enditem|p1a: Oricorio|Leftovers|[from] move: Knock Off|[of] p2a: Drapion\n|\n|-heal|p2a: Drapion|161/252|[from] item: Black Sludge\n|upkeep\n|turn|18\n|\n|t:|1769808961\n|move|p1a: Oricorio|Hurricane|p2a: Drapion\n|-damage|p2a: Drapion|16/252\n|-start|p2a: Drapion|confusion\n|-activate|p2a: Drapion|confusion\n|-damage|p2a: Drapion|0 fnt|[from] confusion\n|faint|p2a: Drapion\n|\n|upkeep\n|\n|t:|1769808973\n|switch|p2a: Diggersby|Diggersby, L82, M|274/274\n|turn|19\n|inactive|Shmirdaboo has 120 seconds left.\n|\n|t:|1769809006\n|move|p1a: Oricorio|Revelation Dance|p2a: Diggersby\n|-damage|p2a: Diggersby|157/274\n|move|p2a: Diggersby|U-turn|p1a: Oricorio\n|-damage|p1a: Oricorio|0 fnt\n|faint|p1a: Oricorio\n|-message|Shmirdaboo forfeited.\n|\n|win|La.Hellhound\n|raw|Shmirdaboo's rating: 1658 &rarr; <strong>1642</strong><br />(-16 for losing)\n|raw|La.Hellhound's rating: 1720 &rarr; <strong>1736</strong><br />(+16 for winning)\n|l|☆Shmirdaboo\n|player|p1|\n", "inputlog": ">version b99ff0165a6231f17e8b78c2a78d1998375de664\n>start {\"formatid\":\"gen7randombattle\",\"seed\":\"sodium,1729d33f505316b66d6e8bdf01ca674a\",\"rated\":\"Rated battle\"}\n>player p1 {\"name\":\"Shmirdaboo\",\"avatar\":\"265\",\"rating\":1658,\"seed\":\"sodium,578a792269eccc230772c0b5bb9fc8ce\"}\n>player p2 {\"name\":\"La.Hellhound\",\"avatar\":\"bruno\",\"rating\":1720,\"seed\":\"sodium,555b4f36b6a792a59cb610bf0f7a8ca2\"}\n>chat ☆Shmirdaboo|glhf\n>p1 move stickyweb\n>p2 move return\n>p1 move megahorn\n>p2 move return\n>p1 switch 5\n>p1 move bulkup\n>p2 move return\n>p1 move superpower\n>p2 switch 6\n>p1 move bravebird\n>p2 move fireblast\n>p1 switch 3\n>p1 move rockblast\n>p2 switch 5\n>p1 move metalburst\n>p2 move defog\n>p1 move toxic\n>p2 switch 4\n>p1 move metalburst\n>p2 move dynamicpunch\n>p1 switch 6\n>p1 move hurricane\n>p2 switch 2\n>p1 switch 2\n>p2 move knockoff\n>p1 move block\n>p2 move whirlwind\n>p1 move glare\n>p2 switch 5\n>p1 move outrage\n>p2 move hurricane\n>p2 switch 2\n>p1 move outrage\n>p2 move dynamicpunch\n>p2 switch 6\n>p1 move outrage\n>p2 move uturn\n>p2 switch 5\n>p1 switch 2\n>p1 move hurricane\n>p2 move knockoff\n>p1 move hurricane\n>p2 move poisonjab\n>p2 switch 5\n>p1 move revelationdance\n>p2 move uturn\n>forcelose p1", "uploadtime": 1769809014, "views": 190, "formatid": "gen7randombattle", "rating": 1642, "private": 0, "password": null}