{"id": "gen7randombattle-2531464643", "format": "[Gen 7] Random Battle", "players": ["Sahil_gamer1", "Kraniium"], "log": "|j|☆Sahil_gamer1\n|j|☆Kraniium\n|t:|1770060046\n|gametype|singles\n|player|p1|Sahil_gamer1|n|1536\n|player|p2|Kraniium|steven|1493\n|gen|7\n|tier|[Gen 7] Random Battle\n|rated|\n|rule|Sleep Clause Mod: Limit one foe put to sleep\n|rule|HP Percentage Mod: HP is shown in percentages\n|rule|Illusion Level Mod: Illusion disguises the Pokémon's true level\n|\n|t:|1770060046\n|teamsize|p1|6\n|teamsize|p2|6\n|start\n|switch|p1a: Poliwrath|Poliwrath, L91, F|312/312\n|switch|p2a: Cryogonal|Cryogonal, L87|281/281\n|turn|1\n|inactive|Battle timer is ON: inactive players will automatically lose when time's up. (requested by Kraniium)\n|inactive|Sahil_gamer1 also wants the timer to be on.\n|\n|t:|1770060055\n|move|p2a: Cryogonal|Freeze-Dry|p1a: Poliwrath\n|-supereffective|p1a: Poliwrath\n|-damage|p1a: Poliwrath|172/312\n|move|p1a: Poliwrath|Rest|p1a: Poliwrath\n|-status|p1a: Poliwrath|slp|[from] move: Rest\n|-heal|p1a: Poliwrath|312/312 slp|[silent]\n|\n|upkeep\n|turn|2\n|l|☆Sahil_gamer1\n|inactive|Sahil_gamer1 disconnected and has a minute to reconnect!\n|player|p1|\n|j|☆Sahil_gamer1\n|inactive|Sahil_gamer1 reconnected and has 115 seconds left.\n|player|p1|Sahil_gamer1|n|\n|\n|t:|1770060096\n|move|p2a: Cryogonal|Freeze-Dry|p1a: Poliwrath\n|-supereffective|p1a: Poliwrath\n|-damage|p1a: Poliwrath|166/312 slp\n|cant|p1a: Poliwrath|slp\n|move|p1a: Poliwrath|Sleep Talk|p1a: Poliwrath\n|move|p1a: Poliwrath|Rest||[from] move: Sleep Talk|[still]\n|-fail|p1a: Poliwrath\n|\n|-heal|p1a: Poliwrath|185/312 slp|[from] item: Leftovers\n|upkeep\n|turn|3\n|\n|t:|1770060109\n|switch|p1a: Entei|Entei, L78|307/307\n|move|p2a: Cryogonal|Freeze-Dry|p1a: Entei\n|-resisted|p1a: Entei\n|-damage|p1a: Entei|265/307\n|\n|upkeep\n|turn|4\n|\n|t:|1770060113\n|switch|p2a: Toxapex|Toxapex, L80, F|211/211\n|move|p1a: Entei|Flare Blitz|p2a: Toxapex\n|-resisted|p2a: Toxapex\n|-damage|p2a: Toxapex|149/211\n|-damage|p1a: Entei|245/307|[from] Recoil\n|\n|-heal|p2a: Toxapex|162/211|[from] item: Black Sludge\n|upkeep\n|turn|5\n|inactive|Sahil_gamer1 has 120 seconds left.\n|\n|t:|1770060124\n|switch|p1a: Poliwrath|Poliwrath, L91, F|185/312 slp\n|switch|p2a: Cryogonal|Cryogonal, L87|281/281\n|\n|-heal|p1a: Poliwrath|204/312 slp|[from] item: Leftovers\n|upkeep\n|turn|6\n|\n|t:|1770060128\n|move|p2a: Cryogonal|Freeze-Dry|p1a: Poliwrath\n|-supereffective|p1a: Poliwrath\n|-damage|p1a: Poliwrath|76/312 slp\n|cant|p1a: Poliwrath|slp\n|move|p1a: Poliwrath|Sleep Talk|p1a: Poliwrath\n|move|p1a: Poliwrath|Scald|p2a: Cryogonal|[from] move: Sleep Talk\n|-damage|p2a: Cryogonal|227/281\n|-status|p2a: Cryogonal|brn\n|\n|-heal|p2a: Cryogonal|244/281 brn|[from] item: Leftovers\n|-heal|p1a: Poliwrath|95/312 slp|[from] item: Leftovers\n|-damage|p2a: Cryogonal|227/281 brn|[from] brn\n|upkeep\n|turn|7\n|\n|t:|1770060141\n|switch|p1a: Entei|Entei, L78|245/307\n|move|p2a: Cryogonal|Freeze-Dry|p1a: Entei\n|-resisted|p1a: Entei\n|-damage|p1a: Entei|201/307\n|\n|-heal|p2a: Cryogonal|244/281 brn|[from] item: Leftovers\n|-damage|p2a: Cryogonal|227/281 brn|[from] brn\n|upkeep\n|turn|8\n|\n|t:|1770060151\n|switch|p2a: Blastoise|Blastoise, L82, F|264/264\n|move|p1a: Entei|Stomping Tantrum|p2a: Blastoise\n|-damage|p2a: Blastoise|196/264\n|\n|upkeep\n|turn|9\n|\n|t:|1770060166\n|switch|p1a: Poliwrath|Poliwrath, L91, F|95/312 slp\n|detailschange|p2a: Blastoise|Blastoise-Mega, L82, F\n|-mega|p2a: Blastoise|Blastoise|Blastoisinite\n|move|p2a: Blastoise|Dark Pulse|p1a: Poliwrath\n|-resisted|p1a: Poliwrath\n|-damage|p1a: Poliwrath|49/312 slp\n|\n|-heal|p1a: Poliwrath|68/312 slp|[from] item: Leftovers\n|upkeep\n|turn|10\n|\n|t:|1770060175\n|switch|p2a: Toxapex|Toxapex, L80, F|211/211\n|-curestatus|p1a: Poliwrath|slp|[msg]\n|move|p1a: Poliwrath|Rest|p1a: Poliwrath\n|-status|p1a: Poliwrath|slp|[from] move: Rest\n|-heal|p1a: Poliwrath|312/312 slp|[silent]\n|\n|upkeep\n|turn|11\n|\n|t:|1770060180\n|switch|p2a: Cryogonal|Cryogonal, L87|227/281 brn\n|cant|p1a: Poliwrath|slp\n|move|p1a: Poliwrath|Sleep Talk|p1a: Poliwrath\n|move|p1a: Poliwrath|Scald|p2a: Cryogonal|[from] move: Sleep Talk\n|-damage|p2a: Cryogonal|167/281 brn\n|\n|-heal|p2a: Cryogonal|184/281 brn|[from] item: Leftovers\n|-damage|p2a: Cryogonal|167/281 brn|[from] brn\n|upkeep\n|turn|12\n|\n|t:|1770060189\n|move|p2a: Cryogonal|Recover|p2a: Cryogonal\n|-heal|p2a: Cryogonal|281/281 brn\n|cant|p1a: Poliwrath|slp\n|move|p1a: Poliwrath|Sleep Talk|p1a: Poliwrath\n|move|p1a: Poliwrath|Scald|p2a: Cryogonal|[from] move: Sleep Talk\n|-damage|p2a: Cryogonal|224/281 brn\n|\n|-heal|p2a: Cryogonal|241/281 brn|[from] item: Leftovers\n|-damage|p2a: Cryogonal|224/281 brn|[from] brn\n|upkeep\n|turn|13\n|\n|t:|1770060197\n|move|p2a: Cryogonal|Freeze-Dry|p1a: Poliwrath\n|-supereffective|p1a: Poliwrath\n|-damage|p1a: Poliwrath|184/312 slp\n|-curestatus|p1a: Poliwrath|slp|[msg]\n|move|p1a: Poliwrath|Circle Throw|p2a: Cryogonal|[miss]\n|-miss|p1a: Poliwrath|p2a: Cryogonal\n|\n|-heal|p2a: Cryogonal|241/281 brn|[from] item: Leftovers\n|-heal|p1a: Poliwrath|203/312|[from] item: Leftovers\n|-damage|p2a: Cryogonal|224/281 brn|[from] brn\n|upkeep\n|turn|14\n|\n|t:|1770060204\n|move|p2a: Cryogonal|Freeze-Dry|p1a: Poliwrath\n|-supereffective|p1a: Poliwrath\n|-damage|p1a: Poliwrath|59/312\n|move|p1a: Poliwrath|Circle Throw|p2a: Cryogonal\n|-supereffective|p2a: Cryogonal\n|-damage|p2a: Cryogonal|0 fnt\n|faint|p2a: Cryogonal\n|\n|-heal|p1a: Poliwrath|78/312|[from] item: Leftovers\n|upkeep\n|\n|t:|1770060218\n|switch|p2a: Scolipede|Scolipede, L80, F|227/227\n|turn|15\n|\n|t:|1770060228\n|move|p2a: Scolipede|Poison Jab|p1a: Poliwrath\n|-damage|p1a: Poliwrath|0 fnt\n|faint|p1a: Poliwrath\n|-damage|p2a: Scolipede|205/227|[from] item: Life Orb\n|\n|-ability|p2a: Scolipede|Speed Boost|boost\n|-boost|p2a: Scolipede|spe|1\n|upkeep\n|\n|t:|1770060248\n|switch|p1a: Porygon2|Porygon2, L82|274/274\n|-ability|p1a: Porygon2|Speed Boost|Trace|[from] ability: Trace|[of] p2a: Scolipede\n|turn|16\n|\n|t:|1770060254\n|move|p2a: Scolipede|Swords Dance|p2a: Scolipede\n|-boost|p2a: Scolipede|atk|2\n|move|p1a: Porygon2|Tri Attack|p2a: Scolipede\n|-damage|p2a: Scolipede|97/227\n|-status|p2a: Scolipede|brn\n|\n|-damage|p2a: Scolipede|83/227 brn|[from] brn\n|-ability|p2a: Scolipede|Speed Boost|boost\n|-boost|p2a: Scolipede|spe|1\n|-ability|p1a: Porygon2|Speed Boost|boost\n|-boost|p1a: Porygon2|spe|1\n|upkeep\n|turn|17\n|\n|t:|1770060262\n|move|p2a: Scolipede|Megahorn|p1a: Porygon2\n|-damage|p1a: Porygon2|165/274\n|-damage|p2a: Scolipede|61/227 brn|[from] item: Life Orb\n|move|p1a: Porygon2|Tri Attack|p2a: Scolipede\n|-damage|p2a: Scolipede|0 fnt\n|faint|p2a: Scolipede\n|\n|-ability|p1a: Porygon2|Speed Boost|boost\n|-boost|p1a: Porygon2|spe|1\n|upkeep\n|\n|t:|1770060268\n|switch|p2a: Toxapex|Toxapex, L80, F|211/211\n|turn|18\n|\n|t:|1770060272\n|move|p1a: Porygon2|Discharge|p2a: Toxapex\n|-supereffective|p2a: Toxapex\n|-damage|p2a: Toxapex|127/211\n|move|p2a: Toxapex|Toxic|p1a: Porygon2\n|-status|p1a: Porygon2|tox\n|\n|-heal|p2a: Toxapex|140/211|[from] item: Black Sludge\n|-damage|p1a: Porygon2|148/274 tox|[from] psn\n|-ability|p1a: Porygon2|Speed Boost|boost\n|-boost|p1a: Porygon2|spe|1\n|upkeep\n|turn|19\n|\n|t:|1770060277\n|move|p2a: Toxapex|Baneful Bunker|p2a: Toxapex\n|-singleturn|p2a: Toxapex|move: Protect\n|move|p1a: Porygon2|Discharge|p2a: Toxapex\n|-activate|p2a: Toxapex|move: Protect\n|\n|-heal|p2a: Toxapex|153/211|[from] item: Black Sludge\n|-damage|p1a: Porygon2|114/274 tox|[from] psn\n|-ability|p1a: Porygon2|Speed Boost|boost\n|-boost|p1a: Porygon2|spe|1\n|upkeep\n|turn|20\n|\n|t:|1770060281\n|move|p1a: Porygon2|Discharge|p2a: Toxapex\n|-supereffective|p2a: Toxapex\n|-damage|p2a: Toxapex|73/211\n|move|p2a: Toxapex|Recover|p2a: Toxapex\n|-heal|p2a: Toxapex|179/211\n|\n|-heal|p2a: Toxapex|192/211|[from] item: Black Sludge\n|-damage|p1a: Porygon2|63/274 tox|[from] psn\n|-ability|p1a: Porygon2|Speed Boost|boost\n|-boost|p1a: Porygon2|spe|1\n|upkeep\n|turn|21\n|\n|t:|1770060287\n|move|p1a: Porygon2|Recover|p1a: Porygon2\n|-heal|p1a: Porygon2|200/274 tox\n|move|p2a: Toxapex|Scald|p1a: Porygon2\n|-damage|p1a: Porygon2|167/274 tox\n|\n|-heal|p2a: Toxapex|205/211|[from] item: Black Sludge\n|-damage|p1a: Porygon2|99/274 tox|[from] psn\n|-ability|p1a: Porygon2|Speed Boost|boost\n|-boost|p1a: Porygon2|spe|1\n|upkeep\n|turn|22\n|\n|t:|1770060297\n|move|p2a: Toxapex|Baneful Bunker|p2a: Toxapex\n|-singleturn|p2a: Toxapex|move: Protect\n|move|p1a: Porygon2|Recover|p1a: Porygon2\n|-heal|p1a: Porygon2|236/274 tox\n|\n|-heal|p2a: Toxapex|211/211|[from] item: Black Sludge\n|-damage|p1a: Porygon2|151/274 tox|[from] psn\n|upkeep\n|turn|23\n|\n|t:|1770060302\n|switch|p1a: Entei|Entei, L78|201/307\n|move|p2a: Toxapex|Recover||[still]\n|-fail|p2a: Toxapex|heal\n|\n|upkeep\n|turn|24\n|\n|t:|1770060312\n|move|p1a: Entei|Stomping Tantrum|p2a: Toxapex\n|-supereffective|p2a: Toxapex\n|-damage|p2a: Toxapex|105/211\n|move|p2a: Toxapex|Scald|p1a: Entei\n|-supereffective|p1a: Entei\n|-damage|p1a: Entei|85/307\n|\n|-heal|p2a: Toxapex|118/211|[from] item: Black Sludge\n|upkeep\n|turn|25\n|\n|t:|1770060318\n|move|p2a: Toxapex|Baneful Bunker|p2a: Toxapex\n|-singleturn|p2a: Toxapex|move: Protect\n|move|p1a: Entei|Stomping Tantrum|p2a: Toxapex\n|-activate|p2a: Toxapex|move: Protect\n|-status|p1a: Entei|psn\n|\n|-heal|p2a: Toxapex|131/211|[from] item: Black Sludge\n|-damage|p1a: Entei|47/307 psn|[from] psn\n|upkeep\n|turn|26\n|\n|t:|1770060328\n|switch|p2a: Blastoise|Blastoise-Mega, L82, F|196/264\n|move|p1a: Entei|Stomping Tantrum|p2a: Blastoise\n|-damage|p2a: Blastoise|136/264\n|\n|-damage|p1a: Entei|9/307 psn|[from] psn\n|upkeep\n|turn|27\n|\n|t:|1770060333\n|switch|p2a: Toxapex|Toxapex, L80, F|201/211\n|move|p1a: Entei|Stomping Tantrum|p2a: Toxapex\n|-supereffective|p2a: Toxapex\n|-damage|p2a: Toxapex|99/211\n|\n|-heal|p2a: Toxapex|112/211|[from] item: Black Sludge\n|-damage|p1a: Entei|0 fnt|[from] psn\n|faint|p1a: Entei\n|upkeep\n|\n|t:|1770060343\n|switch|p1a: Porygon2|Porygon2, L82|151/274 tox\n|-ability|p1a: Porygon2|Regenerator|Trace|[from] ability: Trace|[of] p2a: Toxapex\n|turn|28\n|\n|t:|1770060364\n|move|p1a: Porygon2|Recover|p1a: Porygon2\n|-heal|p1a: Porygon2|274/274 tox\n|move|p2a: Toxapex|Recover|p2a: Toxapex\n|-heal|p2a: Toxapex|211/211\n|\n|-damage|p1a: Porygon2|257/274 tox|[from] psn\n|upkeep\n|turn|29\n|\n|t:|1770060371\n|switch|p1a: Eelektross|Eelektross, L88, F|293/293\n|move|p2a: Toxapex|Scald|p1a: Eelektross\n|-damage|p1a: Eelektross|256/293\n|-status|p1a: Eelektross|brn\n|\n|-damage|p1a: Eelektross|238/293 brn|[from] brn\n|upkeep\n|turn|30\n|\n|t:|1770060382\n|switch|p2a: Zekrom|Zekrom, L74|270/270\n|-ability|p2a: Zekrom|Teravolt\n|move|p1a: Eelektross|Knock Off|p2a: Zekrom\n|-damage|p2a: Zekrom|231/270\n|-enditem|p2a: Zekrom|Assault Vest|[from] move: Knock Off|[of] p1a: Eelektross\n|\n|-damage|p1a: Eelektross|220/293 brn|[from] brn\n|upkeep\n|turn|31\n|\n|t:|1770060392\n|move|p2a: Zekrom|Volt Switch|p1a: Eelektross\n|-resisted|p1a: Eelektross\n|-damage|p1a: Eelektross|195/293 brn\n|\n|t:|1770060398\n|switch|p2a: Toxapex|Toxapex, L80, F|211/211|[from] Volt Switch\n|move|p1a: Eelektross|U-turn|p2a: Toxapex\n|-resisted|p2a: Toxapex\n|-damage|p2a: Toxapex|200/211\n|\n|t:|1770060407\n|switch|p1a: Porygon2|Porygon2, L82|274/274 tox|[from] U-turn\n|-ability|p1a: Porygon2|Regenerator|Trace|[from] ability: Trace|[of] p2a: Toxapex\n|\n|-heal|p2a: Toxapex|211/211|[from] item: Black Sludge\n|-damage|p1a: Porygon2|257/274 tox|[from] psn\n|upkeep\n|turn|32\n|\n|t:|1770060416\n|move|p1a: Porygon2|Discharge|p2a: Toxapex\n|-supereffective|p2a: Toxapex\n|-damage|p2a: Toxapex|129/211\n|move|p2a: Toxapex|Scald|p1a: Porygon2\n|-damage|p1a: Porygon2|221/274 tox\n|\n|-heal|p2a: Toxapex|142/211|[from] item: Black Sludge\n|-damage|p1a: Porygon2|187/274 tox|[from] psn\n|upkeep\n|turn|33\n|\n|t:|1770060423\n|move|p1a: Porygon2|Discharge|p2a: Toxapex\n|-supereffective|p2a: Toxapex\n|-damage|p2a: Toxapex|54/211\n|move|p2a: Toxapex|Recover|p2a: Toxapex\n|-heal|p2a: Toxapex|160/211\n|\n|-heal|p2a: Toxapex|173/211|[from] item: Black Sludge\n|-damage|p1a: Porygon2|136/274 tox|[from] psn\n|upkeep\n|turn|34\n|\n|t:|1770060430\n|move|p1a: Porygon2|Recover|p1a: Porygon2\n|-heal|p1a: Porygon2|273/274 tox\n|move|p2a: Toxapex|Scald|p1a: Porygon2\n|-damage|p1a: Porygon2|240/274 tox\n|\n|-heal|p2a: Toxapex|186/211|[from] item: Black Sludge\n|-damage|p1a: Porygon2|172/274 tox|[from] psn\n|upkeep\n|turn|35\n|\n|t:|1770060438\n|switch|p1a: Eelektross|Eelektross, L88, F|195/293 brn\n|move|p2a: Toxapex|Baneful Bunker||[still]\n|-fail|p2a: Toxapex\n|\n|-heal|p2a: Toxapex|199/211|[from] item: Black Sludge\n|-damage|p1a: Eelektross|177/293 brn|[from] brn\n|upkeep\n|turn|36\n|\n|t:|1770060447\n|move|p1a: Eelektross|Discharge|p2a: Toxapex\n|-supereffective|p2a: Toxapex\n|-damage|p2a: Toxapex|55/211\n|move|p2a: Toxapex|Scald|p1a: Eelektross\n|-damage|p1a: Eelektross|144/293 brn\n|\n|-heal|p2a: Toxapex|68/211|[from] item: Black Sludge\n|-damage|p1a: Eelektross|126/293 brn|[from] brn\n|upkeep\n|turn|37\n|\n|t:|1770060455\n|move|p2a: Toxapex|Baneful Bunker|p2a: Toxapex\n|-singleturn|p2a: Toxapex|move: Protect\n|move|p1a: Eelektross|Discharge|p2a: Toxapex\n|-activate|p2a: Toxapex|move: Protect\n|\n|-heal|p2a: Toxapex|81/211|[from] item: Black Sludge\n|-damage|p1a: Eelektross|108/293 brn|[from] brn\n|upkeep\n|turn|38\n|\n|t:|1770060459\n|switch|p2a: Zekrom|Zekrom, L74|231/270\n|-ability|p2a: Zekrom|Teravolt\n|move|p1a: Eelektross|Discharge|p2a: Zekrom\n|-resisted|p2a: Zekrom\n|-damage|p2a: Zekrom|207/270\n|\n|-damage|p1a: Eelektross|90/293 brn|[from] brn\n|upkeep\n|turn|39\n|\n|t:|1770060467\n|switch|p2a: Toxapex|Toxapex, L80, F|151/211\n|move|p1a: Eelektross|Flamethrower|p2a: Toxapex\n|-resisted|p2a: Toxapex\n|-damage|p2a: Toxapex|125/211\n|\n|-heal|p2a: Toxapex|138/211|[from] item: Black Sludge\n|-damage|p1a: Eelektross|72/293 brn|[from] brn\n|upkeep\n|turn|40\n|\n|t:|1770060472\n|switch|p2a: Zekrom|Zekrom, L74|207/270\n|-ability|p2a: Zekrom|Teravolt\n|move|p1a: Eelektross|Discharge|p2a: Zekrom\n|-resisted|p2a: Zekrom\n|-damage|p2a: Zekrom|182/270\n|\n|-damage|p1a: Eelektross|54/293 brn|[from] brn\n|upkeep\n|turn|41\n|\n|t:|1770060484\n|switch|p1a: Porygon2|Porygon2, L82|263/274 tox\n|-ability|p1a: Porygon2|Teravolt|Trace|[from] ability: Trace|[of] p2a: Zekrom\n|-ability|p1a: Porygon2|Teravolt\n|move|p2a: Zekrom|Outrage|p1a: Porygon2\n|-damage|p1a: Porygon2|161/274 tox\n|\n|-damage|p1a: Porygon2|144/274 tox|[from] psn\n|upkeep\n|turn|42\n|\n|t:|1770060492\n|switch|p1a: Xerneas|Xerneas, L65|272/272\n|-ability|p1a: Xerneas|Fairy Aura\n|move|p2a: Zekrom|Outrage|p1a: Xerneas|[from] lockedmove\n|-immune|p1a: Xerneas\n|\n|upkeep\n|turn|43\n|\n|t:|1770060497\n|move|p2a: Zekrom|Volt Switch|p1a: Xerneas\n|-damage|p1a: Xerneas|196/272\n|\n|t:|1770060500\n|switch|p2a: Toxapex|Toxapex, L80, F|208/211|[from] Volt Switch\n|move|p1a: Xerneas|Geomancy||[still]\n|-prepare|p1a: Xerneas|Geomancy\n|-enditem|p1a: Xerneas|Power Herb\n|-anim|p1a: Xerneas|Geomancy|p1a: Xerneas\n|-boost|p1a: Xerneas|spa|2\n|-boost|p1a: Xerneas|spd|2\n|-boost|p1a: Xerneas|spe|2\n|\n|-heal|p2a: Toxapex|211/211|[from] item: Black Sludge\n|upkeep\n|turn|44\n|\n|t:|1770060508\n|move|p1a: Xerneas|Psyshock|p2a: Toxapex\n|-supereffective|p2a: Toxapex\n|-damage|p2a: Toxapex|83/211\n|move|p2a: Toxapex|Toxic|p1a: Xerneas\n|-status|p1a: Xerneas|tox\n|\n|-heal|p2a: Toxapex|96/211|[from] item: Black Sludge\n|-damage|p1a: Xerneas|179/272 tox|[from] psn\n|upkeep\n|turn|45\n|\n|t:|1770060514\n|move|p2a: Toxapex|Baneful Bunker|p2a: Toxapex\n|-singleturn|p2a: Toxapex|move: Protect\n|move|p1a: Xerneas|Psyshock|p2a: Toxapex\n|-activate|p2a: Toxapex|move: Protect\n|\n|-heal|p2a: Toxapex|109/211|[from] item: Black Sludge\n|-damage|p1a: Xerneas|145/272 tox|[from] psn\n|upkeep\n|turn|46\n|\n|t:|1770060519\n|switch|p2a: Blastoise|Blastoise-Mega, L82, F|136/264\n|move|p1a: Xerneas|Psyshock|p2a: Blastoise\n|-damage|p2a: Blastoise|69/264\n|\n|-damage|p1a: Xerneas|94/272 tox|[from] psn\n|upkeep\n|turn|47\n|\n|t:|1770060526\n|move|p1a: Xerneas|Moonblast|p2a: Blastoise\n|-damage|p2a: Blastoise|0 fnt\n|faint|p2a: Blastoise\n|detailschange|p2: Blastoise|Blastoise, L82, F|[silent]\n|\n|-damage|p1a: Xerneas|26/272 tox|[from] psn\n|upkeep\n|\n|t:|1770060528\n|switch|p2a: Toxapex|Toxapex, L80, F|179/211\n|turn|48\n|\n|t:|1770060532\n|switch|p1a: Eelektross|Eelektross, L88, F|54/293 brn\n|move|p2a: Toxapex|Baneful Bunker||[still]\n|-fail|p2a: Toxapex\n|\n|-heal|p2a: Toxapex|192/211|[from] item: Black Sludge\n|-damage|p1a: Eelektross|36/293 brn|[from] brn\n|upkeep\n|turn|49\n|\n|t:|1770060541\n|move|p2a: Toxapex|Baneful Bunker|p2a: Toxapex\n|-singleturn|p2a: Toxapex|move: Protect\n|move|p1a: Eelektross|Knock Off|p2a: Toxapex\n|-activate|p2a: Toxapex|move: Protect\n|\n|-heal|p2a: Toxapex|205/211|[from] item: Black Sludge\n|-damage|p1a: Eelektross|18/293 brn|[from] brn\n|upkeep\n|turn|50\n|\n|t:|1770060546\n|switch|p2a: Zekrom|Zekrom, L74|182/270\n|-ability|p2a: Zekrom|Teravolt\n|move|p1a: Eelektross|Discharge|p2a: Zekrom\n|-resisted|p2a: Zekrom\n|-damage|p2a: Zekrom|156/270\n|\n|-damage|p1a: Eelektross|0 fnt|[from] brn\n|faint|p1a: Eelektross\n|upkeep\n|\n|t:|1770060557\n|switch|p1a: Porygon2|Porygon2, L82|144/274 tox\n|-ability|p1a: Porygon2|Teravolt|Trace|[from] ability: Trace|[of] p2a: Zekrom\n|-ability|p1a: Porygon2|Teravolt\n|turn|51\n|\n|t:|1770060561\n|move|p2a: Zekrom|Bolt Strike|p1a: Porygon2|[miss]\n|-miss|p2a: Zekrom|p1a: Porygon2\n|move|p1a: Porygon2|Ice Beam|p2a: Zekrom\n|-supereffective|p2a: Zekrom\n|-damage|p2a: Zekrom|30/270\n|\n|-damage|p1a: Porygon2|127/274 tox|[from] psn\n|upkeep\n|turn|52\n|\n|t:|1770060567\n|move|p2a: Zekrom|Volt Switch|p1a: Porygon2\n|-damage|p1a: Porygon2|82/274 tox\n|\n|t:|1770060570\n|switch|p2a: Toxapex|Toxapex, L80, F|211/211|[from] Volt Switch\n|move|p1a: Porygon2|Recover|p1a: Porygon2\n|-heal|p1a: Porygon2|219/274 tox\n|\n|-damage|p1a: Porygon2|185/274 tox|[from] psn\n|upkeep\n|turn|53\n|\n|t:|1770060575\n|switch|p1a: Xerneas|Xerneas, L65|26/272 tox\n|-ability|p1a: Xerneas|Fairy Aura\n|move|p2a: Toxapex|Scald|p1a: Xerneas\n|-damage|p1a: Xerneas|0 fnt\n|faint|p1a: Xerneas\n|\n|upkeep\n|\n|t:|1770060585\n|switch|p1a: Beautifly|Beautifly, L99, F|279/279\n|turn|54\n|\n|t:|1770060590\n|move|p1a: Beautifly|Quiver Dance|p1a: Beautifly\n|-boost|p1a: Beautifly|spa|1\n|-boost|p1a: Beautifly|spd|1\n|-boost|p1a: Beautifly|spe|1\n|move|p2a: Toxapex|Toxic|p1a: Beautifly\n|-status|p1a: Beautifly|tox\n|\n|-damage|p1a: Beautifly|262/279 tox|[from] psn\n|upkeep\n|turn|55\n|\n|t:|1770060595\n|move|p1a: Beautifly|Quiver Dance|p1a: Beautifly\n|-boost|p1a: Beautifly|spa|1\n|-boost|p1a: Beautifly|spd|1\n|-boost|p1a: Beautifly|spe|1\n|move|p2a: Toxapex|Scald|p1a: Beautifly\n|-damage|p1a: Beautifly|229/279 tox\n|\n|-damage|p1a: Beautifly|195/279 tox|[from] psn\n|upkeep\n|turn|56\n|\n|t:|1770060602\n|move|p2a: Toxapex|Baneful Bunker|p2a: Toxapex\n|-singleturn|p2a: Toxapex|move: Protect\n|move|p1a: Beautifly|Hidden Power|p2a: Toxapex\n|-activate|p2a: Toxapex|move: Protect\n|\n|-damage|p1a: Beautifly|144/279 tox|[from] psn\n|upkeep\n|turn|57\n|\n|t:|1770060610\n|move|p1a: Beautifly|Hidden Power|p2a: Toxapex\n|-supereffective|p2a: Toxapex\n|-damage|p2a: Toxapex|35/211\n|move|p2a: Toxapex|Recover|p2a: Toxapex\n|-heal|p2a: Toxapex|141/211\n|\n|-heal|p2a: Toxapex|154/211|[from] item: Black Sludge\n|-damage|p1a: Beautifly|76/279 tox|[from] psn\n|upkeep\n|turn|58\n|\n|t:|1770060616\n|move|p2a: Toxapex|Baneful Bunker|p2a: Toxapex\n|-singleturn|p2a: Toxapex|move: Protect\n|-zpower|p1a: Beautifly\n|move|p1a: Beautifly|Savage Spin-Out|p2a: Toxapex|[zeffect]\n|-resisted|p2a: Toxapex\n|-zbroken|p2a: Toxapex\n|-damage|p2a: Toxapex|86/211\n|\n|-heal|p2a: Toxapex|99/211|[from] item: Black Sludge\n|-damage|p1a: Beautifly|0 fnt|[from] psn\n|faint|p1a: Beautifly\n|upkeep\n|\n|t:|1770060625\n|switch|p1a: Porygon2|Porygon2, L82|185/274 tox\n|-ability|p1a: Porygon2|Regenerator|Trace|[from] ability: Trace|[of] p2a: Toxapex\n|turn|59\n|\n|t:|1770060629\n|switch|p2a: Zekrom|Zekrom, L74|30/270\n|-ability|p2a: Zekrom|Teravolt\n|move|p1a: Porygon2|Discharge|p2a: Zekrom\n|-resisted|p2a: Zekrom\n|-damage|p2a: Zekrom|17/270\n|\n|-damage|p1a: Porygon2|168/274 tox|[from] psn\n|upkeep\n|turn|60\n|\n|t:|1770060637\n|move|p2a: Zekrom|Outrage|p1a: Porygon2\n|-damage|p1a: Porygon2|68/274 tox\n|move|p1a: Porygon2|Ice Beam|p2a: Zekrom\n|-supereffective|p2a: Zekrom\n|-damage|p2a: Zekrom|0 fnt\n|faint|p2a: Zekrom\n|\n|-damage|p1a: Porygon2|34/274 tox|[from] psn\n|upkeep\n|\n|t:|1770060642\n|switch|p2a: Kyurem|Kyurem, L80|331/331\n|-ability|p2a: Kyurem|Pressure\n|turn|61\n|\n|t:|1770060649\n|move|p2a: Kyurem|Substitute|p2a: Kyurem\n|-start|p2a: Kyurem|Substitute\n|-damage|p2a: Kyurem|249/331\n|move|p1a: Porygon2|Recover|p1a: Porygon2\n|-heal|p1a: Porygon2|171/274 tox\n|\n|-heal|p2a: Kyurem|269/331|[from] item: Leftovers\n|-damage|p1a: Porygon2|120/274 tox|[from] psn\n|upkeep\n|turn|62\n|-message|Sahil_gamer1 forfeited.\n|\n|t:|1770060656\n|move|p2a: Kyurem|Ice Beam|p1a: Porygon2\n|-damage|p1a: Porygon2|48/274 tox\n|move|p1a: Porygon2|Recover|p1a: Porygon2\n|-heal|p1a: Porygon2|185/274 tox\n|\n|-heal|p2a: Kyurem|289/331|[from] item: Leftovers\n|-damage|p1a: Porygon2|117/274 tox|[from] psn\n|upkeep\n|turn|63\n|\n|win|Kraniium\n|raw|Sahil_gamer1's rating: 1536 &rarr; <strong>1514</strong><br />(-22 for losing)\n|raw|Kraniium's rating: 1493 &rarr; <strong>1515</strong><br />(+22 for winning)\n|l|☆Sahil_gamer1\n|player|p1|\n", "inputlog": ">version ccdc32dd7cde25fd9e4bed64820e885f66e78a4e\n>start {\"formatid\":\"gen7randombattle\",\"seed\":\"sodium,a0aea59ce171b361125730f8e3787bd7\",\"rated\":\"Rated battle\"}\n>player p1 {\"name\":\"Sahil_gamer1\",\"avatar\":\"n\",\"rating\":1536,\"seed\":\"sodium,4675258ecf6690723b583172f7695712\"}\n>player p2 {\"name\":\"Kraniium\",\"avatar\":\"steven\",\"rating\":1493,\"seed\":\"sodium,89fa012c16db3b1d4562902174d3e3c3\"}\n>p1 move rest\n>p2 move freezedry\n>p1 move sleeptalk\n>p2 move freezedry\n>p1 switch 5\n>p2 move freezedry\n>p1 move flareblitz\n>p2 switch 5\n>p1 switch 5\n>p2 switch 5\n>p1 move sleeptalk\n>p2 move freezedry\n>p1 switch 5\n>p2 move freezedry\n>p1 move stompingtantrum\n>p2 switch 4\n>p1 switch 5\n>p2 move darkpulse mega\n>p1 move rest\n>p2 switch 5\n>p1 move sleeptalk\n>p2 switch 4\n>p1 move sleeptalk\n>p2 move recover\n>p1 move circlethrow\n>p2 move freezedry\n>p1 move circlethrow\n>p2 move freezedry\n>p2 switch 6\n>p1 move rest\n>p2 move poisonjab\n>p1 switch 4\n>p1 move triattack\n>p2 move swordsdance\n>p1 move triattack\n>p2 move megahorn\n>p2 switch 4\n>p1 move discharge\n>p2 move toxic\n>p1 move discharge\n>p2 move banefulbunker\n>p1 move discharge\n>p2 move recover\n>p1 move recover\n>p2 move scald\n>p1 move recover\n>p2 move banefulbunker\n>p1 switch 5\n>p2 move recover\n>p1 move stompingtantrum\n>p2 move scald\n>p1 move stompingtantrum\n>p2 move banefulbunker\n>p1 move stompingtantrum\n>p2 switch 5\n>p1 move stompingtantrum\n>p2 switch 5\n>p1 switch 5\n>p1 move recover\n>p2 move recover\n>p1 switch 3\n>p2 move scald\n>p1 move knockoff\n>p2 switch 3\n>p1 move uturn\n>p2 move voltswitch\n>p2 switch 3\n>p1 switch 3\n>p1 move discharge\n>p2 move scald\n>p1 move discharge\n>p2 move recover\n>p1 move recover\n>p2 move scald\n>p1 switch 3\n>p2 move banefulbunker\n>p1 move discharge\n>p2 move scald\n>p1 move discharge\n>p2 move banefulbunker\n>p1 move discharge\n>p2 switch 3\n>p1 move flamethrower\n>p2 switch 3\n>p1 move discharge\n>p2 switch 3\n>p1 switch 3\n>p2 move outrage\n>p1 switch 6\n>p2 move outrage\n>p1 move geomancy\n>p2 move voltswitch\n>p2 switch 3\n>p1 move psyshock\n>p2 move toxic\n>p1 move psyshock\n>p2 move banefulbunker\n>p1 move psyshock\n>p2 switch 5\n>p1 move moonblast\n>p2 move scald\n>p2 switch 5\n>p1 switch 3\n>p2 move banefulbunker\n>p1 move knockoff\n>p2 move banefulbunker\n>p1 move discharge\n>p2 switch 3\n>p1 switch 6\n>p1 move icebeam\n>p2 move boltstrike\n>p1 move recover\n>p2 move voltswitch\n>p2 switch 3\n>p1 switch 3\n>p2 move scald\n>p1 switch 2\n>p1 move quiverdance\n>p2 move toxic\n>p1 move quiverdance\n>p2 move scald\n>p1 move hiddenpower\n>p2 move banefulbunker\n>p1 move hiddenpower\n>p2 move recover\n>p1 move bugbuzz zmove\n>p2 move banefulbunker\n>p1 switch 3\n>p1 move discharge\n>p2 switch 3\n>p1 move icebeam\n>p2 move outrage\n>p2 switch 2\n>p1 move recover\n>p2 move substitute\n>p1 move recover\n>p2 move icebeam\n>forcelose p1", "uploadtime": 1770060692, "views": 165, "formatid": "gen7randombattle", "rating": 1514, "private": 0, "password": null}