{"id": "gen7randombattle-2528200429", "format": "[Gen 7] Random Battle", "players": ["Burliojs", "areszerker"], "log": "|j|☆Burliojs\n|j|☆areszerker\n|t:|1769629418\n|gametype|singles\n|player|p1|Burliojs|1|1574\n|player|p2|areszerker|lance|1717\n|gen|7\n|tier|[Gen 7] Random Battle\n|rated|\n|rule|Sleep Clause Mod: Limit one foe put to sleep\n|rule|HP Percentage Mod: HP is shown in percentages\n|rule|Illusion Level Mod: Illusion disguises the Pokémon's true level\n|\n|t:|1769629418\n|teamsize|p1|6\n|teamsize|p2|6\n|start\n|switch|p1a: Shuckle|Shuckle, L86, F|175/175\n|switch|p2a: Meowstic|Meowstic-F, L91, F|283/283\n|turn|1\n|inactive|Battle timer is ON: inactive players will automatically lose when time's up. (requested by areszerker)\n|\n|t:|1769629454\n|switch|p2a: Gothitelle|Gothitelle, L91, F|275/275\n|move|p1a: Shuckle|Sticky Web|p2a: Gothitelle\n|-sidestart|p2: areszerker|move: Sticky Web\n|\n|upkeep\n|turn|2\n|\n|t:|1769629461\n|move|p2a: Gothitelle|Psychic|p1a: Shuckle\n|-damage|p1a: Shuckle|99/175\n|move|p1a: Shuckle|Stealth Rock|p2a: Gothitelle\n|-sidestart|p2: areszerker|move: Stealth Rock\n|\n|upkeep\n|turn|3\n|\n|t:|1769629467\n|move|p2a: Gothitelle|Psychic|p1a: Shuckle\n|-damage|p1a: Shuckle|29/175\n|move|p1a: Shuckle|Knock Off|p2a: Gothitelle\n|-supereffective|p2a: Gothitelle\n|-damage|p2a: Gothitelle|231/275\n|-enditem|p2a: Gothitelle|Choice Specs|[from] move: Knock Off|[of] p1a: Shuckle\n|\n|upkeep\n|turn|4\n|\n|t:|1769629471\n|move|p2a: Gothitelle|Psychic|p1a: Shuckle\n|-damage|p1a: Shuckle|0 fnt\n|faint|p1a: Shuckle\n|\n|upkeep\n|\n|t:|1769629481\n|switch|p1a: Parasect|Parasect, L99, F|279/279\n|turn|5\n|\n|t:|1769629483\n|move|p2a: Gothitelle|Signal Beam|p1a: Parasect\n|-supereffective|p1a: Parasect\n|-damage|p1a: Parasect|169/279\n|move|p1a: Parasect|Spore|p2a: Gothitelle\n|-status|p2a: Gothitelle|slp|[from] move: Spore\n|\n|-heal|p1a: Parasect|186/279|[from] item: Leftovers\n|upkeep\n|turn|6\n|\n|t:|1769629487\n|switch|p2a: Illumise|Illumise, L92, F|269/269\n|-activate|p2a: Illumise|move: Sticky Web\n|-unboost|p2a: Illumise|spe|1\n|-damage|p2a: Illumise|202/269|[from] Stealth Rock\n|move|p1a: Parasect|Leech Life|p2a: Illumise\n|-damage|p2a: Illumise|87/269\n|-heal|p1a: Parasect|244/279|[from] drain|[of] p2a: Illumise\n|\n|-heal|p2a: Illumise|103/269|[from] item: Leftovers\n|-heal|p1a: Parasect|261/279|[from] item: Leftovers\n|upkeep\n|turn|7\n|\n|t:|1769629498\n|move|p2a: Illumise|Roost|p2a: Illumise\n|-heal|p2a: Illumise|238/269\n|-singleturn|p2a: Illumise|move: Roost\n|move|p1a: Parasect|Leech Life|p2a: Illumise\n|-damage|p2a: Illumise|129/269\n|-heal|p1a: Parasect|279/279|[from] drain|[of] p2a: Illumise\n|\n|-heal|p2a: Illumise|145/269|[from] item: Leftovers\n|upkeep\n|turn|8\n|\n|t:|1769629501\n|move|p2a: Illumise|Bug Buzz|p1a: Parasect\n|-supereffective|p1a: Parasect\n|-damage|p1a: Parasect|103/279\n|move|p1a: Parasect|Leech Life|p2a: Illumise\n|-damage|p2a: Illumise|24/269\n|-heal|p1a: Parasect|164/279|[from] drain|[of] p2a: Illumise\n|\n|-heal|p2a: Illumise|40/269|[from] item: Leftovers\n|-heal|p1a: Parasect|181/279|[from] item: Leftovers\n|upkeep\n|turn|9\n|\n|t:|1769629505\n|move|p2a: Illumise|Bug Buzz|p1a: Parasect\n|-supereffective|p1a: Parasect\n|-damage|p1a: Parasect|19/279\n|move|p1a: Parasect|Leech Life|p2a: Illumise\n|-damage|p2a: Illumise|0 fnt\n|-heal|p1a: Parasect|39/279|[from] drain|[of] p2a: Illumise\n|faint|p2a: Illumise\n|\n|-heal|p1a: Parasect|56/279|[from] item: Leftovers\n|upkeep\n|\n|t:|1769629509\n|switch|p2a: Charizard|Charizard, L76, M|243/243\n|-damage|p2a: Charizard|122/243|[from] Stealth Rock\n|turn|10\n|\n|t:|1769629512\n|switch|p1a: Toxapex|Toxapex, L80, M|211/211\n|move|p2a: Charizard|Dragon Dance|p2a: Charizard\n|-boost|p2a: Charizard|atk|1\n|-boost|p2a: Charizard|spe|1\n|\n|upkeep\n|turn|11\n|\n|t:|1769629518\n|detailschange|p2a: Charizard|Charizard-Mega-X, L76, M\n|-mega|p2a: Charizard|Charizard|Charizardite X\n|move|p2a: Charizard|Roost|p2a: Charizard\n|-heal|p2a: Charizard|243/243\n|-singleturn|p2a: Charizard|move: Roost\n|move|p1a: Toxapex|Toxic|p2a: Charizard\n|-status|p2a: Charizard|tox\n|\n|-damage|p2a: Charizard|228/243 tox|[from] psn\n|upkeep\n|turn|12\n|\n|t:|1769629525\n|move|p2a: Charizard|Dragon Claw|p1a: Toxapex\n|-damage|p1a: Toxapex|85/211\n|move|p1a: Toxapex|Scald|p2a: Charizard\n|-damage|p2a: Charizard|168/243 tox\n|\n|-heal|p1a: Toxapex|98/211|[from] item: Black Sludge\n|-damage|p2a: Charizard|138/243 tox|[from] psn\n|upkeep\n|turn|13\n|\n|t:|1769629533\n|move|p1a: Toxapex|Baneful Bunker|p1a: Toxapex\n|-singleturn|p1a: Toxapex|move: Protect\n|move|p2a: Charizard|Dragon Claw|p1a: Toxapex\n|-activate|p1a: Toxapex|move: Protect\n|\n|-heal|p1a: Toxapex|111/211|[from] item: Black Sludge\n|-damage|p2a: Charizard|93/243 tox|[from] psn\n|upkeep\n|turn|14\n|\n|t:|1769629547\n|switch|p1a: Parasect|Parasect, L99, F|56/279\n|move|p2a: Charizard|Dragon Claw|p1a: Parasect\n|-damage|p1a: Parasect|0 fnt\n|faint|p1a: Parasect\n|\n|-damage|p2a: Charizard|33/243 tox|[from] psn\n|upkeep\n|\n|t:|1769629552\n|switch|p1a: Toxapex|Toxapex, L80, M|181/211\n|turn|15\n|\n|t:|1769629555\n|move|p2a: Charizard|Roost|p2a: Charizard\n|-heal|p2a: Charizard|155/243 tox\n|-singleturn|p2a: Charizard|move: Roost\n|move|p1a: Toxapex|Recover|p1a: Toxapex\n|-heal|p1a: Toxapex|211/211\n|\n|-damage|p2a: Charizard|80/243 tox|[from] psn\n|upkeep\n|turn|16\n|\n|t:|1769629559\n|move|p2a: Charizard|Roost|p2a: Charizard\n|-heal|p2a: Charizard|202/243 tox\n|-singleturn|p2a: Charizard|move: Roost\n|move|p1a: Toxapex|Scald|p2a: Charizard\n|-damage|p2a: Charizard|144/243 tox\n|\n|-damage|p2a: Charizard|54/243 tox|[from] psn\n|upkeep\n|turn|17\n|\n|t:|1769629568\n|move|p2a: Charizard|Dragon Claw|p1a: Toxapex\n|-damage|p1a: Toxapex|88/211\n|move|p1a: Toxapex|Scald|p2a: Charizard\n|-damage|p2a: Charizard|0 fnt\n|faint|p2a: Charizard\n|detailschange|p2: Charizard|Charizard, L76, M|[silent]\n|\n|-heal|p1a: Toxapex|101/211|[from] item: Black Sludge\n|upkeep\n|\n|t:|1769629571\n|switch|p2a: Simipour|Simipour, L88, M|275/275\n|-activate|p2a: Simipour|move: Sticky Web\n|-unboost|p2a: Simipour|spe|1\n|-damage|p2a: Simipour|241/275|[from] Stealth Rock\n|turn|18\n|\n|t:|1769629585\n|move|p2a: Simipour|Substitute|p2a: Simipour\n|-start|p2a: Simipour|Substitute\n|-damage|p2a: Simipour|173/275\n|move|p1a: Toxapex|Toxic||[still]\n|-fail|p1a: Toxapex\n|\n|-heal|p2a: Simipour|190/275|[from] item: Leftovers\n|-heal|p1a: Toxapex|114/211|[from] item: Black Sludge\n|upkeep\n|turn|19\n|\n|t:|1769629588\n|switch|p1a: Delcatty|Delcatty, L99, F|299/299\n|move|p2a: Simipour|Nasty Plot|p2a: Simipour\n|-boost|p2a: Simipour|spa|2\n|\n|-heal|p2a: Simipour|207/275|[from] item: Leftovers\n|upkeep\n|turn|20\n|\n|t:|1769629595\n|move|p1a: Delcatty|Double-Edge|p2a: Simipour\n|-end|p2a: Simipour|Substitute\n|-damage|p1a: Delcatty|277/299|[from] Recoil|[of] p2a: Simipour\n|-damage|p1a: Delcatty|248/299|[from] item: Life Orb\n|move|p2a: Simipour|Hydro Pump|p1a: Delcatty\n|-damage|p1a: Delcatty|0 fnt\n|faint|p1a: Delcatty\n|\n|-heal|p2a: Simipour|224/275|[from] item: Leftovers\n|upkeep\n|\n|t:|1769629601\n|switch|p1a: Gengar|Gengar, L77, F|219/219\n|turn|21\n|\n|t:|1769629608\n|detailschange|p1a: Gengar|Gengar-Mega, L77, F\n|-mega|p1a: Gengar|Gengar|Gengarite\n|move|p1a: Gengar|Substitute|p1a: Gengar\n|-start|p1a: Gengar|Substitute\n|-damage|p1a: Gengar|165/219\n|move|p2a: Simipour|Ice Beam|p1a: Gengar\n|-end|p1a: Gengar|Substitute\n|\n|-heal|p2a: Simipour|241/275|[from] item: Leftovers\n|upkeep\n|turn|22\n|\n|t:|1769629619\n|move|p1a: Gengar|Shadow Ball|p2a: Simipour\n|-damage|p2a: Simipour|109/275\n|move|p2a: Simipour|Hydro Pump|p1a: Gengar\n|-damage|p1a: Gengar|0 fnt\n|faint|p1a: Gengar\n|detailschange|p1: Gengar|Gengar, L77, F|[silent]\n|\n|-heal|p2a: Simipour|126/275|[from] item: Leftovers\n|upkeep\n|\n|t:|1769629621\n|switch|p1a: Gorebyss|Gorebyss, L85, F|231/231\n|turn|23\n|\n|t:|1769629628\n|move|p2a: Simipour|Ice Beam|p1a: Gorebyss\n|-resisted|p1a: Gorebyss\n|-damage|p1a: Gorebyss|159/231\n|move|p1a: Gorebyss|Shell Smash|p1a: Gorebyss\n|-unboost|p1a: Gorebyss|def|1\n|-unboost|p1a: Gorebyss|spd|1\n|-boost|p1a: Gorebyss|atk|2\n|-boost|p1a: Gorebyss|spa|2\n|-boost|p1a: Gorebyss|spe|2\n|-enditem|p1a: Gorebyss|White Herb\n|-clearnegativeboost|p1a: Gorebyss|[silent]\n|\n|-heal|p2a: Simipour|143/275|[from] item: Leftovers\n|upkeep\n|turn|24\n|\n|t:|1769629632\n|move|p1a: Gorebyss|Hidden Power|p2a: Simipour\n|-supereffective|p2a: Simipour\n|-damage|p2a: Simipour|0 fnt\n|faint|p2a: Simipour\n|\n|upkeep\n|\n|t:|1769629637\n|switch|p2a: Arceus|Arceus-Ice, L72|291/291\n|-activate|p2a: Arceus|move: Sticky Web\n|-unboost|p2a: Arceus|spe|1\n|-damage|p2a: Arceus|219/291|[from] Stealth Rock\n|turn|25\n|\n|t:|1769629641\n|move|p1a: Gorebyss|Hydro Pump|p2a: Arceus\n|-damage|p2a: Arceus|0 fnt\n|faint|p2a: Arceus\n|\n|upkeep\n|\n|t:|1769629644\n|switch|p2a: Meowstic|Meowstic-F, L91, F|283/283\n|-activate|p2a: Meowstic|move: Sticky Web\n|-unboost|p2a: Meowstic|spe|1\n|-ability|p2a: Meowstic|Competitive|boost\n|-boost|p2a: Meowstic|spa|2\n|-damage|p2a: Meowstic|248/283|[from] Stealth Rock\n|turn|26\n|\n|t:|1769629648\n|move|p1a: Gorebyss|Hydro Pump|p2a: Meowstic\n|-damage|p2a: Meowstic|2/283\n|move|p2a: Meowstic|Psyshock|p1a: Gorebyss\n|-damage|p1a: Gorebyss|0 fnt\n|faint|p1a: Gorebyss\n|-damage|p2a: Meowstic|0 fnt|[from] item: Life Orb\n|faint|p2a: Meowstic\n|\n|upkeep\n|\n|t:|1769629650\n|switch|p2a: Gothitelle|Gothitelle, L91, F|231/275 slp\n|switch|p1a: Toxapex|Toxapex, L80, M|184/211\n|-activate|p2a: Gothitelle|move: Sticky Web\n|-unboost|p2a: Gothitelle|spe|1\n|-damage|p2a: Gothitelle|197/275 slp|[from] Stealth Rock\n|turn|27\n|\n|t:|1769629653\n|cant|p2a: Gothitelle|slp\n|move|p1a: Toxapex|Scald|p2a: Gothitelle\n|-damage|p2a: Gothitelle|157/275 slp\n|\n|-heal|p1a: Toxapex|197/211|[from] item: Black Sludge\n|upkeep\n|turn|28\n|\n|t:|1769629655\n|-curestatus|p2a: Gothitelle|slp|[msg]\n|move|p2a: Gothitelle|Psychic|p1a: Toxapex\n|-supereffective|p1a: Toxapex\n|-damage|p1a: Toxapex|45/211\n|move|p1a: Toxapex|Scald|p2a: Gothitelle\n|-crit|p2a: Gothitelle\n|-damage|p2a: Gothitelle|99/275\n|\n|-heal|p1a: Toxapex|58/211|[from] item: Black Sludge\n|upkeep\n|turn|29\n|-message|Burliojs forfeited.\n|\n|win|areszerker\n|raw|Burliojs's rating: 1574 &rarr; <strong>1562</strong><br />(-12 for losing)\n|raw|areszerker's rating: 1717 &rarr; <strong>1729</strong><br />(+12 for winning)\n|l|☆Burliojs\n|player|p1|\n", "inputlog": ">version b99ff0165a6231f17e8b78c2a78d1998375de664\n>start {\"formatid\":\"gen7randombattle\",\"seed\":\"sodium,4e03ac409f743732391279d335f18860\",\"rated\":\"Rated battle\"}\n>player p1 {\"name\":\"Burliojs\",\"avatar\":\"1\",\"rating\":1574,\"seed\":\"sodium,3b6d987b4954ede37714719ef591b26a\"}\n>player p2 {\"name\":\"areszerker\",\"avatar\":\"lance\",\"rating\":1717,\"seed\":\"sodium,45a09d6645cca4717ba20968de6c01ba\"}\n>p1 move stickyweb\n>p2 switch 6\n>p1 move stealthrock\n>p2 move psychic\n>p1 move knockoff\n>p2 move psychic\n>p1 move encore\n>p2 move psychic\n>p1 switch 6\n>p1 move spore\n>p2 move signalbeam\n>p1 move leechlife\n>p2 switch 3\n>p1 move leechlife\n>p2 move roost\n>p1 move leechlife\n>p2 move bugbuzz\n>p1 move leechlife\n>p2 move bugbuzz\n>p2 switch 5\n>p1 switch 3\n>p2 move dragondance\n>p1 move toxic\n>p2 move roost mega\n>p1 move scald\n>p2 move dragonclaw\n>p1 move banefulbunker\n>p2 move dragonclaw\n>p1 switch 3\n>p2 move dragonclaw\n>p1 switch 3\n>p1 move recover\n>p2 move roost\n>p1 move scald\n>p2 move roost\n>p1 move scald\n>p2 move dragonclaw\n>p2 switch 2\n>p1 move toxic\n>p2 move substitute\n>p1 switch 2\n>p2 move nastyplot\n>p1 move doubleedge\n>p2 move hydropump\n>p1 switch 4\n>p1 move substitute mega\n>p2 move icebeam\n>p1 move shadowball\n>p2 move hydropump\n>p1 switch 5\n>p1 move shellsmash\n>p2 move icebeam\n>p1 move hiddenpower\n>p2 move hydropump\n>p2 switch 4\n>p1 move hydropump\n>p2 move recover\n>p2 switch 6\n>p1 move hydropump\n>p2 move psyshock\n>p1 switch 2\n>p2 switch 3\n>p1 move scald\n>p2 move psychic\n>p1 move scald\n>p2 move psychic\n>forcelose p1", "uploadtime": 1769629666, "views": 171, "formatid": "gen7randombattle", "rating": 1562, "private": 0, "password": null}