{"id": "gen7randombattle-2529148636", "format": "[Gen 7] Random Battle", "players": ["TheMobIsHigh", "Johnald714"], "log": "|j|☆TheMobIsHigh\n|j|☆Johnald714\n|t:|1769744131\n|gametype|singles\n|player|p1|TheMobIsHigh|thorton|1570\n|player|p2|Johnald714|266|1554\n|gen|7\n|tier|[Gen 7] Random Battle\n|rated|\n|rule|Sleep Clause Mod: Limit one foe put to sleep\n|rule|HP Percentage Mod: HP is shown in percentages\n|rule|Illusion Level Mod: Illusion disguises the Pokémon's true level\n|\n|t:|1769744131\n|teamsize|p1|6\n|teamsize|p2|6\n|start\n|switch|p1a: Toxapex|Toxapex, L80, F|211/211\n|switch|p2a: Arceus|Arceus-Fairy, L72|292/292\n|turn|1\n|\n|t:|1769744163\n|switch|p2a: Beheeyem|Beheeyem, L93, F|290/290\n|move|p1a: Toxapex|Toxic|p2a: Beheeyem\n|-status|p2a: Beheeyem|tox\n|\n|-damage|p2a: Beheeyem|272/290 tox|[from] psn\n|upkeep\n|turn|2\n|\n|t:|1769744176\n|switch|p1a: Sandslash|Sandslash, L90, F|281/281\n|move|p2a: Beheeyem|Psychic|p1a: Sandslash\n|-damage|p1a: Sandslash|0 fnt\n|faint|p1a: Sandslash\n|-damage|p2a: Beheeyem|243/290 tox|[from] item: Life Orb\n|\n|-damage|p2a: Beheeyem|207/290 tox|[from] psn\n|upkeep\n|\n|t:|1769744183\n|switch|p1a: Beedrill|Beedrill, L77, M|227/227\n|turn|3\n|\n|t:|1769744194\n|switch|p2a: Arceus|Arceus-Fairy, L72|292/292\n|detailschange|p1a: Beedrill|Beedrill-Mega, L77, M\n|-mega|p1a: Beedrill|Beedrill|Beedrillite\n|move|p1a: Beedrill|X-Scissor|p2a: Arceus\n|-resisted|p2a: Arceus\n|-damage|p2a: Arceus|234/292\n|\n|upkeep\n|turn|4\n|\n|t:|1769744223\n|switch|p2a: Omastar|Omastar, L84, F|254/254\n|move|p1a: Beedrill|Poison Jab|p2a: Omastar\n|-resisted|p2a: Omastar\n|-damage|p2a: Omastar|205/254\n|\n|upkeep\n|turn|5\n|\n|t:|1769744232\n|switch|p1a: Toxapex|Toxapex, L80, F|211/211\n|move|p2a: Omastar|Hydro Pump|p1a: Toxapex\n|-resisted|p1a: Toxapex\n|-damage|p1a: Toxapex|161/211\n|\n|-heal|p1a: Toxapex|174/211|[from] item: Black Sludge\n|upkeep\n|turn|6\n|\n|t:|1769744238\n|switch|p2a: Beheeyem|Beheeyem, L93, F|207/290 tox\n|move|p1a: Toxapex|Scald|p2a: Beheeyem\n|-damage|p2a: Beheeyem|161/290 tox\n|\n|-heal|p1a: Toxapex|187/211|[from] item: Black Sludge\n|-damage|p2a: Beheeyem|143/290 tox|[from] psn\n|upkeep\n|turn|7\n|\n|t:|1769744245\n|switch|p1a: Gourgeist|Gourgeist-Super, L89, F|296/296\n|-item|p2a: Beheeyem|Life Orb|[from] ability: Frisk|[of] p1a: Gourgeist\n|move|p2a: Beheeyem|Psychic|p1a: Gourgeist\n|-damage|p1a: Gourgeist|54/296\n|-damage|p2a: Beheeyem|114/290 tox|[from] item: Life Orb\n|\n|-damage|p2a: Beheeyem|78/290 tox|[from] psn\n|upkeep\n|turn|8\n|\n|t:|1769744256\n|switch|p2a: Staraptor|Staraptor, L80, M|267/267\n|move|p1a: Gourgeist|Synthesis|p1a: Gourgeist\n|-heal|p1a: Gourgeist|202/296\n|\n|upkeep\n|turn|9\n|\n|t:|1769744261\n|switch|p1a: Mudsdale|Mudsdale, L83, F|302/302\n|move|p2a: Staraptor|Brave Bird|p1a: Mudsdale\n|-damage|p1a: Mudsdale|85/302\n|-ability|p1a: Mudsdale|Stamina|boost\n|-boost|p1a: Mudsdale|def|1\n|-damage|p2a: Staraptor|195/267|[from] Recoil\n|\n|-heal|p1a: Mudsdale|103/302|[from] item: Leftovers\n|upkeep\n|turn|10\n|\n|t:|1769744263\n|move|p2a: Staraptor|Brave Bird|p1a: Mudsdale\n|-damage|p1a: Mudsdale|0 fnt\n|faint|p1a: Mudsdale\n|-damage|p2a: Staraptor|161/267|[from] Recoil\n|\n|upkeep\n|\n|t:|1769744271\n|switch|p1a: Beedrill|Beedrill-Mega, L77, M|227/227\n|turn|11\n|\n|t:|1769744280\n|switch|p2a: Omastar|Omastar, L84, F|205/254\n|move|p1a: Beedrill|Swords Dance|p1a: Beedrill\n|-boost|p1a: Beedrill|atk|2\n|\n|upkeep\n|turn|12\n|\n|t:|1769744288\n|move|p1a: Beedrill|X-Scissor|p2a: Omastar\n|-damage|p2a: Omastar|15/254\n|move|p2a: Omastar|Hydro Pump|p1a: Beedrill\n|-damage|p1a: Beedrill|67/227\n|\n|upkeep\n|turn|13\n|\n|t:|1769744295\n|move|p1a: Beedrill|X-Scissor|p2a: Omastar\n|-damage|p2a: Omastar|0 fnt\n|faint|p2a: Omastar\n|\n|upkeep\n|\n|t:|1769744302\n|switch|p2a: Staraptor|Staraptor, L80, M|161/267\n|turn|14\n|\n|t:|1769744307\n|switch|p1a: Gourgeist|Gourgeist-Super, L89, F|202/296\n|-item|p2a: Staraptor|Choice Band|[from] ability: Frisk|[of] p1a: Gourgeist\n|move|p2a: Staraptor|Quick Attack|p1a: Gourgeist\n|-immune|p1a: Gourgeist\n|\n|upkeep\n|turn|15\n|\n|t:|1769744313\n|switch|p2a: Zebstrika|Zebstrika, L88, F|275/275\n|switch|p1a: Beedrill|Beedrill-Mega, L77, M|67/227\n|\n|upkeep\n|turn|16\n|\n|t:|1769744319\n|switch|p1a: Emboar|Emboar, L85, F|326/326\n|move|p2a: Zebstrika|Volt Switch|p1a: Emboar\n|-damage|p1a: Emboar|245/326\n|\n|t:|1769744328\n|switch|p2a: Staraptor|Staraptor, L80, M|161/267|[from] Volt Switch\n|\n|upkeep\n|turn|17\n|\n|t:|1769744337\n|move|p1a: Emboar|Sucker Punch|p2a: Staraptor\n|-damage|p2a: Staraptor|82/267\n|move|p2a: Staraptor|Brave Bird|p1a: Emboar\n|-supereffective|p1a: Emboar\n|-damage|p1a: Emboar|0 fnt\n|faint|p1a: Emboar\n|-damage|p2a: Staraptor|1/267|[from] Recoil\n|\n|upkeep\n|\n|t:|1769744349\n|switch|p1a: Beedrill|Beedrill-Mega, L77, M|67/227\n|turn|18\n|\n|t:|1769744362\n|move|p1a: Beedrill|Poison Jab|p2a: Staraptor\n|-damage|p2a: Staraptor|0 fnt\n|faint|p2a: Staraptor\n|\n|upkeep\n|\n|t:|1769744370\n|switch|p2a: Zebstrika|Zebstrika, L88, F|275/275\n|turn|19\n|\n|t:|1769744374\n|switch|p1a: Gourgeist|Gourgeist-Super, L89, F|202/296\n|-item|p2a: Zebstrika|Choice Specs|[from] ability: Frisk|[of] p1a: Gourgeist\n|move|p2a: Zebstrika|Volt Switch|p1a: Gourgeist\n|-resisted|p1a: Gourgeist\n|-damage|p1a: Gourgeist|144/296\n|-message|TheMobIsHigh forfeited.\n|\n|win|Johnald714\n|raw|TheMobIsHigh's rating: 1570 &rarr; <strong>1549</strong><br />(-21 for losing)\n|raw|Johnald714's rating: 1554 &rarr; <strong>1575</strong><br />(+21 for winning)\n|l|☆TheMobIsHigh\n|player|p1|\n", "inputlog": ">version b99ff0165a6231f17e8b78c2a78d1998375de664\n>start {\"formatid\":\"gen7randombattle\",\"seed\":\"sodium,436467b663c0c256497c96ea1e56db33\",\"rated\":\"Rated battle\"}\n>player p1 {\"name\":\"TheMobIsHigh\",\"avatar\":\"thorton\",\"rating\":1570,\"seed\":\"sodium,1bc74f4df12a081a5662616bbcb2ddfb\"}\n>player p2 {\"name\":\"Johnald714\",\"avatar\":\"266\",\"rating\":1554,\"seed\":\"sodium,56230cedd6e8ee4fb030d55b92ba66af\"}\n>p1 move toxic\n>p2 switch 4\n>p1 switch 3\n>p2 move psychic\n>p1 switch 6\n>p1 move xscissor mega\n>p2 switch 4\n>p1 move poisonjab\n>p2 switch 2\n>p1 switch 3\n>p2 move hydropump\n>p1 move scald\n>p2 switch 4\n>p1 switch 5\n>p2 move psychic\n>p1 move synthesis\n>p2 switch 3\n>p1 switch 2\n>p2 move bravebird\n>p1 move stealthrock\n>p2 move bravebird\n>p1 switch 3\n>p1 move swordsdance\n>p2 switch 4\n>p1 move xscissor\n>p2 move hydropump\n>p1 move xscissor\n>p2 move hydropump\n>p2 switch 4\n>p1 switch 2\n>p2 move quickattack\n>p1 switch 2\n>p2 switch 6\n>p1 switch 4\n>p2 move voltswitch\n>p2 switch 6\n>p1 move suckerpunch\n>p2 move bravebird\n>p1 switch 4\n>p1 move poisonjab\n>p2 move bravebird\n>p2 switch 6\n>p1 switch 2\n>p2 move voltswitch\n>forcelose p1", "uploadtime": 1769744381, "views": 172, "formatid": "gen7randombattle", "rating": 1549, "private": 0, "password": null}