{"id": "gen7randombattle-2530968082", "format": "[Gen 7] Random Battle", "players": ["lugiaI1", "La.Hellhound"], "log": "|j|☆lugiaI1\n|j|‽La.Hellhound\n|t:|1769993477\n|gametype|singles\n|player|p1|lugiaI1|1|1581\n|player|p2|La.Hellhound|bruno|1545\n|gen|7\n|tier|[Gen 7] Random Battle\n|rated|\n|rule|Sleep Clause Mod: Limit one foe put to sleep\n|rule|HP Percentage Mod: HP is shown in percentages\n|rule|Illusion Level Mod: Illusion disguises the Pokémon's true level\n|\n|t:|1769993477\n|teamsize|p1|6\n|teamsize|p2|6\n|start\n|switch|p1a: Typhlosion|Typhlosion, L85, M|271/271\n|switch|p2a: Garbodor|Garbodor, L88, F|284/284\n|turn|1\n|inactive|Battle timer is ON: inactive players will automatically lose when time's up. (requested by La.Hellhound)\n|\n|t:|1769993498\n|move|p1a: Typhlosion|Eruption|p2a: Garbodor\n|-damage|p2a: Garbodor|5/284\n|move|p2a: Garbodor|Spikes|p1a: Typhlosion\n|-sidestart|p1: lugiaI1|Spikes\n|\n|-heal|p2a: Garbodor|22/284|[from] item: Black Sludge\n|upkeep\n|turn|2\n|\n|t:|1769993509\n|switch|p2a: Luvdisc|Luvdisc, M|248/248\n|move|p1a: Typhlosion|Eruption|p2a: Luvdisc\n|-resisted|p2a: Luvdisc\n|-damage|p2a: Luvdisc|107/248\n|\n|-heal|p2a: Luvdisc|122/248|[from] item: Leftovers\n|upkeep\n|turn|3\n|\n|t:|1769993524\n|switch|p1a: Drapion|Drapion, L83, M|252/252\n|-damage|p1a: Drapion|221/252|[from] Spikes\n|move|p2a: Luvdisc|Scald|p1a: Drapion\n|-damage|p1a: Drapion|146/252\n|\n|-heal|p2a: Luvdisc|137/248|[from] item: Leftovers\n|upkeep\n|turn|4\n|\n|t:|1769993535\n|move|p2a: Luvdisc|Protect|p2a: Luvdisc\n|-singleturn|p2a: Luvdisc|Protect\n|move|p1a: Drapion|Knock Off|p2a: Luvdisc\n|-activate|p2a: Luvdisc|move: Protect\n|\n|-heal|p2a: Luvdisc|152/248|[from] item: Leftovers\n|upkeep\n|turn|5\n|\n|t:|1769993542\n|switch|p2a: Dugtrio|Dugtrio-Alola, L84, M|196/196\n|move|p1a: Drapion|Knock Off|p2a: Dugtrio\n|-damage|p2a: Dugtrio|7/196\n|-ability|p2a: Dugtrio|Tangling Hair\n|-unboost|p1a: Drapion|spe|1\n|-enditem|p2a: Dugtrio|Life Orb|[from] move: Knock Off|[of] p1a: Drapion\n|\n|upkeep\n|turn|6\n|\n|t:|1769993556\n|switch|p1a: Shedinja|Shedinja, L96|1/1\n|-damage|p1a: Shedinja|0 fnt|[from] Spikes\n|faint|p1a: Shedinja\n|move|p2a: Dugtrio|Stealth Rock|p1: Shedinja\n|-sidestart|p1: lugiaI1|move: Stealth Rock\n|\n|upkeep\n|\n|t:|1769993570\n|switch|p1a: Typhlosion|Typhlosion, L85, M|271/271\n|-damage|p1a: Typhlosion|238/271|[from] Spikes\n|-damage|p1a: Typhlosion|171/271|[from] Stealth Rock\n|turn|7\n|\n|t:|1769993577\n|switch|p2a: Lumineon|Lumineon, L93, F|279/279\n|move|p1a: Typhlosion|Fire Blast|p2a: Lumineon\n|-resisted|p2a: Lumineon\n|-crit|p2a: Lumineon\n|-damage|p2a: Lumineon|153/279\n|\n|-heal|p2a: Lumineon|170/279|[from] item: Leftovers\n|upkeep\n|turn|8\n|\n|t:|1769993588\n|move|p2a: Lumineon|Scald|p1a: Typhlosion\n|-supereffective|p1a: Typhlosion\n|-crit|p1a: Typhlosion\n|-damage|p1a: Typhlosion|0 fnt\n|faint|p1a: Typhlosion\n|\n|-heal|p2a: Lumineon|187/279|[from] item: Leftovers\n|upkeep\n|\n|t:|1769993596\n|switch|p1a: Drapion|Drapion, L83, M|146/252\n|-damage|p1a: Drapion|115/252|[from] Spikes\n|-damage|p1a: Drapion|84/252|[from] Stealth Rock\n|turn|9\n|\n|t:|1769993602\n|move|p2a: Lumineon|Scald|p1a: Drapion\n|-damage|p1a: Drapion|0 fnt\n|faint|p1a: Drapion\n|\n|-heal|p2a: Lumineon|204/279|[from] item: Leftovers\n|upkeep\n|\n|t:|1769993608\n|switch|p1a: Wishiwashi|Wishiwashi, L89, F|225/225\n|-damage|p1a: Wishiwashi|197/225|[from] Spikes\n|-damage|p1a: Wishiwashi|169/225|[from] Stealth Rock\n|-formechange|p1a: Wishiwashi|Wishiwashi-School||[from] ability: Schooling\n|turn|10\n|\n|t:|1769993624\n|move|p2a: Lumineon|Toxic|p1a: Wishiwashi\n|-status|p1a: Wishiwashi|tox\n|move|p1a: Wishiwashi|Earthquake|p2a: Lumineon\n|-damage|p2a: Lumineon|88/279\n|\n|-heal|p2a: Lumineon|105/279|[from] item: Leftovers\n|-damage|p1a: Wishiwashi|155/225 tox|[from] psn\n|upkeep\n|turn|11\n|\n|t:|1769993634\n|switch|p2a: Vivillon|Vivillon-Elegant, L85, F|275/275\n|move|p1a: Wishiwashi|Earthquake|p2a: Vivillon\n|-immune|p2a: Vivillon\n|\n|-damage|p1a: Wishiwashi|127/225 tox|[from] psn\n|upkeep\n|turn|12\n|\n|t:|1769993642\n|switch|p2a: Lumineon|Lumineon, L93, F|105/279\n|move|p1a: Wishiwashi|Ice Beam|p2a: Lumineon\n|-resisted|p2a: Lumineon\n|-damage|p2a: Lumineon|64/279\n|\n|-heal|p2a: Lumineon|81/279|[from] item: Leftovers\n|-damage|p1a: Wishiwashi|85/225 tox|[from] psn\n|upkeep\n|turn|13\n|\n|t:|1769993654\n|switch|p2a: Luvdisc|Luvdisc, M|152/248\n|move|p1a: Wishiwashi|U-turn|p2a: Luvdisc\n|-damage|p2a: Luvdisc|72/248\n|\n|t:|1769993664\n|switch|p1a: Dusknoir|Dusknoir, L89, M|225/225|[from] U-turn\n|-damage|p1a: Dusknoir|197/225|[from] Spikes\n|-damage|p1a: Dusknoir|169/225|[from] Stealth Rock\n|-item|p2a: Luvdisc|Leftovers|[from] ability: Frisk|[of] p1a: Dusknoir\n|\n|-heal|p2a: Luvdisc|87/248|[from] item: Leftovers\n|-heal|p1a: Dusknoir|183/225|[from] item: Leftovers\n|upkeep\n|turn|14\n|\n|t:|1769993673\n|move|p2a: Luvdisc|Toxic|p1a: Dusknoir\n|-status|p1a: Dusknoir|tox\n|move|p1a: Dusknoir|Will-O-Wisp|p2a: Luvdisc\n|-status|p2a: Luvdisc|brn\n|\n|-heal|p2a: Luvdisc|102/248 brn|[from] item: Leftovers\n|-heal|p1a: Dusknoir|197/225 tox|[from] item: Leftovers\n|-damage|p1a: Dusknoir|183/225 tox|[from] psn\n|-damage|p2a: Luvdisc|87/248 brn|[from] brn\n|upkeep\n|turn|15\n|\n|t:|1769993689\n|switch|p1a: Wishiwashi|Wishiwashi, L89, F|85/225 tox\n|-damage|p1a: Wishiwashi|57/225 tox|[from] Spikes\n|-damage|p1a: Wishiwashi|29/225 tox|[from] Stealth Rock\n|move|p2a: Luvdisc|Protect||[still]\n|-fail|p2a: Luvdisc\n|\n|-heal|p2a: Luvdisc|102/248 brn|[from] item: Leftovers\n|-damage|p1a: Wishiwashi|15/225 tox|[from] psn\n|-damage|p2a: Luvdisc|87/248 brn|[from] brn\n|upkeep\n|turn|16\n|\n|t:|1769993701\n|move|p2a: Luvdisc|Scald|p1a: Wishiwashi\n|-resisted|p1a: Wishiwashi\n|-damage|p1a: Wishiwashi|0 fnt\n|faint|p1a: Wishiwashi\n|\n|-heal|p2a: Luvdisc|102/248 brn|[from] item: Leftovers\n|-damage|p2a: Luvdisc|87/248 brn|[from] brn\n|upkeep\n|\n|t:|1769993711\n|switch|p1a: Beheeyem|Beheeyem, L93, M|290/290\n|-damage|p1a: Beheeyem|254/290|[from] Spikes\n|-damage|p1a: Beheeyem|218/290|[from] Stealth Rock\n|turn|17\n|\n|t:|1769993721\n|move|p2a: Luvdisc|Toxic|p1a: Beheeyem\n|-status|p1a: Beheeyem|tox\n|move|p1a: Beheeyem|Psychic|p2a: Luvdisc\n|-damage|p2a: Luvdisc|0 fnt\n|faint|p2a: Luvdisc\n|\n|-damage|p1a: Beheeyem|200/290 tox|[from] psn\n|upkeep\n|\n|t:|1769993728\n|switch|p2a: Dugtrio|Dugtrio-Alola, L84, M|7/196\n|turn|18\n|\n|t:|1769993735\n|move|p2a: Dugtrio|Earthquake|p1a: Beheeyem\n|-damage|p1a: Beheeyem|80/290 tox\n|move|p1a: Beheeyem|Psychic|p2a: Dugtrio\n|-resisted|p2a: Dugtrio\n|-damage|p2a: Dugtrio|0 fnt\n|faint|p2a: Dugtrio\n|\n|-damage|p1a: Beheeyem|44/290 tox|[from] psn\n|upkeep\n|\n|t:|1769993746\n|switch|p2a: Vivillon|Vivillon-Elegant, L85, F|275/275\n|turn|19\n|\n|t:|1769993752\n|switch|p1a: Dusknoir|Dusknoir, L89, M|183/225 tox\n|-damage|p1a: Dusknoir|155/225 tox|[from] Spikes\n|-damage|p1a: Dusknoir|127/225 tox|[from] Stealth Rock\n|-item|p2a: Vivillon|Leftovers|[from] ability: Frisk|[of] p1a: Dusknoir\n|move|p2a: Vivillon|Energy Ball|p1a: Dusknoir\n|-damage|p1a: Dusknoir|82/225 tox\n|\n|-heal|p1a: Dusknoir|96/225 tox|[from] item: Leftovers\n|-damage|p1a: Dusknoir|82/225 tox|[from] psn\n|upkeep\n|turn|20\n|\n|t:|1769993764\n|move|p2a: Vivillon|Quiver Dance|p2a: Vivillon\n|-boost|p2a: Vivillon|spa|1\n|-boost|p2a: Vivillon|spd|1\n|-boost|p2a: Vivillon|spe|1\n|move|p1a: Dusknoir|Pain Split|p2a: Vivillon\n|-sethp|p2a: Vivillon|178/275|[from] move: Pain Split|[silent]\n|-sethp|p1a: Dusknoir|178/225 tox|[from] move: Pain Split\n|\n|-heal|p2a: Vivillon|195/275|[from] item: Leftovers\n|-heal|p1a: Dusknoir|192/225 tox|[from] item: Leftovers\n|-damage|p1a: Dusknoir|164/225 tox|[from] psn\n|upkeep\n|turn|21\n|\n|t:|1769993778\n|move|p2a: Vivillon|Hurricane|p1a: Dusknoir|[miss]\n|-miss|p2a: Vivillon|p1a: Dusknoir\n|move|p1a: Dusknoir|Ice Punch|p2a: Vivillon\n|-supereffective|p2a: Vivillon\n|-damage|p2a: Vivillon|7/275\n|\n|-heal|p2a: Vivillon|24/275|[from] item: Leftovers\n|-heal|p1a: Dusknoir|178/225 tox|[from] item: Leftovers\n|-damage|p1a: Dusknoir|136/225 tox|[from] psn\n|upkeep\n|turn|22\n|\n|t:|1769993791\n|switch|p2a: Garbodor|Garbodor, L88, F|22/284\n|move|p1a: Dusknoir|Ice Punch|p2a: Garbodor\n|-damage|p2a: Garbodor|0 fnt\n|-damage|p1a: Dusknoir|80/225 tox|[from] ability: Aftermath|[of] p2a: Garbodor\n|faint|p2a: Garbodor\n|\n|-heal|p1a: Dusknoir|94/225 tox|[from] item: Leftovers\n|-damage|p1a: Dusknoir|38/225 tox|[from] psn\n|upkeep\n|\n|t:|1769993802\n|switch|p2a: Lumineon|Lumineon, L93, F|81/279\n|turn|23\n|\n|t:|1769993812\n|move|p2a: Lumineon|Scald|p1a: Dusknoir\n|-damage|p1a: Dusknoir|0 fnt\n|faint|p1a: Dusknoir\n|\n|-heal|p2a: Lumineon|98/279|[from] item: Leftovers\n|upkeep\n|-message|lugiaI1 forfeited.\n|\n|win|La.Hellhound\n|raw|lugiaI1's rating: 1581 &rarr; <strong>1559</strong><br />(-22 for losing)\n|raw|La.Hellhound's rating: 1545 &rarr; <strong>1567</strong><br />(+22 for winning)\n|l|☆lugiaI1\n|player|p1|\n", "inputlog": ">version ccdc32dd7cde25fd9e4bed64820e885f66e78a4e\n>start {\"formatid\":\"gen7randombattle\",\"seed\":\"sodium,2ffa700332a9fdc323884162c0818d82\",\"rated\":\"Rated battle\"}\n>player p1 {\"name\":\"lugiaI1\",\"avatar\":\"1\",\"rating\":1581,\"seed\":\"sodium,d621f99863243d62c90662d7cc76c88c\"}\n>player p2 {\"name\":\"La.Hellhound\",\"avatar\":\"bruno\",\"rating\":1545,\"seed\":\"sodium,e5b2c1abb86e7a20b73ca2f8ac796e7d\"}\n>p1 move eruption\n>p2 move spikes\n>p1 move eruption\n>p2 switch 6\n>p1 switch 2\n>p2 move scald\n>p1 move knockoff\n>p2 move protect\n>p1 move knockoff\n>p2 switch 3\n>p1 switch 5\n>p2 move stealthrock\n>p1 switch 2\n>p1 move fireblast\n>p2 switch 4\n>p1 move fireblast\n>p2 move scald\n>p1 switch 5\n>p1 move knockoff\n>p2 move scald\n>p1 switch 6\n>p1 move earthquake\n>p2 move toxic\n>p1 move earthquake\n>p2 switch 5\n>p1 move icebeam\n>p2 switch 5\n>p1 move uturn\n>p2 switch 3\n>p1 switch 4\n>p1 move willowisp\n>p2 move toxic\n>p1 switch 4\n>p2 move protect\n>p1 move uturn\n>p2 move scald\n>p1 switch 3\n>p1 move psychic\n>p2 move toxic\n>p2 switch 4\n>p1 move psychic\n>p2 move earthquake\n>p2 switch 5\n>p1 switch 4\n>p2 move energyball\n>p1 move painsplit\n>p2 move quiverdance\n>p1 move icepunch\n>p2 move hurricane\n>p1 move icepunch\n>p2 switch 6\n>p2 switch 3\n>p1 move earthquake\n>p2 move scald\n>forcelose p1", "uploadtime": 1769993840, "views": 184, "formatid": "gen7randombattle", "rating": 1559, "private": 0, "password": null}