{"id": "gen7randombattle-2524258867", "format": "[Gen 7] Random Battle", "players": ["Babanick", "ArchenWarrior"], "log": "|j|‽Babanick\n|j|☆ArchenWarrior\n|t:|1769123527\n|gametype|singles\n|player|p1|Babanick|169|1531\n|player|p2|ArchenWarrior|proton|1699\n|gen|7\n|tier|[Gen 7] Random Battle\n|rated|\n|rule|Sleep Clause Mod: Limit one foe put to sleep\n|rule|HP Percentage Mod: HP is shown in percentages\n|rule|Illusion Level Mod: Illusion disguises the Pokémon's true level\n|\n|t:|1769123527\n|teamsize|p1|6\n|teamsize|p2|6\n|start\n|switch|p1a: Hariyama|Hariyama, L87, F|392/392\n|switch|p2a: Maractus|Maractus, F|312/312\n|turn|1\n|inactive|Battle timer is ON: inactive players will automatically lose when time's up. (requested by Babanick)\n|\n|t:|1769123557\n|switch|p1a: Magmortar|Magmortar, L88, F|275/275\n|move|p2a: Maractus|Knock Off|p1a: Magmortar\n|-damage|p1a: Magmortar|133/275\n|-enditem|p1a: Magmortar|Leftovers|[from] move: Knock Off|[of] p2a: Maractus\n|-damage|p2a: Maractus|281/312|[from] item: Life Orb\n|\n|upkeep\n|turn|2\n|\n|t:|1769123573\n|switch|p2a: Keldeo|Keldeo, L80|277/277\n|move|p1a: Magmortar|Fire Blast|p2a: Keldeo\n|-resisted|p2a: Keldeo\n|-damage|p2a: Keldeo|193/277\n|\n|upkeep\n|turn|3\n|\n|t:|1769123582\n|move|p2a: Keldeo|Secret Sword|p1a: Magmortar\n|-damage|p1a: Magmortar|0 fnt\n|faint|p1a: Magmortar\n|-damage|p2a: Keldeo|166/277|[from] item: Life Orb\n|\n|upkeep\n|\n|t:|1769123588\n|switch|p1a: Zapdos|Zapdos, L79|272/272\n|turn|4\n|\n|t:|1769123594\n|switch|p2a: Nidoking|Nidoking, L82, M|267/267\n|move|p1a: Zapdos|Discharge|p2a: Nidoking\n|-immune|p2a: Nidoking\n|\n|upkeep\n|turn|5\n|\n|t:|1769123609\n|move|p1a: Zapdos|U-turn|p2a: Nidoking\n|-resisted|p2a: Nidoking\n|-damage|p2a: Nidoking|244/267\n|\n|t:|1769123623\n|switch|p1a: Tauros|Tauros, L84, M|263/263|[from] U-turn\n|-ability|p1a: Tauros|Intimidate|boost\n|-unboost|p2a: Nidoking|atk|1\n|move|p2a: Nidoking|Poison Jab|p1a: Tauros\n|-damage|p1a: Tauros|172/263\n|\n|upkeep\n|turn|6\n|inactive|ArchenWarrior has 120 seconds left.\n|\n|t:|1769123662\n|move|p1a: Tauros|Double-Edge|p2a: Nidoking\n|-damage|p2a: Nidoking|12/267\n|-damage|p1a: Tauros|95/263|[from] Recoil\n|move|p2a: Nidoking|Earth Power|p1a: Tauros\n|-damage|p1a: Tauros|0 fnt\n|faint|p1a: Tauros\n|\n|upkeep\n|\n|t:|1769123675\n|switch|p1a: Zapdos|Zapdos, L79|272/272\n|turn|7\n|inactive|ArchenWarrior has 120 seconds left.\n|\n|t:|1769123687\n|move|p1a: Zapdos|U-turn|p2a: Nidoking\n|-resisted|p2a: Nidoking\n|-damage|p2a: Nidoking|0 fnt\n|faint|p2a: Nidoking\n|\n|t:|1769123692\n|switch|p1a: Hariyama|Hariyama, L87, F|392/392|[from] U-turn\n|\n|upkeep\n|inactive|ArchenWarrior has 120 seconds left.\n|\n|t:|1769123711\n|switch|p2a: Mewtwo|Mewtwo, L70|264/264\n|-ability|p2a: Mewtwo|Unnerve\n|turn|8\n|\n|t:|1769123720\n|switch|p1a: Celebi|Celebi, L82|298/298\n|detailschange|p2a: Mewtwo|Mewtwo-Mega-X, L70\n|-mega|p2a: Mewtwo|Mewtwo|Mewtwonite X\n|move|p2a: Mewtwo|Bulk Up|p2a: Mewtwo\n|-boost|p2a: Mewtwo|atk|1\n|-boost|p2a: Mewtwo|def|1\n|\n|upkeep\n|turn|9\n|inactive|ArchenWarrior has 120 seconds left.\n|\n|t:|1769123754\n|switch|p2a: Maractus|Maractus, F|281/312\n|move|p1a: Celebi|Nasty Plot|p1a: Celebi\n|-boost|p1a: Celebi|spa|2\n|\n|upkeep\n|turn|10\n|\n|t:|1769123762\n|move|p1a: Celebi|Psychic|p2a: Maractus\n|-damage|p2a: Maractus|103/312\n|move|p2a: Maractus|Knock Off|p1a: Celebi\n|-supereffective|p1a: Celebi\n|-damage|p1a: Celebi|160/298\n|-damage|p2a: Maractus|72/312|[from] item: Life Orb\n|\n|upkeep\n|turn|11\n|\n|t:|1769123777\n|move|p1a: Celebi|Psychic|p2a: Maractus\n|-damage|p2a: Maractus|0 fnt\n|faint|p2a: Maractus\n|\n|upkeep\n|\n|t:|1769123795\n|switch|p2a: Luxray|Luxray, L88, F|284/284\n|turn|12\n|inactive|ArchenWarrior has 90 seconds left.\n|\n|t:|1769123815\n|switch|p2a: Kabutops|Kabutops, L87, F|246/246\n|-zpower|p1a: Celebi\n|move|p1a: Celebi|Bloom Doom|p2a: Kabutops|[zeffect]\n|-supereffective|p2a: Kabutops\n|-damage|p2a: Kabutops|0 fnt\n|faint|p2a: Kabutops\n|\n|upkeep\n|\n|t:|1769123821\n|switch|p2a: Luxray|Luxray, L88, F|284/284\n|turn|13\n|\n|t:|1769123829\n|move|p1a: Celebi|Psychic|p2a: Luxray\n|-damage|p2a: Luxray|77/284\n|move|p2a: Luxray|Crunch|p1a: Celebi\n|-supereffective|p1a: Celebi\n|-damage|p1a: Celebi|22/298\n|\n|-status|p2a: Luxray|brn|[from] item: Flame Orb\n|upkeep\n|turn|14\n|\n|t:|1769123836\n|move|p1a: Celebi|Psychic|p2a: Luxray\n|-damage|p2a: Luxray|0 fnt\n|faint|p2a: Luxray\n|\n|upkeep\n|\n|t:|1769123845\n|switch|p2a: Keldeo|Keldeo, L80|166/277\n|turn|15\n|\n|t:|1769123850\n|move|p2a: Keldeo|Secret Sword|p1a: Celebi\n|-resisted|p1a: Celebi\n|-damage|p1a: Celebi|0 fnt\n|faint|p1a: Celebi\n|-damage|p2a: Keldeo|139/277|[from] item: Life Orb\n|\n|upkeep\n|\n|t:|1769123854\n|switch|p1a: Hariyama|Hariyama, L87, F|392/392\n|turn|16\n|inactive|ArchenWarrior has 120 seconds left.\n|\n|t:|1769123870\n|move|p2a: Keldeo|Secret Sword|p1a: Hariyama\n|-damage|p1a: Hariyama|217/392\n|-damage|p2a: Keldeo|112/277|[from] item: Life Orb\n|move|p1a: Hariyama|Knock Off|p2a: Keldeo\n|-resisted|p2a: Keldeo\n|-damage|p2a: Keldeo|70/277\n|-ability|p2a: Keldeo|Justified|boost\n|-boost|p2a: Keldeo|atk|1\n|-enditem|p2a: Keldeo|Life Orb|[from] move: Knock Off|[of] p1a: Hariyama\n|\n|upkeep\n|turn|17\n|inactive|ArchenWarrior has 120 seconds left.\n|\n|t:|1769123882\n|switch|p1a: Zapdos|Zapdos, L79|272/272\n|move|p2a: Keldeo|Secret Sword|p1a: Zapdos\n|-resisted|p1a: Zapdos\n|-damage|p1a: Zapdos|218/272\n|\n|-heal|p1a: Zapdos|235/272|[from] item: Leftovers\n|upkeep\n|turn|18\n|\n|t:|1769123888\n|move|p2a: Keldeo|Hydro Pump|p1a: Zapdos\n|-damage|p1a: Zapdos|99/272\n|move|p1a: Zapdos|Discharge|p2a: Keldeo\n|-supereffective|p2a: Keldeo\n|-damage|p2a: Keldeo|0 fnt\n|faint|p2a: Keldeo\n|\n|-heal|p1a: Zapdos|116/272|[from] item: Leftovers\n|upkeep\n|\n|t:|1769123891\n|switch|p2a: Mewtwo|Mewtwo-Mega-X, L70|264/264\n|turn|19\n|\n|t:|1769123894\n|move|p2a: Mewtwo|Stone Edge|p1a: Zapdos|[miss]\n|-miss|p2a: Mewtwo|p1a: Zapdos\n|move|p1a: Zapdos|Discharge|p2a: Mewtwo\n|-damage|p2a: Mewtwo|158/264\n|-status|p2a: Mewtwo|par\n|\n|-heal|p1a: Zapdos|133/272|[from] item: Leftovers\n|upkeep\n|turn|20\n|\n|t:|1769123898\n|move|p1a: Zapdos|Roost|p1a: Zapdos\n|-heal|p1a: Zapdos|269/272\n|-singleturn|p1a: Zapdos|move: Roost\n|move|p2a: Mewtwo|Stone Edge|p1a: Zapdos\n|-damage|p1a: Zapdos|180/272\n|\n|-heal|p1a: Zapdos|197/272|[from] item: Leftovers\n|upkeep\n|turn|21\n|\n|t:|1769123901\n|move|p1a: Zapdos|Discharge|p2a: Mewtwo\n|-damage|p2a: Mewtwo|67/264 par\n|move|p2a: Mewtwo|Stone Edge|p1a: Zapdos\n|-supereffective|p1a: Zapdos\n|-damage|p1a: Zapdos|11/272\n|\n|-heal|p1a: Zapdos|28/272|[from] item: Leftovers\n|upkeep\n|turn|22\n|\n|t:|1769123908\n|move|p1a: Zapdos|Discharge|p2a: Mewtwo\n|-damage|p2a: Mewtwo|0 fnt\n|faint|p2a: Mewtwo\n|detailschange|p2: Mewtwo|Mewtwo, L70|[silent]\n|\n|win|Babanick\n|raw|Babanick's rating: 1531 &rarr; <strong>1560</strong><br />(+29 for winning)\n|raw|ArchenWarrior's rating: 1699 &rarr; <strong>1670</strong><br />(-29 for losing)\n|c|☆ArchenWarrior|gg\n|l|‽Babanick\n|player|p1|\n", "inputlog": ">version dd3d52b8382d73d1dd2c67730c4067df325ab790\n>start {\"formatid\":\"gen7randombattle\",\"seed\":\"sodium,a8130f56c6a695318164f368ee097aad\",\"rated\":\"Rated battle\"}\n>player p1 {\"name\":\"Babanick\",\"avatar\":\"169\",\"rating\":1531,\"seed\":\"sodium,572ff05e132d0f0961bc10ee85877a28\"}\n>player p2 {\"name\":\"ArchenWarrior\",\"avatar\":\"proton\",\"rating\":1699,\"seed\":\"sodium,463d478f4a39de64f894cef3a2a3b932\"}\n>p1 switch 4\n>p2 move knockoff\n>p1 move fireblast\n>p2 switch 5\n>p1 move thunderbolt\n>p2 move secretsword\n>p1 switch 5\n>p1 move discharge\n>p2 switch 6\n>p1 move uturn\n>p2 move poisonjab\n>p1 switch 6\n>p1 move doubleedge\n>p2 move earthpower\n>p1 switch 6\n>p1 move uturn\n>p2 move icebeam\n>p1 switch 4\n>p2 switch 3\n>p1 switch 2\n>p2 move bulkup mega\n>p1 move nastyplot\n>p2 switch 5\n>p1 move psychic\n>p2 move knockoff\n>p1 move psychic\n>p2 move hiddenpower\n>p2 switch 4\n>p1 move leafstorm zmove\n>p2 switch 2\n>p2 switch 2\n>p1 move psychic\n>p2 move crunch\n>p1 move psychic\n>p2 move facade\n>p2 switch 6\n>p1 move psychic\n>p2 move secretsword\n>p1 switch 2\n>p1 move knockoff\n>p2 move secretsword\n>p1 switch 4\n>p2 move secretsword\n>p1 move discharge\n>p2 move hydropump\n>p2 switch 5\n>p1 move discharge\n>p2 move stoneedge\n>p1 move roost\n>p2 move stoneedge\n>p1 move discharge\n>p2 move stoneedge\n>p1 move discharge\n>p2 move drainpunch", "uploadtime": 1769123920, "views": 150, "formatid": "gen7randombattle", "rating": 1560, "private": 0, "password": null}