{"id": "gen7randombattle-2533215483", "format": "[Gen 7] Random Battle", "players": ["ereyyaegah", "may/gen3"], "log": "|j|☆ereyyaegah\n|j|☆may/gen3\n|t:|1770274430\n|gametype|singles\n|player|p1|ereyyaegah|blue|1793\n|player|p2|may/gen3|may|1734\n|gen|7\n|tier|[Gen 7] Random Battle\n|rated|\n|rule|Sleep Clause Mod: Limit one foe put to sleep\n|rule|HP Percentage Mod: HP is shown in percentages\n|rule|Illusion Level Mod: Illusion disguises the Pokémon's true level\n|\n|t:|1770274430\n|teamsize|p1|6\n|teamsize|p2|6\n|start\n|switch|p1a: Exploud|Exploud, L86, F|319/319\n|switch|p2a: Granbull|Granbull, L89, M|305/305\n|-ability|p2a: Granbull|Intimidate|boost\n|-unboost|p1a: Exploud|atk|1\n|turn|1\n|c|☆may/gen3|hi\n|\n|t:|1770274438\n|move|p1a: Exploud|Boomburst|p2a: Granbull\n|-damage|p2a: Granbull|115/305\n|move|p2a: Granbull|Thunder Wave|p1a: Exploud\n|-status|p1a: Exploud|par\n|\n|-heal|p2a: Granbull|134/305|[from] item: Leftovers\n|upkeep\n|turn|2\n|inactive|Battle timer is ON: inactive players will automatically lose when time's up. (requested by may/gen3)\n|\n|t:|1770274447\n|move|p2a: Granbull|Play Rough|p1a: Exploud\n|-damage|p1a: Exploud|165/319 par\n|move|p1a: Exploud|Boomburst|p2a: Granbull\n|-damage|p2a: Granbull|0 fnt\n|faint|p2a: Granbull\n|\n|upkeep\n|\n|t:|1770274451\n|switch|p2a: Weavile|Weavile, L79, M|239/239\n|turn|3\n|\n|t:|1770274459\n|move|p2a: Weavile|Knock Off|p1a: Exploud\n|-damage|p1a: Exploud|0 fnt\n|-enditem|p1a: Exploud|Choice Scarf|[from] move: Knock Off|[of] p2a: Weavile\n|faint|p1a: Exploud\n|\n|upkeep\n|\n|t:|1770274471\n|switch|p1a: Entei|Entei, L78|307/307\n|turn|4\n|\n|t:|1770274476\n|switch|p2a: Slowbro|Slowbro, L83, F|293/293\n|move|p1a: Entei|Sacred Fire|p2a: Slowbro\n|-resisted|p2a: Slowbro\n|-damage|p2a: Slowbro|230/293\n|-status|p2a: Slowbro|brn\n|\n|-damage|p2a: Slowbro|212/293 brn|[from] brn\n|upkeep\n|turn|5\n|\n|t:|1770274488\n|switch|p1a: Goodra|Goodra, L85, M|292/292\n|move|p2a: Slowbro|Scald|p1a: Goodra\n|-resisted|p1a: Goodra\n|-damage|p1a: Goodra|274/292\n|-status|p1a: Goodra|brn\n|\n|-damage|p1a: Goodra|256/292 brn|[from] brn\n|-damage|p2a: Slowbro|194/293 brn|[from] brn\n|upkeep\n|turn|6\n|\n|t:|1770274500\n|move|p1a: Goodra|Draco Meteor|p2a: Slowbro\n|-damage|p2a: Slowbro|37/293 brn\n|-unboost|p1a: Goodra|spa|2\n|move|p2a: Slowbro|Slack Off|p2a: Slowbro\n|-heal|p2a: Slowbro|184/293 brn\n|\n|-damage|p1a: Goodra|238/292 brn|[from] brn\n|-damage|p2a: Slowbro|166/293 brn|[from] brn\n|upkeep\n|turn|7\n|\n|t:|1770274511\n|switch|p2a: Magcargo|Magcargo, L96, M|271/271\n|move|p1a: Goodra|Dragon Tail|p2a: Magcargo\n|-damage|p2a: Magcargo|247/271\n|-ability|p2a: Magcargo|Weak Armor|boost\n|-unboost|p2a: Magcargo|def|1\n|-boost|p2a: Magcargo|spe|2\n|drag|p2a: Weavile|Weavile, L79, M|239/239\n|\n|-damage|p1a: Goodra|220/292 brn|[from] brn\n|upkeep\n|turn|8\n|\n|t:|1770274524\n|move|p2a: Weavile|Knock Off|p1a: Goodra\n|-damage|p1a: Goodra|31/292 brn\n|-enditem|p1a: Goodra|Assault Vest|[from] move: Knock Off|[of] p2a: Weavile\n|move|p1a: Goodra|Dragon Tail|p2a: Weavile\n|-damage|p2a: Weavile|195/239\n|drag|p2a: Slowbro|Slowbro, L83, F|263/293 brn\n|\n|-damage|p1a: Goodra|13/292 brn|[from] brn\n|-damage|p2a: Slowbro|245/293 brn|[from] brn\n|upkeep\n|turn|9\n|\n|t:|1770274536\n|move|p1a: Goodra|Earthquake|p2a: Slowbro\n|-damage|p2a: Slowbro|215/293 brn\n|move|p2a: Slowbro|Scald|p1a: Goodra\n|-resisted|p1a: Goodra\n|-damage|p1a: Goodra|0 fnt\n|faint|p1a: Goodra\n|\n|-damage|p2a: Slowbro|197/293 brn|[from] brn\n|upkeep\n|c|☆may/gen3|:)\n|\n|t:|1770274548\n|switch|p1a: Lilligant|Lilligant, L87, F|264/264\n|turn|10\n|\n|t:|1770274563\n|detailschange|p2a: Slowbro|Slowbro-Mega, L83, F\n|-mega|p2a: Slowbro|Slowbro|Slowbronite\n|move|p1a: Lilligant|Quiver Dance|p1a: Lilligant\n|-boost|p1a: Lilligant|spa|1\n|-boost|p1a: Lilligant|spd|1\n|-boost|p1a: Lilligant|spe|1\n|move|p2a: Slowbro|Psyshock|p1a: Lilligant\n|-damage|p1a: Lilligant|152/264\n|\n|-damage|p2a: Slowbro|179/293 brn|[from] brn\n|upkeep\n|turn|11\n|\n|t:|1770274578\n|move|p1a: Lilligant|Giga Drain|p2a: Slowbro\n|-supereffective|p2a: Slowbro\n|-damage|p2a: Slowbro|0 fnt\n|-heal|p1a: Lilligant|242/264|[from] drain|[of] p2a: Slowbro\n|faint|p2a: Slowbro\n|detailschange|p2: Slowbro|Slowbro, L83, F|[silent]\n|-damage|p1a: Lilligant|216/264|[from] item: Life Orb\n|\n|upkeep\n|\n|t:|1770274580\n|switch|p2a: Magcargo|Magcargo, L96, M|247/271\n|turn|12\n|\n|t:|1770274590\n|move|p1a: Lilligant|Quiver Dance|p1a: Lilligant\n|-boost|p1a: Lilligant|spa|1\n|-boost|p1a: Lilligant|spd|1\n|-boost|p1a: Lilligant|spe|1\n|-zpower|p2a: Magcargo\n|move|p2a: Magcargo|Inferno Overdrive|p1a: Lilligant|[zeffect]\n|-supereffective|p1a: Lilligant\n|-crit|p1a: Lilligant\n|-damage|p1a: Lilligant|0 fnt\n|faint|p1a: Lilligant\n|\n|upkeep\n|c|☆may/gen3|omg\n|\n|t:|1770274603\n|switch|p1a: Entei|Entei, L78|307/307\n|turn|13\n|\n|t:|1770274612\n|switch|p2a: Keldeo|Keldeo-Resolute, L80|277/277\n|move|p1a: Entei|Stomping Tantrum|p2a: Keldeo\n|-damage|p2a: Keldeo|196/277\n|\n|-heal|p2a: Keldeo|213/277|[from] item: Leftovers\n|upkeep\n|turn|14\n|c|☆ereyyaegah|Nice\n|\n|t:|1770274621\n|switch|p1a: Reuniclus|Reuniclus, L87, M|333/333\n|move|p2a: Keldeo|Scald|p1a: Reuniclus\n|-damage|p1a: Reuniclus|234/333\n|\n|-heal|p2a: Keldeo|230/277|[from] item: Leftovers\n|upkeep\n|turn|15\n|c|☆ereyyaegah|Wp\n|\n|t:|1770274639\n|switch|p2a: Sandslash|Sandslash, L90, F|281/281\n|move|p1a: Reuniclus|Focus Blast|p2a: Sandslash\n|-damage|p2a: Sandslash|111/281\n|\n|-heal|p2a: Sandslash|128/281|[from] item: Leftovers\n|upkeep\n|turn|16\n|-message|ereyyaegah forfeited.\n|\n|win|may/gen3\n|raw|ereyyaegah's rating: 1793 &rarr; <strong>1770</strong><br />(-23 for losing)\n|raw|may&#x2f;gen3's rating: 1734 &rarr; <strong>1757</strong><br />(+23 for winning)\n|l|☆ereyyaegah\n|player|p1|\n", "inputlog": ">version ccdc32dd7cde25fd9e4bed64820e885f66e78a4e\n>start {\"formatid\":\"gen7randombattle\",\"seed\":\"sodium,df82810b27c6c2b6a3bee6d282259148\",\"rated\":\"Rated battle\"}\n>player p1 {\"name\":\"ereyyaegah\",\"avatar\":\"blue\",\"rating\":1793,\"seed\":\"sodium,585bdc7402b0bf770d02ed625f7def46\"}\n>player p2 {\"name\":\"may/gen3\",\"avatar\":\"may\",\"rating\":1734,\"seed\":\"sodium,729274f218a4c295324950b9a58fc113\"}\n>chat ☆may/gen3|hi\n>p1 move boomburst\n>p2 move thunderwave\n>p1 move boomburst\n>p2 move playrough\n>p2 switch 2\n>p1 move boomburst\n>p2 move knockoff\n>p1 switch 5\n>p1 move sacredfire\n>p2 switch 6\n>p1 switch 6\n>p2 move scald\n>p1 move dracometeor\n>p2 move slackoff\n>p1 move dragontail\n>p2 switch 3\n>p1 move dragontail\n>p2 move knockoff\n>p1 move earthquake\n>p2 move scald\n>chat ☆may/gen3|:)\n>p1 switch 3\n>p1 move quiverdance\n>p2 move psyshock mega\n>p1 move gigadrain\n>p2 move psyshock\n>p2 switch 6\n>p1 move quiverdance\n>p2 move fireblast zmove\n>chat ☆may/gen3|omg\n>p1 switch 6\n>p1 move stompingtantrum\n>p2 switch 4\n>chat ☆ereyyaegah|Nice\n>p1 switch 2\n>p2 move scald\n>chat ☆ereyyaegah|Wp\n>p1 move focusblast\n>p2 switch 5\n>forcelose p1", "uploadtime": 1770274654, "views": 160, "formatid": "gen7randombattle", "rating": 1757, "private": 0, "password": null}