{"id": "gen7randombattle-2525250213", "format": "[Gen 7] Random Battle", "players": ["pozuma", "aurora ltd"], "log": "|j|☆pozuma\n|j|☆aurora ltd\n|t:|1769257368\n|gametype|singles\n|player|p1|pozuma|barry|1506\n|player|p2|aurora ltd|silver-gen2kanto|1564\n|gen|7\n|tier|[Gen 7] Random Battle\n|rated|\n|rule|Sleep Clause Mod: Limit one foe put to sleep\n|rule|HP Percentage Mod: HP is shown in percentages\n|rule|Illusion Level Mod: Illusion disguises the Pokémon's true level\n|\n|t:|1769257368\n|teamsize|p1|6\n|teamsize|p2|6\n|start\n|switch|p1a: Exploud|Exploud, L86, M|319/319\n|switch|p2a: Lunatone|Lunatone, L93|318/318\n|turn|1\n|inactive|Battle timer is ON: inactive players will automatically lose when time's up. (requested by pozuma)\n|\n|t:|1769257401\n|move|p1a: Exploud|Surf|p2a: Lunatone\n|-supereffective|p2a: Lunatone\n|-damage|p2a: Lunatone|204/318\n|move|p2a: Lunatone|Psychic|p1a: Exploud\n|-crit|p1a: Exploud\n|-damage|p1a: Exploud|81/319\n|-unboost|p1a: Exploud|spd|1\n|-damage|p2a: Lunatone|173/318|[from] item: Life Orb\n|\n|upkeep\n|turn|2\n|\n|t:|1769257410\n|move|p1a: Exploud|Surf|p2a: Lunatone\n|-supereffective|p2a: Lunatone\n|-crit|p2a: Lunatone\n|-damage|p2a: Lunatone|0 fnt\n|faint|p2a: Lunatone\n|\n|upkeep\n|\n|t:|1769257430\n|switch|p2a: Lumineon|Lumineon, L93, F|279/279\n|turn|3\n|\n|t:|1769257442\n|switch|p1a: Registeel|Registeel, L83|268/268\n|move|p2a: Lumineon|Toxic|p1a: Registeel\n|-immune|p1a: Registeel\n|\n|upkeep\n|turn|4\n|inactive|aurora ltd has 120 seconds left.\n|\n|t:|1769257479\n|move|p2a: Lumineon|U-turn|p1a: Registeel\n|-resisted|p1a: Registeel\n|-damage|p1a: Registeel|252/268\n|\n|t:|1769257483\n|switch|p2a: Buzzwole|Buzzwole, L79|299/299|[from] U-turn\n|move|p1a: Registeel|Stealth Rock|p2a: Buzzwole\n|-sidestart|p2: aurora ltd|move: Stealth Rock\n|\n|-heal|p1a: Registeel|268/268|[from] item: Leftovers\n|upkeep\n|turn|5\n|\n|t:|1769257500\n|switch|p1a: Xatu|Xatu, L89, F|260/260\n|move|p2a: Buzzwole|Drain Punch|p1a: Xatu\n|-resisted|p1a: Xatu\n|-damage|p1a: Xatu|233/260\n|\n|-heal|p1a: Xatu|249/260|[from] item: Leftovers\n|upkeep\n|turn|6\n|inactive|aurora ltd has 90 seconds left.\n|\n|t:|1769257542\n|switch|p2a: Silvally|Silvally-Dragon, L87|307/307\n|-damage|p2a: Silvally|269/307|[from] Stealth Rock\n|move|p1a: Xatu|Psychic|p2a: Silvally\n|-damage|p2a: Silvally|175/307\n|\n|-heal|p1a: Xatu|260/260|[from] item: Leftovers\n|upkeep\n|turn|7\n|\n|t:|1769257563\n|switch|p1a: Comfey|Comfey, L87, F|230/230\n|move|p2a: Silvally|Flamethrower|p1a: Comfey\n|-damage|p1a: Comfey|176/230\n|\n|-heal|p1a: Comfey|190/230|[from] item: Leftovers\n|upkeep\n|turn|8\n|\n|t:|1769257577\n|switch|p2a: Simisear|Simisear, L89, F|278/278\n|-damage|p2a: Simisear|209/278|[from] Stealth Rock\n|move|p1a: Comfey|Calm Mind|p1a: Comfey\n|-boost|p1a: Comfey|spa|1\n|-boost|p1a: Comfey|spd|1\n|\n|-heal|p1a: Comfey|204/230|[from] item: Leftovers\n|upkeep\n|turn|9\n|inactive|aurora ltd has 60 seconds left.\n|\n|t:|1769257596\n|move|p2a: Simisear|Nasty Plot|p2a: Simisear\n|-boost|p2a: Simisear|spa|2\n|move|p1a: Comfey|Calm Mind|p1a: Comfey\n|-boost|p1a: Comfey|spa|1\n|-boost|p1a: Comfey|spd|1\n|\n|-heal|p1a: Comfey|218/230|[from] item: Leftovers\n|upkeep\n|turn|10\n|inactive|aurora ltd has 60 seconds left.\n|\n|t:|1769257607\n|move|p2a: Simisear|Fire Blast|p1a: Comfey\n|-damage|p1a: Comfey|72/230\n|-damage|p2a: Simisear|182/278|[from] item: Life Orb\n|move|p1a: Comfey|Hidden Power|p2a: Simisear\n|-supereffective|p2a: Simisear\n|-damage|p2a: Simisear|0 fnt\n|faint|p2a: Simisear\n|\n|-heal|p1a: Comfey|86/230|[from] item: Leftovers\n|upkeep\n|inactive|aurora ltd has 60 seconds left.\n|\n|t:|1769257621\n|switch|p2a: Lumineon|Lumineon, L93, F|279/279\n|-damage|p2a: Lumineon|245/279|[from] Stealth Rock\n|turn|11\n|inactive|aurora ltd has 60 seconds left.\n|\n|t:|1769257637\n|move|p1a: Comfey|Giga Drain|p2a: Lumineon\n|-supereffective|p2a: Lumineon\n|-damage|p2a: Lumineon|63/279\n|-heal|p1a: Comfey|177/230|[from] drain|[of] p2a: Lumineon\n|move|p2a: Lumineon|Defog|p1a: Comfey\n|-unboost|p1a: Comfey|evasion|1\n|-sideend|p2: aurora ltd|Stealth Rock|[from] move: Defog|[of] p2a: Lumineon\n|\n|-heal|p1a: Comfey|191/230|[from] item: Leftovers\n|-heal|p2a: Lumineon|80/279|[from] item: Leftovers\n|upkeep\n|turn|12\n|\n|t:|1769257646\n|move|p1a: Comfey|Giga Drain|p2a: Lumineon\n|-supereffective|p2a: Lumineon\n|-damage|p2a: Lumineon|0 fnt\n|-heal|p1a: Comfey|230/230|[from] drain|[of] p2a: Lumineon\n|faint|p2a: Lumineon\n|\n|upkeep\n|\n|t:|1769257654\n|switch|p2a: Silvally|Silvally-Dragon, L87|175/307\n|turn|13\n|\n|t:|1769257658\n|move|p1a: Comfey|Draining Kiss|p2a: Silvally\n|-supereffective|p2a: Silvally\n|-damage|p2a: Silvally|7/307\n|move|p2a: Silvally|Iron Head|p1a: Comfey\n|-supereffective|p1a: Comfey\n|-damage|p1a: Comfey|116/230\n|\n|-heal|p1a: Comfey|130/230|[from] item: Leftovers\n|upkeep\n|turn|14\n|\n|t:|1769257666\n|move|p1a: Comfey|Draining Kiss|p2a: Silvally\n|-supereffective|p2a: Silvally\n|-damage|p2a: Silvally|0 fnt\n|-heal|p1a: Comfey|135/230|[from] drain|[of] p2a: Silvally\n|faint|p2a: Silvally\n|\n|-heal|p1a: Comfey|149/230|[from] item: Leftovers\n|upkeep\n|\n|t:|1769257672\n|switch|p2a: Plusle|Plusle, L95, F|268/268\n|turn|15\n|\n|t:|1769257685\n|move|p1a: Comfey|Draining Kiss|p2a: Plusle\n|-damage|p2a: Plusle|165/268\n|-heal|p1a: Comfey|226/230|[from] drain|[of] p2a: Plusle\n|move|p2a: Plusle|Nasty Plot|p2a: Plusle\n|-boost|p2a: Plusle|spa|2\n|\n|-heal|p1a: Comfey|230/230|[from] item: Leftovers\n|upkeep\n|turn|16\n|\n|t:|1769257692\n|move|p2a: Plusle|Thunderbolt|p1a: Comfey\n|-damage|p1a: Comfey|113/230\n|-status|p1a: Comfey|par\n|-damage|p2a: Plusle|139/268|[from] item: Life Orb\n|cant|p1a: Comfey|par\n|\n|-heal|p1a: Comfey|127/230 par|[from] item: Leftovers\n|upkeep\n|turn|17\n|\n|t:|1769257700\n|move|p1a: Comfey|Draining Kiss|p2a: Plusle\n|-damage|p2a: Plusle|46/268\n|-heal|p1a: Comfey|197/230 par|[from] drain|[of] p2a: Plusle\n|move|p2a: Plusle|Thunderbolt|p1a: Comfey\n|-damage|p1a: Comfey|72/230 par\n|-damage|p2a: Plusle|20/268|[from] item: Life Orb\n|\n|-heal|p1a: Comfey|86/230 par|[from] item: Leftovers\n|upkeep\n|turn|18\n|\n|t:|1769257708\n|cant|p1a: Comfey|par\n|move|p2a: Plusle|Thunderbolt|p1a: Comfey\n|-damage|p1a: Comfey|0 fnt\n|faint|p1a: Comfey\n|-damage|p2a: Plusle|0 fnt|[from] item: Life Orb\n|faint|p2a: Plusle\n|\n|upkeep\n|\n|t:|1769257719\n|switch|p2a: Buzzwole|Buzzwole, L79|299/299\n|switch|p1a: Vivillon|Vivillon-Ocean, L85, F|275/275\n|turn|19\n|inactive|aurora ltd has 90 seconds left.\n|\n|t:|1769257737\n|move|p1a: Vivillon|Hurricane|p2a: Buzzwole\n|-supereffective|p2a: Buzzwole\n|-damage|p2a: Buzzwole|0 fnt\n|faint|p2a: Buzzwole\n|\n|win|pozuma\n|raw|pozuma's rating: 1506 &rarr; <strong>1529</strong><br />(+23 for winning)\n|raw|aurora ltd's rating: 1564 &rarr; <strong>1541</strong><br />(-23 for losing)\n|l|☆pozuma\n|player|p1|\n", "inputlog": ">version b99ff0165a6231f17e8b78c2a78d1998375de664\n>start {\"formatid\":\"gen7randombattle\",\"seed\":\"sodium,43e1a2c8603ec07025bac8a74bacd4e0\",\"rated\":\"Rated battle\"}\n>player p1 {\"name\":\"pozuma\",\"avatar\":\"barry\",\"rating\":1506,\"seed\":\"sodium,6384a20e36be7216f7836a867ccdcb22\"}\n>player p2 {\"name\":\"aurora ltd\",\"avatar\":\"silver-gen2kanto\",\"rating\":1564,\"seed\":\"sodium,6f0b90fc490cfc8b20e066ffb8b369f5\"}\n>p1 move surf\n>p2 move psychic\n>p1 move surf\n>p2 move moonlight\n>p2 switch 5\n>p1 switch 4\n>p2 move toxic\n>p1 move stealthrock\n>p2 move uturn\n>p2 switch 6\n>p1 switch 6\n>p2 move drainpunch\n>p1 move psychic\n>p2 switch 4\n>p1 switch 2\n>p2 move flamethrower\n>p1 move calmmind\n>p2 switch 2\n>p1 move calmmind\n>p2 move nastyplot\n>p1 move hiddenpower\n>p2 move fireblast\n>p2 switch 6\n>p1 move gigadrain\n>p2 move defog\n>p1 move gigadrain\n>p2 move toxic\n>p2 switch 2\n>p1 move drainingkiss\n>p2 move ironhead\n>p1 move drainingkiss\n>p2 move ironhead\n>p2 switch 3\n>p1 move drainingkiss\n>p2 move nastyplot\n>p1 move hiddenpower\n>p2 move thunderbolt\n>p1 move drainingkiss\n>p2 move thunderbolt\n>p1 move drainingkiss\n>p2 move thunderbolt\n>p1 switch 3\n>p2 switch 4\n>p1 move hurricane\n>p2 move stoneedge", "uploadtime": 1769257749, "views": 213, "formatid": "gen7randombattle", "rating": 1529, "private": 0, "password": null}