{"id": "gen7randombattle-2523949207", "format": "[Gen 7] Random Battle", "players": ["blackbeardi", "Kurochan3"], "log": "|j|☆blackbeardi\n|j|☆Kurochan3\n|t:|1769093777\n|gametype|singles\n|player|p1|blackbeardi|170|1720\n|player|p2|Kurochan3|cynthia-gen4|1713\n|gen|7\n|tier|[Gen 7] Random Battle\n|rated|\n|rule|Sleep Clause Mod: Limit one foe put to sleep\n|rule|HP Percentage Mod: HP is shown in percentages\n|rule|Illusion Level Mod: Illusion disguises the Pokémon's true level\n|\n|t:|1769093777\n|teamsize|p1|6\n|teamsize|p2|6\n|start\n|switch|p1a: Magcargo|Magcargo, L96, F|271/271\n|switch|p2a: Vivillon|Vivillon, L85, M|275/275\n|turn|1\n|inactive|Battle timer is ON: inactive players will automatically lose when time's up. (requested by blackbeardi)\n|\n|t:|1769093787\n|switch|p2a: Luvdisc|Luvdisc, F|248/248\n|switch|p1a: Cradily|Cradily, L89, M|298/298\n|\n|upkeep\n|turn|2\n|\n|t:|1769093794\n|move|p2a: Luvdisc|Substitute|p2a: Luvdisc\n|-start|p2a: Luvdisc|Substitute\n|-damage|p2a: Luvdisc|186/248\n|move|p1a: Cradily|Giga Drain|p2a: Luvdisc\n|-supereffective|p2a: Luvdisc\n|-end|p2a: Luvdisc|Substitute\n|\n|-heal|p2a: Luvdisc|201/248|[from] item: Leftovers\n|upkeep\n|turn|3\n|\n|t:|1769093803\n|move|p2a: Luvdisc|Toxic|p1a: Cradily\n|-status|p1a: Cradily|tox\n|move|p1a: Cradily|Giga Drain|p2a: Luvdisc\n|-supereffective|p2a: Luvdisc\n|-damage|p2a: Luvdisc|51/248\n|\n|-heal|p2a: Luvdisc|66/248|[from] item: Leftovers\n|-damage|p1a: Cradily|280/298 tox|[from] psn\n|upkeep\n|turn|4\n|\n|t:|1769093820\n|switch|p1a: Luxray|Luxray, L88, F|284/284\n|move|p2a: Luvdisc|Protect||[still]\n|-fail|p2a: Luvdisc\n|\n|-heal|p2a: Luvdisc|81/248|[from] item: Leftovers\n|-status|p1a: Luxray|brn|[from] item: Flame Orb\n|upkeep\n|turn|5\n|\n|t:|1769093829\n|switch|p2a: Avalugg|Avalugg, L90, M|317/317\n|move|p1a: Luxray|Wild Charge|p2a: Avalugg\n|-damage|p2a: Avalugg|214/317\n|-damage|p1a: Luxray|258/284 brn|[from] Recoil\n|\n|-heal|p2a: Avalugg|233/317|[from] item: Leftovers\n|-damage|p1a: Luxray|241/284 brn|[from] brn\n|upkeep\n|turn|6\n|\n|t:|1769093843\n|switch|p1a: Blastoise|Blastoise, L82, M|264/264\n|move|p2a: Avalugg|Recover|p2a: Avalugg\n|-heal|p2a: Avalugg|317/317\n|\n|upkeep\n|turn|7\n|\n|t:|1769093852\n|switch|p2a: Pachirisu|Pachirisu, L96, M|271/271\n|detailschange|p1a: Blastoise|Blastoise-Mega, L82, M\n|-mega|p1a: Blastoise|Blastoise|Blastoisinite\n|move|p1a: Blastoise|Scald|p2a: Pachirisu\n|-damage|p2a: Pachirisu|177/271\n|\n|-heal|p2a: Pachirisu|193/271|[from] item: Leftovers\n|upkeep\n|turn|8\n|\n|t:|1769093863\n|switch|p1a: Gliscor|Gliscor, L78, M|245/245\n|move|p2a: Pachirisu|U-turn|p1a: Gliscor\n|-resisted|p1a: Gliscor\n|-crit|p1a: Gliscor\n|-damage|p1a: Gliscor|223/245\n|\n|t:|1769093873\n|switch|p2a: Luvdisc|Luvdisc, F|81/248|[from] U-turn\n|\n|-heal|p2a: Luvdisc|96/248|[from] item: Leftovers\n|-status|p1a: Gliscor|tox|[from] item: Toxic Orb\n|upkeep\n|turn|9\n|inactive|blackbeardi has 120 seconds left.\n|\n|t:|1769093904\n|move|p2a: Luvdisc|Substitute|p2a: Luvdisc\n|-start|p2a: Luvdisc|Substitute\n|-damage|p2a: Luvdisc|34/248\n|move|p1a: Gliscor|Earthquake|p2a: Luvdisc\n|-end|p2a: Luvdisc|Substitute\n|\n|-heal|p2a: Luvdisc|49/248|[from] item: Leftovers\n|-heal|p1a: Gliscor|245/245 tox|[from] ability: Poison Heal\n|upkeep\n|turn|10\n|\n|t:|1769093914\n|move|p2a: Luvdisc|Scald|p1a: Gliscor\n|-supereffective|p1a: Gliscor\n|-damage|p1a: Gliscor|75/245 tox\n|move|p1a: Gliscor|Earthquake|p2a: Luvdisc\n|-damage|p2a: Luvdisc|0 fnt\n|faint|p2a: Luvdisc\n|\n|-heal|p1a: Gliscor|105/245 tox|[from] ability: Poison Heal\n|upkeep\n|\n|t:|1769093919\n|switch|p2a: Staraptor|Staraptor, L80, M|267/267\n|turn|11\n|\n|t:|1769093933\n|move|p1a: Gliscor|Protect|p1a: Gliscor\n|-singleturn|p1a: Gliscor|Protect\n|move|p2a: Staraptor|Close Combat|p1a: Gliscor\n|-activate|p1a: Gliscor|move: Protect\n|\n|-heal|p1a: Gliscor|135/245 tox|[from] ability: Poison Heal\n|upkeep\n|turn|12\n|l|☆Kurochan3\n|inactive|Kurochan3 disconnected and has a minute to reconnect!\n|player|p2|\n|inactive|Kurochan3 has 30 seconds to reconnect!\n|inactive|Kurochan3 has 20 seconds to reconnect!\n|j|☆Kurochan3\n|inactive|Kurochan3 reconnected and has 100 seconds left.\n|player|p2|Kurochan3|cynthia-gen4|\n|inactive|Kurochan3 has 90 seconds left.\n|\n|t:|1769093995\n|switch|p2a: Pachirisu|Pachirisu, L96, M|193/271\n|move|p1a: Gliscor|Toxic|p2a: Pachirisu\n|-status|p2a: Pachirisu|tox\n|\n|-heal|p2a: Pachirisu|209/271 tox|[from] item: Leftovers\n|-damage|p2a: Pachirisu|193/271 tox|[from] psn\n|-heal|p1a: Gliscor|165/245 tox|[from] ability: Poison Heal\n|upkeep\n|turn|13\n|inactive|blackbeardi has 120 seconds left.\n|\n|t:|1769094026\n|switch|p2a: Hariyama|Hariyama, L87, M|392/392\n|move|p1a: Gliscor|Toxic|p2a: Hariyama\n|-status|p2a: Hariyama|tox\n|\n|-heal|p1a: Gliscor|195/245 tox|[from] ability: Poison Heal\n|-damage|p2a: Hariyama|368/392 tox|[from] psn\n|upkeep\n|turn|14\n|inactive|blackbeardi has 120 seconds left.\n|l|☆Kurochan3\n|inactive|Kurochan3 disconnected and has a minute to reconnect!\n|player|p2|\n|inactive|Kurochan3 has 30 seconds to reconnect!\n|inactive|Kurochan3 has 20 seconds to reconnect!\n|inactive|Kurochan3 has 15 seconds to reconnect!\n|inactive|Kurochan3 has 10 seconds to reconnect!\n|inactive|Kurochan3 has 5 seconds to reconnect!\n|-message|Kurochan3 lost due to inactivity.\n|\n|win|blackbeardi\n|raw|blackbeardi's rating: 1720 &rarr; <strong>1740</strong><br />(+20 for winning)\n|raw|Kurochan3's rating: 1713 &rarr; <strong>1693</strong><br />(-20 for losing)\n|l|☆blackbeardi\n|player|p1|\n|j|☆Kurochan3\n|player|p2|Kurochan3|cynthia-gen4|\n|l|☆Kurochan3\n|player|p2|\n", "inputlog": ">version dd3d52b8382d73d1dd2c67730c4067df325ab790\n>start {\"formatid\":\"gen7randombattle\",\"seed\":\"sodium,df9969f74bc4eb05cce179f743f88bde\",\"rated\":\"Rated battle\"}\n>player p1 {\"name\":\"blackbeardi\",\"avatar\":\"170\",\"rating\":1720,\"seed\":\"sodium,3b73f085063fe978d91a69c8a5a3e0e3\"}\n>player p2 {\"name\":\"Kurochan3\",\"avatar\":\"cynthia-gen4\",\"rating\":1713,\"seed\":\"sodium,42f828eed46c58883a657c0926c8d9db\"}\n>p1 switch 6\n>p2 switch 4\n>p1 move gigadrain\n>p2 move substitute\n>p1 move gigadrain\n>p2 move toxic\n>p1 switch 5\n>p2 move protect\n>p1 move wildcharge\n>p2 switch 2\n>p1 switch 4\n>p2 move recover\n>p1 move scald mega\n>p2 switch 6\n>p1 switch 3\n>p2 move uturn\n>p2 switch 2\n>p1 move earthquake\n>p2 move substitute\n>p1 move earthquake\n>p2 move scald\n>p2 switch 3\n>p1 move protect\n>p2 move closecombat\n>p1 move toxic\n>p2 switch 2\n>p1 move toxic\n>p2 switch 5\n>forcelose p2", "uploadtime": 1769094150, "views": 143, "formatid": "gen7randombattle", "rating": 1693, "private": 0, "password": null}