{"id": "gen7randombattle-2534574371", "format": "[Gen 7] Random Battle", "players": ["MimikyuTrainerAsh", "jwsj5852"], "log": "|j|☆MimikyuTrainerAsh\n|j|☆jwsj5852\n|t:|1770439289\n|gametype|singles\n|player|p1|MimikyuTrainerAsh|pokekid|1608\n|player|p2|jwsj5852|caitlin|1577\n|gen|7\n|tier|[Gen 7] Random Battle\n|rated|\n|rule|Sleep Clause Mod: Limit one foe put to sleep\n|rule|HP Percentage Mod: HP is shown in percentages\n|rule|Illusion Level Mod: Illusion disguises the Pokémon's true level\n|\n|t:|1770439289\n|teamsize|p1|6\n|teamsize|p2|6\n|start\n|switch|p1a: Maractus|Maractus, M|312/312\n|switch|p2a: Lumineon|Lumineon, L93, F|279/279\n|turn|1\n|inactive|Battle timer is ON: inactive players will automatically lose when time's up. (requested by MimikyuTrainerAsh)\n|\n|t:|1770439297\n|move|p2a: Lumineon|U-turn|p1a: Maractus\n|-supereffective|p1a: Maractus\n|-damage|p1a: Maractus|210/312\n|\n|t:|1770439306\n|switch|p2a: Ariados|Ariados, L92, M|278/278|[from] U-turn\n|move|p1a: Maractus|Leech Seed|p2a: Ariados\n|-start|p2a: Ariados|move: Leech Seed\n|\n|-heal|p1a: Maractus|229/312|[from] item: Leftovers\n|-damage|p2a: Ariados|244/278|[from] Leech Seed|[of] p1a: Maractus\n|-heal|p1a: Maractus|263/312|[silent]\n|upkeep\n|turn|2\n|\n|t:|1770439312\n|switch|p1a: Fearow|Fearow, L88, F|258/258\n|move|p2a: Ariados|Sticky Web|p1a: Fearow\n|-sidestart|p1: MimikyuTrainerAsh|move: Sticky Web\n|\n|-heal|p2a: Ariados|261/278|[from] item: Black Sludge\n|-damage|p2a: Ariados|227/278|[from] Leech Seed|[of] p1a: Fearow\n|upkeep\n|turn|3\n|\n|t:|1770439321\n|switch|p2a: Togekiss|Togekiss, L81, F|270/270\n|move|p1a: Fearow|Drill Peck|p2a: Togekiss\n|-damage|p2a: Togekiss|149/270\n|\n|-heal|p2a: Togekiss|165/270|[from] item: Leftovers\n|upkeep\n|turn|4\n|\n|t:|1770439327\n|move|p1a: Fearow|Drill Peck|p2a: Togekiss\n|-damage|p2a: Togekiss|45/270\n|move|p2a: Togekiss|Thunder Wave|p1a: Fearow\n|-status|p1a: Fearow|par\n|\n|-heal|p2a: Togekiss|61/270|[from] item: Leftovers\n|upkeep\n|turn|5\n|\n|t:|1770439332\n|move|p2a: Togekiss|Roost|p2a: Togekiss\n|-heal|p2a: Togekiss|196/270\n|-singleturn|p2a: Togekiss|move: Roost\n|move|p1a: Fearow|Drill Peck|p2a: Togekiss\n|-crit|p2a: Togekiss\n|-damage|p2a: Togekiss|0 fnt\n|faint|p2a: Togekiss\n|\n|upkeep\n|\n|t:|1770439336\n|switch|p2a: Nihilego|Nihilego, L79|302/302\n|turn|6\n|\n|t:|1770439341\n|switch|p1a: Carbink|Carbink, L92|241/241\n|-activate|p1a: Carbink|move: Sticky Web\n|-unboost|p1a: Carbink|spe|1\n|move|p2a: Nihilego|Power Gem|p1a: Carbink\n|-damage|p1a: Carbink|189/241\n|\n|upkeep\n|turn|7\n|\n|t:|1770439348\n|switch|p2a: Lumineon|Lumineon, L93, F|279/279\n|move|p1a: Carbink|Light Screen|p1a: Carbink\n|-sidestart|p1: MimikyuTrainerAsh|move: Light Screen\n|\n|upkeep\n|turn|8\n|\n|t:|1770439353\n|switch|p1a: Maractus|Maractus, M|263/312\n|-activate|p1a: Maractus|move: Sticky Web\n|-unboost|p1a: Maractus|spe|1\n|move|p2a: Lumineon|Toxic|p1a: Maractus\n|-status|p1a: Maractus|tox\n|\n|-heal|p1a: Maractus|282/312 tox|[from] item: Leftovers\n|-damage|p1a: Maractus|263/312 tox|[from] psn\n|upkeep\n|turn|9\n|\n|t:|1770439359\n|move|p2a: Lumineon|U-turn|p1a: Maractus\n|-supereffective|p1a: Maractus\n|-damage|p1a: Maractus|159/312 tox\n|\n|t:|1770439361\n|switch|p2a: Nihilego|Nihilego, L79|302/302|[from] U-turn\n|move|p1a: Maractus|Leech Seed|p2a: Nihilego\n|-start|p2a: Nihilego|move: Leech Seed\n|\n|-heal|p1a: Maractus|178/312 tox|[from] item: Leftovers\n|-damage|p2a: Nihilego|265/302|[from] Leech Seed|[of] p1a: Maractus\n|-heal|p1a: Maractus|215/312 tox|[silent]\n|-damage|p1a: Maractus|177/312 tox|[from] psn\n|upkeep\n|turn|10\n|\n|t:|1770439369\n|move|p1a: Maractus|Spiky Shield|p1a: Maractus\n|-singleturn|p1a: Maractus|move: Protect\n|move|p2a: Nihilego|Sludge Wave|p1a: Maractus\n|-activate|p1a: Maractus|move: Protect\n|\n|-heal|p2a: Nihilego|283/302|[from] item: Black Sludge\n|-heal|p1a: Maractus|196/312 tox|[from] item: Leftovers\n|-damage|p2a: Nihilego|246/302|[from] Leech Seed|[of] p1a: Maractus\n|-heal|p1a: Maractus|233/312 tox|[silent]\n|-damage|p1a: Maractus|176/312 tox|[from] psn\n|upkeep\n|turn|11\n|\n|t:|1770439374\n|switch|p1a: Golem|Golem-Alola, L90, F|290/290\n|-activate|p1a: Golem|move: Sticky Web\n|-unboost|p1a: Golem|spe|1\n|move|p2a: Nihilego|Sludge Wave|p1a: Golem\n|-resisted|p1a: Golem\n|-damage|p1a: Golem|259/290\n|\n|-heal|p2a: Nihilego|264/302|[from] item: Black Sludge\n|-damage|p2a: Nihilego|227/302|[from] Leech Seed|[of] p1a: Golem\n|-heal|p1a: Golem|290/290|[silent]\n|upkeep\n|turn|12\n|\n|t:|1770439385\n|switch|p2a: Celebi|Celebi, L82|298/298\n|move|p1a: Golem|Return|p2a: Celebi\n|-resisted|p2a: Celebi\n|-damage|p2a: Celebi|170/298\n|\n|-heal|p2a: Celebi|188/298|[from] item: Leftovers\n|upkeep\n|turn|13\n|\n|t:|1770439391\n|switch|p1a: Maractus|Maractus, M|176/312 tox\n|-activate|p1a: Maractus|move: Sticky Web\n|-unboost|p1a: Maractus|spe|1\n|move|p2a: Celebi|Stealth Rock|p1a: Maractus\n|-sidestart|p1: MimikyuTrainerAsh|move: Stealth Rock\n|\n|-heal|p2a: Celebi|206/298|[from] item: Leftovers\n|-heal|p1a: Maractus|195/312 tox|[from] item: Leftovers\n|-damage|p1a: Maractus|176/312 tox|[from] psn\n|upkeep\n|turn|14\n|\n|t:|1770439396\n|move|p2a: Celebi|U-turn|p1a: Maractus\n|-supereffective|p1a: Maractus\n|-damage|p1a: Maractus|70/312 tox\n|\n|t:|1770439400\n|switch|p2a: Nihilego|Nihilego, L79|227/302|[from] U-turn\n|move|p1a: Maractus|Giga Drain|p2a: Nihilego\n|-damage|p2a: Nihilego|127/302\n|-heal|p1a: Maractus|120/312 tox|[from] drain|[of] p2a: Nihilego\n|\n|-heal|p2a: Nihilego|145/302|[from] item: Black Sludge\n|-heal|p1a: Maractus|139/312 tox|[from] item: Leftovers\n|-damage|p1a: Maractus|101/312 tox|[from] psn\n|-sideend|p1: MimikyuTrainerAsh|move: Light Screen\n|upkeep\n|turn|15\n|\n|t:|1770439404\n|move|p2a: Nihilego|Power Gem|p1a: Maractus\n|-damage|p1a: Maractus|8/312 tox\n|move|p1a: Maractus|Giga Drain|p2a: Nihilego\n|-damage|p2a: Nihilego|48/302\n|-heal|p1a: Maractus|57/312 tox|[from] drain|[of] p2a: Nihilego\n|\n|-heal|p2a: Nihilego|66/302|[from] item: Black Sludge\n|-heal|p1a: Maractus|76/312 tox|[from] item: Leftovers\n|-damage|p1a: Maractus|19/312 tox|[from] psn\n|upkeep\n|turn|16\n|\n|t:|1770439408\n|move|p1a: Maractus|Spiky Shield|p1a: Maractus\n|-singleturn|p1a: Maractus|move: Protect\n|move|p2a: Nihilego|Power Gem|p1a: Maractus\n|-activate|p1a: Maractus|move: Protect\n|\n|-heal|p2a: Nihilego|84/302|[from] item: Black Sludge\n|-heal|p1a: Maractus|38/312 tox|[from] item: Leftovers\n|-damage|p1a: Maractus|0 fnt|[from] psn\n|faint|p1a: Maractus\n|upkeep\n|\n|t:|1770439422\n|switch|p1a: Golem|Golem-Alola, L90, F|290/290\n|-activate|p1a: Golem|move: Sticky Web\n|-unboost|p1a: Golem|spe|1\n|-damage|p1a: Golem|254/290|[from] Stealth Rock\n|turn|17\n|\n|t:|1770439431\n|switch|p2a: Celebi|Celebi, L82|206/298\n|move|p1a: Golem|Return|p2a: Celebi\n|-resisted|p2a: Celebi\n|-damage|p2a: Celebi|90/298\n|\n|-heal|p2a: Celebi|108/298|[from] item: Leftovers\n|upkeep\n|turn|18\n|\n|t:|1770439437\n|switch|p1a: Carbink|Carbink, L92|189/241\n|-activate|p1a: Carbink|move: Sticky Web\n|-unboost|p1a: Carbink|spe|1\n|-damage|p1a: Carbink|159/241|[from] Stealth Rock\n|move|p2a: Celebi|Recover|p2a: Celebi\n|-heal|p2a: Celebi|257/298\n|\n|-heal|p2a: Celebi|275/298|[from] item: Leftovers\n|upkeep\n|turn|19\n|\n|t:|1770439441\n|move|p2a: Celebi|Leaf Storm|p1a: Carbink\n|-supereffective|p1a: Carbink\n|-damage|p1a: Carbink|0 fnt\n|-unboost|p2a: Celebi|spa|2\n|faint|p1a: Carbink\n|\n|-heal|p2a: Celebi|293/298|[from] item: Leftovers\n|upkeep\n|\n|t:|1770439445\n|switch|p1a: Octillery|Octillery, L96, F|299/299\n|-activate|p1a: Octillery|move: Sticky Web\n|-unboost|p1a: Octillery|spe|1\n|-damage|p1a: Octillery|262/299|[from] Stealth Rock\n|turn|20\n|\n|t:|1770439449\n|move|p2a: Celebi|U-turn|p1a: Octillery\n|-damage|p1a: Octillery|211/299\n|\n|t:|1770439452\n|switch|p2a: Lumineon|Lumineon, L93, F|279/279|[from] U-turn\n|move|p1a: Octillery|Fire Blast|p2a: Lumineon\n|-resisted|p2a: Lumineon\n|-damage|p2a: Lumineon|206/279\n|\n|-heal|p2a: Lumineon|223/279|[from] item: Leftovers\n|upkeep\n|turn|21\n|\n|t:|1770439457\n|switch|p1a: Fearow|Fearow, L88, F|258/258 par\n|-damage|p1a: Fearow|194/258 par|[from] Stealth Rock\n|move|p2a: Lumineon|Toxic||[still]\n|-fail|p2a: Lumineon\n|\n|-heal|p2a: Lumineon|240/279|[from] item: Leftovers\n|upkeep\n|turn|22\n|\n|t:|1770439463\n|move|p2a: Lumineon|Scald|p1a: Fearow\n|-damage|p1a: Fearow|94/258 par\n|move|p1a: Fearow|U-turn|p2a: Lumineon\n|-damage|p2a: Lumineon|163/279\n|\n|t:|1770439466\n|switch|p1a: Octillery|Octillery, L96, F|211/299|[from] U-turn\n|-activate|p1a: Octillery|move: Sticky Web\n|-unboost|p1a: Octillery|spe|1\n|-damage|p1a: Octillery|174/299|[from] Stealth Rock\n|\n|-heal|p2a: Lumineon|180/279|[from] item: Leftovers\n|upkeep\n|turn|23\n|\n|t:|1770439474\n|move|p2a: Lumineon|U-turn|p1a: Octillery\n|-damage|p1a: Octillery|126/299\n|\n|t:|1770439475\n|switch|p2a: Ariados|Ariados, L92, M|227/278|[from] U-turn\n|move|p1a: Octillery|Energy Ball|p2a: Ariados\n|-resisted|p2a: Ariados\n|-damage|p2a: Ariados|191/278\n|\n|-heal|p2a: Ariados|208/278|[from] item: Black Sludge\n|upkeep\n|turn|24\n|\n|t:|1770439481\n|switch|p2a: Lumineon|Lumineon, L93, F|180/279\n|switch|p1a: Fearow|Fearow, L88, F|94/258 par\n|-damage|p1a: Fearow|30/258 par|[from] Stealth Rock\n|\n|-heal|p2a: Lumineon|197/279|[from] item: Leftovers\n|upkeep\n|turn|25\n|\n|t:|1770439484\n|move|p2a: Lumineon|Scald|p1a: Fearow\n|-damage|p1a: Fearow|0 fnt\n|faint|p1a: Fearow\n|\n|-heal|p2a: Lumineon|214/279|[from] item: Leftovers\n|upkeep\n|c|☆MimikyuTrainerAsh|i hate annoying players bru\n|-message|MimikyuTrainerAsh forfeited.\n|\n|win|jwsj5852\n|raw|MimikyuTrainerAsh's rating: 1608 &rarr; <strong>1586</strong><br />(-22 for losing)\n|raw|jwsj5852's rating: 1577 &rarr; <strong>1599</strong><br />(+22 for winning)\n|l|☆MimikyuTrainerAsh\n|player|p1|\n|l|☆jwsj5852\n|player|p2|\n|j|☆jwsj5852\n|player|p2|jwsj5852|caitlin|\n", "inputlog": ">version ccdc32dd7cde25fd9e4bed64820e885f66e78a4e\n>start {\"formatid\":\"gen7randombattle\",\"seed\":\"sodium,932b5da96e2b626becaf92abc606b621\",\"rated\":\"Rated battle\"}\n>player p1 {\"name\":\"MimikyuTrainerAsh\",\"avatar\":\"pokekid\",\"rating\":1608,\"seed\":\"sodium,a5c64f707ae690963a032f06fee5c1b2\"}\n>player p2 {\"name\":\"jwsj5852\",\"avatar\":\"caitlin\",\"rating\":1577,\"seed\":\"sodium,64c799334aedceba6855389aa7306694\"}\n>p1 move leechseed\n>p2 move uturn\n>p2 switch 4\n>p1 switch 2\n>p2 move stickyweb\n>p1 move drillpeck\n>p2 switch 5\n>p1 move drillpeck\n>p2 move thunderwave\n>p1 move drillpeck\n>p2 move roost\n>p2 switch 2\n>p1 switch 5\n>p2 move powergem\n>p1 move lightscreen\n>p2 switch 4\n>p1 switch 2\n>p2 move toxic\n>p1 move leechseed\n>p2 move uturn\n>p2 switch 4\n>p1 move spikyshield\n>p2 move sludgewave\n>p1 switch 3\n>p2 move sludgewave\n>p1 move return\n>p2 switch 3\n>p1 switch 3\n>p2 move stealthrock\n>p1 move gigadrain\n>p2 move uturn\n>p2 switch 3\n>p1 move gigadrain\n>p2 move powergem\n>p1 move spikyshield\n>p2 move powergem\n>p1 switch 3\n>p1 move return\n>p2 switch 3\n>p1 switch 2\n>p2 move recover\n>p1 move lightscreen\n>p2 move leafstorm\n>p1 switch 4\n>p1 move fireblast\n>p2 move uturn\n>p2 switch 4\n>p1 switch 5\n>p2 move toxic\n>p1 move uturn\n>p2 move scald\n>p1 switch 5\n>p1 move energyball\n>p2 move uturn\n>p2 switch 5\n>p1 switch 5\n>p2 switch 5\n>p1 move drillpeck\n>p2 move scald\n>chat ☆MimikyuTrainerAsh|i hate annoying players bru\n>forcelose p1", "uploadtime": 1770439620, "views": 210, "formatid": "gen7randombattle", "rating": 1586, "private": 0, "password": null}