{"id": "gen7randombattle-2528942800", "format": "[Gen 7] Random Battle", "players": ["Pickles6192", "aurora ltd"], "log": "|j|☆Pickles6192\n|j|☆aurora ltd\n|t:|1769720098\n|gametype|singles\n|player|p1|Pickles6192|1|1573\n|player|p2|aurora ltd|silver-gen2kanto|1485\n|gen|7\n|tier|[Gen 7] Random Battle\n|rated|\n|rule|Sleep Clause Mod: Limit one foe put to sleep\n|rule|HP Percentage Mod: HP is shown in percentages\n|rule|Illusion Level Mod: Illusion disguises the Pokémon's true level\n|\n|t:|1769720098\n|teamsize|p1|6\n|teamsize|p2|6\n|start\n|switch|p1a: Victini|Victini, L76|277/277\n|switch|p2a: Slowbro|Slowbro, L83, F|293/293\n|turn|1\n|inactive|Battle timer is ON: inactive players will automatically lose when time's up. (requested by Pickles6192)\n|\n|t:|1769720128\n|detailschange|p2a: Slowbro|Slowbro-Mega, L83, F\n|-mega|p2a: Slowbro|Slowbro|Slowbronite\n|move|p1a: Victini|U-turn|p2a: Slowbro\n|-supereffective|p2a: Slowbro\n|-damage|p2a: Slowbro|217/293\n|inactive|Pickles6192 has 120 seconds left.\n|\n|t:|1769720167\n|switch|p1a: Drapion|Drapion, L83, F|252/252|[from] U-turn\n|move|p2a: Slowbro|Calm Mind|p2a: Slowbro\n|-boost|p2a: Slowbro|spa|1\n|-boost|p2a: Slowbro|spd|1\n|\n|upkeep\n|turn|2\n|\n|t:|1769720186\n|move|p1a: Drapion|Knock Off|p2a: Slowbro\n|-supereffective|p2a: Slowbro\n|-damage|p2a: Slowbro|113/293\n|move|p2a: Slowbro|Scald|p1a: Drapion\n|-damage|p1a: Drapion|86/252\n|-status|p1a: Drapion|brn\n|\n|-damage|p1a: Drapion|71/252 brn|[from] brn\n|upkeep\n|turn|3\n|\n|t:|1769720195\n|move|p1a: Drapion|Knock Off|p2a: Slowbro\n|-supereffective|p2a: Slowbro\n|-damage|p2a: Slowbro|59/293\n|move|p2a: Slowbro|Slack Off|p2a: Slowbro\n|-heal|p2a: Slowbro|206/293\n|\n|-damage|p1a: Drapion|56/252 brn|[from] brn\n|upkeep\n|turn|4\n|\n|t:|1769720207\n|move|p1a: Drapion|Knock Off|p2a: Slowbro\n|-supereffective|p2a: Slowbro\n|-damage|p2a: Slowbro|152/293\n|move|p2a: Slowbro|Scald|p1a: Drapion\n|-damage|p1a: Drapion|0 fnt\n|faint|p1a: Drapion\n|\n|upkeep\n|\n|t:|1769720232\n|switch|p1a: Victini|Victini, L76|277/277\n|turn|5\n|\n|t:|1769720253\n|move|p1a: Victini|Bolt Strike|p2a: Slowbro\n|-supereffective|p2a: Slowbro\n|-damage|p2a: Slowbro|20/293\n|move|p2a: Slowbro|Slack Off|p2a: Slowbro\n|-heal|p2a: Slowbro|167/293\n|\n|upkeep\n|turn|6\n|\n|t:|1769720267\n|switch|p1a: Altaria|Altaria, L79, M|248/248\n|move|p2a: Slowbro|Slack Off|p2a: Slowbro\n|-heal|p2a: Slowbro|293/293\n|\n|upkeep\n|turn|7\n|\n|t:|1769720289\n|detailschange|p1a: Altaria|Altaria-Mega, L79, M\n|-mega|p1a: Altaria|Altaria|Altarianite\n|move|p1a: Altaria|Dragon Dance|p1a: Altaria\n|-boost|p1a: Altaria|atk|1\n|-boost|p1a: Altaria|spe|1\n|move|p2a: Slowbro|Psyshock|p1a: Altaria\n|-damage|p1a: Altaria|115/248\n|\n|upkeep\n|turn|8\n|\n|t:|1769720299\n|move|p1a: Altaria|Return|p2a: Slowbro\n|-damage|p2a: Slowbro|191/293\n|move|p2a: Slowbro|Psyshock|p1a: Altaria\n|-damage|p1a: Altaria|0 fnt\n|faint|p1a: Altaria\n|detailschange|p1: Altaria|Altaria, L79, M|[silent]\n|\n|upkeep\n|-message|Pickles6192 forfeited.\n|\n|win|aurora ltd\n|raw|Pickles6192's rating: 1573 &rarr; <strong>1548</strong><br />(-25 for losing)\n|raw|aurora ltd's rating: 1485 &rarr; <strong>1510</strong><br />(+25 for winning)\n|l|☆Pickles6192\n|player|p1|\n", "inputlog": ">version b99ff0165a6231f17e8b78c2a78d1998375de664\n>start {\"formatid\":\"gen7randombattle\",\"seed\":\"sodium,e1cf5215eb1c6c6859812f4567ff0242\",\"rated\":\"Rated battle\"}\n>player p1 {\"name\":\"Pickles6192\",\"avatar\":\"1\",\"rating\":1573,\"seed\":\"sodium,ef5614eff627a7fa08d26da89cf875fc\"}\n>player p2 {\"name\":\"aurora ltd\",\"avatar\":\"silver-gen2kanto\",\"rating\":1485,\"seed\":\"sodium,701358d37ccec69656e8ecf753437939\"}\n>p1 move uturn\n>p2 move calmmind mega\n>p1 switch 5\n>p1 move knockoff\n>p2 move scald\n>p1 move knockoff\n>p2 move slackoff\n>p1 move knockoff\n>p2 move scald\n>p1 switch 5\n>p1 move boltstrike\n>p2 move slackoff\n>p1 switch 6\n>p2 move slackoff\n>p1 move dragondance mega\n>p2 move psyshock\n>p1 move return\n>p2 move psyshock\n>forcelose p1", "uploadtime": 1769720320, "views": 172, "formatid": "gen7randombattle", "rating": 1510, "private": 0, "password": null}