{"id": "gen7randombattle-2524230531", "format": "[Gen 7] Random Battle", "players": ["killmonger1397", "ArchenWarrior"], "log": "|j|☆killmonger1397\n|j|☆ArchenWarrior\n|t:|1769120373\n|gametype|singles\n|player|p1|killmonger1397|265|1577\n|player|p2|ArchenWarrior|proton|1586\n|gen|7\n|tier|[Gen 7] Random Battle\n|rated|\n|rule|Sleep Clause Mod: Limit one foe put to sleep\n|rule|HP Percentage Mod: HP is shown in percentages\n|rule|Illusion Level Mod: Illusion disguises the Pokémon's true level\n|\n|t:|1769120373\n|teamsize|p1|6\n|teamsize|p2|6\n|start\n|switch|p1a: Alomomola|Alomomola, L87, M|429/429\n|switch|p2a: Salazzle|Salazzle, L84, F|251/251\n|turn|1\n|\n|t:|1769120416\n|move|p2a: Salazzle|Toxic|p1a: Alomomola\n|-status|p1a: Alomomola|tox\n|move|p1a: Alomomola|Scald|p2a: Salazzle\n|-supereffective|p2a: Salazzle\n|-damage|p2a: Salazzle|107/251\n|\n|-heal|p2a: Salazzle|122/251|[from] item: Black Sludge\n|-damage|p1a: Alomomola|403/429 tox|[from] psn\n|upkeep\n|turn|2\n|\n|t:|1769120420\n|move|p2a: Salazzle|Protect|p2a: Salazzle\n|-singleturn|p2a: Salazzle|Protect\n|move|p1a: Alomomola|Scald|p2a: Salazzle\n|-activate|p2a: Salazzle|move: Protect\n|\n|-heal|p2a: Salazzle|137/251|[from] item: Black Sludge\n|-damage|p1a: Alomomola|351/429 tox|[from] psn\n|upkeep\n|turn|3\n|\n|t:|1769120427\n|switch|p2a: Walrein|Walrein, L90, M|344/344\n|move|p1a: Alomomola|Scald|p2a: Walrein\n|-resisted|p2a: Walrein\n|-crit|p2a: Walrein\n|-damage|p2a: Walrein|308/344\n|\n|-heal|p2a: Walrein|329/344|[from] item: Leftovers\n|-damage|p1a: Alomomola|273/429 tox|[from] psn\n|upkeep\n|turn|4\n|\n|t:|1769120436\n|switch|p2a: Salazzle|Salazzle, L84, F|137/251\n|switch|p1a: Grumpig|Grumpig, L93, M|300/300\n|\n|-heal|p2a: Salazzle|152/251|[from] item: Black Sludge\n|upkeep\n|turn|5\n|\n|t:|1769120447\n|switch|p2a: Armaldo|Armaldo, L89, M|278/278\n|move|p1a: Grumpig|Calm Mind|p1a: Grumpig\n|-boost|p1a: Grumpig|spa|1\n|-boost|p1a: Grumpig|spd|1\n|\n|upkeep\n|turn|6\n|\n|t:|1769120462\n|move|p1a: Grumpig|Psyshock|p2a: Armaldo\n|-damage|p2a: Armaldo|163/278\n|move|p2a: Armaldo|X-Scissor|p1a: Grumpig\n|-supereffective|p1a: Grumpig\n|-damage|p1a: Grumpig|34/300\n|-enditem|p1a: Grumpig|Wiki Berry|[eat]\n|-heal|p1a: Grumpig|184/300|[from] item: Wiki Berry\n|\n|-heal|p2a: Armaldo|180/278|[from] item: Leftovers\n|upkeep\n|turn|7\n|\n|t:|1769120487\n|move|p1a: Grumpig|Recycle|p1a: Grumpig\n|-item|p1a: Grumpig|Wiki Berry|[from] move: Recycle\n|move|p2a: Armaldo|Stealth Rock|p1a: Grumpig\n|-sidestart|p1: killmonger1397|move: Stealth Rock\n|\n|-heal|p2a: Armaldo|197/278|[from] item: Leftovers\n|upkeep\n|turn|8\n|\n|t:|1769120495\n|move|p1a: Grumpig|Psyshock|p2a: Armaldo\n|-damage|p2a: Armaldo|74/278\n|move|p2a: Armaldo|X-Scissor|p1a: Grumpig\n|-supereffective|p1a: Grumpig\n|-damage|p1a: Grumpig|0 fnt\n|faint|p1a: Grumpig\n|\n|-heal|p2a: Armaldo|91/278|[from] item: Leftovers\n|upkeep\n|\n|t:|1769120505\n|switch|p1a: Zapdos|Zapdos, L79|272/272\n|-damage|p1a: Zapdos|204/272|[from] Stealth Rock\n|turn|9\n|\n|t:|1769120518\n|move|p1a: Zapdos|Discharge|p2a: Armaldo\n|-damage|p2a: Armaldo|6/278\n|move|p2a: Armaldo|Stone Edge|p1a: Zapdos\n|-supereffective|p1a: Zapdos\n|-damage|p1a: Zapdos|0 fnt\n|faint|p1a: Zapdos\n|\n|-heal|p2a: Armaldo|23/278|[from] item: Leftovers\n|upkeep\n|-message|killmonger1397 forfeited.\n|\n|win|ArchenWarrior\n|raw|killmonger1397's rating: 1577 &rarr; <strong>1558</strong><br />(-19 for losing)\n|raw|ArchenWarrior's rating: 1586 &rarr; <strong>1605</strong><br />(+19 for winning)\n|l|☆killmonger1397\n|player|p1|\n", "inputlog": ">version dd3d52b8382d73d1dd2c67730c4067df325ab790\n>start {\"formatid\":\"gen7randombattle\",\"seed\":\"sodium,e4ff4043fd7e7717aeec58e2ce478346\",\"rated\":\"Rated battle\"}\n>player p1 {\"name\":\"killmonger1397\",\"avatar\":\"265\",\"rating\":1577,\"seed\":\"sodium,2d7b22b5ad87d239e365e0b4558fa0df\"}\n>player p2 {\"name\":\"ArchenWarrior\",\"avatar\":\"proton\",\"rating\":1586,\"seed\":\"sodium,61d2beb85d3c7d0c9059b14f06753694\"}\n>p1 move scald\n>p2 move toxic\n>p1 move scald\n>p2 move protect\n>p1 move scald\n>p2 switch 6\n>p1 switch 2\n>p2 switch 6\n>p1 move calmmind\n>p2 switch 2\n>p1 move psyshock\n>p2 move xscissor\n>p1 move recycle\n>p2 move stealthrock\n>p1 move psyshock\n>p2 move xscissor\n>p1 switch 3\n>p1 move discharge\n>p2 move stoneedge\n>forcelose p1", "uploadtime": 1769120534, "views": 144, "formatid": "gen7randombattle", "rating": 1558, "private": 0, "password": null}