{"id": "gen7randombattle-2527375095", "format": "[Gen 7] Random Battle", "players": ["H4y4sh1", "sohrob3"], "log": "|j|☆H4y4sh1\n|j|☆sohrob3\n|t:|1769532589\n|gametype|singles\n|player|p1|H4y4sh1|hilbert-masters2|1651\n|player|p2|sohrob3|101|1604\n|gen|7\n|tier|[Gen 7] Random Battle\n|rated|\n|rule|Sleep Clause Mod: Limit one foe put to sleep\n|rule|HP Percentage Mod: HP is shown in percentages\n|rule|Illusion Level Mod: Illusion disguises the Pokémon's true level\n|\n|t:|1769532589\n|teamsize|p1|6\n|teamsize|p2|6\n|start\n|switch|p1a: Xerneas|Xerneas, L65|272/272\n|switch|p2a: Gastrodon|Gastrodon, L88, F|339/339\n|-ability|p1a: Xerneas|Fairy Aura\n|turn|1\n|inactive|Battle timer is ON: inactive players will automatically lose when time's up. (requested by H4y4sh1)\n|\n|t:|1769532612\n|switch|p1a: Celesteela|Celesteela, L78|279/279\n|move|p2a: Gastrodon|Clear Smog|p1a: Celesteela\n|-immune|p1a: Celesteela\n|\n|upkeep\n|turn|2\n|\n|t:|1769532627\n|switch|p2a: Lickilicky|Lickilicky, L89, F|341/341\n|move|p1a: Celesteela|Air Slash|p2a: Lickilicky\n|-damage|p2a: Lickilicky|293/341\n|\n|upkeep\n|turn|3\n|inactive|H4y4sh1 has 120 seconds left.\n|inactive|H4y4sh1 has 90 seconds left.\n|\n|t:|1769532688\n|move|p1a: Celesteela|Heavy Slam|p2a: Lickilicky\n|-damage|p2a: Lickilicky|194/341\n|move|p2a: Lickilicky|Body Slam|p1a: Celesteela\n|-resisted|p1a: Celesteela\n|-damage|p1a: Celesteela|237/279\n|\n|upkeep\n|turn|4\n|\n|t:|1769532700\n|move|p2a: Lickilicky|Body Slam|p1a: Celesteela\n|-resisted|p1a: Celesteela\n|-damage|p1a: Celesteela|196/279\n|-status|p1a: Celesteela|par\n|move|p1a: Celesteela|Heavy Slam|p2a: Lickilicky\n|-damage|p2a: Lickilicky|91/341\n|\n|upkeep\n|turn|5\n|\n|t:|1769532709\n|move|p2a: Lickilicky|Explosion|p1a: Celesteela\n|-resisted|p1a: Celesteela\n|-damage|p1a: Celesteela|67/279 par\n|faint|p2a: Lickilicky\n|move|p1a: Celesteela|Heavy Slam|p2: Lickilicky|[notarget]\n|-fail|p1a: Celesteela\n|\n|upkeep\n|\n|t:|1769532721\n|switch|p2a: Floatzel|Floatzel, L86, F|286/286\n|turn|6\n|\n|t:|1769532733\n|move|p2a: Floatzel|Bulk Up|p2a: Floatzel\n|-boost|p2a: Floatzel|atk|1\n|-boost|p2a: Floatzel|def|1\n|move|p1a: Celesteela|Air Slash|p2a: Floatzel\n|-damage|p2a: Floatzel|186/286\n|\n|upkeep\n|turn|7\n|\n|t:|1769532741\n|move|p2a: Floatzel|Bulk Up|p2a: Floatzel\n|-boost|p2a: Floatzel|atk|1\n|-boost|p2a: Floatzel|def|1\n|move|p1a: Celesteela|Air Slash|p2a: Floatzel\n|-damage|p2a: Floatzel|78/286\n|\n|upkeep\n|turn|8\n|\n|t:|1769532749\n|move|p2a: Floatzel|Ice Punch|p1a: Celesteela\n|-damage|p1a: Celesteela|0 fnt\n|faint|p1a: Celesteela\n|\n|upkeep\n|inactive|H4y4sh1 has 120 seconds left.\n|\n|t:|1769532773\n|switch|p1a: Kangaskhan|Kangaskhan, L75, F|281/281\n|turn|9\n|\n|t:|1769532779\n|detailschange|p1a: Kangaskhan|Kangaskhan-Mega, L75, F\n|-mega|p1a: Kangaskhan|Kangaskhan|Kangaskhanite\n|move|p1a: Kangaskhan|Sucker Punch|p2a: Floatzel\n|-damage|p2a: Floatzel|46/286\n|-damage|p2a: Floatzel|39/286\n|-hitcount|p2a: Floatzel|2\n|-zpower|p2a: Floatzel\n|move|p2a: Floatzel|All-Out Pummeling|p1a: Kangaskhan|[zeffect]\n|-supereffective|p1a: Kangaskhan\n|-damage|p1a: Kangaskhan|0 fnt\n|faint|p1a: Kangaskhan\n|detailschange|p1: Kangaskhan|Kangaskhan, L75, F|[silent]\n|\n|upkeep\n|\n|t:|1769532782\n|switch|p1a: Hitmonchan|Hitmonchan, L87, M|229/229\n|turn|10\n|\n|t:|1769532799\n|switch|p2a: Whimsicott|Whimsicott, L87, F|246/246\n|move|p1a: Hitmonchan|Mach Punch|p2a: Whimsicott\n|-resisted|p2a: Whimsicott\n|-damage|p2a: Whimsicott|218/246\n|\n|-heal|p2a: Whimsicott|233/246|[from] item: Leftovers\n|upkeep\n|turn|11\n|\n|t:|1769532807\n|switch|p1a: Mamoswine|Mamoswine, L79, M|303/303\n|move|p2a: Whimsicott|Moonblast|p1a: Mamoswine\n|-damage|p1a: Mamoswine|171/303\n|\n|-heal|p2a: Whimsicott|246/246|[from] item: Leftovers\n|upkeep\n|turn|12\n|\n|t:|1769532815\n|move|p2a: Whimsicott|U-turn|p1a: Mamoswine\n|-damage|p1a: Mamoswine|127/303\n|\n|t:|1769532817\n|switch|p2a: Floatzel|Floatzel, L86, F|39/286|[from] U-turn\n|move|p1a: Mamoswine|Stealth Rock|p2a: Floatzel\n|-sidestart|p2: sohrob3|move: Stealth Rock\n|\n|upkeep\n|turn|13\n|\n|t:|1769532824\n|move|p1a: Mamoswine|Ice Shard|p2a: Floatzel\n|-resisted|p2a: Floatzel\n|-damage|p2a: Floatzel|0 fnt\n|faint|p2a: Floatzel\n|-damage|p1a: Mamoswine|97/303|[from] item: Life Orb\n|\n|upkeep\n|\n|t:|1769532830\n|switch|p2a: Whimsicott|Whimsicott, L87, F|246/246\n|-damage|p2a: Whimsicott|216/246|[from] Stealth Rock\n|turn|14\n|\n|t:|1769532837\n|move|p1a: Mamoswine|Ice Shard|p2a: Whimsicott\n|-supereffective|p2a: Whimsicott\n|-damage|p2a: Whimsicott|83/246\n|-damage|p1a: Mamoswine|67/303|[from] item: Life Orb\n|move|p2a: Whimsicott|Moonblast|p1a: Mamoswine\n|-damage|p1a: Mamoswine|0 fnt\n|faint|p1a: Mamoswine\n|\n|-heal|p2a: Whimsicott|98/246|[from] item: Leftovers\n|upkeep\n|\n|t:|1769532845\n|switch|p1a: Xerneas|Xerneas, L65|272/272\n|-ability|p1a: Xerneas|Fairy Aura\n|turn|15\n|\n|t:|1769532851\n|move|p2a: Whimsicott|Toxic|p1a: Xerneas\n|-status|p1a: Xerneas|tox\n|move|p1a: Xerneas|Moonblast|p2a: Whimsicott\n|-damage|p2a: Whimsicott|0 fnt\n|faint|p2a: Whimsicott\n|\n|-damage|p1a: Xerneas|255/272 tox|[from] psn\n|upkeep\n|\n|t:|1769532868\n|switch|p2a: Armaldo|Armaldo, L89, M|278/278\n|-damage|p2a: Armaldo|209/278|[from] Stealth Rock\n|turn|16\n|\n|t:|1769532883\n|switch|p1a: Hitmonchan|Hitmonchan, L87, M|229/229\n|move|p2a: Armaldo|Liquidation|p1a: Hitmonchan\n|-damage|p1a: Hitmonchan|110/229\n|\n|upkeep\n|turn|17\n|\n|t:|1769532889\n|move|p1a: Hitmonchan|Drain Punch|p2a: Armaldo\n|-damage|p2a: Armaldo|110/278\n|-heal|p1a: Hitmonchan|160/229|[from] drain|[of] p2a: Armaldo\n|move|p2a: Armaldo|Liquidation|p1a: Hitmonchan\n|-damage|p1a: Hitmonchan|42/229\n|\n|upkeep\n|turn|18\n|\n|t:|1769532897\n|move|p1a: Hitmonchan|Stone Edge|p2a: Armaldo\n|-supereffective|p2a: Armaldo\n|-damage|p2a: Armaldo|0 fnt\n|faint|p2a: Armaldo\n|\n|upkeep\n|\n|t:|1769532903\n|switch|p2a: Gastrodon|Gastrodon, L88, F|339/339\n|-damage|p2a: Gastrodon|318/339|[from] Stealth Rock\n|turn|19\n|\n|t:|1769532907\n|move|p1a: Hitmonchan|Drain Punch|p2a: Gastrodon\n|-damage|p2a: Gastrodon|188/339\n|-heal|p1a: Hitmonchan|107/229|[from] drain|[of] p2a: Gastrodon\n|move|p2a: Gastrodon|Scald|p1a: Hitmonchan\n|-damage|p1a: Hitmonchan|55/229\n|\n|-heal|p2a: Gastrodon|209/339|[from] item: Leftovers\n|upkeep\n|turn|20\n|\n|t:|1769532916\n|move|p1a: Hitmonchan|Drain Punch|p2a: Gastrodon\n|-damage|p2a: Gastrodon|79/339\n|-heal|p1a: Hitmonchan|120/229|[from] drain|[of] p2a: Gastrodon\n|move|p2a: Gastrodon|Scald|p1a: Hitmonchan\n|-damage|p1a: Hitmonchan|72/229\n|\n|-heal|p2a: Gastrodon|100/339|[from] item: Leftovers\n|upkeep\n|turn|21\n|-message|sohrob3 forfeited.\n|\n|win|H4y4sh1\n|raw|H4y4sh1's rating: 1651 &rarr; <strong>1668</strong><br />(+17 for winning)\n|raw|sohrob3's rating: 1604 &rarr; <strong>1587</strong><br />(-17 for losing)\n|l|☆sohrob3\n|player|p2|\n", "inputlog": ">version b99ff0165a6231f17e8b78c2a78d1998375de664\n>start {\"formatid\":\"gen7randombattle\",\"seed\":\"sodium,be15436e29562b3b6698babe457cdb3a\",\"rated\":\"Rated battle\"}\n>player p1 {\"name\":\"H4y4sh1\",\"avatar\":\"hilbert-masters2\",\"rating\":1651,\"seed\":\"sodium,e0fe6deaa4ede2eacfa79bdda659fea1\"}\n>player p2 {\"name\":\"sohrob3\",\"avatar\":\"101\",\"rating\":1604,\"seed\":\"sodium,c3469789e6a5cabe2e842bb3f32bf530\"}\n>p1 switch 2\n>p2 move clearsmog\n>p1 move airslash\n>p2 switch 3\n>p1 move heavyslam\n>p2 move bodyslam\n>p1 move heavyslam\n>p2 move bodyslam\n>p1 move heavyslam\n>p2 move explosion\n>p2 switch 2\n>p1 move airslash\n>p2 move bulkup\n>p1 move airslash\n>p2 move bulkup\n>p1 move airslash\n>p2 move icepunch\n>p1 switch 5\n>p1 move suckerpunch mega\n>p2 move lowkick zmove\n>p1 switch 6\n>p1 move machpunch\n>p2 switch 5\n>p1 switch 4\n>p2 move moonblast\n>p1 move stealthrock\n>p2 move uturn\n>p2 switch 5\n>p1 move iceshard\n>p2 move liquidation\n>p2 switch 5\n>p1 move iceshard\n>p2 move moonblast\n>p1 switch 2\n>p1 move moonblast\n>p2 move toxic\n>p2 switch 6\n>p1 switch 4\n>p2 move liquidation\n>p1 move drainpunch\n>p2 move liquidation\n>p1 move stoneedge\n>p2 move liquidation\n>p2 switch 3\n>p1 move drainpunch\n>p2 move scald\n>p1 move drainpunch\n>p2 move scald\n>forcelose p2", "uploadtime": 1769532927, "views": 185, "formatid": "gen7randombattle", "rating": 1587, "private": 0, "password": null}