{"id": "gen7randombattle-2539436293", "format": "[Gen 7] Random Battle", "players": ["Rafaldini", "Defeat Brawler"], "log": "|j|☆Rafaldini\n|j|☆Defeat Brawler\n|t:|1771058422\n|gametype|singles\n|player|p1|Rafaldini|266|1599\n|player|p2|Defeat Brawler|molayne|1669\n|gen|7\n|tier|[Gen 7] Random Battle\n|rated|\n|rule|Sleep Clause Mod: Limit one foe put to sleep\n|rule|HP Percentage Mod: HP is shown in percentages\n|rule|Illusion Level Mod: Illusion disguises the Pokémon's true level\n|\n|t:|1771058422\n|teamsize|p1|6\n|teamsize|p2|6\n|start\n|switch|p1a: Xerneas|Xerneas, L65|272/272\n|switch|p2a: Vaporeon|Vaporeon, L86, F|364/364\n|-ability|p1a: Xerneas|Fairy Aura\n|turn|1\n|inactive|Battle timer is ON: inactive players will automatically lose when time's up. (requested by Defeat Brawler)\n|\n|t:|1771058434\n|switch|p1a: Galvantula|Galvantula, L80, M|243/243\n|move|p2a: Vaporeon|Toxic|p1a: Galvantula|[miss]\n|-miss|p2a: Vaporeon|p1a: Galvantula\n|\n|upkeep\n|turn|2\n|\n|t:|1771058453\n|switch|p2a: Mudsdale|Mudsdale, L83, M|302/302\n|move|p1a: Galvantula|Bug Buzz|p2a: Mudsdale\n|-crit|p2a: Mudsdale\n|-damage|p2a: Mudsdale|127/302\n|-ability|p2a: Mudsdale|Stamina|boost\n|-boost|p2a: Mudsdale|def|1\n|-damage|p1a: Galvantula|219/243|[from] item: Life Orb\n|\n|-heal|p2a: Mudsdale|145/302|[from] item: Leftovers\n|upkeep\n|turn|3\n|\n|t:|1771058461\n|move|p1a: Galvantula|Energy Ball|p2a: Mudsdale\n|-supereffective|p2a: Mudsdale\n|-damage|p2a: Mudsdale|0 fnt\n|faint|p2a: Mudsdale\n|-damage|p1a: Galvantula|195/243|[from] item: Life Orb\n|\n|upkeep\n|\n|t:|1771058470\n|switch|p2a: Reshiram|Reshiram, L75|274/274\n|-ability|p2a: Reshiram|Turboblaze\n|turn|4\n|\n|t:|1771058485\n|switch|p1a: Mantine|Mantine, L87, M|290/290\n|move|p2a: Reshiram|Blue Flare|p1a: Mantine|[miss]\n|-miss|p2a: Reshiram|p1a: Mantine\n|\n|upkeep\n|turn|5\n|\n|t:|1771058492\n|switch|p1a: Galvantula|Galvantula, L80, M|195/243\n|move|p2a: Reshiram|Toxic|p1a: Galvantula|[miss]\n|-miss|p2a: Reshiram|p1a: Galvantula\n|\n|upkeep\n|turn|6\n|\n|t:|1771058499\n|switch|p1a: Mantine|Mantine, L87, M|290/290\n|move|p2a: Reshiram|Blue Flare|p1a: Mantine|[miss]\n|-miss|p2a: Reshiram|p1a: Mantine\n|\n|upkeep\n|turn|7\n|\n|t:|1771058506\n|switch|p2a: Maractus|Maractus, M|312/312\n|switch|p1a: Miltank|Miltank, L85, F|300/300\n|\n|upkeep\n|turn|8\n|\n|t:|1771058523\n|move|p1a: Miltank|Stealth Rock|p2a: Maractus\n|-sidestart|p2: Defeat Brawler|move: Stealth Rock\n|move|p2a: Maractus|Spikes|p1a: Miltank\n|-sidestart|p1: Rafaldini|Spikes\n|\n|upkeep\n|turn|9\n|\n|t:|1771058530\n|switch|p1a: Galvantula|Galvantula, L80, M|195/243\n|-damage|p1a: Galvantula|165/243|[from] Spikes\n|move|p2a: Maractus|Hidden Power|p1a: Galvantula\n|-supereffective|p1a: Galvantula\n|-damage|p1a: Galvantula|0 fnt\n|faint|p1a: Galvantula\n|\n|upkeep\n|\n|t:|1771058540\n|switch|p1a: Glalie|Glalie, L83, F|267/267\n|-damage|p1a: Glalie|234/267|[from] Spikes\n|turn|10\n|\n|t:|1771058562\n|switch|p2a: Vaporeon|Vaporeon, L86, F|364/364\n|-damage|p2a: Vaporeon|319/364|[from] Stealth Rock\n|detailschange|p1a: Glalie|Glalie-Mega, L83, F\n|-mega|p1a: Glalie|Glalie|Glalitite\n|move|p1a: Glalie|Freeze-Dry|p2a: Vaporeon\n|-supereffective|p2a: Vaporeon\n|-damage|p2a: Vaporeon|157/364\n|\n|-heal|p2a: Vaporeon|179/364|[from] item: Leftovers\n|upkeep\n|turn|11\n|\n|t:|1771058583\n|move|p1a: Glalie|Freeze-Dry|p2a: Vaporeon\n|-supereffective|p2a: Vaporeon\n|-damage|p2a: Vaporeon|21/364\n|move|p2a: Vaporeon|Wish|p2a: Vaporeon\n|\n|-heal|p2a: Vaporeon|43/364|[from] item: Leftovers\n|upkeep\n|turn|12\n|\n|t:|1771058592\n|switch|p1a: Shiftry|Shiftry, L90, M|308/308\n|-damage|p1a: Shiftry|270/308|[from] Spikes\n|move|p2a: Vaporeon|Protect||[still]\n|-fail|p2a: Vaporeon\n|\n|-heal|p2a: Vaporeon|225/364|[from] move: Wish|[wisher] Vaporeon\n|-heal|p2a: Vaporeon|247/364|[from] item: Leftovers\n|upkeep\n|turn|13\n|\n|t:|1771058613\n|switch|p2a: Maractus|Maractus, M|312/312\n|-damage|p2a: Maractus|273/312|[from] Stealth Rock\n|move|p1a: Shiftry|Knock Off|p2a: Maractus\n|-damage|p2a: Maractus|104/312\n|-enditem|p2a: Maractus|Leftovers|[from] move: Knock Off|[of] p1a: Shiftry\n|-damage|p1a: Shiftry|240/308|[from] item: Life Orb\n|\n|upkeep\n|turn|14\n|\n|t:|1771058621\n|move|p1a: Shiftry|Knock Off|p2a: Maractus\n|-damage|p2a: Maractus|1/312\n|-damage|p1a: Shiftry|210/308|[from] item: Life Orb\n|move|p2a: Maractus|Synthesis|p2a: Maractus\n|-heal|p2a: Maractus|157/312\n|\n|upkeep\n|turn|15\n|\n|t:|1771058641\n|switch|p1a: Glalie|Glalie-Mega, L83, F|234/267\n|-damage|p1a: Glalie|201/267|[from] Spikes\n|move|p2a: Maractus|Hidden Power|p1a: Glalie\n|-supereffective|p1a: Glalie\n|-damage|p1a: Glalie|55/267\n|\n|upkeep\n|turn|16\n|\n|t:|1771058655\n|move|p1a: Glalie|Return|p2a: Maractus\n|-supereffective|p2a: Maractus\n|-damage|p2a: Maractus|0 fnt\n|faint|p2a: Maractus\n|\n|upkeep\n|\n|t:|1771058663\n|switch|p2a: Shaymin|Shaymin, L84|305/305\n|-damage|p2a: Shaymin|267/305|[from] Stealth Rock\n|turn|17\n|\n|t:|1771058672\n|switch|p1a: Mantine|Mantine, L87, M|290/290\n|move|p2a: Shaymin|Earth Power|p1a: Mantine\n|-immune|p1a: Mantine\n|\n|upkeep\n|turn|18\n|\n|t:|1771058686\n|move|p2a: Shaymin|Seed Flare|p1a: Mantine\n|-damage|p1a: Mantine|185/290\n|-damage|p2a: Shaymin|237/305|[from] item: Life Orb\n|move|p1a: Mantine|Haze|p1a: Mantine\n|-clearallboost\n|\n|-heal|p1a: Mantine|203/290|[from] item: Leftovers\n|upkeep\n|turn|19\n|\n|t:|1771058692\n|move|p2a: Shaymin|Seed Flare|p1a: Mantine\n|-damage|p1a: Mantine|94/290\n|-damage|p2a: Shaymin|207/305|[from] item: Life Orb\n|move|p1a: Mantine|Roost|p1a: Mantine\n|-heal|p1a: Mantine|239/290\n|-singleturn|p1a: Mantine|move: Roost\n|\n|-heal|p1a: Mantine|257/290|[from] item: Leftovers\n|upkeep\n|turn|20\n|\n|t:|1771058699\n|move|p2a: Shaymin|Synthesis|p2a: Shaymin\n|-heal|p2a: Shaymin|305/305\n|move|p1a: Mantine|Roost|p1a: Mantine\n|-heal|p1a: Mantine|290/290\n|-singleturn|p1a: Mantine|move: Roost\n|\n|upkeep\n|turn|21\n|\n|t:|1771058708\n|switch|p1a: Miltank|Miltank, L85, F|300/300\n|-damage|p1a: Miltank|263/300|[from] Spikes\n|move|p2a: Shaymin|Seed Flare|p1a: Miltank\n|-damage|p1a: Miltank|78/300\n|-damage|p2a: Shaymin|275/305|[from] item: Life Orb\n|\n|-heal|p1a: Miltank|96/300|[from] item: Leftovers\n|upkeep\n|turn|22\n|\n|t:|1771058726\n|move|p1a: Miltank|Body Slam|p2a: Shaymin\n|-damage|p2a: Shaymin|200/305\n|-status|p2a: Shaymin|par\n|move|p2a: Shaymin|Seed Flare|p1a: Miltank\n|-damage|p1a: Miltank|0 fnt\n|faint|p1a: Miltank\n|-damage|p2a: Shaymin|170/305 par|[from] item: Life Orb\n|\n|upkeep\n|\n|t:|1771058732\n|switch|p1a: Glalie|Glalie-Mega, L83, F|55/267\n|-damage|p1a: Glalie|22/267|[from] Spikes\n|turn|23\n|\n|t:|1771058737\n|-curestatus|p2a: Shaymin|par|[from] ability: Natural Cure\n|switch|p2a: Vaporeon|Vaporeon, L86, F|247/364\n|-damage|p2a: Vaporeon|202/364|[from] Stealth Rock\n|move|p1a: Glalie|Freeze-Dry|p2a: Vaporeon\n|-supereffective|p2a: Vaporeon\n|-damage|p2a: Vaporeon|52/364\n|\n|-heal|p2a: Vaporeon|74/364|[from] item: Leftovers\n|upkeep\n|turn|24\n|\n|t:|1771058746\n|move|p2a: Vaporeon|Protect|p2a: Vaporeon\n|-singleturn|p2a: Vaporeon|Protect\n|move|p1a: Glalie|Freeze-Dry|p2a: Vaporeon\n|-activate|p2a: Vaporeon|move: Protect\n|\n|-heal|p2a: Vaporeon|96/364|[from] item: Leftovers\n|upkeep\n|turn|25\n|\n|t:|1771058751\n|move|p1a: Glalie|Freeze-Dry|p2a: Vaporeon\n|-supereffective|p2a: Vaporeon\n|-damage|p2a: Vaporeon|0 fnt\n|faint|p2a: Vaporeon\n|\n|upkeep\n|\n|t:|1771058762\n|switch|p2a: Shaymin|Shaymin, L84|170/305\n|-damage|p2a: Shaymin|132/305|[from] Stealth Rock\n|turn|26\n|\n|t:|1771058771\n|move|p1a: Glalie|Ice Shard|p2a: Shaymin\n|-supereffective|p2a: Shaymin\n|-damage|p2a: Shaymin|40/305\n|move|p2a: Shaymin|Air Slash|p1a: Glalie\n|-damage|p1a: Glalie|0 fnt\n|faint|p1a: Glalie\n|detailschange|p1: Glalie|Glalie, L83, F|[silent]\n|-damage|p2a: Shaymin|10/305|[from] item: Life Orb\n|\n|upkeep\n|\n|t:|1771058788\n|switch|p1a: Xerneas|Xerneas, L65|272/272\n|-damage|p1a: Xerneas|238/272|[from] Spikes\n|-ability|p1a: Xerneas|Fairy Aura\n|turn|27\n|\n|t:|1771058799\n|move|p2a: Shaymin|Seed Flare|p1a: Xerneas\n|-damage|p1a: Xerneas|22/272\n|-damage|p2a: Shaymin|0 fnt|[from] item: Life Orb\n|faint|p2a: Shaymin\n|move|p1a: Xerneas|Geomancy||[still]\n|-prepare|p1a: Xerneas|Geomancy\n|-enditem|p1a: Xerneas|Power Herb\n|-anim|p1a: Xerneas|Geomancy|p1a: Xerneas\n|-boost|p1a: Xerneas|spa|2\n|-boost|p1a: Xerneas|spd|2\n|-boost|p1a: Xerneas|spe|2\n|\n|upkeep\n|\n|t:|1771058815\n|switch|p2a: Gardevoir|Gardevoir, L79, F|237/237\n|-damage|p2a: Gardevoir|208/237|[from] Stealth Rock\n|-ability|p2a: Gardevoir|Fairy Aura|Trace|[from] ability: Trace|[of] p1a: Xerneas\n|-ability|p2a: Gardevoir|Fairy Aura\n|turn|28\n|\n|t:|1771058829\n|detailschange|p2a: Gardevoir|Gardevoir-Mega, L79, F\n|-mega|p2a: Gardevoir|Gardevoir|Gardevoirite\n|move|p1a: Xerneas|Moonblast|p2a: Gardevoir\n|-damage|p2a: Gardevoir|40/237\n|move|p2a: Gardevoir|Hyper Voice|p1a: Xerneas\n|-damage|p1a: Xerneas|0 fnt\n|faint|p1a: Xerneas\n|\n|upkeep\n|\n|t:|1771058840\n|switch|p1a: Shiftry|Shiftry, L90, M|210/308\n|-damage|p1a: Shiftry|172/308|[from] Spikes\n|turn|29\n|\n|t:|1771058868\n|move|p1a: Shiftry|Sucker Punch||[still]\n|-fail|p1a: Shiftry\n|move|p2a: Gardevoir|Taunt|p1a: Shiftry\n|-start|p1a: Shiftry|move: Taunt\n|\n|upkeep\n|turn|30\n|\n|t:|1771058885\n|move|p1a: Shiftry|Sucker Punch||[still]\n|-fail|p1a: Shiftry\n|move|p2a: Gardevoir|Calm Mind|p2a: Gardevoir\n|-boost|p2a: Gardevoir|spa|1\n|-boost|p2a: Gardevoir|spd|1\n|\n|upkeep\n|turn|31\n|\n|t:|1771058893\n|move|p1a: Shiftry|Sucker Punch||[still]\n|-fail|p1a: Shiftry\n|move|p2a: Gardevoir|Calm Mind|p2a: Gardevoir\n|-boost|p2a: Gardevoir|spa|1\n|-boost|p2a: Gardevoir|spd|1\n|\n|upkeep\n|turn|32\n|\n|t:|1771058900\n|move|p2a: Gardevoir|Hyper Voice|p1a: Shiftry\n|-supereffective|p1a: Shiftry\n|-damage|p1a: Shiftry|0 fnt\n|faint|p1a: Shiftry\n|\n|upkeep\n|\n|t:|1771058903\n|switch|p1a: Mantine|Mantine, L87, M|290/290\n|turn|33\n|c|☆Rafaldini|Wp sir\n|c|☆Defeat Brawler|Thx\n|\n|t:|1771058919\n|move|p2a: Gardevoir|Psyshock|p1a: Mantine\n|-damage|p1a: Mantine|7/290\n|move|p1a: Mantine|Haze|p1a: Mantine\n|-clearallboost\n|\n|-heal|p1a: Mantine|25/290|[from] item: Leftovers\n|upkeep\n|turn|34\n|\n|t:|1771058924\n|move|p2a: Gardevoir|Psyshock|p1a: Mantine\n|-damage|p1a: Mantine|0 fnt\n|faint|p1a: Mantine\n|\n|win|Defeat Brawler\n|raw|Rafaldini's rating: 1571 &rarr; <strong>1556</strong><br />(-15 for losing)\n|raw|Defeat Brawler's rating: 1669 &rarr; <strong>1684</strong><br />(+15 for winning)\n", "inputlog": ">version ccdc32dd7cde25fd9e4bed64820e885f66e78a4e\n>start {\"formatid\":\"gen7randombattle\",\"seed\":\"sodium,afdc3867ae9880357eaaeba92e39c4c0\",\"rated\":\"Rated battle\"}\n>player p1 {\"name\":\"Rafaldini\",\"avatar\":\"266\",\"rating\":1599,\"seed\":\"sodium,b98f06de54dbccee24a314274c0dcbdf\"}\n>player p2 {\"name\":\"Defeat Brawler\",\"avatar\":\"molayne\",\"rating\":1669,\"seed\":\"sodium,d5ae5de8bf6a6b2a9d91e2cfc4adeaef\"}\n>p1 switch 6\n>p2 move toxic\n>p1 move bugbuzz\n>p2 switch 6\n>p1 move energyball\n>p2 move rockslide\n>p2 switch 5\n>p1 switch 2\n>p2 move blueflare\n>p1 switch 2\n>p2 move toxic\n>p1 switch 2\n>p2 move blueflare\n>p1 switch 5\n>p2 switch 3\n>p1 move stealthrock\n>p2 move spikes\n>p1 switch 2\n>p2 move hiddenpower\n>p1 switch 4\n>p1 move freezedry mega\n>p2 switch 6\n>p1 move freezedry\n>p2 move wish\n>p1 switch 3\n>p2 move protect\n>p1 move knockoff\n>p2 switch 6\n>p1 move knockoff\n>p2 move synthesis\n>p1 switch 3\n>p2 move hiddenpower\n>p1 move return\n>p2 move gigadrain\n>p2 switch 2\n>p1 switch 5\n>p2 move earthpower\n>p1 move haze\n>p2 move seedflare\n>p1 move roost\n>p2 move seedflare\n>p1 move roost\n>p2 move synthesis\n>p1 switch 2\n>p2 move seedflare\n>p1 move bodyslam\n>p2 move seedflare\n>p1 switch 5\n>p1 move freezedry\n>p2 switch 6\n>p1 move freezedry\n>p2 move protect\n>p1 move freezedry\n>p2 move scald\n>p2 switch 6\n>p1 move iceshard\n>p2 move airslash\n>p1 switch 6\n>p1 move geomancy\n>p2 move seedflare\n>p2 switch 4\n>p1 move moonblast\n>p2 move hypervoice mega\n>p1 switch 3\n>p1 move suckerpunch\n>p2 move taunt\n>p1 move suckerpunch\n>p2 move calmmind\n>p1 move suckerpunch\n>p2 move calmmind\n>p1 move knockoff\n>p2 move hypervoice\n>p1 switch 2\n>chat ☆Rafaldini|Wp sir\n>chat ☆Defeat Brawler|Thx\n>p1 move haze\n>p2 move psyshock\n>p1 move roost\n>p2 move psyshock", "uploadtime": 1771058933, "views": 150, "formatid": "gen7randombattle", "rating": 1556, "private": 0, "password": null}