{"id": "gen7randombattle-2529592061", "format": "[Gen 7] Random Battle", "players": ["I am G-d", "BruhMonumento"], "log": "|j|☆I am G-d\n|j|☆BruhMonumento\n|t:|1769802003\n|gametype|singles\n|player|p1|I am G-d|cynthia-masters|1478\n|player|p2|BruhMonumento|ghetsis|1642\n|gen|7\n|tier|[Gen 7] Random Battle\n|rated|\n|rule|Sleep Clause Mod: Limit one foe put to sleep\n|rule|HP Percentage Mod: HP is shown in percentages\n|rule|Illusion Level Mod: Illusion disguises the Pokémon's true level\n|\n|t:|1769802003\n|teamsize|p1|6\n|teamsize|p2|6\n|start\n|switch|p1a: Armaldo|Armaldo, L89, F|278/278\n|switch|p2a: Grumpig|Grumpig, L93, M|300/300\n|turn|1\n|\n|t:|1769802050\n|switch|p2a: Hitmonchan|Hitmonchan, L87, M|229/229\n|move|p1a: Armaldo|Knock Off|p2a: Hitmonchan\n|-resisted|p2a: Hitmonchan\n|-damage|p2a: Hitmonchan|152/229\n|-enditem|p2a: Hitmonchan|Choice Band|[from] move: Knock Off|[of] p1a: Armaldo\n|\n|upkeep\n|turn|2\n|\n|t:|1769802062\n|switch|p1a: Mismagius|Mismagius, L87, F|246/246\n|move|p2a: Hitmonchan|Drain Punch|p1a: Mismagius\n|-immune|p1a: Mismagius\n|\n|upkeep\n|turn|3\n|inactive|Battle timer is ON: inactive players will automatically lose when time's up. (requested by BruhMonumento)\n|\n|t:|1769802074\n|switch|p2a: Ambipom|Ambipom, L84, F|263/263\n|move|p1a: Mismagius|Will-O-Wisp|p2a: Ambipom\n|-status|p2a: Ambipom|brn\n|\n|-damage|p2a: Ambipom|247/263 brn|[from] brn\n|upkeep\n|turn|4\n|\n|t:|1769802081\n|switch|p1a: Armaldo|Armaldo, L89, F|278/278\n|move|p2a: Ambipom|Knock Off|p1a: Armaldo\n|-damage|p1a: Armaldo|246/278\n|-enditem|p1a: Armaldo|Choice Band|[from] move: Knock Off|[of] p2a: Ambipom\n|\n|-damage|p2a: Ambipom|231/263 brn|[from] brn\n|upkeep\n|turn|5\n|\n|t:|1769802086\n|move|p2a: Ambipom|U-turn|p1a: Armaldo\n|-damage|p1a: Armaldo|226/278\n|\n|t:|1769802089\n|switch|p2a: Hitmonchan|Hitmonchan, L87, M|152/229|[from] U-turn\n|move|p1a: Armaldo|Stone Edge|p2a: Hitmonchan\n|-resisted|p2a: Hitmonchan\n|-crit|p2a: Hitmonchan\n|-damage|p2a: Hitmonchan|32/229\n|\n|upkeep\n|turn|6\n|\n|t:|1769802098\n|move|p2a: Hitmonchan|Drain Punch|p1a: Armaldo\n|-damage|p1a: Armaldo|126/278\n|-heal|p2a: Hitmonchan|82/229|[from] drain|[of] p1a: Armaldo\n|move|p1a: Armaldo|X-Scissor|p2a: Hitmonchan\n|-resisted|p2a: Hitmonchan\n|-damage|p2a: Hitmonchan|19/229\n|\n|upkeep\n|turn|7\n|\n|t:|1769802102\n|switch|p1a: Mismagius|Mismagius, L87, F|246/246\n|move|p2a: Hitmonchan|Throat Chop|p1a: Mismagius\n|-supereffective|p1a: Mismagius\n|-damage|p1a: Mismagius|82/246\n|-start|p1a: Mismagius|Throat Chop|[silent]\n|\n|-heal|p1a: Mismagius|97/246|[from] item: Leftovers\n|upkeep\n|turn|8\n|\n|t:|1769802110\n|switch|p2a: Ambipom|Ambipom, L84, F|231/263 brn\n|move|p1a: Mismagius|Shadow Ball|p2a: Ambipom\n|-immune|p2a: Ambipom\n|\n|-heal|p1a: Mismagius|112/246|[from] item: Leftovers\n|-damage|p2a: Ambipom|215/263 brn|[from] brn\n|-end|p1a: Mismagius|Throat Chop|[silent]\n|upkeep\n|turn|9\n|\n|t:|1769802115\n|switch|p1a: Armaldo|Armaldo, L89, F|126/278\n|move|p2a: Ambipom|U-turn|p1a: Armaldo\n|-damage|p1a: Armaldo|104/278\n|\n|t:|1769802119\n|switch|p2a: Hitmonchan|Hitmonchan, L87, M|19/229|[from] U-turn\n|\n|upkeep\n|turn|10\n|\n|t:|1769802126\n|move|p2a: Hitmonchan|Drain Punch|p1a: Armaldo\n|-damage|p1a: Armaldo|11/278\n|-heal|p2a: Hitmonchan|66/229|[from] drain|[of] p1a: Armaldo\n|move|p1a: Armaldo|Earthquake|p2a: Hitmonchan\n|-damage|p2a: Hitmonchan|0 fnt\n|faint|p2a: Hitmonchan\n|\n|upkeep\n|\n|t:|1769802131\n|switch|p2a: Ambipom|Ambipom, L84, F|215/263 brn\n|turn|11\n|\n|t:|1769802145\n|move|p2a: Ambipom|Fake Out|p1a: Armaldo\n|-resisted|p1a: Armaldo\n|-damage|p1a: Armaldo|0 fnt\n|faint|p1a: Armaldo\n|\n|-damage|p2a: Ambipom|199/263 brn|[from] brn\n|upkeep\n|\n|t:|1769802156\n|switch|p1a: Necrozma|Necrozma-Dusk-Mane, L69|248/248\n|turn|12\n|\n|t:|1769802162\n|move|p2a: Ambipom|U-turn|p1a: Necrozma\n|-damage|p1a: Necrozma|224/248\n|\n|t:|1769802168\n|switch|p2a: Liepard|Liepard, L91, F|264/264|[from] U-turn\n|move|p1a: Necrozma|Autotomize|p1a: Necrozma\n|-boost|p1a: Necrozma|spe|2\n|-start|p1a: Necrozma|Autotomize\n|\n|upkeep\n|turn|13\n|\n|t:|1769802176\n|move|p2a: Liepard|Thunder Wave|p1a: Necrozma\n|-status|p1a: Necrozma|par\n|-zpower|p1a: Necrozma\n|move|p1a: Necrozma|Searing Sunraze Smash|p2a: Liepard|[zeffect]\n|-damage|p2a: Liepard|0 fnt\n|faint|p2a: Liepard\n|\n|upkeep\n|\n|t:|1769802191\n|switch|p2a: Electivire|Electivire, L86, F|269/269\n|turn|14\n|\n|t:|1769802197\n|move|p2a: Electivire|Wild Charge|p1a: Necrozma\n|-damage|p1a: Necrozma|119/248 par\n|-damage|p2a: Electivire|243/269|[from] Recoil\n|move|p1a: Necrozma|Earthquake|p2a: Electivire\n|-supereffective|p2a: Electivire\n|-damage|p2a: Electivire|79/269\n|\n|upkeep\n|turn|15\n|\n|t:|1769802205\n|move|p2a: Electivire|Wild Charge|p1a: Necrozma\n|-damage|p1a: Necrozma|1/248 par\n|-damage|p2a: Electivire|49/269|[from] Recoil\n|move|p1a: Necrozma|Photon Geyser|p2a: Electivire\n|-damage|p2a: Electivire|0 fnt\n|faint|p2a: Electivire\n|\n|upkeep\n|\n|t:|1769802212\n|switch|p2a: Ambipom|Ambipom, L84, F|199/263 brn\n|turn|16\n|\n|t:|1769802215\n|move|p2a: Ambipom|Fake Out|p1a: Necrozma\n|-resisted|p1a: Necrozma\n|-damage|p1a: Necrozma|0 fnt\n|faint|p1a: Necrozma\n|\n|-damage|p2a: Ambipom|183/263 brn|[from] brn\n|upkeep\n|\n|t:|1769802219\n|switch|p1a: Slaking|Slaking, L84, M|389/389\n|turn|17\n|\n|t:|1769802226\n|move|p2a: Ambipom|Return|p1a: Slaking\n|-damage|p1a: Slaking|333/389\n|move|p1a: Slaking|Retaliate|p2a: Ambipom\n|-damage|p2a: Ambipom|0 fnt\n|faint|p2a: Ambipom\n|\n|upkeep\n|\n|t:|1769802235\n|switch|p2a: Victreebel|Victreebel, L90, F|290/290\n|turn|18\n|\n|t:|1769802239\n|switch|p1a: Reshiram|Reshiram, L75|274/274\n|-ability|p1a: Reshiram|Turboblaze\n|move|p2a: Victreebel|Sunny Day|p2a: Victreebel\n|-weather|SunnyDay\n|\n|-weather|SunnyDay|[upkeep]\n|upkeep\n|turn|19\n|\n|t:|1769802245\n|switch|p2a: Grumpig|Grumpig, L93, M|300/300\n|move|p1a: Reshiram|Blue Flare|p2a: Grumpig\n|-damage|p2a: Grumpig|104/300\n|\n|-weather|SunnyDay|[upkeep]\n|-heal|p2a: Grumpig|122/300|[from] item: Leftovers\n|upkeep\n|turn|20\n|\n|t:|1769802253\n|move|p2a: Grumpig|Psychic|p1a: Reshiram\n|-damage|p1a: Reshiram|177/274\n|move|p1a: Reshiram|Blue Flare|p2a: Grumpig|[miss]\n|-miss|p1a: Reshiram|p2a: Grumpig\n|\n|-weather|SunnyDay|[upkeep]\n|-heal|p2a: Grumpig|140/300|[from] item: Leftovers\n|-heal|p1a: Reshiram|194/274|[from] item: Leftovers\n|upkeep\n|turn|21\n|\n|t:|1769802259\n|move|p2a: Grumpig|Psychic|p1a: Reshiram\n|-damage|p1a: Reshiram|104/274\n|move|p1a: Reshiram|Blue Flare|p2a: Grumpig|[miss]\n|-miss|p1a: Reshiram|p2a: Grumpig\n|\n|-weather|SunnyDay|[upkeep]\n|-heal|p2a: Grumpig|158/300|[from] item: Leftovers\n|-heal|p1a: Reshiram|121/274|[from] item: Leftovers\n|upkeep\n|turn|22\n|\n|t:|1769802266\n|move|p2a: Grumpig|Psychic|p1a: Reshiram\n|-damage|p1a: Reshiram|27/274\n|move|p1a: Reshiram|Blue Flare|p2a: Grumpig\n|-damage|p2a: Grumpig|0 fnt\n|faint|p2a: Grumpig\n|\n|-weather|none\n|-heal|p1a: Reshiram|44/274|[from] item: Leftovers\n|upkeep\n|\n|t:|1769802268\n|switch|p2a: Victreebel|Victreebel, L90, F|290/290\n|turn|23\n|\n|t:|1769802273\n|move|p1a: Reshiram|Blue Flare|p2a: Victreebel\n|-supereffective|p2a: Victreebel\n|-damage|p2a: Victreebel|0 fnt\n|faint|p2a: Victreebel\n|\n|win|I am G-d\n|raw|I am G-d's rating: 1478 &rarr; <strong>1507</strong><br />(+29 for winning)\n|raw|BruhMonumento's rating: 1642 &rarr; <strong>1613</strong><br />(-29 for losing)\n|l|☆BruhMonumento\n|player|p2|\n", "inputlog": ">version b99ff0165a6231f17e8b78c2a78d1998375de664\n>start {\"formatid\":\"gen7randombattle\",\"seed\":\"sodium,bea250feb2f6ffc7ac0e4b371438a8ac\",\"rated\":\"Rated battle\"}\n>player p1 {\"name\":\"I am G-d\",\"avatar\":\"cynthia-masters\",\"rating\":1478,\"seed\":\"sodium,a56e175507a9b26b92ae205033494296\"}\n>player p2 {\"name\":\"BruhMonumento\",\"avatar\":\"ghetsis\",\"rating\":1642,\"seed\":\"sodium,00f0f1bc1b4fffa10343123b4fe76b47\"}\n>p1 move knockoff\n>p2 switch 3\n>p1 switch 5\n>p2 move drainpunch\n>p1 move willowisp\n>p2 switch 4\n>p1 switch 5\n>p2 move knockoff\n>p1 move stoneedge\n>p2 move uturn\n>p2 switch 4\n>p1 move xscissor\n>p2 move drainpunch\n>p1 switch 5\n>p2 move throatchop\n>p1 move shadowball\n>p2 switch 4\n>p1 switch 5\n>p2 move uturn\n>p2 switch 4\n>p1 move earthquake\n>p2 move drainpunch\n>p2 switch 4\n>p1 move knockoff\n>p2 move fakeout\n>p1 switch 6\n>p1 move autotomize\n>p2 move uturn\n>p2 switch 2\n>p1 move sunsteelstrike zmove\n>p2 move thunderwave\n>p2 switch 6\n>p1 move earthquake\n>p2 move wildcharge\n>p1 move photongeyser\n>p2 move wildcharge\n>p2 switch 2\n>p1 move photongeyser\n>p2 move fakeout\n>p1 switch 3\n>p1 move retaliate\n>p2 move return\n>p2 switch 5\n>p1 switch 4\n>p2 move sunnyday\n>p1 move blueflare\n>p2 switch 3\n>p1 move blueflare\n>p2 move psychic\n>p1 move blueflare\n>p2 move psychic\n>p1 move blueflare\n>p2 move psychic\n>p2 switch 3\n>p1 move blueflare\n>p2 move sunnyday", "uploadtime": 1769802284, "views": 178, "formatid": "gen7randombattle", "rating": 1507, "private": 0, "password": null}