{"id": "gen7randombattle-2530315057", "format": "[Gen 7] Random Battle", "players": ["scraftyfellow", "may/gen3"], "log": "|j|☆scraftyfellow\n|j|☆may/gen3\n|t:|1769901116\n|gametype|singles\n|player|p1|scraftyfellow|striker|1549\n|player|p2|may/gen3|may|1800\n|gen|7\n|tier|[Gen 7] Random Battle\n|rated|\n|rule|Sleep Clause Mod: Limit one foe put to sleep\n|rule|HP Percentage Mod: HP is shown in percentages\n|rule|Illusion Level Mod: Illusion disguises the Pokémon's true level\n|\n|t:|1769901116\n|teamsize|p1|6\n|teamsize|p2|6\n|start\n|switch|p1a: Azelf|Azelf, L82|257/257\n|switch|p2a: Buzzwole|Buzzwole, L79|299/299\n|turn|1\n|\n|t:|1769901124\n|switch|p2a: Type: Null|Type: Null, L85|300/300\n|move|p1a: Azelf|Fire Blast|p2a: Type: Null\n|-damage|p2a: Type: Null|230/300\n|-damage|p1a: Azelf|232/257|[from] item: Life Orb\n|\n|upkeep\n|turn|2\n|inactive|Battle timer is ON: inactive players will automatically lose when time's up. (requested by may/gen3)\n|\n|t:|1769901135\n|switch|p1a: Klefki|Klefki, L83, F|230/230\n|move|p2a: Type: Null|Swords Dance|p2a: Type: Null\n|-boost|p2a: Type: Null|atk|2\n|\n|upkeep\n|turn|3\n|\n|t:|1769901137\n|move|p1a: Klefki|Thunder Wave|p2a: Type: Null\n|-status|p2a: Type: Null|par\n|move|p2a: Type: Null|Return|p1a: Klefki\n|-resisted|p1a: Klefki\n|-damage|p1a: Klefki|115/230\n|\n|-heal|p1a: Klefki|129/230|[from] item: Leftovers\n|upkeep\n|turn|4\n|\n|t:|1769901140\n|move|p1a: Klefki|Spikes|p2a: Type: Null\n|-sidestart|p2: may/gen3|Spikes\n|move|p2a: Type: Null|Return|p1a: Klefki\n|-resisted|p1a: Klefki\n|-damage|p1a: Klefki|21/230\n|\n|-heal|p1a: Klefki|35/230|[from] item: Leftovers\n|upkeep\n|turn|5\n|\n|t:|1769901143\n|move|p1a: Klefki|Spikes|p2a: Type: Null\n|-sidestart|p2: may/gen3|Spikes\n|move|p2a: Type: Null|Return|p1a: Klefki\n|-resisted|p1a: Klefki\n|-damage|p1a: Klefki|0 fnt\n|faint|p1a: Klefki\n|\n|upkeep\n|\n|t:|1769901150\n|switch|p1a: Lycanroc|Lycanroc-Dusk, L83, M|260/260\n|turn|6\n|\n|t:|1769901152\n|-zpower|p1a: Lycanroc\n|move|p1a: Lycanroc|Splintered Stormshards|p2a: Type: Null|[zeffect]\n|-damage|p2a: Type: Null|74/300 par\n|move|p2a: Type: Null|Return|p1a: Lycanroc\n|-resisted|p1a: Lycanroc\n|-damage|p1a: Lycanroc|114/260\n|\n|upkeep\n|turn|7\n|\n|t:|1769901156\n|move|p1a: Lycanroc|Stone Edge|p2a: Type: Null|[miss]\n|-miss|p1a: Lycanroc|p2a: Type: Null\n|cant|p2a: Type: Null|par\n|\n|upkeep\n|turn|8\n|\n|t:|1769901159\n|move|p1a: Lycanroc|Stone Edge|p2a: Type: Null\n|-damage|p2a: Type: Null|0 fnt\n|faint|p2a: Type: Null\n|\n|upkeep\n|\n|t:|1769901186\n|switch|p2a: Malamar|Malamar, L80, F|269/269\n|-damage|p2a: Malamar|225/269|[from] Spikes\n|turn|9\n|\n|t:|1769901192\n|move|p1a: Lycanroc|Stone Edge|p2a: Malamar\n|-damage|p2a: Malamar|107/269\n|move|p2a: Malamar|Superpower|p1a: Lycanroc\n|-supereffective|p1a: Lycanroc\n|-damage|p1a: Lycanroc|0 fnt\n|-boost|p2a: Malamar|atk|1\n|-boost|p2a: Malamar|def|1\n|faint|p1a: Lycanroc\n|\n|-heal|p2a: Malamar|123/269|[from] item: Leftovers\n|upkeep\n|\n|t:|1769901197\n|switch|p1a: Galvantula|Galvantula, L80, F|243/243\n|turn|10\n|\n|t:|1769901199\n|move|p1a: Galvantula|Bug Buzz|p2a: Malamar\n|-supereffective|p2a: Malamar\n|-damage|p2a: Malamar|0 fnt\n|faint|p2a: Malamar\n|-damage|p1a: Galvantula|219/243|[from] item: Life Orb\n|\n|upkeep\n|\n|t:|1769901210\n|switch|p2a: Glalie|Glalie, L83, F|267/267\n|-damage|p2a: Glalie|223/267|[from] Spikes\n|turn|11\n|inactive|scraftyfellow has 120 seconds left.\n|\n|t:|1769901258\n|detailschange|p2a: Glalie|Glalie-Mega, L83, F\n|-mega|p2a: Glalie|Glalie|Glalitite\n|move|p1a: Galvantula|Thunder|p2a: Glalie\n|-damage|p2a: Glalie|70/267\n|-damage|p1a: Galvantula|195/243|[from] item: Life Orb\n|move|p2a: Glalie|Return|p1a: Galvantula\n|-damage|p1a: Galvantula|0 fnt\n|faint|p1a: Galvantula\n|\n|upkeep\n|\n|t:|1769901266\n|switch|p1a: Porygon-Z|Porygon-Z, L80|267/267\n|turn|12\n|\n|t:|1769901275\n|move|p1a: Porygon-Z|Tri Attack|p2a: Glalie\n|-damage|p2a: Glalie|0 fnt\n|faint|p2a: Glalie\n|detailschange|p2: Glalie|Glalie, L83, F|[silent]\n|\n|upkeep\n|\n|t:|1769901284\n|switch|p2a: Omastar|Omastar, L84, F|254/254\n|-damage|p2a: Omastar|212/254|[from] Spikes\n|turn|13\n|inactive|scraftyfellow has 120 seconds left.\n|\n|t:|1769901317\n|move|p1a: Porygon-Z|Tri Attack|p2a: Omastar\n|-resisted|p2a: Omastar\n|-damage|p2a: Omastar|130/254\n|move|p2a: Omastar|Shell Smash|p2a: Omastar\n|-unboost|p2a: Omastar|def|1\n|-unboost|p2a: Omastar|spd|1\n|-boost|p2a: Omastar|atk|2\n|-boost|p2a: Omastar|spa|2\n|-boost|p2a: Omastar|spe|2\n|-enditem|p2a: Omastar|White Herb\n|-clearnegativeboost|p2a: Omastar|[silent]\n|\n|upkeep\n|turn|14\n|\n|t:|1769901323\n|move|p1a: Porygon-Z|Tri Attack|p2a: Omastar\n|-resisted|p2a: Omastar\n|-damage|p2a: Omastar|52/254\n|move|p2a: Omastar|Hydro Pump|p1a: Porygon-Z\n|-damage|p1a: Porygon-Z|0 fnt\n|faint|p1a: Porygon-Z\n|\n|upkeep\n|\n|t:|1769901334\n|switch|p1a: Azelf|Azelf, L82|232/257\n|turn|15\n|\n|t:|1769901337\n|move|p2a: Omastar|Hydro Pump|p1a: Azelf\n|-damage|p1a: Azelf|0 fnt\n|faint|p1a: Azelf\n|\n|upkeep\n|\n|t:|1769901339\n|switch|p1a: Heliolisk|Heliolisk, L85, F|244/244\n|turn|16\n|\n|t:|1769901344\n|move|p2a: Omastar|Ice Beam|p1a: Heliolisk\n|-damage|p1a: Heliolisk|114/244\n|move|p1a: Heliolisk|Surf|p2a: Omastar\n|-damage|p2a: Omastar|0 fnt\n|faint|p2a: Omastar\n|-damage|p1a: Heliolisk|90/244|[from] item: Life Orb\n|\n|upkeep\n|\n|t:|1769901349\n|switch|p2a: Dragonite|Dragonite, L72, F|250/250\n|turn|17\n|\n|t:|1769901365\n|move|p1a: Heliolisk|Thunder|p2a: Dragonite\n|-damage|p2a: Dragonite|158/250\n|-damage|p1a: Heliolisk|66/244|[from] item: Life Orb\n|move|p2a: Dragonite|Earthquake|p1a: Heliolisk\n|-supereffective|p1a: Heliolisk\n|-damage|p1a: Heliolisk|0 fnt\n|faint|p1a: Heliolisk\n|\n|win|may/gen3\n|raw|scraftyfellow's rating: 1549 &rarr; <strong>1541</strong><br />(-8 for losing)\n|raw|may&#x2f;gen3's rating: 1800 &rarr; <strong>1808</strong><br />(+8 for winning)\n|l|☆scraftyfellow\n|player|p1|\n", "inputlog": ">version b99ff0165a6231f17e8b78c2a78d1998375de664\n>start {\"formatid\":\"gen7randombattle\",\"seed\":\"sodium,ec8427ae5b5d4c82fb07bb8e067718c6\",\"rated\":\"Rated battle\"}\n>player p1 {\"name\":\"scraftyfellow\",\"avatar\":\"striker\",\"rating\":1549,\"seed\":\"sodium,42d62f35aaefb9a83a39e0d200dd193f\"}\n>player p2 {\"name\":\"may/gen3\",\"avatar\":\"may\",\"rating\":1800,\"seed\":\"sodium,4bf97129f8a6aabf98285c607f53b5be\"}\n>p1 move fireblast\n>p2 switch 4\n>p1 switch 3\n>p2 move swordsdance\n>p1 move thunderwave\n>p2 move return\n>p1 move spikes\n>p2 move return\n>p1 move spikes\n>p2 move return\n>p1 switch 6\n>p1 move stoneedge zmove\n>p2 move return\n>p1 move stoneedge\n>p2 move rest\n>p1 move stoneedge\n>p2 move rest\n>p2 switch 2\n>p1 move stoneedge\n>p2 move superpower\n>p1 switch 2\n>p1 move bugbuzz\n>p2 move knockoff\n>p2 switch 5\n>p1 move thunder\n>p2 move return mega\n>p1 switch 5\n>p1 move triattack\n>p2 move return\n>p2 switch 6\n>p1 move triattack\n>p2 move shellsmash\n>p1 move triattack\n>p2 move hydropump\n>p1 switch 3\n>p1 move psyshock\n>p2 move hydropump\n>p1 switch 4\n>p1 move surf\n>p2 move icebeam\n>p2 switch 3\n>p1 move thunder\n>p2 move earthquake", "uploadtime": 1769901375, "views": 197, "formatid": "gen7randombattle", "rating": 1541, "private": 0, "password": null}