{"id": "gen7randombattle-2532587869", "format": "[Gen 7] Random Battle", "players": ["NiGhtOs", "Petilil37"], "log": "|j|☆NiGhtOs\n|j|‽Petilil37\n|t:|1770201714\n|gametype|singles\n|player|p1|NiGhtOs|steven|1521\n|player|p2|Petilil37|1|1722\n|gen|7\n|tier|[Gen 7] Random Battle\n|rated|\n|rule|Sleep Clause Mod: Limit one foe put to sleep\n|rule|HP Percentage Mod: HP is shown in percentages\n|rule|Illusion Level Mod: Illusion disguises the Pokémon's true level\n|\n|t:|1770201714\n|teamsize|p1|6\n|teamsize|p2|6\n|start\n|switch|p1a: Emboar|Emboar, L85, M|326/326\n|switch|p2a: Slaking|Slaking, L84, M|389/389\n|turn|1\n|inactive|Battle timer is ON: inactive players will automatically lose when time's up. (requested by NiGhtOs)\n|\n|t:|1770201726\n|move|p2a: Slaking|Earthquake|p1a: Emboar\n|-supereffective|p1a: Emboar\n|-damage|p1a: Emboar|0 fnt\n|faint|p1a: Emboar\n|\n|upkeep\n|\n|t:|1770201732\n|switch|p1a: Lilligant|Lilligant, L87, F|264/264\n|turn|2\n|\n|t:|1770201749\n|switch|p2a: Naganadel|Naganadel, L74|230/230\n|move|p1a: Lilligant|Quiver Dance|p1a: Lilligant\n|-boost|p1a: Lilligant|spa|1\n|-boost|p1a: Lilligant|spd|1\n|-boost|p1a: Lilligant|spe|1\n|\n|upkeep\n|turn|3\n|\n|t:|1770201754\n|move|p1a: Lilligant|Sleep Powder|p2a: Naganadel\n|-status|p2a: Naganadel|slp|[from] move: Sleep Powder\n|cant|p2a: Naganadel|slp\n|\n|upkeep\n|turn|4\n|\n|t:|1770201762\n|move|p1a: Lilligant|Quiver Dance|p1a: Lilligant\n|-boost|p1a: Lilligant|spa|1\n|-boost|p1a: Lilligant|spd|1\n|-boost|p1a: Lilligant|spe|1\n|cant|p2a: Naganadel|slp\n|\n|upkeep\n|turn|5\n|\n|t:|1770201767\n|move|p1a: Lilligant|Quiver Dance|p1a: Lilligant\n|-boost|p1a: Lilligant|spa|1\n|-boost|p1a: Lilligant|spd|1\n|-boost|p1a: Lilligant|spe|1\n|cant|p2a: Naganadel|slp\n|\n|upkeep\n|turn|6\n|\n|t:|1770201770\n|move|p1a: Lilligant|Hidden Power|p2a: Naganadel\n|-damage|p2a: Naganadel|21/230 slp\n|-damage|p1a: Lilligant|238/264|[from] item: Life Orb\n|-curestatus|p2a: Naganadel|slp|[msg]\n|move|p2a: Naganadel|Sludge Wave|p1a: Lilligant\n|-supereffective|p1a: Lilligant\n|-damage|p1a: Lilligant|134/264\n|-damage|p2a: Naganadel|0 fnt|[from] item: Life Orb\n|faint|p2a: Naganadel\n|\n|upkeep\n|\n|t:|1770201789\n|switch|p2a: Magnezone|Magnezone, L84|255/255\n|turn|7\n|\n|t:|1770201795\n|move|p1a: Lilligant|Sleep Powder|p2a: Magnezone|[miss]\n|-miss|p1a: Lilligant|p2a: Magnezone\n|move|p2a: Magnezone|Flash Cannon|p1a: Lilligant\n|-damage|p1a: Lilligant|59/264\n|\n|upkeep\n|turn|8\n|\n|t:|1770201800\n|move|p1a: Lilligant|Sleep Powder|p2a: Magnezone\n|-status|p2a: Magnezone|slp|[from] move: Sleep Powder\n|cant|p2a: Magnezone|slp\n|\n|upkeep\n|turn|9\n|\n|t:|1770201804\n|switch|p2a: Venomoth|Venomoth, L82, M|249/249\n|move|p1a: Lilligant|Giga Drain|p2a: Venomoth\n|-resisted|p2a: Venomoth\n|-damage|p2a: Venomoth|157/249\n|-heal|p1a: Lilligant|105/264|[from] drain|[of] p2a: Venomoth\n|-damage|p1a: Lilligant|79/264|[from] item: Life Orb\n|\n|upkeep\n|turn|10\n|\n|t:|1770201811\n|move|p1a: Lilligant|Hidden Power|p2a: Venomoth\n|-supereffective|p2a: Venomoth\n|-damage|p2a: Venomoth|0 fnt\n|faint|p2a: Venomoth\n|-damage|p1a: Lilligant|53/264|[from] item: Life Orb\n|\n|upkeep\n|\n|t:|1770201813\n|switch|p2a: Ninetales|Ninetales-Alola, L78, F|242/242\n|-weather|Hail|[from] ability: Snow Warning|[of] p2a: Ninetales\n|turn|11\n|\n|t:|1770201820\n|move|p1a: Lilligant|Hidden Power|p2a: Ninetales\n|-supereffective|p2a: Ninetales\n|-damage|p2a: Ninetales|0 fnt\n|faint|p2a: Ninetales\n|-damage|p1a: Lilligant|27/264|[from] item: Life Orb\n|\n|-weather|Hail|[upkeep]\n|-damage|p1a: Lilligant|11/264|[from] Hail\n|upkeep\n|\n|t:|1770201828\n|switch|p2a: Magnezone|Magnezone, L84|255/255 slp\n|turn|12\n|\n|t:|1770201832\n|move|p1a: Lilligant|Giga Drain|p2a: Magnezone\n|-resisted|p2a: Magnezone\n|-damage|p2a: Magnezone|102/255 slp\n|-heal|p1a: Lilligant|88/264|[from] drain|[of] p2a: Magnezone\n|-damage|p1a: Lilligant|62/264|[from] item: Life Orb\n|cant|p2a: Magnezone|slp\n|\n|-weather|Hail|[upkeep]\n|-damage|p1a: Lilligant|46/264|[from] Hail\n|-damage|p2a: Magnezone|87/255 slp|[from] Hail\n|upkeep\n|turn|13\n|\n|t:|1770201835\n|move|p1a: Lilligant|Giga Drain|p2a: Magnezone\n|-resisted|p2a: Magnezone\n|-damage|p2a: Magnezone|0 fnt\n|-heal|p1a: Lilligant|90/264|[from] drain|[of] p2a: Magnezone\n|faint|p2a: Magnezone\n|-damage|p1a: Lilligant|64/264|[from] item: Life Orb\n|\n|-weather|Hail|[upkeep]\n|-damage|p1a: Lilligant|48/264|[from] Hail\n|upkeep\n|-message|Petilil37 forfeited.\n|\n|win|NiGhtOs\n|raw|NiGhtOs's rating: 1521 &rarr; <strong>1552</strong><br />(+31 for winning)\n|raw|Petilil37's rating: 1738 &rarr; <strong>1707</strong><br />(-31 for losing)\n|l|‽Petilil37\n|player|p2|\n", "inputlog": ">version ccdc32dd7cde25fd9e4bed64820e885f66e78a4e\n>start {\"formatid\":\"gen7randombattle\",\"seed\":\"sodium,2db528ddbba1417094e10f2e380c2f61\",\"rated\":\"Rated battle\"}\n>player p1 {\"name\":\"NiGhtOs\",\"avatar\":\"steven\",\"rating\":1521,\"seed\":\"sodium,a651c9433329a6a5921b7d73041326f2\"}\n>player p2 {\"name\":\"Petilil37\",\"avatar\":\"1\",\"rating\":1722,\"seed\":\"sodium,b1e1a3bc09534fb67139ea58174900e0\"}\n>p1 move superpower\n>p2 move earthquake\n>p1 switch 3\n>p1 move quiverdance\n>p2 switch 3\n>p1 move sleeppowder\n>p2 move sludgewave\n>p1 move quiverdance\n>p2 move sludgewave\n>p1 move quiverdance\n>p2 move sludgewave\n>p1 move hiddenpower\n>p2 move sludgewave\n>p2 switch 2\n>p1 move sleeppowder\n>p2 move flashcannon\n>p1 move sleeppowder\n>p2 move flashcannon\n>p1 move gigadrain\n>p2 switch 6\n>p1 move hiddenpower\n>p2 move bugbuzz\n>p2 switch 5\n>p1 move hiddenpower\n>p2 move blizzard\n>p2 switch 6\n>p1 move gigadrain\n>p2 move flashcannon\n>p1 move gigadrain\n>p2 move flashcannon\n>forcelose p2", "uploadtime": 1770201840, "views": 128, "formatid": "gen7randombattle", "rating": 1552, "private": 0, "password": null}