{"id": "gen7randombattle-2526994830", "format": "[Gen 7] Random Battle", "players": ["MimikyuTrainerAsh", "ethan_asian"], "log": "|j|☆MimikyuTrainerAsh\n|j|☆ethan_asian\n|t:|1769479532\n|gametype|singles\n|player|p1|MimikyuTrainerAsh|pokekid|1597\n|player|p2|ethan_asian|102|1615\n|gen|7\n|tier|[Gen 7] Random Battle\n|rated|\n|rule|Sleep Clause Mod: Limit one foe put to sleep\n|rule|HP Percentage Mod: HP is shown in percentages\n|rule|Illusion Level Mod: Illusion disguises the Pokémon's true level\n|\n|t:|1769479532\n|teamsize|p1|6\n|teamsize|p2|6\n|start\n|switch|p1a: Dodrio|Dodrio, L82, F|233/233\n|switch|p2a: Minun|Minun, L95, F|268/268\n|turn|1\n|inactive|Battle timer is ON: inactive players will automatically lose when time's up. (requested by ethan_asian)\n|inactive|MimikyuTrainerAsh also wants the timer to be on.\n|\n|t:|1769479547\n|switch|p1a: Vikavolt|Vikavolt, L86, F|273/273\n|move|p2a: Minun|Substitute|p2a: Minun\n|-start|p2a: Minun|Substitute\n|-damage|p2a: Minun|201/268\n|\n|-heal|p2a: Minun|217/268|[from] item: Leftovers\n|upkeep\n|turn|2\n|\n|t:|1769479553\n|move|p2a: Minun|Nasty Plot|p2a: Minun\n|-boost|p2a: Minun|spa|2\n|move|p1a: Vikavolt|Bug Buzz|p2a: Minun\n|-crit|p2a: Minun\n|-damage|p2a: Minun|10/268\n|\n|-heal|p2a: Minun|26/268|[from] item: Leftovers\n|upkeep\n|turn|3\n|\n|t:|1769479557\n|move|p2a: Minun|Thunderbolt|p1a: Vikavolt\n|-resisted|p1a: Vikavolt\n|-damage|p1a: Vikavolt|169/273\n|move|p1a: Vikavolt|Bug Buzz|p2a: Minun\n|-damage|p2a: Minun|0 fnt\n|faint|p2a: Minun\n|\n|-heal|p1a: Vikavolt|186/273|[from] item: Leftovers\n|upkeep\n|\n|t:|1769479565\n|switch|p2a: Victini|Victini, L76|277/277\n|turn|4\n|\n|t:|1769479570\n|switch|p1a: Flareon|Flareon, L88, M|258/258\n|move|p2a: Victini|V-create|p1a: Flareon\n|-resisted|p1a: Flareon\n|-damage|p1a: Flareon|160/258\n|-unboost|p2a: Victini|spe|1\n|-unboost|p2a: Victini|def|1\n|-unboost|p2a: Victini|spd|1\n|\n|-status|p1a: Flareon|tox|[from] item: Toxic Orb\n|upkeep\n|turn|5\n|\n|t:|1769479574\n|switch|p2a: Wobbuffet|Wobbuffet, L94, M|510/510\n|move|p1a: Flareon|Flame Charge|p2a: Wobbuffet\n|-crit|p2a: Wobbuffet\n|-damage|p2a: Wobbuffet|315/510\n|-boost|p1a: Flareon|spe|1\n|\n|-damage|p1a: Flareon|144/258 tox|[from] psn\n|upkeep\n|turn|6\n|\n|t:|1769479578\n|move|p1a: Flareon|Flare Blitz|p2a: Wobbuffet\n|-damage|p2a: Wobbuffet|0 fnt\n|faint|p2a: Wobbuffet\n|-damage|p1a: Flareon|40/258 tox|[from] Recoil\n|\n|-damage|p1a: Flareon|8/258 tox|[from] psn\n|upkeep\n|\n|t:|1769479598\n|switch|p2a: Victini|Victini, L76|277/277\n|turn|7\n|\n|t:|1769479601\n|move|p2a: Victini|U-turn|p1a: Flareon\n|-resisted|p1a: Flareon\n|-damage|p1a: Flareon|0 fnt\n|faint|p1a: Flareon\n|\n|t:|1769479603\n|switch|p2a: Jolteon|Jolteon, L81, F|238/238|[from] U-turn\n|\n|upkeep\n|\n|t:|1769479612\n|switch|p1a: Vikavolt|Vikavolt, L86, F|186/273\n|turn|8\n|\n|t:|1769479615\n|move|p2a: Jolteon|Volt Switch|p1a: Vikavolt\n|-resisted|p1a: Vikavolt\n|-damage|p1a: Vikavolt|120/273\n|\n|t:|1769479617\n|switch|p2a: Beedrill|Beedrill, L77, F|227/227|[from] Volt Switch\n|move|p1a: Vikavolt|Bug Buzz|p2a: Beedrill\n|-resisted|p2a: Beedrill\n|-damage|p2a: Beedrill|146/227\n|\n|-heal|p1a: Vikavolt|137/273|[from] item: Leftovers\n|upkeep\n|turn|9\n|\n|t:|1769479623\n|detailschange|p2a: Beedrill|Beedrill-Mega, L77, F\n|-mega|p2a: Beedrill|Beedrill|Beedrillite\n|move|p2a: Beedrill|Swords Dance|p2a: Beedrill\n|-boost|p2a: Beedrill|atk|2\n|move|p1a: Vikavolt|Discharge|p2a: Beedrill\n|-damage|p2a: Beedrill|0 fnt\n|faint|p2a: Beedrill\n|detailschange|p2: Beedrill|Beedrill, L77, F|[silent]\n|\n|-heal|p1a: Vikavolt|154/273|[from] item: Leftovers\n|upkeep\n|-message|ethan_asian forfeited.\n|\n|win|MimikyuTrainerAsh\n|raw|MimikyuTrainerAsh's rating: 1597 &rarr; <strong>1618</strong><br />(+21 for winning)\n|raw|ethan_asian's rating: 1615 &rarr; <strong>1594</strong><br />(-21 for losing)\n|l|☆ethan_asian\n|player|p2|\n", "inputlog": ">version b99ff0165a6231f17e8b78c2a78d1998375de664\n>start {\"formatid\":\"gen7randombattle\",\"seed\":\"sodium,d1c13e990741312653b05db21ca390ef\",\"rated\":\"Rated battle\"}\n>player p1 {\"name\":\"MimikyuTrainerAsh\",\"avatar\":\"pokekid\",\"rating\":1597,\"seed\":\"sodium,8db114f2af6998a34b015ff58f6ba52c\"}\n>player p2 {\"name\":\"ethan_asian\",\"avatar\":\"102\",\"rating\":1615,\"seed\":\"sodium,4d0e7f19363d0f30df20fda0c606a01a\"}\n>p1 switch 2\n>p2 move substitute\n>p1 move bugbuzz\n>p2 move nastyplot\n>p1 move bugbuzz\n>p2 move thunderbolt\n>p2 switch 2\n>p1 switch 3\n>p2 move vcreate\n>p1 move flamecharge\n>p2 switch 4\n>p1 move flareblitz\n>p2 move counter\n>p2 switch 4\n>p1 move facade\n>p2 move uturn\n>p2 switch 6\n>p1 switch 3\n>p1 move bugbuzz\n>p2 move voltswitch\n>p2 switch 3\n>p1 move discharge\n>p2 move swordsdance mega\n>forcelose p2", "uploadtime": 1769479635, "views": 186, "formatid": "gen7randombattle", "rating": 1594, "private": 0, "password": null}