{"id": "gen7randombattle-2532457803", "format": "[Gen 7] Random Battle", "players": ["2 Easy Scrub", "Nerpiwin"], "log": "|j|☆2 Easy Scrub\n|j|☆Nerpiwin\n|t:|1770179340\n|gametype|singles\n|player|p1|2 Easy Scrub|ltsurge|1560\n|player|p2|Nerpiwin|alder|1562\n|gen|7\n|tier|[Gen 7] Random Battle\n|rated|\n|rule|Sleep Clause Mod: Limit one foe put to sleep\n|rule|HP Percentage Mod: HP is shown in percentages\n|rule|Illusion Level Mod: Illusion disguises the Pokémon's true level\n|\n|t:|1770179340\n|teamsize|p1|6\n|teamsize|p2|6\n|start\n|switch|p1a: Darkrai|Darkrai, L75|229/229\n|switch|p2a: Seaking|Seaking, L95, M|306/306\n|turn|1\n|inactive|Battle timer is ON: inactive players will automatically lose when time's up. (requested by 2 Easy Scrub)\n|\n|t:|1770179365\n|switch|p1a: Keldeo|Keldeo-Resolute, L80|277/277\n|switch|p2a: Blissey|Blissey, L85, F|572/572\n|\n|upkeep\n|turn|2\n|\n|t:|1770179373\n|switch|p2a: Celebi|Celebi, L82|298/298\n|move|p1a: Keldeo|Calm Mind|p1a: Keldeo\n|-boost|p1a: Keldeo|spa|1\n|-boost|p1a: Keldeo|spd|1\n|\n|upkeep\n|turn|3\n|\n|t:|1770179380\n|switch|p1a: Galvantula|Galvantula, L80, F|243/243\n|move|p2a: Celebi|Psychic|p1a: Galvantula\n|-damage|p1a: Galvantula|107/243\n|\n|upkeep\n|turn|4\n|\n|t:|1770179390\n|switch|p2a: Blissey|Blissey, L85, F|572/572\n|move|p1a: Galvantula|Sticky Web|p2a: Blissey\n|-sidestart|p2: Nerpiwin|move: Sticky Web\n|\n|upkeep\n|turn|5\n|\n|t:|1770179399\n|switch|p1a: Keldeo|Keldeo-Resolute, L80|277/277\n|move|p2a: Blissey|Seismic Toss|p1a: Keldeo\n|-damage|p1a: Keldeo|192/277\n|\n|upkeep\n|turn|6\n|\n|t:|1770179411\n|switch|p1a: Naganadel|Naganadel, L74|230/230\n|switch|p2a: Celebi|Celebi, L82|298/298\n|-activate|p2a: Celebi|move: Sticky Web\n|-unboost|p2a: Celebi|spe|1\n|\n|upkeep\n|turn|7\n|\n|t:|1770179420\n|switch|p2a: Blissey|Blissey, L85, F|572/572\n|-activate|p2a: Blissey|move: Sticky Web\n|-unboost|p2a: Blissey|spe|1\n|move|p1a: Naganadel|Nasty Plot|p1a: Naganadel\n|-boost|p1a: Naganadel|spa|2\n|\n|upkeep\n|turn|8\n|\n|t:|1770179427\n|-zpower|p1a: Naganadel\n|move|p1a: Naganadel|Devastating Drake|p2a: Blissey|[zeffect]\n|-damage|p2a: Blissey|286/572\n|move|p2a: Blissey|Seismic Toss|p1a: Naganadel\n|-damage|p1a: Naganadel|145/230\n|\n|-heal|p2a: Blissey|321/572|[from] item: Leftovers\n|upkeep\n|turn|9\n|\n|t:|1770179438\n|move|p1a: Naganadel|Nasty Plot|p1a: Naganadel\n|-boost|p1a: Naganadel|spa|2\n|move|p2a: Blissey|Wish|p2a: Blissey\n|\n|-heal|p2a: Blissey|356/572|[from] item: Leftovers\n|upkeep\n|turn|10\n|\n|t:|1770179444\n|move|p1a: Naganadel|Sludge Wave|p2a: Blissey\n|-damage|p2a: Blissey|142/572\n|move|p2a: Blissey|Seismic Toss|p1a: Naganadel\n|-damage|p1a: Naganadel|60/230\n|\n|-heal|p2a: Blissey|428/572|[from] move: Wish|[wisher] Blissey\n|-heal|p2a: Blissey|463/572|[from] item: Leftovers\n|upkeep\n|turn|11\n|\n|t:|1770179452\n|switch|p1a: Keldeo|Keldeo-Resolute, L80|192/277\n|move|p2a: Blissey|Seismic Toss|p1a: Keldeo\n|-damage|p1a: Keldeo|107/277\n|\n|-heal|p2a: Blissey|498/572|[from] item: Leftovers\n|upkeep\n|turn|12\n|\n|t:|1770179460\n|switch|p2a: Celebi|Celebi, L82|298/298\n|-activate|p2a: Celebi|move: Sticky Web\n|-unboost|p2a: Celebi|spe|1\n|move|p1a: Keldeo|Secret Sword|p2a: Celebi\n|-resisted|p2a: Celebi\n|-damage|p2a: Celebi|232/298\n|-damage|p1a: Keldeo|80/277|[from] item: Life Orb\n|\n|-heal|p2a: Celebi|250/298|[from] item: Leftovers\n|upkeep\n|turn|13\n|\n|t:|1770179479\n|switch|p1a: Darkrai|Darkrai, L75|229/229\n|move|p2a: Celebi|U-turn|p1a: Darkrai\n|-supereffective|p1a: Darkrai\n|-damage|p1a: Darkrai|123/229\n|\n|t:|1770179495\n|switch|p2a: Noctowl|Noctowl, L94, M|340/340|[from] U-turn\n|\n|upkeep\n|turn|14\n|\n|t:|1770179514\n|move|p1a: Darkrai|Hypnosis|p2a: Noctowl\n|-status|p2a: Noctowl|slp|[from] move: Hypnosis\n|cant|p2a: Noctowl|slp\n|\n|-damage|p2a: Noctowl|298/340 slp|[from] ability: Bad Dreams|[of] p1a: Darkrai\n|upkeep\n|turn|15\n|\n|t:|1770179526\n|switch|p1a: Galvantula|Galvantula, L80, F|107/243\n|switch|p2a: Blissey|Blissey, L85, F|498/572\n|-activate|p2a: Blissey|move: Sticky Web\n|-unboost|p2a: Blissey|spe|1\n|\n|-heal|p2a: Blissey|533/572|[from] item: Leftovers\n|upkeep\n|turn|16\n|\n|t:|1770179540\n|move|p1a: Galvantula|Bug Buzz|p2a: Blissey\n|-damage|p2a: Blissey|450/572\n|-damage|p1a: Galvantula|83/243|[from] item: Life Orb\n|move|p2a: Blissey|Seismic Toss|p1a: Galvantula\n|-damage|p1a: Galvantula|0 fnt\n|faint|p1a: Galvantula\n|\n|-heal|p2a: Blissey|485/572|[from] item: Leftovers\n|upkeep\n|\n|t:|1770179554\n|switch|p1a: Lucario|Lucario, L74, M|226/226\n|turn|17\n|\n|t:|1770179561\n|detailschange|p1a: Lucario|Lucario-Mega, L74, M\n|-mega|p1a: Lucario|Lucario|Lucarionite\n|move|p2a: Blissey|Protect|p2a: Blissey\n|-singleturn|p2a: Blissey|Protect\n|move|p1a: Lucario|Nasty Plot|p1a: Lucario\n|-boost|p1a: Lucario|spa|2\n|\n|-heal|p2a: Blissey|520/572|[from] item: Leftovers\n|upkeep\n|turn|18\n|\n|t:|1770179576\n|switch|p2a: Celebi|Celebi, L82|250/298\n|-activate|p2a: Celebi|move: Sticky Web\n|-unboost|p2a: Celebi|spe|1\n|move|p1a: Lucario|Nasty Plot|p1a: Lucario\n|-boost|p1a: Lucario|spa|2\n|\n|-heal|p2a: Celebi|268/298|[from] item: Leftovers\n|upkeep\n|turn|19\n|\n|t:|1770179585\n|move|p1a: Lucario|Flash Cannon|p2a: Celebi\n|-damage|p2a: Celebi|0 fnt\n|faint|p2a: Celebi\n|\n|upkeep\n|\n|t:|1770179597\n|switch|p2a: Aggron|Aggron, L81, M|246/246\n|-activate|p2a: Aggron|move: Sticky Web\n|-unboost|p2a: Aggron|spe|1\n|turn|20\n|\n|t:|1770179603\n|move|p1a: Lucario|Aura Sphere|p2a: Aggron\n|-supereffective|p2a: Aggron\n|-ability|p2a: Aggron|Sturdy\n|-damage|p2a: Aggron|1/246\n|move|p2a: Aggron|Earthquake|p1a: Lucario\n|-supereffective|p1a: Lucario\n|-damage|p1a: Lucario|72/226\n|\n|upkeep\n|turn|21\n|\n|t:|1770179613\n|move|p1a: Lucario|Aura Sphere|p2a: Aggron\n|-supereffective|p2a: Aggron\n|-damage|p2a: Aggron|0 fnt\n|faint|p2a: Aggron\n|\n|upkeep\n|\n|t:|1770179618\n|switch|p2a: Blissey|Blissey, L85, F|520/572\n|-activate|p2a: Blissey|move: Sticky Web\n|-unboost|p2a: Blissey|spe|1\n|turn|22\n|\n|t:|1770179622\n|move|p1a: Lucario|Aura Sphere|p2a: Blissey\n|-supereffective|p2a: Blissey\n|-damage|p2a: Blissey|20/572\n|move|p2a: Blissey|Seismic Toss|p1a: Lucario\n|-damage|p1a: Lucario|0 fnt\n|faint|p1a: Lucario\n|detailschange|p1: Lucario|Lucario, L74, M|[silent]\n|\n|-heal|p2a: Blissey|55/572|[from] item: Leftovers\n|upkeep\n|\n|t:|1770179630\n|switch|p1a: Naganadel|Naganadel, L74|60/230\n|turn|23\n|\n|t:|1770179634\n|move|p2a: Blissey|Protect|p2a: Blissey\n|-singleturn|p2a: Blissey|Protect\n|move|p1a: Naganadel|Nasty Plot|p1a: Naganadel\n|-boost|p1a: Naganadel|spa|2\n|\n|-heal|p2a: Blissey|90/572|[from] item: Leftovers\n|upkeep\n|turn|24\n|\n|t:|1770179641\n|move|p1a: Naganadel|Sludge Wave|p2a: Blissey\n|-damage|p2a: Blissey|0 fnt\n|faint|p2a: Blissey\n|-ability|p1a: Naganadel|Beast Boost|boost\n|-boost|p1a: Naganadel|spa|1\n|\n|upkeep\n|\n|t:|1770179647\n|switch|p2a: Lycanroc|Lycanroc, L85, M|266/266\n|-activate|p2a: Lycanroc|move: Sticky Web\n|-unboost|p2a: Lycanroc|spe|1\n|turn|25\n|\n|t:|1770179652\n|move|p2a: Lycanroc|Accelerock|p1a: Naganadel\n|-damage|p1a: Naganadel|0 fnt\n|faint|p1a: Naganadel\n|\n|upkeep\n|\n|t:|1770179657\n|switch|p1a: Keldeo|Keldeo-Resolute, L80|80/277\n|turn|26\n|\n|t:|1770179666\n|switch|p2a: Seaking|Seaking, L95, M|306/306\n|-activate|p2a: Seaking|move: Sticky Web\n|-unboost|p2a: Seaking|spe|1\n|move|p1a: Keldeo|Calm Mind|p1a: Keldeo\n|-boost|p1a: Keldeo|spa|1\n|-boost|p1a: Keldeo|spd|1\n|\n|upkeep\n|turn|27\n|\n|t:|1770179676\n|move|p1a: Keldeo|Secret Sword|p2a: Seaking\n|-damage|p2a: Seaking|80/306\n|-damage|p1a: Keldeo|53/277|[from] item: Life Orb\n|move|p2a: Seaking|Drill Run|p1a: Keldeo\n|-damage|p1a: Keldeo|0 fnt\n|faint|p1a: Keldeo\n|-damage|p2a: Seaking|50/306|[from] item: Life Orb\n|\n|upkeep\n|\n|t:|1770179687\n|switch|p1a: Darkrai|Darkrai, L75|123/229\n|turn|28\n|\n|t:|1770179691\n|move|p1a: Darkrai|Dark Pulse|p2a: Seaking\n|-damage|p2a: Seaking|0 fnt\n|faint|p2a: Seaking\n|-damage|p1a: Darkrai|101/229|[from] item: Life Orb\n|\n|upkeep\n|\n|t:|1770179698\n|switch|p2a: Lycanroc|Lycanroc, L85, M|266/266\n|-activate|p2a: Lycanroc|move: Sticky Web\n|-unboost|p2a: Lycanroc|spe|1\n|turn|29\n|\n|t:|1770179703\n|move|p2a: Lycanroc|Accelerock|p1a: Darkrai\n|-damage|p1a: Darkrai|22/229\n|move|p1a: Darkrai|Dark Pulse|p2a: Lycanroc\n|-damage|p2a: Lycanroc|122/266\n|-damage|p1a: Darkrai|0 fnt|[from] item: Life Orb\n|faint|p1a: Darkrai\n|\n|upkeep\n|\n|t:|1770179708\n|switch|p1a: Zeraora|Zeraora, L77|262/262\n|turn|30\n|-message|Nerpiwin forfeited.\n|\n|win|2 Easy Scrub\n|raw|2 Easy Scrub's rating: 1560 &rarr; <strong>1580</strong><br />(+20 for winning)\n|raw|Nerpiwin's rating: 1562 &rarr; <strong>1542</strong><br />(-20 for losing)\n|l|☆Nerpiwin\n|player|p2|\n", "inputlog": ">version ccdc32dd7cde25fd9e4bed64820e885f66e78a4e\n>start {\"formatid\":\"gen7randombattle\",\"seed\":\"sodium,5376d0367063cd3e4dd1793602da7ed8\",\"rated\":\"Rated battle\"}\n>player p1 {\"name\":\"2 Easy Scrub\",\"avatar\":\"ltsurge\",\"rating\":1560,\"seed\":\"sodium,837d7e3ef62945330ce99853c40532d4\"}\n>player p2 {\"name\":\"Nerpiwin\",\"avatar\":\"alder\",\"rating\":1562,\"seed\":\"sodium,a139670ec8d01cb53f069b15db39af21\"}\n>p1 switch 6\n>p2 switch 5\n>p1 move calmmind\n>p2 switch 2\n>p1 switch 4\n>p2 move psychic\n>p1 move stickyweb\n>p2 switch 2\n>p1 switch 4\n>p2 move seismictoss\n>p1 switch 3\n>p2 switch 2\n>p1 move nastyplot\n>p2 switch 2\n>p1 move dracometeor zmove\n>p2 move seismictoss\n>p1 move nastyplot\n>p2 move wish\n>p1 move sludgewave\n>p2 move seismictoss\n>p1 switch 3\n>p2 move seismictoss\n>p1 move secretsword\n>p2 switch 2\n>p1 switch 6\n>p2 move uturn\n>p2 switch 6\n>p1 move hypnosis\n>p2 move defog\n>p1 switch 4\n>p2 switch 2\n>p1 move bugbuzz\n>p2 move seismictoss\n>p1 switch 5\n>p1 move nastyplot mega\n>p2 move protect\n>p1 move nastyplot\n>p2 switch 6\n>p1 move flashcannon\n>p2 move psychic\n>p2 switch 3\n>p1 move aurasphere\n>p2 move earthquake\n>p1 move aurasphere\n>p2 move earthquake\n>p2 switch 6\n>p1 move aurasphere\n>p2 move seismictoss\n>p1 switch 3\n>p1 move nastyplot\n>p2 move protect\n>p1 move sludgewave\n>p2 move seismictoss\n>p2 switch 4\n>p1 move sludgewave\n>p2 move accelerock\n>p1 switch 6\n>p1 move calmmind\n>p2 switch 5\n>p1 move secretsword\n>p2 move drillrun\n>p1 switch 4\n>p1 move darkpulse\n>p2 move waterfall\n>p2 switch 5\n>p1 move darkpulse\n>p2 move accelerock\n>p1 switch 2\n>forcelose p2", "uploadtime": 1770179721, "views": 136, "formatid": "gen7randombattle", "rating": 1542, "private": 0, "password": null}