{"id": "gen7randombattle-2523470820", "format": "[Gen 7] Random Battle", "players": ["MimikyuTrainerAsh", "eeveekweefees"], "log": "|j|☆MimikyuTrainerAsh\n|j|☆eeveekweefees\n|t:|1769028458\n|gametype|singles\n|player|p1|MimikyuTrainerAsh|pokekid|1639\n|player|p2|eeveekweefees|101|1577\n|gen|7\n|tier|[Gen 7] Random Battle\n|rated|\n|rule|Sleep Clause Mod: Limit one foe put to sleep\n|rule|HP Percentage Mod: HP is shown in percentages\n|rule|Illusion Level Mod: Illusion disguises the Pokémon's true level\n|\n|t:|1769028458\n|teamsize|p1|6\n|teamsize|p2|6\n|start\n|switch|p1a: Politoed|Politoed, L88, M|302/302\n|switch|p2a: Archeops|Archeops, L82, F|257/257\n|-weather|RainDance|[from] ability: Drizzle|[of] p1a: Politoed\n|turn|1\n|inactive|Battle timer is ON: inactive players will automatically lose when time's up. (requested by MimikyuTrainerAsh)\n|\n|t:|1769028464\n|switch|p2a: Seaking|Seaking, L95, M|306/306\n|move|p1a: Politoed|Scald|p2a: Seaking\n|-resisted|p2a: Seaking\n|-damage|p2a: Seaking|246/306\n|\n|-weather|RainDance|[upkeep]\n|upkeep\n|turn|2\n|\n|t:|1769028467\n|move|p1a: Politoed|Protect|p1a: Politoed\n|-singleturn|p1a: Politoed|Protect\n|move|p2a: Seaking|Knock Off|p1a: Politoed\n|-activate|p1a: Politoed|move: Protect\n|\n|-weather|RainDance|[upkeep]\n|upkeep\n|turn|3\n|\n|t:|1769028472\n|switch|p1a: Salamence|Salamence, L70, F|249/249\n|-ability|p1a: Salamence|Intimidate|boost\n|-unboost|p2a: Seaking|atk|1\n|move|p2a: Seaking|Knock Off|p1a: Salamence\n|-damage|p1a: Salamence|188/249\n|-damage|p2a: Seaking|216/306|[from] item: Life Orb\n|\n|-weather|RainDance|[upkeep]\n|upkeep\n|turn|4\n|\n|t:|1769028486\n|switch|p2a: Mr. Mime|Mr. Mime, L90, F|218/218\n|switch|p1a: Politoed|Politoed, L88, M|302/302\n|\n|-weather|RainDance|[upkeep]\n|upkeep\n|turn|5\n|\n|t:|1769028494\n|move|p2a: Mr. Mime|Dazzling Gleam|p1a: Politoed\n|-damage|p1a: Politoed|193/302\n|-damage|p2a: Mr. Mime|197/218|[from] item: Life Orb\n|move|p1a: Politoed|Toxic|p2a: Mr. Mime\n|-status|p2a: Mr. Mime|tox\n|\n|-weather|none\n|-heal|p1a: Politoed|211/302|[from] item: Leftovers\n|-damage|p2a: Mr. Mime|184/218 tox|[from] psn\n|upkeep\n|turn|6\n|\n|t:|1769028507\n|move|p1a: Politoed|Protect|p1a: Politoed\n|-singleturn|p1a: Politoed|Protect\n|move|p2a: Mr. Mime|Dazzling Gleam|p1a: Politoed\n|-activate|p1a: Politoed|move: Protect\n|\n|-heal|p1a: Politoed|229/302|[from] item: Leftovers\n|-damage|p2a: Mr. Mime|158/218 tox|[from] psn\n|upkeep\n|turn|7\n|\n|t:|1769028514\n|move|p2a: Mr. Mime|Psyshock|p1a: Politoed\n|-damage|p1a: Politoed|89/302\n|-damage|p2a: Mr. Mime|137/218 tox|[from] item: Life Orb\n|move|p1a: Politoed|Scald|p2a: Mr. Mime\n|-damage|p2a: Mr. Mime|67/218 tox\n|\n|-heal|p1a: Politoed|107/302|[from] item: Leftovers\n|-damage|p2a: Mr. Mime|28/218 tox|[from] psn\n|upkeep\n|turn|8\n|\n|t:|1769028517\n|move|p1a: Politoed|Protect|p1a: Politoed\n|-singleturn|p1a: Politoed|Protect\n|move|p2a: Mr. Mime|Psyshock|p1a: Politoed\n|-activate|p1a: Politoed|move: Protect\n|\n|-heal|p1a: Politoed|125/302|[from] item: Leftovers\n|-damage|p2a: Mr. Mime|0 fnt|[from] psn\n|faint|p2a: Mr. Mime\n|upkeep\n|\n|t:|1769028522\n|switch|p2a: Roserade|Roserade, L84, M|238/238\n|turn|9\n|\n|t:|1769028533\n|switch|p1a: Moltres|Moltres, L82|281/281\n|move|p2a: Roserade|Leaf Storm|p1a: Moltres\n|-resisted|p1a: Moltres\n|-damage|p1a: Moltres|223/281\n|-unboost|p2a: Roserade|spa|2\n|-damage|p2a: Roserade|215/238|[from] item: Life Orb\n|\n|-heal|p1a: Moltres|240/281|[from] item: Leftovers\n|upkeep\n|turn|10\n|\n|t:|1769028539\n|switch|p2a: Seaking|Seaking, L95, M|216/306\n|move|p1a: Moltres|Hurricane|p2a: Seaking|[miss]\n|-miss|p1a: Moltres|p2a: Seaking\n|\n|-heal|p1a: Moltres|257/281|[from] item: Leftovers\n|upkeep\n|turn|11\n|\n|t:|1769028543\n|switch|p1a: Politoed|Politoed, L88, M|125/302\n|-weather|RainDance|[from] ability: Drizzle|[of] p1a: Politoed\n|move|p2a: Seaking|Rain Dance||[still]\n|-fail|p2a: Seaking\n|\n|-weather|RainDance|[upkeep]\n|-heal|p1a: Politoed|143/302|[from] item: Leftovers\n|upkeep\n|turn|12\n|\n|t:|1769028548\n|move|p2a: Seaking|Megahorn|p1a: Politoed\n|-damage|p1a: Politoed|5/302\n|-damage|p2a: Seaking|186/306|[from] item: Life Orb\n|move|p1a: Politoed|Toxic|p2a: Seaking\n|-status|p2a: Seaking|tox\n|\n|-weather|RainDance|[upkeep]\n|-heal|p1a: Politoed|23/302|[from] item: Leftovers\n|-damage|p2a: Seaking|167/306 tox|[from] psn\n|upkeep\n|turn|13\n|l|☆eeveekweefees\n|inactive|eeveekweefees disconnected and has a minute to reconnect!\n|player|p2|\n|inactive|eeveekweefees has 30 seconds to reconnect!\n|inactive|eeveekweefees has 20 seconds to reconnect!\n|inactive|eeveekweefees has 15 seconds to reconnect!\n|inactive|eeveekweefees has 10 seconds to reconnect!\n|inactive|eeveekweefees has 5 seconds to reconnect!\n|-message|eeveekweefees lost due to inactivity.\n|\n|win|MimikyuTrainerAsh\n|raw|MimikyuTrainerAsh's rating: 1639 &rarr; <strong>1655</strong><br />(+16 for winning)\n|raw|eeveekweefees's rating: 1577 &rarr; <strong>1561</strong><br />(-16 for losing)\n", "inputlog": ">version 3bd1a1e329da8d286644078cfc9a9638fc7ea025\n>start {\"formatid\":\"gen7randombattle\",\"seed\":\"sodium,9f143bca6a6ad0dc314272b1e8732708\",\"rated\":\"Rated battle\"}\n>player p1 {\"name\":\"MimikyuTrainerAsh\",\"avatar\":\"pokekid\",\"rating\":1639,\"seed\":\"sodium,4bcfd78d84e565274ec3ec452ff4b0d8\"}\n>player p2 {\"name\":\"eeveekweefees\",\"avatar\":\"101\",\"rating\":1577,\"seed\":\"sodium,2cb637e42cd6e27bb0ea1a004c26cf06\"}\n>p1 move scald\n>p2 switch 2\n>p1 move protect\n>p2 move knockoff\n>p1 switch 5\n>p2 move knockoff\n>p1 switch 5\n>p2 switch 5\n>p1 move toxic\n>p2 move dazzlinggleam\n>p1 move protect\n>p2 move dazzlinggleam\n>p1 move scald\n>p2 move psyshock\n>p1 move protect\n>p2 move psyshock\n>p2 switch 4\n>p1 switch 2\n>p2 move leafstorm\n>p1 move hurricane\n>p2 switch 5\n>p1 switch 2\n>p2 move raindance\n>p1 move toxic\n>p2 move megahorn\n>forcelose p2", "uploadtime": 1769028633, "views": 171, "formatid": "gen7randombattle", "rating": 1561, "private": 0, "password": null}