{"id": "gen7randombattle-2530347199", "format": "[Gen 7] Random Battle", "players": ["yeet no u", "Danmanthedanman"], "log": "|j|☆yeet no u\n|j|☆Danmanthedanman\n|t:|1769905143\n|gametype|singles\n|player|p1|yeet no u|anabel-gen7|1665\n|player|p2|Danmanthedanman|170|1654\n|gen|7\n|tier|[Gen 7] Random Battle\n|rated|\n|rule|Sleep Clause Mod: Limit one foe put to sleep\n|rule|HP Percentage Mod: HP is shown in percentages\n|rule|Illusion Level Mod: Illusion disguises the Pokémon's true level\n|\n|t:|1769905143\n|teamsize|p1|6\n|teamsize|p2|6\n|start\n|switch|p1a: Torkoal|Torkoal, L84, F|255/255\n|switch|p2a: Scrafty|Scrafty, L84, F|246/246\n|-weather|SunnyDay|[from] ability: Drought|[of] p1a: Torkoal\n|turn|1\n|c|☆yeet no u|glhf\n|inactive|Battle timer is ON: inactive players will automatically lose when time's up. (requested by Danmanthedanman)\n|c|☆Danmanthedanman|U2!\n|c|☆yeet no u|mind if I ask you something?\n|\n|t:|1769905179\n|move|p2a: Scrafty|Bulk Up|p2a: Scrafty\n|-boost|p2a: Scrafty|atk|1\n|-boost|p2a: Scrafty|def|1\n|move|p1a: Torkoal|Lava Plume|p2a: Scrafty\n|-damage|p2a: Scrafty|156/246\n|\n|-weather|SunnyDay|[upkeep]\n|-heal|p2a: Scrafty|171/246|[from] item: Leftovers\n|upkeep\n|turn|2\n|c|☆Danmanthedanman|You know what\n|c|☆Danmanthedanman|sure\n|c|☆yeet no u|Are you a fan of Dandadan, man?\n|c|☆yeet no u|ba dum tsh\n|inactive|yeet no u has 120 seconds left.\n|c|☆Danmanthedanman|😮‍💨\n|\n|t:|1769905213\n|move|p2a: Scrafty|Knock Off|p1a: Torkoal\n|-damage|p1a: Torkoal|146/255\n|-enditem|p1a: Torkoal|Leftovers|[from] move: Knock Off|[of] p2a: Scrafty\n|move|p1a: Torkoal|Lava Plume|p2a: Scrafty\n|-damage|p2a: Scrafty|72/246\n|\n|-weather|SunnyDay|[upkeep]\n|-heal|p2a: Scrafty|87/246|[from] item: Leftovers\n|upkeep\n|turn|3\n|inactive|yeet no u has 120 seconds left.\n|\n|t:|1769905226\n|move|p2a: Scrafty|Drain Punch|p1a: Torkoal\n|-damage|p1a: Torkoal|74/255\n|-heal|p2a: Scrafty|123/246|[from] drain|[of] p1a: Torkoal\n|move|p1a: Torkoal|Lava Plume|p2a: Scrafty\n|-damage|p2a: Scrafty|36/246\n|\n|-weather|SunnyDay|[upkeep]\n|-heal|p2a: Scrafty|51/246|[from] item: Leftovers\n|upkeep\n|turn|4\n|\n|t:|1769905232\n|switch|p1a: Sableye|Sableye, L86, F|226/226\n|move|p2a: Scrafty|Rest|p2a: Scrafty\n|-status|p2a: Scrafty|slp|[from] move: Rest\n|-heal|p2a: Scrafty|246/246 slp|[silent]\n|\n|-weather|SunnyDay|[upkeep]\n|-activate|p2a: Scrafty|ability: Shed Skin\n|-curestatus|p2a: Scrafty|slp|[msg]\n|upkeep\n|turn|5\n|\n|t:|1769905239\n|move|p1a: Sableye|Will-O-Wisp|p2a: Scrafty\n|-hint|Since gen 7, Dark is immune to Prankster moves.\n|-immune|p2a: Scrafty\n|move|p2a: Scrafty|Bulk Up|p2a: Scrafty\n|-boost|p2a: Scrafty|atk|1\n|-boost|p2a: Scrafty|def|1\n|\n|-weather|none\n|upkeep\n|turn|6\n|\n|t:|1769905249\n|switch|p1a: Raichu|Raichu, L88, F|249/249\n|move|p2a: Scrafty|Knock Off|p1a: Raichu\n|-damage|p1a: Raichu|0 fnt\n|-enditem|p1a: Raichu|Leftovers|[from] move: Knock Off|[of] p2a: Scrafty\n|faint|p1a: Raichu\n|\n|upkeep\n|c|☆Danmanthedanman|never seen it!\n|c|☆yeet no u|I see\n|c|☆yeet no u|I'm also kinda cooked here\n|inactive|yeet no u has 120 seconds left.\n|\n|t:|1769905275\n|switch|p1a: Heliolisk|Heliolisk, L85, F|244/244\n|turn|7\n|\n|t:|1769905279\n|move|p1a: Heliolisk|Volt Switch|p2a: Scrafty\n|-damage|p2a: Scrafty|150/246\n|\n|t:|1769905282\n|switch|p1a: Sableye|Sableye, L86, F|226/226|[from] Volt Switch\n|move|p2a: Scrafty|Drain Punch|p1a: Sableye\n|-immune|p1a: Sableye\n|\n|-heal|p2a: Scrafty|165/246|[from] item: Leftovers\n|upkeep\n|turn|8\n|\n|t:|1769905289\n|detailschange|p1a: Sableye|Sableye-Mega, L86, F\n|-mega|p1a: Sableye|Sableye|Sablenite\n|move|p2a: Scrafty|Knock Off|p1a: Sableye\n|-damage|p1a: Sableye|132/226\n|move|p1a: Sableye|Will-O-Wisp|p2a: Scrafty\n|-status|p2a: Scrafty|brn\n|\n|-heal|p2a: Scrafty|180/246 brn|[from] item: Leftovers\n|-damage|p2a: Scrafty|165/246 brn|[from] brn\n|upkeep\n|turn|9\n|\n|t:|1769905306\n|move|p2a: Scrafty|Bulk Up|p2a: Scrafty\n|-boost|p2a: Scrafty|atk|1\n|-boost|p2a: Scrafty|def|1\n|move|p1a: Sableye|Dark Pulse|p2a: Scrafty\n|-resisted|p2a: Scrafty\n|-damage|p2a: Scrafty|147/246 brn\n|\n|-heal|p2a: Scrafty|162/246 brn|[from] item: Leftovers\n|-damage|p2a: Scrafty|147/246 brn|[from] brn\n|upkeep\n|turn|10\n|\n|t:|1769905313\n|switch|p1a: Heliolisk|Heliolisk, L85, F|244/244\n|move|p2a: Scrafty|Knock Off|p1a: Heliolisk\n|-damage|p1a: Heliolisk|79/244\n|-enditem|p1a: Heliolisk|Choice Specs|[from] move: Knock Off|[of] p2a: Scrafty\n|\n|-heal|p2a: Scrafty|162/246 brn|[from] item: Leftovers\n|-damage|p2a: Scrafty|147/246 brn|[from] brn\n|upkeep\n|turn|11\n|\n|t:|1769905320\n|move|p1a: Heliolisk|Thunderbolt|p2a: Scrafty\n|-damage|p2a: Scrafty|57/246 brn\n|move|p2a: Scrafty|Rest|p2a: Scrafty\n|-status|p2a: Scrafty|slp|[from] move: Rest\n|-heal|p2a: Scrafty|246/246 slp|[silent]\n|\n|upkeep\n|turn|12\n|\n|t:|1769905334\n|move|p1a: Heliolisk|Volt Switch|p2a: Scrafty\n|-damage|p2a: Scrafty|176/246 slp\n|\n|t:|1769905337\n|switch|p1a: Luvdisc|Luvdisc, F|248/248|[from] Volt Switch\n|cant|p2a: Scrafty|slp\n|\n|-activate|p2a: Scrafty|ability: Shed Skin\n|-curestatus|p2a: Scrafty|slp|[msg]\n|-heal|p2a: Scrafty|191/246|[from] item: Leftovers\n|upkeep\n|turn|13\n|\n|t:|1769905345\n|move|p1a: Luvdisc|Toxic|p2a: Scrafty\n|-status|p2a: Scrafty|tox\n|move|p2a: Scrafty|Drain Punch|p1a: Luvdisc\n|-damage|p1a: Luvdisc|47/248\n|-heal|p2a: Scrafty|246/246 tox|[from] drain|[of] p1a: Luvdisc\n|\n|-heal|p1a: Luvdisc|62/248|[from] item: Leftovers\n|-damage|p2a: Scrafty|231/246 tox|[from] psn\n|upkeep\n|turn|14\n|\n|t:|1769905351\n|move|p1a: Luvdisc|Protect|p1a: Luvdisc\n|-singleturn|p1a: Luvdisc|Protect\n|move|p2a: Scrafty|Knock Off|p1a: Luvdisc\n|-activate|p1a: Luvdisc|move: Protect\n|\n|-heal|p1a: Luvdisc|77/248|[from] item: Leftovers\n|-heal|p2a: Scrafty|246/246 tox|[from] item: Leftovers\n|-damage|p2a: Scrafty|216/246 tox|[from] psn\n|upkeep\n|turn|15\n|\n|t:|1769905356\n|move|p1a: Luvdisc|Substitute|p1a: Luvdisc\n|-start|p1a: Luvdisc|Substitute\n|-damage|p1a: Luvdisc|15/248\n|move|p2a: Scrafty|Knock Off|p1a: Luvdisc\n|-end|p1a: Luvdisc|Substitute\n|\n|-heal|p1a: Luvdisc|30/248|[from] item: Leftovers\n|-heal|p2a: Scrafty|231/246 tox|[from] item: Leftovers\n|-damage|p2a: Scrafty|186/246 tox|[from] psn\n|upkeep\n|turn|16\n|\n|t:|1769905362\n|move|p1a: Luvdisc|Protect|p1a: Luvdisc\n|-singleturn|p1a: Luvdisc|Protect\n|move|p2a: Scrafty|Drain Punch|p1a: Luvdisc\n|-activate|p1a: Luvdisc|move: Protect\n|\n|-heal|p1a: Luvdisc|45/248|[from] item: Leftovers\n|-heal|p2a: Scrafty|201/246 tox|[from] item: Leftovers\n|-damage|p2a: Scrafty|141/246 tox|[from] psn\n|upkeep\n|turn|17\n|\n|t:|1769905372\n|move|p1a: Luvdisc|Scald|p2a: Scrafty\n|-damage|p2a: Scrafty|87/246 tox\n|move|p2a: Scrafty|Rest|p2a: Scrafty\n|-status|p2a: Scrafty|slp|[from] move: Rest\n|-heal|p2a: Scrafty|246/246 slp|[silent]\n|\n|-heal|p1a: Luvdisc|60/248|[from] item: Leftovers\n|upkeep\n|turn|18\n|\n|t:|1769905382\n|switch|p1a: Heliolisk|Heliolisk, L85, F|79/244\n|cant|p2a: Scrafty|slp\n|\n|upkeep\n|turn|19\n|\n|t:|1769905388\n|move|p1a: Heliolisk|Thunderbolt|p2a: Scrafty\n|-damage|p2a: Scrafty|165/246 slp\n|cant|p2a: Scrafty|slp\n|\n|-heal|p2a: Scrafty|180/246 slp|[from] item: Leftovers\n|upkeep\n|turn|20\n|\n|t:|1769905392\n|move|p1a: Heliolisk|Thunderbolt|p2a: Scrafty\n|-damage|p2a: Scrafty|87/246 slp\n|-curestatus|p2a: Scrafty|slp|[msg]\n|move|p2a: Scrafty|Drain Punch|p1a: Heliolisk\n|-supereffective|p1a: Heliolisk\n|-damage|p1a: Heliolisk|0 fnt\n|-heal|p2a: Scrafty|127/246|[from] drain|[of] p1a: Heliolisk\n|faint|p1a: Heliolisk\n|\n|-heal|p2a: Scrafty|142/246|[from] item: Leftovers\n|upkeep\n|\n|t:|1769905398\n|switch|p1a: Luvdisc|Luvdisc, F|60/248\n|turn|21\n|\n|t:|1769905403\n|move|p1a: Luvdisc|Scald|p2a: Scrafty\n|-damage|p2a: Scrafty|90/246\n|move|p2a: Scrafty|Drain Punch|p1a: Luvdisc\n|-crit|p1a: Luvdisc\n|-damage|p1a: Luvdisc|0 fnt\n|-heal|p2a: Scrafty|120/246|[from] drain|[of] p1a: Luvdisc\n|faint|p1a: Luvdisc\n|\n|-heal|p2a: Scrafty|135/246|[from] item: Leftovers\n|upkeep\n|\n|t:|1769905408\n|switch|p1a: Torterra|Torterra, L88, M|310/310\n|turn|22\n|\n|t:|1769905412\n|move|p1a: Torterra|Wood Hammer|p2a: Scrafty\n|-damage|p2a: Scrafty|83/246\n|-damage|p1a: Torterra|293/310|[from] Recoil\n|move|p2a: Scrafty|Drain Punch|p1a: Torterra\n|-damage|p1a: Torterra|139/310\n|-heal|p2a: Scrafty|160/246|[from] drain|[of] p1a: Torterra\n|\n|-heal|p1a: Torterra|158/310|[from] item: Leftovers\n|-heal|p2a: Scrafty|175/246|[from] item: Leftovers\n|upkeep\n|turn|23\n|\n|t:|1769905417\n|move|p1a: Torterra|Synthesis|p1a: Torterra\n|-heal|p1a: Torterra|310/310\n|move|p2a: Scrafty|Drain Punch|p1a: Torterra\n|-damage|p1a: Torterra|156/310\n|-heal|p2a: Scrafty|246/246|[from] drain|[of] p1a: Torterra\n|\n|-heal|p1a: Torterra|175/310|[from] item: Leftovers\n|upkeep\n|turn|24\n|\n|t:|1769905423\n|move|p1a: Torterra|Wood Hammer|p2a: Scrafty\n|-damage|p2a: Scrafty|191/246\n|-damage|p1a: Torterra|157/310|[from] Recoil\n|move|p2a: Scrafty|Bulk Up|p2a: Scrafty\n|-boost|p2a: Scrafty|atk|1\n|-boost|p2a: Scrafty|def|1\n|\n|-heal|p1a: Torterra|176/310|[from] item: Leftovers\n|-heal|p2a: Scrafty|206/246|[from] item: Leftovers\n|upkeep\n|turn|25\n|\n|t:|1769905431\n|move|p1a: Torterra|Earthquake|p2a: Scrafty\n|-damage|p2a: Scrafty|170/246\n|move|p2a: Scrafty|Drain Punch|p1a: Torterra\n|-damage|p1a: Torterra|1/310\n|-heal|p2a: Scrafty|246/246|[from] drain|[of] p1a: Torterra\n|\n|-heal|p1a: Torterra|20/310|[from] item: Leftovers\n|upkeep\n|turn|26\n|\n|t:|1769905437\n|move|p1a: Torterra|Wood Hammer|p2a: Scrafty\n|-damage|p2a: Scrafty|177/246\n|-damage|p1a: Torterra|0 fnt|[from] Recoil\n|faint|p1a: Torterra\n|move|p2a: Scrafty|Drain Punch|p1: Torterra|[notarget]\n|-fail|p2a: Scrafty\n|\n|-heal|p2a: Scrafty|192/246|[from] item: Leftovers\n|upkeep\n|\n|t:|1769905440\n|switch|p1a: Torkoal|Torkoal, L84, F|74/255\n|-weather|SunnyDay|[from] ability: Drought|[of] p1a: Torkoal\n|turn|27\n|\n|t:|1769905443\n|move|p2a: Scrafty|Drain Punch|p1a: Torkoal\n|-damage|p1a: Torkoal|0 fnt\n|-heal|p2a: Scrafty|229/246|[from] drain|[of] p1a: Torkoal\n|faint|p1a: Torkoal\n|\n|-weather|SunnyDay|[upkeep]\n|-heal|p2a: Scrafty|244/246|[from] item: Leftovers\n|upkeep\n|\n|t:|1769905446\n|switch|p1a: Sableye|Sableye-Mega, L86, F|132/226\n|turn|28\n|c|☆yeet no u|gg lol\n|\n|t:|1769905452\n|move|p2a: Scrafty|Knock Off|p1a: Sableye\n|-damage|p1a: Sableye|0 fnt\n|faint|p1a: Sableye\n|detailschange|p1: Sableye|Sableye, L86, F|[silent]\n|\n|win|Danmanthedanman\n|raw|yeet no u's rating: 1665 &rarr; <strong>1644</strong><br />(-21 for losing)\n|raw|Danmanthedanman's rating: 1654 &rarr; <strong>1675</strong><br />(+21 for winning)\n|c|☆Danmanthedanman|Lol gg\n|l|☆Danmanthedanman\n|player|p2|\n", "inputlog": ">version b99ff0165a6231f17e8b78c2a78d1998375de664\n>start {\"formatid\":\"gen7randombattle\",\"seed\":\"sodium,94ff97f7946b383a8691fc80e84e834f\",\"rated\":\"Rated battle\"}\n>player p1 {\"name\":\"yeet no u\",\"avatar\":\"anabel-gen7\",\"rating\":1665,\"seed\":\"sodium,bad6962807d71ac8999237771eb0c83f\"}\n>player p2 {\"name\":\"Danmanthedanman\",\"avatar\":\"170\",\"rating\":1654,\"seed\":\"sodium,7dab3bdbd36fcedc1bd306b3a552712a\"}\n>chat ☆yeet no u|glhf\n>chat ☆Danmanthedanman|U2!\n>chat ☆yeet no u|mind if I ask you something?\n>p1 move lavaplume\n>p2 move bulkup\n>chat ☆Danmanthedanman|You know what \n>chat ☆Danmanthedanman|sure \n>chat ☆yeet no u|Are you a fan of Dandadan, man?\n>chat ☆yeet no u|ba dum tsh\n>chat ☆Danmanthedanman|😮‍💨\n>p1 move lavaplume\n>p2 move knockoff\n>p1 move lavaplume\n>p2 move drainpunch\n>p1 switch 6\n>p2 move rest\n>p1 move willowisp\n>p2 move bulkup\n>p1 switch 3\n>p2 move knockoff\n>chat ☆Danmanthedanman|never seen it!\n>chat ☆yeet no u|I see\n>chat ☆yeet no u|I'm also kinda cooked here\n>p1 switch 4\n>p1 move voltswitch\n>p2 move drainpunch\n>p1 switch 3\n>p1 move willowisp mega\n>p2 move knockoff\n>p1 move darkpulse\n>p2 move bulkup\n>p1 switch 3\n>p2 move knockoff\n>p1 move thunderbolt\n>p2 move rest\n>p1 move voltswitch\n>p2 move drainpunch\n>p1 switch 2\n>p1 move toxic\n>p2 move drainpunch\n>p1 move protect\n>p2 move knockoff\n>p1 move substitute\n>p2 move knockoff\n>p1 move protect\n>p2 move drainpunch\n>p1 move scald\n>p2 move rest\n>p1 switch 2\n>p2 move drainpunch\n>p1 move thunderbolt\n>p2 move drainpunch\n>p1 move thunderbolt\n>p2 move drainpunch\n>p1 switch 2\n>p1 move scald\n>p2 move drainpunch\n>p1 switch 5\n>p1 move woodhammer\n>p2 move drainpunch\n>p1 move synthesis\n>p2 move drainpunch\n>p1 move woodhammer\n>p2 move bulkup\n>p1 move earthquake\n>p2 move drainpunch\n>p1 move woodhammer\n>p2 move drainpunch\n>p1 switch 6\n>p1 move lavaplume\n>p2 move drainpunch\n>p1 switch 3\n>chat ☆yeet no u|gg lol\n>p1 move willowisp\n>p2 move knockoff", "uploadtime": 1769906074, "views": 186, "formatid": "gen7randombattle", "rating": 1644, "private": 0, "password": null}