{"id": "gen7randombattle-2526808365", "format": "[Gen 7] Random Battle", "players": ["awesomestaya", "flameingpigey2"], "log": "|j|☆awesomestaya\n|j|☆flameingpigey2\n|t:|1769459352\n|gametype|singles\n|player|p1|awesomestaya|169|1540\n|player|p2|flameingpigey2|#rbtt9royals2|1606\n|gen|7\n|tier|[Gen 7] Random Battle\n|rated|\n|rule|Sleep Clause Mod: Limit one foe put to sleep\n|rule|HP Percentage Mod: HP is shown in percentages\n|rule|Illusion Level Mod: Illusion disguises the Pokémon's true level\n|\n|t:|1769459352\n|teamsize|p1|6\n|teamsize|p2|6\n|start\n|switch|p1a: Ninetales|Ninetales, L84, F|260/260\n|switch|p2a: Komala|Komala, L88, F|258/258\n|-weather|SunnyDay|[from] ability: Drought|[of] p1a: Ninetales\n|-ability|p2a: Komala|Comatose\n|turn|1\n|inactive|Battle timer is ON: inactive players will automatically lose when time's up. (requested by awesomestaya)\n|\n|t:|1769459403\n|switch|p2a: Heatmor|Heatmor, L93, M|309/309\n|move|p1a: Ninetales|Substitute|p1a: Ninetales\n|-start|p1a: Ninetales|Substitute\n|-damage|p1a: Ninetales|195/260\n|\n|-weather|SunnyDay|[upkeep]\n|-heal|p1a: Ninetales|211/260|[from] item: Leftovers\n|upkeep\n|turn|2\n|l|☆awesomestaya\n|inactive|awesomestaya disconnected and has a minute to reconnect!\n|player|p1|\n|j|☆awesomestaya\n|inactive|awesomestaya reconnected and has 130 seconds left.\n|player|p1|awesomestaya|169|\n|\n|t:|1769459431\n|move|p1a: Ninetales|Fire Blast|p2a: Heatmor\n|-start|p2a: Heatmor|ability: Flash Fire\n|move|p2a: Heatmor|Fire Lash|p1a: Ninetales\n|-resisted|p1a: Ninetales\n|-end|p1a: Ninetales|Substitute\n|-damage|p2a: Heatmor|279/309|[from] item: Life Orb\n|\n|-weather|SunnyDay|[upkeep]\n|-heal|p1a: Ninetales|227/260|[from] item: Leftovers\n|upkeep\n|turn|3\n|\n|t:|1769459444\n|switch|p1a: Solrock|Solrock, L90|308/308\n|move|p2a: Heatmor|Fire Lash|p1a: Solrock\n|-resisted|p1a: Solrock\n|-damage|p1a: Solrock|162/308\n|-unboost|p1a: Solrock|def|1\n|-damage|p2a: Heatmor|249/309|[from] item: Life Orb\n|\n|-weather|SunnyDay|[upkeep]\n|-heal|p1a: Solrock|181/308|[from] item: Leftovers\n|upkeep\n|turn|4\n|\n|t:|1769459462\n|move|p1a: Solrock|Stone Edge|p2a: Heatmor\n|-supereffective|p2a: Heatmor\n|-crit|p2a: Heatmor\n|-damage|p2a: Heatmor|0 fnt\n|faint|p2a: Heatmor\n|\n|-weather|SunnyDay|[upkeep]\n|-heal|p1a: Solrock|200/308|[from] item: Leftovers\n|upkeep\n|\n|t:|1769459475\n|switch|p2a: Komala|Komala, L88, F|258/258\n|-ability|p2a: Komala|Comatose\n|turn|5\n|\n|t:|1769459485\n|move|p1a: Solrock|Will-O-Wisp|p2a: Komala\n|-immune|p2a: Komala|[from] ability: Comatose\n|move|p2a: Komala|Knock Off|p1a: Solrock\n|-supereffective|p1a: Solrock\n|-damage|p1a: Solrock|0 fnt\n|-enditem|p1a: Solrock|Leftovers|[from] move: Knock Off|[of] p2a: Komala\n|faint|p1a: Solrock\n|\n|-weather|none\n|upkeep\n|\n|t:|1769459497\n|switch|p1a: Lucario|Lucario, L74, M|226/226\n|turn|6\n|inactive|flameingpigey2 has 120 seconds left.\n|\n|t:|1769459529\n|switch|p2a: Ho-Oh|Ho-Oh, L72|272/272\n|detailschange|p1a: Lucario|Lucario-Mega, L74, M\n|-mega|p1a: Lucario|Lucario|Lucarionite\n|move|p1a: Lucario|Close Combat|p2a: Ho-Oh\n|-resisted|p2a: Ho-Oh\n|-damage|p2a: Ho-Oh|173/272\n|-unboost|p1a: Lucario|def|1\n|-unboost|p1a: Lucario|spd|1\n|\n|-heal|p2a: Ho-Oh|190/272|[from] item: Leftovers\n|upkeep\n|turn|7\n|inactive|flameingpigey2 has 120 seconds left.\n|\n|t:|1769459547\n|switch|p1a: Staraptor|Staraptor, L80, M|267/267\n|move|p2a: Ho-Oh|Sacred Fire|p1a: Staraptor\n|-damage|p1a: Staraptor|143/267\n|-status|p1a: Staraptor|brn\n|\n|-heal|p2a: Ho-Oh|207/272|[from] item: Leftovers\n|-damage|p1a: Staraptor|127/267 brn|[from] brn\n|upkeep\n|turn|8\n|inactive|flameingpigey2 has 120 seconds left.\n|\n|t:|1769459576\n|move|p1a: Staraptor|Brave Bird|p2a: Ho-Oh\n|-damage|p2a: Ho-Oh|105/272\n|-damage|p1a: Staraptor|93/267 brn|[from] Recoil\n|move|p2a: Ho-Oh|Roost|p2a: Ho-Oh\n|-heal|p2a: Ho-Oh|241/272\n|-singleturn|p2a: Ho-Oh|move: Roost\n|\n|-heal|p2a: Ho-Oh|258/272|[from] item: Leftovers\n|-damage|p1a: Staraptor|77/267 brn|[from] brn\n|upkeep\n|turn|9\n|inactive|flameingpigey2 has 90 seconds left.\n|\n|t:|1769459618\n|switch|p2a: Minun|Minun, L95, M|268/268\n|move|p1a: Staraptor|Brave Bird|p2a: Minun\n|-resisted|p2a: Minun\n|-damage|p2a: Minun|210/268\n|-damage|p1a: Staraptor|58/267 brn|[from] Recoil\n|\n|-damage|p1a: Staraptor|42/267 brn|[from] brn\n|upkeep\n|turn|10\n|\n|t:|1769459623\n|move|p1a: Staraptor|Brave Bird|p2a: Minun\n|-resisted|p2a: Minun\n|-damage|p2a: Minun|152/268\n|-damage|p1a: Staraptor|23/267 brn|[from] Recoil\n|move|p2a: Minun|Nasty Plot|p2a: Minun\n|-boost|p2a: Minun|spa|2\n|\n|-damage|p1a: Staraptor|7/267 brn|[from] brn\n|upkeep\n|turn|11\n|\n|t:|1769459630\n|move|p1a: Staraptor|Brave Bird|p2a: Minun\n|-resisted|p2a: Minun\n|-damage|p2a: Minun|101/268\n|-damage|p1a: Staraptor|0 fnt|[from] Recoil\n|faint|p1a: Staraptor\n|move|p2a: Minun|Nasty Plot|p2a: Minun\n|-boost|p2a: Minun|spa|2\n|\n|upkeep\n|\n|t:|1769459659\n|switch|p1a: Lucario|Lucario-Mega, L74, M|226/226\n|turn|12\n|inactive|flameingpigey2 has 90 seconds left.\n|\n|t:|1769459671\n|move|p1a: Lucario|Extreme Speed|p2a: Minun\n|-damage|p2a: Minun|25/268\n|move|p2a: Minun|Thunderbolt|p1a: Lucario\n|-damage|p1a: Lucario|0 fnt\n|faint|p1a: Lucario\n|detailschange|p1: Lucario|Lucario, L74, M|[silent]\n|-damage|p2a: Minun|0 fnt|[from] item: Life Orb\n|faint|p2a: Minun\n|\n|upkeep\n|inactive|flameingpigey2 has 90 seconds left.\n|\n|t:|1769459695\n|switch|p2a: Ho-Oh|Ho-Oh, L72|272/272\n|switch|p1a: Ninetales|Ninetales, L84, F|227/260\n|-weather|SunnyDay|[from] ability: Drought|[of] p1a: Ninetales\n|turn|13\n|\n|t:|1769459713\n|move|p1a: Ninetales|Nasty Plot|p1a: Ninetales\n|-boost|p1a: Ninetales|spa|2\n|move|p2a: Ho-Oh|Brave Bird|p1a: Ninetales\n|-damage|p1a: Ninetales|91/260\n|-damage|p2a: Ho-Oh|227/272|[from] Recoil\n|\n|-weather|SunnyDay|[upkeep]\n|-heal|p1a: Ninetales|107/260|[from] item: Leftovers\n|-heal|p2a: Ho-Oh|244/272|[from] item: Leftovers\n|upkeep\n|turn|14\n|inactive|flameingpigey2 has 90 seconds left.\n|\n|t:|1769459722\n|move|p1a: Ninetales|Fire Blast|p2a: Ho-Oh\n|-resisted|p2a: Ho-Oh\n|-damage|p2a: Ho-Oh|130/272\n|move|p2a: Ho-Oh|Brave Bird|p1a: Ninetales\n|-damage|p1a: Ninetales|0 fnt\n|faint|p1a: Ninetales\n|-damage|p2a: Ho-Oh|95/272|[from] Recoil\n|\n|-weather|SunnyDay|[upkeep]\n|-heal|p2a: Ho-Oh|112/272|[from] item: Leftovers\n|upkeep\n|\n|t:|1769459725\n|switch|p1a: Bellossom|Bellossom, L88, M|275/275\n|turn|15\n|inactive|flameingpigey2 has 90 seconds left.\n|\n|t:|1769459750\n|move|p1a: Bellossom|Hidden Power|p2a: Ho-Oh\n|-supereffective|p2a: Ho-Oh\n|-damage|p2a: Ho-Oh|0 fnt\n|faint|p2a: Ho-Oh\n|\n|-weather|SunnyDay|[upkeep]\n|upkeep\n|\n|t:|1769459771\n|switch|p2a: Ursaring|Ursaring, L85, M|292/292\n|turn|16\n|\n|t:|1769459793\n|move|p1a: Bellossom|Quiver Dance|p1a: Bellossom\n|-boost|p1a: Bellossom|spa|1\n|-boost|p1a: Bellossom|spd|1\n|-boost|p1a: Bellossom|spe|1\n|move|p2a: Ursaring|Swords Dance|p2a: Ursaring\n|-boost|p2a: Ursaring|atk|2\n|\n|-weather|SunnyDay|[upkeep]\n|-status|p2a: Ursaring|tox|[from] item: Toxic Orb\n|upkeep\n|turn|17\n|\n|t:|1769459809\n|move|p1a: Bellossom|Quiver Dance|p1a: Bellossom\n|-boost|p1a: Bellossom|spa|1\n|-boost|p1a: Bellossom|spd|1\n|-boost|p1a: Bellossom|spe|1\n|move|p2a: Ursaring|Swords Dance|p2a: Ursaring\n|-boost|p2a: Ursaring|atk|2\n|\n|-weather|none\n|-damage|p2a: Ursaring|274/292 tox|[from] psn\n|upkeep\n|turn|18\n|\n|t:|1769459815\n|move|p1a: Bellossom|Giga Drain|p2a: Ursaring\n|-damage|p2a: Ursaring|84/292 tox\n|move|p2a: Ursaring|Facade|p1a: Bellossom\n|-damage|p1a: Bellossom|0 fnt\n|faint|p1a: Bellossom\n|\n|-damage|p2a: Ursaring|48/292 tox|[from] psn\n|upkeep\n|\n|t:|1769459817\n|switch|p1a: Tornadus|Tornadus, L82, M|263/263\n|turn|19\n|\n|t:|1769459822\n|move|p1a: Tornadus|Knock Off|p2a: Ursaring\n|-damage|p2a: Ursaring|0 fnt\n|-enditem|p2a: Ursaring|Toxic Orb|[from] move: Knock Off|[of] p1a: Tornadus\n|faint|p2a: Ursaring\n|\n|upkeep\n|inactive|flameingpigey2 has 90 seconds left.\n|\n|t:|1769459827\n|switch|p2a: Pyukumuku|Pyukumuku, L92, F|251/251\n|turn|20\n|\n|t:|1769459848\n|move|p1a: Tornadus|Knock Off|p2a: Pyukumuku\n|-damage|p2a: Pyukumuku|203/251\n|-enditem|p2a: Pyukumuku|Leftovers|[from] move: Knock Off|[of] p1a: Tornadus\n|move|p2a: Pyukumuku|Toxic|p1a: Tornadus\n|-status|p1a: Tornadus|tox\n|\n|-damage|p1a: Tornadus|247/263 tox|[from] psn\n|upkeep\n|turn|21\n|-message|awesomestaya forfeited.\n|\n|win|flameingpigey2\n|raw|awesomestaya's rating: 1540 &rarr; <strong>1524</strong><br />(-16 for losing)\n|raw|flameingpigey2's rating: 1606 &rarr; <strong>1622</strong><br />(+16 for winning)\n|l|☆awesomestaya\n|player|p1|\n|l|☆flameingpigey2\n|player|p2|\n", "inputlog": ">version b99ff0165a6231f17e8b78c2a78d1998375de664\n>start {\"formatid\":\"gen7randombattle\",\"seed\":\"sodium,693a243e7a8ea3b58ac6da475b5fa6bf\",\"rated\":\"Rated battle\"}\n>player p1 {\"name\":\"awesomestaya\",\"avatar\":\"169\",\"rating\":1540,\"seed\":\"sodium,1882397aa0a65b19aaa3e069d42a1083\"}\n>player p2 {\"name\":\"flameingpigey2\",\"avatar\":\"#rbtt9royals2\",\"rating\":1606,\"seed\":\"sodium,297d9909ab260fd08218ff1624a9bd42\"}\n>p1 move substitute\n>p2 switch 4\n>p1 move fireblast\n>p2 move firelash\n>p1 switch 3\n>p2 move firelash\n>p1 move stoneedge\n>p2 move firelash\n>p2 switch 4\n>p1 move willowisp\n>p2 move knockoff\n>p1 switch 4\n>p1 move closecombat mega\n>p2 switch 3\n>p1 switch 6\n>p2 move sacredfire\n>p1 move bravebird\n>p2 move roost\n>p1 move bravebird\n>p2 switch 6\n>p1 move bravebird\n>p2 move nastyplot\n>p1 move bravebird\n>p2 move nastyplot\n>p1 switch 6\n>p1 move extremespeed\n>p2 move thunderbolt\n>p1 switch 3\n>p2 switch 6\n>p1 move nastyplot\n>p2 move bravebird\n>p1 move fireblast\n>p2 move bravebird\n>p1 switch 2\n>p1 move hiddenpower\n>p2 move toxic\n>p2 switch 5\n>p1 move quiverdance\n>p2 move swordsdance\n>p1 move quiverdance\n>p2 move swordsdance\n>p1 move gigadrain\n>p2 move facade\n>p1 switch 5\n>p1 move knockoff\n>p2 move facade\n>p2 switch 2\n>p1 move knockoff\n>p2 move toxic\n>forcelose p1", "uploadtime": 1769461045, "views": 195, "formatid": "gen7randombattle", "rating": 1524, "private": 0, "password": null}