{"id": "gen7randombattle-2536233221", "format": "[Gen 7] Random Battle", "players": ["Shabbeaugosse", "shaolian"], "log": "|j|☆Shabbeaugosse\n|j|☆shaolian\n|t:|1770666265\n|gametype|singles\n|player|p1|Shabbeaugosse|265|1657\n|player|p2|shaolian|pokemonranger-gen4|1544\n|gen|7\n|tier|[Gen 7] Random Battle\n|rated|\n|rule|Sleep Clause Mod: Limit one foe put to sleep\n|rule|HP Percentage Mod: HP is shown in percentages\n|rule|Illusion Level Mod: Illusion disguises the Pokémon's true level\n|\n|t:|1770666265\n|teamsize|p1|6\n|teamsize|p2|6\n|start\n|switch|p1a: Floatzel|Floatzel, L86, F|286/286\n|switch|p2a: Zangoose|Zangoose, L86, F|266/266\n|turn|1\n|\n|t:|1770666272\n|move|p1a: Floatzel|Bulk Up|p1a: Floatzel\n|-boost|p1a: Floatzel|atk|1\n|-boost|p1a: Floatzel|def|1\n|move|p2a: Zangoose|Knock Off|p1a: Floatzel\n|-damage|p1a: Floatzel|238/286\n|\n|-status|p2a: Zangoose|tox|[from] item: Toxic Orb\n|upkeep\n|turn|2\n|\n|t:|1770666281\n|move|p2a: Zangoose|Quick Attack|p1a: Floatzel\n|-crit|p1a: Floatzel\n|-damage|p1a: Floatzel|94/286\n|-zpower|p1a: Floatzel\n|move|p1a: Floatzel|All-Out Pummeling|p2a: Zangoose|[zeffect]\n|-supereffective|p2a: Zangoose\n|-damage|p2a: Zangoose|0 fnt\n|faint|p2a: Zangoose\n|\n|upkeep\n|\n|t:|1770666289\n|switch|p2a: Swanna|Swanna, L88, M|275/275\n|turn|3\n|\n|t:|1770666293\n|move|p1a: Floatzel|Ice Punch|p2a: Swanna\n|-damage|p2a: Swanna|175/275\n|move|p2a: Swanna|Rain Dance|p2a: Swanna\n|-weather|RainDance\n|\n|-weather|RainDance|[upkeep]\n|upkeep\n|turn|4\n|\n|t:|1770666299\n|move|p1a: Floatzel|Ice Punch|p2a: Swanna\n|-damage|p2a: Swanna|73/275\n|move|p2a: Swanna|Hurricane|p1a: Floatzel\n|-damage|p1a: Floatzel|0 fnt\n|faint|p1a: Floatzel\n|\n|-weather|RainDance|[upkeep]\n|upkeep\n|\n|t:|1770666306\n|switch|p1a: Simisage|Simisage, L89, M|278/278\n|turn|5\n|inactive|Battle timer is ON: inactive players will automatically lose when time's up. (requested by Shabbeaugosse)\n|\n|t:|1770666313\n|switch|p2a: Heatran|Heatran, L80, M|277/277\n|move|p1a: Simisage|Giga Drain|p2a: Heatran\n|-resisted|p2a: Heatran\n|-damage|p2a: Heatran|252/277\n|-damage|p1a: Simisage|251/278|[from] item: Life Orb\n|\n|-weather|RainDance|[upkeep]\n|-heal|p2a: Heatran|269/277|[from] item: Leftovers\n|upkeep\n|turn|6\n|\n|t:|1770666316\n|move|p1a: Simisage|Focus Blast|p2a: Heatran\n|-supereffective|p2a: Heatran\n|-damage|p2a: Heatran|35/277\n|-damage|p1a: Simisage|224/278|[from] item: Life Orb\n|move|p2a: Heatran|Lava Plume|p1a: Simisage\n|-supereffective|p1a: Simisage\n|-damage|p1a: Simisage|116/278\n|\n|-weather|RainDance|[upkeep]\n|-heal|p2a: Heatran|52/277|[from] item: Leftovers\n|upkeep\n|turn|7\n|\n|t:|1770666329\n|move|p1a: Simisage|Focus Blast|p2a: Heatran\n|-supereffective|p2a: Heatran\n|-damage|p2a: Heatran|0 fnt\n|faint|p2a: Heatran\n|-damage|p1a: Simisage|89/278|[from] item: Life Orb\n|\n|-weather|none\n|upkeep\n|\n|t:|1770666332\n|switch|p2a: Vileplume|Vileplume, L87, M|272/272\n|turn|8\n|\n|t:|1770666341\n|switch|p1a: Oricorio|Oricorio-Sensu, L89, M|278/278\n|move|p2a: Vileplume|Sludge Bomb|p1a: Oricorio\n|-resisted|p1a: Oricorio\n|-damage|p1a: Oricorio|212/278\n|\n|-heal|p1a: Oricorio|229/278|[from] item: Leftovers\n|upkeep\n|turn|9\n|\n|t:|1770666347\n|move|p1a: Oricorio|Hurricane|p2a: Vileplume\n|-supereffective|p2a: Vileplume\n|-damage|p2a: Vileplume|20/272\n|-start|p2a: Vileplume|confusion\n|-activate|p2a: Vileplume|confusion\n|-damage|p2a: Vileplume|0 fnt|[from] confusion\n|faint|p2a: Vileplume\n|\n|-heal|p1a: Oricorio|246/278|[from] item: Leftovers\n|upkeep\n|\n|t:|1770666352\n|switch|p2a: Krookodile|Krookodile, L79, M|280/280\n|-ability|p2a: Krookodile|Intimidate|boost\n|-unboost|p1a: Oricorio|atk|1\n|turn|10\n|\n|t:|1770666358\n|move|p1a: Oricorio|Hurricane|p2a: Krookodile\n|-damage|p2a: Krookodile|117/280\n|move|p2a: Krookodile|Pursuit|p1a: Oricorio\n|-supereffective|p1a: Oricorio\n|-damage|p1a: Oricorio|96/278\n|\n|-heal|p1a: Oricorio|113/278|[from] item: Leftovers\n|upkeep\n|turn|11\n|\n|t:|1770666366\n|move|p1a: Oricorio|Hurricane|p2a: Krookodile\n|-damage|p2a: Krookodile|0 fnt\n|faint|p2a: Krookodile\n|\n|-heal|p1a: Oricorio|130/278|[from] item: Leftovers\n|upkeep\n|\n|t:|1770666369\n|switch|p2a: Carbink|Carbink, L92|241/241\n|turn|12\n|\n|t:|1770666376\n|move|p1a: Oricorio|Revelation Dance|p2a: Carbink\n|-damage|p2a: Carbink|172/241\n|move|p2a: Carbink|Stealth Rock|p1a: Oricorio\n|-sidestart|p1: Shabbeaugosse|move: Stealth Rock\n|\n|-heal|p1a: Oricorio|147/278|[from] item: Leftovers\n|upkeep\n|turn|13\n|\n|t:|1770666380\n|move|p1a: Oricorio|Revelation Dance|p2a: Carbink\n|-damage|p2a: Carbink|108/241\n|move|p2a: Carbink|Reflect|p2a: Carbink\n|-sidestart|p2: shaolian|Reflect\n|\n|-heal|p1a: Oricorio|164/278|[from] item: Leftovers\n|upkeep\n|turn|14\n|\n|t:|1770666385\n|move|p1a: Oricorio|Revelation Dance|p2a: Carbink\n|-damage|p2a: Carbink|44/241\n|move|p2a: Carbink|Light Screen|p2a: Carbink\n|-sidestart|p2: shaolian|move: Light Screen\n|\n|-heal|p1a: Oricorio|181/278|[from] item: Leftovers\n|upkeep\n|turn|15\n|\n|t:|1770666391\n|move|p1a: Oricorio|Calm Mind|p1a: Oricorio\n|-boost|p1a: Oricorio|spa|1\n|-boost|p1a: Oricorio|spd|1\n|move|p2a: Carbink|Moonblast|p1a: Oricorio\n|-damage|p1a: Oricorio|126/278\n|\n|-heal|p1a: Oricorio|143/278|[from] item: Leftovers\n|upkeep\n|turn|16\n|\n|t:|1770666397\n|move|p1a: Oricorio|Calm Mind|p1a: Oricorio\n|-boost|p1a: Oricorio|spa|1\n|-boost|p1a: Oricorio|spd|1\n|move|p2a: Carbink|Moonblast|p1a: Oricorio\n|-damage|p1a: Oricorio|103/278\n|-unboost|p1a: Oricorio|spa|1\n|\n|-heal|p1a: Oricorio|120/278|[from] item: Leftovers\n|upkeep\n|turn|17\n|\n|t:|1770666402\n|move|p1a: Oricorio|Calm Mind|p1a: Oricorio\n|-boost|p1a: Oricorio|spa|1\n|-boost|p1a: Oricorio|spd|1\n|move|p2a: Carbink|Moonblast|p1a: Oricorio\n|-damage|p1a: Oricorio|87/278\n|\n|-heal|p1a: Oricorio|104/278|[from] item: Leftovers\n|upkeep\n|turn|18\n|\n|t:|1770666408\n|move|p1a: Oricorio|Calm Mind|p1a: Oricorio\n|-boost|p1a: Oricorio|spa|1\n|-boost|p1a: Oricorio|spd|1\n|move|p2a: Carbink|Moonblast|p1a: Oricorio\n|-damage|p1a: Oricorio|76/278\n|\n|-heal|p1a: Oricorio|93/278|[from] item: Leftovers\n|upkeep\n|turn|19\n|\n|t:|1770666415\n|move|p1a: Oricorio|Calm Mind|p1a: Oricorio\n|-boost|p1a: Oricorio|spa|1\n|-boost|p1a: Oricorio|spd|1\n|move|p2a: Carbink|Moonblast|p1a: Oricorio\n|-damage|p1a: Oricorio|71/278\n|\n|-heal|p1a: Oricorio|88/278|[from] item: Leftovers\n|upkeep\n|turn|20\n|\n|t:|1770666423\n|switch|p2a: Swanna|Swanna, L88, M|73/275\n|move|p1a: Oricorio|Calm Mind|p1a: Oricorio\n|-boost|p1a: Oricorio|spa|1\n|-boost|p1a: Oricorio|spd|1\n|\n|-heal|p1a: Oricorio|105/278|[from] item: Leftovers\n|-sideend|p2: shaolian|Reflect\n|upkeep\n|turn|21\n|\n|t:|1770666428\n|-zpower|p2a: Swanna\n|move|p2a: Swanna|Hydro Vortex|p1a: Oricorio|[zeffect]\n|-damage|p1a: Oricorio|57/278\n|move|p1a: Oricorio|Revelation Dance|p2a: Swanna\n|-damage|p2a: Swanna|0 fnt\n|faint|p2a: Swanna\n|\n|-heal|p1a: Oricorio|74/278|[from] item: Leftovers\n|-sideend|p2: shaolian|move: Light Screen\n|upkeep\n|\n|t:|1770666436\n|switch|p2a: Carbink|Carbink, L92|44/241\n|turn|22\n|-message|shaolian forfeited.\n|\n|win|Shabbeaugosse\n|raw|Shabbeaugosse's rating: 1657 &rarr; <strong>1671</strong><br />(+14 for winning)\n|raw|shaolian's rating: 1544 &rarr; <strong>1530</strong><br />(-14 for losing)\n|l|☆shaolian\n|player|p2|\n", "inputlog": ">version ccdc32dd7cde25fd9e4bed64820e885f66e78a4e\n>start {\"formatid\":\"gen7randombattle\",\"seed\":\"sodium,df224361747fe63f87f587b428fb65c6\",\"rated\":\"Rated battle\"}\n>player p1 {\"name\":\"Shabbeaugosse\",\"avatar\":\"265\",\"rating\":1657,\"seed\":\"sodium,16e2dab61739e062bd5c3817374bbfe7\"}\n>player p2 {\"name\":\"shaolian\",\"avatar\":\"pokemonranger-gen4\",\"rating\":1544,\"seed\":\"sodium,c8a0a0e4c523d84743922f7620c3f7b6\"}\n>p1 move bulkup\n>p2 move knockoff\n>p1 move lowkick zmove\n>p2 move quickattack\n>p2 switch 6\n>p1 move icepunch\n>p2 move raindance\n>p1 move icepunch\n>p2 move hurricane\n>p1 switch 5\n>p1 move gigadrain\n>p2 switch 3\n>p1 move focusblast\n>p2 move lavaplume\n>p1 move focusblast\n>p2 move lavaplume\n>p2 switch 2\n>p1 switch 4\n>p2 move sludgebomb\n>p1 move hurricane\n>p2 move strengthsap\n>p2 switch 5\n>p1 move hurricane\n>p2 move pursuit\n>p1 move hurricane\n>p2 move pursuit\n>p2 switch 4\n>p1 move revelationdance\n>p2 move stealthrock\n>p1 move revelationdance\n>p2 move reflect\n>p1 move revelationdance\n>p2 move lightscreen\n>p1 move calmmind\n>p2 move moonblast\n>p1 move calmmind\n>p2 move moonblast\n>p1 move calmmind\n>p2 move moonblast\n>p1 move calmmind\n>p2 move moonblast\n>p1 move calmmind\n>p2 move moonblast\n>p1 move calmmind\n>p2 switch 3\n>p1 move revelationdance\n>p2 move scald zmove\n>p2 switch 3\n>forcelose p2", "uploadtime": 1770666443, "views": 183, "formatid": "gen7randombattle", "rating": 1530, "private": 0, "password": null}