{"id": "gen7randombattle-2535418840", "format": "[Gen 7] Random Battle", "players": ["Crygel", "RumpleMyStiltSkin"], "log": "|j|☆Crygel\n|j|☆RumpleMyStiltSkin\n|t:|1770565790\n|gametype|singles\n|player|p1|Crygel|galacticgruntf|1577\n|player|p2|RumpleMyStiltSkin|dancer|1613\n|gen|7\n|tier|[Gen 7] Random Battle\n|rated|\n|rule|Sleep Clause Mod: Limit one foe put to sleep\n|rule|HP Percentage Mod: HP is shown in percentages\n|rule|Illusion Level Mod: Illusion disguises the Pokémon's true level\n|\n|t:|1770565790\n|teamsize|p1|6\n|teamsize|p2|6\n|start\n|switch|p1a: Marshadow|Marshadow, L69|239/239\n|switch|p2a: Diancie|Diancie, L81|214/214\n|turn|1\n|\n|t:|1770565800\n|switch|p1a: Wobbuffet|Wobbuffet, L94, M|510/510\n|move|p2a: Diancie|Stealth Rock|p1a: Wobbuffet\n|-sidestart|p1: Crygel|move: Stealth Rock\n|\n|upkeep\n|turn|2\n|\n|t:|1770565810\n|move|p2a: Diancie|Toxic|p1a: Wobbuffet\n|-status|p1a: Wobbuffet|tox\n|move|p1a: Wobbuffet|Encore|p2a: Diancie\n|-start|p2a: Diancie|Encore\n|\n|-damage|p1a: Wobbuffet|479/510 tox|[from] psn\n|upkeep\n|turn|3\n|\n|t:|1770565816\n|move|p2a: Diancie|Toxic|p1a: Wobbuffet\n|-fail|p1a: Wobbuffet|tox\n|move|p1a: Wobbuffet|Counter||[still]\n|-fail|p1a: Wobbuffet\n|\n|-damage|p1a: Wobbuffet|417/510 tox|[from] psn\n|upkeep\n|turn|4\n|\n|t:|1770565819\n|move|p2a: Diancie|Toxic|p1a: Wobbuffet\n|-fail|p1a: Wobbuffet|tox\n|move|p1a: Wobbuffet|Counter||[still]\n|-fail|p1a: Wobbuffet\n|\n|-damage|p1a: Wobbuffet|324/510 tox|[from] psn\n|upkeep\n|turn|5\n|\n|t:|1770565821\n|move|p2a: Diancie|Toxic|p1a: Wobbuffet\n|-fail|p1a: Wobbuffet|tox\n|move|p1a: Wobbuffet|Counter||[still]\n|-fail|p1a: Wobbuffet\n|\n|-damage|p1a: Wobbuffet|200/510 tox|[from] psn\n|-end|p2a: Diancie|Encore\n|upkeep\n|turn|6\n|c|☆RumpleMyStiltSkin|Bruh\n|\n|t:|1770565830\n|move|p2a: Diancie|Toxic|p1a: Wobbuffet\n|-fail|p1a: Wobbuffet|tox\n|move|p1a: Wobbuffet|Counter||[still]\n|-fail|p1a: Wobbuffet\n|\n|-damage|p1a: Wobbuffet|45/510 tox|[from] psn\n|upkeep\n|turn|7\n|inactive|Battle timer is ON: inactive players will automatically lose when time's up. (requested by Crygel)\n|-enditem|p1a: Wobbuffet|Custap Berry|[eat]\n|-activate|p1a: Wobbuffet|item: Custap Berry|[consumed]\n|\n|t:|1770565832\n|move|p1a: Wobbuffet|Encore|p2a: Diancie\n|-start|p2a: Diancie|Encore\n|move|p2a: Diancie|Toxic|p1a: Wobbuffet\n|-fail|p1a: Wobbuffet|tox\n|\n|-damage|p1a: Wobbuffet|0 fnt|[from] psn\n|faint|p1a: Wobbuffet\n|upkeep\n|\n|t:|1770565839\n|switch|p1a: Mawile|Mawile, L78, M|206/206\n|-damage|p1a: Mawile|194/206|[from] Stealth Rock\n|-ability|p1a: Mawile|Intimidate|boost\n|-fail|p2a: Diancie|unboost|[from] ability: Clear Body|[of] p2a: Diancie\n|turn|8\n|c|☆RumpleMyStiltSkin|Got me there fam\n|\n|t:|1770565848\n|switch|p2a: Swalot|Swalot, L90, F|326/326\n|detailschange|p1a: Mawile|Mawile-Mega, L78, M\n|-mega|p1a: Mawile|Mawile|Mawilite\n|move|p1a: Mawile|Swords Dance|p1a: Mawile\n|-boost|p1a: Mawile|atk|2\n|\n|upkeep\n|turn|9\n|\n|t:|1770565853\n|move|p2a: Swalot|Earthquake|p1a: Mawile\n|-supereffective|p1a: Mawile\n|-damage|p1a: Mawile|86/206\n|move|p1a: Mawile|Iron Head|p2a: Swalot\n|-damage|p2a: Swalot|41/326\n|\n|-heal|p2a: Swalot|61/326|[from] item: Black Sludge\n|upkeep\n|turn|10\n|\n|t:|1770565858\n|move|p2a: Swalot|Protect|p2a: Swalot\n|-singleturn|p2a: Swalot|Protect\n|move|p1a: Mawile|Sucker Punch||[still]\n|-fail|p1a: Mawile\n|\n|-heal|p2a: Swalot|81/326|[from] item: Black Sludge\n|upkeep\n|turn|11\n|\n|t:|1770565864\n|move|p2a: Swalot|Protect|p2a: Swalot\n|-singleturn|p2a: Swalot|Protect\n|move|p1a: Mawile|Sucker Punch||[still]\n|-fail|p1a: Mawile\n|\n|-heal|p2a: Swalot|101/326|[from] item: Black Sludge\n|upkeep\n|turn|12\n|\n|t:|1770565869\n|move|p1a: Mawile|Sucker Punch||[still]\n|-fail|p1a: Mawile\n|move|p2a: Swalot|Toxic|p1a: Mawile\n|-immune|p1a: Mawile\n|\n|-heal|p2a: Swalot|121/326|[from] item: Black Sludge\n|upkeep\n|turn|13\n|\n|t:|1770565871\n|move|p2a: Swalot|Earthquake|p1a: Mawile\n|-supereffective|p1a: Mawile\n|-damage|p1a: Mawile|0 fnt\n|faint|p1a: Mawile\n|detailschange|p1: Mawile|Mawile, L78, M|[silent]\n|\n|-heal|p2a: Swalot|141/326|[from] item: Black Sludge\n|upkeep\n|\n|t:|1770565873\n|switch|p1a: Serperior|Serperior, L80, M|251/251\n|-damage|p1a: Serperior|220/251|[from] Stealth Rock\n|turn|14\n|\n|t:|1770565876\n|move|p1a: Serperior|Substitute|p1a: Serperior\n|-start|p1a: Serperior|Substitute\n|-damage|p1a: Serperior|158/251\n|move|p2a: Swalot|Sludge Bomb|p1a: Serperior\n|-supereffective|p1a: Serperior\n|-end|p1a: Serperior|Substitute\n|\n|-heal|p1a: Serperior|173/251|[from] item: Leftovers\n|-heal|p2a: Swalot|161/326|[from] item: Black Sludge\n|upkeep\n|turn|15\n|\n|t:|1770565879\n|move|p1a: Serperior|Leaf Storm|p2a: Swalot\n|-resisted|p2a: Swalot\n|-damage|p2a: Swalot|109/326\n|-boost|p1a: Serperior|spa|2\n|move|p2a: Swalot|Sludge Bomb|p1a: Serperior\n|-supereffective|p1a: Serperior\n|-damage|p1a: Serperior|0 fnt\n|faint|p1a: Serperior\n|\n|-heal|p2a: Swalot|129/326|[from] item: Black Sludge\n|upkeep\n|\n|t:|1770565883\n|switch|p1a: Marshadow|Marshadow, L69|239/239\n|-damage|p1a: Marshadow|225/239|[from] Stealth Rock\n|turn|16\n|\n|t:|1770565890\n|move|p1a: Marshadow|Bulk Up|p1a: Marshadow\n|-boost|p1a: Marshadow|atk|1\n|-boost|p1a: Marshadow|def|1\n|move|p2a: Swalot|Sludge Bomb|p1a: Marshadow\n|-resisted|p1a: Marshadow\n|-damage|p1a: Marshadow|169/239\n|-status|p1a: Marshadow|psn\n|\n|-heal|p2a: Swalot|149/326|[from] item: Black Sludge\n|-damage|p1a: Marshadow|140/239 psn|[from] psn\n|upkeep\n|turn|17\n|\n|t:|1770565894\n|move|p2a: Swalot|Protect|p2a: Swalot\n|-singleturn|p2a: Swalot|Protect\n|move|p1a: Marshadow|Spectral Thief|p2a: Swalot\n|-activate|p2a: Swalot|move: Protect\n|\n|-heal|p2a: Swalot|169/326|[from] item: Black Sludge\n|-damage|p1a: Marshadow|111/239 psn|[from] psn\n|upkeep\n|turn|18\n|\n|t:|1770565897\n|move|p1a: Marshadow|Spectral Thief|p2a: Swalot\n|-damage|p2a: Swalot|57/326\n|move|p2a: Swalot|Sludge Bomb|p1a: Marshadow\n|-resisted|p1a: Marshadow\n|-damage|p1a: Marshadow|61/239 psn\n|\n|-heal|p2a: Swalot|77/326|[from] item: Black Sludge\n|-damage|p1a: Marshadow|32/239 psn|[from] psn\n|upkeep\n|turn|19\n|-message|Crygel forfeited.\n|\n|win|RumpleMyStiltSkin\n|raw|Crygel's rating: 1577 &rarr; <strong>1560</strong><br />(-17 for losing)\n|raw|RumpleMyStiltSkin's rating: 1627 &rarr; <strong>1644</strong><br />(+17 for winning)\n|l|☆Crygel\n|player|p1|\n", "inputlog": ">version ccdc32dd7cde25fd9e4bed64820e885f66e78a4e\n>start {\"formatid\":\"gen7randombattle\",\"seed\":\"sodium,44aaea64bcb84e8229eaac73942a2b80\",\"rated\":\"Rated battle\"}\n>player p1 {\"name\":\"Crygel\",\"avatar\":\"galacticgruntf\",\"rating\":1577,\"seed\":\"sodium,4a4af04ee79ed43661cf4f45a8de14c5\"}\n>player p2 {\"name\":\"RumpleMyStiltSkin\",\"avatar\":\"dancer\",\"rating\":1613,\"seed\":\"sodium,2e541faa99693eb8fc1e5a51627ce9bd\"}\n>p1 switch 5\n>p2 move stealthrock\n>p1 move encore\n>p2 move toxic\n>p1 move counter\n>p2 move toxic\n>p1 move counter\n>p2 move toxic\n>p1 move counter\n>p2 move toxic\n>chat ☆RumpleMyStiltSkin|Bruh\n>p1 move counter\n>p2 move toxic\n>p1 move encore\n>p2 move toxic\n>p1 switch 6\n>chat ☆RumpleMyStiltSkin|Got me there fam\n>p1 move swordsdance mega\n>p2 switch 5\n>p1 move ironhead\n>p2 move earthquake\n>p1 move suckerpunch\n>p2 move protect\n>p1 move suckerpunch\n>p2 move protect\n>p1 move suckerpunch\n>p2 move toxic\n>p1 move ironhead\n>p2 move earthquake\n>p1 switch 3\n>p1 move substitute\n>p2 move sludgebomb\n>p1 move leafstorm\n>p2 move sludgebomb\n>p1 switch 5\n>p1 move bulkup\n>p2 move sludgebomb\n>p1 move spectralthief\n>p2 move protect\n>p1 move spectralthief\n>p2 move sludgebomb\n>forcelose p1", "uploadtime": 1770565908, "views": 192, "formatid": "gen7randombattle", "rating": 1560, "private": 0, "password": null}