{"id": "gen7randombattle-2529083571", "format": "[Gen 7] Random Battle", "players": ["areszerker", "aurora ltd"], "log": "|j|☆areszerker\n|j|☆aurora ltd\n|t:|1769735803\n|gametype|singles\n|player|p1|areszerker|lance|1646\n|player|p2|aurora ltd|silver-gen2kanto|1577\n|gen|7\n|tier|[Gen 7] Random Battle\n|rated|\n|rule|Sleep Clause Mod: Limit one foe put to sleep\n|rule|HP Percentage Mod: HP is shown in percentages\n|rule|Illusion Level Mod: Illusion disguises the Pokémon's true level\n|\n|t:|1769735803\n|teamsize|p1|6\n|teamsize|p2|6\n|start\n|switch|p1a: Furret|Furret, L94, F|312/312\n|switch|p2a: Jumpluff|Jumpluff, L89, F|278/278\n|turn|1\n|inactive|Battle timer is ON: inactive players will automatically lose when time's up. (requested by areszerker)\n|\n|t:|1769735833\n|move|p2a: Jumpluff|Toxic|p1a: Furret\n|-status|p1a: Furret|tox\n|move|p1a: Furret|Return|p2a: Jumpluff\n|-damage|p2a: Jumpluff|145/278\n|\n|-damage|p1a: Furret|293/312 tox|[from] psn\n|upkeep\n|turn|2\n|\n|t:|1769735860\n|switch|p1a: Granbull|Granbull, L89, F|305/305\n|-ability|p1a: Granbull|Intimidate|boost\n|-unboost|p2a: Jumpluff|atk|1\n|move|p2a: Jumpluff|Strength Sap|p1a: Granbull\n|-unboost|p1a: Granbull|atk|1\n|-heal|p2a: Jumpluff|278/278\n|\n|upkeep\n|turn|3\n|inactive|aurora ltd has 120 seconds left.\n|\n|t:|1769735882\n|move|p2a: Jumpluff|Toxic|p1a: Granbull\n|-status|p1a: Granbull|tox\n|move|p1a: Granbull|Toxic|p2a: Jumpluff\n|-status|p2a: Jumpluff|tox\n|\n|-damage|p2a: Jumpluff|261/278 tox|[from] psn\n|-damage|p1a: Granbull|286/305 tox|[from] psn\n|upkeep\n|turn|4\n|inactive|aurora ltd has 120 seconds left.\n|\n|t:|1769735891\n|move|p2a: Jumpluff|Encore|p1a: Granbull\n|-start|p1a: Granbull|Encore\n|move|p1a: Granbull|Toxic|p2a: Jumpluff\n|-fail|p2a: Jumpluff|tox\n|\n|-heal|p1a: Granbull|305/305 tox|[from] item: Leftovers\n|-damage|p2a: Jumpluff|227/278 tox|[from] psn\n|-damage|p1a: Granbull|267/305 tox|[from] psn\n|upkeep\n|turn|5\n|\n|t:|1769735910\n|switch|p1a: Furret|Furret, L94, F|293/312 tox\n|move|p2a: Jumpluff|Acrobatics|p1a: Furret\n|-damage|p1a: Furret|226/312 tox\n|\n|-heal|p1a: Furret|245/312 tox|[from] item: Leftovers\n|-damage|p2a: Jumpluff|176/278 tox|[from] psn\n|-damage|p1a: Furret|226/312 tox|[from] psn\n|upkeep\n|turn|6\n|\n|t:|1769735923\n|switch|p1a: Granbull|Granbull, L89, F|267/305 tox\n|-ability|p1a: Granbull|Intimidate|boost\n|-unboost|p2a: Jumpluff|atk|1\n|move|p2a: Jumpluff|Strength Sap|p1a: Granbull\n|-unboost|p1a: Granbull|atk|1\n|-heal|p2a: Jumpluff|278/278 tox\n|\n|-heal|p1a: Granbull|286/305 tox|[from] item: Leftovers\n|-damage|p2a: Jumpluff|210/278 tox|[from] psn\n|-damage|p1a: Granbull|267/305 tox|[from] psn\n|upkeep\n|turn|7\n|inactive|aurora ltd has 120 seconds left.\n|\n|t:|1769735943\n|switch|p2a: Doublade|Doublade, L85, F|239/239\n|move|p1a: Granbull|Heal Bell|p1a: Granbull\n|-activate|p1a: Granbull|move: Heal Bell\n|-curestatus|p1a: Granbull|tox|[msg]\n|-curestatus|p1: Furret|tox|[msg]\n|\n|-heal|p1a: Granbull|286/305|[from] item: Leftovers\n|upkeep\n|turn|8\n|inactive|aurora ltd has 120 seconds left.\n|\n|t:|1769735959\n|switch|p1a: Furret|Furret, L94, F|226/312\n|-item|p2a: Doublade|Eviolite|[from] ability: Frisk|[of] p1a: Furret\n|move|p2a: Doublade|Swords Dance|p2a: Doublade\n|-boost|p2a: Doublade|atk|2\n|\n|-heal|p1a: Furret|245/312|[from] item: Leftovers\n|upkeep\n|turn|9\n|\n|t:|1769735978\n|move|p1a: Furret|Knock Off|p2a: Doublade\n|-supereffective|p2a: Doublade\n|-damage|p2a: Doublade|175/239\n|-enditem|p2a: Doublade|Eviolite|[from] move: Knock Off|[of] p1a: Furret\n|move|p2a: Doublade|Swords Dance|p2a: Doublade\n|-boost|p2a: Doublade|atk|2\n|\n|-heal|p1a: Furret|264/312|[from] item: Leftovers\n|upkeep\n|turn|10\n|\n|t:|1769735997\n|move|p1a: Furret|Knock Off|p2a: Doublade\n|-supereffective|p2a: Doublade\n|-damage|p2a: Doublade|111/239\n|move|p2a: Doublade|Iron Head|p1a: Furret\n|-damage|p1a: Furret|0 fnt\n|faint|p1a: Furret\n|\n|upkeep\n|\n|t:|1769736006\n|switch|p1a: Komala|Komala, L88, F|258/258\n|-ability|p1a: Komala|Comatose\n|turn|11\n|inactive|aurora ltd has 120 seconds left.\n|\n|t:|1769736022\n|move|p1a: Komala|Earthquake|p2a: Doublade\n|-supereffective|p2a: Doublade\n|-damage|p2a: Doublade|0 fnt\n|faint|p2a: Doublade\n|\n|upkeep\n|\n|t:|1769736041\n|switch|p2a: Jumpluff|Jumpluff, L89, F|210/278 tox\n|turn|12\n|\n|t:|1769736047\n|switch|p1a: Granbull|Granbull, L89, F|286/305\n|-ability|p1a: Granbull|Intimidate|boost\n|-unboost|p2a: Jumpluff|atk|1\n|move|p2a: Jumpluff|Toxic|p1a: Granbull\n|-status|p1a: Granbull|tox\n|\n|-heal|p1a: Granbull|305/305 tox|[from] item: Leftovers\n|-damage|p2a: Jumpluff|193/278 tox|[from] psn\n|-damage|p1a: Granbull|286/305 tox|[from] psn\n|upkeep\n|turn|13\n|\n|t:|1769736061\n|switch|p2a: Relicanth|Relicanth, L88, M|319/319\n|move|p1a: Granbull|Heal Bell|p1a: Granbull\n|-activate|p1a: Granbull|move: Heal Bell\n|-curestatus|p1a: Granbull|tox|[msg]\n|\n|-heal|p1a: Granbull|305/305|[from] item: Leftovers\n|upkeep\n|turn|14\n|inactive|aurora ltd has 90 seconds left.\n|\n|t:|1769736087\n|move|p2a: Relicanth|Head Smash|p1a: Granbull\n|-damage|p1a: Granbull|133/305\n|move|p1a: Granbull|Toxic|p2a: Relicanth\n|-status|p2a: Relicanth|tox\n|\n|-heal|p1a: Granbull|152/305|[from] item: Leftovers\n|-damage|p2a: Relicanth|300/319 tox|[from] psn\n|upkeep\n|turn|15\n|\n|t:|1769736107\n|move|p2a: Relicanth|Head Smash|p1a: Granbull|[miss]\n|-miss|p2a: Relicanth|p1a: Granbull\n|move|p1a: Granbull|Play Rough|p2a: Relicanth\n|-damage|p2a: Relicanth|215/319 tox\n|\n|-heal|p1a: Granbull|171/305|[from] item: Leftovers\n|-damage|p2a: Relicanth|177/319 tox|[from] psn\n|upkeep\n|turn|16\n|\n|t:|1769736112\n|move|p2a: Relicanth|Head Smash|p1a: Granbull\n|-damage|p1a: Granbull|0 fnt\n|faint|p1a: Granbull\n|\n|-damage|p2a: Relicanth|120/319 tox|[from] psn\n|upkeep\n|\n|t:|1769736118\n|switch|p1a: Flygon|Flygon, L82, F|265/265\n|turn|17\n|\n|t:|1769736123\n|move|p1a: Flygon|Dragon Dance|p1a: Flygon\n|-boost|p1a: Flygon|atk|1\n|-boost|p1a: Flygon|spe|1\n|move|p2a: Relicanth|Rock Polish|p2a: Relicanth\n|-boost|p2a: Relicanth|spe|2\n|\n|-damage|p2a: Relicanth|44/319 tox|[from] psn\n|upkeep\n|turn|18\n|\n|t:|1769736131\n|move|p1a: Flygon|Dragon Dance|p1a: Flygon\n|-boost|p1a: Flygon|atk|1\n|-boost|p1a: Flygon|spe|1\n|move|p2a: Relicanth|Rock Polish|p2a: Relicanth\n|-boost|p2a: Relicanth|spe|2\n|\n|-damage|p2a: Relicanth|0 fnt|[from] psn\n|faint|p2a: Relicanth\n|upkeep\n|\n|t:|1769736144\n|switch|p2a: Lapras|Lapras, L88, F|372/372\n|turn|19\n|\n|t:|1769736149\n|-zpower|p1a: Flygon\n|move|p1a: Flygon|Devastating Drake|p2a: Lapras|[zeffect]\n|-damage|p2a: Lapras|8/372\n|move|p2a: Lapras|Freeze-Dry|p1a: Flygon\n|-supereffective|p1a: Flygon\n|-damage|p1a: Flygon|0 fnt\n|faint|p1a: Flygon\n|\n|-heal|p2a: Lapras|31/372|[from] item: Leftovers\n|upkeep\n|\n|t:|1769736155\n|switch|p1a: Arceus|Arceus-Psychic, L72|292/292\n|turn|20\n|inactive|aurora ltd has 120 seconds left.\n|\n|t:|1769736175\n|move|p1a: Arceus|Judgment|p2a: Lapras\n|-damage|p2a: Lapras|0 fnt\n|faint|p2a: Lapras\n|\n|upkeep\n|\n|t:|1769736186\n|switch|p2a: Yveltal|Yveltal, L70|292/292\n|-ability|p2a: Yveltal|Dark Aura\n|turn|21\n|\n|t:|1769736203\n|move|p1a: Arceus|Toxic|p2a: Yveltal\n|-status|p2a: Yveltal|tox\n|move|p2a: Yveltal|Taunt|p1a: Arceus\n|-start|p1a: Arceus|move: Taunt\n|\n|-damage|p2a: Yveltal|274/292 tox|[from] psn\n|upkeep\n|turn|22\n|\n|t:|1769736212\n|switch|p1a: Mimikyu|Mimikyu, L73, F|201/201\n|move|p2a: Yveltal|Knock Off|p1a: Mimikyu\n|-activate|p1a: Mimikyu|ability: Disguise\n|-damage|p1a: Mimikyu|201/201\n|-enditem|p1a: Mimikyu|Life Orb|[from] move: Knock Off|[of] p2a: Yveltal\n|detailschange|p1a: Mimikyu|Mimikyu-Busted, L73, F\n|\n|-heal|p2a: Yveltal|292/292 tox|[from] item: Leftovers\n|-damage|p2a: Yveltal|256/292 tox|[from] psn\n|upkeep\n|turn|23\n|inactive|aurora ltd has 90 seconds left.\n|\n|t:|1769736242\n|move|p1a: Mimikyu|Swords Dance|p1a: Mimikyu\n|-boost|p1a: Mimikyu|atk|2\n|move|p2a: Yveltal|Knock Off|p1a: Mimikyu\n|-damage|p1a: Mimikyu|101/201\n|\n|-heal|p2a: Yveltal|274/292 tox|[from] item: Leftovers\n|-damage|p2a: Yveltal|220/292 tox|[from] psn\n|upkeep\n|turn|24\n|\n|t:|1769736253\n|move|p1a: Mimikyu|Play Rough|p2a: Yveltal\n|-supereffective|p2a: Yveltal\n|-damage|p2a: Yveltal|0 fnt\n|faint|p2a: Yveltal\n|\n|upkeep\n|\n|t:|1769736259\n|switch|p2a: Jumpluff|Jumpluff, L89, F|193/278 tox\n|turn|25\n|\n|t:|1769736285\n|move|p2a: Jumpluff|Strength Sap|p1a: Mimikyu\n|-unboost|p1a: Mimikyu|atk|1\n|-heal|p2a: Jumpluff|278/278 tox\n|move|p1a: Mimikyu|Play Rough|p2a: Jumpluff\n|-damage|p2a: Jumpluff|164/278 tox\n|\n|-damage|p2a: Jumpluff|147/278 tox|[from] psn\n|upkeep\n|turn|26\n|\n|t:|1769736296\n|move|p2a: Jumpluff|Strength Sap|p1a: Mimikyu\n|-unboost|p1a: Mimikyu|atk|1\n|-heal|p2a: Jumpluff|278/278 tox\n|move|p1a: Mimikyu|Swords Dance|p1a: Mimikyu\n|-boost|p1a: Mimikyu|atk|2\n|\n|-damage|p2a: Jumpluff|244/278 tox|[from] psn\n|upkeep\n|turn|27\n|\n|t:|1769736308\n|move|p1a: Mimikyu|Shadow Sneak|p2a: Jumpluff\n|-damage|p2a: Jumpluff|169/278 tox\n|move|p2a: Jumpluff|Encore|p1a: Mimikyu\n|-start|p1a: Mimikyu|Encore\n|\n|-damage|p2a: Jumpluff|118/278 tox|[from] psn\n|upkeep\n|turn|28\n|inactive|aurora ltd has 90 seconds left.\n|\n|t:|1769736324\n|move|p1a: Mimikyu|Shadow Sneak|p2a: Jumpluff\n|-damage|p2a: Jumpluff|45/278 tox\n|move|p2a: Jumpluff|Acrobatics|p1a: Mimikyu\n|-damage|p1a: Mimikyu|0 fnt\n|faint|p1a: Mimikyu\n|detailschange|p1: Mimikyu|Mimikyu, L73, F|[silent]\n|\n|-damage|p2a: Jumpluff|0 fnt|[from] psn\n|faint|p2a: Jumpluff\n|upkeep\n|inactive|aurora ltd has 90 seconds left.\n|\n|t:|1769736333\n|switch|p2a: Deoxys|Deoxys, L75|199/199\n|switch|p1a: Komala|Komala, L88, F|258/258\n|-ability|p2a: Deoxys|Pressure\n|-ability|p1a: Komala|Comatose\n|turn|29\n|inactive|aurora ltd has 90 seconds left.\n|\n|t:|1769736353\n|move|p1a: Komala|Sucker Punch|p2a: Deoxys\n|-supereffective|p2a: Deoxys\n|-damage|p2a: Deoxys|0 fnt\n|faint|p2a: Deoxys\n|\n|win|areszerker\n|raw|areszerker's rating: 1646 &rarr; <strong>1662</strong><br />(+16 for winning)\n|raw|aurora ltd's rating: 1577 &rarr; <strong>1561</strong><br />(-16 for losing)\n", "inputlog": ">version b99ff0165a6231f17e8b78c2a78d1998375de664\n>start {\"formatid\":\"gen7randombattle\",\"seed\":\"sodium,840a78b66521b3bac50e7c07bdcef98f\",\"rated\":\"Rated battle\"}\n>player p1 {\"name\":\"areszerker\",\"avatar\":\"lance\",\"rating\":1646,\"seed\":\"sodium,d894621ec5e77eb20b0ce0dd0223e072\"}\n>player p2 {\"name\":\"aurora ltd\",\"avatar\":\"silver-gen2kanto\",\"rating\":1577,\"seed\":\"sodium,60f3f972d0732bbe13c0446bd584ee16\"}\n>p1 move return\n>p2 move toxic\n>p1 switch 2\n>p2 move strengthsap\n>p1 move toxic\n>p2 move toxic\n>p1 move healbell\n>p2 move encore\n>p1 switch 2\n>p2 move acrobatics\n>p1 switch 2\n>p2 move strengthsap\n>p1 move healbell\n>p2 switch 5\n>p1 switch 2\n>p2 move swordsdance\n>p1 move knockoff\n>p2 move swordsdance\n>p1 move knockoff\n>p2 move ironhead\n>p1 switch 3\n>p1 move earthquake\n>p2 move ironhead\n>p2 switch 5\n>p1 switch 2\n>p2 move toxic\n>p1 move healbell\n>p2 switch 3\n>p1 move toxic\n>p2 move headsmash\n>p1 move playrough\n>p2 move headsmash\n>p1 move playrough\n>p2 move headsmash\n>p1 switch 6\n>p1 move dragondance\n>p2 move rockpolish\n>p1 move dragondance\n>p2 move rockpolish\n>p2 switch 6\n>p1 move outrage zmove\n>p2 move freezedry\n>p1 switch 4\n>p1 move judgment\n>p2 move toxic\n>p2 switch 4\n>p1 move toxic\n>p2 move taunt\n>p1 switch 5\n>p2 move knockoff\n>p1 move swordsdance\n>p2 move knockoff\n>p1 move playrough\n>p2 move knockoff\n>p2 switch 3\n>p1 move playrough\n>p2 move strengthsap\n>p1 move swordsdance\n>p2 move strengthsap\n>p1 move shadowsneak\n>p2 move encore\n>p1 move shadowsneak\n>p2 move acrobatics\n>p1 switch 2\n>p2 switch 2\n>p1 move suckerpunch\n>p2 move superpower", "uploadtime": 1769736359, "views": 159, "formatid": "gen7randombattle", "rating": 1561, "private": 0, "password": null}