{"id": "gen7randombattle-2540878986", "format": "[Gen 7] Random Battle", "players": ["gta54321", "NTsweeper007"], "log": "|j|☆gta54321\n|j|☆NTsweeper007\n|t:|1771263268\n|gametype|singles\n|player|p1|gta54321|plasmagrunt|1662\n|player|p2|NTsweeper007|hilbert-wonderlauncher|1743\n|gen|7\n|tier|[Gen 7] Random Battle\n|rated|\n|rule|Sleep Clause Mod: Limit one foe put to sleep\n|rule|HP Percentage Mod: HP is shown in percentages\n|rule|Illusion Level Mod: Illusion disguises the Pokémon's true level\n|\n|t:|1771263268\n|teamsize|p1|6\n|teamsize|p2|6\n|start\n|switch|p1a: Hitmontop|Hitmontop, L90, M|236/236\n|switch|p2a: Gorebyss|Gorebyss, L85, M|231/231\n|-ability|p1a: Hitmontop|Intimidate|boost\n|-unboost|p2a: Gorebyss|atk|1\n|-enditem|p2a: Gorebyss|White Herb\n|-clearnegativeboost|p2a: Gorebyss|[silent]\n|turn|1\n|inactive|Battle timer is ON: inactive players will automatically lose when time's up. (requested by NTsweeper007)\n|\n|t:|1771263293\n|switch|p2a: Druddigon|Druddigon, L86, M|273/273\n|move|p1a: Hitmontop|Close Combat|p2a: Druddigon\n|-damage|p2a: Druddigon|137/273\n|-unboost|p1a: Hitmontop|def|1\n|-unboost|p1a: Hitmontop|spd|1\n|\n|upkeep\n|turn|2\n|\n|t:|1771263312\n|switch|p1a: Sudowoodo|Sudowoodo, L93, M|281/281\n|move|p2a: Druddigon|Outrage|p1a: Sudowoodo\n|-damage|p1a: Sudowoodo|121/281\n|-damage|p2a: Druddigon|110/273|[from] item: Life Orb\n|\n|-heal|p1a: Sudowoodo|138/281|[from] item: Leftovers\n|upkeep\n|turn|3\n|\n|t:|1771263323\n|move|p1a: Sudowoodo|Sucker Punch|p2a: Druddigon\n|-damage|p2a: Druddigon|45/273\n|move|p2a: Druddigon|Outrage|p1a: Sudowoodo|[from] lockedmove\n|-damage|p1a: Sudowoodo|0 fnt\n|faint|p1a: Sudowoodo\n|-damage|p2a: Druddigon|18/273|[from] item: Life Orb\n|-start|p2a: Druddigon|confusion|[fatigue]\n|\n|upkeep\n|inactive|gta54321 has 120 seconds left.\n|\n|t:|1771263359\n|switch|p1a: Emolga|Emolga, L90, F|245/245\n|turn|4\n|\n|t:|1771263367\n|-activate|p2a: Druddigon|confusion\n|move|p2a: Druddigon|Sucker Punch|p1a: Emolga\n|-damage|p1a: Emolga|141/245\n|-damage|p2a: Druddigon|0 fnt|[from] item: Life Orb\n|faint|p2a: Druddigon\n|move|p1a: Emolga|Acrobatics|p2: Druddigon|[notarget]\n|-fail|p1a: Emolga\n|\n|upkeep\n|\n|t:|1771263378\n|switch|p2a: Shiinotic|Shiinotic, L91, F|257/257\n|turn|5\n|inactive|gta54321 has 120 seconds left.\n|\n|t:|1771263390\n|move|p1a: Emolga|Acrobatics|p2a: Shiinotic\n|-supereffective|p2a: Shiinotic\n|-damage|p2a: Shiinotic|29/257\n|move|p2a: Shiinotic|Spore|p1a: Emolga\n|-status|p1a: Emolga|slp|[from] move: Spore\n|\n|-heal|p2a: Shiinotic|45/257|[from] item: Leftovers\n|upkeep\n|turn|6\n|\n|t:|1771263399\n|cant|p1a: Emolga|slp\n|move|p2a: Shiinotic|Strength Sap|p1a: Emolga\n|-unboost|p1a: Emolga|atk|1\n|-heal|p2a: Shiinotic|231/257\n|\n|-heal|p2a: Shiinotic|247/257|[from] item: Leftovers\n|upkeep\n|turn|7\n|\n|t:|1771263403\n|-curestatus|p1a: Emolga|slp|[msg]\n|move|p1a: Emolga|Roost|p1a: Emolga\n|-heal|p1a: Emolga|245/245\n|-singleturn|p1a: Emolga|move: Roost\n|move|p2a: Shiinotic|Moonblast|p1a: Emolga\n|-damage|p1a: Emolga|112/245\n|-unboost|p1a: Emolga|spa|1\n|\n|-heal|p2a: Shiinotic|257/257|[from] item: Leftovers\n|upkeep\n|turn|8\n|\n|t:|1771263414\n|switch|p1a: Kecleon|Kecleon, L90, F|254/254\n|move|p2a: Shiinotic|Spore|p1a: Kecleon\n|-status|p1a: Kecleon|slp|[from] move: Spore\n|\n|upkeep\n|turn|9\n|inactive|gta54321 has 120 seconds left.\n|\n|t:|1771263445\n|switch|p2a: Raticate|Raticate, L88, F|240/240\n|cant|p1a: Kecleon|slp\n|\n|-status|p2a: Raticate|brn|[from] item: Flame Orb\n|upkeep\n|turn|10\n|inactive|gta54321 has 120 seconds left.\n|\n|t:|1771263452\n|move|p2a: Raticate|Facade|p1a: Kecleon\n|-damage|p1a: Kecleon|8/254 slp\n|-curestatus|p1a: Kecleon|slp|[msg]\n|move|p1a: Kecleon|Stealth Rock|p2a: Raticate\n|-start|p1a: Kecleon|typechange|Rock|[from] ability: Protean\n|-sidestart|p2: NTsweeper007|move: Stealth Rock\n|\n|-heal|p1a: Kecleon|23/254|[from] item: Leftovers\n|-damage|p2a: Raticate|225/240 brn|[from] brn\n|upkeep\n|turn|11\n|\n|t:|1771263459\n|move|p2a: Raticate|Facade|p1a: Kecleon\n|-resisted|p1a: Kecleon\n|-damage|p1a: Kecleon|0 fnt\n|faint|p1a: Kecleon\n|\n|-damage|p2a: Raticate|210/240 brn|[from] brn\n|upkeep\n|\n|t:|1771263461\n|switch|p1a: Hitmontop|Hitmontop, L90, M|236/236\n|-ability|p1a: Hitmontop|Intimidate|boost\n|-unboost|p2a: Raticate|atk|1\n|turn|12\n|\n|t:|1771263466\n|switch|p2a: Shiinotic|Shiinotic, L91, F|257/257\n|-damage|p2a: Shiinotic|225/257|[from] Stealth Rock\n|move|p1a: Hitmontop|Toxic|p2a: Shiinotic\n|-status|p2a: Shiinotic|tox\n|\n|-heal|p2a: Shiinotic|241/257 tox|[from] item: Leftovers\n|-damage|p2a: Shiinotic|225/257 tox|[from] psn\n|upkeep\n|turn|13\n|inactive|gta54321 has 120 seconds left.\n|\n|t:|1771263502\n|move|p1a: Hitmontop|Stone Edge|p2a: Shiinotic|[miss]\n|-miss|p1a: Hitmontop|p2a: Shiinotic\n|move|p2a: Shiinotic|Spore|p1a: Hitmontop\n|-status|p1a: Hitmontop|slp|[from] move: Spore\n|\n|-heal|p2a: Shiinotic|241/257 tox|[from] item: Leftovers\n|-damage|p2a: Shiinotic|209/257 tox|[from] psn\n|upkeep\n|turn|14\n|\n|t:|1771263509\n|cant|p1a: Hitmontop|slp\n|move|p2a: Shiinotic|Moonblast|p1a: Hitmontop\n|-supereffective|p1a: Hitmontop\n|-damage|p1a: Hitmontop|62/236 slp\n|-unboost|p1a: Hitmontop|spa|1\n|\n|-heal|p1a: Hitmontop|76/236 slp|[from] item: Leftovers\n|-heal|p2a: Shiinotic|225/257 tox|[from] item: Leftovers\n|-damage|p2a: Shiinotic|177/257 tox|[from] psn\n|upkeep\n|turn|15\n|inactive|gta54321 has 120 seconds left.\n|\n|t:|1771263518\n|cant|p1a: Hitmontop|slp\n|move|p2a: Shiinotic|Moonblast|p1a: Hitmontop\n|-supereffective|p1a: Hitmontop\n|-damage|p1a: Hitmontop|0 fnt\n|faint|p1a: Hitmontop\n|\n|-heal|p2a: Shiinotic|193/257 tox|[from] item: Leftovers\n|-damage|p2a: Shiinotic|129/257 tox|[from] psn\n|upkeep\n|\n|t:|1771263520\n|switch|p1a: Emolga|Emolga, L90, F|112/245\n|turn|16\n|\n|t:|1771263523\n|move|p1a: Emolga|Acrobatics|p2a: Shiinotic\n|-supereffective|p2a: Shiinotic\n|-damage|p2a: Shiinotic|0 fnt\n|faint|p2a: Shiinotic\n|\n|upkeep\n|\n|t:|1771263526\n|switch|p2a: Raticate|Raticate, L88, F|210/240 brn\n|-damage|p2a: Raticate|180/240 brn|[from] Stealth Rock\n|turn|17\n|\n|t:|1771263549\n|switch|p1a: Bewear|Bewear, L84, F|339/339\n|move|p2a: Raticate|Facade|p1a: Bewear\n|-damage|p1a: Bewear|231/339\n|\n|-damage|p2a: Raticate|165/240 brn|[from] brn\n|upkeep\n|turn|18\n|\n|t:|1771263557\n|move|p2a: Raticate|Facade|p1a: Bewear\n|-damage|p1a: Bewear|120/339\n|move|p1a: Bewear|Drain Punch|p2a: Raticate\n|-supereffective|p2a: Raticate\n|-damage|p2a: Raticate|0 fnt\n|-heal|p1a: Bewear|203/339|[from] drain|[of] p2a: Raticate\n|faint|p2a: Raticate\n|\n|upkeep\n|\n|t:|1771263560\n|switch|p2a: Beautifly|Beautifly, L99, F|279/279\n|-damage|p2a: Beautifly|140/279|[from] Stealth Rock\n|turn|19\n|inactive|gta54321 has 120 seconds left.\n|inactive|gta54321 has 90 seconds left.\n|\n|t:|1771263625\n|switch|p1a: Palkia|Palkia, L75|259/259\n|-ability|p1a: Palkia|Pressure\n|move|p2a: Beautifly|Quiver Dance|p2a: Beautifly\n|-boost|p2a: Beautifly|spa|1\n|-boost|p2a: Beautifly|spd|1\n|-boost|p2a: Beautifly|spe|1\n|\n|upkeep\n|turn|20\n|\n|t:|1771263631\n|-zpower|p2a: Beautifly\n|move|p2a: Beautifly|Savage Spin-Out|p1a: Palkia|[zeffect]\n|-damage|p1a: Palkia|0 fnt\n|faint|p1a: Palkia\n|\n|upkeep\n|inactive|gta54321 has 90 seconds left.\n|inactive|gta54321 has 60 seconds left.\n|l|☆gta54321\n|inactive|gta54321 disconnected and has a minute to reconnect!\n|player|p1|\n|inactive|gta54321 has 30 seconds to reconnect!\n|inactive|gta54321 has 20 seconds to reconnect!\n|inactive|gta54321 has 15 seconds to reconnect!\n|inactive|gta54321 has 10 seconds to reconnect!\n|inactive|gta54321 has 5 seconds to reconnect!\n|-message|gta54321 lost due to inactivity.\n|\n|win|NTsweeper007\n|raw|gta54321's rating: 1636 &rarr; <strong>1622</strong><br />(-14 for losing)\n|raw|NTsweeper007's rating: 1743 &rarr; <strong>1757</strong><br />(+14 for winning)\n", "inputlog": ">version 686819e5e19f8a7fd2345cfc5a08a5085efa2cc3\n>start {\"formatid\":\"gen7randombattle\",\"seed\":\"sodium,9dd5a9ca607f40e33fa2e9fa7749e1b6\",\"rated\":\"Rated battle\"}\n>player p1 {\"name\":\"gta54321\",\"avatar\":\"plasmagrunt\",\"rating\":1662,\"seed\":\"sodium,d4f939fdd9094cc4bd0b9b22df2da27b\"}\n>player p2 {\"name\":\"NTsweeper007\",\"avatar\":\"hilbert-wonderlauncher\",\"rating\":1743,\"seed\":\"sodium,46eb65c98a2e8a6c30e9b52aea6559cd\"}\n>p1 move closecombat\n>p2 switch 2\n>p1 switch 6\n>p2 move outrage\n>p1 move suckerpunch\n>p2 move outrage\n>p1 switch 3\n>p1 move acrobatics\n>p2 move suckerpunch\n>p2 switch 3\n>p1 move acrobatics\n>p2 move spore\n>p1 move roost\n>p2 move strengthsap\n>p1 move roost\n>p2 move moonblast\n>p1 switch 4\n>p2 move spore\n>p1 move stealthrock\n>p2 switch 6\n>p1 move stealthrock\n>p2 move facade\n>p1 move drainpunch\n>p2 move facade\n>p1 switch 6\n>p1 move toxic\n>p2 switch 6\n>p1 move stoneedge\n>p2 move spore\n>p1 move stoneedge\n>p2 move moonblast\n>p1 move stoneedge\n>p2 move moonblast\n>p1 switch 4\n>p1 move acrobatics\n>p2 move moonblast\n>p2 switch 6\n>p1 switch 2\n>p2 move facade\n>p1 move drainpunch\n>p2 move facade\n>p2 switch 5\n>p1 switch 5\n>p2 move quiverdance\n>p1 move fireblast\n>p2 move bugbuzz zmove\n>forcelose p1", "uploadtime": 1771263732, "views": 6, "formatid": "gen7randombattle", "rating": 1622, "private": 0, "password": null}