{"id": "gen7randombattle-2527777279", "format": "[Gen 7] Random Battle", "players": ["Burliojks", "plop in my pants"], "log": "|j|☆Burliojks\n|j|☆plop in my pants\n|t:|1769575766\n|gametype|singles\n|player|p1|Burliojks|266|1510\n|player|p2|plop in my pants|teamrocket|1751\n|gen|7\n|tier|[Gen 7] Random Battle\n|rated|\n|rule|Sleep Clause Mod: Limit one foe put to sleep\n|rule|HP Percentage Mod: HP is shown in percentages\n|rule|Illusion Level Mod: Illusion disguises the Pokémon's true level\n|\n|t:|1769575766\n|teamsize|p1|6\n|teamsize|p2|6\n|start\n|switch|p1a: Yveltal|Yveltal, L70|291/291\n|switch|p2a: Zekrom|Zekrom, L74|270/270\n|-ability|p1a: Yveltal|Dark Aura\n|-ability|p2a: Zekrom|Teravolt\n|turn|1\n|inactive|Battle timer is ON: inactive players will automatically lose when time's up. (requested by Burliojks)\n|\n|t:|1769575788\n|move|p1a: Yveltal|U-turn|p2a: Zekrom\n|-crit|p2a: Zekrom\n|-damage|p2a: Zekrom|214/270\n|\n|t:|1769575798\n|switch|p1a: Zebstrika|Zebstrika, L88, F|275/275|[from] U-turn\n|move|p2a: Zekrom|Bolt Strike|p1a: Zebstrika\n|-resisted|p1a: Zebstrika\n|-damage|p1a: Zebstrika|187/275\n|\n|upkeep\n|turn|2\n|\n|t:|1769575820\n|move|p1a: Zebstrika|Volt Switch|p2a: Zekrom\n|-resisted|p2a: Zekrom\n|-damage|p2a: Zekrom|197/270\n|\n|t:|1769575828\n|switch|p1a: Relicanth|Relicanth, L88, M|319/319|[from] Volt Switch\n|move|p2a: Zekrom|Draco Meteor|p1a: Relicanth|[miss]\n|-miss|p2a: Zekrom|p1a: Relicanth\n|\n|upkeep\n|turn|3\n|\n|t:|1769575831\n|move|p2a: Zekrom|Volt Switch|p1a: Relicanth\n|-supereffective|p1a: Relicanth\n|-damage|p1a: Relicanth|155/319\n|\n|t:|1769575841\n|switch|p2a: Medicham|Medicham, L78, M|221/221|[from] Volt Switch\n|move|p1a: Relicanth|Earthquake|p2a: Medicham\n|-damage|p2a: Medicham|124/221\n|\n|-heal|p1a: Relicanth|174/319|[from] item: Leftovers\n|upkeep\n|turn|4\n|\n|t:|1769575850\n|switch|p1a: Marshadow|Marshadow, L69|239/239\n|detailschange|p2a: Medicham|Medicham-Mega, L78, M\n|-mega|p2a: Medicham|Medicham|Medichamite\n|move|p2a: Medicham|High Jump Kick|p1a: Marshadow\n|-immune|p1a: Marshadow\n|-damage|p2a: Medicham|14/221|[from] highjumpkick\n|\n|upkeep\n|turn|5\n|\n|t:|1769575858\n|switch|p2a: Aromatisse|Aromatisse, L91, F|332/332\n|move|p1a: Marshadow|Spectral Thief|p2a: Aromatisse\n|-damage|p2a: Aromatisse|239/332\n|\n|-heal|p2a: Aromatisse|259/332|[from] item: Leftovers\n|upkeep\n|turn|6\n|\n|t:|1769575864\n|switch|p1a: Espeon|Espeon, L83, F|244/244\n|move|p2a: Aromatisse|Moonblast|p1a: Espeon\n|-damage|p1a: Espeon|123/244\n|-unboost|p1a: Espeon|spa|1\n|\n|-heal|p2a: Aromatisse|279/332|[from] item: Leftovers\n|upkeep\n|turn|7\n|\n|t:|1769575875\n|switch|p1a: Relicanth|Relicanth, L88, M|174/319\n|move|p2a: Aromatisse|Moonblast|p1a: Relicanth\n|-damage|p1a: Relicanth|27/319\n|-unboost|p1a: Relicanth|spa|1\n|\n|-heal|p1a: Relicanth|46/319|[from] item: Leftovers\n|-heal|p2a: Aromatisse|299/332|[from] item: Leftovers\n|upkeep\n|turn|8\n|\n|t:|1769575887\n|move|p1a: Relicanth|Head Smash|p2a: Aromatisse|[miss]\n|-miss|p1a: Relicanth|p2a: Aromatisse\n|move|p2a: Aromatisse|Moonblast|p1a: Relicanth\n|-damage|p1a: Relicanth|0 fnt\n|faint|p1a: Relicanth\n|\n|-heal|p2a: Aromatisse|319/332|[from] item: Leftovers\n|upkeep\n|\n|t:|1769575890\n|switch|p1a: Espeon|Espeon, L83, F|123/244\n|turn|9\n|\n|t:|1769575896\n|move|p1a: Espeon|Psychic|p2a: Aromatisse\n|-damage|p2a: Aromatisse|147/332\n|-unboost|p2a: Aromatisse|spd|1\n|move|p2a: Aromatisse|Moonblast|p1a: Espeon\n|-damage|p1a: Espeon|15/244\n|-unboost|p1a: Espeon|spa|1\n|\n|-heal|p2a: Aromatisse|167/332|[from] item: Leftovers\n|upkeep\n|turn|10\n|\n|t:|1769575903\n|move|p2a: Aromatisse|Protect|p2a: Aromatisse\n|-singleturn|p2a: Aromatisse|Protect\n|move|p1a: Espeon|Psychic|p2a: Aromatisse\n|-activate|p2a: Aromatisse|move: Protect\n|\n|-heal|p2a: Aromatisse|187/332|[from] item: Leftovers\n|upkeep\n|turn|11\n|\n|t:|1769575910\n|switch|p2a: Medicham|Medicham-Mega, L78, M|14/221\n|move|p1a: Espeon|Psychic|p2a: Medicham\n|-damage|p2a: Medicham|0 fnt\n|faint|p2a: Medicham\n|detailschange|p2: Medicham|Medicham, L78, M|[silent]\n|\n|upkeep\n|\n|t:|1769575920\n|switch|p2a: Aromatisse|Aromatisse, L91, F|187/332\n|turn|12\n|\n|t:|1769575924\n|move|p1a: Espeon|Psychic|p2a: Aromatisse\n|-damage|p2a: Aromatisse|84/332\n|move|p2a: Aromatisse|Wish|p2a: Aromatisse\n|\n|-heal|p2a: Aromatisse|104/332|[from] item: Leftovers\n|upkeep\n|turn|13\n|\n|t:|1769575944\n|switch|p1a: Zebstrika|Zebstrika, L88, F|187/275\n|move|p2a: Aromatisse|Protect||[still]\n|-fail|p2a: Aromatisse\n|\n|-heal|p2a: Aromatisse|270/332|[from] move: Wish|[wisher] Aromatisse\n|-heal|p2a: Aromatisse|290/332|[from] item: Leftovers\n|upkeep\n|turn|14\n|\n|t:|1769575951\n|move|p1a: Zebstrika|Thunderbolt|p2a: Aromatisse\n|-damage|p2a: Aromatisse|161/332\n|move|p2a: Aromatisse|Wish|p2a: Aromatisse\n|\n|-heal|p2a: Aromatisse|181/332|[from] item: Leftovers\n|upkeep\n|turn|15\n|\n|t:|1769575960\n|move|p1a: Zebstrika|Thunderbolt|p2a: Aromatisse\n|-damage|p2a: Aromatisse|51/332\n|move|p2a: Aromatisse|Calm Mind|p2a: Aromatisse\n|-boost|p2a: Aromatisse|spa|1\n|-boost|p2a: Aromatisse|spd|1\n|\n|-heal|p2a: Aromatisse|217/332|[from] move: Wish|[wisher] Aromatisse\n|-heal|p2a: Aromatisse|237/332|[from] item: Leftovers\n|upkeep\n|turn|16\n|\n|t:|1769575968\n|move|p1a: Zebstrika|Thunderbolt|p2a: Aromatisse\n|-damage|p2a: Aromatisse|149/332\n|-status|p2a: Aromatisse|par\n|move|p2a: Aromatisse|Wish|p2a: Aromatisse\n|\n|-heal|p2a: Aromatisse|169/332 par|[from] item: Leftovers\n|upkeep\n|turn|17\n|\n|t:|1769575972\n|move|p1a: Zebstrika|Thunderbolt|p2a: Aromatisse\n|-crit|p2a: Aromatisse\n|-damage|p2a: Aromatisse|0 fnt\n|faint|p2a: Aromatisse\n|\n|upkeep\n|c|☆plop in my pants|lol\n|\n|t:|1769575981\n|switch|p2a: Zekrom|Zekrom, L74|197/270\n|-ability|p2a: Zekrom|Teravolt\n|turn|18\n|\n|t:|1769575991\n|switch|p1a: Espeon|Espeon, L83, F|15/244\n|move|p2a: Zekrom|Bolt Strike|p1a: Espeon|[miss]\n|-miss|p2a: Zekrom|p1a: Espeon\n|\n|upkeep\n|turn|19\n|\n|t:|1769576003\n|switch|p2a: Chandelure|Chandelure, L84, M|238/238\n|move|p1a: Espeon|Dazzling Gleam|p2a: Chandelure\n|-resisted|p2a: Chandelure\n|-damage|p2a: Chandelure|186/238\n|\n|upkeep\n|turn|20\n|\n|t:|1769576007\n|move|p2a: Chandelure|Fire Blast|p1a: Espeon\n|-damage|p1a: Espeon|0 fnt\n|faint|p1a: Espeon\n|\n|upkeep\n|\n|t:|1769576009\n|switch|p1a: Typhlosion|Typhlosion, L85, F|270/270\n|turn|21\n|\n|t:|1769576012\n|switch|p2a: Zekrom|Zekrom, L74|197/270\n|-ability|p2a: Zekrom|Teravolt\n|move|p1a: Typhlosion|Eruption|p2a: Zekrom\n|-resisted|p2a: Zekrom\n|-damage|p2a: Zekrom|108/270\n|\n|upkeep\n|turn|22\n|\n|t:|1769576017\n|switch|p1a: Zebstrika|Zebstrika, L88, F|187/275\n|move|p2a: Zekrom|Bolt Strike|p1a: Zebstrika\n|-resisted|p1a: Zebstrika\n|-damage|p1a: Zebstrika|93/275\n|\n|upkeep\n|turn|23\n|\n|t:|1769576028\n|move|p1a: Zebstrika|Thunderbolt|p2a: Zekrom\n|-resisted|p2a: Zekrom\n|-damage|p2a: Zekrom|86/270\n|move|p2a: Zekrom|Draco Meteor|p1a: Zebstrika\n|-damage|p1a: Zebstrika|0 fnt\n|-unboost|p2a: Zekrom|spa|2\n|faint|p1a: Zebstrika\n|\n|upkeep\n|\n|t:|1769576034\n|switch|p1a: Yveltal|Yveltal, L70|291/291\n|-ability|p1a: Yveltal|Dark Aura\n|turn|24\n|\n|t:|1769576047\n|move|p1a: Yveltal|Knock Off|p2a: Zekrom\n|-damage|p2a: Zekrom|0 fnt\n|-enditem|p2a: Zekrom|Assault Vest|[from] move: Knock Off|[of] p1a: Yveltal\n|faint|p2a: Zekrom\n|\n|upkeep\n|\n|t:|1769576050\n|switch|p2a: Jolteon|Jolteon, L81, M|238/238\n|turn|25\n|\n|t:|1769576057\n|move|p2a: Jolteon|Thunderbolt|p1a: Yveltal\n|-supereffective|p1a: Yveltal\n|-damage|p1a: Yveltal|0 fnt\n|faint|p1a: Yveltal\n|\n|upkeep\n|\n|t:|1769576062\n|switch|p1a: Marshadow|Marshadow, L69|239/239\n|turn|26\n|\n|t:|1769576066\n|move|p2a: Jolteon|Thunderbolt|p1a: Marshadow\n|-damage|p1a: Marshadow|79/239\n|move|p1a: Marshadow|Rock Tomb|p2a: Jolteon\n|-damage|p2a: Jolteon|171/238\n|-unboost|p2a: Jolteon|spe|1\n|\n|upkeep\n|turn|27\n|-message|Burliojks forfeited.\n|\n|win|plop in my pants\n|raw|Burliojks's rating: 1510 &rarr; <strong>1502</strong><br />(-8 for losing)\n|raw|plop in my pants's rating: 1751 &rarr; <strong>1759</strong><br />(+8 for winning)\n|l|☆Burliojks\n|player|p1|\n", "inputlog": ">version b99ff0165a6231f17e8b78c2a78d1998375de664\n>start {\"formatid\":\"gen7randombattle\",\"seed\":\"sodium,f442271b7e7582892370fbef24d20355\",\"rated\":\"Rated battle\"}\n>player p1 {\"name\":\"Burliojks\",\"avatar\":\"266\",\"rating\":1510,\"seed\":\"sodium,c974fe639823240bf3565d2d2b3c60dc\"}\n>player p2 {\"name\":\"plop in my pants\",\"avatar\":\"teamrocket\",\"rating\":1751,\"seed\":\"sodium,aa49840f5a9c8616eaee03e2aaccb0d4\"}\n>p1 move uturn\n>p2 move boltstrike\n>p1 switch 4\n>p1 move voltswitch\n>p2 move dracometeor\n>p1 switch 3\n>p1 move earthquake\n>p2 move voltswitch\n>p2 switch 3\n>p1 switch 2\n>p2 move highjumpkick mega\n>p1 move spectralthief\n>p2 switch 2\n>p1 switch 5\n>p2 move moonblast\n>p1 switch 2\n>p2 move moonblast\n>p1 move headsmash\n>p2 move moonblast\n>p1 switch 2\n>p1 move psychic\n>p2 move moonblast\n>p1 move psychic\n>p2 move protect\n>p1 move psychic\n>p2 switch 2\n>p2 switch 2\n>p1 move psychic\n>p2 move wish\n>p1 switch 3\n>p2 move protect\n>p1 move thunderbolt\n>p2 move wish\n>p1 move thunderbolt\n>p2 move calmmind\n>p1 move thunderbolt\n>p2 move wish\n>p1 move thunderbolt\n>p2 move moonblast\n>chat ☆plop in my pants|lol\n>p2 switch 3\n>p1 switch 3\n>p2 move boltstrike\n>p1 move dazzlinggleam\n>p2 switch 5\n>p1 move dazzlinggleam\n>p2 move fireblast\n>p1 switch 6\n>p1 move eruption\n>p2 switch 5\n>p1 switch 3\n>p2 move boltstrike\n>p1 move thunderbolt\n>p2 move dracometeor\n>p1 switch 4\n>p1 move knockoff\n>p2 move boltstrike\n>p2 switch 6\n>p1 move knockoff\n>p2 move thunderbolt\n>p1 switch 5\n>p1 move rocktomb\n>p2 move thunderbolt\n>forcelose p1", "uploadtime": 1769576072, "views": 186, "formatid": "gen7randombattle", "rating": 1502, "private": 0, "password": null}