{"id": "gen7randombattle-2527837032", "format": "[Gen 7] Random Battle", "players": ["may/gen3", "jannnnn"], "log": "|j|☆may/gen3\n|j|☆jannnnn\n|t:|1769586274\n|gametype|singles\n|player|p1|may/gen3|may|1741\n|player|p2|jannnnn|cyrus|1560\n|gen|7\n|tier|[Gen 7] Random Battle\n|rated|\n|rule|Sleep Clause Mod: Limit one foe put to sleep\n|rule|HP Percentage Mod: HP is shown in percentages\n|rule|Illusion Level Mod: Illusion disguises the Pokémon's true level\n|\n|t:|1769586274\n|teamsize|p1|6\n|teamsize|p2|6\n|start\n|switch|p1a: Type: Null|Type: Null, L85|300/300\n|switch|p2a: Swalot|Swalot, L90, F|326/326\n|turn|1\n|inactive|Battle timer is ON: inactive players will automatically lose when time's up. (requested by jannnnn)\n|\n|t:|1769586297\n|move|p2a: Swalot|Sludge Bomb|p1a: Type: Null\n|-damage|p1a: Type: Null|243/300\n|-status|p1a: Type: Null|psn\n|move|p1a: Type: Null|Swords Dance|p1a: Type: Null\n|-boost|p1a: Type: Null|atk|2\n|\n|-damage|p1a: Type: Null|206/300 psn|[from] psn\n|upkeep\n|turn|2\n|\n|t:|1769586307\n|move|p2a: Swalot|Protect|p2a: Swalot\n|-singleturn|p2a: Swalot|Protect\n|move|p1a: Type: Null|Return|p2a: Swalot\n|-activate|p2a: Swalot|move: Protect\n|\n|-damage|p1a: Type: Null|169/300 psn|[from] psn\n|upkeep\n|turn|3\n|\n|t:|1769586315\n|switch|p2a: Golem|Golem, L86, F|278/278\n|move|p1a: Type: Null|Return|p2a: Golem\n|-resisted|p2a: Golem\n|-damage|p2a: Golem|201/278\n|\n|-heal|p2a: Golem|218/278|[from] item: Leftovers\n|-damage|p1a: Type: Null|132/300 psn|[from] psn\n|upkeep\n|turn|4\n|\n|t:|1769586327\n|move|p2a: Golem|Sucker Punch||[still]\n|-fail|p2a: Golem\n|move|p1a: Type: Null|Rest|p1a: Type: Null\n|-status|p1a: Type: Null|slp|[from] move: Rest\n|-heal|p1a: Type: Null|300/300 slp|[silent]\n|\n|-heal|p2a: Golem|235/278|[from] item: Leftovers\n|upkeep\n|turn|5\n|\n|t:|1769586353\n|switch|p2a: Suicune|Suicune, L82|298/298\n|-ability|p2a: Suicune|Pressure\n|cant|p1a: Type: Null|slp\n|move|p1a: Type: Null|Sleep Talk|p1a: Type: Null\n|move|p1a: Type: Null|Swords Dance|p1a: Type: Null|[from] move: Sleep Talk\n|-boost|p1a: Type: Null|atk|2\n|\n|upkeep\n|turn|6\n|\n|t:|1769586358\n|move|p2a: Suicune|Substitute|p2a: Suicune\n|-start|p2a: Suicune|Substitute\n|-damage|p2a: Suicune|224/298\n|cant|p1a: Type: Null|slp\n|move|p1a: Type: Null|Sleep Talk|p1a: Type: Null\n|move|p1a: Type: Null|Rest||[from] move: Sleep Talk|[still]\n|-fail|p1a: Type: Null\n|\n|-heal|p2a: Suicune|242/298|[from] item: Leftovers\n|upkeep\n|turn|7\n|\n|t:|1769586362\n|move|p2a: Suicune|Calm Mind|p2a: Suicune\n|-boost|p2a: Suicune|spa|1\n|-boost|p2a: Suicune|spd|1\n|-curestatus|p1a: Type: Null|slp|[msg]\n|move|p1a: Type: Null|Return|p2a: Suicune\n|-end|p2a: Suicune|Substitute\n|\n|-heal|p2a: Suicune|260/298|[from] item: Leftovers\n|upkeep\n|turn|8\n|\n|t:|1769586365\n|move|p2a: Suicune|Scald|p1a: Type: Null\n|-damage|p1a: Type: Null|225/300\n|-status|p1a: Type: Null|brn\n|move|p1a: Type: Null|Return|p2a: Suicune\n|-damage|p2a: Suicune|116/298\n|\n|-heal|p2a: Suicune|134/298|[from] item: Leftovers\n|-damage|p1a: Type: Null|207/300 brn|[from] brn\n|upkeep\n|turn|9\n|\n|t:|1769586374\n|move|p2a: Suicune|Scald|p1a: Type: Null\n|-damage|p1a: Type: Null|132/300 brn\n|move|p1a: Type: Null|Rest|p1a: Type: Null\n|-status|p1a: Type: Null|slp|[from] move: Rest\n|-heal|p1a: Type: Null|300/300 slp|[silent]\n|\n|-heal|p2a: Suicune|152/298|[from] item: Leftovers\n|upkeep\n|turn|10\n|\n|t:|1769586379\n|move|p2a: Suicune|Substitute|p2a: Suicune\n|-start|p2a: Suicune|Substitute\n|-damage|p2a: Suicune|78/298\n|cant|p1a: Type: Null|slp\n|move|p1a: Type: Null|Sleep Talk|p1a: Type: Null\n|move|p1a: Type: Null|Return|p2a: Suicune|[from] move: Sleep Talk\n|-end|p2a: Suicune|Substitute\n|\n|-heal|p2a: Suicune|96/298|[from] item: Leftovers\n|upkeep\n|turn|11\n|\n|t:|1769586383\n|move|p2a: Suicune|Scald|p1a: Type: Null\n|-damage|p1a: Type: Null|230/300 slp\n|cant|p1a: Type: Null|slp\n|move|p1a: Type: Null|Sleep Talk|p1a: Type: Null\n|move|p1a: Type: Null|Return|p2a: Suicune|[from] move: Sleep Talk\n|-damage|p2a: Suicune|0 fnt\n|faint|p2a: Suicune\n|\n|upkeep\n|\n|t:|1769586386\n|switch|p2a: Golem|Golem, L86, F|235/278\n|turn|12\n|\n|t:|1769586396\n|-curestatus|p1a: Type: Null|slp|[msg]\n|move|p1a: Type: Null|Return|p2a: Golem\n|-resisted|p2a: Golem\n|-crit|p2a: Golem\n|-damage|p2a: Golem|65/278\n|move|p2a: Golem|Stone Edge|p1a: Type: Null\n|-damage|p1a: Type: Null|143/300\n|\n|-heal|p2a: Golem|82/278|[from] item: Leftovers\n|upkeep\n|turn|13\n|\n|t:|1769586403\n|move|p1a: Type: Null|Rest|p1a: Type: Null\n|-status|p1a: Type: Null|slp|[from] move: Rest\n|-heal|p1a: Type: Null|300/300 slp|[silent]\n|move|p2a: Golem|Earthquake|p1a: Type: Null\n|-damage|p1a: Type: Null|219/300 slp\n|\n|-heal|p2a: Golem|99/278|[from] item: Leftovers\n|upkeep\n|turn|14\n|\n|t:|1769586406\n|cant|p1a: Type: Null|slp\n|move|p1a: Type: Null|Sleep Talk|p1a: Type: Null\n|move|p1a: Type: Null|Return|p2a: Golem|[from] move: Sleep Talk\n|-resisted|p2a: Golem\n|-damage|p2a: Golem|0 fnt\n|faint|p2a: Golem\n|\n|upkeep\n|-message|jannnnn forfeited.\n|\n|win|may/gen3\n|raw|may&#x2f;gen3's rating: 1741 &rarr; <strong>1751</strong><br />(+10 for winning)\n|raw|jannnnn's rating: 1560 &rarr; <strong>1550</strong><br />(-10 for losing)\n|l|☆jannnnn\n|player|p2|\n", "inputlog": ">version b99ff0165a6231f17e8b78c2a78d1998375de664\n>start {\"formatid\":\"gen7randombattle\",\"seed\":\"sodium,8a180e9f244991491c6300980a71a314\",\"rated\":\"Rated battle\"}\n>player p1 {\"name\":\"may/gen3\",\"avatar\":\"may\",\"rating\":1741,\"seed\":\"sodium,873ff7ff22b7862e935256ac1504e60d\"}\n>player p2 {\"name\":\"jannnnn\",\"avatar\":\"cyrus\",\"rating\":1560,\"seed\":\"sodium,e7803ee51c9c255c8f7bed5ebb597d9e\"}\n>p1 move swordsdance\n>p2 move sludgebomb\n>p1 move return\n>p2 move protect\n>p1 move return\n>p2 switch 3\n>p1 move rest\n>p2 move suckerpunch\n>p1 move sleeptalk\n>p2 switch 4\n>p1 move sleeptalk\n>p2 move substitute\n>p1 move return\n>p2 move calmmind\n>p1 move return\n>p2 move scald\n>p1 move rest\n>p2 move scald\n>p1 move sleeptalk\n>p2 move substitute\n>p1 move sleeptalk\n>p2 move scald\n>p2 switch 4\n>p1 move return\n>p2 move stoneedge\n>p1 move rest\n>p2 move earthquake\n>p1 move sleeptalk\n>p2 move earthquake\n>forcelose p2", "uploadtime": 1769586416, "views": 181, "formatid": "gen7randombattle", "rating": 1550, "private": 0, "password": null}