{"id": "gen7randombattle-2533794973", "format": "[Gen 7] Random Battle", "players": ["grummybear45", "may/gen3"], "log": "|j|☆grummybear45\n|j|☆may/gen3\n|t:|1770341857\n|gametype|singles\n|player|p1|grummybear45|lacey|1722\n|player|p2|may/gen3|may|1728\n|gen|7\n|tier|[Gen 7] Random Battle\n|rated|\n|rule|Sleep Clause Mod: Limit one foe put to sleep\n|rule|HP Percentage Mod: HP is shown in percentages\n|rule|Illusion Level Mod: Illusion disguises the Pokémon's true level\n|\n|t:|1770341857\n|teamsize|p1|6\n|teamsize|p2|6\n|start\n|switch|p1a: Manaphy|Manaphy, L77|281/281\n|switch|p2a: Rhydon|Rhydon, L85, M|317/317\n|turn|1\n|inactive|Battle timer is ON: inactive players will automatically lose when time's up. (requested by grummybear45)\n|\n|t:|1770341866\n|move|p1a: Manaphy|Tail Glow|p1a: Manaphy\n|-boost|p1a: Manaphy|spa|3\n|move|p2a: Rhydon|Stealth Rock|p1a: Manaphy\n|-sidestart|p1: grummybear45|move: Stealth Rock\n|\n|upkeep\n|turn|2\n|\n|t:|1770341872\n|switch|p2a: Shaymin|Shaymin, L84|305/305\n|move|p1a: Manaphy|Surf|p2a: Shaymin\n|-resisted|p2a: Shaymin\n|-damage|p2a: Shaymin|213/305\n|\n|upkeep\n|turn|3\n|\n|t:|1770341876\n|move|p2a: Shaymin|Seed Flare|p1a: Manaphy\n|-supereffective|p1a: Manaphy\n|-damage|p1a: Manaphy|0 fnt\n|faint|p1a: Manaphy\n|-damage|p2a: Shaymin|183/305|[from] item: Life Orb\n|\n|upkeep\n|\n|t:|1770341879\n|switch|p1a: Naganadel|Naganadel, L74|230/230\n|-damage|p1a: Naganadel|202/230|[from] Stealth Rock\n|turn|4\n|\n|t:|1770341887\n|move|p1a: Naganadel|Nasty Plot|p1a: Naganadel\n|-boost|p1a: Naganadel|spa|2\n|move|p2a: Shaymin|Earth Power|p1a: Naganadel\n|-supereffective|p1a: Naganadel\n|-damage|p1a: Naganadel|0 fnt\n|faint|p1a: Naganadel\n|-damage|p2a: Shaymin|153/305|[from] item: Life Orb\n|\n|upkeep\n|\n|t:|1770341893\n|switch|p1a: Delibird|Delibird, F|251/251\n|-damage|p1a: Delibird|126/251|[from] Stealth Rock\n|turn|5\n|\n|t:|1770341897\n|move|p2a: Shaymin|Air Slash|p1a: Delibird\n|-damage|p1a: Delibird|23/251\n|-damage|p2a: Shaymin|123/305|[from] item: Life Orb\n|move|p1a: Delibird|Freeze-Dry|p2a: Shaymin\n|-supereffective|p2a: Shaymin\n|-damage|p2a: Shaymin|0 fnt\n|faint|p2a: Shaymin\n|\n|-heal|p1a: Delibird|38/251|[from] item: Leftovers\n|upkeep\n|\n|t:|1770341902\n|switch|p2a: Solgaleo|Solgaleo, L73|238/238\n|turn|6\n|\n|t:|1770341907\n|move|p2a: Solgaleo|Nasty Plot|p2a: Solgaleo\n|-boost|p2a: Solgaleo|spa|2\n|move|p1a: Delibird|Rapid Spin|p2a: Solgaleo\n|-damage|p2a: Solgaleo|225/238\n|replace|p2a: Zoroark|Zoroark, L84, F\n|-end|p2a: Zoroark|Illusion\n|-hint|Illusion Level Mod is active, so this Pokémon's true level was hidden.\n|-sideend|p1: grummybear45|Stealth Rock|[from] move: Rapid Spin|[of] p1a: Delibird\n|\n|-heal|p1a: Delibird|53/251|[from] item: Leftovers\n|upkeep\n|turn|7\n|\n|t:|1770341911\n|move|p2a: Zoroark|Dark Pulse|p1a: Delibird\n|-damage|p1a: Delibird|0 fnt\n|faint|p1a: Delibird\n|-damage|p2a: Zoroark|202/238|[from] item: Life Orb\n|\n|upkeep\n|\n|t:|1770341916\n|switch|p1a: Breloom|Breloom, L84, F|238/238\n|turn|8\n|\n|t:|1770341924\n|switch|p2a: Solgaleo|Solgaleo, L73|320/320\n|move|p1a: Breloom|Mach Punch|p2a: Solgaleo\n|-damage|p2a: Solgaleo|225/320\n|-damage|p1a: Breloom|215/238|[from] item: Life Orb\n|\n|-heal|p2a: Solgaleo|245/320|[from] item: Leftovers\n|upkeep\n|turn|9\n|\n|t:|1770341934\n|move|p2a: Solgaleo|Sunsteel Strike|p1a: Breloom\n|-damage|p1a: Breloom|106/238\n|move|p1a: Breloom|Spore|p2a: Solgaleo\n|-status|p2a: Solgaleo|slp|[from] move: Spore\n|\n|-heal|p2a: Solgaleo|265/320 slp|[from] item: Leftovers\n|upkeep\n|turn|10\n|\n|t:|1770341941\n|switch|p2a: Beedrill|Beedrill, L77, F|227/227\n|move|p1a: Breloom|Bullet Seed|p2a: Beedrill\n|-resisted|p2a: Beedrill\n|-damage|p2a: Beedrill|198/227\n|-resisted|p2a: Beedrill\n|-crit|p2a: Beedrill\n|-damage|p2a: Beedrill|150/227\n|-hitcount|p2a: Beedrill|2\n|-damage|p1a: Breloom|83/238|[from] item: Life Orb\n|\n|upkeep\n|turn|11\n|-message|grummybear45 forfeited.\n|\n|win|may/gen3\n|raw|grummybear45's rating: 1722 &rarr; <strong>1702</strong><br />(-20 for losing)\n|raw|may&#x2f;gen3's rating: 1728 &rarr; <strong>1748</strong><br />(+20 for winning)\n|l|☆grummybear45\n|player|p1|\n", "inputlog": ">version ccdc32dd7cde25fd9e4bed64820e885f66e78a4e\n>start {\"formatid\":\"gen7randombattle\",\"seed\":\"sodium,4bf3d289e9b7f43495b4a11c240d4316\",\"rated\":\"Rated battle\"}\n>player p1 {\"name\":\"grummybear45\",\"avatar\":\"lacey\",\"rating\":1722,\"seed\":\"sodium,0dde410862205956afc224c6ff04bb20\"}\n>player p2 {\"name\":\"may/gen3\",\"avatar\":\"may\",\"rating\":1728,\"seed\":\"sodium,8d0f3c75650f8ee884538607f0884e45\"}\n>p1 move tailglow\n>p2 move stealthrock\n>p1 move surf\n>p2 switch 2\n>p1 move icebeam\n>p2 move seedflare\n>p1 switch 5\n>p1 move nastyplot\n>p2 move earthpower\n>p1 switch 3\n>p1 move freezedry\n>p2 move airslash\n>p2 switch 5\n>p1 move rapidspin\n>p2 move nastyplot\n>p1 move destinybond\n>p2 move darkpulse\n>p1 switch 4\n>p1 move machpunch\n>p2 switch 6\n>p1 move spore\n>p2 move sunsteelstrike\n>p1 move bulletseed\n>p2 switch 4\n>forcelose p1", "uploadtime": 1770341955, "views": 188, "formatid": "gen7randombattle", "rating": 1702, "private": 0, "password": null}