{"id": "gen7randombattle-2534386627", "format": "[Gen 7] Random Battle", "players": ["La.Hellhound", "walterszr"], "log": "|j|‽La.Hellhound\n|j|☆walterszr\n|t:|1770415207\n|gametype|singles\n|player|p1|La.Hellhound|bruno|1656\n|player|p2|walterszr|265|1721\n|gen|7\n|tier|[Gen 7] Random Battle\n|rated|\n|rule|Sleep Clause Mod: Limit one foe put to sleep\n|rule|HP Percentage Mod: HP is shown in percentages\n|rule|Illusion Level Mod: Illusion disguises the Pokémon's true level\n|\n|t:|1770415207\n|teamsize|p1|6\n|teamsize|p2|6\n|start\n|switch|p1a: Scyther|Scyther, L82, F|249/249\n|switch|p2a: Heatmor|Heatmor, L93, F|309/309\n|turn|1\n|inactive|Battle timer is ON: inactive players will automatically lose when time's up. (requested by La.Hellhound)\n|inactive|walterszr has 120 seconds left.\n|\n|t:|1770415244\n|move|p1a: Scyther|U-turn|p2a: Heatmor\n|-resisted|p2a: Heatmor\n|-damage|p2a: Heatmor|248/309\n|\n|t:|1770415248\n|switch|p1a: Jellicent|Jellicent, L88, F|319/319|[from] U-turn\n|move|p2a: Heatmor|Fire Blast|p1a: Jellicent\n|-resisted|p1a: Jellicent\n|-damage|p1a: Jellicent|237/319\n|-damage|p2a: Heatmor|218/309|[from] item: Life Orb\n|\n|-heal|p1a: Jellicent|256/319|[from] item: Leftovers\n|upkeep\n|turn|2\n|\n|t:|1770415257\n|move|p2a: Heatmor|Knock Off|p1a: Jellicent\n|-supereffective|p1a: Jellicent\n|-damage|p1a: Jellicent|22/319\n|-enditem|p1a: Jellicent|Leftovers|[from] move: Knock Off|[of] p2a: Heatmor\n|-damage|p2a: Heatmor|188/309|[from] item: Life Orb\n|move|p1a: Jellicent|Scald|p2a: Heatmor\n|-supereffective|p2a: Heatmor\n|-damage|p2a: Heatmor|2/309\n|\n|upkeep\n|turn|3\n|\n|t:|1770415267\n|move|p2a: Heatmor|Giga Drain|p1a: Jellicent\n|-supereffective|p1a: Jellicent\n|-damage|p1a: Jellicent|0 fnt\n|-heal|p2a: Heatmor|13/309|[from] drain|[of] p1a: Jellicent\n|faint|p1a: Jellicent\n|-damage|p2a: Heatmor|0 fnt|[from] item: Life Orb\n|faint|p2a: Heatmor\n|\n|upkeep\n|\n|t:|1770415278\n|switch|p2a: Dusknoir|Dusknoir, L89, M|225/225\n|switch|p1a: Meowstic|Meowstic, L91, M|283/283\n|-ability|p2a: Dusknoir|Pressure\n|turn|4\n|\n|t:|1770415289\n|switch|p1a: Gogoat|Gogoat, L91, F|372/372\n|move|p2a: Dusknoir|Toxic|p1a: Gogoat\n|-status|p1a: Gogoat|tox\n|\n|-damage|p1a: Gogoat|349/372 tox|[from] psn\n|upkeep\n|turn|5\n|\n|t:|1770415296\n|switch|p2a: Skarmory|Skarmory, L75, M|221/221\n|move|p1a: Gogoat|Toxic|p2a: Skarmory\n|-immune|p2a: Skarmory\n|\n|-heal|p1a: Gogoat|372/372 tox|[from] item: Leftovers\n|-damage|p1a: Gogoat|326/372 tox|[from] psn\n|upkeep\n|turn|6\n|\n|t:|1770415305\n|switch|p1a: Salazzle|Salazzle, L84, F|251/251\n|move|p2a: Skarmory|Spikes|p1a: Salazzle\n|-sidestart|p1: La.Hellhound|Spikes\n|\n|upkeep\n|turn|7\n|\n|t:|1770415312\n|switch|p2a: Dusknoir|Dusknoir, L89, M|225/225\n|-ability|p2a: Dusknoir|Pressure\n|move|p1a: Salazzle|Nasty Plot|p1a: Salazzle\n|-boost|p1a: Salazzle|spa|2\n|\n|upkeep\n|turn|8\n|\n|t:|1770415319\n|-zpower|p1a: Salazzle\n|move|p1a: Salazzle|Inferno Overdrive|p2a: Dusknoir|[zeffect]\n|-damage|p2a: Dusknoir|0 fnt\n|faint|p2a: Dusknoir\n|\n|upkeep\n|\n|t:|1770415322\n|switch|p2a: Blastoise|Blastoise, L86, F|276/276\n|turn|9\n|\n|t:|1770415335\n|move|p1a: Salazzle|Sludge Wave|p2a: Blastoise\n|-damage|p2a: Blastoise|80/276\n|-status|p2a: Blastoise|psn\n|move|p2a: Blastoise|Scald|p1a: Salazzle\n|-supereffective|p1a: Salazzle\n|-damage|p1a: Salazzle|0 fnt\n|faint|p1a: Salazzle\n|\n|-heal|p2a: Blastoise|97/276 psn|[from] item: Leftovers\n|-damage|p2a: Blastoise|63/276 psn|[from] psn\n|upkeep\n|\n|t:|1770415346\n|switch|p1a: Meowstic|Meowstic, L91, M|283/283\n|-damage|p1a: Meowstic|248/283|[from] Spikes\n|turn|10\n|\n|t:|1770415353\n|move|p1a: Meowstic|Psychic|p2a: Blastoise\n|-damage|p2a: Blastoise|0 fnt\n|faint|p2a: Blastoise\n|\n|-heal|p1a: Meowstic|265/283|[from] item: Leftovers\n|upkeep\n|\n|t:|1770415363\n|switch|p2a: Steelix|Steelix, L80, M|251/251\n|turn|11\n|\n|t:|1770415367\n|detailschange|p2a: Steelix|Steelix-Mega, L80, M\n|-mega|p2a: Steelix|Steelix|Steelixite\n|move|p1a: Meowstic|Heal Bell|p1a: Meowstic\n|-activate|p1a: Meowstic|move: Heal Bell\n|-curestatus|p1: Gogoat|tox|[msg]\n|move|p2a: Steelix|Heavy Slam|p1a: Meowstic\n|-damage|p1a: Meowstic|114/283\n|\n|-heal|p1a: Meowstic|131/283|[from] item: Leftovers\n|upkeep\n|turn|12\n|\n|t:|1770415377\n|switch|p1a: Gogoat|Gogoat, L91, F|326/372\n|-damage|p1a: Gogoat|280/372|[from] Spikes\n|move|p2a: Steelix|Heavy Slam|p1a: Gogoat\n|-damage|p1a: Gogoat|114/372\n|\n|-heal|p1a: Gogoat|137/372|[from] item: Leftovers\n|upkeep\n|turn|13\n|\n|t:|1770415385\n|switch|p2a: Skarmory|Skarmory, L75, M|221/221\n|move|p1a: Gogoat|Milk Drink|p1a: Gogoat\n|-heal|p1a: Gogoat|323/372\n|\n|-heal|p1a: Gogoat|346/372|[from] item: Leftovers\n|upkeep\n|turn|14\n|\n|t:|1770415394\n|switch|p1a: Reuniclus|Reuniclus, L87, M|333/333\n|move|p2a: Skarmory|Spikes|p1a: Reuniclus\n|-sidestart|p1: La.Hellhound|Spikes\n|\n|upkeep\n|turn|15\n|\n|t:|1770415402\n|switch|p2a: Steelix|Steelix-Mega, L80, M|251/251\n|move|p1a: Reuniclus|Focus Blast|p2a: Steelix|[miss]\n|-miss|p1a: Reuniclus|p2a: Steelix\n|\n|upkeep\n|turn|16\n|\n|t:|1770415408\n|move|p1a: Reuniclus|Focus Blast|p2a: Steelix|[miss]\n|-miss|p1a: Reuniclus|p2a: Steelix\n|move|p2a: Steelix|Heavy Slam|p1a: Reuniclus\n|-damage|p1a: Reuniclus|170/333\n|\n|upkeep\n|turn|17\n|\n|t:|1770415414\n|move|p1a: Reuniclus|Focus Blast|p2a: Steelix|[miss]\n|-miss|p1a: Reuniclus|p2a: Steelix\n|move|p2a: Steelix|Heavy Slam|p1a: Reuniclus\n|-damage|p1a: Reuniclus|26/333\n|\n|upkeep\n|turn|18\n|\n|t:|1770415420\n|switch|p2a: Altaria|Altaria, L92, M|287/287\n|move|p1a: Reuniclus|Recover|p1a: Reuniclus\n|-heal|p1a: Reuniclus|193/333\n|\n|upkeep\n|turn|19\n|\n|t:|1770415429\n|move|p2a: Altaria|Earthquake|p1a: Reuniclus\n|-damage|p1a: Reuniclus|118/333\n|move|p1a: Reuniclus|Recover|p1a: Reuniclus\n|-heal|p1a: Reuniclus|285/333\n|\n|upkeep\n|turn|20\n|\n|t:|1770415438\n|move|p2a: Altaria|Earthquake|p1a: Reuniclus\n|-crit|p1a: Reuniclus\n|-damage|p1a: Reuniclus|186/333\n|move|p1a: Reuniclus|Psychic|p2a: Altaria\n|-damage|p2a: Altaria|169/287\n|\n|-heal|p2a: Altaria|186/287|[from] item: Leftovers\n|upkeep\n|turn|21\n|\n|t:|1770415445\n|switch|p2a: Steelix|Steelix-Mega, L80, M|251/251\n|move|p1a: Reuniclus|Recover|p1a: Reuniclus\n|-heal|p1a: Reuniclus|333/333\n|\n|upkeep\n|turn|22\n|\n|t:|1770415450\n|move|p1a: Reuniclus|Focus Blast|p2a: Steelix\n|-supereffective|p2a: Steelix\n|-damage|p2a: Steelix|0 fnt\n|faint|p2a: Steelix\n|detailschange|p2: Steelix|Steelix, L80, M|[silent]\n|\n|upkeep\n|\n|t:|1770415453\n|switch|p2a: Skarmory|Skarmory, L75, M|221/221\n|turn|23\n|\n|t:|1770415457\n|move|p2a: Skarmory|Brave Bird|p1a: Reuniclus\n|-damage|p1a: Reuniclus|233/333\n|-damage|p2a: Skarmory|188/221|[from] Recoil\n|move|p1a: Reuniclus|Psychic|p2a: Skarmory\n|-resisted|p2a: Skarmory\n|-damage|p2a: Skarmory|85/221\n|\n|upkeep\n|turn|24\n|\n|t:|1770415464\n|move|p2a: Skarmory|Brave Bird|p1a: Reuniclus\n|-damage|p1a: Reuniclus|131/333\n|-damage|p2a: Skarmory|51/221|[from] Recoil\n|move|p1a: Reuniclus|Psychic|p2a: Skarmory\n|-resisted|p2a: Skarmory\n|-damage|p2a: Skarmory|0 fnt\n|faint|p2a: Skarmory\n|\n|upkeep\n|\n|t:|1770415467\n|switch|p2a: Altaria|Altaria, L92, M|186/287\n|turn|25\n|\n|t:|1770415474\n|move|p2a: Altaria|Draco Meteor|p1a: Reuniclus\n|-damage|p1a: Reuniclus|8/333\n|-unboost|p2a: Altaria|spa|2\n|move|p1a: Reuniclus|Recover|p1a: Reuniclus\n|-heal|p1a: Reuniclus|175/333\n|\n|-heal|p2a: Altaria|203/287|[from] item: Leftovers\n|upkeep\n|turn|26\n|\n|t:|1770415482\n|move|p2a: Altaria|Draco Meteor|p1a: Reuniclus\n|-damage|p1a: Reuniclus|112/333\n|-unboost|p2a: Altaria|spa|2\n|move|p1a: Reuniclus|Recover|p1a: Reuniclus\n|-heal|p1a: Reuniclus|279/333\n|\n|-heal|p2a: Altaria|220/287|[from] item: Leftovers\n|upkeep\n|turn|27\n|\n|t:|1770415490\n|move|p2a: Altaria|Draco Meteor|p1a: Reuniclus\n|-damage|p1a: Reuniclus|237/333\n|-unboost|p2a: Altaria|spa|2\n|move|p1a: Reuniclus|Calm Mind|p1a: Reuniclus\n|-boost|p1a: Reuniclus|spa|1\n|-boost|p1a: Reuniclus|spd|1\n|\n|-heal|p2a: Altaria|237/287|[from] item: Leftovers\n|upkeep\n|turn|28\n|c|☆walterszr|really?\n|\n|t:|1770415498\n|move|p2a: Altaria|Draco Meteor|p1a: Reuniclus\n|-damage|p1a: Reuniclus|215/333\n|move|p1a: Reuniclus|Recover|p1a: Reuniclus\n|-heal|p1a: Reuniclus|333/333\n|\n|-heal|p2a: Altaria|254/287|[from] item: Leftovers\n|upkeep\n|turn|29\n|\n|t:|1770415511\n|move|p2a: Altaria|Draco Meteor|p1a: Reuniclus\n|-damage|p1a: Reuniclus|314/333\n|move|p1a: Reuniclus|Calm Mind|p1a: Reuniclus\n|-boost|p1a: Reuniclus|spa|1\n|-boost|p1a: Reuniclus|spd|1\n|\n|-heal|p2a: Altaria|271/287|[from] item: Leftovers\n|upkeep\n|turn|30\n|\n|t:|1770415518\n|move|p2a: Altaria|Draco Meteor|p1a: Reuniclus\n|-damage|p1a: Reuniclus|298/333\n|move|p1a: Reuniclus|Psychic|p2a: Altaria\n|-damage|p2a: Altaria|32/287\n|\n|-heal|p2a: Altaria|49/287|[from] item: Leftovers\n|upkeep\n|turn|31\n|\n|t:|1770415525\n|move|p2a: Altaria|Draco Meteor|p1a: Reuniclus\n|-damage|p1a: Reuniclus|280/333\n|move|p1a: Reuniclus|Focus Blast|p2a: Altaria\n|-resisted|p2a: Altaria\n|-damage|p2a: Altaria|0 fnt\n|faint|p2a: Altaria\n|\n|win|La.Hellhound\n|raw|La.Hellhound's rating: 1656 &rarr; <strong>1680</strong><br />(+24 for winning)\n|raw|walterszr's rating: 1721 &rarr; <strong>1697</strong><br />(-24 for losing)\n", "inputlog": ">version ccdc32dd7cde25fd9e4bed64820e885f66e78a4e\n>start {\"formatid\":\"gen7randombattle\",\"seed\":\"sodium,b07e06bb4ec33c326b61b248478a02d1\",\"rated\":\"Rated battle\"}\n>player p1 {\"name\":\"La.Hellhound\",\"avatar\":\"bruno\",\"rating\":1656,\"seed\":\"sodium,fef44d3bb314bfbc0c810f65c9e9c3aa\"}\n>player p2 {\"name\":\"walterszr\",\"avatar\":\"265\",\"rating\":1721,\"seed\":\"sodium,1896d1476dae43f0bc4d50d10d823345\"}\n>p1 move uturn\n>p2 move fireblast\n>p1 switch 4\n>p1 move scald\n>p2 move knockoff\n>p1 move recover\n>p2 move gigadrain\n>p1 switch 5\n>p2 switch 3\n>p1 switch 2\n>p2 move toxic\n>p1 move toxic\n>p2 switch 4\n>p1 switch 3\n>p2 move spikes\n>p1 move nastyplot\n>p2 switch 4\n>p1 move fireblast zmove\n>p2 move earthquake\n>p2 switch 2\n>p1 move sludgewave\n>p2 move scald\n>p1 switch 2\n>p1 move psychic\n>p2 move scald\n>p2 switch 6\n>p1 move healbell\n>p2 move heavyslam mega\n>p1 switch 3\n>p2 move heavyslam\n>p1 move milkdrink\n>p2 switch 4\n>p1 switch 6\n>p2 move spikes\n>p1 move focusblast\n>p2 switch 4\n>p1 move focusblast\n>p2 move heavyslam\n>p1 move focusblast\n>p2 move heavyslam\n>p1 move recover\n>p2 switch 5\n>p1 move recover\n>p2 move earthquake\n>p1 move psychic\n>p2 move earthquake\n>p1 move recover\n>p2 switch 5\n>p1 move focusblast\n>p2 move heavyslam\n>p2 switch 4\n>p1 move psychic\n>p2 move bravebird\n>p1 move psychic\n>p2 move bravebird\n>p2 switch 5\n>p1 move recover\n>p2 move dracometeor\n>p1 move recover\n>p2 move dracometeor\n>p1 move calmmind\n>p2 move dracometeor\n>chat ☆walterszr|really?\n>p1 move recover\n>p2 move dracometeor\n>p1 move calmmind\n>p2 move dracometeor\n>p1 move psychic\n>p2 move dracometeor\n>p1 move focusblast\n>p2 move dracometeor", "uploadtime": 1770415533, "views": 209, "formatid": "gen7randombattle", "rating": 1680, "private": 0, "password": null}