{"id": "gen7randombattle-2524342879", "format": "[Gen 7] Random Battle", "players": ["BROCKISAROCK", "Somnium Azurea"], "log": "|j|☆BROCKISAROCK\n|j|☆Somnium Azurea\n|t:|1769133896\n|gametype|singles\n|player|p1|BROCKISAROCK|brock|1670\n|player|p2|Somnium Azurea|lady|1706\n|gen|7\n|tier|[Gen 7] Random Battle\n|rated|\n|rule|Sleep Clause Mod: Limit one foe put to sleep\n|rule|HP Percentage Mod: HP is shown in percentages\n|rule|Illusion Level Mod: Illusion disguises the Pokémon's true level\n|\n|t:|1769133896\n|teamsize|p1|6\n|teamsize|p2|6\n|start\n|switch|p1a: Xurkitree|Xurkitree, L80|264/264\n|switch|p2a: Forretress|Forretress, L81, F|254/254\n|turn|1\n|inactive|Battle timer is ON: inactive players will automatically lose when time's up. (requested by Somnium Azurea)\n|\n|t:|1769133910\n|switch|p2a: Rhydon|Rhydon, L85, M|317/317\n|move|p1a: Xurkitree|Volt Switch|p2a: Rhydon\n|-ability|p2a: Rhydon|Lightning Rod|boost\n|-boost|p2a: Rhydon|spa|1\n|\n|upkeep\n|turn|2\n|\n|t:|1769133922\n|switch|p1a: Mew|Mew, L80|291/291\n|move|p2a: Rhydon|Stone Edge|p1a: Mew\n|-damage|p1a: Mew|165/291\n|\n|-heal|p1a: Mew|183/291|[from] item: Leftovers\n|upkeep\n|turn|3\n|\n|t:|1769133929\n|switch|p2a: Cobalion|Cobalion, L78|270/270\n|move|p1a: Mew|Psychic|p2a: Cobalion\n|-damage|p2a: Cobalion|162/270\n|\n|-heal|p2a: Cobalion|178/270|[from] item: Leftovers\n|-heal|p1a: Mew|201/291|[from] item: Leftovers\n|upkeep\n|turn|4\n|\n|t:|1769133934\n|move|p2a: Cobalion|Stealth Rock|p1a: Mew\n|-sidestart|p1: BROCKISAROCK|move: Stealth Rock\n|move|p1a: Mew|U-turn|p2a: Cobalion\n|-resisted|p2a: Cobalion\n|-damage|p2a: Cobalion|170/270\n|\n|t:|1769133958\n|switch|p1a: Swellow|Swellow, L82, M|233/233|[from] U-turn\n|-damage|p1a: Swellow|175/233|[from] Stealth Rock\n|\n|-heal|p2a: Cobalion|186/270|[from] item: Leftovers\n|upkeep\n|turn|5\n|\n|t:|1769133965\n|move|p1a: Swellow|Heat Wave|p2a: Cobalion\n|-supereffective|p2a: Cobalion\n|-damage|p2a: Cobalion|0 fnt\n|faint|p2a: Cobalion\n|\n|upkeep\n|\n|t:|1769133968\n|switch|p2a: Rhydon|Rhydon, L85, M|317/317\n|turn|6\n|\n|t:|1769133975\n|switch|p1a: Electrode|Electrode, L89|252/252\n|-damage|p1a: Electrode|221/252|[from] Stealth Rock\n|move|p2a: Rhydon|Megahorn|p1a: Electrode|[miss]\n|-miss|p2a: Rhydon|p1a: Electrode\n|\n|-heal|p1a: Electrode|236/252|[from] item: Leftovers\n|upkeep\n|turn|7\n|\n|t:|1769133980\n|move|p1a: Electrode|Hidden Power|p2a: Rhydon\n|-supereffective|p2a: Rhydon\n|-crit|p2a: Rhydon\n|-damage|p2a: Rhydon|179/317\n|move|p2a: Rhydon|Swords Dance|p2a: Rhydon\n|-boost|p2a: Rhydon|atk|2\n|\n|-heal|p1a: Electrode|251/252|[from] item: Leftovers\n|upkeep\n|turn|8\n|\n|t:|1769133985\n|move|p1a: Electrode|Hidden Power|p2a: Rhydon\n|-supereffective|p2a: Rhydon\n|-damage|p2a: Rhydon|89/317\n|move|p2a: Rhydon|Earthquake|p1a: Electrode\n|-supereffective|p1a: Electrode\n|-damage|p1a: Electrode|0 fnt\n|faint|p1a: Electrode\n|\n|upkeep\n|\n|t:|1769133998\n|switch|p1a: Toucannon|Toucannon, L88, F|284/284\n|-damage|p1a: Toucannon|213/284|[from] Stealth Rock\n|turn|9\n|\n|t:|1769134001\n|switch|p2a: Forretress|Forretress, L81, F|254/254\n|move|p1a: Toucannon|Bullet Seed|p2a: Forretress\n|-resisted|p2a: Forretress\n|-damage|p2a: Forretress|250/254\n|-resisted|p2a: Forretress\n|-damage|p2a: Forretress|246/254\n|-resisted|p2a: Forretress\n|-damage|p2a: Forretress|242/254\n|-resisted|p2a: Forretress\n|-damage|p2a: Forretress|238/254\n|-resisted|p2a: Forretress\n|-damage|p2a: Forretress|234/254\n|-hitcount|p2a: Forretress|5\n|\n|-heal|p1a: Toucannon|230/284|[from] item: Leftovers\n|-heal|p2a: Forretress|249/254|[from] item: Leftovers\n|upkeep\n|turn|10\n|\n|t:|1769134007\n|move|p1a: Toucannon|Knock Off|p2a: Forretress\n|-damage|p2a: Forretress|180/254\n|-enditem|p2a: Forretress|Leftovers|[from] move: Knock Off|[of] p1a: Toucannon\n|move|p2a: Forretress|Toxic Spikes|p1a: Toucannon\n|-sidestart|p1: BROCKISAROCK|move: Toxic Spikes\n|\n|-heal|p1a: Toucannon|247/284|[from] item: Leftovers\n|upkeep\n|turn|11\n|\n|t:|1769134010\n|move|p1a: Toucannon|Swords Dance|p1a: Toucannon\n|-boost|p1a: Toucannon|atk|2\n|move|p2a: Forretress|Toxic Spikes|p1a: Toucannon\n|-sidestart|p1: BROCKISAROCK|move: Toxic Spikes\n|\n|-heal|p1a: Toucannon|264/284|[from] item: Leftovers\n|upkeep\n|turn|12\n|\n|t:|1769134013\n|move|p1a: Toucannon|Brave Bird|p2a: Forretress\n|-damage|p2a: Forretress|0 fnt\n|faint|p2a: Forretress\n|-damage|p1a: Toucannon|205/284|[from] Recoil\n|\n|-heal|p1a: Toucannon|222/284|[from] item: Leftovers\n|upkeep\n|\n|t:|1769134017\n|switch|p2a: Tapu Koko|Tapu Koko, L77|234/234\n|-fieldstart|move: Electric Terrain|[from] ability: Electric Surge|[of] p2a: Tapu Koko\n|turn|13\n|\n|t:|1769134023\n|move|p2a: Tapu Koko|Thunderbolt|p1a: Toucannon\n|-supereffective|p1a: Toucannon\n|-damage|p1a: Toucannon|0 fnt\n|faint|p1a: Toucannon\n|\n|upkeep\n|\n|t:|1769134033\n|switch|p1a: Swellow|Swellow, L82, M|175/233\n|-damage|p1a: Swellow|117/233|[from] Stealth Rock\n|turn|14\n|\n|t:|1769134038\n|move|p1a: Swellow|Boomburst|p2a: Tapu Koko\n|-damage|p2a: Tapu Koko|20/234\n|move|p2a: Tapu Koko|Thunderbolt|p1a: Swellow\n|-supereffective|p1a: Swellow\n|-damage|p1a: Swellow|0 fnt\n|faint|p1a: Swellow\n|\n|upkeep\n|\n|t:|1769134048\n|switch|p1a: Hydreigon|Hydreigon, L82, M|285/285\n|-damage|p1a: Hydreigon|250/285|[from] Stealth Rock\n|turn|15\n|\n|t:|1769134051\n|move|p2a: Tapu Koko|Dazzling Gleam|p1a: Hydreigon\n|-supereffective|p1a: Hydreigon\n|-damage|p1a: Hydreigon|0 fnt\n|faint|p1a: Hydreigon\n|\n|upkeep\n|\n|t:|1769134055\n|switch|p1a: Xurkitree|Xurkitree, L80|264/264\n|-damage|p1a: Xurkitree|231/264|[from] Stealth Rock\n|-status|p1a: Xurkitree|tox\n|turn|16\n|\n|t:|1769134059\n|switch|p2a: Sawsbuck|Sawsbuck-Winter, L88, F|284/284\n|move|p1a: Xurkitree|Energy Ball|p2a: Sawsbuck\n|-resisted|p2a: Sawsbuck\n|-damage|p2a: Sawsbuck|198/284\n|\n|-heal|p2a: Sawsbuck|215/284|[from] item: Leftovers\n|-damage|p1a: Xurkitree|215/264 tox|[from] psn\n|upkeep\n|turn|17\n|-message|BROCKISAROCK forfeited.\n|\n|win|Somnium Azurea\n|raw|BROCKISAROCK's rating: 1670 &rarr; <strong>1652</strong><br />(-18 for losing)\n|raw|Somnium Azurea's rating: 1706 &rarr; <strong>1724</strong><br />(+18 for winning)\n|l|☆BROCKISAROCK\n|player|p1|\n|l|☆Somnium Azurea\n|player|p2|\n", "inputlog": ">version dd3d52b8382d73d1dd2c67730c4067df325ab790\n>start {\"formatid\":\"gen7randombattle\",\"seed\":\"sodium,85cc53b1423cc727719ca9a34e9b8bdc\",\"rated\":\"Rated battle\"}\n>player p1 {\"name\":\"BROCKISAROCK\",\"avatar\":\"brock\",\"rating\":1670,\"seed\":\"sodium,7e7b756b0d29c5181b5fccf673ab8c8c\"}\n>player p2 {\"name\":\"Somnium Azurea\",\"avatar\":\"lady\",\"rating\":1706,\"seed\":\"sodium,de8a7822a7cb9469ec1b1f0cc1781b90\"}\n>p1 move voltswitch\n>p2 switch 5\n>p1 switch 3\n>p2 move stoneedge\n>p1 move psychic\n>p2 switch 2\n>p1 move uturn\n>p2 move stealthrock\n>p1 switch 4\n>p1 move heatwave\n>p2 move stoneedge\n>p2 switch 2\n>p1 switch 6\n>p2 move megahorn\n>p1 move hiddenpower\n>p2 move swordsdance\n>p1 move hiddenpower\n>p2 move earthquake\n>p1 switch 2\n>p1 move bulletseed\n>p2 switch 5\n>p1 move knockoff\n>p2 move toxicspikes\n>p1 move swordsdance\n>p2 move toxicspikes\n>p1 move bravebird\n>p2 move voltswitch\n>p2 switch 3\n>p1 move bravebird\n>p2 move thunderbolt\n>p1 switch 6\n>p1 move boomburst\n>p2 move thunderbolt\n>p1 switch 5\n>p1 move uturn\n>p2 move dazzlinggleam\n>p1 switch 3\n>p1 move energyball\n>p2 switch 6\n>forcelose p1", "uploadtime": 1769134067, "views": 155, "formatid": "gen7randombattle", "rating": 1652, "private": 0, "password": null}