{"id": "gen7randombattle-2524787430", "format": "[Gen 7] Random Battle", "players": ["sparksblade", "UnnervingGang"], "log": "|j|☆sparksblade\n|j|☆UnnervingGang\n|t:|1769193066\n|gametype|singles\n|player|p1|sparksblade|ruinmaniac|1578\n|player|p2|UnnervingGang|silver|1781\n|gen|7\n|tier|[Gen 7] Random Battle\n|rated|\n|rule|Sleep Clause Mod: Limit one foe put to sleep\n|rule|HP Percentage Mod: HP is shown in percentages\n|rule|Illusion Level Mod: Illusion disguises the Pokémon's true level\n|\n|t:|1769193066\n|teamsize|p1|6\n|teamsize|p2|6\n|start\n|switch|p1a: Umbreon|Umbreon, L84, F|297/297\n|switch|p2a: Braviary|Braviary, L83, M|302/302\n|turn|1\n|\n|t:|1769193084\n|move|p2a: Braviary|U-turn|p1a: Umbreon\n|-supereffective|p1a: Umbreon\n|-damage|p1a: Umbreon|141/297\n|\n|t:|1769193090\n|switch|p2a: Lucario|Lucario, L74, M|226/226|[from] U-turn\n|move|p1a: Umbreon|Toxic|p2a: Lucario\n|-immune|p2a: Lucario\n|\n|-heal|p1a: Umbreon|159/297|[from] item: Leftovers\n|upkeep\n|turn|2\n|\n|t:|1769193105\n|switch|p1a: Tentacruel|Tentacruel, L83, F|268/268\n|move|p2a: Lucario|Nasty Plot|p2a: Lucario\n|-boost|p2a: Lucario|spa|2\n|\n|upkeep\n|turn|3\n|\n|t:|1769193126\n|detailschange|p2a: Lucario|Lucario-Mega, L74, M\n|-mega|p2a: Lucario|Lucario|Lucarionite\n|move|p1a: Tentacruel|Scald|p2a: Lucario\n|-damage|p2a: Lucario|121/226\n|move|p2a: Lucario|Nasty Plot|p2a: Lucario\n|-boost|p2a: Lucario|spa|2\n|\n|upkeep\n|turn|4\n|\n|t:|1769193141\n|move|p1a: Tentacruel|Scald|p2a: Lucario\n|-crit|p2a: Lucario\n|-damage|p2a: Lucario|0 fnt\n|faint|p2a: Lucario\n|detailschange|p2: Lucario|Lucario, L74, M|[silent]\n|\n|upkeep\n|c|☆sparksblade|sorry\n|\n|t:|1769193176\n|switch|p2a: Whiscash|Whiscash, L89, F|341/341\n|turn|5\n|\n|t:|1769193198\n|switch|p1a: Bronzong|Bronzong, L86|255/255\n|move|p2a: Whiscash|Earthquake|p1a: Bronzong\n|-immune|p1a: Bronzong|[from] ability: Levitate\n|\n|upkeep\n|turn|6\n|\n|t:|1769193203\n|move|p2a: Whiscash|Scald|p1a: Bronzong\n|-damage|p1a: Bronzong|197/255\n|move|p1a: Bronzong|Toxic|p2a: Whiscash\n|-status|p2a: Whiscash|tox\n|\n|-heal|p1a: Bronzong|212/255|[from] item: Leftovers\n|-damage|p2a: Whiscash|320/341 tox|[from] psn\n|upkeep\n|turn|7\n|\n|t:|1769193215\n|switch|p2a: Persian|Persian-Alola, L84, F|246/246\n|switch|p1a: Umbreon|Umbreon, L84, F|159/297\n|\n|-heal|p1a: Umbreon|177/297|[from] item: Leftovers\n|upkeep\n|turn|8\n|\n|t:|1769193249\n|switch|p2a: Whiscash|Whiscash, L89, F|320/341 tox\n|move|p1a: Umbreon|Wish|p1a: Umbreon\n|\n|-heal|p2a: Whiscash|341/341 tox|[from] item: Leftovers\n|-heal|p1a: Umbreon|195/297|[from] item: Leftovers\n|-damage|p2a: Whiscash|320/341 tox|[from] psn\n|upkeep\n|turn|9\n|\n|t:|1769193256\n|move|p1a: Umbreon|Protect|p1a: Umbreon\n|-singleturn|p1a: Umbreon|Protect\n|move|p2a: Whiscash|Scald|p1a: Umbreon\n|-activate|p1a: Umbreon|move: Protect\n|\n|-heal|p1a: Umbreon|297/297|[from] move: Wish|[wisher] Umbreon\n|-heal|p2a: Whiscash|341/341 tox|[from] item: Leftovers\n|-damage|p2a: Whiscash|299/341 tox|[from] psn\n|upkeep\n|turn|10\n|\n|t:|1769193271\n|switch|p1a: Bronzong|Bronzong, L86|212/255\n|move|p2a: Whiscash|Toxic|p1a: Bronzong\n|-immune|p1a: Bronzong\n|\n|-heal|p2a: Whiscash|320/341 tox|[from] item: Leftovers\n|-heal|p1a: Bronzong|227/255|[from] item: Leftovers\n|-damage|p2a: Whiscash|257/341 tox|[from] psn\n|upkeep\n|turn|11\n|-message|UnnervingGang forfeited.\n|\n|win|sparksblade\n|raw|sparksblade's rating: 1592 &rarr; <strong>1622</strong><br />(+30 for winning)\n|raw|UnnervingGang's rating: 1781 &rarr; <strong>1751</strong><br />(-30 for losing)\n|l|☆UnnervingGang\n|player|p2|\n|j|☆UnnervingGang\n|player|p2|UnnervingGang|silver|\n", "inputlog": ">version dd3d52b8382d73d1dd2c67730c4067df325ab790\n>start {\"formatid\":\"gen7randombattle\",\"seed\":\"sodium,16682d47f0b46ca2cf9147b1d0261f2d\",\"rated\":\"Rated battle\"}\n>player p1 {\"name\":\"sparksblade\",\"avatar\":\"ruinmaniac\",\"rating\":1578,\"seed\":\"sodium,fc6b49214c2bf80a1c8dc3abaf052a03\"}\n>player p2 {\"name\":\"UnnervingGang\",\"avatar\":\"silver\",\"rating\":1781,\"seed\":\"sodium,2cd0642b263a4e31da380931a066e02e\"}\n>p1 move toxic\n>p2 move uturn\n>p2 switch 3\n>p1 switch 2\n>p2 move nastyplot\n>p1 move scald\n>p2 move nastyplot mega\n>p1 move scald\n>p2 move aurasphere\n>chat ☆sparksblade|sorry\n>p2 switch 4\n>p1 switch 6\n>p2 move earthquake\n>p1 move toxic\n>p2 move scald\n>p1 switch 2\n>p2 switch 2\n>p1 move wish\n>p2 switch 2\n>p1 move protect\n>p2 move scald\n>p1 switch 2\n>p2 move toxic\n>forcelose p2", "uploadtime": 1769193284, "views": 194, "formatid": "gen7randombattle", "rating": 1622, "private": 0, "password": null}