{"id": "gen7randombattle-2526491482", "format": "[Gen 7] Random Battle", "players": ["CMONMANE", "xxfairykingxx"], "log": "|j|☆CMONMANE\n|j|☆xxfairykingxx\n|t:|1769424282\n|gametype|singles\n|player|p1|CMONMANE|unknown|1611\n|player|p2|xxfairykingxx|preschoolerf|1678\n|gen|7\n|tier|[Gen 7] Random Battle\n|rated|\n|rule|Sleep Clause Mod: Limit one foe put to sleep\n|rule|HP Percentage Mod: HP is shown in percentages\n|rule|Illusion Level Mod: Illusion disguises the Pokémon's true level\n|\n|t:|1769424282\n|teamsize|p1|6\n|teamsize|p2|6\n|start\n|switch|p1a: Wormadam|Wormadam-Trash, L86, F|243/243\n|switch|p2a: Vaporeon|Vaporeon, L86, F|364/364\n|turn|1\n|inactive|Battle timer is ON: inactive players will automatically lose when time's up. (requested by CMONMANE)\n|\n|t:|1769424301\n|move|p2a: Vaporeon|Scald|p1a: Wormadam\n|-damage|p1a: Wormadam|152/243\n|move|p1a: Wormadam|Toxic|p2a: Vaporeon\n|-status|p2a: Vaporeon|tox\n|\n|-heal|p1a: Wormadam|167/243|[from] item: Leftovers\n|-damage|p2a: Vaporeon|342/364 tox|[from] psn\n|upkeep\n|turn|2\n|\n|t:|1769424311\n|move|p2a: Vaporeon|Scald|p1a: Wormadam\n|-crit|p1a: Wormadam\n|-damage|p1a: Wormadam|31/243\n|move|p1a: Wormadam|Stealth Rock|p2a: Vaporeon\n|-sidestart|p2: xxfairykingxx|move: Stealth Rock\n|\n|-heal|p2a: Vaporeon|364/364 tox|[from] item: Leftovers\n|-heal|p1a: Wormadam|46/243|[from] item: Leftovers\n|-damage|p2a: Vaporeon|320/364 tox|[from] psn\n|upkeep\n|turn|3\n|\n|t:|1769424320\n|move|p1a: Wormadam|Protect|p1a: Wormadam\n|-singleturn|p1a: Wormadam|Protect\n|move|p2a: Vaporeon|Wish|p2a: Vaporeon\n|\n|-heal|p2a: Vaporeon|342/364 tox|[from] item: Leftovers\n|-heal|p1a: Wormadam|61/243|[from] item: Leftovers\n|-damage|p2a: Vaporeon|276/364 tox|[from] psn\n|upkeep\n|turn|4\n|\n|t:|1769424331\n|switch|p1a: Bellossom|Bellossom, L88, F|275/275\n|move|p2a: Vaporeon|Scald|p1a: Bellossom\n|-resisted|p1a: Bellossom\n|-damage|p1a: Bellossom|231/275\n|\n|-heal|p2a: Vaporeon|364/364 tox|[from] move: Wish|[wisher] Vaporeon\n|-heal|p1a: Bellossom|248/275|[from] item: Leftovers\n|-damage|p2a: Vaporeon|276/364 tox|[from] psn\n|upkeep\n|turn|5\n|\n|t:|1769424343\n|move|p2a: Vaporeon|Toxic|p1a: Bellossom\n|-status|p1a: Bellossom|tox\n|move|p1a: Bellossom|Quiver Dance|p1a: Bellossom\n|-boost|p1a: Bellossom|spa|1\n|-boost|p1a: Bellossom|spd|1\n|-boost|p1a: Bellossom|spe|1\n|\n|-heal|p1a: Bellossom|265/275 tox|[from] item: Leftovers\n|-heal|p2a: Vaporeon|298/364 tox|[from] item: Leftovers\n|-damage|p1a: Bellossom|248/275 tox|[from] psn\n|-damage|p2a: Vaporeon|188/364 tox|[from] psn\n|upkeep\n|turn|6\n|\n|t:|1769424354\n|move|p2a: Vaporeon|Protect|p2a: Vaporeon\n|-singleturn|p2a: Vaporeon|Protect\n|move|p1a: Bellossom|Giga Drain|p2a: Vaporeon\n|-activate|p2a: Vaporeon|move: Protect\n|\n|-heal|p1a: Bellossom|265/275 tox|[from] item: Leftovers\n|-heal|p2a: Vaporeon|210/364 tox|[from] item: Leftovers\n|-damage|p1a: Bellossom|231/275 tox|[from] psn\n|-damage|p2a: Vaporeon|78/364 tox|[from] psn\n|upkeep\n|turn|7\n|\n|t:|1769424358\n|move|p1a: Bellossom|Giga Drain|p2a: Vaporeon\n|-supereffective|p2a: Vaporeon\n|-damage|p2a: Vaporeon|0 fnt\n|-heal|p1a: Bellossom|270/275 tox|[from] drain|[of] p2a: Vaporeon\n|faint|p2a: Vaporeon\n|\n|-heal|p1a: Bellossom|275/275 tox|[from] item: Leftovers\n|-damage|p1a: Bellossom|224/275 tox|[from] psn\n|upkeep\n|\n|t:|1769424360\n|switch|p2a: Ninjask|Ninjask, L88, M|251/251\n|-damage|p2a: Ninjask|126/251|[from] Stealth Rock\n|turn|8\n|\n|t:|1769424370\n|switch|p1a: Wormadam|Wormadam-Trash, L86, F|61/243\n|move|p2a: Ninjask|Leech Life|p1a: Wormadam\n|-resisted|p1a: Wormadam\n|-damage|p1a: Wormadam|18/243\n|-heal|p2a: Ninjask|148/251|[from] drain|[of] p1a: Wormadam\n|\n|-heal|p1a: Wormadam|33/243|[from] item: Leftovers\n|upkeep\n|turn|9\n|\n|t:|1769424377\n|move|p1a: Wormadam|Protect|p1a: Wormadam\n|-singleturn|p1a: Wormadam|Protect\n|move|p2a: Ninjask|Leech Life|p1a: Wormadam\n|-activate|p1a: Wormadam|move: Protect\n|\n|-heal|p1a: Wormadam|48/243|[from] item: Leftovers\n|upkeep\n|turn|10\n|\n|t:|1769424386\n|switch|p1a: Staraptor|Staraptor, L80, M|267/267\n|move|p2a: Ninjask|Aerial Ace|p1a: Staraptor\n|-damage|p1a: Staraptor|191/267\n|\n|upkeep\n|turn|11\n|\n|t:|1769424395\n|move|p2a: Ninjask|Aerial Ace|p1a: Staraptor\n|-damage|p1a: Staraptor|106/267\n|move|p1a: Staraptor|U-turn|p2a: Ninjask\n|-resisted|p2a: Ninjask\n|-damage|p2a: Ninjask|106/251\n|\n|t:|1769424423\n|switch|p1a: Zebstrika|Zebstrika, L88, F|275/275|[from] U-turn\n|\n|upkeep\n|turn|12\n|\n|t:|1769424431\n|switch|p1a: Lunatone|Lunatone, L93|318/318\n|-zpower|p2a: Ninjask\n|move|p2a: Ninjask|Tectonic Rage|p1a: Lunatone|[zeffect]\n|-immune|p1a: Lunatone|[from] ability: Levitate\n|\n|upkeep\n|turn|13\n|\n|t:|1769424442\n|move|p2a: Ninjask|Leech Life|p1a: Lunatone\n|-supereffective|p1a: Lunatone\n|-damage|p1a: Lunatone|118/318\n|-heal|p2a: Ninjask|206/251|[from] drain|[of] p1a: Lunatone\n|move|p1a: Lunatone|Power Gem|p2a: Ninjask\n|-supereffective|p2a: Ninjask\n|-damage|p2a: Ninjask|0 fnt\n|faint|p2a: Ninjask\n|\n|upkeep\n|\n|t:|1769424453\n|switch|p2a: Carbink|Carbink, L92|241/241\n|-damage|p2a: Carbink|211/241|[from] Stealth Rock\n|turn|14\n|\n|t:|1769424464\n|switch|p1a: Wormadam|Wormadam-Trash, L86, F|48/243\n|move|p2a: Carbink|Stealth Rock|p1a: Wormadam\n|-sidestart|p1: CMONMANE|move: Stealth Rock\n|\n|-heal|p2a: Carbink|226/241|[from] item: Leftovers\n|-heal|p1a: Wormadam|63/243|[from] item: Leftovers\n|upkeep\n|turn|15\n|\n|t:|1769424479\n|switch|p2a: Conkeldurr|Conkeldurr, L81, M|303/303\n|-damage|p2a: Conkeldurr|285/303|[from] Stealth Rock\n|move|p1a: Wormadam|Flash Cannon|p2a: Conkeldurr\n|-damage|p2a: Conkeldurr|203/303\n|\n|-heal|p1a: Wormadam|78/243|[from] item: Leftovers\n|-status|p2a: Conkeldurr|brn|[from] item: Flame Orb\n|upkeep\n|turn|16\n|\n|t:|1769424490\n|move|p1a: Wormadam|Protect|p1a: Wormadam\n|-singleturn|p1a: Wormadam|Protect\n|move|p2a: Conkeldurr|Drain Punch|p1a: Wormadam\n|-activate|p1a: Wormadam|move: Protect\n|\n|-heal|p1a: Wormadam|93/243|[from] item: Leftovers\n|-damage|p2a: Conkeldurr|185/303 brn|[from] brn\n|upkeep\n|turn|17\n|\n|t:|1769424497\n|move|p2a: Conkeldurr|Drain Punch|p1a: Wormadam\n|-damage|p1a: Wormadam|0 fnt\n|-heal|p2a: Conkeldurr|232/303 brn|[from] drain|[of] p1a: Wormadam\n|faint|p1a: Wormadam\n|\n|-damage|p2a: Conkeldurr|214/303 brn|[from] brn\n|upkeep\n|\n|t:|1769424508\n|switch|p1a: Lunatone|Lunatone, L93|118/318\n|-damage|p1a: Lunatone|79/318|[from] Stealth Rock\n|turn|18\n|\n|t:|1769424516\n|move|p2a: Conkeldurr|Mach Punch|p1a: Lunatone\n|-damage|p1a: Lunatone|0 fnt\n|faint|p1a: Lunatone\n|\n|-damage|p2a: Conkeldurr|196/303 brn|[from] brn\n|upkeep\n|\n|t:|1769424522\n|switch|p1a: Bellossom|Bellossom, L88, F|224/275 tox\n|-damage|p1a: Bellossom|190/275 tox|[from] Stealth Rock\n|turn|19\n|\n|t:|1769424527\n|move|p1a: Bellossom|Strength Sap|p2a: Conkeldurr\n|-unboost|p2a: Conkeldurr|atk|1\n|-heal|p1a: Bellossom|275/275 tox\n|move|p2a: Conkeldurr|Drain Punch|p1a: Bellossom\n|-damage|p1a: Bellossom|188/275 tox\n|-heal|p2a: Conkeldurr|240/303 brn|[from] drain|[of] p1a: Bellossom\n|\n|-heal|p1a: Bellossom|205/275 tox|[from] item: Leftovers\n|-damage|p1a: Bellossom|188/275 tox|[from] psn\n|-damage|p2a: Conkeldurr|222/303 brn|[from] brn\n|upkeep\n|turn|20\n|\n|t:|1769424538\n|move|p1a: Bellossom|Giga Drain|p2a: Conkeldurr\n|-damage|p2a: Conkeldurr|111/303 brn\n|-heal|p1a: Bellossom|244/275 tox|[from] drain|[of] p2a: Conkeldurr\n|move|p2a: Conkeldurr|Knock Off|p1a: Bellossom\n|-damage|p1a: Bellossom|164/275 tox\n|-enditem|p1a: Bellossom|Leftovers|[from] move: Knock Off|[of] p2a: Conkeldurr\n|\n|-damage|p1a: Bellossom|130/275 tox|[from] psn\n|-damage|p2a: Conkeldurr|93/303 brn|[from] brn\n|upkeep\n|turn|21\n|\n|t:|1769424543\n|move|p2a: Conkeldurr|Mach Punch|p1a: Bellossom\n|-damage|p1a: Bellossom|81/275 tox\n|move|p1a: Bellossom|Strength Sap|p2a: Conkeldurr\n|-unboost|p2a: Conkeldurr|atk|1\n|-heal|p1a: Bellossom|263/275 tox\n|\n|-damage|p1a: Bellossom|212/275 tox|[from] psn\n|-damage|p2a: Conkeldurr|75/303 brn|[from] brn\n|upkeep\n|turn|22\n|\n|t:|1769424549\n|move|p2a: Conkeldurr|Mach Punch|p1a: Bellossom\n|-damage|p1a: Bellossom|173/275 tox\n|move|p1a: Bellossom|Giga Drain|p2a: Conkeldurr\n|-damage|p2a: Conkeldurr|0 fnt\n|-heal|p1a: Bellossom|211/275 tox|[from] drain|[of] p2a: Conkeldurr\n|faint|p2a: Conkeldurr\n|\n|-damage|p1a: Bellossom|143/275 tox|[from] psn\n|upkeep\n|\n|t:|1769424557\n|switch|p2a: Groudon|Groudon, L74|270/270\n|-damage|p2a: Groudon|254/270|[from] Stealth Rock\n|-weather|SunnyDay|[from] ability: Drought|[of] p2a: Groudon\n|turn|23\n|\n|t:|1769424577\n|switch|p1a: Staraptor|Staraptor, L80, M|106/267\n|-damage|p1a: Staraptor|40/267|[from] Stealth Rock\n|move|p2a: Groudon|Fire Punch|p1a: Staraptor\n|-damage|p1a: Staraptor|0 fnt\n|faint|p1a: Staraptor\n|\n|-weather|SunnyDay|[upkeep]\n|-heal|p2a: Groudon|270/270|[from] item: Leftovers\n|upkeep\n|\n|t:|1769424580\n|switch|p1a: Bellossom|Bellossom, L88, F|143/275 tox\n|-damage|p1a: Bellossom|109/275 tox|[from] Stealth Rock\n|turn|24\n|\n|t:|1769424585\n|move|p1a: Bellossom|Strength Sap|p2a: Groudon\n|-unboost|p2a: Groudon|atk|1\n|-heal|p1a: Bellossom|275/275 tox\n|move|p2a: Groudon|Fire Punch|p1a: Bellossom\n|-supereffective|p1a: Bellossom\n|-damage|p1a: Bellossom|173/275 tox\n|\n|-weather|SunnyDay|[upkeep]\n|-damage|p1a: Bellossom|156/275 tox|[from] psn\n|upkeep\n|turn|25\n|\n|t:|1769424595\n|move|p1a: Bellossom|Giga Drain|p2a: Groudon\n|-supereffective|p2a: Groudon\n|-damage|p2a: Groudon|70/270\n|-heal|p1a: Bellossom|256/275 tox|[from] drain|[of] p2a: Groudon\n|move|p2a: Groudon|Swords Dance|p2a: Groudon\n|-boost|p2a: Groudon|atk|2\n|\n|-weather|SunnyDay|[upkeep]\n|-heal|p2a: Groudon|86/270|[from] item: Leftovers\n|-damage|p1a: Bellossom|222/275 tox|[from] psn\n|upkeep\n|turn|26\n|\n|t:|1769424600\n|move|p1a: Bellossom|Giga Drain|p2a: Groudon\n|-supereffective|p2a: Groudon\n|-damage|p2a: Groudon|0 fnt\n|-heal|p1a: Bellossom|265/275 tox|[from] drain|[of] p2a: Groudon\n|faint|p2a: Groudon\n|\n|-weather|SunnyDay|[upkeep]\n|-damage|p1a: Bellossom|214/275 tox|[from] psn\n|upkeep\n|\n|t:|1769424615\n|switch|p2a: Carbink|Carbink, L92|226/241\n|-damage|p2a: Carbink|196/241|[from] Stealth Rock\n|turn|27\n|\n|t:|1769424625\n|move|p1a: Bellossom|Giga Drain|p2a: Carbink\n|-supereffective|p2a: Carbink\n|-damage|p2a: Carbink|94/241\n|-heal|p1a: Bellossom|265/275 tox|[from] drain|[of] p2a: Carbink\n|move|p2a: Carbink|Moonblast|p1a: Bellossom\n|-damage|p1a: Bellossom|204/275 tox\n|\n|-weather|none\n|-heal|p2a: Carbink|109/241|[from] item: Leftovers\n|-damage|p1a: Bellossom|136/275 tox|[from] psn\n|upkeep\n|turn|28\n|\n|t:|1769424633\n|switch|p1a: Delcatty|Delcatty, L99, F|299/299\n|-damage|p1a: Delcatty|262/299|[from] Stealth Rock\n|move|p2a: Carbink|Moonblast|p1a: Delcatty\n|-damage|p1a: Delcatty|169/299\n|-unboost|p1a: Delcatty|spa|1\n|\n|-heal|p2a: Carbink|124/241|[from] item: Leftovers\n|upkeep\n|turn|29\n|\n|t:|1769424640\n|move|p1a: Delcatty|Toxic|p2a: Carbink\n|-status|p2a: Carbink|tox\n|move|p2a: Carbink|Moonblast|p1a: Delcatty\n|-damage|p1a: Delcatty|72/299\n|\n|-heal|p2a: Carbink|139/241 tox|[from] item: Leftovers\n|-damage|p2a: Carbink|124/241 tox|[from] psn\n|upkeep\n|turn|30\n|\n|t:|1769424655\n|move|p1a: Delcatty|Stomping Tantrum|p2a: Carbink\n|-supereffective|p2a: Carbink\n|-damage|p2a: Carbink|54/241 tox\n|move|p2a: Carbink|Moonblast|p1a: Delcatty\n|-damage|p1a: Delcatty|0 fnt\n|faint|p1a: Delcatty\n|\n|-heal|p2a: Carbink|69/241 tox|[from] item: Leftovers\n|-damage|p2a: Carbink|39/241 tox|[from] psn\n|upkeep\n|\n|t:|1769424668\n|switch|p1a: Bellossom|Bellossom, L88, F|136/275 tox\n|-damage|p1a: Bellossom|102/275 tox|[from] Stealth Rock\n|turn|31\n|\n|t:|1769424672\n|move|p2a: Carbink|Moonblast|p1a: Bellossom\n|-damage|p1a: Bellossom|36/275 tox\n|-unboost|p1a: Bellossom|spa|1\n|move|p1a: Bellossom|Quiver Dance|p1a: Bellossom\n|-boost|p1a: Bellossom|spa|1\n|-boost|p1a: Bellossom|spd|1\n|-boost|p1a: Bellossom|spe|1\n|\n|-heal|p2a: Carbink|54/241 tox|[from] item: Leftovers\n|-damage|p1a: Bellossom|19/275 tox|[from] psn\n|-damage|p2a: Carbink|9/241 tox|[from] psn\n|upkeep\n|turn|32\n|\n|t:|1769424675\n|move|p1a: Bellossom|Strength Sap|p2a: Carbink\n|-unboost|p2a: Carbink|atk|1\n|-heal|p1a: Bellossom|116/275 tox\n|move|p2a: Carbink|Moonblast|p1a: Bellossom\n|-damage|p1a: Bellossom|73/275 tox\n|\n|-heal|p2a: Carbink|24/241 tox|[from] item: Leftovers\n|-damage|p1a: Bellossom|39/275 tox|[from] psn\n|-damage|p2a: Carbink|0 fnt|[from] psn\n|faint|p2a: Carbink\n|upkeep\n|\n|t:|1769424677\n|switch|p2a: Pikachu|Pikachu, L93, F|216/216\n|-damage|p2a: Pikachu|189/216|[from] Stealth Rock\n|turn|33\n|\n|t:|1769424687\n|move|p2a: Pikachu|Extreme Speed|p1a: Bellossom\n|-damage|p1a: Bellossom|0 fnt\n|faint|p1a: Bellossom\n|\n|upkeep\n|\n|t:|1769424690\n|switch|p1a: Zebstrika|Zebstrika, L88, F|275/275\n|-damage|p1a: Zebstrika|241/275|[from] Stealth Rock\n|turn|34\n|\n|t:|1769424696\n|move|p2a: Pikachu|Extreme Speed|p1a: Zebstrika\n|-damage|p1a: Zebstrika|123/275\n|move|p1a: Zebstrika|Overheat|p2a: Pikachu\n|-damage|p2a: Pikachu|11/216\n|-unboost|p1a: Zebstrika|spa|2\n|\n|upkeep\n|turn|35\n|c|☆CMONMANE|gg\n|\n|t:|1769424707\n|move|p2a: Pikachu|Extreme Speed|p1a: Zebstrika\n|-damage|p1a: Zebstrika|1/275\n|move|p1a: Zebstrika|Overheat|p2a: Pikachu\n|-damage|p2a: Pikachu|0 fnt\n|-unboost|p1a: Zebstrika|spa|2\n|faint|p2a: Pikachu\n|\n|win|CMONMANE\n|raw|CMONMANE's rating: 1611 &rarr; <strong>1635</strong><br />(+24 for winning)\n|raw|xxfairykingxx's rating: 1678 &rarr; <strong>1654</strong><br />(-24 for losing)\n|l|☆xxfairykingxx\n|player|p2|\n|c|☆CMONMANE|wow\n", "inputlog": ">version b99ff0165a6231f17e8b78c2a78d1998375de664\n>start {\"formatid\":\"gen7randombattle\",\"seed\":\"sodium,54b19a5f9153da3469ff1e4038465d35\",\"rated\":\"Rated battle\"}\n>player p1 {\"name\":\"CMONMANE\",\"avatar\":\"unknown\",\"rating\":1611,\"seed\":\"sodium,d43a4291454ff2cb685f23b3edb7ee60\"}\n>player p2 {\"name\":\"xxfairykingxx\",\"avatar\":\"preschoolerf\",\"rating\":1678,\"seed\":\"sodium,38c38ab6fe1dfd98664ca0ed247c9cd5\"}\n>p1 move toxic\n>p2 move scald\n>p1 move stealthrock\n>p2 move scald\n>p1 move protect\n>p2 move wish\n>p1 switch 3\n>p2 move scald\n>p1 move quiverdance\n>p2 move toxic\n>p1 move gigadrain\n>p2 move protect\n>p1 move gigadrain\n>p2 move scald\n>p2 switch 6\n>p1 switch 3\n>p2 move leechlife\n>p1 move protect\n>p2 move leechlife\n>p1 switch 2\n>p2 move aerialace\n>p1 move uturn\n>p2 move aerialace\n>p1 switch 4\n>p1 switch 6\n>p2 move dig zmove\n>p1 move powergem\n>p2 move leechlife\n>p2 switch 2\n>p1 switch 2\n>p2 move stealthrock\n>p1 move flashcannon\n>p2 switch 5\n>p1 move protect\n>p2 move drainpunch\n>p1 move flashcannon\n>p2 move drainpunch\n>p1 switch 2\n>p1 move earthpower\n>p2 move machpunch\n>p1 switch 3\n>p1 move strengthsap\n>p2 move drainpunch\n>p1 move gigadrain\n>p2 move knockoff\n>p1 move strengthsap\n>p2 move machpunch\n>p1 move gigadrain\n>p2 move machpunch\n>p2 switch 4\n>p1 switch 4\n>p2 move firepunch\n>p1 switch 4\n>p1 move strengthsap\n>p2 move firepunch\n>p1 move gigadrain\n>p2 move swordsdance\n>p1 move gigadrain\n>p2 move firepunch\n>p2 switch 5\n>p1 move gigadrain\n>p2 move moonblast\n>p1 switch 5\n>p2 move moonblast\n>p1 move toxic\n>p2 move moonblast\n>p1 move stompingtantrum\n>p2 move moonblast\n>p1 switch 5\n>p1 move quiverdance\n>p2 move moonblast\n>p1 move strengthsap\n>p2 move moonblast\n>p2 switch 3\n>p1 move strengthsap\n>p2 move extremespeed\n>p1 switch 6\n>p1 move overheat\n>p2 move extremespeed\n>chat ☆CMONMANE|gg\n>p1 move overheat\n>p2 move extremespeed", "uploadtime": 1769424719, "views": 176, "formatid": "gen7randombattle", "rating": 1635, "private": 0, "password": null}