{"id": "gen7randombattle-2525471228", "format": "[Gen 7] Random Battle", "players": ["La.Hellhound", "ytte"], "log": "|j|‽La.Hellhound\n|j|☆ytte\n|t:|1769285219\n|gametype|singles\n|player|p1|La.Hellhound|alder|1635\n|player|p2|ytte|169|1583\n|gen|7\n|tier|[Gen 7] Random Battle\n|rated|\n|rule|Sleep Clause Mod: Limit one foe put to sleep\n|rule|HP Percentage Mod: HP is shown in percentages\n|rule|Illusion Level Mod: Illusion disguises the Pokémon's true level\n|\n|t:|1769285219\n|teamsize|p1|6\n|teamsize|p2|6\n|start\n|switch|p1a: Zekrom|Zekrom, L74|270/270\n|switch|p2a: Gallade|Gallade, L77, M|231/231\n|-ability|p1a: Zekrom|Teravolt\n|turn|1\n|inactive|Battle timer is ON: inactive players will automatically lose when time's up. (requested by ytte)\n|inactive|La.Hellhound also wants the timer to be on.\n|inactive|La.Hellhound has 120 seconds left.\n|inactive|La.Hellhound has 90 seconds left.\n|inactive|La.Hellhound has 60 seconds left.\n|\n|t:|1769285336\n|detailschange|p2a: Gallade|Gallade-Mega, L77, M\n|-mega|p2a: Gallade|Gallade|Galladite\n|move|p2a: Gallade|Close Combat|p1a: Zekrom\n|-damage|p1a: Zekrom|137/270\n|-unboost|p2a: Gallade|def|1\n|-unboost|p2a: Gallade|spd|1\n|move|p1a: Zekrom|Volt Switch|p2a: Gallade\n|-crit|p2a: Gallade\n|-damage|p2a: Gallade|90/231\n|inactive|La.Hellhound has 90 seconds left.\n|\n|t:|1769285361\n|switch|p1a: Sunflora|Sunflora, M|312/312|[from] Volt Switch\n|\n|upkeep\n|turn|2\n|inactive|ytte has 120 seconds left.\n|\n|t:|1769285407\n|switch|p2a: Mienshao|Mienshao, L83, M|243/243\n|move|p1a: Sunflora|Sunny Day|p1a: Sunflora\n|-weather|SunnyDay\n|\n|-weather|SunnyDay|[upkeep]\n|upkeep\n|turn|3\n|inactive|La.Hellhound has 90 seconds left.\n|\n|t:|1769285424\n|move|p2a: Mienshao|Fake Out|p1a: Sunflora\n|-damage|p1a: Sunflora|274/312\n|cant|p1a: Sunflora|flinch\n|\n|-weather|SunnyDay|[upkeep]\n|upkeep\n|turn|4\n|inactive|La.Hellhound has 90 seconds left.\n|\n|t:|1769285435\n|move|p1a: Sunflora|Solar Beam||[still]\n|-prepare|p1a: Sunflora|Solar Beam\n|-anim|p1a: Sunflora|Solar Beam|p2a: Mienshao\n|-damage|p2a: Mienshao|5/243\n|-damage|p1a: Sunflora|243/312|[from] item: Life Orb\n|move|p2a: Mienshao|U-turn|p1a: Sunflora\n|-supereffective|p1a: Sunflora\n|-damage|p1a: Sunflora|113/312\n|\n|t:|1769285454\n|switch|p2a: Wailord|Wailord, L94, M|471/471|[from] U-turn\n|\n|-weather|SunnyDay|[upkeep]\n|upkeep\n|turn|5\n|inactive|La.Hellhound has 90 seconds left.\n|\n|t:|1769285484\n|move|p2a: Wailord|Ice Beam|p1a: Sunflora\n|-supereffective|p1a: Sunflora\n|-damage|p1a: Sunflora|0 fnt\n|faint|p1a: Sunflora\n|\n|-weather|SunnyDay|[upkeep]\n|upkeep\n|\n|t:|1769285504\n|switch|p1a: Solgaleo|Solgaleo, L73|320/320\n|turn|6\n|inactive|ytte has 120 seconds left.\n|\n|t:|1769285526\n|switch|p2a: Komala|Komala, L88, F|258/258\n|-ability|p2a: Komala|Comatose\n|move|p1a: Solgaleo|Sunsteel Strike|p2a: Komala\n|-damage|p2a: Komala|59/258\n|\n|-weather|none\n|upkeep\n|turn|7\n|\n|t:|1769285537\n|move|p1a: Solgaleo|Sunsteel Strike|p2a: Komala\n|-damage|p2a: Komala|0 fnt\n|faint|p2a: Komala\n|\n|upkeep\n|\n|t:|1769285556\n|switch|p2a: Mienshao|Mienshao, L83, M|86/243\n|turn|8\n|inactive|La.Hellhound has 60 seconds left.\n|\n|t:|1769285591\n|move|p2a: Mienshao|Fake Out|p1a: Solgaleo\n|-resisted|p1a: Solgaleo\n|-damage|p1a: Solgaleo|303/320\n|cant|p1a: Solgaleo|flinch\n|\n|upkeep\n|turn|9\n|inactive|La.Hellhound has 60 seconds left.\n|\n|t:|1769285597\n|move|p2a: Mienshao|U-turn|p1a: Solgaleo\n|-damage|p1a: Solgaleo|248/320\n|\n|t:|1769285609\n|switch|p2a: Gallade|Gallade-Mega, L77, M|90/231|[from] U-turn\n|move|p1a: Solgaleo|Sunsteel Strike|p2a: Gallade\n|-damage|p2a: Gallade|0 fnt\n|faint|p2a: Gallade\n|detailschange|p2: Gallade|Gallade, L77, M|[silent]\n|\n|upkeep\n|\n|t:|1769285623\n|switch|p2a: Palkia|Palkia, L75|259/259\n|-ability|p2a: Palkia|Pressure\n|turn|10\n|\n|t:|1769285629\n|switch|p1a: Uxie|Uxie, L82|257/257\n|move|p2a: Palkia|Fire Blast|p1a: Uxie\n|-damage|p1a: Uxie|191/257\n|\n|-heal|p1a: Uxie|207/257|[from] item: Leftovers\n|upkeep\n|turn|11\n|\n|t:|1769285637\n|move|p1a: Uxie|Thunder Wave|p2a: Palkia|[miss]\n|-miss|p1a: Uxie|p2a: Palkia\n|move|p2a: Palkia|Thunder Wave|p1a: Uxie\n|-status|p1a: Uxie|par\n|\n|-heal|p1a: Uxie|223/257 par|[from] item: Leftovers\n|upkeep\n|turn|12\n|\n|t:|1769285645\n|switch|p2a: Stakataka|Stakataka, L83|237/237\n|-item|p2a: Stakataka|Air Balloon\n|move|p1a: Uxie|Thunder Wave|p2a: Stakataka\n|-status|p2a: Stakataka|par\n|\n|-heal|p1a: Uxie|239/257 par|[from] item: Leftovers\n|upkeep\n|turn|13\n|inactive|La.Hellhound has 90 seconds left.\n|\n|t:|1769285656\n|move|p1a: Uxie|U-turn|p2a: Stakataka\n|-resisted|p2a: Stakataka\n|-damage|p2a: Stakataka|228/237 par\n|-enditem|p2a: Stakataka|Air Balloon\n|\n|t:|1769285660\n|switch|p1a: Spinda|Spinda, L99, M|279/279|[from] U-turn\n|move|p2a: Stakataka|Trick Room|p2a: Stakataka\n|-fieldstart|move: Trick Room|[of] p2a: Stakataka\n|\n|upkeep\n|turn|14\n|\n|t:|1769285668\n|move|p2a: Stakataka|Superpower|p1a: Spinda\n|-supereffective|p1a: Spinda\n|-damage|p1a: Spinda|33/279\n|-unboost|p2a: Stakataka|atk|1\n|-unboost|p2a: Stakataka|def|1\n|move|p1a: Spinda|Superpower|p2a: Stakataka\n|-supereffective|p2a: Stakataka\n|-damage|p2a: Stakataka|0 fnt\n|-boost|p1a: Spinda|atk|1\n|-boost|p1a: Spinda|def|1\n|faint|p2a: Stakataka\n|\n|-heal|p1a: Spinda|50/279|[from] item: Leftovers\n|upkeep\n|-message|ytte forfeited.\n|\n|win|La.Hellhound\n|raw|La.Hellhound's rating: 1635 &rarr; <strong>1652</strong><br />(+17 for winning)\n|raw|ytte's rating: 1583 &rarr; <strong>1566</strong><br />(-17 for losing)\n|l|☆ytte\n|player|p2|\n", "inputlog": ">version b99ff0165a6231f17e8b78c2a78d1998375de664\n>start {\"formatid\":\"gen7randombattle\",\"seed\":\"sodium,51dabed2d5143f4030436afd0ae6cdec\",\"rated\":\"Rated battle\"}\n>player p1 {\"name\":\"La.Hellhound\",\"avatar\":\"alder\",\"rating\":1635,\"seed\":\"sodium,28a17c61d05636d82aa28177a882a951\"}\n>player p2 {\"name\":\"ytte\",\"avatar\":\"169\",\"rating\":1583,\"seed\":\"sodium,7cc9fe240da7acd1d0a7bd213ae3eb67\"}\n>p1 move voltswitch\n>p2 move closecombat mega\n>p1 switch 3\n>p1 move sunnyday\n>p2 switch 6\n>p1 move solarbeam\n>p2 move fakeout\n>p1 move solarbeam\n>p2 move uturn\n>p2 switch 3\n>p1 move solarbeam\n>p2 move icebeam\n>p1 switch 2\n>p1 move sunsteelstrike\n>p2 switch 5\n>p1 move sunsteelstrike\n>p2 move knockoff\n>p2 switch 3\n>p1 move sunsteelstrike\n>p2 move fakeout\n>p1 move sunsteelstrike\n>p2 move uturn\n>p2 switch 6\n>p2 switch 2\n>p1 switch 4\n>p2 move fireblast\n>p1 move thunderwave\n>p2 move thunderwave\n>p1 move thunderwave\n>p2 switch 4\n>p1 move uturn\n>p2 move trickroom\n>p1 switch 6\n>p1 move superpower\n>p2 move superpower\n>forcelose p2", "uploadtime": 1769285682, "views": 212, "formatid": "gen7randombattle", "rating": 1566, "private": 0, "password": null}