{"id": "gen7randombattle-2537598924", "format": "[Gen 7] Random Battle", "players": ["killmonger1397", "lourio919"], "log": "|j|☆killmonger1397\n|j|☆lourio919\n|t:|1770830806\n|gametype|singles\n|player|p1|killmonger1397|265|1623\n|player|p2|lourio919|265|1561\n|gen|7\n|tier|[Gen 7] Random Battle\n|rated|\n|rule|Sleep Clause Mod: Limit one foe put to sleep\n|rule|HP Percentage Mod: HP is shown in percentages\n|rule|Illusion Level Mod: Illusion disguises the Pokémon's true level\n|\n|t:|1770830806\n|teamsize|p1|6\n|teamsize|p2|6\n|start\n|switch|p1a: Rampardos|Rampardos, L88, M|314/314\n|switch|p2a: Lugia|Lugia, L71|268/268\n|turn|1\n|inactive|Battle timer is ON: inactive players will automatically lose when time's up. (requested by killmonger1397)\n|inactive|killmonger1397 has 120 seconds left.\n|inactive|killmonger1397 has 90 seconds left.\n|\n|t:|1770830891\n|switch|p2a: Aggron|Aggron, L81, F|246/246\n|move|p1a: Rampardos|Rock Slide|p2a: Aggron\n|-resisted|p2a: Aggron\n|-damage|p2a: Aggron|182/246\n|\n|upkeep\n|turn|2\n|\n|t:|1770830907\n|switch|p1a: Buzzwole|Buzzwole, L79|299/299\n|detailschange|p2a: Aggron|Aggron-Mega, L81, F\n|-mega|p2a: Aggron|Aggron|Aggronite\n|move|p2a: Aggron|Heavy Slam|p1a: Buzzwole\n|-damage|p1a: Buzzwole|257/299\n|\n|upkeep\n|turn|3\n|inactive|killmonger1397 has 120 seconds left.\n|\n|t:|1770830928\n|move|p1a: Buzzwole|Drain Punch|p2a: Aggron\n|-supereffective|p2a: Aggron\n|-damage|p2a: Aggron|118/246\n|-heal|p1a: Buzzwole|289/299|[from] drain|[of] p2a: Aggron\n|move|p2a: Aggron|Stone Edge|p1a: Buzzwole\n|-damage|p1a: Buzzwole|223/299\n|\n|upkeep\n|turn|4\n|\n|t:|1770830945\n|switch|p2a: Lugia|Lugia, L71|268/268\n|move|p1a: Buzzwole|Drain Punch|p2a: Lugia\n|-resisted|p2a: Lugia\n|-damage|p2a: Lugia|258/268\n|-heal|p1a: Buzzwole|228/299|[from] drain|[of] p2a: Lugia\n|\n|-heal|p2a: Lugia|268/268|[from] item: Leftovers\n|upkeep\n|turn|5\n|\n|t:|1770830955\n|switch|p1a: Xurkitree|Xurkitree, L80|264/264\n|move|p2a: Lugia|Whirlwind|p1a: Xurkitree\n|drag|p1a: Mudsdale|Mudsdale, L83, M|302/302\n|\n|upkeep\n|turn|6\n|\n|t:|1770830962\n|move|p2a: Lugia|Aeroblast|p1a: Mudsdale\n|-damage|p1a: Mudsdale|227/302\n|-ability|p1a: Mudsdale|Stamina|boost\n|-boost|p1a: Mudsdale|def|1\n|move|p1a: Mudsdale|Toxic|p2a: Lugia\n|-status|p2a: Lugia|tox\n|\n|-heal|p1a: Mudsdale|245/302|[from] item: Leftovers\n|-damage|p2a: Lugia|252/268 tox|[from] psn\n|upkeep\n|turn|7\n|\n|t:|1770830969\n|switch|p2a: Simipour|Simipour, L88, M|275/275\n|move|p1a: Mudsdale|Rock Slide|p2a: Simipour\n|-damage|p2a: Simipour|201/275\n|\n|-heal|p1a: Mudsdale|263/302|[from] item: Leftovers\n|upkeep\n|turn|8\n|\n|t:|1770830976\n|switch|p1a: Snorlax|Snorlax, L83, F|401/401\n|move|p2a: Simipour|Nasty Plot|p2a: Simipour\n|-boost|p2a: Simipour|spa|2\n|\n|upkeep\n|turn|9\n|\n|t:|1770830987\n|move|p2a: Simipour|Hydro Pump|p1a: Snorlax\n|-damage|p1a: Snorlax|101/401\n|-damage|p2a: Simipour|174/275|[from] item: Life Orb\n|move|p1a: Snorlax|Return|p2a: Simipour\n|-damage|p2a: Simipour|36/275\n|\n|-heal|p1a: Snorlax|126/401|[from] item: Leftovers\n|upkeep\n|turn|10\n|\n|t:|1770830992\n|move|p2a: Simipour|Ice Beam|p1a: Snorlax\n|-damage|p1a: Snorlax|48/401\n|-damage|p2a: Simipour|9/275|[from] item: Life Orb\n|move|p1a: Snorlax|Return|p2a: Simipour\n|-damage|p2a: Simipour|0 fnt\n|faint|p2a: Simipour\n|\n|-heal|p1a: Snorlax|73/401|[from] item: Leftovers\n|upkeep\n|\n|t:|1770831003\n|switch|p2a: Galvantula|Galvantula, L80, F|243/243\n|turn|11\n|\n|t:|1770831009\n|move|p2a: Galvantula|Sticky Web|p1a: Snorlax\n|-sidestart|p1: killmonger1397|move: Sticky Web\n|move|p1a: Snorlax|Return|p2a: Galvantula\n|-damage|p2a: Galvantula|75/243\n|\n|-heal|p1a: Snorlax|98/401|[from] item: Leftovers\n|upkeep\n|turn|12\n|\n|t:|1770831013\n|move|p2a: Galvantula|Bug Buzz|p1a: Snorlax\n|-damage|p1a: Snorlax|4/401\n|-damage|p2a: Galvantula|51/243|[from] item: Life Orb\n|move|p1a: Snorlax|Return|p2a: Galvantula\n|-damage|p2a: Galvantula|0 fnt\n|faint|p2a: Galvantula\n|\n|-heal|p1a: Snorlax|29/401|[from] item: Leftovers\n|upkeep\n|\n|t:|1770831024\n|switch|p2a: Armaldo|Armaldo, L89, F|278/278\n|turn|13\n|inactive|killmonger1397 has 120 seconds left.\n|\n|t:|1770831077\n|move|p2a: Armaldo|Swords Dance|p2a: Armaldo\n|-boost|p2a: Armaldo|atk|2\n|move|p1a: Snorlax|Earthquake|p2a: Armaldo\n|-damage|p2a: Armaldo|209/278\n|\n|-heal|p2a: Armaldo|226/278|[from] item: Leftovers\n|-heal|p1a: Snorlax|54/401|[from] item: Leftovers\n|upkeep\n|turn|14\n|\n|t:|1770831090\n|switch|p1a: Mudsdale|Mudsdale, L83, M|263/302\n|-activate|p1a: Mudsdale|move: Sticky Web\n|-unboost|p1a: Mudsdale|spe|1\n|move|p2a: Armaldo|Swords Dance|p2a: Armaldo\n|-boost|p2a: Armaldo|atk|2\n|\n|-heal|p2a: Armaldo|243/278|[from] item: Leftovers\n|-heal|p1a: Mudsdale|281/302|[from] item: Leftovers\n|upkeep\n|turn|15\n|\n|t:|1770831103\n|move|p2a: Armaldo|X-Scissor|p1a: Mudsdale\n|-damage|p1a: Mudsdale|0 fnt\n|faint|p1a: Mudsdale\n|\n|-heal|p2a: Armaldo|260/278|[from] item: Leftovers\n|upkeep\n|\n|t:|1770831115\n|switch|p1a: Buzzwole|Buzzwole, L79|228/299\n|-activate|p1a: Buzzwole|move: Sticky Web\n|-unboost|p1a: Buzzwole|spe|1\n|turn|16\n|\n|t:|1770831121\n|move|p1a: Buzzwole|Iron Head|p2a: Armaldo\n|-supereffective|p2a: Armaldo\n|-damage|p2a: Armaldo|136/278\n|move|p2a: Armaldo|Stone Edge|p1a: Buzzwole\n|-damage|p1a: Buzzwole|0 fnt\n|faint|p1a: Buzzwole\n|\n|-heal|p2a: Armaldo|153/278|[from] item: Leftovers\n|upkeep\n|\n|t:|1770831133\n|switch|p1a: Dunsparce|Dunsparce, L95, M|344/344\n|-activate|p1a: Dunsparce|move: Sticky Web\n|-unboost|p1a: Dunsparce|spe|1\n|turn|17\n|\n|t:|1770831138\n|move|p2a: Armaldo|Stone Edge|p1a: Dunsparce\n|-damage|p1a: Dunsparce|0 fnt\n|faint|p1a: Dunsparce\n|\n|-heal|p2a: Armaldo|170/278|[from] item: Leftovers\n|upkeep\n|\n|t:|1770831141\n|switch|p1a: Xurkitree|Xurkitree, L80|264/264\n|-activate|p1a: Xurkitree|move: Sticky Web\n|-unboost|p1a: Xurkitree|spe|1\n|turn|18\n|\n|t:|1770831147\n|move|p2a: Armaldo|Earthquake|p1a: Xurkitree\n|-supereffective|p1a: Xurkitree\n|-crit|p1a: Xurkitree\n|-damage|p1a: Xurkitree|0 fnt\n|faint|p1a: Xurkitree\n|\n|-heal|p2a: Armaldo|187/278|[from] item: Leftovers\n|upkeep\n|-message|killmonger1397 forfeited.\n|\n|win|lourio919\n|raw|killmonger1397's rating: 1623 &rarr; <strong>1599</strong><br />(-24 for losing)\n|raw|lourio919's rating: 1561 &rarr; <strong>1585</strong><br />(+24 for winning)\n|l|☆killmonger1397\n|player|p1|\n", "inputlog": ">version ccdc32dd7cde25fd9e4bed64820e885f66e78a4e\n>start {\"formatid\":\"gen7randombattle\",\"seed\":\"sodium,4d7d6f6b35f706451a63e3e3de57fb9e\",\"rated\":\"Rated battle\"}\n>player p1 {\"name\":\"killmonger1397\",\"avatar\":\"265\",\"rating\":1623,\"seed\":\"sodium,89cd5d1c72a27e5c99acc1d544091978\"}\n>player p2 {\"name\":\"lourio919\",\"avatar\":\"265\",\"rating\":1561,\"seed\":\"sodium,67878bf358e466441904f24cc6c4a2d2\"}\n>p1 move rockslide\n>p2 switch 5\n>p1 switch 5\n>p2 move heavyslam mega\n>p1 move drainpunch\n>p2 move stoneedge\n>p1 move drainpunch\n>p2 switch 5\n>p1 switch 2\n>p2 move whirlwind\n>p1 move toxic\n>p2 move aeroblast\n>p1 move rockslide\n>p2 switch 2\n>p1 switch 3\n>p2 move nastyplot\n>p1 move return\n>p2 move hydropump\n>p1 move return\n>p2 move icebeam\n>p2 switch 6\n>p1 move return\n>p2 move stickyweb\n>p1 move return\n>p2 move bugbuzz\n>p2 switch 4\n>p1 move earthquake\n>p2 move swordsdance\n>p1 switch 3\n>p2 move swordsdance\n>p1 move toxic\n>p2 move xscissor\n>p1 switch 2\n>p1 move ironhead\n>p2 move stoneedge\n>p1 switch 4\n>p1 move glare\n>p2 move stoneedge\n>p1 switch 6\n>p1 move energyball\n>p2 move earthquake\n>forcelose p1", "uploadtime": 1770831155, "views": 220, "formatid": "gen7randombattle", "rating": 1585, "private": 0, "password": null}