{"id": "gen7randombattle-2525209184", "format": "[Gen 7] Random Battle", "players": ["aurora ltd", "alex938"], "log": "|j|☆aurora ltd\n|j|☆alex938\n|t:|1769249451\n|gametype|singles\n|player|p1|aurora ltd|silver-gen2kanto|1511\n|player|p2|alex938|ethan|1669\n|gen|7\n|tier|[Gen 7] Random Battle\n|rated|\n|rule|Sleep Clause Mod: Limit one foe put to sleep\n|rule|HP Percentage Mod: HP is shown in percentages\n|rule|Illusion Level Mod: Illusion disguises the Pokémon's true level\n|\n|t:|1769249451\n|teamsize|p1|6\n|teamsize|p2|6\n|start\n|switch|p1a: Togedemaru|Togedemaru, L86, F|252/252\n|switch|p2a: Rayquaza|Rayquaza, L69|259/259\n|-ability|p2a: Rayquaza|Air Lock\n|turn|1\n|\n|t:|1769249482\n|switch|p1a: Registeel|Registeel, L83|268/268\n|move|p2a: Rayquaza|V-create|p1a: Registeel\n|-supereffective|p1a: Registeel\n|-damage|p1a: Registeel|98/268\n|-unboost|p2a: Rayquaza|spe|1\n|-unboost|p2a: Rayquaza|def|1\n|-unboost|p2a: Rayquaza|spd|1\n|\n|-heal|p1a: Registeel|114/268|[from] item: Leftovers\n|upkeep\n|turn|2\n|inactive|Battle timer is ON: inactive players will automatically lose when time's up. (requested by alex938)\n|inactive|aurora ltd has 120 seconds left.\n|\n|t:|1769249534\n|switch|p2a: Heatmor|Heatmor, L93, F|309/309\n|move|p1a: Registeel|Curse|p1a: Registeel\n|-unboost|p1a: Registeel|spe|1\n|-boost|p1a: Registeel|atk|1\n|-boost|p1a: Registeel|def|1\n|\n|-heal|p1a: Registeel|130/268|[from] item: Leftovers\n|upkeep\n|turn|3\n|\n|t:|1769249556\n|switch|p1a: Quagsire|Quagsire, L87, F|307/307\n|move|p2a: Heatmor|Fire Blast|p1a: Quagsire\n|-resisted|p1a: Quagsire\n|-damage|p1a: Quagsire|185/307\n|-damage|p2a: Heatmor|279/309|[from] item: Life Orb\n|\n|-heal|p1a: Quagsire|204/307|[from] item: Leftovers\n|upkeep\n|turn|4\n|inactive|aurora ltd has 120 seconds left.\n|\n|t:|1769249578\n|switch|p1a: Tentacruel|Tentacruel, L83, F|268/268\n|move|p2a: Heatmor|Superpower|p1a: Tentacruel\n|-resisted|p1a: Tentacruel\n|-damage|p1a: Tentacruel|182/268\n|-unboost|p2a: Heatmor|atk|1\n|-unboost|p2a: Heatmor|def|1\n|-damage|p2a: Heatmor|249/309|[from] item: Life Orb\n|\n|upkeep\n|turn|5\n|inactive|aurora ltd has 120 seconds left.\n|\n|t:|1769249588\n|switch|p2a: Celesteela|Celesteela, L78|279/279\n|move|p1a: Tentacruel|Scald|p2a: Celesteela\n|-damage|p2a: Celesteela|213/279\n|\n|upkeep\n|turn|6\n|inactive|aurora ltd has 120 seconds left.\n|inactive|aurora ltd has 90 seconds left.\n|\n|t:|1769249632\n|switch|p1a: Registeel|Registeel, L83|130/268\n|move|p2a: Celesteela|Earthquake|p1a: Registeel\n|-supereffective|p1a: Registeel\n|-damage|p1a: Registeel|52/268\n|\n|-heal|p1a: Registeel|68/268|[from] item: Leftovers\n|upkeep\n|turn|7\n|inactive|aurora ltd has 90 seconds left.\n|inactive|alex938 has 120 seconds left.\n|inactive|alex938 has 90 seconds left.\n|\n|t:|1769249701\n|move|p2a: Celesteela|Earthquake|p1a: Registeel\n|-supereffective|p1a: Registeel\n|-damage|p1a: Registeel|0 fnt\n|faint|p1a: Registeel\n|-ability|p2a: Celesteela|Beast Boost|boost\n|-boost|p2a: Celesteela|spa|1\n|\n|upkeep\n|\n|t:|1769249709\n|switch|p1a: Togedemaru|Togedemaru, L86, F|252/252\n|turn|8\n|\n|t:|1769249723\n|move|p1a: Togedemaru|Zing Zap|p2a: Celesteela\n|-supereffective|p2a: Celesteela\n|-damage|p2a: Celesteela|55/279\n|-enditem|p2a: Celesteela|Weakness Policy\n|-boost|p2a: Celesteela|atk|2|[from] item: Weakness Policy\n|-boost|p2a: Celesteela|spa|2|[from] item: Weakness Policy\n|move|p2a: Celesteela|Autotomize|p2a: Celesteela\n|-boost|p2a: Celesteela|spe|2\n|-start|p2a: Celesteela|Autotomize\n|\n|upkeep\n|turn|9\n|\n|t:|1769249735\n|move|p2a: Celesteela|Earthquake|p1a: Togedemaru\n|-supereffective|p1a: Togedemaru\n|-damage|p1a: Togedemaru|0 fnt\n|faint|p1a: Togedemaru\n|-ability|p2a: Celesteela|Beast Boost|boost\n|-boost|p2a: Celesteela|spa|1\n|\n|upkeep\n|\n|t:|1769249741\n|switch|p1a: Quagsire|Quagsire, L87, F|204/307\n|turn|10\n|inactive|alex938 has 120 seconds left.\n|\n|t:|1769249752\n|move|p2a: Celesteela|Air Slash|p1a: Quagsire\n|-damage|p1a: Quagsire|114/307\n|cant|p1a: Quagsire|flinch\n|\n|-heal|p1a: Quagsire|133/307|[from] item: Leftovers\n|upkeep\n|turn|11\n|\n|t:|1769249757\n|move|p2a: Celesteela|Air Slash|p1a: Quagsire\n|-damage|p1a: Quagsire|42/307\n|move|p1a: Quagsire|Recover|p1a: Quagsire\n|-heal|p1a: Quagsire|196/307\n|\n|-heal|p1a: Quagsire|215/307|[from] item: Leftovers\n|upkeep\n|turn|12\n|inactive|aurora ltd has 90 seconds left.\n|\n|t:|1769249763\n|move|p2a: Celesteela|Air Slash|p1a: Quagsire\n|-damage|p1a: Quagsire|125/307\n|move|p1a: Quagsire|Recover|p1a: Quagsire\n|-heal|p1a: Quagsire|279/307\n|\n|-heal|p1a: Quagsire|298/307|[from] item: Leftovers\n|upkeep\n|turn|13\n|\n|t:|1769249772\n|move|p2a: Celesteela|Air Slash|p1a: Quagsire\n|-damage|p1a: Quagsire|208/307\n|move|p1a: Quagsire|Scald|p2a: Celesteela\n|-damage|p2a: Celesteela|0 fnt\n|faint|p2a: Celesteela\n|\n|-heal|p1a: Quagsire|227/307|[from] item: Leftovers\n|upkeep\n|\n|t:|1769249778\n|switch|p2a: Politoed|Politoed, L88, F|302/302\n|-weather|RainDance|[from] ability: Drizzle|[of] p2a: Politoed\n|turn|14\n|inactive|aurora ltd has 90 seconds left.\n|\n|t:|1769249798\n|switch|p1a: Tentacruel|Tentacruel, L83, F|182/268\n|move|p2a: Politoed|Scald|p1a: Tentacruel\n|-resisted|p1a: Tentacruel\n|-damage|p1a: Tentacruel|146/268\n|-status|p1a: Tentacruel|brn\n|\n|-weather|RainDance|[upkeep]\n|-damage|p1a: Tentacruel|130/268 brn|[from] brn\n|upkeep\n|turn|15\n|\n|t:|1769249808\n|move|p1a: Tentacruel|Sludge Bomb|p2a: Politoed\n|-damage|p2a: Politoed|230/302\n|move|p2a: Politoed|Encore|p1a: Tentacruel\n|-start|p1a: Tentacruel|Encore\n|\n|-weather|RainDance|[upkeep]\n|-heal|p2a: Politoed|248/302|[from] item: Leftovers\n|-damage|p1a: Tentacruel|114/268 brn|[from] brn\n|upkeep\n|turn|16\n|\n|t:|1769249816\n|move|p1a: Tentacruel|Sludge Bomb|p2a: Politoed\n|-damage|p2a: Politoed|182/302\n|-status|p2a: Politoed|psn\n|move|p2a: Politoed|Scald|p1a: Tentacruel\n|-resisted|p1a: Tentacruel\n|-damage|p1a: Tentacruel|78/268 brn\n|\n|-weather|RainDance|[upkeep]\n|-heal|p2a: Politoed|200/302 psn|[from] item: Leftovers\n|-damage|p2a: Politoed|163/302 psn|[from] psn\n|-damage|p1a: Tentacruel|62/268 brn|[from] brn\n|upkeep\n|turn|17\n|\n|t:|1769249827\n|move|p1a: Tentacruel|Sludge Bomb|p2a: Politoed\n|-damage|p2a: Politoed|91/302 psn\n|move|p2a: Politoed|Scald|p1a: Tentacruel\n|-resisted|p1a: Tentacruel\n|-damage|p1a: Tentacruel|28/268 brn\n|\n|-weather|RainDance|[upkeep]\n|-heal|p2a: Politoed|109/302 psn|[from] item: Leftovers\n|-damage|p2a: Politoed|72/302 psn|[from] psn\n|-damage|p1a: Tentacruel|12/268 brn|[from] brn\n|upkeep\n|turn|18\n|\n|t:|1769249843\n|move|p1a: Tentacruel|Sludge Bomb|p2a: Politoed\n|-damage|p2a: Politoed|0 fnt\n|faint|p2a: Politoed\n|\n|-weather|none\n|-damage|p1a: Tentacruel|0 fnt|[from] brn\n|faint|p1a: Tentacruel\n|upkeep\n|\n|t:|1769249853\n|switch|p1a: Illumise|Illumise, L92, F|269/269\n|switch|p2a: Heatmor|Heatmor, L93, F|249/309\n|turn|19\n|\n|t:|1769249858\n|switch|p1a: Quagsire|Quagsire, L87, F|227/307\n|move|p2a: Heatmor|Fire Blast|p1a: Quagsire\n|-resisted|p1a: Quagsire\n|-damage|p1a: Quagsire|118/307\n|-damage|p2a: Heatmor|219/309|[from] item: Life Orb\n|\n|-heal|p1a: Quagsire|137/307|[from] item: Leftovers\n|upkeep\n|turn|20\n|\n|t:|1769249868\n|move|p2a: Heatmor|Fire Blast|p1a: Quagsire\n|-resisted|p1a: Quagsire\n|-damage|p1a: Quagsire|19/307\n|-damage|p2a: Heatmor|189/309|[from] item: Life Orb\n|move|p1a: Quagsire|Recover|p1a: Quagsire\n|-heal|p1a: Quagsire|173/307\n|\n|-heal|p1a: Quagsire|192/307|[from] item: Leftovers\n|upkeep\n|turn|21\n|\n|t:|1769249876\n|move|p2a: Heatmor|Giga Drain|p1a: Quagsire\n|-supereffective|p1a: Quagsire\n|-damage|p1a: Quagsire|0 fnt\n|-heal|p2a: Heatmor|285/309|[from] drain|[of] p1a: Quagsire\n|faint|p1a: Quagsire\n|-damage|p2a: Heatmor|255/309|[from] item: Life Orb\n|\n|upkeep\n|\n|t:|1769249884\n|switch|p1a: Porygon-Z|Porygon-Z, L80|267/267\n|turn|22\n|\n|t:|1769249890\n|move|p1a: Porygon-Z|Tri Attack|p2a: Heatmor\n|-damage|p2a: Heatmor|103/309\n|move|p2a: Heatmor|Fire Blast|p1a: Porygon-Z\n|-damage|p1a: Porygon-Z|36/267\n|-damage|p2a: Heatmor|73/309|[from] item: Life Orb\n|\n|upkeep\n|turn|23\n|\n|t:|1769249897\n|move|p2a: Heatmor|Sucker Punch|p1a: Porygon-Z\n|-damage|p1a: Porygon-Z|0 fnt\n|faint|p1a: Porygon-Z\n|-damage|p2a: Heatmor|43/309|[from] item: Life Orb\n|\n|upkeep\n|\n|t:|1769249905\n|switch|p1a: Illumise|Illumise, L92, F|269/269\n|turn|24\n|\n|t:|1769249909\n|move|p1a: Illumise|Bug Buzz|p2a: Heatmor\n|-resisted|p2a: Heatmor\n|-damage|p2a: Heatmor|0 fnt\n|faint|p2a: Heatmor\n|\n|upkeep\n|\n|t:|1769249913\n|switch|p2a: Rayquaza|Rayquaza, L69|259/259\n|-ability|p2a: Rayquaza|Air Lock\n|turn|25\n|\n|t:|1769249920\n|move|p1a: Illumise|Bug Buzz|p2a: Rayquaza\n|-resisted|p2a: Rayquaza\n|-damage|p2a: Rayquaza|207/259\n|-unboost|p2a: Rayquaza|spd|1\n|move|p2a: Rayquaza|V-create|p1a: Illumise\n|-supereffective|p1a: Illumise\n|-damage|p1a: Illumise|17/269\n|-unboost|p2a: Rayquaza|spe|1\n|-unboost|p2a: Rayquaza|def|1\n|-unboost|p2a: Rayquaza|spd|1\n|\n|-heal|p1a: Illumise|33/269|[from] item: Leftovers\n|upkeep\n|turn|26\n|\n|t:|1769249933\n|move|p1a: Illumise|Bug Buzz|p2a: Rayquaza\n|-resisted|p2a: Rayquaza\n|-damage|p2a: Rayquaza|99/259\n|move|p2a: Rayquaza|V-create|p1a: Illumise\n|-supereffective|p1a: Illumise\n|-damage|p1a: Illumise|0 fnt\n|-unboost|p2a: Rayquaza|spe|1\n|-unboost|p2a: Rayquaza|def|1\n|-unboost|p2a: Rayquaza|spd|1\n|faint|p1a: Illumise\n|\n|win|alex938\n|raw|aurora ltd's rating: 1511 &rarr; <strong>1500</strong><br />(-11 for losing)\n|raw|alex938's rating: 1669 &rarr; <strong>1680</strong><br />(+11 for winning)\n", "inputlog": ">version b99ff0165a6231f17e8b78c2a78d1998375de664\n>start {\"formatid\":\"gen7randombattle\",\"seed\":\"sodium,b9757abdde1b854f4335d594127288f5\",\"rated\":\"Rated battle\"}\n>player p1 {\"name\":\"aurora ltd\",\"avatar\":\"silver-gen2kanto\",\"rating\":1511,\"seed\":\"sodium,55e09deb809c66ce5321c78dc212dbae\"}\n>player p2 {\"name\":\"alex938\",\"avatar\":\"ethan\",\"rating\":1669,\"seed\":\"sodium,9effe70f7a2176416dac02a23a73b006\"}\n>p1 switch 6\n>p2 move vcreate\n>p1 move curse\n>p2 switch 4\n>p1 switch 5\n>p2 move fireblast\n>p1 switch 4\n>p2 move superpower\n>p1 move scald\n>p2 switch 5\n>p1 switch 5\n>p2 move earthquake\n>p1 move rest\n>p2 move earthquake\n>p1 switch 6\n>p1 move zingzap\n>p2 move autotomize\n>p1 move zingzap\n>p2 move earthquake\n>p1 switch 4\n>p1 move recover\n>p2 move airslash\n>p1 move recover\n>p2 move airslash\n>p1 move recover\n>p2 move airslash\n>p1 move scald\n>p2 move airslash\n>p2 switch 3\n>p1 switch 5\n>p2 move scald\n>p1 move sludgebomb\n>p2 move encore\n>p1 move sludgebomb\n>p2 move scald\n>p1 move sludgebomb\n>p2 move scald\n>p1 move sludgebomb\n>p2 move scald\n>p1 switch 3\n>p2 switch 5\n>p1 switch 5\n>p2 move fireblast\n>p1 move recover\n>p2 move fireblast\n>p1 move recover\n>p2 move gigadrain\n>p1 switch 2\n>p1 move triattack\n>p2 move fireblast\n>p1 move triattack\n>p2 move suckerpunch\n>p1 switch 5\n>p1 move bugbuzz\n>p2 move fireblast\n>p2 switch 4\n>p1 move bugbuzz\n>p2 move vcreate\n>p1 move bugbuzz\n>p2 move vcreate", "uploadtime": 1769250024, "views": 204, "formatid": "gen7randombattle", "rating": 1500, "private": 0, "password": null}