{"id": "gen7randombattle-2532917699", "format": "[Gen 7] Random Battle", "players": ["NTsweeper007", "Kitsune247"], "log": "|j|☆NTsweeper007\n|j|☆Kitsune247\n|t:|1770236477\n|gametype|singles\n|player|p1|NTsweeper007|hilbert-wonderlauncher|1779\n|player|p2|Kitsune247|roxie|1697\n|gen|7\n|tier|[Gen 7] Random Battle\n|rated|\n|rule|Sleep Clause Mod: Limit one foe put to sleep\n|rule|HP Percentage Mod: HP is shown in percentages\n|rule|Illusion Level Mod: Illusion disguises the Pokémon's true level\n|\n|t:|1770236477\n|teamsize|p1|6\n|teamsize|p2|6\n|start\n|switch|p1a: Lurantis|Lurantis, L90, M|272/272\n|switch|p2a: Lumineon|Lumineon, L93, M|279/279\n|turn|1\n|inactive|Battle timer is ON: inactive players will automatically lose when time's up. (requested by Kitsune247)\n|\n|t:|1770236484\n|switch|p2a: Volbeat|Volbeat, L91, M|266/266\n|move|p1a: Lurantis|Leaf Storm|p2a: Volbeat|[miss]\n|-miss|p1a: Lurantis|p2a: Volbeat\n|\n|upkeep\n|turn|2\n|\n|t:|1770236494\n|switch|p1a: Hoopa|Hoopa, L86|278/278\n|move|p2a: Volbeat|Thunder Wave|p1a: Hoopa\n|-status|p1a: Hoopa|par\n|\n|upkeep\n|turn|3\n|\n|t:|1770236499\n|move|p2a: Volbeat|U-turn|p1a: Hoopa\n|-damage|p1a: Hoopa|179/278 par\n|\n|t:|1770236508\n|switch|p2a: Comfey|Comfey, L87, F|230/230|[from] U-turn\n|cant|p1a: Hoopa|par\n|\n|upkeep\n|turn|4\n|\n|t:|1770236517\n|move|p2a: Comfey|U-turn|p1a: Hoopa\n|-damage|p1a: Hoopa|137/278 par\n|\n|t:|1770236522\n|switch|p2a: Lumineon|Lumineon, L93, M|279/279|[from] U-turn\n|cant|p1a: Hoopa|par\n|\n|upkeep\n|turn|5\n|\n|t:|1770236530\n|move|p2a: Lumineon|Scald|p1a: Hoopa\n|-damage|p1a: Hoopa|82/278 par\n|move|p1a: Hoopa|Trick|p2a: Lumineon\n|-activate|p1a: Hoopa|move: Trick|[of] p2a: Lumineon\n|-item|p2a: Lumineon|Choice Scarf|[from] move: Trick\n|-item|p1a: Hoopa|Leftovers|[from] move: Trick\n|\n|-heal|p1a: Hoopa|99/278 par|[from] item: Leftovers\n|upkeep\n|turn|6\n|\n|t:|1770236540\n|move|p2a: Lumineon|Scald|p1a: Hoopa\n|-damage|p1a: Hoopa|44/278 par\n|move|p1a: Hoopa|Psyshock|p2a: Lumineon\n|-damage|p2a: Lumineon|153/279\n|\n|-heal|p1a: Hoopa|61/278 par|[from] item: Leftovers\n|upkeep\n|turn|7\n|\n|t:|1770236546\n|move|p2a: Lumineon|Scald|p1a: Hoopa\n|-damage|p1a: Hoopa|7/278 par\n|move|p1a: Hoopa|Psyshock|p2a: Lumineon\n|-damage|p2a: Lumineon|18/279\n|\n|-heal|p1a: Hoopa|24/278 par|[from] item: Leftovers\n|upkeep\n|turn|8\n|\n|t:|1770236551\n|move|p2a: Lumineon|Scald|p1a: Hoopa\n|-damage|p1a: Hoopa|0 fnt\n|faint|p1a: Hoopa\n|\n|upkeep\n|\n|t:|1770236555\n|switch|p1a: Spiritomb|Spiritomb, L91, M|239/239\n|turn|9\n|\n|t:|1770236559\n|switch|p2a: Volbeat|Volbeat, L91, M|266/266\n|move|p1a: Spiritomb|Sucker Punch||[still]\n|-fail|p1a: Spiritomb\n|\n|upkeep\n|turn|10\n|\n|t:|1770236562\n|move|p2a: Volbeat|U-turn|p1a: Spiritomb\n|-crit|p1a: Spiritomb\n|-damage|p1a: Spiritomb|154/239\n|\n|t:|1770236565\n|switch|p2a: Comfey|Comfey, L87, F|230/230|[from] U-turn\n|move|p1a: Spiritomb|Toxic|p2a: Comfey\n|-status|p2a: Comfey|tox\n|\n|-damage|p2a: Comfey|216/230 tox|[from] psn\n|upkeep\n|turn|11\n|\n|t:|1770236571\n|switch|p1a: Moltres|Moltres, L82|281/281\n|move|p2a: Comfey|U-turn|p1a: Moltres\n|-resisted|p1a: Moltres\n|-damage|p1a: Moltres|272/281\n|\n|t:|1770236576\n|switch|p2a: Lumineon|Lumineon, L93, M|18/279|[from] U-turn\n|\n|-heal|p1a: Moltres|281/281|[from] item: Leftovers\n|upkeep\n|turn|12\n|\n|t:|1770236579\n|switch|p1a: Lurantis|Lurantis, L90, M|272/272\n|move|p2a: Lumineon|Scald|p1a: Lurantis\n|-resisted|p1a: Lurantis\n|-damage|p1a: Lurantis|248/272\n|\n|upkeep\n|turn|13\n|\n|t:|1770236587\n|move|p2a: Lumineon|Scald|p1a: Lurantis\n|-resisted|p1a: Lurantis\n|-crit|p1a: Lurantis\n|-damage|p1a: Lurantis|211/272\n|move|p1a: Lurantis|Leaf Storm|p2a: Lumineon\n|-supereffective|p2a: Lumineon\n|-damage|p2a: Lumineon|0 fnt\n|-boost|p1a: Lurantis|spa|2\n|faint|p2a: Lumineon\n|\n|upkeep\n|\n|t:|1770236590\n|switch|p2a: Volbeat|Volbeat, L91, M|266/266\n|turn|14\n|\n|t:|1770236592\n|move|p2a: Volbeat|U-turn|p1a: Lurantis\n|-supereffective|p1a: Lurantis\n|-damage|p1a: Lurantis|79/272\n|\n|t:|1770236598\n|switch|p2a: Comfey|Comfey, L87, F|216/230 tox|[from] U-turn\n|move|p1a: Lurantis|Leaf Storm|p2a: Comfey\n|-damage|p2a: Comfey|0 fnt\n|-boost|p1a: Lurantis|spa|2\n|faint|p2a: Comfey\n|\n|upkeep\n|\n|t:|1770236599\n|switch|p2a: Volbeat|Volbeat, L91, M|266/266\n|turn|15\n|\n|t:|1770236601\n|switch|p1a: Moltres|Moltres, L82|281/281\n|move|p2a: Volbeat|U-turn|p1a: Moltres\n|-resisted|p1a: Moltres\n|-damage|p1a: Moltres|265/281\n|-status|p2a: Volbeat|brn|[from] ability: Flame Body|[of] p1a: Moltres\n|\n|t:|1770236612\n|switch|p2a: Raichu|Raichu, L88, F|249/249|[from] U-turn\n|\n|-heal|p1a: Moltres|281/281|[from] item: Leftovers\n|upkeep\n|turn|16\n|\n|t:|1770236616\n|switch|p1a: Lurantis|Lurantis, L90, M|79/272\n|move|p2a: Raichu|Nuzzle|p1a: Lurantis\n|-resisted|p1a: Lurantis\n|-crit|p1a: Lurantis\n|-damage|p1a: Lurantis|63/272\n|-status|p1a: Lurantis|par\n|\n|upkeep\n|turn|17\n|\n|t:|1770236619\n|move|p2a: Raichu|Hidden Power|p1a: Lurantis\n|-supereffective|p1a: Lurantis\n|-damage|p1a: Lurantis|5/272 par\n|move|p1a: Lurantis|Knock Off|p2a: Raichu\n|-damage|p2a: Raichu|134/249\n|-enditem|p2a: Raichu|Assault Vest|[from] move: Knock Off|[of] p1a: Lurantis\n|\n|upkeep\n|turn|18\n|\n|t:|1770236626\n|move|p2a: Raichu|Hidden Power|p1a: Lurantis\n|-supereffective|p1a: Lurantis\n|-damage|p1a: Lurantis|0 fnt\n|faint|p1a: Lurantis\n|\n|upkeep\n|\n|t:|1770236627\n|switch|p1a: Spiritomb|Spiritomb, L91, M|154/239\n|turn|19\n|\n|t:|1770236631\n|move|p2a: Raichu|Thunderbolt|p1a: Spiritomb\n|-damage|p1a: Spiritomb|78/239\n|move|p1a: Spiritomb|Foul Play|p2a: Raichu\n|-damage|p2a: Raichu|0 fnt\n|faint|p2a: Raichu\n|\n|upkeep\n|\n|t:|1770236643\n|switch|p2a: Cresselia|Cresselia, L82, F|331/331\n|turn|20\n|\n|t:|1770236646\n|move|p2a: Cresselia|Moonblast|p1a: Spiritomb\n|-supereffective|p1a: Spiritomb\n|-damage|p1a: Spiritomb|0 fnt\n|faint|p1a: Spiritomb\n|\n|upkeep\n|\n|t:|1770236654\n|switch|p1a: Leafeon|Leafeon, L88, F|258/258\n|turn|21\n|\n|t:|1770236659\n|move|p1a: Leafeon|Swords Dance|p1a: Leafeon\n|-boost|p1a: Leafeon|atk|2\n|move|p2a: Cresselia|Thunder Wave|p1a: Leafeon\n|-status|p1a: Leafeon|par\n|\n|upkeep\n|turn|22\n|\n|t:|1770236668\n|move|p2a: Cresselia|Psychic|p1a: Leafeon\n|-damage|p1a: Leafeon|173/258 par\n|cant|p1a: Leafeon|par\n|\n|upkeep\n|turn|23\n|\n|t:|1770236672\n|move|p2a: Cresselia|Psychic|p1a: Leafeon\n|-damage|p1a: Leafeon|77/258 par\n|move|p1a: Leafeon|Knock Off|p2a: Cresselia\n|-supereffective|p2a: Cresselia\n|-damage|p2a: Cresselia|0 fnt\n|-damage|p1a: Leafeon|34/258 par|[from] item: Rocky Helmet|[of] p2a: Cresselia\n|-enditem|p2a: Cresselia|Rocky Helmet|[from] move: Knock Off|[of] p1a: Leafeon\n|faint|p2a: Cresselia\n|-damage|p1a: Leafeon|9/258 par|[from] item: Life Orb\n|\n|upkeep\n|\n|t:|1770236680\n|switch|p2a: Gyarados|Gyarados, L74, M|263/263\n|-ability|p2a: Gyarados|Intimidate|boost\n|-unboost|p1a: Leafeon|atk|1\n|turn|24\n|\n|t:|1770236685\n|move|p2a: Gyarados|Dragon Dance|p2a: Gyarados\n|-boost|p2a: Gyarados|atk|1\n|-boost|p2a: Gyarados|spe|1\n|move|p1a: Leafeon|Leaf Blade|p2a: Gyarados\n|-damage|p2a: Gyarados|6/263\n|-damage|p1a: Leafeon|0 fnt|[from] item: Life Orb\n|faint|p1a: Leafeon\n|\n|upkeep\n|\n|t:|1770236688\n|switch|p1a: Arceus|Arceus-Fairy, L72|292/292\n|turn|25\n|\n|t:|1770236693\n|detailschange|p2a: Gyarados|Gyarados-Mega, L74, M\n|-mega|p2a: Gyarados|Gyarados|Gyaradosite\n|-ability|p2a: Gyarados|Mold Breaker\n|move|p2a: Gyarados|Waterfall|p1a: Arceus\n|-damage|p1a: Arceus|171/292\n|move|p1a: Arceus|Judgment|p2a: Gyarados\n|-supereffective|p2a: Gyarados\n|-damage|p2a: Gyarados|0 fnt\n|faint|p2a: Gyarados\n|detailschange|p2: Gyarados|Gyarados, L74, M|[silent]\n|\n|upkeep\n|-message|Kitsune247 forfeited.\n|\n|win|NTsweeper007\n|raw|NTsweeper007's rating: 1779 &rarr; <strong>1794</strong><br />(+15 for winning)\n|raw|Kitsune247's rating: 1697 &rarr; <strong>1682</strong><br />(-15 for losing)\n|l|☆Kitsune247\n|player|p2|\n", "inputlog": ">version ccdc32dd7cde25fd9e4bed64820e885f66e78a4e\n>start {\"formatid\":\"gen7randombattle\",\"seed\":\"sodium,7257c5f196de47b09ccf33b1377100d0\",\"rated\":\"Rated battle\"}\n>player p1 {\"name\":\"NTsweeper007\",\"avatar\":\"hilbert-wonderlauncher\",\"rating\":1779,\"seed\":\"sodium,affe410906edbd36843ae56666ba140f\"}\n>player p2 {\"name\":\"Kitsune247\",\"avatar\":\"roxie\",\"rating\":1697,\"seed\":\"sodium,8911bd75ebff691a07d64419933600c2\"}\n>p1 move leafstorm\n>p2 switch 5\n>p1 switch 5\n>p2 move thunderwave\n>p1 move trick\n>p2 move uturn\n>p2 switch 6\n>p1 move trick\n>p2 move uturn\n>p2 switch 5\n>p1 move trick\n>p2 move scald\n>p1 move psyshock\n>p2 move scald\n>p1 move psyshock\n>p2 move scald\n>p1 move psyshock\n>p2 move scald\n>p1 switch 3\n>p1 move suckerpunch\n>p2 switch 6\n>p1 move toxic\n>p2 move uturn\n>p2 switch 5\n>p1 switch 4\n>p2 move uturn\n>p2 switch 6\n>p1 switch 5\n>p2 move scald\n>p1 move leafstorm\n>p2 move scald\n>p2 switch 5\n>p1 move leafstorm\n>p2 move uturn\n>p2 switch 6\n>p2 switch 6\n>p1 switch 5\n>p2 move uturn\n>p2 switch 3\n>p1 switch 5\n>p2 move nuzzle\n>p1 move knockoff\n>p2 move hiddenpower\n>p1 move leafstorm\n>p2 move hiddenpower\n>p1 switch 4\n>p1 move foulplay\n>p2 move thunderbolt\n>p2 switch 2\n>p1 move toxic\n>p2 move moonblast\n>p1 switch 2\n>p1 move swordsdance\n>p2 move thunderwave\n>p1 move knockoff\n>p2 move psychic\n>p1 move knockoff\n>p2 move psychic\n>p2 switch 4\n>p1 move leafblade\n>p2 move dragondance\n>p1 switch 6\n>p1 move judgment\n>p2 move waterfall mega\n>forcelose p2", "uploadtime": 1770236699, "views": 138, "formatid": "gen7randombattle", "rating": 1682, "private": 0, "password": null}