{"id": "gen7randombattle-2537150259", "format": "[Gen 7] Random Battle", "players": ["Szysia", "fatpengui"], "log": "|j|☆Szysia\n|j|☆fatpengui\n|t:|1770771856\n|gametype|singles\n|player|p1|Szysia|lady|1634\n|player|p2|fatpengui|mallow|1614\n|gen|7\n|tier|[Gen 7] Random Battle\n|rated|\n|rule|Sleep Clause Mod: Limit one foe put to sleep\n|rule|HP Percentage Mod: HP is shown in percentages\n|rule|Illusion Level Mod: Illusion disguises the Pokémon's true level\n|\n|t:|1770771856\n|teamsize|p1|6\n|teamsize|p2|6\n|start\n|switch|p1a: Regigigas|Regigigas, L86|329/329\n|switch|p2a: Hariyama|Hariyama, L87, M|392/392\n|-start|p1a: Regigigas|ability: Slow Start\n|turn|1\n|\n|t:|1770771881\n|switch|p1a: Swalot|Swalot, L90, M|326/326\n|move|p2a: Hariyama|Knock Off|p1a: Swalot\n|-damage|p1a: Swalot|249/326\n|-enditem|p1a: Swalot|Black Sludge|[from] move: Knock Off|[of] p2a: Hariyama\n|\n|upkeep\n|turn|2\n|\n|t:|1770771909\n|move|p1a: Swalot|Toxic|p2a: Hariyama\n|-status|p2a: Hariyama|tox\n|move|p2a: Hariyama|Stone Edge|p1a: Swalot\n|-damage|p1a: Swalot|162/326\n|\n|-damage|p2a: Hariyama|368/392 tox|[from] psn\n|upkeep\n|turn|3\n|\n|t:|1770771920\n|switch|p2a: Scizor|Scizor, L75, F|229/229\n|move|p1a: Swalot|Protect||[still]\n|-fail|p1a: Swalot\n|\n|upkeep\n|turn|4\n|\n|t:|1770771944\n|switch|p1a: Regigigas|Regigigas, L86|329/329\n|-start|p1a: Regigigas|ability: Slow Start\n|detailschange|p2a: Scizor|Scizor-Mega, L75, F\n|-mega|p2a: Scizor|Scizor|Scizorite\n|move|p2a: Scizor|Bullet Punch|p1a: Regigigas\n|-damage|p1a: Regigigas|266/329\n|\n|-heal|p1a: Regigigas|286/329|[from] item: Leftovers\n|upkeep\n|turn|5\n|\n|t:|1770771955\n|switch|p2a: Hariyama|Hariyama, L87, M|368/392 tox\n|move|p1a: Regigigas|Thunder Wave||[still]\n|-fail|p1a: Regigigas\n|\n|-heal|p1a: Regigigas|306/329|[from] item: Leftovers\n|-damage|p2a: Hariyama|344/392 tox|[from] psn\n|upkeep\n|turn|6\n|\n|t:|1770771963\n|switch|p1a: Swalot|Swalot, L90, M|162/326\n|move|p2a: Hariyama|Close Combat|p1a: Swalot\n|-resisted|p1a: Swalot\n|-damage|p1a: Swalot|88/326\n|-unboost|p2a: Hariyama|def|1\n|-unboost|p2a: Hariyama|spd|1\n|\n|-damage|p2a: Hariyama|296/392 tox|[from] psn\n|upkeep\n|turn|7\n|\n|t:|1770771980\n|switch|p1a: Dewgong|Dewgong, L96, M|328/328\n|switch|p2a: Scizor|Scizor-Mega, L75, F|229/229\n|\n|upkeep\n|turn|8\n|\n|t:|1770771988\n|switch|p2a: Sawk|Sawk, L86, M|269/269\n|move|p1a: Dewgong|Surf|p2a: Sawk\n|-damage|p2a: Sawk|164/269\n|\n|-heal|p2a: Sawk|180/269|[from] item: Leftovers\n|upkeep\n|turn|9\n|\n|t:|1770771997\n|switch|p1a: Swalot|Swalot, L90, M|88/326\n|move|p2a: Sawk|Close Combat|p1a: Swalot\n|-resisted|p1a: Swalot\n|-damage|p1a: Swalot|4/326\n|-unboost|p2a: Sawk|def|1\n|-unboost|p2a: Sawk|spd|1\n|\n|-heal|p2a: Sawk|196/269|[from] item: Leftovers\n|upkeep\n|turn|10\n|\n|t:|1770772001\n|move|p2a: Sawk|Knock Off|p1a: Swalot\n|-damage|p1a: Swalot|0 fnt\n|faint|p1a: Swalot\n|\n|-heal|p2a: Sawk|212/269|[from] item: Leftovers\n|upkeep\n|\n|t:|1770772010\n|switch|p1a: Tapu Koko|Tapu Koko, L77|234/234\n|-fieldstart|move: Electric Terrain|[from] ability: Electric Surge|[of] p1a: Tapu Koko\n|turn|11\n|\n|t:|1770772017\n|switch|p2a: Nihilego|Nihilego, L79|302/302\n|move|p1a: Tapu Koko|Calm Mind|p1a: Tapu Koko\n|-boost|p1a: Tapu Koko|spa|1\n|-boost|p1a: Tapu Koko|spd|1\n|\n|upkeep\n|turn|12\n|\n|t:|1770772078\n|switch|p1a: Dugtrio|Dugtrio-Alola, L84, F|196/196\n|switch|p2a: Sawk|Sawk, L86, M|212/269\n|\n|-heal|p2a: Sawk|228/269|[from] item: Leftovers\n|upkeep\n|turn|13\n|\n|t:|1770772093\n|switch|p1a: Tapu Koko|Tapu Koko, L77|234/234\n|move|p2a: Sawk|Close Combat|p1a: Tapu Koko\n|-resisted|p1a: Tapu Koko\n|-damage|p1a: Tapu Koko|135/234\n|-unboost|p2a: Sawk|def|1\n|-unboost|p2a: Sawk|spd|1\n|\n|-heal|p2a: Sawk|244/269|[from] item: Leftovers\n|upkeep\n|turn|14\n|\n|t:|1770772106\n|switch|p2a: Scizor|Scizor-Mega, L75, F|229/229\n|move|p1a: Tapu Koko|Thunderbolt|p2a: Scizor\n|-damage|p2a: Scizor|100/229\n|\n|upkeep\n|turn|15\n|\n|t:|1770772113\n|move|p2a: Scizor|Bullet Punch|p1a: Tapu Koko\n|-damage|p1a: Tapu Koko|54/234\n|move|p1a: Tapu Koko|Roost|p1a: Tapu Koko\n|-heal|p1a: Tapu Koko|171/234\n|-singleturn|p1a: Tapu Koko|move: Roost\n|\n|-fieldend|move: Electric Terrain\n|upkeep\n|turn|16\n|\n|t:|1770772120\n|switch|p1a: Dewgong|Dewgong, L96, M|328/328\n|switch|p2a: Nihilego|Nihilego, L79|302/302\n|\n|upkeep\n|turn|17\n|\n|t:|1770772125\n|move|p2a: Nihilego|Toxic Spikes|p1a: Dewgong\n|-sidestart|p1: Szysia|move: Toxic Spikes\n|move|p1a: Dewgong|Surf|p2a: Nihilego\n|-supereffective|p2a: Nihilego\n|-damage|p2a: Nihilego|138/302\n|\n|-heal|p2a: Nihilego|156/302|[from] item: Black Sludge\n|upkeep\n|turn|18\n|\n|t:|1770772138\n|switch|p2a: Sawk|Sawk, L86, M|244/269\n|move|p1a: Dewgong|Surf|p2a: Sawk\n|-crit|p2a: Sawk\n|-damage|p2a: Sawk|94/269\n|\n|-heal|p2a: Sawk|110/269|[from] item: Leftovers\n|upkeep\n|turn|19\n|\n|t:|1770772144\n|switch|p1a: Tapu Koko|Tapu Koko, L77|171/234\n|-status|p1a: Tapu Koko|psn\n|-fieldstart|move: Electric Terrain|[from] ability: Electric Surge|[of] p1a: Tapu Koko\n|move|p2a: Sawk|Close Combat|p1a: Tapu Koko\n|-resisted|p1a: Tapu Koko\n|-damage|p1a: Tapu Koko|75/234 psn\n|-unboost|p2a: Sawk|def|1\n|-unboost|p2a: Sawk|spd|1\n|\n|-heal|p2a: Sawk|126/269|[from] item: Leftovers\n|-damage|p1a: Tapu Koko|46/234 psn|[from] psn\n|upkeep\n|turn|20\n|\n|t:|1770772151\n|switch|p2a: Nihilego|Nihilego, L79|156/302\n|move|p1a: Tapu Koko|Roost|p1a: Tapu Koko\n|-heal|p1a: Tapu Koko|163/234 psn\n|-singleturn|p1a: Tapu Koko|move: Roost\n|\n|-heal|p2a: Nihilego|174/302|[from] item: Black Sludge\n|-damage|p1a: Tapu Koko|134/234 psn|[from] psn\n|upkeep\n|turn|21\n|\n|t:|1770772162\n|-zpower|p1a: Tapu Koko\n|move|p1a: Tapu Koko|Gigavolt Havoc|p2a: Nihilego|[zeffect]\n|-damage|p2a: Nihilego|0 fnt\n|faint|p2a: Nihilego\n|\n|-damage|p1a: Tapu Koko|105/234 psn|[from] psn\n|upkeep\n|\n|t:|1770772165\n|switch|p2a: Hariyama|Hariyama, L87, M|296/392 tox\n|turn|22\n|\n|t:|1770772170\n|move|p1a: Tapu Koko|Roost|p1a: Tapu Koko\n|-heal|p1a: Tapu Koko|222/234 psn\n|-singleturn|p1a: Tapu Koko|move: Roost\n|move|p2a: Hariyama|Knock Off|p1a: Tapu Koko\n|-resisted|p1a: Tapu Koko\n|-crit|p1a: Tapu Koko\n|-damage|p1a: Tapu Koko|176/234 psn\n|\n|-damage|p1a: Tapu Koko|147/234 psn|[from] psn\n|-damage|p2a: Hariyama|272/392 tox|[from] psn\n|upkeep\n|turn|23\n|\n|t:|1770772179\n|move|p1a: Tapu Koko|Dazzling Gleam|p2a: Hariyama\n|-supereffective|p2a: Hariyama\n|-damage|p2a: Hariyama|150/392 tox\n|move|p2a: Hariyama|Stone Edge|p1a: Tapu Koko\n|-damage|p1a: Tapu Koko|44/234 psn\n|\n|-damage|p1a: Tapu Koko|15/234 psn|[from] psn\n|-damage|p2a: Hariyama|102/392 tox|[from] psn\n|-fieldend|move: Electric Terrain\n|upkeep\n|turn|24\n|\n|t:|1770772190\n|move|p2a: Hariyama|Bullet Punch|p1a: Tapu Koko\n|-damage|p1a: Tapu Koko|0 fnt\n|faint|p1a: Tapu Koko\n|\n|-damage|p2a: Hariyama|30/392 tox|[from] psn\n|upkeep\n|\n|t:|1770772202\n|switch|p1a: Dugtrio|Dugtrio-Alola, L84, F|196/196\n|turn|25\n|\n|t:|1770772213\n|move|p2a: Hariyama|Bullet Punch|p1a: Dugtrio\n|-resisted|p1a: Dugtrio\n|-damage|p1a: Dugtrio|173/196\n|-ability|p1a: Dugtrio|Tangling Hair\n|-unboost|p2a: Hariyama|spe|1\n|move|p1a: Dugtrio|Earthquake|p2a: Hariyama\n|-damage|p2a: Hariyama|0 fnt\n|faint|p2a: Hariyama\n|-damage|p1a: Dugtrio|154/196|[from] item: Life Orb\n|\n|upkeep\n|\n|t:|1770772220\n|switch|p2a: Scizor|Scizor-Mega, L75, F|100/229\n|turn|26\n|\n|t:|1770772225\n|move|p1a: Dugtrio|Earthquake|p2a: Scizor\n|-damage|p2a: Scizor|0 fnt\n|faint|p2a: Scizor\n|detailschange|p2: Scizor|Scizor, L75, F|[silent]\n|-damage|p1a: Dugtrio|135/196|[from] item: Life Orb\n|\n|upkeep\n|\n|t:|1770772228\n|switch|p2a: Sawk|Sawk, L86, M|126/269\n|turn|27\n|\n|t:|1770772231\n|move|p1a: Dugtrio|Earthquake|p2a: Sawk\n|-damage|p2a: Sawk|0 fnt\n|faint|p2a: Sawk\n|-damage|p1a: Dugtrio|116/196|[from] item: Life Orb\n|\n|upkeep\n|\n|t:|1770772236\n|switch|p2a: Xerneas|Xerneas, L65|272/272\n|-ability|p2a: Xerneas|Fairy Aura\n|turn|28\n|\n|t:|1770772240\n|move|p1a: Dugtrio|Iron Head|p2a: Xerneas\n|-supereffective|p2a: Xerneas\n|-damage|p2a: Xerneas|4/272\n|-damage|p1a: Dugtrio|97/196|[from] item: Life Orb\n|cant|p2a: Xerneas|flinch\n|\n|upkeep\n|turn|29\n|\n|t:|1770772246\n|move|p1a: Dugtrio|Iron Head|p2a: Xerneas\n|-supereffective|p2a: Xerneas\n|-damage|p2a: Xerneas|0 fnt\n|faint|p2a: Xerneas\n|-damage|p1a: Dugtrio|78/196|[from] item: Life Orb\n|\n|upkeep\n|\n|t:|1770772251\n|switch|p2a: Omastar|Omastar, L84, F|254/254\n|turn|30\n|\n|t:|1770772255\n|move|p1a: Dugtrio|Earthquake|p2a: Omastar\n|-supereffective|p2a: Omastar\n|-damage|p2a: Omastar|51/254\n|-damage|p1a: Dugtrio|59/196|[from] item: Life Orb\n|move|p2a: Omastar|Shell Smash|p2a: Omastar\n|-unboost|p2a: Omastar|def|1\n|-unboost|p2a: Omastar|spd|1\n|-boost|p2a: Omastar|atk|2\n|-boost|p2a: Omastar|spa|2\n|-boost|p2a: Omastar|spe|2\n|-enditem|p2a: Omastar|White Herb\n|-clearnegativeboost|p2a: Omastar|[silent]\n|\n|upkeep\n|turn|31\n|\n|t:|1770772261\n|move|p1a: Dugtrio|Sucker Punch|p2a: Omastar\n|-damage|p2a: Omastar|3/254\n|-damage|p1a: Dugtrio|40/196|[from] item: Life Orb\n|move|p2a: Omastar|Ice Beam|p1a: Dugtrio\n|-damage|p1a: Dugtrio|0 fnt\n|faint|p1a: Dugtrio\n|\n|upkeep\n|-message|fatpengui forfeited.\n|\n|win|Szysia\n|raw|Szysia's rating: 1634 &rarr; <strong>1652</strong><br />(+18 for winning)\n|raw|fatpengui's rating: 1593 &rarr; <strong>1575</strong><br />(-18 for losing)\n|l|☆fatpengui\n|player|p2|\n|l|☆Szysia\n|player|p1|\n", "inputlog": ">version ccdc32dd7cde25fd9e4bed64820e885f66e78a4e\n>start {\"formatid\":\"gen7randombattle\",\"seed\":\"sodium,5590783e1112fc2809262208bcdb534e\",\"rated\":\"Rated battle\"}\n>player p1 {\"name\":\"Szysia\",\"avatar\":\"lady\",\"rating\":1634,\"seed\":\"sodium,3c4b60b704978584fea2b6b431d5685f\"}\n>player p2 {\"name\":\"fatpengui\",\"avatar\":\"mallow\",\"rating\":1614,\"seed\":\"sodium,5953c27b3cb12d800d9d41c956e1f7fc\"}\n>p1 switch 6\n>p2 move knockoff\n>p1 move toxic\n>p2 move stoneedge\n>p1 move protect\n>p2 switch 5\n>p1 switch 6\n>p2 move bulletpunch mega\n>p1 move thunderwave\n>p2 switch 5\n>p1 switch 6\n>p2 move closecombat\n>p1 switch 4\n>p2 switch 5\n>p1 move surf\n>p2 switch 2\n>p1 switch 4\n>p2 move closecombat\n>p1 move earthquake\n>p2 move knockoff\n>p1 switch 2\n>p1 move calmmind\n>p2 switch 3\n>p1 switch 3\n>p2 switch 3\n>p1 switch 3\n>p2 move closecombat\n>p1 move thunderbolt\n>p2 switch 2\n>p1 move roost\n>p2 move bulletpunch\n>p1 switch 4\n>p2 switch 3\n>p1 move surf\n>p2 move toxicspikes\n>p1 move surf\n>p2 switch 2\n>p1 switch 4\n>p2 move closecombat\n>p1 move roost\n>p2 switch 2\n>p1 move thunderbolt zmove\n>p2 move sludgewave\n>p2 switch 5\n>p1 move roost\n>p2 move knockoff\n>p1 move dazzlinggleam\n>p2 move stoneedge\n>p1 move dazzlinggleam\n>p2 move bulletpunch\n>p1 switch 3\n>p1 move earthquake\n>p2 move bulletpunch\n>p2 switch 3\n>p1 move earthquake\n>p2 move roost\n>p2 switch 2\n>p1 move earthquake\n>p2 move closecombat\n>p2 switch 4\n>p1 move ironhead\n>p2 move geomancy\n>p1 move ironhead\n>p2 move geomancy\n>p2 switch 6\n>p1 move earthquake\n>p2 move shellsmash\n>p1 move suckerpunch\n>p2 move icebeam\n>forcelose p2", "uploadtime": 1770772287, "views": 218, "formatid": "gen7randombattle", "rating": 1575, "private": 0, "password": null}