{"id": "gen7randombattle-2527797207", "format": "[Gen 7] Random Battle", "players": ["plop in my pants", "may/gen3"], "log": "|j|☆plop in my pants\n|j|☆may/gen3\n|t:|1769578988\n|gametype|singles\n|player|p1|plop in my pants|teamrocket|1714\n|player|p2|may/gen3|may|1762\n|gen|7\n|tier|[Gen 7] Random Battle\n|rated|\n|rule|Sleep Clause Mod: Limit one foe put to sleep\n|rule|HP Percentage Mod: HP is shown in percentages\n|rule|Illusion Level Mod: Illusion disguises the Pokémon's true level\n|\n|t:|1769578988\n|teamsize|p1|6\n|teamsize|p2|6\n|start\n|switch|p1a: Passimian|Passimian, L84, F|305/305\n|switch|p2a: Espeon|Espeon, L83, F|244/244\n|turn|1\n|\n|t:|1769579007\n|switch|p1a: Togedemaru|Togedemaru, L86, M|252/252\n|move|p2a: Espeon|Dazzling Gleam|p1a: Togedemaru\n|-resisted|p1a: Togedemaru\n|-damage|p1a: Togedemaru|189/252\n|\n|-heal|p1a: Togedemaru|204/252|[from] item: Leftovers\n|upkeep\n|turn|2\n|inactive|Battle timer is ON: inactive players will automatically lose when time's up. (requested by plop in my pants)\n|\n|t:|1769579010\n|switch|p2a: Steelix|Steelix, L80, F|251/251\n|move|p1a: Togedemaru|U-turn|p2a: Steelix\n|-resisted|p2a: Steelix\n|-damage|p2a: Steelix|236/251\n|\n|t:|1769579027\n|switch|p1a: Passimian|Passimian, L84, F|305/305|[from] U-turn\n|\n|upkeep\n|turn|3\n|\n|t:|1769579040\n|move|p1a: Passimian|Close Combat|p2a: Steelix\n|-supereffective|p2a: Steelix\n|-damage|p2a: Steelix|2/251\n|-unboost|p1a: Passimian|def|1\n|-unboost|p1a: Passimian|spd|1\n|move|p2a: Steelix|Stealth Rock|p1a: Passimian\n|-sidestart|p1: plop in my pants|move: Stealth Rock\n|\n|upkeep\n|turn|4\n|\n|t:|1769579045\n|move|p1a: Passimian|Close Combat|p2a: Steelix\n|-supereffective|p2a: Steelix\n|-damage|p2a: Steelix|0 fnt\n|-unboost|p1a: Passimian|def|1\n|-unboost|p1a: Passimian|spd|1\n|faint|p2a: Steelix\n|\n|upkeep\n|\n|t:|1769579048\n|switch|p2a: Slowking|Slowking, L89, M|314/314\n|turn|5\n|\n|t:|1769579052\n|switch|p1a: Shiinotic|Shiinotic, L91, F|257/257\n|-damage|p1a: Shiinotic|225/257|[from] Stealth Rock\n|move|p2a: Slowking|Nasty Plot|p2a: Slowking\n|-boost|p2a: Slowking|spa|2\n|\n|-heal|p1a: Shiinotic|241/257|[from] item: Leftovers\n|upkeep\n|turn|6\n|\n|t:|1769579057\n|move|p1a: Shiinotic|Spore|p2a: Slowking\n|-status|p2a: Slowking|slp|[from] move: Spore\n|cant|p2a: Slowking|slp\n|\n|-heal|p1a: Shiinotic|257/257|[from] item: Leftovers\n|upkeep\n|turn|7\n|\n|t:|1769579062\n|move|p1a: Shiinotic|Giga Drain|p2a: Slowking\n|-supereffective|p2a: Slowking\n|-damage|p2a: Slowking|180/314 slp\n|cant|p2a: Slowking|slp\n|\n|-heal|p2a: Slowking|199/314 slp|[from] item: Leftovers\n|upkeep\n|turn|8\n|\n|t:|1769579075\n|move|p1a: Shiinotic|Giga Drain|p2a: Slowking\n|-supereffective|p2a: Slowking\n|-damage|p2a: Slowking|61/314 slp\n|-curestatus|p2a: Slowking|slp|[msg]\n|move|p2a: Slowking|Thunder Wave|p1a: Shiinotic\n|-status|p1a: Shiinotic|par\n|\n|-heal|p2a: Slowking|80/314|[from] item: Leftovers\n|upkeep\n|turn|9\n|\n|t:|1769579083\n|move|p2a: Slowking|Slack Off|p2a: Slowking\n|-heal|p2a: Slowking|237/314\n|cant|p1a: Shiinotic|par\n|\n|-heal|p2a: Slowking|256/314|[from] item: Leftovers\n|upkeep\n|turn|10\n|\n|t:|1769579086\n|switch|p2a: Espeon|Espeon, L83, F|244/244\n|move|p1a: Shiinotic|Spore|p2a: Espeon\n|move|p2a: Espeon|Spore|p1a: Shiinotic|[from] ability: Magic Bounce\n|-immune|p1a: Shiinotic\n|\n|upkeep\n|turn|11\n|\n|t:|1769579104\n|move|p2a: Espeon|Trick|p1a: Shiinotic\n|-activate|p2a: Espeon|move: Trick|[of] p1a: Shiinotic\n|-item|p1a: Shiinotic|Choice Specs|[from] move: Trick\n|-item|p2a: Espeon|Leftovers|[from] move: Trick\n|cant|p1a: Shiinotic|par\n|\n|upkeep\n|turn|12\n|\n|t:|1769579113\n|switch|p2a: Nihilego|Nihilego, L79|302/302\n|switch|p1a: Togedemaru|Togedemaru, L86, M|204/252\n|-damage|p1a: Togedemaru|189/252|[from] Stealth Rock\n|\n|-heal|p1a: Togedemaru|204/252|[from] item: Leftovers\n|upkeep\n|turn|13\n|\n|t:|1769579116\n|move|p1a: Togedemaru|Iron Head|p2a: Nihilego\n|-supereffective|p2a: Nihilego\n|-damage|p2a: Nihilego|26/302\n|cant|p2a: Nihilego|flinch\n|\n|-heal|p1a: Togedemaru|219/252|[from] item: Leftovers\n|upkeep\n|turn|14\n|\n|t:|1769579122\n|switch|p2a: Garchomp|Garchomp, L75, F|286/286\n|move|p1a: Togedemaru|U-turn|p2a: Garchomp\n|-damage|p2a: Garchomp|227/286\n|-damage|p1a: Togedemaru|188/252|[from] ability: Rough Skin|[of] p2a: Garchomp\n|-damage|p1a: Togedemaru|146/252|[from] item: Rocky Helmet|[of] p2a: Garchomp\n|\n|t:|1769579135\n|switch|p1a: Rhyperior|Rhyperior, L84, F|330/330|[from] U-turn\n|-damage|p1a: Rhyperior|310/330|[from] Stealth Rock\n|\n|upkeep\n|turn|15\n|\n|t:|1769579139\n|switch|p2a: Jellicent|Jellicent, L88, M|319/319\n|move|p1a: Rhyperior|Ice Punch|p2a: Jellicent\n|-resisted|p2a: Jellicent\n|-damage|p2a: Jellicent|280/319\n|\n|-heal|p2a: Jellicent|299/319|[from] item: Leftovers\n|upkeep\n|turn|16\n|\n|t:|1769579147\n|switch|p1a: Shiinotic|Shiinotic, L91, F|257/257 par\n|-damage|p1a: Shiinotic|225/257 par|[from] Stealth Rock\n|move|p2a: Jellicent|Scald|p1a: Shiinotic\n|-resisted|p1a: Shiinotic\n|-damage|p1a: Shiinotic|186/257 par\n|\n|-heal|p2a: Jellicent|318/319|[from] item: Leftovers\n|upkeep\n|turn|17\n|\n|t:|1769579150\n|move|p2a: Jellicent|Hex|p1a: Shiinotic\n|-damage|p1a: Shiinotic|62/257 par\n|cant|p1a: Shiinotic|par\n|\n|-heal|p2a: Jellicent|319/319|[from] item: Leftovers\n|upkeep\n|turn|18\n|\n|t:|1769579159\n|switch|p1a: Butterfree|Butterfree, L90, M|253/253\n|-damage|p1a: Butterfree|127/253|[from] Stealth Rock\n|move|p2a: Jellicent|Hex|p1a: Butterfree\n|-damage|p1a: Butterfree|60/253\n|\n|upkeep\n|turn|19\n|\n|t:|1769579175\n|move|p1a: Butterfree|Quiver Dance|p1a: Butterfree\n|-boost|p1a: Butterfree|spa|1\n|-boost|p1a: Butterfree|spd|1\n|-boost|p1a: Butterfree|spe|1\n|move|p2a: Jellicent|Scald|p1a: Butterfree\n|-crit|p1a: Butterfree\n|-damage|p1a: Butterfree|0 fnt\n|faint|p1a: Butterfree\n|\n|upkeep\n|c|☆plop in my pants|ok\n|\n|t:|1769579189\n|switch|p1a: Hoopa|Hoopa, L86|278/278\n|-damage|p1a: Hoopa|244/278|[from] Stealth Rock\n|turn|20\n|\n|t:|1769579199\n|move|p1a: Hoopa|Shadow Ball|p2a: Jellicent\n|-supereffective|p2a: Jellicent\n|-damage|p2a: Jellicent|43/319\n|-damage|p1a: Hoopa|217/278|[from] item: Life Orb\n|move|p2a: Jellicent|Hex|p1a: Hoopa\n|-supereffective|p1a: Hoopa\n|-damage|p1a: Hoopa|1/278\n|\n|-heal|p2a: Jellicent|62/319|[from] item: Leftovers\n|upkeep\n|turn|21\n|\n|t:|1769579205\n|move|p1a: Hoopa|Shadow Ball|p2a: Jellicent\n|-supereffective|p2a: Jellicent\n|-damage|p2a: Jellicent|0 fnt\n|faint|p2a: Jellicent\n|-damage|p1a: Hoopa|0 fnt|[from] item: Life Orb\n|faint|p1a: Hoopa\n|\n|upkeep\n|\n|t:|1769579229\n|switch|p1a: Rhyperior|Rhyperior, L84, F|310/330\n|switch|p2a: Garchomp|Garchomp, L75, F|227/286\n|-damage|p1a: Rhyperior|290/330|[from] Stealth Rock\n|turn|22\n|\n|t:|1769579235\n|move|p2a: Garchomp|Toxic|p1a: Rhyperior\n|-status|p1a: Rhyperior|tox\n|move|p1a: Rhyperior|Ice Punch|p2a: Garchomp\n|-supereffective|p2a: Garchomp\n|-damage|p2a: Garchomp|0 fnt\n|-damage|p1a: Rhyperior|249/330 tox|[from] ability: Rough Skin|[of] p2a: Garchomp\n|-damage|p1a: Rhyperior|194/330 tox|[from] item: Rocky Helmet|[of] p2a: Garchomp\n|faint|p2a: Garchomp\n|\n|-damage|p1a: Rhyperior|174/330 tox|[from] psn\n|upkeep\n|\n|t:|1769579237\n|switch|p2a: Slowking|Slowking, L89, M|314/314\n|turn|23\n|\n|t:|1769579253\n|move|p1a: Rhyperior|Earthquake|p2a: Slowking\n|-damage|p2a: Slowking|178/314\n|move|p2a: Slowking|Scald|p1a: Rhyperior\n|-supereffective|p1a: Rhyperior\n|-damage|p1a: Rhyperior|0 fnt\n|faint|p1a: Rhyperior\n|\n|-heal|p2a: Slowking|197/314|[from] item: Leftovers\n|upkeep\n|\n|t:|1769579255\n|switch|p1a: Passimian|Passimian, L84, F|305/305\n|-damage|p1a: Passimian|286/305|[from] Stealth Rock\n|turn|24\n|\n|t:|1769579259\n|move|p1a: Passimian|Knock Off|p2a: Slowking\n|-supereffective|p2a: Slowking\n|-damage|p2a: Slowking|0 fnt\n|-enditem|p2a: Slowking|Leftovers|[from] move: Knock Off|[of] p1a: Passimian\n|faint|p2a: Slowking\n|\n|upkeep\n|\n|t:|1769579262\n|switch|p2a: Espeon|Espeon, L83, F|244/244\n|turn|25\n|\n|t:|1769579267\n|move|p2a: Espeon|Psyshock|p1a: Passimian\n|-supereffective|p1a: Passimian\n|-damage|p1a: Passimian|88/305\n|move|p1a: Passimian|Knock Off|p2a: Espeon\n|-supereffective|p2a: Espeon\n|-damage|p2a: Espeon|0 fnt\n|-enditem|p2a: Espeon|Leftovers|[from] move: Knock Off|[of] p1a: Passimian\n|faint|p2a: Espeon\n|\n|upkeep\n|\n|t:|1769579270\n|switch|p2a: Nihilego|Nihilego, L79|26/302\n|turn|26\n|\n|t:|1769579279\n|move|p2a: Nihilego|Hidden Power|p1a: Passimian\n|-damage|p1a: Passimian|0 fnt\n|faint|p1a: Passimian\n|-ability|p2a: Nihilego|Beast Boost|boost\n|-boost|p2a: Nihilego|spa|1\n|\n|upkeep\n|l|☆may/gen3\n|inactive|may/gen3 disconnected and has a minute to reconnect!\n|player|p2|\n|\n|t:|1769579303\n|switch|p1a: Togedemaru|Togedemaru, L86, M|146/252\n|-damage|p1a: Togedemaru|131/252|[from] Stealth Rock\n|turn|27\n|j|☆may/gen3\n|inactive|may/gen3 reconnected and has 150 seconds left.\n|player|p2|may/gen3|may|\n|\n|t:|1769579308\n|move|p1a: Togedemaru|Iron Head|p2a: Nihilego\n|-supereffective|p2a: Nihilego\n|-damage|p2a: Nihilego|0 fnt\n|faint|p2a: Nihilego\n|\n|win|plop in my pants\n|raw|plop in my pants's rating: 1714 &rarr; <strong>1737</strong><br />(+23 for winning)\n|raw|may&#x2f;gen3's rating: 1762 &rarr; <strong>1739</strong><br />(-23 for losing)\n|l|☆may/gen3\n|player|p2|\n", "inputlog": ">version b99ff0165a6231f17e8b78c2a78d1998375de664\n>start {\"formatid\":\"gen7randombattle\",\"seed\":\"sodium,f0ce19df4c2a18de5d0dce9fb25ba8d0\",\"rated\":\"Rated battle\"}\n>player p1 {\"name\":\"plop in my pants\",\"avatar\":\"teamrocket\",\"rating\":1714,\"seed\":\"sodium,b4ba004ab590d708bcbfac025a6704e4\"}\n>player p2 {\"name\":\"may/gen3\",\"avatar\":\"may\",\"rating\":1762,\"seed\":\"sodium,a338ba5b5bbac9295bba5c02a9d3532b\"}\n>p1 switch 4\n>p2 move dazzlinggleam\n>p1 move uturn\n>p2 switch 6\n>p1 switch 4\n>p1 move closecombat\n>p2 move stealthrock\n>p1 move closecombat\n>p2 move earthquake\n>p2 switch 4\n>p1 switch 2\n>p2 move nastyplot\n>p1 move spore\n>p2 move thunderwave\n>p1 move gigadrain\n>p2 move thunderwave\n>p1 move gigadrain\n>p2 move thunderwave\n>p1 move gigadrain\n>p2 move slackoff\n>p1 move spore\n>p2 switch 6\n>p1 move gigadrain\n>p2 move trick\n>p1 switch 4\n>p2 switch 5\n>p1 move ironhead\n>p2 move hiddenpower\n>p1 move uturn\n>p2 switch 2\n>p1 switch 5\n>p1 move icepunch\n>p2 switch 3\n>p1 switch 4\n>p2 move scald\n>p1 move gigadrain\n>p2 move hex\n>p1 switch 3\n>p2 move hex\n>p1 move quiverdance\n>p2 move scald\n>chat ☆plop in my pants|ok\n>p1 switch 6\n>p1 move shadowball\n>p2 move hex\n>p1 move shadowball\n>p2 move hex\n>p1 switch 4\n>p2 switch 3\n>p1 move icepunch\n>p2 move toxic\n>p2 switch 6\n>p1 move earthquake\n>p2 move scald\n>p1 switch 2\n>p1 move knockoff\n>p2 move slackoff\n>p2 switch 5\n>p1 move knockoff\n>p2 move psyshock\n>p2 switch 2\n>p1 move knockoff\n>p2 move hiddenpower\n>p1 switch 5\n>p1 move ironhead\n>p2 move hiddenpower", "uploadtime": 1769579313, "views": 197, "formatid": "gen7randombattle", "rating": 1737, "private": 0, "password": null}