{"id": "gen7randombattle-2539853079", "format": "[Gen 7] Random Battle", "players": ["chobomb", "La.Hellhound"], "log": "|j|☆chobomb\n|j|‽La.Hellhound\n|t:|1771117761\n|gametype|singles\n|player|p1|chobomb|102|1556\n|player|p2|La.Hellhound|bruno|1609\n|gen|7\n|tier|[Gen 7] Random Battle\n|rated|\n|rule|Sleep Clause Mod: Limit one foe put to sleep\n|rule|HP Percentage Mod: HP is shown in percentages\n|rule|Illusion Level Mod: Illusion disguises the Pokémon's true level\n|\n|t:|1771117761\n|teamsize|p1|6\n|teamsize|p2|6\n|start\n|switch|p1a: Xerneas|Xerneas, L65|272/272\n|switch|p2a: Purugly|Purugly, L89, M|271/271\n|-ability|p1a: Xerneas|Fairy Aura\n|turn|1\n|inactive|Battle timer is ON: inactive players will automatically lose when time's up. (requested by La.Hellhound)\n|\n|t:|1771117780\n|switch|p1a: Kabutops|Kabutops, L87, M|246/246\n|move|p2a: Purugly|Knock Off|p1a: Kabutops\n|-damage|p1a: Kabutops|154/246\n|-enditem|p1a: Kabutops|Choice Band|[from] move: Knock Off|[of] p2a: Purugly\n|\n|upkeep\n|turn|2\n|\n|t:|1771117793\n|switch|p2a: Scizor|Scizor, L75, M|229/229\n|move|p1a: Kabutops|Stone Edge|p2a: Scizor\n|-damage|p2a: Scizor|96/229\n|\n|upkeep\n|turn|3\n|\n|t:|1771117803\n|switch|p2a: Stunfisk|Stunfisk, L88, F|335/335\n|move|p1a: Kabutops|Stone Edge|p2a: Stunfisk\n|-resisted|p2a: Stunfisk\n|-damage|p2a: Stunfisk|271/335\n|\n|-heal|p2a: Stunfisk|291/335|[from] item: Leftovers\n|upkeep\n|turn|4\n|\n|t:|1771117815\n|switch|p2a: Electivire|Electivire, L86, M|269/269\n|move|p1a: Kabutops|Liquidation|p2a: Electivire\n|-crit|p2a: Electivire\n|-damage|p2a: Electivire|61/269\n|\n|upkeep\n|turn|5\n|\n|t:|1771117824\n|move|p1a: Kabutops|Aqua Jet|p2a: Electivire\n|-damage|p2a: Electivire|0 fnt\n|faint|p2a: Electivire\n|\n|upkeep\n|\n|t:|1771117838\n|switch|p2a: Purugly|Purugly, L89, M|271/271\n|turn|6\n|l|☆chobomb\n|inactive|chobomb disconnected and has a minute to reconnect!\n|player|p1|\n|j|☆chobomb\n|inactive|chobomb reconnected and has 125 seconds left.\n|player|p1|chobomb|102|\n|inactive|chobomb has 120 seconds left.\n|\n|t:|1771117871\n|move|p2a: Purugly|Stomping Tantrum|p1a: Kabutops\n|-supereffective|p1a: Kabutops\n|-damage|p1a: Kabutops|26/246\n|move|p1a: Kabutops|Stone Edge|p2a: Purugly\n|-damage|p2a: Purugly|120/271\n|\n|upkeep\n|turn|7\n|inactive|chobomb has 120 seconds left.\n|\n|t:|1771117887\n|move|p1a: Kabutops|Aqua Jet|p2a: Purugly\n|-damage|p2a: Purugly|54/271\n|move|p2a: Purugly|Stomping Tantrum|p1a: Kabutops\n|-supereffective|p1a: Kabutops\n|-damage|p1a: Kabutops|0 fnt\n|faint|p1a: Kabutops\n|\n|upkeep\n|inactive|chobomb has 120 seconds left.\n|\n|t:|1771117912\n|switch|p1a: Klinklang|Klinklang, L87|246/246\n|turn|8\n|inactive|chobomb has 90 seconds left.\n|\n|t:|1771117943\n|switch|p2a: Torkoal|Torkoal, L84, F|255/255\n|-weather|SunnyDay|[from] ability: Drought|[of] p2a: Torkoal\n|move|p1a: Klinklang|Shift Gear|p1a: Klinklang\n|-boost|p1a: Klinklang|spe|2\n|-boost|p1a: Klinklang|atk|1\n|\n|-weather|SunnyDay|[upkeep]\n|upkeep\n|turn|9\n|\n|t:|1771117957\n|-zpower|p1a: Klinklang\n|move|p1a: Klinklang|Breakneck Blitz|p2a: Torkoal|[zeffect]\n|-damage|p2a: Torkoal|122/255\n|move|p2a: Torkoal|Lava Plume|p1a: Klinklang\n|-supereffective|p1a: Klinklang\n|-damage|p1a: Klinklang|28/246\n|-status|p1a: Klinklang|brn\n|\n|-weather|SunnyDay|[upkeep]\n|-damage|p1a: Klinklang|13/246 brn|[from] brn\n|upkeep\n|turn|10\n|inactive|chobomb has 90 seconds left.\n|inactive|chobomb has 60 seconds left.\n|\n|t:|1771118011\n|switch|p2a: Azelf|Azelf, L82|257/257\n|move|p1a: Klinklang|Wild Charge|p2a: Azelf\n|-damage|p2a: Azelf|192/257\n|-damage|p1a: Klinklang|0 fnt|[from] Recoil\n|faint|p1a: Klinklang\n|\n|-weather|SunnyDay|[upkeep]\n|-heal|p2a: Azelf|208/257|[from] item: Leftovers\n|upkeep\n|\n|t:|1771118032\n|switch|p1a: Xerneas|Xerneas, L65|272/272\n|-ability|p1a: Xerneas|Fairy Aura\n|turn|11\n|\n|t:|1771118037\n|move|p2a: Azelf|Taunt|p1a: Xerneas\n|-start|p1a: Xerneas|move: Taunt\n|cant|p1a: Xerneas|move: Taunt|Geomancy\n|\n|-weather|SunnyDay|[upkeep]\n|-heal|p2a: Azelf|224/257|[from] item: Leftovers\n|upkeep\n|turn|12\n|\n|t:|1771118045\n|move|p2a: Azelf|Psychic|p1a: Xerneas\n|-damage|p1a: Xerneas|142/272\n|move|p1a: Xerneas|Moonblast|p2a: Azelf\n|-damage|p2a: Azelf|101/257\n|-unboost|p2a: Azelf|spa|1\n|\n|-weather|none\n|-heal|p2a: Azelf|117/257|[from] item: Leftovers\n|upkeep\n|turn|13\n|inactive|chobomb has 60 seconds left.\n|\n|t:|1771118055\n|move|p2a: Azelf|U-turn|p1a: Xerneas\n|-resisted|p1a: Xerneas\n|-damage|p1a: Xerneas|107/272\n|\n|t:|1771118059\n|switch|p2a: Scizor|Scizor, L75, M|96/229|[from] U-turn\n|move|p1a: Xerneas|Moonblast|p2a: Scizor\n|-resisted|p2a: Scizor\n|-damage|p2a: Scizor|33/229\n|\n|-end|p1a: Xerneas|move: Taunt\n|upkeep\n|turn|14\n|inactive|chobomb has 60 seconds left.\n|\n|t:|1771118076\n|detailschange|p2a: Scizor|Scizor-Mega, L75, M\n|-mega|p2a: Scizor|Scizor|Scizorite\n|move|p2a: Scizor|Bullet Punch|p1a: Xerneas\n|-supereffective|p1a: Xerneas\n|-damage|p1a: Xerneas|0 fnt\n|faint|p1a: Xerneas\n|\n|upkeep\n|inactive|chobomb has 60 seconds left.\n|\n|t:|1771118095\n|switch|p1a: Primeape|Primeape, L89, F|260/260\n|turn|15\n|\n|t:|1771118118\n|move|p2a: Scizor|Bullet Punch|p1a: Primeape\n|-damage|p1a: Primeape|161/260\n|move|p1a: Primeape|Throat Chop|p2a: Scizor\n|-damage|p2a: Scizor|0 fnt\n|faint|p2a: Scizor\n|detailschange|p2: Scizor|Scizor, L75, M|[silent]\n|-damage|p1a: Primeape|135/260|[from] item: Life Orb\n|\n|upkeep\n|\n|t:|1771118127\n|switch|p2a: Azelf|Azelf, L82|117/257\n|turn|16\n|inactive|chobomb has 60 seconds left.\n|\n|t:|1771118144\n|move|p2a: Azelf|Psychic|p1a: Primeape\n|-supereffective|p1a: Primeape\n|-damage|p1a: Primeape|0 fnt\n|faint|p1a: Primeape\n|\n|-heal|p2a: Azelf|133/257|[from] item: Leftovers\n|upkeep\n|\n|t:|1771118146\n|switch|p1a: Blastoise|Blastoise, L82, F|264/264\n|turn|17\n|\n|t:|1771118162\n|detailschange|p1a: Blastoise|Blastoise-Mega, L82, F\n|-mega|p1a: Blastoise|Blastoise|Blastoisinite\n|move|p2a: Azelf|U-turn|p1a: Blastoise\n|-damage|p1a: Blastoise|216/264\n|\n|t:|1771118167\n|switch|p2a: Torkoal|Torkoal, L84, F|122/255|[from] U-turn\n|-weather|SunnyDay|[from] ability: Drought|[of] p2a: Torkoal\n|move|p1a: Blastoise|Dark Pulse|p2a: Torkoal\n|-damage|p2a: Torkoal|41/255\n|\n|-weather|SunnyDay|[upkeep]\n|upkeep\n|turn|18\n|\n|t:|1771118189\n|move|p1a: Blastoise|Scald|p2a: Torkoal\n|-supereffective|p2a: Torkoal\n|-damage|p2a: Torkoal|0 fnt\n|faint|p2a: Torkoal\n|\n|-weather|SunnyDay|[upkeep]\n|upkeep\n|\n|t:|1771118198\n|switch|p2a: Stunfisk|Stunfisk, L88, F|291/335\n|turn|19\n|\n|t:|1771118210\n|switch|p1a: Wobbuffet|Wobbuffet, L94, F|510/510\n|move|p2a: Stunfisk|Discharge|p1a: Wobbuffet\n|-damage|p1a: Wobbuffet|407/510\n|\n|-weather|SunnyDay|[upkeep]\n|-heal|p2a: Stunfisk|311/335|[from] item: Leftovers\n|upkeep\n|turn|20\n|\n|t:|1771118219\n|move|p2a: Stunfisk|Toxic|p1a: Wobbuffet\n|-status|p1a: Wobbuffet|tox\n|move|p1a: Wobbuffet|Mirror Coat||[still]\n|-fail|p1a: Wobbuffet\n|\n|-weather|SunnyDay|[upkeep]\n|-heal|p2a: Stunfisk|331/335|[from] item: Leftovers\n|-damage|p1a: Wobbuffet|376/510 tox|[from] psn\n|upkeep\n|turn|21\n|inactive|chobomb has 90 seconds left.\n|\n|t:|1771118230\n|switch|p1a: Blastoise|Blastoise-Mega, L82, F|216/264\n|move|p2a: Stunfisk|Stealth Rock|p1a: Blastoise\n|-sidestart|p1: chobomb|move: Stealth Rock\n|\n|-weather|none\n|-heal|p2a: Stunfisk|335/335|[from] item: Leftovers\n|upkeep\n|turn|22\n|-message|chobomb forfeited.\n|\n|win|La.Hellhound\n|raw|chobomb's rating: 1556 &rarr; <strong>1539</strong><br />(-17 for losing)\n|raw|La.Hellhound's rating: 1609 &rarr; <strong>1626</strong><br />(+17 for winning)\n|l|☆chobomb\n|player|p1|\n", "inputlog": ">version ccdc32dd7cde25fd9e4bed64820e885f66e78a4e\n>start {\"formatid\":\"gen7randombattle\",\"seed\":\"sodium,151183d552adcb954378def8c43f000e\",\"rated\":\"Rated battle\"}\n>player p1 {\"name\":\"chobomb\",\"avatar\":\"102\",\"rating\":1556,\"seed\":\"sodium,4df63693f981bb53daa69f718caf9eb3\"}\n>player p2 {\"name\":\"La.Hellhound\",\"avatar\":\"bruno\",\"rating\":1609,\"seed\":\"sodium,28297f22448737a3160e13672be239aa\"}\n>p1 switch 2\n>p2 move knockoff\n>p1 move stoneedge\n>p2 switch 4\n>p1 move stoneedge\n>p2 switch 6\n>p1 move liquidation\n>p2 switch 3\n>p1 move aquajet\n>p2 move wildcharge\n>p2 switch 4\n>p1 move stoneedge\n>p2 move stompingtantrum\n>p1 move aquajet\n>p2 move stompingtantrum\n>p1 switch 3\n>p1 move shiftgear\n>p2 switch 5\n>p1 move return zmove\n>p2 move lavaplume\n>p1 move wildcharge\n>p2 switch 2\n>p1 switch 2\n>p1 move geomancy\n>p2 move taunt\n>p1 move moonblast\n>p2 move psychic\n>p1 move moonblast\n>p2 move uturn\n>p2 switch 6\n>p1 move moonblast\n>p2 move bulletpunch mega\n>p1 switch 5\n>p1 move throatchop\n>p2 move bulletpunch\n>p2 switch 6\n>p1 move throatchop\n>p2 move psychic\n>p1 switch 6\n>p1 move darkpulse mega\n>p2 move uturn\n>p2 switch 2\n>p1 move scald\n>p2 move solarbeam\n>p2 switch 3\n>p1 switch 4\n>p2 move discharge\n>p1 move mirrorcoat\n>p2 move toxic\n>p1 switch 4\n>p2 move stealthrock\n>forcelose p1", "uploadtime": 1771118238, "views": 100, "formatid": "gen7randombattle", "rating": 1539, "private": 0, "password": null}