{"id": "gen7randombattle-2525120666", "format": "[Gen 7] Random Battle", "players": ["deezpeez", "SaintDarko"], "log": "|j|☆deezpeez\n|j|☆SaintDarko\n|t:|1769231731\n|gametype|singles\n|player|p1|deezpeez|hilbert|1580\n|player|p2|SaintDarko|265|1554\n|gen|7\n|tier|[Gen 7] Random Battle\n|rated|\n|rule|Sleep Clause Mod: Limit one foe put to sleep\n|rule|HP Percentage Mod: HP is shown in percentages\n|rule|Illusion Level Mod: Illusion disguises the Pokémon's true level\n|\n|t:|1769231731\n|teamsize|p1|6\n|teamsize|p2|6\n|start\n|switch|p1a: Meganium|Meganium, L92, M|297/297\n|switch|p2a: Meganium|Meganium, L92, F|297/297\n|turn|1\n|inactive|Battle timer is ON: inactive players will automatically lose when time's up. (requested by deezpeez)\n|inactive|SaintDarko also wants the timer to be on.\n|\n|t:|1769231741\n|switch|p1a: Alakazam|Alakazam, L78, M|214/214\n|move|p2a: Meganium|Toxic|p1a: Alakazam\n|-status|p1a: Alakazam|tox\n|\n|upkeep\n|turn|2\n|\n|t:|1769231749\n|switch|p2a: Shedinja|Shedinja, L96|1/1\n|move|p1a: Alakazam|Encore||[still]\n|-fail|p1a: Alakazam\n|\n|upkeep\n|turn|3\n|\n|t:|1769231762\n|switch|p1a: Meganium|Meganium, L92, M|297/297\n|move|p2a: Shedinja|X-Scissor|p1a: Meganium\n|-supereffective|p1a: Meganium\n|-damage|p1a: Meganium|109/297\n|\n|-heal|p1a: Meganium|127/297|[from] item: Leftovers\n|upkeep\n|turn|4\n|\n|t:|1769231768\n|switch|p2a: Alakazam|Alakazam, L78, F|214/214\n|move|p1a: Meganium|Toxic|p2a: Alakazam\n|-status|p2a: Alakazam|tox\n|\n|-heal|p1a: Meganium|145/297|[from] item: Leftovers\n|upkeep\n|turn|5\n|\n|t:|1769231775\n|move|p2a: Alakazam|Substitute|p2a: Alakazam\n|-start|p2a: Alakazam|Substitute\n|-damage|p2a: Alakazam|161/214 tox\n|move|p1a: Meganium|Synthesis|p1a: Meganium\n|-heal|p1a: Meganium|293/297\n|\n|-heal|p1a: Meganium|297/297|[from] item: Leftovers\n|upkeep\n|turn|6\n|\n|t:|1769231778\n|move|p2a: Alakazam|Calm Mind|p2a: Alakazam\n|-boost|p2a: Alakazam|spa|1\n|-boost|p2a: Alakazam|spd|1\n|move|p1a: Meganium|Energy Ball|p2a: Alakazam\n|-end|p2a: Alakazam|Substitute\n|\n|upkeep\n|turn|7\n|\n|t:|1769231781\n|move|p2a: Alakazam|Calm Mind|p2a: Alakazam\n|-boost|p2a: Alakazam|spa|1\n|-boost|p2a: Alakazam|spd|1\n|move|p1a: Meganium|Energy Ball|p2a: Alakazam\n|-damage|p2a: Alakazam|107/214 tox\n|\n|upkeep\n|turn|8\n|\n|t:|1769231784\n|move|p2a: Alakazam|Psychic|p1a: Meganium\n|-damage|p1a: Meganium|125/297\n|move|p1a: Meganium|Energy Ball|p2a: Alakazam\n|-damage|p2a: Alakazam|56/214 tox\n|\n|-heal|p1a: Meganium|143/297|[from] item: Leftovers\n|upkeep\n|turn|9\n|\n|t:|1769231786\n|move|p2a: Alakazam|Psychic|p1a: Meganium\n|-damage|p1a: Meganium|0 fnt\n|faint|p1a: Meganium\n|\n|upkeep\n|\n|t:|1769231792\n|switch|p1a: Alakazam|Alakazam, L78, M|214/214 tox\n|turn|10\n|\n|t:|1769231796\n|detailschange|p1a: Alakazam|Alakazam-Mega, L78, M\n|-mega|p1a: Alakazam|Alakazam|Alakazite\n|-ability|p1a: Alakazam|Magic Guard|Trace|[from] ability: Trace|[of] p2a: Alakazam\n|detailschange|p2a: Alakazam|Alakazam-Mega, L78, F\n|-mega|p2a: Alakazam|Alakazam|Alakazite\n|-ability|p2a: Alakazam|Magic Guard|Trace|[from] ability: Trace|[of] p1a: Alakazam\n|move|p2a: Alakazam|Psychic|p1a: Alakazam\n|-resisted|p1a: Alakazam\n|-damage|p1a: Alakazam|88/214 tox\n|move|p1a: Alakazam|Calm Mind|p1a: Alakazam\n|-boost|p1a: Alakazam|spa|1\n|-boost|p1a: Alakazam|spd|1\n|\n|upkeep\n|turn|11\n|\n|t:|1769231807\n|move|p2a: Alakazam|Psychic|p1a: Alakazam\n|-resisted|p1a: Alakazam\n|-damage|p1a: Alakazam|11/214 tox\n|move|p1a: Alakazam|Psyshock|p2a: Alakazam\n|-resisted|p2a: Alakazam\n|-damage|p2a: Alakazam|0 fnt\n|faint|p2a: Alakazam\n|detailschange|p2: Alakazam|Alakazam, L78, F|[silent]\n|\n|upkeep\n|\n|t:|1769231811\n|switch|p2a: Shedinja|Shedinja, L96|1/1\n|turn|12\n|c|☆deezpeez|son\n|\n|t:|1769231819\n|move|p1a: Alakazam|Psyshock|p2a: Shedinja\n|-immune|p2a: Shedinja|[from] ability: Wonder Guard\n|move|p2a: Shedinja|Swords Dance|p2a: Shedinja\n|-boost|p2a: Shedinja|atk|2\n|\n|upkeep\n|turn|13\n|\n|t:|1769231822\n|move|p1a: Alakazam|Encore|p2a: Shedinja\n|-start|p2a: Shedinja|Encore\n|move|p2a: Shedinja|Swords Dance|p2a: Shedinja\n|-boost|p2a: Shedinja|atk|2\n|\n|upkeep\n|turn|14\n|\n|t:|1769231830\n|switch|p1a: Heatran|Heatran, L80, M|277/277\n|switch|p2a: Illumise|Illumise, L92, F|269/269\n|\n|upkeep\n|turn|15\n|\n|t:|1769231837\n|switch|p2a: Golduck|Golduck, L93, M|300/300\n|-ability|p2a: Golduck|Cloud Nine\n|move|p1a: Heatran|Magma Storm|p2a: Golduck\n|-resisted|p2a: Golduck\n|-damage|p2a: Golduck|238/300\n|-activate|p2a: Golduck|move: Magma Storm|[of] p1a: Heatran\n|\n|-heal|p2a: Golduck|256/300|[from] item: Leftovers\n|-damage|p2a: Golduck|219/300|[from] move: Magma Storm|[partiallytrapped]\n|upkeep\n|turn|16\n|\n|t:|1769231841\n|move|p1a: Heatran|Protect|p1a: Heatran\n|-singleturn|p1a: Heatran|Protect\n|move|p2a: Golduck|Scald|p1a: Heatran\n|-activate|p1a: Heatran|move: Protect\n|\n|-heal|p2a: Golduck|237/300|[from] item: Leftovers\n|-damage|p2a: Golduck|200/300|[from] move: Magma Storm|[partiallytrapped]\n|upkeep\n|turn|17\n|\n|t:|1769231845\n|switch|p1a: Alakazam|Alakazam-Mega, L78, M|11/214 tox\n|-ability|p1a: Alakazam|Cloud Nine|Trace|[from] ability: Trace|[of] p2a: Golduck\n|move|p2a: Golduck|Scald|p1a: Alakazam\n|-damage|p1a: Alakazam|0 fnt\n|faint|p1a: Alakazam\n|detailschange|p1: Alakazam|Alakazam, L78, M|[silent]\n|\n|-heal|p2a: Golduck|218/300|[from] item: Leftovers\n|-end|p2a: Golduck|Magma Storm|[partiallytrapped]|[silent]\n|upkeep\n|\n|t:|1769231849\n|switch|p1a: Phione|Phione, L93|300/300\n|turn|18\n|\n|t:|1769231853\n|switch|p2a: Meganium|Meganium, L92, F|297/297\n|move|p1a: Phione|Knock Off|p2a: Meganium\n|-damage|p2a: Meganium|235/297\n|-enditem|p2a: Meganium|Leftovers|[from] move: Knock Off|[of] p1a: Phione\n|\n|upkeep\n|turn|19\n|\n|t:|1769231858\n|move|p1a: Phione|Ice Beam|p2a: Meganium\n|-supereffective|p2a: Meganium\n|-damage|p2a: Meganium|129/297\n|move|p2a: Meganium|Leech Seed|p1a: Phione\n|-start|p1a: Phione|move: Leech Seed\n|\n|-damage|p1a: Phione|263/300|[from] Leech Seed|[of] p2a: Meganium\n|-heal|p2a: Meganium|166/297|[silent]\n|upkeep\n|turn|20\n|\n|t:|1769231864\n|switch|p1a: Heatran|Heatran, L80, M|277/277\n|switch|p2a: Golduck|Golduck, L93, M|218/300\n|-ability|p2a: Golduck|Cloud Nine\n|\n|-heal|p2a: Golduck|236/300|[from] item: Leftovers\n|upkeep\n|turn|21\n|\n|t:|1769231872\n|switch|p1a: Phione|Phione, L93|263/300\n|move|p2a: Golduck|Substitute|p2a: Golduck\n|-start|p2a: Golduck|Substitute\n|-damage|p2a: Golduck|161/300\n|\n|-heal|p2a: Golduck|179/300|[from] item: Leftovers\n|upkeep\n|turn|22\n|\n|t:|1769231875\n|move|p2a: Golduck|Calm Mind|p2a: Golduck\n|-boost|p2a: Golduck|spa|1\n|-boost|p2a: Golduck|spd|1\n|move|p1a: Phione|Knock Off|p2a: Golduck\n|-activate|p2a: Golduck|move: Substitute|[damage]\n|\n|-heal|p2a: Golduck|197/300|[from] item: Leftovers\n|upkeep\n|turn|23\n|\n|t:|1769231884\n|move|p2a: Golduck|Calm Mind|p2a: Golduck\n|-boost|p2a: Golduck|spa|1\n|-boost|p2a: Golduck|spd|1\n|move|p1a: Phione|Knock Off|p2a: Golduck\n|-end|p2a: Golduck|Substitute\n|\n|-heal|p2a: Golduck|215/300|[from] item: Leftovers\n|upkeep\n|turn|24\n|\n|t:|1769231891\n|switch|p1a: Deoxys|Deoxys-Defense, L85|224/224\n|-ability|p1a: Deoxys|Pressure\n|move|p2a: Golduck|Substitute|p2a: Golduck\n|-start|p2a: Golduck|Substitute\n|-damage|p2a: Golduck|140/300\n|\n|-heal|p2a: Golduck|158/300|[from] item: Leftovers\n|upkeep\n|turn|25\n|c|☆deezpeez|alr bud\n|\n|t:|1769231915\n|move|p2a: Golduck|Calm Mind|p2a: Golduck\n|-boost|p2a: Golduck|spa|1\n|-boost|p2a: Golduck|spd|1\n|move|p1a: Deoxys|Nasty Plot|p1a: Deoxys\n|-boost|p1a: Deoxys|spa|2\n|\n|-heal|p2a: Golduck|176/300|[from] item: Leftovers\n|upkeep\n|turn|26\n|\n|t:|1769231920\n|move|p2a: Golduck|Scald|p1a: Deoxys\n|-damage|p1a: Deoxys|74/224\n|move|p1a: Deoxys|Psyshock|p2a: Golduck\n|-end|p2a: Golduck|Substitute\n|\n|-heal|p2a: Golduck|194/300|[from] item: Leftovers\n|-heal|p1a: Deoxys|88/224|[from] item: Leftovers\n|upkeep\n|turn|27\n|\n|t:|1769231924\n|move|p2a: Golduck|Scald|p1a: Deoxys\n|-damage|p1a: Deoxys|0 fnt\n|faint|p1a: Deoxys\n|\n|-heal|p2a: Golduck|212/300|[from] item: Leftovers\n|upkeep\n|\n|t:|1769231932\n|switch|p1a: Dugtrio|Dugtrio, L84, F|196/196\n|turn|28\n|\n|t:|1769231937\n|move|p1a: Dugtrio|Earthquake|p2a: Golduck\n|-damage|p2a: Golduck|52/300\n|move|p2a: Golduck|Scald|p1a: Dugtrio\n|-supereffective|p1a: Dugtrio\n|-damage|p1a: Dugtrio|0 fnt\n|faint|p1a: Dugtrio\n|\n|-heal|p2a: Golduck|70/300|[from] item: Leftovers\n|upkeep\n|\n|t:|1769231941\n|switch|p1a: Phione|Phione, L93|263/300\n|turn|29\n|c|☆SaintDarko|Gg\n|\n|t:|1769231946\n|move|p2a: Golduck|Substitute|p2a: Golduck\n|-fail|p2a: Golduck|move: Substitute|[weak]\n|move|p1a: Phione|Knock Off|p2a: Golduck\n|-damage|p2a: Golduck|0 fnt\n|-enditem|p2a: Golduck|Leftovers|[from] move: Knock Off|[of] p1a: Phione\n|faint|p2a: Golduck\n|\n|upkeep\n|\n|t:|1769231954\n|switch|p2a: Illumise|Illumise, L92, F|269/269\n|turn|30\n|c|☆deezpeez|holy snark\n|\n|t:|1769231970\n|move|p2a: Illumise|Thunder Wave|p1a: Phione|[miss]\n|-miss|p2a: Illumise|p1a: Phione\n|move|p1a: Phione|Scald|p2a: Illumise\n|-damage|p2a: Illumise|181/269\n|\n|-heal|p2a: Illumise|197/269|[from] item: Leftovers\n|upkeep\n|turn|31\n|\n|t:|1769231973\n|switch|p1a: Heatran|Heatran, L80, M|277/277\n|move|p2a: Illumise|Thunder Wave|p1a: Heatran\n|-status|p1a: Heatran|par\n|\n|-heal|p2a: Illumise|213/269|[from] item: Leftovers\n|upkeep\n|turn|32\n|\n|t:|1769231979\n|switch|p2a: Shedinja|Shedinja, L96|1/1\n|move|p1a: Heatran|Magma Storm|p2a: Shedinja|[miss]\n|-miss|p1a: Heatran|p2a: Shedinja\n|\n|upkeep\n|turn|33\n|\n|t:|1769231985\n|move|p2a: Shedinja|Swords Dance|p2a: Shedinja\n|-boost|p2a: Shedinja|atk|2\n|cant|p1a: Heatran|par\n|\n|upkeep\n|turn|34\n|\n|t:|1769231991\n|move|p2a: Shedinja|Shadow Sneak|p1a: Heatran\n|-damage|p1a: Heatran|184/277 par\n|move|p1a: Heatran|Toxic|p2a: Shedinja\n|-status|p2a: Shedinja|tox\n|\n|-heal|p1a: Heatran|201/277 par|[from] item: Leftovers\n|-damage|p2a: Shedinja|0 fnt|[from] psn\n|faint|p2a: Shedinja\n|upkeep\n|\n|t:|1769231996\n|switch|p2a: Illumise|Illumise, L92, F|238/238\n|turn|35\n|\n|t:|1769231999\n|move|p1a: Heatran|Protect|p1a: Heatran\n|-singleturn|p1a: Heatran|Protect\n|move|p2a: Illumise|Focus Blast|p1a: Heatran\n|-activate|p1a: Heatran|move: Protect\n|\n|-heal|p1a: Heatran|218/277 par|[from] item: Leftovers\n|upkeep\n|turn|36\n|\n|t:|1769232004\n|switch|p1a: Phione|Phione, L93|263/300\n|move|p2a: Illumise|Focus Blast|p1a: Phione|[miss]\n|-miss|p2a: Illumise|p1a: Phione\n|\n|upkeep\n|turn|37\n|\n|t:|1769232006\n|switch|p2a: Meganium|Meganium, L92, F|166/297\n|move|p1a: Phione|Knock Off|p2a: Meganium\n|-damage|p2a: Meganium|124/297\n|\n|upkeep\n|turn|38\n|\n|t:|1769232010\n|move|p1a: Phione|U-turn|p2a: Meganium\n|-supereffective|p2a: Meganium\n|-damage|p2a: Meganium|32/297\n|\n|t:|1769232012\n|switch|p1a: Heatran|Heatran, L80, M|218/277 par|[from] U-turn\n|move|p2a: Meganium|Synthesis|p2a: Meganium\n|-heal|p2a: Meganium|180/297\n|\n|-heal|p1a: Heatran|235/277 par|[from] item: Leftovers\n|upkeep\n|turn|39\n|\n|t:|1769232016\n|move|p2a: Meganium|Leech Seed|p1a: Heatran\n|-start|p1a: Heatran|move: Leech Seed\n|move|p1a: Heatran|Magma Storm|p2a: Meganium\n|-supereffective|p2a: Meganium\n|-damage|p2a: Meganium|0 fnt\n|faint|p2a: Meganium\n|\n|-heal|p1a: Heatran|252/277 par|[from] item: Leftovers\n|upkeep\n|\n|t:|1769232018\n|switch|p2a: Illumise|Illumise, L92, F|238/238\n|turn|40\n|\n|t:|1769232022\n|move|p1a: Heatran|Protect|p1a: Heatran\n|-singleturn|p1a: Heatran|Protect\n|move|p2a: Illumise|Dark Pulse|p1a: Heatran\n|-activate|p1a: Heatran|move: Protect\n|\n|-heal|p1a: Heatran|269/277 par|[from] item: Leftovers\n|-damage|p1a: Heatran|235/277 par|[from] Leech Seed|[of] p2a: Illumise\n|upkeep\n|turn|41\n|\n|t:|1769232027\n|switch|p1a: Phione|Phione, L93|263/300\n|move|p2a: Illumise|Dark Pulse|p1a: Phione\n|-damage|p1a: Phione|170/300\n|\n|upkeep\n|turn|42\n|\n|t:|1769232029\n|move|p2a: Illumise|Dark Pulse|p1a: Phione\n|-damage|p1a: Phione|79/300\n|move|p1a: Phione|Knock Off|p2a: Illumise\n|-resisted|p2a: Illumise\n|-damage|p2a: Illumise|187/238\n|replace|p2a: Zoroark|Zoroark, L84, M\n|-end|p2a: Zoroark|Illusion\n|-hint|Illusion Level Mod is active, so this Pokémon's true level was hidden.\n|-enditem|p2a: Zoroark|Choice Specs|[from] move: Knock Off|[of] p1a: Phione\n|\n|upkeep\n|turn|43\n|\n|t:|1769232040\n|move|p2a: Zoroark|Dark Pulse|p1a: Phione\n|-damage|p1a: Phione|15/300\n|move|p1a: Phione|U-turn|p2a: Zoroark\n|-supereffective|p2a: Zoroark\n|-damage|p2a: Zoroark|43/238\n|\n|t:|1769232045\n|switch|p1a: Heatran|Heatran, L80, M|235/277 par|[from] U-turn\n|\n|-heal|p1a: Heatran|252/277 par|[from] item: Leftovers\n|upkeep\n|turn|44\n|\n|t:|1769232053\n|move|p1a: Heatran|Protect|p1a: Heatran\n|-singleturn|p1a: Heatran|Protect\n|move|p2a: Zoroark|Focus Blast|p1a: Heatran\n|-activate|p1a: Heatran|move: Protect\n|\n|-heal|p1a: Heatran|269/277 par|[from] item: Leftovers\n|upkeep\n|turn|45\n|\n|t:|1769232065\n|switch|p1a: Phione|Phione, L93|15/300\n|move|p2a: Zoroark|Focus Blast|p1a: Phione\n|-damage|p1a: Phione|0 fnt\n|faint|p1a: Phione\n|\n|upkeep\n|\n|t:|1769232070\n|switch|p1a: Heatran|Heatran, L80, M|269/277 par\n|turn|46\n|c|☆deezpeez|let's see if 3 hit\n|\n|t:|1769232084\n|switch|p2a: Illumise|Illumise, L92, F|213/269\n|move|p1a: Heatran|Earth Power|p2a: Illumise\n|-resisted|p2a: Illumise\n|-damage|p2a: Illumise|177/269\n|\n|-heal|p2a: Illumise|193/269|[from] item: Leftovers\n|-heal|p1a: Heatran|277/277 par|[from] item: Leftovers\n|upkeep\n|turn|47\n|\n|t:|1769232093\n|move|p2a: Illumise|Encore|p1a: Heatran\n|-start|p1a: Heatran|Encore\n|move|p1a: Heatran|Earth Power|p2a: Illumise\n|-resisted|p2a: Illumise\n|-damage|p2a: Illumise|157/269\n|\n|-heal|p2a: Illumise|173/269|[from] item: Leftovers\n|upkeep\n|turn|48\n|\n|t:|1769232100\n|move|p2a: Illumise|Bug Buzz|p1a: Heatran\n|-resisted|p1a: Heatran\n|-damage|p1a: Heatran|255/277 par\n|move|p1a: Heatran|Earth Power|p2a: Illumise\n|-resisted|p2a: Illumise\n|-damage|p2a: Illumise|136/269\n|\n|-heal|p2a: Illumise|152/269|[from] item: Leftovers\n|-heal|p1a: Heatran|272/277 par|[from] item: Leftovers\n|upkeep\n|turn|49\n|\n|t:|1769232104\n|move|p2a: Illumise|Bug Buzz|p1a: Heatran\n|-resisted|p1a: Heatran\n|-damage|p1a: Heatran|251/277 par\n|move|p1a: Heatran|Earth Power|p2a: Illumise\n|-resisted|p2a: Illumise\n|-damage|p2a: Illumise|120/269\n|\n|-heal|p2a: Illumise|136/269|[from] item: Leftovers\n|-heal|p1a: Heatran|268/277 par|[from] item: Leftovers\n|-end|p1a: Heatran|Encore\n|upkeep\n|turn|50\n|\n|t:|1769232111\n|move|p2a: Illumise|Encore|p1a: Heatran\n|-start|p1a: Heatran|Encore\n|move|p1a: Heatran|Earth Power|p2a: Illumise\n|-resisted|p2a: Illumise\n|-damage|p2a: Illumise|101/269\n|\n|-heal|p2a: Illumise|117/269|[from] item: Leftovers\n|-heal|p1a: Heatran|277/277 par|[from] item: Leftovers\n|upkeep\n|turn|51\n|\n|t:|1769232114\n|move|p2a: Illumise|Roost|p2a: Illumise\n|-heal|p2a: Illumise|252/269\n|-singleturn|p2a: Illumise|move: Roost\n|cant|p1a: Heatran|par\n|\n|-heal|p2a: Illumise|268/269|[from] item: Leftovers\n|upkeep\n|turn|52\n|\n|t:|1769232116\n|move|p2a: Illumise|Bug Buzz|p1a: Heatran\n|-resisted|p1a: Heatran\n|-crit|p1a: Heatran\n|-damage|p1a: Heatran|244/277 par\n|move|p1a: Heatran|Earth Power|p2a: Illumise\n|-resisted|p2a: Illumise\n|-damage|p2a: Illumise|232/269\n|\n|-heal|p2a: Illumise|248/269|[from] item: Leftovers\n|-heal|p1a: Heatran|261/277 par|[from] item: Leftovers\n|-end|p1a: Heatran|Encore\n|upkeep\n|turn|53\n|\n|t:|1769232118\n|cant|p1a: Heatran|par\n|move|p2a: Illumise|Encore|p1a: Heatran\n|-start|p1a: Heatran|Encore\n|\n|-heal|p2a: Illumise|264/269|[from] item: Leftovers\n|-heal|p1a: Heatran|277/277 par|[from] item: Leftovers\n|upkeep\n|turn|54\n|\n|t:|1769232124\n|move|p2a: Illumise|Bug Buzz|p1a: Heatran\n|-resisted|p1a: Heatran\n|-damage|p1a: Heatran|257/277 par\n|move|p1a: Heatran|Earth Power|p2a: Illumise\n|-resisted|p2a: Illumise\n|-damage|p2a: Illumise|229/269\n|\n|-heal|p2a: Illumise|245/269|[from] item: Leftovers\n|-heal|p1a: Heatran|274/277 par|[from] item: Leftovers\n|upkeep\n|turn|55\n|\n|t:|1769232135\n|move|p2a: Illumise|Bug Buzz|p1a: Heatran\n|-resisted|p1a: Heatran\n|-damage|p1a: Heatran|252/277 par\n|-unboost|p1a: Heatran|spd|1\n|move|p1a: Heatran|Earth Power|p2a: Illumise\n|-resisted|p2a: Illumise\n|-damage|p2a: Illumise|208/269\n|\n|-heal|p2a: Illumise|224/269|[from] item: Leftovers\n|-heal|p1a: Heatran|269/277 par|[from] item: Leftovers\n|upkeep\n|turn|56\n|\n|t:|1769232143\n|move|p2a: Illumise|Bug Buzz|p1a: Heatran\n|-resisted|p1a: Heatran\n|-damage|p1a: Heatran|236/277 par\n|move|p1a: Heatran|Earth Power|p2a: Illumise\n|-resisted|p2a: Illumise\n|-damage|p2a: Illumise|189/269\n|\n|-heal|p2a: Illumise|205/269|[from] item: Leftovers\n|-heal|p1a: Heatran|253/277 par|[from] item: Leftovers\n|-end|p1a: Heatran|Encore\n|upkeep\n|turn|57\n|\n|t:|1769232149\n|cant|p1a: Heatran|par\n|move|p2a: Illumise|Encore|p1a: Heatran\n|-start|p1a: Heatran|Encore\n|\n|-heal|p2a: Illumise|221/269|[from] item: Leftovers\n|-heal|p1a: Heatran|270/277 par|[from] item: Leftovers\n|upkeep\n|turn|58\n|c|☆deezpeez|this is aids\n|\n|t:|1769232159\n|move|p2a: Illumise|Bug Buzz|p1a: Heatran\n|-resisted|p1a: Heatran\n|-damage|p1a: Heatran|241/277 par\n|move|p1a: Heatran|Earth Power|p2a: Illumise\n|-resisted|p2a: Illumise\n|-damage|p2a: Illumise|184/269\n|\n|-heal|p2a: Illumise|200/269|[from] item: Leftovers\n|-heal|p1a: Heatran|258/277 par|[from] item: Leftovers\n|upkeep\n|turn|59\n|c|☆SaintDarko|What is aids?\n|\n|t:|1769232171\n|move|p2a: Illumise|Bug Buzz|p1a: Heatran\n|-resisted|p1a: Heatran\n|-damage|p1a: Heatran|227/277 par\n|cant|p1a: Heatran|par\n|\n|-heal|p2a: Illumise|216/269|[from] item: Leftovers\n|-heal|p1a: Heatran|244/277 par|[from] item: Leftovers\n|upkeep\n|turn|60\n|c|☆deezpeez|this game\n|c|☆deezpeez|i simply outplayed you\n|c|☆SaintDarko|But what means\n|c|☆deezpeez|and you gotta resort to cheap tricks\n|c|☆deezpeez|it's insulting to the game\n|inactive|deezpeez has 120 seconds left.\n|\n|t:|1769232204\n|move|p2a: Illumise|Bug Buzz|p1a: Heatran\n|-resisted|p1a: Heatran\n|-damage|p1a: Heatran|212/277 par\n|move|p1a: Heatran|Earth Power|p2a: Illumise\n|-resisted|p2a: Illumise\n|-damage|p2a: Illumise|184/269\n|\n|-heal|p2a: Illumise|200/269|[from] item: Leftovers\n|-heal|p1a: Heatran|229/277 par|[from] item: Leftovers\n|-end|p1a: Heatran|Encore\n|upkeep\n|turn|61\n|c|☆SaintDarko|What?\n|inactive|deezpeez has 120 seconds left.\n|c|☆deezpeez|is english not your first language\n|c|☆SaintDarko|What are You trying to say? Are You dumb?\n|\n|t:|1769232226\n|move|p2a: Illumise|Bug Buzz|p1a: Heatran\n|-resisted|p1a: Heatran\n|-damage|p1a: Heatran|198/277 par\n|cant|p1a: Heatran|par\n|\n|-heal|p2a: Illumise|216/269|[from] item: Leftovers\n|-heal|p1a: Heatran|215/277 par|[from] item: Leftovers\n|upkeep\n|turn|62\n|inactive|deezpeez has 120 seconds left.\n|c|☆deezpeez|it's pretty clear what im saying\n|\n|t:|1769232238\n|move|p2a: Illumise|Encore|p1a: Heatran\n|-start|p1a: Heatran|Encore\n|move|p1a: Heatran|Earth Power|p2a: Illumise\n|-resisted|p2a: Illumise\n|-damage|p2a: Illumise|181/269\n|\n|-heal|p2a: Illumise|197/269|[from] item: Leftovers\n|-heal|p1a: Heatran|232/277 par|[from] item: Leftovers\n|upkeep\n|turn|63\n|inactive|deezpeez has 120 seconds left.\n|\n|t:|1769232247\n|move|p2a: Illumise|Bug Buzz|p1a: Heatran\n|-resisted|p1a: Heatran\n|-damage|p1a: Heatran|201/277 par\n|move|p1a: Heatran|Earth Power|p2a: Illumise\n|-resisted|p2a: Illumise\n|-damage|p2a: Illumise|161/269\n|\n|-heal|p2a: Illumise|177/269|[from] item: Leftovers\n|-heal|p1a: Heatran|218/277 par|[from] item: Leftovers\n|upkeep\n|turn|64\n|inactive|deezpeez has 120 seconds left.\n|\n|t:|1769232257\n|move|p2a: Illumise|Bug Buzz|p1a: Heatran\n|-resisted|p1a: Heatran\n|-damage|p1a: Heatran|190/277 par\n|move|p1a: Heatran|Earth Power|p2a: Illumise\n|-resisted|p2a: Illumise\n|-damage|p2a: Illumise|141/269\n|\n|-heal|p2a: Illumise|157/269|[from] item: Leftovers\n|-heal|p1a: Heatran|207/277 par|[from] item: Leftovers\n|-end|p1a: Heatran|Encore\n|upkeep\n|turn|65\n|\n|t:|1769232262\n|move|p2a: Illumise|Encore|p1a: Heatran\n|-start|p1a: Heatran|Encore\n|move|p1a: Heatran|Earth Power|p2a: Illumise\n|-resisted|p2a: Illumise\n|-damage|p2a: Illumise|125/269\n|\n|-heal|p2a: Illumise|141/269|[from] item: Leftovers\n|-heal|p1a: Heatran|224/277 par|[from] item: Leftovers\n|upkeep\n|turn|66\n|\n|t:|1769232269\n|move|p2a: Illumise|Roost|p2a: Illumise\n|-heal|p2a: Illumise|269/269\n|-singleturn|p2a: Illumise|move: Roost\n|move|p1a: Heatran|Earth Power|p2a: Illumise\n|-resisted|p2a: Illumise\n|-damage|p2a: Illumise|237/269\n|\n|-heal|p2a: Illumise|253/269|[from] item: Leftovers\n|-heal|p1a: Heatran|241/277 par|[from] item: Leftovers\n|-end|p1a: Heatran|Encore\n|upkeep\n|turn|67\n|\n|t:|1769232275\n|move|p2a: Illumise|Encore||[still]\n|-fail|p2a: Illumise\n|move|p1a: Heatran|Magma Storm|p2a: Illumise\n|-supereffective|p2a: Illumise\n|-damage|p2a: Illumise|13/269\n|-activate|p2a: Illumise|move: Magma Storm|[of] p1a: Heatran\n|\n|-heal|p2a: Illumise|29/269|[from] item: Leftovers\n|-heal|p1a: Heatran|258/277 par|[from] item: Leftovers\n|-damage|p2a: Illumise|0 fnt|[from] move: Magma Storm|[partiallytrapped]\n|faint|p2a: Illumise\n|upkeep\n|\n|t:|1769232280\n|switch|p2a: Zoroark|Zoroark, L84, M|43/238\n|turn|68\n|\n|t:|1769232285\n|move|p1a: Heatran|Protect|p1a: Heatran\n|-singleturn|p1a: Heatran|Protect\n|move|p2a: Zoroark|Focus Blast|p1a: Heatran\n|-activate|p1a: Heatran|move: Protect\n|\n|-heal|p1a: Heatran|275/277 par|[from] item: Leftovers\n|upkeep\n|turn|69\n|\n|t:|1769232289\n|move|p2a: Zoroark|Focus Blast|p1a: Heatran\n|-supereffective|p1a: Heatran\n|-damage|p1a: Heatran|0 fnt\n|faint|p1a: Heatran\n|\n|win|SaintDarko\n|raw|deezpeez's rating: 1580 &rarr; <strong>1559</strong><br />(-21 for losing)\n|raw|SaintDarko's rating: 1554 &rarr; <strong>1575</strong><br />(+21 for winning)\n|c|☆SaintDarko|Gg ez\n|l|☆SaintDarko\n|player|p2|\n|c|☆deezpeez|ok\n", "inputlog": ">version dd3d52b8382d73d1dd2c67730c4067df325ab790\n>start {\"formatid\":\"gen7randombattle\",\"seed\":\"sodium,7542624cd753f7b532af3bb5105e9604\",\"rated\":\"Rated battle\"}\n>player p1 {\"name\":\"deezpeez\",\"avatar\":\"hilbert\",\"rating\":1580,\"seed\":\"sodium,28f908a6a4b830910b5505dd5a6a1cbb\"}\n>player p2 {\"name\":\"SaintDarko\",\"avatar\":\"265\",\"rating\":1554,\"seed\":\"sodium,0598f0b8bb8b65bb7cc2d29d72689699\"}\n>p1 switch 3\n>p2 move toxic\n>p1 move encore\n>p2 switch 2\n>p1 switch 3\n>p2 move xscissor\n>p1 move toxic\n>p2 switch 6\n>p1 move synthesis\n>p2 move substitute\n>p1 move energyball\n>p2 move calmmind\n>p1 move energyball\n>p2 move calmmind\n>p1 move energyball\n>p2 move psychic\n>p1 move leechseed\n>p2 move psychic\n>p1 switch 3\n>p1 move calmmind mega\n>p2 move psychic mega\n>p1 move psyshock\n>p2 move psychic\n>p2 switch 6\n>chat ☆deezpeez|son\n>p1 move psyshock\n>p2 move swordsdance\n>p1 move encore\n>p2 move swordsdance\n>p1 switch 4\n>p2 switch 5\n>p1 move magmastorm\n>p2 switch 3\n>p1 move protect\n>p2 move scald\n>p1 switch 4\n>p2 move scald\n>p1 switch 5\n>p1 move knockoff\n>p2 switch 2\n>p1 move icebeam\n>p2 move leechseed\n>p1 switch 4\n>p2 switch 2\n>p1 switch 4\n>p2 move substitute\n>p1 move knockoff\n>p2 move calmmind\n>p1 move knockoff\n>p2 move calmmind\n>p1 switch 6\n>p2 move substitute\n>chat ☆deezpeez|alr bud\n>p1 move nastyplot\n>p2 move calmmind\n>p1 move psyshock\n>p2 move scald\n>p1 move psyshock\n>p2 move scald\n>p1 switch 2\n>p1 move earthquake\n>p2 move scald\n>p1 switch 6\n>chat ☆SaintDarko|Gg\n>p1 move knockoff\n>p2 move substitute\n>p2 switch 3\n>chat ☆deezpeez|holy snark\n>p1 move scald\n>p2 move thunderwave\n>p1 switch 4\n>p2 move thunderwave\n>p1 move magmastorm\n>p2 switch 5\n>p1 move toxic\n>p2 move swordsdance\n>p1 move toxic\n>p2 move shadowsneak\n>p2 switch 4\n>p1 move protect\n>p2 move focusblast\n>p1 switch 4\n>p2 move focusblast\n>p1 move knockoff\n>p2 switch 2\n>p1 move uturn\n>p2 move synthesis\n>p1 switch 4\n>p1 move magmastorm\n>p2 move leechseed\n>p2 switch 2\n>p1 move protect\n>p2 move darkpulse\n>p1 switch 4\n>p2 move darkpulse\n>p1 move knockoff\n>p2 move darkpulse\n>p1 move uturn\n>p2 move darkpulse\n>p1 switch 4\n>p1 move protect\n>p2 move focusblast\n>p1 switch 4\n>p2 move focusblast\n>p1 switch 4\n>chat ☆deezpeez|let's see if 3 hit \n>p1 move earthpower\n>p2 switch 5\n>p1 move magmastorm\n>p2 move encore\n>p1 move earthpower\n>p2 move bugbuzz\n>p1 move earthpower\n>p2 move bugbuzz\n>p1 move earthpower\n>p2 move encore\n>p1 move earthpower\n>p2 move roost\n>p1 move earthpower\n>p2 move bugbuzz\n>p1 move protect\n>p2 move encore\n>p1 move earthpower\n>p2 move bugbuzz\n>p1 move earthpower\n>p2 move bugbuzz\n>p1 move earthpower\n>p2 move bugbuzz\n>p1 move protect\n>p2 move encore\n>chat ☆deezpeez|this is aids\n>p1 move earthpower\n>p2 move bugbuzz\n>chat ☆SaintDarko|What is aids?\n>p1 move earthpower\n>p2 move bugbuzz\n>chat ☆deezpeez|this game\n>chat ☆deezpeez|i simply outplayed you\n>chat ☆SaintDarko|But what means\n>chat ☆deezpeez|and you gotta resort to cheap tricks\n>chat ☆deezpeez|it's insulting to the game\n>p1 move earthpower\n>p2 move bugbuzz\n>chat ☆SaintDarko|What?\n>chat ☆deezpeez|is english not your first language \n>chat ☆SaintDarko|What are You trying to say? Are You dumb?\n>p1 move magmastorm\n>p2 move bugbuzz\n>chat ☆deezpeez|it's pretty clear what im saying \n>p1 move magmastorm\n>p2 move encore\n>p1 move earthpower\n>p2 move bugbuzz\n>p1 move earthpower\n>p2 move bugbuzz\n>p1 move magmastorm\n>p2 move encore\n>p1 move earthpower\n>p2 move roost\n>p1 move magmastorm\n>p2 move encore\n>p2 switch 5\n>p1 move protect\n>p2 move focusblast\n>p1 move magmastorm\n>p2 move focusblast", "uploadtime": 1769232305, "views": 212, "formatid": "gen7randombattle", "rating": 1559, "private": 0, "password": null}