{"id": "gen7randombattle-2527834951", "format": "[Gen 7] Random Battle", "players": ["may/gen3", "Cordelia Faye"], "log": "|j|☆may/gen3\n|j|☆Cordelia Faye\n|t:|1769585890\n|gametype|singles\n|player|p1|may/gen3|may|1722\n|player|p2|Cordelia Faye|caitlin|1713\n|gen|7\n|tier|[Gen 7] Random Battle\n|rated|\n|rule|Sleep Clause Mod: Limit one foe put to sleep\n|rule|HP Percentage Mod: HP is shown in percentages\n|rule|Illusion Level Mod: Illusion disguises the Pokémon's true level\n|\n|t:|1769585890\n|teamsize|p1|6\n|teamsize|p2|6\n|start\n|switch|p1a: Ludicolo|Ludicolo, L89, M|287/287\n|switch|p2a: Chansey|Chansey, L85, F|564/564\n|turn|1\n|inactive|Battle timer is ON: inactive players will automatically lose when time's up. (requested by may/gen3)\n|\n|t:|1769585917\n|switch|p1a: Probopass|Probopass, L92, M|260/260\n|-item|p1a: Probopass|Air Balloon\n|move|p2a: Chansey|Toxic|p1a: Probopass\n|-immune|p1a: Probopass\n|\n|upkeep\n|turn|2\n|\n|t:|1769585928\n|move|p2a: Chansey|Thunder Wave|p1a: Probopass\n|-status|p1a: Probopass|par\n|cant|p1a: Probopass|par\n|\n|upkeep\n|turn|3\n|\n|t:|1769585931\n|move|p2a: Chansey|Seismic Toss|p1a: Probopass\n|-damage|p1a: Probopass|175/260 par\n|-enditem|p1a: Probopass|Air Balloon\n|move|p1a: Probopass|Thunder Wave|p2a: Chansey\n|-status|p2a: Chansey|par\n|\n|upkeep\n|turn|4\n|\n|t:|1769585935\n|move|p2a: Chansey|Seismic Toss|p1a: Probopass\n|-damage|p1a: Probopass|90/260 par\n|cant|p1a: Probopass|par\n|\n|upkeep\n|turn|5\n|\n|t:|1769585938\n|move|p2a: Chansey|Seismic Toss|p1a: Probopass\n|-damage|p1a: Probopass|5/260 par\n|move|p1a: Probopass|Stealth Rock|p2a: Chansey\n|-sidestart|p2: Cordelia Faye|move: Stealth Rock\n|\n|upkeep\n|turn|6\n|\n|t:|1769585942\n|cant|p2a: Chansey|par\n|move|p1a: Probopass|Flash Cannon|p2a: Chansey\n|-damage|p2a: Chansey|516/564 par\n|\n|upkeep\n|turn|7\n|\n|t:|1769585945\n|cant|p2a: Chansey|par\n|cant|p1a: Probopass|par\n|\n|upkeep\n|turn|8\n|\n|t:|1769585947\n|cant|p2a: Chansey|par\n|cant|p1a: Probopass|par\n|\n|upkeep\n|turn|9\n|\n|t:|1769585952\n|switch|p1a: Drifblim|Drifblim, L85, M|392/392\n|move|p2a: Chansey|Seismic Toss|p1a: Drifblim\n|-immune|p1a: Drifblim\n|\n|upkeep\n|turn|10\n|\n|t:|1769585962\n|-curestatus|p2a: Chansey|par|[from] ability: Natural Cure\n|switch|p2a: Skuntank|Skuntank, L87, F|321/321\n|-damage|p2a: Skuntank|281/321|[from] Stealth Rock\n|move|p1a: Drifblim|Substitute|p1a: Drifblim\n|-start|p1a: Drifblim|Substitute\n|-damage|p1a: Drifblim|294/392\n|\n|upkeep\n|turn|11\n|\n|t:|1769585965\n|move|p2a: Skuntank|Crunch|p1a: Drifblim\n|-supereffective|p1a: Drifblim\n|-end|p1a: Drifblim|Substitute\n|move|p1a: Drifblim|Will-O-Wisp|p2a: Skuntank\n|-status|p2a: Skuntank|brn\n|\n|-damage|p2a: Skuntank|261/321 brn|[from] brn\n|upkeep\n|turn|12\n|\n|t:|1769585970\n|move|p2a: Skuntank|Crunch|p1a: Drifblim\n|-supereffective|p1a: Drifblim\n|-damage|p1a: Drifblim|114/392\n|-unboost|p1a: Drifblim|def|1\n|-enditem|p1a: Drifblim|Sitrus Berry|[eat]\n|-heal|p1a: Drifblim|212/392|[from] item: Sitrus Berry\n|move|p1a: Drifblim|Acrobatics|p2a: Skuntank\n|-damage|p2a: Skuntank|146/321 brn\n|\n|-damage|p2a: Skuntank|126/321 brn|[from] brn\n|upkeep\n|turn|13\n|\n|t:|1769585976\n|move|p1a: Drifblim|Substitute|p1a: Drifblim\n|-start|p1a: Drifblim|Substitute\n|-damage|p1a: Drifblim|114/392\n|move|p2a: Skuntank|Pursuit|p1a: Drifblim\n|-supereffective|p1a: Drifblim\n|-crit|p1a: Drifblim\n|-end|p1a: Drifblim|Substitute\n|\n|-damage|p2a: Skuntank|106/321 brn|[from] brn\n|upkeep\n|turn|14\n|\n|t:|1769585988\n|move|p2a: Skuntank|Sucker Punch|p1a: Drifblim\n|-supereffective|p1a: Drifblim\n|-damage|p1a: Drifblim|0 fnt\n|faint|p1a: Drifblim\n|\n|-damage|p2a: Skuntank|86/321 brn|[from] brn\n|upkeep\n|\n|t:|1769585995\n|switch|p1a: Phione|Phione, L93|300/300\n|turn|15\n|\n|t:|1769586005\n|switch|p2a: Chansey|Chansey, L85, F|516/564\n|-damage|p2a: Chansey|446/564|[from] Stealth Rock\n|move|p1a: Phione|Scald|p2a: Chansey\n|-damage|p2a: Chansey|391/564\n|\n|upkeep\n|turn|16\n|\n|t:|1769586008\n|move|p1a: Phione|Knock Off|p2a: Chansey\n|-damage|p2a: Chansey|223/564\n|-enditem|p2a: Chansey|Eviolite|[from] move: Knock Off|[of] p1a: Phione\n|move|p2a: Chansey|Toxic|p1a: Phione\n|-status|p1a: Phione|tox\n|\n|-damage|p1a: Phione|282/300 tox|[from] psn\n|upkeep\n|turn|17\n|\n|t:|1769586010\n|move|p1a: Phione|Toxic|p2a: Chansey\n|-status|p2a: Chansey|tox\n|move|p2a: Chansey|Soft-Boiled|p2a: Chansey\n|-heal|p2a: Chansey|505/564 tox\n|\n|-heal|p1a: Phione|300/300 tox|[from] item: Leftovers\n|-damage|p1a: Phione|264/300 tox|[from] psn\n|-damage|p2a: Chansey|470/564 tox|[from] psn\n|upkeep\n|turn|18\n|\n|t:|1769586020\n|switch|p1a: Garchomp|Garchomp, L77, F|293/293\n|move|p2a: Chansey|Seismic Toss|p1a: Garchomp\n|-damage|p1a: Garchomp|208/293\n|-damage|p2a: Chansey|400/564 tox|[from] ability: Rough Skin|[of] p1a: Garchomp\n|\n|-damage|p2a: Chansey|330/564 tox|[from] psn\n|upkeep\n|turn|19\n|\n|t:|1769586028\n|-curestatus|p2a: Chansey|tox|[from] ability: Natural Cure\n|switch|p2a: Fearow|Fearow, L88, M|258/258\n|-damage|p2a: Fearow|194/258|[from] Stealth Rock\n|detailschange|p1a: Garchomp|Garchomp-Mega, L77, F\n|-mega|p1a: Garchomp|Garchomp|Garchompite\n|move|p1a: Garchomp|Earthquake|p2a: Fearow\n|-immune|p2a: Fearow\n|\n|upkeep\n|turn|20\n|\n|t:|1769586035\n|switch|p1a: Probopass|Probopass, L92, M|5/260 par\n|move|p2a: Fearow|Double-Edge|p1a: Probopass\n|-resisted|p1a: Probopass\n|-damage|p1a: Probopass|0 fnt\n|faint|p1a: Probopass\n|-damage|p2a: Fearow|192/258|[from] Recoil\n|\n|upkeep\n|\n|t:|1769586037\n|switch|p1a: Chimecho|Chimecho, L95, F|296/296\n|turn|21\n|\n|t:|1769586044\n|move|p2a: Fearow|Double-Edge|p1a: Chimecho\n|-damage|p1a: Chimecho|101/296\n|-damage|p2a: Fearow|128/258|[from] Recoil\n|move|p1a: Chimecho|Knock Off|p2a: Fearow\n|-damage|p2a: Fearow|58/258\n|-enditem|p2a: Fearow|Choice Band|[from] move: Knock Off|[of] p1a: Chimecho\n|\n|-heal|p1a: Chimecho|119/296|[from] item: Leftovers\n|upkeep\n|turn|22\n|\n|t:|1769586049\n|move|p2a: Fearow|U-turn|p1a: Chimecho\n|-supereffective|p1a: Chimecho\n|-damage|p1a: Chimecho|27/296\n|\n|t:|1769586053\n|switch|p2a: Skuntank|Skuntank, L87, F|86/321 brn|[from] U-turn\n|-damage|p2a: Skuntank|46/321 brn|[from] Stealth Rock\n|move|p1a: Chimecho|Psychic|p2a: Skuntank\n|-immune|p2a: Skuntank\n|\n|-heal|p1a: Chimecho|45/296|[from] item: Leftovers\n|-damage|p2a: Skuntank|26/321 brn|[from] brn\n|upkeep\n|turn|23\n|\n|t:|1769586058\n|move|p2a: Skuntank|Pursuit|p1a: Chimecho\n|-supereffective|p1a: Chimecho\n|-damage|p1a: Chimecho|0 fnt\n|faint|p1a: Chimecho\n|\n|-damage|p2a: Skuntank|6/321 brn|[from] brn\n|upkeep\n|\n|t:|1769586063\n|switch|p1a: Ludicolo|Ludicolo, L89, M|287/287\n|turn|24\n|\n|t:|1769586068\n|switch|p1a: Phione|Phione, L93|264/300 tox\n|move|p2a: Skuntank|Poison Jab|p1a: Phione\n|-damage|p1a: Phione|223/300 tox\n|\n|-heal|p1a: Phione|241/300 tox|[from] item: Leftovers\n|-damage|p1a: Phione|223/300 tox|[from] psn\n|-damage|p2a: Skuntank|0 fnt|[from] brn\n|faint|p2a: Skuntank\n|upkeep\n|\n|t:|1769586085\n|switch|p2a: Chansey|Chansey, L85, F|330/564\n|-damage|p2a: Chansey|260/564|[from] Stealth Rock\n|turn|25\n|\n|t:|1769586088\n|move|p1a: Phione|Knock Off|p2a: Chansey\n|-crit|p2a: Chansey\n|-damage|p2a: Chansey|17/564\n|move|p2a: Chansey|Soft-Boiled|p2a: Chansey\n|-heal|p2a: Chansey|299/564\n|\n|-heal|p1a: Phione|241/300 tox|[from] item: Leftovers\n|-damage|p1a: Phione|205/300 tox|[from] psn\n|upkeep\n|turn|26\n|\n|t:|1769586098\n|move|p1a: Phione|Toxic|p2a: Chansey|[miss]\n|-miss|p1a: Phione|p2a: Chansey\n|move|p2a: Chansey|Toxic|p1a: Phione\n|-fail|p1a: Phione|tox\n|\n|-heal|p1a: Phione|223/300 tox|[from] item: Leftovers\n|-damage|p1a: Phione|169/300 tox|[from] psn\n|upkeep\n|turn|27\n|\n|t:|1769586101\n|move|p1a: Phione|Toxic|p2a: Chansey\n|-status|p2a: Chansey|tox\n|move|p2a: Chansey|Toxic|p1a: Phione\n|-fail|p1a: Phione|tox\n|\n|-heal|p1a: Phione|187/300 tox|[from] item: Leftovers\n|-damage|p1a: Phione|115/300 tox|[from] psn\n|-damage|p2a: Chansey|264/564 tox|[from] psn\n|upkeep\n|turn|28\n|\n|t:|1769586103\n|move|p1a: Phione|Knock Off|p2a: Chansey\n|-damage|p2a: Chansey|85/564 tox\n|move|p2a: Chansey|Soft-Boiled|p2a: Chansey\n|-heal|p2a: Chansey|367/564 tox\n|\n|-heal|p1a: Phione|133/300 tox|[from] item: Leftovers\n|-damage|p1a: Phione|43/300 tox|[from] psn\n|-damage|p2a: Chansey|297/564 tox|[from] psn\n|upkeep\n|turn|29\n|\n|t:|1769586105\n|move|p1a: Phione|Knock Off|p2a: Chansey\n|-damage|p2a: Chansey|131/564 tox\n|move|p2a: Chansey|Soft-Boiled|p2a: Chansey\n|-heal|p2a: Chansey|413/564 tox\n|\n|-heal|p1a: Phione|61/300 tox|[from] item: Leftovers\n|-damage|p1a: Phione|0 fnt|[from] psn\n|faint|p1a: Phione\n|-damage|p2a: Chansey|308/564 tox|[from] psn\n|upkeep\n|\n|t:|1769586108\n|switch|p1a: Garchomp|Garchomp-Mega, L77, F|208/293\n|turn|30\n|\n|t:|1769586124\n|-curestatus|p2a: Chansey|tox|[from] ability: Natural Cure\n|switch|p2a: Fearow|Fearow, L88, M|58/258\n|-damage|p2a: Fearow|0 fnt|[from] Stealth Rock\n|faint|p2a: Fearow\n|move|p1a: Garchomp|Swords Dance|p1a: Garchomp\n|-boost|p1a: Garchomp|atk|2\n|\n|upkeep\n|\n|t:|1769586136\n|switch|p2a: Durant|Durant, L80, F|224/224\n|-damage|p2a: Durant|196/224|[from] Stealth Rock\n|turn|31\n|inactive|Cordelia Faye has 120 seconds left.\n|\n|t:|1769586161\n|move|p2a: Durant|Iron Head|p1a: Garchomp\n|-damage|p1a: Garchomp|66/293\n|-damage|p2a: Durant|174/224|[from] item: Life Orb\n|move|p1a: Garchomp|Fire Fang|p2a: Durant\n|-supereffective|p2a: Durant\n|-damage|p2a: Durant|0 fnt\n|faint|p2a: Durant\n|\n|upkeep\n|inactive|Cordelia Faye has 120 seconds left.\n|inactive|Cordelia Faye has 90 seconds left.\n|\n|t:|1769586199\n|switch|p2a: Reuniclus|Reuniclus, L87, M|333/333\n|turn|32\n|\n|t:|1769586205\n|move|p1a: Garchomp|Outrage|p2a: Reuniclus\n|-damage|p2a: Reuniclus|0 fnt\n|faint|p2a: Reuniclus\n|\n|upkeep\n|-message|Cordelia Faye forfeited.\n|\n|win|may/gen3\n|raw|may&#x2f;gen3's rating: 1722 &rarr; <strong>1741</strong><br />(+19 for winning)\n|raw|Cordelia Faye's rating: 1713 &rarr; <strong>1694</strong><br />(-19 for losing)\n|l|☆Cordelia Faye\n|player|p2|\n", "inputlog": ">version b99ff0165a6231f17e8b78c2a78d1998375de664\n>start {\"formatid\":\"gen7randombattle\",\"seed\":\"sodium,4669fbbb573165d376a7bbe0308136e5\",\"rated\":\"Rated battle\"}\n>player p1 {\"name\":\"may/gen3\",\"avatar\":\"may\",\"rating\":1722,\"seed\":\"sodium,9489b1519222ea70bb9905ff394581a5\"}\n>player p2 {\"name\":\"Cordelia Faye\",\"avatar\":\"caitlin\",\"rating\":1713,\"seed\":\"sodium,10a7272e945427f9d331164c51bf73b7\"}\n>p1 switch 6\n>p2 move toxic\n>p1 move stealthrock\n>p2 move thunderwave\n>p1 move thunderwave\n>p2 move seismictoss\n>p1 move stealthrock\n>p2 move seismictoss\n>p1 move stealthrock\n>p2 move seismictoss\n>p1 move flashcannon\n>p2 move seismictoss\n>p1 move earthpower\n>p2 move seismictoss\n>p1 move thunderwave\n>p2 move seismictoss\n>p1 switch 5\n>p2 move seismictoss\n>p1 move substitute\n>p2 switch 4\n>p1 move willowisp\n>p2 move crunch\n>p1 move acrobatics\n>p2 move crunch\n>p1 move substitute\n>p2 move pursuit\n>p1 move acrobatics\n>p2 move suckerpunch\n>p1 switch 2\n>p1 move scald\n>p2 switch 4\n>p1 move knockoff\n>p2 move toxic\n>p1 move toxic\n>p2 move softboiled\n>p1 switch 4\n>p2 move seismictoss\n>p1 move earthquake mega\n>p2 switch 5\n>p1 switch 5\n>p2 move doubleedge\n>p1 switch 3\n>p1 move knockoff\n>p2 move doubleedge\n>p1 move psychic\n>p2 move uturn\n>p2 switch 4\n>p1 move recover\n>p2 move pursuit\n>p1 switch 6\n>p1 switch 4\n>p2 move poisonjab\n>p2 switch 5\n>p1 move knockoff\n>p2 move softboiled\n>p1 move toxic\n>p2 move toxic\n>p1 move toxic\n>p2 move toxic\n>p1 move knockoff\n>p2 move softboiled\n>p1 move knockoff\n>p2 move softboiled\n>p1 switch 5\n>p1 move swordsdance\n>p2 switch 4\n>p2 switch 6\n>p1 move firefang\n>p2 move ironhead\n>p2 switch 2\n>p1 move outrage\n>p2 move psychic\n>forcelose p2", "uploadtime": 1769586215, "views": 184, "formatid": "gen7randombattle", "rating": 1694, "private": 0, "password": null}