{"id": "gen7randombattle-2539194989", "format": "[Gen 7] Random Battle", "players": ["may/gen3", "bryanhuiman"], "log": "|j|☆may/gen3\n|j|☆bryanhuiman\n|t:|1771021605\n|gametype|singles\n|player|p1|may/gen3|may|1700\n|player|p2|bryanhuiman|169|1600\n|gen|7\n|tier|[Gen 7] Random Battle\n|rated|\n|rule|Sleep Clause Mod: Limit one foe put to sleep\n|rule|HP Percentage Mod: HP is shown in percentages\n|rule|Illusion Level Mod: Illusion disguises the Pokémon's true level\n|\n|t:|1771021605\n|teamsize|p1|6\n|teamsize|p2|6\n|start\n|switch|p1a: Victini|Victini, L76|277/277\n|switch|p2a: Hitmontop|Hitmontop, L90, M|236/236\n|-ability|p2a: Hitmontop|Intimidate|boost\n|-unboost|p1a: Victini|atk|1\n|turn|1\n|inactive|Battle timer is ON: inactive players will automatically lose when time's up. (requested by bryanhuiman)\n|\n|t:|1771021622\n|move|p1a: Victini|Psychic|p2a: Hitmontop\n|-supereffective|p2a: Hitmontop\n|-damage|p2a: Hitmontop|102/236\n|move|p2a: Hitmontop|Toxic|p1a: Victini\n|-status|p1a: Victini|tox\n|\n|-heal|p2a: Hitmontop|116/236|[from] item: Leftovers\n|-damage|p1a: Victini|260/277 tox|[from] psn\n|upkeep\n|turn|2\n|l|☆bryanhuiman\n|inactive|bryanhuiman disconnected and has a minute to reconnect!\n|player|p2|\n|j|☆bryanhuiman\n|inactive|bryanhuiman reconnected and has 125 seconds left.\n|player|p2|bryanhuiman|169|\n|c|☆may/gen3|Hi\n|inactive|bryanhuiman has 120 seconds left.\n|\n|t:|1771021659\n|switch|p2a: Vikavolt|Vikavolt, L86, F|273/273\n|move|p1a: Victini|Glaciate|p2a: Vikavolt\n|-damage|p2a: Vikavolt|228/273\n|-unboost|p2a: Vikavolt|spe|1\n|\n|-damage|p1a: Victini|226/277 tox|[from] psn\n|upkeep\n|turn|3\n|inactive|bryanhuiman has 120 seconds left.\n|\n|t:|1771021667\n|move|p1a: Victini|V-create|p2a: Vikavolt\n|-supereffective|p2a: Vikavolt\n|-damage|p2a: Vikavolt|6/273\n|-unboost|p1a: Victini|spe|1\n|-unboost|p1a: Victini|def|1\n|-unboost|p1a: Victini|spd|1\n|move|p2a: Vikavolt|Volt Switch|p1a: Victini\n|-damage|p1a: Victini|63/277 tox\n|inactive|bryanhuiman has 120 seconds left.\n|\n|t:|1771021675\n|switch|p2a: Bibarel|Bibarel, L90, M|289/289|[from] Volt Switch\n|\n|-damage|p1a: Victini|12/277 tox|[from] psn\n|upkeep\n|turn|4\n|c|☆may/gen3|:)\n|\n|t:|1771021680\n|move|p2a: Bibarel|Swords Dance|p2a: Bibarel\n|-boost|p2a: Bibarel|atk|4\n|move|p1a: Victini|Bolt Strike|p2a: Bibarel\n|-supereffective|p2a: Bibarel\n|-damage|p2a: Bibarel|163/289\n|\n|-damage|p1a: Victini|0 fnt|[from] psn\n|faint|p1a: Victini\n|upkeep\n|\n|t:|1771021686\n|switch|p1a: Cherrim|Cherrim, L99, M|299/299\n|turn|5\n|c|☆bryanhuiman|Hi\n|\n|t:|1771021702\n|switch|p2a: Simisage|Simisage, L89, F|278/278\n|move|p1a: Cherrim|Energy Ball|p2a: Simisage\n|-resisted|p2a: Simisage\n|-damage|p2a: Simisage|164/278\n|\n|upkeep\n|turn|6\n|\n|t:|1771021708\n|switch|p1a: Drifblim|Drifblim, L85, M|392/392\n|move|p2a: Simisage|Knock Off|p1a: Drifblim\n|-supereffective|p1a: Drifblim\n|-damage|p1a: Drifblim|75/392\n|-enditem|p1a: Drifblim|Sitrus Berry|[from] move: Knock Off|[of] p2a: Simisage\n|-damage|p2a: Simisage|137/278|[from] item: Life Orb\n|\n|upkeep\n|turn|7\n|\n|t:|1771021715\n|switch|p2a: Vikavolt|Vikavolt, L86, F|6/273\n|move|p1a: Drifblim|Acrobatics|p2a: Vikavolt\n|-damage|p2a: Vikavolt|0 fnt\n|faint|p2a: Vikavolt\n|\n|upkeep\n|\n|t:|1771021728\n|switch|p2a: Hitmontop|Hitmontop, L90, M|116/236\n|-ability|p2a: Hitmontop|Intimidate|boost\n|-unboost|p1a: Drifblim|atk|1\n|turn|8\n|\n|t:|1771021731\n|move|p1a: Drifblim|Will-O-Wisp|p2a: Hitmontop\n|-status|p2a: Hitmontop|brn\n|move|p2a: Hitmontop|Toxic|p1a: Drifblim|[miss]\n|-miss|p2a: Hitmontop|p1a: Drifblim\n|\n|-heal|p2a: Hitmontop|130/236 brn|[from] item: Leftovers\n|-damage|p2a: Hitmontop|116/236 brn|[from] brn\n|upkeep\n|turn|9\n|\n|t:|1771021736\n|move|p1a: Drifblim|Acrobatics|p2a: Hitmontop\n|-supereffective|p2a: Hitmontop\n|-damage|p2a: Hitmontop|0 fnt\n|faint|p2a: Hitmontop\n|\n|upkeep\n|\n|t:|1771021743\n|switch|p2a: Bibarel|Bibarel, L90, M|163/289\n|turn|10\n|\n|t:|1771021746\n|switch|p1a: Cradily|Cradily, L89, F|298/298\n|move|p2a: Bibarel|Liquidation|p1a: Cradily\n|-ability|p1a: Cradily|Storm Drain|boost\n|-boost|p1a: Cradily|spa|1\n|\n|upkeep\n|turn|11\n|\n|t:|1771021750\n|switch|p2a: Simisage|Simisage, L89, F|137/278\n|move|p1a: Cradily|Stealth Rock|p2a: Simisage\n|-sidestart|p2: bryanhuiman|move: Stealth Rock\n|\n|upkeep\n|turn|12\n|\n|t:|1771021755\n|move|p2a: Simisage|Leaf Storm|p1a: Cradily\n|-damage|p1a: Cradily|130/298\n|-unboost|p2a: Simisage|spa|2\n|-damage|p2a: Simisage|110/278|[from] item: Life Orb\n|move|p1a: Cradily|Recover|p1a: Cradily\n|-heal|p1a: Cradily|279/298\n|\n|-heal|p1a: Cradily|297/298|[from] item: Leftovers\n|upkeep\n|turn|13\n|\n|t:|1771021758\n|move|p2a: Simisage|Superpower|p1a: Cradily\n|-supereffective|p1a: Cradily\n|-damage|p1a: Cradily|68/298\n|-unboost|p2a: Simisage|atk|1\n|-unboost|p2a: Simisage|def|1\n|-damage|p2a: Simisage|83/278|[from] item: Life Orb\n|move|p1a: Cradily|Giga Drain|p2a: Simisage\n|-resisted|p2a: Simisage\n|-damage|p2a: Simisage|11/278\n|-heal|p1a: Cradily|104/298|[from] drain|[of] p2a: Simisage\n|\n|-heal|p1a: Cradily|122/298|[from] item: Leftovers\n|upkeep\n|turn|14\n|\n|t:|1771021766\n|switch|p2a: Bibarel|Bibarel, L90, M|163/289\n|-damage|p2a: Bibarel|127/289|[from] Stealth Rock\n|move|p1a: Cradily|Recover|p1a: Cradily\n|-heal|p1a: Cradily|271/298\n|\n|-heal|p1a: Cradily|289/298|[from] item: Leftovers\n|upkeep\n|turn|15\n|\n|t:|1771021776\n|move|p2a: Bibarel|Swords Dance|p2a: Bibarel\n|-boost|p2a: Bibarel|atk|4\n|move|p1a: Cradily|Giga Drain|p2a: Bibarel\n|-supereffective|p2a: Bibarel\n|-damage|p2a: Bibarel|0 fnt\n|-heal|p1a: Cradily|298/298|[from] drain|[of] p2a: Bibarel\n|faint|p2a: Bibarel\n|\n|upkeep\n|\n|t:|1771021782\n|switch|p2a: Simisage|Simisage, L89, F|11/278\n|-damage|p2a: Simisage|0 fnt|[from] Stealth Rock\n|faint|p2a: Simisage\n|\n|t:|1771021784\n|switch|p2a: Beedrill|Beedrill, L77, M|227/227\n|-damage|p2a: Beedrill|171/227|[from] Stealth Rock\n|turn|16\n|\n|t:|1771021794\n|detailschange|p2a: Beedrill|Beedrill-Mega, L77, M\n|-mega|p2a: Beedrill|Beedrill|Beedrillite\n|move|p2a: Beedrill|Poison Jab|p1a: Cradily\n|-crit|p1a: Cradily\n|-damage|p1a: Cradily|120/298\n|-status|p1a: Cradily|psn\n|move|p1a: Cradily|Stone Edge|p2a: Beedrill\n|-supereffective|p2a: Beedrill\n|-damage|p2a: Beedrill|0 fnt\n|faint|p2a: Beedrill\n|detailschange|p2: Beedrill|Beedrill, L77, M|[silent]\n|\n|-heal|p1a: Cradily|138/298 psn|[from] item: Leftovers\n|-damage|p1a: Cradily|101/298 psn|[from] psn\n|upkeep\n|-message|bryanhuiman forfeited.\n|\n|win|may/gen3\n|raw|may&#x2f;gen3's rating: 1700 &rarr; <strong>1714</strong><br />(+14 for winning)\n|raw|bryanhuiman's rating: 1600 &rarr; <strong>1586</strong><br />(-14 for losing)\n|l|☆bryanhuiman\n|player|p2|\n", "inputlog": ">version ccdc32dd7cde25fd9e4bed64820e885f66e78a4e\n>start {\"formatid\":\"gen7randombattle\",\"seed\":\"sodium,5a8b6d5f4bcb18fe8449a32d90bcaddd\",\"rated\":\"Rated battle\"}\n>player p1 {\"name\":\"may/gen3\",\"avatar\":\"may\",\"rating\":1700,\"seed\":\"sodium,525a1d3b95214c5c6b72bcd90d63069a\"}\n>player p2 {\"name\":\"bryanhuiman\",\"avatar\":\"169\",\"rating\":1600,\"seed\":\"sodium,0346a9edfffde5cac2c19d26c7a618ce\"}\n>p1 move psychic\n>p2 move toxic\n>chat ☆may/gen3|Hi\n>p1 move glaciate\n>p2 switch 2\n>p1 move vcreate\n>p2 move voltswitch\n>p2 switch 5\n>chat ☆may/gen3|:)\n>p1 move boltstrike\n>p2 move swordsdance\n>p1 switch 5\n>chat ☆bryanhuiman|Hi\n>p1 move energyball\n>p2 switch 3\n>p1 switch 4\n>p2 move knockoff\n>p1 move acrobatics\n>p2 switch 5\n>p2 switch 2\n>p1 move willowisp\n>p2 move toxic\n>p1 move acrobatics\n>p2 move stoneedge\n>p2 switch 3\n>p1 switch 3\n>p2 move liquidation\n>p1 move stealthrock\n>p2 switch 5\n>p1 move recover\n>p2 move leafstorm\n>p1 move gigadrain\n>p2 move superpower\n>p1 move recover\n>p2 switch 5\n>p1 move gigadrain\n>p2 move swordsdance\n>p2 switch 5\n>p2 switch 4\n>p1 move stoneedge\n>p2 move poisonjab mega\n>forcelose p2", "uploadtime": 1771021820, "views": 179, "formatid": "gen7randombattle", "rating": 1586, "private": 0, "password": null}