{"id": "gen7randombattle-2540004517", "format": "[Gen 7] Random Battle", "players": ["doctordredel", "NTsweeper007"], "log": "|j|☆doctordredel\n|j|☆NTsweeper007\n|t:|1771142722\n|gametype|singles\n|player|p1|doctordredel|2|1670\n|player|p2|NTsweeper007|hilbert-wonderlauncher|1683\n|gen|7\n|tier|[Gen 7] Random Battle\n|rated|\n|rule|Sleep Clause Mod: Limit one foe put to sleep\n|rule|HP Percentage Mod: HP is shown in percentages\n|rule|Illusion Level Mod: Illusion disguises the Pokémon's true level\n|\n|t:|1771142722\n|teamsize|p1|6\n|teamsize|p2|6\n|start\n|switch|p1a: Torterra|Torterra, L88, M|310/310\n|switch|p2a: Silvally|Silvally-Psychic, L87|307/307\n|turn|1\n|inactive|Battle timer is ON: inactive players will automatically lose when time's up. (requested by doctordredel)\n|\n|t:|1771142747\n|move|p2a: Silvally|Toxic|p1a: Torterra\n|-status|p1a: Torterra|tox\n|move|p1a: Torterra|Rock Polish|p1a: Torterra\n|-boost|p1a: Torterra|spe|2\n|\n|-damage|p1a: Torterra|291/310 tox|[from] psn\n|upkeep\n|turn|2\n|\n|t:|1771142755\n|move|p1a: Torterra|Wood Hammer|p2a: Silvally\n|-damage|p2a: Silvally|180/307\n|-damage|p1a: Torterra|249/310 tox|[from] Recoil\n|move|p2a: Silvally|Parting Shot|p1a: Torterra\n|-unboost|p1a: Torterra|atk|1\n|-unboost|p1a: Torterra|spa|1\n|\n|t:|1771142766\n|switch|p2a: Purugly|Purugly, L89, F|271/271|[from] Parting Shot\n|\n|-heal|p1a: Torterra|268/310 tox|[from] item: Leftovers\n|-damage|p1a: Torterra|230/310 tox|[from] psn\n|upkeep\n|turn|3\n|\n|t:|1771142775\n|move|p2a: Purugly|Fake Out|p1a: Torterra\n|-damage|p1a: Torterra|185/310 tox\n|cant|p1a: Torterra|flinch\n|\n|-heal|p1a: Torterra|204/310 tox|[from] item: Leftovers\n|-damage|p1a: Torterra|147/310 tox|[from] psn\n|upkeep\n|turn|4\n|\n|t:|1771142784\n|move|p1a: Torterra|Wood Hammer|p2a: Purugly\n|-damage|p2a: Purugly|153/271\n|-damage|p1a: Torterra|108/310 tox|[from] Recoil\n|move|p2a: Purugly|Return|p1a: Torterra\n|-damage|p1a: Torterra|9/310 tox\n|\n|-heal|p1a: Torterra|28/310 tox|[from] item: Leftovers\n|-damage|p1a: Torterra|0 fnt|[from] psn\n|faint|p1a: Torterra\n|upkeep\n|\n|t:|1771142799\n|switch|p1a: Ambipom|Ambipom, L84, M|263/263\n|turn|5\n|\n|t:|1771142808\n|switch|p2a: Blacephalon|Blacephalon, L80|215/215\n|move|p1a: Ambipom|Fake Out|p2a: Blacephalon\n|-immune|p2a: Blacephalon\n|\n|upkeep\n|turn|6\n|\n|t:|1771142817\n|switch|p1a: Dunsparce|Dunsparce, L95, F|344/344\n|-zpower|p2a: Blacephalon\n|move|p2a: Blacephalon|Inferno Overdrive|p1a: Dunsparce|[zeffect]\n|-damage|p1a: Dunsparce|76/344\n|\n|-heal|p1a: Dunsparce|97/344|[from] item: Leftovers\n|upkeep\n|turn|7\n|\n|t:|1771142829\n|move|p2a: Blacephalon|Fire Blast|p1a: Dunsparce\n|-damage|p1a: Dunsparce|0 fnt\n|faint|p1a: Dunsparce\n|-ability|p2a: Blacephalon|Beast Boost|boost\n|-boost|p2a: Blacephalon|spa|1\n|\n|upkeep\n|\n|t:|1771142841\n|switch|p1a: Pachirisu|Pachirisu, L96, M|271/271\n|turn|8\n|\n|t:|1771142845\n|switch|p2a: Nidoqueen|Nidoqueen, L83, F|285/285\n|move|p1a: Pachirisu|Thunderbolt|p2a: Nidoqueen\n|-immune|p2a: Nidoqueen\n|\n|upkeep\n|turn|9\n|\n|t:|1771142854\n|switch|p1a: Mesprit|Mesprit, L86|278/278\n|move|p2a: Nidoqueen|Toxic Spikes|p1a: Mesprit\n|-sidestart|p1: doctordredel|move: Toxic Spikes\n|\n|upkeep\n|turn|10\n|\n|t:|1771142861\n|switch|p2a: Silvally|Silvally-Psychic, L87|180/307\n|move|p1a: Mesprit|Psychic|p2a: Silvally\n|-resisted|p2a: Silvally\n|-damage|p2a: Silvally|129/307\n|\n|upkeep\n|turn|11\n|\n|t:|1771142870\n|move|p2a: Silvally|Toxic|p1a: Mesprit\n|-status|p1a: Mesprit|tox\n|move|p1a: Mesprit|Knock Off|p2a: Silvally\n|-supereffective|p2a: Silvally\n|-damage|p2a: Silvally|27/307\n|\n|-damage|p1a: Mesprit|261/278 tox|[from] psn\n|upkeep\n|turn|12\n|\n|t:|1771142881\n|move|p2a: Silvally|Parting Shot|p1a: Mesprit\n|-unboost|p1a: Mesprit|atk|1\n|-unboost|p1a: Mesprit|spa|1\n|\n|t:|1771142883\n|switch|p2a: Purugly|Purugly, L89, F|153/271|[from] Parting Shot\n|move|p1a: Mesprit|Stealth Rock|p2a: Purugly\n|-sidestart|p2: NTsweeper007|move: Stealth Rock\n|\n|-heal|p1a: Mesprit|278/278 tox|[from] item: Leftovers\n|-damage|p1a: Mesprit|244/278 tox|[from] psn\n|upkeep\n|turn|13\n|\n|t:|1771142895\n|switch|p1a: Pachirisu|Pachirisu, L96, M|271/271\n|-status|p1a: Pachirisu|psn\n|move|p2a: Purugly|Knock Off|p1a: Pachirisu\n|-damage|p1a: Pachirisu|201/271 psn\n|-enditem|p1a: Pachirisu|Leftovers|[from] move: Knock Off|[of] p2a: Purugly\n|\n|-damage|p1a: Pachirisu|168/271 psn|[from] psn\n|upkeep\n|turn|14\n|\n|t:|1771142909\n|move|p2a: Purugly|Return|p1a: Pachirisu\n|-damage|p1a: Pachirisu|29/271 psn\n|move|p1a: Pachirisu|Thunderbolt|p2a: Purugly\n|-damage|p2a: Purugly|60/271\n|\n|-damage|p1a: Pachirisu|0 fnt|[from] psn\n|faint|p1a: Pachirisu\n|upkeep\n|\n|t:|1771142930\n|switch|p1a: Ambipom|Ambipom, L84, M|263/263\n|-status|p1a: Ambipom|psn\n|turn|15\n|\n|t:|1771142938\n|switch|p2a: Silvally|Silvally-Psychic, L87|27/307\n|-damage|p2a: Silvally|0 fnt|[from] Stealth Rock\n|faint|p2a: Silvally\n|move|p1a: Ambipom|Fake Out|p2: Silvally|[notarget]\n|-fail|p1a: Ambipom\n|\n|-damage|p1a: Ambipom|231/263 psn|[from] psn\n|upkeep\n|\n|t:|1771142946\n|switch|p2a: Nidoqueen|Nidoqueen, L83, F|285/285\n|-damage|p2a: Nidoqueen|268/285|[from] Stealth Rock\n|turn|16\n|\n|t:|1771142952\n|switch|p1a: Beartic|Beartic, L92, M|324/324\n|-status|p1a: Beartic|psn\n|move|p2a: Nidoqueen|Poison Jab|p1a: Beartic\n|-damage|p1a: Beartic|190/324 psn\n|\n|-damage|p1a: Beartic|150/324 psn|[from] psn\n|upkeep\n|turn|17\n|\n|t:|1771142962\n|move|p2a: Nidoqueen|Poison Jab|p1a: Beartic\n|-damage|p1a: Beartic|6/324 psn\n|move|p1a: Beartic|Icicle Crash|p2a: Nidoqueen\n|-supereffective|p2a: Nidoqueen\n|-damage|p2a: Nidoqueen|0 fnt\n|faint|p2a: Nidoqueen\n|-damage|p1a: Beartic|0 fnt|[from] item: Life Orb\n|faint|p1a: Beartic\n|\n|upkeep\n|l|☆doctordredel\n|inactive|doctordredel disconnected and has a minute to reconnect!\n|player|p1|\n|j|☆doctordredel\n|inactive|doctordredel reconnected and has 120 seconds left.\n|player|p1|doctordredel|2|\n|\n|t:|1771142998\n|switch|p2a: Blacephalon|Blacephalon, L80|215/215\n|switch|p1a: Mesprit|Mesprit, L86|244/278 tox\n|-damage|p2a: Blacephalon|162/215|[from] Stealth Rock\n|turn|18\n|inactive|doctordredel has 120 seconds left.\n|\n|t:|1771143005\n|move|p2a: Blacephalon|Shadow Ball|p1a: Mesprit\n|-supereffective|p1a: Mesprit\n|-damage|p1a: Mesprit|38/278 tox\n|move|p1a: Mesprit|Knock Off|p2a: Blacephalon\n|-supereffective|p2a: Blacephalon\n|-damage|p2a: Blacephalon|10/215\n|\n|-heal|p1a: Mesprit|55/278 tox|[from] item: Leftovers\n|-damage|p1a: Mesprit|38/278 tox|[from] psn\n|upkeep\n|turn|19\n|inactive|doctordredel has 120 seconds left.\n|\n|t:|1771143015\n|move|p2a: Blacephalon|Fire Blast|p1a: Mesprit\n|-damage|p1a: Mesprit|0 fnt\n|faint|p1a: Mesprit\n|-ability|p2a: Blacephalon|Beast Boost|boost\n|-boost|p2a: Blacephalon|spa|1\n|\n|upkeep\n|inactive|doctordredel has 120 seconds left.\n|\n|t:|1771143022\n|switch|p1a: Ambipom|Ambipom, L84, M|231/263 psn\n|turn|20\n|\n|t:|1771143028\n|move|p1a: Ambipom|Knock Off|p2a: Blacephalon\n|-supereffective|p2a: Blacephalon\n|-damage|p2a: Blacephalon|0 fnt\n|faint|p2a: Blacephalon\n|\n|-damage|p1a: Ambipom|199/263 psn|[from] psn\n|upkeep\n|\n|t:|1771143031\n|switch|p2a: Purugly|Purugly, L89, F|60/271\n|-damage|p2a: Purugly|27/271|[from] Stealth Rock\n|turn|21\n|-message|doctordredel forfeited.\n|\n|win|NTsweeper007\n|raw|doctordredel's rating: 1670 &rarr; <strong>1651</strong><br />(-19 for losing)\n|raw|NTsweeper007's rating: 1683 &rarr; <strong>1702</strong><br />(+19 for winning)\n|l|☆doctordredel\n|player|p1|\n", "inputlog": ">version 686819e5e19f8a7fd2345cfc5a08a5085efa2cc3\n>start {\"formatid\":\"gen7randombattle\",\"seed\":\"sodium,1728db479a2d62ace177b03f5721b134\",\"rated\":\"Rated battle\"}\n>player p1 {\"name\":\"doctordredel\",\"avatar\":\"2\",\"rating\":1670,\"seed\":\"sodium,cfa54fa0b64aefb2c7dcc2f257691169\"}\n>player p2 {\"name\":\"NTsweeper007\",\"avatar\":\"hilbert-wonderlauncher\",\"rating\":1683,\"seed\":\"sodium,957072a85bb7274246dc2f9bc12ea4e1\"}\n>p1 move rockpolish\n>p2 move toxic\n>p1 move woodhammer\n>p2 move partingshot\n>p2 switch 3\n>p1 move woodhammer\n>p2 move fakeout\n>p1 move woodhammer\n>p2 move return\n>p1 switch 3\n>p1 move fakeout\n>p2 switch 2\n>p1 switch 2\n>p2 move fireblast zmove\n>p1 move earthquake\n>p2 move fireblast\n>p1 switch 6\n>p1 move thunderbolt\n>p2 switch 4\n>p1 switch 4\n>p2 move toxicspikes\n>p1 move psychic\n>p2 switch 3\n>p1 move knockoff\n>p2 move toxic\n>p1 move stealthrock\n>p2 move partingshot\n>p2 switch 2\n>p1 switch 4\n>p2 move knockoff\n>p1 move thunderbolt\n>p2 move return\n>p1 switch 2\n>p1 move fakeout\n>p2 switch 2\n>p2 switch 3\n>p1 switch 5\n>p2 move poisonjab\n>p1 move iciclecrash\n>p2 move poisonjab\n>p1 switch 4\n>p2 switch 4\n>p1 move knockoff\n>p2 move shadowball\n>p1 move psychic\n>p2 move fireblast\n>p1 switch 5\n>p1 move knockoff\n>p2 move fireblast\n>p2 switch 2\n>forcelose p1", "uploadtime": 1771143036, "views": 83, "formatid": "gen7randombattle", "rating": 1651, "private": 0, "password": null}