{"id": "gen7randombattle-2531620444", "format": "[Gen 7] Random Battle", "players": ["returningemperor", "La.Hellhound"], "log": "|j|☆returningemperor\n|j|‽La.Hellhound\n|t:|1770075965\n|gametype|singles\n|player|p1|returningemperor|guzma|1559\n|player|p2|La.Hellhound|bruno|1657\n|gen|7\n|tier|[Gen 7] Random Battle\n|rated|\n|rule|Sleep Clause Mod: Limit one foe put to sleep\n|rule|HP Percentage Mod: HP is shown in percentages\n|rule|Illusion Level Mod: Illusion disguises the Pokémon's true level\n|\n|t:|1770075965\n|teamsize|p1|6\n|teamsize|p2|6\n|start\n|switch|p1a: Politoed|Politoed, L88, M|302/302\n|switch|p2a: Politoed|Politoed, L88, F|302/302\n|-weather|RainDance|[from] ability: Drizzle|[of] p1a: Politoed\n|turn|1\n|inactive|Battle timer is ON: inactive players will automatically lose when time's up. (requested by returningemperor)\n|inactive|La.Hellhound also wants the timer to be on.\n|inactive|La.Hellhound has 120 seconds left.\n|inactive|La.Hellhound has 90 seconds left.\n|\n|t:|1770076026\n|move|p1a: Politoed|Toxic|p2a: Politoed\n|-status|p2a: Politoed|tox\n|move|p2a: Politoed|Toxic|p1a: Politoed\n|-status|p1a: Politoed|tox\n|\n|-weather|RainDance|[upkeep]\n|-damage|p2a: Politoed|284/302 tox|[from] psn\n|-damage|p1a: Politoed|284/302 tox|[from] psn\n|upkeep\n|turn|2\n|\n|t:|1770076038\n|switch|p2a: Volbeat|Volbeat, L91, M|266/266\n|move|p1a: Politoed|Encore||[still]\n|-fail|p1a: Politoed\n|\n|-weather|RainDance|[upkeep]\n|-damage|p1a: Politoed|248/302 tox|[from] psn\n|upkeep\n|turn|3\n|\n|t:|1770076045\n|move|p2a: Volbeat|Encore||[still]\n|-fail|p2a: Volbeat\n|move|p1a: Politoed|Toxic|p2a: Volbeat\n|-status|p2a: Volbeat|tox\n|\n|-weather|RainDance|[upkeep]\n|-damage|p2a: Volbeat|250/266 tox|[from] psn\n|-damage|p1a: Politoed|194/302 tox|[from] psn\n|upkeep\n|turn|4\n|\n|t:|1770076053\n|switch|p1a: Salazzle|Salazzle, L84, F|251/251\n|move|p2a: Volbeat|Lunge|p1a: Salazzle\n|-resisted|p1a: Salazzle\n|-damage|p1a: Salazzle|224/251\n|-unboost|p1a: Salazzle|atk|1\n|\n|-weather|RainDance|[upkeep]\n|-heal|p1a: Salazzle|239/251|[from] item: Black Sludge\n|-heal|p2a: Volbeat|266/266 tox|[from] item: Leftovers\n|-damage|p2a: Volbeat|234/266 tox|[from] psn\n|upkeep\n|turn|5\n|\n|t:|1770076064\n|move|p2a: Volbeat|Thunder Wave|p1a: Salazzle\n|-status|p1a: Salazzle|par\n|move|p1a: Salazzle|Substitute|p1a: Salazzle\n|-start|p1a: Salazzle|Substitute\n|-damage|p1a: Salazzle|177/251 par\n|\n|-weather|none\n|-heal|p2a: Volbeat|250/266 tox|[from] item: Leftovers\n|-heal|p1a: Salazzle|192/251 par|[from] item: Black Sludge\n|-damage|p2a: Volbeat|202/266 tox|[from] psn\n|upkeep\n|turn|6\n|\n|t:|1770076074\n|move|p1a: Salazzle|Protect|p1a: Salazzle\n|-singleturn|p1a: Salazzle|Protect\n|move|p2a: Volbeat|Encore|p1a: Salazzle\n|-activate|p1a: Salazzle|move: Protect\n|\n|-heal|p2a: Volbeat|218/266 tox|[from] item: Leftovers\n|-heal|p1a: Salazzle|207/251 par|[from] item: Black Sludge\n|-damage|p2a: Volbeat|154/266 tox|[from] psn\n|upkeep\n|turn|7\n|\n|t:|1770076082\n|move|p2a: Volbeat|Encore|p1a: Salazzle\n|-start|p1a: Salazzle|Encore\n|move|p1a: Salazzle|Protect||[still]\n|-fail|p1a: Salazzle\n|\n|-heal|p2a: Volbeat|170/266 tox|[from] item: Leftovers\n|-heal|p1a: Salazzle|222/251 par|[from] item: Black Sludge\n|-damage|p2a: Volbeat|90/266 tox|[from] psn\n|upkeep\n|turn|8\n|\n|t:|1770076111\n|move|p1a: Salazzle|Protect|p1a: Salazzle\n|-singleturn|p1a: Salazzle|Protect\n|move|p2a: Volbeat|Roost|p2a: Volbeat\n|-heal|p2a: Volbeat|223/266 tox\n|-singleturn|p2a: Volbeat|move: Roost\n|\n|-heal|p2a: Volbeat|239/266 tox|[from] item: Leftovers\n|-heal|p1a: Salazzle|237/251 par|[from] item: Black Sludge\n|-damage|p2a: Volbeat|143/266 tox|[from] psn\n|upkeep\n|turn|9\n|inactive|La.Hellhound has 120 seconds left.\n|\n|t:|1770076136\n|switch|p2a: Beedrill|Beedrill, L77, F|227/227\n|move|p1a: Salazzle|Protect||[still]\n|-fail|p1a: Salazzle\n|\n|-heal|p1a: Salazzle|251/251 par|[from] item: Black Sludge\n|-end|p1a: Salazzle|Encore\n|upkeep\n|turn|10\n|\n|t:|1770076146\n|switch|p2a: Politoed|Politoed, L88, F|284/302 tox\n|-weather|RainDance|[from] ability: Drizzle|[of] p2a: Politoed\n|cant|p1a: Salazzle|par\n|\n|-weather|RainDance|[upkeep]\n|-heal|p2a: Politoed|302/302 tox|[from] item: Leftovers\n|-damage|p2a: Politoed|284/302 tox|[from] psn\n|upkeep\n|turn|11\n|inactive|La.Hellhound has 120 seconds left.\n|\n|t:|1770076158\n|move|p2a: Politoed|Scald|p1a: Salazzle\n|-supereffective|p1a: Salazzle\n|-end|p1a: Salazzle|Substitute\n|move|p1a: Salazzle|Substitute|p1a: Salazzle\n|-start|p1a: Salazzle|Substitute\n|-damage|p1a: Salazzle|189/251 par\n|\n|-weather|RainDance|[upkeep]\n|-heal|p2a: Politoed|302/302 tox|[from] item: Leftovers\n|-heal|p1a: Salazzle|204/251 par|[from] item: Black Sludge\n|-damage|p2a: Politoed|266/302 tox|[from] psn\n|upkeep\n|turn|12\n|inactive|La.Hellhound has 120 seconds left.\n|\n|t:|1770076168\n|switch|p2a: Volbeat|Volbeat, L91, M|143/266 tox\n|move|p1a: Salazzle|Protect||[still]\n|-fail|p1a: Salazzle\n|\n|-weather|RainDance|[upkeep]\n|-heal|p2a: Volbeat|159/266 tox|[from] item: Leftovers\n|-heal|p1a: Salazzle|219/251 par|[from] item: Black Sludge\n|-damage|p2a: Volbeat|143/266 tox|[from] psn\n|upkeep\n|turn|13\n|inactive|La.Hellhound has 120 seconds left.\n|\n|t:|1770076177\n|move|p2a: Volbeat|Encore|p1a: Salazzle\n|-start|p1a: Salazzle|Encore\n|move|p1a: Salazzle|Protect||[still]\n|-fail|p1a: Salazzle\n|\n|-weather|RainDance|[upkeep]\n|-heal|p2a: Volbeat|159/266 tox|[from] item: Leftovers\n|-heal|p1a: Salazzle|234/251 par|[from] item: Black Sludge\n|-damage|p2a: Volbeat|127/266 tox|[from] psn\n|upkeep\n|turn|14\n|inactive|La.Hellhound has 120 seconds left.\n|\n|t:|1770076199\n|switch|p2a: Skarmory|Skarmory, L75, F|221/221\n|cant|p1a: Salazzle|par\n|\n|-weather|none\n|-heal|p1a: Salazzle|249/251 par|[from] item: Black Sludge\n|upkeep\n|turn|15\n|\n|t:|1770076207\n|move|p1a: Salazzle|Protect|p1a: Salazzle\n|-singleturn|p1a: Salazzle|Protect\n|move|p2a: Skarmory|Stealth Rock|p1a: Salazzle\n|-sidestart|p1: returningemperor|move: Stealth Rock\n|\n|-heal|p1a: Salazzle|251/251 par|[from] item: Black Sludge\n|-end|p1a: Salazzle|Encore\n|upkeep\n|turn|16\n|inactive|La.Hellhound has 120 seconds left.\n|\n|t:|1770076218\n|switch|p2a: Politoed|Politoed, L88, F|266/302 tox\n|-weather|RainDance|[from] ability: Drizzle|[of] p2a: Politoed\n|move|p1a: Salazzle|Toxic|p2a: Politoed\n|-fail|p2a: Politoed|tox\n|\n|-weather|RainDance|[upkeep]\n|-heal|p2a: Politoed|284/302 tox|[from] item: Leftovers\n|-damage|p2a: Politoed|266/302 tox|[from] psn\n|upkeep\n|turn|17\n|inactive|La.Hellhound has 120 seconds left.\n|\n|t:|1770076231\n|move|p2a: Politoed|Scald|p1a: Salazzle\n|-supereffective|p1a: Salazzle\n|-end|p1a: Salazzle|Substitute\n|move|p1a: Salazzle|Substitute|p1a: Salazzle\n|-start|p1a: Salazzle|Substitute\n|-damage|p1a: Salazzle|189/251 par\n|\n|-weather|RainDance|[upkeep]\n|-heal|p2a: Politoed|284/302 tox|[from] item: Leftovers\n|-heal|p1a: Salazzle|204/251 par|[from] item: Black Sludge\n|-damage|p2a: Politoed|248/302 tox|[from] psn\n|upkeep\n|turn|18\n|inactive|La.Hellhound has 120 seconds left.\n|\n|t:|1770076241\n|switch|p2a: Volbeat|Volbeat, L91, M|127/266 tox\n|move|p1a: Salazzle|Substitute|p1a: Salazzle\n|-fail|p1a: Salazzle|move: Substitute\n|\n|-weather|RainDance|[upkeep]\n|-heal|p2a: Volbeat|143/266 tox|[from] item: Leftovers\n|-heal|p1a: Salazzle|219/251 par|[from] item: Black Sludge\n|-damage|p2a: Volbeat|127/266 tox|[from] psn\n|upkeep\n|turn|19\n|inactive|La.Hellhound has 120 seconds left.\n|\n|t:|1770076251\n|move|p2a: Volbeat|Encore|p1a: Salazzle\n|-start|p1a: Salazzle|Encore\n|cant|p1a: Salazzle|par\n|\n|-weather|RainDance|[upkeep]\n|-heal|p2a: Volbeat|143/266 tox|[from] item: Leftovers\n|-heal|p1a: Salazzle|234/251 par|[from] item: Black Sludge\n|-damage|p2a: Volbeat|111/266 tox|[from] psn\n|upkeep\n|turn|20\n|\n|t:|1770076259\n|move|p2a: Volbeat|Roost|p2a: Volbeat\n|-heal|p2a: Volbeat|244/266 tox\n|-singleturn|p2a: Volbeat|move: Roost\n|move|p1a: Salazzle|Substitute|p1a: Salazzle\n|-fail|p1a: Salazzle|move: Substitute\n|\n|-weather|none\n|-heal|p2a: Volbeat|260/266 tox|[from] item: Leftovers\n|-heal|p1a: Salazzle|249/251 par|[from] item: Black Sludge\n|-damage|p2a: Volbeat|212/266 tox|[from] psn\n|upkeep\n|turn|21\n|\n|t:|1770076268\n|switch|p2a: Politoed|Politoed, L88, F|248/302 tox\n|-weather|RainDance|[from] ability: Drizzle|[of] p2a: Politoed\n|move|p1a: Salazzle|Substitute|p1a: Salazzle\n|-fail|p1a: Salazzle|move: Substitute\n|\n|-weather|RainDance|[upkeep]\n|-heal|p2a: Politoed|266/302 tox|[from] item: Leftovers\n|-heal|p1a: Salazzle|251/251 par|[from] item: Black Sludge\n|-damage|p2a: Politoed|248/302 tox|[from] psn\n|-end|p1a: Salazzle|Encore\n|upkeep\n|turn|22\n|inactive|La.Hellhound has 120 seconds left.\n|\n|t:|1770076296\n|switch|p2a: Volbeat|Volbeat, L91, M|212/266 tox\n|move|p1a: Salazzle|Flamethrower|p2a: Volbeat\n|-supereffective|p2a: Volbeat\n|-damage|p2a: Volbeat|108/266 tox\n|\n|-weather|RainDance|[upkeep]\n|-heal|p2a: Volbeat|124/266 tox|[from] item: Leftovers\n|-damage|p2a: Volbeat|108/266 tox|[from] psn\n|upkeep\n|turn|23\n|inactive|La.Hellhound has 120 seconds left.\n|\n|t:|1770076309\n|move|p2a: Volbeat|Encore|p1a: Salazzle\n|-start|p1a: Salazzle|Encore\n|move|p1a: Salazzle|Flamethrower|p2a: Volbeat\n|-supereffective|p2a: Volbeat\n|-damage|p2a: Volbeat|10/266 tox\n|\n|-weather|RainDance|[upkeep]\n|-heal|p2a: Volbeat|26/266 tox|[from] item: Leftovers\n|-damage|p2a: Volbeat|0 fnt|[from] psn\n|faint|p2a: Volbeat\n|upkeep\n|\n|t:|1770076322\n|switch|p2a: Lycanroc|Lycanroc-Dusk, L83, F|260/260\n|turn|24\n|\n|t:|1770076334\n|move|p2a: Lycanroc|Drill Run|p1a: Salazzle\n|-supereffective|p1a: Salazzle\n|-end|p1a: Salazzle|Substitute\n|move|p1a: Salazzle|Flamethrower|p2a: Lycanroc\n|-resisted|p2a: Lycanroc\n|-damage|p2a: Lycanroc|225/260\n|\n|-weather|RainDance|[upkeep]\n|upkeep\n|turn|25\n|\n|t:|1770076342\n|switch|p1a: Drifblim|Drifblim, L85, F|392/392\n|-damage|p1a: Drifblim|294/392|[from] Stealth Rock\n|move|p2a: Lycanroc|Swords Dance|p2a: Lycanroc\n|-boost|p2a: Lycanroc|atk|2\n|\n|-weather|none\n|upkeep\n|turn|26\n|inactive|La.Hellhound has 120 seconds left.\n|\n|t:|1770076351\n|-zpower|p2a: Lycanroc\n|move|p2a: Lycanroc|Splintered Stormshards|p1a: Drifblim|[zeffect]\n|-supereffective|p1a: Drifblim\n|-damage|p1a: Drifblim|0 fnt\n|faint|p1a: Drifblim\n|\n|upkeep\n|\n|t:|1770076356\n|switch|p1a: Machamp|Machamp, L84, M|288/288\n|-damage|p1a: Machamp|270/288|[from] Stealth Rock\n|turn|27\n|\n|t:|1770076369\n|move|p2a: Lycanroc|Zen Headbutt|p1a: Machamp\n|-supereffective|p1a: Machamp\n|-damage|p1a: Machamp|0 fnt\n|faint|p1a: Machamp\n|\n|upkeep\n|\n|t:|1770076384\n|switch|p1a: Cacturne|Cacturne, L93, F|281/281\n|-damage|p1a: Cacturne|246/281|[from] Stealth Rock\n|turn|28\n|\n|t:|1770076390\n|move|p2a: Lycanroc|Stone Edge|p1a: Cacturne\n|-damage|p1a: Cacturne|0 fnt\n|faint|p1a: Cacturne\n|\n|upkeep\n|\n|t:|1770076394\n|switch|p1a: Beedrill|Beedrill, L77, F|227/227\n|-damage|p1a: Beedrill|171/227|[from] Stealth Rock\n|turn|29\n|\n|t:|1770076399\n|detailschange|p1a: Beedrill|Beedrill-Mega, L77, F\n|-mega|p1a: Beedrill|Beedrill|Beedrillite\n|move|p1a: Beedrill|Drill Run|p2a: Lycanroc\n|-supereffective|p2a: Lycanroc\n|-damage|p2a: Lycanroc|59/260\n|move|p2a: Lycanroc|Zen Headbutt|p1a: Beedrill\n|-supereffective|p1a: Beedrill\n|-damage|p1a: Beedrill|0 fnt\n|faint|p1a: Beedrill\n|detailschange|p1: Beedrill|Beedrill, L77, F|[silent]\n|\n|upkeep\n|\n|t:|1770076404\n|switch|p1a: Politoed|Politoed, L88, M|194/302 tox\n|-damage|p1a: Politoed|157/302 tox|[from] Stealth Rock\n|-weather|RainDance|[from] ability: Drizzle|[of] p1a: Politoed\n|turn|30\n|\n|t:|1770076417\n|move|p2a: Lycanroc|Drill Run|p1a: Politoed\n|-crit|p1a: Politoed\n|-damage|p1a: Politoed|0 fnt\n|faint|p1a: Politoed\n|\n|-weather|RainDance|[upkeep]\n|upkeep\n|\n|t:|1770076420\n|switch|p1a: Salazzle|Salazzle, L84, F|251/251 par\n|-damage|p1a: Salazzle|189/251 par|[from] Stealth Rock\n|turn|31\n|-message|returningemperor forfeited.\n|\n|win|La.Hellhound\n|raw|returningemperor's rating: 1559 &rarr; <strong>1544</strong><br />(-15 for losing)\n|raw|La.Hellhound's rating: 1657 &rarr; <strong>1672</strong><br />(+15 for winning)\n|l|☆returningemperor\n|player|p1|\n", "inputlog": ">version ccdc32dd7cde25fd9e4bed64820e885f66e78a4e\n>start {\"formatid\":\"gen7randombattle\",\"seed\":\"sodium,d63813bdbe7d714f5d52ba95a2dcc81f\",\"rated\":\"Rated battle\"}\n>player p1 {\"name\":\"returningemperor\",\"avatar\":\"guzma\",\"rating\":1559,\"seed\":\"sodium,370d79cf3771655a48f67cb100639f8d\"}\n>player p2 {\"name\":\"La.Hellhound\",\"avatar\":\"bruno\",\"rating\":1657,\"seed\":\"sodium,90eda0989bd770838bce732dc258486a\"}\n>p1 move toxic\n>p2 move toxic\n>p1 move encore\n>p2 switch 2\n>p1 move toxic\n>p2 move encore\n>p1 switch 5\n>p2 move lunge\n>p1 move substitute\n>p2 move thunderwave\n>p1 move protect\n>p2 move encore\n>p1 move flamethrower\n>p2 move encore\n>p1 move protect\n>p2 move roost\n>p1 move protect\n>p2 switch 4\n>p1 move flamethrower\n>p2 switch 2\n>p1 move substitute\n>p2 move scald\n>p1 move protect\n>p2 switch 4\n>p1 move flamethrower\n>p2 move encore\n>p1 move protect\n>p2 switch 3\n>p1 move protect\n>p2 move stealthrock\n>p1 move toxic\n>p2 switch 4\n>p1 move substitute\n>p2 move scald\n>p1 move substitute\n>p2 switch 3\n>p1 move flamethrower\n>p2 move encore\n>p1 move substitute\n>p2 move roost\n>p1 move substitute\n>p2 switch 3\n>p1 move flamethrower\n>p2 switch 3\n>p1 move flamethrower\n>p2 move encore\n>p2 switch 5\n>p1 move flamethrower\n>p2 move drillrun\n>p1 switch 2\n>p2 move swordsdance\n>p1 move willowisp\n>p2 move stoneedge zmove\n>p1 switch 4\n>p1 move dynamicpunch\n>p2 move zenheadbutt\n>p1 switch 3\n>p1 move seedbomb\n>p2 move stoneedge\n>p1 switch 6\n>p1 move drillrun mega\n>p2 move zenheadbutt\n>p1 switch 5\n>p1 move scald\n>p2 move drillrun\n>p1 switch 2\n>forcelose p1", "uploadtime": 1770076427, "views": 166, "formatid": "gen7randombattle", "rating": 1544, "private": 0, "password": null}