{"id": "gen7randombattle-2523152158", "format": "[Gen 7] Random Battle", "players": ["tomiyasu188", "Shadow099"], "log": "|j|☆tomiyasu188\n|j|☆Shadow099\n|t:|1768995869\n|gametype|singles\n|player|p1|tomiyasu188|170|1673\n|player|p2|Shadow099|burglar|1714\n|gen|7\n|tier|[Gen 7] Random Battle\n|rated|\n|rule|Sleep Clause Mod: Limit one foe put to sleep\n|rule|HP Percentage Mod: HP is shown in percentages\n|rule|Illusion Level Mod: Illusion disguises the Pokémon's true level\n|\n|t:|1768995869\n|teamsize|p1|6\n|teamsize|p2|6\n|start\n|switch|p1a: Cresselia|Cresselia, L82, F|331/331\n|switch|p2a: Flygon|Flygon, L82, M|265/265\n|turn|1\n|inactive|Battle timer is ON: inactive players will automatically lose when time's up. (requested by tomiyasu188)\n|inactive|Shadow099 has 120 seconds left.\n|\n|t:|1768995919\n|switch|p2a: Carbink|Carbink, L92|241/241\n|move|p1a: Cresselia|Thunder Wave|p2a: Carbink\n|-status|p2a: Carbink|par\n|\n|upkeep\n|turn|2\n|inactive|tomiyasu188 has 120 seconds left.\n|\n|t:|1768995951\n|switch|p1a: Swampert|Swampert, L81, M|295/295\n|cant|p2a: Carbink|par\n|\n|upkeep\n|turn|3\n|\n|t:|1768995958\n|switch|p2a: Chesnaught|Chesnaught, L89, M|301/301\n|detailschange|p1a: Swampert|Swampert-Mega, L81, M\n|-mega|p1a: Swampert|Swampert|Swampertite\n|move|p1a: Swampert|Waterfall|p2a: Chesnaught\n|-resisted|p2a: Chesnaught\n|-damage|p2a: Chesnaught|262/301\n|\n|-heal|p2a: Chesnaught|280/301|[from] item: Leftovers\n|upkeep\n|turn|4\n|\n|t:|1768995970\n|switch|p1a: Ho-Oh|Ho-Oh, L72|272/272\n|move|p2a: Chesnaught|Leech Seed|p1a: Ho-Oh\n|-start|p1a: Ho-Oh|move: Leech Seed\n|\n|-heal|p2a: Chesnaught|298/301|[from] item: Leftovers\n|-damage|p1a: Ho-Oh|238/272|[from] Leech Seed|[of] p2a: Chesnaught\n|-heal|p2a: Chesnaught|301/301|[silent]\n|upkeep\n|turn|5\n|\n|t:|1768995981\n|switch|p1a: Landorus|Landorus-Therian, L74, M|254/254\n|-ability|p1a: Landorus|Intimidate|boost\n|-unboost|p2a: Chesnaught|atk|1\n|switch|p2a: Carbink|Carbink, L92|241/241 par\n|\n|upkeep\n|turn|6\n|\n|t:|1768995994\n|switch|p2a: Kecleon|Kecleon, L90, M|254/254\n|move|p1a: Landorus|Earthquake|p2a: Kecleon\n|-damage|p2a: Kecleon|79/254\n|-damage|p1a: Landorus|229/254|[from] item: Life Orb\n|\n|-heal|p2a: Kecleon|94/254|[from] item: Leftovers\n|upkeep\n|turn|7\n|\n|t:|1768996003\n|switch|p2a: Flygon|Flygon, L82, M|265/265\n|move|p1a: Landorus|Earthquake|p2a: Flygon\n|-immune|p2a: Flygon|[from] ability: Levitate\n|\n|upkeep\n|turn|8\n|\n|t:|1768996029\n|switch|p2a: Carbink|Carbink, L92|241/241 par\n|switch|p1a: Cresselia|Cresselia, L82, F|331/331\n|\n|upkeep\n|turn|9\n|\n|t:|1768996034\n|switch|p1a: Swampert|Swampert-Mega, L81, M|295/295\n|move|p2a: Carbink|Stealth Rock|p1a: Swampert\n|-sidestart|p1: tomiyasu188|move: Stealth Rock\n|\n|upkeep\n|turn|10\n|\n|t:|1768996048\n|switch|p2a: Chesnaught|Chesnaught, L89, M|301/301\n|move|p1a: Swampert|Ice Punch|p2a: Chesnaught\n|-supereffective|p2a: Chesnaught\n|-damage|p2a: Chesnaught|187/301\n|\n|-heal|p2a: Chesnaught|205/301|[from] item: Leftovers\n|upkeep\n|turn|11\n|\n|t:|1768996058\n|switch|p1a: Pachirisu|Pachirisu, L96, M|271/271\n|-damage|p1a: Pachirisu|238/271|[from] Stealth Rock\n|move|p2a: Chesnaught|Leech Seed|p1a: Pachirisu\n|-start|p1a: Pachirisu|move: Leech Seed\n|\n|-heal|p1a: Pachirisu|254/271|[from] item: Leftovers\n|-heal|p2a: Chesnaught|223/301|[from] item: Leftovers\n|-damage|p1a: Pachirisu|221/271|[from] Leech Seed|[of] p2a: Chesnaught\n|-heal|p2a: Chesnaught|256/301|[silent]\n|upkeep\n|turn|12\n|\n|t:|1768996065\n|move|p2a: Chesnaught|Spiky Shield|p2a: Chesnaught\n|-singleturn|p2a: Chesnaught|move: Protect\n|move|p1a: Pachirisu|U-turn|p2a: Chesnaught\n|-activate|p2a: Chesnaught|move: Protect\n|-damage|p1a: Pachirisu|188/271|[from] Spiky Shield|[of] p2a: Chesnaught\n|\n|-heal|p1a: Pachirisu|204/271|[from] item: Leftovers\n|-heal|p2a: Chesnaught|274/301|[from] item: Leftovers\n|-damage|p1a: Pachirisu|171/271|[from] Leech Seed|[of] p2a: Chesnaught\n|-heal|p2a: Chesnaught|301/301|[silent]\n|upkeep\n|turn|13\n|\n|t:|1768996074\n|switch|p2a: Galvantula|Galvantula, L80, M|243/243\n|move|p1a: Pachirisu|Toxic|p2a: Galvantula\n|-status|p2a: Galvantula|tox\n|\n|-heal|p1a: Pachirisu|187/271|[from] item: Leftovers\n|-damage|p1a: Pachirisu|154/271|[from] Leech Seed|[of] p2a: Galvantula\n|-damage|p2a: Galvantula|228/243 tox|[from] psn\n|upkeep\n|turn|14\n|\n|t:|1768996083\n|move|p1a: Pachirisu|U-turn|p2a: Galvantula\n|-damage|p2a: Galvantula|171/243 tox\n|\n|t:|1768996096\n|switch|p1a: Ho-Oh|Ho-Oh, L72|272/272|[from] U-turn\n|-damage|p1a: Ho-Oh|136/272|[from] Stealth Rock\n|move|p2a: Galvantula|Sticky Web|p1a: Ho-Oh\n|-sidestart|p1: tomiyasu188|move: Sticky Web\n|\n|-heal|p1a: Ho-Oh|153/272|[from] item: Leftovers\n|-damage|p2a: Galvantula|141/243 tox|[from] psn\n|upkeep\n|turn|15\n|\n|t:|1768996103\n|switch|p1a: Pachirisu|Pachirisu, L96, M|154/271\n|-damage|p1a: Pachirisu|121/271|[from] Stealth Rock\n|-activate|p1a: Pachirisu|move: Sticky Web\n|-unboost|p1a: Pachirisu|spe|1\n|move|p2a: Galvantula|Bug Buzz|p1a: Pachirisu\n|-damage|p1a: Pachirisu|18/271\n|-damage|p2a: Galvantula|117/243 tox|[from] item: Life Orb\n|\n|-heal|p1a: Pachirisu|34/271|[from] item: Leftovers\n|-damage|p2a: Galvantula|72/243 tox|[from] psn\n|upkeep\n|turn|16\n|\n|t:|1768996110\n|switch|p1a: Ho-Oh|Ho-Oh, L72|243/272\n|-damage|p1a: Ho-Oh|107/272|[from] Stealth Rock\n|move|p2a: Galvantula|Bug Buzz|p1a: Ho-Oh\n|-resisted|p1a: Ho-Oh\n|-crit|p1a: Ho-Oh\n|-damage|p1a: Ho-Oh|73/272\n|-damage|p2a: Galvantula|48/243 tox|[from] item: Life Orb\n|\n|-heal|p1a: Ho-Oh|90/272|[from] item: Leftovers\n|-damage|p2a: Galvantula|0 fnt|[from] psn\n|faint|p2a: Galvantula\n|upkeep\n|\n|t:|1768996127\n|switch|p2a: Carbink|Carbink, L92|241/241 par\n|turn|17\n|\n|t:|1768996133\n|move|p1a: Ho-Oh|Roost|p1a: Ho-Oh\n|-heal|p1a: Ho-Oh|226/272\n|-singleturn|p1a: Ho-Oh|move: Roost\n|move|p2a: Carbink|Power Gem|p1a: Ho-Oh\n|-supereffective|p1a: Ho-Oh\n|-damage|p1a: Ho-Oh|130/272\n|\n|-heal|p1a: Ho-Oh|147/272|[from] item: Leftovers\n|upkeep\n|turn|18\n|\n|t:|1768996137\n|move|p1a: Ho-Oh|Roost|p1a: Ho-Oh\n|-heal|p1a: Ho-Oh|272/272\n|-singleturn|p1a: Ho-Oh|move: Roost\n|move|p2a: Carbink|Toxic|p1a: Ho-Oh\n|-status|p1a: Ho-Oh|tox\n|\n|-damage|p1a: Ho-Oh|255/272 tox|[from] psn\n|upkeep\n|turn|19\n|-message|tomiyasu188 forfeited.\n|\n|win|Shadow099\n|raw|tomiyasu188's rating: 1673 &rarr; <strong>1655</strong><br />(-18 for losing)\n|raw|Shadow099's rating: 1714 &rarr; <strong>1732</strong><br />(+18 for winning)\n|l|☆tomiyasu188\n|player|p1|\n", "inputlog": ">version 3bd1a1e329da8d286644078cfc9a9638fc7ea025\n>start {\"formatid\":\"gen7randombattle\",\"seed\":\"sodium,da81baff251803fffb42467ca792dda2\",\"rated\":\"Rated battle\"}\n>player p1 {\"name\":\"tomiyasu188\",\"avatar\":\"170\",\"rating\":1673,\"seed\":\"sodium,c9b067c916603b264fcb88b5fea4adeb\"}\n>player p2 {\"name\":\"Shadow099\",\"avatar\":\"burglar\",\"rating\":1714,\"seed\":\"sodium,703ec159dd6a1b48e8bb71d55a0f2701\"}\n>p1 move thunderwave\n>p2 switch 3\n>p1 switch 2\n>p2 move stealthrock\n>p1 move waterfall mega\n>p2 switch 6\n>p1 switch 6\n>p2 move leechseed\n>p1 switch 3\n>p2 switch 6\n>p1 move earthquake\n>p2 switch 4\n>p1 move earthquake\n>p2 switch 3\n>p1 switch 2\n>p2 switch 4\n>p1 switch 6\n>p2 move stealthrock\n>p1 move icepunch\n>p2 switch 6\n>p1 switch 4\n>p2 move leechseed\n>p1 move uturn\n>p2 move spikyshield\n>p1 move toxic\n>p2 switch 5\n>p1 move uturn\n>p2 move stickyweb\n>p1 switch 3\n>p1 switch 3\n>p2 move bugbuzz\n>p1 switch 3\n>p2 move bugbuzz\n>p2 switch 6\n>p1 move roost\n>p2 move powergem\n>p1 move roost\n>p2 move toxic\n>forcelose p1", "uploadtime": 1768996158, "views": 184, "formatid": "gen7randombattle", "rating": 1655, "private": 0, "password": null}