{"id": "gen7randombattle-2539445698", "format": "[Gen 7] Random Battle", "players": ["Hasanredbaron", "may/gen3"], "log": "|j|☆Hasanredbaron\n|j|☆may/gen3\n|t:|1771060481\n|gametype|singles\n|player|p1|Hasanredbaron|170|1734\n|player|p2|may/gen3|may|1765\n|gen|7\n|tier|[Gen 7] Random Battle\n|rated|\n|rule|Sleep Clause Mod: Limit one foe put to sleep\n|rule|HP Percentage Mod: HP is shown in percentages\n|rule|Illusion Level Mod: Illusion disguises the Pokémon's true level\n|\n|t:|1771060481\n|teamsize|p1|6\n|teamsize|p2|6\n|start\n|switch|p1a: Beartic|Beartic, L92, F|324/324\n|switch|p2a: Muk|Muk-Alola, L80, M|299/299\n|turn|1\n|\n|t:|1771060490\n|move|p1a: Beartic|Swords Dance|p1a: Beartic\n|-boost|p1a: Beartic|atk|2\n|move|p2a: Muk|Knock Off|p1a: Beartic\n|-damage|p1a: Beartic|221/324\n|-enditem|p1a: Beartic|Life Orb|[from] move: Knock Off|[of] p2a: Muk\n|\n|upkeep\n|turn|2\n|\n|t:|1771060501\n|move|p1a: Beartic|Icicle Crash|p2a: Muk\n|-damage|p2a: Muk|0 fnt\n|faint|p2a: Muk\n|\n|upkeep\n|inactive|Battle timer is ON: inactive players will automatically lose when time's up. (requested by Hasanredbaron)\n|\n|t:|1771060506\n|switch|p2a: Exploud|Exploud, L86, M|319/319\n|turn|3\n|\n|t:|1771060511\n|move|p2a: Exploud|Fire Blast|p1a: Beartic\n|-supereffective|p1a: Beartic\n|-damage|p1a: Beartic|0 fnt\n|faint|p1a: Beartic\n|\n|upkeep\n|\n|t:|1771060519\n|switch|p1a: Gigalith|Gigalith, L82, F|274/274\n|-weather|Sandstorm|[from] ability: Sand Stream|[of] p1a: Gigalith\n|turn|4\n|\n|t:|1771060524\n|switch|p2a: Quagsire|Quagsire, L87, F|307/307\n|move|p1a: Gigalith|Stone Edge|p2a: Quagsire\n|-resisted|p2a: Quagsire\n|-damage|p2a: Quagsire|206/307\n|\n|-weather|Sandstorm|[upkeep]\n|-heal|p2a: Quagsire|225/307|[from] item: Leftovers\n|upkeep\n|turn|5\n|\n|t:|1771060539\n|switch|p1a: Jumpluff|Jumpluff, L89, M|278/278\n|move|p2a: Quagsire|Toxic|p1a: Jumpluff\n|-status|p1a: Jumpluff|tox\n|\n|-weather|Sandstorm|[upkeep]\n|-damage|p1a: Jumpluff|261/278 tox|[from] Sandstorm\n|-heal|p2a: Quagsire|244/307|[from] item: Leftovers\n|-damage|p1a: Jumpluff|244/278 tox|[from] psn\n|upkeep\n|turn|6\n|\n|t:|1771060545\n|switch|p2a: Shuckle|Shuckle, L86, F|175/175\n|move|p1a: Jumpluff|Leech Seed|p2a: Shuckle\n|-start|p2a: Shuckle|move: Leech Seed\n|\n|-weather|Sandstorm|[upkeep]\n|-damage|p1a: Jumpluff|227/278 tox|[from] Sandstorm\n|-damage|p2a: Shuckle|154/175|[from] Leech Seed|[of] p1a: Jumpluff\n|-heal|p1a: Jumpluff|248/278 tox|[silent]\n|-damage|p1a: Jumpluff|214/278 tox|[from] psn\n|upkeep\n|turn|7\n|\n|t:|1771060556\n|switch|p1a: Clawitzer|Clawitzer, L87, M|265/265\n|move|p2a: Shuckle|Sticky Web|p1a: Clawitzer\n|-sidestart|p1: Hasanredbaron|move: Sticky Web\n|\n|-weather|Sandstorm|[upkeep]\n|-damage|p1a: Clawitzer|249/265|[from] Sandstorm\n|-damage|p2a: Shuckle|133/175|[from] Leech Seed|[of] p1a: Clawitzer\n|-heal|p1a: Clawitzer|265/265|[silent]\n|upkeep\n|turn|8\n|\n|t:|1771060561\n|move|p1a: Clawitzer|Water Pulse|p2a: Shuckle\n|-supereffective|p2a: Shuckle\n|-damage|p2a: Shuckle|29/175\n|move|p2a: Shuckle|Knock Off|p1a: Clawitzer\n|-damage|p1a: Clawitzer|242/265\n|-enditem|p1a: Clawitzer|Choice Specs|[from] move: Knock Off|[of] p2a: Shuckle\n|\n|-weather|none\n|-damage|p2a: Shuckle|8/175|[from] Leech Seed|[of] p1a: Clawitzer\n|-heal|p1a: Clawitzer|263/265|[silent]\n|upkeep\n|turn|9\n|\n|t:|1771060566\n|move|p1a: Clawitzer|Water Pulse|p2a: Shuckle\n|-supereffective|p2a: Shuckle\n|-damage|p2a: Shuckle|0 fnt\n|faint|p2a: Shuckle\n|\n|upkeep\n|\n|t:|1771060572\n|switch|p2a: Abomasnow|Abomasnow, L83, F|285/285\n|-weather|Hail|[from] ability: Snow Warning|[of] p2a: Abomasnow\n|turn|10\n|\n|t:|1771060579\n|move|p1a: Clawitzer|Aura Sphere|p2a: Abomasnow\n|-supereffective|p2a: Abomasnow\n|-damage|p2a: Abomasnow|51/285\n|move|p2a: Abomasnow|Giga Drain|p1a: Clawitzer\n|-supereffective|p1a: Clawitzer\n|-damage|p1a: Clawitzer|111/265\n|-heal|p2a: Abomasnow|127/285|[from] drain|[of] p1a: Clawitzer\n|\n|-weather|Hail|[upkeep]\n|-damage|p1a: Clawitzer|95/265|[from] Hail\n|upkeep\n|turn|11\n|\n|t:|1771060588\n|switch|p2a: Girafarig|Girafarig, L95, M|287/287\n|move|p1a: Clawitzer|Aura Sphere|p2a: Girafarig\n|-damage|p2a: Girafarig|162/287\n|\n|-weather|Hail|[upkeep]\n|-damage|p2a: Girafarig|145/287|[from] Hail\n|-damage|p1a: Clawitzer|79/265|[from] Hail\n|upkeep\n|turn|12\n|\n|t:|1771060592\n|move|p2a: Girafarig|Hyper Voice|p1a: Clawitzer\n|-damage|p1a: Clawitzer|0 fnt\n|faint|p1a: Clawitzer\n|-damage|p2a: Girafarig|117/287|[from] item: Life Orb\n|\n|-weather|Hail|[upkeep]\n|-damage|p2a: Girafarig|100/287|[from] Hail\n|upkeep\n|\n|t:|1771060603\n|switch|p1a: Jumpluff|Jumpluff, L89, M|214/278 tox\n|turn|13\n|\n|t:|1771060609\n|move|p1a: Jumpluff|Acrobatics|p2a: Girafarig\n|-damage|p2a: Girafarig|0 fnt\n|faint|p2a: Girafarig\n|\n|-weather|Hail|[upkeep]\n|-damage|p1a: Jumpluff|197/278 tox|[from] Hail\n|-damage|p1a: Jumpluff|180/278 tox|[from] psn\n|upkeep\n|\n|t:|1771060611\n|switch|p2a: Exploud|Exploud, L86, M|319/319\n|turn|14\n|\n|t:|1771060616\n|move|p1a: Jumpluff|Acrobatics|p2a: Exploud\n|-damage|p2a: Exploud|220/319\n|move|p2a: Exploud|Boomburst|p1a: Jumpluff\n|-damage|p1a: Jumpluff|0 fnt\n|faint|p1a: Jumpluff\n|\n|-weather|none\n|upkeep\n|\n|t:|1771060623\n|switch|p1a: Gigalith|Gigalith, L82, F|274/274\n|-activate|p1a: Gigalith|move: Sticky Web\n|-unboost|p1a: Gigalith|spe|1\n|-weather|Sandstorm|[from] ability: Sand Stream|[of] p1a: Gigalith\n|turn|15\n|\n|t:|1771060627\n|switch|p2a: Quagsire|Quagsire, L87, F|244/307\n|move|p1a: Gigalith|Superpower|p2a: Quagsire\n|-damage|p2a: Quagsire|97/307\n|-unboost|p1a: Gigalith|atk|1\n|-unboost|p1a: Gigalith|def|1\n|\n|-weather|Sandstorm|[upkeep]\n|-heal|p2a: Quagsire|116/307|[from] item: Leftovers\n|upkeep\n|turn|16\n|\n|t:|1771060634\n|move|p2a: Quagsire|Recover|p2a: Quagsire\n|-heal|p2a: Quagsire|270/307\n|move|p1a: Gigalith|Superpower|p2a: Quagsire\n|-damage|p2a: Quagsire|109/307\n|-unboost|p1a: Gigalith|atk|1\n|-unboost|p1a: Gigalith|def|1\n|\n|-weather|Sandstorm|[upkeep]\n|-heal|p2a: Quagsire|128/307|[from] item: Leftovers\n|upkeep\n|turn|17\n|\n|t:|1771060639\n|move|p2a: Quagsire|Recover|p2a: Quagsire\n|-heal|p2a: Quagsire|282/307\n|move|p1a: Gigalith|Superpower|p2a: Quagsire\n|-damage|p2a: Quagsire|133/307\n|-unboost|p1a: Gigalith|atk|1\n|-unboost|p1a: Gigalith|def|1\n|\n|-weather|Sandstorm|[upkeep]\n|-heal|p2a: Quagsire|152/307|[from] item: Leftovers\n|upkeep\n|turn|18\n|\n|t:|1771060644\n|switch|p1a: Clefable|Clefable, L83, M|293/293\n|-activate|p1a: Clefable|move: Sticky Web\n|-unboost|p1a: Clefable|spe|1\n|move|p2a: Quagsire|Earthquake|p1a: Clefable\n|-damage|p1a: Clefable|164/293\n|\n|-weather|Sandstorm|[upkeep]\n|-heal|p2a: Quagsire|171/307|[from] item: Leftovers\n|upkeep\n|turn|19\n|\n|t:|1771060648\n|move|p2a: Quagsire|Earthquake|p1a: Clefable\n|-damage|p1a: Clefable|43/293\n|move|p1a: Clefable|Knock Off|p2a: Quagsire\n|-damage|p2a: Quagsire|106/307\n|-enditem|p2a: Quagsire|Leftovers|[from] move: Knock Off|[of] p1a: Clefable\n|\n|-weather|none\n|upkeep\n|turn|20\n|\n|t:|1771060661\n|move|p2a: Quagsire|Earthquake|p1a: Clefable\n|-damage|p1a: Clefable|0 fnt\n|faint|p1a: Clefable\n|\n|upkeep\n|\n|t:|1771060671\n|switch|p1a: Gigalith|Gigalith, L82, F|274/274\n|-activate|p1a: Gigalith|move: Sticky Web\n|-unboost|p1a: Gigalith|spe|1\n|-weather|Sandstorm|[from] ability: Sand Stream|[of] p1a: Gigalith\n|turn|21\n|\n|t:|1771060675\n|move|p2a: Quagsire|Recover|p2a: Quagsire\n|-heal|p2a: Quagsire|260/307\n|move|p1a: Gigalith|Explosion|p2a: Quagsire\n|-damage|p2a: Quagsire|0 fnt\n|faint|p1a: Gigalith\n|faint|p2a: Quagsire\n|\n|-weather|Sandstorm|[upkeep]\n|upkeep\n|\n|t:|1771060682\n|switch|p2a: Exploud|Exploud, L86, M|220/319\n|switch|p1a: Turtonator|Turtonator, L88, F|249/249\n|-activate|p1a: Turtonator|move: Sticky Web\n|-unboost|p1a: Turtonator|spe|1\n|-enditem|p1a: Turtonator|White Herb\n|-clearnegativeboost|p1a: Turtonator|[silent]\n|turn|22\n|\n|t:|1771060687\n|move|p2a: Exploud|Boomburst|p1a: Turtonator\n|-damage|p1a: Turtonator|17/249\n|move|p1a: Turtonator|Shell Smash|p1a: Turtonator\n|-unboost|p1a: Turtonator|def|1\n|-unboost|p1a: Turtonator|spd|1\n|-boost|p1a: Turtonator|atk|2\n|-boost|p1a: Turtonator|spa|2\n|-boost|p1a: Turtonator|spe|2\n|\n|-weather|Sandstorm|[upkeep]\n|-damage|p1a: Turtonator|2/249|[from] Sandstorm\n|-damage|p2a: Exploud|201/319|[from] Sandstorm\n|upkeep\n|turn|23\n|\n|t:|1771060693\n|move|p1a: Turtonator|Dragon Pulse|p2a: Exploud\n|-damage|p2a: Exploud|0 fnt\n|faint|p2a: Exploud\n|\n|-weather|Sandstorm|[upkeep]\n|-damage|p1a: Turtonator|0 fnt|[from] Sandstorm\n|faint|p1a: Turtonator\n|\n|win|may/gen3\n|raw|Hasanredbaron's rating: 1734 &rarr; <strong>1716</strong><br />(-18 for losing)\n|raw|may&#x2f;gen3's rating: 1765 &rarr; <strong>1783</strong><br />(+18 for winning)\n|l|☆Hasanredbaron\n|player|p1|\n", "inputlog": ">version ccdc32dd7cde25fd9e4bed64820e885f66e78a4e\n>start {\"formatid\":\"gen7randombattle\",\"seed\":\"sodium,531aacf4bc80df4ab74084a5392f2594\",\"rated\":\"Rated battle\"}\n>player p1 {\"name\":\"Hasanredbaron\",\"avatar\":\"170\",\"rating\":1734,\"seed\":\"sodium,82e2430cbd30edf64cc22f25d6a9fd91\"}\n>player p2 {\"name\":\"may/gen3\",\"avatar\":\"may\",\"rating\":1765,\"seed\":\"sodium,57e5eeaa3c0c2d3cf0aabab3052358a0\"}\n>p1 move swordsdance\n>p2 move knockoff\n>p1 move iciclecrash\n>p2 move gunkshot\n>p2 switch 5\n>p1 move superpower\n>p2 move fireblast\n>p1 switch 5\n>p1 move stoneedge\n>p2 switch 3\n>p1 switch 2\n>p2 move toxic\n>p1 move leechseed\n>p2 switch 4\n>p1 switch 3\n>p2 move stickyweb\n>p1 move waterpulse\n>p2 move knockoff\n>p1 move waterpulse\n>p2 move toxic\n>p2 switch 6\n>p1 move aurasphere\n>p2 move gigadrain\n>p1 move aurasphere\n>p2 switch 2\n>p1 move darkpulse\n>p2 move hypervoice\n>p1 switch 3\n>p1 move acrobatics\n>p2 move hypervoice\n>p2 switch 3\n>p1 move acrobatics\n>p2 move boomburst\n>p1 switch 2\n>p1 move superpower\n>p2 switch 4\n>p1 move superpower\n>p2 move recover\n>p1 move superpower\n>p2 move recover\n>p1 switch 6\n>p2 move earthquake\n>p1 move knockoff\n>p2 move earthquake\n>p1 move moonblast\n>p2 move earthquake\n>p1 switch 6\n>p1 move explosion\n>p2 move recover\n>p1 switch 4\n>p2 switch 4\n>p1 move shellsmash\n>p2 move boomburst\n>p1 move dragonpulse\n>p2 move boomburst", "uploadtime": 1771060702, "views": 146, "formatid": "gen7randombattle", "rating": 1716, "private": 0, "password": null}