{"id": "gen7randombattle-2534024724", "format": "[Gen 7] Random Battle", "players": ["aurora ltd", "ayswayyy"], "log": "|j|☆aurora ltd\n|j|☆ayswayyy\n|t:|1770378067\n|gametype|singles\n|player|p1|aurora ltd|silver-gen2kanto|1518\n|player|p2|ayswayyy|169|1667\n|gen|7\n|tier|[Gen 7] Random Battle\n|rated|\n|rule|Sleep Clause Mod: Limit one foe put to sleep\n|rule|HP Percentage Mod: HP is shown in percentages\n|rule|Illusion Level Mod: Illusion disguises the Pokémon's true level\n|\n|t:|1770378067\n|teamsize|p1|6\n|teamsize|p2|6\n|start\n|switch|p1a: Passimian|Passimian, L84, M|305/305\n|switch|p2a: Reuniclus|Reuniclus, L87, M|333/333\n|turn|1\n|inactive|Battle timer is ON: inactive players will automatically lose when time's up. (requested by ayswayyy)\n|\n|t:|1770378105\n|switch|p1a: Lunatone|Lunatone, L93|318/318\n|move|p2a: Reuniclus|Psychic|p1a: Lunatone\n|-resisted|p1a: Lunatone\n|-damage|p1a: Lunatone|250/318\n|\n|-heal|p1a: Lunatone|269/318|[from] item: Leftovers\n|upkeep\n|turn|2\n|\n|t:|1770378114\n|move|p1a: Lunatone|Power Gem|p2a: Reuniclus\n|-damage|p2a: Reuniclus|225/333\n|move|p2a: Reuniclus|Calm Mind|p2a: Reuniclus\n|-boost|p2a: Reuniclus|spa|1\n|-boost|p2a: Reuniclus|spd|1\n|\n|-heal|p1a: Lunatone|288/318|[from] item: Leftovers\n|upkeep\n|turn|3\n|\n|t:|1770378124\n|move|p1a: Lunatone|Stealth Rock|p2a: Reuniclus\n|-sidestart|p2: ayswayyy|move: Stealth Rock\n|move|p2a: Reuniclus|Psychic|p1a: Lunatone\n|-resisted|p1a: Lunatone\n|-damage|p1a: Lunatone|185/318\n|-unboost|p1a: Lunatone|spd|1\n|\n|-heal|p1a: Lunatone|204/318|[from] item: Leftovers\n|upkeep\n|turn|4\n|\n|t:|1770378132\n|move|p1a: Lunatone|Power Gem|p2a: Reuniclus\n|-damage|p2a: Reuniclus|152/333\n|move|p2a: Reuniclus|Psychic|p1a: Lunatone\n|-resisted|p1a: Lunatone\n|-damage|p1a: Lunatone|44/318\n|-unboost|p1a: Lunatone|spd|1\n|\n|-heal|p1a: Lunatone|63/318|[from] item: Leftovers\n|upkeep\n|turn|5\n|\n|t:|1770378146\n|move|p1a: Lunatone|Power Gem|p2a: Reuniclus\n|-damage|p2a: Reuniclus|82/333\n|move|p2a: Reuniclus|Recover|p2a: Reuniclus\n|-heal|p2a: Reuniclus|249/333\n|\n|-heal|p1a: Lunatone|82/318|[from] item: Leftovers\n|upkeep\n|turn|6\n|\n|t:|1770378154\n|move|p1a: Lunatone|Power Gem|p2a: Reuniclus\n|-damage|p2a: Reuniclus|179/333\n|move|p2a: Reuniclus|Recover|p2a: Reuniclus\n|-heal|p2a: Reuniclus|333/333\n|\n|-heal|p1a: Lunatone|101/318|[from] item: Leftovers\n|upkeep\n|turn|7\n|\n|t:|1770378163\n|move|p1a: Lunatone|Power Gem|p2a: Reuniclus\n|-damage|p2a: Reuniclus|264/333\n|move|p2a: Reuniclus|Psychic|p1a: Lunatone\n|-resisted|p1a: Lunatone\n|-damage|p1a: Lunatone|0 fnt\n|faint|p1a: Lunatone\n|\n|upkeep\n|\n|t:|1770378192\n|switch|p1a: Tsareena|Tsareena, L87, F|267/267\n|turn|8\n|\n|t:|1770378200\n|move|p1a: Tsareena|Power Whip|p2a: Reuniclus\n|-damage|p2a: Reuniclus|96/333\n|move|p2a: Reuniclus|Psychic|p1a: Tsareena\n|-damage|p1a: Tsareena|36/267\n|\n|-heal|p1a: Tsareena|52/267|[from] item: Leftovers\n|upkeep\n|turn|9\n|\n|t:|1770378210\n|move|p1a: Tsareena|Power Whip|p2a: Reuniclus\n|-damage|p2a: Reuniclus|0 fnt\n|faint|p2a: Reuniclus\n|\n|-heal|p1a: Tsareena|68/267|[from] item: Leftovers\n|upkeep\n|\n|t:|1770378226\n|switch|p2a: Simisear|Simisear, L89, F|278/278\n|-damage|p2a: Simisear|209/278|[from] Stealth Rock\n|turn|10\n|\n|t:|1770378247\n|move|p2a: Simisear|Fire Blast|p1a: Tsareena\n|-supereffective|p1a: Tsareena\n|-damage|p1a: Tsareena|0 fnt\n|faint|p1a: Tsareena\n|-damage|p2a: Simisear|182/278|[from] item: Life Orb\n|\n|upkeep\n|inactive|aurora ltd has 120 seconds left.\n|\n|t:|1770378262\n|switch|p1a: Charizard|Charizard, L76, F|243/243\n|turn|11\n|inactive|aurora ltd has 120 seconds left.\n|\n|t:|1770378273\n|detailschange|p1a: Charizard|Charizard-Mega-X, L76, F\n|-mega|p1a: Charizard|Charizard|Charizardite X\n|move|p2a: Simisear|Hidden Power|p1a: Charizard\n|-supereffective|p1a: Charizard\n|-damage|p1a: Charizard|103/243\n|-damage|p2a: Simisear|155/278|[from] item: Life Orb\n|move|p1a: Charizard|Dragon Dance|p1a: Charizard\n|-boost|p1a: Charizard|atk|1\n|-boost|p1a: Charizard|spe|1\n|\n|upkeep\n|turn|12\n|inactive|aurora ltd has 120 seconds left.\n|\n|t:|1770378293\n|move|p1a: Charizard|Dragon Claw|p2a: Simisear\n|-damage|p2a: Simisear|0 fnt\n|faint|p2a: Simisear\n|\n|upkeep\n|\n|t:|1770378300\n|switch|p2a: Clefable|Clefable, L83, M|293/293\n|-damage|p2a: Clefable|257/293|[from] Stealth Rock\n|turn|13\n|inactive|aurora ltd has 120 seconds left.\n|\n|t:|1770378316\n|move|p1a: Charizard|Flare Blitz|p2a: Clefable\n|-damage|p2a: Clefable|50/293\n|-damage|p1a: Charizard|35/243|[from] Recoil\n|move|p2a: Clefable|Moonblast|p1a: Charizard\n|-damage|p1a: Charizard|0 fnt\n|faint|p1a: Charizard\n|detailschange|p1: Charizard|Charizard, L76, F|[silent]\n|\n|-heal|p2a: Clefable|68/293|[from] item: Leftovers\n|upkeep\n|\n|t:|1770378335\n|switch|p1a: Flygon|Flygon, L82, F|265/265\n|turn|14\n|\n|t:|1770378345\n|move|p1a: Flygon|Earthquake|p2a: Clefable\n|-damage|p2a: Clefable|0 fnt\n|faint|p2a: Clefable\n|\n|upkeep\n|\n|t:|1770378367\n|switch|p2a: Crawdaunt|Crawdaunt, L85, F|246/246\n|-damage|p2a: Crawdaunt|216/246|[from] Stealth Rock\n|turn|15\n|inactive|aurora ltd has 90 seconds left.\n|\n|t:|1770378397\n|switch|p1a: Passimian|Passimian, L84, M|305/305\n|move|p2a: Crawdaunt|Crabhammer|p1a: Passimian\n|-damage|p1a: Passimian|47/305\n|\n|-heal|p1a: Passimian|66/305|[from] item: Leftovers\n|upkeep\n|turn|16\n|inactive|aurora ltd has 90 seconds left.\n|\n|t:|1770378411\n|switch|p2a: Banette|Banette, L87, M|253/253\n|-damage|p2a: Banette|222/253|[from] Stealth Rock\n|-item|p1a: Passimian|Leftovers|[from] ability: Frisk|[of] p2a: Banette\n|move|p1a: Passimian|Drain Punch|p2a: Banette\n|-immune|p2a: Banette\n|\n|-heal|p1a: Passimian|85/305|[from] item: Leftovers\n|upkeep\n|turn|17\n|inactive|aurora ltd has 90 seconds left.\n|\n|t:|1770378422\n|detailschange|p2a: Banette|Banette-Mega, L87, M\n|-mega|p2a: Banette|Banette|Banettite\n|move|p1a: Passimian|Knock Off|p2a: Banette\n|-supereffective|p2a: Banette\n|-damage|p2a: Banette|108/253\n|move|p2a: Banette|Shadow Claw|p1a: Passimian\n|-damage|p1a: Passimian|0 fnt\n|faint|p1a: Passimian\n|\n|upkeep\n|\n|t:|1770378434\n|switch|p1a: Flygon|Flygon, L82, F|265/265\n|turn|18\n|\n|t:|1770378453\n|move|p2a: Banette|Will-O-Wisp|p1a: Flygon\n|-status|p1a: Flygon|brn\n|move|p1a: Flygon|Outrage|p2a: Banette\n|-damage|p2a: Banette|44/253\n|\n|-damage|p1a: Flygon|249/265 brn|[from] brn\n|upkeep\n|turn|19\n|\n|t:|1770378464\n|move|p2a: Banette|Destiny Bond|p2a: Banette\n|-singlemove|p2a: Banette|Destiny Bond\n|move|p1a: Flygon|Outrage|p2a: Banette|[from] lockedmove\n|-damage|p2a: Banette|0 fnt\n|faint|p2a: Banette\n|-activate|p2a: Banette|move: Destiny Bond\n|detailschange|p2: Banette|Banette, L87, M|[silent]\n|faint|p1a: Flygon\n|\n|upkeep\n|\n|t:|1770378475\n|switch|p1a: Infernape|Infernape, L81, M|256/256\n|switch|p2a: Crawdaunt|Crawdaunt, L85, F|216/246\n|-damage|p2a: Crawdaunt|186/246|[from] Stealth Rock\n|turn|20\n|\n|t:|1770378498\n|move|p2a: Crawdaunt|Aqua Jet|p1a: Infernape\n|-supereffective|p1a: Infernape\n|-damage|p1a: Infernape|0 fnt\n|faint|p1a: Infernape\n|\n|win|ayswayyy\n|raw|aurora ltd's rating: 1518 &rarr; <strong>1506</strong><br />(-12 for losing)\n|raw|ayswayyy's rating: 1667 &rarr; <strong>1679</strong><br />(+12 for winning)\n|l|☆ayswayyy\n|player|p2|\n", "inputlog": ">version ccdc32dd7cde25fd9e4bed64820e885f66e78a4e\n>start {\"formatid\":\"gen7randombattle\",\"seed\":\"sodium,5b500a2d807d45a277f9782ffa3e808d\",\"rated\":\"Rated battle\"}\n>player p1 {\"name\":\"aurora ltd\",\"avatar\":\"silver-gen2kanto\",\"rating\":1518,\"seed\":\"sodium,0594e8cef06b5b562e4fb00a07d7642a\"}\n>player p2 {\"name\":\"ayswayyy\",\"avatar\":\"169\",\"rating\":1667,\"seed\":\"sodium,c868a7ac71866940fe02d0105359d883\"}\n>p1 switch 6\n>p2 move psychic\n>p1 move powergem\n>p2 move calmmind\n>p1 move stealthrock\n>p2 move psychic\n>p1 move powergem\n>p2 move psychic\n>p1 move powergem\n>p2 move recover\n>p1 move powergem\n>p2 move recover\n>p1 move powergem\n>p2 move psychic\n>p1 switch 4\n>p1 move powerwhip\n>p2 move psychic\n>p1 move powerwhip\n>p2 move psychic\n>p2 switch 5\n>p1 move highjumpkick\n>p2 move fireblast\n>p1 switch 2\n>p1 move dragondance mega\n>p2 move hiddenpower\n>p1 move dragonclaw\n>p2 move hiddenpower\n>p2 switch 2\n>p1 move flareblitz\n>p2 move moonblast\n>p1 switch 3\n>p1 move earthquake\n>p2 move moonblast\n>p2 switch 6\n>p1 switch 6\n>p2 move crabhammer\n>p1 move drainpunch\n>p2 switch 3\n>p1 move knockoff\n>p2 move shadowclaw mega\n>p1 switch 6\n>p1 move outrage\n>p2 move willowisp\n>p1 move outrage\n>p2 move destinybond\n>p1 switch 5\n>p2 switch 3\n>p1 move closecombat\n>p2 move aquajet", "uploadtime": 1770378520, "views": 217, "formatid": "gen7randombattle", "rating": 1506, "private": 0, "password": null}