{"id": "gen7randombattle-2534062196", "format": "[Gen 7] Random Battle", "players": ["superwooper96", "bin2409"], "log": "|j|☆superwooper96\n|j|☆bin2409\n|t:|1770383234\n|gametype|singles\n|player|p1|superwooper96|ninjaboy|1797\n|player|p2|bin2409|lucas|1904\n|gen|7\n|tier|[Gen 7] Random Battle\n|rated|\n|rule|Sleep Clause Mod: Limit one foe put to sleep\n|rule|HP Percentage Mod: HP is shown in percentages\n|rule|Illusion Level Mod: Illusion disguises the Pokémon's true level\n|\n|t:|1770383234\n|teamsize|p1|6\n|teamsize|p2|6\n|start\n|switch|p1a: Comfey|Comfey, L87, F|230/230\n|switch|p2a: Primeape|Primeape, L89, M|260/260\n|turn|1\n|\n|t:|1770383259\n|switch|p2a: Chansey|Chansey, L85, F|564/564\n|switch|p1a: Regirock|Regirock, L87|281/281\n|\n|upkeep\n|turn|2\n|\n|t:|1770383270\n|move|p1a: Regirock|Stealth Rock|p2a: Chansey\n|-sidestart|p2: bin2409|move: Stealth Rock\n|move|p2a: Chansey|Toxic|p1a: Regirock\n|-status|p1a: Regirock|tox\n|\n|-damage|p1a: Regirock|264/281 tox|[from] psn\n|upkeep\n|turn|3\n|\n|t:|1770383311\n|switch|p2a: Primeape|Primeape, L89, M|260/260\n|-damage|p2a: Primeape|244/260|[from] Stealth Rock\n|move|p1a: Regirock|Drain Punch|p2a: Primeape\n|-crit|p2a: Primeape\n|-damage|p2a: Primeape|137/260\n|-heal|p1a: Regirock|281/281 tox|[from] drain|[of] p2a: Primeape\n|\n|-damage|p1a: Regirock|247/281 tox|[from] psn\n|upkeep\n|turn|4\n|\n|t:|1770383323\n|switch|p1a: Arbok|Arbok, L90, F|254/254\n|move|p2a: Primeape|U-turn|p1a: Arbok\n|-resisted|p1a: Arbok\n|-damage|p1a: Arbok|220/254\n|\n|t:|1770383334\n|switch|p2a: Mawile|Mawile, L78, M|206/206|[from] U-turn\n|-damage|p2a: Mawile|194/206|[from] Stealth Rock\n|-ability|p2a: Mawile|Intimidate|boost\n|-unboost|p1a: Arbok|atk|1\n|\n|-heal|p1a: Arbok|235/254|[from] item: Black Sludge\n|upkeep\n|turn|5\n|\n|t:|1770383345\n|detailschange|p2a: Mawile|Mawile-Mega, L78, M\n|-mega|p2a: Mawile|Mawile|Mawilite\n|move|p1a: Arbok|Earthquake|p2a: Mawile\n|-supereffective|p2a: Mawile\n|-damage|p2a: Mawile|106/206\n|move|p2a: Mawile|Knock Off|p1a: Arbok\n|-damage|p1a: Arbok|100/254\n|-enditem|p1a: Arbok|Black Sludge|[from] move: Knock Off|[of] p2a: Mawile\n|\n|upkeep\n|turn|6\n|\n|t:|1770383355\n|move|p1a: Arbok|Earthquake|p2a: Mawile\n|-supereffective|p2a: Mawile\n|-damage|p2a: Mawile|10/206\n|move|p2a: Mawile|Iron Head|p1a: Arbok\n|-damage|p1a: Arbok|0 fnt\n|faint|p1a: Arbok\n|\n|upkeep\n|\n|t:|1770383371\n|switch|p1a: Regirock|Regirock, L87|247/281 tox\n|turn|7\n|\n|t:|1770383380\n|move|p1a: Regirock|Drain Punch|p2a: Mawile\n|-damage|p2a: Mawile|0 fnt\n|-heal|p1a: Regirock|252/281 tox|[from] drain|[of] p2a: Mawile\n|faint|p2a: Mawile\n|detailschange|p2: Mawile|Mawile, L78, M|[silent]\n|\n|-heal|p1a: Regirock|269/281 tox|[from] item: Leftovers\n|-damage|p1a: Regirock|252/281 tox|[from] psn\n|upkeep\n|\n|t:|1770383390\n|switch|p2a: Primeape|Primeape, L89, M|137/260\n|-damage|p2a: Primeape|121/260|[from] Stealth Rock\n|turn|8\n|\n|t:|1770383397\n|switch|p1a: Comfey|Comfey, L87, F|230/230\n|move|p2a: Primeape|Close Combat|p1a: Comfey\n|-resisted|p1a: Comfey\n|-damage|p1a: Comfey|163/230\n|-unboost|p2a: Primeape|def|1\n|-unboost|p2a: Primeape|spd|1\n|\n|upkeep\n|turn|9\n|\n|t:|1770383403\n|switch|p2a: Chansey|Chansey, L85, F|564/564\n|-damage|p2a: Chansey|494/564|[from] Stealth Rock\n|switch|p1a: Regirock|Regirock, L87|252/281 tox\n|\n|-heal|p1a: Regirock|269/281 tox|[from] item: Leftovers\n|-damage|p1a: Regirock|252/281 tox|[from] psn\n|upkeep\n|turn|10\n|\n|t:|1770383412\n|move|p1a: Regirock|Drain Punch|p2a: Chansey\n|-supereffective|p2a: Chansey\n|-damage|p2a: Chansey|236/564\n|-heal|p1a: Regirock|281/281 tox|[from] drain|[of] p2a: Chansey\n|move|p2a: Chansey|Soft-Boiled|p2a: Chansey\n|-heal|p2a: Chansey|518/564\n|\n|-damage|p1a: Regirock|247/281 tox|[from] psn\n|upkeep\n|turn|11\n|\n|t:|1770383428\n|move|p1a: Regirock|Thunder Wave|p2a: Chansey\n|-status|p2a: Chansey|par\n|cant|p2a: Chansey|par\n|\n|-heal|p1a: Regirock|264/281 tox|[from] item: Leftovers\n|-damage|p1a: Regirock|213/281 tox|[from] psn\n|upkeep\n|turn|12\n|\n|t:|1770383438\n|move|p1a: Regirock|Drain Punch|p2a: Chansey\n|-supereffective|p2a: Chansey\n|-damage|p2a: Chansey|262/564 par\n|-heal|p1a: Regirock|281/281 tox|[from] drain|[of] p2a: Chansey\n|cant|p2a: Chansey|par\n|\n|-damage|p1a: Regirock|213/281 tox|[from] psn\n|upkeep\n|turn|13\n|\n|t:|1770383448\n|move|p1a: Regirock|Drain Punch|p2a: Chansey\n|-supereffective|p2a: Chansey\n|-damage|p2a: Chansey|0 fnt\n|-heal|p1a: Regirock|281/281 tox|[from] drain|[of] p2a: Chansey\n|faint|p2a: Chansey\n|\n|-damage|p1a: Regirock|196/281 tox|[from] psn\n|upkeep\n|\n|t:|1770383454\n|switch|p2a: Primeape|Primeape, L89, M|121/260\n|-damage|p2a: Primeape|105/260|[from] Stealth Rock\n|turn|14\n|\n|t:|1770383463\n|switch|p1a: Comfey|Comfey, L87, F|163/230\n|move|p2a: Primeape|Gunk Shot|p1a: Comfey\n|-supereffective|p1a: Comfey\n|-damage|p1a: Comfey|0 fnt\n|faint|p1a: Comfey\n|\n|upkeep\n|\n|t:|1770383470\n|switch|p1a: Regirock|Regirock, L87|196/281 tox\n|turn|15\n|\n|t:|1770383478\n|move|p2a: Primeape|Gunk Shot|p1a: Regirock\n|-resisted|p1a: Regirock\n|-damage|p1a: Regirock|171/281 tox\n|move|p1a: Regirock|Drain Punch|p2a: Primeape\n|-crit|p2a: Primeape\n|-damage|p2a: Primeape|5/260\n|-heal|p1a: Regirock|221/281 tox|[from] drain|[of] p2a: Primeape\n|\n|-heal|p1a: Regirock|238/281 tox|[from] item: Leftovers\n|-damage|p1a: Regirock|221/281 tox|[from] psn\n|upkeep\n|turn|16\n|\n|t:|1770383487\n|move|p2a: Primeape|Gunk Shot|p1a: Regirock|[miss]\n|-miss|p2a: Primeape|p1a: Regirock\n|move|p1a: Regirock|Drain Punch|p2a: Primeape\n|-damage|p2a: Primeape|0 fnt\n|-heal|p1a: Regirock|224/281 tox|[from] drain|[of] p2a: Primeape\n|faint|p2a: Primeape\n|\n|-heal|p1a: Regirock|241/281 tox|[from] item: Leftovers\n|-damage|p1a: Regirock|207/281 tox|[from] psn\n|upkeep\n|\n|t:|1770383493\n|switch|p2a: Accelgor|Accelgor, L90, F|290/290\n|-damage|p2a: Accelgor|218/290|[from] Stealth Rock\n|turn|17\n|\n|t:|1770383498\n|move|p2a: Accelgor|Encore|p1a: Regirock\n|-start|p1a: Regirock|Encore\n|move|p1a: Regirock|Drain Punch|p2a: Accelgor\n|-resisted|p2a: Accelgor\n|-damage|p2a: Accelgor|170/290\n|-heal|p1a: Regirock|231/281 tox|[from] drain|[of] p2a: Accelgor\n|\n|-heal|p2a: Accelgor|188/290|[from] item: Leftovers\n|-heal|p1a: Regirock|248/281 tox|[from] item: Leftovers\n|-damage|p1a: Regirock|197/281 tox|[from] psn\n|upkeep\n|turn|18\n|\n|t:|1770383510\n|switch|p1a: Vivillon|Vivillon-Icy Snow, L85, F|275/275\n|move|p2a: Accelgor|Bug Buzz|p1a: Vivillon\n|-resisted|p1a: Vivillon\n|-damage|p1a: Vivillon|188/275\n|\n|-heal|p2a: Accelgor|206/290|[from] item: Leftovers\n|-heal|p1a: Vivillon|205/275|[from] item: Leftovers\n|upkeep\n|turn|19\n|\n|t:|1770383515\n|move|p2a: Accelgor|Hidden Power|p1a: Vivillon\n|-supereffective|p1a: Vivillon\n|-damage|p1a: Vivillon|0 fnt\n|faint|p1a: Vivillon\n|\n|-heal|p2a: Accelgor|224/290|[from] item: Leftovers\n|upkeep\n|\n|t:|1770383523\n|switch|p1a: Regirock|Regirock, L87|197/281 tox\n|turn|20\n|\n|t:|1770383529\n|move|p2a: Accelgor|Bug Buzz|p1a: Regirock\n|-damage|p1a: Regirock|106/281 tox\n|move|p1a: Regirock|Stone Edge|p2a: Accelgor\n|-supereffective|p2a: Accelgor\n|-crit|p2a: Accelgor\n|-damage|p2a: Accelgor|0 fnt\n|faint|p2a: Accelgor\n|\n|-heal|p1a: Regirock|123/281 tox|[from] item: Leftovers\n|-damage|p1a: Regirock|106/281 tox|[from] psn\n|upkeep\n|\n|t:|1770383541\n|switch|p2a: Illumise|Illumise, L92, F|269/269\n|-damage|p2a: Illumise|202/269|[from] Stealth Rock\n|turn|21\n|\n|t:|1770383552\n|move|p2a: Illumise|Roost|p2a: Illumise\n|-heal|p2a: Illumise|269/269\n|-singleturn|p2a: Illumise|move: Roost\n|move|p1a: Regirock|Stone Edge|p2a: Illumise\n|-supereffective|p2a: Illumise\n|-damage|p2a: Illumise|41/269\n|\n|-heal|p2a: Illumise|57/269|[from] item: Leftovers\n|-heal|p1a: Regirock|123/281 tox|[from] item: Leftovers\n|-damage|p1a: Regirock|89/281 tox|[from] psn\n|upkeep\n|turn|22\n|\n|t:|1770383559\n|move|p2a: Illumise|Bug Buzz|p1a: Regirock\n|-damage|p1a: Regirock|8/281 tox\n|move|p1a: Regirock|Stone Edge|p2a: Illumise|[miss]\n|-miss|p1a: Regirock|p2a: Illumise\n|\n|-heal|p2a: Illumise|73/269|[from] item: Leftovers\n|-heal|p1a: Regirock|25/281 tox|[from] item: Leftovers\n|-damage|p1a: Regirock|0 fnt|[from] psn\n|faint|p1a: Regirock\n|upkeep\n|\n|t:|1770383580\n|switch|p1a: Cherrim|Cherrim, L99, M|299/299\n|turn|23\n|\n|t:|1770383584\n|move|p2a: Illumise|Roost|p2a: Illumise\n|-heal|p2a: Illumise|208/269\n|-singleturn|p2a: Illumise|move: Roost\n|move|p1a: Cherrim|Hidden Power|p2a: Illumise\n|-supereffective|p2a: Illumise\n|-damage|p2a: Illumise|54/269\n|\n|-heal|p2a: Illumise|70/269|[from] item: Leftovers\n|upkeep\n|turn|24\n|\n|t:|1770383593\n|move|p2a: Illumise|Roost|p2a: Illumise\n|-heal|p2a: Illumise|205/269\n|-singleturn|p2a: Illumise|move: Roost\n|move|p1a: Cherrim|Hidden Power|p2a: Illumise\n|-supereffective|p2a: Illumise\n|-damage|p2a: Illumise|53/269\n|\n|-heal|p2a: Illumise|69/269|[from] item: Leftovers\n|upkeep\n|turn|25\n|\n|t:|1770383600\n|move|p2a: Illumise|Roost|p2a: Illumise\n|-heal|p2a: Illumise|204/269\n|-singleturn|p2a: Illumise|move: Roost\n|move|p1a: Cherrim|Hidden Power|p2a: Illumise\n|-supereffective|p2a: Illumise\n|-damage|p2a: Illumise|48/269\n|\n|-heal|p2a: Illumise|64/269|[from] item: Leftovers\n|upkeep\n|turn|26\n|\n|t:|1770383613\n|move|p2a: Illumise|Roost|p2a: Illumise\n|-heal|p2a: Illumise|199/269\n|-singleturn|p2a: Illumise|move: Roost\n|move|p1a: Cherrim|Hidden Power|p2a: Illumise\n|-supereffective|p2a: Illumise\n|-damage|p2a: Illumise|59/269\n|\n|-heal|p2a: Illumise|75/269|[from] item: Leftovers\n|upkeep\n|turn|27\n|\n|t:|1770383619\n|move|p2a: Illumise|Roost|p2a: Illumise\n|-heal|p2a: Illumise|210/269\n|-singleturn|p2a: Illumise|move: Roost\n|move|p1a: Cherrim|Hidden Power|p2a: Illumise\n|-supereffective|p2a: Illumise\n|-damage|p2a: Illumise|66/269\n|\n|-heal|p2a: Illumise|82/269|[from] item: Leftovers\n|upkeep\n|turn|28\n|\n|t:|1770383626\n|move|p2a: Illumise|Roost|p2a: Illumise\n|-heal|p2a: Illumise|217/269\n|-singleturn|p2a: Illumise|move: Roost\n|move|p1a: Cherrim|Hidden Power|p2a: Illumise\n|-supereffective|p2a: Illumise\n|-damage|p2a: Illumise|69/269\n|\n|-heal|p2a: Illumise|85/269|[from] item: Leftovers\n|upkeep\n|turn|29\n|\n|t:|1770383631\n|move|p2a: Illumise|Roost|p2a: Illumise\n|-heal|p2a: Illumise|220/269\n|-singleturn|p2a: Illumise|move: Roost\n|move|p1a: Cherrim|Hidden Power|p2a: Illumise\n|-supereffective|p2a: Illumise\n|-damage|p2a: Illumise|78/269\n|\n|-heal|p2a: Illumise|94/269|[from] item: Leftovers\n|upkeep\n|turn|30\n|\n|t:|1770383637\n|move|p2a: Illumise|Roost|p2a: Illumise\n|-heal|p2a: Illumise|229/269\n|-singleturn|p2a: Illumise|move: Roost\n|move|p1a: Cherrim|Hidden Power|p2a: Illumise\n|-supereffective|p2a: Illumise\n|-damage|p2a: Illumise|67/269\n|\n|-heal|p2a: Illumise|83/269|[from] item: Leftovers\n|upkeep\n|turn|31\n|\n|t:|1770383644\n|move|p2a: Illumise|Roost|p2a: Illumise\n|-heal|p2a: Illumise|218/269\n|-singleturn|p2a: Illumise|move: Roost\n|move|p1a: Cherrim|Hidden Power|p2a: Illumise\n|-supereffective|p2a: Illumise\n|-damage|p2a: Illumise|76/269\n|\n|-heal|p2a: Illumise|92/269|[from] item: Leftovers\n|upkeep\n|turn|32\n|\n|t:|1770383652\n|move|p2a: Illumise|Thunder Wave|p1a: Cherrim\n|-status|p1a: Cherrim|par\n|cant|p1a: Cherrim|par\n|\n|-heal|p2a: Illumise|108/269|[from] item: Leftovers\n|upkeep\n|turn|33\n|\n|t:|1770383656\n|move|p2a: Illumise|Roost|p2a: Illumise\n|-heal|p2a: Illumise|243/269\n|-singleturn|p2a: Illumise|move: Roost\n|move|p1a: Cherrim|Hidden Power|p2a: Illumise\n|-supereffective|p2a: Illumise\n|-damage|p2a: Illumise|89/269\n|\n|-heal|p2a: Illumise|105/269|[from] item: Leftovers\n|upkeep\n|turn|34\n|\n|t:|1770383662\n|move|p2a: Illumise|Roost|p2a: Illumise\n|-heal|p2a: Illumise|240/269\n|-singleturn|p2a: Illumise|move: Roost\n|move|p1a: Cherrim|Hidden Power|p2a: Illumise\n|-supereffective|p2a: Illumise\n|-damage|p2a: Illumise|92/269\n|\n|-heal|p2a: Illumise|108/269|[from] item: Leftovers\n|upkeep\n|turn|35\n|\n|t:|1770383667\n|move|p2a: Illumise|Roost|p2a: Illumise\n|-heal|p2a: Illumise|243/269\n|-singleturn|p2a: Illumise|move: Roost\n|move|p1a: Cherrim|Hidden Power|p2a: Illumise\n|-supereffective|p2a: Illumise\n|-damage|p2a: Illumise|79/269\n|\n|-heal|p2a: Illumise|95/269|[from] item: Leftovers\n|upkeep\n|turn|36\n|\n|t:|1770383672\n|move|p2a: Illumise|Roost|p2a: Illumise\n|-heal|p2a: Illumise|230/269\n|-singleturn|p2a: Illumise|move: Roost\n|cant|p1a: Cherrim|par\n|\n|-heal|p2a: Illumise|246/269|[from] item: Leftovers\n|upkeep\n|turn|37\n|\n|t:|1770383676\n|move|p2a: Illumise|Bug Buzz|p1a: Cherrim\n|-supereffective|p1a: Cherrim\n|-damage|p1a: Cherrim|137/299 par\n|move|p1a: Cherrim|Hidden Power|p2a: Illumise\n|-supereffective|p2a: Illumise\n|-damage|p2a: Illumise|102/269\n|\n|-heal|p2a: Illumise|118/269|[from] item: Leftovers\n|upkeep\n|turn|38\n|\n|t:|1770383681\n|move|p2a: Illumise|Bug Buzz|p1a: Cherrim\n|-supereffective|p1a: Cherrim\n|-damage|p1a: Cherrim|0 fnt\n|faint|p1a: Cherrim\n|\n|-heal|p2a: Illumise|134/269|[from] item: Leftovers\n|upkeep\n|\n|t:|1770383682\n|switch|p1a: Marshadow|Marshadow, L69|239/239\n|turn|39\n|\n|t:|1770383688\n|move|p2a: Illumise|Thunder Wave|p1a: Marshadow\n|-status|p1a: Marshadow|par\n|cant|p1a: Marshadow|par\n|\n|-heal|p2a: Illumise|150/269|[from] item: Leftovers\n|upkeep\n|turn|40\n|\n|t:|1770383696\n|move|p2a: Illumise|Bug Buzz|p1a: Marshadow\n|-resisted|p1a: Marshadow\n|-damage|p1a: Marshadow|212/239 par\n|cant|p1a: Marshadow|par\n|\n|-heal|p2a: Illumise|166/269|[from] item: Leftovers\n|upkeep\n|turn|41\n|\n|t:|1770383701\n|move|p2a: Illumise|Bug Buzz|p1a: Marshadow\n|-resisted|p1a: Marshadow\n|-crit|p1a: Marshadow\n|-damage|p1a: Marshadow|173/239 par\n|move|p1a: Marshadow|Bulk Up|p1a: Marshadow\n|-boost|p1a: Marshadow|atk|1\n|-boost|p1a: Marshadow|def|1\n|\n|-heal|p2a: Illumise|182/269|[from] item: Leftovers\n|upkeep\n|turn|42\n|\n|t:|1770383706\n|move|p2a: Illumise|Encore|p1a: Marshadow\n|-start|p1a: Marshadow|Encore\n|move|p1a: Marshadow|Bulk Up|p1a: Marshadow\n|-boost|p1a: Marshadow|atk|1\n|-boost|p1a: Marshadow|def|1\n|\n|-heal|p2a: Illumise|198/269|[from] item: Leftovers\n|upkeep\n|turn|43\n|\n|t:|1770383709\n|move|p2a: Illumise|Bug Buzz|p1a: Marshadow\n|-resisted|p1a: Marshadow\n|-damage|p1a: Marshadow|147/239 par\n|cant|p1a: Marshadow|par\n|\n|-heal|p2a: Illumise|214/269|[from] item: Leftovers\n|upkeep\n|turn|44\n|\n|t:|1770383714\n|move|p2a: Illumise|Bug Buzz|p1a: Marshadow\n|-resisted|p1a: Marshadow\n|-damage|p1a: Marshadow|121/239 par\n|move|p1a: Marshadow|Bulk Up|p1a: Marshadow\n|-boost|p1a: Marshadow|atk|1\n|-boost|p1a: Marshadow|def|1\n|\n|-heal|p2a: Illumise|230/269|[from] item: Leftovers\n|-end|p1a: Marshadow|Encore\n|upkeep\n|turn|45\n|-message|superwooper96 forfeited.\n|\n|win|bin2409\n|raw|superwooper96's rating: 1810 &rarr; <strong>1795</strong><br />(-15 for losing)\n|raw|bin2409's rating: 1904 &rarr; <strong>1919</strong><br />(+15 for winning)\n|l|☆superwooper96\n|player|p1|\n|l|☆bin2409\n|player|p2|\n", "inputlog": ">version ccdc32dd7cde25fd9e4bed64820e885f66e78a4e\n>start {\"formatid\":\"gen7randombattle\",\"seed\":\"sodium,3e2865ab02ecf0f418fccb1da2e48757\",\"rated\":\"Rated battle\"}\n>player p1 {\"name\":\"superwooper96\",\"avatar\":\"ninjaboy\",\"rating\":1797,\"seed\":\"sodium,2d02b954caf7fcff44c191dfc9e61487\"}\n>player p2 {\"name\":\"bin2409\",\"avatar\":\"lucas\",\"rating\":1904,\"seed\":\"sodium,62d642537a4c7c7ffa10c14708c28b91\"}\n>p1 switch 3\n>p2 switch 3\n>p1 move stealthrock\n>p2 move toxic\n>p1 move drainpunch\n>p2 switch 3\n>p1 switch 2\n>p2 move uturn\n>p2 switch 4\n>p1 move earthquake\n>p2 move knockoff mega\n>p1 move earthquake\n>p2 move ironhead\n>p1 switch 2\n>p1 move drainpunch\n>p2 move ironhead\n>p2 switch 4\n>p1 switch 3\n>p2 move closecombat\n>p1 switch 3\n>p2 switch 3\n>p1 move drainpunch\n>p2 move softboiled\n>p1 move thunderwave\n>p2 move wish\n>p1 move drainpunch\n>p2 move wish\n>p1 move drainpunch\n>p2 move softboiled\n>p2 switch 3\n>p1 switch 3\n>p2 move gunkshot\n>p1 switch 3\n>p1 move drainpunch\n>p2 move gunkshot\n>p1 move drainpunch\n>p2 move gunkshot\n>p2 switch 6\n>p1 move stoneedge\n>p2 move encore\n>p1 switch 6\n>p2 move bugbuzz\n>p1 move sleeppowder\n>p2 move hiddenpower\n>p1 switch 6\n>p1 move stoneedge\n>p2 move bugbuzz\n>p2 switch 2\n>p1 move stoneedge\n>p2 move roost\n>p1 move stoneedge\n>p2 move bugbuzz\n>p1 switch 4\n>p1 move hiddenpower\n>p2 move roost\n>p1 move hiddenpower\n>p2 move roost\n>p1 move hiddenpower\n>p2 move roost\n>p1 move hiddenpower\n>p2 move roost\n>p1 move hiddenpower\n>p2 move roost\n>p1 move hiddenpower\n>p2 move roost\n>p1 move hiddenpower\n>p2 move roost\n>p1 move hiddenpower\n>p2 move roost\n>p1 move hiddenpower\n>p2 move roost\n>p1 move hiddenpower\n>p2 move thunderwave\n>p1 move hiddenpower\n>p2 move roost\n>p1 move hiddenpower\n>p2 move roost\n>p1 move hiddenpower\n>p2 move roost\n>p1 move hiddenpower\n>p2 move roost\n>p1 move hiddenpower\n>p2 move bugbuzz\n>p1 move hiddenpower\n>p2 move bugbuzz\n>p1 switch 5\n>p1 move spectralthief\n>p2 move thunderwave\n>p1 move bulkup\n>p2 move bugbuzz\n>p1 move bulkup\n>p2 move bugbuzz\n>p1 move shadowsneak\n>p2 move encore\n>p1 move bulkup\n>p2 move bugbuzz\n>p1 move bulkup\n>p2 move bugbuzz\n>forcelose p1", "uploadtime": 1770383757, "views": 216, "formatid": "gen7randombattle", "rating": 1795, "private": 0, "password": null}