{"id": "gen7randombattle-2533183698", "format": "[Gen 7] Random Battle", "players": ["mob.sans", "plop in my pants"], "log": "|j|☆mob.sans\n|j|‽plop in my pants\n|t:|1770268674\n|gametype|singles\n|player|p1|mob.sans|nanu|1673\n|player|p2|plop in my pants|teamrocket|1769\n|gen|7\n|tier|[Gen 7] Random Battle\n|rated|\n|rule|Sleep Clause Mod: Limit one foe put to sleep\n|rule|HP Percentage Mod: HP is shown in percentages\n|rule|Illusion Level Mod: Illusion disguises the Pokémon's true level\n|\n|t:|1770268674\n|teamsize|p1|6\n|teamsize|p2|6\n|start\n|switch|p1a: Volbeat|Volbeat, L91, M|266/266\n|switch|p2a: Vespiquen|Vespiquen, F|301/301\n|-ability|p2a: Vespiquen|Pressure\n|turn|1\n|\n|t:|1770268683\n|switch|p1a: Mew|Mew, L80|291/291\n|move|p2a: Vespiquen|Toxic|p1a: Mew\n|-status|p1a: Mew|tox\n|-activate|p1a: Mew|ability: Synchronize\n|-status|p2a: Vespiquen|tox\n|\n|-damage|p1a: Mew|273/291 tox|[from] psn\n|-damage|p2a: Vespiquen|283/301 tox|[from] psn\n|upkeep\n|turn|2\n|\n|t:|1770268695\n|move|p1a: Mew|Fire Blast|p2a: Vespiquen\n|-supereffective|p2a: Vespiquen\n|-damage|p2a: Vespiquen|171/301 tox\n|move|p2a: Vespiquen|U-turn|p1a: Mew\n|-supereffective|p1a: Mew\n|-damage|p1a: Mew|91/291 tox\n|inactive|Battle timer is ON: inactive players will automatically lose when time's up. (requested by mob.sans)\n|\n|t:|1770268726\n|switch|p2a: Kabutops|Kabutops, L87, M|246/246|[from] U-turn\n|\n|-damage|p1a: Mew|55/291 tox|[from] psn\n|upkeep\n|turn|3\n|\n|t:|1770268739\n|move|p1a: Mew|Aura Sphere|p2a: Kabutops\n|-supereffective|p2a: Kabutops\n|-damage|p2a: Kabutops|134/246\n|move|p2a: Kabutops|Swords Dance|p2a: Kabutops\n|-boost|p2a: Kabutops|atk|2\n|\n|-damage|p1a: Mew|1/291 tox|[from] psn\n|upkeep\n|turn|4\n|\n|t:|1770268742\n|move|p2a: Kabutops|Aqua Jet|p1a: Mew\n|-damage|p1a: Mew|0 fnt\n|faint|p1a: Mew\n|\n|upkeep\n|\n|t:|1770268745\n|switch|p1a: Shaymin|Shaymin-Sky, L73|266/266\n|turn|5\n|\n|t:|1770268754\n|switch|p2a: Gogoat|Gogoat, L91, F|372/372\n|move|p1a: Shaymin|Seed Flare|p2a: Gogoat\n|-ability|p2a: Gogoat|Sap Sipper|boost\n|-boost|p2a: Gogoat|atk|1\n|\n|upkeep\n|turn|6\n|\n|t:|1770268775\n|move|p1a: Shaymin|Air Slash|p2a: Gogoat\n|-supereffective|p2a: Gogoat\n|-damage|p2a: Gogoat|232/372\n|cant|p2a: Gogoat|flinch\n|\n|-heal|p2a: Gogoat|255/372|[from] item: Leftovers\n|upkeep\n|turn|7\n|\n|t:|1770268781\n|move|p1a: Shaymin|Air Slash|p2a: Gogoat\n|-supereffective|p2a: Gogoat\n|-damage|p2a: Gogoat|109/372\n|move|p2a: Gogoat|Toxic|p1a: Shaymin\n|-status|p1a: Shaymin|tox\n|\n|-heal|p2a: Gogoat|132/372|[from] item: Leftovers\n|-damage|p1a: Shaymin|250/266 tox|[from] psn\n|upkeep\n|turn|8\n|\n|t:|1770268793\n|switch|p2a: Oranguru|Oranguru, L93, F|318/318\n|move|p1a: Shaymin|Air Slash|p2a: Oranguru\n|-damage|p2a: Oranguru|266/318\n|\n|-heal|p1a: Shaymin|266/266 tox|[from] item: Leftovers\n|-damage|p1a: Shaymin|234/266 tox|[from] psn\n|upkeep\n|turn|9\n|\n|t:|1770268796\n|switch|p1a: Cofagrigus|Cofagrigus, L89, F|248/248\n|move|p2a: Oranguru|Psyshock|p1a: Cofagrigus\n|-damage|p1a: Cofagrigus|157/248\n|\n|-heal|p1a: Cofagrigus|172/248|[from] item: Leftovers\n|upkeep\n|turn|10\n|\n|t:|1770268802\n|move|p2a: Oranguru|Psyshock|p1a: Cofagrigus\n|-damage|p1a: Cofagrigus|78/248\n|move|p1a: Cofagrigus|Toxic Spikes|p2a: Oranguru\n|-sidestart|p2: plop in my pants|move: Toxic Spikes\n|\n|-heal|p1a: Cofagrigus|93/248|[from] item: Leftovers\n|upkeep\n|turn|11\n|\n|t:|1770268805\n|move|p2a: Oranguru|Psyshock|p1a: Cofagrigus\n|-damage|p1a: Cofagrigus|0 fnt\n|faint|p1a: Cofagrigus\n|\n|upkeep\n|\n|t:|1770268810\n|switch|p1a: Volbeat|Volbeat, L91, M|266/266\n|turn|12\n|\n|t:|1770268815\n|switch|p2a: Vespiquen|Vespiquen, F|171/301 tox\n|-ability|p2a: Vespiquen|Pressure\n|move|p1a: Volbeat|Thunder Wave||[still]\n|-fail|p1a: Volbeat\n|\n|-heal|p2a: Vespiquen|189/301 tox|[from] item: Leftovers\n|-damage|p2a: Vespiquen|171/301 tox|[from] psn\n|upkeep\n|turn|13\n|\n|t:|1770268822\n|move|p1a: Volbeat|U-turn|p2a: Vespiquen\n|-resisted|p2a: Vespiquen\n|-damage|p2a: Vespiquen|147/301 tox\n|\n|t:|1770268826\n|switch|p1a: Shaymin|Shaymin-Sky, L73|234/266 tox|[from] U-turn\n|move|p2a: Vespiquen|Roost|p2a: Vespiquen\n|-heal|p2a: Vespiquen|298/301 tox\n|-singleturn|p2a: Vespiquen|move: Roost\n|\n|-heal|p1a: Shaymin|250/266 tox|[from] item: Leftovers\n|-heal|p2a: Vespiquen|301/301 tox|[from] item: Leftovers\n|-damage|p1a: Shaymin|234/266 tox|[from] psn\n|-damage|p2a: Vespiquen|265/301 tox|[from] psn\n|upkeep\n|turn|14\n|\n|t:|1770268837\n|switch|p2a: Gogoat|Gogoat, L91, F|132/372\n|-status|p2a: Gogoat|psn\n|move|p1a: Shaymin|Air Slash|p2a: Gogoat\n|-supereffective|p2a: Gogoat\n|-damage|p2a: Gogoat|0 fnt\n|faint|p2a: Gogoat\n|\n|-heal|p1a: Shaymin|250/266 tox|[from] item: Leftovers\n|-damage|p1a: Shaymin|218/266 tox|[from] psn\n|upkeep\n|\n|t:|1770268839\n|switch|p2a: Oranguru|Oranguru, L93, F|266/318\n|-status|p2a: Oranguru|psn\n|turn|15\n|\n|t:|1770268847\n|switch|p1a: Volbeat|Volbeat, L91, M|266/266\n|move|p2a: Oranguru|Psyshock|p1a: Volbeat\n|-damage|p1a: Volbeat|121/266\n|\n|-heal|p1a: Volbeat|137/266|[from] item: Leftovers\n|-damage|p2a: Oranguru|227/318 psn|[from] psn\n|upkeep\n|turn|16\n|\n|t:|1770268851\n|switch|p2a: Vespiquen|Vespiquen, F|265/301 tox\n|-ability|p2a: Vespiquen|Pressure\n|move|p1a: Volbeat|Roost|p1a: Volbeat\n|-heal|p1a: Volbeat|266/266\n|-singleturn|p1a: Volbeat|move: Roost\n|\n|-heal|p2a: Vespiquen|283/301 tox|[from] item: Leftovers\n|-damage|p2a: Vespiquen|265/301 tox|[from] psn\n|upkeep\n|turn|17\n|\n|t:|1770268855\n|move|p1a: Volbeat|U-turn|p2a: Vespiquen\n|-resisted|p2a: Vespiquen\n|-damage|p2a: Vespiquen|240/301 tox\n|\n|t:|1770268857\n|switch|p1a: Shaymin|Shaymin-Sky, L73|218/266 tox|[from] U-turn\n|move|p2a: Vespiquen|Air Slash|p1a: Shaymin\n|-supereffective|p1a: Shaymin\n|-damage|p1a: Shaymin|0 fnt\n|faint|p1a: Shaymin\n|\n|-heal|p2a: Vespiquen|258/301 tox|[from] item: Leftovers\n|-damage|p2a: Vespiquen|222/301 tox|[from] psn\n|upkeep\n|\n|t:|1770268864\n|switch|p1a: Golurk|Golurk, L87|297/297\n|turn|18\n|\n|t:|1770268890\n|move|p1a: Golurk|Ice Punch|p2a: Vespiquen\n|-supereffective|p2a: Vespiquen\n|-damage|p2a: Vespiquen|87/301 tox\n|-damage|p1a: Golurk|268/297|[from] item: Life Orb\n|move|p2a: Vespiquen|Toxic|p1a: Golurk\n|-status|p1a: Golurk|tox\n|\n|-heal|p2a: Vespiquen|105/301 tox|[from] item: Leftovers\n|-damage|p1a: Golurk|250/297 tox|[from] psn\n|-damage|p2a: Vespiquen|51/301 tox|[from] psn\n|upkeep\n|turn|19\n|\n|t:|1770268901\n|switch|p2a: Hariyama|Hariyama, L87, F|392/392\n|-status|p2a: Hariyama|psn\n|move|p1a: Golurk|Rock Polish|p1a: Golurk\n|-boost|p1a: Golurk|spe|2\n|\n|-damage|p1a: Golurk|214/297 tox|[from] psn\n|-damage|p2a: Hariyama|343/392 psn|[from] psn\n|upkeep\n|turn|20\n|\n|t:|1770268906\n|move|p1a: Golurk|Dynamic Punch|p2a: Hariyama\n|-damage|p2a: Hariyama|204/392 psn\n|-start|p2a: Hariyama|confusion\n|-damage|p1a: Golurk|185/297 tox|[from] item: Life Orb\n|-activate|p2a: Hariyama|confusion\n|move|p2a: Hariyama|Knock Off|p1a: Golurk\n|-supereffective|p1a: Golurk\n|-damage|p1a: Golurk|0 fnt\n|-enditem|p1a: Golurk|Life Orb|[from] move: Knock Off|[of] p2a: Hariyama\n|faint|p1a: Golurk\n|\n|-damage|p2a: Hariyama|155/392 psn|[from] psn\n|upkeep\n|\n|t:|1770268917\n|switch|p1a: Hitmontop|Hitmontop, L90, M|236/236\n|-ability|p1a: Hitmontop|Intimidate|boost\n|-unboost|p2a: Hariyama|atk|1\n|turn|21\n|\n|t:|1770268922\n|switch|p1a: Volbeat|Volbeat, L91, M|266/266\n|-end|p2a: Hariyama|confusion\n|move|p2a: Hariyama|Knock Off|p1a: Volbeat\n|-damage|p1a: Volbeat|209/266\n|-enditem|p1a: Volbeat|Leftovers|[from] move: Knock Off|[of] p2a: Hariyama\n|\n|-damage|p2a: Hariyama|106/392 psn|[from] psn\n|upkeep\n|turn|22\n|\n|t:|1770268944\n|switch|p2a: Stunfisk|Stunfisk, L88, M|335/335\n|-status|p2a: Stunfisk|psn\n|move|p1a: Volbeat|Encore||[still]\n|-fail|p1a: Volbeat\n|\n|-damage|p2a: Stunfisk|294/335 psn|[from] psn\n|upkeep\n|turn|23\n|\n|t:|1770268951\n|move|p1a: Volbeat|U-turn|p2a: Stunfisk\n|-damage|p2a: Stunfisk|221/335 psn\n|\n|t:|1770268953\n|switch|p1a: Hitmontop|Hitmontop, L90, M|236/236|[from] U-turn\n|-ability|p1a: Hitmontop|Intimidate|boost\n|-unboost|p2a: Stunfisk|atk|1\n|move|p2a: Stunfisk|Toxic|p1a: Hitmontop\n|-status|p1a: Hitmontop|tox\n|\n|-heal|p2a: Stunfisk|241/335 psn|[from] item: Leftovers\n|-damage|p1a: Hitmontop|222/236 tox|[from] psn\n|-damage|p2a: Stunfisk|200/335 psn|[from] psn\n|upkeep\n|turn|24\n|\n|t:|1770268961\n|switch|p2a: Hariyama|Hariyama, L87, F|106/392 psn\n|move|p1a: Hitmontop|Close Combat|p2a: Hariyama\n|-damage|p2a: Hariyama|0 fnt\n|-unboost|p1a: Hitmontop|def|1\n|-unboost|p1a: Hitmontop|spd|1\n|faint|p2a: Hariyama\n|\n|-damage|p1a: Hitmontop|194/236 tox|[from] psn\n|upkeep\n|\n|t:|1770268984\n|switch|p2a: Kabutops|Kabutops, L87, M|134/246\n|-status|p2a: Kabutops|psn\n|turn|25\n|\n|t:|1770268992\n|move|p2a: Kabutops|Liquidation|p1a: Hitmontop\n|-damage|p1a: Hitmontop|43/236 tox\n|move|p1a: Hitmontop|Close Combat|p2a: Kabutops\n|-supereffective|p2a: Kabutops\n|-damage|p2a: Kabutops|0 fnt\n|-unboost|p1a: Hitmontop|def|1\n|-unboost|p1a: Hitmontop|spd|1\n|faint|p2a: Kabutops\n|\n|-damage|p1a: Hitmontop|1/236 tox|[from] psn\n|upkeep\n|\n|t:|1770269005\n|switch|p2a: Oranguru|Oranguru, L93, F|227/318 psn\n|turn|26\n|\n|t:|1770269025\n|move|p1a: Hitmontop|Close Combat|p2a: Oranguru\n|-damage|p2a: Oranguru|94/318 psn\n|-unboost|p1a: Hitmontop|def|1\n|-unboost|p1a: Hitmontop|spd|1\n|move|p2a: Oranguru|Trick|p1a: Hitmontop\n|-activate|p2a: Oranguru|move: Trick|[of] p1a: Hitmontop\n|-item|p1a: Hitmontop|Choice Specs|[from] move: Trick\n|-item|p2a: Oranguru|Assault Vest|[from] move: Trick\n|\n|-damage|p1a: Hitmontop|0 fnt|[from] psn\n|faint|p1a: Hitmontop\n|-damage|p2a: Oranguru|55/318 psn|[from] psn\n|upkeep\n|\n|t:|1770269029\n|switch|p1a: Volbeat|Volbeat, L91, M|209/266\n|turn|27\n|\n|t:|1770269038\n|move|p1a: Volbeat|U-turn|p2a: Oranguru\n|-supereffective|p2a: Oranguru\n|-damage|p2a: Oranguru|0 fnt\n|faint|p2a: Oranguru\n|\n|upkeep\n|\n|t:|1770269045\n|switch|p2a: Stunfisk|Stunfisk, L88, M|200/335 psn\n|turn|28\n|\n|t:|1770269053\n|move|p1a: Volbeat|U-turn|p2a: Stunfisk\n|-damage|p2a: Stunfisk|124/335 psn\n|move|p2a: Stunfisk|Toxic|p1a: Volbeat\n|-status|p1a: Volbeat|tox\n|\n|-heal|p2a: Stunfisk|144/335 psn|[from] item: Leftovers\n|-damage|p1a: Volbeat|193/266 tox|[from] psn\n|-damage|p2a: Stunfisk|103/335 psn|[from] psn\n|upkeep\n|turn|29\n|\n|t:|1770269060\n|move|p1a: Volbeat|U-turn|p2a: Stunfisk\n|-damage|p2a: Stunfisk|37/335 psn\n|move|p2a: Stunfisk|Discharge|p1a: Volbeat\n|-damage|p1a: Volbeat|118/266 tox\n|\n|-heal|p2a: Stunfisk|57/335 psn|[from] item: Leftovers\n|-damage|p1a: Volbeat|86/266 tox|[from] psn\n|-damage|p2a: Stunfisk|16/335 psn|[from] psn\n|upkeep\n|turn|30\n|\n|t:|1770269066\n|move|p1a: Volbeat|Roost|p1a: Volbeat\n|-heal|p1a: Volbeat|219/266 tox\n|-singleturn|p1a: Volbeat|move: Roost\n|move|p2a: Stunfisk|Discharge|p1a: Volbeat\n|-damage|p1a: Volbeat|137/266 tox\n|\n|-heal|p2a: Stunfisk|36/335 psn|[from] item: Leftovers\n|-damage|p1a: Volbeat|89/266 tox|[from] psn\n|-damage|p2a: Stunfisk|0 fnt|[from] psn\n|faint|p2a: Stunfisk\n|upkeep\n|\n|t:|1770269068\n|switch|p2a: Vespiquen|Vespiquen, F|51/301 tox\n|-ability|p2a: Vespiquen|Pressure\n|turn|31\n|\n|t:|1770269081\n|move|p1a: Volbeat|U-turn|p2a: Vespiquen\n|-resisted|p2a: Vespiquen\n|-damage|p2a: Vespiquen|23/301 tox\n|move|p2a: Vespiquen|Roost|p2a: Vespiquen\n|-heal|p2a: Vespiquen|174/301 tox\n|-singleturn|p2a: Vespiquen|move: Roost\n|\n|-heal|p2a: Vespiquen|192/301 tox|[from] item: Leftovers\n|-damage|p1a: Volbeat|25/266 tox|[from] psn\n|-damage|p2a: Vespiquen|174/301 tox|[from] psn\n|upkeep\n|turn|32\n|\n|t:|1770269084\n|move|p1a: Volbeat|Roost|p1a: Volbeat\n|-heal|p1a: Volbeat|158/266 tox\n|-singleturn|p1a: Volbeat|move: Roost\n|move|p2a: Vespiquen|Roost|p2a: Vespiquen\n|-heal|p2a: Vespiquen|301/301 tox\n|-singleturn|p2a: Vespiquen|move: Roost\n|\n|-damage|p1a: Volbeat|78/266 tox|[from] psn\n|-damage|p2a: Vespiquen|265/301 tox|[from] psn\n|upkeep\n|turn|33\n|\n|t:|1770269090\n|move|p1a: Volbeat|Encore|p2a: Vespiquen\n|-start|p2a: Vespiquen|Encore\n|move|p2a: Vespiquen|Roost|p2a: Vespiquen\n|-heal|p2a: Vespiquen|301/301 tox\n|-singleturn|p2a: Vespiquen|move: Roost\n|\n|-damage|p1a: Volbeat|0 fnt|[from] psn\n|faint|p1a: Volbeat\n|\n|win|plop in my pants\n|raw|mob.sans's rating: 1673 &rarr; <strong>1658</strong><br />(-15 for losing)\n|raw|plop in my pants's rating: 1769 &rarr; <strong>1784</strong><br />(+15 for winning)\n|l|☆mob.sans\n|player|p1|\n", "inputlog": ">version ccdc32dd7cde25fd9e4bed64820e885f66e78a4e\n>start {\"formatid\":\"gen7randombattle\",\"seed\":\"sodium,27eddc1a060c193f5825eca79b94b504\",\"rated\":\"Rated battle\"}\n>player p1 {\"name\":\"mob.sans\",\"avatar\":\"nanu\",\"rating\":1673,\"seed\":\"sodium,c0a21b39646f445a49d8345d51fcf9b3\"}\n>player p2 {\"name\":\"plop in my pants\",\"avatar\":\"teamrocket\",\"rating\":1769,\"seed\":\"sodium,2be284468e322748106f48eb2e8b0bf0\"}\n>p1 switch 5\n>p2 move toxic\n>p1 move fireblast\n>p2 move uturn\n>p2 switch 3\n>p1 move aurasphere\n>p2 move swordsdance\n>p1 move aurasphere\n>p2 move aquajet\n>p1 switch 3\n>p1 move seedflare\n>p2 switch 2\n>p1 move airslash\n>p2 move toxic\n>p1 move airslash\n>p2 move toxic\n>p1 move airslash\n>p2 switch 4\n>p1 switch 6\n>p2 move psyshock\n>p1 move toxicspikes\n>p2 move psyshock\n>p1 move toxicspikes\n>p2 move psyshock\n>p1 switch 5\n>p1 move thunderwave\n>p2 switch 3\n>p1 move uturn\n>p2 move roost\n>p1 switch 6\n>p1 move airslash\n>p2 switch 4\n>p2 switch 3\n>p1 switch 6\n>p2 move psyshock\n>p1 move roost\n>p2 switch 4\n>p1 move uturn\n>p2 move airslash\n>p1 switch 6\n>p1 switch 4\n>p1 move icepunch\n>p2 move toxic\n>p1 move rockpolish\n>p2 switch 5\n>p1 move dynamicpunch\n>p2 move knockoff\n>p1 switch 2\n>p1 switch 6\n>p2 move knockoff\n>p1 move encore\n>p2 switch 6\n>p1 move uturn\n>p2 move toxic\n>p1 switch 6\n>p1 move closecombat\n>p2 switch 6\n>p2 switch 2\n>p1 move closecombat\n>p2 move liquidation\n>p2 switch 4\n>p1 move closecombat\n>p2 move trick\n>p1 switch 6\n>p1 move uturn\n>p2 move psyshock\n>p2 switch 6\n>p1 move uturn\n>p2 move toxic\n>p1 move uturn\n>p2 move discharge\n>p1 move roost\n>p2 move discharge\n>p2 switch 5\n>p1 move uturn\n>p2 move roost\n>p1 move roost\n>p2 move roost\n>p1 move encore\n>p2 move airslash", "uploadtime": 1770269098, "views": 162, "formatid": "gen7randombattle", "rating": 1658, "private": 0, "password": null}