{"id": "gen7randombattle-2539934794", "format": "[Gen 7] Random Battle", "players": ["La.Hellhound", "mintbutter"], "log": "|j|‽La.Hellhound\n|j|☆mintbutter\n|t:|1771129540\n|gametype|singles\n|player|p1|La.Hellhound|bruno|1613\n|player|p2|mintbutter|miku-ghost|1648\n|gen|7\n|tier|[Gen 7] Random Battle\n|rated|\n|rule|Sleep Clause Mod: Limit one foe put to sleep\n|rule|HP Percentage Mod: HP is shown in percentages\n|rule|Illusion Level Mod: Illusion disguises the Pokémon's true level\n|\n|t:|1771129540\n|teamsize|p1|6\n|teamsize|p2|6\n|start\n|switch|p1a: Fearow|Fearow, L88, F|238/238\n|switch|p2a: Pinsir|Pinsir, L74, F|217/217\n|turn|1\n|inactive|Battle timer is ON: inactive players will automatically lose when time's up. (requested by mintbutter)\n|inactive|La.Hellhound also wants the timer to be on.\n|inactive|mintbutter has 120 seconds left.\n|\n|t:|1771129584\n|switch|p2a: Carracosta|Carracosta, L88, M|274/274\n|move|p1a: Fearow|Flamethrower|p2a: Carracosta\n|-resisted|p2a: Carracosta\n|-damage|p2a: Carracosta|243/274\n|-status|p2a: Carracosta|brn\n|\n|-damage|p2a: Carracosta|226/274 brn|[from] brn\n|upkeep\n|turn|2\n|inactive|La.Hellhound has 120 seconds left.\n|\n|t:|1771129615\n|switch|p1a: Leafeon|Leafeon, L88, M|258/258\n|move|p2a: Carracosta|Shell Smash|p2a: Carracosta\n|-unboost|p2a: Carracosta|def|1\n|-unboost|p2a: Carracosta|spd|1\n|-boost|p2a: Carracosta|atk|2\n|-boost|p2a: Carracosta|spa|2\n|-boost|p2a: Carracosta|spe|2\n|\n|-damage|p2a: Carracosta|209/274 brn|[from] brn\n|upkeep\n|turn|3\n|inactive|La.Hellhound has 120 seconds left.\n|inactive|mintbutter has 120 seconds left.\n|\n|t:|1771129648\n|switch|p2a: Garbodor|Garbodor, L88, M|284/284\n|move|p1a: Leafeon|Leaf Blade|p2a: Garbodor\n|-resisted|p2a: Garbodor\n|-damage|p2a: Garbodor|205/284\n|-damage|p1a: Leafeon|233/258|[from] item: Life Orb\n|\n|-heal|p2a: Garbodor|222/284|[from] item: Black Sludge\n|upkeep\n|turn|4\n|inactive|mintbutter has 120 seconds left.\n|\n|t:|1771129660\n|switch|p1a: Aegislash|Aegislash, L77, F|219/219\n|move|p2a: Garbodor|Toxic Spikes|p1a: Aegislash\n|-sidestart|p1: La.Hellhound|move: Toxic Spikes\n|\n|-heal|p2a: Garbodor|239/284|[from] item: Black Sludge\n|upkeep\n|turn|5\n|\n|t:|1771129668\n|move|p2a: Garbodor|Toxic Spikes|p1a: Aegislash\n|-sidestart|p1: La.Hellhound|move: Toxic Spikes\n|move|p1a: Aegislash|Swords Dance|p1a: Aegislash\n|-boost|p1a: Aegislash|atk|2\n|\n|-heal|p2a: Garbodor|256/284|[from] item: Black Sludge\n|upkeep\n|turn|6\n|\n|t:|1771129675\n|move|p2a: Garbodor|Haze|p2a: Garbodor\n|-clearallboost\n|-formechange|p1a: Aegislash|Aegislash-Blade||[from] ability: Stance Change\n|move|p1a: Aegislash|Iron Head|p2a: Garbodor\n|-damage|p2a: Garbodor|130/284\n|-damage|p1a: Aegislash|198/219|[from] item: Life Orb\n|\n|-heal|p2a: Garbodor|147/284|[from] item: Black Sludge\n|upkeep\n|turn|7\n|\n|t:|1771129689\n|move|p2a: Garbodor|Stomping Tantrum|p1a: Aegislash\n|-supereffective|p1a: Aegislash\n|-damage|p1a: Aegislash|4/219\n|move|p1a: Aegislash|Iron Head|p2a: Garbodor\n|-damage|p2a: Garbodor|5/284\n|-damage|p1a: Aegislash|0 fnt|[from] item: Life Orb\n|faint|p1a: Aegislash\n|\n|-heal|p2a: Garbodor|22/284|[from] item: Black Sludge\n|upkeep\n|\n|t:|1771129702\n|switch|p1a: Alakazam|Alakazam, L78, F|214/214\n|-status|p1a: Alakazam|tox\n|turn|8\n|\n|t:|1771129709\n|switch|p2a: Hydreigon|Hydreigon, L82, M|285/285\n|move|p1a: Alakazam|Shadow Ball|p2a: Hydreigon\n|-resisted|p2a: Hydreigon\n|-damage|p2a: Hydreigon|252/285\n|\n|upkeep\n|turn|9\n|\n|t:|1771129721\n|switch|p1a: Fearow|Fearow, L88, F|238/238\n|-status|p1a: Fearow|tox\n|move|p2a: Hydreigon|U-turn|p1a: Fearow\n|-supereffective|p1a: Fearow\n|-damage|p1a: Fearow|56/238 tox\n|replace|p1a: Zoroark|Zoroark, L84, F\n|-end|p1a: Zoroark|Illusion\n|-hint|Illusion Level Mod is active, so this Pokémon's true level was hidden.\n|-damage|p2a: Hydreigon|224/285|[from] item: Life Orb\n|\n|t:|1771129731\n|switch|p2a: Garbodor|Garbodor, L88, M|22/284|[from] U-turn\n|\n|-heal|p2a: Garbodor|39/284|[from] item: Black Sludge\n|-damage|p1a: Zoroark|42/238 tox|[from] psn\n|upkeep\n|turn|10\n|\n|t:|1771129743\n|switch|p2a: Hydreigon|Hydreigon, L82, M|224/285\n|move|p1a: Zoroark|Dark Pulse|p2a: Hydreigon\n|-resisted|p2a: Hydreigon\n|-damage|p2a: Hydreigon|152/285\n|\n|-damage|p1a: Zoroark|14/238 tox|[from] psn\n|upkeep\n|turn|11\n|\n|t:|1771129751\n|switch|p1a: Fearow|Fearow, L88, F|258/258\n|move|p2a: Hydreigon|Roost|p2a: Hydreigon\n|-heal|p2a: Hydreigon|285/285\n|-singleturn|p2a: Hydreigon|move: Roost\n|\n|upkeep\n|turn|12\n|\n|t:|1771129759\n|switch|p2a: Garbodor|Garbodor, L88, M|39/284\n|move|p1a: Fearow|Focus Energy|p1a: Fearow\n|-start|p1a: Fearow|move: Focus Energy\n|\n|-heal|p2a: Garbodor|56/284|[from] item: Black Sludge\n|upkeep\n|turn|13\n|\n|t:|1771129770\n|move|p1a: Fearow|Drill Peck|p2a: Garbodor\n|-crit|p2a: Garbodor\n|-damage|p2a: Garbodor|0 fnt\n|-damage|p1a: Fearow|194/258|[from] ability: Aftermath|[of] p2a: Garbodor\n|faint|p2a: Garbodor\n|\n|upkeep\n|\n|t:|1771129780\n|switch|p2a: Carracosta|Carracosta, L88, M|209/274 brn\n|turn|14\n|\n|t:|1771129786\n|move|p1a: Fearow|Drill Run|p2a: Carracosta\n|-supereffective|p2a: Carracosta\n|-crit|p2a: Carracosta\n|-damage|p2a: Carracosta|83/274 brn\n|-enditem|p2a: Carracosta|Weakness Policy\n|-boost|p2a: Carracosta|atk|2|[from] item: Weakness Policy\n|-boost|p2a: Carracosta|spa|2|[from] item: Weakness Policy\n|move|p2a: Carracosta|Stone Edge|p1a: Fearow\n|-supereffective|p1a: Fearow\n|-damage|p1a: Fearow|0 fnt\n|faint|p1a: Fearow\n|\n|-damage|p2a: Carracosta|66/274 brn|[from] brn\n|upkeep\n|\n|t:|1771129807\n|switch|p1a: Kabutops|Kabutops, L87, M|246/246\n|-status|p1a: Kabutops|tox\n|turn|15\n|\n|t:|1771129812\n|move|p2a: Carracosta|Aqua Jet|p1a: Kabutops\n|-damage|p1a: Kabutops|201/246 tox\n|-ability|p1a: Kabutops|Weak Armor|boost\n|-unboost|p1a: Kabutops|def|1\n|-boost|p1a: Kabutops|spe|2\n|move|p1a: Kabutops|Swords Dance|p1a: Kabutops\n|-boost|p1a: Kabutops|atk|2\n|\n|-damage|p1a: Kabutops|186/246 tox|[from] psn\n|-damage|p2a: Carracosta|49/274 brn|[from] brn\n|upkeep\n|turn|16\n|\n|t:|1771129824\n|move|p2a: Carracosta|Aqua Jet|p1a: Kabutops\n|-damage|p1a: Kabutops|126/246 tox\n|-ability|p1a: Kabutops|Weak Armor|boost\n|-unboost|p1a: Kabutops|def|1\n|-boost|p1a: Kabutops|spe|2\n|move|p1a: Kabutops|Liquidation|p2a: Carracosta\n|-damage|p2a: Carracosta|0 fnt\n|faint|p2a: Carracosta\n|\n|-damage|p1a: Kabutops|96/246 tox|[from] psn\n|upkeep\n|\n|t:|1771129846\n|switch|p2a: Ludicolo|Ludicolo, L89, M|287/287\n|turn|17\n|\n|t:|1771129861\n|-zpower|p1a: Kabutops\n|move|p1a: Kabutops|Continental Crush|p2a: Ludicolo|[zeffect]\n|-damage|p2a: Ludicolo|0 fnt\n|faint|p2a: Ludicolo\n|\n|-damage|p1a: Kabutops|51/246 tox|[from] psn\n|upkeep\n|\n|t:|1771129872\n|switch|p2a: Hydreigon|Hydreigon, L82, M|285/285\n|turn|18\n|\n|t:|1771129877\n|move|p1a: Kabutops|Stone Edge|p2a: Hydreigon\n|-damage|p2a: Hydreigon|9/285\n|move|p2a: Hydreigon|Roost|p2a: Hydreigon\n|-heal|p2a: Hydreigon|152/285\n|-singleturn|p2a: Hydreigon|move: Roost\n|\n|-damage|p1a: Kabutops|0 fnt|[from] psn\n|faint|p1a: Kabutops\n|upkeep\n|\n|t:|1771129890\n|switch|p1a: Alakazam|Alakazam, L78, F|14/238 tox\n|turn|19\n|\n|t:|1771129895\n|switch|p2a: Pinsir|Pinsir, L74, F|217/217\n|move|p1a: Alakazam|Focus Blast|p2a: Pinsir\n|-resisted|p2a: Pinsir\n|-damage|p2a: Pinsir|116/217\n|\n|-damage|p1a: Alakazam|0 fnt|[from] psn\n|faint|p1a: Alakazam\n|upkeep\n|\n|t:|1771129904\n|switch|p1a: Alakazam|Alakazam, L78, F|214/214 tox\n|turn|20\n|\n|t:|1771129918\n|detailschange|p1a: Alakazam|Alakazam-Mega, L78, F\n|-mega|p1a: Alakazam|Alakazam|Alakazite\n|-ability|p1a: Alakazam|Moxie|Trace|[from] ability: Trace|[of] p2a: Pinsir\n|detailschange|p2a: Pinsir|Pinsir-Mega, L74, F\n|-mega|p2a: Pinsir|Pinsir|Pinsirite\n|move|p2a: Pinsir|Quick Attack|p1a: Alakazam\n|-damage|p1a: Alakazam|141/214 tox\n|move|p1a: Alakazam|Psychic|p2a: Pinsir\n|-damage|p2a: Pinsir|0 fnt\n|faint|p2a: Pinsir\n|detailschange|p2: Pinsir|Pinsir, L74, F|[silent]\n|-ability|p1a: Alakazam|Moxie|boost\n|-boost|p1a: Alakazam|atk|1\n|\n|-damage|p1a: Alakazam|128/214 tox|[from] psn\n|upkeep\n|\n|t:|1771129933\n|switch|p2a: Hydreigon|Hydreigon, L82, M|152/285\n|turn|21\n|\n|t:|1771129940\n|move|p1a: Alakazam|Focus Blast|p2a: Hydreigon\n|-supereffective|p2a: Hydreigon\n|-damage|p2a: Hydreigon|0 fnt\n|faint|p2a: Hydreigon\n|-ability|p1a: Alakazam|Moxie|boost\n|-boost|p1a: Alakazam|atk|1\n|\n|-damage|p1a: Alakazam|102/214 tox|[from] psn\n|upkeep\n|\n|t:|1771129949\n|switch|p2a: Entei|Entei, L78|307/307\n|turn|22\n|\n|t:|1771129954\n|move|p2a: Entei|Extreme Speed|p1a: Alakazam\n|-damage|p1a: Alakazam|0 fnt\n|faint|p1a: Alakazam\n|detailschange|p1: Alakazam|Alakazam, L78, F|[silent]\n|\n|upkeep\n|\n|t:|1771129960\n|switch|p1a: Leafeon|Leafeon, L88, M|233/258\n|-status|p1a: Leafeon|tox\n|turn|23\n|\n|t:|1771129965\n|move|p2a: Entei|Extreme Speed|p1a: Leafeon\n|-crit|p1a: Leafeon\n|-damage|p1a: Leafeon|151/258 tox\n|move|p1a: Leafeon|Swords Dance|p1a: Leafeon\n|-boost|p1a: Leafeon|atk|2\n|\n|-damage|p1a: Leafeon|135/258 tox|[from] psn\n|upkeep\n|turn|24\n|\n|t:|1771129974\n|move|p2a: Entei|Extreme Speed|p1a: Leafeon\n|-damage|p1a: Leafeon|78/258 tox\n|move|p1a: Leafeon|Synthesis|p1a: Leafeon\n|-heal|p1a: Leafeon|207/258 tox\n|\n|-damage|p1a: Leafeon|175/258 tox|[from] psn\n|upkeep\n|turn|25\n|\n|t:|1771129985\n|move|p2a: Entei|Extreme Speed|p1a: Leafeon\n|-damage|p1a: Leafeon|118/258 tox\n|move|p1a: Leafeon|Knock Off|p2a: Entei\n|-damage|p2a: Entei|86/307\n|-enditem|p2a: Entei|Choice Band|[from] move: Knock Off|[of] p1a: Leafeon\n|-damage|p1a: Leafeon|93/258 tox|[from] item: Life Orb\n|\n|-damage|p1a: Leafeon|45/258 tox|[from] psn\n|upkeep\n|turn|26\n|\n|t:|1771129996\n|move|p2a: Entei|Extreme Speed|p1a: Leafeon\n|-damage|p1a: Leafeon|2/258 tox\n|move|p1a: Leafeon|Leaf Blade|p2a: Entei\n|-resisted|p2a: Entei\n|-crit|p2a: Entei\n|-damage|p2a: Entei|0 fnt\n|faint|p2a: Entei\n|-damage|p1a: Leafeon|0 fnt|[from] item: Life Orb\n|faint|p1a: Leafeon\n|\n|win|La.Hellhound\n|raw|La.Hellhound's rating: 1613 &rarr; <strong>1635</strong><br />(+22 for winning)\n|raw|mintbutter's rating: 1648 &rarr; <strong>1626</strong><br />(-22 for losing)\n|l|☆mintbutter\n|player|p2|\n", "inputlog": ">version 686819e5e19f8a7fd2345cfc5a08a5085efa2cc3\n>start {\"formatid\":\"gen7randombattle\",\"seed\":\"sodium,cc0158a91ab36598c366f3cba775dd43\",\"rated\":\"Rated battle\"}\n>player p1 {\"name\":\"La.Hellhound\",\"avatar\":\"bruno\",\"rating\":1613,\"seed\":\"sodium,853c5938725866d195a371a280e22127\"}\n>player p2 {\"name\":\"mintbutter\",\"avatar\":\"miku-ghost\",\"rating\":1648,\"seed\":\"sodium,54e7b70a1e6badf66a31840ae6d1c53e\"}\n>p1 move flamethrower\n>p2 switch 3\n>p1 switch 4\n>p2 move shellsmash\n>p1 move leafblade\n>p2 switch 6\n>p1 switch 3\n>p2 move toxicspikes\n>p1 move swordsdance\n>p2 move toxicspikes\n>p1 move ironhead\n>p2 move haze\n>p1 move ironhead\n>p2 move stompingtantrum\n>p1 switch 2\n>p1 move shadowball\n>p2 switch 5\n>p1 switch 4\n>p2 move uturn\n>p2 switch 5\n>p1 move darkpulse\n>p2 switch 5\n>p1 switch 6\n>p2 move roost\n>p1 move focusenergy\n>p2 switch 5\n>p1 move drillpeck\n>p2 move gunkshot\n>p2 switch 6\n>p1 move drillrun\n>p2 move stoneedge\n>p1 switch 5\n>p1 move swordsdance\n>p2 move aquajet\n>p1 move liquidation\n>p2 move aquajet\n>p2 switch 2\n>p1 move stoneedge zmove\n>p2 move scald\n>p2 switch 5\n>p1 move stoneedge\n>p2 move roost\n>p1 switch 6\n>p1 move focusblast\n>p2 switch 3\n>p1 switch 4\n>p1 move psychic mega\n>p2 move quickattack mega\n>p2 switch 3\n>p1 move focusblast\n>p2 move darkpulse\n>p2 switch 4\n>p1 move psychic\n>p2 move extremespeed\n>p1 switch 3\n>p1 move swordsdance\n>p2 move extremespeed\n>p1 move synthesis\n>p2 move extremespeed\n>p1 move knockoff\n>p2 move extremespeed\n>p1 move leafblade\n>p2 move extremespeed", "uploadtime": 1771130006, "views": 91, "formatid": "gen7randombattle", "rating": 1626, "private": 0, "password": null}