{"id": "gen7randombattle-2538587087", "format": "[Gen 7] Random Battle", "players": ["dareith", "La.Hellhound"], "log": "|j|☆dareith\n|j|‽La.Hellhound\n|t:|1770943863\n|gametype|singles\n|player|p1|dareith|striker|1538\n|player|p2|La.Hellhound|bruno|1603\n|gen|7\n|tier|[Gen 7] Random Battle\n|rated|\n|rule|Sleep Clause Mod: Limit one foe put to sleep\n|rule|HP Percentage Mod: HP is shown in percentages\n|rule|Illusion Level Mod: Illusion disguises the Pokémon's true level\n|\n|t:|1770943863\n|teamsize|p1|6\n|teamsize|p2|6\n|start\n|switch|p1a: Primarina|Primarina, L83, M|268/268\n|switch|p2a: Comfey|Comfey, L87, F|230/230\n|turn|1\n|inactive|Battle timer is ON: inactive players will automatically lose when time's up. (requested by La.Hellhound)\n|inactive|dareith also wants the timer to be on.\n|\n|t:|1770943871\n|move|p2a: Comfey|Calm Mind|p2a: Comfey\n|-boost|p2a: Comfey|spa|1\n|-boost|p2a: Comfey|spd|1\n|move|p1a: Primarina|Moonblast|p2a: Comfey\n|-damage|p2a: Comfey|137/230\n|\n|upkeep\n|turn|2\n|\n|t:|1770943880\n|switch|p1a: Porygon2|Porygon2, L82|274/274\n|-ability|p1a: Porygon2|Triage|Trace|[from] ability: Trace|[of] p2a: Comfey\n|move|p2a: Comfey|Calm Mind|p2a: Comfey\n|-boost|p2a: Comfey|spa|1\n|-boost|p2a: Comfey|spd|1\n|\n|upkeep\n|turn|3\n|\n|t:|1770943896\n|switch|p2a: Conkeldurr|Conkeldurr, L81, F|303/303\n|move|p1a: Porygon2|Toxic|p2a: Conkeldurr\n|-status|p2a: Conkeldurr|tox\n|\n|-damage|p2a: Conkeldurr|285/303 tox|[from] psn\n|upkeep\n|turn|4\n|\n|t:|1770943903\n|switch|p1a: Scyther|Scyther, L82, M|249/249\n|move|p2a: Conkeldurr|Knock Off|p1a: Scyther\n|-damage|p1a: Scyther|159/249\n|-enditem|p1a: Scyther|Eviolite|[from] move: Knock Off|[of] p2a: Conkeldurr\n|\n|-damage|p2a: Conkeldurr|249/303 tox|[from] psn\n|upkeep\n|turn|5\n|\n|t:|1770943914\n|switch|p2a: Magcargo|Magcargo, L96, F|271/271\n|move|p1a: Scyther|Swords Dance|p1a: Scyther\n|-boost|p1a: Scyther|atk|2\n|\n|upkeep\n|turn|6\n|\n|t:|1770943920\n|switch|p1a: Primarina|Primarina, L83, M|268/268\n|move|p2a: Magcargo|Stealth Rock|p1a: Primarina\n|-sidestart|p1: dareith|move: Stealth Rock\n|\n|upkeep\n|turn|7\n|\n|t:|1770943926\n|switch|p2a: Luvdisc|Luvdisc, M|248/248\n|move|p1a: Primarina|Hydro Pump|p2a: Luvdisc\n|-resisted|p2a: Luvdisc\n|-damage|p2a: Luvdisc|143/248\n|\n|-heal|p2a: Luvdisc|158/248|[from] item: Leftovers\n|upkeep\n|turn|8\n|\n|t:|1770943937\n|switch|p1a: Armaldo|Armaldo, L89, M|278/278\n|-damage|p1a: Armaldo|209/278|[from] Stealth Rock\n|move|p2a: Luvdisc|Toxic|p1a: Armaldo\n|-status|p1a: Armaldo|tox\n|\n|-heal|p2a: Luvdisc|173/248|[from] item: Leftovers\n|-heal|p1a: Armaldo|226/278 tox|[from] item: Leftovers\n|-damage|p1a: Armaldo|209/278 tox|[from] psn\n|upkeep\n|turn|9\n|\n|t:|1770943947\n|move|p2a: Luvdisc|Protect|p2a: Luvdisc\n|-singleturn|p2a: Luvdisc|Protect\n|move|p1a: Armaldo|Rapid Spin|p2a: Luvdisc\n|-activate|p2a: Luvdisc|move: Protect\n|\n|-heal|p2a: Luvdisc|188/248|[from] item: Leftovers\n|-heal|p1a: Armaldo|226/278 tox|[from] item: Leftovers\n|-damage|p1a: Armaldo|192/278 tox|[from] psn\n|upkeep\n|turn|10\n|\n|t:|1770943957\n|move|p2a: Luvdisc|Substitute|p2a: Luvdisc\n|-start|p2a: Luvdisc|Substitute\n|-damage|p2a: Luvdisc|126/248\n|move|p1a: Armaldo|Rapid Spin|p2a: Luvdisc\n|-activate|p2a: Luvdisc|move: Substitute|[damage]\n|-sideend|p1: dareith|Stealth Rock|[from] move: Rapid Spin|[of] p1a: Armaldo\n|\n|-heal|p2a: Luvdisc|141/248|[from] item: Leftovers\n|-heal|p1a: Armaldo|209/278 tox|[from] item: Leftovers\n|-damage|p1a: Armaldo|158/278 tox|[from] psn\n|upkeep\n|turn|11\n|\n|t:|1770943976\n|switch|p1a: Scyther|Scyther, L82, M|159/249\n|move|p2a: Luvdisc|Protect||[still]\n|-fail|p2a: Luvdisc\n|\n|-heal|p2a: Luvdisc|156/248|[from] item: Leftovers\n|upkeep\n|turn|12\n|\n|t:|1770943983\n|move|p2a: Luvdisc|Toxic|p1a: Scyther\n|-status|p1a: Scyther|tox\n|move|p1a: Scyther|Bug Bite|p2a: Luvdisc\n|-end|p2a: Luvdisc|Substitute\n|\n|-heal|p2a: Luvdisc|171/248|[from] item: Leftovers\n|-damage|p1a: Scyther|144/249 tox|[from] psn\n|upkeep\n|turn|13\n|\n|t:|1770943993\n|switch|p1a: Porygon2|Porygon2, L82|274/274\n|-ability|p1a: Porygon2|Hydration|Trace|[from] ability: Trace|[of] p2a: Luvdisc\n|move|p2a: Luvdisc|Protect||[still]\n|-fail|p2a: Luvdisc\n|\n|-heal|p2a: Luvdisc|186/248|[from] item: Leftovers\n|upkeep\n|turn|14\n|\n|t:|1770944002\n|switch|p1a: Armaldo|Armaldo, L89, M|158/278 tox\n|move|p2a: Luvdisc|Toxic|p1a: Armaldo\n|-fail|p1a: Armaldo|tox\n|\n|-heal|p2a: Luvdisc|201/248|[from] item: Leftovers\n|-heal|p1a: Armaldo|175/278 tox|[from] item: Leftovers\n|-damage|p1a: Armaldo|158/278 tox|[from] psn\n|upkeep\n|turn|15\n|\n|t:|1770944010\n|move|p2a: Luvdisc|Protect|p2a: Luvdisc\n|-singleturn|p2a: Luvdisc|Protect\n|move|p1a: Armaldo|Toxic|p2a: Luvdisc\n|-activate|p2a: Luvdisc|move: Protect\n|\n|-heal|p2a: Luvdisc|216/248|[from] item: Leftovers\n|-heal|p1a: Armaldo|175/278 tox|[from] item: Leftovers\n|-damage|p1a: Armaldo|141/278 tox|[from] psn\n|upkeep\n|turn|16\n|-message|dareith forfeited.\n|\n|win|La.Hellhound\n|raw|dareith's rating: 1538 &rarr; <strong>1522</strong><br />(-16 for losing)\n|raw|La.Hellhound's rating: 1603 &rarr; <strong>1619</strong><br />(+16 for winning)\n|l|☆dareith\n|player|p1|\n", "inputlog": ">version ccdc32dd7cde25fd9e4bed64820e885f66e78a4e\n>start {\"formatid\":\"gen7randombattle\",\"seed\":\"sodium,8d38aff887c0d622feba9ad4e04e42cc\",\"rated\":\"Rated battle\"}\n>player p1 {\"name\":\"dareith\",\"avatar\":\"striker\",\"rating\":1538,\"seed\":\"sodium,df9c6f13133ad2a265ac178fe4119881\"}\n>player p2 {\"name\":\"La.Hellhound\",\"avatar\":\"bruno\",\"rating\":1603,\"seed\":\"sodium,5961ae35faebb536725859a1eb735945\"}\n>p1 move moonblast\n>p2 move calmmind\n>p1 switch 3\n>p2 move calmmind\n>p1 move toxic\n>p2 switch 5\n>p1 switch 4\n>p2 move knockoff\n>p1 move swordsdance\n>p2 switch 6\n>p1 switch 3\n>p2 move stealthrock\n>p1 move hydropump\n>p2 switch 2\n>p1 switch 5\n>p2 move toxic\n>p1 move rapidspin\n>p2 move protect\n>p1 move rapidspin\n>p2 move substitute\n>p1 switch 3\n>p2 move protect\n>p1 move bugbite\n>p2 move toxic\n>p1 switch 4\n>p2 move protect\n>p1 switch 3\n>p2 move toxic\n>p1 move toxic\n>p2 move protect\n>forcelose p1", "uploadtime": 1770944020, "views": 213, "formatid": "gen7randombattle", "rating": 1522, "private": 0, "password": null}