{"id": "gen7randombattle-2539896697", "format": "[Gen 7] Random Battle", "players": ["NTsweeper007", "TheMurphy"], "log": "|j|☆NTsweeper007\n|j|☆TheMurphy\n|t:|1771123925\n|gametype|singles\n|player|p1|NTsweeper007|hilbert-wonderlauncher|1778\n|player|p2|TheMurphy|169|1582\n|gen|7\n|tier|[Gen 7] Random Battle\n|rated|\n|rule|Sleep Clause Mod: Limit one foe put to sleep\n|rule|HP Percentage Mod: HP is shown in percentages\n|rule|Illusion Level Mod: Illusion disguises the Pokémon's true level\n|\n|t:|1771123925\n|teamsize|p1|6\n|teamsize|p2|6\n|start\n|switch|p1a: Seismitoad|Seismitoad, L85, F|317/317\n|switch|p2a: Banette|Banette, L93, M|270/270\n|turn|1\n|inactive|Battle timer is ON: inactive players will automatically lose when time's up. (requested by NTsweeper007)\n|\n|t:|1771123938\n|move|p1a: Seismitoad|Rain Dance|p1a: Seismitoad\n|-weather|RainDance\n|move|p2a: Banette|Shadow Claw|p1a: Seismitoad\n|-damage|p1a: Seismitoad|155/317\n|\n|-weather|RainDance|[upkeep]\n|upkeep\n|turn|2\n|\n|t:|1771123947\n|move|p1a: Seismitoad|Hydro Pump|p2a: Banette|[miss]\n|-miss|p1a: Seismitoad|p2a: Banette\n|move|p2a: Banette|Shadow Claw|p1a: Seismitoad\n|-damage|p1a: Seismitoad|0 fnt\n|faint|p1a: Seismitoad\n|\n|-weather|RainDance|[upkeep]\n|upkeep\n|\n|t:|1771123952\n|switch|p1a: Staraptor|Staraptor, L80, M|267/267\n|turn|3\n|\n|t:|1771123959\n|switch|p2a: Drampa|Drampa, L91, M|290/290\n|move|p1a: Staraptor|Brave Bird|p2a: Drampa\n|-damage|p2a: Drampa|74/290\n|-damage|p1a: Staraptor|196/267|[from] Recoil\n|-ability|p2a: Drampa|Berserk|boost\n|-boost|p2a: Drampa|spa|1\n|\n|-weather|RainDance|[upkeep]\n|-heal|p2a: Drampa|92/290|[from] item: Leftovers\n|upkeep\n|turn|4\n|\n|t:|1771123969\n|switch|p2a: Masquerain|Masquerain, L87, F|263/263\n|-ability|p2a: Masquerain|Intimidate|boost\n|-unboost|p1a: Staraptor|atk|1\n|move|p1a: Staraptor|Brave Bird|p2a: Masquerain\n|-supereffective|p2a: Masquerain\n|-damage|p2a: Masquerain|0 fnt\n|faint|p2a: Masquerain\n|-damage|p1a: Staraptor|109/267|[from] Recoil\n|\n|-weather|RainDance|[upkeep]\n|upkeep\n|\n|t:|1771123973\n|switch|p2a: Kingler|Kingler, L87, F|237/237\n|turn|5\n|\n|t:|1771123977\n|switch|p1a: Shiinotic|Shiinotic, L91, M|257/257\n|move|p2a: Kingler|Liquidation|p1a: Shiinotic\n|-resisted|p1a: Shiinotic\n|-damage|p1a: Shiinotic|113/257\n|\n|-weather|none\n|-heal|p1a: Shiinotic|129/257|[from] item: Leftovers\n|upkeep\n|turn|6\n|\n|t:|1771123988\n|move|p2a: Kingler|Rock Slide|p1a: Shiinotic\n|-damage|p1a: Shiinotic|9/257\n|move|p1a: Shiinotic|Strength Sap|p2a: Kingler\n|-unboost|p2a: Kingler|atk|1\n|-heal|p1a: Shiinotic|257/257\n|\n|upkeep\n|turn|7\n|\n|t:|1771123992\n|switch|p2a: Banette|Banette, L93, M|270/270\n|move|p1a: Shiinotic|Moonblast|p2a: Banette\n|-damage|p2a: Banette|138/270\n|-unboost|p2a: Banette|spa|1\n|-start|p1a: Shiinotic|Disable|Moonblast|[from] ability: Cursed Body|[of] p2a: Banette\n|\n|upkeep\n|turn|8\n|\n|t:|1771123997\n|switch|p1a: Bronzong|Bronzong, L86|255/255\n|move|p2a: Banette|Gunk Shot|p1a: Bronzong\n|-immune|p1a: Bronzong\n|\n|upkeep\n|turn|9\n|\n|t:|1771124001\n|switch|p2a: Sharpedo|Sharpedo, L82, M|249/249\n|move|p1a: Bronzong|Toxic|p2a: Sharpedo\n|-status|p2a: Sharpedo|tox\n|\n|-damage|p2a: Sharpedo|234/249 tox|[from] psn\n|upkeep\n|turn|10\n|\n|t:|1771124004\n|move|p1a: Bronzong|Protect|p1a: Bronzong\n|-singleturn|p1a: Bronzong|Protect\n|move|p2a: Sharpedo|Crunch|p1a: Bronzong\n|-activate|p1a: Bronzong|move: Protect\n|\n|-damage|p2a: Sharpedo|204/249 tox|[from] psn\n|-ability|p2a: Sharpedo|Speed Boost|boost\n|-boost|p2a: Sharpedo|spe|1\n|upkeep\n|turn|11\n|\n|t:|1771124009\n|switch|p2a: Drampa|Drampa, L91, M|92/290\n|switch|p1a: Shiinotic|Shiinotic, L91, M|257/257\n|\n|-heal|p2a: Drampa|110/290|[from] item: Leftovers\n|upkeep\n|turn|12\n|\n|t:|1771124018\n|switch|p1a: Lunala|Lunala, L72|316/316\n|move|p2a: Drampa|Glare|p1a: Lunala\n|-status|p1a: Lunala|par\n|\n|-heal|p2a: Drampa|128/290|[from] item: Leftovers\n|upkeep\n|turn|13\n|\n|t:|1771124026\n|switch|p2a: Banette|Banette, L93, M|138/270\n|move|p1a: Lunala|Moonblast|p2a: Banette\n|-damage|p2a: Banette|62/270\n|\n|upkeep\n|turn|14\n|\n|t:|1771124031\n|move|p2a: Banette|Knock Off|p1a: Lunala\n|-supereffective|p1a: Lunala\n|-damage|p1a: Lunala|0 fnt\n|-enditem|p1a: Lunala|Leftovers|[from] move: Knock Off|[of] p2a: Banette\n|faint|p1a: Lunala\n|\n|upkeep\n|\n|t:|1771124034\n|switch|p1a: Staraptor|Staraptor, L80, M|109/267\n|turn|15\n|\n|t:|1771124035\n|move|p1a: Staraptor|Brave Bird|p2a: Banette\n|-damage|p2a: Banette|0 fnt\n|faint|p2a: Banette\n|-damage|p1a: Staraptor|89/267|[from] Recoil\n|\n|upkeep\n|\n|t:|1771124037\n|switch|p2a: Spinda|Spinda, L99, M|279/279\n|turn|16\n|\n|t:|1771124040\n|move|p1a: Staraptor|Brave Bird|p2a: Spinda\n|-damage|p2a: Spinda|18/279\n|-damage|p1a: Staraptor|3/267|[from] Recoil\n|move|p2a: Spinda|Superpower|p1a: Staraptor\n|-damage|p1a: Staraptor|0 fnt\n|-boost|p2a: Spinda|atk|1\n|-boost|p2a: Spinda|def|1\n|faint|p1a: Staraptor\n|\n|-heal|p2a: Spinda|35/279|[from] item: Leftovers\n|upkeep\n|\n|t:|1771124044\n|switch|p1a: Braviary|Braviary, L83, M|302/302\n|turn|17\n|\n|t:|1771124047\n|move|p1a: Braviary|Brave Bird|p2a: Spinda\n|-damage|p2a: Spinda|0 fnt\n|faint|p2a: Spinda\n|-damage|p1a: Braviary|290/302|[from] Recoil\n|\n|-heal|p1a: Braviary|302/302|[from] item: Leftovers\n|upkeep\n|\n|t:|1771124051\n|switch|p2a: Sharpedo|Sharpedo, L82, M|204/249 tox\n|turn|18\n|\n|t:|1771124055\n|detailschange|p2a: Sharpedo|Sharpedo-Mega, L82, M\n|-mega|p2a: Sharpedo|Sharpedo|Sharpedonite\n|move|p2a: Sharpedo|Crunch|p1a: Braviary\n|-damage|p1a: Braviary|109/302\n|move|p1a: Braviary|Superpower|p2a: Sharpedo\n|-supereffective|p2a: Sharpedo\n|-damage|p2a: Sharpedo|0 fnt\n|-unboost|p1a: Braviary|atk|1\n|-unboost|p1a: Braviary|def|1\n|faint|p2a: Sharpedo\n|detailschange|p2: Sharpedo|Sharpedo, L82, M|[silent]\n|\n|-heal|p1a: Braviary|127/302|[from] item: Leftovers\n|upkeep\n|\n|t:|1771124060\n|switch|p2a: Kingler|Kingler, L87, F|237/237\n|turn|19\n|\n|t:|1771124066\n|move|p2a: Kingler|Rock Slide|p1a: Braviary\n|-supereffective|p1a: Braviary\n|-damage|p1a: Braviary|0 fnt\n|faint|p1a: Braviary\n|\n|upkeep\n|\n|t:|1771124069\n|switch|p1a: Shiinotic|Shiinotic, L91, M|257/257\n|turn|20\n|\n|t:|1771124074\n|switch|p2a: Drampa|Drampa, L91, M|128/290\n|move|p1a: Shiinotic|Moonblast|p2a: Drampa\n|-supereffective|p2a: Drampa\n|-damage|p2a: Drampa|0 fnt\n|faint|p2a: Drampa\n|\n|upkeep\n|\n|t:|1771124075\n|switch|p2a: Kingler|Kingler, L87, F|237/237\n|turn|21\n|\n|t:|1771124077\n|move|p2a: Kingler|Rock Slide|p1a: Shiinotic\n|-damage|p1a: Shiinotic|143/257\n|move|p1a: Shiinotic|Spore|p2a: Kingler\n|-status|p2a: Kingler|slp|[from] move: Spore\n|\n|-heal|p1a: Shiinotic|159/257|[from] item: Leftovers\n|upkeep\n|turn|22\n|-message|TheMurphy forfeited.\n|\n|win|NTsweeper007\n|raw|NTsweeper007's rating: 1778 &rarr; <strong>1788</strong><br />(+10 for winning)\n|raw|TheMurphy's rating: 1582 &rarr; <strong>1572</strong><br />(-10 for losing)\n|l|☆TheMurphy\n|player|p2|\n", "inputlog": ">version ccdc32dd7cde25fd9e4bed64820e885f66e78a4e\n>start {\"formatid\":\"gen7randombattle\",\"seed\":\"sodium,42100cb16aec7efc946ca26f47fe92e2\",\"rated\":\"Rated battle\"}\n>player p1 {\"name\":\"NTsweeper007\",\"avatar\":\"hilbert-wonderlauncher\",\"rating\":1778,\"seed\":\"sodium,bf9232509dd296c47ceda7e1c67a8f16\"}\n>player p2 {\"name\":\"TheMurphy\",\"avatar\":\"169\",\"rating\":1582,\"seed\":\"sodium,9e9e5816fdaede5500d671adc2859608\"}\n>p1 move raindance\n>p2 move shadowclaw\n>p1 move hydropump\n>p2 move shadowclaw\n>p1 switch 3\n>p1 move bravebird\n>p2 switch 6\n>p1 move bravebird\n>p2 switch 4\n>p2 switch 5\n>p1 switch 4\n>p2 move liquidation\n>p1 move strengthsap\n>p2 move rockslide\n>p1 move moonblast\n>p2 switch 6\n>p1 switch 5\n>p2 move gunkshot\n>p1 move toxic\n>p2 switch 3\n>p1 move protect\n>p2 move crunch\n>p1 switch 5\n>p2 switch 4\n>p1 switch 2\n>p2 move glare\n>p1 move moonblast\n>p2 switch 3\n>p1 move moongeistbeam\n>p2 move knockoff\n>p1 switch 4\n>p1 move bravebird\n>p2 move knockoff\n>p2 switch 2\n>p1 move bravebird\n>p2 move superpower\n>p1 switch 6\n>p1 move bravebird\n>p2 move return\n>p2 switch 4\n>p1 move superpower\n>p2 move crunch mega\n>p2 switch 6\n>p1 move bravebird\n>p2 move rockslide\n>p1 switch 2\n>p1 move moonblast\n>p2 switch 3\n>p2 switch 3\n>p1 move spore\n>p2 move rockslide\n>forcelose p2", "uploadtime": 1771124082, "views": 96, "formatid": "gen7randombattle", "rating": 1572, "private": 0, "password": null}