{"id": "gen7randombattle-2523573856", "format": "[Gen 7] Random Battle", "players": ["Axoa17", "Shabbeaugosse"], "log": "|j|☆Axoa17\n|j|☆Shabbeaugosse\n|t:|1769039401\n|gametype|singles\n|player|p1|Axoa17|grimsley|1605\n|player|p2|Shabbeaugosse|2|1692\n|gen|7\n|tier|[Gen 7] Random Battle\n|rated|\n|rule|Sleep Clause Mod: Limit one foe put to sleep\n|rule|HP Percentage Mod: HP is shown in percentages\n|rule|Illusion Level Mod: Illusion disguises the Pokémon's true level\n|\n|t:|1769039401\n|teamsize|p1|6\n|teamsize|p2|6\n|start\n|switch|p1a: Primeape|Primeape, L89, M|260/260\n|switch|p2a: Sawk|Sawk, L86, M|269/269\n|turn|1\n|inactive|Battle timer is ON: inactive players will automatically lose when time's up. (requested by Axoa17)\n|inactive|Shabbeaugosse has 120 seconds left.\n|inactive|Shabbeaugosse has 90 seconds left.\n|\n|t:|1769039462\n|move|p1a: Primeape|Close Combat|p2a: Sawk\n|-damage|p2a: Sawk|5/269\n|-unboost|p1a: Primeape|def|1\n|-unboost|p1a: Primeape|spd|1\n|move|p2a: Sawk|Close Combat|p1a: Primeape\n|-damage|p1a: Primeape|0 fnt\n|-unboost|p2a: Sawk|def|1\n|-unboost|p2a: Sawk|spd|1\n|faint|p1a: Primeape\n|\n|-heal|p2a: Sawk|21/269|[from] item: Leftovers\n|upkeep\n|\n|t:|1769039490\n|switch|p1a: Hoopa|Hoopa, L86|278/278\n|turn|2\n|\n|t:|1769039494\n|move|p1a: Hoopa|Psychic|p2a: Sawk\n|-supereffective|p2a: Sawk\n|-damage|p2a: Sawk|0 fnt\n|faint|p2a: Sawk\n|\n|upkeep\n|\n|t:|1769039502\n|switch|p2a: Celesteela|Celesteela, L78|279/279\n|turn|3\n|\n|t:|1769039509\n|switch|p1a: Sableye|Sableye, L93, M|244/244\n|move|p2a: Celesteela|Heavy Slam|p1a: Sableye\n|-damage|p1a: Sableye|117/244\n|\n|-heal|p1a: Sableye|132/244|[from] item: Leftovers\n|upkeep\n|turn|4\n|\n|t:|1769039518\n|switch|p2a: Emboar|Emboar, L85, M|326/326\n|move|p1a: Sableye|Knock Off|p2a: Emboar\n|-resisted|p2a: Emboar\n|-damage|p2a: Emboar|263/326\n|-enditem|p2a: Emboar|Choice Scarf|[from] move: Knock Off|[of] p1a: Sableye\n|\n|-heal|p1a: Sableye|147/244|[from] item: Leftovers\n|upkeep\n|turn|5\n|\n|t:|1769039537\n|switch|p1a: Golem|Golem, L86, F|278/278\n|move|p2a: Emboar|Flare Blitz|p1a: Golem\n|-resisted|p1a: Golem\n|-damage|p1a: Golem|215/278\n|-damage|p2a: Emboar|242/326|[from] Recoil\n|\n|upkeep\n|turn|6\n|\n|t:|1769039546\n|move|p2a: Emboar|Superpower|p1a: Golem\n|-supereffective|p1a: Golem\n|-damage|p1a: Golem|0 fnt\n|-unboost|p2a: Emboar|atk|1\n|-unboost|p2a: Emboar|def|1\n|faint|p1a: Golem\n|\n|upkeep\n|\n|t:|1769039553\n|switch|p1a: Hoopa|Hoopa, L86|278/278\n|turn|7\n|\n|t:|1769039557\n|switch|p2a: Celesteela|Celesteela, L78|279/279\n|move|p1a: Hoopa|Shadow Ball|p2a: Celesteela\n|-damage|p2a: Celesteela|197/279\n|\n|upkeep\n|turn|8\n|\n|t:|1769039565\n|move|p1a: Hoopa|Shadow Ball|p2a: Celesteela\n|-damage|p2a: Celesteela|112/279\n|move|p2a: Celesteela|Heavy Slam|p1a: Hoopa\n|-damage|p1a: Hoopa|133/278\n|\n|upkeep\n|turn|9\n|\n|t:|1769039572\n|switch|p1a: Sableye|Sableye, L93, M|147/244\n|move|p2a: Celesteela|Heavy Slam|p1a: Sableye\n|-crit|p1a: Sableye\n|-damage|p1a: Sableye|0 fnt\n|faint|p1a: Sableye\n|-ability|p2a: Celesteela|Beast Boost|boost\n|-boost|p2a: Celesteela|spa|1\n|\n|upkeep\n|\n|t:|1769039580\n|switch|p1a: Volcarona|Volcarona, L76, F|253/253\n|turn|10\n|\n|t:|1769039584\n|move|p1a: Volcarona|Quiver Dance|p1a: Volcarona\n|-boost|p1a: Volcarona|spa|1\n|-boost|p1a: Volcarona|spd|1\n|-boost|p1a: Volcarona|spe|1\n|move|p2a: Celesteela|Air Slash|p1a: Volcarona\n|-supereffective|p1a: Volcarona\n|-damage|p1a: Volcarona|113/253\n|\n|upkeep\n|turn|11\n|\n|t:|1769039592\n|move|p1a: Volcarona|Fire Blast|p2a: Celesteela|[miss]\n|-miss|p1a: Volcarona|p2a: Celesteela\n|move|p2a: Celesteela|Air Slash|p1a: Volcarona\n|-supereffective|p1a: Volcarona\n|-damage|p1a: Volcarona|0 fnt\n|faint|p1a: Volcarona\n|-ability|p2a: Celesteela|Beast Boost|boost\n|-boost|p2a: Celesteela|spa|1\n|\n|upkeep\n|\n|t:|1769039595\n|switch|p1a: Mawile|Mawile, L78, F|206/206\n|-ability|p1a: Mawile|Intimidate|boost\n|-unboost|p2a: Celesteela|atk|1\n|turn|12\n|\n|t:|1769039601\n|detailschange|p1a: Mawile|Mawile-Mega, L78, F\n|-mega|p1a: Mawile|Mawile|Mawilite\n|move|p2a: Celesteela|Fire Blast|p1a: Mawile\n|-supereffective|p1a: Mawile\n|-damage|p1a: Mawile|0 fnt\n|faint|p1a: Mawile\n|detailschange|p1: Mawile|Mawile, L78, F|[silent]\n|-ability|p2a: Celesteela|Beast Boost|boost\n|-boost|p2a: Celesteela|spa|1\n|\n|upkeep\n|-message|Axoa17 forfeited.\n|\n|win|Shabbeaugosse\n|raw|Axoa17's rating: 1605 &rarr; <strong>1590</strong><br />(-15 for losing)\n|raw|Shabbeaugosse's rating: 1692 &rarr; <strong>1707</strong><br />(+15 for winning)\n|l|☆Axoa17\n|player|p1|\n", "inputlog": ">version 3bd1a1e329da8d286644078cfc9a9638fc7ea025\n>start {\"formatid\":\"gen7randombattle\",\"seed\":\"sodium,ebc2b9bb137d1e44c869a3737826bfa8\",\"rated\":\"Rated battle\"}\n>player p1 {\"name\":\"Axoa17\",\"avatar\":\"grimsley\",\"rating\":1605,\"seed\":\"sodium,3070ba9d80a967fac3d5e14fa96b2776\"}\n>player p2 {\"name\":\"Shabbeaugosse\",\"avatar\":\"2\",\"rating\":1692,\"seed\":\"sodium,ce7f3c9bda64c706c2108a0c14b07080\"}\n>p1 move closecombat\n>p2 move closecombat\n>p1 switch 2\n>p1 move psychic\n>p2 move knockoff\n>p2 switch 4\n>p1 switch 3\n>p2 move heavyslam\n>p1 move knockoff\n>p2 switch 2\n>p1 switch 4\n>p2 move flareblitz\n>p1 move rockpolish\n>p2 move superpower\n>p1 switch 3\n>p1 move shadowball\n>p2 switch 2\n>p1 move shadowball\n>p2 move heavyslam\n>p1 switch 4\n>p2 move heavyslam\n>p1 switch 6\n>p1 move quiverdance\n>p2 move airslash\n>p1 move fireblast\n>p2 move airslash\n>p1 switch 5\n>p1 move swordsdance mega\n>p2 move fireblast\n>forcelose p1", "uploadtime": 1769039607, "views": 161, "formatid": "gen7randombattle", "rating": 1590, "private": 0, "password": null}