{"id": "gen7randombattle-2532911467", "format": "[Gen 7] Random Battle", "players": ["NTsweeper007", "cuorenero"], "log": "|j|☆NTsweeper007\n|j|☆cuorenero\n|t:|1770235887\n|gametype|singles\n|player|p1|NTsweeper007|hilbert-wonderlauncher|1745\n|player|p2|cuorenero|dawn|1779\n|gen|7\n|tier|[Gen 7] Random Battle\n|rated|\n|rule|Sleep Clause Mod: Limit one foe put to sleep\n|rule|HP Percentage Mod: HP is shown in percentages\n|rule|Illusion Level Mod: Illusion disguises the Pokémon's true level\n|\n|t:|1770235887\n|teamsize|p1|6\n|teamsize|p2|6\n|start\n|switch|p1a: Muk|Muk, L88, F|328/328\n|switch|p2a: Cinccino|Cinccino, L84, F|263/263\n|turn|1\n|inactive|Battle timer is ON: inactive players will automatically lose when time's up. (requested by cuorenero)\n|\n|t:|1770235898\n|switch|p1a: Froslass|Froslass, L87, F|264/264\n|move|p2a: Cinccino|Tail Slap|p1a: Froslass\n|-immune|p1a: Froslass\n|\n|upkeep\n|turn|2\n|\n|t:|1770235903\n|switch|p2a: Celesteela|Celesteela, L78|279/279\n|move|p1a: Froslass|Thunder Wave|p2a: Celesteela\n|-status|p2a: Celesteela|par\n|\n|upkeep\n|turn|3\n|\n|t:|1770235908\n|move|p1a: Froslass|Spikes|p2a: Celesteela\n|-sidestart|p2: cuorenero|Spikes\n|move|p2a: Celesteela|Leech Seed|p1a: Froslass\n|-start|p1a: Froslass|move: Leech Seed\n|\n|-damage|p1a: Froslass|231/264|[from] Leech Seed|[of] p2a: Celesteela\n|upkeep\n|turn|4\n|\n|t:|1770235916\n|move|p1a: Froslass|Spikes|p2a: Celesteela\n|-sidestart|p2: cuorenero|Spikes\n|move|p2a: Celesteela|Heavy Slam|p1a: Froslass\n|-supereffective|p1a: Froslass\n|-damage|p1a: Froslass|0 fnt\n|-start|p2a: Celesteela|Disable|Heavy Slam|[from] ability: Cursed Body|[of] p1a: Froslass\n|faint|p1a: Froslass\n|-ability|p2a: Celesteela|Beast Boost|boost\n|-boost|p2a: Celesteela|spa|1\n|\n|upkeep\n|\n|t:|1770235922\n|switch|p1a: Mismagius|Mismagius, L87, F|246/246\n|turn|5\n|inactive|cuorenero has 120 seconds left.\n|\n|t:|1770235957\n|move|p1a: Mismagius|Nasty Plot|p1a: Mismagius\n|-boost|p1a: Mismagius|spa|2\n|move|p2a: Celesteela|Leech Seed|p1a: Mismagius\n|-start|p1a: Mismagius|move: Leech Seed\n|\n|-damage|p1a: Mismagius|216/246|[from] Leech Seed|[of] p2a: Celesteela\n|upkeep\n|turn|6\n|inactive|cuorenero has 120 seconds left.\n|\n|t:|1770235962\n|switch|p2a: Cinccino|Cinccino, L84, F|263/263\n|-damage|p2a: Cinccino|220/263|[from] Spikes\n|move|p1a: Mismagius|Thunderbolt|p2a: Cinccino\n|-damage|p2a: Cinccino|0 fnt\n|faint|p2a: Cinccino\n|-damage|p1a: Mismagius|192/246|[from] item: Life Orb\n|\n|upkeep\n|inactive|cuorenero has 120 seconds left.\n|\n|t:|1770235982\n|switch|p2a: Meowstic|Meowstic, L91, M|283/283\n|-damage|p2a: Meowstic|236/283|[from] Spikes\n|turn|7\n|\n|t:|1770235987\n|move|p2a: Meowstic|Thunder Wave|p1a: Mismagius\n|-status|p1a: Mismagius|par\n|move|p1a: Mismagius|Shadow Ball|p2a: Meowstic\n|-supereffective|p2a: Meowstic\n|-damage|p2a: Meowstic|0 fnt\n|faint|p2a: Meowstic\n|-damage|p1a: Mismagius|168/246 par|[from] item: Life Orb\n|\n|upkeep\n|\n|t:|1770235991\n|switch|p2a: Arcanine|Arcanine, L84, F|288/288\n|-damage|p2a: Arcanine|240/288|[from] Spikes\n|-ability|p2a: Arcanine|Intimidate|boost\n|-unboost|p1a: Mismagius|atk|1\n|turn|8\n|\n|t:|1770235995\n|move|p2a: Arcanine|Flare Blitz|p1a: Mismagius\n|-damage|p1a: Mismagius|0 fnt\n|faint|p1a: Mismagius\n|-damage|p2a: Arcanine|185/288|[from] Recoil\n|\n|-heal|p2a: Arcanine|203/288|[from] item: Leftovers\n|upkeep\n|\n|t:|1770236002\n|switch|p1a: Scolipede|Scolipede, L80, M|227/227\n|turn|9\n|\n|t:|1770236014\n|move|p1a: Scolipede|Earthquake|p2a: Arcanine\n|-supereffective|p2a: Arcanine\n|-damage|p2a: Arcanine|0 fnt\n|faint|p2a: Arcanine\n|-damage|p1a: Scolipede|205/227|[from] item: Life Orb\n|\n|-ability|p1a: Scolipede|Speed Boost|boost\n|-boost|p1a: Scolipede|spe|1\n|upkeep\n|\n|t:|1770236020\n|switch|p2a: Celesteela|Celesteela, L78|279/279 par\n|turn|10\n|\n|t:|1770236025\n|switch|p1a: Gurdurr|Gurdurr, L87, M|290/290\n|move|p2a: Celesteela|Leech Seed|p1a: Gurdurr\n|-start|p1a: Gurdurr|move: Leech Seed\n|\n|-damage|p1a: Gurdurr|254/290|[from] Leech Seed|[of] p2a: Celesteela\n|upkeep\n|turn|11\n|\n|t:|1770236037\n|move|p1a: Gurdurr|Knock Off|p2a: Celesteela\n|-damage|p2a: Celesteela|211/279 par\n|-enditem|p2a: Celesteela|Leftovers|[from] move: Knock Off|[of] p1a: Gurdurr\n|cant|p2a: Celesteela|par\n|\n|-damage|p1a: Gurdurr|218/290|[from] Leech Seed|[of] p2a: Celesteela\n|-heal|p2a: Celesteela|247/279 par|[silent]\n|upkeep\n|turn|12\n|\n|t:|1770236042\n|switch|p1a: Muk|Muk, L88, F|328/328\n|move|p2a: Celesteela|Air Slash|p1a: Muk\n|-damage|p1a: Muk|265/328\n|\n|-heal|p1a: Muk|285/328|[from] item: Black Sludge\n|upkeep\n|turn|13\n|\n|t:|1770236046\n|move|p1a: Muk|Ice Punch|p2a: Celesteela\n|-damage|p2a: Celesteela|185/279 par\n|move|p2a: Celesteela|Leech Seed|p1a: Muk\n|-start|p1a: Muk|move: Leech Seed\n|\n|-heal|p1a: Muk|305/328|[from] item: Black Sludge\n|-damage|p1a: Muk|264/328|[from] Leech Seed|[of] p2a: Celesteela\n|-heal|p2a: Celesteela|226/279 par|[silent]\n|upkeep\n|turn|14\n|\n|t:|1770236049\n|switch|p1a: Gurdurr|Gurdurr, L87, M|218/290\n|move|p2a: Celesteela|Heavy Slam|p1a: Gurdurr\n|-damage|p1a: Gurdurr|137/290\n|\n|upkeep\n|turn|15\n|\n|t:|1770236056\n|move|p1a: Gurdurr|Drain Punch|p2a: Celesteela\n|-damage|p2a: Celesteela|144/279 par\n|-heal|p1a: Gurdurr|178/290|[from] drain|[of] p2a: Celesteela\n|cant|p2a: Celesteela|par\n|\n|upkeep\n|turn|16\n|\n|t:|1770236061\n|move|p1a: Gurdurr|Drain Punch|p2a: Celesteela\n|-damage|p2a: Celesteela|57/279 par\n|-heal|p1a: Gurdurr|222/290|[from] drain|[of] p2a: Celesteela\n|move|p2a: Celesteela|Leech Seed|p1a: Gurdurr\n|-start|p1a: Gurdurr|move: Leech Seed\n|\n|-damage|p1a: Gurdurr|186/290|[from] Leech Seed|[of] p2a: Celesteela\n|-heal|p2a: Celesteela|93/279 par|[silent]\n|upkeep\n|turn|17\n|\n|t:|1770236065\n|move|p1a: Gurdurr|Drain Punch|p2a: Celesteela\n|-damage|p2a: Celesteela|8/279 par\n|-heal|p1a: Gurdurr|229/290|[from] drain|[of] p2a: Celesteela\n|cant|p2a: Celesteela|par\n|\n|-damage|p1a: Gurdurr|193/290|[from] Leech Seed|[of] p2a: Celesteela\n|-heal|p2a: Celesteela|44/279 par|[silent]\n|upkeep\n|turn|18\n|\n|t:|1770236069\n|move|p2a: Celesteela|Protect|p2a: Celesteela\n|-singleturn|p2a: Celesteela|Protect\n|move|p1a: Gurdurr|Drain Punch|p2a: Celesteela\n|-activate|p2a: Celesteela|move: Protect\n|\n|-damage|p1a: Gurdurr|157/290|[from] Leech Seed|[of] p2a: Celesteela\n|-heal|p2a: Celesteela|80/279 par|[silent]\n|upkeep\n|turn|19\n|\n|t:|1770236072\n|move|p1a: Gurdurr|Drain Punch|p2a: Celesteela\n|-damage|p2a: Celesteela|2/279 par\n|-heal|p1a: Gurdurr|196/290|[from] drain|[of] p2a: Celesteela\n|move|p2a: Celesteela|Air Slash|p1a: Gurdurr\n|-supereffective|p1a: Gurdurr\n|-damage|p1a: Gurdurr|40/290\n|\n|-damage|p1a: Gurdurr|4/290|[from] Leech Seed|[of] p2a: Celesteela\n|-heal|p2a: Celesteela|38/279 par|[silent]\n|upkeep\n|turn|20\n|\n|t:|1770236078\n|move|p2a: Celesteela|Protect|p2a: Celesteela\n|-singleturn|p2a: Celesteela|Protect\n|move|p1a: Gurdurr|Drain Punch|p2a: Celesteela\n|-activate|p2a: Celesteela|move: Protect\n|\n|-damage|p1a: Gurdurr|0 fnt|[from] Leech Seed|[of] p2a: Celesteela\n|-heal|p2a: Celesteela|42/279 par|[silent]\n|faint|p1a: Gurdurr\n|upkeep\n|\n|t:|1770236079\n|switch|p1a: Muk|Muk, L88, F|264/328\n|turn|21\n|\n|t:|1770236103\n|move|p1a: Muk|Ice Punch|p2a: Celesteela\n|-damage|p2a: Celesteela|0 fnt\n|faint|p2a: Celesteela\n|\n|-heal|p1a: Muk|284/328|[from] item: Black Sludge\n|upkeep\n|\n|t:|1770236110\n|switch|p2a: Cobalion|Cobalion, L78|270/270\n|-damage|p2a: Cobalion|225/270|[from] Spikes\n|turn|22\n|\n|t:|1770236115\n|move|p2a: Cobalion|Swords Dance|p2a: Cobalion\n|-boost|p2a: Cobalion|atk|2\n|move|p1a: Muk|Brick Break|p2a: Cobalion\n|-supereffective|p2a: Cobalion\n|-damage|p2a: Cobalion|129/270\n|\n|-heal|p1a: Muk|304/328|[from] item: Black Sludge\n|upkeep\n|turn|23\n|\n|t:|1770236118\n|move|p2a: Cobalion|Iron Head|p1a: Muk\n|-damage|p1a: Muk|154/328\n|move|p1a: Muk|Brick Break|p2a: Cobalion\n|-supereffective|p2a: Cobalion\n|-damage|p2a: Cobalion|19/270\n|\n|-heal|p1a: Muk|174/328|[from] item: Black Sludge\n|upkeep\n|turn|24\n|\n|t:|1770236121\n|move|p2a: Cobalion|Iron Head|p1a: Muk\n|-damage|p1a: Muk|29/328\n|move|p1a: Muk|Brick Break|p2a: Cobalion\n|-supereffective|p2a: Cobalion\n|-damage|p2a: Cobalion|0 fnt\n|faint|p2a: Cobalion\n|\n|-heal|p1a: Muk|49/328|[from] item: Black Sludge\n|upkeep\n|\n|t:|1770236123\n|switch|p2a: Furfrou|Furfrou-Kabuki, L86, M|269/269\n|-damage|p2a: Furfrou|225/269|[from] Spikes\n|turn|25\n|\n|t:|1770236130\n|move|p2a: Furfrou|Return|p1a: Muk\n|-damage|p1a: Muk|0 fnt\n|faint|p1a: Muk\n|\n|upkeep\n|\n|t:|1770236132\n|switch|p1a: Kangaskhan|Kangaskhan, L75, F|281/281\n|turn|26\n|\n|t:|1770236140\n|detailschange|p1a: Kangaskhan|Kangaskhan-Mega, L75, F\n|-mega|p1a: Kangaskhan|Kangaskhan|Kangaskhanite\n|move|p2a: Furfrou|Toxic|p1a: Kangaskhan\n|-status|p1a: Kangaskhan|tox\n|move|p1a: Kangaskhan|Power-Up Punch|p2a: Furfrou\n|-supereffective|p2a: Furfrou\n|-damage|p2a: Furfrou|189/269\n|-boost|p1a: Kangaskhan|atk|1\n|-supereffective|p2a: Furfrou\n|-damage|p2a: Furfrou|175/269\n|-boost|p1a: Kangaskhan|atk|1\n|-hitcount|p2a: Furfrou|2\n|\n|-damage|p1a: Kangaskhan|264/281 tox|[from] psn\n|upkeep\n|turn|27\n|\n|t:|1770236145\n|move|p2a: Furfrou|Return|p1a: Kangaskhan\n|-damage|p1a: Kangaskhan|161/281 tox\n|move|p1a: Kangaskhan|Power-Up Punch|p2a: Furfrou\n|-supereffective|p2a: Furfrou\n|-crit|p2a: Furfrou\n|-damage|p2a: Furfrou|59/269\n|-boost|p1a: Kangaskhan|atk|1\n|-supereffective|p2a: Furfrou\n|-damage|p2a: Furfrou|39/269\n|-boost|p1a: Kangaskhan|atk|1\n|-hitcount|p2a: Furfrou|2\n|\n|-damage|p1a: Kangaskhan|127/281 tox|[from] psn\n|upkeep\n|turn|28\n|\n|t:|1770236149\n|move|p2a: Furfrou|Rest|p2a: Furfrou\n|-status|p2a: Furfrou|slp|[from] move: Rest\n|-heal|p2a: Furfrou|269/269 slp|[silent]\n|-enditem|p2a: Furfrou|Chesto Berry|[eat]\n|-curestatus|p2a: Furfrou|slp|[msg]\n|move|p1a: Kangaskhan|Return|p2a: Furfrou\n|-damage|p2a: Furfrou|71/269\n|-damage|p2a: Furfrou|23/269\n|-hitcount|p2a: Furfrou|2\n|\n|-damage|p1a: Kangaskhan|76/281 tox|[from] psn\n|upkeep\n|turn|29\n|\n|t:|1770236154\n|move|p2a: Furfrou|Return|p1a: Kangaskhan\n|-damage|p1a: Kangaskhan|0 fnt\n|faint|p1a: Kangaskhan\n|detailschange|p1: Kangaskhan|Kangaskhan, L75, F|[silent]\n|\n|upkeep\n|\n|t:|1770236156\n|switch|p1a: Scolipede|Scolipede, L80, M|205/227\n|turn|30\n|\n|t:|1770236159\n|move|p1a: Scolipede|Megahorn|p2a: Furfrou\n|-damage|p2a: Furfrou|0 fnt\n|faint|p2a: Furfrou\n|-damage|p1a: Scolipede|183/227|[from] item: Life Orb\n|\n|win|NTsweeper007\n|raw|NTsweeper007's rating: 1745 &rarr; <strong>1765</strong><br />(+20 for winning)\n|raw|cuorenero's rating: 1752 &rarr; <strong>1732</strong><br />(-20 for losing)\n|l|☆cuorenero\n|player|p2|\n", "inputlog": ">version ccdc32dd7cde25fd9e4bed64820e885f66e78a4e\n>start {\"formatid\":\"gen7randombattle\",\"seed\":\"sodium,f8e89d7f87ab43f899d8f184e5fccd0f\",\"rated\":\"Rated battle\"}\n>player p1 {\"name\":\"NTsweeper007\",\"avatar\":\"hilbert-wonderlauncher\",\"rating\":1745,\"seed\":\"sodium,448dfbdb2aaaffc53c23df5959873eee\"}\n>player p2 {\"name\":\"cuorenero\",\"avatar\":\"dawn\",\"rating\":1779,\"seed\":\"sodium,6bba54d55937cd92abc528bf9cf2229f\"}\n>p1 switch 2\n>p2 move tailslap\n>p1 move thunderwave\n>p2 switch 4\n>p1 move spikes\n>p2 move leechseed\n>p1 move spikes\n>p2 move heavyslam\n>p1 switch 6\n>p1 move nastyplot\n>p2 move leechseed\n>p1 move thunderbolt\n>p2 switch 4\n>p2 switch 5\n>p1 move shadowball\n>p2 move thunderwave\n>p2 switch 3\n>p1 move shadowball\n>p2 move flareblitz\n>p1 switch 3\n>p1 move earthquake\n>p2 move flareblitz\n>p2 switch 4\n>p1 switch 5\n>p2 move leechseed\n>p1 move knockoff\n>p2 move airslash\n>p1 switch 2\n>p2 move airslash\n>p1 move icepunch\n>p2 move leechseed\n>p1 switch 2\n>p2 move heavyslam\n>p1 move drainpunch\n>p2 move leechseed\n>p1 move drainpunch\n>p2 move leechseed\n>p1 move drainpunch\n>p2 move airslash\n>p1 move drainpunch\n>p2 move protect\n>p1 move drainpunch\n>p2 move airslash\n>p1 move drainpunch\n>p2 move protect\n>p1 switch 2\n>p1 move icepunch\n>p2 move leechseed\n>p2 switch 2\n>p1 move brickbreak\n>p2 move swordsdance\n>p1 move brickbreak\n>p2 move ironhead\n>p1 move brickbreak\n>p2 move ironhead\n>p2 switch 6\n>p1 move gunkshot\n>p2 move return\n>p1 switch 4\n>p1 move poweruppunch mega\n>p2 move toxic\n>p1 move poweruppunch\n>p2 move return\n>p1 move return\n>p2 move rest\n>p1 move return\n>p2 move return\n>p1 switch 5\n>p1 move megahorn\n>p2 move rest", "uploadtime": 1770236161, "views": 136, "formatid": "gen7randombattle", "rating": 1732, "private": 0, "password": null}