{"id": "gen7randombattle-2526896355", "format": "[Gen 7] Random Battle", "players": ["popiceagents", "NTsweeper007"], "log": "|j|☆popiceagents\n|j|☆NTsweeper007\n|t:|1769468016\n|gametype|singles\n|player|p1|popiceagents|2|1587\n|player|p2|NTsweeper007|hilbert-wonderlauncher|1840\n|gen|7\n|tier|[Gen 7] Random Battle\n|rated|\n|rule|Sleep Clause Mod: Limit one foe put to sleep\n|rule|HP Percentage Mod: HP is shown in percentages\n|rule|Illusion Level Mod: Illusion disguises the Pokémon's true level\n|\n|t:|1769468016\n|teamsize|p1|6\n|teamsize|p2|6\n|start\n|switch|p1a: Hydreigon|Hydreigon, L82, F|285/285\n|switch|p2a: Primeape|Primeape, L89, M|260/260\n|turn|1\n|inactive|Battle timer is ON: inactive players will automatically lose when time's up. (requested by popiceagents)\n|inactive|NTsweeper007 has 120 seconds left.\n|inactive|NTsweeper007 has 90 seconds left.\n|inactive|NTsweeper007 has 60 seconds left.\n|\n|t:|1769468159\n|move|p2a: Primeape|Hone Claws|p2a: Primeape\n|-boost|p2a: Primeape|atk|1\n|-boost|p2a: Primeape|accuracy|1\n|move|p1a: Hydreigon|Draco Meteor|p2a: Primeape\n|-damage|p2a: Primeape|97/260\n|-unboost|p1a: Hydreigon|spa|2\n|\n|upkeep\n|turn|2\n|inactive|NTsweeper007 has 120 seconds left.\n|\n|t:|1769468170\n|move|p2a: Primeape|Close Combat|p1a: Hydreigon\n|-supereffective|p1a: Hydreigon\n|-damage|p1a: Hydreigon|0 fnt\n|-unboost|p2a: Primeape|def|1\n|-unboost|p2a: Primeape|spd|1\n|faint|p1a: Hydreigon\n|-damage|p2a: Primeape|71/260|[from] item: Life Orb\n|\n|upkeep\n|\n|t:|1769468183\n|switch|p1a: Aerodactyl|Aerodactyl, L78, F|253/253\n|-ability|p1a: Aerodactyl|Unnerve\n|turn|3\n|\n|t:|1769468189\n|move|p1a: Aerodactyl|Earthquake|p2a: Primeape\n|-damage|p2a: Primeape|0 fnt\n|faint|p2a: Primeape\n|\n|upkeep\n|\n|t:|1769468194\n|switch|p2a: Deoxys|Deoxys-Defense, L85|224/224\n|-ability|p2a: Deoxys|Pressure\n|turn|4\n|\n|t:|1769468205\n|switch|p1a: Glaceon|Glaceon, L90, F|263/263\n|move|p2a: Deoxys|Spikes|p1a: Glaceon\n|-sidestart|p1: popiceagents|Spikes\n|\n|upkeep\n|turn|5\n|\n|t:|1769468208\n|move|p2a: Deoxys|Taunt|p1a: Glaceon\n|-start|p1a: Glaceon|move: Taunt\n|cant|p1a: Glaceon|move: Taunt|Toxic\n|\n|upkeep\n|turn|6\n|\n|t:|1769468213\n|switch|p1a: Necrozma|Necrozma-Dawn-Wings, L71|255/255\n|-damage|p1a: Necrozma|224/255|[from] Spikes\n|move|p2a: Deoxys|Spikes|p1a: Necrozma\n|-sidestart|p1: popiceagents|Spikes\n|\n|upkeep\n|turn|7\n|\n|t:|1769468218\n|move|p2a: Deoxys|Spikes|p1a: Necrozma\n|-sidestart|p1: popiceagents|Spikes\n|-zpower|p1a: Necrozma\n|move|p1a: Necrozma|Menacing Moonraze Maelstrom|p2a: Deoxys|[zeffect]\n|-supereffective|p2a: Deoxys\n|-damage|p2a: Deoxys|0 fnt\n|faint|p2a: Deoxys\n|\n|upkeep\n|\n|t:|1769468223\n|switch|p2a: Mandibuzz|Mandibuzz, L84, F|322/322\n|turn|8\n|\n|t:|1769468236\n|switch|p2a: Clawitzer|Clawitzer, L87, F|265/265\n|switch|p1a: Glaceon|Glaceon, L90, F|263/263\n|-damage|p1a: Glaceon|198/263|[from] Spikes\n|\n|-heal|p1a: Glaceon|214/263|[from] item: Leftovers\n|upkeep\n|turn|9\n|\n|t:|1769468249\n|switch|p1a: Necrozma|Necrozma-Dawn-Wings, L71|224/255\n|-damage|p1a: Necrozma|161/255|[from] Spikes\n|move|p2a: Clawitzer|Scald|p1a: Necrozma\n|-damage|p1a: Necrozma|29/255\n|-status|p1a: Necrozma|brn\n|\n|-damage|p1a: Necrozma|14/255 brn|[from] brn\n|upkeep\n|turn|10\n|\n|t:|1769468259\n|move|p2a: Clawitzer|Scald|p1a: Necrozma\n|-damage|p1a: Necrozma|0 fnt\n|faint|p1a: Necrozma\n|\n|upkeep\n|\n|t:|1769468264\n|switch|p1a: Glaceon|Glaceon, L90, F|214/263\n|-damage|p1a: Glaceon|149/263|[from] Spikes\n|turn|11\n|\n|t:|1769468267\n|move|p1a: Glaceon|Toxic|p2a: Clawitzer\n|-status|p2a: Clawitzer|tox\n|move|p2a: Clawitzer|Scald|p1a: Glaceon\n|-damage|p1a: Glaceon|16/263\n|\n|-heal|p1a: Glaceon|32/263|[from] item: Leftovers\n|-damage|p2a: Clawitzer|249/265 tox|[from] psn\n|upkeep\n|turn|12\n|\n|t:|1769468273\n|move|p1a: Glaceon|Protect|p1a: Glaceon\n|-singleturn|p1a: Glaceon|Protect\n|move|p2a: Clawitzer|Scald|p1a: Glaceon\n|-activate|p1a: Glaceon|move: Protect\n|\n|-heal|p1a: Glaceon|48/263|[from] item: Leftovers\n|-damage|p2a: Clawitzer|217/265 tox|[from] psn\n|upkeep\n|turn|13\n|\n|t:|1769468276\n|move|p1a: Glaceon|Wish|p1a: Glaceon\n|move|p2a: Clawitzer|Scald|p1a: Glaceon\n|-damage|p1a: Glaceon|0 fnt\n|faint|p1a: Glaceon\n|\n|-damage|p2a: Clawitzer|169/265 tox|[from] psn\n|upkeep\n|\n|t:|1769468286\n|switch|p1a: Nidoking|Nidoking, L82, M|267/267\n|-damage|p1a: Nidoking|201/267|[from] Spikes\n|turn|14\n|\n|t:|1769468291\n|move|p1a: Nidoking|Poison Jab|p2a: Clawitzer\n|-damage|p2a: Clawitzer|29/265 tox\n|move|p2a: Clawitzer|Scald|p1a: Nidoking\n|-supereffective|p1a: Nidoking\n|-damage|p1a: Nidoking|0 fnt\n|faint|p1a: Nidoking\n|\n|-damage|p2a: Clawitzer|0 fnt|[from] psn\n|faint|p2a: Clawitzer\n|upkeep\n|\n|t:|1769468298\n|switch|p1a: Aerodactyl|Aerodactyl, L78, F|253/253\n|switch|p2a: Medicham|Medicham, L78, M|221/221\n|-ability|p1a: Aerodactyl|Unnerve\n|turn|15\n|\n|t:|1769468304\n|detailschange|p1a: Aerodactyl|Aerodactyl-Mega, L78, F\n|-mega|p1a: Aerodactyl|Aerodactyl|Aerodactylite\n|detailschange|p2a: Medicham|Medicham-Mega, L78, M\n|-mega|p2a: Medicham|Medicham|Medichamite\n|move|p2a: Medicham|Fake Out|p1a: Aerodactyl\n|-resisted|p1a: Aerodactyl\n|-damage|p1a: Aerodactyl|227/253\n|cant|p1a: Aerodactyl|flinch\n|\n|upkeep\n|turn|16\n|\n|t:|1769468309\n|move|p1a: Aerodactyl|Earthquake|p2a: Medicham\n|-damage|p2a: Medicham|139/221\n|move|p2a: Medicham|High Jump Kick|p1a: Aerodactyl\n|-damage|p1a: Aerodactyl|0 fnt\n|faint|p1a: Aerodactyl\n|detailschange|p1: Aerodactyl|Aerodactyl, L78, F|[silent]\n|\n|upkeep\n|\n|t:|1769468317\n|switch|p1a: Ribombee|Ribombee, L84, F|238/238\n|-damage|p1a: Ribombee|179/238|[from] Spikes\n|turn|17\n|\n|t:|1769468321\n|move|p1a: Ribombee|Moonblast|p2a: Medicham\n|-supereffective|p2a: Medicham\n|-damage|p2a: Medicham|0 fnt\n|faint|p2a: Medicham\n|detailschange|p2: Medicham|Medicham, L78, M|[silent]\n|-damage|p1a: Ribombee|156/238|[from] item: Life Orb\n|\n|upkeep\n|\n|t:|1769468324\n|switch|p2a: Snorlax|Snorlax, L83, F|401/401\n|turn|18\n|\n|t:|1769468328\n|move|p1a: Ribombee|Quiver Dance|p1a: Ribombee\n|-boost|p1a: Ribombee|spa|1\n|-boost|p1a: Ribombee|spd|1\n|-boost|p1a: Ribombee|spe|1\n|move|p2a: Snorlax|Return|p1a: Ribombee\n|-damage|p1a: Ribombee|14/238\n|\n|upkeep\n|turn|19\n|\n|t:|1769468331\n|move|p1a: Ribombee|Moonblast|p2a: Snorlax\n|-damage|p2a: Snorlax|237/401\n|-unboost|p2a: Snorlax|spa|1\n|-damage|p1a: Ribombee|0 fnt|[from] item: Life Orb\n|faint|p1a: Ribombee\n|\n|win|NTsweeper007\n|raw|popiceagents's rating: 1587 &rarr; <strong>1579</strong><br />(-8 for losing)\n|raw|NTsweeper007's rating: 1840 &rarr; <strong>1848</strong><br />(+8 for winning)\n|l|☆popiceagents\n|player|p1|\n", "inputlog": ">version b99ff0165a6231f17e8b78c2a78d1998375de664\n>start {\"formatid\":\"gen7randombattle\",\"seed\":\"sodium,0e5cb471681f7fe01277aa8102101e87\",\"rated\":\"Rated battle\"}\n>player p1 {\"name\":\"popiceagents\",\"avatar\":\"2\",\"rating\":1587,\"seed\":\"sodium,f2e64eaab7ca0bebdbec7ff4369db530\"}\n>player p2 {\"name\":\"NTsweeper007\",\"avatar\":\"hilbert-wonderlauncher\",\"rating\":1840,\"seed\":\"sodium,80a2a813c53ca8945ffe71e1e9483290\"}\n>p1 move dracometeor\n>p2 move honeclaws\n>p1 move dracometeor\n>p2 move closecombat\n>p1 switch 3\n>p1 move earthquake\n>p2 move stoneedge\n>p2 switch 5\n>p1 switch 2\n>p2 move spikes\n>p1 move toxic\n>p2 move taunt\n>p1 switch 4\n>p2 move spikes\n>p1 move moongeistbeam zmove\n>p2 move spikes\n>p2 switch 4\n>p1 switch 4\n>p2 switch 3\n>p1 switch 4\n>p2 move scald\n>p1 move heatwave\n>p2 move scald\n>p1 switch 4\n>p1 move toxic\n>p2 move scald\n>p1 move protect\n>p2 move scald\n>p1 move wish\n>p2 move scald\n>p1 switch 5\n>p1 move poisonjab\n>p2 move scald\n>p1 switch 2\n>p2 switch 2\n>p1 move honeclaws mega\n>p2 move fakeout mega\n>p1 move earthquake\n>p2 move highjumpkick\n>p1 switch 6\n>p1 move moonblast\n>p2 move zenheadbutt\n>p2 switch 6\n>p1 move quiverdance\n>p2 move return\n>p1 move moonblast\n>p2 move return", "uploadtime": 1769468338, "views": 188, "formatid": "gen7randombattle", "rating": 1579, "private": 0, "password": null}