{"id": "gen7randombattle-2539449208", "format": "[Gen 7] Random Battle", "players": ["aurora ltd", "mob.sans"], "log": "|j|☆aurora ltd\n|j|☆mob.sans\n|t:|1771061253\n|gametype|singles\n|player|p1|aurora ltd|1|1691\n|player|p2|mob.sans|nanu|1554\n|gen|7\n|tier|[Gen 7] Random Battle\n|rated|\n|rule|Sleep Clause Mod: Limit one foe put to sleep\n|rule|HP Percentage Mod: HP is shown in percentages\n|rule|Illusion Level Mod: Illusion disguises the Pokémon's true level\n|\n|t:|1771061253\n|teamsize|p1|6\n|teamsize|p2|6\n|start\n|switch|p1a: Azelf|Azelf, L82|257/257\n|switch|p2a: Meowstic|Meowstic-F, L91, F|283/283\n|turn|1\n|inactive|Battle timer is ON: inactive players will automatically lose when time's up. (requested by mob.sans)\n|\n|t:|1771061293\n|move|p2a: Meowstic|Signal Beam|p1a: Azelf\n|-supereffective|p1a: Azelf\n|-damage|p1a: Azelf|61/257\n|move|p1a: Azelf|Stealth Rock|p2a: Meowstic\n|-sidestart|p2: mob.sans|move: Stealth Rock\n|\n|upkeep\n|turn|2\n|\n|t:|1771061306\n|move|p2a: Meowstic|Signal Beam|p1a: Azelf\n|-supereffective|p1a: Azelf\n|-damage|p1a: Azelf|0 fnt\n|faint|p1a: Azelf\n|\n|upkeep\n|inactive|aurora ltd has 120 seconds left.\n|\n|t:|1771061332\n|switch|p1a: Mr. Mime|Mr. Mime, L90, F|218/218\n|turn|3\n|inactive|aurora ltd has 120 seconds left.\n|\n|t:|1771061353\n|move|p1a: Mr. Mime|Dazzling Gleam|p2a: Meowstic\n|-crit|p2a: Meowstic\n|-damage|p2a: Meowstic|126/283\n|move|p2a: Meowstic|Signal Beam|p1a: Mr. Mime\n|-damage|p1a: Mr. Mime|154/218\n|\n|upkeep\n|turn|4\n|\n|t:|1771061360\n|switch|p2a: Mesprit|Mesprit, L86|278/278\n|-damage|p2a: Mesprit|244/278|[from] Stealth Rock\n|move|p1a: Mr. Mime|Dazzling Gleam|p2a: Mesprit\n|-damage|p2a: Mesprit|163/278\n|\n|upkeep\n|turn|5\n|inactive|aurora ltd has 120 seconds left.\n|\n|t:|1771061369\n|move|p1a: Mr. Mime|Dazzling Gleam|p2a: Mesprit\n|-damage|p2a: Mesprit|78/278\n|move|p2a: Mesprit|Signal Beam|p1a: Mr. Mime\n|-damage|p1a: Mr. Mime|96/218\n|-damage|p2a: Mesprit|51/278|[from] item: Life Orb\n|\n|upkeep\n|turn|6\n|\n|t:|1771061376\n|move|p1a: Mr. Mime|Dazzling Gleam|p2a: Mesprit\n|-damage|p2a: Mesprit|0 fnt\n|faint|p2a: Mesprit\n|\n|upkeep\n|\n|t:|1771061378\n|switch|p2a: Drapion|Drapion, L83, F|252/252\n|-damage|p2a: Drapion|221/252|[from] Stealth Rock\n|turn|7\n|\n|t:|1771061388\n|move|p1a: Mr. Mime|Dazzling Gleam|p2a: Drapion\n|-damage|p2a: Drapion|103/252\n|move|p2a: Drapion|Poison Jab|p1a: Mr. Mime\n|-supereffective|p1a: Mr. Mime\n|-damage|p1a: Mr. Mime|0 fnt\n|faint|p1a: Mr. Mime\n|\n|-heal|p2a: Drapion|118/252|[from] item: Black Sludge\n|upkeep\n|inactive|aurora ltd has 120 seconds left.\n|\n|t:|1771061411\n|switch|p1a: Blastoise|Blastoise, L82, M|264/264\n|turn|8\n|\n|t:|1771061418\n|detailschange|p1a: Blastoise|Blastoise-Mega, L82, M\n|-mega|p1a: Blastoise|Blastoise|Blastoisinite\n|move|p2a: Drapion|Poison Jab|p1a: Blastoise\n|-damage|p1a: Blastoise|200/264\n|move|p1a: Blastoise|Scald|p2a: Drapion\n|-damage|p2a: Drapion|0 fnt\n|faint|p2a: Drapion\n|\n|upkeep\n|\n|t:|1771061430\n|switch|p2a: Chesnaught|Chesnaught, L89, M|301/301\n|-damage|p2a: Chesnaught|283/301|[from] Stealth Rock\n|turn|9\n|inactive|aurora ltd has 120 seconds left.\n|\n|t:|1771061462\n|move|p1a: Blastoise|Ice Beam|p2a: Chesnaught\n|-supereffective|p2a: Chesnaught\n|-damage|p2a: Chesnaught|109/301\n|move|p2a: Chesnaught|Wood Hammer|p1a: Blastoise\n|-supereffective|p1a: Blastoise\n|-damage|p1a: Blastoise|0 fnt\n|faint|p1a: Blastoise\n|detailschange|p1: Blastoise|Blastoise, L82, M|[silent]\n|-damage|p2a: Chesnaught|43/301|[from] Recoil\n|\n|-heal|p2a: Chesnaught|61/301|[from] item: Leftovers\n|upkeep\n|inactive|aurora ltd has 90 seconds left.\n|\n|t:|1771061488\n|switch|p1a: Watchog|Watchog, L96, M|271/271\n|turn|10\n|\n|t:|1771061494\n|move|p1a: Watchog|Return|p2a: Chesnaught\n|-damage|p2a: Chesnaught|0 fnt\n|faint|p2a: Chesnaught\n|\n|upkeep\n|\n|t:|1771061504\n|switch|p2a: Whiscash|Whiscash, L89, M|341/341\n|-damage|p2a: Whiscash|320/341|[from] Stealth Rock\n|turn|11\n|\n|t:|1771061516\n|move|p1a: Watchog|Hypnosis|p2a: Whiscash|[miss]\n|-miss|p1a: Watchog|p2a: Whiscash\n|move|p2a: Whiscash|Scald|p1a: Watchog\n|-damage|p1a: Watchog|190/271\n|\n|-heal|p1a: Watchog|206/271|[from] item: Leftovers\n|-heal|p2a: Whiscash|341/341|[from] item: Leftovers\n|upkeep\n|turn|12\n|\n|t:|1771061523\n|move|p1a: Watchog|Hypnosis|p2a: Whiscash\n|-status|p2a: Whiscash|slp|[from] move: Hypnosis\n|cant|p2a: Whiscash|slp\n|\n|-heal|p1a: Watchog|222/271|[from] item: Leftovers\n|upkeep\n|turn|13\n|\n|t:|1771061528\n|move|p1a: Watchog|Super Fang|p2a: Whiscash\n|-damage|p2a: Whiscash|171/341 slp\n|cant|p2a: Whiscash|slp\n|\n|-heal|p1a: Watchog|238/271|[from] item: Leftovers\n|-heal|p2a: Whiscash|192/341 slp|[from] item: Leftovers\n|upkeep\n|turn|14\n|\n|t:|1771061537\n|move|p1a: Watchog|Return|p2a: Whiscash\n|-damage|p2a: Whiscash|59/341 slp\n|cant|p2a: Whiscash|slp\n|\n|-heal|p1a: Watchog|254/271|[from] item: Leftovers\n|-heal|p2a: Whiscash|80/341 slp|[from] item: Leftovers\n|upkeep\n|turn|15\n|inactive|aurora ltd has 120 seconds left.\n|\n|t:|1771061543\n|-curestatus|p2a: Whiscash|slp|[msg]\n|move|p2a: Whiscash|Protect|p2a: Whiscash\n|-singleturn|p2a: Whiscash|Protect\n|move|p1a: Watchog|Return|p2a: Whiscash\n|-activate|p2a: Whiscash|move: Protect\n|\n|-heal|p1a: Watchog|270/271|[from] item: Leftovers\n|-heal|p2a: Whiscash|101/341|[from] item: Leftovers\n|upkeep\n|turn|16\n|\n|t:|1771061552\n|move|p1a: Watchog|Return|p2a: Whiscash\n|-damage|p2a: Whiscash|0 fnt\n|faint|p2a: Whiscash\n|\n|-heal|p1a: Watchog|271/271|[from] item: Leftovers\n|upkeep\n|\n|t:|1771061556\n|switch|p2a: Meowstic|Meowstic-F, L91, F|126/283\n|-damage|p2a: Meowstic|91/283|[from] Stealth Rock\n|turn|17\n|\n|t:|1771061568\n|move|p2a: Meowstic|Psyshock|p1a: Watchog\n|-damage|p1a: Watchog|129/271\n|move|p1a: Watchog|Knock Off|p2a: Meowstic\n|-supereffective|p2a: Meowstic\n|-damage|p2a: Meowstic|0 fnt\n|-enditem|p2a: Meowstic|Choice Specs|[from] move: Knock Off|[of] p1a: Watchog\n|faint|p2a: Meowstic\n|\n|-heal|p1a: Watchog|145/271|[from] item: Leftovers\n|upkeep\n|\n|t:|1771061572\n|switch|p2a: Sharpedo|Sharpedo, L82, F|249/249\n|-damage|p2a: Sharpedo|218/249|[from] Stealth Rock\n|turn|18\n|\n|t:|1771061589\n|move|p2a: Sharpedo|Crunch|p1a: Watchog\n|-damage|p1a: Watchog|49/271\n|move|p1a: Watchog|Return|p2a: Sharpedo\n|-damage|p2a: Sharpedo|0 fnt\n|faint|p2a: Sharpedo\n|\n|win|aurora ltd\n|raw|aurora ltd's rating: 1691 &rarr; <strong>1703</strong><br />(+12 for winning)\n|raw|mob.sans's rating: 1554 &rarr; <strong>1542</strong><br />(-12 for losing)\n|l|☆mob.sans\n|player|p2|\n", "inputlog": ">version ccdc32dd7cde25fd9e4bed64820e885f66e78a4e\n>start {\"formatid\":\"gen7randombattle\",\"seed\":\"sodium,ef1b9e7aa33047c7bd4b04db50597cf5\",\"rated\":\"Rated battle\"}\n>player p1 {\"name\":\"aurora ltd\",\"avatar\":\"1\",\"rating\":1691,\"seed\":\"sodium,3aedc9bf82f6cac25bfa52cb68b873d2\"}\n>player p2 {\"name\":\"mob.sans\",\"avatar\":\"nanu\",\"rating\":1554,\"seed\":\"sodium,2a07bd03902392d3eb1d188d6c9efa18\"}\n>p1 move stealthrock\n>p2 move signalbeam\n>p1 move fireblast\n>p2 move signalbeam\n>p1 switch 4\n>p1 move dazzlinggleam\n>p2 move signalbeam\n>p1 move dazzlinggleam\n>p2 switch 2\n>p1 move dazzlinggleam\n>p2 move signalbeam\n>p1 move dazzlinggleam\n>p2 move signalbeam\n>p2 switch 3\n>p1 move dazzlinggleam\n>p2 move poisonjab\n>p1 switch 2\n>p1 move scald mega\n>p2 move poisonjab\n>p2 switch 4\n>p1 move icebeam\n>p2 move woodhammer\n>p1 switch 5\n>p1 move return\n>p2 move synthesis\n>p2 switch 5\n>p1 move hypnosis\n>p2 move scald\n>p1 move hypnosis\n>p2 move scald\n>p1 move superfang\n>p2 move scald\n>p1 move return\n>p2 move scald\n>p1 move return\n>p2 move protect\n>p1 move return\n>p2 move toxic\n>p2 switch 2\n>p1 move knockoff\n>p2 move psyshock\n>p2 switch 6\n>p1 move return\n>p2 move crunch", "uploadtime": 1771061609, "views": 145, "formatid": "gen7randombattle", "rating": 1542, "private": 0, "password": null}