{"id": "gen7randombattle-2527639637", "format": "[Gen 7] Random Battle", "players": ["KingKong619", "La.Hellhound"], "log": "|j|☆KingKong619\n|j|‽La.Hellhound\n|t:|1769558056\n|gametype|singles\n|player|p1|KingKong619|1|1624\n|player|p2|La.Hellhound|bruno|1749\n|gen|7\n|tier|[Gen 7] Random Battle\n|rated|\n|rule|Sleep Clause Mod: Limit one foe put to sleep\n|rule|HP Percentage Mod: HP is shown in percentages\n|rule|Illusion Level Mod: Illusion disguises the Pokémon's true level\n|\n|t:|1769558056\n|teamsize|p1|6\n|teamsize|p2|6\n|start\n|switch|p1a: Raikou|Raikou, L81|278/278\n|switch|p2a: Donphan|Donphan, L84, M|288/288\n|-ability|p1a: Raikou|Pressure\n|turn|1\n|inactive|Battle timer is ON: inactive players will automatically lose when time's up. (requested by La.Hellhound)\n|inactive|La.Hellhound has 120 seconds left.\n|inactive|La.Hellhound has 90 seconds left.\n|inactive|La.Hellhound has 60 seconds left.\n|\n|t:|1769558147\n|switch|p1a: Eelektross|Eelektross, L88, M|293/293\n|move|p2a: Donphan|Knock Off|p1a: Eelektross\n|-damage|p1a: Eelektross|212/293\n|-enditem|p1a: Eelektross|Assault Vest|[from] move: Knock Off|[of] p2a: Donphan\n|\n|upkeep\n|turn|2\n|inactive|La.Hellhound has 120 seconds left.\n|\n|t:|1769558163\n|switch|p2a: Wigglytuff|Wigglytuff, L95, M|420/420\n|move|p1a: Eelektross|Giga Drain|p2a: Wigglytuff\n|-damage|p2a: Wigglytuff|337/420\n|-heal|p1a: Eelektross|254/293|[from] drain|[of] p2a: Wigglytuff\n|\n|-heal|p2a: Wigglytuff|363/420|[from] item: Leftovers\n|upkeep\n|turn|3\n|inactive|La.Hellhound has 120 seconds left.\n|\n|t:|1769558171\n|move|p2a: Wigglytuff|Wish|p2a: Wigglytuff\n|move|p1a: Eelektross|Discharge|p2a: Wigglytuff\n|-damage|p2a: Wigglytuff|242/420\n|\n|-heal|p2a: Wigglytuff|268/420|[from] item: Leftovers\n|upkeep\n|turn|4\n|\n|t:|1769558179\n|move|p2a: Wigglytuff|Dazzling Gleam|p1a: Eelektross\n|-crit|p1a: Eelektross\n|-damage|p1a: Eelektross|103/293\n|move|p1a: Eelektross|U-turn|p2a: Wigglytuff\n|-resisted|p2a: Wigglytuff\n|-damage|p2a: Wigglytuff|226/420\n|\n|t:|1769558183\n|switch|p1a: Goodra|Goodra, L85, M|292/292|[from] U-turn\n|\n|-heal|p2a: Wigglytuff|420/420|[from] move: Wish|[wisher] Wigglytuff\n|upkeep\n|turn|5\n|\n|t:|1769558189\n|move|p1a: Goodra|Sludge Bomb|p2a: Wigglytuff\n|-supereffective|p2a: Wigglytuff\n|-damage|p2a: Wigglytuff|226/420\n|move|p2a: Wigglytuff|Thunder Wave|p1a: Goodra\n|-status|p1a: Goodra|par\n|\n|-heal|p2a: Wigglytuff|252/420|[from] item: Leftovers\n|upkeep\n|turn|6\n|\n|t:|1769558199\n|switch|p2a: Skarmory|Skarmory, L75, F|221/221\n|move|p1a: Goodra|Sludge Bomb|p2a: Skarmory\n|-immune|p2a: Skarmory\n|\n|upkeep\n|turn|7\n|\n|t:|1769558205\n|move|p2a: Skarmory|Stealth Rock|p1a: Goodra\n|-sidestart|p1: KingKong619|move: Stealth Rock\n|move|p1a: Goodra|Draco Meteor|p2a: Skarmory\n|-resisted|p2a: Skarmory\n|-damage|p2a: Skarmory|124/221\n|-unboost|p1a: Goodra|spa|2\n|\n|upkeep\n|turn|8\n|\n|t:|1769558212\n|switch|p1a: Eelektross|Eelektross, L88, M|103/293\n|-damage|p1a: Eelektross|67/293|[from] Stealth Rock\n|move|p2a: Skarmory|Roost|p2a: Skarmory\n|-heal|p2a: Skarmory|221/221\n|-singleturn|p2a: Skarmory|move: Roost\n|\n|upkeep\n|turn|9\n|\n|t:|1769558227\n|switch|p2a: Wigglytuff|Wigglytuff, L95, M|252/420\n|move|p1a: Eelektross|Discharge|p2a: Wigglytuff\n|-damage|p2a: Wigglytuff|119/420\n|-status|p2a: Wigglytuff|par\n|\n|-heal|p2a: Wigglytuff|145/420 par|[from] item: Leftovers\n|upkeep\n|turn|10\n|\n|t:|1769558238\n|move|p1a: Eelektross|Superpower|p2a: Wigglytuff\n|-damage|p2a: Wigglytuff|0 fnt\n|-unboost|p1a: Eelektross|atk|1\n|-unboost|p1a: Eelektross|def|1\n|faint|p2a: Wigglytuff\n|\n|upkeep\n|\n|t:|1769558244\n|switch|p2a: Skarmory|Skarmory, L75, F|221/221\n|turn|11\n|\n|t:|1769558248\n|move|p2a: Skarmory|Brave Bird|p1a: Eelektross\n|-resisted|p1a: Eelektross\n|-damage|p1a: Eelektross|1/293\n|-damage|p2a: Skarmory|199/221|[from] Recoil\n|move|p1a: Eelektross|Discharge|p2a: Skarmory\n|-supereffective|p2a: Skarmory\n|-damage|p2a: Skarmory|0 fnt\n|faint|p2a: Skarmory\n|\n|upkeep\n|\n|t:|1769558259\n|switch|p2a: Spinda|Spinda, L99, M|279/279\n|turn|12\n|\n|t:|1769558264\n|move|p2a: Spinda|Superpower|p1a: Eelektross\n|-damage|p1a: Eelektross|0 fnt\n|-boost|p2a: Spinda|atk|1\n|-boost|p2a: Spinda|def|1\n|faint|p1a: Eelektross\n|\n|upkeep\n|\n|t:|1769558269\n|switch|p1a: Wailord|Wailord, L94, F|471/471\n|-damage|p1a: Wailord|413/471|[from] Stealth Rock\n|turn|13\n|\n|t:|1769558279\n|switch|p2a: Trevenant|Trevenant, L91, M|303/303\n|move|p1a: Wailord|Hydro Pump|p2a: Trevenant\n|-resisted|p2a: Trevenant\n|-damage|p2a: Trevenant|233/303\n|\n|upkeep\n|turn|14\n|\n|t:|1769558287\n|switch|p1a: Goodra|Goodra, L85, M|292/292 par\n|-damage|p1a: Goodra|256/292 par|[from] Stealth Rock\n|move|p2a: Trevenant|Earthquake|p1a: Goodra\n|-damage|p1a: Goodra|90/292 par\n|\n|upkeep\n|turn|15\n|\n|t:|1769558293\n|move|p2a: Trevenant|Earthquake|p1a: Goodra\n|-damage|p1a: Goodra|0 fnt\n|faint|p1a: Goodra\n|\n|upkeep\n|\n|t:|1769558295\n|switch|p1a: Leafeon|Leafeon, L88, M|258/258\n|-damage|p1a: Leafeon|226/258|[from] Stealth Rock\n|turn|16\n|\n|t:|1769558301\n|switch|p2a: Oricorio|Oricorio, L90, M|281/281\n|move|p1a: Leafeon|Swords Dance|p1a: Leafeon\n|-boost|p1a: Leafeon|atk|2\n|-activate|p2a: Oricorio|ability: Dancer\n|move|p2a: Oricorio|Swords Dance|p2a: Oricorio|[from] ability: Dancer\n|-boost|p2a: Oricorio|atk|2\n|\n|upkeep\n|turn|17\n|\n|t:|1769558312\n|move|p2a: Oricorio|Revelation Dance|p1a: Leafeon\n|-supereffective|p1a: Leafeon\n|-damage|p1a: Leafeon|0 fnt\n|faint|p1a: Leafeon\n|\n|upkeep\n|\n|t:|1769558315\n|switch|p1a: Wailord|Wailord, L94, F|413/471\n|-damage|p1a: Wailord|355/471|[from] Stealth Rock\n|turn|18\n|\n|t:|1769558322\n|switch|p2a: Spinda|Spinda, L99, M|279/279\n|move|p1a: Wailord|Hydro Pump|p2a: Spinda|[miss]\n|-miss|p1a: Wailord|p2a: Spinda\n|\n|upkeep\n|turn|19\n|\n|t:|1769558327\n|switch|p2a: Trevenant|Trevenant, L91, M|233/303\n|move|p1a: Wailord|Hydro Pump|p2a: Trevenant\n|-resisted|p2a: Trevenant\n|-damage|p2a: Trevenant|170/303\n|\n|upkeep\n|turn|20\n|\n|t:|1769558334\n|move|p1a: Wailord|Hydro Pump|p2a: Trevenant\n|-resisted|p2a: Trevenant\n|-damage|p2a: Trevenant|110/303\n|move|p2a: Trevenant|Horn Leech|p1a: Wailord\n|-supereffective|p1a: Wailord\n|-damage|p1a: Wailord|0 fnt\n|-heal|p2a: Trevenant|288/303|[from] drain|[of] p1a: Wailord\n|faint|p1a: Wailord\n|\n|upkeep\n|\n|t:|1769558335\n|switch|p1a: Raikou|Raikou, L81|278/278\n|-damage|p1a: Raikou|244/278|[from] Stealth Rock\n|-ability|p1a: Raikou|Pressure\n|turn|21\n|\n|t:|1769558346\n|move|p1a: Raikou|Hidden Power|p2a: Trevenant\n|-supereffective|p2a: Trevenant\n|-damage|p2a: Trevenant|150/303\n|move|p2a: Trevenant|Horn Leech|p1a: Raikou\n|-damage|p1a: Raikou|70/278\n|-heal|p2a: Trevenant|237/303|[from] drain|[of] p1a: Raikou\n|\n|upkeep\n|turn|22\n|\n|t:|1769558357\n|move|p1a: Raikou|Hidden Power|p2a: Trevenant\n|-supereffective|p2a: Trevenant\n|-damage|p2a: Trevenant|105/303\n|move|p2a: Trevenant|Horn Leech|p1a: Raikou\n|-damage|p1a: Raikou|0 fnt\n|-heal|p2a: Trevenant|140/303|[from] drain|[of] p1a: Raikou\n|faint|p1a: Raikou\n|\n|upkeep\n|-message|KingKong619 forfeited.\n|\n|win|La.Hellhound\n|raw|KingKong619's rating: 1624 &rarr; <strong>1611</strong><br />(-13 for losing)\n|raw|La.Hellhound's rating: 1749 &rarr; <strong>1762</strong><br />(+13 for winning)\n|l|☆KingKong619\n|player|p1|\n", "inputlog": ">version b99ff0165a6231f17e8b78c2a78d1998375de664\n>start {\"formatid\":\"gen7randombattle\",\"seed\":\"sodium,331cc6612a07aac6ab9e02823afb40d6\",\"rated\":\"Rated battle\"}\n>player p1 {\"name\":\"KingKong619\",\"avatar\":\"1\",\"rating\":1624,\"seed\":\"sodium,c55f32ad45d94412220c6a7b168eeca4\"}\n>player p2 {\"name\":\"La.Hellhound\",\"avatar\":\"bruno\",\"rating\":1749,\"seed\":\"sodium,ab7bba0e7132ba36952b2b32d0df1f1f\"}\n>p1 switch 5\n>p2 move knockoff\n>p1 move gigadrain\n>p2 switch 5\n>p1 move discharge\n>p2 move wish\n>p1 move uturn\n>p2 move dazzlinggleam\n>p1 switch 2\n>p1 move sludgebomb\n>p2 move thunderwave\n>p1 move sludgebomb\n>p2 switch 4\n>p1 move dracometeor\n>p2 move stealthrock\n>p1 switch 2\n>p2 move roost\n>p1 move discharge\n>p2 switch 4\n>p1 move superpower\n>p2 move dazzlinggleam\n>p2 switch 4\n>p1 move discharge\n>p2 move bravebird\n>p2 switch 2\n>p1 move uturn\n>p2 move superpower\n>p1 switch 6\n>p1 move hydropump\n>p2 switch 6\n>p1 switch 2\n>p2 move earthquake\n>p1 move dracometeor\n>p2 move earthquake\n>p1 switch 3\n>p1 move swordsdance\n>p2 switch 3\n>p1 move knockoff\n>p2 move revelationdance\n>p1 switch 2\n>p1 move hydropump\n>p2 switch 6\n>p1 move hydropump\n>p2 switch 3\n>p1 move hydropump\n>p2 move hornleech\n>p1 switch 5\n>p1 move hiddenpower\n>p2 move hornleech\n>p1 move hiddenpower\n>p2 move hornleech\n>forcelose p1", "uploadtime": 1769558367, "views": 189, "formatid": "gen7randombattle", "rating": 1611, "private": 0, "password": null}