{"id": "gen7randombattle-2533454289", "format": "[Gen 7] Random Battle", "players": ["Peewee mcgee xxx", "Santino696969"], "log": "|j|☆Peewee mcgee xxx\n|j|☆Santino696969\n|t:|1770307222\n|gametype|singles\n|player|p1|Peewee mcgee xxx|169|1569\n|player|p2|Santino696969|ash-kalos|1522\n|gen|7\n|tier|[Gen 7] Random Battle\n|rated|\n|rule|Sleep Clause Mod: Limit one foe put to sleep\n|rule|HP Percentage Mod: HP is shown in percentages\n|rule|Illusion Level Mod: Illusion disguises the Pokémon's true level\n|\n|t:|1770307222\n|teamsize|p1|6\n|teamsize|p2|6\n|start\n|switch|p1a: Deoxys|Deoxys-Attack, L72|191/191\n|switch|p2a: Type: Null|Type: Null, L85|300/300\n|-ability|p1a: Deoxys|Pressure\n|turn|1\n|inactive|Battle timer is ON: inactive players will automatically lose when time's up. (requested by Santino696969)\n|\n|t:|1770307236\n|switch|p1a: Dhelmise|Dhelmise, L91|275/275\n|move|p2a: Type: Null|Payback|p1a: Dhelmise\n|-supereffective|p1a: Dhelmise\n|-damage|p1a: Dhelmise|211/275\n|\n|upkeep\n|turn|2\n|\n|t:|1770307246\n|move|p2a: Type: Null|Payback|p1a: Dhelmise\n|-supereffective|p1a: Dhelmise\n|-damage|p1a: Dhelmise|147/275\n|move|p1a: Dhelmise|Anchor Shot|p2a: Type: Null\n|-damage|p2a: Type: Null|222/300\n|-activate|p2a: Type: Null|trapped\n|\n|upkeep\n|turn|3\n|\n|t:|1770307250\n|move|p2a: Type: Null|Payback|p1a: Dhelmise\n|-supereffective|p1a: Dhelmise\n|-damage|p1a: Dhelmise|81/275\n|move|p1a: Dhelmise|Power Whip|p2a: Type: Null\n|-damage|p2a: Type: Null|113/300\n|\n|upkeep\n|turn|4\n|\n|t:|1770307254\n|move|p2a: Type: Null|Payback|p1a: Dhelmise\n|-supereffective|p1a: Dhelmise\n|-damage|p1a: Dhelmise|25/275\n|move|p1a: Dhelmise|Power Whip|p2a: Type: Null\n|-damage|p2a: Type: Null|0 fnt\n|faint|p2a: Type: Null\n|\n|upkeep\n|\n|t:|1770307268\n|switch|p2a: Absol|Absol, L86, F|252/252\n|turn|5\n|\n|t:|1770307274\n|move|p2a: Absol|Knock Off|p1a: Dhelmise\n|-supereffective|p1a: Dhelmise\n|-damage|p1a: Dhelmise|0 fnt\n|-enditem|p1a: Dhelmise|Assault Vest|[from] move: Knock Off|[of] p2a: Absol\n|faint|p1a: Dhelmise\n|\n|upkeep\n|\n|t:|1770307285\n|switch|p1a: Weavile|Weavile, L79, F|240/240\n|turn|6\n|\n|t:|1770307289\n|move|p1a: Weavile|Icicle Crash|p2a: Absol\n|-damage|p2a: Absol|88/252\n|-damage|p1a: Weavile|216/240|[from] item: Life Orb\n|move|p2a: Absol|Knock Off|p1a: Weavile\n|-resisted|p1a: Weavile\n|-damage|p1a: Weavile|88/240\n|-enditem|p1a: Weavile|Life Orb|[from] move: Knock Off|[of] p2a: Absol\n|-enditem|p2a: Absol|Choice Band|[silent]|[from] ability: Pickpocket|[of] p2a: Absol\n|-item|p1a: Weavile|Choice Band|[from] ability: Pickpocket|[of] p2a: Absol\n|\n|upkeep\n|turn|7\n|\n|t:|1770307297\n|move|p2a: Absol|Sucker Punch|p1a: Weavile\n|-resisted|p1a: Weavile\n|-damage|p1a: Weavile|20/240\n|move|p1a: Weavile|Icicle Crash|p2a: Absol\n|-damage|p2a: Absol|0 fnt\n|faint|p2a: Absol\n|\n|upkeep\n|\n|t:|1770307304\n|switch|p2a: Decidueye|Decidueye, L87, M|277/277\n|turn|8\n|\n|t:|1770307325\n|move|p2a: Decidueye|Shadow Sneak|p1a: Weavile\n|-resisted|p1a: Weavile\n|-damage|p1a: Weavile|0 fnt\n|faint|p1a: Weavile\n|\n|upkeep\n|\n|t:|1770307335\n|switch|p1a: Mothim|Mothim, L93, M|281/281\n|turn|9\n|\n|t:|1770307342\n|move|p1a: Mothim|Quiver Dance|p1a: Mothim\n|-boost|p1a: Mothim|spa|1\n|-boost|p1a: Mothim|spd|1\n|-boost|p1a: Mothim|spe|1\n|-zpower|p2a: Decidueye\n|move|p2a: Decidueye|Sinister Arrow Raid|p1a: Mothim|[zeffect]\n|-damage|p1a: Mothim|1/281\n|\n|upkeep\n|turn|10\n|\n|t:|1770307348\n|move|p2a: Decidueye|Shadow Sneak|p1a: Mothim\n|-damage|p1a: Mothim|0 fnt\n|faint|p1a: Mothim\n|\n|upkeep\n|\n|t:|1770307359\n|switch|p1a: Deoxys|Deoxys-Attack, L72|191/191\n|-ability|p1a: Deoxys|Pressure\n|turn|11\n|\n|t:|1770307363\n|move|p2a: Decidueye|Shadow Sneak|p1a: Deoxys\n|-supereffective|p1a: Deoxys\n|-damage|p1a: Deoxys|0 fnt\n|faint|p1a: Deoxys\n|\n|upkeep\n|\n|t:|1770307367\n|switch|p1a: Silvally|Silvally-Psychic, L87|307/307\n|turn|12\n|\n|t:|1770307374\n|move|p1a: Silvally|Flamethrower|p2a: Decidueye\n|-supereffective|p2a: Decidueye\n|-damage|p2a: Decidueye|153/277\n|-status|p2a: Decidueye|brn\n|move|p2a: Decidueye|Swords Dance|p2a: Decidueye\n|-boost|p2a: Decidueye|atk|2\n|\n|-damage|p2a: Decidueye|136/277 brn|[from] brn\n|upkeep\n|turn|13\n|\n|t:|1770307380\n|move|p2a: Decidueye|Shadow Sneak|p1a: Silvally\n|-supereffective|p1a: Silvally\n|-damage|p1a: Silvally|213/307\n|move|p1a: Silvally|Flamethrower|p2a: Decidueye\n|-supereffective|p2a: Decidueye\n|-damage|p2a: Decidueye|12/277 brn\n|\n|-damage|p2a: Decidueye|0 fnt|[from] brn\n|faint|p2a: Decidueye\n|upkeep\n|\n|t:|1770307389\n|switch|p2a: Silvally|Silvally-Ground, L87|307/307\n|turn|14\n|\n|t:|1770307399\n|move|p2a: Silvally|Swords Dance|p2a: Silvally\n|-boost|p2a: Silvally|atk|2\n|move|p1a: Silvally|Toxic|p2a: Silvally\n|-status|p2a: Silvally|tox\n|\n|-damage|p2a: Silvally|288/307 tox|[from] psn\n|upkeep\n|turn|15\n|\n|t:|1770307401\n|move|p1a: Silvally|Multi-Attack|p2a: Silvally\n|-damage|p2a: Silvally|195/307 tox\n|move|p2a: Silvally|Flame Charge|p1a: Silvally\n|-damage|p1a: Silvally|141/307\n|-boost|p2a: Silvally|spe|1\n|\n|-damage|p2a: Silvally|157/307 tox|[from] psn\n|upkeep\n|turn|16\n|\n|t:|1770307406\n|move|p2a: Silvally|Multi-Attack|p1a: Silvally\n|-damage|p1a: Silvally|0 fnt\n|faint|p1a: Silvally\n|\n|-damage|p2a: Silvally|100/307 tox|[from] psn\n|upkeep\n|\n|t:|1770307409\n|switch|p1a: Swampert|Swampert, L81, M|295/295\n|turn|17\n|\n|t:|1770307413\n|detailschange|p1a: Swampert|Swampert-Mega, L81, M\n|-mega|p1a: Swampert|Swampert|Swampertite\n|move|p2a: Silvally|Multi-Attack|p1a: Swampert\n|-damage|p1a: Swampert|127/295\n|move|p1a: Swampert|Rain Dance|p1a: Swampert\n|-weather|RainDance\n|\n|-weather|RainDance|[upkeep]\n|-damage|p2a: Silvally|24/307 tox|[from] psn\n|upkeep\n|turn|18\n|\n|t:|1770307419\n|move|p2a: Silvally|Multi-Attack|p1a: Swampert\n|-damage|p1a: Swampert|0 fnt\n|faint|p1a: Swampert\n|detailschange|p1: Swampert|Swampert, L81, M|[silent]\n|\n|win|Santino696969\n|raw|Peewee mcgee xxx's rating: 1569 &rarr; <strong>1546</strong><br />(-23 for losing)\n|raw|Santino696969's rating: 1522 &rarr; <strong>1545</strong><br />(+23 for winning)\n|l|☆Peewee mcgee xxx\n|player|p1|\n", "inputlog": ">version ccdc32dd7cde25fd9e4bed64820e885f66e78a4e\n>start {\"formatid\":\"gen7randombattle\",\"seed\":\"sodium,4b35ecc6c681f6935eafdda9fcc40c6e\",\"rated\":\"Rated battle\"}\n>player p1 {\"name\":\"Peewee mcgee xxx\",\"avatar\":\"169\",\"rating\":1569,\"seed\":\"sodium,9216596694701e00d6203ee4fbe731e2\"}\n>player p2 {\"name\":\"Santino696969\",\"avatar\":\"ash-kalos\",\"rating\":1522,\"seed\":\"sodium,9f751d52c234f5c4c027e9d0c2fe35a7\"}\n>p1 switch 5\n>p2 move payback\n>p1 move anchorshot\n>p2 move payback\n>p1 move powerwhip\n>p2 move payback\n>p1 move powerwhip\n>p2 move payback\n>p2 switch 2\n>p1 move anchorshot\n>p2 move knockoff\n>p1 switch 6\n>p1 move iciclecrash\n>p2 move knockoff\n>p1 move iciclecrash\n>p2 move suckerpunch\n>p2 switch 3\n>p1 move iciclecrash\n>p2 move shadowsneak\n>p1 switch 4\n>p1 move quiverdance\n>p2 move spiritshackle zmove\n>p1 move airslash\n>p2 move shadowsneak\n>p1 switch 5\n>p1 move knockoff\n>p2 move shadowsneak\n>p1 switch 3\n>p1 move flamethrower\n>p2 move swordsdance\n>p1 move flamethrower\n>p2 move shadowsneak\n>p2 switch 4\n>p1 move toxic\n>p2 move swordsdance\n>p1 move multiattack\n>p2 move flamecharge\n>p1 move multiattack\n>p2 move multiattack\n>p1 switch 2\n>p1 move raindance mega\n>p2 move multiattack\n>p1 move waterfall\n>p2 move multiattack", "uploadtime": 1770307423, "views": 158, "formatid": "gen7randombattle", "rating": 1545, "private": 0, "password": null}