{"id": "gen7randombattle-2532320798", "format": "[Gen 7] Random Battle", "players": ["dylaan13", "may/gen3"], "log": "|j|☆dylaan13\n|j|☆may/gen3\n|t:|1770161697\n|gametype|singles\n|player|p1|dylaan13|lusamine-nihilego|1661\n|player|p2|may/gen3|may|1839\n|gen|7\n|tier|[Gen 7] Random Battle\n|rated|\n|rule|Sleep Clause Mod: Limit one foe put to sleep\n|rule|HP Percentage Mod: HP is shown in percentages\n|rule|Illusion Level Mod: Illusion disguises the Pokémon's true level\n|\n|t:|1770161697\n|teamsize|p1|6\n|teamsize|p2|6\n|start\n|switch|p1a: Aromatisse|Aromatisse, L91, F|332/332\n|switch|p2a: Pachirisu|Pachirisu, L96, M|271/271\n|turn|1\n|inactive|Battle timer is ON: inactive players will automatically lose when time's up. (requested by dylaan13)\n|inactive|dylaan13 has 120 seconds left.\n|\n|t:|1770161730\n|switch|p1a: Togedemaru|Togedemaru, L86, M|252/252\n|move|p2a: Pachirisu|Toxic|p1a: Togedemaru\n|-immune|p1a: Togedemaru\n|\n|upkeep\n|turn|2\n|\n|t:|1770161739\n|move|p2a: Pachirisu|Super Fang|p1a: Togedemaru\n|-damage|p1a: Togedemaru|126/252\n|-damage|p2a: Pachirisu|238/271|[from] ability: Iron Barbs|[of] p1a: Togedemaru\n|move|p1a: Togedemaru|Iron Head|p2a: Pachirisu\n|-resisted|p2a: Pachirisu\n|-damage|p2a: Pachirisu|190/271\n|\n|-heal|p2a: Pachirisu|206/271|[from] item: Leftovers\n|-heal|p1a: Togedemaru|141/252|[from] item: Leftovers\n|upkeep\n|turn|3\n|\n|t:|1770161749\n|switch|p2a: Kricketune|Kricketune, L97, M|306/306\n|move|p1a: Togedemaru|Spiky Shield||[still]\n|-fail|p1a: Togedemaru\n|\n|-heal|p1a: Togedemaru|156/252|[from] item: Leftovers\n|upkeep\n|turn|4\n|\n|t:|1770161753\n|move|p1a: Togedemaru|Nuzzle|p2a: Kricketune\n|-damage|p2a: Kricketune|278/306\n|-status|p2a: Kricketune|par\n|move|p2a: Kricketune|Sticky Web|p1a: Togedemaru\n|-sidestart|p1: dylaan13|move: Sticky Web\n|\n|-heal|p1a: Togedemaru|171/252|[from] item: Leftovers\n|-heal|p2a: Kricketune|297/306 par|[from] item: Leftovers\n|upkeep\n|turn|5\n|\n|t:|1770161761\n|switch|p1a: Araquanid|Araquanid, L81, F|243/243\n|-activate|p1a: Araquanid|move: Sticky Web\n|-unboost|p1a: Araquanid|spe|1\n|switch|p2a: Diggersby|Diggersby, L82, F|274/274\n|\n|upkeep\n|turn|6\n|\n|t:|1770161767\n|move|p2a: Diggersby|Return|p1a: Araquanid\n|-damage|p1a: Araquanid|50/243\n|move|p1a: Araquanid|Sticky Web|p2a: Diggersby\n|-sidestart|p2: may/gen3|move: Sticky Web\n|\n|-heal|p1a: Araquanid|65/243|[from] item: Leftovers\n|upkeep\n|turn|7\n|\n|t:|1770161774\n|switch|p1a: Togedemaru|Togedemaru, L86, M|171/252\n|-activate|p1a: Togedemaru|move: Sticky Web\n|-unboost|p1a: Togedemaru|spe|1\n|move|p2a: Diggersby|Return|p1a: Togedemaru\n|-resisted|p1a: Togedemaru\n|-damage|p1a: Togedemaru|34/252\n|-damage|p2a: Diggersby|240/274|[from] ability: Iron Barbs|[of] p1a: Togedemaru\n|\n|-heal|p1a: Togedemaru|49/252|[from] item: Leftovers\n|upkeep\n|turn|8\n|\n|t:|1770161784\n|move|p1a: Togedemaru|Spiky Shield|p1a: Togedemaru\n|-singleturn|p1a: Togedemaru|move: Protect\n|move|p2a: Diggersby|Return|p1a: Togedemaru\n|-activate|p1a: Togedemaru|move: Protect\n|-damage|p2a: Diggersby|206/274|[from] Spiky Shield|[of] p1a: Togedemaru\n|\n|-heal|p1a: Togedemaru|64/252|[from] item: Leftovers\n|upkeep\n|turn|9\n|\n|t:|1770161791\n|move|p1a: Togedemaru|Spiky Shield|p1a: Togedemaru\n|-singleturn|p1a: Togedemaru|move: Protect\n|move|p2a: Diggersby|Return|p1a: Togedemaru\n|-activate|p1a: Togedemaru|move: Protect\n|-damage|p2a: Diggersby|172/274|[from] Spiky Shield|[of] p1a: Togedemaru\n|\n|-heal|p1a: Togedemaru|79/252|[from] item: Leftovers\n|upkeep\n|turn|10\n|\n|t:|1770161800\n|switch|p1a: Araquanid|Araquanid, L81, F|65/243\n|-activate|p1a: Araquanid|move: Sticky Web\n|-unboost|p1a: Araquanid|spe|1\n|move|p2a: Diggersby|Return|p1a: Araquanid\n|-crit|p1a: Araquanid\n|-damage|p1a: Araquanid|0 fnt\n|faint|p1a: Araquanid\n|\n|upkeep\n|\n|t:|1770161809\n|switch|p1a: Hydreigon|Hydreigon, L82, F|285/285\n|turn|11\n|\n|t:|1770161814\n|switch|p2a: Toxapex|Toxapex, L80, F|211/211\n|-activate|p2a: Toxapex|move: Sticky Web\n|-unboost|p2a: Toxapex|spe|1\n|move|p1a: Hydreigon|Dark Pulse|p2a: Toxapex\n|-damage|p2a: Toxapex|109/211\n|\n|-heal|p2a: Toxapex|122/211|[from] item: Black Sludge\n|upkeep\n|turn|12\n|\n|t:|1770161823\n|move|p1a: Hydreigon|Dark Pulse|p2a: Toxapex\n|-damage|p2a: Toxapex|20/211\n|move|p2a: Toxapex|Recover|p2a: Toxapex\n|-heal|p2a: Toxapex|126/211\n|\n|-heal|p2a: Toxapex|139/211|[from] item: Black Sludge\n|upkeep\n|turn|13\n|\n|t:|1770161828\n|move|p1a: Hydreigon|Dark Pulse|p2a: Toxapex\n|-damage|p2a: Toxapex|24/211\n|move|p2a: Toxapex|Toxic|p1a: Hydreigon\n|-status|p1a: Hydreigon|tox\n|\n|-heal|p2a: Toxapex|37/211|[from] item: Black Sludge\n|-damage|p1a: Hydreigon|268/285 tox|[from] psn\n|upkeep\n|turn|14\n|\n|t:|1770161839\n|switch|p2a: Pachirisu|Pachirisu, L96, M|206/271\n|-activate|p2a: Pachirisu|move: Sticky Web\n|-unboost|p2a: Pachirisu|spe|1\n|move|p1a: Hydreigon|Dark Pulse|p2a: Pachirisu\n|-damage|p2a: Pachirisu|86/271\n|\n|-heal|p2a: Pachirisu|102/271|[from] item: Leftovers\n|-damage|p1a: Hydreigon|234/285 tox|[from] psn\n|upkeep\n|turn|15\n|\n|t:|1770161843\n|move|p1a: Hydreigon|Dark Pulse|p2a: Pachirisu\n|-damage|p2a: Pachirisu|0 fnt\n|faint|p2a: Pachirisu\n|\n|-damage|p1a: Hydreigon|183/285 tox|[from] psn\n|upkeep\n|\n|t:|1770161847\n|switch|p2a: Golisopod|Golisopod, L84, F|263/263\n|-activate|p2a: Golisopod|move: Sticky Web\n|-unboost|p2a: Golisopod|spe|1\n|turn|16\n|\n|t:|1770161852\n|switch|p1a: Togedemaru|Togedemaru, L86, M|79/252\n|-activate|p1a: Togedemaru|move: Sticky Web\n|-unboost|p1a: Togedemaru|spe|1\n|move|p2a: Golisopod|Liquidation|p1a: Togedemaru\n|-damage|p1a: Togedemaru|0 fnt\n|-damage|p2a: Golisopod|231/263|[from] ability: Iron Barbs|[of] p1a: Togedemaru\n|faint|p1a: Togedemaru\n|\n|upkeep\n|\n|t:|1770161864\n|switch|p1a: Slaking|Slaking, L84, M|389/389\n|-activate|p1a: Slaking|move: Sticky Web\n|-unboost|p1a: Slaking|spe|1\n|turn|17\n|\n|t:|1770161877\n|move|p1a: Slaking|Retaliate|p2a: Golisopod\n|-damage|p2a: Golisopod|0 fnt\n|faint|p2a: Golisopod\n|\n|upkeep\n|\n|t:|1770161888\n|switch|p2a: Blaziken|Blaziken, L73, F|237/237\n|-activate|p2a: Blaziken|move: Sticky Web\n|-unboost|p2a: Blaziken|spe|1\n|turn|18\n|\n|t:|1770161894\n|switch|p1a: Golduck|Golduck, L93, M|300/300\n|-activate|p1a: Golduck|move: Sticky Web\n|-unboost|p1a: Golduck|spe|1\n|-ability|p1a: Golduck|Cloud Nine\n|detailschange|p2a: Blaziken|Blaziken-Mega, L73, F\n|-mega|p2a: Blaziken|Blaziken|Blazikenite\n|move|p2a: Blaziken|Swords Dance|p2a: Blaziken\n|-boost|p2a: Blaziken|atk|2\n|\n|-ability|p2a: Blaziken|Speed Boost|boost\n|-boost|p2a: Blaziken|spe|1\n|upkeep\n|turn|19\n|\n|t:|1770161905\n|move|p2a: Blaziken|Protect|p2a: Blaziken\n|-singleturn|p2a: Blaziken|Protect\n|move|p1a: Golduck|Scald|p2a: Blaziken\n|-activate|p2a: Blaziken|move: Protect\n|\n|-ability|p2a: Blaziken|Speed Boost|boost\n|-boost|p2a: Blaziken|spe|1\n|upkeep\n|turn|20\n|\n|t:|1770161910\n|move|p2a: Blaziken|High Jump Kick|p1a: Golduck\n|-damage|p1a: Golduck|0 fnt\n|faint|p1a: Golduck\n|\n|-ability|p2a: Blaziken|Speed Boost|boost\n|-boost|p2a: Blaziken|spe|1\n|upkeep\n|\n|t:|1770161916\n|switch|p1a: Aromatisse|Aromatisse, L91, F|332/332\n|-activate|p1a: Aromatisse|move: Sticky Web\n|-unboost|p1a: Aromatisse|spe|1\n|turn|21\n|\n|t:|1770161928\n|move|p2a: Blaziken|Swords Dance|p2a: Blaziken\n|-boost|p2a: Blaziken|atk|2\n|move|p1a: Aromatisse|Moonblast|p2a: Blaziken\n|-damage|p2a: Blaziken|95/237\n|\n|-ability|p2a: Blaziken|Speed Boost|boost\n|-boost|p2a: Blaziken|spe|1\n|upkeep\n|turn|22\n|\n|t:|1770161941\n|switch|p1a: Hydreigon|Hydreigon, L82, F|183/285 tox\n|move|p2a: Blaziken|Flare Blitz|p1a: Hydreigon\n|-resisted|p1a: Hydreigon\n|-damage|p1a: Hydreigon|0 fnt\n|faint|p1a: Hydreigon\n|-damage|p2a: Blaziken|35/237|[from] Recoil\n|\n|-ability|p2a: Blaziken|Speed Boost|boost\n|-boost|p2a: Blaziken|spe|1\n|upkeep\n|\n|t:|1770161949\n|switch|p1a: Aromatisse|Aromatisse, L91, F|332/332\n|-activate|p1a: Aromatisse|move: Sticky Web\n|-unboost|p1a: Aromatisse|spe|1\n|turn|23\n|\n|t:|1770161953\n|move|p2a: Blaziken|Flare Blitz|p1a: Aromatisse\n|-damage|p1a: Aromatisse|0 fnt\n|faint|p1a: Aromatisse\n|-damage|p2a: Blaziken|0 fnt|[from] Recoil\n|faint|p2a: Blaziken\n|detailschange|p2: Blaziken|Blaziken, L73, F|[silent]\n|\n|upkeep\n|\n|t:|1770161956\n|switch|p2a: Toxapex|Toxapex, L80, F|107/211\n|switch|p1a: Slaking|Slaking, L84, M|389/389\n|-activate|p1a: Slaking|move: Sticky Web\n|-unboost|p1a: Slaking|spe|1\n|-activate|p2a: Toxapex|move: Sticky Web\n|-unboost|p2a: Toxapex|spe|1\n|turn|24\n|\n|t:|1770161962\n|move|p2a: Toxapex|Baneful Bunker|p2a: Toxapex\n|-singleturn|p2a: Toxapex|move: Protect\n|move|p1a: Slaking|Giga Impact|p2a: Toxapex\n|-activate|p2a: Toxapex|move: Protect\n|-status|p1a: Slaking|psn\n|\n|-heal|p2a: Toxapex|120/211|[from] item: Black Sludge\n|-damage|p1a: Slaking|341/389 psn|[from] psn\n|upkeep\n|turn|25\n|-message|dylaan13 forfeited.\n|\n|win|may/gen3\n|raw|dylaan13's rating: 1661 &rarr; <strong>1650</strong><br />(-11 for losing)\n|raw|may&#x2f;gen3's rating: 1839 &rarr; <strong>1850</strong><br />(+11 for winning)\n|l|☆dylaan13\n|player|p1|\n|l|☆may/gen3\n|player|p2|\n|j|☆may/gen3\n|player|p2|may/gen3|may|\n", "inputlog": ">version ccdc32dd7cde25fd9e4bed64820e885f66e78a4e\n>start {\"formatid\":\"gen7randombattle\",\"seed\":\"sodium,82b840cd954c35ae9a13bae56dee9117\",\"rated\":\"Rated battle\"}\n>player p1 {\"name\":\"dylaan13\",\"avatar\":\"lusamine-nihilego\",\"rating\":1661,\"seed\":\"sodium,c89109b871b733a0bc405ad01fad12e1\"}\n>player p2 {\"name\":\"may/gen3\",\"avatar\":\"may\",\"rating\":1839,\"seed\":\"sodium,c2ca3fb2dc918473adf3a52262801892\"}\n>p1 switch 2\n>p2 move toxic\n>p1 move ironhead\n>p2 move superfang\n>p1 move spikyshield\n>p2 switch 5\n>p1 move nuzzle\n>p2 move stickyweb\n>p1 switch 3\n>p2 switch 3\n>p1 move stickyweb\n>p2 move return\n>p1 switch 3\n>p2 move return\n>p1 move spikyshield\n>p2 move return\n>p1 move spikyshield\n>p2 move return\n>p1 switch 3\n>p2 move return\n>p1 switch 4\n>p1 move darkpulse\n>p2 switch 6\n>p1 move darkpulse\n>p2 move recover\n>p1 move darkpulse\n>p2 move toxic\n>p1 move darkpulse\n>p2 switch 5\n>p1 move darkpulse\n>p2 move uturn\n>p2 switch 4\n>p1 switch 3\n>p2 move liquidation\n>p1 switch 5\n>p1 move retaliate\n>p2 move liquidation\n>p2 switch 2\n>p1 switch 6\n>p2 move swordsdance mega\n>p1 move scald\n>p2 move protect\n>p1 move scald\n>p2 move highjumpkick\n>p1 switch 2\n>p1 move moonblast\n>p2 move swordsdance\n>p1 switch 3\n>p2 move flareblitz\n>p1 switch 3\n>p1 move moonblast\n>p2 move flareblitz\n>p1 switch 6\n>p2 switch 5\n>p1 move gigaimpact\n>p2 move banefulbunker\n>forcelose p1", "uploadtime": 1770162139, "views": 149, "formatid": "gen7randombattle", "rating": 1650, "private": 0, "password": null}