{"id": "gen7randombattle-2531368798", "format": "[Gen 7] Random Battle", "players": ["Sahil_gamer1", "2 Easy Scrub"], "log": "|j|☆Sahil_gamer1\n|j|☆2 Easy Scrub\n|t:|1770050951\n|gametype|singles\n|player|p1|Sahil_gamer1|n|1530\n|player|p2|2 Easy Scrub|ltsurge|1490\n|gen|7\n|tier|[Gen 7] Random Battle\n|rated|\n|rule|Sleep Clause Mod: Limit one foe put to sleep\n|rule|HP Percentage Mod: HP is shown in percentages\n|rule|Illusion Level Mod: Illusion disguises the Pokémon's true level\n|\n|t:|1770050951\n|teamsize|p1|6\n|teamsize|p2|6\n|start\n|switch|p1a: Dialga|Dialga, L74|270/270\n|switch|p2a: Tyranitar|Tyranitar, L76, F|277/277\n|-ability|p1a: Dialga|Pressure\n|-weather|Sandstorm|[from] ability: Sand Stream|[of] p2a: Tyranitar\n|turn|1\n|inactive|Battle timer is ON: inactive players will automatically lose when time's up. (requested by 2 Easy Scrub)\n|inactive|Sahil_gamer1 also wants the timer to be on.\n|\n|t:|1770050984\n|switch|p2a: Kricketune|Kricketune, L97, M|306/306\n|move|p1a: Dialga|Flash Cannon|p2a: Kricketune\n|-damage|p2a: Kricketune|119/306\n|\n|-weather|Sandstorm|[upkeep]\n|-damage|p2a: Kricketune|100/306|[from] Sandstorm\n|-heal|p2a: Kricketune|119/306|[from] item: Leftovers\n|upkeep\n|turn|2\n|\n|t:|1770050991\n|move|p2a: Kricketune|Sticky Web|p1a: Dialga\n|-sidestart|p1: Sahil_gamer1|move: Sticky Web\n|move|p1a: Dialga|Flash Cannon|p2a: Kricketune\n|-damage|p2a: Kricketune|0 fnt\n|faint|p2a: Kricketune\n|\n|-weather|Sandstorm|[upkeep]\n|upkeep\n|\n|t:|1770050999\n|switch|p2a: Hitmonlee|Hitmonlee, L86, M|226/226\n|turn|3\n|\n|t:|1770051007\n|switch|p1a: Ninjask|Ninjask, L88, M|251/251\n|move|p2a: Hitmonlee|Close Combat|p1a: Ninjask\n|-resisted|p1a: Ninjask\n|-damage|p1a: Ninjask|192/251\n|-unboost|p2a: Hitmonlee|def|1\n|-unboost|p2a: Hitmonlee|spd|1\n|-enditem|p2a: Hitmonlee|White Herb\n|-clearnegativeboost|p2a: Hitmonlee|[silent]\n|\n|-weather|Sandstorm|[upkeep]\n|-damage|p2a: Hitmonlee|212/226|[from] Sandstorm\n|-damage|p1a: Ninjask|177/251|[from] Sandstorm\n|upkeep\n|turn|4\n|\n|t:|1770051032\n|switch|p2a: Silvally|Silvally-Flying, L87|307/307\n|move|p1a: Ninjask|Aerial Ace|p2a: Silvally\n|-crit|p2a: Silvally\n|-damage|p2a: Silvally|163/307\n|\n|-weather|Sandstorm|[upkeep]\n|-damage|p1a: Ninjask|162/251|[from] Sandstorm\n|-damage|p2a: Silvally|144/307|[from] Sandstorm\n|upkeep\n|turn|5\n|\n|t:|1770051051\n|switch|p1a: Kecleon|Kecleon, L90, F|254/254\n|-activate|p1a: Kecleon|move: Sticky Web\n|-unboost|p1a: Kecleon|spe|1\n|move|p2a: Silvally|U-turn|p1a: Kecleon\n|-damage|p1a: Kecleon|193/254\n|\n|t:|1770051066\n|switch|p2a: Hitmonlee|Hitmonlee, L86, M|212/226|[from] U-turn\n|\n|-weather|none\n|upkeep\n|turn|6\n|\n|t:|1770051078\n|move|p1a: Kecleon|Shadow Sneak|p2a: Hitmonlee\n|-start|p1a: Kecleon|typechange|Ghost|[from] ability: Protean\n|-damage|p2a: Hitmonlee|121/226\n|-damage|p1a: Kecleon|168/254|[from] item: Life Orb\n|move|p2a: Hitmonlee|Close Combat|p1a: Kecleon\n|-immune|p1a: Kecleon\n|\n|upkeep\n|turn|7\n|\n|t:|1770051103\n|move|p1a: Kecleon|Shadow Sneak|p2a: Hitmonlee\n|-damage|p2a: Hitmonlee|39/226\n|-damage|p1a: Kecleon|143/254|[from] item: Life Orb\n|move|p2a: Hitmonlee|Curse|p2a: Hitmonlee\n|-unboost|p2a: Hitmonlee|spe|1\n|-boost|p2a: Hitmonlee|atk|1\n|-boost|p2a: Hitmonlee|def|1\n|\n|upkeep\n|turn|8\n|\n|t:|1770051111\n|switch|p2a: Tyranitar|Tyranitar, L76, F|277/277\n|-weather|Sandstorm|[from] ability: Sand Stream|[of] p2a: Tyranitar\n|move|p1a: Kecleon|Shadow Sneak|p2a: Tyranitar\n|-resisted|p2a: Tyranitar\n|-damage|p2a: Tyranitar|247/277\n|-damage|p1a: Kecleon|118/254|[from] item: Life Orb\n|\n|-weather|Sandstorm|[upkeep]\n|-damage|p1a: Kecleon|103/254|[from] Sandstorm\n|upkeep\n|turn|9\n|\n|t:|1770051118\n|move|p2a: Tyranitar|Crunch|p1a: Kecleon\n|-supereffective|p1a: Kecleon\n|-damage|p1a: Kecleon|0 fnt\n|faint|p1a: Kecleon\n|\n|-weather|Sandstorm|[upkeep]\n|upkeep\n|\n|t:|1770051122\n|switch|p1a: Dialga|Dialga, L74|270/270\n|-activate|p1a: Dialga|move: Sticky Web\n|-unboost|p1a: Dialga|spe|1\n|-ability|p1a: Dialga|Pressure\n|turn|10\n|\n|t:|1770051134\n|switch|p2a: Silvally|Silvally-Flying, L87|144/307\n|move|p1a: Dialga|Flash Cannon|p2a: Silvally\n|-crit|p2a: Silvally\n|-damage|p2a: Silvally|0 fnt\n|faint|p2a: Silvally\n|\n|-weather|Sandstorm|[upkeep]\n|upkeep\n|\n|t:|1770051136\n|switch|p2a: Hitmonlee|Hitmonlee, L86, M|39/226\n|turn|11\n|\n|t:|1770051143\n|switch|p1a: Ninjask|Ninjask, L88, M|162/251\n|move|p2a: Hitmonlee|Close Combat|p1a: Ninjask\n|-resisted|p1a: Ninjask\n|-damage|p1a: Ninjask|102/251\n|-unboost|p2a: Hitmonlee|def|1\n|-unboost|p2a: Hitmonlee|spd|1\n|\n|-weather|Sandstorm|[upkeep]\n|-damage|p1a: Ninjask|87/251|[from] Sandstorm\n|-damage|p2a: Hitmonlee|25/226|[from] Sandstorm\n|upkeep\n|turn|12\n|\n|t:|1770051151\n|switch|p2a: Rotom|Rotom-Frost, L86|226/226\n|move|p1a: Ninjask|Aerial Ace|p2a: Rotom\n|-resisted|p2a: Rotom\n|-damage|p2a: Rotom|182/226\n|\n|-weather|none\n|upkeep\n|turn|13\n|\n|t:|1770051159\n|switch|p1a: Dialga|Dialga, L74|270/270\n|-activate|p1a: Dialga|move: Sticky Web\n|-unboost|p1a: Dialga|spe|1\n|-ability|p1a: Dialga|Pressure\n|-zpower|p2a: Rotom\n|move|p2a: Rotom|Subzero Slammer|p1a: Dialga|[zeffect]\n|-crit|p1a: Dialga\n|-damage|p1a: Dialga|0 fnt\n|faint|p1a: Dialga\n|\n|upkeep\n|\n|t:|1770051182\n|switch|p1a: Ninjask|Ninjask, L88, M|87/251\n|turn|14\n|\n|t:|1770051195\n|move|p1a: Ninjask|Night Slash|p2a: Rotom\n|-damage|p2a: Rotom|116/226\n|move|p2a: Rotom|Thunderbolt|p1a: Ninjask\n|-supereffective|p1a: Ninjask\n|-damage|p1a: Ninjask|0 fnt\n|faint|p1a: Ninjask\n|\n|upkeep\n|\n|t:|1770051201\n|switch|p1a: Victreebel|Victreebel, L90, F|290/290\n|-activate|p1a: Victreebel|move: Sticky Web\n|-unboost|p1a: Victreebel|spe|1\n|turn|15\n|c|☆Sahil_gamer1|!dt chlorophyll\n|c|☆Sahil_gamer1|/raw <ul class=\"utilichart\"><li class=\"result\"><span class=\"col namecol\"><a href=\"https://dex.pokemonshowdown.com/abilities/chlorophyll\">Chlorophyll</a></span> <span class=\"col abilitydesccol\">If Sunny Day is active, this Pokemon's Speed is doubled.</span> </li><li style=\"clear:both\"></li></ul>\n|c|☆Sahil_gamer1|/raw <font size=\"1\"><font color=\"#686868\">Gen:</font> 3</font>\n\n|inactive|Sahil_gamer1 has 120 seconds left.\n|\n|t:|1770051231\n|move|p2a: Rotom|Blizzard|p1a: Victreebel\n|-supereffective|p1a: Victreebel\n|-damage|p1a: Victreebel|0 fnt\n|faint|p1a: Victreebel\n|\n|upkeep\n|\n|t:|1770051234\n|switch|p1a: Rhydon|Rhydon, L85, M|317/317\n|-activate|p1a: Rhydon|move: Sticky Web\n|-unboost|p1a: Rhydon|spe|1\n|turn|16\n|\n|t:|1770051242\n|move|p2a: Rotom|Will-O-Wisp|p1a: Rhydon\n|-status|p1a: Rhydon|brn\n|move|p1a: Rhydon|Earthquake|p2a: Rotom\n|-immune|p2a: Rotom|[from] ability: Levitate\n|\n|-damage|p1a: Rhydon|298/317 brn|[from] brn\n|upkeep\n|turn|17\n|-message|Sahil_gamer1 forfeited.\n|\n|win|2 Easy Scrub\n|raw|Sahil_gamer1's rating: 1530 &rarr; <strong>1508</strong><br />(-22 for losing)\n|raw|2 Easy Scrub's rating: 1490 &rarr; <strong>1512</strong><br />(+22 for winning)\n|l|☆Sahil_gamer1\n|player|p1|\n", "inputlog": ">version ccdc32dd7cde25fd9e4bed64820e885f66e78a4e\n>start {\"formatid\":\"gen7randombattle\",\"seed\":\"sodium,918dbaf80afa13367baa2bcd6b53a22a\",\"rated\":\"Rated battle\"}\n>player p1 {\"name\":\"Sahil_gamer1\",\"avatar\":\"n\",\"rating\":1530,\"seed\":\"sodium,df830ed0aa3096350a36a6e6ad4f3fdb\"}\n>player p2 {\"name\":\"2 Easy Scrub\",\"avatar\":\"ltsurge\",\"rating\":1490,\"seed\":\"sodium,cd73a3e6f2b7b5ec19d116cc56cededa\"}\n>p1 move flashcannon\n>p2 switch 4\n>p1 move flashcannon\n>p2 move stickyweb\n>p2 switch 2\n>p1 switch 3\n>p2 move closecombat\n>p1 move aerialace\n>p2 switch 6\n>p1 switch 5\n>p2 move uturn\n>p2 switch 6\n>p1 move shadowsneak\n>p2 move closecombat\n>p1 move shadowsneak\n>p2 move curse\n>p1 move shadowsneak\n>p2 switch 4\n>p1 move drainpunch\n>p2 move crunch\n>p1 switch 3\n>p1 move flashcannon\n>p2 switch 6\n>p2 switch 4\n>p1 switch 5\n>p2 move closecombat\n>p1 move aerialace\n>p2 switch 3\n>p1 switch 5\n>p2 move blizzard zmove\n>p1 switch 5\n>p1 move nightslash\n>p2 move thunderbolt\n>p1 switch 2\n>chat ☆Sahil_gamer1|!dt chlorophyll \n>p1 move sunnyday\n>p2 move blizzard\n>p1 switch 6\n>p1 move earthquake\n>p2 move willowisp\n>forcelose p1", "uploadtime": 1770051250, "views": 159, "formatid": "gen7randombattle", "rating": 1508, "private": 0, "password": null}