{"id": "gen7randombattle-2527604741", "format": "[Gen 7] Random Battle", "players": ["Sniffles", "Santino696969"], "log": "|j|☆Sniffles\n|j|☆Santino696969\n|t:|1769554063\n|gametype|singles\n|player|p1|Sniffles|guzma|1555\n|player|p2|Santino696969|ash-kalos|1527\n|gen|7\n|tier|[Gen 7] Random Battle\n|rated|\n|rule|Sleep Clause Mod: Limit one foe put to sleep\n|rule|HP Percentage Mod: HP is shown in percentages\n|rule|Illusion Level Mod: Illusion disguises the Pokémon's true level\n|\n|t:|1769554063\n|teamsize|p1|6\n|teamsize|p2|6\n|start\n|switch|p1a: Liepard|Liepard, L91, F|264/264\n|switch|p2a: Meloetta|Meloetta, L81|295/295\n|turn|1\n|inactive|Battle timer is ON: inactive players will automatically lose when time's up. (requested by Santino696969)\n|\n|t:|1769554078\n|switch|p2a: Mr. Mime|Mr. Mime, L90, M|218/218\n|move|p1a: Liepard|Substitute|p1a: Liepard\n|-start|p1a: Liepard|Substitute\n|-damage|p1a: Liepard|198/264\n|\n|-heal|p1a: Liepard|214/264|[from] item: Leftovers\n|upkeep\n|turn|2\n|\n|t:|1769554086\n|move|p1a: Liepard|Knock Off|p2a: Mr. Mime\n|-damage|p2a: Mr. Mime|86/218\n|-enditem|p2a: Mr. Mime|Life Orb|[from] move: Knock Off|[of] p1a: Liepard\n|move|p2a: Mr. Mime|Dazzling Gleam|p1a: Liepard\n|-supereffective|p1a: Liepard\n|-crit|p1a: Liepard\n|-end|p1a: Liepard|Substitute\n|\n|-heal|p1a: Liepard|230/264|[from] item: Leftovers\n|upkeep\n|turn|3\n|\n|t:|1769554092\n|switch|p1a: Forretress|Forretress, L81, F|254/254\n|move|p2a: Mr. Mime|Dazzling Gleam|p1a: Forretress\n|-resisted|p1a: Forretress\n|-damage|p1a: Forretress|180/254\n|\n|-heal|p1a: Forretress|195/254|[from] item: Leftovers\n|upkeep\n|turn|4\n|\n|t:|1769554098\n|move|p2a: Mr. Mime|Nasty Plot|p2a: Mr. Mime\n|-boost|p2a: Mr. Mime|spa|2\n|move|p1a: Forretress|Stealth Rock|p2a: Mr. Mime\n|-sidestart|p2: Santino696969|move: Stealth Rock\n|\n|-heal|p1a: Forretress|210/254|[from] item: Leftovers\n|upkeep\n|turn|5\n|\n|t:|1769554101\n|move|p2a: Mr. Mime|Shadow Ball|p1a: Forretress\n|-damage|p1a: Forretress|39/254\n|move|p1a: Forretress|Gyro Ball|p2a: Mr. Mime\n|-supereffective|p2a: Mr. Mime\n|-damage|p2a: Mr. Mime|0 fnt\n|faint|p2a: Mr. Mime\n|\n|-heal|p1a: Forretress|54/254|[from] item: Leftovers\n|upkeep\n|\n|t:|1769554105\n|switch|p2a: Meloetta|Meloetta, L81|295/295\n|-damage|p2a: Meloetta|259/295|[from] Stealth Rock\n|turn|6\n|\n|t:|1769554110\n|-zpower|p2a: Meloetta\n|move|p2a: Meloetta|Z-Celebrate|p2a: Meloetta|[anim]Celebrate\n|-boost|p2a: Meloetta|atk|1|[zeffect]\n|-boost|p2a: Meloetta|def|1|[zeffect]\n|-boost|p2a: Meloetta|spa|1|[zeffect]\n|-boost|p2a: Meloetta|spd|1|[zeffect]\n|-boost|p2a: Meloetta|spe|1|[zeffect]\n|-activate|p2a: Meloetta|move: Celebrate\n|move|p1a: Forretress|Volt Switch|p2a: Meloetta\n|-damage|p2a: Meloetta|242/295\n|\n|t:|1769554123\n|switch|p1a: Trevenant|Trevenant, L91, F|303/303|[from] Volt Switch\n|\n|upkeep\n|turn|7\n|\n|t:|1769554127\n|move|p2a: Meloetta|Psyshock|p1a: Trevenant\n|-damage|p1a: Trevenant|152/303\n|move|p1a: Trevenant|Toxic|p2a: Meloetta\n|-status|p2a: Meloetta|tox\n|\n|-damage|p2a: Meloetta|224/295 tox|[from] psn\n|upkeep\n|turn|8\n|\n|t:|1769554139\n|move|p1a: Trevenant|Protect|p1a: Trevenant\n|-singleturn|p1a: Trevenant|Protect\n|move|p2a: Meloetta|Psyshock|p1a: Trevenant\n|-activate|p1a: Trevenant|move: Protect\n|\n|-damage|p2a: Meloetta|188/295 tox|[from] psn\n|upkeep\n|turn|9\n|\n|t:|1769554143\n|move|p2a: Meloetta|Psyshock|p1a: Trevenant\n|-damage|p1a: Trevenant|0 fnt\n|faint|p1a: Trevenant\n|\n|-damage|p2a: Meloetta|134/295 tox|[from] psn\n|upkeep\n|\n|t:|1769554162\n|switch|p1a: Electrode|Electrode, L89|252/252\n|turn|10\n|\n|t:|1769554166\n|move|p1a: Electrode|Volt Switch|p2a: Meloetta\n|-damage|p2a: Meloetta|83/295 tox\n|-damage|p1a: Electrode|227/252|[from] item: Life Orb\n|\n|t:|1769554170\n|switch|p1a: Forretress|Forretress, L81, F|54/254|[from] Volt Switch\n|move|p2a: Meloetta|Hyper Voice|p1a: Forretress\n|-resisted|p1a: Forretress\n|-damage|p1a: Forretress|0 fnt\n|faint|p1a: Forretress\n|\n|-damage|p2a: Meloetta|11/295 tox|[from] psn\n|upkeep\n|\n|t:|1769554175\n|switch|p1a: Electrode|Electrode, L89|227/252\n|turn|11\n|\n|t:|1769554179\n|move|p1a: Electrode|Thunderbolt|p2a: Meloetta\n|-damage|p2a: Meloetta|0 fnt\n|faint|p2a: Meloetta\n|-damage|p1a: Electrode|202/252|[from] item: Life Orb\n|\n|upkeep\n|\n|t:|1769554181\n|switch|p2a: Trevenant|Trevenant, L91, F|303/303\n|-damage|p2a: Trevenant|266/303|[from] Stealth Rock\n|turn|12\n|\n|t:|1769554186\n|move|p1a: Electrode|Taunt|p2a: Trevenant\n|-start|p2a: Trevenant|move: Taunt\n|move|p2a: Trevenant|Horn Leech|p1a: Electrode\n|-damage|p1a: Electrode|50/252\n|-heal|p2a: Trevenant|303/303|[from] drain|[of] p1a: Electrode\n|-damage|p2a: Trevenant|273/303|[from] item: Life Orb\n|\n|upkeep\n|turn|13\n|\n|t:|1769554189\n|move|p1a: Electrode|Volt Switch|p2a: Trevenant\n|-resisted|p2a: Trevenant\n|-damage|p2a: Trevenant|225/303\n|-damage|p1a: Electrode|25/252|[from] item: Life Orb\n|\n|t:|1769554205\n|switch|p1a: Castform|Castform, L99, M|299/299|[from] Volt Switch\n|move|p2a: Trevenant|Horn Leech|p1a: Castform\n|-damage|p1a: Castform|165/299\n|-heal|p2a: Trevenant|292/303|[from] drain|[of] p1a: Castform\n|-damage|p2a: Trevenant|262/303|[from] item: Life Orb\n|\n|-heal|p1a: Castform|183/299|[from] item: Leftovers\n|upkeep\n|turn|14\n|\n|t:|1769554209\n|move|p1a: Castform|Thunder Wave|p2a: Trevenant\n|-status|p2a: Trevenant|par\n|cant|p2a: Trevenant|par\n|\n|-heal|p1a: Castform|201/299|[from] item: Leftovers\n|-end|p2a: Trevenant|move: Taunt\n|upkeep\n|turn|15\n|\n|t:|1769554213\n|move|p1a: Castform|Fire Blast|p2a: Trevenant|[miss]\n|-miss|p1a: Castform|p2a: Trevenant\n|move|p2a: Trevenant|Horn Leech|p1a: Castform\n|-damage|p1a: Castform|61/299\n|-heal|p2a: Trevenant|303/303 par|[from] drain|[of] p1a: Castform\n|-damage|p2a: Trevenant|273/303 par|[from] item: Life Orb\n|\n|-heal|p1a: Castform|79/299|[from] item: Leftovers\n|upkeep\n|turn|16\n|\n|t:|1769554218\n|move|p1a: Castform|Fire Blast|p2a: Trevenant\n|-supereffective|p2a: Trevenant\n|-damage|p2a: Trevenant|105/303 par\n|move|p2a: Trevenant|Horn Leech|p1a: Castform\n|-damage|p1a: Castform|0 fnt\n|-heal|p2a: Trevenant|145/303 par|[from] drain|[of] p1a: Castform\n|faint|p1a: Castform\n|-damage|p2a: Trevenant|115/303 par|[from] item: Life Orb\n|\n|upkeep\n|\n|t:|1769554224\n|switch|p1a: Liepard|Liepard, L91, F|230/264\n|turn|17\n|\n|t:|1769554234\n|move|p1a: Liepard|Substitute|p1a: Liepard\n|-start|p1a: Liepard|Substitute\n|-damage|p1a: Liepard|164/264\n|move|p2a: Trevenant|Horn Leech|p1a: Liepard\n|-end|p1a: Liepard|Substitute\n|-heal|p2a: Trevenant|148/303 par|[from] drain|[of] p1a: Liepard\n|-damage|p2a: Trevenant|118/303 par|[from] item: Life Orb\n|\n|-heal|p1a: Liepard|180/264|[from] item: Leftovers\n|upkeep\n|turn|18\n|\n|t:|1769554237\n|-curestatus|p2a: Trevenant|par|[from] ability: Natural Cure\n|switch|p2a: Sylveon|Sylveon, L85, F|300/300\n|-damage|p2a: Sylveon|263/300|[from] Stealth Rock\n|move|p1a: Liepard|Knock Off|p2a: Sylveon\n|-resisted|p2a: Sylveon\n|-damage|p2a: Sylveon|194/300\n|-enditem|p2a: Sylveon|Leftovers|[from] move: Knock Off|[of] p1a: Liepard\n|\n|-heal|p1a: Liepard|196/264|[from] item: Leftovers\n|upkeep\n|turn|19\n|\n|t:|1769554246\n|move|p1a: Liepard|Thunder Wave|p2a: Sylveon\n|-status|p2a: Sylveon|par\n|move|p2a: Sylveon|Hyper Voice|p1a: Liepard\n|-supereffective|p1a: Liepard\n|-damage|p1a: Liepard|0 fnt\n|faint|p1a: Liepard\n|\n|upkeep\n|\n|t:|1769554249\n|switch|p1a: Electrode|Electrode, L89|25/252\n|turn|20\n|\n|t:|1769554254\n|move|p1a: Electrode|Thunderbolt|p2a: Sylveon\n|-damage|p2a: Sylveon|107/300 par\n|-damage|p1a: Electrode|0 fnt|[from] item: Life Orb\n|faint|p1a: Electrode\n|move|p2a: Sylveon|Wish|p2a: Sylveon\n|\n|upkeep\n|\n|t:|1769554259\n|switch|p1a: Rayquaza|Rayquaza, L66|248/248\n|-ability|p1a: Rayquaza|Air Lock\n|turn|21\n|\n|t:|1769554268\n|detailschange|p1a: Rayquaza|Rayquaza-Mega, L66\n|-mega|p1a: Rayquaza|Rayquaza|\n|-weather|DeltaStream|[from] ability: Delta Stream|[of] p1a: Rayquaza\n|move|p1a: Rayquaza|Dragon Dance|p1a: Rayquaza\n|-boost|p1a: Rayquaza|atk|1\n|-boost|p1a: Rayquaza|spe|1\n|move|p2a: Sylveon|Hyper Voice|p1a: Rayquaza\n|-supereffective|p1a: Rayquaza\n|-damage|p1a: Rayquaza|0 fnt\n|faint|p1a: Rayquaza\n|-weather|none\n|detailschange|p1: Rayquaza|Rayquaza, L66|[silent]\n|\n|win|Santino696969\n|raw|Sniffles's rating: 1555 &rarr; <strong>1533</strong><br />(-22 for losing)\n|raw|Santino696969's rating: 1527 &rarr; <strong>1549</strong><br />(+22 for winning)\n|l|☆Sniffles\n|player|p1|\n", "inputlog": ">version b99ff0165a6231f17e8b78c2a78d1998375de664\n>start {\"formatid\":\"gen7randombattle\",\"seed\":\"sodium,d0ee5d828e02ed7ee44e3f5f9d5b8f9f\",\"rated\":\"Rated battle\"}\n>player p1 {\"name\":\"Sniffles\",\"avatar\":\"guzma\",\"rating\":1555,\"seed\":\"sodium,ce0eff9509d83e17eca55553b8bc3db7\"}\n>player p2 {\"name\":\"Santino696969\",\"avatar\":\"ash-kalos\",\"rating\":1527,\"seed\":\"sodium,497ad9a0ded7c0e8474a989952ab4a3b\"}\n>p1 move substitute\n>p2 switch 6\n>p1 move knockoff\n>p2 move dazzlinggleam\n>p1 switch 4\n>p2 move dazzlinggleam\n>p1 move stealthrock\n>p2 move nastyplot\n>p1 move gyroball\n>p2 move shadowball\n>p2 switch 6\n>p1 move voltswitch\n>p2 move celebrate zmove\n>p1 switch 6\n>p1 move toxic\n>p2 move psyshock\n>p1 move protect\n>p2 move psyshock\n>p1 move hornleech\n>p2 move psyshock\n>p1 switch 5\n>p1 move voltswitch\n>p2 move hypervoice\n>p1 switch 6\n>p1 switch 6\n>p1 move thunderbolt\n>p2 move hypervoice\n>p2 switch 4\n>p1 move taunt\n>p2 move hornleech\n>p1 move voltswitch\n>p2 move hornleech\n>p1 switch 3\n>p1 move thunderwave\n>p2 move hornleech\n>p1 move fireblast\n>p2 move hornleech\n>p1 move fireblast\n>p2 move hornleech\n>p1 switch 4\n>p1 move substitute\n>p2 move hornleech\n>p1 move knockoff\n>p2 switch 2\n>p1 move thunderwave\n>p2 move hypervoice\n>p1 switch 3\n>p1 move thunderbolt\n>p2 move wish\n>p1 switch 2\n>p1 move dragondance mega\n>p2 move hypervoice", "uploadtime": 1769554275, "views": 191, "formatid": "gen7randombattle", "rating": 1533, "private": 0, "password": null}