{"id": "gen7randombattle-2534079450", "format": "[Gen 7] Random Battle", "players": ["mapotofusauce", "bin2409"], "log": "|j|☆mapotofusauce\n|j|☆bin2409\n|t:|1770385320\n|gametype|singles\n|player|p1|mapotofusauce|fantina|1667\n|player|p2|bin2409|lucas|1908\n|gen|7\n|tier|[Gen 7] Random Battle\n|rated|\n|rule|Sleep Clause Mod: Limit one foe put to sleep\n|rule|HP Percentage Mod: HP is shown in percentages\n|rule|Illusion Level Mod: Illusion disguises the Pokémon's true level\n|\n|t:|1770385320\n|teamsize|p1|6\n|teamsize|p2|6\n|start\n|switch|p1a: Mightyena|Mightyena, L94, F|284/284\n|switch|p2a: Heatran|Heatran, L80, M|277/277\n|-ability|p1a: Mightyena|Intimidate|boost\n|-unboost|p2a: Heatran|atk|1\n|turn|1\n|inactive|Battle timer is ON: inactive players will automatically lose when time's up. (requested by mapotofusauce)\n|\n|t:|1770385340\n|switch|p1a: Miltank|Miltank, L85, F|300/300\n|move|p2a: Heatran|Magma Storm|p1a: Miltank|[miss]\n|-miss|p2a: Heatran|p1a: Miltank\n|\n|upkeep\n|turn|2\n|\n|t:|1770385350\n|switch|p2a: Lumineon|Lumineon, L93, F|279/279\n|move|p1a: Miltank|Earthquake|p2a: Lumineon\n|-damage|p2a: Lumineon|214/279\n|\n|-heal|p2a: Lumineon|231/279|[from] item: Leftovers\n|upkeep\n|turn|3\n|\n|t:|1770385368\n|switch|p1a: Tentacruel|Tentacruel, L83, M|268/268\n|move|p2a: Lumineon|Scald|p1a: Tentacruel\n|-resisted|p1a: Tentacruel\n|-damage|p1a: Tentacruel|247/268\n|\n|-heal|p2a: Lumineon|248/279|[from] item: Leftovers\n|upkeep\n|turn|4\n|\n|t:|1770385383\n|switch|p2a: Mantine|Mantine, L87, F|290/290\n|move|p1a: Tentacruel|Knock Off|p2a: Mantine\n|-damage|p2a: Mantine|228/290\n|-enditem|p2a: Mantine|Leftovers|[from] move: Knock Off|[of] p1a: Tentacruel\n|\n|upkeep\n|turn|5\n|\n|t:|1770385392\n|move|p1a: Tentacruel|Sludge Bomb|p2a: Mantine\n|-crit|p2a: Mantine\n|-damage|p2a: Mantine|143/290\n|-status|p2a: Mantine|psn\n|move|p2a: Mantine|Scald|p1a: Tentacruel\n|-resisted|p1a: Tentacruel\n|-damage|p1a: Tentacruel|226/268\n|\n|-damage|p2a: Mantine|107/290 psn|[from] psn\n|upkeep\n|turn|6\n|\n|t:|1770385405\n|move|p1a: Tentacruel|Sludge Bomb|p2a: Mantine\n|-damage|p2a: Mantine|56/290 psn\n|move|p2a: Mantine|Roost|p2a: Mantine\n|-heal|p2a: Mantine|201/290 psn\n|-singleturn|p2a: Mantine|move: Roost\n|\n|-damage|p2a: Mantine|165/290 psn|[from] psn\n|upkeep\n|turn|7\n|inactive|mapotofusauce has 120 seconds left.\n|\n|t:|1770385436\n|switch|p1a: Mightyena|Mightyena, L94, F|284/284\n|-ability|p1a: Mightyena|Intimidate|boost\n|-unboost|p2a: Mantine|atk|1\n|move|p2a: Mantine|Roost|p2a: Mantine\n|-heal|p2a: Mantine|290/290 psn\n|-singleturn|p2a: Mantine|move: Roost\n|\n|-damage|p2a: Mantine|254/290 psn|[from] psn\n|upkeep\n|turn|8\n|inactive|mapotofusauce has 120 seconds left.\n|\n|t:|1770385447\n|move|p1a: Mightyena|Crunch|p2a: Mantine\n|-damage|p2a: Mantine|102/290 psn\n|-unboost|p2a: Mantine|def|1\n|-damage|p1a: Mightyena|256/284|[from] item: Life Orb\n|move|p2a: Mantine|Scald|p1a: Mightyena\n|-crit|p1a: Mightyena\n|-damage|p1a: Mightyena|127/284\n|\n|-damage|p2a: Mantine|66/290 psn|[from] psn\n|upkeep\n|turn|9\n|\n|t:|1770385469\n|switch|p2a: Torterra|Torterra, L88, M|310/310\n|move|p1a: Mightyena|Crunch|p2a: Torterra\n|-damage|p2a: Torterra|193/310\n|-damage|p1a: Mightyena|99/284|[from] item: Life Orb\n|\n|-heal|p2a: Torterra|212/310|[from] item: Leftovers\n|upkeep\n|turn|10\n|inactive|mapotofusauce has 120 seconds left.\n|\n|t:|1770385493\n|switch|p1a: Cofagrigus|Cofagrigus, L89, F|248/248\n|move|p2a: Torterra|Earthquake|p1a: Cofagrigus\n|-damage|p1a: Cofagrigus|169/248\n|\n|-heal|p2a: Torterra|231/310|[from] item: Leftovers\n|-heal|p1a: Cofagrigus|184/248|[from] item: Leftovers\n|upkeep\n|turn|11\n|inactive|mapotofusauce has 120 seconds left.\n|\n|t:|1770385510\n|switch|p2a: Heatran|Heatran, L80, M|277/277\n|move|p1a: Cofagrigus|Trick Room|p1a: Cofagrigus\n|-fieldstart|move: Trick Room|[of] p1a: Cofagrigus\n|\n|-heal|p1a: Cofagrigus|199/248|[from] item: Leftovers\n|upkeep\n|turn|12\n|\n|t:|1770385518\n|move|p1a: Cofagrigus|Nasty Plot|p1a: Cofagrigus\n|-boost|p1a: Cofagrigus|spa|2\n|move|p2a: Heatran|Magma Storm|p1a: Cofagrigus\n|-damage|p1a: Cofagrigus|93/248\n|-activate|p1a: Cofagrigus|move: Magma Storm|[of] p2a: Heatran\n|\n|-heal|p1a: Cofagrigus|108/248|[from] item: Leftovers\n|-damage|p1a: Cofagrigus|77/248|[from] move: Magma Storm|[partiallytrapped]\n|upkeep\n|turn|13\n|inactive|mapotofusauce has 120 seconds left.\n|\n|t:|1770385533\n|move|p1a: Cofagrigus|Hidden Power|p2a: Heatran\n|-supereffective|p2a: Heatran\n|-damage|p2a: Heatran|95/277\n|move|p2a: Heatran|Earth Power|p1a: Cofagrigus\n|-damage|p1a: Cofagrigus|17/248\n|\n|-heal|p1a: Cofagrigus|32/248|[from] item: Leftovers\n|-heal|p2a: Heatran|112/277|[from] item: Leftovers\n|-damage|p1a: Cofagrigus|1/248|[from] move: Magma Storm|[partiallytrapped]\n|upkeep\n|turn|14\n|inactive|mapotofusauce has 120 seconds left.\n|\n|t:|1770385550\n|move|p2a: Heatran|Protect|p2a: Heatran\n|-singleturn|p2a: Heatran|Protect\n|move|p1a: Cofagrigus|Hidden Power|p2a: Heatran\n|-activate|p2a: Heatran|move: Protect\n|\n|-heal|p1a: Cofagrigus|16/248|[from] item: Leftovers\n|-heal|p2a: Heatran|129/277|[from] item: Leftovers\n|-damage|p1a: Cofagrigus|0 fnt|[from] move: Magma Storm|[partiallytrapped]\n|faint|p1a: Cofagrigus\n|upkeep\n|\n|t:|1770385570\n|switch|p1a: Tentacruel|Tentacruel, L83, M|226/268\n|turn|15\n|\n|t:|1770385585\n|move|p2a: Heatran|Earth Power|p1a: Tentacruel\n|-supereffective|p1a: Tentacruel\n|-damage|p1a: Tentacruel|150/268\n|-unboost|p1a: Tentacruel|spd|1\n|move|p1a: Tentacruel|Sludge Bomb|p2a: Heatran\n|-immune|p2a: Heatran\n|\n|-heal|p2a: Heatran|146/277|[from] item: Leftovers\n|-fieldend|move: Trick Room\n|upkeep\n|turn|16\n|\n|t:|1770385604\n|move|p2a: Heatran|Protect|p2a: Heatran\n|-singleturn|p2a: Heatran|Protect\n|move|p1a: Tentacruel|Scald|p2a: Heatran\n|-activate|p2a: Heatran|move: Protect\n|\n|-heal|p2a: Heatran|163/277|[from] item: Leftovers\n|upkeep\n|turn|17\n|\n|t:|1770385611\n|move|p1a: Tentacruel|Scald|p2a: Heatran\n|-supereffective|p2a: Heatran\n|-damage|p2a: Heatran|29/277\n|move|p2a: Heatran|Earth Power|p1a: Tentacruel\n|-supereffective|p1a: Tentacruel\n|-damage|p1a: Tentacruel|20/268\n|-unboost|p1a: Tentacruel|spd|1\n|\n|-heal|p2a: Heatran|46/277|[from] item: Leftovers\n|upkeep\n|turn|18\n|\n|t:|1770385620\n|switch|p2a: Lumineon|Lumineon, L93, F|248/279\n|move|p1a: Tentacruel|Scald|p2a: Lumineon\n|-ability|p2a: Lumineon|Storm Drain|boost\n|-boost|p2a: Lumineon|spa|1\n|\n|-heal|p2a: Lumineon|265/279|[from] item: Leftovers\n|upkeep\n|turn|19\n|inactive|mapotofusauce has 120 seconds left.\n|\n|t:|1770385633\n|move|p2a: Lumineon|Scald|p1a: Tentacruel\n|-resisted|p1a: Tentacruel\n|-damage|p1a: Tentacruel|0 fnt\n|faint|p1a: Tentacruel\n|\n|-heal|p2a: Lumineon|279/279|[from] item: Leftovers\n|upkeep\n|\n|t:|1770385644\n|switch|p1a: Tauros|Tauros, L84, M|263/263\n|-ability|p1a: Tauros|Intimidate|boost\n|-unboost|p2a: Lumineon|atk|1\n|turn|20\n|\n|t:|1770385652\n|move|p1a: Tauros|Double-Edge|p2a: Lumineon\n|-damage|p2a: Lumineon|96/279\n|-damage|p1a: Tauros|203/263|[from] Recoil\n|move|p2a: Lumineon|Scald|p1a: Tauros\n|-damage|p1a: Tauros|52/263\n|-status|p1a: Tauros|brn\n|\n|-heal|p2a: Lumineon|113/279|[from] item: Leftovers\n|-damage|p1a: Tauros|36/263 brn|[from] brn\n|upkeep\n|turn|21\n|inactive|mapotofusauce has 120 seconds left.\n|\n|t:|1770385663\n|move|p1a: Tauros|Double-Edge|p2a: Lumineon\n|-damage|p2a: Lumineon|23/279\n|-damage|p1a: Tauros|6/263 brn|[from] Recoil\n|move|p2a: Lumineon|Scald|p1a: Tauros\n|-damage|p1a: Tauros|0 fnt\n|faint|p1a: Tauros\n|\n|-heal|p2a: Lumineon|40/279|[from] item: Leftovers\n|upkeep\n|inactive|mapotofusauce has 120 seconds left.\n|\n|t:|1770385677\n|switch|p1a: Miltank|Miltank, L85, F|300/300\n|turn|22\n|\n|t:|1770385687\n|move|p2a: Lumineon|Scald|p1a: Miltank\n|-damage|p1a: Miltank|170/300\n|move|p1a: Miltank|Body Slam|p2a: Lumineon\n|-damage|p2a: Lumineon|0 fnt\n|faint|p2a: Lumineon\n|\n|-heal|p1a: Miltank|188/300|[from] item: Leftovers\n|upkeep\n|\n|t:|1770385697\n|switch|p2a: Unown|Unown-D|258/258\n|turn|23\n|inactive|mapotofusauce has 120 seconds left.\n|\n|t:|1770385723\n|move|p1a: Miltank|Body Slam|p2a: Unown\n|-damage|p2a: Unown|156/258\n|-status|p2a: Unown|par\n|move|p2a: Unown|Hidden Power|p1a: Miltank\n|-supereffective|p1a: Miltank\n|-damage|p1a: Miltank|4/300\n|\n|-heal|p1a: Miltank|22/300|[from] item: Leftovers\n|upkeep\n|turn|24\n|inactive|mapotofusauce has 120 seconds left.\n|\n|t:|1770385734\n|switch|p1a: Rayquaza|Rayquaza, L66|248/248\n|-ability|p1a: Rayquaza|Air Lock\n|move|p2a: Unown|Hidden Power|p1a: Rayquaza\n|-resisted|p1a: Rayquaza\n|-damage|p1a: Rayquaza|206/248\n|\n|upkeep\n|turn|25\n|inactive|mapotofusauce has 120 seconds left.\n|\n|t:|1770385745\n|switch|p2a: Mantine|Mantine, L87, F|66/290 psn\n|detailschange|p1a: Rayquaza|Rayquaza-Mega, L66\n|-mega|p1a: Rayquaza|Rayquaza|\n|-weather|DeltaStream|[from] ability: Delta Stream|[of] p1a: Rayquaza\n|move|p1a: Rayquaza|Dragon Dance|p1a: Rayquaza\n|-boost|p1a: Rayquaza|atk|1\n|-boost|p1a: Rayquaza|spe|1\n|\n|-weather|DeltaStream|[upkeep]\n|-damage|p2a: Mantine|30/290 psn|[from] psn\n|upkeep\n|turn|26\n|inactive|mapotofusauce has 120 seconds left.\n|\n|t:|1770385760\n|move|p1a: Rayquaza|Extreme Speed|p2a: Mantine\n|-damage|p2a: Mantine|0 fnt\n|faint|p2a: Mantine\n|-damage|p1a: Rayquaza|182/248|[from] item: Life Orb\n|\n|-weather|DeltaStream|[upkeep]\n|upkeep\n|\n|t:|1770385767\n|switch|p2a: Meloetta|Meloetta, L81|295/295\n|turn|27\n|inactive|mapotofusauce has 120 seconds left.\n|\n|t:|1770385778\n|move|p1a: Rayquaza|Dragon Ascent|p2a: Meloetta\n|-damage|p2a: Meloetta|9/295\n|-unboost|p1a: Rayquaza|def|1\n|-unboost|p1a: Rayquaza|spd|1\n|-damage|p1a: Rayquaza|158/248|[from] item: Life Orb\n|-zpower|p2a: Meloetta\n|move|p2a: Meloetta|Breakneck Blitz|p1a: Rayquaza|[zeffect]\n|-damage|p1a: Rayquaza|0 fnt\n|faint|p1a: Rayquaza\n|-weather|none\n|detailschange|p1: Rayquaza|Rayquaza, L66|[silent]\n|\n|upkeep\n|inactive|mapotofusauce has 120 seconds left.\n|\n|t:|1770385796\n|switch|p1a: Miltank|Miltank, L85, F|22/300\n|turn|28\n|\n|t:|1770385800\n|move|p1a: Miltank|Milk Drink|p1a: Miltank\n|-heal|p1a: Miltank|172/300\n|move|p2a: Meloetta|Focus Blast|p1a: Miltank\n|-supereffective|p1a: Miltank\n|-damage|p1a: Miltank|0 fnt\n|faint|p1a: Miltank\n|\n|upkeep\n|inactive|mapotofusauce has 120 seconds left.\n|\n|t:|1770385810\n|switch|p1a: Mightyena|Mightyena, L94, F|99/284\n|-ability|p1a: Mightyena|Intimidate|boost\n|-unboost|p2a: Meloetta|atk|1\n|turn|29\n|inactive|mapotofusauce has 120 seconds left.\n|\n|t:|1770385823\n|move|p1a: Mightyena|Sucker Punch|p2a: Meloetta\n|-supereffective|p2a: Meloetta\n|-damage|p2a: Meloetta|0 fnt\n|faint|p2a: Meloetta\n|-damage|p1a: Mightyena|71/284|[from] item: Life Orb\n|\n|upkeep\n|\n|t:|1770385830\n|switch|p2a: Torterra|Torterra, L88, M|231/310\n|turn|30\n|\n|t:|1770385834\n|move|p1a: Mightyena|Crunch|p2a: Torterra\n|-damage|p2a: Torterra|126/310\n|-damage|p1a: Mightyena|43/284|[from] item: Life Orb\n|move|p2a: Torterra|Earthquake|p1a: Mightyena\n|-damage|p1a: Mightyena|0 fnt\n|faint|p1a: Mightyena\n|\n|win|bin2409\n|raw|mapotofusauce's rating: 1667 &rarr; <strong>1659</strong><br />(-8 for losing)\n|raw|bin2409's rating: 1908 &rarr; <strong>1916</strong><br />(+8 for winning)\n|c|☆bin2409|Gg\n", "inputlog": ">version ccdc32dd7cde25fd9e4bed64820e885f66e78a4e\n>start {\"formatid\":\"gen7randombattle\",\"seed\":\"sodium,6e46df9678d29c222f8a8367b0331a45\",\"rated\":\"Rated battle\"}\n>player p1 {\"name\":\"mapotofusauce\",\"avatar\":\"fantina\",\"rating\":1667,\"seed\":\"sodium,c6ee00b34612a567f7a0af5497f7cdca\"}\n>player p2 {\"name\":\"bin2409\",\"avatar\":\"lucas\",\"rating\":1908,\"seed\":\"sodium,2018b4aeecdadf5b1f5b00d250b12256\"}\n>p1 switch 6\n>p2 move magmastorm\n>p1 move earthquake\n>p2 switch 6\n>p1 switch 2\n>p2 move scald\n>p1 move knockoff\n>p2 switch 5\n>p1 move sludgebomb\n>p2 move scald\n>p1 move sludgebomb\n>p2 move roost\n>p1 switch 6\n>p2 move roost\n>p1 move crunch\n>p2 move scald\n>p1 move crunch\n>p2 switch 4\n>p1 switch 5\n>p2 move earthquake\n>p1 move trickroom\n>p2 switch 6\n>p1 move nastyplot\n>p2 move magmastorm\n>p1 move hiddenpower\n>p2 move earthpower\n>p1 move hiddenpower\n>p2 move protect\n>p1 switch 6\n>p1 move sludgebomb\n>p2 move earthpower\n>p1 move scald\n>p2 move protect\n>p1 move scald\n>p2 move earthpower\n>p1 move scald\n>p2 switch 5\n>p1 move sludgebomb\n>p2 move scald\n>p1 switch 3\n>p1 move doubleedge\n>p2 move scald\n>p1 move doubleedge\n>p2 move scald\n>p1 switch 2\n>p1 move bodyslam\n>p2 move scald\n>p2 switch 2\n>p1 move bodyslam\n>p2 move hiddenpower\n>p1 switch 4\n>p2 move hiddenpower\n>p1 move dragondance mega\n>p2 switch 4\n>p1 move extremespeed\n>p2 move haze\n>p2 switch 3\n>p1 move dragonascent\n>p2 move hypervoice zmove\n>p1 switch 4\n>p1 move milkdrink\n>p2 move focusblast\n>p1 switch 5\n>p1 move suckerpunch\n>p2 move hypervoice\n>p2 switch 6\n>p1 move crunch\n>p2 move earthquake", "uploadtime": 1770385885, "views": 220, "formatid": "gen7randombattle", "rating": 1659, "private": 0, "password": null}