{"id": "gen7randombattle-2524379416", "format": "[Gen 7] Random Battle", "players": ["Kurochan3", "stoody bool"], "log": "|j|☆Kurochan3\n|j|☆stoody bool\n|t:|1769138591\n|gametype|singles\n|player|p1|Kurochan3|cynthia-gen4|1599\n|player|p2|stoody bool|2|1616\n|gen|7\n|tier|[Gen 7] Random Battle\n|rated|\n|rule|Sleep Clause Mod: Limit one foe put to sleep\n|rule|HP Percentage Mod: HP is shown in percentages\n|rule|Illusion Level Mod: Illusion disguises the Pokémon's true level\n|\n|t:|1769138591\n|teamsize|p1|6\n|teamsize|p2|6\n|start\n|switch|p1a: Lumineon|Lumineon, L93, F|279/279\n|switch|p2a: Blissey|Blissey, L85, F|572/572\n|turn|1\n|inactive|Battle timer is ON: inactive players will automatically lose when time's up. (requested by Kurochan3)\n|\n|t:|1769138596\n|move|p1a: Lumineon|U-turn|p2a: Blissey\n|-damage|p2a: Blissey|438/572\n|\n|t:|1769138598\n|switch|p1a: Drapion|Drapion, L83, F|252/252|[from] U-turn\n|move|p2a: Blissey|Toxic|p1a: Drapion\n|-immune|p1a: Drapion\n|\n|-heal|p2a: Blissey|473/572|[from] item: Leftovers\n|upkeep\n|turn|2\n|\n|t:|1769138603\n|switch|p2a: Golem|Golem, L86, M|278/278\n|move|p1a: Drapion|Knock Off|p2a: Golem\n|-damage|p2a: Golem|179/278\n|-enditem|p2a: Golem|Custap Berry|[from] move: Knock Off|[of] p1a: Drapion\n|\n|upkeep\n|turn|3\n|\n|t:|1769138607\n|switch|p1a: Lumineon|Lumineon, L93, F|279/279\n|move|p2a: Golem|Earthquake|p1a: Lumineon\n|-damage|p1a: Lumineon|150/279\n|\n|-heal|p1a: Lumineon|167/279|[from] item: Leftovers\n|upkeep\n|turn|4\n|\n|t:|1769138610\n|switch|p2a: Blissey|Blissey, L85, F|473/572\n|move|p1a: Lumineon|U-turn|p2a: Blissey\n|-damage|p2a: Blissey|324/572\n|\n|t:|1769138613\n|switch|p1a: Drapion|Drapion, L83, F|252/252|[from] U-turn\n|\n|-heal|p2a: Blissey|359/572|[from] item: Leftovers\n|upkeep\n|turn|5\n|\n|t:|1769138620\n|switch|p2a: Hitmonchan|Hitmonchan, L87, M|229/229\n|move|p1a: Drapion|Earthquake|p2a: Hitmonchan\n|-damage|p2a: Hitmonchan|124/229\n|\n|upkeep\n|turn|6\n|\n|t:|1769138629\n|switch|p1a: Leavanny|Leavanny, L87, F|272/272\n|move|p2a: Hitmonchan|Drain Punch|p1a: Leavanny\n|-resisted|p1a: Leavanny\n|-damage|p1a: Leavanny|184/272\n|-heal|p2a: Hitmonchan|168/229|[from] drain|[of] p1a: Leavanny\n|\n|-heal|p1a: Leavanny|201/272|[from] item: Leftovers\n|upkeep\n|turn|7\n|\n|t:|1769138653\n|switch|p2a: Toxicroak|Toxicroak, L84, M|277/277\n|move|p1a: Leavanny|Sticky Web|p2a: Toxicroak\n|-sidestart|p2: stoody bool|move: Sticky Web\n|\n|-heal|p1a: Leavanny|218/272|[from] item: Leftovers\n|upkeep\n|turn|8\n|\n|t:|1769138665\n|switch|p1a: Flygon|Flygon, L82, F|265/265\n|move|p2a: Toxicroak|Swords Dance|p2a: Toxicroak\n|-boost|p2a: Toxicroak|atk|2\n|\n|upkeep\n|turn|9\n|\n|t:|1769138671\n|switch|p2a: Illumise|Illumise, L92, F|269/269\n|-activate|p2a: Illumise|move: Sticky Web\n|-unboost|p2a: Illumise|spe|1\n|move|p1a: Flygon|Earthquake|p2a: Illumise\n|-resisted|p2a: Illumise\n|-damage|p2a: Illumise|187/269\n|\n|-heal|p2a: Illumise|203/269|[from] item: Leftovers\n|upkeep\n|turn|10\n|\n|t:|1769138677\n|switch|p1a: Zebstrika|Zebstrika, L88, F|275/275\n|move|p2a: Illumise|Encore||[still]\n|-fail|p2a: Illumise\n|\n|-heal|p2a: Illumise|219/269|[from] item: Leftovers\n|upkeep\n|turn|11\n|\n|t:|1769138685\n|switch|p2a: Golem|Golem, L86, M|179/278\n|-activate|p2a: Golem|move: Sticky Web\n|-unboost|p2a: Golem|spe|1\n|move|p1a: Zebstrika|Volt Switch|p2a: Golem\n|-immune|p2a: Golem\n|\n|upkeep\n|turn|12\n|\n|t:|1769138698\n|switch|p1a: Flygon|Flygon, L82, F|265/265\n|switch|p2a: Hitmonchan|Hitmonchan, L87, M|168/229\n|-activate|p2a: Hitmonchan|move: Sticky Web\n|-unboost|p2a: Hitmonchan|spe|1\n|\n|upkeep\n|turn|13\n|\n|t:|1769138710\n|move|p1a: Flygon|U-turn|p2a: Hitmonchan\n|-resisted|p2a: Hitmonchan\n|-damage|p2a: Hitmonchan|131/229\n|\n|t:|1769138713\n|switch|p1a: Lumineon|Lumineon, L93, F|167/279|[from] U-turn\n|move|p2a: Hitmonchan|Ice Punch|p1a: Lumineon\n|-resisted|p1a: Lumineon\n|-damage|p1a: Lumineon|110/279\n|\n|-heal|p1a: Lumineon|127/279|[from] item: Leftovers\n|upkeep\n|turn|14\n|\n|t:|1769138717\n|switch|p2a: Toxicroak|Toxicroak, L84, M|277/277\n|-activate|p2a: Toxicroak|move: Sticky Web\n|-unboost|p2a: Toxicroak|spe|1\n|move|p1a: Lumineon|Scald|p2a: Toxicroak\n|-immune|p2a: Toxicroak|[from] ability: Dry Skin\n|\n|-heal|p1a: Lumineon|144/279|[from] item: Leftovers\n|upkeep\n|turn|15\n|\n|t:|1769138745\n|move|p1a: Lumineon|U-turn|p2a: Toxicroak\n|-resisted|p2a: Toxicroak\n|-crit|p2a: Toxicroak\n|-damage|p2a: Toxicroak|253/277\n|\n|t:|1769138749\n|switch|p1a: Drapion|Drapion, L83, F|252/252|[from] U-turn\n|move|p2a: Toxicroak|Drain Punch|p1a: Drapion\n|-damage|p1a: Drapion|183/252\n|-heal|p2a: Toxicroak|277/277|[from] drain|[of] p1a: Drapion\n|\n|upkeep\n|turn|16\n|\n|t:|1769138758\n|switch|p2a: Illumise|Illumise, L92, F|219/269\n|-activate|p2a: Illumise|move: Sticky Web\n|-unboost|p2a: Illumise|spe|1\n|move|p1a: Drapion|Earthquake|p2a: Illumise\n|-resisted|p2a: Illumise\n|-damage|p2a: Illumise|168/269\n|\n|-heal|p2a: Illumise|184/269|[from] item: Leftovers\n|upkeep\n|turn|17\n|\n|t:|1769138769\n|switch|p1a: Zebstrika|Zebstrika, L88, F|275/275\n|move|p2a: Illumise|Bug Buzz|p1a: Zebstrika\n|-damage|p1a: Zebstrika|160/275\n|\n|-heal|p2a: Illumise|200/269|[from] item: Leftovers\n|upkeep\n|turn|18\n|\n|t:|1769138780\n|switch|p2a: Toxicroak|Toxicroak, L84, M|277/277\n|-activate|p2a: Toxicroak|move: Sticky Web\n|-unboost|p2a: Toxicroak|spe|1\n|move|p1a: Zebstrika|Hidden Power|p2a: Toxicroak\n|-damage|p2a: Toxicroak|227/277\n|\n|-heal|p2a: Toxicroak|244/277|[from] item: Black Sludge\n|upkeep\n|turn|19\n|\n|t:|1769138790\n|switch|p2a: Golem|Golem, L86, M|179/278\n|-activate|p2a: Golem|move: Sticky Web\n|-unboost|p2a: Golem|spe|1\n|move|p1a: Zebstrika|Volt Switch|p2a: Golem\n|-immune|p2a: Golem\n|\n|upkeep\n|turn|20\n|\n|t:|1769138803\n|switch|p2a: Blissey|Blissey, L85, F|359/572\n|-activate|p2a: Blissey|move: Sticky Web\n|-unboost|p2a: Blissey|spe|1\n|move|p1a: Zebstrika|Hidden Power|p2a: Blissey\n|-damage|p2a: Blissey|330/572\n|\n|-heal|p2a: Blissey|365/572|[from] item: Leftovers\n|upkeep\n|turn|21\n|\n|t:|1769138809\n|move|p2a: Blissey|Protect|p2a: Blissey\n|-singleturn|p2a: Blissey|Protect\n|move|p1a: Zebstrika|Volt Switch|p2a: Blissey\n|-activate|p2a: Blissey|move: Protect\n|\n|-heal|p2a: Blissey|400/572|[from] item: Leftovers\n|upkeep\n|turn|22\n|\n|t:|1769138814\n|move|p1a: Zebstrika|Volt Switch|p2a: Blissey\n|-damage|p2a: Blissey|351/572\n|\n|t:|1769138816\n|switch|p1a: Drapion|Drapion, L83, F|183/252|[from] Volt Switch\n|move|p2a: Blissey|Wish|p2a: Blissey\n|\n|-heal|p2a: Blissey|386/572|[from] item: Leftovers\n|upkeep\n|turn|23\n|\n|t:|1769138827\n|switch|p2a: Hitmonchan|Hitmonchan, L87, M|131/229\n|-activate|p2a: Hitmonchan|move: Sticky Web\n|-unboost|p2a: Hitmonchan|spe|1\n|move|p1a: Drapion|Earthquake|p2a: Hitmonchan\n|-damage|p2a: Hitmonchan|25/229\n|\n|-heal|p2a: Hitmonchan|229/229|[from] move: Wish|[wisher] Blissey\n|upkeep\n|turn|24\n|\n|t:|1769138836\n|switch|p1a: Banette|Banette, L87, F|253/253\n|-item|p2a: Hitmonchan|Choice Band|[from] ability: Frisk|[of] p1a: Banette\n|move|p2a: Hitmonchan|Ice Punch|p1a: Banette\n|-damage|p1a: Banette|130/253\n|\n|upkeep\n|turn|25\n|\n|t:|1769138850\n|switch|p2a: Blissey|Blissey, L85, F|386/572\n|-activate|p2a: Blissey|move: Sticky Web\n|-unboost|p2a: Blissey|spe|1\n|detailschange|p1a: Banette|Banette-Mega, L87, F\n|-mega|p1a: Banette|Banette|Banettite\n|move|p1a: Banette|Shadow Claw|p2a: Blissey\n|-immune|p2a: Blissey\n|\n|-heal|p2a: Blissey|421/572|[from] item: Leftovers\n|upkeep\n|turn|26\n|\n|t:|1769138875\n|switch|p2a: Golem|Golem, L86, M|179/278\n|-activate|p2a: Golem|move: Sticky Web\n|-unboost|p2a: Golem|spe|1\n|move|p1a: Banette|Taunt|p2a: Golem\n|-start|p2a: Golem|move: Taunt\n|\n|upkeep\n|turn|27\n|\n|t:|1769138884\n|move|p1a: Banette|Destiny Bond|p1a: Banette\n|-singlemove|p1a: Banette|Destiny Bond\n|move|p2a: Golem|Earthquake|p1a: Banette\n|-damage|p1a: Banette|0 fnt\n|faint|p1a: Banette\n|-activate|p1a: Banette|move: Destiny Bond\n|detailschange|p1: Banette|Banette, L87, F|[silent]\n|faint|p2a: Golem\n|\n|upkeep\n|inactive|stoody bool has 120 seconds left.\n|\n|t:|1769138906\n|switch|p1a: Zebstrika|Zebstrika, L88, F|160/275\n|switch|p2a: Toxicroak|Toxicroak, L84, M|244/277\n|-activate|p2a: Toxicroak|move: Sticky Web\n|-unboost|p2a: Toxicroak|spe|1\n|turn|28\n|inactive|stoody bool has 120 seconds left.\n|\n|t:|1769138918\n|switch|p1a: Flygon|Flygon, L82, F|265/265\n|move|p2a: Toxicroak|Gunk Shot|p1a: Flygon\n|-resisted|p1a: Flygon\n|-damage|p1a: Flygon|184/265\n|-status|p1a: Flygon|psn\n|\n|-heal|p2a: Toxicroak|261/277|[from] item: Black Sludge\n|-damage|p1a: Flygon|151/265 psn|[from] psn\n|upkeep\n|turn|29\n|inactive|stoody bool has 120 seconds left.\n|\n|t:|1769138930\n|switch|p2a: Illumise|Illumise, L92, F|200/269\n|-activate|p2a: Illumise|move: Sticky Web\n|-unboost|p2a: Illumise|spe|1\n|move|p1a: Flygon|Outrage|p2a: Illumise\n|-damage|p2a: Illumise|5/269\n|\n|-heal|p2a: Illumise|21/269|[from] item: Leftovers\n|-damage|p1a: Flygon|118/265 psn|[from] psn\n|upkeep\n|turn|30\n|inactive|stoody bool has 120 seconds left.\n|\n|t:|1769138953\n|move|p2a: Illumise|Encore|p1a: Flygon\n|-start|p1a: Flygon|Encore\n|move|p1a: Flygon|Outrage|p2a: Illumise|[from] lockedmove\n|-damage|p2a: Illumise|0 fnt\n|faint|p2a: Illumise\n|-start|p1a: Flygon|confusion|[fatigue]\n|\n|-damage|p1a: Flygon|85/265 psn|[from] psn\n|upkeep\n|\n|t:|1769138970\n|switch|p2a: Hitmonchan|Hitmonchan, L87, M|229/229\n|-activate|p2a: Hitmonchan|move: Sticky Web\n|-unboost|p2a: Hitmonchan|spe|1\n|turn|31\n|\n|t:|1769138973\n|switch|p1a: Lumineon|Lumineon, L93, F|144/279\n|move|p2a: Hitmonchan|Mach Punch|p1a: Lumineon\n|-damage|p1a: Lumineon|63/279\n|\n|-heal|p1a: Lumineon|80/279|[from] item: Leftovers\n|upkeep\n|turn|32\n|\n|t:|1769138985\n|move|p2a: Hitmonchan|Mach Punch|p1a: Lumineon\n|-damage|p1a: Lumineon|0 fnt\n|faint|p1a: Lumineon\n|\n|upkeep\n|\n|t:|1769138990\n|switch|p1a: Leavanny|Leavanny, L87, F|218/272\n|turn|33\n|\n|t:|1769138995\n|switch|p1a: Drapion|Drapion, L83, F|183/252\n|switch|p2a: Toxicroak|Toxicroak, L84, M|261/277\n|-activate|p2a: Toxicroak|move: Sticky Web\n|-unboost|p2a: Toxicroak|spe|1\n|\n|-heal|p2a: Toxicroak|277/277|[from] item: Black Sludge\n|upkeep\n|turn|34\n|inactive|stoody bool has 120 seconds left.\n|\n|t:|1769139032\n|move|p1a: Drapion|Earthquake|p2a: Toxicroak\n|-supereffective|p2a: Toxicroak\n|-damage|p2a: Toxicroak|17/277\n|move|p2a: Toxicroak|Drain Punch|p1a: Drapion\n|-damage|p1a: Drapion|110/252\n|-heal|p2a: Toxicroak|54/277|[from] drain|[of] p1a: Drapion\n|\n|-heal|p2a: Toxicroak|71/277|[from] item: Black Sludge\n|upkeep\n|turn|35\n|\n|t:|1769139046\n|move|p1a: Drapion|Earthquake|p2a: Toxicroak\n|-supereffective|p2a: Toxicroak\n|-damage|p2a: Toxicroak|0 fnt\n|faint|p2a: Toxicroak\n|\n|upkeep\n|inactive|stoody bool has 90 seconds left.\n|\n|t:|1769139058\n|switch|p2a: Hitmonchan|Hitmonchan, L87, M|229/229\n|-activate|p2a: Hitmonchan|move: Sticky Web\n|-unboost|p2a: Hitmonchan|spe|1\n|turn|36\n|\n|t:|1769139062\n|switch|p1a: Zebstrika|Zebstrika, L88, F|160/275\n|move|p2a: Hitmonchan|Drain Punch|p1a: Zebstrika\n|-damage|p1a: Zebstrika|0 fnt\n|faint|p1a: Zebstrika\n|\n|upkeep\n|\n|t:|1769139068\n|switch|p1a: Leavanny|Leavanny, L87, F|218/272\n|turn|37\n|\n|t:|1769139080\n|switch|p2a: Blissey|Blissey, L85, F|421/572\n|-activate|p2a: Blissey|move: Sticky Web\n|-unboost|p2a: Blissey|spe|1\n|move|p1a: Leavanny|Leaf Blade|p2a: Blissey\n|-damage|p2a: Blissey|93/572\n|\n|-heal|p1a: Leavanny|235/272|[from] item: Leftovers\n|-heal|p2a: Blissey|128/572|[from] item: Leftovers\n|upkeep\n|turn|38\n|\n|t:|1769139089\n|move|p1a: Leavanny|Leaf Blade|p2a: Blissey\n|-damage|p2a: Blissey|0 fnt\n|faint|p2a: Blissey\n|\n|-heal|p1a: Leavanny|252/272|[from] item: Leftovers\n|upkeep\n|\n|t:|1769139091\n|switch|p2a: Hitmonchan|Hitmonchan, L87, M|229/229\n|-activate|p2a: Hitmonchan|move: Sticky Web\n|-unboost|p2a: Hitmonchan|spe|1\n|turn|39\n|\n|t:|1769139095\n|move|p1a: Leavanny|Leaf Blade|p2a: Hitmonchan\n|-damage|p2a: Hitmonchan|127/229\n|move|p2a: Hitmonchan|Ice Punch|p1a: Leavanny\n|-supereffective|p1a: Leavanny\n|-damage|p1a: Leavanny|10/272\n|\n|-heal|p1a: Leavanny|27/272|[from] item: Leftovers\n|upkeep\n|turn|40\n|inactive|stoody bool has 120 seconds left.\n|\n|t:|1769139113\n|move|p1a: Leavanny|Leaf Blade|p2a: Hitmonchan\n|-damage|p2a: Hitmonchan|25/229\n|move|p2a: Hitmonchan|Ice Punch|p1a: Leavanny\n|-supereffective|p1a: Leavanny\n|-damage|p1a: Leavanny|0 fnt\n|faint|p1a: Leavanny\n|\n|upkeep\n|\n|t:|1769139117\n|switch|p1a: Drapion|Drapion, L83, F|110/252\n|turn|41\n|\n|t:|1769139120\n|move|p1a: Drapion|Poison Jab|p2a: Hitmonchan\n|-damage|p2a: Hitmonchan|0 fnt\n|faint|p2a: Hitmonchan\n|\n|upkeep\n|\n|t:|1769139126\n|switch|p2a: Rampardos|Rampardos, L88, M|314/314\n|-activate|p2a: Rampardos|move: Sticky Web\n|-unboost|p2a: Rampardos|spe|1\n|turn|42\n|\n|t:|1769139132\n|move|p1a: Drapion|Poison Jab|p2a: Rampardos\n|-resisted|p2a: Rampardos\n|-damage|p2a: Rampardos|239/314\n|move|p2a: Rampardos|Rock Polish|p2a: Rampardos\n|-boost|p2a: Rampardos|spe|2\n|\n|upkeep\n|turn|43\n|\n|t:|1769139153\n|move|p2a: Rampardos|Rock Polish|p2a: Rampardos\n|-boost|p2a: Rampardos|spe|2\n|move|p1a: Drapion|Poison Jab|p2a: Rampardos\n|-resisted|p2a: Rampardos\n|-damage|p2a: Rampardos|170/314\n|-status|p2a: Rampardos|psn\n|\n|-damage|p2a: Rampardos|131/314 psn|[from] psn\n|upkeep\n|turn|44\n|\n|t:|1769139156\n|switch|p1a: Flygon|Flygon, L82, F|85/265 psn\n|move|p2a: Rampardos|Earthquake|p1a: Flygon\n|-immune|p1a: Flygon|[from] ability: Levitate\n|\n|-damage|p2a: Rampardos|92/314 psn|[from] psn\n|-damage|p1a: Flygon|52/265 psn|[from] psn\n|upkeep\n|turn|45\n|\n|t:|1769139162\n|switch|p1a: Drapion|Drapion, L83, F|110/252\n|move|p2a: Rampardos|Rock Slide|p1a: Drapion\n|-damage|p1a: Drapion|0 fnt\n|faint|p1a: Drapion\n|\n|-damage|p2a: Rampardos|53/314 psn|[from] psn\n|upkeep\n|\n|t:|1769139166\n|switch|p1a: Flygon|Flygon, L82, F|52/265 psn\n|turn|46\n|\n|t:|1769139176\n|move|p2a: Rampardos|Rock Slide|p1a: Flygon\n|-resisted|p1a: Flygon\n|-crit|p1a: Flygon\n|-damage|p1a: Flygon|0 fnt\n|faint|p1a: Flygon\n|\n|win|stoody bool\n|raw|Kurochan3's rating: 1599 &rarr; <strong>1580</strong><br />(-19 for losing)\n|raw|stoody bool's rating: 1616 &rarr; <strong>1635</strong><br />(+19 for winning)\n|l|☆Kurochan3\n|player|p1|\n", "inputlog": ">version dd3d52b8382d73d1dd2c67730c4067df325ab790\n>start {\"formatid\":\"gen7randombattle\",\"seed\":\"sodium,a1923c843ac021158357436470199b5b\",\"rated\":\"Rated battle\"}\n>player p1 {\"name\":\"Kurochan3\",\"avatar\":\"cynthia-gen4\",\"rating\":1599,\"seed\":\"sodium,57f5cadc735bfa91cd14ec446bf22b80\"}\n>player p2 {\"name\":\"stoody bool\",\"avatar\":\"2\",\"rating\":1616,\"seed\":\"sodium,93b522d176cf091135969dda20255084\"}\n>p1 move uturn\n>p2 move toxic\n>p1 switch 5\n>p1 move knockoff\n>p2 switch 5\n>p1 switch 5\n>p2 move earthquake\n>p1 move uturn\n>p2 switch 5\n>p1 switch 5\n>p1 move earthquake\n>p2 switch 4\n>p1 switch 4\n>p2 move drainpunch\n>p1 move stickyweb\n>p2 switch 2\n>p1 switch 3\n>p2 move swordsdance\n>p1 move earthquake\n>p2 switch 3\n>p1 switch 6\n>p2 move encore\n>p1 move voltswitch\n>p2 switch 5\n>p1 switch 6\n>p2 switch 2\n>p1 move uturn\n>p2 move icepunch\n>p1 switch 5\n>p1 move scald\n>p2 switch 3\n>p1 move uturn\n>p2 move drainpunch\n>p1 switch 4\n>p1 move earthquake\n>p2 switch 5\n>p1 switch 6\n>p2 move bugbuzz\n>p1 move hiddenpower\n>p2 switch 5\n>p1 move voltswitch\n>p2 switch 2\n>p1 move hiddenpower\n>p2 switch 4\n>p1 move voltswitch\n>p2 move protect\n>p1 move voltswitch\n>p2 move wish\n>p1 switch 6\n>p1 move earthquake\n>p2 switch 3\n>p1 switch 2\n>p2 move icepunch\n>p1 move shadowclaw mega\n>p2 switch 3\n>p1 move taunt\n>p2 switch 4\n>p1 move destinybond\n>p2 move earthquake\n>p1 switch 6\n>p2 switch 2\n>p1 switch 5\n>p2 move gunkshot\n>p1 move outrage\n>p2 switch 5\n>p1 move outrage\n>p2 move encore\n>p2 switch 3\n>p1 switch 4\n>p2 move machpunch\n>p1 move uturn\n>p2 move machpunch\n>p1 switch 3\n>p1 switch 2\n>p2 switch 5\n>p1 move earthquake\n>p2 move drainpunch\n>p1 move earthquake\n>p2 move drainpunch\n>p2 switch 5\n>p1 switch 5\n>p2 move drainpunch\n>p1 switch 2\n>p1 move leafblade\n>p2 switch 4\n>p1 move leafblade\n>p2 move toxic\n>p2 switch 4\n>p1 move leafblade\n>p2 move icepunch\n>p1 move leafblade\n>p2 move icepunch\n>p1 switch 5\n>p1 move poisonjab\n>p2 move icepunch\n>p2 switch 6\n>p1 move poisonjab\n>p2 move rockpolish\n>p1 move poisonjab\n>p2 move rockpolish\n>p1 switch 4\n>p2 move earthquake\n>p1 switch 4\n>p2 move rockslide\n>p1 switch 4\n>p1 move earthquake\n>p2 move rockslide", "uploadtime": 1769139187, "views": 166, "formatid": "gen7randombattle", "rating": 1580, "private": 0, "password": null}