{"id": "gen7randombattle-2529111247", "format": "[Gen 7] Random Battle", "players": ["La.Hellhound", "archie87975"], "log": "|j|‽La.Hellhound\n|j|☆archie87975\n|t:|1769739273\n|gametype|singles\n|player|p1|La.Hellhound|bruno|1677\n|player|p2|archie87975|youngn|1702\n|gen|7\n|tier|[Gen 7] Random Battle\n|rated|\n|rule|Sleep Clause Mod: Limit one foe put to sleep\n|rule|HP Percentage Mod: HP is shown in percentages\n|rule|Illusion Level Mod: Illusion disguises the Pokémon's true level\n|\n|t:|1769739273\n|teamsize|p1|6\n|teamsize|p2|6\n|start\n|switch|p1a: Huntail|Huntail, L85, M|232/232\n|switch|p2a: Chimecho|Chimecho, L95, M|296/296\n|turn|1\n|inactive|Battle timer is ON: inactive players will automatically lose when time's up. (requested by archie87975)\n|inactive|La.Hellhound also wants the timer to be on.\n|inactive|La.Hellhound has 120 seconds left.\n|inactive|La.Hellhound has 90 seconds left.\n|\n|t:|1769739353\n|switch|p1a: Klefki|Klefki, L83, M|230/230\n|move|p2a: Chimecho|Psyshock|p1a: Klefki\n|-resisted|p1a: Klefki\n|-damage|p1a: Klefki|176/230\n|\n|-heal|p1a: Klefki|190/230|[from] item: Leftovers\n|upkeep\n|turn|2\n|\n|t:|1769739363\n|switch|p2a: Excadrill|Excadrill, L81, F|311/311\n|-ability|p2a: Excadrill|Mold Breaker\n|move|p1a: Klefki|Spikes|p2a: Excadrill\n|-sidestart|p2: archie87975|Spikes\n|\n|-heal|p1a: Klefki|204/230|[from] item: Leftovers\n|upkeep\n|turn|3\n|inactive|La.Hellhound has 120 seconds left.\n|\n|t:|1769739393\n|switch|p1a: Claydol|Claydol, L89|252/252\n|move|p2a: Excadrill|Iron Head|p1a: Claydol\n|-damage|p1a: Claydol|167/252\n|\n|-heal|p1a: Claydol|182/252|[from] item: Leftovers\n|upkeep\n|turn|4\n|\n|t:|1769739404\n|move|p2a: Excadrill|Iron Head|p1a: Claydol\n|-damage|p1a: Claydol|104/252\n|move|p1a: Claydol|Stealth Rock|p2a: Excadrill\n|-sidestart|p2: archie87975|move: Stealth Rock\n|\n|-heal|p1a: Claydol|119/252|[from] item: Leftovers\n|upkeep\n|turn|5\n|\n|t:|1769739413\n|move|p2a: Excadrill|Iron Head|p1a: Claydol\n|-damage|p1a: Claydol|32/252\n|move|p1a: Claydol|Earthquake|p2a: Excadrill\n|-supereffective|p2a: Excadrill\n|-damage|p2a: Excadrill|57/311\n|\n|-heal|p1a: Claydol|47/252|[from] item: Leftovers\n|upkeep\n|turn|6\n|\n|t:|1769739424\n|switch|p1a: Huntail|Huntail, L85, M|232/232\n|move|p2a: Excadrill|Rapid Spin|p1a: Huntail\n|-damage|p1a: Huntail|217/232\n|-sideend|p2: archie87975|Spikes|[from] move: Rapid Spin|[of] p2a: Excadrill\n|-sideend|p2: archie87975|Stealth Rock|[from] move: Rapid Spin|[of] p2a: Excadrill\n|\n|upkeep\n|turn|7\n|\n|t:|1769739430\n|move|p2a: Excadrill|Earthquake|p1a: Huntail\n|-damage|p1a: Huntail|111/232\n|move|p1a: Huntail|Shell Smash|p1a: Huntail\n|-unboost|p1a: Huntail|def|1\n|-unboost|p1a: Huntail|spd|1\n|-boost|p1a: Huntail|atk|2\n|-boost|p1a: Huntail|spa|2\n|-boost|p1a: Huntail|spe|2\n|-enditem|p1a: Huntail|White Herb\n|-clearnegativeboost|p1a: Huntail|[silent]\n|\n|upkeep\n|turn|8\n|\n|t:|1769739439\n|switch|p2a: Suicune|Suicune, L82|298/298\n|-ability|p2a: Suicune|Pressure\n|move|p1a: Huntail|Ice Beam|p2a: Suicune\n|-resisted|p2a: Suicune\n|-damage|p2a: Suicune|244/298\n|\n|-heal|p2a: Suicune|262/298|[from] item: Leftovers\n|upkeep\n|turn|9\n|\n|t:|1769739451\n|move|p1a: Huntail|Return|p2a: Suicune\n|-damage|p2a: Suicune|140/298\n|move|p2a: Suicune|Calm Mind|p2a: Suicune\n|-boost|p2a: Suicune|spa|1\n|-boost|p2a: Suicune|spd|1\n|\n|-heal|p2a: Suicune|158/298|[from] item: Leftovers\n|upkeep\n|turn|10\n|\n|t:|1769739459\n|move|p2a: Suicune|Protect|p2a: Suicune\n|-singleturn|p2a: Suicune|Protect\n|move|p1a: Huntail|Shell Smash|p1a: Huntail\n|-unboost|p1a: Huntail|def|1\n|-unboost|p1a: Huntail|spd|1\n|-boost|p1a: Huntail|atk|2\n|-boost|p1a: Huntail|spa|2\n|-boost|p1a: Huntail|spe|2\n|\n|-heal|p2a: Suicune|176/298|[from] item: Leftovers\n|upkeep\n|turn|11\n|\n|t:|1769739468\n|move|p2a: Suicune|Protect||[still]\n|-fail|p2a: Suicune\n|move|p1a: Huntail|Return|p2a: Suicune\n|-damage|p2a: Suicune|0 fnt\n|faint|p2a: Suicune\n|\n|upkeep\n|\n|t:|1769739476\n|switch|p2a: Chimecho|Chimecho, L95, M|296/296\n|turn|12\n|\n|t:|1769739480\n|move|p1a: Huntail|Waterfall|p2a: Chimecho\n|-damage|p2a: Chimecho|47/296\n|move|p2a: Chimecho|Psyshock|p1a: Huntail\n|-damage|p1a: Huntail|0 fnt\n|faint|p1a: Huntail\n|\n|-heal|p2a: Chimecho|65/296|[from] item: Leftovers\n|upkeep\n|\n|t:|1769739494\n|switch|p1a: Mewtwo|Mewtwo, L70|264/264\n|-ability|p1a: Mewtwo|Unnerve\n|turn|13\n|\n|t:|1769739500\n|move|p1a: Mewtwo|Taunt|p2a: Chimecho\n|-start|p2a: Chimecho|move: Taunt\n|cant|p2a: Chimecho|move: Taunt|Recover\n|\n|-heal|p2a: Chimecho|83/296|[from] item: Leftovers\n|upkeep\n|turn|14\n|\n|t:|1769739505\n|move|p1a: Mewtwo|Bulk Up|p1a: Mewtwo\n|-boost|p1a: Mewtwo|atk|1\n|-boost|p1a: Mewtwo|def|1\n|move|p2a: Chimecho|Signal Beam|p1a: Mewtwo\n|-supereffective|p1a: Mewtwo\n|-damage|p1a: Mewtwo|112/264\n|\n|-heal|p2a: Chimecho|101/296|[from] item: Leftovers\n|upkeep\n|turn|15\n|\n|t:|1769739519\n|detailschange|p1a: Mewtwo|Mewtwo-Mega-X, L70\n|-mega|p1a: Mewtwo|Mewtwo|Mewtwonite X\n|move|p1a: Mewtwo|Drain Punch|p2a: Chimecho\n|-resisted|p2a: Chimecho\n|-damage|p2a: Chimecho|31/296\n|-heal|p1a: Mewtwo|147/264|[from] drain|[of] p2a: Chimecho\n|move|p2a: Chimecho|Signal Beam|p1a: Mewtwo\n|-damage|p1a: Mewtwo|80/264\n|\n|-heal|p2a: Chimecho|49/296|[from] item: Leftovers\n|-end|p2a: Chimecho|move: Taunt\n|upkeep\n|turn|16\n|\n|t:|1769739530\n|move|p1a: Mewtwo|Drain Punch|p2a: Chimecho\n|-resisted|p2a: Chimecho\n|-damage|p2a: Chimecho|0 fnt\n|-heal|p1a: Mewtwo|105/264|[from] drain|[of] p2a: Chimecho\n|faint|p2a: Chimecho\n|\n|upkeep\n|\n|t:|1769739535\n|switch|p2a: Uxie|Uxie, L82|257/257\n|turn|17\n|\n|t:|1769739543\n|switch|p1a: Klefki|Klefki, L83, M|204/230\n|move|p2a: Uxie|Psychic|p1a: Klefki\n|-resisted|p1a: Klefki\n|-damage|p1a: Klefki|167/230\n|\n|-heal|p1a: Klefki|181/230|[from] item: Leftovers\n|upkeep\n|turn|18\n|\n|t:|1769739551\n|move|p1a: Klefki|Spikes|p2a: Uxie\n|-sidestart|p2: archie87975|Spikes\n|move|p2a: Uxie|Stealth Rock|p1a: Klefki\n|-sidestart|p1: La.Hellhound|move: Stealth Rock\n|\n|-heal|p1a: Klefki|195/230|[from] item: Leftovers\n|upkeep\n|turn|19\n|\n|t:|1769739563\n|switch|p2a: Excadrill|Excadrill, L81, F|57/311\n|-damage|p2a: Excadrill|19/311|[from] Spikes\n|-ability|p2a: Excadrill|Mold Breaker\n|move|p1a: Klefki|Foul Play|p2a: Excadrill\n|-damage|p2a: Excadrill|0 fnt\n|faint|p2a: Excadrill\n|\n|-heal|p1a: Klefki|209/230|[from] item: Leftovers\n|upkeep\n|\n|t:|1769739568\n|switch|p2a: Clawitzer|Clawitzer, L87, F|265/265\n|-damage|p2a: Clawitzer|232/265|[from] Spikes\n|turn|20\n|\n|t:|1769739576\n|move|p1a: Klefki|Thunder Wave|p2a: Clawitzer\n|-status|p2a: Clawitzer|par\n|cant|p2a: Clawitzer|par\n|\n|-heal|p1a: Klefki|223/230|[from] item: Leftovers\n|upkeep\n|turn|21\n|\n|t:|1769739583\n|move|p1a: Klefki|Spikes|p2a: Clawitzer\n|-sidestart|p2: archie87975|Spikes\n|move|p2a: Clawitzer|Water Pulse|p1a: Klefki\n|-damage|p1a: Klefki|43/230\n|\n|-heal|p1a: Klefki|57/230|[from] item: Leftovers\n|upkeep\n|turn|22\n|\n|t:|1769739592\n|move|p1a: Klefki|Dazzling Gleam|p2a: Clawitzer\n|-damage|p2a: Clawitzer|166/265 par\n|move|p2a: Clawitzer|Water Pulse|p1a: Klefki\n|-damage|p1a: Klefki|0 fnt\n|faint|p1a: Klefki\n|\n|upkeep\n|\n|t:|1769739604\n|switch|p1a: Mewtwo|Mewtwo-Mega-X, L70|105/264\n|-damage|p1a: Mewtwo|89/264|[from] Stealth Rock\n|turn|23\n|\n|t:|1769739609\n|move|p1a: Mewtwo|Drain Punch|p2a: Clawitzer\n|-damage|p2a: Clawitzer|76/265 par\n|-heal|p1a: Mewtwo|134/264|[from] drain|[of] p2a: Clawitzer\n|move|p2a: Clawitzer|Water Pulse|p1a: Mewtwo\n|-damage|p1a: Mewtwo|0 fnt\n|faint|p1a: Mewtwo\n|detailschange|p1: Mewtwo|Mewtwo, L70|[silent]\n|\n|upkeep\n|\n|t:|1769739617\n|switch|p1a: Delibird|Delibird, F|251/251\n|-damage|p1a: Delibird|126/251|[from] Stealth Rock\n|turn|24\n|\n|t:|1769739622\n|switch|p2a: Uxie|Uxie, L82|257/257\n|move|p1a: Delibird|Freeze-Dry|p2a: Uxie\n|-damage|p2a: Uxie|199/257\n|\n|-heal|p1a: Delibird|141/251|[from] item: Leftovers\n|-heal|p2a: Uxie|215/257|[from] item: Leftovers\n|upkeep\n|turn|25\n|\n|t:|1769739630\n|move|p1a: Delibird|Rapid Spin|p2a: Uxie\n|-damage|p2a: Uxie|207/257\n|-sideend|p1: La.Hellhound|Stealth Rock|[from] move: Rapid Spin|[of] p1a: Delibird\n|move|p2a: Uxie|Toxic|p1a: Delibird|[miss]\n|-miss|p2a: Uxie|p1a: Delibird\n|\n|-heal|p1a: Delibird|156/251|[from] item: Leftovers\n|-heal|p2a: Uxie|223/257|[from] item: Leftovers\n|upkeep\n|turn|26\n|\n|t:|1769739641\n|move|p1a: Delibird|Spikes|p2a: Uxie\n|-sidestart|p2: archie87975|Spikes\n|move|p2a: Uxie|Stealth Rock|p1a: Delibird\n|-sidestart|p1: La.Hellhound|move: Stealth Rock\n|\n|-heal|p1a: Delibird|171/251|[from] item: Leftovers\n|-heal|p2a: Uxie|239/257|[from] item: Leftovers\n|upkeep\n|turn|27\n|\n|t:|1769739647\n|move|p1a: Delibird|Rapid Spin|p2a: Uxie\n|-damage|p2a: Uxie|231/257\n|-sideend|p1: La.Hellhound|Stealth Rock|[from] move: Rapid Spin|[of] p1a: Delibird\n|move|p2a: Uxie|Toxic|p1a: Delibird\n|-status|p1a: Delibird|tox\n|\n|-heal|p1a: Delibird|186/251 tox|[from] item: Leftovers\n|-heal|p2a: Uxie|247/257|[from] item: Leftovers\n|-damage|p1a: Delibird|171/251 tox|[from] psn\n|upkeep\n|turn|28\n|\n|t:|1769739657\n|switch|p1a: Stakataka|Stakataka, L83|237/237\n|-item|p1a: Stakataka|Air Balloon\n|move|p2a: Uxie|Stealth Rock|p1a: Stakataka\n|-sidestart|p1: La.Hellhound|move: Stealth Rock\n|\n|-heal|p2a: Uxie|257/257|[from] item: Leftovers\n|upkeep\n|turn|29\n|\n|t:|1769739665\n|move|p2a: Uxie|Psychic|p1a: Stakataka\n|-resisted|p1a: Stakataka\n|-damage|p1a: Stakataka|204/237\n|-enditem|p1a: Stakataka|Air Balloon\n|move|p1a: Stakataka|Trick Room|p1a: Stakataka\n|-fieldstart|move: Trick Room|[of] p1a: Stakataka\n|\n|upkeep\n|turn|30\n|\n|t:|1769739672\n|move|p1a: Stakataka|Gyro Ball|p2a: Uxie\n|-damage|p2a: Uxie|110/257\n|move|p2a: Uxie|Psychic|p1a: Stakataka\n|-resisted|p1a: Stakataka\n|-damage|p1a: Stakataka|168/237\n|\n|-heal|p2a: Uxie|126/257|[from] item: Leftovers\n|upkeep\n|turn|31\n|\n|t:|1769739679\n|move|p1a: Stakataka|Gyro Ball|p2a: Uxie\n|-damage|p2a: Uxie|0 fnt\n|faint|p2a: Uxie\n|-ability|p1a: Stakataka|Beast Boost|boost\n|-boost|p1a: Stakataka|def|1\n|\n|upkeep\n|\n|t:|1769739696\n|switch|p2a: Rayquaza|Rayquaza, L66|247/247\n|-ability|p2a: Rayquaza|Air Lock\n|turn|32\n|\n|t:|1769739710\n|detailschange|p2a: Rayquaza|Rayquaza-Mega, L66\n|-mega|p2a: Rayquaza|Rayquaza|\n|-weather|DeltaStream|[from] ability: Delta Stream|[of] p2a: Rayquaza\n|move|p1a: Stakataka|Gyro Ball|p2a: Rayquaza\n|-damage|p2a: Rayquaza|1/247\n|move|p2a: Rayquaza|Earthquake|p1a: Stakataka\n|-supereffective|p1a: Stakataka\n|-damage|p1a: Stakataka|28/237\n|\n|-weather|DeltaStream|[upkeep]\n|upkeep\n|turn|33\n|\n|t:|1769739726\n|-weather|none\n|switch|p2a: Clawitzer|Clawitzer, L87, F|76/265 par\n|-damage|p2a: Clawitzer|10/265 par|[from] Spikes\n|move|p1a: Stakataka|Gyro Ball|p2a: Clawitzer\n|-resisted|p2a: Clawitzer\n|-damage|p2a: Clawitzer|0 fnt\n|faint|p2a: Clawitzer\n|-ability|p1a: Stakataka|Beast Boost|boost\n|-boost|p1a: Stakataka|def|1\n|\n|-fieldend|move: Trick Room\n|upkeep\n|\n|t:|1769739729\n|switch|p2a: Rayquaza|Rayquaza-Mega, L66|1/247\n|-weather|DeltaStream|[from] ability: Delta Stream|[of] p2a: Rayquaza\n|turn|34\n|\n|t:|1769739746\n|move|p2a: Rayquaza|V-create|p1a: Stakataka\n|-damage|p1a: Stakataka|0 fnt\n|-unboost|p2a: Rayquaza|spe|1\n|-unboost|p2a: Rayquaza|def|1\n|-unboost|p2a: Rayquaza|spd|1\n|faint|p1a: Stakataka\n|\n|-weather|DeltaStream|[upkeep]\n|upkeep\n|\n|t:|1769739754\n|switch|p1a: Claydol|Claydol, L89|47/252\n|-damage|p1a: Claydol|32/252|[from] Stealth Rock\n|turn|35\n|\n|t:|1769739758\n|move|p1a: Claydol|Psychic|p2a: Rayquaza\n|-damage|p2a: Rayquaza|0 fnt\n|faint|p2a: Rayquaza\n|-weather|none\n|detailschange|p2: Rayquaza|Rayquaza, L66|[silent]\n|\n|win|La.Hellhound\n|raw|La.Hellhound's rating: 1677 &rarr; <strong>1698</strong><br />(+21 for winning)\n|raw|archie87975's rating: 1702 &rarr; <strong>1681</strong><br />(-21 for losing)\n|l|☆archie87975\n|player|p2|\n", "inputlog": ">version b99ff0165a6231f17e8b78c2a78d1998375de664\n>start {\"formatid\":\"gen7randombattle\",\"seed\":\"sodium,ba018ca3e29381739bd13957a2031179\",\"rated\":\"Rated battle\"}\n>player p1 {\"name\":\"La.Hellhound\",\"avatar\":\"bruno\",\"rating\":1677,\"seed\":\"sodium,6b2ae60b11df4025d38876b2fe3485b1\"}\n>player p2 {\"name\":\"archie87975\",\"avatar\":\"youngn\",\"rating\":1702,\"seed\":\"sodium,e2d1bb968c318a3fd05980fe9f28b058\"}\n>p1 switch 6\n>p2 move psyshock\n>p1 move spikes\n>p2 switch 3\n>p1 switch 5\n>p2 move ironhead\n>p1 move stealthrock\n>p2 move ironhead\n>p1 move earthquake\n>p2 move ironhead\n>p1 switch 6\n>p2 move rapidspin\n>p1 move shellsmash\n>p2 move earthquake\n>p1 move icebeam\n>p2 switch 5\n>p1 move return\n>p2 move calmmind\n>p1 move shellsmash\n>p2 move protect\n>p1 move return\n>p2 move protect\n>p2 switch 3\n>p1 move waterfall\n>p2 move psyshock\n>p1 switch 2\n>p1 move taunt\n>p2 move recover\n>p1 move bulkup\n>p2 move signalbeam\n>p1 move drainpunch mega\n>p2 move signalbeam\n>p1 move drainpunch\n>p2 move psyshock\n>p2 switch 6\n>p1 switch 5\n>p2 move psychic\n>p1 move spikes\n>p2 move stealthrock\n>p1 move foulplay\n>p2 switch 5\n>p2 switch 4\n>p1 move thunderwave\n>p2 move waterpulse\n>p1 move spikes\n>p2 move waterpulse\n>p1 move dazzlinggleam\n>p2 move waterpulse\n>p1 switch 5\n>p1 move drainpunch\n>p2 move waterpulse\n>p1 switch 4\n>p1 move freezedry\n>p2 switch 5\n>p1 move rapidspin\n>p2 move toxic\n>p1 move spikes\n>p2 move stealthrock\n>p1 move rapidspin\n>p2 move toxic\n>p1 switch 3\n>p2 move stealthrock\n>p1 move trickroom\n>p2 move psychic\n>p1 move gyroball\n>p2 move psychic\n>p1 move gyroball\n>p2 move psychic\n>p2 switch 2\n>p1 move gyroball\n>p2 move earthquake mega\n>p1 move gyroball\n>p2 switch 5\n>p2 switch 5\n>p1 move trickroom\n>p2 move vcreate\n>p1 switch 6\n>p1 move psychic\n>p2 move vcreate", "uploadtime": 1769739763, "views": 165, "formatid": "gen7randombattle", "rating": 1681, "private": 0, "password": null}