{"id": "gen7randombattle-2534913305", "format": "[Gen 7] Random Battle", "players": ["imsobaked", "congoprince"], "log": "|j|☆imsobaked\n|j|☆congoprince\n|t:|1770491879\n|gametype|singles\n|player|p1|imsobaked|hiker-gen4|1578\n|player|p2|congoprince|101|1636\n|gen|7\n|tier|[Gen 7] Random Battle\n|rated|\n|rule|Sleep Clause Mod: Limit one foe put to sleep\n|rule|HP Percentage Mod: HP is shown in percentages\n|rule|Illusion Level Mod: Illusion disguises the Pokémon's true level\n|\n|t:|1770491879\n|teamsize|p1|6\n|teamsize|p2|6\n|start\n|switch|p1a: Xatu|Xatu, L89, F|260/260\n|switch|p2a: Hitmonlee|Hitmonlee, L86, M|225/225\n|turn|1\n|inactive|Battle timer is ON: inactive players will automatically lose when time's up. (requested by congoprince)\n|\n|t:|1770491892\n|move|p1a: Xatu|Thunder Wave|p2a: Hitmonlee\n|-status|p2a: Hitmonlee|par\n|cant|p2a: Hitmonlee|par\n|\n|upkeep\n|turn|2\n|\n|t:|1770491898\n|switch|p2a: Hoopa|Hoopa-Unbound, L81|262/262\n|move|p1a: Xatu|Psychic|p2a: Hoopa\n|-immune|p2a: Hoopa\n|\n|upkeep\n|turn|3\n|\n|t:|1770491902\n|switch|p2a: Steelix|Steelix, L80, F|251/251\n|move|p1a: Xatu|U-turn|p2a: Steelix\n|-resisted|p2a: Steelix\n|-damage|p2a: Steelix|238/251\n|\n|t:|1770491907\n|switch|p1a: Keldeo|Keldeo, L80|277/277|[from] U-turn\n|\n|upkeep\n|turn|4\n|\n|t:|1770491915\n|switch|p2a: Lilligant|Lilligant, L87, F|264/264\n|move|p1a: Keldeo|Scald|p2a: Lilligant\n|-resisted|p2a: Lilligant\n|-damage|p2a: Lilligant|198/264\n|-status|p2a: Lilligant|brn\n|-damage|p1a: Keldeo|250/277|[from] item: Life Orb\n|\n|-damage|p2a: Lilligant|182/264 brn|[from] brn\n|upkeep\n|turn|5\n|\n|t:|1770491925\n|move|p1a: Keldeo|Icy Wind|p2a: Lilligant\n|-supereffective|p2a: Lilligant\n|-damage|p2a: Lilligant|44/264 brn\n|-unboost|p2a: Lilligant|spe|1\n|-damage|p1a: Keldeo|223/277|[from] item: Life Orb\n|move|p2a: Lilligant|Giga Drain|p1a: Keldeo\n|-supereffective|p1a: Keldeo\n|-damage|p1a: Keldeo|0 fnt\n|-heal|p2a: Lilligant|156/264 brn|[from] drain|[of] p1a: Keldeo\n|faint|p1a: Keldeo\n|-damage|p2a: Lilligant|130/264 brn|[from] item: Life Orb\n|\n|-damage|p2a: Lilligant|114/264 brn|[from] brn\n|upkeep\n|\n|t:|1770491937\n|switch|p1a: Crabominable|Crabominable, L91, F|324/324\n|turn|6\n|\n|t:|1770491943\n|move|p2a: Lilligant|Sleep Powder|p1a: Crabominable|[miss]\n|-miss|p2a: Lilligant|p1a: Crabominable\n|move|p1a: Crabominable|Ice Hammer|p2a: Lilligant\n|-supereffective|p2a: Lilligant\n|-damage|p2a: Lilligant|0 fnt\n|-unboost|p1a: Crabominable|spe|1\n|faint|p2a: Lilligant\n|\n|upkeep\n|\n|t:|1770491966\n|switch|p2a: Hoopa|Hoopa-Unbound, L81|262/262\n|turn|7\n|\n|t:|1770491976\n|move|p2a: Hoopa|Zen Headbutt|p1a: Crabominable\n|-supereffective|p1a: Crabominable\n|-damage|p1a: Crabominable|0 fnt\n|faint|p1a: Crabominable\n|\n|upkeep\n|\n|t:|1770491981\n|switch|p1a: Regirock|Regirock, L87|281/281\n|turn|8\n|\n|t:|1770491985\n|switch|p2a: Steelix|Steelix, L80, F|238/251\n|move|p1a: Regirock|Curse|p1a: Regirock\n|-unboost|p1a: Regirock|spe|1\n|-boost|p1a: Regirock|atk|1\n|-boost|p1a: Regirock|def|1\n|\n|upkeep\n|turn|9\n|\n|t:|1770491992\n|detailschange|p2a: Steelix|Steelix-Mega, L80, F\n|-mega|p2a: Steelix|Steelix|Steelixite\n|move|p1a: Regirock|Curse|p1a: Regirock\n|-unboost|p1a: Regirock|spe|1\n|-boost|p1a: Regirock|atk|1\n|-boost|p1a: Regirock|def|1\n|move|p2a: Steelix|Dragon Tail|p1a: Regirock\n|-damage|p1a: Regirock|267/281\n|drag|p1a: Stoutland|Stoutland, L86, F|286/286\n|\n|upkeep\n|turn|10\n|\n|t:|1770492003\n|move|p1a: Stoutland|Superpower|p2a: Steelix\n|-supereffective|p2a: Steelix\n|-damage|p2a: Steelix|108/251\n|-unboost|p1a: Stoutland|atk|1\n|-unboost|p1a: Stoutland|def|1\n|move|p2a: Steelix|Toxic|p1a: Stoutland\n|-status|p1a: Stoutland|tox\n|\n|-damage|p1a: Stoutland|269/286 tox|[from] psn\n|upkeep\n|turn|11\n|\n|t:|1770492009\n|switch|p1a: Rotom|Rotom-Heat, L84|221/221\n|move|p2a: Steelix|Heavy Slam|p1a: Rotom\n|-resisted|p1a: Rotom\n|-damage|p1a: Rotom|188/221\n|\n|-heal|p1a: Rotom|201/221|[from] item: Leftovers\n|upkeep\n|turn|12\n|inactive|congoprince has 120 seconds left.\n|\n|t:|1770492046\n|move|p1a: Rotom|Overheat|p2a: Steelix\n|-supereffective|p2a: Steelix\n|-damage|p2a: Steelix|0 fnt\n|-unboost|p1a: Rotom|spa|2\n|faint|p2a: Steelix\n|detailschange|p2: Steelix|Steelix, L80, F|[silent]\n|\n|-heal|p1a: Rotom|214/221|[from] item: Leftovers\n|upkeep\n|\n|t:|1770492060\n|switch|p2a: Hoopa|Hoopa-Unbound, L81|262/262\n|turn|13\n|\n|t:|1770492063\n|move|p1a: Rotom|Will-O-Wisp|p2a: Hoopa\n|-status|p2a: Hoopa|brn\n|move|p2a: Hoopa|Hyperspace Fury|p1a: Rotom\n|-damage|p1a: Rotom|126/221\n|-unboost|p2a: Hoopa|def|1\n|\n|-heal|p1a: Rotom|139/221|[from] item: Leftovers\n|-damage|p2a: Hoopa|246/262 brn|[from] brn\n|upkeep\n|turn|14\n|\n|t:|1770492071\n|move|p1a: Rotom|Volt Switch|p2a: Hoopa\n|-damage|p2a: Hoopa|216/262 brn\n|\n|t:|1770492074\n|switch|p1a: Regirock|Regirock, L87|267/281|[from] Volt Switch\n|move|p2a: Hoopa|Hyperspace Fury|p1a: Regirock\n|-damage|p1a: Regirock|211/281\n|-unboost|p2a: Hoopa|def|1\n|\n|-damage|p2a: Hoopa|200/262 brn|[from] brn\n|upkeep\n|turn|15\n|\n|t:|1770492080\n|switch|p2a: Clawitzer|Clawitzer, L87, M|265/265\n|move|p1a: Regirock|Curse|p1a: Regirock\n|-unboost|p1a: Regirock|spe|1\n|-boost|p1a: Regirock|atk|1\n|-boost|p1a: Regirock|def|1\n|\n|upkeep\n|turn|16\n|\n|t:|1770492087\n|switch|p1a: Xatu|Xatu, L89, F|260/260\n|move|p2a: Clawitzer|Scald|p1a: Xatu\n|-damage|p1a: Xatu|139/260\n|\n|-heal|p1a: Xatu|155/260|[from] item: Leftovers\n|upkeep\n|turn|17\n|\n|t:|1770492094\n|move|p1a: Xatu|Roost|p1a: Xatu\n|-heal|p1a: Xatu|260/260\n|-singleturn|p1a: Xatu|move: Roost\n|move|p2a: Clawitzer|Dark Pulse|p1a: Xatu\n|-supereffective|p1a: Xatu\n|-damage|p1a: Xatu|22/260\n|\n|-heal|p1a: Xatu|38/260|[from] item: Leftovers\n|upkeep\n|turn|18\n|\n|t:|1770492102\n|move|p1a: Xatu|Psychic|p2a: Clawitzer\n|-damage|p2a: Clawitzer|198/265\n|move|p2a: Clawitzer|Dark Pulse|p1a: Xatu\n|-supereffective|p1a: Xatu\n|-damage|p1a: Xatu|0 fnt\n|faint|p1a: Xatu\n|\n|upkeep\n|\n|t:|1770492106\n|switch|p1a: Rotom|Rotom-Heat, L84|139/221\n|turn|19\n|\n|t:|1770492117\n|switch|p2a: Hoopa|Hoopa-Unbound, L81|200/262 brn\n|move|p1a: Rotom|Thunderbolt|p2a: Hoopa\n|-damage|p2a: Hoopa|127/262 brn\n|\n|-heal|p1a: Rotom|152/221|[from] item: Leftovers\n|-damage|p2a: Hoopa|111/262 brn|[from] brn\n|upkeep\n|turn|20\n|\n|t:|1770492130\n|move|p1a: Rotom|Thunderbolt|p2a: Hoopa\n|-damage|p2a: Hoopa|32/262 brn\n|move|p2a: Hoopa|Trick|p1a: Rotom\n|-activate|p2a: Hoopa|move: Trick|[of] p1a: Rotom\n|-item|p1a: Rotom|Choice Band|[from] move: Trick\n|-item|p2a: Hoopa|Leftovers|[from] move: Trick\n|\n|-heal|p2a: Hoopa|48/262 brn|[from] item: Leftovers\n|-damage|p2a: Hoopa|32/262 brn|[from] brn\n|upkeep\n|turn|21\n|\n|t:|1770492142\n|move|p1a: Rotom|Thunderbolt|p2a: Hoopa\n|-damage|p2a: Hoopa|0 fnt\n|faint|p2a: Hoopa\n|\n|upkeep\n|\n|t:|1770492147\n|switch|p2a: Hitmonlee|Hitmonlee, L86, M|225/225 par\n|turn|22\n|\n|t:|1770492160\n|switch|p1a: Regirock|Regirock, L87|211/281\n|move|p2a: Hitmonlee|High Jump Kick|p1a: Regirock\n|-supereffective|p1a: Regirock\n|-damage|p1a: Regirock|13/281\n|\n|upkeep\n|turn|23\n|\n|t:|1770492167\n|move|p2a: Hitmonlee|Mach Punch|p1a: Regirock\n|-supereffective|p1a: Regirock\n|-damage|p1a: Regirock|0 fnt\n|faint|p1a: Regirock\n|\n|upkeep\n|\n|t:|1770492169\n|switch|p1a: Stoutland|Stoutland, L86, F|269/286 tox\n|turn|24\n|\n|t:|1770492178\n|cant|p2a: Hitmonlee|par\n|move|p1a: Stoutland|Facade|p2a: Hitmonlee\n|-damage|p2a: Hitmonlee|0 fnt\n|faint|p2a: Hitmonlee\n|\n|-damage|p1a: Stoutland|252/286 tox|[from] psn\n|upkeep\n|\n|t:|1770492182\n|switch|p2a: Clawitzer|Clawitzer, L87, M|198/265\n|turn|25\n|\n|t:|1770492189\n|move|p1a: Stoutland|Facade|p2a: Clawitzer\n|-damage|p2a: Clawitzer|0 fnt\n|faint|p2a: Clawitzer\n|\n|-damage|p1a: Stoutland|218/286 tox|[from] psn\n|upkeep\n|-message|congoprince forfeited.\n|\n|win|imsobaked\n|raw|imsobaked's rating: 1578 &rarr; <strong>1601</strong><br />(+23 for winning)\n|raw|congoprince's rating: 1636 &rarr; <strong>1613</strong><br />(-23 for losing)\n|l|☆congoprince\n|player|p2|\n", "inputlog": ">version ccdc32dd7cde25fd9e4bed64820e885f66e78a4e\n>start {\"formatid\":\"gen7randombattle\",\"seed\":\"sodium,d0cdabf7c2264d783a6957137d7e43f8\",\"rated\":\"Rated battle\"}\n>player p1 {\"name\":\"imsobaked\",\"avatar\":\"hiker-gen4\",\"rating\":1578,\"seed\":\"sodium,b29424fd241d1064f144285808305d02\"}\n>player p2 {\"name\":\"congoprince\",\"avatar\":\"101\",\"rating\":1636,\"seed\":\"sodium,4fcfd0b3d84eb5a72e28ab2b4eeb6cd4\"}\n>p1 move thunderwave\n>p2 move knockoff\n>p1 move psychic\n>p2 switch 3\n>p1 move uturn\n>p2 switch 4\n>p1 switch 2\n>p1 move scald\n>p2 switch 6\n>p1 move icywind\n>p2 move gigadrain\n>p1 switch 4\n>p1 move icehammer\n>p2 move sleeppowder\n>p2 switch 4\n>p1 move icehammer\n>p2 move zenheadbutt\n>p1 switch 6\n>p1 move curse\n>p2 switch 6\n>p1 move curse\n>p2 move dragontail mega\n>p1 move superpower\n>p2 move toxic\n>p1 switch 5\n>p2 move heavyslam\n>p1 move overheat\n>p2 move toxic\n>p2 switch 6\n>p1 move willowisp\n>p2 move hyperspacefury\n>p1 move voltswitch\n>p2 move hyperspacefury\n>p1 switch 3\n>p1 move curse\n>p2 switch 5\n>p1 switch 2\n>p2 move scald\n>p1 move roost\n>p2 move darkpulse\n>p1 move psychic\n>p2 move darkpulse\n>p1 switch 3\n>p1 move thunderbolt\n>p2 switch 5\n>p1 move thunderbolt\n>p2 move trick\n>p1 move thunderbolt\n>p2 move hyperspacefury\n>p2 switch 3\n>p1 switch 2\n>p2 move highjumpkick\n>p1 move stoneedge\n>p2 move machpunch\n>p1 switch 5\n>p1 move facade\n>p2 move machpunch\n>p2 switch 5\n>p1 move facade\n>p2 move scald\n>forcelose p2", "uploadtime": 1770492200, "views": 201, "formatid": "gen7randombattle", "rating": 1601, "private": 0, "password": null}