{"id": "gen7randombattle-2540873393", "format": "[Gen 7] Random Battle", "players": ["chelioss", "NTsweeper007"], "log": "|j|☆chelioss\n|j|☆NTsweeper007\n|t:|1771262727\n|gametype|singles\n|player|p1|chelioss|169|1710\n|player|p2|NTsweeper007|hilbert-wonderlauncher|1724\n|gen|7\n|tier|[Gen 7] Random Battle\n|rated|\n|rule|Sleep Clause Mod: Limit one foe put to sleep\n|rule|HP Percentage Mod: HP is shown in percentages\n|rule|Illusion Level Mod: Illusion disguises the Pokémon's true level\n|\n|t:|1771262727\n|teamsize|p1|6\n|teamsize|p2|6\n|start\n|switch|p1a: Rhydon|Rhydon, L85, F|317/317\n|switch|p2a: Floette|Floette-Eternal, L83, F|259/259\n|turn|1\n|inactive|Battle timer is ON: inactive players will automatically lose when time's up. (requested by chelioss)\n|j| Mfvdfv\n|\n|t:|1771262752\n|switch|p1a: Kecleon|Kecleon, L90, M|254/254\n|move|p2a: Floette|Moonblast|p1a: Kecleon\n|-damage|p1a: Kecleon|170/254\n|-unboost|p1a: Kecleon|spa|1\n|\n|upkeep\n|turn|2\n|\n|t:|1771262766\n|switch|p2a: Skarmory|Skarmory, L75, M|221/221\n|move|p1a: Kecleon|Fake Out|p2a: Skarmory\n|-resisted|p2a: Skarmory\n|-damage|p2a: Skarmory|202/221\n|\n|-heal|p2a: Skarmory|215/221|[from] item: Leftovers\n|upkeep\n|turn|3\n|\n|t:|1771262779\n|switch|p1a: Simisear|Simisear, L89, F|278/278\n|move|p2a: Skarmory|Stealth Rock|p1a: Simisear\n|-sidestart|p1: chelioss|move: Stealth Rock\n|\n|-heal|p2a: Skarmory|221/221|[from] item: Leftovers\n|upkeep\n|turn|4\n|\n|t:|1771262789\n|switch|p2a: Wobbuffet|Wobbuffet, L94, F|510/510\n|move|p1a: Simisear|Nasty Plot|p1a: Simisear\n|-boost|p1a: Simisear|spa|2\n|\n|upkeep\n|turn|5\n|\n|t:|1771262816\n|move|p1a: Simisear|Nasty Plot|p1a: Simisear\n|-boost|p1a: Simisear|spa|2\n|move|p2a: Wobbuffet|Encore|p1a: Simisear\n|-start|p1a: Simisear|Encore\n|\n|upkeep\n|turn|6\n|\n|t:|1771262832\n|switch|p2a: Hitmonchan|Hitmonchan, L87, M|229/229\n|move|p1a: Simisear|Nasty Plot|p1a: Simisear\n|-boost|p1a: Simisear|spa|2\n|\n|upkeep\n|turn|7\n|\n|t:|1771262841\n|switch|p1a: Unown|Unown-H|258/258\n|-damage|p1a: Unown|226/258|[from] Stealth Rock\n|move|p2a: Hitmonchan|Drain Punch|p1a: Unown\n|-resisted|p1a: Unown\n|-damage|p1a: Unown|117/258\n|\n|upkeep\n|turn|8\n|\n|t:|1771262848\n|switch|p2a: Skarmory|Skarmory, L75, M|221/221\n|move|p1a: Unown|Hidden Power|p2a: Skarmory\n|-resisted|p2a: Skarmory\n|-damage|p2a: Skarmory|144/221\n|\n|-heal|p2a: Skarmory|157/221|[from] item: Leftovers\n|upkeep\n|turn|9\n|\n|t:|1771262855\n|move|p1a: Unown|Hidden Power|p2a: Skarmory\n|-resisted|p2a: Skarmory\n|-crit|p2a: Skarmory\n|-damage|p2a: Skarmory|52/221\n|move|p2a: Skarmory|Spikes|p1a: Unown\n|-sidestart|p1: chelioss|Spikes\n|\n|-heal|p2a: Skarmory|65/221|[from] item: Leftovers\n|upkeep\n|turn|10\n|\n|t:|1771262862\n|switch|p2a: Wobbuffet|Wobbuffet, L94, F|510/510\n|move|p1a: Unown|Hidden Power|p2a: Wobbuffet\n|-resisted|p2a: Wobbuffet\n|-damage|p2a: Wobbuffet|450/510\n|\n|upkeep\n|turn|11\n|\n|t:|1771262868\n|move|p1a: Unown|Hidden Power|p2a: Wobbuffet\n|-resisted|p2a: Wobbuffet\n|-damage|p2a: Wobbuffet|384/510\n|move|p2a: Wobbuffet|Mirror Coat|p1a: Unown\n|-damage|p1a: Unown|0 fnt\n|faint|p1a: Unown\n|\n|upkeep\n|\n|t:|1771262878\n|switch|p1a: Decidueye|Decidueye, L87, M|277/277\n|-damage|p1a: Decidueye|243/277|[from] Stealth Rock\n|-damage|p1a: Decidueye|209/277|[from] Spikes\n|turn|12\n|\n|t:|1771262886\n|switch|p2a: Skarmory|Skarmory, L75, M|65/221\n|move|p1a: Decidueye|Swords Dance|p1a: Decidueye\n|-boost|p1a: Decidueye|atk|2\n|\n|-heal|p2a: Skarmory|78/221|[from] item: Leftovers\n|upkeep\n|turn|13\n|\n|t:|1771262894\n|move|p1a: Decidueye|Spirit Shackle|p2a: Skarmory\n|-damage|p2a: Skarmory|0 fnt\n|faint|p2a: Skarmory\n|\n|upkeep\n|\n|t:|1771262905\n|switch|p2a: Hitmonchan|Hitmonchan, L87, M|229/229\n|turn|14\n|\n|t:|1771262918\n|move|p2a: Hitmonchan|Ice Punch|p1a: Decidueye\n|-supereffective|p1a: Decidueye\n|-damage|p1a: Decidueye|0 fnt\n|faint|p1a: Decidueye\n|\n|upkeep\n|\n|t:|1771262924\n|switch|p1a: Simisear|Simisear, L89, F|278/278\n|-damage|p1a: Simisear|209/278|[from] Stealth Rock\n|-damage|p1a: Simisear|175/278|[from] Spikes\n|turn|15\n|\n|t:|1771262929\n|switch|p2a: Wobbuffet|Wobbuffet, L94, F|384/510\n|move|p1a: Simisear|Nasty Plot|p1a: Simisear\n|-boost|p1a: Simisear|spa|2\n|\n|upkeep\n|turn|16\n|\n|t:|1771262936\n|move|p1a: Simisear|Fire Blast|p2a: Wobbuffet\n|-damage|p2a: Wobbuffet|0 fnt\n|faint|p2a: Wobbuffet\n|-damage|p1a: Simisear|148/278|[from] item: Life Orb\n|\n|upkeep\n|\n|t:|1771262943\n|switch|p2a: Floette|Floette-Eternal, L83, F|259/259\n|turn|17\n|\n|t:|1771262946\n|move|p1a: Simisear|Fire Blast|p2a: Floette|[miss]\n|-miss|p1a: Simisear|p2a: Floette\n|move|p2a: Floette|Light of Ruin|p1a: Simisear\n|-resisted|p1a: Simisear\n|-damage|p1a: Simisear|1/278\n|-damage|p2a: Floette|185/259|[from] Recoil\n|\n|upkeep\n|turn|18\n|c|☆chelioss|...\n|\n|t:|1771262953\n|move|p1a: Simisear|Fire Blast|p2a: Floette\n|-damage|p2a: Floette|0 fnt\n|faint|p2a: Floette\n|-damage|p1a: Simisear|0 fnt|[from] item: Life Orb\n|faint|p1a: Simisear\n|\n|upkeep\n|\n|t:|1771262961\n|switch|p1a: Kecleon|Kecleon, L90, M|170/254\n|switch|p2a: Hitmonchan|Hitmonchan, L87, M|229/229\n|-damage|p1a: Kecleon|139/254|[from] Stealth Rock\n|-damage|p1a: Kecleon|108/254|[from] Spikes\n|turn|19\n|\n|t:|1771262967\n|move|p1a: Kecleon|Fake Out|p2a: Hitmonchan\n|-damage|p2a: Hitmonchan|184/229\n|cant|p2a: Hitmonchan|flinch\n|\n|upkeep\n|turn|20\n|\n|t:|1771262977\n|move|p1a: Kecleon|Shadow Sneak|p2a: Hitmonchan\n|-start|p1a: Kecleon|typechange|Ghost|[from] ability: Protean\n|-damage|p2a: Hitmonchan|135/229\n|move|p2a: Hitmonchan|Drain Punch|p1a: Kecleon\n|-immune|p1a: Kecleon\n|\n|upkeep\n|turn|21\n|\n|t:|1771262987\n|switch|p2a: Abomasnow|Abomasnow, L83, F|285/285\n|-weather|Hail|[from] ability: Snow Warning|[of] p2a: Abomasnow\n|move|p1a: Kecleon|Drain Punch|p2a: Abomasnow\n|-start|p1a: Kecleon|typechange|Fighting|[from] ability: Protean\n|-supereffective|p2a: Abomasnow\n|-damage|p2a: Abomasnow|91/285\n|-heal|p1a: Kecleon|205/254|[from] drain|[of] p2a: Abomasnow\n|\n|-weather|Hail|[upkeep]\n|-damage|p1a: Kecleon|190/254|[from] Hail\n|upkeep\n|turn|22\n|inactive|chelioss has 120 seconds left.\n|\n|t:|1771263024\n|move|p1a: Kecleon|Sucker Punch|p2a: Abomasnow\n|-start|p1a: Kecleon|typechange|Dark|[from] ability: Protean\n|-damage|p2a: Abomasnow|4/285\n|move|p2a: Abomasnow|Wood Hammer|p1a: Kecleon\n|-damage|p1a: Kecleon|69/254\n|-damage|p2a: Abomasnow|0 fnt|[from] Recoil\n|faint|p2a: Abomasnow\n|\n|-weather|Hail|[upkeep]\n|-damage|p1a: Kecleon|54/254|[from] Hail\n|upkeep\n|\n|t:|1771263029\n|switch|p2a: Shaymin|Shaymin-Sky, L73|266/266\n|turn|23\n|\n|t:|1771263038\n|move|p1a: Kecleon|Shadow Sneak|p2a: Shaymin\n|-start|p1a: Kecleon|typechange|Ghost|[from] ability: Protean\n|-damage|p2a: Shaymin|209/266\n|move|p2a: Shaymin|Substitute|p2a: Shaymin\n|-start|p2a: Shaymin|Substitute\n|-damage|p2a: Shaymin|143/266\n|\n|-weather|Hail|[upkeep]\n|-damage|p2a: Shaymin|127/266|[from] Hail\n|-damage|p1a: Kecleon|39/254|[from] Hail\n|-heal|p2a: Shaymin|143/266|[from] item: Leftovers\n|upkeep\n|turn|24\n|\n|t:|1771263049\n|move|p1a: Kecleon|Sucker Punch||[still]\n|-fail|p1a: Kecleon\n|move|p2a: Shaymin|Leech Seed|p1a: Kecleon\n|-start|p1a: Kecleon|move: Leech Seed\n|\n|-weather|Hail|[upkeep]\n|-damage|p2a: Shaymin|127/266|[from] Hail\n|-damage|p1a: Kecleon|24/254|[from] Hail\n|-heal|p2a: Shaymin|143/266|[from] item: Leftovers\n|-damage|p1a: Kecleon|0 fnt|[from] Leech Seed|[of] p2a: Shaymin\n|-heal|p2a: Shaymin|167/266|[silent]\n|faint|p1a: Kecleon\n|upkeep\n|l| Mfvdfv\n|c|☆chelioss|wp\n|\n|t:|1771263059\n|switch|p1a: Skarmory|Skarmory, L75, F|221/221\n|-damage|p1a: Skarmory|194/221|[from] Stealth Rock\n|turn|25\n|\n|t:|1771263063\n|move|p2a: Shaymin|Leech Seed|p1a: Skarmory\n|-start|p1a: Skarmory|move: Leech Seed\n|move|p1a: Skarmory|Brave Bird|p2a: Shaymin\n|-supereffective|p2a: Shaymin\n|-end|p2a: Shaymin|Substitute\n|-damage|p1a: Skarmory|172/221|[from] Recoil|[of] p2a: Shaymin\n|\n|-weather|none\n|-heal|p2a: Shaymin|183/266|[from] item: Leftovers\n|-heal|p1a: Skarmory|185/221|[from] item: Leftovers\n|-damage|p1a: Skarmory|158/221|[from] Leech Seed|[of] p2a: Shaymin\n|-heal|p2a: Shaymin|210/266|[silent]\n|upkeep\n|turn|26\n|j| Mfvdfv\n|\n|t:|1771263074\n|switch|p1a: Rhydon|Rhydon, L85, F|317/317\n|-damage|p1a: Rhydon|298/317|[from] Stealth Rock\n|-damage|p1a: Rhydon|259/317|[from] Spikes\n|move|p2a: Shaymin|Substitute|p2a: Shaymin\n|-start|p2a: Shaymin|Substitute\n|-damage|p2a: Shaymin|144/266\n|\n|-heal|p2a: Shaymin|160/266|[from] item: Leftovers\n|upkeep\n|turn|27\n|\n|t:|1771263085\n|move|p2a: Shaymin|Seed Flare|p1a: Rhydon\n|-supereffective|p1a: Rhydon\n|-damage|p1a: Rhydon|0 fnt\n|faint|p1a: Rhydon\n|\n|-heal|p2a: Shaymin|176/266|[from] item: Leftovers\n|upkeep\n|c|☆chelioss|gg\n|\n|t:|1771263091\n|switch|p1a: Skarmory|Skarmory, L75, F|158/221\n|-damage|p1a: Skarmory|131/221|[from] Stealth Rock\n|turn|28\n|c|☆NTsweeper007|gg\n|\n|t:|1771263094\n|move|p2a: Shaymin|Leech Seed|p1a: Skarmory\n|-start|p1a: Skarmory|move: Leech Seed\n|move|p1a: Skarmory|Brave Bird|p2a: Shaymin\n|-supereffective|p2a: Shaymin\n|-end|p2a: Shaymin|Substitute\n|-damage|p1a: Skarmory|109/221|[from] Recoil|[of] p2a: Shaymin\n|\n|-heal|p2a: Shaymin|192/266|[from] item: Leftovers\n|-heal|p1a: Skarmory|122/221|[from] item: Leftovers\n|-damage|p1a: Skarmory|95/221|[from] Leech Seed|[of] p2a: Shaymin\n|-heal|p2a: Shaymin|219/266|[silent]\n|upkeep\n|turn|29\n|-message|chelioss forfeited.\n|\n|win|NTsweeper007\n|raw|chelioss's rating: 1710 &rarr; <strong>1691</strong><br />(-19 for losing)\n|raw|NTsweeper007's rating: 1724 &rarr; <strong>1743</strong><br />(+19 for winning)\n|l|☆chelioss\n|player|p1|\n|l| Mfvdfv\n", "inputlog": ">version 686819e5e19f8a7fd2345cfc5a08a5085efa2cc3\n>start {\"formatid\":\"gen7randombattle\",\"seed\":\"sodium,e319af9d8263fe4db9825f13c1875133\",\"rated\":\"Rated battle\"}\n>player p1 {\"name\":\"chelioss\",\"avatar\":\"169\",\"rating\":1710,\"seed\":\"sodium,09c5e67123b3db242424835c8022b7da\"}\n>player p2 {\"name\":\"NTsweeper007\",\"avatar\":\"hilbert-wonderlauncher\",\"rating\":1724,\"seed\":\"sodium,46fa1a90e90a08fb48ffb6b394c91a60\"}\n>p1 switch 2\n>p2 move moonblast\n>p1 move fakeout\n>p2 switch 6\n>p1 switch 3\n>p2 move stealthrock\n>p1 move nastyplot\n>p2 switch 4\n>p1 move nastyplot\n>p2 move encore\n>p1 move nastyplot\n>p2 switch 3\n>p1 switch 5\n>p2 move drainpunch\n>p1 move hiddenpower\n>p2 switch 4\n>p1 move hiddenpower\n>p2 move spikes\n>p1 move hiddenpower\n>p2 switch 3\n>p1 move hiddenpower\n>p2 move mirrorcoat\n>p1 switch 4\n>p1 move swordsdance\n>p2 switch 3\n>p1 move spiritshackle\n>p2 move spikes\n>p2 switch 4\n>p1 move spiritshackle\n>p2 move icepunch\n>p1 switch 5\n>p1 move nastyplot\n>p2 switch 3\n>p1 move fireblast\n>p2 move encore\n>p2 switch 6\n>p1 move fireblast\n>p2 move lightofruin\n>chat ☆chelioss|...\n>p1 move fireblast\n>p2 move lightofruin\n>p1 switch 3\n>p2 switch 3\n>p1 move fakeout\n>p2 move drainpunch\n>p1 move shadowsneak\n>p2 move drainpunch\n>p1 move drainpunch\n>p2 switch 2\n>p1 move suckerpunch\n>p2 move woodhammer\n>p2 switch 5\n>p1 move shadowsneak\n>p2 move substitute\n>p1 move suckerpunch\n>p2 move leechseed\n>chat ☆chelioss|wp\n>p1 switch 6\n>p1 move bravebird\n>p2 move leechseed\n>p1 switch 2\n>p2 move substitute\n>p1 move stoneedge\n>p2 move seedflare\n>chat ☆chelioss|gg\n>p1 switch 2\n>chat ☆NTsweeper007|gg\n>p1 move bravebird\n>p2 move leechseed\n>forcelose p1", "uploadtime": 1771263102, "views": 3, "formatid": "gen7randombattle", "rating": 1691, "private": 0, "password": null}