{"id": "gen7randombattle-2525044569", "format": "[Gen 7] Random Battle", "players": ["XxGokhanxX", "Julianoss001"], "log": "|j|☆XxGokhanxX\n|j|☆Julianoss001\n|t:|1769221157\n|gametype|singles\n|player|p1|XxGokhanxX|lucas|1542\n|player|p2|Julianoss001|bruno-gen3|1579\n|gen|7\n|tier|[Gen 7] Random Battle\n|rated|\n|rule|Sleep Clause Mod: Limit one foe put to sleep\n|rule|HP Percentage Mod: HP is shown in percentages\n|rule|Illusion Level Mod: Illusion disguises the Pokémon's true level\n|\n|t:|1769221157\n|teamsize|p1|6\n|teamsize|p2|6\n|start\n|switch|p1a: Froslass|Froslass, L87, F|264/264\n|switch|p2a: Salazzle|Salazzle, L84, F|251/251\n|turn|1\n|inactive|Battle timer is ON: inactive players will automatically lose when time's up. (requested by XxGokhanxX)\n|\n|t:|1769221174\n|move|p2a: Salazzle|Toxic|p1a: Froslass\n|-status|p1a: Froslass|tox\n|move|p1a: Froslass|Thunder Wave|p2a: Salazzle\n|-status|p2a: Salazzle|par\n|\n|-damage|p1a: Froslass|248/264 tox|[from] psn\n|upkeep\n|turn|2\n|\n|t:|1769221184\n|move|p1a: Froslass|Shadow Ball|p2a: Salazzle\n|-damage|p2a: Salazzle|140/251 par\n|cant|p2a: Salazzle|par\n|\n|-heal|p1a: Froslass|264/264 tox|[from] item: Leftovers\n|-heal|p2a: Salazzle|155/251 par|[from] item: Black Sludge\n|-damage|p1a: Froslass|232/264 tox|[from] psn\n|upkeep\n|turn|3\n|\n|t:|1769221192\n|move|p2a: Salazzle|Protect|p2a: Salazzle\n|-singleturn|p2a: Salazzle|Protect\n|move|p1a: Froslass|Shadow Ball|p2a: Salazzle\n|-activate|p2a: Salazzle|move: Protect\n|\n|-heal|p1a: Froslass|248/264 tox|[from] item: Leftovers\n|-heal|p2a: Salazzle|170/251 par|[from] item: Black Sludge\n|-damage|p1a: Froslass|200/264 tox|[from] psn\n|upkeep\n|turn|4\n|\n|t:|1769221204\n|move|p1a: Froslass|Shadow Ball|p2a: Salazzle\n|-damage|p2a: Salazzle|76/251 par\n|move|p2a: Salazzle|Flamethrower|p1a: Froslass\n|-supereffective|p1a: Froslass\n|-damage|p1a: Froslass|0 fnt\n|faint|p1a: Froslass\n|\n|-heal|p2a: Salazzle|91/251 par|[from] item: Black Sludge\n|upkeep\n|\n|t:|1769221220\n|switch|p1a: Kyogre|Kyogre, L69|252/252\n|-weather|RainDance|[from] ability: Drizzle|[of] p1a: Kyogre\n|turn|5\n|\n|t:|1769221226\n|move|p1a: Kyogre|Water Spout|p2a: Salazzle\n|-supereffective|p2a: Salazzle\n|-damage|p2a: Salazzle|0 fnt\n|faint|p2a: Salazzle\n|\n|-weather|RainDance|[upkeep]\n|upkeep\n|\n|t:|1769221247\n|switch|p2a: Eelektross|Eelektross, L88, M|293/293\n|turn|6\n|\n|t:|1769221251\n|move|p1a: Kyogre|Water Spout|p2a: Eelektross\n|-damage|p2a: Eelektross|142/293\n|move|p2a: Eelektross|Discharge|p1a: Kyogre\n|-supereffective|p1a: Kyogre\n|-damage|p1a: Kyogre|90/252\n|-status|p1a: Kyogre|par\n|\n|-weather|RainDance|[upkeep]\n|upkeep\n|turn|7\n|c|☆Julianoss001|What a waste of a Kyogre\n|\n|t:|1769221275\n|move|p2a: Eelektross|Discharge|p1a: Kyogre\n|-supereffective|p1a: Kyogre\n|-damage|p1a: Kyogre|0 fnt\n|faint|p1a: Kyogre\n|\n|-weather|RainDance|[upkeep]\n|upkeep\n|\n|t:|1769221284\n|switch|p1a: Florges|Florges-White, L85, F|271/271\n|turn|8\n|\n|t:|1769221290\n|switch|p2a: Ariados|Ariados, L92, M|278/278\n|move|p1a: Florges|Moonblast|p2a: Ariados\n|-resisted|p2a: Ariados\n|-damage|p2a: Ariados|212/278\n|-unboost|p2a: Ariados|spa|1\n|\n|-weather|RainDance|[upkeep]\n|-heal|p2a: Ariados|229/278|[from] item: Black Sludge\n|upkeep\n|turn|9\n|\n|t:|1769221299\n|switch|p1a: Venusaur|Venusaur, L78, F|253/253\n|move|p2a: Ariados|Sticky Web|p1a: Venusaur\n|-sidestart|p1: XxGokhanxX|move: Sticky Web\n|\n|-weather|none\n|-heal|p2a: Ariados|246/278|[from] item: Black Sludge\n|upkeep\n|turn|10\n|\n|t:|1769221312\n|switch|p2a: Eelektross|Eelektross, L88, M|142/293\n|detailschange|p1a: Venusaur|Venusaur-Mega, L78, F\n|-mega|p1a: Venusaur|Venusaur|Venusaurite\n|move|p1a: Venusaur|Sleep Powder|p2a: Eelektross\n|-status|p2a: Eelektross|slp|[from] move: Sleep Powder\n|\n|upkeep\n|turn|11\n|\n|t:|1769221323\n|switch|p2a: Drifblim|Drifblim, L85, M|392/392\n|move|p1a: Venusaur|Sludge Bomb|p2a: Drifblim\n|-resisted|p2a: Drifblim\n|-damage|p2a: Drifblim|323/392\n|\n|upkeep\n|turn|12\n|\n|t:|1769221336\n|switch|p1a: Shaymin|Shaymin-Sky, L73|266/266\n|move|p2a: Drifblim|Substitute|p2a: Drifblim\n|-start|p2a: Drifblim|Substitute\n|-damage|p2a: Drifblim|225/392\n|\n|upkeep\n|turn|13\n|\n|t:|1769221346\n|move|p1a: Shaymin|Air Slash|p2a: Drifblim\n|-end|p2a: Drifblim|Substitute\n|move|p2a: Drifblim|Substitute|p2a: Drifblim\n|-start|p2a: Drifblim|Substitute\n|-damage|p2a: Drifblim|127/392\n|-enditem|p2a: Drifblim|Sitrus Berry|[eat]\n|-heal|p2a: Drifblim|225/392|[from] item: Sitrus Berry\n|\n|upkeep\n|turn|14\n|\n|t:|1769221357\n|move|p2a: Drifblim|Acrobatics|p1a: Shaymin\n|-supereffective|p1a: Shaymin\n|-damage|p1a: Shaymin|12/266\n|move|p1a: Shaymin|Air Slash|p2a: Drifblim\n|-activate|p2a: Drifblim|move: Substitute|[damage]\n|\n|-heal|p1a: Shaymin|28/266|[from] item: Leftovers\n|upkeep\n|turn|15\n|\n|t:|1769221365\n|move|p2a: Drifblim|Acrobatics|p1a: Shaymin\n|-supereffective|p1a: Shaymin\n|-damage|p1a: Shaymin|0 fnt\n|faint|p1a: Shaymin\n|\n|upkeep\n|\n|t:|1769221369\n|switch|p1a: Arcanine|Arcanine, L84, F|288/288\n|-activate|p1a: Arcanine|move: Sticky Web\n|-unboost|p1a: Arcanine|spe|1\n|-ability|p1a: Arcanine|Intimidate|boost\n|-immune|p2a: Drifblim\n|turn|16\n|c|☆Julianoss001|Sorry 'bout that\n|\n|t:|1769221381\n|move|p2a: Drifblim|Acrobatics|p1a: Arcanine\n|-damage|p1a: Arcanine|183/288\n|move|p1a: Arcanine|Flare Blitz|p2a: Drifblim\n|-end|p2a: Drifblim|Substitute\n|-damage|p1a: Arcanine|181/288|[from] Recoil|[of] p2a: Drifblim\n|-damage|p1a: Arcanine|153/288|[from] item: Life Orb\n|\n|upkeep\n|turn|17\n|\n|t:|1769221396\n|switch|p2a: Cherrim|Cherrim, L99, F|299/299\n|move|p1a: Arcanine|Flare Blitz|p2a: Cherrim\n|-supereffective|p2a: Cherrim\n|-damage|p2a: Cherrim|0 fnt\n|faint|p2a: Cherrim\n|-damage|p1a: Arcanine|54/288|[from] Recoil\n|-damage|p1a: Arcanine|26/288|[from] item: Life Orb\n|\n|upkeep\n|\n|t:|1769221405\n|switch|p2a: Ariados|Ariados, L92, M|246/278\n|turn|18\n|\n|t:|1769221408\n|move|p2a: Ariados|Sucker Punch|p1a: Arcanine\n|-damage|p1a: Arcanine|0 fnt\n|faint|p1a: Arcanine\n|\n|-heal|p2a: Ariados|263/278|[from] item: Black Sludge\n|upkeep\n|\n|t:|1769221413\n|switch|p1a: Venusaur|Venusaur-Mega, L78, F|253/253\n|-activate|p1a: Venusaur|move: Sticky Web\n|-unboost|p1a: Venusaur|spe|1\n|turn|19\n|\n|t:|1769221418\n|move|p2a: Ariados|Megahorn|p1a: Venusaur\n|-crit|p1a: Venusaur\n|-damage|p1a: Venusaur|88/253\n|move|p1a: Venusaur|Sludge Bomb|p2a: Ariados\n|-resisted|p2a: Ariados\n|-damage|p2a: Ariados|206/278\n|\n|-heal|p2a: Ariados|223/278|[from] item: Black Sludge\n|upkeep\n|turn|20\n|\n|t:|1769221426\n|move|p2a: Ariados|Poison Jab|p1a: Venusaur\n|-damage|p1a: Venusaur|13/253\n|move|p1a: Venusaur|Synthesis|p1a: Venusaur\n|-heal|p1a: Venusaur|139/253\n|\n|-heal|p2a: Ariados|240/278|[from] item: Black Sludge\n|upkeep\n|turn|21\n|\n|t:|1769221432\n|move|p2a: Ariados|Megahorn|p1a: Venusaur\n|-damage|p1a: Venusaur|22/253\n|move|p1a: Venusaur|Synthesis|p1a: Venusaur\n|-heal|p1a: Venusaur|148/253\n|\n|-heal|p2a: Ariados|257/278|[from] item: Black Sludge\n|upkeep\n|turn|22\n|\n|t:|1769221438\n|move|p2a: Ariados|Megahorn|p1a: Venusaur\n|-damage|p1a: Venusaur|39/253\n|move|p1a: Venusaur|Synthesis|p1a: Venusaur\n|-heal|p1a: Venusaur|165/253\n|\n|-heal|p2a: Ariados|274/278|[from] item: Black Sludge\n|upkeep\n|turn|23\n|\n|t:|1769221444\n|move|p2a: Ariados|Megahorn|p1a: Venusaur\n|-damage|p1a: Venusaur|38/253\n|move|p1a: Venusaur|Synthesis|p1a: Venusaur\n|-heal|p1a: Venusaur|164/253\n|\n|-heal|p2a: Ariados|278/278|[from] item: Black Sludge\n|upkeep\n|turn|24\n|\n|t:|1769221451\n|move|p2a: Ariados|Megahorn|p1a: Venusaur\n|-damage|p1a: Venusaur|43/253\n|move|p1a: Venusaur|Synthesis|p1a: Venusaur\n|-heal|p1a: Venusaur|169/253\n|\n|upkeep\n|turn|25\n|\n|t:|1769221455\n|move|p2a: Ariados|Megahorn|p1a: Venusaur|[miss]\n|-miss|p2a: Ariados|p1a: Venusaur\n|move|p1a: Venusaur|Synthesis|p1a: Venusaur\n|-heal|p1a: Venusaur|253/253\n|\n|upkeep\n|turn|26\n|\n|t:|1769221464\n|move|p2a: Ariados|Megahorn|p1a: Venusaur\n|-damage|p1a: Venusaur|133/253\n|move|p1a: Venusaur|Sludge Bomb|p2a: Ariados\n|-resisted|p2a: Ariados\n|-damage|p2a: Ariados|222/278\n|\n|-heal|p2a: Ariados|239/278|[from] item: Black Sludge\n|upkeep\n|turn|27\n|\n|t:|1769221471\n|move|p2a: Ariados|Megahorn|p1a: Venusaur|[miss]\n|-miss|p2a: Ariados|p1a: Venusaur\n|move|p1a: Venusaur|Synthesis|p1a: Venusaur\n|-heal|p1a: Venusaur|253/253\n|\n|-heal|p2a: Ariados|256/278|[from] item: Black Sludge\n|upkeep\n|turn|28\n|\n|t:|1769221479\n|move|p2a: Ariados|Megahorn|p1a: Venusaur\n|-damage|p1a: Venusaur|126/253\n|move|p1a: Venusaur|Sludge Bomb|p2a: Ariados\n|-resisted|p2a: Ariados\n|-damage|p2a: Ariados|202/278\n|\n|-heal|p2a: Ariados|219/278|[from] item: Black Sludge\n|upkeep\n|turn|29\n|\n|t:|1769221485\n|move|p2a: Ariados|Megahorn|p1a: Venusaur\n|-damage|p1a: Venusaur|8/253\n|move|p1a: Venusaur|Synthesis|p1a: Venusaur\n|-heal|p1a: Venusaur|134/253\n|\n|-heal|p2a: Ariados|236/278|[from] item: Black Sludge\n|upkeep\n|turn|30\n|\n|t:|1769221492\n|move|p2a: Ariados|Megahorn|p1a: Venusaur\n|-crit|p1a: Venusaur\n|-damage|p1a: Venusaur|0 fnt\n|faint|p1a: Venusaur\n|detailschange|p1: Venusaur|Venusaur, L78, F|[silent]\n|\n|-heal|p2a: Ariados|253/278|[from] item: Black Sludge\n|upkeep\n|\n|t:|1769221497\n|switch|p1a: Florges|Florges-White, L85, F|271/271\n|-activate|p1a: Florges|move: Sticky Web\n|-unboost|p1a: Florges|spe|1\n|turn|31\n|\n|t:|1769221501\n|move|p2a: Ariados|Poison Jab|p1a: Florges\n|-supereffective|p1a: Florges\n|-damage|p1a: Florges|47/271\n|move|p1a: Florges|Moonblast|p2a: Ariados\n|-resisted|p2a: Ariados\n|-damage|p2a: Ariados|192/278\n|-unboost|p2a: Ariados|spa|1\n|\n|-heal|p2a: Ariados|209/278|[from] item: Black Sludge\n|-heal|p1a: Florges|63/271|[from] item: Leftovers\n|upkeep\n|turn|32\n|\n|t:|1769221511\n|move|p2a: Ariados|Poison Jab|p1a: Florges\n|-supereffective|p1a: Florges\n|-damage|p1a: Florges|0 fnt\n|faint|p1a: Florges\n|\n|win|Julianoss001\n|raw|XxGokhanxX's rating: 1542 &rarr; <strong>1524</strong><br />(-18 for losing)\n|raw|Julianoss001's rating: 1579 &rarr; <strong>1597</strong><br />(+18 for winning)\n|c|☆XxGokhanxX|gg\n|l|☆XxGokhanxX\n|player|p1|\n|c|☆Julianoss001|Gg\n|l|☆Julianoss001\n|player|p2|\n|j|☆Julianoss001\n|player|p2|Julianoss001|bruno-gen3|\n", "inputlog": ">version dd3d52b8382d73d1dd2c67730c4067df325ab790\n>start {\"formatid\":\"gen7randombattle\",\"seed\":\"sodium,bf4fd3a70623ea21d97dd89853e76a75\",\"rated\":\"Rated battle\"}\n>player p1 {\"name\":\"XxGokhanxX\",\"avatar\":\"lucas\",\"rating\":1542,\"seed\":\"sodium,26c409f5aed4d75e94df86bd3b44dc7e\"}\n>player p2 {\"name\":\"Julianoss001\",\"avatar\":\"bruno-gen3\",\"rating\":1579,\"seed\":\"sodium,726f1da005fff785140722add2cc2ec5\"}\n>p1 move thunderwave\n>p2 move toxic\n>p1 move shadowball\n>p2 move toxic\n>p1 move shadowball\n>p2 move protect\n>p1 move shadowball\n>p2 move flamethrower\n>p1 switch 3\n>p1 move waterspout\n>p2 move toxic\n>p2 switch 5\n>p1 move waterspout\n>p2 move discharge\n>chat ☆Julianoss001|What a waste of a Kyogre\n>p1 move waterspout\n>p2 move discharge\n>p1 switch 2\n>p1 move moonblast\n>p2 switch 2\n>p1 switch 6\n>p2 move stickyweb\n>p1 move sleeppowder mega\n>p2 switch 2\n>p1 move sludgebomb\n>p2 switch 4\n>p1 switch 5\n>p2 move substitute\n>p1 move airslash\n>p2 move substitute\n>p1 move airslash\n>p2 move acrobatics\n>p1 move airslash\n>p2 move acrobatics\n>p1 switch 4\n>chat ☆Julianoss001|Sorry 'bout that \n>p1 move flareblitz\n>p2 move acrobatics\n>p1 move flareblitz\n>p2 switch 3\n>p2 switch 2\n>p1 move flareblitz\n>p2 move suckerpunch\n>p1 switch 5\n>p1 move sludgebomb\n>p2 move megahorn\n>p1 move synthesis\n>p2 move poisonjab\n>p1 move synthesis\n>p2 move megahorn\n>p1 move synthesis\n>p2 move megahorn\n>p1 move synthesis\n>p2 move megahorn\n>p1 move synthesis\n>p2 move megahorn\n>p1 move synthesis\n>p2 move megahorn\n>p1 move sludgebomb\n>p2 move megahorn\n>p1 move synthesis\n>p2 move megahorn\n>p1 move sludgebomb\n>p2 move megahorn\n>p1 move synthesis\n>p2 move megahorn\n>p1 move sludgebomb\n>p2 move megahorn\n>p1 switch 6\n>p1 move moonblast\n>p2 move poisonjab\n>p1 move moonblast\n>p2 move poisonjab", "uploadtime": 1769221535, "views": 194, "formatid": "gen7randombattle", "rating": 1524, "private": 0, "password": null}