{"id": "gen7randombattle-2536547421", "format": "[Gen 7] Random Battle", "players": ["Artimus245", "Johnald714"], "log": "|j|☆Artimus245\n|j|☆Johnald714\n|t:|1770703205\n|gametype|singles\n|player|p1|Artimus245|sabrina|1548\n|player|p2|Johnald714|101|1559\n|gen|7\n|tier|[Gen 7] Random Battle\n|rated|\n|rule|Sleep Clause Mod: Limit one foe put to sleep\n|rule|HP Percentage Mod: HP is shown in percentages\n|rule|Illusion Level Mod: Illusion disguises the Pokémon's true level\n|\n|t:|1770703205\n|teamsize|p1|6\n|teamsize|p2|6\n|start\n|switch|p1a: Gallade|Gallade, L84, M|251/251\n|switch|p2a: Decidueye|Decidueye, L87, M|277/277\n|turn|1\n|\n|t:|1770703218\n|switch|p1a: Skuntank|Skuntank, L87, F|321/321\n|switch|p2a: Sableye|Sableye, L86, M|226/226\n|\n|upkeep\n|turn|2\n|\n|t:|1770703225\n|move|p2a: Sableye|Will-O-Wisp|p1a: Skuntank\n|-hint|Since gen 7, Dark is immune to Prankster moves.\n|-immune|p1a: Skuntank\n|move|p1a: Skuntank|Crunch|p2a: Sableye\n|-damage|p2a: Sableye|108/226\n|-unboost|p2a: Sableye|def|1\n|\n|upkeep\n|turn|3\n|\n|t:|1770703235\n|move|p2a: Sableye|Will-O-Wisp|p1a: Skuntank\n|-hint|Since gen 7, Dark is immune to Prankster moves.\n|-immune|p1a: Skuntank\n|move|p1a: Skuntank|Crunch|p2a: Sableye\n|-damage|p2a: Sableye|0 fnt\n|faint|p2a: Sableye\n|\n|upkeep\n|\n|t:|1770703241\n|switch|p2a: Stunfisk|Stunfisk, L88, M|335/335\n|turn|4\n|\n|t:|1770703251\n|move|p1a: Skuntank|Crunch|p2a: Stunfisk\n|-damage|p2a: Stunfisk|224/335\n|move|p2a: Stunfisk|Stealth Rock|p1a: Skuntank\n|-sidestart|p1: Artimus245|move: Stealth Rock\n|\n|-heal|p2a: Stunfisk|244/335|[from] item: Leftovers\n|upkeep\n|turn|5\n|\n|t:|1770703256\n|move|p1a: Skuntank|Crunch|p2a: Stunfisk\n|-damage|p2a: Stunfisk|139/335\n|-unboost|p2a: Stunfisk|def|1\n|move|p2a: Stunfisk|Earth Power|p1a: Skuntank\n|-supereffective|p1a: Skuntank\n|-damage|p1a: Skuntank|87/321\n|\n|-heal|p2a: Stunfisk|159/335|[from] item: Leftovers\n|upkeep\n|turn|6\n|\n|t:|1770703263\n|switch|p2a: Vaporeon|Vaporeon, L86, M|364/364\n|move|p1a: Skuntank|Crunch|p2a: Vaporeon\n|-damage|p2a: Vaporeon|225/364\n|\n|-heal|p2a: Vaporeon|247/364|[from] item: Leftovers\n|upkeep\n|turn|7\n|\n|t:|1770703270\n|move|p1a: Skuntank|Poison Jab|p2a: Vaporeon\n|-damage|p2a: Vaporeon|130/364\n|move|p2a: Vaporeon|Scald|p1a: Skuntank\n|-damage|p1a: Skuntank|0 fnt\n|faint|p1a: Skuntank\n|\n|-heal|p2a: Vaporeon|152/364|[from] item: Leftovers\n|upkeep\n|\n|t:|1770703278\n|switch|p1a: Xurkitree|Xurkitree, L80|264/264\n|-damage|p1a: Xurkitree|231/264|[from] Stealth Rock\n|turn|8\n|\n|t:|1770703287\n|switch|p2a: Stunfisk|Stunfisk, L88, M|159/335\n|move|p1a: Xurkitree|Energy Ball|p2a: Stunfisk\n|-supereffective|p2a: Stunfisk\n|-damage|p2a: Stunfisk|0 fnt\n|faint|p2a: Stunfisk\n|-ability|p1a: Xurkitree|Beast Boost|boost\n|-boost|p1a: Xurkitree|spa|1\n|\n|upkeep\n|\n|t:|1770703290\n|switch|p2a: Decidueye|Decidueye, L87, M|277/277\n|turn|9\n|\n|t:|1770703300\n|switch|p1a: Slaking|Slaking, L84, M|389/389\n|-damage|p1a: Slaking|341/389|[from] Stealth Rock\n|move|p2a: Decidueye|Swords Dance|p2a: Decidueye\n|-boost|p2a: Decidueye|atk|2\n|\n|upkeep\n|turn|10\n|\n|t:|1770703314\n|move|p1a: Slaking|Pursuit|p2a: Decidueye\n|-supereffective|p2a: Decidueye\n|-damage|p2a: Decidueye|143/277\n|move|p2a: Decidueye|Leaf Blade|p1a: Slaking\n|-damage|p1a: Slaking|136/389\n|\n|upkeep\n|turn|11\n|\n|t:|1770703319\n|cant|p1a: Slaking|ability: Truant\n|move|p2a: Decidueye|Leaf Blade|p1a: Slaking\n|-damage|p1a: Slaking|0 fnt\n|faint|p1a: Slaking\n|\n|upkeep\n|\n|t:|1770703325\n|switch|p1a: Gallade|Gallade, L84, M|251/251\n|-damage|p1a: Gallade|236/251|[from] Stealth Rock\n|turn|12\n|\n|t:|1770703351\n|move|p2a: Decidueye|Shadow Sneak|p1a: Gallade\n|-supereffective|p1a: Gallade\n|-damage|p1a: Gallade|0 fnt\n|faint|p1a: Gallade\n|\n|upkeep\n|\n|t:|1770703359\n|switch|p1a: Xurkitree|Xurkitree, L80|231/264\n|-damage|p1a: Xurkitree|198/264|[from] Stealth Rock\n|turn|13\n|inactive|Battle timer is ON: inactive players will automatically lose when time's up. (requested by Johnald714)\n|\n|t:|1770703366\n|move|p2a: Decidueye|Shadow Sneak|p1a: Xurkitree\n|-damage|p1a: Xurkitree|72/264\n|move|p1a: Xurkitree|Hidden Power|p2a: Decidueye\n|-supereffective|p2a: Decidueye\n|-damage|p2a: Decidueye|0 fnt\n|faint|p2a: Decidueye\n|-ability|p1a: Xurkitree|Beast Boost|boost\n|-boost|p1a: Xurkitree|spa|1\n|\n|upkeep\n|\n|t:|1770703380\n|switch|p2a: Articuno|Articuno, L85|291/291\n|-ability|p2a: Articuno|Pressure\n|turn|14\n|\n|t:|1770703385\n|move|p2a: Articuno|Substitute|p2a: Articuno\n|-start|p2a: Articuno|Substitute\n|-damage|p2a: Articuno|219/291\n|move|p1a: Xurkitree|Hidden Power|p2a: Articuno\n|-end|p2a: Articuno|Substitute\n|\n|-heal|p2a: Articuno|237/291|[from] item: Leftovers\n|upkeep\n|turn|15\n|\n|t:|1770703388\n|move|p2a: Articuno|Freeze-Dry|p1a: Xurkitree\n|-damage|p1a: Xurkitree|0 fnt\n|faint|p1a: Xurkitree\n|\n|-heal|p2a: Articuno|255/291|[from] item: Leftovers\n|upkeep\n|\n|t:|1770703395\n|switch|p1a: Banette|Banette, L87, M|253/253\n|-damage|p1a: Banette|222/253|[from] Stealth Rock\n|-item|p2a: Articuno|Leftovers|[from] ability: Frisk|[of] p1a: Banette\n|turn|16\n|\n|t:|1770703416\n|detailschange|p1a: Banette|Banette-Mega, L87, M\n|-mega|p1a: Banette|Banette|Banettite\n|move|p1a: Banette|Taunt|p2a: Articuno\n|-start|p2a: Articuno|move: Taunt\n|cant|p2a: Articuno|move: Taunt|Toxic\n|\n|-heal|p2a: Articuno|273/291|[from] item: Leftovers\n|upkeep\n|turn|17\n|\n|t:|1770703420\n|switch|p2a: Unown|Unown-R|258/258\n|move|p1a: Banette|Shadow Claw|p2a: Unown\n|-supereffective|p2a: Unown\n|-damage|p2a: Unown|0 fnt\n|faint|p2a: Unown\n|\n|upkeep\n|\n|t:|1770703432\n|switch|p2a: Articuno|Articuno, L85|273/291\n|-ability|p2a: Articuno|Pressure\n|turn|18\n|\n|t:|1770703435\n|move|p2a: Articuno|Freeze-Dry|p1a: Banette\n|-damage|p1a: Banette|147/253\n|-status|p1a: Banette|frz\n|cant|p1a: Banette|frz\n|\n|-heal|p2a: Articuno|291/291|[from] item: Leftovers\n|upkeep\n|turn|19\n|\n|t:|1770703439\n|move|p2a: Articuno|Freeze-Dry|p1a: Banette\n|-damage|p1a: Banette|66/253 frz\n|cant|p1a: Banette|frz\n|\n|upkeep\n|turn|20\n|\n|t:|1770703443\n|cant|p1a: Banette|frz\n|move|p2a: Articuno|Substitute|p2a: Articuno\n|-start|p2a: Articuno|Substitute\n|-damage|p2a: Articuno|219/291\n|\n|-heal|p2a: Articuno|237/291|[from] item: Leftovers\n|upkeep\n|turn|21\n|\n|t:|1770703445\n|cant|p1a: Banette|frz\n|move|p2a: Articuno|Freeze-Dry|p1a: Banette\n|-crit|p1a: Banette\n|-damage|p1a: Banette|0 fnt\n|faint|p1a: Banette\n|detailschange|p1: Banette|Banette, L87, M|[silent]\n|\n|-heal|p2a: Articuno|255/291|[from] item: Leftovers\n|upkeep\n|-message|Artimus245 forfeited.\n|\n|win|Johnald714\n|raw|Artimus245's rating: 1548 &rarr; <strong>1529</strong><br />(-19 for losing)\n|raw|Johnald714's rating: 1559 &rarr; <strong>1578</strong><br />(+19 for winning)\n|l|☆Artimus245\n|player|p1|\n", "inputlog": ">version ccdc32dd7cde25fd9e4bed64820e885f66e78a4e\n>start {\"formatid\":\"gen7randombattle\",\"seed\":\"sodium,72de140c3f9dd396addabcced05310e1\",\"rated\":\"Rated battle\"}\n>player p1 {\"name\":\"Artimus245\",\"avatar\":\"sabrina\",\"rating\":1548,\"seed\":\"sodium,0d0b40a599e944e45d83ead36c396fa7\"}\n>player p2 {\"name\":\"Johnald714\",\"avatar\":\"101\",\"rating\":1559,\"seed\":\"sodium,1195fcff9fbd0fe1fbd82966bb96c572\"}\n>p1 switch 3\n>p2 switch 6\n>p1 move crunch\n>p2 move willowisp\n>p1 move crunch\n>p2 move willowisp\n>p2 switch 2\n>p1 move crunch\n>p2 move stealthrock\n>p1 move crunch\n>p2 move earthpower\n>p1 move crunch\n>p2 switch 5\n>p1 move poisonjab\n>p2 move scald\n>p1 switch 4\n>p1 move energyball\n>p2 switch 5\n>p2 switch 6\n>p1 switch 5\n>p2 move swordsdance\n>p1 move pursuit\n>p2 move leafblade\n>p1 move pursuit\n>p2 move leafblade\n>p1 switch 3\n>p1 move knockoff\n>p2 move shadowsneak\n>p1 switch 5\n>p1 move hiddenpower\n>p2 move shadowsneak\n>p2 switch 3\n>p1 move hiddenpower\n>p2 move substitute\n>p1 move hiddenpower\n>p2 move freezedry\n>p1 switch 6\n>p1 move taunt mega\n>p2 move toxic\n>p1 move shadowclaw\n>p2 switch 4\n>p2 switch 4\n>p1 move shadowclaw\n>p2 move freezedry\n>p1 move shadowclaw\n>p2 move freezedry\n>p1 move destinybond\n>p2 move substitute\n>p1 move destinybond\n>p2 move freezedry\n>forcelose p1", "uploadtime": 1770703460, "views": 220, "formatid": "gen7randombattle", "rating": 1529, "private": 0, "password": null}