{"id": "gen7randombattle-2529933029", "format": "[Gen 7] Random Battle", "players": ["aurora ltd", "Petilil37"], "log": "|j|☆aurora ltd\n|j|‽Petilil37\n|t:|1769848146\n|gametype|singles\n|player|p1|aurora ltd|silver-gen2kanto|1593\n|player|p2|Petilil37|169|1711\n|gen|7\n|tier|[Gen 7] Random Battle\n|rated|\n|rule|Sleep Clause Mod: Limit one foe put to sleep\n|rule|HP Percentage Mod: HP is shown in percentages\n|rule|Illusion Level Mod: Illusion disguises the Pokémon's true level\n|\n|t:|1769848146\n|teamsize|p1|6\n|teamsize|p2|6\n|start\n|switch|p1a: Cherrim|Cherrim, L99, M|299/299\n|switch|p2a: Arceus|Arceus-Water, L72|292/292\n|turn|1\n|inactive|Battle timer is ON: inactive players will automatically lose when time's up. (requested by Petilil37)\n|\n|t:|1769848167\n|switch|p2a: Toucannon|Toucannon, L88, M|284/284\n|move|p1a: Cherrim|Energy Ball|p2a: Toucannon\n|-resisted|p2a: Toucannon\n|-damage|p2a: Toucannon|225/284\n|\n|-heal|p2a: Toucannon|242/284|[from] item: Leftovers\n|upkeep\n|turn|2\n|\n|t:|1769848185\n|switch|p1a: Nihilego|Nihilego, L79|302/302\n|-item|p1a: Nihilego|Air Balloon\n|move|p2a: Toucannon|Brave Bird|p1a: Nihilego\n|-resisted|p1a: Nihilego\n|-damage|p1a: Nihilego|170/302\n|-enditem|p1a: Nihilego|Air Balloon\n|-damage|p2a: Toucannon|198/284|[from] Recoil\n|\n|-heal|p2a: Toucannon|215/284|[from] item: Leftovers\n|upkeep\n|turn|3\n|\n|t:|1769848198\n|move|p1a: Nihilego|Power Gem|p2a: Toucannon\n|-supereffective|p2a: Toucannon\n|-damage|p2a: Toucannon|0 fnt\n|faint|p2a: Toucannon\n|-ability|p1a: Nihilego|Beast Boost|boost\n|-boost|p1a: Nihilego|spa|1\n|\n|upkeep\n|\n|t:|1769848200\n|switch|p2a: Arceus|Arceus-Water, L72|292/292\n|turn|4\n|\n|t:|1769848225\n|move|p2a: Arceus|Toxic|p1a: Nihilego\n|-immune|p1a: Nihilego\n|move|p1a: Nihilego|Stealth Rock|p2a: Arceus\n|-sidestart|p2: Petilil37|move: Stealth Rock\n|\n|upkeep\n|turn|5\n|\n|t:|1769848232\n|move|p2a: Arceus|Judgment|p1a: Nihilego\n|-supereffective|p1a: Nihilego\n|-damage|p1a: Nihilego|0 fnt\n|faint|p1a: Nihilego\n|\n|upkeep\n|\n|t:|1769848240\n|switch|p1a: Cherrim|Cherrim, L99, M|299/299\n|turn|6\n|\n|t:|1769848245\n|switch|p2a: Unfezant|Unfezant, L88, M|283/283\n|-damage|p2a: Unfezant|213/283|[from] Stealth Rock\n|move|p1a: Cherrim|Toxic|p2a: Unfezant\n|-status|p2a: Unfezant|tox\n|\n|-damage|p2a: Unfezant|196/283 tox|[from] psn\n|upkeep\n|turn|7\n|\n|t:|1769848257\n|switch|p1a: Kyurem|Kyurem, L80|331/331\n|-ability|p1a: Kyurem|Pressure\n|move|p2a: Unfezant|Return|p1a: Kyurem\n|-crit|p1a: Kyurem\n|-damage|p1a: Kyurem|121/331\n|\n|-damage|p2a: Unfezant|162/283 tox|[from] psn\n|upkeep\n|turn|8\n|\n|t:|1769848269\n|move|p2a: Unfezant|Return|p1a: Kyurem\n|-damage|p1a: Kyurem|0 fnt\n|faint|p1a: Kyurem\n|\n|-damage|p2a: Unfezant|111/283 tox|[from] psn\n|upkeep\n|\n|t:|1769848278\n|switch|p1a: Goodra|Goodra, L85, F|292/292\n|turn|9\n|\n|t:|1769848302\n|move|p2a: Unfezant|Return|p1a: Goodra\n|-damage|p1a: Goodra|130/292\n|move|p1a: Goodra|Dragon Tail|p2a: Unfezant\n|-damage|p2a: Unfezant|47/283 tox\n|drag|p2a: Xerneas|Xerneas, L65|272/272\n|-damage|p2a: Xerneas|238/272|[from] Stealth Rock\n|-ability|p2a: Xerneas|Fairy Aura\n|\n|upkeep\n|turn|10\n|\n|t:|1769848329\n|move|p1a: Goodra|Fire Blast|p2a: Xerneas\n|-crit|p2a: Xerneas\n|-damage|p2a: Xerneas|69/272\n|move|p2a: Xerneas|Geomancy||[still]\n|-prepare|p2a: Xerneas|Geomancy\n|-enditem|p2a: Xerneas|Power Herb\n|-anim|p2a: Xerneas|Geomancy|p2a: Xerneas\n|-boost|p2a: Xerneas|spa|2\n|-boost|p2a: Xerneas|spd|2\n|-boost|p2a: Xerneas|spe|2\n|\n|upkeep\n|turn|11\n|\n|t:|1769848338\n|move|p2a: Xerneas|Moonblast|p1a: Goodra\n|-supereffective|p1a: Goodra\n|-damage|p1a: Goodra|0 fnt\n|faint|p1a: Goodra\n|\n|upkeep\n|\n|t:|1769848352\n|switch|p1a: Ariados|Ariados, L92, F|278/278\n|turn|12\n|\n|t:|1769848356\n|move|p2a: Xerneas|Psyshock|p1a: Ariados\n|-supereffective|p1a: Ariados\n|-damage|p1a: Ariados|92/278\n|move|p1a: Ariados|Poison Jab|p2a: Xerneas\n|-supereffective|p2a: Xerneas\n|-damage|p2a: Xerneas|0 fnt\n|faint|p2a: Xerneas\n|\n|-heal|p1a: Ariados|109/278|[from] item: Black Sludge\n|upkeep\n|\n|t:|1769848363\n|switch|p2a: Weavile|Weavile, L79, M|240/240\n|-damage|p2a: Weavile|180/240|[from] Stealth Rock\n|turn|13\n|\n|t:|1769848372\n|move|p2a: Weavile|Knock Off|p1a: Ariados\n|-damage|p1a: Ariados|0 fnt\n|-enditem|p1a: Ariados|Black Sludge|[from] move: Knock Off|[of] p2a: Weavile\n|faint|p1a: Ariados\n|-damage|p2a: Weavile|156/240|[from] item: Life Orb\n|\n|upkeep\n|\n|t:|1769848385\n|switch|p1a: Hoopa|Hoopa, L86|278/278\n|turn|14\n|\n|t:|1769848404\n|switch|p2a: Unfezant|Unfezant, L88, M|47/283 tox\n|-damage|p2a: Unfezant|0 fnt|[from] Stealth Rock\n|faint|p2a: Unfezant\n|move|p1a: Hoopa|Focus Blast|p2: Unfezant|[notarget]\n|-fail|p1a: Hoopa\n|\n|upkeep\n|\n|t:|1769848409\n|switch|p2a: Conkeldurr|Conkeldurr, L81, M|303/303\n|-damage|p2a: Conkeldurr|285/303|[from] Stealth Rock\n|turn|15\n|\n|t:|1769848425\n|switch|p1a: Cherrim|Cherrim, L99, M|299/299\n|move|p2a: Conkeldurr|Knock Off|p1a: Cherrim\n|-damage|p1a: Cherrim|211/299\n|-enditem|p1a: Cherrim|Leftovers|[from] move: Knock Off|[of] p2a: Conkeldurr\n|\n|-status|p2a: Conkeldurr|brn|[from] item: Flame Orb\n|upkeep\n|turn|16\n|\n|t:|1769848438\n|move|p1a: Cherrim|Energy Ball|p2a: Conkeldurr\n|-damage|p2a: Conkeldurr|141/303 brn\n|move|p2a: Conkeldurr|Facade|p1a: Cherrim\n|-damage|p1a: Cherrim|27/299\n|\n|-damage|p2a: Conkeldurr|123/303 brn|[from] brn\n|upkeep\n|turn|17\n|\n|t:|1769848445\n|move|p2a: Conkeldurr|Mach Punch|p1a: Cherrim\n|-damage|p1a: Cherrim|0 fnt\n|faint|p1a: Cherrim\n|\n|-damage|p2a: Conkeldurr|105/303 brn|[from] brn\n|upkeep\n|\n|t:|1769848450\n|switch|p1a: Hoopa|Hoopa, L86|278/278\n|turn|18\n|\n|t:|1769848457\n|move|p1a: Hoopa|Focus Blast|p2a: Conkeldurr|[miss]\n|-miss|p1a: Hoopa|p2a: Conkeldurr\n|move|p2a: Conkeldurr|Knock Off|p1a: Hoopa\n|-supereffective|p1a: Hoopa\n|-damage|p1a: Hoopa|0 fnt\n|-enditem|p1a: Hoopa|Choice Scarf|[from] move: Knock Off|[of] p2a: Conkeldurr\n|faint|p1a: Hoopa\n|\n|win|Petilil37\n|raw|aurora ltd's rating: 1593 &rarr; <strong>1580</strong><br />(-13 for losing)\n|raw|Petilil37's rating: 1711 &rarr; <strong>1724</strong><br />(+13 for winning)\n|l|‽Petilil37\n|player|p2|\n", "inputlog": ">version b99ff0165a6231f17e8b78c2a78d1998375de664\n>start {\"formatid\":\"gen7randombattle\",\"seed\":\"sodium,4ef313e62ced4ee4e8e4091f3467f127\",\"rated\":\"Rated battle\"}\n>player p1 {\"name\":\"aurora ltd\",\"avatar\":\"silver-gen2kanto\",\"rating\":1593,\"seed\":\"sodium,c6a36a1669088cb6d4e4b35b90fff07f\"}\n>player p2 {\"name\":\"Petilil37\",\"avatar\":\"169\",\"rating\":1711,\"seed\":\"sodium,a244e73255b4c1053b953ffaa8227b58\"}\n>p1 move energyball\n>p2 switch 3\n>p1 switch 2\n>p2 move bravebird\n>p1 move powergem\n>p2 move bulletseed\n>p2 switch 3\n>p1 move stealthrock\n>p2 move toxic\n>p1 move sludgewave\n>p2 move judgment\n>p1 switch 2\n>p1 move toxic\n>p2 switch 2\n>p1 switch 4\n>p2 move return\n>p1 move icebeam\n>p2 move return\n>p1 switch 6\n>p1 move dragontail\n>p2 move return\n>p1 move fireblast\n>p2 move geomancy\n>p1 move earthquake\n>p2 move moonblast\n>p1 switch 3\n>p1 move poisonjab\n>p2 move psyshock\n>p2 switch 4\n>p1 move megahorn\n>p2 move knockoff\n>p1 switch 5\n>p1 move focusblast\n>p2 switch 6\n>p2 switch 5\n>p1 switch 4\n>p2 move knockoff\n>p1 move energyball\n>p2 move facade\n>p1 move energyball\n>p2 move machpunch\n>p1 switch 4\n>p1 move focusblast\n>p2 move knockoff", "uploadtime": 1769848478, "views": 177, "formatid": "gen7randombattle", "rating": 1580, "private": 0, "password": null}