{"id": "gen7randombattle-2532906481", "format": "[Gen 7] Random Battle", "players": ["NTsweeper007", "86Stingray"], "log": "|j|☆NTsweeper007\n|j|☆86Stingray\n|t:|1770235415\n|gametype|singles\n|player|p1|NTsweeper007|hilbert-wonderlauncher|1759\n|player|p2|86Stingray|backersf|1708\n|gen|7\n|tier|[Gen 7] Random Battle\n|rated|\n|rule|Sleep Clause Mod: Limit one foe put to sleep\n|rule|HP Percentage Mod: HP is shown in percentages\n|rule|Illusion Level Mod: Illusion disguises the Pokémon's true level\n|\n|t:|1770235415\n|teamsize|p1|6\n|teamsize|p2|6\n|start\n|switch|p1a: Gardevoir|Gardevoir, L79, F|237/237\n|switch|p2a: Xatu|Xatu, L89, F|260/260\n|-ability|p1a: Gardevoir|Magic Bounce|Trace|[from] ability: Trace|[of] p2a: Xatu\n|turn|1\n|inactive|Battle timer is ON: inactive players will automatically lose when time's up. (requested by NTsweeper007)\n|\n|t:|1770235438\n|switch|p2a: Metagross|Metagross, L79|256/256\n|detailschange|p1a: Gardevoir|Gardevoir-Mega, L79, F\n|-mega|p1a: Gardevoir|Gardevoir|Gardevoirite\n|move|p1a: Gardevoir|Calm Mind|p1a: Gardevoir\n|-boost|p1a: Gardevoir|spa|1\n|-boost|p1a: Gardevoir|spd|1\n|\n|upkeep\n|turn|2\n|\n|t:|1770235449\n|switch|p1a: Spiritomb|Spiritomb, L91, M|239/239\n|move|p2a: Metagross|Meteor Mash|p1a: Spiritomb\n|-damage|p1a: Spiritomb|145/239\n|\n|upkeep\n|turn|3\n|\n|t:|1770235456\n|-activate|p2a: Metagross|move: Pursuit\n|move|p1a: Spiritomb|Pursuit|p2a: Metagross|[from] Pursuit\n|-supereffective|p2a: Metagross\n|-damage|p2a: Metagross|88/256\n|-enditem|p2a: Metagross|Weakness Policy\n|-boost|p2a: Metagross|atk|2|[from] item: Weakness Policy\n|-boost|p2a: Metagross|spa|2|[from] item: Weakness Policy\n|switch|p2a: Stunfisk|Stunfisk, L88, F|335/335\n|\n|upkeep\n|turn|4\n|\n|t:|1770235467\n|switch|p1a: Raticate|Raticate, L88, F|240/240\n|move|p2a: Stunfisk|Stealth Rock|p1a: Raticate\n|-sidestart|p1: NTsweeper007|move: Stealth Rock\n|\n|-status|p1a: Raticate|brn|[from] item: Flame Orb\n|upkeep\n|turn|5\n|\n|t:|1770235489\n|move|p1a: Raticate|Facade|p2a: Stunfisk\n|-damage|p2a: Stunfisk|118/335\n|move|p2a: Stunfisk|Earth Power|p1a: Raticate\n|-damage|p1a: Raticate|144/240 brn\n|\n|-heal|p2a: Stunfisk|138/335|[from] item: Leftovers\n|-damage|p1a: Raticate|129/240 brn|[from] brn\n|upkeep\n|turn|6\n|\n|t:|1770235497\n|move|p1a: Raticate|Facade|p2a: Stunfisk\n|-damage|p2a: Stunfisk|0 fnt\n|faint|p2a: Stunfisk\n|\n|-damage|p1a: Raticate|114/240 brn|[from] brn\n|upkeep\n|\n|t:|1770235503\n|switch|p2a: Heliolisk|Heliolisk, L85, M|244/244\n|turn|7\n|\n|t:|1770235510\n|move|p1a: Raticate|Sucker Punch|p2a: Heliolisk\n|-damage|p2a: Heliolisk|137/244\n|move|p2a: Heliolisk|Hyper Voice|p1a: Raticate\n|-damage|p1a: Raticate|0 fnt\n|faint|p1a: Raticate\n|-damage|p2a: Heliolisk|113/244|[from] item: Life Orb\n|\n|upkeep\n|\n|t:|1770235516\n|switch|p1a: Spiritomb|Spiritomb, L91, M|145/239\n|-damage|p1a: Spiritomb|116/239|[from] Stealth Rock\n|turn|8\n|\n|t:|1770235520\n|move|p1a: Spiritomb|Sucker Punch|p2a: Heliolisk\n|-damage|p2a: Heliolisk|0 fnt\n|faint|p2a: Heliolisk\n|\n|upkeep\n|\n|t:|1770235529\n|switch|p2a: Blastoise|Blastoise, L82, F|264/264\n|turn|9\n|\n|t:|1770235534\n|detailschange|p2a: Blastoise|Blastoise-Mega, L82, F\n|-mega|p2a: Blastoise|Blastoise|Blastoisinite\n|move|p2a: Blastoise|Scald|p1a: Spiritomb\n|-damage|p1a: Spiritomb|35/239\n|move|p1a: Spiritomb|Foul Play|p2a: Blastoise\n|-damage|p2a: Blastoise|180/264\n|\n|upkeep\n|turn|10\n|\n|t:|1770235541\n|move|p1a: Spiritomb|Sucker Punch|p2a: Blastoise\n|-damage|p2a: Blastoise|105/264\n|move|p2a: Blastoise|Scald|p1a: Spiritomb\n|-damage|p1a: Spiritomb|0 fnt\n|faint|p1a: Spiritomb\n|\n|upkeep\n|\n|t:|1770235543\n|switch|p1a: Gardevoir|Gardevoir-Mega, L79, F|237/237\n|-damage|p1a: Gardevoir|208/237|[from] Stealth Rock\n|turn|11\n|\n|t:|1770235553\n|switch|p2a: Xatu|Xatu, L89, F|260/260\n|move|p1a: Gardevoir|Calm Mind|p1a: Gardevoir\n|-boost|p1a: Gardevoir|spa|1\n|-boost|p1a: Gardevoir|spd|1\n|\n|upkeep\n|turn|12\n|\n|t:|1770235558\n|move|p2a: Xatu|Thunder Wave|p1a: Gardevoir\n|-status|p1a: Gardevoir|par\n|move|p1a: Gardevoir|Hyper Voice|p2a: Xatu\n|-damage|p2a: Xatu|13/260\n|\n|-heal|p2a: Xatu|29/260|[from] item: Leftovers\n|upkeep\n|turn|13\n|\n|t:|1770235566\n|move|p2a: Xatu|Psychic|p1a: Gardevoir\n|-resisted|p1a: Gardevoir\n|-damage|p1a: Gardevoir|184/237 par\n|move|p1a: Gardevoir|Hyper Voice|p2a: Xatu\n|-damage|p2a: Xatu|0 fnt\n|faint|p2a: Xatu\n|\n|upkeep\n|\n|t:|1770235572\n|switch|p2a: Metagross|Metagross, L79|88/256\n|turn|14\n|\n|t:|1770235576\n|move|p2a: Metagross|Meteor Mash|p1a: Gardevoir\n|-supereffective|p1a: Gardevoir\n|-damage|p1a: Gardevoir|0 fnt\n|faint|p1a: Gardevoir\n|detailschange|p1: Gardevoir|Gardevoir, L79, F|[silent]\n|\n|upkeep\n|\n|t:|1770235578\n|switch|p1a: Plusle|Plusle, L95, F|268/268\n|-damage|p1a: Plusle|235/268|[from] Stealth Rock\n|turn|15\n|\n|t:|1770235588\n|move|p1a: Plusle|Thunderbolt|p2a: Metagross\n|-damage|p2a: Metagross|0 fnt\n|faint|p2a: Metagross\n|-damage|p1a: Plusle|209/268|[from] item: Life Orb\n|\n|upkeep\n|\n|t:|1770235593\n|switch|p2a: Noctowl|Noctowl, L94, M|340/340\n|turn|16\n|\n|t:|1770235597\n|move|p1a: Plusle|Thunderbolt|p2a: Noctowl\n|-supereffective|p2a: Noctowl\n|-damage|p2a: Noctowl|106/340\n|-damage|p1a: Plusle|183/268|[from] item: Life Orb\n|move|p2a: Noctowl|Hyper Voice|p1a: Plusle\n|-damage|p1a: Plusle|69/268\n|\n|-heal|p2a: Noctowl|127/340|[from] item: Leftovers\n|upkeep\n|turn|17\n|-message|86Stingray forfeited.\n|\n|win|NTsweeper007\n|raw|NTsweeper007's rating: 1759 &rarr; <strong>1776</strong><br />(+17 for winning)\n|raw|86Stingray's rating: 1708 &rarr; <strong>1691</strong><br />(-17 for losing)\n|l|☆86Stingray\n|player|p2|\n", "inputlog": ">version ccdc32dd7cde25fd9e4bed64820e885f66e78a4e\n>start {\"formatid\":\"gen7randombattle\",\"seed\":\"sodium,01e513b53f797793fb888ec455e517b4\",\"rated\":\"Rated battle\"}\n>player p1 {\"name\":\"NTsweeper007\",\"avatar\":\"hilbert-wonderlauncher\",\"rating\":1759,\"seed\":\"sodium,74863c5beebc2fc089d3ddf8fda6652a\"}\n>player p2 {\"name\":\"86Stingray\",\"avatar\":\"backersf\",\"rating\":1708,\"seed\":\"sodium,38f29a99582e4eccd9dfa3447c70ee26\"}\n>p1 move calmmind mega\n>p2 switch 3\n>p1 switch 2\n>p2 move meteormash\n>p1 move pursuit\n>p2 switch 5\n>p1 switch 6\n>p2 move stealthrock\n>p1 move facade\n>p2 move earthpower\n>p1 move facade\n>p2 move earthpower\n>p2 switch 6\n>p1 move suckerpunch\n>p2 move hypervoice\n>p1 switch 6\n>p1 move suckerpunch\n>p2 move thunder\n>p2 switch 4\n>p1 move foulplay\n>p2 move scald mega\n>p1 move suckerpunch\n>p2 move scald\n>p1 switch 2\n>p1 move calmmind\n>p2 switch 3\n>p1 move hypervoice\n>p2 move thunderwave\n>p1 move hypervoice\n>p2 move psychic\n>p2 switch 5\n>p1 move hypervoice\n>p2 move meteormash\n>p1 switch 4\n>p1 move thunderbolt\n>p2 move earthquake\n>p2 switch 2\n>p1 move thunderbolt\n>p2 move hypervoice\n>forcelose p2", "uploadtime": 1770235609, "views": 135, "formatid": "gen7randombattle", "rating": 1691, "private": 0, "password": null}