{"id": "gen7randombattle-2524695247", "format": "[Gen 7] Random Battle", "players": ["sguegotron", "Kurochan3"], "log": "|j|☆sguegotron\n|j|☆Kurochan3\n|t:|1769184483\n|gametype|singles\n|player|p1|sguegotron|169|1553\n|player|p2|Kurochan3|cynthia-gen4|1695\n|gen|7\n|tier|[Gen 7] Random Battle\n|rated|\n|rule|Sleep Clause Mod: Limit one foe put to sleep\n|rule|HP Percentage Mod: HP is shown in percentages\n|rule|Illusion Level Mod: Illusion disguises the Pokémon's true level\n|\n|t:|1769184483\n|teamsize|p1|6\n|teamsize|p2|6\n|start\n|switch|p1a: Floette|Floette-Eternal, L83, F|259/259\n|switch|p2a: Weavile|Weavile, L79, F|239/239\n|turn|1\n|inactive|Battle timer is ON: inactive players will automatically lose when time's up. (requested by sguegotron)\n|\n|t:|1769184517\n|switch|p2a: Arbok|Arbok, L90, M|254/254\n|move|p1a: Floette|Light of Ruin|p2a: Arbok\n|-resisted|p2a: Arbok\n|-damage|p2a: Arbok|159/254\n|-damage|p1a: Floette|211/259|[from] Recoil\n|\n|-heal|p2a: Arbok|174/254|[from] item: Black Sludge\n|upkeep\n|turn|2\n|\n|t:|1769184529\n|switch|p1a: Druddigon|Druddigon, L86, F|273/273\n|move|p2a: Arbok|Coil|p2a: Arbok\n|-boost|p2a: Arbok|atk|1\n|-boost|p2a: Arbok|def|1\n|-boost|p2a: Arbok|accuracy|1\n|\n|-heal|p2a: Arbok|189/254|[from] item: Black Sludge\n|upkeep\n|turn|3\n|\n|t:|1769184535\n|move|p2a: Arbok|Gunk Shot|p1a: Druddigon\n|-damage|p1a: Druddigon|75/273\n|move|p1a: Druddigon|Dragon Tail|p2a: Arbok\n|-damage|p2a: Arbok|128/254\n|drag|p2a: Slaking|Slaking, L84, F|389/389\n|\n|upkeep\n|turn|4\n|\n|t:|1769184546\n|move|p1a: Druddigon|Sucker Punch|p2a: Slaking\n|-crit|p2a: Slaking\n|-damage|p2a: Slaking|309/389\n|move|p2a: Slaking|Earthquake|p1a: Druddigon\n|-damage|p1a: Druddigon|0 fnt\n|faint|p1a: Druddigon\n|\n|upkeep\n|\n|t:|1769184571\n|switch|p1a: Silvally|Silvally-Electric, L87|307/307\n|turn|5\n|\n|t:|1769184577\n|switch|p2a: Manectric|Manectric, L78, M|237/237\n|move|p1a: Silvally|Toxic|p2a: Manectric\n|-status|p2a: Manectric|tox\n|\n|-damage|p2a: Manectric|223/237 tox|[from] psn\n|upkeep\n|turn|6\n|\n|t:|1769184586\n|move|p1a: Silvally|Flamethrower|p2a: Manectric\n|-damage|p2a: Manectric|125/237 tox\n|move|p2a: Manectric|Volt Switch|p1a: Silvally\n|-resisted|p1a: Silvally\n|-damage|p1a: Silvally|275/307\n|\n|t:|1769184594\n|switch|p2a: Arceus|Arceus-Ground, L72|292/292|[from] Volt Switch\n|\n|upkeep\n|turn|7\n|\n|t:|1769184602\n|move|p2a: Arceus|Judgment|p1a: Silvally\n|-supereffective|p1a: Silvally\n|-damage|p1a: Silvally|71/307\n|move|p1a: Silvally|Ice Beam|p2a: Arceus\n|-supereffective|p2a: Arceus\n|-damage|p2a: Arceus|164/292\n|\n|upkeep\n|turn|8\n|\n|t:|1769184607\n|switch|p1a: Togekiss|Togekiss, L81, F|270/270\n|move|p2a: Arceus|Judgment|p1a: Togekiss\n|-immune|p1a: Togekiss\n|\n|upkeep\n|turn|9\n|\n|t:|1769184617\n|move|p1a: Togekiss|Dazzling Gleam|p2a: Arceus\n|-damage|p2a: Arceus|74/292\n|move|p2a: Arceus|Toxic|p1a: Togekiss|[miss]\n|-miss|p2a: Arceus|p1a: Togekiss\n|\n|upkeep\n|turn|10\n|\n|t:|1769184626\n|switch|p2a: Cherrim|Cherrim, L99, M|299/299\n|move|p1a: Togekiss|Dazzling Gleam|p2a: Cherrim\n|-damage|p2a: Cherrim|209/299\n|\n|-heal|p2a: Cherrim|227/299|[from] item: Leftovers\n|upkeep\n|turn|11\n|\n|t:|1769184633\n|switch|p1a: Silvally|Silvally-Electric, L87|71/307\n|move|p2a: Cherrim|Toxic|p1a: Silvally\n|-status|p1a: Silvally|tox\n|\n|-heal|p2a: Cherrim|245/299|[from] item: Leftovers\n|-damage|p1a: Silvally|52/307 tox|[from] psn\n|upkeep\n|turn|12\n|\n|t:|1769184641\n|move|p2a: Cherrim|Energy Ball|p1a: Silvally\n|-damage|p1a: Silvally|0 fnt\n|faint|p1a: Silvally\n|\n|-heal|p2a: Cherrim|263/299|[from] item: Leftovers\n|upkeep\n|\n|t:|1769184646\n|switch|p1a: Liepard|Liepard, L91, F|264/264\n|turn|13\n|\n|t:|1769184650\n|move|p1a: Liepard|Knock Off|p2a: Cherrim\n|-damage|p2a: Cherrim|121/299\n|-enditem|p2a: Cherrim|Leftovers|[from] move: Knock Off|[of] p1a: Liepard\n|-damage|p1a: Liepard|238/264|[from] item: Life Orb\n|move|p2a: Cherrim|Energy Ball|p1a: Liepard\n|-damage|p1a: Liepard|84/264\n|\n|upkeep\n|turn|14\n|\n|t:|1769184657\n|move|p1a: Liepard|Gunk Shot|p2a: Cherrim\n|-supereffective|p2a: Cherrim\n|-damage|p2a: Cherrim|0 fnt\n|faint|p2a: Cherrim\n|-damage|p1a: Liepard|58/264|[from] item: Life Orb\n|\n|upkeep\n|\n|t:|1769184665\n|switch|p2a: Manectric|Manectric, L78, M|125/237 tox\n|turn|15\n|\n|t:|1769184674\n|switch|p1a: Groudon|Groudon, L65|238/238\n|detailschange|p1a: Groudon|Groudon-Primal, L65\n|-primal|p1a: Groudon|Red Orb\n|-weather|DesolateLand|[from] ability: Desolate Land|[of] p1a: Groudon\n|detailschange|p2a: Manectric|Manectric-Mega, L78, M\n|-mega|p2a: Manectric|Manectric|Manectite\n|-ability|p2a: Manectric|Intimidate|boost\n|-unboost|p1a: Groudon|atk|1\n|move|p2a: Manectric|Volt Switch|p1a: Groudon\n|-immune|p1a: Groudon\n|\n|-weather|DesolateLand|[upkeep]\n|-damage|p2a: Manectric|111/237 tox|[from] psn\n|upkeep\n|turn|16\n|\n|t:|1769184692\n|switch|p2a: Slaking|Slaking, L84, F|309/389\n|-weather|none\n|switch|p1a: Liepard|Liepard, L91, F|58/264\n|\n|upkeep\n|turn|17\n|\n|t:|1769184697\n|switch|p2a: Manectric|Manectric-Mega, L78, M|111/237 tox\n|-ability|p2a: Manectric|Intimidate|boost\n|-unboost|p1a: Liepard|atk|1\n|move|p1a: Liepard|Thunder Wave||[still]\n|-fail|p1a: Liepard\n|\n|-damage|p2a: Manectric|97/237 tox|[from] psn\n|upkeep\n|turn|18\n|\n|t:|1769184716\n|switch|p1a: Floette|Floette-Eternal, L83, F|211/259\n|move|p2a: Manectric|Volt Switch|p1a: Floette\n|-damage|p1a: Floette|141/259\n|\n|t:|1769184727\n|switch|p2a: Arbok|Arbok, L90, M|128/254|[from] Volt Switch\n|\n|-heal|p2a: Arbok|143/254|[from] item: Black Sludge\n|upkeep\n|turn|19\n|\n|t:|1769184733\n|switch|p1a: Liepard|Liepard, L91, F|58/264\n|switch|p2a: Weavile|Weavile, L79, F|239/239\n|\n|upkeep\n|turn|20\n|\n|t:|1769184741\n|move|p1a: Liepard|Play Rough|p2a: Weavile\n|-supereffective|p2a: Weavile\n|-damage|p2a: Weavile|0 fnt\n|faint|p2a: Weavile\n|-damage|p1a: Liepard|32/264|[from] item: Life Orb\n|\n|upkeep\n|\n|t:|1769184752\n|switch|p2a: Manectric|Manectric-Mega, L78, M|97/237 tox\n|-ability|p2a: Manectric|Intimidate|boost\n|-unboost|p1a: Liepard|atk|1\n|turn|21\n|\n|t:|1769184755\n|switch|p1a: Groudon|Groudon-Primal, L65|238/238\n|-weather|DesolateLand|[from] ability: Desolate Land|[of] p1a: Groudon\n|move|p2a: Manectric|Hidden Power|p1a: Groudon\n|-damage|p1a: Groudon|175/238\n|\n|-weather|DesolateLand|[upkeep]\n|-damage|p2a: Manectric|83/237 tox|[from] psn\n|upkeep\n|turn|22\n|\n|t:|1769184769\n|-weather|none\n|switch|p1a: Floette|Floette-Eternal, L83, F|141/259\n|move|p2a: Manectric|Overheat|p1a: Floette\n|-damage|p1a: Floette|64/259\n|-unboost|p2a: Manectric|spa|2\n|\n|-damage|p2a: Manectric|55/237 tox|[from] psn\n|upkeep\n|turn|23\n|\n|t:|1769184777\n|switch|p2a: Arceus|Arceus-Ground, L72|74/292\n|move|p1a: Floette|Hidden Power|p2a: Arceus\n|-damage|p2a: Arceus|27/292\n|\n|upkeep\n|turn|24\n|\n|t:|1769184784\n|switch|p2a: Slaking|Slaking, L84, F|309/389\n|move|p1a: Floette|Hidden Power|p2a: Slaking\n|-damage|p2a: Slaking|247/389\n|\n|upkeep\n|turn|25\n|\n|t:|1769184794\n|switch|p1a: Liepard|Liepard, L91, F|32/264\n|move|p2a: Slaking|Earthquake|p1a: Liepard\n|-damage|p1a: Liepard|0 fnt\n|faint|p1a: Liepard\n|\n|upkeep\n|\n|t:|1769184802\n|switch|p1a: Togekiss|Togekiss, L81, F|270/270\n|turn|26\n|\n|t:|1769184812\n|switch|p2a: Arbok|Arbok, L90, M|143/254\n|move|p1a: Togekiss|Air Slash|p2a: Arbok\n|-damage|p2a: Arbok|56/254\n|\n|-heal|p2a: Arbok|71/254|[from] item: Black Sludge\n|upkeep\n|turn|27\n|\n|t:|1769184818\n|move|p1a: Togekiss|Air Slash|p2a: Arbok\n|-damage|p2a: Arbok|0 fnt\n|faint|p2a: Arbok\n|\n|upkeep\n|\n|t:|1769184821\n|switch|p2a: Manectric|Manectric-Mega, L78, M|55/237 tox\n|-ability|p2a: Manectric|Intimidate|boost\n|-unboost|p1a: Togekiss|atk|1\n|turn|28\n|\n|t:|1769184828\n|switch|p1a: Groudon|Groudon-Primal, L65|175/238\n|-weather|DesolateLand|[from] ability: Desolate Land|[of] p1a: Groudon\n|move|p2a: Manectric|Thunderbolt|p1a: Groudon\n|-immune|p1a: Groudon\n|\n|-weather|DesolateLand|[upkeep]\n|-damage|p2a: Manectric|41/237 tox|[from] psn\n|upkeep\n|turn|29\n|\n|t:|1769184839\n|move|p2a: Manectric|Overheat|p1a: Groudon\n|-resisted|p1a: Groudon\n|-damage|p1a: Groudon|79/238\n|-unboost|p2a: Manectric|spa|2\n|move|p1a: Groudon|Lava Plume|p2a: Manectric\n|-damage|p2a: Manectric|0 fnt\n|faint|p2a: Manectric\n|detailschange|p2: Manectric|Manectric, L78, M|[silent]\n|\n|-weather|DesolateLand|[upkeep]\n|upkeep\n|\n|t:|1769184841\n|switch|p2a: Arceus|Arceus-Ground, L72|27/292\n|turn|30\n|\n|t:|1769184845\n|move|p2a: Arceus|Recover|p2a: Arceus\n|-heal|p2a: Arceus|173/292\n|move|p1a: Groudon|Lava Plume|p2a: Arceus\n|-damage|p2a: Arceus|79/292\n|\n|-weather|DesolateLand|[upkeep]\n|upkeep\n|turn|31\n|\n|t:|1769184850\n|move|p2a: Arceus|Recover|p2a: Arceus\n|-heal|p2a: Arceus|225/292\n|move|p1a: Groudon|Precipice Blades|p2a: Arceus\n|-damage|p2a: Arceus|98/292\n|\n|-weather|DesolateLand|[upkeep]\n|upkeep\n|turn|32\n|\n|t:|1769184857\n|move|p2a: Arceus|Recover|p2a: Arceus\n|-heal|p2a: Arceus|244/292\n|move|p1a: Groudon|Precipice Blades|p2a: Arceus|[miss]\n|-miss|p1a: Groudon|p2a: Arceus\n|\n|-weather|DesolateLand|[upkeep]\n|upkeep\n|turn|33\n|\n|t:|1769184862\n|move|p2a: Arceus|Ice Beam|p1a: Groudon\n|-damage|p1a: Groudon|8/238\n|move|p1a: Groudon|Precipice Blades|p2a: Arceus\n|-damage|p2a: Arceus|127/292\n|\n|-weather|DesolateLand|[upkeep]\n|upkeep\n|turn|34\n|\n|t:|1769184866\n|move|p2a: Arceus|Recover|p2a: Arceus\n|-heal|p2a: Arceus|273/292\n|move|p1a: Groudon|Precipice Blades|p2a: Arceus\n|-damage|p2a: Arceus|158/292\n|\n|-weather|DesolateLand|[upkeep]\n|upkeep\n|turn|35\n|\n|t:|1769184869\n|move|p2a: Arceus|Recover|p2a: Arceus\n|-heal|p2a: Arceus|292/292\n|move|p1a: Groudon|Lava Plume|p2a: Arceus\n|-damage|p2a: Arceus|195/292\n|\n|-weather|DesolateLand|[upkeep]\n|upkeep\n|turn|36\n|\n|t:|1769184876\n|move|p2a: Arceus|Ice Beam|p1a: Groudon\n|-damage|p1a: Groudon|0 fnt\n|faint|p1a: Groudon\n|-weather|none\n|detailschange|p1: Groudon|Groudon, L65|[silent]\n|\n|upkeep\n|\n|t:|1769184878\n|switch|p1a: Floette|Floette-Eternal, L83, F|64/259\n|turn|37\n|\n|t:|1769184884\n|move|p1a: Floette|Moonblast|p2a: Arceus\n|-damage|p2a: Arceus|92/292\n|move|p2a: Arceus|Recover|p2a: Arceus\n|-heal|p2a: Arceus|238/292\n|\n|upkeep\n|turn|38\n|\n|t:|1769184889\n|move|p1a: Floette|Moonblast|p2a: Arceus\n|-damage|p2a: Arceus|130/292\n|move|p2a: Arceus|Judgment|p1a: Floette\n|-damage|p1a: Floette|0 fnt\n|faint|p1a: Floette\n|\n|upkeep\n|\n|t:|1769184894\n|switch|p1a: Togekiss|Togekiss, L81, F|270/270\n|turn|39\n|\n|t:|1769184898\n|move|p1a: Togekiss|Air Slash|p2a: Arceus\n|-damage|p2a: Arceus|52/292\n|cant|p2a: Arceus|flinch\n|\n|upkeep\n|turn|40\n|\n|t:|1769184902\n|move|p1a: Togekiss|Air Slash|p2a: Arceus\n|-crit|p2a: Arceus\n|-damage|p2a: Arceus|0 fnt\n|faint|p2a: Arceus\n|\n|upkeep\n|\n|t:|1769184903\n|switch|p2a: Slaking|Slaking, L84, F|247/389\n|turn|41\n|\n|t:|1769184908\n|move|p2a: Slaking|Retaliate|p1a: Togekiss\n|-damage|p1a: Togekiss|56/270\n|move|p1a: Togekiss|Air Slash|p2a: Slaking\n|-damage|p2a: Slaking|129/389\n|\n|upkeep\n|turn|42\n|\n|t:|1769184911\n|cant|p2a: Slaking|ability: Truant\n|move|p1a: Togekiss|Air Slash|p2a: Slaking\n|-damage|p2a: Slaking|11/389\n|\n|upkeep\n|turn|43\n|\n|t:|1769184915\n|move|p2a: Slaking|Retaliate|p1a: Togekiss\n|-damage|p1a: Togekiss|0 fnt\n|faint|p1a: Togekiss\n|\n|win|Kurochan3\n|raw|sguegotron's rating: 1553 &rarr; <strong>1541</strong><br />(-12 for losing)\n|raw|Kurochan3's rating: 1695 &rarr; <strong>1707</strong><br />(+12 for winning)\n", "inputlog": ">version dd3d52b8382d73d1dd2c67730c4067df325ab790\n>start {\"formatid\":\"gen7randombattle\",\"seed\":\"sodium,fb7f1de01ba85e94da21ae5fc2fd3621\",\"rated\":\"Rated battle\"}\n>player p1 {\"name\":\"sguegotron\",\"avatar\":\"169\",\"rating\":1553,\"seed\":\"sodium,060beb7088cce356ef1ca68f4772bbba\"}\n>player p2 {\"name\":\"Kurochan3\",\"avatar\":\"cynthia-gen4\",\"rating\":1695,\"seed\":\"sodium,a31224606107f616f14a0553fec2d76e\"}\n>p1 move lightofruin\n>p2 switch 3\n>p1 switch 6\n>p2 move coil\n>p1 move dragontail\n>p2 move gunkshot\n>p1 move suckerpunch\n>p2 move earthquake\n>p1 switch 3\n>p1 move toxic\n>p2 switch 2\n>p1 move flamethrower\n>p2 move voltswitch\n>p2 switch 6\n>p1 move icebeam\n>p2 move judgment\n>p1 switch 4\n>p2 move judgment\n>p1 move dazzlinggleam\n>p2 move toxic\n>p1 move dazzlinggleam\n>p2 switch 4\n>p1 switch 4\n>p2 move toxic\n>p1 move flamethrower\n>p2 move energyball\n>p1 switch 5\n>p1 move knockoff\n>p2 move energyball\n>p1 move gunkshot\n>p2 move morningsun\n>p2 switch 6\n>p1 switch 2\n>p2 move voltswitch mega\n>p1 switch 2\n>p2 switch 2\n>p1 move thunderwave\n>p2 switch 2\n>p1 switch 6\n>p2 move voltswitch\n>p2 switch 5\n>p1 switch 6\n>p2 switch 3\n>p1 move playrough\n>p2 move iciclecrash\n>p2 switch 5\n>p1 switch 2\n>p2 move hiddenpower\n>p1 switch 6\n>p2 move overheat\n>p1 move hiddenpower\n>p2 switch 4\n>p1 move hiddenpower\n>p2 switch 2\n>p1 switch 2\n>p2 move earthquake\n>p1 switch 4\n>p1 move airslash\n>p2 switch 3\n>p1 move airslash\n>p2 move gunkshot\n>p2 switch 4\n>p1 switch 6\n>p2 move thunderbolt\n>p1 move lavaplume\n>p2 move overheat\n>p2 switch 2\n>p1 move lavaplume\n>p2 move recover\n>p1 move precipiceblades\n>p2 move recover\n>p1 move precipiceblades\n>p2 move recover\n>p1 move precipiceblades\n>p2 move icebeam\n>p1 move precipiceblades\n>p2 move recover\n>p1 move lavaplume\n>p2 move recover\n>p1 move lavaplume\n>p2 move icebeam\n>p1 switch 2\n>p1 move moonblast\n>p2 move recover\n>p1 move moonblast\n>p2 move judgment\n>p1 switch 6\n>p1 move airslash\n>p2 move icebeam\n>p1 move airslash\n>p2 move icebeam\n>p2 switch 3\n>p1 move airslash\n>p2 move retaliate\n>p1 move airslash\n>p2 move retaliate\n>p1 move airslash\n>p2 move retaliate", "uploadtime": 1769184923, "views": 195, "formatid": "gen7randombattle", "rating": 1541, "private": 0, "password": null}