{"id": "gen7randombattle-2540160446", "format": "[Gen 7] Random Battle", "players": ["chobomb", "Burgers and Pizza!"], "log": "|j|☆chobomb\n|j|☆Burgers and Pizza!\n|t:|1771170189\n|gametype|singles\n|player|p1|chobomb|170|1551\n|player|p2|Burgers and Pizza!|workerice|1611\n|gen|7\n|tier|[Gen 7] Random Battle\n|rated|\n|rule|Sleep Clause Mod: Limit one foe put to sleep\n|rule|HP Percentage Mod: HP is shown in percentages\n|rule|Illusion Level Mod: Illusion disguises the Pokémon's true level\n|\n|t:|1771170189\n|teamsize|p1|6\n|teamsize|p2|6\n|start\n|switch|p1a: Lunatone|Lunatone, L93|318/318\n|switch|p2a: Regirock|Regirock, L87|281/281\n|turn|1\n|\n|t:|1771170200\n|switch|p2a: Celesteela|Celesteela, L78|279/279\n|move|p1a: Lunatone|Earth Power|p2a: Celesteela\n|-immune|p2a: Celesteela\n|\n|upkeep\n|turn|2\n|\n|t:|1771170223\n|switch|p1a: Eelektross|Eelektross, L88, M|293/293\n|move|p2a: Celesteela|Leech Seed|p1a: Eelektross\n|-start|p1a: Eelektross|move: Leech Seed\n|\n|-damage|p1a: Eelektross|257/293|[from] Leech Seed|[of] p2a: Celesteela\n|upkeep\n|turn|3\n|inactive|Battle timer is ON: inactive players will automatically lose when time's up. (requested by Burgers and Pizza!)\n|\n|t:|1771170269\n|move|p2a: Celesteela|Protect|p2a: Celesteela\n|-singleturn|p2a: Celesteela|Protect\n|move|p1a: Eelektross|Discharge|p2a: Celesteela\n|-activate|p2a: Celesteela|move: Protect\n|\n|-damage|p1a: Eelektross|221/293|[from] Leech Seed|[of] p2a: Celesteela\n|upkeep\n|turn|4\n|\n|t:|1771170272\n|switch|p2a: Garchomp|Garchomp, L77, F|293/293\n|move|p1a: Eelektross|Discharge|p2a: Garchomp\n|-immune|p2a: Garchomp\n|\n|-damage|p1a: Eelektross|185/293|[from] Leech Seed|[of] p2a: Garchomp\n|upkeep\n|turn|5\n|\n|t:|1771170284\n|switch|p2a: Celesteela|Celesteela, L78|279/279\n|move|p1a: Eelektross|U-turn|p2a: Celesteela\n|-resisted|p2a: Celesteela\n|-damage|p2a: Celesteela|265/279\n|\n|t:|1771170288\n|switch|p1a: Pidgeot|Pidgeot, L78, F|258/258|[from] U-turn\n|\n|-heal|p2a: Celesteela|279/279|[from] item: Leftovers\n|upkeep\n|turn|6\n|\n|t:|1771170311\n|detailschange|p1a: Pidgeot|Pidgeot-Mega, L78, F\n|-mega|p1a: Pidgeot|Pidgeot|Pidgeotite\n|move|p1a: Pidgeot|Heat Wave|p2a: Celesteela\n|-supereffective|p2a: Celesteela\n|-damage|p2a: Celesteela|129/279\n|move|p2a: Celesteela|Leech Seed|p1a: Pidgeot\n|-start|p1a: Pidgeot|move: Leech Seed\n|\n|-heal|p2a: Celesteela|146/279|[from] item: Leftovers\n|-damage|p1a: Pidgeot|226/258|[from] Leech Seed|[of] p2a: Celesteela\n|-heal|p2a: Celesteela|178/279|[silent]\n|upkeep\n|turn|7\n|\n|t:|1771170329\n|move|p2a: Celesteela|Protect|p2a: Celesteela\n|-singleturn|p2a: Celesteela|Protect\n|move|p1a: Pidgeot|Heat Wave|p2a: Celesteela\n|-activate|p2a: Celesteela|move: Protect\n|\n|-heal|p2a: Celesteela|195/279|[from] item: Leftovers\n|-damage|p1a: Pidgeot|194/258|[from] Leech Seed|[of] p2a: Celesteela\n|-heal|p2a: Celesteela|227/279|[silent]\n|upkeep\n|turn|8\n|\n|t:|1771170337\n|switch|p2a: Walrein|Walrein, L90, M|344/344\n|move|p1a: Pidgeot|U-turn|p2a: Walrein\n|-damage|p2a: Walrein|311/344\n|\n|t:|1771170348\n|switch|p1a: Eelektross|Eelektross, L88, M|185/293|[from] U-turn\n|\n|-heal|p2a: Walrein|332/344|[from] item: Leftovers\n|upkeep\n|turn|9\n|\n|t:|1771170353\n|move|p2a: Walrein|Protect|p2a: Walrein\n|-singleturn|p2a: Walrein|Protect\n|move|p1a: Eelektross|U-turn|p2a: Walrein\n|-activate|p2a: Walrein|move: Protect\n|\n|-heal|p2a: Walrein|344/344|[from] item: Leftovers\n|upkeep\n|turn|10\n|\n|t:|1771170364\n|move|p2a: Walrein|Toxic|p1a: Eelektross\n|-status|p1a: Eelektross|tox\n|move|p1a: Eelektross|Discharge|p2a: Walrein\n|-supereffective|p2a: Walrein\n|-damage|p2a: Walrein|146/344\n|-status|p2a: Walrein|par\n|\n|-heal|p2a: Walrein|167/344 par|[from] item: Leftovers\n|-damage|p1a: Eelektross|167/293 tox|[from] psn\n|upkeep\n|turn|11\n|\n|t:|1771170376\n|move|p2a: Walrein|Protect|p2a: Walrein\n|-singleturn|p2a: Walrein|Protect\n|move|p1a: Eelektross|Knock Off|p2a: Walrein\n|-activate|p2a: Walrein|move: Protect\n|\n|-heal|p2a: Walrein|188/344 par|[from] item: Leftovers\n|-damage|p1a: Eelektross|131/293 tox|[from] psn\n|upkeep\n|turn|12\n|\n|t:|1771170390\n|move|p1a: Eelektross|Discharge|p2a: Walrein\n|-supereffective|p2a: Walrein\n|-crit|p2a: Walrein\n|-damage|p2a: Walrein|0 fnt\n|faint|p2a: Walrein\n|\n|-damage|p1a: Eelektross|77/293 tox|[from] psn\n|upkeep\n|\n|t:|1771170402\n|switch|p2a: Celesteela|Celesteela, L78|227/279\n|turn|13\n|\n|t:|1771170408\n|move|p2a: Celesteela|Protect|p2a: Celesteela\n|-singleturn|p2a: Celesteela|Protect\n|move|p1a: Eelektross|Discharge|p2a: Celesteela\n|-activate|p2a: Celesteela|move: Protect\n|\n|-heal|p2a: Celesteela|244/279|[from] item: Leftovers\n|-damage|p1a: Eelektross|5/293 tox|[from] psn\n|upkeep\n|turn|14\n|\n|t:|1771170413\n|move|p2a: Celesteela|Heavy Slam|p1a: Eelektross\n|-resisted|p1a: Eelektross\n|-damage|p1a: Eelektross|0 fnt\n|faint|p1a: Eelektross\n|-ability|p2a: Celesteela|Beast Boost|boost\n|-boost|p2a: Celesteela|spa|1\n|\n|-heal|p2a: Celesteela|261/279|[from] item: Leftovers\n|upkeep\n|\n|t:|1771170436\n|switch|p1a: Raticate|Raticate-Alola, L89, M|278/278\n|turn|15\n|\n|t:|1771170445\n|switch|p2a: Regirock|Regirock, L87|281/281\n|move|p1a: Raticate|Swords Dance|p1a: Raticate\n|-boost|p1a: Raticate|atk|2\n|\n|upkeep\n|turn|16\n|\n|t:|1771170473\n|move|p1a: Raticate|Knock Off|p2a: Regirock|[miss]\n|-miss|p1a: Raticate|p2a: Regirock\n|move|p2a: Regirock|Drain Punch|p1a: Raticate\n|-supereffective|p1a: Raticate\n|-damage|p1a: Raticate|6/278\n|\n|upkeep\n|turn|17\n|inactive|Burgers and Pizza! has 120 seconds left.\n|\n|t:|1771170493\n|switch|p2a: Garchomp|Garchomp, L77, F|293/293\n|move|p1a: Raticate|Knock Off|p2a: Garchomp\n|-damage|p2a: Garchomp|107/293\n|-damage|p1a: Raticate|0 fnt|[from] ability: Rough Skin|[of] p2a: Garchomp\n|faint|p1a: Raticate\n|\n|upkeep\n|\n|t:|1771170498\n|switch|p1a: Pidgeot|Pidgeot-Mega, L78, F|194/258\n|turn|18\n|\n|t:|1771170503\n|switch|p2a: Regirock|Regirock, L87|281/281\n|move|p1a: Pidgeot|Hurricane|p2a: Regirock\n|-resisted|p2a: Regirock\n|-damage|p2a: Regirock|218/281\n|\n|-heal|p2a: Regirock|235/281|[from] item: Leftovers\n|upkeep\n|turn|19\n|l|☆chobomb\n|inactive|chobomb disconnected and has a minute to reconnect!\n|player|p1|\n|j|☆chobomb\n|inactive|chobomb reconnected and has 140 seconds left.\n|player|p1|chobomb|170|\n|\n|t:|1771170523\n|move|p1a: Pidgeot|U-turn|p2a: Regirock\n|-damage|p2a: Regirock|214/281\n|\n|t:|1771170528\n|switch|p1a: Amoonguss|Amoonguss, L83, M|325/325|[from] U-turn\n|move|p2a: Regirock|Thunder Wave|p1a: Amoonguss\n|-status|p1a: Amoonguss|par\n|\n|-heal|p2a: Regirock|231/281|[from] item: Leftovers\n|upkeep\n|turn|20\n|inactive|Burgers and Pizza! has 120 seconds left.\n|\n|t:|1771170558\n|switch|p2a: Forretress|Forretress, L81, F|254/254\n|move|p1a: Amoonguss|Spore|p2a: Forretress\n|-status|p2a: Forretress|slp|[from] move: Spore\n|\n|upkeep\n|turn|21\n|inactive|Burgers and Pizza! has 120 seconds left.\n|\n|t:|1771170571\n|switch|p2a: Celesteela|Celesteela, L78|261/279\n|switch|p1a: Pidgeot|Pidgeot-Mega, L78, F|194/258\n|\n|-heal|p2a: Celesteela|278/279|[from] item: Leftovers\n|upkeep\n|turn|22\n|inactive|Burgers and Pizza! has 120 seconds left.\n|\n|t:|1771170585\n|move|p1a: Pidgeot|Heat Wave|p2a: Celesteela\n|-supereffective|p2a: Celesteela\n|-damage|p2a: Celesteela|116/279\n|move|p2a: Celesteela|Leech Seed|p1a: Pidgeot\n|-start|p1a: Pidgeot|move: Leech Seed\n|\n|-heal|p2a: Celesteela|133/279|[from] item: Leftovers\n|-damage|p1a: Pidgeot|162/258|[from] Leech Seed|[of] p2a: Celesteela\n|-heal|p2a: Celesteela|165/279|[silent]\n|upkeep\n|turn|23\n|\n|t:|1771170594\n|move|p2a: Celesteela|Protect|p2a: Celesteela\n|-singleturn|p2a: Celesteela|Protect\n|move|p1a: Pidgeot|Heat Wave|p2a: Celesteela\n|-activate|p2a: Celesteela|move: Protect\n|\n|-heal|p2a: Celesteela|182/279|[from] item: Leftovers\n|-damage|p1a: Pidgeot|130/258|[from] Leech Seed|[of] p2a: Celesteela\n|-heal|p2a: Celesteela|214/279|[silent]\n|upkeep\n|turn|24\n|\n|t:|1771170598\n|switch|p2a: Regirock|Regirock, L87|231/281\n|move|p1a: Pidgeot|Heat Wave|p2a: Regirock\n|-resisted|p2a: Regirock\n|-damage|p2a: Regirock|200/281\n|\n|-heal|p2a: Regirock|217/281|[from] item: Leftovers\n|-damage|p1a: Pidgeot|98/258|[from] Leech Seed|[of] p2a: Regirock\n|-heal|p2a: Regirock|249/281|[silent]\n|upkeep\n|turn|25\n|\n|t:|1771170608\n|move|p1a: Pidgeot|U-turn|p2a: Regirock\n|-damage|p2a: Regirock|231/281\n|\n|t:|1771170612\n|switch|p1a: Lunatone|Lunatone, L93|318/318|[from] U-turn\n|move|p2a: Regirock|Stone Edge|p1a: Lunatone\n|-damage|p1a: Lunatone|182/318\n|\n|-heal|p2a: Regirock|248/281|[from] item: Leftovers\n|upkeep\n|turn|26\n|-message|chobomb forfeited.\n|\n|win|Burgers and Pizza!\n|raw|chobomb's rating: 1565 &rarr; <strong>1548</strong><br />(-17 for losing)\n|raw|Burgers and Pizza!'s rating: 1611 &rarr; <strong>1628</strong><br />(+17 for winning)\n|l|☆chobomb\n|player|p1|\n", "inputlog": ">version 686819e5e19f8a7fd2345cfc5a08a5085efa2cc3\n>start {\"formatid\":\"gen7randombattle\",\"seed\":\"sodium,3cf5a062f30560b9aba67ad6bc709b6e\",\"rated\":\"Rated battle\"}\n>player p1 {\"name\":\"chobomb\",\"avatar\":\"170\",\"rating\":1551,\"seed\":\"sodium,dd337e3a94579326bd37a0a07f718c80\"}\n>player p2 {\"name\":\"Burgers and Pizza!\",\"avatar\":\"workerice\",\"rating\":1611,\"seed\":\"sodium,b22acacbcee92cdecdbdb4cfec0422e5\"}\n>p1 move earthpower\n>p2 switch 6\n>p1 switch 2\n>p2 move leechseed\n>p1 move discharge\n>p2 move protect\n>p1 move discharge\n>p2 switch 5\n>p1 move uturn\n>p2 switch 5\n>p1 switch 3\n>p1 move heatwave mega\n>p2 move leechseed\n>p1 move heatwave\n>p2 move protect\n>p1 move uturn\n>p2 switch 2\n>p1 switch 3\n>p1 move uturn\n>p2 move protect\n>p1 move discharge\n>p2 move toxic\n>p1 move knockoff\n>p2 move protect\n>p1 move discharge\n>p2 move surf\n>p2 switch 2\n>p1 move discharge\n>p2 move protect\n>p1 move discharge\n>p2 move heavyslam\n>p1 switch 5\n>p1 move swordsdance\n>p2 switch 6\n>p1 move knockoff\n>p2 move drainpunch\n>p1 move knockoff\n>p2 switch 5\n>p1 switch 3\n>p1 move hurricane\n>p2 switch 5\n>p1 move uturn\n>p2 move thunderwave\n>p1 switch 6\n>p1 move spore\n>p2 switch 4\n>p1 switch 6\n>p2 switch 6\n>p1 move heatwave\n>p2 move leechseed\n>p1 move heatwave\n>p2 move protect\n>p1 move heatwave\n>p2 switch 4\n>p1 move uturn\n>p2 move stoneedge\n>p1 switch 2\n>forcelose p1", "uploadtime": 1771170622, "views": 64, "formatid": "gen7randombattle", "rating": 1548, "private": 0, "password": null}