{"id": "gen7randombattle-2533686744", "format": "[Gen 7] Random Battle", "players": ["imsobaked", "Kitsune247"], "log": "|j|☆imsobaked\n|j|☆Kitsune247\n|t:|1770329037\n|gametype|singles\n|player|p1|imsobaked|hiker-gen4|1609\n|player|p2|Kitsune247|roxie|1684\n|gen|7\n|tier|[Gen 7] Random Battle\n|rated|\n|rule|Sleep Clause Mod: Limit one foe put to sleep\n|rule|HP Percentage Mod: HP is shown in percentages\n|rule|Illusion Level Mod: Illusion disguises the Pokémon's true level\n|\n|t:|1770329037\n|teamsize|p1|6\n|teamsize|p2|6\n|start\n|switch|p1a: Zebstrika|Zebstrika, L88, F|275/275\n|switch|p2a: Regice|Regice, L87|281/281\n|turn|1\n|inactive|Battle timer is ON: inactive players will automatically lose when time's up. (requested by Kitsune247)\n|\n|t:|1770329048\n|switch|p2a: Quagsire|Quagsire, L87, F|307/307\n|move|p1a: Zebstrika|Thunderbolt|p2a: Quagsire\n|-immune|p2a: Quagsire\n|\n|upkeep\n|turn|2\n|\n|t:|1770329066\n|switch|p1a: Registeel|Registeel, L83|268/268\n|switch|p2a: Regice|Regice, L87|281/281\n|\n|upkeep\n|turn|3\n|\n|t:|1770329078\n|switch|p2a: Persian|Persian-Alola, L84, F|246/246\n|move|p1a: Registeel|Toxic|p2a: Persian\n|-status|p2a: Persian|tox\n|\n|-damage|p2a: Persian|231/246 tox|[from] psn\n|upkeep\n|turn|4\n|\n|t:|1770329083\n|move|p2a: Persian|Nasty Plot|p2a: Persian\n|-boost|p2a: Persian|spa|2\n|move|p1a: Registeel|Stealth Rock|p2a: Persian\n|-sidestart|p2: Kitsune247|move: Stealth Rock\n|\n|-heal|p2a: Persian|246/246 tox|[from] item: Leftovers\n|-damage|p2a: Persian|216/246 tox|[from] psn\n|upkeep\n|turn|5\n|\n|t:|1770329091\n|move|p1a: Registeel|Protect|p1a: Registeel\n|-singleturn|p1a: Registeel|Protect\n|move|p2a: Persian|Nasty Plot|p2a: Persian\n|-boost|p2a: Persian|spa|2\n|\n|-heal|p2a: Persian|231/246 tox|[from] item: Leftovers\n|-damage|p2a: Persian|186/246 tox|[from] psn\n|upkeep\n|turn|6\n|\n|t:|1770329105\n|switch|p1a: Regice|Regice, L87|281/281\n|move|p2a: Persian|Dark Pulse|p1a: Regice\n|-damage|p1a: Regice|170/281\n|\n|-heal|p2a: Persian|201/246 tox|[from] item: Leftovers\n|-heal|p1a: Regice|187/281|[from] item: Leftovers\n|-damage|p2a: Persian|141/246 tox|[from] psn\n|upkeep\n|turn|7\n|\n|t:|1770329113\n|move|p2a: Persian|Dark Pulse|p1a: Regice\n|-damage|p1a: Regice|84/281\n|cant|p1a: Regice|flinch\n|\n|-heal|p2a: Persian|156/246 tox|[from] item: Leftovers\n|-heal|p1a: Regice|101/281|[from] item: Leftovers\n|-damage|p2a: Persian|81/246 tox|[from] psn\n|upkeep\n|turn|8\n|\n|t:|1770329119\n|move|p2a: Persian|Dark Pulse|p1a: Regice\n|-damage|p1a: Regice|0 fnt\n|faint|p1a: Regice\n|\n|-heal|p2a: Persian|96/246 tox|[from] item: Leftovers\n|-damage|p2a: Persian|6/246 tox|[from] psn\n|upkeep\n|\n|t:|1770329126\n|switch|p1a: Pheromosa|Pheromosa, L75|229/229\n|turn|9\n|\n|t:|1770329131\n|move|p1a: Pheromosa|U-turn|p2a: Persian\n|-supereffective|p2a: Persian\n|-damage|p2a: Persian|0 fnt\n|faint|p2a: Persian\n|-ability|p1a: Pheromosa|Beast Boost|boost\n|-boost|p1a: Pheromosa|spe|1\n|\n|t:|1770329132\n|switch|p1a: Registeel|Registeel, L83|268/268|[from] U-turn\n|\n|upkeep\n|\n|t:|1770329155\n|switch|p2a: Vileplume|Vileplume, L87, M|272/272\n|-damage|p2a: Vileplume|238/272|[from] Stealth Rock\n|turn|10\n|\n|t:|1770329164\n|move|p2a: Vileplume|Hidden Power|p1a: Registeel\n|-supereffective|p1a: Registeel\n|-damage|p1a: Registeel|206/268\n|move|p1a: Registeel|Seismic Toss|p2a: Vileplume\n|-damage|p2a: Vileplume|155/272\n|\n|-heal|p2a: Vileplume|172/272|[from] item: Black Sludge\n|-heal|p1a: Registeel|222/268|[from] item: Leftovers\n|upkeep\n|turn|11\n|\n|t:|1770329169\n|move|p1a: Registeel|Protect|p1a: Registeel\n|-singleturn|p1a: Registeel|Protect\n|move|p2a: Vileplume|Hidden Power|p1a: Registeel\n|-activate|p1a: Registeel|move: Protect\n|\n|-heal|p2a: Vileplume|189/272|[from] item: Black Sludge\n|-heal|p1a: Registeel|238/268|[from] item: Leftovers\n|upkeep\n|turn|12\n|\n|t:|1770329174\n|switch|p1a: Zebstrika|Zebstrika, L88, F|275/275\n|move|p2a: Vileplume|Hidden Power|p1a: Zebstrika\n|-supereffective|p1a: Zebstrika\n|-damage|p1a: Zebstrika|145/275\n|\n|-heal|p2a: Vileplume|206/272|[from] item: Black Sludge\n|upkeep\n|turn|13\n|\n|t:|1770329179\n|switch|p2a: Regice|Regice, L87|281/281\n|-damage|p2a: Regice|211/281|[from] Stealth Rock\n|move|p1a: Zebstrika|Overheat|p2a: Regice\n|-supereffective|p2a: Regice\n|-damage|p2a: Regice|91/281\n|-unboost|p1a: Zebstrika|spa|2\n|\n|-heal|p2a: Regice|108/281|[from] item: Leftovers\n|upkeep\n|turn|14\n|\n|t:|1770329186\n|switch|p1a: Registeel|Registeel, L83|238/268\n|switch|p2a: Vileplume|Vileplume, L87, M|206/272\n|-damage|p2a: Vileplume|172/272|[from] Stealth Rock\n|\n|-heal|p2a: Vileplume|189/272|[from] item: Black Sludge\n|-heal|p1a: Registeel|254/268|[from] item: Leftovers\n|upkeep\n|turn|15\n|\n|t:|1770329189\n|move|p2a: Vileplume|Hidden Power|p1a: Registeel\n|-supereffective|p1a: Registeel\n|-damage|p1a: Registeel|194/268\n|move|p1a: Registeel|Seismic Toss|p2a: Vileplume\n|-damage|p2a: Vileplume|106/272\n|\n|-heal|p2a: Vileplume|123/272|[from] item: Black Sludge\n|-heal|p1a: Registeel|210/268|[from] item: Leftovers\n|upkeep\n|turn|16\n|\n|t:|1770329193\n|move|p1a: Registeel|Protect|p1a: Registeel\n|-singleturn|p1a: Registeel|Protect\n|move|p2a: Vileplume|Hidden Power|p1a: Registeel\n|-activate|p1a: Registeel|move: Protect\n|\n|-heal|p2a: Vileplume|140/272|[from] item: Black Sludge\n|-heal|p1a: Registeel|226/268|[from] item: Leftovers\n|upkeep\n|turn|17\n|\n|t:|1770329195\n|move|p2a: Vileplume|Hidden Power|p1a: Registeel\n|-supereffective|p1a: Registeel\n|-damage|p1a: Registeel|160/268\n|move|p1a: Registeel|Seismic Toss|p2a: Vileplume\n|-damage|p2a: Vileplume|57/272\n|-status|p1a: Registeel|slp|[from] ability: Effect Spore|[of] p2a: Vileplume\n|\n|-heal|p2a: Vileplume|74/272|[from] item: Black Sludge\n|-heal|p1a: Registeel|176/268 slp|[from] item: Leftovers\n|upkeep\n|turn|18\n|\n|t:|1770329200\n|cant|p1a: Registeel|slp\n|move|p2a: Vileplume|Strength Sap|p1a: Registeel\n|-fail|p1a: Registeel|unboost|[from] ability: Clear Body|[of] p1a: Registeel\n|-heal|p2a: Vileplume|203/272\n|\n|-heal|p2a: Vileplume|220/272|[from] item: Black Sludge\n|-heal|p1a: Registeel|192/268 slp|[from] item: Leftovers\n|upkeep\n|turn|19\n|\n|t:|1770329203\n|-curestatus|p1a: Registeel|slp|[msg]\n|move|p1a: Registeel|Protect|p1a: Registeel\n|-singleturn|p1a: Registeel|Protect\n|move|p2a: Vileplume|Hidden Power|p1a: Registeel\n|-activate|p1a: Registeel|move: Protect\n|\n|-heal|p2a: Vileplume|237/272|[from] item: Black Sludge\n|-heal|p1a: Registeel|208/268|[from] item: Leftovers\n|upkeep\n|turn|20\n|\n|t:|1770329214\n|move|p2a: Vileplume|Hidden Power|p1a: Registeel\n|-supereffective|p1a: Registeel\n|-damage|p1a: Registeel|138/268\n|move|p1a: Registeel|Seismic Toss|p2a: Vileplume\n|-damage|p2a: Vileplume|154/272\n|\n|-heal|p2a: Vileplume|171/272|[from] item: Black Sludge\n|-heal|p1a: Registeel|154/268|[from] item: Leftovers\n|upkeep\n|turn|21\n|\n|t:|1770329219\n|move|p1a: Registeel|Protect|p1a: Registeel\n|-singleturn|p1a: Registeel|Protect\n|move|p2a: Vileplume|Hidden Power|p1a: Registeel\n|-activate|p1a: Registeel|move: Protect\n|\n|-heal|p2a: Vileplume|188/272|[from] item: Black Sludge\n|-heal|p1a: Registeel|170/268|[from] item: Leftovers\n|upkeep\n|turn|22\n|\n|t:|1770329227\n|move|p2a: Vileplume|Hidden Power|p1a: Registeel\n|-supereffective|p1a: Registeel\n|-damage|p1a: Registeel|102/268\n|move|p1a: Registeel|Seismic Toss|p2a: Vileplume\n|-damage|p2a: Vileplume|105/272\n|\n|-heal|p2a: Vileplume|122/272|[from] item: Black Sludge\n|-heal|p1a: Registeel|118/268|[from] item: Leftovers\n|upkeep\n|turn|23\n|\n|t:|1770329234\n|move|p1a: Registeel|Protect|p1a: Registeel\n|-singleturn|p1a: Registeel|Protect\n|move|p2a: Vileplume|Strength Sap|p1a: Registeel\n|-activate|p1a: Registeel|move: Protect\n|\n|-heal|p2a: Vileplume|139/272|[from] item: Black Sludge\n|-heal|p1a: Registeel|134/268|[from] item: Leftovers\n|upkeep\n|turn|24\n|\n|t:|1770329238\n|switch|p1a: Zebstrika|Zebstrika, L88, F|145/275\n|move|p2a: Vileplume|Hidden Power|p1a: Zebstrika\n|-supereffective|p1a: Zebstrika\n|-damage|p1a: Zebstrika|13/275\n|\n|-heal|p2a: Vileplume|156/272|[from] item: Black Sludge\n|upkeep\n|turn|25\n|\n|t:|1770329242\n|switch|p2a: Regice|Regice, L87|108/281\n|-damage|p2a: Regice|38/281|[from] Stealth Rock\n|move|p1a: Zebstrika|Overheat|p2a: Regice\n|-supereffective|p2a: Regice\n|-damage|p2a: Regice|0 fnt\n|-unboost|p1a: Zebstrika|spa|2\n|faint|p2a: Regice\n|\n|upkeep\n|\n|t:|1770329246\n|switch|p2a: Quagsire|Quagsire, L87, F|307/307\n|-damage|p2a: Quagsire|288/307|[from] Stealth Rock\n|turn|26\n|\n|t:|1770329250\n|switch|p1a: Registeel|Registeel, L83|134/268\n|move|p2a: Quagsire|Earthquake|p1a: Registeel\n|-supereffective|p1a: Registeel\n|-damage|p1a: Registeel|0 fnt\n|faint|p1a: Registeel\n|\n|-heal|p2a: Quagsire|307/307|[from] item: Leftovers\n|upkeep\n|\n|t:|1770329259\n|switch|p1a: Crawdaunt|Crawdaunt, L85, F|246/246\n|turn|27\n|\n|t:|1770329263\n|move|p1a: Crawdaunt|Knock Off|p2a: Quagsire\n|-damage|p2a: Quagsire|37/307\n|-enditem|p2a: Quagsire|Leftovers|[from] move: Knock Off|[of] p1a: Crawdaunt\n|move|p2a: Quagsire|Scald|p1a: Crawdaunt\n|-resisted|p1a: Crawdaunt\n|-damage|p1a: Crawdaunt|201/246\n|-status|p1a: Crawdaunt|brn\n|\n|-damage|p1a: Crawdaunt|186/246 brn|[from] brn\n|upkeep\n|turn|28\n|\n|t:|1770329268\n|move|p1a: Crawdaunt|Knock Off|p2a: Quagsire\n|-damage|p2a: Quagsire|0 fnt\n|faint|p2a: Quagsire\n|\n|-damage|p1a: Crawdaunt|171/246 brn|[from] brn\n|upkeep\n|\n|t:|1770329272\n|switch|p2a: Vileplume|Vileplume, L87, M|156/272\n|-damage|p2a: Vileplume|122/272|[from] Stealth Rock\n|turn|29\n|\n|t:|1770329274\n|move|p1a: Crawdaunt|Knock Off|p2a: Vileplume\n|-damage|p2a: Vileplume|0 fnt\n|-enditem|p2a: Vileplume|Black Sludge|[from] move: Knock Off|[of] p1a: Crawdaunt\n|faint|p2a: Vileplume\n|\n|-damage|p1a: Crawdaunt|156/246 brn|[from] brn\n|upkeep\n|\n|t:|1770329288\n|switch|p2a: Oricorio|Oricorio-Pa'u, L91, M|284/284\n|-damage|p2a: Oricorio|213/284|[from] Stealth Rock\n|turn|30\n|\n|t:|1770329294\n|move|p2a: Oricorio|Hurricane|p1a: Crawdaunt\n|-damage|p1a: Crawdaunt|0 fnt\n|faint|p1a: Crawdaunt\n|\n|-heal|p2a: Oricorio|230/284|[from] item: Leftovers\n|upkeep\n|\n|t:|1770329297\n|switch|p1a: Zebstrika|Zebstrika, L88, F|13/275\n|turn|31\n|\n|t:|1770329300\n|move|p1a: Zebstrika|Thunderbolt|p2a: Oricorio\n|-supereffective|p2a: Oricorio\n|-damage|p2a: Oricorio|0 fnt\n|faint|p2a: Oricorio\n|\n|upkeep\n|\n|t:|1770329303\n|switch|p2a: Manaphy|Manaphy, L77|281/281\n|-damage|p2a: Manaphy|246/281|[from] Stealth Rock\n|turn|32\n|\n|t:|1770329307\n|move|p1a: Zebstrika|Thunderbolt|p2a: Manaphy\n|-supereffective|p2a: Manaphy\n|-crit|p2a: Manaphy\n|-damage|p2a: Manaphy|0 fnt\n|faint|p2a: Manaphy\n|\n|win|imsobaked\n|raw|imsobaked's rating: 1609 &rarr; <strong>1633</strong><br />(+24 for winning)\n|raw|Kitsune247's rating: 1684 &rarr; <strong>1660</strong><br />(-24 for losing)\n|l|☆Kitsune247\n|player|p2|\n", "inputlog": ">version ccdc32dd7cde25fd9e4bed64820e885f66e78a4e\n>start {\"formatid\":\"gen7randombattle\",\"seed\":\"sodium,eff02cf3ab3897168c5b1052f7b404bf\",\"rated\":\"Rated battle\"}\n>player p1 {\"name\":\"imsobaked\",\"avatar\":\"hiker-gen4\",\"rating\":1609,\"seed\":\"sodium,7e252f25d039188a2446e540da555411\"}\n>player p2 {\"name\":\"Kitsune247\",\"avatar\":\"roxie\",\"rating\":1684,\"seed\":\"sodium,65583ec87ddac4eac4c597c3292a1101\"}\n>p1 move thunderbolt\n>p2 switch 4\n>p1 switch 3\n>p2 switch 4\n>p1 move toxic\n>p2 switch 3\n>p1 move stealthrock\n>p2 move nastyplot\n>p1 move protect\n>p2 move nastyplot\n>p1 switch 6\n>p2 move darkpulse\n>p1 move icebeam\n>p2 move darkpulse\n>p1 move icebeam\n>p2 move darkpulse\n>p1 switch 2\n>p1 move uturn\n>p2 move thunderbolt\n>p1 switch 6\n>p2 switch 2\n>p1 move seismictoss\n>p2 move hiddenpower\n>p1 move protect\n>p2 move hiddenpower\n>p1 switch 3\n>p2 move hiddenpower\n>p1 move overheat\n>p2 switch 3\n>p1 switch 3\n>p2 switch 3\n>p1 move seismictoss\n>p2 move hiddenpower\n>p1 move protect\n>p2 move hiddenpower\n>p1 move seismictoss\n>p2 move hiddenpower\n>p1 move protect\n>p2 move strengthsap\n>p1 move protect\n>p2 move hiddenpower\n>p1 move seismictoss\n>p2 move hiddenpower\n>p1 move protect\n>p2 move hiddenpower\n>p1 move seismictoss\n>p2 move hiddenpower\n>p1 move protect\n>p2 move strengthsap\n>p1 switch 3\n>p2 move hiddenpower\n>p1 move overheat\n>p2 switch 3\n>p2 switch 4\n>p1 switch 3\n>p2 move earthquake\n>p1 switch 4\n>p1 move knockoff\n>p2 move scald\n>p1 move knockoff\n>p2 move recover\n>p2 switch 3\n>p1 move knockoff\n>p2 move strengthsap\n>p2 switch 6\n>p1 move knockoff\n>p2 move hurricane\n>p1 switch 3\n>p1 move thunderbolt\n>p2 move revelationdance\n>p2 switch 5\n>p1 move thunderbolt\n>p2 move surf", "uploadtime": 1770329316, "views": 178, "formatid": "gen7randombattle", "rating": 1633, "private": 0, "password": null}