{"id": "gen7randombattle-2526640933", "format": "[Gen 7] Random Battle", "players": ["86Stingray", "BigWes95"], "log": "|j|‽86Stingray\n|j|☆BigWes95\n|t:|1769443613\n|gametype|singles\n|player|p1|86Stingray|backersf|1579\n|player|p2|BigWes95|#rbtt9hoopers2|1903\n|gen|7\n|tier|[Gen 7] Random Battle\n|rated|\n|rule|Sleep Clause Mod: Limit one foe put to sleep\n|rule|HP Percentage Mod: HP is shown in percentages\n|rule|Illusion Level Mod: Illusion disguises the Pokémon's true level\n|\n|t:|1769443613\n|teamsize|p1|6\n|teamsize|p2|6\n|start\n|switch|p1a: Silvally|Silvally-Ground, L87|307/307\n|switch|p2a: Bellossom|Bellossom, L88, M|275/275\n|turn|1\n|inactive|Battle timer is ON: inactive players will automatically lose when time's up. (requested by BigWes95)\n|\n|t:|1769443634\n|move|p1a: Silvally|Parting Shot|p2a: Bellossom\n|-unboost|p2a: Bellossom|atk|1\n|-unboost|p2a: Bellossom|spa|1\n|\n|t:|1769443639\n|switch|p1a: Vileplume|Vileplume, L87, M|272/272|[from] Parting Shot\n|move|p2a: Bellossom|Quiver Dance|p2a: Bellossom\n|-boost|p2a: Bellossom|spa|1\n|-boost|p2a: Bellossom|spd|1\n|-boost|p2a: Bellossom|spe|1\n|\n|upkeep\n|turn|2\n|\n|t:|1769443647\n|switch|p2a: Celesteela|Celesteela, L78|279/279\n|move|p1a: Vileplume|Sludge Bomb|p2a: Celesteela\n|-immune|p2a: Celesteela\n|\n|upkeep\n|turn|3\n|\n|t:|1769443657\n|switch|p1a: Silvally|Silvally-Ground, L87|307/307\n|move|p2a: Celesteela|Air Slash|p1a: Silvally\n|-damage|p1a: Silvally|237/307\n|\n|upkeep\n|turn|4\n|inactive|BigWes95 has 120 seconds left.\n|\n|t:|1769443689\n|move|p1a: Silvally|Flamethrower|p2a: Celesteela\n|-supereffective|p2a: Celesteela\n|-damage|p2a: Celesteela|199/279\n|-status|p2a: Celesteela|brn\n|move|p2a: Celesteela|Heavy Slam|p1a: Silvally\n|-damage|p1a: Silvally|189/307\n|\n|-damage|p2a: Celesteela|182/279 brn|[from] brn\n|upkeep\n|turn|5\n|\n|t:|1769443697\n|switch|p2a: Komala|Komala, L88, F|258/258\n|-ability|p2a: Komala|Comatose\n|move|p1a: Silvally|Flamethrower|p2a: Komala\n|-damage|p2a: Komala|202/258\n|\n|upkeep\n|turn|6\n|\n|t:|1769443712\n|move|p2a: Komala|Return|p1a: Silvally\n|-damage|p1a: Silvally|63/307\n|move|p1a: Silvally|Multi-Attack|p2a: Komala\n|-damage|p2a: Komala|93/258\n|\n|upkeep\n|turn|7\n|\n|t:|1769443719\n|switch|p1a: Shedinja|Shedinja, L96|1/1\n|move|p2a: Komala|Return|p1a: Shedinja\n|-immune|p1a: Shedinja|[from] ability: Wonder Guard\n|\n|upkeep\n|turn|8\n|\n|t:|1769443730\n|switch|p2a: Drapion|Drapion, L83, M|252/252\n|move|p1a: Shedinja|Swords Dance|p1a: Shedinja\n|-boost|p1a: Shedinja|atk|2\n|\n|upkeep\n|turn|9\n|\n|t:|1769443741\n|move|p2a: Drapion|Knock Off|p1a: Shedinja\n|-supereffective|p1a: Shedinja\n|-enditem|p1a: Shedinja|Focus Sash\n|-damage|p1a: Shedinja|1/1\n|move|p1a: Shedinja|X-Scissor|p2a: Drapion\n|-damage|p2a: Drapion|84/252\n|\n|upkeep\n|turn|10\n|\n|t:|1769443755\n|move|p1a: Shedinja|Shadow Sneak|p2a: Drapion\n|-resisted|p2a: Drapion\n|-damage|p2a: Drapion|36/252\n|move|p2a: Drapion|Knock Off|p1a: Shedinja\n|-supereffective|p1a: Shedinja\n|-damage|p1a: Shedinja|0 fnt\n|faint|p1a: Shedinja\n|\n|upkeep\n|\n|t:|1769443766\n|switch|p1a: Silvally|Silvally-Ground, L87|63/307\n|turn|11\n|\n|t:|1769443787\n|switch|p2a: Celesteela|Celesteela, L78|182/279 brn\n|move|p1a: Silvally|Flamethrower|p2a: Celesteela\n|-supereffective|p2a: Celesteela\n|-damage|p2a: Celesteela|96/279 brn\n|\n|-damage|p2a: Celesteela|79/279 brn|[from] brn\n|upkeep\n|turn|12\n|\n|t:|1769443795\n|move|p1a: Silvally|Flamethrower|p2a: Celesteela\n|-supereffective|p2a: Celesteela\n|-damage|p2a: Celesteela|0 fnt\n|faint|p2a: Celesteela\n|\n|upkeep\n|\n|t:|1769443799\n|switch|p2a: Liepard|Liepard, L91, M|264/264\n|turn|13\n|\n|t:|1769443808\n|switch|p1a: Vileplume|Vileplume, L87, M|272/272\n|move|p2a: Liepard|Knock Off|p1a: Vileplume\n|-damage|p1a: Vileplume|169/272\n|-enditem|p1a: Vileplume|Black Sludge|[from] move: Knock Off|[of] p2a: Liepard\n|\n|upkeep\n|turn|14\n|\n|t:|1769443814\n|move|p2a: Liepard|U-turn|p1a: Vileplume\n|-crit|p1a: Vileplume\n|-damage|p1a: Vileplume|92/272\n|\n|t:|1769443817\n|switch|p2a: Drapion|Drapion, L83, M|36/252|[from] U-turn\n|move|p1a: Vileplume|Strength Sap|p2a: Drapion\n|-unboost|p2a: Drapion|atk|1\n|-heal|p1a: Vileplume|272/272\n|\n|upkeep\n|turn|15\n|\n|t:|1769443833\n|move|p2a: Drapion|Poison Jab|p1a: Vileplume\n|-damage|p1a: Vileplume|190/272\n|move|p1a: Vileplume|Sludge Bomb|p2a: Drapion\n|-resisted|p2a: Drapion\n|-damage|p2a: Drapion|0 fnt\n|faint|p2a: Drapion\n|\n|upkeep\n|inactive|BigWes95 has 120 seconds left.\n|\n|t:|1769443878\n|switch|p2a: Infernape|Infernape, L81, M|256/256\n|turn|16\n|\n|t:|1769443889\n|switch|p1a: Silvally|Silvally-Ground, L87|63/307\n|move|p2a: Infernape|Overheat|p1a: Silvally\n|-damage|p1a: Silvally|0 fnt\n|-unboost|p2a: Infernape|spa|2\n|faint|p1a: Silvally\n|-damage|p2a: Infernape|231/256|[from] item: Life Orb\n|\n|upkeep\n|\n|t:|1769443899\n|switch|p1a: Fearow|Fearow, L88, F|258/258\n|turn|17\n|\n|t:|1769443917\n|switch|p2a: Liepard|Liepard, L91, M|264/264\n|move|p1a: Fearow|Drill Peck|p2a: Liepard\n|-damage|p2a: Liepard|95/264\n|\n|-heal|p2a: Liepard|111/264|[from] item: Leftovers\n|upkeep\n|turn|18\n|\n|t:|1769443924\n|switch|p1a: Vileplume|Vileplume, L87, M|190/272\n|move|p2a: Liepard|Thunder Wave|p1a: Vileplume\n|-status|p1a: Vileplume|par\n|\n|-heal|p2a: Liepard|127/264|[from] item: Leftovers\n|upkeep\n|turn|19\n|\n|t:|1769443931\n|move|p2a: Liepard|U-turn|p1a: Vileplume\n|-damage|p1a: Vileplume|135/272 par\n|\n|t:|1769443934\n|switch|p2a: Infernape|Infernape, L81, M|231/256|[from] U-turn\n|cant|p1a: Vileplume|par\n|\n|upkeep\n|turn|20\n|\n|t:|1769443940\n|move|p2a: Infernape|Overheat|p1a: Vileplume\n|-supereffective|p1a: Vileplume\n|-damage|p1a: Vileplume|0 fnt\n|-unboost|p2a: Infernape|spa|2\n|faint|p1a: Vileplume\n|-damage|p2a: Infernape|206/256|[from] item: Life Orb\n|\n|upkeep\n|\n|t:|1769443949\n|switch|p1a: Fearow|Fearow, L88, F|258/258\n|turn|21\n|\n|t:|1769443967\n|switch|p2a: Bellossom|Bellossom, L88, M|275/275\n|move|p1a: Fearow|Drill Peck|p2a: Bellossom\n|-supereffective|p2a: Bellossom\n|-damage|p2a: Bellossom|17/275\n|\n|upkeep\n|turn|22\n|\n|t:|1769443972\n|move|p1a: Fearow|Drill Peck|p2a: Bellossom\n|-supereffective|p2a: Bellossom\n|-damage|p2a: Bellossom|0 fnt\n|faint|p2a: Bellossom\n|\n|upkeep\n|\n|t:|1769443975\n|switch|p2a: Liepard|Liepard, L91, M|127/264\n|turn|23\n|\n|t:|1769443978\n|move|p2a: Liepard|Thunder Wave|p1a: Fearow|[miss]\n|-miss|p2a: Liepard|p1a: Fearow\n|move|p1a: Fearow|Drill Peck|p2a: Liepard\n|-damage|p2a: Liepard|0 fnt\n|faint|p2a: Liepard\n|\n|upkeep\n|\n|t:|1769443982\n|switch|p2a: Komala|Komala, L88, F|93/258\n|-ability|p2a: Komala|Comatose\n|turn|24\n|\n|t:|1769443987\n|move|p2a: Komala|Return|p1a: Fearow\n|-damage|p1a: Fearow|101/258\n|move|p1a: Fearow|Drill Peck|p2a: Komala\n|-damage|p2a: Komala|0 fnt\n|faint|p2a: Komala\n|\n|upkeep\n|\n|t:|1769443991\n|switch|p2a: Infernape|Infernape, L81, M|206/256\n|turn|25\n|\n|t:|1769443996\n|move|p2a: Infernape|Mach Punch|p1a: Fearow\n|-damage|p1a: Fearow|26/258\n|-damage|p2a: Infernape|181/256|[from] item: Life Orb\n|move|p1a: Fearow|Drill Peck|p2a: Infernape\n|-supereffective|p2a: Infernape\n|-damage|p2a: Infernape|0 fnt\n|faint|p2a: Infernape\n|\n|win|86Stingray\n|raw|86Stingray's rating: 1579 &rarr; <strong>1614</strong><br />(+35 for winning)\n|raw|BigWes95's rating: 1903 &rarr; <strong>1868</strong><br />(-35 for losing)\n|l|☆BigWes95\n|player|p2|\n|l|‽86Stingray\n|player|p1|\n", "inputlog": ">version b99ff0165a6231f17e8b78c2a78d1998375de664\n>start {\"formatid\":\"gen7randombattle\",\"seed\":\"sodium,90da63ddbc3c9fad801509689841b361\",\"rated\":\"Rated battle\"}\n>player p1 {\"name\":\"86Stingray\",\"avatar\":\"backersf\",\"rating\":1579,\"seed\":\"sodium,a8fdf0606e89432af28db07ebe9d699a\"}\n>player p2 {\"name\":\"BigWes95\",\"avatar\":\"#rbtt9hoopers2\",\"rating\":1903,\"seed\":\"sodium,46cf66e698f3c4c76d41d9e615bc514c\"}\n>p1 move partingshot\n>p2 move quiverdance\n>p1 switch 5\n>p1 move sludgebomb\n>p2 switch 3\n>p1 switch 5\n>p2 move airslash\n>p1 move flamethrower\n>p2 move heavyslam\n>p1 move flamethrower\n>p2 switch 4\n>p1 move multiattack\n>p2 move return\n>p1 switch 3\n>p2 move return\n>p1 move swordsdance\n>p2 switch 5\n>p1 move xscissor\n>p2 move knockoff\n>p1 move shadowsneak\n>p2 move knockoff\n>p1 switch 3\n>p1 move flamethrower\n>p2 switch 4\n>p1 move flamethrower\n>p2 move airslash\n>p2 switch 2\n>p1 switch 5\n>p2 move knockoff\n>p1 move strengthsap\n>p2 move uturn\n>p2 switch 4\n>p1 move sludgebomb\n>p2 move poisonjab\n>p2 switch 6\n>p1 switch 5\n>p2 move overheat\n>p1 switch 6\n>p1 move drillpeck\n>p2 switch 4\n>p1 switch 5\n>p2 move thunderwave\n>p1 move sludgebomb\n>p2 move uturn\n>p2 switch 4\n>p1 move strengthsap\n>p2 move overheat\n>p1 switch 5\n>p1 move drillpeck\n>p2 switch 3\n>p1 move drillpeck\n>p2 move gigadrain\n>p2 switch 4\n>p1 move drillpeck\n>p2 move thunderwave\n>p2 switch 5\n>p1 move drillpeck\n>p2 move return\n>p2 switch 3\n>p1 move drillpeck\n>p2 move machpunch", "uploadtime": 1769444005, "views": 189, "formatid": "gen7randombattle", "rating": 1614, "private": 0, "password": null}