{"id": "gen7randombattle-2533093671", "format": "[Gen 7] Random Battle", "players": ["MrSiran", "MimikyuTrainerAsh"], "log": "|j|☆MrSiran\n|j|☆MimikyuTrainerAsh\n|t:|1770256162\n|gametype|singles\n|player|p1|MrSiran|265|1617\n|player|p2|MimikyuTrainerAsh|pokekid|1607\n|gen|7\n|tier|[Gen 7] Random Battle\n|rated|\n|rule|Sleep Clause Mod: Limit one foe put to sleep\n|rule|HP Percentage Mod: HP is shown in percentages\n|rule|Illusion Level Mod: Illusion disguises the Pokémon's true level\n|\n|t:|1770256162\n|teamsize|p1|6\n|teamsize|p2|6\n|start\n|switch|p1a: Haxorus|Haxorus, L75, M|238/238\n|switch|p2a: Lanturn|Lanturn, L89, M|367/367\n|-ability|p1a: Haxorus|Mold Breaker\n|turn|1\n|inactive|Battle timer is ON: inactive players will automatically lose when time's up. (requested by MimikyuTrainerAsh)\n|inactive|MrSiran also wants the timer to be on.\n|\n|t:|1770256171\n|-zpower|p1a: Haxorus\n|move|p1a: Haxorus|Devastating Drake|p2a: Lanturn|[zeffect]\n|-crit|p2a: Lanturn\n|-damage|p2a: Lanturn|0 fnt\n|faint|p2a: Lanturn\n|\n|upkeep\n|c|☆MimikyuTrainerAsh|bruh\n|c|☆MimikyuTrainerAsh|on a fucking lanturn?\n|c|☆MimikyuTrainerAsh|are you mentalV\n|\n|t:|1770256193\n|switch|p2a: Donphan|Donphan, L84, M|288/288\n|turn|2\n|\n|t:|1770256202\n|switch|p1a: Dewgong|Dewgong, L96, F|328/328\n|move|p2a: Donphan|Stealth Rock|p1a: Dewgong\n|-sidestart|p1: MrSiran|move: Stealth Rock\n|\n|upkeep\n|turn|3\n|\n|t:|1770256209\n|switch|p2a: Tauros|Tauros, L84, M|263/263\n|move|p1a: Dewgong|Ice Beam|p2a: Tauros\n|-damage|p2a: Tauros|142/263\n|\n|upkeep\n|turn|4\n|\n|t:|1770256218\n|move|p2a: Tauros|Body Slam|p1a: Dewgong\n|-damage|p1a: Dewgong|168/328\n|move|p1a: Dewgong|Ice Beam|p2a: Tauros\n|-damage|p2a: Tauros|30/263\n|\n|-heal|p1a: Dewgong|188/328|[from] item: Leftovers\n|upkeep\n|turn|5\n|\n|t:|1770256224\n|move|p2a: Tauros|Rock Slide|p1a: Dewgong\n|-supereffective|p1a: Dewgong\n|-damage|p1a: Dewgong|14/328\n|move|p1a: Dewgong|Ice Beam|p2a: Tauros\n|-damage|p2a: Tauros|0 fnt\n|faint|p2a: Tauros\n|\n|-heal|p1a: Dewgong|34/328|[from] item: Leftovers\n|upkeep\n|\n|t:|1770256231\n|switch|p2a: Watchog|Watchog, L96, M|271/271\n|turn|6\n|\n|t:|1770256238\n|move|p2a: Watchog|Knock Off|p1a: Dewgong\n|-damage|p1a: Dewgong|0 fnt\n|-enditem|p1a: Dewgong|Leftovers|[from] move: Knock Off|[of] p2a: Watchog\n|faint|p1a: Dewgong\n|-damage|p2a: Watchog|244/271|[from] item: Life Orb\n|\n|upkeep\n|\n|t:|1770256248\n|switch|p1a: Jirachi|Jirachi, L76|277/277\n|-damage|p1a: Jirachi|260/277|[from] Stealth Rock\n|turn|7\n|\n|t:|1770256255\n|move|p2a: Watchog|Hypnosis|p1a: Jirachi\n|-status|p1a: Jirachi|slp|[from] move: Hypnosis\n|cant|p1a: Jirachi|slp\n|\n|-heal|p1a: Jirachi|277/277 slp|[from] item: Leftovers\n|upkeep\n|turn|8\n|\n|t:|1770256262\n|switch|p1a: Masquerain|Masquerain, L87, F|263/263\n|-damage|p1a: Masquerain|132/263|[from] Stealth Rock\n|-ability|p1a: Masquerain|Intimidate|boost\n|-unboost|p2a: Watchog|atk|1\n|move|p2a: Watchog|Swords Dance|p2a: Watchog\n|-boost|p2a: Watchog|atk|2\n|\n|-heal|p1a: Masquerain|148/263|[from] item: Leftovers\n|upkeep\n|turn|9\n|\n|t:|1770256267\n|move|p2a: Watchog|Return|p1a: Masquerain\n|-damage|p1a: Masquerain|0 fnt\n|faint|p1a: Masquerain\n|-damage|p2a: Watchog|217/271|[from] item: Life Orb\n|\n|upkeep\n|\n|t:|1770256275\n|switch|p1a: Lanturn|Lanturn, L89, F|367/367\n|-damage|p1a: Lanturn|322/367|[from] Stealth Rock\n|turn|10\n|c|☆MimikyuTrainerAsh|maybe that z-move would be useful right now\n|\n|t:|1770256282\n|move|p2a: Watchog|Return|p1a: Lanturn\n|-damage|p1a: Lanturn|20/367\n|-damage|p2a: Watchog|190/271|[from] item: Life Orb\n|move|p1a: Lanturn|Scald|p2a: Watchog\n|-damage|p2a: Watchog|102/271\n|\n|-heal|p1a: Lanturn|42/367|[from] item: Leftovers\n|upkeep\n|turn|11\n|\n|t:|1770256288\n|move|p2a: Watchog|Knock Off|p1a: Lanturn\n|-damage|p1a: Lanturn|0 fnt\n|-enditem|p1a: Lanturn|Leftovers|[from] move: Knock Off|[of] p2a: Watchog\n|faint|p1a: Lanturn\n|-damage|p2a: Watchog|75/271|[from] item: Life Orb\n|\n|upkeep\n|\n|t:|1770256295\n|switch|p1a: Haxorus|Haxorus, L75, M|238/238\n|-damage|p1a: Haxorus|209/238|[from] Stealth Rock\n|-ability|p1a: Haxorus|Mold Breaker\n|turn|12\n|\n|t:|1770256299\n|move|p2a: Watchog|Return|p1a: Haxorus\n|-damage|p1a: Haxorus|0 fnt\n|faint|p1a: Haxorus\n|-damage|p2a: Watchog|48/271|[from] item: Life Orb\n|\n|upkeep\n|-message|MrSiran forfeited.\n|\n|win|MimikyuTrainerAsh\n|raw|MrSiran's rating: 1617 &rarr; <strong>1596</strong><br />(-21 for losing)\n|raw|MimikyuTrainerAsh's rating: 1607 &rarr; <strong>1628</strong><br />(+21 for winning)\n|c|☆MimikyuTrainerAsh|REAL USEFUL\n", "inputlog": ">version ccdc32dd7cde25fd9e4bed64820e885f66e78a4e\n>start {\"formatid\":\"gen7randombattle\",\"seed\":\"sodium,cef4a7335a11add794d8d649c3ca6f18\",\"rated\":\"Rated battle\"}\n>player p1 {\"name\":\"MrSiran\",\"avatar\":\"265\",\"rating\":1617,\"seed\":\"sodium,5e7431d0e96bfe0fb28200f4bd69e307\"}\n>player p2 {\"name\":\"MimikyuTrainerAsh\",\"avatar\":\"pokekid\",\"rating\":1607,\"seed\":\"sodium,f598e15a5e9236b49a7d479019979615\"}\n>p1 move outrage zmove\n>p2 move scald\n>chat ☆MimikyuTrainerAsh|bruh\n>chat ☆MimikyuTrainerAsh|on a fucking lanturn?\n>chat ☆MimikyuTrainerAsh|are you mentalV\n>p2 switch 6\n>p1 switch 6\n>p2 move stealthrock\n>p1 move icebeam\n>p2 switch 5\n>p1 move icebeam\n>p2 move bodyslam\n>p1 move icebeam\n>p2 move rockslide\n>p2 switch 4\n>p1 move toxic\n>p2 move knockoff\n>p1 switch 2\n>p1 move ironhead\n>p2 move hypnosis\n>p1 switch 3\n>p2 move swordsdance\n>p1 move quiverdance\n>p2 move return\n>p1 switch 5\n>chat ☆MimikyuTrainerAsh|maybe that z-move would be useful right now \n>p1 move scald\n>p2 move return\n>p1 move scald\n>p2 move knockoff\n>p1 switch 6\n>p1 move dragondance\n>p2 move return\n>forcelose p1", "uploadtime": 1770256312, "views": 138, "formatid": "gen7randombattle", "rating": 1596, "private": 0, "password": null}