{"id": "gen7randombattle-2536549239", "format": "[Gen 7] Random Battle", "players": ["plop in my pants", "may/gen3"], "log": "|j|☆plop in my pants\n|j|☆may/gen3\n|t:|1770703540\n|gametype|singles\n|player|p1|plop in my pants|teamrocket|1703\n|player|p2|may/gen3|may|1682\n|gen|7\n|tier|[Gen 7] Random Battle\n|rated|\n|rule|Sleep Clause Mod: Limit one foe put to sleep\n|rule|HP Percentage Mod: HP is shown in percentages\n|rule|Illusion Level Mod: Illusion disguises the Pokémon's true level\n|\n|t:|1770703540\n|teamsize|p1|6\n|teamsize|p2|6\n|start\n|switch|p1a: Ribombee|Ribombee, L84, F|238/238\n|switch|p2a: Crustle|Crustle, L82, F|249/249\n|turn|1\n|inactive|Battle timer is ON: inactive players will automatically lose when time's up. (requested by may/gen3)\n|\n|t:|1770703552\n|move|p1a: Ribombee|Stun Spore|p2a: Crustle\n|-status|p2a: Crustle|par\n|move|p2a: Crustle|Stone Edge|p1a: Ribombee|[miss]\n|-miss|p2a: Crustle|p1a: Ribombee\n|\n|upkeep\n|turn|2\n|\n|t:|1770703555\n|move|p1a: Ribombee|Sticky Web|p2a: Crustle\n|-sidestart|p2: may/gen3|move: Sticky Web\n|move|p2a: Crustle|Stone Edge|p1a: Ribombee|[miss]\n|-miss|p2a: Crustle|p1a: Ribombee\n|\n|upkeep\n|turn|3\n|\n|t:|1770703557\n|move|p1a: Ribombee|Moonblast|p2a: Crustle\n|-damage|p2a: Crustle|132/249 par\n|-unboost|p2a: Crustle|spa|1\n|-enditem|p2a: Crustle|White Herb\n|-clearnegativeboost|p2a: Crustle|[silent]\n|move|p2a: Crustle|Stone Edge|p1a: Ribombee\n|-supereffective|p1a: Ribombee\n|-damage|p1a: Ribombee|0 fnt\n|faint|p1a: Ribombee\n|\n|upkeep\n|\n|t:|1770703570\n|switch|p1a: Diggersby|Diggersby, L82, M|274/274\n|turn|4\n|\n|t:|1770703573\n|move|p1a: Diggersby|Foul Play|p2a: Crustle\n|-damage|p2a: Crustle|0 fnt\n|faint|p2a: Crustle\n|\n|upkeep\n|\n|t:|1770703578\n|switch|p2a: Primarina|Primarina, L83, F|268/268\n|-activate|p2a: Primarina|move: Sticky Web\n|-unboost|p2a: Primarina|spe|1\n|turn|5\n|\n|t:|1770703584\n|switch|p1a: Mr. Mime|Mr. Mime, L90, F|218/218\n|move|p2a: Primarina|Scald|p1a: Mr. Mime\n|-damage|p1a: Mr. Mime|140/218\n|\n|upkeep\n|turn|6\n|\n|t:|1770703591\n|switch|p2a: Escavalier|Escavalier, L85, F|258/258\n|-activate|p2a: Escavalier|move: Sticky Web\n|-unboost|p2a: Escavalier|spe|1\n|move|p1a: Mr. Mime|Nasty Plot|p1a: Mr. Mime\n|-boost|p1a: Mr. Mime|spa|2\n|\n|upkeep\n|turn|7\n|\n|t:|1770703597\n|move|p1a: Mr. Mime|Psychic|p2a: Escavalier\n|-resisted|p2a: Escavalier\n|-damage|p2a: Escavalier|124/258\n|-damage|p1a: Mr. Mime|119/218|[from] item: Life Orb\n|move|p2a: Escavalier|Megahorn|p1a: Mr. Mime\n|-damage|p1a: Mr. Mime|0 fnt\n|faint|p1a: Mr. Mime\n|\n|-heal|p2a: Escavalier|140/258|[from] item: Leftovers\n|upkeep\n|\n|t:|1770703612\n|switch|p1a: Honchkrow|Honchkrow, L83, M|302/302\n|turn|8\n|\n|t:|1770703629\n|move|p1a: Honchkrow|Brave Bird|p2a: Escavalier\n|-damage|p2a: Escavalier|0 fnt\n|faint|p2a: Escavalier\n|-ability|p1a: Honchkrow|Moxie|boost\n|-boost|p1a: Honchkrow|atk|1\n|-damage|p1a: Honchkrow|256/302|[from] Recoil\n|-damage|p1a: Honchkrow|226/302|[from] item: Life Orb\n|\n|upkeep\n|\n|t:|1770703639\n|switch|p2a: Rampardos|Rampardos, L88, M|314/314\n|-activate|p2a: Rampardos|move: Sticky Web\n|-unboost|p2a: Rampardos|spe|1\n|turn|9\n|\n|t:|1770703648\n|move|p1a: Honchkrow|Brave Bird|p2a: Rampardos\n|-resisted|p2a: Rampardos\n|-damage|p2a: Rampardos|131/314\n|-damage|p1a: Honchkrow|166/302|[from] Recoil\n|-damage|p1a: Honchkrow|136/302|[from] item: Life Orb\n|move|p2a: Rampardos|Fire Punch|p1a: Honchkrow\n|-damage|p1a: Honchkrow|0 fnt\n|faint|p1a: Honchkrow\n|\n|upkeep\n|\n|t:|1770703674\n|switch|p1a: Diggersby|Diggersby, L82, M|274/274\n|turn|10\n|\n|t:|1770703682\n|move|p1a: Diggersby|Earthquake|p2a: Rampardos\n|-supereffective|p2a: Rampardos\n|-damage|p2a: Rampardos|0 fnt\n|faint|p2a: Rampardos\n|\n|upkeep\n|\n|t:|1770703684\n|switch|p2a: Primarina|Primarina, L83, F|268/268\n|-activate|p2a: Primarina|move: Sticky Web\n|-unboost|p2a: Primarina|spe|1\n|turn|11\n|\n|t:|1770703689\n|move|p1a: Diggersby|Earthquake|p2a: Primarina\n|-damage|p2a: Primarina|21/268\n|move|p2a: Primarina|Scald|p1a: Diggersby\n|-supereffective|p1a: Diggersby\n|-damage|p1a: Diggersby|0 fnt\n|faint|p1a: Diggersby\n|\n|upkeep\n|\n|t:|1770703694\n|switch|p1a: Latios|Latios, L79, M|256/256\n|turn|12\n|\n|t:|1770703702\n|switch|p2a: Pangoro|Pangoro, L86, M|304/304\n|-activate|p2a: Pangoro|move: Sticky Web\n|-unboost|p2a: Pangoro|spe|1\n|detailschange|p1a: Latios|Latios-Mega, L79, M\n|-mega|p1a: Latios|Latios|Latiosite\n|move|p1a: Latios|Psyshock|p2a: Pangoro\n|-immune|p2a: Pangoro\n|\n|upkeep\n|turn|13\n|\n|t:|1770703708\n|move|p1a: Latios|Draco Meteor|p2a: Pangoro\n|-damage|p2a: Pangoro|78/304\n|-unboost|p1a: Latios|spa|2\n|move|p2a: Pangoro|Knock Off|p1a: Latios\n|-supereffective|p1a: Latios\n|-damage|p1a: Latios|2/256\n|\n|upkeep\n|turn|14\n|\n|t:|1770703725\n|switch|p2a: Primarina|Primarina, L83, F|21/268\n|-activate|p2a: Primarina|move: Sticky Web\n|-unboost|p2a: Primarina|spe|1\n|move|p1a: Latios|Roost|p1a: Latios\n|-heal|p1a: Latios|130/256\n|-singleturn|p1a: Latios|move: Roost\n|\n|upkeep\n|turn|15\n|\n|t:|1770703727\n|move|p1a: Latios|Psyshock|p2a: Primarina\n|-damage|p2a: Primarina|0 fnt\n|faint|p2a: Primarina\n|\n|upkeep\n|\n|t:|1770703729\n|switch|p2a: Jynx|Jynx, L89, F|260/260\n|-activate|p2a: Jynx|move: Sticky Web\n|-unboost|p2a: Jynx|spe|1\n|turn|16\n|\n|t:|1770703733\n|move|p1a: Latios|Draco Meteor|p2a: Jynx|[miss]\n|-miss|p1a: Latios|p2a: Jynx\n|move|p2a: Jynx|Ice Beam|p1a: Latios\n|-supereffective|p1a: Latios\n|-damage|p1a: Latios|0 fnt\n|faint|p1a: Latios\n|detailschange|p1: Latios|Latios, L79, M|[silent]\n|-damage|p2a: Jynx|234/260|[from] item: Life Orb\n|\n|upkeep\n|\n|t:|1770703735\n|switch|p1a: Magcargo|Magcargo, L96, M|271/271\n|turn|17\n|\n|t:|1770703741\n|move|p2a: Jynx|Lovely Kiss|p1a: Magcargo\n|-status|p1a: Magcargo|slp|[from] move: Lovely Kiss\n|cant|p1a: Magcargo|slp\n|\n|upkeep\n|turn|18\n|\n|t:|1770703745\n|switch|p2a: Pangoro|Pangoro, L86, M|78/304\n|-activate|p2a: Pangoro|move: Sticky Web\n|-unboost|p2a: Pangoro|spe|1\n|-curestatus|p1a: Magcargo|slp|[msg]\n|move|p1a: Magcargo|Shell Smash|p1a: Magcargo\n|-unboost|p1a: Magcargo|def|1\n|-unboost|p1a: Magcargo|spd|1\n|-boost|p1a: Magcargo|atk|2\n|-boost|p1a: Magcargo|spa|2\n|-boost|p1a: Magcargo|spe|2\n|\n|upkeep\n|turn|19\n|\n|t:|1770703752\n|move|p1a: Magcargo|Earth Power|p2a: Pangoro\n|-damage|p2a: Pangoro|0 fnt\n|faint|p2a: Pangoro\n|\n|upkeep\n|\n|t:|1770703754\n|switch|p2a: Jynx|Jynx, L89, F|234/260\n|-activate|p2a: Jynx|move: Sticky Web\n|-unboost|p2a: Jynx|spe|1\n|turn|20\n|\n|t:|1770703758\n|-zpower|p1a: Magcargo\n|move|p1a: Magcargo|Continental Crush|p2a: Jynx|[zeffect]\n|-supereffective|p2a: Jynx\n|-damage|p2a: Jynx|0 fnt\n|faint|p2a: Jynx\n|\n|win|plop in my pants\n|raw|plop in my pants's rating: 1703 &rarr; <strong>1722</strong><br />(+19 for winning)\n|raw|may&#x2f;gen3's rating: 1682 &rarr; <strong>1663</strong><br />(-19 for losing)\n|l|☆may/gen3\n|player|p2|\n", "inputlog": ">version ccdc32dd7cde25fd9e4bed64820e885f66e78a4e\n>start {\"formatid\":\"gen7randombattle\",\"seed\":\"sodium,c642f473e16b4964476bb3430c730f6d\",\"rated\":\"Rated battle\"}\n>player p1 {\"name\":\"plop in my pants\",\"avatar\":\"teamrocket\",\"rating\":1703,\"seed\":\"sodium,6e741e67eeecdb0c77d27a2ab03ed783\"}\n>player p2 {\"name\":\"may/gen3\",\"avatar\":\"may\",\"rating\":1682,\"seed\":\"sodium,148f96965b5ac2b9b04f41153aa32fbb\"}\n>p1 move stunspore\n>p2 move stoneedge\n>p1 move stickyweb\n>p2 move stoneedge\n>p1 move moonblast\n>p2 move stoneedge\n>p1 switch 4\n>p1 move foulplay\n>p2 move xscissor\n>p2 switch 3\n>p1 switch 6\n>p2 move scald\n>p1 move nastyplot\n>p2 switch 4\n>p1 move psychic\n>p2 move megahorn\n>p1 switch 5\n>p1 move bravebird\n>p2 move megahorn\n>p2 switch 2\n>p1 move bravebird\n>p2 move firepunch\n>p1 switch 6\n>p1 move earthquake\n>p2 move firepunch\n>p2 switch 4\n>p1 move earthquake\n>p2 move scald\n>p1 switch 2\n>p1 move psyshock mega\n>p2 switch 6\n>p1 move dracometeor\n>p2 move knockoff\n>p1 move roost\n>p2 switch 6\n>p1 move psyshock\n>p2 move moonblast\n>p2 switch 5\n>p1 move dracometeor\n>p2 move icebeam\n>p1 switch 3\n>p1 move shellsmash\n>p2 move lovelykiss\n>p1 move shellsmash\n>p2 switch 6\n>p1 move earthpower\n>p2 move superpower\n>p2 switch 6\n>p1 move ancientpower zmove\n>p2 move lovelykiss", "uploadtime": 1770703770, "views": 220, "formatid": "gen7randombattle", "rating": 1663, "private": 0, "password": null}