{"id": "gen7randombattle-2523937717", "format": "[Gen 7] Random Battle", "players": ["Krak-Re", "Kurochan3"], "log": "|j|☆Krak-Re\n|j|☆Kurochan3\n|t:|1769092585\n|gametype|singles\n|player|p1|Krak-Re|266|1700\n|player|p2|Kurochan3|cynthia-gen4|1745\n|gen|7\n|tier|[Gen 7] Random Battle\n|rated|\n|rule|Sleep Clause Mod: Limit one foe put to sleep\n|rule|HP Percentage Mod: HP is shown in percentages\n|rule|Illusion Level Mod: Illusion disguises the Pokémon's true level\n|\n|t:|1769092585\n|teamsize|p1|6\n|teamsize|p2|6\n|start\n|switch|p1a: Nidoking|Nidoking, L82, M|267/267\n|switch|p2a: Exploud|Exploud, L86, F|319/319\n|turn|1\n|inactive|Battle timer is ON: inactive players will automatically lose when time's up. (requested by Krak-Re)\n|\n|t:|1769092599\n|switch|p1a: Articuno|Articuno, L85|291/291\n|-ability|p1a: Articuno|Pressure\n|move|p2a: Exploud|Surf|p1a: Articuno\n|-damage|p1a: Articuno|242/291\n|\n|-heal|p1a: Articuno|260/291|[from] item: Leftovers\n|upkeep\n|turn|2\n|\n|t:|1769092606\n|switch|p2a: Musharna|Musharna, L89, F|351/351\n|move|p1a: Articuno|Substitute|p1a: Articuno\n|-start|p1a: Articuno|Substitute\n|-damage|p1a: Articuno|188/291\n|\n|-heal|p1a: Articuno|206/291|[from] item: Leftovers\n|upkeep\n|turn|3\n|\n|t:|1769092612\n|move|p1a: Articuno|Freeze-Dry|p2a: Musharna\n|-damage|p2a: Musharna|288/351\n|move|p2a: Musharna|Calm Mind|p2a: Musharna\n|-boost|p2a: Musharna|spa|1\n|-boost|p2a: Musharna|spd|1\n|\n|-heal|p1a: Articuno|224/291|[from] item: Leftovers\n|-heal|p2a: Musharna|309/351|[from] item: Leftovers\n|upkeep\n|turn|4\n|\n|t:|1769092616\n|move|p1a: Articuno|Toxic|p2a: Musharna\n|-status|p2a: Musharna|tox\n|-activate|p2a: Musharna|ability: Synchronize\n|-status|p1a: Articuno|tox\n|move|p2a: Musharna|Psyshock|p1a: Articuno\n|-end|p1a: Articuno|Substitute\n|\n|-heal|p1a: Articuno|242/291 tox|[from] item: Leftovers\n|-heal|p2a: Musharna|330/351 tox|[from] item: Leftovers\n|-damage|p1a: Articuno|224/291 tox|[from] psn\n|-damage|p2a: Musharna|309/351 tox|[from] psn\n|upkeep\n|turn|5\n|\n|t:|1769092624\n|move|p1a: Articuno|Substitute|p1a: Articuno\n|-start|p1a: Articuno|Substitute\n|-damage|p1a: Articuno|152/291 tox\n|move|p2a: Musharna|Psyshock|p1a: Articuno\n|-end|p1a: Articuno|Substitute\n|\n|-heal|p1a: Articuno|170/291 tox|[from] item: Leftovers\n|-heal|p2a: Musharna|330/351 tox|[from] item: Leftovers\n|-damage|p1a: Articuno|134/291 tox|[from] psn\n|-damage|p2a: Musharna|288/351 tox|[from] psn\n|upkeep\n|turn|6\n|\n|t:|1769092631\n|switch|p1a: Musharna|Musharna, L89, M|351/351\n|move|p2a: Musharna|Psyshock|p1a: Musharna\n|-resisted|p1a: Musharna\n|-damage|p1a: Musharna|273/351\n|\n|-heal|p1a: Musharna|294/351|[from] item: Leftovers\n|-heal|p2a: Musharna|309/351 tox|[from] item: Leftovers\n|-damage|p2a: Musharna|246/351 tox|[from] psn\n|upkeep\n|turn|7\n|\n|t:|1769092637\n|switch|p2a: Rotom|Rotom-Frost, L86|226/226\n|move|p1a: Musharna|Calm Mind|p1a: Musharna\n|-boost|p1a: Musharna|spa|1\n|-boost|p1a: Musharna|spd|1\n|\n|-heal|p1a: Musharna|315/351|[from] item: Leftovers\n|upkeep\n|turn|8\n|\n|t:|1769092643\n|move|p2a: Rotom|Trick|p1a: Musharna\n|-activate|p2a: Rotom|move: Trick|[of] p1a: Musharna\n|-item|p1a: Musharna|Choice Scarf|[from] move: Trick\n|-item|p2a: Rotom|Leftovers|[from] move: Trick\n|move|p1a: Musharna|Psyshock|p2a: Rotom\n|-damage|p2a: Rotom|106/226\n|\n|-heal|p2a: Rotom|120/226|[from] item: Leftovers\n|upkeep\n|turn|9\n|\n|t:|1769092661\n|move|p2a: Rotom|Volt Switch|p1a: Musharna\n|-damage|p1a: Musharna|263/351\n|\n|t:|1769092669\n|switch|p2a: Jumpluff|Jumpluff, L89, F|278/278|[from] Volt Switch\n|move|p1a: Musharna|Psyshock|p2a: Jumpluff\n|-damage|p2a: Jumpluff|101/278\n|\n|upkeep\n|turn|10\n|\n|t:|1769092678\n|move|p2a: Jumpluff|Sleep Powder|p1a: Musharna\n|-status|p1a: Musharna|slp|[from] move: Sleep Powder\n|cant|p1a: Musharna|slp\n|\n|upkeep\n|turn|11\n|\n|t:|1769092680\n|move|p2a: Jumpluff|Strength Sap|p1a: Musharna\n|-unboost|p1a: Musharna|atk|1\n|-heal|p2a: Jumpluff|203/278\n|cant|p1a: Musharna|slp\n|\n|upkeep\n|turn|12\n|\n|t:|1769092683\n|move|p2a: Jumpluff|Acrobatics|p1a: Musharna\n|-damage|p1a: Musharna|176/351 slp\n|-curestatus|p1a: Musharna|slp|[msg]\n|move|p1a: Musharna|Psyshock|p2a: Jumpluff\n|-damage|p2a: Jumpluff|23/278\n|\n|upkeep\n|turn|13\n|\n|t:|1769092689\n|move|p2a: Jumpluff|U-turn|p1a: Musharna\n|-supereffective|p1a: Musharna\n|-damage|p1a: Musharna|100/351\n|\n|t:|1769092693\n|switch|p2a: Musharna|Musharna, L89, F|246/351 tox|[from] U-turn\n|move|p1a: Musharna|Psyshock|p2a: Musharna\n|-resisted|p2a: Musharna\n|-damage|p2a: Musharna|165/351 tox\n|\n|-heal|p2a: Musharna|186/351 tox|[from] item: Leftovers\n|-damage|p2a: Musharna|165/351 tox|[from] psn\n|upkeep\n|turn|14\n|\n|t:|1769092698\n|move|p1a: Musharna|Psyshock|p2a: Musharna\n|-resisted|p2a: Musharna\n|-damage|p2a: Musharna|89/351 tox\n|move|p2a: Musharna|Psyshock|p1a: Musharna\n|-resisted|p1a: Musharna\n|-damage|p1a: Musharna|50/351\n|\n|-heal|p2a: Musharna|110/351 tox|[from] item: Leftovers\n|-damage|p2a: Musharna|68/351 tox|[from] psn\n|upkeep\n|turn|15\n|\n|t:|1769092704\n|move|p1a: Musharna|Psyshock|p2a: Musharna\n|-resisted|p2a: Musharna\n|-damage|p2a: Musharna|0 fnt\n|faint|p2a: Musharna\n|\n|upkeep\n|\n|t:|1769092722\n|switch|p2a: Exploud|Exploud, L86, F|319/319\n|turn|16\n|\n|t:|1769092725\n|move|p2a: Exploud|Boomburst|p1a: Musharna\n|-damage|p1a: Musharna|0 fnt\n|faint|p1a: Musharna\n|\n|upkeep\n|\n|t:|1769092737\n|switch|p1a: Roserade|Roserade, L84, M|238/238\n|turn|17\n|\n|t:|1769092743\n|move|p2a: Exploud|Boomburst|p1a: Roserade\n|-damage|p1a: Roserade|120/238\n|move|p1a: Roserade|Sludge Bomb|p2a: Exploud\n|-damage|p2a: Exploud|195/319\n|\n|-heal|p1a: Roserade|134/238|[from] item: Black Sludge\n|upkeep\n|turn|18\n|\n|t:|1769092747\n|move|p2a: Exploud|Boomburst|p1a: Roserade\n|-damage|p1a: Roserade|11/238\n|move|p1a: Roserade|Sleep Powder|p2a: Exploud\n|-status|p2a: Exploud|slp|[from] move: Sleep Powder\n|\n|-heal|p1a: Roserade|25/238|[from] item: Black Sludge\n|upkeep\n|turn|19\n|\n|t:|1769092757\n|switch|p2a: Jumpluff|Jumpluff, L89, F|23/278\n|move|p1a: Roserade|Sludge Bomb|p2a: Jumpluff\n|-supereffective|p2a: Jumpluff\n|-damage|p2a: Jumpluff|0 fnt\n|faint|p2a: Jumpluff\n|\n|-heal|p1a: Roserade|39/238|[from] item: Black Sludge\n|upkeep\n|\n|t:|1769092766\n|switch|p2a: Hitmonchan|Hitmonchan, L87, M|229/229\n|turn|20\n|\n|t:|1769092776\n|move|p2a: Hitmonchan|Mach Punch|p1a: Roserade\n|-resisted|p1a: Roserade\n|-damage|p1a: Roserade|0 fnt\n|faint|p1a: Roserade\n|\n|upkeep\n|\n|t:|1769092779\n|switch|p1a: Nidoking|Nidoking, L82, M|267/267\n|turn|21\n|\n|t:|1769092784\n|switch|p2a: Rotom|Rotom-Frost, L86|120/226\n|move|p1a: Nidoking|Sludge Wave|p2a: Rotom\n|-damage|p2a: Rotom|0 fnt\n|faint|p2a: Rotom\n|\n|upkeep\n|-message|Kurochan3 forfeited.\n|\n|win|Krak-Re\n|raw|Krak-Re's rating: 1700 &rarr; <strong>1723</strong><br />(+23 for winning)\n|raw|Kurochan3's rating: 1745 &rarr; <strong>1722</strong><br />(-23 for losing)\n|l|☆Kurochan3\n|player|p2|\n", "inputlog": ">version dd3d52b8382d73d1dd2c67730c4067df325ab790\n>start {\"formatid\":\"gen7randombattle\",\"seed\":\"sodium,eb73163765c5bed708cea62f72e08f99\",\"rated\":\"Rated battle\"}\n>player p1 {\"name\":\"Krak-Re\",\"avatar\":\"266\",\"rating\":1700,\"seed\":\"sodium,5ef856ba8705dae3b096fbcfbcdd64ee\"}\n>player p2 {\"name\":\"Kurochan3\",\"avatar\":\"cynthia-gen4\",\"rating\":1745,\"seed\":\"sodium,617b7e7296523ab0f929e8a0be499824\"}\n>p1 switch 6\n>p2 move surf\n>p1 move substitute\n>p2 switch 5\n>p1 move freezedry\n>p2 move calmmind\n>p1 move toxic\n>p2 move psyshock\n>p1 move substitute\n>p2 move psyshock\n>p1 switch 4\n>p2 move psyshock\n>p1 move calmmind\n>p2 switch 4\n>p1 move psyshock\n>p2 move trick\n>p1 move psyshock\n>p2 move voltswitch\n>p2 switch 6\n>p1 move psyshock\n>p2 move sleeppowder\n>p1 move psyshock\n>p2 move strengthsap\n>p1 move psyshock\n>p2 move acrobatics\n>p1 move psyshock\n>p2 move uturn\n>p2 switch 4\n>p1 move psyshock\n>p2 move psyshock\n>p1 move psyshock\n>p2 move psyshock\n>p2 switch 5\n>p1 move psyshock\n>p2 move boomburst\n>p1 switch 2\n>p1 move sludgebomb\n>p2 move boomburst\n>p1 move sleeppowder\n>p2 move boomburst\n>p1 move sludgebomb\n>p2 switch 4\n>p2 switch 2\n>p1 move sludgebomb\n>p2 move machpunch\n>p1 switch 6\n>p1 move sludgewave\n>p2 switch 6\n>forcelose p2", "uploadtime": 1769092793, "views": 138, "formatid": "gen7randombattle", "rating": 1722, "private": 0, "password": null}