{"id": "gen7randombattle-2528028142", "format": "[Gen 7] Random Battle", "players": ["Mulan Sauce", "AeroSacktyl"], "log": "|j|☆Mulan Sauce\n|j|☆AeroSacktyl\n|t:|1769613443\n|gametype|singles\n|player|p1|Mulan Sauce|cynthia-masters|1578\n|player|p2|AeroSacktyl|170|1705\n|gen|7\n|tier|[Gen 7] Random Battle\n|rated|\n|rule|Sleep Clause Mod: Limit one foe put to sleep\n|rule|HP Percentage Mod: HP is shown in percentages\n|rule|Illusion Level Mod: Illusion disguises the Pokémon's true level\n|\n|t:|1769613443\n|teamsize|p1|6\n|teamsize|p2|6\n|start\n|switch|p1a: Swampert|Swampert, L81, M|295/295\n|switch|p2a: Espeon|Espeon, L83, F|244/244\n|turn|1\n|inactive|Battle timer is ON: inactive players will automatically lose when time's up. (requested by AeroSacktyl)\n|\n|t:|1769613468\n|detailschange|p1a: Swampert|Swampert-Mega, L81, M\n|-mega|p1a: Swampert|Swampert|Swampertite\n|move|p2a: Espeon|Psyshock|p1a: Swampert\n|-damage|p1a: Swampert|166/295\n|move|p1a: Swampert|Rain Dance|p1a: Swampert\n|-weather|RainDance\n|\n|-weather|RainDance|[upkeep]\n|upkeep\n|turn|2\n|\n|t:|1769613476\n|switch|p2a: Seismitoad|Seismitoad, L85, M|317/317\n|move|p1a: Swampert|Waterfall|p2a: Seismitoad\n|-immune|p2a: Seismitoad|[from] ability: Water Absorb\n|\n|-weather|RainDance|[upkeep]\n|upkeep\n|turn|3\n|\n|t:|1769613493\n|move|p1a: Swampert|Earthquake|p2a: Seismitoad\n|-damage|p2a: Seismitoad|167/317\n|move|p2a: Seismitoad|Stealth Rock|p1a: Swampert\n|-sidestart|p1: Mulan Sauce|move: Stealth Rock\n|\n|-weather|RainDance|[upkeep]\n|-heal|p2a: Seismitoad|186/317|[from] item: Leftovers\n|upkeep\n|turn|4\n|\n|t:|1769613505\n|move|p1a: Swampert|Ice Punch|p2a: Seismitoad\n|-damage|p2a: Seismitoad|107/317\n|-status|p2a: Seismitoad|frz\n|-curestatus|p2a: Seismitoad|frz|[from] move: Scald\n|move|p2a: Seismitoad|Scald|p1a: Swampert\n|-damage|p1a: Swampert|67/295\n|-status|p1a: Swampert|brn\n|\n|-weather|RainDance|[upkeep]\n|-heal|p2a: Seismitoad|126/317|[from] item: Leftovers\n|-damage|p1a: Swampert|49/295 brn|[from] brn\n|upkeep\n|turn|5\n|\n|t:|1769613512\n|move|p1a: Swampert|Earthquake|p2a: Seismitoad\n|-damage|p2a: Seismitoad|46/317\n|move|p2a: Seismitoad|Scald|p1a: Swampert\n|-damage|p1a: Swampert|0 fnt\n|faint|p1a: Swampert\n|detailschange|p1: Swampert|Swampert, L81, M|[silent]\n|\n|-weather|none\n|-heal|p2a: Seismitoad|65/317|[from] item: Leftovers\n|upkeep\n|\n|t:|1769613521\n|switch|p1a: Crobat|Crobat, L82, F|274/274\n|-damage|p1a: Crobat|206/274|[from] Stealth Rock\n|turn|6\n|inactive|AeroSacktyl has 120 seconds left.\n|\n|t:|1769613555\n|move|p1a: Crobat|Brave Bird|p2a: Seismitoad\n|-damage|p2a: Seismitoad|0 fnt\n|faint|p2a: Seismitoad\n|-damage|p1a: Crobat|185/274|[from] Recoil\n|\n|-heal|p1a: Crobat|202/274|[from] item: Black Sludge\n|upkeep\n|inactive|AeroSacktyl has 120 seconds left.\n|\n|t:|1769613564\n|switch|p2a: Espeon|Espeon, L83, F|244/244\n|turn|7\n|\n|t:|1769613572\n|move|p1a: Crobat|U-turn|p2a: Espeon\n|-supereffective|p2a: Espeon\n|-damage|p2a: Espeon|124/244\n|\n|t:|1769613576\n|switch|p1a: Mr. Mime|Mr. Mime, L90, M|218/218|[from] U-turn\n|-damage|p1a: Mr. Mime|191/218|[from] Stealth Rock\n|move|p2a: Espeon|Psyshock|p1a: Mr. Mime\n|-resisted|p1a: Mr. Mime\n|-damage|p1a: Mr. Mime|100/218\n|\n|upkeep\n|turn|8\n|\n|t:|1769613591\n|switch|p2a: Drapion|Drapion, L83, F|252/252\n|move|p1a: Mr. Mime|Dazzling Gleam|p2a: Drapion\n|-damage|p2a: Drapion|114/252\n|-damage|p1a: Mr. Mime|79/218|[from] item: Life Orb\n|\n|upkeep\n|turn|9\n|\n|t:|1769613596\n|move|p1a: Mr. Mime|Dazzling Gleam|p2a: Drapion\n|-damage|p2a: Drapion|0 fnt\n|faint|p2a: Drapion\n|-damage|p1a: Mr. Mime|58/218|[from] item: Life Orb\n|\n|upkeep\n|\n|t:|1769613604\n|switch|p2a: Espeon|Espeon, L83, F|124/244\n|turn|10\n|\n|t:|1769613609\n|move|p2a: Espeon|Psyshock|p1a: Mr. Mime\n|-resisted|p1a: Mr. Mime\n|-damage|p1a: Mr. Mime|0 fnt\n|faint|p1a: Mr. Mime\n|\n|upkeep\n|\n|t:|1769613614\n|switch|p1a: Crobat|Crobat, L82, F|202/274\n|-damage|p1a: Crobat|134/274|[from] Stealth Rock\n|turn|11\n|\n|t:|1769613625\n|move|p1a: Crobat|U-turn|p2a: Espeon\n|-supereffective|p2a: Espeon\n|-damage|p2a: Espeon|2/244\n|\n|t:|1769613638\n|switch|p1a: Floette|Floette-Eternal, L83, F|259/259|[from] U-turn\n|-damage|p1a: Floette|227/259|[from] Stealth Rock\n|move|p2a: Espeon|Psyshock|p1a: Floette\n|-crit|p1a: Floette\n|-damage|p1a: Floette|0 fnt\n|faint|p1a: Floette\n|\n|upkeep\n|\n|t:|1769613645\n|switch|p1a: Crobat|Crobat, L82, F|134/274\n|-damage|p1a: Crobat|66/274|[from] Stealth Rock\n|turn|12\n|\n|t:|1769613649\n|move|p1a: Crobat|Brave Bird|p2a: Espeon\n|-damage|p2a: Espeon|0 fnt\n|faint|p2a: Espeon\n|-damage|p1a: Crobat|65/274|[from] Recoil\n|\n|-heal|p1a: Crobat|82/274|[from] item: Black Sludge\n|upkeep\n|\n|t:|1769613652\n|switch|p2a: Mewtwo|Mewtwo, L70|264/264\n|-ability|p2a: Mewtwo|Unnerve\n|turn|13\n|\n|t:|1769613677\n|detailschange|p2a: Mewtwo|Mewtwo-Mega-X, L70\n|-mega|p2a: Mewtwo|Mewtwo|Mewtwonite X\n|move|p1a: Crobat|Brave Bird|p2a: Mewtwo\n|-supereffective|p2a: Mewtwo\n|-damage|p2a: Mewtwo|28/264\n|-damage|p1a: Crobat|4/274|[from] Recoil\n|move|p2a: Mewtwo|Zen Headbutt|p1a: Crobat\n|-supereffective|p1a: Crobat\n|-damage|p1a: Crobat|0 fnt\n|faint|p1a: Crobat\n|\n|upkeep\n|inactive|Mulan Sauce has 120 seconds left.\n|\n|t:|1769613693\n|switch|p1a: Machamp|Machamp, L84, M|288/288\n|-damage|p1a: Machamp|270/288|[from] Stealth Rock\n|turn|14\n|\n|t:|1769613699\n|move|p2a: Mewtwo|Zen Headbutt|p1a: Machamp\n|-supereffective|p1a: Machamp\n|-damage|p1a: Machamp|54/288\n|move|p1a: Machamp|Knock Off|p2a: Mewtwo\n|-damage|p2a: Mewtwo|0 fnt\n|faint|p2a: Mewtwo\n|detailschange|p2: Mewtwo|Mewtwo, L70|[silent]\n|\n|-heal|p1a: Machamp|72/288|[from] item: Leftovers\n|upkeep\n|\n|t:|1769613703\n|switch|p2a: Furfrou|Furfrou-Matron, L86, M|269/269\n|turn|15\n|\n|t:|1769613707\n|move|p2a: Furfrou|Return|p1a: Machamp\n|-damage|p1a: Machamp|0 fnt\n|faint|p1a: Machamp\n|\n|upkeep\n|\n|t:|1769613710\n|switch|p1a: Spinda|Spinda, L99, M|279/279\n|-damage|p1a: Spinda|245/279|[from] Stealth Rock\n|turn|16\n|\n|t:|1769613713\n|move|p2a: Furfrou|Cotton Guard|p2a: Furfrou\n|-boost|p2a: Furfrou|def|3\n|move|p1a: Spinda|Superpower|p2a: Furfrou\n|-supereffective|p2a: Furfrou\n|-damage|p2a: Furfrou|223/269\n|-boost|p1a: Spinda|atk|1\n|-boost|p1a: Spinda|def|1\n|\n|-heal|p2a: Furfrou|239/269|[from] item: Leftovers\n|-heal|p1a: Spinda|262/279|[from] item: Leftovers\n|upkeep\n|turn|17\n|\n|t:|1769613717\n|move|p2a: Furfrou|Toxic|p1a: Spinda\n|-status|p1a: Spinda|tox\n|move|p1a: Spinda|Superpower|p2a: Furfrou\n|-supereffective|p2a: Furfrou\n|-damage|p2a: Furfrou|175/269\n|-boost|p1a: Spinda|atk|1\n|-boost|p1a: Spinda|def|1\n|\n|-heal|p2a: Furfrou|191/269|[from] item: Leftovers\n|-heal|p1a: Spinda|279/279 tox|[from] item: Leftovers\n|-damage|p1a: Spinda|262/279 tox|[from] psn\n|upkeep\n|turn|18\n|\n|t:|1769613723\n|move|p2a: Furfrou|Cotton Guard|p2a: Furfrou\n|-boost|p2a: Furfrou|def|3\n|move|p1a: Spinda|Superpower|p2a: Furfrou\n|-supereffective|p2a: Furfrou\n|-damage|p2a: Furfrou|133/269\n|-boost|p1a: Spinda|atk|1\n|-boost|p1a: Spinda|def|1\n|\n|-heal|p2a: Furfrou|149/269|[from] item: Leftovers\n|-heal|p1a: Spinda|279/279 tox|[from] item: Leftovers\n|-damage|p1a: Spinda|245/279 tox|[from] psn\n|upkeep\n|turn|19\n|\n|t:|1769613726\n|move|p2a: Furfrou|Return|p1a: Spinda\n|-damage|p1a: Spinda|202/279 tox\n|move|p1a: Spinda|Superpower|p2a: Furfrou\n|-supereffective|p2a: Furfrou\n|-damage|p2a: Furfrou|81/269\n|-boost|p1a: Spinda|atk|1\n|-boost|p1a: Spinda|def|1\n|\n|-heal|p2a: Furfrou|97/269|[from] item: Leftovers\n|-heal|p1a: Spinda|219/279 tox|[from] item: Leftovers\n|-damage|p1a: Spinda|168/279 tox|[from] psn\n|upkeep\n|turn|20\n|\n|t:|1769613734\n|move|p2a: Furfrou|Return|p1a: Spinda\n|-damage|p1a: Spinda|128/279 tox\n|move|p1a: Spinda|Rest|p1a: Spinda\n|-status|p1a: Spinda|slp|[from] move: Rest\n|-heal|p1a: Spinda|279/279 slp|[silent]\n|\n|-heal|p2a: Furfrou|113/269|[from] item: Leftovers\n|upkeep\n|turn|21\n|\n|t:|1769613743\n|move|p2a: Furfrou|Return|p1a: Spinda\n|-damage|p1a: Spinda|239/279 slp\n|cant|p1a: Spinda|slp\n|move|p1a: Spinda|Sleep Talk|p1a: Spinda\n|move|p1a: Spinda|Return|p2a: Furfrou|[from] move: Sleep Talk\n|-damage|p2a: Furfrou|58/269\n|\n|-heal|p2a: Furfrou|74/269|[from] item: Leftovers\n|-heal|p1a: Spinda|256/279 slp|[from] item: Leftovers\n|upkeep\n|turn|22\n|\n|t:|1769613753\n|move|p2a: Furfrou|Substitute|p2a: Furfrou\n|-start|p2a: Furfrou|Substitute\n|-damage|p2a: Furfrou|7/269\n|cant|p1a: Spinda|slp\n|move|p1a: Spinda|Sleep Talk|p1a: Spinda\n|move|p1a: Spinda|Return|p2a: Furfrou|[from] move: Sleep Talk\n|-activate|p2a: Furfrou|move: Substitute|[damage]\n|\n|-heal|p2a: Furfrou|23/269|[from] item: Leftovers\n|-heal|p1a: Spinda|273/279 slp|[from] item: Leftovers\n|upkeep\n|turn|23\n|\n|t:|1769613757\n|move|p2a: Furfrou|Return|p1a: Spinda\n|-damage|p1a: Spinda|237/279 slp\n|-curestatus|p1a: Spinda|slp|[msg]\n|move|p1a: Spinda|Superpower|p2a: Furfrou\n|-supereffective|p2a: Furfrou\n|-crit|p2a: Furfrou\n|-end|p2a: Furfrou|Substitute\n|-boost|p1a: Spinda|atk|1\n|-boost|p1a: Spinda|def|1\n|\n|-heal|p2a: Furfrou|39/269|[from] item: Leftovers\n|-heal|p1a: Spinda|254/279|[from] item: Leftovers\n|upkeep\n|turn|24\n|\n|t:|1769613762\n|move|p2a: Furfrou|Toxic|p1a: Spinda\n|-status|p1a: Spinda|tox\n|move|p1a: Spinda|Superpower|p2a: Furfrou\n|-supereffective|p2a: Furfrou\n|-damage|p2a: Furfrou|0 fnt\n|-boost|p1a: Spinda|atk|1\n|-boost|p1a: Spinda|def|1\n|faint|p2a: Furfrou\n|\n|-heal|p1a: Spinda|271/279 tox|[from] item: Leftovers\n|-damage|p1a: Spinda|254/279 tox|[from] psn\n|upkeep\n|\n|t:|1769613764\n|switch|p2a: Luvdisc|Luvdisc, M|248/248\n|turn|25\n|\n|t:|1769613766\n|move|p2a: Luvdisc|Scald|p1a: Spinda\n|-damage|p1a: Spinda|176/279 tox\n|move|p1a: Spinda|Return|p2a: Luvdisc\n|-damage|p2a: Luvdisc|0 fnt\n|faint|p2a: Luvdisc\n|\n|win|Mulan Sauce\n|raw|Mulan Sauce's rating: 1578 &rarr; <strong>1605</strong><br />(+27 for winning)\n|raw|AeroSacktyl's rating: 1705 &rarr; <strong>1678</strong><br />(-27 for losing)\n|l|☆AeroSacktyl\n|player|p2|\n|c|☆Mulan Sauce|Gg\n", "inputlog": ">version b99ff0165a6231f17e8b78c2a78d1998375de664\n>start {\"formatid\":\"gen7randombattle\",\"seed\":\"sodium,e4e1a7986802f21d388f9cfe126609f0\",\"rated\":\"Rated battle\"}\n>player p1 {\"name\":\"Mulan Sauce\",\"avatar\":\"cynthia-masters\",\"rating\":1578,\"seed\":\"sodium,e001df1e45ad5ac8566e7f8b99cb381b\"}\n>player p2 {\"name\":\"AeroSacktyl\",\"avatar\":\"170\",\"rating\":1705,\"seed\":\"sodium,77cdf7c61a2d835bd4b676858b099b65\"}\n>p1 move raindance mega\n>p2 move psyshock\n>p1 move waterfall\n>p2 switch 3\n>p1 move earthquake\n>p2 move stealthrock\n>p1 move icepunch\n>p2 move scald\n>p1 move earthquake\n>p2 move scald\n>p1 switch 5\n>p1 move bravebird\n>p2 move stealthrock\n>p2 switch 3\n>p1 move uturn\n>p2 move psyshock\n>p1 switch 6\n>p1 move dazzlinggleam\n>p2 switch 6\n>p1 move dazzlinggleam\n>p2 move poisonjab\n>p2 switch 6\n>p1 move dazzlinggleam\n>p2 move psyshock\n>p1 switch 6\n>p1 move uturn\n>p2 move psyshock\n>p1 switch 4\n>p1 switch 4\n>p1 move bravebird\n>p2 move psyshock\n>p2 switch 5\n>p1 move bravebird\n>p2 move zenheadbutt mega\n>p1 switch 2\n>p1 move knockoff\n>p2 move zenheadbutt\n>p2 switch 2\n>p1 move dynamicpunch\n>p2 move return\n>p1 switch 3\n>p1 move superpower\n>p2 move cottonguard\n>p1 move superpower\n>p2 move toxic\n>p1 move superpower\n>p2 move cottonguard\n>p1 move superpower\n>p2 move return\n>p1 move rest\n>p2 move return\n>p1 move sleeptalk\n>p2 move return\n>p1 move sleeptalk\n>p2 move substitute\n>p1 move superpower\n>p2 move return\n>p1 move superpower\n>p2 move toxic\n>p2 switch 4\n>p1 move return\n>p2 move scald", "uploadtime": 1769613768, "views": 165, "formatid": "gen7randombattle", "rating": 1605, "private": 0, "password": null}