{"id": "gen7randombattle-2531194115", "format": "[Gen 7] Random Battle", "players": ["Saim77", "big triple T"], "log": "|j|☆Saim77\n|j|☆big triple T\n|t:|1770029573\n|gametype|singles\n|player|p1|Saim77|ghetsis|1531\n|player|p2|big triple T|170|1537\n|gen|7\n|tier|[Gen 7] Random Battle\n|rated|\n|rule|Sleep Clause Mod: Limit one foe put to sleep\n|rule|HP Percentage Mod: HP is shown in percentages\n|rule|Illusion Level Mod: Illusion disguises the Pokémon's true level\n|\n|t:|1770029573\n|teamsize|p1|6\n|teamsize|p2|6\n|start\n|switch|p1a: Carnivine|Carnivine, M|310/310\n|switch|p2a: Hoopa|Hoopa-Unbound, L81|262/262\n|turn|1\n|inactive|Battle timer is ON: inactive players will automatically lose when time's up. (requested by Saim77)\n|\n|t:|1770029587\n|move|p2a: Hoopa|Gunk Shot|p1a: Carnivine\n|-supereffective|p1a: Carnivine\n|-damage|p1a: Carnivine|94/310\n|move|p1a: Carnivine|Power Whip|p2a: Hoopa\n|-damage|p2a: Hoopa|0 fnt\n|faint|p2a: Hoopa\n|\n|-heal|p1a: Carnivine|113/310|[from] item: Leftovers\n|upkeep\n|\n|t:|1770029597\n|switch|p2a: Dewgong|Dewgong, L96, M|328/328\n|turn|2\n|\n|t:|1770029603\n|switch|p1a: Clawitzer|Clawitzer, L87, F|265/265\n|move|p2a: Dewgong|Ice Beam|p1a: Clawitzer\n|-resisted|p1a: Clawitzer\n|-damage|p1a: Clawitzer|217/265\n|\n|upkeep\n|turn|3\n|\n|t:|1770029610\n|switch|p2a: Jellicent|Jellicent, L88, F|319/319\n|move|p1a: Clawitzer|Aura Sphere|p2a: Jellicent\n|-immune|p2a: Jellicent\n|\n|upkeep\n|turn|4\n|\n|t:|1770029614\n|switch|p1a: Carnivine|Carnivine, M|113/310\n|move|p2a: Jellicent|Toxic|p1a: Carnivine\n|-status|p1a: Carnivine|tox\n|\n|-heal|p1a: Carnivine|132/310 tox|[from] item: Leftovers\n|-damage|p1a: Carnivine|113/310 tox|[from] psn\n|upkeep\n|turn|5\n|\n|t:|1770029620\n|move|p2a: Jellicent|Hex|p1a: Carnivine\n|-damage|p1a: Carnivine|0 fnt\n|faint|p1a: Carnivine\n|\n|upkeep\n|\n|t:|1770029625\n|switch|p1a: Tapu Koko|Tapu Koko, L77|234/234\n|-fieldstart|move: Electric Terrain|[from] ability: Electric Surge|[of] p1a: Tapu Koko\n|turn|6\n|\n|t:|1770029631\n|switch|p2a: Eelektross|Eelektross, L88, F|293/293\n|move|p1a: Tapu Koko|Calm Mind|p1a: Tapu Koko\n|-boost|p1a: Tapu Koko|spa|1\n|-boost|p1a: Tapu Koko|spd|1\n|\n|upkeep\n|turn|7\n|\n|t:|1770029642\n|move|p1a: Tapu Koko|Calm Mind|p1a: Tapu Koko\n|-boost|p1a: Tapu Koko|spa|1\n|-boost|p1a: Tapu Koko|spd|1\n|move|p2a: Eelektross|Flamethrower|p1a: Tapu Koko\n|-damage|p1a: Tapu Koko|191/234\n|\n|upkeep\n|turn|8\n|\n|t:|1770029648\n|move|p1a: Tapu Koko|Calm Mind|p1a: Tapu Koko\n|-boost|p1a: Tapu Koko|spa|1\n|-boost|p1a: Tapu Koko|spd|1\n|move|p2a: Eelektross|Flamethrower|p1a: Tapu Koko\n|-damage|p1a: Tapu Koko|156/234\n|\n|upkeep\n|turn|9\n|\n|t:|1770029650\n|move|p1a: Tapu Koko|Calm Mind|p1a: Tapu Koko\n|-boost|p1a: Tapu Koko|spa|1\n|-boost|p1a: Tapu Koko|spd|1\n|move|p2a: Eelektross|Flamethrower|p1a: Tapu Koko\n|-damage|p1a: Tapu Koko|127/234\n|\n|upkeep\n|turn|10\n|\n|t:|1770029653\n|move|p1a: Tapu Koko|Roost|p1a: Tapu Koko\n|-heal|p1a: Tapu Koko|234/234\n|-singleturn|p1a: Tapu Koko|move: Roost\n|move|p2a: Eelektross|Flamethrower|p1a: Tapu Koko\n|-damage|p1a: Tapu Koko|201/234\n|\n|-fieldend|move: Electric Terrain\n|upkeep\n|turn|11\n|-message|big triple T forfeited.\n|\n|win|Saim77\n|raw|Saim77's rating: 1531 &rarr; <strong>1551</strong><br />(+20 for winning)\n|raw|big triple T's rating: 1537 &rarr; <strong>1517</strong><br />(-20 for losing)\n|l|☆big triple T\n|player|p2|\n|l|☆Saim77\n|player|p1|\n", "inputlog": ">version ccdc32dd7cde25fd9e4bed64820e885f66e78a4e\n>start {\"formatid\":\"gen7randombattle\",\"seed\":\"sodium,d23b8593be3123f9fc23ac6575753759\",\"rated\":\"Rated battle\"}\n>player p1 {\"name\":\"Saim77\",\"avatar\":\"ghetsis\",\"rating\":1531,\"seed\":\"sodium,6c36bca565645347f17835b96f86478c\"}\n>player p2 {\"name\":\"big triple T\",\"avatar\":\"170\",\"rating\":1537,\"seed\":\"sodium,241de24c2e92c53bdff88b7c18e9c400\"}\n>p1 move powerwhip\n>p2 move gunkshot\n>p2 switch 5\n>p1 switch 6\n>p2 move icebeam\n>p1 move aurasphere\n>p2 switch 6\n>p1 switch 6\n>p2 move toxic\n>p1 move powerwhip\n>p2 move hex\n>p1 switch 2\n>p1 move calmmind\n>p2 switch 3\n>p1 move calmmind\n>p2 move flamethrower\n>p1 move calmmind\n>p2 move flamethrower\n>p1 move calmmind\n>p2 move flamethrower\n>p1 move roost\n>p2 move flamethrower\n>forcelose p2", "uploadtime": 1770029742, "views": 162, "formatid": "gen7randombattle", "rating": 1517, "private": 0, "password": null}