{"id": "gen7randombattle-2528073843", "format": "[Gen 7] Random Battle", "players": ["Mulan Sauce", "verdu7"], "log": "|j|☆Mulan Sauce\n|j|☆verdu7\n|t:|1769617865\n|gametype|singles\n|player|p1|Mulan Sauce|cynthia-masters|1623\n|player|p2|verdu7|2|1603\n|gen|7\n|tier|[Gen 7] Random Battle\n|rated|\n|rule|Sleep Clause Mod: Limit one foe put to sleep\n|rule|HP Percentage Mod: HP is shown in percentages\n|rule|Illusion Level Mod: Illusion disguises the Pokémon's true level\n|\n|t:|1769617865\n|teamsize|p1|6\n|teamsize|p2|6\n|start\n|switch|p1a: Buzzwole|Buzzwole, L79|299/299\n|switch|p2a: Torkoal|Torkoal, L84, F|255/255\n|-weather|SunnyDay|[from] ability: Drought|[of] p2a: Torkoal\n|turn|1\n|inactive|Battle timer is ON: inactive players will automatically lose when time's up. (requested by verdu7)\n|j| Nylez\n|\n|t:|1769617877\n|switch|p1a: Lumineon|Lumineon, L93, F|279/279\n|move|p2a: Torkoal|Yawn|p1a: Lumineon\n|-start|p1a: Lumineon|move: Yawn|[of] p2a: Torkoal\n|\n|-weather|SunnyDay|[upkeep]\n|upkeep\n|turn|2\n|\n|t:|1769617892\n|switch|p1a: Emolga|Emolga, L90, M|245/245\n|move|p2a: Torkoal|Solar Beam||[still]\n|-prepare|p2a: Torkoal|Solar Beam\n|-anim|p2a: Torkoal|Solar Beam|p1a: Emolga\n|-resisted|p1a: Emolga\n|-damage|p1a: Emolga|196/245\n|\n|-weather|SunnyDay|[upkeep]\n|upkeep\n|turn|3\n|\n|t:|1769617900\n|move|p1a: Emolga|Encore|p2a: Torkoal\n|-start|p2a: Torkoal|Encore\n|move|p2a: Torkoal|Solar Beam||[still]\n|-prepare|p2a: Torkoal|Solar Beam\n|-anim|p2a: Torkoal|Solar Beam|p1a: Emolga\n|-resisted|p1a: Emolga\n|-damage|p1a: Emolga|147/245\n|\n|-weather|SunnyDay|[upkeep]\n|upkeep\n|turn|4\n|\n|t:|1769617915\n|switch|p2a: Malamar|Malamar, L80, F|269/269\n|move|p1a: Emolga|Roost|p1a: Emolga\n|-heal|p1a: Emolga|245/245\n|-singleturn|p1a: Emolga|move: Roost\n|\n|-weather|SunnyDay|[upkeep]\n|upkeep\n|turn|5\n|inactive|Mulan Sauce has 120 seconds left.\n|\n|t:|1769617951\n|switch|p2a: Whiscash|Whiscash, L89, F|341/341\n|move|p1a: Emolga|Thunderbolt|p2a: Whiscash\n|-immune|p2a: Whiscash\n|\n|-weather|none\n|upkeep\n|turn|6\n|inactive|Mulan Sauce has 120 seconds left.\n|\n|t:|1769617968\n|switch|p1a: Lumineon|Lumineon, L93, F|279/279\n|move|p2a: Whiscash|Toxic|p1a: Lumineon\n|-status|p1a: Lumineon|tox\n|\n|-damage|p1a: Lumineon|262/279 tox|[from] psn\n|upkeep\n|turn|7\n|\n|t:|1769617979\n|switch|p2a: Chansey|Chansey, L85, F|564/564\n|move|p1a: Lumineon|Toxic|p2a: Chansey\n|-status|p2a: Chansey|tox\n|\n|-heal|p1a: Lumineon|279/279 tox|[from] item: Leftovers\n|-damage|p1a: Lumineon|245/279 tox|[from] psn\n|-damage|p2a: Chansey|529/564 tox|[from] psn\n|upkeep\n|turn|8\n|\n|t:|1769617987\n|move|p1a: Lumineon|U-turn|p2a: Chansey\n|-damage|p2a: Chansey|424/564 tox\n|\n|t:|1769617991\n|switch|p1a: Buzzwole|Buzzwole, L79|299/299|[from] U-turn\n|move|p2a: Chansey|Stealth Rock|p1a: Buzzwole\n|-sidestart|p1: Mulan Sauce|move: Stealth Rock\n|\n|-damage|p2a: Chansey|354/564 tox|[from] psn\n|upkeep\n|turn|9\n|\n|t:|1769618004\n|-curestatus|p2a: Chansey|tox|[from] ability: Natural Cure\n|switch|p2a: Torkoal|Torkoal, L84, F|255/255\n|-weather|SunnyDay|[from] ability: Drought|[of] p2a: Torkoal\n|move|p1a: Buzzwole|Leech Life|p2a: Torkoal\n|-resisted|p2a: Torkoal\n|-damage|p2a: Torkoal|200/255\n|\n|-weather|SunnyDay|[upkeep]\n|-heal|p2a: Torkoal|215/255|[from] item: Leftovers\n|upkeep\n|turn|10\n|\n|t:|1769618015\n|switch|p1a: Lumineon|Lumineon, L93, F|245/279 tox\n|-damage|p1a: Lumineon|211/279 tox|[from] Stealth Rock\n|move|p2a: Torkoal|Lava Plume|p1a: Lumineon\n|-resisted|p1a: Lumineon\n|-damage|p1a: Lumineon|155/279 tox\n|\n|-weather|SunnyDay|[upkeep]\n|-heal|p1a: Lumineon|172/279 tox|[from] item: Leftovers\n|-heal|p2a: Torkoal|230/255|[from] item: Leftovers\n|-damage|p1a: Lumineon|155/279 tox|[from] psn\n|upkeep\n|turn|11\n|\n|t:|1769618029\n|move|p1a: Lumineon|Defog|p2a: Torkoal\n|-unboost|p2a: Torkoal|evasion|1\n|-sideend|p1: Mulan Sauce|Stealth Rock|[from] move: Defog|[of] p1a: Lumineon\n|move|p2a: Torkoal|Lava Plume|p1a: Lumineon\n|-resisted|p1a: Lumineon\n|-damage|p1a: Lumineon|100/279 tox\n|\n|-weather|SunnyDay|[upkeep]\n|-heal|p1a: Lumineon|117/279 tox|[from] item: Leftovers\n|-heal|p2a: Torkoal|245/255|[from] item: Leftovers\n|-damage|p1a: Lumineon|83/279 tox|[from] psn\n|upkeep\n|turn|12\n|\n|t:|1769618041\n|move|p1a: Lumineon|Toxic|p2a: Torkoal\n|-status|p2a: Torkoal|tox\n|move|p2a: Torkoal|Lava Plume|p1a: Lumineon\n|-resisted|p1a: Lumineon\n|-damage|p1a: Lumineon|31/279 tox\n|\n|-weather|SunnyDay|[upkeep]\n|-heal|p1a: Lumineon|48/279 tox|[from] item: Leftovers\n|-heal|p2a: Torkoal|255/255 tox|[from] item: Leftovers\n|-damage|p1a: Lumineon|0 fnt|[from] psn\n|faint|p1a: Lumineon\n|-damage|p2a: Torkoal|240/255 tox|[from] psn\n|upkeep\n|inactive|Mulan Sauce has 120 seconds left.\n|\n|t:|1769618066\n|switch|p1a: Floatzel|Floatzel, L86, F|286/286\n|turn|13\n|\n|t:|1769618071\n|switch|p1a: Emolga|Emolga, L90, M|245/245\n|move|p2a: Torkoal|Solar Beam||[still]\n|-prepare|p2a: Torkoal|Solar Beam\n|-anim|p2a: Torkoal|Solar Beam|p1a: Emolga\n|-resisted|p1a: Emolga\n|-damage|p1a: Emolga|196/245\n|\n|-weather|none\n|-heal|p2a: Torkoal|255/255 tox|[from] item: Leftovers\n|-damage|p2a: Torkoal|225/255 tox|[from] psn\n|upkeep\n|turn|14\n|inactive|Mulan Sauce has 120 seconds left.\n|\n|t:|1769618101\n|switch|p1a: Buzzwole|Buzzwole, L79|299/299\n|switch|p2a: Whiscash|Whiscash, L89, F|341/341\n|\n|upkeep\n|turn|15\n|inactive|Mulan Sauce has 120 seconds left.\n|\n|t:|1769618133\n|move|p1a: Buzzwole|Leech Life|p2a: Whiscash\n|-damage|p2a: Whiscash|191/341\n|move|p2a: Whiscash|Toxic|p1a: Buzzwole\n|-status|p1a: Buzzwole|tox\n|\n|-heal|p2a: Whiscash|212/341|[from] item: Leftovers\n|-damage|p1a: Buzzwole|281/299 tox|[from] psn\n|upkeep\n|turn|16\n|\n|t:|1769618141\n|switch|p1a: Emolga|Emolga, L90, M|196/245\n|move|p2a: Whiscash|Scald|p1a: Emolga\n|-damage|p1a: Emolga|94/245\n|\n|-heal|p2a: Whiscash|233/341|[from] item: Leftovers\n|upkeep\n|turn|17\n|\n|t:|1769618152\n|move|p1a: Emolga|Roost|p1a: Emolga\n|-heal|p1a: Emolga|217/245\n|-singleturn|p1a: Emolga|move: Roost\n|move|p2a: Whiscash|Earthquake|p1a: Emolga\n|-supereffective|p1a: Emolga\n|-crit|p1a: Emolga\n|-damage|p1a: Emolga|0 fnt\n|faint|p1a: Emolga\n|\n|-heal|p2a: Whiscash|254/341|[from] item: Leftovers\n|upkeep\n|c|☆verdu7|jijij\n|\n|t:|1769618160\n|switch|p1a: Floatzel|Floatzel, L86, F|286/286\n|turn|18\n|\n|t:|1769618165\n|switch|p2a: Roserade|Roserade, L84, F|238/238\n|move|p1a: Floatzel|Liquidation|p2a: Roserade\n|-resisted|p2a: Roserade\n|-damage|p2a: Roserade|145/238\n|\n|-heal|p2a: Roserade|159/238|[from] item: Black Sludge\n|upkeep\n|turn|19\n|\n|t:|1769618176\n|switch|p1a: Honchkrow|Honchkrow, L83, F|302/302\n|move|p2a: Roserade|Giga Drain|p1a: Honchkrow\n|-resisted|p1a: Honchkrow\n|-damage|p1a: Honchkrow|234/302\n|-heal|p2a: Roserade|193/238|[from] drain|[of] p1a: Honchkrow\n|\n|-heal|p2a: Roserade|207/238|[from] item: Black Sludge\n|upkeep\n|turn|20\n|\n|t:|1769618185\n|switch|p2a: Torkoal|Torkoal, L84, F|225/255 tox\n|-weather|SunnyDay|[from] ability: Drought|[of] p2a: Torkoal\n|move|p1a: Honchkrow|Brave Bird|p2a: Torkoal\n|-damage|p2a: Torkoal|85/255 tox\n|-damage|p1a: Honchkrow|188/302|[from] Recoil\n|-damage|p1a: Honchkrow|158/302|[from] item: Life Orb\n|\n|-weather|SunnyDay|[upkeep]\n|-heal|p2a: Torkoal|100/255 tox|[from] item: Leftovers\n|-damage|p2a: Torkoal|85/255 tox|[from] psn\n|upkeep\n|turn|21\n|\n|t:|1769618201\n|switch|p2a: Thundurus|Thundurus, L81, M|261/261\n|move|p1a: Honchkrow|Brave Bird|p2a: Thundurus\n|-resisted|p2a: Thundurus\n|-damage|p2a: Thundurus|135/261\n|-damage|p1a: Honchkrow|116/302|[from] Recoil\n|-damage|p1a: Honchkrow|86/302|[from] item: Life Orb\n|\n|-weather|SunnyDay|[upkeep]\n|upkeep\n|turn|22\n|inactive|verdu7 has 120 seconds left.\n|\n|t:|1769618231\n|switch|p2a: Whiscash|Whiscash, L89, F|254/341\n|move|p1a: Honchkrow|Sucker Punch||[still]\n|-fail|p1a: Honchkrow\n|\n|-weather|SunnyDay|[upkeep]\n|-heal|p2a: Whiscash|275/341|[from] item: Leftovers\n|upkeep\n|turn|23\n|\n|t:|1769618253\n|switch|p1a: Buzzwole|Buzzwole, L79|281/299 tox\n|move|p2a: Whiscash|Toxic|p1a: Buzzwole\n|-fail|p1a: Buzzwole|tox\n|\n|-weather|SunnyDay|[upkeep]\n|-heal|p2a: Whiscash|296/341|[from] item: Leftovers\n|-damage|p1a: Buzzwole|263/299 tox|[from] psn\n|upkeep\n|turn|24\n|\n|t:|1769618269\n|switch|p1a: Floatzel|Floatzel, L86, F|286/286\n|move|p2a: Whiscash|Protect||[still]\n|-fail|p2a: Whiscash\n|\n|-weather|none\n|-heal|p2a: Whiscash|317/341|[from] item: Leftovers\n|upkeep\n|turn|25\n|\n|t:|1769618276\n|switch|p2a: Torkoal|Torkoal, L84, F|85/255 tox\n|-weather|SunnyDay|[from] ability: Drought|[of] p2a: Torkoal\n|move|p1a: Floatzel|Liquidation|p2a: Torkoal\n|-supereffective|p2a: Torkoal\n|-damage|p2a: Torkoal|0 fnt\n|faint|p2a: Torkoal\n|\n|-weather|SunnyDay|[upkeep]\n|upkeep\n|\n|t:|1769618285\n|switch|p2a: Roserade|Roserade, L84, F|207/238\n|turn|26\n|\n|t:|1769618289\n|switch|p1a: Buzzwole|Buzzwole, L79|263/299 tox\n|move|p2a: Roserade|Sludge Bomb|p1a: Buzzwole\n|-damage|p1a: Buzzwole|76/299 tox\n|\n|-weather|SunnyDay|[upkeep]\n|-heal|p2a: Roserade|221/238|[from] item: Black Sludge\n|-damage|p1a: Buzzwole|58/299 tox|[from] psn\n|upkeep\n|turn|27\n|\n|t:|1769618300\n|move|p2a: Roserade|Sludge Bomb|p1a: Buzzwole\n|-damage|p1a: Buzzwole|0 fnt\n|faint|p1a: Buzzwole\n|\n|-weather|SunnyDay|[upkeep]\n|-heal|p2a: Roserade|235/238|[from] item: Black Sludge\n|upkeep\n|\n|t:|1769618303\n|switch|p1a: Deoxys|Deoxys, L75|199/199\n|-ability|p1a: Deoxys|Pressure\n|turn|28\n|\n|t:|1769618309\n|switch|p2a: Malamar|Malamar, L80, F|269/269\n|move|p1a: Deoxys|Ice Beam|p2a: Malamar\n|-damage|p2a: Malamar|152/269\n|-damage|p1a: Deoxys|180/199|[from] item: Life Orb\n|\n|-weather|SunnyDay|[upkeep]\n|upkeep\n|turn|29\n|\n|t:|1769618318\n|switch|p2a: Chansey|Chansey, L85, F|354/564\n|move|p1a: Deoxys|Superpower|p2a: Chansey\n|-supereffective|p2a: Chansey\n|-damage|p2a: Chansey|0 fnt\n|-unboost|p1a: Deoxys|atk|1\n|-unboost|p1a: Deoxys|def|1\n|faint|p2a: Chansey\n|-damage|p1a: Deoxys|161/199|[from] item: Life Orb\n|\n|-weather|none\n|upkeep\n|\n|t:|1769618330\n|switch|p2a: Whiscash|Whiscash, L89, F|317/341\n|turn|30\n|\n|t:|1769618339\n|move|p1a: Deoxys|Psycho Boost|p2a: Whiscash\n|-damage|p2a: Whiscash|82/341\n|-unboost|p1a: Deoxys|spa|2\n|-damage|p1a: Deoxys|142/199|[from] item: Life Orb\n|move|p2a: Whiscash|Scald|p1a: Deoxys\n|-damage|p1a: Deoxys|21/199\n|\n|-heal|p2a: Whiscash|103/341|[from] item: Leftovers\n|upkeep\n|turn|31\n|\n|t:|1769618349\n|switch|p1a: Floatzel|Floatzel, L86, F|286/286\n|move|p2a: Whiscash|Protect||[still]\n|-fail|p2a: Whiscash\n|\n|-heal|p2a: Whiscash|124/341|[from] item: Leftovers\n|upkeep\n|turn|32\n|\n|t:|1769618359\n|move|p1a: Floatzel|Ice Punch|p2a: Whiscash\n|-crit|p2a: Whiscash\n|-damage|p2a: Whiscash|0 fnt\n|faint|p2a: Whiscash\n|\n|upkeep\n|\n|t:|1769618372\n|switch|p2a: Malamar|Malamar, L80, F|152/269\n|turn|33\n|\n|t:|1769618388\n|move|p1a: Floatzel|Ice Punch|p2a: Malamar\n|-crit|p2a: Malamar\n|-damage|p2a: Malamar|9/269\n|move|p2a: Malamar|Knock Off|p1a: Floatzel\n|-crit|p1a: Floatzel\n|-damage|p1a: Floatzel|103/286\n|-enditem|p1a: Floatzel|Choice Band|[from] move: Knock Off|[of] p2a: Malamar\n|\n|upkeep\n|turn|34\n|\n|t:|1769618396\n|move|p1a: Floatzel|Ice Punch|p2a: Malamar\n|-damage|p2a: Malamar|0 fnt\n|faint|p2a: Malamar\n|\n|upkeep\n|\n|t:|1769618400\n|switch|p2a: Roserade|Roserade, L84, F|235/238\n|turn|35\n|\n|t:|1769618404\n|move|p1a: Floatzel|Ice Punch|p2a: Roserade\n|-supereffective|p2a: Roserade\n|-damage|p2a: Roserade|79/238\n|-status|p2a: Roserade|frz\n|cant|p2a: Roserade|frz\n|\n|-heal|p2a: Roserade|93/238 frz|[from] item: Black Sludge\n|upkeep\n|turn|36\n|\n|t:|1769618412\n|move|p1a: Floatzel|Ice Punch|p2a: Roserade\n|-supereffective|p2a: Roserade\n|-damage|p2a: Roserade|0 fnt\n|faint|p2a: Roserade\n|\n|upkeep\n|\n|t:|1769618416\n|switch|p2a: Thundurus|Thundurus, L81, M|135/261\n|turn|37\n|\n|t:|1769618420\n|move|p2a: Thundurus|Thunder Wave|p1a: Floatzel\n|-status|p1a: Floatzel|par\n|move|p1a: Floatzel|Ice Punch|p2a: Thundurus\n|-supereffective|p2a: Thundurus\n|-damage|p2a: Thundurus|0 fnt\n|faint|p2a: Thundurus\n|\n|win|Mulan Sauce\n|raw|Mulan Sauce's rating: 1623 &rarr; <strong>1642</strong><br />(+19 for winning)\n|raw|verdu7's rating: 1603 &rarr; <strong>1584</strong><br />(-19 for losing)\n|c|☆Mulan Sauce|Gg wp\n|l|☆verdu7\n|player|p2|\n|l| Nylez\n|l|☆Mulan Sauce\n|player|p1|\n|j|☆Mulan Sauce\n|player|p1|Mulan Sauce|cynthia-masters|\n", "inputlog": ">version b99ff0165a6231f17e8b78c2a78d1998375de664\n>start {\"formatid\":\"gen7randombattle\",\"seed\":\"sodium,56e5fc547bae5b775b6d1ef851ca1540\",\"rated\":\"Rated battle\"}\n>player p1 {\"name\":\"Mulan Sauce\",\"avatar\":\"cynthia-masters\",\"rating\":1623,\"seed\":\"sodium,80119963b82358a549b7b1a3161d6e59\"}\n>player p2 {\"name\":\"verdu7\",\"avatar\":\"2\",\"rating\":1603,\"seed\":\"sodium,898cb565739270c81ef525b48cb14830\"}\n>p1 switch 5\n>p2 move yawn\n>p1 switch 4\n>p2 move solarbeam\n>p1 move encore\n>p2 move lavaplume\n>p1 move roost\n>p2 switch 6\n>p1 move thunderbolt\n>p2 switch 4\n>p1 switch 4\n>p2 move toxic\n>p1 move toxic\n>p2 switch 3\n>p1 move uturn\n>p2 move stealthrock\n>p1 switch 5\n>p1 move leechlife\n>p2 switch 6\n>p1 switch 5\n>p2 move lavaplume\n>p1 move defog\n>p2 move lavaplume\n>p1 move toxic\n>p2 move lavaplume\n>p1 switch 3\n>p1 switch 4\n>p2 move solarbeam\n>p1 switch 5\n>p2 switch 3\n>p1 move leechlife\n>p2 move toxic\n>p1 switch 5\n>p2 move scald\n>p1 move roost\n>p2 move earthquake\n>chat ☆verdu7|jijij\n>p1 switch 4\n>p1 move liquidation\n>p2 switch 2\n>p1 switch 6\n>p2 move gigadrain\n>p1 move bravebird\n>p2 switch 3\n>p1 move bravebird\n>p2 switch 5\n>p1 move suckerpunch\n>p2 switch 2\n>p1 switch 5\n>p2 move toxic\n>p1 switch 6\n>p2 move protect\n>p1 move liquidation\n>p2 switch 5\n>p2 switch 3\n>p1 switch 6\n>p2 move sludgebomb\n>p1 move leechlife\n>p2 move sludgebomb\n>p1 switch 2\n>p1 move icebeam\n>p2 switch 4\n>p1 move superpower\n>p2 switch 6\n>p2 switch 5\n>p1 move psychoboost\n>p2 move scald\n>p1 switch 6\n>p2 move protect\n>p1 move icepunch\n>p2 move earthquake\n>p2 switch 6\n>p1 move icepunch\n>p2 move knockoff\n>p1 move icepunch\n>p2 move knockoff\n>p2 switch 4\n>p1 move icepunch\n>p2 move sludgebomb\n>p1 move icepunch\n>p2 move gigadrain\n>p2 switch 2\n>p1 move icepunch\n>p2 move thunderwave", "uploadtime": 1769618421, "views": 161, "formatid": "gen7randombattle", "rating": 1584, "private": 0, "password": null}