{"id": "gen7randombattle-2528522050", "format": "[Gen 7] Random Battle", "players": ["beckywiththebraids", "UnnervingGang"], "log": "|j|☆beckywiththebraids\n|j|☆UnnervingGang\n|t:|1769669883\n|gametype|singles\n|player|p1|beckywiththebraids|102|1696\n|player|p2|UnnervingGang|silver|1630\n|gen|7\n|tier|[Gen 7] Random Battle\n|rated|\n|rule|Sleep Clause Mod: Limit one foe put to sleep\n|rule|HP Percentage Mod: HP is shown in percentages\n|rule|Illusion Level Mod: Illusion disguises the Pokémon's true level\n|\n|t:|1769669883\n|teamsize|p1|6\n|teamsize|p2|6\n|start\n|switch|p1a: Blaziken|Blaziken, L78, F|253/253\n|switch|p2a: Xatu|Xatu, L89, F|260/260\n|turn|1\n|inactive|Battle timer is ON: inactive players will automatically lose when time's up. (requested by beckywiththebraids)\n|inactive|UnnervingGang has 120 seconds left.\n|\n|t:|1769670019\n|switch|p1a: Aggron|Aggron, L81, M|246/246\n|move|p2a: Xatu|Psychic|p1a: Aggron\n|-resisted|p1a: Aggron\n|-damage|p1a: Aggron|180/246\n|\n|upkeep\n|turn|2\n|inactive|UnnervingGang has 120 seconds left.\n|\n|t:|1769670052\n|switch|p2a: Togedemaru|Togedemaru, L86, F|252/252\n|detailschange|p1a: Aggron|Aggron-Mega, L81, M\n|-mega|p1a: Aggron|Aggron|Aggronite\n|move|p1a: Aggron|Heavy Slam|p2a: Togedemaru\n|-resisted|p2a: Togedemaru\n|-damage|p2a: Togedemaru|202/252\n|\n|-heal|p2a: Togedemaru|217/252|[from] item: Leftovers\n|upkeep\n|turn|3\n|\n|t:|1769670061\n|move|p2a: Togedemaru|Spiky Shield|p2a: Togedemaru\n|-singleturn|p2a: Togedemaru|move: Protect\n|move|p1a: Aggron|Earthquake|p2a: Togedemaru\n|-activate|p2a: Togedemaru|move: Protect\n|\n|-heal|p2a: Togedemaru|232/252|[from] item: Leftovers\n|upkeep\n|turn|4\n|inactive|UnnervingGang has 120 seconds left.\n|\n|t:|1769670086\n|switch|p2a: Xatu|Xatu, L89, F|260/260\n|move|p1a: Aggron|Heavy Slam|p2a: Xatu\n|-damage|p2a: Xatu|67/260\n|\n|-heal|p2a: Xatu|83/260|[from] item: Leftovers\n|upkeep\n|turn|5\n|inactive|UnnervingGang has 120 seconds left.\n|\n|t:|1769670095\n|switch|p2a: Galvantula|Galvantula, L80, F|243/243\n|move|p1a: Aggron|Heavy Slam|p2a: Galvantula\n|-resisted|p2a: Galvantula\n|-damage|p2a: Galvantula|131/243\n|\n|upkeep\n|turn|6\n|\n|t:|1769670105\n|move|p2a: Galvantula|Sticky Web|p1a: Aggron\n|-sidestart|p1: beckywiththebraids|move: Sticky Web\n|move|p1a: Aggron|Earthquake|p2a: Galvantula\n|-damage|p2a: Galvantula|10/243\n|\n|upkeep\n|turn|7\n|\n|t:|1769670113\n|switch|p1a: Dugtrio|Dugtrio, L84, M|196/196\n|-activate|p1a: Dugtrio|move: Sticky Web\n|-unboost|p1a: Dugtrio|spe|1\n|move|p2a: Galvantula|Thunder|p1a: Dugtrio\n|-immune|p1a: Dugtrio\n|\n|upkeep\n|turn|8\n|\n|t:|1769670117\n|move|p1a: Dugtrio|Sucker Punch|p2a: Galvantula\n|-damage|p2a: Galvantula|0 fnt\n|faint|p2a: Galvantula\n|-damage|p1a: Dugtrio|177/196|[from] item: Life Orb\n|\n|upkeep\n|\n|t:|1769670127\n|switch|p2a: Simisage|Simisage, L89, M|278/278\n|turn|9\n|\n|t:|1769670133\n|move|p2a: Simisage|Leaf Storm|p1a: Dugtrio\n|-supereffective|p1a: Dugtrio\n|-damage|p1a: Dugtrio|0 fnt\n|-unboost|p2a: Simisage|spa|2\n|faint|p1a: Dugtrio\n|-damage|p2a: Simisage|251/278|[from] item: Life Orb\n|\n|upkeep\n|\n|t:|1769670136\n|switch|p1a: Blaziken|Blaziken, L78, F|253/253\n|-activate|p1a: Blaziken|move: Sticky Web\n|-unboost|p1a: Blaziken|spe|1\n|turn|10\n|\n|t:|1769670150\n|move|p2a: Simisage|Superpower|p1a: Blaziken\n|-damage|p1a: Blaziken|109/253\n|-unboost|p2a: Simisage|atk|1\n|-unboost|p2a: Simisage|def|1\n|-damage|p2a: Simisage|224/278|[from] item: Life Orb\n|move|p1a: Blaziken|Knock Off|p2a: Simisage\n|-damage|p2a: Simisage|56/278\n|-enditem|p2a: Simisage|Life Orb|[from] move: Knock Off|[of] p1a: Blaziken\n|-damage|p1a: Blaziken|84/253|[from] item: Life Orb\n|\n|-ability|p1a: Blaziken|Speed Boost|boost\n|-boost|p1a: Blaziken|spe|1\n|upkeep\n|turn|11\n|\n|t:|1769670163\n|move|p2a: Simisage|Leaf Storm|p1a: Blaziken\n|-resisted|p1a: Blaziken\n|-damage|p1a: Blaziken|9/253\n|-unboost|p2a: Simisage|spa|2\n|move|p1a: Blaziken|Swords Dance|p1a: Blaziken\n|-boost|p1a: Blaziken|atk|2\n|\n|-ability|p1a: Blaziken|Speed Boost|boost\n|-boost|p1a: Blaziken|spe|1\n|upkeep\n|turn|12\n|\n|t:|1769670167\n|move|p1a: Blaziken|Knock Off|p2a: Simisage\n|-damage|p2a: Simisage|0 fnt\n|faint|p2a: Simisage\n|-damage|p1a: Blaziken|0 fnt|[from] item: Life Orb\n|faint|p1a: Blaziken\n|\n|upkeep\n|\n|t:|1769670173\n|switch|p2a: Reuniclus|Reuniclus, L87, M|333/333\n|switch|p1a: Aggron|Aggron-Mega, L81, M|180/246\n|-activate|p1a: Aggron|move: Sticky Web\n|-unboost|p1a: Aggron|spe|1\n|turn|13\n|\n|t:|1769670199\n|switch|p1a: Clefable|Clefable, L83, M|293/293\n|-activate|p1a: Clefable|move: Sticky Web\n|-unboost|p1a: Clefable|spe|1\n|move|p2a: Reuniclus|Focus Blast|p1a: Clefable\n|-resisted|p1a: Clefable\n|-damage|p1a: Clefable|227/293\n|\n|upkeep\n|turn|14\n|\n|t:|1769670205\n|move|p2a: Reuniclus|Calm Mind|p2a: Reuniclus\n|-boost|p2a: Reuniclus|spa|1\n|-boost|p2a: Reuniclus|spd|1\n|move|p1a: Clefable|Moonblast|p2a: Reuniclus\n|-damage|p2a: Reuniclus|258/333\n|\n|upkeep\n|turn|15\n|\n|t:|1769670210\n|switch|p1a: Vikavolt|Vikavolt, L86, F|273/273\n|move|p2a: Reuniclus|Calm Mind|p2a: Reuniclus\n|-boost|p2a: Reuniclus|spa|1\n|-boost|p2a: Reuniclus|spd|1\n|\n|upkeep\n|turn|16\n|\n|t:|1769670221\n|move|p1a: Vikavolt|Bug Buzz|p2a: Reuniclus\n|-supereffective|p2a: Reuniclus\n|-damage|p2a: Reuniclus|79/333\n|-unboost|p2a: Reuniclus|spd|1\n|-damage|p1a: Vikavolt|246/273|[from] item: Life Orb\n|move|p2a: Reuniclus|Psychic|p1a: Vikavolt\n|-crit|p1a: Vikavolt\n|-damage|p1a: Vikavolt|0 fnt\n|faint|p1a: Vikavolt\n|\n|upkeep\n|\n|t:|1769670228\n|switch|p1a: Aggron|Aggron-Mega, L81, M|180/246\n|-activate|p1a: Aggron|move: Sticky Web\n|-unboost|p1a: Aggron|spe|1\n|turn|17\n|\n|t:|1769670234\n|move|p2a: Reuniclus|Focus Blast|p1a: Aggron\n|-supereffective|p1a: Aggron\n|-damage|p1a: Aggron|0 fnt\n|faint|p1a: Aggron\n|detailschange|p1: Aggron|Aggron, L81, M|[silent]\n|\n|upkeep\n|\n|t:|1769670237\n|switch|p1a: Carracosta|Carracosta, L88, M|274/274\n|-activate|p1a: Carracosta|move: Sticky Web\n|-unboost|p1a: Carracosta|spe|1\n|-enditem|p1a: Carracosta|White Herb\n|-clearnegativeboost|p1a: Carracosta|[silent]\n|turn|18\n|\n|t:|1769670241\n|move|p1a: Carracosta|Shell Smash|p1a: Carracosta\n|-unboost|p1a: Carracosta|def|1\n|-unboost|p1a: Carracosta|spd|1\n|-boost|p1a: Carracosta|atk|2\n|-boost|p1a: Carracosta|spa|2\n|-boost|p1a: Carracosta|spe|2\n|move|p2a: Reuniclus|Psychic|p1a: Carracosta\n|-ability|p1a: Carracosta|Sturdy\n|-damage|p1a: Carracosta|1/274\n|\n|upkeep\n|turn|19\n|\n|t:|1769670252\n|switch|p2a: Xatu|Xatu, L89, F|83/260\n|move|p1a: Carracosta|Liquidation|p2a: Xatu\n|-damage|p2a: Xatu|0 fnt\n|faint|p2a: Xatu\n|\n|upkeep\n|\n|t:|1769670270\n|switch|p2a: Stoutland|Stoutland, L86, F|286/286\n|turn|20\n|\n|t:|1769670275\n|move|p2a: Stoutland|Return|p1a: Carracosta\n|-resisted|p1a: Carracosta\n|-damage|p1a: Carracosta|0 fnt\n|faint|p1a: Carracosta\n|\n|upkeep\n|\n|t:|1769670277\n|switch|p1a: Clefable|Clefable, L83, M|227/293\n|-activate|p1a: Clefable|move: Sticky Web\n|-unboost|p1a: Clefable|spe|1\n|turn|21\n|\n|t:|1769670279\n|move|p2a: Stoutland|Return|p1a: Clefable\n|-damage|p1a: Clefable|91/293\n|move|p1a: Clefable|Moonblast|p2a: Stoutland\n|-damage|p2a: Stoutland|176/286\n|-unboost|p2a: Stoutland|spa|1\n|\n|upkeep\n|turn|22\n|\n|t:|1769670283\n|move|p2a: Stoutland|Return|p1a: Clefable\n|-damage|p1a: Clefable|0 fnt\n|faint|p1a: Clefable\n|\n|win|UnnervingGang\n|raw|beckywiththebraids's rating: 1696 &rarr; <strong>1672</strong><br />(-24 for losing)\n|raw|UnnervingGang's rating: 1630 &rarr; <strong>1654</strong><br />(+24 for winning)\n|l|☆beckywiththebraids\n|player|p1|\n|l|☆UnnervingGang\n|player|p2|\n", "inputlog": ">version b99ff0165a6231f17e8b78c2a78d1998375de664\n>start {\"formatid\":\"gen7randombattle\",\"seed\":\"sodium,26c0b7c701aa71365ded2ee687b75de8\",\"rated\":\"Rated battle\"}\n>player p1 {\"name\":\"beckywiththebraids\",\"avatar\":\"102\",\"rating\":1696,\"seed\":\"sodium,aa7e7833ff3c3b75bb375f21eca58a83\"}\n>player p2 {\"name\":\"UnnervingGang\",\"avatar\":\"silver\",\"rating\":1630,\"seed\":\"sodium,df3f32f161e1700dbbeef2a26ee2bce9\"}\n>p1 switch 5\n>p2 move psychic\n>p1 move heavyslam mega\n>p2 switch 5\n>p1 move earthquake\n>p2 move spikyshield\n>p1 move heavyslam\n>p2 switch 5\n>p1 move heavyslam\n>p2 switch 6\n>p1 move earthquake\n>p2 move stickyweb\n>p1 switch 6\n>p2 move thunder\n>p1 move suckerpunch\n>p2 move energyball\n>p2 switch 4\n>p1 move stoneedge\n>p2 move leafstorm\n>p1 switch 5\n>p1 move knockoff\n>p2 move superpower\n>p1 move swordsdance\n>p2 move leafstorm\n>p1 move knockoff\n>p2 move superpower\n>p1 switch 6\n>p2 switch 2\n>p1 switch 3\n>p2 move focusblast\n>p1 move moonblast\n>p2 move calmmind\n>p1 switch 4\n>p2 move calmmind\n>p1 move bugbuzz\n>p2 move psychic\n>p1 switch 3\n>p1 move heavyslam\n>p2 move focusblast\n>p1 switch 2\n>p1 move shellsmash\n>p2 move psychic\n>p1 move liquidation\n>p2 switch 6\n>p2 switch 3\n>p1 move liquidation\n>p2 move return\n>p1 switch 4\n>p1 move moonblast\n>p2 move return\n>p1 move moonblast\n>p2 move return", "uploadtime": 1769670299, "views": 160, "formatid": "gen7randombattle", "rating": 1654, "private": 0, "password": null}