{"id": "gen7randombattle-2526659773", "format": "[Gen 7] Random Battle", "players": ["tomkegs", "BigWes95"], "log": "|j|☆tomkegs\n|j|☆BigWes95\n|t:|1769445487\n|gametype|singles\n|player|p1|tomkegs|janitor|1641\n|player|p2|BigWes95|#rbtt9hoopers2|1850\n|gen|7\n|tier|[Gen 7] Random Battle\n|rated|\n|rule|Sleep Clause Mod: Limit one foe put to sleep\n|rule|HP Percentage Mod: HP is shown in percentages\n|rule|Illusion Level Mod: Illusion disguises the Pokémon's true level\n|\n|t:|1769445487\n|teamsize|p1|6\n|teamsize|p2|6\n|start\n|switch|p1a: Comfey|Comfey, L87, M|230/230\n|switch|p2a: Lurantis|Lurantis, L90, F|272/272\n|turn|1\n|inactive|Battle timer is ON: inactive players will automatically lose when time's up. (requested by BigWes95)\n|\n|t:|1769445514\n|move|p1a: Comfey|Calm Mind|p1a: Comfey\n|-boost|p1a: Comfey|spa|1\n|-boost|p1a: Comfey|spd|1\n|move|p2a: Lurantis|Leaf Storm|p1a: Comfey\n|-damage|p1a: Comfey|148/230\n|-boost|p2a: Lurantis|spa|2\n|\n|upkeep\n|turn|2\n|\n|t:|1769445532\n|move|p1a: Comfey|Draining Kiss|p2a: Lurantis\n|-crit|p2a: Lurantis\n|-damage|p2a: Lurantis|138/272\n|-heal|p1a: Comfey|230/230|[from] drain|[of] p2a: Lurantis\n|-damage|p1a: Comfey|207/230|[from] item: Life Orb\n|move|p2a: Lurantis|Leaf Storm|p1a: Comfey\n|-damage|p1a: Comfey|56/230\n|-boost|p2a: Lurantis|spa|2\n|\n|-heal|p2a: Lurantis|155/272|[from] item: Leftovers\n|upkeep\n|turn|3\n|\n|t:|1769445543\n|move|p1a: Comfey|Draining Kiss|p2a: Lurantis\n|-damage|p2a: Lurantis|72/272\n|-heal|p1a: Comfey|118/230|[from] drain|[of] p2a: Lurantis\n|-damage|p1a: Comfey|95/230|[from] item: Life Orb\n|move|p2a: Lurantis|Leaf Storm|p1a: Comfey\n|-damage|p1a: Comfey|0 fnt\n|-boost|p2a: Lurantis|spa|2\n|faint|p1a: Comfey\n|\n|-heal|p2a: Lurantis|89/272|[from] item: Leftovers\n|upkeep\n|\n|t:|1769445565\n|switch|p1a: Banette|Banette, L87, M|253/253\n|-item|p2a: Lurantis|Leftovers|[from] ability: Frisk|[of] p1a: Banette\n|turn|4\n|\n|t:|1769445579\n|switch|p2a: Smeargle|Smeargle, L88, F|240/240\n|detailschange|p1a: Banette|Banette-Mega, L87, M\n|-mega|p1a: Banette|Banette|Banettite\n|move|p1a: Banette|Shadow Claw|p2a: Smeargle\n|-immune|p2a: Smeargle\n|\n|upkeep\n|turn|5\n|\n|t:|1769445604\n|move|p1a: Banette|Taunt|p2a: Smeargle\n|-start|p2a: Smeargle|move: Taunt\n|cant|p2a: Smeargle|move: Taunt|Spore\n|\n|upkeep\n|turn|6\n|\n|t:|1769445625\n|switch|p2a: Lurantis|Lurantis, L90, F|89/272\n|move|p1a: Banette|Knock Off|p2a: Lurantis\n|-damage|p2a: Lurantis|0 fnt\n|-enditem|p2a: Lurantis|Leftovers|[from] move: Knock Off|[of] p1a: Banette\n|faint|p2a: Lurantis\n|\n|upkeep\n|\n|t:|1769445627\n|switch|p2a: Vaporeon|Vaporeon, L86, F|364/364\n|turn|7\n|\n|t:|1769445652\n|switch|p1a: Ampharos|Ampharos, L88, M|302/302\n|move|p2a: Vaporeon|Scald|p1a: Ampharos\n|-damage|p1a: Ampharos|212/302\n|\n|-heal|p1a: Ampharos|230/302|[from] item: Leftovers\n|upkeep\n|turn|8\n|\n|t:|1769445666\n|switch|p2a: Smeargle|Smeargle, L88, F|240/240\n|move|p1a: Ampharos|Volt Switch|p2a: Smeargle\n|-damage|p2a: Smeargle|108/240\n|\n|t:|1769445674\n|switch|p1a: Furfrou|Furfrou-Star, L86, F|269/269|[from] Volt Switch\n|\n|upkeep\n|turn|9\n|\n|t:|1769445681\n|switch|p2a: Type: Null|Type: Null, L85|300/300\n|move|p1a: Furfrou|Return|p2a: Type: Null\n|-damage|p2a: Type: Null|237/300\n|\n|upkeep\n|turn|10\n|\n|t:|1769445686\n|move|p1a: Furfrou|Toxic|p2a: Type: Null\n|-status|p2a: Type: Null|tox\n|move|p2a: Type: Null|Return|p1a: Furfrou\n|-damage|p1a: Furfrou|200/269\n|\n|-damage|p2a: Type: Null|219/300 tox|[from] psn\n|upkeep\n|turn|11\n|\n|t:|1769445702\n|move|p1a: Furfrou|U-turn|p2a: Type: Null\n|-damage|p2a: Type: Null|189/300 tox\n|\n|t:|1769445704\n|switch|p1a: Bibarel|Bibarel, L90, F|289/289|[from] U-turn\n|move|p2a: Type: Null|Return|p1a: Bibarel\n|-damage|p1a: Bibarel|159/289\n|\n|-damage|p2a: Type: Null|153/300 tox|[from] psn\n|upkeep\n|turn|12\n|\n|t:|1769445715\n|move|p1a: Bibarel|Swords Dance|p1a: Bibarel\n|-boost|p1a: Bibarel|atk|4\n|move|p2a: Type: Null|Return|p1a: Bibarel\n|-damage|p1a: Bibarel|18/289\n|\n|-damage|p2a: Type: Null|99/300 tox|[from] psn\n|upkeep\n|turn|13\n|\n|t:|1769445718\n|switch|p2a: Smeargle|Smeargle, L88, F|108/240\n|move|p1a: Bibarel|Return|p2a: Smeargle\n|-crit|p2a: Smeargle\n|-damage|p2a: Smeargle|0 fnt\n|faint|p2a: Smeargle\n|-damage|p1a: Bibarel|0 fnt|[from] item: Life Orb\n|faint|p1a: Bibarel\n|\n|upkeep\n|\n|t:|1769445728\n|switch|p2a: Archeops|Archeops, L82, F|257/257\n|switch|p1a: Banette|Banette-Mega, L87, M|253/253\n|turn|14\n|\n|t:|1769445733\n|move|p2a: Archeops|Acrobatics|p1a: Banette\n|-damage|p1a: Banette|100/253\n|move|p1a: Banette|Shadow Claw|p2a: Archeops\n|-crit|p2a: Archeops\n|-damage|p2a: Archeops|19/257\n|\n|upkeep\n|turn|15\n|\n|t:|1769445739\n|move|p2a: Archeops|Acrobatics|p1a: Banette\n|-damage|p1a: Banette|15/253\n|move|p1a: Banette|Knock Off|p2a: Archeops\n|-crit|p2a: Archeops\n|-damage|p2a: Archeops|0 fnt\n|faint|p2a: Archeops\n|\n|upkeep\n|\n|t:|1769445747\n|switch|p2a: Vaporeon|Vaporeon, L86, F|364/364\n|turn|16\n|\n|t:|1769445751\n|move|p1a: Banette|Destiny Bond|p1a: Banette\n|-singlemove|p1a: Banette|Destiny Bond\n|move|p2a: Vaporeon|Wish|p2a: Vaporeon\n|\n|upkeep\n|turn|17\n|\n|t:|1769445756\n|move|p1a: Banette|Knock Off|p2a: Vaporeon\n|-damage|p2a: Vaporeon|221/364\n|-enditem|p2a: Vaporeon|Leftovers|[from] move: Knock Off|[of] p1a: Banette\n|move|p2a: Vaporeon|Scald|p1a: Banette\n|-damage|p1a: Banette|0 fnt\n|faint|p1a: Banette\n|detailschange|p1: Banette|Banette, L87, M|[silent]\n|\n|-heal|p2a: Vaporeon|364/364|[from] move: Wish|[wisher] Vaporeon\n|upkeep\n|\n|t:|1769445759\n|switch|p1a: Ampharos|Ampharos, L88, M|230/302\n|turn|18\n|\n|t:|1769445767\n|move|p2a: Vaporeon|Scald|p1a: Ampharos\n|-damage|p1a: Ampharos|133/302\n|move|p1a: Ampharos|Thunderbolt|p2a: Vaporeon\n|-supereffective|p2a: Vaporeon\n|-damage|p2a: Vaporeon|140/364\n|\n|-heal|p1a: Ampharos|151/302|[from] item: Leftovers\n|upkeep\n|turn|19\n|\n|t:|1769445771\n|move|p2a: Vaporeon|Scald|p1a: Ampharos\n|-damage|p1a: Ampharos|58/302\n|move|p1a: Ampharos|Thunderbolt|p2a: Vaporeon\n|-supereffective|p2a: Vaporeon\n|-damage|p2a: Vaporeon|0 fnt\n|faint|p2a: Vaporeon\n|\n|-heal|p1a: Ampharos|76/302|[from] item: Leftovers\n|upkeep\n|\n|t:|1769445775\n|switch|p2a: Wailord|Wailord, L94, F|471/471\n|turn|20\n|\n|t:|1769445783\n|move|p2a: Wailord|Water Spout|p1a: Ampharos\n|-damage|p1a: Ampharos|0 fnt\n|faint|p1a: Ampharos\n|\n|upkeep\n|\n|t:|1769445785\n|switch|p1a: Deoxys|Deoxys, L75|199/199\n|-ability|p1a: Deoxys|Pressure\n|turn|21\n|\n|t:|1769445795\n|move|p1a: Deoxys|Superpower|p2a: Wailord\n|-crit|p2a: Wailord\n|-damage|p2a: Wailord|198/471\n|-unboost|p1a: Deoxys|atk|1\n|-unboost|p1a: Deoxys|def|1\n|-damage|p1a: Deoxys|180/199|[from] item: Life Orb\n|move|p2a: Wailord|Water Spout|p1a: Deoxys\n|-damage|p1a: Deoxys|51/199\n|\n|upkeep\n|turn|22\n|\n|t:|1769445804\n|switch|p2a: Type: Null|Type: Null, L85|99/300 tox\n|move|p1a: Deoxys|Psycho Boost|p2a: Type: Null\n|-damage|p2a: Type: Null|0 fnt\n|-unboost|p1a: Deoxys|spa|2\n|faint|p2a: Type: Null\n|-damage|p1a: Deoxys|32/199|[from] item: Life Orb\n|\n|upkeep\n|\n|t:|1769445806\n|switch|p2a: Wailord|Wailord, L94, F|198/471\n|turn|23\n|\n|t:|1769445809\n|move|p1a: Deoxys|Knock Off|p2a: Wailord\n|-damage|p2a: Wailord|108/471\n|-enditem|p2a: Wailord|Choice Scarf|[from] move: Knock Off|[of] p1a: Deoxys\n|-damage|p1a: Deoxys|13/199|[from] item: Life Orb\n|move|p2a: Wailord|Hydro Pump|p1a: Deoxys\n|-damage|p1a: Deoxys|0 fnt\n|faint|p1a: Deoxys\n|\n|upkeep\n|\n|t:|1769445811\n|switch|p1a: Furfrou|Furfrou-Star, L86, F|200/269\n|turn|24\n|-message|BigWes95 forfeited.\n|\n|win|tomkegs\n|raw|tomkegs's rating: 1619 &rarr; <strong>1651</strong><br />(+32 for winning)\n|raw|BigWes95's rating: 1858 &rarr; <strong>1826</strong><br />(-32 for losing)\n|l|☆BigWes95\n|player|p2|\n|l|☆tomkegs\n|player|p1|\n", "inputlog": ">version b99ff0165a6231f17e8b78c2a78d1998375de664\n>start {\"formatid\":\"gen7randombattle\",\"seed\":\"sodium,a454ba6b495803324a9b558f4d7a1c68\",\"rated\":\"Rated battle\"}\n>player p1 {\"name\":\"tomkegs\",\"avatar\":\"janitor\",\"rating\":1641,\"seed\":\"sodium,cb16b68f540fc986e96aeb4fda0b46ea\"}\n>player p2 {\"name\":\"BigWes95\",\"avatar\":\"#rbtt9hoopers2\",\"rating\":1850,\"seed\":\"sodium,e5b3fcf0df147e0897e10d7544b59b01\"}\n>p1 move calmmind\n>p2 move leafstorm\n>p1 move drainingkiss\n>p2 move leafstorm\n>p1 move drainingkiss\n>p2 move leafstorm\n>p1 switch 4\n>p1 move shadowclaw mega\n>p2 switch 6\n>p1 move taunt\n>p2 move spore\n>p1 move knockoff\n>p2 switch 6\n>p2 switch 3\n>p1 switch 3\n>p2 move scald\n>p1 move voltswitch\n>p2 switch 6\n>p1 switch 6\n>p1 move return\n>p2 switch 5\n>p1 move toxic\n>p2 move return\n>p1 move uturn\n>p2 move return\n>p1 switch 5\n>p1 move swordsdance\n>p2 move return\n>p1 move return\n>p2 switch 5\n>p1 switch 3\n>p2 switch 2\n>p1 move shadowclaw\n>p2 move acrobatics\n>p1 move knockoff\n>p2 move acrobatics\n>p2 switch 6\n>p1 move destinybond\n>p2 move wish\n>p1 move knockoff\n>p2 move scald\n>p1 switch 6\n>p1 move thunderbolt\n>p2 move scald\n>p1 move thunderbolt\n>p2 move scald\n>p2 switch 4\n>p1 move thunderbolt\n>p2 move waterspout\n>p1 switch 2\n>p1 move superpower\n>p2 move waterspout\n>p1 move psychoboost\n>p2 switch 5\n>p2 switch 5\n>p1 move knockoff\n>p2 move hydropump\n>p1 switch 5\n>forcelose p2", "uploadtime": 1769445846, "views": 188, "formatid": "gen7randombattle", "rating": 1651, "private": 0, "password": null}