{"id": "gen7randombattle-2530619906", "format": "[Gen 7] Random Battle", "players": ["I am G-d", "UFO VSkee"], "log": "|j|☆I am G-d\n|j|‽UFO VSkee\n|t:|1769950859\n|gametype|singles\n|player|p1|I am G-d|cynthia-masters|1555\n|player|p2|UFO VSkee|emmet|1547\n|gen|7\n|tier|[Gen 7] Random Battle\n|rated|\n|rule|Sleep Clause Mod: Limit one foe put to sleep\n|rule|HP Percentage Mod: HP is shown in percentages\n|rule|Illusion Level Mod: Illusion disguises the Pokémon's true level\n|\n|t:|1769950859\n|teamsize|p1|6\n|teamsize|p2|6\n|start\n|switch|p1a: Kecleon|Kecleon, L90, M|254/254\n|switch|p2a: Honchkrow|Honchkrow, L83, F|302/302\n|turn|1\n|inactive|Battle timer is ON: inactive players will automatically lose when time's up. (requested by UFO VSkee)\n|\n|t:|1769950867\n|switch|p2a: Togedemaru|Togedemaru, L86, F|252/252\n|move|p1a: Kecleon|Drain Punch|p2a: Togedemaru\n|-start|p1a: Kecleon|typechange|Fighting|[from] ability: Protean\n|-supereffective|p2a: Togedemaru\n|-damage|p2a: Togedemaru|0 fnt\n|faint|p2a: Togedemaru\n|-damage|p1a: Kecleon|229/254|[from] item: Life Orb\n|\n|upkeep\n|\n|t:|1769950874\n|switch|p2a: Floette|Floette-Eternal, L83, F|259/259\n|turn|2\n|\n|t:|1769950883\n|switch|p1a: Unown|Unown-I|258/258\n|move|p2a: Floette|Moonblast|p1a: Unown\n|-damage|p1a: Unown|21/258\n|-unboost|p1a: Unown|spa|1\n|\n|upkeep\n|turn|3\n|\n|t:|1769950889\n|move|p2a: Floette|Moonblast|p1a: Unown\n|-damage|p1a: Unown|0 fnt\n|faint|p1a: Unown\n|\n|upkeep\n|\n|t:|1769950895\n|switch|p1a: Escavalier|Escavalier, L85, M|258/258\n|turn|4\n|\n|t:|1769950904\n|switch|p2a: Bibarel|Bibarel, L90, M|289/289\n|move|p1a: Escavalier|Megahorn|p2a: Bibarel\n|-damage|p2a: Bibarel|0 fnt\n|faint|p2a: Bibarel\n|\n|upkeep\n|\n|t:|1769950907\n|switch|p2a: Dhelmise|Dhelmise, L91|275/275\n|turn|5\n|\n|t:|1769950917\n|switch|p1a: Rotom|Rotom-Fan, L84|221/221\n|move|p2a: Dhelmise|Knock Off|p1a: Rotom\n|-damage|p1a: Rotom|95/221\n|-enditem|p1a: Rotom|Leftovers|[from] move: Knock Off|[of] p2a: Dhelmise\n|\n|upkeep\n|turn|6\n|\n|t:|1769950924\n|move|p1a: Rotom|Pain Split|p2a: Dhelmise\n|-sethp|p2a: Dhelmise|185/275|[from] move: Pain Split|[silent]\n|-sethp|p1a: Rotom|185/221|[from] move: Pain Split\n|move|p2a: Dhelmise|Knock Off|p1a: Rotom\n|-damage|p1a: Rotom|94/221\n|\n|upkeep\n|turn|7\n|\n|t:|1769950929\n|move|p1a: Rotom|Pain Split|p2a: Dhelmise\n|-sethp|p2a: Dhelmise|139/275|[from] move: Pain Split|[silent]\n|-sethp|p1a: Rotom|139/221|[from] move: Pain Split\n|move|p2a: Dhelmise|Knock Off|p1a: Rotom\n|-damage|p1a: Rotom|46/221\n|\n|upkeep\n|turn|8\n|\n|t:|1769950932\n|move|p1a: Rotom|Air Slash|p2a: Dhelmise\n|-supereffective|p2a: Dhelmise\n|-damage|p2a: Dhelmise|0 fnt\n|faint|p2a: Dhelmise\n|\n|upkeep\n|\n|t:|1769950942\n|switch|p2a: Shiftry|Shiftry, L90, F|308/308\n|turn|9\n|\n|t:|1769950954\n|move|p2a: Shiftry|Swords Dance|p2a: Shiftry\n|-boost|p2a: Shiftry|atk|2\n|move|p1a: Rotom|Pain Split|p2a: Shiftry\n|-sethp|p2a: Shiftry|177/308|[from] move: Pain Split|[silent]\n|-sethp|p1a: Rotom|177/221|[from] move: Pain Split\n|\n|upkeep\n|turn|10\n|\n|t:|1769950961\n|move|p2a: Shiftry|Sucker Punch|p1a: Rotom\n|-damage|p1a: Rotom|0 fnt\n|faint|p1a: Rotom\n|-damage|p2a: Shiftry|147/308|[from] item: Life Orb\n|\n|upkeep\n|\n|t:|1769950975\n|switch|p1a: Floette|Floette-Eternal, L83, F|259/259\n|turn|11\n|\n|t:|1769950980\n|move|p2a: Shiftry|Sucker Punch|p1a: Floette\n|-resisted|p1a: Floette\n|-damage|p1a: Floette|117/259\n|-damage|p2a: Shiftry|117/308|[from] item: Life Orb\n|move|p1a: Floette|Moonblast|p2a: Shiftry\n|-supereffective|p2a: Shiftry\n|-damage|p2a: Shiftry|0 fnt\n|faint|p2a: Shiftry\n|\n|upkeep\n|\n|t:|1769950983\n|switch|p2a: Floette|Floette-Eternal, L83, F|259/259\n|turn|12\n|\n|t:|1769950990\n|move|p1a: Floette|Moonblast|p2a: Floette\n|-damage|p2a: Floette|118/259\n|move|p2a: Floette|Moonblast|p1a: Floette\n|-damage|p1a: Floette|0 fnt\n|faint|p1a: Floette\n|\n|upkeep\n|\n|t:|1769951001\n|switch|p1a: Kecleon|Kecleon, L90, M|229/254\n|turn|13\n|\n|t:|1769951014\n|move|p2a: Floette|Moonblast|p1a: Kecleon\n|-damage|p1a: Kecleon|87/254\n|move|p1a: Kecleon|Drain Punch|p2a: Floette\n|-start|p1a: Kecleon|typechange|Fighting|[from] ability: Protean\n|-resisted|p2a: Floette\n|-damage|p2a: Floette|52/259\n|-heal|p1a: Kecleon|120/254|[from] drain|[of] p2a: Floette\n|-damage|p1a: Kecleon|95/254|[from] item: Life Orb\n|\n|upkeep\n|turn|14\n|\n|t:|1769951022\n|move|p1a: Kecleon|Shadow Sneak|p2a: Floette\n|-start|p1a: Kecleon|typechange|Ghost|[from] ability: Protean\n|-damage|p2a: Floette|0 fnt\n|faint|p2a: Floette\n|-damage|p1a: Kecleon|70/254|[from] item: Life Orb\n|\n|upkeep\n|\n|t:|1769951027\n|switch|p2a: Honchkrow|Honchkrow, L83, F|302/302\n|turn|15\n|\n|t:|1769951032\n|-activate|p1a: Kecleon|move: Pursuit\n|move|p2a: Honchkrow|Pursuit|p1a: Kecleon|[from] Pursuit\n|-supereffective|p1a: Kecleon\n|-damage|p1a: Kecleon|0 fnt\n|faint|p1a: Kecleon\n|-ability|p2a: Honchkrow|Moxie|boost\n|-boost|p2a: Honchkrow|atk|1\n|-damage|p2a: Honchkrow|272/302|[from] item: Life Orb\n|-hint|A Pokemon can't switch between when it runs out of HP and when it faints\n|\n|upkeep\n|\n|t:|1769951035\n|switch|p1a: Escavalier|Escavalier, L85, M|258/258\n|turn|16\n|\n|t:|1769951038\n|move|p2a: Honchkrow|Brave Bird|p1a: Escavalier\n|-damage|p1a: Escavalier|1/258\n|-damage|p2a: Honchkrow|187/302|[from] Recoil\n|-damage|p2a: Honchkrow|157/302|[from] item: Life Orb\n|move|p1a: Escavalier|Megahorn|p2a: Honchkrow\n|-damage|p2a: Honchkrow|0 fnt\n|faint|p2a: Honchkrow\n|\n|win|I am G-d\n|raw|I am G-d's rating: 1555 &rarr; <strong>1575</strong><br />(+20 for winning)\n|raw|UFO VSkee's rating: 1547 &rarr; <strong>1527</strong><br />(-20 for losing)\n", "inputlog": ">version b99ff0165a6231f17e8b78c2a78d1998375de664\n>start {\"formatid\":\"gen7randombattle\",\"seed\":\"sodium,4c497136500cff01cbbcdc4f3a3fdc0b\",\"rated\":\"Rated battle\"}\n>player p1 {\"name\":\"I am G-d\",\"avatar\":\"cynthia-masters\",\"rating\":1555,\"seed\":\"sodium,8e7b7fef59279c86992f573921b333a8\"}\n>player p2 {\"name\":\"UFO VSkee\",\"avatar\":\"emmet\",\"rating\":1547,\"seed\":\"sodium,9bc506b6a5447db98b588aa155783907\"}\n>p1 move drainpunch\n>p2 switch 5\n>p2 switch 2\n>p1 switch 5\n>p2 move moonblast\n>p1 move hiddenpower\n>p2 move moonblast\n>p1 switch 6\n>p1 move megahorn\n>p2 switch 3\n>p2 switch 4\n>p1 switch 2\n>p2 move knockoff\n>p1 move painsplit\n>p2 move knockoff\n>p1 move painsplit\n>p2 move knockoff\n>p1 move airslash\n>p2 move knockoff\n>p2 switch 6\n>p1 move painsplit\n>p2 move swordsdance\n>p1 move airslash\n>p2 move suckerpunch\n>p1 switch 4\n>p1 move moonblast\n>p2 move suckerpunch\n>p2 switch 3\n>p1 move moonblast\n>p2 move moonblast\n>p1 switch 5\n>p1 move drainpunch\n>p2 move moonblast\n>p1 move shadowsneak\n>p2 move moonblast\n>p2 switch 5\n>p1 switch 2\n>p2 move pursuit\n>p1 switch 2\n>p1 move megahorn\n>p2 move bravebird", "uploadtime": 1769951041, "views": 173, "formatid": "gen7randombattle", "rating": 1527, "private": 0, "password": null}