{"id": "gen7randombattle-2537768587", "format": "[Gen 7] Random Battle", "players": ["Snoop Rogue", "La.Hellhound"], "log": "|j|☆Snoop Rogue\n|j|‽La.Hellhound\n|t:|1770846171\n|gametype|singles\n|player|p1|Snoop Rogue|koga-lgpe|1557\n|player|p2|La.Hellhound|bruno|1713\n|gen|7\n|tier|[Gen 7] Random Battle\n|rated|\n|rule|Sleep Clause Mod: Limit one foe put to sleep\n|rule|HP Percentage Mod: HP is shown in percentages\n|rule|Illusion Level Mod: Illusion disguises the Pokémon's true level\n|\n|t:|1770846171\n|teamsize|p1|6\n|teamsize|p2|6\n|start\n|switch|p1a: Bisharp|Bisharp, L82, M|241/241\n|switch|p2a: Xurkitree|Xurkitree, L80|264/264\n|turn|1\n|inactive|Battle timer is ON: inactive players will automatically lose when time's up. (requested by La.Hellhound)\n|inactive|Snoop Rogue also wants the timer to be on.\n|\n|t:|1770846187\n|move|p2a: Xurkitree|Thunderbolt|p1a: Bisharp\n|-damage|p1a: Bisharp|15/241\n|-damage|p2a: Xurkitree|238/264|[from] item: Life Orb\n|move|p1a: Bisharp|Knock Off|p2a: Xurkitree\n|-damage|p2a: Xurkitree|63/264\n|-enditem|p2a: Xurkitree|Life Orb|[from] move: Knock Off|[of] p1a: Bisharp\n|-damage|p1a: Bisharp|0 fnt|[from] item: Life Orb\n|faint|p1a: Bisharp\n|\n|upkeep\n|\n|t:|1770846195\n|switch|p1a: Uxie|Uxie, L82|257/257\n|turn|2\n|\n|t:|1770846199\n|switch|p2a: Empoleon|Empoleon, L83, M|275/275\n|move|p1a: Uxie|Psychic|p2a: Empoleon\n|-resisted|p2a: Empoleon\n|-crit|p2a: Empoleon\n|-damage|p2a: Empoleon|220/275\n|\n|-heal|p2a: Empoleon|237/275|[from] item: Leftovers\n|upkeep\n|turn|3\n|\n|t:|1770846208\n|move|p1a: Uxie|Knock Off|p2a: Empoleon\n|-damage|p2a: Empoleon|180/275\n|-enditem|p2a: Empoleon|Leftovers|[from] move: Knock Off|[of] p1a: Uxie\n|move|p2a: Empoleon|Toxic|p1a: Uxie|[miss]\n|-miss|p2a: Empoleon|p1a: Uxie\n|\n|upkeep\n|turn|4\n|\n|t:|1770846226\n|move|p1a: Uxie|Yawn|p2a: Empoleon\n|-start|p2a: Empoleon|move: Yawn|[of] p1a: Uxie\n|move|p2a: Empoleon|Toxic|p1a: Uxie|[miss]\n|-miss|p2a: Empoleon|p1a: Uxie\n|\n|upkeep\n|turn|5\n|\n|t:|1770846232\n|move|p1a: Uxie|Knock Off|p2a: Empoleon\n|-damage|p2a: Empoleon|141/275\n|move|p2a: Empoleon|Toxic|p1a: Uxie|[miss]\n|-miss|p2a: Empoleon|p1a: Uxie\n|\n|-end|p2a: Empoleon|move: Yawn|[silent]\n|-status|p2a: Empoleon|slp\n|upkeep\n|turn|6\n|\n|t:|1770846242\n|switch|p1a: Zebstrika|Zebstrika, L88, M|275/275\n|switch|p2a: Silvally|Silvally-Water, L87|307/307\n|\n|upkeep\n|turn|7\n|\n|t:|1770846250\n|switch|p2a: Thundurus|Thundurus-Therian, L80, M|258/258\n|move|p1a: Zebstrika|Wild Charge|p2a: Thundurus\n|-immune|p2a: Thundurus|[from] ability: Volt Absorb\n|\n|upkeep\n|turn|8\n|\n|t:|1770846258\n|move|p1a: Zebstrika|Hidden Power|p2a: Thundurus\n|-supereffective|p2a: Thundurus\n|-damage|p2a: Thundurus|148/258\n|move|p2a: Thundurus|Hidden Power|p1a: Zebstrika\n|-resisted|p1a: Zebstrika\n|-damage|p1a: Zebstrika|198/275\n|\n|upkeep\n|turn|9\n|\n|t:|1770846268\n|switch|p2a: Kangaskhan|Kangaskhan, L75, F|281/281\n|move|p1a: Zebstrika|Hidden Power|p2a: Kangaskhan\n|-damage|p2a: Kangaskhan|233/281\n|\n|upkeep\n|turn|10\n|\n|t:|1770846278\n|switch|p1a: Uxie|Uxie, L82|257/257\n|detailschange|p2a: Kangaskhan|Kangaskhan-Mega, L75, F\n|-mega|p2a: Kangaskhan|Kangaskhan|Kangaskhanite\n|move|p2a: Kangaskhan|Seismic Toss|p1a: Uxie\n|-damage|p1a: Uxie|182/257\n|-damage|p1a: Uxie|107/257\n|-hitcount|p1a: Uxie|2\n|\n|-heal|p1a: Uxie|123/257|[from] item: Leftovers\n|upkeep\n|turn|11\n|\n|t:|1770846287\n|move|p1a: Uxie|Psychic|p2a: Kangaskhan\n|-damage|p2a: Kangaskhan|154/281\n|move|p2a: Kangaskhan|Seismic Toss|p1a: Uxie\n|-damage|p1a: Uxie|48/257\n|-damage|p1a: Uxie|0 fnt\n|faint|p1a: Uxie\n|-hitcount|p1: Uxie|2\n|\n|upkeep\n|\n|t:|1770846292\n|switch|p1a: Lurantis|Lurantis, L90, M|272/272\n|turn|12\n|\n|t:|1770846300\n|move|p2a: Kangaskhan|Seismic Toss|p1a: Lurantis\n|-damage|p1a: Lurantis|197/272\n|-damage|p1a: Lurantis|122/272\n|-hitcount|p1a: Lurantis|2\n|move|p1a: Lurantis|Superpower|p2a: Kangaskhan\n|-supereffective|p2a: Kangaskhan\n|-damage|p2a: Kangaskhan|0 fnt\n|-boost|p1a: Lurantis|atk|1\n|-boost|p1a: Lurantis|def|1\n|faint|p2a: Kangaskhan\n|detailschange|p2: Kangaskhan|Kangaskhan, L75, F|[silent]\n|\n|-heal|p1a: Lurantis|139/272|[from] item: Leftovers\n|upkeep\n|\n|t:|1770846315\n|switch|p2a: Thundurus|Thundurus-Therian, L80, M|148/258\n|turn|13\n|\n|t:|1770846323\n|move|p2a: Thundurus|Hidden Power|p1a: Lurantis\n|-supereffective|p1a: Lurantis\n|-damage|p1a: Lurantis|0 fnt\n|faint|p1a: Lurantis\n|\n|upkeep\n|\n|t:|1770846328\n|switch|p1a: Zebstrika|Zebstrika, L88, M|198/275\n|turn|14\n|\n|t:|1770846337\n|switch|p2a: Empoleon|Empoleon, L83, M|141/275 slp\n|move|p1a: Zebstrika|Wild Charge|p2a: Empoleon\n|-supereffective|p2a: Empoleon\n|-damage|p2a: Empoleon|0 fnt\n|faint|p2a: Empoleon\n|-damage|p1a: Zebstrika|163/275|[from] Recoil\n|\n|upkeep\n|\n|t:|1770846345\n|switch|p2a: Chesnaught|Chesnaught, L89, M|301/301\n|turn|15\n|\n|t:|1770846349\n|move|p1a: Zebstrika|Volt Switch|p2a: Chesnaught\n|-resisted|p2a: Chesnaught\n|-damage|p2a: Chesnaught|264/301\n|\n|t:|1770846351\n|switch|p1a: Passimian|Passimian, L84, F|305/305|[from] Volt Switch\n|move|p2a: Chesnaught|Drain Punch|p1a: Passimian\n|-damage|p1a: Passimian|217/305\n|-heal|p2a: Chesnaught|301/301|[from] drain|[of] p1a: Passimian\n|\n|upkeep\n|turn|16\n|\n|t:|1770846359\n|move|p1a: Passimian|Close Combat|p2a: Chesnaught\n|-crit|p2a: Chesnaught\n|-damage|p2a: Chesnaught|60/301\n|-unboost|p1a: Passimian|def|1\n|-unboost|p1a: Passimian|spd|1\n|move|p2a: Chesnaught|Leech Seed|p1a: Passimian\n|-start|p1a: Passimian|move: Leech Seed\n|\n|-heal|p2a: Chesnaught|78/301|[from] item: Leftovers\n|-damage|p1a: Passimian|179/305|[from] Leech Seed|[of] p2a: Chesnaught\n|-heal|p2a: Chesnaught|116/301|[silent]\n|upkeep\n|turn|17\n|\n|t:|1770846369\n|switch|p1a: Zebstrika|Zebstrika, L88, M|163/275\n|move|p2a: Chesnaught|Spiky Shield||[still]\n|-fail|p2a: Chesnaught\n|\n|-heal|p2a: Chesnaught|134/301|[from] item: Leftovers\n|upkeep\n|turn|18\n|\n|t:|1770846376\n|move|p2a: Chesnaught|Spiky Shield|p2a: Chesnaught\n|-singleturn|p2a: Chesnaught|move: Protect\n|move|p1a: Zebstrika|Overheat|p2a: Chesnaught\n|-activate|p2a: Chesnaught|move: Protect\n|\n|-heal|p2a: Chesnaught|152/301|[from] item: Leftovers\n|upkeep\n|turn|19\n|\n|t:|1770846383\n|switch|p2a: Thundurus|Thundurus-Therian, L80, M|148/258\n|move|p1a: Zebstrika|Volt Switch|p2a: Thundurus\n|-heal|p2a: Thundurus|212/258|[from] ability: Volt Absorb|[of] p1a: Zebstrika\n|\n|upkeep\n|turn|20\n|\n|t:|1770846391\n|move|p1a: Zebstrika|Hidden Power|p2a: Thundurus\n|-supereffective|p2a: Thundurus\n|-damage|p2a: Thundurus|99/258\n|move|p2a: Thundurus|Focus Blast|p1a: Zebstrika\n|-damage|p1a: Zebstrika|0 fnt\n|faint|p1a: Zebstrika\n|\n|upkeep\n|\n|t:|1770846396\n|switch|p1a: Passimian|Passimian, L84, F|179/305\n|turn|21\n|\n|t:|1770846409\n|switch|p2a: Xurkitree|Xurkitree, L80|63/264\n|move|p1a: Passimian|Close Combat|p2a: Xurkitree\n|-damage|p2a: Xurkitree|0 fnt\n|-unboost|p1a: Passimian|def|1\n|-unboost|p1a: Passimian|spd|1\n|faint|p2a: Xurkitree\n|\n|upkeep\n|\n|t:|1770846417\n|switch|p2a: Thundurus|Thundurus-Therian, L80, M|99/258\n|turn|22\n|\n|t:|1770846421\n|move|p2a: Thundurus|Volt Switch|p1a: Passimian\n|-damage|p1a: Passimian|0 fnt\n|faint|p1a: Passimian\n|\n|t:|1770846427\n|switch|p2a: Silvally|Silvally-Water, L87|307/307|[from] Volt Switch\n|\n|upkeep\n|-message|Snoop Rogue forfeited.\n|\n|win|La.Hellhound\n|raw|Snoop Rogue's rating: 1557 &rarr; <strong>1545</strong><br />(-12 for losing)\n|raw|La.Hellhound's rating: 1713 &rarr; <strong>1725</strong><br />(+12 for winning)\n|l|☆Snoop Rogue\n|player|p1|\n", "inputlog": ">version ccdc32dd7cde25fd9e4bed64820e885f66e78a4e\n>start {\"formatid\":\"gen7randombattle\",\"seed\":\"sodium,6ee5232a9523788a27d3d0dbb0a9b93b\",\"rated\":\"Rated battle\"}\n>player p1 {\"name\":\"Snoop Rogue\",\"avatar\":\"koga-lgpe\",\"rating\":1557,\"seed\":\"sodium,1f7003f2fd0d9ca73bccada184ccb64e\"}\n>player p2 {\"name\":\"La.Hellhound\",\"avatar\":\"bruno\",\"rating\":1713,\"seed\":\"sodium,c7d597232430269c4ad5a7a48f243696\"}\n>p1 move knockoff\n>p2 move thunderbolt\n>p1 switch 3\n>p1 move psychic\n>p2 switch 5\n>p1 move knockoff\n>p2 move toxic\n>p1 move yawn\n>p2 move toxic\n>p1 move knockoff\n>p2 move toxic\n>p1 switch 6\n>p2 switch 3\n>p1 move wildcharge\n>p2 switch 2\n>p1 move hiddenpower\n>p2 move hiddenpower\n>p1 move hiddenpower\n>p2 switch 4\n>p1 switch 6\n>p2 move seismictoss mega\n>p1 move psychic\n>p2 move seismictoss\n>p1 switch 5\n>p1 move superpower\n>p2 move seismictoss\n>p2 switch 4\n>p1 move synthesis\n>p2 move hiddenpower\n>p1 switch 6\n>p1 move wildcharge\n>p2 switch 3\n>p2 switch 6\n>p1 move voltswitch\n>p2 move drainpunch\n>p1 switch 4\n>p1 move closecombat\n>p2 move leechseed\n>p1 switch 4\n>p2 move spikyshield\n>p1 move overheat\n>p2 move spikyshield\n>p1 move voltswitch\n>p2 switch 3\n>p1 move hiddenpower\n>p2 move focusblast\n>p1 switch 4\n>p1 move closecombat\n>p2 switch 5\n>p2 switch 5\n>p1 move closecombat\n>p2 move voltswitch\n>p2 switch 2\n>forcelose p1", "uploadtime": 1770846432, "views": 224, "formatid": "gen7randombattle", "rating": 1545, "private": 0, "password": null}