{"id": "gen7randombattle-2535834773", "format": "[Gen 7] Random Battle", "players": ["ArchenWarrior", "notskr34"], "log": "|j|☆ArchenWarrior\n|j|☆notskr34\n|t:|1770617144\n|gametype|singles\n|player|p1|ArchenWarrior|proton|1878\n|player|p2|notskr34|giovanni|1703\n|gen|7\n|tier|[Gen 7] Random Battle\n|rated|\n|rule|Sleep Clause Mod: Limit one foe put to sleep\n|rule|HP Percentage Mod: HP is shown in percentages\n|rule|Illusion Level Mod: Illusion disguises the Pokémon's true level\n|\n|t:|1770617144\n|teamsize|p1|6\n|teamsize|p2|6\n|start\n|switch|p1a: Comfey|Comfey, L87, F|230/230\n|switch|p2a: Rhydon|Rhydon, L85, F|317/317\n|turn|1\n|\n|t:|1770617178\n|switch|p2a: Venusaur|Venusaur, L78, M|253/253\n|move|p1a: Comfey|Calm Mind|p1a: Comfey\n|-boost|p1a: Comfey|spa|1\n|-boost|p1a: Comfey|spd|1\n|\n|upkeep\n|turn|2\n|\n|t:|1770617205\n|switch|p1a: Magearna|Magearna, L77|250/250\n|switch|p2a: Aromatisse|Aromatisse, L91, M|332/332\n|\n|upkeep\n|turn|3\n|\n|t:|1770617219\n|switch|p2a: Venusaur|Venusaur, L78, M|253/253\n|move|p1a: Magearna|Fleur Cannon|p2a: Venusaur\n|-resisted|p2a: Venusaur\n|-damage|p2a: Venusaur|185/253\n|-unboost|p1a: Magearna|spa|2\n|\n|upkeep\n|turn|4\n|\n|t:|1770617231\n|detailschange|p2a: Venusaur|Venusaur-Mega, L78, M\n|-mega|p2a: Venusaur|Venusaur|Venusaurite\n|move|p2a: Venusaur|Sludge Bomb|p1a: Magearna\n|-immune|p1a: Magearna\n|move|p1a: Magearna|Thunder Wave|p2a: Venusaur\n|-status|p2a: Venusaur|par\n|\n|upkeep\n|turn|5\n|\n|t:|1770617242\n|switch|p1a: Oricorio|Oricorio-Pa'u, L91, M|284/284\n|move|p2a: Venusaur|Earthquake|p1a: Oricorio\n|-immune|p1a: Oricorio\n|\n|upkeep\n|turn|6\n|\n|t:|1770617257\n|switch|p2a: Latios|Latios, L78, M|253/253\n|move|p1a: Oricorio|Toxic|p2a: Latios\n|-status|p2a: Latios|tox\n|\n|-damage|p2a: Latios|238/253 tox|[from] psn\n|upkeep\n|turn|7\n|\n|t:|1770617267\n|switch|p1a: Magearna|Magearna, L77|250/250\n|move|p2a: Latios|Calm Mind|p2a: Latios\n|-boost|p2a: Latios|spa|1\n|-boost|p2a: Latios|spd|1\n|\n|-damage|p2a: Latios|208/253 tox|[from] psn\n|upkeep\n|turn|8\n|\n|t:|1770617276\n|switch|p2a: Venusaur|Venusaur-Mega, L78, M|185/253 par\n|move|p1a: Magearna|Fleur Cannon|p2a: Venusaur\n|-resisted|p2a: Venusaur\n|-damage|p2a: Venusaur|120/253 par\n|-unboost|p1a: Magearna|spa|2\n|\n|upkeep\n|turn|9\n|\n|t:|1770617283\n|switch|p1a: Oricorio|Oricorio-Pa'u, L91, M|284/284\n|move|p2a: Venusaur|Sludge Bomb|p1a: Oricorio\n|-damage|p1a: Oricorio|178/284\n|-status|p1a: Oricorio|psn\n|\n|-heal|p1a: Oricorio|195/284 psn|[from] item: Leftovers\n|-damage|p1a: Oricorio|160/284 psn|[from] psn\n|upkeep\n|turn|10\n|\n|t:|1770617293\n|switch|p2a: Aromatisse|Aromatisse, L91, M|332/332\n|move|p1a: Oricorio|Roost|p1a: Oricorio\n|-heal|p1a: Oricorio|284/284 psn\n|-singleturn|p1a: Oricorio|move: Roost\n|\n|-damage|p1a: Oricorio|249/284 psn|[from] psn\n|upkeep\n|turn|11\n|\n|t:|1770617304\n|switch|p1a: Magearna|Magearna, L77|250/250\n|move|p2a: Aromatisse|Protect||[still]\n|-fail|p2a: Aromatisse\n|\n|upkeep\n|turn|12\n|\n|t:|1770617312\n|move|p1a: Magearna|Heal Bell|p1a: Magearna\n|-activate|p1a: Magearna|move: Heal Bell\n|-curestatus|p1: Oricorio|psn|[msg]\n|move|p2a: Aromatisse|Wish|p2a: Aromatisse\n|\n|upkeep\n|turn|13\n|\n|t:|1770617318\n|switch|p1a: Oricorio|Oricorio-Pa'u, L91, M|249/284\n|switch|p2a: Venusaur|Venusaur-Mega, L78, M|120/253 par\n|\n|-heal|p2a: Venusaur|253/253 par|[from] move: Wish|[wisher] Aromatisse\n|-heal|p1a: Oricorio|266/284|[from] item: Leftovers\n|upkeep\n|turn|14\n|\n|t:|1770617329\n|switch|p2a: Rhydon|Rhydon, L85, F|317/317\n|move|p1a: Oricorio|Revelation Dance|p2a: Rhydon\n|-damage|p2a: Rhydon|199/317\n|\n|-heal|p1a: Oricorio|283/284|[from] item: Leftovers\n|upkeep\n|turn|15\n|\n|t:|1770617336\n|switch|p1a: Comfey|Comfey, L87, F|230/230\n|move|p2a: Rhydon|Stealth Rock|p1a: Comfey\n|-sidestart|p1: ArchenWarrior|move: Stealth Rock\n|\n|upkeep\n|turn|16\n|\n|t:|1770617343\n|switch|p2a: Venusaur|Venusaur-Mega, L78, M|253/253 par\n|move|p1a: Comfey|Hidden Power|p2a: Venusaur\n|-damage|p2a: Venusaur|221/253 par\n|\n|upkeep\n|turn|17\n|\n|t:|1770617384\n|move|p1a: Comfey|Calm Mind|p1a: Comfey\n|-boost|p1a: Comfey|spa|1\n|-boost|p1a: Comfey|spd|1\n|move|p2a: Venusaur|Earthquake|p1a: Comfey\n|-damage|p1a: Comfey|174/230\n|\n|-heal|p1a: Comfey|188/230|[from] item: Leftovers\n|upkeep\n|turn|18\n|\n|t:|1770617433\n|switch|p2a: Aromatisse|Aromatisse, L91, M|332/332\n|move|p1a: Comfey|Hidden Power|p2a: Aromatisse\n|-damage|p2a: Aromatisse|277/332\n|\n|-heal|p1a: Comfey|202/230|[from] item: Leftovers\n|-heal|p2a: Aromatisse|297/332|[from] item: Leftovers\n|upkeep\n|turn|19\n|inactive|Battle timer is ON: inactive players will automatically lose when time's up. (requested by notskr34)\n|\n|t:|1770617459\n|move|p1a: Comfey|Calm Mind|p1a: Comfey\n|-boost|p1a: Comfey|spa|1\n|-boost|p1a: Comfey|spd|1\n|move|p2a: Aromatisse|Moonblast|p1a: Comfey\n|-damage|p1a: Comfey|154/230\n|-unboost|p1a: Comfey|spa|1\n|\n|-heal|p1a: Comfey|168/230|[from] item: Leftovers\n|-heal|p2a: Aromatisse|317/332|[from] item: Leftovers\n|upkeep\n|turn|20\n|\n|t:|1770617465\n|move|p1a: Comfey|Draining Kiss|p2a: Aromatisse\n|-damage|p2a: Aromatisse|248/332\n|-heal|p1a: Comfey|220/230|[from] drain|[of] p2a: Aromatisse\n|move|p2a: Aromatisse|Toxic|p1a: Comfey\n|-status|p1a: Comfey|tox\n|\n|-heal|p1a: Comfey|230/230 tox|[from] item: Leftovers\n|-heal|p2a: Aromatisse|268/332|[from] item: Leftovers\n|-damage|p1a: Comfey|216/230 tox|[from] psn\n|upkeep\n|turn|21\n|\n|t:|1770617470\n|switch|p1a: Magearna|Magearna, L77|250/250\n|-damage|p1a: Magearna|235/250|[from] Stealth Rock\n|move|p2a: Aromatisse|Moonblast|p1a: Magearna\n|-resisted|p1a: Magearna\n|-damage|p1a: Magearna|185/250\n|-unboost|p1a: Magearna|spa|1\n|\n|-heal|p1a: Magearna|200/250|[from] item: Leftovers\n|-heal|p2a: Aromatisse|288/332|[from] item: Leftovers\n|upkeep\n|turn|22\n|\n|t:|1770617478\n|move|p1a: Magearna|Thunder Wave|p2a: Aromatisse\n|-status|p2a: Aromatisse|par\n|move|p2a: Aromatisse|Wish|p2a: Aromatisse\n|\n|-heal|p1a: Magearna|215/250|[from] item: Leftovers\n|-heal|p2a: Aromatisse|308/332 par|[from] item: Leftovers\n|upkeep\n|turn|23\n|\n|t:|1770617493\n|move|p1a: Magearna|Aura Sphere|p2a: Aromatisse\n|-resisted|p2a: Aromatisse\n|-damage|p2a: Aromatisse|289/332 par\n|move|p2a: Aromatisse|Moonblast|p1a: Magearna\n|-resisted|p1a: Magearna\n|-damage|p1a: Magearna|161/250\n|\n|-heal|p2a: Aromatisse|332/332 par|[from] move: Wish|[wisher] Aromatisse\n|-heal|p1a: Magearna|176/250|[from] item: Leftovers\n|upkeep\n|turn|24\n|\n|t:|1770617511\n|switch|p1a: Rapidash|Rapidash, L87, M|255/255\n|-damage|p1a: Rapidash|192/255|[from] Stealth Rock\n|move|p2a: Aromatisse|Wish|p2a: Aromatisse\n|\n|upkeep\n|turn|25\n|\n|t:|1770617522\n|switch|p2a: Venusaur|Venusaur-Mega, L78, M|221/253 par\n|move|p1a: Rapidash|High Horsepower|p2a: Venusaur\n|-damage|p2a: Venusaur|138/253 par\n|\n|-heal|p2a: Venusaur|253/253 par|[from] move: Wish|[wisher] Aromatisse\n|upkeep\n|turn|26\n|inactive|ArchenWarrior has 120 seconds left.\n|\n|t:|1770617545\n|move|p1a: Rapidash|High Horsepower|p2a: Venusaur\n|-damage|p2a: Venusaur|155/253 par\n|move|p2a: Venusaur|Sludge Bomb|p1a: Rapidash\n|-damage|p1a: Rapidash|92/255\n|\n|upkeep\n|turn|27\n|\n|t:|1770617553\n|move|p1a: Rapidash|High Horsepower|p2a: Venusaur\n|-damage|p2a: Venusaur|67/253 par\n|move|p2a: Venusaur|Synthesis|p2a: Venusaur\n|-heal|p2a: Venusaur|193/253 par\n|\n|upkeep\n|turn|28\n|\n|t:|1770617560\n|switch|p2a: Latios|Latios, L78, M|208/253 tox\n|move|p1a: Rapidash|High Horsepower|p2a: Latios\n|-immune|p2a: Latios|[from] ability: Levitate\n|\n|-damage|p2a: Latios|193/253 tox|[from] psn\n|upkeep\n|turn|29\n|\n|t:|1770617566\n|switch|p1a: Magearna|Magearna, L77|176/250\n|-damage|p1a: Magearna|161/250|[from] Stealth Rock\n|move|p2a: Latios|Calm Mind|p2a: Latios\n|-boost|p2a: Latios|spa|1\n|-boost|p2a: Latios|spd|1\n|\n|-heal|p1a: Magearna|176/250|[from] item: Leftovers\n|-damage|p2a: Latios|163/253 tox|[from] psn\n|upkeep\n|turn|30\n|\n|t:|1770617579\n|move|p2a: Latios|Psyshock|p1a: Magearna\n|-resisted|p1a: Magearna\n|-damage|p1a: Magearna|114/250\n|move|p1a: Magearna|Fleur Cannon|p2a: Latios\n|-supereffective|p2a: Latios\n|-damage|p2a: Latios|1/253 tox\n|-unboost|p1a: Magearna|spa|2\n|\n|-heal|p1a: Magearna|129/250|[from] item: Leftovers\n|-damage|p2a: Latios|0 fnt|[from] psn\n|faint|p2a: Latios\n|-ability|p1a: Magearna|Soul-Heart|boost\n|-boost|p1a: Magearna|spa|1\n|upkeep\n|\n|t:|1770617585\n|switch|p2a: Rhydon|Rhydon, L85, F|199/317\n|turn|31\n|inactive|ArchenWarrior has 120 seconds left.\n|\n|t:|1770617627\n|switch|p1a: Rapidash|Rapidash, L87, M|92/255\n|-damage|p1a: Rapidash|29/255|[from] Stealth Rock\n|move|p2a: Rhydon|Earthquake|p1a: Rapidash\n|-supereffective|p1a: Rapidash\n|-damage|p1a: Rapidash|0 fnt\n|faint|p1a: Rapidash\n|\n|upkeep\n|\n|t:|1770617631\n|switch|p1a: Comfey|Comfey, L87, F|216/230 tox\n|-damage|p1a: Comfey|188/230 tox|[from] Stealth Rock\n|turn|32\n|inactive|ArchenWarrior has 120 seconds left.\n|\n|t:|1770617639\n|switch|p1a: Oricorio|Oricorio-Pa'u, L91, M|283/284\n|-damage|p1a: Oricorio|212/284|[from] Stealth Rock\n|move|p2a: Rhydon|Earthquake|p1a: Oricorio\n|-immune|p1a: Oricorio\n|\n|-heal|p1a: Oricorio|229/284|[from] item: Leftovers\n|upkeep\n|turn|33\n|\n|t:|1770617645\n|switch|p1a: Comfey|Comfey, L87, F|188/230 tox\n|-damage|p1a: Comfey|160/230 tox|[from] Stealth Rock\n|move|p2a: Rhydon|Stone Edge|p1a: Comfey\n|-damage|p1a: Comfey|30/230 tox\n|\n|-heal|p1a: Comfey|44/230 tox|[from] item: Leftovers\n|-damage|p1a: Comfey|30/230 tox|[from] psn\n|upkeep\n|turn|34\n|\n|t:|1770617655\n|switch|p2a: Venusaur|Venusaur-Mega, L78, M|193/253 par\n|move|p1a: Comfey|Giga Drain|p2a: Venusaur\n|-resisted|p2a: Venusaur\n|-damage|p2a: Venusaur|182/253 par\n|-heal|p1a: Comfey|36/230 tox|[from] drain|[of] p2a: Venusaur\n|\n|-heal|p1a: Comfey|50/230 tox|[from] item: Leftovers\n|-damage|p1a: Comfey|22/230 tox|[from] psn\n|upkeep\n|turn|35\n|\n|t:|1770617667\n|move|p1a: Comfey|Hidden Power|p2a: Venusaur\n|-damage|p2a: Venusaur|148/253 par\n|move|p2a: Venusaur|Earthquake|p1a: Comfey\n|-damage|p1a: Comfey|0 fnt\n|faint|p1a: Comfey\n|\n|upkeep\n|\n|t:|1770617672\n|switch|p1a: Oricorio|Oricorio-Pa'u, L91, M|229/284\n|-damage|p1a: Oricorio|158/284|[from] Stealth Rock\n|turn|36\n|\n|t:|1770617685\n|switch|p2a: Aromatisse|Aromatisse, L91, M|332/332 par\n|move|p1a: Oricorio|Revelation Dance|p2a: Aromatisse\n|-damage|p2a: Aromatisse|226/332 par\n|\n|-heal|p1a: Oricorio|175/284|[from] item: Leftovers\n|-heal|p2a: Aromatisse|246/332 par|[from] item: Leftovers\n|upkeep\n|turn|37\n|\n|t:|1770617698\n|move|p1a: Oricorio|Hurricane|p2a: Aromatisse\n|-damage|p2a: Aromatisse|117/332 par\n|cant|p2a: Aromatisse|par\n|\n|-heal|p1a: Oricorio|192/284|[from] item: Leftovers\n|-heal|p2a: Aromatisse|137/332 par|[from] item: Leftovers\n|upkeep\n|turn|38\n|\n|t:|1770617708\n|move|p2a: Aromatisse|Protect|p2a: Aromatisse\n|-singleturn|p2a: Aromatisse|Protect\n|move|p1a: Oricorio|Hurricane|p2a: Aromatisse\n|-activate|p2a: Aromatisse|move: Protect\n|\n|-heal|p1a: Oricorio|209/284|[from] item: Leftovers\n|-heal|p2a: Aromatisse|157/332 par|[from] item: Leftovers\n|upkeep\n|turn|39\n|\n|t:|1770617713\n|move|p1a: Oricorio|Hurricane|p2a: Aromatisse\n|-damage|p2a: Aromatisse|40/332 par\n|move|p2a: Aromatisse|Wish|p2a: Aromatisse\n|\n|-heal|p1a: Oricorio|226/284|[from] item: Leftovers\n|-heal|p2a: Aromatisse|60/332 par|[from] item: Leftovers\n|upkeep\n|turn|40\n|\n|t:|1770617723\n|cant|p2a: Aromatisse|par\n|move|p1a: Oricorio|Revelation Dance|p2a: Aromatisse\n|-damage|p2a: Aromatisse|0 fnt\n|faint|p2a: Aromatisse\n|\n|-heal|p1a: Oricorio|243/284|[from] item: Leftovers\n|upkeep\n|\n|t:|1770617728\n|switch|p2a: Rhydon|Rhydon, L85, F|199/317\n|turn|41\n|inactive|ArchenWarrior has 120 seconds left.\n|\n|t:|1770617759\n|switch|p1a: Magearna|Magearna, L77|129/250\n|-damage|p1a: Magearna|114/250|[from] Stealth Rock\n|move|p2a: Rhydon|Stone Edge|p1a: Magearna\n|-resisted|p1a: Magearna\n|-damage|p1a: Magearna|49/250\n|\n|-heal|p1a: Magearna|64/250|[from] item: Leftovers\n|upkeep\n|turn|42\n|\n|t:|1770617766\n|switch|p2a: Venusaur|Venusaur-Mega, L78, M|148/253 par\n|move|p1a: Magearna|Fleur Cannon|p2a: Venusaur\n|-resisted|p2a: Venusaur\n|-damage|p2a: Venusaur|92/253 par\n|-unboost|p1a: Magearna|spa|2\n|\n|-heal|p1a: Magearna|79/250|[from] item: Leftovers\n|upkeep\n|turn|43\n|\n|t:|1770617771\n|switch|p1a: Oricorio|Oricorio-Pa'u, L91, M|243/284\n|-damage|p1a: Oricorio|172/284|[from] Stealth Rock\n|cant|p2a: Venusaur|par\n|\n|-heal|p1a: Oricorio|189/284|[from] item: Leftovers\n|upkeep\n|turn|44\n|\n|t:|1770617781\n|move|p1a: Oricorio|Revelation Dance|p2a: Venusaur\n|-supereffective|p2a: Venusaur\n|-damage|p2a: Venusaur|0 fnt\n|faint|p2a: Venusaur\n|detailschange|p2: Venusaur|Venusaur, L78, M|[silent]\n|\n|-heal|p1a: Oricorio|206/284|[from] item: Leftovers\n|upkeep\n|\n|t:|1770617783\n|switch|p2a: Rhydon|Rhydon, L85, F|199/317\n|turn|45\n|\n|t:|1770617791\n|move|p1a: Oricorio|Revelation Dance|p2a: Rhydon\n|-damage|p2a: Rhydon|87/317\n|move|p2a: Rhydon|Stone Edge|p1a: Oricorio\n|-supereffective|p1a: Oricorio\n|-damage|p1a: Oricorio|0 fnt\n|faint|p1a: Oricorio\n|\n|upkeep\n|\n|t:|1770617798\n|switch|p1a: Magearna|Magearna, L77|79/250\n|-damage|p1a: Magearna|64/250|[from] Stealth Rock\n|turn|46\n|\n|t:|1770617803\n|move|p1a: Magearna|Aura Sphere|p2a: Rhydon\n|-supereffective|p2a: Rhydon\n|-damage|p2a: Rhydon|0 fnt\n|faint|p2a: Rhydon\n|-ability|p1a: Magearna|Soul-Heart|boost\n|-boost|p1a: Magearna|spa|1\n|\n|-heal|p1a: Magearna|79/250|[from] item: Leftovers\n|upkeep\n|\n|t:|1770617808\n|switch|p2a: Hitmonchan|Hitmonchan, L87, M|229/229\n|turn|47\n|\n|t:|1770617816\n|move|p2a: Hitmonchan|Drain Punch|p1a: Magearna\n|-damage|p1a: Magearna|0 fnt\n|faint|p1a: Magearna\n|\n|upkeep\n|\n|t:|1770617820\n|switch|p1a: Lugia|Lugia, L71|268/268\n|-damage|p1a: Lugia|201/268|[from] Stealth Rock\n|turn|48\n|\n|t:|1770617829\n|move|p1a: Lugia|Toxic|p2a: Hitmonchan\n|-status|p2a: Hitmonchan|tox\n|move|p2a: Hitmonchan|Bulk Up|p2a: Hitmonchan\n|-boost|p2a: Hitmonchan|atk|1\n|-boost|p2a: Hitmonchan|def|1\n|\n|-heal|p1a: Lugia|217/268|[from] item: Leftovers\n|-damage|p2a: Hitmonchan|215/229 tox|[from] psn\n|upkeep\n|turn|49\n|\n|t:|1770617847\n|move|p1a: Lugia|Roost|p1a: Lugia\n|-heal|p1a: Lugia|268/268\n|-singleturn|p1a: Lugia|move: Roost\n|move|p2a: Hitmonchan|Ice Punch|p1a: Lugia\n|-damage|p1a: Lugia|224/268\n|\n|-heal|p1a: Lugia|240/268|[from] item: Leftovers\n|-heal|p2a: Hitmonchan|229/229 tox|[from] item: Leftovers\n|-damage|p2a: Hitmonchan|201/229 tox|[from] psn\n|upkeep\n|turn|50\n|\n|t:|1770617852\n|move|p1a: Lugia|Roost|p1a: Lugia\n|-heal|p1a: Lugia|268/268\n|-singleturn|p1a: Lugia|move: Roost\n|move|p2a: Hitmonchan|Ice Punch|p1a: Lugia\n|-damage|p1a: Lugia|221/268\n|\n|-heal|p1a: Lugia|237/268|[from] item: Leftovers\n|-heal|p2a: Hitmonchan|215/229 tox|[from] item: Leftovers\n|-damage|p2a: Hitmonchan|173/229 tox|[from] psn\n|upkeep\n|turn|51\n|\n|t:|1770617857\n|switch|p2a: Hariyama|Hariyama, L87, M|392/392\n|move|p1a: Lugia|Roost|p1a: Lugia\n|-heal|p1a: Lugia|268/268\n|-singleturn|p1a: Lugia|move: Roost\n|\n|-status|p2a: Hariyama|brn|[from] item: Flame Orb\n|upkeep\n|turn|52\n|\n|t:|1770617863\n|move|p2a: Hariyama|Fake Out|p1a: Lugia\n|-damage|p1a: Lugia|245/268\n|cant|p1a: Lugia|flinch\n|\n|-heal|p1a: Lugia|261/268|[from] item: Leftovers\n|-damage|p2a: Hariyama|368/392 brn|[from] brn\n|upkeep\n|turn|53\n|\n|t:|1770617874\n|move|p1a: Lugia|Aeroblast|p2a: Hariyama\n|-supereffective|p2a: Hariyama\n|-damage|p2a: Hariyama|200/392 brn\n|move|p2a: Hariyama|Knock Off|p1a: Lugia\n|-supereffective|p1a: Lugia\n|-damage|p1a: Lugia|57/268\n|-enditem|p1a: Lugia|Leftovers|[from] move: Knock Off|[of] p2a: Hariyama\n|\n|-damage|p2a: Hariyama|176/392 brn|[from] brn\n|upkeep\n|turn|54\n|\n|t:|1770617903\n|move|p1a: Lugia|Roost|p1a: Lugia\n|-heal|p1a: Lugia|191/268\n|-singleturn|p1a: Lugia|move: Roost\n|move|p2a: Hariyama|Facade|p1a: Lugia\n|-damage|p1a: Lugia|23/268\n|\n|-damage|p2a: Hariyama|152/392 brn|[from] brn\n|upkeep\n|turn|55\n|\n|t:|1770617906\n|move|p1a: Lugia|Aeroblast|p2a: Hariyama\n|-supereffective|p2a: Hariyama\n|-damage|p2a: Hariyama|0 fnt\n|faint|p2a: Hariyama\n|\n|upkeep\n|\n|t:|1770617908\n|switch|p2a: Hitmonchan|Hitmonchan, L87, M|173/229 tox\n|turn|56\n|\n|t:|1770617930\n|move|p1a: Lugia|Roost|p1a: Lugia\n|-heal|p1a: Lugia|157/268\n|-singleturn|p1a: Lugia|move: Roost\n|move|p2a: Hitmonchan|Ice Punch|p1a: Lugia\n|-damage|p1a: Lugia|95/268\n|\n|-heal|p2a: Hitmonchan|187/229 tox|[from] item: Leftovers\n|-damage|p2a: Hitmonchan|173/229 tox|[from] psn\n|upkeep\n|turn|57\n|\n|t:|1770617933\n|move|p1a: Lugia|Roost|p1a: Lugia\n|-heal|p1a: Lugia|229/268\n|-singleturn|p1a: Lugia|move: Roost\n|move|p2a: Hitmonchan|Ice Punch|p1a: Lugia\n|-damage|p1a: Lugia|168/268\n|\n|-heal|p2a: Hitmonchan|187/229 tox|[from] item: Leftovers\n|-damage|p2a: Hitmonchan|159/229 tox|[from] psn\n|upkeep\n|turn|58\n|\n|t:|1770617936\n|move|p1a: Lugia|Roost|p1a: Lugia\n|-heal|p1a: Lugia|268/268\n|-singleturn|p1a: Lugia|move: Roost\n|move|p2a: Hitmonchan|Ice Punch|p1a: Lugia\n|-damage|p1a: Lugia|237/268\n|\n|-heal|p2a: Hitmonchan|173/229 tox|[from] item: Leftovers\n|-damage|p2a: Hitmonchan|131/229 tox|[from] psn\n|upkeep\n|turn|59\n|-message|notskr34 forfeited.\n|\n|win|ArchenWarrior\n|raw|ArchenWarrior's rating: 1878 &rarr; <strong>1889</strong><br />(+11 for winning)\n|raw|notskr34's rating: 1703 &rarr; <strong>1692</strong><br />(-11 for losing)\n|l|☆notskr34\n|player|p2|\n", "inputlog": ">version ccdc32dd7cde25fd9e4bed64820e885f66e78a4e\n>start {\"formatid\":\"gen7randombattle\",\"seed\":\"sodium,8314358682f26e6543d66803264d185b\",\"rated\":\"Rated battle\"}\n>player p1 {\"name\":\"ArchenWarrior\",\"avatar\":\"proton\",\"rating\":1878,\"seed\":\"sodium,348ab375b6789514e6e45ac40269d079\"}\n>player p2 {\"name\":\"notskr34\",\"avatar\":\"giovanni\",\"rating\":1703,\"seed\":\"sodium,1053c52c00ea861f2271dd96702cbee9\"}\n>p1 move calmmind\n>p2 switch 3\n>p1 switch 2\n>p2 switch 6\n>p1 move fleurcannon\n>p2 switch 6\n>p1 move thunderwave\n>p2 move sludgebomb mega\n>p1 switch 5\n>p2 move earthquake\n>p1 move toxic\n>p2 switch 2\n>p1 switch 5\n>p2 move calmmind\n>p1 move fleurcannon\n>p2 switch 2\n>p1 switch 5\n>p2 move sludgebomb\n>p1 move roost\n>p2 switch 6\n>p1 switch 5\n>p2 move protect\n>p1 move healbell\n>p2 move wish\n>p1 switch 5\n>p2 switch 6\n>p1 move revelationdance\n>p2 switch 3\n>p1 switch 2\n>p2 move stealthrock\n>p1 move hiddenpower\n>p2 switch 3\n>p1 move calmmind\n>p2 move earthquake\n>p1 move hiddenpower\n>p2 switch 6\n>p1 move calmmind\n>p2 move moonblast\n>p1 move drainingkiss\n>p2 move toxic\n>p1 switch 5\n>p2 move moonblast\n>p1 move thunderwave\n>p2 move wish\n>p1 move aurasphere\n>p2 move moonblast\n>p1 switch 3\n>p2 move wish\n>p1 move highhorsepower\n>p2 switch 6\n>p1 move highhorsepower\n>p2 move sludgebomb\n>p1 move highhorsepower\n>p2 move synthesis\n>p1 move highhorsepower\n>p2 switch 2\n>p1 switch 3\n>p2 move calmmind\n>p1 move fleurcannon\n>p2 move psyshock\n>p2 switch 3\n>p1 switch 3\n>p2 move earthquake\n>p1 switch 5\n>p1 switch 2\n>p2 move earthquake\n>p1 switch 2\n>p2 move stoneedge\n>p1 move gigadrain\n>p2 switch 2\n>p1 move hiddenpower\n>p2 move earthquake\n>p1 switch 2\n>p1 move revelationdance\n>p2 switch 6\n>p1 move hurricane\n>p2 move moonblast\n>p1 move hurricane\n>p2 move protect\n>p1 move hurricane\n>p2 move wish\n>p1 move revelationdance\n>p2 move protect\n>p2 switch 2\n>p1 switch 3\n>p2 move stoneedge\n>p1 move fleurcannon\n>p2 switch 6\n>p1 switch 3\n>p2 move synthesis\n>p1 move revelationdance\n>p2 move synthesis\n>p2 switch 6\n>p1 move revelationdance\n>p2 move stoneedge\n>p1 switch 3\n>p1 move aurasphere\n>p2 move earthquake\n>p2 switch 5\n>p1 move fleurcannon\n>p2 move drainpunch\n>p1 switch 6\n>p1 move toxic\n>p2 move bulkup\n>p1 move roost\n>p2 move icepunch\n>p1 move roost\n>p2 move icepunch\n>p1 move roost\n>p2 switch 4\n>p1 move aeroblast\n>p2 move fakeout\n>p1 move aeroblast\n>p2 move knockoff\n>p1 move roost\n>p2 move facade\n>p1 move aeroblast\n>p2 move facade\n>p2 switch 4\n>p1 move roost\n>p2 move icepunch\n>p1 move roost\n>p2 move icepunch\n>p1 move roost\n>p2 move icepunch\n>forcelose p2", "uploadtime": 1770617947, "views": 212, "formatid": "gen7randombattle", "rating": 1692, "private": 0, "password": null}