{"id": "gen7randombattle-2532902927", "format": "[Gen 7] Random Battle", "players": ["Kitsune247", "NTsweeper007"], "log": "|j|☆Kitsune247\n|j|☆NTsweeper007\n|t:|1770235078\n|gametype|singles\n|player|p1|Kitsune247|roxie|1659\n|player|p2|NTsweeper007|hilbert-wonderlauncher|1744\n|gen|7\n|tier|[Gen 7] Random Battle\n|rated|\n|rule|Sleep Clause Mod: Limit one foe put to sleep\n|rule|HP Percentage Mod: HP is shown in percentages\n|rule|Illusion Level Mod: Illusion disguises the Pokémon's true level\n|\n|t:|1770235078\n|teamsize|p1|6\n|teamsize|p2|6\n|start\n|switch|p1a: Rotom|Rotom, L88|231/231\n|switch|p2a: Cofagrigus|Cofagrigus, L89, F|248/248\n|turn|1\n|inactive|Battle timer is ON: inactive players will automatically lose when time's up. (requested by Kitsune247)\n|inactive|NTsweeper007 has 120 seconds left.\n|\n|t:|1770235118\n|switch|p2a: Carnivine|Carnivine, M|310/310\n|move|p1a: Rotom|Volt Switch|p2a: Carnivine\n|-resisted|p2a: Carnivine\n|-damage|p2a: Carnivine|269/310\n|\n|t:|1770235123\n|switch|p1a: Drapion|Drapion, L83, F|252/252|[from] Volt Switch\n|\n|-heal|p2a: Carnivine|288/310|[from] item: Leftovers\n|upkeep\n|turn|2\n|\n|t:|1770235137\n|switch|p2a: Terrakion|Terrakion, L78|270/270\n|move|p1a: Drapion|Poison Jab|p2a: Terrakion\n|-resisted|p2a: Terrakion\n|-damage|p2a: Terrakion|227/270\n|\n|upkeep\n|turn|3\n|\n|t:|1770235152\n|switch|p1a: Meganium|Meganium, L92, F|297/297\n|move|p2a: Terrakion|Swords Dance|p2a: Terrakion\n|-boost|p2a: Terrakion|atk|2\n|\n|upkeep\n|turn|4\n|\n|t:|1770235159\n|-zpower|p2a: Terrakion\n|move|p2a: Terrakion|All-Out Pummeling|p1a: Meganium|[zeffect]\n|-damage|p1a: Meganium|0 fnt\n|faint|p1a: Meganium\n|\n|upkeep\n|\n|t:|1770235167\n|switch|p1a: Rotom|Rotom, L88|231/231\n|turn|5\n|\n|t:|1770235170\n|move|p1a: Rotom|Thunderbolt|p2a: Terrakion\n|-crit|p2a: Terrakion\n|-damage|p2a: Terrakion|70/270\n|move|p2a: Terrakion|Stone Edge|p1a: Rotom\n|-damage|p1a: Rotom|2/231\n|\n|upkeep\n|turn|6\n|\n|t:|1770235184\n|move|p1a: Rotom|Thunderbolt|p2a: Terrakion\n|-damage|p2a: Terrakion|0 fnt\n|faint|p2a: Terrakion\n|\n|upkeep\n|\n|t:|1770235185\n|switch|p2a: Nihilego|Nihilego, L79|302/302\n|turn|7\n|\n|t:|1770235192\n|move|p1a: Rotom|Thunderbolt|p2a: Nihilego\n|-damage|p2a: Nihilego|212/302\n|move|p2a: Nihilego|Power Gem|p1a: Rotom\n|-damage|p1a: Rotom|0 fnt\n|faint|p1a: Rotom\n|-ability|p2a: Nihilego|Beast Boost|boost\n|-boost|p2a: Nihilego|spa|1\n|\n|upkeep\n|\n|t:|1770235195\n|switch|p1a: Luxray|Luxray, L88, F|284/284\n|-ability|p1a: Luxray|Intimidate|boost\n|-unboost|p2a: Nihilego|atk|1\n|turn|8\n|\n|t:|1770235197\n|move|p2a: Nihilego|Power Gem|p1a: Luxray\n|-damage|p1a: Luxray|190/284\n|move|p1a: Luxray|Wild Charge|p2a: Nihilego\n|-damage|p2a: Nihilego|25/302\n|-damage|p1a: Luxray|143/284|[from] Recoil\n|\n|upkeep\n|turn|9\n|\n|t:|1770235204\n|move|p2a: Nihilego|Power Gem|p1a: Luxray\n|-damage|p1a: Luxray|55/284\n|move|p1a: Luxray|Wild Charge|p2a: Nihilego\n|-damage|p2a: Nihilego|0 fnt\n|faint|p2a: Nihilego\n|-damage|p1a: Luxray|49/284|[from] Recoil\n|\n|upkeep\n|\n|t:|1770235206\n|switch|p2a: Gliscor|Gliscor, L78, M|245/245\n|turn|10\n|\n|t:|1770235208\n|move|p2a: Gliscor|Earthquake|p1a: Luxray\n|-supereffective|p1a: Luxray\n|-damage|p1a: Luxray|0 fnt\n|faint|p1a: Luxray\n|\n|-status|p2a: Gliscor|tox|[from] item: Toxic Orb\n|upkeep\n|\n|t:|1770235220\n|switch|p1a: Scrafty|Scrafty, L84, F|246/246\n|-ability|p1a: Scrafty|Intimidate|boost\n|-unboost|p2a: Gliscor|atk|1\n|turn|11\n|\n|t:|1770235226\n|move|p2a: Gliscor|Swords Dance|p2a: Gliscor\n|-boost|p2a: Gliscor|atk|2\n|move|p1a: Scrafty|Dragon Dance|p1a: Scrafty\n|-boost|p1a: Scrafty|atk|1\n|-boost|p1a: Scrafty|spe|1\n|\n|upkeep\n|turn|12\n|\n|t:|1770235235\n|move|p1a: Scrafty|Knock Off|p2a: Gliscor\n|-damage|p2a: Gliscor|122/245 tox\n|-enditem|p2a: Gliscor|Toxic Orb|[from] move: Knock Off|[of] p1a: Scrafty\n|move|p2a: Gliscor|Swords Dance|p2a: Gliscor\n|-boost|p2a: Gliscor|atk|2\n|\n|-heal|p2a: Gliscor|152/245 tox|[from] ability: Poison Heal\n|upkeep\n|turn|13\n|\n|t:|1770235242\n|move|p1a: Scrafty|Dragon Dance|p1a: Scrafty\n|-boost|p1a: Scrafty|atk|1\n|-boost|p1a: Scrafty|spe|1\n|move|p2a: Gliscor|Roost|p2a: Gliscor\n|-heal|p2a: Gliscor|245/245 tox\n|-singleturn|p2a: Gliscor|move: Roost\n|\n|upkeep\n|turn|14\n|\n|t:|1770235249\n|move|p1a: Scrafty|Iron Head|p2a: Gliscor\n|-damage|p2a: Gliscor|162/245 tox\n|cant|p2a: Gliscor|flinch\n|\n|-heal|p2a: Gliscor|192/245 tox|[from] ability: Poison Heal\n|upkeep\n|turn|15\n|\n|t:|1770235257\n|move|p1a: Scrafty|Knock Off|p2a: Gliscor\n|-damage|p2a: Gliscor|93/245 tox\n|move|p2a: Gliscor|Roost|p2a: Gliscor\n|-heal|p2a: Gliscor|216/245 tox\n|-singleturn|p2a: Gliscor|move: Roost\n|\n|-heal|p2a: Gliscor|245/245 tox|[from] ability: Poison Heal\n|upkeep\n|turn|16\n|\n|t:|1770235260\n|move|p1a: Scrafty|Iron Head|p2a: Gliscor\n|-crit|p2a: Gliscor\n|-damage|p2a: Gliscor|109/245 tox\n|move|p2a: Gliscor|Earthquake|p1a: Scrafty\n|-damage|p1a: Scrafty|53/246\n|\n|-heal|p1a: Scrafty|68/246|[from] item: Leftovers\n|-heal|p2a: Gliscor|139/245 tox|[from] ability: Poison Heal\n|upkeep\n|turn|17\n|\n|t:|1770235266\n|move|p1a: Scrafty|Dragon Dance|p1a: Scrafty\n|-boost|p1a: Scrafty|atk|1\n|-boost|p1a: Scrafty|spe|1\n|move|p2a: Gliscor|Roost|p2a: Gliscor\n|-heal|p2a: Gliscor|245/245 tox\n|-singleturn|p2a: Gliscor|move: Roost\n|\n|-heal|p1a: Scrafty|83/246|[from] item: Leftovers\n|upkeep\n|turn|18\n|\n|t:|1770235268\n|move|p1a: Scrafty|Iron Head|p2a: Gliscor\n|-damage|p2a: Gliscor|140/245 tox\n|move|p2a: Gliscor|Earthquake|p1a: Scrafty\n|-damage|p1a: Scrafty|0 fnt\n|faint|p1a: Scrafty\n|\n|-heal|p2a: Gliscor|170/245 tox|[from] ability: Poison Heal\n|upkeep\n|\n|t:|1770235279\n|switch|p1a: Haxorus|Haxorus, L75, F|238/238\n|-ability|p1a: Haxorus|Mold Breaker\n|turn|19\n|\n|t:|1770235284\n|move|p2a: Gliscor|Earthquake|p1a: Haxorus\n|-damage|p1a: Haxorus|0 fnt\n|faint|p1a: Haxorus\n|\n|-heal|p2a: Gliscor|200/245 tox|[from] ability: Poison Heal\n|upkeep\n|-message|Kitsune247 forfeited.\n|\n|win|NTsweeper007\n|raw|Kitsune247's rating: 1659 &rarr; <strong>1644</strong><br />(-15 for losing)\n|raw|NTsweeper007's rating: 1744 &rarr; <strong>1759</strong><br />(+15 for winning)\n|l|☆Kitsune247\n|player|p1|\n", "inputlog": ">version ccdc32dd7cde25fd9e4bed64820e885f66e78a4e\n>start {\"formatid\":\"gen7randombattle\",\"seed\":\"sodium,16ee0e4764d5321237f2c10bca2738f2\",\"rated\":\"Rated battle\"}\n>player p1 {\"name\":\"Kitsune247\",\"avatar\":\"roxie\",\"rating\":1659,\"seed\":\"sodium,2b3564e9ecb82f670341ea1dbe852791\"}\n>player p2 {\"name\":\"NTsweeper007\",\"avatar\":\"hilbert-wonderlauncher\",\"rating\":1744,\"seed\":\"sodium,266bfefa496c2330800668f7afed54d0\"}\n>p1 move voltswitch\n>p2 switch 4\n>p1 switch 2\n>p1 move poisonjab\n>p2 switch 6\n>p1 switch 3\n>p2 move swordsdance\n>p1 move energyball\n>p2 move closecombat zmove\n>p1 switch 2\n>p1 move thunderbolt\n>p2 move stoneedge\n>p1 move thunderbolt\n>p2 move stoneedge\n>p2 switch 5\n>p1 move thunderbolt\n>p2 move powergem\n>p1 switch 4\n>p1 move wildcharge\n>p2 move powergem\n>p1 move wildcharge\n>p2 move powergem\n>p2 switch 3\n>p1 move icefang\n>p2 move earthquake\n>p1 switch 5\n>p1 move dragondance\n>p2 move swordsdance\n>p1 move knockoff\n>p2 move swordsdance\n>p1 move dragondance\n>p2 move roost\n>p1 move ironhead\n>p2 move earthquake\n>p1 move knockoff\n>p2 move roost\n>p1 move ironhead\n>p2 move earthquake\n>p1 move dragondance\n>p2 move roost\n>p1 move ironhead\n>p2 move earthquake\n>p1 switch 6\n>p1 move dragondance\n>p2 move earthquake\n>forcelose p1", "uploadtime": 1770235289, "views": 131, "formatid": "gen7randombattle", "rating": 1644, "private": 0, "password": null}