{"id": "gen7randombattle-2537845440", "format": "[Gen 7] Random Battle", "players": ["plop in my pants", "stee1osprei"], "log": "|j|☆plop in my pants\n|j|☆stee1osprei\n|t:|1770854538\n|gametype|singles\n|player|p1|plop in my pants|teamrocket|1741\n|player|p2|stee1osprei|candice|1642\n|gen|7\n|tier|[Gen 7] Random Battle\n|rated|\n|rule|Sleep Clause Mod: Limit one foe put to sleep\n|rule|HP Percentage Mod: HP is shown in percentages\n|rule|Illusion Level Mod: Illusion disguises the Pokémon's true level\n|\n|t:|1770854538\n|teamsize|p1|6\n|teamsize|p2|6\n|start\n|switch|p1a: Cresselia|Cresselia, L82, F|331/331\n|switch|p2a: Bruxish|Bruxish, L85, M|254/254\n|turn|1\n|\n|t:|1770854588\n|move|p2a: Bruxish|Crunch|p1a: Cresselia\n|-supereffective|p1a: Cresselia\n|-crit|p1a: Cresselia\n|-damage|p1a: Cresselia|0 fnt\n|faint|p1a: Cresselia\n|\n|upkeep\n|\n|t:|1770854604\n|switch|p1a: Darkrai|Darkrai, L75|229/229\n|turn|2\n|inactive|Battle timer is ON: inactive players will automatically lose when time's up. (requested by plop in my pants)\n|j| Mfvdfv\n|\n|t:|1770854632\n|switch|p2a: Swalot|Swalot, L90, F|326/326\n|move|p1a: Darkrai|Hypnosis|p2a: Swalot|[miss]\n|-miss|p1a: Darkrai|p2a: Swalot\n|\n|upkeep\n|turn|3\n|\n|t:|1770854640\n|move|p1a: Darkrai|Hypnosis|p2a: Swalot|[miss]\n|-miss|p1a: Darkrai|p2a: Swalot\n|move|p2a: Swalot|Encore|p1a: Darkrai\n|-start|p1a: Darkrai|Encore\n|\n|upkeep\n|turn|4\n|\n|t:|1770854654\n|move|p1a: Darkrai|Hypnosis|p2a: Swalot\n|-status|p2a: Swalot|slp|[from] move: Hypnosis\n|cant|p2a: Swalot|slp\n|\n|-damage|p2a: Swalot|286/326 slp|[from] ability: Bad Dreams|[of] p1a: Darkrai\n|upkeep\n|turn|5\n|\n|t:|1770854661\n|switch|p1a: Seismitoad|Seismitoad, L85, M|317/317\n|switch|p2a: Regirock|Regirock, L87|281/281\n|\n|upkeep\n|turn|6\n|\n|t:|1770854686\n|switch|p2a: Azelf|Azelf, L82|257/257\n|move|p1a: Seismitoad|Stealth Rock|p2a: Azelf\n|-sidestart|p2: stee1osprei|move: Stealth Rock\n|\n|upkeep\n|turn|7\n|\n|t:|1770854694\n|move|p2a: Azelf|Knock Off|p1a: Seismitoad\n|-damage|p1a: Seismitoad|200/317\n|-enditem|p1a: Seismitoad|Leftovers|[from] move: Knock Off|[of] p2a: Azelf\n|-damage|p2a: Azelf|232/257|[from] item: Life Orb\n|move|p1a: Seismitoad|Toxic|p2a: Azelf\n|-status|p2a: Azelf|tox\n|\n|-damage|p2a: Azelf|216/257 tox|[from] psn\n|upkeep\n|turn|8\n|\n|t:|1770854709\n|switch|p1a: Gumshoos|Gumshoos, L94, M|318/318\n|move|p2a: Azelf|Taunt|p1a: Gumshoos\n|-start|p1a: Gumshoos|move: Taunt\n|\n|-damage|p2a: Azelf|184/257 tox|[from] psn\n|upkeep\n|turn|9\n|\n|t:|1770854717\n|move|p2a: Azelf|Knock Off|p1a: Gumshoos\n|-damage|p1a: Gumshoos|197/318\n|-enditem|p1a: Gumshoos|Choice Band|[from] move: Knock Off|[of] p2a: Azelf\n|-damage|p2a: Azelf|159/257 tox|[from] item: Life Orb\n|move|p1a: Gumshoos|U-turn|p2a: Azelf\n|-supereffective|p2a: Azelf\n|-damage|p2a: Azelf|0 fnt\n|faint|p2a: Azelf\n|\n|t:|1770854725\n|switch|p1a: Seismitoad|Seismitoad, L85, M|200/317|[from] U-turn\n|\n|upkeep\n|\n|t:|1770854733\n|switch|p2a: Skarmory|Skarmory, L75, M|221/221\n|-damage|p2a: Skarmory|194/221|[from] Stealth Rock\n|turn|10\n|\n|t:|1770854738\n|move|p1a: Seismitoad|Scald|p2a: Skarmory\n|-damage|p2a: Skarmory|89/221\n|move|p2a: Skarmory|Spikes|p1a: Seismitoad\n|-sidestart|p1: plop in my pants|Spikes\n|\n|upkeep\n|turn|11\n|\n|t:|1770854753\n|switch|p2a: Octillery|Octillery, L96, M|299/299\n|-damage|p2a: Octillery|262/299|[from] Stealth Rock\n|move|p1a: Seismitoad|Scald|p2a: Octillery\n|-resisted|p2a: Octillery\n|-damage|p2a: Octillery|221/299\n|\n|upkeep\n|turn|12\n|\n|t:|1770854776\n|switch|p1a: Wormadam|Wormadam, F|282/282\n|-damage|p1a: Wormadam|247/282|[from] Spikes\n|move|p2a: Octillery|Ice Beam|p1a: Wormadam\n|-supereffective|p1a: Wormadam\n|-damage|p1a: Wormadam|62/282\n|-damage|p2a: Octillery|192/299|[from] item: Life Orb\n|\n|upkeep\n|turn|13\n|\n|t:|1770854788\n|switch|p2a: Swalot|Swalot, L90, F|286/326 slp\n|-damage|p2a: Swalot|246/326 slp|[from] Stealth Rock\n|move|p1a: Wormadam|Bug Buzz|p2a: Swalot\n|-resisted|p2a: Swalot\n|-damage|p2a: Swalot|159/326 slp\n|\n|-heal|p2a: Swalot|179/326 slp|[from] item: Black Sludge\n|upkeep\n|turn|14\n|\n|t:|1770854797\n|switch|p1a: Darkrai|Darkrai, L75|229/229\n|-damage|p1a: Darkrai|201/229|[from] Spikes\n|cant|p2a: Swalot|slp\n|\n|-heal|p2a: Swalot|199/326 slp|[from] item: Black Sludge\n|-damage|p2a: Swalot|159/326 slp|[from] ability: Bad Dreams|[of] p1a: Darkrai\n|upkeep\n|turn|15\n|\n|t:|1770854811\n|switch|p2a: Regirock|Regirock, L87|281/281\n|-damage|p2a: Regirock|246/281|[from] Stealth Rock\n|move|p1a: Darkrai|Dark Pulse|p2a: Regirock\n|-damage|p2a: Regirock|171/281\n|\n|-heal|p2a: Regirock|188/281|[from] item: Leftovers\n|upkeep\n|turn|16\n|\n|t:|1770854826\n|switch|p1a: Wormadam|Wormadam, F|62/282\n|-damage|p1a: Wormadam|27/282|[from] Spikes\n|move|p2a: Regirock|Toxic|p1a: Wormadam\n|-status|p1a: Wormadam|tox\n|\n|-heal|p2a: Regirock|205/281|[from] item: Leftovers\n|-damage|p1a: Wormadam|10/282 tox|[from] psn\n|upkeep\n|turn|17\n|inactive|stee1osprei has 120 seconds left.\n|\n|t:|1770854857\n|switch|p1a: Seismitoad|Seismitoad, L85, M|200/317\n|-damage|p1a: Seismitoad|161/317|[from] Spikes\n|move|p2a: Regirock|Earthquake|p1a: Seismitoad\n|-damage|p1a: Seismitoad|71/317\n|\n|-heal|p2a: Regirock|222/281|[from] item: Leftovers\n|upkeep\n|turn|18\n|inactive|stee1osprei has 120 seconds left.\n|l| Mfvdfv\n|\n|t:|1770854878\n|switch|p2a: Bruxish|Bruxish, L85, M|254/254\n|-damage|p2a: Bruxish|223/254|[from] Stealth Rock\n|move|p1a: Seismitoad|Scald|p2a: Bruxish\n|-resisted|p2a: Bruxish\n|-damage|p2a: Bruxish|178/254\n|\n|upkeep\n|turn|19\n|inactive|stee1osprei has 120 seconds left.\n|\n|t:|1770854891\n|move|p2a: Bruxish|Ice Fang|p1a: Seismitoad\n|-damage|p1a: Seismitoad|0 fnt\n|faint|p1a: Seismitoad\n|\n|upkeep\n|\n|t:|1770854899\n|switch|p1a: Darkrai|Darkrai, L75|201/229\n|-damage|p1a: Darkrai|173/229|[from] Spikes\n|turn|20\n|\n|t:|1770854906\n|move|p1a: Darkrai|Nasty Plot|p1a: Darkrai\n|-boost|p1a: Darkrai|spa|2\n|move|p2a: Bruxish|Ice Fang|p1a: Darkrai\n|-damage|p1a: Darkrai|46/229\n|\n|upkeep\n|turn|21\n|\n|t:|1770854913\n|move|p1a: Darkrai|Dark Pulse|p2a: Bruxish\n|-supereffective|p2a: Bruxish\n|-damage|p2a: Bruxish|0 fnt\n|faint|p2a: Bruxish\n|\n|upkeep\n|\n|t:|1770854917\n|switch|p2a: Regirock|Regirock, L87|222/281\n|-damage|p2a: Regirock|187/281|[from] Stealth Rock\n|turn|22\n|\n|t:|1770854921\n|-zpower|p1a: Darkrai\n|move|p1a: Darkrai|Black Hole Eclipse|p2a: Regirock|[zeffect]\n|-damage|p2a: Regirock|0 fnt\n|faint|p2a: Regirock\n|\n|upkeep\n|\n|t:|1770854929\n|switch|p2a: Octillery|Octillery, L96, M|192/299\n|-damage|p2a: Octillery|155/299|[from] Stealth Rock\n|turn|23\n|c|☆stee1osprei|gg\n|c|☆plop in my pants|gg\n|\n|t:|1770854938\n|move|p1a: Darkrai|Dark Pulse|p2a: Octillery\n|-damage|p2a: Octillery|0 fnt\n|faint|p2a: Octillery\n|\n|upkeep\n|\n|t:|1770854942\n|switch|p2a: Skarmory|Skarmory, L75, M|89/221\n|-damage|p2a: Skarmory|62/221|[from] Stealth Rock\n|turn|24\n|\n|t:|1770854947\n|move|p1a: Darkrai|Dark Pulse|p2a: Skarmory\n|-damage|p2a: Skarmory|0 fnt\n|faint|p2a: Skarmory\n|\n|upkeep\n|\n|t:|1770854951\n|switch|p2a: Swalot|Swalot, L90, F|159/326 slp\n|-damage|p2a: Swalot|119/326 slp|[from] Stealth Rock\n|turn|25\n|\n|t:|1770854955\n|move|p1a: Darkrai|Dark Pulse|p2a: Swalot\n|-damage|p2a: Swalot|0 fnt\n|faint|p2a: Swalot\n|\n|win|plop in my pants\n|raw|plop in my pants's rating: 1741 &rarr; <strong>1755</strong><br />(+14 for winning)\n|raw|stee1osprei's rating: 1642 &rarr; <strong>1628</strong><br />(-14 for losing)\n", "inputlog": ">version ccdc32dd7cde25fd9e4bed64820e885f66e78a4e\n>start {\"formatid\":\"gen7randombattle\",\"seed\":\"sodium,6e898e49f3b65be188521c193502cf45\",\"rated\":\"Rated battle\"}\n>player p1 {\"name\":\"plop in my pants\",\"avatar\":\"teamrocket\",\"rating\":1741,\"seed\":\"sodium,a3a73c41aecdde90b247eefd5460c751\"}\n>player p2 {\"name\":\"stee1osprei\",\"avatar\":\"candice\",\"rating\":1642,\"seed\":\"sodium,fed4d636860e4d6e38e509f106925151\"}\n>p1 move thunderwave\n>p2 move crunch\n>p1 switch 4\n>p1 move hypnosis\n>p2 switch 6\n>p1 move hypnosis\n>p2 move encore\n>p1 move hypnosis\n>p2 move sludgebomb\n>p1 switch 6\n>p2 switch 5\n>p1 move stealthrock\n>p2 switch 2\n>p1 move toxic\n>p2 move knockoff\n>p1 switch 2\n>p2 move taunt\n>p1 move uturn\n>p2 move knockoff\n>p1 switch 2\n>p2 switch 3\n>p1 move scald\n>p2 move spikes\n>p1 move scald\n>p2 switch 4\n>p1 switch 5\n>p2 move icebeam\n>p1 move bugbuzz\n>p2 switch 5\n>p1 switch 6\n>p2 move sludgebomb\n>p1 move darkpulse\n>p2 switch 2\n>p1 switch 6\n>p2 move toxic\n>p1 switch 5\n>p2 move earthquake\n>p1 move scald\n>p2 switch 6\n>p1 move earthquake\n>p2 move icefang\n>p1 switch 6\n>p1 move nastyplot\n>p2 move icefang\n>p1 move darkpulse\n>p2 move icefang\n>p2 switch 6\n>p1 move darkpulse zmove\n>p2 move earthquake\n>p2 switch 5\n>chat ☆stee1osprei|gg\n>chat ☆plop in my pants|gg\n>p1 move darkpulse\n>p2 move icebeam\n>p2 switch 4\n>p1 move darkpulse\n>p2 move roost\n>p2 switch 2\n>p1 move darkpulse\n>p2 move sludgebomb", "uploadtime": 1770854960, "views": 221, "formatid": "gen7randombattle", "rating": 1628, "private": 0, "password": null}