{"id": "gen7randombattle-2528670386", "format": "[Gen 7] Random Battle", "players": ["milese794", "aurora ltd"], "log": "|j|☆milese794\n|j|☆aurora ltd\n|t:|1769693820\n|gametype|singles\n|player|p1|milese794|cynthia-gen4|1559\n|player|p2|aurora ltd|silver-gen2kanto|1496\n|gen|7\n|tier|[Gen 7] Random Battle\n|rated|\n|rule|Sleep Clause Mod: Limit one foe put to sleep\n|rule|HP Percentage Mod: HP is shown in percentages\n|rule|Illusion Level Mod: Illusion disguises the Pokémon's true level\n|\n|t:|1769693820\n|teamsize|p1|6\n|teamsize|p2|6\n|start\n|switch|p1a: Noivern|Noivern, L83, M, shiny|277/277\n|switch|p2a: Shaymin|Shaymin, L84|305/305\n|turn|1\n|inactive|Battle timer is ON: inactive players will automatically lose when time's up. (requested by milese794)\n|\n|t:|1769693852\n|switch|p2a: Tapu Fini|Tapu Fini, L80|243/243\n|-fieldstart|move: Misty Terrain|[from] ability: Misty Surge|[of] p2a: Tapu Fini\n|move|p1a: Noivern|Hurricane|p2a: Tapu Fini\n|-damage|p2a: Tapu Fini|107/243\n|\n|-heal|p2a: Tapu Fini|122/243|[from] item: Leftovers\n|upkeep\n|turn|2\n|j| Jakub9817\n|\n|t:|1769693862\n|move|p1a: Noivern|Hurricane|p2a: Tapu Fini\n|-damage|p2a: Tapu Fini|0 fnt\n|faint|p2a: Tapu Fini\n|\n|upkeep\n|l| Jakub9817\n|\n|t:|1769693881\n|switch|p2a: Togedemaru|Togedemaru, L86, F|252/252\n|turn|3\n|\n|t:|1769693888\n|switch|p1a: Regirock|Regirock, L87|281/281\n|move|p2a: Togedemaru|Wish|p2a: Togedemaru\n|\n|upkeep\n|turn|4\n|inactive|milese794 has 120 seconds left.\n|inactive|aurora ltd has 120 seconds left.\n|\n|t:|1769693936\n|switch|p1a: Noivern|Noivern, L83, M, shiny|277/277\n|move|p2a: Togedemaru|Iron Head|p1a: Noivern\n|-damage|p1a: Noivern|186/277\n|\n|upkeep\n|turn|5\n|inactive|aurora ltd has 120 seconds left.\n|\n|t:|1769693949\n|move|p2a: Togedemaru|Spiky Shield|p2a: Togedemaru\n|-singleturn|p2a: Togedemaru|move: Protect\n|move|p1a: Noivern|Flamethrower|p2a: Togedemaru\n|-activate|p2a: Togedemaru|move: Protect\n|\n|-fieldend|Misty Terrain\n|upkeep\n|turn|6\n|inactive|aurora ltd has 120 seconds left.\n|\n|t:|1769693962\n|switch|p2a: Hoopa|Hoopa, L86|278/278\n|move|p1a: Noivern|Flamethrower|p2a: Hoopa\n|-damage|p2a: Hoopa|215/278\n|-status|p2a: Hoopa|brn\n|\n|-damage|p2a: Hoopa|198/278 brn|[from] brn\n|upkeep\n|turn|7\n|inactive|milese794 has 120 seconds left.\n|inactive|aurora ltd has 120 seconds left.\n|\n|t:|1769693993\n|switch|p1a: Ditto|Ditto, L83|215/215\n|-transform|p1a: Ditto|p2a: Hoopa|[from] ability: Imposter\n|move|p2a: Hoopa|Shadow Ball|p1a: Ditto\n|-supereffective|p1a: Ditto\n|-damage|p1a: Ditto|0 fnt\n|faint|p1a: Ditto\n|\n|-damage|p2a: Hoopa|181/278 brn|[from] brn\n|upkeep\n|\n|t:|1769694018\n|switch|p1a: Oricorio|Oricorio-Pom-Pom, L87, M|272/272\n|turn|8\n|\n|t:|1769694043\n|move|p2a: Hoopa|Shadow Ball|p1a: Oricorio\n|-damage|p1a: Oricorio|139/272\n|move|p1a: Oricorio|Calm Mind|p1a: Oricorio\n|-boost|p1a: Oricorio|spa|1\n|-boost|p1a: Oricorio|spd|1\n|\n|-heal|p1a: Oricorio|156/272|[from] item: Leftovers\n|-damage|p2a: Hoopa|164/278 brn|[from] brn\n|upkeep\n|turn|9\n|\n|t:|1769694051\n|move|p2a: Hoopa|Shadow Ball|p1a: Oricorio\n|-damage|p1a: Oricorio|57/272\n|move|p1a: Oricorio|Roost|p1a: Oricorio\n|-heal|p1a: Oricorio|193/272\n|-singleturn|p1a: Oricorio|move: Roost\n|\n|-heal|p1a: Oricorio|210/272|[from] item: Leftovers\n|-damage|p2a: Hoopa|147/278 brn|[from] brn\n|upkeep\n|turn|10\n|inactive|milese794 has 120 seconds left.\n|\n|t:|1769694060\n|move|p2a: Hoopa|Shadow Ball|p1a: Oricorio\n|-crit|p1a: Oricorio\n|-damage|p1a: Oricorio|0 fnt\n|faint|p1a: Oricorio\n|\n|-damage|p2a: Hoopa|130/278 brn|[from] brn\n|upkeep\n|inactive|milese794 has 120 seconds left.\n|\n|t:|1769694069\n|switch|p1a: Noivern|Noivern, L83, M, shiny|186/277\n|turn|11\n|\n|t:|1769694073\n|move|p2a: Hoopa|Shadow Ball|p1a: Noivern\n|-damage|p1a: Noivern|47/277\n|move|p1a: Noivern|Hurricane|p2a: Hoopa|[miss]\n|-miss|p1a: Noivern|p2a: Hoopa\n|\n|-damage|p2a: Hoopa|113/278 brn|[from] brn\n|upkeep\n|turn|12\n|\n|t:|1769694082\n|move|p2a: Hoopa|Shadow Ball|p1a: Noivern\n|-damage|p1a: Noivern|0 fnt\n|faint|p1a: Noivern\n|\n|-damage|p2a: Hoopa|96/278 brn|[from] brn\n|upkeep\n|\n|t:|1769694088\n|switch|p1a: Hippowdon|Hippowdon, L82, M|311/311\n|-weather|Sandstorm|[from] ability: Sand Stream|[of] p1a: Hippowdon\n|turn|13\n|\n|t:|1769694092\n|move|p2a: Hoopa|Shadow Ball|p1a: Hippowdon\n|-damage|p1a: Hippowdon|152/311\n|move|p1a: Hippowdon|Earthquake|p2a: Hoopa\n|-damage|p2a: Hoopa|0 fnt\n|faint|p2a: Hoopa\n|\n|-weather|Sandstorm|[upkeep]\n|upkeep\n|\n|t:|1769694101\n|switch|p2a: Shaymin|Shaymin, L84|305/305\n|turn|14\n|\n|t:|1769694107\n|move|p2a: Shaymin|Substitute|p2a: Shaymin\n|-start|p2a: Shaymin|Substitute\n|-damage|p2a: Shaymin|229/305\n|move|p1a: Hippowdon|Toxic||[still]\n|-fail|p1a: Hippowdon\n|\n|-weather|Sandstorm|[upkeep]\n|-damage|p2a: Shaymin|210/305|[from] Sandstorm\n|-heal|p2a: Shaymin|229/305|[from] item: Leftovers\n|upkeep\n|turn|15\n|\n|t:|1769694126\n|move|p2a: Shaymin|Seed Flare|p1a: Hippowdon\n|-supereffective|p1a: Hippowdon\n|-damage|p1a: Hippowdon|0 fnt\n|faint|p1a: Hippowdon\n|\n|-weather|Sandstorm|[upkeep]\n|-damage|p2a: Shaymin|210/305|[from] Sandstorm\n|-heal|p2a: Shaymin|229/305|[from] item: Leftovers\n|upkeep\n|\n|t:|1769694133\n|switch|p1a: Reuniclus|Reuniclus, L87, F|333/333\n|turn|16\n|\n|t:|1769694147\n|switch|p2a: Togedemaru|Togedemaru, L86, F|252/252\n|move|p1a: Reuniclus|Calm Mind|p1a: Reuniclus\n|-boost|p1a: Reuniclus|spa|1\n|-boost|p1a: Reuniclus|spd|1\n|\n|-weather|Sandstorm|[upkeep]\n|upkeep\n|turn|17\n|\n|t:|1769694161\n|move|p2a: Togedemaru|U-turn|p1a: Reuniclus\n|-supereffective|p1a: Reuniclus\n|-damage|p1a: Reuniclus|225/333\n|\n|t:|1769694175\n|switch|p2a: Purugly|Purugly, L89, M|271/271|[from] U-turn\n|move|p1a: Reuniclus|Focus Blast|p2a: Purugly|[miss]\n|-miss|p1a: Reuniclus|p2a: Purugly\n|\n|-weather|none\n|upkeep\n|turn|18\n|c|☆milese794|ok\n|c|☆milese794|it was not meant to be\n|\n|t:|1769694187\n|move|p2a: Purugly|Knock Off|p1a: Reuniclus\n|-supereffective|p1a: Reuniclus\n|-damage|p1a: Reuniclus|9/333\n|-enditem|p1a: Reuniclus|Life Orb|[from] move: Knock Off|[of] p2a: Purugly\n|move|p1a: Reuniclus|Focus Blast|p2a: Purugly\n|-supereffective|p2a: Purugly\n|-damage|p2a: Purugly|0 fnt\n|faint|p2a: Purugly\n|\n|upkeep\n|\n|t:|1769694197\n|switch|p2a: Shaymin|Shaymin, L84|229/305\n|turn|19\n|\n|t:|1769694204\n|move|p2a: Shaymin|Air Slash|p1a: Reuniclus\n|-damage|p1a: Reuniclus|0 fnt\n|faint|p1a: Reuniclus\n|\n|-heal|p2a: Shaymin|248/305|[from] item: Leftovers\n|upkeep\n|-message|milese794 forfeited.\n|\n|win|aurora ltd\n|raw|milese794's rating: 1559 &rarr; <strong>1535</strong><br />(-24 for losing)\n|raw|aurora ltd's rating: 1496 &rarr; <strong>1520</strong><br />(+24 for winning)\n|l|☆milese794\n|player|p1|\n", "inputlog": ">version b99ff0165a6231f17e8b78c2a78d1998375de664\n>start {\"formatid\":\"gen7randombattle\",\"seed\":\"sodium,e01332b2d1bac8893c1ea04c998f8b67\",\"rated\":\"Rated battle\"}\n>player p1 {\"name\":\"milese794\",\"avatar\":\"cynthia-gen4\",\"rating\":1559,\"seed\":\"sodium,ff204d7d33ffce87be6f854c093eccab\"}\n>player p2 {\"name\":\"aurora ltd\",\"avatar\":\"silver-gen2kanto\",\"rating\":1496,\"seed\":\"sodium,a9f60292515839a3121c8af131d2f006\"}\n>p1 move hurricane\n>p2 switch 2\n>p1 move hurricane\n>p2 move icebeam\n>p2 switch 5\n>p1 switch 2\n>p2 move wish\n>p1 switch 2\n>p2 move ironhead\n>p1 move flamethrower\n>p2 move spikyshield\n>p1 move flamethrower\n>p2 switch 6\n>p1 switch 3\n>p2 move shadowball\n>p1 switch 4\n>p1 move calmmind\n>p2 move shadowball\n>p1 move roost\n>p2 move shadowball\n>p1 move roost\n>p2 move shadowball\n>p1 switch 3\n>p1 move hurricane\n>p2 move shadowball\n>p1 move hurricane\n>p2 move shadowball\n>p1 switch 6\n>p1 move earthquake\n>p2 move shadowball\n>p2 switch 2\n>p1 move toxic\n>p2 move substitute\n>p1 move whirlwind\n>p2 move seedflare\n>p1 switch 5\n>p1 move calmmind\n>p2 switch 6\n>p1 move focusblast\n>p2 move uturn\n>p2 switch 4\n>chat ☆milese794|ok\n>chat ☆milese794|it was not meant to be \n>p1 move focusblast\n>p2 move knockoff\n>p2 switch 6\n>p1 move recover\n>p2 move airslash\n>forcelose p1", "uploadtime": 1769694243, "views": 148, "formatid": "gen7randombattle", "rating": 1520, "private": 0, "password": null}