{"id": "gen7randombattle-2533058437", "format": "[Gen 7] Random Battle", "players": ["WillisTurtle", "NiGhtOs"], "log": "|j|☆WillisTurtle\n|j|☆NiGhtOs\n|t:|1770251807\n|gametype|singles\n|player|p1|WillisTurtle|169|1563\n|player|p2|NiGhtOs|steven|1609\n|gen|7\n|tier|[Gen 7] Random Battle\n|rated|\n|rule|Sleep Clause Mod: Limit one foe put to sleep\n|rule|HP Percentage Mod: HP is shown in percentages\n|rule|Illusion Level Mod: Illusion disguises the Pokémon's true level\n|\n|t:|1770251807\n|teamsize|p1|6\n|teamsize|p2|6\n|start\n|switch|p1a: Archeops|Archeops, L82, F|257/257\n|switch|p2a: Mewtwo|Mewtwo, L70|264/264\n|-ability|p2a: Mewtwo|Unnerve\n|turn|1\n|inactive|Battle timer is ON: inactive players will automatically lose when time's up. (requested by NiGhtOs)\n|inactive|WillisTurtle also wants the timer to be on.\n|\n|t:|1770251831\n|detailschange|p2a: Mewtwo|Mewtwo-Mega-Y, L70\n|-mega|p2a: Mewtwo|Mewtwo|Mewtwonite Y\n|move|p2a: Mewtwo|Psystrike|p1a: Archeops\n|-damage|p1a: Archeops|73/257\n|move|p1a: Archeops|Stealth Rock|p2a: Mewtwo\n|-sidestart|p2: NiGhtOs|move: Stealth Rock\n|\n|upkeep\n|turn|2\n|\n|t:|1770251840\n|move|p2a: Mewtwo|Calm Mind|p2a: Mewtwo\n|-boost|p2a: Mewtwo|spa|1\n|-boost|p2a: Mewtwo|spd|1\n|move|p1a: Archeops|Earthquake|p2a: Mewtwo\n|-damage|p2a: Mewtwo|199/264\n|\n|upkeep\n|turn|3\n|\n|t:|1770251854\n|move|p2a: Mewtwo|Calm Mind|p2a: Mewtwo\n|-boost|p2a: Mewtwo|spa|1\n|-boost|p2a: Mewtwo|spd|1\n|move|p1a: Archeops|Acrobatics|p2a: Mewtwo\n|-damage|p2a: Mewtwo|97/264\n|\n|upkeep\n|turn|4\n|\n|t:|1770251857\n|move|p2a: Mewtwo|Aura Sphere|p1a: Archeops\n|-damage|p1a: Archeops|0 fnt\n|faint|p1a: Archeops\n|\n|upkeep\n|\n|t:|1770251859\n|switch|p1a: Girafarig|Girafarig, L95, M|287/287\n|turn|5\n|\n|t:|1770251865\n|move|p2a: Mewtwo|Fire Blast|p1a: Girafarig\n|-damage|p1a: Girafarig|52/287\n|-status|p1a: Girafarig|brn\n|move|p1a: Girafarig|Thunderbolt|p2a: Mewtwo\n|-damage|p2a: Mewtwo|49/264\n|-damage|p1a: Girafarig|24/287 brn|[from] item: Life Orb\n|\n|-damage|p1a: Girafarig|7/287 brn|[from] brn\n|upkeep\n|turn|6\n|\n|t:|1770251872\n|move|p2a: Mewtwo|Aura Sphere|p1a: Girafarig\n|-damage|p1a: Girafarig|0 fnt\n|faint|p1a: Girafarig\n|\n|upkeep\n|\n|t:|1770251877\n|switch|p1a: Kingdra|Kingdra, L85, F|266/266\n|turn|7\n|\n|t:|1770251881\n|move|p2a: Mewtwo|Psystrike|p1a: Kingdra\n|-damage|p1a: Kingdra|5/266\n|move|p1a: Kingdra|Dragon Dance|p1a: Kingdra\n|-boost|p1a: Kingdra|atk|1\n|-boost|p1a: Kingdra|spe|1\n|\n|upkeep\n|turn|8\n|\n|t:|1770251895\n|switch|p2a: Kecleon|Kecleon, L90, M|254/254\n|-damage|p2a: Kecleon|223/254|[from] Stealth Rock\n|move|p1a: Kingdra|Waterfall|p2a: Kecleon\n|-damage|p2a: Kecleon|73/254\n|\n|upkeep\n|turn|9\n|\n|t:|1770251904\n|move|p2a: Kecleon|Shadow Sneak|p1a: Kingdra\n|-start|p2a: Kecleon|typechange|Ghost|[from] ability: Protean\n|-damage|p1a: Kingdra|0 fnt\n|faint|p1a: Kingdra\n|-damage|p2a: Kecleon|48/254|[from] item: Life Orb\n|\n|upkeep\n|\n|t:|1770251909\n|switch|p1a: Tyranitar|Tyranitar, L76, M|277/277\n|-weather|Sandstorm|[from] ability: Sand Stream|[of] p1a: Tyranitar\n|turn|10\n|\n|t:|1770251916\n|move|p1a: Tyranitar|Crunch|p2a: Kecleon\n|-supereffective|p2a: Kecleon\n|-damage|p2a: Kecleon|0 fnt\n|faint|p2a: Kecleon\n|\n|-weather|Sandstorm|[upkeep]\n|upkeep\n|\n|t:|1770251920\n|switch|p2a: Hitmontop|Hitmontop, L90, M|236/236\n|-damage|p2a: Hitmontop|222/236|[from] Stealth Rock\n|-ability|p2a: Hitmontop|Intimidate|boost\n|-unboost|p1a: Tyranitar|atk|1\n|turn|11\n|\n|t:|1770251924\n|switch|p1a: Cofagrigus|Cofagrigus, L89, F|248/248\n|move|p2a: Hitmontop|Rapid Spin|p1a: Cofagrigus\n|-immune|p1a: Cofagrigus\n|\n|-weather|Sandstorm|[upkeep]\n|-damage|p2a: Hitmontop|208/236|[from] Sandstorm\n|-damage|p1a: Cofagrigus|233/248|[from] Sandstorm\n|-heal|p1a: Cofagrigus|248/248|[from] item: Leftovers\n|upkeep\n|turn|12\n|\n|t:|1770251933\n|switch|p2a: Snorlax|Snorlax, L83, F|401/401\n|-damage|p2a: Snorlax|351/401|[from] Stealth Rock\n|move|p1a: Cofagrigus|Toxic Spikes|p2a: Snorlax\n|-sidestart|p2: NiGhtOs|move: Toxic Spikes\n|\n|-weather|Sandstorm|[upkeep]\n|-damage|p1a: Cofagrigus|233/248|[from] Sandstorm\n|-damage|p2a: Snorlax|326/401|[from] Sandstorm\n|-heal|p1a: Cofagrigus|248/248|[from] item: Leftovers\n|upkeep\n|turn|13\n|\n|t:|1770251938\n|move|p1a: Cofagrigus|Toxic Spikes|p2a: Snorlax\n|-sidestart|p2: NiGhtOs|move: Toxic Spikes\n|move|p2a: Snorlax|Curse|p2a: Snorlax\n|-unboost|p2a: Snorlax|spe|1\n|-boost|p2a: Snorlax|atk|1\n|-boost|p2a: Snorlax|def|1\n|\n|-weather|Sandstorm|[upkeep]\n|-damage|p1a: Cofagrigus|233/248|[from] Sandstorm\n|-damage|p2a: Snorlax|301/401|[from] Sandstorm\n|-heal|p1a: Cofagrigus|248/248|[from] item: Leftovers\n|upkeep\n|turn|14\n|\n|t:|1770251941\n|move|p1a: Cofagrigus|Haze|p1a: Cofagrigus\n|-clearallboost\n|move|p2a: Snorlax|Curse|p2a: Snorlax\n|-unboost|p2a: Snorlax|spe|1\n|-boost|p2a: Snorlax|atk|1\n|-boost|p2a: Snorlax|def|1\n|\n|-weather|none\n|upkeep\n|turn|15\n|\n|t:|1770251946\n|move|p1a: Cofagrigus|Haze|p1a: Cofagrigus\n|-clearallboost\n|move|p2a: Snorlax|Earthquake|p1a: Cofagrigus\n|-damage|p1a: Cofagrigus|200/248\n|\n|-heal|p1a: Cofagrigus|215/248|[from] item: Leftovers\n|upkeep\n|turn|16\n|\n|t:|1770251964\n|switch|p1a: Magmortar|Magmortar, L88, F|275/275\n|switch|p2a: Keldeo|Keldeo-Resolute, L80|277/277\n|-damage|p2a: Keldeo|260/277|[from] Stealth Rock\n|-status|p2a: Keldeo|tox\n|\n|-damage|p2a: Keldeo|243/277 tox|[from] psn\n|upkeep\n|turn|17\n|\n|t:|1770251974\n|switch|p1a: Cofagrigus|Cofagrigus, L89, F|215/248\n|move|p2a: Keldeo|Hydro Pump|p1a: Cofagrigus\n|-damage|p1a: Cofagrigus|44/248\n|\n|-heal|p1a: Cofagrigus|59/248|[from] item: Leftovers\n|-damage|p2a: Keldeo|209/277 tox|[from] psn\n|upkeep\n|turn|18\n|\n|t:|1770251980\n|move|p2a: Keldeo|Hydro Pump|p1a: Cofagrigus|[miss]\n|-miss|p2a: Keldeo|p1a: Cofagrigus\n|move|p1a: Cofagrigus|Shadow Ball|p2a: Keldeo\n|-damage|p2a: Keldeo|116/277 tox\n|\n|-heal|p1a: Cofagrigus|74/248|[from] item: Leftovers\n|-damage|p2a: Keldeo|65/277 tox|[from] psn\n|upkeep\n|turn|19\n|\n|t:|1770251984\n|move|p2a: Keldeo|Hydro Pump|p1a: Cofagrigus\n|-damage|p1a: Cofagrigus|0 fnt\n|faint|p1a: Cofagrigus\n|\n|-damage|p2a: Keldeo|0 fnt|[from] psn\n|faint|p2a: Keldeo\n|upkeep\n|\n|t:|1770251990\n|switch|p2a: Hitmontop|Hitmontop, L90, M|208/236\n|switch|p1a: Magmortar|Magmortar, L88, F|275/275\n|-damage|p2a: Hitmontop|194/236|[from] Stealth Rock\n|-status|p2a: Hitmontop|tox\n|-ability|p2a: Hitmontop|Intimidate|boost\n|-unboost|p1a: Magmortar|atk|1\n|turn|20\n|\n|t:|1770251994\n|move|p1a: Magmortar|Fire Blast|p2a: Hitmontop|[miss]\n|-miss|p1a: Magmortar|p2a: Hitmontop\n|move|p2a: Hitmontop|Rapid Spin|p1a: Magmortar\n|-crit|p1a: Magmortar\n|-damage|p1a: Magmortar|247/275\n|-sideend|p2: NiGhtOs|Toxic Spikes|[from] move: Rapid Spin|[of] p2a: Hitmontop\n|-sideend|p2: NiGhtOs|Stealth Rock|[from] move: Rapid Spin|[of] p2a: Hitmontop\n|\n|-heal|p1a: Magmortar|264/275|[from] item: Leftovers\n|-damage|p2a: Hitmontop|180/236 tox|[from] psn\n|upkeep\n|turn|21\n|\n|t:|1770251997\n|move|p1a: Magmortar|Fire Blast|p2a: Hitmontop\n|-damage|p2a: Hitmontop|99/236 tox\n|move|p2a: Hitmontop|Stone Edge|p1a: Magmortar\n|-supereffective|p1a: Magmortar\n|-damage|p1a: Magmortar|66/275\n|\n|-heal|p1a: Magmortar|83/275|[from] item: Leftovers\n|-damage|p2a: Hitmontop|71/236 tox|[from] psn\n|upkeep\n|turn|22\n|\n|t:|1770252003\n|move|p1a: Magmortar|Fire Blast|p2a: Hitmontop\n|-damage|p2a: Hitmontop|0 fnt\n|faint|p2a: Hitmontop\n|\n|-heal|p1a: Magmortar|100/275|[from] item: Leftovers\n|upkeep\n|\n|t:|1770252010\n|switch|p2a: Mewtwo|Mewtwo-Mega-Y, L70|49/264\n|turn|23\n|\n|t:|1770252014\n|move|p2a: Mewtwo|Psystrike|p1a: Magmortar\n|-damage|p1a: Magmortar|0 fnt\n|faint|p1a: Magmortar\n|\n|upkeep\n|\n|t:|1770252016\n|switch|p1a: Tyranitar|Tyranitar, L76, M|277/277\n|-weather|Sandstorm|[from] ability: Sand Stream|[of] p1a: Tyranitar\n|turn|24\n|\n|t:|1770252023\n|detailschange|p1a: Tyranitar|Tyranitar-Mega, L76, M\n|-mega|p1a: Tyranitar|Tyranitar|Tyranitarite\n|move|p2a: Mewtwo|Aura Sphere|p1a: Tyranitar\n|-supereffective|p1a: Tyranitar\n|-damage|p1a: Tyranitar|109/277\n|move|p1a: Tyranitar|Dragon Dance|p1a: Tyranitar\n|-boost|p1a: Tyranitar|atk|1\n|-boost|p1a: Tyranitar|spe|1\n|\n|-weather|Sandstorm|[upkeep]\n|-damage|p2a: Mewtwo|33/264|[from] Sandstorm\n|upkeep\n|turn|25\n|\n|t:|1770252029\n|move|p2a: Mewtwo|Aura Sphere|p1a: Tyranitar\n|-supereffective|p1a: Tyranitar\n|-damage|p1a: Tyranitar|0 fnt\n|faint|p1a: Tyranitar\n|detailschange|p1: Tyranitar|Tyranitar, L76, M|[silent]\n|\n|win|NiGhtOs\n|raw|WillisTurtle's rating: 1563 &rarr; <strong>1546</strong><br />(-17 for losing)\n|raw|NiGhtOs's rating: 1609 &rarr; <strong>1626</strong><br />(+17 for winning)\n|l|☆WillisTurtle\n|player|p1|\n", "inputlog": ">version ccdc32dd7cde25fd9e4bed64820e885f66e78a4e\n>start {\"formatid\":\"gen7randombattle\",\"seed\":\"sodium,89996ac26c196dee5163d1a38e7a229e\",\"rated\":\"Rated battle\"}\n>player p1 {\"name\":\"WillisTurtle\",\"avatar\":\"169\",\"rating\":1563,\"seed\":\"sodium,e2f8f56bf9e3f044df72a835df0dd8ae\"}\n>player p2 {\"name\":\"NiGhtOs\",\"avatar\":\"steven\",\"rating\":1609,\"seed\":\"sodium,1381b3fe85448e15757fb391db947555\"}\n>p1 move stealthrock\n>p2 move psystrike mega\n>p1 move earthquake\n>p2 move calmmind\n>p1 move acrobatics\n>p2 move calmmind\n>p1 move acrobatics\n>p2 move aurasphere\n>p1 switch 6\n>p1 move thunderbolt\n>p2 move fireblast\n>p1 move psyshock\n>p2 move aurasphere\n>p1 switch 5\n>p1 move dragondance\n>p2 move psystrike\n>p1 move waterfall\n>p2 switch 6\n>p1 move outrage\n>p2 move shadowsneak\n>p1 switch 2\n>p1 move crunch\n>p2 move drainpunch\n>p2 switch 2\n>p1 switch 3\n>p2 move rapidspin\n>p1 move toxicspikes\n>p2 switch 4\n>p1 move toxicspikes\n>p2 move curse\n>p1 move haze\n>p2 move curse\n>p1 move haze\n>p2 move earthquake\n>p1 switch 4\n>p2 switch 3\n>p1 switch 4\n>p2 move hydropump\n>p1 move shadowball\n>p2 move hydropump\n>p1 move shadowball\n>p2 move hydropump\n>p1 switch 4\n>p2 switch 4\n>p1 move fireblast\n>p2 move rapidspin\n>p1 move fireblast\n>p2 move stoneedge\n>p1 move fireblast\n>p2 move earthquake\n>p2 switch 6\n>p1 move thunderbolt\n>p2 move psystrike\n>p1 switch 3\n>p1 move dragondance mega\n>p2 move aurasphere\n>p1 move dragondance\n>p2 move aurasphere", "uploadtime": 1770252034, "views": 139, "formatid": "gen7randombattle", "rating": 1546, "private": 0, "password": null}