{"id": "gen7randombattle-2536349870", "format": "[Gen 7] Random Battle", "players": ["soy is life", "AliceTASC"], "log": "|j|☆soy is life\n|j|☆AliceTASC\n|t:|1770677557\n|gametype|singles\n|player|p1|soy is life|266|1554\n|player|p2|AliceTASC|dawn|1566\n|gen|7\n|tier|[Gen 7] Random Battle\n|rated|\n|rule|Sleep Clause Mod: Limit one foe put to sleep\n|rule|HP Percentage Mod: HP is shown in percentages\n|rule|Illusion Level Mod: Illusion disguises the Pokémon's true level\n|\n|t:|1770677557\n|teamsize|p1|6\n|teamsize|p2|6\n|start\n|switch|p1a: Hitmonchan|Hitmonchan, L87, M|229/229\n|switch|p2a: Magnezone|Magnezone, L84|255/255\n|turn|1\n|\n|t:|1770677569\n|switch|p2a: Dusknoir|Dusknoir, L89, F|225/225\n|-item|p1a: Hitmonchan|Leftovers|[from] ability: Frisk|[of] p2a: Dusknoir\n|move|p1a: Hitmonchan|Drain Punch|p2a: Dusknoir\n|-immune|p2a: Dusknoir\n|\n|upkeep\n|turn|2\n|inactive|Battle timer is ON: inactive players will automatically lose when time's up. (requested by AliceTASC)\n|\n|t:|1770677592\n|switch|p1a: Flareon|Flareon, L88, F|258/258\n|move|p2a: Dusknoir|Will-O-Wisp|p1a: Flareon\n|-immune|p1a: Flareon\n|\n|-status|p1a: Flareon|tox|[from] item: Toxic Orb\n|upkeep\n|turn|3\n|\n|t:|1770677599\n|move|p1a: Flareon|Flare Blitz|p2a: Dusknoir\n|-damage|p2a: Dusknoir|62/225\n|-damage|p1a: Flareon|204/258 tox|[from] Recoil\n|move|p2a: Dusknoir|Earthquake|p1a: Flareon\n|-supereffective|p1a: Flareon\n|-damage|p1a: Flareon|10/258 tox\n|\n|-heal|p2a: Dusknoir|76/225|[from] item: Leftovers\n|-damage|p1a: Flareon|0 fnt|[from] psn\n|faint|p1a: Flareon\n|upkeep\n|\n|t:|1770677615\n|switch|p1a: Ursaring|Ursaring, L85, F|292/292\n|turn|4\n|\n|t:|1770677620\n|move|p1a: Ursaring|Protect|p1a: Ursaring\n|-singleturn|p1a: Ursaring|Protect\n|move|p2a: Dusknoir|Pain Split|p1a: Ursaring\n|-activate|p1a: Ursaring|move: Protect\n|\n|-heal|p2a: Dusknoir|90/225|[from] item: Leftovers\n|-status|p1a: Ursaring|brn|[from] item: Flame Orb\n|upkeep\n|turn|5\n|\n|t:|1770677626\n|move|p1a: Ursaring|Crunch|p2a: Dusknoir\n|-supereffective|p2a: Dusknoir\n|-damage|p2a: Dusknoir|0 fnt\n|faint|p2a: Dusknoir\n|\n|-damage|p1a: Ursaring|274/292 brn|[from] brn\n|upkeep\n|\n|t:|1770677636\n|switch|p2a: Carbink|Carbink, L92|241/241\n|turn|6\n|\n|t:|1770677646\n|switch|p1a: Granbull|Granbull, L89, F|305/305\n|-ability|p1a: Granbull|Intimidate|boost\n|-unboost|p2a: Carbink|atk|1\n|move|p2a: Carbink|Reflect|p2a: Carbink\n|-sidestart|p2: AliceTASC|Reflect\n|\n|upkeep\n|turn|7\n|\n|t:|1770677651\n|move|p2a: Carbink|Toxic|p1a: Granbull\n|-status|p1a: Granbull|tox\n|move|p1a: Granbull|Toxic|p2a: Carbink|[miss]\n|-miss|p1a: Granbull|p2a: Carbink\n|\n|-damage|p1a: Granbull|286/305 tox|[from] psn\n|upkeep\n|turn|8\n|\n|t:|1770677655\n|move|p2a: Carbink|Moonblast|p1a: Granbull\n|-damage|p1a: Granbull|202/305 tox\n|move|p1a: Granbull|Toxic|p2a: Carbink\n|-status|p2a: Carbink|tox\n|\n|-heal|p1a: Granbull|221/305 tox|[from] item: Leftovers\n|-damage|p2a: Carbink|226/241 tox|[from] psn\n|-damage|p1a: Granbull|183/305 tox|[from] psn\n|upkeep\n|turn|9\n|\n|t:|1770677661\n|move|p2a: Carbink|Moonblast|p1a: Granbull\n|-damage|p1a: Granbull|83/305 tox\n|move|p1a: Granbull|Heal Bell|p1a: Granbull\n|-activate|p1a: Granbull|move: Heal Bell\n|-curestatus|p1a: Granbull|tox|[msg]\n|-curestatus|p1: Ursaring|brn|[msg]\n|\n|-heal|p1a: Granbull|102/305|[from] item: Leftovers\n|-damage|p2a: Carbink|196/241 tox|[from] psn\n|upkeep\n|turn|10\n|\n|t:|1770677677\n|switch|p2a: Latios|Latios, L78, M|253/253\n|move|p1a: Granbull|Earthquake|p2a: Latios\n|-immune|p2a: Latios|[from] ability: Levitate\n|\n|-heal|p1a: Granbull|121/305|[from] item: Leftovers\n|upkeep\n|turn|11\n|\n|t:|1770677685\n|move|p2a: Latios|Psyshock|p1a: Granbull\n|-damage|p1a: Granbull|25/305\n|move|p1a: Granbull|Toxic|p2a: Latios\n|-status|p2a: Latios|tox\n|\n|-heal|p1a: Granbull|44/305|[from] item: Leftovers\n|-damage|p2a: Latios|238/253 tox|[from] psn\n|upkeep\n|turn|12\n|\n|t:|1770677693\n|switch|p1a: Reuniclus|Reuniclus, L87, F|333/333\n|move|p2a: Latios|Psyshock|p1a: Reuniclus\n|-resisted|p1a: Reuniclus\n|-damage|p1a: Reuniclus|282/333\n|\n|-damage|p2a: Latios|208/253 tox|[from] psn\n|upkeep\n|turn|13\n|\n|t:|1770677701\n|switch|p2a: Goodra|Goodra, L85, F|292/292\n|move|p1a: Reuniclus|Calm Mind|p1a: Reuniclus\n|-boost|p1a: Reuniclus|spa|1\n|-boost|p1a: Reuniclus|spd|1\n|\n|-sideend|p2: AliceTASC|Reflect\n|upkeep\n|turn|14\n|\n|t:|1770677709\n|move|p1a: Reuniclus|Psyshock|p2a: Goodra\n|-damage|p2a: Goodra|61/292\n|move|p2a: Goodra|Dragon Tail|p1a: Reuniclus\n|-damage|p1a: Reuniclus|207/333\n|drag|p1a: Stantler|Stantler, L92, F|283/283\n|-ability|p1a: Stantler|Intimidate|boost\n|-unboost|p2a: Goodra|atk|1\n|\n|upkeep\n|turn|15\n|\n|t:|1770677718\n|move|p1a: Stantler|Earthquake|p2a: Goodra\n|-damage|p2a: Goodra|0 fnt\n|faint|p2a: Goodra\n|-damage|p1a: Stantler|255/283|[from] item: Life Orb\n|\n|upkeep\n|\n|t:|1770677739\n|switch|p2a: Latios|Latios, L78, M|208/253 tox\n|turn|16\n|\n|t:|1770677746\n|switch|p1a: Granbull|Granbull, L89, F|44/305\n|-ability|p1a: Granbull|Intimidate|boost\n|-unboost|p2a: Latios|atk|1\n|move|p2a: Latios|Calm Mind|p2a: Latios\n|-boost|p2a: Latios|spa|1\n|-boost|p2a: Latios|spd|1\n|\n|-heal|p1a: Granbull|63/305|[from] item: Leftovers\n|-damage|p2a: Latios|193/253 tox|[from] psn\n|upkeep\n|turn|17\n|\n|t:|1770677750\n|move|p2a: Latios|Psyshock|p1a: Granbull\n|-damage|p1a: Granbull|0 fnt\n|faint|p1a: Granbull\n|\n|-damage|p2a: Latios|163/253 tox|[from] psn\n|upkeep\n|\n|t:|1770677754\n|switch|p1a: Ursaring|Ursaring, L85, F|274/292\n|turn|18\n|\n|t:|1770677758\n|-zpower|p2a: Latios\n|move|p2a: Latios|Devastating Drake|p1a: Ursaring|[zeffect]\n|-damage|p1a: Ursaring|0 fnt\n|faint|p1a: Ursaring\n|\n|-damage|p2a: Latios|118/253 tox|[from] psn\n|upkeep\n|\n|t:|1770677764\n|switch|p1a: Reuniclus|Reuniclus, L87, F|207/333\n|turn|19\n|\n|t:|1770677771\n|move|p2a: Latios|Draco Meteor|p1a: Reuniclus\n|-damage|p1a: Reuniclus|0 fnt\n|-unboost|p2a: Latios|spa|2\n|faint|p1a: Reuniclus\n|\n|-damage|p2a: Latios|58/253 tox|[from] psn\n|upkeep\n|\n|t:|1770677777\n|switch|p1a: Hitmonchan|Hitmonchan, L87, M|229/229\n|turn|20\n|\n|t:|1770677780\n|move|p2a: Latios|Psyshock|p1a: Hitmonchan\n|-supereffective|p1a: Hitmonchan\n|-damage|p1a: Hitmonchan|97/229\n|move|p1a: Hitmonchan|Bulk Up|p1a: Hitmonchan\n|-boost|p1a: Hitmonchan|atk|1\n|-boost|p1a: Hitmonchan|def|1\n|\n|-heal|p1a: Hitmonchan|111/229|[from] item: Leftovers\n|-damage|p2a: Latios|0 fnt|[from] psn\n|faint|p2a: Latios\n|upkeep\n|\n|t:|1770677785\n|switch|p2a: Carbink|Carbink, L92|196/241 tox\n|turn|21\n|\n|t:|1770677791\n|move|p1a: Hitmonchan|Drain Punch|p2a: Carbink\n|-damage|p2a: Carbink|100/241 tox\n|-heal|p1a: Hitmonchan|159/229|[from] drain|[of] p2a: Carbink\n|move|p2a: Carbink|Moonblast|p1a: Hitmonchan\n|-supereffective|p1a: Hitmonchan\n|-damage|p1a: Hitmonchan|31/229\n|-unboost|p1a: Hitmonchan|spa|1\n|\n|-heal|p1a: Hitmonchan|45/229|[from] item: Leftovers\n|-damage|p2a: Carbink|85/241 tox|[from] psn\n|upkeep\n|turn|22\n|\n|t:|1770677803\n|switch|p2a: Pinsir|Pinsir, L74, M|217/217\n|move|p1a: Hitmonchan|Drain Punch|p2a: Pinsir\n|-resisted|p2a: Pinsir\n|-damage|p2a: Pinsir|131/217\n|-heal|p1a: Hitmonchan|88/229|[from] drain|[of] p2a: Pinsir\n|\n|-heal|p1a: Hitmonchan|102/229|[from] item: Leftovers\n|upkeep\n|turn|23\n|\n|t:|1770677810\n|switch|p1a: Stantler|Stantler, L92, F|255/283\n|-ability|p1a: Stantler|Intimidate|boost\n|-unboost|p2a: Pinsir|atk|1\n|detailschange|p2a: Pinsir|Pinsir-Mega, L74, M\n|-mega|p2a: Pinsir|Pinsir|Pinsirite\n|move|p2a: Pinsir|Return|p1a: Stantler\n|-damage|p1a: Stantler|140/283\n|\n|upkeep\n|turn|24\n|\n|t:|1770677816\n|switch|p2a: Carbink|Carbink, L92|85/241 tox\n|move|p1a: Stantler|Double-Edge|p2a: Carbink\n|-resisted|p2a: Carbink\n|-damage|p2a: Carbink|32/241 tox\n|-damage|p1a: Stantler|123/283|[from] Recoil\n|-damage|p1a: Stantler|95/283|[from] item: Life Orb\n|\n|-damage|p2a: Carbink|17/241 tox|[from] psn\n|upkeep\n|turn|25\n|\n|t:|1770677821\n|move|p1a: Stantler|Earthquake|p2a: Carbink\n|-supereffective|p2a: Carbink\n|-damage|p2a: Carbink|0 fnt\n|faint|p2a: Carbink\n|-damage|p1a: Stantler|67/283|[from] item: Life Orb\n|\n|upkeep\n|\n|t:|1770677833\n|switch|p2a: Magnezone|Magnezone, L84|255/255\n|turn|26\n|\n|t:|1770677836\n|move|p1a: Stantler|Earthquake|p2a: Magnezone\n|-supereffective|p2a: Magnezone\n|-damage|p2a: Magnezone|0 fnt\n|faint|p2a: Magnezone\n|-damage|p1a: Stantler|39/283|[from] item: Life Orb\n|\n|upkeep\n|\n|t:|1770677838\n|switch|p2a: Pinsir|Pinsir-Mega, L74, M|131/217\n|turn|27\n|\n|t:|1770677842\n|move|p2a: Pinsir|Quick Attack|p1a: Stantler\n|-damage|p1a: Stantler|0 fnt\n|faint|p1a: Stantler\n|\n|upkeep\n|\n|t:|1770677844\n|switch|p1a: Hitmonchan|Hitmonchan, L87, M|102/229\n|turn|28\n|\n|t:|1770677847\n|move|p2a: Pinsir|Return|p1a: Hitmonchan\n|-supereffective|p1a: Hitmonchan\n|-damage|p1a: Hitmonchan|0 fnt\n|faint|p1a: Hitmonchan\n|\n|win|AliceTASC\n|raw|soy is life's rating: 1554 &rarr; <strong>1535</strong><br />(-19 for losing)\n|raw|AliceTASC's rating: 1566 &rarr; <strong>1585</strong><br />(+19 for winning)\n", "inputlog": ">version ccdc32dd7cde25fd9e4bed64820e885f66e78a4e\n>start {\"formatid\":\"gen7randombattle\",\"seed\":\"sodium,5aae5ca7c36d66812d2bb61b40c0c109\",\"rated\":\"Rated battle\"}\n>player p1 {\"name\":\"soy is life\",\"avatar\":\"266\",\"rating\":1554,\"seed\":\"sodium,4f9dc6e754baac98ad9c40210c82ff91\"}\n>player p2 {\"name\":\"AliceTASC\",\"avatar\":\"dawn\",\"rating\":1566,\"seed\":\"sodium,337914298cf621906eb9495411bc9810\"}\n>p1 move drainpunch\n>p2 switch 6\n>p1 switch 2\n>p2 move willowisp\n>p1 move flareblitz\n>p2 move earthquake\n>p1 switch 4\n>p1 move protect\n>p2 move painsplit\n>p1 move crunch\n>p2 move earthquake\n>p2 switch 4\n>p1 switch 6\n>p2 move reflect\n>p1 move toxic\n>p2 move toxic\n>p1 move toxic\n>p2 move moonblast\n>p1 move healbell\n>p2 move moonblast\n>p1 move earthquake\n>p2 switch 3\n>p1 move toxic\n>p2 move psyshock\n>p1 switch 3\n>p2 move psyshock\n>p1 move calmmind\n>p2 switch 2\n>p1 move psyshock\n>p2 move dragontail\n>p1 move earthquake\n>p2 move dracometeor\n>p2 switch 2\n>p1 switch 3\n>p2 move calmmind\n>p1 move playrough\n>p2 move psyshock\n>p1 switch 6\n>p1 move facade\n>p2 move dracometeor zmove\n>p1 switch 5\n>p1 move recover\n>p2 move dracometeor\n>p1 switch 2\n>p1 move bulkup\n>p2 move psyshock\n>p2 switch 3\n>p1 move drainpunch\n>p2 move moonblast\n>p1 move drainpunch\n>p2 switch 5\n>p1 switch 3\n>p2 move return mega\n>p1 move doubleedge\n>p2 switch 5\n>p1 move earthquake\n>p2 move moonblast\n>p2 switch 6\n>p1 move earthquake\n>p2 move thunderbolt\n>p2 switch 5\n>p1 move doubleedge\n>p2 move quickattack\n>p1 switch 3\n>p1 move icepunch\n>p2 move return", "uploadtime": 1770677851, "views": 209, "formatid": "gen7randombattle", "rating": 1535, "private": 0, "password": null}