{"id": "gen7randombattle-2536544761", "format": "[Gen 7] Random Battle", "players": ["may/gen3", "plop in my pants"], "log": "|j|☆may/gen3\n|j|☆plop in my pants\n|t:|1770702742\n|gametype|singles\n|player|p1|may/gen3|may|1679\n|player|p2|plop in my pants|teamrocket|1759\n|gen|7\n|tier|[Gen 7] Random Battle\n|rated|\n|rule|Sleep Clause Mod: Limit one foe put to sleep\n|rule|HP Percentage Mod: HP is shown in percentages\n|rule|Illusion Level Mod: Illusion disguises the Pokémon's true level\n|\n|t:|1770702742\n|teamsize|p1|6\n|teamsize|p2|6\n|start\n|switch|p1a: Articuno|Articuno, L85|291/291\n|switch|p2a: Seismitoad|Seismitoad, L85, M|317/317\n|-ability|p1a: Articuno|Pressure\n|turn|1\n|inactive|Battle timer is ON: inactive players will automatically lose when time's up. (requested by plop in my pants)\n|\n|t:|1770702803\n|switch|p2a: Houndoom|Houndoom, L80, F|251/251\n|move|p1a: Articuno|Freeze-Dry|p2a: Houndoom\n|-resisted|p2a: Houndoom\n|-damage|p2a: Houndoom|208/251\n|\n|upkeep\n|turn|2\n|\n|t:|1770702809\n|detailschange|p2a: Houndoom|Houndoom-Mega, L80, F\n|-mega|p2a: Houndoom|Houndoom|Houndoominite\n|move|p2a: Houndoom|Fire Blast|p1a: Articuno\n|-supereffective|p1a: Articuno\n|-damage|p1a: Articuno|73/291\n|move|p1a: Articuno|Toxic|p2a: Houndoom\n|-status|p2a: Houndoom|tox\n|\n|-heal|p1a: Articuno|91/291|[from] item: Leftovers\n|-damage|p2a: Houndoom|193/251 tox|[from] psn\n|upkeep\n|turn|3\n|\n|t:|1770702820\n|switch|p1a: Florges|Florges-White, L85, F|271/271\n|move|p2a: Houndoom|Nasty Plot|p2a: Houndoom\n|-boost|p2a: Houndoom|spa|2\n|\n|-damage|p2a: Houndoom|163/251 tox|[from] psn\n|upkeep\n|turn|4\n|\n|t:|1770702825\n|move|p1a: Florges|Protect|p1a: Florges\n|-singleturn|p1a: Florges|Protect\n|move|p2a: Houndoom|Fire Blast|p1a: Florges\n|-activate|p1a: Florges|move: Protect\n|\n|-damage|p2a: Houndoom|118/251 tox|[from] psn\n|upkeep\n|turn|5\n|\n|t:|1770702837\n|move|p2a: Houndoom|Taunt|p1a: Florges\n|-start|p1a: Florges|move: Taunt\n|cant|p1a: Florges|move: Taunt|Wish\n|\n|-damage|p2a: Houndoom|58/251 tox|[from] psn\n|upkeep\n|turn|6\n|\n|t:|1770702843\n|move|p2a: Houndoom|Fire Blast|p1a: Florges\n|-damage|p1a: Florges|99/271\n|move|p1a: Florges|Moonblast|p2a: Houndoom\n|-damage|p2a: Houndoom|0 fnt\n|faint|p2a: Houndoom\n|detailschange|p2: Houndoom|Houndoom, L80, F|[silent]\n|\n|-heal|p1a: Florges|115/271|[from] item: Leftovers\n|upkeep\n|\n|t:|1770702852\n|switch|p2a: Sawsbuck|Sawsbuck-Autumn, L88, F|284/284\n|turn|7\n|\n|t:|1770702855\n|switch|p1a: Aggron|Aggron, L87, F|264/264\n|move|p2a: Sawsbuck|Return|p1a: Aggron\n|-resisted|p1a: Aggron\n|-damage|p1a: Aggron|248/264\n|\n|-heal|p1a: Aggron|264/264|[from] item: Leftovers\n|upkeep\n|turn|8\n|\n|t:|1770702865\n|switch|p2a: Seismitoad|Seismitoad, L85, M|317/317\n|move|p1a: Aggron|Stealth Rock|p2a: Seismitoad\n|-sidestart|p2: plop in my pants|move: Stealth Rock\n|\n|upkeep\n|turn|9\n|\n|t:|1770702879\n|switch|p1a: Florges|Florges-White, L85, F|115/271\n|move|p2a: Seismitoad|Rain Dance|p2a: Seismitoad\n|-weather|RainDance\n|\n|-weather|RainDance|[upkeep]\n|-heal|p1a: Florges|131/271|[from] item: Leftovers\n|upkeep\n|turn|10\n|\n|t:|1770702887\n|move|p1a: Florges|Protect|p1a: Florges\n|-singleturn|p1a: Florges|Protect\n|move|p2a: Seismitoad|Hydro Pump|p1a: Florges\n|-activate|p1a: Florges|move: Protect\n|\n|-weather|RainDance|[upkeep]\n|-heal|p1a: Florges|147/271|[from] item: Leftovers\n|upkeep\n|turn|11\n|\n|t:|1770702894\n|move|p2a: Seismitoad|Earthquake|p1a: Florges\n|-damage|p1a: Florges|0 fnt\n|faint|p1a: Florges\n|-damage|p2a: Seismitoad|286/317|[from] item: Life Orb\n|\n|-weather|RainDance|[upkeep]\n|upkeep\n|\n|t:|1770702900\n|switch|p1a: Gorebyss|Gorebyss, L85, M|231/231\n|turn|12\n|\n|t:|1770702906\n|move|p2a: Seismitoad|Earthquake|p1a: Gorebyss\n|-damage|p1a: Gorebyss|113/231\n|-damage|p2a: Seismitoad|255/317|[from] item: Life Orb\n|move|p1a: Gorebyss|Hidden Power|p2a: Seismitoad\n|-supereffective|p2a: Seismitoad\n|-damage|p2a: Seismitoad|27/317\n|\n|-weather|RainDance|[upkeep]\n|upkeep\n|turn|13\n|\n|t:|1770702915\n|switch|p1a: Articuno|Articuno, L85|91/291\n|-ability|p1a: Articuno|Pressure\n|move|p2a: Seismitoad|Earthquake|p1a: Articuno\n|-immune|p1a: Articuno\n|\n|-weather|none\n|-heal|p1a: Articuno|109/291|[from] item: Leftovers\n|upkeep\n|turn|14\n|\n|t:|1770702922\n|move|p1a: Articuno|Roost|p1a: Articuno\n|-heal|p1a: Articuno|255/291\n|-singleturn|p1a: Articuno|move: Roost\n|move|p2a: Seismitoad|Rain Dance|p2a: Seismitoad\n|-weather|RainDance\n|\n|-weather|RainDance|[upkeep]\n|-heal|p1a: Articuno|273/291|[from] item: Leftovers\n|upkeep\n|turn|15\n|\n|t:|1770702927\n|move|p2a: Seismitoad|Knock Off|p1a: Articuno\n|-damage|p1a: Articuno|195/291\n|-enditem|p1a: Articuno|Leftovers|[from] move: Knock Off|[of] p2a: Seismitoad\n|-damage|p2a: Seismitoad|0 fnt|[from] item: Life Orb\n|faint|p2a: Seismitoad\n|move|p1a: Articuno|Roost|p1a: Articuno\n|-heal|p1a: Articuno|291/291\n|-singleturn|p1a: Articuno|move: Roost\n|\n|-weather|RainDance|[upkeep]\n|upkeep\n|\n|t:|1770702937\n|switch|p2a: Zeraora|Zeraora, L77|262/262\n|-damage|p2a: Zeraora|230/262|[from] Stealth Rock\n|turn|16\n|\n|t:|1770702948\n|move|p2a: Zeraora|Plasma Fists|p1a: Articuno\n|-supereffective|p1a: Articuno\n|-damage|p1a: Articuno|49/291\n|-fieldactivate|move: Ion Deluge\n|-hint|Normal-type moves become Electric-type after using Plasma Fists.\n|-damage|p2a: Zeraora|204/262|[from] item: Life Orb\n|move|p1a: Articuno|Toxic|p2a: Zeraora\n|-status|p2a: Zeraora|tox\n|\n|-weather|RainDance|[upkeep]\n|-damage|p2a: Zeraora|188/262 tox|[from] psn\n|upkeep\n|turn|17\n|\n|t:|1770702958\n|move|p2a: Zeraora|Plasma Fists|p1a: Articuno\n|-supereffective|p1a: Articuno\n|-damage|p1a: Articuno|0 fnt\n|-fieldactivate|move: Ion Deluge\n|-hint|Normal-type moves become Electric-type after using Plasma Fists.\n|faint|p1a: Articuno\n|-damage|p2a: Zeraora|162/262 tox|[from] item: Life Orb\n|\n|-weather|RainDance|[upkeep]\n|-damage|p2a: Zeraora|130/262 tox|[from] psn\n|upkeep\n|\n|t:|1770702960\n|switch|p1a: Mawile|Mawile, L78, F|206/206\n|-ability|p1a: Mawile|Intimidate|boost\n|-unboost|p2a: Zeraora|atk|1\n|turn|18\n|\n|t:|1770702971\n|switch|p2a: Sawsbuck|Sawsbuck-Autumn, L88, F|284/284\n|-damage|p2a: Sawsbuck|249/284|[from] Stealth Rock\n|switch|p1a: Gorebyss|Gorebyss, L85, M|113/231\n|\n|-weather|none\n|-heal|p2a: Sawsbuck|266/284|[from] item: Leftovers\n|upkeep\n|turn|19\n|\n|t:|1770702976\n|move|p2a: Sawsbuck|Horn Leech|p1a: Gorebyss\n|-supereffective|p1a: Gorebyss\n|-damage|p1a: Gorebyss|0 fnt\n|-heal|p2a: Sawsbuck|284/284|[from] drain|[of] p1a: Gorebyss\n|faint|p1a: Gorebyss\n|\n|upkeep\n|\n|t:|1770702979\n|switch|p1a: Mawile|Mawile, L78, F|206/206\n|-ability|p1a: Mawile|Intimidate|boost\n|-unboost|p2a: Sawsbuck|atk|1\n|turn|20\n|\n|t:|1770702983\n|detailschange|p1a: Mawile|Mawile-Mega, L78, F\n|-mega|p1a: Mawile|Mawile|Mawilite\n|move|p2a: Sawsbuck|Swords Dance|p2a: Sawsbuck\n|-boost|p2a: Sawsbuck|atk|2\n|move|p1a: Mawile|Play Rough|p2a: Sawsbuck\n|-damage|p2a: Sawsbuck|70/284\n|\n|-heal|p2a: Sawsbuck|87/284|[from] item: Leftovers\n|upkeep\n|turn|21\n|\n|t:|1770702988\n|move|p2a: Sawsbuck|Substitute|p2a: Sawsbuck\n|-start|p2a: Sawsbuck|Substitute\n|-damage|p2a: Sawsbuck|16/284\n|move|p1a: Mawile|Knock Off|p2a: Sawsbuck\n|-end|p2a: Sawsbuck|Substitute\n|\n|-heal|p2a: Sawsbuck|33/284|[from] item: Leftovers\n|upkeep\n|turn|22\n|\n|t:|1770702991\n|move|p2a: Sawsbuck|Return|p1a: Mawile\n|-resisted|p1a: Mawile\n|-damage|p1a: Mawile|125/206\n|move|p1a: Mawile|Iron Head|p2a: Sawsbuck\n|-damage|p2a: Sawsbuck|0 fnt\n|faint|p2a: Sawsbuck\n|\n|upkeep\n|\n|t:|1770702998\n|switch|p2a: Swalot|Swalot, L90, F|326/326\n|-damage|p2a: Swalot|286/326|[from] Stealth Rock\n|turn|23\n|\n|t:|1770703004\n|move|p2a: Swalot|Earthquake|p1a: Mawile\n|-supereffective|p1a: Mawile\n|-crit|p1a: Mawile\n|-damage|p1a: Mawile|0 fnt\n|faint|p1a: Mawile\n|detailschange|p1: Mawile|Mawile, L78, F|[silent]\n|\n|-heal|p2a: Swalot|306/326|[from] item: Black Sludge\n|upkeep\n|\n|t:|1770703010\n|switch|p1a: Aggron|Aggron, L87, F|264/264\n|turn|24\n|\n|t:|1770703015\n|move|p2a: Swalot|Protect|p2a: Swalot\n|-singleturn|p2a: Swalot|Protect\n|move|p1a: Aggron|Earthquake|p2a: Swalot\n|-activate|p2a: Swalot|move: Protect\n|\n|-heal|p2a: Swalot|326/326|[from] item: Black Sludge\n|upkeep\n|turn|25\n|\n|t:|1770703019\n|move|p2a: Swalot|Earthquake|p1a: Aggron\n|-supereffective|p1a: Aggron\n|-damage|p1a: Aggron|120/264\n|move|p1a: Aggron|Earthquake|p2a: Swalot\n|-supereffective|p2a: Swalot\n|-crit|p2a: Swalot\n|-damage|p2a: Swalot|94/326\n|\n|-heal|p2a: Swalot|114/326|[from] item: Black Sludge\n|-heal|p1a: Aggron|136/264|[from] item: Leftovers\n|upkeep\n|turn|26\n|\n|t:|1770703022\n|move|p2a: Swalot|Earthquake|p1a: Aggron\n|-supereffective|p1a: Aggron\n|-damage|p1a: Aggron|0 fnt\n|faint|p1a: Aggron\n|\n|-heal|p2a: Swalot|134/326|[from] item: Black Sludge\n|upkeep\n|\n|t:|1770703024\n|switch|p1a: Blaziken|Blaziken, L78, F|253/253\n|turn|27\n|\n|t:|1770703028\n|move|p1a: Blaziken|Flare Blitz|p2a: Swalot\n|-damage|p2a: Swalot|0 fnt\n|faint|p2a: Swalot\n|-damage|p1a: Blaziken|209/253|[from] Recoil\n|-damage|p1a: Blaziken|184/253|[from] item: Life Orb\n|\n|-ability|p1a: Blaziken|Speed Boost|boost\n|-boost|p1a: Blaziken|spe|1\n|upkeep\n|inactive|plop in my pants has 120 seconds left.\n|\n|t:|1770703063\n|switch|p2a: Shiftry|Shiftry, L90, F|308/308\n|-damage|p2a: Shiftry|270/308|[from] Stealth Rock\n|turn|28\n|\n|t:|1770703071\n|move|p1a: Blaziken|Flare Blitz|p2a: Shiftry\n|-supereffective|p2a: Shiftry\n|-damage|p2a: Shiftry|0 fnt\n|faint|p2a: Shiftry\n|-damage|p1a: Blaziken|95/253|[from] Recoil\n|-damage|p1a: Blaziken|70/253|[from] item: Life Orb\n|\n|-ability|p1a: Blaziken|Speed Boost|boost\n|-boost|p1a: Blaziken|spe|1\n|upkeep\n|-message|plop in my pants forfeited.\n|\n|win|may/gen3\n|raw|may&#x2f;gen3's rating: 1679 &rarr; <strong>1704</strong><br />(+25 for winning)\n|raw|plop in my pants's rating: 1759 &rarr; <strong>1734</strong><br />(-25 for losing)\n|l|☆plop in my pants\n|player|p2|\n", "inputlog": ">version ccdc32dd7cde25fd9e4bed64820e885f66e78a4e\n>start {\"formatid\":\"gen7randombattle\",\"seed\":\"sodium,efc774850a011b2d48f7562afbd59e6d\",\"rated\":\"Rated battle\"}\n>player p1 {\"name\":\"may/gen3\",\"avatar\":\"may\",\"rating\":1679,\"seed\":\"sodium,e3590693f52f7b1ea9301b67424063e5\"}\n>player p2 {\"name\":\"plop in my pants\",\"avatar\":\"teamrocket\",\"rating\":1759,\"seed\":\"sodium,43031f090696adea24aaefcbc4a11f2a\"}\n>p1 move freezedry\n>p2 switch 4\n>p1 move toxic\n>p2 move fireblast mega\n>p1 switch 6\n>p2 move nastyplot\n>p1 move protect\n>p2 move fireblast\n>p1 move wish\n>p2 move taunt\n>p1 move moonblast\n>p2 move fireblast\n>p2 switch 5\n>p1 switch 3\n>p2 move return\n>p1 move stealthrock\n>p2 switch 4\n>p1 switch 3\n>p2 move raindance\n>p1 move protect\n>p2 move hydropump\n>p1 move wish\n>p2 move earthquake\n>p1 switch 2\n>p1 move hiddenpower\n>p2 move earthquake\n>p1 switch 6\n>p2 move earthquake\n>p1 move roost\n>p2 move raindance\n>p1 move roost\n>p2 move knockoff\n>p2 switch 2\n>p1 move toxic\n>p2 move plasmafists\n>p1 move freezedry\n>p2 move plasmafists\n>p1 switch 5\n>p1 switch 6\n>p2 switch 4\n>p1 move icebeam\n>p2 move hornleech\n>p1 switch 6\n>p1 move playrough mega\n>p2 move swordsdance\n>p1 move knockoff\n>p2 move substitute\n>p1 move ironhead\n>p2 move return\n>p2 switch 6\n>p1 move ironhead\n>p2 move earthquake\n>p1 switch 3\n>p1 move earthquake\n>p2 move protect\n>p1 move earthquake\n>p2 move earthquake\n>p1 move earthquake\n>p2 move earthquake\n>p1 switch 4\n>p1 move flareblitz\n>p2 move earthquake\n>p2 switch 3\n>p1 move flareblitz\n>p2 move lowkick\n>forcelose p2", "uploadtime": 1770703079, "views": 217, "formatid": "gen7randombattle", "rating": 1704, "private": 0, "password": null}