{"id": "gen7randombattle-2534486255", "format": "[Gen 7] Random Battle", "players": ["AliceTASC", "solamentebobby"], "log": "|j|☆AliceTASC\n|j|☆solamentebobby\n|t:|1770427076\n|gametype|singles\n|player|p1|AliceTASC|dawn|1536\n|player|p2|solamentebobby|170|1547\n|gen|7\n|tier|[Gen 7] Random Battle\n|rated|\n|rule|Sleep Clause Mod: Limit one foe put to sleep\n|rule|HP Percentage Mod: HP is shown in percentages\n|rule|Illusion Level Mod: Illusion disguises the Pokémon's true level\n|\n|t:|1770427076\n|teamsize|p1|6\n|teamsize|p2|6\n|start\n|switch|p1a: Solrock|Solrock, L90|308/308\n|switch|p2a: Gallade|Gallade, L84, M|251/251\n|turn|1\n|inactive|Battle timer is ON: inactive players will automatically lose when time's up. (requested by solamentebobby)\n|\n|t:|1770427098\n|switch|p2a: Spiritomb|Spiritomb, L91, M|239/239\n|move|p1a: Solrock|Will-O-Wisp|p2a: Spiritomb\n|-status|p2a: Spiritomb|brn\n|\n|-damage|p2a: Spiritomb|225/239 brn|[from] brn\n|upkeep\n|turn|2\n|\n|t:|1770427112\n|switch|p1a: Exploud|Exploud, L86, M|319/319\n|move|p2a: Spiritomb|Dark Pulse|p1a: Exploud\n|-damage|p1a: Exploud|210/319\n|\n|-heal|p2a: Spiritomb|239/239 brn|[from] item: Leftovers\n|-damage|p2a: Spiritomb|225/239 brn|[from] brn\n|upkeep\n|turn|3\n|\n|t:|1770427119\n|move|p1a: Exploud|Boomburst|p2a: Spiritomb\n|-damage|p2a: Spiritomb|41/239 brn\n|move|p2a: Spiritomb|Calm Mind|p2a: Spiritomb\n|-boost|p2a: Spiritomb|spa|1\n|-boost|p2a: Spiritomb|spd|1\n|\n|-heal|p2a: Spiritomb|55/239 brn|[from] item: Leftovers\n|-damage|p2a: Spiritomb|41/239 brn|[from] brn\n|upkeep\n|turn|4\n|\n|t:|1770427124\n|move|p1a: Exploud|Boomburst|p2a: Spiritomb\n|-damage|p2a: Spiritomb|0 fnt\n|faint|p2a: Spiritomb\n|\n|upkeep\n|\n|t:|1770427128\n|switch|p2a: Forretress|Forretress, L81, M|254/254\n|turn|5\n|\n|t:|1770427133\n|switch|p1a: Seviper|Seviper, L94, M|290/290\n|move|p2a: Forretress|Stealth Rock|p1a: Seviper\n|-sidestart|p1: AliceTASC|move: Stealth Rock\n|\n|upkeep\n|turn|6\n|\n|t:|1770427144\n|move|p1a: Seviper|Flamethrower|p2a: Forretress\n|-supereffective|p2a: Forretress\n|-ability|p2a: Forretress|Sturdy\n|-damage|p2a: Forretress|1/254\n|-damage|p1a: Seviper|261/290|[from] item: Life Orb\n|move|p2a: Forretress|Gyro Ball|p1a: Seviper\n|-damage|p1a: Seviper|191/290\n|\n|-heal|p2a: Forretress|16/254|[from] item: Leftovers\n|upkeep\n|turn|7\n|\n|t:|1770427160\n|move|p1a: Seviper|Earthquake|p2a: Forretress\n|-damage|p2a: Forretress|0 fnt\n|faint|p2a: Forretress\n|-damage|p1a: Seviper|162/290|[from] item: Life Orb\n|\n|upkeep\n|\n|t:|1770427169\n|switch|p2a: Ninetales|Ninetales-Alola, L78, F|242/242\n|-weather|Hail|[from] ability: Snow Warning|[of] p2a: Ninetales\n|turn|8\n|\n|t:|1770427173\n|move|p2a: Ninetales|Aurora Veil|p2a: Ninetales\n|-sidestart|p2: solamentebobby|move: Aurora Veil\n|move|p1a: Seviper|Sludge Wave|p2a: Ninetales\n|-supereffective|p2a: Ninetales\n|-damage|p2a: Ninetales|0 fnt\n|faint|p2a: Ninetales\n|-damage|p1a: Seviper|133/290|[from] item: Life Orb\n|\n|-weather|Hail|[upkeep]\n|-damage|p1a: Seviper|115/290|[from] Hail\n|upkeep\n|\n|t:|1770427184\n|switch|p2a: Salamence|Salamence, L70, F|249/249\n|-ability|p2a: Salamence|Intimidate|boost\n|-unboost|p1a: Seviper|atk|1\n|turn|9\n|\n|t:|1770427188\n|detailschange|p2a: Salamence|Salamence-Mega, L70, F\n|-mega|p2a: Salamence|Salamence|Salamencite\n|move|p2a: Salamence|Dragon Dance|p2a: Salamence\n|-boost|p2a: Salamence|atk|1\n|-boost|p2a: Salamence|spe|1\n|move|p1a: Seviper|Sludge Wave|p2a: Salamence\n|-damage|p2a: Salamence|53/249\n|-damage|p1a: Seviper|86/290|[from] item: Life Orb\n|\n|-weather|Hail|[upkeep]\n|-damage|p2a: Salamence|38/249|[from] Hail\n|-damage|p1a: Seviper|68/290|[from] Hail\n|upkeep\n|turn|10\n|\n|t:|1770427197\n|move|p1a: Seviper|Sucker Punch|p2a: Salamence\n|-damage|p2a: Salamence|0 fnt\n|faint|p2a: Salamence\n|detailschange|p2: Salamence|Salamence, L70, F|[silent]\n|-damage|p1a: Seviper|39/290|[from] item: Life Orb\n|\n|-weather|Hail|[upkeep]\n|-damage|p1a: Seviper|21/290|[from] Hail\n|upkeep\n|\n|t:|1770427203\n|switch|p2a: Gallade|Gallade, L84, M|251/251\n|turn|11\n|\n|t:|1770427208\n|move|p2a: Gallade|Zen Headbutt|p1a: Seviper\n|-supereffective|p1a: Seviper\n|-damage|p1a: Seviper|0 fnt\n|faint|p1a: Seviper\n|-damage|p2a: Gallade|226/251|[from] item: Life Orb\n|\n|-weather|Hail|[upkeep]\n|-damage|p2a: Gallade|211/251|[from] Hail\n|upkeep\n|\n|t:|1770427219\n|switch|p1a: Solrock|Solrock, L90|308/308\n|-damage|p1a: Solrock|270/308|[from] Stealth Rock\n|turn|12\n|\n|t:|1770427223\n|move|p2a: Gallade|Knock Off|p1a: Solrock\n|-supereffective|p1a: Solrock\n|-damage|p1a: Solrock|62/308\n|-enditem|p1a: Solrock|Leftovers|[from] move: Knock Off|[of] p2a: Gallade\n|-damage|p2a: Gallade|186/251|[from] item: Life Orb\n|move|p1a: Solrock|Will-O-Wisp|p2a: Gallade\n|-status|p2a: Gallade|brn\n|\n|-weather|none\n|-damage|p2a: Gallade|171/251 brn|[from] brn\n|upkeep\n|turn|13\n|\n|t:|1770427230\n|move|p2a: Gallade|Swords Dance|p2a: Gallade\n|-boost|p2a: Gallade|atk|2\n|move|p1a: Solrock|Morning Sun|p1a: Solrock\n|-heal|p1a: Solrock|216/308\n|\n|-damage|p2a: Gallade|156/251 brn|[from] brn\n|upkeep\n|turn|14\n|\n|t:|1770427236\n|move|p2a: Gallade|Knock Off|p1a: Solrock\n|-supereffective|p1a: Solrock\n|-damage|p1a: Solrock|69/308\n|-damage|p2a: Gallade|131/251 brn|[from] item: Life Orb\n|move|p1a: Solrock|Morning Sun|p1a: Solrock\n|-heal|p1a: Solrock|223/308\n|\n|-damage|p2a: Gallade|116/251 brn|[from] brn\n|upkeep\n|turn|15\n|\n|t:|1770427240\n|move|p2a: Gallade|Knock Off|p1a: Solrock\n|-supereffective|p1a: Solrock\n|-damage|p1a: Solrock|87/308\n|-damage|p2a: Gallade|91/251 brn|[from] item: Life Orb\n|move|p1a: Solrock|Earthquake|p2a: Gallade\n|-damage|p2a: Gallade|41/251 brn\n|\n|-damage|p2a: Gallade|26/251 brn|[from] brn\n|-sideend|p2: solamentebobby|move: Aurora Veil\n|upkeep\n|turn|16\n|\n|t:|1770427247\n|move|p2a: Gallade|Knock Off|p1a: Solrock\n|-supereffective|p1a: Solrock\n|-damage|p1a: Solrock|0 fnt\n|faint|p1a: Solrock\n|-damage|p2a: Gallade|1/251 brn|[from] item: Life Orb\n|\n|-damage|p2a: Gallade|0 fnt|[from] brn\n|faint|p2a: Gallade\n|upkeep\n|\n|t:|1770427254\n|switch|p2a: Blacephalon|Blacephalon, L80|215/215\n|switch|p1a: Azumarill|Azumarill, L81, F|294/294\n|-damage|p1a: Azumarill|258/294|[from] Stealth Rock\n|turn|17\n|-message|solamentebobby forfeited.\n|\n|win|AliceTASC\n|raw|AliceTASC's rating: 1536 &rarr; <strong>1557</strong><br />(+21 for winning)\n|raw|solamentebobby's rating: 1547 &rarr; <strong>1526</strong><br />(-21 for losing)\n|l|☆solamentebobby\n|player|p2|\n", "inputlog": ">version ccdc32dd7cde25fd9e4bed64820e885f66e78a4e\n>start {\"formatid\":\"gen7randombattle\",\"seed\":\"sodium,d8e7c35bf52820ad0169377bd3021809\",\"rated\":\"Rated battle\"}\n>player p1 {\"name\":\"AliceTASC\",\"avatar\":\"dawn\",\"rating\":1536,\"seed\":\"sodium,eca67ccc98385349e491d5ce178f61a6\"}\n>player p2 {\"name\":\"solamentebobby\",\"avatar\":\"170\",\"rating\":1547,\"seed\":\"sodium,42869a5588f3f368eafaf73ca1648c21\"}\n>p1 move willowisp\n>p2 switch 5\n>p1 switch 2\n>p2 move darkpulse\n>p1 move boomburst\n>p2 move calmmind\n>p1 move boomburst\n>p2 move darkpulse\n>p2 switch 2\n>p1 switch 3\n>p2 move stealthrock\n>p1 move flamethrower\n>p2 move gyroball\n>p1 move earthquake\n>p2 move voltswitch\n>p2 switch 4\n>p1 move sludgewave\n>p2 move auroraveil\n>p2 switch 6\n>p1 move sludgewave\n>p2 move dragondance mega\n>p1 move suckerpunch\n>p2 move earthquake\n>p2 switch 5\n>p1 move sludgewave\n>p2 move zenheadbutt\n>p1 switch 2\n>p1 move willowisp\n>p2 move knockoff\n>p1 move morningsun\n>p2 move swordsdance\n>p1 move morningsun\n>p2 move knockoff\n>p1 move earthquake\n>p2 move knockoff\n>p1 move morningsun\n>p2 move knockoff\n>p1 switch 6\n>p2 switch 3\n>forcelose p2", "uploadtime": 1770427265, "views": 206, "formatid": "gen7randombattle", "rating": 1526, "private": 0, "password": null}