{"id": "gen7randombattle-2536346543", "format": "[Gen 7] Random Battle", "players": ["nnn361", "La.Hellhound"], "log": "|j|☆nnn361\n|j|‽La.Hellhound\n|t:|1770677201\n|gametype|singles\n|player|p1|nnn361|266|1557\n|player|p2|La.Hellhound|bruno|1742\n|gen|7\n|tier|[Gen 7] Random Battle\n|rated|\n|rule|Sleep Clause Mod: Limit one foe put to sleep\n|rule|HP Percentage Mod: HP is shown in percentages\n|rule|Illusion Level Mod: Illusion disguises the Pokémon's true level\n|\n|t:|1770677201\n|teamsize|p1|6\n|teamsize|p2|6\n|start\n|switch|p1a: Gourgeist|Gourgeist-Large, L91, M|284/284\n|switch|p2a: Reuniclus|Reuniclus, L87, F|333/333\n|-item|p2a: Reuniclus|Life Orb|[from] ability: Frisk|[of] p1a: Gourgeist\n|turn|1\n|inactive|Battle timer is ON: inactive players will automatically lose when time's up. (requested by La.Hellhound)\n|inactive|La.Hellhound has 120 seconds left.\n|inactive|La.Hellhound has 90 seconds left.\n|\n|t:|1770677271\n|switch|p1a: Incineroar|Incineroar, L82, F|290/290\n|-ability|p1a: Incineroar|Intimidate|boost\n|-unboost|p2a: Reuniclus|atk|1\n|switch|p2a: Throh|Throh, L89, M|358/358\n|\n|upkeep\n|turn|2\n|\n|t:|1770677281\n|move|p1a: Incineroar|Fake Out|p2a: Throh\n|-damage|p2a: Throh|329/358\n|cant|p2a: Throh|flinch\n|\n|-heal|p2a: Throh|351/358|[from] item: Leftovers\n|upkeep\n|turn|3\n|\n|t:|1770677287\n|switch|p1a: Lumineon|Lumineon, L93, F|279/279\n|move|p2a: Throh|Knock Off|p1a: Lumineon\n|-damage|p1a: Lumineon|200/279\n|-enditem|p1a: Lumineon|Leftovers|[from] move: Knock Off|[of] p2a: Throh\n|\n|-heal|p2a: Throh|358/358|[from] item: Leftovers\n|upkeep\n|turn|4\n|\n|t:|1770677296\n|move|p1a: Lumineon|Toxic|p2a: Throh\n|-status|p2a: Throh|tox\n|move|p2a: Throh|Circle Throw|p1a: Lumineon|[miss]\n|-miss|p2a: Throh|p1a: Lumineon\n|\n|-damage|p2a: Throh|336/358 tox|[from] psn\n|upkeep\n|turn|5\n|\n|t:|1770677303\n|switch|p1a: Gourgeist|Gourgeist-Large, L91, M|284/284\n|-item|p2a: Throh|Leftovers|[from] ability: Frisk|[of] p1a: Gourgeist\n|move|p2a: Throh|Rest|p2a: Throh\n|-status|p2a: Throh|slp|[from] move: Rest\n|-heal|p2a: Throh|358/358 slp|[silent]\n|\n|upkeep\n|turn|6\n|\n|t:|1770677312\n|switch|p1a: Typhlosion|Typhlosion, L85, M|271/271\n|cant|p2a: Throh|slp\n|move|p2a: Throh|Sleep Talk|p2a: Throh\n|move|p2a: Throh|Knock Off|p1a: Typhlosion|[from] move: Sleep Talk\n|-damage|p1a: Typhlosion|145/271\n|-enditem|p1a: Typhlosion|Choice Specs|[from] move: Knock Off|[of] p2a: Throh\n|\n|upkeep\n|turn|7\n|\n|t:|1770677321\n|move|p1a: Typhlosion|Fire Blast|p2a: Throh\n|-damage|p2a: Throh|232/358 slp\n|cant|p2a: Throh|slp\n|move|p2a: Throh|Sleep Talk|p2a: Throh\n|move|p2a: Throh|Circle Throw|p1a: Typhlosion|[from] move: Sleep Talk\n|-damage|p1a: Typhlosion|33/271\n|drag|p1a: Incineroar|Incineroar, L82, F|290/290\n|-ability|p1a: Incineroar|Intimidate|boost\n|-unboost|p2a: Throh|atk|1\n|\n|-heal|p2a: Throh|254/358 slp|[from] item: Leftovers\n|upkeep\n|turn|8\n|\n|t:|1770677335\n|switch|p2a: Scolipede|Scolipede, L80, F|227/227\n|move|p1a: Incineroar|Overheat|p2a: Scolipede\n|-supereffective|p2a: Scolipede\n|-damage|p2a: Scolipede|0 fnt\n|-unboost|p1a: Incineroar|spa|2\n|faint|p2a: Scolipede\n|\n|upkeep\n|\n|t:|1770677343\n|switch|p2a: Crawdaunt|Crawdaunt, L85, F|246/246\n|turn|9\n|\n|t:|1770677358\n|switch|p1a: Typhlosion|Typhlosion, L85, M|33/271\n|move|p2a: Crawdaunt|Dragon Dance|p2a: Crawdaunt\n|-boost|p2a: Crawdaunt|atk|1\n|-boost|p2a: Crawdaunt|spe|1\n|\n|upkeep\n|turn|10\n|\n|t:|1770677367\n|switch|p1a: Lumineon|Lumineon, L93, F|200/279\n|move|p2a: Crawdaunt|Dragon Dance|p2a: Crawdaunt\n|-boost|p2a: Crawdaunt|atk|1\n|-boost|p2a: Crawdaunt|spe|1\n|\n|upkeep\n|turn|11\n|\n|t:|1770677377\n|move|p2a: Crawdaunt|Knock Off|p1a: Lumineon\n|-damage|p1a: Lumineon|0 fnt\n|faint|p1a: Lumineon\n|-damage|p2a: Crawdaunt|222/246|[from] item: Life Orb\n|\n|upkeep\n|-message|nnn361 forfeited.\n|\n|win|La.Hellhound\n|raw|nnn361's rating: 1583 &rarr; <strong>1572</strong><br />(-11 for losing)\n|raw|La.Hellhound's rating: 1742 &rarr; <strong>1753</strong><br />(+11 for winning)\n|l|☆nnn361\n|player|p1|\n", "inputlog": ">version ccdc32dd7cde25fd9e4bed64820e885f66e78a4e\n>start {\"formatid\":\"gen7randombattle\",\"seed\":\"sodium,0dc24b2c31953cd396ca8f8d11697527\",\"rated\":\"Rated battle\"}\n>player p1 {\"name\":\"nnn361\",\"avatar\":\"266\",\"rating\":1557,\"seed\":\"sodium,efad9aea5a994967aac938282c6333fb\"}\n>player p2 {\"name\":\"La.Hellhound\",\"avatar\":\"bruno\",\"rating\":1742,\"seed\":\"sodium,feecbbb571a4781c4f3f6e3ea6c6e92e\"}\n>p1 switch 2\n>p2 switch 4\n>p1 move fakeout\n>p2 move knockoff\n>p1 switch 6\n>p2 move knockoff\n>p1 move toxic\n>p2 move circlethrow\n>p1 switch 2\n>p2 move rest\n>p1 switch 4\n>p2 move sleeptalk\n>p1 move fireblast\n>p2 move sleeptalk\n>p1 move overheat\n>p2 switch 3\n>p2 switch 5\n>p1 switch 6\n>p2 move dragondance\n>p1 switch 2\n>p2 move dragondance\n>p1 move scald\n>p2 move knockoff\n>forcelose p1", "uploadtime": 1770677382, "views": 205, "formatid": "gen7randombattle", "rating": 1572, "private": 0, "password": null}