{"id": "gen7randombattle-2535761684", "format": "[Gen 7] Random Battle", "players": ["AliceTASC", "Doge136"], "log": "|j|☆AliceTASC\n|j|☆Doge136\n|t:|1770605549\n|gametype|singles\n|player|p1|AliceTASC|dawn|1590\n|player|p2|Doge136|harmony|1739\n|gen|7\n|tier|[Gen 7] Random Battle\n|rated|\n|rule|Sleep Clause Mod: Limit one foe put to sleep\n|rule|HP Percentage Mod: HP is shown in percentages\n|rule|Illusion Level Mod: Illusion disguises the Pokémon's true level\n|\n|t:|1770605549\n|teamsize|p1|6\n|teamsize|p2|6\n|start\n|switch|p1a: Druddigon|Druddigon, L86, F|273/273\n|switch|p2a: Snorlax|Snorlax, L83, F|401/401\n|turn|1\n|inactive|Battle timer is ON: inactive players will automatically lose when time's up. (requested by AliceTASC)\n|\n|t:|1770605574\n|move|p2a: Snorlax|Curse|p2a: Snorlax\n|-unboost|p2a: Snorlax|spe|1\n|-boost|p2a: Snorlax|atk|1\n|-boost|p2a: Snorlax|def|1\n|move|p1a: Druddigon|Dragon Tail|p2a: Snorlax\n|-damage|p2a: Snorlax|334/401\n|drag|p2a: Musharna|Musharna, L89, F|351/351\n|\n|upkeep\n|turn|2\n|\n|t:|1770605587\n|move|p1a: Druddigon|Outrage|p2a: Musharna\n|-damage|p2a: Musharna|192/351\n|-damage|p1a: Druddigon|228/273|[from] item: Rocky Helmet|[of] p2a: Musharna\n|move|p2a: Musharna|Psychic|p1a: Druddigon\n|-damage|p1a: Druddigon|153/273\n|\n|upkeep\n|turn|3\n|\n|t:|1770605594\n|move|p1a: Druddigon|Outrage|p2a: Musharna|[from] lockedmove\n|-damage|p2a: Musharna|29/351\n|-damage|p1a: Druddigon|108/273|[from] item: Rocky Helmet|[of] p2a: Musharna\n|-start|p1a: Druddigon|confusion|[fatigue]\n|move|p2a: Musharna|Moonlight|p2a: Musharna\n|-heal|p2a: Musharna|204/351\n|\n|upkeep\n|turn|4\n|\n|t:|1770605600\n|-activate|p1a: Druddigon|confusion\n|move|p1a: Druddigon|Sucker Punch||[still]\n|-fail|p1a: Druddigon\n|move|p2a: Musharna|Moonlight|p2a: Musharna\n|-heal|p2a: Musharna|351/351\n|\n|upkeep\n|turn|5\n|\n|t:|1770605606\n|move|p2a: Musharna|Toxic|p1a: Druddigon\n|-status|p1a: Druddigon|tox\n|-activate|p1a: Druddigon|confusion\n|move|p1a: Druddigon|Dragon Tail|p2a: Musharna\n|-damage|p2a: Musharna|279/351\n|-damage|p1a: Druddigon|63/273 tox|[from] item: Rocky Helmet|[of] p2a: Musharna\n|drag|p2a: Blissey|Blissey, L85, F|572/572\n|\n|-damage|p1a: Druddigon|46/273 tox|[from] psn\n|upkeep\n|turn|6\n|\n|t:|1770605624\n|switch|p2a: Musharna|Musharna, L89, F|279/351\n|-end|p1a: Druddigon|confusion\n|move|p1a: Druddigon|Gunk Shot|p2a: Musharna\n|-damage|p2a: Musharna|170/351\n|\n|-damage|p1a: Druddigon|12/273 tox|[from] psn\n|upkeep\n|turn|7\n|\n|t:|1770605631\n|move|p2a: Musharna|Moonlight|p2a: Musharna\n|-heal|p2a: Musharna|345/351\n|move|p1a: Druddigon|Dragon Tail|p2a: Musharna\n|-damage|p2a: Musharna|275/351\n|-damage|p1a: Druddigon|0 fnt|[from] item: Rocky Helmet|[of] p2a: Musharna\n|faint|p1a: Druddigon\n|drag|p2a: Nihilego|Nihilego, L79|302/302\n|\n|upkeep\n|\n|t:|1770605637\n|switch|p1a: Mamoswine|Mamoswine, L79, F|303/303\n|turn|8\n|\n|t:|1770605648\n|switch|p2a: Musharna|Musharna, L89, F|275/351\n|move|p1a: Mamoswine|Stealth Rock|p2a: Musharna\n|-sidestart|p2: Doge136|move: Stealth Rock\n|\n|upkeep\n|turn|9\n|\n|t:|1770605656\n|switch|p1a: Genesect|Genesect, L73|224/224\n|-ability|p1a: Genesect|Download|boost\n|-boost|p1a: Genesect|atk|1\n|move|p2a: Musharna|Psychic|p1a: Genesect\n|-resisted|p1a: Genesect\n|-damage|p1a: Genesect|162/224\n|-unboost|p1a: Genesect|spd|1\n|\n|upkeep\n|turn|10\n|\n|t:|1770605664\n|move|p1a: Genesect|Iron Head|p2a: Musharna\n|-damage|p2a: Musharna|119/351\n|-damage|p1a: Genesect|125/224|[from] item: Rocky Helmet|[of] p2a: Musharna\n|-damage|p1a: Genesect|103/224|[from] item: Life Orb\n|cant|p2a: Musharna|flinch\n|\n|upkeep\n|turn|11\n|\n|t:|1770605671\n|move|p1a: Genesect|Iron Head|p2a: Musharna\n|-damage|p2a: Musharna|0 fnt\n|-damage|p1a: Genesect|66/224|[from] item: Rocky Helmet|[of] p2a: Musharna\n|faint|p2a: Musharna\n|-damage|p1a: Genesect|44/224|[from] item: Life Orb\n|\n|upkeep\n|\n|t:|1770605690\n|switch|p2a: Hydreigon|Hydreigon, L82, F|285/285\n|-damage|p2a: Hydreigon|250/285|[from] Stealth Rock\n|turn|12\n|\n|t:|1770605718\n|move|p2a: Hydreigon|Dark Pulse|p1a: Genesect\n|-damage|p1a: Genesect|0 fnt\n|faint|p1a: Genesect\n|\n|-heal|p2a: Hydreigon|267/285|[from] item: Leftovers\n|upkeep\n|inactive|AliceTASC has 120 seconds left.\n|\n|t:|1770605738\n|switch|p1a: Primeape|Primeape, L89, F|260/260\n|turn|13\n|inactive|Doge136 has 120 seconds left.\n|\n|t:|1770605787\n|switch|p2a: Blissey|Blissey, L85, F|572/572\n|-damage|p2a: Blissey|501/572|[from] Stealth Rock\n|move|p1a: Primeape|Close Combat|p2a: Blissey\n|-supereffective|p2a: Blissey\n|-damage|p2a: Blissey|0 fnt\n|-unboost|p1a: Primeape|def|1\n|-unboost|p1a: Primeape|spd|1\n|faint|p2a: Blissey\n|-damage|p1a: Primeape|234/260|[from] item: Life Orb\n|\n|upkeep\n|\n|t:|1770605798\n|switch|p2a: Quagsire|Quagsire, L87, F|307/307\n|-damage|p2a: Quagsire|288/307|[from] Stealth Rock\n|turn|14\n|inactive|AliceTASC has 120 seconds left.\n|inactive|AliceTASC has 90 seconds left.\n|\n|t:|1770605860\n|switch|p1a: Crobat|Crobat, L82, M|274/274\n|move|p2a: Quagsire|Earthquake|p1a: Crobat\n|-immune|p1a: Crobat\n|\n|-heal|p2a: Quagsire|307/307|[from] item: Leftovers\n|upkeep\n|turn|15\n|\n|t:|1770605882\n|switch|p2a: Snorlax|Snorlax, L83, F|334/401\n|-damage|p2a: Snorlax|284/401|[from] Stealth Rock\n|move|p1a: Crobat|Super Fang|p2a: Snorlax\n|-damage|p2a: Snorlax|142/401\n|-enditem|p2a: Snorlax|Iapapa Berry|[eat]\n|-heal|p2a: Snorlax|342/401|[from] item: Iapapa Berry\n|\n|upkeep\n|turn|16\n|inactive|AliceTASC has 90 seconds left.\n|\n|t:|1770605890\n|move|p1a: Crobat|Brave Bird|p2a: Snorlax\n|-damage|p2a: Snorlax|198/401\n|-damage|p1a: Crobat|226/274|[from] Recoil\n|move|p2a: Snorlax|Curse|p2a: Snorlax\n|-unboost|p2a: Snorlax|spe|1\n|-boost|p2a: Snorlax|atk|1\n|-boost|p2a: Snorlax|def|1\n|\n|-heal|p1a: Crobat|243/274|[from] item: Black Sludge\n|upkeep\n|turn|17\n|inactive|AliceTASC has 90 seconds left.\n|\n|t:|1770605903\n|switch|p1a: Farfetch’d|Farfetch’d, M|266/266\n|move|p2a: Snorlax|Recycle|p2a: Snorlax\n|-item|p2a: Snorlax|Iapapa Berry|[from] move: Recycle\n|-enditem|p2a: Snorlax|Iapapa Berry|[eat]\n|-heal|p2a: Snorlax|398/401|[from] item: Iapapa Berry\n|\n|upkeep\n|turn|18\n|inactive|Doge136 has 90 seconds left.\n|\n|t:|1770605939\n|switch|p2a: Hydreigon|Hydreigon, L82, F|267/285\n|-damage|p2a: Hydreigon|232/285|[from] Stealth Rock\n|move|p1a: Farfetch’d|Swords Dance|p1a: Farfetch’d\n|-boost|p1a: Farfetch’d|atk|2\n|\n|-heal|p2a: Hydreigon|249/285|[from] item: Leftovers\n|upkeep\n|turn|19\n|inactive|Doge136 has 90 seconds left.\n|\n|t:|1770605964\n|move|p2a: Hydreigon|Dark Pulse|p1a: Farfetch’d\n|-damage|p1a: Farfetch’d|151/266\n|move|p1a: Farfetch’d|Return|p2a: Hydreigon\n|-damage|p2a: Hydreigon|0 fnt\n|faint|p2a: Hydreigon\n|\n|upkeep\n|\n|t:|1770605970\n|switch|p2a: Nihilego|Nihilego, L79|302/302\n|-damage|p2a: Nihilego|265/302|[from] Stealth Rock\n|turn|20\n|\n|t:|1770605980\n|switch|p1a: Mamoswine|Mamoswine, L79, F|303/303\n|move|p2a: Nihilego|Grass Knot|p1a: Mamoswine\n|-supereffective|p1a: Mamoswine\n|-damage|p1a: Mamoswine|21/303\n|\n|upkeep\n|turn|21\n|\n|t:|1770605986\n|move|p1a: Mamoswine|Ice Shard|p2a: Nihilego\n|-damage|p2a: Nihilego|155/302\n|-damage|p1a: Mamoswine|0 fnt|[from] item: Life Orb\n|faint|p1a: Mamoswine\n|move|p2a: Nihilego|Grass Knot|p1: Mamoswine|[notarget]\n|-fail|p2a: Nihilego\n|\n|upkeep\n|\n|t:|1770605993\n|switch|p1a: Primeape|Primeape, L89, F|234/260\n|turn|22\n|\n|t:|1770605999\n|switch|p2a: Quagsire|Quagsire, L87, F|307/307\n|-damage|p2a: Quagsire|288/307|[from] Stealth Rock\n|move|p1a: Primeape|Close Combat|p2a: Quagsire\n|-damage|p2a: Quagsire|103/307\n|-unboost|p1a: Primeape|def|1\n|-unboost|p1a: Primeape|spd|1\n|-damage|p1a: Primeape|208/260|[from] item: Life Orb\n|\n|-heal|p2a: Quagsire|122/307|[from] item: Leftovers\n|upkeep\n|turn|23\n|inactive|Doge136 has 90 seconds left.\n|\n|t:|1770606006\n|move|p1a: Primeape|Close Combat|p2a: Quagsire\n|-damage|p2a: Quagsire|0 fnt\n|-unboost|p1a: Primeape|def|1\n|-unboost|p1a: Primeape|spd|1\n|faint|p2a: Quagsire\n|-damage|p1a: Primeape|182/260|[from] item: Life Orb\n|\n|upkeep\n|inactive|Doge136 has 90 seconds left.\n|\n|t:|1770606014\n|switch|p2a: Nihilego|Nihilego, L79|155/302\n|-damage|p2a: Nihilego|118/302|[from] Stealth Rock\n|turn|24\n|\n|t:|1770606021\n|move|p2a: Nihilego|Power Gem|p1a: Primeape\n|-resisted|p1a: Primeape\n|-crit|p1a: Primeape\n|-damage|p1a: Primeape|15/260\n|move|p1a: Primeape|Close Combat|p2a: Nihilego\n|-damage|p2a: Nihilego|0 fnt\n|-unboost|p1a: Primeape|def|1\n|-unboost|p1a: Primeape|spd|1\n|faint|p2a: Nihilego\n|-damage|p1a: Primeape|0 fnt|[from] item: Life Orb\n|faint|p1a: Primeape\n|\n|upkeep\n|\n|t:|1770606029\n|switch|p1a: Farfetch’d|Farfetch’d, M|151/266\n|switch|p2a: Snorlax|Snorlax, L83, F|398/401\n|-damage|p2a: Snorlax|348/401|[from] Stealth Rock\n|turn|25\n|\n|t:|1770606041\n|move|p1a: Farfetch’d|Swords Dance|p1a: Farfetch’d\n|-boost|p1a: Farfetch’d|atk|2\n|move|p2a: Snorlax|Curse|p2a: Snorlax\n|-unboost|p2a: Snorlax|spe|1\n|-boost|p2a: Snorlax|atk|1\n|-boost|p2a: Snorlax|def|1\n|\n|upkeep\n|turn|26\n|inactive|Doge136 has 90 seconds left.\n|\n|t:|1770606065\n|move|p1a: Farfetch’d|Brave Bird|p2a: Snorlax\n|-crit|p2a: Snorlax\n|-damage|p2a: Snorlax|0 fnt\n|faint|p2a: Snorlax\n|-damage|p1a: Farfetch’d|36/266|[from] Recoil\n|\n|win|AliceTASC\n|raw|AliceTASC's rating: 1590 &rarr; <strong>1618</strong><br />(+28 for winning)\n|raw|Doge136's rating: 1739 &rarr; <strong>1711</strong><br />(-28 for losing)\n|l|☆Doge136\n|player|p2|\n", "inputlog": ">version ccdc32dd7cde25fd9e4bed64820e885f66e78a4e\n>start {\"formatid\":\"gen7randombattle\",\"seed\":\"sodium,f9ee8a7f07503b07501f01c47b13ac37\",\"rated\":\"Rated battle\"}\n>player p1 {\"name\":\"AliceTASC\",\"avatar\":\"dawn\",\"rating\":1590,\"seed\":\"sodium,35c4290bb71e8284994dcf6007724fee\"}\n>player p2 {\"name\":\"Doge136\",\"avatar\":\"harmony\",\"rating\":1739,\"seed\":\"sodium,500aa1d39ba16844ca85bdcee3b94004\"}\n>p1 move dragontail\n>p2 move curse\n>p1 move outrage\n>p2 move psychic\n>p1 move outrage\n>p2 move moonlight\n>p1 move suckerpunch\n>p2 move moonlight\n>p1 move dragontail\n>p2 move toxic\n>p1 move gunkshot\n>p2 switch 4\n>p1 move dragontail\n>p2 move moonlight\n>p1 switch 5\n>p1 move stealthrock\n>p2 switch 5\n>p1 switch 2\n>p2 move psychic\n>p1 move ironhead\n>p2 move psychic\n>p1 move ironhead\n>p2 move psychic\n>p2 switch 2\n>p1 move ironhead\n>p2 move darkpulse\n>p1 switch 4\n>p1 move closecombat\n>p2 switch 4\n>p2 switch 6\n>p1 switch 6\n>p2 move earthquake\n>p1 move superfang\n>p2 switch 3\n>p1 move bravebird\n>p2 move curse\n>p1 switch 3\n>p2 move recycle\n>p1 move swordsdance\n>p2 switch 4\n>p1 move return\n>p2 move darkpulse\n>p2 switch 5\n>p1 switch 2\n>p2 move grassknot\n>p1 move iceshard\n>p2 move grassknot\n>p1 switch 6\n>p1 move closecombat\n>p2 switch 3\n>p1 move closecombat\n>p2 move recover\n>p2 switch 3\n>p1 move closecombat\n>p2 move powergem\n>p1 switch 2\n>p2 switch 4\n>p1 move swordsdance\n>p2 move curse\n>p1 move bravebird\n>p2 move recycle", "uploadtime": 1770606069, "views": 188, "formatid": "gen7randombattle", "rating": 1618, "private": 0, "password": null}