{"id": "gen7randombattle-2526856396", "format": "[Gen 7] Random Battle", "players": ["Norwayfriend67", "tredden"], "log": "|j|☆Norwayfriend67\n|j|☆tredden\n|t:|1769463915\n|gametype|singles\n|player|p1|Norwayfriend67|hilbert|1561\n|player|p2|tredden|blue|1554\n|gen|7\n|tier|[Gen 7] Random Battle\n|rated|\n|rule|Sleep Clause Mod: Limit one foe put to sleep\n|rule|HP Percentage Mod: HP is shown in percentages\n|rule|Illusion Level Mod: Illusion disguises the Pokémon's true level\n|\n|t:|1769463915\n|teamsize|p1|6\n|teamsize|p2|6\n|start\n|switch|p1a: Tentacruel|Tentacruel, L83, M|268/268\n|switch|p2a: Honchkrow|Honchkrow, L83, F|302/302\n|turn|1\n|inactive|Battle timer is ON: inactive players will automatically lose when time's up. (requested by Norwayfriend67)\n|\n|t:|1769463929\n|move|p1a: Tentacruel|Scald|p2a: Honchkrow\n|-damage|p2a: Honchkrow|199/302\n|move|p2a: Honchkrow|Brave Bird|p1a: Tentacruel\n|-damage|p1a: Tentacruel|11/268\n|-damage|p2a: Honchkrow|114/302|[from] Recoil\n|-damage|p2a: Honchkrow|84/302|[from] item: Life Orb\n|\n|-heal|p1a: Tentacruel|27/268|[from] item: Black Sludge\n|upkeep\n|turn|2\n|\n|t:|1769463938\n|-activate|p1a: Tentacruel|move: Pursuit\n|move|p2a: Honchkrow|Pursuit|p1a: Tentacruel|[from] Pursuit\n|-damage|p1a: Tentacruel|0 fnt\n|faint|p1a: Tentacruel\n|-ability|p2a: Honchkrow|Moxie|boost\n|-boost|p2a: Honchkrow|atk|1\n|-damage|p2a: Honchkrow|54/302|[from] item: Life Orb\n|-hint|A Pokemon can't switch between when it runs out of HP and when it faints\n|\n|upkeep\n|\n|t:|1769463947\n|switch|p1a: Qwilfish|Qwilfish, L86, F|252/252\n|-ability|p1a: Qwilfish|Intimidate|boost\n|-unboost|p2a: Honchkrow|atk|1\n|turn|3\n|\n|t:|1769463952\n|move|p1a: Qwilfish|Spikes|p2a: Honchkrow\n|-sidestart|p2: tredden|Spikes\n|move|p2a: Honchkrow|Brave Bird|p1a: Qwilfish\n|-damage|p1a: Qwilfish|48/252\n|-damage|p2a: Honchkrow|0 fnt|[from] Recoil\n|faint|p2a: Honchkrow\n|\n|-heal|p1a: Qwilfish|63/252|[from] item: Black Sludge\n|upkeep\n|\n|t:|1769463968\n|switch|p2a: Girafarig|Girafarig, L95, M|287/287\n|-damage|p2a: Girafarig|252/287|[from] Spikes\n|turn|4\n|\n|t:|1769463971\n|move|p2a: Girafarig|Psyshock|p1a: Qwilfish\n|-supereffective|p1a: Qwilfish\n|-damage|p1a: Qwilfish|0 fnt\n|faint|p1a: Qwilfish\n|-damage|p2a: Girafarig|224/287|[from] item: Life Orb\n|\n|upkeep\n|\n|t:|1769463977\n|switch|p1a: Vivillon|Vivillon, L85, M|275/275\n|turn|5\n|\n|t:|1769463981\n|move|p2a: Girafarig|Thunderbolt|p1a: Vivillon\n|-supereffective|p1a: Vivillon\n|-damage|p1a: Vivillon|0 fnt\n|faint|p1a: Vivillon\n|-damage|p2a: Girafarig|196/287|[from] item: Life Orb\n|\n|upkeep\n|\n|t:|1769463987\n|switch|p1a: Hydreigon|Hydreigon, L82, F|285/285\n|turn|6\n|\n|t:|1769463990\n|move|p2a: Girafarig|Dazzling Gleam|p1a: Hydreigon\n|-supereffective|p1a: Hydreigon\n|-damage|p1a: Hydreigon|0 fnt\n|faint|p1a: Hydreigon\n|-damage|p2a: Girafarig|168/287|[from] item: Life Orb\n|\n|upkeep\n|\n|t:|1769463996\n|switch|p1a: Mamoswine|Mamoswine, L79, F|303/303\n|turn|7\n|\n|t:|1769464000\n|move|p2a: Girafarig|Psyshock|p1a: Mamoswine\n|-damage|p1a: Mamoswine|159/303\n|-damage|p2a: Girafarig|140/287|[from] item: Life Orb\n|move|p1a: Mamoswine|Earthquake|p2a: Girafarig\n|-damage|p2a: Girafarig|0 fnt\n|faint|p2a: Girafarig\n|-damage|p1a: Mamoswine|129/303|[from] item: Life Orb\n|\n|upkeep\n|\n|t:|1769464010\n|switch|p2a: Araquanid|Araquanid, L81, M|243/243\n|-damage|p2a: Araquanid|213/243|[from] Spikes\n|turn|8\n|\n|t:|1769464013\n|move|p1a: Mamoswine|Stealth Rock|p2a: Araquanid\n|-sidestart|p2: tredden|move: Stealth Rock\n|move|p2a: Araquanid|Liquidation|p1a: Mamoswine\n|-supereffective|p1a: Mamoswine\n|-crit|p1a: Mamoswine\n|-damage|p1a: Mamoswine|0 fnt\n|faint|p1a: Mamoswine\n|\n|-heal|p2a: Araquanid|228/243|[from] item: Leftovers\n|upkeep\n|\n|t:|1769464017\n|switch|p1a: Scizor|Scizor, L75, F|229/229\n|turn|9\n|\n|t:|1769464023\n|detailschange|p1a: Scizor|Scizor-Mega, L75, F\n|-mega|p1a: Scizor|Scizor|Scizorite\n|move|p1a: Scizor|Knock Off|p2a: Araquanid\n|-damage|p2a: Araquanid|155/243\n|-enditem|p2a: Araquanid|Leftovers|[from] move: Knock Off|[of] p1a: Scizor\n|move|p2a: Araquanid|Liquidation|p1a: Scizor\n|-damage|p1a: Scizor|124/229\n|\n|upkeep\n|turn|10\n|\n|t:|1769464031\n|move|p1a: Scizor|Knock Off|p2a: Araquanid\n|-damage|p2a: Araquanid|104/243\n|move|p2a: Araquanid|Liquidation|p1a: Scizor\n|-damage|p1a: Scizor|21/229\n|\n|upkeep\n|turn|11\n|\n|t:|1769464036\n|move|p1a: Scizor|Roost|p1a: Scizor\n|-heal|p1a: Scizor|136/229\n|-singleturn|p1a: Scizor|move: Roost\n|move|p2a: Araquanid|Liquidation|p1a: Scizor\n|-damage|p1a: Scizor|37/229\n|\n|upkeep\n|turn|12\n|\n|t:|1769464041\n|move|p1a: Scizor|Roost|p1a: Scizor\n|-heal|p1a: Scizor|152/229\n|-singleturn|p1a: Scizor|move: Roost\n|move|p2a: Araquanid|Liquidation|p1a: Scizor\n|-damage|p1a: Scizor|58/229\n|\n|upkeep\n|turn|13\n|\n|t:|1769464046\n|move|p1a: Scizor|Roost|p1a: Scizor\n|-heal|p1a: Scizor|173/229\n|-singleturn|p1a: Scizor|move: Roost\n|move|p2a: Araquanid|Liquidation|p1a: Scizor\n|-damage|p1a: Scizor|65/229\n|\n|upkeep\n|turn|14\n|\n|t:|1769464049\n|move|p1a: Scizor|Roost|p1a: Scizor\n|-heal|p1a: Scizor|180/229\n|-singleturn|p1a: Scizor|move: Roost\n|move|p2a: Araquanid|Liquidation|p1a: Scizor\n|-damage|p1a: Scizor|69/229\n|\n|upkeep\n|turn|15\n|\n|t:|1769464057\n|switch|p2a: Hoopa|Hoopa, L86|278/278\n|-damage|p2a: Hoopa|244/278|[from] Spikes\n|-damage|p2a: Hoopa|210/278|[from] Stealth Rock\n|move|p1a: Scizor|Roost|p1a: Scizor\n|-heal|p1a: Scizor|184/229\n|-singleturn|p1a: Scizor|move: Roost\n|\n|upkeep\n|turn|16\n|\n|t:|1769464063\n|move|p1a: Scizor|Bullet Punch|p2a: Hoopa\n|-damage|p2a: Hoopa|116/278\n|move|p2a: Hoopa|Focus Blast|p1a: Scizor\n|-damage|p1a: Scizor|27/229\n|-damage|p2a: Hoopa|89/278|[from] item: Life Orb\n|\n|upkeep\n|turn|17\n|\n|t:|1769464068\n|move|p1a: Scizor|Bullet Punch|p2a: Hoopa\n|-damage|p2a: Hoopa|0 fnt\n|faint|p2a: Hoopa\n|\n|upkeep\n|\n|t:|1769464076\n|switch|p2a: Relicanth|Relicanth, L88, F|319/319\n|-damage|p2a: Relicanth|280/319|[from] Spikes\n|-damage|p2a: Relicanth|241/319|[from] Stealth Rock\n|turn|18\n|\n|t:|1769464081\n|move|p1a: Scizor|Roost|p1a: Scizor\n|-heal|p1a: Scizor|142/229\n|-singleturn|p1a: Scizor|move: Roost\n|move|p2a: Relicanth|Earthquake|p1a: Scizor\n|-damage|p1a: Scizor|84/229\n|\n|-heal|p2a: Relicanth|260/319|[from] item: Leftovers\n|upkeep\n|turn|19\n|\n|t:|1769464089\n|move|p1a: Scizor|Roost|p1a: Scizor\n|-heal|p1a: Scizor|199/229\n|-singleturn|p1a: Scizor|move: Roost\n|move|p2a: Relicanth|Head Smash|p1a: Scizor\n|-damage|p1a: Scizor|72/229\n|\n|-heal|p2a: Relicanth|279/319|[from] item: Leftovers\n|upkeep\n|turn|20\n|\n|t:|1769464094\n|move|p1a: Scizor|Roost|p1a: Scizor\n|-heal|p1a: Scizor|187/229\n|-singleturn|p1a: Scizor|move: Roost\n|move|p2a: Relicanth|Head Smash|p1a: Scizor\n|-damage|p1a: Scizor|51/229\n|\n|-heal|p2a: Relicanth|298/319|[from] item: Leftovers\n|upkeep\n|turn|21\n|\n|t:|1769464098\n|move|p1a: Scizor|Roost|p1a: Scizor\n|-heal|p1a: Scizor|166/229\n|-singleturn|p1a: Scizor|move: Roost\n|move|p2a: Relicanth|Head Smash|p1a: Scizor\n|-damage|p1a: Scizor|46/229\n|\n|-heal|p2a: Relicanth|317/319|[from] item: Leftovers\n|upkeep\n|turn|22\n|\n|t:|1769464106\n|move|p1a: Scizor|Roost|p1a: Scizor\n|-heal|p1a: Scizor|161/229\n|-singleturn|p1a: Scizor|move: Roost\n|move|p2a: Relicanth|Earthquake|p1a: Scizor\n|-damage|p1a: Scizor|106/229\n|\n|-heal|p2a: Relicanth|319/319|[from] item: Leftovers\n|upkeep\n|turn|23\n|\n|t:|1769464111\n|move|p1a: Scizor|Roost|p1a: Scizor\n|-heal|p1a: Scizor|221/229\n|-singleturn|p1a: Scizor|move: Roost\n|move|p2a: Relicanth|Earthquake|p1a: Scizor\n|-damage|p1a: Scizor|161/229\n|\n|upkeep\n|turn|24\n|\n|t:|1769464113\n|move|p1a: Scizor|Knock Off|p2a: Relicanth\n|-damage|p2a: Relicanth|267/319\n|-enditem|p2a: Relicanth|Leftovers|[from] move: Knock Off|[of] p1a: Scizor\n|move|p2a: Relicanth|Head Smash|p1a: Scizor\n|-damage|p1a: Scizor|43/229\n|\n|upkeep\n|turn|25\n|\n|t:|1769464118\n|move|p1a: Scizor|Roost|p1a: Scizor\n|-heal|p1a: Scizor|158/229\n|-singleturn|p1a: Scizor|move: Roost\n|move|p2a: Relicanth|Head Smash|p1a: Scizor|[miss]\n|-miss|p2a: Relicanth|p1a: Scizor\n|\n|upkeep\n|turn|26\n|\n|t:|1769464125\n|move|p1a: Scizor|Bullet Punch|p2a: Relicanth\n|-damage|p2a: Relicanth|215/319\n|move|p2a: Relicanth|Head Smash|p1a: Scizor|[miss]\n|-miss|p2a: Relicanth|p1a: Scizor\n|\n|upkeep\n|turn|27\n|\n|t:|1769464131\n|move|p1a: Scizor|Bullet Punch|p2a: Relicanth\n|-damage|p2a: Relicanth|158/319\n|move|p2a: Relicanth|Earthquake|p1a: Scizor\n|-damage|p1a: Scizor|106/229\n|\n|upkeep\n|turn|28\n|\n|t:|1769464135\n|move|p1a: Scizor|Roost|p1a: Scizor\n|-heal|p1a: Scizor|221/229\n|-singleturn|p1a: Scizor|move: Roost\n|move|p2a: Relicanth|Head Smash|p1a: Scizor\n|-damage|p1a: Scizor|97/229\n|\n|upkeep\n|turn|29\n|\n|t:|1769464142\n|move|p1a: Scizor|Roost|p1a: Scizor\n|-heal|p1a: Scizor|212/229\n|-singleturn|p1a: Scizor|move: Roost\n|move|p2a: Relicanth|Earthquake|p1a: Scizor\n|-damage|p1a: Scizor|153/229\n|\n|upkeep\n|turn|30\n|\n|t:|1769464148\n|move|p1a: Scizor|Bullet Punch|p2a: Relicanth\n|-crit|p2a: Relicanth\n|-damage|p2a: Relicanth|71/319\n|move|p2a: Relicanth|Waterfall|p1a: Scizor\n|-damage|p1a: Scizor|83/229\n|\n|upkeep\n|turn|31\n|\n|t:|1769464152\n|move|p1a: Scizor|Roost|p1a: Scizor\n|-heal|p1a: Scizor|198/229\n|-singleturn|p1a: Scizor|move: Roost\n|move|p2a: Relicanth|Head Smash|p1a: Scizor\n|-damage|p1a: Scizor|63/229\n|\n|upkeep\n|turn|32\n|\n|t:|1769464159\n|move|p1a: Scizor|Roost|p1a: Scizor\n|-heal|p1a: Scizor|178/229\n|-singleturn|p1a: Scizor|move: Roost\n|move|p2a: Relicanth|Earthquake|p1a: Scizor\n|-damage|p1a: Scizor|123/229\n|\n|upkeep\n|turn|33\n|\n|t:|1769464161\n|move|p1a: Scizor|Bullet Punch|p2a: Relicanth\n|-damage|p2a: Relicanth|20/319\n|move|p2a: Relicanth|Waterfall|p1a: Scizor\n|-damage|p1a: Scizor|54/229\n|\n|upkeep\n|turn|34\n|\n|t:|1769464163\n|move|p1a: Scizor|Bullet Punch|p2a: Relicanth\n|-damage|p2a: Relicanth|0 fnt\n|faint|p2a: Relicanth\n|\n|upkeep\n|\n|t:|1769464165\n|switch|p2a: Wormadam|Wormadam-Trash, L86, F|243/243\n|-damage|p2a: Wormadam|213/243|[from] Spikes\n|-damage|p2a: Wormadam|183/243|[from] Stealth Rock\n|turn|35\n|\n|t:|1769464168\n|move|p1a: Scizor|Knock Off|p2a: Wormadam\n|-damage|p2a: Wormadam|112/243\n|-enditem|p2a: Wormadam|Leftovers|[from] move: Knock Off|[of] p1a: Scizor\n|move|p2a: Wormadam|Flash Cannon|p1a: Scizor\n|-resisted|p1a: Scizor\n|-damage|p1a: Scizor|16/229\n|\n|upkeep\n|turn|36\n|\n|t:|1769464174\n|move|p1a: Scizor|Knock Off|p2a: Wormadam\n|-damage|p2a: Wormadam|62/243\n|move|p2a: Wormadam|Flash Cannon|p1a: Scizor\n|-resisted|p1a: Scizor\n|-damage|p1a: Scizor|0 fnt\n|faint|p1a: Scizor\n|detailschange|p1: Scizor|Scizor, L75, F|[silent]\n|\n|win|tredden\n|raw|Norwayfriend67's rating: 1561 &rarr; <strong>1541</strong><br />(-20 for losing)\n|raw|tredden's rating: 1554 &rarr; <strong>1574</strong><br />(+20 for winning)\n", "inputlog": ">version b99ff0165a6231f17e8b78c2a78d1998375de664\n>start {\"formatid\":\"gen7randombattle\",\"seed\":\"sodium,ca67187b2ef6e285cf7f421d66e6244f\",\"rated\":\"Rated battle\"}\n>player p1 {\"name\":\"Norwayfriend67\",\"avatar\":\"hilbert\",\"rating\":1561,\"seed\":\"sodium,549308c902555c2b4632c37ba5b5f60b\"}\n>player p2 {\"name\":\"tredden\",\"avatar\":\"blue\",\"rating\":1554,\"seed\":\"sodium,c02f8199d9ef890a5a44e413f4a4a04c\"}\n>p1 move scald\n>p2 move bravebird\n>p1 switch 2\n>p2 move pursuit\n>p1 switch 5\n>p1 move spikes\n>p2 move bravebird\n>p2 switch 6\n>p1 move waterfall\n>p2 move psyshock\n>p1 switch 3\n>p1 move quiverdance\n>p2 move thunderbolt\n>p1 switch 6\n>p1 move darkpulse\n>p2 move dazzlinggleam\n>p1 switch 4\n>p1 move earthquake\n>p2 move psyshock\n>p2 switch 3\n>p1 move stealthrock\n>p2 move liquidation\n>p1 switch 2\n>p1 move knockoff mega\n>p2 move liquidation\n>p1 move knockoff\n>p2 move liquidation\n>p1 move roost\n>p2 move liquidation\n>p1 move roost\n>p2 move liquidation\n>p1 move roost\n>p2 move liquidation\n>p1 move roost\n>p2 move liquidation\n>p1 move roost\n>p2 switch 2\n>p1 move bulletpunch\n>p2 move focusblast\n>p1 move bulletpunch\n>p2 move psychic\n>p2 switch 5\n>p1 move roost\n>p2 move earthquake\n>p1 move roost\n>p2 move headsmash\n>p1 move roost\n>p2 move headsmash\n>p1 move roost\n>p2 move headsmash\n>p1 move roost\n>p2 move earthquake\n>p1 move roost\n>p2 move earthquake\n>p1 move knockoff\n>p2 move headsmash\n>p1 move roost\n>p2 move headsmash\n>p1 move bulletpunch\n>p2 move headsmash\n>p1 move bulletpunch\n>p2 move earthquake\n>p1 move roost\n>p2 move headsmash\n>p1 move roost\n>p2 move earthquake\n>p1 move bulletpunch\n>p2 move waterfall\n>p1 move roost\n>p2 move headsmash\n>p1 move roost\n>p2 move earthquake\n>p1 move bulletpunch\n>p2 move waterfall\n>p1 move bulletpunch\n>p2 move waterfall\n>p2 switch 4\n>p1 move knockoff\n>p2 move flashcannon\n>p1 move knockoff\n>p2 move flashcannon", "uploadtime": 1769464176, "views": 188, "formatid": "gen7randombattle", "rating": 1541, "private": 0, "password": null}