{"id": "gen7randombattle-2525175604", "format": "[Gen 7] Random Battle", "players": ["wandering lapwing", "may/gen3"], "log": "|j|☆wandering lapwing\n|j|☆may/gen3\n|t:|1769242231\n|gametype|singles\n|player|p1|wandering lapwing|iris|1634\n|player|p2|may/gen3|may|1698\n|gen|7\n|tier|[Gen 7] Random Battle\n|rated|\n|rule|Sleep Clause Mod: Limit one foe put to sleep\n|rule|HP Percentage Mod: HP is shown in percentages\n|rule|Illusion Level Mod: Illusion disguises the Pokémon's true level\n|\n|t:|1769242231\n|teamsize|p1|6\n|teamsize|p2|6\n|start\n|switch|p1a: Landorus|Landorus-Therian, L74, M|254/254\n|switch|p2a: Weavile|Weavile, L79, F|240/240\n|-ability|p1a: Landorus|Intimidate|boost\n|-unboost|p2a: Weavile|atk|1\n|turn|1\n|inactive|Battle timer is ON: inactive players will automatically lose when time's up. (requested by wandering lapwing)\n|\n|t:|1769242244\n|switch|p1a: Scizor|Scizor, L75, F|229/229\n|move|p2a: Weavile|Swords Dance|p2a: Weavile\n|-boost|p2a: Weavile|atk|2\n|\n|upkeep\n|turn|2\n|\n|t:|1769242250\n|switch|p2a: Amoonguss|Amoonguss, L83, M|325/325\n|detailschange|p1a: Scizor|Scizor-Mega, L75, F\n|-mega|p1a: Scizor|Scizor|Scizorite\n|move|p1a: Scizor|Bullet Punch|p2a: Amoonguss\n|-damage|p2a: Amoonguss|241/325\n|-damage|p1a: Scizor|191/229|[from] item: Rocky Helmet|[of] p2a: Amoonguss\n|\n|upkeep\n|turn|3\n|\n|t:|1769242255\n|move|p1a: Scizor|Knock Off|p2a: Amoonguss\n|-damage|p2a: Amoonguss|149/325\n|-damage|p1a: Scizor|153/229|[from] item: Rocky Helmet|[of] p2a: Amoonguss\n|-enditem|p2a: Amoonguss|Rocky Helmet|[from] move: Knock Off|[of] p1a: Scizor\n|move|p2a: Amoonguss|Spore|p1a: Scizor\n|-status|p1a: Scizor|slp|[from] move: Spore\n|\n|upkeep\n|turn|4\n|\n|t:|1769242264\n|switch|p2a: Eelektross|Eelektross, L88, M|293/293\n|cant|p1a: Scizor|slp\n|\n|upkeep\n|turn|5\n|\n|t:|1769242270\n|switch|p1a: Darmanitan|Darmanitan, L82, F|306/306\n|move|p2a: Eelektross|Flamethrower|p1a: Darmanitan\n|-resisted|p1a: Darmanitan\n|-damage|p1a: Darmanitan|248/306\n|\n|upkeep\n|turn|6\n|\n|t:|1769242273\n|switch|p2a: Starmie|Starmie, L84|238/238\n|move|p1a: Darmanitan|Flare Blitz|p2a: Starmie\n|-resisted|p2a: Starmie\n|-damage|p2a: Starmie|105/238\n|-damage|p1a: Darmanitan|204/306|[from] Recoil\n|\n|-heal|p2a: Starmie|119/238|[from] item: Leftovers\n|upkeep\n|turn|7\n|\n|t:|1769242279\n|switch|p1a: Beheeyem|Beheeyem, L93, M|290/290\n|move|p2a: Starmie|Scald|p1a: Beheeyem\n|-damage|p1a: Beheeyem|212/290\n|-status|p1a: Beheeyem|brn\n|\n|-heal|p2a: Starmie|133/238|[from] item: Leftovers\n|-damage|p1a: Beheeyem|194/290 brn|[from] brn\n|upkeep\n|turn|8\n|\n|t:|1769242282\n|switch|p2a: Spiritomb|Spiritomb, L91, M|239/239\n|move|p1a: Beheeyem|Signal Beam|p2a: Spiritomb\n|-damage|p2a: Spiritomb|132/239\n|-damage|p1a: Beheeyem|165/290 brn|[from] item: Life Orb\n|\n|-heal|p2a: Spiritomb|146/239|[from] item: Leftovers\n|-damage|p1a: Beheeyem|147/290 brn|[from] brn\n|upkeep\n|turn|9\n|\n|t:|1769242292\n|switch|p1a: Ho-Oh|Ho-Oh, L72|272/272\n|move|p2a: Spiritomb|Dark Pulse|p1a: Ho-Oh\n|-damage|p1a: Ho-Oh|202/272\n|\n|-heal|p1a: Ho-Oh|219/272|[from] item: Leftovers\n|-heal|p2a: Spiritomb|160/239|[from] item: Leftovers\n|upkeep\n|turn|10\n|\n|t:|1769242299\n|switch|p2a: Starmie|Starmie, L84|133/238\n|move|p1a: Ho-Oh|Brave Bird|p2a: Starmie\n|-damage|p2a: Starmie|6/238\n|-damage|p1a: Ho-Oh|177/272|[from] Recoil\n|\n|-heal|p2a: Starmie|20/238|[from] item: Leftovers\n|-heal|p1a: Ho-Oh|194/272|[from] item: Leftovers\n|upkeep\n|turn|11\n|\n|t:|1769242302\n|switch|p1a: Beheeyem|Beheeyem, L93, M|147/290 brn\n|move|p2a: Starmie|Recover|p2a: Starmie\n|-heal|p2a: Starmie|139/238\n|\n|-heal|p2a: Starmie|153/238|[from] item: Leftovers\n|-damage|p1a: Beheeyem|129/290 brn|[from] brn\n|upkeep\n|turn|12\n|\n|t:|1769242305\n|switch|p2a: Spiritomb|Spiritomb, L91, M|160/239\n|move|p1a: Beheeyem|Recover|p1a: Beheeyem\n|-heal|p1a: Beheeyem|274/290 brn\n|\n|-heal|p2a: Spiritomb|174/239|[from] item: Leftovers\n|-damage|p1a: Beheeyem|256/290 brn|[from] brn\n|upkeep\n|turn|13\n|\n|t:|1769242309\n|switch|p1a: Ho-Oh|Ho-Oh, L72|272/272\n|switch|p2a: Komala|Komala, L88, F|258/258\n|-ability|p2a: Komala|Comatose\n|\n|upkeep\n|turn|14\n|\n|t:|1769242316\n|switch|p1a: Landorus|Landorus-Therian, L74, M|254/254\n|-ability|p1a: Landorus|Intimidate|boost\n|-unboost|p2a: Komala|atk|1\n|move|p2a: Komala|Return|p1a: Landorus\n|-damage|p1a: Landorus|115/254\n|\n|upkeep\n|turn|15\n|\n|t:|1769242322\n|-zpower|p1a: Landorus\n|move|p1a: Landorus|Supersonic Skystrike|p2a: Komala|[zeffect]\n|-damage|p2a: Komala|20/258\n|move|p2a: Komala|Return|p1a: Landorus\n|-damage|p1a: Landorus|0 fnt\n|faint|p1a: Landorus\n|\n|upkeep\n|\n|t:|1769242336\n|switch|p1a: Ho-Oh|Ho-Oh, L72|272/272\n|turn|16\n|\n|t:|1769242339\n|move|p1a: Ho-Oh|Brave Bird|p2a: Komala\n|-damage|p2a: Komala|0 fnt\n|faint|p2a: Komala\n|-damage|p1a: Ho-Oh|265/272|[from] Recoil\n|\n|-heal|p1a: Ho-Oh|272/272|[from] item: Leftovers\n|upkeep\n|\n|t:|1769242343\n|switch|p2a: Weavile|Weavile, L79, F|240/240\n|turn|17\n|\n|t:|1769242348\n|move|p2a: Weavile|Icicle Crash|p1a: Ho-Oh\n|-damage|p1a: Ho-Oh|142/272\n|-damage|p2a: Weavile|216/240|[from] item: Life Orb\n|move|p1a: Ho-Oh|Sacred Fire|p2a: Weavile\n|-supereffective|p2a: Weavile\n|-damage|p2a: Weavile|0 fnt\n|faint|p2a: Weavile\n|\n|-heal|p1a: Ho-Oh|159/272|[from] item: Leftovers\n|upkeep\n|\n|t:|1769242351\n|switch|p2a: Starmie|Starmie, L84|153/238\n|turn|18\n|\n|t:|1769242356\n|switch|p1a: Beheeyem|Beheeyem, L93, M|256/290 brn\n|move|p2a: Starmie|Scald|p1a: Beheeyem\n|-damage|p1a: Beheeyem|186/290 brn\n|\n|-heal|p2a: Starmie|167/238|[from] item: Leftovers\n|-damage|p1a: Beheeyem|168/290 brn|[from] brn\n|upkeep\n|turn|19\n|\n|t:|1769242361\n|switch|p2a: Spiritomb|Spiritomb, L91, M|174/239\n|move|p1a: Beheeyem|Thunderbolt|p2a: Spiritomb\n|-damage|p2a: Spiritomb|53/239\n|-damage|p1a: Beheeyem|139/290 brn|[from] item: Life Orb\n|\n|-heal|p2a: Spiritomb|67/239|[from] item: Leftovers\n|-damage|p1a: Beheeyem|121/290 brn|[from] brn\n|upkeep\n|turn|20\n|\n|t:|1769242366\n|switch|p1a: Ho-Oh|Ho-Oh, L72|249/272\n|move|p2a: Spiritomb|Rest|p2a: Spiritomb\n|-status|p2a: Spiritomb|slp|[from] move: Rest\n|-heal|p2a: Spiritomb|239/239 slp|[silent]\n|\n|-heal|p1a: Ho-Oh|266/272|[from] item: Leftovers\n|upkeep\n|turn|21\n|\n|t:|1769242370\n|move|p1a: Ho-Oh|Brave Bird|p2a: Spiritomb\n|-damage|p2a: Spiritomb|139/239 slp\n|-damage|p1a: Ho-Oh|233/272|[from] Recoil\n|cant|p2a: Spiritomb|slp\n|move|p2a: Spiritomb|Sleep Talk|p2a: Spiritomb\n|move|p2a: Spiritomb|Calm Mind|p2a: Spiritomb|[from] move: Sleep Talk\n|-boost|p2a: Spiritomb|spa|1\n|-boost|p2a: Spiritomb|spd|1\n|\n|-heal|p1a: Ho-Oh|250/272|[from] item: Leftovers\n|-heal|p2a: Spiritomb|153/239 slp|[from] item: Leftovers\n|upkeep\n|turn|22\n|\n|t:|1769242373\n|move|p1a: Ho-Oh|Brave Bird|p2a: Spiritomb\n|-damage|p2a: Spiritomb|56/239 slp\n|-damage|p1a: Ho-Oh|218/272|[from] Recoil\n|cant|p2a: Spiritomb|slp\n|move|p2a: Spiritomb|Sleep Talk|p2a: Spiritomb\n|move|p2a: Spiritomb|Calm Mind|p2a: Spiritomb|[from] move: Sleep Talk\n|-boost|p2a: Spiritomb|spa|1\n|-boost|p2a: Spiritomb|spd|1\n|\n|-heal|p1a: Ho-Oh|235/272|[from] item: Leftovers\n|-heal|p2a: Spiritomb|70/239 slp|[from] item: Leftovers\n|upkeep\n|turn|23\n|\n|t:|1769242378\n|move|p1a: Ho-Oh|Brave Bird|p2a: Spiritomb\n|-damage|p2a: Spiritomb|0 fnt\n|faint|p2a: Spiritomb\n|-damage|p1a: Ho-Oh|212/272|[from] Recoil\n|\n|-heal|p1a: Ho-Oh|229/272|[from] item: Leftovers\n|upkeep\n|\n|t:|1769242382\n|switch|p2a: Starmie|Starmie, L84|167/238\n|turn|24\n|\n|t:|1769242390\n|switch|p1a: Scizor|Scizor-Mega, L75, F|153/229 slp\n|move|p2a: Starmie|Scald|p1a: Scizor\n|-damage|p1a: Scizor|71/229 slp\n|\n|-heal|p2a: Starmie|181/238|[from] item: Leftovers\n|upkeep\n|turn|25\n|\n|t:|1769242395\n|cant|p1a: Scizor|slp\n|move|p2a: Starmie|Scald|p1a: Scizor\n|-damage|p1a: Scizor|0 fnt\n|faint|p1a: Scizor\n|detailschange|p1: Scizor|Scizor, L75, F|[silent]\n|\n|-heal|p2a: Starmie|195/238|[from] item: Leftovers\n|upkeep\n|\n|t:|1769242398\n|switch|p1a: Beheeyem|Beheeyem, L93, M|121/290 brn\n|turn|26\n|\n|t:|1769242401\n|switch|p2a: Eelektross|Eelektross, L88, M|293/293\n|move|p1a: Beheeyem|Recover|p1a: Beheeyem\n|-heal|p1a: Beheeyem|266/290 brn\n|\n|-damage|p1a: Beheeyem|248/290 brn|[from] brn\n|upkeep\n|turn|27\n|\n|t:|1769242412\n|switch|p1a: Ho-Oh|Ho-Oh, L72|272/272\n|move|p2a: Eelektross|U-turn|p1a: Ho-Oh\n|-resisted|p1a: Ho-Oh\n|-damage|p1a: Ho-Oh|255/272\n|\n|t:|1769242414\n|switch|p2a: Starmie|Starmie, L84|195/238|[from] U-turn\n|\n|-heal|p2a: Starmie|209/238|[from] item: Leftovers\n|-heal|p1a: Ho-Oh|272/272|[from] item: Leftovers\n|upkeep\n|turn|28\n|\n|t:|1769242417\n|switch|p1a: Beheeyem|Beheeyem, L93, M|248/290 brn\n|move|p2a: Starmie|Scald|p1a: Beheeyem\n|-damage|p1a: Beheeyem|178/290 brn\n|\n|-heal|p2a: Starmie|223/238|[from] item: Leftovers\n|-damage|p1a: Beheeyem|160/290 brn|[from] brn\n|upkeep\n|turn|29\n|\n|t:|1769242421\n|switch|p2a: Eelektross|Eelektross, L88, M|293/293\n|move|p1a: Beheeyem|Signal Beam|p2a: Eelektross\n|-damage|p2a: Eelektross|201/293\n|-damage|p1a: Beheeyem|131/290 brn|[from] item: Life Orb\n|\n|-damage|p1a: Beheeyem|113/290 brn|[from] brn\n|upkeep\n|turn|30\n|\n|t:|1769242424\n|move|p2a: Eelektross|U-turn|p1a: Beheeyem\n|-supereffective|p1a: Beheeyem\n|-damage|p1a: Beheeyem|0 fnt\n|faint|p1a: Beheeyem\n|\n|t:|1769242428\n|switch|p2a: Starmie|Starmie, L84|223/238|[from] U-turn\n|\n|-heal|p2a: Starmie|237/238|[from] item: Leftovers\n|upkeep\n|\n|t:|1769242430\n|switch|p1a: Gorebyss|Gorebyss, L85, M|231/231\n|turn|31\n|\n|t:|1769242434\n|move|p2a: Starmie|Thunder Wave|p1a: Gorebyss\n|-status|p1a: Gorebyss|par\n|cant|p1a: Gorebyss|par\n|\n|-heal|p2a: Starmie|238/238|[from] item: Leftovers\n|upkeep\n|turn|32\n|\n|t:|1769242441\n|switch|p2a: Eelektross|Eelektross, L88, M|201/293\n|move|p1a: Gorebyss|Hidden Power|p2a: Eelektross\n|-damage|p2a: Eelektross|165/293\n|\n|upkeep\n|turn|33\n|\n|t:|1769242448\n|switch|p1a: Darmanitan|Darmanitan, L82, F|204/306\n|move|p2a: Eelektross|Discharge|p1a: Darmanitan\n|-damage|p1a: Darmanitan|74/306\n|-status|p1a: Darmanitan|par\n|\n|upkeep\n|turn|34\n|\n|t:|1769242452\n|move|p2a: Eelektross|Discharge|p1a: Darmanitan\n|-damage|p1a: Darmanitan|0 fnt\n|faint|p1a: Darmanitan\n|\n|upkeep\n|\n|t:|1769242454\n|switch|p1a: Ho-Oh|Ho-Oh, L72|272/272\n|turn|35\n|\n|t:|1769242458\n|move|p1a: Ho-Oh|Sacred Fire|p2a: Eelektross\n|-damage|p2a: Eelektross|60/293\n|-status|p2a: Eelektross|brn\n|move|p2a: Eelektross|Discharge|p1a: Ho-Oh\n|-supereffective|p1a: Ho-Oh\n|-damage|p1a: Ho-Oh|128/272\n|\n|-heal|p1a: Ho-Oh|145/272|[from] item: Leftovers\n|-damage|p2a: Eelektross|42/293 brn|[from] brn\n|upkeep\n|turn|36\n|\n|t:|1769242467\n|switch|p2a: Starmie|Starmie, L84|238/238\n|move|p1a: Ho-Oh|Brave Bird|p2a: Starmie\n|-damage|p2a: Starmie|121/238\n|-damage|p1a: Ho-Oh|106/272|[from] Recoil\n|\n|-heal|p2a: Starmie|135/238|[from] item: Leftovers\n|-heal|p1a: Ho-Oh|123/272|[from] item: Leftovers\n|upkeep\n|turn|37\n|\n|t:|1769242471\n|switch|p1a: Gorebyss|Gorebyss, L85, M|231/231 par\n|move|p2a: Starmie|Scald|p1a: Gorebyss\n|-resisted|p1a: Gorebyss\n|-damage|p1a: Gorebyss|186/231 par\n|\n|-heal|p2a: Starmie|149/238|[from] item: Leftovers\n|upkeep\n|turn|38\n|\n|t:|1769242476\n|switch|p2a: Eelektross|Eelektross, L88, M|42/293 brn\n|cant|p1a: Gorebyss|par\n|\n|-damage|p2a: Eelektross|24/293 brn|[from] brn\n|upkeep\n|turn|39\n|\n|t:|1769242483\n|switch|p1a: Ho-Oh|Ho-Oh, L72|213/272\n|move|p2a: Eelektross|Discharge|p1a: Ho-Oh\n|-supereffective|p1a: Ho-Oh\n|-damage|p1a: Ho-Oh|67/272\n|\n|-heal|p1a: Ho-Oh|84/272|[from] item: Leftovers\n|-damage|p2a: Eelektross|6/293 brn|[from] brn\n|upkeep\n|turn|40\n|\n|t:|1769242493\n|switch|p2a: Starmie|Starmie, L84|149/238\n|move|p1a: Ho-Oh|Roost|p1a: Ho-Oh\n|-heal|p1a: Ho-Oh|220/272\n|-singleturn|p1a: Ho-Oh|move: Roost\n|\n|-heal|p2a: Starmie|163/238|[from] item: Leftovers\n|-heal|p1a: Ho-Oh|237/272|[from] item: Leftovers\n|upkeep\n|turn|41\n|\n|t:|1769242496\n|switch|p1a: Gorebyss|Gorebyss, L85, M|186/231 par\n|move|p2a: Starmie|Scald|p1a: Gorebyss\n|-resisted|p1a: Gorebyss\n|-damage|p1a: Gorebyss|141/231 par\n|\n|-heal|p2a: Starmie|177/238|[from] item: Leftovers\n|upkeep\n|turn|42\n|\n|t:|1769242500\n|switch|p2a: Amoonguss|Amoonguss, L83, M|257/325\n|move|p1a: Gorebyss|Hidden Power|p2a: Amoonguss\n|-resisted|p2a: Amoonguss\n|-damage|p2a: Amoonguss|245/325\n|\n|upkeep\n|turn|43\n|\n|t:|1769242504\n|switch|p1a: Ho-Oh|Ho-Oh, L72|272/272\n|move|p2a: Amoonguss|Sludge Bomb|p1a: Ho-Oh\n|-damage|p1a: Ho-Oh|209/272\n|-status|p1a: Ho-Oh|psn\n|\n|-heal|p1a: Ho-Oh|226/272 psn|[from] item: Leftovers\n|-damage|p1a: Ho-Oh|192/272 psn|[from] psn\n|upkeep\n|turn|44\n|\n|t:|1769242512\n|switch|p2a: Eelektross|Eelektross, L88, M|6/293 brn\n|move|p1a: Ho-Oh|Brave Bird|p2a: Eelektross\n|-resisted|p2a: Eelektross\n|-damage|p2a: Eelektross|0 fnt\n|faint|p2a: Eelektross\n|-damage|p1a: Ho-Oh|190/272 psn|[from] Recoil\n|\n|-heal|p1a: Ho-Oh|207/272 psn|[from] item: Leftovers\n|-damage|p1a: Ho-Oh|173/272 psn|[from] psn\n|upkeep\n|\n|t:|1769242516\n|switch|p2a: Starmie|Starmie, L84|177/238\n|turn|45\n|\n|t:|1769242519\n|switch|p1a: Gorebyss|Gorebyss, L85, M|141/231 par\n|move|p2a: Starmie|Scald|p1a: Gorebyss\n|-resisted|p1a: Gorebyss\n|-damage|p1a: Gorebyss|91/231 par\n|\n|-heal|p2a: Starmie|191/238|[from] item: Leftovers\n|upkeep\n|turn|46\n|\n|t:|1769242524\n|move|p2a: Starmie|Scald|p1a: Gorebyss\n|-resisted|p1a: Gorebyss\n|-damage|p1a: Gorebyss|44/231 par\n|cant|p1a: Gorebyss|par\n|\n|-heal|p2a: Starmie|205/238|[from] item: Leftovers\n|upkeep\n|turn|47\n|\n|t:|1769242527\n|move|p2a: Starmie|Scald|p1a: Gorebyss\n|-resisted|p1a: Gorebyss\n|-damage|p1a: Gorebyss|0 fnt\n|faint|p1a: Gorebyss\n|\n|-heal|p2a: Starmie|219/238|[from] item: Leftovers\n|upkeep\n|\n|t:|1769242529\n|switch|p1a: Ho-Oh|Ho-Oh, L72|263/272 psn\n|turn|48\n|\n|t:|1769242532\n|move|p2a: Starmie|Scald|p1a: Ho-Oh\n|-supereffective|p1a: Ho-Oh\n|-damage|p1a: Ho-Oh|135/272 psn\n|move|p1a: Ho-Oh|Toxic|p2a: Starmie|[miss]\n|-miss|p1a: Ho-Oh|p2a: Starmie\n|\n|-heal|p2a: Starmie|233/238|[from] item: Leftovers\n|-heal|p1a: Ho-Oh|152/272 psn|[from] item: Leftovers\n|-damage|p1a: Ho-Oh|118/272 psn|[from] psn\n|upkeep\n|turn|49\n|-message|wandering lapwing forfeited.\n|\n|win|may/gen3\n|raw|wandering lapwing's rating: 1634 &rarr; <strong>1618</strong><br />(-16 for losing)\n|raw|may&#x2f;gen3's rating: 1698 &rarr; <strong>1714</strong><br />(+16 for winning)\n|l|☆wandering lapwing\n|player|p1|\n", "inputlog": ">version b99ff0165a6231f17e8b78c2a78d1998375de664\n>start {\"formatid\":\"gen7randombattle\",\"seed\":\"sodium,669adee2c15059d36aa7c97d363ee95e\",\"rated\":\"Rated battle\"}\n>player p1 {\"name\":\"wandering lapwing\",\"avatar\":\"iris\",\"rating\":1634,\"seed\":\"sodium,0390ae469342161fcfc06827ff0cc378\"}\n>player p2 {\"name\":\"may/gen3\",\"avatar\":\"may\",\"rating\":1698,\"seed\":\"sodium,cd07bf5431a1c0f074a763bb0ae8e3dd\"}\n>p1 switch 6\n>p2 move swordsdance\n>p1 move bulletpunch mega\n>p2 switch 2\n>p1 move knockoff\n>p2 move spore\n>p1 move roost\n>p2 switch 4\n>p1 switch 5\n>p2 move flamethrower\n>p1 move flareblitz\n>p2 switch 6\n>p1 switch 3\n>p2 move scald\n>p1 move signalbeam\n>p2 switch 5\n>p1 switch 4\n>p2 move darkpulse\n>p1 move bravebird\n>p2 switch 5\n>p1 switch 4\n>p2 move recover\n>p1 move recover\n>p2 switch 5\n>p1 switch 4\n>p2 switch 3\n>p1 switch 6\n>p2 move return\n>p1 move fly zmove\n>p2 move return\n>p1 switch 6\n>p1 move bravebird\n>p2 move return\n>p2 switch 2\n>p1 move sacredfire\n>p2 move iciclecrash\n>p2 switch 5\n>p1 switch 4\n>p2 move scald\n>p1 move thunderbolt\n>p2 switch 3\n>p1 switch 4\n>p2 move rest\n>p1 move bravebird\n>p2 move sleeptalk\n>p1 move bravebird\n>p2 move sleeptalk\n>p1 move bravebird\n>p2 move rest\n>p2 switch 3\n>p1 switch 5\n>p2 move scald\n>p1 move bulletpunch\n>p2 move scald\n>p1 switch 4\n>p1 move recover\n>p2 switch 6\n>p1 switch 5\n>p2 move uturn\n>p2 switch 6\n>p1 switch 5\n>p2 move scald\n>p1 move signalbeam\n>p2 switch 6\n>p1 move recover\n>p2 move uturn\n>p2 switch 6\n>p1 switch 2\n>p1 move shellsmash\n>p2 move thunderwave\n>p1 move hiddenpower\n>p2 switch 6\n>p1 switch 3\n>p2 move discharge\n>p1 move flareblitz\n>p2 move discharge\n>p1 switch 5\n>p1 move sacredfire\n>p2 move discharge\n>p1 move bravebird\n>p2 switch 6\n>p1 switch 3\n>p2 move scald\n>p1 move icebeam\n>p2 switch 6\n>p1 switch 3\n>p2 move discharge\n>p1 move roost\n>p2 switch 6\n>p1 switch 3\n>p2 move scald\n>p1 move hiddenpower\n>p2 switch 4\n>p1 switch 3\n>p2 move sludgebomb\n>p1 move bravebird\n>p2 switch 6\n>p2 switch 4\n>p1 switch 3\n>p2 move scald\n>p1 move icebeam\n>p2 move scald\n>p1 move hiddenpower\n>p2 move scald\n>p1 switch 3\n>p1 move toxic\n>p2 move scald\n>forcelose p1", "uploadtime": 1769242539, "views": 249, "formatid": "gen7randombattle", "rating": 1618, "private": 0, "password": null}