{"id": "gen7randombattle-2534123895", "format": "[Gen 7] Random Battle", "players": ["q6227409q", "ILikeToSkibidiYou"], "log": "|j|☆q6227409q\n|j|☆ILikeToSkibidiYou\n|t:|1770389986\n|gametype|singles\n|player|p1|q6227409q|170|1596\n|player|p2|ILikeToSkibidiYou|ninjaboy|1550\n|gen|7\n|tier|[Gen 7] Random Battle\n|rated|\n|rule|Sleep Clause Mod: Limit one foe put to sleep\n|rule|HP Percentage Mod: HP is shown in percentages\n|rule|Illusion Level Mod: Illusion disguises the Pokémon's true level\n|\n|t:|1770389986\n|teamsize|p1|6\n|teamsize|p2|6\n|start\n|switch|p1a: Floatzel|Floatzel, L86, F|286/286\n|switch|p2a: Umbreon|Umbreon, L84, F|297/297\n|turn|1\n|\n|t:|1770390001\n|move|p1a: Floatzel|Substitute|p1a: Floatzel\n|-start|p1a: Floatzel|Substitute\n|-damage|p1a: Floatzel|215/286\n|move|p2a: Umbreon|Foul Play|p1a: Floatzel\n|-end|p1a: Floatzel|Substitute\n|\n|-heal|p1a: Floatzel|232/286|[from] item: Leftovers\n|upkeep\n|turn|2\n|\n|t:|1770390013\n|move|p1a: Floatzel|Bulk Up|p1a: Floatzel\n|-boost|p1a: Floatzel|atk|1\n|-boost|p1a: Floatzel|def|1\n|move|p2a: Umbreon|Toxic|p1a: Floatzel\n|-status|p1a: Floatzel|tox\n|\n|-heal|p1a: Floatzel|249/286 tox|[from] item: Leftovers\n|-damage|p1a: Floatzel|232/286 tox|[from] psn\n|upkeep\n|turn|3\n|\n|t:|1770390022\n|move|p1a: Floatzel|Liquidation|p2a: Umbreon\n|-damage|p2a: Umbreon|170/297\n|move|p2a: Umbreon|Foul Play|p1a: Floatzel\n|-damage|p1a: Floatzel|93/286 tox\n|\n|-heal|p1a: Floatzel|110/286 tox|[from] item: Leftovers\n|-heal|p2a: Umbreon|188/297|[from] item: Leftovers\n|-damage|p1a: Floatzel|76/286 tox|[from] psn\n|upkeep\n|turn|4\n|\n|t:|1770390030\n|move|p1a: Floatzel|Liquidation|p2a: Umbreon\n|-damage|p2a: Umbreon|50/297\n|move|p2a: Umbreon|Moonlight|p2a: Umbreon\n|-heal|p2a: Umbreon|198/297\n|\n|-heal|p1a: Floatzel|93/286 tox|[from] item: Leftovers\n|-heal|p2a: Umbreon|216/297|[from] item: Leftovers\n|-damage|p1a: Floatzel|42/286 tox|[from] psn\n|upkeep\n|turn|5\n|\n|t:|1770390039\n|move|p1a: Floatzel|Liquidation|p2a: Umbreon\n|-damage|p2a: Umbreon|89/297\n|move|p2a: Umbreon|Moonlight|p2a: Umbreon\n|-heal|p2a: Umbreon|237/297\n|\n|-heal|p1a: Floatzel|59/286 tox|[from] item: Leftovers\n|-heal|p2a: Umbreon|255/297|[from] item: Leftovers\n|-damage|p1a: Floatzel|0 fnt|[from] psn\n|faint|p1a: Floatzel\n|upkeep\n|inactive|Battle timer is ON: inactive players will automatically lose when time's up. (requested by q6227409q)\n|\n|t:|1770390048\n|switch|p1a: Pangoro|Pangoro, L86, F|304/304\n|turn|6\n|\n|t:|1770390062\n|switch|p2a: Garchomp|Garchomp, L75, M|286/286\n|switch|p1a: Dialga|Dialga, L74|270/270\n|-ability|p1a: Dialga|Pressure\n|\n|upkeep\n|turn|7\n|\n|t:|1770390077\n|move|p2a: Garchomp|Earthquake|p1a: Dialga\n|-supereffective|p1a: Dialga\n|-damage|p1a: Dialga|66/270\n|move|p1a: Dialga|Draco Meteor|p2a: Garchomp\n|-supereffective|p2a: Garchomp\n|-damage|p2a: Garchomp|0 fnt\n|-unboost|p1a: Dialga|spa|2\n|faint|p2a: Garchomp\n|\n|upkeep\n|\n|t:|1770390086\n|switch|p2a: Zangoose|Zangoose, L86, F|266/266\n|turn|8\n|\n|t:|1770390093\n|move|p2a: Zangoose|Knock Off|p1a: Dialga\n|-damage|p1a: Dialga|0 fnt\n|-enditem|p1a: Dialga|Assault Vest|[from] move: Knock Off|[of] p2a: Zangoose\n|faint|p1a: Dialga\n|\n|-status|p2a: Zangoose|tox|[from] item: Toxic Orb\n|upkeep\n|\n|t:|1770390103\n|switch|p1a: Pangoro|Pangoro, L86, F|304/304\n|turn|9\n|\n|t:|1770390111\n|move|p2a: Zangoose|Close Combat|p1a: Pangoro\n|-supereffective|p1a: Pangoro\n|-damage|p1a: Pangoro|0 fnt\n|-unboost|p2a: Zangoose|def|1\n|-unboost|p2a: Zangoose|spd|1\n|faint|p1a: Pangoro\n|\n|-damage|p2a: Zangoose|250/266 tox|[from] psn\n|upkeep\n|\n|t:|1770390125\n|switch|p1a: Oranguru|Oranguru, L93, F|318/318\n|turn|10\n|\n|t:|1770390133\n|move|p2a: Zangoose|Facade|p1a: Oranguru\n|-damage|p1a: Oranguru|57/318\n|move|p1a: Oranguru|Psychic|p2a: Zangoose\n|-damage|p2a: Zangoose|0 fnt\n|faint|p2a: Zangoose\n|\n|upkeep\n|\n|t:|1770390142\n|switch|p2a: Manectric|Manectric, L78, M|237/237\n|turn|11\n|\n|t:|1770390147\n|switch|p1a: Zygarde|Zygarde-10%, L81|220/220\n|-ability|p1a: Zygarde|Aura Break\n|move|p2a: Manectric|Volt Switch|p1a: Zygarde\n|-immune|p1a: Zygarde\n|\n|upkeep\n|turn|12\n|\n|t:|1770390158\n|detailschange|p2a: Manectric|Manectric-Mega, L78, M\n|-mega|p2a: Manectric|Manectric|Manectite\n|-ability|p2a: Manectric|Intimidate|boost\n|-unboost|p1a: Zygarde|atk|1\n|move|p2a: Manectric|Hidden Power|p1a: Zygarde\n|-supereffective|p1a: Zygarde\n|-damage|p1a: Zygarde|16/220\n|move|p1a: Zygarde|Coil|p1a: Zygarde\n|-boost|p1a: Zygarde|atk|1\n|-boost|p1a: Zygarde|def|1\n|-boost|p1a: Zygarde|accuracy|1\n|\n|upkeep\n|turn|13\n|\n|t:|1770390168\n|switch|p1a: Stoutland|Stoutland, L86, M|286/286\n|move|p2a: Manectric|Hidden Power|p1a: Stoutland\n|-damage|p1a: Stoutland|240/286\n|\n|upkeep\n|turn|14\n|\n|t:|1770390177\n|move|p2a: Manectric|Volt Switch|p1a: Stoutland\n|-damage|p1a: Stoutland|161/286\n|\n|t:|1770390180\n|switch|p2a: Umbreon|Umbreon, L84, F|255/297|[from] Volt Switch\n|move|p1a: Stoutland|Return|p2a: Umbreon\n|-damage|p2a: Umbreon|111/297\n|\n|-heal|p2a: Umbreon|129/297|[from] item: Leftovers\n|upkeep\n|turn|15\n|\n|t:|1770390188\n|move|p1a: Stoutland|Return|p2a: Umbreon\n|-damage|p2a: Umbreon|0 fnt\n|faint|p2a: Umbreon\n|\n|upkeep\n|\n|t:|1770390191\n|switch|p2a: Camerupt|Camerupt, L90, F|272/272\n|turn|16\n|\n|t:|1770390198\n|switch|p1a: Oranguru|Oranguru, L93, F|57/318\n|move|p2a: Camerupt|Earthquake|p1a: Oranguru\n|-damage|p1a: Oranguru|0 fnt\n|faint|p1a: Oranguru\n|\n|upkeep\n|\n|t:|1770390204\n|switch|p1a: Zygarde|Zygarde-10%, L81|16/220\n|-ability|p1a: Zygarde|Aura Break\n|turn|17\n|\n|t:|1770390210\n|-zpower|p1a: Zygarde\n|move|p1a: Zygarde|Devastating Drake|p2a: Camerupt|[zeffect]\n|-damage|p2a: Camerupt|56/272\n|move|p2a: Camerupt|Earthquake|p1a: Zygarde\n|-crit|p1a: Zygarde\n|-damage|p1a: Zygarde|0 fnt\n|faint|p1a: Zygarde\n|\n|-heal|p2a: Camerupt|73/272|[from] item: Leftovers\n|upkeep\n|\n|t:|1770390220\n|switch|p1a: Stoutland|Stoutland, L86, M|161/286\n|turn|18\n|\n|t:|1770390223\n|move|p1a: Stoutland|Return|p2a: Camerupt\n|-damage|p2a: Camerupt|0 fnt\n|faint|p2a: Camerupt\n|\n|upkeep\n|\n|t:|1770390225\n|switch|p2a: Manectric|Manectric-Mega, L78, M|237/237\n|-ability|p2a: Manectric|Intimidate|boost\n|-unboost|p1a: Stoutland|atk|1\n|turn|19\n|\n|t:|1770390237\n|move|p2a: Manectric|Thunderbolt|p1a: Stoutland\n|-damage|p1a: Stoutland|55/286\n|move|p1a: Stoutland|Return|p2a: Manectric\n|-damage|p2a: Manectric|102/237\n|\n|upkeep\n|turn|20\n|\n|t:|1770390244\n|move|p2a: Manectric|Volt Switch|p1a: Stoutland\n|-damage|p1a: Stoutland|0 fnt\n|faint|p1a: Stoutland\n|\n|win|ILikeToSkibidiYou\n|raw|q6227409q's rating: 1596 &rarr; <strong>1573</strong><br />(-23 for losing)\n|raw|ILikeToSkibidiYou's rating: 1550 &rarr; <strong>1573</strong><br />(+23 for winning)\n|l|☆q6227409q\n|player|p1|\n", "inputlog": ">version ccdc32dd7cde25fd9e4bed64820e885f66e78a4e\n>start {\"formatid\":\"gen7randombattle\",\"seed\":\"sodium,5424b865a9d2511ddce2fb9c17db9c68\",\"rated\":\"Rated battle\"}\n>player p1 {\"name\":\"q6227409q\",\"avatar\":\"170\",\"rating\":1596,\"seed\":\"sodium,f8c3abc02028706e1776b9cc3765d99d\"}\n>player p2 {\"name\":\"ILikeToSkibidiYou\",\"avatar\":\"ninjaboy\",\"rating\":1550,\"seed\":\"sodium,e801fa0916b3b82b709f9b9a0c868b3e\"}\n>p1 move substitute\n>p2 move foulplay\n>p1 move bulkup\n>p2 move toxic\n>p1 move liquidation\n>p2 move foulplay\n>p1 move liquidation\n>p2 move moonlight\n>p1 move liquidation\n>p2 move moonlight\n>p1 switch 5\n>p1 switch 4\n>p2 switch 5\n>p1 move dracometeor\n>p2 move earthquake\n>p2 switch 2\n>p1 move dragontail\n>p2 move knockoff\n>p1 switch 4\n>p1 move drainpunch\n>p2 move closecombat\n>p1 switch 3\n>p1 move psychic\n>p2 move facade\n>p2 switch 6\n>p1 switch 6\n>p2 move voltswitch\n>p1 move coil\n>p2 move hiddenpower mega\n>p1 switch 2\n>p2 move hiddenpower\n>p1 move return\n>p2 move voltswitch\n>p2 switch 5\n>p1 move return\n>p2 move foulplay\n>p2 switch 3\n>p1 switch 6\n>p2 move earthquake\n>p1 switch 2\n>p1 move outrage zmove\n>p2 move earthquake\n>p1 switch 6\n>p1 move return\n>p2 move lavaplume\n>p2 switch 5\n>p1 move return\n>p2 move thunderbolt\n>p1 move return\n>p2 move voltswitch", "uploadtime": 1770390250, "views": 219, "formatid": "gen7randombattle", "rating": 1573, "private": 0, "password": null}