{"id": "gen7randombattle-2534833286", "format": "[Gen 7] Random Battle", "players": ["SerxinoYt", "AliceTASC"], "log": "|j|☆SerxinoYt\n|j|☆AliceTASC\n|t:|1770482759\n|gametype|singles\n|player|p1|SerxinoYt|riley|1590\n|player|p2|AliceTASC|dawn|1553\n|gen|7\n|tier|[Gen 7] Random Battle\n|rated|\n|rule|Sleep Clause Mod: Limit one foe put to sleep\n|rule|HP Percentage Mod: HP is shown in percentages\n|rule|Illusion Level Mod: Illusion disguises the Pokémon's true level\n|\n|t:|1770482759\n|teamsize|p1|6\n|teamsize|p2|6\n|start\n|switch|p1a: Nihilego|Nihilego, L79|302/302\n|switch|p2a: Mew|Mew, L80, shiny|291/291\n|turn|1\n|inactive|Battle timer is ON: inactive players will automatically lose when time's up. (requested by AliceTASC)\n|\n|t:|1770482771\n|switch|p1a: Audino|Audino, L91, M|335/335\n|move|p2a: Mew|Swords Dance|p2a: Mew\n|-boost|p2a: Mew|atk|2\n|\n|upkeep\n|turn|2\n|\n|t:|1770482774\n|move|p2a: Mew|Zen Headbutt|p1a: Audino|[miss]\n|-miss|p2a: Mew|p1a: Audino\n|move|p1a: Audino|Toxic|p2a: Mew\n|-status|p2a: Mew|tox\n|-activate|p2a: Mew|ability: Synchronize\n|-status|p1a: Audino|tox\n|\n|-damage|p2a: Mew|273/291 tox|[from] psn\n|-damage|p1a: Audino|315/335 tox|[from] psn\n|upkeep\n|turn|3\n|\n|t:|1770482778\n|move|p2a: Mew|Zen Headbutt|p1a: Audino\n|-crit|p1a: Audino\n|-damage|p1a: Audino|21/335 tox\n|-damage|p2a: Mew|244/291 tox|[from] item: Life Orb\n|cant|p1a: Audino|flinch\n|\n|-heal|p1a: Audino|41/335 tox|[from] item: Leftovers\n|-damage|p2a: Mew|208/291 tox|[from] psn\n|-damage|p1a: Audino|1/335 tox|[from] psn\n|upkeep\n|turn|4\n|\n|t:|1770482796\n|move|p1a: Audino|Protect|p1a: Audino\n|-singleturn|p1a: Audino|Protect\n|move|p2a: Mew|Earthquake|p1a: Audino\n|-activate|p1a: Audino|move: Protect\n|\n|-heal|p1a: Audino|21/335 tox|[from] item: Leftovers\n|-damage|p2a: Mew|154/291 tox|[from] psn\n|-damage|p1a: Audino|0 fnt|[from] psn\n|faint|p1a: Audino\n|upkeep\n|\n|t:|1770482808\n|switch|p1a: Electivire|Electivire, L86, M|269/269\n|turn|5\n|\n|t:|1770482811\n|move|p1a: Electivire|Wild Charge|p2a: Mew\n|-damage|p2a: Mew|37/291 tox\n|-damage|p1a: Electivire|240/269|[from] Recoil\n|move|p2a: Mew|Earthquake|p1a: Electivire\n|-supereffective|p1a: Electivire\n|-damage|p1a: Electivire|0 fnt\n|faint|p1a: Electivire\n|-damage|p2a: Mew|8/291 tox|[from] item: Life Orb\n|\n|-damage|p2a: Mew|0 fnt|[from] psn\n|faint|p2a: Mew\n|upkeep\n|\n|t:|1770482821\n|switch|p1a: Nihilego|Nihilego, L79|302/302\n|switch|p2a: Kabutops|Kabutops, L87, F|246/246\n|turn|6\n|\n|t:|1770482825\n|move|p1a: Nihilego|Grass Knot|p2a: Kabutops\n|-supereffective|p2a: Kabutops\n|-damage|p2a: Kabutops|22/246\n|move|p2a: Kabutops|Swords Dance|p2a: Kabutops\n|-boost|p2a: Kabutops|atk|2\n|\n|upkeep\n|turn|7\n|\n|t:|1770482828\n|move|p1a: Nihilego|Grass Knot|p2a: Kabutops\n|-supereffective|p2a: Kabutops\n|-damage|p2a: Kabutops|0 fnt\n|faint|p2a: Kabutops\n|-ability|p1a: Nihilego|Beast Boost|boost\n|-boost|p1a: Nihilego|spa|1\n|\n|upkeep\n|\n|t:|1770482833\n|switch|p2a: Bisharp|Bisharp, L82, M|241/241\n|turn|8\n|\n|t:|1770482839\n|switch|p1a: Gastrodon|Gastrodon-East, L88, F|339/339\n|move|p2a: Bisharp|Iron Head|p1a: Gastrodon\n|-resisted|p1a: Gastrodon\n|-damage|p1a: Gastrodon|265/339\n|-damage|p2a: Bisharp|217/241|[from] item: Life Orb\n|\n|-heal|p1a: Gastrodon|286/339|[from] item: Leftovers\n|upkeep\n|turn|9\n|\n|t:|1770482847\n|switch|p2a: Reuniclus|Reuniclus, L87, F|333/333\n|move|p1a: Gastrodon|Scald|p2a: Reuniclus\n|-damage|p2a: Reuniclus|240/333\n|-status|p2a: Reuniclus|brn\n|\n|-heal|p1a: Gastrodon|307/339|[from] item: Leftovers\n|upkeep\n|turn|10\n|\n|t:|1770482852\n|move|p1a: Gastrodon|Earthquake|p2a: Reuniclus\n|-damage|p2a: Reuniclus|135/333 brn\n|move|p2a: Reuniclus|Calm Mind|p2a: Reuniclus\n|-boost|p2a: Reuniclus|spa|1\n|-boost|p2a: Reuniclus|spd|1\n|\n|-heal|p1a: Gastrodon|328/339|[from] item: Leftovers\n|upkeep\n|turn|11\n|\n|t:|1770482855\n|move|p1a: Gastrodon|Clear Smog|p2a: Reuniclus\n|-damage|p2a: Reuniclus|110/333 brn\n|-clearboost|p2a: Reuniclus\n|move|p2a: Reuniclus|Recover|p2a: Reuniclus\n|-heal|p2a: Reuniclus|277/333 brn\n|\n|-heal|p1a: Gastrodon|339/339|[from] item: Leftovers\n|upkeep\n|turn|12\n|\n|t:|1770482860\n|move|p1a: Gastrodon|Earthquake|p2a: Reuniclus\n|-damage|p2a: Reuniclus|174/333 brn\n|move|p2a: Reuniclus|Psychic|p1a: Gastrodon\n|-damage|p1a: Gastrodon|191/339\n|\n|-heal|p1a: Gastrodon|212/339|[from] item: Leftovers\n|upkeep\n|turn|13\n|\n|t:|1770482866\n|move|p1a: Gastrodon|Earthquake|p2a: Reuniclus\n|-crit|p2a: Reuniclus\n|-damage|p2a: Reuniclus|5/333 brn\n|move|p2a: Reuniclus|Recover|p2a: Reuniclus\n|-heal|p2a: Reuniclus|172/333 brn\n|\n|-heal|p1a: Gastrodon|233/339|[from] item: Leftovers\n|upkeep\n|turn|14\n|\n|t:|1770482872\n|switch|p1a: Watchog|Watchog, L96, F|271/271\n|move|p2a: Reuniclus|Recover|p2a: Reuniclus\n|-heal|p2a: Reuniclus|333/333 brn\n|\n|upkeep\n|turn|15\n|\n|t:|1770482882\n|switch|p2a: Castform|Castform, L99, M|299/299\n|move|p1a: Watchog|Knock Off|p2a: Castform\n|-damage|p2a: Castform|194/299\n|-enditem|p2a: Castform|Leftovers|[from] move: Knock Off|[of] p1a: Watchog\n|\n|upkeep\n|turn|16\n|\n|t:|1770482887\n|move|p1a: Watchog|Hypnosis|p2a: Castform|[miss]\n|-miss|p1a: Watchog|p2a: Castform\n|move|p2a: Castform|Return|p1a: Watchog\n|-damage|p1a: Watchog|142/271\n|\n|-heal|p1a: Watchog|158/271|[from] item: Leftovers\n|upkeep\n|turn|17\n|\n|t:|1770482894\n|move|p1a: Watchog|Hypnosis|p2a: Castform|[miss]\n|-miss|p1a: Watchog|p2a: Castform\n|move|p2a: Castform|Return|p1a: Watchog\n|-damage|p1a: Watchog|34/271\n|\n|-heal|p1a: Watchog|50/271|[from] item: Leftovers\n|upkeep\n|turn|18\n|\n|t:|1770482898\n|move|p1a: Watchog|Hypnosis|p2a: Castform|[miss]\n|-miss|p1a: Watchog|p2a: Castform\n|move|p2a: Castform|Return|p1a: Watchog\n|-damage|p1a: Watchog|0 fnt\n|faint|p1a: Watchog\n|\n|upkeep\n|\n|t:|1770482902\n|switch|p1a: Nihilego|Nihilego, L79|302/302\n|turn|19\n|\n|t:|1770482905\n|move|p1a: Nihilego|Power Gem|p2a: Castform\n|-damage|p2a: Castform|106/299\n|move|p2a: Castform|Scald|p1a: Nihilego\n|-supereffective|p1a: Nihilego\n|-damage|p1a: Nihilego|200/302\n|\n|-heal|p1a: Nihilego|218/302|[from] item: Black Sludge\n|upkeep\n|turn|20\n|\n|t:|1770482913\n|move|p1a: Nihilego|Power Gem|p2a: Castform\n|-damage|p2a: Castform|21/299\n|move|p2a: Castform|Thunder Wave|p1a: Nihilego\n|-status|p1a: Nihilego|par\n|\n|-heal|p1a: Nihilego|236/302 par|[from] item: Black Sludge\n|upkeep\n|turn|21\n|\n|t:|1770482917\n|move|p2a: Castform|Scald|p1a: Nihilego\n|-supereffective|p1a: Nihilego\n|-damage|p1a: Nihilego|134/302 par\n|move|p1a: Nihilego|Power Gem|p2a: Castform\n|-damage|p2a: Castform|0 fnt\n|faint|p2a: Castform\n|-ability|p1a: Nihilego|Beast Boost|boost\n|-boost|p1a: Nihilego|spa|1\n|\n|-heal|p1a: Nihilego|152/302 par|[from] item: Black Sludge\n|upkeep\n|\n|t:|1770482925\n|switch|p2a: Bisharp|Bisharp, L82, M|217/241\n|turn|22\n|\n|t:|1770482928\n|move|p2a: Bisharp|Swords Dance|p2a: Bisharp\n|-boost|p2a: Bisharp|atk|2\n|move|p1a: Nihilego|Power Gem|p2a: Bisharp\n|-resisted|p2a: Bisharp\n|-damage|p2a: Bisharp|132/241\n|\n|-heal|p1a: Nihilego|170/302 par|[from] item: Black Sludge\n|upkeep\n|turn|23\n|\n|t:|1770482934\n|move|p2a: Bisharp|Iron Head|p1a: Nihilego\n|-supereffective|p1a: Nihilego\n|-damage|p1a: Nihilego|0 fnt\n|faint|p1a: Nihilego\n|-damage|p2a: Bisharp|108/241|[from] item: Life Orb\n|\n|upkeep\n|\n|t:|1770482940\n|switch|p1a: Gastrodon|Gastrodon-East, L88, F|233/339\n|turn|24\n|\n|t:|1770482943\n|move|p2a: Bisharp|Knock Off|p1a: Gastrodon\n|-damage|p1a: Gastrodon|0 fnt\n|-enditem|p1a: Gastrodon|Leftovers|[from] move: Knock Off|[of] p2a: Bisharp\n|faint|p1a: Gastrodon\n|-damage|p2a: Bisharp|84/241|[from] item: Life Orb\n|\n|upkeep\n|\n|t:|1770482945\n|switch|p1a: Rayquaza|Rayquaza, L66|248/248\n|-ability|p1a: Rayquaza|Air Lock\n|turn|25\n|\n|t:|1770482955\n|detailschange|p1a: Rayquaza|Rayquaza-Mega, L66\n|-mega|p1a: Rayquaza|Rayquaza|\n|-weather|DeltaStream|[from] ability: Delta Stream|[of] p1a: Rayquaza\n|move|p1a: Rayquaza|Dragon Dance|p1a: Rayquaza\n|-boost|p1a: Rayquaza|atk|1\n|-boost|p1a: Rayquaza|spe|1\n|move|p2a: Bisharp|Knock Off|p1a: Rayquaza\n|-damage|p1a: Rayquaza|0 fnt\n|-enditem|p1a: Rayquaza|Life Orb|[from] move: Knock Off|[of] p2a: Bisharp\n|faint|p1a: Rayquaza\n|-weather|none\n|detailschange|p1: Rayquaza|Rayquaza, L66|[silent]\n|-damage|p2a: Bisharp|60/241|[from] item: Life Orb\n|\n|win|AliceTASC\n|raw|SerxinoYt's rating: 1590 &rarr; <strong>1568</strong><br />(-22 for losing)\n|raw|AliceTASC's rating: 1553 &rarr; <strong>1575</strong><br />(+22 for winning)\n|l|☆SerxinoYt\n|player|p1|\n", "inputlog": ">version ccdc32dd7cde25fd9e4bed64820e885f66e78a4e\n>start {\"formatid\":\"gen7randombattle\",\"seed\":\"sodium,faa6e67d190de1d96591edf08dc766c9\",\"rated\":\"Rated battle\"}\n>player p1 {\"name\":\"SerxinoYt\",\"avatar\":\"riley\",\"rating\":1590,\"seed\":\"sodium,1d8ec86b9ba5171bc04429fcd429c608\"}\n>player p2 {\"name\":\"AliceTASC\",\"avatar\":\"dawn\",\"rating\":1553,\"seed\":\"sodium,35e206c1eb8f1404fcb3563ca069b069\"}\n>p1 switch 2\n>p2 move swordsdance\n>p1 move toxic\n>p2 move zenheadbutt\n>p1 move wish\n>p2 move zenheadbutt\n>p1 move protect\n>p2 move earthquake\n>p1 switch 3\n>p1 move wildcharge\n>p2 move earthquake\n>p1 switch 2\n>p2 switch 4\n>p1 move grassknot\n>p2 move swordsdance\n>p1 move grassknot\n>p2 move liquidation\n>p2 switch 2\n>p1 switch 5\n>p2 move ironhead\n>p1 move scald\n>p2 switch 6\n>p1 move earthquake\n>p2 move calmmind\n>p1 move clearsmog\n>p2 move recover\n>p1 move earthquake\n>p2 move psychic\n>p1 move earthquake\n>p2 move recover\n>p1 switch 4\n>p2 move recover\n>p1 move knockoff\n>p2 switch 5\n>p1 move hypnosis\n>p2 move return\n>p1 move hypnosis\n>p2 move return\n>p1 move hypnosis\n>p2 move return\n>p1 switch 5\n>p1 move powergem\n>p2 move scald\n>p1 move powergem\n>p2 move thunderwave\n>p1 move powergem\n>p2 move scald\n>p2 switch 6\n>p1 move powergem\n>p2 move swordsdance\n>p1 move powergem\n>p2 move ironhead\n>p1 switch 4\n>p1 move recover\n>p2 move knockoff\n>p1 switch 6\n>p1 move dragondance mega\n>p2 move knockoff", "uploadtime": 1770482962, "views": 193, "formatid": "gen7randombattle", "rating": 1568, "private": 0, "password": null}