{"id": "gen7randombattle-2529934928", "format": "[Gen 7] Random Battle", "players": ["aurora ltd", "beckywiththebraids"], "log": "|j|☆aurora ltd\n|j|☆beckywiththebraids\n|t:|1769848575\n|gametype|singles\n|player|p1|aurora ltd|silver-gen2kanto|1580\n|player|p2|beckywiththebraids|1|1848\n|gen|7\n|tier|[Gen 7] Random Battle\n|rated|\n|rule|Sleep Clause Mod: Limit one foe put to sleep\n|rule|HP Percentage Mod: HP is shown in percentages\n|rule|Illusion Level Mod: Illusion disguises the Pokémon's true level\n|\n|t:|1769848575\n|teamsize|p1|6\n|teamsize|p2|6\n|start\n|switch|p1a: Clawitzer|Clawitzer, L87, M|265/265\n|switch|p2a: Mamoswine|Mamoswine, L79, F|303/303\n|turn|1\n|\n|t:|1769848597\n|switch|p2a: Starmie|Starmie, L84|238/238\n|move|p1a: Clawitzer|Scald|p2a: Starmie\n|-resisted|p2a: Starmie\n|-damage|p2a: Starmie|180/238\n|\n|-heal|p2a: Starmie|194/238|[from] item: Leftovers\n|upkeep\n|turn|2\n|inactive|Battle timer is ON: inactive players will automatically lose when time's up. (requested by beckywiththebraids)\n|\n|t:|1769848611\n|move|p2a: Starmie|Psyshock|p1a: Clawitzer\n|-damage|p1a: Clawitzer|189/265\n|move|p1a: Clawitzer|Dark Pulse|p2a: Starmie\n|-supereffective|p2a: Starmie\n|-damage|p2a: Starmie|0 fnt\n|faint|p2a: Starmie\n|\n|upkeep\n|\n|t:|1769848616\n|switch|p2a: Crabominable|Crabominable, L91, F|324/324\n|turn|3\n|\n|t:|1769848630\n|move|p1a: Clawitzer|Aura Sphere|p2a: Crabominable\n|-supereffective|p2a: Crabominable\n|-damage|p2a: Crabominable|166/324\n|move|p2a: Crabominable|Thunder Punch|p1a: Clawitzer\n|-supereffective|p1a: Clawitzer\n|-damage|p1a: Clawitzer|17/265\n|\n|upkeep\n|turn|4\n|\n|t:|1769848637\n|switch|p2a: Mew|Mew, L80|291/291\n|move|p1a: Clawitzer|Aura Sphere|p2a: Mew\n|-resisted|p2a: Mew\n|-damage|p2a: Mew|239/291\n|\n|-heal|p2a: Mew|257/291|[from] item: Leftovers\n|upkeep\n|turn|5\n|\n|t:|1769848644\n|move|p2a: Mew|Knock Off|p1a: Clawitzer\n|-damage|p1a: Clawitzer|0 fnt\n|-enditem|p1a: Clawitzer|Assault Vest|[from] move: Knock Off|[of] p2a: Mew\n|faint|p1a: Clawitzer\n|\n|-heal|p2a: Mew|275/291|[from] item: Leftovers\n|upkeep\n|\n|t:|1769848665\n|switch|p1a: Armaldo|Armaldo, L89, F|278/278\n|turn|6\n|inactive|aurora ltd has 120 seconds left.\n|\n|t:|1769848714\n|move|p2a: Mew|U-turn|p1a: Armaldo\n|-damage|p1a: Armaldo|236/278\n|\n|t:|1769848717\n|switch|p2a: Bewear|Bewear, L84, M|339/339|[from] U-turn\n|move|p1a: Armaldo|X-Scissor|p2a: Bewear\n|-resisted|p2a: Bewear\n|-damage|p2a: Bewear|310/339\n|\n|-heal|p2a: Bewear|331/339|[from] item: Leftovers\n|-heal|p1a: Armaldo|253/278|[from] item: Leftovers\n|upkeep\n|turn|7\n|\n|t:|1769848736\n|move|p2a: Bewear|Bulk Up|p2a: Bewear\n|-boost|p2a: Bewear|atk|1\n|-boost|p2a: Bewear|def|1\n|move|p1a: Armaldo|Toxic|p2a: Bewear\n|-status|p2a: Bewear|tox\n|\n|-heal|p2a: Bewear|339/339 tox|[from] item: Leftovers\n|-heal|p1a: Armaldo|270/278|[from] item: Leftovers\n|-damage|p2a: Bewear|318/339 tox|[from] psn\n|upkeep\n|turn|8\n|\n|t:|1769848749\n|switch|p1a: Infernape|Infernape, L81, F|256/256\n|move|p2a: Bewear|Drain Punch|p1a: Infernape\n|-damage|p1a: Infernape|90/256\n|-heal|p2a: Bewear|339/339 tox|[from] drain|[of] p1a: Infernape\n|\n|-damage|p2a: Bewear|297/339 tox|[from] psn\n|upkeep\n|turn|9\n|\n|t:|1769848758\n|switch|p2a: Mew|Mew, L80|275/291\n|move|p1a: Infernape|Flare Blitz|p2a: Mew\n|-damage|p2a: Mew|145/291\n|-damage|p1a: Infernape|47/256|[from] Recoil\n|\n|-heal|p2a: Mew|163/291|[from] item: Leftovers\n|upkeep\n|turn|10\n|\n|t:|1769848765\n|move|p1a: Infernape|Flare Blitz|p2a: Mew\n|-damage|p2a: Mew|0 fnt\n|faint|p2a: Mew\n|-damage|p1a: Infernape|0 fnt|[from] Recoil\n|faint|p1a: Infernape\n|\n|upkeep\n|\n|t:|1769848784\n|switch|p1a: Zygarde|Zygarde, L73|278/278\n|switch|p2a: Crabominable|Crabominable, L91, F|166/324\n|turn|11\n|\n|t:|1769848801\n|switch|p1a: Armaldo|Armaldo, L89, F|270/278\n|move|p2a: Crabominable|Ice Hammer|p1a: Armaldo\n|-damage|p1a: Armaldo|120/278\n|-unboost|p2a: Crabominable|spe|1\n|\n|-heal|p1a: Armaldo|137/278|[from] item: Leftovers\n|upkeep\n|turn|12\n|inactive|aurora ltd has 90 seconds left.\n|\n|t:|1769848829\n|move|p1a: Armaldo|Stone Edge|p2a: Crabominable|[miss]\n|-miss|p1a: Armaldo|p2a: Crabominable\n|move|p2a: Crabominable|Ice Hammer|p1a: Armaldo\n|-damage|p1a: Armaldo|0 fnt\n|-unboost|p2a: Crabominable|spe|1\n|faint|p1a: Armaldo\n|\n|upkeep\n|\n|t:|1769848839\n|switch|p1a: Arceus|Arceus-Poison, L72|292/292\n|turn|13\n|\n|t:|1769848858\n|move|p1a: Arceus|Sludge Bomb|p2a: Crabominable\n|-damage|p2a: Crabominable|87/324\n|move|p2a: Crabominable|Earthquake|p1a: Arceus\n|-supereffective|p1a: Arceus\n|-crit|p1a: Arceus\n|-damage|p1a: Arceus|0 fnt\n|faint|p1a: Arceus\n|\n|upkeep\n|\n|t:|1769848868\n|switch|p1a: Feraligatr|Feraligatr, L79, M|264/264\n|turn|14\n|\n|t:|1769848873\n|move|p1a: Feraligatr|Liquidation|p2a: Crabominable\n|-damage|p2a: Crabominable|0 fnt\n|faint|p2a: Crabominable\n|\n|upkeep\n|\n|t:|1769848875\n|switch|p2a: Bewear|Bewear, L84, M|297/339 tox\n|turn|15\n|inactive|aurora ltd has 90 seconds left.\n|\n|t:|1769848899\n|switch|p1a: Zygarde|Zygarde, L73|278/278\n|move|p2a: Bewear|Bulk Up|p2a: Bewear\n|-boost|p2a: Bewear|atk|1\n|-boost|p2a: Bewear|def|1\n|\n|-heal|p2a: Bewear|318/339 tox|[from] item: Leftovers\n|-damage|p2a: Bewear|297/339 tox|[from] psn\n|upkeep\n|turn|16\n|\n|t:|1769848912\n|move|p1a: Zygarde|Coil|p1a: Zygarde\n|-boost|p1a: Zygarde|atk|1\n|-boost|p1a: Zygarde|def|1\n|-boost|p1a: Zygarde|accuracy|1\n|move|p2a: Bewear|Return|p1a: Zygarde\n|-damage|p1a: Zygarde|158/278\n|\n|-heal|p1a: Zygarde|175/278|[from] item: Leftovers\n|-heal|p2a: Bewear|318/339 tox|[from] item: Leftovers\n|-damage|p2a: Bewear|276/339 tox|[from] psn\n|upkeep\n|turn|17\n|\n|t:|1769848921\n|switch|p2a: Mamoswine|Mamoswine, L79, F|303/303\n|move|p1a: Zygarde|Coil|p1a: Zygarde\n|-boost|p1a: Zygarde|atk|1\n|-boost|p1a: Zygarde|def|1\n|-boost|p1a: Zygarde|accuracy|1\n|\n|-heal|p1a: Zygarde|192/278|[from] item: Leftovers\n|upkeep\n|turn|18\n|inactive|aurora ltd has 60 seconds left.\n|\n|t:|1769848957\n|switch|p1a: Feraligatr|Feraligatr, L79, M|264/264\n|move|p2a: Mamoswine|Icicle Crash|p1a: Feraligatr\n|-resisted|p1a: Feraligatr\n|-damage|p1a: Feraligatr|198/264\n|-damage|p2a: Mamoswine|273/303|[from] item: Life Orb\n|\n|upkeep\n|turn|19\n|inactive|aurora ltd has 60 seconds left.\n|\n|t:|1769848972\n|move|p2a: Mamoswine|Earthquake|p1a: Feraligatr\n|-damage|p1a: Feraligatr|52/264\n|-damage|p2a: Mamoswine|243/303|[from] item: Life Orb\n|move|p1a: Feraligatr|Liquidation|p2a: Mamoswine\n|-supereffective|p2a: Mamoswine\n|-damage|p2a: Mamoswine|0 fnt\n|faint|p2a: Mamoswine\n|\n|upkeep\n|\n|t:|1769848980\n|switch|p2a: Bewear|Bewear, L84, M|276/339 tox\n|turn|20\n|\n|t:|1769848988\n|move|p1a: Feraligatr|Liquidation|p2a: Bewear\n|-damage|p2a: Bewear|193/339 tox\n|move|p2a: Bewear|Bulk Up|p2a: Bewear\n|-boost|p2a: Bewear|atk|1\n|-boost|p2a: Bewear|def|1\n|\n|-heal|p2a: Bewear|214/339 tox|[from] item: Leftovers\n|-damage|p2a: Bewear|193/339 tox|[from] psn\n|upkeep\n|turn|21\n|\n|t:|1769848997\n|move|p1a: Feraligatr|Liquidation|p2a: Bewear\n|-damage|p2a: Bewear|142/339 tox\n|move|p2a: Bewear|Bulk Up|p2a: Bewear\n|-boost|p2a: Bewear|atk|1\n|-boost|p2a: Bewear|def|1\n|\n|-heal|p2a: Bewear|163/339 tox|[from] item: Leftovers\n|-damage|p2a: Bewear|121/339 tox|[from] psn\n|upkeep\n|turn|22\n|\n|t:|1769849006\n|move|p1a: Feraligatr|Liquidation|p2a: Bewear\n|-damage|p2a: Bewear|82/339 tox\n|move|p2a: Bewear|Drain Punch|p1a: Feraligatr\n|-damage|p1a: Feraligatr|0 fnt\n|-heal|p2a: Bewear|108/339 tox|[from] drain|[of] p1a: Feraligatr\n|faint|p1a: Feraligatr\n|\n|-heal|p2a: Bewear|129/339 tox|[from] item: Leftovers\n|-damage|p2a: Bewear|66/339 tox|[from] psn\n|upkeep\n|\n|t:|1769849016\n|switch|p1a: Zygarde|Zygarde, L73|192/278\n|turn|23\n|\n|t:|1769849041\n|move|p1a: Zygarde|Rest|p1a: Zygarde\n|-status|p1a: Zygarde|slp|[from] move: Rest\n|-heal|p1a: Zygarde|278/278 slp|[silent]\n|move|p2a: Bewear|Drain Punch|p1a: Zygarde\n|-crit|p1a: Zygarde\n|-damage|p1a: Zygarde|13/278 slp\n|-heal|p2a: Bewear|199/339 tox|[from] drain|[of] p1a: Zygarde\n|\n|-heal|p1a: Zygarde|30/278 slp|[from] item: Leftovers\n|-heal|p2a: Bewear|220/339 tox|[from] item: Leftovers\n|-damage|p2a: Bewear|136/339 tox|[from] psn\n|-activate|p1a: Zygarde|ability: Power Construct\n|detailschange|p1a: Zygarde|Zygarde-Complete, L73\n|-heal|p1a: Zygarde|188/436 slp|[silent]\n|upkeep\n|turn|24\n|inactive|aurora ltd has 60 seconds left.\n|\n|t:|1769849056\n|cant|p1a: Zygarde|slp\n|move|p1a: Zygarde|Sleep Talk|p1a: Zygarde\n|move|p1a: Zygarde|Rest||[from] move: Sleep Talk|[still]\n|-fail|p1a: Zygarde\n|move|p2a: Bewear|Drain Punch|p1a: Zygarde\n|-damage|p1a: Zygarde|5/436 slp\n|-heal|p2a: Bewear|228/339 tox|[from] drain|[of] p1a: Zygarde\n|\n|-heal|p1a: Zygarde|32/436 slp|[from] item: Leftovers\n|-heal|p2a: Bewear|249/339 tox|[from] item: Leftovers\n|-damage|p2a: Bewear|144/339 tox|[from] psn\n|upkeep\n|turn|25\n|inactive|aurora ltd has 60 seconds left.\n|\n|t:|1769849068\n|cant|p1a: Zygarde|slp\n|move|p1a: Zygarde|Sleep Talk|p1a: Zygarde\n|move|p1a: Zygarde|Thousand Arrows|p2a: Bewear|[from] move: Sleep Talk\n|-damage|p2a: Bewear|101/339 tox\n|move|p2a: Bewear|Drain Punch|p1a: Zygarde\n|-damage|p1a: Zygarde|0 fnt\n|-heal|p2a: Bewear|117/339 tox|[from] drain|[of] p1a: Zygarde\n|faint|p1a: Zygarde\n|detailschange|p1: Zygarde|Zygarde, L73|[silent]\n|\n|win|beckywiththebraids\n|raw|aurora ltd's rating: 1580 &rarr; <strong>1573</strong><br />(-7 for losing)\n|raw|beckywiththebraids's rating: 1848 &rarr; <strong>1855</strong><br />(+7 for winning)\n|l|☆beckywiththebraids\n|player|p2|\n", "inputlog": ">version b99ff0165a6231f17e8b78c2a78d1998375de664\n>start {\"formatid\":\"gen7randombattle\",\"seed\":\"sodium,6d9d7f5bd78bc95be2eb9cb3f76fc4b4\",\"rated\":\"Rated battle\"}\n>player p1 {\"name\":\"aurora ltd\",\"avatar\":\"silver-gen2kanto\",\"rating\":1580,\"seed\":\"sodium,8f8dbb37edeaef963978a5af4e35362a\"}\n>player p2 {\"name\":\"beckywiththebraids\",\"avatar\":\"1\",\"rating\":1848,\"seed\":\"sodium,bd015790ce927e1251ab7d47115e8a1f\"}\n>p1 move scald\n>p2 switch 6\n>p1 move darkpulse\n>p2 move psyshock\n>p2 switch 4\n>p1 move aurasphere\n>p2 move thunderpunch\n>p1 move aurasphere\n>p2 switch 5\n>p1 move darkpulse\n>p2 move knockoff\n>p1 switch 5\n>p1 move xscissor\n>p2 move uturn\n>p2 switch 2\n>p1 move toxic\n>p2 move bulkup\n>p1 switch 4\n>p2 move drainpunch\n>p1 move flareblitz\n>p2 switch 2\n>p1 move flareblitz\n>p2 move roost\n>p1 switch 6\n>p2 switch 5\n>p1 switch 4\n>p2 move icehammer\n>p1 move stoneedge\n>p2 move icehammer\n>p1 switch 3\n>p1 move sludgebomb\n>p2 move earthquake\n>p1 switch 2\n>p1 move liquidation\n>p2 move thunderpunch\n>p2 switch 2\n>p1 switch 4\n>p2 move bulkup\n>p1 move coil\n>p2 move return\n>p1 move coil\n>p2 switch 6\n>p1 switch 4\n>p2 move iciclecrash\n>p1 move liquidation\n>p2 move earthquake\n>p2 switch 6\n>p1 move liquidation\n>p2 move bulkup\n>p1 move liquidation\n>p2 move bulkup\n>p1 move liquidation\n>p2 move drainpunch\n>p1 switch 4\n>p1 move rest\n>p2 move drainpunch\n>p1 move sleeptalk\n>p2 move drainpunch\n>p1 move sleeptalk\n>p2 move drainpunch", "uploadtime": 1769849081, "views": 179, "formatid": "gen7randombattle", "rating": 1573, "private": 0, "password": null}