{"id": "gen7randombattle-2536547156", "format": "[Gen 7] Random Battle", "players": ["danielmax123", "Johnald714"], "log": "|j|☆danielmax123\n|j|☆Johnald714\n|t:|1770703161\n|gametype|singles\n|player|p1|danielmax123|170|1548\n|player|p2|Johnald714|101|1559\n|gen|7\n|tier|[Gen 7] Random Battle\n|rated|\n|rule|Sleep Clause Mod: Limit one foe put to sleep\n|rule|HP Percentage Mod: HP is shown in percentages\n|rule|Illusion Level Mod: Illusion disguises the Pokémon's true level\n|\n|t:|1770703161\n|teamsize|p1|6\n|teamsize|p2|6\n|start\n|switch|p1a: Scolipede|Scolipede, L80, M|227/227\n|switch|p2a: Aromatisse|Aromatisse, L91, M|332/332\n|turn|1\n|inactive|Battle timer is ON: inactive players will automatically lose when time's up. (requested by Johnald714)\n|inactive|danielmax123 has 120 seconds left.\n|inactive|danielmax123 has 90 seconds left.\n|\n|t:|1770703255\n|switch|p2a: Hippowdon|Hippowdon, L82, F|311/311\n|-weather|Sandstorm|[from] ability: Sand Stream|[of] p2a: Hippowdon\n|move|p1a: Scolipede|Poison Jab|p2a: Hippowdon\n|-resisted|p2a: Hippowdon\n|-damage|p2a: Hippowdon|272/311\n|-damage|p1a: Scolipede|205/227|[from] item: Life Orb\n|\n|-weather|Sandstorm|[upkeep]\n|-damage|p1a: Scolipede|191/227|[from] Sandstorm\n|-heal|p2a: Hippowdon|291/311|[from] item: Leftovers\n|-ability|p1a: Scolipede|Speed Boost|boost\n|-boost|p1a: Scolipede|spe|1\n|upkeep\n|turn|2\n|\n|t:|1770703273\n|switch|p1a: Glaceon|Glaceon, L90, M|263/263\n|move|p2a: Hippowdon|Stealth Rock|p1a: Glaceon\n|-sidestart|p1: danielmax123|move: Stealth Rock\n|\n|-weather|Sandstorm|[upkeep]\n|-damage|p1a: Glaceon|247/263|[from] Sandstorm\n|-heal|p1a: Glaceon|263/263|[from] item: Leftovers\n|-heal|p2a: Hippowdon|310/311|[from] item: Leftovers\n|upkeep\n|turn|3\n|\n|t:|1770703279\n|switch|p2a: Victini|Victini, L76|277/277\n|move|p1a: Glaceon|Wish|p1a: Glaceon\n|\n|-weather|Sandstorm|[upkeep]\n|-damage|p2a: Victini|260/277|[from] Sandstorm\n|-damage|p1a: Glaceon|247/263|[from] Sandstorm\n|-heal|p1a: Glaceon|263/263|[from] item: Leftovers\n|upkeep\n|turn|4\n|\n|t:|1770703302\n|switch|p1a: Muk|Muk-Alola, L80, M|299/299\n|-damage|p1a: Muk|262/299|[from] Stealth Rock\n|move|p2a: Victini|V-create|p1a: Muk\n|-damage|p1a: Muk|64/299\n|-unboost|p2a: Victini|spe|1\n|-unboost|p2a: Victini|def|1\n|-unboost|p2a: Victini|spd|1\n|\n|-weather|Sandstorm|[upkeep]\n|-damage|p2a: Victini|243/277|[from] Sandstorm\n|-damage|p1a: Muk|46/299|[from] Sandstorm\n|-heal|p1a: Muk|177/299|[from] move: Wish|[wisher] Glaceon\n|upkeep\n|turn|5\n|inactive|danielmax123 has 120 seconds left.\n|\n|t:|1770703351\n|move|p2a: Victini|V-create|p1a: Muk\n|-damage|p1a: Muk|0 fnt\n|-unboost|p2a: Victini|spe|1\n|-unboost|p2a: Victini|def|1\n|-unboost|p2a: Victini|spd|1\n|faint|p1a: Muk\n|\n|-weather|none\n|upkeep\n|inactive|danielmax123 has 90 seconds left.\n|\n|t:|1770703384\n|switch|p1a: Kabutops|Kabutops, L87, M|246/246\n|-damage|p1a: Kabutops|216/246|[from] Stealth Rock\n|turn|6\n|\n|t:|1770703392\n|switch|p2a: Celebi|Celebi, L82|298/298\n|move|p1a: Kabutops|Liquidation|p2a: Celebi\n|-resisted|p2a: Celebi\n|-damage|p2a: Celebi|224/298\n|\n|upkeep\n|turn|7\n|inactive|danielmax123 has 90 seconds left.\n|\n|t:|1770703399\n|switch|p1a: Glaceon|Glaceon, L90, M|263/263\n|-damage|p1a: Glaceon|198/263|[from] Stealth Rock\n|move|p2a: Celebi|Psychic|p1a: Glaceon\n|-damage|p1a: Glaceon|120/263\n|\n|-heal|p1a: Glaceon|136/263|[from] item: Leftovers\n|upkeep\n|turn|8\n|\n|t:|1770703409\n|-zpower|p2a: Celebi\n|move|p2a: Celebi|Bloom Doom|p1a: Glaceon|[zeffect]\n|-damage|p1a: Glaceon|0 fnt\n|faint|p1a: Glaceon\n|\n|upkeep\n|inactive|danielmax123 has 90 seconds left.\n|\n|t:|1770703437\n|switch|p1a: Scolipede|Scolipede, L80, M|191/227\n|-damage|p1a: Scolipede|135/227|[from] Stealth Rock\n|turn|9\n|\n|t:|1770703452\n|switch|p2a: Hippowdon|Hippowdon, L82, F|310/311\n|-weather|Sandstorm|[from] ability: Sand Stream|[of] p2a: Hippowdon\n|move|p1a: Scolipede|Megahorn|p2a: Hippowdon\n|-crit|p2a: Hippowdon\n|-damage|p2a: Hippowdon|135/311\n|-damage|p1a: Scolipede|113/227|[from] item: Life Orb\n|\n|-weather|Sandstorm|[upkeep]\n|-damage|p1a: Scolipede|99/227|[from] Sandstorm\n|-heal|p2a: Hippowdon|154/311|[from] item: Leftovers\n|-ability|p1a: Scolipede|Speed Boost|boost\n|-boost|p1a: Scolipede|spe|1\n|upkeep\n|turn|10\n|inactive|danielmax123 has 90 seconds left.\n|\n|t:|1770703461\n|move|p1a: Scolipede|Megahorn|p2a: Hippowdon\n|-damage|p2a: Hippowdon|25/311\n|-damage|p1a: Scolipede|77/227|[from] item: Life Orb\n|move|p2a: Hippowdon|Slack Off|p2a: Hippowdon\n|-heal|p2a: Hippowdon|181/311\n|\n|-weather|Sandstorm|[upkeep]\n|-damage|p1a: Scolipede|63/227|[from] Sandstorm\n|-heal|p2a: Hippowdon|200/311|[from] item: Leftovers\n|-ability|p1a: Scolipede|Speed Boost|boost\n|-boost|p1a: Scolipede|spe|1\n|upkeep\n|turn|11\n|\n|t:|1770703469\n|move|p1a: Scolipede|Megahorn|p2a: Hippowdon\n|-damage|p2a: Hippowdon|78/311\n|-damage|p1a: Scolipede|41/227|[from] item: Life Orb\n|move|p2a: Hippowdon|Slack Off|p2a: Hippowdon\n|-heal|p2a: Hippowdon|234/311\n|\n|-weather|Sandstorm|[upkeep]\n|-damage|p1a: Scolipede|27/227|[from] Sandstorm\n|-heal|p2a: Hippowdon|253/311|[from] item: Leftovers\n|-ability|p1a: Scolipede|Speed Boost|boost\n|-boost|p1a: Scolipede|spe|1\n|upkeep\n|turn|12\n|\n|t:|1770703472\n|move|p1a: Scolipede|Swords Dance|p1a: Scolipede\n|-boost|p1a: Scolipede|atk|2\n|move|p2a: Hippowdon|Slack Off|p2a: Hippowdon\n|-heal|p2a: Hippowdon|311/311\n|\n|-weather|Sandstorm|[upkeep]\n|-damage|p1a: Scolipede|13/227|[from] Sandstorm\n|-ability|p1a: Scolipede|Speed Boost|boost\n|-boost|p1a: Scolipede|spe|1\n|upkeep\n|turn|13\n|\n|t:|1770703476\n|move|p1a: Scolipede|Megahorn|p2a: Hippowdon\n|-damage|p2a: Hippowdon|41/311\n|-damage|p1a: Scolipede|0 fnt|[from] item: Life Orb\n|faint|p1a: Scolipede\n|move|p2a: Hippowdon|Slack Off|p2a: Hippowdon\n|-heal|p2a: Hippowdon|197/311\n|\n|-weather|none\n|-heal|p2a: Hippowdon|216/311|[from] item: Leftovers\n|upkeep\n|\n|t:|1770703486\n|switch|p1a: Hitmonlee|Hitmonlee, L86, M|226/226\n|-damage|p1a: Hitmonlee|212/226|[from] Stealth Rock\n|turn|14\n|\n|t:|1770703498\n|switch|p2a: Emolga|Emolga, L90, F|245/245\n|move|p1a: Hitmonlee|Curse|p1a: Hitmonlee\n|-unboost|p1a: Hitmonlee|spe|1\n|-boost|p1a: Hitmonlee|atk|1\n|-boost|p1a: Hitmonlee|def|1\n|-enditem|p1a: Hitmonlee|White Herb\n|-clearnegativeboost|p1a: Hitmonlee|[silent]\n|\n|upkeep\n|turn|15\n|\n|t:|1770703507\n|move|p1a: Hitmonlee|Knock Off|p2a: Emolga\n|-damage|p2a: Emolga|130/245\n|move|p2a: Emolga|Toxic|p1a: Hitmonlee\n|-status|p1a: Hitmonlee|tox\n|\n|-damage|p1a: Hitmonlee|198/226 tox|[from] psn\n|upkeep\n|turn|16\n|\n|t:|1770703511\n|move|p1a: Hitmonlee|Poison Jab|p2a: Emolga\n|-damage|p2a: Emolga|0 fnt\n|faint|p2a: Emolga\n|\n|-damage|p1a: Hitmonlee|170/226 tox|[from] psn\n|upkeep\n|\n|t:|1770703519\n|switch|p2a: Hippowdon|Hippowdon, L82, F|216/311\n|-weather|Sandstorm|[from] ability: Sand Stream|[of] p2a: Hippowdon\n|turn|17\n|\n|t:|1770703528\n|move|p1a: Hitmonlee|Close Combat|p2a: Hippowdon\n|-damage|p2a: Hippowdon|39/311\n|-unboost|p1a: Hitmonlee|def|1\n|-unboost|p1a: Hitmonlee|spd|1\n|move|p2a: Hippowdon|Slack Off|p2a: Hippowdon\n|-heal|p2a: Hippowdon|195/311\n|\n|-weather|Sandstorm|[upkeep]\n|-damage|p1a: Hitmonlee|156/226 tox|[from] Sandstorm\n|-heal|p2a: Hippowdon|214/311|[from] item: Leftovers\n|-damage|p1a: Hitmonlee|114/226 tox|[from] psn\n|upkeep\n|turn|18\n|\n|t:|1770703537\n|move|p1a: Hitmonlee|Close Combat|p2a: Hippowdon\n|-damage|p2a: Hippowdon|27/311\n|-unboost|p1a: Hitmonlee|def|1\n|-unboost|p1a: Hitmonlee|spd|1\n|move|p2a: Hippowdon|Slack Off|p2a: Hippowdon\n|-heal|p2a: Hippowdon|183/311\n|\n|-weather|Sandstorm|[upkeep]\n|-damage|p1a: Hitmonlee|100/226 tox|[from] Sandstorm\n|-heal|p2a: Hippowdon|202/311|[from] item: Leftovers\n|-damage|p1a: Hitmonlee|44/226 tox|[from] psn\n|upkeep\n|turn|19\n|\n|t:|1770703545\n|move|p1a: Hitmonlee|Close Combat|p2a: Hippowdon\n|-damage|p2a: Hippowdon|18/311\n|-unboost|p1a: Hitmonlee|def|1\n|-unboost|p1a: Hitmonlee|spd|1\n|move|p2a: Hippowdon|Slack Off|p2a: Hippowdon\n|-heal|p2a: Hippowdon|174/311\n|\n|-weather|Sandstorm|[upkeep]\n|-damage|p1a: Hitmonlee|30/226 tox|[from] Sandstorm\n|-heal|p2a: Hippowdon|193/311|[from] item: Leftovers\n|-damage|p1a: Hitmonlee|0 fnt|[from] psn\n|faint|p1a: Hitmonlee\n|upkeep\n|inactive|danielmax123 has 120 seconds left.\n|\n|t:|1770703581\n|switch|p1a: Snorlax|Snorlax, L83, F|401/401\n|-damage|p1a: Snorlax|351/401|[from] Stealth Rock\n|turn|20\n|\n|t:|1770703594\n|switch|p2a: Celebi|Celebi, L82|224/298\n|move|p1a: Snorlax|Curse|p1a: Snorlax\n|-unboost|p1a: Snorlax|spe|1\n|-boost|p1a: Snorlax|atk|1\n|-boost|p1a: Snorlax|def|1\n|\n|-weather|Sandstorm|[upkeep]\n|-damage|p2a: Celebi|206/298|[from] Sandstorm\n|-damage|p1a: Snorlax|326/401|[from] Sandstorm\n|-heal|p1a: Snorlax|351/401|[from] item: Leftovers\n|upkeep\n|turn|21\n|\n|t:|1770703600\n|move|p2a: Celebi|Nasty Plot|p2a: Celebi\n|-boost|p2a: Celebi|spa|2\n|move|p1a: Snorlax|Crunch|p2a: Celebi\n|-supereffective|p2a: Celebi\n|-crit|p2a: Celebi\n|-damage|p2a: Celebi|0 fnt\n|faint|p2a: Celebi\n|\n|-weather|none\n|-heal|p1a: Snorlax|376/401|[from] item: Leftovers\n|upkeep\n|\n|t:|1770703613\n|switch|p2a: Weavile|Weavile, L79, M|240/240\n|turn|22\n|\n|t:|1770703619\n|move|p2a: Weavile|Low Kick|p1a: Snorlax\n|-supereffective|p1a: Snorlax\n|-damage|p1a: Snorlax|186/401\n|-damage|p2a: Weavile|216/240|[from] item: Life Orb\n|move|p1a: Snorlax|Body Slam|p2a: Weavile\n|-damage|p2a: Weavile|21/240\n|\n|-heal|p1a: Snorlax|211/401|[from] item: Leftovers\n|upkeep\n|turn|23\n|\n|t:|1770703645\n|move|p2a: Weavile|Low Kick|p1a: Snorlax\n|-supereffective|p1a: Snorlax\n|-damage|p1a: Snorlax|32/401\n|-damage|p2a: Weavile|0 fnt|[from] item: Life Orb\n|faint|p2a: Weavile\n|move|p1a: Snorlax|Curse|p1a: Snorlax\n|-unboost|p1a: Snorlax|spe|1\n|-boost|p1a: Snorlax|atk|1\n|-boost|p1a: Snorlax|def|1\n|\n|-heal|p1a: Snorlax|57/401|[from] item: Leftovers\n|upkeep\n|\n|t:|1770703655\n|switch|p2a: Victini|Victini, L76|243/277\n|turn|24\n|\n|t:|1770703671\n|move|p2a: Victini|V-create|p1a: Snorlax\n|-damage|p1a: Snorlax|8/401\n|-unboost|p2a: Victini|spe|1\n|-unboost|p2a: Victini|def|1\n|-unboost|p2a: Victini|spd|1\n|move|p1a: Snorlax|Earthquake|p2a: Victini\n|-supereffective|p2a: Victini\n|-damage|p2a: Victini|0 fnt\n|faint|p2a: Victini\n|\n|-heal|p1a: Snorlax|33/401|[from] item: Leftovers\n|upkeep\n|\n|t:|1770703675\n|switch|p2a: Aromatisse|Aromatisse, L91, M|332/332\n|turn|25\n|c|☆danielmax123|snorlax my goat\n|\n|t:|1770703684\n|move|p2a: Aromatisse|Moonblast|p1a: Snorlax\n|-damage|p1a: Snorlax|0 fnt\n|faint|p1a: Snorlax\n|\n|upkeep\n|\n|t:|1770703687\n|switch|p1a: Kabutops|Kabutops, L87, M|216/246\n|-damage|p1a: Kabutops|186/246|[from] Stealth Rock\n|turn|26\n|\n|t:|1770703691\n|move|p1a: Kabutops|Liquidation|p2a: Aromatisse\n|-damage|p2a: Aromatisse|160/332\n|move|p2a: Aromatisse|Calm Mind|p2a: Aromatisse\n|-boost|p2a: Aromatisse|spa|1\n|-boost|p2a: Aromatisse|spd|1\n|\n|-heal|p2a: Aromatisse|180/332|[from] item: Leftovers\n|upkeep\n|turn|27\n|\n|t:|1770703694\n|move|p2a: Aromatisse|Protect|p2a: Aromatisse\n|-singleturn|p2a: Aromatisse|Protect\n|move|p1a: Kabutops|Liquidation|p2a: Aromatisse\n|-activate|p2a: Aromatisse|move: Protect\n|\n|-heal|p2a: Aromatisse|200/332|[from] item: Leftovers\n|upkeep\n|turn|28\n|\n|t:|1770703697\n|move|p1a: Kabutops|Liquidation|p2a: Aromatisse\n|-damage|p2a: Aromatisse|10/332\n|move|p2a: Aromatisse|Wish|p2a: Aromatisse\n|\n|-heal|p2a: Aromatisse|30/332|[from] item: Leftovers\n|upkeep\n|turn|29\n|\n|t:|1770703702\n|move|p2a: Aromatisse|Protect|p2a: Aromatisse\n|-singleturn|p2a: Aromatisse|Protect\n|move|p1a: Kabutops|Liquidation|p2a: Aromatisse\n|-activate|p2a: Aromatisse|move: Protect\n|\n|-heal|p2a: Aromatisse|196/332|[from] move: Wish|[wisher] Aromatisse\n|-heal|p2a: Aromatisse|216/332|[from] item: Leftovers\n|upkeep\n|turn|30\n|c|☆danielmax123|crit\n|c|☆danielmax123|crit\n|c|☆danielmax123|crit\n|c|☆danielmax123|crit\n|c|☆danielmax123|crit\n|\n|t:|1770703712\n|move|p1a: Kabutops|Liquidation|p2a: Aromatisse\n|-damage|p2a: Aromatisse|50/332\n|move|p2a: Aromatisse|Wish|p2a: Aromatisse\n|\n|-heal|p2a: Aromatisse|70/332|[from] item: Leftovers\n|upkeep\n|turn|31\n|c|☆danielmax123|crit\n|\n|t:|1770703718\n|move|p2a: Aromatisse|Protect|p2a: Aromatisse\n|-singleturn|p2a: Aromatisse|Protect\n|move|p1a: Kabutops|Liquidation|p2a: Aromatisse\n|-activate|p2a: Aromatisse|move: Protect\n|\n|-heal|p2a: Aromatisse|236/332|[from] move: Wish|[wisher] Aromatisse\n|-heal|p2a: Aromatisse|256/332|[from] item: Leftovers\n|upkeep\n|turn|32\n|c|☆danielmax123|crit\n|\n|t:|1770703726\n|move|p1a: Kabutops|Liquidation|p2a: Aromatisse\n|-damage|p2a: Aromatisse|93/332\n|move|p2a: Aromatisse|Wish|p2a: Aromatisse\n|\n|-heal|p2a: Aromatisse|113/332|[from] item: Leftovers\n|upkeep\n|turn|33\n|\n|t:|1770703731\n|move|p2a: Aromatisse|Protect|p2a: Aromatisse\n|-singleturn|p2a: Aromatisse|Protect\n|move|p1a: Kabutops|Liquidation|p2a: Aromatisse\n|-activate|p2a: Aromatisse|move: Protect\n|\n|-heal|p2a: Aromatisse|279/332|[from] move: Wish|[wisher] Aromatisse\n|-heal|p2a: Aromatisse|299/332|[from] item: Leftovers\n|upkeep\n|turn|34\n|\n|t:|1770703734\n|move|p1a: Kabutops|Liquidation|p2a: Aromatisse\n|-damage|p2a: Aromatisse|125/332\n|move|p2a: Aromatisse|Wish|p2a: Aromatisse\n|\n|-heal|p2a: Aromatisse|145/332|[from] item: Leftovers\n|upkeep\n|turn|35\n|\n|t:|1770703739\n|move|p2a: Aromatisse|Protect|p2a: Aromatisse\n|-singleturn|p2a: Aromatisse|Protect\n|move|p1a: Kabutops|Liquidation|p2a: Aromatisse\n|-activate|p2a: Aromatisse|move: Protect\n|\n|-heal|p2a: Aromatisse|311/332|[from] move: Wish|[wisher] Aromatisse\n|-heal|p2a: Aromatisse|331/332|[from] item: Leftovers\n|upkeep\n|turn|36\n|\n|t:|1770703746\n|move|p1a: Kabutops|Liquidation|p2a: Aromatisse\n|-crit|p2a: Aromatisse\n|-damage|p2a: Aromatisse|61/332\n|move|p2a: Aromatisse|Wish|p2a: Aromatisse\n|\n|-heal|p2a: Aromatisse|81/332|[from] item: Leftovers\n|upkeep\n|turn|37\n|c|☆danielmax123|nooooooo\n|c|☆danielmax123|gimme another\n|\n|t:|1770703757\n|move|p2a: Aromatisse|Protect|p2a: Aromatisse\n|-singleturn|p2a: Aromatisse|Protect\n|move|p1a: Kabutops|Liquidation|p2a: Aromatisse\n|-activate|p2a: Aromatisse|move: Protect\n|\n|-heal|p2a: Aromatisse|247/332|[from] move: Wish|[wisher] Aromatisse\n|-heal|p2a: Aromatisse|267/332|[from] item: Leftovers\n|upkeep\n|turn|38\n|inactive|Johnald714 has 120 seconds left.\n|\n|t:|1770703814\n|move|p1a: Kabutops|Liquidation|p2a: Aromatisse\n|-damage|p2a: Aromatisse|95/332\n|move|p2a: Aromatisse|Wish|p2a: Aromatisse\n|\n|-heal|p2a: Aromatisse|115/332|[from] item: Leftovers\n|upkeep\n|turn|39\n|\n|t:|1770703826\n|move|p2a: Aromatisse|Protect|p2a: Aromatisse\n|-singleturn|p2a: Aromatisse|Protect\n|move|p1a: Kabutops|Liquidation|p2a: Aromatisse\n|-activate|p2a: Aromatisse|move: Protect\n|\n|-heal|p2a: Aromatisse|281/332|[from] move: Wish|[wisher] Aromatisse\n|-heal|p2a: Aromatisse|301/332|[from] item: Leftovers\n|upkeep\n|turn|40\n|c|☆danielmax123|haram\n|\n|t:|1770703839\n|move|p1a: Kabutops|Liquidation|p2a: Aromatisse\n|-damage|p2a: Aromatisse|132/332\n|move|p2a: Aromatisse|Wish|p2a: Aromatisse\n|\n|-heal|p2a: Aromatisse|152/332|[from] item: Leftovers\n|upkeep\n|turn|41\n|inactive|danielmax123 has 120 seconds left.\n|\n|t:|1770703871\n|move|p2a: Aromatisse|Protect|p2a: Aromatisse\n|-singleturn|p2a: Aromatisse|Protect\n|-activate|p1a: Kabutops|move: Struggle\n|move|p1a: Kabutops|Struggle|p2a: Aromatisse\n|-activate|p2a: Aromatisse|move: Protect\n|\n|-heal|p2a: Aromatisse|318/332|[from] move: Wish|[wisher] Aromatisse\n|-heal|p2a: Aromatisse|332/332|[from] item: Leftovers\n|upkeep\n|turn|42\n|inactive|Johnald714 has 120 seconds left.\n|\n|t:|1770703876\n|-activate|p1a: Kabutops|move: Struggle\n|move|p1a: Kabutops|Struggle|p2a: Aromatisse\n|-damage|p2a: Aromatisse|260/332\n|-damage|p1a: Kabutops|124/246|[from] recoil\n|move|p2a: Aromatisse|Moonblast|p1a: Kabutops\n|-damage|p1a: Kabutops|0 fnt\n|faint|p1a: Kabutops\n|\n|win|Johnald714\n|raw|danielmax123's rating: 1548 &rarr; <strong>1530</strong><br />(-18 for losing)\n|raw|Johnald714's rating: 1578 &rarr; <strong>1596</strong><br />(+18 for winning)\n|c|☆Johnald714|gg\n", "inputlog": ">version ccdc32dd7cde25fd9e4bed64820e885f66e78a4e\n>start {\"formatid\":\"gen7randombattle\",\"seed\":\"sodium,da1cb509555f87100bb188398f129dea\",\"rated\":\"Rated battle\"}\n>player p1 {\"name\":\"danielmax123\",\"avatar\":\"170\",\"rating\":1548,\"seed\":\"sodium,cdb2dfeb4572bcfb5fd182f9a4a3f2ea\"}\n>player p2 {\"name\":\"Johnald714\",\"avatar\":\"101\",\"rating\":1559,\"seed\":\"sodium,05b16b5975d0b30698f6a253f804d36e\"}\n>p1 move poisonjab\n>p2 switch 3\n>p1 switch 2\n>p2 move stealthrock\n>p1 move wish\n>p2 switch 2\n>p1 switch 5\n>p2 move vcreate\n>p1 move pursuit\n>p2 move vcreate\n>p1 switch 6\n>p1 move liquidation\n>p2 switch 5\n>p1 switch 5\n>p2 move psychic\n>p1 move icebeam\n>p2 move leafstorm zmove\n>p1 switch 2\n>p1 move megahorn\n>p2 switch 2\n>p1 move megahorn\n>p2 move slackoff\n>p1 move megahorn\n>p2 move slackoff\n>p1 move swordsdance\n>p2 move slackoff\n>p1 move megahorn\n>p2 move slackoff\n>p1 switch 3\n>p1 move curse\n>p2 switch 4\n>p1 move knockoff\n>p2 move toxic\n>p1 move poisonjab\n>p2 move roost\n>p2 switch 4\n>p1 move closecombat\n>p2 move slackoff\n>p1 move closecombat\n>p2 move slackoff\n>p1 move closecombat\n>p2 move slackoff\n>p1 switch 4\n>p1 move curse\n>p2 switch 2\n>p1 move crunch\n>p2 move nastyplot\n>p2 switch 6\n>p1 move bodyslam\n>p2 move lowkick\n>p1 move curse\n>p2 move lowkick\n>p2 switch 5\n>p1 move earthquake\n>p2 move vcreate\n>p2 switch 3\n>chat ☆danielmax123|snorlax my goat \n>p1 move bodyslam\n>p2 move moonblast\n>p1 switch 5\n>p1 move liquidation\n>p2 move calmmind\n>p1 move liquidation\n>p2 move protect\n>p1 move liquidation\n>p2 move wish\n>p1 move liquidation\n>p2 move protect\n>chat ☆danielmax123|crit \n>chat ☆danielmax123|crit \n>chat ☆danielmax123|crit \n>chat ☆danielmax123|crit \n>chat ☆danielmax123|crit \n>p1 move liquidation\n>p2 move wish\n>chat ☆danielmax123|crit \n>p1 move liquidation\n>p2 move protect\n>chat ☆danielmax123|crit \n>p1 move liquidation\n>p2 move wish\n>p1 move liquidation\n>p2 move protect\n>p1 move liquidation\n>p2 move wish\n>p1 move liquidation\n>p2 move protect\n>p1 move liquidation\n>p2 move wish\n>chat ☆danielmax123|nooooooo\n>chat ☆danielmax123|gimme another \n>p1 move liquidation\n>p2 move protect\n>p1 move liquidation\n>p2 move wish\n>p1 move liquidation\n>p2 move protect\n>chat ☆danielmax123|haram \n>p1 move liquidation\n>p2 move wish\n>p1 move struggle\n>p2 move protect\n>p1 move struggle\n>p2 move moonblast", "uploadtime": 1770703893, "views": 221, "formatid": "gen7randombattle", "rating": 1530, "private": 0, "password": null}