{"id": "gen7randombattle-2524451211", "format": "[Gen 7] Random Battle", "players": ["595o", "may/gen3"], "log": "|j|☆595o\n|j|☆may/gen3\n|t:|1769149869\n|gametype|singles\n|player|p1|595o|burglar|1692\n|player|p2|may/gen3|may|1768\n|gen|7\n|tier|[Gen 7] Random Battle\n|rated|\n|rule|Sleep Clause Mod: Limit one foe put to sleep\n|rule|HP Percentage Mod: HP is shown in percentages\n|rule|Illusion Level Mod: Illusion disguises the Pokémon's true level\n|\n|t:|1769149869\n|teamsize|p1|6\n|teamsize|p2|6\n|start\n|switch|p1a: Hawlucha|Hawlucha, L78, F|249/249\n|switch|p2a: Aegislash|Aegislash, L77, M|219/219\n|turn|1\n|inactive|Battle timer is ON: inactive players will automatically lose when time's up. (requested by 595o)\n|\n|t:|1769149891\n|switch|p1a: Oranguru|Oranguru, L93, M|318/318\n|-formechange|p2a: Aegislash|Aegislash-Blade||[from] ability: Stance Change\n|move|p2a: Aegislash|Shadow Ball|p1a: Oranguru\n|-immune|p1a: Oranguru\n|\n|upkeep\n|turn|2\n|\n|t:|1769149912\n|switch|p2a: Goodra|Goodra, L85, M|292/292\n|move|p1a: Oranguru|Nasty Plot|p1a: Oranguru\n|-boost|p1a: Oranguru|spa|2\n|\n|upkeep\n|turn|3\n|\n|t:|1769149931\n|move|p2a: Goodra|Draco Meteor|p1a: Oranguru|[miss]\n|-miss|p2a: Goodra|p1a: Oranguru\n|move|p1a: Oranguru|Psychic|p2a: Goodra\n|-damage|p2a: Goodra|170/292\n|-damage|p1a: Oranguru|287/318|[from] item: Life Orb\n|\n|upkeep\n|turn|4\n|\n|t:|1769149940\n|switch|p1a: Ninetales|Ninetales-Alola, L78, M|242/242\n|-weather|Hail|[from] ability: Snow Warning|[of] p1a: Ninetales\n|move|p2a: Goodra|Draco Meteor|p1a: Ninetales\n|-immune|p1a: Ninetales\n|\n|-weather|Hail|[upkeep]\n|-damage|p2a: Goodra|152/292|[from] Hail\n|upkeep\n|turn|5\n|\n|t:|1769149946\n|move|p1a: Ninetales|Encore|p2a: Goodra\n|-start|p2a: Goodra|Encore\n|move|p2a: Goodra|Draco Meteor|p1a: Ninetales\n|-immune|p1a: Ninetales\n|\n|-weather|Hail|[upkeep]\n|-damage|p2a: Goodra|134/292|[from] Hail\n|upkeep\n|turn|6\n|\n|t:|1769149951\n|switch|p2a: Furfrou|Furfrou-Star, L86, M|269/269\n|move|p1a: Ninetales|Aurora Veil|p1a: Ninetales\n|-sidestart|p1: 595o|move: Aurora Veil\n|\n|-weather|Hail|[upkeep]\n|-damage|p2a: Furfrou|253/269|[from] Hail\n|upkeep\n|turn|7\n|\n|t:|1769149956\n|move|p2a: Furfrou|Thunder Wave|p1a: Ninetales\n|-status|p1a: Ninetales|par\n|move|p1a: Ninetales|Blizzard|p2a: Furfrou\n|-damage|p2a: Furfrou|166/269\n|\n|-weather|Hail|[upkeep]\n|-damage|p2a: Furfrou|150/269|[from] Hail\n|upkeep\n|turn|8\n|\n|t:|1769149968\n|move|p2a: Furfrou|Return|p1a: Ninetales\n|-damage|p1a: Ninetales|188/242 par\n|move|p1a: Ninetales|Blizzard|p2a: Furfrou\n|-damage|p2a: Furfrou|68/269\n|\n|-weather|none\n|upkeep\n|turn|9\n|\n|t:|1769149975\n|move|p2a: Furfrou|Rest|p2a: Furfrou\n|-status|p2a: Furfrou|slp|[from] move: Rest\n|-heal|p2a: Furfrou|269/269 slp|[silent]\n|-enditem|p2a: Furfrou|Chesto Berry|[eat]\n|-curestatus|p2a: Furfrou|slp|[msg]\n|cant|p1a: Ninetales|par\n|\n|upkeep\n|turn|10\n|\n|t:|1769149985\n|switch|p1a: Oranguru|Oranguru, L93, M|287/318\n|move|p2a: Furfrou|Return|p1a: Oranguru\n|-damage|p1a: Oranguru|239/318\n|\n|upkeep\n|turn|11\n|\n|t:|1769149992\n|move|p2a: Furfrou|U-turn|p1a: Oranguru\n|-supereffective|p1a: Oranguru\n|-damage|p1a: Oranguru|193/318\n|\n|t:|1769149994\n|switch|p2a: Aegislash|Aegislash, L77, M|219/219|[from] U-turn\n|move|p1a: Oranguru|Nasty Plot|p1a: Oranguru\n|-boost|p1a: Oranguru|spa|2\n|\n|upkeep\n|turn|12\n|\n|t:|1769149999\n|move|p1a: Oranguru|Thunderbolt|p2a: Aegislash\n|-damage|p2a: Aegislash|86/219\n|-damage|p1a: Oranguru|162/318|[from] item: Life Orb\n|move|p2a: Aegislash|Toxic|p1a: Oranguru\n|-status|p1a: Oranguru|tox\n|\n|-heal|p2a: Aegislash|99/219|[from] item: Leftovers\n|-damage|p1a: Oranguru|143/318 tox|[from] psn\n|upkeep\n|turn|13\n|\n|t:|1769150005\n|move|p2a: Aegislash|King's Shield|p2a: Aegislash\n|-singleturn|p2a: Aegislash|Protect\n|move|p1a: Oranguru|Psychic|p2a: Aegislash\n|-activate|p2a: Aegislash|move: Protect\n|\n|-heal|p2a: Aegislash|112/219|[from] item: Leftovers\n|-damage|p1a: Oranguru|105/318 tox|[from] psn\n|-sideend|p1: 595o|move: Aurora Veil\n|upkeep\n|turn|14\n|\n|t:|1769150009\n|switch|p2a: Goodra|Goodra, L85, M|134/292\n|move|p1a: Oranguru|Psychic|p2a: Goodra\n|-damage|p2a: Goodra|13/292\n|-damage|p1a: Oranguru|74/318 tox|[from] item: Life Orb\n|\n|-damage|p1a: Oranguru|17/318 tox|[from] psn\n|upkeep\n|turn|15\n|\n|t:|1769150016\n|move|p2a: Goodra|Fire Blast|p1a: Oranguru\n|-damage|p1a: Oranguru|0 fnt\n|faint|p1a: Oranguru\n|\n|upkeep\n|\n|t:|1769150028\n|switch|p1a: Mew|Mew, L80|291/291\n|turn|16\n|\n|t:|1769150033\n|move|p1a: Mew|Psychic|p2a: Goodra\n|-damage|p2a: Goodra|0 fnt\n|faint|p2a: Goodra\n|\n|upkeep\n|\n|t:|1769150036\n|switch|p2a: Fearow|Fearow, L88, M|258/258\n|turn|17\n|\n|t:|1769150042\n|move|p2a: Fearow|U-turn|p1a: Mew\n|-supereffective|p1a: Mew\n|-damage|p1a: Mew|139/291\n|\n|t:|1769150044\n|switch|p2a: Aegislash|Aegislash, L77, M|112/219|[from] U-turn\n|move|p1a: Mew|Psychic|p2a: Aegislash\n|-resisted|p2a: Aegislash\n|-damage|p2a: Aegislash|79/219\n|\n|-heal|p1a: Mew|157/291|[from] item: Leftovers\n|-heal|p2a: Aegislash|92/219|[from] item: Leftovers\n|upkeep\n|turn|18\n|\n|t:|1769150071\n|move|p1a: Mew|Psychic|p2a: Aegislash\n|-resisted|p2a: Aegislash\n|-damage|p2a: Aegislash|62/219\n|-formechange|p2a: Aegislash|Aegislash-Blade||[from] ability: Stance Change\n|move|p2a: Aegislash|Shadow Ball|p1a: Mew\n|-supereffective|p1a: Mew\n|-damage|p1a: Mew|0 fnt\n|faint|p1a: Mew\n|\n|-heal|p2a: Aegislash|75/219|[from] item: Leftovers\n|upkeep\n|inactive|595o has 120 seconds left.\n|\n|t:|1769150083\n|switch|p1a: Jellicent|Jellicent, L88, F|319/319\n|turn|19\n|\n|t:|1769150089\n|switch|p2a: Swanna|Swanna, L88, M|275/275\n|move|p1a: Jellicent|Scald|p2a: Swanna\n|-resisted|p2a: Swanna\n|-damage|p2a: Swanna|219/275\n|\n|-heal|p2a: Swanna|236/275|[from] item: Leftovers\n|upkeep\n|turn|20\n|\n|t:|1769150099\n|move|p2a: Swanna|Toxic|p1a: Jellicent\n|-status|p1a: Jellicent|tox\n|move|p1a: Jellicent|Scald|p2a: Swanna\n|-resisted|p2a: Swanna\n|-damage|p2a: Swanna|185/275\n|\n|-heal|p2a: Swanna|202/275|[from] item: Leftovers\n|-damage|p1a: Jellicent|300/319 tox|[from] psn\n|upkeep\n|turn|21\n|\n|t:|1769150108\n|move|p2a: Swanna|Brave Bird|p1a: Jellicent\n|-damage|p1a: Jellicent|144/319 tox\n|-damage|p2a: Swanna|151/275|[from] Recoil\n|move|p1a: Jellicent|Scald|p2a: Swanna\n|-resisted|p2a: Swanna\n|-damage|p2a: Swanna|95/275\n|-status|p2a: Swanna|brn\n|\n|-heal|p2a: Swanna|112/275 brn|[from] item: Leftovers\n|-heal|p1a: Jellicent|163/319 tox|[from] item: Leftovers\n|-damage|p1a: Jellicent|125/319 tox|[from] psn\n|-damage|p2a: Swanna|95/275 brn|[from] brn\n|upkeep\n|turn|22\n|\n|t:|1769150117\n|move|p2a: Swanna|Roost|p2a: Swanna\n|-heal|p2a: Swanna|233/275 brn\n|-singleturn|p2a: Swanna|move: Roost\n|move|p1a: Jellicent|Recover|p1a: Jellicent\n|-heal|p1a: Jellicent|285/319 tox\n|\n|-heal|p2a: Swanna|250/275 brn|[from] item: Leftovers\n|-heal|p1a: Jellicent|304/319 tox|[from] item: Leftovers\n|-damage|p1a: Jellicent|247/319 tox|[from] psn\n|-damage|p2a: Swanna|233/275 brn|[from] brn\n|upkeep\n|turn|23\n|\n|t:|1769150128\n|switch|p2a: Furfrou|Furfrou-Star, L86, M|269/269\n|switch|p1a: Registeel|Registeel, L83|268/268\n|\n|upkeep\n|turn|24\n|\n|t:|1769150139\n|switch|p1a: Jellicent|Jellicent, L88, F|247/319 tox\n|move|p2a: Furfrou|U-turn|p1a: Jellicent\n|-resisted|p1a: Jellicent\n|-damage|p1a: Jellicent|221/319 tox\n|\n|t:|1769150148\n|switch|p2a: Fearow|Fearow, L88, M|258/258|[from] U-turn\n|\n|-heal|p1a: Jellicent|240/319 tox|[from] item: Leftovers\n|-damage|p1a: Jellicent|221/319 tox|[from] psn\n|upkeep\n|turn|25\n|\n|t:|1769150160\n|switch|p1a: Registeel|Registeel, L83|268/268\n|move|p2a: Fearow|Drill Peck|p1a: Registeel\n|-resisted|p1a: Registeel\n|-crit|p1a: Registeel\n|-damage|p1a: Registeel|174/268\n|\n|-heal|p1a: Registeel|190/268|[from] item: Leftovers\n|upkeep\n|turn|26\n|\n|t:|1769150171\n|switch|p2a: Rhydon|Rhydon, L85, F|317/317\n|switch|p1a: Jellicent|Jellicent, L88, F|221/319 tox\n|\n|-heal|p1a: Jellicent|240/319 tox|[from] item: Leftovers\n|-damage|p1a: Jellicent|221/319 tox|[from] psn\n|upkeep\n|turn|27\n|\n|t:|1769150177\n|switch|p2a: Swanna|Swanna, L88, M|233/275 brn\n|move|p1a: Jellicent|Scald|p2a: Swanna\n|-resisted|p2a: Swanna\n|-damage|p2a: Swanna|178/275 brn\n|\n|-heal|p2a: Swanna|195/275 brn|[from] item: Leftovers\n|-heal|p1a: Jellicent|240/319 tox|[from] item: Leftovers\n|-damage|p1a: Jellicent|202/319 tox|[from] psn\n|-damage|p2a: Swanna|178/275 brn|[from] brn\n|upkeep\n|turn|28\n|\n|t:|1769150183\n|switch|p2a: Furfrou|Furfrou-Star, L86, M|269/269\n|move|p1a: Jellicent|Recover|p1a: Jellicent\n|-heal|p1a: Jellicent|319/319 tox\n|\n|-damage|p1a: Jellicent|262/319 tox|[from] psn\n|upkeep\n|turn|29\n|\n|t:|1769150192\n|move|p2a: Furfrou|Thunder Wave||[still]\n|-fail|p2a: Furfrou\n|move|p1a: Jellicent|Hex|p2a: Furfrou\n|-immune|p2a: Furfrou\n|\n|-heal|p1a: Jellicent|281/319 tox|[from] item: Leftovers\n|-damage|p1a: Jellicent|205/319 tox|[from] psn\n|upkeep\n|turn|30\n|\n|t:|1769150209\n|switch|p1a: Registeel|Registeel, L83|190/268\n|move|p2a: Furfrou|Thunder Wave|p1a: Registeel\n|-status|p1a: Registeel|par\n|\n|-heal|p1a: Registeel|206/268 par|[from] item: Leftovers\n|upkeep\n|turn|31\n|\n|t:|1769150216\n|switch|p2a: Aegislash|Aegislash, L77, M|75/219\n|switch|p1a: Jellicent|Jellicent, L88, F|205/319 tox\n|\n|-heal|p1a: Jellicent|224/319 tox|[from] item: Leftovers\n|-heal|p2a: Aegislash|88/219|[from] item: Leftovers\n|-damage|p1a: Jellicent|205/319 tox|[from] psn\n|upkeep\n|turn|32\n|\n|t:|1769150224\n|move|p2a: Aegislash|King's Shield|p2a: Aegislash\n|-singleturn|p2a: Aegislash|Protect\n|move|p1a: Jellicent|Hex|p2a: Aegislash\n|-activate|p2a: Aegislash|move: Protect\n|\n|-heal|p1a: Jellicent|224/319 tox|[from] item: Leftovers\n|-heal|p2a: Aegislash|101/219|[from] item: Leftovers\n|-damage|p1a: Jellicent|186/319 tox|[from] psn\n|upkeep\n|turn|33\n|\n|t:|1769150230\n|switch|p2a: Furfrou|Furfrou-Star, L86, M|269/269\n|move|p1a: Jellicent|Hex|p2a: Furfrou\n|-immune|p2a: Furfrou\n|\n|-heal|p1a: Jellicent|205/319 tox|[from] item: Leftovers\n|-damage|p1a: Jellicent|148/319 tox|[from] psn\n|upkeep\n|turn|34\n|\n|t:|1769150233\n|move|p2a: Furfrou|U-turn|p1a: Jellicent\n|-resisted|p1a: Jellicent\n|-damage|p1a: Jellicent|124/319 tox\n|\n|t:|1769150235\n|switch|p2a: Swanna|Swanna, L88, M|178/275 brn|[from] U-turn\n|move|p1a: Jellicent|Recover|p1a: Jellicent\n|-heal|p1a: Jellicent|284/319 tox\n|\n|-heal|p2a: Swanna|195/275 brn|[from] item: Leftovers\n|-heal|p1a: Jellicent|303/319 tox|[from] item: Leftovers\n|-damage|p1a: Jellicent|227/319 tox|[from] psn\n|-damage|p2a: Swanna|178/275 brn|[from] brn\n|upkeep\n|turn|35\n|\n|t:|1769150247\n|switch|p1a: Ninetales|Ninetales-Alola, L78, M|188/242 par\n|-weather|Hail|[from] ability: Snow Warning|[of] p1a: Ninetales\n|move|p2a: Swanna|Scald|p1a: Ninetales\n|-damage|p1a: Ninetales|109/242 par\n|\n|-weather|Hail|[upkeep]\n|-damage|p2a: Swanna|161/275 brn|[from] Hail\n|-heal|p2a: Swanna|178/275 brn|[from] item: Leftovers\n|-damage|p2a: Swanna|161/275 brn|[from] brn\n|upkeep\n|turn|36\n|\n|t:|1769150262\n|move|p2a: Swanna|Scald|p1a: Ninetales\n|-damage|p1a: Ninetales|24/242 par\n|move|p1a: Ninetales|Blizzard|p2a: Swanna\n|-damage|p2a: Swanna|61/275 brn\n|\n|-weather|Hail|[upkeep]\n|-damage|p2a: Swanna|44/275 brn|[from] Hail\n|-heal|p2a: Swanna|61/275 brn|[from] item: Leftovers\n|-damage|p2a: Swanna|44/275 brn|[from] brn\n|upkeep\n|turn|37\n|\n|t:|1769150272\n|move|p2a: Swanna|Brave Bird|p1a: Ninetales\n|-damage|p1a: Ninetales|0 fnt\n|faint|p1a: Ninetales\n|-damage|p2a: Swanna|36/275 brn|[from] Recoil\n|\n|-weather|Hail|[upkeep]\n|-damage|p2a: Swanna|19/275 brn|[from] Hail\n|-heal|p2a: Swanna|36/275 brn|[from] item: Leftovers\n|-damage|p2a: Swanna|19/275 brn|[from] brn\n|upkeep\n|\n|t:|1769150277\n|switch|p1a: Hawlucha|Hawlucha, L78, F|249/249\n|turn|38\n|\n|t:|1769150282\n|move|p1a: Hawlucha|Acrobatics|p2a: Swanna\n|-damage|p2a: Swanna|0 fnt\n|faint|p2a: Swanna\n|\n|-weather|Hail|[upkeep]\n|-damage|p1a: Hawlucha|234/249|[from] Hail\n|upkeep\n|\n|t:|1769150286\n|switch|p2a: Aegislash|Aegislash, L77, M|101/219\n|turn|39\n|\n|t:|1769150290\n|switch|p1a: Registeel|Registeel, L83|206/268 par\n|-formechange|p2a: Aegislash|Aegislash-Blade||[from] ability: Stance Change\n|move|p2a: Aegislash|Shadow Ball|p1a: Registeel\n|-damage|p1a: Registeel|139/268 par\n|\n|-weather|none\n|-heal|p2a: Aegislash|114/219|[from] item: Leftovers\n|-heal|p1a: Registeel|155/268 par|[from] item: Leftovers\n|upkeep\n|turn|40\n|\n|t:|1769150302\n|move|p2a: Aegislash|Shadow Ball|p1a: Registeel\n|-damage|p1a: Registeel|86/268 par\n|move|p1a: Registeel|Rest|p1a: Registeel\n|-status|p1a: Registeel|slp|[from] move: Rest\n|-heal|p1a: Registeel|268/268 slp|[silent]\n|\n|-heal|p2a: Aegislash|127/219|[from] item: Leftovers\n|upkeep\n|turn|41\n|\n|t:|1769150324\n|switch|p1a: Hawlucha|Hawlucha, L78, F|234/249\n|move|p2a: Aegislash|Shadow Ball|p1a: Hawlucha\n|-damage|p1a: Hawlucha|105/249\n|\n|-heal|p2a: Aegislash|140/219|[from] item: Leftovers\n|upkeep\n|turn|42\n|\n|t:|1769150330\n|switch|p1a: Jellicent|Jellicent, L88, F|227/319 tox\n|move|p2a: Aegislash|Shadow Ball|p1a: Jellicent\n|-supereffective|p1a: Jellicent\n|-damage|p1a: Jellicent|65/319 tox\n|\n|-heal|p1a: Jellicent|84/319 tox|[from] item: Leftovers\n|-heal|p2a: Aegislash|153/219|[from] item: Leftovers\n|-damage|p1a: Jellicent|65/319 tox|[from] psn\n|upkeep\n|turn|43\n|\n|t:|1769150337\n|switch|p2a: Furfrou|Furfrou-Star, L86, M|269/269\n|move|p1a: Jellicent|Recover|p1a: Jellicent\n|-heal|p1a: Jellicent|225/319 tox\n|\n|-heal|p1a: Jellicent|244/319 tox|[from] item: Leftovers\n|-damage|p1a: Jellicent|206/319 tox|[from] psn\n|upkeep\n|turn|44\n|\n|t:|1769150341\n|move|p2a: Furfrou|U-turn|p1a: Jellicent\n|-resisted|p1a: Jellicent\n|-damage|p1a: Jellicent|182/319 tox\n|\n|t:|1769150343\n|switch|p2a: Fearow|Fearow, L88, M|258/258|[from] U-turn\n|move|p1a: Jellicent|Scald|p2a: Fearow\n|-damage|p2a: Fearow|146/258\n|-status|p2a: Fearow|brn\n|\n|-heal|p1a: Jellicent|201/319 tox|[from] item: Leftovers\n|-damage|p1a: Jellicent|144/319 tox|[from] psn\n|-damage|p2a: Fearow|130/258 brn|[from] brn\n|upkeep\n|turn|45\n|\n|t:|1769150350\n|move|p2a: Fearow|U-turn|p1a: Jellicent\n|-resisted|p1a: Jellicent\n|-damage|p1a: Jellicent|123/319 tox\n|\n|t:|1769150353\n|switch|p2a: Furfrou|Furfrou-Star, L86, M|269/269|[from] U-turn\n|move|p1a: Jellicent|Recover|p1a: Jellicent\n|-heal|p1a: Jellicent|283/319 tox\n|\n|-heal|p1a: Jellicent|302/319 tox|[from] item: Leftovers\n|-damage|p1a: Jellicent|226/319 tox|[from] psn\n|upkeep\n|turn|46\n|inactive|595o has 120 seconds left.\n|\n|t:|1769150387\n|switch|p1a: Registeel|Registeel, L83|268/268 slp\n|move|p2a: Furfrou|U-turn|p1a: Registeel\n|-resisted|p1a: Registeel\n|-damage|p1a: Registeel|252/268 slp\n|\n|t:|1769150392\n|switch|p2a: Rhydon|Rhydon, L85, F|317/317|[from] U-turn\n|\n|-heal|p1a: Registeel|268/268 slp|[from] item: Leftovers\n|upkeep\n|turn|47\n|\n|t:|1769150400\n|cant|p1a: Registeel|slp\n|move|p2a: Rhydon|Earthquake|p1a: Registeel\n|-supereffective|p1a: Registeel\n|-damage|p1a: Registeel|82/268 slp\n|\n|-heal|p1a: Registeel|98/268 slp|[from] item: Leftovers\n|upkeep\n|turn|48\n|\n|t:|1769150405\n|cant|p1a: Registeel|slp\n|move|p1a: Registeel|Sleep Talk|p1a: Registeel\n|move|p1a: Registeel|Rest||[from] move: Sleep Talk|[still]\n|-fail|p1a: Registeel\n|move|p2a: Rhydon|Earthquake|p1a: Registeel\n|-supereffective|p1a: Registeel\n|-damage|p1a: Registeel|0 fnt\n|faint|p1a: Registeel\n|\n|upkeep\n|\n|t:|1769150411\n|switch|p1a: Jellicent|Jellicent, L88, F|226/319 tox\n|turn|49\n|\n|t:|1769150424\n|switch|p2a: Furfrou|Furfrou-Star, L86, M|269/269\n|move|p1a: Jellicent|Scald|p2a: Furfrou\n|-damage|p2a: Furfrou|188/269\n|-status|p2a: Furfrou|brn\n|\n|-heal|p1a: Jellicent|245/319 tox|[from] item: Leftovers\n|-damage|p1a: Jellicent|226/319 tox|[from] psn\n|-damage|p2a: Furfrou|172/269 brn|[from] brn\n|upkeep\n|turn|50\n|\n|t:|1769150433\n|switch|p1a: Hawlucha|Hawlucha, L78, F|105/249\n|move|p2a: Furfrou|Thunder Wave|p1a: Hawlucha\n|-status|p1a: Hawlucha|par\n|\n|-damage|p2a: Furfrou|156/269 brn|[from] brn\n|upkeep\n|turn|51\n|\n|t:|1769150441\n|move|p2a: Furfrou|U-turn|p1a: Hawlucha\n|-resisted|p1a: Hawlucha\n|-damage|p1a: Hawlucha|98/249 par\n|\n|t:|1769150445\n|switch|p2a: Aegislash|Aegislash, L77, M|153/219|[from] U-turn\n|move|p1a: Hawlucha|Sky Attack||[still]\n|-prepare|p1a: Hawlucha|Sky Attack\n|-enditem|p1a: Hawlucha|Power Herb\n|-anim|p1a: Hawlucha|Sky Attack|p2a: Aegislash\n|-resisted|p2a: Aegislash\n|-damage|p2a: Aegislash|110/219\n|\n|-heal|p2a: Aegislash|123/219|[from] item: Leftovers\n|upkeep\n|turn|52\n|\n|t:|1769150455\n|move|p1a: Hawlucha|Swords Dance|p1a: Hawlucha\n|-boost|p1a: Hawlucha|atk|2\n|-formechange|p2a: Aegislash|Aegislash-Blade||[from] ability: Stance Change\n|move|p2a: Aegislash|Shadow Ball|p1a: Hawlucha\n|-damage|p1a: Hawlucha|0 fnt\n|faint|p1a: Hawlucha\n|\n|-heal|p2a: Aegislash|136/219|[from] item: Leftovers\n|upkeep\n|\n|t:|1769150461\n|switch|p1a: Jellicent|Jellicent, L88, F|226/319 tox\n|turn|53\n|\n|t:|1769150466\n|-formechange|p2a: Aegislash|Aegislash||[from] ability: Stance Change\n|move|p2a: Aegislash|King's Shield|p2a: Aegislash\n|-singleturn|p2a: Aegislash|Protect\n|move|p1a: Jellicent|Hex|p2a: Aegislash\n|-activate|p2a: Aegislash|move: Protect\n|\n|-heal|p1a: Jellicent|245/319 tox|[from] item: Leftovers\n|-heal|p2a: Aegislash|149/219|[from] item: Leftovers\n|-damage|p1a: Jellicent|226/319 tox|[from] psn\n|upkeep\n|turn|54\n|\n|t:|1769150471\n|move|p1a: Jellicent|Hex|p2a: Aegislash\n|-supereffective|p2a: Aegislash\n|-damage|p2a: Aegislash|51/219\n|-formechange|p2a: Aegislash|Aegislash-Blade||[from] ability: Stance Change\n|move|p2a: Aegislash|Shadow Ball|p1a: Jellicent\n|-supereffective|p1a: Jellicent\n|-damage|p1a: Jellicent|68/319 tox\n|-unboost|p1a: Jellicent|spd|1\n|\n|-heal|p1a: Jellicent|87/319 tox|[from] item: Leftovers\n|-heal|p2a: Aegislash|64/219|[from] item: Leftovers\n|-damage|p1a: Jellicent|49/319 tox|[from] psn\n|upkeep\n|turn|55\n|\n|t:|1769150479\n|move|p1a: Jellicent|Hex|p2a: Aegislash\n|-supereffective|p2a: Aegislash\n|-damage|p2a: Aegislash|0 fnt\n|faint|p2a: Aegislash\n|\n|-heal|p1a: Jellicent|68/319 tox|[from] item: Leftovers\n|-damage|p1a: Jellicent|11/319 tox|[from] psn\n|upkeep\n|-message|595o forfeited.\n|\n|win|may/gen3\n|raw|595o's rating: 1692 &rarr; <strong>1676</strong><br />(-16 for losing)\n|raw|may&#x2f;gen3's rating: 1768 &rarr; <strong>1784</strong><br />(+16 for winning)\n|l|☆595o\n|player|p1|\n", "inputlog": ">version dd3d52b8382d73d1dd2c67730c4067df325ab790\n>start {\"formatid\":\"gen7randombattle\",\"seed\":\"sodium,47fb81643ee1fdaa63324a579e75cd10\",\"rated\":\"Rated battle\"}\n>player p1 {\"name\":\"595o\",\"avatar\":\"burglar\",\"rating\":1692,\"seed\":\"sodium,af3c8c2f65cb7ffbb123872754b36ffe\"}\n>player p2 {\"name\":\"may/gen3\",\"avatar\":\"may\",\"rating\":1768,\"seed\":\"sodium,f56857b743f69fd5228e6442f3c1f078\"}\n>p1 switch 3\n>p2 move shadowball\n>p1 move nastyplot\n>p2 switch 4\n>p1 move psychic\n>p2 move dracometeor\n>p1 switch 4\n>p2 move dracometeor\n>p1 move encore\n>p2 move fireblast\n>p1 move auroraveil\n>p2 switch 5\n>p1 move blizzard\n>p2 move thunderwave\n>p1 move blizzard\n>p2 move return\n>p1 move blizzard\n>p2 move rest\n>p1 switch 4\n>p2 move return\n>p1 move nastyplot\n>p2 move uturn\n>p2 switch 4\n>p1 move thunderbolt\n>p2 move toxic\n>p1 move psychic\n>p2 move kingsshield\n>p1 move psychic\n>p2 switch 5\n>p1 move psychic\n>p2 move fireblast\n>p1 switch 5\n>p1 move psychic\n>p2 move dracometeor\n>p2 switch 3\n>p1 move psychic\n>p2 move uturn\n>p2 switch 5\n>p1 move psychic\n>p2 move shadowball\n>p1 switch 6\n>p1 move scald\n>p2 switch 2\n>p1 move scald\n>p2 move toxic\n>p1 move scald\n>p2 move bravebird\n>p1 move recover\n>p2 move roost\n>p1 switch 2\n>p2 switch 4\n>p1 switch 2\n>p2 move uturn\n>p2 switch 5\n>p1 switch 2\n>p2 move drillpeck\n>p1 switch 2\n>p2 switch 6\n>p1 move scald\n>p2 switch 4\n>p1 move recover\n>p2 switch 5\n>p1 move hex\n>p2 move thunderwave\n>p1 switch 2\n>p2 move thunderwave\n>p1 switch 2\n>p2 switch 2\n>p1 move hex\n>p2 move kingsshield\n>p1 move hex\n>p2 switch 2\n>p1 move recover\n>p2 move uturn\n>p2 switch 5\n>p1 switch 4\n>p2 move scald\n>p1 move blizzard\n>p2 move scald\n>p1 move encore\n>p2 move bravebird\n>p1 switch 3\n>p1 move acrobatics\n>p2 move bravebird\n>p2 switch 2\n>p1 switch 2\n>p2 move shadowball\n>p1 move rest\n>p2 move shadowball\n>p1 switch 2\n>p2 move shadowball\n>p1 switch 4\n>p2 move shadowball\n>p1 move recover\n>p2 switch 5\n>p1 move scald\n>p2 move uturn\n>p2 switch 6\n>p1 move recover\n>p2 move uturn\n>p2 switch 6\n>p1 switch 2\n>p2 move uturn\n>p2 switch 4\n>p1 move toxic\n>p2 move earthquake\n>p1 move sleeptalk\n>p2 move earthquake\n>p1 switch 2\n>p1 move scald\n>p2 switch 4\n>p1 switch 4\n>p2 move thunderwave\n>p1 move skyattack\n>p2 move uturn\n>p2 switch 5\n>p1 move swordsdance\n>p2 move shadowball\n>p1 switch 4\n>p1 move hex\n>p2 move kingsshield\n>p1 move hex\n>p2 move shadowball\n>p1 move hex\n>p2 move shadowball\n>forcelose p1", "uploadtime": 1769150491, "views": 212, "formatid": "gen7randombattle", "rating": 1676, "private": 0, "password": null}