{"id": "gen7randombattle-2529107804", "format": "[Gen 7] Random Battle", "players": ["La.Hellhound", "Diegothecreator"], "log": "|j|‽La.Hellhound\n|j|☆Diegothecreator\n|t:|1769738834\n|gametype|singles\n|player|p1|La.Hellhound|bruno|1664\n|player|p2|Diegothecreator|biker-gen1rb|1539\n|gen|7\n|tier|[Gen 7] Random Battle\n|rated|\n|rule|Sleep Clause Mod: Limit one foe put to sleep\n|rule|HP Percentage Mod: HP is shown in percentages\n|rule|Illusion Level Mod: Illusion disguises the Pokémon's true level\n|\n|t:|1769738834\n|teamsize|p1|6\n|teamsize|p2|6\n|start\n|switch|p1a: Raikou|Raikou, L81|278/278\n|switch|p2a: Torkoal|Torkoal, L84, F|255/255\n|-ability|p1a: Raikou|Pressure\n|-weather|SunnyDay|[from] ability: Drought|[of] p2a: Torkoal\n|turn|1\n|inactive|Battle timer is ON: inactive players will automatically lose when time's up. (requested by Diegothecreator)\n|inactive|La.Hellhound also wants the timer to be on.\n|inactive|La.Hellhound has 120 seconds left.\n|\n|t:|1769738871\n|switch|p2a: Gliscor|Gliscor, L78, M|245/245\n|move|p1a: Raikou|Volt Switch|p2a: Gliscor\n|-immune|p2a: Gliscor\n|\n|-weather|SunnyDay|[upkeep]\n|-status|p2a: Gliscor|tox|[from] item: Toxic Orb\n|upkeep\n|turn|2\n|\n|t:|1769738880\n|switch|p1a: Azelf|Azelf, L82|257/257\n|move|p2a: Gliscor|Substitute|p2a: Gliscor\n|-start|p2a: Gliscor|Substitute\n|-damage|p2a: Gliscor|184/245 tox\n|\n|-weather|SunnyDay|[upkeep]\n|-heal|p2a: Gliscor|214/245 tox|[from] ability: Poison Heal\n|upkeep\n|turn|3\n|\n|t:|1769738890\n|move|p1a: Azelf|Stealth Rock|p2a: Gliscor\n|-sidestart|p2: Diegothecreator|move: Stealth Rock\n|move|p2a: Gliscor|Toxic|p1a: Azelf\n|-status|p1a: Azelf|tox\n|\n|-weather|SunnyDay|[upkeep]\n|-damage|p1a: Azelf|241/257 tox|[from] psn\n|-heal|p2a: Gliscor|244/245 tox|[from] ability: Poison Heal\n|upkeep\n|turn|4\n|\n|t:|1769738903\n|move|p2a: Gliscor|Protect|p2a: Gliscor\n|-singleturn|p2a: Gliscor|Protect\n|move|p1a: Azelf|Psychic|p2a: Gliscor\n|-activate|p2a: Gliscor|move: Protect\n|\n|-weather|SunnyDay|[upkeep]\n|-damage|p1a: Azelf|209/257 tox|[from] psn\n|-heal|p2a: Gliscor|245/245 tox|[from] ability: Poison Heal\n|upkeep\n|turn|5\n|\n|t:|1769738916\n|switch|p1a: Raikou|Raikou, L81|278/278\n|-ability|p1a: Raikou|Pressure\n|move|p2a: Gliscor|Substitute|p2a: Gliscor\n|-fail|p2a: Gliscor|move: Substitute\n|\n|-weather|none\n|upkeep\n|turn|6\n|\n|t:|1769738925\n|switch|p1a: Azelf|Azelf, L82|209/257 tox\n|move|p2a: Gliscor|Toxic|p1a: Azelf\n|-fail|p1a: Azelf|tox\n|\n|-damage|p1a: Azelf|193/257 tox|[from] psn\n|upkeep\n|turn|7\n|\n|t:|1769738931\n|switch|p1a: Raikou|Raikou, L81|278/278\n|-ability|p1a: Raikou|Pressure\n|move|p2a: Gliscor|Protect||[still]\n|-fail|p2a: Gliscor\n|\n|upkeep\n|turn|8\n|\n|t:|1769738938\n|move|p1a: Raikou|Hidden Power|p2a: Gliscor\n|-supereffective|p2a: Gliscor\n|-end|p2a: Gliscor|Substitute\n|move|p2a: Gliscor|Substitute|p2a: Gliscor\n|-start|p2a: Gliscor|Substitute\n|-damage|p2a: Gliscor|184/245 tox\n|\n|-heal|p2a: Gliscor|214/245 tox|[from] ability: Poison Heal\n|upkeep\n|turn|9\n|\n|t:|1769738946\n|switch|p1a: Azelf|Azelf, L82|193/257 tox\n|move|p2a: Gliscor|Substitute|p2a: Gliscor\n|-fail|p2a: Gliscor|move: Substitute\n|\n|-damage|p1a: Azelf|177/257 tox|[from] psn\n|-heal|p2a: Gliscor|244/245 tox|[from] ability: Poison Heal\n|upkeep\n|turn|10\n|\n|t:|1769738956\n|move|p2a: Gliscor|Protect|p2a: Gliscor\n|-singleturn|p2a: Gliscor|Protect\n|move|p1a: Azelf|Psychic|p2a: Gliscor\n|-activate|p2a: Gliscor|move: Protect\n|\n|-damage|p1a: Azelf|145/257 tox|[from] psn\n|-heal|p2a: Gliscor|245/245 tox|[from] ability: Poison Heal\n|upkeep\n|turn|11\n|\n|t:|1769738966\n|switch|p1a: Beautifly|Beautifly, L99, M|279/279\n|move|p2a: Gliscor|Earthquake|p1a: Beautifly\n|-immune|p1a: Beautifly\n|\n|upkeep\n|turn|12\n|\n|t:|1769738973\n|switch|p1a: Azelf|Azelf, L82|145/257 tox\n|move|p2a: Gliscor|Toxic|p1a: Azelf\n|-fail|p1a: Azelf|tox\n|\n|-damage|p1a: Azelf|129/257 tox|[from] psn\n|upkeep\n|turn|13\n|\n|t:|1769738980\n|switch|p1a: Beautifly|Beautifly, L99, M|279/279\n|move|p2a: Gliscor|Substitute|p2a: Gliscor\n|-fail|p2a: Gliscor|move: Substitute\n|\n|upkeep\n|turn|14\n|\n|t:|1769738986\n|switch|p1a: Azelf|Azelf, L82|129/257 tox\n|move|p2a: Gliscor|Toxic|p1a: Azelf\n|-fail|p1a: Azelf|tox\n|\n|-damage|p1a: Azelf|113/257 tox|[from] psn\n|upkeep\n|turn|15\n|\n|t:|1769738994\n|move|p1a: Azelf|Psychic|p2a: Gliscor\n|-end|p2a: Gliscor|Substitute\n|-damage|p1a: Azelf|88/257 tox|[from] item: Life Orb\n|move|p2a: Gliscor|Earthquake|p1a: Azelf\n|-immune|p1a: Azelf|[from] ability: Levitate\n|\n|-damage|p1a: Azelf|56/257 tox|[from] psn\n|upkeep\n|turn|16\n|\n|t:|1769739003\n|switch|p1a: Raikou|Raikou, L81|278/278\n|-ability|p1a: Raikou|Pressure\n|move|p2a: Gliscor|Substitute|p2a: Gliscor\n|-start|p2a: Gliscor|Substitute\n|-damage|p2a: Gliscor|184/245 tox\n|\n|-heal|p2a: Gliscor|214/245 tox|[from] ability: Poison Heal\n|upkeep\n|turn|17\n|\n|t:|1769739011\n|move|p1a: Raikou|Hidden Power|p2a: Gliscor\n|-supereffective|p2a: Gliscor\n|-end|p2a: Gliscor|Substitute\n|move|p2a: Gliscor|Earthquake|p1a: Raikou\n|-supereffective|p1a: Raikou\n|-damage|p1a: Raikou|54/278\n|\n|-heal|p2a: Gliscor|244/245 tox|[from] ability: Poison Heal\n|upkeep\n|turn|18\n|\n|t:|1769739019\n|move|p2a: Gliscor|Protect|p2a: Gliscor\n|-singleturn|p2a: Gliscor|Protect\n|move|p1a: Raikou|Hidden Power|p2a: Gliscor\n|-activate|p2a: Gliscor|move: Protect\n|\n|-heal|p2a: Gliscor|245/245 tox|[from] ability: Poison Heal\n|upkeep\n|turn|19\n|inactive|La.Hellhound has 120 seconds left.\n|inactive|La.Hellhound has 90 seconds left.\n|\n|t:|1769739085\n|switch|p2a: Torkoal|Torkoal, L84, F|255/255\n|-damage|p2a: Torkoal|192/255|[from] Stealth Rock\n|-weather|SunnyDay|[from] ability: Drought|[of] p2a: Torkoal\n|move|p1a: Raikou|Hidden Power|p2a: Torkoal\n|-resisted|p2a: Torkoal\n|-damage|p2a: Torkoal|149/255\n|\n|-weather|SunnyDay|[upkeep]\n|-heal|p2a: Torkoal|164/255|[from] item: Leftovers\n|upkeep\n|turn|20\n|inactive|La.Hellhound has 90 seconds left.\n|\n|t:|1769739096\n|switch|p1a: Lickilicky|Lickilicky, L89, M|341/341\n|move|p2a: Torkoal|Rapid Spin|p1a: Lickilicky\n|-damage|p1a: Lickilicky|331/341\n|-sideend|p2: Diegothecreator|Stealth Rock|[from] move: Rapid Spin|[of] p2a: Torkoal\n|\n|-weather|SunnyDay|[upkeep]\n|-heal|p1a: Lickilicky|341/341|[from] item: Leftovers\n|-heal|p2a: Torkoal|179/255|[from] item: Leftovers\n|upkeep\n|turn|21\n|inactive|La.Hellhound has 90 seconds left.\n|\n|t:|1769739105\n|move|p1a: Lickilicky|Swords Dance|p1a: Lickilicky\n|-boost|p1a: Lickilicky|atk|2\n|move|p2a: Torkoal|Yawn|p1a: Lickilicky\n|-start|p1a: Lickilicky|move: Yawn|[of] p2a: Torkoal\n|\n|-weather|SunnyDay|[upkeep]\n|-heal|p2a: Torkoal|194/255|[from] item: Leftovers\n|upkeep\n|turn|22\n|\n|t:|1769739118\n|switch|p2a: Vigoroth|Vigoroth, L88, M|284/284\n|move|p1a: Lickilicky|Body Slam|p2a: Vigoroth\n|-damage|p2a: Vigoroth|155/284\n|-status|p2a: Vigoroth|par\n|\n|-weather|SunnyDay|[upkeep]\n|-end|p1a: Lickilicky|move: Yawn|[silent]\n|-status|p1a: Lickilicky|slp\n|upkeep\n|turn|23\n|\n|t:|1769739138\n|switch|p1a: Beautifly|Beautifly, L99, M|279/279\n|switch|p2a: Hitmonlee|Hitmonlee, L86, M|225/225\n|\n|-weather|none\n|upkeep\n|turn|24\n|\n|t:|1769739145\n|switch|p2a: Torkoal|Torkoal, L84, F|194/255\n|-weather|SunnyDay|[from] ability: Drought|[of] p2a: Torkoal\n|move|p1a: Beautifly|Quiver Dance|p1a: Beautifly\n|-boost|p1a: Beautifly|spa|1\n|-boost|p1a: Beautifly|spd|1\n|-boost|p1a: Beautifly|spe|1\n|\n|-weather|SunnyDay|[upkeep]\n|-heal|p2a: Torkoal|209/255|[from] item: Leftovers\n|upkeep\n|turn|25\n|\n|t:|1769739158\n|move|p1a: Beautifly|Hidden Power|p2a: Torkoal\n|-supereffective|p2a: Torkoal\n|-damage|p2a: Torkoal|0 fnt\n|faint|p2a: Torkoal\n|\n|-weather|SunnyDay|[upkeep]\n|upkeep\n|\n|t:|1769739166\n|switch|p2a: Volcanion|Volcanion, L81|262/262\n|turn|26\n|\n|t:|1769739178\n|switch|p1a: Lickilicky|Lickilicky, L89, M|341/341 slp\n|move|p2a: Volcanion|Fire Blast|p1a: Lickilicky\n|-damage|p1a: Lickilicky|142/341 slp\n|\n|-weather|SunnyDay|[upkeep]\n|-heal|p1a: Lickilicky|163/341 slp|[from] item: Leftovers\n|upkeep\n|turn|27\n|\n|t:|1769739187\n|move|p2a: Volcanion|Fire Blast|p1a: Lickilicky\n|-damage|p1a: Lickilicky|0 fnt\n|faint|p1a: Lickilicky\n|\n|-weather|SunnyDay|[upkeep]\n|upkeep\n|\n|t:|1769739193\n|switch|p1a: Azelf|Azelf, L82|56/257 tox\n|turn|28\n|\n|t:|1769739205\n|move|p1a: Azelf|Explosion|p2a: Volcanion\n|-damage|p2a: Volcanion|51/262\n|faint|p1a: Azelf\n|move|p2a: Volcanion|Steam Eruption|p1: Azelf|[notarget]\n|-fail|p2a: Volcanion\n|\n|-weather|none\n|-heal|p2a: Volcanion|67/262|[from] item: Leftovers\n|upkeep\n|\n|t:|1769739220\n|switch|p1a: Tyrantrum|Tyrantrum, L81, F|265/265\n|turn|29\n|\n|t:|1769739232\n|move|p1a: Tyrantrum|Dragon Dance|p1a: Tyrantrum\n|-boost|p1a: Tyrantrum|atk|1\n|-boost|p1a: Tyrantrum|spe|1\n|move|p2a: Volcanion|Steam Eruption|p1a: Tyrantrum\n|-damage|p1a: Tyrantrum|60/265\n|\n|-heal|p2a: Volcanion|83/262|[from] item: Leftovers\n|upkeep\n|turn|30\n|\n|t:|1769739240\n|move|p1a: Tyrantrum|Earthquake|p2a: Volcanion\n|-supereffective|p2a: Volcanion\n|-damage|p2a: Volcanion|0 fnt\n|faint|p2a: Volcanion\n|\n|upkeep\n|\n|t:|1769739242\n|switch|p2a: Gliscor|Gliscor, L78, M|245/245 tox\n|turn|31\n|\n|t:|1769739247\n|-zpower|p1a: Tyrantrum\n|move|p1a: Tyrantrum|Continental Crush|p2a: Gliscor|[zeffect]\n|-damage|p2a: Gliscor|0 fnt\n|faint|p2a: Gliscor\n|\n|upkeep\n|\n|t:|1769739253\n|switch|p2a: Hitmonlee|Hitmonlee, L86, M|225/225\n|turn|32\n|\n|t:|1769739258\n|move|p1a: Tyrantrum|Outrage|p2a: Hitmonlee\n|-damage|p2a: Hitmonlee|0 fnt\n|faint|p2a: Hitmonlee\n|\n|upkeep\n|-message|Diegothecreator forfeited.\n|\n|win|La.Hellhound\n|raw|La.Hellhound's rating: 1664 &rarr; <strong>1677</strong><br />(+13 for winning)\n|raw|Diegothecreator's rating: 1539 &rarr; <strong>1526</strong><br />(-13 for losing)\n|l|☆Diegothecreator\n|player|p2|\n", "inputlog": ">version b99ff0165a6231f17e8b78c2a78d1998375de664\n>start {\"formatid\":\"gen7randombattle\",\"seed\":\"sodium,fce644cf7901ffc68eb004305eee8b2d\",\"rated\":\"Rated battle\"}\n>player p1 {\"name\":\"La.Hellhound\",\"avatar\":\"bruno\",\"rating\":1664,\"seed\":\"sodium,8315890abc9a2e35e069d1287e505ad5\"}\n>player p2 {\"name\":\"Diegothecreator\",\"avatar\":\"biker-gen1rb\",\"rating\":1539,\"seed\":\"sodium,10900d1dcf7fc6b396c3a35a9427a644\"}\n>p1 move voltswitch\n>p2 switch 3\n>p1 switch 3\n>p2 move substitute\n>p1 move stealthrock\n>p2 move toxic\n>p1 move psychic\n>p2 move protect\n>p1 switch 3\n>p2 move substitute\n>p1 switch 3\n>p2 move toxic\n>p1 switch 3\n>p2 move protect\n>p1 move hiddenpower\n>p2 move substitute\n>p1 switch 3\n>p2 move substitute\n>p1 move psychic\n>p2 move protect\n>p1 switch 5\n>p2 move earthquake\n>p1 switch 5\n>p2 move toxic\n>p1 switch 5\n>p2 move substitute\n>p1 switch 5\n>p2 move toxic\n>p1 move psychic\n>p2 move earthquake\n>p1 switch 3\n>p2 move substitute\n>p1 move hiddenpower\n>p2 move earthquake\n>p1 move hiddenpower\n>p2 move protect\n>p1 move hiddenpower\n>p2 switch 3\n>p1 switch 4\n>p2 move rapidspin\n>p1 move swordsdance\n>p2 move yawn\n>p1 move bodyslam\n>p2 switch 6\n>p1 switch 5\n>p2 switch 2\n>p1 move quiverdance\n>p2 switch 6\n>p1 move hiddenpower\n>p2 move lavaplume\n>p2 switch 5\n>p1 switch 5\n>p2 move fireblast\n>p1 move earthquake\n>p2 move fireblast\n>p1 switch 3\n>p1 move explosion\n>p2 move steameruption\n>p1 switch 6\n>p1 move dragondance\n>p2 move steameruption\n>p1 move earthquake\n>p2 move steameruption\n>p2 switch 3\n>p1 move headsmash zmove\n>p2 move earthquake\n>p2 switch 6\n>p1 move outrage\n>p2 move knockoff\n>forcelose p2", "uploadtime": 1769739266, "views": 165, "formatid": "gen7randombattle", "rating": 1526, "private": 0, "password": null}