{"id": "gen7randombattle-2533593300", "format": "[Gen 7] Random Battle", "players": ["La.Hellhound", "grummybear45"], "log": "|j|‽La.Hellhound\n|j|☆grummybear45\n|t:|1770319877\n|gametype|singles\n|player|p1|La.Hellhound|bruno|1610\n|player|p2|grummybear45|lacey|1696\n|gen|7\n|tier|[Gen 7] Random Battle\n|rated|\n|rule|Sleep Clause Mod: Limit one foe put to sleep\n|rule|HP Percentage Mod: HP is shown in percentages\n|rule|Illusion Level Mod: Illusion disguises the Pokémon's true level\n|\n|t:|1770319877\n|teamsize|p1|6\n|teamsize|p2|6\n|start\n|switch|p1a: Arceus|Arceus-Fighting, L72|292/292\n|switch|p2a: Bewear|Bewear, L84, M|339/339\n|turn|1\n|inactive|Battle timer is ON: inactive players will automatically lose when time's up. (requested by La.Hellhound)\n|\n|t:|1770319891\n|switch|p2a: Ninjask|Ninjask, L88, F|251/251\n|move|p1a: Arceus|Calm Mind|p1a: Arceus\n|-boost|p1a: Arceus|spa|1\n|-boost|p1a: Arceus|spd|1\n|\n|upkeep\n|turn|2\n|\n|t:|1770319900\n|move|p2a: Ninjask|U-turn|p1a: Arceus\n|-resisted|p1a: Arceus\n|-damage|p1a: Arceus|239/292\n|\n|t:|1770319902\n|switch|p2a: Meowstic|Meowstic, L91, M|283/283|[from] U-turn\n|move|p1a: Arceus|Shadow Ball|p2a: Meowstic\n|-supereffective|p2a: Meowstic\n|-damage|p2a: Meowstic|149/283\n|\n|-heal|p2a: Meowstic|166/283|[from] item: Leftovers\n|upkeep\n|turn|3\n|\n|t:|1770319915\n|move|p2a: Meowstic|Toxic|p1a: Arceus\n|-status|p1a: Arceus|tox\n|move|p1a: Arceus|Shadow Ball|p2a: Meowstic\n|-supereffective|p2a: Meowstic\n|-damage|p2a: Meowstic|24/283\n|\n|-heal|p2a: Meowstic|41/283|[from] item: Leftovers\n|-damage|p1a: Arceus|221/292 tox|[from] psn\n|upkeep\n|turn|4\n|\n|t:|1770319930\n|switch|p1a: Electrode|Electrode, L89|252/252\n|move|p2a: Meowstic|Psychic|p1a: Electrode\n|-damage|p1a: Electrode|156/252\n|\n|-heal|p2a: Meowstic|58/283|[from] item: Leftovers\n|upkeep\n|turn|5\n|\n|t:|1770319939\n|move|p2a: Meowstic|Toxic|p1a: Electrode\n|-status|p1a: Electrode|tox\n|move|p1a: Electrode|Volt Switch|p2a: Meowstic\n|-damage|p2a: Meowstic|0 fnt\n|faint|p2a: Meowstic\n|-damage|p1a: Electrode|131/252 tox|[from] item: Life Orb\n|\n|t:|1770319951\n|switch|p1a: Dedenne|Dedenne, L91, M|270/270|[from] Volt Switch\n|\n|upkeep\n|\n|t:|1770319961\n|switch|p2a: Skuntank|Skuntank, L87, M|321/321\n|turn|6\n|inactive|La.Hellhound has 120 seconds left.\n|\n|t:|1770319997\n|switch|p1a: Vigoroth|Vigoroth, L88, F|284/284\n|move|p2a: Skuntank|Poison Jab|p1a: Vigoroth\n|-damage|p1a: Vigoroth|220/284\n|\n|upkeep\n|turn|7\n|inactive|La.Hellhound has 120 seconds left.\n|\n|t:|1770320015\n|switch|p2a: Ninjask|Ninjask, L88, F|251/251\n|move|p1a: Vigoroth|Return|p2a: Ninjask\n|-damage|p2a: Ninjask|85/251\n|\n|upkeep\n|turn|8\n|\n|t:|1770320022\n|move|p2a: Ninjask|U-turn|p1a: Vigoroth\n|-damage|p1a: Vigoroth|147/284\n|\n|t:|1770320025\n|switch|p2a: Bewear|Bewear, L84, M|339/339|[from] U-turn\n|move|p1a: Vigoroth|Return|p2a: Bewear\n|-damage|p2a: Bewear|282/339\n|\n|upkeep\n|turn|9\n|\n|t:|1770320042\n|switch|p1a: Arceus|Arceus-Fighting, L72|221/292 tox\n|move|p2a: Bewear|Drain Punch|p1a: Arceus\n|-crit|p1a: Arceus\n|-damage|p1a: Arceus|10/292 tox\n|-heal|p2a: Bewear|339/339|[from] drain|[of] p1a: Arceus\n|\n|-damage|p1a: Arceus|0 fnt|[from] psn\n|faint|p1a: Arceus\n|upkeep\n|inactive|La.Hellhound has 120 seconds left.\n|\n|t:|1770320054\n|switch|p1a: Dedenne|Dedenne, L91, M|270/270\n|turn|10\n|\n|t:|1770320058\n|switch|p2a: Skuntank|Skuntank, L87, M|321/321\n|move|p1a: Dedenne|Thunderbolt|p2a: Skuntank\n|-damage|p2a: Skuntank|198/321\n|-status|p2a: Skuntank|par\n|\n|-heal|p2a: Skuntank|218/321 par|[from] item: Black Sludge\n|upkeep\n|turn|11\n|\n|t:|1770320068\n|switch|p1a: Vigoroth|Vigoroth, L88, F|147/284\n|move|p2a: Skuntank|Poison Jab|p1a: Vigoroth\n|-damage|p1a: Vigoroth|81/284\n|-status|p1a: Vigoroth|psn\n|\n|-heal|p2a: Skuntank|238/321 par|[from] item: Black Sludge\n|-damage|p1a: Vigoroth|46/284 psn|[from] psn\n|upkeep\n|turn|12\n|\n|t:|1770320086\n|move|p1a: Vigoroth|Slack Off|p1a: Vigoroth\n|-heal|p1a: Vigoroth|188/284 psn\n|move|p2a: Skuntank|Crunch|p1a: Vigoroth\n|-damage|p1a: Vigoroth|124/284 psn\n|\n|-heal|p2a: Skuntank|258/321 par|[from] item: Black Sludge\n|-damage|p1a: Vigoroth|89/284 psn|[from] psn\n|upkeep\n|turn|13\n|\n|t:|1770320094\n|move|p1a: Vigoroth|Return|p2a: Skuntank\n|-damage|p2a: Skuntank|131/321 par\n|cant|p2a: Skuntank|par\n|\n|-heal|p2a: Skuntank|151/321 par|[from] item: Black Sludge\n|-damage|p1a: Vigoroth|54/284 psn|[from] psn\n|upkeep\n|turn|14\n|\n|t:|1770320103\n|switch|p1a: Suicune|Suicune, L82|298/298\n|-ability|p1a: Suicune|Pressure\n|move|p2a: Skuntank|Poison Jab|p1a: Suicune\n|-damage|p1a: Suicune|219/298\n|\n|-heal|p1a: Suicune|237/298|[from] item: Leftovers\n|-heal|p2a: Skuntank|171/321 par|[from] item: Black Sludge\n|upkeep\n|turn|15\n|\n|t:|1770320114\n|move|p1a: Suicune|Calm Mind|p1a: Suicune\n|-boost|p1a: Suicune|spa|1\n|-boost|p1a: Suicune|spd|1\n|move|p2a: Skuntank|Poison Jab|p1a: Suicune\n|-damage|p1a: Suicune|170/298\n|\n|-heal|p1a: Suicune|188/298|[from] item: Leftovers\n|-heal|p2a: Skuntank|191/321 par|[from] item: Black Sludge\n|upkeep\n|turn|16\n|\n|t:|1770320124\n|move|p1a: Suicune|Scald|p2a: Skuntank\n|-damage|p2a: Skuntank|40/321 par\n|move|p2a: Skuntank|Poison Jab|p1a: Suicune\n|-damage|p1a: Suicune|116/298\n|\n|-heal|p1a: Suicune|134/298|[from] item: Leftovers\n|-heal|p2a: Skuntank|60/321 par|[from] item: Black Sludge\n|upkeep\n|turn|17\n|\n|t:|1770320132\n|move|p2a: Skuntank|Sucker Punch||[still]\n|-fail|p2a: Skuntank\n|move|p1a: Suicune|Calm Mind|p1a: Suicune\n|-boost|p1a: Suicune|spa|1\n|-boost|p1a: Suicune|spd|1\n|\n|-heal|p1a: Suicune|152/298|[from] item: Leftovers\n|-heal|p2a: Skuntank|80/321 par|[from] item: Black Sludge\n|upkeep\n|turn|18\n|\n|t:|1770320140\n|move|p2a: Skuntank|Sucker Punch||[still]\n|-fail|p2a: Skuntank\n|move|p1a: Suicune|Calm Mind|p1a: Suicune\n|-boost|p1a: Suicune|spa|1\n|-boost|p1a: Suicune|spd|1\n|\n|-heal|p1a: Suicune|170/298|[from] item: Leftovers\n|-heal|p2a: Skuntank|100/321 par|[from] item: Black Sludge\n|upkeep\n|turn|19\n|\n|t:|1770320148\n|move|p1a: Suicune|Calm Mind|p1a: Suicune\n|-boost|p1a: Suicune|spa|1\n|-boost|p1a: Suicune|spd|1\n|move|p2a: Skuntank|Poison Jab|p1a: Suicune\n|-damage|p1a: Suicune|91/298\n|-status|p1a: Suicune|psn\n|\n|-heal|p1a: Suicune|109/298 psn|[from] item: Leftovers\n|-heal|p2a: Skuntank|120/321 par|[from] item: Black Sludge\n|-damage|p1a: Suicune|72/298 psn|[from] psn\n|upkeep\n|turn|20\n|\n|t:|1770320159\n|move|p1a: Suicune|Rest|p1a: Suicune\n|-status|p1a: Suicune|slp|[from] move: Rest\n|-heal|p1a: Suicune|298/298 slp|[silent]\n|move|p2a: Skuntank|Crunch|p1a: Suicune\n|-damage|p1a: Suicune|225/298 slp\n|\n|-heal|p1a: Suicune|243/298 slp|[from] item: Leftovers\n|-heal|p2a: Skuntank|140/321 par|[from] item: Black Sludge\n|upkeep\n|turn|21\n|\n|t:|1770320168\n|cant|p1a: Suicune|slp\n|move|p1a: Suicune|Sleep Talk|p1a: Suicune\n|move|p1a: Suicune|Scald|p2a: Skuntank|[from] move: Sleep Talk\n|-damage|p2a: Skuntank|0 fnt\n|faint|p2a: Skuntank\n|\n|-heal|p1a: Suicune|261/298 slp|[from] item: Leftovers\n|upkeep\n|\n|t:|1770320174\n|switch|p2a: Bewear|Bewear, L84, M|339/339\n|turn|22\n|\n|t:|1770320178\n|cant|p1a: Suicune|slp\n|move|p1a: Suicune|Sleep Talk|p1a: Suicune\n|move|p1a: Suicune|Rest||[from] move: Sleep Talk|[still]\n|-fail|p1a: Suicune\n|move|p2a: Bewear|Double-Edge|p1a: Suicune\n|-damage|p1a: Suicune|57/298 slp\n|-damage|p2a: Bewear|272/339|[from] Recoil\n|\n|-heal|p1a: Suicune|75/298 slp|[from] item: Leftovers\n|upkeep\n|turn|23\n|\n|t:|1770320188\n|-curestatus|p1a: Suicune|slp|[msg]\n|move|p1a: Suicune|Scald|p2a: Bewear\n|-damage|p2a: Bewear|0 fnt\n|faint|p2a: Bewear\n|\n|-heal|p1a: Suicune|93/298|[from] item: Leftovers\n|upkeep\n|\n|t:|1770320193\n|switch|p2a: Ninjask|Ninjask, L88, F|85/251\n|turn|24\n|\n|t:|1770320197\n|move|p2a: Ninjask|Leech Life|p1a: Suicune\n|-damage|p1a: Suicune|0 fnt\n|-heal|p2a: Ninjask|132/251|[from] drain|[of] p1a: Suicune\n|faint|p1a: Suicune\n|\n|upkeep\n|\n|t:|1770320202\n|switch|p1a: Dedenne|Dedenne, L91, M|270/270\n|turn|25\n|\n|t:|1770320210\n|switch|p2a: Castform|Castform, L99, F|299/299\n|move|p1a: Dedenne|Thunderbolt|p2a: Castform\n|-damage|p2a: Castform|233/299\n|\n|upkeep\n|turn|26\n|\n|t:|1770320216\n|move|p1a: Dedenne|Toxic|p2a: Castform\n|-status|p2a: Castform|tox\n|move|p2a: Castform|Return|p1a: Dedenne\n|-damage|p1a: Dedenne|129/270\n|-enditem|p1a: Dedenne|Sitrus Berry|[eat]\n|-heal|p1a: Dedenne|196/270|[from] item: Sitrus Berry\n|-heal|p1a: Dedenne|270/270|[from] ability: Cheek Pouch\n|\n|-damage|p2a: Castform|215/299 tox|[from] psn\n|upkeep\n|turn|27\n|\n|t:|1770320229\n|move|p1a: Dedenne|Protect|p1a: Dedenne\n|-singleturn|p1a: Dedenne|Protect\n|move|p2a: Castform|Return|p1a: Dedenne\n|-activate|p1a: Dedenne|move: Protect\n|\n|-damage|p2a: Castform|179/299 tox|[from] psn\n|upkeep\n|turn|28\n|\n|t:|1770320239\n|move|p1a: Dedenne|Recycle|p1a: Dedenne\n|-item|p1a: Dedenne|Sitrus Berry|[from] move: Recycle\n|move|p2a: Castform|Return|p1a: Dedenne\n|-damage|p1a: Dedenne|125/270\n|-enditem|p1a: Dedenne|Sitrus Berry|[eat]\n|-heal|p1a: Dedenne|192/270|[from] item: Sitrus Berry\n|-heal|p1a: Dedenne|270/270|[from] ability: Cheek Pouch\n|\n|-damage|p2a: Castform|125/299 tox|[from] psn\n|upkeep\n|turn|29\n|-message|grummybear45 forfeited.\n|\n|win|La.Hellhound\n|raw|La.Hellhound's rating: 1610 &rarr; <strong>1635</strong><br />(+25 for winning)\n|raw|grummybear45's rating: 1696 &rarr; <strong>1671</strong><br />(-25 for losing)\n|l|☆grummybear45\n|player|p2|\n", "inputlog": ">version ccdc32dd7cde25fd9e4bed64820e885f66e78a4e\n>start {\"formatid\":\"gen7randombattle\",\"seed\":\"sodium,c813650b81cf140dcd3b1f9f6489c208\",\"rated\":\"Rated battle\"}\n>player p1 {\"name\":\"La.Hellhound\",\"avatar\":\"bruno\",\"rating\":1610,\"seed\":\"sodium,c1d57254d4893287288ac0d083024a52\"}\n>player p2 {\"name\":\"grummybear45\",\"avatar\":\"lacey\",\"rating\":1696,\"seed\":\"sodium,d1d0350a8a4b8f2cf7455c77fe03d285\"}\n>p1 move calmmind\n>p2 switch 3\n>p1 move shadowball\n>p2 move uturn\n>p2 switch 6\n>p1 move shadowball\n>p2 move toxic\n>p1 switch 2\n>p2 move psychic\n>p1 move voltswitch\n>p2 move toxic\n>p1 switch 4\n>p2 switch 5\n>p1 switch 3\n>p2 move poisonjab\n>p1 move return\n>p2 switch 6\n>p1 move return\n>p2 move uturn\n>p2 switch 3\n>p1 switch 2\n>p2 move drainpunch\n>p1 switch 3\n>p1 move thunderbolt\n>p2 switch 6\n>p1 switch 2\n>p2 move poisonjab\n>p1 move slackoff\n>p2 move crunch\n>p1 move return\n>p2 move poisonjab\n>p1 switch 5\n>p2 move poisonjab\n>p1 move calmmind\n>p2 move poisonjab\n>p1 move scald\n>p2 move poisonjab\n>p1 move calmmind\n>p2 move suckerpunch\n>p1 move calmmind\n>p2 move suckerpunch\n>p1 move calmmind\n>p2 move poisonjab\n>p1 move rest\n>p2 move crunch\n>p1 move sleeptalk\n>p2 move crunch\n>p2 switch 6\n>p1 move sleeptalk\n>p2 move doubleedge\n>p1 move scald\n>p2 move doubleedge\n>p2 switch 3\n>p1 move scald\n>p2 move leechlife\n>p1 switch 2\n>p1 move thunderbolt\n>p2 switch 4\n>p1 move toxic\n>p2 move return\n>p1 move protect\n>p2 move return\n>p1 move recycle\n>p2 move return\n>forcelose p2", "uploadtime": 1770320250, "views": 166, "formatid": "gen7randombattle", "rating": 1635, "private": 0, "password": null}