{"id": "gen7randombattle-2527097220", "format": "[Gen 7] Random Battle", "players": ["plop in my pants", "CryCh!c"], "log": "|j|☆plop in my pants\n|j|☆CryCh!c\n|t:|1769494029\n|gametype|singles\n|player|p1|plop in my pants|teamrocket|1758\n|player|p2|CryCh!c|marley-masters|1662\n|gen|7\n|tier|[Gen 7] Random Battle\n|rated|\n|rule|Sleep Clause Mod: Limit one foe put to sleep\n|rule|HP Percentage Mod: HP is shown in percentages\n|rule|Illusion Level Mod: Illusion disguises the Pokémon's true level\n|\n|t:|1769494029\n|teamsize|p1|6\n|teamsize|p2|6\n|start\n|switch|p1a: Florges|Florges-Orange, L85, F|271/271\n|switch|p2a: Illumise|Illumise, L92, F|269/269\n|turn|1\n|\n|t:|1769494047\n|move|p2a: Illumise|Bug Buzz|p1a: Florges\n|-resisted|p1a: Florges\n|-damage|p1a: Florges|239/271\n|move|p1a: Florges|Toxic|p2a: Illumise\n|-status|p2a: Illumise|tox\n|\n|-heal|p1a: Florges|255/271|[from] item: Leftovers\n|-damage|p2a: Illumise|253/269 tox|[from] psn\n|upkeep\n|turn|2\n|\n|t:|1769494052\n|switch|p1a: Golurk|Golurk, L87|297/297\n|move|p2a: Illumise|Thunder Wave|p1a: Golurk\n|-immune|p1a: Golurk\n|\n|-heal|p2a: Illumise|269/269 tox|[from] item: Leftovers\n|-damage|p2a: Illumise|237/269 tox|[from] psn\n|upkeep\n|turn|3\n|\n|t:|1769494060\n|switch|p2a: Gourgeist|Gourgeist, L91, F|266/266\n|-item|p1a: Golurk|Choice Band|[from] ability: Frisk|[of] p2a: Gourgeist\n|move|p1a: Golurk|Stone Edge|p2a: Gourgeist\n|-damage|p2a: Gourgeist|176/266\n|\n|-heal|p2a: Gourgeist|192/266|[from] item: Leftovers\n|upkeep\n|turn|4\n|\n|t:|1769494070\n|switch|p1a: Swanna|Swanna, L88, F|275/275\n|move|p2a: Gourgeist|Will-O-Wisp|p1a: Swanna\n|-status|p1a: Swanna|brn\n|\n|-heal|p2a: Gourgeist|208/266|[from] item: Leftovers\n|-damage|p1a: Swanna|258/275 brn|[from] brn\n|upkeep\n|turn|5\n|inactive|Battle timer is ON: inactive players will automatically lose when time's up. (requested by plop in my pants)\n|\n|t:|1769494089\n|switch|p2a: Illumise|Illumise, L92, F|237/269 tox\n|move|p1a: Swanna|Rain Dance|p1a: Swanna\n|-weather|RainDance\n|\n|-weather|RainDance|[upkeep]\n|-activate|p1a: Swanna|ability: Hydration\n|-curestatus|p1a: Swanna|brn|[msg]\n|-heal|p2a: Illumise|253/269 tox|[from] item: Leftovers\n|-damage|p2a: Illumise|237/269 tox|[from] psn\n|upkeep\n|turn|6\n|\n|t:|1769494097\n|switch|p1a: Golurk|Golurk, L87|297/297\n|switch|p2a: Manaphy|Manaphy, L77|281/281\n|\n|-weather|RainDance|[upkeep]\n|upkeep\n|turn|7\n|\n|t:|1769494110\n|move|p2a: Manaphy|Tail Glow|p2a: Manaphy\n|-boost|p2a: Manaphy|spa|3\n|move|p1a: Golurk|Earthquake|p2a: Manaphy\n|-damage|p2a: Manaphy|85/281\n|\n|-weather|RainDance|[upkeep]\n|-heal|p2a: Manaphy|102/281|[from] item: Leftovers\n|upkeep\n|turn|8\n|\n|t:|1769494128\n|switch|p1a: Basculin|Basculin, L86, F|261/261\n|move|p2a: Manaphy|Surf|p1a: Basculin\n|-resisted|p1a: Basculin\n|-damage|p1a: Basculin|57/261\n|\n|-weather|RainDance|[upkeep]\n|-heal|p2a: Manaphy|119/281|[from] item: Leftovers\n|upkeep\n|turn|9\n|\n|t:|1769494137\n|switch|p2a: Gourgeist|Gourgeist, L91, F|208/266\n|-item|p1a: Basculin|Choice Band|[from] ability: Frisk|[of] p2a: Gourgeist\n|move|p1a: Basculin|Liquidation|p2a: Gourgeist\n|-resisted|p2a: Gourgeist\n|-damage|p2a: Gourgeist|114/266\n|\n|-weather|none\n|-heal|p2a: Gourgeist|130/266|[from] item: Leftovers\n|upkeep\n|turn|10\n|\n|t:|1769494145\n|switch|p1a: Swanna|Swanna, L88, F|258/275\n|move|p2a: Gourgeist|Synthesis|p2a: Gourgeist\n|-heal|p2a: Gourgeist|263/266\n|\n|-heal|p2a: Gourgeist|266/266|[from] item: Leftovers\n|upkeep\n|turn|11\n|\n|t:|1769494150\n|move|p1a: Swanna|Hurricane|p2a: Gourgeist|[miss]\n|-miss|p1a: Swanna|p2a: Gourgeist\n|move|p2a: Gourgeist|Seed Bomb|p1a: Swanna\n|-crit|p1a: Swanna\n|-damage|p1a: Swanna|75/275\n|\n|upkeep\n|turn|12\n|\n|t:|1769494165\n|switch|p1a: Cofagrigus|Cofagrigus, L89, F|248/248\n|move|p2a: Gourgeist|Seed Bomb|p1a: Cofagrigus\n|-damage|p1a: Cofagrigus|191/248\n|\n|-heal|p1a: Cofagrigus|206/248|[from] item: Leftovers\n|upkeep\n|turn|13\n|\n|t:|1769494170\n|switch|p2a: Spiritomb|Spiritomb, L91, F|239/239\n|move|p1a: Cofagrigus|Toxic Spikes|p2a: Spiritomb\n|-sidestart|p2: CryCh!c|move: Toxic Spikes\n|\n|-heal|p1a: Cofagrigus|221/248|[from] item: Leftovers\n|upkeep\n|turn|14\n|\n|t:|1769494177\n|move|p2a: Spiritomb|Dark Pulse|p1a: Cofagrigus\n|-supereffective|p1a: Cofagrigus\n|-damage|p1a: Cofagrigus|71/248\n|move|p1a: Cofagrigus|Toxic Spikes|p2a: Spiritomb\n|-sidestart|p2: CryCh!c|move: Toxic Spikes\n|\n|-heal|p1a: Cofagrigus|86/248|[from] item: Leftovers\n|upkeep\n|turn|15\n|\n|t:|1769494183\n|switch|p1a: Florges|Florges-Orange, L85, F|255/271\n|move|p2a: Spiritomb|Dark Pulse|p1a: Florges\n|-resisted|p1a: Florges\n|-damage|p1a: Florges|225/271\n|\n|-heal|p1a: Florges|241/271|[from] item: Leftovers\n|upkeep\n|turn|16\n|\n|t:|1769494190\n|switch|p2a: Illumise|Illumise, L92, F|237/269 tox\n|move|p1a: Florges|Moonblast|p2a: Illumise\n|-crit|p2a: Illumise\n|-damage|p2a: Illumise|57/269 tox\n|\n|-heal|p2a: Illumise|73/269 tox|[from] item: Leftovers\n|-heal|p1a: Florges|257/271|[from] item: Leftovers\n|-damage|p2a: Illumise|57/269 tox|[from] psn\n|upkeep\n|turn|17\n|\n|t:|1769494200\n|move|p2a: Illumise|Roost|p2a: Illumise\n|-heal|p2a: Illumise|192/269 tox\n|-singleturn|p2a: Illumise|move: Roost\n|move|p1a: Florges|Moonblast|p2a: Illumise\n|-damage|p2a: Illumise|80/269 tox\n|\n|-heal|p2a: Illumise|96/269 tox|[from] item: Leftovers\n|-heal|p1a: Florges|271/271|[from] item: Leftovers\n|-damage|p2a: Illumise|64/269 tox|[from] psn\n|upkeep\n|turn|18\n|\n|t:|1769494206\n|move|p2a: Illumise|Thunder Wave|p1a: Florges\n|-status|p1a: Florges|par\n|move|p1a: Florges|Moonblast|p2a: Illumise\n|-damage|p2a: Illumise|0 fnt\n|faint|p2a: Illumise\n|\n|upkeep\n|inactive|CryCh!c has 120 seconds left.\n|\n|t:|1769494243\n|switch|p2a: Magcargo|Magcargo, L96, M|271/271\n|-status|p2a: Magcargo|tox\n|turn|19\n|\n|t:|1769494254\n|switch|p1a: Golurk|Golurk, L87|297/297\n|move|p2a: Magcargo|Shell Smash|p2a: Magcargo\n|-unboost|p2a: Magcargo|def|1\n|-unboost|p2a: Magcargo|spd|1\n|-boost|p2a: Magcargo|atk|2\n|-boost|p2a: Magcargo|spa|2\n|-boost|p2a: Magcargo|spe|2\n|\n|-damage|p2a: Magcargo|255/271 tox|[from] psn\n|upkeep\n|turn|20\n|\n|t:|1769494264\n|switch|p1a: Cofagrigus|Cofagrigus, L89, F|86/248\n|-zpower|p2a: Magcargo\n|move|p2a: Magcargo|Inferno Overdrive|p1a: Cofagrigus|[zeffect]\n|-damage|p1a: Cofagrigus|0 fnt\n|faint|p1a: Cofagrigus\n|\n|-damage|p2a: Magcargo|223/271 tox|[from] psn\n|upkeep\n|\n|t:|1769494278\n|switch|p1a: Basculin|Basculin, L86, F|57/261\n|turn|21\n|\n|t:|1769494285\n|switch|p2a: Manaphy|Manaphy, L77|119/281\n|-status|p2a: Manaphy|tox\n|move|p1a: Basculin|Aqua Jet|p2a: Manaphy\n|-resisted|p2a: Manaphy\n|-damage|p2a: Manaphy|76/281 tox\n|\n|-heal|p2a: Manaphy|93/281 tox|[from] item: Leftovers\n|-damage|p2a: Manaphy|76/281 tox|[from] psn\n|upkeep\n|turn|22\n|\n|t:|1769494295\n|switch|p1a: Florges|Florges-Orange, L85, F|271/271 par\n|move|p2a: Manaphy|Energy Ball|p1a: Florges\n|-damage|p1a: Florges|235/271 par\n|\n|-heal|p2a: Manaphy|93/281 tox|[from] item: Leftovers\n|-heal|p1a: Florges|251/271 par|[from] item: Leftovers\n|-damage|p2a: Manaphy|59/281 tox|[from] psn\n|upkeep\n|turn|23\n|\n|t:|1769494298\n|move|p2a: Manaphy|Tail Glow|p2a: Manaphy\n|-boost|p2a: Manaphy|spa|3\n|move|p1a: Florges|Moonblast|p2a: Manaphy\n|-damage|p2a: Manaphy|0 fnt\n|faint|p2a: Manaphy\n|\n|-heal|p1a: Florges|267/271 par|[from] item: Leftovers\n|upkeep\n|\n|t:|1769494300\n|switch|p2a: Magcargo|Magcargo, L96, M|223/271 tox\n|turn|24\n|\n|t:|1769494307\n|switch|p1a: Basculin|Basculin, L86, F|57/261\n|move|p2a: Magcargo|Shell Smash|p2a: Magcargo\n|-unboost|p2a: Magcargo|def|1\n|-unboost|p2a: Magcargo|spd|1\n|-boost|p2a: Magcargo|atk|2\n|-boost|p2a: Magcargo|spa|2\n|-boost|p2a: Magcargo|spe|2\n|\n|-damage|p2a: Magcargo|207/271 tox|[from] psn\n|upkeep\n|turn|25\n|\n|t:|1769494312\n|switch|p2a: Spiritomb|Spiritomb, L91, F|239/239\n|-status|p2a: Spiritomb|tox\n|move|p1a: Basculin|Aqua Jet|p2a: Spiritomb\n|-damage|p2a: Spiritomb|173/239 tox\n|\n|-heal|p2a: Spiritomb|187/239 tox|[from] item: Leftovers\n|-damage|p2a: Spiritomb|173/239 tox|[from] psn\n|upkeep\n|turn|26\n|\n|t:|1769494315\n|switch|p1a: Florges|Florges-Orange, L85, F|267/271 par\n|move|p2a: Spiritomb|Dark Pulse|p1a: Florges\n|-resisted|p1a: Florges\n|-damage|p1a: Florges|238/271 par\n|\n|-heal|p2a: Spiritomb|187/239 tox|[from] item: Leftovers\n|-heal|p1a: Florges|254/271 par|[from] item: Leftovers\n|-damage|p2a: Spiritomb|159/239 tox|[from] psn\n|upkeep\n|turn|27\n|\n|t:|1769494321\n|switch|p2a: Magcargo|Magcargo, L96, M|207/271 tox\n|move|p1a: Florges|Moonblast|p2a: Magcargo\n|-resisted|p2a: Magcargo\n|-damage|p2a: Magcargo|151/271 tox\n|\n|-heal|p1a: Florges|270/271 par|[from] item: Leftovers\n|-damage|p2a: Magcargo|135/271 tox|[from] psn\n|upkeep\n|turn|28\n|\n|t:|1769494328\n|move|p2a: Magcargo|Shell Smash|p2a: Magcargo\n|-unboost|p2a: Magcargo|def|1\n|-unboost|p2a: Magcargo|spd|1\n|-boost|p2a: Magcargo|atk|2\n|-boost|p2a: Magcargo|spa|2\n|-boost|p2a: Magcargo|spe|2\n|move|p1a: Florges|Moonblast|p2a: Magcargo\n|-resisted|p2a: Magcargo\n|-damage|p2a: Magcargo|59/271 tox\n|\n|-heal|p1a: Florges|271/271 par|[from] item: Leftovers\n|-damage|p2a: Magcargo|27/271 tox|[from] psn\n|upkeep\n|turn|29\n|\n|t:|1769494349\n|switch|p1a: Swanna|Swanna, L88, F|75/275\n|move|p2a: Magcargo|Fire Blast|p1a: Swanna\n|-resisted|p1a: Swanna\n|-damage|p1a: Swanna|0 fnt\n|faint|p1a: Swanna\n|\n|-damage|p2a: Magcargo|0 fnt|[from] psn\n|faint|p2a: Magcargo\n|upkeep\n|\n|t:|1769494360\n|switch|p1a: Florges|Florges-Orange, L85, F|271/271 par\n|switch|p2a: Gourgeist|Gourgeist, L91, F|266/266\n|-status|p2a: Gourgeist|tox\n|-item|p1a: Florges|Leftovers|[from] ability: Frisk|[of] p2a: Gourgeist\n|turn|30\n|\n|t:|1769494363\n|move|p2a: Gourgeist|Seed Bomb|p1a: Florges\n|-damage|p1a: Florges|160/271 par\n|move|p1a: Florges|Moonblast|p2a: Gourgeist\n|-damage|p2a: Gourgeist|149/266 tox\n|\n|-heal|p2a: Gourgeist|165/266 tox|[from] item: Leftovers\n|-heal|p1a: Florges|176/271 par|[from] item: Leftovers\n|-damage|p2a: Gourgeist|149/266 tox|[from] psn\n|upkeep\n|turn|31\n|\n|t:|1769494365\n|move|p2a: Gourgeist|Seed Bomb|p1a: Florges\n|-damage|p1a: Florges|65/271 par\n|move|p1a: Florges|Synthesis|p1a: Florges\n|-heal|p1a: Florges|200/271 par\n|\n|-heal|p2a: Gourgeist|165/266 tox|[from] item: Leftovers\n|-heal|p1a: Florges|216/271 par|[from] item: Leftovers\n|-damage|p2a: Gourgeist|133/266 tox|[from] psn\n|upkeep\n|turn|32\n|\n|t:|1769494368\n|switch|p1a: Arbok|Arbok, L90, M|254/254\n|move|p2a: Gourgeist|Seed Bomb|p1a: Arbok\n|-resisted|p1a: Arbok\n|-damage|p1a: Arbok|203/254\n|\n|-heal|p2a: Gourgeist|149/266 tox|[from] item: Leftovers\n|-heal|p1a: Arbok|218/254|[from] item: Black Sludge\n|-damage|p2a: Gourgeist|101/266 tox|[from] psn\n|upkeep\n|turn|33\n|\n|t:|1769494371\n|switch|p2a: Spiritomb|Spiritomb, L91, F|159/239 tox\n|move|p1a: Arbok|Coil|p1a: Arbok\n|-boost|p1a: Arbok|atk|1\n|-boost|p1a: Arbok|def|1\n|-boost|p1a: Arbok|accuracy|1\n|\n|-heal|p1a: Arbok|233/254|[from] item: Black Sludge\n|-heal|p2a: Spiritomb|173/239 tox|[from] item: Leftovers\n|-damage|p2a: Spiritomb|159/239 tox|[from] psn\n|upkeep\n|turn|34\n|\n|t:|1769494378\n|move|p1a: Arbok|Coil|p1a: Arbok\n|-boost|p1a: Arbok|atk|1\n|-boost|p1a: Arbok|def|1\n|-boost|p1a: Arbok|accuracy|1\n|move|p2a: Spiritomb|Dark Pulse|p1a: Arbok\n|-damage|p1a: Arbok|134/254\n|\n|-heal|p1a: Arbok|149/254|[from] item: Black Sludge\n|-heal|p2a: Spiritomb|173/239 tox|[from] item: Leftovers\n|-damage|p2a: Spiritomb|145/239 tox|[from] psn\n|upkeep\n|turn|35\n|\n|t:|1769494380\n|move|p1a: Arbok|Earthquake|p2a: Spiritomb\n|-damage|p2a: Spiritomb|12/239 tox\n|move|p2a: Spiritomb|Dark Pulse|p1a: Arbok\n|-damage|p1a: Arbok|55/254\n|\n|-heal|p1a: Arbok|70/254|[from] item: Black Sludge\n|-heal|p2a: Spiritomb|26/239 tox|[from] item: Leftovers\n|-damage|p2a: Spiritomb|0 fnt|[from] psn\n|faint|p2a: Spiritomb\n|upkeep\n|\n|t:|1769494383\n|switch|p2a: Arceus|Arceus-Bug, L72|291/291\n|-status|p2a: Arceus|tox\n|turn|36\n|\n|t:|1769494394\n|switch|p1a: Florges|Florges-Orange, L85, F|216/271 par\n|move|p2a: Arceus|Earth Power|p1a: Florges\n|-damage|p1a: Florges|183/271 par\n|\n|-heal|p1a: Florges|199/271 par|[from] item: Leftovers\n|-damage|p2a: Arceus|273/291 tox|[from] psn\n|upkeep\n|turn|37\n|\n|t:|1769494401\n|switch|p2a: Gourgeist|Gourgeist, L91, F|101/266 tox\n|-item|p1a: Florges|Leftovers|[from] ability: Frisk|[of] p2a: Gourgeist\n|move|p1a: Florges|Moonblast|p2a: Gourgeist\n|-damage|p2a: Gourgeist|0 fnt\n|faint|p2a: Gourgeist\n|\n|-heal|p1a: Florges|215/271 par|[from] item: Leftovers\n|upkeep\n|\n|t:|1769494403\n|switch|p2a: Arceus|Arceus-Bug, L72|273/291 tox\n|turn|38\n|\n|t:|1769494405\n|move|p2a: Arceus|Calm Mind|p2a: Arceus\n|-boost|p2a: Arceus|spa|1\n|-boost|p2a: Arceus|spd|1\n|move|p1a: Florges|Moonblast|p2a: Arceus\n|-damage|p2a: Arceus|207/291 tox\n|\n|-heal|p1a: Florges|231/271 par|[from] item: Leftovers\n|-damage|p2a: Arceus|189/291 tox|[from] psn\n|upkeep\n|turn|39\n|\n|t:|1769494407\n|move|p2a: Arceus|Judgment|p1a: Florges\n|-resisted|p1a: Florges\n|-damage|p1a: Florges|183/271 par\n|move|p1a: Florges|Moonblast|p2a: Arceus\n|-damage|p2a: Arceus|113/291 tox\n|-unboost|p2a: Arceus|spa|1\n|\n|-heal|p1a: Florges|199/271 par|[from] item: Leftovers\n|-damage|p2a: Arceus|77/291 tox|[from] psn\n|upkeep\n|turn|40\n|\n|t:|1769494410\n|move|p2a: Arceus|Judgment|p1a: Florges\n|-resisted|p1a: Florges\n|-damage|p1a: Florges|166/271 par\n|move|p1a: Florges|Moonblast|p2a: Arceus\n|-damage|p2a: Arceus|2/291 tox\n|\n|-heal|p1a: Florges|182/271 par|[from] item: Leftovers\n|-damage|p2a: Arceus|0 fnt|[from] psn\n|faint|p2a: Arceus\n|\n|win|plop in my pants\n|raw|plop in my pants's rating: 1758 &rarr; <strong>1773</strong><br />(+15 for winning)\n|raw|CryCh!c's rating: 1662 &rarr; <strong>1647</strong><br />(-15 for losing)\n|c|☆plop in my pants|gg\n|l|☆CryCh!c\n|player|p2|\n", "inputlog": ">version b99ff0165a6231f17e8b78c2a78d1998375de664\n>start {\"formatid\":\"gen7randombattle\",\"seed\":\"sodium,cca63ee2671a237e56b91983246d0f6d\",\"rated\":\"Rated battle\"}\n>player p1 {\"name\":\"plop in my pants\",\"avatar\":\"teamrocket\",\"rating\":1758,\"seed\":\"sodium,298c8960da757a4f8873959353784e56\"}\n>player p2 {\"name\":\"CryCh!c\",\"avatar\":\"marley-masters\",\"rating\":1662,\"seed\":\"sodium,0e2767793be3903d0a341b1b07c5813f\"}\n>p1 move toxic\n>p2 move bugbuzz\n>p1 switch 3\n>p2 move thunderwave\n>p1 move stoneedge\n>p2 switch 5\n>p1 switch 5\n>p2 move willowisp\n>p1 move raindance\n>p2 switch 5\n>p1 switch 5\n>p2 switch 4\n>p1 move earthquake\n>p2 move tailglow\n>p1 switch 6\n>p2 move surf\n>p1 move liquidation\n>p2 switch 5\n>p1 switch 5\n>p2 move synthesis\n>p1 move hurricane\n>p2 move seedbomb\n>p1 switch 2\n>p2 move seedbomb\n>p1 move toxicspikes\n>p2 switch 2\n>p1 move toxicspikes\n>p2 move darkpulse\n>p1 switch 3\n>p2 move darkpulse\n>p1 move moonblast\n>p2 switch 4\n>p1 move moonblast\n>p2 move roost\n>p1 move moonblast\n>p2 move thunderwave\n>p2 switch 6\n>p1 switch 6\n>p2 move shellsmash\n>p1 switch 3\n>p2 move fireblast zmove\n>p1 switch 5\n>p1 move aquajet\n>p2 switch 5\n>p1 switch 6\n>p2 move energyball\n>p1 move moonblast\n>p2 move tailglow\n>p2 switch 5\n>p1 switch 6\n>p2 move shellsmash\n>p1 move aquajet\n>p2 switch 4\n>p1 switch 6\n>p2 move darkpulse\n>p1 move moonblast\n>p2 switch 4\n>p1 move moonblast\n>p2 move shellsmash\n>p1 switch 2\n>p2 move fireblast\n>p1 switch 2\n>p2 switch 2\n>p1 move moonblast\n>p2 move seedbomb\n>p1 move synthesis\n>p2 move seedbomb\n>p1 switch 4\n>p2 move seedbomb\n>p1 move coil\n>p2 switch 4\n>p1 move coil\n>p2 move darkpulse\n>p1 move earthquake\n>p2 move darkpulse\n>p2 switch 3\n>p1 switch 4\n>p2 move earthpower\n>p1 move moonblast\n>p2 switch 4\n>p2 switch 4\n>p1 move moonblast\n>p2 move calmmind\n>p1 move moonblast\n>p2 move judgment\n>p1 move moonblast\n>p2 move judgment", "uploadtime": 1769494415, "views": 179, "formatid": "gen7randombattle", "rating": 1647, "private": 0, "password": null}