{"id": "gen7randombattle-2525592010", "format": "[Gen 7] Random Battle", "players": ["La.Hellhound", "imsobaked"], "log": "|j|‽La.Hellhound\n|j|☆imsobaked\n|t:|1769299006\n|gametype|singles\n|player|p1|La.Hellhound|bruno|1537\n|player|p2|imsobaked|hiker-gen4|1665\n|gen|7\n|tier|[Gen 7] Random Battle\n|rated|\n|rule|Sleep Clause Mod: Limit one foe put to sleep\n|rule|HP Percentage Mod: HP is shown in percentages\n|rule|Illusion Level Mod: Illusion disguises the Pokémon's true level\n|\n|t:|1769299006\n|teamsize|p1|6\n|teamsize|p2|6\n|start\n|switch|p1a: Meganium|Meganium, L92, F|297/297\n|switch|p2a: Persian|Persian, L93, F|272/272\n|turn|1\n|inactive|Battle timer is ON: inactive players will automatically lose when time's up. (requested by La.Hellhound)\n|\n|t:|1769299015\n|move|p2a: Persian|Nasty Plot|p2a: Persian\n|-boost|p2a: Persian|spa|2\n|move|p1a: Meganium|Toxic|p2a: Persian\n|-status|p2a: Persian|tox\n|\n|-damage|p2a: Persian|255/272 tox|[from] psn\n|upkeep\n|turn|2\n|\n|t:|1769299026\n|move|p2a: Persian|Hyper Voice|p1a: Meganium\n|-damage|p1a: Meganium|124/297\n|-damage|p2a: Persian|228/272 tox|[from] item: Life Orb\n|move|p1a: Meganium|Energy Ball|p2a: Persian\n|-damage|p2a: Persian|116/272 tox\n|\n|-heal|p1a: Meganium|142/297|[from] item: Leftovers\n|-damage|p2a: Persian|82/272 tox|[from] psn\n|upkeep\n|turn|3\n|\n|t:|1769299035\n|switch|p1a: Aromatisse|Aromatisse, L91, M|332/332\n|move|p2a: Persian|Hyper Voice|p1a: Aromatisse\n|-damage|p1a: Aromatisse|125/332\n|-damage|p2a: Persian|55/272 tox|[from] item: Life Orb\n|\n|-heal|p1a: Aromatisse|145/332|[from] item: Leftovers\n|-damage|p2a: Persian|4/272 tox|[from] psn\n|upkeep\n|turn|4\n|\n|t:|1769299045\n|move|p1a: Aromatisse|Protect|p1a: Aromatisse\n|-singleturn|p1a: Aromatisse|Protect\n|move|p2a: Persian|Hyper Voice|p1a: Aromatisse\n|-activate|p1a: Aromatisse|move: Protect\n|\n|-heal|p1a: Aromatisse|165/332|[from] item: Leftovers\n|-damage|p2a: Persian|0 fnt|[from] psn\n|faint|p2a: Persian\n|upkeep\n|\n|t:|1769299065\n|switch|p2a: Seaking|Seaking, L95, M|306/306\n|turn|5\n|\n|t:|1769299074\n|switch|p1a: Mandibuzz|Mandibuzz, L84, F|322/322\n|move|p2a: Seaking|Waterfall|p1a: Mandibuzz\n|-damage|p1a: Mandibuzz|197/322\n|-damage|p2a: Seaking|255/306|[from] item: Rocky Helmet|[of] p1a: Mandibuzz\n|-damage|p2a: Seaking|225/306|[from] item: Life Orb\n|\n|upkeep\n|turn|6\n|\n|t:|1769299083\n|move|p2a: Seaking|Ice Beam|p1a: Mandibuzz\n|-supereffective|p1a: Mandibuzz\n|-damage|p1a: Mandibuzz|49/322\n|-damage|p2a: Seaking|195/306|[from] item: Life Orb\n|move|p1a: Mandibuzz|Foul Play|p2a: Seaking\n|-damage|p2a: Seaking|75/306\n|\n|upkeep\n|turn|7\n|\n|t:|1769299091\n|move|p2a: Seaking|Ice Beam|p1a: Mandibuzz\n|-supereffective|p1a: Mandibuzz\n|-damage|p1a: Mandibuzz|0 fnt\n|faint|p1a: Mandibuzz\n|-damage|p2a: Seaking|45/306|[from] item: Life Orb\n|\n|upkeep\n|\n|t:|1769299100\n|switch|p1a: Meganium|Meganium, L92, F|142/297\n|turn|8\n|\n|t:|1769299108\n|switch|p2a: Sylveon|Sylveon, L85, M|300/300\n|move|p1a: Meganium|Energy Ball|p2a: Sylveon\n|-damage|p2a: Sylveon|219/300\n|\n|-heal|p1a: Meganium|160/297|[from] item: Leftovers\n|-heal|p2a: Sylveon|237/300|[from] item: Leftovers\n|upkeep\n|turn|9\n|\n|t:|1769299116\n|move|p1a: Meganium|Toxic|p2a: Sylveon\n|-status|p2a: Sylveon|tox\n|move|p2a: Sylveon|Hyper Voice|p1a: Meganium\n|-damage|p1a: Meganium|60/297\n|\n|-heal|p1a: Meganium|78/297|[from] item: Leftovers\n|-heal|p2a: Sylveon|255/300 tox|[from] item: Leftovers\n|-damage|p2a: Sylveon|237/300 tox|[from] psn\n|upkeep\n|turn|10\n|\n|t:|1769299126\n|switch|p2a: Reuniclus|Reuniclus, L87, F|333/333\n|move|p1a: Meganium|Synthesis|p1a: Meganium\n|-heal|p1a: Meganium|226/297\n|\n|-heal|p1a: Meganium|244/297|[from] item: Leftovers\n|upkeep\n|turn|11\n|\n|t:|1769299135\n|switch|p1a: Uxie|Uxie, L82|257/257\n|move|p2a: Reuniclus|Calm Mind|p2a: Reuniclus\n|-boost|p2a: Reuniclus|spa|1\n|-boost|p2a: Reuniclus|spd|1\n|\n|upkeep\n|turn|12\n|\n|t:|1769299142\n|move|p1a: Uxie|Knock Off|p2a: Reuniclus\n|-supereffective|p2a: Reuniclus\n|-damage|p2a: Reuniclus|221/333\n|-enditem|p2a: Reuniclus|Life Orb|[from] move: Knock Off|[of] p1a: Uxie\n|move|p2a: Reuniclus|Calm Mind|p2a: Reuniclus\n|-boost|p2a: Reuniclus|spa|1\n|-boost|p2a: Reuniclus|spd|1\n|\n|upkeep\n|turn|13\n|\n|t:|1769299149\n|move|p1a: Uxie|Thunder Wave|p2a: Reuniclus\n|-status|p2a: Reuniclus|par\n|move|p2a: Reuniclus|Calm Mind|p2a: Reuniclus\n|-boost|p2a: Reuniclus|spa|1\n|-boost|p2a: Reuniclus|spd|1\n|\n|upkeep\n|turn|14\n|\n|t:|1769299155\n|move|p1a: Uxie|U-turn|p2a: Reuniclus\n|-supereffective|p2a: Reuniclus\n|-crit|p2a: Reuniclus\n|-damage|p2a: Reuniclus|85/333 par\n|\n|t:|1769299162\n|switch|p1a: Huntail|Huntail, L85, M|232/232|[from] U-turn\n|cant|p2a: Reuniclus|par\n|\n|upkeep\n|turn|15\n|\n|t:|1769299168\n|move|p1a: Huntail|Waterfall|p2a: Reuniclus\n|-damage|p2a: Reuniclus|0 fnt\n|faint|p2a: Reuniclus\n|\n|upkeep\n|-message|imsobaked forfeited.\n|\n|win|La.Hellhound\n|raw|La.Hellhound's rating: 1537 &rarr; <strong>1564</strong><br />(+27 for winning)\n|raw|imsobaked's rating: 1665 &rarr; <strong>1638</strong><br />(-27 for losing)\n|l|☆imsobaked\n|player|p2|\n", "inputlog": ">version b99ff0165a6231f17e8b78c2a78d1998375de664\n>start {\"formatid\":\"gen7randombattle\",\"seed\":\"sodium,dbbdce8a46d0b0d295c7cba42838a70a\",\"rated\":\"Rated battle\"}\n>player p1 {\"name\":\"La.Hellhound\",\"avatar\":\"bruno\",\"rating\":1537,\"seed\":\"sodium,76b3b4782a9ba9b9a32d33c01eea8599\"}\n>player p2 {\"name\":\"imsobaked\",\"avatar\":\"hiker-gen4\",\"rating\":1665,\"seed\":\"sodium,8aa5125ff93056340b2a093328e07a85\"}\n>p1 move toxic\n>p2 move nastyplot\n>p1 move energyball\n>p2 move hypervoice\n>p1 switch 4\n>p2 move hypervoice\n>p1 move protect\n>p2 move hypervoice\n>p2 switch 4\n>p1 switch 6\n>p2 move waterfall\n>p1 move foulplay\n>p2 move icebeam\n>p1 move foulplay\n>p2 move icebeam\n>p1 switch 4\n>p1 move energyball\n>p2 switch 5\n>p1 move toxic\n>p2 move hypervoice\n>p1 move synthesis\n>p2 switch 2\n>p1 switch 2\n>p2 move calmmind\n>p1 move knockoff\n>p2 move calmmind\n>p1 move thunderwave\n>p2 move calmmind\n>p1 move uturn\n>p2 move recover\n>p1 switch 5\n>p1 move waterfall\n>p2 move psychic\n>forcelose p2", "uploadtime": 1769299173, "views": 202, "formatid": "gen7randombattle", "rating": 1564, "private": 0, "password": null}