{"id": "gen7randombattle-2537797533", "format": "[Gen 7] Random Battle", "players": ["BROCKISAROCK", "La.Hellhound"], "log": "|j|☆BROCKISAROCK\n|j|‽La.Hellhound\n|t:|1770849108\n|gametype|singles\n|player|p1|BROCKISAROCK|brock|1597\n|player|p2|La.Hellhound|bruno|1659\n|gen|7\n|tier|[Gen 7] Random Battle\n|rated|\n|rule|Sleep Clause Mod: Limit one foe put to sleep\n|rule|HP Percentage Mod: HP is shown in percentages\n|rule|Illusion Level Mod: Illusion disguises the Pokémon's true level\n|\n|t:|1770849108\n|teamsize|p1|6\n|teamsize|p2|6\n|start\n|switch|p1a: Sunflora|Sunflora, M|312/312\n|switch|p2a: Florges|Florges-Blue, L85, F|271/271\n|turn|1\n|inactive|Battle timer is ON: inactive players will automatically lose when time's up. (requested by La.Hellhound)\n|\n|t:|1770849123\n|move|p2a: Florges|Calm Mind|p2a: Florges\n|-boost|p2a: Florges|spa|1\n|-boost|p2a: Florges|spd|1\n|move|p1a: Sunflora|Sludge Bomb|p2a: Florges\n|-supereffective|p2a: Florges\n|-damage|p2a: Florges|157/271\n|\n|-heal|p2a: Florges|173/271|[from] item: Leftovers\n|upkeep\n|turn|2\n|\n|t:|1770849134\n|move|p2a: Florges|Moonblast|p1a: Sunflora\n|-damage|p1a: Sunflora|164/312\n|-unboost|p1a: Sunflora|spa|1\n|move|p1a: Sunflora|Sludge Bomb|p2a: Florges\n|-supereffective|p2a: Florges\n|-damage|p2a: Florges|93/271\n|\n|-heal|p2a: Florges|109/271|[from] item: Leftovers\n|upkeep\n|turn|3\n|\n|t:|1770849143\n|move|p2a: Florges|Synthesis|p2a: Florges\n|-heal|p2a: Florges|244/271\n|move|p1a: Sunflora|Sludge Bomb|p2a: Florges\n|-supereffective|p2a: Florges\n|-damage|p2a: Florges|158/271\n|\n|-heal|p2a: Florges|174/271|[from] item: Leftovers\n|upkeep\n|turn|4\n|\n|t:|1770849151\n|switch|p2a: Crobat|Crobat, L82, F|274/274\n|move|p1a: Sunflora|Sludge Bomb|p2a: Crobat\n|-resisted|p2a: Crobat\n|-damage|p2a: Crobat|220/274\n|\n|-heal|p2a: Crobat|237/274|[from] item: Black Sludge\n|upkeep\n|turn|5\n|\n|t:|1770849161\n|switch|p1a: Milotic|Milotic, L84, M|297/297\n|move|p2a: Crobat|Brave Bird|p1a: Milotic\n|-damage|p1a: Milotic|177/297\n|-damage|p2a: Crobat|197/274|[from] Recoil\n|\n|-heal|p2a: Crobat|214/274|[from] item: Black Sludge\n|-heal|p1a: Milotic|195/297|[from] item: Leftovers\n|upkeep\n|turn|6\n|\n|t:|1770849170\n|move|p2a: Crobat|Super Fang|p1a: Milotic\n|-damage|p1a: Milotic|98/297\n|move|p1a: Milotic|Recover|p1a: Milotic\n|-heal|p1a: Milotic|247/297\n|\n|-heal|p2a: Crobat|231/274|[from] item: Black Sludge\n|-heal|p1a: Milotic|265/297|[from] item: Leftovers\n|upkeep\n|turn|7\n|\n|t:|1770849183\n|switch|p2a: Milotic|Milotic, L84, M|297/297\n|move|p1a: Milotic|Scald|p2a: Milotic\n|-resisted|p2a: Milotic\n|-damage|p2a: Milotic|266/297\n|\n|-heal|p1a: Milotic|283/297|[from] item: Leftovers\n|-heal|p2a: Milotic|284/297|[from] item: Leftovers\n|upkeep\n|turn|8\n|\n|t:|1770849191\n|switch|p1a: Sunflora|Sunflora, M|164/312\n|move|p2a: Milotic|Toxic|p1a: Sunflora\n|-status|p1a: Sunflora|tox\n|\n|-heal|p2a: Milotic|297/297|[from] item: Leftovers\n|-damage|p1a: Sunflora|145/312 tox|[from] psn\n|upkeep\n|turn|9\n|\n|t:|1770849201\n|switch|p2a: Crobat|Crobat, L82, F|231/274\n|move|p1a: Sunflora|Hidden Power|p2a: Crobat\n|-supereffective|p2a: Crobat\n|-damage|p2a: Crobat|31/274\n|\n|-heal|p2a: Crobat|48/274|[from] item: Black Sludge\n|-damage|p1a: Sunflora|107/312 tox|[from] psn\n|upkeep\n|turn|10\n|\n|t:|1770849211\n|move|p2a: Crobat|Roost|p2a: Crobat\n|-heal|p2a: Crobat|185/274\n|-singleturn|p2a: Crobat|move: Roost\n|move|p1a: Sunflora|Hidden Power|p2a: Crobat\n|-damage|p2a: Crobat|70/274\n|\n|-heal|p2a: Crobat|87/274|[from] item: Black Sludge\n|-damage|p1a: Sunflora|50/312 tox|[from] psn\n|upkeep\n|turn|11\n|\n|t:|1770849222\n|move|p2a: Crobat|Roost|p2a: Crobat\n|-heal|p2a: Crobat|224/274\n|-singleturn|p2a: Crobat|move: Roost\n|move|p1a: Sunflora|Hidden Power|p2a: Crobat\n|-damage|p2a: Crobat|116/274\n|\n|-heal|p2a: Crobat|133/274|[from] item: Black Sludge\n|-damage|p1a: Sunflora|0 fnt|[from] psn\n|faint|p1a: Sunflora\n|upkeep\n|\n|t:|1770849224\n|switch|p1a: Lopunny|Lopunny, L77, F|227/227\n|turn|12\n|\n|t:|1770849236\n|switch|p2a: Milotic|Milotic, L84, M|297/297\n|detailschange|p1a: Lopunny|Lopunny-Mega, L77, F\n|-mega|p1a: Lopunny|Lopunny|Lopunnite\n|move|p1a: Lopunny|Fake Out|p2a: Milotic\n|-damage|p2a: Milotic|246/297\n|\n|-heal|p2a: Milotic|264/297|[from] item: Leftovers\n|upkeep\n|turn|13\n|\n|t:|1770849248\n|switch|p1a: Kecleon|Kecleon, L90, M|254/254\n|move|p2a: Milotic|Toxic|p1a: Kecleon\n|-status|p1a: Kecleon|tox\n|\n|-heal|p2a: Milotic|282/297|[from] item: Leftovers\n|-damage|p1a: Kecleon|239/254 tox|[from] psn\n|upkeep\n|turn|14\n|\n|t:|1770849261\n|move|p2a: Milotic|Scald|p1a: Kecleon\n|-damage|p1a: Kecleon|175/254 tox\n|move|p1a: Kecleon|Stealth Rock|p2a: Milotic\n|-start|p1a: Kecleon|typechange|Rock|[from] ability: Protean\n|-sidestart|p2: La.Hellhound|move: Stealth Rock\n|\n|-heal|p2a: Milotic|297/297|[from] item: Leftovers\n|-heal|p1a: Kecleon|190/254 tox|[from] item: Leftovers\n|-damage|p1a: Kecleon|160/254 tox|[from] psn\n|upkeep\n|turn|15\n|\n|t:|1770849271\n|switch|p1a: Milotic|Milotic, L84, M|283/297\n|move|p2a: Milotic|Toxic|p1a: Milotic\n|-status|p1a: Milotic|tox\n|\n|-heal|p1a: Milotic|297/297 tox|[from] item: Leftovers\n|-damage|p1a: Milotic|279/297 tox|[from] psn\n|upkeep\n|turn|16\n|\n|t:|1770849280\n|switch|p2a: Registeel|Registeel, L83|268/268\n|-damage|p2a: Registeel|252/268|[from] Stealth Rock\n|move|p1a: Milotic|Scald|p2a: Registeel\n|-damage|p2a: Registeel|194/268\n|\n|-heal|p1a: Milotic|297/297 tox|[from] item: Leftovers\n|-heal|p2a: Registeel|210/268|[from] item: Leftovers\n|-damage|p1a: Milotic|261/297 tox|[from] psn\n|upkeep\n|turn|17\n|\n|t:|1770849291\n|switch|p1a: Salazzle|Salazzle, L84, F|251/251\n|move|p2a: Registeel|Iron Head|p1a: Salazzle\n|-resisted|p1a: Salazzle\n|-damage|p1a: Salazzle|202/251\n|\n|-heal|p1a: Salazzle|217/251|[from] item: Black Sludge\n|-heal|p2a: Registeel|226/268|[from] item: Leftovers\n|upkeep\n|turn|18\n|\n|t:|1770849301\n|switch|p2a: Milotic|Milotic, L84, M|297/297\n|-damage|p2a: Milotic|260/297|[from] Stealth Rock\n|move|p1a: Salazzle|Toxic|p2a: Milotic\n|-status|p2a: Milotic|tox\n|\n|-heal|p1a: Salazzle|232/251|[from] item: Black Sludge\n|-heal|p2a: Milotic|278/297 tox|[from] item: Leftovers\n|-damage|p2a: Milotic|260/297 tox|[from] psn\n|upkeep\n|turn|19\n|\n|t:|1770849311\n|move|p1a: Salazzle|Protect|p1a: Salazzle\n|-singleturn|p1a: Salazzle|Protect\n|move|p2a: Milotic|Scald|p1a: Salazzle\n|-activate|p1a: Salazzle|move: Protect\n|\n|-heal|p1a: Salazzle|247/251|[from] item: Black Sludge\n|-heal|p2a: Milotic|278/297 tox|[from] item: Leftovers\n|-damage|p2a: Milotic|242/297 tox|[from] psn\n|upkeep\n|turn|20\n|\n|t:|1770849320\n|move|p1a: Salazzle|Substitute|p1a: Salazzle\n|-start|p1a: Salazzle|Substitute\n|-damage|p1a: Salazzle|185/251\n|move|p2a: Milotic|Scald|p1a: Salazzle\n|-supereffective|p1a: Salazzle\n|-end|p1a: Salazzle|Substitute\n|\n|-heal|p1a: Salazzle|200/251|[from] item: Black Sludge\n|-heal|p2a: Milotic|260/297 tox|[from] item: Leftovers\n|-damage|p2a: Milotic|206/297 tox|[from] psn\n|upkeep\n|turn|21\n|\n|t:|1770849339\n|switch|p2a: Pidgeot|Pidgeot, L78, M|258/258\n|-damage|p2a: Pidgeot|194/258|[from] Stealth Rock\n|move|p1a: Salazzle|Substitute|p1a: Salazzle\n|-start|p1a: Salazzle|Substitute\n|-damage|p1a: Salazzle|138/251\n|\n|-heal|p1a: Salazzle|153/251|[from] item: Black Sludge\n|upkeep\n|turn|22\n|\n|t:|1770849352\n|detailschange|p2a: Pidgeot|Pidgeot-Mega, L78, M\n|-mega|p2a: Pidgeot|Pidgeot|Pidgeotite\n|move|p1a: Salazzle|Toxic|p2a: Pidgeot\n|-status|p2a: Pidgeot|tox\n|move|p2a: Pidgeot|Hurricane|p1a: Salazzle\n|-end|p1a: Salazzle|Substitute\n|\n|-heal|p1a: Salazzle|168/251|[from] item: Black Sludge\n|-damage|p2a: Pidgeot|178/258 tox|[from] psn\n|upkeep\n|turn|23\n|\n|t:|1770849361\n|move|p1a: Salazzle|Protect|p1a: Salazzle\n|-singleturn|p1a: Salazzle|Protect\n|move|p2a: Pidgeot|Roost|p2a: Pidgeot\n|-heal|p2a: Pidgeot|258/258 tox\n|-singleturn|p2a: Pidgeot|move: Roost\n|\n|-heal|p1a: Salazzle|183/251|[from] item: Black Sludge\n|-damage|p2a: Pidgeot|226/258 tox|[from] psn\n|upkeep\n|turn|24\n|\n|t:|1770849374\n|switch|p2a: Crobat|Crobat, L82, F|133/274\n|-damage|p2a: Crobat|65/274|[from] Stealth Rock\n|move|p1a: Salazzle|Substitute|p1a: Salazzle\n|-start|p1a: Salazzle|Substitute\n|-damage|p1a: Salazzle|121/251\n|\n|-heal|p2a: Crobat|82/274|[from] item: Black Sludge\n|-heal|p1a: Salazzle|136/251|[from] item: Black Sludge\n|upkeep\n|turn|25\n|\n|t:|1770849390\n|move|p1a: Salazzle|Protect|p1a: Salazzle\n|-singleturn|p1a: Salazzle|Protect\n|move|p2a: Crobat|Roost|p2a: Crobat\n|-heal|p2a: Crobat|219/274\n|-singleturn|p2a: Crobat|move: Roost\n|\n|-heal|p2a: Crobat|236/274|[from] item: Black Sludge\n|-heal|p1a: Salazzle|151/251|[from] item: Black Sludge\n|upkeep\n|turn|26\n|\n|t:|1770849399\n|move|p2a: Crobat|Brave Bird|p1a: Salazzle\n|-damage|p1a: Salazzle|3/251\n|-damage|p2a: Crobat|187/274|[from] Recoil\n|move|p1a: Salazzle|Toxic|p2a: Crobat\n|-status|p2a: Crobat|tox\n|\n|-heal|p2a: Crobat|204/274 tox|[from] item: Black Sludge\n|-heal|p1a: Salazzle|18/251|[from] item: Black Sludge\n|-damage|p2a: Crobat|187/274 tox|[from] psn\n|upkeep\n|turn|27\n|\n|t:|1770849409\n|move|p1a: Salazzle|Protect|p1a: Salazzle\n|-singleturn|p1a: Salazzle|Protect\n|move|p2a: Crobat|Defog|p1a: Salazzle\n|-activate|p1a: Salazzle|move: Protect\n|\n|-heal|p2a: Crobat|204/274 tox|[from] item: Black Sludge\n|-heal|p1a: Salazzle|33/251|[from] item: Black Sludge\n|-damage|p2a: Crobat|170/274 tox|[from] psn\n|upkeep\n|turn|28\n|\n|t:|1770849417\n|switch|p1a: Kecleon|Kecleon, L90, M|160/254 tox\n|move|p2a: Crobat|Brave Bird|p1a: Kecleon\n|-damage|p1a: Kecleon|40/254 tox\n|-damage|p2a: Crobat|130/274 tox|[from] Recoil\n|\n|-heal|p2a: Crobat|147/274 tox|[from] item: Black Sludge\n|-heal|p1a: Kecleon|55/254 tox|[from] item: Leftovers\n|-damage|p2a: Crobat|96/274 tox|[from] psn\n|-damage|p1a: Kecleon|40/254 tox|[from] psn\n|upkeep\n|turn|29\n|\n|t:|1770849428\n|move|p2a: Crobat|Defog|p1a: Kecleon\n|-unboost|p1a: Kecleon|evasion|1\n|-sideend|p2: La.Hellhound|Stealth Rock|[from] move: Defog|[of] p2a: Crobat\n|move|p1a: Kecleon|Knock Off|p2a: Crobat\n|-start|p1a: Kecleon|typechange|Dark|[from] ability: Protean\n|-damage|p2a: Crobat|0 fnt\n|-enditem|p2a: Crobat|Black Sludge|[from] move: Knock Off|[of] p1a: Kecleon\n|faint|p2a: Crobat\n|\n|-heal|p1a: Kecleon|55/254 tox|[from] item: Leftovers\n|-damage|p1a: Kecleon|25/254 tox|[from] psn\n|upkeep\n|\n|t:|1770849446\n|switch|p2a: Pidgeot|Pidgeot-Mega, L78, M|226/258 tox\n|turn|30\n|\n|t:|1770849450\n|move|p2a: Pidgeot|Hurricane|p1a: Kecleon\n|-damage|p1a: Kecleon|0 fnt\n|faint|p1a: Kecleon\n|\n|-damage|p2a: Pidgeot|210/258 tox|[from] psn\n|upkeep\n|\n|t:|1770849468\n|switch|p1a: Beheeyem|Beheeyem, L93, F|290/290\n|turn|31\n|\n|t:|1770849490\n|move|p2a: Pidgeot|U-turn|p1a: Beheeyem\n|-supereffective|p1a: Beheeyem\n|-damage|p1a: Beheeyem|218/290\n|\n|t:|1770849495\n|switch|p2a: Registeel|Registeel, L83|226/268|[from] U-turn\n|move|p1a: Beheeyem|Psychic|p2a: Registeel\n|-resisted|p2a: Registeel\n|-damage|p2a: Registeel|143/268\n|-damage|p1a: Beheeyem|189/290|[from] item: Life Orb\n|\n|-heal|p2a: Registeel|159/268|[from] item: Leftovers\n|upkeep\n|turn|32\n|inactive|La.Hellhound has 120 seconds left.\n|\n|t:|1770849528\n|switch|p1a: Lopunny|Lopunny-Mega, L77, F|227/227\n|move|p2a: Registeel|Iron Head|p1a: Lopunny\n|-damage|p1a: Lopunny|149/227\n|\n|-heal|p2a: Registeel|175/268|[from] item: Leftovers\n|upkeep\n|turn|33\n|inactive|La.Hellhound has 120 seconds left.\n|\n|t:|1770849544\n|move|p1a: Lopunny|Power-Up Punch|p2a: Registeel\n|-supereffective|p2a: Registeel\n|-damage|p2a: Registeel|109/268\n|-boost|p1a: Lopunny|atk|1\n|move|p2a: Registeel|Iron Head|p1a: Lopunny\n|-damage|p1a: Lopunny|77/227\n|\n|-heal|p2a: Registeel|125/268|[from] item: Leftovers\n|upkeep\n|turn|34\n|\n|t:|1770849558\n|move|p1a: Lopunny|Power-Up Punch|p2a: Registeel\n|-supereffective|p2a: Registeel\n|-damage|p2a: Registeel|39/268\n|-boost|p1a: Lopunny|atk|1\n|move|p2a: Registeel|Iron Head|p1a: Lopunny\n|-damage|p1a: Lopunny|8/227\n|\n|-heal|p2a: Registeel|55/268|[from] item: Leftovers\n|upkeep\n|turn|35\n|\n|t:|1770849568\n|move|p1a: Lopunny|Power-Up Punch|p2a: Registeel\n|-supereffective|p2a: Registeel\n|-damage|p2a: Registeel|0 fnt\n|-boost|p1a: Lopunny|atk|1\n|faint|p2a: Registeel\n|\n|upkeep\n|\n|t:|1770849573\n|switch|p2a: Lucario|Lucario, L82, M|249/249\n|turn|36\n|\n|t:|1770849578\n|move|p2a: Lucario|Extreme Speed|p1a: Lopunny\n|-damage|p1a: Lopunny|0 fnt\n|faint|p1a: Lopunny\n|detailschange|p1: Lopunny|Lopunny, L77, F|[silent]\n|\n|upkeep\n|\n|t:|1770849589\n|switch|p1a: Milotic|Milotic, L84, M|261/297 tox\n|turn|37\n|\n|t:|1770849595\n|switch|p2a: Florges|Florges-Blue, L85, F|174/271\n|move|p1a: Milotic|Scald|p2a: Florges\n|-damage|p2a: Florges|117/271\n|\n|-heal|p1a: Milotic|279/297 tox|[from] item: Leftovers\n|-heal|p2a: Florges|133/271|[from] item: Leftovers\n|-damage|p1a: Milotic|261/297 tox|[from] psn\n|upkeep\n|turn|38\n|\n|t:|1770849603\n|move|p1a: Milotic|Toxic|p2a: Florges|[miss]\n|-miss|p1a: Milotic|p2a: Florges\n|move|p2a: Florges|Synthesis|p2a: Florges\n|-heal|p2a: Florges|268/271\n|\n|-heal|p1a: Milotic|279/297 tox|[from] item: Leftovers\n|-heal|p2a: Florges|271/271|[from] item: Leftovers\n|-damage|p1a: Milotic|243/297 tox|[from] psn\n|upkeep\n|turn|39\n|\n|t:|1770849612\n|switch|p2a: Milotic|Milotic, L84, M|206/297 tox\n|move|p1a: Milotic|Toxic|p2a: Milotic\n|-fail|p2a: Milotic|tox\n|\n|-heal|p2a: Milotic|224/297 tox|[from] item: Leftovers\n|-heal|p1a: Milotic|261/297 tox|[from] item: Leftovers\n|-damage|p1a: Milotic|207/297 tox|[from] psn\n|-damage|p2a: Milotic|206/297 tox|[from] psn\n|upkeep\n|turn|40\n|\n|t:|1770849621\n|switch|p2a: Florges|Florges-Blue, L85, F|271/271\n|move|p1a: Milotic|Recover|p1a: Milotic\n|-heal|p1a: Milotic|297/297 tox\n|\n|-damage|p1a: Milotic|225/297 tox|[from] psn\n|upkeep\n|turn|41\n|\n|t:|1770849628\n|switch|p1a: Salazzle|Salazzle, L84, F|33/251\n|switch|p2a: Milotic|Milotic, L84, M|206/297 tox\n|\n|-heal|p1a: Salazzle|48/251|[from] item: Black Sludge\n|-heal|p2a: Milotic|224/297 tox|[from] item: Leftovers\n|-damage|p2a: Milotic|206/297 tox|[from] psn\n|upkeep\n|turn|42\n|\n|t:|1770849637\n|switch|p2a: Lucario|Lucario, L82, M|249/249\n|move|p1a: Salazzle|Protect||[still]\n|-fail|p1a: Salazzle\n|\n|-heal|p1a: Salazzle|63/251|[from] item: Black Sludge\n|upkeep\n|turn|43\n|\n|t:|1770849643\n|move|p1a: Salazzle|Protect|p1a: Salazzle\n|-singleturn|p1a: Salazzle|Protect\n|move|p2a: Lucario|Extreme Speed|p1a: Salazzle\n|-activate|p1a: Salazzle|move: Protect\n|\n|-heal|p1a: Salazzle|78/251|[from] item: Black Sludge\n|upkeep\n|turn|44\n|\n|t:|1770849650\n|switch|p1a: Milotic|Milotic, L84, M|225/297 tox\n|move|p2a: Lucario|Extreme Speed|p1a: Milotic\n|-damage|p1a: Milotic|159/297 tox\n|\n|-heal|p1a: Milotic|177/297 tox|[from] item: Leftovers\n|-damage|p1a: Milotic|159/297 tox|[from] psn\n|upkeep\n|turn|45\n|\n|t:|1770849659\n|switch|p2a: Pidgeot|Pidgeot-Mega, L78, M|210/258 tox\n|move|p1a: Milotic|Recover|p1a: Milotic\n|-heal|p1a: Milotic|297/297 tox\n|\n|-damage|p2a: Pidgeot|194/258 tox|[from] psn\n|-damage|p1a: Milotic|261/297 tox|[from] psn\n|upkeep\n|turn|46\n|\n|t:|1770849666\n|move|p2a: Pidgeot|U-turn|p1a: Milotic\n|-damage|p1a: Milotic|236/297 tox\n|\n|t:|1770849670\n|switch|p2a: Milotic|Milotic, L84, M|206/297 tox|[from] U-turn\n|move|p1a: Milotic|Scald|p2a: Milotic\n|-resisted|p2a: Milotic\n|-damage|p2a: Milotic|174/297 tox\n|\n|-heal|p1a: Milotic|254/297 tox|[from] item: Leftovers\n|-heal|p2a: Milotic|192/297 tox|[from] item: Leftovers\n|-damage|p2a: Milotic|174/297 tox|[from] psn\n|-damage|p1a: Milotic|200/297 tox|[from] psn\n|upkeep\n|turn|47\n|\n|t:|1770849681\n|move|p1a: Milotic|Recover|p1a: Milotic\n|-heal|p1a: Milotic|297/297 tox\n|move|p2a: Milotic|Recover|p2a: Milotic\n|-heal|p2a: Milotic|297/297 tox\n|\n|-damage|p2a: Milotic|261/297 tox|[from] psn\n|-damage|p1a: Milotic|225/297 tox|[from] psn\n|upkeep\n|turn|48\n|\n|t:|1770849688\n|move|p2a: Milotic|Scald|p1a: Milotic\n|-resisted|p1a: Milotic\n|-damage|p1a: Milotic|195/297 tox\n|move|p1a: Milotic|Recover|p1a: Milotic\n|-heal|p1a: Milotic|297/297 tox\n|\n|-heal|p2a: Milotic|279/297 tox|[from] item: Leftovers\n|-damage|p1a: Milotic|207/297 tox|[from] psn\n|-damage|p2a: Milotic|225/297 tox|[from] psn\n|upkeep\n|turn|49\n|\n|t:|1770849696\n|move|p1a: Milotic|Recover|p1a: Milotic\n|-heal|p1a: Milotic|297/297 tox\n|move|p2a: Milotic|Scald|p1a: Milotic\n|-resisted|p1a: Milotic\n|-damage|p1a: Milotic|261/297 tox\n|\n|-heal|p2a: Milotic|243/297 tox|[from] item: Leftovers\n|-heal|p1a: Milotic|279/297 tox|[from] item: Leftovers\n|-damage|p1a: Milotic|171/297 tox|[from] psn\n|-damage|p2a: Milotic|171/297 tox|[from] psn\n|upkeep\n|turn|50\n|\n|t:|1770849706\n|switch|p1a: Beheeyem|Beheeyem, L93, F|189/290\n|move|p2a: Milotic|Scald|p1a: Beheeyem\n|-damage|p1a: Beheeyem|113/290\n|\n|-heal|p2a: Milotic|189/297 tox|[from] item: Leftovers\n|-damage|p2a: Milotic|99/297 tox|[from] psn\n|upkeep\n|turn|51\n|\n|t:|1770849716\n|move|p2a: Milotic|Scald|p1a: Beheeyem\n|-damage|p1a: Beheeyem|44/290\n|-status|p1a: Beheeyem|brn\n|move|p1a: Beheeyem|Psychic|p2a: Milotic\n|-damage|p2a: Milotic|0 fnt\n|faint|p2a: Milotic\n|-damage|p1a: Beheeyem|15/290 brn|[from] item: Life Orb\n|\n|-damage|p1a: Beheeyem|0 fnt|[from] brn\n|faint|p1a: Beheeyem\n|upkeep\n|\n|t:|1770849735\n|switch|p2a: Lucario|Lucario, L82, M|249/249\n|switch|p1a: Salazzle|Salazzle, L84, F|78/251\n|turn|52\n|\n|t:|1770849740\n|move|p1a: Salazzle|Protect|p1a: Salazzle\n|-singleturn|p1a: Salazzle|Protect\n|move|p2a: Lucario|Extreme Speed|p1a: Salazzle\n|-activate|p1a: Salazzle|move: Protect\n|\n|-heal|p1a: Salazzle|93/251|[from] item: Black Sludge\n|upkeep\n|turn|53\n|\n|t:|1770849748\n|switch|p1a: Milotic|Milotic, L84, M|171/297 tox\n|move|p2a: Lucario|Extreme Speed|p1a: Milotic\n|-damage|p1a: Milotic|107/297 tox\n|\n|-heal|p1a: Milotic|125/297 tox|[from] item: Leftovers\n|-damage|p1a: Milotic|107/297 tox|[from] psn\n|upkeep\n|turn|54\n|\n|t:|1770849756\n|switch|p2a: Pidgeot|Pidgeot-Mega, L78, M|194/258 tox\n|move|p1a: Milotic|Recover|p1a: Milotic\n|-heal|p1a: Milotic|256/297 tox\n|\n|-heal|p1a: Milotic|274/297 tox|[from] item: Leftovers\n|-damage|p2a: Pidgeot|178/258 tox|[from] psn\n|-damage|p1a: Milotic|238/297 tox|[from] psn\n|upkeep\n|turn|55\n|\n|t:|1770849765\n|move|p2a: Pidgeot|Hurricane|p1a: Milotic\n|-damage|p1a: Milotic|141/297 tox\n|move|p1a: Milotic|Scald|p2a: Pidgeot\n|-damage|p2a: Pidgeot|69/258 tox\n|\n|-heal|p1a: Milotic|159/297 tox|[from] item: Leftovers\n|-damage|p2a: Pidgeot|37/258 tox|[from] psn\n|-damage|p1a: Milotic|105/297 tox|[from] psn\n|upkeep\n|turn|56\n|\n|t:|1770849774\n|move|p2a: Pidgeot|Roost|p2a: Pidgeot\n|-heal|p2a: Pidgeot|166/258 tox\n|-singleturn|p2a: Pidgeot|move: Roost\n|move|p1a: Milotic|Recover|p1a: Milotic\n|-heal|p1a: Milotic|254/297 tox\n|\n|-heal|p1a: Milotic|272/297 tox|[from] item: Leftovers\n|-damage|p2a: Pidgeot|118/258 tox|[from] psn\n|-damage|p1a: Milotic|200/297 tox|[from] psn\n|upkeep\n|turn|57\n|\n|t:|1770849783\n|move|p2a: Pidgeot|U-turn|p1a: Milotic\n|-damage|p1a: Milotic|173/297 tox\n|\n|t:|1770849786\n|switch|p2a: Florges|Florges-Blue, L85, F|271/271|[from] U-turn\n|move|p1a: Milotic|Scald|p2a: Florges\n|-damage|p2a: Florges|219/271\n|\n|-heal|p1a: Milotic|191/297 tox|[from] item: Leftovers\n|-heal|p2a: Florges|235/271|[from] item: Leftovers\n|-damage|p1a: Milotic|101/297 tox|[from] psn\n|upkeep\n|turn|58\n|\n|t:|1770849801\n|switch|p1a: Salazzle|Salazzle, L84, F|93/251\n|switch|p2a: Pidgeot|Pidgeot-Mega, L78, M|118/258 tox\n|\n|-heal|p1a: Salazzle|108/251|[from] item: Black Sludge\n|-damage|p2a: Pidgeot|102/258 tox|[from] psn\n|upkeep\n|turn|59\n|\n|t:|1770849810\n|move|p1a: Salazzle|Protect|p1a: Salazzle\n|-singleturn|p1a: Salazzle|Protect\n|move|p2a: Pidgeot|Roost|p2a: Pidgeot\n|-heal|p2a: Pidgeot|231/258 tox\n|-singleturn|p2a: Pidgeot|move: Roost\n|\n|-heal|p1a: Salazzle|123/251|[from] item: Black Sludge\n|-damage|p2a: Pidgeot|199/258 tox|[from] psn\n|upkeep\n|turn|60\n|\n|t:|1770849819\n|move|p1a: Salazzle|Substitute|p1a: Salazzle\n|-start|p1a: Salazzle|Substitute\n|-damage|p1a: Salazzle|61/251\n|move|p2a: Pidgeot|Hurricane|p1a: Salazzle\n|-end|p1a: Salazzle|Substitute\n|\n|-heal|p1a: Salazzle|76/251|[from] item: Black Sludge\n|-damage|p2a: Pidgeot|151/258 tox|[from] psn\n|upkeep\n|turn|61\n|\n|t:|1770849830\n|move|p1a: Salazzle|Flamethrower|p2a: Pidgeot\n|-damage|p2a: Pidgeot|36/258 tox\n|move|p2a: Pidgeot|Hurricane|p1a: Salazzle\n|-damage|p1a: Salazzle|0 fnt\n|faint|p1a: Salazzle\n|\n|-damage|p2a: Pidgeot|0 fnt|[from] psn\n|faint|p2a: Pidgeot\n|detailschange|p2: Pidgeot|Pidgeot, L78, M|[silent]\n|upkeep\n|-message|BROCKISAROCK forfeited.\n|\n|win|La.Hellhound\n|raw|BROCKISAROCK's rating: 1597 &rarr; <strong>1581</strong><br />(-16 for losing)\n|raw|La.Hellhound's rating: 1659 &rarr; <strong>1675</strong><br />(+16 for winning)\n|l|☆BROCKISAROCK\n|player|p1|\n", "inputlog": ">version ccdc32dd7cde25fd9e4bed64820e885f66e78a4e\n>start {\"formatid\":\"gen7randombattle\",\"seed\":\"sodium,c77672d6e0719733d3d3f47b3b026feb\",\"rated\":\"Rated battle\"}\n>player p1 {\"name\":\"BROCKISAROCK\",\"avatar\":\"brock\",\"rating\":1597,\"seed\":\"sodium,e446ae14b018f166eecf2ebd34ef056a\"}\n>player p2 {\"name\":\"La.Hellhound\",\"avatar\":\"bruno\",\"rating\":1659,\"seed\":\"sodium,b12428803d4064a7a68194a39b1aba16\"}\n>p1 move sludgebomb\n>p2 move calmmind\n>p1 move sludgebomb\n>p2 move moonblast\n>p1 move sludgebomb\n>p2 move synthesis\n>p1 move sludgebomb\n>p2 switch 6\n>p1 switch 2\n>p2 move bravebird\n>p1 move recover\n>p2 move superfang\n>p1 move scald\n>p2 switch 5\n>p1 switch 2\n>p2 move toxic\n>p1 move hiddenpower\n>p2 switch 5\n>p1 move hiddenpower\n>p2 move roost\n>p1 move hiddenpower\n>p2 move roost\n>p1 switch 5\n>p1 move fakeout mega\n>p2 switch 5\n>p1 switch 6\n>p2 move toxic\n>p1 move stealthrock\n>p2 move scald\n>p1 switch 2\n>p2 move toxic\n>p1 move scald\n>p2 switch 3\n>p1 switch 3\n>p2 move ironhead\n>p1 move toxic\n>p2 switch 3\n>p1 move protect\n>p2 move scald\n>p1 move substitute\n>p2 move scald\n>p1 move substitute\n>p2 switch 4\n>p1 move toxic\n>p2 move hurricane mega\n>p1 move protect\n>p2 move roost\n>p1 move substitute\n>p2 switch 5\n>p1 move protect\n>p2 move roost\n>p1 move toxic\n>p2 move bravebird\n>p1 move protect\n>p2 move defog\n>p1 switch 2\n>p2 move bravebird\n>p1 move knockoff\n>p2 move defog\n>p2 switch 5\n>p1 move stealthrock\n>p2 move hurricane\n>p1 switch 4\n>p1 move psychic\n>p2 move uturn\n>p2 switch 3\n>p1 switch 6\n>p2 move ironhead\n>p1 move poweruppunch\n>p2 move ironhead\n>p1 move poweruppunch\n>p2 move ironhead\n>p1 move poweruppunch\n>p2 move ironhead\n>p2 switch 2\n>p1 move highjumpkick\n>p2 move extremespeed\n>p1 switch 3\n>p1 move scald\n>p2 switch 6\n>p1 move toxic\n>p2 move synthesis\n>p1 move toxic\n>p2 switch 4\n>p1 move recover\n>p2 switch 4\n>p1 switch 2\n>p2 switch 4\n>p1 move protect\n>p2 switch 6\n>p1 move protect\n>p2 move extremespeed\n>p1 switch 2\n>p2 move extremespeed\n>p1 move recover\n>p2 switch 3\n>p1 move scald\n>p2 move uturn\n>p2 switch 6\n>p1 move recover\n>p2 move recover\n>p1 move recover\n>p2 move scald\n>p1 move recover\n>p2 move scald\n>p1 switch 6\n>p2 move scald\n>p1 move psychic\n>p2 move scald\n>p1 switch 2\n>p2 switch 3\n>p1 move protect\n>p2 move extremespeed\n>p1 switch 6\n>p2 move extremespeed\n>p1 move recover\n>p2 switch 6\n>p1 move scald\n>p2 move hurricane\n>p1 move recover\n>p2 move roost\n>p1 move scald\n>p2 move uturn\n>p2 switch 4\n>p1 switch 6\n>p2 switch 4\n>p1 move protect\n>p2 move roost\n>p1 move substitute\n>p2 move hurricane\n>p1 move flamethrower\n>p2 move hurricane\n>forcelose p1", "uploadtime": 1770849839, "views": 223, "formatid": "gen7randombattle", "rating": 1581, "private": 0, "password": null}