{"id": "gen7randombattle-2532974099", "format": "[Gen 7] Random Battle", "players": ["AliceTASC", "Fadi91"], "log": "|j|☆AliceTASC\n|j|☆Fadi91\n|t:|1770241990\n|gametype|singles\n|player|p1|AliceTASC|dawn|1597\n|player|p2|Fadi91|steven|1676\n|gen|7\n|tier|[Gen 7] Random Battle\n|rated|\n|rule|Sleep Clause Mod: Limit one foe put to sleep\n|rule|HP Percentage Mod: HP is shown in percentages\n|rule|Illusion Level Mod: Illusion disguises the Pokémon's true level\n|\n|t:|1770241990\n|teamsize|p1|6\n|teamsize|p2|6\n|start\n|switch|p1a: Clefable|Clefable, L83, M|293/293\n|switch|p2a: Exeggutor|Exeggutor-Alola, L91, F|321/321\n|-item|p1a: Clefable|Life Orb|[from] ability: Frisk|[of] p2a: Exeggutor\n|turn|1\n|inactive|Battle timer is ON: inactive players will automatically lose when time's up. (requested by Fadi91)\n|\n|t:|1770242012\n|move|p1a: Clefable|Calm Mind|p1a: Clefable\n|-boost|p1a: Clefable|spa|1\n|-boost|p1a: Clefable|spd|1\n|move|p2a: Exeggutor|Giga Drain|p1a: Clefable\n|-crit|p1a: Clefable\n|-damage|p1a: Clefable|44/293\n|\n|upkeep\n|turn|2\n|\n|t:|1770242017\n|move|p1a: Clefable|Moonblast|p2a: Exeggutor\n|-supereffective|p2a: Exeggutor\n|-damage|p2a: Exeggutor|0 fnt\n|faint|p2a: Exeggutor\n|\n|upkeep\n|\n|t:|1770242023\n|switch|p2a: Oranguru|Oranguru, L93, M|318/318\n|turn|3\n|\n|t:|1770242039\n|switch|p1a: Golisopod|Golisopod, L84, F|260/260\n|move|p2a: Oranguru|Psychic|p1a: Golisopod\n|-damage|p1a: Golisopod|86/260\n|-enditem|p1a: Golisopod|Sitrus Berry|[eat]\n|-heal|p1a: Golisopod|151/260|[from] item: Sitrus Berry\n|\n|upkeep\n|turn|4\n|\n|t:|1770242052\n|switch|p2a: Turtonator|Turtonator, L88, M|249/249\n|move|p1a: Golisopod|First Impression|p2a: Turtonator\n|-resisted|p2a: Turtonator\n|-damage|p2a: Turtonator|207/249\n|\n|upkeep\n|turn|5\n|\n|t:|1770242057\n|move|p1a: Golisopod|Liquidation|p2a: Turtonator\n|-damage|p2a: Turtonator|128/249\n|move|p2a: Turtonator|Shell Smash|p2a: Turtonator\n|-unboost|p2a: Turtonator|def|1\n|-unboost|p2a: Turtonator|spd|1\n|-boost|p2a: Turtonator|atk|2\n|-boost|p2a: Turtonator|spa|2\n|-boost|p2a: Turtonator|spe|2\n|-enditem|p2a: Turtonator|White Herb\n|-clearnegativeboost|p2a: Turtonator|[silent]\n|\n|upkeep\n|turn|6\n|\n|t:|1770242062\n|move|p2a: Turtonator|Dragon Pulse|p1a: Golisopod\n|-damage|p1a: Golisopod|0 fnt\n|faint|p1a: Golisopod\n|\n|upkeep\n|\n|t:|1770242075\n|switch|p1a: Arbok|Arbok, L90, M|254/254\n|-ability|p1a: Arbok|Intimidate|boost\n|-unboost|p2a: Turtonator|atk|1\n|turn|7\n|\n|t:|1770242081\n|move|p2a: Turtonator|Fire Blast|p1a: Arbok|[miss]\n|-miss|p2a: Turtonator|p1a: Arbok\n|move|p1a: Arbok|Earthquake|p2a: Turtonator\n|-supereffective|p2a: Turtonator\n|-damage|p2a: Turtonator|0 fnt\n|faint|p2a: Turtonator\n|-damage|p1a: Arbok|229/254|[from] item: Life Orb\n|\n|upkeep\n|\n|t:|1770242084\n|switch|p2a: Cresselia|Cresselia, L82, F|331/331\n|turn|8\n|\n|t:|1770242088\n|move|p1a: Arbok|Gunk Shot|p2a: Cresselia\n|-damage|p2a: Cresselia|171/331\n|-damage|p1a: Arbok|204/254|[from] item: Life Orb\n|move|p2a: Cresselia|Psychic|p1a: Arbok\n|-supereffective|p1a: Arbok\n|-damage|p1a: Arbok|66/254\n|\n|-heal|p2a: Cresselia|191/331|[from] item: Leftovers\n|upkeep\n|turn|9\n|\n|t:|1770242094\n|move|p1a: Arbok|Gunk Shot|p2a: Cresselia\n|-damage|p2a: Cresselia|27/331\n|-damage|p1a: Arbok|41/254|[from] item: Life Orb\n|move|p2a: Cresselia|Psychic|p1a: Arbok\n|-supereffective|p1a: Arbok\n|-damage|p1a: Arbok|0 fnt\n|faint|p1a: Arbok\n|\n|-heal|p2a: Cresselia|47/331|[from] item: Leftovers\n|upkeep\n|\n|t:|1770242106\n|switch|p1a: Rotom|Rotom-Heat, L84|221/221\n|turn|10\n|\n|t:|1770242110\n|switch|p2a: Dedenne|Dedenne, L91, M|270/270\n|move|p1a: Rotom|Thunderbolt|p2a: Dedenne\n|-resisted|p2a: Dedenne\n|-damage|p2a: Dedenne|213/270\n|\n|upkeep\n|turn|11\n|\n|t:|1770242119\n|move|p2a: Dedenne|Toxic|p1a: Rotom|[miss]\n|-miss|p2a: Dedenne|p1a: Rotom\n|move|p1a: Rotom|Overheat|p2a: Dedenne\n|-damage|p2a: Dedenne|48/270\n|-unboost|p1a: Rotom|spa|2\n|-enditem|p2a: Dedenne|Sitrus Berry|[eat]\n|-heal|p2a: Dedenne|115/270|[from] item: Sitrus Berry\n|-heal|p2a: Dedenne|205/270|[from] ability: Cheek Pouch\n|\n|upkeep\n|turn|12\n|\n|t:|1770242131\n|switch|p1a: Palkia|Palkia, L75|259/259\n|-ability|p1a: Palkia|Pressure\n|move|p2a: Dedenne|Recycle|p2a: Dedenne\n|-item|p2a: Dedenne|Sitrus Berry|[from] move: Recycle\n|\n|upkeep\n|turn|13\n|\n|t:|1770242135\n|move|p2a: Dedenne|Toxic|p1a: Palkia\n|-status|p1a: Palkia|tox\n|move|p1a: Palkia|Hydro Pump|p2a: Dedenne\n|-damage|p2a: Dedenne|30/270\n|-enditem|p2a: Dedenne|Sitrus Berry|[eat]\n|-heal|p2a: Dedenne|97/270|[from] item: Sitrus Berry\n|-heal|p2a: Dedenne|187/270|[from] ability: Cheek Pouch\n|\n|-damage|p1a: Palkia|243/259 tox|[from] psn\n|upkeep\n|turn|14\n|\n|t:|1770242141\n|move|p2a: Dedenne|Recycle|p2a: Dedenne\n|-item|p2a: Dedenne|Sitrus Berry|[from] move: Recycle\n|move|p1a: Palkia|Hydro Pump|p2a: Dedenne\n|-damage|p2a: Dedenne|0 fnt\n|faint|p2a: Dedenne\n|\n|-damage|p1a: Palkia|211/259 tox|[from] psn\n|upkeep\n|\n|t:|1770242150\n|switch|p2a: Suicune|Suicune, L82|298/298\n|-ability|p2a: Suicune|Pressure\n|turn|15\n|\n|t:|1770242153\n|move|p1a: Palkia|Thunder Wave|p2a: Suicune\n|-status|p2a: Suicune|par\n|move|p2a: Suicune|Calm Mind|p2a: Suicune\n|-boost|p2a: Suicune|spa|1\n|-boost|p2a: Suicune|spd|1\n|\n|-damage|p1a: Palkia|163/259 tox|[from] psn\n|upkeep\n|turn|16\n|\n|t:|1770242163\n|switch|p1a: Rotom|Rotom-Heat, L84|221/221\n|move|p2a: Suicune|Scald|p1a: Rotom\n|-supereffective|p1a: Rotom\n|-damage|p1a: Rotom|41/221\n|\n|-heal|p1a: Rotom|54/221|[from] item: Leftovers\n|upkeep\n|turn|17\n|\n|t:|1770242169\n|move|p1a: Rotom|Thunderbolt|p2a: Suicune\n|-supereffective|p2a: Suicune\n|-crit|p2a: Suicune\n|-damage|p2a: Suicune|40/298 par\n|move|p2a: Suicune|Calm Mind|p2a: Suicune\n|-boost|p2a: Suicune|spa|1\n|-boost|p2a: Suicune|spd|1\n|\n|-heal|p1a: Rotom|67/221|[from] item: Leftovers\n|upkeep\n|turn|18\n|\n|t:|1770242173\n|move|p1a: Rotom|Thunderbolt|p2a: Suicune\n|-supereffective|p2a: Suicune\n|-damage|p2a: Suicune|0 fnt\n|faint|p2a: Suicune\n|\n|-heal|p1a: Rotom|80/221|[from] item: Leftovers\n|upkeep\n|\n|t:|1770242175\n|switch|p2a: Oranguru|Oranguru, L93, M|318/318\n|turn|19\n|\n|t:|1770242180\n|move|p1a: Rotom|Overheat|p2a: Oranguru\n|-damage|p2a: Oranguru|203/318\n|-unboost|p1a: Rotom|spa|2\n|move|p2a: Oranguru|Psychic|p1a: Rotom\n|-damage|p1a: Rotom|0 fnt\n|faint|p1a: Rotom\n|\n|upkeep\n|\n|t:|1770242188\n|switch|p1a: Noivern|Noivern, L83, M|277/277\n|turn|20\n|\n|t:|1770242191\n|move|p1a: Noivern|U-turn|p2a: Oranguru\n|-supereffective|p2a: Oranguru\n|-damage|p2a: Oranguru|127/318\n|\n|t:|1770242196\n|switch|p1a: Clefable|Clefable, L83, M|44/293|[from] U-turn\n|move|p2a: Oranguru|Psychic|p1a: Clefable\n|-damage|p1a: Clefable|0 fnt\n|faint|p1a: Clefable\n|\n|upkeep\n|\n|t:|1770242201\n|switch|p1a: Palkia|Palkia, L75|163/259 tox\n|-ability|p1a: Palkia|Pressure\n|turn|21\n|\n|t:|1770242204\n|move|p1a: Palkia|Hydro Pump|p2a: Oranguru\n|-damage|p2a: Oranguru|0 fnt\n|faint|p2a: Oranguru\n|\n|-damage|p1a: Palkia|147/259 tox|[from] psn\n|upkeep\n|\n|t:|1770242208\n|switch|p2a: Cresselia|Cresselia, L82, F|47/331\n|turn|22\n|\n|t:|1770242211\n|move|p1a: Palkia|Draco Meteor|p2a: Cresselia\n|-damage|p2a: Cresselia|0 fnt\n|-unboost|p1a: Palkia|spa|2\n|faint|p2a: Cresselia\n|\n|win|AliceTASC\n|raw|AliceTASC's rating: 1597 &rarr; <strong>1621</strong><br />(+24 for winning)\n|raw|Fadi91's rating: 1676 &rarr; <strong>1652</strong><br />(-24 for losing)\n|l|☆Fadi91\n|player|p2|\n", "inputlog": ">version ccdc32dd7cde25fd9e4bed64820e885f66e78a4e\n>start {\"formatid\":\"gen7randombattle\",\"seed\":\"sodium,28ff6691699de83534e914369c306131\",\"rated\":\"Rated battle\"}\n>player p1 {\"name\":\"AliceTASC\",\"avatar\":\"dawn\",\"rating\":1597,\"seed\":\"sodium,e688a399f67dd0eaf3b7ee1571ba8d5c\"}\n>player p2 {\"name\":\"Fadi91\",\"avatar\":\"steven\",\"rating\":1676,\"seed\":\"sodium,deee39dfc05124bd00f621d165c12915\"}\n>p1 move calmmind\n>p2 move gigadrain\n>p1 move moonblast\n>p2 move gigadrain\n>p2 switch 5\n>p1 switch 5\n>p2 move psychic\n>p1 move firstimpression\n>p2 switch 4\n>p1 move liquidation\n>p2 move shellsmash\n>p1 move liquidation\n>p2 move dragonpulse\n>p1 switch 6\n>p1 move earthquake\n>p2 move fireblast\n>p2 switch 3\n>p1 move gunkshot\n>p2 move psychic\n>p1 move gunkshot\n>p2 move psychic\n>p1 switch 4\n>p1 move thunderbolt\n>p2 switch 6\n>p1 move overheat\n>p2 move toxic\n>p1 switch 2\n>p2 move recycle\n>p1 move hydropump\n>p2 move toxic\n>p1 move hydropump\n>p2 move recycle\n>p2 switch 2\n>p1 move thunderwave\n>p2 move calmmind\n>p1 switch 2\n>p2 move scald\n>p1 move thunderbolt\n>p2 move calmmind\n>p1 move thunderbolt\n>p2 move rest\n>p2 switch 4\n>p1 move overheat\n>p2 move psychic\n>p1 switch 3\n>p1 move uturn\n>p2 move psychic\n>p1 switch 5\n>p1 switch 2\n>p1 move hydropump\n>p2 move psychic\n>p2 switch 6\n>p1 move dracometeor\n>p2 move moonlight", "uploadtime": 1770242217, "views": 142, "formatid": "gen7randombattle", "rating": 1621, "private": 0, "password": null}