{"id": "gen7randombattle-2529630929", "format": "[Gen 7] Random Battle", "players": ["rayquebae", "La.Hellhound"], "log": "|j|☆rayquebae\n|j|‽La.Hellhound\n|t:|1769805871\n|gametype|singles\n|player|p1|rayquebae|gambler|1537\n|player|p2|La.Hellhound|bruno|1710\n|gen|7\n|tier|[Gen 7] Random Battle\n|rated|\n|rule|Sleep Clause Mod: Limit one foe put to sleep\n|rule|HP Percentage Mod: HP is shown in percentages\n|rule|Illusion Level Mod: Illusion disguises the Pokémon's true level\n|\n|t:|1769805871\n|teamsize|p1|6\n|teamsize|p2|6\n|start\n|switch|p1a: Zangoose|Zangoose, L86, F|266/266\n|switch|p2a: Deoxys|Deoxys-Speed, L81|214/214\n|-ability|p2a: Deoxys|Pressure\n|turn|1\n|inactive|Battle timer is ON: inactive players will automatically lose when time's up. (requested by La.Hellhound)\n|inactive|La.Hellhound has 120 seconds left.\n|inactive|La.Hellhound has 90 seconds left.\n|\n|t:|1769805938\n|switch|p1a: Genesect|Genesect, L73|224/224\n|-ability|p1a: Genesect|Download|boost\n|-boost|p1a: Genesect|spa|1\n|-zpower|p2a: Deoxys\n|move|p2a: Deoxys|Shattered Psyche|p1a: Genesect|[zeffect]\n|-resisted|p1a: Genesect\n|-damage|p1a: Genesect|110/224\n|\n|upkeep\n|turn|2\n|\n|t:|1769805962\n|switch|p2a: Dialga|Dialga, L74|270/270\n|-ability|p2a: Dialga|Pressure\n|move|p1a: Genesect|U-turn|p2a: Dialga\n|-resisted|p2a: Dialga\n|-crit|p2a: Dialga\n|-damage|p2a: Dialga|196/270\n|\n|t:|1769805975\n|switch|p1a: Flygon|Flygon, L82, M|265/265|[from] U-turn\n|\n|upkeep\n|turn|3\n|\n|t:|1769805996\n|move|p1a: Flygon|Earthquake|p2a: Dialga\n|-supereffective|p2a: Dialga\n|-damage|p2a: Dialga|0 fnt\n|faint|p2a: Dialga\n|\n|upkeep\n|\n|t:|1769806002\n|switch|p2a: Vivillon|Vivillon, L85, F|275/275\n|turn|4\n|\n|t:|1769806011\n|switch|p1a: Genesect|Genesect, L73|110/224\n|-ability|p1a: Genesect|Download|boost\n|-boost|p1a: Genesect|spa|1\n|move|p2a: Vivillon|Quiver Dance|p2a: Vivillon\n|-boost|p2a: Vivillon|spa|1\n|-boost|p2a: Vivillon|spd|1\n|-boost|p2a: Vivillon|spe|1\n|\n|upkeep\n|turn|5\n|\n|t:|1769806023\n|move|p1a: Genesect|Extreme Speed|p2a: Vivillon\n|-damage|p2a: Vivillon|171/275\n|move|p2a: Vivillon|Hurricane|p1a: Genesect\n|-damage|p1a: Genesect|0 fnt\n|faint|p1a: Genesect\n|\n|-heal|p2a: Vivillon|188/275|[from] item: Leftovers\n|upkeep\n|\n|t:|1769806034\n|switch|p1a: Articuno|Articuno, L85|291/291\n|-ability|p1a: Articuno|Pressure\n|turn|6\n|\n|t:|1769806039\n|move|p2a: Vivillon|Sleep Powder|p1a: Articuno\n|-status|p1a: Articuno|slp|[from] move: Sleep Powder\n|cant|p1a: Articuno|slp\n|\n|-heal|p2a: Vivillon|205/275|[from] item: Leftovers\n|upkeep\n|turn|7\n|inactive|rayquebae has 120 seconds left.\n|\n|t:|1769806076\n|switch|p1a: Zangoose|Zangoose, L86, F|266/266\n|move|p2a: Vivillon|Hurricane|p1a: Zangoose\n|-damage|p1a: Zangoose|59/266\n|\n|-heal|p2a: Vivillon|222/275|[from] item: Leftovers\n|-status|p1a: Zangoose|tox|[from] item: Toxic Orb\n|upkeep\n|turn|8\n|\n|t:|1769806086\n|move|p1a: Zangoose|Quick Attack|p2a: Vivillon\n|-damage|p2a: Vivillon|107/275\n|move|p2a: Vivillon|Energy Ball|p1a: Zangoose\n|-damage|p1a: Zangoose|0 fnt\n|faint|p1a: Zangoose\n|\n|-heal|p2a: Vivillon|124/275|[from] item: Leftovers\n|upkeep\n|\n|t:|1769806094\n|switch|p1a: Flygon|Flygon, L82, M|265/265\n|turn|9\n|\n|t:|1769806100\n|move|p2a: Vivillon|Sleep Powder|p1a: Flygon\n|-message|Sleep Clause Mod activated.\n|-hint|Sleep Clause Mod prevents players from putting more than one of their opponent's Pokémon to sleep at a time\n|move|p1a: Flygon|Outrage|p2a: Vivillon\n|-damage|p2a: Vivillon|0 fnt\n|faint|p2a: Vivillon\n|\n|upkeep\n|\n|t:|1769806111\n|switch|p2a: Registeel|Registeel, L83|268/268\n|turn|10\n|\n|t:|1769806113\n|move|p1a: Flygon|Outrage|p2a: Registeel|[from] lockedmove\n|-resisted|p2a: Registeel\n|-damage|p2a: Registeel|212/268\n|move|p2a: Registeel|Toxic|p1a: Flygon\n|-status|p1a: Flygon|tox\n|\n|-heal|p2a: Registeel|228/268|[from] item: Leftovers\n|-damage|p1a: Flygon|249/265 tox|[from] psn\n|upkeep\n|turn|11\n|\n|t:|1769806123\n|move|p1a: Flygon|Outrage|p2a: Registeel|[from] lockedmove\n|-resisted|p2a: Registeel\n|-damage|p2a: Registeel|168/268\n|-start|p1a: Flygon|confusion|[fatigue]\n|move|p2a: Registeel|Seismic Toss|p1a: Flygon\n|-damage|p1a: Flygon|166/265 tox\n|\n|-heal|p2a: Registeel|184/268|[from] item: Leftovers\n|-damage|p1a: Flygon|134/265 tox|[from] psn\n|upkeep\n|turn|12\n|\n|t:|1769806143\n|switch|p1a: Relicanth|Relicanth, L88, M|319/319\n|move|p2a: Registeel|Seismic Toss|p1a: Relicanth\n|-damage|p1a: Relicanth|236/319\n|\n|-heal|p2a: Registeel|200/268|[from] item: Leftovers\n|upkeep\n|turn|13\n|\n|t:|1769806150\n|move|p1a: Relicanth|Rock Polish|p1a: Relicanth\n|-boost|p1a: Relicanth|spe|2\n|move|p2a: Registeel|Toxic|p1a: Relicanth\n|-status|p1a: Relicanth|tox\n|\n|-heal|p2a: Registeel|216/268|[from] item: Leftovers\n|-damage|p1a: Relicanth|217/319 tox|[from] psn\n|upkeep\n|turn|14\n|\n|t:|1769806160\n|move|p2a: Registeel|Protect|p2a: Registeel\n|-singleturn|p2a: Registeel|Protect\n|move|p1a: Relicanth|Earthquake|p2a: Registeel\n|-activate|p2a: Registeel|move: Protect\n|\n|-heal|p2a: Registeel|232/268|[from] item: Leftovers\n|-damage|p1a: Relicanth|179/319 tox|[from] psn\n|upkeep\n|turn|15\n|\n|t:|1769806170\n|move|p1a: Relicanth|Earthquake|p2a: Registeel\n|-supereffective|p2a: Registeel\n|-damage|p2a: Registeel|128/268\n|move|p2a: Registeel|Seismic Toss|p1a: Relicanth\n|-damage|p1a: Relicanth|96/319 tox\n|\n|-heal|p2a: Registeel|144/268|[from] item: Leftovers\n|-damage|p1a: Relicanth|39/319 tox|[from] psn\n|upkeep\n|turn|16\n|\n|t:|1769806179\n|switch|p1a: Flygon|Flygon, L82, M|134/265 tox\n|move|p2a: Registeel|Protect||[still]\n|-fail|p2a: Registeel\n|\n|-heal|p2a: Registeel|160/268|[from] item: Leftovers\n|-damage|p1a: Flygon|118/265 tox|[from] psn\n|upkeep\n|turn|17\n|\n|t:|1769806187\n|move|p2a: Registeel|Protect|p2a: Registeel\n|-singleturn|p2a: Registeel|Protect\n|move|p1a: Flygon|Earthquake|p2a: Registeel\n|-activate|p2a: Registeel|move: Protect\n|\n|-heal|p2a: Registeel|176/268|[from] item: Leftovers\n|-damage|p1a: Flygon|86/265 tox|[from] psn\n|upkeep\n|turn|18\n|\n|t:|1769806202\n|move|p2a: Registeel|Protect||[still]\n|-fail|p2a: Registeel\n|move|p1a: Flygon|Earthquake|p2a: Registeel\n|-supereffective|p2a: Registeel\n|-damage|p2a: Registeel|0 fnt\n|faint|p2a: Registeel\n|\n|-damage|p1a: Flygon|38/265 tox|[from] psn\n|upkeep\n|\n|t:|1769806210\n|switch|p2a: Mew|Mew, L80|291/291\n|turn|19\n|\n|t:|1769806213\n|move|p1a: Flygon|Earthquake|p2a: Mew\n|-damage|p2a: Mew|147/291\n|move|p2a: Mew|Stealth Rock|p1a: Flygon\n|-sidestart|p1: rayquebae|move: Stealth Rock\n|\n|-heal|p2a: Mew|165/291|[from] item: Leftovers\n|-damage|p1a: Flygon|0 fnt|[from] psn\n|faint|p1a: Flygon\n|upkeep\n|\n|t:|1769806219\n|switch|p1a: Xerneas|Xerneas, L65|272/272\n|-damage|p1a: Xerneas|238/272|[from] Stealth Rock\n|-ability|p1a: Xerneas|Fairy Aura\n|turn|20\n|\n|t:|1769806226\n|move|p2a: Mew|Taunt|p1a: Xerneas\n|-start|p1a: Xerneas|move: Taunt\n|cant|p1a: Xerneas|move: Taunt|Geomancy\n|\n|-heal|p2a: Mew|183/291|[from] item: Leftovers\n|upkeep\n|turn|21\n|\n|t:|1769806234\n|move|p2a: Mew|Psychic|p1a: Xerneas\n|-damage|p1a: Xerneas|133/272\n|move|p1a: Xerneas|Moonblast|p2a: Mew\n|-damage|p2a: Mew|78/291\n|\n|-heal|p2a: Mew|96/291|[from] item: Leftovers\n|upkeep\n|turn|22\n|\n|t:|1769806242\n|switch|p1a: Relicanth|Relicanth, L88, M|39/319 tox\n|-damage|p1a: Relicanth|0 fnt|[from] Stealth Rock\n|faint|p1a: Relicanth\n|move|p2a: Mew|Roost|p2a: Mew\n|-heal|p2a: Mew|242/291\n|-singleturn|p2a: Mew|move: Roost\n|\n|-heal|p2a: Mew|260/291|[from] item: Leftovers\n|upkeep\n|\n|t:|1769806244\n|switch|p1a: Xerneas|Xerneas, L65|133/272\n|-damage|p1a: Xerneas|99/272|[from] Stealth Rock\n|-ability|p1a: Xerneas|Fairy Aura\n|turn|23\n|\n|t:|1769806254\n|move|p2a: Mew|Taunt|p1a: Xerneas\n|-start|p1a: Xerneas|move: Taunt\n|cant|p1a: Xerneas|move: Taunt|Geomancy\n|\n|-heal|p2a: Mew|278/291|[from] item: Leftovers\n|upkeep\n|turn|24\n|\n|t:|1769806259\n|switch|p1a: Articuno|Articuno, L85|291/291 slp\n|-damage|p1a: Articuno|146/291 slp|[from] Stealth Rock\n|-ability|p1a: Articuno|Pressure\n|move|p2a: Mew|Psychic|p1a: Articuno\n|-damage|p1a: Articuno|79/291 slp\n|\n|-heal|p2a: Mew|291/291|[from] item: Leftovers\n|-heal|p1a: Articuno|97/291 slp|[from] item: Leftovers\n|upkeep\n|turn|25\n|\n|t:|1769806268\n|move|p2a: Mew|Psychic|p1a: Articuno\n|-damage|p1a: Articuno|27/291 slp\n|-curestatus|p1a: Articuno|slp|[msg]\n|move|p1a: Articuno|Roost|p1a: Articuno\n|-heal|p1a: Articuno|173/291\n|-singleturn|p1a: Articuno|move: Roost\n|\n|-heal|p1a: Articuno|191/291|[from] item: Leftovers\n|upkeep\n|turn|26\n|\n|t:|1769806287\n|move|p2a: Mew|Taunt|p1a: Articuno\n|-start|p1a: Articuno|move: Taunt\n|move|p1a: Articuno|Hurricane|p2a: Mew\n|-damage|p2a: Mew|177/291\n|\n|-heal|p2a: Mew|195/291|[from] item: Leftovers\n|-heal|p1a: Articuno|209/291|[from] item: Leftovers\n|upkeep\n|turn|27\n|\n|t:|1769806295\n|move|p2a: Mew|Psychic|p1a: Articuno\n|-damage|p1a: Articuno|136/291\n|-unboost|p1a: Articuno|spd|1\n|move|p1a: Articuno|Freeze-Dry|p2a: Mew\n|-damage|p2a: Mew|126/291\n|\n|-heal|p2a: Mew|144/291|[from] item: Leftovers\n|-heal|p1a: Articuno|154/291|[from] item: Leftovers\n|upkeep\n|turn|28\n|\n|t:|1769806313\n|move|p2a: Mew|Roost|p2a: Mew\n|-heal|p2a: Mew|290/291\n|-singleturn|p2a: Mew|move: Roost\n|move|p1a: Articuno|Hurricane|p2a: Mew|[miss]\n|-miss|p1a: Articuno|p2a: Mew\n|\n|-heal|p2a: Mew|291/291|[from] item: Leftovers\n|-heal|p1a: Articuno|172/291|[from] item: Leftovers\n|-end|p1a: Articuno|move: Taunt\n|upkeep\n|turn|29\n|\n|t:|1769806322\n|move|p2a: Mew|Taunt|p1a: Articuno\n|-start|p1a: Articuno|move: Taunt\n|cant|p1a: Articuno|move: Taunt|Substitute\n|\n|-heal|p1a: Articuno|190/291|[from] item: Leftovers\n|upkeep\n|turn|30\n|\n|t:|1769806328\n|move|p2a: Mew|Psychic|p1a: Articuno\n|-damage|p1a: Articuno|82/291\n|-unboost|p1a: Articuno|spd|1\n|move|p1a: Articuno|Hurricane|p2a: Mew\n|-damage|p2a: Mew|170/291\n|\n|-heal|p2a: Mew|188/291|[from] item: Leftovers\n|-heal|p1a: Articuno|100/291|[from] item: Leftovers\n|upkeep\n|turn|31\n|-message|rayquebae forfeited.\n|\n|win|La.Hellhound\n|raw|rayquebae's rating: 1537 &rarr; <strong>1526</strong><br />(-11 for losing)\n|raw|La.Hellhound's rating: 1710 &rarr; <strong>1721</strong><br />(+11 for winning)\n|l|☆rayquebae\n|player|p1|\n", "inputlog": ">version b99ff0165a6231f17e8b78c2a78d1998375de664\n>start {\"formatid\":\"gen7randombattle\",\"seed\":\"sodium,37459434d7a4af5d513c1629557ca9d4\",\"rated\":\"Rated battle\"}\n>player p1 {\"name\":\"rayquebae\",\"avatar\":\"gambler\",\"rating\":1537,\"seed\":\"sodium,594cb500810d7586cd686492f0813c2f\"}\n>player p2 {\"name\":\"La.Hellhound\",\"avatar\":\"bruno\",\"rating\":1710,\"seed\":\"sodium,08fef98a2d9001c55429bb2771788aa6\"}\n>p1 switch 5\n>p2 move psychoboost zmove\n>p1 move uturn\n>p2 switch 3\n>p1 switch 4\n>p1 move earthquake\n>p2 move dracometeor\n>p2 switch 5\n>p1 switch 4\n>p2 move quiverdance\n>p1 move extremespeed\n>p2 move hurricane\n>p1 switch 6\n>p1 move freezedry\n>p2 move sleeppowder\n>p1 switch 5\n>p2 move hurricane\n>p1 move quickattack\n>p2 move energyball\n>p1 switch 4\n>p1 move outrage\n>p2 move sleeppowder\n>p2 switch 2\n>p1 move outrage\n>p2 move toxic\n>p1 move outrage\n>p2 move seismictoss\n>p1 switch 3\n>p2 move seismictoss\n>p1 move rockpolish\n>p2 move toxic\n>p1 move earthquake\n>p2 move protect\n>p1 move earthquake\n>p2 move seismictoss\n>p1 switch 3\n>p2 move protect\n>p1 move earthquake\n>p2 move protect\n>p1 move earthquake\n>p2 move protect\n>p2 switch 4\n>p1 move earthquake\n>p2 move stealthrock\n>p1 switch 2\n>p1 move geomancy\n>p2 move taunt\n>p1 move moonblast\n>p2 move psychic\n>p1 switch 3\n>p2 move roost\n>p1 switch 3\n>p1 move geomancy\n>p2 move taunt\n>p1 switch 5\n>p2 move psychic\n>p1 move roost\n>p2 move psychic\n>p1 move hurricane\n>p2 move taunt\n>p1 move freezedry\n>p2 move psychic\n>p1 move hurricane\n>p2 move roost\n>p1 move substitute\n>p2 move taunt\n>p1 move hurricane\n>p2 move psychic\n>forcelose p1", "uploadtime": 1769806338, "views": 190, "formatid": "gen7randombattle", "rating": 1526, "private": 0, "password": null}