{"id": "gen7randombattle-2531722735", "format": "[Gen 7] Random Battle", "players": ["RedPikachu81", "areszerker"], "log": "|j|☆RedPikachu81\n|j|☆areszerker\n|t:|1770088633\n|gametype|singles\n|player|p1|RedPikachu81|170|1643\n|player|p2|areszerker|lance|1735\n|gen|7\n|tier|[Gen 7] Random Battle\n|rated|\n|rule|Sleep Clause Mod: Limit one foe put to sleep\n|rule|HP Percentage Mod: HP is shown in percentages\n|rule|Illusion Level Mod: Illusion disguises the Pokémon's true level\n|\n|t:|1770088633\n|teamsize|p1|6\n|teamsize|p2|6\n|start\n|switch|p1a: Eelektross|Eelektross, L88, M|293/293\n|switch|p2a: Xerneas|Xerneas, L65|272/272\n|-ability|p2a: Xerneas|Fairy Aura\n|turn|1\n|inactive|Battle timer is ON: inactive players will automatically lose when time's up. (requested by RedPikachu81)\n|\n|t:|1770088650\n|switch|p2a: Drapion|Drapion, L83, M|252/252\n|move|p1a: Eelektross|Discharge|p2a: Drapion\n|-damage|p2a: Drapion|143/252\n|\n|-heal|p2a: Drapion|158/252|[from] item: Black Sludge\n|upkeep\n|turn|2\n|\n|t:|1770088672\n|move|p2a: Drapion|Knock Off|p1a: Eelektross\n|-damage|p1a: Eelektross|194/293\n|-enditem|p1a: Eelektross|Assault Vest|[from] move: Knock Off|[of] p2a: Drapion\n|move|p1a: Eelektross|Discharge|p2a: Drapion\n|-damage|p2a: Drapion|50/252\n|-status|p2a: Drapion|par\n|\n|-heal|p2a: Drapion|65/252 par|[from] item: Black Sludge\n|upkeep\n|turn|3\n|\n|t:|1770088682\n|move|p1a: Eelektross|Discharge|p2a: Drapion\n|-damage|p2a: Drapion|0 fnt\n|faint|p2a: Drapion\n|\n|upkeep\n|\n|t:|1770088689\n|switch|p2a: Weezing|Weezing, L87, F|255/255\n|turn|4\n|\n|t:|1770088698\n|move|p2a: Weezing|Sludge Bomb|p1a: Eelektross\n|-damage|p1a: Eelektross|98/293\n|move|p1a: Eelektross|Discharge|p2a: Weezing\n|-damage|p2a: Weezing|147/255\n|\n|-heal|p2a: Weezing|162/255|[from] item: Black Sludge\n|upkeep\n|turn|5\n|\n|t:|1770088706\n|move|p2a: Weezing|Toxic Spikes|p1a: Eelektross\n|-sidestart|p1: RedPikachu81|move: Toxic Spikes\n|move|p1a: Eelektross|Discharge|p2a: Weezing\n|-damage|p2a: Weezing|54/255\n|\n|-heal|p2a: Weezing|69/255|[from] item: Black Sludge\n|upkeep\n|turn|6\n|\n|t:|1770088713\n|move|p2a: Weezing|Sludge Bomb|p1a: Eelektross\n|-damage|p1a: Eelektross|2/293\n|move|p1a: Eelektross|Discharge|p2a: Weezing\n|-damage|p2a: Weezing|0 fnt\n|faint|p2a: Weezing\n|\n|upkeep\n|\n|t:|1770088717\n|switch|p2a: Ho-Oh|Ho-Oh, L72|272/272\n|turn|7\n|\n|t:|1770088722\n|move|p2a: Ho-Oh|Brave Bird|p1a: Eelektross\n|-resisted|p1a: Eelektross\n|-damage|p1a: Eelektross|0 fnt\n|faint|p1a: Eelektross\n|-damage|p2a: Ho-Oh|271/272|[from] Recoil\n|\n|-heal|p2a: Ho-Oh|272/272|[from] item: Leftovers\n|upkeep\n|\n|t:|1770088730\n|switch|p1a: Dragalge|Dragalge, L87, M|255/255\n|-sideend|p1: RedPikachu81|move: Toxic Spikes|[of] p1a: Dragalge\n|turn|8\n|\n|t:|1770088738\n|switch|p1a: Solrock|Solrock, L90|308/308\n|move|p2a: Ho-Oh|Substitute|p2a: Ho-Oh\n|-start|p2a: Ho-Oh|Substitute\n|-damage|p2a: Ho-Oh|204/272\n|\n|-heal|p2a: Ho-Oh|221/272|[from] item: Leftovers\n|upkeep\n|turn|9\n|\n|t:|1770088748\n|move|p1a: Solrock|Stone Edge|p2a: Ho-Oh\n|-supereffective|p2a: Ho-Oh\n|-end|p2a: Ho-Oh|Substitute\n|move|p2a: Ho-Oh|Sacred Fire|p1a: Solrock\n|-resisted|p1a: Solrock\n|-damage|p1a: Solrock|259/308\n|\n|-heal|p1a: Solrock|278/308|[from] item: Leftovers\n|-heal|p2a: Ho-Oh|238/272|[from] item: Leftovers\n|upkeep\n|turn|10\n|\n|t:|1770088757\n|switch|p2a: Ditto|Ditto, L83|215/215\n|-transform|p2a: Ditto|p1a: Solrock|[from] ability: Imposter\n|move|p1a: Solrock|Stealth Rock|p2a: Ditto\n|-sidestart|p2: areszerker|move: Stealth Rock\n|\n|-heal|p1a: Solrock|297/308|[from] item: Leftovers\n|upkeep\n|turn|11\n|\n|t:|1770088774\n|switch|p1a: Aromatisse|Aromatisse, L91, M|332/332\n|move|p2a: Ditto|Stealth Rock|p1a: Aromatisse\n|-sidestart|p1: RedPikachu81|move: Stealth Rock\n|\n|upkeep\n|turn|12\n|\n|t:|1770088785\n|switch|p2a: Ho-Oh|Ho-Oh, L72|272/272\n|-damage|p2a: Ho-Oh|136/272|[from] Stealth Rock\n|switch|p1a: Greninja|Greninja, L79, M|243/243\n|-damage|p1a: Greninja|213/243|[from] Stealth Rock\n|\n|-heal|p2a: Ho-Oh|153/272|[from] item: Leftovers\n|upkeep\n|turn|13\n|\n|t:|1770088798\n|move|p1a: Greninja|Hydro Pump|p2a: Ho-Oh\n|-supereffective|p2a: Ho-Oh\n|-damage|p2a: Ho-Oh|0 fnt\n|faint|p2a: Ho-Oh\n|-activate|p1a: Greninja|ability: Battle Bond\n|detailschange|p1a: Greninja|Greninja-Ash, L79, M\n|\n|upkeep\n|\n|t:|1770088807\n|switch|p2a: Ditto|Ditto, L83|215/215\n|-damage|p2a: Ditto|189/215|[from] Stealth Rock\n|-transform|p2a: Ditto|p1a: Greninja|[from] ability: Imposter\n|turn|14\n|\n|t:|1770088813\n|move|p2a: Ditto|U-turn|p1a: Greninja\n|-supereffective|p1a: Greninja\n|-damage|p1a: Greninja|59/243\n|\n|t:|1770088816\n|switch|p2a: Regice|Regice, L87|281/281|[from] U-turn\n|-damage|p2a: Regice|211/281|[from] Stealth Rock\n|move|p1a: Greninja|Hydro Pump|p2a: Regice|[miss]\n|-miss|p1a: Greninja|p2a: Regice\n|\n|upkeep\n|turn|15\n|\n|t:|1770088827\n|switch|p1a: Solrock|Solrock, L90|297/308\n|-damage|p1a: Solrock|259/308|[from] Stealth Rock\n|move|p2a: Regice|Rock Polish|p2a: Regice\n|-boost|p2a: Regice|spe|2\n|\n|-heal|p1a: Solrock|278/308|[from] item: Leftovers\n|upkeep\n|turn|16\n|\n|t:|1770088838\n|move|p2a: Regice|Focus Blast|p1a: Solrock\n|-damage|p1a: Solrock|167/308\n|move|p1a: Solrock|Stone Edge|p2a: Regice|[miss]\n|-miss|p1a: Solrock|p2a: Regice\n|\n|-heal|p1a: Solrock|186/308|[from] item: Leftovers\n|upkeep\n|turn|17\n|\n|t:|1770088846\n|move|p2a: Regice|Ice Beam|p1a: Solrock\n|-damage|p1a: Solrock|71/308\n|move|p1a: Solrock|Morning Sun|p1a: Solrock\n|-heal|p1a: Solrock|225/308\n|\n|-heal|p1a: Solrock|244/308|[from] item: Leftovers\n|upkeep\n|turn|18\n|\n|t:|1770088854\n|move|p2a: Regice|Ice Beam|p1a: Solrock\n|-damage|p1a: Solrock|124/308\n|-status|p1a: Solrock|frz\n|cant|p1a: Solrock|frz\n|\n|-heal|p1a: Solrock|143/308 frz|[from] item: Leftovers\n|upkeep\n|turn|19\n|\n|t:|1770088866\n|move|p2a: Regice|Ice Beam|p1a: Solrock\n|-damage|p1a: Solrock|22/308 frz\n|cant|p1a: Solrock|frz\n|\n|-heal|p1a: Solrock|41/308 frz|[from] item: Leftovers\n|upkeep\n|turn|20\n|\n|t:|1770088873\n|move|p2a: Regice|Ice Beam|p1a: Solrock\n|-damage|p1a: Solrock|0 fnt\n|faint|p1a: Solrock\n|\n|upkeep\n|\n|t:|1770088881\n|switch|p1a: Aromatisse|Aromatisse, L91, M|332/332\n|-damage|p1a: Aromatisse|291/332|[from] Stealth Rock\n|turn|21\n|\n|t:|1770088886\n|move|p2a: Regice|Ice Beam|p1a: Aromatisse\n|-damage|p1a: Aromatisse|204/332\n|move|p1a: Aromatisse|Calm Mind|p1a: Aromatisse\n|-boost|p1a: Aromatisse|spa|1\n|-boost|p1a: Aromatisse|spd|1\n|\n|-heal|p1a: Aromatisse|224/332|[from] item: Leftovers\n|upkeep\n|turn|22\n|\n|t:|1770088894\n|move|p2a: Regice|Ice Beam|p1a: Aromatisse\n|-damage|p1a: Aromatisse|163/332\n|move|p1a: Aromatisse|Wish|p1a: Aromatisse\n|\n|-heal|p1a: Aromatisse|183/332|[from] item: Leftovers\n|upkeep\n|turn|23\n|\n|t:|1770088907\n|move|p2a: Regice|Ice Beam|p1a: Aromatisse\n|-damage|p1a: Aromatisse|114/332\n|move|p1a: Aromatisse|Calm Mind|p1a: Aromatisse\n|-boost|p1a: Aromatisse|spa|1\n|-boost|p1a: Aromatisse|spd|1\n|\n|-heal|p1a: Aromatisse|280/332|[from] move: Wish|[wisher] Aromatisse\n|-heal|p1a: Aromatisse|300/332|[from] item: Leftovers\n|upkeep\n|turn|24\n|\n|t:|1770088916\n|move|p2a: Regice|Ice Beam|p1a: Aromatisse\n|-damage|p1a: Aromatisse|251/332\n|move|p1a: Aromatisse|Calm Mind|p1a: Aromatisse\n|-boost|p1a: Aromatisse|spa|1\n|-boost|p1a: Aromatisse|spd|1\n|\n|-heal|p1a: Aromatisse|271/332|[from] item: Leftovers\n|upkeep\n|turn|25\n|\n|t:|1770088924\n|move|p2a: Regice|Ice Beam|p1a: Aromatisse\n|-damage|p1a: Aromatisse|229/332\n|move|p1a: Aromatisse|Wish|p1a: Aromatisse\n|\n|-heal|p1a: Aromatisse|249/332|[from] item: Leftovers\n|upkeep\n|turn|26\n|\n|t:|1770088930\n|move|p2a: Regice|Ice Beam|p1a: Aromatisse\n|-damage|p1a: Aromatisse|207/332\n|move|p1a: Aromatisse|Calm Mind|p1a: Aromatisse\n|-boost|p1a: Aromatisse|spa|1\n|-boost|p1a: Aromatisse|spd|1\n|\n|-heal|p1a: Aromatisse|332/332|[from] move: Wish|[wisher] Aromatisse\n|upkeep\n|turn|27\n|\n|t:|1770088939\n|move|p2a: Regice|Ice Beam|p1a: Aromatisse\n|-damage|p1a: Aromatisse|299/332\n|move|p1a: Aromatisse|Calm Mind|p1a: Aromatisse\n|-boost|p1a: Aromatisse|spa|1\n|-boost|p1a: Aromatisse|spd|1\n|\n|-heal|p1a: Aromatisse|319/332|[from] item: Leftovers\n|upkeep\n|turn|28\n|\n|t:|1770088947\n|move|p2a: Regice|Ice Beam|p1a: Aromatisse\n|-damage|p1a: Aromatisse|289/332\n|move|p1a: Aromatisse|Calm Mind|p1a: Aromatisse\n|-boost|p1a: Aromatisse|spa|1\n|-boost|p1a: Aromatisse|spd|1\n|\n|-heal|p1a: Aromatisse|309/332|[from] item: Leftovers\n|upkeep\n|turn|29\n|\n|t:|1770088954\n|move|p2a: Regice|Ice Beam|p1a: Aromatisse\n|-damage|p1a: Aromatisse|284/332\n|-status|p1a: Aromatisse|frz\n|cant|p1a: Aromatisse|frz\n|\n|-heal|p1a: Aromatisse|304/332 frz|[from] item: Leftovers\n|upkeep\n|turn|30\n|\n|t:|1770088962\n|switch|p2a: Ditto|Ditto, L83|189/215\n|-damage|p2a: Ditto|163/215|[from] Stealth Rock\n|-transform|p2a: Ditto|p1a: Aromatisse|[from] ability: Imposter\n|cant|p1a: Aromatisse|frz\n|\n|-heal|p1a: Aromatisse|324/332 frz|[from] item: Leftovers\n|upkeep\n|turn|31\n|\n|t:|1770088972\n|move|p2a: Ditto|Moonblast|p1a: Aromatisse\n|-damage|p1a: Aromatisse|215/332 frz\n|cant|p1a: Aromatisse|frz\n|\n|-heal|p1a: Aromatisse|235/332 frz|[from] item: Leftovers\n|upkeep\n|turn|32\n|\n|t:|1770088980\n|move|p2a: Ditto|Moonblast|p1a: Aromatisse\n|-damage|p1a: Aromatisse|129/332 frz\n|cant|p1a: Aromatisse|frz\n|\n|-heal|p1a: Aromatisse|149/332 frz|[from] item: Leftovers\n|upkeep\n|turn|33\n|\n|t:|1770088987\n|move|p2a: Ditto|Moonblast|p1a: Aromatisse\n|-damage|p1a: Aromatisse|46/332 frz\n|-unboost|p1a: Aromatisse|spa|1\n|cant|p1a: Aromatisse|frz\n|\n|-heal|p1a: Aromatisse|66/332 frz|[from] item: Leftovers\n|upkeep\n|turn|34\n|\n|t:|1770088997\n|cant|p1a: Aromatisse|frz\n|move|p2a: Ditto|Moonblast|p1a: Aromatisse\n|-damage|p1a: Aromatisse|0 fnt\n|faint|p1a: Aromatisse\n|\n|upkeep\n|\n|t:|1770089016\n|switch|p1a: Scizor|Scizor, L75, F|229/229\n|-damage|p1a: Scizor|201/229|[from] Stealth Rock\n|turn|35\n|\n|t:|1770089026\n|detailschange|p1a: Scizor|Scizor-Mega, L75, F\n|-mega|p1a: Scizor|Scizor|Scizorite\n|move|p2a: Ditto|Moonblast|p1a: Scizor\n|-resisted|p1a: Scizor\n|-crit|p1a: Scizor\n|-damage|p1a: Scizor|0 fnt\n|faint|p1a: Scizor\n|detailschange|p1: Scizor|Scizor, L75, F|[silent]\n|\n|upkeep\n|-message|RedPikachu81 forfeited.\n|\n|win|areszerker\n|raw|RedPikachu81's rating: 1643 &rarr; <strong>1628</strong><br />(-15 for losing)\n|raw|areszerker's rating: 1735 &rarr; <strong>1750</strong><br />(+15 for winning)\n|l|☆RedPikachu81\n|player|p1|\n", "inputlog": ">version ccdc32dd7cde25fd9e4bed64820e885f66e78a4e\n>start {\"formatid\":\"gen7randombattle\",\"seed\":\"sodium,adb20dd76ba1210a351584d384d9e2a4\",\"rated\":\"Rated battle\"}\n>player p1 {\"name\":\"RedPikachu81\",\"avatar\":\"170\",\"rating\":1643,\"seed\":\"sodium,41a5017a3c9ffc7240cf0aa63f2f8b60\"}\n>player p2 {\"name\":\"areszerker\",\"avatar\":\"lance\",\"rating\":1735,\"seed\":\"sodium,f498867c6d51a98fcc027b5ded21aaef\"}\n>p1 move discharge\n>p2 switch 3\n>p1 move discharge\n>p2 move knockoff\n>p1 move discharge\n>p2 move poisonjab\n>p2 switch 4\n>p1 move discharge\n>p2 move sludgebomb\n>p1 move discharge\n>p2 move toxicspikes\n>p1 move discharge\n>p2 move sludgebomb\n>p2 switch 5\n>p1 move discharge\n>p2 move bravebird\n>p1 switch 6\n>p1 switch 3\n>p2 move substitute\n>p1 move stoneedge\n>p2 move sacredfire\n>p1 move stealthrock\n>p2 switch 2\n>p1 switch 4\n>p2 move stealthrock\n>p1 switch 2\n>p2 switch 2\n>p1 move hydropump\n>p2 move roost\n>p2 switch 2\n>p1 move hydropump\n>p2 move uturn\n>p2 switch 6\n>p1 switch 4\n>p2 move rockpolish\n>p1 move stoneedge\n>p2 move focusblast\n>p1 move morningsun\n>p2 move icebeam\n>p1 move stoneedge\n>p2 move icebeam\n>p1 move stoneedge\n>p2 move icebeam\n>p1 move stoneedge\n>p2 move icebeam\n>p1 switch 2\n>p1 move calmmind\n>p2 move icebeam\n>p1 move wish\n>p2 move icebeam\n>p1 move calmmind\n>p2 move icebeam\n>p1 move calmmind\n>p2 move icebeam\n>p1 move wish\n>p2 move icebeam\n>p1 move calmmind\n>p2 move icebeam\n>p1 move calmmind\n>p2 move icebeam\n>p1 move calmmind\n>p2 move icebeam\n>p1 move moonblast\n>p2 move icebeam\n>p1 move moonblast\n>p2 switch 6\n>p1 move wish\n>p2 move moonblast\n>p1 move wish\n>p2 move moonblast\n>p1 move wish\n>p2 move moonblast\n>p1 move protect\n>p2 move moonblast\n>p1 switch 5\n>p1 move roost mega\n>p2 move moonblast\n>forcelose p1", "uploadtime": 1770089035, "views": 161, "formatid": "gen7randombattle", "rating": 1628, "private": 0, "password": null}