{"id": "gen7randombattle-2539861288", "format": "[Gen 7] Random Battle", "players": ["Santino696969", "TKSNUTZ"], "log": "|j|☆Santino696969\n|j|☆TKSNUTZ\n|t:|1771118902\n|gametype|singles\n|player|p1|Santino696969|ash-kalos|1628\n|player|p2|TKSNUTZ|roxie|1605\n|gen|7\n|tier|[Gen 7] Random Battle\n|rated|\n|rule|Sleep Clause Mod: Limit one foe put to sleep\n|rule|HP Percentage Mod: HP is shown in percentages\n|rule|Illusion Level Mod: Illusion disguises the Pokémon's true level\n|\n|t:|1771118902\n|teamsize|p1|6\n|teamsize|p2|6\n|start\n|switch|p1a: Charizard|Charizard, L83, M|265/265\n|switch|p2a: Florges|Florges-Yellow, L85, F|271/271\n|turn|1\n|inactive|Battle timer is ON: inactive players will automatically lose when time's up. (requested by TKSNUTZ)\n|inactive|Santino696969 also wants the timer to be on.\n|\n|t:|1771118917\n|switch|p1a: Ferrothorn|Ferrothorn, L72, F|226/226\n|move|p2a: Florges|Moonblast|p1a: Ferrothorn\n|-resisted|p1a: Ferrothorn\n|-damage|p1a: Ferrothorn|172/226\n|\n|-heal|p1a: Ferrothorn|186/226|[from] item: Leftovers\n|upkeep\n|turn|2\n|\n|t:|1771118945\n|switch|p2a: Wormadam|Wormadam, F|282/282\n|move|p1a: Ferrothorn|Thunder Wave|p2a: Wormadam\n|-status|p2a: Wormadam|par\n|\n|-heal|p1a: Ferrothorn|200/226|[from] item: Leftovers\n|upkeep\n|turn|3\n|\n|t:|1771118950\n|move|p1a: Ferrothorn|Knock Off|p2a: Wormadam\n|-crit|p2a: Wormadam\n|-damage|p2a: Wormadam|219/282 par\n|-enditem|p2a: Wormadam|Choice Specs|[from] move: Knock Off|[of] p1a: Ferrothorn\n|cant|p2a: Wormadam|par\n|\n|-heal|p1a: Ferrothorn|214/226|[from] item: Leftovers\n|upkeep\n|turn|4\n|\n|t:|1771118956\n|move|p1a: Ferrothorn|Spikes|p2a: Wormadam\n|-sidestart|p2: TKSNUTZ|Spikes\n|cant|p2a: Wormadam|par\n|\n|-heal|p1a: Ferrothorn|226/226|[from] item: Leftovers\n|upkeep\n|turn|5\n|\n|t:|1771118960\n|move|p1a: Ferrothorn|Spikes|p2a: Wormadam\n|-sidestart|p2: TKSNUTZ|Spikes\n|move|p2a: Wormadam|Bug Buzz|p1a: Ferrothorn\n|-damage|p1a: Ferrothorn|114/226\n|\n|-heal|p1a: Ferrothorn|128/226|[from] item: Leftovers\n|upkeep\n|turn|6\n|\n|t:|1771118966\n|move|p1a: Ferrothorn|Spikes|p2a: Wormadam\n|-sidestart|p2: TKSNUTZ|Spikes\n|cant|p2a: Wormadam|par\n|\n|-heal|p1a: Ferrothorn|142/226|[from] item: Leftovers\n|upkeep\n|turn|7\n|\n|t:|1771118994\n|switch|p1a: Charizard|Charizard, L83, M|265/265\n|move|p2a: Wormadam|Bug Buzz|p1a: Charizard\n|-resisted|p1a: Charizard\n|-damage|p1a: Charizard|235/265\n|\n|-heal|p1a: Charizard|251/265|[from] item: Leftovers\n|upkeep\n|turn|8\n|\n|t:|1771119008\n|move|p1a: Charizard|Fire Blast|p2a: Wormadam\n|-supereffective|p2a: Wormadam\n|-damage|p2a: Wormadam|0 fnt\n|faint|p2a: Wormadam\n|\n|-heal|p1a: Charizard|265/265|[from] item: Leftovers\n|upkeep\n|\n|t:|1771119013\n|switch|p2a: Bastiodon|Bastiodon, L94, F|265/265\n|-damage|p2a: Bastiodon|199/265|[from] Spikes\n|turn|9\n|\n|t:|1771119019\n|move|p1a: Charizard|Earthquake|p2a: Bastiodon\n|-supereffective|p2a: Bastiodon\n|-damage|p2a: Bastiodon|63/265\n|move|p2a: Bastiodon|Rock Slide|p1a: Charizard\n|-supereffective|p1a: Charizard\n|-damage|p1a: Charizard|9/265\n|\n|-heal|p1a: Charizard|25/265|[from] item: Leftovers\n|-heal|p2a: Bastiodon|79/265|[from] item: Leftovers\n|upkeep\n|turn|10\n|\n|t:|1771119022\n|move|p2a: Bastiodon|Protect|p2a: Bastiodon\n|-singleturn|p2a: Bastiodon|Protect\n|move|p1a: Charizard|Fire Blast|p2a: Bastiodon\n|-activate|p2a: Bastiodon|move: Protect\n|\n|-heal|p1a: Charizard|41/265|[from] item: Leftovers\n|-heal|p2a: Bastiodon|95/265|[from] item: Leftovers\n|upkeep\n|turn|11\n|\n|t:|1771119027\n|switch|p2a: Kingler|Kingler, L87, F|237/237\n|-damage|p2a: Kingler|178/237|[from] Spikes\n|move|p1a: Charizard|Earthquake|p2a: Kingler\n|-damage|p2a: Kingler|125/237\n|\n|-heal|p1a: Charizard|57/265|[from] item: Leftovers\n|upkeep\n|turn|12\n|\n|t:|1771119031\n|move|p1a: Charizard|Air Slash|p2a: Kingler\n|-damage|p2a: Kingler|0 fnt\n|faint|p2a: Kingler\n|\n|-heal|p1a: Charizard|73/265|[from] item: Leftovers\n|upkeep\n|\n|t:|1771119033\n|switch|p2a: Floatzel|Floatzel, L86, F|286/286\n|-damage|p2a: Floatzel|215/286|[from] Spikes\n|turn|13\n|\n|t:|1771119041\n|switch|p1a: Audino|Audino, L92, F|339/339\n|move|p2a: Floatzel|Liquidation|p1a: Audino\n|-damage|p1a: Audino|206/339\n|\n|upkeep\n|turn|14\n|\n|t:|1771119046\n|detailschange|p1a: Audino|Audino-Mega, L92, F\n|-mega|p1a: Audino|Audino|Audinite\n|move|p2a: Floatzel|Liquidation|p1a: Audino\n|-damage|p1a: Audino|95/339\n|move|p1a: Audino|Dazzling Gleam|p2a: Floatzel\n|-damage|p2a: Floatzel|77/286\n|\n|upkeep\n|turn|15\n|\n|t:|1771119050\n|move|p2a: Floatzel|Liquidation|p1a: Audino\n|-damage|p1a: Audino|0 fnt\n|faint|p1a: Audino\n|detailschange|p1: Audino|Audino, L92, F|[silent]\n|\n|upkeep\n|\n|t:|1771119053\n|switch|p1a: Grumpig|Grumpig, L93, F|300/300\n|turn|16\n|\n|t:|1771119058\n|move|p2a: Floatzel|Liquidation|p1a: Grumpig\n|-damage|p1a: Grumpig|134/300\n|-unboost|p1a: Grumpig|def|1\n|move|p1a: Grumpig|Psychic|p2a: Floatzel\n|-damage|p2a: Floatzel|0 fnt\n|faint|p2a: Floatzel\n|\n|-heal|p1a: Grumpig|152/300|[from] item: Leftovers\n|upkeep\n|\n|t:|1771119069\n|switch|p2a: Florges|Florges-Yellow, L85, F|271/271\n|-damage|p2a: Florges|204/271|[from] Spikes\n|turn|17\n|\n|t:|1771119071\n|move|p1a: Grumpig|Thunder Wave|p2a: Florges\n|-status|p2a: Florges|par\n|move|p2a: Florges|Calm Mind|p2a: Florges\n|-boost|p2a: Florges|spa|1\n|-boost|p2a: Florges|spd|1\n|\n|-heal|p1a: Grumpig|170/300|[from] item: Leftovers\n|-heal|p2a: Florges|220/271 par|[from] item: Leftovers\n|upkeep\n|turn|18\n|\n|t:|1771119077\n|switch|p1a: Ferrothorn|Ferrothorn, L72, F|142/226\n|move|p2a: Florges|Moonblast|p1a: Ferrothorn\n|-resisted|p1a: Ferrothorn\n|-damage|p1a: Ferrothorn|65/226\n|\n|-heal|p2a: Florges|236/271 par|[from] item: Leftovers\n|-heal|p1a: Ferrothorn|79/226|[from] item: Leftovers\n|upkeep\n|turn|19\n|\n|t:|1771119083\n|cant|p2a: Florges|par\n|move|p1a: Ferrothorn|Power Whip|p2a: Florges\n|-damage|p2a: Florges|136/271 par\n|\n|-heal|p2a: Florges|152/271 par|[from] item: Leftovers\n|-heal|p1a: Ferrothorn|93/226|[from] item: Leftovers\n|upkeep\n|turn|20\n|\n|t:|1771119086\n|move|p2a: Florges|Synthesis|p2a: Florges\n|-heal|p2a: Florges|271/271 par\n|move|p1a: Ferrothorn|Knock Off|p2a: Florges\n|-resisted|p2a: Florges\n|-damage|p2a: Florges|241/271 par\n|-enditem|p2a: Florges|Leftovers|[from] move: Knock Off|[of] p1a: Ferrothorn\n|\n|-heal|p1a: Ferrothorn|107/226|[from] item: Leftovers\n|upkeep\n|turn|21\n|\n|t:|1771119089\n|move|p2a: Florges|Moonblast|p1a: Ferrothorn\n|-resisted|p1a: Ferrothorn\n|-damage|p1a: Ferrothorn|20/226\n|move|p1a: Ferrothorn|Power Whip|p2a: Florges\n|-damage|p2a: Florges|123/271 par\n|\n|-heal|p1a: Ferrothorn|34/226|[from] item: Leftovers\n|upkeep\n|turn|22\n|\n|t:|1771119095\n|move|p2a: Florges|Synthesis|p2a: Florges\n|-heal|p2a: Florges|258/271 par\n|move|p1a: Ferrothorn|Power Whip|p2a: Florges\n|-damage|p2a: Florges|152/271 par\n|\n|-heal|p1a: Ferrothorn|48/226|[from] item: Leftovers\n|upkeep\n|turn|23\n|\n|t:|1771119097\n|move|p2a: Florges|Moonblast|p1a: Ferrothorn\n|-resisted|p1a: Ferrothorn\n|-damage|p1a: Ferrothorn|0 fnt\n|faint|p1a: Ferrothorn\n|\n|upkeep\n|\n|t:|1771119101\n|switch|p1a: Scrafty|Scrafty, L84, F|246/246\n|-ability|p1a: Scrafty|Intimidate|boost\n|-unboost|p2a: Florges|atk|1\n|turn|24\n|\n|t:|1771119104\n|move|p1a: Scrafty|Iron Head|p2a: Florges\n|-supereffective|p2a: Florges\n|-damage|p2a: Florges|18/271 par\n|cant|p2a: Florges|flinch\n|\n|upkeep\n|turn|25\n|\n|t:|1771119108\n|move|p1a: Scrafty|Knock Off|p2a: Florges\n|-resisted|p2a: Florges\n|-damage|p2a: Florges|0 fnt\n|faint|p2a: Florges\n|\n|upkeep\n|\n|t:|1771119111\n|switch|p2a: Mawile|Mawile, L78, M|206/206\n|-damage|p2a: Mawile|155/206|[from] Spikes\n|-ability|p2a: Mawile|Intimidate|boost\n|-unboost|p1a: Scrafty|atk|1\n|turn|26\n|\n|t:|1771119117\n|switch|p1a: Grumpig|Grumpig, L93, F|170/300\n|detailschange|p2a: Mawile|Mawile-Mega, L78, M\n|-mega|p2a: Mawile|Mawile|Mawilite\n|move|p2a: Mawile|Play Rough|p1a: Grumpig\n|-damage|p1a: Grumpig|0 fnt\n|faint|p1a: Grumpig\n|\n|upkeep\n|\n|t:|1771119122\n|switch|p1a: Swellow|Swellow, L82, F|233/233\n|turn|27\n|\n|t:|1771119128\n|move|p1a: Swellow|Heat Wave|p2a: Mawile|[miss]\n|-miss|p1a: Swellow|p2a: Mawile\n|move|p2a: Mawile|Play Rough|p1a: Swellow\n|-damage|p1a: Swellow|4/233\n|\n|upkeep\n|turn|28\n|\n|t:|1771119131\n|move|p2a: Mawile|Sucker Punch|p1a: Swellow\n|-damage|p1a: Swellow|0 fnt\n|faint|p1a: Swellow\n|\n|upkeep\n|\n|t:|1771119135\n|switch|p1a: Scrafty|Scrafty, L84, F|246/246\n|-ability|p1a: Scrafty|Intimidate|boost\n|-unboost|p2a: Mawile|atk|1\n|turn|29\n|\n|t:|1771119140\n|move|p1a: Scrafty|Drain Punch|p2a: Mawile\n|-damage|p2a: Mawile|97/206\n|move|p2a: Mawile|Play Rough|p1a: Scrafty\n|-supereffective|p1a: Scrafty\n|-damage|p1a: Scrafty|0 fnt\n|faint|p1a: Scrafty\n|\n|upkeep\n|\n|t:|1771119142\n|switch|p1a: Charizard|Charizard, L83, M|73/265\n|turn|30\n|\n|t:|1771119146\n|move|p2a: Mawile|Sucker Punch||[still]\n|-fail|p2a: Mawile\n|move|p1a: Charizard|Roost|p1a: Charizard\n|-heal|p1a: Charizard|206/265\n|-singleturn|p1a: Charizard|move: Roost\n|\n|-heal|p1a: Charizard|222/265|[from] item: Leftovers\n|upkeep\n|turn|31\n|\n|t:|1771119151\n|move|p1a: Charizard|Earthquake|p2a: Mawile\n|-supereffective|p2a: Mawile\n|-damage|p2a: Mawile|0 fnt\n|faint|p2a: Mawile\n|detailschange|p2: Mawile|Mawile, L78, M|[silent]\n|\n|-heal|p1a: Charizard|238/265|[from] item: Leftovers\n|upkeep\n|\n|t:|1771119153\n|switch|p2a: Bastiodon|Bastiodon, L94, F|95/265\n|-damage|p2a: Bastiodon|29/265|[from] Spikes\n|turn|32\n|c|☆Santino696969|gg\n|\n|t:|1771119160\n|move|p2a: Bastiodon|Protect|p2a: Bastiodon\n|-singleturn|p2a: Bastiodon|Protect\n|move|p1a: Charizard|Earthquake|p2a: Bastiodon\n|-activate|p2a: Bastiodon|move: Protect\n|\n|-heal|p1a: Charizard|254/265|[from] item: Leftovers\n|-heal|p2a: Bastiodon|45/265|[from] item: Leftovers\n|upkeep\n|turn|33\n|c|☆TKSNUTZ|Gg\n|\n|t:|1771119167\n|move|p1a: Charizard|Earthquake|p2a: Bastiodon\n|-supereffective|p2a: Bastiodon\n|-damage|p2a: Bastiodon|0 fnt\n|faint|p2a: Bastiodon\n|\n|win|Santino696969\n|raw|Santino696969's rating: 1628 &rarr; <strong>1647</strong><br />(+19 for winning)\n|raw|TKSNUTZ's rating: 1605 &rarr; <strong>1586</strong><br />(-19 for losing)\n", "inputlog": ">version ccdc32dd7cde25fd9e4bed64820e885f66e78a4e\n>start {\"formatid\":\"gen7randombattle\",\"seed\":\"sodium,3fb0c0f1d9f4444c23f8693eb364e588\",\"rated\":\"Rated battle\"}\n>player p1 {\"name\":\"Santino696969\",\"avatar\":\"ash-kalos\",\"rating\":1628,\"seed\":\"sodium,fc4020b36adf66e1b1336eeb2a558e99\"}\n>player p2 {\"name\":\"TKSNUTZ\",\"avatar\":\"roxie\",\"rating\":1605,\"seed\":\"sodium,a128a3a2c6f177e5792ac36c40436b74\"}\n>p1 switch 3\n>p2 move moonblast\n>p1 move thunderwave\n>p2 switch 3\n>p1 move knockoff\n>p2 move bugbuzz\n>p1 move spikes\n>p2 move bugbuzz\n>p1 move spikes\n>p2 move bugbuzz\n>p1 move spikes\n>p2 move bugbuzz\n>p1 switch 3\n>p2 move bugbuzz\n>p1 move fireblast\n>p2 move hiddenpower\n>p2 switch 5\n>p1 move earthquake\n>p2 move rockslide\n>p1 move fireblast\n>p2 move protect\n>p1 move earthquake\n>p2 switch 4\n>p1 move airslash\n>p2 move agility\n>p2 switch 2\n>p1 switch 5\n>p2 move liquidation\n>p1 move dazzlinggleam mega\n>p2 move liquidation\n>p1 move dazzlinggleam\n>p2 move liquidation\n>p1 switch 2\n>p1 move psychic\n>p2 move liquidation\n>p2 switch 3\n>p1 move thunderwave\n>p2 move calmmind\n>p1 switch 3\n>p2 move moonblast\n>p1 move powerwhip\n>p2 move hiddenpower\n>p1 move knockoff\n>p2 move synthesis\n>p1 move powerwhip\n>p2 move moonblast\n>p1 move powerwhip\n>p2 move synthesis\n>p1 move powerwhip\n>p2 move moonblast\n>p1 switch 6\n>p1 move ironhead\n>p2 move moonblast\n>p1 move knockoff\n>p2 move moonblast\n>p2 switch 6\n>p1 switch 3\n>p2 move playrough mega\n>p1 switch 4\n>p1 move heatwave\n>p2 move playrough\n>p1 move heatwave\n>p2 move suckerpunch\n>p1 switch 3\n>p1 move drainpunch\n>p2 move playrough\n>p1 switch 5\n>p1 move roost\n>p2 move suckerpunch\n>p1 move earthquake\n>p2 move playrough\n>p2 switch 4\n>chat ☆Santino696969|gg\n>p1 move earthquake\n>p2 move protect\n>chat ☆TKSNUTZ|Gg\n>p1 move earthquake\n>p2 move rockslide", "uploadtime": 1771119172, "views": 111, "formatid": "gen7randombattle", "rating": 1586, "private": 0, "password": null}