{"id": "gen7randombattle-2535198641", "format": "[Gen 7] Random Battle", "players": ["Moowithyou", "SireSatire"], "log": "|j|☆Moowithyou\n|j|☆SireSatire\n|t:|1770527436\n|gametype|singles\n|player|p1|Moowithyou|cynthia-gen4|1581\n|player|p2|SireSatire|1|1606\n|gen|7\n|tier|[Gen 7] Random Battle\n|rated|\n|rule|Sleep Clause Mod: Limit one foe put to sleep\n|rule|HP Percentage Mod: HP is shown in percentages\n|rule|Illusion Level Mod: Illusion disguises the Pokémon's true level\n|\n|t:|1770527436\n|teamsize|p1|6\n|teamsize|p2|6\n|start\n|switch|p1a: Crustle|Crustle, L82, F|249/249\n|switch|p2a: Snorlax|Snorlax, L83, F|401/401\n|turn|1\n|\n|t:|1770527477\n|switch|p1a: Bronzong|Bronzong, L86|255/255\n|move|p2a: Snorlax|Curse|p2a: Snorlax\n|-unboost|p2a: Snorlax|spe|1\n|-boost|p2a: Snorlax|atk|1\n|-boost|p2a: Snorlax|def|1\n|\n|upkeep\n|turn|2\n|\n|t:|1770527490\n|switch|p2a: Dustox|Dustox, L96, M|271/271\n|move|p1a: Bronzong|Toxic|p2a: Dustox\n|-immune|p2a: Dustox\n|\n|upkeep\n|turn|3\n|\n|t:|1770527500\n|switch|p1a: Castform|Castform, L99, F|299/299\n|move|p2a: Dustox|Quiver Dance|p2a: Dustox\n|-boost|p2a: Dustox|spa|1\n|-boost|p2a: Dustox|spd|1\n|-boost|p2a: Dustox|spe|1\n|\n|upkeep\n|turn|4\n|\n|t:|1770527508\n|switch|p2a: Groudon|Groudon, L65|238/238\n|detailschange|p2a: Groudon|Groudon-Primal, L65\n|-primal|p2a: Groudon|Red Orb\n|-weather|DesolateLand|[from] ability: Desolate Land|[of] p2a: Groudon\n|-formechange|p1a: Castform|Castform-Sunny|[msg]|[from] ability: Forecast\n|move|p1a: Castform|Thunder Wave|p2a: Groudon\n|-immune|p2a: Groudon\n|\n|-weather|DesolateLand|[upkeep]\n|upkeep\n|turn|5\n|\n|t:|1770527520\n|switch|p1a: Stantler|Stantler, L92, M|284/284\n|-ability|p1a: Stantler|Intimidate|boost\n|-unboost|p2a: Groudon|atk|1\n|move|p2a: Groudon|Thunder Wave|p1a: Stantler\n|-status|p1a: Stantler|par\n|\n|-weather|DesolateLand|[upkeep]\n|upkeep\n|turn|6\n|\n|t:|1770527541\n|move|p2a: Groudon|Lava Plume|p1a: Stantler\n|-damage|p1a: Stantler|160/284 par\n|move|p1a: Stantler|Thunder Wave|p2a: Groudon\n|-immune|p2a: Groudon\n|\n|-weather|DesolateLand|[upkeep]\n|upkeep\n|turn|7\n|\n|t:|1770527548\n|move|p2a: Groudon|Lava Plume|p1a: Stantler\n|-damage|p1a: Stantler|37/284 par\n|cant|p1a: Stantler|par\n|\n|-weather|DesolateLand|[upkeep]\n|upkeep\n|turn|8\n|\n|t:|1770527553\n|move|p1a: Stantler|Sucker Punch|p2a: Groudon\n|-damage|p2a: Groudon|180/238\n|-damage|p1a: Stantler|9/284 par|[from] item: Life Orb\n|move|p2a: Groudon|Lava Plume|p1a: Stantler\n|-damage|p1a: Stantler|0 fnt\n|faint|p1a: Stantler\n|\n|-weather|DesolateLand|[upkeep]\n|upkeep\n|\n|t:|1770527571\n|switch|p1a: Azelf|Azelf, L82|257/257\n|turn|9\n|\n|t:|1770527589\n|-weather|none\n|switch|p2a: Crawdaunt|Crawdaunt, L85, F|246/246\n|move|p1a: Azelf|Nasty Plot|p1a: Azelf\n|-boost|p1a: Azelf|spa|2\n|\n|upkeep\n|turn|10\n|\n|t:|1770527599\n|move|p1a: Azelf|Dazzling Gleam|p2a: Crawdaunt\n|-supereffective|p2a: Crawdaunt\n|-damage|p2a: Crawdaunt|0 fnt\n|faint|p2a: Crawdaunt\n|-damage|p1a: Azelf|232/257|[from] item: Life Orb\n|\n|upkeep\n|\n|t:|1770527606\n|switch|p2a: Snorlax|Snorlax, L83, F|401/401\n|turn|11\n|\n|t:|1770527613\n|switch|p1a: Bronzong|Bronzong, L86|255/255\n|move|p2a: Snorlax|Body Slam|p1a: Bronzong\n|-resisted|p1a: Bronzong\n|-damage|p1a: Bronzong|216/255\n|-status|p1a: Bronzong|par\n|\n|-heal|p1a: Bronzong|231/255 par|[from] item: Leftovers\n|upkeep\n|turn|12\n|\n|t:|1770527637\n|switch|p2a: Dustox|Dustox, L96, M|271/271\n|cant|p1a: Bronzong|par\n|\n|-heal|p1a: Bronzong|246/255 par|[from] item: Leftovers\n|upkeep\n|turn|13\n|\n|t:|1770527661\n|switch|p1a: Crustle|Crustle, L82, F|249/249\n|move|p2a: Dustox|Quiver Dance|p2a: Dustox\n|-boost|p2a: Dustox|spa|1\n|-boost|p2a: Dustox|spd|1\n|-boost|p2a: Dustox|spe|1\n|\n|upkeep\n|turn|14\n|\n|t:|1770527675\n|move|p2a: Dustox|Bug Buzz|p1a: Crustle\n|-damage|p1a: Crustle|110/249\n|move|p1a: Crustle|Stone Edge|p2a: Dustox\n|-supereffective|p2a: Dustox\n|-crit|p2a: Dustox\n|-damage|p2a: Dustox|0 fnt\n|faint|p2a: Dustox\n|\n|upkeep\n|\n|t:|1770527696\n|switch|p2a: Groudon|Groudon-Primal, L65|180/238\n|-weather|DesolateLand|[from] ability: Desolate Land|[of] p2a: Groudon\n|turn|15\n|\n|t:|1770527702\n|move|p2a: Groudon|Lava Plume|p1a: Crustle\n|-crit|p1a: Crustle\n|-damage|p1a: Crustle|0 fnt\n|faint|p1a: Crustle\n|\n|-weather|DesolateLand|[upkeep]\n|upkeep\n|\n|t:|1770527711\n|switch|p1a: Castform|Castform, L99, F|299/299\n|-formechange|p1a: Castform|Castform-Sunny|[msg]|[from] ability: Forecast\n|turn|16\n|\n|t:|1770527718\n|move|p1a: Castform|Return|p2a: Groudon\n|-damage|p2a: Groudon|112/238\n|move|p2a: Groudon|Precipice Blades|p1a: Castform\n|-supereffective|p1a: Castform\n|-damage|p1a: Castform|17/299\n|\n|-weather|DesolateLand|[upkeep]\n|-heal|p1a: Castform|35/299|[from] item: Leftovers\n|upkeep\n|turn|17\n|\n|t:|1770527726\n|move|p1a: Castform|Return|p2a: Groudon\n|-damage|p2a: Groudon|52/238\n|move|p2a: Groudon|Lava Plume|p1a: Castform\n|-resisted|p1a: Castform\n|-damage|p1a: Castform|0 fnt\n|faint|p1a: Castform\n|\n|-weather|DesolateLand|[upkeep]\n|upkeep\n|\n|t:|1770527729\n|switch|p1a: Azelf|Azelf, L82|232/257\n|turn|18\n|\n|t:|1770527755\n|move|p1a: Azelf|Psyshock|p2a: Groudon\n|-damage|p2a: Groudon|0 fnt\n|faint|p2a: Groudon\n|-weather|none\n|detailschange|p2: Groudon|Groudon, L65|[silent]\n|-damage|p1a: Azelf|207/257|[from] item: Life Orb\n|\n|upkeep\n|\n|t:|1770527788\n|switch|p2a: Chimecho|Chimecho, L95, M|296/296\n|turn|19\n|\n|t:|1770527794\n|switch|p1a: Bronzong|Bronzong, L86|246/255 par\n|move|p2a: Chimecho|Toxic||[still]\n|-fail|p2a: Chimecho\n|\n|-heal|p1a: Bronzong|255/255 par|[from] item: Leftovers\n|upkeep\n|turn|20\n|\n|t:|1770527801\n|switch|p2a: Snorlax|Snorlax, L83, F|401/401\n|move|p1a: Bronzong|Toxic|p2a: Snorlax\n|-status|p2a: Snorlax|tox\n|\n|-damage|p2a: Snorlax|376/401 tox|[from] psn\n|upkeep\n|turn|21\n|\n|t:|1770527810\n|move|p2a: Snorlax|Curse|p2a: Snorlax\n|-unboost|p2a: Snorlax|spe|1\n|-boost|p2a: Snorlax|atk|1\n|-boost|p2a: Snorlax|def|1\n|move|p1a: Bronzong|Stealth Rock|p2a: Snorlax\n|-sidestart|p2: SireSatire|move: Stealth Rock\n|\n|-damage|p2a: Snorlax|326/401 tox|[from] psn\n|upkeep\n|turn|22\n|\n|t:|1770527820\n|move|p2a: Snorlax|Body Slam|p1a: Bronzong\n|-resisted|p1a: Bronzong\n|-damage|p1a: Bronzong|195/255 par\n|cant|p1a: Bronzong|par\n|\n|-heal|p1a: Bronzong|210/255 par|[from] item: Leftovers\n|-damage|p2a: Snorlax|251/401 tox|[from] psn\n|upkeep\n|turn|23\n|\n|t:|1770527834\n|switch|p1a: Azelf|Azelf, L82|207/257\n|move|p2a: Snorlax|Body Slam|p1a: Azelf\n|-damage|p1a: Azelf|29/257\n|\n|-damage|p2a: Snorlax|151/401 tox|[from] psn\n|upkeep\n|-enditem|p2a: Snorlax|Mago Berry|[eat]\n|-heal|p2a: Snorlax|351/401 tox|[from] item: Mago Berry\n|turn|24\n|\n|t:|1770527890\n|switch|p2a: Chimecho|Chimecho, L95, M|296/296\n|-damage|p2a: Chimecho|259/296|[from] Stealth Rock\n|move|p1a: Azelf|Dazzling Gleam|p2a: Chimecho\n|-damage|p2a: Chimecho|191/296\n|-damage|p1a: Azelf|4/257|[from] item: Life Orb\n|\n|-heal|p2a: Chimecho|209/296|[from] item: Leftovers\n|upkeep\n|turn|25\n|\n|t:|1770527905\n|move|p1a: Azelf|Nasty Plot|p1a: Azelf\n|-boost|p1a: Azelf|spa|2\n|move|p2a: Chimecho|Psychic|p1a: Azelf\n|-resisted|p1a: Azelf\n|-damage|p1a: Azelf|0 fnt\n|faint|p1a: Azelf\n|\n|-heal|p2a: Chimecho|227/296|[from] item: Leftovers\n|upkeep\n|\n|t:|1770527908\n|switch|p1a: Bronzong|Bronzong, L86|210/255 par\n|turn|26\n|\n|t:|1770527920\n|move|p2a: Chimecho|Psychic|p1a: Bronzong\n|-resisted|p1a: Bronzong\n|-damage|p1a: Bronzong|185/255 par\n|move|p1a: Bronzong|Iron Head|p2a: Chimecho\n|-damage|p2a: Chimecho|151/296\n|\n|-heal|p2a: Chimecho|169/296|[from] item: Leftovers\n|-heal|p1a: Bronzong|200/255 par|[from] item: Leftovers\n|upkeep\n|turn|27\n|\n|t:|1770527928\n|move|p2a: Chimecho|Psychic|p1a: Bronzong\n|-resisted|p1a: Bronzong\n|-damage|p1a: Bronzong|176/255 par\n|move|p1a: Bronzong|Toxic|p2a: Chimecho\n|-status|p2a: Chimecho|tox\n|\n|-heal|p2a: Chimecho|187/296 tox|[from] item: Leftovers\n|-heal|p1a: Bronzong|191/255 par|[from] item: Leftovers\n|-damage|p2a: Chimecho|169/296 tox|[from] psn\n|upkeep\n|turn|28\n|\n|t:|1770527937\n|move|p2a: Chimecho|Heal Bell|p2a: Chimecho\n|-activate|p2a: Chimecho|move: Heal Bell\n|-curestatus|p2a: Chimecho|tox|[msg]\n|-curestatus|p2: Snorlax|tox|[msg]\n|cant|p1a: Bronzong|par\n|\n|-heal|p2a: Chimecho|187/296|[from] item: Leftovers\n|-heal|p1a: Bronzong|206/255 par|[from] item: Leftovers\n|upkeep\n|turn|29\n|c|☆SireSatire|are you ready to play this game\n|\n|t:|1770527953\n|move|p2a: Chimecho|Recover|p2a: Chimecho\n|-heal|p2a: Chimecho|296/296\n|move|p1a: Bronzong|Toxic|p2a: Chimecho|[miss]\n|-miss|p1a: Bronzong|p2a: Chimecho\n|\n|-heal|p1a: Bronzong|221/255 par|[from] item: Leftovers\n|upkeep\n|turn|30\n|\n|t:|1770527962\n|move|p2a: Chimecho|Psychic|p1a: Bronzong\n|-resisted|p1a: Bronzong\n|-damage|p1a: Bronzong|197/255 par\n|cant|p1a: Bronzong|par\n|\n|-heal|p1a: Bronzong|212/255 par|[from] item: Leftovers\n|upkeep\n|turn|31\n|\n|t:|1770527970\n|switch|p2a: Snorlax|Snorlax, L83, F|351/401\n|-damage|p2a: Snorlax|301/401|[from] Stealth Rock\n|cant|p1a: Bronzong|par\n|\n|-heal|p1a: Bronzong|227/255 par|[from] item: Leftovers\n|upkeep\n|turn|32\n|c|☆Moowithyou|apparently bronzong isnt\n|\n|t:|1770527983\n|move|p2a: Snorlax|Recycle|p2a: Snorlax\n|-item|p2a: Snorlax|Mago Berry|[from] move: Recycle\n|move|p1a: Bronzong|Toxic|p2a: Snorlax\n|-status|p2a: Snorlax|tox\n|\n|-heal|p1a: Bronzong|242/255 par|[from] item: Leftovers\n|-damage|p2a: Snorlax|276/401 tox|[from] psn\n|upkeep\n|turn|33\n|\n|t:|1770527992\n|move|p2a: Snorlax|Curse|p2a: Snorlax\n|-unboost|p2a: Snorlax|spe|1\n|-boost|p2a: Snorlax|atk|1\n|-boost|p2a: Snorlax|def|1\n|move|p1a: Bronzong|Iron Head|p2a: Snorlax\n|-damage|p2a: Snorlax|207/401 tox\n|\n|-heal|p1a: Bronzong|255/255 par|[from] item: Leftovers\n|-damage|p2a: Snorlax|157/401 tox|[from] psn\n|upkeep\n|-enditem|p2a: Snorlax|Mago Berry|[eat]\n|-heal|p2a: Snorlax|357/401 tox|[from] item: Mago Berry\n|turn|34\n|\n|t:|1770528004\n|move|p2a: Snorlax|Body Slam|p1a: Bronzong\n|-resisted|p1a: Bronzong\n|-damage|p1a: Bronzong|193/255 par\n|move|p1a: Bronzong|Iron Head|p2a: Snorlax\n|-damage|p2a: Snorlax|293/401 tox\n|\n|-heal|p1a: Bronzong|208/255 par|[from] item: Leftovers\n|-damage|p2a: Snorlax|218/401 tox|[from] psn\n|upkeep\n|turn|35\n|\n|t:|1770528013\n|move|p2a: Snorlax|Recycle|p2a: Snorlax\n|-item|p2a: Snorlax|Mago Berry|[from] move: Recycle\n|move|p1a: Bronzong|Iron Head|p2a: Snorlax\n|-damage|p2a: Snorlax|149/401 tox\n|-enditem|p2a: Snorlax|Mago Berry|[eat]\n|-heal|p2a: Snorlax|349/401 tox|[from] item: Mago Berry\n|\n|-heal|p1a: Bronzong|223/255 par|[from] item: Leftovers\n|-damage|p2a: Snorlax|249/401 tox|[from] psn\n|upkeep\n|turn|36\n|\n|t:|1770528024\n|switch|p2a: Chimecho|Chimecho, L95, M|296/296\n|-damage|p2a: Chimecho|259/296|[from] Stealth Rock\n|cant|p1a: Bronzong|par\n|\n|-heal|p2a: Chimecho|277/296|[from] item: Leftovers\n|-heal|p1a: Bronzong|238/255 par|[from] item: Leftovers\n|upkeep\n|turn|37\n|\n|t:|1770528033\n|move|p2a: Chimecho|Psychic|p1a: Bronzong\n|-resisted|p1a: Bronzong\n|-crit|p1a: Bronzong\n|-damage|p1a: Bronzong|206/255 par\n|move|p1a: Bronzong|Toxic|p2a: Chimecho\n|-status|p2a: Chimecho|tox\n|\n|-heal|p2a: Chimecho|295/296 tox|[from] item: Leftovers\n|-heal|p1a: Bronzong|221/255 par|[from] item: Leftovers\n|-damage|p2a: Chimecho|277/296 tox|[from] psn\n|upkeep\n|turn|38\n|\n|t:|1770528047\n|move|p2a: Chimecho|Heal Bell|p2a: Chimecho\n|-activate|p2a: Chimecho|move: Heal Bell\n|-curestatus|p2a: Chimecho|tox|[msg]\n|-curestatus|p2: Snorlax|tox|[msg]\n|cant|p1a: Bronzong|par\n|\n|-heal|p2a: Chimecho|295/296|[from] item: Leftovers\n|-heal|p1a: Bronzong|236/255 par|[from] item: Leftovers\n|upkeep\n|turn|39\n|\n|t:|1770528056\n|move|p2a: Chimecho|Psychic|p1a: Bronzong\n|-resisted|p1a: Bronzong\n|-damage|p1a: Bronzong|212/255 par\n|cant|p1a: Bronzong|par\n|\n|-heal|p2a: Chimecho|296/296|[from] item: Leftovers\n|-heal|p1a: Bronzong|227/255 par|[from] item: Leftovers\n|upkeep\n|turn|40\n|\n|t:|1770528063\n|switch|p2a: Snorlax|Snorlax, L83, F|249/401\n|-damage|p2a: Snorlax|199/401|[from] Stealth Rock\n|cant|p1a: Bronzong|par\n|\n|-heal|p1a: Bronzong|242/255 par|[from] item: Leftovers\n|upkeep\n|turn|41\n|\n|t:|1770528070\n|move|p2a: Snorlax|Recycle|p2a: Snorlax\n|-item|p2a: Snorlax|Mago Berry|[from] move: Recycle\n|-enditem|p2a: Snorlax|Mago Berry|[eat]\n|-heal|p2a: Snorlax|399/401|[from] item: Mago Berry\n|move|p1a: Bronzong|Toxic|p2a: Snorlax\n|-status|p2a: Snorlax|tox\n|\n|-heal|p1a: Bronzong|255/255 par|[from] item: Leftovers\n|-damage|p2a: Snorlax|374/401 tox|[from] psn\n|upkeep\n|turn|42\n|\n|t:|1770528080\n|move|p2a: Snorlax|Curse|p2a: Snorlax\n|-unboost|p2a: Snorlax|spe|1\n|-boost|p2a: Snorlax|atk|1\n|-boost|p2a: Snorlax|def|1\n|move|p1a: Bronzong|Iron Head|p2a: Snorlax\n|-damage|p2a: Snorlax|301/401 tox\n|\n|-damage|p2a: Snorlax|251/401 tox|[from] psn\n|upkeep\n|turn|43\n|\n|t:|1770528090\n|move|p2a: Snorlax|Recycle|p2a: Snorlax\n|-item|p2a: Snorlax|Mago Berry|[from] move: Recycle\n|move|p1a: Bronzong|Iron Head|p2a: Snorlax\n|-damage|p2a: Snorlax|182/401 tox\n|-enditem|p2a: Snorlax|Mago Berry|[eat]\n|-heal|p2a: Snorlax|382/401 tox|[from] item: Mago Berry\n|\n|-damage|p2a: Snorlax|307/401 tox|[from] psn\n|upkeep\n|turn|44\n|\n|t:|1770528101\n|move|p2a: Snorlax|Body Slam|p1a: Bronzong\n|-resisted|p1a: Bronzong\n|-crit|p1a: Bronzong\n|-damage|p1a: Bronzong|171/255 par\n|move|p1a: Bronzong|Iron Head|p2a: Snorlax\n|-damage|p2a: Snorlax|238/401 tox\n|\n|-heal|p1a: Bronzong|186/255 par|[from] item: Leftovers\n|-damage|p2a: Snorlax|138/401 tox|[from] psn\n|upkeep\n|turn|45\n|\n|t:|1770528113\n|move|p2a: Snorlax|Recycle|p2a: Snorlax\n|-item|p2a: Snorlax|Mago Berry|[from] move: Recycle\n|-enditem|p2a: Snorlax|Mago Berry|[eat]\n|-heal|p2a: Snorlax|338/401 tox|[from] item: Mago Berry\n|move|p1a: Bronzong|Iron Head|p2a: Snorlax\n|-damage|p2a: Snorlax|263/401 tox\n|\n|-heal|p1a: Bronzong|201/255 par|[from] item: Leftovers\n|-damage|p2a: Snorlax|138/401 tox|[from] psn\n|upkeep\n|turn|46\n|\n|t:|1770528123\n|switch|p2a: Chimecho|Chimecho, L95, M|296/296\n|-damage|p2a: Chimecho|259/296|[from] Stealth Rock\n|move|p1a: Bronzong|Iron Head|p2a: Chimecho\n|-damage|p2a: Chimecho|180/296\n|\n|-heal|p2a: Chimecho|198/296|[from] item: Leftovers\n|-heal|p1a: Bronzong|216/255 par|[from] item: Leftovers\n|upkeep\n|turn|47\n|\n|t:|1770528134\n|move|p2a: Chimecho|Psychic|p1a: Bronzong\n|-resisted|p1a: Bronzong\n|-damage|p1a: Bronzong|194/255 par\n|move|p1a: Bronzong|Iron Head|p2a: Chimecho\n|-damage|p2a: Chimecho|111/296\n|\n|-heal|p2a: Chimecho|129/296|[from] item: Leftovers\n|-heal|p1a: Bronzong|209/255 par|[from] item: Leftovers\n|upkeep\n|turn|48\n|\n|t:|1770528145\n|move|p2a: Chimecho|Recover|p2a: Chimecho\n|-heal|p2a: Chimecho|277/296\n|move|p1a: Bronzong|Toxic|p2a: Chimecho\n|-status|p2a: Chimecho|tox\n|\n|-heal|p2a: Chimecho|295/296 tox|[from] item: Leftovers\n|-heal|p1a: Bronzong|224/255 par|[from] item: Leftovers\n|-damage|p2a: Chimecho|277/296 tox|[from] psn\n|upkeep\n|turn|49\n|\n|t:|1770528155\n|move|p2a: Chimecho|Heal Bell|p2a: Chimecho\n|-activate|p2a: Chimecho|move: Heal Bell\n|-curestatus|p2a: Chimecho|tox|[msg]\n|-curestatus|p2: Snorlax|tox|[msg]\n|move|p1a: Bronzong|Iron Head|p2a: Chimecho\n|-damage|p2a: Chimecho|192/296\n|\n|-heal|p2a: Chimecho|210/296|[from] item: Leftovers\n|-heal|p1a: Bronzong|239/255 par|[from] item: Leftovers\n|upkeep\n|turn|50\n|\n|t:|1770528172\n|switch|p2a: Snorlax|Snorlax, L83, F|138/401\n|-damage|p2a: Snorlax|88/401|[from] Stealth Rock\n|move|p1a: Bronzong|Toxic|p2a: Snorlax\n|-status|p2a: Snorlax|tox\n|\n|-heal|p1a: Bronzong|254/255 par|[from] item: Leftovers\n|-damage|p2a: Snorlax|63/401 tox|[from] psn\n|upkeep\n|turn|51\n|\n|t:|1770528181\n|move|p2a: Snorlax|Recycle|p2a: Snorlax\n|-item|p2a: Snorlax|Mago Berry|[from] move: Recycle\n|-enditem|p2a: Snorlax|Mago Berry|[eat]\n|-heal|p2a: Snorlax|263/401 tox|[from] item: Mago Berry\n|move|p1a: Bronzong|Iron Head|p2a: Snorlax\n|-damage|p2a: Snorlax|154/401 tox\n|\n|-heal|p1a: Bronzong|255/255 par|[from] item: Leftovers\n|-damage|p2a: Snorlax|104/401 tox|[from] psn\n|upkeep\n|turn|52\n|\n|t:|1770528190\n|switch|p2a: Chimecho|Chimecho, L95, M|210/296\n|-damage|p2a: Chimecho|173/296|[from] Stealth Rock\n|move|p1a: Bronzong|Iron Head|p2a: Chimecho\n|-damage|p2a: Chimecho|91/296\n|\n|-heal|p2a: Chimecho|109/296|[from] item: Leftovers\n|upkeep\n|turn|53\n|\n|t:|1770528200\n|move|p2a: Chimecho|Recover|p2a: Chimecho\n|-heal|p2a: Chimecho|257/296\n|move|p1a: Bronzong|Toxic|p2a: Chimecho\n|-status|p2a: Chimecho|tox\n|\n|-heal|p2a: Chimecho|275/296 tox|[from] item: Leftovers\n|-damage|p2a: Chimecho|257/296 tox|[from] psn\n|upkeep\n|turn|54\n|\n|t:|1770528209\n|move|p2a: Chimecho|Heal Bell|p2a: Chimecho\n|-activate|p2a: Chimecho|move: Heal Bell\n|-curestatus|p2a: Chimecho|tox|[msg]\n|-curestatus|p2: Snorlax|tox|[msg]\n|move|p1a: Bronzong|Iron Head|p2a: Chimecho\n|-damage|p2a: Chimecho|175/296\n|\n|-heal|p2a: Chimecho|193/296|[from] item: Leftovers\n|upkeep\n|turn|55\n|\n|t:|1770528217\n|move|p2a: Chimecho|Psychic|p1a: Bronzong\n|-resisted|p1a: Bronzong\n|-damage|p1a: Bronzong|233/255 par\n|move|p1a: Bronzong|Toxic|p2a: Chimecho\n|-status|p2a: Chimecho|tox\n|\n|-heal|p2a: Chimecho|211/296 tox|[from] item: Leftovers\n|-heal|p1a: Bronzong|248/255 par|[from] item: Leftovers\n|-damage|p2a: Chimecho|193/296 tox|[from] psn\n|upkeep\n|turn|56\n|\n|t:|1770528241\n|move|p2a: Chimecho|Recover|p2a: Chimecho\n|-heal|p2a: Chimecho|296/296 tox\n|move|p1a: Bronzong|Iron Head|p2a: Chimecho\n|-damage|p2a: Chimecho|218/296 tox\n|\n|-heal|p2a: Chimecho|236/296 tox|[from] item: Leftovers\n|-heal|p1a: Bronzong|255/255 par|[from] item: Leftovers\n|-damage|p2a: Chimecho|200/296 tox|[from] psn\n|upkeep\n|turn|57\n|\n|t:|1770528257\n|move|p2a: Chimecho|Heal Bell|p2a: Chimecho\n|-activate|p2a: Chimecho|move: Heal Bell\n|-curestatus|p2a: Chimecho|tox|[msg]\n|move|p1a: Bronzong|Iron Head|p2a: Chimecho\n|-damage|p2a: Chimecho|121/296\n|\n|-heal|p2a: Chimecho|139/296|[from] item: Leftovers\n|upkeep\n|turn|58\n|\n|t:|1770528266\n|move|p2a: Chimecho|Recover|p2a: Chimecho\n|-heal|p2a: Chimecho|287/296\n|move|p1a: Bronzong|Iron Head|p2a: Chimecho\n|-damage|p2a: Chimecho|211/296\n|\n|-heal|p2a: Chimecho|229/296|[from] item: Leftovers\n|upkeep\n|turn|59\n|\n|t:|1770528278\n|switch|p2a: Snorlax|Snorlax, L83, F|104/401\n|-damage|p2a: Snorlax|54/401|[from] Stealth Rock\n|cant|p1a: Bronzong|par\n|\n|upkeep\n|turn|60\n|\n|t:|1770528285\n|move|p2a: Snorlax|Recycle|p2a: Snorlax\n|-item|p2a: Snorlax|Mago Berry|[from] move: Recycle\n|-enditem|p2a: Snorlax|Mago Berry|[eat]\n|-heal|p2a: Snorlax|254/401|[from] item: Mago Berry\n|move|p1a: Bronzong|Toxic|p2a: Snorlax\n|-status|p2a: Snorlax|tox\n|\n|-damage|p2a: Snorlax|229/401 tox|[from] psn\n|upkeep\n|turn|61\n|\n|t:|1770528294\n|move|p2a: Snorlax|Recycle|p2a: Snorlax\n|-item|p2a: Snorlax|Mago Berry|[from] move: Recycle\n|cant|p1a: Bronzong|par\n|\n|-damage|p2a: Snorlax|179/401 tox|[from] psn\n|upkeep\n|-enditem|p2a: Snorlax|Mago Berry|[eat]\n|-heal|p2a: Snorlax|379/401 tox|[from] item: Mago Berry\n|turn|62\n|\n|t:|1770528303\n|switch|p2a: Chimecho|Chimecho, L95, M|229/296\n|-damage|p2a: Chimecho|192/296|[from] Stealth Rock\n|move|p1a: Bronzong|Earthquake|p2a: Chimecho\n|-immune|p2a: Chimecho|[from] ability: Levitate\n|\n|-heal|p2a: Chimecho|210/296|[from] item: Leftovers\n|upkeep\n|turn|63\n|c|☆Moowithyou|paralysis blessing you rn\n|c|☆SireSatire|ik\n|\n|t:|1770528328\n|move|p2a: Chimecho|Psychic|p1a: Bronzong\n|-resisted|p1a: Bronzong\n|-damage|p1a: Bronzong|233/255 par\n|cant|p1a: Bronzong|par\n|\n|-heal|p2a: Chimecho|228/296|[from] item: Leftovers\n|-heal|p1a: Bronzong|248/255 par|[from] item: Leftovers\n|upkeep\n|turn|64\n|\n|t:|1770528336\n|move|p2a: Chimecho|Toxic||[still]\n|-fail|p2a: Chimecho\n|move|p1a: Bronzong|Toxic|p2a: Chimecho\n|-status|p2a: Chimecho|tox\n|\n|-heal|p2a: Chimecho|246/296 tox|[from] item: Leftovers\n|-heal|p1a: Bronzong|255/255 par|[from] item: Leftovers\n|-damage|p2a: Chimecho|228/296 tox|[from] psn\n|upkeep\n|turn|65\n|\n|t:|1770528353\n|move|p2a: Chimecho|Psychic|p1a: Bronzong\n|-resisted|p1a: Bronzong\n|-damage|p1a: Bronzong|233/255 par\n|cant|p1a: Bronzong|par\n|\n|-heal|p2a: Chimecho|246/296 tox|[from] item: Leftovers\n|-heal|p1a: Bronzong|248/255 par|[from] item: Leftovers\n|-damage|p2a: Chimecho|210/296 tox|[from] psn\n|upkeep\n|turn|66\n|\n|t:|1770528363\n|move|p2a: Chimecho|Heal Bell|p2a: Chimecho\n|-activate|p2a: Chimecho|move: Heal Bell\n|-curestatus|p2a: Chimecho|tox|[msg]\n|-curestatus|p2: Snorlax|tox|[msg]\n|cant|p1a: Bronzong|par\n|\n|-heal|p2a: Chimecho|228/296|[from] item: Leftovers\n|-heal|p1a: Bronzong|255/255 par|[from] item: Leftovers\n|upkeep\n|turn|67\n|\n|t:|1770528374\n|move|p2a: Chimecho|Toxic||[still]\n|-fail|p2a: Chimecho\n|move|p1a: Bronzong|Toxic|p2a: Chimecho|[miss]\n|-miss|p1a: Bronzong|p2a: Chimecho\n|\n|-heal|p2a: Chimecho|246/296|[from] item: Leftovers\n|upkeep\n|turn|68\n|\n|t:|1770528381\n|move|p2a: Chimecho|Psychic|p1a: Bronzong\n|-resisted|p1a: Bronzong\n|-damage|p1a: Bronzong|233/255 par\n|move|p1a: Bronzong|Toxic|p2a: Chimecho\n|-status|p2a: Chimecho|tox\n|\n|-heal|p2a: Chimecho|264/296 tox|[from] item: Leftovers\n|-heal|p1a: Bronzong|248/255 par|[from] item: Leftovers\n|-damage|p2a: Chimecho|246/296 tox|[from] psn\n|upkeep\n|turn|69\n|\n|t:|1770528390\n|move|p2a: Chimecho|Heal Bell|p2a: Chimecho\n|-activate|p2a: Chimecho|move: Heal Bell\n|-curestatus|p2a: Chimecho|tox|[msg]\n|move|p1a: Bronzong|Iron Head|p2a: Chimecho\n|-damage|p2a: Chimecho|171/296\n|\n|-heal|p2a: Chimecho|189/296|[from] item: Leftovers\n|-heal|p1a: Bronzong|255/255 par|[from] item: Leftovers\n|upkeep\n|turn|70\n|\n|t:|1770528398\n|move|p2a: Chimecho|Psychic|p1a: Bronzong\n|-resisted|p1a: Bronzong\n|-damage|p1a: Bronzong|233/255 par\n|-unboost|p1a: Bronzong|spd|1\n|move|p1a: Bronzong|Toxic|p2a: Chimecho|[miss]\n|-miss|p1a: Bronzong|p2a: Chimecho\n|\n|-heal|p2a: Chimecho|207/296|[from] item: Leftovers\n|-heal|p1a: Bronzong|248/255 par|[from] item: Leftovers\n|upkeep\n|turn|71\n|c|☆Moowithyou|jesus\n|c|☆SireSatire|what you gonna do\n|\n|t:|1770528410\n|move|p2a: Chimecho|Toxic||[still]\n|-fail|p2a: Chimecho\n|cant|p1a: Bronzong|par\n|\n|-heal|p2a: Chimecho|225/296|[from] item: Leftovers\n|-heal|p1a: Bronzong|255/255 par|[from] item: Leftovers\n|upkeep\n|turn|72\n|\n|t:|1770528419\n|move|p2a: Chimecho|Toxic||[still]\n|-fail|p2a: Chimecho\n|move|p1a: Bronzong|Iron Head|p2a: Chimecho\n|-damage|p2a: Chimecho|140/296\n|\n|-heal|p2a: Chimecho|158/296|[from] item: Leftovers\n|upkeep\n|turn|73\n|\n|t:|1770528427\n|move|p2a: Chimecho|Toxic||[still]\n|-fail|p2a: Chimecho\n|move|p1a: Bronzong|Earthquake|p2a: Chimecho\n|-immune|p2a: Chimecho|[from] ability: Levitate\n|\n|-heal|p2a: Chimecho|176/296|[from] item: Leftovers\n|upkeep\n|turn|74\n|\n|t:|1770528434\n|switch|p2a: Snorlax|Snorlax, L83, F|379/401\n|-damage|p2a: Snorlax|329/401|[from] Stealth Rock\n|move|p1a: Bronzong|Earthquake|p2a: Snorlax\n|-damage|p2a: Snorlax|236/401\n|\n|upkeep\n|turn|75\n|\n|t:|1770528441\n|switch|p1a: Hawlucha|Hawlucha, L78, M|248/248\n|move|p2a: Snorlax|Curse|p2a: Snorlax\n|-unboost|p2a: Snorlax|spe|1\n|-boost|p2a: Snorlax|atk|1\n|-boost|p2a: Snorlax|def|1\n|\n|upkeep\n|turn|76\n|\n|t:|1770528449\n|move|p1a: Hawlucha|Swords Dance|p1a: Hawlucha\n|-boost|p1a: Hawlucha|atk|2\n|move|p2a: Snorlax|Body Slam|p1a: Hawlucha\n|-damage|p1a: Hawlucha|68/248\n|-enditem|p1a: Hawlucha|Sitrus Berry|[eat]\n|-heal|p1a: Hawlucha|130/248|[from] item: Sitrus Berry\n|\n|upkeep\n|turn|77\n|c|☆SireSatire|oh god\n|\n|t:|1770528460\n|move|p1a: Hawlucha|High Jump Kick|p2a: Snorlax\n|-supereffective|p2a: Snorlax\n|-damage|p2a: Snorlax|0 fnt\n|faint|p2a: Snorlax\n|\n|upkeep\n|\n|t:|1770528471\n|switch|p2a: Lunatone|Lunatone, L93|318/318\n|-damage|p2a: Lunatone|279/318|[from] Stealth Rock\n|turn|78\n|c|☆SireSatire|pls live\n|\n|t:|1770528495\n|move|p1a: Hawlucha|High Jump Kick|p2a: Lunatone\n|-crit|p2a: Lunatone\n|-damage|p2a: Lunatone|0 fnt\n|faint|p2a: Lunatone\n|\n|upkeep\n|c|☆Moowithyou|hahahahahahaha\n|c|☆SireSatire|god\n|c|☆Moowithyou|what you gonna do\n|\n|t:|1770528505\n|switch|p2a: Chimecho|Chimecho, L95, M|176/296\n|-damage|p2a: Chimecho|139/296|[from] Stealth Rock\n|turn|79\n|c|☆SireSatire|im ded\n|\n|t:|1770528511\n|move|p1a: Hawlucha|Acrobatics|p2a: Chimecho\n|-damage|p2a: Chimecho|0 fnt\n|faint|p2a: Chimecho\n|\n|win|Moowithyou\n|raw|Moowithyou's rating: 1581 &rarr; <strong>1602</strong><br />(+21 for winning)\n|raw|SireSatire's rating: 1606 &rarr; <strong>1585</strong><br />(-21 for losing)\n|c|☆Moowithyou|you are\n", "inputlog": ">version ccdc32dd7cde25fd9e4bed64820e885f66e78a4e\n>start {\"formatid\":\"gen7randombattle\",\"seed\":\"sodium,30bf1596d9acffe47a57fad4fdc36b67\",\"rated\":\"Rated battle\"}\n>player p1 {\"name\":\"Moowithyou\",\"avatar\":\"cynthia-gen4\",\"rating\":1581,\"seed\":\"sodium,26b6070a77623423506c23ce2ef41a65\"}\n>player p2 {\"name\":\"SireSatire\",\"avatar\":\"1\",\"rating\":1606,\"seed\":\"sodium,aa451477bcb975ae0d151f75f655ebe9\"}\n>p1 switch 4\n>p2 move curse\n>p1 move toxic\n>p2 switch 3\n>p1 switch 2\n>p2 move quiverdance\n>p1 move thunderwave\n>p2 switch 2\n>p1 switch 3\n>p2 move thunderwave\n>p1 move thunderwave\n>p2 move lavaplume\n>p1 move earthquake\n>p2 move lavaplume\n>p1 move suckerpunch\n>p2 move lavaplume\n>p1 switch 6\n>p1 move nastyplot\n>p2 switch 6\n>p1 move dazzlinggleam\n>p2 move knockoff\n>p2 switch 3\n>p1 switch 2\n>p2 move bodyslam\n>p1 move stealthrock\n>p2 switch 2\n>p1 switch 4\n>p2 move quiverdance\n>p1 move stoneedge\n>p2 move bugbuzz\n>p2 switch 6\n>p1 move earthquake\n>p2 move lavaplume\n>p1 switch 3\n>p1 move return\n>p2 move precipiceblades\n>p1 move return\n>p2 move lavaplume\n>p1 switch 2\n>p1 move psyshock\n>p2 move dragontail\n>p2 switch 5\n>p1 switch 4\n>p2 move toxic\n>p1 move toxic\n>p2 switch 2\n>p1 move stealthrock\n>p2 move curse\n>p1 move ironhead\n>p2 move bodyslam\n>p1 switch 4\n>p2 move bodyslam\n>p1 move dazzlinggleam\n>p2 switch 2\n>p1 move nastyplot\n>p2 move psychic\n>p1 switch 4\n>p1 move ironhead\n>p2 move psychic\n>p1 move toxic\n>p2 move psychic\n>p1 move ironhead\n>p2 move healbell\n>chat ☆SireSatire|are you ready to play this game\n>p1 move toxic\n>p2 move recover\n>p1 move toxic\n>p2 move psychic\n>p1 move toxic\n>p2 switch 2\n>chat ☆Moowithyou|apparently bronzong isnt \n>p1 move toxic\n>p2 move recycle\n>p1 move ironhead\n>p2 move curse\n>p1 move ironhead\n>p2 move bodyslam\n>p1 move ironhead\n>p2 move recycle\n>p1 move ironhead\n>p2 switch 2\n>p1 move toxic\n>p2 move psychic\n>p1 move ironhead\n>p2 move healbell\n>p1 move toxic\n>p2 move psychic\n>p1 move toxic\n>p2 switch 2\n>p1 move toxic\n>p2 move recycle\n>p1 move ironhead\n>p2 move curse\n>p1 move ironhead\n>p2 move recycle\n>p1 move ironhead\n>p2 move bodyslam\n>p1 move ironhead\n>p2 move recycle\n>p1 move ironhead\n>p2 switch 2\n>p1 move ironhead\n>p2 move psychic\n>p1 move toxic\n>p2 move recover\n>p1 move ironhead\n>p2 move healbell\n>p1 move toxic\n>p2 switch 2\n>p1 move ironhead\n>p2 move recycle\n>p1 move ironhead\n>p2 switch 2\n>p1 move toxic\n>p2 move recover\n>p1 move ironhead\n>p2 move healbell\n>p1 move toxic\n>p2 move psychic\n>p1 move ironhead\n>p2 move recover\n>p1 move ironhead\n>p2 move healbell\n>p1 move ironhead\n>p2 move recover\n>p1 move toxic\n>p2 switch 2\n>p1 move toxic\n>p2 move recycle\n>p1 move earthquake\n>p2 move recycle\n>p1 move earthquake\n>p2 switch 2\n>chat ☆Moowithyou|paralysis blessing you rn \n>chat ☆SireSatire|ik\n>p1 move earthquake\n>p2 move psychic\n>p1 move toxic\n>p2 move toxic\n>p1 move earthquake\n>p2 move psychic\n>p1 move earthquake\n>p2 move healbell\n>p1 move toxic\n>p2 move toxic\n>p1 move toxic\n>p2 move psychic\n>p1 move ironhead\n>p2 move healbell\n>p1 move toxic\n>p2 move psychic\n>chat ☆Moowithyou|jesus\n>chat ☆SireSatire|what you gonna do\n>p1 move stealthrock\n>p2 move toxic\n>p1 move ironhead\n>p2 move toxic\n>p1 move earthquake\n>p2 move toxic\n>p1 move earthquake\n>p2 switch 2\n>p1 switch 5\n>p2 move curse\n>p1 move swordsdance\n>p2 move bodyslam\n>chat ☆SireSatire|oh god\n>p1 move highjumpkick\n>p2 move bodyslam\n>p2 switch 4\n>chat ☆SireSatire|pls live\n>p1 move highjumpkick\n>p2 move powergem\n>chat ☆Moowithyou|hahahahahahaha\n>chat ☆SireSatire|god\n>chat ☆Moowithyou|what you gonna do \n>p2 switch 2\n>chat ☆SireSatire|im ded\n>p1 move acrobatics\n>p2 move psychic", "uploadtime": 1770528517, "views": 204, "formatid": "gen7randombattle", "rating": 1585, "private": 0, "password": null}