{"id": "gen7randombattle-2523533463", "format": "[Gen 7] Random Battle", "players": ["La.Hellhound", "archie87975"], "log": "|j|‽La.Hellhound\n|j|☆archie87975\n|t:|1769034754\n|gametype|singles\n|player|p1|La.Hellhound|alder|1751\n|player|p2|archie87975|youngn|1617\n|gen|7\n|tier|[Gen 7] Random Battle\n|rated|\n|rule|Sleep Clause Mod: Limit one foe put to sleep\n|rule|HP Percentage Mod: HP is shown in percentages\n|rule|Illusion Level Mod: Illusion disguises the Pokémon's true level\n|\n|t:|1769034754\n|teamsize|p1|6\n|teamsize|p2|6\n|start\n|switch|p1a: Clefable|Clefable, L83, M|293/293\n|switch|p2a: Kricketune|Kricketune, L97, F|306/306\n|turn|1\n|inactive|Battle timer is ON: inactive players will automatically lose when time's up. (requested by archie87975)\n|inactive|La.Hellhound also wants the timer to be on.\n|inactive|La.Hellhound has 120 seconds left.\n|\n|t:|1769034795\n|move|p2a: Kricketune|Sticky Web|p1a: Clefable\n|-sidestart|p1: La.Hellhound|move: Sticky Web\n|move|p1a: Clefable|Fire Blast|p2a: Kricketune|[miss]\n|-miss|p1a: Clefable|p2a: Kricketune\n|\n|upkeep\n|turn|2\n|\n|t:|1769034814\n|switch|p2a: Clawitzer|Clawitzer, L87, F|265/265\n|move|p1a: Clefable|Moonblast|p2a: Clawitzer\n|-damage|p2a: Clawitzer|143/265\n|-unboost|p2a: Clawitzer|spa|1\n|\n|upkeep\n|turn|3\n|\n|t:|1769034821\n|move|p2a: Clawitzer|Water Pulse|p1a: Clefable\n|-damage|p1a: Clefable|175/293\n|move|p1a: Clefable|Calm Mind|p1a: Clefable\n|-boost|p1a: Clefable|spa|1\n|-boost|p1a: Clefable|spd|1\n|\n|upkeep\n|turn|4\n|\n|t:|1769034838\n|move|p2a: Clawitzer|Water Pulse|p1a: Clefable\n|-crit|p1a: Clefable\n|-damage|p1a: Clefable|0 fnt\n|faint|p1a: Clefable\n|\n|upkeep\n|\n|t:|1769034846\n|switch|p1a: Empoleon|Empoleon, L83, F|275/275\n|-activate|p1a: Empoleon|move: Sticky Web\n|-unboost|p1a: Empoleon|spe|1\n|turn|5\n|\n|t:|1769034852\n|switch|p2a: Machamp|Machamp, L84, M|288/288\n|move|p1a: Empoleon|Toxic|p2a: Machamp\n|-status|p2a: Machamp|tox\n|\n|-damage|p2a: Machamp|270/288 tox|[from] psn\n|upkeep\n|turn|6\n|\n|t:|1769034861\n|move|p1a: Empoleon|Protect|p1a: Empoleon\n|-singleturn|p1a: Empoleon|Protect\n|move|p2a: Machamp|Dynamic Punch|p1a: Empoleon\n|-activate|p1a: Empoleon|move: Protect\n|\n|-heal|p2a: Machamp|288/288 tox|[from] item: Leftovers\n|-damage|p2a: Machamp|252/288 tox|[from] psn\n|upkeep\n|turn|7\n|\n|t:|1769034871\n|switch|p1a: Cresselia|Cresselia, L82, F|331/331\n|move|p2a: Machamp|Knock Off|p1a: Cresselia\n|-supereffective|p1a: Cresselia\n|-damage|p1a: Cresselia|183/331\n|-enditem|p1a: Cresselia|Leftovers|[from] move: Knock Off|[of] p2a: Machamp\n|\n|-heal|p2a: Machamp|270/288 tox|[from] item: Leftovers\n|-damage|p2a: Machamp|216/288 tox|[from] psn\n|upkeep\n|turn|8\n|\n|t:|1769034883\n|switch|p2a: Swoobat|Swoobat, L88, M|261/261\n|move|p1a: Cresselia|Moonlight|p1a: Cresselia\n|-heal|p1a: Cresselia|331/331\n|\n|upkeep\n|turn|9\n|\n|t:|1769034890\n|switch|p1a: Empoleon|Empoleon, L83, F|275/275\n|-activate|p1a: Empoleon|move: Sticky Web\n|-unboost|p1a: Empoleon|spe|1\n|move|p2a: Swoobat|Calm Mind|p2a: Swoobat\n|-boost|p2a: Swoobat|spa|2\n|-boost|p2a: Swoobat|spd|2\n|\n|upkeep\n|turn|10\n|\n|t:|1769034898\n|move|p2a: Swoobat|Calm Mind|p2a: Swoobat\n|-boost|p2a: Swoobat|spa|2\n|-boost|p2a: Swoobat|spd|2\n|move|p1a: Empoleon|Toxic|p2a: Swoobat\n|-status|p2a: Swoobat|tox\n|\n|-damage|p2a: Swoobat|245/261 tox|[from] psn\n|upkeep\n|turn|11\n|\n|t:|1769034907\n|move|p2a: Swoobat|Heat Wave|p1a: Empoleon\n|-damage|p1a: Empoleon|114/275\n|move|p1a: Empoleon|Defog|p2a: Swoobat\n|-unboost|p2a: Swoobat|evasion|2\n|-sideend|p1: La.Hellhound|Sticky Web|[from] move: Defog|[of] p1a: Empoleon\n|\n|-heal|p2a: Swoobat|261/261 tox|[from] item: Leftovers\n|-heal|p1a: Empoleon|131/275|[from] item: Leftovers\n|-damage|p2a: Swoobat|229/261 tox|[from] psn\n|upkeep\n|turn|12\n|\n|t:|1769034917\n|move|p1a: Empoleon|Protect|p1a: Empoleon\n|-singleturn|p1a: Empoleon|Protect\n|move|p2a: Swoobat|Calm Mind|p2a: Swoobat\n|-boost|p2a: Swoobat|spa|2\n|-boost|p2a: Swoobat|spd|2\n|\n|-heal|p2a: Swoobat|245/261 tox|[from] item: Leftovers\n|-heal|p1a: Empoleon|148/275|[from] item: Leftovers\n|-damage|p2a: Swoobat|197/261 tox|[from] psn\n|upkeep\n|turn|13\n|\n|t:|1769034926\n|switch|p1a: Cresselia|Cresselia, L82, F|331/331\n|move|p2a: Swoobat|Stored Power|p1a: Cresselia\n|-resisted|p1a: Cresselia\n|-damage|p1a: Cresselia|0 fnt\n|faint|p1a: Cresselia\n|\n|-heal|p2a: Swoobat|213/261 tox|[from] item: Leftovers\n|-damage|p2a: Swoobat|149/261 tox|[from] psn\n|upkeep\n|\n|t:|1769034937\n|switch|p1a: Delcatty|Delcatty, L99, F|299/299\n|turn|14\n|\n|t:|1769034942\n|move|p1a: Delcatty|Fake Out|p2a: Swoobat\n|-damage|p2a: Swoobat|76/261 tox\n|cant|p2a: Swoobat|flinch\n|\n|-heal|p2a: Swoobat|92/261 tox|[from] item: Leftovers\n|-damage|p2a: Swoobat|12/261 tox|[from] psn\n|upkeep\n|turn|15\n|\n|t:|1769034951\n|switch|p1a: Empoleon|Empoleon, L83, F|148/275\n|move|p2a: Swoobat|Stored Power|p1a: Empoleon\n|-resisted|p1a: Empoleon\n|-damage|p1a: Empoleon|0 fnt\n|faint|p1a: Empoleon\n|\n|-heal|p2a: Swoobat|28/261 tox|[from] item: Leftovers\n|-damage|p2a: Swoobat|0 fnt|[from] psn\n|faint|p2a: Swoobat\n|upkeep\n|\n|t:|1769034977\n|switch|p2a: Machamp|Machamp, L84, M|216/288 tox\n|switch|p1a: Naganadel|Naganadel, L74|230/230\n|turn|16\n|\n|t:|1769034986\n|move|p1a: Naganadel|Draco Meteor|p2a: Machamp\n|-damage|p2a: Machamp|0 fnt\n|-unboost|p1a: Naganadel|spa|2\n|faint|p2a: Machamp\n|-ability|p1a: Naganadel|Beast Boost|boost\n|-boost|p1a: Naganadel|spa|1\n|\n|upkeep\n|\n|t:|1769034992\n|switch|p2a: Dugtrio|Dugtrio, L84, F|196/196\n|turn|17\n|\n|t:|1769034996\n|move|p2a: Dugtrio|Earthquake|p1a: Naganadel\n|-supereffective|p1a: Naganadel\n|-crit|p1a: Naganadel\n|-damage|p1a: Naganadel|0 fnt\n|faint|p1a: Naganadel\n|-damage|p2a: Dugtrio|177/196|[from] item: Life Orb\n|\n|upkeep\n|\n|t:|1769035002\n|switch|p1a: Breloom|Breloom, L84, M|238/238\n|turn|18\n|\n|t:|1769035014\n|switch|p2a: Kricketune|Kricketune, L97, F|306/306\n|move|p1a: Breloom|Spore|p2a: Kricketune\n|-status|p2a: Kricketune|slp|[from] move: Spore\n|\n|upkeep\n|turn|19\n|\n|t:|1769035025\n|cant|p2a: Kricketune|slp\n|move|p1a: Breloom|Rock Tomb|p2a: Kricketune\n|-supereffective|p2a: Kricketune\n|-damage|p2a: Kricketune|59/306 slp\n|-unboost|p2a: Kricketune|spe|1\n|-damage|p1a: Breloom|215/238|[from] item: Life Orb\n|\n|upkeep\n|turn|20\n|\n|t:|1769035034\n|switch|p1a: Delcatty|Delcatty, L99, F|299/299\n|switch|p2a: Clawitzer|Clawitzer, L87, F|143/265\n|\n|upkeep\n|turn|21\n|\n|t:|1769035043\n|switch|p2a: Dugtrio|Dugtrio, L84, F|177/196\n|move|p1a: Delcatty|Fake Out|p2a: Dugtrio\n|-damage|p2a: Dugtrio|104/196\n|\n|upkeep\n|turn|22\n|\n|t:|1769035049\n|move|p2a: Dugtrio|Earthquake|p1a: Delcatty\n|-damage|p1a: Delcatty|150/299\n|-damage|p2a: Dugtrio|85/196|[from] item: Life Orb\n|move|p1a: Delcatty|Double-Edge|p2a: Dugtrio\n|-damage|p2a: Dugtrio|0 fnt\n|faint|p2a: Dugtrio\n|-damage|p1a: Delcatty|122/299|[from] Recoil\n|\n|upkeep\n|\n|t:|1769035054\n|switch|p2a: Lucario|Lucario, L74, F|226/226\n|turn|23\n|\n|t:|1769035062\n|detailschange|p2a: Lucario|Lucario-Mega, L74, F\n|-mega|p2a: Lucario|Lucario|Lucarionite\n|move|p2a: Lucario|Vacuum Wave|p1a: Delcatty\n|-supereffective|p1a: Delcatty\n|-damage|p1a: Delcatty|0 fnt\n|faint|p1a: Delcatty\n|\n|upkeep\n|\n|t:|1769035067\n|switch|p1a: Breloom|Breloom, L84, M|215/238\n|turn|24\n|\n|t:|1769035071\n|move|p1a: Breloom|Mach Punch|p2a: Lucario\n|-supereffective|p2a: Lucario\n|-damage|p2a: Lucario|0 fnt\n|faint|p2a: Lucario\n|detailschange|p2: Lucario|Lucario, L74, F|[silent]\n|-damage|p1a: Breloom|192/238|[from] item: Life Orb\n|\n|upkeep\n|\n|t:|1769035074\n|switch|p2a: Clawitzer|Clawitzer, L87, F|143/265\n|turn|25\n|\n|t:|1769035079\n|move|p1a: Breloom|Bullet Seed|p2a: Clawitzer\n|-supereffective|p2a: Clawitzer\n|-damage|p2a: Clawitzer|16/265\n|-supereffective|p2a: Clawitzer\n|-damage|p2a: Clawitzer|0 fnt\n|faint|p2a: Clawitzer\n|-hitcount|p2: Clawitzer|2\n|-damage|p1a: Breloom|169/238|[from] item: Life Orb\n|\n|upkeep\n|\n|t:|1769035082\n|switch|p2a: Kricketune|Kricketune, L97, F|59/306 slp\n|turn|26\n|\n|t:|1769035090\n|move|p1a: Breloom|Mach Punch|p2a: Kricketune\n|-resisted|p2a: Kricketune\n|-damage|p2a: Kricketune|0 fnt\n|faint|p2a: Kricketune\n|-damage|p1a: Breloom|146/238|[from] item: Life Orb\n|\n|win|La.Hellhound\n|raw|La.Hellhound's rating: 1751 &rarr; <strong>1764</strong><br />(+13 for winning)\n|raw|archie87975's rating: 1617 &rarr; <strong>1604</strong><br />(-13 for losing)\n|l|☆archie87975\n|player|p2|\n", "inputlog": ">version 3bd1a1e329da8d286644078cfc9a9638fc7ea025\n>start {\"formatid\":\"gen7randombattle\",\"seed\":\"sodium,ba0eab506733c0a1466c8ef71a95bcbd\",\"rated\":\"Rated battle\"}\n>player p1 {\"name\":\"La.Hellhound\",\"avatar\":\"alder\",\"rating\":1751,\"seed\":\"sodium,2b68541f71f2efb5e8e1832b0ea125e6\"}\n>player p2 {\"name\":\"archie87975\",\"avatar\":\"youngn\",\"rating\":1617,\"seed\":\"sodium,0aac43379d21fdadd6a24e0387f8ddcb\"}\n>p1 move fireblast\n>p2 move stickyweb\n>p1 move moonblast\n>p2 switch 2\n>p1 move calmmind\n>p2 move waterpulse\n>p1 move softboiled\n>p2 move waterpulse\n>p1 switch 6\n>p1 move toxic\n>p2 switch 6\n>p1 move protect\n>p2 move dynamicpunch\n>p1 switch 5\n>p2 move knockoff\n>p1 move moonlight\n>p2 switch 3\n>p1 switch 5\n>p2 move calmmind\n>p1 move toxic\n>p2 move calmmind\n>p1 move defog\n>p2 move heatwave\n>p1 move protect\n>p2 move calmmind\n>p1 switch 5\n>p2 move storedpower\n>p1 switch 4\n>p1 move fakeout\n>p2 move storedpower\n>p1 switch 5\n>p2 move storedpower\n>p1 switch 2\n>p2 switch 3\n>p1 move dracometeor\n>p2 move dynamicpunch\n>p2 switch 4\n>p1 move dracometeor\n>p2 move earthquake\n>p1 switch 3\n>p1 move spore\n>p2 switch 2\n>p1 move rocktomb\n>p2 move leechlife\n>p1 switch 5\n>p2 switch 6\n>p1 move fakeout\n>p2 switch 2\n>p1 move doubleedge\n>p2 move earthquake\n>p2 switch 5\n>p1 move thunderwave\n>p2 move vacuumwave mega\n>p1 switch 5\n>p1 move machpunch\n>p2 move flashcannon\n>p2 switch 2\n>p1 move bulletseed\n>p2 move icebeam\n>p2 switch 6\n>p1 move machpunch\n>p2 move leechlife", "uploadtime": 1769035095, "views": 171, "formatid": "gen7randombattle", "rating": 1604, "private": 0, "password": null}