{"id": "gen7randombattle-2532121608", "format": "[Gen 7] Random Battle", "players": ["Snoop Rogue", "86Stingray"], "log": "|j|☆Snoop Rogue\n|j|☆86Stingray\n|t:|1770142036\n|gametype|singles\n|player|p1|Snoop Rogue|koga-lgpe|1764\n|player|p2|86Stingray|backersf|1699\n|gen|7\n|tier|[Gen 7] Random Battle\n|rated|\n|rule|Sleep Clause Mod: Limit one foe put to sleep\n|rule|HP Percentage Mod: HP is shown in percentages\n|rule|Illusion Level Mod: Illusion disguises the Pokémon's true level\n|\n|t:|1770142036\n|teamsize|p1|6\n|teamsize|p2|6\n|start\n|switch|p1a: Bruxish|Bruxish, L85, M|254/254\n|switch|p2a: Breloom|Breloom, L84, F|238/238\n|turn|1\n|inactive|Battle timer is ON: inactive players will automatically lose when time's up. (requested by Snoop Rogue)\n|\n|t:|1770142045\n|switch|p2a: Bastiodon|Bastiodon, L94, F|265/265\n|move|p1a: Bruxish|Psychic Fangs|p2a: Bastiodon\n|-resisted|p2a: Bastiodon\n|-damage|p2a: Bastiodon|208/265\n|\n|-heal|p2a: Bastiodon|224/265|[from] item: Leftovers\n|upkeep\n|turn|2\n|\n|t:|1770142052\n|switch|p1a: Toxicroak|Toxicroak, L84, M|277/277\n|move|p2a: Bastiodon|Stealth Rock|p1a: Toxicroak\n|-sidestart|p1: Snoop Rogue|move: Stealth Rock\n|\n|-heal|p2a: Bastiodon|240/265|[from] item: Leftovers\n|upkeep\n|turn|3\n|\n|t:|1770142066\n|switch|p2a: Delibird|Delibird, F|251/251\n|move|p1a: Toxicroak|Swords Dance|p1a: Toxicroak\n|-boost|p1a: Toxicroak|atk|2\n|\n|upkeep\n|turn|4\n|\n|t:|1770142074\n|switch|p1a: Celesteela|Celesteela, L78|279/279\n|-damage|p1a: Celesteela|245/279|[from] Stealth Rock\n|move|p2a: Delibird|Destiny Bond|p2a: Delibird\n|-singlemove|p2a: Delibird|Destiny Bond\n|\n|upkeep\n|turn|5\n|\n|t:|1770142086\n|move|p2a: Delibird|Spikes|p1a: Celesteela\n|-sidestart|p1: Snoop Rogue|Spikes\n|move|p1a: Celesteela|Heavy Slam|p2a: Delibird\n|-supereffective|p2a: Delibird\n|-damage|p2a: Delibird|0 fnt\n|faint|p2a: Delibird\n|-ability|p1a: Celesteela|Beast Boost|boost\n|-boost|p1a: Celesteela|spa|1\n|\n|upkeep\n|\n|t:|1770142097\n|switch|p2a: Wailord|Wailord, L94, F|471/471\n|turn|6\n|\n|t:|1770142103\n|move|p2a: Wailord|Hydro Pump|p1a: Celesteela\n|-damage|p1a: Celesteela|152/279\n|move|p1a: Celesteela|Air Slash|p2a: Wailord\n|-damage|p2a: Wailord|297/471\n|\n|upkeep\n|turn|7\n|\n|t:|1770142109\n|move|p2a: Wailord|Hydro Pump|p1a: Celesteela\n|-damage|p1a: Celesteela|64/279\n|move|p1a: Celesteela|Air Slash|p2a: Wailord\n|-damage|p2a: Wailord|150/471\n|\n|upkeep\n|turn|8\n|\n|t:|1770142114\n|switch|p1a: Toxicroak|Toxicroak, L84, M|277/277\n|-damage|p1a: Toxicroak|260/277|[from] Stealth Rock\n|-damage|p1a: Toxicroak|226/277|[from] Spikes\n|move|p2a: Wailord|Hydro Pump|p1a: Toxicroak\n|-heal|p1a: Toxicroak|277/277|[from] ability: Dry Skin|[of] p2a: Wailord\n|\n|upkeep\n|turn|9\n|\n|t:|1770142123\n|switch|p2a: Druddigon|Druddigon, L86, F|273/273\n|move|p1a: Toxicroak|Swords Dance|p1a: Toxicroak\n|-boost|p1a: Toxicroak|atk|2\n|\n|upkeep\n|turn|10\n|\n|t:|1770142129\n|move|p1a: Toxicroak|Gunk Shot|p2a: Druddigon\n|-damage|p2a: Druddigon|0 fnt\n|faint|p2a: Druddigon\n|-damage|p1a: Toxicroak|250/277|[from] item: Life Orb\n|\n|upkeep\n|-message|86Stingray forfeited.\n|\n|win|Snoop Rogue\n|raw|Snoop Rogue's rating: 1764 &rarr; <strong>1780</strong><br />(+16 for winning)\n|raw|86Stingray's rating: 1699 &rarr; <strong>1683</strong><br />(-16 for losing)\n|l|☆86Stingray\n|player|p2|\n", "inputlog": ">version ccdc32dd7cde25fd9e4bed64820e885f66e78a4e\n>start {\"formatid\":\"gen7randombattle\",\"seed\":\"sodium,a15dd64676ba94f7f1e6fd53a22bd73b\",\"rated\":\"Rated battle\"}\n>player p1 {\"name\":\"Snoop Rogue\",\"avatar\":\"koga-lgpe\",\"rating\":1764,\"seed\":\"sodium,f932477cb47c12a195f9772dd281b14b\"}\n>player p2 {\"name\":\"86Stingray\",\"avatar\":\"backersf\",\"rating\":1699,\"seed\":\"sodium,4d163c1d3feb3a741abd2b28255c446f\"}\n>p1 move psychicfangs\n>p2 switch 5\n>p1 switch 4\n>p2 move stealthrock\n>p1 move swordsdance\n>p2 switch 3\n>p1 switch 3\n>p2 move destinybond\n>p1 move heavyslam\n>p2 move spikes\n>p2 switch 6\n>p1 move airslash\n>p2 move hydropump\n>p1 move airslash\n>p2 move hydropump\n>p1 switch 3\n>p2 move hydropump\n>p1 move swordsdance\n>p2 switch 4\n>p1 move gunkshot\n>p2 move dragontail\n>forcelose p2", "uploadtime": 1770142144, "views": 138, "formatid": "gen7randombattle", "rating": 1683, "private": 0, "password": null}