{"id": "gen7randombattle-2528466507", "format": "[Gen 7] Random Battle", "players": ["jwsj5852", "lkadjsfadfa"], "log": "|j|☆jwsj5852\n|j|☆lkadjsfadfa\n|t:|1769660290\n|gametype|singles\n|player|p1|jwsj5852|caitlin|1581\n|player|p2|lkadjsfadfa|102|1675\n|gen|7\n|tier|[Gen 7] Random Battle\n|rated|\n|rule|Sleep Clause Mod: Limit one foe put to sleep\n|rule|HP Percentage Mod: HP is shown in percentages\n|rule|Illusion Level Mod: Illusion disguises the Pokémon's true level\n|\n|t:|1769660290\n|teamsize|p1|6\n|teamsize|p2|6\n|start\n|switch|p1a: Machamp|Machamp, L84, M|288/288\n|switch|p2a: Banette|Banette, L87, F|253/253\n|-item|p1a: Machamp|Assault Vest|[from] ability: Frisk|[of] p2a: Banette\n|turn|1\n|inactive|Battle timer is ON: inactive players will automatically lose when time's up. (requested by lkadjsfadfa)\n|j| gojk\n|\n|t:|1769660315\n|switch|p2a: Primarina|Primarina, L83, F|268/268\n|switch|p1a: Forretress|Forretress, L81, F|254/254\n|\n|upkeep\n|turn|2\n|\n|t:|1769660334\n|switch|p1a: Poliwrath|Poliwrath, L91, M|312/312\n|move|p2a: Primarina|Scald|p1a: Poliwrath\n|-resisted|p1a: Poliwrath\n|-damage|p1a: Poliwrath|269/312\n|\n|upkeep\n|turn|3\n|\n|t:|1769660350\n|switch|p2a: Walrein|Walrein, L90, F|344/344\n|move|p1a: Poliwrath|Rain Dance|p1a: Poliwrath\n|-weather|RainDance\n|\n|-weather|RainDance|[upkeep]\n|upkeep\n|turn|4\n|\n|t:|1769660355\n|move|p1a: Poliwrath|Focus Blast|p2a: Walrein\n|-supereffective|p2a: Walrein\n|-damage|p2a: Walrein|40/344\n|-damage|p1a: Poliwrath|238/312|[from] item: Life Orb\n|move|p2a: Walrein|Toxic|p1a: Poliwrath\n|-status|p1a: Poliwrath|tox\n|\n|-weather|RainDance|[upkeep]\n|-heal|p2a: Walrein|61/344|[from] item: Leftovers\n|-damage|p1a: Poliwrath|219/312 tox|[from] psn\n|upkeep\n|turn|5\n|\n|t:|1769660360\n|move|p2a: Walrein|Protect|p2a: Walrein\n|-singleturn|p2a: Walrein|Protect\n|move|p1a: Poliwrath|Waterfall|p2a: Walrein\n|-activate|p2a: Walrein|move: Protect\n|\n|-weather|RainDance|[upkeep]\n|-heal|p2a: Walrein|82/344|[from] item: Leftovers\n|-damage|p1a: Poliwrath|181/312 tox|[from] psn\n|upkeep\n|turn|6\n|\n|t:|1769660366\n|move|p2a: Walrein|Protect|p2a: Walrein\n|-singleturn|p2a: Walrein|Protect\n|move|p1a: Poliwrath|Focus Blast|p2a: Walrein\n|-activate|p2a: Walrein|move: Protect\n|\n|-weather|RainDance|[upkeep]\n|-heal|p2a: Walrein|103/344|[from] item: Leftovers\n|-damage|p1a: Poliwrath|124/312 tox|[from] psn\n|upkeep\n|turn|7\n|\n|t:|1769660368\n|move|p2a: Walrein|Protect||[still]\n|-fail|p2a: Walrein\n|move|p1a: Poliwrath|Waterfall|p2a: Walrein\n|-resisted|p2a: Walrein\n|-damage|p2a: Walrein|12/344\n|-damage|p1a: Poliwrath|93/312 tox|[from] item: Life Orb\n|\n|-weather|none\n|-heal|p2a: Walrein|33/344|[from] item: Leftovers\n|-damage|p1a: Poliwrath|17/312 tox|[from] psn\n|upkeep\n|turn|8\n|\n|t:|1769660371\n|move|p2a: Walrein|Protect|p2a: Walrein\n|-singleturn|p2a: Walrein|Protect\n|move|p1a: Poliwrath|Waterfall|p2a: Walrein\n|-activate|p2a: Walrein|move: Protect\n|\n|-heal|p2a: Walrein|54/344|[from] item: Leftovers\n|-damage|p1a: Poliwrath|0 fnt|[from] psn\n|faint|p1a: Poliwrath\n|upkeep\n|\n|t:|1769660374\n|switch|p1a: Floatzel|Floatzel, L86, F|286/286\n|turn|9\n|\n|t:|1769660382\n|move|p1a: Floatzel|Crunch|p2a: Walrein\n|-damage|p2a: Walrein|0 fnt\n|faint|p2a: Walrein\n|\n|upkeep\n|\n|t:|1769660391\n|switch|p2a: Primarina|Primarina, L83, F|268/268\n|turn|10\n|\n|t:|1769660398\n|switch|p1a: Forretress|Forretress, L81, F|254/254\n|move|p2a: Primarina|Moonblast|p1a: Forretress\n|-resisted|p1a: Forretress\n|-damage|p1a: Forretress|166/254\n|\n|-heal|p1a: Forretress|181/254|[from] item: Leftovers\n|upkeep\n|turn|11\n|\n|t:|1769660403\n|move|p2a: Primarina|Moonblast|p1a: Forretress\n|-resisted|p1a: Forretress\n|-damage|p1a: Forretress|98/254\n|move|p1a: Forretress|Toxic|p2a: Primarina\n|-status|p2a: Primarina|tox\n|\n|-heal|p1a: Forretress|113/254|[from] item: Leftovers\n|-damage|p2a: Primarina|252/268 tox|[from] psn\n|upkeep\n|turn|12\n|\n|t:|1769660406\n|move|p2a: Primarina|Moonblast|p1a: Forretress\n|-resisted|p1a: Forretress\n|-damage|p1a: Forretress|29/254\n|move|p1a: Forretress|Stealth Rock|p2a: Primarina\n|-sidestart|p2: lkadjsfadfa|move: Stealth Rock\n|\n|-heal|p1a: Forretress|44/254|[from] item: Leftovers\n|-damage|p2a: Primarina|220/268 tox|[from] psn\n|upkeep\n|turn|13\n|\n|t:|1769660409\n|move|p2a: Primarina|Moonblast|p1a: Forretress\n|-resisted|p1a: Forretress\n|-damage|p1a: Forretress|0 fnt\n|faint|p1a: Forretress\n|\n|-damage|p2a: Primarina|172/268 tox|[from] psn\n|upkeep\n|\n|t:|1769660413\n|switch|p1a: Glaceon|Glaceon, L90, F|263/263\n|turn|14\n|\n|t:|1769660419\n|move|p2a: Primarina|Moonblast|p1a: Glaceon\n|-damage|p1a: Glaceon|151/263\n|move|p1a: Glaceon|Wish|p1a: Glaceon\n|\n|-heal|p1a: Glaceon|167/263|[from] item: Leftovers\n|-damage|p2a: Primarina|108/268 tox|[from] psn\n|upkeep\n|turn|15\n|\n|t:|1769660429\n|switch|p2a: Probopass|Probopass, L92, F|260/260\n|-damage|p2a: Probopass|244/260|[from] Stealth Rock\n|-item|p2a: Probopass|Air Balloon\n|move|p1a: Glaceon|Ice Beam|p2a: Probopass\n|-resisted|p2a: Probopass\n|-damage|p2a: Probopass|199/260\n|-enditem|p2a: Probopass|Air Balloon\n|\n|-heal|p1a: Glaceon|263/263|[from] move: Wish|[wisher] Glaceon\n|upkeep\n|turn|16\n|\n|t:|1769660434\n|move|p1a: Glaceon|Hidden Power|p2a: Probopass\n|-supereffective|p2a: Probopass\n|-damage|p2a: Probopass|39/260\n|move|p2a: Probopass|Thunder Wave|p1a: Glaceon\n|-status|p1a: Glaceon|par\n|\n|upkeep\n|turn|17\n|\n|t:|1769660449\n|move|p2a: Probopass|Flash Cannon|p1a: Glaceon\n|-supereffective|p1a: Glaceon\n|-damage|p1a: Glaceon|111/263 par\n|cant|p1a: Glaceon|par\n|\n|-heal|p1a: Glaceon|127/263 par|[from] item: Leftovers\n|upkeep\n|turn|18\n|\n|t:|1769660453\n|switch|p1a: Floatzel|Floatzel, L86, F|286/286\n|move|p2a: Probopass|Flash Cannon|p1a: Floatzel\n|-resisted|p1a: Floatzel\n|-damage|p1a: Floatzel|231/286\n|\n|upkeep\n|turn|19\n|\n|t:|1769660457\n|move|p1a: Floatzel|Liquidation|p2a: Probopass\n|-supereffective|p2a: Probopass\n|-damage|p2a: Probopass|0 fnt\n|faint|p2a: Probopass\n|\n|upkeep\n|\n|t:|1769660467\n|switch|p2a: Torterra|Torterra, L88, M|310/310\n|-damage|p2a: Torterra|291/310|[from] Stealth Rock\n|turn|20\n|\n|t:|1769660472\n|move|p1a: Floatzel|Liquidation|p2a: Torterra\n|-damage|p2a: Torterra|161/310\n|move|p2a: Torterra|Wood Hammer|p1a: Floatzel\n|-supereffective|p1a: Floatzel\n|-damage|p1a: Floatzel|0 fnt\n|faint|p1a: Floatzel\n|-damage|p2a: Torterra|85/310|[from] Recoil\n|\n|-heal|p2a: Torterra|104/310|[from] item: Leftovers\n|upkeep\n|\n|t:|1769660481\n|switch|p1a: Salamence|Salamence, L70, F|249/249\n|-ability|p1a: Salamence|Intimidate|boost\n|-unboost|p2a: Torterra|atk|1\n|turn|21\n|\n|t:|1769660489\n|switch|p2a: Banette|Banette, L87, F|253/253\n|-damage|p2a: Banette|222/253|[from] Stealth Rock\n|-item|p1a: Salamence|Salamencite|[from] ability: Frisk|[of] p2a: Banette\n|detailschange|p1a: Salamence|Salamence-Mega, L70, F\n|-mega|p1a: Salamence|Salamence|Salamencite\n|move|p1a: Salamence|Dragon Dance|p1a: Salamence\n|-boost|p1a: Salamence|atk|1\n|-boost|p1a: Salamence|spe|1\n|\n|upkeep\n|turn|22\n|\n|t:|1769660494\n|detailschange|p2a: Banette|Banette-Mega, L87, F\n|-mega|p2a: Banette|Banette|Banettite\n|move|p2a: Banette|Destiny Bond|p2a: Banette\n|-singlemove|p2a: Banette|Destiny Bond\n|move|p1a: Salamence|Double-Edge|p2a: Banette\n|-damage|p2a: Banette|0 fnt\n|faint|p2a: Banette\n|-activate|p2a: Banette|move: Destiny Bond\n|detailschange|p2: Banette|Banette, L87, F|[silent]\n|faint|p1a: Salamence\n|detailschange|p1: Salamence|Salamence, L70, F|[silent]\n|\n|upkeep\n|\n|t:|1769660503\n|switch|p1a: Machamp|Machamp, L84, M|288/288\n|switch|p2a: Venomoth|Venomoth, L82, M|249/249\n|-damage|p2a: Venomoth|187/249|[from] Stealth Rock\n|turn|23\n|\n|t:|1769660509\n|move|p2a: Venomoth|Quiver Dance|p2a: Venomoth\n|-boost|p2a: Venomoth|spa|1\n|-boost|p2a: Venomoth|spd|1\n|-boost|p2a: Venomoth|spe|1\n|move|p1a: Machamp|Stone Edge|p2a: Venomoth\n|-supereffective|p2a: Venomoth\n|-damage|p2a: Venomoth|0 fnt\n|faint|p2a: Venomoth\n|\n|upkeep\n|\n|t:|1769660517\n|switch|p2a: Primarina|Primarina, L83, F|108/268 tox\n|-damage|p2a: Primarina|75/268 tox|[from] Stealth Rock\n|turn|24\n|\n|t:|1769660526\n|switch|p1a: Glaceon|Glaceon, L90, F|127/263 par\n|move|p2a: Primarina|Scald|p1a: Glaceon\n|-damage|p1a: Glaceon|0 fnt\n|faint|p1a: Glaceon\n|\n|-damage|p2a: Primarina|59/268 tox|[from] psn\n|upkeep\n|\n|t:|1769660529\n|switch|p1a: Machamp|Machamp, L84, M|288/288\n|turn|25\n|\n|t:|1769660531\n|move|p1a: Machamp|Bullet Punch|p2a: Primarina\n|-damage|p2a: Primarina|17/268 tox\n|move|p2a: Primarina|Scald|p1a: Machamp\n|-damage|p1a: Machamp|182/288\n|\n|-damage|p2a: Primarina|0 fnt|[from] psn\n|faint|p2a: Primarina\n|upkeep\n|\n|t:|1769660534\n|switch|p2a: Torterra|Torterra, L88, M|104/310\n|-damage|p2a: Torterra|85/310|[from] Stealth Rock\n|turn|26\n|\n|t:|1769660537\n|move|p2a: Torterra|Synthesis|p2a: Torterra\n|-heal|p2a: Torterra|240/310\n|move|p1a: Machamp|Dynamic Punch|p2a: Torterra\n|-damage|p2a: Torterra|134/310\n|-start|p2a: Torterra|confusion\n|\n|-heal|p2a: Torterra|153/310|[from] item: Leftovers\n|upkeep\n|turn|27\n|\n|t:|1769660545\n|-activate|p2a: Torterra|confusion\n|-damage|p2a: Torterra|126/310|[from] confusion\n|move|p1a: Machamp|Dynamic Punch|p2a: Torterra\n|-damage|p2a: Torterra|8/310\n|\n|-heal|p2a: Torterra|27/310|[from] item: Leftovers\n|upkeep\n|turn|28\n|\n|t:|1769660560\n|move|p1a: Machamp|Bullet Punch|p2a: Torterra\n|-damage|p2a: Torterra|0 fnt\n|faint|p2a: Torterra\n|\n|win|jwsj5852\n|raw|jwsj5852's rating: 1581 &rarr; <strong>1606</strong><br />(+25 for winning)\n|raw|lkadjsfadfa's rating: 1675 &rarr; <strong>1650</strong><br />(-25 for losing)\n|l|☆lkadjsfadfa\n|player|p2|\n|l|☆jwsj5852\n|player|p1|\n", "inputlog": ">version b99ff0165a6231f17e8b78c2a78d1998375de664\n>start {\"formatid\":\"gen7randombattle\",\"seed\":\"sodium,2ade4fece77ea29428f9bfb26d55fe44\",\"rated\":\"Rated battle\"}\n>player p1 {\"name\":\"jwsj5852\",\"avatar\":\"caitlin\",\"rating\":1581,\"seed\":\"sodium,d3c2742f421ff496a28e17534890633d\"}\n>player p2 {\"name\":\"lkadjsfadfa\",\"avatar\":\"102\",\"rating\":1675,\"seed\":\"sodium,e5233216f2634a6392b15dbde1244d37\"}\n>p1 switch 5\n>p2 switch 3\n>p1 switch 3\n>p2 move scald\n>p1 move raindance\n>p2 switch 5\n>p1 move focusblast\n>p2 move toxic\n>p1 move waterfall\n>p2 move protect\n>p1 move focusblast\n>p2 move protect\n>p1 move waterfall\n>p2 move protect\n>p1 move waterfall\n>p2 move protect\n>p1 switch 4\n>p1 move crunch\n>p2 move toxic\n>p2 switch 5\n>p1 switch 3\n>p2 move moonblast\n>p1 move toxic\n>p2 move moonblast\n>p1 move stealthrock\n>p2 move moonblast\n>p1 move gyroball\n>p2 move moonblast\n>p1 switch 6\n>p1 move wish\n>p2 move moonblast\n>p1 move icebeam\n>p2 switch 4\n>p1 move hiddenpower\n>p2 move thunderwave\n>p1 move icebeam\n>p2 move flashcannon\n>p1 switch 3\n>p2 move flashcannon\n>p1 move liquidation\n>p2 move voltswitch\n>p2 switch 6\n>p1 move liquidation\n>p2 move woodhammer\n>p1 switch 2\n>p1 move dragondance mega\n>p2 switch 3\n>p1 move doubleedge\n>p2 move destinybond mega\n>p1 switch 5\n>p2 switch 2\n>p1 move stoneedge\n>p2 move quiverdance\n>p2 switch 4\n>p1 switch 3\n>p2 move scald\n>p1 switch 3\n>p1 move bulletpunch\n>p2 move scald\n>p2 switch 3\n>p1 move dynamicpunch\n>p2 move synthesis\n>p1 move dynamicpunch\n>p2 move earthquake\n>p1 move bulletpunch\n>p2 move woodhammer", "uploadtime": 1769660572, "views": 168, "formatid": "gen7randombattle", "rating": 1606, "private": 0, "password": null}