{"id": "gen7randombattle-2535838930", "format": "[Gen 7] Random Battle", "players": ["JonNeige", "plop in my pants"], "log": "|j|☆JonNeige\n|j|☆plop in my pants\n|t:|1770617912\n|gametype|singles\n|player|p1|JonNeige|drayden|1509\n|player|p2|plop in my pants|teamrocket|1734\n|gen|7\n|tier|[Gen 7] Random Battle\n|rated|\n|rule|Sleep Clause Mod: Limit one foe put to sleep\n|rule|HP Percentage Mod: HP is shown in percentages\n|rule|Illusion Level Mod: Illusion disguises the Pokémon's true level\n|\n|t:|1770617912\n|teamsize|p1|6\n|teamsize|p2|6\n|start\n|switch|p1a: Gligar|Gligar, L82, M|241/241\n|switch|p2a: Kingdra|Kingdra, L85, F|266/266\n|turn|1\n|inactive|Battle timer is ON: inactive players will automatically lose when time's up. (requested by plop in my pants)\n|\n|t:|1770617925\n|move|p2a: Kingdra|Ice Beam|p1a: Gligar\n|-supereffective|p1a: Gligar\n|-damage|p1a: Gligar|0 fnt\n|faint|p1a: Gligar\n|-damage|p2a: Kingdra|240/266|[from] item: Life Orb\n|\n|upkeep\n|\n|t:|1770617930\n|switch|p1a: Passimian|Passimian, L84, F|305/305\n|turn|2\n|\n|t:|1770617946\n|move|p1a: Passimian|Knock Off|p2a: Kingdra\n|-damage|p2a: Kingdra|163/266\n|-enditem|p2a: Kingdra|Life Orb|[from] move: Knock Off|[of] p1a: Passimian\n|move|p2a: Kingdra|Rain Dance|p2a: Kingdra\n|-weather|RainDance\n|\n|-weather|RainDance|[upkeep]\n|upkeep\n|turn|3\n|\n|t:|1770617953\n|move|p2a: Kingdra|Waterfall|p1a: Passimian\n|-damage|p1a: Passimian|187/305\n|move|p1a: Passimian|Knock Off|p2a: Kingdra\n|-damage|p2a: Kingdra|114/266\n|\n|-weather|RainDance|[upkeep]\n|upkeep\n|turn|4\n|\n|t:|1770617957\n|switch|p1a: Oranguru|Oranguru, L93, F|318/318\n|move|p2a: Kingdra|Waterfall|p1a: Oranguru\n|-damage|p1a: Oranguru|189/318\n|\n|-weather|RainDance|[upkeep]\n|upkeep\n|turn|5\n|\n|t:|1770617963\n|move|p2a: Kingdra|Waterfall|p1a: Oranguru\n|-damage|p1a: Oranguru|74/318\n|move|p1a: Oranguru|Psyshock|p2a: Kingdra\n|-crit|p2a: Kingdra\n|-damage|p2a: Kingdra|0 fnt\n|faint|p2a: Kingdra\n|\n|-weather|RainDance|[upkeep]\n|upkeep\n|\n|t:|1770617974\n|switch|p2a: Forretress|Forretress, L81, M|254/254\n|turn|6\n|\n|t:|1770617982\n|switch|p1a: Passimian|Passimian, L84, F|187/305\n|move|p2a: Forretress|Toxic Spikes|p1a: Passimian\n|-sidestart|p1: JonNeige|move: Toxic Spikes\n|\n|-weather|none\n|upkeep\n|turn|7\n|\n|t:|1770617988\n|move|p1a: Passimian|Close Combat|p2a: Forretress\n|-damage|p2a: Forretress|151/254\n|-unboost|p1a: Passimian|def|1\n|-unboost|p1a: Passimian|spd|1\n|move|p2a: Forretress|Gyro Ball|p1a: Passimian\n|-damage|p1a: Passimian|52/305\n|\n|-heal|p2a: Forretress|166/254|[from] item: Leftovers\n|upkeep\n|turn|8\n|\n|t:|1770617995\n|move|p1a: Passimian|Close Combat|p2a: Forretress\n|-damage|p2a: Forretress|57/254\n|-unboost|p1a: Passimian|def|1\n|-unboost|p1a: Passimian|spd|1\n|move|p2a: Forretress|Volt Switch|p1a: Passimian\n|-damage|p1a: Passimian|0 fnt\n|faint|p1a: Passimian\n|\n|t:|1770618010\n|switch|p2a: Kyogre|Kyogre, L72|263/263|[from] Volt Switch\n|detailschange|p2a: Kyogre|Kyogre-Primal, L72\n|-primal|p2a: Kyogre|Blue Orb\n|-weather|PrimordialSea|[from] ability: Primordial Sea|[of] p2a: Kyogre\n|\n|-weather|PrimordialSea|[upkeep]\n|upkeep\n|\n|t:|1770618015\n|switch|p1a: Nihilego|Nihilego, L79|302/302\n|-sideend|p1: JonNeige|move: Toxic Spikes|[of] p1a: Nihilego\n|turn|9\n|\n|t:|1770618019\n|switch|p1a: Oranguru|Oranguru, L93, F|74/318\n|move|p2a: Kyogre|Scald|p1a: Oranguru\n|-damage|p1a: Oranguru|0 fnt\n|faint|p1a: Oranguru\n|\n|-weather|PrimordialSea|[upkeep]\n|upkeep\n|\n|t:|1770618021\n|switch|p1a: Azelf|Azelf, L82|257/257\n|turn|10\n|\n|t:|1770618025\n|move|p1a: Azelf|Psychic|p2a: Kyogre\n|-damage|p2a: Kyogre|181/263\n|move|p2a: Kyogre|Scald|p1a: Azelf\n|-damage|p1a: Azelf|80/257\n|\n|-weather|PrimordialSea|[upkeep]\n|-heal|p1a: Azelf|96/257|[from] item: Leftovers\n|upkeep\n|turn|11\n|\n|t:|1770618030\n|move|p1a: Azelf|Psychic|p2a: Kyogre\n|-damage|p2a: Kyogre|102/263\n|move|p2a: Kyogre|Scald|p1a: Azelf\n|-damage|p1a: Azelf|0 fnt\n|faint|p1a: Azelf\n|\n|-weather|PrimordialSea|[upkeep]\n|upkeep\n|\n|t:|1770618034\n|switch|p1a: Slurpuff|Slurpuff, L79, M|258/258\n|turn|12\n|\n|t:|1770618038\n|move|p2a: Kyogre|Scald|p1a: Slurpuff\n|-damage|p1a: Slurpuff|84/258\n|-enditem|p1a: Slurpuff|Sitrus Berry|[eat]\n|-heal|p1a: Slurpuff|148/258|[from] item: Sitrus Berry\n|move|p1a: Slurpuff|Belly Drum|p1a: Slurpuff\n|-damage|p1a: Slurpuff|19/258\n|-setboost|p1a: Slurpuff|atk|6|[from] move: Belly Drum\n|\n|-weather|PrimordialSea|[upkeep]\n|upkeep\n|turn|13\n|\n|t:|1770618043\n|-weather|none\n|switch|p2a: Forretress|Forretress, L81, M|57/254\n|move|p1a: Slurpuff|Drain Punch|p2a: Forretress\n|-damage|p2a: Forretress|0 fnt\n|-heal|p1a: Slurpuff|48/258|[from] drain|[of] p2a: Forretress\n|faint|p2a: Forretress\n|\n|upkeep\n|\n|t:|1770618050\n|switch|p2a: Steelix|Steelix, L80, M|251/251\n|turn|14\n|\n|t:|1770618053\n|detailschange|p2a: Steelix|Steelix-Mega, L80, M\n|-mega|p2a: Steelix|Steelix|Steelixite\n|move|p1a: Slurpuff|Drain Punch|p2a: Steelix\n|-supereffective|p2a: Steelix\n|-damage|p2a: Steelix|105/251\n|-heal|p1a: Slurpuff|121/258|[from] drain|[of] p2a: Steelix\n|move|p2a: Steelix|Heavy Slam|p1a: Slurpuff\n|-supereffective|p1a: Slurpuff\n|-damage|p1a: Slurpuff|0 fnt\n|faint|p1a: Slurpuff\n|\n|upkeep\n|\n|t:|1770618058\n|switch|p1a: Nihilego|Nihilego, L79|302/302\n|turn|15\n|\n|t:|1770618062\n|move|p1a: Nihilego|Hidden Power|p2a: Steelix\n|-supereffective|p2a: Steelix\n|-damage|p2a: Steelix|11/251\n|move|p2a: Steelix|Heavy Slam|p1a: Nihilego\n|-supereffective|p1a: Nihilego\n|-damage|p1a: Nihilego|0 fnt\n|faint|p1a: Nihilego\n|\n|win|plop in my pants\n|raw|JonNeige's rating: 1509 &rarr; <strong>1500</strong><br />(-9 for losing)\n|raw|plop in my pants's rating: 1734 &rarr; <strong>1743</strong><br />(+9 for winning)\n|l|☆JonNeige\n|player|p1|\n", "inputlog": ">version ccdc32dd7cde25fd9e4bed64820e885f66e78a4e\n>start {\"formatid\":\"gen7randombattle\",\"seed\":\"sodium,8b05f06267228462ce728b803860b56b\",\"rated\":\"Rated battle\"}\n>player p1 {\"name\":\"JonNeige\",\"avatar\":\"drayden\",\"rating\":1509,\"seed\":\"sodium,bdaea795ce5e830ed42a1fdf86c8144c\"}\n>player p2 {\"name\":\"plop in my pants\",\"avatar\":\"teamrocket\",\"rating\":1734,\"seed\":\"sodium,23db9c0038d654b411ae6a06249ee92c\"}\n>p1 move uturn\n>p2 move icebeam\n>p1 switch 2\n>p1 move knockoff\n>p2 move raindance\n>p1 move knockoff\n>p2 move waterfall\n>p1 switch 3\n>p2 move waterfall\n>p1 move psyshock\n>p2 move waterfall\n>p2 switch 5\n>p1 switch 3\n>p2 move toxicspikes\n>p1 move closecombat\n>p2 move gyroball\n>p1 move closecombat\n>p2 move voltswitch\n>p2 switch 2\n>p1 switch 5\n>p1 switch 3\n>p2 move scald\n>p1 switch 6\n>p1 move psychic\n>p2 move scald\n>p1 move psychic\n>p2 move scald\n>p1 switch 4\n>p1 move bellydrum\n>p2 move scald\n>p1 move drainpunch\n>p2 switch 2\n>p2 switch 6\n>p1 move drainpunch\n>p2 move heavyslam mega\n>p1 switch 3\n>p1 move hiddenpower\n>p2 move heavyslam", "uploadtime": 1770618068, "views": 194, "formatid": "gen7randombattle", "rating": 1500, "private": 0, "password": null}