{"id": "gen7randombattle-2529782923", "format": "[Gen 7] Random Battle", "players": ["yeet no u", "La.Hellhound"], "log": "|j|☆yeet no u\n|j|‽La.Hellhound\n|t:|1769823714\n|gametype|singles\n|player|p1|yeet no u|anabel-gen7|1645\n|player|p2|La.Hellhound|bruno|1706\n|gen|7\n|tier|[Gen 7] Random Battle\n|rated|\n|rule|Sleep Clause Mod: Limit one foe put to sleep\n|rule|HP Percentage Mod: HP is shown in percentages\n|rule|Illusion Level Mod: Illusion disguises the Pokémon's true level\n|\n|t:|1769823714\n|teamsize|p1|6\n|teamsize|p2|6\n|start\n|switch|p1a: Minun|Minun, L95, M|268/268\n|switch|p2a: Blastoise|Blastoise, L82, F|264/264\n|turn|1\n|inactive|Battle timer is ON: inactive players will automatically lose when time's up. (requested by La.Hellhound)\n|inactive|yeet no u has 120 seconds left.\n|inactive|La.Hellhound has 120 seconds left.\n|inactive|yeet no u has 90 seconds left.\n|\n|t:|1769823775\n|detailschange|p2a: Blastoise|Blastoise-Mega, L82, F\n|-mega|p2a: Blastoise|Blastoise|Blastoisinite\n|move|p1a: Minun|Nasty Plot|p1a: Minun\n|-boost|p1a: Minun|spa|2\n|move|p2a: Blastoise|Scald|p1a: Minun\n|-damage|p1a: Minun|163/268\n|-status|p1a: Minun|brn\n|\n|-heal|p1a: Minun|179/268 brn|[from] item: Leftovers\n|-damage|p1a: Minun|163/268 brn|[from] brn\n|upkeep\n|turn|2\n|\n|t:|1769823787\n|switch|p2a: Ditto|Ditto, L83|215/215\n|-transform|p2a: Ditto|p1a: Minun|[from] ability: Imposter\n|move|p1a: Minun|Thunderbolt|p2a: Ditto\n|-immune|p2a: Ditto|[from] ability: Volt Absorb\n|\n|-heal|p1a: Minun|179/268 brn|[from] item: Leftovers\n|-damage|p1a: Minun|163/268 brn|[from] brn\n|upkeep\n|turn|3\n|\n|t:|1769823803\n|switch|p1a: Florges|Florges-Blue, L85, F|271/271\n|move|p2a: Ditto|Hidden Power|p1a: Florges\n|-resisted|p1a: Florges\n|-damage|p1a: Florges|246/271\n|\n|-heal|p1a: Florges|262/271|[from] item: Leftovers\n|upkeep\n|turn|4\n|\n|t:|1769823816\n|switch|p2a: Gliscor|Gliscor, L78, M|245/245\n|move|p1a: Florges|Toxic|p2a: Gliscor\n|-status|p2a: Gliscor|tox\n|\n|-heal|p1a: Florges|271/271|[from] item: Leftovers\n|upkeep\n|turn|5\n|\n|t:|1769823837\n|switch|p1a: Machamp|Machamp, L84, F|288/288\n|move|p2a: Gliscor|Facade|p1a: Machamp\n|-damage|p1a: Machamp|200/288\n|\n|-status|p1a: Machamp|brn|[from] item: Flame Orb\n|upkeep\n|turn|6\n|\n|t:|1769823846\n|move|p2a: Gliscor|Earthquake|p1a: Machamp\n|-damage|p1a: Machamp|95/288 brn\n|move|p1a: Machamp|Facade|p2a: Gliscor\n|-damage|p2a: Gliscor|104/245 tox\n|\n|-heal|p2a: Gliscor|134/245 tox|[from] ability: Poison Heal\n|-damage|p1a: Machamp|77/288 brn|[from] brn\n|upkeep\n|turn|7\n|\n|t:|1769823859\n|switch|p1a: Slaking|Slaking, L84, F|389/389\n|move|p2a: Gliscor|Earthquake|p1a: Slaking\n|-damage|p1a: Slaking|313/389\n|\n|-heal|p2a: Gliscor|164/245 tox|[from] ability: Poison Heal\n|upkeep\n|turn|8\n|\n|t:|1769823889\n|switch|p2a: Blastoise|Blastoise-Mega, L82, F|264/264\n|move|p1a: Slaking|Giga Impact|p2a: Blastoise\n|-damage|p2a: Blastoise|57/264\n|-mustrecharge|p1a: Slaking\n|\n|upkeep\n|turn|9\n|\n|t:|1769823896\n|cant|p1a: Slaking|recharge\n|move|p2a: Blastoise|Scald|p1a: Slaking\n|-damage|p1a: Slaking|174/389\n|\n|upkeep\n|turn|10\n|\n|t:|1769823911\n|switch|p1a: Florges|Florges-Blue, L85, F|271/271\n|move|p2a: Blastoise|Scald|p1a: Florges\n|-damage|p1a: Florges|207/271\n|\n|-heal|p1a: Florges|223/271|[from] item: Leftovers\n|upkeep\n|turn|11\n|\n|t:|1769823927\n|switch|p2a: Gliscor|Gliscor, L78, M|164/245 tox\n|move|p1a: Florges|Wish|p1a: Florges\n|\n|-heal|p1a: Florges|239/271|[from] item: Leftovers\n|-heal|p2a: Gliscor|194/245 tox|[from] ability: Poison Heal\n|upkeep\n|turn|12\n|\n|t:|1769823949\n|switch|p1a: Slaking|Slaking, L84, F|174/389\n|move|p2a: Gliscor|Swords Dance|p2a: Gliscor\n|-boost|p2a: Gliscor|atk|2\n|\n|-heal|p1a: Slaking|309/389|[from] move: Wish|[wisher] Florges\n|-heal|p2a: Gliscor|224/245 tox|[from] ability: Poison Heal\n|upkeep\n|turn|13\n|\n|t:|1769823958\n|move|p1a: Slaking|Giga Impact|p2a: Gliscor|[miss]\n|-miss|p1a: Slaking|p2a: Gliscor\n|move|p2a: Gliscor|Earthquake|p1a: Slaking\n|-damage|p1a: Slaking|143/389\n|\n|-heal|p2a: Gliscor|245/245 tox|[from] ability: Poison Heal\n|upkeep\n|turn|14\n|\n|t:|1769823965\n|cant|p1a: Slaking|ability: Truant\n|move|p2a: Gliscor|Facade|p1a: Slaking\n|-damage|p1a: Slaking|0 fnt\n|faint|p1a: Slaking\n|\n|upkeep\n|\n|t:|1769823970\n|switch|p1a: Minun|Minun, L95, M|163/268 brn\n|turn|15\n|\n|t:|1769823973\n|move|p1a: Minun|Hidden Power|p2a: Gliscor\n|-supereffective|p2a: Gliscor\n|-damage|p2a: Gliscor|37/245 tox\n|move|p2a: Gliscor|Earthquake|p1a: Minun\n|-supereffective|p1a: Minun\n|-damage|p1a: Minun|0 fnt\n|faint|p1a: Minun\n|\n|-heal|p2a: Gliscor|67/245 tox|[from] ability: Poison Heal\n|upkeep\n|\n|t:|1769823981\n|switch|p1a: Kartana|Kartana, L74|209/209\n|turn|16\n|\n|t:|1769823994\n|switch|p2a: Tapu Koko|Tapu Koko, L77|234/234\n|-fieldstart|move: Electric Terrain|[from] ability: Electric Surge|[of] p2a: Tapu Koko\n|move|p1a: Kartana|Leaf Blade|p2a: Tapu Koko\n|-crit|p2a: Tapu Koko\n|-damage|p2a: Tapu Koko|41/234\n|\n|upkeep\n|turn|17\n|\n|t:|1769824003\n|switch|p1a: Florges|Florges-Blue, L85, F|239/271\n|-zpower|p2a: Tapu Koko\n|move|p2a: Tapu Koko|Gigavolt Havoc|p1a: Florges|[zeffect]\n|-damage|p1a: Florges|88/271\n|\n|-heal|p1a: Florges|104/271|[from] item: Leftovers\n|upkeep\n|turn|18\n|\n|t:|1769824014\n|move|p1a: Florges|Protect|p1a: Florges\n|-singleturn|p1a: Florges|Protect\n|move|p2a: Tapu Koko|Thunderbolt|p1a: Florges\n|-activate|p1a: Florges|move: Protect\n|\n|-heal|p1a: Florges|120/271|[from] item: Leftovers\n|upkeep\n|turn|19\n|\n|t:|1769824020\n|move|p2a: Tapu Koko|Thunderbolt|p1a: Florges\n|-damage|p1a: Florges|42/271\n|move|p1a: Florges|Wish|p1a: Florges\n|\n|-heal|p1a: Florges|58/271|[from] item: Leftovers\n|upkeep\n|turn|20\n|\n|t:|1769824026\n|move|p1a: Florges|Protect|p1a: Florges\n|-singleturn|p1a: Florges|Protect\n|move|p2a: Tapu Koko|Calm Mind|p2a: Tapu Koko\n|-boost|p2a: Tapu Koko|spa|1\n|-boost|p2a: Tapu Koko|spd|1\n|\n|-heal|p1a: Florges|193/271|[from] move: Wish|[wisher] Florges\n|-heal|p1a: Florges|209/271|[from] item: Leftovers\n|-fieldend|move: Electric Terrain\n|upkeep\n|turn|21\n|\n|t:|1769824037\n|move|p2a: Tapu Koko|Thunderbolt|p1a: Florges\n|-damage|p1a: Florges|131/271\n|-status|p1a: Florges|par\n|move|p1a: Florges|Moonblast|p2a: Tapu Koko\n|-damage|p2a: Tapu Koko|0 fnt\n|faint|p2a: Tapu Koko\n|\n|-heal|p1a: Florges|147/271 par|[from] item: Leftovers\n|upkeep\n|\n|t:|1769824046\n|switch|p2a: Gliscor|Gliscor, L78, M|67/245 tox\n|turn|22\n|\n|t:|1769824049\n|move|p2a: Gliscor|Roost|p2a: Gliscor\n|-heal|p2a: Gliscor|190/245 tox\n|-singleturn|p2a: Gliscor|move: Roost\n|move|p1a: Florges|Moonblast|p2a: Gliscor\n|-damage|p2a: Gliscor|42/245 tox\n|\n|-heal|p1a: Florges|163/271 par|[from] item: Leftovers\n|-heal|p2a: Gliscor|72/245 tox|[from] ability: Poison Heal\n|upkeep\n|turn|23\n|\n|t:|1769824059\n|switch|p1a: Machamp|Machamp, L84, F|77/288 brn\n|move|p2a: Gliscor|Roost|p2a: Gliscor\n|-heal|p2a: Gliscor|195/245 tox\n|-singleturn|p2a: Gliscor|move: Roost\n|\n|-heal|p2a: Gliscor|225/245 tox|[from] ability: Poison Heal\n|-damage|p1a: Machamp|59/288 brn|[from] brn\n|upkeep\n|turn|24\n|\n|t:|1769824075\n|move|p2a: Gliscor|Earthquake|p1a: Machamp\n|-damage|p1a: Machamp|0 fnt\n|faint|p1a: Machamp\n|\n|-heal|p2a: Gliscor|245/245 tox|[from] ability: Poison Heal\n|upkeep\n|\n|t:|1769824076\n|switch|p1a: Miltank|Miltank, L85, F|300/300\n|turn|25\n|\n|t:|1769824095\n|move|p1a: Miltank|Body Slam|p2a: Gliscor\n|-damage|p2a: Gliscor|181/245 tox\n|move|p2a: Gliscor|Swords Dance|p2a: Gliscor\n|-boost|p2a: Gliscor|atk|2\n|\n|-heal|p2a: Gliscor|211/245 tox|[from] ability: Poison Heal\n|upkeep\n|turn|26\n|\n|t:|1769824110\n|move|p1a: Miltank|Body Slam|p2a: Gliscor\n|-damage|p2a: Gliscor|141/245 tox\n|move|p2a: Gliscor|Roost|p2a: Gliscor\n|-heal|p2a: Gliscor|245/245 tox\n|-singleturn|p2a: Gliscor|move: Roost\n|\n|upkeep\n|turn|27\n|c|☆yeet no u|gg\n|-message|yeet no u forfeited.\n|\n|win|La.Hellhound\n|raw|yeet no u's rating: 1645 &rarr; <strong>1628</strong><br />(-17 for losing)\n|raw|La.Hellhound's rating: 1706 &rarr; <strong>1723</strong><br />(+17 for winning)\n|l|☆yeet no u\n|player|p1|\n", "inputlog": ">version b99ff0165a6231f17e8b78c2a78d1998375de664\n>start {\"formatid\":\"gen7randombattle\",\"seed\":\"sodium,32cbb79499e238c9f0d5b5601d1efca6\",\"rated\":\"Rated battle\"}\n>player p1 {\"name\":\"yeet no u\",\"avatar\":\"anabel-gen7\",\"rating\":1645,\"seed\":\"sodium,927d2da221c231709bfe28b6b68d4d47\"}\n>player p2 {\"name\":\"La.Hellhound\",\"avatar\":\"bruno\",\"rating\":1706,\"seed\":\"sodium,377b9f0d480dbb9a746da0546e4f290b\"}\n>p1 move nastyplot\n>p2 move scald mega\n>p1 move thunderbolt\n>p2 switch 4\n>p1 switch 5\n>p2 move hiddenpower\n>p1 move toxic\n>p2 switch 5\n>p1 switch 2\n>p2 move facade\n>p1 move facade\n>p2 move earthquake\n>p1 switch 6\n>p2 move earthquake\n>p1 move gigaimpact\n>p2 switch 4\n>p1 move recharge\n>p2 move scald\n>p1 switch 2\n>p2 move scald\n>p1 move wish\n>p2 switch 4\n>p1 switch 2\n>p2 move swordsdance\n>p1 move gigaimpact\n>p2 move earthquake\n>p1 move gigaimpact\n>p2 move facade\n>p1 switch 5\n>p1 move hiddenpower\n>p2 move earthquake\n>p1 switch 4\n>p1 move leafblade\n>p2 switch 6\n>p1 switch 2\n>p2 move thunderbolt zmove\n>p1 move protect\n>p2 move thunderbolt\n>p1 move wish\n>p2 move thunderbolt\n>p1 move protect\n>p2 move calmmind\n>p1 move moonblast\n>p2 move thunderbolt\n>p2 switch 6\n>p1 move moonblast\n>p2 move roost\n>p1 switch 6\n>p2 move roost\n>p1 move facade\n>p2 move earthquake\n>p1 switch 3\n>p1 move bodyslam\n>p2 move swordsdance\n>p1 move bodyslam\n>p2 move roost\n>chat ☆yeet no u|gg\n>forcelose p1", "uploadtime": 1769824122, "views": 187, "formatid": "gen7randombattle", "rating": 1628, "private": 0, "password": null}