{"id": "gen7randombattle-2536540211", "format": "[Gen 7] Random Battle", "players": ["frostcaster147", "may/gen3"], "log": "|j|☆frostcaster147\n|j|☆may/gen3\n|t:|1770701966\n|gametype|singles\n|player|p1|frostcaster147|flannery|1549\n|player|p2|may/gen3|may|1655\n|gen|7\n|tier|[Gen 7] Random Battle\n|rated|\n|rule|Sleep Clause Mod: Limit one foe put to sleep\n|rule|HP Percentage Mod: HP is shown in percentages\n|rule|Illusion Level Mod: Illusion disguises the Pokémon's true level\n|\n|t:|1770701966\n|teamsize|p1|6\n|teamsize|p2|6\n|start\n|switch|p1a: Seviper|Seviper, L94, M|290/290\n|switch|p2a: Umbreon|Umbreon, L84, M|297/297\n|turn|1\n|inactive|Battle timer is ON: inactive players will automatically lose when time's up. (requested by may/gen3)\n|\n|t:|1770701980\n|move|p1a: Seviper|Swords Dance|p1a: Seviper\n|-boost|p1a: Seviper|atk|2\n|move|p2a: Umbreon|Foul Play|p1a: Seviper\n|-damage|p1a: Seviper|34/290\n|\n|upkeep\n|turn|2\n|\n|t:|1770701986\n|switch|p2a: Forretress|Forretress, L81, M|254/254\n|move|p1a: Seviper|Poison Jab|p2a: Forretress\n|-immune|p2a: Forretress\n|\n|upkeep\n|turn|3\n|\n|t:|1770701991\n|move|p1a: Seviper|Earthquake|p2a: Forretress\n|-damage|p2a: Forretress|80/254\n|-damage|p1a: Seviper|5/290|[from] item: Life Orb\n|move|p2a: Forretress|Stealth Rock|p1a: Seviper\n|-sidestart|p1: frostcaster147|move: Stealth Rock\n|\n|-heal|p2a: Forretress|95/254|[from] item: Leftovers\n|upkeep\n|turn|4\n|\n|t:|1770701997\n|switch|p2a: Pyukumuku|Pyukumuku, L92, F|251/251\n|move|p1a: Seviper|Earthquake|p2a: Pyukumuku\n|-damage|p2a: Pyukumuku|176/251\n|-damage|p1a: Seviper|0 fnt|[from] item: Life Orb\n|faint|p1a: Seviper\n|\n|-heal|p2a: Pyukumuku|191/251|[from] item: Leftovers\n|upkeep\n|\n|t:|1770702014\n|switch|p1a: Venusaur|Venusaur, L78, M|253/253\n|-damage|p1a: Venusaur|222/253|[from] Stealth Rock\n|turn|5\n|\n|t:|1770702020\n|switch|p2a: Reuniclus|Reuniclus, L87, F|333/333\n|detailschange|p1a: Venusaur|Venusaur-Mega, L78, M\n|-mega|p1a: Venusaur|Venusaur|Venusaurite\n|move|p1a: Venusaur|Sleep Powder|p2a: Reuniclus\n|-status|p2a: Reuniclus|slp|[from] move: Sleep Powder\n|\n|upkeep\n|turn|6\n|\n|t:|1770702032\n|move|p1a: Venusaur|Sludge Bomb|p2a: Reuniclus\n|-damage|p2a: Reuniclus|236/333 slp\n|cant|p2a: Reuniclus|slp\n|\n|upkeep\n|turn|7\n|\n|t:|1770702051\n|switch|p1a: Tyranitar|Tyranitar, L80, M|291/291\n|-damage|p1a: Tyranitar|255/291|[from] Stealth Rock\n|-weather|Sandstorm|[from] ability: Sand Stream|[of] p1a: Tyranitar\n|cant|p2a: Reuniclus|slp\n|\n|-weather|Sandstorm|[upkeep]\n|-heal|p1a: Tyranitar|273/291|[from] item: Leftovers\n|upkeep\n|turn|8\n|\n|t:|1770702058\n|switch|p2a: Mudsdale|Mudsdale, L83, M|302/302\n|move|p1a: Tyranitar|Dragon Dance|p1a: Tyranitar\n|-boost|p1a: Tyranitar|atk|1\n|-boost|p1a: Tyranitar|spe|1\n|\n|-weather|Sandstorm|[upkeep]\n|-heal|p1a: Tyranitar|291/291|[from] item: Leftovers\n|upkeep\n|turn|9\n|\n|t:|1770702067\n|move|p1a: Tyranitar|Crunch|p2a: Mudsdale\n|-damage|p2a: Mudsdale|169/302\n|-ability|p2a: Mudsdale|Stamina|boost\n|-boost|p2a: Mudsdale|def|1\n|move|p2a: Mudsdale|Earthquake|p1a: Tyranitar\n|-supereffective|p1a: Tyranitar\n|-damage|p1a: Tyranitar|75/291\n|\n|-weather|Sandstorm|[upkeep]\n|-heal|p1a: Tyranitar|93/291|[from] item: Leftovers\n|-heal|p2a: Mudsdale|187/302|[from] item: Leftovers\n|upkeep\n|turn|10\n|\n|t:|1770702075\n|switch|p1a: Gogoat|Gogoat, L91, M|372/372\n|-damage|p1a: Gogoat|326/372|[from] Stealth Rock\n|move|p2a: Mudsdale|Earthquake|p1a: Gogoat\n|-resisted|p1a: Gogoat\n|-damage|p1a: Gogoat|251/372\n|\n|-weather|Sandstorm|[upkeep]\n|-damage|p1a: Gogoat|228/372|[from] Sandstorm\n|-heal|p1a: Gogoat|251/372|[from] item: Leftovers\n|-heal|p2a: Mudsdale|205/302|[from] item: Leftovers\n|upkeep\n|turn|11\n|\n|t:|1770702080\n|move|p1a: Gogoat|Toxic|p2a: Mudsdale\n|-status|p2a: Mudsdale|tox\n|move|p2a: Mudsdale|Toxic|p1a: Gogoat\n|-status|p1a: Gogoat|tox\n|\n|-weather|none\n|-heal|p1a: Gogoat|274/372 tox|[from] item: Leftovers\n|-heal|p2a: Mudsdale|223/302 tox|[from] item: Leftovers\n|-damage|p1a: Gogoat|251/372 tox|[from] psn\n|-damage|p2a: Mudsdale|205/302 tox|[from] psn\n|upkeep\n|turn|12\n|\n|t:|1770702084\n|move|p1a: Gogoat|Milk Drink|p1a: Gogoat\n|-heal|p1a: Gogoat|372/372 tox\n|move|p2a: Mudsdale|Heavy Slam|p1a: Gogoat\n|-damage|p1a: Gogoat|257/372 tox\n|\n|-heal|p1a: Gogoat|280/372 tox|[from] item: Leftovers\n|-heal|p2a: Mudsdale|223/302 tox|[from] item: Leftovers\n|-damage|p1a: Gogoat|234/372 tox|[from] psn\n|-damage|p2a: Mudsdale|187/302 tox|[from] psn\n|upkeep\n|turn|13\n|\n|t:|1770702088\n|switch|p2a: Flareon|Flareon, L88, M|258/258\n|move|p1a: Gogoat|Horn Leech|p2a: Flareon\n|-resisted|p2a: Flareon\n|-damage|p2a: Flareon|198/258\n|-heal|p1a: Gogoat|264/372 tox|[from] drain|[of] p2a: Flareon\n|\n|-heal|p1a: Gogoat|287/372 tox|[from] item: Leftovers\n|-damage|p1a: Gogoat|218/372 tox|[from] psn\n|-status|p2a: Flareon|tox|[from] item: Toxic Orb\n|upkeep\n|turn|14\n|\n|t:|1770702092\n|switch|p2a: Umbreon|Umbreon, L84, M|297/297\n|move|p1a: Gogoat|Earthquake|p2a: Umbreon\n|-damage|p2a: Umbreon|228/297\n|\n|-heal|p1a: Gogoat|241/372 tox|[from] item: Leftovers\n|-heal|p2a: Umbreon|246/297|[from] item: Leftovers\n|-damage|p1a: Gogoat|149/372 tox|[from] psn\n|upkeep\n|turn|15\n|\n|t:|1770702100\n|switch|p1a: Venusaur|Venusaur-Mega, L78, M|222/253\n|-damage|p1a: Venusaur|191/253|[from] Stealth Rock\n|move|p2a: Umbreon|Protect||[still]\n|-fail|p2a: Umbreon\n|\n|-heal|p2a: Umbreon|264/297|[from] item: Leftovers\n|upkeep\n|turn|16\n|\n|t:|1770702109\n|move|p1a: Venusaur|Giga Drain|p2a: Umbreon\n|-damage|p2a: Umbreon|204/297\n|-heal|p1a: Venusaur|221/253|[from] drain|[of] p2a: Umbreon\n|move|p2a: Umbreon|Wish|p2a: Umbreon\n|\n|-heal|p2a: Umbreon|222/297|[from] item: Leftovers\n|upkeep\n|turn|17\n|\n|t:|1770702115\n|switch|p2a: Forretress|Forretress, L81, M|95/254\n|move|p1a: Venusaur|Giga Drain|p2a: Forretress\n|-resisted|p2a: Forretress\n|-damage|p2a: Forretress|69/254\n|-heal|p1a: Venusaur|234/253|[from] drain|[of] p2a: Forretress\n|\n|-heal|p2a: Forretress|217/254|[from] move: Wish|[wisher] Umbreon\n|-heal|p2a: Forretress|232/254|[from] item: Leftovers\n|upkeep\n|turn|18\n|\n|t:|1770702130\n|switch|p1a: Gogoat|Gogoat, L91, M|149/372 tox\n|-damage|p1a: Gogoat|103/372 tox|[from] Stealth Rock\n|move|p2a: Forretress|Gyro Ball|p1a: Gogoat\n|-damage|p1a: Gogoat|30/372 tox\n|\n|-heal|p1a: Gogoat|53/372 tox|[from] item: Leftovers\n|-heal|p2a: Forretress|247/254|[from] item: Leftovers\n|-damage|p1a: Gogoat|30/372 tox|[from] psn\n|upkeep\n|turn|19\n|\n|t:|1770702135\n|move|p1a: Gogoat|Earthquake|p2a: Forretress\n|-damage|p2a: Forretress|185/254\n|move|p2a: Forretress|Gyro Ball|p1a: Gogoat\n|-damage|p1a: Gogoat|0 fnt\n|faint|p1a: Gogoat\n|\n|-heal|p2a: Forretress|200/254|[from] item: Leftovers\n|upkeep\n|\n|t:|1770702137\n|switch|p1a: Tyranitar|Tyranitar, L80, M|93/291\n|-damage|p1a: Tyranitar|57/291|[from] Stealth Rock\n|-weather|Sandstorm|[from] ability: Sand Stream|[of] p1a: Tyranitar\n|turn|20\n|\n|t:|1770702140\n|move|p1a: Tyranitar|Fire Punch|p2a: Forretress\n|-supereffective|p2a: Forretress\n|-damage|p2a: Forretress|8/254\n|move|p2a: Forretress|Gyro Ball|p1a: Tyranitar\n|-supereffective|p1a: Tyranitar\n|-damage|p1a: Tyranitar|0 fnt\n|faint|p1a: Tyranitar\n|\n|-weather|Sandstorm|[upkeep]\n|-heal|p2a: Forretress|23/254|[from] item: Leftovers\n|upkeep\n|\n|t:|1770702152\n|switch|p1a: Venusaur|Venusaur-Mega, L78, M|234/253\n|-damage|p1a: Venusaur|203/253|[from] Stealth Rock\n|turn|21\n|\n|t:|1770702153\n|move|p1a: Venusaur|Giga Drain|p2a: Forretress\n|-resisted|p2a: Forretress\n|-damage|p2a: Forretress|0 fnt\n|-heal|p1a: Venusaur|215/253|[from] drain|[of] p2a: Forretress\n|faint|p2a: Forretress\n|\n|-weather|Sandstorm|[upkeep]\n|-damage|p1a: Venusaur|200/253|[from] Sandstorm\n|upkeep\n|\n|t:|1770702157\n|switch|p2a: Reuniclus|Reuniclus, L87, F|236/333 slp\n|turn|22\n|\n|t:|1770702166\n|move|p1a: Venusaur|Sludge Bomb|p2a: Reuniclus\n|-damage|p2a: Reuniclus|142/333 slp\n|cant|p2a: Reuniclus|slp\n|\n|-weather|Sandstorm|[upkeep]\n|-damage|p1a: Venusaur|185/253|[from] Sandstorm\n|upkeep\n|turn|23\n|\n|t:|1770702174\n|switch|p1a: Drampa|Drampa, L91, M|290/290\n|-damage|p1a: Drampa|254/290|[from] Stealth Rock\n|-curestatus|p2a: Reuniclus|slp|[msg]\n|move|p2a: Reuniclus|Recover|p2a: Reuniclus\n|-heal|p2a: Reuniclus|309/333\n|\n|-weather|Sandstorm|[upkeep]\n|-damage|p1a: Drampa|236/290|[from] Sandstorm\n|-heal|p1a: Drampa|254/290|[from] item: Leftovers\n|upkeep\n|turn|24\n|\n|t:|1770702186\n|switch|p2a: Mudsdale|Mudsdale, L83, M|187/302 tox\n|move|p1a: Drampa|Glare||[still]\n|-fail|p1a: Drampa\n|\n|-weather|none\n|-heal|p1a: Drampa|272/290|[from] item: Leftovers\n|-heal|p2a: Mudsdale|205/302 tox|[from] item: Leftovers\n|-damage|p2a: Mudsdale|187/302 tox|[from] psn\n|upkeep\n|turn|25\n|\n|t:|1770702191\n|switch|p1a: Venusaur|Venusaur-Mega, L78, M|185/253\n|-damage|p1a: Venusaur|154/253|[from] Stealth Rock\n|move|p2a: Mudsdale|Earthquake|p1a: Venusaur\n|-damage|p1a: Venusaur|45/253\n|\n|-heal|p2a: Mudsdale|205/302 tox|[from] item: Leftovers\n|-damage|p2a: Mudsdale|169/302 tox|[from] psn\n|upkeep\n|turn|26\n|\n|t:|1770702196\n|switch|p2a: Reuniclus|Reuniclus, L87, F|309/333\n|move|p1a: Venusaur|Giga Drain|p2a: Reuniclus\n|-damage|p2a: Reuniclus|230/333\n|-heal|p1a: Venusaur|85/253|[from] drain|[of] p2a: Reuniclus\n|\n|upkeep\n|turn|27\n|\n|t:|1770702205\n|move|p1a: Venusaur|Sleep Powder|p2a: Reuniclus\n|-status|p2a: Reuniclus|slp|[from] move: Sleep Powder\n|cant|p2a: Reuniclus|slp\n|\n|upkeep\n|turn|28\n|\n|t:|1770702208\n|move|p1a: Venusaur|Synthesis|p1a: Venusaur\n|-heal|p1a: Venusaur|211/253\n|cant|p2a: Reuniclus|slp\n|\n|upkeep\n|turn|29\n|\n|t:|1770702211\n|switch|p1a: Drampa|Drampa, L91, M|272/290\n|-damage|p1a: Drampa|236/290|[from] Stealth Rock\n|-curestatus|p2a: Reuniclus|slp|[msg]\n|move|p2a: Reuniclus|Psyshock|p1a: Drampa\n|-damage|p1a: Drampa|100/290\n|-ability|p1a: Drampa|Berserk|boost\n|-boost|p1a: Drampa|spa|1\n|\n|-heal|p1a: Drampa|118/290|[from] item: Leftovers\n|upkeep\n|turn|30\n|\n|t:|1770702218\n|switch|p2a: Mudsdale|Mudsdale, L83, M|169/302 tox\n|move|p1a: Drampa|Roost|p1a: Drampa\n|-heal|p1a: Drampa|263/290\n|-singleturn|p1a: Drampa|move: Roost\n|\n|-heal|p1a: Drampa|281/290|[from] item: Leftovers\n|-heal|p2a: Mudsdale|187/302 tox|[from] item: Leftovers\n|-damage|p2a: Mudsdale|169/302 tox|[from] psn\n|upkeep\n|turn|31\n|\n|t:|1770702228\n|move|p1a: Drampa|Draco Meteor|p2a: Mudsdale\n|-damage|p2a: Mudsdale|0 fnt\n|-unboost|p1a: Drampa|spa|2\n|faint|p2a: Mudsdale\n|\n|-heal|p1a: Drampa|290/290|[from] item: Leftovers\n|upkeep\n|\n|t:|1770702230\n|switch|p2a: Flareon|Flareon, L88, M|198/258 tox\n|turn|32\n|\n|t:|1770702241\n|move|p2a: Flareon|Facade|p1a: Drampa\n|-damage|p1a: Drampa|107/290\n|-ability|p1a: Drampa|Berserk|boost\n|-boost|p1a: Drampa|spa|1\n|move|p1a: Drampa|Draco Meteor|p2a: Flareon\n|-damage|p2a: Flareon|44/258 tox\n|-unboost|p1a: Drampa|spa|2\n|\n|-heal|p1a: Drampa|125/290|[from] item: Leftovers\n|-damage|p2a: Flareon|28/258 tox|[from] psn\n|upkeep\n|turn|33\n|\n|t:|1770702254\n|move|p2a: Flareon|Facade|p1a: Drampa\n|-damage|p1a: Drampa|0 fnt\n|faint|p1a: Drampa\n|\n|-damage|p2a: Flareon|0 fnt|[from] psn\n|faint|p2a: Flareon\n|upkeep\n|\n|t:|1770702261\n|switch|p2a: Pyukumuku|Pyukumuku, L92, F|191/251\n|switch|p1a: Mamoswine|Mamoswine, L79, F|303/303\n|-damage|p1a: Mamoswine|266/303|[from] Stealth Rock\n|turn|34\n|\n|t:|1770702274\n|switch|p1a: Venusaur|Venusaur-Mega, L78, M|211/253\n|-damage|p1a: Venusaur|180/253|[from] Stealth Rock\n|move|p2a: Pyukumuku|Soak|p1a: Venusaur\n|-start|p1a: Venusaur|typechange|Water\n|\n|-heal|p2a: Pyukumuku|206/251|[from] item: Leftovers\n|upkeep\n|turn|35\n|\n|t:|1770702284\n|move|p1a: Venusaur|Sleep Powder|p2a: Pyukumuku\n|-status|p2a: Pyukumuku|slp|[from] move: Sleep Powder\n|cant|p2a: Pyukumuku|slp\n|\n|-heal|p2a: Pyukumuku|221/251 slp|[from] item: Leftovers\n|upkeep\n|turn|36\n|\n|t:|1770702288\n|move|p1a: Venusaur|Giga Drain|p2a: Pyukumuku\n|-supereffective|p2a: Pyukumuku\n|-damage|p2a: Pyukumuku|143/251 slp\n|-heal|p1a: Venusaur|219/253|[from] drain|[of] p2a: Pyukumuku\n|cant|p2a: Pyukumuku|slp\n|\n|-heal|p2a: Pyukumuku|158/251 slp|[from] item: Leftovers\n|upkeep\n|turn|37\n|\n|t:|1770702294\n|move|p1a: Venusaur|Giga Drain|p2a: Pyukumuku\n|-supereffective|p2a: Pyukumuku\n|-damage|p2a: Pyukumuku|86/251 slp\n|-heal|p1a: Venusaur|253/253|[from] drain|[of] p2a: Pyukumuku\n|-curestatus|p2a: Pyukumuku|slp|[msg]\n|move|p2a: Pyukumuku|Toxic|p1a: Venusaur\n|-status|p1a: Venusaur|tox\n|\n|-heal|p2a: Pyukumuku|101/251|[from] item: Leftovers\n|-damage|p1a: Venusaur|238/253 tox|[from] psn\n|upkeep\n|turn|38\n|inactive|frostcaster147 has 120 seconds left.\n|\n|t:|1770702346\n|move|p1a: Venusaur|Sleep Powder|p2a: Pyukumuku\n|-status|p2a: Pyukumuku|slp|[from] move: Sleep Powder\n|cant|p2a: Pyukumuku|slp\n|\n|-heal|p2a: Pyukumuku|116/251 slp|[from] item: Leftovers\n|-damage|p1a: Venusaur|208/253 tox|[from] psn\n|upkeep\n|turn|39\n|\n|t:|1770702376\n|move|p1a: Venusaur|Giga Drain|p2a: Pyukumuku\n|-supereffective|p2a: Pyukumuku\n|-damage|p2a: Pyukumuku|42/251 slp\n|-heal|p1a: Venusaur|245/253 tox|[from] drain|[of] p2a: Pyukumuku\n|cant|p2a: Pyukumuku|slp\n|\n|-heal|p2a: Pyukumuku|57/251 slp|[from] item: Leftovers\n|-damage|p1a: Venusaur|200/253 tox|[from] psn\n|upkeep\n|turn|40\n|\n|t:|1770702379\n|move|p1a: Venusaur|Giga Drain|p2a: Pyukumuku\n|-supereffective|p2a: Pyukumuku\n|-damage|p2a: Pyukumuku|0 fnt\n|-heal|p1a: Venusaur|229/253 tox|[from] drain|[of] p2a: Pyukumuku\n|faint|p2a: Pyukumuku\n|\n|-damage|p1a: Venusaur|169/253 tox|[from] psn\n|upkeep\n|\n|t:|1770702383\n|switch|p2a: Umbreon|Umbreon, L84, M|222/297\n|turn|41\n|inactive|frostcaster147 has 120 seconds left.\n|\n|t:|1770702393\n|move|p1a: Venusaur|Synthesis|p1a: Venusaur\n|-heal|p1a: Venusaur|253/253 tox\n|move|p2a: Umbreon|Wish|p2a: Umbreon\n|\n|-heal|p2a: Umbreon|240/297|[from] item: Leftovers\n|-damage|p1a: Venusaur|178/253 tox|[from] psn\n|upkeep\n|turn|42\n|\n|t:|1770702395\n|switch|p1a: Mamoswine|Mamoswine, L79, F|266/303\n|-damage|p1a: Mamoswine|229/303|[from] Stealth Rock\n|move|p2a: Umbreon|Foul Play|p1a: Mamoswine\n|-crit|p1a: Mamoswine\n|-damage|p1a: Mamoswine|12/303\n|\n|-heal|p2a: Umbreon|297/297|[from] move: Wish|[wisher] Umbreon\n|upkeep\n|turn|43\n|\n|t:|1770702408\n|move|p1a: Mamoswine|Earthquake|p2a: Umbreon\n|-damage|p2a: Umbreon|146/297\n|move|p2a: Umbreon|Wish|p2a: Umbreon\n|\n|-heal|p2a: Umbreon|164/297|[from] item: Leftovers\n|upkeep\n|turn|44\n|\n|t:|1770702414\n|move|p1a: Mamoswine|Earthquake|p2a: Umbreon\n|-damage|p2a: Umbreon|10/297\n|move|p2a: Umbreon|Foul Play|p1a: Mamoswine\n|-damage|p1a: Mamoswine|0 fnt\n|faint|p1a: Mamoswine\n|\n|-heal|p2a: Umbreon|158/297|[from] move: Wish|[wisher] Umbreon\n|-heal|p2a: Umbreon|176/297|[from] item: Leftovers\n|upkeep\n|\n|t:|1770702417\n|switch|p1a: Venusaur|Venusaur-Mega, L78, M|178/253 tox\n|-damage|p1a: Venusaur|147/253 tox|[from] Stealth Rock\n|turn|45\n|\n|t:|1770702422\n|move|p1a: Venusaur|Synthesis|p1a: Venusaur\n|-heal|p1a: Venusaur|253/253 tox\n|move|p2a: Umbreon|Foul Play|p1a: Venusaur\n|-damage|p1a: Venusaur|189/253 tox\n|\n|-heal|p2a: Umbreon|194/297|[from] item: Leftovers\n|-damage|p1a: Venusaur|174/253 tox|[from] psn\n|upkeep\n|turn|46\n|\n|t:|1770702426\n|switch|p2a: Reuniclus|Reuniclus, L87, F|230/333\n|move|p1a: Venusaur|Sludge Bomb|p2a: Reuniclus\n|-damage|p2a: Reuniclus|128/333\n|\n|-damage|p1a: Venusaur|144/253 tox|[from] psn\n|upkeep\n|turn|47\n|\n|t:|1770702431\n|move|p1a: Venusaur|Sleep Powder|p2a: Reuniclus|[miss]\n|-miss|p1a: Venusaur|p2a: Reuniclus\n|move|p2a: Reuniclus|Psyshock|p1a: Venusaur\n|-supereffective|p1a: Venusaur\n|-damage|p1a: Venusaur|0 fnt\n|faint|p1a: Venusaur\n|detailschange|p1: Venusaur|Venusaur, L78, M|[silent]\n|\n|win|may/gen3\n|raw|frostcaster147's rating: 1549 &rarr; <strong>1535</strong><br />(-14 for losing)\n|raw|may&#x2f;gen3's rating: 1655 &rarr; <strong>1669</strong><br />(+14 for winning)\n|l|☆frostcaster147\n|player|p1|\n", "inputlog": ">version ccdc32dd7cde25fd9e4bed64820e885f66e78a4e\n>start {\"formatid\":\"gen7randombattle\",\"seed\":\"sodium,747f2d22a517cf30e9767f1c4b08faaf\",\"rated\":\"Rated battle\"}\n>player p1 {\"name\":\"frostcaster147\",\"avatar\":\"flannery\",\"rating\":1549,\"seed\":\"sodium,482c3d144ffea2234078c5fd033644b6\"}\n>player p2 {\"name\":\"may/gen3\",\"avatar\":\"may\",\"rating\":1655,\"seed\":\"sodium,859c90b0ab65f6454e0b520f4e827dc3\"}\n>p1 move swordsdance\n>p2 move foulplay\n>p1 move poisonjab\n>p2 switch 4\n>p1 move earthquake\n>p2 move stealthrock\n>p1 move earthquake\n>p2 switch 5\n>p1 switch 5\n>p1 move sleeppowder mega\n>p2 switch 2\n>p1 move sludgebomb\n>p2 move psyshock\n>p1 switch 2\n>p2 move psyshock\n>p1 move dragondance\n>p2 switch 3\n>p1 move crunch\n>p2 move earthquake\n>p1 switch 6\n>p2 move earthquake\n>p1 move toxic\n>p2 move toxic\n>p1 move milkdrink\n>p2 move heavyslam\n>p1 move hornleech\n>p2 switch 6\n>p1 move earthquake\n>p2 switch 4\n>p1 switch 2\n>p2 move protect\n>p1 move gigadrain\n>p2 move wish\n>p1 move gigadrain\n>p2 switch 5\n>p1 switch 2\n>p2 move gyroball\n>p1 move earthquake\n>p2 move gyroball\n>p1 switch 6\n>p1 move firepunch\n>p2 move gyroball\n>p1 switch 2\n>p1 move gigadrain\n>p2 move gyroball\n>p2 switch 3\n>p1 move sludgebomb\n>p2 move psyshock\n>p1 switch 4\n>p2 move recover\n>p1 move glare\n>p2 switch 6\n>p1 switch 4\n>p2 move earthquake\n>p1 move gigadrain\n>p2 switch 6\n>p1 move sleeppowder\n>p2 move psyshock\n>p1 move synthesis\n>p2 move psyshock\n>p1 switch 4\n>p2 move psyshock\n>p1 move roost\n>p2 switch 6\n>p1 move dracometeor\n>p2 move earthquake\n>p2 switch 4\n>p1 move dracometeor\n>p2 move facade\n>p1 move roost\n>p2 move facade\n>p1 switch 3\n>p2 switch 2\n>p1 switch 4\n>p2 move soak\n>p1 move sleeppowder\n>p2 move toxic\n>p1 move gigadrain\n>p2 move toxic\n>p1 move gigadrain\n>p2 move toxic\n>p1 move sleeppowder\n>p2 move recover\n>p1 move gigadrain\n>p2 move recover\n>p1 move gigadrain\n>p2 move recover\n>p2 switch 5\n>p1 move synthesis\n>p2 move wish\n>p1 switch 4\n>p2 move foulplay\n>p1 move earthquake\n>p2 move wish\n>p1 move earthquake\n>p2 move foulplay\n>p1 switch 4\n>p1 move synthesis\n>p2 move foulplay\n>p1 move sludgebomb\n>p2 switch 6\n>p1 move sleeppowder\n>p2 move psyshock", "uploadtime": 1770702435, "views": 218, "formatid": "gen7randombattle", "rating": 1535, "private": 0, "password": null}