{"id": "gen7randombattle-2535808230", "format": "[Gen 7] Random Battle", "players": ["plop in my pants", "berserkpower"], "log": "|j|☆plop in my pants\n|j|☆berserkpower\n|t:|1770612538\n|gametype|singles\n|player|p1|plop in my pants|teamrocket|1724\n|player|p2|berserkpower|lance|1737\n|gen|7\n|tier|[Gen 7] Random Battle\n|rated|\n|rule|Sleep Clause Mod: Limit one foe put to sleep\n|rule|HP Percentage Mod: HP is shown in percentages\n|rule|Illusion Level Mod: Illusion disguises the Pokémon's true level\n|\n|t:|1770612538\n|teamsize|p1|6\n|teamsize|p2|6\n|start\n|switch|p1a: Floatzel|Floatzel, L86, M|286/286\n|switch|p2a: Mismagius|Mismagius, L87, M|246/246\n|turn|1\n|inactive|Battle timer is ON: inactive players will automatically lose when time's up. (requested by berserkpower)\n|\n|t:|1770612561\n|switch|p1a: Exeggutor|Exeggutor-Alola, L91, M|321/321\n|move|p2a: Mismagius|Thunderbolt|p1a: Exeggutor\n|-resisted|p1a: Exeggutor\n|-damage|p1a: Exeggutor|296/321\n|-damage|p2a: Mismagius|222/246|[from] item: Life Orb\n|\n|upkeep\n|turn|2\n|\n|t:|1770612571\n|move|p2a: Mismagius|Nasty Plot|p2a: Mismagius\n|-boost|p2a: Mismagius|spa|2\n|move|p1a: Exeggutor|Draco Meteor|p2a: Mismagius|[miss]\n|-miss|p1a: Exeggutor|p2a: Mismagius\n|\n|upkeep\n|turn|3\n|\n|t:|1770612579\n|switch|p1a: Aurorus|Aurorus, L88, F|359/359\n|-weather|Hail|[from] ability: Snow Warning|[of] p1a: Aurorus\n|move|p2a: Mismagius|Dazzling Gleam|p1a: Aurorus\n|-damage|p1a: Aurorus|212/359\n|-damage|p2a: Mismagius|198/246|[from] item: Life Orb\n|\n|-weather|Hail|[upkeep]\n|-damage|p2a: Mismagius|183/246|[from] Hail\n|upkeep\n|turn|4\n|\n|t:|1770612588\n|move|p2a: Mismagius|Shadow Ball|p1a: Aurorus\n|-damage|p1a: Aurorus|0 fnt\n|faint|p1a: Aurorus\n|-damage|p2a: Mismagius|159/246|[from] item: Life Orb\n|\n|-weather|Hail|[upkeep]\n|-damage|p2a: Mismagius|144/246|[from] Hail\n|upkeep\n|\n|t:|1770612601\n|switch|p1a: Cherrim|Cherrim, L99, F|299/299\n|turn|5\n|\n|t:|1770612606\n|move|p2a: Mismagius|Shadow Ball|p1a: Cherrim\n|-damage|p1a: Cherrim|77/299\n|-unboost|p1a: Cherrim|spd|1\n|-damage|p2a: Mismagius|120/246|[from] item: Life Orb\n|move|p1a: Cherrim|Energy Ball|p2a: Mismagius\n|-damage|p2a: Mismagius|0 fnt\n|faint|p2a: Mismagius\n|\n|-weather|Hail|[upkeep]\n|-damage|p1a: Cherrim|59/299|[from] Hail\n|upkeep\n|\n|t:|1770612627\n|switch|p2a: Delcatty|Delcatty, L99, M|299/299\n|turn|6\n|\n|t:|1770612632\n|switch|p1a: Exeggutor|Exeggutor-Alola, L91, M|296/321\n|move|p2a: Delcatty|Double-Edge|p1a: Exeggutor\n|-damage|p1a: Exeggutor|143/321\n|-enditem|p1a: Exeggutor|Sitrus Berry|[eat]\n|-heal|p1a: Exeggutor|223/321|[from] item: Sitrus Berry\n|-damage|p2a: Delcatty|249/299|[from] Recoil\n|-damage|p2a: Delcatty|220/299|[from] item: Life Orb\n|\n|-weather|Hail|[upkeep]\n|-damage|p2a: Delcatty|202/299|[from] Hail\n|-damage|p1a: Exeggutor|203/321|[from] Hail\n|upkeep\n|turn|7\n|\n|t:|1770612641\n|move|p2a: Delcatty|Double-Edge|p1a: Exeggutor\n|-damage|p1a: Exeggutor|30/321\n|-damage|p2a: Delcatty|145/299|[from] Recoil\n|-damage|p2a: Delcatty|116/299|[from] item: Life Orb\n|move|p1a: Exeggutor|Draco Meteor|p2a: Delcatty\n|-damage|p2a: Delcatty|0 fnt\n|-unboost|p1a: Exeggutor|spa|2\n|faint|p2a: Delcatty\n|\n|-weather|none\n|-item|p1a: Exeggutor|Sitrus Berry|[from] ability: Harvest\n|upkeep\n|-enditem|p1a: Exeggutor|Sitrus Berry|[eat]\n|-heal|p1a: Exeggutor|110/321|[from] item: Sitrus Berry\n|\n|t:|1770612646\n|switch|p2a: Vigoroth|Vigoroth, L88, F|284/284\n|turn|8\n|\n|t:|1770612652\n|switch|p1a: Reuniclus|Reuniclus, L87, F|333/333\n|move|p2a: Vigoroth|Bulk Up|p2a: Vigoroth\n|-boost|p2a: Vigoroth|atk|1\n|-boost|p2a: Vigoroth|def|1\n|\n|upkeep\n|turn|9\n|\n|t:|1770612656\n|move|p2a: Vigoroth|Body Slam|p1a: Reuniclus\n|-damage|p1a: Reuniclus|197/333\n|move|p1a: Reuniclus|Focus Blast|p2a: Vigoroth\n|-supereffective|p2a: Vigoroth\n|-damage|p2a: Vigoroth|50/284\n|\n|upkeep\n|turn|10\n|\n|t:|1770612659\n|move|p2a: Vigoroth|Slack Off|p2a: Vigoroth\n|-heal|p2a: Vigoroth|192/284\n|move|p1a: Reuniclus|Psyshock|p2a: Vigoroth\n|-damage|p2a: Vigoroth|130/284\n|\n|upkeep\n|turn|11\n|\n|t:|1770612662\n|move|p2a: Vigoroth|Slack Off|p2a: Vigoroth\n|-heal|p2a: Vigoroth|272/284\n|move|p1a: Reuniclus|Focus Blast|p2a: Vigoroth|[miss]\n|-miss|p1a: Reuniclus|p2a: Vigoroth\n|\n|upkeep\n|turn|12\n|\n|t:|1770612664\n|move|p2a: Vigoroth|Body Slam|p1a: Reuniclus\n|-damage|p1a: Reuniclus|61/333\n|move|p1a: Reuniclus|Recover|p1a: Reuniclus\n|-heal|p1a: Reuniclus|228/333\n|\n|upkeep\n|turn|13\n|\n|t:|1770612667\n|move|p2a: Vigoroth|Body Slam|p1a: Reuniclus\n|-damage|p1a: Reuniclus|81/333\n|-status|p1a: Reuniclus|par\n|move|p1a: Reuniclus|Recover|p1a: Reuniclus\n|-heal|p1a: Reuniclus|248/333 par\n|\n|upkeep\n|turn|14\n|\n|t:|1770612671\n|move|p2a: Vigoroth|Body Slam|p1a: Reuniclus\n|-crit|p1a: Reuniclus\n|-damage|p1a: Reuniclus|55/333 par\n|move|p1a: Reuniclus|Recover|p1a: Reuniclus\n|-heal|p1a: Reuniclus|222/333 par\n|\n|upkeep\n|turn|15\n|\n|t:|1770612673\n|move|p2a: Vigoroth|Body Slam|p1a: Reuniclus\n|-damage|p1a: Reuniclus|71/333 par\n|move|p1a: Reuniclus|Recover|p1a: Reuniclus\n|-heal|p1a: Reuniclus|238/333 par\n|\n|upkeep\n|turn|16\n|\n|t:|1770612677\n|move|p2a: Vigoroth|Bulk Up|p2a: Vigoroth\n|-boost|p2a: Vigoroth|atk|1\n|-boost|p2a: Vigoroth|def|1\n|move|p1a: Reuniclus|Recover|p1a: Reuniclus\n|-heal|p1a: Reuniclus|333/333 par\n|\n|upkeep\n|turn|17\n|\n|t:|1770612679\n|move|p2a: Vigoroth|Body Slam|p1a: Reuniclus\n|-damage|p1a: Reuniclus|147/333 par\n|move|p1a: Reuniclus|Focus Blast|p2a: Vigoroth\n|-supereffective|p2a: Vigoroth\n|-damage|p2a: Vigoroth|35/284\n|\n|upkeep\n|turn|18\n|\n|t:|1770612682\n|move|p2a: Vigoroth|Body Slam|p1a: Reuniclus\n|-damage|p1a: Reuniclus|0 fnt\n|faint|p1a: Reuniclus\n|\n|upkeep\n|\n|t:|1770612702\n|switch|p1a: Cherrim|Cherrim, L99, F|59/299\n|turn|19\n|\n|t:|1770612707\n|switch|p2a: Emboar|Emboar, L85, M|326/326\n|move|p1a: Cherrim|Energy Ball|p2a: Emboar\n|-resisted|p2a: Emboar\n|-damage|p2a: Emboar|253/326\n|\n|upkeep\n|turn|20\n|\n|t:|1770612714\n|switch|p1a: Exeggutor|Exeggutor-Alola, L91, M|110/321\n|move|p2a: Emboar|Flare Blitz|p1a: Exeggutor\n|-damage|p1a: Exeggutor|0 fnt\n|faint|p1a: Exeggutor\n|-damage|p2a: Emboar|217/326|[from] Recoil\n|\n|upkeep\n|\n|t:|1770612718\n|switch|p1a: Floatzel|Floatzel, L86, M|286/286\n|turn|21\n|\n|t:|1770612724\n|switch|p2a: Vigoroth|Vigoroth, L88, F|35/284\n|move|p1a: Floatzel|Bulk Up|p1a: Floatzel\n|-boost|p1a: Floatzel|atk|1\n|-boost|p1a: Floatzel|def|1\n|\n|upkeep\n|turn|22\n|\n|t:|1770612728\n|move|p1a: Floatzel|Liquidation|p2a: Vigoroth\n|-damage|p2a: Vigoroth|0 fnt\n|faint|p2a: Vigoroth\n|\n|upkeep\n|\n|t:|1770612733\n|switch|p2a: Gallade|Gallade, L84, M|251/251\n|turn|23\n|\n|t:|1770612736\n|move|p2a: Gallade|Close Combat|p1a: Floatzel\n|-damage|p1a: Floatzel|157/286\n|-unboost|p2a: Gallade|def|1\n|-unboost|p2a: Gallade|spd|1\n|move|p1a: Floatzel|Liquidation|p2a: Gallade\n|-damage|p2a: Gallade|0 fnt\n|faint|p2a: Gallade\n|\n|upkeep\n|\n|t:|1770612740\n|switch|p2a: Charizard|Charizard, L76, M|243/243\n|turn|24\n|\n|t:|1770612746\n|detailschange|p2a: Charizard|Charizard-Mega-X, L76, M\n|-mega|p2a: Charizard|Charizard|Charizardite X\n|move|p1a: Floatzel|Liquidation|p2a: Charizard\n|-damage|p2a: Charizard|108/243\n|move|p2a: Charizard|Dragon Dance|p2a: Charizard\n|-boost|p2a: Charizard|atk|1\n|-boost|p2a: Charizard|spe|1\n|\n|upkeep\n|turn|25\n|\n|t:|1770612753\n|move|p2a: Charizard|Dragon Claw|p1a: Floatzel\n|-damage|p1a: Floatzel|0 fnt\n|faint|p1a: Floatzel\n|\n|upkeep\n|\n|t:|1770612764\n|switch|p1a: Basculin|Basculin-Blue-Striped, L86, M|261/261\n|turn|26\n|\n|t:|1770612770\n|move|p2a: Charizard|Dragon Claw|p1a: Basculin\n|-damage|p1a: Basculin|53/261\n|move|p1a: Basculin|Liquidation|p2a: Charizard\n|-damage|p2a: Charizard|0 fnt\n|faint|p2a: Charizard\n|detailschange|p2: Charizard|Charizard, L76, M|[silent]\n|\n|upkeep\n|\n|t:|1770612773\n|switch|p2a: Emboar|Emboar, L85, M|217/326\n|turn|27\n|\n|t:|1770612778\n|switch|p1a: Cherrim|Cherrim, L99, F|59/299\n|move|p2a: Emboar|Sucker Punch||[still]\n|-fail|p2a: Emboar\n|\n|upkeep\n|turn|28\n|\n|t:|1770612782\n|move|p2a: Emboar|Sucker Punch||[still]\n|-fail|p2a: Emboar\n|move|p1a: Cherrim|Healing Wish|p1a: Cherrim\n|faint|p1a: Cherrim\n|\n|upkeep\n|\n|t:|1770612785\n|switch|p1a: Basculin|Basculin-Blue-Striped, L86, M|53/261\n|-heal|p1a: Basculin|261/261|[from] move: Healing Wish\n|turn|29\n|\n|t:|1770612788\n|move|p1a: Basculin|Liquidation|p2a: Emboar\n|-supereffective|p2a: Emboar\n|-damage|p2a: Emboar|0 fnt\n|faint|p2a: Emboar\n|\n|win|plop in my pants\n|raw|plop in my pants's rating: 1724 &rarr; <strong>1745</strong><br />(+21 for winning)\n|raw|berserkpower's rating: 1737 &rarr; <strong>1716</strong><br />(-21 for losing)\n|l|☆berserkpower\n|player|p2|\n|c|☆plop in my pants|gg\n", "inputlog": ">version ccdc32dd7cde25fd9e4bed64820e885f66e78a4e\n>start {\"formatid\":\"gen7randombattle\",\"seed\":\"sodium,6773741f756920ca9ceb999901603e7d\",\"rated\":\"Rated battle\"}\n>player p1 {\"name\":\"plop in my pants\",\"avatar\":\"teamrocket\",\"rating\":1724,\"seed\":\"sodium,7fe3b54c961f95eb8d2b79501c43e6fa\"}\n>player p2 {\"name\":\"berserkpower\",\"avatar\":\"lance\",\"rating\":1737,\"seed\":\"sodium,80286a9a5e5c7b621e58b70a885bc5a2\"}\n>p1 switch 2\n>p2 move thunderbolt\n>p1 move dracometeor\n>p2 move nastyplot\n>p1 switch 6\n>p2 move dazzlinggleam\n>p1 move blizzard\n>p2 move shadowball\n>p1 switch 5\n>p1 move energyball\n>p2 move shadowball\n>p2 switch 5\n>p1 switch 6\n>p2 move doubleedge\n>p1 move dracometeor\n>p2 move doubleedge\n>p2 switch 6\n>p1 switch 3\n>p2 move bulkup\n>p1 move focusblast\n>p2 move bodyslam\n>p1 move psyshock\n>p2 move slackoff\n>p1 move focusblast\n>p2 move slackoff\n>p1 move recover\n>p2 move bodyslam\n>p1 move recover\n>p2 move bodyslam\n>p1 move recover\n>p2 move bodyslam\n>p1 move recover\n>p2 move bodyslam\n>p1 move recover\n>p2 move bulkup\n>p1 move focusblast\n>p2 move bodyslam\n>p1 move focusblast\n>p2 move bodyslam\n>p1 switch 6\n>p1 move energyball\n>p2 switch 2\n>p1 switch 3\n>p2 move flareblitz\n>p1 switch 2\n>p1 move bulkup\n>p2 switch 2\n>p1 move liquidation\n>p2 move bodyslam\n>p2 switch 3\n>p1 move liquidation\n>p2 move closecombat\n>p2 switch 4\n>p1 move liquidation\n>p2 move dragondance mega\n>p1 move liquidation\n>p2 move dragonclaw\n>p1 switch 4\n>p1 move liquidation\n>p2 move dragonclaw\n>p2 switch 2\n>p1 switch 3\n>p2 move suckerpunch\n>p1 move healingwish\n>p2 move suckerpunch\n>p1 switch 3\n>p1 move liquidation\n>p2 move superpower", "uploadtime": 1770612790, "views": 195, "formatid": "gen7randombattle", "rating": 1716, "private": 0, "password": null}