{"id": "gen7randombattle-2532892176", "format": "[Gen 7] Random Battle", "players": ["MimikyuTrainerAsh", "drtfvgbk"], "log": "|j|☆MimikyuTrainerAsh\n|j|☆drtfvgbk\n|t:|1770234077\n|gametype|singles\n|player|p1|MimikyuTrainerAsh|pokekid|1651\n|player|p2|drtfvgbk|266|1621\n|gen|7\n|tier|[Gen 7] Random Battle\n|rated|\n|rule|Sleep Clause Mod: Limit one foe put to sleep\n|rule|HP Percentage Mod: HP is shown in percentages\n|rule|Illusion Level Mod: Illusion disguises the Pokémon's true level\n|\n|t:|1770234077\n|teamsize|p1|6\n|teamsize|p2|6\n|start\n|switch|p1a: Galvantula|Galvantula, L80, F|243/243\n|switch|p2a: Rhydon|Rhydon, L85, M|317/317\n|turn|1\n|inactive|Battle timer is ON: inactive players will automatically lose when time's up. (requested by MimikyuTrainerAsh)\n|inactive|drtfvgbk has 120 seconds left.\n|\n|t:|1770234122\n|move|p1a: Galvantula|Sticky Web|p2a: Rhydon\n|-sidestart|p2: drtfvgbk|move: Sticky Web\n|move|p2a: Rhydon|Stone Edge|p1a: Galvantula\n|-supereffective|p1a: Galvantula\n|-crit|p1a: Galvantula\n|-enditem|p1a: Galvantula|Focus Sash\n|-damage|p1a: Galvantula|1/243\n|\n|upkeep\n|turn|2\n|\n|t:|1770234143\n|switch|p2a: Muk|Muk-Alola, L80, F|299/299\n|-activate|p2a: Muk|move: Sticky Web\n|-unboost|p2a: Muk|spe|1\n|move|p1a: Galvantula|Bug Buzz|p2a: Muk\n|-damage|p2a: Muk|242/299\n|\n|upkeep\n|turn|3\n|\n|t:|1770234162\n|move|p1a: Galvantula|Volt Switch|p2a: Muk\n|-damage|p2a: Muk|199/299\n|\n|t:|1770234164\n|switch|p1a: Houndoom|Houndoom, L80, M|251/251|[from] Volt Switch\n|move|p2a: Muk|Knock Off|p1a: Houndoom\n|-resisted|p1a: Houndoom\n|-damage|p1a: Houndoom|198/251\n|\n|upkeep\n|turn|4\n|\n|t:|1770234182\n|detailschange|p1a: Houndoom|Houndoom-Mega, L80, M\n|-mega|p1a: Houndoom|Houndoom|Houndoominite\n|move|p1a: Houndoom|Nasty Plot|p1a: Houndoom\n|-boost|p1a: Houndoom|spa|2\n|move|p2a: Muk|Gunk Shot|p1a: Houndoom\n|-damage|p1a: Houndoom|60/251\n|\n|upkeep\n|turn|5\n|\n|t:|1770234190\n|move|p1a: Houndoom|Fire Blast|p2a: Muk|[miss]\n|-miss|p1a: Houndoom|p2a: Muk\n|move|p2a: Muk|Gunk Shot|p1a: Houndoom|[miss]\n|-miss|p2a: Muk|p1a: Houndoom\n|\n|upkeep\n|turn|6\n|\n|t:|1770234194\n|move|p1a: Houndoom|Fire Blast|p2a: Muk\n|-damage|p2a: Muk|18/299\n|-status|p2a: Muk|brn\n|move|p2a: Muk|Gunk Shot|p1a: Houndoom\n|-damage|p1a: Houndoom|0 fnt\n|faint|p1a: Houndoom\n|detailschange|p1: Houndoom|Houndoom, L80, M|[silent]\n|\n|-damage|p2a: Muk|0 fnt|[from] brn\n|faint|p2a: Muk\n|upkeep\n|\n|t:|1770234206\n|switch|p1a: Galvantula|Galvantula, L80, F|1/243\n|switch|p2a: Skuntank|Skuntank, L87, M|321/321\n|-activate|p2a: Skuntank|move: Sticky Web\n|-unboost|p2a: Skuntank|spe|1\n|turn|7\n|\n|t:|1770234210\n|move|p2a: Skuntank|Sucker Punch|p1a: Galvantula\n|-damage|p1a: Galvantula|0 fnt\n|faint|p1a: Galvantula\n|\n|upkeep\n|\n|t:|1770234216\n|switch|p1a: Buzzwole|Buzzwole, L79|299/299\n|turn|8\n|\n|t:|1770234221\n|move|p1a: Buzzwole|Drain Punch|p2a: Skuntank\n|-damage|p2a: Skuntank|203/321\n|move|p2a: Skuntank|Poison Jab|p1a: Buzzwole\n|-damage|p1a: Buzzwole|230/299\n|-status|p1a: Buzzwole|psn\n|\n|-heal|p1a: Buzzwole|248/299 psn|[from] item: Leftovers\n|-damage|p1a: Buzzwole|211/299 psn|[from] psn\n|upkeep\n|turn|9\n|\n|t:|1770234230\n|move|p1a: Buzzwole|Drain Punch|p2a: Skuntank\n|-damage|p2a: Skuntank|89/321\n|-heal|p1a: Buzzwole|268/299 psn|[from] drain|[of] p2a: Skuntank\n|move|p2a: Skuntank|Poison Jab|p1a: Buzzwole\n|-damage|p1a: Buzzwole|207/299 psn\n|\n|-heal|p1a: Buzzwole|225/299 psn|[from] item: Leftovers\n|-damage|p1a: Buzzwole|188/299 psn|[from] psn\n|upkeep\n|turn|10\n|\n|t:|1770234237\n|switch|p2a: Whimsicott|Whimsicott, L87, F|246/246\n|-activate|p2a: Whimsicott|move: Sticky Web\n|-unboost|p2a: Whimsicott|spe|1\n|move|p1a: Buzzwole|Drain Punch|p2a: Whimsicott\n|-resisted|p2a: Whimsicott\n|-damage|p2a: Whimsicott|201/246\n|-heal|p1a: Buzzwole|211/299 psn|[from] drain|[of] p2a: Whimsicott\n|\n|-heal|p1a: Buzzwole|229/299 psn|[from] item: Leftovers\n|-heal|p2a: Whimsicott|216/246|[from] item: Leftovers\n|-damage|p1a: Buzzwole|192/299 psn|[from] psn\n|upkeep\n|turn|11\n|\n|t:|1770234243\n|switch|p1a: Rotom|Rotom, L88|231/231\n|move|p2a: Whimsicott|Encore||[still]\n|-fail|p2a: Whimsicott\n|\n|-heal|p2a: Whimsicott|231/246|[from] item: Leftovers\n|upkeep\n|turn|12\n|\n|t:|1770234249\n|switch|p2a: Skuntank|Skuntank, L87, M|89/321\n|-activate|p2a: Skuntank|move: Sticky Web\n|-unboost|p2a: Skuntank|spe|1\n|move|p1a: Rotom|Thunderbolt|p2a: Skuntank\n|-damage|p2a: Skuntank|0 fnt\n|faint|p2a: Skuntank\n|-damage|p1a: Rotom|208/231|[from] item: Life Orb\n|\n|upkeep\n|\n|t:|1770234269\n|switch|p2a: Silvally|Silvally-Dragon, L87|307/307\n|-activate|p2a: Silvally|move: Sticky Web\n|-unboost|p2a: Silvally|spe|1\n|turn|13\n|\n|t:|1770234276\n|switch|p1a: Gothitelle|Gothitelle, L91, M|275/275\n|move|p2a: Silvally|Flame Charge|p1a: Gothitelle\n|-damage|p1a: Gothitelle|242/275\n|-boost|p2a: Silvally|spe|1\n|\n|upkeep\n|turn|14\n|\n|t:|1770234284\n|move|p2a: Silvally|Swords Dance|p2a: Silvally\n|-boost|p2a: Silvally|atk|2\n|move|p1a: Gothitelle|Psychic|p2a: Silvally\n|-damage|p2a: Silvally|168/307\n|\n|upkeep\n|turn|15\n|\n|t:|1770234290\n|move|p2a: Silvally|Outrage|p1a: Gothitelle\n|-damage|p1a: Gothitelle|0 fnt\n|faint|p1a: Gothitelle\n|\n|upkeep\n|\n|t:|1770234293\n|switch|p1a: Necrozma|Necrozma-Dusk-Mane, L69|248/248\n|turn|16\n|\n|t:|1770234295\n|move|p2a: Silvally|Outrage|p1a: Necrozma|[from] lockedmove\n|-resisted|p1a: Necrozma\n|-damage|p1a: Necrozma|130/248\n|-start|p2a: Silvally|confusion|[fatigue]\n|move|p1a: Necrozma|Autotomize|p1a: Necrozma\n|-boost|p1a: Necrozma|spe|2\n|-start|p1a: Necrozma|Autotomize\n|\n|upkeep\n|turn|17\n|\n|t:|1770234303\n|-zpower|p1a: Necrozma\n|move|p1a: Necrozma|Searing Sunraze Smash|p2a: Silvally|[zeffect]\n|-damage|p2a: Silvally|0 fnt\n|faint|p2a: Silvally\n|\n|upkeep\n|\n|t:|1770234325\n|switch|p2a: Meowstic|Meowstic, L91, M|283/283\n|-activate|p2a: Meowstic|move: Sticky Web\n|-unboost|p2a: Meowstic|spe|1\n|turn|18\n|\n|t:|1770234328\n|switch|p1a: Rotom|Rotom, L88|208/231\n|move|p2a: Meowstic|Thunder Wave|p1a: Rotom\n|-immune|p1a: Rotom\n|\n|upkeep\n|turn|19\n|\n|t:|1770234337\n|move|p2a: Meowstic|Toxic|p1a: Rotom\n|-status|p1a: Rotom|tox\n|move|p1a: Rotom|Shadow Ball|p2a: Meowstic\n|-supereffective|p2a: Meowstic\n|-damage|p2a: Meowstic|31/283\n|-damage|p1a: Rotom|185/231 tox|[from] item: Life Orb\n|\n|-heal|p2a: Meowstic|48/283|[from] item: Leftovers\n|-damage|p1a: Rotom|171/231 tox|[from] psn\n|upkeep\n|turn|20\n|\n|t:|1770234345\n|move|p1a: Rotom|Shadow Ball|p2a: Meowstic\n|-supereffective|p2a: Meowstic\n|-damage|p2a: Meowstic|0 fnt\n|faint|p2a: Meowstic\n|-damage|p1a: Rotom|148/231 tox|[from] item: Life Orb\n|\n|-damage|p1a: Rotom|120/231 tox|[from] psn\n|upkeep\n|\n|t:|1770234349\n|switch|p2a: Whimsicott|Whimsicott, L87, F|231/246\n|-activate|p2a: Whimsicott|move: Sticky Web\n|-unboost|p2a: Whimsicott|spe|1\n|turn|21\n|\n|t:|1770234353\n|move|p2a: Whimsicott|Leech Seed|p1a: Rotom\n|-start|p1a: Rotom|move: Leech Seed\n|move|p1a: Rotom|Pain Split|p2a: Whimsicott\n|-sethp|p2a: Whimsicott|175/246|[from] move: Pain Split|[silent]\n|-sethp|p1a: Rotom|175/231 tox|[from] move: Pain Split\n|\n|-heal|p2a: Whimsicott|190/246|[from] item: Leftovers\n|-damage|p1a: Rotom|147/231 tox|[from] Leech Seed|[of] p2a: Whimsicott\n|-heal|p2a: Whimsicott|218/246|[silent]\n|-damage|p1a: Rotom|105/231 tox|[from] psn\n|upkeep\n|turn|22\n|\n|t:|1770234360\n|move|p2a: Whimsicott|Substitute|p2a: Whimsicott\n|-start|p2a: Whimsicott|Substitute\n|-damage|p2a: Whimsicott|157/246\n|move|p1a: Rotom|Pain Split||[still]\n|-fail|p1a: Rotom\n|\n|-heal|p2a: Whimsicott|172/246|[from] item: Leftovers\n|-damage|p1a: Rotom|77/231 tox|[from] Leech Seed|[of] p2a: Whimsicott\n|-heal|p2a: Whimsicott|200/246|[silent]\n|-damage|p1a: Rotom|21/231 tox|[from] psn\n|upkeep\n|turn|23\n|\n|t:|1770234366\n|switch|p1a: Necrozma|Necrozma-Dusk-Mane, L69|130/248\n|move|p2a: Whimsicott|Encore||[still]\n|-fail|p2a: Whimsicott\n|\n|-heal|p2a: Whimsicott|215/246|[from] item: Leftovers\n|upkeep\n|turn|24\n|\n|t:|1770234368\n|move|p2a: Whimsicott|Leech Seed|p1a: Necrozma\n|-start|p1a: Necrozma|move: Leech Seed\n|move|p1a: Necrozma|Sunsteel Strike|p2a: Whimsicott\n|-supereffective|p2a: Whimsicott\n|-end|p2a: Whimsicott|Substitute\n|\n|-heal|p2a: Whimsicott|230/246|[from] item: Leftovers\n|-damage|p1a: Necrozma|99/248|[from] Leech Seed|[of] p2a: Whimsicott\n|-heal|p2a: Whimsicott|246/246|[silent]\n|upkeep\n|turn|25\n|\n|t:|1770234373\n|switch|p1a: Rotom|Rotom, L88|21/231 tox\n|move|p2a: Whimsicott|Substitute|p2a: Whimsicott\n|-start|p2a: Whimsicott|Substitute\n|-damage|p2a: Whimsicott|185/246\n|\n|-heal|p2a: Whimsicott|200/246|[from] item: Leftovers\n|-damage|p1a: Rotom|7/231 tox|[from] psn\n|upkeep\n|turn|26\n|\n|t:|1770234378\n|move|p1a: Rotom|Shadow Ball|p2a: Whimsicott\n|-end|p2a: Whimsicott|Substitute\n|-damage|p1a: Rotom|0 fnt|[from] item: Life Orb\n|faint|p1a: Rotom\n|move|p2a: Whimsicott|Moonblast|p1: Rotom|[notarget]\n|-fail|p2a: Whimsicott\n|\n|-heal|p2a: Whimsicott|215/246|[from] item: Leftovers\n|upkeep\n|\n|t:|1770234380\n|switch|p1a: Necrozma|Necrozma-Dusk-Mane, L69|99/248\n|turn|27\n|\n|t:|1770234386\n|move|p2a: Whimsicott|Substitute|p2a: Whimsicott\n|-start|p2a: Whimsicott|Substitute\n|-damage|p2a: Whimsicott|154/246\n|move|p1a: Necrozma|Sunsteel Strike|p2a: Whimsicott\n|-supereffective|p2a: Whimsicott\n|-end|p2a: Whimsicott|Substitute\n|\n|-heal|p2a: Whimsicott|169/246|[from] item: Leftovers\n|upkeep\n|turn|28\n|\n|t:|1770234392\n|move|p2a: Whimsicott|Substitute|p2a: Whimsicott\n|-start|p2a: Whimsicott|Substitute\n|-damage|p2a: Whimsicott|108/246\n|move|p1a: Necrozma|Sunsteel Strike|p2a: Whimsicott\n|-supereffective|p2a: Whimsicott\n|-end|p2a: Whimsicott|Substitute\n|\n|-heal|p2a: Whimsicott|123/246|[from] item: Leftovers\n|upkeep\n|turn|29\n|\n|t:|1770234402\n|move|p2a: Whimsicott|Substitute|p2a: Whimsicott\n|-start|p2a: Whimsicott|Substitute\n|-damage|p2a: Whimsicott|62/246\n|move|p1a: Necrozma|Sunsteel Strike|p2a: Whimsicott\n|-supereffective|p2a: Whimsicott\n|-crit|p2a: Whimsicott\n|-end|p2a: Whimsicott|Substitute\n|\n|-heal|p2a: Whimsicott|77/246|[from] item: Leftovers\n|upkeep\n|turn|30\n|\n|t:|1770234405\n|move|p2a: Whimsicott|Substitute|p2a: Whimsicott\n|-start|p2a: Whimsicott|Substitute\n|-damage|p2a: Whimsicott|16/246\n|move|p1a: Necrozma|Sunsteel Strike|p2a: Whimsicott\n|-supereffective|p2a: Whimsicott\n|-end|p2a: Whimsicott|Substitute\n|\n|-heal|p2a: Whimsicott|31/246|[from] item: Leftovers\n|upkeep\n|turn|31\n|c|☆MimikyuTrainerAsh|buddy\n|\n|t:|1770234409\n|switch|p2a: Rhydon|Rhydon, L85, M|317/317\n|-activate|p2a: Rhydon|move: Sticky Web\n|-unboost|p2a: Rhydon|spe|1\n|move|p1a: Necrozma|Sunsteel Strike|p2a: Rhydon\n|-supereffective|p2a: Rhydon\n|-damage|p2a: Rhydon|207/317\n|\n|upkeep\n|turn|32\n|\n|t:|1770234423\n|move|p1a: Necrozma|Sunsteel Strike|p2a: Rhydon\n|-supereffective|p2a: Rhydon\n|-damage|p2a: Rhydon|97/317\n|move|p2a: Rhydon|Swords Dance|p2a: Rhydon\n|-boost|p2a: Rhydon|atk|2\n|\n|upkeep\n|turn|33\n|c|☆MimikyuTrainerAsh|you just fumbled\n|\n|t:|1770234430\n|move|p1a: Necrozma|Photon Geyser|p2a: Rhydon\n|-damage|p2a: Rhydon|37/317\n|move|p2a: Rhydon|Earthquake|p1a: Necrozma\n|-supereffective|p1a: Necrozma\n|-damage|p1a: Necrozma|0 fnt\n|faint|p1a: Necrozma\n|\n|upkeep\n|\n|t:|1770234432\n|switch|p1a: Buzzwole|Buzzwole, L79|192/299 psn\n|turn|34\n|c|☆drtfvgbk|yes\n|c|☆MimikyuTrainerAsh|why didnt you keep whimsicott in\n|c|☆MimikyuTrainerAsh|you sold\n|\n|t:|1770234448\n|move|p1a: Buzzwole|Drain Punch|p2a: Rhydon\n|-supereffective|p2a: Rhydon\n|-damage|p2a: Rhydon|0 fnt\n|-heal|p1a: Buzzwole|211/299 psn|[from] drain|[of] p2a: Rhydon\n|faint|p2a: Rhydon\n|-ability|p1a: Buzzwole|Beast Boost|boost\n|-boost|p1a: Buzzwole|atk|1\n|\n|-heal|p1a: Buzzwole|229/299 psn|[from] item: Leftovers\n|-damage|p1a: Buzzwole|192/299 psn|[from] psn\n|upkeep\n|c|☆MimikyuTrainerAsh|you would have won\n|\n|t:|1770234452\n|switch|p2a: Whimsicott|Whimsicott, L87, F|31/246\n|-activate|p2a: Whimsicott|move: Sticky Web\n|-unboost|p2a: Whimsicott|spe|1\n|turn|35\n|\n|t:|1770234468\n|move|p2a: Whimsicott|Encore|p1a: Buzzwole\n|-start|p1a: Buzzwole|Encore\n|move|p1a: Buzzwole|Drain Punch|p2a: Whimsicott\n|-resisted|p2a: Whimsicott\n|-damage|p2a: Whimsicott|0 fnt\n|-heal|p1a: Buzzwole|208/299 psn|[from] drain|[of] p2a: Whimsicott\n|faint|p2a: Whimsicott\n|\n|win|MimikyuTrainerAsh\n|raw|MimikyuTrainerAsh's rating: 1651 &rarr; <strong>1669</strong><br />(+18 for winning)\n|raw|drtfvgbk's rating: 1621 &rarr; <strong>1603</strong><br />(-18 for losing)\n|l|☆drtfvgbk\n|player|p2|\n", "inputlog": ">version ccdc32dd7cde25fd9e4bed64820e885f66e78a4e\n>start {\"formatid\":\"gen7randombattle\",\"seed\":\"sodium,423c29c6780ad6730d394c389febb1db\",\"rated\":\"Rated battle\"}\n>player p1 {\"name\":\"MimikyuTrainerAsh\",\"avatar\":\"pokekid\",\"rating\":1651,\"seed\":\"sodium,e91a16dd9dba70ecc7834dc1332ad00e\"}\n>player p2 {\"name\":\"drtfvgbk\",\"avatar\":\"266\",\"rating\":1621,\"seed\":\"sodium,037c33345068c761104f6849d89bd4d4\"}\n>p1 move stickyweb\n>p2 move stoneedge\n>p1 move bugbuzz\n>p2 switch 4\n>p1 move voltswitch\n>p2 move knockoff\n>p1 switch 3\n>p1 move nastyplot mega\n>p2 move gunkshot\n>p1 move fireblast\n>p2 move gunkshot\n>p1 move fireblast\n>p2 move gunkshot\n>p1 switch 3\n>p2 switch 3\n>p1 move thunder\n>p2 move suckerpunch\n>p1 switch 5\n>p1 move drainpunch\n>p2 move poisonjab\n>p1 move drainpunch\n>p2 move poisonjab\n>p1 move drainpunch\n>p2 switch 2\n>p1 switch 6\n>p2 move encore\n>p1 move thunderbolt\n>p2 switch 2\n>p2 switch 6\n>p1 switch 2\n>p2 move flamecharge\n>p1 move psychic\n>p2 move swordsdance\n>p1 move psychic\n>p2 move outrage\n>p1 switch 4\n>p1 move autotomize\n>p2 move outrage\n>p1 move sunsteelstrike zmove\n>p2 move flamecharge\n>p2 switch 5\n>p1 switch 2\n>p2 move thunderwave\n>p1 move shadowball\n>p2 move toxic\n>p1 move shadowball\n>p2 move psychic\n>p2 switch 2\n>p1 move painsplit\n>p2 move leechseed\n>p1 move painsplit\n>p2 move substitute\n>p1 switch 2\n>p2 move encore\n>p1 move sunsteelstrike\n>p2 move leechseed\n>p1 switch 2\n>p2 move substitute\n>p1 move shadowball\n>p2 move moonblast\n>p1 switch 2\n>p1 move sunsteelstrike\n>p2 move substitute\n>p1 move sunsteelstrike\n>p2 move substitute\n>p1 move sunsteelstrike\n>p2 move substitute\n>p1 move sunsteelstrike\n>p2 move substitute\n>chat ☆MimikyuTrainerAsh|buddy\n>p1 move sunsteelstrike\n>p2 switch 4\n>p1 move sunsteelstrike\n>p2 move swordsdance\n>chat ☆MimikyuTrainerAsh|you just fumbled\n>p1 move photongeyser\n>p2 move earthquake\n>p1 switch 6\n>chat ☆drtfvgbk|yes\n>chat ☆MimikyuTrainerAsh|why didnt you keep whimsicott in\n>chat ☆MimikyuTrainerAsh|you sold\n>p1 move drainpunch\n>p2 move stoneedge\n>chat ☆MimikyuTrainerAsh|you would have won\n>p2 switch 4\n>p1 move drainpunch\n>p2 move encore", "uploadtime": 1770234473, "views": 130, "formatid": "gen7randombattle", "rating": 1603, "private": 0, "password": null}