{"id": "gen7randombattle-2532527419", "format": "[Gen 7] Random Battle", "players": ["may/gen3", "bin2409"], "log": "|j|☆may/gen3\n|j|☆bin2409\n|t:|1770191472\n|gametype|singles\n|player|p1|may/gen3|may|1873\n|player|p2|bin2409|lucas-gen4pt|1784\n|gen|7\n|tier|[Gen 7] Random Battle\n|rated|\n|rule|Sleep Clause Mod: Limit one foe put to sleep\n|rule|HP Percentage Mod: HP is shown in percentages\n|rule|Illusion Level Mod: Illusion disguises the Pokémon's true level\n|\n|t:|1770191472\n|teamsize|p1|6\n|teamsize|p2|6\n|start\n|switch|p1a: Reuniclus|Reuniclus, L87, F|333/333\n|switch|p2a: Raikou|Raikou, L81|278/278\n|-ability|p2a: Raikou|Pressure\n|turn|1\n|inactive|Battle timer is ON: inactive players will automatically lose when time's up. (requested by may/gen3)\n|\n|t:|1770191493\n|switch|p2a: Hoopa|Hoopa-Unbound, L81|262/262\n|move|p1a: Reuniclus|Calm Mind|p1a: Reuniclus\n|-boost|p1a: Reuniclus|spa|1\n|-boost|p1a: Reuniclus|spd|1\n|\n|upkeep\n|turn|2\n|\n|t:|1770191517\n|move|p2a: Hoopa|Hyperspace Fury|p1a: Reuniclus\n|-supereffective|p1a: Reuniclus\n|-damage|p1a: Reuniclus|19/333\n|-unboost|p2a: Hoopa|def|1\n|move|p1a: Reuniclus|Focus Blast|p2a: Hoopa\n|-damage|p2a: Hoopa|97/262\n|\n|upkeep\n|turn|3\n|\n|t:|1770191526\n|move|p2a: Hoopa|Hyperspace Fury|p1a: Reuniclus\n|-supereffective|p1a: Reuniclus\n|-damage|p1a: Reuniclus|0 fnt\n|-unboost|p2a: Hoopa|def|1\n|faint|p1a: Reuniclus\n|\n|upkeep\n|\n|t:|1770191529\n|switch|p1a: Delcatty|Delcatty, L99, M|299/299\n|turn|4\n|\n|t:|1770191538\n|switch|p2a: Crabominable|Crabominable, L91, F|324/324\n|move|p1a: Delcatty|Double-Edge|p2a: Crabominable\n|-damage|p2a: Crabominable|159/324\n|-damage|p1a: Delcatty|245/299|[from] Recoil\n|\n|upkeep\n|turn|5\n|\n|t:|1770191550\n|move|p1a: Delcatty|Double-Edge|p2a: Crabominable\n|-damage|p2a: Crabominable|2/324\n|-damage|p1a: Delcatty|193/299|[from] Recoil\n|move|p2a: Crabominable|Drain Punch|p1a: Delcatty\n|-supereffective|p1a: Delcatty\n|-damage|p1a: Delcatty|0 fnt\n|-heal|p2a: Crabominable|99/324|[from] drain|[of] p1a: Delcatty\n|faint|p1a: Delcatty\n|\n|upkeep\n|\n|t:|1770191562\n|switch|p1a: Electivire|Electivire, L86, M|269/269\n|turn|6\n|\n|t:|1770191576\n|move|p1a: Electivire|Wild Charge|p2a: Crabominable\n|-damage|p2a: Crabominable|0 fnt\n|faint|p2a: Crabominable\n|-damage|p1a: Electivire|244/269|[from] Recoil\n|\n|upkeep\n|\n|t:|1770191583\n|switch|p2a: Hoopa|Hoopa-Unbound, L81|97/262\n|turn|7\n|\n|t:|1770191590\n|move|p2a: Hoopa|Hyperspace Fury|p1a: Electivire\n|-damage|p1a: Electivire|66/269\n|-unboost|p2a: Hoopa|def|1\n|move|p1a: Electivire|Earthquake|p2a: Hoopa\n|-damage|p2a: Hoopa|0 fnt\n|faint|p2a: Hoopa\n|\n|upkeep\n|\n|t:|1770191602\n|switch|p2a: Xatu|Xatu, L89, F|260/260\n|turn|8\n|\n|t:|1770191608\n|move|p2a: Xatu|Psychic|p1a: Electivire\n|-damage|p1a: Electivire|0 fnt\n|faint|p1a: Electivire\n|\n|upkeep\n|\n|t:|1770191611\n|switch|p1a: Floette|Floette-Eternal, L83, F|259/259\n|turn|9\n|\n|t:|1770191617\n|move|p2a: Xatu|Toxic|p1a: Floette\n|-status|p1a: Floette|tox\n|move|p1a: Floette|Moonblast|p2a: Xatu\n|-damage|p2a: Xatu|68/260\n|\n|-heal|p2a: Xatu|84/260|[from] item: Leftovers\n|-damage|p1a: Floette|243/259 tox|[from] psn\n|upkeep\n|turn|10\n|\n|t:|1770191623\n|move|p2a: Xatu|Roost|p2a: Xatu\n|-heal|p2a: Xatu|214/260\n|-singleturn|p2a: Xatu|move: Roost\n|move|p1a: Floette|Moonblast|p2a: Xatu\n|-damage|p2a: Xatu|21/260\n|-unboost|p2a: Xatu|spa|1\n|\n|-heal|p2a: Xatu|37/260|[from] item: Leftovers\n|-damage|p1a: Floette|211/259 tox|[from] psn\n|upkeep\n|turn|11\n|\n|t:|1770191631\n|move|p2a: Xatu|Psychic|p1a: Floette\n|-damage|p1a: Floette|153/259 tox\n|move|p1a: Floette|Moonblast|p2a: Xatu\n|-damage|p2a: Xatu|0 fnt\n|faint|p2a: Xatu\n|\n|-damage|p1a: Floette|105/259 tox|[from] psn\n|upkeep\n|\n|t:|1770191640\n|switch|p2a: Raikou|Raikou, L81|278/278\n|-ability|p2a: Raikou|Pressure\n|turn|12\n|\n|t:|1770191647\n|switch|p1a: Quagsire|Quagsire, L87, F|307/307\n|move|p2a: Raikou|Calm Mind|p2a: Raikou\n|-boost|p2a: Raikou|spa|1\n|-boost|p2a: Raikou|spd|1\n|\n|upkeep\n|turn|13\n|\n|t:|1770191659\n|switch|p2a: Cloyster|Cloyster, L80, M|211/211\n|move|p1a: Quagsire|Earthquake|p2a: Cloyster\n|-damage|p2a: Cloyster|145/211\n|\n|upkeep\n|turn|14\n|\n|t:|1770191671\n|move|p2a: Cloyster|Hydro Pump|p1a: Quagsire\n|-damage|p1a: Quagsire|199/307\n|move|p1a: Quagsire|Toxic|p2a: Cloyster\n|-status|p2a: Cloyster|tox\n|\n|-heal|p1a: Quagsire|218/307|[from] item: Leftovers\n|-damage|p2a: Cloyster|132/211 tox|[from] psn\n|upkeep\n|turn|15\n|\n|t:|1770191679\n|move|p2a: Cloyster|Hydro Pump|p1a: Quagsire\n|-damage|p1a: Quagsire|103/307\n|move|p1a: Quagsire|Earthquake|p2a: Cloyster\n|-damage|p2a: Cloyster|74/211 tox\n|\n|-heal|p1a: Quagsire|122/307|[from] item: Leftovers\n|-damage|p2a: Cloyster|48/211 tox|[from] psn\n|upkeep\n|turn|16\n|\n|t:|1770191685\n|move|p2a: Cloyster|Hydro Pump|p1a: Quagsire|[miss]\n|-miss|p2a: Cloyster|p1a: Quagsire\n|move|p1a: Quagsire|Recover|p1a: Quagsire\n|-heal|p1a: Quagsire|276/307\n|\n|-heal|p1a: Quagsire|295/307|[from] item: Leftovers\n|-damage|p2a: Cloyster|9/211 tox|[from] psn\n|upkeep\n|turn|17\n|\n|t:|1770191688\n|move|p2a: Cloyster|Hydro Pump|p1a: Quagsire\n|-damage|p1a: Quagsire|184/307\n|move|p1a: Quagsire|Recover|p1a: Quagsire\n|-heal|p1a: Quagsire|307/307\n|\n|-damage|p2a: Cloyster|0 fnt|[from] psn\n|faint|p2a: Cloyster\n|upkeep\n|\n|t:|1770191692\n|switch|p2a: Braviary|Braviary, L83, M|302/302\n|turn|18\n|\n|t:|1770191700\n|move|p2a: Braviary|Brave Bird|p1a: Quagsire\n|-damage|p1a: Quagsire|156/307\n|-damage|p2a: Braviary|252/302|[from] Recoil\n|move|p1a: Quagsire|Scald|p2a: Braviary\n|-crit|p2a: Braviary\n|-damage|p2a: Braviary|135/302\n|\n|-heal|p2a: Braviary|153/302|[from] item: Leftovers\n|-heal|p1a: Quagsire|175/307|[from] item: Leftovers\n|upkeep\n|turn|19\n|\n|t:|1770191711\n|switch|p1a: Floette|Floette-Eternal, L83, F|105/259 tox\n|move|p2a: Braviary|Brave Bird|p1a: Floette\n|-damage|p1a: Floette|0 fnt\n|faint|p1a: Floette\n|-damage|p2a: Braviary|118/302|[from] Recoil\n|\n|-heal|p2a: Braviary|136/302|[from] item: Leftovers\n|upkeep\n|\n|t:|1770191713\n|switch|p1a: Haxorus|Haxorus, L75, M|238/238\n|-ability|p1a: Haxorus|Mold Breaker\n|turn|20\n|\n|t:|1770191720\n|-zpower|p1a: Haxorus\n|move|p1a: Haxorus|Devastating Drake|p2a: Braviary|[zeffect]\n|-crit|p2a: Braviary\n|-damage|p2a: Braviary|0 fnt\n|faint|p2a: Braviary\n|\n|upkeep\n|\n|t:|1770191723\n|switch|p2a: Raikou|Raikou, L81|278/278\n|-ability|p2a: Raikou|Pressure\n|turn|21\n|\n|t:|1770191730\n|move|p2a: Raikou|Hidden Power|p1a: Haxorus\n|-supereffective|p1a: Haxorus\n|-damage|p1a: Haxorus|128/238\n|move|p1a: Haxorus|Earthquake|p2a: Raikou\n|-supereffective|p2a: Raikou\n|-damage|p2a: Raikou|80/278\n|\n|-heal|p2a: Raikou|97/278|[from] item: Leftovers\n|upkeep\n|turn|22\n|\n|t:|1770191734\n|move|p2a: Raikou|Hidden Power|p1a: Haxorus\n|-supereffective|p1a: Haxorus\n|-damage|p1a: Haxorus|10/238\n|move|p1a: Haxorus|Outrage|p2a: Raikou\n|-crit|p2a: Raikou\n|-damage|p2a: Raikou|0 fnt\n|faint|p2a: Raikou\n|\n|win|may/gen3\n|raw|may&#x2f;gen3's rating: 1873 &rarr; <strong>1888</strong><br />(+15 for winning)\n|raw|bin2409's rating: 1784 &rarr; <strong>1769</strong><br />(-15 for losing)\n|c|☆bin2409|Gg\n|l|☆bin2409\n|player|p2|\n|l|☆may/gen3\n|player|p1|\n|j|☆may/gen3\n|player|p1|may/gen3|may|\n", "inputlog": ">version ccdc32dd7cde25fd9e4bed64820e885f66e78a4e\n>start {\"formatid\":\"gen7randombattle\",\"seed\":\"sodium,421c2ac17c77fa28af90bebe6ac6efd0\",\"rated\":\"Rated battle\"}\n>player p1 {\"name\":\"may/gen3\",\"avatar\":\"may\",\"rating\":1873,\"seed\":\"sodium,40ef92106828d7bd6ac30dd8960398a4\"}\n>player p2 {\"name\":\"bin2409\",\"avatar\":\"lucas-gen4pt\",\"rating\":1784,\"seed\":\"sodium,0a3e13b9e9be5a32c7502d06460c4438\"}\n>p1 move calmmind\n>p2 switch 5\n>p1 move focusblast\n>p2 move hyperspacefury\n>p1 move focusblast\n>p2 move hyperspacefury\n>p1 switch 2\n>p1 move doubleedge\n>p2 switch 6\n>p1 move doubleedge\n>p2 move drainpunch\n>p1 switch 5\n>p1 move wildcharge\n>p2 move earthquake\n>p2 switch 6\n>p1 move earthquake\n>p2 move hyperspacefury\n>p2 switch 2\n>p1 move wildcharge\n>p2 move psychic\n>p1 switch 6\n>p1 move moonblast\n>p2 move toxic\n>p1 move moonblast\n>p2 move roost\n>p1 move moonblast\n>p2 move psychic\n>p2 switch 5\n>p1 switch 4\n>p2 move calmmind\n>p1 move earthquake\n>p2 switch 3\n>p1 move toxic\n>p2 move hydropump\n>p1 move earthquake\n>p2 move hydropump\n>p1 move recover\n>p2 move hydropump\n>p1 move recover\n>p2 move hydropump\n>p2 switch 4\n>p1 move scald\n>p2 move bravebird\n>p1 switch 4\n>p2 move bravebird\n>p1 switch 3\n>p1 move outrage zmove\n>p2 move bravebird\n>p2 switch 3\n>p1 move earthquake\n>p2 move hiddenpower\n>p1 move outrage\n>p2 move hiddenpower", "uploadtime": 1770191820, "views": 125, "formatid": "gen7randombattle", "rating": 1769, "private": 0, "password": null}