{"id": "gen7randombattle-2540863346", "format": "[Gen 7] Random Battle", "players": ["Snoop Rogue", "Trefleuh"], "log": "|j|☆Snoop Rogue\n|j|☆Trefleuh\n|t:|1771261743\n|gametype|singles\n|player|p1|Snoop Rogue|koga-lgpe|1731\n|player|p2|Trefleuh|#rbtt8teamhoopa2|1695\n|gen|7\n|tier|[Gen 7] Random Battle\n|rated|\n|rule|Sleep Clause Mod: Limit one foe put to sleep\n|rule|HP Percentage Mod: HP is shown in percentages\n|rule|Illusion Level Mod: Illusion disguises the Pokémon's true level\n|\n|t:|1771261743\n|teamsize|p1|6\n|teamsize|p2|6\n|start\n|switch|p1a: Floette|Floette-Eternal, L83, F|259/259\n|switch|p2a: Dialga|Dialga, L74|270/270\n|-ability|p2a: Dialga|Pressure\n|turn|1\n|inactive|Battle timer is ON: inactive players will automatically lose when time's up. (requested by Snoop Rogue)\n|inactive|Snoop Rogue has 120 seconds left.\n|\n|t:|1771261781\n|switch|p1a: Phione|Phione, L93|300/300\n|move|p2a: Dialga|Stealth Rock|p1a: Phione\n|-sidestart|p1: Snoop Rogue|move: Stealth Rock\n|\n|upkeep\n|turn|2\n|\n|t:|1771261790\n|switch|p2a: Sunflora|Sunflora, F|312/312\n|move|p1a: Phione|Scald|p2a: Sunflora\n|-resisted|p2a: Sunflora\n|-damage|p2a: Sunflora|273/312\n|-status|p2a: Sunflora|brn\n|\n|-damage|p2a: Sunflora|254/312 brn|[from] brn\n|upkeep\n|turn|3\n|\n|t:|1771261799\n|move|p1a: Phione|U-turn|p2a: Sunflora\n|-supereffective|p2a: Sunflora\n|-damage|p2a: Sunflora|124/312 brn\n|\n|t:|1771261804\n|switch|p1a: Accelgor|Accelgor, L90, F|290/290|[from] U-turn\n|-damage|p1a: Accelgor|218/290|[from] Stealth Rock\n|move|p2a: Sunflora|Leaf Storm|p1a: Accelgor\n|-resisted|p1a: Accelgor\n|-damage|p1a: Accelgor|37/290\n|-unboost|p2a: Sunflora|spa|2\n|\n|-heal|p1a: Accelgor|55/290|[from] item: Leftovers\n|-damage|p2a: Sunflora|105/312 brn|[from] brn\n|upkeep\n|turn|4\n|\n|t:|1771261811\n|switch|p2a: Marshadow|Marshadow, L69|239/239\n|move|p1a: Accelgor|Spikes|p2a: Marshadow\n|-sidestart|p2: Trefleuh|Spikes\n|\n|-heal|p1a: Accelgor|73/290|[from] item: Leftovers\n|upkeep\n|turn|5\n|\n|t:|1771261816\n|switch|p1a: Stantler|Stantler, L92, F|284/284\n|-damage|p1a: Stantler|249/284|[from] Stealth Rock\n|-ability|p1a: Stantler|Intimidate|boost\n|-unboost|p2a: Marshadow|atk|1\n|move|p2a: Marshadow|Shadow Sneak|p1a: Stantler\n|-immune|p1a: Stantler\n|\n|upkeep\n|turn|6\n|\n|t:|1771261825\n|switch|p2a: Sunflora|Sunflora, F|105/312 brn\n|-damage|p2a: Sunflora|66/312 brn|[from] Spikes\n|move|p1a: Stantler|Earthquake|p2a: Sunflora\n|-resisted|p2a: Sunflora\n|-damage|p2a: Sunflora|0 fnt\n|faint|p2a: Sunflora\n|\n|upkeep\n|\n|t:|1771261852\n|switch|p2a: Pelipper|Pelipper, L87, F|246/246\n|-weather|RainDance|[from] ability: Drizzle|[of] p2a: Pelipper\n|turn|7\n|\n|t:|1771261858\n|switch|p1a: Phione|Phione, L93|300/300\n|-damage|p1a: Phione|263/300|[from] Stealth Rock\n|move|p2a: Pelipper|Hurricane|p1a: Phione\n|-damage|p1a: Phione|152/300\n|\n|-weather|RainDance|[upkeep]\n|-heal|p1a: Phione|170/300|[from] item: Leftovers\n|upkeep\n|turn|8\n|\n|t:|1771261866\n|move|p1a: Phione|Ice Beam|p2a: Pelipper\n|-damage|p2a: Pelipper|167/246\n|move|p2a: Pelipper|Hurricane|p1a: Phione\n|-damage|p1a: Phione|59/300\n|-start|p1a: Phione|confusion\n|\n|-weather|RainDance|[upkeep]\n|-heal|p1a: Phione|77/300|[from] item: Leftovers\n|-heal|p2a: Pelipper|182/246|[from] item: Leftovers\n|upkeep\n|turn|9\n|\n|t:|1771261876\n|-activate|p1a: Phione|confusion\n|-damage|p1a: Phione|48/300|[from] confusion\n|move|p2a: Pelipper|Roost|p2a: Pelipper\n|-heal|p2a: Pelipper|246/246\n|-singleturn|p2a: Pelipper|move: Roost\n|\n|-weather|RainDance|[upkeep]\n|-heal|p1a: Phione|66/300|[from] item: Leftovers\n|upkeep\n|turn|10\n|\n|t:|1771261881\n|-activate|p1a: Phione|confusion\n|move|p1a: Phione|Ice Beam|p2a: Pelipper\n|-damage|p2a: Pelipper|174/246\n|move|p2a: Pelipper|Scald|p1a: Phione\n|-resisted|p1a: Phione\n|-damage|p1a: Phione|1/300\n|-status|p1a: Phione|brn\n|\n|-weather|RainDance|[upkeep]\n|-activate|p1a: Phione|ability: Hydration\n|-curestatus|p1a: Phione|brn|[msg]\n|-heal|p1a: Phione|19/300|[from] item: Leftovers\n|-heal|p2a: Pelipper|189/246|[from] item: Leftovers\n|upkeep\n|turn|11\n|\n|t:|1771261887\n|-end|p1a: Phione|confusion\n|move|p1a: Phione|Scald|p2a: Pelipper\n|-resisted|p2a: Pelipper\n|-damage|p2a: Pelipper|117/246\n|-status|p2a: Pelipper|brn\n|move|p2a: Pelipper|Scald|p1a: Phione\n|-resisted|p1a: Phione\n|-damage|p1a: Phione|0 fnt\n|faint|p1a: Phione\n|\n|-weather|none\n|-heal|p2a: Pelipper|132/246 brn|[from] item: Leftovers\n|-damage|p2a: Pelipper|117/246 brn|[from] brn\n|upkeep\n|\n|t:|1771261893\n|switch|p1a: Ampharos|Ampharos, L85, M|292/292\n|-damage|p1a: Ampharos|256/292|[from] Stealth Rock\n|turn|12\n|\n|t:|1771261900\n|switch|p2a: Dialga|Dialga, L74|270/270\n|-damage|p2a: Dialga|237/270|[from] Spikes\n|-ability|p2a: Dialga|Pressure\n|detailschange|p1a: Ampharos|Ampharos-Mega, L85, M\n|-mega|p1a: Ampharos|Ampharos|Ampharosite\n|-ability|p1a: Ampharos|Mold Breaker\n|move|p1a: Ampharos|Volt Switch|p2a: Dialga\n|-resisted|p2a: Dialga\n|-damage|p2a: Dialga|177/270\n|\n|t:|1771261907\n|switch|p1a: Accelgor|Accelgor, L90, F|73/290|[from] Volt Switch\n|-damage|p1a: Accelgor|1/290|[from] Stealth Rock\n|\n|-heal|p1a: Accelgor|19/290|[from] item: Leftovers\n|-heal|p2a: Dialga|193/270|[from] item: Leftovers\n|upkeep\n|turn|13\n|\n|t:|1771261920\n|switch|p2a: Pelipper|Pelipper, L87, F|117/246 brn\n|-weather|RainDance|[from] ability: Drizzle|[of] p2a: Pelipper\n|move|p1a: Accelgor|Focus Blast|p2a: Pelipper\n|-resisted|p2a: Pelipper\n|-damage|p2a: Pelipper|65/246 brn\n|\n|-weather|RainDance|[upkeep]\n|-heal|p1a: Accelgor|37/290|[from] item: Leftovers\n|-heal|p2a: Pelipper|80/246 brn|[from] item: Leftovers\n|-damage|p2a: Pelipper|65/246 brn|[from] brn\n|upkeep\n|turn|14\n|\n|t:|1771261924\n|move|p1a: Accelgor|Spikes|p2a: Pelipper\n|-sidestart|p2: Trefleuh|Spikes\n|move|p2a: Pelipper|Roost|p2a: Pelipper\n|-heal|p2a: Pelipper|188/246 brn\n|-singleturn|p2a: Pelipper|move: Roost\n|\n|-weather|RainDance|[upkeep]\n|-heal|p1a: Accelgor|55/290|[from] item: Leftovers\n|-heal|p2a: Pelipper|203/246 brn|[from] item: Leftovers\n|-damage|p2a: Pelipper|188/246 brn|[from] brn\n|upkeep\n|turn|15\n|\n|t:|1771261929\n|move|p1a: Accelgor|Toxic Spikes|p2a: Pelipper\n|-sidestart|p2: Trefleuh|move: Toxic Spikes\n|move|p2a: Pelipper|Roost|p2a: Pelipper\n|-heal|p2a: Pelipper|246/246 brn\n|-singleturn|p2a: Pelipper|move: Roost\n|\n|-weather|RainDance|[upkeep]\n|-heal|p1a: Accelgor|73/290|[from] item: Leftovers\n|-damage|p2a: Pelipper|231/246 brn|[from] brn\n|upkeep\n|turn|16\n|\n|t:|1771261933\n|move|p1a: Accelgor|Toxic Spikes|p2a: Pelipper\n|-sidestart|p2: Trefleuh|move: Toxic Spikes\n|move|p2a: Pelipper|Scald|p1a: Accelgor\n|-damage|p1a: Accelgor|0 fnt\n|faint|p1a: Accelgor\n|\n|-weather|RainDance|[upkeep]\n|-heal|p2a: Pelipper|246/246 brn|[from] item: Leftovers\n|-damage|p2a: Pelipper|231/246 brn|[from] brn\n|upkeep\n|\n|t:|1771261937\n|switch|p1a: Ampharos|Ampharos-Mega, L85, M|256/292\n|-damage|p1a: Ampharos|220/292|[from] Stealth Rock\n|-ability|p1a: Ampharos|Mold Breaker\n|turn|17\n|\n|t:|1771261945\n|move|p2a: Pelipper|U-turn|p1a: Ampharos\n|-crit|p1a: Ampharos\n|-damage|p1a: Ampharos|200/292\n|\n|t:|1771261947\n|switch|p2a: Dialga|Dialga, L74|193/270|[from] U-turn\n|-damage|p2a: Dialga|148/270|[from] Spikes\n|-ability|p2a: Dialga|Pressure\n|move|p1a: Ampharos|Volt Switch|p2a: Dialga\n|-resisted|p2a: Dialga\n|-damage|p2a: Dialga|91/270\n|\n|t:|1771261952\n|switch|p1a: Floette|Floette-Eternal, L83, F|259/259|[from] Volt Switch\n|-damage|p1a: Floette|227/259|[from] Stealth Rock\n|\n|-weather|none\n|-heal|p2a: Dialga|107/270|[from] item: Leftovers\n|upkeep\n|turn|18\n|\n|t:|1771261959\n|move|p1a: Floette|Light of Ruin|p2a: Dialga\n|-damage|p2a: Dialga|0 fnt\n|faint|p2a: Dialga\n|-damage|p1a: Floette|173/259|[from] Recoil\n|\n|upkeep\n|\n|t:|1771261969\n|switch|p2a: Pelipper|Pelipper, L87, F|231/246 brn\n|-weather|RainDance|[from] ability: Drizzle|[of] p2a: Pelipper\n|turn|19\n|\n|t:|1771261975\n|switch|p1a: Ampharos|Ampharos-Mega, L85, M|200/292\n|-damage|p1a: Ampharos|164/292|[from] Stealth Rock\n|-ability|p1a: Ampharos|Mold Breaker\n|move|p2a: Pelipper|Hurricane|p1a: Ampharos\n|-resisted|p1a: Ampharos\n|-damage|p1a: Ampharos|115/292\n|\n|-weather|RainDance|[upkeep]\n|-heal|p2a: Pelipper|246/246 brn|[from] item: Leftovers\n|-damage|p2a: Pelipper|231/246 brn|[from] brn\n|upkeep\n|turn|20\n|\n|t:|1771262000\n|move|p2a: Pelipper|U-turn|p1a: Ampharos\n|-damage|p1a: Ampharos|100/292\n|\n|t:|1771262003\n|switch|p2a: Azelf|Azelf, L82|257/257|[from] U-turn\n|move|p1a: Ampharos|Discharge|p2a: Azelf\n|-damage|p2a: Azelf|80/257\n|\n|-weather|RainDance|[upkeep]\n|upkeep\n|turn|21\n|\n|t:|1771262009\n|move|p2a: Azelf|Psychic|p1a: Ampharos\n|-damage|p1a: Ampharos|0 fnt\n|faint|p1a: Ampharos\n|detailschange|p1: Ampharos|Ampharos, L85, M|[silent]\n|-damage|p2a: Azelf|55/257|[from] item: Life Orb\n|\n|-weather|RainDance|[upkeep]\n|upkeep\n|\n|t:|1771262013\n|switch|p1a: Floette|Floette-Eternal, L83, F|173/259\n|-damage|p1a: Floette|141/259|[from] Stealth Rock\n|turn|22\n|\n|t:|1771262019\n|move|p1a: Floette|Moonblast|p2a: Azelf\n|-damage|p2a: Azelf|0 fnt\n|faint|p2a: Azelf\n|\n|-weather|RainDance|[upkeep]\n|upkeep\n|\n|t:|1771262022\n|switch|p2a: Pelipper|Pelipper, L87, F|231/246 brn\n|turn|23\n|\n|t:|1771262029\n|switch|p1a: Cofagrigus|Cofagrigus, L89, F|248/248\n|-damage|p1a: Cofagrigus|217/248|[from] Stealth Rock\n|move|p2a: Pelipper|Scald|p1a: Cofagrigus\n|-damage|p1a: Cofagrigus|109/248\n|-status|p1a: Cofagrigus|brn\n|\n|-weather|none\n|-heal|p2a: Pelipper|246/246 brn|[from] item: Leftovers\n|-heal|p1a: Cofagrigus|124/248 brn|[from] item: Leftovers\n|-damage|p2a: Pelipper|231/246 brn|[from] brn\n|-damage|p1a: Cofagrigus|109/248 brn|[from] brn\n|upkeep\n|turn|24\n|\n|t:|1771262034\n|move|p2a: Pelipper|U-turn|p1a: Cofagrigus\n|-resisted|p1a: Cofagrigus\n|-damage|p1a: Cofagrigus|104/248 brn\n|-activate|p1a: Cofagrigus|ability: Mummy|p2a: Pelipper|[ability] Drizzle\n|\n|t:|1771262036\n|switch|p2a: Kyurem|Kyurem, L80|331/331|[from] U-turn\n|-damage|p2a: Kyurem|276/331|[from] Spikes\n|-status|p2a: Kyurem|tox\n|-ability|p2a: Kyurem|Pressure\n|move|p1a: Cofagrigus|Pain Split|p2a: Kyurem\n|-sethp|p2a: Kyurem|190/331 tox|[from] move: Pain Split|[silent]\n|-sethp|p1a: Cofagrigus|190/248 brn|[from] move: Pain Split\n|\n|-heal|p2a: Kyurem|210/331 tox|[from] item: Leftovers\n|-heal|p1a: Cofagrigus|205/248 brn|[from] item: Leftovers\n|-damage|p2a: Kyurem|190/331 tox|[from] psn\n|-damage|p1a: Cofagrigus|190/248 brn|[from] brn\n|upkeep\n|turn|25\n|\n|t:|1771262041\n|move|p2a: Kyurem|Ice Beam|p1a: Cofagrigus\n|-damage|p1a: Cofagrigus|100/248 brn\n|move|p1a: Cofagrigus|Shadow Ball|p2a: Kyurem\n|-damage|p2a: Kyurem|94/331 tox\n|\n|-heal|p2a: Kyurem|114/331 tox|[from] item: Leftovers\n|-heal|p1a: Cofagrigus|115/248 brn|[from] item: Leftovers\n|-damage|p2a: Kyurem|74/331 tox|[from] psn\n|-damage|p1a: Cofagrigus|100/248 brn|[from] brn\n|upkeep\n|turn|26\n|\n|t:|1771262050\n|move|p2a: Kyurem|Ice Beam|p1a: Cofagrigus\n|-damage|p1a: Cofagrigus|6/248 brn\n|move|p1a: Cofagrigus|Pain Split|p2a: Kyurem\n|-sethp|p2a: Kyurem|40/331 tox|[from] move: Pain Split|[silent]\n|-sethp|p1a: Cofagrigus|40/248 brn|[from] move: Pain Split\n|\n|-heal|p2a: Kyurem|60/331 tox|[from] item: Leftovers\n|-heal|p1a: Cofagrigus|55/248 brn|[from] item: Leftovers\n|-damage|p2a: Kyurem|0 fnt|[from] psn\n|faint|p2a: Kyurem\n|-damage|p1a: Cofagrigus|40/248 brn|[from] brn\n|upkeep\n|\n|t:|1771262053\n|switch|p2a: Pelipper|Pelipper, L87, F|231/246 brn\n|-weather|RainDance|[from] ability: Drizzle|[of] p2a: Pelipper\n|turn|27\n|\n|t:|1771262059\n|move|p2a: Pelipper|Scald|p1a: Cofagrigus\n|-damage|p1a: Cofagrigus|0 fnt\n|faint|p1a: Cofagrigus\n|\n|-weather|RainDance|[upkeep]\n|-heal|p2a: Pelipper|246/246 brn|[from] item: Leftovers\n|-damage|p2a: Pelipper|231/246 brn|[from] brn\n|upkeep\n|\n|t:|1771262061\n|switch|p1a: Stantler|Stantler, L92, F|249/284\n|-damage|p1a: Stantler|214/284|[from] Stealth Rock\n|-ability|p1a: Stantler|Intimidate|boost\n|-unboost|p2a: Pelipper|atk|1\n|turn|28\n|\n|t:|1771262070\n|switch|p1a: Floette|Floette-Eternal, L83, F|141/259\n|-damage|p1a: Floette|109/259|[from] Stealth Rock\n|switch|p2a: Marshadow|Marshadow, L69|239/239\n|-damage|p2a: Marshadow|200/239|[from] Spikes\n|-status|p2a: Marshadow|tox\n|\n|-weather|RainDance|[upkeep]\n|-damage|p2a: Marshadow|186/239 tox|[from] psn\n|upkeep\n|turn|29\n|c|☆Snoop Rogue|😎\n|c|☆Snoop Rogue|La game se joue sur ce read\n|inactive|Trefleuh has 120 seconds left.\n|\n|t:|1771262112\n|move|p2a: Marshadow|Shadow Sneak|p1a: Floette\n|-damage|p1a: Floette|40/259\n|move|p1a: Floette|Moonblast|p2a: Marshadow\n|-supereffective|p2a: Marshadow\n|-damage|p2a: Marshadow|0 fnt\n|faint|p2a: Marshadow\n|\n|-weather|RainDance|[upkeep]\n|upkeep\n|\n|t:|1771262116\n|switch|p2a: Pelipper|Pelipper, L87, F|231/246 brn\n|turn|30\n|inactive|Trefleuh has 120 seconds left.\n|\n|t:|1771262121\n|move|p1a: Floette|Moonblast|p2a: Pelipper\n|-damage|p2a: Pelipper|92/246 brn\n|move|p2a: Pelipper|Scald|p1a: Floette\n|-damage|p1a: Floette|0 fnt\n|faint|p1a: Floette\n|\n|-weather|RainDance|[upkeep]\n|-heal|p2a: Pelipper|107/246 brn|[from] item: Leftovers\n|-damage|p2a: Pelipper|92/246 brn|[from] brn\n|upkeep\n|c|☆Snoop Rogue|Wp\n|\n|t:|1771262125\n|switch|p1a: Stantler|Stantler, L92, F|214/284\n|-damage|p1a: Stantler|179/284|[from] Stealth Rock\n|-ability|p1a: Stantler|Intimidate|boost\n|-unboost|p2a: Pelipper|atk|1\n|turn|31\n|\n|t:|1771262128\n|move|p1a: Stantler|Double-Edge|p2a: Pelipper\n|-damage|p2a: Pelipper|0 fnt\n|faint|p2a: Pelipper\n|-damage|p1a: Stantler|149/284|[from] Recoil\n|\n|win|Snoop Rogue\n|raw|Snoop Rogue's rating: 1731 &rarr; <strong>1749</strong><br />(+18 for winning)\n|raw|Trefleuh's rating: 1695 &rarr; <strong>1677</strong><br />(-18 for losing)\n|l|☆Trefleuh\n|player|p2|\n", "inputlog": ">version 686819e5e19f8a7fd2345cfc5a08a5085efa2cc3\n>start {\"formatid\":\"gen7randombattle\",\"seed\":\"sodium,445f33805ca4b24fefa04c576c54a7d8\",\"rated\":\"Rated battle\"}\n>player p1 {\"name\":\"Snoop Rogue\",\"avatar\":\"koga-lgpe\",\"rating\":1731,\"seed\":\"sodium,9ef62a736fdfd7468078912ec6263c98\"}\n>player p2 {\"name\":\"Trefleuh\",\"avatar\":\"#rbtt8teamhoopa2\",\"rating\":1695,\"seed\":\"sodium,e969e38fb713f2e61cbdc694f7e11b65\"}\n>p1 switch 3\n>p2 move stealthrock\n>p1 move scald\n>p2 switch 2\n>p1 move uturn\n>p2 move leafstorm\n>p1 switch 6\n>p1 move spikes\n>p2 switch 4\n>p1 switch 2\n>p2 move shadowsneak\n>p1 move earthquake\n>p2 switch 4\n>p2 switch 6\n>p1 switch 6\n>p2 move hurricane\n>p1 move icebeam\n>p2 move hurricane\n>p1 move icebeam\n>p2 move roost\n>p1 move icebeam\n>p2 move scald\n>p1 move scald\n>p2 move scald\n>p1 switch 5\n>p1 move voltswitch mega\n>p2 switch 2\n>p1 switch 2\n>p1 move focusblast\n>p2 switch 2\n>p1 move spikes\n>p2 move roost\n>p1 move toxicspikes\n>p2 move roost\n>p1 move toxicspikes\n>p2 move scald\n>p1 switch 2\n>p1 move voltswitch\n>p2 move uturn\n>p2 switch 2\n>p1 switch 3\n>p1 move lightofruin\n>p2 move flashcannon\n>p2 switch 2\n>p1 switch 3\n>p2 move hurricane\n>p1 move discharge\n>p2 move uturn\n>p2 switch 3\n>p1 move discharge\n>p2 move psychic\n>p1 switch 3\n>p1 move moonblast\n>p2 move psychic\n>p2 switch 3\n>p1 switch 4\n>p2 move scald\n>p1 move painsplit\n>p2 move uturn\n>p2 switch 5\n>p1 move shadowball\n>p2 move icebeam\n>p1 move painsplit\n>p2 move icebeam\n>p2 switch 5\n>p1 move painsplit\n>p2 move scald\n>p1 switch 6\n>p1 switch 4\n>p2 switch 4\n>chat ☆Snoop Rogue|😎\n>chat ☆Snoop Rogue|La game se joue sur ce read\n>p1 move moonblast\n>p2 move shadowsneak\n>p2 switch 4\n>p1 move moonblast\n>p2 move scald\n>chat ☆Snoop Rogue|Wp\n>p1 switch 4\n>p1 move doubleedge\n>p2 move scald", "uploadtime": 1771262137, "views": 4, "formatid": "gen7randombattle", "rating": 1677, "private": 0, "password": null}