{"id": "gen7randombattle-2537038325", "format": "[Gen 7] Random Battle", "players": ["may/gen3", "AliceTASC"], "log": "|j|☆may/gen3\n|j|☆AliceTASC\n|t:|1770759263\n|gametype|singles\n|player|p1|may/gen3|may|1635\n|player|p2|AliceTASC|dawn|1502\n|gen|7\n|tier|[Gen 7] Random Battle\n|rated|\n|rule|Sleep Clause Mod: Limit one foe put to sleep\n|rule|HP Percentage Mod: HP is shown in percentages\n|rule|Illusion Level Mod: Illusion disguises the Pokémon's true level\n|\n|t:|1770759263\n|teamsize|p1|6\n|teamsize|p2|6\n|start\n|switch|p1a: Unown|Unown-E|238/238\n|switch|p2a: Lycanroc|Lycanroc-Midnight, L86, F|286/286\n|turn|1\n|inactive|Battle timer is ON: inactive players will automatically lose when time's up. (requested by AliceTASC)\n|\n|t:|1770759280\n|move|p1a: Unown|U-turn|p2a: Lycanroc\n|-damage|p2a: Lycanroc|223/286\n|\n|t:|1770759282\n|switch|p1a: Throh|Throh, L89, M|358/358|[from] U-turn\n|move|p2a: Lycanroc|Swords Dance|p2a: Lycanroc\n|-boost|p2a: Lycanroc|atk|2\n|\n|upkeep\n|turn|2\n|\n|t:|1770759289\n|move|p2a: Lycanroc|Stomping Tantrum|p1a: Throh\n|-damage|p1a: Throh|186/358\n|-damage|p2a: Lycanroc|195/286|[from] item: Life Orb\n|move|p1a: Throh|Circle Throw|p2a: Lycanroc\n|-supereffective|p2a: Lycanroc\n|-damage|p2a: Lycanroc|31/286\n|drag|p2a: Azelf|Azelf, L82|257/257\n|\n|-heal|p1a: Throh|208/358|[from] item: Leftovers\n|upkeep\n|turn|3\n|\n|t:|1770759299\n|move|p2a: Azelf|Psyshock|p1a: Throh\n|-supereffective|p1a: Throh\n|-damage|p1a: Throh|0 fnt\n|faint|p1a: Throh\n|\n|upkeep\n|\n|t:|1770759301\n|switch|p1a: Unown|Unown-E|238/238\n|turn|4\n|\n|t:|1770759307\n|switch|p2a: Lycanroc|Lycanroc-Midnight, L86, F|31/286\n|move|p1a: Unown|Dark Pulse|p2a: Lycanroc\n|-damage|p2a: Lycanroc|0 fnt\n|faint|p2a: Lycanroc\n|\n|upkeep\n|\n|t:|1770759312\n|switch|p2a: Azelf|Azelf, L82|257/257\n|turn|5\n|\n|t:|1770759315\n|move|p2a: Azelf|U-turn|p1a: Unown\n|-supereffective|p1a: Unown\n|-damage|p1a: Unown|88/238\n|replace|p1a: Zoroark|Zoroark, L84, M\n|-end|p1a: Zoroark|Illusion\n|-hint|Illusion Level Mod is active, so this Pokémon's true level was hidden.\n|\n|t:|1770759321\n|switch|p2a: Azumarill|Azumarill, L81, F|295/295|[from] U-turn\n|move|p1a: Zoroark|Dark Pulse|p2a: Azumarill\n|-resisted|p2a: Azumarill\n|-damage|p2a: Azumarill|211/295\n|\n|upkeep\n|turn|6\n|\n|t:|1770759329\n|move|p1a: Zoroark|Dark Pulse|p2a: Azumarill\n|-resisted|p2a: Azumarill\n|-damage|p2a: Azumarill|124/295\n|cant|p2a: Azumarill|flinch\n|\n|upkeep\n|turn|7\n|\n|t:|1770759334\n|switch|p1a: Unown|Unown-E|258/258\n|move|p2a: Azumarill|Liquidation|p1a: Unown\n|-damage|p1a: Unown|50/258\n|\n|upkeep\n|turn|8\n|\n|t:|1770759335\n|move|p1a: Unown|Hidden Power|p2a: Azumarill\n|-resisted|p2a: Azumarill\n|-damage|p2a: Azumarill|84/295\n|move|p2a: Azumarill|Liquidation|p1a: Unown\n|-damage|p1a: Unown|0 fnt\n|faint|p1a: Unown\n|\n|upkeep\n|\n|t:|1770759337\n|switch|p1a: Ribombee|Ribombee, L84, F|238/238\n|turn|9\n|\n|t:|1770759339\n|move|p1a: Ribombee|Moonblast|p2a: Azumarill\n|-damage|p2a: Azumarill|0 fnt\n|faint|p2a: Azumarill\n|\n|upkeep\n|\n|t:|1770759341\n|switch|p2a: Weezing|Weezing, L87, F|255/255\n|turn|10\n|\n|t:|1770759345\n|move|p1a: Ribombee|Sticky Web|p2a: Weezing\n|-sidestart|p2: AliceTASC|move: Sticky Web\n|move|p2a: Weezing|Sludge Bomb|p1a: Ribombee\n|-supereffective|p1a: Ribombee\n|-damage|p1a: Ribombee|8/238\n|\n|-heal|p1a: Ribombee|22/238|[from] item: Leftovers\n|upkeep\n|turn|11\n|\n|t:|1770759351\n|move|p1a: Ribombee|Moonblast|p2a: Weezing\n|-resisted|p2a: Weezing\n|-damage|p2a: Weezing|201/255\n|move|p2a: Weezing|Sludge Bomb|p1a: Ribombee\n|-supereffective|p1a: Ribombee\n|-damage|p1a: Ribombee|0 fnt\n|faint|p1a: Ribombee\n|\n|-heal|p2a: Weezing|216/255|[from] item: Black Sludge\n|upkeep\n|\n|t:|1770759354\n|switch|p1a: Wailord|Wailord, L94, M|471/471\n|turn|12\n|\n|t:|1770759358\n|switch|p2a: Maractus|Maractus, F|312/312\n|-activate|p2a: Maractus|move: Sticky Web\n|-unboost|p2a: Maractus|spe|1\n|move|p1a: Wailord|Hydro Pump|p2a: Maractus\n|-ability|p2a: Maractus|Storm Drain|boost\n|-boost|p2a: Maractus|spa|1\n|\n|upkeep\n|turn|13\n|\n|t:|1770759363\n|move|p1a: Wailord|Hydro Pump|p2a: Maractus\n|-ability|p2a: Maractus|Storm Drain|boost\n|-boost|p2a: Maractus|spa|1\n|move|p2a: Maractus|Giga Drain|p1a: Wailord\n|-supereffective|p1a: Wailord\n|-damage|p1a: Wailord|0 fnt\n|faint|p1a: Wailord\n|\n|upkeep\n|\n|t:|1770759366\n|switch|p1a: Tapu Fini|Tapu Fini, L80|88/238\n|turn|14\n|\n|t:|1770759374\n|move|p2a: Maractus|Spiky Shield|p2a: Maractus\n|-singleturn|p2a: Maractus|move: Protect\n|move|p1a: Tapu Fini|Dark Pulse|p2a: Maractus\n|-activate|p2a: Maractus|move: Protect\n|\n|upkeep\n|turn|15\n|\n|t:|1770759377\n|move|p1a: Tapu Fini|Dark Pulse|p2a: Maractus\n|-damage|p2a: Maractus|159/312\n|move|p2a: Maractus|Giga Drain|p1a: Tapu Fini\n|-damage|p1a: Tapu Fini|0 fnt\n|-heal|p2a: Maractus|203/312|[from] drain|[of] p1a: Tapu Fini\n|replace|p1a: Zoroark|Zoroark, L84, M\n|-end|p1a: Zoroark|Illusion\n|faint|p1a: Zoroark\n|\n|-heal|p2a: Maractus|222/312|[from] item: Leftovers\n|upkeep\n|\n|t:|1770759378\n|switch|p1a: Tapu Fini|Tapu Fini, L80|243/243\n|-fieldstart|move: Misty Terrain|[from] ability: Misty Surge|[of] p1a: Tapu Fini\n|turn|16\n|\n|t:|1770759381\n|move|p1a: Tapu Fini|Hydro Pump|p2a: Maractus\n|-ability|p2a: Maractus|Storm Drain|boost\n|-boost|p2a: Maractus|spa|1\n|move|p2a: Maractus|Giga Drain|p1a: Tapu Fini\n|-supereffective|p1a: Tapu Fini\n|-damage|p1a: Tapu Fini|0 fnt\n|-heal|p2a: Maractus|312/312|[from] drain|[of] p1a: Tapu Fini\n|faint|p1a: Tapu Fini\n|\n|win|AliceTASC\n|raw|may&#x2f;gen3's rating: 1635 &rarr; <strong>1608</strong><br />(-27 for losing)\n|raw|AliceTASC's rating: 1502 &rarr; <strong>1529</strong><br />(+27 for winning)\n|l|☆may/gen3\n|player|p1|\n", "inputlog": ">version ccdc32dd7cde25fd9e4bed64820e885f66e78a4e\n>start {\"formatid\":\"gen7randombattle\",\"seed\":\"sodium,be23003a8c37ee5a8e3351f26fa54238\",\"rated\":\"Rated battle\"}\n>player p1 {\"name\":\"may/gen3\",\"avatar\":\"may\",\"rating\":1635,\"seed\":\"sodium,ca7b0a11e639295be51cbe43bc18caf2\"}\n>player p2 {\"name\":\"AliceTASC\",\"avatar\":\"dawn\",\"rating\":1502,\"seed\":\"sodium,047ebff1e69e592b5608d7cd6ba9970e\"}\n>p1 move uturn\n>p2 move swordsdance\n>p1 switch 4\n>p1 move circlethrow\n>p2 move stompingtantrum\n>p1 move knockoff\n>p2 move psyshock\n>p1 switch 4\n>p1 move darkpulse\n>p2 switch 4\n>p2 switch 4\n>p1 move darkpulse\n>p2 move uturn\n>p2 switch 6\n>p1 move darkpulse\n>p2 move liquidation\n>p1 switch 6\n>p2 move liquidation\n>p1 move hiddenpower\n>p2 move liquidation\n>p1 switch 2\n>p1 move moonblast\n>p2 move liquidation\n>p2 switch 3\n>p1 move stickyweb\n>p2 move sludgebomb\n>p1 move moonblast\n>p2 move sludgebomb\n>p1 switch 3\n>p1 move hydropump\n>p2 switch 2\n>p1 move hydropump\n>p2 move gigadrain\n>p1 switch 6\n>p1 move darkpulse\n>p2 move spikyshield\n>p1 move darkpulse\n>p2 move gigadrain\n>p1 switch 5\n>p1 move hydropump\n>p2 move gigadrain", "uploadtime": 1770759386, "views": 216, "formatid": "gen7randombattle", "rating": 1529, "private": 0, "password": null}