{"id": "gen7randombattle-2525379121", "format": "[Gen 7] Random Battle", "players": ["Snoop Rogue", "AeroSacktyl"], "log": "|j|☆Snoop Rogue\n|j|☆AeroSacktyl\n|t:|1769274917\n|gametype|singles\n|player|p1|Snoop Rogue|koga-lgpe|1579\n|player|p2|AeroSacktyl|266|1576\n|gen|7\n|tier|[Gen 7] Random Battle\n|rated|\n|rule|Sleep Clause Mod: Limit one foe put to sleep\n|rule|HP Percentage Mod: HP is shown in percentages\n|rule|Illusion Level Mod: Illusion disguises the Pokémon's true level\n|\n|t:|1769274917\n|teamsize|p1|6\n|teamsize|p2|6\n|start\n|switch|p1a: Arceus|Arceus, L72|292/292\n|switch|p2a: Cryogonal|Cryogonal, L87|281/281\n|turn|1\n|inactive|Battle timer is ON: inactive players will automatically lose when time's up. (requested by Snoop Rogue)\n|\n|t:|1769274929\n|move|p2a: Cryogonal|Freeze-Dry|p1a: Arceus\n|-damage|p1a: Arceus|214/292\n|move|p1a: Arceus|Swords Dance|p1a: Arceus\n|-boost|p1a: Arceus|atk|2\n|\n|upkeep\n|turn|2\n|\n|t:|1769274934\n|move|p1a: Arceus|Extreme Speed|p2a: Cryogonal\n|-damage|p2a: Cryogonal|12/281\n|-damage|p1a: Arceus|185/292|[from] item: Life Orb\n|move|p2a: Cryogonal|Haze|p2a: Cryogonal\n|-clearallboost\n|\n|-heal|p2a: Cryogonal|29/281|[from] item: Leftovers\n|upkeep\n|turn|3\n|\n|t:|1769274944\n|switch|p2a: Solgaleo|Solgaleo, L73|320/320\n|move|p1a: Arceus|Swords Dance|p1a: Arceus\n|-boost|p1a: Arceus|atk|2\n|\n|upkeep\n|turn|4\n|\n|t:|1769274949\n|move|p1a: Arceus|Earthquake|p2a: Solgaleo\n|-supereffective|p2a: Solgaleo\n|-damage|p2a: Solgaleo|0 fnt\n|faint|p2a: Solgaleo\n|-damage|p1a: Arceus|156/292|[from] item: Life Orb\n|\n|upkeep\n|\n|t:|1769274956\n|switch|p2a: Leafeon|Leafeon, L88, F|258/258\n|turn|5\n|c|☆Snoop Rogue|Lmao\n|c|☆Snoop Rogue|E killer is no joke\n|\n|t:|1769274963\n|move|p1a: Arceus|Extreme Speed|p2a: Leafeon\n|-damage|p2a: Leafeon|136/258\n|-damage|p1a: Arceus|127/292|[from] item: Life Orb\n|move|p2a: Leafeon|Leaf Blade|p1a: Arceus\n|-damage|p1a: Arceus|0 fnt\n|faint|p1a: Arceus\n|-damage|p2a: Leafeon|111/258|[from] item: Life Orb\n|\n|upkeep\n|c|☆Snoop Rogue|Tho that’s not the true E killer set\n|\n|t:|1769274992\n|switch|p1a: Archeops|Archeops, L82, M|257/257\n|turn|6\n|\n|t:|1769274997\n|move|p1a: Archeops|Acrobatics|p2a: Leafeon\n|-supereffective|p2a: Leafeon\n|-damage|p2a: Leafeon|0 fnt\n|faint|p2a: Leafeon\n|\n|upkeep\n|\n|t:|1769274998\n|switch|p2a: Cryogonal|Cryogonal, L87|29/281\n|turn|7\n|\n|t:|1769275002\n|move|p2a: Cryogonal|Recover|p2a: Cryogonal\n|-heal|p2a: Cryogonal|170/281\n|move|p1a: Archeops|Stone Edge|p2a: Cryogonal\n|-supereffective|p2a: Cryogonal\n|-damage|p2a: Cryogonal|0 fnt\n|faint|p2a: Cryogonal\n|\n|upkeep\n|\n|t:|1769275010\n|switch|p2a: Zygarde|Zygarde-10%, L81|220/220\n|-ability|p2a: Zygarde|Aura Break\n|turn|8\n|\n|t:|1769275016\n|switch|p1a: Lumineon|Lumineon, L93, F|279/279\n|move|p2a: Zygarde|Coil|p2a: Zygarde\n|-boost|p2a: Zygarde|atk|1\n|-boost|p2a: Zygarde|def|1\n|-boost|p2a: Zygarde|accuracy|1\n|\n|upkeep\n|turn|9\n|\n|t:|1769275019\n|-zpower|p2a: Zygarde\n|move|p2a: Zygarde|Devastating Drake|p1a: Lumineon|[zeffect]\n|-damage|p1a: Lumineon|0 fnt\n|faint|p1a: Lumineon\n|\n|upkeep\n|\n|t:|1769275022\n|switch|p1a: Mr. Mime|Mr. Mime, L90, F|218/218\n|turn|10\n|\n|t:|1769275026\n|switch|p2a: Pikachu|Pikachu, L93, M|216/216\n|move|p1a: Mr. Mime|Dazzling Gleam|p2a: Pikachu\n|-damage|p2a: Pikachu|30/216\n|\n|upkeep\n|turn|11\n|\n|t:|1769275031\n|switch|p1a: Dugtrio|Dugtrio-Alola, L84, F|196/196\n|move|p2a: Pikachu|Volt Tackle|p1a: Dugtrio\n|-immune|p1a: Dugtrio\n|\n|upkeep\n|turn|12\n|\n|t:|1769275034\n|move|p2a: Pikachu|Extreme Speed|p1a: Dugtrio\n|-resisted|p1a: Dugtrio\n|-damage|p1a: Dugtrio|134/196\n|-ability|p1a: Dugtrio|Tangling Hair\n|-unboost|p2a: Pikachu|spe|1\n|move|p1a: Dugtrio|Earthquake|p2a: Pikachu\n|-supereffective|p2a: Pikachu\n|-damage|p2a: Pikachu|0 fnt\n|faint|p2a: Pikachu\n|\n|upkeep\n|\n|t:|1769275036\n|switch|p2a: Bibarel|Bibarel, L90, M|289/289\n|turn|13\n|\n|t:|1769275039\n|move|p1a: Dugtrio|Earthquake|p2a: Bibarel\n|-damage|p2a: Bibarel|82/289\n|move|p2a: Bibarel|Swords Dance|p2a: Bibarel\n|-boost|p2a: Bibarel|atk|4\n|\n|upkeep\n|turn|14\n|\n|t:|1769275043\n|move|p1a: Dugtrio|Earthquake|p2a: Bibarel\n|-damage|p2a: Bibarel|0 fnt\n|faint|p2a: Bibarel\n|\n|upkeep\n|c|☆AeroSacktyl|Man I got no clue what you’re doing\n|c|☆AeroSacktyl|gg\n|c|☆AeroSacktyl|fucking killing me\n|\n|t:|1769275063\n|switch|p2a: Zygarde|Zygarde-10%, L81|220/220\n|-ability|p2a: Zygarde|Aura Break\n|turn|15\n|\n|t:|1769275065\n|move|p1a: Dugtrio|Earthquake|p2a: Zygarde\n|-damage|p2a: Zygarde|27/220\n|move|p2a: Zygarde|Thousand Arrows|p1a: Dugtrio\n|-supereffective|p1a: Dugtrio\n|-damage|p1a: Dugtrio|0 fnt\n|faint|p1a: Dugtrio\n|\n|upkeep\n|\n|t:|1769275069\n|switch|p1a: Staraptor|Staraptor, L80, F|267/267\n|turn|16\n|-message|AeroSacktyl forfeited.\n|\n|win|Snoop Rogue\n|raw|Snoop Rogue's rating: 1579 &rarr; <strong>1599</strong><br />(+20 for winning)\n|raw|AeroSacktyl's rating: 1576 &rarr; <strong>1556</strong><br />(-20 for losing)\n|l|☆AeroSacktyl\n|player|p2|\n", "inputlog": ">version b99ff0165a6231f17e8b78c2a78d1998375de664\n>start {\"formatid\":\"gen7randombattle\",\"seed\":\"sodium,8ce0e9c330498c8b529a684929876794\",\"rated\":\"Rated battle\"}\n>player p1 {\"name\":\"Snoop Rogue\",\"avatar\":\"koga-lgpe\",\"rating\":1579,\"seed\":\"sodium,bafbf9744018507b8ec194479f2a8eda\"}\n>player p2 {\"name\":\"AeroSacktyl\",\"avatar\":\"266\",\"rating\":1576,\"seed\":\"sodium,b10066f07250e142e5c1321a6cb50d50\"}\n>p1 move swordsdance\n>p2 move freezedry\n>p1 move extremespeed\n>p2 move haze\n>p1 move swordsdance\n>p2 switch 5\n>p1 move earthquake\n>p2 move flamecharge\n>p2 switch 6\n>chat ☆Snoop Rogue|Lmao\n>chat ☆Snoop Rogue|E killer is no joke\n>p1 move extremespeed\n>p2 move leafblade\n>chat ☆Snoop Rogue|Tho that’s not the true E killer set\n>p1 switch 5\n>p1 move acrobatics\n>p2 move leafblade\n>p2 switch 5\n>p1 move stoneedge\n>p2 move recover\n>p2 switch 4\n>p1 switch 6\n>p2 move coil\n>p1 move icebeam\n>p2 move outrage zmove\n>p1 switch 3\n>p1 move dazzlinggleam\n>p2 switch 3\n>p1 switch 2\n>p2 move volttackle\n>p1 move earthquake\n>p2 move extremespeed\n>p2 switch 2\n>p1 move earthquake\n>p2 move swordsdance\n>p1 move earthquake\n>p2 move liquidation\n>chat ☆AeroSacktyl|Man I got no clue what you’re doing\n>chat ☆AeroSacktyl|gg\n>chat ☆AeroSacktyl|fucking killing me\n>p2 switch 3\n>p1 move earthquake\n>p2 move thousandarrows\n>p1 switch 4\n>forcelose p2", "uploadtime": 1769275073, "views": 210, "formatid": "gen7randombattle", "rating": 1556, "private": 0, "password": null}