{"id": "gen7randombattle-2524347164", "format": "[Gen 7] Random Battle", "players": ["plop in my pants", "Galamianogi"], "log": "|j|☆plop in my pants\n|j|‽Galamianogi\n|t:|1769134433\n|gametype|singles\n|player|p1|plop in my pants|teamrocket|1802\n|player|p2|Galamianogi|gladion-stance|1719\n|gen|7\n|tier|[Gen 7] Random Battle\n|rated|\n|rule|Sleep Clause Mod: Limit one foe put to sleep\n|rule|HP Percentage Mod: HP is shown in percentages\n|rule|Illusion Level Mod: Illusion disguises the Pokémon's true level\n|\n|t:|1769134433\n|teamsize|p1|6\n|teamsize|p2|6\n|start\n|switch|p1a: Serperior|Serperior, L80, F|251/251\n|switch|p2a: Bewear|Bewear, L84, F|339/339\n|turn|1\n|inactive|Battle timer is ON: inactive players will automatically lose when time's up. (requested by Galamianogi)\n|\n|t:|1769134468\n|move|p1a: Serperior|Leaf Storm|p2a: Bewear\n|-damage|p2a: Bewear|191/339\n|-boost|p1a: Serperior|spa|2\n|move|p2a: Bewear|Double-Edge|p1a: Serperior\n|-damage|p1a: Serperior|38/251\n|-damage|p2a: Bewear|121/339|[from] Recoil\n|\n|-heal|p1a: Serperior|53/251|[from] item: Leftovers\n|upkeep\n|turn|2\n|\n|t:|1769134487\n|move|p1a: Serperior|Leaf Storm|p2a: Bewear\n|-damage|p2a: Bewear|0 fnt\n|-boost|p1a: Serperior|spa|2\n|faint|p2a: Bewear\n|\n|-heal|p1a: Serperior|68/251|[from] item: Leftovers\n|upkeep\n|\n|t:|1769134490\n|switch|p2a: Typhlosion|Typhlosion, L85, M|270/270\n|turn|3\n|\n|t:|1769134498\n|switch|p1a: Nihilego|Nihilego, L79|302/302\n|-item|p1a: Nihilego|Air Balloon\n|move|p2a: Typhlosion|Eruption|p1a: Nihilego\n|-resisted|p1a: Nihilego\n|-damage|p1a: Nihilego|236/302\n|-enditem|p1a: Nihilego|Air Balloon\n|\n|upkeep\n|turn|4\n|\n|t:|1769134505\n|switch|p2a: Hypno|Hypno, L97, M|322/322\n|move|p1a: Nihilego|Stealth Rock|p2a: Hypno\n|-sidestart|p2: Galamianogi|move: Stealth Rock\n|\n|upkeep\n|turn|5\n|\n|t:|1769134512\n|move|p1a: Nihilego|Toxic Spikes|p2a: Hypno\n|-sidestart|p2: Galamianogi|move: Toxic Spikes\n|move|p2a: Hypno|Seismic Toss|p1a: Nihilego\n|-damage|p1a: Nihilego|139/302\n|\n|upkeep\n|turn|6\n|\n|t:|1769134518\n|move|p1a: Nihilego|Toxic Spikes|p2a: Hypno\n|-sidestart|p2: Galamianogi|move: Toxic Spikes\n|move|p2a: Hypno|Seismic Toss|p1a: Nihilego\n|-damage|p1a: Nihilego|42/302\n|\n|upkeep\n|turn|7\n|\n|t:|1769134525\n|switch|p1a: Conkeldurr|Conkeldurr, L81, M|303/303\n|move|p2a: Hypno|Seismic Toss|p1a: Conkeldurr\n|-damage|p1a: Conkeldurr|206/303\n|\n|-status|p1a: Conkeldurr|brn|[from] item: Flame Orb\n|upkeep\n|turn|8\n|\n|t:|1769134535\n|move|p2a: Hypno|Protect|p2a: Hypno\n|-singleturn|p2a: Hypno|Protect\n|move|p1a: Conkeldurr|Knock Off|p2a: Hypno\n|-activate|p2a: Hypno|move: Protect\n|\n|-damage|p1a: Conkeldurr|188/303 brn|[from] brn\n|upkeep\n|turn|9\n|\n|t:|1769134542\n|move|p2a: Hypno|Seismic Toss|p1a: Conkeldurr\n|-damage|p1a: Conkeldurr|91/303 brn\n|move|p1a: Conkeldurr|Knock Off|p2a: Hypno\n|-supereffective|p2a: Hypno\n|-damage|p2a: Hypno|62/322\n|-enditem|p2a: Hypno|Leftovers|[from] move: Knock Off|[of] p1a: Conkeldurr\n|\n|-damage|p1a: Conkeldurr|73/303 brn|[from] brn\n|upkeep\n|turn|10\n|\n|t:|1769134549\n|move|p2a: Hypno|Protect|p2a: Hypno\n|-singleturn|p2a: Hypno|Protect\n|move|p1a: Conkeldurr|Knock Off|p2a: Hypno\n|-activate|p2a: Hypno|move: Protect\n|\n|-damage|p1a: Conkeldurr|55/303 brn|[from] brn\n|upkeep\n|turn|11\n|\n|t:|1769134551\n|move|p2a: Hypno|Seismic Toss|p1a: Conkeldurr\n|-damage|p1a: Conkeldurr|0 fnt\n|faint|p1a: Conkeldurr\n|\n|upkeep\n|\n|t:|1769134557\n|switch|p1a: Nihilego|Nihilego, L79|42/302\n|turn|12\n|\n|t:|1769134562\n|move|p1a: Nihilego|Sludge Wave|p2a: Hypno\n|-damage|p2a: Hypno|0 fnt\n|faint|p2a: Hypno\n|-ability|p1a: Nihilego|Beast Boost|boost\n|-boost|p1a: Nihilego|spa|1\n|\n|upkeep\n|\n|t:|1769134565\n|switch|p2a: Oricorio|Oricorio-Pa'u, L91, F|284/284\n|-damage|p2a: Oricorio|213/284|[from] Stealth Rock\n|turn|13\n|\n|t:|1769134570\n|move|p2a: Oricorio|Revelation Dance|p1a: Nihilego\n|-supereffective|p1a: Nihilego\n|-crit|p1a: Nihilego\n|-damage|p1a: Nihilego|0 fnt\n|faint|p1a: Nihilego\n|\n|-heal|p2a: Oricorio|230/284|[from] item: Leftovers\n|upkeep\n|\n|t:|1769134582\n|switch|p1a: Articuno|Articuno, L85|291/291\n|-ability|p1a: Articuno|Pressure\n|turn|14\n|\n|t:|1769134587\n|move|p2a: Oricorio|Defog|p1a: Articuno\n|-unboost|p1a: Articuno|evasion|1\n|-sideend|p2: Galamianogi|Toxic Spikes|[from] move: Defog|[of] p2a: Oricorio\n|-sideend|p2: Galamianogi|Stealth Rock|[from] move: Defog|[of] p2a: Oricorio\n|move|p1a: Articuno|Toxic|p2a: Oricorio\n|-status|p2a: Oricorio|tox\n|\n|-heal|p2a: Oricorio|247/284 tox|[from] item: Leftovers\n|-damage|p2a: Oricorio|230/284 tox|[from] psn\n|upkeep\n|turn|15\n|\n|t:|1769134595\n|switch|p2a: Luvdisc|Luvdisc, M|248/248\n|move|p1a: Articuno|Substitute|p1a: Articuno\n|-start|p1a: Articuno|Substitute\n|-damage|p1a: Articuno|219/291\n|\n|-heal|p1a: Articuno|237/291|[from] item: Leftovers\n|upkeep\n|turn|16\n|\n|t:|1769134606\n|move|p2a: Luvdisc|Protect|p2a: Luvdisc\n|-singleturn|p2a: Luvdisc|Protect\n|move|p1a: Articuno|Freeze-Dry|p2a: Luvdisc\n|-activate|p2a: Luvdisc|move: Protect\n|\n|-heal|p1a: Articuno|255/291|[from] item: Leftovers\n|upkeep\n|turn|17\n|\n|t:|1769134609\n|move|p2a: Luvdisc|Scald|p1a: Articuno\n|-activate|p1a: Articuno|move: Substitute|[damage]\n|move|p1a: Articuno|Freeze-Dry|p2a: Luvdisc\n|-supereffective|p2a: Luvdisc\n|-damage|p2a: Luvdisc|80/248\n|\n|-heal|p2a: Luvdisc|95/248|[from] item: Leftovers\n|-heal|p1a: Articuno|273/291|[from] item: Leftovers\n|upkeep\n|turn|18\n|\n|t:|1769134612\n|move|p2a: Luvdisc|Scald|p1a: Articuno\n|-end|p1a: Articuno|Substitute\n|move|p1a: Articuno|Substitute|p1a: Articuno\n|-start|p1a: Articuno|Substitute\n|-damage|p1a: Articuno|201/291\n|\n|-heal|p2a: Luvdisc|110/248|[from] item: Leftovers\n|-heal|p1a: Articuno|219/291|[from] item: Leftovers\n|upkeep\n|turn|19\n|\n|t:|1769134616\n|move|p2a: Luvdisc|Scald|p1a: Articuno\n|-activate|p1a: Articuno|move: Substitute|[damage]\n|move|p1a: Articuno|Freeze-Dry|p2a: Luvdisc\n|-supereffective|p2a: Luvdisc\n|-damage|p2a: Luvdisc|0 fnt\n|faint|p2a: Luvdisc\n|\n|-heal|p1a: Articuno|237/291|[from] item: Leftovers\n|upkeep\n|\n|t:|1769134623\n|switch|p2a: Oricorio|Oricorio-Pa'u, L91, F|230/284 tox\n|turn|20\n|\n|t:|1769134628\n|move|p2a: Oricorio|Revelation Dance|p1a: Articuno\n|-end|p1a: Articuno|Substitute\n|move|p1a: Articuno|Freeze-Dry|p2a: Oricorio\n|-supereffective|p2a: Oricorio\n|-damage|p2a: Oricorio|68/284 tox\n|\n|-heal|p2a: Oricorio|85/284 tox|[from] item: Leftovers\n|-heal|p1a: Articuno|255/291|[from] item: Leftovers\n|-damage|p2a: Oricorio|68/284 tox|[from] psn\n|upkeep\n|turn|21\n|\n|t:|1769134634\n|move|p2a: Oricorio|Hurricane|p1a: Articuno\n|-damage|p1a: Articuno|149/291\n|move|p1a: Articuno|Substitute|p1a: Articuno\n|-start|p1a: Articuno|Substitute\n|-damage|p1a: Articuno|77/291\n|\n|-heal|p2a: Oricorio|85/284 tox|[from] item: Leftovers\n|-heal|p1a: Articuno|95/291|[from] item: Leftovers\n|-damage|p2a: Oricorio|51/284 tox|[from] psn\n|upkeep\n|turn|22\n|\n|t:|1769134642\n|move|p2a: Oricorio|Roost|p2a: Oricorio\n|-heal|p2a: Oricorio|193/284 tox\n|-singleturn|p2a: Oricorio|move: Roost\n|move|p1a: Articuno|Substitute|p1a: Articuno\n|-fail|p1a: Articuno|move: Substitute\n|\n|-heal|p2a: Oricorio|210/284 tox|[from] item: Leftovers\n|-heal|p1a: Articuno|113/291|[from] item: Leftovers\n|-damage|p2a: Oricorio|159/284 tox|[from] psn\n|upkeep\n|turn|23\n|\n|t:|1769134647\n|move|p2a: Oricorio|Hurricane|p1a: Articuno\n|-end|p1a: Articuno|Substitute\n|move|p1a: Articuno|Substitute|p1a: Articuno\n|-start|p1a: Articuno|Substitute\n|-damage|p1a: Articuno|41/291\n|\n|-heal|p2a: Oricorio|176/284 tox|[from] item: Leftovers\n|-heal|p1a: Articuno|59/291|[from] item: Leftovers\n|-damage|p2a: Oricorio|108/284 tox|[from] psn\n|upkeep\n|turn|24\n|\n|t:|1769134654\n|move|p2a: Oricorio|Revelation Dance|p1a: Articuno\n|-end|p1a: Articuno|Substitute\n|move|p1a: Articuno|Roost|p1a: Articuno\n|-heal|p1a: Articuno|205/291\n|-singleturn|p1a: Articuno|move: Roost\n|\n|-heal|p2a: Oricorio|125/284 tox|[from] item: Leftovers\n|-heal|p1a: Articuno|223/291|[from] item: Leftovers\n|-damage|p2a: Oricorio|40/284 tox|[from] psn\n|upkeep\n|turn|25\n|\n|t:|1769134657\n|move|p2a: Oricorio|Hurricane|p1a: Articuno\n|-damage|p1a: Articuno|118/291\n|move|p1a: Articuno|Substitute|p1a: Articuno\n|-start|p1a: Articuno|Substitute\n|-damage|p1a: Articuno|46/291\n|\n|-heal|p2a: Oricorio|57/284 tox|[from] item: Leftovers\n|-heal|p1a: Articuno|64/291|[from] item: Leftovers\n|-damage|p2a: Oricorio|0 fnt|[from] psn\n|faint|p2a: Oricorio\n|upkeep\n|\n|t:|1769134662\n|switch|p2a: Typhlosion|Typhlosion, L85, M|270/270\n|turn|26\n|\n|t:|1769134665\n|move|p2a: Typhlosion|Eruption|p1a: Articuno\n|-supereffective|p1a: Articuno\n|-end|p1a: Articuno|Substitute\n|move|p1a: Articuno|Toxic|p2a: Typhlosion\n|-status|p2a: Typhlosion|tox\n|\n|-heal|p1a: Articuno|82/291|[from] item: Leftovers\n|-damage|p2a: Typhlosion|254/270 tox|[from] psn\n|upkeep\n|turn|27\n|\n|t:|1769134678\n|move|p2a: Typhlosion|Eruption|p1a: Articuno\n|-supereffective|p1a: Articuno\n|-damage|p1a: Articuno|0 fnt\n|faint|p1a: Articuno\n|\n|-damage|p2a: Typhlosion|222/270 tox|[from] psn\n|upkeep\n|\n|t:|1769134690\n|switch|p1a: Huntail|Huntail, L85, F|232/232\n|turn|28\n|\n|t:|1769134697\n|move|p2a: Typhlosion|Eruption|p1a: Huntail\n|-resisted|p1a: Huntail\n|-damage|p1a: Huntail|146/232\n|move|p1a: Huntail|Shell Smash|p1a: Huntail\n|-unboost|p1a: Huntail|def|1\n|-unboost|p1a: Huntail|spd|1\n|-boost|p1a: Huntail|atk|2\n|-boost|p1a: Huntail|spa|2\n|-boost|p1a: Huntail|spe|2\n|-enditem|p1a: Huntail|White Herb\n|-clearnegativeboost|p1a: Huntail|[silent]\n|\n|-damage|p2a: Typhlosion|174/270 tox|[from] psn\n|upkeep\n|turn|29\n|\n|t:|1769134714\n|move|p2a: Typhlosion|Eruption|p1a: Huntail\n|-resisted|p1a: Huntail\n|-damage|p1a: Huntail|86/232\n|move|p1a: Huntail|Waterfall|p2a: Typhlosion\n|-supereffective|p2a: Typhlosion\n|-damage|p2a: Typhlosion|0 fnt\n|faint|p2a: Typhlosion\n|\n|upkeep\n|\n|t:|1769134717\n|switch|p2a: Rayquaza|Rayquaza, L66|248/248\n|-ability|p2a: Rayquaza|Air Lock\n|turn|30\n|\n|t:|1769134726\n|detailschange|p2a: Rayquaza|Rayquaza-Mega, L66\n|-mega|p2a: Rayquaza|Rayquaza|\n|-weather|DeltaStream|[from] ability: Delta Stream|[of] p2a: Rayquaza\n|move|p1a: Huntail|Ice Beam|p2a: Rayquaza\n|-fieldactivate|Delta Stream\n|-supereffective|p2a: Rayquaza\n|-damage|p2a: Rayquaza|0 fnt\n|faint|p2a: Rayquaza\n|-weather|none\n|detailschange|p2: Rayquaza|Rayquaza, L66|[silent]\n|\n|win|plop in my pants\n|raw|plop in my pants's rating: 1802 &rarr; <strong>1817</strong><br />(+15 for winning)\n|raw|Galamianogi's rating: 1719 &rarr; <strong>1704</strong><br />(-15 for losing)\n|l|‽Galamianogi\n|player|p2|\n", "inputlog": ">version dd3d52b8382d73d1dd2c67730c4067df325ab790\n>start {\"formatid\":\"gen7randombattle\",\"seed\":\"sodium,3068fbb96ea9d957549938936dab905c\",\"rated\":\"Rated battle\"}\n>player p1 {\"name\":\"plop in my pants\",\"avatar\":\"teamrocket\",\"rating\":1802,\"seed\":\"sodium,37f0d7683b6b2af4bb3755f96229d493\"}\n>player p2 {\"name\":\"Galamianogi\",\"avatar\":\"gladion-stance\",\"rating\":1719,\"seed\":\"sodium,84414a8053c9d809c5972af654fee67c\"}\n>p1 move leafstorm\n>p2 move doubleedge\n>p1 move leafstorm\n>p2 move doubleedge\n>p2 switch 3\n>p1 switch 6\n>p2 move eruption\n>p1 move stealthrock\n>p2 switch 4\n>p1 move toxicspikes\n>p2 move seismictoss\n>p1 move toxicspikes\n>p2 move seismictoss\n>p1 switch 2\n>p2 move seismictoss\n>p1 move knockoff\n>p2 move protect\n>p1 move knockoff\n>p2 move seismictoss\n>p1 move knockoff\n>p2 move protect\n>p1 move knockoff\n>p2 move seismictoss\n>p1 switch 2\n>p1 move sludgewave\n>p2 move seismictoss\n>p2 switch 5\n>p1 move powergem\n>p2 move revelationdance\n>p1 switch 4\n>p1 move toxic\n>p2 move defog\n>p1 move substitute\n>p2 switch 6\n>p1 move freezedry\n>p2 move protect\n>p1 move freezedry\n>p2 move scald\n>p1 move substitute\n>p2 move scald\n>p1 move freezedry\n>p2 move scald\n>p2 switch 6\n>p1 move freezedry\n>p2 move revelationdance\n>p1 move substitute\n>p2 move hurricane\n>p1 move substitute\n>p2 move roost\n>p1 move substitute\n>p2 move hurricane\n>p1 move roost\n>p2 move revelationdance\n>p1 move substitute\n>p2 move hurricane\n>p2 switch 4\n>p1 move toxic\n>p2 move eruption\n>p1 move roost\n>p2 move eruption\n>p1 switch 5\n>p1 move shellsmash\n>p2 move eruption\n>p1 move waterfall\n>p2 move eruption\n>p2 switch 2\n>p1 move icebeam\n>p2 move dragondance mega", "uploadtime": 1769134737, "views": 160, "formatid": "gen7randombattle", "rating": 1704, "private": 0, "password": null}