{"id": "gen7randombattle-2532559396", "format": "[Gen 7] Random Battle", "players": ["Petilil37", "may/gen3"], "log": "|j|‽Petilil37\n|j|☆may/gen3\n|t:|1770197054\n|gametype|singles\n|player|p1|Petilil37|1|1821\n|player|p2|may/gen3|may|1822\n|gen|7\n|tier|[Gen 7] Random Battle\n|rated|\n|rule|Sleep Clause Mod: Limit one foe put to sleep\n|rule|HP Percentage Mod: HP is shown in percentages\n|rule|Illusion Level Mod: Illusion disguises the Pokémon's true level\n|\n|t:|1770197054\n|teamsize|p1|6\n|teamsize|p2|6\n|start\n|switch|p1a: Feraligatr|Feraligatr, L79, F|264/264\n|switch|p2a: Ninjask|Ninjask, L88, M|251/251\n|turn|1\n|inactive|Battle timer is ON: inactive players will automatically lose when time's up. (requested by may/gen3)\n|inactive|Petilil37 has 120 seconds left.\n|\n|t:|1770197098\n|move|p2a: Ninjask|Leech Life|p1a: Feraligatr\n|-damage|p1a: Feraligatr|137/264\n|move|p1a: Feraligatr|Ice Punch|p2a: Ninjask\n|-supereffective|p2a: Ninjask\n|-damage|p2a: Ninjask|0 fnt\n|faint|p2a: Ninjask\n|\n|upkeep\n|\n|t:|1770197105\n|switch|p2a: Weavile|Weavile, L79, M|239/239\n|turn|2\n|\n|t:|1770197120\n|move|p2a: Weavile|Knock Off|p1a: Feraligatr\n|-damage|p1a: Feraligatr|0 fnt\n|-enditem|p1a: Feraligatr|Life Orb|[from] move: Knock Off|[of] p2a: Weavile\n|faint|p1a: Feraligatr\n|\n|upkeep\n|\n|t:|1770197124\n|switch|p1a: Gurdurr|Gurdurr, L87, M|290/290\n|turn|3\n|\n|t:|1770197127\n|switch|p2a: Deoxys|Deoxys-Defense, L85|224/224\n|-ability|p2a: Deoxys|Pressure\n|move|p1a: Gurdurr|Knock Off|p2a: Deoxys\n|-supereffective|p2a: Deoxys\n|-damage|p2a: Deoxys|124/224\n|-enditem|p2a: Deoxys|Leftovers|[from] move: Knock Off|[of] p1a: Gurdurr\n|\n|upkeep\n|turn|4\n|\n|t:|1770197131\n|switch|p1a: Blacephalon|Blacephalon, L80|215/215\n|move|p2a: Deoxys|Toxic|p1a: Blacephalon\n|-status|p1a: Blacephalon|tox\n|\n|-damage|p1a: Blacephalon|202/215 tox|[from] psn\n|upkeep\n|turn|5\n|\n|t:|1770197148\n|switch|p2a: Goodra|Goodra, L85, M|292/292\n|move|p1a: Blacephalon|Shadow Ball|p2a: Goodra\n|-damage|p2a: Goodra|238/292\n|\n|-damage|p1a: Blacephalon|176/215 tox|[from] psn\n|upkeep\n|turn|6\n|\n|t:|1770197155\n|switch|p1a: Reuniclus|Reuniclus, L87, F|333/333\n|move|p2a: Goodra|Draco Meteor|p1a: Reuniclus\n|-damage|p1a: Reuniclus|179/333\n|-unboost|p2a: Goodra|spa|2\n|\n|upkeep\n|turn|7\n|\n|t:|1770197163\n|switch|p2a: Weavile|Weavile, L79, M|239/239\n|move|p1a: Reuniclus|Focus Blast|p2a: Weavile\n|-supereffective|p2a: Weavile\n|-damage|p2a: Weavile|0 fnt\n|faint|p2a: Weavile\n|\n|upkeep\n|\n|t:|1770197169\n|switch|p2a: Beheeyem|Beheeyem, L93, M|290/290\n|turn|8\n|\n|t:|1770197179\n|switch|p1a: Blacephalon|Blacephalon, L80|176/215 tox\n|move|p2a: Beheeyem|Psychic|p1a: Blacephalon\n|-damage|p1a: Blacephalon|0 fnt\n|faint|p1a: Blacephalon\n|\n|upkeep\n|\n|t:|1770197187\n|switch|p1a: Reuniclus|Reuniclus, L87, F|179/333\n|turn|9\n|\n|t:|1770197196\n|switch|p2a: Tyrantrum|Tyrantrum, L81, M|265/265\n|move|p1a: Reuniclus|Recover|p1a: Reuniclus\n|-heal|p1a: Reuniclus|333/333\n|\n|upkeep\n|turn|10\n|\n|t:|1770197202\n|switch|p2a: Beheeyem|Beheeyem, L93, M|290/290\n|switch|p1a: Gurdurr|Gurdurr, L87, M|290/290\n|\n|upkeep\n|turn|11\n|\n|t:|1770197208\n|move|p2a: Beheeyem|Trick|p1a: Gurdurr\n|-activate|p2a: Beheeyem|move: Trick|[of] p1a: Gurdurr\n|-item|p1a: Gurdurr|Choice Specs|[from] move: Trick\n|-item|p2a: Beheeyem|Eviolite|[from] move: Trick\n|move|p1a: Gurdurr|Knock Off|p2a: Beheeyem\n|-supereffective|p2a: Beheeyem\n|-damage|p2a: Beheeyem|128/290\n|-enditem|p2a: Beheeyem|Eviolite|[from] move: Knock Off|[of] p1a: Gurdurr\n|\n|upkeep\n|turn|12\n|\n|t:|1770197222\n|switch|p1a: Gourgeist|Gourgeist, L91, M|266/266\n|move|p2a: Beheeyem|Psychic|p1a: Gourgeist\n|-damage|p1a: Gourgeist|58/266\n|\n|-heal|p1a: Gourgeist|74/266|[from] item: Leftovers\n|upkeep\n|turn|13\n|\n|t:|1770197233\n|move|p1a: Gourgeist|Shadow Sneak|p2a: Beheeyem\n|-supereffective|p2a: Beheeyem\n|-damage|p2a: Beheeyem|32/290\n|move|p2a: Beheeyem|Psychic|p1a: Gourgeist\n|-damage|p1a: Gourgeist|0 fnt\n|faint|p1a: Gourgeist\n|\n|upkeep\n|\n|t:|1770197238\n|switch|p1a: Politoed|Politoed, L88, F|302/302\n|-weather|RainDance|[from] ability: Drizzle|[of] p1a: Politoed\n|turn|14\n|\n|t:|1770197243\n|switch|p2a: Deoxys|Deoxys-Defense, L85|124/224\n|-ability|p2a: Deoxys|Pressure\n|move|p1a: Politoed|Scald|p2a: Deoxys\n|-damage|p2a: Deoxys|40/224\n|-status|p2a: Deoxys|brn\n|\n|-weather|RainDance|[upkeep]\n|-damage|p2a: Deoxys|26/224 brn|[from] brn\n|upkeep\n|turn|15\n|\n|t:|1770197250\n|switch|p1a: Reuniclus|Reuniclus, L87, F|333/333\n|move|p2a: Deoxys|Recover|p2a: Deoxys\n|-heal|p2a: Deoxys|138/224 brn\n|\n|-weather|RainDance|[upkeep]\n|-damage|p2a: Deoxys|124/224 brn|[from] brn\n|upkeep\n|turn|16\n|\n|t:|1770197253\n|move|p2a: Deoxys|Seismic Toss|p1a: Reuniclus\n|-damage|p1a: Reuniclus|248/333\n|move|p1a: Reuniclus|Calm Mind|p1a: Reuniclus\n|-boost|p1a: Reuniclus|spa|1\n|-boost|p1a: Reuniclus|spd|1\n|\n|-weather|RainDance|[upkeep]\n|-damage|p2a: Deoxys|110/224 brn|[from] brn\n|upkeep\n|turn|17\n|\n|t:|1770197258\n|move|p2a: Deoxys|Spikes|p1a: Reuniclus\n|-sidestart|p1: Petilil37|Spikes\n|move|p1a: Reuniclus|Recover|p1a: Reuniclus\n|-heal|p1a: Reuniclus|333/333\n|\n|-weather|RainDance|[upkeep]\n|-damage|p2a: Deoxys|96/224 brn|[from] brn\n|upkeep\n|turn|18\n|\n|t:|1770197261\n|move|p2a: Deoxys|Seismic Toss|p1a: Reuniclus\n|-damage|p1a: Reuniclus|248/333\n|move|p1a: Reuniclus|Psychic|p2a: Deoxys\n|-resisted|p2a: Deoxys\n|-damage|p2a: Deoxys|30/224 brn\n|\n|-weather|none\n|-damage|p2a: Deoxys|16/224 brn|[from] brn\n|upkeep\n|turn|19\n|\n|t:|1770197264\n|move|p2a: Deoxys|Spikes|p1a: Reuniclus\n|-sidestart|p1: Petilil37|Spikes\n|move|p1a: Reuniclus|Calm Mind|p1a: Reuniclus\n|-boost|p1a: Reuniclus|spa|1\n|-boost|p1a: Reuniclus|spd|1\n|\n|-damage|p2a: Deoxys|2/224 brn|[from] brn\n|upkeep\n|turn|20\n|\n|t:|1770197267\n|move|p2a: Deoxys|Seismic Toss|p1a: Reuniclus\n|-damage|p1a: Reuniclus|163/333\n|move|p1a: Reuniclus|Recover|p1a: Reuniclus\n|-heal|p1a: Reuniclus|330/333\n|\n|-damage|p2a: Deoxys|0 fnt|[from] brn\n|faint|p2a: Deoxys\n|upkeep\n|\n|t:|1770197280\n|switch|p2a: Goodra|Goodra, L85, M|238/292\n|turn|21\n|\n|t:|1770197283\n|move|p2a: Goodra|Power Whip|p1a: Reuniclus\n|-damage|p1a: Reuniclus|232/333\n|move|p1a: Reuniclus|Psychic|p2a: Goodra\n|-damage|p2a: Goodra|92/292\n|\n|upkeep\n|turn|22\n|\n|t:|1770197295\n|move|p2a: Goodra|Earthquake|p1a: Reuniclus\n|-damage|p1a: Reuniclus|145/333\n|move|p1a: Reuniclus|Psychic|p2a: Goodra\n|-damage|p2a: Goodra|0 fnt\n|faint|p2a: Goodra\n|\n|upkeep\n|\n|t:|1770197297\n|switch|p2a: Tyrantrum|Tyrantrum, L81, M|265/265\n|turn|23\n|\n|t:|1770197300\n|move|p2a: Tyrantrum|Head Smash|p1a: Reuniclus\n|-damage|p1a: Reuniclus|0 fnt\n|faint|p1a: Reuniclus\n|\n|upkeep\n|\n|t:|1770197310\n|switch|p1a: Gurdurr|Gurdurr, L87, M|290/290\n|-damage|p1a: Gurdurr|242/290|[from] Spikes\n|turn|24\n|\n|t:|1770197322\n|move|p2a: Tyrantrum|Dragon Dance|p2a: Tyrantrum\n|-boost|p2a: Tyrantrum|atk|1\n|-boost|p2a: Tyrantrum|spe|1\n|move|p1a: Gurdurr|Drain Punch|p2a: Tyrantrum\n|-supereffective|p2a: Tyrantrum\n|-damage|p2a: Tyrantrum|119/265\n|-heal|p1a: Gurdurr|290/290|[from] drain|[of] p2a: Tyrantrum\n|\n|upkeep\n|turn|25\n|\n|t:|1770197327\n|switch|p1a: Politoed|Politoed, L88, F|302/302\n|-damage|p1a: Politoed|252/302|[from] Spikes\n|-weather|RainDance|[from] ability: Drizzle|[of] p1a: Politoed\n|-zpower|p2a: Tyrantrum\n|move|p2a: Tyrantrum|Continental Crush|p1a: Politoed|[zeffect]\n|-damage|p1a: Politoed|0 fnt\n|faint|p1a: Politoed\n|\n|-weather|RainDance|[upkeep]\n|upkeep\n|\n|t:|1770197330\n|switch|p1a: Gurdurr|Gurdurr, L87, M|290/290\n|-damage|p1a: Gurdurr|242/290|[from] Spikes\n|turn|26\n|\n|t:|1770197335\n|move|p1a: Gurdurr|Mach Punch|p2a: Tyrantrum\n|-supereffective|p2a: Tyrantrum\n|-damage|p2a: Tyrantrum|47/265\n|move|p2a: Tyrantrum|Outrage|p1a: Gurdurr\n|-damage|p1a: Gurdurr|14/290\n|\n|-weather|RainDance|[upkeep]\n|upkeep\n|turn|27\n|\n|t:|1770197338\n|move|p1a: Gurdurr|Mach Punch|p2a: Tyrantrum\n|-supereffective|p2a: Tyrantrum\n|-damage|p2a: Tyrantrum|0 fnt\n|faint|p2a: Tyrantrum\n|\n|-weather|RainDance|[upkeep]\n|upkeep\n|\n|t:|1770197340\n|switch|p2a: Beheeyem|Beheeyem, L93, M|32/290\n|turn|28\n|\n|t:|1770197341\n|move|p1a: Gurdurr|Mach Punch|p2a: Beheeyem\n|-resisted|p2a: Beheeyem\n|-damage|p2a: Beheeyem|9/290\n|move|p2a: Beheeyem|Psychic|p1a: Gurdurr\n|-supereffective|p1a: Gurdurr\n|-damage|p1a: Gurdurr|0 fnt\n|faint|p1a: Gurdurr\n|\n|win|may/gen3\n|raw|Petilil37's rating: 1821 &rarr; <strong>1801</strong><br />(-20 for losing)\n|raw|may&#x2f;gen3's rating: 1822 &rarr; <strong>1842</strong><br />(+20 for winning)\n|l|‽Petilil37\n|player|p1|\n", "inputlog": ">version ccdc32dd7cde25fd9e4bed64820e885f66e78a4e\n>start {\"formatid\":\"gen7randombattle\",\"seed\":\"sodium,3a7a0b9f2a3a28fd21b95e6f01b5dc4c\",\"rated\":\"Rated battle\"}\n>player p1 {\"name\":\"Petilil37\",\"avatar\":\"1\",\"rating\":1821,\"seed\":\"sodium,2a06a58236be09fff01c3e1e90fe9dac\"}\n>player p2 {\"name\":\"may/gen3\",\"avatar\":\"may\",\"rating\":1822,\"seed\":\"sodium,4ce7ce9c24e176a0b99d5cf8dea0aa4a\"}\n>p1 move icepunch\n>p2 move leechlife\n>p2 switch 3\n>p1 move liquidation\n>p2 move knockoff\n>p1 switch 4\n>p1 move knockoff\n>p2 switch 4\n>p1 switch 2\n>p2 move toxic\n>p1 move shadowball\n>p2 switch 6\n>p1 switch 6\n>p2 move dracometeor\n>p1 move focusblast\n>p2 switch 4\n>p2 switch 2\n>p1 switch 6\n>p2 move psychic\n>p1 switch 6\n>p1 move recover\n>p2 switch 5\n>p1 switch 2\n>p2 switch 5\n>p1 move knockoff\n>p2 move trick\n>p1 switch 5\n>p2 move psychic\n>p1 move shadowsneak\n>p2 move psychic\n>p1 switch 3\n>p1 move scald\n>p2 switch 6\n>p1 switch 2\n>p2 move recover\n>p1 move calmmind\n>p2 move seismictoss\n>p1 move recover\n>p2 move spikes\n>p1 move psychic\n>p2 move seismictoss\n>p1 move calmmind\n>p2 move spikes\n>p1 move recover\n>p2 move seismictoss\n>p2 switch 4\n>p1 move psychic\n>p2 move powerwhip\n>p1 move psychic\n>p2 move earthquake\n>p2 switch 5\n>p1 move psychic\n>p2 move headsmash\n>p1 switch 5\n>p1 move drainpunch\n>p2 move dragondance\n>p1 switch 2\n>p2 move headsmash zmove\n>p1 switch 2\n>p1 move machpunch\n>p2 move outrage\n>p1 move machpunch\n>p2 move outrage\n>p2 switch 6\n>p1 move machpunch\n>p2 move psychic", "uploadtime": 1770197349, "views": 123, "formatid": "gen7randombattle", "rating": 1801, "private": 0, "password": null}