{"id": "gen7randombattle-2534575717", "format": "[Gen 7] Random Battle", "players": ["kwijibo89", "MimikyuTrainerAsh"], "log": "|j|‽kwijibo89\n|j|☆MimikyuTrainerAsh\n|t:|1770439503\n|gametype|singles\n|player|p1|kwijibo89|fisherman-gen4|1681\n|player|p2|MimikyuTrainerAsh|pokekid|1586\n|gen|7\n|tier|[Gen 7] Random Battle\n|rated|\n|rule|Sleep Clause Mod: Limit one foe put to sleep\n|rule|HP Percentage Mod: HP is shown in percentages\n|rule|Illusion Level Mod: Illusion disguises the Pokémon's true level\n|\n|t:|1770439503\n|teamsize|p1|6\n|teamsize|p2|6\n|start\n|switch|p1a: Uxie|Uxie, L82|257/257\n|switch|p2a: Alomomola|Alomomola, L87, M|429/429\n|turn|1\n|inactive|Battle timer is ON: inactive players will automatically lose when time's up. (requested by MimikyuTrainerAsh)\n|inactive|kwijibo89 has 120 seconds left.\n|\n|t:|1770439557\n|move|p1a: Uxie|U-turn|p2a: Alomomola\n|-damage|p2a: Alomomola|388/429\n|\n|t:|1770439559\n|switch|p1a: Scizor|Scizor, L80, M|243/243|[from] U-turn\n|move|p2a: Alomomola|Toxic|p1a: Scizor\n|-immune|p1a: Scizor\n|\n|-heal|p2a: Alomomola|414/429|[from] item: Leftovers\n|upkeep\n|turn|2\n|\n|t:|1770439564\n|move|p2a: Alomomola|Scald|p1a: Scizor\n|-damage|p1a: Scizor|185/243\n|move|p1a: Scizor|Knock Off|p2a: Alomomola\n|-damage|p2a: Alomomola|282/429\n|-enditem|p2a: Alomomola|Leftovers|[from] move: Knock Off|[of] p1a: Scizor\n|\n|upkeep\n|turn|3\n|\n|t:|1770439569\n|switch|p1a: Milotic|Milotic, L84, F|297/297\n|move|p2a: Alomomola|Scald|p1a: Milotic\n|-resisted|p1a: Milotic\n|-damage|p1a: Milotic|279/297\n|\n|-heal|p1a: Milotic|297/297|[from] item: Leftovers\n|upkeep\n|turn|4\n|\n|t:|1770439572\n|move|p1a: Milotic|Toxic|p2a: Alomomola\n|-status|p2a: Alomomola|tox\n|move|p2a: Alomomola|Toxic|p1a: Milotic|[miss]\n|-miss|p2a: Alomomola|p1a: Milotic\n|\n|-damage|p2a: Alomomola|256/429 tox|[from] psn\n|upkeep\n|turn|5\n|\n|t:|1770439578\n|switch|p1a: Scizor|Scizor, L80, M|185/243\n|switch|p2a: Musharna|Musharna, L89, F|351/351\n|\n|upkeep\n|turn|6\n|\n|t:|1770439586\n|switch|p2a: Lumineon|Lumineon, L93, F|279/279\n|move|p1a: Scizor|U-turn|p2a: Lumineon\n|-damage|p2a: Lumineon|138/279\n|\n|t:|1770439590\n|switch|p1a: Manectric|Manectric, L78, M|237/237|[from] U-turn\n|\n|-heal|p2a: Lumineon|155/279|[from] item: Leftovers\n|upkeep\n|turn|7\n|\n|t:|1770439594\n|switch|p2a: Dhelmise|Dhelmise, L91|275/275\n|detailschange|p1a: Manectric|Manectric-Mega, L78, M\n|-mega|p1a: Manectric|Manectric|Manectite\n|-ability|p1a: Manectric|Intimidate|boost\n|-unboost|p2a: Dhelmise|atk|1\n|move|p1a: Manectric|Thunderbolt|p2a: Dhelmise\n|-resisted|p2a: Dhelmise\n|-damage|p2a: Dhelmise|230/275\n|\n|upkeep\n|turn|8\n|\n|t:|1770439599\n|switch|p2a: Shuckle|Shuckle, L86, M|175/175\n|move|p1a: Manectric|Overheat|p2a: Shuckle\n|-damage|p2a: Shuckle|126/175\n|-unboost|p1a: Manectric|spa|2\n|\n|upkeep\n|turn|9\n|\n|t:|1770439603\n|move|p1a: Manectric|Volt Switch|p2a: Shuckle\n|-damage|p2a: Shuckle|105/175\n|\n|t:|1770439610\n|switch|p1a: Volcarona|Volcarona, L76, F|253/253|[from] Volt Switch\n|move|p2a: Shuckle|Sticky Web|p1a: Volcarona\n|-sidestart|p1: kwijibo89|move: Sticky Web\n|\n|upkeep\n|turn|10\n|\n|t:|1770439614\n|move|p1a: Volcarona|Fiery Dance|p2a: Shuckle\n|-damage|p2a: Shuckle|62/175\n|-boost|p1a: Volcarona|spa|1\n|move|p2a: Shuckle|Encore|p1a: Volcarona\n|-start|p1a: Volcarona|Encore\n|\n|upkeep\n|turn|11\n|\n|t:|1770439619\n|switch|p2a: Alomomola|Alomomola, L87, M|399/429 tox\n|move|p1a: Volcarona|Fiery Dance|p2a: Alomomola\n|-resisted|p2a: Alomomola\n|-damage|p2a: Alomomola|303/429 tox\n|-boost|p1a: Volcarona|spa|1\n|\n|-damage|p2a: Alomomola|277/429 tox|[from] psn\n|upkeep\n|turn|12\n|\n|t:|1770439627\n|move|p1a: Volcarona|Fiery Dance|p2a: Alomomola\n|-resisted|p2a: Alomomola\n|-damage|p2a: Alomomola|145/429 tox\n|move|p2a: Alomomola|Toxic|p1a: Volcarona\n|-status|p1a: Volcarona|tox\n|\n|-damage|p1a: Volcarona|238/253 tox|[from] psn\n|-damage|p2a: Alomomola|93/429 tox|[from] psn\n|upkeep\n|turn|13\n|\n|t:|1770439632\n|switch|p2a: Shuckle|Shuckle, L86, M|62/175\n|move|p1a: Volcarona|Fiery Dance|p2a: Shuckle\n|-damage|p2a: Shuckle|0 fnt\n|faint|p2a: Shuckle\n|\n|-heal|p1a: Volcarona|253/253 tox|[from] item: Leftovers\n|-damage|p1a: Volcarona|223/253 tox|[from] psn\n|-end|p1a: Volcarona|Encore\n|upkeep\n|\n|t:|1770439637\n|switch|p2a: Alomomola|Alomomola, L87, M|236/429 tox\n|turn|14\n|\n|t:|1770439641\n|move|p1a: Volcarona|Quiver Dance|p1a: Volcarona\n|-boost|p1a: Volcarona|spa|1\n|-boost|p1a: Volcarona|spd|1\n|-boost|p1a: Volcarona|spe|1\n|move|p2a: Alomomola|Scald|p1a: Volcarona\n|-supereffective|p1a: Volcarona\n|-damage|p1a: Volcarona|157/253 tox\n|\n|-heal|p1a: Volcarona|172/253 tox|[from] item: Leftovers\n|-damage|p1a: Volcarona|127/253 tox|[from] psn\n|-damage|p2a: Alomomola|210/429 tox|[from] psn\n|upkeep\n|turn|15\n|\n|t:|1770439646\n|move|p2a: Alomomola|Protect|p2a: Alomomola\n|-singleturn|p2a: Alomomola|Protect\n|move|p1a: Volcarona|Bug Buzz|p2a: Alomomola\n|-activate|p2a: Alomomola|move: Protect\n|\n|-heal|p1a: Volcarona|142/253 tox|[from] item: Leftovers\n|-damage|p1a: Volcarona|82/253 tox|[from] psn\n|-damage|p2a: Alomomola|158/429 tox|[from] psn\n|upkeep\n|turn|16\n|\n|t:|1770439651\n|switch|p2a: Musharna|Musharna, L89, F|351/351\n|move|p1a: Volcarona|Bug Buzz|p2a: Musharna\n|-supereffective|p2a: Musharna\n|-damage|p2a: Musharna|0 fnt\n|faint|p2a: Musharna\n|\n|-heal|p1a: Volcarona|97/253 tox|[from] item: Leftovers\n|-damage|p1a: Volcarona|22/253 tox|[from] psn\n|upkeep\n|\n|t:|1770439653\n|switch|p2a: Alomomola|Alomomola, L87, M|301/429 tox\n|turn|17\n|\n|t:|1770439656\n|move|p2a: Alomomola|Protect|p2a: Alomomola\n|-singleturn|p2a: Alomomola|Protect\n|move|p1a: Volcarona|Bug Buzz|p2a: Alomomola\n|-activate|p2a: Alomomola|move: Protect\n|\n|-heal|p1a: Volcarona|37/253 tox|[from] item: Leftovers\n|-damage|p1a: Volcarona|0 fnt|[from] psn\n|faint|p1a: Volcarona\n|-damage|p2a: Alomomola|275/429 tox|[from] psn\n|upkeep\n|\n|t:|1770439661\n|switch|p1a: Manectric|Manectric-Mega, L78, M|237/237\n|-activate|p1a: Manectric|move: Sticky Web\n|-unboost|p1a: Manectric|spe|1\n|-ability|p1a: Manectric|Intimidate|boost\n|-unboost|p2a: Alomomola|atk|1\n|turn|18\n|\n|t:|1770439667\n|switch|p2a: Lumineon|Lumineon, L93, F|155/279\n|move|p1a: Manectric|Thunderbolt|p2a: Lumineon\n|-supereffective|p2a: Lumineon\n|-damage|p2a: Lumineon|0 fnt\n|faint|p2a: Lumineon\n|\n|upkeep\n|\n|t:|1770439670\n|switch|p2a: Passimian|Passimian, L84, M|305/305\n|turn|19\n|\n|t:|1770439674\n|switch|p1a: Uxie|Uxie, L82|257/257\n|move|p2a: Passimian|U-turn|p1a: Uxie\n|-supereffective|p1a: Uxie\n|-damage|p1a: Uxie|119/257\n|\n|t:|1770439677\n|switch|p2a: Dhelmise|Dhelmise, L91|230/275|[from] U-turn\n|\n|-heal|p1a: Uxie|135/257|[from] item: Leftovers\n|upkeep\n|turn|20\n|\n|t:|1770439679\n|move|p1a: Uxie|Knock Off|p2a: Dhelmise\n|-supereffective|p2a: Dhelmise\n|-damage|p2a: Dhelmise|148/275\n|-enditem|p2a: Dhelmise|Life Orb|[from] move: Knock Off|[of] p1a: Uxie\n|move|p2a: Dhelmise|Anchor Shot|p1a: Uxie\n|-damage|p1a: Uxie|35/257\n|-activate|p1a: Uxie|trapped\n|\n|-heal|p1a: Uxie|51/257|[from] item: Leftovers\n|upkeep\n|turn|21\n|\n|t:|1770439686\n|move|p1a: Uxie|Psychic|p2a: Dhelmise\n|-damage|p2a: Dhelmise|85/275\n|move|p2a: Dhelmise|Power Whip|p1a: Uxie\n|-damage|p1a: Uxie|0 fnt\n|faint|p1a: Uxie\n|\n|upkeep\n|\n|t:|1770439692\n|switch|p1a: Scizor|Scizor, L80, M|185/243\n|-activate|p1a: Scizor|move: Sticky Web\n|-unboost|p1a: Scizor|spe|1\n|turn|22\n|\n|t:|1770439697\n|move|p2a: Dhelmise|Synthesis|p2a: Dhelmise\n|-heal|p2a: Dhelmise|222/275\n|move|p1a: Scizor|Knock Off|p2a: Dhelmise\n|-supereffective|p2a: Dhelmise\n|-damage|p2a: Dhelmise|92/275\n|\n|upkeep\n|turn|23\n|\n|t:|1770439700\n|move|p2a: Dhelmise|Synthesis|p2a: Dhelmise\n|-heal|p2a: Dhelmise|229/275\n|move|p1a: Scizor|Knock Off|p2a: Dhelmise\n|-supereffective|p2a: Dhelmise\n|-damage|p2a: Dhelmise|87/275\n|\n|upkeep\n|turn|24\n|\n|t:|1770439705\n|switch|p1a: Flygon|Flygon, L82, F|265/265\n|move|p2a: Dhelmise|Synthesis|p2a: Dhelmise\n|-heal|p2a: Dhelmise|224/275\n|\n|upkeep\n|turn|25\n|\n|t:|1770439708\n|move|p1a: Flygon|Dragon Dance|p1a: Flygon\n|-boost|p1a: Flygon|atk|1\n|-boost|p1a: Flygon|spe|1\n|move|p2a: Dhelmise|Anchor Shot|p1a: Flygon\n|-damage|p1a: Flygon|117/265\n|-activate|p1a: Flygon|trapped\n|\n|upkeep\n|turn|26\n|\n|t:|1770439711\n|switch|p2a: Alomomola|Alomomola, L87, M|418/429 tox\n|-zpower|p1a: Flygon\n|move|p1a: Flygon|Devastating Drake|p2a: Alomomola|[zeffect]\n|-damage|p2a: Alomomola|91/429 tox\n|\n|-damage|p2a: Alomomola|65/429 tox|[from] psn\n|upkeep\n|turn|27\n|\n|t:|1770439714\n|move|p1a: Flygon|Outrage|p2a: Alomomola\n|-damage|p2a: Alomomola|0 fnt\n|faint|p2a: Alomomola\n|\n|upkeep\n|\n|t:|1770439718\n|switch|p2a: Dhelmise|Dhelmise, L91|224/275\n|turn|28\n|\n|t:|1770439720\n|move|p1a: Flygon|Outrage|p2a: Dhelmise|[from] lockedmove\n|-damage|p2a: Dhelmise|62/275\n|-start|p1a: Flygon|confusion|[fatigue]\n|move|p2a: Dhelmise|Anchor Shot|p1a: Flygon\n|-damage|p1a: Flygon|0 fnt\n|faint|p1a: Flygon\n|\n|upkeep\n|\n|t:|1770439729\n|switch|p1a: Manectric|Manectric-Mega, L78, M|237/237\n|-activate|p1a: Manectric|move: Sticky Web\n|-unboost|p1a: Manectric|spe|1\n|-ability|p1a: Manectric|Intimidate|boost\n|-unboost|p2a: Dhelmise|atk|1\n|turn|29\n|\n|t:|1770439734\n|move|p1a: Manectric|Hidden Power|p2a: Dhelmise\n|-supereffective|p2a: Dhelmise\n|-damage|p2a: Dhelmise|0 fnt\n|faint|p2a: Dhelmise\n|\n|upkeep\n|\n|t:|1770439735\n|switch|p2a: Passimian|Passimian, L84, M|305/305\n|turn|30\n|\n|t:|1770439738\n|move|p2a: Passimian|Close Combat|p1a: Manectric\n|-damage|p1a: Manectric|0 fnt\n|-unboost|p2a: Passimian|def|1\n|-unboost|p2a: Passimian|spd|1\n|faint|p1a: Manectric\n|detailschange|p1: Manectric|Manectric, L78, M|[silent]\n|\n|upkeep\n|\n|t:|1770439742\n|switch|p1a: Scizor|Scizor, L80, M|185/243\n|-activate|p1a: Scizor|move: Sticky Web\n|-unboost|p1a: Scizor|spe|1\n|turn|31\n|\n|t:|1770439744\n|move|p2a: Passimian|Close Combat|p1a: Scizor\n|-damage|p1a: Scizor|0 fnt\n|-unboost|p2a: Passimian|def|1\n|-unboost|p2a: Passimian|spd|1\n|faint|p1a: Scizor\n|\n|upkeep\n|\n|t:|1770439747\n|switch|p1a: Milotic|Milotic, L84, F|297/297\n|-activate|p1a: Milotic|move: Sticky Web\n|-unboost|p1a: Milotic|spe|1\n|turn|32\n|\n|t:|1770439749\n|move|p2a: Passimian|Close Combat|p1a: Milotic\n|-damage|p1a: Milotic|57/297\n|-unboost|p2a: Passimian|def|1\n|-unboost|p2a: Passimian|spd|1\n|move|p1a: Milotic|Scald|p2a: Passimian\n|-damage|p2a: Passimian|26/305\n|\n|-heal|p1a: Milotic|75/297|[from] item: Leftovers\n|upkeep\n|turn|33\n|\n|t:|1770439758\n|move|p2a: Passimian|Close Combat|p1a: Milotic\n|-damage|p1a: Milotic|0 fnt\n|-unboost|p2a: Passimian|def|1\n|-unboost|p2a: Passimian|spd|1\n|faint|p1a: Milotic\n|\n|win|MimikyuTrainerAsh\n|raw|kwijibo89's rating: 1681 &rarr; <strong>1656</strong><br />(-25 for losing)\n|raw|MimikyuTrainerAsh's rating: 1586 &rarr; <strong>1611</strong><br />(+25 for winning)\n|l|‽kwijibo89\n|player|p1|\n", "inputlog": ">version ccdc32dd7cde25fd9e4bed64820e885f66e78a4e\n>start {\"formatid\":\"gen7randombattle\",\"seed\":\"sodium,4288b97ac816c95c58acb19a5284a09a\",\"rated\":\"Rated battle\"}\n>player p1 {\"name\":\"kwijibo89\",\"avatar\":\"fisherman-gen4\",\"rating\":1681,\"seed\":\"sodium,3ccbef31fc433a5bca932a2fad19873f\"}\n>player p2 {\"name\":\"MimikyuTrainerAsh\",\"avatar\":\"pokekid\",\"rating\":1586,\"seed\":\"sodium,0235af1c3ef6365975e2149e566f32b0\"}\n>p1 move uturn\n>p2 move toxic\n>p1 switch 4\n>p1 move knockoff\n>p2 move scald\n>p1 switch 2\n>p2 move scald\n>p1 move toxic\n>p2 move toxic\n>p1 switch 2\n>p2 switch 6\n>p1 move uturn\n>p2 switch 3\n>p1 switch 6\n>p1 move thunderbolt mega\n>p2 switch 2\n>p1 move overheat\n>p2 switch 4\n>p1 move voltswitch\n>p2 move stickyweb\n>p1 switch 3\n>p1 move fierydance\n>p2 move encore\n>p1 move fierydance\n>p2 switch 6\n>p1 move fierydance\n>p2 move toxic\n>p1 move fierydance\n>p2 switch 6\n>p2 switch 6\n>p1 move quiverdance\n>p2 move scald\n>p1 move bugbuzz\n>p2 move protect\n>p1 move bugbuzz\n>p2 switch 3\n>p2 switch 3\n>p1 move bugbuzz\n>p2 move protect\n>p1 switch 3\n>p1 move thunderbolt\n>p2 switch 2\n>p2 switch 5\n>p1 switch 4\n>p2 move uturn\n>p2 switch 4\n>p1 move knockoff\n>p2 move anchorshot\n>p1 move psychic\n>p2 move powerwhip\n>p1 switch 6\n>p1 move knockoff\n>p2 move synthesis\n>p1 move knockoff\n>p2 move synthesis\n>p1 switch 5\n>p2 move synthesis\n>p1 move dragondance\n>p2 move anchorshot\n>p1 move outrage zmove\n>p2 switch 2\n>p1 move outrage\n>p2 move scald\n>p2 switch 2\n>p1 move outrage\n>p2 move anchorshot\n>p1 switch 4\n>p1 move hiddenpower\n>p2 move earthquake\n>p2 switch 4\n>p1 move thunderbolt\n>p2 move closecombat\n>p1 switch 5\n>p1 move superpower\n>p2 move closecombat\n>p1 switch 2\n>p1 move scald\n>p2 move closecombat\n>p1 move scald\n>p2 move closecombat", "uploadtime": 1770439762, "views": 205, "formatid": "gen7randombattle", "rating": 1611, "private": 0, "password": null}