{"id": "gen7randombattle-2524307847", "format": "[Gen 7] Random Battle", "players": ["xjtlulibowen", "deezpeez"], "log": "|j|‽xjtlulibowen\n|j|☆deezpeez\n|t:|1769129515\n|gametype|singles\n|player|p1|xjtlulibowen|acetrainer-gen4dp|1632\n|player|p2|deezpeez|hilbert|1543\n|gen|7\n|tier|[Gen 7] Random Battle\n|rated|\n|rule|Sleep Clause Mod: Limit one foe put to sleep\n|rule|HP Percentage Mod: HP is shown in percentages\n|rule|Illusion Level Mod: Illusion disguises the Pokémon's true level\n|\n|t:|1769129515\n|teamsize|p1|6\n|teamsize|p2|6\n|start\n|switch|p1a: Reuniclus|Reuniclus, L87, F|333/333\n|switch|p2a: Golduck|Golduck, L93, F|300/300\n|-ability|p2a: Golduck|Cloud Nine\n|turn|1\n|inactive|Battle timer is ON: inactive players will automatically lose when time's up. (requested by deezpeez)\n|\n|t:|1769129534\n|move|p2a: Golduck|Hydro Pump|p1a: Reuniclus|[miss]\n|-miss|p2a: Golduck|p1a: Reuniclus\n|move|p1a: Reuniclus|Calm Mind|p1a: Reuniclus\n|-boost|p1a: Reuniclus|spa|1\n|-boost|p1a: Reuniclus|spd|1\n|\n|upkeep\n|turn|2\n|\n|t:|1769129537\n|move|p2a: Golduck|Encore|p1a: Reuniclus\n|-start|p1a: Reuniclus|Encore\n|move|p1a: Reuniclus|Calm Mind|p1a: Reuniclus\n|-boost|p1a: Reuniclus|spa|1\n|-boost|p1a: Reuniclus|spd|1\n|\n|upkeep\n|turn|3\n|\n|t:|1769129545\n|switch|p2a: Kecleon|Kecleon, L90, F|254/254\n|switch|p1a: Sceptile|Sceptile, L82, M|249/249\n|\n|upkeep\n|turn|4\n|\n|t:|1769129563\n|detailschange|p1a: Sceptile|Sceptile-Mega, L82, M\n|-mega|p1a: Sceptile|Sceptile|Sceptilite\n|move|p1a: Sceptile|Swords Dance|p1a: Sceptile\n|-boost|p1a: Sceptile|atk|2\n|move|p2a: Kecleon|Knock Off|p1a: Sceptile\n|-start|p2a: Kecleon|typechange|Dark|[from] ability: Protean\n|-damage|p1a: Sceptile|161/249\n|\n|upkeep\n|turn|5\n|\n|t:|1769129578\n|move|p1a: Sceptile|Leaf Blade|p2a: Kecleon\n|-damage|p2a: Kecleon|52/254\n|move|p2a: Kecleon|Stealth Rock|p1a: Sceptile\n|-start|p2a: Kecleon|typechange|Rock|[from] ability: Protean\n|-sidestart|p1: xjtlulibowen|move: Stealth Rock\n|\n|-heal|p2a: Kecleon|67/254|[from] item: Leftovers\n|upkeep\n|turn|6\n|\n|t:|1769129589\n|move|p1a: Sceptile|Leaf Blade|p2a: Kecleon\n|-supereffective|p2a: Kecleon\n|-damage|p2a: Kecleon|0 fnt\n|faint|p2a: Kecleon\n|\n|upkeep\n|\n|t:|1769129591\n|switch|p2a: Pinsir|Pinsir, L74, M|217/217\n|turn|7\n|\n|t:|1769129605\n|detailschange|p2a: Pinsir|Pinsir-Mega, L74, M\n|-mega|p2a: Pinsir|Pinsir|Pinsirite\n|move|p1a: Sceptile|Outrage|p2a: Pinsir\n|-damage|p2a: Pinsir|0 fnt\n|faint|p2a: Pinsir\n|detailschange|p2: Pinsir|Pinsir, L74, M|[silent]\n|\n|upkeep\n|c|☆deezpeez|son\n|\n|t:|1769129616\n|switch|p2a: Sylveon|Sylveon, L85, F|300/300\n|turn|8\n|\n|t:|1769129633\n|move|p1a: Sceptile|Outrage|p2a: Sylveon|[from] lockedmove\n|-immune|p2a: Sylveon\n|-start|p1a: Sceptile|confusion|[fatigue]\n|move|p2a: Sylveon|Hyper Voice|p1a: Sceptile\n|-supereffective|p1a: Sceptile\n|-damage|p1a: Sceptile|0 fnt\n|faint|p1a: Sceptile\n|detailschange|p1: Sceptile|Sceptile, L82, M|[silent]\n|\n|upkeep\n|\n|t:|1769129637\n|switch|p1a: Reuniclus|Reuniclus, L87, F|333/333\n|turn|9\n|\n|t:|1769129645\n|switch|p2a: Golduck|Golduck, L93, F|300/300\n|-ability|p2a: Golduck|Cloud Nine\n|move|p1a: Reuniclus|Calm Mind|p1a: Reuniclus\n|-boost|p1a: Reuniclus|spa|1\n|-boost|p1a: Reuniclus|spd|1\n|\n|upkeep\n|turn|10\n|\n|t:|1769129651\n|switch|p1a: Phione|Phione, L93|300/300\n|-damage|p1a: Phione|263/300|[from] Stealth Rock\n|move|p2a: Golduck|Encore||[still]\n|-fail|p2a: Golduck\n|\n|-heal|p1a: Phione|281/300|[from] item: Leftovers\n|upkeep\n|turn|11\n|\n|t:|1769129654\n|move|p2a: Golduck|Focus Blast|p1a: Phione|[miss]\n|-miss|p2a: Golduck|p1a: Phione\n|move|p1a: Phione|U-turn|p2a: Golduck\n|-damage|p2a: Golduck|247/300\n|\n|t:|1769129666\n|switch|p1a: Reuniclus|Reuniclus, L87, F|333/333|[from] U-turn\n|\n|upkeep\n|turn|12\n|\n|t:|1769129669\n|move|p2a: Golduck|Hydro Pump|p1a: Reuniclus\n|-damage|p1a: Reuniclus|137/333\n|-damage|p2a: Golduck|217/300|[from] item: Life Orb\n|move|p1a: Reuniclus|Psychic|p2a: Golduck\n|-damage|p2a: Golduck|56/300\n|\n|upkeep\n|turn|13\n|\n|t:|1769129673\n|move|p2a: Golduck|Hydro Pump|p1a: Reuniclus\n|-damage|p1a: Reuniclus|0 fnt\n|faint|p1a: Reuniclus\n|-damage|p2a: Golduck|26/300|[from] item: Life Orb\n|\n|upkeep\n|\n|t:|1769129679\n|switch|p1a: Froslass|Froslass, L87, F|264/264\n|-damage|p1a: Froslass|198/264|[from] Stealth Rock\n|turn|14\n|\n|t:|1769129683\n|move|p1a: Froslass|Ice Beam|p2a: Golduck\n|-resisted|p2a: Golduck\n|-damage|p2a: Golduck|0 fnt\n|faint|p2a: Golduck\n|\n|-heal|p1a: Froslass|214/264|[from] item: Leftovers\n|upkeep\n|\n|t:|1769129687\n|switch|p2a: Sylveon|Sylveon, L85, F|300/300\n|turn|15\n|\n|t:|1769129695\n|move|p1a: Froslass|Taunt|p2a: Sylveon\n|-start|p2a: Sylveon|move: Taunt\n|cant|p2a: Sylveon|move: Taunt|Calm Mind\n|\n|-heal|p1a: Froslass|230/264|[from] item: Leftovers\n|upkeep\n|turn|16\n|\n|t:|1769129700\n|switch|p2a: Persian|Persian, L93, F|272/272\n|move|p1a: Froslass|Shadow Ball|p2a: Persian\n|-immune|p2a: Persian\n|\n|-heal|p1a: Froslass|246/264|[from] item: Leftovers\n|upkeep\n|turn|17\n|\n|t:|1769129705\n|switch|p2a: Sylveon|Sylveon, L85, F|300/300\n|switch|p1a: Sudowoodo|Sudowoodo, L93, F|281/281\n|-damage|p1a: Sudowoodo|246/281|[from] Stealth Rock\n|\n|-heal|p1a: Sudowoodo|263/281|[from] item: Leftovers\n|upkeep\n|turn|18\n|\n|t:|1769129712\n|move|p2a: Sylveon|Hyper Voice|p1a: Sudowoodo\n|-damage|p1a: Sudowoodo|118/281\n|move|p1a: Sudowoodo|Head Smash|p2a: Sylveon\n|-damage|p2a: Sylveon|44/300\n|\n|-heal|p2a: Sylveon|62/300|[from] item: Leftovers\n|-heal|p1a: Sudowoodo|135/281|[from] item: Leftovers\n|upkeep\n|turn|19\n|\n|t:|1769129720\n|move|p1a: Sudowoodo|Sucker Punch|p2a: Sylveon\n|-resisted|p2a: Sylveon\n|-crit|p2a: Sylveon\n|-damage|p2a: Sylveon|1/300\n|move|p2a: Sylveon|Hyper Voice|p1a: Sudowoodo\n|-damage|p1a: Sudowoodo|0 fnt\n|faint|p1a: Sudowoodo\n|\n|-heal|p2a: Sylveon|19/300|[from] item: Leftovers\n|upkeep\n|\n|t:|1769129725\n|switch|p1a: Phione|Phione, L93|281/300\n|-damage|p1a: Phione|244/300|[from] Stealth Rock\n|turn|20\n|\n|t:|1769129728\n|move|p1a: Phione|Scald|p2a: Sylveon\n|-damage|p2a: Sylveon|0 fnt\n|faint|p2a: Sylveon\n|\n|-heal|p1a: Phione|262/300|[from] item: Leftovers\n|upkeep\n|\n|t:|1769129737\n|switch|p2a: Persian|Persian, L93, F|272/272\n|turn|21\n|\n|t:|1769129742\n|move|p2a: Persian|Seed Bomb|p1a: Phione\n|-supereffective|p1a: Phione\n|-damage|p1a: Phione|114/300\n|move|p1a: Phione|Scald|p2a: Persian\n|-damage|p2a: Persian|173/272\n|-status|p2a: Persian|brn\n|\n|-heal|p1a: Phione|132/300|[from] item: Leftovers\n|-damage|p2a: Persian|156/272 brn|[from] brn\n|upkeep\n|turn|22\n|\n|t:|1769129748\n|move|p2a: Persian|Seed Bomb|p1a: Phione\n|-supereffective|p1a: Phione\n|-damage|p1a: Phione|51/300\n|move|p1a: Phione|Scald|p2a: Persian\n|-damage|p2a: Persian|54/272 brn\n|\n|-heal|p1a: Phione|69/300|[from] item: Leftovers\n|-damage|p2a: Persian|37/272 brn|[from] brn\n|upkeep\n|turn|23\n|\n|t:|1769129766\n|move|p2a: Persian|Seed Bomb|p1a: Phione\n|-supereffective|p1a: Phione\n|-damage|p1a: Phione|0 fnt\n|faint|p1a: Phione\n|\n|-damage|p2a: Persian|20/272 brn|[from] brn\n|upkeep\n|\n|t:|1769129772\n|switch|p1a: Arcanine|Arcanine, L84, F|288/288\n|-damage|p1a: Arcanine|216/288|[from] Stealth Rock\n|-ability|p1a: Arcanine|Intimidate|boost\n|-unboost|p2a: Persian|atk|1\n|turn|24\n|\n|t:|1769129775\n|switch|p2a: Giratina|Giratina-Origin, L74|344/344\n|move|p1a: Arcanine|Wild Charge|p2a: Giratina\n|-resisted|p2a: Giratina\n|-damage|p2a: Giratina|305/344\n|-damage|p1a: Arcanine|206/288|[from] Recoil\n|\n|-heal|p1a: Arcanine|224/288|[from] item: Leftovers\n|upkeep\n|turn|25\n|inactive|xjtlulibowen has 120 seconds left.\n|\n|t:|1769129808\n|move|p1a: Arcanine|Toxic|p2a: Giratina\n|-status|p2a: Giratina|tox\n|move|p2a: Giratina|Shadow Ball|p1a: Arcanine\n|-damage|p1a: Arcanine|131/288\n|-unboost|p1a: Arcanine|spd|1\n|\n|-heal|p1a: Arcanine|149/288|[from] item: Leftovers\n|-damage|p2a: Giratina|284/344 tox|[from] psn\n|upkeep\n|turn|26\n|\n|t:|1769129815\n|move|p1a: Arcanine|Morning Sun|p1a: Arcanine\n|-heal|p1a: Arcanine|288/288\n|move|p2a: Giratina|Shadow Ball|p1a: Arcanine\n|-damage|p1a: Arcanine|125/288\n|-unboost|p1a: Arcanine|spd|1\n|\n|-heal|p1a: Arcanine|143/288|[from] item: Leftovers\n|-damage|p2a: Giratina|242/344 tox|[from] psn\n|upkeep\n|turn|27\n|\n|t:|1769129822\n|switch|p1a: Froslass|Froslass, L87, F|246/264\n|-damage|p1a: Froslass|180/264|[from] Stealth Rock\n|move|p2a: Giratina|Shadow Ball|p1a: Froslass\n|-supereffective|p1a: Froslass\n|-damage|p1a: Froslass|0 fnt\n|faint|p1a: Froslass\n|\n|-damage|p2a: Giratina|179/344 tox|[from] psn\n|upkeep\n|\n|t:|1769129824\n|switch|p1a: Arcanine|Arcanine, L84, F|143/288\n|-damage|p1a: Arcanine|71/288|[from] Stealth Rock\n|-ability|p1a: Arcanine|Intimidate|boost\n|-unboost|p2a: Giratina|atk|1\n|turn|28\n|\n|t:|1769129826\n|move|p1a: Arcanine|Morning Sun|p1a: Arcanine\n|-heal|p1a: Arcanine|215/288\n|move|p2a: Giratina|Shadow Ball|p1a: Arcanine\n|-damage|p1a: Arcanine|118/288\n|\n|-heal|p1a: Arcanine|136/288|[from] item: Leftovers\n|-damage|p2a: Giratina|95/344 tox|[from] psn\n|upkeep\n|turn|29\n|\n|t:|1769129831\n|move|p1a: Arcanine|Morning Sun|p1a: Arcanine\n|-heal|p1a: Arcanine|280/288\n|move|p2a: Giratina|Draco Meteor|p1a: Arcanine\n|-crit|p1a: Arcanine\n|-damage|p1a: Arcanine|28/288\n|-unboost|p2a: Giratina|spa|2\n|\n|-heal|p1a: Arcanine|46/288|[from] item: Leftovers\n|-damage|p2a: Giratina|0 fnt|[from] psn\n|faint|p2a: Giratina\n|upkeep\n|\n|t:|1769129837\n|switch|p2a: Persian|Persian, L93, F|20/272 brn\n|turn|30\n|\n|t:|1769129840\n|move|p2a: Persian|Double-Edge|p1a: Arcanine\n|-damage|p1a: Arcanine|0 fnt\n|faint|p1a: Arcanine\n|-damage|p2a: Persian|5/272 brn|[from] Recoil\n|\n|win|deezpeez\n|raw|xjtlulibowen's rating: 1632 &rarr; <strong>1607</strong><br />(-25 for losing)\n|raw|deezpeez's rating: 1543 &rarr; <strong>1568</strong><br />(+25 for winning)\n", "inputlog": ">version dd3d52b8382d73d1dd2c67730c4067df325ab790\n>start {\"formatid\":\"gen7randombattle\",\"seed\":\"sodium,83decee0e62ab3a48a28a46b41cb4b74\",\"rated\":\"Rated battle\"}\n>player p1 {\"name\":\"xjtlulibowen\",\"avatar\":\"acetrainer-gen4dp\",\"rating\":1632,\"seed\":\"sodium,adac6beabcb6693d447da46cd423a4b8\"}\n>player p2 {\"name\":\"deezpeez\",\"avatar\":\"hilbert\",\"rating\":1543,\"seed\":\"sodium,39a6ea3582ffba74a283dc10af3e1a1a\"}\n>p1 move calmmind\n>p2 move hydropump\n>p1 move psychic\n>p2 move encore\n>p1 switch 3\n>p2 switch 6\n>p1 move swordsdance mega\n>p2 move knockoff\n>p1 move leafblade\n>p2 move stealthrock\n>p1 move leafblade\n>p2 move drainpunch\n>p2 switch 4\n>p1 move outrage\n>p2 move swordsdance mega\n>chat ☆deezpeez|son\n>p2 switch 3\n>p1 move outrage\n>p2 move hypervoice\n>p1 switch 3\n>p1 move calmmind\n>p2 switch 6\n>p1 switch 5\n>p2 move encore\n>p1 move uturn\n>p2 move focusblast\n>p1 switch 5\n>p1 move psychic\n>p2 move hydropump\n>p1 move psychic\n>p2 move hydropump\n>p1 switch 2\n>p1 move icebeam\n>p2 move hydropump\n>p2 switch 6\n>p1 move taunt\n>p2 move calmmind\n>p1 move shadowball\n>p2 switch 5\n>p1 switch 4\n>p2 switch 5\n>p1 move headsmash\n>p2 move hypervoice\n>p1 move suckerpunch\n>p2 move hypervoice\n>p1 switch 5\n>p1 move scald\n>p2 move hypervoice\n>p2 switch 5\n>p1 move scald\n>p2 move seedbomb\n>p1 move scald\n>p2 move seedbomb\n>p1 move scald\n>p2 move seedbomb\n>p1 switch 6\n>p1 move wildcharge\n>p2 switch 2\n>p1 move toxic\n>p2 move shadowball\n>p1 move morningsun\n>p2 move shadowball\n>p1 switch 4\n>p2 move shadowball\n>p1 switch 4\n>p1 move morningsun\n>p2 move shadowball\n>p1 move morningsun\n>p2 move dracometeor\n>p2 switch 2\n>p1 move morningsun\n>p2 move doubleedge", "uploadtime": 1769129858, "views": 158, "formatid": "gen7randombattle", "rating": 1568, "private": 0, "password": null}