{"id": "gen7randombattle-2529165014", "format": "[Gen 7] Random Battle", "players": ["tranminhhieu", "aurora ltd"], "log": "|j|☆tranminhhieu\n|j|☆aurora ltd\n|t:|1769746446\n|gametype|singles\n|player|p1|tranminhhieu|266|1605\n|player|p2|aurora ltd|silver-gen2kanto|1539\n|gen|7\n|tier|[Gen 7] Random Battle\n|rated|\n|rule|Sleep Clause Mod: Limit one foe put to sleep\n|rule|HP Percentage Mod: HP is shown in percentages\n|rule|Illusion Level Mod: Illusion disguises the Pokémon's true level\n|\n|t:|1769746446\n|teamsize|p1|6\n|teamsize|p2|6\n|start\n|switch|p1a: Tapu Fini|Tapu Fini, L80|243/243\n|switch|p2a: Floette|Floette-Eternal, L83, F|259/259\n|-fieldstart|move: Misty Terrain|[from] ability: Misty Surge|[of] p1a: Tapu Fini\n|turn|1\n|inactive|Battle timer is ON: inactive players will automatically lose when time's up. (requested by tranminhhieu)\n|inactive|tranminhhieu has 120 seconds left.\n|inactive|aurora ltd has 120 seconds left.\n|\n|t:|1769746481\n|move|p2a: Floette|Moonblast|p1a: Tapu Fini\n|-damage|p1a: Tapu Fini|99/243\n|move|p1a: Tapu Fini|Calm Mind|p1a: Tapu Fini\n|-boost|p1a: Tapu Fini|spa|1\n|-boost|p1a: Tapu Fini|spd|1\n|\n|-heal|p1a: Tapu Fini|114/243|[from] item: Leftovers\n|upkeep\n|turn|2\n|\n|t:|1769746488\n|move|p2a: Floette|Moonblast|p1a: Tapu Fini\n|-damage|p1a: Tapu Fini|17/243\n|move|p1a: Tapu Fini|Moonblast|p2a: Floette\n|-damage|p2a: Floette|160/259\n|-unboost|p2a: Floette|spa|1\n|\n|-heal|p1a: Tapu Fini|32/243|[from] item: Leftovers\n|upkeep\n|turn|3\n|\n|t:|1769746496\n|move|p2a: Floette|Moonblast|p1a: Tapu Fini\n|-damage|p1a: Tapu Fini|0 fnt\n|faint|p1a: Tapu Fini\n|\n|upkeep\n|inactive|tranminhhieu has 120 seconds left.\n|inactive|tranminhhieu has 90 seconds left.\n|\n|t:|1769746584\n|switch|p1a: Turtonator|Turtonator, L88, F|249/249\n|turn|4\n|\n|t:|1769746601\n|move|p2a: Floette|Moonblast|p1a: Turtonator\n|-damage|p1a: Turtonator|120/249\n|-unboost|p1a: Turtonator|spa|1\n|-enditem|p1a: Turtonator|White Herb\n|-clearnegativeboost|p1a: Turtonator|[silent]\n|move|p1a: Turtonator|Shell Smash|p1a: Turtonator\n|-unboost|p1a: Turtonator|def|1\n|-unboost|p1a: Turtonator|spd|1\n|-boost|p1a: Turtonator|atk|2\n|-boost|p1a: Turtonator|spa|2\n|-boost|p1a: Turtonator|spe|2\n|\n|upkeep\n|turn|5\n|inactive|tranminhhieu has 60 seconds left.\n|\n|t:|1769746626\n|move|p1a: Turtonator|Fire Blast|p2a: Floette\n|-damage|p2a: Floette|0 fnt\n|faint|p2a: Floette\n|\n|-fieldend|Misty Terrain\n|upkeep\n|inactive|aurora ltd has 120 seconds left.\n|\n|t:|1769746653\n|switch|p2a: Heatran|Heatran, L80, M|277/277\n|-item|p2a: Heatran|Air Balloon\n|turn|6\n|inactive|aurora ltd has 120 seconds left.\n|inactive|tranminhhieu has 60 seconds left.\n|\n|t:|1769746684\n|move|p1a: Turtonator|Dragon Pulse|p2a: Heatran\n|-resisted|p2a: Heatran\n|-damage|p2a: Heatran|194/277\n|-enditem|p2a: Heatran|Air Balloon\n|move|p2a: Heatran|Earth Power|p1a: Turtonator\n|-supereffective|p1a: Turtonator\n|-damage|p1a: Turtonator|0 fnt\n|faint|p1a: Turtonator\n|\n|upkeep\n|\n|t:|1769746702\n|switch|p1a: Xurkitree|Xurkitree, L80|264/264\n|turn|7\n|\n|t:|1769746716\n|move|p1a: Xurkitree|Volt Switch|p2a: Heatran\n|-damage|p2a: Heatran|101/277\n|\n|t:|1769746728\n|switch|p1a: Zapdos|Zapdos, L79|272/272|[from] Volt Switch\n|move|p2a: Heatran|Stealth Rock|p1a: Zapdos\n|-sidestart|p1: tranminhhieu|move: Stealth Rock\n|\n|upkeep\n|turn|8\n|\n|t:|1769746747\n|move|p1a: Zapdos|Defog|p2a: Heatran\n|-unboost|p2a: Heatran|evasion|1\n|-sideend|p1: tranminhhieu|Stealth Rock|[from] move: Defog|[of] p1a: Zapdos\n|move|p2a: Heatran|Toxic|p1a: Zapdos\n|-status|p1a: Zapdos|tox\n|\n|-damage|p1a: Zapdos|255/272 tox|[from] psn\n|upkeep\n|turn|9\n|\n|t:|1769746757\n|move|p1a: Zapdos|Discharge|p2a: Heatran\n|-damage|p2a: Heatran|20/277\n|-status|p2a: Heatran|par\n|cant|p2a: Heatran|par\n|\n|-heal|p1a: Zapdos|272/272 tox|[from] item: Leftovers\n|-damage|p1a: Zapdos|238/272 tox|[from] psn\n|upkeep\n|turn|10\n|\n|t:|1769746766\n|move|p1a: Zapdos|Discharge|p2a: Heatran\n|-damage|p2a: Heatran|0 fnt\n|faint|p2a: Heatran\n|\n|-heal|p1a: Zapdos|255/272 tox|[from] item: Leftovers\n|-damage|p1a: Zapdos|204/272 tox|[from] psn\n|upkeep\n|\n|t:|1769746781\n|switch|p2a: Jolteon|Jolteon, L81, M|238/238\n|turn|11\n|inactive|tranminhhieu has 60 seconds left.\n|inactive|aurora ltd has 120 seconds left.\n|\n|t:|1769746800\n|switch|p1a: Oranguru|Oranguru, L93, F|318/318\n|move|p2a: Jolteon|Thunderbolt|p1a: Oranguru\n|-damage|p1a: Oranguru|203/318\n|\n|upkeep\n|turn|12\n|inactive|aurora ltd has 120 seconds left.\n|\n|t:|1769746811\n|move|p2a: Jolteon|Thunderbolt|p1a: Oranguru\n|-damage|p1a: Oranguru|100/318\n|move|p1a: Oranguru|Nasty Plot|p1a: Oranguru\n|-boost|p1a: Oranguru|spa|2\n|\n|upkeep\n|turn|13\n|\n|t:|1769746824\n|move|p2a: Jolteon|Thunderbolt|p1a: Oranguru\n|-damage|p1a: Oranguru|0 fnt\n|faint|p1a: Oranguru\n|\n|upkeep\n|inactive|tranminhhieu has 60 seconds left.\n|\n|t:|1769746840\n|switch|p1a: Glaceon|Glaceon, L90, F|263/263\n|turn|14\n|\n|t:|1769746856\n|move|p2a: Jolteon|Thunderbolt|p1a: Glaceon\n|-damage|p1a: Glaceon|127/263\n|move|p1a: Glaceon|Hidden Power|p2a: Jolteon\n|-supereffective|p2a: Jolteon\n|-damage|p2a: Jolteon|114/238\n|\n|-heal|p1a: Glaceon|143/263|[from] item: Leftovers\n|upkeep\n|turn|15\n|inactive|tranminhhieu has 60 seconds left.\n|\n|t:|1769746873\n|move|p2a: Jolteon|Thunderbolt|p1a: Glaceon\n|-damage|p1a: Glaceon|16/263\n|move|p1a: Glaceon|Hidden Power|p2a: Jolteon\n|-supereffective|p2a: Jolteon\n|-damage|p2a: Jolteon|0 fnt\n|faint|p2a: Jolteon\n|\n|-heal|p1a: Glaceon|32/263|[from] item: Leftovers\n|upkeep\n|inactive|aurora ltd has 120 seconds left.\n|\n|t:|1769746901\n|switch|p2a: Arbok|Arbok, L90, F|254/254\n|-ability|p2a: Arbok|Intimidate|boost\n|-unboost|p1a: Glaceon|atk|1\n|turn|16\n|inactive|aurora ltd has 120 seconds left.\n|inactive|tranminhhieu has 60 seconds left.\n|\n|t:|1769746916\n|move|p2a: Arbok|Earthquake|p1a: Glaceon\n|-damage|p1a: Glaceon|0 fnt\n|faint|p1a: Glaceon\n|-damage|p2a: Arbok|229/254|[from] item: Life Orb\n|\n|upkeep\n|\n|t:|1769746919\n|switch|p1a: Xurkitree|Xurkitree, L80|264/264\n|turn|17\n|inactive|aurora ltd has 120 seconds left.\n|\n|t:|1769746958\n|move|p1a: Xurkitree|Volt Switch|p2a: Arbok\n|-damage|p2a: Arbok|127/254\n|\n|t:|1769746962\n|switch|p1a: Zapdos|Zapdos, L79|204/272 tox|[from] Volt Switch\n|move|p2a: Arbok|Coil|p2a: Arbok\n|-boost|p2a: Arbok|atk|1\n|-boost|p2a: Arbok|def|1\n|-boost|p2a: Arbok|accuracy|1\n|\n|-heal|p1a: Zapdos|221/272 tox|[from] item: Leftovers\n|-damage|p1a: Zapdos|204/272 tox|[from] psn\n|upkeep\n|turn|18\n|inactive|aurora ltd has 90 seconds left.\n|\n|t:|1769746983\n|move|p1a: Zapdos|Discharge|p2a: Arbok\n|-damage|p2a: Arbok|37/254\n|move|p2a: Arbok|Gunk Shot|p1a: Zapdos\n|-damage|p1a: Zapdos|0 fnt\n|faint|p1a: Zapdos\n|-damage|p2a: Arbok|12/254|[from] item: Life Orb\n|\n|upkeep\n|\n|t:|1769746991\n|switch|p1a: Xurkitree|Xurkitree, L80|264/264\n|turn|19\n|\n|t:|1769746995\n|move|p2a: Arbok|Sucker Punch|p1a: Xurkitree\n|-damage|p1a: Xurkitree|139/264\n|-damage|p2a: Arbok|0 fnt|[from] item: Life Orb\n|faint|p2a: Arbok\n|move|p1a: Xurkitree|Thunderbolt|p2: Arbok|[notarget]\n|-fail|p1a: Xurkitree\n|\n|upkeep\n|\n|t:|1769747010\n|switch|p2a: Masquerain|Masquerain, L87, M|263/263\n|-ability|p2a: Masquerain|Intimidate|boost\n|-unboost|p1a: Xurkitree|atk|1\n|turn|20\n|inactive|aurora ltd has 90 seconds left.\n|\n|t:|1769747031\n|move|p1a: Xurkitree|Thunderbolt|p2a: Masquerain\n|-supereffective|p2a: Masquerain\n|-damage|p2a: Masquerain|0 fnt\n|faint|p2a: Masquerain\n|-ability|p1a: Xurkitree|Beast Boost|boost\n|-boost|p1a: Xurkitree|spa|1\n|\n|upkeep\n|\n|t:|1769747036\n|switch|p2a: Huntail|Huntail, L85, F|232/232\n|turn|21\n|\n|t:|1769747041\n|move|p2a: Huntail|Sucker Punch|p1a: Xurkitree\n|-damage|p1a: Xurkitree|69/264\n|move|p1a: Xurkitree|Thunderbolt|p2a: Huntail\n|-supereffective|p2a: Huntail\n|-damage|p2a: Huntail|0 fnt\n|faint|p2a: Huntail\n|\n|win|tranminhhieu\n|raw|tranminhhieu's rating: 1605 &rarr; <strong>1621</strong><br />(+16 for winning)\n|raw|aurora ltd's rating: 1539 &rarr; <strong>1523</strong><br />(-16 for losing)\n", "inputlog": ">version b99ff0165a6231f17e8b78c2a78d1998375de664\n>start {\"formatid\":\"gen7randombattle\",\"seed\":\"sodium,2f0639e4630360af35745b2f84fd4e04\",\"rated\":\"Rated battle\"}\n>player p1 {\"name\":\"tranminhhieu\",\"avatar\":\"266\",\"rating\":1605,\"seed\":\"sodium,facf0f3ab7d8da9ef68b353832c005ac\"}\n>player p2 {\"name\":\"aurora ltd\",\"avatar\":\"silver-gen2kanto\",\"rating\":1539,\"seed\":\"sodium,56d5a1b34964db4c14b4a19e15bbdb96\"}\n>p1 move calmmind\n>p2 move moonblast\n>p1 move moonblast\n>p2 move moonblast\n>p1 move moonblast\n>p2 move moonblast\n>p1 switch 6\n>p1 move shellsmash\n>p2 move moonblast\n>p1 move fireblast\n>p2 move moonblast\n>p2 switch 2\n>p1 move dragonpulse\n>p2 move earthpower\n>p1 switch 3\n>p1 move voltswitch\n>p2 move stealthrock\n>p1 switch 4\n>p1 move defog\n>p2 move toxic\n>p1 move discharge\n>p2 move stealthrock\n>p1 move discharge\n>p2 move stealthrock\n>p2 switch 3\n>p1 switch 2\n>p2 move thunderbolt\n>p1 move nastyplot\n>p2 move thunderbolt\n>p1 move psyshock\n>p2 move thunderbolt\n>p1 switch 5\n>p1 move hiddenpower\n>p2 move thunderbolt\n>p1 move hiddenpower\n>p2 move thunderbolt\n>p2 switch 5\n>p1 move hiddenpower\n>p2 move earthquake\n>p1 switch 4\n>p1 move voltswitch\n>p2 move coil\n>p1 switch 2\n>p1 move discharge\n>p2 move gunkshot\n>p1 switch 2\n>p1 move thunderbolt\n>p2 move suckerpunch\n>p2 switch 4\n>p1 move thunderbolt\n>p2 move uturn\n>p2 switch 6\n>p1 move thunderbolt\n>p2 move suckerpunch", "uploadtime": 1769747063, "views": 174, "formatid": "gen7randombattle", "rating": 1523, "private": 0, "password": null}