{"id": "gen7randombattle-2527296902", "format": "[Gen 7] Random Battle", "players": ["H4y4sh1", "pelleg"], "log": "|j|☆H4y4sh1\n|j|☆pelleg\n|t:|1769524905\n|gametype|singles\n|player|p1|H4y4sh1|hilbert-masters|1648\n|player|p2|pelleg|2|1700\n|gen|7\n|tier|[Gen 7] Random Battle\n|rated|\n|rule|Sleep Clause Mod: Limit one foe put to sleep\n|rule|HP Percentage Mod: HP is shown in percentages\n|rule|Illusion Level Mod: Illusion disguises the Pokémon's true level\n|\n|t:|1769524905\n|teamsize|p1|6\n|teamsize|p2|6\n|start\n|switch|p1a: Malamar|Malamar, L80, F|269/269\n|switch|p2a: Seaking|Seaking, L95, F|306/306\n|turn|1\n|inactive|Battle timer is ON: inactive players will automatically lose when time's up. (requested by pelleg)\n|inactive|H4y4sh1 has 120 seconds left.\n|inactive|H4y4sh1 has 90 seconds left.\n|\n|t:|1769525037\n|switch|p2a: Hitmonchan|Hitmonchan, L87, M|229/229\n|switch|p1a: Tapu Bulu|Tapu Bulu, L82|249/249\n|-fieldstart|move: Grassy Terrain|[from] ability: Grassy Surge|[of] p1a: Tapu Bulu\n|\n|upkeep\n|turn|2\n|\n|t:|1769525048\n|switch|p2a: Delibird|Delibird, M|251/251\n|move|p1a: Tapu Bulu|Horn Leech|p2a: Delibird\n|-resisted|p2a: Delibird\n|-crit|p2a: Delibird\n|-damage|p2a: Delibird|54/251\n|\n|-heal|p2a: Delibird|69/251|[from] item: Leftovers\n|upkeep\n|turn|3\n|\n|t:|1769525071\n|switch|p1a: Chandelure|Chandelure, L84, M|238/238\n|move|p2a: Delibird|Spikes|p1a: Chandelure\n|-sidestart|p1: H4y4sh1|Spikes\n|\n|-heal|p2a: Delibird|84/251|[from] item: Leftovers\n|upkeep\n|turn|4\n|\n|t:|1769525078\n|switch|p2a: Seaking|Seaking, L95, F|306/306\n|move|p1a: Chandelure|Shadow Ball|p2a: Seaking\n|-damage|p2a: Seaking|192/306\n|\n|-heal|p2a: Seaking|211/306|[from] Grassy Terrain\n|upkeep\n|turn|5\n|\n|t:|1769525088\n|switch|p1a: Tapu Bulu|Tapu Bulu, L82|249/249\n|-damage|p1a: Tapu Bulu|218/249|[from] Spikes\n|move|p2a: Seaking|Knock Off|p1a: Tapu Bulu\n|-resisted|p1a: Tapu Bulu\n|-damage|p1a: Tapu Bulu|169/249\n|-enditem|p1a: Tapu Bulu|Choice Band|[from] move: Knock Off|[of] p2a: Seaking\n|-damage|p2a: Seaking|181/306|[from] item: Life Orb\n|\n|-heal|p2a: Seaking|200/306|[from] Grassy Terrain\n|-heal|p1a: Tapu Bulu|184/249|[from] Grassy Terrain\n|-fieldend|move: Grassy Terrain\n|upkeep\n|turn|6\n|\n|t:|1769525101\n|switch|p2a: Delibird|Delibird, M|84/251\n|move|p1a: Tapu Bulu|Horn Leech|p2a: Delibird\n|-resisted|p2a: Delibird\n|-damage|p2a: Delibird|15/251\n|-heal|p1a: Tapu Bulu|219/249|[from] drain|[of] p2a: Delibird\n|\n|-heal|p2a: Delibird|30/251|[from] item: Leftovers\n|upkeep\n|turn|7\n|\n|t:|1769525110\n|switch|p1a: Chandelure|Chandelure, L84, M|238/238\n|-damage|p1a: Chandelure|209/238|[from] Spikes\n|move|p2a: Delibird|Spikes|p1a: Chandelure\n|-sidestart|p1: H4y4sh1|Spikes\n|\n|-heal|p2a: Delibird|45/251|[from] item: Leftovers\n|upkeep\n|turn|8\n|\n|t:|1769525115\n|move|p1a: Chandelure|Shadow Ball|p2a: Delibird\n|-damage|p2a: Delibird|0 fnt\n|faint|p2a: Delibird\n|\n|upkeep\n|\n|t:|1769525121\n|switch|p2a: Seaking|Seaking, L95, F|200/306\n|turn|9\n|inactive|H4y4sh1 has 120 seconds left.\n|\n|t:|1769525153\n|switch|p1a: Dialga|Dialga, L74|270/270\n|-damage|p1a: Dialga|225/270|[from] Spikes\n|-ability|p1a: Dialga|Pressure\n|move|p2a: Seaking|Ice Beam|p1a: Dialga\n|-damage|p1a: Dialga|168/270\n|-damage|p2a: Seaking|170/306|[from] item: Life Orb\n|\n|upkeep\n|turn|10\n|\n|t:|1769525161\n|move|p2a: Seaking|Knock Off|p1a: Dialga\n|-damage|p1a: Dialga|73/270\n|-enditem|p1a: Dialga|Assault Vest|[from] move: Knock Off|[of] p2a: Seaking\n|-damage|p2a: Seaking|140/306|[from] item: Life Orb\n|move|p1a: Dialga|Dragon Tail|p2a: Seaking\n|-damage|p2a: Seaking|70/306\n|drag|p2a: Regirock|Regirock, L87|281/281\n|\n|upkeep\n|turn|11\n|\n|t:|1769525171\n|move|p1a: Dialga|Flash Cannon|p2a: Regirock\n|-supereffective|p2a: Regirock\n|-damage|p2a: Regirock|101/281\n|move|p2a: Regirock|Drain Punch|p1a: Dialga\n|-supereffective|p1a: Dialga\n|-damage|p1a: Dialga|0 fnt\n|-heal|p2a: Regirock|138/281|[from] drain|[of] p1a: Dialga\n|faint|p1a: Dialga\n|\n|upkeep\n|\n|t:|1769525179\n|switch|p1a: Malamar|Malamar, L80, F|269/269\n|-damage|p1a: Malamar|225/269|[from] Spikes\n|turn|12\n|\n|t:|1769525187\n|switch|p2a: Hitmonchan|Hitmonchan, L87, M|229/229\n|-zpower|p1a: Malamar\n|move|p1a: Malamar|Z-Happy Hour|p1a: Malamar|[anim]Happy Hour\n|-boost|p1a: Malamar|atk|1|[zeffect]\n|-boost|p1a: Malamar|def|1|[zeffect]\n|-boost|p1a: Malamar|spa|1|[zeffect]\n|-boost|p1a: Malamar|spd|1|[zeffect]\n|-boost|p1a: Malamar|spe|1|[zeffect]\n|\n|upkeep\n|turn|13\n|\n|t:|1769525192\n|move|p1a: Malamar|Psycho Cut|p2a: Hitmonchan\n|-supereffective|p2a: Hitmonchan\n|-damage|p2a: Hitmonchan|5/229\n|move|p2a: Hitmonchan|Drain Punch|p1a: Malamar\n|-damage|p1a: Malamar|102/269\n|-heal|p2a: Hitmonchan|67/229|[from] drain|[of] p1a: Malamar\n|\n|upkeep\n|turn|14\n|\n|t:|1769525202\n|move|p1a: Malamar|Superpower|p2a: Hitmonchan\n|-damage|p2a: Hitmonchan|0 fnt\n|-boost|p1a: Malamar|atk|1\n|-boost|p1a: Malamar|def|1\n|faint|p2a: Hitmonchan\n|\n|upkeep\n|\n|t:|1769525206\n|switch|p2a: Haxorus|Haxorus, L75, F|238/238\n|-ability|p2a: Haxorus|Mold Breaker\n|turn|15\n|\n|t:|1769525210\n|move|p1a: Malamar|Superpower|p2a: Haxorus\n|-damage|p2a: Haxorus|83/238\n|-boost|p1a: Malamar|atk|1\n|-boost|p1a: Malamar|def|1\n|move|p2a: Haxorus|Dragon Dance|p2a: Haxorus\n|-boost|p2a: Haxorus|atk|1\n|-boost|p2a: Haxorus|spe|1\n|\n|upkeep\n|turn|16\n|\n|t:|1769525217\n|-zpower|p2a: Haxorus\n|move|p2a: Haxorus|Devastating Drake|p1a: Malamar|[zeffect]\n|-damage|p1a: Malamar|0 fnt\n|faint|p1a: Malamar\n|\n|upkeep\n|\n|t:|1769525236\n|switch|p1a: Castform|Castform, L99, F|299/299\n|-damage|p1a: Castform|250/299|[from] Spikes\n|turn|17\n|\n|t:|1769525241\n|move|p2a: Haxorus|Outrage|p1a: Castform\n|-damage|p1a: Castform|25/299\n|move|p1a: Castform|Thunder Wave|p2a: Haxorus\n|-status|p2a: Haxorus|par\n|\n|-heal|p1a: Castform|43/299|[from] item: Leftovers\n|upkeep\n|turn|18\n|inactive|H4y4sh1 has 120 seconds left.\n|\n|t:|1769525277\n|move|p1a: Castform|Defog|p2a: Haxorus\n|-unboost|p2a: Haxorus|evasion|1\n|-sideend|p1: H4y4sh1|Spikes|[from] move: Defog|[of] p1a: Castform\n|move|p2a: Haxorus|Outrage|p1a: Castform|[from] lockedmove\n|-damage|p1a: Castform|0 fnt\n|faint|p1a: Castform\n|\n|upkeep\n|\n|t:|1769525282\n|switch|p1a: Tapu Bulu|Tapu Bulu, L82|219/249\n|-fieldstart|move: Grassy Terrain|[from] ability: Grassy Surge|[of] p1a: Tapu Bulu\n|turn|19\n|\n|t:|1769525287\n|move|p1a: Tapu Bulu|Horn Leech|p2a: Haxorus\n|-resisted|p2a: Haxorus\n|-damage|p2a: Haxorus|0 fnt\n|-heal|p1a: Tapu Bulu|249/249|[from] drain|[of] p2a: Haxorus\n|faint|p2a: Haxorus\n|\n|upkeep\n|\n|t:|1769525294\n|switch|p2a: Manectric|Manectric, L78, M|237/237\n|turn|20\n|\n|t:|1769525301\n|switch|p1a: Chandelure|Chandelure, L84, M|209/238\n|detailschange|p2a: Manectric|Manectric-Mega, L78, M\n|-mega|p2a: Manectric|Manectric|Manectite\n|-ability|p2a: Manectric|Intimidate|boost\n|-unboost|p1a: Chandelure|atk|1\n|move|p2a: Manectric|Volt Switch|p1a: Chandelure\n|-damage|p1a: Chandelure|121/238\n|\n|t:|1769525312\n|switch|p2a: Seaking|Seaking, L95, F|70/306|[from] Volt Switch\n|\n|-heal|p1a: Chandelure|135/238|[from] Grassy Terrain\n|-heal|p2a: Seaking|89/306|[from] Grassy Terrain\n|upkeep\n|turn|21\n|\n|t:|1769525319\n|move|p1a: Chandelure|Energy Ball|p2a: Seaking\n|-supereffective|p2a: Seaking\n|-damage|p2a: Seaking|0 fnt\n|faint|p2a: Seaking\n|\n|-heal|p1a: Chandelure|149/238|[from] Grassy Terrain\n|upkeep\n|\n|t:|1769525322\n|switch|p2a: Manectric|Manectric-Mega, L78, M|237/237\n|-ability|p2a: Manectric|Intimidate|boost\n|-unboost|p1a: Chandelure|atk|1\n|turn|22\n|\n|t:|1769525325\n|switch|p1a: Blissey|Blissey, L85, F|572/572\n|move|p2a: Manectric|Thunderbolt|p1a: Blissey\n|-crit|p1a: Blissey\n|-damage|p1a: Blissey|455/572\n|\n|-heal|p1a: Blissey|490/572|[from] Grassy Terrain\n|-heal|p1a: Blissey|525/572|[from] item: Leftovers\n|upkeep\n|turn|23\n|\n|t:|1769525328\n|move|p2a: Manectric|Volt Switch|p1a: Blissey\n|-damage|p1a: Blissey|461/572\n|\n|t:|1769525331\n|switch|p2a: Regirock|Regirock, L87|138/281|[from] Volt Switch\n|move|p1a: Blissey|Seismic Toss|p2a: Regirock\n|-damage|p2a: Regirock|53/281\n|\n|-heal|p1a: Blissey|496/572|[from] Grassy Terrain\n|-heal|p1a: Blissey|531/572|[from] item: Leftovers\n|-heal|p2a: Regirock|70/281|[from] Grassy Terrain\n|-fieldend|move: Grassy Terrain\n|upkeep\n|turn|24\n|c|☆H4y4sh1|gg\n|-message|pelleg forfeited.\n|\n|win|H4y4sh1\n|raw|H4y4sh1's rating: 1648 &rarr; <strong>1671</strong><br />(+23 for winning)\n|raw|pelleg's rating: 1700 &rarr; <strong>1677</strong><br />(-23 for losing)\n|l|☆pelleg\n|player|p2|\n", "inputlog": ">version b99ff0165a6231f17e8b78c2a78d1998375de664\n>start {\"formatid\":\"gen7randombattle\",\"seed\":\"sodium,319f9630a8a8dfc2c83950bfa2567cbf\",\"rated\":\"Rated battle\"}\n>player p1 {\"name\":\"H4y4sh1\",\"avatar\":\"hilbert-masters\",\"rating\":1648,\"seed\":\"sodium,b7e2784c77b0a1594124f54219379548\"}\n>player p2 {\"name\":\"pelleg\",\"avatar\":\"2\",\"rating\":1700,\"seed\":\"sodium,e764e9e080867df2d95a261e17db66f1\"}\n>p1 switch 4\n>p2 switch 6\n>p1 move hornleech\n>p2 switch 5\n>p1 switch 5\n>p2 move spikes\n>p1 move shadowball\n>p2 switch 6\n>p1 switch 5\n>p2 move knockoff\n>p1 move hornleech\n>p2 switch 6\n>p1 switch 5\n>p2 move spikes\n>p1 move shadowball\n>p2 move spikes\n>p2 switch 6\n>p1 switch 6\n>p2 move icebeam\n>p1 move dragontail\n>p2 move knockoff\n>p1 move flashcannon\n>p2 move drainpunch\n>p1 switch 4\n>p1 move happyhour zmove\n>p2 switch 5\n>p1 move psychocut\n>p2 move drainpunch\n>p1 move superpower\n>p2 move drainpunch\n>p2 switch 3\n>p1 move superpower\n>p2 move dragondance\n>p1 move superpower\n>p2 move outrage zmove\n>p1 switch 2\n>p1 move thunderwave\n>p2 move outrage\n>p1 move defog\n>p2 move outrage\n>p1 switch 5\n>p1 move hornleech\n>p2 move outrage\n>p2 switch 4\n>p1 switch 6\n>p2 move voltswitch mega\n>p2 switch 2\n>p1 move energyball\n>p2 move waterfall\n>p2 switch 2\n>p1 switch 3\n>p2 move thunderbolt\n>p1 move seismictoss\n>p2 move voltswitch\n>p2 switch 5\n>chat ☆H4y4sh1|gg\n>forcelose p2", "uploadtime": 1769525347, "views": 177, "formatid": "gen7randombattle", "rating": 1671, "private": 0, "password": null}