{"id": "gen7randombattle-2535184913", "format": "[Gen 7] Random Battle", "players": ["berserkpower", "bin2409"], "log": "|j|☆berserkpower\n|j|☆bin2409\n|t:|1770525332\n|gametype|singles\n|player|p1|berserkpower|lance|1624\n|player|p2|bin2409|lucas|1823\n|gen|7\n|tier|[Gen 7] Random Battle\n|rated|\n|rule|Sleep Clause Mod: Limit one foe put to sleep\n|rule|HP Percentage Mod: HP is shown in percentages\n|rule|Illusion Level Mod: Illusion disguises the Pokémon's true level\n|\n|t:|1770525332\n|teamsize|p1|6\n|teamsize|p2|6\n|start\n|switch|p1a: Beheeyem|Beheeyem, L93, M|290/290\n|switch|p2a: Groudon|Groudon, L65|238/238\n|detailschange|p2a: Groudon|Groudon-Primal, L65\n|-primal|p2a: Groudon|Red Orb\n|-weather|DesolateLand|[from] ability: Desolate Land|[of] p2a: Groudon\n|turn|1\n|inactive|Battle timer is ON: inactive players will automatically lose when time's up. (requested by berserkpower)\n|\n|t:|1770525359\n|move|p2a: Groudon|Fire Punch|p1a: Beheeyem\n|-damage|p1a: Beheeyem|157/290\n|move|p1a: Beheeyem|Psychic|p2a: Groudon\n|-damage|p2a: Groudon|0 fnt\n|faint|p2a: Groudon\n|-weather|none\n|detailschange|p2: Groudon|Groudon, L65|[silent]\n|-damage|p1a: Beheeyem|128/290|[from] item: Life Orb\n|\n|upkeep\n|\n|t:|1770525375\n|switch|p2a: Tornadus|Tornadus-Therian, L80, M|258/258\n|turn|2\n|\n|t:|1770525383\n|switch|p1a: Corsola|Corsola, L96, M|280/280\n|move|p2a: Tornadus|Knock Off|p1a: Corsola\n|-damage|p1a: Corsola|214/280\n|-enditem|p1a: Corsola|Leftovers|[from] move: Knock Off|[of] p2a: Tornadus\n|-damage|p2a: Tornadus|233/258|[from] item: Life Orb\n|\n|upkeep\n|turn|3\n|\n|t:|1770525393\n|switch|p2a: Celebi|Celebi, L82|298/298\n|move|p1a: Corsola|Toxic|p2a: Celebi\n|-status|p2a: Celebi|tox\n|\n|-damage|p2a: Celebi|280/298 tox|[from] psn\n|upkeep\n|turn|4\n|\n|t:|1770525399\n|switch|p1a: Ledian|Ledian, F|271/271\n|move|p2a: Celebi|Nasty Plot|p2a: Celebi\n|-boost|p2a: Celebi|spa|2\n|\n|-damage|p2a: Celebi|244/298 tox|[from] psn\n|upkeep\n|turn|5\n|\n|t:|1770525404\n|-curestatus|p2a: Celebi|tox|[from] ability: Natural Cure\n|switch|p2a: Archeops|Archeops, L82, F|257/257\n|move|p1a: Ledian|Air Slash|p2a: Archeops\n|-resisted|p2a: Archeops\n|-damage|p2a: Archeops|212/257\n|\n|upkeep\n|turn|6\n|\n|t:|1770525412\n|switch|p1a: Corsola|Corsola, L96, M|280/280\n|move|p2a: Archeops|Stone Edge|p1a: Corsola\n|-damage|p1a: Corsola|166/280\n|\n|upkeep\n|turn|7\n|\n|t:|1770525419\n|switch|p1a: Rotom|Rotom, L88|231/231\n|move|p2a: Archeops|Earthquake|p1a: Rotom\n|-immune|p1a: Rotom|[from] ability: Levitate\n|\n|upkeep\n|turn|8\n|\n|t:|1770525439\n|switch|p2a: Vigoroth|Vigoroth, L88, M|284/284\n|move|p1a: Rotom|Volt Switch|p2a: Vigoroth\n|-damage|p2a: Vigoroth|206/284\n|\n|t:|1770525442\n|switch|p1a: Ledian|Ledian, F|271/271|[from] Volt Switch\n|\n|upkeep\n|turn|9\n|\n|t:|1770525450\n|move|p1a: Ledian|Knock Off|p2a: Vigoroth\n|-damage|p2a: Vigoroth|168/284\n|-enditem|p2a: Vigoroth|Eviolite|[from] move: Knock Off|[of] p1a: Ledian\n|move|p2a: Vigoroth|Body Slam|p1a: Ledian\n|-damage|p1a: Ledian|156/271\n|\n|-heal|p1a: Ledian|172/271|[from] item: Leftovers\n|upkeep\n|turn|10\n|\n|t:|1770525456\n|switch|p2a: Archeops|Archeops, L82, F|212/257\n|move|p1a: Ledian|Toxic|p2a: Archeops\n|-status|p2a: Archeops|tox\n|\n|-heal|p1a: Ledian|188/271|[from] item: Leftovers\n|-damage|p2a: Archeops|196/257 tox|[from] psn\n|upkeep\n|turn|11\n|\n|t:|1770525460\n|switch|p1a: Corsola|Corsola, L96, M|259/280\n|move|p2a: Archeops|Stone Edge|p1a: Corsola\n|-damage|p1a: Corsola|142/280\n|\n|-damage|p2a: Archeops|164/257 tox|[from] psn\n|upkeep\n|turn|12\n|\n|t:|1770525471\n|move|p2a: Archeops|Stone Edge|p1a: Corsola|[miss]\n|-miss|p2a: Archeops|p1a: Corsola\n|move|p1a: Corsola|Recover|p1a: Corsola\n|-heal|p1a: Corsola|280/280\n|\n|-damage|p2a: Archeops|116/257 tox|[from] psn\n|upkeep\n|turn|13\n|\n|t:|1770525475\n|switch|p2a: Celebi|Celebi, L82|244/298\n|move|p1a: Corsola|Scald|p2a: Celebi\n|-resisted|p2a: Celebi\n|-crit|p2a: Celebi\n|-damage|p2a: Celebi|184/298\n|\n|upkeep\n|turn|14\n|\n|t:|1770525482\n|switch|p1a: Ledian|Ledian, F|188/271\n|move|p2a: Celebi|Psychic|p1a: Ledian\n|-damage|p1a: Ledian|101/271\n|-damage|p2a: Celebi|155/298|[from] item: Life Orb\n|\n|-heal|p1a: Ledian|117/271|[from] item: Leftovers\n|upkeep\n|turn|15\n|\n|t:|1770525487\n|switch|p2a: Archeops|Archeops, L82, F|116/257 tox\n|move|p1a: Ledian|Air Slash|p2a: Archeops\n|-resisted|p2a: Archeops\n|-damage|p2a: Archeops|71/257 tox\n|\n|-heal|p1a: Ledian|133/271|[from] item: Leftovers\n|-damage|p2a: Archeops|55/257 tox|[from] psn\n|upkeep\n|turn|16\n|\n|t:|1770525490\n|switch|p1a: Corsola|Corsola, L96, M|280/280\n|move|p2a: Archeops|Roost|p2a: Archeops\n|-heal|p2a: Archeops|184/257 tox\n|-singleturn|p2a: Archeops|move: Roost\n|\n|-damage|p2a: Archeops|152/257 tox|[from] psn\n|upkeep\n|turn|17\n|\n|t:|1770525513\n|switch|p2a: Vikavolt|Vikavolt, L86, M|273/273\n|move|p1a: Corsola|Scald|p2a: Vikavolt\n|-damage|p2a: Vikavolt|189/273\n|\n|upkeep\n|turn|18\n|\n|t:|1770525524\n|switch|p1a: Beheeyem|Beheeyem, L93, M|128/290\n|move|p2a: Vikavolt|Thunderbolt|p1a: Beheeyem\n|-damage|p1a: Beheeyem|0 fnt\n|faint|p1a: Beheeyem\n|-damage|p2a: Vikavolt|162/273|[from] item: Life Orb\n|\n|upkeep\n|\n|t:|1770525541\n|switch|p1a: Rotom|Rotom, L88|231/231\n|turn|19\n|\n|t:|1770525551\n|move|p1a: Rotom|Shadow Ball|p2a: Vikavolt\n|-damage|p2a: Vikavolt|56/273\n|move|p2a: Vikavolt|Energy Ball|p1a: Rotom\n|-damage|p1a: Rotom|105/231\n|-damage|p2a: Vikavolt|29/273|[from] item: Life Orb\n|\n|upkeep\n|turn|20\n|\n|t:|1770525557\n|switch|p2a: Vigoroth|Vigoroth, L88, M|168/284\n|move|p1a: Rotom|Shadow Ball|p2a: Vigoroth\n|-immune|p2a: Vigoroth\n|\n|upkeep\n|turn|21\n|\n|t:|1770525562\n|switch|p1a: Corsola|Corsola, L96, M|280/280\n|move|p2a: Vigoroth|Body Slam|p1a: Corsola\n|-resisted|p1a: Corsola\n|-damage|p1a: Corsola|246/280\n|\n|upkeep\n|turn|22\n|\n|t:|1770525568\n|move|p2a: Vigoroth|Body Slam|p1a: Corsola\n|-resisted|p1a: Corsola\n|-damage|p1a: Corsola|210/280\n|move|p1a: Corsola|Toxic|p2a: Vigoroth\n|-status|p2a: Vigoroth|tox\n|\n|-damage|p2a: Vigoroth|151/284 tox|[from] psn\n|upkeep\n|turn|23\n|\n|t:|1770525573\n|switch|p1a: Mamoswine|Mamoswine, L79, M|303/303\n|move|p2a: Vigoroth|Slack Off|p2a: Vigoroth\n|-heal|p2a: Vigoroth|284/284 tox\n|\n|-damage|p2a: Vigoroth|250/284 tox|[from] psn\n|upkeep\n|turn|24\n|\n|t:|1770525581\n|move|p2a: Vigoroth|Body Slam|p1a: Mamoswine\n|-crit|p1a: Mamoswine\n|-damage|p1a: Mamoswine|168/303\n|move|p1a: Mamoswine|Stealth Rock|p2a: Vigoroth\n|-sidestart|p2: bin2409|move: Stealth Rock\n|\n|-damage|p2a: Vigoroth|199/284 tox|[from] psn\n|upkeep\n|turn|25\n|\n|t:|1770525587\n|switch|p1a: Corsola|Corsola, L96, M|280/280\n|move|p2a: Vigoroth|Body Slam|p1a: Corsola\n|-resisted|p1a: Corsola\n|-damage|p1a: Corsola|247/280\n|\n|-damage|p2a: Vigoroth|131/284 tox|[from] psn\n|upkeep\n|turn|26\n|\n|t:|1770525596\n|switch|p2a: Tornadus|Tornadus-Therian, L80, M|258/258\n|-damage|p2a: Tornadus|194/258|[from] Stealth Rock\n|switch|p1a: Rotom|Rotom, L88|105/231\n|\n|upkeep\n|turn|27\n|\n|t:|1770525610\n|switch|p2a: Vikavolt|Vikavolt, L86, M|29/273\n|-damage|p2a: Vikavolt|0 fnt|[from] Stealth Rock\n|faint|p2a: Vikavolt\n|move|p1a: Rotom|Volt Switch|p2: Vikavolt|[notarget]\n|-fail|p1a: Rotom\n|\n|upkeep\n|\n|t:|1770525616\n|switch|p2a: Celebi|Celebi, L82|155/298\n|-damage|p2a: Celebi|118/298|[from] Stealth Rock\n|turn|28\n|\n|t:|1770525627\n|move|p1a: Rotom|Volt Switch|p2a: Celebi\n|-resisted|p2a: Celebi\n|-damage|p2a: Celebi|82/298\n|\n|t:|1770525630\n|switch|p1a: Ledian|Ledian, F|133/271|[from] Volt Switch\n|move|p2a: Celebi|Psychic|p1a: Ledian\n|-damage|p1a: Ledian|46/271\n|-damage|p2a: Celebi|53/298|[from] item: Life Orb\n|\n|-heal|p1a: Ledian|62/271|[from] item: Leftovers\n|upkeep\n|turn|29\n|\n|t:|1770525635\n|move|p1a: Ledian|Knock Off|p2a: Celebi\n|-supereffective|p2a: Celebi\n|-damage|p2a: Celebi|0 fnt\n|-enditem|p2a: Celebi|Life Orb|[from] move: Knock Off|[of] p1a: Ledian\n|faint|p2a: Celebi\n|\n|-heal|p1a: Ledian|78/271|[from] item: Leftovers\n|upkeep\n|\n|t:|1770525638\n|switch|p2a: Tornadus|Tornadus-Therian, L80, M|258/258\n|-damage|p2a: Tornadus|194/258|[from] Stealth Rock\n|turn|30\n|\n|t:|1770525641\n|switch|p1a: Corsola|Corsola, L96, M|280/280\n|move|p2a: Tornadus|Knock Off|p1a: Corsola\n|-damage|p1a: Corsola|233/280\n|-damage|p2a: Tornadus|169/258|[from] item: Life Orb\n|\n|upkeep\n|turn|31\n|\n|t:|1770525644\n|move|p2a: Tornadus|Defog|p1a: Corsola\n|-unboost|p1a: Corsola|evasion|1\n|-sideend|p2: bin2409|Stealth Rock|[from] move: Defog|[of] p2a: Tornadus\n|move|p1a: Corsola|Scald|p2a: Tornadus\n|-damage|p2a: Tornadus|88/258\n|\n|upkeep\n|turn|32\n|\n|t:|1770525647\n|switch|p2a: Vigoroth|Vigoroth, L88, M|131/284 tox\n|move|p1a: Corsola|Toxic|p2a: Vigoroth\n|-fail|p2a: Vigoroth|tox\n|\n|-damage|p2a: Vigoroth|114/284 tox|[from] psn\n|upkeep\n|turn|33\n|\n|t:|1770525652\n|switch|p1a: Gliscor|Gliscor, L78, F|245/245\n|move|p2a: Vigoroth|Body Slam|p1a: Gliscor\n|-damage|p1a: Gliscor|173/245\n|-status|p1a: Gliscor|par\n|\n|-damage|p2a: Vigoroth|80/284 tox|[from] psn\n|upkeep\n|turn|34\n|\n|t:|1770525660\n|switch|p1a: Rotom|Rotom, L88|105/231\n|move|p2a: Vigoroth|Slack Off|p2a: Vigoroth\n|-heal|p2a: Vigoroth|222/284 tox\n|\n|-damage|p2a: Vigoroth|171/284 tox|[from] psn\n|upkeep\n|turn|35\n|\n|t:|1770525666\n|move|p1a: Rotom|Volt Switch|p2a: Vigoroth\n|-damage|p2a: Vigoroth|71/284 tox\n|\n|t:|1770525669\n|switch|p1a: Corsola|Corsola, L96, M|280/280|[from] Volt Switch\n|move|p2a: Vigoroth|Shadow Claw|p1a: Corsola\n|-damage|p1a: Corsola|244/280\n|\n|-damage|p2a: Vigoroth|3/284 tox|[from] psn\n|upkeep\n|turn|36\n|\n|t:|1770525676\n|move|p2a: Vigoroth|Body Slam|p1a: Corsola\n|-resisted|p1a: Corsola\n|-damage|p1a: Corsola|207/280\n|move|p1a: Corsola|Scald|p2a: Vigoroth\n|-damage|p2a: Vigoroth|0 fnt\n|faint|p2a: Vigoroth\n|\n|upkeep\n|\n|t:|1770525681\n|switch|p2a: Tornadus|Tornadus-Therian, L80, M|174/258\n|turn|37\n|\n|t:|1770525685\n|move|p2a: Tornadus|Hurricane|p1a: Corsola\n|-resisted|p1a: Corsola\n|-damage|p1a: Corsola|142/280\n|-damage|p2a: Tornadus|149/258|[from] item: Life Orb\n|move|p1a: Corsola|Power Gem|p2a: Tornadus\n|-supereffective|p2a: Tornadus\n|-damage|p2a: Tornadus|0 fnt\n|faint|p2a: Tornadus\n|\n|upkeep\n|\n|t:|1770525690\n|switch|p2a: Archeops|Archeops, L82, F|152/257 tox\n|turn|38\n|\n|t:|1770525696\n|switch|p1a: Mamoswine|Mamoswine, L79, M|168/303\n|move|p2a: Archeops|Earthquake|p1a: Mamoswine\n|-damage|p1a: Mamoswine|73/303\n|\n|-damage|p2a: Archeops|136/257 tox|[from] psn\n|upkeep\n|turn|39\n|\n|t:|1770525701\n|move|p1a: Mamoswine|Ice Shard|p2a: Archeops\n|-supereffective|p2a: Archeops\n|-damage|p2a: Archeops|0 fnt\n|faint|p2a: Archeops\n|-damage|p1a: Mamoswine|43/303|[from] item: Life Orb\n|\n|win|berserkpower\n|raw|berserkpower's rating: 1624 &rarr; <strong>1654</strong><br />(+30 for winning)\n|raw|bin2409's rating: 1823 &rarr; <strong>1793</strong><br />(-30 for losing)\n|l|☆bin2409\n|player|p2|\n", "inputlog": ">version ccdc32dd7cde25fd9e4bed64820e885f66e78a4e\n>start {\"formatid\":\"gen7randombattle\",\"seed\":\"sodium,764b74c7068e38b8d3f80b5152eafefb\",\"rated\":\"Rated battle\"}\n>player p1 {\"name\":\"berserkpower\",\"avatar\":\"lance\",\"rating\":1624,\"seed\":\"sodium,b3f6d3a8d3c81d81115668d8a6d7bcc7\"}\n>player p2 {\"name\":\"bin2409\",\"avatar\":\"lucas\",\"rating\":1823,\"seed\":\"sodium,bded4f898034481c17ba7e1802641f44\"}\n>p1 move psychic\n>p2 move firepunch\n>p2 switch 3\n>p1 switch 2\n>p2 move knockoff\n>p1 move toxic\n>p2 switch 4\n>p1 switch 6\n>p2 move nastyplot\n>p1 move airslash\n>p2 switch 5\n>p1 switch 6\n>p2 move stoneedge\n>p1 switch 5\n>p2 move earthquake\n>p1 move voltswitch\n>p2 switch 2\n>p1 switch 6\n>p1 move knockoff\n>p2 move bodyslam\n>p1 move toxic\n>p2 switch 2\n>p1 switch 5\n>p2 move stoneedge\n>p1 move recover\n>p2 move stoneedge\n>p1 move scald\n>p2 switch 5\n>p1 switch 5\n>p2 move psychic\n>p1 move airslash\n>p2 switch 5\n>p1 switch 5\n>p2 move roost\n>p1 move scald\n>p2 switch 6\n>p1 switch 2\n>p2 move thunderbolt\n>p1 switch 6\n>p1 move shadowball\n>p2 move energyball\n>p1 move shadowball\n>p2 switch 2\n>p1 switch 2\n>p2 move bodyslam\n>p1 move toxic\n>p2 move bodyslam\n>p1 switch 3\n>p2 move slackoff\n>p1 move stealthrock\n>p2 move bodyslam\n>p1 switch 3\n>p2 move bodyslam\n>p1 switch 2\n>p2 switch 4\n>p1 move voltswitch\n>p2 switch 2\n>p2 switch 5\n>p1 move voltswitch\n>p2 move psychic\n>p1 switch 5\n>p1 move knockoff\n>p2 move psychic\n>p2 switch 2\n>p1 switch 2\n>p2 move knockoff\n>p1 move scald\n>p2 move defog\n>p1 move toxic\n>p2 switch 4\n>p1 switch 4\n>p2 move bodyslam\n>p1 switch 5\n>p2 move slackoff\n>p1 move voltswitch\n>p2 move shadowclaw\n>p1 switch 4\n>p1 move scald\n>p2 move bodyslam\n>p2 switch 4\n>p1 move powergem\n>p2 move hurricane\n>p2 switch 6\n>p1 switch 3\n>p2 move earthquake\n>p1 move iceshard\n>p2 move acrobatics", "uploadtime": 1770525708, "views": 212, "formatid": "gen7randombattle", "rating": 1654, "private": 0, "password": null}