{"id": "gen7randombattle-2533355498", "format": "[Gen 7] Random Battle", "players": ["Bin2409", "superwooper96"], "log": "|j|☆Bin2409\n|j|☆superwooper96\n|t:|1770296873\n|gametype|singles\n|player|p1|Bin2409|lucas-gen4pt|1801\n|player|p2|superwooper96|ninjaboy|1782\n|gen|7\n|tier|[Gen 7] Random Battle\n|rated|\n|rule|Sleep Clause Mod: Limit one foe put to sleep\n|rule|HP Percentage Mod: HP is shown in percentages\n|rule|Illusion Level Mod: Illusion disguises the Pokémon's true level\n|\n|t:|1770296873\n|teamsize|p1|6\n|teamsize|p2|6\n|start\n|switch|p1a: Feraligatr|Feraligatr, L79, M|264/264\n|switch|p2a: Comfey|Comfey, L87, M|230/230\n|turn|1\n|\n|t:|1770296896\n|switch|p1a: Pachirisu|Pachirisu, L96, F|271/271\n|move|p2a: Comfey|Calm Mind|p2a: Comfey\n|-boost|p2a: Comfey|spa|1\n|-boost|p2a: Comfey|spd|1\n|\n|upkeep\n|turn|2\n|\n|t:|1770296903\n|switch|p2a: Camerupt|Camerupt, L88, F|266/266\n|move|p1a: Pachirisu|Toxic|p2a: Camerupt\n|-status|p2a: Camerupt|tox\n|\n|-damage|p2a: Camerupt|250/266 tox|[from] psn\n|upkeep\n|turn|3\n|\n|t:|1770296910\n|move|p1a: Pachirisu|U-turn|p2a: Camerupt\n|-resisted|p2a: Camerupt\n|-damage|p2a: Camerupt|228/266 tox\n|\n|t:|1770296915\n|switch|p1a: Slowking|Slowking, L89, F|314/314|[from] U-turn\n|move|p2a: Camerupt|Stealth Rock|p1a: Slowking\n|-sidestart|p1: Bin2409|move: Stealth Rock\n|\n|-damage|p2a: Camerupt|196/266 tox|[from] psn\n|upkeep\n|turn|4\n|\n|t:|1770296928\n|switch|p2a: Beedrill|Beedrill, L94, M|275/275\n|move|p1a: Slowking|Future Sight|p2a: Beedrill\n|-start|p1a: Slowking|move: Future Sight\n|\n|upkeep\n|turn|5\n|\n|t:|1770296945\n|move|p2a: Beedrill|Knock Off|p1a: Slowking\n|-supereffective|p1a: Slowking\n|-damage|p1a: Slowking|148/314\n|-enditem|p1a: Slowking|Assault Vest|[from] move: Knock Off|[of] p2a: Beedrill\n|move|p1a: Slowking|Psyshock|p2a: Beedrill\n|-supereffective|p2a: Beedrill\n|-damage|p2a: Beedrill|0 fnt\n|faint|p2a: Beedrill\n|\n|upkeep\n|\n|t:|1770296957\n|switch|p2a: Primeape|Primeape, L89, M|260/260\n|turn|6\n|\n|t:|1770296961\n|switch|p1a: Pachirisu|Pachirisu, L96, F|271/271\n|-damage|p1a: Pachirisu|238/271|[from] Stealth Rock\n|move|p2a: Primeape|U-turn|p1a: Pachirisu\n|-damage|p1a: Pachirisu|176/271\n|\n|t:|1770296965\n|switch|p2a: Glaceon|Glaceon, L90, M|263/263|[from] U-turn\n|\n|-end|p2a: Glaceon|move: Future Sight\n|-damage|p2a: Glaceon|128/263\n|-heal|p1a: Pachirisu|192/271|[from] item: Leftovers\n|-heal|p2a: Glaceon|144/263|[from] item: Leftovers\n|upkeep\n|turn|7\n|\n|t:|1770296974\n|move|p1a: Pachirisu|Nuzzle|p2a: Glaceon\n|-damage|p2a: Glaceon|129/263\n|-status|p2a: Glaceon|par\n|move|p2a: Glaceon|Ice Beam|p1a: Pachirisu\n|-damage|p1a: Pachirisu|77/271\n|\n|-heal|p1a: Pachirisu|93/271|[from] item: Leftovers\n|-heal|p2a: Glaceon|145/263 par|[from] item: Leftovers\n|upkeep\n|turn|8\n|\n|t:|1770296982\n|move|p1a: Pachirisu|Thunderbolt|p2a: Glaceon\n|-damage|p2a: Glaceon|76/263 par\n|cant|p2a: Glaceon|par\n|\n|-heal|p1a: Pachirisu|109/271|[from] item: Leftovers\n|-heal|p2a: Glaceon|92/263 par|[from] item: Leftovers\n|upkeep\n|turn|9\n|\n|t:|1770296987\n|move|p1a: Pachirisu|U-turn|p2a: Glaceon\n|-damage|p2a: Glaceon|62/263 par\n|\n|t:|1770296991\n|switch|p1a: Slowking|Slowking, L89, F|252/314|[from] U-turn\n|-damage|p1a: Slowking|213/314|[from] Stealth Rock\n|cant|p2a: Glaceon|par\n|\n|-heal|p2a: Glaceon|78/263 par|[from] item: Leftovers\n|upkeep\n|turn|10\n|\n|t:|1770296997\n|move|p1a: Slowking|Scald|p2a: Glaceon\n|-damage|p2a: Glaceon|0 fnt\n|faint|p2a: Glaceon\n|\n|upkeep\n|\n|t:|1770297010\n|switch|p2a: Comfey|Comfey, L87, M|230/230\n|turn|11\n|\n|t:|1770297020\n|switch|p1a: Pachirisu|Pachirisu, L96, F|109/271\n|-damage|p1a: Pachirisu|76/271|[from] Stealth Rock\n|move|p2a: Comfey|Calm Mind|p2a: Comfey\n|-boost|p2a: Comfey|spa|1\n|-boost|p2a: Comfey|spd|1\n|\n|-heal|p1a: Pachirisu|92/271|[from] item: Leftovers\n|upkeep\n|turn|12\n|\n|t:|1770297027\n|switch|p2a: Camerupt|Camerupt, L88, F|196/266 tox\n|move|p1a: Pachirisu|Toxic|p2a: Camerupt\n|-fail|p2a: Camerupt|tox\n|\n|-heal|p1a: Pachirisu|108/271|[from] item: Leftovers\n|-damage|p2a: Camerupt|180/266 tox|[from] psn\n|upkeep\n|turn|13\n|\n|t:|1770297032\n|detailschange|p2a: Camerupt|Camerupt-Mega, L88, F\n|-mega|p2a: Camerupt|Camerupt|Cameruptite\n|move|p1a: Pachirisu|U-turn|p2a: Camerupt\n|-resisted|p2a: Camerupt\n|-damage|p2a: Camerupt|165/266 tox\n|\n|t:|1770297036\n|switch|p1a: Slowking|Slowking, L89, F|314/314|[from] U-turn\n|-damage|p1a: Slowking|275/314|[from] Stealth Rock\n|move|p2a: Camerupt|Earth Power|p1a: Slowking\n|-damage|p1a: Slowking|124/314\n|\n|-damage|p2a: Camerupt|133/266 tox|[from] psn\n|upkeep\n|turn|14\n|\n|t:|1770297045\n|switch|p2a: Primeape|Primeape, L89, M|260/260\n|move|p1a: Slowking|Scald|p2a: Primeape\n|-damage|p2a: Primeape|148/260\n|-status|p2a: Primeape|brn\n|\n|-damage|p2a: Primeape|132/260 brn|[from] brn\n|upkeep\n|turn|15\n|\n|t:|1770297051\n|move|p2a: Primeape|Close Combat|p1a: Slowking\n|-resisted|p1a: Slowking\n|-damage|p1a: Slowking|89/314\n|-unboost|p2a: Primeape|def|1\n|-unboost|p2a: Primeape|spd|1\n|move|p1a: Slowking|Future Sight|p2a: Primeape\n|-start|p1a: Slowking|move: Future Sight\n|\n|-damage|p2a: Primeape|116/260 brn|[from] brn\n|upkeep\n|turn|16\n|\n|t:|1770297059\n|switch|p1a: Feraligatr|Feraligatr, L79, M|264/264\n|-damage|p1a: Feraligatr|231/264|[from] Stealth Rock\n|move|p2a: Primeape|Close Combat|p1a: Feraligatr\n|-damage|p1a: Feraligatr|160/264\n|-unboost|p2a: Primeape|def|1\n|-unboost|p2a: Primeape|spd|1\n|\n|-damage|p2a: Primeape|100/260 brn|[from] brn\n|upkeep\n|turn|17\n|\n|t:|1770297067\n|move|p2a: Primeape|Close Combat|p1a: Feraligatr\n|-damage|p1a: Feraligatr|89/264\n|-unboost|p2a: Primeape|def|1\n|-unboost|p2a: Primeape|spd|1\n|move|p1a: Feraligatr|Dragon Dance|p1a: Feraligatr\n|-boost|p1a: Feraligatr|atk|1\n|-boost|p1a: Feraligatr|spe|1\n|\n|-end|p2a: Primeape|move: Future Sight\n|-supereffective|p2a: Primeape\n|-damage|p2a: Primeape|0 fnt\n|faint|p2a: Primeape\n|upkeep\n|\n|t:|1770297071\n|switch|p2a: Comfey|Comfey, L87, M|230/230\n|turn|18\n|\n|t:|1770297075\n|move|p2a: Comfey|Giga Drain|p1a: Feraligatr\n|-supereffective|p1a: Feraligatr\n|-damage|p1a: Feraligatr|0 fnt\n|faint|p1a: Feraligatr\n|\n|upkeep\n|\n|t:|1770297078\n|switch|p1a: Pachirisu|Pachirisu, L96, F|108/271\n|-damage|p1a: Pachirisu|75/271|[from] Stealth Rock\n|turn|19\n|\n|t:|1770297086\n|switch|p2a: Camerupt|Camerupt-Mega, L88, F|133/266 tox\n|move|p1a: Pachirisu|U-turn|p2a: Camerupt\n|-resisted|p2a: Camerupt\n|-damage|p2a: Camerupt|116/266 tox\n|\n|t:|1770297088\n|switch|p1a: Slowking|Slowking, L89, F|193/314|[from] U-turn\n|-damage|p1a: Slowking|154/314|[from] Stealth Rock\n|\n|-damage|p2a: Camerupt|100/266 tox|[from] psn\n|upkeep\n|turn|20\n|\n|t:|1770297096\n|move|p1a: Slowking|Future Sight|p2a: Camerupt\n|-start|p1a: Slowking|move: Future Sight\n|move|p2a: Camerupt|Earth Power|p1a: Slowking\n|-damage|p1a: Slowking|10/314\n|\n|-damage|p2a: Camerupt|68/266 tox|[from] psn\n|upkeep\n|turn|21\n|\n|t:|1770297117\n|move|p1a: Slowking|Scald|p2a: Camerupt\n|-supereffective|p2a: Camerupt\n|-damage|p2a: Camerupt|0 fnt\n|faint|p2a: Camerupt\n|detailschange|p2: Camerupt|Camerupt, L88, F|[silent]\n|\n|upkeep\n|\n|t:|1770297119\n|switch|p2a: Comfey|Comfey, L87, M|230/230\n|turn|22\n|\n|t:|1770297124\n|switch|p1a: Volbeat|Volbeat, L91, M|266/266\n|-damage|p1a: Volbeat|200/266|[from] Stealth Rock\n|move|p2a: Comfey|Calm Mind|p2a: Comfey\n|-boost|p2a: Comfey|spa|1\n|-boost|p2a: Comfey|spd|1\n|\n|-end|p2a: Comfey|move: Future Sight\n|-damage|p2a: Comfey|148/230\n|-heal|p2a: Comfey|162/230|[from] item: Leftovers\n|-heal|p1a: Volbeat|216/266|[from] item: Leftovers\n|upkeep\n|turn|23\n|\n|t:|1770297136\n|move|p1a: Volbeat|Encore|p2a: Comfey\n|-start|p2a: Comfey|Encore\n|move|p2a: Comfey|Calm Mind|p2a: Comfey\n|-boost|p2a: Comfey|spa|1\n|-boost|p2a: Comfey|spd|1\n|\n|-heal|p2a: Comfey|176/230|[from] item: Leftovers\n|-heal|p1a: Volbeat|232/266|[from] item: Leftovers\n|upkeep\n|turn|24\n|\n|t:|1770297144\n|move|p1a: Volbeat|Thunder Wave|p2a: Comfey\n|-status|p2a: Comfey|par\n|cant|p2a: Comfey|par\n|\n|-heal|p1a: Volbeat|248/266|[from] item: Leftovers\n|-heal|p2a: Comfey|190/230 par|[from] item: Leftovers\n|upkeep\n|turn|25\n|\n|t:|1770297151\n|move|p1a: Volbeat|U-turn|p2a: Comfey\n|-resisted|p2a: Comfey\n|-damage|p2a: Comfey|157/230 par\n|\n|t:|1770297157\n|switch|p1a: Terrakion|Terrakion, L78|270/270|[from] U-turn\n|-damage|p1a: Terrakion|254/270|[from] Stealth Rock\n|move|p2a: Comfey|Calm Mind|p2a: Comfey\n|-boost|p2a: Comfey|spa|1\n|-boost|p2a: Comfey|spd|1\n|\n|-heal|p2a: Comfey|171/230 par|[from] item: Leftovers\n|-end|p2a: Comfey|Encore\n|upkeep\n|turn|26\n|\n|t:|1770297162\n|move|p2a: Comfey|Draining Kiss|p1a: Terrakion\n|-supereffective|p1a: Terrakion\n|-damage|p1a: Terrakion|0 fnt\n|-heal|p2a: Comfey|230/230 par|[from] drain|[of] p1a: Terrakion\n|faint|p1a: Terrakion\n|\n|upkeep\n|\n|t:|1770297165\n|switch|p1a: Volbeat|Volbeat, L91, M|248/266\n|-damage|p1a: Volbeat|182/266|[from] Stealth Rock\n|turn|27\n|\n|t:|1770297171\n|move|p2a: Comfey|Draining Kiss|p1a: Volbeat\n|-damage|p1a: Volbeat|59/266\n|move|p1a: Volbeat|Encore|p2a: Comfey\n|-start|p2a: Comfey|Encore\n|\n|-heal|p1a: Volbeat|75/266|[from] item: Leftovers\n|upkeep\n|turn|28\n|\n|t:|1770297174\n|move|p2a: Comfey|Draining Kiss|p1a: Volbeat\n|-damage|p1a: Volbeat|0 fnt\n|faint|p1a: Volbeat\n|\n|upkeep\n|\n|t:|1770297179\n|switch|p1a: Slowking|Slowking, L89, F|114/314\n|-damage|p1a: Slowking|75/314|[from] Stealth Rock\n|turn|29\n|\n|t:|1770297182\n|cant|p2a: Comfey|par\n|move|p1a: Slowking|Psyshock|p2a: Comfey\n|-damage|p2a: Comfey|137/230 par\n|\n|-heal|p2a: Comfey|151/230 par|[from] item: Leftovers\n|upkeep\n|turn|30\n|\n|t:|1770297184\n|move|p2a: Comfey|Draining Kiss|p1a: Slowking\n|-damage|p1a: Slowking|0 fnt\n|-heal|p2a: Comfey|207/230 par|[from] drain|[of] p1a: Slowking\n|faint|p1a: Slowking\n|\n|-heal|p2a: Comfey|221/230 par|[from] item: Leftovers\n|-end|p2a: Comfey|Encore\n|upkeep\n|\n|t:|1770297192\n|switch|p1a: Virizion|Virizion, L81|280/280\n|-damage|p1a: Virizion|263/280|[from] Stealth Rock\n|turn|31\n|\n|t:|1770297196\n|move|p2a: Comfey|Draining Kiss|p1a: Virizion\n|-supereffective|p1a: Virizion\n|-damage|p1a: Virizion|71/280\n|-heal|p2a: Comfey|230/230 par|[from] drain|[of] p1a: Virizion\n|move|p1a: Virizion|Leaf Blade|p2a: Comfey\n|-damage|p2a: Comfey|155/230 par\n|\n|-heal|p2a: Comfey|169/230 par|[from] item: Leftovers\n|upkeep\n|turn|32\n|\n|t:|1770297198\n|cant|p2a: Comfey|par\n|move|p1a: Virizion|Leaf Blade|p2a: Comfey\n|-crit|p2a: Comfey\n|-damage|p2a: Comfey|51/230 par\n|\n|-heal|p2a: Comfey|65/230 par|[from] item: Leftovers\n|upkeep\n|turn|33\n|\n|t:|1770297202\n|move|p2a: Comfey|Draining Kiss|p1a: Virizion\n|-supereffective|p1a: Virizion\n|-damage|p1a: Virizion|0 fnt\n|-heal|p2a: Comfey|118/230 par|[from] drain|[of] p1a: Virizion\n|faint|p1a: Virizion\n|\n|-heal|p2a: Comfey|132/230 par|[from] item: Leftovers\n|upkeep\n|\n|t:|1770297204\n|switch|p1a: Pachirisu|Pachirisu, L96, F|75/271\n|-damage|p1a: Pachirisu|42/271|[from] Stealth Rock\n|turn|34\n|\n|t:|1770297207\n|cant|p2a: Comfey|par\n|move|p1a: Pachirisu|Thunderbolt|p2a: Comfey\n|-damage|p2a: Comfey|108/230 par\n|\n|-heal|p1a: Pachirisu|58/271|[from] item: Leftovers\n|-heal|p2a: Comfey|122/230 par|[from] item: Leftovers\n|upkeep\n|turn|35\n|\n|t:|1770297209\n|cant|p2a: Comfey|par\n|move|p1a: Pachirisu|Thunderbolt|p2a: Comfey\n|-damage|p2a: Comfey|100/230 par\n|\n|-heal|p1a: Pachirisu|74/271|[from] item: Leftovers\n|-heal|p2a: Comfey|114/230 par|[from] item: Leftovers\n|upkeep\n|turn|36\n|\n|t:|1770297212\n|move|p2a: Comfey|Draining Kiss|p1a: Pachirisu\n|-damage|p1a: Pachirisu|0 fnt\n|-heal|p2a: Comfey|170/230 par|[from] drain|[of] p1a: Pachirisu\n|faint|p1a: Pachirisu\n|\n|win|superwooper96\n|raw|Bin2409's rating: 1801 &rarr; <strong>1780</strong><br />(-21 for losing)\n|raw|superwooper96's rating: 1782 &rarr; <strong>1803</strong><br />(+21 for winning)\n|l|☆Bin2409\n|player|p1|\n", "inputlog": ">version ccdc32dd7cde25fd9e4bed64820e885f66e78a4e\n>start {\"formatid\":\"gen7randombattle\",\"seed\":\"sodium,0c9641c919b8eed9eef2d0e25d4265c7\",\"rated\":\"Rated battle\"}\n>player p1 {\"name\":\"Bin2409\",\"avatar\":\"lucas-gen4pt\",\"rating\":1801,\"seed\":\"sodium,1d0d7fd1a57cc8d127e17092c00fdec3\"}\n>player p2 {\"name\":\"superwooper96\",\"avatar\":\"ninjaboy\",\"rating\":1782,\"seed\":\"sodium,d3318adfce8332a6f9f04b9e42663740\"}\n>p1 switch 3\n>p2 move calmmind\n>p1 move toxic\n>p2 switch 4\n>p1 move uturn\n>p2 move stealthrock\n>p1 switch 2\n>p1 move futuresight\n>p2 switch 3\n>p1 move psyshock\n>p2 move knockoff\n>p2 switch 2\n>p1 switch 2\n>p2 move uturn\n>p2 switch 6\n>p1 move nuzzle\n>p2 move icebeam\n>p1 move thunderbolt\n>p2 move wish\n>p1 move uturn\n>p2 move icebeam\n>p1 switch 2\n>p1 move scald\n>p2 move wish\n>p2 switch 4\n>p1 switch 2\n>p2 move calmmind\n>p1 move toxic\n>p2 switch 3\n>p1 move uturn\n>p2 move earthpower mega\n>p1 switch 2\n>p1 move scald\n>p2 switch 6\n>p1 move futuresight\n>p2 move closecombat\n>p1 switch 3\n>p2 move closecombat\n>p1 move dragondance\n>p2 move closecombat\n>p2 switch 3\n>p1 move liquidation\n>p2 move gigadrain\n>p1 switch 2\n>p1 move uturn\n>p2 switch 6\n>p1 switch 3\n>p1 move futuresight\n>p2 move earthpower\n>p1 move scald\n>p2 move earthpower\n>p2 switch 6\n>p1 switch 6\n>p2 move calmmind\n>p1 move encore\n>p2 move calmmind\n>p1 move thunderwave\n>p2 move calmmind\n>p1 move uturn\n>p2 move calmmind\n>p1 switch 4\n>p1 move stoneedge\n>p2 move drainingkiss\n>p1 switch 4\n>p1 move encore\n>p2 move drainingkiss\n>p1 move roost\n>p2 move drainingkiss\n>p1 switch 6\n>p1 move psyshock\n>p2 move drainingkiss\n>p1 move psyshock\n>p2 move drainingkiss\n>p1 switch 5\n>p1 move leafblade\n>p2 move drainingkiss\n>p1 move leafblade\n>p2 move drainingkiss\n>p1 move leafblade\n>p2 move drainingkiss\n>p1 switch 3\n>p1 move thunderbolt\n>p2 move drainingkiss\n>p1 move thunderbolt\n>p2 move drainingkiss\n>p1 move thunderbolt\n>p2 move drainingkiss", "uploadtime": 1770297223, "views": 156, "formatid": "gen7randombattle", "rating": 1780, "private": 0, "password": null}