{"id": "gen7randombattle-2529989268", "format": "[Gen 7] Random Battle", "players": ["q6227409q", "aurora ltd"], "log": "|j|☆q6227409q\n|j|☆aurora ltd\n|t:|1769859602\n|gametype|singles\n|player|p1|q6227409q|170|1557\n|player|p2|aurora ltd|silver-gen2kanto|1593\n|gen|7\n|tier|[Gen 7] Random Battle\n|rated|\n|rule|Sleep Clause Mod: Limit one foe put to sleep\n|rule|HP Percentage Mod: HP is shown in percentages\n|rule|Illusion Level Mod: Illusion disguises the Pokémon's true level\n|\n|t:|1769859602\n|teamsize|p1|6\n|teamsize|p2|6\n|start\n|switch|p1a: Moltres|Moltres, L82|281/281\n|switch|p2a: Beheeyem|Beheeyem, L93, M|290/290\n|turn|1\n|\n|t:|1769859623\n|move|p1a: Moltres|U-turn|p2a: Beheeyem\n|-supereffective|p2a: Beheeyem\n|-damage|p2a: Beheeyem|188/290\n|\n|t:|1769859631\n|switch|p1a: Chansey|Chansey, L85, F|564/564|[from] U-turn\n|move|p2a: Beheeyem|Trick Room|p2a: Beheeyem\n|-fieldstart|move: Trick Room|[of] p2a: Beheeyem\n|\n|upkeep\n|turn|2\n|inactive|Battle timer is ON: inactive players will automatically lose when time's up. (requested by q6227409q)\n|\n|t:|1769859641\n|switch|p2a: Altaria|Altaria, L79, M|248/248\n|move|p1a: Chansey|Toxic|p2a: Altaria\n|-status|p2a: Altaria|tox\n|\n|-damage|p2a: Altaria|233/248 tox|[from] psn\n|upkeep\n|turn|3\n|\n|t:|1769859649\n|move|p1a: Chansey|Seismic Toss|p2a: Altaria\n|-damage|p2a: Altaria|148/248 tox\n|move|p2a: Altaria|Earthquake|p1a: Chansey\n|-damage|p1a: Chansey|459/564\n|\n|-damage|p2a: Altaria|118/248 tox|[from] psn\n|upkeep\n|turn|4\n|\n|t:|1769859661\n|move|p1a: Chansey|Seismic Toss|p2a: Altaria\n|-damage|p2a: Altaria|33/248 tox\n|move|p2a: Altaria|Roost|p2a: Altaria\n|-heal|p2a: Altaria|157/248 tox\n|-singleturn|p2a: Altaria|move: Roost\n|\n|-damage|p2a: Altaria|112/248 tox|[from] psn\n|upkeep\n|turn|5\n|\n|t:|1769859678\n|move|p1a: Chansey|Seismic Toss|p2a: Altaria\n|-damage|p2a: Altaria|27/248 tox\n|move|p2a: Altaria|Return|p1a: Chansey\n|-damage|p1a: Chansey|351/564\n|\n|-damage|p2a: Altaria|0 fnt|[from] psn\n|faint|p2a: Altaria\n|-fieldend|move: Trick Room\n|upkeep\n|inactive|aurora ltd has 120 seconds left.\n|\n|t:|1769859700\n|switch|p2a: Ninjask|Ninjask, L88, F|251/251\n|turn|6\n|inactive|aurora ltd has 120 seconds left.\n|\n|t:|1769859715\n|switch|p1a: Moltres|Moltres, L82|281/281\n|move|p2a: Ninjask|Leech Life|p1a: Moltres\n|-resisted|p1a: Moltres\n|-damage|p1a: Moltres|251/281\n|\n|-heal|p1a: Moltres|268/281|[from] item: Leftovers\n|upkeep\n|turn|7\n|inactive|aurora ltd has 120 seconds left.\n|\n|t:|1769859726\n|switch|p2a: Beheeyem|Beheeyem, L93, M|188/290\n|move|p1a: Moltres|Hurricane|p2a: Beheeyem|[miss]\n|-miss|p1a: Moltres|p2a: Beheeyem\n|\n|-heal|p1a: Moltres|281/281|[from] item: Leftovers\n|upkeep\n|turn|8\n|\n|t:|1769859733\n|move|p1a: Moltres|U-turn|p2a: Beheeyem\n|-supereffective|p2a: Beheeyem\n|-damage|p2a: Beheeyem|98/290\n|\n|t:|1769859736\n|switch|p1a: Chansey|Chansey, L85, F|351/564|[from] U-turn\n|move|p2a: Beheeyem|Thunderbolt|p1a: Chansey\n|-damage|p1a: Chansey|260/564\n|-damage|p2a: Beheeyem|69/290|[from] item: Life Orb\n|\n|upkeep\n|turn|9\n|\n|t:|1769859747\n|move|p1a: Chansey|Soft-Boiled|p1a: Chansey\n|-heal|p1a: Chansey|542/564\n|move|p2a: Beheeyem|Psychic|p1a: Chansey\n|-damage|p1a: Chansey|406/564\n|-damage|p2a: Beheeyem|40/290|[from] item: Life Orb\n|\n|upkeep\n|turn|10\n|\n|t:|1769859754\n|move|p1a: Chansey|Seismic Toss|p2a: Beheeyem\n|-damage|p2a: Beheeyem|0 fnt\n|faint|p2a: Beheeyem\n|\n|upkeep\n|\n|t:|1769859759\n|switch|p2a: Ninjask|Ninjask, L88, F|251/251\n|turn|11\n|\n|t:|1769859763\n|switch|p1a: Moltres|Moltres, L82|281/281\n|move|p2a: Ninjask|Aerial Ace|p1a: Moltres\n|-crit|p1a: Moltres\n|-damage|p1a: Moltres|130/281\n|-status|p2a: Ninjask|brn|[from] ability: Flame Body|[of] p1a: Moltres\n|\n|-heal|p1a: Moltres|147/281|[from] item: Leftovers\n|-damage|p2a: Ninjask|236/251 brn|[from] brn\n|upkeep\n|turn|12\n|\n|t:|1769859773\n|move|p2a: Ninjask|Aerial Ace|p1a: Moltres\n|-damage|p1a: Moltres|94/281\n|move|p1a: Moltres|Roost|p1a: Moltres\n|-heal|p1a: Moltres|235/281\n|-singleturn|p1a: Moltres|move: Roost\n|\n|-heal|p1a: Moltres|252/281|[from] item: Leftovers\n|-damage|p2a: Ninjask|221/251 brn|[from] brn\n|upkeep\n|turn|13\n|\n|t:|1769859782\n|move|p2a: Ninjask|Aerial Ace|p1a: Moltres\n|-damage|p1a: Moltres|206/281\n|move|p1a: Moltres|Fire Blast|p2a: Ninjask\n|-supereffective|p2a: Ninjask\n|-damage|p2a: Ninjask|0 fnt\n|faint|p2a: Ninjask\n|\n|-heal|p1a: Moltres|223/281|[from] item: Leftovers\n|upkeep\n|\n|t:|1769859795\n|switch|p2a: Musharna|Musharna, L89, F|351/351\n|turn|14\n|\n|t:|1769859800\n|move|p1a: Moltres|U-turn|p2a: Musharna\n|-supereffective|p2a: Musharna\n|-damage|p2a: Musharna|249/351\n|-damage|p1a: Moltres|177/281|[from] item: Rocky Helmet|[of] p2a: Musharna\n|\n|t:|1769859805\n|switch|p1a: Chansey|Chansey, L85, F|406/564|[from] U-turn\n|move|p2a: Musharna|Thunder Wave|p1a: Chansey\n|-status|p1a: Chansey|par\n|\n|upkeep\n|turn|15\n|\n|t:|1769859824\n|switch|p2a: Persian|Persian, L93, M|272/272\n|move|p1a: Chansey|Toxic|p2a: Persian\n|-status|p2a: Persian|tox\n|\n|-damage|p2a: Persian|255/272 tox|[from] psn\n|upkeep\n|turn|16\n|\n|t:|1769859833\n|-curestatus|p1a: Chansey|par|[from] ability: Natural Cure\n|switch|p1a: Moltres|Moltres, L82|177/281\n|move|p2a: Persian|Fake Out|p1a: Moltres\n|-crit|p1a: Moltres\n|-damage|p1a: Moltres|71/281\n|\n|-heal|p1a: Moltres|88/281|[from] item: Leftovers\n|-damage|p2a: Persian|221/272 tox|[from] psn\n|upkeep\n|turn|17\n|\n|t:|1769859845\n|move|p2a: Persian|Return|p1a: Moltres\n|-damage|p1a: Moltres|0 fnt\n|faint|p1a: Moltres\n|\n|-damage|p2a: Persian|170/272 tox|[from] psn\n|upkeep\n|\n|t:|1769859852\n|switch|p1a: Pheromosa|Pheromosa, L75|229/229\n|turn|18\n|\n|t:|1769859860\n|switch|p2a: Musharna|Musharna, L89, F|249/351\n|move|p1a: Pheromosa|U-turn|p2a: Musharna\n|-supereffective|p2a: Musharna\n|-damage|p2a: Musharna|69/351\n|-damage|p1a: Pheromosa|191/229|[from] item: Rocky Helmet|[of] p2a: Musharna\n|\n|t:|1769859866\n|switch|p1a: Chansey|Chansey, L85, F|406/564|[from] U-turn\n|\n|upkeep\n|turn|19\n|\n|t:|1769859871\n|move|p1a: Chansey|Seismic Toss|p2a: Musharna\n|-damage|p2a: Musharna|0 fnt\n|-damage|p1a: Chansey|312/564|[from] item: Rocky Helmet|[of] p2a: Musharna\n|faint|p2a: Musharna\n|\n|upkeep\n|\n|t:|1769859878\n|switch|p2a: Persian|Persian, L93, M|170/272 tox\n|turn|20\n|\n|t:|1769859883\n|switch|p1a: Rotom|Rotom-Wash, L83|219/219\n|move|p2a: Persian|Fake Out|p1a: Rotom\n|-damage|p1a: Rotom|150/219\n|\n|-heal|p1a: Rotom|163/219|[from] item: Leftovers\n|-damage|p2a: Persian|153/272 tox|[from] psn\n|upkeep\n|turn|21\n|\n|t:|1769859894\n|move|p2a: Persian|Return|p1a: Rotom\n|-damage|p1a: Rotom|57/219\n|move|p1a: Rotom|Thunderbolt|p2a: Persian\n|-damage|p2a: Persian|33/272 tox\n|\n|-heal|p1a: Rotom|70/219|[from] item: Leftovers\n|-damage|p2a: Persian|0 fnt|[from] psn\n|faint|p2a: Persian\n|upkeep\n|\n|t:|1769859903\n|switch|p2a: Pyroar|Pyroar, L88, F|295/295\n|-ability|p2a: Pyroar|Unnerve\n|turn|22\n|\n|t:|1769859908\n|move|p2a: Pyroar|Hyper Voice|p1a: Rotom\n|-damage|p1a: Rotom|0 fnt\n|faint|p1a: Rotom\n|-damage|p2a: Pyroar|266/295|[from] item: Life Orb\n|\n|upkeep\n|\n|t:|1769859913\n|switch|p1a: Pheromosa|Pheromosa, L75|191/229\n|turn|23\n|\n|t:|1769859917\n|move|p1a: Pheromosa|High Jump Kick|p2a: Pyroar\n|-supereffective|p2a: Pyroar\n|-damage|p2a: Pyroar|0 fnt\n|faint|p2a: Pyroar\n|\n|win|q6227409q\n|raw|q6227409q's rating: 1557 &rarr; <strong>1579</strong><br />(+22 for winning)\n|raw|aurora ltd's rating: 1593 &rarr; <strong>1571</strong><br />(-22 for losing)\n", "inputlog": ">version b99ff0165a6231f17e8b78c2a78d1998375de664\n>start {\"formatid\":\"gen7randombattle\",\"seed\":\"sodium,0a3ae3de812b7bf4f15dcf046f5808ee\",\"rated\":\"Rated battle\"}\n>player p1 {\"name\":\"q6227409q\",\"avatar\":\"170\",\"rating\":1557,\"seed\":\"sodium,65d76a0dce94d6e599b308edaf63da4e\"}\n>player p2 {\"name\":\"aurora ltd\",\"avatar\":\"silver-gen2kanto\",\"rating\":1593,\"seed\":\"sodium,39ef0547dcf4f5f9acdd8c6c92e7d658\"}\n>p1 move uturn\n>p2 move trickroom\n>p1 switch 3\n>p1 move toxic\n>p2 switch 3\n>p1 move seismictoss\n>p2 move earthquake\n>p1 move seismictoss\n>p2 move roost\n>p1 move seismictoss\n>p2 move return\n>p2 switch 4\n>p1 switch 3\n>p2 move leechlife\n>p1 move hurricane\n>p2 switch 3\n>p1 move uturn\n>p2 move thunderbolt\n>p1 switch 3\n>p1 move softboiled\n>p2 move psychic\n>p1 move seismictoss\n>p2 move psychic\n>p2 switch 3\n>p1 switch 3\n>p2 move aerialace\n>p1 move roost\n>p2 move aerialace\n>p1 move fireblast\n>p2 move aerialace\n>p2 switch 2\n>p1 move uturn\n>p2 move thunderwave\n>p1 switch 3\n>p1 move toxic\n>p2 switch 5\n>p1 switch 3\n>p2 move fakeout\n>p1 move roost\n>p2 move return\n>p1 switch 4\n>p1 move uturn\n>p2 switch 5\n>p1 switch 3\n>p1 move seismictoss\n>p2 move thunderwave\n>p2 switch 5\n>p1 switch 6\n>p2 move fakeout\n>p1 move thunderbolt\n>p2 move return\n>p2 switch 6\n>p1 move hydropump\n>p2 move hypervoice\n>p1 switch 3\n>p1 move highjumpkick\n>p2 move fireblast", "uploadtime": 1769859923, "views": 176, "formatid": "gen7randombattle", "rating": 1571, "private": 0, "password": null}