{"id": "gen7randombattle-2532775547", "format": "[Gen 7] Random Battle", "players": ["Donutmufns", "sappy_10"], "log": "|j|☆Donutmufns\n|j|☆sappy_10\n|t:|1770223386\n|gametype|singles\n|player|p1|Donutmufns|acetrainercouple|1566\n|player|p2|sappy_10|dragontamer|1485\n|gen|7\n|tier|[Gen 7] Random Battle\n|rated|\n|rule|Sleep Clause Mod: Limit one foe put to sleep\n|rule|HP Percentage Mod: HP is shown in percentages\n|rule|Illusion Level Mod: Illusion disguises the Pokémon's true level\n|\n|t:|1770223386\n|teamsize|p1|6\n|teamsize|p2|6\n|start\n|switch|p1a: Crobat|Crobat, L82, F|274/274\n|switch|p2a: Shiftry|Shiftry, L90, M|308/308\n|turn|1\n|\n|t:|1770223418\n|switch|p2a: Hitmontop|Hitmontop, L90, M|236/236\n|-ability|p2a: Hitmontop|Intimidate|boost\n|-unboost|p1a: Crobat|atk|1\n|move|p1a: Crobat|U-turn|p2a: Hitmontop\n|-resisted|p2a: Hitmontop\n|-damage|p2a: Hitmontop|224/236\n|inactive|Battle timer is ON: inactive players will automatically lose when time's up. (requested by sappy_10)\n|\n|t:|1770223458\n|switch|p1a: Arceus|Arceus-Ghost, L72|292/292|[from] U-turn\n|\n|-heal|p2a: Hitmontop|236/236|[from] item: Leftovers\n|upkeep\n|turn|2\n|\n|t:|1770223480\n|move|p1a: Arceus|Swords Dance|p1a: Arceus\n|-boost|p1a: Arceus|atk|2\n|move|p2a: Hitmontop|Toxic|p1a: Arceus\n|-status|p1a: Arceus|tox\n|\n|-damage|p1a: Arceus|274/292 tox|[from] psn\n|upkeep\n|turn|3\n|\n|t:|1770223493\n|move|p1a: Arceus|Extreme Speed|p2a: Hitmontop\n|-damage|p2a: Hitmontop|156/236\n|move|p2a: Hitmontop|Earthquake|p1a: Arceus\n|-damage|p1a: Arceus|198/292 tox\n|\n|-heal|p2a: Hitmontop|170/236|[from] item: Leftovers\n|-damage|p1a: Arceus|162/292 tox|[from] psn\n|upkeep\n|turn|4\n|\n|t:|1770223505\n|switch|p1a: Crobat|Crobat, L82, F|274/274\n|switch|p2a: Chandelure|Chandelure, L84, M|238/238\n|\n|upkeep\n|turn|5\n|\n|t:|1770223530\n|move|p1a: Crobat|Taunt|p2a: Chandelure\n|-start|p2a: Chandelure|move: Taunt\n|move|p2a: Chandelure|Fire Blast|p1a: Crobat\n|-crit|p1a: Crobat\n|-damage|p1a: Crobat|4/274\n|\n|-heal|p1a: Crobat|21/274|[from] item: Black Sludge\n|upkeep\n|turn|6\n|\n|t:|1770223540\n|switch|p1a: Poliwrath|Poliwrath, L91, M|312/312\n|move|p2a: Chandelure|Shadow Ball|p1a: Poliwrath\n|-crit|p1a: Poliwrath\n|-damage|p1a: Poliwrath|143/312\n|\n|upkeep\n|turn|7\n|\n|t:|1770223546\n|move|p2a: Chandelure|Shadow Ball|p1a: Poliwrath\n|-damage|p1a: Poliwrath|37/312\n|move|p1a: Poliwrath|Rain Dance|p1a: Poliwrath\n|-weather|RainDance\n|\n|-weather|RainDance|[upkeep]\n|-end|p2a: Chandelure|move: Taunt\n|upkeep\n|turn|8\n|\n|t:|1770223556\n|switch|p2a: Shiftry|Shiftry, L90, M|308/308\n|move|p1a: Poliwrath|Waterfall|p2a: Shiftry\n|-resisted|p2a: Shiftry\n|-damage|p2a: Shiftry|199/308\n|-damage|p1a: Poliwrath|6/312|[from] item: Life Orb\n|\n|-weather|RainDance|[upkeep]\n|upkeep\n|turn|9\n|\n|t:|1770223562\n|move|p2a: Shiftry|Sucker Punch|p1a: Poliwrath\n|-resisted|p1a: Poliwrath\n|-damage|p1a: Poliwrath|0 fnt\n|faint|p1a: Poliwrath\n|-damage|p2a: Shiftry|169/308|[from] item: Life Orb\n|\n|-weather|RainDance|[upkeep]\n|upkeep\n|\n|t:|1770223572\n|switch|p1a: Buzzwole|Buzzwole, L79|299/299\n|turn|10\n|\n|t:|1770223602\n|switch|p2a: Hitmontop|Hitmontop, L90, M|170/236\n|-ability|p2a: Hitmontop|Intimidate|boost\n|-unboost|p1a: Buzzwole|atk|1\n|move|p1a: Buzzwole|Bulk Up|p1a: Buzzwole\n|-boost|p1a: Buzzwole|atk|1\n|-boost|p1a: Buzzwole|def|1\n|\n|-weather|RainDance|[upkeep]\n|-heal|p2a: Hitmontop|184/236|[from] item: Leftovers\n|upkeep\n|turn|11\n|\n|t:|1770223611\n|move|p2a: Hitmontop|Toxic|p1a: Buzzwole\n|-status|p1a: Buzzwole|tox\n|move|p1a: Buzzwole|Bulk Up|p1a: Buzzwole\n|-boost|p1a: Buzzwole|atk|1\n|-boost|p1a: Buzzwole|def|1\n|\n|-weather|none\n|-heal|p2a: Hitmontop|198/236|[from] item: Leftovers\n|-damage|p1a: Buzzwole|281/299 tox|[from] psn\n|upkeep\n|turn|12\n|\n|t:|1770223622\n|move|p2a: Hitmontop|Earthquake|p1a: Buzzwole\n|-resisted|p1a: Buzzwole\n|-damage|p1a: Buzzwole|266/299 tox\n|move|p1a: Buzzwole|Drain Punch|p2a: Hitmontop\n|-damage|p2a: Hitmontop|78/236\n|-heal|p1a: Buzzwole|299/299 tox|[from] drain|[of] p2a: Hitmontop\n|\n|-heal|p2a: Hitmontop|92/236|[from] item: Leftovers\n|-damage|p1a: Buzzwole|263/299 tox|[from] psn\n|upkeep\n|turn|13\n|\n|t:|1770223635\n|switch|p2a: Chandelure|Chandelure, L84, M|238/238\n|move|p1a: Buzzwole|Stone Edge|p2a: Chandelure\n|-supereffective|p2a: Chandelure\n|-damage|p2a: Chandelure|8/238\n|\n|-heal|p2a: Chandelure|22/238|[from] item: Leftovers\n|-heal|p1a: Buzzwole|281/299 tox|[from] item: Leftovers\n|-damage|p1a: Buzzwole|227/299 tox|[from] psn\n|upkeep\n|turn|14\n|\n|t:|1770223642\n|move|p2a: Chandelure|Fire Blast|p1a: Buzzwole\n|-supereffective|p1a: Buzzwole\n|-damage|p1a: Buzzwole|0 fnt\n|faint|p1a: Buzzwole\n|\n|-heal|p2a: Chandelure|36/238|[from] item: Leftovers\n|upkeep\n|\n|t:|1770223646\n|switch|p1a: Crobat|Crobat, L82, F|21/274\n|turn|15\n|\n|t:|1770223660\n|switch|p2a: Hitmontop|Hitmontop, L90, M|92/236\n|-ability|p2a: Hitmontop|Intimidate|boost\n|-unboost|p1a: Crobat|atk|1\n|move|p1a: Crobat|Brave Bird|p2a: Hitmontop\n|-supereffective|p2a: Hitmontop\n|-damage|p2a: Hitmontop|0 fnt\n|faint|p2a: Hitmontop\n|-damage|p1a: Crobat|0 fnt|[from] Recoil\n|faint|p1a: Crobat\n|\n|upkeep\n|\n|t:|1770223671\n|switch|p1a: Silvally|Silvally-Dragon, L87|307/307\n|switch|p2a: Shiftry|Shiftry, L90, M|169/308\n|turn|16\n|\n|t:|1770223680\n|move|p1a: Silvally|Flame Charge|p2a: Shiftry\n|-supereffective|p2a: Shiftry\n|-crit|p2a: Shiftry\n|-damage|p2a: Shiftry|41/308\n|-boost|p1a: Silvally|spe|1\n|move|p2a: Shiftry|Swords Dance|p2a: Shiftry\n|-boost|p2a: Shiftry|atk|2\n|\n|upkeep\n|turn|17\n|\n|t:|1770223687\n|move|p2a: Shiftry|Sucker Punch|p1a: Silvally\n|-damage|p1a: Silvally|115/307\n|-damage|p2a: Shiftry|11/308|[from] item: Life Orb\n|move|p1a: Silvally|Flame Charge|p2a: Shiftry\n|-supereffective|p2a: Shiftry\n|-damage|p2a: Shiftry|0 fnt\n|-boost|p1a: Silvally|spe|1\n|faint|p2a: Shiftry\n|\n|upkeep\n|\n|t:|1770223700\n|switch|p2a: Lopunny|Lopunny, L77, M|227/227\n|turn|18\n|inactive|Donutmufns has 120 seconds left.\n|\n|t:|1770223740\n|detailschange|p2a: Lopunny|Lopunny-Mega, L77, M\n|-mega|p2a: Lopunny|Lopunny|Lopunnite\n|move|p1a: Silvally|Outrage|p2a: Lopunny\n|-damage|p2a: Lopunny|88/227\n|move|p2a: Lopunny|Power-Up Punch|p1a: Silvally\n|-damage|p1a: Silvally|75/307\n|-boost|p2a: Lopunny|atk|1\n|\n|upkeep\n|turn|19\n|inactive|Donutmufns has 120 seconds left.\n|inactive|sappy_10 has 120 seconds left.\n|l|☆Donutmufns\n|inactive|Donutmufns disconnected and has a minute to reconnect!\n|player|p1|\n|j|☆Donutmufns\n|inactive|Donutmufns reconnected.\n|player|p1|Donutmufns|acetrainercouple|\n|inactive|sappy_10 has 90 seconds left.\n|\n|t:|1770223820\n|move|p1a: Silvally|Outrage|p2a: Lopunny|[from] lockedmove\n|-damage|p2a: Lopunny|0 fnt\n|faint|p2a: Lopunny\n|detailschange|p2: Lopunny|Lopunny, L77, M|[silent]\n|\n|upkeep\n|\n|t:|1770223834\n|switch|p2a: Togekiss|Togekiss, L81, M|270/270\n|turn|20\n|\n|t:|1770223840\n|move|p1a: Silvally|Outrage|p2a: Togekiss|[from] lockedmove\n|-immune|p2a: Togekiss\n|-start|p1a: Silvally|confusion|[fatigue]\n|move|p2a: Togekiss|Thunder Wave|p1a: Silvally|[miss]\n|-miss|p2a: Togekiss|p1a: Silvally\n|\n|upkeep\n|turn|21\n|\n|t:|1770223846\n|-activate|p1a: Silvally|confusion\n|move|p1a: Silvally|Iron Head|p2a: Togekiss\n|-supereffective|p2a: Togekiss\n|-damage|p2a: Togekiss|148/270\n|move|p2a: Togekiss|Thunder Wave|p1a: Silvally\n|-status|p1a: Silvally|par\n|\n|-heal|p2a: Togekiss|164/270|[from] item: Leftovers\n|upkeep\n|turn|22\n|c|☆sappy_10|soab\n|\n|t:|1770223853\n|-end|p1a: Silvally|confusion\n|move|p1a: Silvally|Iron Head|p2a: Togekiss\n|-supereffective|p2a: Togekiss\n|-damage|p2a: Togekiss|56/270\n|move|p2a: Togekiss|Air Slash|p1a: Silvally\n|-damage|p1a: Silvally|0 fnt\n|faint|p1a: Silvally\n|\n|-heal|p2a: Togekiss|72/270|[from] item: Leftovers\n|upkeep\n|\n|t:|1770223862\n|switch|p1a: Arceus|Arceus-Ghost, L72|162/292 tox\n|turn|23\n|\n|t:|1770223868\n|move|p1a: Arceus|Extreme Speed|p2a: Togekiss\n|-damage|p2a: Togekiss|19/270\n|move|p2a: Togekiss|Roost|p2a: Togekiss\n|-heal|p2a: Togekiss|154/270\n|-singleturn|p2a: Togekiss|move: Roost\n|\n|-heal|p2a: Togekiss|170/270|[from] item: Leftovers\n|-damage|p1a: Arceus|144/292 tox|[from] psn\n|upkeep\n|turn|24\n|\n|t:|1770223874\n|move|p1a: Arceus|Swords Dance|p1a: Arceus\n|-boost|p1a: Arceus|atk|2\n|move|p2a: Togekiss|Roost|p2a: Togekiss\n|-heal|p2a: Togekiss|270/270\n|-singleturn|p2a: Togekiss|move: Roost\n|\n|-damage|p1a: Arceus|108/292 tox|[from] psn\n|upkeep\n|turn|25\n|\n|t:|1770223879\n|-zpower|p1a: Arceus\n|move|p1a: Arceus|Never-Ending Nightmare|p2a: Togekiss|[zeffect]\n|-damage|p2a: Togekiss|0 fnt\n|faint|p2a: Togekiss\n|\n|-damage|p1a: Arceus|54/292 tox|[from] psn\n|upkeep\n|\n|t:|1770223885\n|switch|p2a: Chandelure|Chandelure, L84, M|36/238\n|turn|26\n|\n|t:|1770223892\n|move|p1a: Arceus|Shadow Force||[still]\n|-prepare|p1a: Arceus|Shadow Force\n|move|p2a: Chandelure|Shadow Ball|p1a: Arceus|[miss]\n|-miss|p2a: Chandelure|p1a: Arceus\n|\n|-heal|p2a: Chandelure|50/238|[from] item: Leftovers\n|-damage|p1a: Arceus|0 fnt|[from] psn\n|faint|p1a: Arceus\n|upkeep\n|\n|t:|1770223897\n|switch|p1a: Gourgeist|Gourgeist-Large, L91, F|284/284\n|-item|p2a: Chandelure|Leftovers|[from] ability: Frisk|[of] p1a: Gourgeist\n|turn|27\n|\n|t:|1770223901\n|move|p1a: Gourgeist|Shadow Sneak|p2a: Chandelure\n|-supereffective|p2a: Chandelure\n|-damage|p2a: Chandelure|0 fnt\n|faint|p2a: Chandelure\n|\n|upkeep\n|\n|t:|1770223904\n|switch|p2a: Typhlosion|Typhlosion, L85, F|270/270\n|turn|28\n|\n|t:|1770223913\n|move|p1a: Gourgeist|Shadow Sneak|p2a: Typhlosion\n|-damage|p2a: Typhlosion|216/270\n|move|p2a: Typhlosion|Fire Blast|p1a: Gourgeist\n|-supereffective|p1a: Gourgeist\n|-damage|p1a: Gourgeist|0 fnt\n|faint|p1a: Gourgeist\n|\n|win|sappy_10\n|raw|Donutmufns's rating: 1566 &rarr; <strong>1541</strong><br />(-25 for losing)\n|raw|sappy_10's rating: 1485 &rarr; <strong>1510</strong><br />(+25 for winning)\n|l|☆Donutmufns\n|player|p1|\n", "inputlog": ">version ccdc32dd7cde25fd9e4bed64820e885f66e78a4e\n>start {\"formatid\":\"gen7randombattle\",\"seed\":\"sodium,9110dbdad74a6292edc0a847325256d3\",\"rated\":\"Rated battle\"}\n>player p1 {\"name\":\"Donutmufns\",\"avatar\":\"acetrainercouple\",\"rating\":1566,\"seed\":\"sodium,4298a4dc8ef72a5f2516946c7e098e46\"}\n>player p2 {\"name\":\"sappy_10\",\"avatar\":\"dragontamer\",\"rating\":1485,\"seed\":\"sodium,cdfdf78b019ee91bc317368c4478c76d\"}\n>p1 move uturn\n>p2 switch 3\n>p1 switch 6\n>p1 move swordsdance\n>p2 move toxic\n>p1 move extremespeed\n>p2 move earthquake\n>p1 switch 6\n>p2 switch 6\n>p1 move taunt\n>p2 move fireblast\n>p1 switch 4\n>p2 move shadowball\n>p1 move raindance\n>p2 move shadowball\n>p1 move waterfall\n>p2 switch 3\n>p1 move icepunch\n>p2 move suckerpunch\n>p1 switch 2\n>p1 move bulkup\n>p2 switch 6\n>p1 move bulkup\n>p2 move toxic\n>p1 move drainpunch\n>p2 move earthquake\n>p1 move stoneedge\n>p2 switch 3\n>p1 move stoneedge\n>p2 move fireblast\n>p1 switch 4\n>p1 move bravebird\n>p2 switch 3\n>p1 switch 5\n>p2 switch 6\n>p1 move flamecharge\n>p2 move swordsdance\n>p1 move flamecharge\n>p2 move suckerpunch\n>p2 switch 4\n>p1 move outrage\n>p2 move poweruppunch mega\n>p1 move outrage\n>p2 move return\n>p2 switch 5\n>p1 move outrage\n>p2 move thunderwave\n>p1 move ironhead\n>p2 move thunderwave\n>chat ☆sappy_10|soab\n>p1 move ironhead\n>p2 move airslash\n>p1 switch 6\n>p1 move extremespeed\n>p2 move roost\n>p1 move swordsdance\n>p2 move roost\n>p1 move shadowforce zmove\n>p2 move airslash\n>p2 switch 3\n>p1 move shadowforce\n>p2 move shadowball\n>p1 switch 3\n>p1 move shadowsneak\n>p2 move shadowball\n>p2 switch 2\n>p1 move shadowsneak\n>p2 move fireblast", "uploadtime": 1770223917, "views": 132, "formatid": "gen7randombattle", "rating": 1510, "private": 0, "password": null}