{"id": "gen7randombattle-2523901077", "format": "[Gen 7] Random Battle", "players": ["aurora ltd", "bin2409"], "log": "|j|☆aurora ltd\n|j|☆bin2409\n|t:|1769088476\n|gametype|singles\n|player|p1|aurora ltd|silver-gen2kanto|1549\n|player|p2|bin2409|lucas-gen4pt|1757\n|gen|7\n|tier|[Gen 7] Random Battle\n|rated|\n|rule|Sleep Clause Mod: Limit one foe put to sleep\n|rule|HP Percentage Mod: HP is shown in percentages\n|rule|Illusion Level Mod: Illusion disguises the Pokémon's true level\n|\n|t:|1769088476\n|teamsize|p1|6\n|teamsize|p2|6\n|start\n|switch|p1a: Vanilluxe|Vanilluxe, L86, F|262/262\n|switch|p2a: Floatzel|Floatzel, L86, M|286/286\n|-weather|Hail|[from] ability: Snow Warning|[of] p1a: Vanilluxe\n|turn|1\n|\n|t:|1769088503\n|switch|p2a: Eelektross|Eelektross, L88, M|293/293\n|move|p1a: Vanilluxe|Freeze-Dry|p2a: Eelektross\n|-damage|p2a: Eelektross|238/293\n|-status|p2a: Eelektross|frz\n|\n|-weather|Hail|[upkeep]\n|-damage|p2a: Eelektross|220/293 frz|[from] Hail\n|upkeep\n|turn|2\n|\n|t:|1769088545\n|switch|p1a: Cradily|Cradily, L89, F|298/298\n|cant|p2a: Eelektross|frz\n|\n|-weather|Hail|[upkeep]\n|-damage|p2a: Eelektross|202/293 frz|[from] Hail\n|-damage|p1a: Cradily|280/298|[from] Hail\n|-heal|p1a: Cradily|298/298|[from] item: Leftovers\n|upkeep\n|turn|3\n|\n|t:|1769088555\n|switch|p2a: Granbull|Granbull, L89, F|305/305\n|-ability|p2a: Granbull|Intimidate|boost\n|-unboost|p1a: Cradily|atk|1\n|move|p1a: Cradily|Stone Edge|p2a: Granbull\n|-damage|p2a: Granbull|226/305\n|\n|-weather|Hail|[upkeep]\n|-damage|p2a: Granbull|207/305|[from] Hail\n|-damage|p1a: Cradily|280/298|[from] Hail\n|-heal|p2a: Granbull|226/305|[from] item: Leftovers\n|-heal|p1a: Cradily|298/298|[from] item: Leftovers\n|upkeep\n|turn|4\n|\n|t:|1769088606\n|switch|p1a: Simisear|Simisear, L89, F|278/278\n|move|p2a: Granbull|Thunder Wave|p1a: Simisear\n|-status|p1a: Simisear|par\n|\n|-weather|Hail|[upkeep]\n|-damage|p2a: Granbull|207/305|[from] Hail\n|-damage|p1a: Simisear|261/278 par|[from] Hail\n|-heal|p2a: Granbull|226/305|[from] item: Leftovers\n|upkeep\n|turn|5\n|\n|t:|1769088629\n|move|p2a: Granbull|Heal Bell|p2a: Granbull\n|-activate|p2a: Granbull|move: Heal Bell\n|-curestatus|p2: Eelektross|frz|[msg]\n|move|p1a: Simisear|Nasty Plot|p1a: Simisear\n|-boost|p1a: Simisear|spa|2\n|\n|-weather|none\n|-heal|p2a: Granbull|245/305|[from] item: Leftovers\n|upkeep\n|turn|6\n|\n|t:|1769088648\n|move|p2a: Granbull|Earthquake|p1a: Simisear\n|-supereffective|p1a: Simisear\n|-damage|p1a: Simisear|23/278 par\n|move|p1a: Simisear|Fire Blast|p2a: Granbull\n|-damage|p2a: Granbull|0 fnt\n|faint|p2a: Granbull\n|-damage|p1a: Simisear|0 fnt|[from] item: Life Orb\n|faint|p1a: Simisear\n|\n|upkeep\n|\n|t:|1769088669\n|switch|p1a: Omastar|Omastar, L84, M|254/254\n|switch|p2a: Eelektross|Eelektross, L88, M|202/293\n|turn|7\n|\n|t:|1769088689\n|switch|p1a: Cradily|Cradily, L89, F|298/298\n|move|p2a: Eelektross|Giga Drain|p1a: Cradily\n|-damage|p1a: Cradily|247/298\n|-heal|p2a: Eelektross|228/293|[from] drain|[of] p1a: Cradily\n|\n|-heal|p1a: Cradily|265/298|[from] item: Leftovers\n|upkeep\n|turn|8\n|\n|t:|1769088704\n|move|p2a: Eelektross|U-turn|p1a: Cradily\n|-supereffective|p1a: Cradily\n|-damage|p1a: Cradily|163/298\n|\n|t:|1769088717\n|switch|p2a: Lycanroc|Lycanroc-Midnight, L86, F|286/286|[from] U-turn\n|move|p1a: Cradily|Stone Edge|p2a: Lycanroc\n|-damage|p2a: Lycanroc|177/286\n|\n|-heal|p1a: Cradily|181/298|[from] item: Leftovers\n|upkeep\n|turn|9\n|\n|t:|1769088754\n|-zpower|p2a: Lycanroc\n|move|p2a: Lycanroc|Splintered Stormshards|p1a: Cradily|[zeffect]\n|-damage|p1a: Cradily|0 fnt\n|faint|p1a: Cradily\n|\n|upkeep\n|\n|t:|1769088767\n|switch|p1a: Omastar|Omastar, L84, M|254/254\n|turn|10\n|\n|t:|1769088775\n|switch|p2a: Eelektross|Eelektross, L88, M|228/293\n|move|p1a: Omastar|Shell Smash|p1a: Omastar\n|-unboost|p1a: Omastar|def|1\n|-unboost|p1a: Omastar|spd|1\n|-boost|p1a: Omastar|atk|2\n|-boost|p1a: Omastar|spa|2\n|-boost|p1a: Omastar|spe|2\n|-enditem|p1a: Omastar|White Herb\n|-clearnegativeboost|p1a: Omastar|[silent]\n|\n|upkeep\n|turn|11\n|\n|t:|1769088792\n|move|p1a: Omastar|Hydro Pump|p2a: Eelektross\n|-damage|p2a: Eelektross|35/293\n|move|p2a: Eelektross|Giga Drain|p1a: Omastar\n|-supereffective|p1a: Omastar\n|-damage|p1a: Omastar|0 fnt\n|-heal|p2a: Eelektross|162/293|[from] drain|[of] p1a: Omastar\n|faint|p1a: Omastar\n|\n|upkeep\n|\n|t:|1769088801\n|switch|p1a: Sunflora|Sunflora, M|312/312\n|turn|12\n|\n|t:|1769088808\n|move|p2a: Eelektross|Hidden Power|p1a: Sunflora\n|-supereffective|p1a: Sunflora\n|-damage|p1a: Sunflora|222/312\n|move|p1a: Sunflora|Sunny Day|p1a: Sunflora\n|-weather|SunnyDay\n|\n|-weather|SunnyDay|[upkeep]\n|upkeep\n|turn|13\n|\n|t:|1769088819\n|move|p1a: Sunflora|Solar Beam||[still]\n|-prepare|p1a: Sunflora|Solar Beam\n|-anim|p1a: Sunflora|Solar Beam|p2a: Eelektross\n|-damage|p2a: Eelektross|0 fnt\n|faint|p2a: Eelektross\n|-damage|p1a: Sunflora|191/312|[from] item: Life Orb\n|\n|-weather|SunnyDay|[upkeep]\n|upkeep\n|\n|t:|1769088835\n|switch|p2a: Floatzel|Floatzel, L86, M|286/286\n|turn|14\n|\n|t:|1769088846\n|move|p2a: Floatzel|Ice Punch|p1a: Sunflora\n|-supereffective|p1a: Sunflora\n|-damage|p1a: Sunflora|0 fnt\n|faint|p1a: Sunflora\n|\n|-weather|SunnyDay|[upkeep]\n|upkeep\n|\n|t:|1769088865\n|switch|p1a: Vanilluxe|Vanilluxe, L86, F|262/262\n|-weather|Hail|[from] ability: Snow Warning|[of] p1a: Vanilluxe\n|turn|15\n|\n|t:|1769088877\n|switch|p2a: Lycanroc|Lycanroc-Midnight, L86, F|177/286\n|move|p1a: Vanilluxe|Freeze-Dry|p2a: Lycanroc\n|-damage|p2a: Lycanroc|77/286\n|\n|-weather|Hail|[upkeep]\n|-damage|p2a: Lycanroc|60/286|[from] Hail\n|upkeep\n|turn|16\n|\n|t:|1769088897\n|move|p2a: Lycanroc|Stone Edge|p1a: Vanilluxe\n|-supereffective|p1a: Vanilluxe\n|-damage|p1a: Vanilluxe|0 fnt\n|faint|p1a: Vanilluxe\n|\n|-weather|Hail|[upkeep]\n|-damage|p2a: Lycanroc|43/286|[from] Hail\n|upkeep\n|\n|t:|1769088903\n|switch|p1a: Zapdos|Zapdos, L79|272/272\n|turn|17\n|\n|t:|1769088910\n|move|p1a: Zapdos|Discharge|p2a: Lycanroc\n|-damage|p2a: Lycanroc|0 fnt\n|faint|p2a: Lycanroc\n|\n|-weather|Hail|[upkeep]\n|-damage|p1a: Zapdos|255/272|[from] Hail\n|-heal|p1a: Zapdos|272/272|[from] item: Leftovers\n|upkeep\n|\n|t:|1769088917\n|switch|p2a: Abomasnow|Abomasnow, L83, F|285/285\n|turn|18\n|\n|t:|1769088921\n|detailschange|p2a: Abomasnow|Abomasnow-Mega, L83, F\n|-mega|p2a: Abomasnow|Abomasnow|Abomasite\n|move|p1a: Zapdos|Toxic|p2a: Abomasnow\n|-status|p2a: Abomasnow|tox\n|move|p2a: Abomasnow|Blizzard|p1a: Zapdos\n|-supereffective|p1a: Zapdos\n|-damage|p1a: Zapdos|0 fnt\n|faint|p1a: Zapdos\n|\n|win|bin2409\n|raw|aurora ltd's rating: 1549 &rarr; <strong>1540</strong><br />(-9 for losing)\n|raw|bin2409's rating: 1757 &rarr; <strong>1766</strong><br />(+9 for winning)\n|c|☆bin2409|Gg\n", "inputlog": ">version dd3d52b8382d73d1dd2c67730c4067df325ab790\n>start {\"formatid\":\"gen7randombattle\",\"seed\":\"sodium,31bb05b0cbde53b611d113c4da03570a\",\"rated\":\"Rated battle\"}\n>player p1 {\"name\":\"aurora ltd\",\"avatar\":\"silver-gen2kanto\",\"rating\":1549,\"seed\":\"sodium,3a692137314fd91b306fbe48d842714a\"}\n>player p2 {\"name\":\"bin2409\",\"avatar\":\"lucas-gen4pt\",\"rating\":1757,\"seed\":\"sodium,2380dddaf48b5e9be0dda8f34739f1da\"}\n>p1 move freezedry\n>p2 switch 6\n>p1 switch 2\n>p2 move discharge\n>p1 move stoneedge\n>p2 switch 3\n>p1 switch 6\n>p2 move thunderwave\n>p1 move nastyplot\n>p2 move healbell\n>p1 move fireblast\n>p2 move earthquake\n>p1 switch 4\n>p2 switch 3\n>p1 switch 6\n>p2 move gigadrain\n>p1 move stoneedge\n>p2 move uturn\n>p2 switch 5\n>p1 move recover\n>p2 move stoneedge zmove\n>p1 switch 6\n>p1 move shellsmash\n>p2 switch 5\n>p1 move hydropump\n>p2 move gigadrain\n>p1 switch 3\n>p1 move sunnyday\n>p2 move hiddenpower\n>p1 move solarbeam\n>p2 move hiddenpower\n>p2 switch 6\n>p1 move solarbeam\n>p2 move icepunch\n>p1 switch 2\n>p1 move freezedry\n>p2 switch 5\n>p1 move blizzard\n>p2 move stoneedge\n>p1 switch 5\n>p1 move discharge\n>p2 move stoneedge\n>p2 switch 4\n>p1 move toxic\n>p2 move blizzard mega", "uploadtime": 1769088937, "views": 136, "formatid": "gen7randombattle", "rating": 1540, "private": 0, "password": null}