{"id": "gen7randombattle-2532683371", "format": "[Gen 7] Random Battle", "players": ["takemikazuche", "MrSiran"], "log": "|j|☆takemikazuche\n|j|☆MrSiran\n|t:|1770214433\n|gametype|singles\n|player|p1|takemikazuche|2|1496\n|player|p2|MrSiran|265|1666\n|gen|7\n|tier|[Gen 7] Random Battle\n|rated|\n|rule|Sleep Clause Mod: Limit one foe put to sleep\n|rule|HP Percentage Mod: HP is shown in percentages\n|rule|Illusion Level Mod: Illusion disguises the Pokémon's true level\n|\n|t:|1770214433\n|teamsize|p1|6\n|teamsize|p2|6\n|start\n|switch|p1a: Lanturn|Lanturn, L89, M|367/367\n|switch|p2a: Persian|Persian-Alola, L84, M|246/246\n|turn|1\n|inactive|Battle timer is ON: inactive players will automatically lose when time's up. (requested by MrSiran)\n|\n|t:|1770214452\n|move|p2a: Persian|Nasty Plot|p2a: Persian\n|-boost|p2a: Persian|spa|2\n|move|p1a: Lanturn|Toxic|p2a: Persian\n|-status|p2a: Persian|tox\n|\n|-damage|p2a: Persian|231/246 tox|[from] psn\n|upkeep\n|turn|2\n|\n|t:|1770214459\n|move|p2a: Persian|Nasty Plot|p2a: Persian\n|-boost|p2a: Persian|spa|2\n|move|p1a: Lanturn|Scald|p2a: Persian\n|-damage|p2a: Persian|134/246 tox\n|\n|-damage|p2a: Persian|104/246 tox|[from] psn\n|upkeep\n|turn|3\n|\n|t:|1770214487\n|-zpower|p2a: Persian\n|move|p2a: Persian|Black Hole Eclipse|p1a: Lanturn|[zeffect]\n|-damage|p1a: Lanturn|0 fnt\n|faint|p1a: Lanturn\n|\n|-damage|p2a: Persian|59/246 tox|[from] psn\n|upkeep\n|\n|t:|1770214511\n|switch|p1a: Weavile|Weavile, L79, M|239/239\n|turn|4\n|\n|t:|1770214521\n|move|p1a: Weavile|Icicle Crash|p2a: Persian\n|-damage|p2a: Persian|0 fnt\n|faint|p2a: Persian\n|\n|upkeep\n|\n|t:|1770214526\n|switch|p2a: Buzzwole|Buzzwole, L79|299/299\n|turn|5\n|\n|t:|1770214534\n|switch|p1a: Oricorio|Oricorio-Pom-Pom, L87, M|272/272\n|move|p2a: Buzzwole|Toxic|p1a: Oricorio\n|-status|p1a: Oricorio|tox\n|\n|-damage|p1a: Oricorio|255/272 tox|[from] psn\n|upkeep\n|turn|6\n|\n|t:|1770214546\n|switch|p2a: Carbink|Carbink, L92|241/241\n|move|p1a: Oricorio|Toxic|p2a: Carbink\n|-status|p2a: Carbink|tox\n|\n|-heal|p1a: Oricorio|272/272 tox|[from] item: Leftovers\n|-damage|p1a: Oricorio|238/272 tox|[from] psn\n|-damage|p2a: Carbink|226/241 tox|[from] psn\n|upkeep\n|turn|7\n|inactive|MrSiran has 120 seconds left.\n|\n|t:|1770214592\n|switch|p1a: Silvally|Silvally-Water, L87|307/307\n|move|p2a: Carbink|Stealth Rock|p1a: Silvally\n|-sidestart|p1: takemikazuche|move: Stealth Rock\n|\n|-damage|p2a: Carbink|196/241 tox|[from] psn\n|upkeep\n|turn|8\n|\n|t:|1770214605\n|move|p1a: Silvally|Multi-Attack|p2a: Carbink\n|-supereffective|p2a: Carbink\n|-damage|p2a: Carbink|76/241 tox\n|move|p2a: Carbink|Reflect|p2a: Carbink\n|-sidestart|p2: MrSiran|Reflect\n|\n|-damage|p2a: Carbink|31/241 tox|[from] psn\n|upkeep\n|turn|9\n|inactive|MrSiran has 120 seconds left.\n|\n|t:|1770214615\n|move|p1a: Silvally|Multi-Attack|p2a: Carbink\n|-supereffective|p2a: Carbink\n|-damage|p2a: Carbink|0 fnt\n|faint|p2a: Carbink\n|\n|upkeep\n|\n|t:|1770214620\n|switch|p2a: Arbok|Arbok, L90, F|254/254\n|turn|10\n|\n|t:|1770214628\n|move|p1a: Silvally|Thunderbolt|p2a: Arbok\n|-damage|p2a: Arbok|191/254\n|move|p2a: Arbok|Coil|p2a: Arbok\n|-boost|p2a: Arbok|atk|1\n|-boost|p2a: Arbok|def|1\n|-boost|p2a: Arbok|accuracy|1\n|\n|-heal|p2a: Arbok|206/254|[from] item: Black Sludge\n|upkeep\n|turn|11\n|\n|t:|1770214636\n|move|p1a: Silvally|Parting Shot|p2a: Arbok\n|-unboost|p2a: Arbok|atk|1\n|-unboost|p2a: Arbok|spa|1\n|\n|t:|1770214640\n|switch|p1a: Chimecho|Chimecho, L95, F|296/296|[from] Parting Shot\n|-damage|p1a: Chimecho|259/296|[from] Stealth Rock\n|move|p2a: Arbok|Coil|p2a: Arbok\n|-boost|p2a: Arbok|atk|1\n|-boost|p2a: Arbok|def|1\n|-boost|p2a: Arbok|accuracy|1\n|\n|-heal|p2a: Arbok|221/254|[from] item: Black Sludge\n|-heal|p1a: Chimecho|277/296|[from] item: Leftovers\n|upkeep\n|turn|12\n|\n|t:|1770214651\n|move|p2a: Arbok|Gunk Shot|p1a: Chimecho\n|-damage|p1a: Chimecho|76/296\n|move|p1a: Chimecho|Psychic|p2a: Arbok\n|-supereffective|p2a: Arbok\n|-damage|p2a: Arbok|0 fnt\n|faint|p2a: Arbok\n|\n|-heal|p1a: Chimecho|94/296|[from] item: Leftovers\n|upkeep\n|\n|t:|1770214657\n|switch|p2a: Pyroar|Pyroar, L88, F|295/295\n|-ability|p2a: Pyroar|Unnerve\n|turn|13\n|\n|t:|1770214665\n|move|p2a: Pyroar|Sunny Day|p2a: Pyroar\n|-weather|SunnyDay\n|move|p1a: Chimecho|Toxic|p2a: Pyroar\n|-status|p2a: Pyroar|tox\n|\n|-weather|SunnyDay|[upkeep]\n|-heal|p1a: Chimecho|112/296|[from] item: Leftovers\n|-damage|p2a: Pyroar|277/295 tox|[from] psn\n|upkeep\n|turn|14\n|\n|t:|1770214688\n|move|p2a: Pyroar|Hyper Voice|p1a: Chimecho\n|-damage|p1a: Chimecho|0 fnt\n|faint|p1a: Chimecho\n|-damage|p2a: Pyroar|248/295 tox|[from] item: Life Orb\n|\n|-weather|SunnyDay|[upkeep]\n|-damage|p2a: Pyroar|212/295 tox|[from] psn\n|upkeep\n|\n|t:|1770214699\n|switch|p1a: Silvally|Silvally-Water, L87|307/307\n|-damage|p1a: Silvally|269/307|[from] Stealth Rock\n|turn|15\n|\n|t:|1770214703\n|move|p2a: Pyroar|Solar Beam||[still]\n|-prepare|p2a: Pyroar|Solar Beam\n|-anim|p2a: Pyroar|Solar Beam|p1a: Silvally\n|-supereffective|p1a: Silvally\n|-damage|p1a: Silvally|43/307\n|-damage|p2a: Pyroar|183/295 tox|[from] item: Life Orb\n|move|p1a: Silvally|Thunderbolt|p2a: Pyroar\n|-damage|p2a: Pyroar|110/295 tox\n|\n|-weather|SunnyDay|[upkeep]\n|-damage|p2a: Pyroar|56/295 tox|[from] psn\n|-sideend|p2: MrSiran|Reflect\n|upkeep\n|turn|16\n|c|☆takemikazuche|completely forgot about that ngl\n|\n|t:|1770214719\n|move|p2a: Pyroar|Hyper Voice|p1a: Silvally\n|-damage|p1a: Silvally|0 fnt\n|faint|p1a: Silvally\n|-damage|p2a: Pyroar|27/295 tox|[from] item: Life Orb\n|\n|-weather|SunnyDay|[upkeep]\n|-damage|p2a: Pyroar|0 fnt|[from] psn\n|faint|p2a: Pyroar\n|upkeep\n|\n|t:|1770214731\n|switch|p2a: Floatzel|Floatzel, L86, F|286/286\n|switch|p1a: Oricorio|Oricorio-Pom-Pom, L87, M|238/272 tox\n|-damage|p1a: Oricorio|170/272 tox|[from] Stealth Rock\n|turn|17\n|\n|t:|1770214742\n|move|p2a: Floatzel|Ice Punch|p1a: Oricorio\n|-supereffective|p1a: Oricorio\n|-damage|p1a: Oricorio|0 fnt\n|faint|p1a: Oricorio\n|\n|-weather|none\n|upkeep\n|\n|t:|1770214755\n|switch|p1a: Weavile|Weavile, L79, M|239/239\n|-damage|p1a: Weavile|180/239|[from] Stealth Rock\n|turn|18\n|inactive|takemikazuche has 120 seconds left.\n|\n|t:|1770214783\n|switch|p2a: Buzzwole|Buzzwole, L79|299/299\n|move|p1a: Weavile|Icicle Crash|p2a: Buzzwole\n|-damage|p2a: Buzzwole|191/299\n|\n|-heal|p2a: Buzzwole|209/299|[from] item: Leftovers\n|upkeep\n|turn|19\n|inactive|MrSiran has 120 seconds left.\n|\n|t:|1770214812\n|move|p1a: Weavile|Icicle Crash|p2a: Buzzwole\n|-damage|p2a: Buzzwole|95/299\n|cant|p2a: Buzzwole|flinch\n|\n|-heal|p2a: Buzzwole|113/299|[from] item: Leftovers\n|upkeep\n|turn|20\n|\n|t:|1770214817\n|move|p1a: Weavile|Icicle Crash|p2a: Buzzwole\n|-damage|p2a: Buzzwole|0 fnt\n|faint|p2a: Buzzwole\n|\n|upkeep\n|\n|t:|1770214820\n|switch|p2a: Floatzel|Floatzel, L86, F|286/286\n|turn|21\n|\n|t:|1770214824\n|move|p2a: Floatzel|Liquidation|p1a: Weavile\n|-damage|p1a: Weavile|0 fnt\n|faint|p1a: Weavile\n|\n|upkeep\n|\n|t:|1770214829\n|switch|p1a: Dialga|Dialga, L74|270/270\n|-damage|p1a: Dialga|254/270|[from] Stealth Rock\n|-ability|p1a: Dialga|Pressure\n|turn|22\n|\n|t:|1770214841\n|move|p2a: Floatzel|Liquidation|p1a: Dialga\n|-resisted|p1a: Dialga\n|-crit|p1a: Dialga\n|-damage|p1a: Dialga|146/270\n|-unboost|p1a: Dialga|def|1\n|move|p1a: Dialga|Flash Cannon|p2a: Floatzel\n|-resisted|p2a: Floatzel\n|-damage|p2a: Floatzel|220/286\n|\n|-heal|p1a: Dialga|162/270|[from] item: Leftovers\n|upkeep\n|turn|23\n|inactive|MrSiran has 120 seconds left.\n|\n|t:|1770214885\n|move|p2a: Floatzel|Liquidation|p1a: Dialga\n|-resisted|p1a: Dialga\n|-damage|p1a: Dialga|69/270\n|move|p1a: Dialga|Draco Meteor|p2a: Floatzel\n|-damage|p2a: Floatzel|0 fnt\n|-unboost|p1a: Dialga|spa|2\n|faint|p2a: Floatzel\n|\n|win|takemikazuche\n|raw|takemikazuche's rating: 1496 &rarr; <strong>1525</strong><br />(+29 for winning)\n|raw|MrSiran's rating: 1666 &rarr; <strong>1637</strong><br />(-29 for losing)\n|l|☆MrSiran\n|player|p2|\n|c|☆takemikazuche|g\n|c|☆takemikazuche|g\n", "inputlog": ">version ccdc32dd7cde25fd9e4bed64820e885f66e78a4e\n>start {\"formatid\":\"gen7randombattle\",\"seed\":\"sodium,621c4376c3299e1277eada4c2e0a9929\",\"rated\":\"Rated battle\"}\n>player p1 {\"name\":\"takemikazuche\",\"avatar\":\"2\",\"rating\":1496,\"seed\":\"sodium,19175dbc703b9250e29fdfaf97954ac0\"}\n>player p2 {\"name\":\"MrSiran\",\"avatar\":\"265\",\"rating\":1666,\"seed\":\"sodium,50482364614e94abfa7f0fde818dad55\"}\n>p1 move toxic\n>p2 move nastyplot\n>p1 move scald\n>p2 move nastyplot\n>p1 move scald\n>p2 move darkpulse zmove\n>p1 switch 2\n>p1 move iciclecrash\n>p2 move hiddenpower\n>p2 switch 4\n>p1 switch 4\n>p2 move toxic\n>p1 move toxic\n>p2 switch 5\n>p1 switch 6\n>p2 move stealthrock\n>p1 move multiattack\n>p2 move reflect\n>p1 move multiattack\n>p2 move moonblast\n>p2 switch 6\n>p1 move thunderbolt\n>p2 move coil\n>p1 move partingshot\n>p2 move coil\n>p1 switch 3\n>p1 move psychic\n>p2 move gunkshot\n>p2 switch 2\n>p1 move toxic\n>p2 move sunnyday\n>p1 move healbell\n>p2 move hypervoice\n>p1 switch 3\n>p1 move thunderbolt\n>p2 move solarbeam\n>chat ☆takemikazuche|completely forgot about that ngl\n>p1 move thunderbolt\n>p2 move hypervoice\n>p1 switch 6\n>p2 switch 3\n>p1 move revelationdance\n>p2 move icepunch\n>p1 switch 4\n>p1 move iciclecrash\n>p2 switch 5\n>p1 move iciclecrash\n>p2 move drainpunch\n>p1 move iciclecrash\n>p2 move drainpunch\n>p2 switch 5\n>p1 move iciclecrash\n>p2 move liquidation\n>p1 switch 5\n>p1 move flashcannon\n>p2 move liquidation\n>p1 move dracometeor\n>p2 move liquidation", "uploadtime": 1770214896, "views": 116, "formatid": "gen7randombattle", "rating": 1525, "private": 0, "password": null}