{"id": "gen7randombattle-2537852769", "format": "[Gen 7] Random Battle", "players": ["may/gen3", "plop in my pants"], "log": "|j|☆may/gen3\n|j|☆plop in my pants\n|t:|1770855426\n|gametype|singles\n|player|p1|may/gen3|may|1673\n|player|p2|plop in my pants|teamrocket|1755\n|gen|7\n|tier|[Gen 7] Random Battle\n|rated|\n|rule|Sleep Clause Mod: Limit one foe put to sleep\n|rule|HP Percentage Mod: HP is shown in percentages\n|rule|Illusion Level Mod: Illusion disguises the Pokémon's true level\n|\n|t:|1770855426\n|teamsize|p1|6\n|teamsize|p2|6\n|start\n|switch|p1a: Jirachi|Jirachi, L76|277/277\n|switch|p2a: Scolipede|Scolipede, L80, F|227/227\n|turn|1\n|inactive|Battle timer is ON: inactive players will automatically lose when time's up. (requested by may/gen3)\n|c|☆plop in my pants|hf\n|\n|t:|1770855446\n|move|p2a: Scolipede|Earthquake|p1a: Jirachi\n|-supereffective|p1a: Jirachi\n|-damage|p1a: Jirachi|116/277\n|-damage|p2a: Scolipede|205/227|[from] item: Life Orb\n|move|p1a: Jirachi|Body Slam|p2a: Scolipede\n|-damage|p2a: Scolipede|154/227\n|-status|p2a: Scolipede|par\n|\n|-heal|p1a: Jirachi|133/277|[from] item: Leftovers\n|-ability|p2a: Scolipede|Speed Boost|boost\n|-boost|p2a: Scolipede|spe|1\n|upkeep\n|turn|2\n|inactive|may/gen3 has 120 seconds left.\n|\n|t:|1770855478\n|move|p1a: Jirachi|Iron Head|p2a: Scolipede\n|-crit|p2a: Scolipede\n|-damage|p2a: Scolipede|37/227 par\n|cant|p2a: Scolipede|par\n|\n|-heal|p1a: Jirachi|150/277|[from] item: Leftovers\n|-ability|p2a: Scolipede|Speed Boost|boost\n|-boost|p2a: Scolipede|spe|1\n|upkeep\n|turn|3\n|\n|t:|1770855485\n|switch|p1a: Golurk|Golurk, L87|297/297\n|move|p2a: Scolipede|Spikes|p1a: Golurk\n|-sidestart|p1: may/gen3|Spikes\n|\n|-ability|p2a: Scolipede|Speed Boost|boost\n|-boost|p2a: Scolipede|spe|1\n|upkeep\n|turn|4\n|\n|t:|1770855491\n|move|p2a: Scolipede|Spikes|p1a: Golurk\n|-sidestart|p1: may/gen3|Spikes\n|move|p1a: Golurk|Rock Polish|p1a: Golurk\n|-boost|p1a: Golurk|spe|2\n|\n|-ability|p2a: Scolipede|Speed Boost|boost\n|-boost|p2a: Scolipede|spe|1\n|upkeep\n|turn|5\n|\n|t:|1770855499\n|cant|p2a: Scolipede|par\n|move|p1a: Golurk|Dynamic Punch|p2a: Scolipede\n|-resisted|p2a: Scolipede\n|-damage|p2a: Scolipede|10/227 par\n|-start|p2a: Scolipede|confusion\n|-damage|p1a: Golurk|268/297|[from] item: Life Orb\n|\n|-ability|p2a: Scolipede|Speed Boost|boost\n|-boost|p2a: Scolipede|spe|1\n|upkeep\n|turn|6\n|\n|t:|1770855504\n|-activate|p2a: Scolipede|confusion\n|-damage|p2a: Scolipede|0 fnt|[from] confusion\n|faint|p2a: Scolipede\n|move|p1a: Golurk|Dynamic Punch|p2: Scolipede|[notarget]\n|-fail|p1a: Golurk\n|\n|upkeep\n|\n|t:|1770855511\n|switch|p2a: Tsareena|Tsareena, L87, F|267/267\n|turn|7\n|\n|t:|1770855530\n|move|p1a: Golurk|Dynamic Punch|p2a: Tsareena\n|-crit|p2a: Tsareena\n|-damage|p2a: Tsareena|103/267\n|-start|p2a: Tsareena|confusion\n|-damage|p1a: Golurk|239/297|[from] item: Life Orb\n|-activate|p2a: Tsareena|confusion\n|move|p2a: Tsareena|Power Whip|p1a: Golurk\n|-supereffective|p1a: Golurk\n|-damage|p1a: Golurk|0 fnt\n|faint|p1a: Golurk\n|-damage|p2a: Tsareena|77/267|[from] item: Life Orb\n|\n|upkeep\n|\n|t:|1770855542\n|switch|p1a: Jirachi|Jirachi, L76|150/277\n|-damage|p1a: Jirachi|104/277|[from] Spikes\n|turn|8\n|\n|t:|1770855551\n|move|p1a: Jirachi|Stealth Rock|p2a: Tsareena\n|-sidestart|p2: plop in my pants|move: Stealth Rock\n|-end|p2a: Tsareena|confusion\n|move|p2a: Tsareena|Knock Off|p1a: Jirachi\n|-supereffective|p1a: Jirachi\n|-damage|p1a: Jirachi|0 fnt\n|-enditem|p1a: Jirachi|Leftovers|[from] move: Knock Off|[of] p2a: Tsareena\n|faint|p1a: Jirachi\n|-damage|p2a: Tsareena|51/267|[from] item: Life Orb\n|\n|upkeep\n|\n|t:|1770855575\n|switch|p1a: Tapu Koko|Tapu Koko, L77|234/234\n|-damage|p1a: Tapu Koko|195/234|[from] Spikes\n|-fieldstart|move: Electric Terrain|[from] ability: Electric Surge|[of] p1a: Tapu Koko\n|turn|9\n|\n|t:|1770855584\n|move|p1a: Tapu Koko|Dazzling Gleam|p2a: Tsareena\n|-damage|p2a: Tsareena|0 fnt\n|faint|p2a: Tsareena\n|\n|upkeep\n|\n|t:|1770855597\n|switch|p2a: Bewear|Bewear, L84, M|339/339\n|-damage|p2a: Bewear|318/339|[from] Stealth Rock\n|turn|10\n|\n|t:|1770855610\n|move|p1a: Tapu Koko|Dazzling Gleam|p2a: Bewear\n|-supereffective|p2a: Bewear\n|-damage|p2a: Bewear|148/339\n|move|p2a: Bewear|Drain Punch|p1a: Tapu Koko\n|-resisted|p1a: Tapu Koko\n|-damage|p1a: Tapu Koko|140/234\n|-heal|p2a: Bewear|176/339|[from] drain|[of] p1a: Tapu Koko\n|\n|-heal|p2a: Bewear|197/339|[from] item: Leftovers\n|upkeep\n|turn|11\n|\n|t:|1770855617\n|-zpower|p1a: Tapu Koko\n|move|p1a: Tapu Koko|Gigavolt Havoc|p2a: Bewear|[zeffect]\n|-damage|p2a: Bewear|0 fnt\n|faint|p2a: Bewear\n|\n|upkeep\n|\n|t:|1770855621\n|switch|p2a: Silvally|Silvally-Fairy, L87|307/307\n|-damage|p2a: Silvally|269/307|[from] Stealth Rock\n|turn|12\n|\n|t:|1770855629\n|move|p1a: Tapu Koko|Calm Mind|p1a: Tapu Koko\n|-boost|p1a: Tapu Koko|spa|1\n|-boost|p1a: Tapu Koko|spd|1\n|move|p2a: Silvally|Multi-Attack|p1a: Tapu Koko\n|-damage|p1a: Tapu Koko|38/234\n|\n|upkeep\n|turn|13\n|\n|t:|1770855634\n|move|p1a: Tapu Koko|Roost|p1a: Tapu Koko\n|-heal|p1a: Tapu Koko|155/234\n|-singleturn|p1a: Tapu Koko|move: Roost\n|move|p2a: Silvally|Multi-Attack|p1a: Tapu Koko\n|-damage|p1a: Tapu Koko|53/234\n|\n|-fieldend|move: Electric Terrain\n|upkeep\n|turn|14\n|\n|t:|1770855638\n|move|p1a: Tapu Koko|Thunderbolt|p2a: Silvally\n|-damage|p2a: Silvally|166/307\n|move|p2a: Silvally|Multi-Attack|p1a: Tapu Koko\n|-damage|p1a: Tapu Koko|0 fnt\n|faint|p1a: Tapu Koko\n|\n|upkeep\n|\n|t:|1770855645\n|switch|p1a: Infernape|Infernape, L81, M|256/256\n|-damage|p1a: Infernape|214/256|[from] Spikes\n|turn|15\n|\n|t:|1770855649\n|switch|p2a: Qwilfish|Qwilfish, L86, M|252/252\n|-damage|p2a: Qwilfish|221/252|[from] Stealth Rock\n|-ability|p2a: Qwilfish|Intimidate|boost\n|-unboost|p1a: Infernape|atk|1\n|move|p1a: Infernape|Flare Blitz|p2a: Qwilfish\n|-resisted|p2a: Qwilfish\n|-damage|p2a: Qwilfish|170/252\n|-damage|p1a: Infernape|197/256|[from] Recoil\n|-damage|p1a: Infernape|172/256|[from] item: Life Orb\n|\n|-heal|p2a: Qwilfish|185/252|[from] item: Black Sludge\n|upkeep\n|turn|16\n|\n|t:|1770855658\n|switch|p1a: Toucannon|Toucannon, L88, M|284/284\n|move|p2a: Qwilfish|Toxic Spikes|p1a: Toucannon\n|-sidestart|p1: may/gen3|move: Toxic Spikes\n|\n|-heal|p2a: Qwilfish|200/252|[from] item: Black Sludge\n|upkeep\n|turn|17\n|\n|t:|1770855666\n|move|p2a: Qwilfish|Poison Jab|p1a: Toucannon\n|-damage|p1a: Toucannon|193/284\n|move|p1a: Toucannon|Brave Bird|p2a: Qwilfish\n|-damage|p2a: Qwilfish|46/252\n|-damage|p1a: Toucannon|142/284|[from] Recoil\n|\n|-heal|p2a: Qwilfish|61/252|[from] item: Black Sludge\n|-heal|p1a: Toucannon|159/284|[from] item: Leftovers\n|upkeep\n|turn|18\n|\n|t:|1770855673\n|move|p2a: Qwilfish|Poison Jab|p1a: Toucannon\n|-damage|p1a: Toucannon|60/284\n|move|p1a: Toucannon|Bullet Seed|p2a: Qwilfish\n|-damage|p2a: Qwilfish|39/252\n|-damage|p2a: Qwilfish|13/252\n|-crit|p2a: Qwilfish\n|-damage|p2a: Qwilfish|0 fnt\n|faint|p2a: Qwilfish\n|-hitcount|p2: Qwilfish|3\n|\n|-heal|p1a: Toucannon|77/284|[from] item: Leftovers\n|upkeep\n|\n|t:|1770855682\n|switch|p2a: Linoone|Linoone, L81, F|258/258\n|-damage|p2a: Linoone|226/258|[from] Stealth Rock\n|turn|19\n|\n|t:|1770855691\n|move|p2a: Linoone|Belly Drum|p2a: Linoone\n|-damage|p2a: Linoone|97/258\n|-setboost|p2a: Linoone|atk|6|[from] move: Belly Drum\n|-enditem|p2a: Linoone|Mago Berry|[eat]\n|-heal|p2a: Linoone|226/258|[from] item: Mago Berry\n|move|p1a: Toucannon|Brave Bird|p2a: Linoone\n|-damage|p2a: Linoone|4/258\n|-damage|p1a: Toucannon|4/284|[from] Recoil\n|\n|-heal|p1a: Toucannon|21/284|[from] item: Leftovers\n|upkeep\n|turn|20\n|\n|t:|1770855698\n|move|p2a: Linoone|Extreme Speed|p1a: Toucannon\n|-damage|p1a: Toucannon|0 fnt\n|faint|p1a: Toucannon\n|\n|upkeep\n|\n|t:|1770855701\n|switch|p1a: Infernape|Infernape, L81, M|172/256\n|-damage|p1a: Infernape|130/256|[from] Spikes\n|-status|p1a: Infernape|psn\n|turn|21\n|\n|t:|1770855705\n|move|p2a: Linoone|Extreme Speed|p1a: Infernape\n|-damage|p1a: Infernape|0 fnt\n|faint|p1a: Infernape\n|\n|upkeep\n|\n|t:|1770855720\n|switch|p1a: Exploud|Exploud, L86, F|319/319\n|-damage|p1a: Exploud|266/319|[from] Spikes\n|-status|p1a: Exploud|psn\n|turn|22\n|\n|t:|1770855723\n|move|p2a: Linoone|Extreme Speed|p1a: Exploud\n|-damage|p1a: Exploud|0 fnt\n|faint|p1a: Exploud\n|\n|win|plop in my pants\n|raw|may&#x2f;gen3's rating: 1673 &rarr; <strong>1658</strong><br />(-15 for losing)\n|raw|plop in my pants's rating: 1755 &rarr; <strong>1770</strong><br />(+15 for winning)\n|c|☆plop in my pants|gg\n|l|☆may/gen3\n|player|p1|\n", "inputlog": ">version ccdc32dd7cde25fd9e4bed64820e885f66e78a4e\n>start {\"formatid\":\"gen7randombattle\",\"seed\":\"sodium,63b8559a8a315a1f3c2d5d74997edd06\",\"rated\":\"Rated battle\"}\n>player p1 {\"name\":\"may/gen3\",\"avatar\":\"may\",\"rating\":1673,\"seed\":\"sodium,ae2f774210efd96bcbf128bb0e77d00d\"}\n>player p2 {\"name\":\"plop in my pants\",\"avatar\":\"teamrocket\",\"rating\":1755,\"seed\":\"sodium,bc3fbf91182ee79639f0b70af9c6616d\"}\n>chat ☆plop in my pants|hf\n>p1 move bodyslam\n>p2 move earthquake\n>p1 move ironhead\n>p2 move earthquake\n>p1 switch 3\n>p2 move spikes\n>p1 move rockpolish\n>p2 move spikes\n>p1 move dynamicpunch\n>p2 move earthquake\n>p1 move dynamicpunch\n>p2 move earthquake\n>p2 switch 6\n>p1 move dynamicpunch\n>p2 move powerwhip\n>p1 switch 3\n>p1 move stealthrock\n>p2 move knockoff\n>p1 switch 4\n>p1 move dazzlinggleam\n>p2 move synthesis\n>p2 switch 2\n>p1 move dazzlinggleam\n>p2 move drainpunch\n>p1 move thunderbolt zmove\n>p2 move doubleedge\n>p2 switch 4\n>p1 move calmmind\n>p2 move multiattack\n>p1 move roost\n>p2 move multiattack\n>p1 move thunderbolt\n>p2 move multiattack\n>p1 switch 5\n>p1 move flareblitz\n>p2 switch 3\n>p1 switch 6\n>p2 move toxicspikes\n>p1 move bravebird\n>p2 move poisonjab\n>p1 move bulletseed\n>p2 move poisonjab\n>p2 switch 5\n>p1 move bravebird\n>p2 move bellydrum\n>p1 move bravebird\n>p2 move extremespeed\n>p1 switch 6\n>p1 move flareblitz\n>p2 move extremespeed\n>p1 switch 2\n>p1 move boomburst\n>p2 move extremespeed", "uploadtime": 1770855731, "views": 226, "formatid": "gen7randombattle", "rating": 1658, "private": 0, "password": null}