{"id": "gen7randombattle-2525034702", "format": "[Gen 7] Random Battle", "players": ["Zxkra", "bin2409"], "log": "|j|☆Zxkra\n|j|☆bin2409\n|t:|1769219901\n|gametype|singles\n|player|p1|Zxkra|cynthia-gen4|1700\n|player|p2|bin2409|lucas-gen4pt|1809\n|gen|7\n|tier|[Gen 7] Random Battle\n|rated|\n|rule|Sleep Clause Mod: Limit one foe put to sleep\n|rule|HP Percentage Mod: HP is shown in percentages\n|rule|Illusion Level Mod: Illusion disguises the Pokémon's true level\n|\n|t:|1769219901\n|teamsize|p1|6\n|teamsize|p2|6\n|start\n|switch|p1a: Gumshoos|Gumshoos, L94, M|318/318\n|switch|p2a: Granbull|Granbull, L89, F|305/305\n|-ability|p2a: Granbull|Intimidate|boost\n|-unboost|p1a: Gumshoos|atk|1\n|turn|1\n|inactive|Battle timer is ON: inactive players will automatically lose when time's up. (requested by Zxkra)\n|\n|t:|1769219926\n|move|p1a: Gumshoos|U-turn|p2a: Granbull\n|-resisted|p2a: Granbull\n|-damage|p2a: Granbull|270/305\n|\n|t:|1769219933\n|switch|p1a: Weezing|Weezing, L87, M|255/255|[from] U-turn\n|move|p2a: Granbull|Thunder Wave|p1a: Weezing\n|-status|p1a: Weezing|par\n|\n|-heal|p2a: Granbull|289/305|[from] item: Leftovers\n|upkeep\n|turn|2\n|\n|t:|1769219951\n|switch|p2a: Azelf|Azelf, L82|257/257\n|move|p1a: Weezing|Toxic Spikes|p2a: Azelf\n|-sidestart|p2: bin2409|move: Toxic Spikes\n|\n|upkeep\n|turn|3\n|\n|t:|1769219963\n|switch|p1a: Muk|Muk-Alola, L80, M|299/299\n|move|p2a: Azelf|Psychic|p1a: Muk\n|-immune|p1a: Muk\n|\n|upkeep\n|turn|4\n|\n|t:|1769219973\n|-activate|p2a: Azelf|move: Pursuit\n|move|p1a: Muk|Pursuit|p2a: Azelf|[from] Pursuit\n|-supereffective|p2a: Azelf\n|-damage|p2a: Azelf|57/257\n|-status|p2a: Azelf|psn|[from] ability: Poison Touch|[of] p1a: Muk\n|switch|p2a: Luvdisc|Luvdisc, M|248/248\n|-status|p2a: Luvdisc|psn\n|\n|-damage|p2a: Luvdisc|217/248 psn|[from] psn\n|upkeep\n|turn|5\n|\n|t:|1769219987\n|move|p2a: Luvdisc|Scald|p1a: Muk\n|-damage|p1a: Muk|256/299\n|move|p1a: Muk|Knock Off|p2a: Luvdisc\n|-damage|p2a: Luvdisc|99/248 psn\n|-enditem|p2a: Luvdisc|Leftovers|[from] move: Knock Off|[of] p1a: Muk\n|\n|-damage|p2a: Luvdisc|68/248 psn|[from] psn\n|upkeep\n|turn|6\n|\n|t:|1769219997\n|switch|p1a: Starmie|Starmie, L84|238/238\n|move|p2a: Luvdisc|Scald|p1a: Starmie\n|-resisted|p1a: Starmie\n|-damage|p1a: Starmie|205/238\n|-status|p1a: Starmie|brn\n|\n|-heal|p1a: Starmie|219/238 brn|[from] item: Leftovers\n|-damage|p2a: Luvdisc|37/248 psn|[from] psn\n|-damage|p1a: Starmie|205/238 brn|[from] brn\n|upkeep\n|turn|7\n|\n|t:|1769220016\n|move|p2a: Luvdisc|Scald|p1a: Starmie\n|-resisted|p1a: Starmie\n|-damage|p1a: Starmie|173/238 brn\n|move|p1a: Starmie|Scald|p2a: Luvdisc\n|-resisted|p2a: Luvdisc\n|-damage|p2a: Luvdisc|0 fnt\n|faint|p2a: Luvdisc\n|\n|-heal|p1a: Starmie|187/238 brn|[from] item: Leftovers\n|-damage|p1a: Starmie|173/238 brn|[from] brn\n|upkeep\n|\n|t:|1769220027\n|switch|p2a: Escavalier|Escavalier, L85, M|258/258\n|turn|8\n|\n|t:|1769220040\n|-curestatus|p1a: Starmie|brn|[from] ability: Natural Cure\n|switch|p1a: Weezing|Weezing, L87, M|255/255 par\n|move|p2a: Escavalier|Knock Off|p1a: Weezing\n|-damage|p1a: Weezing|149/255 par\n|-enditem|p1a: Weezing|Black Sludge|[from] move: Knock Off|[of] p2a: Escavalier\n|\n|upkeep\n|turn|9\n|\n|t:|1769220053\n|switch|p2a: Vaporeon|Vaporeon, L86, F|364/364\n|-status|p2a: Vaporeon|psn\n|cant|p1a: Weezing|par\n|\n|-damage|p2a: Vaporeon|319/364 psn|[from] psn\n|upkeep\n|turn|10\n|\n|t:|1769220062\n|move|p2a: Vaporeon|Scald|p1a: Weezing\n|-damage|p1a: Weezing|32/255 par\n|cant|p1a: Weezing|par\n|\n|-heal|p2a: Vaporeon|341/364 psn|[from] item: Leftovers\n|-damage|p2a: Vaporeon|296/364 psn|[from] psn\n|upkeep\n|turn|11\n|\n|t:|1769220069\n|switch|p1a: Jynx|Jynx, L89, F|260/260\n|move|p2a: Vaporeon|Scald|p1a: Jynx\n|-immune|p1a: Jynx|[from] ability: Dry Skin\n|\n|-heal|p2a: Vaporeon|318/364 psn|[from] item: Leftovers\n|-damage|p2a: Vaporeon|273/364 psn|[from] psn\n|upkeep\n|turn|12\n|\n|t:|1769220076\n|move|p1a: Jynx|Nasty Plot|p1a: Jynx\n|-boost|p1a: Jynx|spa|2\n|move|p2a: Vaporeon|Wish|p2a: Vaporeon\n|\n|-heal|p2a: Vaporeon|295/364 psn|[from] item: Leftovers\n|-damage|p2a: Vaporeon|250/364 psn|[from] psn\n|upkeep\n|turn|13\n|\n|t:|1769220080\n|switch|p2a: Escavalier|Escavalier, L85, M|258/258\n|move|p1a: Jynx|Psyshock|p2a: Escavalier\n|-resisted|p2a: Escavalier\n|-crit|p2a: Escavalier\n|-damage|p2a: Escavalier|62/258\n|-damage|p1a: Jynx|234/260|[from] item: Life Orb\n|\n|-heal|p2a: Escavalier|244/258|[from] move: Wish|[wisher] Vaporeon\n|upkeep\n|turn|14\n|\n|t:|1769220087\n|switch|p1a: Weezing|Weezing, L87, M|32/255 par\n|move|p2a: Escavalier|Iron Head|p1a: Weezing\n|-damage|p1a: Weezing|0 fnt\n|faint|p1a: Weezing\n|\n|upkeep\n|inactive|Zxkra has 120 seconds left.\n|inactive|Zxkra has 90 seconds left.\n|\n|t:|1769220150\n|switch|p1a: Starmie|Starmie, L84|173/238\n|turn|15\n|\n|t:|1769220154\n|switch|p2a: Vaporeon|Vaporeon, L86, F|250/364 psn\n|move|p1a: Starmie|Scald|p2a: Vaporeon\n|-heal|p2a: Vaporeon|341/364 psn|[from] ability: Water Absorb|[of] p1a: Starmie\n|\n|-heal|p1a: Starmie|187/238|[from] item: Leftovers\n|-heal|p2a: Vaporeon|363/364 psn|[from] item: Leftovers\n|-damage|p2a: Vaporeon|318/364 psn|[from] psn\n|upkeep\n|turn|16\n|\n|t:|1769220162\n|switch|p1a: Zekrom|Zekrom, L74|270/270\n|-ability|p1a: Zekrom|Teravolt\n|move|p2a: Vaporeon|Wish|p2a: Vaporeon\n|\n|-heal|p2a: Vaporeon|340/364 psn|[from] item: Leftovers\n|-damage|p2a: Vaporeon|295/364 psn|[from] psn\n|upkeep\n|turn|17\n|\n|t:|1769220176\n|switch|p2a: Granbull|Granbull, L89, F|289/305\n|-status|p2a: Granbull|psn\n|-ability|p2a: Granbull|Intimidate|boost\n|-unboost|p1a: Zekrom|atk|1\n|move|p1a: Zekrom|Volt Switch|p2a: Granbull\n|-damage|p2a: Granbull|207/305 psn\n|\n|t:|1769220191\n|switch|p1a: Gumshoos|Gumshoos, L94, M|318/318|[from] Volt Switch\n|\n|-heal|p2a: Granbull|305/305 psn|[from] move: Wish|[wisher] Vaporeon\n|-damage|p2a: Granbull|267/305 psn|[from] psn\n|upkeep\n|turn|18\n|\n|t:|1769220201\n|move|p1a: Gumshoos|Return|p2a: Granbull\n|-damage|p2a: Granbull|12/305 psn\n|move|p2a: Granbull|Thunder Wave|p1a: Gumshoos\n|-status|p1a: Gumshoos|par\n|\n|-heal|p2a: Granbull|31/305 psn|[from] item: Leftovers\n|-damage|p2a: Granbull|0 fnt|[from] psn\n|faint|p2a: Granbull\n|upkeep\n|\n|t:|1769220216\n|switch|p2a: Jumpluff|Jumpluff, L89, M|278/278\n|turn|19\n|inactive|Zxkra has 120 seconds left.\n|\n|t:|1769220261\n|switch|p1a: Zekrom|Zekrom, L74|270/270\n|-ability|p1a: Zekrom|Teravolt\n|move|p2a: Jumpluff|Leech Seed|p1a: Zekrom\n|-start|p1a: Zekrom|move: Leech Seed\n|\n|-damage|p1a: Zekrom|237/270|[from] Leech Seed|[of] p2a: Jumpluff\n|upkeep\n|turn|20\n|\n|t:|1769220272\n|move|p2a: Jumpluff|Substitute|p2a: Jumpluff\n|-start|p2a: Jumpluff|Substitute\n|-damage|p2a: Jumpluff|209/278\n|move|p1a: Zekrom|Volt Switch|p2a: Jumpluff\n|-activate|p2a: Jumpluff|move: Substitute|[damage]\n|\n|t:|1769220282\n|switch|p1a: Gumshoos|Gumshoos, L94, M|318/318 par|[from] Volt Switch\n|\n|upkeep\n|turn|21\n|\n|t:|1769220287\n|move|p2a: Jumpluff|Leech Seed|p1a: Gumshoos\n|-start|p1a: Gumshoos|move: Leech Seed\n|move|p1a: Gumshoos|U-turn|p2a: Jumpluff\n|-end|p2a: Jumpluff|Substitute\n|\n|t:|1769220298\n|switch|p1a: Muk|Muk-Alola, L80, M|256/299|[from] U-turn\n|\n|upkeep\n|turn|22\n|\n|t:|1769220306\n|switch|p2a: Escavalier|Escavalier, L85, M|244/258\n|move|p1a: Muk|Knock Off|p2a: Escavalier\n|-damage|p2a: Escavalier|159/258\n|-enditem|p2a: Escavalier|Choice Band|[from] move: Knock Off|[of] p1a: Muk\n|\n|upkeep\n|turn|23\n|\n|t:|1769220324\n|move|p1a: Muk|Knock Off|p2a: Escavalier\n|-damage|p2a: Escavalier|96/258\n|move|p2a: Escavalier|Megahorn|p1a: Muk\n|-damage|p1a: Muk|51/299\n|\n|upkeep\n|turn|24\n|\n|t:|1769220332\n|move|p1a: Muk|Pursuit|p2a: Escavalier\n|-damage|p2a: Escavalier|60/258\n|move|p2a: Escavalier|Iron Head|p1a: Muk\n|-damage|p1a: Muk|0 fnt\n|faint|p1a: Muk\n|\n|upkeep\n|\n|t:|1769220340\n|switch|p1a: Zekrom|Zekrom, L74|237/270\n|-ability|p1a: Zekrom|Teravolt\n|turn|25\n|\n|t:|1769220349\n|move|p1a: Zekrom|Volt Switch|p2a: Escavalier\n|-damage|p2a: Escavalier|0 fnt\n|faint|p2a: Escavalier\n|\n|t:|1769220358\n|switch|p1a: Gumshoos|Gumshoos, L94, M|318/318 par|[from] Volt Switch\n|\n|upkeep\n|\n|t:|1769220370\n|switch|p2a: Jumpluff|Jumpluff, L89, M|209/278\n|turn|26\n|inactive|Zxkra has 120 seconds left.\n|\n|t:|1769220412\n|move|p2a: Jumpluff|Strength Sap|p1a: Gumshoos\n|-unboost|p1a: Gumshoos|atk|1\n|-heal|p2a: Jumpluff|278/278\n|move|p1a: Gumshoos|U-turn|p2a: Jumpluff\n|-damage|p2a: Jumpluff|201/278\n|inactive|Zxkra has 90 seconds left.\n|\n|t:|1769220433\n|switch|p1a: Jynx|Jynx, L89, F|234/260|[from] U-turn\n|\n|upkeep\n|turn|27\n|\n|t:|1769220443\n|switch|p2a: Vaporeon|Vaporeon, L86, F|295/364 psn\n|move|p1a: Jynx|Ice Beam|p2a: Vaporeon\n|-resisted|p2a: Vaporeon\n|-damage|p2a: Vaporeon|220/364 psn\n|-damage|p1a: Jynx|208/260|[from] item: Life Orb\n|\n|-heal|p2a: Vaporeon|242/364 psn|[from] item: Leftovers\n|-damage|p2a: Vaporeon|197/364 psn|[from] psn\n|upkeep\n|turn|28\n|\n|t:|1769220452\n|move|p1a: Jynx|Nasty Plot|p1a: Jynx\n|-boost|p1a: Jynx|spa|2\n|move|p2a: Vaporeon|Wish|p2a: Vaporeon\n|\n|-heal|p2a: Vaporeon|219/364 psn|[from] item: Leftovers\n|-damage|p2a: Vaporeon|174/364 psn|[from] psn\n|upkeep\n|turn|29\n|\n|t:|1769220460\n|move|p2a: Vaporeon|Protect|p2a: Vaporeon\n|-singleturn|p2a: Vaporeon|Protect\n|move|p1a: Jynx|Psyshock|p2a: Vaporeon\n|-activate|p2a: Vaporeon|move: Protect\n|\n|-heal|p2a: Vaporeon|356/364 psn|[from] move: Wish|[wisher] Vaporeon\n|-heal|p2a: Vaporeon|364/364 psn|[from] item: Leftovers\n|-damage|p2a: Vaporeon|319/364 psn|[from] psn\n|upkeep\n|turn|30\n|\n|t:|1769220464\n|move|p1a: Jynx|Psyshock|p2a: Vaporeon\n|-damage|p2a: Vaporeon|0 fnt\n|faint|p2a: Vaporeon\n|-damage|p1a: Jynx|182/260|[from] item: Life Orb\n|\n|upkeep\n|\n|t:|1769220466\n|switch|p2a: Azelf|Azelf, L82|57/257 psn\n|turn|31\n|\n|t:|1769220476\n|switch|p1a: Starmie|Starmie, L84|187/238\n|move|p2a: Azelf|Dazzling Gleam|p1a: Starmie\n|-damage|p1a: Starmie|89/238\n|\n|-heal|p1a: Starmie|103/238|[from] item: Leftovers\n|-damage|p2a: Azelf|25/257 psn|[from] psn\n|upkeep\n|turn|32\n|\n|t:|1769220485\n|move|p1a: Starmie|Recover|p1a: Starmie\n|-heal|p1a: Starmie|222/238\n|move|p2a: Azelf|Dazzling Gleam|p1a: Starmie\n|-damage|p1a: Starmie|116/238\n|\n|-heal|p1a: Starmie|130/238|[from] item: Leftovers\n|-damage|p2a: Azelf|0 fnt|[from] psn\n|faint|p2a: Azelf\n|upkeep\n|\n|t:|1769220495\n|switch|p2a: Jumpluff|Jumpluff, L89, M|201/278\n|turn|33\n|\n|t:|1769220497\n|move|p2a: Jumpluff|Substitute|p2a: Jumpluff\n|-start|p2a: Jumpluff|Substitute\n|-damage|p2a: Jumpluff|132/278\n|move|p1a: Starmie|Toxic||[still]\n|-fail|p1a: Starmie\n|\n|-heal|p1a: Starmie|144/238|[from] item: Leftovers\n|upkeep\n|turn|34\n|\n|t:|1769220503\n|switch|p1a: Zekrom|Zekrom, L74|237/270\n|-ability|p1a: Zekrom|Teravolt\n|move|p2a: Jumpluff|Strength Sap|p1a: Zekrom\n|-unboost|p1a: Zekrom|atk|1\n|-heal|p2a: Jumpluff|278/278\n|\n|upkeep\n|turn|35\n|\n|t:|1769220508\n|move|p2a: Jumpluff|Acrobatics|p1a: Zekrom\n|-resisted|p1a: Zekrom\n|-crit|p1a: Zekrom\n|-damage|p1a: Zekrom|177/270\n|move|p1a: Zekrom|Volt Switch|p2a: Jumpluff\n|-activate|p2a: Jumpluff|move: Substitute|[damage]\n|\n|t:|1769220511\n|switch|p1a: Gumshoos|Gumshoos, L94, M|318/318 par|[from] Volt Switch\n|\n|upkeep\n|turn|36\n|\n|t:|1769220531\n|move|p2a: Jumpluff|Acrobatics|p1a: Gumshoos\n|-damage|p1a: Gumshoos|210/318 par\n|move|p1a: Gumshoos|U-turn|p2a: Jumpluff\n|-end|p2a: Jumpluff|Substitute\n|\n|t:|1769220544\n|switch|p1a: Jynx|Jynx, L89, F|182/260|[from] U-turn\n|\n|upkeep\n|turn|37\n|\n|t:|1769220549\n|move|p2a: Jumpluff|Substitute|p2a: Jumpluff\n|-start|p2a: Jumpluff|Substitute\n|-damage|p2a: Jumpluff|209/278\n|move|p1a: Jynx|Ice Beam|p2a: Jumpluff\n|-supereffective|p2a: Jumpluff\n|-end|p2a: Jumpluff|Substitute\n|-damage|p1a: Jynx|156/260|[from] item: Life Orb\n|\n|upkeep\n|turn|38\n|\n|t:|1769220555\n|move|p2a: Jumpluff|Substitute|p2a: Jumpluff\n|-start|p2a: Jumpluff|Substitute\n|-damage|p2a: Jumpluff|140/278\n|move|p1a: Jynx|Ice Beam|p2a: Jumpluff\n|-supereffective|p2a: Jumpluff\n|-end|p2a: Jumpluff|Substitute\n|-damage|p1a: Jynx|130/260|[from] item: Life Orb\n|\n|upkeep\n|turn|39\n|\n|t:|1769220560\n|move|p2a: Jumpluff|Substitute|p2a: Jumpluff\n|-start|p2a: Jumpluff|Substitute\n|-damage|p2a: Jumpluff|71/278\n|move|p1a: Jynx|Ice Beam|p2a: Jumpluff\n|-supereffective|p2a: Jumpluff\n|-end|p2a: Jumpluff|Substitute\n|-damage|p1a: Jynx|104/260|[from] item: Life Orb\n|\n|upkeep\n|turn|40\n|\n|t:|1769220566\n|move|p2a: Jumpluff|Acrobatics|p1a: Jynx\n|-damage|p1a: Jynx|0 fnt\n|faint|p1a: Jynx\n|\n|upkeep\n|\n|t:|1769220569\n|switch|p1a: Starmie|Starmie, L84|144/238\n|turn|41\n|\n|t:|1769220573\n|move|p2a: Jumpluff|Substitute|p2a: Jumpluff\n|-start|p2a: Jumpluff|Substitute\n|-damage|p2a: Jumpluff|2/278\n|move|p1a: Starmie|Scald|p2a: Jumpluff\n|-resisted|p2a: Jumpluff\n|-activate|p2a: Jumpluff|move: Substitute|[damage]\n|\n|-heal|p1a: Starmie|158/238|[from] item: Leftovers\n|upkeep\n|turn|42\n|\n|t:|1769220579\n|move|p2a: Jumpluff|Strength Sap|p1a: Starmie\n|-unboost|p1a: Starmie|atk|1\n|-heal|p2a: Jumpluff|133/278\n|move|p1a: Starmie|Scald|p2a: Jumpluff\n|-resisted|p2a: Jumpluff\n|-end|p2a: Jumpluff|Substitute\n|\n|-heal|p1a: Starmie|172/238|[from] item: Leftovers\n|upkeep\n|turn|43\n|\n|t:|1769220585\n|move|p2a: Jumpluff|Substitute|p2a: Jumpluff\n|-start|p2a: Jumpluff|Substitute\n|-damage|p2a: Jumpluff|64/278\n|move|p1a: Starmie|Scald|p2a: Jumpluff\n|-resisted|p2a: Jumpluff\n|-activate|p2a: Jumpluff|move: Substitute|[damage]\n|\n|-heal|p1a: Starmie|186/238|[from] item: Leftovers\n|upkeep\n|turn|44\n|\n|t:|1769220588\n|move|p2a: Jumpluff|Leech Seed|p1a: Starmie\n|-start|p1a: Starmie|move: Leech Seed\n|move|p1a: Starmie|Scald|p2a: Jumpluff\n|-resisted|p2a: Jumpluff\n|-end|p2a: Jumpluff|Substitute\n|\n|-heal|p1a: Starmie|200/238|[from] item: Leftovers\n|-damage|p1a: Starmie|171/238|[from] Leech Seed|[of] p2a: Jumpluff\n|-heal|p2a: Jumpluff|93/278|[silent]\n|upkeep\n|turn|45\n|\n|t:|1769220591\n|move|p2a: Jumpluff|Substitute|p2a: Jumpluff\n|-start|p2a: Jumpluff|Substitute\n|-damage|p2a: Jumpluff|24/278\n|move|p1a: Starmie|Rapid Spin|p2a: Jumpluff\n|-activate|p2a: Jumpluff|move: Substitute|[damage]\n|-end|p1a: Starmie|Leech Seed|[from] move: Rapid Spin|[of] p1a: Starmie\n|\n|-heal|p1a: Starmie|185/238|[from] item: Leftovers\n|upkeep\n|turn|46\n|\n|t:|1769220597\n|move|p2a: Jumpluff|Leech Seed|p1a: Starmie\n|-start|p1a: Starmie|move: Leech Seed\n|move|p1a: Starmie|Scald|p2a: Jumpluff\n|-resisted|p2a: Jumpluff\n|-activate|p2a: Jumpluff|move: Substitute|[damage]\n|\n|-heal|p1a: Starmie|199/238|[from] item: Leftovers\n|-damage|p1a: Starmie|170/238|[from] Leech Seed|[of] p2a: Jumpluff\n|-heal|p2a: Jumpluff|53/278|[silent]\n|upkeep\n|turn|47\n|\n|t:|1769220604\n|move|p2a: Jumpluff|Acrobatics|p1a: Starmie\n|-damage|p1a: Starmie|85/238\n|move|p1a: Starmie|Rapid Spin|p2a: Jumpluff\n|-activate|p2a: Jumpluff|move: Substitute|[damage]\n|-end|p1a: Starmie|Leech Seed|[from] move: Rapid Spin|[of] p1a: Starmie\n|\n|-heal|p1a: Starmie|99/238|[from] item: Leftovers\n|upkeep\n|turn|48\n|\n|t:|1769220609\n|move|p2a: Jumpluff|Acrobatics|p1a: Starmie\n|-damage|p1a: Starmie|5/238\n|move|p1a: Starmie|Recover|p1a: Starmie\n|-heal|p1a: Starmie|124/238\n|\n|-heal|p1a: Starmie|138/238|[from] item: Leftovers\n|upkeep\n|turn|49\n|\n|t:|1769220613\n|move|p2a: Jumpluff|Strength Sap|p1a: Starmie\n|-unboost|p1a: Starmie|atk|1\n|-heal|p2a: Jumpluff|140/278\n|move|p1a: Starmie|Recover|p1a: Starmie\n|-heal|p1a: Starmie|238/238\n|\n|upkeep\n|turn|50\n|\n|t:|1769220619\n|move|p2a: Jumpluff|Leech Seed|p1a: Starmie\n|-start|p1a: Starmie|move: Leech Seed\n|move|p1a: Starmie|Scald|p2a: Jumpluff\n|-resisted|p2a: Jumpluff\n|-end|p2a: Jumpluff|Substitute\n|\n|-damage|p1a: Starmie|209/238|[from] Leech Seed|[of] p2a: Jumpluff\n|-heal|p2a: Jumpluff|169/278|[silent]\n|upkeep\n|turn|51\n|\n|t:|1769220624\n|move|p2a: Jumpluff|Substitute|p2a: Jumpluff\n|-start|p2a: Jumpluff|Substitute\n|-damage|p2a: Jumpluff|100/278\n|move|p1a: Starmie|Rapid Spin|p2a: Jumpluff\n|-crit|p2a: Jumpluff\n|-activate|p2a: Jumpluff|move: Substitute|[damage]\n|-end|p1a: Starmie|Leech Seed|[from] move: Rapid Spin|[of] p1a: Starmie\n|\n|-heal|p1a: Starmie|223/238|[from] item: Leftovers\n|upkeep\n|turn|52\n|\n|t:|1769220631\n|move|p2a: Jumpluff|Leech Seed|p1a: Starmie\n|-start|p1a: Starmie|move: Leech Seed\n|move|p1a: Starmie|Scald|p2a: Jumpluff\n|-resisted|p2a: Jumpluff\n|-activate|p2a: Jumpluff|move: Substitute|[damage]\n|\n|-heal|p1a: Starmie|237/238|[from] item: Leftovers\n|-damage|p1a: Starmie|208/238|[from] Leech Seed|[of] p2a: Jumpluff\n|-heal|p2a: Jumpluff|129/278|[silent]\n|upkeep\n|turn|53\n|\n|t:|1769220637\n|switch|p1a: Gumshoos|Gumshoos, L94, M|210/318 par\n|move|p2a: Jumpluff|Acrobatics|p1a: Gumshoos\n|-damage|p1a: Gumshoos|105/318 par\n|\n|upkeep\n|turn|54\n|\n|t:|1769220640\n|move|p2a: Jumpluff|Acrobatics|p1a: Gumshoos\n|-damage|p1a: Gumshoos|0 fnt\n|faint|p1a: Gumshoos\n|\n|upkeep\n|\n|t:|1769220654\n|switch|p1a: Starmie|Starmie, L84|208/238\n|turn|55\n|\n|t:|1769220659\n|move|p2a: Jumpluff|Leech Seed|p1a: Starmie\n|-start|p1a: Starmie|move: Leech Seed\n|move|p1a: Starmie|Scald|p2a: Jumpluff\n|-resisted|p2a: Jumpluff\n|-crit|p2a: Jumpluff\n|-end|p2a: Jumpluff|Substitute\n|\n|-heal|p1a: Starmie|222/238|[from] item: Leftovers\n|-damage|p1a: Starmie|193/238|[from] Leech Seed|[of] p2a: Jumpluff\n|-heal|p2a: Jumpluff|158/278|[silent]\n|upkeep\n|turn|56\n|\n|t:|1769220665\n|move|p2a: Jumpluff|Substitute|p2a: Jumpluff\n|-start|p2a: Jumpluff|Substitute\n|-damage|p2a: Jumpluff|89/278\n|move|p1a: Starmie|Rapid Spin|p2a: Jumpluff\n|-crit|p2a: Jumpluff\n|-activate|p2a: Jumpluff|move: Substitute|[damage]\n|-end|p1a: Starmie|Leech Seed|[from] move: Rapid Spin|[of] p1a: Starmie\n|\n|-heal|p1a: Starmie|207/238|[from] item: Leftovers\n|upkeep\n|turn|57\n|\n|t:|1769220671\n|switch|p1a: Zekrom|Zekrom, L74|177/270\n|-ability|p1a: Zekrom|Teravolt\n|move|p2a: Jumpluff|Strength Sap|p1a: Zekrom\n|-unboost|p1a: Zekrom|atk|1\n|-heal|p2a: Jumpluff|278/278\n|\n|upkeep\n|turn|58\n|\n|t:|1769220681\n|move|p2a: Jumpluff|Acrobatics|p1a: Zekrom\n|-resisted|p1a: Zekrom\n|-damage|p1a: Zekrom|137/270\n|move|p1a: Zekrom|Volt Switch|p2a: Jumpluff\n|-end|p2a: Jumpluff|Substitute\n|\n|t:|1769220683\n|switch|p1a: Starmie|Starmie, L84|207/238|[from] Volt Switch\n|\n|-heal|p1a: Starmie|221/238|[from] item: Leftovers\n|upkeep\n|turn|59\n|\n|t:|1769220694\n|move|p2a: Jumpluff|Substitute|p2a: Jumpluff\n|-start|p2a: Jumpluff|Substitute\n|-damage|p2a: Jumpluff|209/278\n|move|p1a: Starmie|Scald|p2a: Jumpluff\n|-resisted|p2a: Jumpluff\n|-activate|p2a: Jumpluff|move: Substitute|[damage]\n|\n|-heal|p1a: Starmie|235/238|[from] item: Leftovers\n|upkeep\n|turn|60\n|\n|t:|1769220701\n|move|p2a: Jumpluff|Leech Seed|p1a: Starmie\n|-start|p1a: Starmie|move: Leech Seed\n|move|p1a: Starmie|Scald|p2a: Jumpluff\n|-resisted|p2a: Jumpluff\n|-end|p2a: Jumpluff|Substitute\n|\n|-heal|p1a: Starmie|238/238|[from] item: Leftovers\n|-damage|p1a: Starmie|209/238|[from] Leech Seed|[of] p2a: Jumpluff\n|-heal|p2a: Jumpluff|238/278|[silent]\n|upkeep\n|turn|61\n|\n|t:|1769220706\n|move|p2a: Jumpluff|Substitute|p2a: Jumpluff\n|-start|p2a: Jumpluff|Substitute\n|-damage|p2a: Jumpluff|169/278\n|move|p1a: Starmie|Rapid Spin|p2a: Jumpluff\n|-activate|p2a: Jumpluff|move: Substitute|[damage]\n|-end|p1a: Starmie|Leech Seed|[from] move: Rapid Spin|[of] p1a: Starmie\n|\n|-heal|p1a: Starmie|223/238|[from] item: Leftovers\n|upkeep\n|turn|62\n|\n|t:|1769220711\n|move|p2a: Jumpluff|Acrobatics|p1a: Starmie\n|-damage|p1a: Starmie|132/238\n|move|p1a: Starmie|Rapid Spin|p2a: Jumpluff\n|-activate|p2a: Jumpluff|move: Substitute|[damage]\n|\n|-heal|p1a: Starmie|146/238|[from] item: Leftovers\n|upkeep\n|turn|63\n|\n|t:|1769220717\n|move|p2a: Jumpluff|Acrobatics|p1a: Starmie\n|-damage|p1a: Starmie|59/238\n|move|p1a: Starmie|Recover|p1a: Starmie\n|-heal|p1a: Starmie|178/238\n|\n|-heal|p1a: Starmie|192/238|[from] item: Leftovers\n|upkeep\n|turn|64\n|\n|t:|1769220722\n|move|p2a: Jumpluff|Leech Seed|p1a: Starmie\n|-start|p1a: Starmie|move: Leech Seed\n|move|p1a: Starmie|Scald|p2a: Jumpluff\n|-resisted|p2a: Jumpluff\n|-activate|p2a: Jumpluff|move: Substitute|[damage]\n|\n|-heal|p1a: Starmie|206/238|[from] item: Leftovers\n|-damage|p1a: Starmie|177/238|[from] Leech Seed|[of] p2a: Jumpluff\n|-heal|p2a: Jumpluff|198/278|[silent]\n|upkeep\n|turn|65\n|\n|t:|1769220730\n|switch|p1a: Zekrom|Zekrom, L74|137/270\n|-ability|p1a: Zekrom|Teravolt\n|move|p2a: Jumpluff|Acrobatics|p1a: Zekrom\n|-resisted|p1a: Zekrom\n|-damage|p1a: Zekrom|95/270\n|\n|upkeep\n|turn|66\n|\n|t:|1769220738\n|move|p2a: Jumpluff|Acrobatics|p1a: Zekrom\n|-resisted|p1a: Zekrom\n|-damage|p1a: Zekrom|59/270\n|move|p1a: Zekrom|Volt Switch|p2a: Jumpluff\n|-end|p2a: Jumpluff|Substitute\n|\n|t:|1769220739\n|switch|p1a: Starmie|Starmie, L84|177/238|[from] Volt Switch\n|\n|-heal|p1a: Starmie|191/238|[from] item: Leftovers\n|upkeep\n|turn|67\n|\n|t:|1769220749\n|move|p2a: Jumpluff|Substitute|p2a: Jumpluff\n|-start|p2a: Jumpluff|Substitute\n|-damage|p2a: Jumpluff|129/278\n|move|p1a: Starmie|Scald|p2a: Jumpluff\n|-resisted|p2a: Jumpluff\n|-activate|p2a: Jumpluff|move: Substitute|[damage]\n|\n|-heal|p1a: Starmie|205/238|[from] item: Leftovers\n|upkeep\n|turn|68\n|\n|t:|1769220754\n|move|p2a: Jumpluff|Leech Seed|p1a: Starmie\n|-start|p1a: Starmie|move: Leech Seed\n|move|p1a: Starmie|Scald|p2a: Jumpluff\n|-resisted|p2a: Jumpluff\n|-end|p2a: Jumpluff|Substitute\n|\n|-heal|p1a: Starmie|219/238|[from] item: Leftovers\n|-damage|p1a: Starmie|190/238|[from] Leech Seed|[of] p2a: Jumpluff\n|-heal|p2a: Jumpluff|158/278|[silent]\n|upkeep\n|turn|69\n|\n|t:|1769220760\n|move|p2a: Jumpluff|Substitute|p2a: Jumpluff\n|-start|p2a: Jumpluff|Substitute\n|-damage|p2a: Jumpluff|89/278\n|move|p1a: Starmie|Rapid Spin|p2a: Jumpluff\n|-activate|p2a: Jumpluff|move: Substitute|[damage]\n|-end|p1a: Starmie|Leech Seed|[from] move: Rapid Spin|[of] p1a: Starmie\n|\n|-heal|p1a: Starmie|204/238|[from] item: Leftovers\n|upkeep\n|turn|70\n|\n|t:|1769220768\n|move|p2a: Jumpluff|Leech Seed|p1a: Starmie\n|-start|p1a: Starmie|move: Leech Seed\n|move|p1a: Starmie|Scald|p2a: Jumpluff\n|-resisted|p2a: Jumpluff\n|-activate|p2a: Jumpluff|move: Substitute|[damage]\n|\n|-heal|p1a: Starmie|218/238|[from] item: Leftovers\n|-damage|p1a: Starmie|189/238|[from] Leech Seed|[of] p2a: Jumpluff\n|-heal|p2a: Jumpluff|118/278|[silent]\n|upkeep\n|turn|71\n|\n|t:|1769220774\n|move|p2a: Jumpluff|Acrobatics|p1a: Starmie\n|-damage|p1a: Starmie|104/238\n|move|p1a: Starmie|Scald|p2a: Jumpluff\n|-resisted|p2a: Jumpluff\n|-end|p2a: Jumpluff|Substitute\n|\n|-heal|p1a: Starmie|118/238|[from] item: Leftovers\n|-damage|p1a: Starmie|89/238|[from] Leech Seed|[of] p2a: Jumpluff\n|-heal|p2a: Jumpluff|147/278|[silent]\n|upkeep\n|turn|72\n|\n|t:|1769220783\n|move|p2a: Jumpluff|Acrobatics|p1a: Starmie\n|-damage|p1a: Starmie|0 fnt\n|faint|p1a: Starmie\n|\n|upkeep\n|\n|t:|1769220785\n|switch|p1a: Zekrom|Zekrom, L74|59/270\n|-ability|p1a: Zekrom|Teravolt\n|turn|73\n|\n|t:|1769220795\n|move|p2a: Jumpluff|Strength Sap|p1a: Zekrom\n|-unboost|p1a: Zekrom|atk|1\n|-heal|p2a: Jumpluff|278/278\n|move|p1a: Zekrom|Bolt Strike|p2a: Jumpluff\n|-damage|p2a: Jumpluff|169/278\n|\n|upkeep\n|turn|74\n|\n|t:|1769220799\n|move|p2a: Jumpluff|Strength Sap|p1a: Zekrom\n|-unboost|p1a: Zekrom|atk|1\n|-heal|p2a: Jumpluff|278/278\n|move|p1a: Zekrom|Bolt Strike|p2a: Jumpluff\n|-damage|p2a: Jumpluff|193/278\n|\n|upkeep\n|turn|75\n|\n|t:|1769220806\n|move|p2a: Jumpluff|Leech Seed|p1a: Zekrom\n|-start|p1a: Zekrom|move: Leech Seed\n|move|p1a: Zekrom|Bolt Strike|p2a: Jumpluff|[miss]\n|-miss|p1a: Zekrom|p2a: Jumpluff\n|\n|-damage|p1a: Zekrom|26/270|[from] Leech Seed|[of] p2a: Jumpluff\n|-heal|p2a: Jumpluff|226/278|[silent]\n|upkeep\n|turn|76\n|\n|t:|1769220811\n|move|p2a: Jumpluff|Acrobatics|p1a: Zekrom\n|-resisted|p1a: Zekrom\n|-damage|p1a: Zekrom|0 fnt\n|faint|p1a: Zekrom\n|\n|win|bin2409\n|raw|Zxkra's rating: 1700 &rarr; <strong>1686</strong><br />(-14 for losing)\n|raw|bin2409's rating: 1809 &rarr; <strong>1823</strong><br />(+14 for winning)\n|c|☆bin2409|Gg\n|l|☆Zxkra\n|player|p1|\n", "inputlog": ">version dd3d52b8382d73d1dd2c67730c4067df325ab790\n>start {\"formatid\":\"gen7randombattle\",\"seed\":\"sodium,3f64493485beee945ec772f9c49911c8\",\"rated\":\"Rated battle\"}\n>player p1 {\"name\":\"Zxkra\",\"avatar\":\"cynthia-gen4\",\"rating\":1700,\"seed\":\"sodium,23fb905f743569f5a964727a98f082b4\"}\n>player p2 {\"name\":\"bin2409\",\"avatar\":\"lucas-gen4pt\",\"rating\":1809,\"seed\":\"sodium,3984903b192861b54b65b8b7387a08b2\"}\n>p1 move uturn\n>p2 move thunderwave\n>p1 switch 6\n>p1 move toxicspikes\n>p2 switch 3\n>p1 switch 5\n>p2 move psychic\n>p1 move pursuit\n>p2 switch 6\n>p1 move knockoff\n>p2 move scald\n>p1 switch 4\n>p2 move scald\n>p1 move scald\n>p2 move scald\n>p2 switch 2\n>p1 switch 5\n>p2 move knockoff\n>p1 move fireblast\n>p2 switch 5\n>p1 move painsplit\n>p2 move scald\n>p1 switch 3\n>p2 move scald\n>p1 move nastyplot\n>p2 move wish\n>p1 move psyshock\n>p2 switch 5\n>p1 switch 3\n>p2 move ironhead\n>p1 switch 5\n>p1 move scald\n>p2 switch 5\n>p1 switch 2\n>p2 move wish\n>p1 move voltswitch\n>p2 switch 3\n>p1 switch 6\n>p1 move return\n>p2 move thunderwave\n>p2 switch 4\n>p1 switch 6\n>p2 move leechseed\n>p1 move voltswitch\n>p2 move substitute\n>p1 switch 6\n>p1 move uturn\n>p2 move leechseed\n>p1 switch 4\n>p1 move knockoff\n>p2 switch 5\n>p1 move knockoff\n>p2 move megahorn\n>p1 move pursuit\n>p2 move ironhead\n>p1 switch 6\n>p1 move voltswitch\n>p2 move megahorn\n>p1 switch 4\n>p2 switch 5\n>p1 move uturn\n>p2 move strengthsap\n>p1 switch 3\n>p1 move icebeam\n>p2 switch 3\n>p1 move nastyplot\n>p2 move wish\n>p1 move psyshock\n>p2 move protect\n>p1 move psyshock\n>p2 move icebeam\n>p2 switch 6\n>p1 switch 2\n>p2 move dazzlinggleam\n>p1 move recover\n>p2 move dazzlinggleam\n>p2 switch 3\n>p1 move toxic\n>p2 move substitute\n>p1 switch 4\n>p2 move strengthsap\n>p1 move voltswitch\n>p2 move acrobatics\n>p1 switch 3\n>p1 move uturn\n>p2 move acrobatics\n>p1 switch 2\n>p1 move icebeam\n>p2 move substitute\n>p1 move icebeam\n>p2 move substitute\n>p1 move icebeam\n>p2 move substitute\n>p1 move icebeam\n>p2 move acrobatics\n>p1 switch 4\n>p1 move scald\n>p2 move substitute\n>p1 move scald\n>p2 move strengthsap\n>p1 move scald\n>p2 move substitute\n>p1 move scald\n>p2 move leechseed\n>p1 move rapidspin\n>p2 move substitute\n>p1 move scald\n>p2 move leechseed\n>p1 move rapidspin\n>p2 move acrobatics\n>p1 move recover\n>p2 move acrobatics\n>p1 move recover\n>p2 move strengthsap\n>p1 move scald\n>p2 move leechseed\n>p1 move rapidspin\n>p2 move substitute\n>p1 move scald\n>p2 move leechseed\n>p1 switch 2\n>p2 move acrobatics\n>p1 move uturn\n>p2 move acrobatics\n>p1 switch 2\n>p1 move scald\n>p2 move leechseed\n>p1 move rapidspin\n>p2 move substitute\n>p1 switch 3\n>p2 move strengthsap\n>p1 move voltswitch\n>p2 move acrobatics\n>p1 switch 3\n>p1 move scald\n>p2 move substitute\n>p1 move scald\n>p2 move leechseed\n>p1 move rapidspin\n>p2 move substitute\n>p1 move rapidspin\n>p2 move acrobatics\n>p1 move recover\n>p2 move acrobatics\n>p1 move scald\n>p2 move leechseed\n>p1 switch 3\n>p2 move acrobatics\n>p1 move voltswitch\n>p2 move acrobatics\n>p1 switch 3\n>p1 move scald\n>p2 move substitute\n>p1 move scald\n>p2 move leechseed\n>p1 move rapidspin\n>p2 move substitute\n>p1 move scald\n>p2 move leechseed\n>p1 move scald\n>p2 move acrobatics\n>p1 move recover\n>p2 move acrobatics\n>p1 switch 3\n>p1 move boltstrike\n>p2 move strengthsap\n>p1 move boltstrike\n>p2 move strengthsap\n>p1 move boltstrike\n>p2 move leechseed\n>p1 move outrage\n>p2 move acrobatics", "uploadtime": 1769220820, "views": 197, "formatid": "gen7randombattle", "rating": 1686, "private": 0, "password": null}