{"id": "gen7randombattle-2524312882", "format": "[Gen 7] Random Battle", "players": ["Krak-Re", "bcrichi_999"], "log": "|j|☆Krak-Re\n|j|☆bcrichi_999\n|t:|1769130156\n|gametype|singles\n|player|p1|Krak-Re|266|1650\n|player|p2|bcrichi_999|1|1590\n|gen|7\n|tier|[Gen 7] Random Battle\n|rated|\n|rule|Sleep Clause Mod: Limit one foe put to sleep\n|rule|HP Percentage Mod: HP is shown in percentages\n|rule|Illusion Level Mod: Illusion disguises the Pokémon's true level\n|\n|t:|1769130156\n|teamsize|p1|6\n|teamsize|p2|6\n|start\n|switch|p1a: Camerupt|Camerupt, L88, M|266/266\n|switch|p2a: Swalot|Swalot, L90, F|326/326\n|turn|1\n|inactive|Battle timer is ON: inactive players will automatically lose when time's up. (requested by Krak-Re)\n|inactive|bcrichi_999 has 120 seconds left.\n|\n|t:|1769130190\n|detailschange|p1a: Camerupt|Camerupt-Mega, L88, M\n|-mega|p1a: Camerupt|Camerupt|Cameruptite\n|move|p2a: Swalot|Protect|p2a: Swalot\n|-singleturn|p2a: Swalot|Protect\n|move|p1a: Camerupt|Stealth Rock|p2a: Swalot\n|-sidestart|p2: bcrichi_999|move: Stealth Rock\n|\n|upkeep\n|turn|2\n|inactive|Krak-Re has 120 seconds left.\n|\n|t:|1769130224\n|move|p2a: Swalot|Earthquake|p1a: Camerupt\n|-supereffective|p1a: Camerupt\n|-damage|p1a: Camerupt|152/266\n|move|p1a: Camerupt|Earth Power|p2a: Swalot\n|-supereffective|p2a: Swalot\n|-damage|p2a: Swalot|0 fnt\n|faint|p2a: Swalot\n|\n|upkeep\n|\n|t:|1769130246\n|switch|p2a: Guzzlord|Guzzlord, L86|524/524\n|-damage|p2a: Guzzlord|459/524|[from] Stealth Rock\n|turn|3\n|\n|t:|1769130261\n|switch|p1a: Masquerain|Masquerain, L87, M|263/263\n|-ability|p1a: Masquerain|Intimidate|boost\n|-unboost|p2a: Guzzlord|atk|1\n|move|p2a: Guzzlord|Earthquake|p1a: Masquerain\n|-immune|p1a: Masquerain\n|\n|upkeep\n|turn|4\n|\n|t:|1769130265\n|move|p1a: Masquerain|Sticky Web|p2a: Guzzlord\n|-sidestart|p2: bcrichi_999|move: Sticky Web\n|move|p2a: Guzzlord|Knock Off|p1a: Masquerain\n|-damage|p1a: Masquerain|173/263\n|-enditem|p1a: Masquerain|Leftovers|[from] move: Knock Off|[of] p2a: Guzzlord\n|\n|upkeep\n|turn|5\n|\n|t:|1769130278\n|move|p1a: Masquerain|U-turn|p2a: Guzzlord\n|-supereffective|p2a: Guzzlord\n|-damage|p2a: Guzzlord|309/524\n|\n|t:|1769130280\n|switch|p1a: Hitmontop|Hitmontop, L90, M|236/236|[from] U-turn\n|-ability|p1a: Hitmontop|Intimidate|boost\n|-unboost|p2a: Guzzlord|atk|1\n|move|p2a: Guzzlord|Draco Meteor|p1a: Hitmontop\n|-damage|p1a: Hitmontop|163/236\n|-unboost|p2a: Guzzlord|spa|2\n|\n|upkeep\n|turn|6\n|\n|t:|1769130290\n|switch|p2a: Mew|Mew, L80|291/291\n|-damage|p2a: Mew|255/291|[from] Stealth Rock\n|-activate|p2a: Mew|move: Sticky Web\n|-unboost|p2a: Mew|spe|1\n|move|p1a: Hitmontop|Close Combat|p2a: Mew\n|-resisted|p2a: Mew\n|-damage|p2a: Mew|189/291\n|-unboost|p1a: Hitmontop|def|1\n|-unboost|p1a: Hitmontop|spd|1\n|\n|upkeep\n|turn|7\n|\n|t:|1769130301\n|switch|p1a: Lickilicky|Lickilicky, L89, F|341/341\n|-zpower|p2a: Mew\n|move|p2a: Mew|Genesis Supernova|p1a: Lickilicky|[zeffect]\n|-damage|p1a: Lickilicky|238/341\n|-fieldstart|move: Psychic Terrain\n|\n|upkeep\n|turn|8\n|\n|t:|1769130310\n|move|p1a: Lickilicky|Body Slam|p2a: Mew\n|-damage|p2a: Mew|104/291\n|move|p2a: Mew|Roost|p2a: Mew\n|-heal|p2a: Mew|250/291\n|-singleturn|p2a: Mew|move: Roost\n|\n|upkeep\n|turn|9\n|\n|t:|1769130316\n|move|p1a: Lickilicky|Body Slam|p2a: Mew\n|-damage|p2a: Mew|166/291\n|move|p2a: Mew|Nasty Plot|p2a: Mew\n|-boost|p2a: Mew|spa|2\n|\n|upkeep\n|turn|10\n|\n|t:|1769130320\n|move|p2a: Mew|Aura Sphere|p1a: Lickilicky\n|-supereffective|p1a: Lickilicky\n|-damage|p1a: Lickilicky|122/341\n|move|p1a: Lickilicky|Dragon Tail|p2a: Mew\n|-damage|p2a: Mew|127/291\n|drag|p2a: Camerupt|Camerupt, L88, M|266/266\n|-damage|p2a: Camerupt|233/266|[from] Stealth Rock\n|-activate|p2a: Camerupt|move: Sticky Web\n|-unboost|p2a: Camerupt|spe|1\n|\n|upkeep\n|turn|11\n|\n|t:|1769130330\n|move|p1a: Lickilicky|Earthquake|p2a: Camerupt\n|-supereffective|p2a: Camerupt\n|-damage|p2a: Camerupt|109/266\n|move|p2a: Camerupt|Will-O-Wisp|p1a: Lickilicky\n|-status|p1a: Lickilicky|brn\n|\n|-damage|p1a: Lickilicky|101/341 brn|[from] brn\n|-fieldend|move: Psychic Terrain\n|upkeep\n|turn|12\n|\n|t:|1769130336\n|move|p1a: Lickilicky|Earthquake|p2a: Camerupt\n|-supereffective|p2a: Camerupt\n|-damage|p2a: Camerupt|48/266\n|move|p2a: Camerupt|Ancient Power|p1a: Lickilicky\n|-damage|p1a: Lickilicky|70/341 brn\n|\n|-damage|p1a: Lickilicky|49/341 brn|[from] brn\n|upkeep\n|turn|13\n|\n|t:|1769130348\n|switch|p2a: Mew|Mew, L80|127/291\n|-damage|p2a: Mew|91/291|[from] Stealth Rock\n|-activate|p2a: Mew|move: Sticky Web\n|-unboost|p2a: Mew|spe|1\n|move|p1a: Lickilicky|Earthquake|p2a: Mew\n|-damage|p2a: Mew|57/291\n|\n|-damage|p1a: Lickilicky|28/341 brn|[from] brn\n|upkeep\n|turn|14\n|\n|t:|1769130355\n|move|p1a: Lickilicky|Body Slam||[still]\n|-damage|p2a: Mew|13/291\n|-status|p2a: Mew|par\n|-activate|p2a: Mew|ability: Synchronize\n|-fail|p2a: Mew\n|move|p2a: Mew|Roost|p2a: Mew\n|-heal|p2a: Mew|159/291 par\n|-singleturn|p2a: Mew|move: Roost\n|\n|-damage|p1a: Lickilicky|7/341 brn|[from] brn\n|upkeep\n|turn|15\n|\n|t:|1769130366\n|move|p2a: Mew|Roost|p2a: Mew\n|-heal|p2a: Mew|291/291 par\n|-singleturn|p2a: Mew|move: Roost\n|move|p1a: Lickilicky|Dragon Tail|p2a: Mew\n|-damage|p2a: Mew|271/291 par\n|drag|p2a: Beartic|Beartic, L92, F|323/323\n|-damage|p2a: Beartic|243/323|[from] Stealth Rock\n|-activate|p2a: Beartic|move: Sticky Web\n|-unboost|p2a: Beartic|spe|1\n|\n|-damage|p1a: Lickilicky|0 fnt|[from] brn\n|faint|p1a: Lickilicky\n|upkeep\n|\n|t:|1769130376\n|switch|p1a: Hitmontop|Hitmontop, L90, M|163/236\n|-ability|p1a: Hitmontop|Intimidate|boost\n|-unboost|p2a: Beartic|atk|1\n|turn|16\n|\n|t:|1769130382\n|switch|p2a: Camerupt|Camerupt, L88, M|48/266\n|-damage|p2a: Camerupt|15/266|[from] Stealth Rock\n|-activate|p2a: Camerupt|move: Sticky Web\n|-unboost|p2a: Camerupt|spe|1\n|move|p1a: Hitmontop|Close Combat|p2a: Camerupt\n|-damage|p2a: Camerupt|0 fnt\n|-unboost|p1a: Hitmontop|def|1\n|-unboost|p1a: Hitmontop|spd|1\n|faint|p2a: Camerupt\n|\n|upkeep\n|\n|t:|1769130391\n|switch|p2a: Mew|Mew, L80|271/291 par\n|-damage|p2a: Mew|235/291 par|[from] Stealth Rock\n|-activate|p2a: Mew|move: Sticky Web\n|-unboost|p2a: Mew|spe|1\n|turn|17\n|\n|t:|1769130396\n|switch|p1a: Masquerain|Masquerain, L87, M|173/263\n|-ability|p1a: Masquerain|Intimidate|boost\n|-unboost|p2a: Mew|atk|1\n|move|p2a: Mew|Psychic|p1a: Masquerain\n|-damage|p1a: Masquerain|83/263\n|\n|upkeep\n|turn|18\n|\n|t:|1769130405\n|switch|p2a: Guzzlord|Guzzlord, L86|309/524\n|-damage|p2a: Guzzlord|244/524|[from] Stealth Rock\n|-activate|p2a: Guzzlord|move: Sticky Web\n|-unboost|p2a: Guzzlord|spe|1\n|move|p1a: Masquerain|Air Slash|p2a: Guzzlord\n|-damage|p2a: Guzzlord|169/524\n|\n|upkeep\n|turn|19\n|\n|t:|1769130416\n|move|p1a: Masquerain|U-turn|p2a: Guzzlord\n|-supereffective|p2a: Guzzlord\n|-damage|p2a: Guzzlord|0 fnt\n|faint|p2a: Guzzlord\n|\n|t:|1769130420\n|switch|p1a: Camerupt|Camerupt-Mega, L88, M|152/266|[from] U-turn\n|\n|upkeep\n|\n|t:|1769130425\n|switch|p2a: Beartic|Beartic, L92, F|243/323\n|-damage|p2a: Beartic|163/323|[from] Stealth Rock\n|-activate|p2a: Beartic|move: Sticky Web\n|-unboost|p2a: Beartic|spe|1\n|turn|20\n|\n|t:|1769130434\n|switch|p1a: Weezing|Weezing, L87, F|255/255\n|move|p2a: Beartic|Aqua Jet|p1a: Weezing\n|-damage|p1a: Weezing|208/255\n|\n|-heal|p1a: Weezing|223/255|[from] item: Black Sludge\n|upkeep\n|turn|21\n|\n|t:|1769130440\n|switch|p2a: Mew|Mew, L80|235/291 par\n|-damage|p2a: Mew|199/291 par|[from] Stealth Rock\n|-activate|p2a: Mew|move: Sticky Web\n|-unboost|p2a: Mew|spe|1\n|move|p1a: Weezing|Sludge Bomb|p2a: Mew\n|-damage|p2a: Mew|108/291 par\n|\n|-heal|p1a: Weezing|238/255|[from] item: Black Sludge\n|upkeep\n|turn|22\n|\n|t:|1769130447\n|switch|p1a: Camerupt|Camerupt-Mega, L88, M|152/266\n|cant|p2a: Mew|par\n|\n|upkeep\n|turn|23\n|\n|t:|1769130452\n|move|p1a: Camerupt|Earth Power|p2a: Mew\n|-damage|p2a: Mew|0 fnt\n|faint|p2a: Mew\n|\n|upkeep\n|\n|t:|1769130463\n|switch|p2a: Beartic|Beartic, L92, F|163/323\n|-damage|p2a: Beartic|83/323|[from] Stealth Rock\n|-activate|p2a: Beartic|move: Sticky Web\n|-unboost|p2a: Beartic|spe|1\n|turn|24\n|\n|t:|1769130469\n|switch|p1a: Masquerain|Masquerain, L87, M|83/263\n|-ability|p1a: Masquerain|Intimidate|boost\n|-unboost|p2a: Beartic|atk|1\n|move|p2a: Beartic|Icicle Crash|p1a: Masquerain\n|-supereffective|p1a: Masquerain\n|-damage|p1a: Masquerain|0 fnt\n|faint|p1a: Masquerain\n|\n|upkeep\n|\n|t:|1769130476\n|switch|p1a: Tentacruel|Tentacruel, L83, M|268/268\n|turn|25\n|\n|t:|1769130480\n|move|p1a: Tentacruel|Sludge Bomb|p2a: Beartic\n|-damage|p2a: Beartic|2/323\n|move|p2a: Beartic|Icicle Crash|p1a: Tentacruel\n|-resisted|p1a: Tentacruel\n|-damage|p1a: Tentacruel|181/268\n|\n|-heal|p1a: Tentacruel|197/268|[from] item: Black Sludge\n|upkeep\n|turn|26\n|\n|t:|1769130486\n|move|p1a: Tentacruel|Sludge Bomb|p2a: Beartic\n|-damage|p2a: Beartic|0 fnt\n|faint|p2a: Beartic\n|\n|-heal|p1a: Tentacruel|213/268|[from] item: Black Sludge\n|upkeep\n|\n|t:|1769130488\n|switch|p2a: Stoutland|Stoutland, L86, M|286/286\n|-damage|p2a: Stoutland|251/286|[from] Stealth Rock\n|-activate|p2a: Stoutland|move: Sticky Web\n|-unboost|p2a: Stoutland|spe|1\n|turn|27\n|\n|t:|1769130494\n|move|p1a: Tentacruel|Knock Off|p2a: Stoutland\n|-damage|p2a: Stoutland|203/286\n|-enditem|p2a: Stoutland|Choice Scarf|[from] move: Knock Off|[of] p1a: Tentacruel\n|move|p2a: Stoutland|Facade|p1a: Tentacruel\n|-damage|p1a: Tentacruel|111/268\n|\n|-heal|p1a: Tentacruel|127/268|[from] item: Black Sludge\n|upkeep\n|turn|28\n|\n|t:|1769130503\n|move|p1a: Tentacruel|Sludge Bomb|p2a: Stoutland\n|-damage|p2a: Stoutland|130/286\n|move|p2a: Stoutland|Return|p1a: Tentacruel\n|-damage|p1a: Tentacruel|0 fnt\n|faint|p1a: Tentacruel\n|\n|upkeep\n|\n|t:|1769130508\n|switch|p1a: Hitmontop|Hitmontop, L90, M|163/236\n|-ability|p1a: Hitmontop|Intimidate|boost\n|-unboost|p2a: Stoutland|atk|1\n|turn|29\n|\n|t:|1769130516\n|move|p1a: Hitmontop|Close Combat|p2a: Stoutland\n|-supereffective|p2a: Stoutland\n|-damage|p2a: Stoutland|0 fnt\n|-unboost|p1a: Hitmontop|def|1\n|-unboost|p1a: Hitmontop|spd|1\n|faint|p2a: Stoutland\n|\n|win|Krak-Re\n|raw|Krak-Re's rating: 1650 &rarr; <strong>1667</strong><br />(+17 for winning)\n|raw|bcrichi_999's rating: 1590 &rarr; <strong>1573</strong><br />(-17 for losing)\n|l|☆bcrichi_999\n|player|p2|\n", "inputlog": ">version dd3d52b8382d73d1dd2c67730c4067df325ab790\n>start {\"formatid\":\"gen7randombattle\",\"seed\":\"sodium,05f49655b5d25f1a363214d48ffb270e\",\"rated\":\"Rated battle\"}\n>player p1 {\"name\":\"Krak-Re\",\"avatar\":\"266\",\"rating\":1650,\"seed\":\"sodium,7dc51bb2f2362c9c2314a69e781d8c3a\"}\n>player p2 {\"name\":\"bcrichi_999\",\"avatar\":\"1\",\"rating\":1590,\"seed\":\"sodium,3ebdda7822ec2b75fbfc5fc10a521e9a\"}\n>p1 move stealthrock mega\n>p2 move protect\n>p1 move earthpower\n>p2 move earthquake\n>p2 switch 3\n>p1 switch 5\n>p2 move earthquake\n>p1 move stickyweb\n>p2 move knockoff\n>p1 move uturn\n>p2 move dracometeor\n>p1 switch 6\n>p1 move closecombat\n>p2 switch 5\n>p1 switch 3\n>p2 move psychic zmove\n>p1 move bodyslam\n>p2 move roost\n>p1 move bodyslam\n>p2 move nastyplot\n>p1 move dragontail\n>p2 move aurasphere\n>p1 move earthquake\n>p2 move willowisp\n>p1 move earthquake\n>p2 move ancientpower\n>p1 move earthquake\n>p2 switch 2\n>p1 move bodyslam\n>p2 move roost\n>p1 move dragontail\n>p2 move roost\n>p1 switch 3\n>p1 move closecombat\n>p2 switch 2\n>p2 switch 4\n>p1 switch 6\n>p2 move psychic\n>p1 move airslash\n>p2 switch 5\n>p1 move uturn\n>p2 move heavyslam\n>p1 switch 5\n>p2 switch 2\n>p1 switch 2\n>p2 move aquajet\n>p1 move sludgebomb\n>p2 switch 5\n>p1 switch 2\n>p2 move roost\n>p1 move earthpower\n>p2 move roost\n>p2 switch 5\n>p1 switch 5\n>p2 move iciclecrash\n>p1 switch 4\n>p1 move sludgebomb\n>p2 move iciclecrash\n>p1 move sludgebomb\n>p2 move iciclecrash\n>p2 switch 6\n>p1 move knockoff\n>p2 move facade\n>p1 move sludgebomb\n>p2 move return\n>p1 switch 6\n>p1 move closecombat\n>p2 move return", "uploadtime": 1769130520, "views": 152, "formatid": "gen7randombattle", "rating": 1573, "private": 0, "password": null}