{"id": "gen7randombattle-2537888393", "format": "[Gen 7] Random Battle", "players": ["NTsweeper007", "Kitsune247"], "log": "|j|☆NTsweeper007\n|j|☆Kitsune247\n|t:|1770859831\n|gametype|singles\n|player|p1|NTsweeper007|hilbert-wonderlauncher|1790\n|player|p2|Kitsune247|roxie|1804\n|gen|7\n|tier|[Gen 7] Random Battle\n|rated|\n|rule|Sleep Clause Mod: Limit one foe put to sleep\n|rule|HP Percentage Mod: HP is shown in percentages\n|rule|Illusion Level Mod: Illusion disguises the Pokémon's true level\n|\n|t:|1770859831\n|teamsize|p1|6\n|teamsize|p2|6\n|start\n|switch|p1a: Azumarill|Azumarill, L81, M|295/295\n|switch|p2a: Hariyama|Hariyama, L87, M|392/392\n|turn|1\n|inactive|Battle timer is ON: inactive players will automatically lose when time's up. (requested by NTsweeper007)\n|inactive|Kitsune247 also wants the timer to be on.\n|\n|t:|1770859858\n|move|p2a: Hariyama|Fake Out|p1a: Azumarill\n|-damage|p1a: Azumarill|252/295\n|cant|p1a: Azumarill|flinch\n|\n|-status|p2a: Hariyama|brn|[from] item: Flame Orb\n|upkeep\n|turn|2\n|\n|t:|1770859868\n|switch|p2a: Heatran|Heatran, L80, M|277/277\n|move|p1a: Azumarill|Play Rough|p2a: Heatran\n|-resisted|p2a: Heatran\n|-damage|p2a: Heatran|241/277\n|\n|-heal|p2a: Heatran|258/277|[from] item: Leftovers\n|upkeep\n|turn|3\n|\n|t:|1770859874\n|switch|p1a: Toxicroak|Toxicroak, L84, M|277/277\n|move|p2a: Heatran|Magma Storm|p1a: Toxicroak\n|-damage|p1a: Toxicroak|94/277\n|-activate|p1a: Toxicroak|move: Magma Storm|[of] p2a: Heatran\n|\n|-heal|p2a: Heatran|275/277|[from] item: Leftovers\n|-damage|p1a: Toxicroak|60/277|[from] move: Magma Storm|[partiallytrapped]\n|upkeep\n|turn|4\n|\n|t:|1770859881\n|move|p2a: Heatran|Protect|p2a: Heatran\n|-singleturn|p2a: Heatran|Protect\n|move|p1a: Toxicroak|Drain Punch|p2a: Heatran\n|-activate|p2a: Heatran|move: Protect\n|\n|-heal|p2a: Heatran|277/277|[from] item: Leftovers\n|-damage|p1a: Toxicroak|26/277|[from] move: Magma Storm|[partiallytrapped]\n|upkeep\n|turn|5\n|\n|t:|1770859883\n|switch|p2a: Gourgeist|Gourgeist, L91, M|266/266\n|-item|p1a: Toxicroak|Life Orb|[from] ability: Frisk|[of] p2a: Gourgeist\n|move|p1a: Toxicroak|Drain Punch|p2a: Gourgeist\n|-immune|p2a: Gourgeist\n|\n|-end|p1a: Toxicroak|Magma Storm|[partiallytrapped]|[silent]\n|upkeep\n|turn|6\n|\n|t:|1770859887\n|switch|p1a: Liepard|Liepard, L91, M|264/264\n|move|p2a: Gourgeist|Shadow Sneak|p1a: Liepard\n|-resisted|p1a: Liepard\n|-damage|p1a: Liepard|230/264\n|\n|upkeep\n|turn|7\n|\n|t:|1770859892\n|switch|p2a: Hariyama|Hariyama, L87, M|392/392 brn\n|move|p1a: Liepard|Play Rough|p2a: Hariyama\n|-supereffective|p2a: Hariyama\n|-damage|p2a: Hariyama|176/392 brn\n|-damage|p1a: Liepard|204/264|[from] item: Life Orb\n|\n|-damage|p2a: Hariyama|152/392 brn|[from] brn\n|upkeep\n|turn|8\n|\n|t:|1770859895\n|move|p2a: Hariyama|Fake Out|p1a: Liepard\n|-damage|p1a: Liepard|136/264\n|cant|p1a: Liepard|flinch\n|\n|-damage|p2a: Hariyama|128/392 brn|[from] brn\n|upkeep\n|turn|9\n|\n|t:|1770859898\n|move|p1a: Liepard|Play Rough|p2a: Hariyama\n|-supereffective|p2a: Hariyama\n|-damage|p2a: Hariyama|0 fnt\n|faint|p2a: Hariyama\n|-damage|p1a: Liepard|110/264|[from] item: Life Orb\n|\n|upkeep\n|\n|t:|1770859911\n|switch|p2a: Wishiwashi|Wishiwashi, L89, F|225/225\n|-formechange|p2a: Wishiwashi|Wishiwashi-School||[from] ability: Schooling\n|turn|10\n|\n|t:|1770859918\n|move|p1a: Liepard|Knock Off|p2a: Wishiwashi\n|-damage|p2a: Wishiwashi|120/225\n|-enditem|p2a: Wishiwashi|Assault Vest|[from] move: Knock Off|[of] p1a: Liepard\n|-damage|p1a: Liepard|84/264|[from] item: Life Orb\n|move|p2a: Wishiwashi|U-turn|p1a: Liepard\n|-supereffective|p1a: Liepard\n|-damage|p1a: Liepard|0 fnt\n|faint|p1a: Liepard\n|\n|t:|1770859924\n|switch|p2a: Delibird|Delibird, F|251/251|[from] U-turn\n|\n|upkeep\n|\n|t:|1770859928\n|switch|p1a: Raikou|Raikou, L81|278/278\n|-ability|p1a: Raikou|Pressure\n|turn|11\n|\n|t:|1770859939\n|switch|p2a: Gourgeist|Gourgeist, L91, M|266/266\n|-item|p1a: Raikou|Leftovers|[from] ability: Frisk|[of] p2a: Gourgeist\n|move|p1a: Raikou|Calm Mind|p1a: Raikou\n|-boost|p1a: Raikou|spa|1\n|-boost|p1a: Raikou|spd|1\n|\n|upkeep\n|turn|12\n|\n|t:|1770859944\n|move|p1a: Raikou|Hidden Power|p2a: Gourgeist\n|-supereffective|p2a: Gourgeist\n|-damage|p2a: Gourgeist|128/266\n|move|p2a: Gourgeist|Seed Bomb|p1a: Raikou\n|-damage|p1a: Raikou|164/278\n|\n|-heal|p1a: Raikou|181/278|[from] item: Leftovers\n|-heal|p2a: Gourgeist|144/266|[from] item: Leftovers\n|upkeep\n|turn|13\n|\n|t:|1770859948\n|move|p1a: Raikou|Calm Mind|p1a: Raikou\n|-boost|p1a: Raikou|spa|1\n|-boost|p1a: Raikou|spd|1\n|move|p2a: Gourgeist|Seed Bomb|p1a: Raikou\n|-damage|p1a: Raikou|75/278\n|\n|-heal|p1a: Raikou|92/278|[from] item: Leftovers\n|-heal|p2a: Gourgeist|160/266|[from] item: Leftovers\n|upkeep\n|turn|14\n|\n|t:|1770859956\n|switch|p2a: Wishiwashi|Wishiwashi, L89, F|120/225\n|-formechange|p2a: Wishiwashi|Wishiwashi-School||[from] ability: Schooling\n|move|p1a: Raikou|Hidden Power|p2a: Wishiwashi\n|-resisted|p2a: Wishiwashi\n|-damage|p2a: Wishiwashi|91/225\n|\n|-heal|p1a: Raikou|109/278|[from] item: Leftovers\n|upkeep\n|turn|15\n|\n|t:|1770859959\n|move|p1a: Raikou|Thunderbolt|p2a: Wishiwashi\n|-supereffective|p2a: Wishiwashi\n|-damage|p2a: Wishiwashi|0 fnt\n|faint|p2a: Wishiwashi\n|\n|-heal|p1a: Raikou|126/278|[from] item: Leftovers\n|upkeep\n|\n|t:|1770859963\n|switch|p2a: Heatran|Heatran, L80, M|277/277\n|turn|16\n|\n|t:|1770859967\n|move|p1a: Raikou|Substitute|p1a: Raikou\n|-start|p1a: Raikou|Substitute\n|-damage|p1a: Raikou|57/278\n|move|p2a: Heatran|Toxic||[still]\n|-fail|p2a: Heatran\n|\n|-heal|p1a: Raikou|74/278|[from] item: Leftovers\n|upkeep\n|turn|17\n|\n|t:|1770859970\n|move|p1a: Raikou|Thunderbolt|p2a: Heatran\n|-damage|p2a: Heatran|103/277\n|-status|p2a: Heatran|par\n|move|p2a: Heatran|Earth Power|p1a: Raikou\n|-supereffective|p1a: Raikou\n|-end|p1a: Raikou|Substitute\n|\n|-heal|p1a: Raikou|91/278|[from] item: Leftovers\n|-heal|p2a: Heatran|120/277 par|[from] item: Leftovers\n|upkeep\n|turn|18\n|\n|t:|1770859974\n|move|p1a: Raikou|Thunderbolt|p2a: Heatran\n|-crit|p2a: Heatran\n|-damage|p2a: Heatran|0 fnt\n|faint|p2a: Heatran\n|\n|-heal|p1a: Raikou|108/278|[from] item: Leftovers\n|upkeep\n|\n|t:|1770859979\n|switch|p2a: Snorlax|Snorlax, L83, F|401/401\n|turn|19\n|\n|t:|1770859985\n|move|p1a: Raikou|Thunderbolt|p2a: Snorlax\n|-damage|p2a: Snorlax|221/401\n|move|p2a: Snorlax|Earthquake|p1a: Raikou\n|-supereffective|p1a: Raikou\n|-damage|p1a: Raikou|0 fnt\n|faint|p1a: Raikou\n|\n|-heal|p2a: Snorlax|246/401|[from] item: Leftovers\n|upkeep\n|\n|t:|1770859988\n|switch|p1a: Azumarill|Azumarill, L81, M|252/295\n|turn|20\n|\n|t:|1770860000\n|move|p1a: Azumarill|Knock Off|p2a: Snorlax\n|-damage|p2a: Snorlax|87/401\n|-enditem|p2a: Snorlax|Leftovers|[from] move: Knock Off|[of] p1a: Azumarill\n|move|p2a: Snorlax|Return|p1a: Azumarill\n|-damage|p1a: Azumarill|125/295\n|\n|upkeep\n|turn|21\n|\n|t:|1770860005\n|move|p1a: Azumarill|Knock Off|p2a: Snorlax\n|-damage|p2a: Snorlax|0 fnt\n|faint|p2a: Snorlax\n|\n|upkeep\n|\n|t:|1770860006\n|switch|p2a: Delibird|Delibird, F|251/251\n|turn|22\n|\n|t:|1770860011\n|switch|p1a: Toxicroak|Toxicroak, L84, M|26/277\n|move|p2a: Delibird|Freeze-Dry|p1a: Toxicroak\n|-damage|p1a: Toxicroak|0 fnt\n|faint|p1a: Toxicroak\n|\n|upkeep\n|\n|t:|1770860013\n|switch|p1a: Plusle|Plusle, L95, M|268/268\n|turn|23\n|\n|t:|1770860031\n|move|p1a: Plusle|Nasty Plot|p1a: Plusle\n|-boost|p1a: Plusle|spa|2\n|move|p2a: Delibird|Freeze-Dry|p1a: Plusle\n|-damage|p1a: Plusle|193/268\n|\n|-heal|p1a: Plusle|209/268|[from] item: Leftovers\n|upkeep\n|turn|24\n|\n|t:|1770860035\n|move|p1a: Plusle|Thunderbolt|p2a: Delibird\n|-supereffective|p2a: Delibird\n|-damage|p2a: Delibird|0 fnt\n|faint|p2a: Delibird\n|\n|-heal|p1a: Plusle|225/268|[from] item: Leftovers\n|upkeep\n|\n|t:|1770860037\n|switch|p2a: Gourgeist|Gourgeist, L91, M|160/266\n|-item|p1a: Plusle|Leftovers|[from] ability: Frisk|[of] p2a: Gourgeist\n|turn|25\n|\n|t:|1770860039\n|move|p1a: Plusle|Hidden Power|p2a: Gourgeist\n|-supereffective|p2a: Gourgeist\n|-damage|p2a: Gourgeist|0 fnt\n|faint|p2a: Gourgeist\n|\n|win|NTsweeper007\n|raw|NTsweeper007's rating: 1790 &rarr; <strong>1811</strong><br />(+21 for winning)\n|raw|Kitsune247's rating: 1804 &rarr; <strong>1783</strong><br />(-21 for losing)\n|l|☆Kitsune247\n|player|p2|\n", "inputlog": ">version ccdc32dd7cde25fd9e4bed64820e885f66e78a4e\n>start {\"formatid\":\"gen7randombattle\",\"seed\":\"sodium,2a432cf5ecd1beac0fa9737e8e6f9f4d\",\"rated\":\"Rated battle\"}\n>player p1 {\"name\":\"NTsweeper007\",\"avatar\":\"hilbert-wonderlauncher\",\"rating\":1790,\"seed\":\"sodium,0ed58e6a0a6db6d675d6d049e18c7846\"}\n>player p2 {\"name\":\"Kitsune247\",\"avatar\":\"roxie\",\"rating\":1804,\"seed\":\"sodium,2e74e080a6f0a16f4fb0f2b9a9c6cb6e\"}\n>p1 move playrough\n>p2 move fakeout\n>p1 move playrough\n>p2 switch 2\n>p1 switch 6\n>p2 move magmastorm\n>p1 move drainpunch\n>p2 move protect\n>p1 move drainpunch\n>p2 switch 5\n>p1 switch 2\n>p2 move shadowsneak\n>p1 move playrough\n>p2 switch 2\n>p1 move playrough\n>p2 move fakeout\n>p1 move playrough\n>p2 move closecombat\n>p2 switch 4\n>p1 move knockoff\n>p2 move uturn\n>p2 switch 6\n>p1 switch 5\n>p1 move calmmind\n>p2 switch 2\n>p1 move hiddenpower\n>p2 move seedbomb\n>p1 move calmmind\n>p2 move seedbomb\n>p1 move hiddenpower\n>p2 switch 6\n>p1 move thunderbolt\n>p2 move earthquake\n>p2 switch 5\n>p1 move substitute\n>p2 move toxic\n>p1 move thunderbolt\n>p2 move earthpower\n>p1 move thunderbolt\n>p2 move earthpower\n>p2 switch 3\n>p1 move thunderbolt\n>p2 move earthquake\n>p1 switch 6\n>p1 move knockoff\n>p2 move return\n>p1 move knockoff\n>p2 move return\n>p2 switch 2\n>p1 switch 2\n>p2 move freezedry\n>p1 switch 3\n>p1 move nastyplot\n>p2 move freezedry\n>p1 move thunderbolt\n>p2 move freezedry\n>p2 switch 6\n>p1 move hiddenpower\n>p2 move seedbomb", "uploadtime": 1770860045, "views": 227, "formatid": "gen7randombattle", "rating": 1783, "private": 0, "password": null}