{"id": "gen7randombattle-2540006024", "format": "[Gen 7] Random Battle", "players": ["janui", "NTsweeper007"], "log": "|j|☆janui\n|j|☆NTsweeper007\n|t:|1771143064\n|gametype|singles\n|player|p1|janui|101|1584\n|player|p2|NTsweeper007|hilbert-wonderlauncher|1702\n|gen|7\n|tier|[Gen 7] Random Battle\n|rated|\n|rule|Sleep Clause Mod: Limit one foe put to sleep\n|rule|HP Percentage Mod: HP is shown in percentages\n|rule|Illusion Level Mod: Illusion disguises the Pokémon's true level\n|\n|t:|1771143064\n|teamsize|p1|6\n|teamsize|p2|6\n|start\n|switch|p1a: Arceus|Arceus-Psychic, L72|292/292\n|switch|p2a: Azelf|Azelf, L82|257/257\n|turn|1\n|inactive|Battle timer is ON: inactive players will automatically lose when time's up. (requested by NTsweeper007)\n|\n|t:|1771143076\n|move|p2a: Azelf|Stealth Rock|p1a: Arceus\n|-sidestart|p1: janui|move: Stealth Rock\n|move|p1a: Arceus|Calm Mind|p1a: Arceus\n|-boost|p1a: Arceus|spa|1\n|-boost|p1a: Arceus|spd|1\n|\n|upkeep\n|turn|2\n|\n|t:|1771143084\n|move|p2a: Azelf|Taunt|p1a: Arceus\n|-start|p1a: Arceus|move: Taunt\n|cant|p1a: Arceus|move: Taunt|Calm Mind\n|\n|upkeep\n|turn|3\n|\n|t:|1771143092\n|switch|p2a: Dedenne|Dedenne, L91, M|270/270\n|move|p1a: Arceus|Judgment|p2a: Dedenne\n|-damage|p2a: Dedenne|89/270\n|-enditem|p2a: Dedenne|Sitrus Berry|[eat]\n|-heal|p2a: Dedenne|156/270|[from] item: Sitrus Berry\n|-heal|p2a: Dedenne|246/270|[from] ability: Cheek Pouch\n|\n|upkeep\n|turn|4\n|\n|t:|1771143098\n|move|p2a: Dedenne|Toxic|p1a: Arceus\n|-status|p1a: Arceus|tox\n|move|p1a: Arceus|Earth Power|p2a: Dedenne\n|-supereffective|p2a: Dedenne\n|-damage|p2a: Dedenne|44/270\n|\n|-damage|p1a: Arceus|274/292 tox|[from] psn\n|-end|p1a: Arceus|move: Taunt\n|upkeep\n|turn|5\n|\n|t:|1771143105\n|move|p2a: Dedenne|Recycle|p2a: Dedenne\n|-item|p2a: Dedenne|Sitrus Berry|[from] move: Recycle\n|-enditem|p2a: Dedenne|Sitrus Berry|[eat]\n|-heal|p2a: Dedenne|111/270|[from] item: Sitrus Berry\n|-heal|p2a: Dedenne|201/270|[from] ability: Cheek Pouch\n|move|p1a: Arceus|Earth Power|p2a: Dedenne\n|-supereffective|p2a: Dedenne\n|-crit|p2a: Dedenne\n|-damage|p2a: Dedenne|0 fnt\n|faint|p2a: Dedenne\n|\n|-damage|p1a: Arceus|238/292 tox|[from] psn\n|upkeep\n|\n|t:|1771143109\n|switch|p2a: Scolipede|Scolipede, L80, M|227/227\n|turn|6\n|\n|t:|1771143113\n|move|p2a: Scolipede|Megahorn|p1a: Arceus\n|-supereffective|p1a: Arceus\n|-damage|p1a: Arceus|0 fnt\n|faint|p1a: Arceus\n|-damage|p2a: Scolipede|205/227|[from] item: Life Orb\n|\n|-ability|p2a: Scolipede|Speed Boost|boost\n|-boost|p2a: Scolipede|spe|1\n|upkeep\n|\n|t:|1771143118\n|switch|p1a: Sandslash|Sandslash-Alola, L91, F|284/284\n|-damage|p1a: Sandslash|249/284|[from] Stealth Rock\n|turn|7\n|\n|t:|1771143124\n|move|p2a: Scolipede|Swords Dance|p2a: Scolipede\n|-boost|p2a: Scolipede|atk|2\n|move|p1a: Sandslash|Rapid Spin|p2a: Scolipede\n|-damage|p2a: Scolipede|188/227\n|-sideend|p1: janui|Stealth Rock|[from] move: Rapid Spin|[of] p1a: Sandslash\n|\n|-ability|p2a: Scolipede|Speed Boost|boost\n|-boost|p2a: Scolipede|spe|1\n|upkeep\n|turn|8\n|\n|t:|1771143129\n|move|p2a: Scolipede|Earthquake|p1a: Sandslash\n|-supereffective|p1a: Sandslash\n|-damage|p1a: Sandslash|10/284\n|-damage|p2a: Scolipede|166/227|[from] item: Life Orb\n|move|p1a: Sandslash|Iron Head|p2a: Scolipede\n|-damage|p2a: Scolipede|55/227\n|\n|-ability|p2a: Scolipede|Speed Boost|boost\n|-boost|p2a: Scolipede|spe|1\n|upkeep\n|turn|9\n|\n|t:|1771143138\n|move|p2a: Scolipede|Earthquake|p1a: Sandslash\n|-supereffective|p1a: Sandslash\n|-damage|p1a: Sandslash|0 fnt\n|faint|p1a: Sandslash\n|-damage|p2a: Scolipede|33/227|[from] item: Life Orb\n|\n|-ability|p2a: Scolipede|Speed Boost|boost\n|-boost|p2a: Scolipede|spe|1\n|upkeep\n|\n|t:|1771143149\n|switch|p1a: Kyurem|Kyurem-White, L75|311/311\n|-ability|p1a: Kyurem|Turboblaze\n|turn|10\n|\n|t:|1771143151\n|move|p2a: Scolipede|Megahorn|p1a: Kyurem|[miss]\n|-miss|p2a: Scolipede|p1a: Kyurem\n|move|p1a: Kyurem|Ice Beam|p2a: Scolipede\n|-damage|p2a: Scolipede|0 fnt\n|faint|p2a: Scolipede\n|-damage|p1a: Kyurem|280/311|[from] item: Life Orb\n|\n|upkeep\n|\n|t:|1771143156\n|switch|p2a: Mr. Mime|Mr. Mime, L90, F|218/218\n|turn|11\n|\n|t:|1771143162\n|move|p2a: Mr. Mime|Dazzling Gleam|p1a: Kyurem\n|-supereffective|p1a: Kyurem\n|-damage|p1a: Kyurem|0 fnt\n|faint|p1a: Kyurem\n|\n|upkeep\n|\n|t:|1771143166\n|switch|p1a: Luvdisc|Luvdisc, M|248/248\n|turn|12\n|\n|t:|1771143171\n|move|p1a: Luvdisc|Toxic|p2a: Mr. Mime\n|-status|p2a: Mr. Mime|tox\n|move|p2a: Mr. Mime|Dazzling Gleam|p1a: Luvdisc\n|-damage|p1a: Luvdisc|80/248\n|\n|-heal|p1a: Luvdisc|95/248|[from] item: Leftovers\n|-damage|p2a: Mr. Mime|205/218 tox|[from] psn\n|upkeep\n|turn|13\n|l|☆janui\n|inactive|janui disconnected and has a minute to reconnect!\n|player|p1|\n|j|☆janui\n|inactive|janui reconnected and has 110 seconds left.\n|player|p1|janui|101|\n|inactive|janui has 90 seconds left.\n|l|☆janui\n|inactive|janui disconnected and has a minute to reconnect!\n|player|p1|\n|j|☆janui\n|inactive|janui reconnected and has 65 seconds left.\n|player|p1|janui|101|\n|inactive|janui has 60 seconds left.\n|l|☆janui\n|inactive|janui disconnected and has a minute to reconnect!\n|player|p1|\n|j|☆janui\n|inactive|janui reconnected and has 35 seconds left.\n|player|p1|janui|101|\n|inactive|janui has 30 seconds left.\n|\n|t:|1771143293\n|switch|p2a: Azelf|Azelf, L82|257/257\n|move|p1a: Luvdisc|Protect||[still]\n|-fail|p1a: Luvdisc\n|\n|-heal|p1a: Luvdisc|110/248|[from] item: Leftovers\n|upkeep\n|turn|14\n|\n|t:|1771143297\n|move|p1a: Luvdisc|Toxic|p2a: Azelf\n|-status|p2a: Azelf|tox\n|move|p2a: Azelf|Psychic|p1a: Luvdisc\n|-damage|p1a: Luvdisc|0 fnt\n|faint|p1a: Luvdisc\n|\n|-damage|p2a: Azelf|241/257 tox|[from] psn\n|upkeep\n|inactive|janui has 30 seconds left.\n|inactive|janui has 20 seconds left.\n|inactive|janui has 15 seconds left.\n|inactive|janui has 10 seconds left.\n|\n|t:|1771143334\n|switch|p1a: Swoobat|Swoobat, L88, M|261/261\n|turn|15\n|inactive|janui has 20 seconds left this turn.\n|\n|t:|1771143352\n|switch|p2a: Furfrou|Furfrou-Pharaoh, L86, F|269/269\n|move|p1a: Swoobat|Calm Mind|p1a: Swoobat\n|-boost|p1a: Swoobat|spa|2\n|-boost|p1a: Swoobat|spd|2\n|\n|upkeep\n|turn|16\n|inactive|janui has 30 seconds left this turn.\n|inactive|janui has 20 seconds left.\n|\n|t:|1771143367\n|move|p1a: Swoobat|Calm Mind|p1a: Swoobat\n|-boost|p1a: Swoobat|spa|2\n|-boost|p1a: Swoobat|spd|2\n|move|p2a: Furfrou|Return|p1a: Swoobat\n|-damage|p1a: Swoobat|135/261\n|\n|upkeep\n|turn|17\n|inactive|janui has 30 seconds left this turn.\n|\n|t:|1771143370\n|move|p1a: Swoobat|Stored Power|p2a: Furfrou\n|-damage|p2a: Furfrou|0 fnt\n|faint|p2a: Furfrou\n|-damage|p1a: Swoobat|109/261|[from] item: Life Orb\n|\n|upkeep\n|\n|t:|1771143372\n|switch|p2a: Pheromosa|Pheromosa, L75|229/229\n|turn|18\n|\n|t:|1771143380\n|move|p2a: Pheromosa|Throat Chop|p1a: Swoobat\n|-supereffective|p1a: Swoobat\n|-damage|p1a: Swoobat|0 fnt\n|faint|p1a: Swoobat\n|-ability|p2a: Pheromosa|Beast Boost|boost\n|-boost|p2a: Pheromosa|spe|1\n|-damage|p2a: Pheromosa|207/229|[from] item: Life Orb\n|\n|upkeep\n|\n|t:|1771143382\n|switch|p1a: Oricorio|Oricorio-Sensu, L89, F|278/278\n|turn|19\n|\n|t:|1771143389\n|move|p2a: Pheromosa|Ice Beam|p1a: Oricorio\n|-supereffective|p1a: Oricorio\n|-damage|p1a: Oricorio|62/278\n|-damage|p2a: Pheromosa|185/229|[from] item: Life Orb\n|move|p1a: Oricorio|Hurricane|p2a: Pheromosa\n|-supereffective|p2a: Pheromosa\n|-damage|p2a: Pheromosa|0 fnt\n|faint|p2a: Pheromosa\n|\n|-heal|p1a: Oricorio|79/278|[from] item: Leftovers\n|upkeep\n|\n|t:|1771143393\n|switch|p2a: Azelf|Azelf, L82|241/257 tox\n|turn|20\n|\n|t:|1771143401\n|move|p2a: Azelf|Psychic|p1a: Oricorio\n|-damage|p1a: Oricorio|0 fnt\n|faint|p1a: Oricorio\n|\n|win|NTsweeper007\n|raw|janui's rating: 1584 &rarr; <strong>1571</strong><br />(-13 for losing)\n|raw|NTsweeper007's rating: 1702 &rarr; <strong>1715</strong><br />(+13 for winning)\n|l|☆janui\n|player|p1|\n", "inputlog": ">version 686819e5e19f8a7fd2345cfc5a08a5085efa2cc3\n>start {\"formatid\":\"gen7randombattle\",\"seed\":\"sodium,667a0730922da3ba765108e38b98e799\",\"rated\":\"Rated battle\"}\n>player p1 {\"name\":\"janui\",\"avatar\":\"101\",\"rating\":1584,\"seed\":\"sodium,a3967b6c58acb8c0112f719bb3e0da06\"}\n>player p2 {\"name\":\"NTsweeper007\",\"avatar\":\"hilbert-wonderlauncher\",\"rating\":1702,\"seed\":\"sodium,efa7a6a7aab50a24500884b4091c3593\"}\n>p1 move calmmind\n>p2 move stealthrock\n>p1 move calmmind\n>p2 move taunt\n>p1 move judgment\n>p2 switch 6\n>p1 move earthpower\n>p2 move toxic\n>p1 move earthpower\n>p2 move recycle\n>p2 switch 5\n>p1 move judgment\n>p2 move megahorn\n>p1 switch 3\n>p1 move rapidspin\n>p2 move swordsdance\n>p1 move ironhead\n>p2 move earthquake\n>p1 move ironhead\n>p2 move earthquake\n>p1 switch 6\n>p1 move icebeam\n>p2 move megahorn\n>p2 switch 3\n>p1 move fusionflare\n>p2 move dazzlinggleam\n>p1 switch 2\n>p1 move toxic\n>p2 move dazzlinggleam\n>p1 move protect\n>p2 switch 6\n>p1 move toxic\n>p2 move psychic\n>p1 switch 4\n>p1 move calmmind\n>p2 switch 4\n>p1 move calmmind\n>p2 move return\n>p1 move storedpower\n>p2 move return\n>p2 switch 2\n>p1 move airslash\n>p2 move throatchop\n>p1 switch 5\n>p1 move hurricane\n>p2 move icebeam\n>p2 switch 4\n>p1 move roost\n>p2 move psychic", "uploadtime": 1771143408, "views": 81, "formatid": "gen7randombattle", "rating": 1571, "private": 0, "password": null}