{"id": "gen7randombattle-2527838779", "format": "[Gen 7] Random Battle", "players": ["may/gen3", "jeswi"], "log": "|j|☆may/gen3\n|j|☆jeswi\n|t:|1769586592\n|gametype|singles\n|player|p1|may/gen3|may|1765\n|player|p2|jeswi|n|1548\n|gen|7\n|tier|[Gen 7] Random Battle\n|rated|\n|rule|Sleep Clause Mod: Limit one foe put to sleep\n|rule|HP Percentage Mod: HP is shown in percentages\n|rule|Illusion Level Mod: Illusion disguises the Pokémon's true level\n|\n|t:|1769586592\n|teamsize|p1|6\n|teamsize|p2|6\n|start\n|switch|p1a: Mudsdale|Mudsdale, L83, M|302/302\n|switch|p2a: Dugtrio|Dugtrio, L84, F|196/196\n|turn|1\n|inactive|Battle timer is ON: inactive players will automatically lose when time's up. (requested by jeswi)\n|\n|t:|1769586611\n|switch|p2a: Dusknoir|Dusknoir, L89, M|225/225\n|-ability|p2a: Dusknoir|Pressure\n|move|p1a: Mudsdale|Stealth Rock|p2a: Dusknoir\n|-sidestart|p2: jeswi|move: Stealth Rock\n|\n|upkeep\n|turn|2\n|\n|t:|1769586626\n|switch|p1a: Bronzong|Bronzong, L86|255/255\n|move|p2a: Dusknoir|Will-O-Wisp|p1a: Bronzong\n|-status|p1a: Bronzong|brn\n|\n|-damage|p1a: Bronzong|240/255 brn|[from] brn\n|upkeep\n|turn|3\n|\n|t:|1769586640\n|switch|p2a: Mightyena|Mightyena, L94, M|284/284\n|-damage|p2a: Mightyena|249/284|[from] Stealth Rock\n|-ability|p2a: Mightyena|Intimidate|boost\n|-unboost|p1a: Bronzong|atk|1\n|move|p1a: Bronzong|Toxic|p2a: Mightyena|[miss]\n|-miss|p1a: Bronzong|p2a: Mightyena\n|\n|-heal|p1a: Bronzong|255/255 brn|[from] item: Leftovers\n|-damage|p1a: Bronzong|240/255 brn|[from] brn\n|upkeep\n|turn|4\n|\n|t:|1769586653\n|move|p2a: Mightyena|Crunch|p1a: Bronzong\n|-supereffective|p1a: Bronzong\n|-damage|p1a: Bronzong|0 fnt\n|faint|p1a: Bronzong\n|\n|upkeep\n|\n|t:|1769586657\n|switch|p1a: Wishiwashi|Wishiwashi, L89, F|225/225\n|-formechange|p1a: Wishiwashi|Wishiwashi-School||[from] ability: Schooling\n|turn|5\n|\n|t:|1769586661\n|move|p2a: Mightyena|Crunch|p1a: Wishiwashi\n|-damage|p1a: Wishiwashi|128/225\n|move|p1a: Wishiwashi|Scald|p2a: Mightyena\n|-damage|p2a: Mightyena|96/284\n|\n|-heal|p1a: Wishiwashi|142/225|[from] item: Leftovers\n|upkeep\n|turn|6\n|\n|t:|1769586675\n|move|p2a: Mightyena|Crunch|p1a: Wishiwashi\n|-damage|p1a: Wishiwashi|34/225\n|move|p1a: Wishiwashi|Scald|p2a: Mightyena\n|-damage|p2a: Mightyena|0 fnt\n|faint|p2a: Mightyena\n|\n|-heal|p1a: Wishiwashi|48/225|[from] item: Leftovers\n|-formechange|p1a: Wishiwashi|Wishiwashi||[from] ability: Schooling\n|upkeep\n|\n|t:|1769586685\n|switch|p2a: Dugtrio|Dugtrio, L84, F|196/196\n|-damage|p2a: Dugtrio|184/196|[from] Stealth Rock\n|turn|7\n|\n|t:|1769586688\n|move|p2a: Dugtrio|Earthquake|p1a: Wishiwashi\n|-damage|p1a: Wishiwashi|0 fnt\n|faint|p1a: Wishiwashi\n|\n|upkeep\n|\n|t:|1769586691\n|switch|p1a: Archeops|Archeops, L82, F|257/257\n|turn|8\n|\n|t:|1769586696\n|move|p2a: Dugtrio|Stone Edge|p1a: Archeops|[miss]\n|-miss|p2a: Dugtrio|p1a: Archeops\n|move|p1a: Archeops|Acrobatics|p2a: Dugtrio\n|-damage|p2a: Dugtrio|0 fnt\n|faint|p2a: Dugtrio\n|\n|upkeep\n|\n|t:|1769586704\n|switch|p2a: Shedinja|Shedinja, L96|1/1\n|-damage|p2a: Shedinja|0 fnt|[from] Stealth Rock\n|faint|p2a: Shedinja\n|\n|t:|1769586709\n|switch|p2a: Dusknoir|Dusknoir, L89, M|225/225\n|-damage|p2a: Dusknoir|197/225|[from] Stealth Rock\n|-ability|p2a: Dusknoir|Pressure\n|turn|9\n|\n|t:|1769586716\n|switch|p1a: Chimecho|Chimecho, L95, M|296/296\n|move|p2a: Dusknoir|Pain Split|p1a: Chimecho\n|-sethp|p1a: Chimecho|246/296|[from] move: Pain Split|[silent]\n|-sethp|p2a: Dusknoir|225/225|[from] move: Pain Split\n|\n|-heal|p1a: Chimecho|264/296|[from] item: Leftovers\n|upkeep\n|turn|10\n|\n|t:|1769586732\n|switch|p2a: Darmanitan|Darmanitan, L82, M|306/306\n|-damage|p2a: Darmanitan|230/306|[from] Stealth Rock\n|move|p1a: Chimecho|Calm Mind|p1a: Chimecho\n|-boost|p1a: Chimecho|spa|1\n|-boost|p1a: Chimecho|spd|1\n|\n|-heal|p1a: Chimecho|282/296|[from] item: Leftovers\n|upkeep\n|turn|11\n|\n|t:|1769586738\n|switch|p1a: Wailord|Wailord, L94, F|471/471\n|move|p2a: Darmanitan|Flare Blitz|p1a: Wailord\n|-resisted|p1a: Wailord\n|-damage|p1a: Wailord|284/471\n|-damage|p2a: Darmanitan|168/306|[from] Recoil\n|\n|upkeep\n|turn|12\n|\n|t:|1769586744\n|switch|p2a: Sawk|Sawk, L86, M|269/269\n|-damage|p2a: Sawk|253/269|[from] Stealth Rock\n|move|p1a: Wailord|Hydro Pump|p2a: Sawk\n|-damage|p2a: Sawk|96/269\n|\n|-heal|p2a: Sawk|112/269|[from] item: Leftovers\n|upkeep\n|turn|13\n|\n|t:|1769586750\n|move|p1a: Wailord|Hydro Pump|p2a: Sawk|[miss]\n|-miss|p1a: Wailord|p2a: Sawk\n|move|p2a: Sawk|Knock Off|p1a: Wailord\n|-damage|p1a: Wailord|151/471\n|-enditem|p1a: Wailord|Choice Scarf|[from] move: Knock Off|[of] p2a: Sawk\n|\n|-heal|p2a: Sawk|128/269|[from] item: Leftovers\n|upkeep\n|turn|14\n|\n|t:|1769586757\n|move|p2a: Sawk|Knock Off|p1a: Wailord\n|-damage|p1a: Wailord|73/471\n|move|p1a: Wailord|Hydro Pump|p2a: Sawk\n|-damage|p2a: Sawk|0 fnt\n|faint|p2a: Sawk\n|\n|upkeep\n|\n|t:|1769586768\n|switch|p2a: Darmanitan|Darmanitan, L82, M|168/306\n|-damage|p2a: Darmanitan|92/306|[from] Stealth Rock\n|turn|15\n|\n|t:|1769586773\n|move|p2a: Darmanitan|Flare Blitz|p1a: Wailord\n|-resisted|p1a: Wailord\n|-damage|p1a: Wailord|0 fnt\n|faint|p1a: Wailord\n|-damage|p2a: Darmanitan|68/306|[from] Recoil\n|\n|upkeep\n|\n|t:|1769586777\n|switch|p1a: Archeops|Archeops, L82, F|257/257\n|turn|16\n|\n|t:|1769586791\n|move|p1a: Archeops|Acrobatics|p2a: Darmanitan\n|-damage|p2a: Darmanitan|0 fnt\n|faint|p2a: Darmanitan\n|\n|upkeep\n|\n|t:|1769586793\n|switch|p2a: Dusknoir|Dusknoir, L89, M|225/225\n|-damage|p2a: Dusknoir|197/225|[from] Stealth Rock\n|-ability|p2a: Dusknoir|Pressure\n|turn|17\n|\n|t:|1769586798\n|move|p1a: Archeops|U-turn|p2a: Dusknoir\n|-resisted|p2a: Dusknoir\n|-damage|p2a: Dusknoir|174/225\n|\n|t:|1769586800\n|switch|p1a: Chimecho|Chimecho, L95, M|282/296|[from] U-turn\n|move|p2a: Dusknoir|Pain Split|p1a: Chimecho\n|-sethp|p1a: Chimecho|228/296|[from] move: Pain Split|[silent]\n|-sethp|p2a: Dusknoir|225/225|[from] move: Pain Split\n|\n|-heal|p1a: Chimecho|246/296|[from] item: Leftovers\n|upkeep\n|turn|18\n|inactive|jeswi has 120 seconds left.\n|\n|t:|1769586843\n|switch|p1a: Mudsdale|Mudsdale, L83, M|302/302\n|move|p2a: Dusknoir|Ice Punch|p1a: Mudsdale\n|-supereffective|p1a: Mudsdale\n|-damage|p1a: Mudsdale|188/302\n|-ability|p1a: Mudsdale|Stamina|boost\n|-boost|p1a: Mudsdale|def|1\n|\n|-heal|p1a: Mudsdale|206/302|[from] item: Leftovers\n|upkeep\n|turn|19\n|\n|t:|1769586852\n|move|p2a: Dusknoir|Ice Punch|p1a: Mudsdale\n|-supereffective|p1a: Mudsdale\n|-damage|p1a: Mudsdale|132/302\n|-ability|p1a: Mudsdale|Stamina|boost\n|-boost|p1a: Mudsdale|def|1\n|move|p1a: Mudsdale|Toxic|p2a: Dusknoir\n|-status|p2a: Dusknoir|tox\n|\n|-heal|p1a: Mudsdale|150/302|[from] item: Leftovers\n|-damage|p2a: Dusknoir|211/225 tox|[from] psn\n|upkeep\n|turn|20\n|\n|t:|1769586861\n|move|p2a: Dusknoir|Pain Split|p1a: Mudsdale\n|-sethp|p1a: Mudsdale|180/302|[from] move: Pain Split|[silent]\n|-sethp|p2a: Dusknoir|180/225 tox|[from] move: Pain Split\n|move|p1a: Mudsdale|Earthquake|p2a: Dusknoir\n|-damage|p2a: Dusknoir|99/225 tox\n|\n|-heal|p2a: Dusknoir|113/225 tox|[from] item: Leftovers\n|-heal|p1a: Mudsdale|198/302|[from] item: Leftovers\n|-damage|p2a: Dusknoir|85/225 tox|[from] psn\n|upkeep\n|turn|21\n|-message|jeswi forfeited.\n|\n|win|may/gen3\n|raw|may&#x2f;gen3's rating: 1765 &rarr; <strong>1774</strong><br />(+9 for winning)\n|raw|jeswi's rating: 1548 &rarr; <strong>1539</strong><br />(-9 for losing)\n|l|☆jeswi\n|player|p2|\n", "inputlog": ">version b99ff0165a6231f17e8b78c2a78d1998375de664\n>start {\"formatid\":\"gen7randombattle\",\"seed\":\"sodium,f46da1d23bd95bd312d0ad7cecf095b8\",\"rated\":\"Rated battle\"}\n>player p1 {\"name\":\"may/gen3\",\"avatar\":\"may\",\"rating\":1765,\"seed\":\"sodium,d14b4af7929882224a92a3804c786a34\"}\n>player p2 {\"name\":\"jeswi\",\"avatar\":\"n\",\"rating\":1548,\"seed\":\"sodium,4f85d0b20106086ab7c16cfb219dfc8b\"}\n>p1 move stealthrock\n>p2 switch 5\n>p1 switch 4\n>p2 move willowisp\n>p1 move toxic\n>p2 switch 3\n>p1 move toxic\n>p2 move crunch\n>p1 switch 3\n>p1 move scald\n>p2 move crunch\n>p1 move scald\n>p2 move crunch\n>p2 switch 5\n>p1 move scald\n>p2 move earthquake\n>p1 switch 2\n>p1 move acrobatics\n>p2 move stoneedge\n>p2 switch 4\n>p2 switch 3\n>p1 switch 6\n>p2 move painsplit\n>p1 move calmmind\n>p2 switch 6\n>p1 switch 5\n>p2 move flareblitz\n>p1 move hydropump\n>p2 switch 2\n>p1 move hydropump\n>p2 move knockoff\n>p1 move hydropump\n>p2 move knockoff\n>p2 switch 2\n>p1 move hydropump\n>p2 move flareblitz\n>p1 switch 6\n>p1 move acrobatics\n>p2 move rockslide\n>p2 switch 6\n>p1 move uturn\n>p2 move painsplit\n>p1 switch 5\n>p1 switch 4\n>p2 move icepunch\n>p1 move toxic\n>p2 move icepunch\n>p1 move earthquake\n>p2 move painsplit\n>forcelose p2", "uploadtime": 1769586865, "views": 190, "formatid": "gen7randombattle", "rating": 1539, "private": 0, "password": null}