{"id": "gen7randombattle-2533400372", "format": "[Gen 7] Random Battle", "players": ["2Stops", "ayswayyy"], "log": "|j|☆2Stops\n|j|☆ayswayyy\n|t:|1770302019\n|gametype|singles\n|player|p1|2Stops|bugcatcher-gen4dp|1560\n|player|p2|ayswayyy|169|1606\n|gen|7\n|tier|[Gen 7] Random Battle\n|rated|\n|rule|Sleep Clause Mod: Limit one foe put to sleep\n|rule|HP Percentage Mod: HP is shown in percentages\n|rule|Illusion Level Mod: Illusion disguises the Pokémon's true level\n|\n|t:|1770302019\n|teamsize|p1|6\n|teamsize|p2|6\n|start\n|switch|p1a: Stantler|Stantler, L92, M|283/283\n|switch|p2a: Delphox|Delphox, L86, F|269/269\n|-ability|p1a: Stantler|Intimidate|boost\n|-unboost|p2a: Delphox|atk|1\n|turn|1\n|inactive|Battle timer is ON: inactive players will automatically lose when time's up. (requested by 2Stops)\n|\n|t:|1770302029\n|move|p2a: Delphox|Fire Blast|p1a: Stantler\n|-damage|p1a: Stantler|49/283\n|move|p1a: Stantler|Thunder Wave|p2a: Delphox\n|-status|p2a: Delphox|par\n|\n|upkeep\n|turn|2\n|\n|t:|1770302036\n|switch|p1a: Vaporeon|Vaporeon, L86, F|364/364\n|move|p2a: Delphox|Fire Blast|p1a: Vaporeon\n|-resisted|p1a: Vaporeon\n|-damage|p1a: Vaporeon|270/364\n|\n|-heal|p1a: Vaporeon|292/364|[from] item: Leftovers\n|upkeep\n|turn|3\n|\n|t:|1770302049\n|switch|p2a: Hypno|Hypno, L97, M|322/322\n|move|p1a: Vaporeon|Wish|p1a: Vaporeon\n|\n|-heal|p1a: Vaporeon|314/364|[from] item: Leftovers\n|upkeep\n|turn|4\n|\n|t:|1770302053\n|switch|p1a: Stantler|Stantler, L92, M|49/283\n|-ability|p1a: Stantler|Intimidate|boost\n|-unboost|p2a: Hypno|atk|1\n|move|p2a: Hypno|Toxic|p1a: Stantler\n|-status|p1a: Stantler|tox\n|\n|-heal|p1a: Stantler|231/283 tox|[from] move: Wish|[wisher] Vaporeon\n|-damage|p1a: Stantler|214/283 tox|[from] psn\n|upkeep\n|turn|5\n|\n|t:|1770302060\n|switch|p2a: Delphox|Delphox, L86, F|269/269 par\n|move|p1a: Stantler|Thunder Wave|p2a: Delphox\n|-fail|p2a: Delphox|par\n|\n|-damage|p1a: Stantler|180/283 tox|[from] psn\n|upkeep\n|turn|6\n|\n|t:|1770302063\n|move|p1a: Stantler|Earthquake|p2a: Delphox\n|-supereffective|p2a: Delphox\n|-damage|p2a: Delphox|14/269 par\n|-damage|p1a: Stantler|152/283 tox|[from] item: Life Orb\n|move|p2a: Delphox|Psyshock|p1a: Stantler\n|-damage|p1a: Stantler|0 fnt\n|faint|p1a: Stantler\n|\n|upkeep\n|\n|t:|1770302081\n|switch|p1a: Nihilego|Nihilego, L79|302/302\n|turn|7\n|\n|t:|1770302103\n|switch|p2a: Porygon2|Porygon2, L82|274/274\n|-ability|p2a: Porygon2|Download|boost\n|-boost|p2a: Porygon2|atk|1\n|move|p1a: Nihilego|Sludge Wave|p2a: Porygon2\n|-damage|p2a: Porygon2|196/274\n|\n|upkeep\n|turn|8\n|inactive|2Stops has 120 seconds left.\n|\n|t:|1770302139\n|switch|p1a: Vaporeon|Vaporeon, L86, F|314/364\n|move|p2a: Porygon2|Discharge|p1a: Vaporeon\n|-supereffective|p1a: Vaporeon\n|-damage|p1a: Vaporeon|214/364\n|-status|p1a: Vaporeon|par\n|\n|-heal|p1a: Vaporeon|236/364 par|[from] item: Leftovers\n|upkeep\n|turn|9\n|\n|t:|1770302148\n|switch|p2a: Delphox|Delphox, L86, F|14/269 par\n|move|p1a: Vaporeon|Toxic||[still]\n|-fail|p1a: Vaporeon\n|\n|-heal|p1a: Vaporeon|258/364 par|[from] item: Leftovers\n|upkeep\n|turn|10\n|\n|t:|1770302152\n|move|p2a: Delphox|Psyshock|p1a: Vaporeon\n|-damage|p1a: Vaporeon|50/364 par\n|cant|p1a: Vaporeon|par\n|\n|-heal|p1a: Vaporeon|72/364 par|[from] item: Leftovers\n|upkeep\n|turn|11\n|\n|t:|1770302156\n|move|p1a: Vaporeon|Protect|p1a: Vaporeon\n|-singleturn|p1a: Vaporeon|Protect\n|move|p2a: Delphox|Psyshock|p1a: Vaporeon\n|-activate|p1a: Vaporeon|move: Protect\n|\n|-heal|p1a: Vaporeon|94/364 par|[from] item: Leftovers\n|upkeep\n|turn|12\n|\n|t:|1770302174\n|cant|p2a: Delphox|par\n|cant|p1a: Vaporeon|par\n|\n|-heal|p1a: Vaporeon|116/364 par|[from] item: Leftovers\n|upkeep\n|turn|13\n|\n|t:|1770302178\n|move|p1a: Vaporeon|Protect|p1a: Vaporeon\n|-singleturn|p1a: Vaporeon|Protect\n|move|p2a: Delphox|Psyshock|p1a: Vaporeon\n|-activate|p1a: Vaporeon|move: Protect\n|\n|-heal|p1a: Vaporeon|138/364 par|[from] item: Leftovers\n|upkeep\n|turn|14\n|\n|t:|1770302187\n|switch|p1a: Articuno|Articuno, L85|291/291\n|-ability|p1a: Articuno|Pressure\n|move|p2a: Delphox|Psyshock|p1a: Articuno\n|-damage|p1a: Articuno|158/291\n|\n|-heal|p1a: Articuno|176/291|[from] item: Leftovers\n|upkeep\n|turn|15\n|\n|t:|1770302193\n|move|p1a: Articuno|Freeze-Dry|p2a: Delphox\n|-resisted|p2a: Delphox\n|-damage|p2a: Delphox|0 fnt\n|faint|p2a: Delphox\n|\n|-heal|p1a: Articuno|194/291|[from] item: Leftovers\n|upkeep\n|\n|t:|1770302199\n|switch|p2a: Porygon2|Porygon2, L82|196/274\n|-ability|p2a: Porygon2|Download|boost\n|-boost|p2a: Porygon2|atk|1\n|turn|16\n|\n|t:|1770302213\n|move|p1a: Articuno|Hurricane|p2a: Porygon2\n|-damage|p2a: Porygon2|112/274\n|move|p2a: Porygon2|Toxic|p1a: Articuno|[miss]\n|-miss|p2a: Porygon2|p1a: Articuno\n|\n|-heal|p1a: Articuno|212/291|[from] item: Leftovers\n|upkeep\n|turn|17\n|\n|t:|1770302225\n|move|p1a: Articuno|Substitute|p1a: Articuno\n|-start|p1a: Articuno|Substitute\n|-damage|p1a: Articuno|140/291\n|move|p2a: Porygon2|Recover|p2a: Porygon2\n|-heal|p2a: Porygon2|249/274\n|\n|-heal|p1a: Articuno|158/291|[from] item: Leftovers\n|upkeep\n|turn|18\n|\n|t:|1770302234\n|move|p1a: Articuno|Roost|p1a: Articuno\n|-heal|p1a: Articuno|291/291\n|-singleturn|p1a: Articuno|move: Roost\n|move|p2a: Porygon2|Discharge|p1a: Articuno\n|-activate|p1a: Articuno|move: Substitute|[damage]\n|\n|upkeep\n|turn|19\n|\n|t:|1770302247\n|move|p1a: Articuno|Freeze-Dry|p2a: Porygon2\n|-damage|p2a: Porygon2|201/274\n|move|p2a: Porygon2|Discharge|p1a: Articuno\n|-supereffective|p1a: Articuno\n|-end|p1a: Articuno|Substitute\n|\n|upkeep\n|turn|20\n|\n|t:|1770302251\n|move|p1a: Articuno|Substitute|p1a: Articuno\n|-start|p1a: Articuno|Substitute\n|-damage|p1a: Articuno|219/291\n|move|p2a: Porygon2|Discharge|p1a: Articuno\n|-supereffective|p1a: Articuno\n|-end|p1a: Articuno|Substitute\n|\n|-heal|p1a: Articuno|237/291|[from] item: Leftovers\n|upkeep\n|turn|21\n|\n|t:|1770302257\n|move|p1a: Articuno|Substitute|p1a: Articuno\n|-start|p1a: Articuno|Substitute\n|-damage|p1a: Articuno|165/291\n|move|p2a: Porygon2|Discharge|p1a: Articuno\n|-supereffective|p1a: Articuno\n|-end|p1a: Articuno|Substitute\n|\n|-heal|p1a: Articuno|183/291|[from] item: Leftovers\n|upkeep\n|turn|22\n|\n|t:|1770302267\n|switch|p1a: Pheromosa|Pheromosa, L75|229/229\n|move|p2a: Porygon2|Discharge|p1a: Pheromosa\n|-damage|p1a: Pheromosa|123/229\n|\n|upkeep\n|turn|23\n|\n|t:|1770302276\n|switch|p2a: Magmortar|Magmortar, L88, F|275/275\n|move|p1a: Pheromosa|High Jump Kick|p2a: Magmortar\n|-damage|p2a: Magmortar|32/275\n|-status|p1a: Pheromosa|brn|[from] ability: Flame Body|[of] p2a: Magmortar\n|-damage|p1a: Pheromosa|101/229 brn|[from] item: Life Orb\n|\n|-damage|p1a: Pheromosa|87/229 brn|[from] brn\n|upkeep\n|turn|24\n|\n|t:|1770302289\n|move|p1a: Pheromosa|Throat Chop|p2a: Magmortar\n|-damage|p2a: Magmortar|0 fnt\n|faint|p2a: Magmortar\n|-ability|p1a: Pheromosa|Beast Boost|boost\n|-boost|p1a: Pheromosa|spe|1\n|-damage|p1a: Pheromosa|65/229 brn|[from] item: Life Orb\n|\n|-damage|p1a: Pheromosa|51/229 brn|[from] brn\n|upkeep\n|\n|t:|1770302297\n|switch|p2a: Porygon2|Porygon2, L82|201/274\n|-ability|p2a: Porygon2|Download|boost\n|-boost|p2a: Porygon2|spa|1\n|turn|25\n|\n|t:|1770302300\n|move|p1a: Pheromosa|High Jump Kick|p2a: Porygon2\n|-supereffective|p2a: Porygon2\n|-damage|p2a: Porygon2|61/274\n|-damage|p1a: Pheromosa|29/229 brn|[from] item: Life Orb\n|move|p2a: Porygon2|Recover|p2a: Porygon2\n|-heal|p2a: Porygon2|198/274\n|\n|-damage|p1a: Pheromosa|15/229 brn|[from] brn\n|upkeep\n|turn|26\n|\n|t:|1770302311\n|switch|p1a: Vaporeon|Vaporeon, L86, F|138/364 par\n|move|p2a: Porygon2|Recover|p2a: Porygon2\n|-heal|p2a: Porygon2|274/274\n|\n|-heal|p1a: Vaporeon|160/364 par|[from] item: Leftovers\n|upkeep\n|turn|27\n|\n|t:|1770302316\n|move|p2a: Porygon2|Discharge|p1a: Vaporeon\n|-supereffective|p1a: Vaporeon\n|-damage|p1a: Vaporeon|14/364 par\n|move|p1a: Vaporeon|Toxic|p2a: Porygon2\n|-status|p2a: Porygon2|tox\n|\n|-heal|p1a: Vaporeon|36/364 par|[from] item: Leftovers\n|-damage|p2a: Porygon2|257/274 tox|[from] psn\n|upkeep\n|turn|28\n|\n|t:|1770302324\n|move|p1a: Vaporeon|Protect|p1a: Vaporeon\n|-singleturn|p1a: Vaporeon|Protect\n|move|p2a: Porygon2|Tri Attack|p1a: Vaporeon\n|-activate|p1a: Vaporeon|move: Protect\n|\n|-heal|p1a: Vaporeon|58/364 par|[from] item: Leftovers\n|-damage|p2a: Porygon2|223/274 tox|[from] psn\n|upkeep\n|turn|29\n|\n|t:|1770302333\n|move|p1a: Vaporeon|Protect|p1a: Vaporeon\n|-singleturn|p1a: Vaporeon|Protect\n|move|p2a: Porygon2|Tri Attack|p1a: Vaporeon\n|-activate|p1a: Vaporeon|move: Protect\n|\n|-heal|p1a: Vaporeon|80/364 par|[from] item: Leftovers\n|-damage|p2a: Porygon2|172/274 tox|[from] psn\n|upkeep\n|turn|30\n|\n|t:|1770302346\n|switch|p1a: Articuno|Articuno, L85|183/291\n|-ability|p1a: Articuno|Pressure\n|move|p2a: Porygon2|Tri Attack|p1a: Articuno\n|-damage|p1a: Articuno|78/291\n|\n|-heal|p1a: Articuno|96/291|[from] item: Leftovers\n|-damage|p2a: Porygon2|104/274 tox|[from] psn\n|upkeep\n|turn|31\n|\n|t:|1770302356\n|move|p1a: Articuno|Roost|p1a: Articuno\n|-heal|p1a: Articuno|242/291\n|-singleturn|p1a: Articuno|move: Roost\n|move|p2a: Porygon2|Discharge|p1a: Articuno\n|-damage|p1a: Articuno|176/291\n|\n|-heal|p1a: Articuno|194/291|[from] item: Leftovers\n|-damage|p2a: Porygon2|19/274 tox|[from] psn\n|upkeep\n|turn|32\n|\n|t:|1770302366\n|move|p1a: Articuno|Roost|p1a: Articuno\n|-heal|p1a: Articuno|291/291\n|-singleturn|p1a: Articuno|move: Roost\n|move|p2a: Porygon2|Discharge|p1a: Articuno\n|-damage|p1a: Articuno|232/291\n|\n|-heal|p1a: Articuno|250/291|[from] item: Leftovers\n|-damage|p2a: Porygon2|0 fnt|[from] psn\n|faint|p2a: Porygon2\n|upkeep\n|\n|t:|1770302377\n|switch|p2a: Bewear|Bewear, L84, M|339/339\n|turn|33\n|\n|t:|1770302388\n|move|p1a: Articuno|Hurricane|p2a: Bewear\n|-supereffective|p2a: Bewear\n|-damage|p2a: Bewear|45/339\n|move|p2a: Bewear|Return|p1a: Articuno\n|-damage|p1a: Articuno|132/291\n|\n|-heal|p1a: Articuno|150/291|[from] item: Leftovers\n|-heal|p2a: Bewear|66/339|[from] item: Leftovers\n|upkeep\n|turn|34\n|\n|t:|1770302395\n|move|p1a: Articuno|Freeze-Dry|p2a: Bewear\n|-damage|p2a: Bewear|0 fnt\n|faint|p2a: Bewear\n|\n|-heal|p1a: Articuno|168/291|[from] item: Leftovers\n|upkeep\n|\n|t:|1770302404\n|switch|p2a: Hypno|Hypno, L97, M|322/322\n|turn|35\n|\n|t:|1770302410\n|move|p1a: Articuno|Substitute|p1a: Articuno\n|-start|p1a: Articuno|Substitute\n|-damage|p1a: Articuno|96/291\n|move|p2a: Hypno|Seismic Toss|p1a: Articuno\n|-end|p1a: Articuno|Substitute\n|\n|-heal|p1a: Articuno|114/291|[from] item: Leftovers\n|upkeep\n|turn|36\n|\n|t:|1770302430\n|move|p1a: Articuno|Hurricane|p2a: Hypno\n|-damage|p2a: Hypno|238/322\n|move|p2a: Hypno|Toxic|p1a: Articuno\n|-status|p1a: Articuno|tox\n|\n|-heal|p1a: Articuno|132/291 tox|[from] item: Leftovers\n|-heal|p2a: Hypno|258/322|[from] item: Leftovers\n|-damage|p1a: Articuno|114/291 tox|[from] psn\n|upkeep\n|turn|37\n|\n|t:|1770302436\n|move|p1a: Articuno|Hurricane|p2a: Hypno|[miss]\n|-miss|p1a: Articuno|p2a: Hypno\n|move|p2a: Hypno|Wish|p2a: Hypno\n|\n|-heal|p1a: Articuno|132/291 tox|[from] item: Leftovers\n|-heal|p2a: Hypno|278/322|[from] item: Leftovers\n|-damage|p1a: Articuno|96/291 tox|[from] psn\n|upkeep\n|turn|38\n|\n|t:|1770302443\n|move|p1a: Articuno|Roost|p1a: Articuno\n|-heal|p1a: Articuno|242/291 tox\n|-singleturn|p1a: Articuno|move: Roost\n|move|p2a: Hypno|Seismic Toss|p1a: Articuno\n|-damage|p1a: Articuno|145/291 tox\n|\n|-heal|p2a: Hypno|322/322|[from] move: Wish|[wisher] Hypno\n|-heal|p1a: Articuno|163/291 tox|[from] item: Leftovers\n|-damage|p1a: Articuno|109/291 tox|[from] psn\n|upkeep\n|turn|39\n|\n|t:|1770302456\n|move|p1a: Articuno|Hurricane|p2a: Hypno\n|-damage|p2a: Hypno|232/322\n|-start|p2a: Hypno|confusion\n|-activate|p2a: Hypno|confusion\n|move|p2a: Hypno|Wish|p2a: Hypno\n|\n|-heal|p1a: Articuno|127/291 tox|[from] item: Leftovers\n|-heal|p2a: Hypno|252/322|[from] item: Leftovers\n|-damage|p1a: Articuno|55/291 tox|[from] psn\n|upkeep\n|turn|40\n|\n|t:|1770302463\n|move|p1a: Articuno|Hurricane|p2a: Hypno\n|-damage|p2a: Hypno|173/322\n|-activate|p2a: Hypno|confusion\n|move|p2a: Hypno|Seismic Toss|p1a: Articuno\n|-damage|p1a: Articuno|0 fnt\n|faint|p1a: Articuno\n|\n|-heal|p2a: Hypno|322/322|[from] move: Wish|[wisher] Hypno\n|upkeep\n|\n|t:|1770302468\n|switch|p1a: Vaporeon|Vaporeon, L86, F|80/364 par\n|turn|41\n|\n|t:|1770302474\n|move|p1a: Vaporeon|Protect|p1a: Vaporeon\n|-singleturn|p1a: Vaporeon|Protect\n|-activate|p2a: Hypno|confusion\n|move|p2a: Hypno|Seismic Toss|p1a: Vaporeon\n|-activate|p1a: Vaporeon|move: Protect\n|\n|-heal|p1a: Vaporeon|102/364 par|[from] item: Leftovers\n|upkeep\n|turn|42\n|\n|t:|1770302481\n|-activate|p2a: Hypno|confusion\n|move|p2a: Hypno|Seismic Toss|p1a: Vaporeon\n|-damage|p1a: Vaporeon|5/364 par\n|move|p1a: Vaporeon|Toxic|p2a: Hypno\n|-status|p2a: Hypno|tox\n|\n|-heal|p1a: Vaporeon|27/364 par|[from] item: Leftovers\n|-damage|p2a: Hypno|302/322 tox|[from] psn\n|upkeep\n|turn|43\n|\n|t:|1770302496\n|-end|p2a: Hypno|confusion\n|move|p2a: Hypno|Wish|p2a: Hypno\n|move|p1a: Vaporeon|Wish|p1a: Vaporeon\n|\n|-heal|p2a: Hypno|322/322 tox|[from] item: Leftovers\n|-heal|p1a: Vaporeon|49/364 par|[from] item: Leftovers\n|-damage|p2a: Hypno|282/322 tox|[from] psn\n|upkeep\n|turn|44\n|\n|t:|1770302503\n|switch|p2a: Zekrom|Zekrom, L74|270/270\n|-ability|p2a: Zekrom|Teravolt\n|move|p1a: Vaporeon|Protect||[still]\n|-fail|p1a: Vaporeon\n|\n|-heal|p1a: Vaporeon|231/364 par|[from] move: Wish|[wisher] Vaporeon\n|-heal|p1a: Vaporeon|253/364 par|[from] item: Leftovers\n|upkeep\n|turn|45\n|\n|t:|1770302521\n|switch|p1a: Vileplume|Vileplume, L87, M|272/272\n|move|p2a: Zekrom|Bolt Strike|p1a: Vileplume|[miss]\n|-miss|p2a: Zekrom|p1a: Vileplume\n|\n|upkeep\n|turn|46\n|\n|t:|1770302534\n|switch|p2a: Hypno|Hypno, L97, M|282/322 tox\n|move|p1a: Vileplume|Sludge Bomb|p2a: Hypno\n|-damage|p2a: Hypno|207/322 tox\n|\n|-heal|p2a: Hypno|227/322 tox|[from] item: Leftovers\n|-damage|p2a: Hypno|207/322 tox|[from] psn\n|upkeep\n|turn|47\n|\n|t:|1770302550\n|move|p2a: Hypno|Seismic Toss|p1a: Vileplume\n|-damage|p1a: Vileplume|175/272\n|move|p1a: Vileplume|Sludge Bomb|p2a: Hypno\n|-damage|p2a: Hypno|129/322 tox\n|\n|-heal|p2a: Hypno|149/322 tox|[from] item: Leftovers\n|-heal|p1a: Vileplume|192/272|[from] item: Black Sludge\n|-damage|p2a: Hypno|109/322 tox|[from] psn\n|upkeep\n|turn|48\n|\n|t:|1770302562\n|move|p2a: Hypno|Wish|p2a: Hypno\n|move|p1a: Vileplume|Sludge Bomb|p2a: Hypno\n|-damage|p2a: Hypno|36/322 tox\n|\n|-heal|p2a: Hypno|56/322 tox|[from] item: Leftovers\n|-heal|p1a: Vileplume|209/272|[from] item: Black Sludge\n|-damage|p2a: Hypno|0 fnt|[from] psn\n|faint|p2a: Hypno\n|upkeep\n|\n|t:|1770302566\n|switch|p2a: Zekrom|Zekrom, L74|270/270\n|-ability|p2a: Zekrom|Teravolt\n|turn|49\n|\n|t:|1770302574\n|move|p2a: Zekrom|Hone Claws|p2a: Zekrom\n|-boost|p2a: Zekrom|atk|1\n|-boost|p2a: Zekrom|accuracy|1\n|move|p1a: Vileplume|Strength Sap|p2a: Zekrom\n|-unboost|p2a: Zekrom|atk|1\n|-heal|p1a: Vileplume|272/272\n|\n|upkeep\n|turn|50\n|\n|t:|1770302580\n|move|p2a: Zekrom|Hone Claws|p2a: Zekrom\n|-boost|p2a: Zekrom|atk|1\n|-boost|p2a: Zekrom|accuracy|1\n|move|p1a: Vileplume|Hidden Power|p2a: Zekrom\n|-supereffective|p2a: Zekrom\n|-damage|p2a: Zekrom|158/270\n|\n|upkeep\n|turn|51\n|\n|t:|1770302590\n|-zpower|p2a: Zekrom\n|move|p2a: Zekrom|Devastating Drake|p1a: Vileplume|[zeffect]\n|-damage|p1a: Vileplume|0 fnt\n|faint|p1a: Vileplume\n|\n|upkeep\n|\n|t:|1770302615\n|switch|p1a: Pheromosa|Pheromosa, L75|15/229 brn\n|turn|52\n|\n|t:|1770302626\n|move|p1a: Pheromosa|Ice Beam|p2a: Zekrom\n|-supereffective|p2a: Zekrom\n|-damage|p2a: Zekrom|0 fnt\n|faint|p2a: Zekrom\n|-damage|p1a: Pheromosa|0 fnt|[from] item: Life Orb\n|faint|p1a: Pheromosa\n|\n|win|2Stops\n|raw|2Stops's rating: 1560 &rarr; <strong>1583</strong><br />(+23 for winning)\n|raw|ayswayyy's rating: 1606 &rarr; <strong>1583</strong><br />(-23 for losing)\n", "inputlog": ">version ccdc32dd7cde25fd9e4bed64820e885f66e78a4e\n>start {\"formatid\":\"gen7randombattle\",\"seed\":\"sodium,32eef6c3d4fbff226d37b5670677692a\",\"rated\":\"Rated battle\"}\n>player p1 {\"name\":\"2Stops\",\"avatar\":\"bugcatcher-gen4dp\",\"rating\":1560,\"seed\":\"sodium,adfa4f02b714845e7e5519fbf4c89ebf\"}\n>player p2 {\"name\":\"ayswayyy\",\"avatar\":\"169\",\"rating\":1606,\"seed\":\"sodium,64ecbbc7e4a503c70a9650ed5f2ed1a2\"}\n>p1 move thunderwave\n>p2 move fireblast\n>p1 switch 5\n>p2 move fireblast\n>p1 move wish\n>p2 switch 4\n>p1 switch 5\n>p2 move toxic\n>p1 move thunderwave\n>p2 switch 4\n>p1 move earthquake\n>p2 move psyshock\n>p1 switch 6\n>p1 move sludgewave\n>p2 switch 3\n>p1 switch 5\n>p2 move discharge\n>p1 move toxic\n>p2 switch 3\n>p1 move wish\n>p2 move psyshock\n>p1 move protect\n>p2 move psyshock\n>p1 move wish\n>p2 move psyshock\n>p1 move protect\n>p2 move psyshock\n>p1 switch 3\n>p2 move psyshock\n>p1 move freezedry\n>p2 move psyshock\n>p2 switch 3\n>p1 move hurricane\n>p2 move toxic\n>p1 move substitute\n>p2 move recover\n>p1 move roost\n>p2 move discharge\n>p1 move freezedry\n>p2 move discharge\n>p1 move substitute\n>p2 move discharge\n>p1 move substitute\n>p2 move discharge\n>p1 switch 2\n>p2 move discharge\n>p1 move highjumpkick\n>p2 switch 6\n>p1 move throatchop\n>p2 move fireblast\n>p2 switch 6\n>p1 move highjumpkick\n>p2 move recover\n>p1 switch 3\n>p2 move recover\n>p1 move toxic\n>p2 move discharge\n>p1 move protect\n>p2 move triattack\n>p1 move protect\n>p2 move triattack\n>p1 switch 2\n>p2 move triattack\n>p1 move roost\n>p2 move discharge\n>p1 move roost\n>p2 move discharge\n>p2 switch 2\n>p1 move hurricane\n>p2 move return\n>p1 move freezedry\n>p2 move superpower\n>p2 switch 4\n>p1 move substitute\n>p2 move seismictoss\n>p1 move hurricane\n>p2 move toxic\n>p1 move hurricane\n>p2 move wish\n>p1 move roost\n>p2 move seismictoss\n>p1 move hurricane\n>p2 move wish\n>p1 move hurricane\n>p2 move seismictoss\n>p1 switch 2\n>p1 move protect\n>p2 move seismictoss\n>p1 move toxic\n>p2 move seismictoss\n>p1 move wish\n>p2 move wish\n>p1 move protect\n>p2 switch 5\n>p1 switch 4\n>p2 move boltstrike\n>p1 move sludgebomb\n>p2 switch 5\n>p1 move sludgebomb\n>p2 move seismictoss\n>p1 move sludgebomb\n>p2 move wish\n>p2 switch 5\n>p1 move strengthsap\n>p2 move honeclaws\n>p1 move hiddenpower\n>p2 move honeclaws\n>p1 move strengthsap\n>p2 move outrage zmove\n>p1 switch 3\n>p1 move icebeam\n>p2 move roost", "uploadtime": 1770302655, "views": 166, "formatid": "gen7randombattle", "rating": 1583, "private": 0, "password": null}