{"id": "gen7randombattle-2533993198", "format": "[Gen 7] Random Battle", "players": ["may/gen3", "ermejoh"], "log": "|j|☆may/gen3\n|j|☆ermejoh\n|t:|1770373217\n|gametype|singles\n|player|p1|may/gen3|may|1752\n|player|p2|ermejoh|benga|1613\n|gen|7\n|tier|[Gen 7] Random Battle\n|rated|\n|rule|Sleep Clause Mod: Limit one foe put to sleep\n|rule|HP Percentage Mod: HP is shown in percentages\n|rule|Illusion Level Mod: Illusion disguises the Pokémon's true level\n|\n|t:|1770373217\n|teamsize|p1|6\n|teamsize|p2|6\n|start\n|switch|p1a: Heatran|Heatran, L80, F|277/277\n|switch|p2a: Kecleon|Kecleon, L90, F|254/254\n|turn|1\n|c|☆may/gen3|hi\n|inactive|Battle timer is ON: inactive players will automatically lose when time's up. (requested by may/gen3)\n|\n|t:|1770373250\n|switch|p1a: Forretress|Forretress, L81, M|254/254\n|move|p2a: Kecleon|Drain Punch|p1a: Forretress\n|-start|p2a: Kecleon|typechange|Fighting|[from] ability: Protean\n|-damage|p1a: Forretress|176/254\n|-damage|p2a: Kecleon|229/254|[from] item: Life Orb\n|\n|-heal|p1a: Forretress|191/254|[from] item: Leftovers\n|upkeep\n|turn|2\n|\n|t:|1770373264\n|move|p2a: Kecleon|Knock Off|p1a: Forretress\n|-start|p2a: Kecleon|typechange|Dark|[from] ability: Protean\n|-crit|p1a: Forretress\n|-damage|p1a: Forretress|35/254\n|-enditem|p1a: Forretress|Leftovers|[from] move: Knock Off|[of] p2a: Kecleon\n|-damage|p2a: Kecleon|204/254|[from] item: Life Orb\n|move|p1a: Forretress|Stealth Rock|p2a: Kecleon\n|-sidestart|p2: ermejoh|move: Stealth Rock\n|\n|upkeep\n|turn|3\n|\n|t:|1770373269\n|move|p2a: Kecleon|Drain Punch|p1a: Forretress\n|-start|p2a: Kecleon|typechange|Fighting|[from] ability: Protean\n|-damage|p1a: Forretress|0 fnt\n|-heal|p2a: Kecleon|222/254|[from] drain|[of] p1a: Forretress\n|faint|p1a: Forretress\n|-damage|p2a: Kecleon|197/254|[from] item: Life Orb\n|\n|upkeep\n|\n|t:|1770373278\n|switch|p1a: Noivern|Noivern, L83, M|277/277\n|turn|4\n|\n|t:|1770373301\n|switch|p2a: Magnezone|Magnezone, L84|255/255\n|-damage|p2a: Magnezone|240/255|[from] Stealth Rock\n|move|p1a: Noivern|Hurricane|p2a: Magnezone\n|-resisted|p2a: Magnezone\n|-damage|p2a: Magnezone|210/255\n|\n|upkeep\n|turn|5\n|\n|t:|1770373307\n|move|p1a: Noivern|U-turn|p2a: Magnezone\n|-resisted|p2a: Magnezone\n|-damage|p2a: Magnezone|195/255\n|\n|t:|1770373309\n|switch|p1a: Zeraora|Zeraora, L77|262/262|[from] U-turn\n|move|p2a: Magnezone|Volt Switch|p1a: Zeraora\n|-immune|p1a: Zeraora|[from] ability: Volt Absorb\n|\n|upkeep\n|turn|6\n|\n|t:|1770373315\n|switch|p2a: Mamoswine|Mamoswine, L79, M|303/303\n|-damage|p2a: Mamoswine|266/303|[from] Stealth Rock\n|move|p1a: Zeraora|Close Combat|p2a: Mamoswine\n|-supereffective|p2a: Mamoswine\n|-damage|p2a: Mamoswine|40/303\n|-unboost|p1a: Zeraora|def|1\n|-unboost|p1a: Zeraora|spd|1\n|-damage|p1a: Zeraora|236/262|[from] item: Life Orb\n|\n|upkeep\n|turn|7\n|\n|t:|1770373323\n|switch|p2a: Mismagius|Mismagius, L87, M|246/246\n|-damage|p2a: Mismagius|216/246|[from] Stealth Rock\n|move|p1a: Zeraora|Close Combat|p2a: Mismagius\n|-immune|p2a: Mismagius\n|\n|upkeep\n|turn|8\n|\n|t:|1770373330\n|move|p1a: Zeraora|Volt Switch|p2a: Mismagius\n|-damage|p2a: Mismagius|146/246\n|-damage|p1a: Zeraora|210/262|[from] item: Life Orb\n|\n|t:|1770373333\n|switch|p1a: Heatran|Heatran, L80, F|277/277|[from] Volt Switch\n|move|p2a: Mismagius|Trick|p1a: Heatran\n|-activate|p2a: Mismagius|move: Trick|[of] p1a: Heatran\n|-item|p1a: Heatran|Choice Specs|[from] move: Trick\n|-item|p2a: Mismagius|Leftovers|[from] move: Trick\n|\n|-heal|p2a: Mismagius|161/246|[from] item: Leftovers\n|upkeep\n|turn|9\n|\n|t:|1770373341\n|move|p2a: Mismagius|Shadow Ball|p1a: Heatran\n|-damage|p1a: Heatran|193/277\n|move|p1a: Heatran|Magma Storm|p2a: Mismagius\n|-damage|p2a: Mismagius|2/246\n|-activate|p2a: Mismagius|move: Magma Storm|[of] p1a: Heatran\n|\n|-heal|p2a: Mismagius|17/246|[from] item: Leftovers\n|-damage|p2a: Mismagius|0 fnt|[from] move: Magma Storm|[partiallytrapped]\n|faint|p2a: Mismagius\n|upkeep\n|\n|t:|1770373347\n|switch|p2a: Latios|Latios, L79, M|256/256\n|-damage|p2a: Latios|224/256|[from] Stealth Rock\n|turn|10\n|\n|t:|1770373353\n|switch|p1a: Noivern|Noivern, L83, M|277/277\n|detailschange|p2a: Latios|Latios-Mega, L79, M\n|-mega|p2a: Latios|Latios|Latiosite\n|move|p2a: Latios|Draco Meteor|p1a: Noivern\n|-supereffective|p1a: Noivern\n|-damage|p1a: Noivern|0 fnt\n|-unboost|p2a: Latios|spa|2\n|faint|p1a: Noivern\n|\n|upkeep\n|\n|t:|1770373360\n|switch|p1a: Malamar|Malamar, L80, F|269/269\n|turn|11\n|\n|t:|1770373369\n|switch|p2a: Kecleon|Kecleon, L90, F|197/254\n|-damage|p2a: Kecleon|166/254|[from] Stealth Rock\n|-zpower|p1a: Malamar\n|move|p1a: Malamar|Z-Happy Hour|p1a: Malamar|[anim]Happy Hour\n|-boost|p1a: Malamar|atk|1|[zeffect]\n|-boost|p1a: Malamar|def|1|[zeffect]\n|-boost|p1a: Malamar|spa|1|[zeffect]\n|-boost|p1a: Malamar|spd|1|[zeffect]\n|-boost|p1a: Malamar|spe|1|[zeffect]\n|\n|upkeep\n|turn|12\n|\n|t:|1770373372\n|move|p2a: Kecleon|Shadow Sneak|p1a: Malamar\n|-start|p2a: Kecleon|typechange|Ghost|[from] ability: Protean\n|-damage|p1a: Malamar|222/269\n|-damage|p2a: Kecleon|141/254|[from] item: Life Orb\n|move|p1a: Malamar|Superpower|p2a: Kecleon\n|-immune|p2a: Kecleon\n|\n|upkeep\n|turn|13\n|inactive|ermejoh has 120 seconds left.\n|\n|t:|1770373410\n|move|p1a: Malamar|Knock Off|p2a: Kecleon\n|-supereffective|p2a: Kecleon\n|-crit|p2a: Kecleon\n|-damage|p2a: Kecleon|0 fnt\n|-enditem|p2a: Kecleon|Life Orb|[from] move: Knock Off|[of] p1a: Malamar\n|faint|p2a: Kecleon\n|\n|upkeep\n|-message|ermejoh forfeited.\n|\n|win|may/gen3\n|raw|may&#x2f;gen3's rating: 1752 &rarr; <strong>1764</strong><br />(+12 for winning)\n|raw|ermejoh's rating: 1613 &rarr; <strong>1601</strong><br />(-12 for losing)\n|l|☆ermejoh\n|player|p2|\n", "inputlog": ">version ccdc32dd7cde25fd9e4bed64820e885f66e78a4e\n>start {\"formatid\":\"gen7randombattle\",\"seed\":\"sodium,c84126463f4ea3d8bcd4a8ed1d188074\",\"rated\":\"Rated battle\"}\n>player p1 {\"name\":\"may/gen3\",\"avatar\":\"may\",\"rating\":1752,\"seed\":\"sodium,dab095965e9614fd83c631b4c2b095b5\"}\n>player p2 {\"name\":\"ermejoh\",\"avatar\":\"benga\",\"rating\":1613,\"seed\":\"sodium,36996478683008949581e0478b77cc7a\"}\n>chat ☆may/gen3|hi\n>p1 switch 6\n>p2 move drainpunch\n>p1 move stealthrock\n>p2 move knockoff\n>p1 move toxic\n>p2 move drainpunch\n>p1 switch 4\n>p1 move hurricane\n>p2 switch 3\n>p1 move uturn\n>p2 move voltswitch\n>p1 switch 2\n>p1 move closecombat\n>p2 switch 2\n>p1 move closecombat\n>p2 switch 6\n>p1 move voltswitch\n>p2 move trick\n>p1 switch 6\n>p1 move magmastorm\n>p2 move shadowball\n>p2 switch 4\n>p1 switch 2\n>p2 move dracometeor mega\n>p1 switch 5\n>p1 move happyhour zmove\n>p2 switch 3\n>p1 move superpower\n>p2 move shadowsneak\n>p1 move knockoff\n>p2 move drainpunch\n>forcelose p2", "uploadtime": 1770373422, "views": 208, "formatid": "gen7randombattle", "rating": 1601, "private": 0, "password": null}