{"id": "gen7randombattle-2525027710", "format": "[Gen 7] Random Battle", "players": ["reesepk", "NTsweeper007"], "log": "|j|☆reesepk\n|j|☆NTsweeper007\n|t:|1769219006\n|gametype|singles\n|player|p1|reesepk|miku-ghost|1618\n|player|p2|NTsweeper007|hilbert-wonderlauncher|1819\n|gen|7\n|tier|[Gen 7] Random Battle\n|rated|\n|rule|Sleep Clause Mod: Limit one foe put to sleep\n|rule|HP Percentage Mod: HP is shown in percentages\n|rule|Illusion Level Mod: Illusion disguises the Pokémon's true level\n|\n|t:|1769219006\n|teamsize|p1|6\n|teamsize|p2|6\n|start\n|switch|p1a: Pinsir|Pinsir, L74, M|217/217\n|switch|p2a: Amoonguss|Amoonguss, L83, M|325/325\n|turn|1\n|inactive|Battle timer is ON: inactive players will automatically lose when time's up. (requested by NTsweeper007)\n|\n|t:|1769219020\n|switch|p1a: Amoonguss|Amoonguss, L83, M|325/325\n|move|p2a: Amoonguss|Spore|p1a: Amoonguss\n|-immune|p1a: Amoonguss\n|\n|upkeep\n|turn|2\n|\n|t:|1769219033\n|move|p1a: Amoonguss|Sludge Bomb|p2a: Amoonguss\n|-damage|p2a: Amoonguss|231/325\n|move|p2a: Amoonguss|Sludge Bomb|p1a: Amoonguss\n|-damage|p1a: Amoonguss|223/325\n|\n|-heal|p1a: Amoonguss|243/325|[from] item: Black Sludge\n|upkeep\n|turn|3\n|\n|t:|1769219040\n|move|p1a: Amoonguss|Sludge Bomb|p2a: Amoonguss\n|-damage|p2a: Amoonguss|140/325\n|move|p2a: Amoonguss|Sludge Bomb|p1a: Amoonguss\n|-damage|p1a: Amoonguss|146/325\n|\n|-heal|p1a: Amoonguss|166/325|[from] item: Black Sludge\n|upkeep\n|turn|4\n|\n|t:|1769219066\n|move|p1a: Amoonguss|Sludge Bomb|p2a: Amoonguss\n|-damage|p2a: Amoonguss|50/325\n|move|p2a: Amoonguss|Synthesis|p2a: Amoonguss\n|-heal|p2a: Amoonguss|212/325\n|\n|-heal|p1a: Amoonguss|186/325|[from] item: Black Sludge\n|upkeep\n|turn|5\n|\n|t:|1769219072\n|move|p2a: Amoonguss|Sludge Bomb|p1a: Amoonguss\n|-damage|p1a: Amoonguss|92/325\n|move|p1a: Amoonguss|Sludge Bomb|p2a: Amoonguss\n|-damage|p2a: Amoonguss|127/325\n|\n|-heal|p1a: Amoonguss|112/325|[from] item: Black Sludge\n|upkeep\n|turn|6\n|\n|t:|1769219081\n|switch|p1a: Probopass|Probopass, L92, M|260/260\n|-item|p1a: Probopass|Air Balloon\n|move|p2a: Amoonguss|Sludge Bomb|p1a: Probopass\n|-immune|p1a: Probopass\n|\n|upkeep\n|turn|7\n|\n|t:|1769219091\n|move|p1a: Probopass|Stealth Rock|p2a: Amoonguss\n|-sidestart|p2: NTsweeper007|move: Stealth Rock\n|move|p2a: Amoonguss|Spore|p1a: Probopass\n|-status|p1a: Probopass|slp|[from] move: Spore\n|\n|upkeep\n|turn|8\n|\n|t:|1769219096\n|switch|p1a: Amoonguss|Amoonguss, L83, M|220/325\n|switch|p2a: Darkrai|Darkrai, L75|229/229\n|-damage|p2a: Darkrai|201/229|[from] Stealth Rock\n|\n|-heal|p1a: Amoonguss|240/325|[from] item: Black Sludge\n|upkeep\n|turn|9\n|\n|t:|1769219102\n|move|p2a: Darkrai|Nasty Plot|p2a: Darkrai\n|-boost|p2a: Darkrai|spa|2\n|move|p1a: Amoonguss|Spore|p2a: Darkrai\n|-status|p2a: Darkrai|slp|[from] move: Spore\n|\n|-heal|p1a: Amoonguss|260/325|[from] item: Black Sludge\n|upkeep\n|turn|10\n|\n|t:|1769219112\n|switch|p1a: Pinsir|Pinsir, L74, M|217/217\n|cant|p2a: Darkrai|slp\n|\n|upkeep\n|turn|11\n|\n|t:|1769219117\n|-curestatus|p2a: Darkrai|slp|[msg]\n|-zpower|p2a: Darkrai\n|move|p2a: Darkrai|Black Hole Eclipse|p1a: Pinsir|[zeffect]\n|-damage|p1a: Pinsir|0 fnt\n|faint|p1a: Pinsir\n|\n|upkeep\n|\n|t:|1769219121\n|switch|p1a: Samurott|Samurott, L88, M|310/310\n|turn|12\n|\n|t:|1769219124\n|move|p2a: Darkrai|Dark Pulse|p1a: Samurott\n|-damage|p1a: Samurott|183/310\n|move|p1a: Samurott|Sacred Sword|p2a: Darkrai\n|-supereffective|p2a: Darkrai\n|-damage|p2a: Darkrai|55/229\n|\n|upkeep\n|turn|13\n|\n|t:|1769219129\n|move|p2a: Darkrai|Dark Pulse|p1a: Samurott\n|-damage|p1a: Samurott|42/310\n|move|p1a: Samurott|Sacred Sword|p2a: Darkrai\n|-supereffective|p2a: Darkrai\n|-damage|p2a: Darkrai|0 fnt\n|faint|p2a: Darkrai\n|\n|upkeep\n|\n|t:|1769219133\n|switch|p2a: Medicham|Medicham, L78, M|221/221\n|-damage|p2a: Medicham|208/221|[from] Stealth Rock\n|turn|14\n|\n|t:|1769219135\n|detailschange|p2a: Medicham|Medicham-Mega, L78, M\n|-mega|p2a: Medicham|Medicham|Medichamite\n|move|p2a: Medicham|Fake Out|p1a: Samurott\n|-damage|p1a: Samurott|0 fnt\n|faint|p1a: Samurott\n|\n|upkeep\n|\n|t:|1769219143\n|switch|p1a: Amoonguss|Amoonguss, L83, M|325/325\n|turn|15\n|\n|t:|1769219147\n|move|p2a: Medicham|Zen Headbutt|p1a: Amoonguss\n|-supereffective|p1a: Amoonguss\n|-damage|p1a: Amoonguss|0 fnt\n|faint|p1a: Amoonguss\n|\n|upkeep\n|\n|t:|1769219154\n|switch|p1a: Kyogre|Kyogre, L69|252/252\n|-weather|RainDance|[from] ability: Drizzle|[of] p1a: Kyogre\n|turn|16\n|\n|t:|1769219158\n|switch|p2a: Ludicolo|Ludicolo, L89, M|287/287\n|-damage|p2a: Ludicolo|252/287|[from] Stealth Rock\n|move|p1a: Kyogre|Water Spout|p2a: Ludicolo\n|-resisted|p2a: Ludicolo\n|-damage|p2a: Ludicolo|200/287\n|\n|-weather|RainDance|[upkeep]\n|upkeep\n|turn|17\n|\n|t:|1769219167\n|switch|p1a: Probopass|Probopass, L92, M|260/260 slp\n|-item|p1a: Probopass|Air Balloon\n|move|p2a: Ludicolo|Scald|p1a: Probopass\n|-supereffective|p1a: Probopass\n|-damage|p1a: Probopass|36/260 slp\n|-enditem|p1a: Probopass|Air Balloon\n|\n|-weather|RainDance|[upkeep]\n|upkeep\n|turn|18\n|\n|t:|1769219174\n|move|p2a: Ludicolo|Scald|p1a: Probopass\n|-supereffective|p1a: Probopass\n|-damage|p1a: Probopass|0 fnt\n|faint|p1a: Probopass\n|\n|-weather|RainDance|[upkeep]\n|upkeep\n|\n|t:|1769219186\n|switch|p1a: Kyogre|Kyogre, L69|252/252\n|turn|19\n|\n|t:|1769219189\n|move|p2a: Ludicolo|Scald|p1a: Kyogre\n|-resisted|p1a: Kyogre\n|-damage|p1a: Kyogre|173/252\n|move|p1a: Kyogre|Ice Beam|p2a: Ludicolo\n|-damage|p2a: Ludicolo|143/287\n|\n|-weather|RainDance|[upkeep]\n|upkeep\n|turn|20\n|\n|t:|1769219195\n|move|p2a: Ludicolo|Scald|p1a: Kyogre\n|-resisted|p1a: Kyogre\n|-damage|p1a: Kyogre|84/252\n|move|p1a: Kyogre|Ice Beam|p2a: Ludicolo\n|-damage|p2a: Ludicolo|92/287\n|\n|-weather|none\n|upkeep\n|turn|21\n|\n|t:|1769219202\n|move|p1a: Kyogre|Ice Beam|p2a: Ludicolo\n|-damage|p2a: Ludicolo|41/287\n|move|p2a: Ludicolo|Scald|p1a: Kyogre\n|-resisted|p1a: Kyogre\n|-crit|p1a: Kyogre\n|-damage|p1a: Kyogre|8/252\n|-status|p1a: Kyogre|brn\n|\n|-damage|p1a: Kyogre|0 fnt|[from] brn\n|faint|p1a: Kyogre\n|upkeep\n|\n|t:|1769219206\n|switch|p1a: Cobalion|Cobalion, L78|270/270\n|turn|22\n|\n|t:|1769219213\n|move|p1a: Cobalion|Swords Dance|p1a: Cobalion\n|-boost|p1a: Cobalion|atk|2\n|move|p2a: Ludicolo|Scald|p1a: Cobalion\n|-crit|p1a: Cobalion\n|-damage|p1a: Cobalion|11/270\n|\n|upkeep\n|turn|23\n|\n|t:|1769219220\n|move|p1a: Cobalion|Iron Head|p2a: Ludicolo\n|-resisted|p2a: Ludicolo\n|-damage|p2a: Ludicolo|0 fnt\n|faint|p2a: Ludicolo\n|\n|upkeep\n|c|☆reesepk|gg\n|\n|t:|1769219222\n|switch|p2a: Typhlosion|Typhlosion, L85, F|271/271\n|-damage|p2a: Typhlosion|204/271|[from] Stealth Rock\n|turn|24\n|c|☆NTsweeper007|gg\n|\n|t:|1769219226\n|move|p2a: Typhlosion|Eruption|p1a: Cobalion\n|-supereffective|p1a: Cobalion\n|-damage|p1a: Cobalion|0 fnt\n|faint|p1a: Cobalion\n|\n|win|NTsweeper007\n|raw|reesepk's rating: 1618 &rarr; <strong>1608</strong><br />(-10 for losing)\n|raw|NTsweeper007's rating: 1819 &rarr; <strong>1829</strong><br />(+10 for winning)\n|l|☆reesepk\n|player|p1|\n", "inputlog": ">version dd3d52b8382d73d1dd2c67730c4067df325ab790\n>start {\"formatid\":\"gen7randombattle\",\"seed\":\"sodium,513ddd37040df993b3e2754e0480cc82\",\"rated\":\"Rated battle\"}\n>player p1 {\"name\":\"reesepk\",\"avatar\":\"miku-ghost\",\"rating\":1618,\"seed\":\"sodium,57266a07af0cbfec29c31b798e25929f\"}\n>player p2 {\"name\":\"NTsweeper007\",\"avatar\":\"hilbert-wonderlauncher\",\"rating\":1819,\"seed\":\"sodium,40259470529e0b0d25e3efbd25393b16\"}\n>p1 switch 5\n>p2 move spore\n>p1 move sludgebomb\n>p2 move sludgebomb\n>p1 move sludgebomb\n>p2 move sludgebomb\n>p1 move sludgebomb\n>p2 move synthesis\n>p1 move sludgebomb\n>p2 move sludgebomb\n>p1 switch 3\n>p2 move sludgebomb\n>p1 move stealthrock\n>p2 move spore\n>p1 switch 3\n>p2 switch 3\n>p1 move spore\n>p2 move nastyplot\n>p1 switch 5\n>p2 move nastyplot\n>p1 move closecombat\n>p2 move darkpulse zmove\n>p1 switch 2\n>p1 move sacredsword\n>p2 move darkpulse\n>p1 move sacredsword\n>p2 move darkpulse\n>p2 switch 6\n>p1 move aquajet\n>p2 move fakeout mega\n>p1 switch 5\n>p1 move foulplay\n>p2 move zenheadbutt\n>p1 switch 4\n>p1 move waterspout\n>p2 switch 2\n>p1 switch 3\n>p2 move scald\n>p1 move thunderwave\n>p2 move scald\n>p1 switch 3\n>p1 move icebeam\n>p2 move scald\n>p1 move icebeam\n>p2 move scald\n>p1 move icebeam\n>p2 move scald\n>p1 switch 6\n>p1 move swordsdance\n>p2 move scald\n>p1 move ironhead\n>p2 move scald\n>chat ☆reesepk|gg\n>p2 switch 4\n>chat ☆NTsweeper007|gg\n>p1 move stoneedge\n>p2 move eruption", "uploadtime": 1769219229, "views": 186, "formatid": "gen7randombattle", "rating": 1608, "private": 0, "password": null}