{"id": "gen7randombattle-2523916593", "format": "[Gen 7] Random Battle", "players": ["Zovafire", "Velluman"], "log": "|j|‽Zovafire\n|j|☆Velluman\n|t:|1769090277\n|gametype|singles\n|player|p1|Zovafire|miku-ghost|1557\n|player|p2|Velluman|giovanni|1593\n|gen|7\n|tier|[Gen 7] Random Battle\n|rated|\n|rule|Sleep Clause Mod: Limit one foe put to sleep\n|rule|HP Percentage Mod: HP is shown in percentages\n|rule|Illusion Level Mod: Illusion disguises the Pokémon's true level\n|\n|t:|1769090277\n|teamsize|p1|6\n|teamsize|p2|6\n|start\n|switch|p1a: Jolteon|Jolteon, L81, M|238/238\n|switch|p2a: Lanturn|Lanturn, L89, F|367/367\n|turn|1\n|inactive|Battle timer is ON: inactive players will automatically lose when time's up. (requested by Zovafire)\n|\n|t:|1769090288\n|switch|p1a: Carbink|Carbink, L92|241/241\n|move|p2a: Lanturn|Volt Switch|p1a: Carbink\n|-damage|p1a: Carbink|181/241\n|\n|t:|1769090297\n|switch|p2a: Regigigas|Regigigas, L86|329/329|[from] Volt Switch\n|-start|p2a: Regigigas|ability: Slow Start\n|\n|-heal|p1a: Carbink|196/241|[from] item: Leftovers\n|upkeep\n|turn|2\n|\n|t:|1769090305\n|move|p1a: Carbink|Toxic|p2a: Regigigas\n|-status|p2a: Regigigas|tox\n|move|p2a: Regigigas|Substitute|p2a: Regigigas\n|-start|p2a: Regigigas|Substitute\n|-damage|p2a: Regigigas|247/329 tox\n|\n|-heal|p1a: Carbink|211/241|[from] item: Leftovers\n|-heal|p2a: Regigigas|267/329 tox|[from] item: Leftovers\n|-damage|p2a: Regigigas|247/329 tox|[from] psn\n|upkeep\n|turn|3\n|\n|t:|1769090315\n|move|p1a: Carbink|Stealth Rock|p2a: Regigigas\n|-sidestart|p2: Velluman|move: Stealth Rock\n|move|p2a: Regigigas|Thunder Wave|p1a: Carbink\n|-status|p1a: Carbink|par\n|\n|-heal|p2a: Regigigas|267/329 tox|[from] item: Leftovers\n|-heal|p1a: Carbink|226/241 par|[from] item: Leftovers\n|-damage|p2a: Regigigas|227/329 tox|[from] psn\n|upkeep\n|turn|4\n|\n|t:|1769090325\n|move|p2a: Regigigas|Knock Off|p1a: Carbink\n|-resisted|p1a: Carbink\n|-damage|p1a: Carbink|210/241 par\n|-enditem|p1a: Carbink|Leftovers|[from] move: Knock Off|[of] p2a: Regigigas\n|move|p1a: Carbink|Moonblast|p2a: Regigigas\n|-activate|p2a: Regigigas|move: Substitute|[damage]\n|\n|-heal|p2a: Regigigas|247/329 tox|[from] item: Leftovers\n|-damage|p2a: Regigigas|187/329 tox|[from] psn\n|upkeep\n|turn|5\n|\n|t:|1769090338\n|move|p2a: Regigigas|Return|p1a: Carbink\n|-resisted|p1a: Carbink\n|-damage|p1a: Carbink|183/241 par\n|move|p1a: Carbink|Moonblast|p2a: Regigigas\n|-end|p2a: Regigigas|Substitute\n|\n|-heal|p2a: Regigigas|207/329 tox|[from] item: Leftovers\n|-damage|p2a: Regigigas|127/329 tox|[from] psn\n|upkeep\n|turn|6\n|j| SireSatire\n|\n|t:|1769090349\n|move|p2a: Regigigas|Return|p1a: Carbink\n|-resisted|p1a: Carbink\n|-damage|p1a: Carbink|156/241 par\n|cant|p1a: Carbink|par\n|\n|-heal|p2a: Regigigas|147/329 tox|[from] item: Leftovers\n|-damage|p2a: Regigigas|47/329 tox|[from] psn\n|-end|p2a: Regigigas|Slow Start\n|upkeep\n|turn|7\n|\n|t:|1769090360\n|move|p2a: Regigigas|Return|p1a: Carbink\n|-resisted|p1a: Carbink\n|-damage|p1a: Carbink|103/241 par\n|move|p1a: Carbink|Moonblast|p2a: Regigigas\n|-damage|p2a: Regigigas|0 fnt\n|faint|p2a: Regigigas\n|\n|upkeep\n|l| SireSatire\n|\n|t:|1769090379\n|switch|p2a: Lanturn|Lanturn, L89, F|367/367\n|-damage|p2a: Lanturn|322/367|[from] Stealth Rock\n|turn|8\n|\n|t:|1769090384\n|move|p2a: Lanturn|Scald|p1a: Carbink\n|-supereffective|p1a: Carbink\n|-damage|p1a: Carbink|0 fnt\n|faint|p1a: Carbink\n|\n|upkeep\n|\n|t:|1769090391\n|switch|p1a: Lapras|Lapras, L88, M|372/372\n|turn|9\n|\n|t:|1769090410\n|switch|p2a: Armaldo|Armaldo, L89, M|278/278\n|-damage|p2a: Armaldo|209/278|[from] Stealth Rock\n|move|p1a: Lapras|Toxic|p2a: Armaldo|[miss]\n|-miss|p1a: Lapras|p2a: Armaldo\n|\n|upkeep\n|turn|10\n|\n|t:|1769090420\n|move|p1a: Lapras|Hydro Pump|p2a: Armaldo\n|-supereffective|p2a: Armaldo\n|-damage|p2a: Armaldo|0 fnt\n|faint|p2a: Armaldo\n|\n|upkeep\n|\n|t:|1769090429\n|switch|p2a: Oricorio|Oricorio, L90, F|281/281\n|-damage|p2a: Oricorio|141/281|[from] Stealth Rock\n|turn|11\n|\n|t:|1769090434\n|move|p2a: Oricorio|Toxic|p1a: Lapras\n|-status|p1a: Lapras|tox\n|move|p1a: Lapras|Hydro Pump|p2a: Oricorio\n|-supereffective|p2a: Oricorio\n|-damage|p2a: Oricorio|0 fnt\n|faint|p2a: Oricorio\n|\n|-damage|p1a: Lapras|349/372 tox|[from] psn\n|upkeep\n|\n|t:|1769090449\n|switch|p2a: Glalie|Glalie, L83, M|267/267\n|-damage|p2a: Glalie|201/267|[from] Stealth Rock\n|turn|12\n|\n|t:|1769090457\n|detailschange|p2a: Glalie|Glalie-Mega, L83, M\n|-mega|p2a: Glalie|Glalie|Glalitite\n|move|p2a: Glalie|Freeze-Dry|p1a: Lapras\n|-damage|p1a: Lapras|264/372 tox\n|move|p1a: Lapras|Toxic|p2a: Glalie\n|-status|p2a: Glalie|tox\n|\n|-heal|p1a: Lapras|287/372 tox|[from] item: Leftovers\n|-damage|p2a: Glalie|185/267 tox|[from] psn\n|-damage|p1a: Lapras|241/372 tox|[from] psn\n|upkeep\n|turn|13\n|\n|t:|1769090469\n|move|p2a: Glalie|Freeze-Dry|p1a: Lapras\n|-damage|p1a: Lapras|162/372 tox\n|move|p1a: Lapras|Hydro Pump|p2a: Glalie\n|-crit|p2a: Glalie\n|-damage|p2a: Glalie|0 fnt\n|faint|p2a: Glalie\n|detailschange|p2: Glalie|Glalie, L83, M|[silent]\n|\n|-heal|p1a: Lapras|185/372 tox|[from] item: Leftovers\n|-damage|p1a: Lapras|116/372 tox|[from] psn\n|upkeep\n|\n|t:|1769090487\n|switch|p2a: Lanturn|Lanturn, L89, F|322/367\n|-damage|p2a: Lanturn|277/367|[from] Stealth Rock\n|turn|14\n|\n|t:|1769090494\n|move|p2a: Lanturn|Ice Beam|p1a: Lapras\n|-resisted|p1a: Lapras\n|-damage|p1a: Lapras|95/372 tox\n|move|p1a: Lapras|Freeze-Dry|p2a: Lanturn\n|-supereffective|p2a: Lanturn\n|-damage|p2a: Lanturn|115/367\n|\n|-heal|p1a: Lapras|118/372 tox|[from] item: Leftovers\n|-damage|p1a: Lapras|26/372 tox|[from] psn\n|upkeep\n|turn|15\n|\n|t:|1769090505\n|move|p2a: Lanturn|Ice Beam|p1a: Lapras\n|-resisted|p1a: Lapras\n|-damage|p1a: Lapras|7/372 tox\n|move|p1a: Lapras|Freeze-Dry|p2a: Lanturn\n|-supereffective|p2a: Lanturn\n|-damage|p2a: Lanturn|0 fnt\n|faint|p2a: Lanturn\n|\n|-heal|p1a: Lapras|30/372 tox|[from] item: Leftovers\n|-damage|p1a: Lapras|0 fnt|[from] psn\n|faint|p1a: Lapras\n|upkeep\n|\n|t:|1769090517\n|switch|p2a: Gligar|Gligar, L82, M|241/241\n|switch|p1a: Kyurem|Kyurem-White, L75|311/311\n|-damage|p2a: Gligar|211/241|[from] Stealth Rock\n|-ability|p1a: Kyurem|Turboblaze\n|turn|16\n|\n|t:|1769090526\n|move|p2a: Gligar|Toxic|p1a: Kyurem\n|-status|p1a: Kyurem|tox\n|move|p1a: Kyurem|Ice Beam|p2a: Gligar\n|-supereffective|p2a: Gligar\n|-damage|p2a: Gligar|0 fnt\n|faint|p2a: Gligar\n|-damage|p1a: Kyurem|280/311 tox|[from] item: Life Orb\n|\n|win|Zovafire\n|raw|Zovafire's rating: 1557 &rarr; <strong>1579</strong><br />(+22 for winning)\n|raw|Velluman's rating: 1593 &rarr; <strong>1571</strong><br />(-22 for losing)\n", "inputlog": ">version dd3d52b8382d73d1dd2c67730c4067df325ab790\n>start {\"formatid\":\"gen7randombattle\",\"seed\":\"sodium,557eefa7d03b1af867853857cb108ba6\",\"rated\":\"Rated battle\"}\n>player p1 {\"name\":\"Zovafire\",\"avatar\":\"miku-ghost\",\"rating\":1557,\"seed\":\"sodium,93ff52d228a9256784e5c77cfcdab04b\"}\n>player p2 {\"name\":\"Velluman\",\"avatar\":\"giovanni\",\"rating\":1593,\"seed\":\"sodium,cb9ac1854c29e0dd3fb5b31c5942dce6\"}\n>p1 switch 2\n>p2 move voltswitch\n>p2 switch 2\n>p1 move toxic\n>p2 move substitute\n>p1 move stealthrock\n>p2 move thunderwave\n>p1 move moonblast\n>p2 move knockoff\n>p1 move moonblast\n>p2 move return\n>p1 move moonblast\n>p2 move return\n>p1 move moonblast\n>p2 move return\n>p2 switch 2\n>p1 move toxic\n>p2 move scald\n>p1 switch 6\n>p1 move toxic\n>p2 switch 5\n>p1 move hydropump\n>p2 move stoneedge\n>p2 switch 3\n>p1 move hydropump\n>p2 move toxic\n>p2 switch 6\n>p1 move toxic\n>p2 move freezedry mega\n>p1 move hydropump\n>p2 move freezedry\n>p2 switch 5\n>p1 move freezedry\n>p2 move icebeam\n>p1 move freezedry\n>p2 move icebeam\n>p1 switch 5\n>p2 switch 4\n>p1 move icebeam\n>p2 move toxic", "uploadtime": 1769090530, "views": 143, "formatid": "gen7randombattle", "rating": 1571, "private": 0, "password": null}