{"id": "gen7randombattle-2533214619", "format": "[Gen 7] Random Battle", "players": ["aurora ltd", "cobratate1"], "log": "|j|☆aurora ltd\n|j|☆cobratate1\n|t:|1770274261\n|gametype|singles\n|player|p1|aurora ltd|silver-gen2kanto|1533\n|player|p2|cobratate1|giovanni|1522\n|gen|7\n|tier|[Gen 7] Random Battle\n|rated|\n|rule|Sleep Clause Mod: Limit one foe put to sleep\n|rule|HP Percentage Mod: HP is shown in percentages\n|rule|Illusion Level Mod: Illusion disguises the Pokémon's true level\n|\n|t:|1770274261\n|teamsize|p1|6\n|teamsize|p2|6\n|start\n|switch|p1a: Walrein|Walrein, L90, M|344/344\n|switch|p2a: Hippowdon|Hippowdon, L82, M|311/311\n|-weather|Sandstorm|[from] ability: Sand Stream|[of] p2a: Hippowdon\n|turn|1\n|inactive|Battle timer is ON: inactive players will automatically lose when time's up. (requested by cobratate1)\n|\n|t:|1770274277\n|move|p1a: Walrein|Ice Beam|p2a: Hippowdon\n|-supereffective|p2a: Hippowdon\n|-damage|p2a: Hippowdon|51/311\n|move|p2a: Hippowdon|Stealth Rock|p1a: Walrein\n|-sidestart|p1: aurora ltd|move: Stealth Rock\n|\n|-weather|Sandstorm|[upkeep]\n|-damage|p1a: Walrein|323/344|[from] Sandstorm\n|-heal|p1a: Walrein|344/344|[from] item: Leftovers\n|upkeep\n|turn|2\n|\n|t:|1770274285\n|switch|p2a: Watchog|Watchog, L96, F|271/271\n|move|p1a: Walrein|Ice Beam|p2a: Watchog\n|-damage|p2a: Watchog|156/271\n|\n|-weather|Sandstorm|[upkeep]\n|-damage|p2a: Watchog|140/271|[from] Sandstorm\n|-damage|p1a: Walrein|323/344|[from] Sandstorm\n|-heal|p1a: Walrein|344/344|[from] item: Leftovers\n|upkeep\n|turn|3\n|\n|t:|1770274306\n|move|p2a: Watchog|Knock Off|p1a: Walrein\n|-crit|p1a: Walrein\n|-damage|p1a: Walrein|189/344\n|-enditem|p1a: Walrein|Leftovers|[from] move: Knock Off|[of] p2a: Watchog\n|-damage|p2a: Watchog|113/271|[from] item: Life Orb\n|move|p1a: Walrein|Ice Beam|p2a: Watchog\n|-damage|p2a: Watchog|0 fnt\n|faint|p2a: Watchog\n|\n|-weather|Sandstorm|[upkeep]\n|-damage|p1a: Walrein|168/344|[from] Sandstorm\n|upkeep\n|\n|t:|1770274309\n|switch|p2a: Yanmega|Yanmega, L82, F|275/275\n|turn|4\n|\n|t:|1770274317\n|move|p2a: Yanmega|Giga Drain|p1a: Walrein\n|-supereffective|p1a: Walrein\n|-damage|p1a: Walrein|10/344\n|move|p1a: Walrein|Ice Beam|p2a: Yanmega\n|-supereffective|p2a: Yanmega\n|-damage|p2a: Yanmega|0 fnt\n|faint|p2a: Yanmega\n|\n|-weather|Sandstorm|[upkeep]\n|-damage|p1a: Walrein|0 fnt|[from] Sandstorm\n|faint|p1a: Walrein\n|upkeep\n|inactive|aurora ltd has 120 seconds left.\n|\n|t:|1770274345\n|switch|p2a: Hippowdon|Hippowdon, L82, M|51/311\n|switch|p1a: Serperior|Serperior, L80, F|251/251\n|-damage|p1a: Serperior|220/251|[from] Stealth Rock\n|turn|5\n|\n|t:|1770274349\n|move|p1a: Serperior|Leaf Storm|p2a: Hippowdon\n|-supereffective|p2a: Hippowdon\n|-damage|p2a: Hippowdon|0 fnt\n|-boost|p1a: Serperior|spa|2\n|faint|p2a: Hippowdon\n|\n|-weather|none\n|-heal|p1a: Serperior|235/251|[from] item: Leftovers\n|upkeep\n|\n|t:|1770274351\n|switch|p2a: Houndoom|Houndoom, L80, M|251/251\n|turn|6\n|\n|t:|1770274374\n|switch|p1a: Regirock|Regirock, L87|281/281\n|-damage|p1a: Regirock|246/281|[from] Stealth Rock\n|detailschange|p2a: Houndoom|Houndoom-Mega, L80, M\n|-mega|p2a: Houndoom|Houndoom|Houndoominite\n|move|p2a: Houndoom|Fire Blast|p1a: Regirock\n|-resisted|p1a: Regirock\n|-damage|p1a: Regirock|186/281\n|\n|upkeep\n|turn|7\n|inactive|aurora ltd has 120 seconds left.\n|\n|t:|1770274394\n|switch|p2a: Feraligatr|Feraligatr, L79, F|264/264\n|move|p1a: Regirock|Stone Edge|p2a: Feraligatr\n|-damage|p2a: Feraligatr|158/264\n|\n|upkeep\n|turn|8\n|inactive|aurora ltd has 120 seconds left.\n|\n|t:|1770274416\n|move|p2a: Feraligatr|Dragon Dance|p2a: Feraligatr\n|-boost|p2a: Feraligatr|atk|1\n|-boost|p2a: Feraligatr|spe|1\n|move|p1a: Regirock|Stone Edge|p2a: Feraligatr|[miss]\n|-miss|p1a: Regirock|p2a: Feraligatr\n|\n|upkeep\n|turn|9\n|\n|t:|1770274420\n|move|p2a: Feraligatr|Liquidation|p1a: Regirock\n|-supereffective|p1a: Regirock\n|-damage|p1a: Regirock|0 fnt\n|faint|p1a: Regirock\n|\n|upkeep\n|\n|t:|1770274431\n|switch|p1a: Serperior|Serperior, L80, F|235/251\n|-damage|p1a: Serperior|204/251|[from] Stealth Rock\n|turn|10\n|\n|t:|1770274438\n|move|p2a: Feraligatr|Ice Punch|p1a: Serperior\n|-supereffective|p1a: Serperior\n|-damage|p1a: Serperior|0 fnt\n|faint|p1a: Serperior\n|\n|upkeep\n|\n|t:|1770274444\n|switch|p1a: Qwilfish|Qwilfish, L86, F|252/252\n|-damage|p1a: Qwilfish|221/252|[from] Stealth Rock\n|-ability|p1a: Qwilfish|Intimidate|boost\n|-unboost|p2a: Feraligatr|atk|1\n|turn|11\n|inactive|aurora ltd has 120 seconds left.\n|\n|t:|1770274450\n|move|p2a: Feraligatr|Earthquake|p1a: Qwilfish\n|-supereffective|p1a: Qwilfish\n|-damage|p1a: Qwilfish|39/252\n|-damage|p2a: Feraligatr|132/264|[from] item: Life Orb\n|move|p1a: Qwilfish|Taunt|p2a: Feraligatr\n|-start|p2a: Feraligatr|move: Taunt\n|\n|-heal|p1a: Qwilfish|54/252|[from] item: Black Sludge\n|upkeep\n|turn|12\n|\n|t:|1770274455\n|move|p2a: Feraligatr|Earthquake|p1a: Qwilfish\n|-supereffective|p1a: Qwilfish\n|-damage|p1a: Qwilfish|0 fnt\n|faint|p1a: Qwilfish\n|-damage|p2a: Feraligatr|106/264|[from] item: Life Orb\n|\n|upkeep\n|\n|t:|1770274458\n|switch|p1a: Silvally|Silvally-Fighting, L87|307/307\n|-damage|p1a: Silvally|288/307|[from] Stealth Rock\n|turn|13\n|\n|t:|1770274464\n|move|p2a: Feraligatr|Liquidation|p1a: Silvally\n|-damage|p1a: Silvally|152/307\n|move|p1a: Silvally|Flame Charge|p2a: Feraligatr\n|-resisted|p2a: Feraligatr\n|-damage|p2a: Feraligatr|88/264\n|-boost|p1a: Silvally|spe|1\n|\n|upkeep\n|turn|14\n|\n|t:|1770274471\n|move|p1a: Silvally|Multi-Attack|p2a: Feraligatr\n|-damage|p2a: Feraligatr|0 fnt\n|faint|p2a: Feraligatr\n|\n|upkeep\n|\n|t:|1770274478\n|switch|p2a: Absol|Absol, L86, M|252/252\n|turn|15\n|\n|t:|1770274500\n|move|p1a: Silvally|Multi-Attack|p2a: Absol\n|-supereffective|p2a: Absol\n|-damage|p2a: Absol|0 fnt\n|faint|p2a: Absol\n|\n|upkeep\n|\n|t:|1770274503\n|switch|p2a: Houndoom|Houndoom-Mega, L80, M|251/251\n|turn|16\n|\n|t:|1770274523\n|move|p1a: Silvally|Multi-Attack|p2a: Houndoom\n|-supereffective|p2a: Houndoom\n|-damage|p2a: Houndoom|57/251\n|move|p2a: Houndoom|Fire Blast|p1a: Silvally\n|-damage|p1a: Silvally|19/307\n|\n|upkeep\n|turn|17\n|\n|t:|1770274529\n|move|p1a: Silvally|Multi-Attack|p2a: Houndoom\n|-supereffective|p2a: Houndoom\n|-damage|p2a: Houndoom|0 fnt\n|faint|p2a: Houndoom\n|detailschange|p2: Houndoom|Houndoom, L80, M|[silent]\n|\n|win|aurora ltd\n|raw|aurora ltd's rating: 1533 &rarr; <strong>1552</strong><br />(+19 for winning)\n|raw|cobratate1's rating: 1522 &rarr; <strong>1503</strong><br />(-19 for losing)\n|l|☆cobratate1\n|player|p2|\n", "inputlog": ">version ccdc32dd7cde25fd9e4bed64820e885f66e78a4e\n>start {\"formatid\":\"gen7randombattle\",\"seed\":\"sodium,19a19d478526063c6250ac02c7ba6b29\",\"rated\":\"Rated battle\"}\n>player p1 {\"name\":\"aurora ltd\",\"avatar\":\"silver-gen2kanto\",\"rating\":1533,\"seed\":\"sodium,1708cda960943bc564745e33c4ec959b\"}\n>player p2 {\"name\":\"cobratate1\",\"avatar\":\"giovanni\",\"rating\":1522,\"seed\":\"sodium,8e1d4c32e0601753b51354d555c6f3be\"}\n>p1 move icebeam\n>p2 move stealthrock\n>p1 move icebeam\n>p2 switch 6\n>p1 move icebeam\n>p2 move knockoff\n>p2 switch 4\n>p1 move icebeam\n>p2 move gigadrain\n>p1 switch 2\n>p2 switch 6\n>p1 move leafstorm\n>p2 move toxic\n>p2 switch 5\n>p1 switch 3\n>p2 move fireblast mega\n>p1 move stoneedge\n>p2 switch 3\n>p1 move stoneedge\n>p2 move dragondance\n>p1 move stoneedge\n>p2 move liquidation\n>p1 switch 3\n>p1 move glare\n>p2 move icepunch\n>p1 switch 5\n>p1 move taunt\n>p2 move earthquake\n>p1 move poisonjab\n>p2 move earthquake\n>p1 switch 6\n>p1 move flamecharge\n>p2 move liquidation\n>p1 move multiattack\n>p2 move liquidation\n>p2 switch 2\n>p1 move multiattack\n>p2 move playrough\n>p2 switch 3\n>p1 move multiattack\n>p2 move fireblast\n>p1 move multiattack\n>p2 move darkpulse", "uploadtime": 1770274557, "views": 160, "formatid": "gen7randombattle", "rating": 1503, "private": 0, "password": null}