{"id": "gen7randombattle-2524421370", "format": "[Gen 7] Random Battle", "players": ["Zxkra", "Bin2409"], "log": "|j|☆Zxkra\n|j|☆Bin2409\n|t:|1769144587\n|gametype|singles\n|player|p1|Zxkra|266|1706\n|player|p2|Bin2409|2|1758\n|gen|7\n|tier|[Gen 7] Random Battle\n|rated|\n|rule|Sleep Clause Mod: Limit one foe put to sleep\n|rule|HP Percentage Mod: HP is shown in percentages\n|rule|Illusion Level Mod: Illusion disguises the Pokémon's true level\n|\n|t:|1769144587\n|teamsize|p1|6\n|teamsize|p2|6\n|start\n|switch|p1a: Diancie|Diancie, L74|196/196\n|switch|p2a: Spinda|Spinda, L99, M|279/279\n|turn|1\n|inactive|Battle timer is ON: inactive players will automatically lose when time's up. (requested by Zxkra)\n|\n|t:|1769144615\n|detailschange|p1a: Diancie|Diancie-Mega, L74\n|-mega|p1a: Diancie|Diancie|Diancite\n|move|p1a: Diancie|Diamond Storm|p2a: Spinda\n|-damage|p2a: Spinda|128/279\n|-boost|p1a: Diancie|def|2\n|move|p2a: Spinda|Superpower|p1a: Diancie\n|-damage|p1a: Diancie|159/196\n|-boost|p2a: Spinda|atk|1\n|-boost|p2a: Spinda|def|1\n|\n|-heal|p2a: Spinda|145/279|[from] item: Leftovers\n|upkeep\n|turn|2\n|\n|t:|1769144632\n|move|p1a: Diancie|Moonblast|p2a: Spinda\n|-damage|p2a: Spinda|18/279\n|move|p2a: Spinda|Rest|p2a: Spinda\n|-status|p2a: Spinda|slp|[from] move: Rest\n|-heal|p2a: Spinda|279/279 slp|[silent]\n|\n|upkeep\n|turn|3\n|\n|t:|1769144640\n|switch|p2a: Dhelmise|Dhelmise, L91|275/275\n|move|p1a: Diancie|Calm Mind|p1a: Diancie\n|-boost|p1a: Diancie|spa|1\n|-boost|p1a: Diancie|spd|1\n|\n|upkeep\n|turn|4\n|\n|t:|1769144649\n|switch|p1a: Forretress|Forretress, L81, M|254/254\n|move|p2a: Dhelmise|Anchor Shot|p1a: Forretress\n|-resisted|p1a: Forretress\n|-crit|p1a: Forretress\n|-damage|p1a: Forretress|188/254\n|-activate|p1a: Forretress|trapped\n|\n|-heal|p1a: Forretress|203/254|[from] item: Leftovers\n|upkeep\n|turn|5\n|\n|t:|1769144663\n|switch|p2a: Salazzle|Salazzle, L84, F|251/251\n|move|p1a: Forretress|Stealth Rock|p2a: Salazzle\n|-sidestart|p2: Bin2409|move: Stealth Rock\n|\n|-heal|p1a: Forretress|218/254|[from] item: Leftovers\n|upkeep\n|turn|6\n|\n|t:|1769144672\n|switch|p1a: Diancie|Diancie-Mega, L74|159/196\n|move|p2a: Salazzle|Nasty Plot|p2a: Salazzle\n|-boost|p2a: Salazzle|spa|2\n|\n|upkeep\n|turn|7\n|\n|t:|1769144684\n|switch|p1a: Porygon2|Porygon2, L82|274/274\n|-ability|p1a: Porygon2|Download|boost\n|-boost|p1a: Porygon2|spa|1\n|move|p2a: Salazzle|Sludge Wave|p1a: Porygon2\n|-damage|p1a: Porygon2|138/274\n|\n|upkeep\n|turn|8\n|\n|t:|1769144693\n|-zpower|p2a: Salazzle\n|move|p2a: Salazzle|Inferno Overdrive|p1a: Porygon2|[zeffect]\n|-damage|p1a: Porygon2|0 fnt\n|faint|p1a: Porygon2\n|\n|upkeep\n|\n|t:|1769144702\n|switch|p1a: Torterra|Torterra, L88, M|310/310\n|turn|9\n|\n|t:|1769144706\n|move|p2a: Salazzle|Fire Blast|p1a: Torterra|[miss]\n|-miss|p2a: Salazzle|p1a: Torterra\n|move|p1a: Torterra|Earthquake|p2a: Salazzle\n|-supereffective|p2a: Salazzle\n|-damage|p2a: Salazzle|0 fnt\n|faint|p2a: Salazzle\n|\n|upkeep\n|\n|t:|1769144712\n|switch|p2a: Spinda|Spinda, L99, M|279/279 slp\n|-damage|p2a: Spinda|245/279 slp|[from] Stealth Rock\n|turn|10\n|\n|t:|1769144719\n|cant|p2a: Spinda|slp\n|move|p2a: Spinda|Sleep Talk|p2a: Spinda\n|move|p2a: Spinda|Superpower|p1a: Torterra|[from] move: Sleep Talk\n|-damage|p1a: Torterra|245/310\n|-boost|p2a: Spinda|atk|1\n|-boost|p2a: Spinda|def|1\n|move|p1a: Torterra|Wood Hammer|p2a: Spinda\n|-damage|p2a: Spinda|131/279 slp\n|-damage|p1a: Torterra|207/310|[from] Recoil\n|\n|-heal|p2a: Spinda|148/279 slp|[from] item: Leftovers\n|-heal|p1a: Torterra|226/310|[from] item: Leftovers\n|upkeep\n|turn|11\n|\n|t:|1769144734\n|cant|p2a: Spinda|slp\n|move|p2a: Spinda|Sleep Talk|p2a: Spinda\n|move|p2a: Spinda|Rest||[from] move: Sleep Talk|[still]\n|-fail|p2a: Spinda\n|move|p1a: Torterra|Wood Hammer|p2a: Spinda\n|-damage|p2a: Spinda|39/279 slp\n|-damage|p1a: Torterra|190/310|[from] Recoil\n|\n|-heal|p2a: Spinda|56/279 slp|[from] item: Leftovers\n|-heal|p1a: Torterra|209/310|[from] item: Leftovers\n|upkeep\n|turn|12\n|\n|t:|1769144742\n|switch|p1a: Diancie|Diancie-Mega, L74|159/196\n|-curestatus|p2a: Spinda|slp|[msg]\n|move|p2a: Spinda|Rest|p2a: Spinda\n|-status|p2a: Spinda|slp|[from] move: Rest\n|-heal|p2a: Spinda|279/279 slp|[silent]\n|\n|upkeep\n|turn|13\n|\n|t:|1769144748\n|move|p1a: Diancie|Moonblast|p2a: Spinda\n|-damage|p2a: Spinda|141/279 slp\n|cant|p2a: Spinda|slp\n|move|p2a: Spinda|Sleep Talk|p2a: Spinda\n|move|p2a: Spinda|Return|p1a: Diancie|[from] move: Sleep Talk\n|-resisted|p1a: Diancie\n|-damage|p1a: Diancie|91/196\n|\n|-heal|p2a: Spinda|158/279 slp|[from] item: Leftovers\n|upkeep\n|turn|14\n|\n|t:|1769144761\n|switch|p2a: Dhelmise|Dhelmise, L91|275/275\n|-damage|p2a: Dhelmise|241/275|[from] Stealth Rock\n|move|p1a: Diancie|Moonblast|p2a: Dhelmise\n|-damage|p2a: Dhelmise|166/275\n|\n|upkeep\n|turn|15\n|\n|t:|1769144770\n|switch|p1a: Forretress|Forretress, L81, M|218/254\n|move|p2a: Dhelmise|Earthquake|p1a: Forretress\n|-damage|p1a: Forretress|149/254\n|\n|-heal|p1a: Forretress|164/254|[from] item: Leftovers\n|upkeep\n|turn|16\n|\n|t:|1769144778\n|move|p2a: Dhelmise|Earthquake|p1a: Forretress\n|-damage|p1a: Forretress|93/254\n|move|p1a: Forretress|Volt Switch|p2a: Dhelmise\n|-resisted|p2a: Dhelmise\n|-damage|p2a: Dhelmise|155/275\n|\n|t:|1769144784\n|switch|p1a: Vanilluxe|Vanilluxe, L86, M|262/262|[from] Volt Switch\n|-weather|Hail|[from] ability: Snow Warning|[of] p1a: Vanilluxe\n|\n|-weather|Hail|[upkeep]\n|-damage|p2a: Dhelmise|138/275|[from] Hail\n|upkeep\n|turn|17\n|\n|t:|1769144792\n|switch|p2a: Mew|Mew, L80|291/291\n|-damage|p2a: Mew|255/291|[from] Stealth Rock\n|move|p1a: Vanilluxe|Blizzard|p2a: Mew\n|-damage|p2a: Mew|102/291\n|-damage|p1a: Vanilluxe|236/262|[from] item: Life Orb\n|\n|-weather|Hail|[upkeep]\n|-damage|p2a: Mew|84/291|[from] Hail\n|-heal|p2a: Mew|102/291|[from] item: Leftovers\n|upkeep\n|turn|18\n|\n|t:|1769144801\n|switch|p1a: Forretress|Forretress, L81, M|93/254\n|move|p2a: Mew|Roost|p2a: Mew\n|-heal|p2a: Mew|248/291\n|-singleturn|p2a: Mew|move: Roost\n|\n|-weather|Hail|[upkeep]\n|-damage|p2a: Mew|230/291|[from] Hail\n|-damage|p1a: Forretress|78/254|[from] Hail\n|-heal|p2a: Mew|248/291|[from] item: Leftovers\n|-heal|p1a: Forretress|93/254|[from] item: Leftovers\n|upkeep\n|turn|19\n|\n|t:|1769144809\n|move|p2a: Mew|Psychic|p1a: Forretress\n|-resisted|p1a: Forretress\n|-damage|p1a: Forretress|29/254\n|-unboost|p1a: Forretress|spd|1\n|move|p1a: Forretress|Volt Switch|p2a: Mew\n|-damage|p2a: Mew|216/291\n|\n|t:|1769144813\n|switch|p1a: Persian|Persian-Alola, L84, M|246/246|[from] Volt Switch\n|\n|-weather|Hail|[upkeep]\n|-damage|p1a: Persian|231/246|[from] Hail\n|-damage|p2a: Mew|198/291|[from] Hail\n|-heal|p2a: Mew|216/291|[from] item: Leftovers\n|upkeep\n|turn|20\n|\n|t:|1769144824\n|move|p1a: Persian|Nasty Plot|p1a: Persian\n|-boost|p1a: Persian|spa|2\n|move|p2a: Mew|U-turn|p1a: Persian\n|-supereffective|p1a: Persian\n|-damage|p1a: Persian|167/246\n|\n|t:|1769144827\n|switch|p2a: Steelix|Steelix, L80, F|251/251|[from] U-turn\n|-damage|p2a: Steelix|244/251|[from] Stealth Rock\n|\n|-weather|none\n|upkeep\n|turn|21\n|\n|t:|1769144837\n|switch|p2a: Dhelmise|Dhelmise, L91|138/275\n|-damage|p2a: Dhelmise|104/275|[from] Stealth Rock\n|-zpower|p1a: Persian\n|move|p1a: Persian|Black Hole Eclipse|p2a: Dhelmise|[zeffect]\n|-supereffective|p2a: Dhelmise\n|-damage|p2a: Dhelmise|0 fnt\n|faint|p2a: Dhelmise\n|\n|upkeep\n|\n|t:|1769144843\n|switch|p2a: Steelix|Steelix, L80, F|244/251\n|-damage|p2a: Steelix|237/251|[from] Stealth Rock\n|turn|22\n|\n|t:|1769144858\n|detailschange|p2a: Steelix|Steelix-Mega, L80, F\n|-mega|p2a: Steelix|Steelix|Steelixite\n|move|p1a: Persian|Nasty Plot|p1a: Persian\n|-boost|p1a: Persian|spa|2\n|move|p2a: Steelix|Dragon Tail|p1a: Persian\n|-damage|p1a: Persian|135/246\n|drag|p1a: Torterra|Torterra, L88, M|209/310\n|\n|-heal|p1a: Torterra|228/310|[from] item: Leftovers\n|upkeep\n|turn|23\n|\n|t:|1769144869\n|move|p1a: Torterra|Earthquake|p2a: Steelix\n|-supereffective|p2a: Steelix\n|-damage|p2a: Steelix|115/251\n|move|p2a: Steelix|Stealth Rock|p1a: Torterra\n|-sidestart|p1: Zxkra|move: Stealth Rock\n|\n|-heal|p1a: Torterra|247/310|[from] item: Leftovers\n|upkeep\n|turn|24\n|\n|t:|1769144881\n|move|p1a: Torterra|Earthquake|p2a: Steelix\n|-supereffective|p2a: Steelix\n|-damage|p2a: Steelix|0 fnt\n|faint|p2a: Steelix\n|detailschange|p2: Steelix|Steelix, L80, F|[silent]\n|\n|-heal|p1a: Torterra|266/310|[from] item: Leftovers\n|upkeep\n|\n|t:|1769144894\n|switch|p2a: Mew|Mew, L80|216/291\n|-damage|p2a: Mew|180/291|[from] Stealth Rock\n|turn|25\n|\n|t:|1769144900\n|move|p2a: Mew|Will-O-Wisp|p1a: Torterra|[miss]\n|-miss|p2a: Mew|p1a: Torterra\n|move|p1a: Torterra|Wood Hammer|p2a: Mew\n|-damage|p2a: Mew|24/291\n|-damage|p1a: Torterra|215/310|[from] Recoil\n|\n|-heal|p2a: Mew|42/291|[from] item: Leftovers\n|-heal|p1a: Torterra|234/310|[from] item: Leftovers\n|upkeep\n|turn|26\n|\n|t:|1769144914\n|switch|p1a: Forretress|Forretress, L81, M|29/254\n|-damage|p1a: Forretress|0 fnt|[from] Stealth Rock\n|faint|p1a: Forretress\n|move|p2a: Mew|Roost|p2a: Mew\n|-heal|p2a: Mew|188/291\n|-singleturn|p2a: Mew|move: Roost\n|\n|-heal|p2a: Mew|206/291|[from] item: Leftovers\n|upkeep\n|\n|t:|1769144918\n|switch|p1a: Persian|Persian-Alola, L84, M|135/246\n|-damage|p1a: Persian|105/246|[from] Stealth Rock\n|turn|27\n|\n|t:|1769144924\n|move|p1a: Persian|Dark Pulse|p2a: Mew\n|-supereffective|p2a: Mew\n|-damage|p2a: Mew|66/291\n|move|p2a: Mew|U-turn|p1a: Persian\n|-supereffective|p1a: Persian\n|-damage|p1a: Persian|45/246\n|\n|t:|1769144929\n|switch|p2a: Spinda|Spinda, L99, M|158/279 slp|[from] U-turn\n|-damage|p2a: Spinda|124/279 slp|[from] Stealth Rock\n|\n|-heal|p2a: Spinda|141/279 slp|[from] item: Leftovers\n|upkeep\n|turn|28\n|\n|t:|1769144936\n|move|p1a: Persian|Dark Pulse|p2a: Spinda\n|-damage|p2a: Spinda|69/279 slp\n|cant|p2a: Spinda|slp\n|cant|p2a: Spinda|flinch\n|\n|-heal|p2a: Spinda|86/279 slp|[from] item: Leftovers\n|upkeep\n|turn|29\n|\n|t:|1769144946\n|move|p1a: Persian|Dark Pulse|p2a: Spinda\n|-damage|p2a: Spinda|4/279 slp\n|-curestatus|p2a: Spinda|slp|[msg]\n|move|p2a: Spinda|Superpower|p1a: Persian\n|-supereffective|p1a: Persian\n|-damage|p1a: Persian|0 fnt\n|-boost|p2a: Spinda|atk|1\n|-boost|p2a: Spinda|def|1\n|faint|p1a: Persian\n|\n|-heal|p2a: Spinda|21/279|[from] item: Leftovers\n|upkeep\n|\n|t:|1769144955\n|switch|p1a: Diancie|Diancie-Mega, L74|91/196\n|-damage|p1a: Diancie|67/196|[from] Stealth Rock\n|turn|30\n|\n|t:|1769144959\n|move|p1a: Diancie|Moonblast|p2a: Spinda\n|-damage|p2a: Spinda|0 fnt\n|faint|p2a: Spinda\n|\n|upkeep\n|\n|t:|1769144968\n|switch|p2a: Swanna|Swanna, L88, F|275/275\n|-damage|p2a: Swanna|207/275|[from] Stealth Rock\n|turn|31\n|\n|t:|1769144974\n|move|p2a: Swanna|Scald|p1a: Diancie\n|-supereffective|p1a: Diancie\n|-damage|p1a: Diancie|0 fnt\n|faint|p1a: Diancie\n|detailschange|p1: Diancie|Diancie, L74|[silent]\n|\n|-heal|p2a: Swanna|224/275|[from] item: Leftovers\n|upkeep\n|\n|t:|1769144985\n|switch|p1a: Torterra|Torterra, L88, M|234/310\n|-damage|p1a: Torterra|215/310|[from] Stealth Rock\n|turn|32\n|\n|t:|1769144993\n|move|p2a: Swanna|Scald|p1a: Torterra\n|-damage|p1a: Torterra|128/310\n|move|p1a: Torterra|Stone Edge|p2a: Swanna\n|-supereffective|p2a: Swanna\n|-damage|p2a: Swanna|26/275\n|\n|-heal|p2a: Swanna|43/275|[from] item: Leftovers\n|-heal|p1a: Torterra|147/310|[from] item: Leftovers\n|upkeep\n|turn|33\n|\n|t:|1769145002\n|move|p2a: Swanna|Brave Bird|p1a: Torterra\n|-supereffective|p1a: Torterra\n|-damage|p1a: Torterra|0 fnt\n|faint|p1a: Torterra\n|-damage|p2a: Swanna|0 fnt|[from] Recoil\n|faint|p2a: Swanna\n|\n|upkeep\n|\n|t:|1769145007\n|switch|p2a: Mew|Mew, L80|66/291\n|switch|p1a: Vanilluxe|Vanilluxe, L86, M|236/262\n|-damage|p2a: Mew|30/291|[from] Stealth Rock\n|-damage|p1a: Vanilluxe|171/262|[from] Stealth Rock\n|-weather|Hail|[from] ability: Snow Warning|[of] p1a: Vanilluxe\n|turn|34\n|\n|t:|1769145020\n|move|p2a: Mew|Roost|p2a: Mew\n|-heal|p2a: Mew|176/291\n|-singleturn|p2a: Mew|move: Roost\n|move|p1a: Vanilluxe|Autotomize|p1a: Vanilluxe\n|-boost|p1a: Vanilluxe|spe|2\n|-start|p1a: Vanilluxe|Autotomize\n|\n|-weather|Hail|[upkeep]\n|-damage|p2a: Mew|158/291|[from] Hail\n|-heal|p2a: Mew|176/291|[from] item: Leftovers\n|upkeep\n|turn|35\n|\n|t:|1769145025\n|move|p1a: Vanilluxe|Blizzard|p2a: Mew\n|-damage|p2a: Mew|8/291\n|-damage|p1a: Vanilluxe|145/262|[from] item: Life Orb\n|move|p2a: Mew|Roost|p2a: Mew\n|-heal|p2a: Mew|154/291\n|-singleturn|p2a: Mew|move: Roost\n|\n|-weather|Hail|[upkeep]\n|-damage|p2a: Mew|136/291|[from] Hail\n|-heal|p2a: Mew|154/291|[from] item: Leftovers\n|upkeep\n|turn|36\n|\n|t:|1769145031\n|move|p1a: Vanilluxe|Blizzard|p2a: Mew\n|-damage|p2a: Mew|0 fnt\n|faint|p2a: Mew\n|-damage|p1a: Vanilluxe|119/262|[from] item: Life Orb\n|\n|win|Zxkra\n|raw|Zxkra's rating: 1706 &rarr; <strong>1729</strong><br />(+23 for winning)\n|raw|Bin2409's rating: 1758 &rarr; <strong>1735</strong><br />(-23 for losing)\n|c|☆Bin2409|Gg\n", "inputlog": ">version dd3d52b8382d73d1dd2c67730c4067df325ab790\n>start {\"formatid\":\"gen7randombattle\",\"seed\":\"sodium,f6204db4e1649e0fa476708a40c35ba4\",\"rated\":\"Rated battle\"}\n>player p1 {\"name\":\"Zxkra\",\"avatar\":\"266\",\"rating\":1706,\"seed\":\"sodium,a22eddbda498c8f19f8fbffb555cf55a\"}\n>player p2 {\"name\":\"Bin2409\",\"avatar\":\"2\",\"rating\":1758,\"seed\":\"sodium,90b1930f04bb075b1e3a85ee298f161f\"}\n>p1 move diamondstorm mega\n>p2 move superpower\n>p1 move moonblast\n>p2 move rest\n>p1 move calmmind\n>p2 switch 3\n>p1 switch 2\n>p2 move anchorshot\n>p1 move stealthrock\n>p2 switch 5\n>p1 switch 2\n>p2 move nastyplot\n>p1 switch 4\n>p2 move sludgewave\n>p1 move triattack\n>p2 move fireblast zmove\n>p1 switch 3\n>p1 move earthquake\n>p2 move fireblast\n>p2 switch 3\n>p1 move woodhammer\n>p2 move sleeptalk\n>p1 move woodhammer\n>p2 move sleeptalk\n>p1 switch 4\n>p2 move rest\n>p1 move moonblast\n>p2 move sleeptalk\n>p1 move moonblast\n>p2 switch 5\n>p1 switch 2\n>p2 move earthquake\n>p1 move voltswitch\n>p2 move earthquake\n>p1 switch 5\n>p1 move blizzard\n>p2 switch 2\n>p1 switch 5\n>p2 move roost\n>p1 move voltswitch\n>p2 move psychic\n>p1 switch 6\n>p1 move nastyplot\n>p2 move uturn\n>p2 switch 6\n>p1 move darkpulse zmove\n>p2 switch 2\n>p2 switch 2\n>p1 move nastyplot\n>p2 move dragontail mega\n>p1 move earthquake\n>p2 move stealthrock\n>p1 move earthquake\n>p2 move dragontail\n>p2 switch 6\n>p1 move woodhammer\n>p2 move willowisp\n>p1 switch 6\n>p2 move roost\n>p1 switch 4\n>p1 move darkpulse\n>p2 move uturn\n>p2 switch 5\n>p1 move darkpulse\n>p2 move sleeptalk\n>p1 move darkpulse\n>p2 move superpower\n>p1 switch 2\n>p1 move moonblast\n>p2 move rest\n>p2 switch 4\n>p1 move diamondstorm\n>p2 move scald\n>p1 switch 6\n>p1 move stoneedge\n>p2 move scald\n>p1 move woodhammer\n>p2 move bravebird\n>p1 switch 5\n>p2 switch 5\n>p1 move autotomize\n>p2 move roost\n>p1 move blizzard\n>p2 move roost\n>p1 move blizzard\n>p2 move psychic", "uploadtime": 1769145037, "views": 167, "formatid": "gen7randombattle", "rating": 1729, "private": 0, "password": null}