{"id": "gen7randombattle-2540503303", "format": "[Gen 7] Random Battle", "players": ["grummybear45", "Somnium Azurea"], "log": "|j|☆grummybear45\n|j|☆Somnium Azurea\n|t:|1771210158\n|gametype|singles\n|player|p1|grummybear45|lacey|1761\n|player|p2|Somnium Azurea|lady|1788\n|gen|7\n|tier|[Gen 7] Random Battle\n|rated|\n|rule|Sleep Clause Mod: Limit one foe put to sleep\n|rule|HP Percentage Mod: HP is shown in percentages\n|rule|Illusion Level Mod: Illusion disguises the Pokémon's true level\n|\n|t:|1771210158\n|teamsize|p1|6\n|teamsize|p2|6\n|start\n|switch|p1a: Floatzel|Floatzel, L86, M|286/286\n|switch|p2a: Crabominable|Crabominable, L91, M|324/324\n|turn|1\n|inactive|Battle timer is ON: inactive players will automatically lose when time's up. (requested by Somnium Azurea)\n|\n|t:|1771210175\n|move|p1a: Floatzel|Bulk Up|p1a: Floatzel\n|-boost|p1a: Floatzel|atk|1\n|-boost|p1a: Floatzel|def|1\n|move|p2a: Crabominable|Drain Punch|p1a: Floatzel\n|-damage|p1a: Floatzel|96/286\n|\n|upkeep\n|turn|2\n|\n|t:|1771210178\n|-zpower|p1a: Floatzel\n|move|p1a: Floatzel|All-Out Pummeling|p2a: Crabominable|[zeffect]\n|-supereffective|p2a: Crabominable\n|-damage|p2a: Crabominable|0 fnt\n|faint|p2a: Crabominable\n|\n|upkeep\n|\n|t:|1771210185\n|switch|p2a: Vespiquen|Vespiquen, F|301/301\n|-ability|p2a: Vespiquen|Pressure\n|turn|3\n|\n|t:|1771210198\n|switch|p1a: Skuntank|Skuntank, L87, M|321/321\n|move|p2a: Vespiquen|Air Slash|p1a: Skuntank\n|-damage|p1a: Skuntank|234/321\n|\n|upkeep\n|turn|4\n|\n|t:|1771210208\n|move|p1a: Skuntank|Poison Jab|p2a: Vespiquen\n|-damage|p2a: Vespiquen|240/301\n|move|p2a: Vespiquen|U-turn|p1a: Skuntank\n|-damage|p1a: Skuntank|117/321\n|\n|t:|1771210225\n|switch|p2a: Keldeo|Keldeo-Resolute, L80|277/277|[from] U-turn\n|\n|upkeep\n|turn|5\n|\n|t:|1771210233\n|move|p2a: Keldeo|Substitute|p2a: Keldeo\n|-start|p2a: Keldeo|Substitute\n|-damage|p2a: Keldeo|208/277\n|move|p1a: Skuntank|Poison Jab|p2a: Keldeo\n|-end|p2a: Keldeo|Substitute\n|\n|-heal|p2a: Keldeo|225/277|[from] item: Leftovers\n|upkeep\n|turn|6\n|\n|t:|1771210237\n|move|p2a: Keldeo|Secret Sword|p1a: Skuntank\n|-damage|p1a: Skuntank|2/321\n|move|p1a: Skuntank|Poison Jab|p2a: Keldeo\n|-damage|p2a: Keldeo|131/277\n|\n|-heal|p2a: Keldeo|148/277|[from] item: Leftovers\n|upkeep\n|turn|7\n|\n|t:|1771210249\n|switch|p1a: Xatu|Xatu, L89, M|260/260\n|move|p2a: Keldeo|Calm Mind|p2a: Keldeo\n|-boost|p2a: Keldeo|spa|1\n|-boost|p2a: Keldeo|spd|1\n|\n|-heal|p2a: Keldeo|165/277|[from] item: Leftovers\n|upkeep\n|turn|8\n|\n|t:|1771210253\n|switch|p2a: Solrock|Solrock, L90|308/308\n|move|p1a: Xatu|Psychic|p2a: Solrock\n|-resisted|p2a: Solrock\n|-damage|p2a: Solrock|252/308\n|\n|-heal|p2a: Solrock|271/308|[from] item: Leftovers\n|upkeep\n|turn|9\n|\n|t:|1771210257\n|switch|p1a: Umbreon|Umbreon, L84, M|297/297\n|move|p2a: Solrock|Stone Edge|p1a: Umbreon\n|-damage|p1a: Umbreon|200/297\n|\n|-heal|p2a: Solrock|290/308|[from] item: Leftovers\n|-heal|p1a: Umbreon|218/297|[from] item: Leftovers\n|upkeep\n|turn|10\n|\n|t:|1771210273\n|switch|p2a: Vespiquen|Vespiquen, F|240/301\n|-ability|p2a: Vespiquen|Pressure\n|move|p1a: Umbreon|Toxic|p2a: Vespiquen|[miss]\n|-miss|p1a: Umbreon|p2a: Vespiquen\n|\n|-heal|p1a: Umbreon|236/297|[from] item: Leftovers\n|-heal|p2a: Vespiquen|258/301|[from] item: Leftovers\n|upkeep\n|turn|11\n|\n|t:|1771210282\n|move|p1a: Umbreon|Toxic|p2a: Vespiquen\n|-status|p2a: Vespiquen|tox\n|move|p2a: Vespiquen|Toxic|p1a: Umbreon\n|-status|p1a: Umbreon|tox\n|-activate|p1a: Umbreon|ability: Synchronize\n|-fail|p2a: Vespiquen|tox\n|\n|-heal|p1a: Umbreon|254/297 tox|[from] item: Leftovers\n|-heal|p2a: Vespiquen|276/301 tox|[from] item: Leftovers\n|-damage|p1a: Umbreon|236/297 tox|[from] psn\n|-damage|p2a: Vespiquen|258/301 tox|[from] psn\n|upkeep\n|turn|12\n|\n|t:|1771210288\n|switch|p1a: Skuntank|Skuntank, L87, M|2/321\n|move|p2a: Vespiquen|U-turn|p1a: Skuntank\n|-damage|p1a: Skuntank|0 fnt\n|-damage|p2a: Vespiquen|183/301 tox|[from] ability: Aftermath|[of] p1a: Skuntank\n|faint|p1a: Skuntank\n|\n|t:|1771210293\n|switch|p2a: Solrock|Solrock, L90|290/308|[from] U-turn\n|\n|-heal|p2a: Solrock|308/308|[from] item: Leftovers\n|upkeep\n|\n|t:|1771210297\n|switch|p1a: Golduck|Golduck, L93, M|300/300\n|-ability|p1a: Golduck|Cloud Nine\n|turn|13\n|\n|t:|1771210301\n|switch|p2a: Bibarel|Bibarel, L90, F|289/289\n|move|p1a: Golduck|Hydro Pump|p2a: Bibarel\n|-resisted|p2a: Bibarel\n|-damage|p2a: Bibarel|169/289\n|-damage|p1a: Golduck|270/300|[from] item: Life Orb\n|\n|upkeep\n|turn|14\n|\n|t:|1771210305\n|move|p1a: Golduck|Focus Blast|p2a: Bibarel\n|-supereffective|p2a: Bibarel\n|-damage|p2a: Bibarel|0 fnt\n|faint|p2a: Bibarel\n|-damage|p1a: Golduck|240/300|[from] item: Life Orb\n|\n|upkeep\n|\n|t:|1771210318\n|switch|p2a: Keldeo|Keldeo-Resolute, L80|165/277\n|turn|15\n|\n|t:|1771210322\n|move|p2a: Keldeo|Scald|p1a: Golduck\n|-resisted|p1a: Golduck\n|-damage|p1a: Golduck|195/300\n|move|p1a: Golduck|Encore|p2a: Keldeo\n|-start|p2a: Keldeo|Encore\n|\n|-heal|p2a: Keldeo|182/277|[from] item: Leftovers\n|upkeep\n|turn|16\n|\n|t:|1771210328\n|switch|p1a: Xatu|Xatu, L89, M|260/260\n|move|p2a: Keldeo|Scald|p1a: Xatu\n|-damage|p1a: Xatu|152/260\n|\n|-heal|p1a: Xatu|168/260|[from] item: Leftovers\n|-heal|p2a: Keldeo|199/277|[from] item: Leftovers\n|upkeep\n|turn|17\n|\n|t:|1771210333\n|switch|p2a: Solrock|Solrock, L90|308/308\n|move|p1a: Xatu|Roost|p1a: Xatu\n|-heal|p1a: Xatu|260/260\n|-singleturn|p1a: Xatu|move: Roost\n|\n|upkeep\n|turn|18\n|\n|t:|1771210337\n|switch|p1a: Umbreon|Umbreon, L84, M|236/297 tox\n|switch|p2a: Keldeo|Keldeo-Resolute, L80|199/277\n|\n|-heal|p2a: Keldeo|216/277|[from] item: Leftovers\n|-heal|p1a: Umbreon|254/297 tox|[from] item: Leftovers\n|-damage|p1a: Umbreon|236/297 tox|[from] psn\n|upkeep\n|turn|19\n|\n|t:|1771210341\n|switch|p1a: Xatu|Xatu, L89, M|260/260\n|move|p2a: Keldeo|Substitute|p2a: Keldeo\n|-start|p2a: Keldeo|Substitute\n|-damage|p2a: Keldeo|147/277\n|\n|-heal|p2a: Keldeo|164/277|[from] item: Leftovers\n|upkeep\n|turn|20\n|\n|t:|1771210343\n|move|p1a: Xatu|Psychic|p2a: Keldeo\n|-supereffective|p2a: Keldeo\n|-end|p2a: Keldeo|Substitute\n|move|p2a: Keldeo|Scald|p1a: Xatu\n|-damage|p1a: Xatu|151/260\n|-status|p1a: Xatu|brn\n|\n|-heal|p1a: Xatu|167/260 brn|[from] item: Leftovers\n|-heal|p2a: Keldeo|181/277|[from] item: Leftovers\n|-damage|p1a: Xatu|151/260 brn|[from] brn\n|upkeep\n|turn|21\n|\n|t:|1771210347\n|switch|p2a: Solrock|Solrock, L90|308/308\n|move|p1a: Xatu|Roost|p1a: Xatu\n|-heal|p1a: Xatu|260/260 brn\n|-singleturn|p1a: Xatu|move: Roost\n|\n|-damage|p1a: Xatu|244/260 brn|[from] brn\n|upkeep\n|turn|22\n|\n|t:|1771210350\n|switch|p1a: Umbreon|Umbreon, L84, M|236/297 tox\n|move|p2a: Solrock|Stone Edge|p1a: Umbreon\n|-damage|p1a: Umbreon|139/297 tox\n|\n|-heal|p1a: Umbreon|157/297 tox|[from] item: Leftovers\n|-damage|p1a: Umbreon|139/297 tox|[from] psn\n|upkeep\n|turn|23\n|\n|t:|1771210353\n|move|p2a: Solrock|Stone Edge|p1a: Umbreon|[miss]\n|-miss|p2a: Solrock|p1a: Umbreon\n|move|p1a: Umbreon|Toxic|p2a: Solrock\n|-status|p2a: Solrock|tox\n|\n|-heal|p1a: Umbreon|157/297 tox|[from] item: Leftovers\n|-damage|p2a: Solrock|289/308 tox|[from] psn\n|-damage|p1a: Umbreon|121/297 tox|[from] psn\n|upkeep\n|turn|24\n|\n|t:|1771210357\n|move|p2a: Solrock|Stone Edge|p1a: Umbreon\n|-damage|p1a: Umbreon|22/297 tox\n|move|p1a: Umbreon|Wish|p1a: Umbreon\n|\n|-heal|p2a: Solrock|308/308 tox|[from] item: Leftovers\n|-heal|p1a: Umbreon|40/297 tox|[from] item: Leftovers\n|-damage|p2a: Solrock|270/308 tox|[from] psn\n|-damage|p1a: Umbreon|0 fnt|[from] psn\n|faint|p1a: Umbreon\n|upkeep\n|\n|t:|1771210360\n|switch|p1a: Golduck|Golduck, L93, M|195/300\n|-ability|p1a: Golduck|Cloud Nine\n|turn|25\n|\n|t:|1771210374\n|switch|p2a: Vespiquen|Vespiquen, F|183/301 tox\n|-ability|p2a: Vespiquen|Pressure\n|move|p1a: Golduck|Hydro Pump|p2a: Vespiquen\n|-damage|p2a: Vespiquen|41/301 tox\n|-damage|p1a: Golduck|165/300|[from] item: Life Orb\n|\n|-heal|p1a: Golduck|300/300|[from] move: Wish|[wisher] Umbreon\n|-heal|p2a: Vespiquen|59/301 tox|[from] item: Leftovers\n|-damage|p2a: Vespiquen|41/301 tox|[from] psn\n|upkeep\n|turn|26\n|\n|t:|1771210378\n|move|p1a: Golduck|Ice Beam|p2a: Vespiquen\n|-supereffective|p2a: Vespiquen\n|-damage|p2a: Vespiquen|0 fnt\n|faint|p2a: Vespiquen\n|-damage|p1a: Golduck|270/300|[from] item: Life Orb\n|\n|upkeep\n|\n|t:|1771210386\n|switch|p2a: Xerneas|Xerneas, L65|272/272\n|-ability|p2a: Xerneas|Fairy Aura\n|turn|27\n|\n|t:|1771210398\n|switch|p1a: Dialga|Dialga, L74|270/270\n|-ability|p1a: Dialga|Pressure\n|move|p2a: Xerneas|Geomancy||[still]\n|-prepare|p2a: Xerneas|Geomancy\n|-enditem|p2a: Xerneas|Power Herb\n|-anim|p2a: Xerneas|Geomancy|p2a: Xerneas\n|-boost|p2a: Xerneas|spa|2\n|-boost|p2a: Xerneas|spd|2\n|-boost|p2a: Xerneas|spe|2\n|\n|upkeep\n|turn|28\n|\n|t:|1771210419\n|move|p2a: Xerneas|Focus Blast|p1a: Dialga|[miss]\n|-miss|p2a: Xerneas|p1a: Dialga\n|move|p1a: Dialga|Flash Cannon|p2a: Xerneas\n|-supereffective|p2a: Xerneas\n|-damage|p2a: Xerneas|170/272\n|\n|upkeep\n|turn|29\n|\n|t:|1771210425\n|move|p2a: Xerneas|Moonblast|p1a: Dialga\n|-damage|p1a: Dialga|119/270\n|-unboost|p1a: Dialga|spa|1\n|move|p1a: Dialga|Flash Cannon|p2a: Xerneas\n|-supereffective|p2a: Xerneas\n|-damage|p2a: Xerneas|98/272\n|\n|upkeep\n|turn|30\n|\n|t:|1771210435\n|move|p2a: Xerneas|Moonblast|p1a: Dialga\n|-damage|p1a: Dialga|0 fnt\n|faint|p1a: Dialga\n|\n|upkeep\n|\n|t:|1771210437\n|switch|p1a: Golduck|Golduck, L93, M|270/300\n|-ability|p1a: Golduck|Cloud Nine\n|turn|31\n|\n|t:|1771210441\n|move|p2a: Xerneas|Moonblast|p1a: Golduck\n|-damage|p1a: Golduck|60/300\n|move|p1a: Golduck|Hydro Pump|p2a: Xerneas\n|-damage|p2a: Xerneas|0 fnt\n|faint|p2a: Xerneas\n|-damage|p1a: Golduck|30/300|[from] item: Life Orb\n|\n|upkeep\n|\n|t:|1771210443\n|switch|p2a: Keldeo|Keldeo-Resolute, L80|181/277\n|turn|32\n|\n|t:|1771210448\n|move|p2a: Keldeo|Scald|p1a: Golduck\n|-resisted|p1a: Golduck\n|-damage|p1a: Golduck|0 fnt\n|faint|p1a: Golduck\n|\n|-heal|p2a: Keldeo|198/277|[from] item: Leftovers\n|upkeep\n|\n|t:|1771210450\n|switch|p1a: Xatu|Xatu, L89, M|244/260 brn\n|turn|33\n|\n|t:|1771210458\n|switch|p1a: Floatzel|Floatzel, L86, M|96/286\n|switch|p2a: Solrock|Solrock, L90|270/308 tox\n|\n|-heal|p2a: Solrock|289/308 tox|[from] item: Leftovers\n|-damage|p2a: Solrock|270/308 tox|[from] psn\n|upkeep\n|turn|34\n|\n|t:|1771210466\n|switch|p2a: Keldeo|Keldeo-Resolute, L80|198/277\n|move|p1a: Floatzel|Liquidation|p2a: Keldeo\n|-resisted|p2a: Keldeo\n|-damage|p2a: Keldeo|143/277\n|\n|-heal|p2a: Keldeo|160/277|[from] item: Leftovers\n|upkeep\n|turn|35\n|\n|t:|1771210481\n|move|p1a: Floatzel|Liquidation|p2a: Keldeo\n|-resisted|p2a: Keldeo\n|-damage|p2a: Keldeo|110/277\n|move|p2a: Keldeo|Substitute|p2a: Keldeo\n|-start|p2a: Keldeo|Substitute\n|-damage|p2a: Keldeo|41/277\n|\n|-heal|p2a: Keldeo|58/277|[from] item: Leftovers\n|upkeep\n|turn|36\n|\n|t:|1771210484\n|switch|p1a: Xatu|Xatu, L89, M|244/260 brn\n|move|p2a: Keldeo|Secret Sword|p1a: Xatu\n|-resisted|p1a: Xatu\n|-damage|p1a: Xatu|217/260 brn\n|\n|-heal|p1a: Xatu|233/260 brn|[from] item: Leftovers\n|-heal|p2a: Keldeo|75/277|[from] item: Leftovers\n|-damage|p1a: Xatu|217/260 brn|[from] brn\n|upkeep\n|turn|37\n|\n|t:|1771210487\n|move|p1a: Xatu|Psychic|p2a: Keldeo\n|-supereffective|p2a: Keldeo\n|-end|p2a: Keldeo|Substitute\n|move|p2a: Keldeo|Scald|p1a: Xatu\n|-damage|p1a: Xatu|111/260 brn\n|\n|-heal|p1a: Xatu|127/260 brn|[from] item: Leftovers\n|-heal|p2a: Keldeo|92/277|[from] item: Leftovers\n|-damage|p1a: Xatu|111/260 brn|[from] brn\n|upkeep\n|turn|38\n|\n|t:|1771210494\n|move|p1a: Xatu|Roost|p1a: Xatu\n|-heal|p1a: Xatu|241/260 brn\n|-singleturn|p1a: Xatu|move: Roost\n|move|p2a: Keldeo|Substitute|p2a: Keldeo\n|-start|p2a: Keldeo|Substitute\n|-damage|p2a: Keldeo|23/277\n|\n|-heal|p1a: Xatu|257/260 brn|[from] item: Leftovers\n|-heal|p2a: Keldeo|40/277|[from] item: Leftovers\n|-damage|p1a: Xatu|241/260 brn|[from] brn\n|upkeep\n|turn|39\n|\n|t:|1771210496\n|move|p1a: Xatu|Psychic|p2a: Keldeo\n|-supereffective|p2a: Keldeo\n|-crit|p2a: Keldeo\n|-end|p2a: Keldeo|Substitute\n|move|p2a: Keldeo|Scald|p1a: Xatu\n|-damage|p1a: Xatu|130/260 brn\n|\n|-heal|p1a: Xatu|146/260 brn|[from] item: Leftovers\n|-heal|p2a: Keldeo|57/277|[from] item: Leftovers\n|-damage|p1a: Xatu|130/260 brn|[from] brn\n|upkeep\n|turn|40\n|\n|t:|1771210504\n|switch|p2a: Solrock|Solrock, L90|270/308 tox\n|move|p1a: Xatu|Psychic|p2a: Solrock\n|-resisted|p2a: Solrock\n|-damage|p2a: Solrock|208/308 tox\n|\n|-heal|p1a: Xatu|146/260 brn|[from] item: Leftovers\n|-heal|p2a: Solrock|227/308 tox|[from] item: Leftovers\n|-damage|p2a: Solrock|208/308 tox|[from] psn\n|-damage|p1a: Xatu|130/260 brn|[from] brn\n|upkeep\n|turn|41\n|\n|t:|1771210509\n|move|p1a: Xatu|Psychic|p2a: Solrock\n|-resisted|p2a: Solrock\n|-damage|p2a: Solrock|145/308 tox\n|-unboost|p2a: Solrock|spd|1\n|move|p2a: Solrock|Morning Sun|p2a: Solrock\n|-heal|p2a: Solrock|299/308 tox\n|\n|-heal|p1a: Xatu|146/260 brn|[from] item: Leftovers\n|-heal|p2a: Solrock|308/308 tox|[from] item: Leftovers\n|-damage|p2a: Solrock|270/308 tox|[from] psn\n|-damage|p1a: Xatu|130/260 brn|[from] brn\n|upkeep\n|turn|42\n|\n|t:|1771210513\n|move|p1a: Xatu|Roost|p1a: Xatu\n|-heal|p1a: Xatu|260/260 brn\n|-singleturn|p1a: Xatu|move: Roost\n|move|p2a: Solrock|Stone Edge|p1a: Xatu\n|-damage|p1a: Xatu|130/260 brn\n|\n|-heal|p1a: Xatu|146/260 brn|[from] item: Leftovers\n|-heal|p2a: Solrock|289/308 tox|[from] item: Leftovers\n|-damage|p2a: Solrock|232/308 tox|[from] psn\n|-damage|p1a: Xatu|130/260 brn|[from] brn\n|upkeep\n|turn|43\n|\n|t:|1771210519\n|move|p1a: Xatu|Roost|p1a: Xatu\n|-heal|p1a: Xatu|260/260 brn\n|-singleturn|p1a: Xatu|move: Roost\n|move|p2a: Solrock|Stone Edge|p1a: Xatu\n|-damage|p1a: Xatu|115/260 brn\n|\n|-heal|p1a: Xatu|131/260 brn|[from] item: Leftovers\n|-heal|p2a: Solrock|251/308 tox|[from] item: Leftovers\n|-damage|p2a: Solrock|175/308 tox|[from] psn\n|-damage|p1a: Xatu|115/260 brn|[from] brn\n|upkeep\n|turn|44\n|\n|t:|1771210522\n|move|p1a: Xatu|Roost|p1a: Xatu\n|-heal|p1a: Xatu|245/260 brn\n|-singleturn|p1a: Xatu|move: Roost\n|move|p2a: Solrock|Morning Sun|p2a: Solrock\n|-heal|p2a: Solrock|308/308 tox\n|\n|-heal|p1a: Xatu|260/260 brn|[from] item: Leftovers\n|-damage|p2a: Solrock|213/308 tox|[from] psn\n|-damage|p1a: Xatu|244/260 brn|[from] brn\n|upkeep\n|turn|45\n|\n|t:|1771210531\n|switch|p2a: Keldeo|Keldeo-Resolute, L80|57/277\n|move|p1a: Xatu|Roost|p1a: Xatu\n|-heal|p1a: Xatu|260/260 brn\n|-singleturn|p1a: Xatu|move: Roost\n|\n|-heal|p2a: Keldeo|74/277|[from] item: Leftovers\n|-damage|p1a: Xatu|244/260 brn|[from] brn\n|upkeep\n|turn|46\n|\n|t:|1771210534\n|switch|p2a: Solrock|Solrock, L90|213/308 tox\n|move|p1a: Xatu|Psychic|p2a: Solrock\n|-resisted|p2a: Solrock\n|-damage|p2a: Solrock|150/308 tox\n|\n|-heal|p1a: Xatu|260/260 brn|[from] item: Leftovers\n|-heal|p2a: Solrock|169/308 tox|[from] item: Leftovers\n|-damage|p2a: Solrock|150/308 tox|[from] psn\n|-damage|p1a: Xatu|244/260 brn|[from] brn\n|upkeep\n|turn|47\n|\n|t:|1771210537\n|move|p1a: Xatu|Roost|p1a: Xatu\n|-heal|p1a: Xatu|260/260 brn\n|-singleturn|p1a: Xatu|move: Roost\n|move|p2a: Solrock|Morning Sun|p2a: Solrock\n|-heal|p2a: Solrock|304/308 tox\n|\n|-heal|p2a: Solrock|308/308 tox|[from] item: Leftovers\n|-damage|p2a: Solrock|270/308 tox|[from] psn\n|-damage|p1a: Xatu|244/260 brn|[from] brn\n|upkeep\n|turn|48\n|\n|t:|1771210542\n|move|p1a: Xatu|Roost|p1a: Xatu\n|-heal|p1a: Xatu|260/260 brn\n|-singleturn|p1a: Xatu|move: Roost\n|move|p2a: Solrock|Stone Edge|p1a: Xatu\n|-damage|p1a: Xatu|134/260 brn\n|\n|-heal|p1a: Xatu|150/260 brn|[from] item: Leftovers\n|-heal|p2a: Solrock|289/308 tox|[from] item: Leftovers\n|-damage|p2a: Solrock|232/308 tox|[from] psn\n|-damage|p1a: Xatu|134/260 brn|[from] brn\n|upkeep\n|turn|49\n|\n|t:|1771210545\n|move|p1a: Xatu|Roost|p1a: Xatu\n|-heal|p1a: Xatu|260/260 brn\n|-singleturn|p1a: Xatu|move: Roost\n|move|p2a: Solrock|Morning Sun|p2a: Solrock\n|-heal|p2a: Solrock|308/308 tox\n|\n|-damage|p2a: Solrock|232/308 tox|[from] psn\n|-damage|p1a: Xatu|244/260 brn|[from] brn\n|upkeep\n|turn|50\n|\n|t:|1771210551\n|move|p1a: Xatu|Roost|p1a: Xatu\n|-heal|p1a: Xatu|260/260 brn\n|-singleturn|p1a: Xatu|move: Roost\n|move|p2a: Solrock|Will-O-Wisp|p1a: Xatu\n|move|p1a: Xatu|Will-O-Wisp|p2a: Solrock|[from] ability: Magic Bounce|[miss]\n|-miss|p1a: Xatu|p2a: Solrock\n|\n|-heal|p2a: Solrock|251/308 tox|[from] item: Leftovers\n|-damage|p2a: Solrock|156/308 tox|[from] psn\n|-damage|p1a: Xatu|244/260 brn|[from] brn\n|upkeep\n|turn|51\n|\n|t:|1771210554\n|move|p1a: Xatu|Roost|p1a: Xatu\n|-heal|p1a: Xatu|260/260 brn\n|-singleturn|p1a: Xatu|move: Roost\n|move|p2a: Solrock|Morning Sun|p2a: Solrock\n|-heal|p2a: Solrock|308/308 tox\n|\n|-damage|p2a: Solrock|194/308 tox|[from] psn\n|-damage|p1a: Xatu|244/260 brn|[from] brn\n|upkeep\n|turn|52\n|\n|t:|1771210559\n|switch|p2a: Keldeo|Keldeo-Resolute, L80|74/277\n|move|p1a: Xatu|Roost|p1a: Xatu\n|-heal|p1a: Xatu|260/260 brn\n|-singleturn|p1a: Xatu|move: Roost\n|\n|-heal|p2a: Keldeo|91/277|[from] item: Leftovers\n|-damage|p1a: Xatu|244/260 brn|[from] brn\n|upkeep\n|turn|53\n|\n|t:|1771210563\n|switch|p2a: Solrock|Solrock, L90|194/308 tox\n|move|p1a: Xatu|Psychic|p2a: Solrock\n|-resisted|p2a: Solrock\n|-damage|p2a: Solrock|131/308 tox\n|\n|-heal|p1a: Xatu|260/260 brn|[from] item: Leftovers\n|-heal|p2a: Solrock|150/308 tox|[from] item: Leftovers\n|-damage|p2a: Solrock|131/308 tox|[from] psn\n|-damage|p1a: Xatu|244/260 brn|[from] brn\n|upkeep\n|turn|54\n|\n|t:|1771210565\n|switch|p1a: Floatzel|Floatzel, L86, M|96/286\n|move|p2a: Solrock|Morning Sun|p2a: Solrock\n|-heal|p2a: Solrock|285/308 tox\n|\n|-heal|p2a: Solrock|304/308 tox|[from] item: Leftovers\n|-damage|p2a: Solrock|266/308 tox|[from] psn\n|upkeep\n|turn|55\n|\n|t:|1771210568\n|switch|p2a: Keldeo|Keldeo-Resolute, L80|91/277\n|move|p1a: Floatzel|Liquidation|p2a: Keldeo\n|-resisted|p2a: Keldeo\n|-damage|p2a: Keldeo|35/277\n|\n|-heal|p2a: Keldeo|52/277|[from] item: Leftovers\n|upkeep\n|turn|56\n|\n|t:|1771210570\n|move|p1a: Floatzel|Liquidation|p2a: Keldeo\n|-resisted|p2a: Keldeo\n|-damage|p2a: Keldeo|0 fnt\n|faint|p2a: Keldeo\n|\n|upkeep\n|\n|t:|1771210572\n|switch|p2a: Solrock|Solrock, L90|266/308 tox\n|turn|57\n|\n|t:|1771210574\n|move|p1a: Floatzel|Liquidation|p2a: Solrock\n|-supereffective|p2a: Solrock\n|-damage|p2a: Solrock|78/308 tox\n|move|p2a: Solrock|Earthquake|p1a: Floatzel\n|-damage|p1a: Floatzel|0 fnt\n|faint|p1a: Floatzel\n|\n|-heal|p2a: Solrock|97/308 tox|[from] item: Leftovers\n|-damage|p2a: Solrock|78/308 tox|[from] psn\n|upkeep\n|\n|t:|1771210576\n|switch|p1a: Xatu|Xatu, L89, M|244/260 brn\n|turn|58\n|\n|t:|1771210588\n|move|p1a: Xatu|Calm Mind|p1a: Xatu\n|-boost|p1a: Xatu|spa|1\n|-boost|p1a: Xatu|spd|1\n|move|p2a: Solrock|Morning Sun|p2a: Solrock\n|-heal|p2a: Solrock|232/308 tox\n|\n|-heal|p1a: Xatu|260/260 brn|[from] item: Leftovers\n|-heal|p2a: Solrock|251/308 tox|[from] item: Leftovers\n|-damage|p2a: Solrock|213/308 tox|[from] psn\n|-damage|p1a: Xatu|244/260 brn|[from] brn\n|upkeep\n|turn|59\n|\n|t:|1771210592\n|move|p1a: Xatu|Roost|p1a: Xatu\n|-heal|p1a: Xatu|260/260 brn\n|-singleturn|p1a: Xatu|move: Roost\n|move|p2a: Solrock|Stone Edge|p1a: Xatu\n|-damage|p1a: Xatu|118/260 brn\n|\n|-heal|p1a: Xatu|134/260 brn|[from] item: Leftovers\n|-heal|p2a: Solrock|232/308 tox|[from] item: Leftovers\n|-damage|p2a: Solrock|175/308 tox|[from] psn\n|-damage|p1a: Xatu|118/260 brn|[from] brn\n|upkeep\n|turn|60\n|\n|t:|1771210595\n|move|p1a: Xatu|Roost|p1a: Xatu\n|-heal|p1a: Xatu|248/260 brn\n|-singleturn|p1a: Xatu|move: Roost\n|move|p2a: Solrock|Earthquake|p1a: Xatu\n|-damage|p1a: Xatu|162/260 brn\n|\n|-heal|p1a: Xatu|178/260 brn|[from] item: Leftovers\n|-heal|p2a: Solrock|194/308 tox|[from] item: Leftovers\n|-damage|p2a: Solrock|118/308 tox|[from] psn\n|-damage|p1a: Xatu|162/260 brn|[from] brn\n|upkeep\n|turn|61\n|-message|Somnium Azurea forfeited.\n|\n|win|grummybear45\n|raw|grummybear45's rating: 1761 &rarr; <strong>1781</strong><br />(+20 for winning)\n|raw|Somnium Azurea's rating: 1765 &rarr; <strong>1745</strong><br />(-20 for losing)\n|l|☆Somnium Azurea\n|player|p2|\n", "inputlog": ">version 686819e5e19f8a7fd2345cfc5a08a5085efa2cc3\n>start {\"formatid\":\"gen7randombattle\",\"seed\":\"sodium,38c754beabc767da2e50a71d38a1c9c1\",\"rated\":\"Rated battle\"}\n>player p1 {\"name\":\"grummybear45\",\"avatar\":\"lacey\",\"rating\":1761,\"seed\":\"sodium,8f94304533ff3b3771237ff523144320\"}\n>player p2 {\"name\":\"Somnium Azurea\",\"avatar\":\"lady\",\"rating\":1788,\"seed\":\"sodium,6cd02b8cfb8336c543be6c12b776edc5\"}\n>p1 move bulkup\n>p2 move drainpunch\n>p1 move lowkick zmove\n>p2 move drainpunch\n>p2 switch 2\n>p1 switch 3\n>p2 move airslash\n>p1 move poisonjab\n>p2 move uturn\n>p2 switch 4\n>p1 move poisonjab\n>p2 move substitute\n>p1 move poisonjab\n>p2 move secretsword\n>p1 switch 4\n>p2 move calmmind\n>p1 move psychic\n>p2 switch 5\n>p1 switch 2\n>p2 move stoneedge\n>p1 move toxic\n>p2 switch 4\n>p1 move toxic\n>p2 move toxic\n>p1 switch 4\n>p2 move uturn\n>p2 switch 4\n>p1 switch 5\n>p1 move hydropump\n>p2 switch 6\n>p1 move focusblast\n>p2 move return\n>p2 switch 5\n>p1 move encore\n>p2 move scald\n>p1 switch 2\n>p2 move scald\n>p1 move roost\n>p2 switch 6\n>p1 switch 4\n>p2 switch 6\n>p1 switch 4\n>p2 move substitute\n>p1 move psychic\n>p2 move scald\n>p1 move roost\n>p2 switch 6\n>p1 switch 4\n>p2 move stoneedge\n>p1 move toxic\n>p2 move stoneedge\n>p1 move wish\n>p2 move stoneedge\n>p1 switch 2\n>p1 move hydropump\n>p2 switch 4\n>p1 move icebeam\n>p2 move toxic\n>p2 switch 3\n>p1 switch 6\n>p2 move geomancy\n>p1 move flashcannon\n>p2 move focusblast\n>p1 move flashcannon\n>p2 move moonblast\n>p1 move flashcannon\n>p2 move moonblast\n>p1 switch 6\n>p1 move hydropump\n>p2 move moonblast\n>p2 switch 6\n>p1 move hydropump\n>p2 move scald\n>p1 switch 4\n>p1 switch 3\n>p2 switch 4\n>p1 move liquidation\n>p2 switch 4\n>p1 move liquidation\n>p2 move substitute\n>p1 switch 3\n>p2 move secretsword\n>p1 move psychic\n>p2 move scald\n>p1 move roost\n>p2 move substitute\n>p1 move psychic\n>p2 move scald\n>p1 move psychic\n>p2 switch 4\n>p1 move psychic\n>p2 move morningsun\n>p1 move roost\n>p2 move stoneedge\n>p1 move roost\n>p2 move stoneedge\n>p1 move roost\n>p2 move morningsun\n>p1 move roost\n>p2 switch 4\n>p1 move psychic\n>p2 switch 4\n>p1 move roost\n>p2 move morningsun\n>p1 move roost\n>p2 move stoneedge\n>p1 move roost\n>p2 move morningsun\n>p1 move roost\n>p2 move willowisp\n>p1 move roost\n>p2 move morningsun\n>p1 move roost\n>p2 switch 4\n>p1 move psychic\n>p2 switch 4\n>p1 switch 3\n>p2 move morningsun\n>p1 move liquidation\n>p2 switch 4\n>p1 move liquidation\n>p2 move secretsword\n>p2 switch 4\n>p1 move liquidation\n>p2 move earthquake\n>p1 switch 3\n>p1 move calmmind\n>p2 move morningsun\n>p1 move roost\n>p2 move stoneedge\n>p1 move roost\n>p2 move earthquake\n>forcelose p2", "uploadtime": 1771210602, "views": 36, "formatid": "gen7randombattle", "rating": 1745, "private": 0, "password": null}