{"id": "gen7randombattle-2532007635", "format": "[Gen 7] Random Battle", "players": ["ockdzck", "areszerker"], "log": "|j|☆ockdzck\n|j|☆areszerker\n|t:|1770131354\n|gametype|singles\n|player|p1|ockdzck|blue|1623\n|player|p2|areszerker|lance|1759\n|gen|7\n|tier|[Gen 7] Random Battle\n|rated|\n|rule|Sleep Clause Mod: Limit one foe put to sleep\n|rule|HP Percentage Mod: HP is shown in percentages\n|rule|Illusion Level Mod: Illusion disguises the Pokémon's true level\n|\n|t:|1770131354\n|teamsize|p1|6\n|teamsize|p2|6\n|start\n|switch|p1a: Archeops|Archeops, L82, F|257/257\n|switch|p2a: Cofagrigus|Cofagrigus, L89, F|248/248\n|turn|1\n|inactive|Battle timer is ON: inactive players will automatically lose when time's up. (requested by areszerker)\n|\n|t:|1770131369\n|switch|p1a: Throh|Throh, L89, M|358/358\n|switch|p2a: Suicune|Suicune, L82|298/298\n|-ability|p2a: Suicune|Pressure\n|\n|-status|p1a: Throh|brn|[from] item: Flame Orb\n|upkeep\n|turn|2\n|\n|t:|1770131376\n|move|p2a: Suicune|Protect|p2a: Suicune\n|-singleturn|p2a: Suicune|Protect\n|move|p1a: Throh|Knock Off|p2a: Suicune\n|-activate|p2a: Suicune|move: Protect\n|\n|-damage|p1a: Throh|336/358 brn|[from] brn\n|upkeep\n|turn|3\n|\n|t:|1770131382\n|move|p2a: Suicune|Substitute|p2a: Suicune\n|-start|p2a: Suicune|Substitute\n|-damage|p2a: Suicune|224/298\n|move|p1a: Throh|Facade|p2a: Suicune\n|-end|p2a: Suicune|Substitute\n|\n|-heal|p2a: Suicune|242/298|[from] item: Leftovers\n|-damage|p1a: Throh|314/358 brn|[from] brn\n|upkeep\n|turn|4\n|\n|t:|1770131408\n|switch|p1a: Sigilyph|Sigilyph, L85, M|261/261\n|move|p2a: Suicune|Substitute|p2a: Suicune\n|-start|p2a: Suicune|Substitute\n|-damage|p2a: Suicune|168/298\n|\n|-heal|p2a: Suicune|186/298|[from] item: Leftovers\n|upkeep\n|turn|5\n|\n|t:|1770131421\n|move|p1a: Sigilyph|Cosmic Power|p1a: Sigilyph\n|-boost|p1a: Sigilyph|def|1\n|-boost|p1a: Sigilyph|spd|1\n|move|p2a: Suicune|Calm Mind|p2a: Suicune\n|-boost|p2a: Suicune|spa|1\n|-boost|p2a: Suicune|spd|1\n|\n|-heal|p2a: Suicune|204/298|[from] item: Leftovers\n|upkeep\n|turn|6\n|\n|t:|1770131426\n|move|p1a: Sigilyph|Cosmic Power|p1a: Sigilyph\n|-boost|p1a: Sigilyph|def|1\n|-boost|p1a: Sigilyph|spd|1\n|move|p2a: Suicune|Calm Mind|p2a: Suicune\n|-boost|p2a: Suicune|spa|1\n|-boost|p2a: Suicune|spd|1\n|\n|-heal|p2a: Suicune|222/298|[from] item: Leftovers\n|upkeep\n|turn|7\n|\n|t:|1770131431\n|move|p1a: Sigilyph|Cosmic Power|p1a: Sigilyph\n|-boost|p1a: Sigilyph|def|1\n|-boost|p1a: Sigilyph|spd|1\n|move|p2a: Suicune|Calm Mind|p2a: Suicune\n|-boost|p2a: Suicune|spa|1\n|-boost|p2a: Suicune|spd|1\n|\n|-heal|p2a: Suicune|240/298|[from] item: Leftovers\n|upkeep\n|turn|8\n|\n|t:|1770131436\n|move|p1a: Sigilyph|Cosmic Power|p1a: Sigilyph\n|-boost|p1a: Sigilyph|def|1\n|-boost|p1a: Sigilyph|spd|1\n|move|p2a: Suicune|Calm Mind|p2a: Suicune\n|-boost|p2a: Suicune|spa|1\n|-boost|p2a: Suicune|spd|1\n|\n|-heal|p2a: Suicune|258/298|[from] item: Leftovers\n|upkeep\n|turn|9\n|\n|t:|1770131441\n|move|p1a: Sigilyph|Cosmic Power|p1a: Sigilyph\n|-boost|p1a: Sigilyph|def|1\n|-boost|p1a: Sigilyph|spd|1\n|move|p2a: Suicune|Calm Mind|p2a: Suicune\n|-boost|p2a: Suicune|spa|1\n|-boost|p2a: Suicune|spd|1\n|\n|-heal|p2a: Suicune|276/298|[from] item: Leftovers\n|upkeep\n|turn|10\n|\n|t:|1770131444\n|move|p1a: Sigilyph|Cosmic Power|p1a: Sigilyph\n|-boost|p1a: Sigilyph|def|1\n|-boost|p1a: Sigilyph|spd|1\n|move|p2a: Suicune|Calm Mind|p2a: Suicune\n|-boost|p2a: Suicune|spa|1\n|-boost|p2a: Suicune|spd|1\n|\n|-heal|p2a: Suicune|294/298|[from] item: Leftovers\n|upkeep\n|turn|11\n|\n|t:|1770131450\n|move|p2a: Suicune|Protect|p2a: Suicune\n|-singleturn|p2a: Suicune|Protect\n|move|p1a: Sigilyph|Stored Power|p2a: Suicune\n|-activate|p2a: Suicune|move: Protect\n|\n|-heal|p2a: Suicune|298/298|[from] item: Leftovers\n|upkeep\n|turn|12\n|\n|t:|1770131456\n|move|p1a: Sigilyph|Stored Power|p2a: Suicune\n|-end|p2a: Suicune|Substitute\n|move|p2a: Suicune|Substitute|p2a: Suicune\n|-start|p2a: Suicune|Substitute\n|-damage|p2a: Suicune|224/298\n|\n|-heal|p2a: Suicune|242/298|[from] item: Leftovers\n|upkeep\n|turn|13\n|\n|t:|1770131468\n|move|p2a: Suicune|Protect|p2a: Suicune\n|-singleturn|p2a: Suicune|Protect\n|move|p1a: Sigilyph|Roost||[still]\n|-fail|p1a: Sigilyph|heal\n|\n|-heal|p2a: Suicune|260/298|[from] item: Leftovers\n|upkeep\n|turn|14\n|-message|ockdzck forfeited.\n|\n|win|areszerker\n|raw|ockdzck's rating: 1623 &rarr; <strong>1610</strong><br />(-13 for losing)\n|raw|areszerker's rating: 1759 &rarr; <strong>1772</strong><br />(+13 for winning)\n|l|☆ockdzck\n|player|p1|\n", "inputlog": ">version ccdc32dd7cde25fd9e4bed64820e885f66e78a4e\n>start {\"formatid\":\"gen7randombattle\",\"seed\":\"sodium,59de815f967f119f0c65732b97a9ce7f\",\"rated\":\"Rated battle\"}\n>player p1 {\"name\":\"ockdzck\",\"avatar\":\"blue\",\"rating\":1623,\"seed\":\"sodium,6369757c60a94558a3f894bc99209305\"}\n>player p2 {\"name\":\"areszerker\",\"avatar\":\"lance\",\"rating\":1759,\"seed\":\"sodium,97b0af8d28945068517bb5109f3045f6\"}\n>p1 switch 4\n>p2 switch 5\n>p1 move knockoff\n>p2 move protect\n>p1 move facade\n>p2 move substitute\n>p1 switch 5\n>p2 move substitute\n>p1 move cosmicpower\n>p2 move calmmind\n>p1 move cosmicpower\n>p2 move calmmind\n>p1 move cosmicpower\n>p2 move calmmind\n>p1 move cosmicpower\n>p2 move calmmind\n>p1 move cosmicpower\n>p2 move calmmind\n>p1 move cosmicpower\n>p2 move calmmind\n>p1 move storedpower\n>p2 move protect\n>p1 move storedpower\n>p2 move substitute\n>p1 move roost\n>p2 move protect\n>forcelose p1", "uploadtime": 1770131495, "views": 140, "formatid": "gen7randombattle", "rating": 1610, "private": 0, "password": null}