{"id": "gen7randombattle-2530871467", "format": "[Gen 7] Random Battle", "players": ["Barbossa959", "La.Hellhound"], "log": "|j|☆Barbossa959\n|j|‽La.Hellhound\n|t:|1769981786\n|gametype|singles\n|player|p1|Barbossa959|lucas-gen4pt|1534\n|player|p2|La.Hellhound|bruno|1601\n|gen|7\n|tier|[Gen 7] Random Battle\n|rated|\n|rule|Sleep Clause Mod: Limit one foe put to sleep\n|rule|HP Percentage Mod: HP is shown in percentages\n|rule|Illusion Level Mod: Illusion disguises the Pokémon's true level\n|\n|t:|1769981786\n|teamsize|p1|6\n|teamsize|p2|6\n|start\n|switch|p1a: Ninetales|Ninetales, L84, F|260/260\n|switch|p2a: Sableye|Sableye, L86, F|226/226\n|-weather|SunnyDay|[from] ability: Drought|[of] p1a: Ninetales\n|turn|1\n|inactive|Battle timer is ON: inactive players will automatically lose when time's up. (requested by La.Hellhound)\n|inactive|La.Hellhound has 120 seconds left.\n|\n|t:|1769981836\n|switch|p2a: Magcargo|Magcargo, L96, F|271/271\n|move|p1a: Ninetales|Nasty Plot|p1a: Ninetales\n|-boost|p1a: Ninetales|spa|2\n|\n|-weather|SunnyDay|[upkeep]\n|upkeep\n|turn|2\n|\n|t:|1769981846\n|move|p1a: Ninetales|Hidden Power|p2a: Magcargo\n|-supereffective|p2a: Magcargo\n|-damage|p2a: Magcargo|99/271\n|-damage|p1a: Ninetales|234/260|[from] item: Life Orb\n|move|p2a: Magcargo|Ancient Power|p1a: Ninetales\n|-supereffective|p1a: Ninetales\n|-crit|p1a: Ninetales\n|-damage|p1a: Ninetales|6/260\n|\n|-weather|SunnyDay|[upkeep]\n|-heal|p2a: Magcargo|115/271|[from] item: Leftovers\n|upkeep\n|turn|3\n|\n|t:|1769981857\n|switch|p2a: Lurantis|Lurantis, L90, F|272/272\n|move|p1a: Ninetales|Hidden Power|p2a: Lurantis\n|-damage|p2a: Lurantis|216/272\n|-damage|p1a: Ninetales|0 fnt|[from] item: Life Orb\n|faint|p1a: Ninetales\n|\n|-weather|SunnyDay|[upkeep]\n|upkeep\n|\n|t:|1769981866\n|switch|p1a: Togekiss|Togekiss, L81, M|270/270\n|turn|4\n|\n|t:|1769981874\n|switch|p2a: Magcargo|Magcargo, L96, F|115/271\n|move|p1a: Togekiss|Air Slash|p2a: Magcargo\n|-resisted|p2a: Magcargo\n|-damage|p2a: Magcargo|76/271\n|\n|-weather|SunnyDay|[upkeep]\n|-heal|p2a: Magcargo|92/271|[from] item: Leftovers\n|upkeep\n|turn|5\n|\n|t:|1769981882\n|switch|p1a: Poliwrath|Poliwrath, L91, M|312/312\n|move|p2a: Magcargo|Recover|p2a: Magcargo\n|-heal|p2a: Magcargo|228/271\n|\n|-weather|none\n|-heal|p2a: Magcargo|244/271|[from] item: Leftovers\n|upkeep\n|turn|6\n|\n|t:|1769981894\n|switch|p2a: Throh|Throh, L89, M|358/358\n|move|p1a: Poliwrath|Scald|p2a: Throh\n|-damage|p2a: Throh|288/358\n|-status|p2a: Throh|brn\n|\n|-heal|p2a: Throh|310/358 brn|[from] item: Leftovers\n|-damage|p2a: Throh|288/358 brn|[from] brn\n|upkeep\n|turn|7\n|\n|t:|1769981906\n|move|p1a: Poliwrath|Circle Throw|p2a: Throh\n|-damage|p2a: Throh|219/358 brn\n|drag|p2a: Lurantis|Lurantis, L90, F|216/272\n|\n|upkeep\n|turn|8\n|\n|t:|1769981912\n|switch|p1a: Togekiss|Togekiss, L81, M|270/270\n|move|p2a: Lurantis|Leaf Storm|p1a: Togekiss\n|-resisted|p1a: Togekiss\n|-crit|p1a: Togekiss\n|-damage|p1a: Togekiss|189/270\n|-boost|p2a: Lurantis|spa|2\n|\n|upkeep\n|turn|9\n|\n|t:|1769981920\n|move|p1a: Togekiss|Trick|p2a: Lurantis\n|-activate|p1a: Togekiss|move: Trick|[of] p2a: Lurantis\n|-item|p2a: Lurantis|Choice Scarf|[from] move: Trick\n|-item|p1a: Togekiss|Assault Vest|[from] move: Trick\n|move|p2a: Lurantis|Hidden Power|p1a: Togekiss\n|-supereffective|p1a: Togekiss\n|-damage|p1a: Togekiss|101/270\n|\n|upkeep\n|turn|10\n|\n|t:|1769981928\n|move|p2a: Lurantis|Hidden Power|p1a: Togekiss\n|-supereffective|p1a: Togekiss\n|-damage|p1a: Togekiss|3/270\n|move|p1a: Togekiss|Air Slash|p2a: Lurantis|[miss]\n|-miss|p1a: Togekiss|p2a: Lurantis\n|\n|upkeep\n|turn|11\n|\n|t:|1769981934\n|switch|p1a: Donphan|Donphan, L84, M|288/288\n|move|p2a: Lurantis|Hidden Power|p1a: Donphan\n|-resisted|p1a: Donphan\n|-damage|p1a: Donphan|249/288\n|\n|upkeep\n|turn|12\n|\n|t:|1769981942\n|switch|p2a: Sableye|Sableye, L86, F|226/226\n|move|p1a: Donphan|Knock Off|p2a: Sableye\n|-damage|p2a: Sableye|163/226\n|\n|upkeep\n|turn|13\n|\n|t:|1769981949\n|switch|p1a: Togekiss|Togekiss, L81, M|3/270\n|detailschange|p2a: Sableye|Sableye-Mega, L86, F\n|-mega|p2a: Sableye|Sableye|Sablenite\n|move|p2a: Sableye|Will-O-Wisp|p1a: Togekiss\n|-status|p1a: Togekiss|brn\n|\n|-damage|p1a: Togekiss|0 fnt|[from] brn\n|faint|p1a: Togekiss\n|upkeep\n|\n|t:|1769981958\n|switch|p1a: Basculin|Basculin-Blue-Striped, L86, F|261/261\n|turn|14\n|\n|t:|1769981962\n|move|p1a: Basculin|Liquidation|p2a: Sableye\n|-damage|p2a: Sableye|29/226\n|-unboost|p2a: Sableye|def|1\n|move|p2a: Sableye|Will-O-Wisp|p1a: Basculin|[miss]\n|-miss|p2a: Sableye|p1a: Basculin\n|\n|upkeep\n|turn|15\n|\n|t:|1769981970\n|switch|p2a: Lurantis|Lurantis, L90, F|216/272\n|move|p1a: Basculin|Liquidation|p2a: Lurantis\n|-resisted|p2a: Lurantis\n|-damage|p2a: Lurantis|128/272\n|\n|upkeep\n|turn|16\n|\n|t:|1769981984\n|switch|p1a: Electrode|Electrode, L89|252/252\n|move|p2a: Lurantis|Leaf Storm|p1a: Electrode\n|-damage|p1a: Electrode|122/252\n|-boost|p2a: Lurantis|spa|2\n|\n|-heal|p1a: Electrode|137/252|[from] item: Leftovers\n|upkeep\n|turn|17\n|\n|t:|1769981995\n|switch|p2a: Magcargo|Magcargo, L96, F|244/271\n|move|p1a: Electrode|Hidden Power|p2a: Magcargo\n|-resisted|p2a: Magcargo\n|-damage|p2a: Magcargo|225/271\n|\n|-heal|p1a: Electrode|152/252|[from] item: Leftovers\n|-heal|p2a: Magcargo|241/271|[from] item: Leftovers\n|upkeep\n|turn|18\n|\n|t:|1769982004\n|move|p1a: Electrode|Volt Switch|p2a: Magcargo\n|-damage|p2a: Magcargo|175/271\n|\n|t:|1769982008\n|switch|p1a: Poliwrath|Poliwrath, L91, M|312/312|[from] Volt Switch\n|move|p2a: Magcargo|Lava Plume|p1a: Poliwrath\n|-resisted|p1a: Poliwrath\n|-damage|p1a: Poliwrath|264/312\n|-status|p1a: Poliwrath|brn\n|\n|-heal|p1a: Poliwrath|283/312 brn|[from] item: Leftovers\n|-heal|p2a: Magcargo|191/271|[from] item: Leftovers\n|-damage|p1a: Poliwrath|264/312 brn|[from] brn\n|upkeep\n|turn|19\n|\n|t:|1769982021\n|switch|p2a: Lunala|Lunala, L72|316/316\n|move|p1a: Poliwrath|Scald|p2a: Lunala\n|-damage|p2a: Lunala|275/316\n|-status|p2a: Lunala|brn\n|\n|-heal|p1a: Poliwrath|283/312 brn|[from] item: Leftovers\n|-damage|p2a: Lunala|256/316 brn|[from] brn\n|-damage|p1a: Poliwrath|264/312 brn|[from] brn\n|upkeep\n|turn|20\n|\n|t:|1769982034\n|switch|p1a: Donphan|Donphan, L84, M|249/288\n|move|p2a: Lunala|Calm Mind|p2a: Lunala\n|-boost|p2a: Lunala|spa|1\n|-boost|p2a: Lunala|spd|1\n|\n|-damage|p2a: Lunala|237/316 brn|[from] brn\n|upkeep\n|turn|21\n|\n|t:|1769982045\n|-zpower|p2a: Lunala\n|move|p2a: Lunala|Menacing Moonraze Maelstrom|p1a: Donphan|[zeffect]\n|-damage|p1a: Donphan|0 fnt\n|faint|p1a: Donphan\n|\n|-damage|p2a: Lunala|218/316 brn|[from] brn\n|upkeep\n|\n|t:|1769982050\n|switch|p1a: Basculin|Basculin-Blue-Striped, L86, F|261/261\n|turn|22\n|\n|t:|1769982056\n|switch|p2a: Skuntank|Skuntank, L87, M|321/321\n|move|p1a: Basculin|Crunch|p2a: Skuntank\n|-resisted|p2a: Skuntank\n|-damage|p2a: Skuntank|275/321\n|-unboost|p2a: Skuntank|def|1\n|\n|-heal|p2a: Skuntank|295/321|[from] item: Black Sludge\n|upkeep\n|turn|23\n|\n|t:|1769982066\n|switch|p1a: Poliwrath|Poliwrath, L91, M|264/312 brn\n|move|p2a: Skuntank|Poison Jab|p1a: Poliwrath\n|-damage|p1a: Poliwrath|182/312 brn\n|\n|-heal|p2a: Skuntank|315/321|[from] item: Black Sludge\n|-heal|p1a: Poliwrath|201/312 brn|[from] item: Leftovers\n|-damage|p1a: Poliwrath|182/312 brn|[from] brn\n|upkeep\n|turn|24\n|\n|t:|1769982075\n|move|p2a: Skuntank|Poison Jab|p1a: Poliwrath\n|-damage|p1a: Poliwrath|103/312 brn\n|move|p1a: Poliwrath|Scald|p2a: Skuntank\n|-damage|p2a: Skuntank|221/321\n|\n|-heal|p2a: Skuntank|241/321|[from] item: Black Sludge\n|-heal|p1a: Poliwrath|122/312 brn|[from] item: Leftovers\n|-damage|p1a: Poliwrath|103/312 brn|[from] brn\n|upkeep\n|turn|25\n|\n|t:|1769982085\n|move|p2a: Skuntank|Poison Jab|p1a: Poliwrath\n|-damage|p1a: Poliwrath|30/312 brn\n|move|p1a: Poliwrath|Rest|p1a: Poliwrath\n|-status|p1a: Poliwrath|slp|[from] move: Rest\n|-heal|p1a: Poliwrath|312/312 slp|[silent]\n|\n|-heal|p2a: Skuntank|261/321|[from] item: Black Sludge\n|upkeep\n|turn|26\n|\n|t:|1769982094\n|switch|p2a: Lunala|Lunala, L72|218/316 brn\n|cant|p1a: Poliwrath|slp\n|move|p1a: Poliwrath|Sleep Talk|p1a: Poliwrath\n|move|p1a: Poliwrath|Circle Throw|p2a: Lunala|[from] move: Sleep Talk\n|-immune|p2a: Lunala\n|\n|-damage|p2a: Lunala|199/316 brn|[from] brn\n|upkeep\n|turn|27\n|\n|t:|1769982106\n|switch|p1a: Electrode|Electrode, L89|152/252\n|move|p2a: Lunala|Psyshock|p1a: Electrode\n|-damage|p1a: Electrode|56/252\n|\n|-heal|p1a: Electrode|71/252|[from] item: Leftovers\n|-damage|p2a: Lunala|180/316 brn|[from] brn\n|upkeep\n|turn|28\n|\n|t:|1769982114\n|move|p1a: Electrode|Volt Switch|p2a: Lunala\n|-damage|p2a: Lunala|111/316 brn\n|\n|t:|1769982117\n|switch|p1a: Basculin|Basculin-Blue-Striped, L86, F|261/261|[from] Volt Switch\n|move|p2a: Lunala|Roost|p2a: Lunala\n|-heal|p2a: Lunala|269/316 brn\n|-singleturn|p2a: Lunala|move: Roost\n|\n|-damage|p2a: Lunala|250/316 brn|[from] brn\n|upkeep\n|turn|29\n|\n|t:|1769982126\n|switch|p2a: Skuntank|Skuntank, L87, M|261/321\n|move|p1a: Basculin|Liquidation|p2a: Skuntank\n|-damage|p2a: Skuntank|39/321\n|-unboost|p2a: Skuntank|def|1\n|\n|-heal|p2a: Skuntank|59/321|[from] item: Black Sludge\n|upkeep\n|turn|30\n|\n|t:|1769982142\n|switch|p1a: Poliwrath|Poliwrath, L91, M|312/312 slp\n|move|p2a: Skuntank|Sucker Punch||[still]\n|-fail|p2a: Skuntank\n|\n|-heal|p2a: Skuntank|79/321|[from] item: Black Sludge\n|upkeep\n|turn|31\n|\n|t:|1769982150\n|switch|p2a: Lunala|Lunala, L72|250/316 brn\n|cant|p1a: Poliwrath|slp\n|move|p1a: Poliwrath|Sleep Talk|p1a: Poliwrath\n|move|p1a: Poliwrath|Circle Throw|p2a: Lunala|[from] move: Sleep Talk\n|-immune|p2a: Lunala\n|\n|-damage|p2a: Lunala|231/316 brn|[from] brn\n|upkeep\n|turn|32\n|\n|t:|1769982161\n|move|p2a: Lunala|Psyshock|p1a: Poliwrath\n|-supereffective|p1a: Poliwrath\n|-damage|p1a: Poliwrath|180/312 slp\n|-curestatus|p1a: Poliwrath|slp|[msg]\n|move|p1a: Poliwrath|Scald|p2a: Lunala\n|-damage|p2a: Lunala|158/316 brn\n|\n|-heal|p1a: Poliwrath|199/312|[from] item: Leftovers\n|-damage|p2a: Lunala|139/316 brn|[from] brn\n|upkeep\n|turn|33\n|\n|t:|1769982173\n|switch|p1a: Basculin|Basculin-Blue-Striped, L86, F|261/261\n|move|p2a: Lunala|Psyshock|p1a: Basculin\n|-damage|p1a: Basculin|156/261\n|\n|-damage|p2a: Lunala|120/316 brn|[from] brn\n|upkeep\n|turn|34\n|\n|t:|1769982186\n|switch|p2a: Skuntank|Skuntank, L87, M|79/321\n|move|p1a: Basculin|Liquidation|p2a: Skuntank\n|-damage|p2a: Skuntank|0 fnt\n|-damage|p1a: Basculin|91/261|[from] ability: Aftermath|[of] p2a: Skuntank\n|faint|p2a: Skuntank\n|\n|upkeep\n|\n|t:|1769982193\n|switch|p2a: Lurantis|Lurantis, L90, F|128/272\n|turn|35\n|\n|t:|1769982198\n|switch|p1a: Poliwrath|Poliwrath, L91, M|199/312\n|move|p2a: Lurantis|Superpower|p1a: Poliwrath\n|-damage|p1a: Poliwrath|104/312\n|-boost|p2a: Lurantis|atk|1\n|-boost|p2a: Lurantis|def|1\n|\n|-heal|p1a: Poliwrath|123/312|[from] item: Leftovers\n|upkeep\n|turn|36\n|\n|t:|1769982206\n|move|p2a: Lurantis|Superpower|p1a: Poliwrath\n|-damage|p1a: Poliwrath|0 fnt\n|-boost|p2a: Lurantis|atk|1\n|-boost|p2a: Lurantis|def|1\n|faint|p1a: Poliwrath\n|\n|upkeep\n|\n|t:|1769982208\n|switch|p1a: Electrode|Electrode, L89|71/252\n|turn|37\n|\n|t:|1769982215\n|move|p1a: Electrode|Hidden Power|p2a: Lurantis\n|-supereffective|p2a: Lurantis\n|-damage|p2a: Lurantis|46/272\n|move|p2a: Lurantis|Superpower|p1a: Electrode\n|-damage|p1a: Electrode|0 fnt\n|-boost|p2a: Lurantis|atk|1\n|-boost|p2a: Lurantis|def|1\n|-status|p2a: Lurantis|par|[from] ability: Static|[of] p1a: Electrode\n|faint|p1a: Electrode\n|\n|upkeep\n|\n|t:|1769982218\n|switch|p1a: Basculin|Basculin-Blue-Striped, L86, F|91/261\n|turn|38\n|\n|t:|1769982227\n|move|p1a: Basculin|Liquidation|p2a: Lurantis\n|-resisted|p2a: Lurantis\n|-damage|p2a: Lurantis|12/272 par\n|move|p2a: Lurantis|Superpower|p1a: Basculin\n|-damage|p1a: Basculin|0 fnt\n|-boost|p2a: Lurantis|atk|1\n|-boost|p2a: Lurantis|def|1\n|faint|p1a: Basculin\n|\n|win|La.Hellhound\n|raw|Barbossa959's rating: 1534 &rarr; <strong>1518</strong><br />(-16 for losing)\n|raw|La.Hellhound's rating: 1601 &rarr; <strong>1617</strong><br />(+16 for winning)\n|l|☆Barbossa959\n|player|p1|\n", "inputlog": ">version ccdc32dd7cde25fd9e4bed64820e885f66e78a4e\n>start {\"formatid\":\"gen7randombattle\",\"seed\":\"sodium,c0f716403c0aa97a6677839864a90658\",\"rated\":\"Rated battle\"}\n>player p1 {\"name\":\"Barbossa959\",\"avatar\":\"lucas-gen4pt\",\"rating\":1534,\"seed\":\"sodium,fca97feeeecbe632545a30b6c6d35c0d\"}\n>player p2 {\"name\":\"La.Hellhound\",\"avatar\":\"bruno\",\"rating\":1601,\"seed\":\"sodium,6cd2ab5c7d2035a4793313d167b8b3fa\"}\n>p1 move nastyplot\n>p2 switch 2\n>p1 move hiddenpower\n>p2 move ancientpower\n>p1 move hiddenpower\n>p2 switch 6\n>p1 switch 3\n>p1 move airslash\n>p2 switch 6\n>p1 switch 4\n>p2 move recover\n>p1 move scald\n>p2 switch 4\n>p1 move circlethrow\n>p2 move circlethrow\n>p1 switch 4\n>p2 move leafstorm\n>p1 move trick\n>p2 move hiddenpower\n>p1 move airslash\n>p2 move hiddenpower\n>p1 switch 2\n>p2 move hiddenpower\n>p1 move knockoff\n>p2 switch 2\n>p1 switch 2\n>p2 move willowisp mega\n>p1 switch 6\n>p1 move liquidation\n>p2 move willowisp\n>p1 move liquidation\n>p2 switch 2\n>p1 switch 5\n>p2 move leafstorm\n>p1 move hiddenpower\n>p2 switch 4\n>p1 move voltswitch\n>p2 move lavaplume\n>p1 switch 4\n>p1 move scald\n>p2 switch 3\n>p1 switch 2\n>p2 move calmmind\n>p1 move knockoff\n>p2 move moongeistbeam zmove\n>p1 switch 5\n>p1 move crunch\n>p2 switch 5\n>p1 switch 2\n>p2 move poisonjab\n>p1 move scald\n>p2 move poisonjab\n>p1 move rest\n>p2 move poisonjab\n>p1 move sleeptalk\n>p2 switch 5\n>p1 switch 4\n>p2 move psyshock\n>p1 move voltswitch\n>p2 move roost\n>p1 switch 2\n>p1 move liquidation\n>p2 switch 5\n>p1 switch 4\n>p2 move suckerpunch\n>p1 move sleeptalk\n>p2 switch 5\n>p1 move scald\n>p2 move psyshock\n>p1 switch 4\n>p2 move psyshock\n>p1 move liquidation\n>p2 switch 5\n>p2 switch 4\n>p1 switch 4\n>p2 move superpower\n>p1 move circlethrow\n>p2 move superpower\n>p1 switch 2\n>p1 move hiddenpower\n>p2 move superpower\n>p1 switch 4\n>p1 move liquidation\n>p2 move superpower", "uploadtime": 1769982236, "views": 188, "formatid": "gen7randombattle", "rating": 1518, "private": 0, "password": null}