{"id": "gen7randombattle-2523149413", "format": "[Gen 7] Random Battle", "players": ["Raptoxx1111", "Lkapkd"], "log": "|j|☆Raptoxx1111\n|j|☆Lkapkd\n|t:|1768995449\n|gametype|singles\n|player|p1|Raptoxx1111|bellelba|1509\n|player|p2|Lkapkd|#bltixsnorlaxes|1583\n|gen|7\n|tier|[Gen 7] Random Battle\n|rated|\n|rule|Sleep Clause Mod: Limit one foe put to sleep\n|rule|HP Percentage Mod: HP is shown in percentages\n|rule|Illusion Level Mod: Illusion disguises the Pokémon's true level\n|\n|t:|1768995449\n|teamsize|p1|6\n|teamsize|p2|6\n|start\n|switch|p1a: Solgaleo|Solgaleo, L73|320/320\n|switch|p2a: Cobalion|Cobalion, L78|270/270\n|turn|1\n|\n|t:|1768995464\n|move|p2a: Cobalion|Swords Dance|p2a: Cobalion\n|-boost|p2a: Cobalion|atk|2\n|move|p1a: Solgaleo|Earthquake|p2a: Cobalion\n|-supereffective|p2a: Cobalion\n|-damage|p2a: Cobalion|100/270\n|\n|upkeep\n|turn|2\n|\n|t:|1768995478\n|move|p2a: Cobalion|Close Combat|p1a: Solgaleo\n|-damage|p1a: Solgaleo|124/320\n|-unboost|p2a: Cobalion|def|1\n|-unboost|p2a: Cobalion|spd|1\n|move|p1a: Solgaleo|Earthquake|p2a: Cobalion\n|-supereffective|p2a: Cobalion\n|-damage|p2a: Cobalion|0 fnt\n|faint|p2a: Cobalion\n|\n|upkeep\n|inactive|Battle timer is ON: inactive players will automatically lose when time's up. (requested by Raptoxx1111)\n|\n|t:|1768995486\n|switch|p2a: Mismagius|Mismagius, L87, M|246/246\n|turn|3\n|\n|t:|1768995495\n|switch|p1a: Manaphy|Manaphy, L77|281/281\n|move|p2a: Mismagius|Shadow Ball|p1a: Manaphy\n|-damage|p1a: Manaphy|188/281\n|\n|upkeep\n|turn|4\n|\n|t:|1768995503\n|move|p2a: Mismagius|Taunt|p1a: Manaphy\n|-start|p1a: Manaphy|move: Taunt\n|move|p1a: Manaphy|Surf|p2a: Mismagius\n|-damage|p2a: Mismagius|180/246\n|\n|-heal|p2a: Mismagius|195/246|[from] item: Leftovers\n|upkeep\n|turn|5\n|\n|t:|1768995507\n|move|p2a: Mismagius|Shadow Ball|p1a: Manaphy\n|-crit|p1a: Manaphy\n|-damage|p1a: Manaphy|46/281\n|move|p1a: Manaphy|Surf|p2a: Mismagius\n|-damage|p2a: Mismagius|125/246\n|\n|-heal|p2a: Mismagius|140/246|[from] item: Leftovers\n|upkeep\n|turn|6\n|\n|t:|1768995512\n|move|p2a: Mismagius|Shadow Ball|p1a: Manaphy\n|-damage|p1a: Manaphy|0 fnt\n|faint|p1a: Manaphy\n|\n|-heal|p2a: Mismagius|155/246|[from] item: Leftovers\n|upkeep\n|\n|t:|1768995516\n|switch|p1a: Weavile|Weavile, L79, M|240/240\n|turn|7\n|\n|t:|1768995522\n|switch|p2a: Tapu Fini|Tapu Fini, L80|243/243\n|-fieldstart|move: Misty Terrain|[from] ability: Misty Surge|[of] p2a: Tapu Fini\n|move|p1a: Weavile|Knock Off|p2a: Tapu Fini\n|-resisted|p2a: Tapu Fini\n|-crit|p2a: Tapu Fini\n|-damage|p2a: Tapu Fini|147/243\n|-enditem|p2a: Tapu Fini|Leftovers|[from] move: Knock Off|[of] p1a: Weavile\n|-damage|p1a: Weavile|216/240|[from] item: Life Orb\n|\n|upkeep\n|turn|8\n|\n|t:|1768995529\n|switch|p1a: Solgaleo|Solgaleo, L73|124/320\n|move|p2a: Tapu Fini|Moonblast|p1a: Solgaleo\n|-resisted|p1a: Solgaleo\n|-damage|p1a: Solgaleo|71/320\n|\n|upkeep\n|turn|9\n|\n|t:|1768995535\n|switch|p2a: Palossand|Palossand, L89, F|296/296\n|move|p1a: Solgaleo|Sunsteel Strike|p2a: Palossand\n|-damage|p2a: Palossand|176/296\n|\n|-heal|p2a: Palossand|194/296|[from] item: Leftovers\n|upkeep\n|turn|10\n|\n|t:|1768995538\n|move|p1a: Solgaleo|Sunsteel Strike|p2a: Palossand\n|-damage|p2a: Palossand|59/296\n|move|p2a: Palossand|Stealth Rock|p1a: Solgaleo\n|-sidestart|p1: Raptoxx1111|move: Stealth Rock\n|\n|-heal|p2a: Palossand|77/296|[from] item: Leftovers\n|upkeep\n|turn|11\n|\n|t:|1768995543\n|move|p1a: Solgaleo|Sunsteel Strike|p2a: Palossand\n|-damage|p2a: Palossand|0 fnt\n|faint|p2a: Palossand\n|\n|-fieldend|Misty Terrain\n|upkeep\n|\n|t:|1768995550\n|switch|p2a: Dodrio|Dodrio, L82, M|233/233\n|turn|12\n|\n|t:|1768995553\n|move|p2a: Dodrio|Jump Kick|p1a: Solgaleo|[miss]\n|-miss|p2a: Dodrio|p1a: Solgaleo\n|-damage|p2a: Dodrio|117/233|[from] jumpkick\n|move|p1a: Solgaleo|Sunsteel Strike|p2a: Dodrio\n|-damage|p2a: Dodrio|0 fnt\n|faint|p2a: Dodrio\n|\n|upkeep\n|-message|Lkapkd forfeited.\n|\n|win|Raptoxx1111\n|raw|Raptoxx1111's rating: 1509 &rarr; <strong>1533</strong><br />(+24 for winning)\n|raw|Lkapkd's rating: 1583 &rarr; <strong>1559</strong><br />(-24 for losing)\n|l|☆Raptoxx1111\n|player|p1|\n|l|☆Lkapkd\n|player|p2|\n", "inputlog": ">version 3bd1a1e329da8d286644078cfc9a9638fc7ea025\n>start {\"formatid\":\"gen7randombattle\",\"seed\":\"sodium,6cc3cefa6d4c905d1d00d7c3cf6d83c8\",\"rated\":\"Rated battle\"}\n>player p1 {\"name\":\"Raptoxx1111\",\"avatar\":\"bellelba\",\"rating\":1509,\"seed\":\"sodium,c56198825b743b822540408e90d3befb\"}\n>player p2 {\"name\":\"Lkapkd\",\"avatar\":\"#bltixsnorlaxes\",\"rating\":1583,\"seed\":\"sodium,6dd7b1d9e97ef8c3d396969cf86ba689\"}\n>p1 move earthquake\n>p2 move swordsdance\n>p1 move earthquake\n>p2 move closecombat\n>p2 switch 5\n>p1 switch 2\n>p2 move shadowball\n>p1 move surf\n>p2 move taunt\n>p1 move surf\n>p2 move shadowball\n>p1 move surf zmove\n>p2 move shadowball\n>p1 switch 6\n>p1 move knockoff\n>p2 switch 4\n>p1 switch 2\n>p2 move moonblast\n>p1 move sunsteelstrike\n>p2 switch 6\n>p1 move sunsteelstrike\n>p2 move stealthrock\n>p1 move sunsteelstrike\n>p2 move shadowball\n>p2 switch 2\n>p1 move sunsteelstrike\n>p2 move jumpkick\n>forcelose p2", "uploadtime": 1768995716, "views": 181, "formatid": "gen7randombattle", "rating": 1533, "private": 0, "password": null}