{"id": "gen7randombattle-2523463605", "format": "[Gen 7] Random Battle", "players": ["kwkwkwjwkw", "Snoop Rogue"], "log": "|j|☆kwkwkwjwkw\n|j|☆Snoop Rogue\n|t:|1769027787\n|gametype|singles\n|player|p1|kwkwkwjwkw|169|1697\n|player|p2|Snoop Rogue|koga-lgpe|1643\n|gen|7\n|tier|[Gen 7] Random Battle\n|rated|\n|rule|Sleep Clause Mod: Limit one foe put to sleep\n|rule|HP Percentage Mod: HP is shown in percentages\n|rule|Illusion Level Mod: Illusion disguises the Pokémon's true level\n|\n|t:|1769027787\n|teamsize|p1|6\n|teamsize|p2|6\n|start\n|switch|p1a: Kecleon|Kecleon, L90, F|254/254\n|switch|p2a: Beedrill|Beedrill, L94, F|275/275\n|turn|1\n|inactive|Battle timer is ON: inactive players will automatically lose when time's up. (requested by Snoop Rogue)\n|\n|t:|1769027795\n|switch|p1a: Stantler|Stantler, L92, F|283/283\n|-ability|p1a: Stantler|Intimidate|boost\n|-unboost|p2a: Beedrill|atk|1\n|move|p2a: Beedrill|Toxic Spikes|p1a: Stantler\n|-sidestart|p1: kwkwkwjwkw|move: Toxic Spikes\n|\n|upkeep\n|turn|2\n|\n|t:|1769027800\n|move|p1a: Stantler|Double-Edge|p2a: Beedrill\n|-crit|p2a: Beedrill\n|-enditem|p2a: Beedrill|Focus Sash\n|-damage|p2a: Beedrill|1/275\n|-damage|p1a: Stantler|193/283|[from] Recoil\n|move|p2a: Beedrill|U-turn|p1a: Stantler\n|-damage|p1a: Stantler|91/283\n|l|☆kwkwkwjwkw\n|inactive|kwkwkwjwkw disconnected and has a minute to reconnect!\n|player|p1|\n|\n|t:|1769027815\n|switch|p2a: Pidgeot|Pidgeot, L78, F|258/258|[from] U-turn\n|\n|upkeep\n|turn|3\n|j|☆kwkwkwjwkw\n|inactive|kwkwkwjwkw reconnected and has 150 seconds left.\n|player|p1|kwkwkwjwkw|169|\n|\n|t:|1769027829\n|detailschange|p2a: Pidgeot|Pidgeot-Mega, L78, F\n|-mega|p2a: Pidgeot|Pidgeot|Pidgeotite\n|move|p2a: Pidgeot|Hurricane|p1a: Stantler\n|-damage|p1a: Stantler|0 fnt\n|faint|p1a: Stantler\n|\n|upkeep\n|\n|t:|1769027833\n|switch|p1a: Amoonguss|Amoonguss, L83, F|325/325\n|-sideend|p1: kwkwkwjwkw|move: Toxic Spikes|[of] p1a: Amoonguss\n|turn|4\n|\n|t:|1769027837\n|switch|p1a: Azelf|Azelf, L82|257/257\n|move|p2a: Pidgeot|Hurricane|p1a: Azelf\n|-damage|p1a: Azelf|145/257\n|\n|upkeep\n|turn|5\n|\n|t:|1769027850\n|move|p1a: Azelf|Explosion|p2a: Pidgeot\n|-damage|p2a: Pidgeot|15/258\n|faint|p1a: Azelf\n|move|p2a: Pidgeot|U-turn|p1: Azelf|[notarget]\n|-fail|p2a: Pidgeot\n|\n|upkeep\n|\n|t:|1769027855\n|switch|p1a: Aerodactyl|Aerodactyl, L82, F|265/265\n|-ability|p1a: Aerodactyl|Unnerve\n|turn|6\n|\n|t:|1769027864\n|switch|p2a: Garchomp|Garchomp, L75, M|286/286\n|move|p1a: Aerodactyl|Stone Edge|p2a: Garchomp\n|-resisted|p2a: Garchomp\n|-damage|p2a: Garchomp|235/286\n|\n|upkeep\n|turn|7\n|\n|t:|1769027868\n|switch|p1a: Amoonguss|Amoonguss, L83, F|325/325\n|move|p2a: Garchomp|Stone Edge|p1a: Amoonguss\n|-damage|p1a: Amoonguss|240/325\n|\n|upkeep\n|turn|8\n|\n|t:|1769027873\n|switch|p2a: Beedrill|Beedrill, L94, F|1/275\n|move|p1a: Amoonguss|Spore|p2a: Beedrill\n|-status|p2a: Beedrill|slp|[from] move: Spore\n|\n|upkeep\n|turn|9\n|\n|t:|1769027878\n|switch|p2a: Probopass|Probopass, L92, M|260/260\n|-item|p2a: Probopass|Air Balloon\n|switch|p1a: Aerodactyl|Aerodactyl, L82, F|265/265\n|-ability|p1a: Aerodactyl|Unnerve\n|\n|upkeep\n|turn|10\n|\n|t:|1769027883\n|switch|p1a: Heracross|Heracross, L80, M|259/259\n|move|p2a: Probopass|Thunder Wave|p1a: Heracross\n|-status|p1a: Heracross|par\n|\n|upkeep\n|turn|11\n|\n|t:|1769027888\n|switch|p2a: Oricorio|Oricorio-Pa'u, L91, F|284/284\n|detailschange|p1a: Heracross|Heracross-Mega, L80, M\n|-mega|p1a: Heracross|Heracross|Heracronite\n|cant|p1a: Heracross|par\n|\n|upkeep\n|turn|12\n|-message|kwkwkwjwkw forfeited.\n|\n|win|Snoop Rogue\n|raw|kwkwkwjwkw's rating: 1697 &rarr; <strong>1674</strong><br />(-23 for losing)\n|raw|Snoop Rogue's rating: 1643 &rarr; <strong>1666</strong><br />(+23 for winning)\n|l|☆kwkwkwjwkw\n|player|p1|\n", "inputlog": ">version 3bd1a1e329da8d286644078cfc9a9638fc7ea025\n>start {\"formatid\":\"gen7randombattle\",\"seed\":\"sodium,849c5b533be1f3c6b7bf7a0f70f8c7a5\",\"rated\":\"Rated battle\"}\n>player p1 {\"name\":\"kwkwkwjwkw\",\"avatar\":\"169\",\"rating\":1697,\"seed\":\"sodium,a764e4e567beac98f5fe0202c6b500c5\"}\n>player p2 {\"name\":\"Snoop Rogue\",\"avatar\":\"koga-lgpe\",\"rating\":1643,\"seed\":\"sodium,937425be543dbfc52dac9c66961bd8cb\"}\n>p1 switch 3\n>p2 move toxicspikes\n>p1 move doubleedge\n>p2 move uturn\n>p2 switch 3\n>p1 move doubleedge\n>p2 move hurricane mega\n>p1 switch 6\n>p1 switch 4\n>p2 move hurricane\n>p1 move explosion\n>p2 move uturn\n>p1 switch 2\n>p1 move stoneedge\n>p2 switch 2\n>p1 switch 4\n>p2 move stoneedge\n>p1 move spore\n>p2 switch 3\n>p1 switch 4\n>p2 switch 4\n>p1 switch 5\n>p2 move thunderwave\n>p1 move rockblast mega\n>p2 switch 5\n>forcelose p1", "uploadtime": 1769027898, "views": 170, "formatid": "gen7randombattle", "rating": 1666, "private": 0, "password": null}