{"id": "gen7randombattle-2525227704", "format": "[Gen 7] Random Battle", "players": ["Schnikkelas", "may/gen3"], "log": "|j|☆Schnikkelas\n|j|☆may/gen3\n|t:|1769253159\n|gametype|singles\n|player|p1|Schnikkelas|preschooler|1685\n|player|p2|may/gen3|may|1784\n|gen|7\n|tier|[Gen 7] Random Battle\n|rated|\n|rule|Sleep Clause Mod: Limit one foe put to sleep\n|rule|HP Percentage Mod: HP is shown in percentages\n|rule|Illusion Level Mod: Illusion disguises the Pokémon's true level\n|\n|t:|1769253159\n|teamsize|p1|6\n|teamsize|p2|6\n|start\n|switch|p1a: Banette|Banette, L87, M|253/253\n|switch|p2a: Diancie|Diancie, L81|214/214\n|-item|p2a: Diancie|Leftovers|[from] ability: Frisk|[of] p1a: Banette\n|turn|1\n|inactive|Battle timer is ON: inactive players will automatically lose when time's up. (requested by Schnikkelas)\n|inactive|Schnikkelas has 120 seconds left.\n|\n|t:|1769253193\n|switch|p1a: Celesteela|Celesteela, L78|279/279\n|move|p2a: Diancie|Toxic|p1a: Celesteela\n|-immune|p1a: Celesteela\n|\n|upkeep\n|turn|2\n|\n|t:|1769253218\n|switch|p2a: Charizard|Charizard, L83, F|265/265\n|move|p1a: Celesteela|Heavy Slam|p2a: Charizard\n|-resisted|p2a: Charizard\n|-damage|p2a: Charizard|205/265\n|\n|-heal|p2a: Charizard|221/265|[from] item: Leftovers\n|upkeep\n|turn|3\n|\n|t:|1769253223\n|switch|p1a: Castform|Castform, L99, M|299/299\n|move|p2a: Charizard|Will-O-Wisp|p1a: Castform\n|-status|p1a: Castform|brn\n|\n|-heal|p2a: Charizard|237/265|[from] item: Leftovers\n|-damage|p1a: Castform|281/299 brn|[from] brn\n|upkeep\n|turn|4\n|\n|t:|1769253231\n|switch|p2a: Castform|Castform, L99, F|299/299\n|move|p1a: Castform|Thunder Wave|p2a: Castform\n|-status|p2a: Castform|par\n|\n|-heal|p1a: Castform|299/299 brn|[from] item: Leftovers\n|-damage|p1a: Castform|281/299 brn|[from] brn\n|upkeep\n|turn|5\n|\n|t:|1769253249\n|switch|p1a: Hydreigon|Hydreigon, L82, M|285/285\n|move|p2a: Castform|Scald|p1a: Hydreigon\n|-resisted|p1a: Hydreigon\n|-damage|p1a: Hydreigon|255/285\n|-status|p1a: Hydreigon|brn\n|\n|-damage|p1a: Hydreigon|238/285 brn|[from] brn\n|upkeep\n|turn|6\n|\n|t:|1769253257\n|move|p1a: Hydreigon|Dark Pulse|p2a: Castform\n|-damage|p2a: Castform|202/299 par\n|move|p2a: Castform|Return|p1a: Hydreigon\n|-damage|p1a: Hydreigon|129/285 brn\n|\n|-damage|p1a: Hydreigon|112/285 brn|[from] brn\n|upkeep\n|turn|7\n|\n|t:|1769253277\n|move|p1a: Hydreigon|Dark Pulse|p2a: Castform\n|-damage|p2a: Castform|111/299 par\n|move|p2a: Castform|Return|p1a: Hydreigon\n|-damage|p1a: Hydreigon|0 fnt\n|faint|p1a: Hydreigon\n|\n|upkeep\n|inactive|Schnikkelas has 120 seconds left.\n|\n|t:|1769253304\n|switch|p1a: Celesteela|Celesteela, L78|279/279\n|turn|8\n|\n|t:|1769253308\n|move|p1a: Celesteela|Heavy Slam|p2a: Castform\n|-damage|p2a: Castform|0 fnt\n|faint|p2a: Castform\n|-ability|p1a: Celesteela|Beast Boost|boost\n|-boost|p1a: Celesteela|spa|1\n|\n|upkeep\n|\n|t:|1769253312\n|switch|p2a: Rapidash|Rapidash, L87, M|255/255\n|turn|9\n|\n|t:|1769253325\n|switch|p1a: Castform|Castform, L99, M|281/299 brn\n|move|p2a: Rapidash|Flare Blitz|p1a: Castform\n|-damage|p1a: Castform|96/299 brn\n|-damage|p2a: Rapidash|194/255|[from] Recoil\n|-damage|p2a: Rapidash|169/255|[from] item: Life Orb\n|\n|-heal|p1a: Castform|114/299 brn|[from] item: Leftovers\n|-damage|p1a: Castform|96/299 brn|[from] brn\n|upkeep\n|turn|10\n|inactive|Schnikkelas has 120 seconds left.\n|\n|t:|1769253354\n|move|p2a: Rapidash|Flare Blitz|p1a: Castform\n|-damage|p1a: Castform|0 fnt\n|faint|p1a: Castform\n|-damage|p2a: Rapidash|137/255|[from] Recoil\n|-damage|p2a: Rapidash|112/255|[from] item: Life Orb\n|\n|upkeep\n|\n|t:|1769253359\n|switch|p1a: Azelf|Azelf, L82|257/257\n|turn|11\n|\n|t:|1769253372\n|move|p1a: Azelf|Psychic|p2a: Rapidash\n|-damage|p2a: Rapidash|0 fnt\n|faint|p2a: Rapidash\n|\n|upkeep\n|\n|t:|1769253377\n|switch|p2a: Blastoise|Blastoise, L82, M|264/264\n|turn|12\n|inactive|Schnikkelas has 120 seconds left.\n|\n|t:|1769253413\n|switch|p1a: Ledian|Ledian, F|271/271\n|detailschange|p2a: Blastoise|Blastoise-Mega, L82, M\n|-mega|p2a: Blastoise|Blastoise|Blastoisinite\n|move|p2a: Blastoise|Dark Pulse|p1a: Ledian\n|-damage|p1a: Ledian|199/271\n|\n|-heal|p1a: Ledian|215/271|[from] item: Leftovers\n|upkeep\n|turn|13\n|\n|t:|1769253418\n|switch|p2a: Zangoose|Zangoose, L86, M|266/266\n|move|p1a: Ledian|Toxic|p2a: Zangoose|[miss]\n|-miss|p1a: Ledian|p2a: Zangoose\n|\n|-heal|p1a: Ledian|231/271|[from] item: Leftovers\n|-status|p2a: Zangoose|tox|[from] item: Toxic Orb\n|upkeep\n|turn|14\n|\n|t:|1769253440\n|switch|p1a: Celesteela|Celesteela, L78|279/279\n|move|p2a: Zangoose|Knock Off|p1a: Celesteela\n|-damage|p1a: Celesteela|160/279\n|-enditem|p1a: Celesteela|Assault Vest|[from] move: Knock Off|[of] p2a: Zangoose\n|\n|-damage|p2a: Zangoose|250/266 tox|[from] psn\n|upkeep\n|turn|15\n|\n|t:|1769253444\n|switch|p2a: Charizard|Charizard, L83, F|237/265\n|move|p1a: Celesteela|Heavy Slam|p2a: Charizard\n|-resisted|p2a: Charizard\n|-damage|p2a: Charizard|171/265\n|\n|-heal|p2a: Charizard|187/265|[from] item: Leftovers\n|upkeep\n|turn|16\n|\n|t:|1769253463\n|switch|p1a: Banette|Banette, L87, M|253/253\n|-item|p2a: Charizard|Leftovers|[from] ability: Frisk|[of] p1a: Banette\n|move|p2a: Charizard|Fire Blast|p1a: Banette|[miss]\n|-miss|p2a: Charizard|p1a: Banette\n|\n|-heal|p2a: Charizard|203/265|[from] item: Leftovers\n|upkeep\n|turn|17\n|\n|t:|1769253473\n|switch|p1a: Azelf|Azelf, L82|257/257\n|move|p2a: Charizard|Will-O-Wisp|p1a: Azelf\n|-status|p1a: Azelf|brn\n|\n|-heal|p2a: Charizard|219/265|[from] item: Leftovers\n|-damage|p1a: Azelf|241/257 brn|[from] brn\n|upkeep\n|turn|18\n|\n|t:|1769253499\n|switch|p2a: Diancie|Diancie, L81|214/214\n|move|p1a: Azelf|Psychic|p2a: Diancie\n|-crit|p2a: Diancie\n|-damage|p2a: Diancie|45/214\n|\n|-heal|p2a: Diancie|58/214|[from] item: Leftovers\n|-damage|p1a: Azelf|225/257 brn|[from] brn\n|upkeep\n|turn|19\n|j| huolongkai\n|\n|t:|1769253511\n|move|p1a: Azelf|Psychic|p2a: Diancie\n|-damage|p2a: Diancie|0 fnt\n|faint|p2a: Diancie\n|\n|-damage|p1a: Azelf|209/257 brn|[from] brn\n|upkeep\n|\n|t:|1769253516\n|switch|p2a: Zangoose|Zangoose, L86, M|250/266 tox\n|turn|20\n|inactive|Schnikkelas has 90 seconds left.\n|\n|t:|1769253556\n|switch|p1a: Celesteela|Celesteela, L78|160/279\n|move|p2a: Zangoose|Knock Off|p1a: Celesteela\n|-damage|p1a: Celesteela|84/279\n|\n|-damage|p2a: Zangoose|234/266 tox|[from] psn\n|upkeep\n|turn|21\n|inactive|Schnikkelas has 60 seconds left.\n|\n|t:|1769253586\n|move|p2a: Zangoose|Facade|p1a: Celesteela\n|-resisted|p1a: Celesteela\n|-crit|p1a: Celesteela\n|-damage|p1a: Celesteela|0 fnt\n|faint|p1a: Celesteela\n|\n|-damage|p2a: Zangoose|202/266 tox|[from] psn\n|upkeep\n|inactive|Schnikkelas has 60 seconds left.\n|\n|t:|1769253599\n|switch|p1a: Banette|Banette, L87, M|253/253\n|-item|p2a: Zangoose|Toxic Orb|[from] ability: Frisk|[of] p1a: Banette\n|turn|22\n|inactive|Schnikkelas has 60 seconds left.\n|\n|t:|1769253605\n|detailschange|p1a: Banette|Banette-Mega, L87, M\n|-mega|p1a: Banette|Banette|Banettite\n|move|p2a: Zangoose|Knock Off|p1a: Banette\n|-supereffective|p1a: Banette\n|-damage|p1a: Banette|69/253\n|move|p1a: Banette|Shadow Claw|p2a: Zangoose\n|-immune|p2a: Zangoose\n|\n|-damage|p2a: Zangoose|154/266 tox|[from] psn\n|upkeep\n|turn|23\n|\n|t:|1769253609\n|move|p1a: Banette|Destiny Bond|p1a: Banette\n|-singlemove|p1a: Banette|Destiny Bond\n|move|p2a: Zangoose|Knock Off|p1a: Banette\n|-supereffective|p1a: Banette\n|-damage|p1a: Banette|0 fnt\n|faint|p1a: Banette\n|-activate|p1a: Banette|move: Destiny Bond\n|detailschange|p1: Banette|Banette, L87, M|[silent]\n|faint|p2a: Zangoose\n|\n|upkeep\n|inactive|Schnikkelas has 60 seconds left.\n|\n|t:|1769253628\n|switch|p2a: Blastoise|Blastoise-Mega, L82, M|264/264\n|switch|p1a: Azelf|Azelf, L82|209/257 brn\n|turn|24\n|\n|t:|1769253631\n|move|p1a: Azelf|U-turn|p2a: Blastoise\n|-damage|p2a: Blastoise|241/264\n|\n|t:|1769253632\n|switch|p1a: Ledian|Ledian, F|231/271|[from] U-turn\n|move|p2a: Blastoise|Dark Pulse|p1a: Ledian\n|-damage|p1a: Ledian|155/271\n|\n|-heal|p1a: Ledian|171/271|[from] item: Leftovers\n|upkeep\n|turn|25\n|\n|t:|1769253636\n|switch|p2a: Charizard|Charizard, L83, F|219/265\n|move|p1a: Ledian|Toxic|p2a: Charizard\n|-status|p2a: Charizard|tox\n|\n|-heal|p1a: Ledian|187/271|[from] item: Leftovers\n|-heal|p2a: Charizard|235/265 tox|[from] item: Leftovers\n|-damage|p2a: Charizard|219/265 tox|[from] psn\n|upkeep\n|turn|26\n|inactive|Schnikkelas has 90 seconds left.\n|\n|t:|1769253671\n|move|p1a: Ledian|Air Slash|p2a: Charizard\n|-damage|p2a: Charizard|138/265 tox\n|cant|p2a: Charizard|flinch\n|\n|-heal|p1a: Ledian|203/271|[from] item: Leftovers\n|-heal|p2a: Charizard|154/265 tox|[from] item: Leftovers\n|-damage|p2a: Charizard|122/265 tox|[from] psn\n|upkeep\n|turn|27\n|\n|t:|1769253680\n|move|p1a: Ledian|Air Slash|p2a: Charizard\n|-damage|p2a: Charizard|40/265 tox\n|move|p2a: Charizard|Fire Blast|p1a: Ledian\n|-supereffective|p1a: Ledian\n|-damage|p1a: Ledian|0 fnt\n|faint|p1a: Ledian\n|\n|-heal|p2a: Charizard|56/265 tox|[from] item: Leftovers\n|-damage|p2a: Charizard|8/265 tox|[from] psn\n|upkeep\n|\n|t:|1769253682\n|switch|p1a: Azelf|Azelf, L82|209/257 brn\n|turn|28\n|\n|t:|1769253686\n|move|p1a: Azelf|Psychic|p2a: Charizard\n|-damage|p2a: Charizard|0 fnt\n|faint|p2a: Charizard\n|\n|-damage|p1a: Azelf|193/257 brn|[from] brn\n|upkeep\n|\n|t:|1769253687\n|switch|p2a: Blastoise|Blastoise-Mega, L82, M|241/264\n|turn|29\n|\n|t:|1769253693\n|move|p1a: Azelf|Psychic|p2a: Blastoise\n|-damage|p2a: Blastoise|96/264\n|move|p2a: Blastoise|Dark Pulse|p1a: Azelf\n|-supereffective|p1a: Azelf\n|-damage|p1a: Azelf|0 fnt\n|faint|p1a: Azelf\n|\n|win|may/gen3\n|raw|Schnikkelas's rating: 1685 &rarr; <strong>1671</strong><br />(-14 for losing)\n|raw|may&#x2f;gen3's rating: 1784 &rarr; <strong>1798</strong><br />(+14 for winning)\n|l|☆Schnikkelas\n|player|p1|\n", "inputlog": ">version b99ff0165a6231f17e8b78c2a78d1998375de664\n>start {\"formatid\":\"gen7randombattle\",\"seed\":\"sodium,70f7684350644e740089dc20d562b177\",\"rated\":\"Rated battle\"}\n>player p1 {\"name\":\"Schnikkelas\",\"avatar\":\"preschooler\",\"rating\":1685,\"seed\":\"sodium,8678183178b387b8549daab5845d8fea\"}\n>player p2 {\"name\":\"may/gen3\",\"avatar\":\"may\",\"rating\":1784,\"seed\":\"sodium,fa2d985d54f54de83eb6135951143c1c\"}\n>p1 switch 2\n>p2 move toxic\n>p1 move heavyslam\n>p2 switch 3\n>p1 switch 3\n>p2 move willowisp\n>p1 move thunderwave\n>p2 switch 5\n>p1 switch 5\n>p2 move scald\n>p1 move darkpulse\n>p2 move return\n>p1 move darkpulse\n>p2 move return\n>p1 switch 3\n>p1 move heavyslam\n>p2 move fireblast\n>p2 switch 4\n>p1 switch 5\n>p2 move flareblitz\n>p1 move scald\n>p2 move flareblitz\n>p1 switch 6\n>p1 move psychic\n>p2 move megahorn\n>p2 switch 6\n>p1 switch 4\n>p2 move darkpulse mega\n>p1 move toxic\n>p2 switch 2\n>p1 switch 5\n>p2 move knockoff\n>p1 move heavyslam\n>p2 switch 5\n>p1 switch 2\n>p2 move fireblast\n>p1 switch 4\n>p2 move willowisp\n>p1 move psychic\n>p2 switch 3\n>p1 move psychic\n>p2 move diamondstorm\n>p2 switch 5\n>p1 switch 2\n>p2 move knockoff\n>p1 move heavyslam\n>p2 move facade\n>p1 switch 4\n>p1 move shadowclaw mega\n>p2 move knockoff\n>p1 move destinybond\n>p2 move knockoff\n>p1 switch 2\n>p2 switch 2\n>p1 move uturn\n>p2 move darkpulse\n>p1 switch 5\n>p1 move toxic\n>p2 switch 3\n>p1 move airslash\n>p2 move fireblast\n>p1 move airslash\n>p2 move fireblast\n>p1 switch 5\n>p1 move psychic\n>p2 move fireblast\n>p2 switch 3\n>p1 move psychic\n>p2 move darkpulse", "uploadtime": 1769253696, "views": 247, "formatid": "gen7randombattle", "rating": 1671, "private": 0, "password": null}