{"id": "gen7randombattle-2535737443", "format": "[Gen 7] Random Battle", "players": ["w0rld0ftanks", "Thechosen_26"], "log": "|j|☆w0rld0ftanks\n|j|☆Thechosen_26\n|t:|1770602258\n|gametype|singles\n|player|p1|w0rld0ftanks|1|1500\n|player|p2|Thechosen_26|170|1602\n|gen|7\n|tier|[Gen 7] Random Battle\n|rated|\n|rule|Sleep Clause Mod: Limit one foe put to sleep\n|rule|HP Percentage Mod: HP is shown in percentages\n|rule|Illusion Level Mod: Illusion disguises the Pokémon's true level\n|\n|t:|1770602258\n|teamsize|p1|6\n|teamsize|p2|6\n|start\n|switch|p1a: Forretress|Forretress, L81, M|254/254\n|switch|p2a: Sigilyph|Sigilyph, L85, M|261/261\n|turn|1\n|\n|t:|1770602276\n|move|p2a: Sigilyph|Calm Mind|p2a: Sigilyph\n|-boost|p2a: Sigilyph|spa|1\n|-boost|p2a: Sigilyph|spd|1\n|move|p1a: Forretress|Stealth Rock|p2a: Sigilyph\n|-sidestart|p2: Thechosen_26|move: Stealth Rock\n|\n|upkeep\n|turn|2\n|\n|t:|1770602283\n|move|p2a: Sigilyph|Calm Mind|p2a: Sigilyph\n|-boost|p2a: Sigilyph|spa|1\n|-boost|p2a: Sigilyph|spd|1\n|move|p1a: Forretress|Gyro Ball|p2a: Sigilyph\n|-crit|p2a: Sigilyph\n|-damage|p2a: Sigilyph|143/261\n|\n|upkeep\n|turn|3\n|\n|t:|1770602289\n|move|p2a: Sigilyph|Air Slash|p1a: Forretress\n|-ability|p1a: Forretress|Sturdy\n|-damage|p1a: Forretress|1/254\n|move|p1a: Forretress|Gyro Ball|p2a: Sigilyph\n|-damage|p2a: Sigilyph|71/261\n|\n|-heal|p1a: Forretress|16/254|[from] item: Leftovers\n|upkeep\n|turn|4\n|\n|t:|1770602297\n|move|p2a: Sigilyph|Roost|p2a: Sigilyph\n|-heal|p2a: Sigilyph|202/261\n|-singleturn|p2a: Sigilyph|move: Roost\n|move|p1a: Forretress|Gyro Ball|p2a: Sigilyph\n|-damage|p2a: Sigilyph|126/261\n|\n|-heal|p1a: Forretress|31/254|[from] item: Leftovers\n|upkeep\n|turn|5\n|\n|t:|1770602305\n|move|p2a: Sigilyph|Roost|p2a: Sigilyph\n|-heal|p2a: Sigilyph|257/261\n|-singleturn|p2a: Sigilyph|move: Roost\n|move|p1a: Forretress|Gyro Ball|p2a: Sigilyph\n|-damage|p2a: Sigilyph|179/261\n|\n|-heal|p1a: Forretress|46/254|[from] item: Leftovers\n|upkeep\n|turn|6\n|\n|t:|1770602313\n|move|p2a: Sigilyph|Air Slash|p1a: Forretress\n|-damage|p1a: Forretress|0 fnt\n|faint|p1a: Forretress\n|\n|upkeep\n|inactive|Battle timer is ON: inactive players will automatically lose when time's up. (requested by Thechosen_26)\n|\n|t:|1770602337\n|switch|p1a: Silvally|Silvally, L87|307/307\n|turn|7\n|\n|t:|1770602344\n|move|p1a: Silvally|Crunch|p2a: Sigilyph\n|-supereffective|p2a: Sigilyph\n|-damage|p2a: Sigilyph|5/261\n|-damage|p1a: Silvally|277/307|[from] item: Life Orb\n|move|p2a: Sigilyph|Air Slash|p1a: Silvally\n|-damage|p1a: Silvally|81/307\n|\n|upkeep\n|turn|8\n|\n|t:|1770602352\n|move|p1a: Silvally|Return|p2a: Sigilyph\n|-damage|p2a: Sigilyph|0 fnt\n|faint|p2a: Sigilyph\n|-damage|p1a: Silvally|51/307|[from] item: Life Orb\n|\n|upkeep\n|\n|t:|1770602361\n|switch|p2a: Electrode|Electrode, L89|252/252\n|-damage|p2a: Electrode|221/252|[from] Stealth Rock\n|turn|9\n|\n|t:|1770602380\n|switch|p1a: Florges|Florges, L85, F|271/271\n|move|p2a: Electrode|Thunderbolt|p1a: Florges\n|-damage|p1a: Florges|214/271\n|\n|-heal|p1a: Florges|230/271|[from] item: Leftovers\n|upkeep\n|turn|10\n|\n|t:|1770602389\n|switch|p2a: Mawile|Mawile, L78, F|206/206\n|-damage|p2a: Mawile|194/206|[from] Stealth Rock\n|-ability|p2a: Mawile|Intimidate|boost\n|-unboost|p1a: Florges|atk|1\n|move|p1a: Florges|Toxic|p2a: Mawile\n|-immune|p2a: Mawile\n|\n|-heal|p1a: Florges|246/271|[from] item: Leftovers\n|upkeep\n|turn|11\n|\n|t:|1770602406\n|switch|p1a: Drifblim|Drifblim, L85, F|392/392\n|detailschange|p2a: Mawile|Mawile-Mega, L78, F\n|-mega|p2a: Mawile|Mawile|Mawilite\n|move|p2a: Mawile|Play Rough|p1a: Drifblim\n|-damage|p1a: Drifblim|136/392\n|-enditem|p1a: Drifblim|Sitrus Berry|[eat]\n|-heal|p1a: Drifblim|234/392|[from] item: Sitrus Berry\n|\n|upkeep\n|turn|12\n|\n|t:|1770602418\n|switch|p2a: Electrode|Electrode, L89|221/252\n|-damage|p2a: Electrode|190/252|[from] Stealth Rock\n|move|p1a: Drifblim|Substitute|p1a: Drifblim\n|-start|p1a: Drifblim|Substitute\n|-damage|p1a: Drifblim|136/392\n|\n|upkeep\n|turn|13\n|\n|t:|1770602428\n|move|p1a: Drifblim|Will-O-Wisp|p2a: Electrode\n|-status|p2a: Electrode|brn\n|move|p2a: Electrode|Thunderbolt|p1a: Drifblim\n|-supereffective|p1a: Drifblim\n|-end|p1a: Drifblim|Substitute\n|\n|-damage|p2a: Electrode|175/252 brn|[from] brn\n|upkeep\n|turn|14\n|\n|t:|1770602442\n|move|p1a: Drifblim|Hex|p2a: Electrode\n|-damage|p2a: Electrode|43/252 brn\n|move|p2a: Electrode|Thunderbolt|p1a: Drifblim\n|-supereffective|p1a: Drifblim\n|-damage|p1a: Drifblim|0 fnt\n|faint|p1a: Drifblim\n|\n|-damage|p2a: Electrode|28/252 brn|[from] brn\n|upkeep\n|\n|t:|1770602462\n|switch|p1a: Floette|Floette-Eternal, L83, F|259/259\n|turn|15\n|\n|t:|1770602466\n|move|p2a: Electrode|Light Screen|p2a: Electrode\n|-sidestart|p2: Thechosen_26|move: Light Screen\n|move|p1a: Floette|Hidden Power|p2a: Electrode\n|-supereffective|p2a: Electrode\n|-damage|p2a: Electrode|0 fnt\n|faint|p2a: Electrode\n|\n|upkeep\n|\n|t:|1770602471\n|switch|p2a: Mawile|Mawile-Mega, L78, F|194/206\n|-damage|p2a: Mawile|182/206|[from] Stealth Rock\n|turn|16\n|\n|t:|1770602485\n|switch|p1a: Silvally|Silvally, L87|51/307\n|move|p2a: Mawile|Iron Head|p1a: Silvally\n|-damage|p1a: Silvally|0 fnt\n|faint|p1a: Silvally\n|\n|upkeep\n|\n|t:|1770602494\n|switch|p1a: Golem|Golem-Alola, L90, F|290/290\n|turn|17\n|\n|t:|1770602504\n|move|p1a: Golem|Earthquake|p2a: Mawile\n|-supereffective|p2a: Mawile\n|-damage|p2a: Mawile|0 fnt\n|faint|p2a: Mawile\n|detailschange|p2: Mawile|Mawile, L78, F|[silent]\n|\n|upkeep\n|\n|t:|1770602517\n|switch|p2a: Jellicent|Jellicent, L88, F|319/319\n|-damage|p2a: Jellicent|280/319|[from] Stealth Rock\n|turn|18\n|\n|t:|1770602524\n|switch|p1a: Florges|Florges, L85, F|246/271\n|move|p2a: Jellicent|Scald|p1a: Florges\n|-damage|p1a: Florges|191/271\n|\n|-heal|p1a: Florges|207/271|[from] item: Leftovers\n|-heal|p2a: Jellicent|299/319|[from] item: Leftovers\n|upkeep\n|turn|19\n|\n|t:|1770602533\n|move|p1a: Florges|Toxic|p2a: Jellicent\n|-status|p2a: Jellicent|tox\n|move|p2a: Jellicent|Toxic|p1a: Florges\n|-status|p1a: Florges|tox\n|\n|-heal|p1a: Florges|223/271 tox|[from] item: Leftovers\n|-heal|p2a: Jellicent|318/319 tox|[from] item: Leftovers\n|-damage|p1a: Florges|207/271 tox|[from] psn\n|-damage|p2a: Jellicent|299/319 tox|[from] psn\n|upkeep\n|turn|20\n|\n|t:|1770602546\n|move|p1a: Florges|Moonblast|p2a: Jellicent\n|-damage|p2a: Jellicent|254/319 tox\n|move|p2a: Jellicent|Hex|p1a: Florges\n|-damage|p1a: Florges|114/271 tox\n|\n|-heal|p1a: Florges|130/271 tox|[from] item: Leftovers\n|-heal|p2a: Jellicent|273/319 tox|[from] item: Leftovers\n|-damage|p1a: Florges|98/271 tox|[from] psn\n|-damage|p2a: Jellicent|235/319 tox|[from] psn\n|upkeep\n|turn|21\n|\n|t:|1770602562\n|move|p1a: Florges|Protect|p1a: Florges\n|-singleturn|p1a: Florges|Protect\n|move|p2a: Jellicent|Toxic|p1a: Florges\n|-activate|p1a: Florges|move: Protect\n|\n|-heal|p1a: Florges|114/271 tox|[from] item: Leftovers\n|-heal|p2a: Jellicent|254/319 tox|[from] item: Leftovers\n|-damage|p1a: Florges|66/271 tox|[from] psn\n|-damage|p2a: Jellicent|197/319 tox|[from] psn\n|upkeep\n|turn|22\n|\n|t:|1770602572\n|switch|p1a: Floette|Floette-Eternal, L83, F|259/259\n|move|p2a: Jellicent|Scald|p1a: Floette\n|-damage|p1a: Floette|195/259\n|\n|-heal|p2a: Jellicent|216/319 tox|[from] item: Leftovers\n|-damage|p2a: Jellicent|140/319 tox|[from] psn\n|-sideend|p2: Thechosen_26|move: Light Screen\n|upkeep\n|turn|23\n|\n|t:|1770602585\n|move|p1a: Floette|Moonblast|p2a: Jellicent\n|-damage|p2a: Jellicent|47/319 tox\n|move|p2a: Jellicent|Recover|p2a: Jellicent\n|-heal|p2a: Jellicent|207/319 tox\n|\n|-heal|p2a: Jellicent|226/319 tox|[from] item: Leftovers\n|-damage|p2a: Jellicent|131/319 tox|[from] psn\n|upkeep\n|turn|24\n|\n|t:|1770602593\n|move|p1a: Floette|Moonblast|p2a: Jellicent\n|-damage|p2a: Jellicent|31/319 tox\n|move|p2a: Jellicent|Toxic|p1a: Floette|[miss]\n|-miss|p2a: Jellicent|p1a: Floette\n|\n|-heal|p2a: Jellicent|50/319 tox|[from] item: Leftovers\n|-damage|p2a: Jellicent|0 fnt|[from] psn\n|faint|p2a: Jellicent\n|upkeep\n|\n|t:|1770602600\n|switch|p2a: Ursaring|Ursaring, L85, M|292/292\n|-damage|p2a: Ursaring|256/292|[from] Stealth Rock\n|turn|25\n|\n|t:|1770602605\n|move|p1a: Floette|Moonblast|p2a: Ursaring\n|-damage|p2a: Ursaring|127/292\n|move|p2a: Ursaring|Swords Dance|p2a: Ursaring\n|-boost|p2a: Ursaring|atk|2\n|\n|-status|p2a: Ursaring|tox|[from] item: Toxic Orb\n|upkeep\n|turn|26\n|\n|t:|1770602614\n|move|p1a: Floette|Moonblast|p2a: Ursaring\n|-damage|p2a: Ursaring|3/292 tox\n|move|p2a: Ursaring|Facade|p1a: Floette\n|-damage|p1a: Floette|0 fnt\n|faint|p1a: Floette\n|\n|-damage|p2a: Ursaring|0 fnt|[from] psn\n|faint|p2a: Ursaring\n|upkeep\n|\n|t:|1770602625\n|switch|p1a: Golem|Golem-Alola, L90, F|290/290\n|switch|p2a: Zeraora|Zeraora, L77|262/262\n|-damage|p2a: Zeraora|230/262|[from] Stealth Rock\n|turn|27\n|\n|t:|1770602632\n|move|p2a: Zeraora|Bulk Up|p2a: Zeraora\n|-boost|p2a: Zeraora|atk|1\n|-boost|p2a: Zeraora|def|1\n|move|p1a: Golem|Earthquake|p2a: Zeraora\n|-supereffective|p2a: Zeraora\n|-damage|p2a: Zeraora|0 fnt\n|faint|p2a: Zeraora\n|\n|win|w0rld0ftanks\n|raw|w0rld0ftanks's rating: 1500 &rarr; <strong>1526</strong><br />(+26 for winning)\n|raw|Thechosen_26's rating: 1602 &rarr; <strong>1576</strong><br />(-26 for losing)\n|l|☆Thechosen_26\n|player|p2|\n", "inputlog": ">version ccdc32dd7cde25fd9e4bed64820e885f66e78a4e\n>start {\"formatid\":\"gen7randombattle\",\"seed\":\"sodium,b6c314ede509591fbcac3e2fe8b1bf11\",\"rated\":\"Rated battle\"}\n>player p1 {\"name\":\"w0rld0ftanks\",\"avatar\":\"1\",\"rating\":1500,\"seed\":\"sodium,172a9454936d8f8378c3e697c8636cc4\"}\n>player p2 {\"name\":\"Thechosen_26\",\"avatar\":\"170\",\"rating\":1602,\"seed\":\"sodium,31fdbd944699ba382a45dfcb2f865454\"}\n>p1 move stealthrock\n>p2 move calmmind\n>p1 move gyroball\n>p2 move calmmind\n>p1 move gyroball\n>p2 move airslash\n>p1 move gyroball\n>p2 move roost\n>p1 move gyroball\n>p2 move roost\n>p1 move gyroball\n>p2 move airslash\n>p1 switch 4\n>p1 move crunch\n>p2 move airslash\n>p1 move return\n>p2 move airslash\n>p2 switch 3\n>p1 switch 3\n>p2 move thunderbolt\n>p1 move toxic\n>p2 switch 6\n>p1 switch 6\n>p2 move playrough mega\n>p1 move substitute\n>p2 switch 6\n>p1 move willowisp\n>p2 move thunderbolt\n>p1 move hex\n>p2 move thunderbolt\n>p1 switch 5\n>p1 move hiddenpower\n>p2 move lightscreen\n>p2 switch 6\n>p1 switch 3\n>p2 move ironhead\n>p1 switch 2\n>p1 move earthquake\n>p2 move ironhead\n>p2 switch 4\n>p1 switch 6\n>p2 move scald\n>p1 move toxic\n>p2 move toxic\n>p1 move moonblast\n>p2 move hex\n>p1 move protect\n>p2 move toxic\n>p1 switch 3\n>p2 move scald\n>p1 move moonblast\n>p2 move recover\n>p1 move moonblast\n>p2 move toxic\n>p2 switch 5\n>p1 move moonblast\n>p2 move swordsdance\n>p1 move moonblast\n>p2 move facade\n>p1 switch 6\n>p2 switch 2\n>p1 move earthquake\n>p2 move bulkup", "uploadtime": 1770602673, "views": 194, "formatid": "gen7randombattle", "rating": 1526, "private": 0, "password": null}