{"id": "gen7randombattle-2535967349", "format": "[Gen 7] Random Battle", "players": ["Salami Party ♫", "rospo99"], "log": "|j|☆Salami Party ♫\n|j|☆rospo99\n|t:|1770639759\n|gametype|singles\n|player|p1|Salami Party ♫|170|1523\n|player|p2|rospo99|hiker-gen4|1726\n|gen|7\n|tier|[Gen 7] Random Battle\n|rated|\n|rule|Sleep Clause Mod: Limit one foe put to sleep\n|rule|HP Percentage Mod: HP is shown in percentages\n|rule|Illusion Level Mod: Illusion disguises the Pokémon's true level\n|\n|t:|1770639759\n|teamsize|p1|6\n|teamsize|p2|6\n|start\n|switch|p1a: Aromatisse|Aromatisse, L91, M|332/332\n|switch|p2a: Raichu|Raichu, L88, F|249/249\n|turn|1\n|inactive|Battle timer is ON: inactive players will automatically lose when time's up. (requested by rospo99)\n|inactive|rospo99 has 120 seconds left.\n|inactive|rospo99 has 90 seconds left.\n|\n|t:|1770639839\n|move|p2a: Raichu|Nasty Plot|p2a: Raichu\n|-boost|p2a: Raichu|spa|2\n|move|p1a: Aromatisse|Toxic|p2a: Raichu\n|-status|p2a: Raichu|tox\n|\n|-damage|p2a: Raichu|234/249 tox|[from] psn\n|upkeep\n|turn|2\n|\n|t:|1770639849\n|move|p1a: Aromatisse|Protect|p1a: Aromatisse\n|-singleturn|p1a: Aromatisse|Protect\n|move|p2a: Raichu|Encore|p1a: Aromatisse\n|-activate|p1a: Aromatisse|move: Protect\n|\n|-damage|p2a: Raichu|204/249 tox|[from] psn\n|upkeep\n|turn|3\n|\n|t:|1770639856\n|move|p2a: Raichu|Encore|p1a: Aromatisse\n|-block|p1a: Aromatisse|ability: Aroma Veil|[of] p1a: Aromatisse\n|move|p1a: Aromatisse|Moonblast|p2a: Raichu\n|-damage|p2a: Raichu|87/249 tox\n|-unboost|p2a: Raichu|spa|1\n|\n|-damage|p2a: Raichu|42/249 tox|[from] psn\n|upkeep\n|turn|4\n|\n|t:|1770639861\n|move|p1a: Aromatisse|Protect|p1a: Aromatisse\n|-singleturn|p1a: Aromatisse|Protect\n|move|p2a: Raichu|Thunderbolt|p1a: Aromatisse\n|-activate|p1a: Aromatisse|move: Protect\n|\n|-damage|p2a: Raichu|0 fnt|[from] psn\n|faint|p2a: Raichu\n|upkeep\n|inactive|rospo99 has 120 seconds left.\n|inactive|rospo99 has 90 seconds left.\n|\n|t:|1770639925\n|switch|p2a: Cherrim|Cherrim, L99, M|299/299\n|turn|5\n|inactive|Salami Party ♫ has 120 seconds left.\n|\n|t:|1770639961\n|move|p2a: Cherrim|Toxic|p1a: Aromatisse|[miss]\n|-miss|p2a: Cherrim|p1a: Aromatisse\n|move|p1a: Aromatisse|Toxic|p2a: Cherrim\n|-status|p2a: Cherrim|tox\n|\n|-damage|p2a: Cherrim|281/299 tox|[from] psn\n|upkeep\n|turn|6\n|inactive|Salami Party ♫ has 120 seconds left.\n|\n|t:|1770639968\n|switch|p1a: Nidoking|Nidoking, L82, M|267/267\n|move|p2a: Cherrim|Aromatherapy|p2a: Cherrim\n|-activate|p2a: Cherrim|move: Aromatherapy\n|-curestatus|p2a: Cherrim|tox|[msg]\n|\n|-heal|p2a: Cherrim|299/299|[from] item: Leftovers\n|upkeep\n|turn|7\n|\n|t:|1770639982\n|switch|p2a: Bruxish|Bruxish, L85, F|254/254\n|move|p1a: Nidoking|Substitute|p1a: Nidoking\n|-start|p1a: Nidoking|Substitute\n|-damage|p1a: Nidoking|201/267\n|\n|upkeep\n|turn|8\n|inactive|Salami Party ♫ has 120 seconds left.\n|\n|t:|1770640012\n|move|p2a: Bruxish|Liquidation|p1a: Nidoking\n|-supereffective|p1a: Nidoking\n|-end|p1a: Nidoking|Substitute\n|-damage|p2a: Bruxish|229/254|[from] item: Life Orb\n|move|p1a: Nidoking|Poison Jab|p2a: Bruxish\n|-damage|p2a: Bruxish|50/254\n|\n|upkeep\n|turn|9\n|\n|t:|1770640033\n|switch|p1a: Doublade|Doublade, L85, F|239/239\n|move|p2a: Bruxish|Psychic Fangs|p1a: Doublade\n|-resisted|p1a: Doublade\n|-damage|p1a: Doublade|196/239\n|-damage|p2a: Bruxish|25/254|[from] item: Life Orb\n|\n|upkeep\n|turn|10\n|inactive|rospo99 has 120 seconds left.\n|\n|t:|1770640046\n|switch|p2a: Charizard|Charizard, L76, M|243/243\n|move|p1a: Doublade|Swords Dance|p1a: Doublade\n|-boost|p1a: Doublade|atk|2\n|\n|upkeep\n|turn|11\n|inactive|rospo99 has 120 seconds left.\n|inactive|Salami Party ♫ has 90 seconds left.\n|\n|t:|1770640067\n|switch|p1a: Azumarill|Azumarill, L81, M|295/295\n|detailschange|p2a: Charizard|Charizard-Mega-Y, L76, M\n|-mega|p2a: Charizard|Charizard|Charizardite Y\n|-weather|SunnyDay|[from] ability: Drought|[of] p2a: Charizard\n|move|p2a: Charizard|Fire Blast|p1a: Azumarill|[miss]\n|-miss|p2a: Charizard|p1a: Azumarill\n|\n|-weather|SunnyDay|[upkeep]\n|upkeep\n|turn|12\n|\n|t:|1770640075\n|move|p2a: Charizard|Solar Beam||[still]\n|-prepare|p2a: Charizard|Solar Beam\n|-anim|p2a: Charizard|Solar Beam|p1a: Azumarill\n|-supereffective|p1a: Azumarill\n|-damage|p1a: Azumarill|75/295\n|move|p1a: Azumarill|Liquidation|p2a: Charizard\n|-supereffective|p2a: Charizard\n|-damage|p2a: Charizard|43/243\n|\n|-weather|SunnyDay|[upkeep]\n|upkeep\n|turn|13\n|\n|t:|1770640085\n|move|p2a: Charizard|Fire Blast|p1a: Azumarill\n|-resisted|p1a: Azumarill\n|-damage|p1a: Azumarill|0 fnt\n|faint|p1a: Azumarill\n|\n|-weather|SunnyDay|[upkeep]\n|upkeep\n|inactive|Salami Party ♫ has 90 seconds left.\n|\n|t:|1770640106\n|switch|p1a: Doublade|Doublade, L85, F|196/239\n|turn|14\n|\n|t:|1770640119\n|move|p1a: Doublade|Shadow Sneak|p2a: Charizard\n|-damage|p2a: Charizard|0 fnt\n|faint|p2a: Charizard\n|detailschange|p2: Charizard|Charizard, L76, M|[silent]\n|\n|-weather|SunnyDay|[upkeep]\n|upkeep\n|\n|t:|1770640135\n|switch|p2a: Zebstrika|Zebstrika, L88, F|275/275\n|turn|15\n|\n|t:|1770640150\n|switch|p1a: Aromatisse|Aromatisse, L91, M|332/332\n|move|p2a: Zebstrika|Overheat|p1a: Aromatisse|[miss]\n|-miss|p2a: Zebstrika|p1a: Aromatisse\n|\n|-weather|none\n|upkeep\n|turn|16\n|\n|t:|1770640158\n|switch|p2a: Cherrim|Cherrim, L99, M|299/299\n|move|p1a: Aromatisse|Moonblast|p2a: Cherrim\n|-damage|p2a: Cherrim|179/299\n|\n|-heal|p2a: Cherrim|197/299|[from] item: Leftovers\n|upkeep\n|turn|17\n|\n|t:|1770640172\n|switch|p1a: Nidoking|Nidoking, L82, M|201/267\n|move|p2a: Cherrim|Energy Ball|p1a: Nidoking\n|-damage|p1a: Nidoking|57/267\n|\n|-heal|p2a: Cherrim|215/299|[from] item: Leftovers\n|upkeep\n|turn|18\n|\n|t:|1770640181\n|move|p2a: Cherrim|Energy Ball|p1a: Nidoking\n|-damage|p1a: Nidoking|0 fnt\n|faint|p1a: Nidoking\n|\n|-heal|p2a: Cherrim|233/299|[from] item: Leftovers\n|upkeep\n|\n|t:|1770640184\n|switch|p1a: Articuno|Articuno, L85|291/291\n|-ability|p1a: Articuno|Pressure\n|turn|19\n|inactive|Salami Party ♫ has 120 seconds left.\n|\n|t:|1770640202\n|switch|p2a: Bruxish|Bruxish, L85, F|25/254\n|move|p1a: Articuno|Freeze-Dry|p2a: Bruxish\n|-supereffective|p2a: Bruxish\n|-damage|p2a: Bruxish|0 fnt\n|faint|p2a: Bruxish\n|\n|upkeep\n|\n|t:|1770640207\n|switch|p2a: Zebstrika|Zebstrika, L88, F|275/275\n|turn|20\n|inactive|Salami Party ♫ has 120 seconds left.\n|\n|t:|1770640219\n|switch|p1a: Aromatisse|Aromatisse, L91, M|332/332\n|move|p2a: Zebstrika|Thunderbolt|p1a: Aromatisse\n|-damage|p1a: Aromatisse|212/332\n|\n|-heal|p1a: Aromatisse|232/332|[from] item: Leftovers\n|upkeep\n|turn|21\n|\n|t:|1770640227\n|switch|p2a: Cherrim|Cherrim, L99, M|233/299\n|move|p1a: Aromatisse|Moonblast|p2a: Cherrim\n|-damage|p2a: Cherrim|131/299\n|-unboost|p2a: Cherrim|spa|1\n|\n|-heal|p2a: Cherrim|149/299|[from] item: Leftovers\n|-heal|p1a: Aromatisse|252/332|[from] item: Leftovers\n|upkeep\n|turn|22\n|inactive|Salami Party ♫ has 120 seconds left.\n|\n|t:|1770640249\n|move|p2a: Cherrim|Morning Sun|p2a: Cherrim\n|-heal|p2a: Cherrim|298/299\n|move|p1a: Aromatisse|Moonblast|p2a: Cherrim\n|-crit|p2a: Cherrim\n|-damage|p2a: Cherrim|141/299\n|\n|-heal|p2a: Cherrim|159/299|[from] item: Leftovers\n|-heal|p1a: Aromatisse|272/332|[from] item: Leftovers\n|upkeep\n|turn|23\n|\n|t:|1770640257\n|move|p2a: Cherrim|Toxic|p1a: Aromatisse\n|-status|p1a: Aromatisse|tox\n|move|p1a: Aromatisse|Toxic|p2a: Cherrim\n|-status|p2a: Cherrim|tox\n|\n|-heal|p2a: Cherrim|177/299 tox|[from] item: Leftovers\n|-heal|p1a: Aromatisse|292/332 tox|[from] item: Leftovers\n|-damage|p2a: Cherrim|159/299 tox|[from] psn\n|-damage|p1a: Aromatisse|272/332 tox|[from] psn\n|upkeep\n|turn|24\n|\n|t:|1770640265\n|switch|p1a: Articuno|Articuno, L85|291/291\n|-ability|p1a: Articuno|Pressure\n|move|p2a: Cherrim|Aromatherapy|p2a: Cherrim\n|-activate|p2a: Cherrim|move: Aromatherapy\n|-curestatus|p2a: Cherrim|tox|[msg]\n|\n|-heal|p2a: Cherrim|177/299|[from] item: Leftovers\n|upkeep\n|turn|25\n|\n|t:|1770640272\n|switch|p2a: Zebstrika|Zebstrika, L88, F|275/275\n|move|p1a: Articuno|Freeze-Dry|p2a: Zebstrika\n|-damage|p2a: Zebstrika|179/275\n|\n|upkeep\n|turn|26\n|inactive|Salami Party ♫ has 120 seconds left.\n|\n|t:|1770640331\n|switch|p1a: Aromatisse|Aromatisse, L91, M|272/332 tox\n|move|p2a: Zebstrika|Volt Switch|p1a: Aromatisse\n|-damage|p1a: Aromatisse|181/332 tox\n|\n|t:|1770640342\n|switch|p2a: Sunflora|Sunflora, F|312/312|[from] Volt Switch\n|\n|-heal|p1a: Aromatisse|201/332 tox|[from] item: Leftovers\n|-damage|p1a: Aromatisse|181/332 tox|[from] psn\n|upkeep\n|turn|27\n|\n|t:|1770640350\n|move|p2a: Sunflora|Sludge Bomb|p1a: Aromatisse\n|-supereffective|p1a: Aromatisse\n|-damage|p1a: Aromatisse|0 fnt\n|faint|p1a: Aromatisse\n|\n|upkeep\n|\n|t:|1770640355\n|switch|p1a: Articuno|Articuno, L85|291/291\n|-ability|p1a: Articuno|Pressure\n|turn|28\n|\n|t:|1770640363\n|move|p1a: Articuno|Freeze-Dry|p2a: Sunflora\n|-supereffective|p2a: Sunflora\n|-damage|p2a: Sunflora|172/312\n|move|p2a: Sunflora|Sludge Bomb|p1a: Articuno\n|-damage|p1a: Articuno|179/291\n|-status|p1a: Articuno|psn\n|\n|-heal|p1a: Articuno|197/291 psn|[from] item: Leftovers\n|-damage|p1a: Articuno|161/291 psn|[from] psn\n|upkeep\n|turn|29\n|\n|t:|1770640373\n|move|p1a: Articuno|Roost|p1a: Articuno\n|-heal|p1a: Articuno|291/291 psn\n|-singleturn|p1a: Articuno|move: Roost\n|move|p2a: Sunflora|Sludge Bomb|p1a: Articuno\n|-damage|p1a: Articuno|183/291 psn\n|\n|-heal|p1a: Articuno|201/291 psn|[from] item: Leftovers\n|-damage|p1a: Articuno|165/291 psn|[from] psn\n|upkeep\n|turn|30\n|inactive|Salami Party ♫ has 120 seconds left.\n|\n|t:|1770640380\n|move|p1a: Articuno|Freeze-Dry|p2a: Sunflora\n|-supereffective|p2a: Sunflora\n|-damage|p2a: Sunflora|32/312\n|move|p2a: Sunflora|Sludge Bomb|p1a: Articuno\n|-damage|p1a: Articuno|57/291 psn\n|\n|-heal|p1a: Articuno|75/291 psn|[from] item: Leftovers\n|-damage|p1a: Articuno|39/291 psn|[from] psn\n|upkeep\n|turn|31\n|\n|t:|1770640385\n|switch|p2a: Zebstrika|Zebstrika, L88, F|179/275\n|move|p1a: Articuno|Roost|p1a: Articuno\n|-heal|p1a: Articuno|185/291 psn\n|-singleturn|p1a: Articuno|move: Roost\n|\n|-heal|p1a: Articuno|203/291 psn|[from] item: Leftovers\n|-damage|p1a: Articuno|167/291 psn|[from] psn\n|upkeep\n|turn|32\n|\n|t:|1770640393\n|switch|p1a: Doublade|Doublade, L85, F|196/239\n|move|p2a: Zebstrika|Thunderbolt|p1a: Doublade\n|-damage|p1a: Doublade|57/239\n|-status|p1a: Doublade|par\n|\n|upkeep\n|turn|33\n|\n|t:|1770640417\n|switch|p2a: Cherrim|Cherrim, L99, M|177/299\n|move|p1a: Doublade|Shadow Sneak|p2a: Cherrim\n|-damage|p2a: Cherrim|129/299\n|\n|-heal|p2a: Cherrim|147/299|[from] item: Leftovers\n|upkeep\n|turn|34\n|\n|t:|1770640427\n|move|p2a: Cherrim|Morning Sun|p2a: Cherrim\n|-heal|p2a: Cherrim|296/299\n|move|p1a: Doublade|Iron Head|p2a: Cherrim\n|-damage|p2a: Cherrim|193/299\n|\n|-heal|p2a: Cherrim|211/299|[from] item: Leftovers\n|upkeep\n|turn|35\n|\n|t:|1770640433\n|move|p2a: Cherrim|Energy Ball|p1a: Doublade\n|-resisted|p1a: Doublade\n|-damage|p1a: Doublade|0 fnt\n|faint|p1a: Doublade\n|\n|-heal|p2a: Cherrim|229/299|[from] item: Leftovers\n|upkeep\n|\n|t:|1770640441\n|switch|p1a: Articuno|Articuno, L85|167/291 psn\n|-ability|p1a: Articuno|Pressure\n|turn|36\n|\n|t:|1770640449\n|switch|p2a: Sunflora|Sunflora, F|32/312\n|move|p1a: Articuno|Roost|p1a: Articuno\n|-heal|p1a: Articuno|291/291 psn\n|-singleturn|p1a: Articuno|move: Roost\n|\n|-damage|p1a: Articuno|255/291 psn|[from] psn\n|upkeep\n|turn|37\n|\n|t:|1770640459\n|move|p1a: Articuno|Freeze-Dry|p2a: Sunflora\n|-supereffective|p2a: Sunflora\n|-damage|p2a: Sunflora|0 fnt\n|faint|p2a: Sunflora\n|\n|-heal|p1a: Articuno|273/291 psn|[from] item: Leftovers\n|-damage|p1a: Articuno|237/291 psn|[from] psn\n|upkeep\n|\n|t:|1770640462\n|switch|p2a: Zebstrika|Zebstrika, L88, F|179/275\n|turn|38\n|\n|t:|1770640484\n|switch|p1a: Bellossom|Bellossom, L88, M|275/275\n|move|p2a: Zebstrika|Thunderbolt|p1a: Bellossom\n|-resisted|p1a: Bellossom\n|-damage|p1a: Bellossom|214/275\n|\n|upkeep\n|turn|39\n|\n|t:|1770640490\n|switch|p2a: Cherrim|Cherrim, L99, M|229/299\n|move|p1a: Bellossom|Quiver Dance|p1a: Bellossom\n|-boost|p1a: Bellossom|spa|1\n|-boost|p1a: Bellossom|spd|1\n|-boost|p1a: Bellossom|spe|1\n|\n|-heal|p2a: Cherrim|247/299|[from] item: Leftovers\n|upkeep\n|turn|40\n|\n|t:|1770640497\n|move|p2a: Cherrim|Toxic|p1a: Bellossom\n|-status|p1a: Bellossom|tox\n|move|p1a: Bellossom|Quiver Dance|p1a: Bellossom\n|-boost|p1a: Bellossom|spa|1\n|-boost|p1a: Bellossom|spd|1\n|-boost|p1a: Bellossom|spe|1\n|\n|-heal|p2a: Cherrim|265/299|[from] item: Leftovers\n|-damage|p1a: Bellossom|197/275 tox|[from] psn\n|upkeep\n|turn|41\n|\n|t:|1770640505\n|-zpower|p1a: Bellossom\n|move|p1a: Bellossom|Bloom Doom|p2a: Cherrim|[zeffect]\n|-resisted|p2a: Cherrim\n|-damage|p2a: Cherrim|119/299\n|move|p2a: Cherrim|Morning Sun|p2a: Cherrim\n|-heal|p2a: Cherrim|268/299\n|\n|-heal|p2a: Cherrim|286/299|[from] item: Leftovers\n|-damage|p1a: Bellossom|163/275 tox|[from] psn\n|upkeep\n|turn|42\n|\n|t:|1770640519\n|move|p1a: Bellossom|Quiver Dance|p1a: Bellossom\n|-boost|p1a: Bellossom|spa|1\n|-boost|p1a: Bellossom|spd|1\n|-boost|p1a: Bellossom|spe|1\n|move|p2a: Cherrim|Energy Ball|p1a: Bellossom\n|-resisted|p1a: Bellossom\n|-damage|p1a: Bellossom|144/275 tox\n|\n|-heal|p2a: Cherrim|299/299|[from] item: Leftovers\n|-damage|p1a: Bellossom|93/275 tox|[from] psn\n|upkeep\n|turn|43\n|\n|t:|1770640525\n|move|p1a: Bellossom|Giga Drain|p2a: Cherrim\n|-resisted|p2a: Cherrim\n|-damage|p2a: Cherrim|207/299\n|-heal|p1a: Bellossom|139/275 tox|[from] drain|[of] p2a: Cherrim\n|move|p2a: Cherrim|Morning Sun|p2a: Cherrim\n|-heal|p2a: Cherrim|299/299\n|\n|-damage|p1a: Bellossom|71/275 tox|[from] psn\n|upkeep\n|turn|44\n|\n|t:|1770640537\n|move|p1a: Bellossom|Quiver Dance|p1a: Bellossom\n|-boost|p1a: Bellossom|spa|1\n|-boost|p1a: Bellossom|spd|1\n|-boost|p1a: Bellossom|spe|1\n|move|p2a: Cherrim|Energy Ball|p1a: Bellossom\n|-resisted|p1a: Bellossom\n|-damage|p1a: Bellossom|53/275 tox\n|\n|-damage|p1a: Bellossom|0 fnt|[from] psn\n|faint|p1a: Bellossom\n|upkeep\n|\n|t:|1770640539\n|switch|p1a: Articuno|Articuno, L85|237/291 psn\n|-ability|p1a: Articuno|Pressure\n|turn|45\n|\n|t:|1770640551\n|move|p2a: Cherrim|Energy Ball|p1a: Articuno\n|-resisted|p1a: Articuno\n|-damage|p1a: Articuno|192/291 psn\n|move|p1a: Articuno|Freeze-Dry|p2a: Cherrim\n|-supereffective|p2a: Cherrim\n|-damage|p2a: Cherrim|153/299\n|\n|-heal|p2a: Cherrim|171/299|[from] item: Leftovers\n|-heal|p1a: Articuno|210/291 psn|[from] item: Leftovers\n|-damage|p1a: Articuno|174/291 psn|[from] psn\n|upkeep\n|turn|46\n|\n|t:|1770640561\n|move|p2a: Cherrim|Energy Ball|p1a: Articuno\n|-resisted|p1a: Articuno\n|-crit|p1a: Articuno\n|-damage|p1a: Articuno|101/291 psn\n|-unboost|p1a: Articuno|spd|1\n|move|p1a: Articuno|Roost|p1a: Articuno\n|-heal|p1a: Articuno|247/291 psn\n|-singleturn|p1a: Articuno|move: Roost\n|\n|-heal|p2a: Cherrim|189/299|[from] item: Leftovers\n|-heal|p1a: Articuno|265/291 psn|[from] item: Leftovers\n|-damage|p1a: Articuno|229/291 psn|[from] psn\n|upkeep\n|turn|47\n|\n|t:|1770640569\n|move|p2a: Cherrim|Energy Ball|p1a: Articuno\n|-resisted|p1a: Articuno\n|-damage|p1a: Articuno|158/291 psn\n|move|p1a: Articuno|Freeze-Dry|p2a: Cherrim\n|-supereffective|p2a: Cherrim\n|-damage|p2a: Cherrim|45/299\n|\n|-heal|p2a: Cherrim|63/299|[from] item: Leftovers\n|-heal|p1a: Articuno|176/291 psn|[from] item: Leftovers\n|-damage|p1a: Articuno|140/291 psn|[from] psn\n|upkeep\n|turn|48\n|\n|t:|1770640576\n|move|p2a: Cherrim|Energy Ball|p1a: Articuno\n|-resisted|p1a: Articuno\n|-damage|p1a: Articuno|69/291 psn\n|move|p1a: Articuno|Roost|p1a: Articuno\n|-heal|p1a: Articuno|215/291 psn\n|-singleturn|p1a: Articuno|move: Roost\n|\n|-heal|p2a: Cherrim|81/299|[from] item: Leftovers\n|-heal|p1a: Articuno|233/291 psn|[from] item: Leftovers\n|-damage|p1a: Articuno|197/291 psn|[from] psn\n|upkeep\n|turn|49\n|\n|t:|1770640585\n|move|p2a: Cherrim|Energy Ball|p1a: Articuno\n|-resisted|p1a: Articuno\n|-damage|p1a: Articuno|125/291 psn\n|move|p1a: Articuno|Roost|p1a: Articuno\n|-heal|p1a: Articuno|271/291 psn\n|-singleturn|p1a: Articuno|move: Roost\n|\n|-heal|p2a: Cherrim|99/299|[from] item: Leftovers\n|-heal|p1a: Articuno|289/291 psn|[from] item: Leftovers\n|-damage|p1a: Articuno|253/291 psn|[from] psn\n|upkeep\n|turn|50\n|\n|t:|1770640595\n|move|p2a: Cherrim|Morning Sun|p2a: Cherrim\n|-heal|p2a: Cherrim|248/299\n|move|p1a: Articuno|Freeze-Dry|p2a: Cherrim\n|-supereffective|p2a: Cherrim\n|-crit|p2a: Cherrim\n|-damage|p2a: Cherrim|38/299\n|\n|-heal|p2a: Cherrim|56/299|[from] item: Leftovers\n|-heal|p1a: Articuno|271/291 psn|[from] item: Leftovers\n|-damage|p1a: Articuno|235/291 psn|[from] psn\n|upkeep\n|turn|51\n|\n|t:|1770640604\n|move|p2a: Cherrim|Energy Ball|p1a: Articuno\n|-resisted|p1a: Articuno\n|-damage|p1a: Articuno|172/291 psn\n|move|p1a: Articuno|Freeze-Dry|p2a: Cherrim\n|-supereffective|p2a: Cherrim\n|-damage|p2a: Cherrim|0 fnt\n|faint|p2a: Cherrim\n|\n|-heal|p1a: Articuno|190/291 psn|[from] item: Leftovers\n|-damage|p1a: Articuno|154/291 psn|[from] psn\n|upkeep\n|\n|t:|1770640609\n|switch|p2a: Zebstrika|Zebstrika, L88, F|179/275\n|turn|52\n|\n|t:|1770640612\n|move|p2a: Zebstrika|Thunderbolt|p1a: Articuno\n|-supereffective|p1a: Articuno\n|-damage|p1a: Articuno|0 fnt\n|faint|p1a: Articuno\n|\n|win|rospo99\n|raw|Salami Party ♫'s rating: 1523 &rarr; <strong>1514</strong><br />(-9 for losing)\n|raw|rospo99's rating: 1726 &rarr; <strong>1735</strong><br />(+9 for winning)\n|c|☆Salami Party ♫|gg mate\n|l|☆Salami Party ♫\n|player|p1|\n", "inputlog": ">version ccdc32dd7cde25fd9e4bed64820e885f66e78a4e\n>start {\"formatid\":\"gen7randombattle\",\"seed\":\"sodium,d71813701733f0cdb772e596b98c9b32\",\"rated\":\"Rated battle\"}\n>player p1 {\"name\":\"Salami Party ♫\",\"avatar\":\"170\",\"rating\":1523,\"seed\":\"sodium,3300b5be1e5be01f959b673541aded96\"}\n>player p2 {\"name\":\"rospo99\",\"avatar\":\"hiker-gen4\",\"rating\":1726,\"seed\":\"sodium,739a4d52807f07e5eb8174ce753ad9a9\"}\n>p1 move toxic\n>p2 move nastyplot\n>p1 move protect\n>p2 move encore\n>p1 move moonblast\n>p2 move encore\n>p1 move protect\n>p2 move thunderbolt\n>p2 switch 5\n>p1 move toxic\n>p2 move toxic\n>p1 switch 3\n>p2 move aromatherapy\n>p1 move substitute\n>p2 switch 6\n>p1 move poisonjab\n>p2 move liquidation\n>p1 switch 2\n>p2 move psychicfangs\n>p1 move swordsdance\n>p2 switch 4\n>p1 switch 4\n>p2 move fireblast mega\n>p1 move liquidation\n>p2 move solarbeam\n>p1 move liquidation\n>p2 move fireblast\n>p1 switch 4\n>p1 move shadowsneak\n>p2 move fireblast\n>p2 switch 2\n>p1 switch 3\n>p2 move overheat\n>p1 move moonblast\n>p2 switch 6\n>p1 switch 2\n>p2 move energyball\n>p1 move poisonjab\n>p2 move energyball\n>p1 switch 6\n>p1 move freezedry\n>p2 switch 4\n>p2 switch 6\n>p1 switch 2\n>p2 move thunderbolt\n>p1 move moonblast\n>p2 switch 4\n>p1 move moonblast\n>p2 move morningsun\n>p1 move toxic\n>p2 move toxic\n>p1 switch 2\n>p2 move aromatherapy\n>p1 move freezedry\n>p2 switch 4\n>p1 switch 2\n>p2 move voltswitch\n>p2 switch 3\n>p1 move toxic\n>p2 move sludgebomb\n>p1 switch 2\n>p1 move freezedry\n>p2 move sludgebomb\n>p1 move roost\n>p2 move sludgebomb\n>p1 move freezedry\n>p2 move sludgebomb\n>p1 move roost\n>p2 switch 3\n>p1 switch 3\n>p2 move thunderbolt\n>p1 move shadowsneak\n>p2 switch 4\n>p1 move ironhead\n>p2 move morningsun\n>p1 move ironhead\n>p2 move energyball\n>p1 switch 3\n>p1 move roost\n>p2 switch 3\n>p1 move freezedry\n>p2 move sludgebomb\n>p2 switch 4\n>p1 switch 5\n>p2 move thunderbolt\n>p1 move quiverdance\n>p2 switch 3\n>p1 move quiverdance\n>p2 move toxic\n>p1 move gigadrain zmove\n>p2 move morningsun\n>p1 move quiverdance\n>p2 move energyball\n>p1 move gigadrain\n>p2 move morningsun\n>p1 move quiverdance\n>p2 move energyball\n>p1 switch 5\n>p1 move freezedry\n>p2 move energyball\n>p1 move roost\n>p2 move energyball\n>p1 move freezedry\n>p2 move energyball\n>p1 move roost\n>p2 move energyball\n>p1 move roost\n>p2 move energyball\n>p1 move freezedry\n>p2 move morningsun\n>p1 move freezedry\n>p2 move energyball\n>p2 switch 3\n>p1 move freezedry\n>p2 move thunderbolt", "uploadtime": 1770640617, "views": 183, "formatid": "gen7randombattle", "rating": 1514, "private": 0, "password": null}