{"id": "gen7randombattle-2529287958", "format": "[Gen 7] Random Battle", "players": ["ShubhS98", "Johnald714"], "log": "|j|☆ShubhS98\n|j|☆Johnald714\n|t:|1769767830\n|gametype|singles\n|player|p1|ShubhS98|169|1524\n|player|p2|Johnald714|266|1560\n|gen|7\n|tier|[Gen 7] Random Battle\n|rated|\n|rule|Sleep Clause Mod: Limit one foe put to sleep\n|rule|HP Percentage Mod: HP is shown in percentages\n|rule|Illusion Level Mod: Illusion disguises the Pokémon's true level\n|\n|t:|1769767830\n|teamsize|p1|6\n|teamsize|p2|6\n|start\n|switch|p1a: Furret|Furret, L94, F|312/312\n|switch|p2a: Illumise|Illumise, L92, F|269/269\n|-item|p2a: Illumise|Leftovers|[from] ability: Frisk|[of] p1a: Furret\n|turn|1\n|\n|t:|1769767849\n|move|p2a: Illumise|Thunder Wave|p1a: Furret\n|-status|p1a: Furret|par\n|move|p1a: Furret|Double-Edge|p2a: Illumise\n|-damage|p2a: Illumise|83/269\n|-damage|p1a: Furret|251/312 par|[from] Recoil\n|\n|-heal|p2a: Illumise|99/269|[from] item: Leftovers\n|upkeep\n|turn|2\n|\n|t:|1769767857\n|switch|p2a: Excadrill|Excadrill, L81, M|311/311\n|-ability|p2a: Excadrill|Mold Breaker\n|cant|p1a: Furret|par\n|\n|upkeep\n|turn|3\n|\n|t:|1769767872\n|switch|p1a: Serperior|Serperior, L80, F|251/251\n|move|p2a: Excadrill|Earthquake|p1a: Serperior\n|-resisted|p1a: Serperior\n|-damage|p1a: Serperior|165/251\n|-damage|p2a: Excadrill|280/311|[from] item: Life Orb\n|\n|upkeep\n|turn|4\n|\n|t:|1769767885\n|move|p1a: Serperior|Leaf Storm|p2a: Excadrill\n|-damage|p2a: Excadrill|92/311\n|-boost|p1a: Serperior|spa|2\n|-damage|p1a: Serperior|140/251|[from] item: Life Orb\n|move|p2a: Excadrill|Iron Head|p1a: Serperior\n|-crit|p1a: Serperior\n|-damage|p1a: Serperior|0 fnt\n|faint|p1a: Serperior\n|-damage|p2a: Excadrill|61/311|[from] item: Life Orb\n|\n|upkeep\n|\n|t:|1769767907\n|switch|p1a: Floette|Floette-Eternal, L83, F|259/259\n|turn|5\n|\n|t:|1769767911\n|move|p1a: Floette|Moonblast|p2a: Excadrill\n|-resisted|p2a: Excadrill\n|-damage|p2a: Excadrill|0 fnt\n|faint|p2a: Excadrill\n|\n|upkeep\n|\n|t:|1769767915\n|switch|p2a: Weezing|Weezing, L87, M|255/255\n|turn|6\n|\n|t:|1769767922\n|switch|p1a: Kricketune|Kricketune, L97, M|306/306\n|move|p2a: Weezing|Toxic Spikes|p1a: Kricketune\n|-sidestart|p1: ShubhS98|move: Toxic Spikes\n|\n|upkeep\n|turn|7\n|\n|t:|1769767929\n|move|p1a: Kricketune|Sticky Web|p2a: Weezing\n|-sidestart|p2: Johnald714|move: Sticky Web\n|move|p2a: Weezing|Fire Blast|p1a: Kricketune\n|-supereffective|p1a: Kricketune\n|-damage|p1a: Kricketune|122/306\n|\n|-heal|p1a: Kricketune|141/306|[from] item: Leftovers\n|upkeep\n|turn|8\n|\n|t:|1769767938\n|move|p1a: Kricketune|Knock Off|p2a: Weezing\n|-damage|p2a: Weezing|192/255\n|-enditem|p2a: Weezing|Black Sludge|[from] move: Knock Off|[of] p1a: Kricketune\n|move|p2a: Weezing|Fire Blast|p1a: Kricketune\n|-supereffective|p1a: Kricketune\n|-damage|p1a: Kricketune|0 fnt\n|faint|p1a: Kricketune\n|\n|upkeep\n|\n|t:|1769767947\n|switch|p1a: Venusaur|Venusaur, L78, M|253/253\n|-sideend|p1: ShubhS98|move: Toxic Spikes|[of] p1a: Venusaur\n|turn|9\n|\n|t:|1769767955\n|detailschange|p1a: Venusaur|Venusaur-Mega, L78, M\n|-mega|p1a: Venusaur|Venusaur|Venusaurite\n|move|p1a: Venusaur|Sludge Bomb|p2a: Weezing\n|-resisted|p2a: Weezing\n|-damage|p2a: Weezing|138/255\n|move|p2a: Weezing|Toxic Spikes|p1a: Venusaur\n|-sidestart|p1: ShubhS98|move: Toxic Spikes\n|\n|upkeep\n|turn|10\n|\n|t:|1769767981\n|switch|p1a: Furret|Furret, L94, F|251/312 par\n|move|p2a: Weezing|Pain Split|p1a: Furret\n|-sethp|p1a: Furret|194/312 par|[from] move: Pain Split|[silent]\n|-sethp|p2a: Weezing|194/255|[from] move: Pain Split\n|\n|upkeep\n|turn|11\n|\n|t:|1769768010\n|switch|p2a: Guzzlord|Guzzlord, L86|524/524\n|-activate|p2a: Guzzlord|move: Sticky Web\n|-unboost|p2a: Guzzlord|spe|1\n|move|p1a: Furret|Double-Edge|p2a: Guzzlord\n|-damage|p2a: Guzzlord|254/524\n|-damage|p1a: Furret|105/312 par|[from] Recoil\n|\n|upkeep\n|turn|12\n|\n|t:|1769768031\n|move|p1a: Furret|Double-Edge|p2a: Guzzlord\n|-damage|p2a: Guzzlord|0 fnt\n|faint|p2a: Guzzlord\n|-damage|p1a: Furret|21/312 par|[from] Recoil\n|\n|upkeep\n|\n|t:|1769768048\n|switch|p2a: Illumise|Illumise, L92, F|99/269\n|-activate|p2a: Illumise|move: Sticky Web\n|-unboost|p2a: Illumise|spe|1\n|turn|13\n|\n|t:|1769768062\n|move|p2a: Illumise|Bug Buzz|p1a: Furret\n|-damage|p1a: Furret|0 fnt\n|faint|p1a: Furret\n|\n|-heal|p2a: Illumise|115/269|[from] item: Leftovers\n|upkeep\n|\n|t:|1769768070\n|switch|p1a: Venusaur|Venusaur-Mega, L78, M|253/253\n|-sideend|p1: ShubhS98|move: Toxic Spikes|[of] p1a: Venusaur\n|turn|14\n|l|☆Johnald714\n|player|p2|\n|inactive|Battle timer is ON: inactive players will automatically lose when time's up. (requested by ShubhS98)\n|j|☆Johnald714\n|inactive|Johnald714 reconnected and has 135 seconds left.\n|player|p2|Johnald714|266|\n|\n|t:|1769768144\n|move|p2a: Illumise|Thunder Wave|p1a: Venusaur\n|-status|p1a: Venusaur|par\n|move|p1a: Venusaur|Sludge Bomb|p2a: Illumise\n|-damage|p2a: Illumise|28/269\n|\n|-heal|p2a: Illumise|44/269|[from] item: Leftovers\n|upkeep\n|turn|15\n|\n|t:|1769768154\n|switch|p2a: Walrein|Walrein, L90, M|344/344\n|-activate|p2a: Walrein|move: Sticky Web\n|-unboost|p2a: Walrein|spe|1\n|move|p1a: Venusaur|Sludge Bomb|p2a: Walrein\n|-damage|p2a: Walrein|245/344\n|\n|-heal|p2a: Walrein|266/344|[from] item: Leftovers\n|upkeep\n|turn|16\n|\n|t:|1769768162\n|move|p2a: Walrein|Ice Beam|p1a: Venusaur\n|-supereffective|p1a: Venusaur\n|-damage|p1a: Venusaur|157/253 par\n|move|p1a: Venusaur|Giga Drain|p2a: Walrein\n|-supereffective|p2a: Walrein\n|-damage|p2a: Walrein|108/344\n|-heal|p1a: Venusaur|236/253 par|[from] drain|[of] p2a: Walrein\n|\n|-heal|p2a: Walrein|129/344|[from] item: Leftovers\n|upkeep\n|turn|17\n|\n|t:|1769768171\n|move|p2a: Walrein|Ice Beam|p1a: Venusaur\n|-supereffective|p1a: Venusaur\n|-damage|p1a: Venusaur|150/253 par\n|move|p1a: Venusaur|Giga Drain|p2a: Walrein\n|-supereffective|p2a: Walrein\n|-damage|p2a: Walrein|0 fnt\n|-heal|p1a: Venusaur|215/253 par|[from] drain|[of] p2a: Walrein\n|faint|p2a: Walrein\n|\n|upkeep\n|\n|t:|1769768180\n|switch|p2a: Lunala|Lunala, L72|316/316\n|-activate|p2a: Lunala|move: Sticky Web\n|-unboost|p2a: Lunala|spe|1\n|turn|18\n|\n|t:|1769768195\n|move|p2a: Lunala|Calm Mind|p2a: Lunala\n|-boost|p2a: Lunala|spa|1\n|-boost|p2a: Lunala|spd|1\n|move|p1a: Venusaur|Knock Off|p2a: Lunala\n|-supereffective|p2a: Lunala\n|-damage|p2a: Lunala|184/316\n|-enditem|p2a: Lunala|Leftovers|[from] move: Knock Off|[of] p1a: Venusaur\n|\n|upkeep\n|turn|19\n|\n|t:|1769768210\n|switch|p1a: Floette|Floette-Eternal, L83, F|259/259\n|move|p2a: Lunala|Calm Mind|p2a: Lunala\n|-boost|p2a: Lunala|spa|1\n|-boost|p2a: Lunala|spd|1\n|\n|upkeep\n|turn|20\n|\n|t:|1769768221\n|move|p1a: Floette|Moonblast|p2a: Lunala\n|-damage|p2a: Lunala|99/316\n|move|p2a: Lunala|Moongeist Beam|p1a: Floette\n|-damage|p1a: Floette|99/259\n|\n|upkeep\n|turn|21\n|\n|t:|1769768228\n|move|p1a: Floette|Moonblast|p2a: Lunala\n|-damage|p2a: Lunala|3/316\n|-unboost|p2a: Lunala|spa|1\n|move|p2a: Lunala|Roost|p2a: Lunala\n|-heal|p2a: Lunala|161/316\n|-singleturn|p2a: Lunala|move: Roost\n|\n|upkeep\n|turn|22\n|\n|t:|1769768234\n|move|p1a: Floette|Moonblast|p2a: Lunala\n|-damage|p2a: Lunala|68/316\n|move|p2a: Lunala|Roost|p2a: Lunala\n|-heal|p2a: Lunala|226/316\n|-singleturn|p2a: Lunala|move: Roost\n|\n|upkeep\n|turn|23\n|\n|t:|1769768240\n|move|p1a: Floette|Moonblast|p2a: Lunala\n|-damage|p2a: Lunala|139/316\n|move|p2a: Lunala|Roost|p2a: Lunala\n|-heal|p2a: Lunala|297/316\n|-singleturn|p2a: Lunala|move: Roost\n|\n|upkeep\n|turn|24\n|\n|t:|1769768246\n|move|p1a: Floette|Moonblast|p2a: Lunala\n|-damage|p2a: Lunala|213/316\n|move|p2a: Lunala|Moongeist Beam|p1a: Floette\n|-damage|p1a: Floette|0 fnt\n|faint|p1a: Floette\n|\n|upkeep\n|j| R Vikas\n|\n|t:|1769768255\n|switch|p1a: Venusaur|Venusaur-Mega, L78, M|215/253 par\n|turn|25\n|\n|t:|1769768260\n|move|p2a: Lunala|Calm Mind|p2a: Lunala\n|-boost|p2a: Lunala|spa|1\n|-boost|p2a: Lunala|spd|1\n|cant|p1a: Venusaur|par\n|\n|upkeep\n|turn|26\n|\n|t:|1769768265\n|move|p2a: Lunala|Roost|p2a: Lunala\n|-heal|p2a: Lunala|316/316\n|-singleturn|p2a: Lunala|move: Roost\n|move|p1a: Venusaur|Knock Off|p2a: Lunala\n|-supereffective|p2a: Lunala\n|-damage|p2a: Lunala|212/316\n|\n|upkeep\n|turn|27\n|\n|t:|1769768271\n|move|p2a: Lunala|Moongeist Beam|p1a: Venusaur\n|-damage|p1a: Venusaur|43/253 par\n|move|p1a: Venusaur|Knock Off|p2a: Lunala\n|-supereffective|p2a: Lunala\n|-damage|p2a: Lunala|20/316\n|\n|upkeep\n|turn|28\n|-message|ShubhS98 forfeited.\n|\n|win|Johnald714\n|raw|ShubhS98's rating: 1524 &rarr; <strong>1506</strong><br />(-18 for losing)\n|raw|Johnald714's rating: 1560 &rarr; <strong>1578</strong><br />(+18 for winning)\n|l|☆ShubhS98\n|player|p1|\n|l|☆Johnald714\n|player|p2|\n|j|☆Johnald714\n|player|p2|Johnald714|266|\n", "inputlog": ">version b99ff0165a6231f17e8b78c2a78d1998375de664\n>start {\"formatid\":\"gen7randombattle\",\"seed\":\"sodium,3006d01e01bb07fd385d96e6453ecfd5\",\"rated\":\"Rated battle\"}\n>player p1 {\"name\":\"ShubhS98\",\"avatar\":\"169\",\"rating\":1524,\"seed\":\"sodium,1b6700d0d445b75a8ee80c3207147e98\"}\n>player p2 {\"name\":\"Johnald714\",\"avatar\":\"266\",\"rating\":1560,\"seed\":\"sodium,57de5ec8911167bf439045b5a6aa0e0f\"}\n>p1 move doubleedge\n>p2 move thunderwave\n>p1 move doubleedge\n>p2 switch 6\n>p1 switch 2\n>p2 move earthquake\n>p1 move leafstorm\n>p2 move ironhead\n>p1 switch 3\n>p1 move moonblast\n>p2 move ironhead\n>p2 switch 4\n>p1 switch 6\n>p2 move toxicspikes\n>p1 move stickyweb\n>p2 move fireblast\n>p1 move knockoff\n>p2 move fireblast\n>p1 switch 4\n>p1 move sludgebomb mega\n>p2 move toxicspikes\n>p1 switch 2\n>p2 move painsplit\n>p1 move doubleedge\n>p2 switch 2\n>p1 move doubleedge\n>p2 move knockoff\n>p2 switch 6\n>p1 move doubleedge\n>p2 move bugbuzz\n>p1 switch 2\n>p1 move sludgebomb\n>p2 move thunderwave\n>p1 move sludgebomb\n>p2 switch 3\n>p1 move gigadrain\n>p2 move icebeam\n>p1 move gigadrain\n>p2 move icebeam\n>p2 switch 5\n>p1 move knockoff\n>p2 move calmmind\n>p1 switch 6\n>p2 move calmmind\n>p1 move moonblast\n>p2 move moongeistbeam\n>p1 move moonblast\n>p2 move roost\n>p1 move moonblast\n>p2 move roost\n>p1 move moonblast\n>p2 move roost\n>p1 move moonblast\n>p2 move moongeistbeam\n>p1 switch 6\n>p1 move knockoff\n>p2 move calmmind\n>p1 move knockoff\n>p2 move roost\n>p1 move knockoff\n>p2 move moongeistbeam\n>forcelose p1", "uploadtime": 1769768318, "views": 164, "formatid": "gen7randombattle", "rating": 1506, "private": 0, "password": null}