{"id": "gen7randombattle-2537962426", "format": "[Gen 7] Random Battle", "players": ["Hacree", "plop in my pants"], "log": "|j|☆Hacree\n|j|☆plop in my pants\n|t:|1770869408\n|gametype|singles\n|player|p1|Hacree|dawn-masters2|1539\n|player|p2|plop in my pants|teamrocket|1681\n|gen|7\n|tier|[Gen 7] Random Battle\n|rated|\n|rule|Sleep Clause Mod: Limit one foe put to sleep\n|rule|HP Percentage Mod: HP is shown in percentages\n|rule|Illusion Level Mod: Illusion disguises the Pokémon's true level\n|\n|t:|1770869408\n|teamsize|p1|6\n|teamsize|p2|6\n|start\n|switch|p1a: Zapdos|Zapdos, L79|272/272\n|switch|p2a: Wobbuffet|Wobbuffet, L94, F|510/510\n|turn|1\n|inactive|Battle timer is ON: inactive players will automatically lose when time's up. (requested by Hacree)\n|inactive|plop in my pants has 120 seconds left.\n|\n|t:|1770869441\n|switch|p2a: Silvally|Silvally-Steel, L87|307/307\n|move|p1a: Zapdos|Discharge|p2a: Silvally\n|-damage|p2a: Silvally|228/307\n|\n|upkeep\n|turn|2\n|\n|t:|1770869458\n|switch|p1a: Houndoom|Houndoom, L87, M|272/272\n|move|p2a: Silvally|Toxic|p1a: Houndoom\n|-status|p1a: Houndoom|tox\n|\n|-damage|p1a: Houndoom|255/272 tox|[from] psn\n|upkeep\n|turn|3\n|\n|t:|1770869484\n|move|p1a: Houndoom|Fire Blast|p2a: Silvally\n|-supereffective|p2a: Silvally\n|-damage|p2a: Silvally|0 fnt\n|faint|p2a: Silvally\n|-damage|p1a: Houndoom|228/272 tox|[from] item: Life Orb\n|\n|-damage|p1a: Houndoom|194/272 tox|[from] psn\n|upkeep\n|inactive|plop in my pants has 120 seconds left.\n|j| Plop\n|\n|t:|1770869503\n|switch|p2a: Braviary|Braviary, L83, M|302/302\n|turn|4\n|inactive|plop in my pants has 120 seconds left.\n|\n|t:|1770869513\n|switch|p1a: Cofagrigus|Cofagrigus, L89, M|248/248\n|move|p2a: Braviary|Return|p1a: Cofagrigus\n|-immune|p1a: Cofagrigus\n|\n|upkeep\n|turn|5\n|inactive|plop in my pants has 120 seconds left.\n|\n|t:|1770869545\n|switch|p2a: Decidueye|Decidueye, L87, M|277/277\n|move|p1a: Cofagrigus|Trick Room|p1a: Cofagrigus\n|-fieldstart|move: Trick Room|[of] p1a: Cofagrigus\n|\n|upkeep\n|turn|6\n|\n|t:|1770869562\n|move|p1a: Cofagrigus|Shadow Ball|p2a: Decidueye\n|-supereffective|p2a: Decidueye\n|-damage|p2a: Decidueye|119/277\n|-unboost|p2a: Decidueye|spd|1\n|move|p2a: Decidueye|Roost|p2a: Decidueye\n|-heal|p2a: Decidueye|258/277\n|-singleturn|p2a: Decidueye|move: Roost\n|\n|-heal|p2a: Decidueye|275/277|[from] item: Leftovers\n|upkeep\n|turn|7\n|\n|t:|1770869566\n|move|p1a: Cofagrigus|Nasty Plot|p1a: Cofagrigus\n|-boost|p1a: Cofagrigus|spa|2\n|move|p2a: Decidueye|Spirit Shackle|p1a: Cofagrigus\n|-supereffective|p1a: Cofagrigus\n|-damage|p1a: Cofagrigus|128/248\n|\n|-heal|p1a: Cofagrigus|143/248|[from] item: Leftovers\n|-heal|p2a: Decidueye|277/277|[from] item: Leftovers\n|upkeep\n|turn|8\n|\n|t:|1770869571\n|switch|p2a: Braviary|Braviary, L83, M|302/302\n|move|p1a: Cofagrigus|Shadow Ball|p2a: Braviary\n|-immune|p2a: Braviary\n|\n|-heal|p1a: Cofagrigus|158/248|[from] item: Leftovers\n|upkeep\n|turn|9\n|inactive|plop in my pants has 120 seconds left.\n|\n|t:|1770869580\n|switch|p1a: Zapdos|Zapdos, L79|272/272\n|move|p2a: Braviary|Brave Bird|p1a: Zapdos\n|-resisted|p1a: Zapdos\n|-damage|p1a: Zapdos|188/272\n|-damage|p2a: Braviary|274/302|[from] Recoil\n|\n|-heal|p1a: Zapdos|205/272|[from] item: Leftovers\n|-fieldend|move: Trick Room\n|upkeep\n|turn|10\n|\n|t:|1770869586\n|switch|p2a: Decidueye|Decidueye, L87, M|277/277\n|move|p1a: Zapdos|Discharge|p2a: Decidueye\n|-resisted|p2a: Decidueye\n|-damage|p2a: Decidueye|238/277\n|-status|p2a: Decidueye|par\n|\n|-heal|p1a: Zapdos|222/272|[from] item: Leftovers\n|-heal|p2a: Decidueye|255/277 par|[from] item: Leftovers\n|upkeep\n|turn|11\n|\n|t:|1770869595\n|switch|p1a: Houndoom|Houndoom, L87, M|194/272 tox\n|cant|p2a: Decidueye|par\n|\n|-heal|p2a: Decidueye|272/277 par|[from] item: Leftovers\n|-damage|p1a: Houndoom|177/272 tox|[from] psn\n|upkeep\n|turn|12\n|\n|t:|1770869617\n|switch|p2a: Latios|Latios, L79, M|256/256\n|move|p1a: Houndoom|Fire Blast|p2a: Latios|[miss]\n|-miss|p1a: Houndoom|p2a: Latios\n|\n|-damage|p1a: Houndoom|143/272 tox|[from] psn\n|upkeep\n|turn|13\n|\n|t:|1770869628\n|detailschange|p2a: Latios|Latios-Mega, L79, M\n|-mega|p2a: Latios|Latios|Latiosite\n|move|p1a: Houndoom|Sucker Punch|p2a: Latios\n|-supereffective|p2a: Latios\n|-damage|p2a: Latios|82/256\n|-damage|p1a: Houndoom|116/272 tox|[from] item: Life Orb\n|move|p2a: Latios|Draco Meteor|p1a: Houndoom\n|-damage|p1a: Houndoom|0 fnt\n|-unboost|p2a: Latios|spa|2\n|faint|p1a: Houndoom\n|\n|upkeep\n|\n|t:|1770869641\n|switch|p1a: Crobat|Crobat, L82, M|274/274\n|turn|14\n|\n|t:|1770869650\n|switch|p2a: Wobbuffet|Wobbuffet, L94, F|510/510\n|move|p1a: Crobat|Brave Bird|p2a: Wobbuffet\n|-damage|p2a: Wobbuffet|374/510\n|-damage|p1a: Crobat|229/274|[from] Recoil\n|\n|-heal|p1a: Crobat|246/274|[from] item: Black Sludge\n|upkeep\n|turn|15\n|\n|t:|1770869673\n|move|p1a: Crobat|Super Fang|p2a: Wobbuffet\n|-damage|p2a: Wobbuffet|187/510\n|move|p2a: Wobbuffet|Counter|p1a: Crobat\n|-damage|p1a: Crobat|0 fnt\n|faint|p1a: Crobat\n|\n|upkeep\n|\n|t:|1770869693\n|switch|p1a: Cofagrigus|Cofagrigus, L89, M|158/248\n|turn|16\n|inactive|plop in my pants has 120 seconds left.\n|\n|t:|1770869714\n|switch|p2a: Braviary|Braviary, L83, M|274/302\n|move|p1a: Cofagrigus|Trick Room|p1a: Cofagrigus\n|-fieldstart|move: Trick Room|[of] p1a: Cofagrigus\n|\n|-heal|p1a: Cofagrigus|173/248|[from] item: Leftovers\n|upkeep\n|turn|17\n|\n|t:|1770869724\n|switch|p1a: Zapdos|Zapdos, L79|222/272\n|move|p2a: Braviary|Brave Bird|p1a: Zapdos\n|-resisted|p1a: Zapdos\n|-damage|p1a: Zapdos|141/272\n|-damage|p2a: Braviary|247/302|[from] Recoil\n|\n|-heal|p1a: Zapdos|158/272|[from] item: Leftovers\n|upkeep\n|turn|18\n|\n|t:|1770869732\n|switch|p2a: Decidueye|Decidueye, L87, M|272/277 par\n|move|p1a: Zapdos|Roost|p1a: Zapdos\n|-heal|p1a: Zapdos|272/272\n|-singleturn|p1a: Zapdos|move: Roost\n|\n|-heal|p2a: Decidueye|277/277 par|[from] item: Leftovers\n|upkeep\n|turn|19\n|\n|t:|1770869742\n|switch|p1a: Cofagrigus|Cofagrigus, L89, M|173/248\n|cant|p2a: Decidueye|par\n|\n|-heal|p1a: Cofagrigus|188/248|[from] item: Leftovers\n|upkeep\n|turn|20\n|\n|t:|1770869750\n|move|p1a: Cofagrigus|Hidden Power|p2a: Decidueye\n|-immune|p2a: Decidueye\n|move|p2a: Decidueye|Spirit Shackle|p1a: Cofagrigus\n|-supereffective|p1a: Cofagrigus\n|-damage|p1a: Cofagrigus|54/248\n|\n|-heal|p1a: Cofagrigus|69/248|[from] item: Leftovers\n|-fieldend|move: Trick Room\n|upkeep\n|turn|21\n|\n|t:|1770869761\n|switch|p1a: Groudon|Groudon, L74|270/270\n|-weather|SunnyDay|[from] ability: Drought|[of] p1a: Groudon\n|cant|p2a: Decidueye|par\n|\n|-weather|SunnyDay|[upkeep]\n|upkeep\n|turn|22\n|\n|t:|1770869771\n|move|p1a: Groudon|Lava Plume|p2a: Decidueye\n|-supereffective|p2a: Decidueye\n|-damage|p2a: Decidueye|151/277 par\n|move|p2a: Decidueye|Leaf Storm|p1a: Groudon\n|-supereffective|p1a: Groudon\n|-damage|p1a: Groudon|52/270\n|-unboost|p2a: Decidueye|spa|2\n|\n|-weather|SunnyDay|[upkeep]\n|-heal|p2a: Decidueye|168/277 par|[from] item: Leftovers\n|upkeep\n|turn|23\n|inactive|plop in my pants has 120 seconds left.\n|inactive|plop in my pants has 90 seconds left.\n|\n|t:|1770869839\n|switch|p2a: Braviary|Braviary, L83, M|247/302\n|move|p1a: Groudon|Lava Plume|p2a: Braviary\n|-damage|p2a: Braviary|162/302\n|\n|-weather|SunnyDay|[upkeep]\n|upkeep\n|turn|24\n|\n|t:|1770869851\n|switch|p1a: Cofagrigus|Cofagrigus, L89, M|69/248\n|move|p2a: Braviary|U-turn|p1a: Cofagrigus\n|-resisted|p1a: Cofagrigus\n|-damage|p1a: Cofagrigus|49/248\n|-ability|p2a: Braviary|Mummy|Defiant|[from] ability: Mummy|[of] p1a: Cofagrigus\n|-activate|p1a: Cofagrigus|ability: Mummy|Defiant|[of] p2a: Braviary\n|\n|t:|1770869856\n|switch|p2a: Latios|Latios-Mega, L79, M|82/256|[from] U-turn\n|\n|-weather|SunnyDay|[upkeep]\n|-heal|p1a: Cofagrigus|64/248|[from] item: Leftovers\n|upkeep\n|turn|25\n|\n|t:|1770869879\n|switch|p1a: Groudon|Groudon, L74|52/270\n|move|p2a: Latios|Psyshock|p1a: Groudon\n|-damage|p1a: Groudon|0 fnt\n|faint|p1a: Groudon\n|\n|-weather|none\n|upkeep\n|inactive|Hacree has 120 seconds left.\n|\n|t:|1770869907\n|switch|p1a: Alakazam|Alakazam, L78, F|214/214\n|turn|26\n|\n|t:|1770869922\n|switch|p2a: Magearna|Magearna-Original, L77|250/250\n|detailschange|p1a: Alakazam|Alakazam-Mega, L78, F\n|-mega|p1a: Alakazam|Alakazam|Alakazite\n|-ability|p1a: Alakazam|Soul-Heart|Trace|[from] ability: Trace|[of] p2a: Magearna\n|move|p1a: Alakazam|Psychic|p2a: Magearna\n|-resisted|p2a: Magearna\n|-damage|p2a: Magearna|188/250\n|\n|upkeep\n|turn|27\n|\n|t:|1770869933\n|move|p1a: Alakazam|Focus Blast|p2a: Magearna\n|-damage|p2a: Magearna|88/250\n|move|p2a: Magearna|Shift Gear|p2a: Magearna\n|-boost|p2a: Magearna|spe|2\n|-boost|p2a: Magearna|atk|1\n|\n|upkeep\n|turn|28\n|\n|t:|1770869943\n|switch|p1a: Zapdos|Zapdos, L79|272/272\n|move|p2a: Magearna|Calm Mind|p2a: Magearna\n|-boost|p2a: Magearna|spa|1\n|-boost|p2a: Magearna|spd|1\n|\n|upkeep\n|turn|29\n|\n|t:|1770869947\n|-zpower|p2a: Magearna\n|move|p2a: Magearna|Twinkle Tackle|p1a: Zapdos|[zeffect]\n|-damage|p1a: Zapdos|0 fnt\n|faint|p1a: Zapdos\n|-ability|p2a: Magearna|Soul-Heart|boost\n|-boost|p2a: Magearna|spa|1\n|\n|upkeep\n|c| Plop|get that up ya\n|inactive|Hacree has 120 seconds left.\n|\n|t:|1770869964\n|switch|p1a: Alakazam|Alakazam-Mega, L78, F|214/214\n|-ability|p1a: Alakazam|Soul-Heart|Trace|[from] ability: Trace|[of] p2a: Magearna\n|turn|30\n|\n|t:|1770869968\n|switch|p1a: Cofagrigus|Cofagrigus, L89, M|64/248\n|move|p2a: Magearna|Flash Cannon|p1a: Cofagrigus\n|-damage|p1a: Cofagrigus|0 fnt\n|faint|p1a: Cofagrigus\n|-ability|p2a: Magearna|Soul-Heart|boost\n|-boost|p2a: Magearna|spa|1\n|\n|upkeep\n|\n|t:|1770869972\n|switch|p1a: Alakazam|Alakazam-Mega, L78, F|214/214\n|-ability|p1a: Alakazam|Soul-Heart|Trace|[from] ability: Trace|[of] p2a: Magearna\n|turn|31\n|c|☆plop in my pants|?\n|\n|t:|1770869978\n|move|p2a: Magearna|Flash Cannon|p1a: Alakazam\n|-damage|p1a: Alakazam|0 fnt\n|faint|p1a: Alakazam\n|detailschange|p1: Alakazam|Alakazam, L78, F|[silent]\n|\n|win|plop in my pants\n|raw|Hacree's rating: 1539 &rarr; <strong>1527</strong><br />(-12 for losing)\n|raw|plop in my pants's rating: 1681 &rarr; <strong>1693</strong><br />(+12 for winning)\n|l|☆Hacree\n|player|p1|\n|l| Plop\n", "inputlog": ">version ccdc32dd7cde25fd9e4bed64820e885f66e78a4e\n>start {\"formatid\":\"gen7randombattle\",\"seed\":\"sodium,a91252a8e5f4253e19e9bb8452df8aed\",\"rated\":\"Rated battle\"}\n>player p1 {\"name\":\"Hacree\",\"avatar\":\"dawn-masters2\",\"rating\":1539,\"seed\":\"sodium,22b19b25e7fdcaba736f7447b1a43894\"}\n>player p2 {\"name\":\"plop in my pants\",\"avatar\":\"teamrocket\",\"rating\":1681,\"seed\":\"sodium,879766d8d7779fca3cd389fd778d2e2c\"}\n>p1 move discharge\n>p2 switch 5\n>p1 switch 2\n>p2 move toxic\n>p1 move fireblast\n>p2 move partingshot\n>p2 switch 2\n>p1 switch 3\n>p2 move return\n>p1 move trickroom\n>p2 switch 3\n>p1 move shadowball\n>p2 move roost\n>p1 move nastyplot\n>p2 move spiritshackle\n>p1 move shadowball\n>p2 switch 3\n>p1 switch 2\n>p2 move bravebird\n>p1 move discharge\n>p2 switch 3\n>p1 switch 3\n>p2 move spiritshackle\n>p1 move fireblast\n>p2 switch 4\n>p1 move suckerpunch\n>p2 move dracometeor mega\n>p1 switch 5\n>p1 move bravebird\n>p2 switch 5\n>p1 move superfang\n>p2 move counter\n>p1 switch 2\n>p1 move trickroom\n>p2 switch 3\n>p1 switch 3\n>p2 move bravebird\n>p1 move roost\n>p2 switch 4\n>p1 switch 3\n>p2 move spiritshackle\n>p1 move hiddenpower\n>p2 move spiritshackle\n>p1 switch 6\n>p2 move spiritshackle\n>p1 move lavaplume\n>p2 move leafstorm\n>p1 move lavaplume\n>p2 switch 4\n>p1 switch 6\n>p2 move uturn\n>p2 switch 5\n>p1 switch 6\n>p2 move psyshock\n>p1 switch 4\n>p1 move psychic mega\n>p2 switch 6\n>p1 move focusblast\n>p2 move shiftgear\n>p1 switch 3\n>p2 move calmmind\n>p1 move discharge\n>p2 move fleurcannon zmove\n>chat  Plop|get that up ya\n>p1 switch 3\n>p1 switch 6\n>p2 move flashcannon\n>p1 switch 6\n>chat ☆plop in my pants|?\n>p1 move psychic\n>p2 move flashcannon", "uploadtime": 1770869986, "views": 231, "formatid": "gen7randombattle", "rating": 1527, "private": 0, "password": null}