{"id": "gen7randombattle-2538985276", "format": "[Gen 7] Random Battle", "players": ["idkimtrash", "Happyisuwu"], "log": "|j|☆idkimtrash\n|j|☆Happyisuwu\n|t:|1771000108\n|gametype|singles\n|player|p1|idkimtrash|ingo|1483\n|player|p2|Happyisuwu|miku-ghost|1584\n|gen|7\n|tier|[Gen 7] Random Battle\n|rated|\n|rule|Sleep Clause Mod: Limit one foe put to sleep\n|rule|HP Percentage Mod: HP is shown in percentages\n|rule|Illusion Level Mod: Illusion disguises the Pokémon's true level\n|\n|t:|1771000108\n|teamsize|p1|6\n|teamsize|p2|6\n|start\n|switch|p1a: Lanturn|Lanturn, L89, F|367/367\n|switch|p2a: Armaldo|Armaldo, L89, M|278/278\n|turn|1\n|inactive|Battle timer is ON: inactive players will automatically lose when time's up. (requested by Happyisuwu)\n|\n|t:|1771000118\n|switch|p2a: Tentacruel|Tentacruel, L83, F|268/268\n|move|p1a: Lanturn|Scald|p2a: Tentacruel\n|-resisted|p2a: Tentacruel\n|-damage|p2a: Tentacruel|224/268\n|\n|-heal|p2a: Tentacruel|240/268|[from] item: Black Sludge\n|upkeep\n|turn|2\n|inactive|idkimtrash has 120 seconds left.\n|\n|t:|1771000160\n|switch|p1a: Porygon2|Porygon2, L82|274/274\n|-ability|p1a: Porygon2|Download|boost\n|-boost|p1a: Porygon2|atk|1\n|move|p2a: Tentacruel|Sludge Bomb|p1a: Porygon2\n|-damage|p1a: Porygon2|220/274\n|\n|-heal|p2a: Tentacruel|256/268|[from] item: Black Sludge\n|upkeep\n|turn|3\n|\n|t:|1771000180\n|switch|p2a: Armaldo|Armaldo, L89, M|278/278\n|move|p1a: Porygon2|Discharge|p2a: Armaldo\n|-damage|p2a: Armaldo|216/278\n|\n|-heal|p2a: Armaldo|233/278|[from] item: Leftovers\n|upkeep\n|turn|4\n|\n|t:|1771000189\n|move|p1a: Porygon2|Toxic|p2a: Armaldo\n|-status|p2a: Armaldo|tox\n|move|p2a: Armaldo|Stealth Rock|p1a: Porygon2\n|-sidestart|p1: idkimtrash|move: Stealth Rock\n|\n|-heal|p2a: Armaldo|250/278 tox|[from] item: Leftovers\n|-damage|p2a: Armaldo|233/278 tox|[from] psn\n|upkeep\n|turn|5\n|\n|t:|1771000214\n|switch|p1a: Lanturn|Lanturn, L89, F|367/367\n|-damage|p1a: Lanturn|322/367|[from] Stealth Rock\n|move|p2a: Armaldo|Stone Edge|p1a: Lanturn\n|-damage|p1a: Lanturn|153/367\n|\n|-heal|p2a: Armaldo|250/278 tox|[from] item: Leftovers\n|-damage|p2a: Armaldo|216/278 tox|[from] psn\n|upkeep\n|turn|6\n|\n|t:|1771000219\n|switch|p2a: Tentacruel|Tentacruel, L83, F|256/268\n|move|p1a: Lanturn|Volt Switch|p2a: Tentacruel\n|-supereffective|p2a: Tentacruel\n|-damage|p2a: Tentacruel|88/268\n|\n|t:|1771000245\n|switch|p1a: Blacephalon|Blacephalon, L80|215/215|[from] Volt Switch\n|-damage|p1a: Blacephalon|162/215|[from] Stealth Rock\n|\n|-heal|p2a: Tentacruel|104/268|[from] item: Black Sludge\n|upkeep\n|turn|7\n|\n|t:|1771000265\n|switch|p2a: Armaldo|Armaldo, L89, M|216/278 tox\n|move|p1a: Blacephalon|Psyshock|p2a: Armaldo\n|-damage|p2a: Armaldo|152/278 tox\n|\n|-heal|p2a: Armaldo|169/278 tox|[from] item: Leftovers\n|-damage|p2a: Armaldo|152/278 tox|[from] psn\n|upkeep\n|turn|8\n|inactive|idkimtrash has 120 seconds left.\n|\n|t:|1771000286\n|move|p1a: Blacephalon|Fire Blast|p2a: Armaldo\n|-damage|p2a: Armaldo|0 fnt\n|faint|p2a: Armaldo\n|-ability|p1a: Blacephalon|Beast Boost|boost\n|-boost|p1a: Blacephalon|spa|1\n|\n|upkeep\n|\n|t:|1771000295\n|switch|p2a: Aerodactyl|Aerodactyl, L78, M|253/253\n|-ability|p2a: Aerodactyl|Unnerve\n|turn|9\n|\n|t:|1771000301\n|switch|p1a: Lanturn|Lanturn, L89, F|153/367\n|-damage|p1a: Lanturn|108/367|[from] Stealth Rock\n|detailschange|p2a: Aerodactyl|Aerodactyl-Mega, L78, M\n|-mega|p2a: Aerodactyl|Aerodactyl|Aerodactylite\n|move|p2a: Aerodactyl|Stone Edge|p1a: Lanturn\n|-damage|p1a: Lanturn|0 fnt\n|faint|p1a: Lanturn\n|\n|upkeep\n|\n|t:|1771000304\n|switch|p1a: Porygon2|Porygon2, L82|220/274\n|-damage|p1a: Porygon2|186/274|[from] Stealth Rock\n|-ability|p1a: Porygon2|Download|boost\n|-boost|p1a: Porygon2|atk|1\n|turn|10\n|\n|t:|1771000333\n|switch|p2a: Tentacruel|Tentacruel, L83, F|104/268\n|move|p1a: Porygon2|Recover|p1a: Porygon2\n|-heal|p1a: Porygon2|274/274\n|\n|-heal|p2a: Tentacruel|120/268|[from] item: Black Sludge\n|upkeep\n|turn|11\n|\n|t:|1771000338\n|switch|p2a: Ursaring|Ursaring, L85, F|292/292\n|move|p1a: Porygon2|Discharge|p2a: Ursaring\n|-damage|p2a: Ursaring|232/292\n|\n|-status|p2a: Ursaring|brn|[from] item: Flame Orb\n|upkeep\n|turn|12\n|\n|t:|1771000346\n|switch|p1a: Blacephalon|Blacephalon, L80|162/215\n|-damage|p1a: Blacephalon|109/215|[from] Stealth Rock\n|move|p2a: Ursaring|Close Combat|p1a: Blacephalon\n|-immune|p1a: Blacephalon\n|\n|-damage|p2a: Ursaring|214/292 brn|[from] brn\n|upkeep\n|turn|13\n|\n|t:|1771000352\n|-zpower|p1a: Blacephalon\n|move|p1a: Blacephalon|Inferno Overdrive|p2a: Ursaring|[zeffect]\n|-damage|p2a: Ursaring|0 fnt\n|faint|p2a: Ursaring\n|-ability|p1a: Blacephalon|Beast Boost|boost\n|-boost|p1a: Blacephalon|spa|1\n|\n|upkeep\n|\n|t:|1771000356\n|switch|p2a: Aerodactyl|Aerodactyl-Mega, L78, M|253/253\n|turn|14\n|\n|t:|1771000362\n|switch|p1a: Porygon2|Porygon2, L82|274/274\n|-damage|p1a: Porygon2|240/274|[from] Stealth Rock\n|-ability|p1a: Porygon2|Download|boost\n|-boost|p1a: Porygon2|atk|1\n|move|p2a: Aerodactyl|Earthquake|p1a: Porygon2\n|-damage|p1a: Porygon2|186/274\n|\n|upkeep\n|turn|15\n|\n|t:|1771000368\n|switch|p2a: Pangoro|Pangoro, L86, F|304/304\n|move|p1a: Porygon2|Discharge|p2a: Pangoro\n|-damage|p2a: Pangoro|236/304\n|\n|upkeep\n|turn|16\n|\n|t:|1771000384\n|switch|p1a: Emboar|Emboar, L85, F|326/326\n|-damage|p1a: Emboar|286/326|[from] Stealth Rock\n|move|p2a: Pangoro|Knock Off|p1a: Emboar\n|-resisted|p1a: Emboar\n|-damage|p1a: Emboar|174/326\n|-enditem|p1a: Emboar|Choice Band|[from] move: Knock Off|[of] p2a: Pangoro\n|-damage|p2a: Pangoro|206/304|[from] item: Life Orb\n|\n|upkeep\n|turn|17\n|\n|t:|1771000410\n|switch|p2a: Tentacruel|Tentacruel, L83, F|120/268\n|move|p1a: Emboar|Superpower|p2a: Tentacruel\n|-resisted|p2a: Tentacruel\n|-damage|p2a: Tentacruel|18/268\n|-unboost|p1a: Emboar|atk|1\n|-unboost|p1a: Emboar|def|1\n|\n|-heal|p2a: Tentacruel|34/268|[from] item: Black Sludge\n|upkeep\n|turn|18\n|\n|t:|1771000415\n|move|p1a: Emboar|Sucker Punch|p2a: Tentacruel\n|-damage|p2a: Tentacruel|0 fnt\n|faint|p2a: Tentacruel\n|\n|upkeep\n|\n|t:|1771000418\n|switch|p2a: Aerodactyl|Aerodactyl-Mega, L78, M|253/253\n|turn|19\n|\n|t:|1771000420\n|move|p1a: Emboar|Sucker Punch|p2a: Aerodactyl\n|-damage|p2a: Aerodactyl|209/253\n|move|p2a: Aerodactyl|Earthquake|p1a: Emboar\n|-supereffective|p1a: Emboar\n|-damage|p1a: Emboar|0 fnt\n|faint|p1a: Emboar\n|\n|upkeep\n|\n|t:|1771000432\n|switch|p1a: Porygon2|Porygon2, L82|186/274\n|-damage|p1a: Porygon2|152/274|[from] Stealth Rock\n|-ability|p1a: Porygon2|Download|boost\n|-boost|p1a: Porygon2|atk|1\n|turn|20\n|\n|t:|1771000445\n|switch|p2a: Galvantula|Galvantula, L80, F|243/243\n|move|p1a: Porygon2|Toxic|p2a: Galvantula\n|-status|p2a: Galvantula|tox\n|\n|-damage|p2a: Galvantula|228/243 tox|[from] psn\n|upkeep\n|turn|21\n|\n|t:|1771000459\n|move|p2a: Galvantula|Thunder|p1a: Porygon2\n|-damage|p1a: Porygon2|58/274\n|-status|p1a: Porygon2|par\n|-damage|p2a: Galvantula|204/243 tox|[from] item: Life Orb\n|cant|p1a: Porygon2|par\n|\n|-damage|p2a: Galvantula|174/243 tox|[from] psn\n|upkeep\n|turn|22\n|\n|t:|1771000471\n|move|p2a: Galvantula|Bug Buzz|p1a: Porygon2\n|-damage|p1a: Porygon2|0 fnt\n|faint|p1a: Porygon2\n|-damage|p2a: Galvantula|150/243 tox|[from] item: Life Orb\n|\n|-damage|p2a: Galvantula|105/243 tox|[from] psn\n|upkeep\n|\n|t:|1771000492\n|switch|p1a: Vespiquen|Vespiquen, F|301/301\n|-damage|p1a: Vespiquen|151/301|[from] Stealth Rock\n|-ability|p1a: Vespiquen|Pressure\n|turn|23\n|\n|t:|1771000513\n|move|p2a: Galvantula|Thunder|p1a: Vespiquen\n|-supereffective|p1a: Vespiquen\n|-damage|p1a: Vespiquen|0 fnt\n|faint|p1a: Vespiquen\n|-damage|p2a: Galvantula|81/243 tox|[from] item: Life Orb\n|\n|-damage|p2a: Galvantula|21/243 tox|[from] psn\n|upkeep\n|\n|t:|1771000520\n|switch|p1a: Blacephalon|Blacephalon, L80|109/215\n|-damage|p1a: Blacephalon|56/215|[from] Stealth Rock\n|turn|24\n|\n|t:|1771000527\n|move|p2a: Galvantula|Thunder|p1a: Blacephalon|[miss]\n|-miss|p2a: Galvantula|p1a: Blacephalon\n|move|p1a: Blacephalon|Shadow Ball|p2a: Galvantula\n|-damage|p2a: Galvantula|0 fnt\n|faint|p2a: Galvantula\n|-ability|p1a: Blacephalon|Beast Boost|boost\n|-boost|p1a: Blacephalon|spa|1\n|\n|upkeep\n|\n|t:|1771000530\n|switch|p2a: Aerodactyl|Aerodactyl-Mega, L78, M|209/253\n|turn|25\n|\n|t:|1771000539\n|move|p2a: Aerodactyl|Earthquake|p1a: Blacephalon\n|-supereffective|p1a: Blacephalon\n|-damage|p1a: Blacephalon|0 fnt\n|faint|p1a: Blacephalon\n|\n|upkeep\n|\n|t:|1771000542\n|switch|p1a: Cloyster|Cloyster, L80, F|211/211\n|-damage|p1a: Cloyster|159/211|[from] Stealth Rock\n|turn|26\n|\n|t:|1771000556\n|move|p2a: Aerodactyl|Stone Edge|p1a: Cloyster|[miss]\n|-miss|p2a: Aerodactyl|p1a: Cloyster\n|move|p1a: Cloyster|Shell Smash|p1a: Cloyster\n|-unboost|p1a: Cloyster|def|1\n|-unboost|p1a: Cloyster|spd|1\n|-boost|p1a: Cloyster|atk|2\n|-boost|p1a: Cloyster|spa|2\n|-boost|p1a: Cloyster|spe|2\n|-enditem|p1a: Cloyster|White Herb\n|-clearnegativeboost|p1a: Cloyster|[silent]\n|\n|upkeep\n|turn|27\n|\n|t:|1771000560\n|move|p1a: Cloyster|Icicle Spear|p2a: Aerodactyl\n|-supereffective|p2a: Aerodactyl\n|-damage|p2a: Aerodactyl|99/253\n|-supereffective|p2a: Aerodactyl\n|-damage|p2a: Aerodactyl|0 fnt\n|faint|p2a: Aerodactyl\n|detailschange|p2: Aerodactyl|Aerodactyl, L78, M|[silent]\n|-hitcount|p2: Aerodactyl|2\n|\n|upkeep\n|\n|t:|1771000562\n|switch|p2a: Pangoro|Pangoro, L86, F|206/304\n|turn|28\n|\n|t:|1771000567\n|move|p1a: Cloyster|Icicle Spear|p2a: Pangoro\n|-damage|p2a: Pangoro|149/304\n|-damage|p2a: Pangoro|94/304\n|-damage|p2a: Pangoro|43/304\n|-damage|p2a: Pangoro|0 fnt\n|faint|p2a: Pangoro\n|-hitcount|p2: Pangoro|4\n|\n|win|idkimtrash\n|raw|idkimtrash's rating: 1483 &rarr; <strong>1508</strong><br />(+25 for winning)\n|raw|Happyisuwu's rating: 1563 &rarr; <strong>1538</strong><br />(-25 for losing)\n|c|☆idkimtrash|gg\n", "inputlog": ">version ccdc32dd7cde25fd9e4bed64820e885f66e78a4e\n>start {\"formatid\":\"gen7randombattle\",\"seed\":\"sodium,8d2ab6f6a555adb675b894c1fde786df\",\"rated\":\"Rated battle\"}\n>player p1 {\"name\":\"idkimtrash\",\"avatar\":\"ingo\",\"rating\":1483,\"seed\":\"sodium,25bc938705c143211f1d3e83a94c92be\"}\n>player p2 {\"name\":\"Happyisuwu\",\"avatar\":\"miku-ghost\",\"rating\":1584,\"seed\":\"sodium,dd046bb57aadd5bde16f99e70dbf7151\"}\n>p1 move scald\n>p2 switch 6\n>p1 switch 2\n>p2 move sludgebomb\n>p1 move discharge\n>p2 switch 6\n>p1 move toxic\n>p2 move stealthrock\n>p1 switch 2\n>p2 move stoneedge\n>p1 move voltswitch\n>p2 switch 6\n>p1 switch 5\n>p1 move psyshock\n>p2 switch 6\n>p1 move fireblast\n>p2 move earthquake\n>p2 switch 2\n>p1 switch 5\n>p2 move stoneedge mega\n>p1 switch 2\n>p1 move recover\n>p2 switch 6\n>p1 move discharge\n>p2 switch 5\n>p1 switch 5\n>p2 move closecombat\n>p1 move fireblast zmove\n>p2 move crunch\n>p2 switch 6\n>p1 switch 5\n>p2 move earthquake\n>p1 move discharge\n>p2 switch 4\n>p1 switch 4\n>p2 move knockoff\n>p1 move superpower\n>p2 switch 5\n>p1 move suckerpunch\n>p2 move scald\n>p2 switch 4\n>p1 move suckerpunch\n>p2 move earthquake\n>p1 switch 4\n>p1 move toxic\n>p2 switch 3\n>p1 move recover\n>p2 move thunder\n>p1 move recover\n>p2 move bugbuzz\n>p1 switch 3\n>p1 move defog\n>p2 move thunder\n>p1 switch 5\n>p1 move shadowball\n>p2 move thunder\n>p2 switch 3\n>p1 move shadowball\n>p2 move earthquake\n>p1 switch 6\n>p1 move shellsmash\n>p2 move stoneedge\n>p1 move iciclespear\n>p2 move stoneedge\n>p2 switch 5\n>p1 move iciclespear\n>p2 move drainpunch", "uploadtime": 1771000577, "views": 195, "formatid": "gen7randombattle", "rating": 1508, "private": 0, "password": null}