{"id": "gen7randombattle-2524619109", "format": "[Gen 7] Random Battle", "players": ["Axoa17", "Meuby Law"], "log": "|j|☆Axoa17\n|j|☆Meuby Law\n|t:|1769176739\n|gametype|singles\n|player|p1|Axoa17|grimsley|1612\n|player|p2|Meuby Law|hau-stance|1597\n|gen|7\n|tier|[Gen 7] Random Battle\n|rated|\n|rule|Sleep Clause Mod: Limit one foe put to sleep\n|rule|HP Percentage Mod: HP is shown in percentages\n|rule|Illusion Level Mod: Illusion disguises the Pokémon's true level\n|\n|t:|1769176739\n|teamsize|p1|6\n|teamsize|p2|6\n|start\n|switch|p1a: Blaziken|Blaziken, L78, M|253/253\n|switch|p2a: Wishiwashi|Wishiwashi, L89, M|225/225\n|-formechange|p2a: Wishiwashi|Wishiwashi-School||[from] ability: Schooling\n|turn|1\n|inactive|Battle timer is ON: inactive players will automatically lose when time's up. (requested by Axoa17)\n|inactive|Meuby Law has 120 seconds left.\n|inactive|Meuby Law has 90 seconds left.\n|inactive|Meuby Law has 60 seconds left.\n|\n|t:|1769176840\n|switch|p1a: Pyukumuku|Pyukumuku, L92, M|251/251\n|move|p2a: Wishiwashi|Scald|p1a: Pyukumuku\n|-resisted|p1a: Pyukumuku\n|-damage|p1a: Pyukumuku|209/251\n|\n|-heal|p1a: Pyukumuku|224/251|[from] item: Leftovers\n|upkeep\n|turn|2\n|\n|t:|1769176855\n|switch|p2a: Gliscor|Gliscor, L78, F|245/245\n|move|p1a: Pyukumuku|Toxic|p2a: Gliscor\n|-status|p2a: Gliscor|tox\n|\n|-heal|p1a: Pyukumuku|239/251|[from] item: Leftovers\n|upkeep\n|turn|3\n|\n|t:|1769176866\n|switch|p1a: Sharpedo|Sharpedo, L82, F|249/249\n|move|p2a: Gliscor|Toxic|p1a: Sharpedo\n|-status|p1a: Sharpedo|tox\n|\n|-damage|p1a: Sharpedo|234/249 tox|[from] psn\n|upkeep\n|turn|4\n|inactive|Meuby Law has 120 seconds left.\n|\n|t:|1769176884\n|switch|p2a: Wishiwashi|Wishiwashi, L89, M|225/225\n|-formechange|p2a: Wishiwashi|Wishiwashi-School||[from] ability: Schooling\n|move|p1a: Sharpedo|Ice Fang|p2a: Wishiwashi\n|-resisted|p2a: Wishiwashi\n|-damage|p2a: Wishiwashi|207/225\n|\n|-heal|p2a: Wishiwashi|221/225|[from] item: Leftovers\n|-damage|p1a: Sharpedo|204/249 tox|[from] psn\n|-ability|p1a: Sharpedo|Speed Boost|boost\n|-boost|p1a: Sharpedo|spe|1\n|upkeep\n|turn|5\n|\n|t:|1769176895\n|switch|p1a: Pyukumuku|Pyukumuku, L92, M|239/251\n|move|p2a: Wishiwashi|Scald|p1a: Pyukumuku\n|-resisted|p1a: Pyukumuku\n|-damage|p1a: Pyukumuku|200/251\n|\n|-heal|p2a: Wishiwashi|225/225|[from] item: Leftovers\n|-heal|p1a: Pyukumuku|215/251|[from] item: Leftovers\n|upkeep\n|turn|6\n|\n|t:|1769176907\n|switch|p2a: Gliscor|Gliscor, L78, F|245/245 tox\n|switch|p1a: Hypno|Hypno, L97, F|322/322\n|\n|upkeep\n|turn|7\n|\n|t:|1769176915\n|move|p2a: Gliscor|Toxic|p1a: Hypno\n|-status|p1a: Hypno|tox\n|move|p1a: Hypno|Psychic|p2a: Gliscor\n|-damage|p2a: Gliscor|125/245 tox\n|-unboost|p2a: Gliscor|spd|1\n|\n|-heal|p2a: Gliscor|155/245 tox|[from] ability: Poison Heal\n|-damage|p1a: Hypno|302/322 tox|[from] psn\n|upkeep\n|turn|8\n|\n|t:|1769176922\n|switch|p2a: Komala|Komala, L88, M|258/258\n|-ability|p2a: Komala|Comatose\n|move|p1a: Hypno|Wish|p1a: Hypno\n|\n|-heal|p1a: Hypno|322/322 tox|[from] item: Leftovers\n|-damage|p1a: Hypno|282/322 tox|[from] psn\n|upkeep\n|turn|9\n|\n|t:|1769176927\n|switch|p1a: Blaziken|Blaziken, L78, M|253/253\n|move|p2a: Komala|Return|p1a: Blaziken\n|-damage|p1a: Blaziken|73/253\n|\n|-heal|p1a: Blaziken|234/253|[from] move: Wish|[wisher] Hypno\n|upkeep\n|turn|10\n|\n|t:|1769176943\n|switch|p2a: Wishiwashi|Wishiwashi, L89, M|225/225\n|-formechange|p2a: Wishiwashi|Wishiwashi-School||[from] ability: Schooling\n|move|p1a: Blaziken|High Jump Kick|p2a: Wishiwashi\n|-damage|p2a: Wishiwashi|89/225\n|-damage|p1a: Blaziken|209/253|[from] item: Life Orb\n|\n|-heal|p2a: Wishiwashi|103/225|[from] item: Leftovers\n|-ability|p1a: Blaziken|Speed Boost|boost\n|-boost|p1a: Blaziken|spe|1\n|upkeep\n|turn|11\n|\n|t:|1769176961\n|move|p1a: Blaziken|High Jump Kick|p2a: Wishiwashi\n|-damage|p2a: Wishiwashi|0 fnt\n|faint|p2a: Wishiwashi\n|-damage|p1a: Blaziken|184/253|[from] item: Life Orb\n|\n|-ability|p1a: Blaziken|Speed Boost|boost\n|-boost|p1a: Blaziken|spe|1\n|upkeep\n|\n|t:|1769176967\n|switch|p2a: Gliscor|Gliscor, L78, F|155/245 tox\n|turn|12\n|\n|t:|1769176973\n|move|p1a: Blaziken|Flare Blitz|p2a: Gliscor\n|-damage|p2a: Gliscor|3/245 tox\n|-damage|p1a: Blaziken|134/253|[from] Recoil\n|-damage|p1a: Blaziken|109/253|[from] item: Life Orb\n|move|p2a: Gliscor|Roost|p2a: Gliscor\n|-heal|p2a: Gliscor|126/245 tox\n|-singleturn|p2a: Gliscor|move: Roost\n|\n|-heal|p2a: Gliscor|156/245 tox|[from] ability: Poison Heal\n|-ability|p1a: Blaziken|Speed Boost|boost\n|-boost|p1a: Blaziken|spe|1\n|upkeep\n|turn|13\n|\n|t:|1769176982\n|move|p1a: Blaziken|Flare Blitz|p2a: Gliscor\n|-damage|p2a: Gliscor|10/245 tox\n|-damage|p1a: Blaziken|61/253|[from] Recoil\n|-damage|p1a: Blaziken|36/253|[from] item: Life Orb\n|move|p2a: Gliscor|Roost|p2a: Gliscor\n|-heal|p2a: Gliscor|133/245 tox\n|-singleturn|p2a: Gliscor|move: Roost\n|\n|-heal|p2a: Gliscor|163/245 tox|[from] ability: Poison Heal\n|-ability|p1a: Blaziken|Speed Boost|boost\n|-boost|p1a: Blaziken|spe|1\n|upkeep\n|turn|14\n|\n|t:|1769176988\n|move|p1a: Blaziken|Swords Dance|p1a: Blaziken\n|-boost|p1a: Blaziken|atk|2\n|move|p2a: Gliscor|Roost|p2a: Gliscor\n|-heal|p2a: Gliscor|245/245 tox\n|-singleturn|p2a: Gliscor|move: Roost\n|\n|-ability|p1a: Blaziken|Speed Boost|boost\n|-boost|p1a: Blaziken|spe|1\n|upkeep\n|turn|15\n|\n|t:|1769176998\n|switch|p2a: Bouffalant|Bouffalant, L87, F|307/307\n|move|p1a: Blaziken|Protect||[still]\n|-fail|p1a: Blaziken\n|\n|-ability|p1a: Blaziken|Speed Boost|boost\n|-boost|p1a: Blaziken|spe|1\n|upkeep\n|turn|16\n|\n|t:|1769177004\n|move|p1a: Blaziken|High Jump Kick|p2a: Bouffalant\n|-supereffective|p2a: Bouffalant\n|-damage|p2a: Bouffalant|0 fnt\n|faint|p2a: Bouffalant\n|-damage|p1a: Blaziken|11/253|[from] item: Life Orb\n|\n|upkeep\n|\n|t:|1769177010\n|switch|p2a: Lycanroc|Lycanroc-Midnight, L86, M|286/286\n|turn|17\n|\n|t:|1769177014\n|move|p2a: Lycanroc|Sucker Punch|p1a: Blaziken\n|-resisted|p1a: Blaziken\n|-damage|p1a: Blaziken|0 fnt\n|faint|p1a: Blaziken\n|\n|upkeep\n|\n|t:|1769177029\n|switch|p1a: Hypno|Hypno, L97, F|282/322 tox\n|turn|18\n|inactive|Meuby Law has 120 seconds left.\n|inactive|Meuby Law has 90 seconds left.\n|\n|t:|1769177106\n|switch|p2a: Gliscor|Gliscor, L78, F|245/245 tox\n|move|p1a: Hypno|Wish|p1a: Hypno\n|\n|-heal|p1a: Hypno|302/322 tox|[from] item: Leftovers\n|-damage|p1a: Hypno|282/322 tox|[from] psn\n|upkeep\n|turn|19\n|\n|t:|1769177117\n|switch|p1a: Sharpedo|Sharpedo, L82, F|204/249 tox\n|move|p2a: Gliscor|Earthquake|p1a: Sharpedo\n|-damage|p1a: Sharpedo|42/249 tox\n|\n|-heal|p1a: Sharpedo|203/249 tox|[from] move: Wish|[wisher] Hypno\n|-damage|p1a: Sharpedo|188/249 tox|[from] psn\n|upkeep\n|turn|20\n|\n|t:|1769177128\n|move|p1a: Sharpedo|Waterfall|p2a: Gliscor\n|-supereffective|p2a: Gliscor\n|-damage|p2a: Gliscor|77/245 tox\n|move|p2a: Gliscor|Earthquake|p1a: Sharpedo\n|-crit|p1a: Sharpedo\n|-damage|p1a: Sharpedo|0 fnt\n|faint|p1a: Sharpedo\n|\n|-heal|p2a: Gliscor|107/245 tox|[from] ability: Poison Heal\n|upkeep\n|\n|t:|1769177144\n|switch|p1a: Solgaleo|Solgaleo, L73|320/320\n|turn|21\n|inactive|Meuby Law has 90 seconds left.\n|inactive|Meuby Law has 60 seconds left.\n|inactive|Meuby Law has 30 seconds left.\n|inactive|Meuby Law has 20 seconds left.\n|\n|t:|1769177220\n|switch|p2a: Komala|Komala, L88, M|258/258\n|-ability|p2a: Komala|Comatose\n|move|p1a: Solgaleo|Sunsteel Strike|p2a: Komala\n|-damage|p2a: Komala|131/258\n|\n|upkeep\n|turn|22\n|inactive|Meuby Law has 30 seconds left this turn.\n|\n|t:|1769177230\n|switch|p1a: Pyukumuku|Pyukumuku, L92, M|215/251\n|move|p2a: Komala|Knock Off|p1a: Pyukumuku\n|-damage|p1a: Pyukumuku|159/251\n|-enditem|p1a: Pyukumuku|Leftovers|[from] move: Knock Off|[of] p2a: Komala\n|\n|upkeep\n|turn|23\n|\n|t:|1769177243\n|switch|p2a: Gliscor|Gliscor, L78, F|107/245 tox\n|move|p1a: Pyukumuku|Recover|p1a: Pyukumuku\n|-heal|p1a: Pyukumuku|251/251\n|\n|-heal|p2a: Gliscor|137/245 tox|[from] ability: Poison Heal\n|upkeep\n|turn|24\n|inactive|Meuby Law has 30 seconds left.\n|inactive|Meuby Law has 20 seconds left.\n|inactive|Meuby Law has 15 seconds left.\n|inactive|Meuby Law has 10 seconds left.\n|inactive|Meuby Law has 5 seconds left.\n|\n|t:|1769177292\n|switch|p1a: Hypno|Hypno, L97, F|282/322 tox\n|move|p2a: Gliscor|Taunt|p1a: Hypno\n|-start|p1a: Hypno|move: Taunt\n|\n|-heal|p1a: Hypno|302/322 tox|[from] item: Leftovers\n|-heal|p2a: Gliscor|167/245 tox|[from] ability: Poison Heal\n|-damage|p1a: Hypno|282/322 tox|[from] psn\n|upkeep\n|turn|25\n|inactive|Meuby Law has 15 seconds left this turn.\n|\n|t:|1769177303\n|move|p2a: Gliscor|Earthquake|p1a: Hypno\n|-damage|p1a: Hypno|195/322 tox\n|move|p1a: Hypno|Psychic|p2a: Gliscor\n|-damage|p2a: Gliscor|44/245 tox\n|\n|-heal|p1a: Hypno|215/322 tox|[from] item: Leftovers\n|-heal|p2a: Gliscor|74/245 tox|[from] ability: Poison Heal\n|-damage|p1a: Hypno|175/322 tox|[from] psn\n|upkeep\n|turn|26\n|inactive|Meuby Law has 25 seconds left this turn.\n|inactive|Meuby Law has 20 seconds left.\n|\n|t:|1769177310\n|move|p2a: Gliscor|Roost|p2a: Gliscor\n|-heal|p2a: Gliscor|197/245 tox\n|-singleturn|p2a: Gliscor|move: Roost\n|move|p1a: Hypno|Psychic|p2a: Gliscor\n|-damage|p2a: Gliscor|71/245 tox\n|\n|-heal|p1a: Hypno|195/322 tox|[from] item: Leftovers\n|-heal|p2a: Gliscor|101/245 tox|[from] ability: Poison Heal\n|-damage|p1a: Hypno|135/322 tox|[from] psn\n|-end|p1a: Hypno|move: Taunt\n|upkeep\n|turn|27\n|inactive|Meuby Law has 30 seconds left this turn.\n|\n|t:|1769177314\n|move|p2a: Gliscor|Taunt|p1a: Hypno\n|-start|p1a: Hypno|move: Taunt\n|cant|p1a: Hypno|move: Taunt|Wish\n|\n|-heal|p1a: Hypno|155/322 tox|[from] item: Leftovers\n|-heal|p2a: Gliscor|131/245 tox|[from] ability: Poison Heal\n|-damage|p1a: Hypno|75/322 tox|[from] psn\n|upkeep\n|turn|28\n|\n|t:|1769177318\n|move|p2a: Gliscor|Earthquake|p1a: Hypno\n|-damage|p1a: Hypno|0 fnt\n|faint|p1a: Hypno\n|\n|-heal|p2a: Gliscor|161/245 tox|[from] ability: Poison Heal\n|upkeep\n|\n|t:|1769177322\n|switch|p1a: Solgaleo|Solgaleo, L73|320/320\n|turn|29\n|\n|t:|1769177327\n|move|p2a: Gliscor|Roost|p2a: Gliscor\n|-heal|p2a: Gliscor|245/245 tox\n|-singleturn|p2a: Gliscor|move: Roost\n|move|p1a: Solgaleo|Sunsteel Strike|p2a: Gliscor\n|-damage|p2a: Gliscor|152/245 tox\n|\n|-heal|p2a: Gliscor|182/245 tox|[from] ability: Poison Heal\n|upkeep\n|turn|30\n|\n|t:|1769177331\n|move|p2a: Gliscor|Earthquake|p1a: Solgaleo\n|-supereffective|p1a: Solgaleo\n|-damage|p1a: Solgaleo|146/320\n|move|p1a: Solgaleo|Sunsteel Strike|p2a: Gliscor\n|-damage|p2a: Gliscor|92/245 tox\n|\n|-heal|p2a: Gliscor|122/245 tox|[from] ability: Poison Heal\n|upkeep\n|turn|31\n|\n|t:|1769177337\n|move|p2a: Gliscor|Roost|p2a: Gliscor\n|-heal|p2a: Gliscor|245/245 tox\n|-singleturn|p2a: Gliscor|move: Roost\n|move|p1a: Solgaleo|Sunsteel Strike|p2a: Gliscor\n|-damage|p2a: Gliscor|151/245 tox\n|\n|-heal|p2a: Gliscor|181/245 tox|[from] ability: Poison Heal\n|upkeep\n|turn|32\n|\n|t:|1769177339\n|move|p2a: Gliscor|Earthquake|p1a: Solgaleo\n|-supereffective|p1a: Solgaleo\n|-damage|p1a: Solgaleo|0 fnt\n|faint|p1a: Solgaleo\n|\n|-heal|p2a: Gliscor|211/245 tox|[from] ability: Poison Heal\n|upkeep\n|\n|t:|1769177341\n|switch|p1a: Incineroar|Incineroar, L82, F|290/290\n|-ability|p1a: Incineroar|Intimidate|boost\n|-unboost|p2a: Gliscor|atk|1\n|turn|33\n|\n|t:|1769177346\n|move|p2a: Gliscor|Toxic|p1a: Incineroar|[miss]\n|-miss|p2a: Gliscor|p1a: Incineroar\n|move|p1a: Incineroar|Darkest Lariat|p2a: Gliscor\n|-damage|p2a: Gliscor|124/245 tox\n|\n|-heal|p2a: Gliscor|154/245 tox|[from] ability: Poison Heal\n|upkeep\n|turn|34\n|\n|t:|1769177349\n|move|p2a: Gliscor|Toxic|p1a: Incineroar\n|-status|p1a: Incineroar|tox\n|move|p1a: Incineroar|Overheat|p2a: Gliscor\n|-damage|p2a: Gliscor|18/245 tox\n|-unboost|p1a: Incineroar|spa|2\n|\n|-heal|p2a: Gliscor|48/245 tox|[from] ability: Poison Heal\n|-damage|p1a: Incineroar|272/290 tox|[from] psn\n|upkeep\n|turn|35\n|\n|t:|1769177356\n|move|p2a: Gliscor|Roost|p2a: Gliscor\n|-heal|p2a: Gliscor|171/245 tox\n|-singleturn|p2a: Gliscor|move: Roost\n|move|p1a: Incineroar|U-turn|p2a: Gliscor\n|-damage|p2a: Gliscor|127/245 tox\n|\n|t:|1769177359\n|switch|p1a: Pyukumuku|Pyukumuku, L92, M|251/251|[from] U-turn\n|\n|-heal|p2a: Gliscor|157/245 tox|[from] ability: Poison Heal\n|upkeep\n|turn|36\n|-message|Axoa17 forfeited.\n|\n|win|Meuby Law\n|raw|Axoa17's rating: 1612 &rarr; <strong>1591</strong><br />(-21 for losing)\n|raw|Meuby Law's rating: 1597 &rarr; <strong>1618</strong><br />(+21 for winning)\n|l|☆Axoa17\n|player|p1|\n", "inputlog": ">version dd3d52b8382d73d1dd2c67730c4067df325ab790\n>start {\"formatid\":\"gen7randombattle\",\"seed\":\"sodium,aae113f7c3f9403c5fa40ab94af6aec6\",\"rated\":\"Rated battle\"}\n>player p1 {\"name\":\"Axoa17\",\"avatar\":\"grimsley\",\"rating\":1612,\"seed\":\"sodium,2a7735a8f5b185630209adc6735f29de\"}\n>player p2 {\"name\":\"Meuby Law\",\"avatar\":\"hau-stance\",\"rating\":1597,\"seed\":\"sodium,86a3dc157b3d5808f6fd070e84552d6f\"}\n>p1 switch 3\n>p2 move scald\n>p1 move toxic\n>p2 switch 2\n>p1 switch 2\n>p2 move toxic\n>p1 move icefang\n>p2 switch 2\n>p1 switch 2\n>p2 move scald\n>p1 switch 6\n>p2 switch 2\n>p1 move psychic\n>p2 move toxic\n>p1 move wish\n>p2 switch 5\n>p1 switch 3\n>p2 move return\n>p1 move highjumpkick\n>p2 switch 2\n>p1 move highjumpkick\n>p2 move scald\n>p2 switch 5\n>p1 move flareblitz\n>p2 move roost\n>p1 move flareblitz\n>p2 move roost\n>p1 move swordsdance\n>p2 move roost\n>p1 move protect\n>p2 switch 3\n>p1 move highjumpkick\n>p2 move headcharge\n>p2 switch 4\n>p1 move highjumpkick\n>p2 move suckerpunch\n>p1 switch 3\n>p1 move wish\n>p2 switch 3\n>p1 switch 2\n>p2 move earthquake\n>p1 move waterfall\n>p2 move earthquake\n>p1 switch 4\n>p1 move sunsteelstrike\n>p2 switch 2\n>p1 switch 6\n>p2 move knockoff\n>p1 move recover\n>p2 switch 2\n>p1 switch 2\n>p2 move taunt\n>p1 move psychic\n>p2 move earthquake\n>p1 move psychic\n>p2 move roost\n>p1 move wish\n>p2 move taunt\n>p1 move psychic\n>p2 move earthquake\n>p1 switch 6\n>p1 move sunsteelstrike\n>p2 move roost\n>p1 move sunsteelstrike\n>p2 move earthquake\n>p1 move sunsteelstrike\n>p2 move roost\n>p1 move sunsteelstrike\n>p2 move earthquake\n>p1 switch 5\n>p1 move darkestlariat\n>p2 move toxic\n>p1 move overheat\n>p2 move toxic\n>p1 move uturn\n>p2 move roost\n>p1 switch 2\n>forcelose p1", "uploadtime": 1769177371, "views": 180, "formatid": "gen7randombattle", "rating": 1591, "private": 0, "password": null}