{"id": "gen7randombattle-2526313702", "format": "[Gen 7] Random Battle", "players": ["La.Hellhound", "bin2409"], "log": "|j|‽La.Hellhound\n|j|☆bin2409\n|t:|1769395402\n|gametype|singles\n|player|p1|La.Hellhound|bruno|1686\n|player|p2|bin2409|lucas-gen4pt|1820\n|gen|7\n|tier|[Gen 7] Random Battle\n|rated|\n|rule|Sleep Clause Mod: Limit one foe put to sleep\n|rule|HP Percentage Mod: HP is shown in percentages\n|rule|Illusion Level Mod: Illusion disguises the Pokémon's true level\n|\n|t:|1769395402\n|teamsize|p1|6\n|teamsize|p2|6\n|start\n|switch|p1a: Banette|Banette, L87, M|253/253\n|switch|p2a: Marshadow|Marshadow, L69|239/239\n|-item|p2a: Marshadow|Choice Band|[from] ability: Frisk|[of] p1a: Banette\n|turn|1\n|inactive|Battle timer is ON: inactive players will automatically lose when time's up. (requested by La.Hellhound)\n|inactive|bin2409 has 120 seconds left.\n|\n|t:|1769395433\n|detailschange|p1a: Banette|Banette-Mega, L87, M\n|-mega|p1a: Banette|Banette|Banettite\n|move|p1a: Banette|Will-O-Wisp|p2a: Marshadow\n|-status|p2a: Marshadow|brn\n|move|p2a: Marshadow|Spectral Thief|p1a: Banette\n|-supereffective|p1a: Banette\n|-damage|p1a: Banette|133/253\n|\n|-damage|p2a: Marshadow|225/239 brn|[from] brn\n|upkeep\n|turn|2\n|\n|t:|1769395448\n|switch|p1a: Ambipom|Ambipom, L84, F|263/263\n|move|p2a: Marshadow|Spectral Thief|p1a: Ambipom\n|-immune|p1a: Ambipom\n|\n|-damage|p2a: Marshadow|211/239 brn|[from] brn\n|upkeep\n|turn|3\n|\n|t:|1769395459\n|switch|p2a: Arceus|Arceus-Fighting, L72|292/292\n|move|p1a: Ambipom|Knock Off|p2a: Arceus\n|-resisted|p2a: Arceus\n|-damage|p2a: Arceus|270/292\n|\n|upkeep\n|turn|4\n|\n|t:|1769395471\n|move|p1a: Ambipom|U-turn|p2a: Arceus\n|-resisted|p2a: Arceus\n|-damage|p2a: Arceus|247/292\n|\n|t:|1769395476\n|switch|p1a: Ninjask|Ninjask, L88, F|251/251|[from] U-turn\n|move|p2a: Arceus|Calm Mind|p2a: Arceus\n|-boost|p2a: Arceus|spa|1\n|-boost|p2a: Arceus|spd|1\n|\n|upkeep\n|turn|5\n|\n|t:|1769395491\n|move|p1a: Ninjask|Aerial Ace|p2a: Arceus\n|-supereffective|p2a: Arceus\n|-damage|p2a: Arceus|75/292\n|-damage|p1a: Ninjask|226/251|[from] item: Life Orb\n|move|p2a: Arceus|Shadow Ball|p1a: Ninjask\n|-damage|p1a: Ninjask|128/251\n|\n|upkeep\n|turn|6\n|\n|t:|1769395501\n|switch|p2a: Kingler|Kingler, L87, M|237/237\n|move|p1a: Ninjask|Aerial Ace|p2a: Kingler\n|-damage|p2a: Kingler|163/237\n|-damage|p1a: Ninjask|103/251|[from] item: Life Orb\n|\n|upkeep\n|turn|7\n|\n|t:|1769395509\n|switch|p1a: Keldeo|Keldeo, L80|277/277\n|move|p2a: Kingler|Liquidation|p1a: Keldeo\n|-resisted|p1a: Keldeo\n|-damage|p1a: Keldeo|170/277\n|\n|-heal|p1a: Keldeo|187/277|[from] item: Leftovers\n|upkeep\n|turn|8\n|\n|t:|1769395525\n|switch|p2a: Exeggutor|Exeggutor, L90, F|316/316\n|move|p1a: Keldeo|Substitute|p1a: Keldeo\n|-start|p1a: Keldeo|Substitute\n|-damage|p1a: Keldeo|118/277\n|\n|-heal|p1a: Keldeo|135/277|[from] item: Leftovers\n|upkeep\n|turn|9\n|\n|t:|1769395533\n|move|p1a: Keldeo|Calm Mind|p1a: Keldeo\n|-boost|p1a: Keldeo|spa|1\n|-boost|p1a: Keldeo|spd|1\n|move|p2a: Exeggutor|Psychic|p1a: Keldeo\n|-supereffective|p1a: Keldeo\n|-end|p1a: Keldeo|Substitute\n|\n|-heal|p1a: Keldeo|152/277|[from] item: Leftovers\n|upkeep\n|turn|10\n|\n|t:|1769395541\n|switch|p1a: Shiftry|Shiftry, L90, M|308/308\n|move|p2a: Exeggutor|Psychic|p1a: Shiftry\n|-immune|p1a: Shiftry\n|\n|upkeep\n|turn|11\n|\n|t:|1769395550\n|switch|p2a: Marshadow|Marshadow, L69|211/239 brn\n|move|p1a: Shiftry|Knock Off|p2a: Marshadow\n|-damage|p2a: Marshadow|0 fnt\n|-enditem|p2a: Marshadow|Choice Band|[from] move: Knock Off|[of] p1a: Shiftry\n|faint|p2a: Marshadow\n|-damage|p1a: Shiftry|278/308|[from] item: Life Orb\n|\n|upkeep\n|\n|t:|1769395560\n|switch|p2a: Arceus|Arceus-Fighting, L72|75/292\n|turn|12\n|\n|t:|1769395569\n|switch|p1a: Ninjask|Ninjask, L88, F|103/251\n|move|p2a: Arceus|Recover|p2a: Arceus\n|-heal|p2a: Arceus|221/292\n|\n|upkeep\n|turn|13\n|inactive|bin2409 has 120 seconds left.\n|\n|t:|1769395619\n|switch|p2a: Kingler|Kingler, L87, M|163/237\n|move|p1a: Ninjask|Swords Dance|p1a: Ninjask\n|-boost|p1a: Ninjask|atk|2\n|\n|upkeep\n|turn|14\n|\n|t:|1769395626\n|move|p1a: Ninjask|Leech Life|p2a: Kingler\n|-damage|p2a: Kingler|0 fnt\n|-heal|p1a: Ninjask|185/251|[from] drain|[of] p2a: Kingler\n|faint|p2a: Kingler\n|-damage|p1a: Ninjask|160/251|[from] item: Life Orb\n|\n|upkeep\n|\n|t:|1769395641\n|switch|p2a: Haxorus|Haxorus, L75, F|238/238\n|-ability|p2a: Haxorus|Mold Breaker\n|turn|15\n|\n|t:|1769395647\n|move|p1a: Ninjask|Leech Life|p2a: Haxorus\n|-damage|p2a: Haxorus|0 fnt\n|-heal|p1a: Ninjask|251/251|[from] drain|[of] p2a: Haxorus\n|faint|p2a: Haxorus\n|-damage|p1a: Ninjask|226/251|[from] item: Life Orb\n|\n|upkeep\n|\n|t:|1769395652\n|switch|p2a: Linoone|Linoone, L81, M|258/258\n|turn|16\n|inactive|bin2409 has 120 seconds left.\n|\n|t:|1769395658\n|move|p1a: Ninjask|Leech Life|p2a: Linoone\n|-damage|p2a: Linoone|0 fnt\n|-heal|p1a: Ninjask|251/251|[from] drain|[of] p2a: Linoone\n|faint|p2a: Linoone\n|-damage|p1a: Ninjask|226/251|[from] item: Life Orb\n|\n|upkeep\n|\n|t:|1769395660\n|switch|p2a: Arceus|Arceus-Fighting, L72|221/292\n|turn|17\n|c|☆bin2409|Gg\n|\n|t:|1769395666\n|move|p1a: Ninjask|Aerial Ace|p2a: Arceus\n|-supereffective|p2a: Arceus\n|-damage|p2a: Arceus|0 fnt\n|faint|p2a: Arceus\n|-damage|p1a: Ninjask|201/251|[from] item: Life Orb\n|\n|upkeep\n|\n|t:|1769395668\n|switch|p2a: Exeggutor|Exeggutor, L90, F|316/316\n|turn|18\n|\n|t:|1769395673\n|move|p1a: Ninjask|Leech Life|p2a: Exeggutor\n|-supereffective|p2a: Exeggutor\n|-damage|p2a: Exeggutor|0 fnt\n|-heal|p1a: Ninjask|251/251|[from] drain|[of] p2a: Exeggutor\n|faint|p2a: Exeggutor\n|-damage|p1a: Ninjask|226/251|[from] item: Life Orb\n|\n|win|La.Hellhound\n|raw|La.Hellhound's rating: 1686 &rarr; <strong>1713</strong><br />(+27 for winning)\n|raw|bin2409's rating: 1820 &rarr; <strong>1793</strong><br />(-27 for losing)\n", "inputlog": ">version b99ff0165a6231f17e8b78c2a78d1998375de664\n>start {\"formatid\":\"gen7randombattle\",\"seed\":\"sodium,05c912d877e59a0c03c8c731a4bf9113\",\"rated\":\"Rated battle\"}\n>player p1 {\"name\":\"La.Hellhound\",\"avatar\":\"bruno\",\"rating\":1686,\"seed\":\"sodium,7bb2317efcc5090e8034bd28949c947d\"}\n>player p2 {\"name\":\"bin2409\",\"avatar\":\"lucas-gen4pt\",\"rating\":1820,\"seed\":\"sodium,00e100156a9428d0e9fbd7830327ced2\"}\n>p1 move willowisp mega\n>p2 move spectralthief\n>p1 switch 3\n>p2 move spectralthief\n>p1 move knockoff\n>p2 switch 5\n>p1 move uturn\n>p2 move calmmind\n>p1 switch 4\n>p1 move aerialace\n>p2 move shadowball\n>p1 move aerialace\n>p2 switch 6\n>p1 switch 6\n>p2 move liquidation\n>p1 move substitute\n>p2 switch 4\n>p1 move calmmind\n>p2 move psychic\n>p1 switch 5\n>p2 move psychic\n>p1 move knockoff\n>p2 switch 5\n>p2 switch 6\n>p1 switch 6\n>p2 move recover\n>p1 move swordsdance\n>p2 switch 4\n>p1 move leechlife\n>p2 move liquidation\n>p2 switch 3\n>p1 move leechlife\n>p2 move outrage zmove\n>p2 switch 2\n>p1 move leechlife\n>p2 move bellydrum\n>p2 switch 4\n>chat ☆bin2409|Gg\n>p1 move aerialace\n>p2 move shadowball\n>p2 switch 5\n>p1 move leechlife\n>p2 move psychic", "uploadtime": 1769395681, "views": 195, "formatid": "gen7randombattle", "rating": 1713, "private": 0, "password": null}