{"id": "gen7randombattle-2533845171", "format": "[Gen 7] Random Battle", "players": ["plop in my pants", "UFO VSkee"], "log": "|j|☆plop in my pants\n|j|‽UFO VSkee\n|t:|1770348365\n|gametype|singles\n|player|p1|plop in my pants|teamrocket|1778\n|player|p2|UFO VSkee|emmet|1719\n|gen|7\n|tier|[Gen 7] Random Battle\n|rated|\n|rule|Sleep Clause Mod: Limit one foe put to sleep\n|rule|HP Percentage Mod: HP is shown in percentages\n|rule|Illusion Level Mod: Illusion disguises the Pokémon's true level\n|\n|t:|1770348365\n|teamsize|p1|6\n|teamsize|p2|6\n|start\n|switch|p1a: Jirachi|Jirachi, L76|277/277\n|switch|p2a: Azelf|Azelf, L82|257/257\n|turn|1\n|inactive|Battle timer is ON: inactive players will automatically lose when time's up. (requested by UFO VSkee)\n|\n|t:|1770348373\n|move|p2a: Azelf|Stealth Rock|p1a: Jirachi\n|-sidestart|p1: plop in my pants|move: Stealth Rock\n|move|p1a: Jirachi|Body Slam|p2a: Azelf\n|-damage|p2a: Azelf|198/257\n|-status|p2a: Azelf|par\n|\n|upkeep\n|turn|2\n|\n|t:|1770348382\n|switch|p2a: Zebstrika|Zebstrika, L88, F|275/275\n|move|p1a: Jirachi|Iron Head|p2a: Zebstrika\n|-resisted|p2a: Zebstrika\n|-damage|p2a: Zebstrika|234/275\n|\n|upkeep\n|turn|3\n|\n|t:|1770348387\n|switch|p1a: Gigalith|Gigalith, L82, M|274/274\n|-damage|p1a: Gigalith|240/274|[from] Stealth Rock\n|-weather|Sandstorm|[from] ability: Sand Stream|[of] p1a: Gigalith\n|move|p2a: Zebstrika|Volt Switch|p1a: Gigalith\n|-damage|p1a: Gigalith|155/274\n|\n|t:|1770348390\n|switch|p2a: Mamoswine|Mamoswine, L79, M|303/303|[from] Volt Switch\n|\n|-weather|Sandstorm|[upkeep]\n|-heal|p1a: Gigalith|172/274|[from] item: Leftovers\n|upkeep\n|turn|4\n|\n|t:|1770348396\n|switch|p1a: Tangrowth|Tangrowth, L89, F|323/323\n|-damage|p1a: Tangrowth|283/323|[from] Stealth Rock\n|move|p2a: Mamoswine|Earthquake|p1a: Tangrowth\n|-resisted|p1a: Tangrowth\n|-damage|p1a: Tangrowth|220/323\n|\n|-weather|Sandstorm|[upkeep]\n|-damage|p1a: Tangrowth|200/323|[from] Sandstorm\n|-heal|p1a: Tangrowth|220/323|[from] item: Leftovers\n|upkeep\n|turn|5\n|\n|t:|1770348405\n|switch|p2a: Toxicroak|Toxicroak, L84, F|277/277\n|move|p1a: Tangrowth|Knock Off|p2a: Toxicroak\n|-resisted|p2a: Toxicroak\n|-damage|p2a: Toxicroak|227/277\n|-enditem|p2a: Toxicroak|Life Orb|[from] move: Knock Off|[of] p1a: Tangrowth\n|\n|-weather|Sandstorm|[upkeep]\n|-damage|p2a: Toxicroak|210/277|[from] Sandstorm\n|-damage|p1a: Tangrowth|200/323|[from] Sandstorm\n|-heal|p1a: Tangrowth|220/323|[from] item: Leftovers\n|upkeep\n|turn|6\n|\n|t:|1770348419\n|switch|p1a: Jirachi|Jirachi, L76|277/277\n|-damage|p1a: Jirachi|260/277|[from] Stealth Rock\n|move|p2a: Toxicroak|Knock Off|p1a: Jirachi\n|-supereffective|p1a: Jirachi\n|-damage|p1a: Jirachi|104/277\n|-enditem|p1a: Jirachi|Assault Vest|[from] move: Knock Off|[of] p2a: Toxicroak\n|\n|-weather|Sandstorm|[upkeep]\n|-damage|p2a: Toxicroak|193/277|[from] Sandstorm\n|upkeep\n|turn|7\n|\n|t:|1770348429\n|switch|p2a: Zebstrika|Zebstrika, L88, F|234/275\n|move|p1a: Jirachi|U-turn|p2a: Zebstrika\n|-damage|p2a: Zebstrika|182/275\n|\n|t:|1770348431\n|switch|p1a: Gigalith|Gigalith, L82, M|172/274|[from] U-turn\n|-damage|p1a: Gigalith|138/274|[from] Stealth Rock\n|\n|-weather|none\n|-heal|p1a: Gigalith|155/274|[from] item: Leftovers\n|upkeep\n|turn|8\n|\n|t:|1770348436\n|move|p2a: Zebstrika|Volt Switch|p1a: Gigalith\n|-damage|p1a: Gigalith|41/274\n|\n|t:|1770348444\n|switch|p2a: Azelf|Azelf, L82|198/257 par|[from] Volt Switch\n|move|p1a: Gigalith|Stealth Rock|p2a: Azelf\n|-sidestart|p2: UFO VSkee|move: Stealth Rock\n|\n|-heal|p1a: Gigalith|58/274|[from] item: Leftovers\n|upkeep\n|turn|9\n|\n|t:|1770348448\n|switch|p1a: Jirachi|Jirachi, L76|104/277\n|-damage|p1a: Jirachi|87/277|[from] Stealth Rock\n|move|p2a: Azelf|Psychic|p1a: Jirachi\n|-resisted|p1a: Jirachi\n|-damage|p1a: Jirachi|57/277\n|\n|upkeep\n|turn|10\n|\n|t:|1770348454\n|move|p1a: Jirachi|U-turn|p2a: Azelf\n|-supereffective|p2a: Azelf\n|-damage|p2a: Azelf|90/257 par\n|\n|t:|1770348457\n|switch|p1a: Gigalith|Gigalith, L82, M|58/274|[from] U-turn\n|-damage|p1a: Gigalith|24/274|[from] Stealth Rock\n|-weather|Sandstorm|[from] ability: Sand Stream|[of] p1a: Gigalith\n|move|p2a: Azelf|Knock Off|p1a: Gigalith\n|-damage|p1a: Gigalith|0 fnt\n|-enditem|p1a: Gigalith|Leftovers|[from] move: Knock Off|[of] p2a: Azelf\n|faint|p1a: Gigalith\n|\n|-weather|Sandstorm|[upkeep]\n|-damage|p2a: Azelf|74/257 par|[from] Sandstorm\n|upkeep\n|\n|t:|1770348461\n|switch|p1a: Jirachi|Jirachi, L76|57/277\n|-damage|p1a: Jirachi|40/277|[from] Stealth Rock\n|turn|11\n|\n|t:|1770348466\n|move|p1a: Jirachi|Iron Head|p2a: Azelf\n|-damage|p2a: Azelf|0 fnt\n|faint|p2a: Azelf\n|\n|-weather|Sandstorm|[upkeep]\n|upkeep\n|\n|t:|1770348469\n|switch|p2a: Zebstrika|Zebstrika, L88, F|182/275\n|-damage|p2a: Zebstrika|148/275|[from] Stealth Rock\n|turn|12\n|\n|t:|1770348475\n|switch|p1a: Tangrowth|Tangrowth, L89, F|323/323\n|-damage|p1a: Tangrowth|283/323|[from] Stealth Rock\n|move|p2a: Zebstrika|Volt Switch|p1a: Tangrowth\n|-resisted|p1a: Tangrowth\n|-damage|p1a: Tangrowth|211/323\n|\n|t:|1770348486\n|switch|p2a: Toxicroak|Toxicroak, L84, F|193/277|[from] Volt Switch\n|-damage|p2a: Toxicroak|176/277|[from] Stealth Rock\n|\n|-weather|Sandstorm|[upkeep]\n|-damage|p2a: Toxicroak|159/277|[from] Sandstorm\n|-damage|p1a: Tangrowth|191/323|[from] Sandstorm\n|-heal|p1a: Tangrowth|211/323|[from] item: Leftovers\n|upkeep\n|turn|13\n|\n|t:|1770348490\n|switch|p1a: Jirachi|Jirachi, L76|40/277\n|-damage|p1a: Jirachi|23/277|[from] Stealth Rock\n|move|p2a: Toxicroak|Drain Punch|p1a: Jirachi\n|-damage|p1a: Jirachi|0 fnt\n|-heal|p2a: Toxicroak|171/277|[from] drain|[of] p1a: Jirachi\n|faint|p1a: Jirachi\n|\n|-weather|Sandstorm|[upkeep]\n|-damage|p2a: Toxicroak|154/277|[from] Sandstorm\n|upkeep\n|\n|t:|1770348499\n|switch|p1a: Braviary|Braviary, L83, M|302/302\n|-damage|p1a: Braviary|227/302|[from] Stealth Rock\n|turn|14\n|\n|t:|1770348509\n|switch|p2a: Zebstrika|Zebstrika, L88, F|148/275\n|-damage|p2a: Zebstrika|114/275|[from] Stealth Rock\n|move|p1a: Braviary|Return|p2a: Zebstrika\n|-damage|p2a: Zebstrika|0 fnt\n|faint|p2a: Zebstrika\n|\n|-weather|none\n|upkeep\n|\n|t:|1770348514\n|switch|p2a: Mamoswine|Mamoswine, L79, M|303/303\n|-damage|p2a: Mamoswine|266/303|[from] Stealth Rock\n|turn|15\n|\n|t:|1770348520\n|move|p1a: Braviary|Return|p2a: Mamoswine\n|-damage|p2a: Mamoswine|29/303\n|move|p2a: Mamoswine|Icicle Crash|p1a: Braviary\n|-supereffective|p1a: Braviary\n|-damage|p1a: Braviary|0 fnt\n|faint|p1a: Braviary\n|\n|upkeep\n|\n|t:|1770348528\n|switch|p1a: Silvally|Silvally-Ice, L87|307/307\n|-damage|p1a: Silvally|231/307|[from] Stealth Rock\n|turn|16\n|\n|t:|1770348532\n|move|p1a: Silvally|Multi-Attack|p2a: Mamoswine\n|-damage|p2a: Mamoswine|0 fnt\n|faint|p2a: Mamoswine\n|\n|upkeep\n|\n|t:|1770348536\n|switch|p2a: Toxicroak|Toxicroak, L84, F|154/277\n|-damage|p2a: Toxicroak|137/277|[from] Stealth Rock\n|turn|17\n|\n|t:|1770348539\n|move|p1a: Silvally|Multi-Attack|p2a: Toxicroak\n|-damage|p2a: Toxicroak|22/277\n|move|p2a: Toxicroak|Drain Punch|p1a: Silvally\n|-supereffective|p1a: Silvally\n|-damage|p1a: Silvally|87/307\n|-heal|p2a: Toxicroak|94/277|[from] drain|[of] p1a: Silvally\n|\n|upkeep\n|turn|18\n|\n|t:|1770348543\n|move|p1a: Silvally|Multi-Attack|p2a: Toxicroak\n|-damage|p2a: Toxicroak|0 fnt\n|faint|p2a: Toxicroak\n|\n|upkeep\n|\n|t:|1770348545\n|switch|p2a: Sharpedo|Sharpedo, L82, M|249/249\n|-damage|p2a: Sharpedo|218/249|[from] Stealth Rock\n|turn|19\n|\n|t:|1770348548\n|move|p1a: Silvally|Thunderbolt|p2a: Sharpedo\n|-supereffective|p2a: Sharpedo\n|-damage|p2a: Sharpedo|0 fnt\n|faint|p2a: Sharpedo\n|\n|upkeep\n|\n|t:|1770348551\n|switch|p2a: Guzzlord|Guzzlord, L86|524/524\n|-damage|p2a: Guzzlord|459/524|[from] Stealth Rock\n|turn|20\n|\n|t:|1770348554\n|move|p1a: Silvally|Multi-Attack|p2a: Guzzlord\n|-supereffective|p2a: Guzzlord\n|-damage|p2a: Guzzlord|175/524\n|move|p2a: Guzzlord|Heavy Slam|p1a: Silvally\n|-supereffective|p1a: Silvally\n|-damage|p1a: Silvally|0 fnt\n|faint|p1a: Silvally\n|-ability|p2a: Guzzlord|Beast Boost|boost\n|-boost|p2a: Guzzlord|atk|1\n|\n|upkeep\n|\n|t:|1770348572\n|switch|p1a: Tangrowth|Tangrowth, L89, F|318/323\n|-damage|p1a: Tangrowth|278/323|[from] Stealth Rock\n|turn|21\n|\n|t:|1770348580\n|move|p1a: Tangrowth|Knock Off|p2a: Guzzlord\n|-resisted|p2a: Guzzlord\n|-damage|p2a: Guzzlord|121/524\n|-enditem|p2a: Guzzlord|Assault Vest|[from] move: Knock Off|[of] p1a: Tangrowth\n|move|p2a: Guzzlord|Draco Meteor|p1a: Tangrowth\n|-damage|p1a: Tangrowth|76/323\n|-unboost|p2a: Guzzlord|spa|2\n|\n|-heal|p1a: Tangrowth|96/323|[from] item: Leftovers\n|upkeep\n|turn|22\n|\n|t:|1770348586\n|move|p1a: Tangrowth|Sludge Bomb|p2a: Guzzlord\n|-damage|p2a: Guzzlord|4/524\n|move|p2a: Guzzlord|Knock Off|p1a: Tangrowth\n|-damage|p1a: Tangrowth|0 fnt\n|-enditem|p1a: Tangrowth|Leftovers|[from] move: Knock Off|[of] p2a: Guzzlord\n|faint|p1a: Tangrowth\n|-ability|p2a: Guzzlord|Beast Boost|boost\n|-boost|p2a: Guzzlord|atk|1\n|\n|upkeep\n|\n|t:|1770348589\n|switch|p1a: Minior|Minior-Violet, L79|223/223\n|-damage|p1a: Minior|168/223|[from] Stealth Rock\n|-formechange|p1a: Minior|Minior-Meteor||[from] ability: Shields Down\n|turn|23\n|\n|t:|1770348592\n|move|p1a: Minior|Power Gem|p2a: Guzzlord\n|-damage|p2a: Guzzlord|0 fnt\n|faint|p2a: Guzzlord\n|\n|win|plop in my pants\n|raw|plop in my pants's rating: 1778 &rarr; <strong>1795</strong><br />(+17 for winning)\n|raw|UFO VSkee's rating: 1719 &rarr; <strong>1702</strong><br />(-17 for losing)\n|c|☆plop in my pants|gg\n", "inputlog": ">version ccdc32dd7cde25fd9e4bed64820e885f66e78a4e\n>start {\"formatid\":\"gen7randombattle\",\"seed\":\"sodium,be3207388073e07799616e0404c93b74\",\"rated\":\"Rated battle\"}\n>player p1 {\"name\":\"plop in my pants\",\"avatar\":\"teamrocket\",\"rating\":1778,\"seed\":\"sodium,b79e98d7593dd01313924a56ba1e1d3f\"}\n>player p2 {\"name\":\"UFO VSkee\",\"avatar\":\"emmet\",\"rating\":1719,\"seed\":\"sodium,a10bbf7651859e8d60be125343bb80c3\"}\n>p1 move bodyslam\n>p2 move stealthrock\n>p1 move ironhead\n>p2 switch 3\n>p1 switch 2\n>p2 move voltswitch\n>p2 switch 2\n>p1 switch 3\n>p2 move earthquake\n>p1 move knockoff\n>p2 switch 5\n>p1 switch 2\n>p2 move knockoff\n>p1 move uturn\n>p2 switch 2\n>p1 switch 3\n>p1 move stealthrock\n>p2 move voltswitch\n>p2 switch 3\n>p1 switch 3\n>p2 move psychic\n>p1 move uturn\n>p2 move knockoff\n>p1 switch 3\n>p1 switch 3\n>p1 move ironhead\n>p2 move knockoff\n>p2 switch 3\n>p1 switch 2\n>p2 move voltswitch\n>p2 switch 2\n>p1 switch 2\n>p2 move drainpunch\n>p1 switch 5\n>p1 move return\n>p2 switch 2\n>p2 switch 5\n>p1 move return\n>p2 move iciclecrash\n>p1 switch 6\n>p1 move multiattack\n>p2 move iciclecrash\n>p2 switch 2\n>p1 move multiattack\n>p2 move drainpunch\n>p1 move multiattack\n>p2 move drainpunch\n>p2 switch 6\n>p1 move thunderbolt\n>p2 move crunch\n>p2 switch 4\n>p1 move multiattack\n>p2 move heavyslam\n>p1 switch 2\n>p1 move knockoff\n>p2 move dracometeor\n>p1 move sludgebomb\n>p2 move knockoff\n>p1 switch 4\n>p1 move powergem\n>p2 move heavyslam", "uploadtime": 1770348595, "views": 198, "formatid": "gen7randombattle", "rating": 1702, "private": 0, "password": null}