{"id": "gen7randombattle-2535915604", "format": "[Gen 7] Random Battle", "players": ["juano", "may/gen3"], "log": "|j|☆juano\n|j|☆may/gen3\n|t:|1770631877\n|gametype|singles\n|player|p1|juano|#losjuegosdelazariii|1609\n|player|p2|may/gen3|may|1720\n|gen|7\n|tier|[Gen 7] Random Battle\n|rated|\n|rule|Sleep Clause Mod: Limit one foe put to sleep\n|rule|HP Percentage Mod: HP is shown in percentages\n|rule|Illusion Level Mod: Illusion disguises the Pokémon's true level\n|\n|t:|1770631877\n|teamsize|p1|6\n|teamsize|p2|6\n|start\n|switch|p1a: Primarina|Primarina, L83, F|268/268\n|switch|p2a: Blastoise|Blastoise, L86, M|276/276\n|turn|1\n|inactive|Battle timer is ON: inactive players will automatically lose when time's up. (requested by may/gen3)\n|\n|t:|1770631890\n|switch|p1a: Togedemaru|Togedemaru, L86, F|252/252\n|move|p2a: Blastoise|Toxic|p1a: Togedemaru\n|-immune|p1a: Togedemaru\n|\n|upkeep\n|turn|2\n|c|☆may/gen3|hi\n|\n|t:|1770631899\n|move|p1a: Togedemaru|Super Fang|p2a: Blastoise|[miss]\n|-miss|p1a: Togedemaru|p2a: Blastoise\n|move|p2a: Blastoise|Scald|p1a: Togedemaru\n|-damage|p1a: Togedemaru|192/252\n|\n|upkeep\n|turn|3\n|\n|t:|1770631905\n|move|p1a: Togedemaru|Zing Zap|p2a: Blastoise\n|-supereffective|p2a: Blastoise\n|-damage|p2a: Blastoise|130/276\n|move|p2a: Blastoise|Scald|p1a: Togedemaru\n|-damage|p1a: Togedemaru|131/252\n|\n|-heal|p2a: Blastoise|147/276|[from] item: Leftovers\n|upkeep\n|turn|4\n|\n|t:|1770631913\n|move|p2a: Blastoise|Protect|p2a: Blastoise\n|-singleturn|p2a: Blastoise|Protect\n|move|p1a: Togedemaru|Zing Zap|p2a: Blastoise\n|-activate|p2a: Blastoise|move: Protect\n|\n|-heal|p2a: Blastoise|164/276|[from] item: Leftovers\n|upkeep\n|turn|5\n|\n|t:|1770631918\n|switch|p2a: Cofagrigus|Cofagrigus, L89, M|248/248\n|move|p1a: Togedemaru|Nuzzle|p2a: Cofagrigus\n|-damage|p2a: Cofagrigus|232/248\n|-status|p2a: Cofagrigus|par\n|-ability|p1a: Togedemaru|Mummy|Lightning Rod|[from] ability: Mummy|[of] p2a: Cofagrigus\n|-activate|p2a: Cofagrigus|ability: Mummy|Lightning Rod|[of] p1a: Togedemaru\n|\n|-heal|p2a: Cofagrigus|247/248 par|[from] item: Leftovers\n|upkeep\n|turn|6\n|\n|t:|1770631938\n|switch|p1a: Turtonator|Turtonator, L88, M|249/249\n|move|p2a: Cofagrigus|Nasty Plot|p2a: Cofagrigus\n|-boost|p2a: Cofagrigus|spa|2\n|\n|-heal|p2a: Cofagrigus|248/248 par|[from] item: Leftovers\n|upkeep\n|turn|7\n|\n|t:|1770631945\n|move|p1a: Turtonator|Fire Blast|p2a: Cofagrigus\n|-damage|p2a: Cofagrigus|146/248 par\n|move|p2a: Cofagrigus|Trick Room|p2a: Cofagrigus\n|-fieldstart|move: Trick Room|[of] p2a: Cofagrigus\n|\n|-heal|p2a: Cofagrigus|161/248 par|[from] item: Leftovers\n|upkeep\n|turn|8\n|\n|t:|1770631954\n|cant|p2a: Cofagrigus|par\n|move|p1a: Turtonator|Fire Blast|p2a: Cofagrigus\n|-damage|p2a: Cofagrigus|65/248 par\n|\n|-heal|p2a: Cofagrigus|80/248 par|[from] item: Leftovers\n|upkeep\n|turn|9\n|\n|t:|1770631959\n|cant|p2a: Cofagrigus|par\n|move|p1a: Turtonator|Draco Meteor|p2a: Cofagrigus\n|-damage|p2a: Cofagrigus|0 fnt\n|-unboost|p1a: Turtonator|spa|2\n|faint|p2a: Cofagrigus\n|\n|upkeep\n|\n|t:|1770631967\n|switch|p2a: Blastoise|Blastoise, L86, M|164/276\n|turn|10\n|\n|t:|1770631974\n|switch|p1a: Alomomola|Alomomola, L87, F|429/429\n|move|p2a: Blastoise|Scald|p1a: Alomomola\n|-resisted|p1a: Alomomola\n|-damage|p1a: Alomomola|368/429\n|-status|p1a: Alomomola|brn\n|\n|-heal|p2a: Blastoise|181/276|[from] item: Leftovers\n|-damage|p1a: Alomomola|342/429 brn|[from] brn\n|upkeep\n|turn|11\n|\n|t:|1770631981\n|switch|p2a: Skarmory|Skarmory, L75, M|221/221\n|move|p1a: Alomomola|Toxic|p2a: Skarmory\n|-immune|p2a: Skarmory\n|\n|-damage|p1a: Alomomola|316/429 brn|[from] brn\n|-fieldend|move: Trick Room\n|upkeep\n|turn|12\n|\n|t:|1770631986\n|move|p1a: Alomomola|Wish|p1a: Alomomola\n|move|p2a: Skarmory|Stealth Rock|p1a: Alomomola\n|-sidestart|p1: juano|move: Stealth Rock\n|\n|-damage|p1a: Alomomola|290/429 brn|[from] brn\n|upkeep\n|turn|13\n|\n|t:|1770631992\n|switch|p2a: Hitmontop|Hitmontop, L90, M|236/236\n|-ability|p2a: Hitmontop|Intimidate|boost\n|-unboost|p1a: Alomomola|atk|1\n|move|p1a: Alomomola|Scald|p2a: Hitmontop\n|-damage|p2a: Hitmontop|199/236\n|\n|-heal|p1a: Alomomola|429/429 brn|[from] move: Wish|[wisher] Alomomola\n|-heal|p2a: Hitmontop|213/236|[from] item: Leftovers\n|-damage|p1a: Alomomola|403/429 brn|[from] brn\n|upkeep\n|turn|14\n|\n|t:|1770631999\n|move|p2a: Hitmontop|Close Combat|p1a: Alomomola\n|-damage|p1a: Alomomola|258/429 brn\n|-unboost|p2a: Hitmontop|def|1\n|-unboost|p2a: Hitmontop|spd|1\n|-damage|p2a: Hitmontop|174/236|[from] item: Rocky Helmet|[of] p1a: Alomomola\n|move|p1a: Alomomola|Wish|p1a: Alomomola\n|\n|-heal|p2a: Hitmontop|188/236|[from] item: Leftovers\n|-damage|p1a: Alomomola|232/429 brn|[from] brn\n|upkeep\n|turn|15\n|j| wowowd\n|\n|t:|1770632008\n|move|p2a: Hitmontop|Close Combat|p1a: Alomomola\n|-damage|p1a: Alomomola|82/429 brn\n|-unboost|p2a: Hitmontop|def|1\n|-unboost|p2a: Hitmontop|spd|1\n|-damage|p2a: Hitmontop|149/236|[from] item: Rocky Helmet|[of] p1a: Alomomola\n|move|p1a: Alomomola|Scald|p2a: Hitmontop\n|-damage|p2a: Hitmontop|65/236\n|\n|-heal|p1a: Alomomola|296/429 brn|[from] move: Wish|[wisher] Alomomola\n|-heal|p2a: Hitmontop|79/236|[from] item: Leftovers\n|-damage|p1a: Alomomola|270/429 brn|[from] brn\n|upkeep\n|turn|16\n|j| Voisinus2000\n|\n|t:|1770632017\n|switch|p2a: Skarmory|Skarmory, L75, M|221/221\n|move|p1a: Alomomola|Wish|p1a: Alomomola\n|\n|-damage|p1a: Alomomola|244/429 brn|[from] brn\n|upkeep\n|turn|17\n|\n|t:|1770632028\n|move|p1a: Alomomola|Scald|p2a: Skarmory\n|-damage|p2a: Skarmory|155/221\n|move|p2a: Skarmory|Whirlwind|p1a: Alomomola\n|drag|p1a: Dugtrio|Dugtrio, L84, M|196/196\n|-damage|p1a: Dugtrio|184/196|[from] Stealth Rock\n|\n|-heal|p1a: Dugtrio|196/196|[from] move: Wish|[wisher] Alomomola\n|-heal|p2a: Skarmory|168/221|[from] item: Leftovers\n|upkeep\n|turn|18\n|\n|t:|1770632038\n|move|p1a: Dugtrio|Stealth Rock|p2a: Skarmory\n|-sidestart|p2: may/gen3|move: Stealth Rock\n|move|p2a: Skarmory|Whirlwind|p1a: Dugtrio\n|drag|p1a: Mawile|Mawile, L78, F|206/206\n|-damage|p1a: Mawile|194/206|[from] Stealth Rock\n|-ability|p1a: Mawile|Intimidate|boost\n|-unboost|p2a: Skarmory|atk|1\n|\n|-heal|p2a: Skarmory|181/221|[from] item: Leftovers\n|upkeep\n|turn|19\n|\n|t:|1770632047\n|detailschange|p1a: Mawile|Mawile-Mega, L78, F\n|-mega|p1a: Mawile|Mawile|Mawilite\n|move|p1a: Mawile|Knock Off|p2a: Skarmory\n|-crit|p2a: Skarmory\n|-damage|p2a: Skarmory|33/221\n|-enditem|p2a: Skarmory|Leftovers|[from] move: Knock Off|[of] p1a: Mawile\n|move|p2a: Skarmory|Whirlwind|p1a: Mawile\n|drag|p1a: Turtonator|Turtonator, L88, M|249/249\n|-damage|p1a: Turtonator|187/249|[from] Stealth Rock\n|\n|upkeep\n|turn|20\n|\n|t:|1770632058\n|move|p2a: Skarmory|Brave Bird|p1a: Turtonator\n|-damage|p1a: Turtonator|145/249\n|-damage|p2a: Skarmory|19/221|[from] Recoil\n|move|p1a: Turtonator|Fire Blast|p2a: Skarmory\n|-supereffective|p2a: Skarmory\n|-damage|p2a: Skarmory|0 fnt\n|faint|p2a: Skarmory\n|\n|upkeep\n|\n|t:|1770632063\n|switch|p2a: Hitmontop|Hitmontop, L90, M|79/236\n|-damage|p2a: Hitmontop|65/236|[from] Stealth Rock\n|-ability|p2a: Hitmontop|Intimidate|boost\n|-unboost|p1a: Turtonator|atk|1\n|turn|21\n|l| Voisinus2000\n|\n|t:|1770632073\n|switch|p1a: Primarina|Primarina, L83, F|268/268\n|-damage|p1a: Primarina|235/268|[from] Stealth Rock\n|move|p2a: Hitmontop|Earthquake|p1a: Primarina\n|-damage|p1a: Primarina|140/268\n|\n|-heal|p2a: Hitmontop|79/236|[from] item: Leftovers\n|upkeep\n|turn|22\n|\n|t:|1770632082\n|move|p1a: Primarina|Moonblast|p2a: Hitmontop\n|-supereffective|p2a: Hitmontop\n|-damage|p2a: Hitmontop|0 fnt\n|faint|p2a: Hitmontop\n|\n|upkeep\n|\n|t:|1770632085\n|switch|p2a: Banette|Banette, L87, M|253/253\n|-damage|p2a: Banette|222/253|[from] Stealth Rock\n|-item|p1a: Primarina|Choice Scarf|[from] ability: Frisk|[of] p2a: Banette\n|turn|23\n|\n|t:|1770632094\n|detailschange|p2a: Banette|Banette-Mega, L87, M\n|-mega|p2a: Banette|Banette|Banettite\n|move|p1a: Primarina|Moonblast|p2a: Banette\n|-damage|p2a: Banette|90/253\n|move|p2a: Banette|Shadow Claw|p1a: Primarina\n|-damage|p1a: Primarina|10/268\n|\n|upkeep\n|turn|24\n|\n|t:|1770632100\n|move|p2a: Banette|Shadow Sneak|p1a: Primarina\n|-damage|p1a: Primarina|0 fnt\n|faint|p1a: Primarina\n|\n|upkeep\n|\n|t:|1770632105\n|switch|p1a: Dugtrio|Dugtrio, L84, M|196/196\n|-damage|p1a: Dugtrio|184/196|[from] Stealth Rock\n|turn|25\n|\n|t:|1770632109\n|move|p2a: Banette|Destiny Bond|p2a: Banette\n|-singlemove|p2a: Banette|Destiny Bond\n|move|p1a: Dugtrio|Earthquake|p2a: Banette\n|-damage|p2a: Banette|0 fnt\n|faint|p2a: Banette\n|-activate|p2a: Banette|move: Destiny Bond\n|detailschange|p2: Banette|Banette, L87, M|[silent]\n|faint|p1a: Dugtrio\n|\n|upkeep\n|\n|t:|1770632120\n|switch|p1a: Togedemaru|Togedemaru, L86, F|131/252\n|switch|p2a: Blastoise|Blastoise, L86, M|181/276\n|-damage|p1a: Togedemaru|116/252|[from] Stealth Rock\n|-damage|p2a: Blastoise|147/276|[from] Stealth Rock\n|turn|26\n|\n|t:|1770632126\n|move|p2a: Blastoise|Protect|p2a: Blastoise\n|-singleturn|p2a: Blastoise|Protect\n|move|p1a: Togedemaru|Zing Zap|p2a: Blastoise\n|-activate|p2a: Blastoise|move: Protect\n|\n|-heal|p2a: Blastoise|164/276|[from] item: Leftovers\n|upkeep\n|turn|27\n|\n|t:|1770632129\n|move|p1a: Togedemaru|Zing Zap|p2a: Blastoise\n|-supereffective|p2a: Blastoise\n|-damage|p2a: Blastoise|12/276\n|cant|p2a: Blastoise|flinch\n|\n|-heal|p2a: Blastoise|29/276|[from] item: Leftovers\n|upkeep\n|turn|28\n|\n|t:|1770632136\n|move|p1a: Togedemaru|Zing Zap|p2a: Blastoise\n|-supereffective|p2a: Blastoise\n|-damage|p2a: Blastoise|0 fnt\n|faint|p2a: Blastoise\n|\n|upkeep\n|\n|t:|1770632138\n|switch|p2a: Granbull|Granbull, L89, F|305/305\n|-damage|p2a: Granbull|267/305|[from] Stealth Rock\n|-ability|p2a: Granbull|Intimidate|boost\n|-unboost|p1a: Togedemaru|atk|1\n|turn|29\n|\n|t:|1770632147\n|move|p1a: Togedemaru|Iron Head|p2a: Granbull\n|-supereffective|p2a: Granbull\n|-damage|p2a: Granbull|145/305\n|cant|p2a: Granbull|flinch\n|\n|-heal|p2a: Granbull|164/305|[from] item: Leftovers\n|upkeep\n|turn|30\n|\n|t:|1770632153\n|switch|p1a: Alomomola|Alomomola, L87, F|387/429 brn\n|-damage|p1a: Alomomola|334/429 brn|[from] Stealth Rock\n|move|p2a: Granbull|Earthquake|p1a: Alomomola\n|-damage|p1a: Alomomola|234/429 brn\n|\n|-heal|p2a: Granbull|183/305|[from] item: Leftovers\n|-damage|p1a: Alomomola|208/429 brn|[from] brn\n|upkeep\n|turn|31\n|\n|t:|1770632160\n|move|p1a: Alomomola|Wish|p1a: Alomomola\n|move|p2a: Granbull|Earthquake|p1a: Alomomola\n|-damage|p1a: Alomomola|108/429 brn\n|\n|-heal|p2a: Granbull|202/305|[from] item: Leftovers\n|-damage|p1a: Alomomola|82/429 brn|[from] brn\n|upkeep\n|turn|32\n|\n|t:|1770632164\n|move|p1a: Alomomola|Protect|p1a: Alomomola\n|-singleturn|p1a: Alomomola|Protect\n|move|p2a: Granbull|Earthquake|p1a: Alomomola\n|-activate|p1a: Alomomola|move: Protect\n|\n|-heal|p1a: Alomomola|296/429 brn|[from] move: Wish|[wisher] Alomomola\n|-heal|p2a: Granbull|221/305|[from] item: Leftovers\n|-damage|p1a: Alomomola|270/429 brn|[from] brn\n|upkeep\n|turn|33\n|\n|t:|1770632171\n|move|p1a: Alomomola|Wish|p1a: Alomomola\n|move|p2a: Granbull|Play Rough|p1a: Alomomola\n|-damage|p1a: Alomomola|146/429 brn\n|-unboost|p1a: Alomomola|atk|1\n|-damage|p2a: Granbull|171/305|[from] item: Rocky Helmet|[of] p1a: Alomomola\n|\n|-heal|p2a: Granbull|190/305|[from] item: Leftovers\n|-damage|p1a: Alomomola|120/429 brn|[from] brn\n|upkeep\n|turn|34\n|\n|t:|1770632183\n|move|p1a: Alomomola|Protect|p1a: Alomomola\n|-singleturn|p1a: Alomomola|Protect\n|move|p2a: Granbull|Play Rough|p1a: Alomomola\n|-activate|p1a: Alomomola|move: Protect\n|\n|-heal|p1a: Alomomola|334/429 brn|[from] move: Wish|[wisher] Alomomola\n|-heal|p2a: Granbull|209/305|[from] item: Leftovers\n|-damage|p1a: Alomomola|308/429 brn|[from] brn\n|upkeep\n|turn|35\n|\n|t:|1770632186\n|move|p1a: Alomomola|Wish|p1a: Alomomola\n|move|p2a: Granbull|Play Rough|p1a: Alomomola\n|-damage|p1a: Alomomola|169/429 brn\n|-damage|p2a: Granbull|159/305|[from] item: Rocky Helmet|[of] p1a: Alomomola\n|\n|-heal|p2a: Granbull|178/305|[from] item: Leftovers\n|-damage|p1a: Alomomola|143/429 brn|[from] brn\n|upkeep\n|turn|36\n|\n|t:|1770632195\n|move|p1a: Alomomola|Toxic|p2a: Granbull\n|-status|p2a: Granbull|tox\n|move|p2a: Granbull|Play Rough|p1a: Alomomola\n|-damage|p1a: Alomomola|8/429 brn\n|-damage|p2a: Granbull|128/305 tox|[from] item: Rocky Helmet|[of] p1a: Alomomola\n|\n|-heal|p1a: Alomomola|222/429 brn|[from] move: Wish|[wisher] Alomomola\n|-heal|p2a: Granbull|147/305 tox|[from] item: Leftovers\n|-damage|p2a: Granbull|128/305 tox|[from] psn\n|-damage|p1a: Alomomola|196/429 brn|[from] brn\n|upkeep\n|turn|37\n|\n|t:|1770632203\n|move|p1a: Alomomola|Wish|p1a: Alomomola\n|move|p2a: Granbull|Play Rough|p1a: Alomomola\n|-damage|p1a: Alomomola|63/429 brn\n|-damage|p2a: Granbull|78/305 tox|[from] item: Rocky Helmet|[of] p1a: Alomomola\n|\n|-heal|p2a: Granbull|97/305 tox|[from] item: Leftovers\n|-damage|p2a: Granbull|59/305 tox|[from] psn\n|-damage|p1a: Alomomola|37/429 brn|[from] brn\n|upkeep\n|turn|38\n|\n|t:|1770632207\n|move|p1a: Alomomola|Protect|p1a: Alomomola\n|-singleturn|p1a: Alomomola|Protect\n|move|p2a: Granbull|Play Rough|p1a: Alomomola\n|-activate|p1a: Alomomola|move: Protect\n|\n|-heal|p1a: Alomomola|251/429 brn|[from] move: Wish|[wisher] Alomomola\n|-heal|p2a: Granbull|78/305 tox|[from] item: Leftovers\n|-damage|p2a: Granbull|21/305 tox|[from] psn\n|-damage|p1a: Alomomola|225/429 brn|[from] brn\n|upkeep\n|turn|39\n|\n|t:|1770632212\n|move|p1a: Alomomola|Scald|p2a: Granbull\n|-damage|p2a: Granbull|0 fnt\n|faint|p2a: Granbull\n|\n|win|juano\n|raw|juano's rating: 1609 &rarr; <strong>1635</strong><br />(+26 for winning)\n|raw|may&#x2f;gen3's rating: 1720 &rarr; <strong>1694</strong><br />(-26 for losing)\n|l|☆juano\n|player|p1|\n|l|☆may/gen3\n|player|p2|\n", "inputlog": ">version ccdc32dd7cde25fd9e4bed64820e885f66e78a4e\n>start {\"formatid\":\"gen7randombattle\",\"seed\":\"sodium,6c46c1a257db1d9135325280921665ee\",\"rated\":\"Rated battle\"}\n>player p1 {\"name\":\"juano\",\"avatar\":\"#losjuegosdelazariii\",\"rating\":1609,\"seed\":\"sodium,75ad183a5e1379200cf5df8bdf5a04c1\"}\n>player p2 {\"name\":\"may/gen3\",\"avatar\":\"may\",\"rating\":1720,\"seed\":\"sodium,e9052009ab033587eb16245499ee8d74\"}\n>p1 switch 3\n>p2 move toxic\n>chat ☆may/gen3|hi\n>p1 move superfang\n>p2 move scald\n>p1 move zingzap\n>p2 move scald\n>p1 move zingzap\n>p2 move protect\n>p1 move nuzzle\n>p2 switch 3\n>p1 switch 4\n>p2 move nastyplot\n>p1 move fireblast\n>p2 move trickroom\n>p1 move fireblast\n>p2 move shadowball\n>p1 move dracometeor\n>p2 move shadowball\n>p2 switch 3\n>p1 switch 2\n>p2 move scald\n>p1 move toxic\n>p2 switch 2\n>p1 move wish\n>p2 move stealthrock\n>p1 move scald\n>p2 switch 5\n>p1 move wish\n>p2 move closecombat\n>p1 move scald\n>p2 move closecombat\n>p1 move wish\n>p2 switch 5\n>p1 move scald\n>p2 move whirlwind\n>p1 move stealthrock\n>p2 move whirlwind\n>p1 move knockoff mega\n>p2 move whirlwind\n>p1 move fireblast\n>p2 move bravebird\n>p2 switch 5\n>p1 switch 3\n>p2 move earthquake\n>p1 move moonblast\n>p2 move earthquake\n>p2 switch 6\n>p1 move moonblast\n>p2 move shadowclaw mega\n>p1 move moonblast\n>p2 move shadowsneak\n>p1 switch 5\n>p1 move earthquake\n>p2 move destinybond\n>p1 switch 4\n>p2 switch 2\n>p1 move zingzap\n>p2 move protect\n>p1 move zingzap\n>p2 move scald\n>p1 move zingzap\n>p2 move scald\n>p2 switch 4\n>p1 move ironhead\n>p2 move playrough\n>p1 switch 6\n>p2 move earthquake\n>p1 move wish\n>p2 move earthquake\n>p1 move protect\n>p2 move earthquake\n>p1 move wish\n>p2 move playrough\n>p1 move protect\n>p2 move playrough\n>p1 move wish\n>p2 move playrough\n>p1 move toxic\n>p2 move playrough\n>p1 move wish\n>p2 move playrough\n>p1 move protect\n>p2 move playrough\n>p1 move scald\n>p2 move playrough", "uploadtime": 1770632222, "views": 191, "formatid": "gen7randombattle", "rating": 1635, "private": 0, "password": null}