{"id": "gen7randombattle-2530330655", "format": "[Gen 7] Random Battle", "players": ["yeet no u", "may/gen3"], "log": "|j|☆yeet no u\n|j|☆may/gen3\n|t:|1769903056\n|gametype|singles\n|player|p1|yeet no u|anabel-gen7|1650\n|player|p2|may/gen3|may|1750\n|gen|7\n|tier|[Gen 7] Random Battle\n|rated|\n|rule|Sleep Clause Mod: Limit one foe put to sleep\n|rule|HP Percentage Mod: HP is shown in percentages\n|rule|Illusion Level Mod: Illusion disguises the Pokémon's true level\n|\n|t:|1769903056\n|teamsize|p1|6\n|teamsize|p2|6\n|start\n|switch|p1a: Excadrill|Excadrill, L81, F|311/311\n|switch|p2a: Cherrim|Cherrim, L99, F|299/299\n|-ability|p1a: Excadrill|Mold Breaker\n|turn|1\n|inactive|Battle timer is ON: inactive players will automatically lose when time's up. (requested by may/gen3)\n|c|☆yeet no u|glhf (iirc you clobbered me half an hour ago)?\n|\n|t:|1769903097\n|move|p2a: Cherrim|Energy Ball|p1a: Excadrill\n|-damage|p1a: Excadrill|166/311\n|move|p1a: Excadrill|Iron Head|p2a: Cherrim\n|-damage|p2a: Cherrim|155/299\n|-damage|p1a: Excadrill|135/311|[from] item: Life Orb\n|\n|-heal|p2a: Cherrim|173/299|[from] item: Leftovers\n|upkeep\n|turn|2\n|\n|t:|1769903105\n|switch|p1a: Rayquaza|Rayquaza, L66|248/248\n|-ability|p1a: Rayquaza|Air Lock\n|move|p2a: Cherrim|Energy Ball|p1a: Rayquaza\n|-resisted|p1a: Rayquaza\n|-damage|p1a: Rayquaza|212/248\n|\n|-heal|p2a: Cherrim|191/299|[from] item: Leftovers\n|upkeep\n|turn|3\n|\n|t:|1769903113\n|detailschange|p1a: Rayquaza|Rayquaza-Mega, L66\n|-mega|p1a: Rayquaza|Rayquaza|\n|-weather|DeltaStream|[from] ability: Delta Stream|[of] p1a: Rayquaza\n|move|p2a: Cherrim|Toxic|p1a: Rayquaza\n|-status|p1a: Rayquaza|tox\n|move|p1a: Rayquaza|Dragon Ascent|p2a: Cherrim\n|-supereffective|p2a: Cherrim\n|-damage|p2a: Cherrim|0 fnt\n|-unboost|p1a: Rayquaza|def|1\n|-unboost|p1a: Rayquaza|spd|1\n|faint|p2a: Cherrim\n|-damage|p1a: Rayquaza|188/248 tox|[from] item: Life Orb\n|\n|-weather|DeltaStream|[upkeep]\n|-damage|p1a: Rayquaza|173/248 tox|[from] psn\n|upkeep\n|\n|t:|1769903115\n|switch|p2a: Corsola|Corsola, L96, F|280/280\n|turn|4\n|\n|t:|1769903122\n|-weather|none\n|switch|p1a: Conkeldurr|Conkeldurr, L81, M|303/303\n|move|p2a: Corsola|Stealth Rock|p1a: Conkeldurr\n|-sidestart|p1: yeet no u|move: Stealth Rock\n|\n|-status|p1a: Conkeldurr|brn|[from] item: Flame Orb\n|upkeep\n|turn|5\n|\n|t:|1769903130\n|switch|p2a: Marshadow|Marshadow, L69|239/239\n|move|p1a: Conkeldurr|Drain Punch|p2a: Marshadow\n|-immune|p2a: Marshadow\n|\n|-damage|p1a: Conkeldurr|285/303 brn|[from] brn\n|upkeep\n|turn|6\n|\n|t:|1769903140\n|move|p2a: Marshadow|Bulk Up|p2a: Marshadow\n|-boost|p2a: Marshadow|atk|1\n|-boost|p2a: Marshadow|def|1\n|move|p1a: Conkeldurr|Knock Off|p2a: Marshadow\n|-damage|p2a: Marshadow|166/239\n|\n|-damage|p1a: Conkeldurr|267/303 brn|[from] brn\n|upkeep\n|turn|7\n|\n|t:|1769903149\n|switch|p1a: Wishiwashi|Wishiwashi, L89, F|225/225\n|-damage|p1a: Wishiwashi|197/225|[from] Stealth Rock\n|-formechange|p1a: Wishiwashi|Wishiwashi-School||[from] ability: Schooling\n|-zpower|p2a: Marshadow\n|move|p2a: Marshadow|Soul-Stealing 7-Star Strike|p1a: Wishiwashi|[zeffect]\n|-damage|p1a: Wishiwashi|28/225\n|\n|-heal|p1a: Wishiwashi|42/225|[from] item: Leftovers\n|-formechange|p1a: Wishiwashi|Wishiwashi||[from] ability: Schooling\n|upkeep\n|turn|8\n|\n|t:|1769903153\n|move|p2a: Marshadow|Spectral Thief|p1a: Wishiwashi\n|-damage|p1a: Wishiwashi|0 fnt\n|faint|p1a: Wishiwashi\n|\n|upkeep\n|\n|t:|1769903167\n|switch|p1a: Avalugg|Avalugg, L90, F|317/317\n|-damage|p1a: Avalugg|238/317|[from] Stealth Rock\n|turn|9\n|\n|t:|1769903173\n|move|p2a: Marshadow|Bulk Up|p2a: Marshadow\n|-boost|p2a: Marshadow|atk|1\n|-boost|p2a: Marshadow|def|1\n|move|p1a: Avalugg|Avalanche|p2a: Marshadow\n|-damage|p2a: Marshadow|115/239\n|\n|-heal|p1a: Avalugg|257/317|[from] item: Leftovers\n|upkeep\n|turn|10\n|\n|t:|1769903198\n|move|p2a: Marshadow|Close Combat|p1a: Avalugg\n|-supereffective|p1a: Avalugg\n|-damage|p1a: Avalugg|51/317\n|-unboost|p2a: Marshadow|def|1\n|-unboost|p2a: Marshadow|spd|1\n|move|p1a: Avalugg|Avalanche|p2a: Marshadow\n|-damage|p2a: Marshadow|0 fnt\n|faint|p2a: Marshadow\n|\n|-heal|p1a: Avalugg|70/317|[from] item: Leftovers\n|upkeep\n|\n|t:|1769903214\n|switch|p2a: Talonflame|Talonflame, L82, M|261/261\n|turn|11\n|\n|t:|1769903231\n|move|p2a: Talonflame|Overheat|p1a: Avalugg\n|-supereffective|p1a: Avalugg\n|-damage|p1a: Avalugg|0 fnt\n|-unboost|p2a: Talonflame|spa|2\n|faint|p1a: Avalugg\n|\n|upkeep\n|\n|t:|1769903235\n|switch|p1a: Bouffalant|Bouffalant, L87, M|307/307\n|-damage|p1a: Bouffalant|269/307|[from] Stealth Rock\n|turn|12\n|\n|t:|1769903240\n|switch|p2a: Corsola|Corsola, L96, F|280/280\n|move|p1a: Bouffalant|Stone Edge|p2a: Corsola\n|-damage|p2a: Corsola|177/280\n|\n|-heal|p2a: Corsola|194/280|[from] item: Leftovers\n|upkeep\n|turn|13\n|\n|t:|1769903245\n|switch|p1a: Conkeldurr|Conkeldurr, L81, M|267/303 brn\n|-damage|p1a: Conkeldurr|249/303 brn|[from] Stealth Rock\n|move|p2a: Corsola|Scald|p1a: Conkeldurr\n|-damage|p1a: Conkeldurr|138/303 brn\n|\n|-heal|p2a: Corsola|211/280|[from] item: Leftovers\n|-damage|p1a: Conkeldurr|120/303 brn|[from] brn\n|upkeep\n|turn|14\n|\n|t:|1769903251\n|move|p2a: Corsola|Scald|p1a: Conkeldurr\n|-damage|p1a: Conkeldurr|9/303 brn\n|move|p1a: Conkeldurr|Facade|p2a: Corsola\n|-resisted|p2a: Corsola\n|-damage|p2a: Corsola|133/280\n|\n|-heal|p2a: Corsola|150/280|[from] item: Leftovers\n|-damage|p1a: Conkeldurr|0 fnt|[from] brn\n|faint|p1a: Conkeldurr\n|upkeep\n|\n|t:|1769903255\n|switch|p1a: Excadrill|Excadrill, L81, F|135/311\n|-damage|p1a: Excadrill|126/311|[from] Stealth Rock\n|-ability|p1a: Excadrill|Mold Breaker\n|turn|15\n|\n|t:|1769903260\n|switch|p2a: Talonflame|Talonflame, L82, M|261/261\n|move|p1a: Excadrill|Earthquake|p2a: Talonflame\n|-immune|p2a: Talonflame\n|\n|upkeep\n|turn|16\n|\n|t:|1769903272\n|switch|p1a: Bouffalant|Bouffalant, L87, M|269/307\n|-damage|p1a: Bouffalant|231/307|[from] Stealth Rock\n|move|p2a: Talonflame|Overheat|p1a: Bouffalant\n|-damage|p1a: Bouffalant|135/307\n|-unboost|p2a: Talonflame|spa|2\n|\n|upkeep\n|turn|17\n|\n|t:|1769903277\n|move|p2a: Talonflame|Brave Bird|p1a: Bouffalant\n|-damage|p1a: Bouffalant|45/307\n|-damage|p2a: Talonflame|231/261|[from] Recoil\n|move|p1a: Bouffalant|Superpower|p2a: Talonflame\n|-resisted|p2a: Talonflame\n|-damage|p2a: Talonflame|150/261\n|-unboost|p1a: Bouffalant|atk|1\n|-unboost|p1a: Bouffalant|def|1\n|\n|-heal|p2a: Talonflame|166/261|[from] item: Leftovers\n|upkeep\n|turn|18\n|\n|t:|1769903283\n|move|p2a: Talonflame|Brave Bird|p1a: Bouffalant\n|-damage|p1a: Bouffalant|0 fnt\n|faint|p1a: Bouffalant\n|-damage|p2a: Talonflame|151/261|[from] Recoil\n|\n|-heal|p2a: Talonflame|167/261|[from] item: Leftovers\n|upkeep\n|\n|t:|1769903285\n|switch|p1a: Excadrill|Excadrill, L81, F|126/311\n|-damage|p1a: Excadrill|117/311|[from] Stealth Rock\n|-ability|p1a: Excadrill|Mold Breaker\n|turn|19\n|\n|t:|1769903288\n|move|p2a: Talonflame|Overheat|p1a: Excadrill\n|-supereffective|p1a: Excadrill\n|-damage|p1a: Excadrill|0 fnt\n|-unboost|p2a: Talonflame|spa|2\n|faint|p1a: Excadrill\n|\n|-heal|p2a: Talonflame|183/261|[from] item: Leftovers\n|upkeep\n|\n|t:|1769903291\n|switch|p1a: Rayquaza|Rayquaza-Mega, L66|173/248 tox\n|-damage|p1a: Rayquaza|111/248 tox|[from] Stealth Rock\n|-weather|DeltaStream|[from] ability: Delta Stream|[of] p1a: Rayquaza\n|turn|20\n|\n|t:|1769903294\n|move|p2a: Talonflame|Brave Bird|p1a: Rayquaza\n|-damage|p1a: Rayquaza|0 fnt\n|faint|p1a: Rayquaza\n|-weather|none\n|detailschange|p1: Rayquaza|Rayquaza, L66|[silent]\n|-damage|p2a: Talonflame|146/261|[from] Recoil\n|\n|win|may/gen3\n|raw|yeet no u's rating: 1650 &rarr; <strong>1636</strong><br />(-14 for losing)\n|raw|may&#x2f;gen3's rating: 1750 &rarr; <strong>1764</strong><br />(+14 for winning)\n", "inputlog": ">version b99ff0165a6231f17e8b78c2a78d1998375de664\n>start {\"formatid\":\"gen7randombattle\",\"seed\":\"sodium,1df717d5939b1b7366dda08b263327aa\",\"rated\":\"Rated battle\"}\n>player p1 {\"name\":\"yeet no u\",\"avatar\":\"anabel-gen7\",\"rating\":1650,\"seed\":\"sodium,21eaa3d9b7e29c597593ed66d25b532c\"}\n>player p2 {\"name\":\"may/gen3\",\"avatar\":\"may\",\"rating\":1750,\"seed\":\"sodium,3f69a89fbe7ae89fda48fa7a45194bcb\"}\n>chat ☆yeet no u|glhf (iirc you clobbered me half an hour ago)?\n>p1 move ironhead\n>p2 move energyball\n>p1 switch 5\n>p2 move energyball\n>p1 move dragonascent mega\n>p2 move toxic\n>p2 switch 6\n>p1 switch 6\n>p2 move stealthrock\n>p1 move drainpunch\n>p2 switch 2\n>p1 move knockoff\n>p2 move bulkup\n>p1 switch 4\n>p2 move spectralthief zmove\n>p1 move scald\n>p2 move spectralthief\n>p1 switch 2\n>p1 move avalanche\n>p2 move bulkup\n>p1 move avalanche\n>p2 move closecombat\n>p2 switch 3\n>p1 move rapidspin\n>p2 move overheat\n>p1 switch 3\n>p1 move stoneedge\n>p2 switch 2\n>p1 switch 4\n>p2 move scald\n>p1 move facade\n>p2 move scald\n>p1 switch 5\n>p1 move earthquake\n>p2 switch 2\n>p1 switch 4\n>p2 move overheat\n>p1 move superpower\n>p2 move bravebird\n>p1 move superpower\n>p2 move bravebird\n>p1 switch 4\n>p1 move rockslide\n>p2 move overheat\n>p1 switch 6\n>p1 move dragonascent\n>p2 move bravebird", "uploadtime": 1769903296, "views": 196, "formatid": "gen7randombattle", "rating": 1636, "private": 0, "password": null}