{"id": "gen7randombattle-2535821345", "format": "[Gen 7] Random Battle", "players": ["AliceTASC", "Proxy_Tophet"], "log": "|j|☆AliceTASC\n|j|‽Proxy_Tophet\n|t:|1770614719\n|gametype|singles\n|player|p1|AliceTASC|dawn|1640\n|player|p2|Proxy_Tophet|169|1682\n|gen|7\n|tier|[Gen 7] Random Battle\n|rated|\n|rule|Sleep Clause Mod: Limit one foe put to sleep\n|rule|HP Percentage Mod: HP is shown in percentages\n|rule|Illusion Level Mod: Illusion disguises the Pokémon's true level\n|\n|t:|1770614719\n|teamsize|p1|6\n|teamsize|p2|6\n|start\n|switch|p1a: Dodrio|Dodrio, L82, M|233/233\n|switch|p2a: Hariyama|Hariyama, L87, F|392/392\n|turn|1\n|inactive|Battle timer is ON: inactive players will automatically lose when time's up. (requested by Proxy_Tophet)\n|\n|t:|1770614736\n|move|p2a: Hariyama|Fake Out|p1a: Dodrio\n|-damage|p1a: Dodrio|188/233\n|cant|p1a: Dodrio|flinch\n|\n|-status|p2a: Hariyama|brn|[from] item: Flame Orb\n|upkeep\n|turn|2\n|\n|t:|1770614748\n|switch|p2a: Carbink|Carbink, L92|241/241\n|move|p1a: Dodrio|Brave Bird|p2a: Carbink\n|-resisted|p2a: Carbink\n|-damage|p2a: Carbink|190/241\n|-damage|p1a: Dodrio|171/233|[from] Recoil\n|-damage|p1a: Dodrio|148/233|[from] item: Life Orb\n|\n|upkeep\n|turn|3\n|\n|t:|1770614759\n|move|p1a: Dodrio|Swords Dance|p1a: Dodrio\n|-boost|p1a: Dodrio|atk|2\n|move|p2a: Carbink|Toxic|p1a: Dodrio\n|-status|p1a: Dodrio|tox\n|\n|-damage|p1a: Dodrio|134/233 tox|[from] psn\n|upkeep\n|turn|4\n|\n|t:|1770614764\n|move|p1a: Dodrio|Jump Kick|p2a: Carbink\n|-damage|p2a: Carbink|78/241\n|-damage|p1a: Dodrio|111/233 tox|[from] item: Life Orb\n|move|p2a: Carbink|Reflect|p2a: Carbink\n|-sidestart|p2: Proxy_Tophet|Reflect\n|\n|-damage|p1a: Dodrio|83/233 tox|[from] psn\n|upkeep\n|turn|5\n|\n|t:|1770614772\n|move|p1a: Dodrio|Jump Kick|p2a: Carbink\n|-damage|p2a: Carbink|16/241\n|-damage|p1a: Dodrio|60/233 tox|[from] item: Life Orb\n|move|p2a: Carbink|Light Screen|p2a: Carbink\n|-sidestart|p2: Proxy_Tophet|move: Light Screen\n|\n|-damage|p1a: Dodrio|18/233 tox|[from] psn\n|upkeep\n|turn|6\n|\n|t:|1770614779\n|move|p1a: Dodrio|Jump Kick|p2a: Carbink\n|-damage|p2a: Carbink|0 fnt\n|faint|p2a: Carbink\n|-damage|p1a: Dodrio|0 fnt|[from] item: Life Orb\n|faint|p1a: Dodrio\n|\n|upkeep\n|\n|t:|1770614784\n|switch|p1a: Spiritomb|Spiritomb, L91, M|239/239\n|switch|p2a: Hariyama|Hariyama, L87, F|392/392 brn\n|turn|7\n|\n|t:|1770614806\n|switch|p2a: Ferrothorn|Ferrothorn, L72, F|226/226\n|switch|p1a: Qwilfish|Qwilfish, L86, F|252/252\n|-ability|p1a: Qwilfish|Intimidate|boost\n|-unboost|p2a: Ferrothorn|atk|1\n|\n|upkeep\n|turn|8\n|\n|t:|1770614819\n|move|p1a: Qwilfish|Thunder Wave|p2a: Ferrothorn|[miss]\n|-miss|p1a: Qwilfish|p2a: Ferrothorn\n|move|p2a: Ferrothorn|Stealth Rock|p1a: Qwilfish\n|-sidestart|p1: AliceTASC|move: Stealth Rock\n|\n|upkeep\n|turn|9\n|\n|t:|1770614831\n|switch|p2a: Hariyama|Hariyama, L87, F|392/392 brn\n|move|p1a: Qwilfish|Thunder Wave||[still]\n|-fail|p1a: Qwilfish\n|\n|-damage|p2a: Hariyama|368/392 brn|[from] brn\n|upkeep\n|turn|10\n|\n|t:|1770614840\n|move|p1a: Qwilfish|Waterfall|p2a: Hariyama\n|-damage|p2a: Hariyama|308/392 brn\n|move|p2a: Hariyama|Knock Off|p1a: Qwilfish\n|-damage|p1a: Qwilfish|112/252\n|-enditem|p1a: Qwilfish|Black Sludge|[from] move: Knock Off|[of] p2a: Hariyama\n|\n|-damage|p2a: Hariyama|284/392 brn|[from] brn\n|upkeep\n|turn|11\n|\n|t:|1770614846\n|move|p1a: Qwilfish|Waterfall|p2a: Hariyama\n|-damage|p2a: Hariyama|230/392 brn\n|cant|p2a: Hariyama|flinch\n|\n|-damage|p2a: Hariyama|206/392 brn|[from] brn\n|-sideend|p2: Proxy_Tophet|Reflect\n|upkeep\n|turn|12\n|\n|t:|1770614853\n|move|p1a: Qwilfish|Waterfall|p2a: Hariyama\n|-damage|p2a: Hariyama|89/392 brn\n|move|p2a: Hariyama|Facade|p1a: Qwilfish\n|-crit|p1a: Qwilfish\n|-damage|p1a: Qwilfish|0 fnt\n|faint|p1a: Qwilfish\n|\n|-damage|p2a: Hariyama|65/392 brn|[from] brn\n|-sideend|p2: Proxy_Tophet|move: Light Screen\n|upkeep\n|\n|t:|1770614863\n|switch|p1a: Starmie|Starmie, L84|238/238\n|-damage|p1a: Starmie|209/238|[from] Stealth Rock\n|turn|13\n|\n|t:|1770614871\n|move|p1a: Starmie|Rapid Spin|p2a: Hariyama\n|-damage|p2a: Hariyama|53/392 brn\n|-sideend|p1: AliceTASC|Stealth Rock|[from] move: Rapid Spin|[of] p1a: Starmie\n|move|p2a: Hariyama|Knock Off|p1a: Starmie\n|-supereffective|p1a: Starmie\n|-damage|p1a: Starmie|0 fnt\n|-enditem|p1a: Starmie|Leftovers|[from] move: Knock Off|[of] p2a: Hariyama\n|faint|p1a: Starmie\n|\n|-damage|p2a: Hariyama|29/392 brn|[from] brn\n|upkeep\n|\n|t:|1770614881\n|switch|p1a: Alakazam|Alakazam, L78, F|214/214\n|turn|14\n|\n|t:|1770614885\n|move|p1a: Alakazam|Psyshock|p2a: Hariyama\n|-supereffective|p2a: Hariyama\n|-damage|p2a: Hariyama|0 fnt\n|faint|p2a: Hariyama\n|\n|upkeep\n|\n|t:|1770614892\n|switch|p2a: Sableye|Sableye, L86, M|226/226\n|turn|15\n|\n|t:|1770614899\n|switch|p1a: Spiritomb|Spiritomb, L91, M|239/239\n|detailschange|p2a: Sableye|Sableye-Mega, L86, M\n|-mega|p2a: Sableye|Sableye|Sablenite\n|move|p2a: Sableye|Dark Pulse|p1a: Spiritomb\n|-damage|p1a: Spiritomb|169/239\n|\n|-heal|p1a: Spiritomb|183/239|[from] item: Leftovers\n|upkeep\n|turn|16\n|\n|t:|1770614911\n|switch|p2a: Basculin|Basculin-Blue-Striped, L86, M|261/261\n|move|p1a: Spiritomb|Calm Mind|p1a: Spiritomb\n|-boost|p1a: Spiritomb|spa|1\n|-boost|p1a: Spiritomb|spd|1\n|\n|-heal|p1a: Spiritomb|197/239|[from] item: Leftovers\n|upkeep\n|turn|17\n|inactive|Proxy_Tophet has 120 seconds left.\n|\n|t:|1770614964\n|move|p2a: Basculin|Liquidation|p1a: Spiritomb\n|-damage|p1a: Spiritomb|49/239\n|move|p1a: Spiritomb|Dark Pulse|p2a: Basculin\n|-damage|p2a: Basculin|83/261\n|\n|-heal|p1a: Spiritomb|63/239|[from] item: Leftovers\n|upkeep\n|turn|18\n|\n|t:|1770614970\n|move|p2a: Basculin|Liquidation|p1a: Spiritomb\n|-damage|p1a: Spiritomb|0 fnt\n|faint|p1a: Spiritomb\n|\n|upkeep\n|\n|t:|1770614973\n|switch|p1a: Alakazam|Alakazam, L78, F|238/238\n|turn|19\n|\n|t:|1770614977\n|move|p1a: Alakazam|Dark Pulse|p2a: Basculin\n|-damage|p2a: Basculin|0 fnt\n|faint|p2a: Basculin\n|\n|upkeep\n|\n|t:|1770614980\n|switch|p2a: Sableye|Sableye-Mega, L86, M|226/226\n|turn|20\n|\n|t:|1770614982\n|move|p1a: Alakazam|Dark Pulse|p2a: Sableye\n|-damage|p2a: Sableye|106/226\n|move|p2a: Sableye|Dark Pulse|p1a: Alakazam\n|-resisted|p1a: Alakazam\n|-damage|p1a: Alakazam|186/238\n|replace|p1a: Zoroark|Zoroark, L84, F\n|-end|p1a: Zoroark|Illusion\n|-hint|Illusion Level Mod is active, so this Pokémon's true level was hidden.\n|\n|upkeep\n|turn|21\n|\n|t:|1770614995\n|move|p1a: Zoroark|Dark Pulse|p2a: Sableye\n|-damage|p2a: Sableye|0 fnt\n|faint|p2a: Sableye\n|detailschange|p2: Sableye|Sableye, L86, M|[silent]\n|\n|upkeep\n|\n|t:|1770614998\n|switch|p2a: Ferrothorn|Ferrothorn, L72, F|226/226\n|turn|22\n|\n|t:|1770615004\n|switch|p1a: Alakazam|Alakazam, L78, F|214/214\n|move|p2a: Ferrothorn|Gyro Ball|p1a: Alakazam\n|-crit|p1a: Alakazam\n|-damage|p1a: Alakazam|0 fnt\n|faint|p1a: Alakazam\n|\n|upkeep\n|\n|t:|1770615008\n|switch|p1a: Zoroark|Zoroark, L84, F|186/238\n|turn|23\n|\n|t:|1770615013\n|move|p1a: Zoroark|Flamethrower|p2a: Ferrothorn\n|-supereffective|p2a: Ferrothorn\n|-damage|p2a: Ferrothorn|0 fnt\n|faint|p2a: Ferrothorn\n|\n|upkeep\n|\n|t:|1770615017\n|switch|p2a: Unown|Unown-F|258/258\n|turn|24\n|\n|t:|1770615030\n|move|p1a: Zoroark|Flamethrower|p2a: Unown\n|-damage|p2a: Unown|117/258\n|move|p2a: Unown|Hidden Power|p1a: Zoroark\n|-supereffective|p1a: Zoroark\n|-damage|p1a: Zoroark|10/238\n|\n|upkeep\n|turn|25\n|\n|t:|1770615037\n|move|p1a: Zoroark|Flamethrower|p2a: Unown\n|-damage|p2a: Unown|0 fnt\n|faint|p2a: Unown\n|\n|win|AliceTASC\n|raw|AliceTASC's rating: 1640 &rarr; <strong>1662</strong><br />(+22 for winning)\n|raw|Proxy_Tophet's rating: 1682 &rarr; <strong>1660</strong><br />(-22 for losing)\n", "inputlog": ">version ccdc32dd7cde25fd9e4bed64820e885f66e78a4e\n>start {\"formatid\":\"gen7randombattle\",\"seed\":\"sodium,d11f9a237f7f9cef8b53751682cfb4cd\",\"rated\":\"Rated battle\"}\n>player p1 {\"name\":\"AliceTASC\",\"avatar\":\"dawn\",\"rating\":1640,\"seed\":\"sodium,952658888632d013b8561601e30e70d0\"}\n>player p2 {\"name\":\"Proxy_Tophet\",\"avatar\":\"169\",\"rating\":1682,\"seed\":\"sodium,2b73f5995cee77458d9ba1a812c3af3b\"}\n>p1 move bravebird\n>p2 move fakeout\n>p1 move bravebird\n>p2 switch 3\n>p1 move swordsdance\n>p2 move toxic\n>p1 move jumpkick\n>p2 move reflect\n>p1 move jumpkick\n>p2 move lightscreen\n>p1 move jumpkick\n>p2 move moonblast\n>p1 switch 3\n>p2 switch 3\n>p1 switch 2\n>p2 switch 5\n>p1 move thunderwave\n>p2 move stealthrock\n>p1 move thunderwave\n>p2 switch 5\n>p1 move waterfall\n>p2 move knockoff\n>p1 move waterfall\n>p2 move knockoff\n>p1 move waterfall\n>p2 move facade\n>p1 switch 5\n>p1 move rapidspin\n>p2 move knockoff\n>p1 switch 6\n>p1 move psyshock\n>p2 move knockoff\n>p2 switch 6\n>p1 switch 2\n>p2 move darkpulse mega\n>p1 move calmmind\n>p2 switch 4\n>p1 move darkpulse\n>p2 move liquidation\n>p1 move darkpulse\n>p2 move liquidation\n>p1 switch 4\n>p1 move darkpulse\n>p2 move liquidation\n>p2 switch 4\n>p1 move darkpulse\n>p2 move darkpulse\n>p1 move darkpulse\n>p2 move recover\n>p2 switch 5\n>p1 switch 2\n>p2 move gyroball\n>p1 switch 2\n>p1 move flamethrower\n>p2 move gyroball\n>p2 switch 2\n>p1 move flamethrower\n>p2 move hiddenpower\n>p1 move flamethrower\n>p2 move hiddenpower", "uploadtime": 1770615041, "views": 193, "formatid": "gen7randombattle", "rating": 1660, "private": 0, "password": null}