{"id": "gen7randombattle-2539444458", "format": "[Gen 7] Random Battle", "players": ["Entity585", "may/gen3"], "log": "|j|☆Entity585\n|j|☆may/gen3\n|t:|1771060209\n|gametype|singles\n|player|p1|Entity585|elesa|1722\n|player|p2|may/gen3|may|1735\n|gen|7\n|tier|[Gen 7] Random Battle\n|rated|\n|rule|Sleep Clause Mod: Limit one foe put to sleep\n|rule|HP Percentage Mod: HP is shown in percentages\n|rule|Illusion Level Mod: Illusion disguises the Pokémon's true level\n|\n|t:|1771060209\n|teamsize|p1|6\n|teamsize|p2|6\n|start\n|switch|p1a: Plusle|Plusle, L95, M|268/268\n|switch|p2a: Regirock|Regirock, L87|281/281\n|turn|1\n|\n|t:|1771060238\n|move|p1a: Plusle|Nasty Plot|p1a: Plusle\n|-boost|p1a: Plusle|spa|2\n|move|p2a: Regirock|Stone Edge|p1a: Plusle\n|-damage|p1a: Plusle|94/268\n|\n|upkeep\n|turn|2\n|\n|t:|1771060245\n|move|p1a: Plusle|Grass Knot|p2a: Regirock\n|-supereffective|p2a: Regirock\n|-ability|p2a: Regirock|Sturdy\n|-damage|p2a: Regirock|1/281\n|-damage|p1a: Plusle|68/268|[from] item: Life Orb\n|move|p2a: Regirock|Stone Edge|p1a: Plusle\n|-damage|p1a: Plusle|0 fnt\n|faint|p1a: Plusle\n|\n|upkeep\n|\n|t:|1771060249\n|switch|p1a: Xurkitree|Xurkitree, L80|264/264\n|turn|3\n|\n|t:|1771060255\n|switch|p2a: Guzzlord|Guzzlord, L86|524/524\n|move|p1a: Xurkitree|Energy Ball|p2a: Guzzlord\n|-resisted|p2a: Guzzlord\n|-damage|p2a: Guzzlord|482/524\n|\n|upkeep\n|turn|4\n|inactive|Battle timer is ON: inactive players will automatically lose when time's up. (requested by may/gen3)\n|\n|t:|1771060261\n|switch|p1a: Phione|Phione, L93|300/300\n|move|p2a: Guzzlord|Draco Meteor|p1a: Phione\n|-damage|p1a: Phione|165/300\n|-unboost|p2a: Guzzlord|spa|2\n|\n|-heal|p1a: Phione|183/300|[from] item: Leftovers\n|upkeep\n|turn|5\n|\n|t:|1771060265\n|switch|p2a: Regirock|Regirock, L87|1/281\n|move|p1a: Phione|U-turn|p2a: Regirock\n|-damage|p2a: Regirock|0 fnt\n|faint|p2a: Regirock\n|\n|t:|1771060273\n|switch|p1a: Rhydon|Rhydon, L85, F|317/317|[from] U-turn\n|\n|upkeep\n|\n|t:|1771060281\n|switch|p2a: Azumarill|Azumarill, L81, M|295/295\n|turn|6\n|\n|t:|1771060286\n|switch|p1a: Phione|Phione, L93|183/300\n|move|p2a: Azumarill|Liquidation|p1a: Phione\n|-resisted|p1a: Phione\n|-crit|p1a: Phione\n|-damage|p1a: Phione|66/300\n|\n|-heal|p1a: Phione|84/300|[from] item: Leftovers\n|upkeep\n|turn|7\n|\n|t:|1771060292\n|switch|p2a: Guzzlord|Guzzlord, L86|482/524\n|move|p1a: Phione|Toxic|p2a: Guzzlord\n|-status|p2a: Guzzlord|tox\n|\n|-heal|p1a: Phione|102/300|[from] item: Leftovers\n|-damage|p2a: Guzzlord|450/524 tox|[from] psn\n|upkeep\n|turn|8\n|\n|t:|1771060298\n|move|p1a: Phione|U-turn|p2a: Guzzlord\n|-supereffective|p2a: Guzzlord\n|-damage|p2a: Guzzlord|306/524 tox\n|\n|t:|1771060301\n|switch|p1a: Rhydon|Rhydon, L85, F|317/317|[from] U-turn\n|move|p2a: Guzzlord|Knock Off|p1a: Rhydon\n|-damage|p1a: Rhydon|262/317\n|-enditem|p1a: Rhydon|Eviolite|[from] move: Knock Off|[of] p2a: Guzzlord\n|\n|-damage|p2a: Guzzlord|242/524 tox|[from] psn\n|upkeep\n|turn|9\n|\n|t:|1771060307\n|move|p2a: Guzzlord|Draco Meteor|p1a: Rhydon\n|-crit|p1a: Rhydon\n|-damage|p1a: Rhydon|0 fnt\n|-unboost|p2a: Guzzlord|spa|2\n|faint|p1a: Rhydon\n|-ability|p2a: Guzzlord|Beast Boost|boost\n|-boost|p2a: Guzzlord|atk|1\n|\n|-damage|p2a: Guzzlord|146/524 tox|[from] psn\n|upkeep\n|\n|t:|1771060311\n|switch|p1a: Xurkitree|Xurkitree, L80|264/264\n|turn|10\n|c|☆may/gen3|wow\n|\n|t:|1771060315\n|-zpower|p1a: Xurkitree\n|move|p1a: Xurkitree|Z-Electric Terrain|p1a: Xurkitree|[anim]Electric Terrain\n|-boost|p1a: Xurkitree|spe|1|[zeffect]\n|-fieldstart|move: Electric Terrain\n|move|p2a: Guzzlord|Knock Off|p1a: Xurkitree\n|-damage|p1a: Xurkitree|117/264\n|\n|-damage|p2a: Guzzlord|18/524 tox|[from] psn\n|upkeep\n|turn|11\n|\n|t:|1771060322\n|move|p1a: Xurkitree|Thunderbolt|p2a: Guzzlord\n|-resisted|p2a: Guzzlord\n|-damage|p2a: Guzzlord|0 fnt\n|faint|p2a: Guzzlord\n|-ability|p1a: Xurkitree|Beast Boost|boost\n|-boost|p1a: Xurkitree|spa|1\n|\n|upkeep\n|\n|t:|1771060327\n|switch|p2a: Delphox|Delphox, L86, M|269/269\n|turn|12\n|\n|t:|1771060332\n|move|p2a: Delphox|Fire Blast|p1a: Xurkitree\n|-damage|p1a: Xurkitree|0 fnt\n|faint|p1a: Xurkitree\n|\n|upkeep\n|\n|t:|1771060337\n|switch|p1a: Altaria|Altaria, L79, F|248/248\n|turn|13\n|\n|t:|1771060341\n|switch|p2a: Lugia|Lugia, L71|268/268\n|detailschange|p1a: Altaria|Altaria-Mega, L79, F\n|-mega|p1a: Altaria|Altaria|Altarianite\n|move|p1a: Altaria|Return|p2a: Lugia\n|-damage|p2a: Lugia|209/268\n|\n|-heal|p2a: Lugia|225/268|[from] item: Leftovers\n|upkeep\n|turn|14\n|\n|t:|1771060345\n|switch|p1a: Phione|Phione, L93|102/300\n|move|p2a: Lugia|Toxic|p1a: Phione\n|-status|p1a: Phione|tox\n|\n|-heal|p1a: Phione|120/300 tox|[from] item: Leftovers\n|-heal|p2a: Lugia|241/268|[from] item: Leftovers\n|-damage|p1a: Phione|102/300 tox|[from] psn\n|-fieldend|move: Electric Terrain\n|upkeep\n|turn|15\n|\n|t:|1771060350\n|move|p1a: Phione|Scald|p2a: Lugia\n|-crit|p2a: Lugia\n|-damage|p2a: Lugia|138/268\n|move|p2a: Lugia|Aeroblast|p1a: Phione\n|-damage|p1a: Phione|36/300 tox\n|\n|-heal|p1a: Phione|54/300 tox|[from] item: Leftovers\n|-heal|p2a: Lugia|154/268|[from] item: Leftovers\n|-damage|p1a: Phione|18/300 tox|[from] psn\n|upkeep\n|turn|16\n|\n|t:|1771060353\n|move|p1a: Phione|Toxic|p2a: Lugia|[miss]\n|-miss|p1a: Phione|p2a: Lugia\n|move|p2a: Lugia|Roost|p2a: Lugia\n|-heal|p2a: Lugia|268/268\n|-singleturn|p2a: Lugia|move: Roost\n|\n|-heal|p1a: Phione|36/300 tox|[from] item: Leftovers\n|-damage|p1a: Phione|0 fnt|[from] psn\n|faint|p1a: Phione\n|upkeep\n|\n|t:|1771060356\n|switch|p1a: Hoopa|Hoopa, L86|278/278\n|turn|17\n|\n|t:|1771060361\n|switch|p2a: Swellow|Swellow, L82, M|233/233\n|move|p1a: Hoopa|Shadow Ball|p2a: Swellow\n|-immune|p2a: Swellow\n|\n|upkeep\n|turn|18\n|\n|t:|1771060364\n|switch|p1a: Altaria|Altaria-Mega, L79, F|248/248\n|move|p2a: Swellow|Boomburst|p1a: Altaria\n|-damage|p1a: Altaria|73/248\n|\n|upkeep\n|turn|19\n|\n|t:|1771060367\n|move|p2a: Swellow|Boomburst|p1a: Altaria\n|-damage|p1a: Altaria|0 fnt\n|faint|p1a: Altaria\n|detailschange|p1: Altaria|Altaria, L79, F|[silent]\n|\n|upkeep\n|-message|Entity585 forfeited.\n|\n|win|may/gen3\n|raw|Entity585's rating: 1722 &rarr; <strong>1703</strong><br />(-19 for losing)\n|raw|may&#x2f;gen3's rating: 1735 &rarr; <strong>1754</strong><br />(+19 for winning)\n|l|☆Entity585\n|player|p1|\n", "inputlog": ">version ccdc32dd7cde25fd9e4bed64820e885f66e78a4e\n>start {\"formatid\":\"gen7randombattle\",\"seed\":\"sodium,7970cb70309b982b39334ac428df41c3\",\"rated\":\"Rated battle\"}\n>player p1 {\"name\":\"Entity585\",\"avatar\":\"elesa\",\"rating\":1722,\"seed\":\"sodium,6bc39b6461b6c1cfafdacdfaea3c4db1\"}\n>player p2 {\"name\":\"may/gen3\",\"avatar\":\"may\",\"rating\":1735,\"seed\":\"sodium,5ef90be38ea6c526627b1412231b9085\"}\n>p1 move nastyplot\n>p2 move stoneedge\n>p1 move grassknot\n>p2 move stoneedge\n>p1 switch 3\n>p1 move energyball\n>p2 switch 5\n>p1 switch 6\n>p2 move dracometeor\n>p1 move uturn\n>p2 switch 5\n>p1 switch 5\n>p2 switch 2\n>p1 switch 5\n>p2 move liquidation\n>p1 move toxic\n>p2 switch 5\n>p1 move uturn\n>p2 move knockoff\n>p1 switch 5\n>p1 move earthquake\n>p2 move dracometeor\n>p1 switch 6\n>chat ☆may/gen3|wow\n>p1 move electricterrain zmove\n>p2 move knockoff\n>p1 move thunderbolt\n>p2 move knockoff\n>p2 switch 3\n>p1 move thunderbolt\n>p2 move fireblast\n>p1 switch 4\n>p1 move return mega\n>p2 switch 4\n>p1 switch 5\n>p2 move toxic\n>p1 move scald\n>p2 move aeroblast\n>p1 move toxic\n>p2 move roost\n>p1 switch 2\n>p1 move shadowball\n>p2 switch 6\n>p1 switch 5\n>p2 move boomburst\n>p1 move roost\n>p2 move boomburst\n>forcelose p1", "uploadtime": 1771060380, "views": 147, "formatid": "gen7randombattle", "rating": 1703, "private": 0, "password": null}