{"id": "gen7randombattle-2537807959", "format": "[Gen 7] Random Battle", "players": ["may/gen3", "NTsweeper007"], "log": "|j|☆may/gen3\n|j|☆NTsweeper007\n|t:|1770850213\n|gametype|singles\n|player|p1|may/gen3|may|1654\n|player|p2|NTsweeper007|hilbert-wonderlauncher|1796\n|gen|7\n|tier|[Gen 7] Random Battle\n|rated|\n|rule|Sleep Clause Mod: Limit one foe put to sleep\n|rule|HP Percentage Mod: HP is shown in percentages\n|rule|Illusion Level Mod: Illusion disguises the Pokémon's true level\n|\n|t:|1770850213\n|teamsize|p1|6\n|teamsize|p2|6\n|start\n|switch|p1a: Bruxish|Bruxish, L85, F|254/254\n|switch|p2a: Garchomp|Garchomp, L77, F|293/293\n|turn|1\n|\n|t:|1770850220\n|switch|p2a: Skuntank|Skuntank, L87, F|321/321\n|move|p1a: Bruxish|Ice Fang|p2a: Skuntank\n|-damage|p2a: Skuntank|195/321\n|\n|upkeep\n|turn|2\n|inactive|Battle timer is ON: inactive players will automatically lose when time's up. (requested by may/gen3)\n|\n|t:|1770850227\n|switch|p1a: Throh|Throh, L89, M|358/358\n|move|p2a: Skuntank|Poison Jab|p1a: Throh\n|-damage|p1a: Throh|280/358\n|\n|-heal|p1a: Throh|302/358|[from] item: Leftovers\n|upkeep\n|turn|3\n|\n|t:|1770850232\n|switch|p2a: Mimikyu|Mimikyu, L73, M|201/201\n|move|p1a: Throh|Circle Throw|p2a: Mimikyu\n|-immune|p2a: Mimikyu\n|\n|-heal|p1a: Throh|324/358|[from] item: Leftovers\n|upkeep\n|turn|4\n|\n|t:|1770850238\n|switch|p1a: Chatot|Chatot, L89, F|280/280\n|move|p2a: Mimikyu|Swords Dance|p2a: Mimikyu\n|-boost|p2a: Mimikyu|atk|2\n|\n|upkeep\n|turn|5\n|\n|t:|1770850246\n|move|p1a: Chatot|Chatter|p2a: Mimikyu\n|-activate|p2a: Mimikyu|ability: Disguise\n|-damage|p2a: Mimikyu|201/201\n|-start|p2a: Mimikyu|confusion\n|detailschange|p2a: Mimikyu|Mimikyu-Busted, L73, M\n|-damage|p1a: Chatot|252/280|[from] item: Life Orb\n|-activate|p2a: Mimikyu|confusion\n|-zpower|p2a: Mimikyu\n|move|p2a: Mimikyu|Let's Snuggle Forever|p1a: Chatot|[zeffect]\n|-damage|p1a: Chatot|0 fnt\n|faint|p1a: Chatot\n|\n|upkeep\n|\n|t:|1770850250\n|switch|p1a: Charizard|Charizard, L76, M|243/243\n|turn|6\n|\n|t:|1770850253\n|detailschange|p1a: Charizard|Charizard-Mega-Y, L76, M\n|-mega|p1a: Charizard|Charizard|Charizardite Y\n|-weather|SunnyDay|[from] ability: Drought|[of] p1a: Charizard\n|move|p1a: Charizard|Fire Blast|p2a: Mimikyu\n|-damage|p2a: Mimikyu|0 fnt\n|faint|p2a: Mimikyu\n|detailschange|p2: Mimikyu|Mimikyu, L73, M|[silent]\n|\n|-weather|SunnyDay|[upkeep]\n|upkeep\n|\n|t:|1770850256\n|switch|p2a: Wigglytuff|Wigglytuff, L95, F|420/420\n|turn|7\n|\n|t:|1770850262\n|move|p1a: Charizard|Fire Blast|p2a: Wigglytuff\n|-damage|p2a: Wigglytuff|126/420\n|move|p2a: Wigglytuff|Thunder Wave|p1a: Charizard\n|-status|p1a: Charizard|par\n|\n|-weather|SunnyDay|[upkeep]\n|-heal|p2a: Wigglytuff|152/420|[from] item: Leftovers\n|upkeep\n|turn|8\n|\n|t:|1770850267\n|move|p2a: Wigglytuff|Protect|p2a: Wigglytuff\n|-singleturn|p2a: Wigglytuff|Protect\n|move|p1a: Charizard|Fire Blast|p2a: Wigglytuff\n|-activate|p2a: Wigglytuff|move: Protect\n|\n|-weather|SunnyDay|[upkeep]\n|-heal|p2a: Wigglytuff|178/420|[from] item: Leftovers\n|upkeep\n|turn|9\n|\n|t:|1770850269\n|switch|p2a: Pelipper|Pelipper, L87, M|246/246\n|-weather|RainDance|[from] ability: Drizzle|[of] p2a: Pelipper\n|move|p1a: Charizard|Fire Blast|p2a: Pelipper\n|-resisted|p2a: Pelipper\n|-damage|p2a: Pelipper|203/246\n|\n|-weather|RainDance|[upkeep]\n|-heal|p2a: Pelipper|218/246|[from] item: Leftovers\n|upkeep\n|turn|10\n|\n|t:|1770850274\n|switch|p1a: Unown|Unown-I|258/258\n|move|p2a: Pelipper|Hurricane|p1a: Unown\n|-damage|p1a: Unown|89/258\n|\n|-weather|RainDance|[upkeep]\n|-heal|p2a: Pelipper|233/246|[from] item: Leftovers\n|upkeep\n|turn|11\n|\n|t:|1770850280\n|move|p2a: Pelipper|Scald|p1a: Unown\n|-damage|p1a: Unown|0 fnt\n|faint|p1a: Unown\n|\n|-weather|RainDance|[upkeep]\n|-heal|p2a: Pelipper|246/246|[from] item: Leftovers\n|upkeep\n|\n|t:|1770850282\n|switch|p1a: Charizard|Charizard-Mega-Y, L76, M|243/243 par\n|-weather|SunnyDay|[from] ability: Drought|[of] p1a: Charizard\n|turn|12\n|\n|t:|1770850293\n|switch|p2a: Garchomp|Garchomp, L77, F|293/293\n|cant|p1a: Charizard|par\n|\n|-weather|SunnyDay|[upkeep]\n|upkeep\n|turn|13\n|\n|t:|1770850296\n|detailschange|p2a: Garchomp|Garchomp-Mega, L77, F\n|-mega|p2a: Garchomp|Garchomp|Garchompite\n|move|p2a: Garchomp|Stealth Rock|p1a: Charizard\n|-sidestart|p1: may/gen3|move: Stealth Rock\n|move|p1a: Charizard|Dragon Pulse|p2a: Garchomp\n|-supereffective|p2a: Garchomp\n|-damage|p2a: Garchomp|129/293\n|\n|-weather|SunnyDay|[upkeep]\n|upkeep\n|turn|14\n|\n|t:|1770850305\n|move|p2a: Garchomp|Draco Meteor|p1a: Charizard\n|-damage|p1a: Charizard|122/243 par\n|-unboost|p2a: Garchomp|spa|2\n|move|p1a: Charizard|Dragon Pulse|p2a: Garchomp\n|-supereffective|p2a: Garchomp\n|-damage|p2a: Garchomp|0 fnt\n|faint|p2a: Garchomp\n|detailschange|p2: Garchomp|Garchomp, L77, F|[silent]\n|\n|-weather|SunnyDay|[upkeep]\n|upkeep\n|\n|t:|1770850309\n|switch|p2a: Pelipper|Pelipper, L87, M|246/246\n|-weather|RainDance|[from] ability: Drizzle|[of] p2a: Pelipper\n|turn|15\n|\n|t:|1770850314\n|move|p2a: Pelipper|Scald|p1a: Charizard\n|-supereffective|p1a: Charizard\n|-damage|p1a: Charizard|0 fnt\n|faint|p1a: Charizard\n|detailschange|p1: Charizard|Charizard, L76, M|[silent]\n|\n|-weather|RainDance|[upkeep]\n|upkeep\n|\n|t:|1770850317\n|switch|p1a: Bruxish|Bruxish, L85, F|254/254\n|-damage|p1a: Bruxish|223/254|[from] Stealth Rock\n|turn|16\n|\n|t:|1770850322\n|move|p1a: Bruxish|Liquidation|p2a: Pelipper\n|-resisted|p2a: Pelipper\n|-damage|p2a: Pelipper|144/246\n|move|p2a: Pelipper|Hurricane|p1a: Bruxish\n|-damage|p1a: Bruxish|82/254\n|-start|p1a: Bruxish|confusion\n|\n|-weather|RainDance|[upkeep]\n|-heal|p2a: Pelipper|159/246|[from] item: Leftovers\n|upkeep\n|turn|17\n|\n|t:|1770850327\n|-activate|p1a: Bruxish|confusion\n|-damage|p1a: Bruxish|45/254|[from] confusion\n|move|p2a: Pelipper|Hurricane|p1a: Bruxish\n|-damage|p1a: Bruxish|0 fnt\n|faint|p1a: Bruxish\n|\n|-weather|RainDance|[upkeep]\n|-heal|p2a: Pelipper|174/246|[from] item: Leftovers\n|upkeep\n|\n|t:|1770850331\n|switch|p1a: Throh|Throh, L89, M|324/358\n|-damage|p1a: Throh|302/358|[from] Stealth Rock\n|turn|18\n|\n|t:|1770850333\n|move|p2a: Pelipper|Hurricane|p1a: Throh\n|-supereffective|p1a: Throh\n|-damage|p1a: Throh|72/358\n|move|p1a: Throh|Circle Throw|p2a: Pelipper\n|-resisted|p2a: Pelipper\n|-damage|p2a: Pelipper|144/246\n|drag|p2a: Electrode|Electrode, L89|252/252\n|\n|-weather|RainDance|[upkeep]\n|-heal|p1a: Throh|94/358|[from] item: Leftovers\n|upkeep\n|turn|19\n|\n|t:|1770850338\n|move|p2a: Electrode|Thunderbolt|p1a: Throh\n|-damage|p1a: Throh|0 fnt\n|faint|p1a: Throh\n|-damage|p2a: Electrode|227/252|[from] item: Life Orb\n|\n|-weather|none\n|upkeep\n|\n|t:|1770850340\n|switch|p1a: Chesnaught|Chesnaught, L89, F|301/301\n|-damage|p1a: Chesnaught|283/301|[from] Stealth Rock\n|turn|20\n|\n|t:|1770850346\n|move|p2a: Electrode|Hidden Power|p1a: Chesnaught\n|-supereffective|p1a: Chesnaught\n|-damage|p1a: Chesnaught|171/301\n|-damage|p2a: Electrode|202/252|[from] item: Life Orb\n|move|p1a: Chesnaught|Wood Hammer|p2a: Electrode\n|-damage|p2a: Electrode|42/252\n|-status|p1a: Chesnaught|par|[from] ability: Static|[of] p2a: Electrode\n|-damage|p1a: Chesnaught|118/301 par|[from] Recoil\n|\n|-heal|p1a: Chesnaught|136/301 par|[from] item: Leftovers\n|upkeep\n|turn|21\n|\n|t:|1770850349\n|move|p2a: Electrode|Hidden Power|p1a: Chesnaught\n|-supereffective|p1a: Chesnaught\n|-damage|p1a: Chesnaught|27/301 par\n|-damage|p2a: Electrode|17/252|[from] item: Life Orb\n|cant|p1a: Chesnaught|par\n|\n|-heal|p1a: Chesnaught|45/301 par|[from] item: Leftovers\n|upkeep\n|turn|22\n|\n|t:|1770850352\n|move|p2a: Electrode|Hidden Power|p1a: Chesnaught\n|-supereffective|p1a: Chesnaught\n|-damage|p1a: Chesnaught|0 fnt\n|faint|p1a: Chesnaught\n|-damage|p2a: Electrode|0 fnt|[from] item: Life Orb\n|faint|p2a: Electrode\n|\n|win|NTsweeper007\n|raw|may&#x2f;gen3's rating: 1654 &rarr; <strong>1642</strong><br />(-12 for losing)\n|raw|NTsweeper007's rating: 1796 &rarr; <strong>1808</strong><br />(+12 for winning)\n|l|☆may/gen3\n|player|p1|\n", "inputlog": ">version ccdc32dd7cde25fd9e4bed64820e885f66e78a4e\n>start {\"formatid\":\"gen7randombattle\",\"seed\":\"sodium,69602d29b7f8163a10794f1be34ad92d\",\"rated\":\"Rated battle\"}\n>player p1 {\"name\":\"may/gen3\",\"avatar\":\"may\",\"rating\":1654,\"seed\":\"sodium,e3946708746ac8ea848bf210955e7cc0\"}\n>player p2 {\"name\":\"NTsweeper007\",\"avatar\":\"hilbert-wonderlauncher\",\"rating\":1796,\"seed\":\"sodium,333b272d8c66cc3553410ab99bfb98f2\"}\n>p1 move icefang\n>p2 switch 3\n>p1 switch 6\n>p2 move poisonjab\n>p1 move circlethrow\n>p2 switch 4\n>p1 switch 4\n>p2 move swordsdance\n>p1 move chatter\n>p2 move playrough zmove\n>p1 switch 2\n>p1 move fireblast mega\n>p2 move playrough\n>p2 switch 6\n>p1 move fireblast\n>p2 move thunderwave\n>p1 move fireblast\n>p2 move protect\n>p1 move fireblast\n>p2 switch 2\n>p1 switch 3\n>p2 move hurricane\n>p1 move hiddenpower\n>p2 move scald\n>p1 switch 3\n>p1 move solarbeam\n>p2 switch 3\n>p1 move dragonpulse\n>p2 move stealthrock mega\n>p1 move dragonpulse\n>p2 move dracometeor\n>p2 switch 3\n>p1 move dragonpulse\n>p2 move scald\n>p1 switch 6\n>p1 move liquidation\n>p2 move hurricane\n>p1 move liquidation\n>p2 move hurricane\n>p1 switch 4\n>p1 move circlethrow\n>p2 move hurricane\n>p1 move circlethrow\n>p2 move thunderbolt\n>p1 switch 5\n>p1 move woodhammer\n>p2 move hiddenpower\n>p1 move woodhammer\n>p2 move hiddenpower\n>p1 move woodhammer\n>p2 move hiddenpower", "uploadtime": 1770850356, "views": 222, "formatid": "gen7randombattle", "rating": 1642, "private": 0, "password": null}