{"id": "gen7randombattle-2530225976", "format": "[Gen 7] Random Battle", "players": ["A random hoe", "galamianogi"], "log": "|j|☆A random hoe\n|j|‽galamianogi\n|t:|1769890488\n|gametype|singles\n|player|p1|A random hoe|malva|1551\n|player|p2|galamianogi|gladion-stance|1600\n|gen|7\n|tier|[Gen 7] Random Battle\n|rated|\n|rule|Sleep Clause Mod: Limit one foe put to sleep\n|rule|HP Percentage Mod: HP is shown in percentages\n|rule|Illusion Level Mod: Illusion disguises the Pokémon's true level\n|\n|t:|1769890488\n|teamsize|p1|6\n|teamsize|p2|6\n|start\n|switch|p1a: Umbreon|Umbreon, L84, M|297/297\n|switch|p2a: Lunala|Lunala, L72|316/316\n|turn|1\n|inactive|Battle timer is ON: inactive players will automatically lose when time's up. (requested by A random hoe)\n|\n|t:|1769890507\n|switch|p2a: Sawk|Sawk, L86, M|269/269\n|-ability|p2a: Sawk|Mold Breaker\n|move|p1a: Umbreon|Toxic|p2a: Sawk\n|-status|p2a: Sawk|tox\n|\n|-damage|p2a: Sawk|253/269 tox|[from] psn\n|upkeep\n|turn|2\n|inactive|A random hoe has 120 seconds left.\n|\n|t:|1769890537\n|switch|p1a: Meganium|Meganium, L92, F|297/297\n|move|p2a: Sawk|Bulk Up|p2a: Sawk\n|-boost|p2a: Sawk|atk|1\n|-boost|p2a: Sawk|def|1\n|\n|-damage|p2a: Sawk|221/269 tox|[from] psn\n|upkeep\n|turn|3\n|inactive|A random hoe has 120 seconds left.\n|\n|t:|1769890549\n|move|p1a: Meganium|Energy Ball|p2a: Sawk\n|-damage|p2a: Sawk|103/269 tox\n|move|p2a: Sawk|Close Combat|p1a: Meganium\n|-damage|p1a: Meganium|55/297\n|-unboost|p2a: Sawk|def|1\n|-unboost|p2a: Sawk|spd|1\n|-damage|p2a: Sawk|77/269 tox|[from] item: Life Orb\n|\n|-heal|p1a: Meganium|73/297|[from] item: Leftovers\n|-damage|p2a: Sawk|29/269 tox|[from] psn\n|upkeep\n|turn|4\n|inactive|A random hoe has 120 seconds left.\n|\n|t:|1769890574\n|move|p1a: Meganium|Energy Ball|p2a: Sawk\n|-damage|p2a: Sawk|0 fnt\n|faint|p2a: Sawk\n|\n|-heal|p1a: Meganium|91/297|[from] item: Leftovers\n|upkeep\n|\n|t:|1769890587\n|switch|p2a: Sableye|Sableye, L86, M|226/226\n|turn|5\n|inactive|A random hoe has 120 seconds left.\n|\n|t:|1769890621\n|switch|p1a: Umbreon|Umbreon, L84, M|297/297\n|detailschange|p2a: Sableye|Sableye-Mega, L86, M\n|-mega|p2a: Sableye|Sableye|Sablenite\n|move|p2a: Sableye|Calm Mind|p2a: Sableye\n|-boost|p2a: Sableye|spa|1\n|-boost|p2a: Sableye|spd|1\n|\n|upkeep\n|turn|6\n|\n|t:|1769890625\n|move|p1a: Umbreon|Toxic|p2a: Sableye\n|move|p2a: Sableye|Toxic|p1a: Umbreon|[from] ability: Magic Bounce\n|-status|p1a: Umbreon|tox\n|-activate|p1a: Umbreon|ability: Synchronize\n|-status|p2a: Sableye|tox\n|move|p2a: Sableye|Calm Mind|p2a: Sableye\n|-boost|p2a: Sableye|spa|1\n|-boost|p2a: Sableye|spd|1\n|\n|-damage|p1a: Umbreon|279/297 tox|[from] psn\n|-damage|p2a: Sableye|212/226 tox|[from] psn\n|upkeep\n|turn|7\n|\n|t:|1769890635\n|move|p1a: Umbreon|Heal Bell|p1a: Umbreon\n|-activate|p1a: Umbreon|move: Heal Bell\n|-curestatus|p1a: Umbreon|tox|[msg]\n|move|p2a: Sableye|Dark Pulse|p1a: Umbreon\n|-resisted|p1a: Umbreon\n|-damage|p1a: Umbreon|215/297\n|\n|-heal|p1a: Umbreon|233/297|[from] item: Leftovers\n|-damage|p2a: Sableye|184/226 tox|[from] psn\n|upkeep\n|turn|8\n|inactive|A random hoe has 120 seconds left.\n|\n|t:|1769890642\n|switch|p2a: Raticate|Raticate, L88, F|240/240\n|move|p1a: Umbreon|Foul Play|p2a: Raticate\n|-damage|p2a: Raticate|126/240\n|\n|-heal|p1a: Umbreon|251/297|[from] item: Leftovers\n|-status|p2a: Raticate|brn|[from] item: Flame Orb\n|upkeep\n|turn|9\n|\n|t:|1769890646\n|switch|p1a: Rhyperior|Rhyperior, L84, F|330/330\n|move|p2a: Raticate|Facade|p1a: Rhyperior\n|-resisted|p1a: Rhyperior\n|-damage|p1a: Rhyperior|249/330\n|\n|-damage|p2a: Raticate|111/240 brn|[from] brn\n|upkeep\n|turn|10\n|\n|t:|1769890665\n|switch|p2a: Wishiwashi|Wishiwashi, L89, M|225/225\n|-formechange|p2a: Wishiwashi|Wishiwashi-School||[from] ability: Schooling\n|move|p1a: Rhyperior|Earthquake|p2a: Wishiwashi\n|-damage|p2a: Wishiwashi|126/225\n|\n|upkeep\n|turn|11\n|\n|t:|1769890669\n|switch|p1a: Meganium|Meganium, L92, F|91/297\n|move|p2a: Wishiwashi|U-turn|p1a: Meganium\n|-supereffective|p1a: Meganium\n|-damage|p1a: Meganium|0 fnt\n|faint|p1a: Meganium\n|\n|t:|1769890674\n|switch|p2a: Kecleon|Kecleon, L90, F|254/254|[from] U-turn\n|\n|upkeep\n|\n|t:|1769890684\n|switch|p1a: Umbreon|Umbreon, L84, M|251/297\n|turn|12\n|\n|t:|1769890687\n|switch|p2a: Sableye|Sableye-Mega, L86, M|184/226 tox\n|move|p1a: Umbreon|Toxic|p2a: Sableye\n|move|p2a: Sableye|Toxic|p1a: Umbreon|[from] ability: Magic Bounce\n|-status|p1a: Umbreon|tox\n|-activate|p1a: Umbreon|ability: Synchronize\n|-fail|p2a: Sableye|tox\n|\n|-heal|p1a: Umbreon|269/297 tox|[from] item: Leftovers\n|-damage|p1a: Umbreon|251/297 tox|[from] psn\n|-damage|p2a: Sableye|170/226 tox|[from] psn\n|upkeep\n|turn|13\n|\n|t:|1769890715\n|switch|p2a: Raticate|Raticate, L88, F|111/240 brn\n|move|p1a: Umbreon|Heal Bell|p1a: Umbreon\n|-activate|p1a: Umbreon|move: Heal Bell\n|-curestatus|p1a: Umbreon|tox|[msg]\n|\n|-heal|p1a: Umbreon|269/297|[from] item: Leftovers\n|-damage|p2a: Raticate|96/240 brn|[from] brn\n|upkeep\n|turn|14\n|\n|t:|1769890718\n|switch|p1a: Rhyperior|Rhyperior, L84, F|249/330\n|move|p2a: Raticate|Facade|p1a: Rhyperior\n|-resisted|p1a: Rhyperior\n|-damage|p1a: Rhyperior|171/330\n|\n|-damage|p2a: Raticate|81/240 brn|[from] brn\n|upkeep\n|turn|15\n|\n|t:|1769890725\n|move|p2a: Raticate|Stomping Tantrum|p1a: Rhyperior\n|-supereffective|p1a: Rhyperior\n|-damage|p1a: Rhyperior|84/330\n|move|p1a: Rhyperior|Earthquake|p2a: Raticate\n|-damage|p2a: Raticate|0 fnt\n|faint|p2a: Raticate\n|\n|upkeep\n|\n|t:|1769890731\n|switch|p2a: Wishiwashi|Wishiwashi, L89, M|126/225\n|-formechange|p2a: Wishiwashi|Wishiwashi-School||[from] ability: Schooling\n|turn|16\n|\n|t:|1769890747\n|move|p1a: Rhyperior|Earthquake|p2a: Wishiwashi\n|-damage|p2a: Wishiwashi|20/225\n|move|p2a: Wishiwashi|Ice Beam|p1a: Rhyperior\n|-supereffective|p1a: Rhyperior\n|-damage|p1a: Rhyperior|0 fnt\n|faint|p1a: Rhyperior\n|\n|-formechange|p2a: Wishiwashi|Wishiwashi||[from] ability: Schooling\n|upkeep\n|\n|t:|1769890756\n|switch|p1a: Cryogonal|Cryogonal, L87|281/281\n|turn|17\n|\n|t:|1769890759\n|move|p1a: Cryogonal|Freeze-Dry|p2a: Wishiwashi\n|-supereffective|p2a: Wishiwashi\n|-damage|p2a: Wishiwashi|0 fnt\n|faint|p2a: Wishiwashi\n|\n|upkeep\n|\n|t:|1769890762\n|switch|p2a: Kecleon|Kecleon, L90, F|254/254\n|turn|18\n|\n|t:|1769890766\n|move|p1a: Cryogonal|Freeze-Dry|p2a: Kecleon\n|-damage|p2a: Kecleon|193/254\n|move|p2a: Kecleon|Drain Punch|p1a: Cryogonal\n|-start|p2a: Kecleon|typechange|Fighting|[from] ability: Protean\n|-supereffective|p1a: Cryogonal\n|-damage|p1a: Cryogonal|39/281\n|-heal|p2a: Kecleon|254/254|[from] drain|[of] p1a: Cryogonal\n|\n|-heal|p1a: Cryogonal|56/281|[from] item: Leftovers\n|upkeep\n|turn|19\n|\n|t:|1769890785\n|switch|p1a: Electrode|Electrode, L89|252/252\n|move|p2a: Kecleon|Drain Punch|p1a: Electrode\n|-damage|p1a: Electrode|155/252\n|\n|upkeep\n|turn|20\n|\n|t:|1769890797\n|move|p1a: Electrode|Thunderbolt|p2a: Kecleon\n|-damage|p2a: Kecleon|167/254\n|-damage|p1a: Electrode|130/252|[from] item: Life Orb\n|move|p2a: Kecleon|Drain Punch|p1a: Electrode\n|-damage|p1a: Electrode|36/252\n|-heal|p2a: Kecleon|214/254|[from] drain|[of] p1a: Electrode\n|\n|-heal|p2a: Kecleon|229/254|[from] item: Leftovers\n|upkeep\n|turn|21\n|inactive|A random hoe has 120 seconds left.\n|\n|t:|1769890840\n|move|p1a: Electrode|Thunderbolt|p2a: Kecleon\n|-damage|p2a: Kecleon|143/254\n|-damage|p1a: Electrode|11/252|[from] item: Life Orb\n|move|p2a: Kecleon|Recover|p2a: Kecleon\n|-start|p2a: Kecleon|typechange|Normal|[from] ability: Protean\n|-heal|p2a: Kecleon|254/254\n|\n|upkeep\n|turn|22\n|\n|t:|1769890848\n|move|p1a: Electrode|Thunderbolt|p2a: Kecleon\n|-damage|p2a: Kecleon|168/254\n|-damage|p1a: Electrode|0 fnt|[from] item: Life Orb\n|faint|p1a: Electrode\n|move|p2a: Kecleon|Recover|p2a: Kecleon\n|-heal|p2a: Kecleon|254/254\n|\n|upkeep\n|inactive|A random hoe has 120 seconds left.\n|\n|t:|1769890865\n|switch|p1a: Magmortar|Magmortar, L88, M|275/275\n|turn|23\n|\n|t:|1769890872\n|switch|p2a: Sableye|Sableye-Mega, L86, M|170/226 tox\n|move|p1a: Magmortar|Fire Blast|p2a: Sableye\n|-damage|p2a: Sableye|56/226 tox\n|\n|-damage|p2a: Sableye|42/226 tox|[from] psn\n|upkeep\n|turn|24\n|inactive|A random hoe has 120 seconds left.\n|\n|t:|1769890883\n|move|p1a: Magmortar|Earthquake|p2a: Sableye\n|-damage|p2a: Sableye|0 fnt\n|faint|p2a: Sableye\n|detailschange|p2: Sableye|Sableye, L86, M|[silent]\n|\n|upkeep\n|\n|t:|1769890887\n|switch|p2a: Lunala|Lunala, L72|316/316\n|turn|25\n|\n|t:|1769890895\n|switch|p1a: Umbreon|Umbreon, L84, M|269/297\n|move|p2a: Lunala|Calm Mind|p2a: Lunala\n|-boost|p2a: Lunala|spa|1\n|-boost|p2a: Lunala|spd|1\n|\n|-heal|p1a: Umbreon|287/297|[from] item: Leftovers\n|upkeep\n|turn|26\n|\n|t:|1769890904\n|move|p2a: Lunala|Moonblast|p1a: Umbreon\n|-supereffective|p1a: Umbreon\n|-damage|p1a: Umbreon|139/297\n|move|p1a: Umbreon|Toxic|p2a: Lunala\n|-status|p2a: Lunala|tox\n|\n|-heal|p1a: Umbreon|157/297|[from] item: Leftovers\n|-damage|p2a: Lunala|297/316 tox|[from] psn\n|upkeep\n|turn|27\n|\n|t:|1769890909\n|move|p2a: Lunala|Moonblast|p1a: Umbreon\n|-supereffective|p1a: Umbreon\n|-damage|p1a: Umbreon|23/297\n|-unboost|p1a: Umbreon|spa|1\n|move|p1a: Umbreon|Moonlight|p1a: Umbreon\n|-heal|p1a: Umbreon|171/297\n|\n|-heal|p2a: Lunala|316/316 tox|[from] item: Leftovers\n|-heal|p1a: Umbreon|189/297|[from] item: Leftovers\n|-damage|p2a: Lunala|278/316 tox|[from] psn\n|upkeep\n|turn|28\n|\n|t:|1769890914\n|switch|p2a: Kecleon|Kecleon, L90, F|254/254\n|move|p1a: Umbreon|Moonlight|p1a: Umbreon\n|-heal|p1a: Umbreon|297/297\n|\n|upkeep\n|turn|29\n|\n|t:|1769890923\n|switch|p1a: Cryogonal|Cryogonal, L87|56/281\n|move|p2a: Kecleon|Drain Punch|p1a: Cryogonal\n|-start|p2a: Kecleon|typechange|Fighting|[from] ability: Protean\n|-supereffective|p1a: Cryogonal\n|-damage|p1a: Cryogonal|0 fnt\n|faint|p1a: Cryogonal\n|\n|upkeep\n|\n|t:|1769890939\n|switch|p1a: Magmortar|Magmortar, L88, M|275/275\n|turn|30\n|\n|t:|1769890947\n|move|p1a: Magmortar|Fire Blast|p2a: Kecleon\n|-damage|p2a: Kecleon|134/254\n|move|p2a: Kecleon|Drain Punch|p1a: Magmortar\n|-damage|p1a: Magmortar|178/275\n|-heal|p2a: Kecleon|183/254|[from] drain|[of] p1a: Magmortar\n|\n|-heal|p2a: Kecleon|198/254|[from] item: Leftovers\n|upkeep\n|turn|31\n|\n|t:|1769890952\n|move|p1a: Magmortar|Fire Blast|p2a: Kecleon|[miss]\n|-miss|p1a: Magmortar|p2a: Kecleon\n|move|p2a: Kecleon|Recover|p2a: Kecleon\n|-start|p2a: Kecleon|typechange|Normal|[from] ability: Protean\n|-heal|p2a: Kecleon|254/254\n|\n|upkeep\n|turn|32\n|\n|t:|1769890955\n|move|p1a: Magmortar|Fire Blast|p2a: Kecleon\n|-damage|p2a: Kecleon|133/254\n|move|p2a: Kecleon|Toxic|p1a: Magmortar|[miss]\n|-start|p2a: Kecleon|typechange|Poison|[from] ability: Protean\n|-miss|p2a: Kecleon|p1a: Magmortar\n|\n|-heal|p2a: Kecleon|148/254|[from] item: Leftovers\n|upkeep\n|turn|33\n|\n|t:|1769890959\n|move|p1a: Magmortar|Fire Blast|p2a: Kecleon\n|-damage|p2a: Kecleon|31/254\n|-status|p2a: Kecleon|brn\n|move|p2a: Kecleon|Recover|p2a: Kecleon\n|-start|p2a: Kecleon|typechange|Normal|[from] ability: Protean\n|-heal|p2a: Kecleon|158/254 brn\n|\n|-heal|p2a: Kecleon|173/254 brn|[from] item: Leftovers\n|-damage|p2a: Kecleon|158/254 brn|[from] brn\n|upkeep\n|turn|34\n|\n|t:|1769890963\n|move|p1a: Magmortar|Fire Blast|p2a: Kecleon|[miss]\n|-miss|p1a: Magmortar|p2a: Kecleon\n|move|p2a: Kecleon|Toxic|p1a: Magmortar\n|-start|p2a: Kecleon|typechange|Poison|[from] ability: Protean\n|-status|p1a: Magmortar|tox\n|\n|-heal|p2a: Kecleon|173/254 brn|[from] item: Leftovers\n|-damage|p1a: Magmortar|161/275 tox|[from] psn\n|-damage|p2a: Kecleon|158/254 brn|[from] brn\n|upkeep\n|turn|35\n|\n|t:|1769890986\n|move|p1a: Magmortar|Fire Blast|p2a: Kecleon\n|-damage|p2a: Kecleon|35/254 brn\n|move|p2a: Kecleon|Recover|p2a: Kecleon\n|-start|p2a: Kecleon|typechange|Normal|[from] ability: Protean\n|-heal|p2a: Kecleon|162/254 brn\n|\n|-heal|p2a: Kecleon|177/254 brn|[from] item: Leftovers\n|-damage|p1a: Magmortar|127/275 tox|[from] psn\n|-damage|p2a: Kecleon|162/254 brn|[from] brn\n|upkeep\n|turn|36\n|\n|t:|1769890991\n|switch|p1a: Umbreon|Umbreon, L84, M|297/297\n|move|p2a: Kecleon|Recover|p2a: Kecleon\n|-heal|p2a: Kecleon|254/254 brn\n|\n|-damage|p2a: Kecleon|239/254 brn|[from] brn\n|upkeep\n|turn|37\n|\n|t:|1769890994\n|move|p1a: Umbreon|Heal Bell|p1a: Umbreon\n|-activate|p1a: Umbreon|move: Heal Bell\n|-curestatus|p1: Magmortar|tox|[msg]\n|move|p2a: Kecleon|Toxic||[still]\n|-start|p2a: Kecleon|typechange|Poison|[from] ability: Protean\n|-status|p1a: Umbreon|tox\n|-activate|p1a: Umbreon|ability: Synchronize\n|-fail|p1a: Umbreon\n|\n|-heal|p2a: Kecleon|254/254 brn|[from] item: Leftovers\n|-damage|p1a: Umbreon|279/297 tox|[from] psn\n|-damage|p2a: Kecleon|239/254 brn|[from] brn\n|upkeep\n|turn|38\n|\n|t:|1769891010\n|move|p1a: Umbreon|Foul Play|p2a: Kecleon\n|-damage|p2a: Kecleon|119/254 brn\n|move|p2a: Kecleon|Knock Off|p1a: Umbreon\n|-start|p2a: Kecleon|typechange|Dark|[from] ability: Protean\n|-resisted|p1a: Umbreon\n|-damage|p1a: Umbreon|257/297 tox\n|-enditem|p1a: Umbreon|Leftovers|[from] move: Knock Off|[of] p2a: Kecleon\n|\n|-heal|p2a: Kecleon|134/254 brn|[from] item: Leftovers\n|-damage|p1a: Umbreon|221/297 tox|[from] psn\n|-damage|p2a: Kecleon|119/254 brn|[from] brn\n|upkeep\n|turn|39\n|\n|t:|1769891015\n|move|p1a: Umbreon|Heal Bell|p1a: Umbreon\n|-activate|p1a: Umbreon|move: Heal Bell\n|-curestatus|p1a: Umbreon|tox|[msg]\n|move|p2a: Kecleon|Recover|p2a: Kecleon\n|-start|p2a: Kecleon|typechange|Normal|[from] ability: Protean\n|-heal|p2a: Kecleon|246/254 brn\n|\n|-heal|p2a: Kecleon|254/254 brn|[from] item: Leftovers\n|-damage|p2a: Kecleon|239/254 brn|[from] brn\n|upkeep\n|turn|40\n|\n|t:|1769891025\n|move|p1a: Umbreon|Foul Play|p2a: Kecleon\n|-damage|p2a: Kecleon|116/254 brn\n|move|p2a: Kecleon|Drain Punch|p1a: Umbreon\n|-start|p2a: Kecleon|typechange|Fighting|[from] ability: Protean\n|-supereffective|p1a: Umbreon\n|-damage|p1a: Umbreon|140/297\n|-heal|p2a: Kecleon|157/254 brn|[from] drain|[of] p1a: Umbreon\n|\n|-heal|p2a: Kecleon|172/254 brn|[from] item: Leftovers\n|-damage|p2a: Kecleon|157/254 brn|[from] brn\n|upkeep\n|turn|41\n|\n|t:|1769891031\n|move|p1a: Umbreon|Moonlight|p1a: Umbreon\n|-heal|p1a: Umbreon|288/297\n|move|p2a: Kecleon|Toxic||[still]\n|-start|p2a: Kecleon|typechange|Poison|[from] ability: Protean\n|-status|p1a: Umbreon|tox\n|-activate|p1a: Umbreon|ability: Synchronize\n|-fail|p1a: Umbreon\n|\n|-heal|p2a: Kecleon|172/254 brn|[from] item: Leftovers\n|-damage|p1a: Umbreon|270/297 tox|[from] psn\n|-damage|p2a: Kecleon|157/254 brn|[from] brn\n|upkeep\n|turn|42\n|\n|t:|1769891038\n|switch|p1a: Magmortar|Magmortar, L88, M|127/275\n|move|p2a: Kecleon|Recover|p2a: Kecleon\n|-start|p2a: Kecleon|typechange|Normal|[from] ability: Protean\n|-heal|p2a: Kecleon|254/254 brn\n|\n|-damage|p2a: Kecleon|239/254 brn|[from] brn\n|upkeep\n|turn|43\n|\n|t:|1769891046\n|move|p1a: Magmortar|Fire Blast|p2a: Kecleon\n|-damage|p2a: Kecleon|122/254 brn\n|move|p2a: Kecleon|Toxic|p1a: Magmortar\n|-start|p2a: Kecleon|typechange|Poison|[from] ability: Protean\n|-status|p1a: Magmortar|tox\n|\n|-heal|p2a: Kecleon|137/254 brn|[from] item: Leftovers\n|-damage|p1a: Magmortar|110/275 tox|[from] psn\n|-damage|p2a: Kecleon|122/254 brn|[from] brn\n|upkeep\n|turn|44\n|\n|t:|1769891053\n|switch|p1a: Umbreon|Umbreon, L84, M|270/297 tox\n|switch|p2a: Lunala|Lunala, L72|278/316 tox\n|\n|-heal|p2a: Lunala|297/316 tox|[from] item: Leftovers\n|-damage|p2a: Lunala|278/316 tox|[from] psn\n|-damage|p1a: Umbreon|252/297 tox|[from] psn\n|upkeep\n|turn|45\n|\n|t:|1769891061\n|move|p2a: Lunala|Moonblast|p1a: Umbreon\n|-supereffective|p1a: Umbreon\n|-crit|p1a: Umbreon\n|-damage|p1a: Umbreon|96/297 tox\n|move|p1a: Umbreon|Foul Play|p2a: Lunala\n|-supereffective|p2a: Lunala\n|-damage|p2a: Lunala|0 fnt\n|faint|p2a: Lunala\n|\n|-damage|p1a: Umbreon|60/297 tox|[from] psn\n|upkeep\n|\n|t:|1769891066\n|switch|p2a: Kecleon|Kecleon, L90, F|122/254 brn\n|turn|46\n|\n|t:|1769891071\n|move|p1a: Umbreon|Heal Bell|p1a: Umbreon\n|-activate|p1a: Umbreon|move: Heal Bell\n|-curestatus|p1a: Umbreon|tox|[msg]\n|-curestatus|p1: Magmortar|tox|[msg]\n|move|p2a: Kecleon|Recover|p2a: Kecleon\n|-heal|p2a: Kecleon|249/254 brn\n|\n|-heal|p2a: Kecleon|254/254 brn|[from] item: Leftovers\n|-damage|p2a: Kecleon|239/254 brn|[from] brn\n|upkeep\n|turn|47\n|\n|t:|1769891078\n|move|p1a: Umbreon|Moonlight|p1a: Umbreon\n|-heal|p1a: Umbreon|208/297\n|move|p2a: Kecleon|Drain Punch|p1a: Umbreon\n|-start|p2a: Kecleon|typechange|Fighting|[from] ability: Protean\n|-supereffective|p1a: Umbreon\n|-damage|p1a: Umbreon|129/297\n|-heal|p2a: Kecleon|254/254 brn|[from] drain|[of] p1a: Umbreon\n|\n|-damage|p2a: Kecleon|239/254 brn|[from] brn\n|upkeep\n|turn|48\n|\n|t:|1769891089\n|move|p1a: Umbreon|Moonlight|p1a: Umbreon\n|-heal|p1a: Umbreon|277/297\n|move|p2a: Kecleon|Drain Punch|p1a: Umbreon\n|-supereffective|p1a: Umbreon\n|-damage|p1a: Umbreon|207/297\n|-heal|p2a: Kecleon|254/254 brn|[from] drain|[of] p1a: Umbreon\n|\n|-damage|p2a: Kecleon|239/254 brn|[from] brn\n|upkeep\n|turn|49\n|\n|t:|1769891102\n|move|p1a: Umbreon|Foul Play|p2a: Kecleon\n|-resisted|p2a: Kecleon\n|-damage|p2a: Kecleon|187/254 brn\n|move|p2a: Kecleon|Toxic||[still]\n|-start|p2a: Kecleon|typechange|Poison|[from] ability: Protean\n|-status|p1a: Umbreon|tox\n|-activate|p1a: Umbreon|ability: Synchronize\n|-fail|p1a: Umbreon\n|\n|-heal|p2a: Kecleon|202/254 brn|[from] item: Leftovers\n|-damage|p1a: Umbreon|189/297 tox|[from] psn\n|-damage|p2a: Kecleon|187/254 brn|[from] brn\n|upkeep\n|turn|50\n|\n|t:|1769891111\n|move|p1a: Umbreon|Foul Play|p2a: Kecleon\n|-damage|p2a: Kecleon|84/254 brn\n|move|p2a: Kecleon|Knock Off|p1a: Umbreon\n|-start|p2a: Kecleon|typechange|Dark|[from] ability: Protean\n|-resisted|p1a: Umbreon\n|-damage|p1a: Umbreon|173/297 tox\n|\n|-heal|p2a: Kecleon|99/254 brn|[from] item: Leftovers\n|-damage|p1a: Umbreon|137/297 tox|[from] psn\n|-damage|p2a: Kecleon|84/254 brn|[from] brn\n|upkeep\n|turn|51\n|\n|t:|1769891115\n|move|p1a: Umbreon|Foul Play|p2a: Kecleon\n|-resisted|p2a: Kecleon\n|-damage|p2a: Kecleon|29/254 brn\n|move|p2a: Kecleon|Recover|p2a: Kecleon\n|-start|p2a: Kecleon|typechange|Normal|[from] ability: Protean\n|-heal|p2a: Kecleon|156/254 brn\n|\n|-heal|p2a: Kecleon|171/254 brn|[from] item: Leftovers\n|-damage|p1a: Umbreon|83/297 tox|[from] psn\n|-damage|p2a: Kecleon|156/254 brn|[from] brn\n|upkeep\n|turn|52\n|\n|t:|1769891118\n|move|p1a: Umbreon|Heal Bell|p1a: Umbreon\n|-activate|p1a: Umbreon|move: Heal Bell\n|-curestatus|p1a: Umbreon|tox|[msg]\n|move|p2a: Kecleon|Recover|p2a: Kecleon\n|-heal|p2a: Kecleon|254/254 brn\n|\n|-damage|p2a: Kecleon|239/254 brn|[from] brn\n|upkeep\n|turn|53\n|\n|t:|1769891120\n|move|p1a: Umbreon|Moonlight|p1a: Umbreon\n|-heal|p1a: Umbreon|231/297\n|move|p2a: Kecleon|Toxic||[still]\n|-start|p2a: Kecleon|typechange|Poison|[from] ability: Protean\n|-status|p1a: Umbreon|tox\n|-activate|p1a: Umbreon|ability: Synchronize\n|-fail|p1a: Umbreon\n|\n|-heal|p2a: Kecleon|254/254 brn|[from] item: Leftovers\n|-damage|p1a: Umbreon|213/297 tox|[from] psn\n|-damage|p2a: Kecleon|239/254 brn|[from] brn\n|upkeep\n|turn|54\n|\n|t:|1769891130\n|move|p1a: Umbreon|Foul Play|p2a: Kecleon\n|-damage|p2a: Kecleon|128/254 brn\n|move|p2a: Kecleon|Knock Off|p1a: Umbreon\n|-start|p2a: Kecleon|typechange|Dark|[from] ability: Protean\n|-resisted|p1a: Umbreon\n|-damage|p1a: Umbreon|197/297 tox\n|\n|-heal|p2a: Kecleon|143/254 brn|[from] item: Leftovers\n|-damage|p1a: Umbreon|161/297 tox|[from] psn\n|-damage|p2a: Kecleon|128/254 brn|[from] brn\n|upkeep\n|turn|55\n|\n|t:|1769891139\n|move|p1a: Umbreon|Heal Bell|p1a: Umbreon\n|-activate|p1a: Umbreon|move: Heal Bell\n|-curestatus|p1a: Umbreon|tox|[msg]\n|move|p2a: Kecleon|Drain Punch|p1a: Umbreon\n|-start|p2a: Kecleon|typechange|Fighting|[from] ability: Protean\n|-supereffective|p1a: Umbreon\n|-damage|p1a: Umbreon|85/297\n|-heal|p2a: Kecleon|166/254 brn|[from] drain|[of] p1a: Umbreon\n|\n|-heal|p2a: Kecleon|181/254 brn|[from] item: Leftovers\n|-damage|p2a: Kecleon|166/254 brn|[from] brn\n|upkeep\n|turn|56\n|\n|t:|1769891147\n|move|p1a: Umbreon|Moonlight|p1a: Umbreon\n|-heal|p1a: Umbreon|233/297\n|move|p2a: Kecleon|Drain Punch|p1a: Umbreon\n|-supereffective|p1a: Umbreon\n|-damage|p1a: Umbreon|161/297\n|-heal|p2a: Kecleon|202/254 brn|[from] drain|[of] p1a: Umbreon\n|\n|-heal|p2a: Kecleon|217/254 brn|[from] item: Leftovers\n|-damage|p2a: Kecleon|202/254 brn|[from] brn\n|upkeep\n|turn|57\n|\n|t:|1769891152\n|switch|p1a: Magmortar|Magmortar, L88, M|110/275\n|move|p2a: Kecleon|Toxic|p1a: Magmortar|[miss]\n|-start|p2a: Kecleon|typechange|Poison|[from] ability: Protean\n|-miss|p2a: Kecleon|p1a: Magmortar\n|\n|-heal|p2a: Kecleon|217/254 brn|[from] item: Leftovers\n|-damage|p2a: Kecleon|202/254 brn|[from] brn\n|upkeep\n|turn|58\n|\n|t:|1769891160\n|move|p1a: Magmortar|Thunderbolt|p2a: Kecleon\n|-damage|p2a: Kecleon|140/254 brn\n|move|p2a: Kecleon|Recover|p2a: Kecleon\n|-start|p2a: Kecleon|typechange|Normal|[from] ability: Protean\n|-heal|p2a: Kecleon|254/254 brn\n|\n|-damage|p2a: Kecleon|239/254 brn|[from] brn\n|upkeep\n|turn|59\n|\n|t:|1769891169\n|move|p1a: Magmortar|Thunderbolt|p2a: Kecleon\n|-damage|p2a: Kecleon|177/254 brn\n|move|p2a: Kecleon|Toxic|p1a: Magmortar\n|-start|p2a: Kecleon|typechange|Poison|[from] ability: Protean\n|-status|p1a: Magmortar|tox\n|\n|-heal|p2a: Kecleon|192/254 brn|[from] item: Leftovers\n|-damage|p1a: Magmortar|93/275 tox|[from] psn\n|-damage|p2a: Kecleon|177/254 brn|[from] brn\n|upkeep\n|turn|60\n|\n|t:|1769891175\n|move|p1a: Magmortar|Earthquake|p2a: Kecleon\n|-supereffective|p2a: Kecleon\n|-damage|p2a: Kecleon|19/254 brn\n|move|p2a: Kecleon|Recover|p2a: Kecleon\n|-start|p2a: Kecleon|typechange|Normal|[from] ability: Protean\n|-heal|p2a: Kecleon|146/254 brn\n|\n|-heal|p2a: Kecleon|161/254 brn|[from] item: Leftovers\n|-damage|p1a: Magmortar|59/275 tox|[from] psn\n|-damage|p2a: Kecleon|146/254 brn|[from] brn\n|upkeep\n|turn|61\n|\n|t:|1769891179\n|switch|p1a: Umbreon|Umbreon, L84, M|161/297\n|move|p2a: Kecleon|Recover|p2a: Kecleon\n|-heal|p2a: Kecleon|254/254 brn\n|\n|-damage|p2a: Kecleon|239/254 brn|[from] brn\n|upkeep\n|turn|62\n|inactive|A random hoe has 120 seconds left.\n|\n|t:|1769891210\n|move|p1a: Umbreon|Foul Play|p2a: Kecleon\n|-damage|p2a: Kecleon|131/254 brn\n|move|p2a: Kecleon|Drain Punch|p1a: Umbreon\n|-start|p2a: Kecleon|typechange|Fighting|[from] ability: Protean\n|-supereffective|p1a: Umbreon\n|-damage|p1a: Umbreon|80/297\n|-heal|p2a: Kecleon|172/254 brn|[from] drain|[of] p1a: Umbreon\n|\n|-heal|p2a: Kecleon|187/254 brn|[from] item: Leftovers\n|-damage|p2a: Kecleon|172/254 brn|[from] brn\n|upkeep\n|turn|63\n|\n|t:|1769891215\n|move|p1a: Umbreon|Moonlight|p1a: Umbreon\n|-heal|p1a: Umbreon|228/297\n|move|p2a: Kecleon|Drain Punch|p1a: Umbreon\n|-supereffective|p1a: Umbreon\n|-damage|p1a: Umbreon|161/297\n|-heal|p2a: Kecleon|206/254 brn|[from] drain|[of] p1a: Umbreon\n|\n|-heal|p2a: Kecleon|221/254 brn|[from] item: Leftovers\n|-damage|p2a: Kecleon|206/254 brn|[from] brn\n|upkeep\n|turn|64\n|\n|t:|1769891222\n|move|p1a: Umbreon|Heal Bell|p1a: Umbreon\n|-activate|p1a: Umbreon|move: Heal Bell\n|-curestatus|p1: Magmortar|tox|[msg]\n|move|p2a: Kecleon|Drain Punch|p1a: Umbreon\n|-supereffective|p1a: Umbreon\n|-damage|p1a: Umbreon|80/297\n|-heal|p2a: Kecleon|247/254 brn|[from] drain|[of] p1a: Umbreon\n|\n|-heal|p2a: Kecleon|254/254 brn|[from] item: Leftovers\n|-damage|p2a: Kecleon|239/254 brn|[from] brn\n|upkeep\n|turn|65\n|\n|t:|1769891228\n|switch|p1a: Magmortar|Magmortar, L88, M|59/275\n|move|p2a: Kecleon|Drain Punch|p1a: Magmortar\n|-damage|p1a: Magmortar|11/275\n|-heal|p2a: Kecleon|254/254 brn|[from] drain|[of] p1a: Magmortar\n|\n|-damage|p2a: Kecleon|239/254 brn|[from] brn\n|upkeep\n|turn|66\n|\n|t:|1769891236\n|move|p1a: Magmortar|Earthquake|p2a: Kecleon\n|-damage|p2a: Kecleon|157/254 brn\n|move|p2a: Kecleon|Drain Punch|p1a: Magmortar\n|-damage|p1a: Magmortar|0 fnt\n|-heal|p2a: Kecleon|163/254 brn|[from] drain|[of] p1a: Magmortar\n|faint|p1a: Magmortar\n|\n|-heal|p2a: Kecleon|178/254 brn|[from] item: Leftovers\n|-damage|p2a: Kecleon|163/254 brn|[from] brn\n|upkeep\n|\n|t:|1769891241\n|switch|p1a: Umbreon|Umbreon, L84, M|80/297\n|turn|67\n|\n|t:|1769891243\n|move|p1a: Umbreon|Foul Play|p2a: Kecleon\n|-resisted|p2a: Kecleon\n|-damage|p2a: Kecleon|102/254 brn\n|move|p2a: Kecleon|Drain Punch|p1a: Umbreon\n|-supereffective|p1a: Umbreon\n|-damage|p1a: Umbreon|5/297\n|-heal|p2a: Kecleon|140/254 brn|[from] drain|[of] p1a: Umbreon\n|\n|-heal|p2a: Kecleon|155/254 brn|[from] item: Leftovers\n|-damage|p2a: Kecleon|140/254 brn|[from] brn\n|upkeep\n|turn|68\n|\n|t:|1769891246\n|move|p1a: Umbreon|Foul Play|p2a: Kecleon\n|-resisted|p2a: Kecleon\n|-damage|p2a: Kecleon|84/254 brn\n|move|p2a: Kecleon|Knock Off|p1a: Umbreon\n|-start|p2a: Kecleon|typechange|Dark|[from] ability: Protean\n|-resisted|p1a: Umbreon\n|-damage|p1a: Umbreon|0 fnt\n|faint|p1a: Umbreon\n|\n|win|galamianogi\n|raw|A random hoe's rating: 1551 &rarr; <strong>1534</strong><br />(-17 for losing)\n|raw|galamianogi's rating: 1600 &rarr; <strong>1617</strong><br />(+17 for winning)\n|l|☆A random hoe\n|player|p1|\n", "inputlog": ">version b99ff0165a6231f17e8b78c2a78d1998375de664\n>start {\"formatid\":\"gen7randombattle\",\"seed\":\"sodium,e3890282923db011e9a81dbac3461a4e\",\"rated\":\"Rated battle\"}\n>player p1 {\"name\":\"A random hoe\",\"avatar\":\"malva\",\"rating\":1551,\"seed\":\"sodium,b979d59517672c9bfafa719c44dbf7cf\"}\n>player p2 {\"name\":\"galamianogi\",\"avatar\":\"gladion-stance\",\"rating\":1600,\"seed\":\"sodium,96b6d782e8017a333d49cfa0cfd6ffda\"}\n>p1 move toxic\n>p2 switch 2\n>p1 switch 6\n>p2 move bulkup\n>p1 move energyball\n>p2 move closecombat\n>p1 move energyball\n>p2 move closecombat\n>p2 switch 6\n>p1 switch 6\n>p2 move calmmind mega\n>p1 move toxic\n>p2 move calmmind\n>p1 move healbell\n>p2 move darkpulse\n>p1 move foulplay\n>p2 switch 3\n>p1 switch 4\n>p2 move facade\n>p1 move earthquake\n>p2 switch 4\n>p1 switch 6\n>p2 move uturn\n>p2 switch 5\n>p1 switch 4\n>p1 move toxic\n>p2 switch 3\n>p1 move healbell\n>p2 switch 4\n>p1 switch 6\n>p2 move facade\n>p1 move earthquake\n>p2 move stompingtantrum\n>p2 switch 5\n>p1 move earthquake\n>p2 move icebeam\n>p1 switch 2\n>p1 move freezedry\n>p2 move scald\n>p2 switch 3\n>p1 move freezedry\n>p2 move drainpunch\n>p1 switch 3\n>p2 move drainpunch\n>p1 move thunderbolt\n>p2 move drainpunch\n>p1 move thunderbolt\n>p2 move recover\n>p1 move thunderbolt\n>p2 move recover\n>p1 switch 5\n>p1 move fireblast\n>p2 switch 4\n>p1 move earthquake\n>p2 move darkpulse\n>p2 switch 2\n>p1 switch 6\n>p2 move calmmind\n>p1 move toxic\n>p2 move moonblast\n>p1 move moonlight\n>p2 move moonblast\n>p1 move moonlight\n>p2 switch 4\n>p1 switch 3\n>p2 move drainpunch\n>p1 switch 6\n>p1 move fireblast\n>p2 move drainpunch\n>p1 move fireblast\n>p2 move recover\n>p1 move fireblast\n>p2 move toxic\n>p1 move fireblast\n>p2 move recover\n>p1 move fireblast\n>p2 move toxic\n>p1 move fireblast\n>p2 move recover\n>p1 switch 3\n>p2 move recover\n>p1 move healbell\n>p2 move toxic\n>p1 move foulplay\n>p2 move knockoff\n>p1 move healbell\n>p2 move recover\n>p1 move foulplay\n>p2 move drainpunch\n>p1 move moonlight\n>p2 move toxic\n>p1 switch 3\n>p2 move recover\n>p1 move fireblast\n>p2 move toxic\n>p1 switch 3\n>p2 switch 4\n>p1 move foulplay\n>p2 move moonblast\n>p2 switch 4\n>p1 move healbell\n>p2 move recover\n>p1 move moonlight\n>p2 move drainpunch\n>p1 move moonlight\n>p2 move drainpunch\n>p1 move foulplay\n>p2 move toxic\n>p1 move foulplay\n>p2 move knockoff\n>p1 move foulplay\n>p2 move recover\n>p1 move healbell\n>p2 move recover\n>p1 move moonlight\n>p2 move toxic\n>p1 move foulplay\n>p2 move knockoff\n>p1 move healbell\n>p2 move drainpunch\n>p1 move moonlight\n>p2 move drainpunch\n>p1 switch 3\n>p2 move toxic\n>p1 move thunderbolt\n>p2 move recover\n>p1 move thunderbolt\n>p2 move toxic\n>p1 move earthquake\n>p2 move recover\n>p1 switch 3\n>p2 move recover\n>p1 move foulplay\n>p2 move drainpunch\n>p1 move moonlight\n>p2 move drainpunch\n>p1 move healbell\n>p2 move drainpunch\n>p1 switch 3\n>p2 move drainpunch\n>p1 move earthquake\n>p2 move drainpunch\n>p1 switch 3\n>p1 move foulplay\n>p2 move drainpunch\n>p1 move foulplay\n>p2 move knockoff", "uploadtime": 1769891251, "views": 179, "formatid": "gen7randombattle", "rating": 1534, "private": 0, "password": null}