{"id": "gen7randombattle-2524339277", "format": "[Gen 7] Random Battle", "players": ["Somnium Azurea", "BROCKISAROCK"], "log": "|j|☆Somnium Azurea\n|j|☆BROCKISAROCK\n|t:|1769133446\n|gametype|singles\n|player|p1|Somnium Azurea|lady|1692\n|player|p2|BROCKISAROCK|brock|1719\n|gen|7\n|tier|[Gen 7] Random Battle\n|rated|\n|rule|Sleep Clause Mod: Limit one foe put to sleep\n|rule|HP Percentage Mod: HP is shown in percentages\n|rule|Illusion Level Mod: Illusion disguises the Pokémon's true level\n|\n|t:|1769133446\n|teamsize|p1|6\n|teamsize|p2|6\n|start\n|switch|p1a: Kyogre|Kyogre, L72|263/263\n|switch|p2a: Abomasnow|Abomasnow, L83, F|285/285\n|-weather|Hail|[from] ability: Snow Warning|[of] p2a: Abomasnow\n|detailschange|p1a: Kyogre|Kyogre-Primal, L72\n|-primal|p1a: Kyogre|Blue Orb\n|-weather|PrimordialSea|[from] ability: Primordial Sea|[of] p1a: Kyogre\n|turn|1\n|inactive|Battle timer is ON: inactive players will automatically lose when time's up. (requested by Somnium Azurea)\n|\n|t:|1769133459\n|-weather|none\n|switch|p1a: Stakataka|Stakataka, L83|237/237\n|detailschange|p2a: Abomasnow|Abomasnow-Mega, L83, F\n|-mega|p2a: Abomasnow|Abomasnow|Abomasite\n|-weather|Hail|[from] ability: Snow Warning|[of] p2a: Abomasnow\n|move|p2a: Abomasnow|Giga Drain|p1a: Stakataka\n|-damage|p1a: Stakataka|150/237\n|\n|-weather|Hail|[upkeep]\n|-damage|p1a: Stakataka|136/237|[from] Hail\n|upkeep\n|turn|2\n|\n|t:|1769133468\n|switch|p1a: Comfey|Comfey, L87, M|230/230\n|move|p2a: Abomasnow|Earthquake|p1a: Comfey\n|-damage|p1a: Comfey|145/230\n|\n|-weather|Hail|[upkeep]\n|-damage|p1a: Comfey|131/230|[from] Hail\n|-heal|p1a: Comfey|145/230|[from] item: Leftovers\n|upkeep\n|turn|3\n|\n|t:|1769133474\n|move|p1a: Comfey|Calm Mind|p1a: Comfey\n|-boost|p1a: Comfey|spa|1\n|-boost|p1a: Comfey|spd|1\n|move|p2a: Abomasnow|Blizzard|p1a: Comfey\n|-damage|p1a: Comfey|61/230\n|\n|-weather|Hail|[upkeep]\n|-damage|p1a: Comfey|47/230|[from] Hail\n|-heal|p1a: Comfey|61/230|[from] item: Leftovers\n|upkeep\n|turn|4\n|\n|t:|1769133486\n|move|p1a: Comfey|Draining Kiss|p2a: Abomasnow\n|-damage|p2a: Abomasnow|215/285\n|-heal|p1a: Comfey|114/230|[from] drain|[of] p2a: Abomasnow\n|move|p2a: Abomasnow|Blizzard|p1a: Comfey\n|-damage|p1a: Comfey|35/230\n|\n|-weather|Hail|[upkeep]\n|-damage|p1a: Comfey|21/230|[from] Hail\n|-heal|p1a: Comfey|35/230|[from] item: Leftovers\n|upkeep\n|turn|5\n|\n|t:|1769133490\n|move|p1a: Comfey|Draining Kiss|p2a: Abomasnow\n|-damage|p2a: Abomasnow|151/285\n|-heal|p1a: Comfey|83/230|[from] drain|[of] p2a: Abomasnow\n|move|p2a: Abomasnow|Ice Shard|p1a: Comfey\n|-damage|p1a: Comfey|32/230\n|\n|-weather|none\n|-heal|p1a: Comfey|46/230|[from] item: Leftovers\n|upkeep\n|turn|6\n|\n|t:|1769133499\n|switch|p2a: Cresselia|Cresselia, L82, F|331/331\n|move|p1a: Comfey|Draining Kiss|p2a: Cresselia\n|-damage|p2a: Cresselia|271/331\n|-heal|p1a: Comfey|91/230|[from] drain|[of] p2a: Cresselia\n|\n|-heal|p1a: Comfey|105/230|[from] item: Leftovers\n|-heal|p2a: Cresselia|291/331|[from] item: Leftovers\n|upkeep\n|turn|7\n|\n|t:|1769133504\n|switch|p1a: Stakataka|Stakataka, L83|136/237\n|move|p2a: Cresselia|Toxic|p1a: Stakataka\n|-immune|p1a: Stakataka\n|\n|-heal|p2a: Cresselia|311/331|[from] item: Leftovers\n|upkeep\n|turn|8\n|\n|t:|1769133519\n|switch|p2a: Mew|Mew, L80|291/291\n|move|p1a: Stakataka|Gyro Ball|p2a: Mew\n|-damage|p2a: Mew|20/291\n|\n|upkeep\n|turn|9\n|\n|t:|1769133523\n|switch|p1a: Lumineon|Lumineon, L93, M|279/279\n|move|p2a: Mew|Earthquake|p1a: Lumineon\n|-damage|p1a: Lumineon|197/279\n|-damage|p2a: Mew|0 fnt|[from] item: Life Orb\n|faint|p2a: Mew\n|\n|-heal|p1a: Lumineon|214/279|[from] item: Leftovers\n|upkeep\n|\n|t:|1769133526\n|switch|p2a: Zebstrika|Zebstrika, L88, F|275/275\n|turn|10\n|\n|t:|1769133542\n|move|p2a: Zebstrika|Thunderbolt|p1a: Lumineon\n|-supereffective|p1a: Lumineon\n|-damage|p1a: Lumineon|0 fnt\n|faint|p1a: Lumineon\n|\n|upkeep\n|\n|t:|1769133545\n|switch|p1a: Noivern|Noivern, L83, M|277/277\n|turn|11\n|\n|t:|1769133550\n|switch|p2a: Cresselia|Cresselia, L82, F|311/331\n|move|p1a: Noivern|Draco Meteor|p2a: Cresselia|[miss]\n|-miss|p1a: Noivern|p2a: Cresselia\n|\n|-heal|p2a: Cresselia|331/331|[from] item: Leftovers\n|upkeep\n|turn|12\n|\n|t:|1769133559\n|switch|p1a: Stakataka|Stakataka, L83|136/237\n|switch|p2a: Abomasnow|Abomasnow-Mega, L83, F|151/285\n|-weather|Hail|[from] ability: Snow Warning|[of] p2a: Abomasnow\n|\n|-weather|Hail|[upkeep]\n|-damage|p1a: Stakataka|122/237|[from] Hail\n|upkeep\n|turn|13\n|\n|t:|1769133572\n|move|p2a: Abomasnow|Earthquake|p1a: Stakataka\n|-supereffective|p1a: Stakataka\n|-damage|p1a: Stakataka|0 fnt\n|faint|p1a: Stakataka\n|\n|-weather|Hail|[upkeep]\n|upkeep\n|\n|t:|1769133575\n|switch|p1a: Deoxys|Deoxys-Attack, L72|191/191\n|-ability|p1a: Deoxys|Pressure\n|turn|14\n|\n|t:|1769133581\n|move|p2a: Abomasnow|Ice Shard|p1a: Deoxys\n|-damage|p1a: Deoxys|46/191\n|move|p1a: Deoxys|Psycho Boost|p2a: Abomasnow\n|-damage|p2a: Abomasnow|0 fnt\n|-unboost|p1a: Deoxys|spa|2\n|faint|p2a: Abomasnow\n|detailschange|p2: Abomasnow|Abomasnow, L83, F|[silent]\n|-damage|p1a: Deoxys|27/191|[from] item: Life Orb\n|\n|-weather|Hail|[upkeep]\n|-damage|p1a: Deoxys|16/191|[from] Hail\n|upkeep\n|\n|t:|1769133595\n|switch|p2a: Cresselia|Cresselia, L82, F|331/331\n|turn|15\n|\n|t:|1769133602\n|move|p1a: Deoxys|Knock Off|p2a: Cresselia\n|-supereffective|p2a: Cresselia\n|-damage|p2a: Cresselia|162/331\n|-enditem|p2a: Cresselia|Leftovers|[from] move: Knock Off|[of] p1a: Deoxys\n|-damage|p1a: Deoxys|0 fnt|[from] item: Life Orb\n|faint|p1a: Deoxys\n|move|p2a: Cresselia|Psychic|p1: Deoxys|[notarget]\n|-fail|p2a: Cresselia\n|\n|-weather|Hail|[upkeep]\n|-damage|p2a: Cresselia|142/331|[from] Hail\n|upkeep\n|\n|t:|1769133619\n|switch|p1a: Kyogre|Kyogre-Primal, L72|263/263\n|-weather|PrimordialSea|[from] ability: Primordial Sea|[of] p1a: Kyogre\n|turn|16\n|\n|t:|1769133635\n|move|p2a: Cresselia|Psychic|p1a: Kyogre\n|-damage|p1a: Kyogre|206/263\n|move|p1a: Kyogre|Calm Mind|p1a: Kyogre\n|-boost|p1a: Kyogre|spa|1\n|-boost|p1a: Kyogre|spd|1\n|\n|-weather|PrimordialSea|[upkeep]\n|upkeep\n|turn|17\n|\n|t:|1769133645\n|move|p2a: Cresselia|Toxic|p1a: Kyogre\n|-status|p1a: Kyogre|tox\n|move|p1a: Kyogre|Calm Mind|p1a: Kyogre\n|-boost|p1a: Kyogre|spa|1\n|-boost|p1a: Kyogre|spd|1\n|\n|-weather|PrimordialSea|[upkeep]\n|-damage|p1a: Kyogre|190/263 tox|[from] psn\n|upkeep\n|turn|18\n|\n|t:|1769133649\n|move|p2a: Cresselia|Psychic|p1a: Kyogre\n|-damage|p1a: Kyogre|163/263 tox\n|move|p1a: Kyogre|Rest|p1a: Kyogre\n|-status|p1a: Kyogre|slp|[from] move: Rest\n|-heal|p1a: Kyogre|263/263 slp|[silent]\n|\n|-weather|PrimordialSea|[upkeep]\n|upkeep\n|turn|19\n|\n|t:|1769133654\n|switch|p2a: Zebstrika|Zebstrika, L88, F|275/275\n|cant|p1a: Kyogre|slp\n|\n|-weather|PrimordialSea|[upkeep]\n|upkeep\n|turn|20\n|\n|t:|1769133663\n|move|p2a: Zebstrika|Thunderbolt|p1a: Kyogre\n|-supereffective|p1a: Kyogre\n|-damage|p1a: Kyogre|155/263 slp\n|cant|p1a: Kyogre|slp\n|\n|-weather|PrimordialSea|[upkeep]\n|upkeep\n|turn|21\n|\n|t:|1769133668\n|move|p2a: Zebstrika|Thunderbolt|p1a: Kyogre\n|-supereffective|p1a: Kyogre\n|-damage|p1a: Kyogre|51/263 slp\n|-curestatus|p1a: Kyogre|slp|[msg]\n|move|p1a: Kyogre|Rest|p1a: Kyogre\n|-status|p1a: Kyogre|slp|[from] move: Rest\n|-heal|p1a: Kyogre|263/263 slp|[silent]\n|\n|-weather|PrimordialSea|[upkeep]\n|upkeep\n|turn|22\n|\n|t:|1769133671\n|move|p2a: Zebstrika|Thunderbolt|p1a: Kyogre\n|-supereffective|p1a: Kyogre\n|-damage|p1a: Kyogre|165/263 slp\n|cant|p1a: Kyogre|slp\n|move|p1a: Kyogre|Sleep Talk|p1a: Kyogre\n|move|p1a: Kyogre|Calm Mind|p1a: Kyogre|[from] move: Sleep Talk\n|-boost|p1a: Kyogre|spa|1\n|-boost|p1a: Kyogre|spd|1\n|\n|-weather|PrimordialSea|[upkeep]\n|upkeep\n|turn|23\n|\n|t:|1769133676\n|move|p2a: Zebstrika|Thunderbolt|p1a: Kyogre\n|-supereffective|p1a: Kyogre\n|-damage|p1a: Kyogre|91/263 slp\n|cant|p1a: Kyogre|slp\n|move|p1a: Kyogre|Sleep Talk|p1a: Kyogre\n|move|p1a: Kyogre|Rest||[from] move: Sleep Talk|[still]\n|-fail|p1a: Kyogre\n|\n|-weather|PrimordialSea|[upkeep]\n|upkeep\n|turn|24\n|\n|t:|1769133678\n|move|p2a: Zebstrika|Thunderbolt|p1a: Kyogre\n|-supereffective|p1a: Kyogre\n|-damage|p1a: Kyogre|13/263 slp\n|-curestatus|p1a: Kyogre|slp|[msg]\n|move|p1a: Kyogre|Rest|p1a: Kyogre\n|-status|p1a: Kyogre|slp|[from] move: Rest\n|-heal|p1a: Kyogre|263/263 slp|[silent]\n|\n|-weather|PrimordialSea|[upkeep]\n|upkeep\n|turn|25\n|\n|t:|1769133681\n|move|p2a: Zebstrika|Thunderbolt|p1a: Kyogre\n|-supereffective|p1a: Kyogre\n|-damage|p1a: Kyogre|189/263 slp\n|cant|p1a: Kyogre|slp\n|move|p1a: Kyogre|Sleep Talk|p1a: Kyogre\n|move|p1a: Kyogre|Rest||[from] move: Sleep Talk|[still]\n|-fail|p1a: Kyogre\n|\n|-weather|PrimordialSea|[upkeep]\n|upkeep\n|turn|26\n|\n|t:|1769133683\n|move|p2a: Zebstrika|Thunderbolt|p1a: Kyogre\n|-supereffective|p1a: Kyogre\n|-damage|p1a: Kyogre|111/263 slp\n|cant|p1a: Kyogre|slp\n|move|p1a: Kyogre|Sleep Talk|p1a: Kyogre\n|move|p1a: Kyogre|Rest||[from] move: Sleep Talk|[still]\n|-fail|p1a: Kyogre\n|\n|-weather|PrimordialSea|[upkeep]\n|upkeep\n|turn|27\n|\n|t:|1769133695\n|move|p2a: Zebstrika|Thunderbolt|p1a: Kyogre\n|-supereffective|p1a: Kyogre\n|-damage|p1a: Kyogre|21/263 slp\n|-curestatus|p1a: Kyogre|slp|[msg]\n|move|p1a: Kyogre|Rest|p1a: Kyogre\n|-status|p1a: Kyogre|slp|[from] move: Rest\n|-heal|p1a: Kyogre|263/263 slp|[silent]\n|\n|-weather|PrimordialSea|[upkeep]\n|upkeep\n|turn|28\n|\n|t:|1769133697\n|move|p2a: Zebstrika|Thunderbolt|p1a: Kyogre\n|-supereffective|p1a: Kyogre\n|-damage|p1a: Kyogre|183/263 slp\n|cant|p1a: Kyogre|slp\n|move|p1a: Kyogre|Sleep Talk|p1a: Kyogre\n|move|p1a: Kyogre|Rest||[from] move: Sleep Talk|[still]\n|-fail|p1a: Kyogre\n|\n|-weather|PrimordialSea|[upkeep]\n|upkeep\n|turn|29\n|\n|t:|1769133700\n|move|p2a: Zebstrika|Thunderbolt|p1a: Kyogre\n|-supereffective|p1a: Kyogre\n|-damage|p1a: Kyogre|99/263 slp\n|cant|p1a: Kyogre|slp\n|move|p1a: Kyogre|Sleep Talk|p1a: Kyogre\n|move|p1a: Kyogre|Calm Mind|p1a: Kyogre|[from] move: Sleep Talk\n|-boost|p1a: Kyogre|spa|1\n|-boost|p1a: Kyogre|spd|1\n|\n|-weather|PrimordialSea|[upkeep]\n|upkeep\n|turn|30\n|\n|t:|1769133703\n|move|p2a: Zebstrika|Thunderbolt|p1a: Kyogre\n|-supereffective|p1a: Kyogre\n|-damage|p1a: Kyogre|37/263 slp\n|-curestatus|p1a: Kyogre|slp|[msg]\n|move|p1a: Kyogre|Rest|p1a: Kyogre\n|-status|p1a: Kyogre|slp|[from] move: Rest\n|-heal|p1a: Kyogre|263/263 slp|[silent]\n|\n|-weather|PrimordialSea|[upkeep]\n|upkeep\n|turn|31\n|\n|t:|1769133705\n|move|p2a: Zebstrika|Thunderbolt|p1a: Kyogre\n|-supereffective|p1a: Kyogre\n|-damage|p1a: Kyogre|191/263 slp\n|cant|p1a: Kyogre|slp\n|move|p1a: Kyogre|Sleep Talk|p1a: Kyogre\n|move|p1a: Kyogre|Calm Mind|p1a: Kyogre|[from] move: Sleep Talk\n|-boost|p1a: Kyogre|spa|1\n|-boost|p1a: Kyogre|spd|1\n|\n|-weather|PrimordialSea|[upkeep]\n|upkeep\n|turn|32\n|\n|t:|1769133707\n|move|p2a: Zebstrika|Thunderbolt|p1a: Kyogre\n|-supereffective|p1a: Kyogre\n|-damage|p1a: Kyogre|131/263 slp\n|cant|p1a: Kyogre|slp\n|move|p1a: Kyogre|Sleep Talk|p1a: Kyogre\n|move|p1a: Kyogre|Scald|p2a: Zebstrika|[from] move: Sleep Talk\n|-damage|p2a: Zebstrika|0 fnt\n|faint|p2a: Zebstrika\n|\n|-weather|PrimordialSea|[upkeep]\n|upkeep\n|\n|t:|1769133710\n|switch|p2a: Marshadow|Marshadow, L69|239/239\n|turn|33\n|\n|t:|1769133715\n|-weather|none\n|switch|p1a: Noivern|Noivern, L83, M|277/277\n|move|p2a: Marshadow|Spectral Thief|p1a: Noivern\n|-damage|p1a: Noivern|170/277\n|-damage|p2a: Marshadow|216/239|[from] item: Life Orb\n|\n|upkeep\n|turn|34\n|\n|t:|1769133723\n|switch|p2a: Cresselia|Cresselia, L82, F|142/331\n|move|p1a: Noivern|Hurricane|p2a: Cresselia\n|-damage|p2a: Cresselia|21/331\n|\n|upkeep\n|turn|35\n|\n|t:|1769133728\n|move|p1a: Noivern|Hurricane|p2a: Cresselia\n|-damage|p2a: Cresselia|0 fnt\n|faint|p2a: Cresselia\n|\n|upkeep\n|\n|t:|1769133729\n|switch|p2a: Fearow|Fearow, L88, F|258/258\n|turn|36\n|\n|t:|1769133736\n|move|p1a: Noivern|Hurricane|p2a: Fearow\n|-damage|p2a: Fearow|47/258\n|-start|p2a: Fearow|confusion\n|-activate|p2a: Fearow|confusion\n|-damage|p2a: Fearow|9/258|[from] confusion\n|\n|upkeep\n|turn|37\n|\n|t:|1769133739\n|move|p1a: Noivern|Hurricane|p2a: Fearow\n|-crit|p2a: Fearow\n|-damage|p2a: Fearow|0 fnt\n|faint|p2a: Fearow\n|\n|upkeep\n|\n|t:|1769133741\n|switch|p2a: Marshadow|Marshadow, L69|216/239\n|turn|38\n|\n|t:|1769133744\n|move|p1a: Noivern|Hurricane|p2a: Marshadow|[miss]\n|-miss|p1a: Noivern|p2a: Marshadow\n|move|p2a: Marshadow|Spectral Thief|p1a: Noivern\n|-damage|p1a: Noivern|48/277\n|-damage|p2a: Marshadow|193/239|[from] item: Life Orb\n|\n|upkeep\n|turn|39\n|\n|t:|1769133747\n|move|p2a: Marshadow|Shadow Sneak|p1a: Noivern\n|-damage|p1a: Noivern|0 fnt\n|faint|p1a: Noivern\n|-damage|p2a: Marshadow|170/239|[from] item: Life Orb\n|\n|upkeep\n|\n|t:|1769133748\n|switch|p1a: Comfey|Comfey, L87, M|105/230\n|turn|40\n|\n|t:|1769133752\n|move|p1a: Comfey|Draining Kiss|p2a: Marshadow\n|-supereffective|p2a: Marshadow\n|-damage|p2a: Marshadow|54/239\n|-heal|p1a: Comfey|192/230|[from] drain|[of] p2a: Marshadow\n|move|p2a: Marshadow|Spectral Thief|p1a: Comfey\n|-damage|p1a: Comfey|101/230\n|-damage|p2a: Marshadow|31/239|[from] item: Life Orb\n|\n|-heal|p1a: Comfey|115/230|[from] item: Leftovers\n|upkeep\n|turn|41\n|-message|BROCKISAROCK forfeited.\n|\n|win|Somnium Azurea\n|raw|Somnium Azurea's rating: 1662 &rarr; <strong>1685</strong><br />(+23 for winning)\n|raw|BROCKISAROCK's rating: 1719 &rarr; <strong>1696</strong><br />(-23 for losing)\n|l|☆BROCKISAROCK\n|player|p2|\n|l|☆Somnium Azurea\n|player|p1|\n", "inputlog": ">version dd3d52b8382d73d1dd2c67730c4067df325ab790\n>start {\"formatid\":\"gen7randombattle\",\"seed\":\"sodium,b02d2d5bcaf611e7f5f406f693c826f5\",\"rated\":\"Rated battle\"}\n>player p1 {\"name\":\"Somnium Azurea\",\"avatar\":\"lady\",\"rating\":1692,\"seed\":\"sodium,f477d4e9a13de4395bd12c9980ab7551\"}\n>player p2 {\"name\":\"BROCKISAROCK\",\"avatar\":\"brock\",\"rating\":1719,\"seed\":\"sodium,64752eedbe2dbb62a651e6060061eb45\"}\n>p1 switch 6\n>p2 move gigadrain mega\n>p1 switch 4\n>p2 move earthquake\n>p1 move calmmind\n>p2 move blizzard\n>p1 move drainingkiss\n>p2 move blizzard\n>p1 move drainingkiss\n>p2 move iceshard\n>p1 move drainingkiss\n>p2 switch 6\n>p1 switch 4\n>p2 move toxic\n>p1 move gyroball\n>p2 switch 2\n>p1 switch 3\n>p2 move earthquake\n>p2 switch 4\n>p1 move toxic\n>p2 move thunderbolt\n>p1 switch 5\n>p1 move dracometeor\n>p2 switch 2\n>p1 switch 3\n>p2 switch 6\n>p1 move gyroball\n>p2 move earthquake\n>p1 switch 2\n>p1 move psychoboost\n>p2 move iceshard\n>p2 switch 6\n>p1 move knockoff\n>p2 move psychic\n>p1 switch 6\n>p1 move calmmind\n>p2 move psychic\n>p1 move calmmind\n>p2 move toxic\n>p1 move rest\n>p2 move psychic\n>p1 move calmmind\n>p2 switch 2\n>p1 move calmmind\n>p2 move thunderbolt\n>p1 move rest\n>p2 move thunderbolt\n>p1 move sleeptalk\n>p2 move thunderbolt\n>p1 move sleeptalk\n>p2 move thunderbolt\n>p1 move rest\n>p2 move thunderbolt\n>p1 move sleeptalk\n>p2 move thunderbolt\n>p1 move sleeptalk\n>p2 move thunderbolt\n>p1 move rest\n>p2 move thunderbolt\n>p1 move sleeptalk\n>p2 move thunderbolt\n>p1 move sleeptalk\n>p2 move thunderbolt\n>p1 move rest\n>p2 move thunderbolt\n>p1 move sleeptalk\n>p2 move thunderbolt\n>p1 move sleeptalk\n>p2 move thunderbolt\n>p2 switch 5\n>p1 switch 3\n>p2 move spectralthief\n>p1 move hurricane\n>p2 switch 2\n>p1 move hurricane\n>p2 move moonblast\n>p2 switch 3\n>p1 move hurricane\n>p2 move return\n>p1 move hurricane\n>p2 move return\n>p2 switch 2\n>p1 move hurricane\n>p2 move spectralthief\n>p1 move hurricane\n>p2 move shadowsneak\n>p1 switch 4\n>p1 move drainingkiss\n>p2 move spectralthief\n>forcelose p2", "uploadtime": 1769133767, "views": 156, "formatid": "gen7randombattle", "rating": 1685, "private": 0, "password": null}