{"id": "gen7randombattle-2530332678", "format": "[Gen 7] Random Battle", "players": ["may/gen3", "Empoleo Armani"], "log": "|j|☆may/gen3\n|j|☆Empoleo Armani\n|t:|1769903308\n|gametype|singles\n|player|p1|may/gen3|may|1764\n|player|p2|Empoleo Armani|kimonogirl|1695\n|gen|7\n|tier|[Gen 7] Random Battle\n|rated|\n|rule|Sleep Clause Mod: Limit one foe put to sleep\n|rule|HP Percentage Mod: HP is shown in percentages\n|rule|Illusion Level Mod: Illusion disguises the Pokémon's true level\n|\n|t:|1769903308\n|teamsize|p1|6\n|teamsize|p2|6\n|start\n|switch|p1a: Hitmonchan|Hitmonchan, L87, M|229/229\n|switch|p2a: Lilligant|Lilligant, L87, F|264/264\n|turn|1\n|inactive|Battle timer is ON: inactive players will automatically lose when time's up. (requested by Empoleo Armani)\n|\n|t:|1769903316\n|move|p2a: Lilligant|Sleep Powder|p1a: Hitmonchan|[miss]\n|-miss|p2a: Lilligant|p1a: Hitmonchan\n|move|p1a: Hitmonchan|Drain Punch|p2a: Lilligant\n|-damage|p2a: Lilligant|141/264\n|\n|upkeep\n|turn|2\n|\n|t:|1769903322\n|move|p1a: Hitmonchan|Mach Punch|p2a: Lilligant\n|-damage|p2a: Lilligant|80/264\n|move|p2a: Lilligant|Sleep Powder|p1a: Hitmonchan\n|-status|p1a: Hitmonchan|slp|[from] move: Sleep Powder\n|\n|upkeep\n|turn|3\n|\n|t:|1769903329\n|switch|p1a: Muk|Muk-Alola, L80, M|299/299\n|move|p2a: Lilligant|Quiver Dance|p2a: Lilligant\n|-boost|p2a: Lilligant|spa|1\n|-boost|p2a: Lilligant|spd|1\n|-boost|p2a: Lilligant|spe|1\n|\n|upkeep\n|turn|4\n|\n|t:|1769903333\n|switch|p2a: Dugtrio|Dugtrio, L84, F|196/196\n|move|p1a: Muk|Knock Off|p2a: Dugtrio\n|-damage|p2a: Dugtrio|49/196\n|-enditem|p2a: Dugtrio|Choice Band|[from] move: Knock Off|[of] p1a: Muk\n|\n|upkeep\n|turn|5\n|\n|t:|1769903350\n|move|p2a: Dugtrio|Earthquake|p1a: Muk\n|-supereffective|p1a: Muk\n|-damage|p1a: Muk|41/299\n|-enditem|p1a: Muk|Wiki Berry|[eat]\n|-heal|p1a: Muk|190/299|[from] item: Wiki Berry\n|move|p1a: Muk|Knock Off|p2a: Dugtrio\n|-damage|p2a: Dugtrio|0 fnt\n|faint|p2a: Dugtrio\n|\n|upkeep\n|\n|t:|1769903360\n|switch|p2a: Exploud|Exploud, L86, F|319/319\n|turn|6\n|\n|t:|1769903369\n|move|p2a: Exploud|Boomburst|p1a: Muk\n|-damage|p1a: Muk|52/299\n|move|p1a: Muk|Knock Off|p2a: Exploud\n|-damage|p2a: Exploud|202/319\n|-enditem|p2a: Exploud|Choice Scarf|[from] move: Knock Off|[of] p1a: Muk\n|\n|upkeep\n|turn|7\n|\n|t:|1769903379\n|move|p2a: Exploud|Boomburst|p1a: Muk\n|-damage|p1a: Muk|0 fnt\n|faint|p1a: Muk\n|\n|upkeep\n|\n|t:|1769903387\n|switch|p1a: Hoopa|Hoopa-Unbound, L81|262/262\n|turn|8\n|\n|t:|1769903394\n|move|p1a: Hoopa|Hyperspace Fury|p2a: Exploud\n|-damage|p2a: Exploud|0 fnt\n|-unboost|p1a: Hoopa|def|1\n|faint|p2a: Exploud\n|\n|upkeep\n|\n|t:|1769903401\n|switch|p2a: Carnivine|Carnivine, F|310/310\n|turn|9\n|\n|t:|1769903417\n|switch|p1a: Seviper|Seviper, L94, F|290/290\n|move|p2a: Carnivine|Power Whip|p1a: Seviper\n|-resisted|p1a: Seviper\n|-damage|p1a: Seviper|177/290\n|\n|upkeep\n|turn|10\n|\n|t:|1769903437\n|switch|p2a: Lilligant|Lilligant, L87, F|80/264\n|move|p1a: Seviper|Poison Jab|p2a: Lilligant\n|-supereffective|p2a: Lilligant\n|-damage|p2a: Lilligant|0 fnt\n|faint|p2a: Lilligant\n|-damage|p1a: Seviper|148/290|[from] item: Life Orb\n|\n|upkeep\n|\n|t:|1769903438\n|switch|p2a: Aurorus|Aurorus, L88, M|360/360\n|-weather|Hail|[from] ability: Snow Warning|[of] p2a: Aurorus\n|turn|11\n|\n|t:|1769903441\n|switch|p1a: Mismagius|Mismagius, L87, M|246/246\n|move|p2a: Aurorus|Blizzard|p1a: Mismagius\n|-damage|p1a: Mismagius|141/246\n|\n|-weather|Hail|[upkeep]\n|-damage|p1a: Mismagius|126/246|[from] Hail\n|-heal|p1a: Mismagius|141/246|[from] item: Leftovers\n|upkeep\n|turn|12\n|\n|t:|1769903455\n|move|p1a: Mismagius|Shadow Ball|p2a: Aurorus\n|-damage|p2a: Aurorus|269/360\n|move|p2a: Aurorus|Blizzard|p1a: Mismagius\n|-damage|p1a: Mismagius|24/246\n|\n|-weather|Hail|[upkeep]\n|-damage|p1a: Mismagius|9/246|[from] Hail\n|-heal|p1a: Mismagius|24/246|[from] item: Leftovers\n|-heal|p2a: Aurorus|291/360|[from] item: Leftovers\n|upkeep\n|turn|13\n|\n|t:|1769903458\n|move|p1a: Mismagius|Pain Split|p2a: Aurorus\n|-sethp|p2a: Aurorus|157/360|[from] move: Pain Split|[silent]\n|-sethp|p1a: Mismagius|157/246|[from] move: Pain Split\n|move|p2a: Aurorus|Blizzard|p1a: Mismagius\n|-damage|p1a: Mismagius|55/246\n|\n|-weather|Hail|[upkeep]\n|-damage|p1a: Mismagius|40/246|[from] Hail\n|-heal|p1a: Mismagius|55/246|[from] item: Leftovers\n|-heal|p2a: Aurorus|179/360|[from] item: Leftovers\n|upkeep\n|turn|14\n|\n|t:|1769903481\n|move|p1a: Mismagius|Shadow Ball|p2a: Aurorus\n|-damage|p2a: Aurorus|85/360\n|move|p2a: Aurorus|Blizzard|p1a: Mismagius\n|-damage|p1a: Mismagius|0 fnt\n|faint|p1a: Mismagius\n|\n|-weather|Hail|[upkeep]\n|-heal|p2a: Aurorus|107/360|[from] item: Leftovers\n|upkeep\n|\n|t:|1769903488\n|switch|p1a: Tauros|Tauros, L84, M|263/263\n|turn|15\n|\n|t:|1769903503\n|move|p1a: Tauros|Earthquake|p2a: Aurorus\n|-supereffective|p2a: Aurorus\n|-damage|p2a: Aurorus|0 fnt\n|faint|p2a: Aurorus\n|-damage|p1a: Tauros|237/263|[from] item: Life Orb\n|\n|-weather|none\n|upkeep\n|\n|t:|1769903505\n|switch|p2a: Carnivine|Carnivine, F|310/310\n|turn|16\n|-message|Empoleo Armani forfeited.\n|\n|win|may/gen3\n|raw|may&#x2f;gen3's rating: 1764 &rarr; <strong>1780</strong><br />(+16 for winning)\n|raw|Empoleo Armani's rating: 1695 &rarr; <strong>1679</strong><br />(-16 for losing)\n|l|☆Empoleo Armani\n|player|p2|\n", "inputlog": ">version b99ff0165a6231f17e8b78c2a78d1998375de664\n>start {\"formatid\":\"gen7randombattle\",\"seed\":\"sodium,089a9993ef9b865b3b125c135a682d84\",\"rated\":\"Rated battle\"}\n>player p1 {\"name\":\"may/gen3\",\"avatar\":\"may\",\"rating\":1764,\"seed\":\"sodium,78fc239d2c5463703a365182192cbb4d\"}\n>player p2 {\"name\":\"Empoleo Armani\",\"avatar\":\"kimonogirl\",\"rating\":1695,\"seed\":\"sodium,36595e8ad37742eb5b1fcd01769c6964\"}\n>p1 move drainpunch\n>p2 move sleeppowder\n>p1 move machpunch\n>p2 move sleeppowder\n>p1 switch 3\n>p2 move quiverdance\n>p1 move knockoff\n>p2 switch 4\n>p1 move knockoff\n>p2 move earthquake\n>p2 switch 6\n>p1 move knockoff\n>p2 move boomburst\n>p1 move gunkshot\n>p2 move boomburst\n>p1 switch 6\n>p1 move hyperspacefury\n>p2 move boomburst\n>p2 switch 5\n>p1 switch 5\n>p2 move powerwhip\n>p1 move poisonjab\n>p2 switch 4\n>p2 switch 3\n>p1 switch 4\n>p2 move blizzard\n>p1 move shadowball\n>p2 move blizzard\n>p1 move painsplit\n>p2 move blizzard\n>p1 move shadowball\n>p2 move blizzard\n>p1 switch 2\n>p1 move earthquake\n>p2 move blizzard\n>p2 switch 4\n>forcelose p2", "uploadtime": 1769903517, "views": 196, "formatid": "gen7randombattle", "rating": 1679, "private": 0, "password": null}