{"id": "gen7randombattle-2540022253", "format": "[Gen 7] Random Battle", "players": ["may/gen3", "prv96"], "log": "|j|☆may/gen3\n|j|☆prv96\n|t:|1771146634\n|gametype|singles\n|player|p1|may/gen3|may|1783\n|player|p2|prv96|wattson|1608\n|gen|7\n|tier|[Gen 7] Random Battle\n|rated|\n|rule|Sleep Clause Mod: Limit one foe put to sleep\n|rule|HP Percentage Mod: HP is shown in percentages\n|rule|Illusion Level Mod: Illusion disguises the Pokémon's true level\n|\n|t:|1771146634\n|teamsize|p1|6\n|teamsize|p2|6\n|start\n|switch|p1a: Giratina|Giratina-Origin, L74|344/344\n|switch|p2a: Vivillon|Vivillon-Modern, L85, F|275/275\n|turn|1\n|inactive|Battle timer is ON: inactive players will automatically lose when time's up. (requested by prv96)\n|\n|t:|1771146649\n|move|p2a: Vivillon|Sleep Powder|p1a: Giratina\n|-status|p1a: Giratina|slp|[from] move: Sleep Powder\n|cant|p1a: Giratina|slp\n|\n|upkeep\n|turn|2\n|\n|t:|1771146656\n|switch|p1a: Pidgeot|Pidgeot, L90, F|296/296\n|move|p2a: Vivillon|Quiver Dance|p2a: Vivillon\n|-boost|p2a: Vivillon|spa|1\n|-boost|p2a: Vivillon|spd|1\n|-boost|p2a: Vivillon|spe|1\n|\n|upkeep\n|turn|3\n|\n|t:|1771146663\n|move|p2a: Vivillon|Quiver Dance|p2a: Vivillon\n|-boost|p2a: Vivillon|spa|1\n|-boost|p2a: Vivillon|spd|1\n|-boost|p2a: Vivillon|spe|1\n|move|p1a: Pidgeot|Brave Bird|p2a: Vivillon\n|-supereffective|p2a: Vivillon\n|-damage|p2a: Vivillon|0 fnt\n|faint|p2a: Vivillon\n|-damage|p1a: Pidgeot|205/296|[from] Recoil\n|\n|-heal|p1a: Pidgeot|223/296|[from] item: Leftovers\n|upkeep\n|\n|t:|1771146666\n|switch|p2a: Aggron|Aggron, L81, F|246/246\n|turn|4\n|\n|t:|1771146669\n|detailschange|p2a: Aggron|Aggron-Mega, L81, F\n|-mega|p2a: Aggron|Aggron|Aggronite\n|move|p1a: Pidgeot|Heat Wave|p2a: Aggron\n|-supereffective|p2a: Aggron\n|-damage|p2a: Aggron|137/246\n|move|p2a: Aggron|Stealth Rock|p1a: Pidgeot\n|-sidestart|p1: may/gen3|move: Stealth Rock\n|\n|-heal|p1a: Pidgeot|241/296|[from] item: Leftovers\n|upkeep\n|turn|5\n|\n|t:|1771146688\n|move|p1a: Pidgeot|Heat Wave|p2a: Aggron\n|-supereffective|p2a: Aggron\n|-damage|p2a: Aggron|28/246\n|move|p2a: Aggron|Heavy Slam|p1a: Pidgeot\n|-damage|p1a: Pidgeot|67/296\n|\n|-heal|p1a: Pidgeot|85/296|[from] item: Leftovers\n|upkeep\n|turn|6\n|\n|t:|1771146698\n|move|p1a: Pidgeot|Heat Wave|p2a: Aggron\n|-supereffective|p2a: Aggron\n|-damage|p2a: Aggron|0 fnt\n|faint|p2a: Aggron\n|detailschange|p2: Aggron|Aggron, L81, F|[silent]\n|\n|-heal|p1a: Pidgeot|103/296|[from] item: Leftovers\n|upkeep\n|\n|t:|1771146707\n|switch|p2a: Crawdaunt|Crawdaunt, L85, F|246/246\n|turn|7\n|\n|t:|1771146711\n|move|p2a: Crawdaunt|Aqua Jet|p1a: Pidgeot\n|-damage|p1a: Pidgeot|0 fnt\n|faint|p1a: Pidgeot\n|\n|upkeep\n|\n|t:|1771146716\n|switch|p1a: Gurdurr|Gurdurr, L87, M|290/290\n|-damage|p1a: Gurdurr|272/290|[from] Stealth Rock\n|turn|8\n|\n|t:|1771146730\n|switch|p2a: Hippowdon|Hippowdon, L82, F|311/311\n|-weather|Sandstorm|[from] ability: Sand Stream|[of] p2a: Hippowdon\n|move|p1a: Gurdurr|Bulk Up|p1a: Gurdurr\n|-boost|p1a: Gurdurr|atk|1\n|-boost|p1a: Gurdurr|def|1\n|\n|-weather|Sandstorm|[upkeep]\n|-damage|p1a: Gurdurr|254/290|[from] Sandstorm\n|upkeep\n|turn|9\n|\n|t:|1771146734\n|move|p1a: Gurdurr|Drain Punch|p2a: Hippowdon\n|-damage|p2a: Hippowdon|197/311\n|-heal|p1a: Gurdurr|290/290|[from] drain|[of] p2a: Hippowdon\n|move|p2a: Hippowdon|Whirlwind|p1a: Gurdurr\n|drag|p1a: Basculin|Basculin-Blue-Striped, L86, F|261/261\n|-damage|p1a: Basculin|229/261|[from] Stealth Rock\n|\n|-weather|Sandstorm|[upkeep]\n|-damage|p1a: Basculin|213/261|[from] Sandstorm\n|-heal|p2a: Hippowdon|216/311|[from] item: Leftovers\n|upkeep\n|turn|10\n|\n|t:|1771146751\n|move|p1a: Basculin|Liquidation|p2a: Hippowdon\n|-supereffective|p2a: Hippowdon\n|-damage|p2a: Hippowdon|0 fnt\n|faint|p2a: Hippowdon\n|\n|-weather|Sandstorm|[upkeep]\n|-damage|p1a: Basculin|197/261|[from] Sandstorm\n|upkeep\n|\n|t:|1771146753\n|switch|p2a: Crawdaunt|Crawdaunt, L85, F|246/246\n|turn|11\n|\n|t:|1771146760\n|move|p1a: Basculin|Liquidation|p2a: Crawdaunt\n|-resisted|p2a: Crawdaunt\n|-damage|p2a: Crawdaunt|159/246\n|move|p2a: Crawdaunt|Crabhammer|p1a: Basculin|[miss]\n|-miss|p2a: Crawdaunt|p1a: Basculin\n|\n|-weather|Sandstorm|[upkeep]\n|-damage|p1a: Basculin|181/261|[from] Sandstorm\n|-damage|p2a: Crawdaunt|144/246|[from] Sandstorm\n|upkeep\n|turn|12\n|c|☆may/gen3|what\n|\n|t:|1771146785\n|move|p1a: Basculin|Liquidation|p2a: Crawdaunt\n|-resisted|p2a: Crawdaunt\n|-damage|p2a: Crawdaunt|56/246\n|move|p2a: Crawdaunt|Crabhammer|p1a: Basculin\n|-resisted|p1a: Basculin\n|-damage|p1a: Basculin|21/261\n|\n|-weather|none\n|upkeep\n|turn|13\n|\n|t:|1771146790\n|move|p1a: Basculin|Liquidation|p2a: Crawdaunt\n|-resisted|p2a: Crawdaunt\n|-damage|p2a: Crawdaunt|0 fnt\n|faint|p2a: Crawdaunt\n|\n|upkeep\n|\n|t:|1771146801\n|switch|p2a: Dialga|Dialga, L74|270/270\n|-ability|p2a: Dialga|Pressure\n|turn|14\n|\n|t:|1771146804\n|move|p1a: Basculin|Liquidation|p2a: Dialga\n|-resisted|p2a: Dialga\n|-damage|p2a: Dialga|196/270\n|move|p2a: Dialga|Flash Cannon|p1a: Basculin\n|-resisted|p1a: Basculin\n|-damage|p1a: Basculin|0 fnt\n|faint|p1a: Basculin\n|\n|-heal|p2a: Dialga|212/270|[from] item: Leftovers\n|upkeep\n|\n|t:|1771146813\n|switch|p1a: Gurdurr|Gurdurr, L87, M|290/290\n|-damage|p1a: Gurdurr|272/290|[from] Stealth Rock\n|turn|15\n|\n|t:|1771146828\n|move|p2a: Dialga|Toxic|p1a: Gurdurr|[miss]\n|-miss|p2a: Dialga|p1a: Gurdurr\n|move|p1a: Gurdurr|Drain Punch|p2a: Dialga\n|-supereffective|p2a: Dialga\n|-damage|p2a: Dialga|56/270\n|-heal|p1a: Gurdurr|290/290|[from] drain|[of] p2a: Dialga\n|\n|-heal|p2a: Dialga|72/270|[from] item: Leftovers\n|upkeep\n|turn|16\n|\n|t:|1771146832\n|move|p2a: Dialga|Draco Meteor|p1a: Gurdurr\n|-damage|p1a: Gurdurr|155/290\n|-unboost|p2a: Dialga|spa|2\n|move|p1a: Gurdurr|Drain Punch|p2a: Dialga\n|-supereffective|p2a: Dialga\n|-crit|p2a: Dialga\n|-damage|p2a: Dialga|0 fnt\n|-heal|p1a: Gurdurr|191/290|[from] drain|[of] p2a: Dialga\n|faint|p2a: Dialga\n|\n|upkeep\n|\n|t:|1771146856\n|switch|p2a: Hawlucha|Hawlucha, L78, M|249/249\n|turn|17\n|\n|t:|1771146863\n|switch|p1a: Camerupt|Camerupt, L88, F|266/266\n|-damage|p1a: Camerupt|233/266|[from] Stealth Rock\n|move|p2a: Hawlucha|Swords Dance|p2a: Hawlucha\n|-boost|p2a: Hawlucha|atk|2\n|\n|upkeep\n|turn|18\n|\n|t:|1771146873\n|switch|p1a: Gurdurr|Gurdurr, L87, M|191/290\n|-damage|p1a: Gurdurr|173/290|[from] Stealth Rock\n|move|p2a: Hawlucha|Sky Attack||[still]\n|-prepare|p2a: Hawlucha|Sky Attack\n|-enditem|p2a: Hawlucha|Power Herb\n|-anim|p2a: Hawlucha|Sky Attack|p1a: Gurdurr\n|-supereffective|p1a: Gurdurr\n|-damage|p1a: Gurdurr|0 fnt\n|faint|p1a: Gurdurr\n|\n|upkeep\n|\n|t:|1771146877\n|switch|p1a: Camerupt|Camerupt, L88, F|233/266\n|-damage|p1a: Camerupt|200/266|[from] Stealth Rock\n|turn|19\n|\n|t:|1771146890\n|detailschange|p1a: Camerupt|Camerupt-Mega, L88, F\n|-mega|p1a: Camerupt|Camerupt|Cameruptite\n|move|p2a: Hawlucha|Swords Dance|p2a: Hawlucha\n|-boost|p2a: Hawlucha|atk|2\n|move|p1a: Camerupt|Fire Blast|p2a: Hawlucha\n|-damage|p2a: Hawlucha|0 fnt\n|faint|p2a: Hawlucha\n|\n|win|may/gen3\n|raw|may&#x2f;gen3's rating: 1783 &rarr; <strong>1794</strong><br />(+11 for winning)\n|raw|prv96's rating: 1608 &rarr; <strong>1597</strong><br />(-11 for losing)\n|l|☆prv96\n|player|p2|\n", "inputlog": ">version 686819e5e19f8a7fd2345cfc5a08a5085efa2cc3\n>start {\"formatid\":\"gen7randombattle\",\"seed\":\"sodium,e37ee0fe59302acf1af9dfb725fca3d9\",\"rated\":\"Rated battle\"}\n>player p1 {\"name\":\"may/gen3\",\"avatar\":\"may\",\"rating\":1783,\"seed\":\"sodium,5c506dfb350ae9101612b520969457a8\"}\n>player p2 {\"name\":\"prv96\",\"avatar\":\"wattson\",\"rating\":1608,\"seed\":\"sodium,9390a6f007bc3f1f73723bf56940e2c3\"}\n>p1 move willowisp\n>p2 move sleeppowder\n>p1 switch 3\n>p2 move quiverdance\n>p1 move bravebird\n>p2 move quiverdance\n>p2 switch 4\n>p1 move heatwave\n>p2 move stealthrock mega\n>p1 move heatwave\n>p2 move heavyslam\n>p1 move heatwave\n>p2 move roar\n>p2 switch 5\n>p1 move bravebird\n>p2 move aquajet\n>p1 switch 5\n>p1 move bulkup\n>p2 switch 3\n>p1 move drainpunch\n>p2 move whirlwind\n>p1 move liquidation\n>p2 move earthquake\n>p2 switch 3\n>p1 move liquidation\n>p2 move crabhammer\n>chat ☆may/gen3|what \n>p1 move liquidation\n>p2 move crabhammer\n>p1 move liquidation\n>p2 move crabhammer\n>p2 switch 2\n>p1 move liquidation\n>p2 move flashcannon\n>p1 switch 2\n>p1 move drainpunch\n>p2 move toxic\n>p1 move drainpunch\n>p2 move dracometeor\n>p2 switch 6\n>p1 switch 6\n>p2 move swordsdance\n>p1 switch 6\n>p2 move skyattack\n>p1 switch 6\n>p1 move fireblast mega\n>p2 move swordsdance", "uploadtime": 1771146895, "views": 79, "formatid": "gen7randombattle", "rating": 1597, "private": 0, "password": null}