{"id": "gen7randombattle-2535812538", "format": "[Gen 7] Random Battle", "players": ["ChronoKaze", "plop in my pants"], "log": "|j|☆ChronoKaze\n|j|☆plop in my pants\n|t:|1770613232\n|gametype|singles\n|player|p1|ChronoKaze|266|1711\n|player|p2|plop in my pants|teamrocket|1745\n|gen|7\n|tier|[Gen 7] Random Battle\n|rated|\n|rule|Sleep Clause Mod: Limit one foe put to sleep\n|rule|HP Percentage Mod: HP is shown in percentages\n|rule|Illusion Level Mod: Illusion disguises the Pokémon's true level\n|\n|t:|1770613232\n|teamsize|p1|6\n|teamsize|p2|6\n|start\n|switch|p1a: Lopunny|Lopunny, L77, F|227/227\n|switch|p2a: Wishiwashi|Wishiwashi, L89, F|225/225\n|-formechange|p2a: Wishiwashi|Wishiwashi-School||[from] ability: Schooling\n|turn|1\n|inactive|Battle timer is ON: inactive players will automatically lose when time's up. (requested by ChronoKaze)\n|\n|t:|1770613241\n|detailschange|p1a: Lopunny|Lopunny-Mega, L77, F\n|-mega|p1a: Lopunny|Lopunny|Lopunnite\n|move|p1a: Lopunny|Fake Out|p2a: Wishiwashi\n|-damage|p2a: Wishiwashi|189/225\n|cant|p2a: Wishiwashi|flinch\n|\n|-heal|p2a: Wishiwashi|203/225|[from] item: Leftovers\n|upkeep\n|turn|2\n|\n|t:|1770613259\n|switch|p1a: Celebi|Celebi, L82|298/298\n|move|p2a: Wishiwashi|Scald|p1a: Celebi\n|-resisted|p1a: Celebi\n|-damage|p1a: Celebi|235/298\n|\n|-heal|p2a: Wishiwashi|217/225|[from] item: Leftovers\n|upkeep\n|turn|3\n|\n|t:|1770613273\n|switch|p2a: Regigigas|Regigigas, L86|329/329\n|-start|p2a: Regigigas|ability: Slow Start\n|move|p1a: Celebi|Leaf Storm|p2a: Regigigas|[miss]\n|-miss|p1a: Celebi|p2a: Regigigas\n|\n|upkeep\n|turn|4\n|\n|t:|1770613283\n|switch|p1a: Ferrothorn|Ferrothorn, L72, M|226/226\n|move|p2a: Regigigas|Knock Off|p1a: Ferrothorn\n|-damage|p1a: Ferrothorn|177/226\n|-damage|p2a: Regigigas|288/329|[from] ability: Iron Barbs|[of] p1a: Ferrothorn\n|-enditem|p1a: Ferrothorn|Leftovers|[from] move: Knock Off|[of] p2a: Regigigas\n|\n|-heal|p2a: Regigigas|308/329|[from] item: Leftovers\n|upkeep\n|turn|5\n|\n|t:|1770613290\n|switch|p2a: Dugtrio|Dugtrio-Alola, L84, M|196/196\n|move|p1a: Ferrothorn|Knock Off|p2a: Dugtrio\n|-damage|p2a: Dugtrio|127/196\n|-ability|p2a: Dugtrio|Tangling Hair\n|-unboost|p1a: Ferrothorn|spe|1\n|-enditem|p2a: Dugtrio|Life Orb|[from] move: Knock Off|[of] p1a: Ferrothorn\n|\n|upkeep\n|turn|6\n|\n|t:|1770613300\n|move|p2a: Dugtrio|Stealth Rock|p1a: Ferrothorn\n|-sidestart|p1: ChronoKaze|move: Stealth Rock\n|move|p1a: Ferrothorn|Spikes|p2a: Dugtrio\n|-sidestart|p2: plop in my pants|Spikes\n|\n|upkeep\n|turn|7\n|\n|t:|1770613304\n|move|p2a: Dugtrio|Earthquake|p1a: Ferrothorn\n|-damage|p1a: Ferrothorn|78/226\n|move|p1a: Ferrothorn|Spikes|p2a: Dugtrio\n|-sidestart|p2: plop in my pants|Spikes\n|\n|upkeep\n|turn|8\n|\n|t:|1770613311\n|switch|p1a: Celebi|Celebi, L82|235/298\n|-damage|p1a: Celebi|198/298|[from] Stealth Rock\n|move|p2a: Dugtrio|Earthquake|p1a: Celebi\n|-resisted|p1a: Celebi\n|-damage|p1a: Celebi|146/298\n|\n|upkeep\n|turn|9\n|\n|t:|1770613320\n|move|p2a: Dugtrio|Iron Head|p1a: Celebi\n|-crit|p1a: Celebi\n|-damage|p1a: Celebi|25/298\n|move|p1a: Celebi|Earth Power|p2a: Dugtrio\n|-supereffective|p2a: Dugtrio\n|-damage|p2a: Dugtrio|0 fnt\n|faint|p2a: Dugtrio\n|-damage|p1a: Celebi|0 fnt|[from] item: Life Orb\n|faint|p1a: Celebi\n|\n|upkeep\n|inactive|ChronoKaze has 120 seconds left.\n|\n|t:|1770613351\n|switch|p2a: Claydol|Claydol, L89|252/252\n|switch|p1a: Lopunny|Lopunny-Mega, L77, F|227/227\n|-damage|p1a: Lopunny|213/227|[from] Stealth Rock\n|turn|10\n|\n|t:|1770613361\n|move|p1a: Lopunny|Fake Out|p2a: Claydol\n|-crit|p2a: Claydol\n|-damage|p2a: Claydol|195/252\n|cant|p2a: Claydol|flinch\n|\n|-heal|p2a: Claydol|210/252|[from] item: Leftovers\n|upkeep\n|turn|11\n|\n|t:|1770613375\n|move|p1a: Lopunny|Return|p2a: Claydol\n|-damage|p2a: Claydol|114/252\n|move|p2a: Claydol|Psychic|p1a: Lopunny\n|-supereffective|p1a: Lopunny\n|-damage|p1a: Lopunny|43/227\n|-unboost|p1a: Lopunny|spd|1\n|\n|-heal|p2a: Claydol|129/252|[from] item: Leftovers\n|upkeep\n|turn|12\n|\n|t:|1770613380\n|move|p1a: Lopunny|Return|p2a: Claydol\n|-damage|p2a: Claydol|27/252\n|move|p2a: Claydol|Earthquake|p1a: Lopunny\n|-damage|p1a: Lopunny|0 fnt\n|faint|p1a: Lopunny\n|detailschange|p1: Lopunny|Lopunny, L77, F|[silent]\n|\n|-heal|p2a: Claydol|42/252|[from] item: Leftovers\n|upkeep\n|\n|t:|1770613385\n|switch|p1a: Persian|Persian, L93, F|272/272\n|-damage|p1a: Persian|238/272|[from] Stealth Rock\n|turn|13\n|\n|t:|1770613391\n|switch|p2a: Granbull|Granbull, L89, F|305/305\n|-damage|p2a: Granbull|255/305|[from] Spikes\n|-ability|p2a: Granbull|Intimidate|boost\n|-unboost|p1a: Persian|atk|1\n|move|p1a: Persian|Knock Off|p2a: Granbull\n|-resisted|p2a: Granbull\n|-damage|p2a: Granbull|232/305\n|-enditem|p2a: Granbull|Leftovers|[from] move: Knock Off|[of] p1a: Persian\n|\n|upkeep\n|turn|14\n|\n|t:|1770613400\n|move|p1a: Persian|U-turn|p2a: Granbull\n|-resisted|p2a: Granbull\n|-damage|p2a: Granbull|214/305\n|\n|t:|1770613406\n|switch|p1a: Ferrothorn|Ferrothorn, L72, M|78/226|[from] U-turn\n|-damage|p1a: Ferrothorn|64/226|[from] Stealth Rock\n|move|p2a: Granbull|Earthquake|p1a: Ferrothorn\n|-crit|p1a: Ferrothorn\n|-damage|p1a: Ferrothorn|0 fnt\n|faint|p1a: Ferrothorn\n|\n|upkeep\n|\n|t:|1770613415\n|switch|p1a: Entei|Entei, L78|307/307\n|-damage|p1a: Entei|231/307|[from] Stealth Rock\n|turn|15\n|\n|t:|1770613424\n|move|p1a: Entei|Flare Blitz|p2a: Granbull\n|-damage|p2a: Granbull|0 fnt\n|faint|p2a: Granbull\n|-damage|p1a: Entei|160/307|[from] Recoil\n|\n|upkeep\n|\n|t:|1770613431\n|switch|p2a: Wishiwashi|Wishiwashi, L89, F|217/225\n|-damage|p2a: Wishiwashi|180/225|[from] Spikes\n|-formechange|p2a: Wishiwashi|Wishiwashi-School||[from] ability: Schooling\n|turn|16\n|\n|t:|1770613448\n|move|p1a: Entei|Flare Blitz|p2a: Wishiwashi\n|-resisted|p2a: Wishiwashi\n|-damage|p2a: Wishiwashi|111/225\n|-damage|p1a: Entei|137/307|[from] Recoil\n|move|p2a: Wishiwashi|Scald|p1a: Entei\n|-supereffective|p1a: Entei\n|-damage|p1a: Entei|0 fnt\n|faint|p1a: Entei\n|\n|-heal|p2a: Wishiwashi|125/225|[from] item: Leftovers\n|upkeep\n|\n|t:|1770613455\n|switch|p1a: Persian|Persian, L93, F|238/272\n|-damage|p1a: Persian|204/272|[from] Stealth Rock\n|turn|17\n|\n|t:|1770613469\n|move|p1a: Persian|Return|p2a: Wishiwashi\n|-damage|p2a: Wishiwashi|44/225\n|move|p2a: Wishiwashi|Scald|p1a: Persian\n|-damage|p1a: Persian|65/272\n|\n|-heal|p2a: Wishiwashi|58/225|[from] item: Leftovers\n|upkeep\n|turn|18\n|\n|t:|1770613476\n|move|p1a: Persian|Return|p2a: Wishiwashi\n|-damage|p2a: Wishiwashi|0 fnt\n|faint|p2a: Wishiwashi\n|\n|upkeep\n|\n|t:|1770613480\n|switch|p2a: Regigigas|Regigigas, L86|308/329\n|-damage|p2a: Regigigas|254/329|[from] Spikes\n|-start|p2a: Regigigas|ability: Slow Start\n|turn|19\n|\n|t:|1770613485\n|move|p1a: Persian|Knock Off|p2a: Regigigas\n|-damage|p2a: Regigigas|200/329\n|-enditem|p2a: Regigigas|Leftovers|[from] move: Knock Off|[of] p1a: Persian\n|move|p2a: Regigigas|Return|p1a: Persian\n|-damage|p1a: Persian|0 fnt\n|faint|p1a: Persian\n|\n|upkeep\n|\n|t:|1770613490\n|switch|p1a: Sigilyph|Sigilyph, L85, M|261/261\n|-damage|p1a: Sigilyph|196/261|[from] Stealth Rock\n|turn|20\n|\n|t:|1770613499\n|move|p1a: Sigilyph|Air Slash|p2a: Regigigas\n|-damage|p2a: Regigigas|83/329\n|cant|p2a: Regigigas|flinch\n|\n|upkeep\n|turn|21\n|\n|t:|1770613506\n|move|p1a: Sigilyph|Air Slash|p2a: Regigigas\n|-damage|p2a: Regigigas|0 fnt\n|faint|p2a: Regigigas\n|\n|upkeep\n|\n|t:|1770613513\n|switch|p2a: Meowstic|Meowstic-F, L91, F|283/283\n|-damage|p2a: Meowstic|236/283|[from] Spikes\n|turn|22\n|\n|t:|1770613517\n|move|p2a: Meowstic|Thunderbolt|p1a: Sigilyph\n|-supereffective|p1a: Sigilyph\n|-damage|p1a: Sigilyph|24/261\n|-damage|p2a: Meowstic|208/283|[from] item: Life Orb\n|move|p1a: Sigilyph|Air Slash|p2a: Meowstic\n|-damage|p2a: Meowstic|84/283\n|\n|upkeep\n|turn|23\n|\n|t:|1770613519\n|move|p2a: Meowstic|Thunderbolt|p1a: Sigilyph\n|-supereffective|p1a: Sigilyph\n|-damage|p1a: Sigilyph|0 fnt\n|faint|p1a: Sigilyph\n|-damage|p2a: Meowstic|56/283|[from] item: Life Orb\n|\n|win|plop in my pants\n|raw|ChronoKaze's rating: 1711 &rarr; <strong>1693</strong><br />(-18 for losing)\n|raw|plop in my pants's rating: 1745 &rarr; <strong>1763</strong><br />(+18 for winning)\n", "inputlog": ">version ccdc32dd7cde25fd9e4bed64820e885f66e78a4e\n>start {\"formatid\":\"gen7randombattle\",\"seed\":\"sodium,9b5b5cd2db19e58f069e67d03d7d9d50\",\"rated\":\"Rated battle\"}\n>player p1 {\"name\":\"ChronoKaze\",\"avatar\":\"266\",\"rating\":1711,\"seed\":\"sodium,78b93b7fff898acff65c64a9b74eec3f\"}\n>player p2 {\"name\":\"plop in my pants\",\"avatar\":\"teamrocket\",\"rating\":1745,\"seed\":\"sodium,dd1aefb710904d9f59966ec63b7c4e3b\"}\n>p1 move fakeout mega\n>p2 move scald\n>p1 switch 6\n>p2 move scald\n>p1 move leafstorm\n>p2 switch 3\n>p1 switch 3\n>p2 move knockoff\n>p1 move knockoff\n>p2 switch 4\n>p1 move spikes\n>p2 move stealthrock\n>p1 move spikes\n>p2 move earthquake\n>p1 switch 3\n>p2 move earthquake\n>p1 move earthpower\n>p2 move ironhead\n>p1 switch 6\n>p2 switch 5\n>p1 move fakeout\n>p2 move psychic\n>p1 move return\n>p2 move psychic\n>p1 move return\n>p2 move earthquake\n>p1 switch 5\n>p1 move knockoff\n>p2 switch 6\n>p1 move uturn\n>p2 move earthquake\n>p1 switch 3\n>p1 switch 2\n>p1 move flareblitz\n>p2 move thunderwave\n>p2 switch 3\n>p1 move flareblitz\n>p2 move scald\n>p1 switch 3\n>p1 move return\n>p2 move scald\n>p1 move return\n>p2 move scald\n>p2 switch 4\n>p1 move knockoff\n>p2 move return\n>p1 switch 4\n>p1 move airslash\n>p2 move thunderwave\n>p1 move airslash\n>p2 move thunderwave\n>p2 switch 2\n>p1 move airslash\n>p2 move thunderbolt\n>p1 move airslash\n>p2 move thunderbolt", "uploadtime": 1770613525, "views": 192, "formatid": "gen7randombattle", "rating": 1693, "private": 0, "password": null}