{"id": "gen7randombattle-2537026502", "format": "[Gen 7] Random Battle", "players": ["spiritgana", "killmonger1397"], "log": "|j|☆spiritgana\n|j|☆killmonger1397\n|t:|1770758128\n|gametype|singles\n|player|p1|spiritgana|265|1611\n|player|p2|killmonger1397|2|1671\n|gen|7\n|tier|[Gen 7] Random Battle\n|rated|\n|rule|Sleep Clause Mod: Limit one foe put to sleep\n|rule|HP Percentage Mod: HP is shown in percentages\n|rule|Illusion Level Mod: Illusion disguises the Pokémon's true level\n|\n|t:|1770758128\n|teamsize|p1|6\n|teamsize|p2|6\n|start\n|switch|p1a: Simisear|Simisear, L89, M|278/278\n|switch|p2a: Wailord|Wailord, L94, F|471/471\n|turn|1\n|inactive|Battle timer is ON: inactive players will automatically lose when time's up. (requested by spiritgana)\n|inactive|killmonger1397 has 120 seconds left.\n|inactive|spiritgana has 120 seconds left.\n|\n|t:|1770758186\n|switch|p1a: Machamp|Machamp, L84, M|288/288\n|move|p2a: Wailord|Water Spout|p1a: Machamp\n|-damage|p1a: Machamp|164/288\n|\n|upkeep\n|turn|2\n|\n|t:|1770758189\n|move|p2a: Wailord|Water Spout|p1a: Machamp\n|-damage|p1a: Machamp|29/288\n|move|p1a: Machamp|Knock Off|p2a: Wailord\n|-damage|p2a: Wailord|352/471\n|-enditem|p2a: Wailord|Choice Scarf|[from] move: Knock Off|[of] p1a: Machamp\n|\n|upkeep\n|turn|3\n|\n|t:|1770758211\n|move|p1a: Machamp|Bullet Punch|p2a: Wailord\n|-resisted|p2a: Wailord\n|-damage|p2a: Wailord|326/471\n|move|p2a: Wailord|Water Spout|p1a: Machamp\n|-damage|p1a: Machamp|0 fnt\n|faint|p1a: Machamp\n|\n|upkeep\n|inactive|spiritgana has 120 seconds left.\n|\n|t:|1770758235\n|switch|p1a: Tauros|Tauros, L84, M|263/263\n|turn|4\n|\n|t:|1770758243\n|move|p1a: Tauros|Body Slam|p2a: Wailord\n|-damage|p2a: Wailord|96/471\n|move|p2a: Wailord|Hydro Pump|p1a: Tauros\n|-damage|p1a: Tauros|113/263\n|\n|upkeep\n|turn|5\n|\n|t:|1770758249\n|move|p1a: Tauros|Body Slam|p2a: Wailord\n|-damage|p2a: Wailord|0 fnt\n|faint|p2a: Wailord\n|\n|upkeep\n|\n|t:|1770758254\n|switch|p2a: Jynx|Jynx, L89, F|259/259\n|turn|6\n|\n|t:|1770758259\n|move|p2a: Jynx|Ice Beam|p1a: Tauros\n|-damage|p1a: Tauros|0 fnt\n|faint|p1a: Tauros\n|\n|upkeep\n|\n|t:|1770758263\n|switch|p1a: Simisear|Simisear, L89, M|278/278\n|turn|7\n|\n|t:|1770758269\n|switch|p2a: Dewgong|Dewgong, L96, F|328/328\n|move|p1a: Simisear|Nasty Plot|p1a: Simisear\n|-boost|p1a: Simisear|spa|2\n|\n|upkeep\n|turn|8\n|\n|t:|1770758293\n|move|p1a: Simisear|Focus Blast|p2a: Dewgong\n|-supereffective|p2a: Dewgong\n|-crit|p2a: Dewgong\n|-damage|p2a: Dewgong|0 fnt\n|faint|p2a: Dewgong\n|-damage|p1a: Simisear|251/278|[from] item: Life Orb\n|\n|upkeep\n|\n|t:|1770758307\n|switch|p2a: Swoobat|Swoobat, L88, M|261/261\n|turn|9\n|inactive|spiritgana has 120 seconds left.\n|\n|t:|1770758340\n|move|p2a: Swoobat|Calm Mind|p2a: Swoobat\n|-boost|p2a: Swoobat|spa|2\n|-boost|p2a: Swoobat|spd|2\n|move|p1a: Simisear|Hidden Power|p2a: Swoobat\n|-supereffective|p2a: Swoobat\n|-damage|p2a: Swoobat|95/261\n|-damage|p1a: Simisear|224/278|[from] item: Life Orb\n|\n|upkeep\n|turn|10\n|inactive|spiritgana has 120 seconds left.\n|\n|t:|1770758346\n|move|p2a: Swoobat|Stored Power|p1a: Simisear\n|-damage|p1a: Simisear|0 fnt\n|faint|p1a: Simisear\n|-damage|p2a: Swoobat|69/261|[from] item: Life Orb\n|\n|upkeep\n|inactive|spiritgana has 120 seconds left.\n|inactive|spiritgana has 90 seconds left.\n|\n|t:|1770758391\n|switch|p1a: Spiritomb|Spiritomb, L91, M|239/239\n|turn|11\n|\n|t:|1770758396\n|move|p2a: Swoobat|Roost|p2a: Swoobat\n|-heal|p2a: Swoobat|200/261\n|-singleturn|p2a: Swoobat|move: Roost\n|move|p1a: Spiritomb|Calm Mind|p1a: Spiritomb\n|-boost|p1a: Spiritomb|spa|1\n|-boost|p1a: Spiritomb|spd|1\n|\n|upkeep\n|turn|12\n|\n|t:|1770758401\n|move|p2a: Swoobat|Calm Mind|p2a: Swoobat\n|-boost|p2a: Swoobat|spa|2\n|-boost|p2a: Swoobat|spd|2\n|move|p1a: Spiritomb|Calm Mind|p1a: Spiritomb\n|-boost|p1a: Spiritomb|spa|1\n|-boost|p1a: Spiritomb|spd|1\n|\n|upkeep\n|turn|13\n|\n|t:|1770758417\n|move|p2a: Swoobat|Calm Mind|p2a: Swoobat\n|-boost|p2a: Swoobat|spa|2\n|-boost|p2a: Swoobat|spd|2\n|move|p1a: Spiritomb|Calm Mind|p1a: Spiritomb\n|-boost|p1a: Spiritomb|spa|1\n|-boost|p1a: Spiritomb|spd|1\n|\n|upkeep\n|turn|14\n|\n|t:|1770758434\n|move|p2a: Swoobat|Air Slash|p1a: Spiritomb\n|-damage|p1a: Spiritomb|126/239\n|-damage|p2a: Swoobat|174/261|[from] item: Life Orb\n|cant|p1a: Spiritomb|flinch\n|\n|-heal|p1a: Spiritomb|140/239|[from] item: Leftovers\n|upkeep\n|turn|15\n|\n|t:|1770758440\n|move|p2a: Swoobat|Air Slash|p1a: Spiritomb\n|-damage|p1a: Spiritomb|26/239\n|-damage|p2a: Swoobat|148/261|[from] item: Life Orb\n|move|p1a: Spiritomb|Dark Pulse|p2a: Swoobat\n|-supereffective|p2a: Swoobat\n|-damage|p2a: Swoobat|0 fnt\n|faint|p2a: Swoobat\n|\n|-heal|p1a: Spiritomb|40/239|[from] item: Leftovers\n|upkeep\n|\n|t:|1770758453\n|switch|p2a: Guzzlord|Guzzlord, L86|524/524\n|turn|16\n|\n|t:|1770758462\n|move|p2a: Guzzlord|Heavy Slam|p1a: Spiritomb\n|-damage|p1a: Spiritomb|0 fnt\n|faint|p1a: Spiritomb\n|-ability|p2a: Guzzlord|Beast Boost|boost\n|-boost|p2a: Guzzlord|atk|1\n|\n|upkeep\n|c|☆spiritgana|gg\n|\n|t:|1770758486\n|switch|p1a: Kyogre|Kyogre, L69|252/252\n|-weather|RainDance|[from] ability: Drizzle|[of] p1a: Kyogre\n|turn|17\n|\n|t:|1770758490\n|move|p1a: Kyogre|Ice Beam|p2a: Guzzlord\n|-supereffective|p2a: Guzzlord\n|-damage|p2a: Guzzlord|402/524\n|move|p2a: Guzzlord|Knock Off|p1a: Kyogre\n|-damage|p1a: Kyogre|56/252\n|-enditem|p1a: Kyogre|Choice Scarf|[from] move: Knock Off|[of] p2a: Guzzlord\n|\n|-weather|RainDance|[upkeep]\n|upkeep\n|turn|18\n|\n|t:|1770758495\n|move|p1a: Kyogre|Ice Beam|p2a: Guzzlord\n|-supereffective|p2a: Guzzlord\n|-damage|p2a: Guzzlord|288/524\n|move|p2a: Guzzlord|Knock Off|p1a: Kyogre\n|-damage|p1a: Kyogre|0 fnt\n|faint|p1a: Kyogre\n|-ability|p2a: Guzzlord|Beast Boost|boost\n|-boost|p2a: Guzzlord|atk|1\n|\n|-weather|RainDance|[upkeep]\n|upkeep\n|\n|t:|1770758498\n|switch|p1a: Sigilyph|Sigilyph, L85, M|261/261\n|turn|19\n|\n|t:|1770758501\n|move|p1a: Sigilyph|Air Slash|p2a: Guzzlord\n|-damage|p2a: Guzzlord|178/524\n|cant|p2a: Guzzlord|flinch\n|\n|-weather|RainDance|[upkeep]\n|upkeep\n|turn|20\n|\n|t:|1770758504\n|move|p1a: Sigilyph|Air Slash|p2a: Guzzlord\n|-damage|p2a: Guzzlord|81/524\n|move|p2a: Guzzlord|Knock Off|p1a: Sigilyph\n|-supereffective|p1a: Sigilyph\n|-damage|p1a: Sigilyph|0 fnt\n|-enditem|p1a: Sigilyph|Life Orb|[from] move: Knock Off|[of] p2a: Guzzlord\n|faint|p1a: Sigilyph\n|\n|win|killmonger1397\n|raw|spiritgana's rating: 1611 &rarr; <strong>1594</strong><br />(-17 for losing)\n|raw|killmonger1397's rating: 1671 &rarr; <strong>1688</strong><br />(+17 for winning)\n|l|☆spiritgana\n|player|p1|\n|l|☆killmonger1397\n|player|p2|\n|j|☆spiritgana\n|player|p1|spiritgana|265|\n", "inputlog": ">version ccdc32dd7cde25fd9e4bed64820e885f66e78a4e\n>start {\"formatid\":\"gen7randombattle\",\"seed\":\"sodium,13267ecc5abe338b4936fcec25108a3e\",\"rated\":\"Rated battle\"}\n>player p1 {\"name\":\"spiritgana\",\"avatar\":\"265\",\"rating\":1611,\"seed\":\"sodium,88123924545235824146f91a2c69c900\"}\n>player p2 {\"name\":\"killmonger1397\",\"avatar\":\"2\",\"rating\":1671,\"seed\":\"sodium,c9aaa9d922552bc3f020bb9bc8805d7a\"}\n>p1 switch 6\n>p2 move waterspout\n>p1 move knockoff\n>p2 move waterspout\n>p1 move bulletpunch\n>p2 move waterspout\n>p1 switch 5\n>p1 move bodyslam\n>p2 move hydropump\n>p1 move bodyslam\n>p2 move icebeam\n>p2 switch 4\n>p1 move fireblast\n>p2 move icebeam\n>p1 switch 6\n>p1 move nastyplot\n>p2 switch 2\n>p1 move focusblast\n>p2 move surf\n>p2 switch 6\n>p1 move hiddenpower\n>p2 move calmmind\n>p1 move hiddenpower\n>p2 move storedpower\n>p1 switch 2\n>p1 move calmmind\n>p2 move roost\n>p1 move calmmind\n>p2 move calmmind\n>p1 move calmmind\n>p2 move calmmind\n>p1 move calmmind\n>p2 move airslash\n>p1 move darkpulse\n>p2 move airslash\n>p2 switch 3\n>p1 move rest\n>p2 move heavyslam\n>chat ☆spiritgana|gg\n>p1 switch 4\n>p1 move icebeam\n>p2 move knockoff\n>p1 move icebeam\n>p2 move knockoff\n>p1 switch 3\n>p1 move airslash\n>p2 move knockoff\n>p1 move airslash\n>p2 move knockoff", "uploadtime": 1770758717, "views": 219, "formatid": "gen7randombattle", "rating": 1594, "private": 0, "password": null}