{"id": "gen7randombattle-2539943576", "format": "[Gen 7] Random Battle", "players": ["mintbutter", "La.Hellhound"], "log": "|j|☆mintbutter\n|j|‽La.Hellhound\n|t:|1771130942\n|gametype|singles\n|player|p1|mintbutter|miku-ghost|1640\n|player|p2|La.Hellhound|bruno|1596\n|gen|7\n|tier|[Gen 7] Random Battle\n|rated|\n|rule|Sleep Clause Mod: Limit one foe put to sleep\n|rule|HP Percentage Mod: HP is shown in percentages\n|rule|Illusion Level Mod: Illusion disguises the Pokémon's true level\n|\n|t:|1771130942\n|teamsize|p1|6\n|teamsize|p2|6\n|start\n|switch|p1a: Politoed|Politoed, L88, M|302/302\n|switch|p2a: Slurpuff|Slurpuff, L79, M|258/258\n|-weather|RainDance|[from] ability: Drizzle|[of] p1a: Politoed\n|turn|1\n|inactive|Battle timer is ON: inactive players will automatically lose when time's up. (requested by La.Hellhound)\n|inactive|mintbutter also wants the timer to be on.\n|\n|t:|1771130966\n|switch|p2a: Cryogonal|Cryogonal, L87|281/281\n|move|p1a: Politoed|Scald|p2a: Cryogonal\n|-damage|p2a: Cryogonal|191/281\n|\n|-weather|RainDance|[upkeep]\n|-heal|p2a: Cryogonal|208/281|[from] item: Leftovers\n|upkeep\n|turn|2\n|\n|t:|1771130978\n|move|p2a: Cryogonal|Freeze-Dry|p1a: Politoed\n|-supereffective|p1a: Politoed\n|-damage|p1a: Politoed|174/302\n|move|p1a: Politoed|Toxic|p2a: Cryogonal\n|-status|p2a: Cryogonal|tox\n|\n|-weather|RainDance|[upkeep]\n|-heal|p2a: Cryogonal|225/281 tox|[from] item: Leftovers\n|-damage|p2a: Cryogonal|208/281 tox|[from] psn\n|upkeep\n|turn|3\n|\n|t:|1771131005\n|move|p2a: Cryogonal|Freeze-Dry|p1a: Politoed\n|-supereffective|p1a: Politoed\n|-damage|p1a: Politoed|30/302\n|move|p1a: Politoed|Rest|p1a: Politoed\n|-status|p1a: Politoed|slp|[from] move: Rest\n|-heal|p1a: Politoed|302/302 slp|[silent]\n|-enditem|p1a: Politoed|Chesto Berry|[eat]\n|-curestatus|p1a: Politoed|slp|[msg]\n|\n|-weather|RainDance|[upkeep]\n|-heal|p2a: Cryogonal|225/281 tox|[from] item: Leftovers\n|-damage|p2a: Cryogonal|191/281 tox|[from] psn\n|upkeep\n|turn|4\n|\n|t:|1771131018\n|move|p2a: Cryogonal|Freeze-Dry|p1a: Politoed\n|-supereffective|p1a: Politoed\n|-damage|p1a: Politoed|168/302\n|move|p1a: Politoed|Scald|p2a: Cryogonal\n|-damage|p2a: Cryogonal|100/281 tox\n|\n|-weather|RainDance|[upkeep]\n|-heal|p2a: Cryogonal|117/281 tox|[from] item: Leftovers\n|-damage|p2a: Cryogonal|66/281 tox|[from] psn\n|upkeep\n|turn|5\n|\n|t:|1771131030\n|move|p2a: Cryogonal|Recover|p2a: Cryogonal\n|-heal|p2a: Cryogonal|207/281 tox\n|move|p1a: Politoed|Scald|p2a: Cryogonal\n|-damage|p2a: Cryogonal|110/281 tox\n|\n|-weather|none\n|-heal|p2a: Cryogonal|127/281 tox|[from] item: Leftovers\n|-damage|p2a: Cryogonal|59/281 tox|[from] psn\n|upkeep\n|turn|6\n|\n|t:|1771131041\n|switch|p2a: Garchomp|Garchomp, L77, M|293/293\n|move|p1a: Politoed|Encore||[still]\n|-fail|p1a: Politoed\n|\n|upkeep\n|turn|7\n|\n|t:|1771131051\n|move|p2a: Garchomp|Stealth Rock|p1a: Politoed\n|-sidestart|p1: mintbutter|move: Stealth Rock\n|move|p1a: Politoed|Scald|p2a: Garchomp\n|-damage|p2a: Garchomp|191/293\n|\n|upkeep\n|turn|8\n|\n|t:|1771131059\n|detailschange|p2a: Garchomp|Garchomp-Mega, L77, M\n|-mega|p2a: Garchomp|Garchomp|Garchompite\n|move|p2a: Garchomp|Earthquake|p1a: Politoed\n|-damage|p1a: Politoed|12/302\n|move|p1a: Politoed|Scald|p2a: Garchomp\n|-damage|p2a: Garchomp|106/293\n|\n|upkeep\n|turn|9\n|\n|t:|1771131067\n|move|p2a: Garchomp|Earthquake|p1a: Politoed\n|-damage|p1a: Politoed|0 fnt\n|faint|p1a: Politoed\n|\n|upkeep\n|\n|t:|1771131078\n|switch|p1a: Zebstrika|Zebstrika, L88, M|275/275\n|-damage|p1a: Zebstrika|241/275|[from] Stealth Rock\n|turn|10\n|\n|t:|1771131083\n|switch|p2a: Rapidash|Rapidash, L87, M|255/255\n|move|p1a: Zebstrika|Hidden Power|p2a: Rapidash\n|-resisted|p2a: Rapidash\n|-damage|p2a: Rapidash|233/255\n|\n|upkeep\n|turn|11\n|\n|t:|1771131091\n|move|p1a: Zebstrika|Volt Switch|p2a: Rapidash\n|-damage|p2a: Rapidash|158/255\n|\n|t:|1771131094\n|switch|p1a: Dusknoir|Dusknoir, L89, M|225/225|[from] Volt Switch\n|-damage|p1a: Dusknoir|197/225|[from] Stealth Rock\n|-ability|p1a: Dusknoir|Pressure\n|move|p2a: Rapidash|Flare Blitz|p1a: Dusknoir\n|-damage|p1a: Dusknoir|80/225\n|-damage|p2a: Rapidash|119/255|[from] Recoil\n|-damage|p2a: Rapidash|94/255|[from] item: Life Orb\n|\n|-heal|p1a: Dusknoir|94/225|[from] item: Leftovers\n|upkeep\n|turn|12\n|\n|t:|1771131109\n|move|p2a: Rapidash|Flare Blitz|p1a: Dusknoir\n|-damage|p1a: Dusknoir|0 fnt\n|faint|p1a: Dusknoir\n|-damage|p2a: Rapidash|63/255|[from] Recoil\n|-damage|p2a: Rapidash|38/255|[from] item: Life Orb\n|\n|upkeep\n|\n|t:|1771131119\n|switch|p1a: Zebstrika|Zebstrika, L88, M|241/275\n|-damage|p1a: Zebstrika|207/275|[from] Stealth Rock\n|turn|13\n|\n|t:|1771131125\n|switch|p2a: Cofagrigus|Cofagrigus, L89, M|248/248\n|move|p1a: Zebstrika|Wild Charge|p2a: Cofagrigus\n|-damage|p2a: Cofagrigus|182/248\n|-activate|p2a: Cofagrigus|ability: Mummy|p1a: Zebstrika|[ability] Sap Sipper\n|-damage|p1a: Zebstrika|190/275|[from] Recoil\n|\n|-heal|p2a: Cofagrigus|197/248|[from] item: Leftovers\n|upkeep\n|turn|14\n|\n|t:|1771131139\n|move|p1a: Zebstrika|Volt Switch|p2a: Cofagrigus\n|-damage|p2a: Cofagrigus|137/248\n|\n|t:|1771131142\n|switch|p1a: Parasect|Parasect, L99, M|279/279|[from] Volt Switch\n|-damage|p1a: Parasect|210/279|[from] Stealth Rock\n|move|p2a: Cofagrigus|Shadow Ball|p1a: Parasect\n|-crit|p1a: Parasect\n|-damage|p1a: Parasect|75/279\n|\n|-heal|p1a: Parasect|92/279|[from] item: Leftovers\n|-heal|p2a: Cofagrigus|152/248|[from] item: Leftovers\n|upkeep\n|turn|15\n|\n|t:|1771131154\n|switch|p2a: Cryogonal|Cryogonal, L87|59/281 tox\n|move|p1a: Parasect|Knock Off|p2a: Cryogonal\n|-damage|p2a: Cryogonal|0 fnt\n|-enditem|p2a: Cryogonal|Leftovers|[from] move: Knock Off|[of] p1a: Parasect\n|faint|p2a: Cryogonal\n|\n|-heal|p1a: Parasect|109/279|[from] item: Leftovers\n|upkeep\n|\n|t:|1771131162\n|switch|p2a: Rapidash|Rapidash, L87, M|38/255\n|turn|16\n|\n|t:|1771131167\n|move|p2a: Rapidash|Flare Blitz|p1a: Parasect\n|-supereffective|p1a: Parasect\n|-damage|p1a: Parasect|0 fnt\n|faint|p1a: Parasect\n|-damage|p2a: Rapidash|2/255|[from] Recoil\n|-damage|p2a: Rapidash|0 fnt|[from] item: Life Orb\n|faint|p2a: Rapidash\n|\n|upkeep\n|\n|t:|1771131176\n|switch|p2a: Cofagrigus|Cofagrigus, L89, M|152/248\n|switch|p1a: Pikachu|Pikachu, L93, F|216/216\n|-damage|p1a: Pikachu|189/216|[from] Stealth Rock\n|turn|17\n|\n|t:|1771131184\n|move|p1a: Pikachu|Volt Tackle|p2a: Cofagrigus\n|-damage|p2a: Cofagrigus|19/248\n|-activate|p2a: Cofagrigus|ability: Mummy|p1a: Pikachu|[ability] Lightning Rod\n|-damage|p1a: Pikachu|145/216|[from] Recoil\n|move|p2a: Cofagrigus|Trick Room|p2a: Cofagrigus\n|-fieldstart|move: Trick Room|[of] p2a: Cofagrigus\n|\n|-heal|p2a: Cofagrigus|34/248|[from] item: Leftovers\n|upkeep\n|turn|18\n|\n|t:|1771131195\n|move|p2a: Cofagrigus|Shadow Ball|p1a: Pikachu\n|-damage|p1a: Pikachu|10/216\n|-unboost|p1a: Pikachu|spd|1\n|move|p1a: Pikachu|Knock Off|p2a: Cofagrigus\n|-supereffective|p2a: Cofagrigus\n|-damage|p2a: Cofagrigus|0 fnt\n|-enditem|p2a: Cofagrigus|Leftovers|[from] move: Knock Off|[of] p1a: Pikachu\n|faint|p2a: Cofagrigus\n|\n|upkeep\n|\n|t:|1771131205\n|switch|p2a: Garchomp|Garchomp-Mega, L77, M|106/293\n|turn|19\n|\n|t:|1771131212\n|move|p1a: Pikachu|Extreme Speed|p2a: Garchomp\n|-crit|p2a: Garchomp\n|-damage|p2a: Garchomp|0 fnt\n|faint|p2a: Garchomp\n|detailschange|p2: Garchomp|Garchomp, L77, M|[silent]\n|\n|upkeep\n|\n|t:|1771131223\n|switch|p2a: Houndoom|Houndoom, L87, F|272/272\n|turn|20\n|\n|t:|1771131228\n|move|p1a: Pikachu|Extreme Speed|p2a: Houndoom\n|-damage|p2a: Houndoom|144/272\n|move|p2a: Houndoom|Dark Pulse|p1a: Pikachu\n|-damage|p1a: Pikachu|0 fnt\n|faint|p1a: Pikachu\n|-damage|p2a: Houndoom|117/272|[from] item: Life Orb\n|\n|upkeep\n|\n|t:|1771131237\n|switch|p1a: Lugia|Lugia, L71|268/268\n|-damage|p1a: Lugia|201/268|[from] Stealth Rock\n|turn|21\n|\n|t:|1771131244\n|move|p1a: Lugia|Roost|p1a: Lugia\n|-heal|p1a: Lugia|268/268\n|-singleturn|p1a: Lugia|move: Roost\n|move|p2a: Houndoom|Dark Pulse|p1a: Lugia\n|-supereffective|p1a: Lugia\n|-damage|p1a: Lugia|177/268\n|-damage|p2a: Houndoom|90/272|[from] item: Life Orb\n|\n|-heal|p1a: Lugia|193/268|[from] item: Leftovers\n|-fieldend|move: Trick Room\n|upkeep\n|turn|22\n|\n|t:|1771131256\n|move|p2a: Houndoom|Dark Pulse|p1a: Lugia\n|-supereffective|p1a: Lugia\n|-damage|p1a: Lugia|3/268\n|-damage|p2a: Houndoom|63/272|[from] item: Life Orb\n|move|p1a: Lugia|Aeroblast|p2a: Houndoom\n|-damage|p2a: Houndoom|0 fnt\n|faint|p2a: Houndoom\n|\n|-heal|p1a: Lugia|19/268|[from] item: Leftovers\n|upkeep\n|\n|t:|1771131265\n|switch|p2a: Slurpuff|Slurpuff, L79, M|258/258\n|turn|23\n|\n|t:|1771131272\n|move|p1a: Lugia|Toxic|p2a: Slurpuff\n|-status|p2a: Slurpuff|tox\n|move|p2a: Slurpuff|Belly Drum|p2a: Slurpuff\n|-damage|p2a: Slurpuff|129/258 tox\n|-setboost|p2a: Slurpuff|atk|6|[from] move: Belly Drum\n|-enditem|p2a: Slurpuff|Sitrus Berry|[eat]\n|-heal|p2a: Slurpuff|193/258 tox|[from] item: Sitrus Berry\n|\n|-heal|p1a: Lugia|35/268|[from] item: Leftovers\n|-damage|p2a: Slurpuff|177/258 tox|[from] psn\n|upkeep\n|turn|24\n|\n|t:|1771131284\n|move|p2a: Slurpuff|Return|p1a: Lugia\n|-damage|p1a: Lugia|0 fnt\n|faint|p1a: Lugia\n|\n|-damage|p2a: Slurpuff|145/258 tox|[from] psn\n|upkeep\n|\n|t:|1771131291\n|switch|p1a: Zebstrika|Zebstrika, L88, M|190/275\n|-damage|p1a: Zebstrika|156/275|[from] Stealth Rock\n|turn|25\n|\n|t:|1771131298\n|move|p2a: Slurpuff|Return|p1a: Zebstrika\n|-damage|p1a: Zebstrika|0 fnt\n|faint|p1a: Zebstrika\n|\n|win|La.Hellhound\n|raw|mintbutter's rating: 1640 &rarr; <strong>1617</strong><br />(-23 for losing)\n|raw|La.Hellhound's rating: 1596 &rarr; <strong>1619</strong><br />(+23 for winning)\n|l|☆mintbutter\n|player|p1|\n", "inputlog": ">version 686819e5e19f8a7fd2345cfc5a08a5085efa2cc3\n>start {\"formatid\":\"gen7randombattle\",\"seed\":\"sodium,e44436594c9454abecc488303a92ee0f\",\"rated\":\"Rated battle\"}\n>player p1 {\"name\":\"mintbutter\",\"avatar\":\"miku-ghost\",\"rating\":1640,\"seed\":\"sodium,0fc303971667bd5471645513f22ec63b\"}\n>player p2 {\"name\":\"La.Hellhound\",\"avatar\":\"bruno\",\"rating\":1596,\"seed\":\"sodium,1806d76736dd85472ae7341fb631e90c\"}\n>p1 move scald\n>p2 switch 2\n>p1 move toxic\n>p2 move freezedry\n>p1 move rest\n>p2 move freezedry\n>p1 move scald\n>p2 move freezedry\n>p1 move scald\n>p2 move recover\n>p1 move encore\n>p2 switch 5\n>p1 move scald\n>p2 move stealthrock\n>p1 move scald\n>p2 move earthquake mega\n>p1 move scald\n>p2 move earthquake\n>p1 switch 3\n>p1 move hiddenpower\n>p2 switch 6\n>p1 move voltswitch\n>p2 move flareblitz\n>p1 switch 4\n>p1 move painsplit\n>p2 move flareblitz\n>p1 switch 4\n>p1 move wildcharge\n>p2 switch 3\n>p1 move voltswitch\n>p2 move shadowball\n>p1 switch 5\n>p1 move knockoff\n>p2 switch 5\n>p2 switch 3\n>p1 move spore\n>p2 move flareblitz\n>p1 switch 2\n>p2 switch 5\n>p1 move volttackle\n>p2 move trickroom\n>p1 move knockoff\n>p2 move shadowball\n>p2 switch 6\n>p1 move extremespeed\n>p2 move earthquake\n>p2 switch 4\n>p1 move extremespeed\n>p2 move darkpulse\n>p1 switch 6\n>p1 move roost\n>p2 move darkpulse\n>p1 move aeroblast\n>p2 move darkpulse\n>p2 switch 2\n>p1 move toxic\n>p2 move bellydrum\n>p1 move roost\n>p2 move return\n>p1 switch 5\n>p1 move wildcharge\n>p2 move return", "uploadtime": 1771131303, "views": 90, "formatid": "gen7randombattle", "rating": 1617, "private": 0, "password": null}