{"id": "gen7randombattle-2524993692", "format": "[Gen 7] Random Battle", "players": ["Shadow099", "NTsweeper007"], "log": "|j|☆Shadow099\n|j|☆NTsweeper007\n|t:|1769214631\n|gametype|singles\n|player|p1|Shadow099|burglar|1584\n|player|p2|NTsweeper007|hilbert-wonderlauncher|1834\n|gen|7\n|tier|[Gen 7] Random Battle\n|rated|\n|rule|Sleep Clause Mod: Limit one foe put to sleep\n|rule|HP Percentage Mod: HP is shown in percentages\n|rule|Illusion Level Mod: Illusion disguises the Pokémon's true level\n|\n|t:|1769214631\n|teamsize|p1|6\n|teamsize|p2|6\n|start\n|switch|p1a: Hitmonchan|Hitmonchan, L87, M|229/229\n|switch|p2a: Zapdos|Zapdos, L79|272/272\n|turn|1\n|inactive|Battle timer is ON: inactive players will automatically lose when time's up. (requested by NTsweeper007)\n|\n|t:|1769214641\n|move|p2a: Zapdos|Discharge|p1a: Hitmonchan\n|-damage|p1a: Hitmonchan|159/229\n|-status|p1a: Hitmonchan|par\n|move|p1a: Hitmonchan|Stone Edge|p2a: Zapdos\n|-supereffective|p2a: Zapdos\n|-damage|p2a: Zapdos|10/272\n|\n|-heal|p2a: Zapdos|27/272|[from] item: Leftovers\n|upkeep\n|turn|2\n|\n|t:|1769214651\n|switch|p1a: Nidoqueen|Nidoqueen, L83, F|285/285\n|move|p2a: Zapdos|Roost|p2a: Zapdos\n|-heal|p2a: Zapdos|163/272\n|-singleturn|p2a: Zapdos|move: Roost\n|\n|-heal|p2a: Zapdos|180/272|[from] item: Leftovers\n|upkeep\n|turn|3\n|\n|t:|1769214655\n|move|p2a: Zapdos|Hidden Power|p1a: Nidoqueen\n|-supereffective|p1a: Nidoqueen\n|-damage|p1a: Nidoqueen|189/285\n|move|p1a: Nidoqueen|Stealth Rock|p2a: Zapdos\n|-sidestart|p2: NTsweeper007|move: Stealth Rock\n|\n|-heal|p2a: Zapdos|197/272|[from] item: Leftovers\n|upkeep\n|turn|4\n|\n|t:|1769214660\n|move|p2a: Zapdos|Defog|p1a: Nidoqueen\n|-unboost|p1a: Nidoqueen|evasion|1\n|-sideend|p2: NTsweeper007|Stealth Rock|[from] move: Defog|[of] p2a: Zapdos\n|move|p1a: Nidoqueen|Ice Beam|p2a: Zapdos\n|-supereffective|p2a: Zapdos\n|-damage|p2a: Zapdos|0 fnt\n|faint|p2a: Zapdos\n|\n|upkeep\n|\n|t:|1769214663\n|switch|p2a: Delphox|Delphox, L86, F|269/269\n|turn|5\n|\n|t:|1769214671\n|switch|p1a: Araquanid|Araquanid, L81, F|243/243\n|move|p2a: Delphox|Psyshock|p1a: Araquanid\n|-damage|p1a: Araquanid|101/243\n|-damage|p2a: Delphox|243/269|[from] item: Life Orb\n|\n|-heal|p1a: Araquanid|116/243|[from] item: Leftovers\n|upkeep\n|turn|6\n|\n|t:|1769214677\n|switch|p1a: Musharna|Musharna, L89, M|351/351\n|move|p2a: Delphox|Psyshock|p1a: Musharna\n|-resisted|p1a: Musharna\n|-damage|p1a: Musharna|287/351\n|-damage|p2a: Delphox|217/269|[from] item: Life Orb\n|\n|-heal|p1a: Musharna|308/351|[from] item: Leftovers\n|upkeep\n|turn|7\n|\n|t:|1769214683\n|move|p2a: Delphox|Calm Mind|p2a: Delphox\n|-boost|p2a: Delphox|spa|1\n|-boost|p2a: Delphox|spd|1\n|move|p1a: Musharna|Calm Mind|p1a: Musharna\n|-boost|p1a: Musharna|spa|1\n|-boost|p1a: Musharna|spd|1\n|\n|-heal|p1a: Musharna|329/351|[from] item: Leftovers\n|upkeep\n|turn|8\n|\n|t:|1769214687\n|move|p2a: Delphox|Calm Mind|p2a: Delphox\n|-boost|p2a: Delphox|spa|1\n|-boost|p2a: Delphox|spd|1\n|move|p1a: Musharna|Calm Mind|p1a: Musharna\n|-boost|p1a: Musharna|spa|1\n|-boost|p1a: Musharna|spd|1\n|\n|-heal|p1a: Musharna|350/351|[from] item: Leftovers\n|upkeep\n|turn|9\n|\n|t:|1769214690\n|move|p2a: Delphox|Calm Mind|p2a: Delphox\n|-boost|p2a: Delphox|spa|1\n|-boost|p2a: Delphox|spd|1\n|move|p1a: Musharna|Psyshock|p2a: Delphox\n|-resisted|p2a: Delphox\n|-damage|p2a: Delphox|94/269\n|\n|-heal|p1a: Musharna|351/351|[from] item: Leftovers\n|upkeep\n|turn|10\n|\n|t:|1769214694\n|move|p2a: Delphox|Psyshock|p1a: Musharna\n|-resisted|p1a: Musharna\n|-damage|p1a: Musharna|179/351\n|-damage|p2a: Delphox|68/269|[from] item: Life Orb\n|move|p1a: Musharna|Psyshock|p2a: Delphox\n|-resisted|p2a: Delphox\n|-crit|p2a: Delphox\n|-damage|p2a: Delphox|0 fnt\n|faint|p2a: Delphox\n|\n|-heal|p1a: Musharna|200/351|[from] item: Leftovers\n|upkeep\n|\n|t:|1769214697\n|switch|p2a: Stoutland|Stoutland, L86, M|286/286\n|turn|11\n|\n|t:|1769214701\n|move|p2a: Stoutland|Return|p1a: Musharna\n|-damage|p1a: Musharna|85/351\n|move|p1a: Musharna|Hidden Power|p2a: Stoutland\n|-supereffective|p2a: Stoutland\n|-damage|p2a: Stoutland|94/286\n|\n|-heal|p1a: Musharna|106/351|[from] item: Leftovers\n|upkeep\n|turn|12\n|\n|t:|1769214714\n|move|p2a: Stoutland|Return|p1a: Musharna\n|-damage|p1a: Musharna|0 fnt\n|faint|p1a: Musharna\n|\n|upkeep\n|\n|t:|1769214719\n|switch|p1a: Hitmonchan|Hitmonchan, L87, M|159/229 par\n|turn|13\n|\n|t:|1769214721\n|move|p1a: Hitmonchan|Mach Punch|p2a: Stoutland\n|-supereffective|p2a: Stoutland\n|-damage|p2a: Stoutland|0 fnt\n|faint|p2a: Stoutland\n|\n|upkeep\n|\n|t:|1769214724\n|switch|p2a: Swanna|Swanna, L88, F|275/275\n|turn|14\n|\n|t:|1769214731\n|move|p1a: Hitmonchan|Mach Punch|p2a: Swanna\n|-resisted|p2a: Swanna\n|-damage|p2a: Swanna|227/275\n|move|p2a: Swanna|Rain Dance|p2a: Swanna\n|-weather|RainDance\n|\n|-weather|RainDance|[upkeep]\n|upkeep\n|turn|15\n|\n|t:|1769214736\n|move|p1a: Hitmonchan|Mach Punch|p2a: Swanna\n|-resisted|p2a: Swanna\n|-damage|p2a: Swanna|176/275\n|move|p2a: Swanna|Hurricane|p1a: Hitmonchan\n|-supereffective|p1a: Hitmonchan\n|-damage|p1a: Hitmonchan|0 fnt\n|faint|p1a: Hitmonchan\n|\n|-weather|RainDance|[upkeep]\n|upkeep\n|\n|t:|1769214743\n|switch|p1a: Comfey|Comfey, L87, M|230/230\n|turn|16\n|\n|t:|1769214748\n|move|p1a: Comfey|Toxic|p2a: Swanna\n|-status|p2a: Swanna|tox\n|-zpower|p2a: Swanna\n|move|p2a: Swanna|Hydro Vortex|p1a: Comfey|[zeffect]\n|-damage|p1a: Comfey|20/230\n|\n|-weather|RainDance|[upkeep]\n|-heal|p1a: Comfey|34/230|[from] item: Leftovers\n|-activate|p2a: Swanna|ability: Hydration\n|-curestatus|p2a: Swanna|tox|[msg]\n|upkeep\n|turn|17\n|\n|t:|1769214758\n|move|p1a: Comfey|Synthesis|p1a: Comfey\n|-heal|p1a: Comfey|91/230\n|move|p2a: Swanna|Hurricane|p1a: Comfey\n|-damage|p1a: Comfey|0 fnt\n|faint|p1a: Comfey\n|\n|-weather|RainDance|[upkeep]\n|upkeep\n|\n|t:|1769214765\n|switch|p1a: Araquanid|Araquanid, L81, F|116/243\n|turn|18\n|\n|t:|1769214770\n|move|p2a: Swanna|Hurricane|p1a: Araquanid\n|-supereffective|p1a: Araquanid\n|-damage|p1a: Araquanid|0 fnt\n|faint|p1a: Araquanid\n|\n|-weather|none\n|upkeep\n|\n|t:|1769214772\n|switch|p1a: Exeggutor|Exeggutor-Alola, L91, M|321/321\n|turn|19\n|\n|t:|1769214777\n|switch|p2a: Aromatisse|Aromatisse, L91, M|332/332\n|move|p1a: Exeggutor|Wood Hammer|p2a: Aromatisse\n|-damage|p2a: Aromatisse|172/332\n|-damage|p1a: Exeggutor|268/321|[from] Recoil\n|\n|-heal|p2a: Aromatisse|192/332|[from] item: Leftovers\n|upkeep\n|turn|20\n|\n|t:|1769214786\n|move|p1a: Exeggutor|Wood Hammer|p2a: Aromatisse\n|-damage|p2a: Aromatisse|35/332\n|-damage|p1a: Exeggutor|216/321|[from] Recoil\n|move|p2a: Aromatisse|Wish|p2a: Aromatisse\n|\n|-heal|p2a: Aromatisse|55/332|[from] item: Leftovers\n|upkeep\n|turn|21\n|\n|t:|1769214791\n|move|p2a: Aromatisse|Protect|p2a: Aromatisse\n|-singleturn|p2a: Aromatisse|Protect\n|move|p1a: Exeggutor|Wood Hammer|p2a: Aromatisse\n|-activate|p2a: Aromatisse|move: Protect\n|\n|-heal|p2a: Aromatisse|221/332|[from] move: Wish|[wisher] Aromatisse\n|-heal|p2a: Aromatisse|241/332|[from] item: Leftovers\n|upkeep\n|turn|22\n|\n|t:|1769214794\n|switch|p1a: Nidoqueen|Nidoqueen, L83, F|189/285\n|move|p2a: Aromatisse|Moonblast|p1a: Nidoqueen\n|-resisted|p1a: Nidoqueen\n|-damage|p1a: Nidoqueen|132/285\n|\n|-heal|p2a: Aromatisse|261/332|[from] item: Leftovers\n|upkeep\n|turn|23\n|\n|t:|1769214800\n|switch|p2a: Smeargle|Smeargle, L88, F|240/240\n|move|p1a: Nidoqueen|Sludge Wave|p2a: Smeargle\n|-damage|p2a: Smeargle|18/240\n|\n|upkeep\n|turn|24\n|\n|t:|1769214807\n|move|p2a: Smeargle|Spikes|p1a: Nidoqueen\n|-sidestart|p1: Shadow099|Spikes\n|move|p1a: Nidoqueen|Sludge Wave|p2a: Smeargle\n|-damage|p2a: Smeargle|0 fnt\n|faint|p2a: Smeargle\n|\n|upkeep\n|\n|t:|1769214808\n|switch|p2a: Swanna|Swanna, L88, F|176/275\n|turn|25\n|\n|t:|1769214810\n|move|p2a: Swanna|Scald|p1a: Nidoqueen\n|-supereffective|p1a: Nidoqueen\n|-damage|p1a: Nidoqueen|0 fnt\n|faint|p1a: Nidoqueen\n|\n|upkeep\n|\n|t:|1769214814\n|switch|p1a: Exeggutor|Exeggutor-Alola, L91, M|216/321\n|-damage|p1a: Exeggutor|176/321|[from] Spikes\n|turn|26\n|-message|Shadow099 forfeited.\n|\n|win|NTsweeper007\n|raw|Shadow099's rating: 1584 &rarr; <strong>1576</strong><br />(-8 for losing)\n|raw|NTsweeper007's rating: 1834 &rarr; <strong>1842</strong><br />(+8 for winning)\n|l|☆Shadow099\n|player|p1|\n", "inputlog": ">version dd3d52b8382d73d1dd2c67730c4067df325ab790\n>start {\"formatid\":\"gen7randombattle\",\"seed\":\"sodium,0cc1184ed8480815173fa6bd8ade4b92\",\"rated\":\"Rated battle\"}\n>player p1 {\"name\":\"Shadow099\",\"avatar\":\"burglar\",\"rating\":1584,\"seed\":\"sodium,cba30a96a5d092ec1657837ae7ce18e4\"}\n>player p2 {\"name\":\"NTsweeper007\",\"avatar\":\"hilbert-wonderlauncher\",\"rating\":1834,\"seed\":\"sodium,af3a18d203f4a09d04cf288f535464ae\"}\n>p1 move stoneedge\n>p2 move discharge\n>p1 switch 5\n>p2 move roost\n>p1 move stealthrock\n>p2 move hiddenpower\n>p1 move icebeam\n>p2 move defog\n>p2 switch 3\n>p1 switch 6\n>p2 move psyshock\n>p1 switch 2\n>p2 move psyshock\n>p1 move calmmind\n>p2 move calmmind\n>p1 move calmmind\n>p2 move calmmind\n>p1 move psyshock\n>p2 move calmmind\n>p1 move psyshock\n>p2 move psyshock\n>p2 switch 5\n>p1 move hiddenpower\n>p2 move return\n>p1 move moonlight\n>p2 move return\n>p1 switch 5\n>p1 move machpunch\n>p2 move return\n>p2 switch 4\n>p1 move machpunch\n>p2 move raindance\n>p1 move machpunch\n>p2 move hurricane\n>p1 switch 3\n>p1 move toxic\n>p2 move scald zmove\n>p1 move synthesis\n>p2 move hurricane\n>p1 switch 2\n>p1 move stickyweb\n>p2 move hurricane\n>p1 switch 4\n>p1 move woodhammer\n>p2 switch 2\n>p1 move woodhammer\n>p2 move wish\n>p1 move woodhammer\n>p2 move protect\n>p1 switch 6\n>p2 move moonblast\n>p1 move sludgewave\n>p2 switch 6\n>p1 move sludgewave\n>p2 move spikes\n>p2 switch 2\n>p1 move sludgewave\n>p2 move scald\n>p1 switch 6\n>forcelose p1", "uploadtime": 1769214820, "views": 191, "formatid": "gen7randombattle", "rating": 1576, "private": 0, "password": null}