{"id": "gen7randombattle-2529898718", "format": "[Gen 7] Random Battle", "players": ["wowowd", "BirdMan007"], "log": "|j|☆wowowd\n|j|☆BirdMan007\n|t:|1769840961\n|gametype|singles\n|player|p1|wowowd|pokemonranger-gen4|1482\n|player|p2|BirdMan007|steven|1591\n|gen|7\n|tier|[Gen 7] Random Battle\n|rated|\n|rule|Sleep Clause Mod: Limit one foe put to sleep\n|rule|HP Percentage Mod: HP is shown in percentages\n|rule|Illusion Level Mod: Illusion disguises the Pokémon's true level\n|\n|t:|1769840961\n|teamsize|p1|6\n|teamsize|p2|6\n|start\n|switch|p1a: Zekrom|Zekrom, L74|270/270\n|switch|p2a: Heatmor|Heatmor, L93, F|309/309\n|-ability|p1a: Zekrom|Teravolt\n|turn|1\n|inactive|Battle timer is ON: inactive players will automatically lose when time's up. (requested by wowowd)\n|\n|t:|1769840975\n|move|p1a: Zekrom|Substitute|p1a: Zekrom\n|-start|p1a: Zekrom|Substitute\n|-damage|p1a: Zekrom|203/270\n|move|p2a: Heatmor|Knock Off|p1a: Zekrom\n|-end|p1a: Zekrom|Substitute\n|-damage|p2a: Heatmor|279/309|[from] item: Life Orb\n|\n|upkeep\n|turn|2\n|\n|t:|1769840991\n|move|p1a: Zekrom|Hone Claws|p1a: Zekrom\n|-boost|p1a: Zekrom|atk|1\n|-boost|p1a: Zekrom|accuracy|1\n|move|p2a: Heatmor|Knock Off|p1a: Zekrom\n|-damage|p1a: Zekrom|100/270\n|-enditem|p1a: Zekrom|Lum Berry|[from] move: Knock Off|[of] p2a: Heatmor\n|-damage|p2a: Heatmor|249/309|[from] item: Life Orb\n|\n|upkeep\n|turn|3\n|\n|t:|1769840999\n|move|p1a: Zekrom|Bolt Strike|p2a: Heatmor\n|-damage|p2a: Heatmor|0 fnt\n|faint|p2a: Heatmor\n|\n|upkeep\n|\n|t:|1769841010\n|switch|p2a: Vanilluxe|Vanilluxe, L86, M|262/262\n|-weather|Hail|[from] ability: Snow Warning|[of] p2a: Vanilluxe\n|turn|4\n|\n|t:|1769841036\n|switch|p1a: Hypno|Hypno, L97, F|322/322\n|move|p2a: Vanilluxe|Blizzard|p1a: Hypno\n|-damage|p1a: Hypno|204/322\n|-damage|p2a: Vanilluxe|236/262|[from] item: Life Orb\n|\n|-weather|Hail|[upkeep]\n|-damage|p1a: Hypno|184/322|[from] Hail\n|-heal|p1a: Hypno|204/322|[from] item: Leftovers\n|upkeep\n|turn|5\n|\n|t:|1769841049\n|switch|p2a: Kecleon|Kecleon, L90, F|254/254\n|move|p1a: Hypno|Wish|p1a: Hypno\n|\n|-weather|Hail|[upkeep]\n|-damage|p1a: Hypno|184/322|[from] Hail\n|-damage|p2a: Kecleon|239/254|[from] Hail\n|-heal|p1a: Hypno|204/322|[from] item: Leftovers\n|-heal|p2a: Kecleon|254/254|[from] item: Leftovers\n|upkeep\n|turn|6\n|\n|t:|1769841057\n|switch|p1a: Zekrom|Zekrom, L74|100/270\n|-ability|p1a: Zekrom|Teravolt\n|move|p2a: Kecleon|Stealth Rock|p1a: Zekrom\n|-start|p2a: Kecleon|typechange|Rock|[from] ability: Protean\n|-sidestart|p1: wowowd|move: Stealth Rock\n|\n|-weather|Hail|[upkeep]\n|-damage|p1a: Zekrom|84/270|[from] Hail\n|-damage|p2a: Kecleon|239/254|[from] Hail\n|-heal|p1a: Zekrom|245/270|[from] move: Wish|[wisher] Hypno\n|-heal|p2a: Kecleon|254/254|[from] item: Leftovers\n|upkeep\n|turn|7\n|\n|t:|1769841072\n|switch|p2a: Vanilluxe|Vanilluxe, L86, M|236/262\n|move|p1a: Zekrom|Substitute|p1a: Zekrom\n|-start|p1a: Zekrom|Substitute\n|-damage|p1a: Zekrom|178/270\n|\n|-weather|Hail|[upkeep]\n|-damage|p1a: Zekrom|162/270|[from] Hail\n|upkeep\n|turn|8\n|\n|t:|1769841079\n|move|p2a: Vanilluxe|Hidden Power|p1a: Zekrom\n|-supereffective|p1a: Zekrom\n|-end|p1a: Zekrom|Substitute\n|-damage|p2a: Vanilluxe|210/262|[from] item: Life Orb\n|move|p1a: Zekrom|Bolt Strike|p2a: Vanilluxe\n|-damage|p2a: Vanilluxe|56/262\n|\n|-weather|none\n|upkeep\n|turn|9\n|\n|t:|1769841093\n|move|p2a: Vanilluxe|Blizzard|p1a: Zekrom\n|-supereffective|p1a: Zekrom\n|-damage|p1a: Zekrom|0 fnt\n|faint|p1a: Zekrom\n|-damage|p2a: Vanilluxe|30/262|[from] item: Life Orb\n|\n|upkeep\n|\n|t:|1769841110\n|switch|p1a: Seaking|Seaking, L95, F|306/306\n|-damage|p1a: Seaking|268/306|[from] Stealth Rock\n|turn|10\n|\n|t:|1769841118\n|move|p2a: Vanilluxe|Hidden Power|p1a: Seaking\n|-damage|p1a: Seaking|204/306\n|-damage|p2a: Vanilluxe|4/262|[from] item: Life Orb\n|move|p1a: Seaking|Rain Dance|p1a: Seaking\n|-weather|RainDance\n|\n|-weather|RainDance|[upkeep]\n|upkeep\n|turn|11\n|\n|t:|1769841124\n|move|p1a: Seaking|Waterfall|p2a: Vanilluxe\n|-damage|p2a: Vanilluxe|0 fnt\n|faint|p2a: Vanilluxe\n|-damage|p1a: Seaking|174/306|[from] item: Life Orb\n|\n|-weather|RainDance|[upkeep]\n|upkeep\n|\n|t:|1769841130\n|switch|p2a: Wishiwashi|Wishiwashi, L89, F|225/225\n|-formechange|p2a: Wishiwashi|Wishiwashi-School||[from] ability: Schooling\n|turn|12\n|\n|t:|1769841136\n|move|p1a: Seaking|Knock Off|p2a: Wishiwashi\n|-damage|p2a: Wishiwashi|148/225\n|-enditem|p2a: Wishiwashi|Assault Vest|[from] move: Knock Off|[of] p1a: Seaking\n|-damage|p1a: Seaking|144/306|[from] item: Life Orb\n|move|p2a: Wishiwashi|Hidden Power|p1a: Seaking\n|-supereffective|p1a: Seaking\n|-damage|p1a: Seaking|32/306\n|\n|-weather|RainDance|[upkeep]\n|upkeep\n|turn|13\n|\n|t:|1769841146\n|move|p1a: Seaking|Drill Run|p2a: Wishiwashi\n|-damage|p2a: Wishiwashi|87/225\n|-damage|p1a: Seaking|2/306|[from] item: Life Orb\n|move|p2a: Wishiwashi|Hidden Power|p1a: Seaking\n|-supereffective|p1a: Seaking\n|-damage|p1a: Seaking|0 fnt\n|faint|p1a: Seaking\n|\n|-weather|RainDance|[upkeep]\n|upkeep\n|\n|t:|1769841152\n|switch|p1a: Tangrowth|Tangrowth, L89, F|323/323\n|-damage|p1a: Tangrowth|283/323|[from] Stealth Rock\n|turn|14\n|\n|t:|1769841175\n|switch|p2a: Kecleon|Kecleon, L90, F|254/254\n|move|p1a: Tangrowth|Power Whip|p2a: Kecleon\n|-damage|p2a: Kecleon|97/254\n|\n|-weather|none\n|-heal|p2a: Kecleon|112/254|[from] item: Leftovers\n|upkeep\n|turn|15\n|\n|t:|1769841186\n|move|p1a: Tangrowth|Power Whip|p2a: Kecleon\n|-damage|p2a: Kecleon|0 fnt\n|faint|p2a: Kecleon\n|\n|upkeep\n|\n|t:|1769841193\n|switch|p2a: Regigigas|Regigigas, L86|329/329\n|-start|p2a: Regigigas|ability: Slow Start\n|turn|16\n|\n|t:|1769841203\n|switch|p1a: Hypno|Hypno, L97, F|204/322\n|-damage|p1a: Hypno|164/322|[from] Stealth Rock\n|move|p2a: Regigigas|Thunder Wave|p1a: Hypno\n|-status|p1a: Hypno|par\n|\n|-heal|p1a: Hypno|184/322 par|[from] item: Leftovers\n|upkeep\n|turn|17\n|\n|t:|1769841211\n|move|p2a: Regigigas|Knock Off|p1a: Hypno\n|-supereffective|p1a: Hypno\n|-damage|p1a: Hypno|78/322 par\n|-enditem|p1a: Hypno|Leftovers|[from] move: Knock Off|[of] p2a: Regigigas\n|move|p1a: Hypno|Seismic Toss|p2a: Regigigas\n|-damage|p2a: Regigigas|232/329\n|\n|-heal|p2a: Regigigas|252/329|[from] item: Leftovers\n|upkeep\n|turn|18\n|\n|t:|1769841219\n|move|p2a: Regigigas|Return|p1a: Hypno\n|-damage|p1a: Hypno|0 fnt\n|faint|p1a: Hypno\n|\n|-heal|p2a: Regigigas|272/329|[from] item: Leftovers\n|upkeep\n|\n|t:|1769841224\n|switch|p1a: Infernape|Infernape, L81, M|256/256\n|-damage|p1a: Infernape|224/256|[from] Stealth Rock\n|turn|19\n|\n|t:|1769841241\n|switch|p2a: Wishiwashi|Wishiwashi, L89, F|87/225\n|-formechange|p2a: Wishiwashi|Wishiwashi-School||[from] ability: Schooling\n|move|p1a: Infernape|Close Combat|p2a: Wishiwashi\n|-damage|p2a: Wishiwashi|0 fnt\n|-unboost|p1a: Infernape|def|1\n|-unboost|p1a: Infernape|spd|1\n|faint|p2a: Wishiwashi\n|-damage|p1a: Infernape|199/256|[from] item: Life Orb\n|\n|upkeep\n|\n|t:|1769841250\n|switch|p2a: Gothitelle|Gothitelle, L91, F|275/275\n|turn|20\n|\n|t:|1769841257\n|move|p1a: Infernape|Overheat|p2a: Gothitelle\n|-damage|p2a: Gothitelle|141/275\n|-unboost|p1a: Infernape|spa|2\n|-damage|p1a: Infernape|174/256|[from] item: Life Orb\n|move|p2a: Gothitelle|Psychic|p1a: Infernape\n|-supereffective|p1a: Infernape\n|-damage|p1a: Infernape|0 fnt\n|faint|p1a: Infernape\n|\n|-heal|p2a: Gothitelle|158/275|[from] item: Leftovers\n|upkeep\n|\n|t:|1769841264\n|switch|p1a: Volcarona|Volcarona, L76, M|253/253\n|-damage|p1a: Volcarona|127/253|[from] Stealth Rock\n|turn|21\n|\n|t:|1769841278\n|move|p1a: Volcarona|Bug Buzz|p2a: Gothitelle\n|-supereffective|p2a: Gothitelle\n|-damage|p2a: Gothitelle|0 fnt\n|faint|p2a: Gothitelle\n|\n|upkeep\n|\n|t:|1769841282\n|switch|p2a: Regigigas|Regigigas, L86|272/329\n|-start|p2a: Regigigas|ability: Slow Start\n|turn|22\n|\n|t:|1769841289\n|-zpower|p1a: Volcarona\n|move|p1a: Volcarona|Inferno Overdrive|p2a: Regigigas|[zeffect]\n|-damage|p2a: Regigigas|95/329\n|move|p2a: Regigigas|Return|p1a: Volcarona\n|-damage|p1a: Volcarona|13/253\n|\n|-heal|p2a: Regigigas|115/329|[from] item: Leftovers\n|upkeep\n|turn|23\n|-message|BirdMan007 forfeited.\n|\n|win|wowowd\n|raw|wowowd's rating: 1482 &rarr; <strong>1508</strong><br />(+26 for winning)\n|raw|BirdMan007's rating: 1591 &rarr; <strong>1565</strong><br />(-26 for losing)\n|l|☆BirdMan007\n|player|p2|\n", "inputlog": ">version b99ff0165a6231f17e8b78c2a78d1998375de664\n>start {\"formatid\":\"gen7randombattle\",\"seed\":\"sodium,4ee4e159d8c000a7be80271950b1c050\",\"rated\":\"Rated battle\"}\n>player p1 {\"name\":\"wowowd\",\"avatar\":\"pokemonranger-gen4\",\"rating\":1482,\"seed\":\"sodium,285e2ff478efb1a1092dd4beaba550ae\"}\n>player p2 {\"name\":\"BirdMan007\",\"avatar\":\"steven\",\"rating\":1591,\"seed\":\"sodium,6694377769931fe84b3adb2ce38810cd\"}\n>p1 move substitute\n>p2 move knockoff\n>p1 move honeclaws\n>p2 move knockoff\n>p1 move boltstrike\n>p2 move superpower\n>p2 switch 2\n>p1 switch 3\n>p2 move blizzard\n>p1 move wish\n>p2 switch 6\n>p1 switch 3\n>p2 move stealthrock\n>p1 move substitute\n>p2 switch 6\n>p1 move boltstrike\n>p2 move hiddenpower\n>p1 move boltstrike\n>p2 move blizzard\n>p1 switch 2\n>p1 move raindance\n>p2 move hiddenpower\n>p1 move waterfall\n>p2 move hiddenpower\n>p2 switch 3\n>p1 move knockoff\n>p2 move hiddenpower\n>p1 move drillrun\n>p2 move hiddenpower\n>p1 switch 5\n>p1 move powerwhip\n>p2 switch 6\n>p1 move powerwhip\n>p2 move recover\n>p2 switch 4\n>p1 switch 3\n>p2 move thunderwave\n>p1 move seismictoss\n>p2 move knockoff\n>p1 move toxic\n>p2 move return\n>p1 switch 6\n>p1 move closecombat\n>p2 switch 6\n>p2 switch 5\n>p1 move overheat\n>p2 move psychic\n>p1 switch 4\n>p1 move bugbuzz\n>p2 move calmmind\n>p2 switch 6\n>p1 move fireblast zmove\n>p2 move return\n>forcelose p2", "uploadtime": 1769841305, "views": 177, "formatid": "gen7randombattle", "rating": 1508, "private": 0, "password": null}