{"id": "gen7randombattle-2524596625", "format": "[Gen 7] Random Battle", "players": ["Meuby Law", "alex938"], "log": "|j|☆Meuby Law\n|j|☆alex938\n|t:|1769174071\n|gametype|singles\n|player|p1|Meuby Law|hau-stance|1543\n|player|p2|alex938|ethan|1665\n|gen|7\n|tier|[Gen 7] Random Battle\n|rated|\n|rule|Sleep Clause Mod: Limit one foe put to sleep\n|rule|HP Percentage Mod: HP is shown in percentages\n|rule|Illusion Level Mod: Illusion disguises the Pokémon's true level\n|\n|t:|1769174071\n|teamsize|p1|6\n|teamsize|p2|6\n|start\n|switch|p1a: Delibird|Delibird, M|251/251\n|switch|p2a: Liepard|Liepard, L91, M|264/264\n|turn|1\n|inactive|Battle timer is ON: inactive players will automatically lose when time's up. (requested by alex938)\n|inactive|Meuby Law has 120 seconds left.\n|inactive|Meuby Law has 90 seconds left.\n|\n|t:|1769174173\n|move|p2a: Liepard|Thunder Wave|p1a: Delibird\n|-status|p1a: Delibird|par\n|move|p1a: Delibird|Freeze-Dry|p2a: Liepard\n|-damage|p2a: Liepard|162/264\n|\n|-heal|p2a: Liepard|178/264|[from] item: Leftovers\n|upkeep\n|turn|2\n|\n|t:|1769174200\n|move|p2a: Liepard|Knock Off|p1a: Delibird\n|-damage|p1a: Delibird|95/251 par\n|-enditem|p1a: Delibird|Focus Sash|[from] move: Knock Off|[of] p2a: Liepard\n|move|p1a: Delibird|Freeze-Dry|p2a: Liepard\n|-damage|p2a: Liepard|73/264\n|\n|-heal|p2a: Liepard|89/264|[from] item: Leftovers\n|upkeep\n|turn|3\n|inactive|Meuby Law has 120 seconds left.\n|\n|t:|1769174228\n|move|p2a: Liepard|Knock Off|p1a: Delibird\n|-damage|p1a: Delibird|0 fnt\n|faint|p1a: Delibird\n|\n|-heal|p2a: Liepard|105/264|[from] item: Leftovers\n|upkeep\n|\n|t:|1769174231\n|switch|p1a: Liepard|Liepard, L91, M|264/264\n|turn|4\n|\n|t:|1769174251\n|move|p1a: Liepard|Play Rough|p2a: Liepard\n|-supereffective|p2a: Liepard\n|-damage|p2a: Liepard|0 fnt\n|faint|p2a: Liepard\n|-damage|p1a: Liepard|238/264|[from] item: Life Orb\n|\n|upkeep\n|\n|t:|1769174256\n|switch|p2a: Landorus|Landorus-Therian, L74, M|254/254\n|-ability|p2a: Landorus|Intimidate|boost\n|-unboost|p1a: Liepard|atk|1\n|turn|5\n|inactive|Meuby Law has 120 seconds left.\n|inactive|Meuby Law has 90 seconds left.\n|\n|t:|1769174329\n|move|p1a: Liepard|Knock Off|p2a: Landorus\n|-damage|p2a: Landorus|149/254\n|-enditem|p2a: Landorus|Life Orb|[from] move: Knock Off|[of] p1a: Liepard\n|-damage|p1a: Liepard|212/264|[from] item: Life Orb\n|move|p2a: Landorus|Earthquake|p1a: Liepard\n|-damage|p1a: Liepard|46/264\n|\n|upkeep\n|turn|6\n|\n|t:|1769174338\n|switch|p1a: Alomomola|Alomomola, L87, F|429/429\n|move|p2a: Landorus|Knock Off|p1a: Alomomola\n|-damage|p1a: Alomomola|358/429\n|-damage|p2a: Landorus|107/254|[from] item: Rocky Helmet|[of] p1a: Alomomola\n|-enditem|p1a: Alomomola|Rocky Helmet|[from] move: Knock Off|[of] p2a: Landorus\n|\n|upkeep\n|turn|7\n|\n|t:|1769174347\n|switch|p2a: Phione|Phione, L93|300/300\n|move|p1a: Alomomola|Wish|p1a: Alomomola\n|\n|upkeep\n|turn|8\n|inactive|Meuby Law has 90 seconds left.\n|inactive|Meuby Law has 60 seconds left.\n|\n|t:|1769174406\n|switch|p1a: Vileplume|Vileplume, L87, F|272/272\n|move|p2a: Phione|Ice Beam|p1a: Vileplume\n|-supereffective|p1a: Vileplume\n|-damage|p1a: Vileplume|138/272\n|\n|-heal|p1a: Vileplume|272/272|[from] move: Wish|[wisher] Alomomola\n|upkeep\n|turn|9\n|\n|t:|1769174420\n|move|p2a: Phione|Ice Beam|p1a: Vileplume\n|-supereffective|p1a: Vileplume\n|-damage|p1a: Vileplume|148/272\n|move|p1a: Vileplume|Giga Drain|p2a: Phione\n|-supereffective|p2a: Phione\n|-damage|p2a: Phione|114/300\n|-heal|p1a: Vileplume|241/272|[from] drain|[of] p2a: Phione\n|\n|-heal|p2a: Phione|132/300|[from] item: Leftovers\n|-heal|p1a: Vileplume|258/272|[from] item: Black Sludge\n|upkeep\n|turn|10\n|\n|t:|1769174424\n|switch|p2a: Infernape|Infernape, L81, F|256/256\n|move|p1a: Vileplume|Giga Drain|p2a: Infernape\n|-resisted|p2a: Infernape\n|-damage|p2a: Infernape|200/256\n|-heal|p1a: Vileplume|272/272|[from] drain|[of] p2a: Infernape\n|\n|upkeep\n|turn|11\n|\n|t:|1769174429\n|switch|p1a: Alomomola|Alomomola, L87, F|429/429\n|move|p2a: Infernape|Nasty Plot|p2a: Infernape\n|-boost|p2a: Infernape|spa|2\n|\n|upkeep\n|turn|12\n|\n|t:|1769174432\n|move|p1a: Alomomola|Protect|p1a: Alomomola\n|-singleturn|p1a: Alomomola|Protect\n|-zpower|p2a: Infernape\n|move|p2a: Infernape|All-Out Pummeling|p1a: Alomomola|[zeffect]\n|-zbroken|p1a: Alomomola\n|-damage|p1a: Alomomola|277/429\n|\n|upkeep\n|turn|13\n|\n|t:|1769174435\n|move|p2a: Infernape|Grass Knot|p1a: Alomomola\n|-supereffective|p1a: Alomomola\n|-damage|p1a: Alomomola|19/429\n|move|p1a: Alomomola|Scald|p2a: Infernape\n|-supereffective|p2a: Infernape\n|-damage|p2a: Infernape|78/256\n|\n|upkeep\n|turn|14\n|\n|t:|1769174442\n|switch|p1a: Goodra|Goodra, L85, F|292/292\n|move|p2a: Infernape|Fire Blast|p1a: Goodra\n|-resisted|p1a: Goodra\n|-damage|p1a: Goodra|220/292\n|\n|upkeep\n|turn|15\n|\n|t:|1769174446\n|switch|p2a: Landorus|Landorus-Therian, L74, M|107/254\n|-ability|p2a: Landorus|Intimidate|boost\n|-unboost|p1a: Goodra|atk|1\n|move|p1a: Goodra|Sludge Bomb|p2a: Landorus\n|-resisted|p2a: Landorus\n|-damage|p2a: Landorus|59/254\n|\n|upkeep\n|turn|16\n|inactive|Meuby Law has 120 seconds left.\n|\n|t:|1769174455\n|move|p1a: Goodra|Fire Blast|p2a: Landorus\n|-damage|p2a: Landorus|0 fnt\n|faint|p2a: Landorus\n|\n|upkeep\n|\n|t:|1769174471\n|switch|p2a: Espeon|Espeon, L83, F|244/244\n|turn|17\n|inactive|Meuby Law has 120 seconds left.\n|inactive|Meuby Law has 90 seconds left.\n|inactive|Meuby Law has 60 seconds left.\n|\n|t:|1769174564\n|switch|p1a: Liepard|Liepard, L91, M|46/264\n|move|p2a: Espeon|Psyshock|p1a: Liepard\n|-immune|p1a: Liepard\n|\n|upkeep\n|turn|18\n|\n|t:|1769174572\n|switch|p2a: Ditto|Ditto, L83|215/215\n|-transform|p2a: Ditto|p1a: Liepard|[from] ability: Imposter\n|move|p1a: Liepard|Gunk Shot|p2a: Ditto|[miss]\n|-miss|p1a: Liepard|p2a: Ditto\n|\n|upkeep\n|turn|19\n|\n|t:|1769174579\n|switch|p1a: Vileplume|Vileplume, L87, F|272/272\n|move|p2a: Ditto|Knock Off|p1a: Vileplume\n|-damage|p1a: Vileplume|161/272\n|-status|p2a: Ditto|par|[from] ability: Effect Spore|[of] p1a: Vileplume\n|-enditem|p1a: Vileplume|Black Sludge|[from] move: Knock Off|[of] p2a: Ditto\n|\n|upkeep\n|turn|20\n|inactive|alex938 has 120 seconds left.\n|\n|t:|1769174618\n|switch|p2a: Espeon|Espeon, L83, F|244/244\n|move|p1a: Vileplume|Strength Sap|p2a: Espeon\n|move|p2a: Espeon|Strength Sap|p1a: Vileplume|[from] ability: Magic Bounce\n|-unboost|p1a: Vileplume|atk|1\n|\n|upkeep\n|turn|21\n|inactive|alex938 has 120 seconds left.\n|inactive|Meuby Law has 60 seconds left.\n|inactive|Meuby Law has 30 seconds left.\n|\n|t:|1769174663\n|move|p2a: Espeon|Shadow Ball|p1a: Vileplume\n|-damage|p1a: Vileplume|56/272\n|move|p1a: Vileplume|Strength Sap|p2a: Espeon\n|move|p2a: Espeon|Strength Sap|p1a: Vileplume|[from] ability: Magic Bounce\n|-unboost|p1a: Vileplume|atk|1\n|\n|upkeep\n|turn|22\n|inactive|alex938 has 120 seconds left.\n|\n|t:|1769174684\n|switch|p1a: Goodra|Goodra, L85, F|220/292\n|move|p2a: Espeon|Shadow Ball|p1a: Goodra\n|-damage|p1a: Goodra|172/292\n|\n|upkeep\n|turn|23\n|\n|t:|1769174689\n|switch|p2a: Phione|Phione, L93|132/300\n|move|p1a: Goodra|Draco Meteor|p2a: Phione\n|-damage|p2a: Phione|0 fnt\n|-unboost|p1a: Goodra|spa|2\n|faint|p2a: Phione\n|\n|upkeep\n|\n|t:|1769174691\n|switch|p2a: Espeon|Espeon, L83, F|244/244\n|turn|24\n|\n|t:|1769174700\n|switch|p1a: Vileplume|Vileplume, L87, F|56/272\n|move|p2a: Espeon|Shadow Ball|p1a: Vileplume\n|-damage|p1a: Vileplume|0 fnt\n|faint|p1a: Vileplume\n|\n|upkeep\n|\n|t:|1769174705\n|switch|p1a: Liepard|Liepard, L91, M|46/264\n|turn|25\n|\n|t:|1769174716\n|switch|p2a: Ditto|Ditto, L83|215/215 par\n|-transform|p2a: Ditto|p1a: Liepard|[from] ability: Imposter\n|move|p1a: Liepard|Knock Off|p2a: Ditto\n|-resisted|p2a: Ditto\n|-damage|p2a: Ditto|110/215 par\n|-enditem|p2a: Ditto|Choice Scarf|[from] move: Knock Off|[of] p1a: Liepard\n|-damage|p1a: Liepard|20/264|[from] item: Life Orb\n|\n|upkeep\n|turn|26\n|\n|t:|1769174724\n|switch|p1a: Alomomola|Alomomola, L87, F|162/429\n|cant|p2a: Ditto|par\n|\n|upkeep\n|turn|27\n|\n|t:|1769174739\n|switch|p2a: Espeon|Espeon, L83, F|244/244\n|move|p1a: Alomomola|Scald|p2a: Espeon\n|-damage|p2a: Espeon|192/244\n|\n|upkeep\n|turn|28\n|\n|t:|1769174744\n|move|p1a: Alomomola|Protect|p1a: Alomomola\n|-singleturn|p1a: Alomomola|Protect\n|move|p2a: Espeon|Dazzling Gleam|p1a: Alomomola\n|-activate|p1a: Alomomola|move: Protect\n|\n|upkeep\n|turn|29\n|\n|t:|1769174748\n|move|p2a: Espeon|Dazzling Gleam|p1a: Alomomola\n|-damage|p1a: Alomomola|0 fnt\n|faint|p1a: Alomomola\n|\n|upkeep\n|\n|t:|1769174751\n|switch|p1a: Blacephalon|Blacephalon, L80|215/215\n|turn|30\n|\n|t:|1769174758\n|switch|p2a: Ditto|Ditto, L83|110/215 par\n|-transform|p2a: Ditto|p1a: Blacephalon|[from] ability: Imposter\n|move|p1a: Blacephalon|Shadow Ball|p2a: Ditto\n|-supereffective|p2a: Ditto\n|-damage|p2a: Ditto|0 fnt\n|faint|p2a: Ditto\n|-ability|p1a: Blacephalon|Beast Boost|boost\n|-boost|p1a: Blacephalon|spa|1\n|\n|upkeep\n|\n|t:|1769174762\n|switch|p2a: Espeon|Espeon, L83, F|192/244\n|turn|31\n|\n|t:|1769174765\n|move|p1a: Blacephalon|Shadow Ball|p2a: Espeon\n|-supereffective|p2a: Espeon\n|-damage|p2a: Espeon|0 fnt\n|faint|p2a: Espeon\n|-ability|p1a: Blacephalon|Beast Boost|boost\n|-boost|p1a: Blacephalon|spa|1\n|\n|upkeep\n|-message|alex938 forfeited.\n|\n|win|Meuby Law\n|raw|Meuby Law's rating: 1543 &rarr; <strong>1570</strong><br />(+27 for winning)\n|raw|alex938's rating: 1679 &rarr; <strong>1652</strong><br />(-27 for losing)\n|l|☆alex938\n|player|p2|\n|j|☆alex938\n|player|p2|alex938|ethan|\n", "inputlog": ">version dd3d52b8382d73d1dd2c67730c4067df325ab790\n>start {\"formatid\":\"gen7randombattle\",\"seed\":\"sodium,554ddd82507a106c07fce93a0e57c0a6\",\"rated\":\"Rated battle\"}\n>player p1 {\"name\":\"Meuby Law\",\"avatar\":\"hau-stance\",\"rating\":1543,\"seed\":\"sodium,10972014fc46b18eae7defd6a9145a25\"}\n>player p2 {\"name\":\"alex938\",\"avatar\":\"ethan\",\"rating\":1665,\"seed\":\"sodium,434a1a8694bee1f64101e17244f0a6f1\"}\n>p1 move freezedry\n>p2 move thunderwave\n>p1 move freezedry\n>p2 move knockoff\n>p1 move freezedry\n>p2 move knockoff\n>p1 switch 4\n>p1 move playrough\n>p2 move knockoff\n>p2 switch 2\n>p1 move knockoff\n>p2 move earthquake\n>p1 switch 3\n>p2 move knockoff\n>p1 move wish\n>p2 switch 3\n>p1 switch 5\n>p2 move icebeam\n>p1 move gigadrain\n>p2 move icebeam\n>p1 move gigadrain\n>p2 switch 6\n>p1 switch 5\n>p2 move nastyplot\n>p1 move protect\n>p2 move focusblast zmove\n>p1 move scald\n>p2 move grassknot\n>p1 switch 2\n>p2 move fireblast\n>p1 move sludgebomb\n>p2 switch 3\n>p1 move fireblast\n>p2 move earthquake\n>p2 switch 5\n>p1 switch 3\n>p2 move psyshock\n>p1 move gunkshot\n>p2 switch 4\n>p1 switch 5\n>p2 move knockoff\n>p1 move strengthsap\n>p2 switch 4\n>p1 move strengthsap\n>p2 move shadowball\n>p1 switch 3\n>p2 move shadowball\n>p1 move dracometeor\n>p2 switch 6\n>p2 switch 6\n>p1 switch 3\n>p2 move shadowball\n>p1 switch 5\n>p1 move knockoff\n>p2 switch 4\n>p1 switch 2\n>p2 move knockoff\n>p1 move scald\n>p2 switch 4\n>p1 move protect\n>p2 move dazzlinggleam\n>p1 move wish\n>p2 move dazzlinggleam\n>p1 switch 6\n>p1 move shadowball\n>p2 switch 4\n>p2 switch 4\n>p1 move shadowball\n>p2 move shadowball\n>forcelose p2", "uploadtime": 1769174771, "views": 176, "formatid": "gen7randombattle", "rating": 1570, "private": 0, "password": null}