{"id": "gen7randombattle-2533126922", "format": "[Gen 7] Random Battle", "players": ["Bin2409", "drizzle"], "log": "|j|☆Bin2409\n|j|☆drizzle\n|t:|1770260429\n|gametype|singles\n|player|p1|Bin2409|maid|1726\n|player|p2|drizzle|lucas|1850\n|gen|7\n|tier|[Gen 7] Random Battle\n|rated|\n|rule|Sleep Clause Mod: Limit one foe put to sleep\n|rule|HP Percentage Mod: HP is shown in percentages\n|rule|Illusion Level Mod: Illusion disguises the Pokémon's true level\n|\n|t:|1770260429\n|teamsize|p1|6\n|teamsize|p2|6\n|start\n|switch|p1a: Lickilicky|Lickilicky, L89, F|341/341\n|switch|p2a: Darmanitan|Darmanitan, L82, M|306/306\n|-ability|p1a: Lickilicky|Cloud Nine\n|turn|1\n|inactive|Battle timer is ON: inactive players will automatically lose when time's up. (requested by drizzle)\n|\n|t:|1770260455\n|move|p2a: Darmanitan|Flare Blitz|p1a: Lickilicky\n|-damage|p1a: Lickilicky|115/341\n|-damage|p2a: Darmanitan|231/306|[from] Recoil\n|move|p1a: Lickilicky|Knock Off|p2a: Darmanitan\n|-damage|p2a: Darmanitan|136/306\n|-enditem|p2a: Darmanitan|Life Orb|[from] move: Knock Off|[of] p1a: Lickilicky\n|\n|-heal|p1a: Lickilicky|136/341|[from] item: Leftovers\n|upkeep\n|turn|2\n|\n|t:|1770260460\n|switch|p1a: Palkia|Palkia, L75|259/259\n|-ability|p1a: Palkia|Pressure\n|move|p2a: Darmanitan|Flare Blitz|p1a: Palkia\n|-resisted|p1a: Palkia\n|-damage|p1a: Palkia|209/259\n|-damage|p2a: Darmanitan|119/306|[from] Recoil\n|\n|upkeep\n|turn|3\n|\n|t:|1770260472\n|switch|p2a: Chansey|Chansey, L85, F|564/564\n|move|p1a: Palkia|Thunder Wave|p2a: Chansey\n|-status|p2a: Chansey|par\n|\n|upkeep\n|turn|4\n|\n|t:|1770260485\n|switch|p1a: Lickilicky|Lickilicky, L89, F|136/341\n|-ability|p1a: Lickilicky|Cloud Nine\n|move|p2a: Chansey|Stealth Rock|p1a: Lickilicky\n|-sidestart|p1: Bin2409|move: Stealth Rock\n|\n|-heal|p1a: Lickilicky|157/341|[from] item: Leftovers\n|upkeep\n|turn|5\n|\n|t:|1770260499\n|-curestatus|p2a: Chansey|par|[from] ability: Natural Cure\n|switch|p2a: Aurorus|Aurorus, L88, M|359/359\n|-weather|Hail|[from] ability: Snow Warning|[of] p2a: Aurorus\n|move|p1a: Lickilicky|Return|p2a: Aurorus\n|-resisted|p2a: Aurorus\n|-damage|p2a: Aurorus|293/359\n|\n|-weather|Hail|[upkeep]\n|-heal|p1a: Lickilicky|178/341|[from] item: Leftovers\n|upkeep\n|turn|6\n|\n|t:|1770260513\n|move|p2a: Aurorus|Freeze-Dry|p1a: Lickilicky\n|-damage|p1a: Lickilicky|73/341\n|move|p1a: Lickilicky|Knock Off|p2a: Aurorus\n|-damage|p2a: Aurorus|219/359\n|-enditem|p2a: Aurorus|Choice Specs|[from] move: Knock Off|[of] p1a: Lickilicky\n|\n|-weather|Hail|[upkeep]\n|-heal|p1a: Lickilicky|94/341|[from] item: Leftovers\n|upkeep\n|turn|7\n|\n|t:|1770260525\n|move|p2a: Aurorus|Blizzard|p1a: Lickilicky\n|-damage|p1a: Lickilicky|0 fnt\n|faint|p1a: Lickilicky\n|\n|-weather|Hail|[upkeep]\n|upkeep\n|\n|t:|1770260537\n|switch|p1a: Kingler|Kingler, L87, M|237/237\n|-damage|p1a: Kingler|208/237|[from] Stealth Rock\n|turn|8\n|\n|t:|1770260548\n|move|p1a: Kingler|Liquidation|p2a: Aurorus\n|-supereffective|p2a: Aurorus\n|-damage|p2a: Aurorus|0 fnt\n|faint|p2a: Aurorus\n|\n|-weather|Hail|[upkeep]\n|-damage|p1a: Kingler|194/237|[from] Hail\n|upkeep\n|\n|t:|1770260555\n|switch|p2a: Primarina|Primarina, L83, F|268/268\n|turn|9\n|\n|t:|1770260580\n|move|p1a: Kingler|Knock Off|p2a: Primarina\n|-resisted|p2a: Primarina\n|-damage|p2a: Primarina|204/268\n|-enditem|p2a: Primarina|Choice Specs|[from] move: Knock Off|[of] p1a: Kingler\n|-damage|p1a: Kingler|171/237|[from] item: Life Orb\n|move|p2a: Primarina|Moonblast|p1a: Kingler\n|-damage|p1a: Kingler|9/237\n|\n|-weather|none\n|upkeep\n|turn|10\n|\n|t:|1770260588\n|move|p1a: Kingler|Liquidation|p2a: Primarina\n|-resisted|p2a: Primarina\n|-damage|p2a: Primarina|92/268\n|move|p2a: Primarina|Scald|p1a: Kingler\n|-resisted|p1a: Kingler\n|-crit|p1a: Kingler\n|-damage|p1a: Kingler|0 fnt\n|faint|p1a: Kingler\n|\n|upkeep\n|\n|t:|1770260597\n|switch|p1a: Galvantula|Galvantula, L80, M|243/243\n|-damage|p1a: Galvantula|183/243|[from] Stealth Rock\n|turn|11\n|\n|t:|1770260602\n|switch|p2a: Chansey|Chansey, L85, F|564/564\n|move|p1a: Galvantula|Sticky Web|p2a: Chansey\n|-sidestart|p2: drizzle|move: Sticky Web\n|\n|upkeep\n|turn|12\n|\n|t:|1770260618\n|move|p1a: Galvantula|Thunder|p2a: Chansey\n|-damage|p2a: Chansey|474/564\n|-damage|p1a: Galvantula|159/243|[from] item: Life Orb\n|move|p2a: Chansey|Seismic Toss|p1a: Galvantula\n|-damage|p1a: Galvantula|74/243\n|\n|upkeep\n|turn|13\n|\n|t:|1770260626\n|move|p1a: Galvantula|Thunder|p2a: Chansey\n|-damage|p2a: Chansey|396/564\n|-damage|p1a: Galvantula|50/243|[from] item: Life Orb\n|move|p2a: Chansey|Toxic|p1a: Galvantula\n|-status|p1a: Galvantula|tox\n|\n|-damage|p1a: Galvantula|35/243 tox|[from] psn\n|upkeep\n|turn|14\n|\n|t:|1770260632\n|move|p1a: Galvantula|Thunder|p2a: Chansey\n|-damage|p2a: Chansey|313/564\n|-status|p2a: Chansey|par\n|-damage|p1a: Galvantula|11/243 tox|[from] item: Life Orb\n|move|p2a: Chansey|Soft-Boiled|p2a: Chansey\n|-heal|p2a: Chansey|564/564 par\n|\n|-damage|p1a: Galvantula|0 fnt|[from] psn\n|faint|p1a: Galvantula\n|upkeep\n|\n|t:|1770260638\n|switch|p1a: Passimian|Passimian, L84, F|305/305\n|-damage|p1a: Passimian|286/305|[from] Stealth Rock\n|turn|15\n|\n|t:|1770260645\n|-curestatus|p2a: Chansey|par|[from] ability: Natural Cure\n|switch|p2a: Darmanitan|Darmanitan, L82, M|119/306\n|-activate|p2a: Darmanitan|move: Sticky Web\n|-unboost|p2a: Darmanitan|spe|1\n|move|p1a: Passimian|Bulk Up|p1a: Passimian\n|-boost|p1a: Passimian|atk|1\n|-boost|p1a: Passimian|def|1\n|\n|-heal|p1a: Passimian|305/305|[from] item: Leftovers\n|upkeep\n|turn|16\n|\n|t:|1770260651\n|move|p1a: Passimian|Knock Off|p2a: Darmanitan\n|-damage|p2a: Darmanitan|0 fnt\n|faint|p2a: Darmanitan\n|\n|upkeep\n|\n|t:|1770260675\n|switch|p2a: Primarina|Primarina, L83, F|92/268\n|-activate|p2a: Primarina|move: Sticky Web\n|-unboost|p2a: Primarina|spe|1\n|turn|17\n|\n|t:|1770260680\n|move|p1a: Passimian|Gunk Shot|p2a: Primarina\n|-supereffective|p2a: Primarina\n|-damage|p2a: Primarina|0 fnt\n|faint|p2a: Primarina\n|\n|upkeep\n|\n|t:|1770260682\n|switch|p2a: Simipour|Simipour, L88, M|275/275\n|-activate|p2a: Simipour|move: Sticky Web\n|-unboost|p2a: Simipour|spe|1\n|turn|18\n|\n|t:|1770260691\n|move|p1a: Passimian|Knock Off|p2a: Simipour\n|-damage|p2a: Simipour|119/275\n|-enditem|p2a: Simipour|Leftovers|[from] move: Knock Off|[of] p1a: Passimian\n|move|p2a: Simipour|Hydro Pump|p1a: Passimian\n|-damage|p1a: Passimian|142/305\n|\n|-heal|p1a: Passimian|161/305|[from] item: Leftovers\n|upkeep\n|turn|19\n|-message|drizzle forfeited.\n|\n|win|Bin2409\n|raw|Bin2409's rating: 1726 &rarr; <strong>1753</strong><br />(+27 for winning)\n|raw|drizzle's rating: 1850 &rarr; <strong>1823</strong><br />(-27 for losing)\n|l|☆drizzle\n|player|p2|\n", "inputlog": ">version ccdc32dd7cde25fd9e4bed64820e885f66e78a4e\n>start {\"formatid\":\"gen7randombattle\",\"seed\":\"sodium,a958abe8038077db236fec18110ef061\",\"rated\":\"Rated battle\"}\n>player p1 {\"name\":\"Bin2409\",\"avatar\":\"maid\",\"rating\":1726,\"seed\":\"sodium,ef2062fd6bbfd0bd8ffaeb381afd42a7\"}\n>player p2 {\"name\":\"drizzle\",\"avatar\":\"lucas\",\"rating\":1850,\"seed\":\"sodium,d1d6590b9534e9002ca458c0e8b74a42\"}\n>p1 move knockoff\n>p2 move flareblitz\n>p1 switch 6\n>p2 move flareblitz\n>p1 move thunderwave\n>p2 switch 5\n>p1 switch 6\n>p2 move stealthrock\n>p1 move return\n>p2 switch 3\n>p1 move knockoff\n>p2 move freezedry\n>p1 move explosion\n>p2 move blizzard\n>p1 switch 2\n>p1 move liquidation\n>p2 move freezedry\n>p2 switch 6\n>p1 move knockoff\n>p2 move moonblast\n>p1 move liquidation\n>p2 move scald\n>p1 switch 5\n>p1 move stickyweb\n>p2 switch 3\n>p1 move thunder\n>p2 move seismictoss\n>p1 move thunder\n>p2 move toxic\n>p1 move thunder\n>p2 move softboiled\n>p1 switch 4\n>p1 move bulkup\n>p2 switch 5\n>p1 move knockoff\n>p2 move flareblitz\n>p2 switch 3\n>p1 move gunkshot\n>p2 move moonblast\n>p2 switch 4\n>p1 move knockoff\n>p2 move hydropump\n>forcelose p2", "uploadtime": 1770260700, "views": 144, "formatid": "gen7randombattle", "rating": 1753, "private": 0, "password": null}