{"id": "gen7randombattle-2537801849", "format": "[Gen 7] Random Battle", "players": ["may/gen3", "NTsweeper007"], "log": "|j|☆may/gen3\n|j|☆NTsweeper007\n|t:|1770849558\n|gametype|singles\n|player|p1|may/gen3|may|1641\n|player|p2|NTsweeper007|hilbert-wonderlauncher|1770\n|gen|7\n|tier|[Gen 7] Random Battle\n|rated|\n|rule|Sleep Clause Mod: Limit one foe put to sleep\n|rule|HP Percentage Mod: HP is shown in percentages\n|rule|Illusion Level Mod: Illusion disguises the Pokémon's true level\n|\n|t:|1770849558\n|teamsize|p1|6\n|teamsize|p2|6\n|start\n|switch|p1a: Kingdra|Kingdra, L85, M|266/266\n|switch|p2a: Raticate|Raticate-Alola, L89, F|278/278\n|turn|1\n|inactive|Battle timer is ON: inactive players will automatically lose when time's up. (requested by NTsweeper007)\n|\n|t:|1770849573\n|move|p1a: Kingdra|Waterfall|p2a: Raticate\n|-damage|p2a: Raticate|181/278\n|move|p2a: Raticate|Swords Dance|p2a: Raticate\n|-boost|p2a: Raticate|atk|2\n|\n|upkeep\n|turn|2\n|\n|t:|1770849581\n|move|p2a: Raticate|Sucker Punch|p1a: Kingdra\n|-damage|p1a: Kingdra|23/266\n|-damage|p2a: Raticate|154/278|[from] item: Life Orb\n|move|p1a: Kingdra|Waterfall|p2a: Raticate\n|-damage|p2a: Raticate|55/278\n|\n|upkeep\n|turn|3\n|\n|t:|1770849589\n|move|p2a: Raticate|Sucker Punch|p1a: Kingdra\n|-damage|p1a: Kingdra|0 fnt\n|faint|p1a: Kingdra\n|-damage|p2a: Raticate|28/278|[from] item: Life Orb\n|\n|upkeep\n|\n|t:|1770849598\n|switch|p1a: Garchomp|Garchomp, L77, F|293/293\n|turn|4\n|\n|t:|1770849606\n|move|p2a: Raticate|Sucker Punch|p1a: Garchomp|[miss]\n|-miss|p2a: Raticate|p1a: Garchomp\n|move|p1a: Garchomp|Earthquake|p2a: Raticate\n|-damage|p2a: Raticate|0 fnt\n|faint|p2a: Raticate\n|\n|upkeep\n|\n|t:|1770849613\n|switch|p2a: Tapu Lele|Tapu Lele, L77|234/234\n|-fieldstart|move: Psychic Terrain|[from] ability: Psychic Surge|[of] p2a: Tapu Lele\n|turn|5\n|\n|t:|1770849623\n|move|p2a: Tapu Lele|Psychic|p1a: Garchomp\n|-damage|p1a: Garchomp|139/293\n|move|p1a: Garchomp|Earthquake|p2a: Tapu Lele\n|-damage|p2a: Tapu Lele|89/234\n|\n|upkeep\n|turn|6\n|\n|t:|1770849629\n|detailschange|p1a: Garchomp|Garchomp-Mega, L77, F\n|-mega|p1a: Garchomp|Garchomp|Garchompite\n|move|p2a: Tapu Lele|Psychic|p1a: Garchomp\n|-damage|p1a: Garchomp|0 fnt\n|faint|p1a: Garchomp\n|detailschange|p1: Garchomp|Garchomp, L77, F|[silent]\n|\n|upkeep\n|\n|t:|1770849634\n|switch|p1a: Rampardos|Rampardos, L88, M|314/314\n|turn|7\n|\n|t:|1770849638\n|move|p2a: Tapu Lele|Psychic|p1a: Rampardos\n|-damage|p1a: Rampardos|103/314\n|move|p1a: Rampardos|Fire Punch|p2a: Tapu Lele\n|-damage|p2a: Tapu Lele|0 fnt\n|faint|p2a: Tapu Lele\n|\n|upkeep\n|\n|t:|1770849650\n|switch|p2a: Primarina|Primarina, L83, F|268/268\n|turn|8\n|\n|t:|1770849657\n|switch|p1a: Swalot|Swalot, L90, M|326/326\n|move|p2a: Primarina|Moonblast|p1a: Swalot\n|-resisted|p1a: Swalot\n|-damage|p1a: Swalot|270/326\n|-unboost|p1a: Swalot|spa|1\n|\n|-heal|p1a: Swalot|290/326|[from] item: Black Sludge\n|upkeep\n|turn|9\n|\n|t:|1770849660\n|switch|p2a: Arbok|Arbok, L90, F|254/254\n|move|p1a: Swalot|Sludge Bomb|p2a: Arbok\n|-resisted|p2a: Arbok\n|-damage|p2a: Arbok|226/254\n|\n|-heal|p2a: Arbok|241/254|[from] item: Black Sludge\n|-heal|p1a: Swalot|310/326|[from] item: Black Sludge\n|-fieldend|move: Psychic Terrain\n|upkeep\n|turn|10\n|\n|t:|1770849663\n|switch|p1a: Hippowdon|Hippowdon, L82, M|311/311\n|-weather|Sandstorm|[from] ability: Sand Stream|[of] p1a: Hippowdon\n|move|p2a: Arbok|Coil|p2a: Arbok\n|-boost|p2a: Arbok|atk|1\n|-boost|p2a: Arbok|def|1\n|-boost|p2a: Arbok|accuracy|1\n|\n|-weather|Sandstorm|[upkeep]\n|-damage|p2a: Arbok|226/254|[from] Sandstorm\n|-heal|p2a: Arbok|241/254|[from] item: Black Sludge\n|upkeep\n|turn|11\n|\n|t:|1770849666\n|move|p2a: Arbok|Coil|p2a: Arbok\n|-boost|p2a: Arbok|atk|1\n|-boost|p2a: Arbok|def|1\n|-boost|p2a: Arbok|accuracy|1\n|move|p1a: Hippowdon|Earthquake|p2a: Arbok\n|-supereffective|p2a: Arbok\n|-damage|p2a: Arbok|113/254\n|\n|-weather|Sandstorm|[upkeep]\n|-damage|p2a: Arbok|98/254|[from] Sandstorm\n|-heal|p2a: Arbok|113/254|[from] item: Black Sludge\n|upkeep\n|turn|12\n|\n|t:|1770849671\n|switch|p2a: Trevenant|Trevenant, L91, M|303/303\n|move|p1a: Hippowdon|Earthquake|p2a: Trevenant\n|-resisted|p2a: Trevenant\n|-damage|p2a: Trevenant|243/303\n|\n|-weather|Sandstorm|[upkeep]\n|-damage|p2a: Trevenant|225/303|[from] Sandstorm\n|upkeep\n|turn|13\n|\n|t:|1770849677\n|move|p2a: Trevenant|Toxic|p1a: Hippowdon|[miss]\n|-miss|p2a: Trevenant|p1a: Hippowdon\n|move|p1a: Hippowdon|Stealth Rock|p2a: Trevenant\n|-sidestart|p2: NTsweeper007|move: Stealth Rock\n|\n|-weather|Sandstorm|[upkeep]\n|-damage|p2a: Trevenant|207/303|[from] Sandstorm\n|upkeep\n|turn|14\n|\n|t:|1770849679\n|switch|p1a: Swalot|Swalot, L90, M|310/326\n|move|p2a: Trevenant|Toxic|p1a: Swalot\n|-immune|p1a: Swalot\n|\n|-weather|none\n|-heal|p1a: Swalot|326/326|[from] item: Black Sludge\n|upkeep\n|turn|15\n|\n|t:|1770849682\n|move|p2a: Trevenant|Earthquake|p1a: Swalot\n|-supereffective|p1a: Swalot\n|-damage|p1a: Swalot|156/326\n|move|p1a: Swalot|Ice Beam|p2a: Trevenant\n|-supereffective|p2a: Trevenant\n|-damage|p2a: Trevenant|91/303\n|-enditem|p2a: Trevenant|Sitrus Berry|[eat]\n|-heal|p2a: Trevenant|166/303|[from] item: Sitrus Berry\n|\n|-heal|p1a: Swalot|176/326|[from] item: Black Sludge\n|upkeep\n|turn|16\n|\n|t:|1770849686\n|switch|p1a: Stoutland|Stoutland, L86, F|286/286\n|move|p2a: Trevenant|Earthquake|p1a: Stoutland\n|-damage|p1a: Stoutland|195/286\n|\n|upkeep\n|turn|17\n|\n|t:|1770849690\n|move|p2a: Trevenant|Protect|p2a: Trevenant\n|-singleturn|p2a: Trevenant|Protect\n|move|p1a: Stoutland|Return|p2a: Trevenant\n|-activate|p2a: Trevenant|move: Protect\n|\n|upkeep\n|turn|18\n|\n|t:|1770849693\n|move|p1a: Stoutland|Return|p2a: Trevenant\n|-damage|p2a: Trevenant|0 fnt\n|faint|p2a: Trevenant\n|\n|upkeep\n|\n|t:|1770849696\n|switch|p2a: Primarina|Primarina, L83, F|268/268\n|-damage|p2a: Primarina|235/268|[from] Stealth Rock\n|turn|19\n|\n|t:|1770849698\n|move|p2a: Primarina|Scald|p1a: Stoutland\n|-damage|p1a: Stoutland|104/286\n|move|p1a: Stoutland|Return|p2a: Primarina\n|-damage|p2a: Primarina|19/268\n|\n|upkeep\n|turn|20\n|\n|t:|1770849702\n|move|p2a: Primarina|Scald|p1a: Stoutland\n|-damage|p1a: Stoutland|0 fnt\n|faint|p1a: Stoutland\n|\n|upkeep\n|\n|t:|1770849710\n|switch|p1a: Rampardos|Rampardos, L88, M|103/314\n|turn|21\n|\n|t:|1770849713\n|move|p1a: Rampardos|Earthquake|p2a: Primarina\n|-damage|p2a: Primarina|0 fnt\n|faint|p2a: Primarina\n|\n|upkeep\n|\n|t:|1770849716\n|switch|p2a: Huntail|Huntail, L85, M|232/232\n|-damage|p2a: Huntail|203/232|[from] Stealth Rock\n|turn|22\n|\n|t:|1770849721\n|move|p1a: Rampardos|Earthquake|p2a: Huntail\n|-damage|p2a: Huntail|95/232\n|move|p2a: Huntail|Shell Smash|p2a: Huntail\n|-unboost|p2a: Huntail|def|1\n|-unboost|p2a: Huntail|spd|1\n|-boost|p2a: Huntail|atk|2\n|-boost|p2a: Huntail|spa|2\n|-boost|p2a: Huntail|spe|2\n|-enditem|p2a: Huntail|White Herb\n|-clearnegativeboost|p2a: Huntail|[silent]\n|\n|upkeep\n|turn|23\n|\n|t:|1770849724\n|move|p2a: Huntail|Waterfall|p1a: Rampardos\n|-supereffective|p1a: Rampardos\n|-damage|p1a: Rampardos|0 fnt\n|faint|p1a: Rampardos\n|\n|upkeep\n|\n|t:|1770849728\n|switch|p1a: Swalot|Swalot, L90, M|176/326\n|turn|24\n|\n|t:|1770849730\n|move|p2a: Huntail|Waterfall|p1a: Swalot\n|-damage|p1a: Swalot|0 fnt\n|faint|p1a: Swalot\n|\n|upkeep\n|\n|t:|1770849732\n|switch|p1a: Hippowdon|Hippowdon, L82, M|311/311\n|-weather|Sandstorm|[from] ability: Sand Stream|[of] p1a: Hippowdon\n|turn|25\n|\n|t:|1770849734\n|move|p2a: Huntail|Waterfall|p1a: Hippowdon\n|-supereffective|p1a: Hippowdon\n|-damage|p1a: Hippowdon|21/311\n|move|p1a: Hippowdon|Earthquake|p2a: Huntail\n|-crit|p2a: Huntail\n|-damage|p2a: Huntail|0 fnt\n|faint|p2a: Huntail\n|\n|-weather|Sandstorm|[upkeep]\n|-heal|p1a: Hippowdon|40/311|[from] item: Leftovers\n|upkeep\n|\n|t:|1770849737\n|switch|p2a: Arbok|Arbok, L90, F|113/254\n|-damage|p2a: Arbok|82/254|[from] Stealth Rock\n|turn|26\n|\n|t:|1770849739\n|move|p2a: Arbok|Earthquake|p1a: Hippowdon\n|-damage|p1a: Hippowdon|0 fnt\n|faint|p1a: Hippowdon\n|\n|win|NTsweeper007\n|raw|may&#x2f;gen3's rating: 1641 &rarr; <strong>1628</strong><br />(-13 for losing)\n|raw|NTsweeper007's rating: 1770 &rarr; <strong>1783</strong><br />(+13 for winning)\n|l|☆may/gen3\n|player|p1|\n", "inputlog": ">version ccdc32dd7cde25fd9e4bed64820e885f66e78a4e\n>start {\"formatid\":\"gen7randombattle\",\"seed\":\"sodium,0124e4c87620e0ad446519ee01fab612\",\"rated\":\"Rated battle\"}\n>player p1 {\"name\":\"may/gen3\",\"avatar\":\"may\",\"rating\":1641,\"seed\":\"sodium,c585f3e0555ba0d9ce279489435c513c\"}\n>player p2 {\"name\":\"NTsweeper007\",\"avatar\":\"hilbert-wonderlauncher\",\"rating\":1770,\"seed\":\"sodium,1d70afca84fce7153b86fdd70df43b6a\"}\n>p1 move waterfall\n>p2 move swordsdance\n>p1 move waterfall\n>p2 move suckerpunch\n>p1 move waterfall\n>p2 move suckerpunch\n>p1 switch 4\n>p1 move earthquake\n>p2 move suckerpunch\n>p2 switch 3\n>p1 move earthquake\n>p2 move psychic\n>p1 move earthquake mega\n>p2 move psychic\n>p1 switch 5\n>p1 move firepunch\n>p2 move psychic\n>p2 switch 2\n>p1 switch 3\n>p2 move moonblast\n>p1 move sludgebomb\n>p2 switch 5\n>p1 switch 6\n>p2 move coil\n>p1 move earthquake\n>p2 move coil\n>p1 move earthquake\n>p2 switch 4\n>p1 move stealthrock\n>p2 move toxic\n>p1 switch 6\n>p2 move toxic\n>p1 move icebeam\n>p2 move earthquake\n>p1 switch 2\n>p2 move earthquake\n>p1 move return\n>p2 move protect\n>p1 move return\n>p2 move hornleech\n>p2 switch 5\n>p1 move return\n>p2 move scald\n>p1 move return\n>p2 move scald\n>p1 switch 3\n>p1 move earthquake\n>p2 move scald\n>p2 switch 6\n>p1 move earthquake\n>p2 move shellsmash\n>p1 move earthquake\n>p2 move waterfall\n>p1 switch 2\n>p1 move sludgebomb\n>p2 move waterfall\n>p1 switch 6\n>p1 move earthquake\n>p2 move waterfall\n>p2 switch 4\n>p1 move earthquake\n>p2 move earthquake", "uploadtime": 1770849744, "views": 224, "formatid": "gen7randombattle", "rating": 1628, "private": 0, "password": null}