{"id": "gen7randombattle-2539451937", "format": "[Gen 7] Random Battle", "players": ["Mewtwo reigns", "aurora ltd"], "log": "|j|☆Mewtwo reigns\n|j|☆aurora ltd\n|t:|1771061863\n|gametype|singles\n|player|p1|Mewtwo reigns|teamrocket|1661\n|player|p2|aurora ltd|1|1703\n|gen|7\n|tier|[Gen 7] Random Battle\n|rated|\n|rule|Sleep Clause Mod: Limit one foe put to sleep\n|rule|HP Percentage Mod: HP is shown in percentages\n|rule|Illusion Level Mod: Illusion disguises the Pokémon's true level\n|\n|t:|1771061863\n|teamsize|p1|6\n|teamsize|p2|6\n|start\n|switch|p1a: Stakataka|Stakataka, L83|237/237\n|switch|p2a: Durant|Durant, L80, M|224/224\n|turn|1\n|inactive|Battle timer is ON: inactive players will automatically lose when time's up. (requested by Mewtwo reigns)\n|inactive|aurora ltd has 120 seconds left.\n|\n|t:|1771061904\n|switch|p1a: Marowak|Marowak-Alola, L86, F|243/243\n|move|p2a: Durant|Hone Claws|p2a: Durant\n|-boost|p2a: Durant|atk|1\n|-boost|p2a: Durant|accuracy|1\n|\n|upkeep\n|turn|2\n|\n|t:|1771061934\n|switch|p2a: Manaphy|Manaphy, L77|281/281\n|move|p1a: Marowak|Will-O-Wisp|p2a: Manaphy\n|-status|p2a: Manaphy|brn\n|\n|-damage|p2a: Manaphy|264/281 brn|[from] brn\n|upkeep\n|turn|3\n|inactive|aurora ltd has 120 seconds left.\n|\n|t:|1771061963\n|switch|p1a: Vigoroth|Vigoroth, L88, M|284/284\n|move|p2a: Manaphy|Tail Glow|p2a: Manaphy\n|-boost|p2a: Manaphy|spa|3\n|\n|-damage|p2a: Manaphy|247/281 brn|[from] brn\n|upkeep\n|turn|4\n|\n|t:|1771061978\n|move|p1a: Vigoroth|Body Slam|p2a: Manaphy\n|-damage|p2a: Manaphy|168/281 brn\n|-zpower|p2a: Manaphy\n|move|p2a: Manaphy|Hydro Vortex|p1a: Vigoroth|[zeffect]\n|-damage|p1a: Vigoroth|0 fnt\n|faint|p1a: Vigoroth\n|\n|-damage|p2a: Manaphy|151/281 brn|[from] brn\n|upkeep\n|\n|t:|1771061990\n|switch|p1a: Hydreigon|Hydreigon, L82, M|285/285\n|turn|5\n|inactive|aurora ltd has 120 seconds left.\n|\n|t:|1771061997\n|move|p1a: Hydreigon|Draco Meteor|p2a: Manaphy\n|-damage|p2a: Manaphy|0 fnt\n|-unboost|p1a: Hydreigon|spa|2\n|faint|p2a: Manaphy\n|\n|upkeep\n|inactive|aurora ltd has 120 seconds left.\n|inactive|aurora ltd has 90 seconds left.\n|\n|t:|1771062037\n|switch|p2a: Garbodor|Garbodor, L88, F|284/284\n|turn|6\n|\n|t:|1771062043\n|switch|p1a: Simipour|Simipour, L88, F|275/275\n|move|p2a: Garbodor|Toxic Spikes|p1a: Simipour\n|-sidestart|p1: Mewtwo reigns|move: Toxic Spikes\n|\n|upkeep\n|turn|7\n|\n|t:|1771062055\n|move|p1a: Simipour|Substitute|p1a: Simipour\n|-start|p1a: Simipour|Substitute\n|-damage|p1a: Simipour|207/275\n|move|p2a: Garbodor|Gunk Shot|p1a: Simipour\n|-end|p1a: Simipour|Substitute\n|\n|-heal|p1a: Simipour|224/275|[from] item: Leftovers\n|upkeep\n|turn|8\n|\n|t:|1771062065\n|move|p1a: Simipour|Nasty Plot|p1a: Simipour\n|-boost|p1a: Simipour|spa|2\n|move|p2a: Garbodor|Gunk Shot|p1a: Simipour\n|-damage|p1a: Simipour|47/275\n|-status|p1a: Simipour|psn\n|\n|-heal|p1a: Simipour|64/275 psn|[from] item: Leftovers\n|-damage|p1a: Simipour|30/275 psn|[from] psn\n|upkeep\n|turn|9\n|\n|t:|1771062076\n|move|p1a: Simipour|Hydro Pump|p2a: Garbodor|[miss]\n|-miss|p1a: Simipour|p2a: Garbodor\n|move|p2a: Garbodor|Stomping Tantrum|p1a: Simipour\n|-damage|p1a: Simipour|0 fnt\n|faint|p1a: Simipour\n|\n|upkeep\n|\n|t:|1771062090\n|switch|p1a: Hydreigon|Hydreigon, L82, M|285/285\n|turn|10\n|\n|t:|1771062100\n|move|p1a: Hydreigon|Dark Pulse|p2a: Garbodor\n|-crit|p2a: Garbodor\n|-damage|p2a: Garbodor|64/284\n|cant|p2a: Garbodor|flinch\n|\n|-heal|p2a: Garbodor|81/284|[from] item: Black Sludge\n|upkeep\n|turn|11\n|\n|t:|1771062107\n|move|p1a: Hydreigon|Dark Pulse|p2a: Garbodor\n|-damage|p2a: Garbodor|0 fnt\n|faint|p2a: Garbodor\n|\n|upkeep\n|\n|t:|1771062116\n|switch|p2a: Sawk|Sawk, L86, M|269/269\n|turn|12\n|\n|t:|1771062121\n|switch|p1a: Tornadus|Tornadus, L82, M|264/264\n|move|p2a: Sawk|Knock Off|p1a: Tornadus\n|-damage|p1a: Tornadus|94/264\n|-enditem|p1a: Tornadus|Life Orb|[from] move: Knock Off|[of] p2a: Sawk\n|\n|upkeep\n|turn|13\n|inactive|aurora ltd has 120 seconds left.\n|\n|t:|1771062151\n|move|p1a: Tornadus|Hurricane|p2a: Sawk\n|-supereffective|p2a: Sawk\n|-ability|p2a: Sawk|Sturdy\n|-damage|p2a: Sawk|1/269\n|move|p2a: Sawk|Knock Off|p1a: Tornadus\n|-damage|p1a: Tornadus|0 fnt\n|faint|p1a: Tornadus\n|\n|upkeep\n|\n|t:|1771062164\n|switch|p1a: Hydreigon|Hydreigon, L82, M|285/285\n|turn|14\n|inactive|aurora ltd has 120 seconds left.\n|\n|t:|1771062169\n|move|p1a: Hydreigon|Dark Pulse|p2a: Sawk\n|-resisted|p2a: Sawk\n|-damage|p2a: Sawk|0 fnt\n|faint|p2a: Sawk\n|\n|upkeep\n|inactive|aurora ltd has 120 seconds left.\n|\n|t:|1771062176\n|switch|p2a: Octillery|Octillery, L96, M|299/299\n|turn|15\n|\n|t:|1771062183\n|move|p1a: Hydreigon|Dark Pulse|p2a: Octillery\n|-damage|p2a: Octillery|158/299\n|move|p2a: Octillery|Thunder Wave|p1a: Hydreigon\n|-status|p1a: Hydreigon|par\n|\n|-heal|p2a: Octillery|176/299|[from] item: Leftovers\n|upkeep\n|turn|16\n|\n|t:|1771062192\n|move|p2a: Octillery|Gunk Shot|p1a: Hydreigon\n|-damage|p1a: Hydreigon|165/285 par\n|move|p1a: Hydreigon|Dark Pulse|p2a: Octillery\n|-damage|p2a: Octillery|23/299\n|\n|-heal|p2a: Octillery|41/299|[from] item: Leftovers\n|upkeep\n|turn|17\n|\n|t:|1771062199\n|move|p2a: Octillery|Gunk Shot|p1a: Hydreigon\n|-damage|p1a: Hydreigon|49/285 par\n|move|p1a: Hydreigon|Dark Pulse|p2a: Octillery\n|-damage|p2a: Octillery|0 fnt\n|faint|p2a: Octillery\n|\n|upkeep\n|\n|t:|1771062207\n|switch|p2a: Durant|Durant, L80, M|224/224\n|turn|18\n|\n|t:|1771062215\n|move|p2a: Durant|Iron Head|p1a: Hydreigon\n|-damage|p1a: Hydreigon|0 fnt\n|faint|p1a: Hydreigon\n|-damage|p2a: Durant|202/224|[from] item: Life Orb\n|\n|upkeep\n|\n|t:|1771062218\n|switch|p1a: Marowak|Marowak-Alola, L86, F|243/243\n|-status|p1a: Marowak|psn\n|turn|19\n|\n|t:|1771062223\n|switch|p2a: Pidgeot|Pidgeot, L78, F|258/258\n|move|p1a: Marowak|Flare Blitz|p2a: Pidgeot\n|-damage|p2a: Pidgeot|0 fnt\n|faint|p2a: Pidgeot\n|\n|-damage|p1a: Marowak|213/243 psn|[from] psn\n|upkeep\n|\n|t:|1771062230\n|switch|p2a: Durant|Durant, L80, M|202/224\n|turn|20\n|\n|t:|1771062239\n|move|p2a: Durant|Iron Head|p1a: Marowak\n|-resisted|p1a: Marowak\n|-damage|p1a: Marowak|148/243 psn\n|-damage|p2a: Durant|180/224|[from] item: Life Orb\n|cant|p1a: Marowak|flinch\n|\n|-damage|p1a: Marowak|118/243 psn|[from] psn\n|upkeep\n|turn|21\n|\n|t:|1771062248\n|move|p2a: Durant|Iron Head|p1a: Marowak\n|-resisted|p1a: Marowak\n|-damage|p1a: Marowak|48/243 psn\n|-damage|p2a: Durant|158/224|[from] item: Life Orb\n|move|p1a: Marowak|Flare Blitz|p2a: Durant\n|-supereffective|p2a: Durant\n|-damage|p2a: Durant|0 fnt\n|faint|p2a: Durant\n|\n|win|Mewtwo reigns\n|raw|Mewtwo reigns's rating: 1661 &rarr; <strong>1683</strong><br />(+22 for winning)\n|raw|aurora ltd's rating: 1703 &rarr; <strong>1681</strong><br />(-22 for losing)\n|l|☆Mewtwo reigns\n|player|p1|\n", "inputlog": ">version ccdc32dd7cde25fd9e4bed64820e885f66e78a4e\n>start {\"formatid\":\"gen7randombattle\",\"seed\":\"sodium,cd5426fa75594fc3d03230cc56490a63\",\"rated\":\"Rated battle\"}\n>player p1 {\"name\":\"Mewtwo reigns\",\"avatar\":\"teamrocket\",\"rating\":1661,\"seed\":\"sodium,9db84858927be2038d842bcf777185bf\"}\n>player p2 {\"name\":\"aurora ltd\",\"avatar\":\"1\",\"rating\":1703,\"seed\":\"sodium,f91a603f671d5c41b4ae1a682ecc8273\"}\n>p1 switch 3\n>p2 move honeclaws\n>p1 move willowisp\n>p2 switch 6\n>p1 switch 5\n>p2 move tailglow\n>p1 move bodyslam\n>p2 move surf zmove\n>p1 switch 4\n>p1 move dracometeor\n>p2 move icebeam\n>p2 switch 5\n>p1 switch 2\n>p2 move toxicspikes\n>p1 move substitute\n>p2 move gunkshot\n>p1 move nastyplot\n>p2 move gunkshot\n>p1 move hydropump\n>p2 move stompingtantrum\n>p1 switch 2\n>p1 move darkpulse\n>p2 move gunkshot\n>p1 move darkpulse\n>p2 move gunkshot\n>p2 switch 3\n>p1 switch 6\n>p2 move knockoff\n>p1 move hurricane\n>p2 move knockoff\n>p1 switch 6\n>p1 move darkpulse\n>p2 move knockoff\n>p2 switch 2\n>p1 move darkpulse\n>p2 move thunderwave\n>p1 move darkpulse\n>p2 move gunkshot\n>p1 move darkpulse\n>p2 move gunkshot\n>p2 switch 6\n>p1 move darkpulse\n>p2 move ironhead\n>p1 switch 5\n>p1 move flareblitz\n>p2 switch 4\n>p2 switch 4\n>p1 move flareblitz\n>p2 move ironhead\n>p1 move flareblitz\n>p2 move ironhead", "uploadtime": 1771062258, "views": 144, "formatid": "gen7randombattle", "rating": 1681, "private": 0, "password": null}