{"id": "gen7randombattle-2524325229", "format": "[Gen 7] Random Battle", "players": ["KrazyKrookodile13", "plop in my pants"], "log": "|j|☆KrazyKrookodile13\n|j|☆plop in my pants\n|t:|1769131703\n|gametype|singles\n|player|p1|KrazyKrookodile13|roughneck|1507\n|player|p2|plop in my pants|teamrocket|1796\n|gen|7\n|tier|[Gen 7] Random Battle\n|rated|\n|rule|Sleep Clause Mod: Limit one foe put to sleep\n|rule|HP Percentage Mod: HP is shown in percentages\n|rule|Illusion Level Mod: Illusion disguises the Pokémon's true level\n|\n|t:|1769131703\n|teamsize|p1|6\n|teamsize|p2|6\n|start\n|switch|p1a: Krookodile|Krookodile, L79, F|280/280\n|switch|p2a: Guzzlord|Guzzlord, L86|524/524\n|-ability|p1a: Krookodile|Intimidate|boost\n|-unboost|p2a: Guzzlord|atk|1\n|turn|1\n|\n|t:|1769131750\n|move|p1a: Krookodile|Stealth Rock|p2a: Guzzlord\n|-sidestart|p2: plop in my pants|move: Stealth Rock\n|move|p2a: Guzzlord|Draco Meteor|p1a: Krookodile\n|-damage|p1a: Krookodile|102/280\n|-unboost|p2a: Guzzlord|spa|2\n|\n|upkeep\n|turn|2\n|\n|t:|1769131764\n|move|p1a: Krookodile|Knock Off|p2a: Guzzlord\n|-resisted|p2a: Guzzlord\n|-damage|p2a: Guzzlord|430/524\n|-enditem|p2a: Guzzlord|Assault Vest|[from] move: Knock Off|[of] p1a: Krookodile\n|-damage|p1a: Krookodile|74/280|[from] item: Life Orb\n|move|p2a: Guzzlord|Draco Meteor|p1a: Krookodile\n|-damage|p1a: Krookodile|0 fnt\n|-unboost|p2a: Guzzlord|spa|2\n|faint|p1a: Krookodile\n|-ability|p2a: Guzzlord|Beast Boost|boost\n|-boost|p2a: Guzzlord|atk|1\n|\n|upkeep\n|\n|t:|1769131779\n|switch|p1a: Tapu Lele|Tapu Lele, L77|234/234\n|-fieldstart|move: Psychic Terrain|[from] ability: Psychic Surge|[of] p1a: Tapu Lele\n|turn|3\n|\n|t:|1769131799\n|switch|p2a: Shedinja|Shedinja, L96|1/1\n|-damage|p2a: Shedinja|0 fnt|[from] Stealth Rock\n|faint|p2a: Shedinja\n|move|p1a: Tapu Lele|Nature's Madness|p2: Shedinja|[notarget]\n|-fail|p1a: Tapu Lele\n|\n|upkeep\n|inactive|Battle timer is ON: inactive players will automatically lose when time's up. (requested by KrazyKrookodile13)\n|\n|t:|1769131866\n|switch|p2a: Audino|Audino, L92, M|339/339\n|-damage|p2a: Audino|297/339|[from] Stealth Rock\n|turn|4\n|inactive|KrazyKrookodile13 has 120 seconds left.\n|inactive|KrazyKrookodile13 has 90 seconds left.\n|inactive|KrazyKrookodile13 has 60 seconds left.\n|inactive|KrazyKrookodile13 has 30 seconds left.\n|\n|t:|1769131994\n|move|p1a: Tapu Lele|Nature's Madness|p2a: Audino\n|-damage|p2a: Audino|149/339\n|move|p2a: Audino|Toxic|p1a: Tapu Lele\n|-status|p1a: Tapu Lele|tox\n|\n|-damage|p1a: Tapu Lele|220/234 tox|[from] psn\n|upkeep\n|turn|5\n|inactive|KrazyKrookodile13 has 30 seconds left.\n|\n|t:|1769132001\n|move|p2a: Audino|Protect|p2a: Audino\n|-singleturn|p2a: Audino|Protect\n|move|p1a: Tapu Lele|Focus Blast|p2a: Audino\n|-activate|p2a: Audino|move: Protect\n|\n|-damage|p1a: Tapu Lele|192/234 tox|[from] psn\n|upkeep\n|turn|6\n|\n|t:|1769132012\n|detailschange|p2a: Audino|Audino-Mega, L92, M\n|-mega|p2a: Audino|Audino|Audinite\n|move|p1a: Tapu Lele|Focus Blast|p2a: Audino\n|-damage|p2a: Audino|89/339\n|move|p2a: Audino|Wish|p2a: Audino\n|\n|-damage|p1a: Tapu Lele|150/234 tox|[from] psn\n|upkeep\n|turn|7\n|inactive|KrazyKrookodile13 has 30 seconds left.\n|\n|t:|1769132038\n|switch|p1a: Gumshoos|Gumshoos, L94, F|318/318\n|move|p2a: Audino|Protect||[still]\n|-fail|p2a: Audino\n|\n|-heal|p2a: Audino|258/339|[from] move: Wish|[wisher] Audino\n|-fieldend|move: Psychic Terrain\n|upkeep\n|turn|8\n|inactive|KrazyKrookodile13 has 30 seconds left.\n|\n|t:|1769132049\n|move|p2a: Audino|Protect|p2a: Audino\n|-singleturn|p2a: Audino|Protect\n|move|p1a: Gumshoos|Return|p2a: Audino\n|-activate|p2a: Audino|move: Protect\n|\n|upkeep\n|turn|9\n|inactive|KrazyKrookodile13 has 30 seconds left.\n|\n|t:|1769132056\n|switch|p2a: Guzzlord|Guzzlord, L86|430/524\n|-damage|p2a: Guzzlord|365/524|[from] Stealth Rock\n|move|p1a: Gumshoos|Return|p2a: Guzzlord\n|-damage|p2a: Guzzlord|0 fnt\n|faint|p2a: Guzzlord\n|\n|upkeep\n|\n|t:|1769132060\n|switch|p2a: Terrakion|Terrakion, L78|270/270\n|-damage|p2a: Terrakion|254/270|[from] Stealth Rock\n|turn|10\n|inactive|KrazyKrookodile13 has 30 seconds left.\n|inactive|KrazyKrookodile13 has 20 seconds left.\n|\n|t:|1769132085\n|switch|p1a: Beheeyem|Beheeyem, L93, M|290/290\n|move|p2a: Terrakion|Stealth Rock|p1a: Beheeyem\n|-sidestart|p1: KrazyKrookodile13|move: Stealth Rock\n|\n|upkeep\n|turn|11\n|inactive|KrazyKrookodile13 has 30 seconds left this turn.\n|\n|t:|1769132104\n|switch|p2a: Audino|Audino-Mega, L92, M|258/339\n|-damage|p2a: Audino|216/339|[from] Stealth Rock\n|move|p1a: Beheeyem|Trick Room|p1a: Beheeyem\n|-fieldstart|move: Trick Room|[of] p1a: Beheeyem\n|\n|upkeep\n|turn|12\n|inactive|KrazyKrookodile13 has 30 seconds left.\n|inactive|KrazyKrookodile13 has 20 seconds left.\n|\n|t:|1769132122\n|move|p1a: Beheeyem|Psychic|p2a: Audino\n|-damage|p2a: Audino|83/339\n|-damage|p1a: Beheeyem|261/290|[from] item: Life Orb\n|move|p2a: Audino|Wish|p2a: Audino\n|\n|upkeep\n|turn|13\n|inactive|KrazyKrookodile13 has 30 seconds left this turn.\n|inactive|KrazyKrookodile13 has 20 seconds left.\n|\n|t:|1769132134\n|switch|p1a: Gumshoos|Gumshoos, L94, F|318/318\n|-damage|p1a: Gumshoos|279/318|[from] Stealth Rock\n|move|p2a: Audino|Protect||[still]\n|-fail|p2a: Audino\n|\n|-heal|p2a: Audino|252/339|[from] move: Wish|[wisher] Audino\n|upkeep\n|turn|14\n|inactive|KrazyKrookodile13 has 30 seconds left this turn.\n|inactive|KrazyKrookodile13 has 20 seconds left.\n|inactive|KrazyKrookodile13 has 15 seconds left.\n|\n|t:|1769132152\n|move|p2a: Audino|Protect|p2a: Audino\n|-singleturn|p2a: Audino|Protect\n|move|p1a: Gumshoos|Return|p2a: Audino\n|-activate|p2a: Audino|move: Protect\n|\n|upkeep\n|turn|15\n|inactive|KrazyKrookodile13 has 25 seconds left this turn.\n|inactive|KrazyKrookodile13 has 20 seconds left.\n|inactive|KrazyKrookodile13 has 15 seconds left.\n|\n|t:|1769132167\n|move|p1a: Gumshoos|Return|p2a: Audino\n|-damage|p2a: Audino|92/339\n|move|p2a: Audino|Dazzling Gleam|p1a: Gumshoos\n|-damage|p1a: Gumshoos|176/318\n|\n|-fieldend|move: Trick Room\n|upkeep\n|turn|16\n|inactive|KrazyKrookodile13 has 25 seconds left this turn.\n|inactive|KrazyKrookodile13 has 20 seconds left.\n|inactive|KrazyKrookodile13 has 15 seconds left.\n|\n|t:|1769132181\n|switch|p1a: Tapu Lele|Tapu Lele, L77|150/234 tox\n|-damage|p1a: Tapu Lele|121/234 tox|[from] Stealth Rock\n|-fieldstart|move: Psychic Terrain|[from] ability: Psychic Surge|[of] p1a: Tapu Lele\n|move|p2a: Audino|Wish|p2a: Audino\n|\n|-damage|p1a: Tapu Lele|107/234 tox|[from] psn\n|upkeep\n|turn|17\n|inactive|KrazyKrookodile13 has 25 seconds left this turn.\n|inactive|KrazyKrookodile13 has 20 seconds left.\n|inactive|KrazyKrookodile13 has 15 seconds left.\n|\n|t:|1769132193\n|move|p2a: Audino|Protect|p2a: Audino\n|-singleturn|p2a: Audino|Protect\n|move|p1a: Tapu Lele|Nature's Madness|p2a: Audino\n|-activate|p2a: Audino|move: Protect\n|\n|-heal|p2a: Audino|261/339|[from] move: Wish|[wisher] Audino\n|-damage|p1a: Tapu Lele|79/234 tox|[from] psn\n|upkeep\n|turn|18\n|inactive|KrazyKrookodile13 has 25 seconds left this turn.\n|inactive|KrazyKrookodile13 has 20 seconds left.\n|\n|t:|1769132199\n|move|p1a: Tapu Lele|Psychic|p2a: Audino\n|-damage|p2a: Audino|147/339\n|move|p2a: Audino|Wish|p2a: Audino\n|\n|-damage|p1a: Tapu Lele|37/234 tox|[from] psn\n|upkeep\n|turn|19\n|inactive|KrazyKrookodile13 has 30 seconds left this turn.\n|\n|t:|1769132203\n|move|p2a: Audino|Protect|p2a: Audino\n|-singleturn|p2a: Audino|Protect\n|move|p1a: Tapu Lele|Psychic|p2a: Audino\n|-activate|p2a: Audino|move: Protect\n|\n|-heal|p2a: Audino|316/339|[from] move: Wish|[wisher] Audino\n|-damage|p1a: Tapu Lele|0 fnt|[from] psn\n|faint|p1a: Tapu Lele\n|upkeep\n|inactive|KrazyKrookodile13 has 30 seconds left.\n|inactive|KrazyKrookodile13 has 20 seconds left.\n|\n|t:|1769132219\n|switch|p1a: Gumshoos|Gumshoos, L94, F|176/318\n|-damage|p1a: Gumshoos|137/318|[from] Stealth Rock\n|turn|20\n|inactive|KrazyKrookodile13 has 30 seconds left this turn.\n|\n|t:|1769132235\n|move|p2a: Audino|Dazzling Gleam|p1a: Gumshoos\n|-damage|p1a: Gumshoos|43/318\n|move|p1a: Gumshoos|Return|p2a: Audino\n|-damage|p2a: Audino|171/339\n|\n|-fieldend|move: Psychic Terrain\n|upkeep\n|turn|21\n|inactive|KrazyKrookodile13 has 30 seconds left.\n|\n|t:|1769132246\n|move|p2a: Audino|Dazzling Gleam|p1a: Gumshoos\n|-damage|p1a: Gumshoos|0 fnt\n|faint|p1a: Gumshoos\n|\n|upkeep\n|inactive|KrazyKrookodile13 has 30 seconds left.\n|\n|t:|1769132260\n|switch|p1a: Beheeyem|Beheeyem, L93, M|261/290\n|-damage|p1a: Beheeyem|225/290|[from] Stealth Rock\n|turn|22\n|\n|t:|1769132265\n|move|p2a: Audino|Wish|p2a: Audino\n|move|p1a: Beheeyem|Psychic|p2a: Audino\n|-damage|p2a: Audino|0 fnt\n|faint|p2a: Audino\n|detailschange|p2: Audino|Audino, L92, M|[silent]\n|-damage|p1a: Beheeyem|196/290|[from] item: Life Orb\n|\n|upkeep\n|inactive|plop in my pants has 120 seconds left.\n|\n|t:|1769132297\n|switch|p2a: Zebstrika|Zebstrika, L88, F|275/275\n|-damage|p2a: Zebstrika|241/275|[from] Stealth Rock\n|turn|23\n|\n|t:|1769132308\n|move|p2a: Zebstrika|Wild Charge|p1a: Beheeyem\n|-damage|p1a: Beheeyem|94/290\n|-damage|p2a: Zebstrika|215/275|[from] Recoil\n|move|p1a: Beheeyem|Psychic|p2a: Zebstrika\n|-damage|p2a: Zebstrika|0 fnt\n|faint|p2a: Zebstrika\n|-damage|p1a: Beheeyem|65/290|[from] item: Life Orb\n|\n|upkeep\n|\n|t:|1769132312\n|switch|p2a: Terrakion|Terrakion, L78|254/270\n|-damage|p2a: Terrakion|238/270|[from] Stealth Rock\n|turn|24\n|\n|t:|1769132326\n|move|p2a: Terrakion|Earthquake|p1a: Beheeyem\n|-damage|p1a: Beheeyem|0 fnt\n|faint|p1a: Beheeyem\n|-damage|p2a: Terrakion|211/270|[from] item: Life Orb\n|\n|upkeep\n|\n|t:|1769132331\n|switch|p1a: Lilligant|Lilligant, L87, F|264/264\n|-damage|p1a: Lilligant|231/264|[from] Stealth Rock\n|turn|25\n|\n|t:|1769132347\n|move|p2a: Terrakion|Stone Edge|p1a: Lilligant\n|-damage|p1a: Lilligant|58/264\n|-damage|p2a: Terrakion|184/270|[from] item: Life Orb\n|move|p1a: Lilligant|Sleep Powder|p2a: Terrakion|[miss]\n|-miss|p1a: Lilligant|p2a: Terrakion\n|\n|upkeep\n|turn|26\n|\n|t:|1769132352\n|move|p2a: Terrakion|Close Combat|p1a: Lilligant\n|-crit|p1a: Lilligant\n|-damage|p1a: Lilligant|0 fnt\n|-unboost|p2a: Terrakion|def|1\n|-unboost|p2a: Terrakion|spd|1\n|faint|p1a: Lilligant\n|-damage|p2a: Terrakion|157/270|[from] item: Life Orb\n|\n|upkeep\n|\n|t:|1769132355\n|switch|p1a: Cinccino|Cinccino, L84, M|263/263\n|-damage|p1a: Cinccino|231/263|[from] Stealth Rock\n|turn|27\n|\n|t:|1769132372\n|switch|p2a: Moltres|Moltres, L82|281/281\n|-damage|p2a: Moltres|141/281|[from] Stealth Rock\n|move|p1a: Cinccino|Tail Slap|p2a: Moltres\n|-damage|p2a: Moltres|98/281\n|-damage|p2a: Moltres|58/281\n|-damage|p2a: Moltres|16/281\n|-status|p1a: Cinccino|brn|[from] ability: Flame Body|[of] p2a: Moltres\n|-damage|p2a: Moltres|0 fnt\n|faint|p2a: Moltres\n|-hitcount|p2: Moltres|4\n|\n|-damage|p1a: Cinccino|215/263 brn|[from] brn\n|upkeep\n|\n|t:|1769132374\n|switch|p2a: Terrakion|Terrakion, L78|157/270\n|-damage|p2a: Terrakion|141/270|[from] Stealth Rock\n|turn|28\n|\n|t:|1769132385\n|move|p1a: Cinccino|Tail Slap|p2a: Terrakion\n|-resisted|p2a: Terrakion\n|-damage|p2a: Terrakion|132/270\n|-resisted|p2a: Terrakion\n|-damage|p2a: Terrakion|122/270\n|-resisted|p2a: Terrakion\n|-damage|p2a: Terrakion|111/270\n|-resisted|p2a: Terrakion\n|-crit|p2a: Terrakion\n|-damage|p2a: Terrakion|95/270\n|-resisted|p2a: Terrakion\n|-damage|p2a: Terrakion|84/270\n|-hitcount|p2a: Terrakion|5\n|move|p2a: Terrakion|Close Combat|p1a: Cinccino\n|-supereffective|p1a: Cinccino\n|-damage|p1a: Cinccino|0 fnt\n|-unboost|p2a: Terrakion|def|1\n|-unboost|p2a: Terrakion|spd|1\n|faint|p1a: Cinccino\n|-damage|p2a: Terrakion|57/270|[from] item: Life Orb\n|\n|win|plop in my pants\n|raw|KrazyKrookodile13's rating: 1507 &rarr; <strong>1501</strong><br />(-6 for losing)\n|raw|plop in my pants's rating: 1796 &rarr; <strong>1802</strong><br />(+6 for winning)\n", "inputlog": ">version dd3d52b8382d73d1dd2c67730c4067df325ab790\n>start {\"formatid\":\"gen7randombattle\",\"seed\":\"sodium,818acc4265702859e3fc0037bfa133f2\",\"rated\":\"Rated battle\"}\n>player p1 {\"name\":\"KrazyKrookodile13\",\"avatar\":\"roughneck\",\"rating\":1507,\"seed\":\"sodium,a5c60a00f85305bdeead16d39b4d57ef\"}\n>player p2 {\"name\":\"plop in my pants\",\"avatar\":\"teamrocket\",\"rating\":1796,\"seed\":\"sodium,0f70bc88b8a33e86edb72680ae69c40d\"}\n>p1 move stealthrock\n>p2 move dracometeor\n>p1 move knockoff\n>p2 move dracometeor\n>p1 switch 3\n>p1 move naturesmadness\n>p2 switch 5\n>p2 switch 6\n>p1 move naturesmadness\n>p2 move toxic\n>p1 move focusblast\n>p2 move protect\n>p1 move focusblast\n>p2 move wish mega\n>p1 switch 2\n>p2 move protect\n>p1 move return\n>p2 move protect\n>p1 move return\n>p2 switch 5\n>p2 switch 3\n>p1 switch 4\n>p2 move stealthrock\n>p1 move trickroom\n>p2 switch 5\n>p1 move psychic\n>p2 move wish\n>p1 switch 4\n>p2 move protect\n>p1 move return\n>p2 move protect\n>p1 move return\n>p2 move dazzlinggleam\n>p1 switch 2\n>p2 move wish\n>p1 move naturesmadness\n>p2 move protect\n>p1 move psychic\n>p2 move wish\n>p1 move psychic\n>p2 move protect\n>p1 switch 2\n>p1 move return\n>p2 move dazzlinggleam\n>p1 move return\n>p2 move dazzlinggleam\n>p1 switch 4\n>p1 move psychic\n>p2 move wish\n>p2 switch 2\n>p1 move psychic\n>p2 move wildcharge\n>p2 switch 5\n>p1 move recover\n>p2 move earthquake\n>p1 switch 6\n>p1 move sleeppowder\n>p2 move stoneedge\n>p1 move petaldance\n>p2 move closecombat\n>p1 switch 5\n>p1 move tailslap\n>p2 switch 4\n>p2 switch 4\n>p1 move tailslap\n>p2 move closecombat", "uploadtime": 1769132388, "views": 161, "formatid": "gen7randombattle", "rating": 1501, "private": 0, "password": null}