{"id": "gen7randombattle-2533527174", "format": "[Gen 7] Random Battle", "players": ["Santino696969", "metalmilitia90"], "log": "|j|☆Santino696969\n|j|‽metalmilitia90\n|t:|1770313911\n|gametype|singles\n|player|p1|Santino696969|ash-kalos|1550\n|player|p2|metalmilitia90|102|1535\n|gen|7\n|tier|[Gen 7] Random Battle\n|rated|\n|rule|Sleep Clause Mod: Limit one foe put to sleep\n|rule|HP Percentage Mod: HP is shown in percentages\n|rule|Illusion Level Mod: Illusion disguises the Pokémon's true level\n|\n|t:|1770313911\n|teamsize|p1|6\n|teamsize|p2|6\n|start\n|switch|p1a: Crawdaunt|Crawdaunt, L85, M|246/246\n|switch|p2a: Lunala|Lunala, L72|316/316\n|turn|1\n|inactive|Battle timer is ON: inactive players will automatically lose when time's up. (requested by Santino696969)\n|\n|t:|1770313931\n|move|p2a: Lunala|Moonblast|p1a: Crawdaunt\n|-supereffective|p1a: Crawdaunt\n|-damage|p1a: Crawdaunt|60/246\n|move|p1a: Crawdaunt|Knock Off|p2a: Lunala\n|-supereffective|p2a: Lunala\n|-damage|p2a: Lunala|0 fnt\n|-enditem|p2a: Lunala|Leftovers|[from] move: Knock Off|[of] p1a: Crawdaunt\n|faint|p2a: Lunala\n|\n|upkeep\n|\n|t:|1770313945\n|switch|p2a: Metagross|Metagross, L79|256/256\n|turn|2\n|\n|t:|1770313949\n|move|p2a: Metagross|Thunder Punch|p1a: Crawdaunt\n|-supereffective|p1a: Crawdaunt\n|-damage|p1a: Crawdaunt|0 fnt\n|faint|p1a: Crawdaunt\n|\n|upkeep\n|\n|t:|1770313964\n|switch|p1a: Chesnaught|Chesnaught, L89, F|301/301\n|turn|3\n|\n|t:|1770313973\n|switch|p2a: Aegislash|Aegislash, L77, M|219/219\n|move|p1a: Chesnaught|Bulk Up|p1a: Chesnaught\n|-boost|p1a: Chesnaught|atk|1\n|-boost|p1a: Chesnaught|def|1\n|\n|upkeep\n|turn|4\n|\n|t:|1770313987\n|switch|p1a: Rapidash|Rapidash, L87, F|255/255\n|move|p2a: Aegislash|Swords Dance|p2a: Aegislash\n|-boost|p2a: Aegislash|atk|2\n|\n|upkeep\n|turn|5\n|\n|t:|1770313993\n|switch|p2a: Gurdurr|Gurdurr, L87, F|290/290\n|move|p1a: Rapidash|Flare Blitz|p2a: Gurdurr\n|-damage|p2a: Gurdurr|168/290\n|-damage|p1a: Rapidash|215/255|[from] Recoil\n|-damage|p1a: Rapidash|190/255|[from] item: Life Orb\n|\n|upkeep\n|turn|6\n|\n|t:|1770313999\n|move|p1a: Rapidash|Flare Blitz|p2a: Gurdurr\n|-damage|p2a: Gurdurr|39/290\n|-damage|p1a: Rapidash|147/255|[from] Recoil\n|-damage|p1a: Rapidash|122/255|[from] item: Life Orb\n|move|p2a: Gurdurr|Drain Punch|p1a: Rapidash\n|-damage|p1a: Rapidash|17/255\n|-heal|p2a: Gurdurr|92/290|[from] drain|[of] p1a: Rapidash\n|\n|upkeep\n|turn|7\n|\n|t:|1770314010\n|move|p2a: Gurdurr|Mach Punch|p1a: Rapidash\n|-damage|p1a: Rapidash|0 fnt\n|faint|p1a: Rapidash\n|\n|upkeep\n|\n|t:|1770314012\n|switch|p1a: Gourgeist|Gourgeist-Super, L89, F|296/296\n|-item|p2a: Gurdurr|Eviolite|[from] ability: Frisk|[of] p1a: Gourgeist\n|turn|8\n|\n|t:|1770314020\n|move|p1a: Gourgeist|Seed Bomb|p2a: Gurdurr\n|-damage|p2a: Gurdurr|34/290\n|move|p2a: Gurdurr|Knock Off|p1a: Gourgeist\n|-supereffective|p1a: Gourgeist\n|-damage|p1a: Gourgeist|178/296\n|-enditem|p1a: Gourgeist|Leftovers|[from] move: Knock Off|[of] p2a: Gurdurr\n|\n|upkeep\n|turn|9\n|\n|t:|1770314035\n|switch|p2a: Liepard|Liepard, L91, F|264/264\n|move|p1a: Gourgeist|Synthesis|p1a: Gourgeist\n|-heal|p1a: Gourgeist|296/296\n|\n|upkeep\n|turn|10\n|\n|t:|1770314044\n|move|p2a: Liepard|Knock Off|p1a: Gourgeist\n|-supereffective|p1a: Gourgeist\n|-damage|p1a: Gourgeist|140/296\n|-damage|p2a: Liepard|238/264|[from] item: Life Orb\n|move|p1a: Gourgeist|Will-O-Wisp|p2a: Liepard\n|-status|p2a: Liepard|brn\n|\n|-damage|p2a: Liepard|222/264 brn|[from] brn\n|upkeep\n|turn|11\n|\n|t:|1770314058\n|switch|p2a: Metagross|Metagross, L79|256/256\n|move|p1a: Gourgeist|Seed Bomb|p2a: Metagross\n|-resisted|p2a: Metagross\n|-crit|p2a: Metagross\n|-damage|p2a: Metagross|196/256\n|\n|upkeep\n|turn|12\n|\n|t:|1770314066\n|move|p2a: Metagross|Meteor Mash|p1a: Gourgeist\n|-damage|p1a: Gourgeist|61/296\n|move|p1a: Gourgeist|Will-O-Wisp|p2a: Metagross\n|-status|p2a: Metagross|brn\n|\n|-damage|p2a: Metagross|180/256 brn|[from] brn\n|upkeep\n|turn|13\n|\n|t:|1770314073\n|move|p2a: Metagross|Meteor Mash|p1a: Gourgeist\n|-damage|p1a: Gourgeist|23/296\n|-boost|p2a: Metagross|atk|1\n|move|p1a: Gourgeist|Synthesis|p1a: Gourgeist\n|-heal|p1a: Gourgeist|171/296\n|\n|-damage|p2a: Metagross|164/256 brn|[from] brn\n|upkeep\n|turn|14\n|\n|t:|1770314081\n|move|p1a: Gourgeist|Shadow Sneak|p2a: Metagross\n|-supereffective|p2a: Metagross\n|-damage|p2a: Metagross|84/256 brn\n|move|p2a: Metagross|Meteor Mash|p1a: Gourgeist\n|-crit|p1a: Gourgeist\n|-damage|p1a: Gourgeist|82/296\n|\n|-damage|p2a: Metagross|68/256 brn|[from] brn\n|upkeep\n|turn|15\n|\n|t:|1770314091\n|move|p2a: Metagross|Meteor Mash|p1a: Gourgeist\n|-damage|p1a: Gourgeist|22/296\n|move|p1a: Gourgeist|Synthesis|p1a: Gourgeist\n|-heal|p1a: Gourgeist|170/296\n|\n|-damage|p2a: Metagross|52/256 brn|[from] brn\n|upkeep\n|turn|16\n|\n|t:|1770314104\n|move|p2a: Metagross|Meteor Mash|p1a: Gourgeist\n|-crit|p1a: Gourgeist\n|-damage|p1a: Gourgeist|73/296\n|-boost|p2a: Metagross|atk|1\n|move|p1a: Gourgeist|Synthesis|p1a: Gourgeist\n|-heal|p1a: Gourgeist|221/296\n|\n|-damage|p2a: Metagross|36/256 brn|[from] brn\n|upkeep\n|turn|17\n|\n|t:|1770314106\n|move|p1a: Gourgeist|Shadow Sneak|p2a: Metagross\n|-supereffective|p2a: Metagross\n|-damage|p2a: Metagross|0 fnt\n|faint|p2a: Metagross\n|\n|upkeep\n|\n|t:|1770314116\n|switch|p2a: Aegislash|Aegislash, L77, M|219/219\n|turn|18\n|inactive|Santino696969 has 120 seconds left.\n|l|☆Santino696969\n|inactive|Santino696969 disconnected and has a minute to reconnect!\n|player|p1|\n|j|☆Santino696969\n|inactive|Santino696969 reconnected and has 100 seconds left.\n|player|p1|Santino696969|ash-kalos|\n|inactive|Santino696969 has 90 seconds left.\n|\n|t:|1770314179\n|-formechange|p2a: Aegislash|Aegislash-Blade||[from] ability: Stance Change\n|move|p2a: Aegislash|Shadow Sneak|p1a: Gourgeist\n|-supereffective|p1a: Gourgeist\n|-damage|p1a: Gourgeist|127/296\n|-damage|p2a: Aegislash|198/219|[from] item: Life Orb\n|move|p1a: Gourgeist|Will-O-Wisp|p2a: Aegislash\n|-status|p2a: Aegislash|brn\n|\n|-damage|p2a: Aegislash|185/219 brn|[from] brn\n|upkeep\n|turn|19\n|inactive|Santino696969 has 90 seconds left.\n|\n|t:|1770314196\n|move|p1a: Gourgeist|Synthesis|p1a: Gourgeist\n|-heal|p1a: Gourgeist|275/296\n|move|p2a: Aegislash|Swords Dance|p2a: Aegislash\n|-boost|p2a: Aegislash|atk|2\n|\n|-damage|p2a: Aegislash|172/219 brn|[from] brn\n|upkeep\n|turn|20\n|\n|t:|1770314206\n|move|p1a: Gourgeist|Shadow Sneak|p2a: Aegislash\n|-supereffective|p2a: Aegislash\n|-damage|p2a: Aegislash|8/219 brn\n|move|p2a: Aegislash|Swords Dance|p2a: Aegislash\n|-boost|p2a: Aegislash|atk|2\n|\n|-damage|p2a: Aegislash|0 fnt|[from] brn\n|faint|p2a: Aegislash\n|upkeep\n|\n|t:|1770314218\n|switch|p2a: Liepard|Liepard, L91, F|222/264 brn\n|turn|21\n|\n|t:|1770314225\n|switch|p1a: Chesnaught|Chesnaught, L89, F|301/301\n|move|p2a: Liepard|Thunder Wave|p1a: Chesnaught\n|-status|p1a: Chesnaught|par\n|\n|-damage|p2a: Liepard|206/264 brn|[from] brn\n|upkeep\n|turn|22\n|\n|t:|1770314229\n|move|p2a: Liepard|Gunk Shot|p1a: Chesnaught|[miss]\n|-miss|p2a: Liepard|p1a: Chesnaught\n|cant|p1a: Chesnaught|par\n|\n|-damage|p2a: Liepard|190/264 brn|[from] brn\n|upkeep\n|turn|23\n|\n|t:|1770314231\n|move|p2a: Liepard|Gunk Shot|p1a: Chesnaught\n|-supereffective|p1a: Chesnaught\n|-damage|p1a: Chesnaught|214/301 par\n|-damage|p2a: Liepard|164/264 brn|[from] item: Life Orb\n|move|p1a: Chesnaught|Drain Punch|p2a: Liepard\n|-supereffective|p2a: Liepard\n|-damage|p2a: Liepard|0 fnt\n|-heal|p1a: Chesnaught|296/301 par|[from] drain|[of] p2a: Liepard\n|faint|p2a: Liepard\n|\n|-heal|p1a: Chesnaught|301/301 par|[from] item: Leftovers\n|upkeep\n|\n|t:|1770314236\n|switch|p2a: Altaria|Altaria, L79, F|248/248\n|turn|24\n|\n|t:|1770314243\n|switch|p1a: Gourgeist|Gourgeist-Super, L89, F|275/296\n|-item|p2a: Altaria|Altarianite|[from] ability: Frisk|[of] p1a: Gourgeist\n|detailschange|p2a: Altaria|Altaria-Mega, L79, F\n|-mega|p2a: Altaria|Altaria|Altarianite\n|move|p2a: Altaria|Dragon Dance|p2a: Altaria\n|-boost|p2a: Altaria|atk|1\n|-boost|p2a: Altaria|spe|1\n|\n|upkeep\n|turn|25\n|\n|t:|1770314246\n|move|p2a: Altaria|Return|p1a: Gourgeist\n|-damage|p1a: Gourgeist|137/296\n|move|p1a: Gourgeist|Will-O-Wisp|p2a: Altaria\n|-status|p2a: Altaria|brn\n|\n|-damage|p2a: Altaria|233/248 brn|[from] brn\n|upkeep\n|turn|26\n|\n|t:|1770314273\n|move|p1a: Gourgeist|Shadow Sneak|p2a: Altaria\n|-damage|p2a: Altaria|190/248 brn\n|move|p2a: Altaria|Dragon Dance|p2a: Altaria\n|-boost|p2a: Altaria|atk|1\n|-boost|p2a: Altaria|spe|1\n|\n|-damage|p2a: Altaria|175/248 brn|[from] brn\n|upkeep\n|turn|27\n|\n|t:|1770314286\n|move|p1a: Gourgeist|Shadow Sneak|p2a: Altaria\n|-damage|p2a: Altaria|135/248 brn\n|move|p2a: Altaria|Dragon Dance|p2a: Altaria\n|-boost|p2a: Altaria|atk|1\n|-boost|p2a: Altaria|spe|1\n|\n|-damage|p2a: Altaria|120/248 brn|[from] brn\n|upkeep\n|turn|28\n|\n|t:|1770314299\n|switch|p1a: Chesnaught|Chesnaught, L89, F|301/301 par\n|move|p2a: Altaria|Roost|p2a: Altaria\n|-heal|p2a: Altaria|244/248 brn\n|-singleturn|p2a: Altaria|move: Roost\n|\n|-damage|p2a: Altaria|229/248 brn|[from] brn\n|upkeep\n|turn|29\n|\n|t:|1770314303\n|move|p2a: Altaria|Dragon Dance|p2a: Altaria\n|-boost|p2a: Altaria|atk|1\n|-boost|p2a: Altaria|spe|1\n|move|p1a: Chesnaught|Bulk Up|p1a: Chesnaught\n|-boost|p1a: Chesnaught|atk|1\n|-boost|p1a: Chesnaught|def|1\n|\n|-damage|p2a: Altaria|214/248 brn|[from] brn\n|upkeep\n|turn|30\n|\n|t:|1770314313\n|move|p2a: Altaria|Return|p1a: Chesnaught\n|-supereffective|p1a: Chesnaught\n|-damage|p1a: Chesnaught|114/301 par\n|move|p1a: Chesnaught|Bulk Up|p1a: Chesnaught\n|-boost|p1a: Chesnaught|atk|1\n|-boost|p1a: Chesnaught|def|1\n|\n|-heal|p1a: Chesnaught|132/301 par|[from] item: Leftovers\n|-damage|p2a: Altaria|199/248 brn|[from] brn\n|upkeep\n|turn|31\n|\n|t:|1770314328\n|move|p2a: Altaria|Return|p1a: Chesnaught\n|-supereffective|p1a: Chesnaught\n|-damage|p1a: Chesnaught|0 fnt\n|faint|p1a: Chesnaught\n|\n|-damage|p2a: Altaria|184/248 brn|[from] brn\n|upkeep\n|\n|t:|1770314341\n|switch|p1a: Tornadus|Tornadus, L82, M|263/263\n|turn|32\n|\n|t:|1770314350\n|move|p2a: Altaria|Return|p1a: Tornadus\n|-damage|p1a: Tornadus|50/263\n|move|p1a: Tornadus|Acrobatics|p2a: Altaria\n|-damage|p2a: Altaria|64/248 brn\n|\n|-damage|p2a: Altaria|49/248 brn|[from] brn\n|upkeep\n|turn|33\n|\n|t:|1770314362\n|move|p2a: Altaria|Return|p1a: Tornadus\n|-damage|p1a: Tornadus|0 fnt\n|faint|p1a: Tornadus\n|\n|-damage|p2a: Altaria|34/248 brn|[from] brn\n|upkeep\n|\n|t:|1770314364\n|switch|p1a: Gourgeist|Gourgeist-Super, L89, F|137/296\n|-item|p2a: Altaria|Altarianite|[from] ability: Frisk|[of] p1a: Gourgeist\n|turn|34\n|\n|t:|1770314367\n|move|p1a: Gourgeist|Shadow Sneak|p2a: Altaria\n|-damage|p2a: Altaria|0 fnt\n|faint|p2a: Altaria\n|detailschange|p2: Altaria|Altaria, L79, F|[silent]\n|\n|upkeep\n|\n|t:|1770314368\n|switch|p2a: Gurdurr|Gurdurr, L87, F|34/290\n|turn|35\n|l|‽metalmilitia90\n|inactive|metalmilitia90 disconnected and has a minute to reconnect!\n|player|p2|\n|\n|t:|1770314383\n|move|p1a: Gourgeist|Seed Bomb|p2a: Gurdurr\n|-damage|p2a: Gurdurr|0 fnt\n|faint|p2a: Gurdurr\n|\n|win|Santino696969\n|raw|Santino696969's rating: 1550 &rarr; <strong>1569</strong><br />(+19 for winning)\n|raw|metalmilitia90's rating: 1535 &rarr; <strong>1516</strong><br />(-19 for losing)\n", "inputlog": ">version ccdc32dd7cde25fd9e4bed64820e885f66e78a4e\n>start {\"formatid\":\"gen7randombattle\",\"seed\":\"sodium,2ae3acdb438a37d0dbd2691e6bfacb9c\",\"rated\":\"Rated battle\"}\n>player p1 {\"name\":\"Santino696969\",\"avatar\":\"ash-kalos\",\"rating\":1550,\"seed\":\"sodium,e503ace47a65619ecf7a8022da015025\"}\n>player p2 {\"name\":\"metalmilitia90\",\"avatar\":\"102\",\"rating\":1535,\"seed\":\"sodium,d0e8a6ee1ec0577b3d93e2bc884390d0\"}\n>p1 move knockoff\n>p2 move moonblast\n>p2 switch 3\n>p1 move knockoff\n>p2 move thunderpunch\n>p1 switch 3\n>p1 move bulkup\n>p2 switch 2\n>p1 switch 4\n>p2 move swordsdance\n>p1 move flareblitz\n>p2 switch 4\n>p1 move flareblitz\n>p2 move drainpunch\n>p1 move morningsun\n>p2 move machpunch\n>p1 switch 6\n>p1 move seedbomb\n>p2 move knockoff\n>p1 move synthesis\n>p2 switch 6\n>p1 move willowisp\n>p2 move knockoff\n>p1 move seedbomb\n>p2 switch 2\n>p1 move willowisp\n>p2 move meteormash\n>p1 move synthesis\n>p2 move meteormash\n>p1 move shadowsneak\n>p2 move meteormash\n>p1 move synthesis\n>p2 move meteormash\n>p1 move synthesis\n>p2 move meteormash\n>p1 move shadowsneak\n>p2 move meteormash\n>p2 switch 4\n>p1 move willowisp\n>p2 move shadowsneak\n>p1 move synthesis\n>p2 move swordsdance\n>p1 move shadowsneak\n>p2 move swordsdance\n>p2 switch 2\n>p1 switch 4\n>p2 move thunderwave\n>p1 move drainpunch\n>p2 move gunkshot\n>p1 move drainpunch\n>p2 move gunkshot\n>p2 switch 5\n>p1 switch 4\n>p2 move dragondance mega\n>p1 move willowisp\n>p2 move return\n>p1 move shadowsneak\n>p2 move dragondance\n>p1 move shadowsneak\n>p2 move dragondance\n>p1 switch 4\n>p2 move roost\n>p1 move bulkup\n>p2 move dragondance\n>p1 move bulkup\n>p2 move return\n>p1 move bulkup\n>p2 move return\n>p1 switch 5\n>p1 move acrobatics\n>p2 move return\n>p1 move acrobatics\n>p2 move return\n>p1 switch 4\n>p1 move shadowsneak\n>p2 move roost\n>p2 switch 6\n>p1 move seedbomb\n>p2 move drainpunch", "uploadtime": 1770314392, "views": 162, "formatid": "gen7randombattle", "rating": 1516, "private": 0, "password": null}