{"id": "gen7randombattle-2524446662", "format": "[Gen 7] Random Battle", "players": ["may/gen3", "benyak13"], "log": "|j|☆may/gen3\n|j|☆benyak13\n|t:|1769149006\n|gametype|singles\n|player|p1|may/gen3|may|1722\n|player|p2|benyak13|n|1652\n|gen|7\n|tier|[Gen 7] Random Battle\n|rated|\n|rule|Sleep Clause Mod: Limit one foe put to sleep\n|rule|HP Percentage Mod: HP is shown in percentages\n|rule|Illusion Level Mod: Illusion disguises the Pokémon's true level\n|\n|t:|1769149006\n|teamsize|p1|6\n|teamsize|p2|6\n|start\n|switch|p1a: Gumshoos|Gumshoos, L94, F|318/318\n|switch|p2a: Kricketune|Kricketune, L97, M|306/306\n|turn|1\n|inactive|Battle timer is ON: inactive players will automatically lose when time's up. (requested by benyak13)\n|\n|t:|1769149013\n|move|p2a: Kricketune|Sticky Web|p1a: Gumshoos\n|-sidestart|p1: may/gen3|move: Sticky Web\n|move|p1a: Gumshoos|Return|p2a: Kricketune\n|-enditem|p2a: Kricketune|Focus Sash\n|-damage|p2a: Kricketune|1/306\n|\n|upkeep\n|turn|2\n|\n|t:|1769149019\n|switch|p1a: Florges|Florges-Blue, L85, F|271/271\n|-activate|p1a: Florges|move: Sticky Web\n|-unboost|p1a: Florges|spe|1\n|move|p2a: Kricketune|Knock Off|p1a: Florges\n|-resisted|p1a: Florges\n|-damage|p1a: Florges|220/271\n|-enditem|p1a: Florges|Leftovers|[from] move: Knock Off|[of] p2a: Kricketune\n|\n|upkeep\n|turn|3\n|\n|t:|1769149025\n|move|p2a: Kricketune|Taunt|p1a: Florges\n|-start|p1a: Florges|move: Taunt\n|move|p1a: Florges|Moonblast|p2a: Kricketune\n|-damage|p2a: Kricketune|0 fnt\n|faint|p2a: Kricketune\n|\n|upkeep\n|\n|t:|1769149041\n|switch|p2a: Kabutops|Kabutops, L87, F|246/246\n|turn|4\n|\n|t:|1769149048\n|move|p2a: Kabutops|Liquidation|p1a: Florges\n|-damage|p1a: Florges|85/271\n|move|p1a: Florges|Moonblast|p2a: Kabutops\n|-damage|p2a: Kabutops|149/246\n|-unboost|p2a: Kabutops|spa|1\n|\n|upkeep\n|turn|5\n|\n|t:|1769149075\n|switch|p1a: Celebi|Celebi, L82|298/298\n|-activate|p1a: Celebi|move: Sticky Web\n|-unboost|p1a: Celebi|spe|1\n|move|p2a: Kabutops|Liquidation|p1a: Celebi\n|-resisted|p1a: Celebi\n|-damage|p1a: Celebi|247/298\n|\n|-heal|p1a: Celebi|265/298|[from] item: Leftovers\n|upkeep\n|turn|6\n|\n|t:|1769149084\n|switch|p2a: Pyroar|Pyroar, L88, M|294/294\n|-ability|p2a: Pyroar|Unnerve\n|move|p1a: Celebi|Psychic|p2a: Pyroar\n|-damage|p2a: Pyroar|188/294\n|\n|-heal|p1a: Celebi|283/298|[from] item: Leftovers\n|upkeep\n|turn|7\n|\n|t:|1769149088\n|switch|p1a: Florges|Florges-Blue, L85, F|85/271\n|-activate|p1a: Florges|move: Sticky Web\n|-unboost|p1a: Florges|spe|1\n|move|p2a: Pyroar|Fire Blast|p1a: Florges\n|-damage|p1a: Florges|0 fnt\n|faint|p1a: Florges\n|-damage|p2a: Pyroar|159/294|[from] item: Life Orb\n|\n|upkeep\n|\n|t:|1769149096\n|switch|p1a: Furret|Furret, L94, M|312/312\n|-activate|p1a: Furret|move: Sticky Web\n|-unboost|p1a: Furret|spe|1\n|-item|p2a: Pyroar|Life Orb|[from] ability: Frisk|[of] p1a: Furret\n|turn|8\n|inactive|benyak13 has 120 seconds left.\n|\n|t:|1769149128\n|move|p2a: Pyroar|Will-O-Wisp|p1a: Furret\n|-status|p1a: Furret|brn\n|move|p1a: Furret|Double-Edge|p2a: Pyroar\n|-damage|p2a: Pyroar|51/294\n|-damage|p1a: Furret|276/312 brn|[from] Recoil\n|\n|-damage|p1a: Furret|257/312 brn|[from] brn\n|upkeep\n|turn|9\n|inactive|benyak13 has 120 seconds left.\n|\n|t:|1769149139\n|move|p2a: Pyroar|Hyper Voice|p1a: Furret\n|-damage|p1a: Furret|58/312 brn\n|-damage|p2a: Pyroar|22/294|[from] item: Life Orb\n|move|p1a: Furret|Double-Edge|p2a: Pyroar\n|-damage|p2a: Pyroar|0 fnt\n|faint|p2a: Pyroar\n|-damage|p1a: Furret|51/312 brn|[from] Recoil\n|\n|-damage|p1a: Furret|32/312 brn|[from] brn\n|upkeep\n|inactive|benyak13 has 120 seconds left.\n|\n|t:|1769149157\n|switch|p2a: Kabutops|Kabutops, L87, F|149/246\n|turn|10\n|\n|t:|1769149161\n|move|p2a: Kabutops|Liquidation|p1a: Furret\n|-damage|p1a: Furret|0 fnt\n|faint|p1a: Furret\n|\n|upkeep\n|\n|t:|1769149163\n|switch|p1a: Celebi|Celebi, L82|283/298\n|-activate|p1a: Celebi|move: Sticky Web\n|-unboost|p1a: Celebi|spe|1\n|turn|11\n|\n|t:|1769149168\n|switch|p2a: Fearow|Fearow, L88, M|258/258\n|move|p1a: Celebi|U-turn|p2a: Fearow\n|-resisted|p2a: Fearow\n|-damage|p2a: Fearow|230/258\n|\n|t:|1769149171\n|switch|p1a: Bronzong|Bronzong, L86|255/255|[from] U-turn\n|\n|upkeep\n|turn|12\n|\n|t:|1769149175\n|move|p2a: Fearow|U-turn|p1a: Bronzong\n|-damage|p1a: Bronzong|195/255\n|\n|t:|1769149181\n|switch|p2a: Kabutops|Kabutops, L87, F|149/246|[from] U-turn\n|move|p1a: Bronzong|Toxic|p2a: Kabutops\n|-status|p2a: Kabutops|tox\n|\n|-heal|p1a: Bronzong|210/255|[from] item: Leftovers\n|-damage|p2a: Kabutops|134/246 tox|[from] psn\n|upkeep\n|turn|13\n|\n|t:|1769149188\n|move|p2a: Kabutops|Liquidation|p1a: Bronzong\n|-damage|p1a: Bronzong|120/255\n|move|p1a: Bronzong|Iron Head|p2a: Kabutops\n|-damage|p2a: Kabutops|64/246 tox\n|\n|-heal|p1a: Bronzong|135/255|[from] item: Leftovers\n|-damage|p2a: Kabutops|34/246 tox|[from] psn\n|upkeep\n|turn|14\n|\n|t:|1769149191\n|move|p1a: Bronzong|Protect|p1a: Bronzong\n|-singleturn|p1a: Bronzong|Protect\n|move|p2a: Kabutops|Knock Off|p1a: Bronzong\n|-activate|p1a: Bronzong|move: Protect\n|\n|-heal|p1a: Bronzong|150/255|[from] item: Leftovers\n|-damage|p2a: Kabutops|0 fnt|[from] psn\n|faint|p2a: Kabutops\n|upkeep\n|\n|t:|1769149194\n|switch|p2a: Palkia|Palkia, L75|259/259\n|-ability|p2a: Palkia|Pressure\n|turn|15\n|\n|t:|1769149199\n|move|p2a: Palkia|Fire Blast|p1a: Bronzong\n|-supereffective|p1a: Bronzong\n|-damage|p1a: Bronzong|2/255\n|move|p1a: Bronzong|Toxic|p2a: Palkia\n|-status|p2a: Palkia|tox\n|\n|-heal|p1a: Bronzong|17/255|[from] item: Leftovers\n|-damage|p2a: Palkia|243/259 tox|[from] psn\n|upkeep\n|turn|16\n|\n|t:|1769149205\n|switch|p2a: Fearow|Fearow, L88, M|230/258\n|move|p1a: Bronzong|Protect||[still]\n|-fail|p1a: Bronzong\n|\n|-heal|p1a: Bronzong|32/255|[from] item: Leftovers\n|upkeep\n|turn|17\n|\n|t:|1769149213\n|move|p2a: Fearow|Return|p1a: Bronzong\n|-resisted|p1a: Bronzong\n|-damage|p1a: Bronzong|0 fnt\n|faint|p1a: Bronzong\n|\n|upkeep\n|\n|t:|1769149223\n|switch|p1a: Cloyster|Cloyster, L80, F|211/211\n|-activate|p1a: Cloyster|move: Sticky Web\n|-unboost|p1a: Cloyster|spe|1\n|-enditem|p1a: Cloyster|White Herb\n|-clearnegativeboost|p1a: Cloyster|[silent]\n|turn|18\n|\n|t:|1769149231\n|move|p2a: Fearow|Return|p1a: Cloyster\n|-damage|p1a: Cloyster|114/211\n|move|p1a: Cloyster|Shell Smash|p1a: Cloyster\n|-unboost|p1a: Cloyster|def|1\n|-unboost|p1a: Cloyster|spd|1\n|-boost|p1a: Cloyster|atk|2\n|-boost|p1a: Cloyster|spa|2\n|-boost|p1a: Cloyster|spe|2\n|\n|upkeep\n|turn|19\n|\n|t:|1769149235\n|move|p1a: Cloyster|Icicle Spear|p2a: Fearow\n|-supereffective|p2a: Fearow\n|-damage|p2a: Fearow|120/258\n|-supereffective|p2a: Fearow\n|-damage|p2a: Fearow|10/258\n|-supereffective|p2a: Fearow\n|-damage|p2a: Fearow|0 fnt\n|faint|p2a: Fearow\n|-hitcount|p2: Fearow|3\n|\n|upkeep\n|\n|t:|1769149239\n|switch|p2a: Palkia|Palkia, L75|243/259 tox\n|-ability|p2a: Palkia|Pressure\n|turn|20\n|\n|t:|1769149246\n|move|p1a: Cloyster|Icicle Spear|p2a: Palkia\n|-damage|p2a: Palkia|195/259 tox\n|-damage|p2a: Palkia|141/259 tox\n|-damage|p2a: Palkia|90/259 tox\n|-damage|p2a: Palkia|45/259 tox\n|-damage|p2a: Palkia|0 fnt\n|faint|p2a: Palkia\n|-hitcount|p2: Palkia|5\n|\n|upkeep\n|-message|benyak13 forfeited.\n|\n|win|may/gen3\n|raw|may&#x2f;gen3's rating: 1722 &rarr; <strong>1738</strong><br />(+16 for winning)\n|raw|benyak13's rating: 1652 &rarr; <strong>1636</strong><br />(-16 for losing)\n|l|☆benyak13\n|player|p2|\n", "inputlog": ">version dd3d52b8382d73d1dd2c67730c4067df325ab790\n>start {\"formatid\":\"gen7randombattle\",\"seed\":\"sodium,01d09184c257bbf33b82a0fb0d8132ff\",\"rated\":\"Rated battle\"}\n>player p1 {\"name\":\"may/gen3\",\"avatar\":\"may\",\"rating\":1722,\"seed\":\"sodium,18fc005404e9119410b9c0a64a00c87f\"}\n>player p2 {\"name\":\"benyak13\",\"avatar\":\"n\",\"rating\":1652,\"seed\":\"sodium,1697ac2a312089734ea93417cbbb9b8b\"}\n>p1 move return\n>p2 move stickyweb\n>p1 switch 6\n>p2 move knockoff\n>p1 move moonblast\n>p2 move taunt\n>p2 switch 5\n>p1 move moonblast\n>p2 move liquidation\n>p1 switch 5\n>p2 move liquidation\n>p1 move psychic\n>p2 switch 3\n>p1 switch 5\n>p2 move fireblast\n>p1 switch 3\n>p1 move doubleedge\n>p2 move willowisp\n>p1 move doubleedge\n>p2 move hypervoice\n>p2 switch 3\n>p1 move doubleedge\n>p2 move liquidation\n>p1 switch 5\n>p1 move uturn\n>p2 switch 6\n>p1 switch 4\n>p1 move toxic\n>p2 move uturn\n>p2 switch 6\n>p1 move ironhead\n>p2 move liquidation\n>p1 move protect\n>p2 move knockoff\n>p2 switch 4\n>p1 move toxic\n>p2 move fireblast\n>p1 move protect\n>p2 switch 6\n>p1 move toxic\n>p2 move return\n>p1 switch 2\n>p1 move shellsmash\n>p2 move return\n>p1 move iciclespear\n>p2 move return\n>p2 switch 6\n>p1 move iciclespear\n>p2 move dracometeor\n>forcelose p2", "uploadtime": 1769149257, "views": 193, "formatid": "gen7randombattle", "rating": 1636, "private": 0, "password": null}