{"id": "gen7randombattle-2538023706", "format": "[Gen 7] Random Battle", "players": ["CryCh!c", "bin2409"], "log": "|j|☆CryCh!c\n|j|☆bin2409\n|t:|1770879664\n|gametype|singles\n|player|p1|CryCh!c|marley-masters|1769\n|player|p2|bin2409|lucas|1849\n|gen|7\n|tier|[Gen 7] Random Battle\n|rated|\n|rule|Sleep Clause Mod: Limit one foe put to sleep\n|rule|HP Percentage Mod: HP is shown in percentages\n|rule|Illusion Level Mod: Illusion disguises the Pokémon's true level\n|\n|t:|1770879664\n|teamsize|p1|6\n|teamsize|p2|6\n|start\n|switch|p1a: Vivillon|Vivillon-Sun, L85, M|275/275\n|switch|p2a: Stoutland|Stoutland, L86, M|286/286\n|turn|1\n|\n|t:|1770879688\n|switch|p1a: Gigalith|Gigalith, L82, F|274/274\n|-weather|Sandstorm|[from] ability: Sand Stream|[of] p1a: Gigalith\n|move|p2a: Stoutland|Return|p1a: Gigalith\n|-resisted|p1a: Gigalith\n|-damage|p1a: Gigalith|209/274\n|\n|-weather|Sandstorm|[upkeep]\n|-damage|p2a: Stoutland|269/286|[from] Sandstorm\n|-heal|p1a: Gigalith|226/274|[from] item: Leftovers\n|upkeep\n|turn|2\n|\n|t:|1770879709\n|switch|p2a: Carbink|Carbink, L92|241/241\n|move|p1a: Gigalith|Toxic|p2a: Carbink\n|-status|p2a: Carbink|tox\n|\n|-weather|Sandstorm|[upkeep]\n|-heal|p1a: Gigalith|243/274|[from] item: Leftovers\n|-damage|p2a: Carbink|226/241 tox|[from] psn\n|upkeep\n|turn|3\n|\n|t:|1770879718\n|move|p2a: Carbink|Stealth Rock|p1a: Gigalith\n|-sidestart|p1: CryCh!c|move: Stealth Rock\n|move|p1a: Gigalith|Earthquake|p2a: Carbink\n|-supereffective|p2a: Carbink\n|-damage|p2a: Carbink|116/241 tox\n|\n|-weather|Sandstorm|[upkeep]\n|-heal|p1a: Gigalith|260/274|[from] item: Leftovers\n|-damage|p2a: Carbink|86/241 tox|[from] psn\n|upkeep\n|turn|4\n|\n|t:|1770879722\n|move|p2a: Carbink|Reflect|p2a: Carbink\n|-sidestart|p2: bin2409|Reflect\n|move|p1a: Gigalith|Earthquake|p2a: Carbink\n|-supereffective|p2a: Carbink\n|-damage|p2a: Carbink|36/241 tox\n|\n|-weather|Sandstorm|[upkeep]\n|-heal|p1a: Gigalith|274/274|[from] item: Leftovers\n|-damage|p2a: Carbink|0 fnt|[from] psn\n|faint|p2a: Carbink\n|upkeep\n|\n|t:|1770879734\n|switch|p2a: Exeggutor|Exeggutor, L90, F|317/317\n|turn|5\n|\n|t:|1770879751\n|switch|p1a: Gourgeist|Gourgeist, L91, F|266/266\n|-damage|p1a: Gourgeist|233/266|[from] Stealth Rock\n|-item|p2a: Exeggutor|Sitrus Berry|[from] ability: Frisk|[of] p1a: Gourgeist\n|move|p2a: Exeggutor|Sleep Powder|p1a: Gourgeist\n|-immune|p1a: Gourgeist\n|\n|-weather|none\n|-heal|p1a: Gourgeist|249/266|[from] item: Leftovers\n|upkeep\n|turn|6\n|\n|t:|1770879758\n|move|p1a: Gourgeist|Will-O-Wisp|p2a: Exeggutor\n|-status|p2a: Exeggutor|brn\n|move|p2a: Exeggutor|Psychic|p1a: Gourgeist\n|-damage|p1a: Gourgeist|113/266\n|\n|-heal|p1a: Gourgeist|129/266|[from] item: Leftovers\n|-damage|p2a: Exeggutor|298/317 brn|[from] brn\n|upkeep\n|turn|7\n|\n|t:|1770879765\n|move|p1a: Gourgeist|Synthesis|p1a: Gourgeist\n|-heal|p1a: Gourgeist|262/266\n|move|p2a: Exeggutor|Psychic|p1a: Gourgeist\n|-damage|p1a: Gourgeist|109/266\n|\n|-heal|p1a: Gourgeist|125/266|[from] item: Leftovers\n|-damage|p2a: Exeggutor|279/317 brn|[from] brn\n|upkeep\n|turn|8\n|\n|t:|1770879771\n|move|p1a: Gourgeist|Synthesis|p1a: Gourgeist\n|-heal|p1a: Gourgeist|258/266\n|move|p2a: Exeggutor|Psychic|p1a: Gourgeist\n|-damage|p1a: Gourgeist|125/266\n|\n|-heal|p1a: Gourgeist|141/266|[from] item: Leftovers\n|-damage|p2a: Exeggutor|260/317 brn|[from] brn\n|upkeep\n|turn|9\n|\n|t:|1770879775\n|move|p1a: Gourgeist|Synthesis|p1a: Gourgeist\n|-heal|p1a: Gourgeist|266/266\n|move|p2a: Exeggutor|Psychic|p1a: Gourgeist\n|-damage|p1a: Gourgeist|119/266\n|\n|-heal|p1a: Gourgeist|135/266|[from] item: Leftovers\n|-damage|p2a: Exeggutor|241/317 brn|[from] brn\n|upkeep\n|turn|10\n|\n|t:|1770879781\n|move|p1a: Gourgeist|Synthesis|p1a: Gourgeist\n|-heal|p1a: Gourgeist|266/266\n|move|p2a: Exeggutor|Psychic|p1a: Gourgeist\n|-damage|p1a: Gourgeist|131/266\n|\n|-heal|p1a: Gourgeist|147/266|[from] item: Leftovers\n|-damage|p2a: Exeggutor|222/317 brn|[from] brn\n|upkeep\n|turn|11\n|\n|t:|1770879796\n|move|p1a: Gourgeist|Shadow Sneak|p2a: Exeggutor\n|-supereffective|p2a: Exeggutor\n|-damage|p2a: Exeggutor|176/317 brn\n|move|p2a: Exeggutor|Psychic|p1a: Gourgeist\n|-damage|p1a: Gourgeist|3/266\n|\n|-heal|p1a: Gourgeist|19/266|[from] item: Leftovers\n|-damage|p2a: Exeggutor|157/317 brn|[from] brn\n|-sideend|p2: bin2409|Reflect\n|upkeep\n|-enditem|p2a: Exeggutor|Sitrus Berry|[eat]\n|-heal|p2a: Exeggutor|236/317 brn|[from] item: Sitrus Berry\n|turn|12\n|\n|t:|1770879803\n|move|p1a: Gourgeist|Synthesis|p1a: Gourgeist\n|-heal|p1a: Gourgeist|152/266\n|move|p2a: Exeggutor|Psychic|p1a: Gourgeist\n|-damage|p1a: Gourgeist|8/266\n|\n|-heal|p1a: Gourgeist|24/266|[from] item: Leftovers\n|-damage|p2a: Exeggutor|217/317 brn|[from] brn\n|upkeep\n|turn|13\n|\n|t:|1770879810\n|move|p1a: Gourgeist|Shadow Sneak|p2a: Exeggutor\n|-supereffective|p2a: Exeggutor\n|-damage|p2a: Exeggutor|127/317 brn\n|move|p2a: Exeggutor|Psychic|p1a: Gourgeist\n|-damage|p1a: Gourgeist|0 fnt\n|faint|p1a: Gourgeist\n|\n|-damage|p2a: Exeggutor|108/317 brn|[from] brn\n|-item|p2a: Exeggutor|Sitrus Berry|[from] ability: Harvest\n|upkeep\n|-enditem|p2a: Exeggutor|Sitrus Berry|[eat]\n|-heal|p2a: Exeggutor|187/317 brn|[from] item: Sitrus Berry\n|\n|t:|1770879817\n|switch|p1a: Silvally|Silvally-Ghost, L87|307/307\n|-damage|p1a: Silvally|269/307|[from] Stealth Rock\n|turn|14\n|\n|t:|1770879826\n|switch|p2a: Stoutland|Stoutland, L86, M|269/286\n|move|p1a: Silvally|X-Scissor|p2a: Stoutland\n|-damage|p2a: Stoutland|214/286\n|\n|upkeep\n|turn|15\n|\n|t:|1770879838\n|move|p1a: Silvally|Swords Dance|p1a: Silvally\n|-boost|p1a: Silvally|atk|2\n|move|p2a: Stoutland|Superpower|p1a: Silvally\n|-damage|p1a: Silvally|130/307\n|-unboost|p2a: Stoutland|atk|1\n|-unboost|p2a: Stoutland|def|1\n|\n|upkeep\n|turn|16\n|\n|t:|1770879846\n|switch|p2a: Torkoal|Torkoal, L84, F|255/255\n|-weather|SunnyDay|[from] ability: Drought|[of] p2a: Torkoal\n|move|p1a: Silvally|X-Scissor|p2a: Torkoal\n|-resisted|p2a: Torkoal\n|-damage|p2a: Torkoal|211/255\n|\n|-weather|SunnyDay|[upkeep]\n|-heal|p2a: Torkoal|226/255|[from] item: Leftovers\n|upkeep\n|turn|17\n|\n|t:|1770879853\n|move|p1a: Silvally|Multi-Attack|p2a: Torkoal\n|-damage|p2a: Torkoal|78/255\n|move|p2a: Torkoal|Lava Plume|p1a: Silvally\n|-damage|p1a: Silvally|31/307\n|\n|-weather|SunnyDay|[upkeep]\n|-heal|p2a: Torkoal|93/255|[from] item: Leftovers\n|upkeep\n|turn|18\n|\n|t:|1770879862\n|move|p1a: Silvally|Multi-Attack|p2a: Torkoal\n|-damage|p2a: Torkoal|0 fnt\n|faint|p2a: Torkoal\n|\n|-weather|SunnyDay|[upkeep]\n|upkeep\n|\n|t:|1770879869\n|switch|p2a: Pinsir|Pinsir, L74, F|217/217\n|turn|19\n|\n|t:|1770879885\n|detailschange|p2a: Pinsir|Pinsir-Mega, L74, F\n|-mega|p2a: Pinsir|Pinsir|Pinsirite\n|move|p2a: Pinsir|Quick Attack|p1a: Silvally\n|-damage|p1a: Silvally|0 fnt\n|faint|p1a: Silvally\n|\n|-weather|SunnyDay|[upkeep]\n|upkeep\n|\n|t:|1770879889\n|switch|p1a: Gigalith|Gigalith, L82, F|274/274\n|-damage|p1a: Gigalith|240/274|[from] Stealth Rock\n|-weather|Sandstorm|[from] ability: Sand Stream|[of] p1a: Gigalith\n|turn|20\n|\n|t:|1770879900\n|switch|p2a: Exeggutor|Exeggutor, L90, F|187/317 brn\n|move|p1a: Gigalith|Stone Edge|p2a: Exeggutor\n|-damage|p2a: Exeggutor|55/317 brn\n|\n|-weather|Sandstorm|[upkeep]\n|-damage|p2a: Exeggutor|36/317 brn|[from] Sandstorm\n|-heal|p1a: Gigalith|257/274|[from] item: Leftovers\n|-damage|p2a: Exeggutor|17/317 brn|[from] brn\n|upkeep\n|turn|21\n|\n|t:|1770879910\n|move|p2a: Exeggutor|Giga Drain|p1a: Gigalith\n|-supereffective|p1a: Gigalith\n|-damage|p1a: Gigalith|89/274\n|-heal|p2a: Exeggutor|101/317 brn|[from] drain|[of] p1a: Gigalith\n|move|p1a: Gigalith|Earthquake|p2a: Exeggutor\n|-resisted|p2a: Exeggutor\n|-crit|p2a: Exeggutor\n|-damage|p2a: Exeggutor|34/317 brn\n|\n|-weather|Sandstorm|[upkeep]\n|-damage|p2a: Exeggutor|15/317 brn|[from] Sandstorm\n|-heal|p1a: Gigalith|106/274|[from] item: Leftovers\n|-damage|p2a: Exeggutor|0 fnt|[from] brn\n|faint|p2a: Exeggutor\n|upkeep\n|\n|t:|1770879923\n|switch|p2a: Stoutland|Stoutland, L86, M|214/286\n|turn|22\n|\n|t:|1770879931\n|move|p2a: Stoutland|Superpower|p1a: Gigalith\n|-supereffective|p1a: Gigalith\n|-damage|p1a: Gigalith|0 fnt\n|-unboost|p2a: Stoutland|atk|1\n|-unboost|p2a: Stoutland|def|1\n|faint|p1a: Gigalith\n|\n|-weather|Sandstorm|[upkeep]\n|-damage|p2a: Stoutland|197/286|[from] Sandstorm\n|upkeep\n|\n|t:|1770879938\n|switch|p1a: Vivillon|Vivillon-Sun, L85, M|275/275\n|-damage|p1a: Vivillon|138/275|[from] Stealth Rock\n|turn|23\n|\n|t:|1770879950\n|move|p1a: Vivillon|Sleep Powder|p2a: Stoutland\n|-status|p2a: Stoutland|slp|[from] move: Sleep Powder\n|cant|p2a: Stoutland|slp\n|\n|-weather|Sandstorm|[upkeep]\n|-damage|p1a: Vivillon|121/275|[from] Sandstorm\n|-damage|p2a: Stoutland|180/286 slp|[from] Sandstorm\n|-heal|p1a: Vivillon|138/275|[from] item: Leftovers\n|upkeep\n|turn|24\n|\n|t:|1770879956\n|switch|p2a: Entei|Entei, L78|307/307\n|move|p1a: Vivillon|Hurricane|p2a: Entei\n|-damage|p2a: Entei|162/307\n|\n|-weather|none\n|-heal|p1a: Vivillon|155/275|[from] item: Leftovers\n|upkeep\n|turn|25\n|\n|t:|1770879965\n|move|p2a: Entei|Sacred Fire|p1a: Vivillon\n|-supereffective|p1a: Vivillon\n|-damage|p1a: Vivillon|0 fnt\n|faint|p1a: Vivillon\n|\n|upkeep\n|\n|t:|1770879970\n|switch|p1a: Araquanid|Araquanid, L81, F|243/243\n|-damage|p1a: Araquanid|183/243|[from] Stealth Rock\n|turn|26\n|\n|t:|1770879975\n|switch|p2a: Pinsir|Pinsir-Mega, L74, F|217/217\n|move|p1a: Araquanid|Liquidation|p2a: Pinsir\n|-damage|p2a: Pinsir|91/217\n|\n|-heal|p1a: Araquanid|198/243|[from] item: Leftovers\n|upkeep\n|turn|27\n|\n|t:|1770879982\n|move|p2a: Pinsir|Return|p1a: Araquanid\n|-supereffective|p1a: Araquanid\n|-damage|p1a: Araquanid|0 fnt\n|faint|p1a: Araquanid\n|\n|upkeep\n|\n|t:|1770879984\n|switch|p1a: Octillery|Octillery, L96, M|299/299\n|-damage|p1a: Octillery|262/299|[from] Stealth Rock\n|turn|28\n|\n|t:|1770879992\n|move|p2a: Pinsir|Return|p1a: Octillery\n|-damage|p1a: Octillery|115/299\n|move|p1a: Octillery|Scald|p2a: Pinsir\n|-damage|p2a: Pinsir|0 fnt\n|faint|p2a: Pinsir\n|detailschange|p2: Pinsir|Pinsir, L74, F|[silent]\n|\n|-heal|p1a: Octillery|133/299|[from] item: Leftovers\n|upkeep\n|\n|t:|1770880005\n|switch|p2a: Stoutland|Stoutland, L86, M|180/286 slp\n|turn|29\n|\n|t:|1770880008\n|-curestatus|p2a: Stoutland|slp|[msg]\n|move|p2a: Stoutland|Return|p1a: Octillery\n|-damage|p1a: Octillery|0 fnt\n|faint|p1a: Octillery\n|\n|win|bin2409\n|raw|CryCh!c's rating: 1769 &rarr; <strong>1754</strong><br />(-15 for losing)\n|raw|bin2409's rating: 1849 &rarr; <strong>1864</strong><br />(+15 for winning)\n|l|☆CryCh!c\n|player|p1|\n", "inputlog": ">version ccdc32dd7cde25fd9e4bed64820e885f66e78a4e\n>start {\"formatid\":\"gen7randombattle\",\"seed\":\"sodium,3f8bd37cbd378be24a85a55937cc779a\",\"rated\":\"Rated battle\"}\n>player p1 {\"name\":\"CryCh!c\",\"avatar\":\"marley-masters\",\"rating\":1769,\"seed\":\"sodium,a389b233e8027394ca15603fd0e7cdba\"}\n>player p2 {\"name\":\"bin2409\",\"avatar\":\"lucas\",\"rating\":1849,\"seed\":\"sodium,90527c627ab1f4c89b6fb5f9a3bf2c1a\"}\n>p1 switch 6\n>p2 move return\n>p1 move toxic\n>p2 switch 6\n>p1 move earthquake\n>p2 move stealthrock\n>p1 move earthquake\n>p2 move reflect\n>p2 switch 5\n>p1 switch 3\n>p2 move sleeppowder\n>p1 move willowisp\n>p2 move psychic\n>p1 move synthesis\n>p2 move psychic\n>p1 move synthesis\n>p2 move psychic\n>p1 move synthesis\n>p2 move psychic\n>p1 move synthesis\n>p2 move psychic\n>p1 move shadowsneak\n>p2 move psychic\n>p1 move synthesis\n>p2 move psychic\n>p1 move shadowsneak\n>p2 move psychic\n>p1 switch 2\n>p1 move xscissor\n>p2 switch 6\n>p1 move swordsdance\n>p2 move superpower\n>p1 move xscissor\n>p2 switch 3\n>p1 move multiattack\n>p2 move lavaplume\n>p1 move multiattack\n>p2 move lavaplume\n>p2 switch 2\n>p1 move explosion\n>p2 move quickattack mega\n>p1 switch 3\n>p1 move stoneedge\n>p2 switch 6\n>p1 move earthquake\n>p2 move gigadrain\n>p2 switch 3\n>p1 move superpower\n>p2 move superpower\n>p1 switch 6\n>p1 move sleeppowder\n>p2 move superpower\n>p1 move hurricane\n>p2 switch 4\n>p1 move quiverdance\n>p2 move sacredfire\n>p1 switch 5\n>p1 move liquidation\n>p2 switch 6\n>p1 move liquidation\n>p2 move return\n>p1 switch 4\n>p1 move scald\n>p2 move return\n>p2 switch 4\n>p1 move scald\n>p2 move return", "uploadtime": 1770880035, "views": 239, "formatid": "gen7randombattle", "rating": 1754, "private": 0, "password": null}