{"id": "gen7randombattle-2534639159", "format": "[Gen 7] Random Battle", "players": ["renxiaosheng", "CMONMANE"], "log": "|j|☆renxiaosheng\n|j|☆CMONMANE\n|t:|1770451464\n|gametype|singles\n|player|p1|renxiaosheng|red|1525\n|player|p2|CMONMANE|unknown|1686\n|gen|7\n|tier|[Gen 7] Random Battle\n|rated|\n|rule|Sleep Clause Mod: Limit one foe put to sleep\n|rule|HP Percentage Mod: HP is shown in percentages\n|rule|Illusion Level Mod: Illusion disguises the Pokémon's true level\n|\n|t:|1770451464\n|teamsize|p1|6\n|teamsize|p2|6\n|start\n|switch|p1a: Golurk|Golurk, L87|297/297\n|switch|p2a: Amoonguss|Amoonguss, L83, M|325/325\n|turn|1\n|inactive|Battle timer is ON: inactive players will automatically lose when time's up. (requested by CMONMANE)\n|inactive|renxiaosheng also wants the timer to be on.\n|\n|t:|1770451484\n|move|p1a: Golurk|Stealth Rock|p2a: Amoonguss\n|-sidestart|p2: CMONMANE|move: Stealth Rock\n|move|p2a: Amoonguss|Spore|p1a: Golurk\n|-status|p1a: Golurk|slp|[from] move: Spore\n|\n|upkeep\n|turn|2\n|\n|t:|1770451497\n|switch|p1a: Chandelure|Chandelure, L84, F|238/238\n|move|p2a: Amoonguss|Foul Play|p1a: Chandelure\n|-supereffective|p1a: Chandelure\n|-damage|p1a: Chandelure|180/238\n|\n|-heal|p1a: Chandelure|194/238|[from] item: Leftovers\n|upkeep\n|turn|3\n|inactive|CMONMANE has 120 seconds left.\n|\n|t:|1770451527\n|switch|p2a: Eelektross|Eelektross, L88, M|293/293\n|-damage|p2a: Eelektross|257/293|[from] Stealth Rock\n|move|p1a: Chandelure|Substitute|p1a: Chandelure\n|-start|p1a: Chandelure|Substitute\n|-damage|p1a: Chandelure|135/238\n|\n|-heal|p1a: Chandelure|149/238|[from] item: Leftovers\n|upkeep\n|turn|4\n|\n|t:|1770451536\n|move|p1a: Chandelure|Fire Blast|p2a: Eelektross\n|-damage|p2a: Eelektross|142/293\n|move|p2a: Eelektross|Discharge|p1a: Chandelure\n|-end|p1a: Chandelure|Substitute\n|\n|-heal|p1a: Chandelure|163/238|[from] item: Leftovers\n|upkeep\n|turn|5\n|\n|t:|1770451543\n|move|p1a: Chandelure|Shadow Ball|p2a: Eelektross\n|-damage|p2a: Eelektross|60/293\n|move|p2a: Eelektross|Discharge|p1a: Chandelure\n|-damage|p1a: Chandelure|72/238\n|\n|-heal|p1a: Chandelure|86/238|[from] item: Leftovers\n|upkeep\n|turn|6\n|\n|t:|1770451549\n|move|p1a: Chandelure|Shadow Ball|p2a: Eelektross\n|-damage|p2a: Eelektross|0 fnt\n|faint|p2a: Eelektross\n|\n|-heal|p1a: Chandelure|100/238|[from] item: Leftovers\n|upkeep\n|\n|t:|1770451557\n|switch|p2a: Moltres|Moltres, L82|281/281\n|-damage|p2a: Moltres|141/281|[from] Stealth Rock\n|turn|7\n|\n|t:|1770451563\n|move|p2a: Moltres|Defog|p1a: Chandelure\n|-unboost|p1a: Chandelure|evasion|1\n|-sideend|p2: CMONMANE|Stealth Rock|[from] move: Defog|[of] p2a: Moltres\n|move|p1a: Chandelure|Shadow Ball|p2a: Moltres\n|-damage|p2a: Moltres|8/281\n|-unboost|p2a: Moltres|spd|1\n|\n|-heal|p2a: Moltres|25/281|[from] item: Leftovers\n|-heal|p1a: Chandelure|114/238|[from] item: Leftovers\n|upkeep\n|turn|8\n|\n|t:|1770451569\n|move|p2a: Moltres|Hurricane|p1a: Chandelure\n|-damage|p1a: Chandelure|0 fnt\n|faint|p1a: Chandelure\n|\n|-heal|p2a: Moltres|42/281|[from] item: Leftovers\n|upkeep\n|\n|t:|1770451574\n|switch|p1a: Arceus|Arceus-Electric, L72|292/292\n|turn|9\n|\n|t:|1770451582\n|switch|p2a: Amoonguss|Amoonguss, L83, M|325/325\n|move|p1a: Arceus|Calm Mind|p1a: Arceus\n|-boost|p1a: Arceus|spa|1\n|-boost|p1a: Arceus|spd|1\n|\n|upkeep\n|turn|10\n|\n|t:|1770451594\n|switch|p2a: Drifblim|Drifblim, L85, F|392/392\n|move|p1a: Arceus|Calm Mind|p1a: Arceus\n|-boost|p1a: Arceus|spa|1\n|-boost|p1a: Arceus|spd|1\n|\n|upkeep\n|turn|11\n|\n|t:|1770451600\n|move|p1a: Arceus|Judgment|p2a: Drifblim\n|-supereffective|p2a: Drifblim\n|-damage|p2a: Drifblim|0 fnt\n|faint|p2a: Drifblim\n|\n|upkeep\n|\n|t:|1770451604\n|switch|p2a: Gengar|Gengar, L77, F|219/219\n|turn|12\n|\n|t:|1770451609\n|detailschange|p2a: Gengar|Gengar-Mega, L77, F\n|-mega|p2a: Gengar|Gengar|Gengarite\n|move|p2a: Gengar|Protect|p2a: Gengar\n|-singleturn|p2a: Gengar|Protect\n|move|p1a: Arceus|Judgment|p2a: Gengar\n|-activate|p2a: Gengar|move: Protect\n|\n|upkeep\n|turn|13\n|\n|t:|1770451618\n|move|p2a: Gengar|Perish Song|p2a: Gengar\n|-start|p1a: Arceus|perish3|[silent]\n|-start|p2a: Gengar|perish3|[silent]\n|-fieldactivate|move: Perish Song\n|move|p1a: Arceus|Ice Beam|p2a: Gengar\n|-damage|p2a: Gengar|103/219\n|\n|-start|p2a: Gengar|perish3\n|-start|p1a: Arceus|perish3\n|upkeep\n|turn|14\n|\n|t:|1770451625\n|move|p2a: Gengar|Protect|p2a: Gengar\n|-singleturn|p2a: Gengar|Protect\n|move|p1a: Arceus|Judgment|p2a: Gengar\n|-activate|p2a: Gengar|move: Protect\n|\n|-start|p2a: Gengar|perish2\n|-start|p1a: Arceus|perish2\n|upkeep\n|turn|15\n|\n|t:|1770451629\n|move|p2a: Gengar|Substitute|p2a: Gengar\n|-start|p2a: Gengar|Substitute\n|-damage|p2a: Gengar|49/219\n|move|p1a: Arceus|Ice Beam|p2a: Gengar\n|-end|p2a: Gengar|Substitute\n|\n|-start|p2a: Gengar|perish1\n|-start|p1a: Arceus|perish1\n|upkeep\n|turn|16\n|\n|t:|1770451634\n|switch|p2a: Amoonguss|Amoonguss, L83, M|325/325\n|move|p1a: Arceus|Judgment|p2a: Amoonguss\n|-resisted|p2a: Amoonguss\n|-damage|p2a: Amoonguss|195/325\n|\n|-heal|p2a: Amoonguss|215/325|[from] item: Black Sludge\n|-start|p1a: Arceus|perish0\n|upkeep\n|faint|p1a: Arceus\n|\n|t:|1770451637\n|switch|p1a: Persian|Persian, L93, F|272/272\n|turn|17\n|\n|t:|1770451649\n|move|p1a: Persian|Nasty Plot|p1a: Persian\n|-boost|p1a: Persian|spa|2\n|move|p2a: Amoonguss|Sludge Bomb|p1a: Persian\n|-damage|p1a: Persian|173/272\n|\n|-heal|p2a: Amoonguss|235/325|[from] item: Black Sludge\n|upkeep\n|turn|18\n|\n|t:|1770451661\n|switch|p2a: Gengar|Gengar-Mega, L77, F|49/219\n|move|p1a: Persian|Hyper Voice|p2a: Gengar\n|-immune|p2a: Gengar\n|\n|upkeep\n|turn|19\n|\n|t:|1770451669\n|move|p2a: Gengar|Protect|p2a: Gengar\n|-singleturn|p2a: Gengar|Protect\n|move|p1a: Persian|Shadow Ball|p2a: Gengar\n|-activate|p2a: Gengar|move: Protect\n|\n|upkeep\n|turn|20\n|\n|t:|1770451674\n|move|p1a: Persian|Hyper Voice|p2a: Gengar\n|-immune|p2a: Gengar\n|move|p2a: Gengar|Perish Song|p2a: Gengar\n|-start|p1a: Persian|perish3|[silent]\n|-start|p2a: Gengar|perish3|[silent]\n|-fieldactivate|move: Perish Song\n|\n|-start|p1a: Persian|perish3\n|-start|p2a: Gengar|perish3\n|upkeep\n|turn|21\n|\n|t:|1770451682\n|move|p1a: Persian|Shadow Ball|p2a: Gengar\n|-supereffective|p2a: Gengar\n|-damage|p2a: Gengar|0 fnt\n|faint|p2a: Gengar\n|detailschange|p2: Gengar|Gengar, L77, F|[silent]\n|-damage|p1a: Persian|146/272|[from] item: Life Orb\n|\n|-start|p1a: Persian|perish2\n|upkeep\n|c|☆CMONMANE|miss click like fuck\n|c|☆CMONMANE|gg\n|\n|t:|1770451698\n|switch|p2a: Amoonguss|Amoonguss, L83, M|325/325\n|turn|22\n|\n|t:|1770451703\n|move|p1a: Persian|Hyper Voice|p2a: Amoonguss\n|-damage|p2a: Amoonguss|101/325\n|-damage|p1a: Persian|119/272|[from] item: Life Orb\n|move|p2a: Amoonguss|Giga Drain|p1a: Persian\n|-crit|p1a: Persian\n|-damage|p1a: Persian|0 fnt\n|-heal|p2a: Amoonguss|161/325|[from] drain|[of] p1a: Persian\n|faint|p1a: Persian\n|\n|-heal|p2a: Amoonguss|181/325|[from] item: Black Sludge\n|upkeep\n|c|☆CMONMANE|oh\n|\n|t:|1770451711\n|switch|p1a: Golurk|Golurk, L87|297/297 slp\n|turn|23\n|\n|t:|1770451715\n|cant|p1a: Golurk|slp\n|move|p2a: Amoonguss|Giga Drain|p1a: Golurk\n|-supereffective|p1a: Golurk\n|-damage|p1a: Golurk|135/297 slp\n|-heal|p2a: Amoonguss|262/325|[from] drain|[of] p1a: Golurk\n|\n|-heal|p2a: Amoonguss|282/325|[from] item: Black Sludge\n|upkeep\n|turn|24\n|\n|t:|1770451722\n|-curestatus|p1a: Golurk|slp|[msg]\n|move|p1a: Golurk|Ice Punch|p2a: Amoonguss\n|-supereffective|p2a: Amoonguss\n|-damage|p2a: Amoonguss|74/325\n|-damage|p1a: Golurk|106/297|[from] item: Life Orb\n|move|p2a: Amoonguss|Giga Drain|p1a: Golurk\n|-supereffective|p1a: Golurk\n|-damage|p1a: Golurk|0 fnt\n|-heal|p2a: Amoonguss|127/325|[from] drain|[of] p1a: Golurk\n|faint|p1a: Golurk\n|\n|-heal|p2a: Amoonguss|147/325|[from] item: Black Sludge\n|upkeep\n|\n|t:|1770451729\n|switch|p1a: Togedemaru|Togedemaru, L86, F|252/252\n|turn|25\n|c|☆CMONMANE|rocks woulda won you the game\n|\n|t:|1770451737\n|move|p1a: Togedemaru|Iron Head|p2a: Amoonguss\n|-damage|p2a: Amoonguss|42/325\n|move|p2a: Amoonguss|Spore|p1a: Togedemaru\n|-status|p1a: Togedemaru|slp|[from] move: Spore\n|\n|-heal|p2a: Amoonguss|62/325|[from] item: Black Sludge\n|upkeep\n|turn|26\n|\n|t:|1770451746\n|switch|p2a: Moltres|Moltres, L82|42/281\n|cant|p1a: Togedemaru|slp\n|\n|-heal|p2a: Moltres|59/281|[from] item: Leftovers\n|upkeep\n|turn|27\n|\n|t:|1770451750\n|-curestatus|p1a: Togedemaru|slp|[msg]\n|move|p1a: Togedemaru|Iron Head|p2a: Moltres\n|-resisted|p2a: Moltres\n|-damage|p2a: Moltres|14/281\n|-status|p1a: Togedemaru|brn|[from] ability: Flame Body|[of] p2a: Moltres\n|move|p2a: Moltres|Fire Blast|p1a: Togedemaru\n|-supereffective|p1a: Togedemaru\n|-ability|p1a: Togedemaru|Sturdy\n|-damage|p1a: Togedemaru|1/252 brn\n|\n|-heal|p1a: Togedemaru|16/252 brn|[from] item: Leftovers\n|-heal|p2a: Moltres|31/281|[from] item: Leftovers\n|-damage|p1a: Togedemaru|1/252 brn|[from] brn\n|upkeep\n|turn|28\n|c|☆CMONMANE|????\n|\n|t:|1770451768\n|move|p1a: Togedemaru|Iron Head|p2a: Moltres\n|-resisted|p2a: Moltres\n|-damage|p2a: Moltres|7/281\n|move|p2a: Moltres|Roost|p2a: Moltres\n|-heal|p2a: Moltres|148/281\n|-singleturn|p2a: Moltres|move: Roost\n|\n|-heal|p1a: Togedemaru|16/252 brn|[from] item: Leftovers\n|-heal|p2a: Moltres|165/281|[from] item: Leftovers\n|-damage|p1a: Togedemaru|1/252 brn|[from] brn\n|upkeep\n|turn|29\n|-message|renxiaosheng forfeited.\n|\n|win|CMONMANE\n|raw|renxiaosheng's rating: 1525 &rarr; <strong>1514</strong><br />(-11 for losing)\n|raw|CMONMANE's rating: 1686 &rarr; <strong>1697</strong><br />(+11 for winning)\n|l|☆renxiaosheng\n|player|p1|\n", "inputlog": ">version ccdc32dd7cde25fd9e4bed64820e885f66e78a4e\n>start {\"formatid\":\"gen7randombattle\",\"seed\":\"sodium,bfa1c04a272d65c5f438e85687963d99\",\"rated\":\"Rated battle\"}\n>player p1 {\"name\":\"renxiaosheng\",\"avatar\":\"red\",\"rating\":1525,\"seed\":\"sodium,64a56496486e362ec95265dc50c48970\"}\n>player p2 {\"name\":\"CMONMANE\",\"avatar\":\"unknown\",\"rating\":1686,\"seed\":\"sodium,402be19933f2ede6e0c867220b9d4f96\"}\n>p1 move stealthrock\n>p2 move spore\n>p1 switch 6\n>p2 move foulplay\n>p1 move substitute\n>p2 switch 3\n>p1 move fireblast\n>p2 move discharge\n>p1 move shadowball\n>p2 move discharge\n>p1 move shadowball\n>p2 move discharge\n>p2 switch 5\n>p1 move shadowball\n>p2 move defog\n>p1 move shadowball\n>p2 move hurricane\n>p1 switch 5\n>p1 move calmmind\n>p2 switch 3\n>p1 move calmmind\n>p2 switch 6\n>p1 move judgment\n>p2 move willowisp\n>p2 switch 4\n>p1 move judgment\n>p2 move protect mega\n>p1 move icebeam\n>p2 move perishsong\n>p1 move judgment\n>p2 move protect\n>p1 move icebeam\n>p2 move substitute\n>p1 move judgment\n>p2 switch 6\n>p1 switch 3\n>p1 move nastyplot\n>p2 move sludgebomb\n>p1 move hypervoice\n>p2 switch 6\n>p1 move shadowball\n>p2 move protect\n>p1 move hypervoice\n>p2 move perishsong\n>p1 move shadowball\n>p2 move substitute\n>chat ☆CMONMANE|miss click like fuck\n>chat ☆CMONMANE|gg\n>p2 switch 6\n>p1 move hypervoice\n>p2 move gigadrain\n>chat ☆CMONMANE|oh\n>p1 switch 6\n>p1 move icepunch\n>p2 move gigadrain\n>p1 move icepunch\n>p2 move gigadrain\n>p1 switch 2\n>chat ☆CMONMANE|rocks woulda won you the game\n>p1 move ironhead\n>p2 move spore\n>p1 move ironhead\n>p2 switch 3\n>p1 move ironhead\n>p2 move fireblast\n>chat ☆CMONMANE|????\n>p1 move ironhead\n>p2 move roost\n>forcelose p1", "uploadtime": 1770451782, "views": 206, "formatid": "gen7randombattle", "rating": 1514, "private": 0, "password": null}