{"id": "gen7randombattle-2525722789", "format": "[Gen 7] Random Battle", "players": ["hulk finger family", "weavily66"], "log": "|j|☆hulk finger family\n|j|☆weavily66\n|t:|1769315409\n|gametype|singles\n|player|p1|hulk finger family|madame|1598\n|player|p2|weavily66|265|1644\n|gen|7\n|tier|[Gen 7] Random Battle\n|rated|\n|rule|Sleep Clause Mod: Limit one foe put to sleep\n|rule|HP Percentage Mod: HP is shown in percentages\n|rule|Illusion Level Mod: Illusion disguises the Pokémon's true level\n|\n|t:|1769315409\n|teamsize|p1|6\n|teamsize|p2|6\n|start\n|switch|p1a: Electivire|Electivire, L86, F|269/269\n|switch|p2a: Dialga|Dialga, L74|270/270\n|-ability|p2a: Dialga|Pressure\n|turn|1\n|\n|t:|1769315425\n|move|p2a: Dialga|Draco Meteor|p1a: Electivire\n|-damage|p1a: Electivire|128/269\n|-unboost|p2a: Dialga|spa|2\n|move|p1a: Electivire|Earthquake|p2a: Dialga\n|-supereffective|p2a: Dialga\n|-damage|p2a: Dialga|46/270\n|-damage|p1a: Electivire|102/269|[from] item: Life Orb\n|\n|upkeep\n|turn|2\n|\n|t:|1769315445\n|switch|p2a: Gastrodon|Gastrodon-East, L88, F|339/339\n|move|p1a: Electivire|Earthquake|p2a: Gastrodon\n|-damage|p2a: Gastrodon|216/339\n|-damage|p1a: Electivire|76/269|[from] item: Life Orb\n|\n|-heal|p2a: Gastrodon|237/339|[from] item: Leftovers\n|upkeep\n|turn|3\n|\n|t:|1769315456\n|switch|p1a: Masquerain|Masquerain, L87, F|263/263\n|-ability|p1a: Masquerain|Intimidate|boost\n|-unboost|p2a: Gastrodon|atk|1\n|move|p2a: Gastrodon|Recover|p2a: Gastrodon\n|-heal|p2a: Gastrodon|339/339\n|\n|upkeep\n|turn|4\n|\n|t:|1769315471\n|switch|p2a: Houndoom|Houndoom, L80, F|251/251\n|move|p1a: Masquerain|Sticky Web|p2a: Houndoom\n|-sidestart|p2: weavily66|move: Sticky Web\n|\n|upkeep\n|turn|5\n|\n|t:|1769315487\n|detailschange|p2a: Houndoom|Houndoom-Mega, L80, F\n|-mega|p2a: Houndoom|Houndoom|Houndoominite\n|move|p2a: Houndoom|Nasty Plot|p2a: Houndoom\n|-boost|p2a: Houndoom|spa|2\n|move|p1a: Masquerain|U-turn|p2a: Houndoom\n|-damage|p2a: Houndoom|188/251\n|\n|t:|1769315500\n|switch|p1a: Lopunny|Lopunny, L77, F|227/227|[from] U-turn\n|\n|upkeep\n|turn|6\n|\n|t:|1769315523\n|switch|p2a: Lunala|Lunala, L72|316/316\n|-activate|p2a: Lunala|move: Sticky Web\n|-unboost|p2a: Lunala|spe|1\n|detailschange|p1a: Lopunny|Lopunny-Mega, L77, F\n|-mega|p1a: Lopunny|Lopunny|Lopunnite\n|move|p1a: Lopunny|Encore||[still]\n|-fail|p1a: Lopunny\n|\n|upkeep\n|turn|7\n|\n|t:|1769315537\n|switch|p1a: Masquerain|Masquerain, L87, F|263/263\n|-ability|p1a: Masquerain|Intimidate|boost\n|-unboost|p2a: Lunala|atk|1\n|move|p2a: Lunala|Moonblast|p1a: Masquerain\n|-crit|p1a: Masquerain\n|-damage|p1a: Masquerain|161/263\n|-unboost|p1a: Masquerain|spa|1\n|\n|-heal|p1a: Masquerain|177/263|[from] item: Leftovers\n|upkeep\n|turn|8\n|\n|t:|1769315553\n|switch|p2a: Gastrodon|Gastrodon-East, L88, F|339/339\n|-activate|p2a: Gastrodon|move: Sticky Web\n|-unboost|p2a: Gastrodon|spe|1\n|move|p1a: Masquerain|Air Slash|p2a: Gastrodon\n|-damage|p2a: Gastrodon|281/339\n|\n|-heal|p1a: Masquerain|193/263|[from] item: Leftovers\n|-heal|p2a: Gastrodon|302/339|[from] item: Leftovers\n|upkeep\n|turn|9\n|\n|t:|1769315561\n|move|p1a: Masquerain|U-turn|p2a: Gastrodon\n|-damage|p2a: Gastrodon|236/339\n|\n|t:|1769315567\n|switch|p1a: Granbull|Granbull, L89, M|305/305|[from] U-turn\n|-ability|p1a: Granbull|Intimidate|boost\n|-unboost|p2a: Gastrodon|atk|1\n|move|p2a: Gastrodon|Scald|p1a: Granbull\n|-damage|p1a: Granbull|191/305\n|\n|-heal|p1a: Granbull|210/305|[from] item: Leftovers\n|-heal|p2a: Gastrodon|257/339|[from] item: Leftovers\n|upkeep\n|turn|10\n|\n|t:|1769315591\n|switch|p2a: Sunflora|Sunflora, F|312/312\n|-activate|p2a: Sunflora|move: Sticky Web\n|-unboost|p2a: Sunflora|spe|1\n|move|p1a: Granbull|Play Rough|p2a: Sunflora\n|-damage|p2a: Sunflora|164/312\n|\n|-heal|p1a: Granbull|229/305|[from] item: Leftovers\n|upkeep\n|turn|11\n|\n|t:|1769315604\n|move|p1a: Granbull|Play Rough|p2a: Sunflora\n|-damage|p2a: Sunflora|14/312\n|move|p2a: Sunflora|Sludge Bomb|p1a: Granbull\n|-supereffective|p1a: Granbull\n|-damage|p1a: Granbull|0 fnt\n|faint|p1a: Granbull\n|\n|upkeep\n|\n|t:|1769315616\n|switch|p1a: Magearna|Magearna-Original, L77|250/250\n|turn|12\n|\n|t:|1769315638\n|switch|p2a: Gastrodon|Gastrodon-East, L88, F|257/339\n|-activate|p2a: Gastrodon|move: Sticky Web\n|-unboost|p2a: Gastrodon|spe|1\n|move|p1a: Magearna|Shift Gear|p1a: Magearna\n|-boost|p1a: Magearna|spe|2\n|-boost|p1a: Magearna|atk|1\n|\n|-heal|p2a: Gastrodon|278/339|[from] item: Leftovers\n|upkeep\n|turn|13\n|\n|t:|1769315672\n|switch|p1a: Masquerain|Masquerain, L87, F|193/263\n|-ability|p1a: Masquerain|Intimidate|boost\n|-unboost|p2a: Gastrodon|atk|1\n|switch|p2a: Sunflora|Sunflora, F|14/312\n|-activate|p2a: Sunflora|move: Sticky Web\n|-unboost|p2a: Sunflora|spe|1\n|\n|-heal|p1a: Masquerain|209/263|[from] item: Leftovers\n|upkeep\n|turn|14\n|\n|t:|1769315686\n|move|p1a: Masquerain|Air Slash|p2a: Sunflora\n|-supereffective|p2a: Sunflora\n|-damage|p2a: Sunflora|0 fnt\n|faint|p2a: Sunflora\n|\n|-heal|p1a: Masquerain|225/263|[from] item: Leftovers\n|upkeep\n|\n|t:|1769315695\n|switch|p2a: Houndoom|Houndoom-Mega, L80, F|188/251\n|-activate|p2a: Houndoom|move: Sticky Web\n|-unboost|p2a: Houndoom|spe|1\n|turn|15\n|\n|t:|1769315701\n|move|p1a: Masquerain|Air Slash|p2a: Houndoom\n|-damage|p2a: Houndoom|104/251\n|move|p2a: Houndoom|Fire Blast|p1a: Masquerain\n|-supereffective|p1a: Masquerain\n|-damage|p1a: Masquerain|0 fnt\n|faint|p1a: Masquerain\n|\n|upkeep\n|\n|t:|1769315750\n|switch|p1a: Lopunny|Lopunny-Mega, L77, F|227/227\n|turn|16\n|\n|t:|1769315793\n|switch|p2a: Lunala|Lunala, L72|316/316\n|-activate|p2a: Lunala|move: Sticky Web\n|-unboost|p2a: Lunala|spe|1\n|move|p1a: Lopunny|Return|p2a: Lunala\n|-damage|p2a: Lunala|247/316\n|\n|-heal|p2a: Lunala|266/316|[from] item: Leftovers\n|upkeep\n|turn|17\n|\n|t:|1769315813\n|switch|p1a: Magearna|Magearna-Original, L77|250/250\n|move|p2a: Lunala|Moonblast|p1a: Magearna\n|-resisted|p1a: Magearna\n|-damage|p1a: Magearna|220/250\n|\n|-heal|p2a: Lunala|285/316|[from] item: Leftovers\n|upkeep\n|turn|18\n|\n|t:|1769315840\n|move|p1a: Magearna|Calm Mind|p1a: Magearna\n|-boost|p1a: Magearna|spa|1\n|-boost|p1a: Magearna|spd|1\n|move|p2a: Lunala|Calm Mind|p2a: Lunala\n|-boost|p2a: Lunala|spa|1\n|-boost|p2a: Lunala|spd|1\n|\n|-heal|p2a: Lunala|304/316|[from] item: Leftovers\n|upkeep\n|turn|19\n|\n|t:|1769315847\n|move|p1a: Magearna|Flash Cannon|p2a: Lunala\n|-damage|p2a: Lunala|207/316\n|move|p2a: Lunala|Calm Mind|p2a: Lunala\n|-boost|p2a: Lunala|spa|1\n|-boost|p2a: Lunala|spd|1\n|\n|-heal|p2a: Lunala|226/316|[from] item: Leftovers\n|upkeep\n|turn|20\n|\n|t:|1769315854\n|switch|p1a: Lopunny|Lopunny-Mega, L77, F|227/227\n|move|p2a: Lunala|Roost|p2a: Lunala\n|-heal|p2a: Lunala|316/316\n|-singleturn|p2a: Lunala|move: Roost\n|\n|upkeep\n|turn|21\n|\n|t:|1769315862\n|switch|p2a: Gastrodon|Gastrodon-East, L88, F|278/339\n|-activate|p2a: Gastrodon|move: Sticky Web\n|-unboost|p2a: Gastrodon|spe|1\n|move|p1a: Lopunny|Encore||[still]\n|-fail|p1a: Lopunny\n|\n|-heal|p2a: Gastrodon|299/339|[from] item: Leftovers\n|upkeep\n|turn|22\n|\n|t:|1769315884\n|switch|p2a: Lunala|Lunala, L72|316/316\n|-activate|p2a: Lunala|move: Sticky Web\n|-unboost|p2a: Lunala|spe|1\n|move|p1a: Lopunny|Power-Up Punch|p2a: Lunala\n|-resisted|p2a: Lunala\n|-damage|p2a: Lunala|303/316\n|-boost|p1a: Lopunny|atk|1\n|\n|-heal|p2a: Lunala|316/316|[from] item: Leftovers\n|upkeep\n|turn|23\n|\n|t:|1769315893\n|move|p1a: Lopunny|Return|p2a: Lunala\n|-damage|p2a: Lunala|214/316\n|move|p2a: Lunala|Moonblast|p1a: Lopunny\n|-supereffective|p1a: Lopunny\n|-damage|p1a: Lopunny|97/227\n|\n|-heal|p2a: Lunala|233/316|[from] item: Leftovers\n|upkeep\n|turn|24\n|\n|t:|1769315910\n|move|p1a: Lopunny|Return|p2a: Lunala\n|-damage|p2a: Lunala|29/316\n|move|p2a: Lunala|Moonblast|p1a: Lopunny\n|-supereffective|p1a: Lopunny\n|-damage|p1a: Lopunny|0 fnt\n|faint|p1a: Lopunny\n|detailschange|p1: Lopunny|Lopunny, L77, F|[silent]\n|\n|-heal|p2a: Lunala|48/316|[from] item: Leftovers\n|upkeep\n|\n|t:|1769315913\n|switch|p1a: Magearna|Magearna-Original, L77|220/250\n|turn|25\n|\n|t:|1769315925\n|switch|p2a: Gastrodon|Gastrodon-East, L88, F|299/339\n|-activate|p2a: Gastrodon|move: Sticky Web\n|-unboost|p2a: Gastrodon|spe|1\n|move|p1a: Magearna|Calm Mind|p1a: Magearna\n|-boost|p1a: Magearna|spa|1\n|-boost|p1a: Magearna|spd|1\n|\n|-heal|p2a: Gastrodon|320/339|[from] item: Leftovers\n|upkeep\n|turn|26\n|\n|t:|1769315937\n|-zpower|p1a: Magearna\n|move|p1a: Magearna|Twinkle Tackle|p2a: Gastrodon|[zeffect]\n|-damage|p2a: Gastrodon|0 fnt\n|faint|p2a: Gastrodon\n|-ability|p1a: Magearna|Soul-Heart|boost\n|-boost|p1a: Magearna|spa|1\n|\n|upkeep\n|\n|t:|1769315950\n|switch|p2a: Houndoom|Houndoom-Mega, L80, F|104/251\n|-activate|p2a: Houndoom|move: Sticky Web\n|-unboost|p2a: Houndoom|spe|1\n|turn|27\n|\n|t:|1769315999\n|move|p2a: Houndoom|Fire Blast|p1a: Magearna\n|-supereffective|p1a: Magearna\n|-damage|p1a: Magearna|62/250\n|-status|p1a: Magearna|brn\n|move|p1a: Magearna|Fleur Cannon|p2a: Houndoom\n|-damage|p2a: Houndoom|0 fnt\n|-unboost|p1a: Magearna|spa|2\n|faint|p2a: Houndoom\n|-ability|p1a: Magearna|Soul-Heart|boost\n|-boost|p1a: Magearna|spa|1\n|detailschange|p2: Houndoom|Houndoom, L80, F|[silent]\n|\n|-damage|p1a: Magearna|47/250 brn|[from] brn\n|upkeep\n|\n|t:|1769316012\n|switch|p2a: Dialga|Dialga, L74|46/270\n|-activate|p2a: Dialga|move: Sticky Web\n|-unboost|p2a: Dialga|spe|1\n|-ability|p2a: Dialga|Pressure\n|turn|28\n|\n|t:|1769316019\n|move|p2a: Dialga|Flash Cannon|p1a: Magearna\n|-damage|p1a: Magearna|0 fnt\n|faint|p1a: Magearna\n|\n|upkeep\n|\n|t:|1769316022\n|switch|p1a: Electivire|Electivire, L86, F|76/269\n|turn|29\n|\n|t:|1769316046\n|move|p1a: Electivire|Earthquake|p2a: Dialga\n|-supereffective|p2a: Dialga\n|-crit|p2a: Dialga\n|-damage|p2a: Dialga|0 fnt\n|faint|p2a: Dialga\n|-damage|p1a: Electivire|50/269|[from] item: Life Orb\n|\n|upkeep\n|\n|t:|1769316067\n|switch|p2a: Lunala|Lunala, L72|48/316\n|-activate|p2a: Lunala|move: Sticky Web\n|-unboost|p2a: Lunala|spe|1\n|turn|30\n|\n|t:|1769316071\n|move|p1a: Electivire|Earthquake|p2a: Lunala\n|-crit|p2a: Lunala\n|-damage|p2a: Lunala|0 fnt\n|faint|p2a: Lunala\n|-damage|p1a: Electivire|24/269|[from] item: Life Orb\n|\n|upkeep\n|\n|t:|1769316076\n|switch|p2a: Kommo-o|Kommo-o, L74, M|233/233\n|-activate|p2a: Kommo-o|move: Sticky Web\n|-unboost|p2a: Kommo-o|spe|1\n|turn|31\n|\n|t:|1769316082\n|move|p1a: Electivire|Ice Punch|p2a: Kommo-o\n|-supereffective|p2a: Kommo-o\n|-crit|p2a: Kommo-o\n|-damage|p2a: Kommo-o|22/233\n|-status|p2a: Kommo-o|frz\n|-damage|p1a: Electivire|0 fnt|[from] item: Life Orb\n|faint|p1a: Electivire\n|cant|p2a: Kommo-o|frz\n|\n|upkeep\n|\n|t:|1769316086\n|switch|p1a: Bewear|Bewear, L84, F|339/339\n|turn|32\n|\n|t:|1769316090\n|move|p1a: Bewear|Double-Edge|p2a: Kommo-o\n|-damage|p2a: Kommo-o|0 fnt\n|faint|p2a: Kommo-o\n|-damage|p1a: Bewear|332/339|[from] Recoil\n|\n|win|hulk finger family\n|raw|hulk finger family's rating: 1598 &rarr; <strong>1621</strong><br />(+23 for winning)\n|raw|weavily66's rating: 1644 &rarr; <strong>1621</strong><br />(-23 for losing)\n", "inputlog": ">version b99ff0165a6231f17e8b78c2a78d1998375de664\n>start {\"formatid\":\"gen7randombattle\",\"seed\":\"sodium,2d3ae171bb8490caf22821ae1bd4a531\",\"rated\":\"Rated battle\"}\n>player p1 {\"name\":\"hulk finger family\",\"avatar\":\"madame\",\"rating\":1598,\"seed\":\"sodium,a6ec84e26fdaffd1eaddb79bb7066b3c\"}\n>player p2 {\"name\":\"weavily66\",\"avatar\":\"265\",\"rating\":1644,\"seed\":\"sodium,c47ac7d1200a7e86e8e40f19618ae146\"}\n>p1 move earthquake\n>p2 move dracometeor\n>p1 move earthquake\n>p2 switch 6\n>p1 switch 5\n>p2 move recover\n>p1 move stickyweb\n>p2 switch 5\n>p1 move uturn\n>p2 move nastyplot mega\n>p1 switch 3\n>p1 move encore mega\n>p2 switch 4\n>p1 switch 3\n>p2 move moonblast\n>p1 move airslash\n>p2 switch 5\n>p1 move uturn\n>p2 move scald\n>p1 switch 2\n>p1 move playrough\n>p2 switch 3\n>p1 move playrough\n>p2 move sludgebomb\n>p1 switch 4\n>p1 move shiftgear\n>p2 switch 3\n>p1 switch 2\n>p2 switch 3\n>p1 move airslash\n>p2 move sludgebomb\n>p2 switch 4\n>p1 move airslash\n>p2 move fireblast\n>p1 switch 3\n>p1 move return\n>p2 switch 5\n>p1 switch 2\n>p2 move moonblast\n>p1 move calmmind\n>p2 move calmmind\n>p1 move flashcannon\n>p2 move calmmind\n>p1 switch 2\n>p2 move roost\n>p1 move encore\n>p2 switch 3\n>p1 move poweruppunch\n>p2 switch 3\n>p1 move return\n>p2 move moonblast\n>p1 move return\n>p2 move moonblast\n>p1 switch 2\n>p1 move calmmind\n>p2 switch 3\n>p1 move fleurcannon zmove\n>p2 move earthquake\n>p2 switch 5\n>p1 move fleurcannon\n>p2 move fireblast\n>p2 switch 6\n>p1 move flashcannon\n>p2 move flashcannon\n>p1 switch 5\n>p1 move earthquake\n>p2 move flashcannon\n>p2 switch 3\n>p1 move earthquake\n>p2 move roost\n>p2 switch 2\n>p1 move icepunch\n>p2 move dragondance\n>p1 switch 6\n>p1 move doubleedge\n>p2 move clangingscales zmove", "uploadtime": 1769316106, "views": 202, "formatid": "gen7randombattle", "rating": 1621, "private": 0, "password": null}