{"id": "gen7randombattle-2527510036", "format": "[Gen 7] Random Battle", "players": ["andrewcastle27", "Santino696969"], "log": "|j|☆andrewcastle27\n|j|☆Santino696969\n|t:|1769544829\n|gametype|singles\n|player|p1|andrewcastle27|2|1744\n|player|p2|Santino696969|ash-kalos|1612\n|gen|7\n|tier|[Gen 7] Random Battle\n|rated|\n|rule|Sleep Clause Mod: Limit one foe put to sleep\n|rule|HP Percentage Mod: HP is shown in percentages\n|rule|Illusion Level Mod: Illusion disguises the Pokémon's true level\n|\n|t:|1769544829\n|teamsize|p1|6\n|teamsize|p2|6\n|start\n|switch|p1a: Blacephalon|Blacephalon, L80|215/215\n|switch|p2a: Samurott|Samurott, L88, M|310/310\n|turn|1\n|inactive|Battle timer is ON: inactive players will automatically lose when time's up. (requested by Santino696969)\n|\n|t:|1769544835\n|switch|p1a: Phione|Phione, L93|300/300\n|move|p2a: Samurott|Hydro Pump|p1a: Phione\n|-resisted|p1a: Phione\n|-damage|p1a: Phione|230/300\n|\n|-heal|p1a: Phione|248/300|[from] item: Leftovers\n|upkeep\n|turn|2\n|\n|t:|1769544849\n|switch|p2a: Stunfisk|Stunfisk, L88, F|335/335\n|move|p1a: Phione|Scald|p2a: Stunfisk\n|-supereffective|p2a: Stunfisk\n|-damage|p2a: Stunfisk|189/335\n|\n|-heal|p1a: Phione|266/300|[from] item: Leftovers\n|-heal|p2a: Stunfisk|209/335|[from] item: Leftovers\n|upkeep\n|turn|3\n|\n|t:|1769544851\n|move|p1a: Phione|Scald|p2a: Stunfisk\n|-supereffective|p2a: Stunfisk\n|-damage|p2a: Stunfisk|45/335\n|move|p2a: Stunfisk|Discharge|p1a: Phione\n|-supereffective|p1a: Phione\n|-damage|p1a: Phione|92/300\n|\n|-heal|p1a: Phione|110/300|[from] item: Leftovers\n|-heal|p2a: Stunfisk|65/335|[from] item: Leftovers\n|upkeep\n|turn|4\n|\n|t:|1769544858\n|move|p1a: Phione|Knock Off|p2a: Stunfisk\n|-damage|p2a: Stunfisk|0 fnt\n|-enditem|p2a: Stunfisk|Leftovers|[from] move: Knock Off|[of] p1a: Phione\n|faint|p2a: Stunfisk\n|\n|-heal|p1a: Phione|128/300|[from] item: Leftovers\n|upkeep\n|\n|t:|1769544874\n|switch|p2a: Spinda|Spinda, L99, F|279/279\n|turn|5\n|\n|t:|1769544880\n|move|p1a: Phione|Knock Off|p2a: Spinda\n|-damage|p2a: Spinda|194/279\n|-enditem|p2a: Spinda|Leftovers|[from] move: Knock Off|[of] p1a: Phione\n|move|p2a: Spinda|Superpower|p1a: Phione\n|-damage|p1a: Phione|50/300\n|-boost|p2a: Spinda|atk|1\n|-boost|p2a: Spinda|def|1\n|\n|-heal|p1a: Phione|68/300|[from] item: Leftovers\n|upkeep\n|turn|6\n|\n|t:|1769544888\n|move|p1a: Phione|Scald|p2a: Spinda\n|-damage|p2a: Spinda|94/279\n|-status|p2a: Spinda|brn\n|move|p2a: Spinda|Superpower|p1a: Phione\n|-damage|p1a: Phione|9/300\n|-boost|p2a: Spinda|atk|1\n|-boost|p2a: Spinda|def|1\n|\n|-heal|p1a: Phione|27/300|[from] item: Leftovers\n|-damage|p2a: Spinda|77/279 brn|[from] brn\n|upkeep\n|turn|7\n|\n|t:|1769544890\n|move|p2a: Spinda|Sucker Punch|p1a: Phione\n|-damage|p1a: Phione|0 fnt\n|faint|p1a: Phione\n|\n|-damage|p2a: Spinda|60/279 brn|[from] brn\n|upkeep\n|\n|t:|1769544902\n|switch|p1a: Blacephalon|Blacephalon, L80|215/215\n|turn|8\n|\n|t:|1769544904\n|move|p1a: Blacephalon|Fire Blast|p2a: Spinda\n|-damage|p2a: Spinda|0 fnt\n|faint|p2a: Spinda\n|-ability|p1a: Blacephalon|Beast Boost|boost\n|-boost|p1a: Blacephalon|spa|1\n|\n|upkeep\n|\n|t:|1769544922\n|switch|p2a: Comfey|Comfey, L87, F|230/230\n|turn|9\n|\n|t:|1769544927\n|move|p2a: Comfey|Calm Mind|p2a: Comfey\n|-boost|p2a: Comfey|spa|1\n|-boost|p2a: Comfey|spd|1\n|move|p1a: Blacephalon|Calm Mind|p1a: Blacephalon\n|-boost|p1a: Blacephalon|spa|1\n|-boost|p1a: Blacephalon|spd|1\n|\n|upkeep\n|turn|10\n|\n|t:|1769544934\n|move|p2a: Comfey|Calm Mind|p2a: Comfey\n|-boost|p2a: Comfey|spa|1\n|-boost|p2a: Comfey|spd|1\n|move|p1a: Blacephalon|Psyshock|p2a: Comfey\n|-damage|p2a: Comfey|90/230\n|\n|-heal|p2a: Comfey|104/230|[from] item: Leftovers\n|upkeep\n|turn|11\n|\n|t:|1769544943\n|move|p2a: Comfey|Hidden Power|p1a: Blacephalon\n|-supereffective|p1a: Blacephalon\n|-damage|p1a: Blacephalon|87/215\n|move|p1a: Blacephalon|Psyshock|p2a: Comfey\n|-damage|p2a: Comfey|0 fnt\n|faint|p2a: Comfey\n|-ability|p1a: Blacephalon|Beast Boost|boost\n|-boost|p1a: Blacephalon|spa|1\n|\n|upkeep\n|\n|t:|1769544946\n|switch|p2a: Samurott|Samurott, L88, M|310/310\n|turn|12\n|\n|t:|1769544951\n|switch|p1a: Glalie|Glalie, L83, F|267/267\n|move|p2a: Samurott|Aqua Jet|p1a: Glalie\n|-damage|p1a: Glalie|213/267\n|\n|upkeep\n|turn|13\n|\n|t:|1769544966\n|detailschange|p1a: Glalie|Glalie-Mega, L83, F\n|-mega|p1a: Glalie|Glalie|Glalitite\n|move|p1a: Glalie|Freeze-Dry|p2a: Samurott\n|-supereffective|p2a: Samurott\n|-damage|p2a: Samurott|190/310\n|move|p2a: Samurott|Hydro Pump|p1a: Glalie\n|-damage|p1a: Glalie|74/267\n|\n|upkeep\n|turn|14\n|\n|t:|1769544974\n|move|p1a: Glalie|Explosion|p2a: Samurott\n|-resisted|p2a: Samurott\n|-damage|p2a: Samurott|0 fnt\n|faint|p1a: Glalie\n|detailschange|p1: Glalie|Glalie, L83, F|[silent]\n|faint|p2a: Samurott\n|\n|upkeep\n|\n|t:|1769544979\n|switch|p1a: Golurk|Golurk, L87|297/297\n|switch|p2a: Sudowoodo|Sudowoodo, L93, M|281/281\n|turn|15\n|\n|t:|1769544983\n|move|p1a: Golurk|Earthquake|p2a: Sudowoodo\n|-supereffective|p2a: Sudowoodo\n|-damage|p2a: Sudowoodo|31/281\n|-damage|p1a: Golurk|268/297|[from] item: Life Orb\n|move|p2a: Sudowoodo|Wood Hammer|p1a: Golurk\n|-supereffective|p1a: Golurk\n|-damage|p1a: Golurk|32/297\n|\n|-heal|p2a: Sudowoodo|48/281|[from] item: Leftovers\n|upkeep\n|turn|16\n|\n|t:|1769544990\n|move|p2a: Sudowoodo|Sucker Punch||[still]\n|-fail|p2a: Sudowoodo\n|move|p1a: Golurk|Stealth Rock|p2a: Sudowoodo\n|-sidestart|p2: Santino696969|move: Stealth Rock\n|\n|-heal|p2a: Sudowoodo|65/281|[from] item: Leftovers\n|upkeep\n|turn|17\n|\n|t:|1769544992\n|move|p2a: Sudowoodo|Sucker Punch|p1a: Golurk\n|-supereffective|p1a: Golurk\n|-crit|p1a: Golurk\n|-damage|p1a: Golurk|0 fnt\n|faint|p1a: Golurk\n|\n|-heal|p2a: Sudowoodo|82/281|[from] item: Leftovers\n|upkeep\n|\n|t:|1769544999\n|switch|p1a: Regirock|Regirock, L87|281/281\n|turn|18\n|\n|t:|1769545002\n|move|p1a: Regirock|Drain Punch|p2a: Sudowoodo\n|-supereffective|p2a: Sudowoodo\n|-damage|p2a: Sudowoodo|0 fnt\n|faint|p2a: Sudowoodo\n|\n|upkeep\n|\n|t:|1769545004\n|switch|p2a: Simisear|Simisear, L89, F|278/278\n|-damage|p2a: Simisear|209/278|[from] Stealth Rock\n|turn|19\n|\n|t:|1769545007\n|move|p2a: Simisear|Grass Knot|p1a: Regirock\n|-supereffective|p1a: Regirock\n|-damage|p1a: Regirock|44/281\n|-damage|p2a: Simisear|182/278|[from] item: Life Orb\n|move|p1a: Regirock|Stone Edge|p2a: Simisear|[miss]\n|-miss|p1a: Regirock|p2a: Simisear\n|\n|upkeep\n|turn|20\n|\n|t:|1769545011\n|move|p2a: Simisear|Grass Knot|p1a: Regirock\n|-supereffective|p1a: Regirock\n|-damage|p1a: Regirock|0 fnt\n|faint|p1a: Regirock\n|-damage|p2a: Simisear|155/278|[from] item: Life Orb\n|\n|upkeep\n|\n|t:|1769545016\n|switch|p1a: Blacephalon|Blacephalon, L80|87/215\n|turn|21\n|\n|t:|1769545018\n|move|p2a: Simisear|Fire Blast|p1a: Blacephalon\n|-resisted|p1a: Blacephalon\n|-damage|p1a: Blacephalon|0 fnt\n|faint|p1a: Blacephalon\n|-damage|p2a: Simisear|128/278|[from] item: Life Orb\n|\n|upkeep\n|\n|t:|1769545021\n|switch|p1a: Aromatisse|Aromatisse, L91, M|332/332\n|turn|22\n|\n|t:|1769545025\n|move|p2a: Simisear|Nasty Plot|p2a: Simisear\n|-boost|p2a: Simisear|spa|2\n|move|p1a: Aromatisse|Wish|p1a: Aromatisse\n|\n|upkeep\n|turn|23\n|\n|t:|1769545033\n|move|p2a: Simisear|Fire Blast|p1a: Aromatisse|[miss]\n|-miss|p2a: Simisear|p1a: Aromatisse\n|move|p1a: Aromatisse|Moonblast|p2a: Simisear\n|-resisted|p2a: Simisear\n|-damage|p2a: Simisear|53/278\n|\n|upkeep\n|turn|24\n|\n|t:|1769545037\n|move|p1a: Aromatisse|Protect|p1a: Aromatisse\n|-singleturn|p1a: Aromatisse|Protect\n|move|p2a: Simisear|Fire Blast|p1a: Aromatisse\n|-activate|p1a: Aromatisse|move: Protect\n|\n|upkeep\n|turn|25\n|\n|t:|1769545040\n|move|p2a: Simisear|Fire Blast|p1a: Aromatisse\n|-damage|p1a: Aromatisse|0 fnt\n|faint|p1a: Aromatisse\n|-damage|p2a: Simisear|26/278|[from] item: Life Orb\n|\n|win|Santino696969\n|raw|andrewcastle27's rating: 1744 &rarr; <strong>1717</strong><br />(-27 for losing)\n|raw|Santino696969's rating: 1612 &rarr; <strong>1639</strong><br />(+27 for winning)\n|l|☆andrewcastle27\n|player|p1|\n", "inputlog": ">version b99ff0165a6231f17e8b78c2a78d1998375de664\n>start {\"formatid\":\"gen7randombattle\",\"seed\":\"sodium,3a3bd0a816be6ada713345877f1fa2c0\",\"rated\":\"Rated battle\"}\n>player p1 {\"name\":\"andrewcastle27\",\"avatar\":\"2\",\"rating\":1744,\"seed\":\"sodium,052a383cc96f554d0f1bc827aa6e6591\"}\n>player p2 {\"name\":\"Santino696969\",\"avatar\":\"ash-kalos\",\"rating\":1612,\"seed\":\"sodium,662578f5ba4ea1feaaea508ebc46963a\"}\n>p1 switch 4\n>p2 move hydropump\n>p1 move scald\n>p2 switch 3\n>p1 move scald\n>p2 move discharge\n>p1 move knockoff\n>p2 move discharge\n>p2 switch 6\n>p1 move knockoff\n>p2 move superpower\n>p1 move scald\n>p2 move superpower\n>p1 move scald\n>p2 move suckerpunch\n>p1 switch 4\n>p1 move fireblast\n>p2 move thief\n>p2 switch 4\n>p1 move calmmind\n>p2 move calmmind\n>p1 move psyshock\n>p2 move calmmind\n>p1 move psyshock\n>p2 move hiddenpower\n>p2 switch 3\n>p1 switch 2\n>p2 move aquajet\n>p1 move freezedry mega\n>p2 move hydropump\n>p1 move explosion\n>p2 move hydropump\n>p1 switch 3\n>p2 switch 2\n>p1 move earthquake\n>p2 move woodhammer\n>p1 move stealthrock\n>p2 move suckerpunch\n>p1 move earthquake\n>p2 move suckerpunch\n>p1 switch 6\n>p1 move drainpunch\n>p2 move woodhammer\n>p2 switch 5\n>p1 move stoneedge\n>p2 move grassknot\n>p1 move drainpunch\n>p2 move grassknot\n>p1 switch 2\n>p1 move fireblast zmove\n>p2 move fireblast\n>p1 switch 5\n>p1 move wish\n>p2 move nastyplot\n>p1 move moonblast\n>p2 move fireblast\n>p1 move protect\n>p2 move fireblast\n>p1 move moonblast\n>p2 move fireblast", "uploadtime": 1769545046, "views": 182, "formatid": "gen7randombattle", "rating": 1639, "private": 0, "password": null}