{"id": "gen7randombattle-2525696576", "format": "[Gen 7] Random Battle", "players": ["MimikyuTrainerAsh", "Santino696969"], "log": "|j|☆MimikyuTrainerAsh\n|j|☆Santino696969\n|t:|1769311858\n|gametype|singles\n|player|p1|MimikyuTrainerAsh|pokekid|1615\n|player|p2|Santino696969|ash-kalos|1533\n|gen|7\n|tier|[Gen 7] Random Battle\n|rated|\n|rule|Sleep Clause Mod: Limit one foe put to sleep\n|rule|HP Percentage Mod: HP is shown in percentages\n|rule|Illusion Level Mod: Illusion disguises the Pokémon's true level\n|\n|t:|1769311858\n|teamsize|p1|6\n|teamsize|p2|6\n|start\n|switch|p1a: Beheeyem|Beheeyem, L93, F|290/290\n|switch|p2a: Ambipom|Ambipom, L84, F|263/263\n|turn|1\n|inactive|Battle timer is ON: inactive players will automatically lose when time's up. (requested by Santino696969)\n|inactive|MimikyuTrainerAsh also wants the timer to be on.\n|\n|t:|1769311865\n|move|p2a: Ambipom|Fake Out|p1a: Beheeyem\n|-damage|p1a: Beheeyem|212/290\n|cant|p1a: Beheeyem|flinch\n|\n|upkeep\n|turn|2\n|\n|t:|1769311871\n|move|p2a: Ambipom|Knock Off|p1a: Beheeyem\n|-supereffective|p1a: Beheeyem\n|-damage|p1a: Beheeyem|72/290\n|-enditem|p1a: Beheeyem|Life Orb|[from] move: Knock Off|[of] p2a: Ambipom\n|move|p1a: Beheeyem|Trick Room|p1a: Beheeyem\n|-fieldstart|move: Trick Room|[of] p1a: Beheeyem\n|\n|upkeep\n|turn|3\n|\n|t:|1769311878\n|switch|p2a: Forretress|Forretress, L81, F|254/254\n|move|p1a: Beheeyem|Psyshock|p2a: Forretress\n|-resisted|p2a: Forretress\n|-damage|p2a: Forretress|191/254\n|\n|-heal|p2a: Forretress|206/254|[from] item: Leftovers\n|upkeep\n|turn|4\n|\n|t:|1769311885\n|move|p2a: Forretress|Stealth Rock|p1a: Beheeyem\n|-sidestart|p1: MimikyuTrainerAsh|move: Stealth Rock\n|move|p1a: Beheeyem|Thunderbolt|p2a: Forretress\n|-damage|p2a: Forretress|41/254\n|\n|-heal|p2a: Forretress|56/254|[from] item: Leftovers\n|upkeep\n|turn|5\n|\n|t:|1769311892\n|move|p2a: Forretress|Spikes|p1a: Beheeyem\n|-sidestart|p1: MimikyuTrainerAsh|Spikes\n|move|p1a: Beheeyem|Thunderbolt|p2a: Forretress\n|-damage|p2a: Forretress|0 fnt\n|faint|p2a: Forretress\n|\n|upkeep\n|\n|t:|1769311912\n|switch|p2a: Ambipom|Ambipom, L84, F|263/263\n|turn|6\n|\n|t:|1769311915\n|move|p2a: Ambipom|Fake Out|p1a: Beheeyem\n|-damage|p1a: Beheeyem|0 fnt\n|faint|p1a: Beheeyem\n|\n|-fieldend|move: Trick Room\n|upkeep\n|\n|t:|1769311923\n|switch|p1a: Klinklang|Klinklang, L87|246/246\n|-damage|p1a: Klinklang|231/246|[from] Stealth Rock\n|-damage|p1a: Klinklang|201/246|[from] Spikes\n|turn|7\n|\n|t:|1769311929\n|move|p2a: Ambipom|Low Kick|p1a: Klinklang\n|-supereffective|p1a: Klinklang\n|-damage|p1a: Klinklang|103/246\n|move|p1a: Klinklang|Shift Gear|p1a: Klinklang\n|-boost|p1a: Klinklang|spe|2\n|-boost|p1a: Klinklang|atk|1\n|\n|upkeep\n|turn|8\n|\n|t:|1769311935\n|switch|p2a: Lapras|Lapras, L88, F|372/372\n|move|p1a: Klinklang|Gear Grind|p2a: Lapras\n|-damage|p2a: Lapras|284/372\n|-damage|p2a: Lapras|188/372\n|-hitcount|p2a: Lapras|2\n|\n|-heal|p2a: Lapras|211/372|[from] item: Leftovers\n|upkeep\n|turn|9\n|\n|t:|1769311939\n|-zpower|p1a: Klinklang\n|move|p1a: Klinklang|Corkscrew Crash|p2a: Lapras|[zeffect]\n|-damage|p2a: Lapras|0 fnt\n|faint|p2a: Lapras\n|\n|upkeep\n|\n|t:|1769311941\n|switch|p2a: Ambipom|Ambipom, L84, F|263/263\n|turn|10\n|c|☆MimikyuTrainerAsh|let me guess\n|c|☆MimikyuTrainerAsh|fake out again\n|c|☆MimikyuTrainerAsh|how original\n|\n|t:|1769311950\n|move|p2a: Ambipom|Fake Out|p1a: Klinklang\n|-resisted|p1a: Klinklang\n|-damage|p1a: Klinklang|75/246\n|cant|p1a: Klinklang|flinch\n|\n|upkeep\n|turn|11\n|\n|t:|1769311953\n|move|p1a: Klinklang|Gear Grind|p2a: Ambipom\n|-damage|p2a: Ambipom|151/263\n|-damage|p2a: Ambipom|46/263\n|-hitcount|p2a: Ambipom|2\n|move|p2a: Ambipom|Low Kick|p1a: Klinklang\n|-supereffective|p1a: Klinklang\n|-crit|p1a: Klinklang\n|-damage|p1a: Klinklang|0 fnt\n|faint|p1a: Klinklang\n|\n|upkeep\n|\n|t:|1769311958\n|switch|p1a: Azelf|Azelf, L82|257/257\n|-damage|p1a: Azelf|225/257|[from] Stealth Rock\n|turn|12\n|\n|t:|1769311965\n|move|p2a: Ambipom|Return|p1a: Azelf\n|-damage|p1a: Azelf|71/257\n|move|p1a: Azelf|Knock Off|p2a: Ambipom\n|-damage|p2a: Ambipom|0 fnt\n|-enditem|p2a: Ambipom|Silk Scarf|[from] move: Knock Off|[of] p1a: Azelf\n|faint|p2a: Ambipom\n|-damage|p1a: Azelf|46/257|[from] item: Life Orb\n|\n|upkeep\n|\n|t:|1769311968\n|switch|p2a: Noivern|Noivern, L83, F|277/277\n|turn|13\n|\n|t:|1769311972\n|move|p2a: Noivern|Boomburst|p1a: Azelf\n|-damage|p1a: Azelf|0 fnt\n|faint|p1a: Azelf\n|-damage|p2a: Noivern|250/277|[from] item: Life Orb\n|\n|upkeep\n|\n|t:|1769311974\n|switch|p1a: Pyukumuku|Pyukumuku, L92, F|251/251\n|-damage|p1a: Pyukumuku|220/251|[from] Stealth Rock\n|-damage|p1a: Pyukumuku|189/251|[from] Spikes\n|turn|14\n|\n|t:|1769311977\n|move|p2a: Noivern|Draco Meteor|p1a: Pyukumuku\n|-damage|p1a: Pyukumuku|68/251\n|-unboost|p2a: Noivern|spa|2\n|-damage|p2a: Noivern|223/277|[from] item: Life Orb\n|move|p1a: Pyukumuku|Recover|p1a: Pyukumuku\n|-heal|p1a: Pyukumuku|194/251\n|\n|-heal|p1a: Pyukumuku|209/251|[from] item: Leftovers\n|upkeep\n|turn|15\n|\n|t:|1769311979\n|move|p2a: Noivern|Draco Meteor|p1a: Pyukumuku\n|-damage|p1a: Pyukumuku|84/251\n|-unboost|p2a: Noivern|spa|2\n|-damage|p2a: Noivern|196/277|[from] item: Life Orb\n|move|p1a: Pyukumuku|Block|p2a: Noivern\n|-activate|p2a: Noivern|trapped\n|\n|-heal|p1a: Pyukumuku|99/251|[from] item: Leftovers\n|upkeep\n|turn|16\n|\n|t:|1769311982\n|move|p2a: Noivern|Draco Meteor|p1a: Pyukumuku\n|-damage|p1a: Pyukumuku|0 fnt\n|-unboost|p2a: Noivern|spa|2\n|faint|p1a: Pyukumuku\n|-damage|p2a: Noivern|169/277|[from] item: Life Orb\n|\n|upkeep\n|\n|t:|1769311988\n|switch|p1a: Gyarados|Gyarados, L74, M|263/263\n|-damage|p1a: Gyarados|198/263|[from] Stealth Rock\n|-ability|p1a: Gyarados|Intimidate|boost\n|-unboost|p2a: Noivern|atk|1\n|turn|17\n|\n|t:|1769311996\n|switch|p2a: Medicham|Medicham, L78, M|221/221\n|move|p1a: Gyarados|Substitute|p1a: Gyarados\n|-start|p1a: Gyarados|Substitute\n|-damage|p1a: Gyarados|133/263\n|\n|upkeep\n|turn|18\n|\n|t:|1769312000\n|detailschange|p2a: Medicham|Medicham-Mega, L78, M\n|-mega|p2a: Medicham|Medicham|Medichamite\n|move|p2a: Medicham|High Jump Kick|p1a: Gyarados\n|-resisted|p1a: Gyarados\n|-end|p1a: Gyarados|Substitute\n|move|p1a: Gyarados|Dragon Dance|p1a: Gyarados\n|-boost|p1a: Gyarados|atk|1\n|-boost|p1a: Gyarados|spe|1\n|\n|upkeep\n|turn|19\n|\n|t:|1769312007\n|detailschange|p1a: Gyarados|Gyarados-Mega, L74, M\n|-mega|p1a: Gyarados|Gyarados|Gyaradosite\n|-ability|p1a: Gyarados|Mold Breaker\n|move|p1a: Gyarados|Crunch|p2a: Medicham\n|-damage|p2a: Medicham|64/221\n|move|p2a: Medicham|Zen Headbutt|p1a: Gyarados\n|-immune|p1a: Gyarados\n|\n|upkeep\n|turn|20\n|\n|t:|1769312019\n|move|p1a: Gyarados|Substitute|p1a: Gyarados\n|-start|p1a: Gyarados|Substitute\n|-damage|p1a: Gyarados|68/263\n|move|p2a: Medicham|High Jump Kick|p1a: Gyarados\n|-supereffective|p1a: Gyarados\n|-crit|p1a: Gyarados\n|-end|p1a: Gyarados|Substitute\n|\n|upkeep\n|turn|21\n|\n|t:|1769312029\n|move|p1a: Gyarados|Substitute|p1a: Gyarados\n|-start|p1a: Gyarados|Substitute\n|-damage|p1a: Gyarados|3/263\n|move|p2a: Medicham|High Jump Kick|p1a: Gyarados\n|-supereffective|p1a: Gyarados\n|-end|p1a: Gyarados|Substitute\n|\n|upkeep\n|turn|22\n|\n|t:|1769312031\n|move|p1a: Gyarados|Crunch|p2a: Medicham\n|-damage|p2a: Medicham|0 fnt\n|faint|p2a: Medicham\n|detailschange|p2: Medicham|Medicham, L78, M|[silent]\n|\n|upkeep\n|\n|t:|1769312036\n|switch|p2a: Crustle|Crustle, L82, F|249/249\n|turn|23\n|\n|t:|1769312041\n|move|p1a: Gyarados|Dragon Dance|p1a: Gyarados\n|-boost|p1a: Gyarados|atk|1\n|-boost|p1a: Gyarados|spe|1\n|move|p2a: Crustle|Shell Smash|p2a: Crustle\n|-unboost|p2a: Crustle|def|1\n|-unboost|p2a: Crustle|spd|1\n|-boost|p2a: Crustle|atk|2\n|-boost|p2a: Crustle|spa|2\n|-boost|p2a: Crustle|spe|2\n|-enditem|p2a: Crustle|White Herb\n|-clearnegativeboost|p2a: Crustle|[silent]\n|\n|upkeep\n|turn|24\n|\n|t:|1769312045\n|move|p1a: Gyarados|Waterfall|p2a: Crustle\n|-supereffective|p2a: Crustle\n|-damage|p2a: Crustle|0 fnt\n|faint|p2a: Crustle\n|\n|upkeep\n|\n|t:|1769312049\n|switch|p2a: Noivern|Noivern, L83, F|169/277\n|turn|25\n|c|☆MimikyuTrainerAsh|HOLY FUMBLE\n|c|☆MimikyuTrainerAsh|ALL THAT LUCK AND YOU CHOOSE TO SHELL SMASH LOLLL\n|\n|t:|1769312063\n|move|p1a: Gyarados|Crunch|p2a: Noivern\n|-damage|p2a: Noivern|0 fnt\n|faint|p2a: Noivern\n|\n|win|MimikyuTrainerAsh\n|raw|MimikyuTrainerAsh's rating: 1615 &rarr; <strong>1630</strong><br />(+15 for winning)\n|raw|Santino696969's rating: 1533 &rarr; <strong>1518</strong><br />(-15 for losing)\n|c|☆Santino696969|Tbh it killed either way\n", "inputlog": ">version b99ff0165a6231f17e8b78c2a78d1998375de664\n>start {\"formatid\":\"gen7randombattle\",\"seed\":\"sodium,50b2c2a5eb60e00f7ed60d7a371c8988\",\"rated\":\"Rated battle\"}\n>player p1 {\"name\":\"MimikyuTrainerAsh\",\"avatar\":\"pokekid\",\"rating\":1615,\"seed\":\"sodium,9b3de84620a46c6672fb38a5f7c89f68\"}\n>player p2 {\"name\":\"Santino696969\",\"avatar\":\"ash-kalos\",\"rating\":1533,\"seed\":\"sodium,ec017c509917d0344e053e05aada0090\"}\n>p1 move trickroom\n>p2 move fakeout\n>p1 move trickroom\n>p2 move knockoff\n>p1 move psyshock\n>p2 switch 5\n>p1 move thunderbolt\n>p2 move stealthrock\n>p1 move thunderbolt\n>p2 move spikes\n>p2 switch 5\n>p1 move psyshock\n>p2 move fakeout\n>p1 switch 4\n>p1 move shiftgear\n>p2 move lowkick\n>p1 move geargrind\n>p2 switch 3\n>p1 move geargrind zmove\n>p2 move hydropump\n>p2 switch 3\n>chat ☆MimikyuTrainerAsh|let me guess \n>chat ☆MimikyuTrainerAsh|fake out again\n>chat ☆MimikyuTrainerAsh|how original\n>p1 move geargrind\n>p2 move fakeout\n>p1 move geargrind\n>p2 move lowkick\n>p1 switch 2\n>p1 move knockoff\n>p2 move return\n>p2 switch 2\n>p1 move knockoff\n>p2 move boomburst\n>p1 switch 3\n>p1 move recover\n>p2 move dracometeor\n>p1 move block\n>p2 move dracometeor\n>p1 move recover\n>p2 move dracometeor\n>p1 switch 5\n>p1 move substitute\n>p2 switch 4\n>p1 move dragondance\n>p2 move highjumpkick mega\n>p1 move crunch mega\n>p2 move zenheadbutt\n>p1 move substitute\n>p2 move highjumpkick\n>p1 move substitute\n>p2 move highjumpkick\n>p1 move crunch\n>p2 move highjumpkick\n>p2 switch 6\n>p1 move dragondance\n>p2 move shellsmash\n>p1 move waterfall\n>p2 move shellsmash\n>p2 switch 4\n>chat ☆MimikyuTrainerAsh|HOLY FUMBLE\n>chat ☆MimikyuTrainerAsh|ALL THAT LUCK AND YOU CHOOSE TO SHELL SMASH LOLLL\n>p1 move crunch\n>p2 move boomburst", "uploadtime": 1769312070, "views": 205, "formatid": "gen7randombattle", "rating": 1518, "private": 0, "password": null}