{"id": "gen7randombattle-2527602912", "format": "[Gen 7] Random Battle", "players": ["CMONMANE", "hdkdk"], "log": "|j|☆CMONMANE\n|j|☆hdkdk\n|t:|1769553866\n|gametype|singles\n|player|p1|CMONMANE|unknown|1671\n|player|p2|hdkdk|red|1839\n|gen|7\n|tier|[Gen 7] Random Battle\n|rated|\n|rule|Sleep Clause Mod: Limit one foe put to sleep\n|rule|HP Percentage Mod: HP is shown in percentages\n|rule|Illusion Level Mod: Illusion disguises the Pokémon's true level\n|\n|t:|1769553866\n|teamsize|p1|6\n|teamsize|p2|6\n|start\n|switch|p1a: Yveltal|Yveltal, L70|291/291\n|switch|p2a: Kyogre|Kyogre, L72|263/263\n|-ability|p1a: Yveltal|Dark Aura\n|detailschange|p2a: Kyogre|Kyogre-Primal, L72\n|-primal|p2a: Kyogre|Blue Orb\n|-weather|PrimordialSea|[from] ability: Primordial Sea|[of] p2a: Kyogre\n|turn|1\n|inactive|Battle timer is ON: inactive players will automatically lose when time's up. (requested by CMONMANE)\n|\n|t:|1769553891\n|move|p1a: Yveltal|Knock Off|p2a: Kyogre\n|-damage|p2a: Kyogre|173/263\n|move|p2a: Kyogre|Thunder|p1a: Yveltal\n|-supereffective|p1a: Yveltal\n|-crit|p1a: Yveltal\n|-damage|p1a: Yveltal|0 fnt\n|faint|p1a: Yveltal\n|\n|-weather|PrimordialSea|[upkeep]\n|upkeep\n|\n|t:|1769553898\n|switch|p1a: Tapu Koko|Tapu Koko, L77|234/234\n|-fieldstart|move: Electric Terrain|[from] ability: Electric Surge|[of] p1a: Tapu Koko\n|turn|2\n|\n|t:|1769553915\n|-weather|none\n|switch|p2a: Lilligant|Lilligant, L87, F|264/264\n|move|p1a: Tapu Koko|Thunderbolt|p2a: Lilligant\n|-resisted|p2a: Lilligant\n|-damage|p2a: Lilligant|195/264\n|\n|upkeep\n|turn|3\n|\n|t:|1769553933\n|switch|p1a: Dustox|Dustox, L96, M|271/271\n|move|p2a: Lilligant|Quiver Dance|p2a: Lilligant\n|-boost|p2a: Lilligant|spa|1\n|-boost|p2a: Lilligant|spd|1\n|-boost|p2a: Lilligant|spe|1\n|\n|upkeep\n|turn|4\n|\n|t:|1769553942\n|move|p2a: Lilligant|Quiver Dance|p2a: Lilligant\n|-boost|p2a: Lilligant|spa|1\n|-boost|p2a: Lilligant|spd|1\n|-boost|p2a: Lilligant|spe|1\n|move|p1a: Dustox|Sludge Bomb|p2a: Lilligant\n|-supereffective|p2a: Lilligant\n|-damage|p2a: Lilligant|105/264\n|\n|upkeep\n|turn|5\n|\n|t:|1769553954\n|move|p2a: Lilligant|Hidden Power|p1a: Dustox\n|-supereffective|p1a: Dustox\n|-damage|p1a: Dustox|58/271\n|-damage|p2a: Lilligant|79/264|[from] item: Life Orb\n|move|p1a: Dustox|Sludge Bomb|p2a: Lilligant\n|-supereffective|p2a: Lilligant\n|-damage|p2a: Lilligant|0 fnt\n|faint|p2a: Lilligant\n|\n|-heal|p1a: Dustox|74/271|[from] item: Black Sludge\n|upkeep\n|\n|t:|1769553971\n|switch|p2a: Ledian|Ledian, M|271/271\n|turn|6\n|\n|t:|1769553977\n|switch|p1a: Rhyperior|Rhyperior, L84, F|330/330\n|move|p2a: Ledian|Air Slash|p1a: Rhyperior\n|-resisted|p1a: Rhyperior\n|-damage|p1a: Rhyperior|297/330\n|\n|-fieldend|move: Electric Terrain\n|upkeep\n|turn|7\n|\n|t:|1769554002\n|move|p2a: Ledian|Toxic|p1a: Rhyperior\n|-status|p1a: Rhyperior|tox\n|move|p1a: Rhyperior|Dragon Tail|p2a: Ledian\n|-damage|p2a: Ledian|194/271\n|drag|p2a: Swalot|Swalot, L90, M|326/326\n|\n|-damage|p1a: Rhyperior|277/330 tox|[from] psn\n|upkeep\n|turn|8\n|\n|t:|1769554012\n|move|p2a: Swalot|Protect|p2a: Swalot\n|-singleturn|p2a: Swalot|Protect\n|move|p1a: Rhyperior|Earthquake|p2a: Swalot\n|-activate|p2a: Swalot|move: Protect\n|\n|-damage|p1a: Rhyperior|237/330 tox|[from] psn\n|upkeep\n|turn|9\n|\n|t:|1769554020\n|switch|p2a: Ledian|Ledian, M|194/271\n|switch|p1a: Dustox|Dustox, L96, M|74/271\n|\n|-heal|p2a: Ledian|210/271|[from] item: Leftovers\n|-heal|p1a: Dustox|90/271|[from] item: Black Sludge\n|upkeep\n|turn|10\n|\n|t:|1769554029\n|switch|p1a: Rhyperior|Rhyperior, L84, F|237/330 tox\n|move|p2a: Ledian|Air Slash|p1a: Rhyperior\n|-resisted|p1a: Rhyperior\n|-damage|p1a: Rhyperior|202/330 tox\n|\n|-heal|p2a: Ledian|226/271|[from] item: Leftovers\n|-damage|p1a: Rhyperior|182/330 tox|[from] psn\n|upkeep\n|turn|11\n|\n|t:|1769554039\n|switch|p2a: Swalot|Swalot, L90, M|326/326\n|move|p1a: Rhyperior|Stone Edge|p2a: Swalot\n|-damage|p2a: Swalot|194/326\n|\n|-heal|p2a: Swalot|214/326|[from] item: Black Sludge\n|-damage|p1a: Rhyperior|142/330 tox|[from] psn\n|upkeep\n|turn|12\n|\n|t:|1769554049\n|switch|p1a: Dustox|Dustox, L96, M|90/271\n|move|p2a: Swalot|Protect||[still]\n|-fail|p2a: Swalot\n|\n|-heal|p1a: Dustox|106/271|[from] item: Black Sludge\n|-heal|p2a: Swalot|234/326|[from] item: Black Sludge\n|upkeep\n|turn|13\n|\n|t:|1769554057\n|move|p1a: Dustox|Quiver Dance|p1a: Dustox\n|-boost|p1a: Dustox|spa|1\n|-boost|p1a: Dustox|spd|1\n|-boost|p1a: Dustox|spe|1\n|move|p2a: Swalot|Earthquake|p1a: Dustox\n|-damage|p1a: Dustox|41/271\n|\n|-heal|p1a: Dustox|57/271|[from] item: Black Sludge\n|-heal|p2a: Swalot|254/326|[from] item: Black Sludge\n|upkeep\n|turn|14\n|\n|t:|1769554066\n|move|p1a: Dustox|Roost|p1a: Dustox\n|-heal|p1a: Dustox|193/271\n|-singleturn|p1a: Dustox|move: Roost\n|move|p2a: Swalot|Earthquake|p1a: Dustox\n|-damage|p1a: Dustox|118/271\n|\n|-heal|p1a: Dustox|134/271|[from] item: Black Sludge\n|-heal|p2a: Swalot|274/326|[from] item: Black Sludge\n|upkeep\n|turn|15\n|\n|t:|1769554076\n|switch|p2a: Heatran|Heatran, L80, F|277/277\n|move|p1a: Dustox|Quiver Dance|p1a: Dustox\n|-boost|p1a: Dustox|spa|1\n|-boost|p1a: Dustox|spd|1\n|-boost|p1a: Dustox|spe|1\n|\n|-heal|p1a: Dustox|150/271|[from] item: Black Sludge\n|upkeep\n|turn|16\n|\n|t:|1769554088\n|move|p1a: Dustox|Hidden Power|p2a: Heatran\n|-supereffective|p2a: Heatran\n|-damage|p2a: Heatran|25/277\n|move|p2a: Heatran|Magma Storm|p1a: Dustox\n|-supereffective|p1a: Dustox\n|-damage|p1a: Dustox|36/271\n|-activate|p1a: Dustox|move: Magma Storm|[of] p2a: Heatran\n|\n|-heal|p1a: Dustox|52/271|[from] item: Black Sludge\n|-heal|p2a: Heatran|42/277|[from] item: Leftovers\n|-damage|p1a: Dustox|19/271|[from] move: Magma Storm|[partiallytrapped]\n|upkeep\n|turn|17\n|\n|t:|1769554100\n|move|p2a: Heatran|Protect|p2a: Heatran\n|-singleturn|p2a: Heatran|Protect\n|move|p1a: Dustox|Roost|p1a: Dustox\n|-heal|p1a: Dustox|155/271\n|-singleturn|p1a: Dustox|move: Roost\n|\n|-heal|p1a: Dustox|171/271|[from] item: Black Sludge\n|-heal|p2a: Heatran|59/277|[from] item: Leftovers\n|-damage|p1a: Dustox|138/271|[from] move: Magma Storm|[partiallytrapped]\n|upkeep\n|turn|18\n|\n|t:|1769554112\n|move|p2a: Heatran|Protect|p2a: Heatran\n|-singleturn|p2a: Heatran|Protect\n|move|p1a: Dustox|Hidden Power|p2a: Heatran\n|-activate|p2a: Heatran|move: Protect\n|\n|-heal|p1a: Dustox|154/271|[from] item: Black Sludge\n|-heal|p2a: Heatran|76/277|[from] item: Leftovers\n|-damage|p1a: Dustox|121/271|[from] move: Magma Storm|[partiallytrapped]\n|upkeep\n|turn|19\n|\n|t:|1769554123\n|switch|p2a: Ledian|Ledian, M|226/271\n|move|p1a: Dustox|Roost|p1a: Dustox\n|-heal|p1a: Dustox|257/271\n|-singleturn|p1a: Dustox|move: Roost\n|\n|-heal|p1a: Dustox|271/271|[from] item: Black Sludge\n|-heal|p2a: Ledian|242/271|[from] item: Leftovers\n|-end|p1a: Dustox|Magma Storm|[partiallytrapped]|[silent]\n|upkeep\n|turn|20\n|\n|t:|1769554133\n|move|p1a: Dustox|Sludge Bomb|p2a: Ledian\n|-damage|p2a: Ledian|133/271\n|move|p2a: Ledian|Air Slash|p1a: Dustox\n|-supereffective|p1a: Dustox\n|-damage|p1a: Dustox|203/271\n|\n|-heal|p1a: Dustox|219/271|[from] item: Black Sludge\n|-heal|p2a: Ledian|149/271|[from] item: Leftovers\n|upkeep\n|turn|21\n|\n|t:|1769554153\n|switch|p2a: Kyogre|Kyogre-Primal, L72|173/263\n|-weather|PrimordialSea|[from] ability: Primordial Sea|[of] p2a: Kyogre\n|move|p1a: Dustox|Sludge Bomb|p2a: Kyogre\n|-damage|p2a: Kyogre|59/263\n|-status|p2a: Kyogre|psn\n|\n|-weather|PrimordialSea|[upkeep]\n|-heal|p1a: Dustox|235/271|[from] item: Black Sludge\n|-damage|p2a: Kyogre|27/263 psn|[from] psn\n|upkeep\n|turn|22\n|c|☆CMONMANE|shouldve encored then heatran\n|\n|t:|1769554169\n|move|p1a: Dustox|Sludge Bomb|p2a: Kyogre\n|-damage|p2a: Kyogre|0 fnt\n|faint|p2a: Kyogre\n|-weather|none\n|detailschange|p2: Kyogre|Kyogre, L72|[silent]\n|\n|-heal|p1a: Dustox|251/271|[from] item: Black Sludge\n|upkeep\n|\n|t:|1769554181\n|switch|p2a: Serperior|Serperior, L80, F|251/251\n|turn|23\n|\n|t:|1769554184\n|move|p1a: Dustox|Sludge Bomb|p2a: Serperior\n|-supereffective|p2a: Serperior\n|-damage|p2a: Serperior|0 fnt\n|faint|p2a: Serperior\n|\n|-heal|p1a: Dustox|267/271|[from] item: Black Sludge\n|upkeep\n|-message|hdkdk forfeited.\n|\n|win|CMONMANE\n|raw|CMONMANE's rating: 1671 &rarr; <strong>1700</strong><br />(+29 for winning)\n|raw|hdkdk's rating: 1839 &rarr; <strong>1810</strong><br />(-29 for losing)\n|l|☆hdkdk\n|player|p2|\n|c|☆CMONMANE|gg\n", "inputlog": ">version b99ff0165a6231f17e8b78c2a78d1998375de664\n>start {\"formatid\":\"gen7randombattle\",\"seed\":\"sodium,6ac5a70b373c5217235340ad478e34d0\",\"rated\":\"Rated battle\"}\n>player p1 {\"name\":\"CMONMANE\",\"avatar\":\"unknown\",\"rating\":1671,\"seed\":\"sodium,583794476633720518953369d052fe3d\"}\n>player p2 {\"name\":\"hdkdk\",\"avatar\":\"red\",\"rating\":1839,\"seed\":\"sodium,40070a5de78edebe9be8a95b49094771\"}\n>p1 move knockoff\n>p2 move thunder\n>p1 switch 5\n>p1 move thunderbolt\n>p2 switch 3\n>p1 switch 2\n>p2 move quiverdance\n>p1 move sludgebomb\n>p2 move quiverdance\n>p1 move sludgebomb\n>p2 move hiddenpower\n>p2 switch 6\n>p1 switch 6\n>p2 move airslash\n>p1 move dragontail\n>p2 move toxic\n>p1 move earthquake\n>p2 move protect\n>p1 switch 6\n>p2 switch 4\n>p1 switch 6\n>p2 move airslash\n>p1 move stoneedge\n>p2 switch 4\n>p1 switch 6\n>p2 move protect\n>p1 move quiverdance\n>p2 move earthquake\n>p1 move roost\n>p2 move earthquake\n>p1 move quiverdance\n>p2 switch 2\n>p1 move hiddenpower\n>p2 move magmastorm\n>p1 move roost\n>p2 move protect\n>p1 move hiddenpower\n>p2 move protect\n>p1 move roost\n>p2 switch 4\n>p1 move sludgebomb\n>p2 move airslash\n>p1 move sludgebomb\n>p2 switch 3\n>chat ☆CMONMANE|shouldve encored then heatran\n>p1 move sludgebomb\n>p2 move thunder\n>p2 switch 5\n>p1 move sludgebomb\n>p2 move glare\n>forcelose p2", "uploadtime": 1769554193, "views": 187, "formatid": "gen7randombattle", "rating": 1700, "private": 0, "password": null}