{"id": "gen7randombattle-2538400216", "format": "[Gen 7] Random Battle", "players": ["MimikyuTrainerAsh", "Peewee mcgee xxx"], "log": "|j|☆MimikyuTrainerAsh\n|j|☆Peewee mcgee xxx\n|t:|1770924057\n|gametype|singles\n|player|p1|MimikyuTrainerAsh|pokekid|1629\n|player|p2|Peewee mcgee xxx|266|1603\n|gen|7\n|tier|[Gen 7] Random Battle\n|rated|\n|rule|Sleep Clause Mod: Limit one foe put to sleep\n|rule|HP Percentage Mod: HP is shown in percentages\n|rule|Illusion Level Mod: Illusion disguises the Pokémon's true level\n|\n|t:|1770924058\n|teamsize|p1|6\n|teamsize|p2|6\n|start\n|switch|p1a: Victini|Victini, L76|277/277\n|switch|p2a: Delphox|Delphox, L86, F|269/269\n|turn|1\n|inactive|Battle timer is ON: inactive players will automatically lose when time's up. (requested by MimikyuTrainerAsh)\n|\n|t:|1770924071\n|switch|p2a: Kabutops|Kabutops, L87, M|246/246\n|move|p1a: Victini|Bolt Strike|p2a: Kabutops\n|-supereffective|p2a: Kabutops\n|-damage|p2a: Kabutops|112/246\n|-status|p2a: Kabutops|par\n|\n|upkeep\n|turn|2\n|\n|t:|1770924079\n|move|p1a: Victini|Bolt Strike|p2a: Kabutops\n|-supereffective|p2a: Kabutops\n|-damage|p2a: Kabutops|0 fnt\n|faint|p2a: Kabutops\n|\n|upkeep\n|\n|t:|1770924091\n|switch|p2a: Spinda|Spinda, L99, F|279/279\n|turn|3\n|\n|t:|1770924099\n|move|p1a: Victini|Focus Blast|p2a: Spinda|[miss]\n|-miss|p1a: Victini|p2a: Spinda\n|move|p2a: Spinda|Superpower|p1a: Victini\n|-resisted|p1a: Victini\n|-damage|p1a: Victini|235/277\n|-boost|p2a: Spinda|atk|1\n|-boost|p2a: Spinda|def|1\n|\n|upkeep\n|turn|4\n|\n|t:|1770924104\n|move|p1a: Victini|Focus Blast|p2a: Spinda\n|-supereffective|p2a: Spinda\n|-damage|p2a: Spinda|127/279\n|move|p2a: Spinda|Superpower|p1a: Victini\n|-resisted|p1a: Victini\n|-damage|p1a: Victini|170/277\n|-boost|p2a: Spinda|atk|1\n|-boost|p2a: Spinda|def|1\n|\n|-heal|p2a: Spinda|144/279|[from] item: Leftovers\n|upkeep\n|turn|5\n|c|☆MimikyuTrainerAsh|focus miss 🥀\n|\n|t:|1770924111\n|move|p2a: Spinda|Sucker Punch|p1a: Victini\n|-supereffective|p1a: Victini\n|-damage|p1a: Victini|0 fnt\n|faint|p1a: Victini\n|\n|-heal|p2a: Spinda|161/279|[from] item: Leftovers\n|upkeep\n|\n|t:|1770924115\n|switch|p1a: Volbeat|Volbeat, L91, M|266/266\n|turn|6\n|\n|t:|1770924120\n|move|p1a: Volbeat|Encore|p2a: Spinda\n|-start|p2a: Spinda|Encore\n|move|p2a: Spinda|Sucker Punch||[still]\n|-fail|p2a: Spinda\n|\n|-heal|p2a: Spinda|178/279|[from] item: Leftovers\n|upkeep\n|turn|7\n|\n|t:|1770924129\n|switch|p2a: Jynx|Jynx, L89, F|259/259\n|move|p1a: Volbeat|Thunder Wave|p2a: Jynx\n|-status|p2a: Jynx|par\n|\n|upkeep\n|turn|8\n|\n|t:|1770924133\n|move|p1a: Volbeat|Lunge|p2a: Jynx\n|-supereffective|p2a: Jynx\n|-damage|p2a: Jynx|0 fnt\n|faint|p2a: Jynx\n|\n|upkeep\n|\n|t:|1770924136\n|switch|p2a: Cradily|Cradily, L89, F|298/298\n|turn|9\n|\n|t:|1770924138\n|move|p1a: Volbeat|Thunder Wave|p2a: Cradily\n|-status|p2a: Cradily|par\n|cant|p2a: Cradily|par\n|\n|upkeep\n|turn|10\n|\n|t:|1770924142\n|move|p1a: Volbeat|Lunge|p2a: Cradily\n|-supereffective|p2a: Cradily\n|-damage|p2a: Cradily|142/298 par\n|-unboost|p2a: Cradily|atk|1\n|move|p2a: Cradily|Stone Edge|p1a: Volbeat\n|-supereffective|p1a: Volbeat\n|-damage|p1a: Volbeat|108/266\n|\n|-heal|p1a: Volbeat|124/266|[from] item: Leftovers\n|-heal|p2a: Cradily|160/298 par|[from] item: Leftovers\n|upkeep\n|turn|11\n|\n|t:|1770924146\n|move|p1a: Volbeat|Roost|p1a: Volbeat\n|-heal|p1a: Volbeat|257/266\n|-singleturn|p1a: Volbeat|move: Roost\n|move|p2a: Cradily|Stone Edge|p1a: Volbeat|[miss]\n|-miss|p2a: Cradily|p1a: Volbeat\n|\n|-heal|p1a: Volbeat|266/266|[from] item: Leftovers\n|-heal|p2a: Cradily|178/298 par|[from] item: Leftovers\n|upkeep\n|turn|12\n|\n|t:|1770924148\n|move|p1a: Volbeat|Lunge|p2a: Cradily\n|-supereffective|p2a: Cradily\n|-damage|p2a: Cradily|22/298 par\n|-unboost|p2a: Cradily|atk|1\n|move|p2a: Cradily|Stone Edge|p1a: Volbeat\n|-supereffective|p1a: Volbeat\n|-damage|p1a: Volbeat|150/266\n|\n|-heal|p1a: Volbeat|166/266|[from] item: Leftovers\n|-heal|p2a: Cradily|40/298 par|[from] item: Leftovers\n|upkeep\n|turn|13\n|\n|t:|1770924152\n|move|p1a: Volbeat|Roost|p1a: Volbeat\n|-heal|p1a: Volbeat|266/266\n|-singleturn|p1a: Volbeat|move: Roost\n|cant|p2a: Cradily|par\n|\n|-heal|p2a: Cradily|58/298 par|[from] item: Leftovers\n|upkeep\n|turn|14\n|\n|t:|1770924154\n|move|p1a: Volbeat|Lunge|p2a: Cradily\n|-supereffective|p2a: Cradily\n|-damage|p2a: Cradily|0 fnt\n|faint|p2a: Cradily\n|\n|upkeep\n|\n|t:|1770924155\n|switch|p2a: Delphox|Delphox, L86, F|269/269\n|turn|15\n|c|☆MimikyuTrainerAsh|getting solo’d by volbeat 😭✌️\n|\n|t:|1770924173\n|switch|p1a: Chansey|Chansey, L85, F|564/564\n|move|p2a: Delphox|Fire Blast|p1a: Chansey\n|-crit|p1a: Chansey\n|-damage|p1a: Chansey|440/564\n|\n|upkeep\n|turn|16\n|\n|t:|1770924176\n|switch|p2a: Hitmonchan|Hitmonchan, L87, M|229/229\n|move|p1a: Chansey|Stealth Rock|p2a: Hitmonchan\n|-sidestart|p2: Peewee mcgee xxx|move: Stealth Rock\n|\n|upkeep\n|turn|17\n|\n|t:|1770924182\n|switch|p1a: Volbeat|Volbeat, L91, M|266/266\n|move|p2a: Hitmonchan|Drain Punch|p1a: Volbeat\n|-resisted|p1a: Volbeat\n|-crit|p1a: Volbeat\n|-damage|p1a: Volbeat|139/266\n|\n|-heal|p1a: Volbeat|155/266|[from] item: Leftovers\n|upkeep\n|turn|18\n|\n|t:|1770924187\n|switch|p2a: Delphox|Delphox, L86, F|269/269\n|-damage|p2a: Delphox|202/269|[from] Stealth Rock\n|move|p1a: Volbeat|Encore||[still]\n|-fail|p1a: Volbeat\n|\n|-heal|p1a: Volbeat|171/266|[from] item: Leftovers\n|upkeep\n|turn|19\n|\n|t:|1770924189\n|switch|p1a: Chansey|Chansey, L85, F|440/564\n|move|p2a: Delphox|Psyshock|p1a: Chansey\n|-damage|p1a: Chansey|199/564\n|\n|upkeep\n|turn|20\n|\n|t:|1770924194\n|move|p2a: Delphox|Psyshock|p1a: Chansey\n|-damage|p1a: Chansey|0 fnt\n|faint|p1a: Chansey\n|\n|upkeep\n|\n|t:|1770924195\n|switch|p1a: Magearna|Magearna-Original, L77|250/250\n|turn|21\n|\n|t:|1770924199\n|switch|p2a: Spinda|Spinda, L99, F|178/279\n|-damage|p2a: Spinda|144/279|[from] Stealth Rock\n|move|p1a: Magearna|Volt Switch|p2a: Spinda\n|-damage|p2a: Spinda|82/279\n|\n|t:|1770924203\n|switch|p1a: Hariyama|Hariyama, L87, F|392/392|[from] Volt Switch\n|\n|-heal|p2a: Spinda|99/279|[from] item: Leftovers\n|-status|p1a: Hariyama|brn|[from] item: Flame Orb\n|upkeep\n|turn|22\n|\n|t:|1770924210\n|move|p2a: Spinda|Return|p1a: Hariyama\n|-damage|p1a: Hariyama|260/392 brn\n|move|p1a: Hariyama|Knock Off|p2a: Spinda\n|-damage|p2a: Spinda|0 fnt\n|-enditem|p2a: Spinda|Leftovers|[from] move: Knock Off|[of] p1a: Hariyama\n|faint|p2a: Spinda\n|\n|-damage|p1a: Hariyama|236/392 brn|[from] brn\n|upkeep\n|\n|t:|1770924219\n|switch|p2a: Hitmonchan|Hitmonchan, L87, M|229/229\n|-damage|p2a: Hitmonchan|215/229|[from] Stealth Rock\n|turn|23\n|\n|t:|1770924221\n|move|p2a: Hitmonchan|Drain Punch|p1a: Hariyama\n|-damage|p1a: Hariyama|22/392 brn\n|-heal|p2a: Hitmonchan|229/229|[from] drain|[of] p1a: Hariyama\n|move|p1a: Hariyama|Facade|p2a: Hitmonchan\n|-damage|p2a: Hitmonchan|44/229\n|\n|-damage|p1a: Hariyama|0 fnt|[from] brn\n|faint|p1a: Hariyama\n|upkeep\n|\n|t:|1770924226\n|switch|p1a: Volbeat|Volbeat, L91, M|171/266\n|turn|24\n|\n|t:|1770924229\n|move|p1a: Volbeat|Lunge|p2a: Hitmonchan\n|-resisted|p2a: Hitmonchan\n|-damage|p2a: Hitmonchan|0 fnt\n|faint|p2a: Hitmonchan\n|\n|-heal|p1a: Volbeat|187/266|[from] item: Leftovers\n|upkeep\n|\n|t:|1770924231\n|switch|p2a: Delphox|Delphox, L86, F|202/269\n|-damage|p2a: Delphox|135/269|[from] Stealth Rock\n|turn|25\n|\n|t:|1770924235\n|move|p1a: Volbeat|Thunder Wave|p2a: Delphox\n|-status|p2a: Delphox|par\n|move|p2a: Delphox|Fire Blast|p1a: Volbeat\n|-supereffective|p1a: Volbeat\n|-damage|p1a: Volbeat|0 fnt\n|faint|p1a: Volbeat\n|\n|upkeep\n|\n|t:|1770924240\n|switch|p1a: Vaporeon|Vaporeon, L86, F|364/364\n|turn|26\n|-message|Peewee mcgee xxx forfeited.\n|\n|win|MimikyuTrainerAsh\n|raw|MimikyuTrainerAsh's rating: 1629 &rarr; <strong>1648</strong><br />(+19 for winning)\n|raw|Peewee mcgee xxx's rating: 1603 &rarr; <strong>1584</strong><br />(-19 for losing)\n|c|☆MimikyuTrainerAsh|#GGs\n|l|☆Peewee mcgee xxx\n|player|p2|\n", "inputlog": ">version ccdc32dd7cde25fd9e4bed64820e885f66e78a4e\n>start {\"formatid\":\"gen7randombattle\",\"seed\":\"sodium,9bb1f0f319bff2adf176701137fecbac\",\"rated\":\"Rated battle\"}\n>player p1 {\"name\":\"MimikyuTrainerAsh\",\"avatar\":\"pokekid\",\"rating\":1629,\"seed\":\"sodium,1ca30856b5343b2bb15b73f287190794\"}\n>player p2 {\"name\":\"Peewee mcgee xxx\",\"avatar\":\"266\",\"rating\":1603,\"seed\":\"sodium,705503b7a211f9737ae82ef0cdbac33e\"}\n>p1 move boltstrike\n>p2 switch 2\n>p1 move boltstrike\n>p2 move liquidation\n>p2 switch 4\n>p1 move focusblast\n>p2 move superpower\n>p1 move focusblast\n>p2 move superpower\n>chat ☆MimikyuTrainerAsh|focus miss 🥀\n>p1 move focusblast\n>p2 move suckerpunch\n>p1 switch 5\n>p1 move encore\n>p2 move return\n>p1 move thunderwave\n>p2 switch 6\n>p1 move lunge\n>p2 move trick\n>p2 switch 3\n>p1 move thunderwave\n>p2 move stoneedge\n>p1 move lunge\n>p2 move stoneedge\n>p1 move roost\n>p2 move stoneedge\n>p1 move lunge\n>p2 move stoneedge\n>p1 move roost\n>p2 move stoneedge\n>p1 move lunge\n>p2 move stoneedge\n>p2 switch 2\n>chat ☆MimikyuTrainerAsh|getting solo’d by volbeat 😭✌️\n>p1 switch 6\n>p2 move fireblast\n>p1 move stealthrock\n>p2 switch 5\n>p1 switch 6\n>p2 move drainpunch\n>p1 move encore\n>p2 switch 5\n>p1 switch 6\n>p2 move psyshock\n>p1 move seismictoss\n>p2 move psyshock\n>p1 switch 2\n>p1 move voltswitch\n>p2 switch 6\n>p1 switch 3\n>p1 move knockoff\n>p2 move return\n>p2 switch 5\n>p1 move facade\n>p2 move drainpunch\n>p1 switch 6\n>p1 move lunge\n>p2 move drainpunch\n>p2 switch 6\n>p1 move thunderwave\n>p2 move fireblast\n>p1 switch 4\n>forcelose p2", "uploadtime": 1770924249, "views": 215, "formatid": "gen7randombattle", "rating": 1584, "private": 0, "password": null}