{"id": "gen7randombattle-2523338838", "format": "[Gen 7] Random Battle", "players": ["Red123167", "killmonger1397"], "log": "|j|☆Red123167\n|j|☆killmonger1397\n|t:|1769016453\n|gametype|singles\n|player|p1|Red123167|169|1664\n|player|p2|killmonger1397|169|1576\n|gen|7\n|tier|[Gen 7] Random Battle\n|rated|\n|rule|Sleep Clause Mod: Limit one foe put to sleep\n|rule|HP Percentage Mod: HP is shown in percentages\n|rule|Illusion Level Mod: Illusion disguises the Pokémon's true level\n|\n|t:|1769016453\n|teamsize|p1|6\n|teamsize|p2|6\n|start\n|switch|p1a: Seaking|Seaking, L95, F|306/306\n|switch|p2a: Aggron|Aggron, L87, F|264/264\n|-item|p2a: Aggron|Air Balloon\n|turn|1\n|\n|t:|1769016458\n|switch|p2a: Tangrowth|Tangrowth, L89, F|323/323\n|move|p1a: Seaking|Waterfall|p2a: Tangrowth\n|-resisted|p2a: Tangrowth\n|-damage|p2a: Tangrowth|275/323\n|-damage|p1a: Seaking|276/306|[from] item: Life Orb\n|\n|-heal|p2a: Tangrowth|295/323|[from] item: Leftovers\n|upkeep\n|turn|2\n|\n|t:|1769016462\n|move|p1a: Seaking|Ice Beam|p2a: Tangrowth\n|-supereffective|p2a: Tangrowth\n|-crit|p2a: Tangrowth\n|-damage|p2a: Tangrowth|0 fnt\n|faint|p2a: Tangrowth\n|-damage|p1a: Seaking|246/306|[from] item: Life Orb\n|\n|upkeep\n|\n|t:|1769016466\n|switch|p2a: Kingler|Kingler, L87, F|237/237\n|turn|3\n|\n|t:|1769016471\n|move|p1a: Seaking|Knock Off|p2a: Kingler\n|-damage|p2a: Kingler|146/237\n|-enditem|p2a: Kingler|Life Orb|[from] move: Knock Off|[of] p1a: Seaking\n|-damage|p1a: Seaking|216/306|[from] item: Life Orb\n|move|p2a: Kingler|Swords Dance|p2a: Kingler\n|-boost|p2a: Kingler|atk|2\n|\n|upkeep\n|turn|4\n|\n|t:|1769016479\n|move|p1a: Seaking|Ice Beam|p2a: Kingler\n|-resisted|p2a: Kingler\n|-damage|p2a: Kingler|86/237\n|-damage|p1a: Seaking|186/306|[from] item: Life Orb\n|move|p2a: Kingler|X-Scissor|p1a: Seaking\n|-damage|p1a: Seaking|18/306\n|\n|upkeep\n|turn|5\n|\n|t:|1769016482\n|move|p1a: Seaking|Ice Beam|p2a: Kingler\n|-resisted|p2a: Kingler\n|-damage|p2a: Kingler|30/237\n|-damage|p1a: Seaking|0 fnt|[from] item: Life Orb\n|faint|p1a: Seaking\n|move|p2a: Kingler|Liquidation|p1: Seaking|[notarget]\n|-fail|p2a: Kingler\n|\n|upkeep\n|\n|t:|1769016497\n|switch|p1a: Darmanitan|Darmanitan, L82, M|306/306\n|turn|6\n|\n|t:|1769016501\n|move|p1a: Darmanitan|Flare Blitz|p2a: Kingler\n|-resisted|p2a: Kingler\n|-damage|p2a: Kingler|0 fnt\n|faint|p2a: Kingler\n|-damage|p1a: Darmanitan|296/306|[from] Recoil\n|\n|upkeep\n|\n|t:|1769016504\n|switch|p2a: Aggron|Aggron, L87, F|264/264\n|-item|p2a: Aggron|Air Balloon\n|turn|7\n|\n|t:|1769016507\n|move|p1a: Darmanitan|Superpower|p2a: Aggron\n|-supereffective|p2a: Aggron\n|-damage|p2a: Aggron|0 fnt\n|-unboost|p1a: Darmanitan|atk|1\n|-unboost|p1a: Darmanitan|def|1\n|-enditem|p2a: Aggron|Air Balloon\n|faint|p2a: Aggron\n|-damage|p1a: Darmanitan|266/306|[from] item: Life Orb\n|\n|upkeep\n|\n|t:|1769016511\n|switch|p2a: Blaziken|Blaziken, L73, F|237/237\n|turn|8\n|\n|t:|1769016518\n|move|p1a: Darmanitan|Earthquake|p2a: Blaziken\n|-supereffective|p2a: Blaziken\n|-damage|p2a: Blaziken|42/237\n|-damage|p1a: Darmanitan|236/306|[from] item: Life Orb\n|move|p2a: Blaziken|Swords Dance|p2a: Blaziken\n|-boost|p2a: Blaziken|atk|2\n|\n|-ability|p2a: Blaziken|Speed Boost|boost\n|-boost|p2a: Blaziken|spe|1\n|upkeep\n|turn|9\n|\n|t:|1769016528\n|detailschange|p2a: Blaziken|Blaziken-Mega, L73, F\n|-mega|p2a: Blaziken|Blaziken|Blazikenite\n|move|p2a: Blaziken|High Jump Kick|p1a: Darmanitan\n|-damage|p1a: Darmanitan|0 fnt\n|faint|p1a: Darmanitan\n|\n|-ability|p2a: Blaziken|Speed Boost|boost\n|-boost|p2a: Blaziken|spe|1\n|upkeep\n|\n|t:|1769016530\n|switch|p1a: Samurott|Samurott, L88, M|310/310\n|turn|10\n|\n|t:|1769016534\n|move|p2a: Blaziken|Protect|p2a: Blaziken\n|-singleturn|p2a: Blaziken|Protect\n|move|p1a: Samurott|Aqua Jet|p2a: Blaziken\n|-activate|p2a: Blaziken|move: Protect\n|\n|-ability|p2a: Blaziken|Speed Boost|boost\n|-boost|p2a: Blaziken|spe|1\n|upkeep\n|turn|11\n|\n|t:|1769016537\n|switch|p2a: Feraligatr|Feraligatr, L79, F|264/264\n|move|p1a: Samurott|Aqua Jet|p2a: Feraligatr\n|-resisted|p2a: Feraligatr\n|-damage|p2a: Feraligatr|234/264\n|-damage|p1a: Samurott|279/310|[from] item: Life Orb\n|\n|upkeep\n|turn|12\n|\n|t:|1769016544\n|move|p1a: Samurott|Sacred Sword|p2a: Feraligatr\n|-damage|p2a: Feraligatr|144/264\n|-damage|p1a: Samurott|248/310|[from] item: Life Orb\n|move|p2a: Feraligatr|Dragon Dance|p2a: Feraligatr\n|-boost|p2a: Feraligatr|atk|1\n|-boost|p2a: Feraligatr|spe|1\n|\n|upkeep\n|turn|13\n|\n|t:|1769016553\n|move|p2a: Feraligatr|Earthquake|p1a: Samurott\n|-damage|p1a: Samurott|115/310\n|-damage|p2a: Feraligatr|118/264|[from] item: Life Orb\n|move|p1a: Samurott|Sacred Sword|p2a: Feraligatr\n|-damage|p2a: Feraligatr|28/264\n|-damage|p1a: Samurott|84/310|[from] item: Life Orb\n|\n|upkeep\n|turn|14\n|\n|t:|1769016559\n|move|p1a: Samurott|Aqua Jet|p2a: Feraligatr\n|-resisted|p2a: Feraligatr\n|-damage|p2a: Feraligatr|0 fnt\n|faint|p2a: Feraligatr\n|-damage|p1a: Samurott|53/310|[from] item: Life Orb\n|\n|upkeep\n|\n|t:|1769016562\n|switch|p2a: Raticate|Raticate, L88, M|240/240\n|turn|15\n|\n|t:|1769016567\n|switch|p1a: Chatot|Chatot, L89, M|279/279\n|move|p2a: Raticate|Facade|p1a: Chatot\n|-damage|p1a: Chatot|168/279\n|\n|-status|p2a: Raticate|brn|[from] item: Flame Orb\n|upkeep\n|turn|16\n|\n|t:|1769016571\n|move|p2a: Raticate|Facade|p1a: Chatot\n|-damage|p1a: Chatot|0 fnt\n|faint|p1a: Chatot\n|\n|-damage|p2a: Raticate|225/240 brn|[from] brn\n|upkeep\n|\n|t:|1769016574\n|switch|p1a: Chimecho|Chimecho, L95, M|296/296\n|turn|17\n|\n|t:|1769016577\n|move|p2a: Raticate|Crunch|p1a: Chimecho\n|-supereffective|p1a: Chimecho\n|-crit|p1a: Chimecho\n|-damage|p1a: Chimecho|48/296\n|move|p1a: Chimecho|Psyshock|p2a: Raticate\n|-damage|p2a: Raticate|96/240 brn\n|\n|-heal|p1a: Chimecho|66/296|[from] item: Leftovers\n|-damage|p2a: Raticate|81/240 brn|[from] brn\n|upkeep\n|turn|18\n|\n|t:|1769016580\n|move|p2a: Raticate|Facade|p1a: Chimecho\n|-damage|p1a: Chimecho|0 fnt\n|faint|p1a: Chimecho\n|\n|-damage|p2a: Raticate|66/240 brn|[from] brn\n|upkeep\n|\n|t:|1769016585\n|switch|p1a: Ursaring|Ursaring, L85, M|292/292\n|turn|19\n|\n|t:|1769016588\n|move|p2a: Raticate|Facade|p1a: Ursaring\n|-damage|p1a: Ursaring|34/292\n|move|p1a: Ursaring|Facade|p2a: Raticate\n|-damage|p2a: Raticate|0 fnt\n|faint|p2a: Raticate\n|\n|-status|p1a: Ursaring|brn|[from] item: Flame Orb\n|upkeep\n|\n|t:|1769016591\n|switch|p2a: Blaziken|Blaziken-Mega, L73, F|42/237\n|turn|20\n|\n|t:|1769016596\n|move|p2a: Blaziken|Flare Blitz|p1a: Ursaring\n|-damage|p1a: Ursaring|0 fnt\n|faint|p1a: Ursaring\n|-damage|p2a: Blaziken|31/237|[from] Recoil\n|\n|-ability|p2a: Blaziken|Speed Boost|boost\n|-boost|p2a: Blaziken|spe|1\n|upkeep\n|\n|t:|1769016597\n|switch|p1a: Samurott|Samurott, L88, M|53/310\n|turn|21\n|\n|t:|1769016602\n|move|p1a: Samurott|Aqua Jet|p2a: Blaziken\n|-supereffective|p2a: Blaziken\n|-damage|p2a: Blaziken|0 fnt\n|faint|p2a: Blaziken\n|detailschange|p2: Blaziken|Blaziken, L73, F|[silent]\n|-damage|p1a: Samurott|22/310|[from] item: Life Orb\n|\n|win|Red123167\n|raw|Red123167's rating: 1664 &rarr; <strong>1679</strong><br />(+15 for winning)\n|raw|killmonger1397's rating: 1576 &rarr; <strong>1561</strong><br />(-15 for losing)\n|c|☆Red123167|Gg\n|l|☆killmonger1397\n|player|p2|\n", "inputlog": ">version 3bd1a1e329da8d286644078cfc9a9638fc7ea025\n>start {\"formatid\":\"gen7randombattle\",\"seed\":\"sodium,cb9415d5bc0452ce261eb13d84823dca\",\"rated\":\"Rated battle\"}\n>player p1 {\"name\":\"Red123167\",\"avatar\":\"169\",\"rating\":1664,\"seed\":\"sodium,5c0cb22ab201a5c686d26dfb0536a404\"}\n>player p2 {\"name\":\"killmonger1397\",\"avatar\":\"169\",\"rating\":1576,\"seed\":\"sodium,ba23d53b57fb6b6f248362d07c78c70a\"}\n>p1 move waterfall\n>p2 switch 2\n>p1 move icebeam\n>p2 move sleeppowder\n>p2 switch 6\n>p1 move knockoff\n>p2 move swordsdance\n>p1 move icebeam\n>p2 move xscissor\n>p1 move icebeam\n>p2 move liquidation\n>p1 switch 3\n>p1 move flareblitz\n>p2 move liquidation\n>p2 switch 2\n>p1 move superpower\n>p2 move stealthrock\n>p2 switch 3\n>p1 move earthquake\n>p2 move swordsdance\n>p1 move earthquake\n>p2 move highjumpkick mega\n>p1 switch 4\n>p1 move aquajet\n>p2 move protect\n>p1 move aquajet\n>p2 switch 4\n>p1 move sacredsword\n>p2 move dragondance\n>p1 move sacredsword\n>p2 move earthquake\n>p1 move aquajet\n>p2 move earthquake\n>p2 switch 5\n>p1 switch 5\n>p2 move facade\n>p1 move boomburst\n>p2 move facade\n>p1 switch 2\n>p1 move psyshock\n>p2 move crunch\n>p1 move psyshock\n>p2 move facade\n>p1 switch 6\n>p1 move facade\n>p2 move facade\n>p2 switch 4\n>p1 move facade\n>p2 move flareblitz\n>p1 switch 5\n>p1 move aquajet\n>p2 move flareblitz", "uploadtime": 1769016619, "views": 172, "formatid": "gen7randombattle", "rating": 1561, "private": 0, "password": null}