{"id": "gen7randombattle-2535648612", "format": "[Gen 7] Random Battle", "players": ["phuckstephcurry", "La.Hellhound"], "log": "|j|☆phuckstephcurry\n|j|‽La.Hellhound\n|t:|1770590884\n|gametype|singles\n|player|p1|phuckstephcurry|266|1610\n|player|p2|La.Hellhound|bruno|1641\n|gen|7\n|tier|[Gen 7] Random Battle\n|rated|\n|rule|Sleep Clause Mod: Limit one foe put to sleep\n|rule|HP Percentage Mod: HP is shown in percentages\n|rule|Illusion Level Mod: Illusion disguises the Pokémon's true level\n|\n|t:|1770590884\n|teamsize|p1|6\n|teamsize|p2|6\n|start\n|switch|p1a: Pachirisu|Pachirisu, L96, M|271/271\n|switch|p2a: Audino|Audino, L92, M|339/339\n|turn|1\n|inactive|Battle timer is ON: inactive players will automatically lose when time's up. (requested by La.Hellhound)\n|inactive|phuckstephcurry also wants the timer to be on.\n|inactive|La.Hellhound has 120 seconds left.\n|inactive|La.Hellhound has 90 seconds left.\n|\n|t:|1770590973\n|move|p1a: Pachirisu|Toxic|p2a: Audino\n|-status|p2a: Audino|tox\n|move|p2a: Audino|Toxic|p1a: Pachirisu\n|-status|p1a: Pachirisu|tox\n|\n|-damage|p1a: Pachirisu|255/271 tox|[from] psn\n|-damage|p2a: Audino|318/339 tox|[from] psn\n|upkeep\n|turn|2\n|inactive|La.Hellhound has 120 seconds left.\n|inactive|La.Hellhound has 90 seconds left.\n|\n|t:|1770591021\n|move|p1a: Pachirisu|U-turn|p2a: Audino\n|-damage|p2a: Audino|283/339 tox\n|inactive|phuckstephcurry has 120 seconds left.\n|\n|t:|1770591054\n|switch|p1a: Escavalier|Escavalier, L85, M|258/258|[from] U-turn\n|move|p2a: Audino|Wish|p2a: Audino\n|\n|-damage|p2a: Audino|241/339 tox|[from] psn\n|upkeep\n|turn|3\n|\n|t:|1770591061\n|switch|p2a: Cofagrigus|Cofagrigus, L89, F|248/248\n|move|p1a: Escavalier|Knock Off|p2a: Cofagrigus\n|-supereffective|p2a: Cofagrigus\n|-damage|p2a: Cofagrigus|76/248\n|-ability|p1a: Escavalier|Mummy|Overcoat|[from] ability: Mummy|[of] p2a: Cofagrigus\n|-activate|p2a: Cofagrigus|ability: Mummy|Overcoat|[of] p1a: Escavalier\n|-enditem|p2a: Cofagrigus|Leftovers|[from] move: Knock Off|[of] p1a: Escavalier\n|\n|-heal|p2a: Cofagrigus|245/248|[from] move: Wish|[wisher] Audino\n|upkeep\n|turn|4\n|\n|t:|1770591074\n|switch|p1a: Pachirisu|Pachirisu, L96, M|255/271 tox\n|move|p2a: Cofagrigus|Toxic Spikes|p1a: Pachirisu\n|-sidestart|p1: phuckstephcurry|move: Toxic Spikes\n|\n|-heal|p1a: Pachirisu|271/271 tox|[from] item: Leftovers\n|-damage|p1a: Pachirisu|255/271 tox|[from] psn\n|upkeep\n|turn|5\n|\n|t:|1770591083\n|switch|p2a: Audino|Audino, L92, M|339/339 tox\n|move|p1a: Pachirisu|Toxic|p2a: Audino\n|-fail|p2a: Audino|tox\n|\n|-heal|p1a: Pachirisu|271/271 tox|[from] item: Leftovers\n|-damage|p1a: Pachirisu|239/271 tox|[from] psn\n|-damage|p2a: Audino|318/339 tox|[from] psn\n|upkeep\n|turn|6\n|\n|t:|1770591103\n|move|p1a: Pachirisu|U-turn|p2a: Audino\n|-damage|p2a: Audino|281/339 tox\n|\n|t:|1770591105\n|switch|p1a: Minior|Minior-Green, L79|223/223|[from] U-turn\n|-formechange|p1a: Minior|Minior-Meteor||[from] ability: Shields Down\n|move|p2a: Audino|Dazzling Gleam|p1a: Minior\n|-damage|p1a: Minior|177/223\n|\n|-damage|p2a: Audino|239/339 tox|[from] psn\n|upkeep\n|turn|7\n|\n|t:|1770591114\n|switch|p2a: Cofagrigus|Cofagrigus, L89, F|245/248\n|move|p1a: Minior|Shell Smash|p1a: Minior\n|-unboost|p1a: Minior|def|1\n|-unboost|p1a: Minior|spd|1\n|-boost|p1a: Minior|atk|2\n|-boost|p1a: Minior|spa|2\n|-boost|p1a: Minior|spe|2\n|-enditem|p1a: Minior|White Herb\n|-clearnegativeboost|p1a: Minior|[silent]\n|\n|upkeep\n|turn|8\n|\n|t:|1770591124\n|move|p1a: Minior|Power Gem|p2a: Cofagrigus\n|-damage|p2a: Cofagrigus|163/248\n|move|p2a: Cofagrigus|Haze|p2a: Cofagrigus\n|-clearallboost\n|\n|upkeep\n|turn|9\n|\n|t:|1770591151\n|switch|p1a: Pachirisu|Pachirisu, L96, M|239/271 tox\n|move|p2a: Cofagrigus|Shadow Ball|p1a: Pachirisu\n|-damage|p1a: Pachirisu|152/271 tox\n|\n|-heal|p1a: Pachirisu|168/271 tox|[from] item: Leftovers\n|-damage|p1a: Pachirisu|152/271 tox|[from] psn\n|upkeep\n|turn|10\n|\n|t:|1770591164\n|switch|p2a: Audino|Audino, L92, M|339/339 tox\n|move|p1a: Pachirisu|Thunderbolt|p2a: Audino\n|-damage|p2a: Audino|266/339 tox\n|\n|-heal|p1a: Pachirisu|168/271 tox|[from] item: Leftovers\n|-damage|p1a: Pachirisu|136/271 tox|[from] psn\n|-damage|p2a: Audino|245/339 tox|[from] psn\n|upkeep\n|turn|11\n|\n|t:|1770591174\n|move|p1a: Pachirisu|Thunderbolt|p2a: Audino\n|-damage|p2a: Audino|178/339 tox\n|move|p2a: Audino|Wish|p2a: Audino\n|\n|-heal|p1a: Pachirisu|152/271 tox|[from] item: Leftovers\n|-damage|p1a: Pachirisu|104/271 tox|[from] psn\n|-damage|p2a: Audino|136/339 tox|[from] psn\n|upkeep\n|turn|12\n|\n|t:|1770591186\n|move|p1a: Pachirisu|Thunderbolt|p2a: Audino\n|-damage|p2a: Audino|70/339 tox\n|move|p2a: Audino|Dazzling Gleam|p1a: Pachirisu\n|-damage|p1a: Pachirisu|63/271 tox\n|\n|-heal|p2a: Audino|239/339 tox|[from] move: Wish|[wisher] Audino\n|-heal|p1a: Pachirisu|79/271 tox|[from] item: Leftovers\n|-damage|p1a: Pachirisu|15/271 tox|[from] psn\n|-damage|p2a: Audino|176/339 tox|[from] psn\n|upkeep\n|turn|13\n|\n|t:|1770591197\n|switch|p2a: Whiscash|Whiscash, L89, M|341/341\n|move|p1a: Pachirisu|U-turn|p2a: Whiscash\n|-damage|p2a: Whiscash|299/341\n|\n|t:|1770591202\n|switch|p1a: Leafeon|Leafeon, L88, M|258/258|[from] U-turn\n|-status|p1a: Leafeon|psn\n|\n|-heal|p2a: Whiscash|320/341|[from] item: Leftovers\n|-damage|p1a: Leafeon|226/258 psn|[from] psn\n|upkeep\n|turn|14\n|\n|t:|1770591210\n|switch|p2a: Cacturne|Cacturne, L93, M|281/281\n|move|p1a: Leafeon|Swords Dance|p1a: Leafeon\n|-boost|p1a: Leafeon|atk|2\n|\n|-damage|p1a: Leafeon|194/258 psn|[from] psn\n|upkeep\n|turn|15\n|inactive|La.Hellhound has 120 seconds left.\n|\n|t:|1770591219\n|move|p2a: Cacturne|Sucker Punch|p1a: Leafeon\n|-damage|p1a: Leafeon|104/258 psn\n|-damage|p2a: Cacturne|253/281|[from] item: Life Orb\n|move|p1a: Leafeon|Double-Edge|p2a: Cacturne\n|-damage|p2a: Cacturne|0 fnt\n|faint|p2a: Cacturne\n|-damage|p1a: Leafeon|21/258 psn|[from] Recoil\n|-damage|p1a: Leafeon|0 fnt|[from] item: Life Orb\n|faint|p1a: Leafeon\n|\n|upkeep\n|inactive|La.Hellhound has 120 seconds left.\n|\n|t:|1770591248\n|switch|p1a: Stantler|Stantler, L92, F|283/283\n|switch|p2a: Cofagrigus|Cofagrigus, L89, F|163/248\n|-status|p1a: Stantler|psn\n|-ability|p1a: Stantler|Intimidate|boost\n|-unboost|p2a: Cofagrigus|atk|1\n|turn|16\n|\n|t:|1770591271\n|switch|p2a: Audino|Audino, L92, M|289/339 tox\n|move|p1a: Stantler|Throat Chop|p2a: Audino\n|-damage|p2a: Audino|192/339 tox\n|-start|p2a: Audino|Throat Chop|[silent]\n|\n|-damage|p1a: Stantler|248/283 psn|[from] psn\n|-damage|p2a: Audino|171/339 tox|[from] psn\n|upkeep\n|turn|17\n|\n|t:|1770591280\n|switch|p1a: Escavalier|Escavalier, L85, M|258/258\n|move|p2a: Audino|Wish|p2a: Audino\n|\n|-damage|p2a: Audino|129/339 tox|[from] psn\n|-end|p2a: Audino|Throat Chop|[silent]\n|upkeep\n|turn|18\n|\n|t:|1770591290\n|switch|p2a: Cofagrigus|Cofagrigus, L89, F|163/248\n|switch|p1a: Stantler|Stantler, L92, F|248/283 psn\n|-ability|p1a: Stantler|Intimidate|boost\n|-unboost|p2a: Cofagrigus|atk|1\n|\n|-heal|p2a: Cofagrigus|248/248|[from] move: Wish|[wisher] Audino\n|-damage|p1a: Stantler|213/283 psn|[from] psn\n|upkeep\n|turn|19\n|\n|t:|1770591304\n|move|p1a: Stantler|Throat Chop|p2a: Cofagrigus\n|-supereffective|p2a: Cofagrigus\n|-damage|p2a: Cofagrigus|132/248\n|-start|p2a: Cofagrigus|Throat Chop|[silent]\n|-ability|p1a: Stantler|Mummy|Intimidate|[from] ability: Mummy|[of] p2a: Cofagrigus\n|-activate|p2a: Cofagrigus|ability: Mummy|Intimidate|[of] p1a: Stantler\n|move|p2a: Cofagrigus|Toxic Spikes|p1a: Stantler\n|-sidestart|p1: phuckstephcurry|move: Toxic Spikes\n|\n|-damage|p1a: Stantler|178/283 psn|[from] psn\n|upkeep\n|turn|20\n|\n|t:|1770591320\n|switch|p2a: Audino|Audino, L92, M|242/339 tox\n|move|p1a: Stantler|Throat Chop|p2a: Audino\n|-damage|p2a: Audino|157/339 tox\n|-start|p2a: Audino|Throat Chop|[silent]\n|\n|-damage|p1a: Stantler|143/283 psn|[from] psn\n|-damage|p2a: Audino|136/339 tox|[from] psn\n|upkeep\n|turn|21\n|\n|t:|1770591333\n|switch|p2a: Whiscash|Whiscash, L89, M|320/341\n|move|p1a: Stantler|Throat Chop|p2a: Whiscash\n|-damage|p2a: Whiscash|209/341\n|-start|p2a: Whiscash|Throat Chop|[silent]\n|\n|-heal|p2a: Whiscash|230/341|[from] item: Leftovers\n|-damage|p1a: Stantler|108/283 psn|[from] psn\n|upkeep\n|turn|22\n|\n|t:|1770591341\n|switch|p1a: Emolga|Emolga, L90, M|245/245\n|move|p2a: Whiscash|Protect||[still]\n|-fail|p2a: Whiscash\n|\n|-heal|p2a: Whiscash|251/341|[from] item: Leftovers\n|-end|p2a: Whiscash|Throat Chop|[silent]\n|upkeep\n|turn|23\n|\n|t:|1770591347\n|move|p1a: Emolga|Knock Off|p2a: Whiscash\n|-crit|p2a: Whiscash\n|-damage|p2a: Whiscash|146/341\n|-enditem|p2a: Whiscash|Leftovers|[from] move: Knock Off|[of] p1a: Emolga\n|move|p2a: Whiscash|Toxic|p1a: Emolga\n|-status|p1a: Emolga|tox\n|\n|-damage|p1a: Emolga|230/245 tox|[from] psn\n|upkeep\n|turn|24\n|inactive|La.Hellhound has 120 seconds left.\n|\n|t:|1770591356\n|move|p2a: Whiscash|Protect|p2a: Whiscash\n|-singleturn|p2a: Whiscash|Protect\n|move|p1a: Emolga|Acrobatics|p2a: Whiscash\n|-activate|p2a: Whiscash|move: Protect\n|\n|-damage|p1a: Emolga|200/245 tox|[from] psn\n|upkeep\n|turn|25\n|\n|t:|1770591366\n|switch|p2a: Audino|Audino, L92, M|249/339 tox\n|move|p1a: Emolga|Acrobatics|p2a: Audino\n|-damage|p2a: Audino|140/339 tox\n|\n|-damage|p1a: Emolga|155/245 tox|[from] psn\n|-damage|p2a: Audino|119/339 tox|[from] psn\n|upkeep\n|turn|26\n|\n|t:|1770591374\n|switch|p2a: Whiscash|Whiscash, L89, M|146/341\n|move|p1a: Emolga|Acrobatics|p2a: Whiscash\n|-damage|p2a: Whiscash|28/341\n|\n|-damage|p1a: Emolga|95/245 tox|[from] psn\n|upkeep\n|turn|27\n|\n|t:|1770591382\n|move|p1a: Emolga|Roost|p1a: Emolga\n|-heal|p1a: Emolga|218/245 tox\n|-singleturn|p1a: Emolga|move: Roost\n|move|p2a: Whiscash|Earthquake|p1a: Emolga\n|-supereffective|p1a: Emolga\n|-damage|p1a: Emolga|0 fnt\n|faint|p1a: Emolga\n|\n|upkeep\n|\n|t:|1770591390\n|switch|p1a: Pachirisu|Pachirisu, L96, M|15/271 tox\n|turn|28\n|\n|t:|1770591394\n|move|p2a: Whiscash|Protect|p2a: Whiscash\n|-singleturn|p2a: Whiscash|Protect\n|move|p1a: Pachirisu|U-turn|p2a: Whiscash\n|-activate|p2a: Whiscash|move: Protect\n|\n|-heal|p1a: Pachirisu|31/271 tox|[from] item: Leftovers\n|-damage|p1a: Pachirisu|15/271 tox|[from] psn\n|upkeep\n|turn|29\n|\n|t:|1770591403\n|switch|p2a: Audino|Audino, L92, M|232/339 tox\n|move|p1a: Pachirisu|U-turn|p2a: Audino\n|-damage|p2a: Audino|194/339 tox\n|\n|t:|1770591409\n|switch|p1a: Stantler|Stantler, L92, F|108/283 psn|[from] U-turn\n|-ability|p1a: Stantler|Intimidate|boost\n|-unboost|p2a: Audino|atk|1\n|\n|-damage|p1a: Stantler|73/283 psn|[from] psn\n|-damage|p2a: Audino|173/339 tox|[from] psn\n|upkeep\n|turn|30\n|\n|t:|1770591417\n|move|p2a: Audino|Protect|p2a: Audino\n|-singleturn|p2a: Audino|Protect\n|move|p1a: Stantler|Double-Edge|p2a: Audino\n|-activate|p2a: Audino|move: Protect\n|\n|-damage|p1a: Stantler|38/283 psn|[from] psn\n|-damage|p2a: Audino|131/339 tox|[from] psn\n|upkeep\n|turn|31\n|-message|phuckstephcurry forfeited.\n|\n|win|La.Hellhound\n|raw|phuckstephcurry's rating: 1610 &rarr; <strong>1592</strong><br />(-18 for losing)\n|raw|La.Hellhound's rating: 1641 &rarr; <strong>1659</strong><br />(+18 for winning)\n|l|☆phuckstephcurry\n|player|p1|\n", "inputlog": ">version ccdc32dd7cde25fd9e4bed64820e885f66e78a4e\n>start {\"formatid\":\"gen7randombattle\",\"seed\":\"sodium,e429179e285644fa8b9384f310779e4e\",\"rated\":\"Rated battle\"}\n>player p1 {\"name\":\"phuckstephcurry\",\"avatar\":\"266\",\"rating\":1610,\"seed\":\"sodium,065bc74a19fc220c825b7bf4ad48ce08\"}\n>player p2 {\"name\":\"La.Hellhound\",\"avatar\":\"bruno\",\"rating\":1641,\"seed\":\"sodium,de5b438f83177aeac5113f259b2708ee\"}\n>p1 move toxic\n>p2 move toxic\n>p1 move uturn\n>p2 move wish\n>p1 switch 4\n>p1 move knockoff\n>p2 switch 6\n>p1 switch 4\n>p2 move toxicspikes\n>p1 move toxic\n>p2 switch 6\n>p1 move uturn\n>p2 move dazzlinggleam\n>p1 switch 6\n>p1 move shellsmash\n>p2 switch 6\n>p1 move powergem\n>p2 move haze\n>p1 switch 6\n>p2 move shadowball\n>p1 move thunderbolt\n>p2 switch 6\n>p1 move thunderbolt\n>p2 move wish\n>p1 move thunderbolt\n>p2 move dazzlinggleam\n>p1 move uturn\n>p2 switch 3\n>p1 switch 5\n>p1 move swordsdance\n>p2 switch 5\n>p1 move doubleedge\n>p2 move suckerpunch\n>p1 switch 3\n>p2 switch 6\n>p1 move throatchop\n>p2 switch 3\n>p1 switch 4\n>p2 move wish\n>p1 switch 4\n>p2 switch 3\n>p1 move throatchop\n>p2 move toxicspikes\n>p1 move throatchop\n>p2 switch 3\n>p1 move throatchop\n>p2 switch 5\n>p1 switch 2\n>p2 move protect\n>p1 move knockoff\n>p2 move toxic\n>p1 move acrobatics\n>p2 move protect\n>p1 move acrobatics\n>p2 switch 5\n>p1 move acrobatics\n>p2 switch 5\n>p1 move roost\n>p2 move earthquake\n>p1 switch 5\n>p1 move uturn\n>p2 move protect\n>p1 move uturn\n>p2 switch 5\n>p1 switch 2\n>p1 move doubleedge\n>p2 move protect\n>forcelose p1", "uploadtime": 1770591429, "views": 196, "formatid": "gen7randombattle", "rating": 1592, "private": 0, "password": null}