{"id": "gen7randombattle-2523962734", "format": "[Gen 7] Random Battle", "players": ["alex938", "gta54321"], "log": "|j|☆alex938\n|j|☆gta54321\n|t:|1769095141\n|gametype|singles\n|player|p1|alex938|ethan|1637\n|player|p2|gta54321|plasmagrunt|1761\n|gen|7\n|tier|[Gen 7] Random Battle\n|rated|\n|rule|Sleep Clause Mod: Limit one foe put to sleep\n|rule|HP Percentage Mod: HP is shown in percentages\n|rule|Illusion Level Mod: Illusion disguises the Pokémon's true level\n|\n|t:|1769095141\n|teamsize|p1|6\n|teamsize|p2|6\n|start\n|switch|p1a: Forretress|Forretress, L81, M|254/254\n|switch|p2a: Darkrai|Darkrai, L75|229/229\n|turn|1\n|inactive|Battle timer is ON: inactive players will automatically lose when time's up. (requested by alex938)\n|\n|t:|1769095153\n|switch|p2a: Goodra|Goodra, L85, M|292/292\n|move|p1a: Forretress|Stealth Rock|p2a: Goodra\n|-sidestart|p2: gta54321|move: Stealth Rock\n|\n|upkeep\n|turn|2\n|\n|t:|1769095159\n|move|p2a: Goodra|Fire Blast|p1a: Forretress\n|-supereffective|p1a: Forretress\n|-ability|p1a: Forretress|Sturdy\n|-damage|p1a: Forretress|1/254\n|-status|p1a: Forretress|brn\n|move|p1a: Forretress|Toxic|p2a: Goodra\n|-status|p2a: Goodra|tox\n|\n|-heal|p1a: Forretress|16/254 brn|[from] item: Leftovers\n|-damage|p2a: Goodra|274/292 tox|[from] psn\n|-damage|p1a: Forretress|1/254 brn|[from] brn\n|upkeep\n|turn|3\n|\n|t:|1769095174\n|switch|p2a: Ledian|Ledian, M|271/271\n|-damage|p2a: Ledian|136/271|[from] Stealth Rock\n|move|p1a: Forretress|Gyro Ball|p2a: Ledian\n|-damage|p2a: Ledian|83/271\n|\n|-heal|p2a: Ledian|99/271|[from] item: Leftovers\n|-heal|p1a: Forretress|16/254 brn|[from] item: Leftovers\n|-damage|p1a: Forretress|1/254 brn|[from] brn\n|upkeep\n|turn|4\n|\n|t:|1769095182\n|move|p2a: Ledian|Defog|p1a: Forretress\n|-unboost|p1a: Forretress|evasion|1\n|-sideend|p2: gta54321|Stealth Rock|[from] move: Defog|[of] p2a: Ledian\n|move|p1a: Forretress|Toxic|p2a: Ledian\n|-status|p2a: Ledian|tox\n|\n|-heal|p2a: Ledian|115/271 tox|[from] item: Leftovers\n|-heal|p1a: Forretress|16/254 brn|[from] item: Leftovers\n|-damage|p2a: Ledian|99/271 tox|[from] psn\n|-damage|p1a: Forretress|1/254 brn|[from] brn\n|upkeep\n|turn|5\n|\n|t:|1769095188\n|move|p2a: Ledian|Air Slash|p1a: Forretress\n|-damage|p1a: Forretress|0 fnt\n|faint|p1a: Forretress\n|\n|-heal|p2a: Ledian|115/271 tox|[from] item: Leftovers\n|-damage|p2a: Ledian|83/271 tox|[from] psn\n|upkeep\n|\n|t:|1769095190\n|switch|p1a: Jumpluff|Jumpluff, L89, F|278/278\n|turn|6\n|\n|t:|1769095196\n|switch|p2a: Manectric|Manectric, L78, F|237/237\n|move|p1a: Jumpluff|Substitute|p1a: Jumpluff\n|-start|p1a: Jumpluff|Substitute\n|-damage|p1a: Jumpluff|209/278\n|\n|upkeep\n|turn|7\n|\n|t:|1769095208\n|move|p1a: Jumpluff|Acrobatics|p2a: Manectric\n|-resisted|p2a: Manectric\n|-damage|p2a: Manectric|171/237\n|move|p2a: Manectric|Thunderbolt|p1a: Jumpluff\n|-end|p1a: Jumpluff|Substitute\n|\n|upkeep\n|turn|8\n|\n|t:|1769095216\n|switch|p1a: Quagsire|Quagsire, L87, F|307/307\n|move|p2a: Manectric|Volt Switch|p1a: Quagsire\n|-immune|p1a: Quagsire\n|\n|upkeep\n|turn|9\n|\n|t:|1769095222\n|switch|p2a: Ledian|Ledian, M|83/271 tox\n|move|p1a: Quagsire|Earthquake|p2a: Ledian\n|-immune|p2a: Ledian\n|\n|-heal|p2a: Ledian|99/271 tox|[from] item: Leftovers\n|-damage|p2a: Ledian|83/271 tox|[from] psn\n|upkeep\n|turn|10\n|\n|t:|1769095227\n|switch|p1a: Heatran|Heatran, L80, M|277/277\n|move|p2a: Ledian|Toxic|p1a: Heatran\n|-immune|p1a: Heatran\n|\n|-heal|p2a: Ledian|99/271 tox|[from] item: Leftovers\n|-damage|p2a: Ledian|67/271 tox|[from] psn\n|upkeep\n|turn|11\n|\n|t:|1769095232\n|switch|p2a: Goodra|Goodra, L85, M|274/292 tox\n|move|p1a: Heatran|Magma Storm|p2a: Goodra\n|-resisted|p2a: Goodra\n|-damage|p2a: Goodra|248/292 tox\n|-activate|p2a: Goodra|move: Magma Storm|[of] p1a: Heatran\n|\n|-damage|p2a: Goodra|230/292 tox|[from] psn\n|-damage|p2a: Goodra|194/292 tox|[from] move: Magma Storm|[partiallytrapped]\n|upkeep\n|turn|12\n|\n|t:|1769095239\n|move|p1a: Heatran|Protect|p1a: Heatran\n|-singleturn|p1a: Heatran|Protect\n|move|p2a: Goodra|Dragon Tail|p1a: Heatran\n|-activate|p1a: Heatran|move: Protect\n|\n|-damage|p2a: Goodra|158/292 tox|[from] psn\n|-damage|p2a: Goodra|122/292 tox|[from] move: Magma Storm|[partiallytrapped]\n|upkeep\n|turn|13\n|\n|t:|1769095244\n|switch|p1a: Jumpluff|Jumpluff, L89, F|209/278\n|move|p2a: Goodra|Dragon Tail|p1a: Jumpluff\n|-damage|p1a: Jumpluff|139/278\n|drag|p1a: Beartic|Beartic, L92, M|323/323\n|\n|-damage|p2a: Goodra|68/292 tox|[from] psn\n|-end|p2a: Goodra|Magma Storm|[partiallytrapped]|[silent]\n|upkeep\n|turn|14\n|\n|t:|1769095255\n|switch|p1a: Heatran|Heatran, L80, M|277/277\n|move|p2a: Goodra|Fire Blast|p1a: Heatran\n|-start|p1a: Heatran|ability: Flash Fire\n|\n|-damage|p2a: Goodra|0 fnt|[from] psn\n|faint|p2a: Goodra\n|upkeep\n|\n|t:|1769095260\n|switch|p2a: Kingler|Kingler, L87, M|237/237\n|turn|15\n|\n|t:|1769095267\n|-end|p1a: Heatran|ability: Flash Fire|[silent]\n|switch|p1a: Gyarados|Gyarados, L74, M|263/263\n|-ability|p1a: Gyarados|Intimidate|boost\n|-unboost|p2a: Kingler|atk|1\n|move|p2a: Kingler|Liquidation|p1a: Gyarados\n|-resisted|p1a: Gyarados\n|-damage|p1a: Gyarados|179/263\n|\n|upkeep\n|turn|16\n|\n|t:|1769095280\n|move|p2a: Kingler|X-Scissor|p1a: Gyarados\n|-resisted|p1a: Gyarados\n|-damage|p1a: Gyarados|137/263\n|-damage|p2a: Kingler|214/237|[from] item: Life Orb\n|move|p1a: Gyarados|Dragon Dance|p1a: Gyarados\n|-boost|p1a: Gyarados|atk|1\n|-boost|p1a: Gyarados|spe|1\n|\n|upkeep\n|turn|17\n|\n|t:|1769095287\n|switch|p2a: Ledian|Ledian, M|67/271 tox\n|move|p1a: Gyarados|Dragon Dance|p1a: Gyarados\n|-boost|p1a: Gyarados|atk|1\n|-boost|p1a: Gyarados|spe|1\n|\n|-heal|p2a: Ledian|83/271 tox|[from] item: Leftovers\n|-damage|p2a: Ledian|67/271 tox|[from] psn\n|upkeep\n|turn|18\n|\n|t:|1769095293\n|move|p1a: Gyarados|Waterfall|p2a: Ledian\n|-damage|p2a: Ledian|0 fnt\n|faint|p2a: Ledian\n|\n|upkeep\n|\n|t:|1769095306\n|switch|p2a: Crobat|Crobat, L82, M|274/274\n|turn|19\n|\n|t:|1769095315\n|move|p1a: Gyarados|Waterfall|p2a: Crobat\n|-damage|p2a: Crobat|100/274\n|move|p2a: Crobat|Brave Bird|p1a: Gyarados\n|-damage|p1a: Gyarados|0 fnt\n|faint|p1a: Gyarados\n|-damage|p2a: Crobat|55/274|[from] Recoil\n|\n|-heal|p2a: Crobat|72/274|[from] item: Black Sludge\n|upkeep\n|\n|t:|1769095325\n|switch|p1a: Beartic|Beartic, L92, M|323/323\n|turn|20\n|\n|t:|1769095332\n|move|p2a: Crobat|U-turn|p1a: Beartic\n|-damage|p1a: Beartic|283/323\n|\n|t:|1769095334\n|switch|p2a: Kingler|Kingler, L87, M|214/237|[from] U-turn\n|move|p1a: Beartic|Icicle Crash|p2a: Kingler\n|-resisted|p2a: Kingler\n|-damage|p2a: Kingler|138/237\n|\n|upkeep\n|turn|21\n|inactive|alex938 has 120 seconds left.\n|\n|t:|1769095365\n|switch|p1a: Jumpluff|Jumpluff, L89, F|139/278\n|move|p2a: Kingler|Liquidation|p1a: Jumpluff\n|-resisted|p1a: Jumpluff\n|-damage|p1a: Jumpluff|31/278\n|\n|upkeep\n|turn|22\n|\n|t:|1769095372\n|switch|p2a: Crobat|Crobat, L82, M|72/274\n|move|p1a: Jumpluff|Strength Sap|p2a: Crobat\n|-unboost|p2a: Crobat|atk|1\n|-heal|p1a: Jumpluff|226/278\n|\n|-heal|p2a: Crobat|89/274|[from] item: Black Sludge\n|upkeep\n|turn|23\n|\n|t:|1769095379\n|move|p2a: Crobat|Roost|p2a: Crobat\n|-heal|p2a: Crobat|226/274\n|-singleturn|p2a: Crobat|move: Roost\n|move|p1a: Jumpluff|Acrobatics|p2a: Crobat\n|-damage|p2a: Crobat|136/274\n|\n|-heal|p2a: Crobat|153/274|[from] item: Black Sludge\n|upkeep\n|turn|24\n|\n|t:|1769095385\n|move|p2a: Crobat|Roost|p2a: Crobat\n|-heal|p2a: Crobat|274/274\n|-singleturn|p2a: Crobat|move: Roost\n|move|p1a: Jumpluff|Strength Sap|p2a: Crobat\n|-unboost|p2a: Crobat|atk|1\n|-heal|p1a: Jumpluff|278/278\n|\n|upkeep\n|turn|25\n|\n|t:|1769095388\n|move|p2a: Crobat|Toxic|p1a: Jumpluff\n|-status|p1a: Jumpluff|tox\n|move|p1a: Jumpluff|Leech Seed|p2a: Crobat\n|-start|p2a: Crobat|move: Leech Seed\n|\n|-damage|p2a: Crobat|240/274|[from] Leech Seed|[of] p1a: Jumpluff\n|-damage|p1a: Jumpluff|261/278 tox|[from] psn\n|upkeep\n|turn|26\n|\n|t:|1769095408\n|move|p2a: Crobat|U-turn|p1a: Jumpluff\n|-damage|p1a: Jumpluff|234/278 tox\n|\n|t:|1769095412\n|switch|p2a: Manectric|Manectric, L78, F|171/237|[from] U-turn\n|move|p1a: Jumpluff|Acrobatics|p2a: Manectric\n|-resisted|p2a: Manectric\n|-damage|p2a: Manectric|114/237\n|\n|-damage|p1a: Jumpluff|200/278 tox|[from] psn\n|upkeep\n|turn|27\n|\n|t:|1769095421\n|switch|p1a: Quagsire|Quagsire, L87, F|307/307\n|switch|p2a: Kingler|Kingler, L87, M|138/237\n|\n|upkeep\n|turn|28\n|\n|t:|1769095424\n|switch|p1a: Jumpluff|Jumpluff, L89, F|200/278 tox\n|move|p2a: Kingler|Liquidation|p1a: Jumpluff\n|-resisted|p1a: Jumpluff\n|-damage|p1a: Jumpluff|82/278 tox\n|\n|-damage|p1a: Jumpluff|65/278 tox|[from] psn\n|upkeep\n|turn|29\n|\n|t:|1769095428\n|switch|p2a: Crobat|Crobat, L82, M|240/274\n|move|p1a: Jumpluff|Strength Sap|p2a: Crobat\n|-unboost|p2a: Crobat|atk|1\n|-heal|p1a: Jumpluff|260/278 tox\n|\n|-heal|p2a: Crobat|257/274|[from] item: Black Sludge\n|-damage|p1a: Jumpluff|226/278 tox|[from] psn\n|upkeep\n|turn|30\n|\n|t:|1769095434\n|move|p2a: Crobat|Brave Bird|p1a: Jumpluff\n|-supereffective|p1a: Jumpluff\n|-damage|p1a: Jumpluff|70/278 tox\n|-damage|p2a: Crobat|206/274|[from] Recoil\n|move|p1a: Jumpluff|Leech Seed|p2a: Crobat\n|-start|p2a: Crobat|move: Leech Seed\n|\n|-heal|p2a: Crobat|223/274|[from] item: Black Sludge\n|-damage|p2a: Crobat|189/274|[from] Leech Seed|[of] p1a: Jumpluff\n|-heal|p1a: Jumpluff|104/278 tox|[silent]\n|-damage|p1a: Jumpluff|53/278 tox|[from] psn\n|upkeep\n|turn|31\n|\n|t:|1769095441\n|switch|p1a: Heatran|Heatran, L80, M|277/277\n|move|p2a: Crobat|U-turn|p1a: Heatran\n|-resisted|p1a: Heatran\n|-crit|p1a: Heatran\n|-damage|p1a: Heatran|262/277\n|\n|t:|1769095443\n|switch|p2a: Kingler|Kingler, L87, M|138/237|[from] U-turn\n|\n|-heal|p1a: Heatran|277/277|[from] item: Leftovers\n|upkeep\n|turn|32\n|\n|t:|1769095445\n|switch|p1a: Jumpluff|Jumpluff, L89, F|53/278 tox\n|move|p2a: Kingler|Liquidation|p1a: Jumpluff\n|-resisted|p1a: Jumpluff\n|-damage|p1a: Jumpluff|0 fnt\n|faint|p1a: Jumpluff\n|\n|upkeep\n|\n|t:|1769095449\n|switch|p1a: Beartic|Beartic, L92, M|283/323\n|turn|33\n|\n|t:|1769095458\n|move|p2a: Kingler|Liquidation|p1a: Beartic\n|-damage|p1a: Beartic|95/323\n|move|p1a: Beartic|Stone Edge|p2a: Kingler\n|-damage|p2a: Kingler|9/237\n|\n|upkeep\n|turn|34\n|\n|t:|1769095472\n|switch|p1a: Quagsire|Quagsire, L87, F|307/307\n|move|p2a: Kingler|Liquidation|p1a: Quagsire\n|-damage|p1a: Quagsire|108/307\n|\n|-heal|p1a: Quagsire|127/307|[from] item: Leftovers\n|upkeep\n|turn|35\n|\n|t:|1769095477\n|move|p2a: Kingler|Liquidation|p1a: Quagsire\n|-damage|p1a: Quagsire|0 fnt\n|faint|p1a: Quagsire\n|\n|upkeep\n|\n|t:|1769095478\n|switch|p1a: Beartic|Beartic, L92, M|95/323\n|turn|36\n|\n|t:|1769095483\n|move|p1a: Beartic|Aqua Jet|p2a: Kingler\n|-resisted|p2a: Kingler\n|-damage|p2a: Kingler|0 fnt\n|faint|p2a: Kingler\n|\n|upkeep\n|\n|t:|1769095486\n|switch|p2a: Manectric|Manectric, L78, F|114/237\n|turn|37\n|\n|t:|1769095489\n|detailschange|p2a: Manectric|Manectric-Mega, L78, F\n|-mega|p2a: Manectric|Manectric|Manectite\n|-ability|p2a: Manectric|Intimidate|boost\n|-unboost|p1a: Beartic|atk|1\n|move|p1a: Beartic|Aqua Jet|p2a: Manectric\n|-damage|p2a: Manectric|65/237\n|move|p2a: Manectric|Thunderbolt|p1a: Beartic\n|-damage|p1a: Beartic|0 fnt\n|faint|p1a: Beartic\n|\n|upkeep\n|\n|t:|1769095491\n|switch|p1a: Heatran|Heatran, L80, M|277/277\n|turn|38\n|\n|t:|1769095496\n|move|p2a: Manectric|Thunderbolt|p1a: Heatran\n|-damage|p1a: Heatran|186/277\n|move|p1a: Heatran|Earth Power|p2a: Manectric\n|-supereffective|p2a: Manectric\n|-damage|p2a: Manectric|0 fnt\n|faint|p2a: Manectric\n|detailschange|p2: Manectric|Manectric, L78, F|[silent]\n|\n|-heal|p1a: Heatran|203/277|[from] item: Leftovers\n|upkeep\n|\n|t:|1769095501\n|switch|p2a: Darkrai|Darkrai, L75|229/229\n|turn|39\n|\n|t:|1769095504\n|move|p2a: Darkrai|Nasty Plot|p2a: Darkrai\n|-boost|p2a: Darkrai|spa|2\n|move|p1a: Heatran|Toxic|p2a: Darkrai\n|-status|p2a: Darkrai|tox\n|\n|-heal|p1a: Heatran|220/277|[from] item: Leftovers\n|-damage|p2a: Darkrai|215/229 tox|[from] psn\n|upkeep\n|turn|40\n|\n|t:|1769095506\n|move|p2a: Darkrai|Focus Blast|p1a: Heatran\n|-supereffective|p1a: Heatran\n|-damage|p1a: Heatran|0 fnt\n|faint|p1a: Heatran\n|\n|win|gta54321\n|raw|alex938's rating: 1637 &rarr; <strong>1624</strong><br />(-13 for losing)\n|raw|gta54321's rating: 1761 &rarr; <strong>1774</strong><br />(+13 for winning)\n|l|☆alex938\n|player|p1|\n|l|☆gta54321\n|player|p2|\n", "inputlog": ">version dd3d52b8382d73d1dd2c67730c4067df325ab790\n>start {\"formatid\":\"gen7randombattle\",\"seed\":\"sodium,1020d17df9eb9e04e2d35da29238c085\",\"rated\":\"Rated battle\"}\n>player p1 {\"name\":\"alex938\",\"avatar\":\"ethan\",\"rating\":1637,\"seed\":\"sodium,0cf129d40c7be05c833c748d967e36a0\"}\n>player p2 {\"name\":\"gta54321\",\"avatar\":\"plasmagrunt\",\"rating\":1761,\"seed\":\"sodium,a4af7e321bf2033773c68691569c6e45\"}\n>p1 move stealthrock\n>p2 switch 4\n>p1 move toxic\n>p2 move fireblast\n>p1 move gyroball\n>p2 switch 5\n>p1 move toxic\n>p2 move defog\n>p1 move stealthrock\n>p2 move airslash\n>p1 switch 2\n>p1 move substitute\n>p2 switch 2\n>p1 move acrobatics\n>p2 move thunderbolt\n>p1 switch 4\n>p2 move voltswitch\n>p1 move earthquake\n>p2 switch 2\n>p1 switch 5\n>p2 move toxic\n>p1 move magmastorm\n>p2 switch 5\n>p1 move protect\n>p2 move dragontail\n>p1 switch 4\n>p2 move dragontail\n>p1 switch 4\n>p2 move fireblast\n>p2 switch 3\n>p1 switch 6\n>p2 move liquidation\n>p1 move dragondance\n>p2 move xscissor\n>p1 move dragondance\n>p2 switch 5\n>p1 move waterfall\n>p2 move airslash\n>p2 switch 6\n>p1 move waterfall\n>p2 move bravebird\n>p1 switch 4\n>p1 move iciclecrash\n>p2 move uturn\n>p2 switch 5\n>p1 switch 3\n>p2 move liquidation\n>p1 move strengthsap\n>p2 switch 5\n>p1 move acrobatics\n>p2 move roost\n>p1 move strengthsap\n>p2 move roost\n>p1 move leechseed\n>p2 move toxic\n>p1 move acrobatics\n>p2 move uturn\n>p2 switch 2\n>p1 switch 5\n>p2 switch 5\n>p1 switch 5\n>p2 move liquidation\n>p1 move strengthsap\n>p2 switch 2\n>p1 move leechseed\n>p2 move bravebird\n>p1 switch 6\n>p2 move uturn\n>p2 switch 2\n>p1 switch 6\n>p2 move liquidation\n>p1 switch 3\n>p1 move stoneedge\n>p2 move liquidation\n>p1 switch 5\n>p2 move liquidation\n>p1 move scald\n>p2 move liquidation\n>p1 switch 5\n>p1 move aquajet\n>p2 move liquidation\n>p2 switch 5\n>p1 move aquajet\n>p2 move thunderbolt mega\n>p1 switch 6\n>p1 move earthpower\n>p2 move thunderbolt\n>p2 switch 4\n>p1 move toxic\n>p2 move nastyplot\n>p1 move magmastorm\n>p2 move focusblast", "uploadtime": 1769095512, "views": 150, "formatid": "gen7randombattle", "rating": 1624, "private": 0, "password": null}