{"id": "gen7randombattle-2533902574", "format": "[Gen 7] Random Battle", "players": ["bin2409", "ArchenWarrior"], "log": "|j|☆bin2409\n|j|☆ArchenWarrior\n|t:|1770357179\n|gametype|singles\n|player|p1|bin2409|lucas|1904\n|player|p2|ArchenWarrior|proton|1781\n|gen|7\n|tier|[Gen 7] Random Battle\n|rated|\n|rule|Sleep Clause Mod: Limit one foe put to sleep\n|rule|HP Percentage Mod: HP is shown in percentages\n|rule|Illusion Level Mod: Illusion disguises the Pokémon's true level\n|\n|t:|1770357179\n|teamsize|p1|6\n|teamsize|p2|6\n|start\n|switch|p1a: Dragonite|Dragonite, L72, F|250/250\n|switch|p2a: Torterra|Torterra, L88, M|310/310\n|turn|1\n|\n|t:|1770357221\n|move|p1a: Dragonite|Dragon Dance|p1a: Dragonite\n|-boost|p1a: Dragonite|atk|1\n|-boost|p1a: Dragonite|spe|1\n|move|p2a: Torterra|Stone Edge|p1a: Dragonite\n|-supereffective|p1a: Dragonite\n|-damage|p1a: Dragonite|155/250\n|\n|upkeep\n|turn|2\n|\n|t:|1770357235\n|switch|p2a: Jirachi|Jirachi, L76|277/277\n|-zpower|p1a: Dragonite\n|move|p1a: Dragonite|Supersonic Skystrike|p2a: Jirachi|[zeffect]\n|-resisted|p2a: Jirachi\n|-damage|p2a: Jirachi|149/277\n|\n|upkeep\n|turn|3\n|\n|t:|1770357249\n|move|p2a: Jirachi|Iron Head|p1a: Dragonite\n|-damage|p1a: Dragonite|82/250\n|cant|p1a: Dragonite|flinch\n|\n|upkeep\n|turn|4\n|\n|t:|1770357256\n|switch|p1a: Empoleon|Empoleon, L83, F|275/275\n|move|p2a: Jirachi|Iron Head|p1a: Empoleon\n|-resisted|p1a: Empoleon\n|-damage|p1a: Empoleon|258/275\n|\n|-heal|p1a: Empoleon|275/275|[from] item: Leftovers\n|upkeep\n|turn|5\n|\n|t:|1770357274\n|switch|p2a: Smeargle|Smeargle, L88, M|240/240\n|move|p1a: Empoleon|Stealth Rock|p2a: Smeargle\n|-sidestart|p2: ArchenWarrior|move: Stealth Rock\n|\n|upkeep\n|turn|6\n|\n|t:|1770357284\n|move|p2a: Smeargle|Spore|p1a: Empoleon\n|-status|p1a: Empoleon|slp|[from] move: Spore\n|cant|p1a: Empoleon|slp\n|\n|upkeep\n|turn|7\n|\n|t:|1770357289\n|switch|p1a: Toucannon|Toucannon, L88, F|284/284\n|move|p2a: Smeargle|Stealth Rock|p1a: Toucannon\n|-sidestart|p1: bin2409|move: Stealth Rock\n|\n|upkeep\n|turn|8\n|\n|t:|1770357322\n|move|p2a: Smeargle|Sticky Web|p1a: Toucannon\n|-sidestart|p1: bin2409|move: Sticky Web\n|move|p1a: Toucannon|Boomburst|p2a: Smeargle\n|-enditem|p2a: Smeargle|Focus Sash\n|-damage|p2a: Smeargle|1/240\n|-damage|p1a: Toucannon|256/284|[from] item: Life Orb\n|\n|upkeep\n|turn|9\n|\n|t:|1770357328\n|move|p2a: Smeargle|Spikes|p1a: Toucannon\n|-sidestart|p1: bin2409|Spikes\n|move|p1a: Toucannon|Boomburst|p2a: Smeargle\n|-damage|p2a: Smeargle|0 fnt\n|faint|p2a: Smeargle\n|-damage|p1a: Toucannon|228/284|[from] item: Life Orb\n|\n|upkeep\n|\n|t:|1770357379\n|switch|p2a: Milotic|Milotic, L84, F|297/297\n|-damage|p2a: Milotic|260/297|[from] Stealth Rock\n|turn|10\n|\n|t:|1770357388\n|switch|p1a: Empoleon|Empoleon, L83, F|275/275 slp\n|-damage|p1a: Empoleon|258/275 slp|[from] Stealth Rock\n|-activate|p1a: Empoleon|move: Sticky Web\n|-unboost|p1a: Empoleon|spe|1\n|-damage|p1a: Empoleon|224/275 slp|[from] Spikes\n|move|p2a: Milotic|Scald|p1a: Empoleon\n|-resisted|p1a: Empoleon\n|-damage|p1a: Empoleon|188/275 slp\n|\n|-heal|p2a: Milotic|278/297|[from] item: Leftovers\n|-heal|p1a: Empoleon|205/275 slp|[from] item: Leftovers\n|upkeep\n|turn|11\n|\n|t:|1770357409\n|switch|p2a: Torterra|Torterra, L88, M|310/310\n|-damage|p2a: Torterra|291/310|[from] Stealth Rock\n|-curestatus|p1a: Empoleon|slp|[msg]\n|move|p1a: Empoleon|Scald|p2a: Torterra\n|-damage|p2a: Torterra|204/310\n|-status|p2a: Torterra|brn\n|\n|-heal|p2a: Torterra|223/310 brn|[from] item: Leftovers\n|-heal|p1a: Empoleon|222/275|[from] item: Leftovers\n|-damage|p2a: Torterra|204/310 brn|[from] brn\n|upkeep\n|turn|12\n|\n|t:|1770357422\n|move|p1a: Empoleon|Protect|p1a: Empoleon\n|-singleturn|p1a: Empoleon|Protect\n|move|p2a: Torterra|Stone Edge|p1a: Empoleon\n|-activate|p1a: Empoleon|move: Protect\n|\n|-heal|p2a: Torterra|223/310 brn|[from] item: Leftovers\n|-heal|p1a: Empoleon|239/275|[from] item: Leftovers\n|-damage|p2a: Torterra|204/310 brn|[from] brn\n|upkeep\n|turn|13\n|\n|t:|1770357435\n|switch|p1a: Toucannon|Toucannon, L88, F|228/284\n|-damage|p1a: Toucannon|157/284|[from] Stealth Rock\n|move|p2a: Torterra|Earthquake|p1a: Toucannon\n|-immune|p1a: Toucannon\n|\n|-heal|p2a: Torterra|223/310 brn|[from] item: Leftovers\n|-damage|p2a: Torterra|204/310 brn|[from] brn\n|upkeep\n|turn|14\n|\n|t:|1770357452\n|move|p1a: Toucannon|Roost|p1a: Toucannon\n|-heal|p1a: Toucannon|284/284\n|-singleturn|p1a: Toucannon|move: Roost\n|move|p2a: Torterra|Wood Hammer|p1a: Toucannon\n|-damage|p1a: Toucannon|203/284\n|-damage|p2a: Torterra|177/310 brn|[from] Recoil\n|\n|-heal|p2a: Torterra|196/310 brn|[from] item: Leftovers\n|-damage|p2a: Torterra|177/310 brn|[from] brn\n|upkeep\n|turn|15\n|\n|t:|1770357460\n|move|p1a: Toucannon|Boomburst|p2a: Torterra\n|-damage|p2a: Torterra|9/310 brn\n|-damage|p1a: Toucannon|175/284|[from] item: Life Orb\n|move|p2a: Torterra|Synthesis|p2a: Torterra\n|-heal|p2a: Torterra|164/310 brn\n|\n|-heal|p2a: Torterra|183/310 brn|[from] item: Leftovers\n|-damage|p2a: Torterra|164/310 brn|[from] brn\n|upkeep\n|turn|16\n|\n|t:|1770357466\n|move|p1a: Toucannon|Roost|p1a: Toucannon\n|-heal|p1a: Toucannon|284/284\n|-singleturn|p1a: Toucannon|move: Roost\n|move|p2a: Torterra|Wood Hammer|p1a: Toucannon\n|-damage|p1a: Toucannon|202/284\n|-damage|p2a: Torterra|137/310 brn|[from] Recoil\n|\n|-heal|p2a: Torterra|156/310 brn|[from] item: Leftovers\n|-damage|p2a: Torterra|137/310 brn|[from] brn\n|upkeep\n|turn|17\n|\n|t:|1770357474\n|move|p1a: Toucannon|Boomburst|p2a: Torterra\n|-damage|p2a: Torterra|0 fnt\n|faint|p2a: Torterra\n|-damage|p1a: Toucannon|174/284|[from] item: Life Orb\n|\n|upkeep\n|\n|t:|1770357494\n|switch|p2a: Milotic|Milotic, L84, F|278/297\n|-damage|p2a: Milotic|241/297|[from] Stealth Rock\n|turn|18\n|\n|t:|1770357513\n|switch|p1a: Dragonite|Dragonite, L72, F|82/250\n|-damage|p1a: Dragonite|20/250|[from] Stealth Rock\n|move|p2a: Milotic|Scald|p1a: Dragonite\n|-resisted|p1a: Dragonite\n|-damage|p1a: Dragonite|0 fnt\n|faint|p1a: Dragonite\n|\n|-heal|p2a: Milotic|259/297|[from] item: Leftovers\n|upkeep\n|\n|t:|1770357528\n|switch|p1a: Empoleon|Empoleon, L83, F|239/275\n|-damage|p1a: Empoleon|222/275|[from] Stealth Rock\n|-activate|p1a: Empoleon|move: Sticky Web\n|-unboost|p1a: Empoleon|spe|1\n|-damage|p1a: Empoleon|188/275|[from] Spikes\n|turn|19\n|\n|t:|1770357545\n|switch|p2a: Cherrim|Cherrim, L99, F|299/299\n|-damage|p2a: Cherrim|262/299|[from] Stealth Rock\n|move|p1a: Empoleon|Toxic|p2a: Cherrim\n|-status|p2a: Cherrim|tox\n|\n|-heal|p2a: Cherrim|280/299 tox|[from] item: Leftovers\n|-heal|p1a: Empoleon|205/275|[from] item: Leftovers\n|-damage|p2a: Cherrim|262/299 tox|[from] psn\n|upkeep\n|turn|20\n|\n|t:|1770357559\n|switch|p1a: Seviper|Seviper, L94, F|290/290\n|-damage|p1a: Seviper|254/290|[from] Stealth Rock\n|-activate|p1a: Seviper|move: Sticky Web\n|-unboost|p1a: Seviper|spe|1\n|-damage|p1a: Seviper|218/290|[from] Spikes\n|move|p2a: Cherrim|Aromatherapy|p2a: Cherrim\n|-activate|p2a: Cherrim|move: Aromatherapy\n|-curestatus|p2a: Cherrim|tox|[msg]\n|\n|-heal|p2a: Cherrim|280/299|[from] item: Leftovers\n|upkeep\n|turn|21\n|\n|t:|1770357577\n|switch|p2a: Slowking|Slowking, L89, F|314/314\n|-damage|p2a: Slowking|275/314|[from] Stealth Rock\n|move|p1a: Seviper|Swords Dance|p1a: Seviper\n|-boost|p1a: Seviper|atk|2\n|\n|-heal|p2a: Slowking|294/314|[from] item: Leftovers\n|upkeep\n|turn|22\n|\n|t:|1770357585\n|move|p1a: Seviper|Poison Jab|p2a: Slowking\n|-damage|p2a: Slowking|17/314\n|-damage|p1a: Seviper|189/290|[from] item: Life Orb\n|move|p2a: Slowking|Psyshock|p1a: Seviper\n|-supereffective|p1a: Seviper\n|-damage|p1a: Seviper|0 fnt\n|faint|p1a: Seviper\n|\n|-heal|p2a: Slowking|36/314|[from] item: Leftovers\n|upkeep\n|\n|t:|1770357595\n|switch|p1a: Toucannon|Toucannon, L88, F|174/284\n|-damage|p1a: Toucannon|103/284|[from] Stealth Rock\n|turn|23\n|\n|t:|1770357604\n|move|p1a: Toucannon|Boomburst|p2a: Slowking\n|-damage|p2a: Slowking|0 fnt\n|faint|p2a: Slowking\n|-damage|p1a: Toucannon|75/284|[from] item: Life Orb\n|\n|upkeep\n|\n|t:|1770357615\n|switch|p2a: Cherrim|Cherrim, L99, F|280/299\n|-damage|p2a: Cherrim|243/299|[from] Stealth Rock\n|turn|24\n|\n|t:|1770357623\n|-singleturn|p1a: Toucannon|move: Beak Blast\n|move|p2a: Cherrim|Energy Ball|p1a: Toucannon\n|-resisted|p1a: Toucannon\n|-damage|p1a: Toucannon|11/284\n|move|p1a: Toucannon|Beak Blast|p2a: Cherrim\n|-supereffective|p2a: Cherrim\n|-damage|p2a: Cherrim|0 fnt\n|faint|p2a: Cherrim\n|-damage|p1a: Toucannon|0 fnt|[from] item: Life Orb\n|faint|p1a: Toucannon\n|\n|upkeep\n|\n|t:|1770357658\n|switch|p2a: Jirachi|Jirachi, L76|149/277\n|switch|p1a: Empoleon|Empoleon, L83, F|205/275\n|-damage|p2a: Jirachi|132/277|[from] Stealth Rock\n|-damage|p1a: Empoleon|188/275|[from] Stealth Rock\n|-activate|p1a: Empoleon|move: Sticky Web\n|-unboost|p1a: Empoleon|spe|1\n|-damage|p1a: Empoleon|154/275|[from] Spikes\n|turn|25\n|\n|t:|1770357665\n|move|p1a: Empoleon|Protect|p1a: Empoleon\n|-singleturn|p1a: Empoleon|Protect\n|move|p2a: Jirachi|Fire Punch|p1a: Empoleon\n|-activate|p1a: Empoleon|move: Protect\n|\n|-heal|p1a: Empoleon|171/275|[from] item: Leftovers\n|upkeep\n|turn|26\n|c|☆ArchenWarrior|gg\n|-message|ArchenWarrior forfeited.\n|\n|win|bin2409\n|raw|bin2409's rating: 1904 &rarr; <strong>1917</strong><br />(+13 for winning)\n|raw|ArchenWarrior's rating: 1781 &rarr; <strong>1768</strong><br />(-13 for losing)\n|c|☆bin2409|Gg\n|l|☆ArchenWarrior\n|player|p2|\n", "inputlog": ">version ccdc32dd7cde25fd9e4bed64820e885f66e78a4e\n>start {\"formatid\":\"gen7randombattle\",\"seed\":\"sodium,d65236b2de2cd984799029f70983ce93\",\"rated\":\"Rated battle\"}\n>player p1 {\"name\":\"bin2409\",\"avatar\":\"lucas\",\"rating\":1904,\"seed\":\"sodium,bc08e6fcdb79889e38fa0d3c136ad8db\"}\n>player p2 {\"name\":\"ArchenWarrior\",\"avatar\":\"proton\",\"rating\":1781,\"seed\":\"sodium,32f504e02f4107f19fda3c3ef867247c\"}\n>p1 move dragondance\n>p2 move stoneedge\n>p1 move fly zmove\n>p2 switch 2\n>p1 move earthquake\n>p2 move ironhead\n>p1 switch 2\n>p2 move ironhead\n>p1 move stealthrock\n>p2 switch 3\n>p1 move scald\n>p2 move spore\n>p1 switch 4\n>p2 move stealthrock\n>p1 move boomburst\n>p2 move stickyweb\n>p1 move boomburst\n>p2 move spikes\n>p2 switch 5\n>p1 switch 4\n>p2 move scald\n>p1 move scald\n>p2 switch 2\n>p1 move protect\n>p2 move stoneedge\n>p1 switch 4\n>p2 move earthquake\n>p1 move roost\n>p2 move woodhammer\n>p1 move boomburst\n>p2 move synthesis\n>p1 move roost\n>p2 move woodhammer\n>p1 move boomburst\n>p2 move woodhammer\n>p2 switch 2\n>p1 switch 2\n>p2 move scald\n>p1 switch 4\n>p1 move toxic\n>p2 switch 4\n>p1 switch 5\n>p2 move aromatherapy\n>p1 move swordsdance\n>p2 switch 6\n>p1 move poisonjab\n>p2 move psyshock\n>p1 switch 2\n>p1 move boomburst\n>p2 move slackoff\n>p2 switch 6\n>p1 move beakblast\n>p2 move energyball\n>p1 switch 5\n>p2 switch 3\n>p1 move protect\n>p2 move firepunch\n>chat ☆ArchenWarrior|gg\n>forcelose p2", "uploadtime": 1770357699, "views": 198, "formatid": "gen7randombattle", "rating": 1768, "private": 0, "password": null}