{"id": "gen7randombattle-2536474857", "format": "[Gen 7] Random Battle", "players": ["Mtllrs", "spiritgana"], "log": "|j|☆Mtllrs\n|j|☆spiritgana\n|t:|1770692544\n|gametype|singles\n|player|p1|Mtllrs|janitor|1627\n|player|p2|spiritgana|265|1667\n|gen|7\n|tier|[Gen 7] Random Battle\n|rated|\n|rule|Sleep Clause Mod: Limit one foe put to sleep\n|rule|HP Percentage Mod: HP is shown in percentages\n|rule|Illusion Level Mod: Illusion disguises the Pokémon's true level\n|\n|t:|1770692544\n|teamsize|p1|6\n|teamsize|p2|6\n|start\n|switch|p1a: Simipour|Simipour, L88, F|275/275\n|switch|p2a: Slurpuff|Slurpuff, L79, M|258/258\n|turn|1\n|inactive|Battle timer is ON: inactive players will automatically lose when time's up. (requested by spiritgana)\n|\n|t:|1770692559\n|move|p1a: Simipour|Substitute|p1a: Simipour\n|-start|p1a: Simipour|Substitute\n|-damage|p1a: Simipour|207/275\n|move|p2a: Slurpuff|Belly Drum|p2a: Slurpuff\n|-damage|p2a: Slurpuff|129/258\n|-setboost|p2a: Slurpuff|atk|6|[from] move: Belly Drum\n|-enditem|p2a: Slurpuff|Sitrus Berry|[eat]\n|-heal|p2a: Slurpuff|193/258|[from] item: Sitrus Berry\n|\n|-heal|p1a: Simipour|224/275|[from] item: Leftovers\n|upkeep\n|turn|2\n|\n|t:|1770692563\n|move|p2a: Slurpuff|Drain Punch|p1a: Simipour\n|-end|p1a: Simipour|Substitute\n|-heal|p2a: Slurpuff|227/258|[from] drain|[of] p1a: Simipour\n|move|p1a: Simipour|Substitute|p1a: Simipour\n|-start|p1a: Simipour|Substitute\n|-damage|p1a: Simipour|156/275\n|\n|-heal|p1a: Simipour|173/275|[from] item: Leftovers\n|upkeep\n|turn|3\n|\n|t:|1770692569\n|move|p2a: Slurpuff|Drain Punch|p1a: Simipour\n|-end|p1a: Simipour|Substitute\n|-heal|p2a: Slurpuff|258/258|[from] drain|[of] p1a: Simipour\n|move|p1a: Simipour|Substitute|p1a: Simipour\n|-start|p1a: Simipour|Substitute\n|-damage|p1a: Simipour|105/275\n|\n|-heal|p1a: Simipour|122/275|[from] item: Leftovers\n|upkeep\n|turn|4\n|\n|t:|1770692582\n|move|p2a: Slurpuff|Drain Punch|p1a: Simipour\n|-end|p1a: Simipour|Substitute\n|move|p1a: Simipour|Substitute|p1a: Simipour\n|-start|p1a: Simipour|Substitute\n|-damage|p1a: Simipour|54/275\n|\n|-heal|p1a: Simipour|71/275|[from] item: Leftovers\n|upkeep\n|turn|5\n|\n|t:|1770692589\n|move|p2a: Slurpuff|Drain Punch|p1a: Simipour\n|-end|p1a: Simipour|Substitute\n|move|p1a: Simipour|Substitute|p1a: Simipour\n|-start|p1a: Simipour|Substitute\n|-damage|p1a: Simipour|3/275\n|\n|-heal|p1a: Simipour|20/275|[from] item: Leftovers\n|upkeep\n|turn|6\n|\n|t:|1770692595\n|move|p2a: Slurpuff|Drain Punch|p1a: Simipour\n|-end|p1a: Simipour|Substitute\n|move|p1a: Simipour|Hydro Pump|p2a: Slurpuff\n|-damage|p2a: Slurpuff|24/258\n|\n|-heal|p1a: Simipour|37/275|[from] item: Leftovers\n|upkeep\n|turn|7\n|\n|t:|1770692601\n|move|p2a: Slurpuff|Return|p1a: Simipour\n|-damage|p1a: Simipour|0 fnt\n|faint|p1a: Simipour\n|\n|upkeep\n|\n|t:|1770692604\n|switch|p1a: Alomomola|Alomomola, L87, M|429/429\n|turn|8\n|\n|t:|1770692608\n|move|p2a: Slurpuff|Drain Punch|p1a: Alomomola\n|-damage|p1a: Alomomola|257/429\n|-heal|p2a: Slurpuff|110/258|[from] drain|[of] p1a: Alomomola\n|-damage|p2a: Slurpuff|67/258|[from] item: Rocky Helmet|[of] p1a: Alomomola\n|move|p1a: Alomomola|Scald|p2a: Slurpuff\n|-damage|p2a: Slurpuff|9/258\n|\n|upkeep\n|turn|9\n|\n|t:|1770692619\n|move|p2a: Slurpuff|Play Rough|p1a: Alomomola\n|-damage|p1a: Alomomola|0 fnt\n|-damage|p2a: Slurpuff|0 fnt|[from] item: Rocky Helmet|[of] p1a: Alomomola\n|faint|p1a: Alomomola\n|faint|p2a: Slurpuff\n|\n|upkeep\n|\n|t:|1770692638\n|switch|p1a: Slaking|Slaking, L84, M|389/389\n|switch|p2a: Houndoom|Houndoom, L80, F|251/251\n|turn|10\n|\n|t:|1770692656\n|switch|p2a: Scrafty|Scrafty, L84, F|246/246\n|move|p1a: Slaking|Retaliate|p2a: Scrafty\n|-damage|p2a: Scrafty|0 fnt\n|faint|p2a: Scrafty\n|\n|upkeep\n|inactive|spiritgana has 120 seconds left.\n|\n|t:|1770692668\n|switch|p2a: Bellossom|Bellossom, L88, M|275/275\n|turn|11\n|inactive|Mtllrs has 120 seconds left.\n|\n|t:|1770692699\n|switch|p1a: Hoopa|Hoopa, L86|278/278\n|move|p2a: Bellossom|Quiver Dance|p2a: Bellossom\n|-boost|p2a: Bellossom|spa|1\n|-boost|p2a: Bellossom|spd|1\n|-boost|p2a: Bellossom|spe|1\n|\n|upkeep\n|turn|12\n|\n|t:|1770692713\n|move|p2a: Bellossom|Strength Sap|p1a: Hoopa\n|-unboost|p1a: Hoopa|atk|1\n|move|p1a: Hoopa|Nasty Plot|p1a: Hoopa\n|-boost|p1a: Hoopa|spa|2\n|\n|upkeep\n|turn|13\n|\n|t:|1770692718\n|move|p2a: Bellossom|Quiver Dance|p2a: Bellossom\n|-boost|p2a: Bellossom|spa|1\n|-boost|p2a: Bellossom|spd|1\n|-boost|p2a: Bellossom|spe|1\n|move|p1a: Hoopa|Psyshock|p2a: Bellossom\n|-damage|p2a: Bellossom|5/275\n|-damage|p1a: Hoopa|251/278|[from] item: Life Orb\n|\n|-heal|p2a: Bellossom|22/275|[from] item: Leftovers\n|upkeep\n|turn|14\n|\n|t:|1770692725\n|move|p2a: Bellossom|Giga Drain|p1a: Hoopa\n|-damage|p1a: Hoopa|130/278\n|-heal|p2a: Bellossom|83/275|[from] drain|[of] p1a: Hoopa\n|move|p1a: Hoopa|Psyshock|p2a: Bellossom\n|-damage|p2a: Bellossom|0 fnt\n|faint|p2a: Bellossom\n|-damage|p1a: Hoopa|103/278|[from] item: Life Orb\n|\n|upkeep\n|\n|t:|1770692733\n|switch|p2a: Houndoom|Houndoom, L80, F|251/251\n|turn|15\n|\n|t:|1770692736\n|detailschange|p2a: Houndoom|Houndoom-Mega, L80, F\n|-mega|p2a: Houndoom|Houndoom|Houndoominite\n|move|p2a: Houndoom|Dark Pulse|p1a: Hoopa\n|-supereffective|p1a: Hoopa\n|-damage|p1a: Hoopa|0 fnt\n|faint|p1a: Hoopa\n|\n|upkeep\n|\n|t:|1770692740\n|switch|p1a: Slaking|Slaking, L84, M|389/389\n|turn|16\n|\n|t:|1770692760\n|switch|p2a: Noctowl|Noctowl, L94, M|340/340\n|move|p1a: Slaking|Retaliate|p2a: Noctowl\n|-damage|p2a: Noctowl|0 fnt\n|faint|p2a: Noctowl\n|\n|upkeep\n|\n|t:|1770692767\n|switch|p2a: Houndoom|Houndoom-Mega, L80, F|251/251\n|turn|17\n|\n|t:|1770692793\n|switch|p1a: Miltank|Miltank, L85, F|300/300\n|move|p2a: Houndoom|Nasty Plot|p2a: Houndoom\n|-boost|p2a: Houndoom|spa|2\n|\n|upkeep\n|turn|18\n|\n|t:|1770692814\n|move|p2a: Houndoom|Nasty Plot|p2a: Houndoom\n|-boost|p2a: Houndoom|spa|2\n|move|p1a: Miltank|Body Slam|p2a: Houndoom\n|-damage|p2a: Houndoom|173/251\n|\n|upkeep\n|turn|19\n|\n|t:|1770692837\n|move|p2a: Houndoom|Dark Pulse|p1a: Miltank\n|-crit|p1a: Miltank\n|-damage|p1a: Miltank|0 fnt\n|faint|p1a: Miltank\n|\n|upkeep\n|\n|t:|1770692840\n|switch|p1a: Darkrai|Darkrai, L75|229/229\n|turn|20\n|\n|t:|1770692843\n|move|p1a: Darkrai|Focus Blast|p2a: Houndoom\n|-supereffective|p2a: Houndoom\n|-damage|p2a: Houndoom|1/251\n|move|p2a: Houndoom|Fire Blast|p1a: Darkrai|[miss]\n|-miss|p2a: Houndoom|p1a: Darkrai\n|\n|upkeep\n|turn|21\n|\n|t:|1770692857\n|move|p1a: Darkrai|Dark Pulse|p2a: Houndoom\n|-resisted|p2a: Houndoom\n|-crit|p2a: Houndoom\n|-damage|p2a: Houndoom|0 fnt\n|faint|p2a: Houndoom\n|detailschange|p2: Houndoom|Houndoom, L80, F|[silent]\n|\n|upkeep\n|\n|t:|1770692858\n|switch|p2a: Pyroar|Pyroar, L88, M|294/294\n|-ability|p2a: Pyroar|Unnerve\n|turn|22\n|\n|t:|1770692862\n|move|p2a: Pyroar|Work Up|p2a: Pyroar\n|-boost|p2a: Pyroar|atk|1\n|-boost|p2a: Pyroar|spa|1\n|-zpower|p1a: Darkrai\n|move|p1a: Darkrai|Black Hole Eclipse|p2a: Pyroar|[zeffect]\n|-damage|p2a: Pyroar|80/294\n|\n|upkeep\n|turn|23\n|\n|t:|1770692866\n|move|p2a: Pyroar|Fire Blast|p1a: Darkrai\n|-damage|p1a: Darkrai|0 fnt\n|faint|p1a: Darkrai\n|-damage|p2a: Pyroar|51/294|[from] item: Life Orb\n|\n|upkeep\n|\n|t:|1770692868\n|switch|p1a: Slaking|Slaking, L84, M|389/389\n|turn|24\n|\n|t:|1770692871\n|move|p2a: Pyroar|Fire Blast|p1a: Slaking\n|-damage|p1a: Slaking|45/389\n|-damage|p2a: Pyroar|22/294|[from] item: Life Orb\n|move|p1a: Slaking|Retaliate|p2a: Pyroar\n|-damage|p2a: Pyroar|0 fnt\n|faint|p2a: Pyroar\n|\n|win|Mtllrs\n|raw|Mtllrs's rating: 1627 &rarr; <strong>1649</strong><br />(+22 for winning)\n|raw|spiritgana's rating: 1667 &rarr; <strong>1645</strong><br />(-22 for losing)\n", "inputlog": ">version ccdc32dd7cde25fd9e4bed64820e885f66e78a4e\n>start {\"formatid\":\"gen7randombattle\",\"seed\":\"sodium,e099fcf593bc24778114347dc620c062\",\"rated\":\"Rated battle\"}\n>player p1 {\"name\":\"Mtllrs\",\"avatar\":\"janitor\",\"rating\":1627,\"seed\":\"sodium,5eae6c134fd4aaf922c7c4426c9792a8\"}\n>player p2 {\"name\":\"spiritgana\",\"avatar\":\"265\",\"rating\":1667,\"seed\":\"sodium,3646e22f17c262f78c8ce4c393a31135\"}\n>p1 move substitute\n>p2 move bellydrum\n>p1 move substitute\n>p2 move drainpunch\n>p1 move substitute\n>p2 move drainpunch\n>p1 move substitute\n>p2 move drainpunch\n>p1 move substitute\n>p2 move drainpunch\n>p1 move hydropump\n>p2 move drainpunch\n>p1 move hydropump\n>p2 move return\n>p1 switch 6\n>p1 move scald\n>p2 move drainpunch\n>p1 move wish\n>p2 move playrough\n>p1 switch 3\n>p2 switch 6\n>p1 move retaliate\n>p2 switch 5\n>p2 switch 4\n>p1 switch 4\n>p2 move quiverdance\n>p1 move nastyplot\n>p2 move strengthsap\n>p1 move psyshock\n>p2 move quiverdance\n>p1 move psyshock\n>p2 move gigadrain\n>p2 switch 5\n>p1 move focusblast\n>p2 move darkpulse mega\n>p1 switch 4\n>p1 move retaliate\n>p2 switch 2\n>p2 switch 2\n>p1 switch 2\n>p2 move nastyplot\n>p1 move bodyslam\n>p2 move nastyplot\n>p1 move bodyslam\n>p2 move darkpulse\n>p1 switch 5\n>p1 move focusblast\n>p2 move fireblast\n>p1 move darkpulse\n>p2 move fireblast\n>p2 switch 3\n>p1 move darkpulse zmove\n>p2 move workup\n>p1 move darkpulse\n>p2 move fireblast\n>p1 switch 2\n>p1 move retaliate\n>p2 move fireblast", "uploadtime": 1770692875, "views": 209, "formatid": "gen7randombattle", "rating": 1645, "private": 0, "password": null}