{"id": "gen7randombattle-2539016127", "format": "[Gen 7] Random Battle", "players": ["Meuby Law", "504battle"], "log": "|j|☆Meuby Law\n|j|☆504battle\n|t:|1771003121\n|gametype|singles\n|player|p1|Meuby Law|hau-stance|1603\n|player|p2|504battle|sage|1598\n|gen|7\n|tier|[Gen 7] Random Battle\n|rated|\n|rule|Sleep Clause Mod: Limit one foe put to sleep\n|rule|HP Percentage Mod: HP is shown in percentages\n|rule|Illusion Level Mod: Illusion disguises the Pokémon's true level\n|\n|t:|1771003121\n|teamsize|p1|6\n|teamsize|p2|6\n|start\n|switch|p1a: Alomomola|Alomomola, L87, F|429/429\n|switch|p2a: Azumarill|Azumarill, L81, F|295/295\n|turn|1\n|\n|t:|1771003136\n|move|p1a: Alomomola|Scald|p2a: Azumarill\n|-resisted|p2a: Azumarill\n|-damage|p2a: Azumarill|270/295\n|move|p2a: Azumarill|Play Rough|p1a: Alomomola\n|-damage|p1a: Alomomola|245/429\n|\n|-heal|p1a: Alomomola|271/429|[from] item: Leftovers\n|upkeep\n|turn|2\n|inactive|Battle timer is ON: inactive players will automatically lose when time's up. (requested by Meuby Law)\n|\n|t:|1771003146\n|move|p1a: Alomomola|Wish|p1a: Alomomola\n|move|p2a: Azumarill|Play Rough|p1a: Alomomola\n|-damage|p1a: Alomomola|85/429\n|-unboost|p1a: Alomomola|atk|1\n|\n|-heal|p1a: Alomomola|111/429|[from] item: Leftovers\n|upkeep\n|turn|3\n|\n|t:|1771003154\n|move|p1a: Alomomola|Protect|p1a: Alomomola\n|-singleturn|p1a: Alomomola|Protect\n|move|p2a: Azumarill|Play Rough|p1a: Alomomola\n|-activate|p1a: Alomomola|move: Protect\n|\n|-heal|p1a: Alomomola|325/429|[from] move: Wish|[wisher] Alomomola\n|-heal|p1a: Alomomola|351/429|[from] item: Leftovers\n|upkeep\n|turn|4\n|\n|t:|1771003157\n|move|p1a: Alomomola|Scald|p2a: Azumarill\n|-resisted|p2a: Azumarill\n|-damage|p2a: Azumarill|241/295\n|-status|p2a: Azumarill|brn\n|move|p2a: Azumarill|Play Rough|p1a: Alomomola\n|-damage|p1a: Alomomola|269/429\n|\n|-heal|p1a: Alomomola|295/429|[from] item: Leftovers\n|-damage|p2a: Azumarill|223/295 brn|[from] brn\n|upkeep\n|turn|5\n|\n|t:|1771003161\n|move|p1a: Alomomola|Toxic||[still]\n|-fail|p1a: Alomomola\n|move|p2a: Azumarill|Play Rough|p1a: Alomomola\n|-damage|p1a: Alomomola|205/429\n|\n|-heal|p1a: Alomomola|231/429|[from] item: Leftovers\n|-damage|p2a: Azumarill|205/295 brn|[from] brn\n|upkeep\n|turn|6\n|\n|t:|1771003163\n|move|p1a: Alomomola|Wish|p1a: Alomomola\n|move|p2a: Azumarill|Play Rough|p1a: Alomomola\n|-damage|p1a: Alomomola|145/429\n|\n|-heal|p1a: Alomomola|171/429|[from] item: Leftovers\n|-damage|p2a: Azumarill|187/295 brn|[from] brn\n|upkeep\n|turn|7\n|\n|t:|1771003165\n|move|p1a: Alomomola|Protect|p1a: Alomomola\n|-singleturn|p1a: Alomomola|Protect\n|move|p2a: Azumarill|Play Rough|p1a: Alomomola\n|-activate|p1a: Alomomola|move: Protect\n|\n|-heal|p1a: Alomomola|385/429|[from] move: Wish|[wisher] Alomomola\n|-heal|p1a: Alomomola|411/429|[from] item: Leftovers\n|-damage|p2a: Azumarill|169/295 brn|[from] brn\n|upkeep\n|turn|8\n|\n|t:|1771003178\n|move|p1a: Alomomola|Scald|p2a: Azumarill\n|-resisted|p2a: Azumarill\n|-damage|p2a: Azumarill|142/295 brn\n|move|p2a: Azumarill|Play Rough|p1a: Alomomola|[miss]\n|-miss|p2a: Azumarill|p1a: Alomomola\n|\n|-heal|p1a: Alomomola|429/429|[from] item: Leftovers\n|-damage|p2a: Azumarill|124/295 brn|[from] brn\n|upkeep\n|turn|9\n|\n|t:|1771003182\n|move|p1a: Alomomola|Scald|p2a: Azumarill\n|-resisted|p2a: Azumarill\n|-damage|p2a: Azumarill|95/295 brn\n|move|p2a: Azumarill|Play Rough|p1a: Alomomola\n|-damage|p1a: Alomomola|343/429\n|\n|-heal|p1a: Alomomola|369/429|[from] item: Leftovers\n|-damage|p2a: Azumarill|77/295 brn|[from] brn\n|upkeep\n|turn|10\n|\n|t:|1771003185\n|move|p1a: Alomomola|Scald|p2a: Azumarill\n|-resisted|p2a: Azumarill\n|-damage|p2a: Azumarill|48/295 brn\n|move|p2a: Azumarill|Play Rough|p1a: Alomomola\n|-damage|p1a: Alomomola|282/429\n|\n|-heal|p1a: Alomomola|308/429|[from] item: Leftovers\n|-damage|p2a: Azumarill|30/295 brn|[from] brn\n|upkeep\n|turn|11\n|\n|t:|1771003187\n|move|p1a: Alomomola|Wish|p1a: Alomomola\n|move|p2a: Azumarill|Play Rough|p1a: Alomomola\n|-crit|p1a: Alomomola\n|-damage|p1a: Alomomola|176/429\n|-unboost|p1a: Alomomola|atk|1\n|\n|-heal|p1a: Alomomola|202/429|[from] item: Leftovers\n|-damage|p2a: Azumarill|12/295 brn|[from] brn\n|upkeep\n|turn|12\n|\n|t:|1771003191\n|move|p1a: Alomomola|Scald|p2a: Azumarill\n|-resisted|p2a: Azumarill\n|-damage|p2a: Azumarill|0 fnt\n|faint|p2a: Azumarill\n|\n|-heal|p1a: Alomomola|416/429|[from] move: Wish|[wisher] Alomomola\n|-heal|p1a: Alomomola|429/429|[from] item: Leftovers\n|upkeep\n|\n|t:|1771003198\n|switch|p2a: Registeel|Registeel, L83|268/268\n|turn|13\n|\n|t:|1771003203\n|switch|p1a: Lucario|Lucario, L74, F|226/226\n|move|p2a: Registeel|Toxic|p1a: Lucario\n|-immune|p1a: Lucario\n|\n|upkeep\n|turn|14\n|\n|t:|1771003210\n|switch|p2a: Starmie|Starmie, L84|238/238\n|detailschange|p1a: Lucario|Lucario-Mega, L74, F\n|-mega|p1a: Lucario|Lucario|Lucarionite\n|move|p1a: Lucario|Swords Dance|p1a: Lucario\n|-boost|p1a: Lucario|atk|2\n|\n|upkeep\n|turn|15\n|\n|t:|1771003215\n|move|p2a: Starmie|Thunder Wave|p1a: Lucario|[miss]\n|-miss|p2a: Starmie|p1a: Lucario\n|move|p1a: Lucario|Close Combat|p2a: Starmie\n|-resisted|p2a: Starmie\n|-damage|p2a: Starmie|49/238\n|-unboost|p1a: Lucario|def|1\n|-unboost|p1a: Lucario|spd|1\n|\n|-heal|p2a: Starmie|63/238|[from] item: Leftovers\n|upkeep\n|turn|16\n|\n|t:|1771003219\n|move|p1a: Lucario|Extreme Speed|p2a: Starmie\n|-damage|p2a: Starmie|0 fnt\n|faint|p2a: Starmie\n|\n|upkeep\n|inactive|504battle has 120 seconds left.\n|\n|t:|1771003254\n|switch|p2a: Passimian|Passimian, L84, M|305/305\n|turn|17\n|\n|t:|1771003283\n|switch|p1a: Alomomola|Alomomola, L87, F|429/429\n|move|p2a: Passimian|Close Combat|p1a: Alomomola\n|-damage|p1a: Alomomola|284/429\n|-unboost|p2a: Passimian|def|1\n|-unboost|p2a: Passimian|spd|1\n|\n|-heal|p1a: Alomomola|310/429|[from] item: Leftovers\n|upkeep\n|turn|18\n|\n|t:|1771003293\n|switch|p2a: Registeel|Registeel, L83|268/268\n|switch|p1a: Sigilyph|Sigilyph, L85, F|261/261\n|\n|upkeep\n|turn|19\n|\n|t:|1771003298\n|move|p1a: Sigilyph|Heat Wave|p2a: Registeel\n|-supereffective|p2a: Registeel\n|-damage|p2a: Registeel|126/268\n|move|p2a: Registeel|Stealth Rock|p1a: Sigilyph\n|-sidestart|p1: Meuby Law|move: Stealth Rock\n|\n|-heal|p2a: Registeel|142/268|[from] item: Leftovers\n|upkeep\n|turn|20\n|\n|t:|1771003302\n|switch|p2a: Mesprit|Mesprit, L86|278/278\n|move|p1a: Sigilyph|Heat Wave|p2a: Mesprit\n|-damage|p2a: Mesprit|189/278\n|\n|upkeep\n|turn|21\n|\n|t:|1771003305\n|move|p1a: Sigilyph|Heat Wave|p2a: Mesprit\n|-damage|p2a: Mesprit|99/278\n|move|p2a: Mesprit|U-turn|p1a: Sigilyph\n|-damage|p1a: Sigilyph|198/261\n|\n|t:|1771003311\n|switch|p2a: Passimian|Passimian, L84, M|305/305|[from] U-turn\n|\n|upkeep\n|turn|22\n|\n|t:|1771003317\n|move|p2a: Passimian|Knock Off|p1a: Sigilyph\n|-supereffective|p1a: Sigilyph\n|-damage|p1a: Sigilyph|12/261\n|-enditem|p1a: Sigilyph|Choice Specs|[from] move: Knock Off|[of] p2a: Passimian\n|move|p1a: Sigilyph|Heat Wave|p2a: Passimian\n|-damage|p2a: Passimian|205/305\n|\n|upkeep\n|turn|23\n|\n|t:|1771003322\n|move|p2a: Passimian|Knock Off|p1a: Sigilyph\n|-supereffective|p1a: Sigilyph\n|-damage|p1a: Sigilyph|0 fnt\n|faint|p1a: Sigilyph\n|\n|upkeep\n|\n|t:|1771003338\n|switch|p1a: Alomomola|Alomomola, L87, F|429/429\n|-damage|p1a: Alomomola|376/429|[from] Stealth Rock\n|turn|24\n|\n|t:|1771003342\n|move|p2a: Passimian|Knock Off|p1a: Alomomola\n|-damage|p1a: Alomomola|285/429\n|-enditem|p1a: Alomomola|Leftovers|[from] move: Knock Off|[of] p2a: Passimian\n|move|p1a: Alomomola|Scald|p2a: Passimian\n|-damage|p2a: Passimian|144/305\n|-status|p2a: Passimian|brn\n|\n|-damage|p2a: Passimian|125/305 brn|[from] brn\n|upkeep\n|turn|25\n|\n|t:|1771003349\n|switch|p2a: Articuno|Articuno, L85|291/291\n|-ability|p2a: Articuno|Pressure\n|move|p1a: Alomomola|Scald|p2a: Articuno\n|-damage|p2a: Articuno|254/291\n|-status|p2a: Articuno|brn\n|\n|-heal|p2a: Articuno|272/291 brn|[from] item: Leftovers\n|-damage|p2a: Articuno|254/291 brn|[from] brn\n|upkeep\n|turn|26\n|\n|t:|1771003354\n|switch|p1a: Lucario|Lucario-Mega, L74, F|226/226\n|-damage|p1a: Lucario|219/226|[from] Stealth Rock\n|move|p2a: Articuno|Hurricane|p1a: Lucario\n|-damage|p1a: Lucario|54/226\n|\n|-heal|p2a: Articuno|272/291 brn|[from] item: Leftovers\n|-damage|p2a: Articuno|254/291 brn|[from] brn\n|upkeep\n|turn|27\n|\n|t:|1771003362\n|move|p1a: Lucario|Meteor Mash|p2a: Articuno\n|-supereffective|p2a: Articuno\n|-damage|p2a: Articuno|0 fnt\n|faint|p2a: Articuno\n|\n|upkeep\n|\n|t:|1771003368\n|switch|p2a: Passimian|Passimian, L84, M|125/305 brn\n|turn|28\n|\n|t:|1771003371\n|switch|p1a: Alomomola|Alomomola, L87, F|428/429\n|-damage|p1a: Alomomola|375/429|[from] Stealth Rock\n|move|p2a: Passimian|Close Combat|p1a: Alomomola\n|-damage|p1a: Alomomola|296/429\n|-unboost|p2a: Passimian|def|1\n|-unboost|p2a: Passimian|spd|1\n|\n|-damage|p2a: Passimian|106/305 brn|[from] brn\n|upkeep\n|turn|29\n|\n|t:|1771003374\n|move|p2a: Passimian|Close Combat|p1a: Alomomola\n|-damage|p1a: Alomomola|222/429\n|-unboost|p2a: Passimian|def|1\n|-unboost|p2a: Passimian|spd|1\n|move|p1a: Alomomola|Scald|p2a: Passimian\n|-damage|p2a: Passimian|0 fnt\n|faint|p2a: Passimian\n|\n|upkeep\n|\n|t:|1771003382\n|switch|p2a: Registeel|Registeel, L83|142/268\n|turn|30\n|\n|t:|1771003390\n|move|p1a: Alomomola|Wish|p1a: Alomomola\n|move|p2a: Registeel|Seismic Toss|p1a: Alomomola\n|-damage|p1a: Alomomola|139/429\n|\n|-heal|p2a: Registeel|158/268|[from] item: Leftovers\n|upkeep\n|turn|31\n|\n|t:|1771003394\n|move|p1a: Alomomola|Scald|p2a: Registeel\n|-damage|p2a: Registeel|124/268\n|move|p2a: Registeel|Seismic Toss|p1a: Alomomola\n|-damage|p1a: Alomomola|56/429\n|\n|-heal|p1a: Alomomola|270/429|[from] move: Wish|[wisher] Alomomola\n|-heal|p2a: Registeel|140/268|[from] item: Leftovers\n|upkeep\n|turn|32\n|\n|t:|1771003397\n|move|p1a: Alomomola|Wish|p1a: Alomomola\n|move|p2a: Registeel|Toxic|p1a: Alomomola\n|-status|p1a: Alomomola|tox\n|\n|-heal|p2a: Registeel|156/268|[from] item: Leftovers\n|-damage|p1a: Alomomola|244/429 tox|[from] psn\n|upkeep\n|turn|33\n|\n|t:|1771003400\n|move|p1a: Alomomola|Scald|p2a: Registeel\n|-damage|p2a: Registeel|120/268\n|move|p2a: Registeel|Seismic Toss|p1a: Alomomola\n|-damage|p1a: Alomomola|161/429 tox\n|\n|-heal|p1a: Alomomola|375/429 tox|[from] move: Wish|[wisher] Alomomola\n|-heal|p2a: Registeel|136/268|[from] item: Leftovers\n|-damage|p1a: Alomomola|323/429 tox|[from] psn\n|upkeep\n|turn|34\n|\n|t:|1771003403\n|move|p1a: Alomomola|Wish|p1a: Alomomola\n|move|p2a: Registeel|Seismic Toss|p1a: Alomomola\n|-damage|p1a: Alomomola|240/429 tox\n|\n|-heal|p2a: Registeel|152/268|[from] item: Leftovers\n|-damage|p1a: Alomomola|162/429 tox|[from] psn\n|upkeep\n|turn|35\n|\n|t:|1771003407\n|switch|p1a: Cherrim|Cherrim, L99, F|299/299\n|-damage|p1a: Cherrim|262/299|[from] Stealth Rock\n|move|p2a: Registeel|Seismic Toss|p1a: Cherrim\n|-damage|p1a: Cherrim|179/299\n|\n|-heal|p1a: Cherrim|299/299|[from] move: Wish|[wisher] Alomomola\n|-heal|p2a: Registeel|168/268|[from] item: Leftovers\n|upkeep\n|turn|36\n|\n|t:|1771003413\n|move|p1a: Cherrim|Leech Seed|p2a: Registeel|[miss]\n|-miss|p1a: Cherrim|p2a: Registeel\n|move|p2a: Registeel|Toxic|p1a: Cherrim\n|-status|p1a: Cherrim|tox\n|\n|-heal|p2a: Registeel|184/268|[from] item: Leftovers\n|-damage|p1a: Cherrim|281/299 tox|[from] psn\n|upkeep\n|turn|37\n|\n|t:|1771003436\n|move|p2a: Registeel|Protect|p2a: Registeel\n|-singleturn|p2a: Registeel|Protect\n|move|p1a: Cherrim|Leech Seed|p2a: Registeel\n|-activate|p2a: Registeel|move: Protect\n|\n|-heal|p1a: Cherrim|299/299 tox|[from] item: Leftovers\n|-heal|p2a: Registeel|200/268|[from] item: Leftovers\n|-damage|p1a: Cherrim|263/299 tox|[from] psn\n|upkeep\n|turn|38\n|\n|t:|1771003444\n|move|p1a: Cherrim|Leech Seed|p2a: Registeel\n|-start|p2a: Registeel|move: Leech Seed\n|move|p2a: Registeel|Seismic Toss|p1a: Cherrim\n|-damage|p1a: Cherrim|180/299 tox\n|\n|-heal|p1a: Cherrim|198/299 tox|[from] item: Leftovers\n|-heal|p2a: Registeel|216/268|[from] item: Leftovers\n|-damage|p2a: Registeel|183/268|[from] Leech Seed|[of] p1a: Cherrim\n|-heal|p1a: Cherrim|231/299 tox|[silent]\n|-damage|p1a: Cherrim|177/299 tox|[from] psn\n|upkeep\n|turn|39\n|\n|t:|1771003447\n|switch|p1a: Alomomola|Alomomola, L87, F|305/429 tox\n|-damage|p1a: Alomomola|252/429 tox|[from] Stealth Rock\n|switch|p2a: Mesprit|Mesprit, L86|99/278\n|\n|-damage|p1a: Alomomola|226/429 tox|[from] psn\n|upkeep\n|turn|40\n|\n|t:|1771003452\n|move|p2a: Mesprit|Psyshock|p1a: Alomomola\n|-damage|p1a: Alomomola|91/429 tox\n|move|p1a: Alomomola|Wish|p1a: Alomomola\n|\n|-damage|p1a: Alomomola|39/429 tox|[from] psn\n|upkeep\n|turn|41\n|\n|t:|1771003458\n|switch|p1a: Tapu Lele|Tapu Lele, L77|234/234\n|-damage|p1a: Tapu Lele|205/234|[from] Stealth Rock\n|-fieldstart|move: Psychic Terrain|[from] ability: Psychic Surge|[of] p1a: Tapu Lele\n|move|p2a: Mesprit|Psyshock|p1a: Tapu Lele\n|-resisted|p1a: Tapu Lele\n|-crit|p1a: Tapu Lele\n|-damage|p1a: Tapu Lele|76/234\n|\n|-heal|p1a: Tapu Lele|234/234|[from] move: Wish|[wisher] Alomomola\n|upkeep\n|turn|42\n|\n|t:|1771003464\n|switch|p2a: Registeel|Registeel, L83|183/268\n|move|p1a: Tapu Lele|Calm Mind|p1a: Tapu Lele\n|-boost|p1a: Tapu Lele|spa|1\n|-boost|p1a: Tapu Lele|spd|1\n|\n|-heal|p2a: Registeel|199/268|[from] item: Leftovers\n|upkeep\n|turn|43\n|\n|t:|1771003468\n|move|p1a: Tapu Lele|Focus Blast|p2a: Registeel\n|-supereffective|p2a: Registeel\n|-damage|p2a: Registeel|0 fnt\n|faint|p2a: Registeel\n|-damage|p1a: Tapu Lele|211/234|[from] item: Life Orb\n|\n|upkeep\n|c|☆Meuby Law|gg\n|c|☆504battle|gg\n|\n|t:|1771003476\n|switch|p2a: Mesprit|Mesprit, L86|99/278\n|turn|44\n|\n|t:|1771003480\n|move|p1a: Tapu Lele|Moonblast|p2a: Mesprit\n|-damage|p2a: Mesprit|0 fnt\n|faint|p2a: Mesprit\n|-damage|p1a: Tapu Lele|188/234|[from] item: Life Orb\n|\n|win|Meuby Law\n|raw|Meuby Law's rating: 1603 &rarr; <strong>1623</strong><br />(+20 for winning)\n|raw|504battle's rating: 1598 &rarr; <strong>1578</strong><br />(-20 for losing)\n|l|☆504battle\n|player|p2|\n", "inputlog": ">version ccdc32dd7cde25fd9e4bed64820e885f66e78a4e\n>start {\"formatid\":\"gen7randombattle\",\"seed\":\"sodium,59ca73f980742b2a7aaf7549654875c7\",\"rated\":\"Rated battle\"}\n>player p1 {\"name\":\"Meuby Law\",\"avatar\":\"hau-stance\",\"rating\":1603,\"seed\":\"sodium,cff2ea570a9d8c7f2ec7bfd9b89f585c\"}\n>player p2 {\"name\":\"504battle\",\"avatar\":\"sage\",\"rating\":1598,\"seed\":\"sodium,342841fc5d2b9cd5a9694ae3e8624e98\"}\n>p1 move scald\n>p2 move playrough\n>p1 move wish\n>p2 move playrough\n>p1 move protect\n>p2 move playrough\n>p1 move scald\n>p2 move playrough\n>p1 move toxic\n>p2 move playrough\n>p1 move wish\n>p2 move playrough\n>p1 move protect\n>p2 move playrough\n>p1 move scald\n>p2 move playrough\n>p1 move scald\n>p2 move playrough\n>p1 move scald\n>p2 move playrough\n>p1 move wish\n>p2 move playrough\n>p1 move scald\n>p2 move playrough\n>p2 switch 4\n>p1 switch 5\n>p2 move toxic\n>p1 move swordsdance mega\n>p2 switch 6\n>p1 move closecombat\n>p2 move thunderwave\n>p1 move extremespeed\n>p2 move scald\n>p2 switch 2\n>p1 switch 5\n>p2 move closecombat\n>p1 switch 4\n>p2 switch 6\n>p1 move heatwave\n>p2 move stealthrock\n>p1 move heatwave\n>p2 switch 3\n>p1 move heatwave\n>p2 move uturn\n>p2 switch 6\n>p1 move heatwave\n>p2 move knockoff\n>p1 move airslash\n>p2 move knockoff\n>p1 switch 4\n>p1 move scald\n>p2 move knockoff\n>p1 move scald\n>p2 switch 5\n>p1 switch 5\n>p2 move hurricane\n>p1 move meteormash\n>p2 move hurricane\n>p2 switch 5\n>p1 switch 5\n>p2 move closecombat\n>p1 move scald\n>p2 move closecombat\n>p2 switch 3\n>p1 move wish\n>p2 move seismictoss\n>p1 move scald\n>p2 move seismictoss\n>p1 move wish\n>p2 move toxic\n>p1 move scald\n>p2 move seismictoss\n>p1 move wish\n>p2 move seismictoss\n>p1 switch 6\n>p2 move seismictoss\n>p1 move leechseed\n>p2 move toxic\n>p1 move leechseed\n>p2 move protect\n>p1 move leechseed\n>p2 move seismictoss\n>p1 switch 6\n>p2 switch 6\n>p1 move wish\n>p2 move psyshock\n>p1 switch 3\n>p2 move psyshock\n>p1 move calmmind\n>p2 switch 6\n>p1 move focusblast\n>p2 move seismictoss\n>chat ☆Meuby Law|gg\n>chat ☆504battle|gg\n>p2 switch 6\n>p1 move moonblast\n>p2 move signalbeam", "uploadtime": 1771003482, "views": 192, "formatid": "gen7randombattle", "rating": 1578, "private": 0, "password": null}