{"id": "gen7randombattle-2539257984", "format": "[Gen 7] Random Battle", "players": ["jwsj5852", "INSANE CARZY GUY"], "log": "|j|☆jwsj5852\n|j|☆INSANE CARZY GUY\n|t:|1771029471\n|gametype|singles\n|player|p1|jwsj5852|caitlin|1489\n|player|p2|INSANE CARZY GUY|pilot|1590\n|gen|7\n|tier|[Gen 7] Random Battle\n|rated|\n|rule|Sleep Clause Mod: Limit one foe put to sleep\n|rule|HP Percentage Mod: HP is shown in percentages\n|rule|Illusion Level Mod: Illusion disguises the Pokémon's true level\n|\n|t:|1771029471\n|teamsize|p1|6\n|teamsize|p2|6\n|start\n|switch|p1a: Victreebel|Victreebel, L90, M|290/290\n|switch|p2a: Kingdra|Kingdra, L85, F|266/266\n|turn|1\n|inactive|Battle timer is ON: inactive players will automatically lose when time's up. (requested by jwsj5852)\n|c|☆INSANE CARZY GUY|gl hf\n|\n|t:|1771029494\n|move|p2a: Kingdra|Ice Beam|p1a: Victreebel\n|-supereffective|p1a: Victreebel\n|-damage|p1a: Victreebel|116/290\n|-damage|p2a: Kingdra|240/266|[from] item: Life Orb\n|move|p1a: Victreebel|Power Whip|p2a: Kingdra\n|-damage|p2a: Kingdra|65/266\n|-damage|p1a: Victreebel|87/290|[from] item: Life Orb\n|\n|upkeep\n|turn|2\n|\n|t:|1771029502\n|move|p1a: Victreebel|Sucker Punch|p2a: Kingdra\n|-damage|p2a: Kingdra|0 fnt\n|faint|p2a: Kingdra\n|-damage|p1a: Victreebel|58/290|[from] item: Life Orb\n|\n|upkeep\n|\n|t:|1771029517\n|switch|p2a: Passimian|Passimian, L84, F|305/305\n|turn|3\n|\n|t:|1771029531\n|move|p2a: Passimian|U-turn|p1a: Victreebel\n|-damage|p1a: Victreebel|0 fnt\n|faint|p1a: Victreebel\n|\n|t:|1771029548\n|switch|p2a: Cherrim|Cherrim, L99, M|299/299|[from] U-turn\n|\n|upkeep\n|\n|t:|1771029557\n|switch|p1a: Nihilego|Nihilego, L79|302/302\n|turn|4\n|\n|t:|1771029567\n|move|p2a: Cherrim|Energy Ball|p1a: Nihilego\n|-damage|p1a: Nihilego|212/302\n|move|p1a: Nihilego|Stealth Rock|p2a: Cherrim\n|-sidestart|p2: INSANE CARZY GUY|move: Stealth Rock\n|\n|-heal|p1a: Nihilego|230/302|[from] item: Black Sludge\n|upkeep\n|turn|5\n|\n|t:|1771029576\n|switch|p2a: Empoleon|Empoleon, L83, F|275/275\n|-damage|p2a: Empoleon|258/275|[from] Stealth Rock\n|move|p1a: Nihilego|Sludge Wave|p2a: Empoleon\n|-immune|p2a: Empoleon\n|\n|-heal|p1a: Nihilego|248/302|[from] item: Black Sludge\n|-heal|p2a: Empoleon|275/275|[from] item: Leftovers\n|upkeep\n|turn|6\n|\n|t:|1771029582\n|switch|p1a: Scrafty|Scrafty, L84, F|246/246\n|move|p2a: Empoleon|Scald|p1a: Scrafty\n|-damage|p1a: Scrafty|176/246\n|-status|p1a: Scrafty|brn\n|\n|-heal|p1a: Scrafty|191/246 brn|[from] item: Leftovers\n|-damage|p1a: Scrafty|176/246 brn|[from] brn\n|upkeep\n|turn|7\n|\n|t:|1771029595\n|move|p2a: Empoleon|Defog|p1a: Scrafty\n|-unboost|p1a: Scrafty|evasion|1\n|-sideend|p2: INSANE CARZY GUY|Stealth Rock|[from] move: Defog|[of] p2a: Empoleon\n|move|p1a: Scrafty|Bulk Up|p1a: Scrafty\n|-boost|p1a: Scrafty|atk|1\n|-boost|p1a: Scrafty|def|1\n|\n|-heal|p1a: Scrafty|191/246 brn|[from] item: Leftovers\n|-damage|p1a: Scrafty|176/246 brn|[from] brn\n|upkeep\n|turn|8\n|\n|t:|1771029604\n|switch|p2a: Passimian|Passimian, L84, F|305/305\n|move|p1a: Scrafty|Bulk Up|p1a: Scrafty\n|-boost|p1a: Scrafty|atk|1\n|-boost|p1a: Scrafty|def|1\n|\n|-activate|p1a: Scrafty|ability: Shed Skin\n|-curestatus|p1a: Scrafty|brn|[msg]\n|-heal|p1a: Scrafty|191/246|[from] item: Leftovers\n|upkeep\n|turn|9\n|\n|t:|1771029611\n|move|p2a: Passimian|Close Combat|p1a: Scrafty\n|-supereffective|p1a: Scrafty\n|-damage|p1a: Scrafty|5/246\n|-unboost|p2a: Passimian|def|1\n|-unboost|p2a: Passimian|spd|1\n|move|p1a: Scrafty|Drain Punch|p2a: Passimian\n|-damage|p2a: Passimian|80/305\n|-heal|p1a: Scrafty|118/246|[from] drain|[of] p2a: Passimian\n|\n|-heal|p1a: Scrafty|133/246|[from] item: Leftovers\n|upkeep\n|turn|10\n|\n|t:|1771029633\n|switch|p1a: Nihilego|Nihilego, L79|248/302\n|move|p2a: Passimian|Close Combat|p1a: Nihilego\n|-damage|p1a: Nihilego|0 fnt\n|-unboost|p2a: Passimian|def|1\n|-unboost|p2a: Passimian|spd|1\n|faint|p1a: Nihilego\n|\n|upkeep\n|\n|t:|1771029637\n|switch|p1a: Staraptor|Staraptor, L80, M|267/267\n|turn|11\n|\n|t:|1771029643\n|switch|p2a: Empoleon|Empoleon, L83, F|275/275\n|move|p1a: Staraptor|Close Combat|p2a: Empoleon\n|-supereffective|p2a: Empoleon\n|-damage|p2a: Empoleon|0 fnt\n|-unboost|p1a: Staraptor|def|1\n|-unboost|p1a: Staraptor|spd|1\n|faint|p2a: Empoleon\n|\n|upkeep\n|\n|t:|1771029660\n|switch|p2a: Gourgeist|Gourgeist, L91, F|266/266\n|-item|p1a: Staraptor|Choice Band|[from] ability: Frisk|[of] p2a: Gourgeist\n|turn|12\n|\n|t:|1771029663\n|switch|p1a: Scrafty|Scrafty, L84, F|133/246\n|move|p2a: Gourgeist|Will-O-Wisp|p1a: Scrafty|[miss]\n|-miss|p2a: Gourgeist|p1a: Scrafty\n|\n|-heal|p1a: Scrafty|148/246|[from] item: Leftovers\n|upkeep\n|turn|13\n|\n|t:|1771029668\n|switch|p2a: Passimian|Passimian, L84, F|80/305\n|move|p1a: Scrafty|Knock Off|p2a: Passimian\n|-resisted|p2a: Passimian\n|-damage|p2a: Passimian|35/305\n|-enditem|p2a: Passimian|Choice Band|[from] move: Knock Off|[of] p1a: Scrafty\n|\n|-heal|p1a: Scrafty|163/246|[from] item: Leftovers\n|upkeep\n|turn|14\n|inactive|jwsj5852 has 120 seconds left.\n|\n|t:|1771029706\n|switch|p1a: Tyrantrum|Tyrantrum, L81, F|265/265\n|move|p2a: Passimian|Close Combat|p1a: Tyrantrum\n|-supereffective|p1a: Tyrantrum\n|-damage|p1a: Tyrantrum|29/265\n|-unboost|p2a: Passimian|def|1\n|-unboost|p2a: Passimian|spd|1\n|\n|upkeep\n|turn|15\n|\n|t:|1771029711\n|move|p2a: Passimian|Close Combat|p1a: Tyrantrum\n|-supereffective|p1a: Tyrantrum\n|-damage|p1a: Tyrantrum|0 fnt\n|-unboost|p2a: Passimian|def|1\n|-unboost|p2a: Passimian|spd|1\n|faint|p1a: Tyrantrum\n|\n|upkeep\n|\n|t:|1771029715\n|switch|p1a: Staraptor|Staraptor, L80, M|267/267\n|turn|16\n|\n|t:|1771029718\n|switch|p2a: Cherrim|Cherrim, L99, M|299/299\n|move|p1a: Staraptor|Brave Bird|p2a: Cherrim\n|-supereffective|p2a: Cherrim\n|-damage|p2a: Cherrim|0 fnt\n|faint|p2a: Cherrim\n|-damage|p1a: Staraptor|168/267|[from] Recoil\n|\n|upkeep\n|\n|t:|1771029724\n|switch|p2a: Rhyperior|Rhyperior, L84, F|330/330\n|turn|17\n|\n|t:|1771029733\n|switch|p1a: Slaking|Slaking, L84, F|389/389\n|move|p2a: Rhyperior|Earthquake|p1a: Slaking\n|-damage|p1a: Slaking|185/389\n|\n|upkeep\n|turn|18\n|\n|t:|1771029741\n|switch|p2a: Gourgeist|Gourgeist, L91, F|266/266\n|-item|p1a: Slaking|Choice Scarf|[from] ability: Frisk|[of] p2a: Gourgeist\n|move|p1a: Slaking|Earthquake|p2a: Gourgeist\n|-resisted|p2a: Gourgeist\n|-damage|p2a: Gourgeist|229/266\n|\n|-heal|p2a: Gourgeist|245/266|[from] item: Leftovers\n|upkeep\n|turn|19\n|\n|t:|1771029754\n|switch|p1a: Scrafty|Scrafty, L84, F|163/246\n|switch|p2a: Passimian|Passimian, L84, F|35/305\n|\n|-heal|p1a: Scrafty|178/246|[from] item: Leftovers\n|upkeep\n|turn|20\n|\n|t:|1771029759\n|switch|p1a: Slaking|Slaking, L84, F|185/389\n|move|p2a: Passimian|Close Combat|p1a: Slaking\n|-supereffective|p1a: Slaking\n|-damage|p1a: Slaking|0 fnt\n|-unboost|p2a: Passimian|def|1\n|-unboost|p2a: Passimian|spd|1\n|faint|p1a: Slaking\n|\n|upkeep\n|\n|t:|1771029761\n|switch|p1a: Staraptor|Staraptor, L80, M|168/267\n|turn|21\n|\n|t:|1771029766\n|switch|p2a: Rhyperior|Rhyperior, L84, F|330/330\n|move|p1a: Staraptor|U-turn|p2a: Rhyperior\n|-damage|p2a: Rhyperior|272/330\n|\n|t:|1771029768\n|switch|p1a: Scrafty|Scrafty, L84, F|178/246|[from] U-turn\n|\n|-heal|p1a: Scrafty|193/246|[from] item: Leftovers\n|upkeep\n|turn|22\n|\n|t:|1771029772\n|move|p1a: Scrafty|Bulk Up|p1a: Scrafty\n|-boost|p1a: Scrafty|atk|1\n|-boost|p1a: Scrafty|def|1\n|move|p2a: Rhyperior|Earthquake|p1a: Scrafty\n|-damage|p1a: Scrafty|75/246\n|\n|-heal|p1a: Scrafty|90/246|[from] item: Leftovers\n|upkeep\n|turn|23\n|\n|t:|1771029776\n|move|p1a: Scrafty|Drain Punch|p2a: Rhyperior\n|-supereffective|p2a: Rhyperior\n|-damage|p2a: Rhyperior|137/330\n|-heal|p1a: Scrafty|158/246|[from] drain|[of] p2a: Rhyperior\n|move|p2a: Rhyperior|Earthquake|p1a: Scrafty\n|-damage|p1a: Scrafty|41/246\n|\n|-heal|p1a: Scrafty|56/246|[from] item: Leftovers\n|upkeep\n|turn|24\n|\n|t:|1771029797\n|move|p1a: Scrafty|Drain Punch|p2a: Rhyperior\n|-supereffective|p2a: Rhyperior\n|-damage|p2a: Rhyperior|16/330\n|-heal|p1a: Scrafty|117/246|[from] drain|[of] p2a: Rhyperior\n|move|p2a: Rhyperior|Earthquake|p1a: Scrafty\n|-damage|p1a: Scrafty|0 fnt\n|faint|p1a: Scrafty\n|\n|upkeep\n|\n|t:|1771029800\n|switch|p1a: Staraptor|Staraptor, L80, M|168/267\n|turn|25\n|\n|t:|1771029801\n|move|p1a: Staraptor|Brave Bird|p2a: Rhyperior\n|-resisted|p2a: Rhyperior\n|-damage|p2a: Rhyperior|0 fnt\n|faint|p2a: Rhyperior\n|-damage|p1a: Staraptor|163/267|[from] Recoil\n|\n|upkeep\n|\n|t:|1771029804\n|switch|p2a: Gourgeist|Gourgeist, L91, F|245/266\n|-item|p1a: Staraptor|Choice Band|[from] ability: Frisk|[of] p2a: Gourgeist\n|turn|26\n|\n|t:|1771029807\n|move|p1a: Staraptor|Brave Bird|p2a: Gourgeist\n|-supereffective|p2a: Gourgeist\n|-damage|p2a: Gourgeist|0 fnt\n|faint|p2a: Gourgeist\n|-damage|p1a: Staraptor|82/267|[from] Recoil\n|\n|upkeep\n|\n|t:|1771029809\n|switch|p2a: Passimian|Passimian, L84, F|35/305\n|turn|27\n|c|☆INSANE CARZY GUY|gg\n|-message|INSANE CARZY GUY forfeited.\n|\n|win|jwsj5852\n|raw|jwsj5852's rating: 1489 &rarr; <strong>1515</strong><br />(+26 for winning)\n|raw|INSANE CARZY GUY's rating: 1590 &rarr; <strong>1564</strong><br />(-26 for losing)\n|l|☆INSANE CARZY GUY\n|player|p2|\n", "inputlog": ">version ccdc32dd7cde25fd9e4bed64820e885f66e78a4e\n>start {\"formatid\":\"gen7randombattle\",\"seed\":\"sodium,1fa030d7ecba9c1b05cf92782415977a\",\"rated\":\"Rated battle\"}\n>player p1 {\"name\":\"jwsj5852\",\"avatar\":\"caitlin\",\"rating\":1489,\"seed\":\"sodium,768d733988f5bb3f826f104edd713523\"}\n>player p2 {\"name\":\"INSANE CARZY GUY\",\"avatar\":\"pilot\",\"rating\":1590,\"seed\":\"sodium,b57345fbe8e78a74baec52ff7929c87d\"}\n>chat ☆INSANE CARZY GUY|gl hf\n>p1 move powerwhip\n>p2 move icebeam\n>p1 move suckerpunch\n>p2 move icebeam\n>p2 switch 6\n>p1 move sludgebomb\n>p2 move uturn\n>p2 switch 2\n>p1 switch 2\n>p1 move stealthrock\n>p2 move energyball\n>p1 move sludgewave\n>p2 switch 5\n>p1 switch 3\n>p2 move scald\n>p1 move bulkup\n>p2 move defog\n>p1 move bulkup\n>p2 switch 2\n>p1 move drainpunch\n>p2 move closecombat\n>p1 switch 3\n>p2 move closecombat\n>p1 switch 5\n>p1 move closecombat\n>p2 switch 2\n>p2 switch 3\n>p1 switch 3\n>p2 move willowisp\n>p1 move knockoff\n>p2 switch 2\n>p1 switch 4\n>p2 move closecombat\n>p1 move dragondance\n>p2 move closecombat\n>p1 switch 3\n>p1 move bravebird\n>p2 switch 5\n>p2 switch 4\n>p1 switch 6\n>p2 move earthquake\n>p1 move earthquake\n>p2 switch 2\n>p1 switch 4\n>p2 switch 5\n>p1 switch 4\n>p2 move closecombat\n>p1 switch 6\n>p1 move uturn\n>p2 switch 2\n>p1 switch 4\n>p1 move bulkup\n>p2 move earthquake\n>p1 move drainpunch\n>p2 move earthquake\n>p1 move drainpunch\n>p2 move earthquake\n>p1 switch 4\n>p1 move bravebird\n>p2 move earthquake\n>p2 switch 5\n>p1 move bravebird\n>p2 move willowisp\n>p2 switch 2\n>chat ☆INSANE CARZY GUY|gg\n>forcelose p2", "uploadtime": 1771029822, "views": 178, "formatid": "gen7randombattle", "rating": 1515, "private": 0, "password": null}