{"id": "gen7randombattle-2527426808", "format": "[Gen 7] Random Battle", "players": ["Mucho Botiquin", "Johnald714"], "log": "|j|‽Mucho Botiquin\n|j|☆Johnald714\n|t:|1769537362\n|gametype|singles\n|player|p1|Mucho Botiquin|poppy|1611\n|player|p2|Johnald714|2|1500\n|gen|7\n|tier|[Gen 7] Random Battle\n|rated|\n|rule|Sleep Clause Mod: Limit one foe put to sleep\n|rule|HP Percentage Mod: HP is shown in percentages\n|rule|Illusion Level Mod: Illusion disguises the Pokémon's true level\n|\n|t:|1769537362\n|teamsize|p1|6\n|teamsize|p2|6\n|start\n|switch|p1a: Skuntank|Skuntank, L87, F|321/321\n|switch|p2a: Escavalier|Escavalier, L85, M|258/258\n|turn|1\n|\n|t:|1769537369\n|switch|p1a: Pidgeot|Pidgeot, L78, F|258/258\n|move|p2a: Escavalier|Drill Run|p1a: Pidgeot\n|-immune|p1a: Pidgeot\n|\n|upkeep\n|turn|2\n|\n|t:|1769537374\n|switch|p2a: Jolteon|Jolteon, L81, M|238/238\n|detailschange|p1a: Pidgeot|Pidgeot-Mega, L78, F\n|-mega|p1a: Pidgeot|Pidgeot|Pidgeotite\n|move|p1a: Pidgeot|Heat Wave|p2a: Jolteon\n|-damage|p2a: Jolteon|166/238\n|\n|upkeep\n|turn|3\n|\n|t:|1769537386\n|switch|p2a: Cacturne|Cacturne, L93, M|281/281\n|switch|p1a: Rhydon|Rhydon, L85, F|317/317\n|\n|upkeep\n|turn|4\n|\n|t:|1769537391\n|move|p2a: Cacturne|Giga Drain|p1a: Rhydon\n|-supereffective|p1a: Rhydon\n|-crit|p1a: Rhydon\n|-damage|p1a: Rhydon|0 fnt\n|faint|p1a: Rhydon\n|-damage|p2a: Cacturne|253/281|[from] item: Life Orb\n|\n|upkeep\n|\n|t:|1769537393\n|switch|p1a: Pidgeot|Pidgeot-Mega, L78, F|258/258\n|turn|5\n|\n|t:|1769537399\n|switch|p2a: Jolteon|Jolteon, L81, M|166/238\n|move|p1a: Pidgeot|U-turn|p2a: Jolteon\n|-damage|p2a: Jolteon|112/238\n|\n|t:|1769537403\n|switch|p1a: Kecleon|Kecleon, L90, F|254/254|[from] U-turn\n|\n|upkeep\n|turn|6\n|\n|t:|1769537407\n|move|p2a: Jolteon|Volt Switch|p1a: Kecleon\n|-damage|p1a: Kecleon|169/254\n|\n|t:|1769537411\n|switch|p2a: Camerupt|Camerupt, L88, M|266/266|[from] Volt Switch\n|move|p1a: Kecleon|Stealth Rock|p2a: Camerupt\n|-start|p1a: Kecleon|typechange|Rock|[from] ability: Protean\n|-sidestart|p2: Johnald714|move: Stealth Rock\n|\n|-heal|p1a: Kecleon|184/254|[from] item: Leftovers\n|upkeep\n|turn|7\n|\n|t:|1769537418\n|switch|p1a: Pidgeot|Pidgeot-Mega, L78, F|258/258\n|detailschange|p2a: Camerupt|Camerupt-Mega, L88, M\n|-mega|p2a: Camerupt|Camerupt|Cameruptite\n|move|p2a: Camerupt|Stealth Rock|p1a: Pidgeot\n|-sidestart|p1: Mucho Botiquin|move: Stealth Rock\n|\n|upkeep\n|turn|8\n|\n|t:|1769537422\n|move|p1a: Pidgeot|Hurricane|p2a: Camerupt\n|-damage|p2a: Camerupt|146/266\n|move|p2a: Camerupt|Fire Blast|p1a: Pidgeot\n|-damage|p1a: Pidgeot|6/258\n|\n|upkeep\n|turn|9\n|\n|t:|1769537428\n|move|p1a: Pidgeot|Hurricane|p2a: Camerupt\n|-damage|p2a: Camerupt|38/266\n|-start|p2a: Camerupt|confusion\n|-activate|p2a: Camerupt|confusion\n|move|p2a: Camerupt|Earth Power|p1a: Pidgeot\n|-immune|p1a: Pidgeot\n|\n|upkeep\n|turn|10\n|\n|t:|1769537439\n|move|p1a: Pidgeot|Hurricane|p2a: Camerupt\n|-damage|p2a: Camerupt|0 fnt\n|faint|p2a: Camerupt\n|detailschange|p2: Camerupt|Camerupt, L88, M|[silent]\n|\n|upkeep\n|\n|t:|1769537448\n|switch|p2a: Jolteon|Jolteon, L81, M|112/238\n|-damage|p2a: Jolteon|83/238|[from] Stealth Rock\n|turn|11\n|\n|t:|1769537453\n|move|p2a: Jolteon|Thunderbolt|p1a: Pidgeot\n|-supereffective|p1a: Pidgeot\n|-damage|p1a: Pidgeot|0 fnt\n|faint|p1a: Pidgeot\n|detailschange|p1: Pidgeot|Pidgeot, L78, F|[silent]\n|\n|upkeep\n|\n|t:|1769537462\n|switch|p1a: Magearna|Magearna-Original, L77|250/250\n|-damage|p1a: Magearna|235/250|[from] Stealth Rock\n|turn|12\n|\n|t:|1769537471\n|switch|p2a: Escavalier|Escavalier, L85, M|258/258\n|-damage|p2a: Escavalier|226/258|[from] Stealth Rock\n|move|p1a: Magearna|Aura Sphere|p2a: Escavalier\n|-damage|p2a: Escavalier|171/258\n|\n|-heal|p1a: Magearna|250/250|[from] item: Leftovers\n|upkeep\n|turn|13\n|\n|t:|1769537479\n|switch|p1a: Skuntank|Skuntank, L87, F|321/321\n|-damage|p1a: Skuntank|281/321|[from] Stealth Rock\n|move|p2a: Escavalier|Drill Run|p1a: Skuntank\n|-supereffective|p1a: Skuntank\n|-damage|p1a: Skuntank|11/321\n|\n|upkeep\n|turn|14\n|\n|t:|1769537482\n|move|p1a: Skuntank|Crunch|p2a: Escavalier\n|-damage|p2a: Escavalier|87/258\n|-unboost|p2a: Escavalier|def|1\n|move|p2a: Escavalier|Drill Run|p1a: Skuntank\n|-supereffective|p1a: Skuntank\n|-damage|p1a: Skuntank|0 fnt\n|-damage|p2a: Escavalier|23/258|[from] ability: Aftermath|[of] p1a: Skuntank\n|faint|p1a: Skuntank\n|\n|upkeep\n|\n|t:|1769537486\n|switch|p1a: Magearna|Magearna-Original, L77|250/250\n|-damage|p1a: Magearna|235/250|[from] Stealth Rock\n|turn|15\n|inactive|Battle timer is ON: inactive players will automatically lose when time's up. (requested by Johnald714)\n|l|‽Mucho Botiquin\n|inactive|Mucho Botiquin disconnected and has a minute to reconnect!\n|player|p1|\n|inactive|Mucho Botiquin has 30 seconds to reconnect!\n|inactive|Mucho Botiquin has 20 seconds to reconnect!\n|inactive|Mucho Botiquin has 15 seconds to reconnect!\n|inactive|Mucho Botiquin has 10 seconds to reconnect!\n|inactive|Mucho Botiquin has 5 seconds to reconnect!\n|-message|Mucho Botiquin lost due to inactivity.\n|\n|win|Johnald714\n|raw|Mucho Botiquin's rating: 1611 &rarr; <strong>1585</strong><br />(-26 for losing)\n|raw|Johnald714's rating: 1500 &rarr; <strong>1526</strong><br />(+26 for winning)\n", "inputlog": ">version b99ff0165a6231f17e8b78c2a78d1998375de664\n>start {\"formatid\":\"gen7randombattle\",\"seed\":\"sodium,243a539a9c4109bf6f944a207148b51f\",\"rated\":\"Rated battle\"}\n>player p1 {\"name\":\"Mucho Botiquin\",\"avatar\":\"poppy\",\"rating\":1611,\"seed\":\"sodium,c15845a7e249c0f31c173cd41d6a97eb\"}\n>player p2 {\"name\":\"Johnald714\",\"avatar\":\"2\",\"rating\":1500,\"seed\":\"sodium,98a352711618ffa59911a67920b5330a\"}\n>p1 switch 3\n>p2 move drillrun\n>p1 move heatwave mega\n>p2 switch 3\n>p1 switch 4\n>p2 switch 2\n>p1 move megahorn\n>p2 move gigadrain\n>p1 switch 4\n>p1 move uturn\n>p2 switch 2\n>p1 switch 6\n>p1 move stealthrock\n>p2 move voltswitch\n>p2 switch 5\n>p1 switch 6\n>p2 move stealthrock mega\n>p1 move hurricane\n>p2 move fireblast\n>p1 move hurricane\n>p2 move earthpower\n>p1 move hurricane\n>p2 move fireblast\n>p2 switch 5\n>p1 move roost\n>p2 move thunderbolt\n>p1 switch 2\n>p1 move aurasphere\n>p2 switch 3\n>p1 switch 3\n>p2 move drillrun\n>p1 move crunch\n>p2 move drillrun\n>p1 switch 3\n>forcelose p1", "uploadtime": 1769538102, "views": 186, "formatid": "gen7randombattle", "rating": 1526, "private": 0, "password": null}