{"id": "gen7randombattle-2527425771", "format": "[Gen 7] Random Battle", "players": ["Regreet", "La.Hellhound"], "log": "|j|☆Regreet\n|j|‽La.Hellhound\n|t:|1769537269\n|gametype|singles\n|player|p1|Regreet|170|1579\n|player|p2|La.Hellhound|bruno|1759\n|gen|7\n|tier|[Gen 7] Random Battle\n|rated|\n|rule|Sleep Clause Mod: Limit one foe put to sleep\n|rule|HP Percentage Mod: HP is shown in percentages\n|rule|Illusion Level Mod: Illusion disguises the Pokémon's true level\n|\n|t:|1769537269\n|teamsize|p1|6\n|teamsize|p2|6\n|start\n|switch|p1a: Cofagrigus|Cofagrigus, L89, F|248/248\n|switch|p2a: Volbeat|Volbeat, L91, M|266/266\n|turn|1\n|inactive|Battle timer is ON: inactive players will automatically lose when time's up. (requested by La.Hellhound)\n|inactive|Regreet also wants the timer to be on.\n|\n|t:|1769537298\n|switch|p1a: Groudon|Groudon, L65|238/238\n|detailschange|p1a: Groudon|Groudon-Primal, L65\n|-primal|p1a: Groudon|Red Orb\n|-weather|DesolateLand|[from] ability: Desolate Land|[of] p1a: Groudon\n|move|p2a: Volbeat|Thunder Wave|p1a: Groudon\n|-immune|p1a: Groudon\n|\n|-weather|DesolateLand|[upkeep]\n|upkeep\n|turn|2\n|\n|t:|1769537308\n|move|p2a: Volbeat|Lunge|p1a: Groudon\n|-resisted|p1a: Groudon\n|-damage|p1a: Groudon|205/238\n|-unboost|p1a: Groudon|atk|1\n|move|p1a: Groudon|Stealth Rock|p2a: Volbeat\n|-sidestart|p2: La.Hellhound|move: Stealth Rock\n|\n|-weather|DesolateLand|[upkeep]\n|upkeep\n|turn|3\n|\n|t:|1769537317\n|-weather|none\n|switch|p1a: Registeel|Registeel, L83|268/268\n|move|p2a: Volbeat|Encore||[still]\n|-fail|p2a: Volbeat\n|\n|upkeep\n|turn|4\n|\n|t:|1769537325\n|switch|p1a: Groudon|Groudon-Primal, L65|205/238\n|-weather|DesolateLand|[from] ability: Desolate Land|[of] p1a: Groudon\n|move|p2a: Volbeat|Thunder Wave|p1a: Groudon\n|-immune|p1a: Groudon\n|\n|-weather|DesolateLand|[upkeep]\n|upkeep\n|turn|5\n|\n|t:|1769537335\n|move|p2a: Volbeat|Lunge|p1a: Groudon\n|-resisted|p1a: Groudon\n|-damage|p1a: Groudon|170/238\n|-unboost|p1a: Groudon|atk|1\n|move|p1a: Groudon|Lava Plume|p2a: Volbeat\n|-supereffective|p2a: Volbeat\n|-damage|p2a: Volbeat|32/266\n|\n|-weather|DesolateLand|[upkeep]\n|-heal|p2a: Volbeat|48/266|[from] item: Leftovers\n|upkeep\n|turn|6\n|\n|t:|1769537346\n|move|p2a: Volbeat|Encore|p1a: Groudon\n|-start|p1a: Groudon|Encore\n|move|p1a: Groudon|Lava Plume|p2a: Volbeat\n|-supereffective|p2a: Volbeat\n|-damage|p2a: Volbeat|0 fnt\n|faint|p2a: Volbeat\n|\n|-weather|DesolateLand|[upkeep]\n|upkeep\n|\n|t:|1769537365\n|switch|p2a: Zekrom|Zekrom, L74|270/270\n|-damage|p2a: Zekrom|237/270|[from] Stealth Rock\n|-ability|p2a: Zekrom|Teravolt\n|turn|7\n|\n|t:|1769537381\n|-weather|none\n|switch|p1a: Shedinja|Shedinja, L96|1/1\n|move|p2a: Zekrom|Hone Claws|p2a: Zekrom\n|-boost|p2a: Zekrom|atk|1\n|-boost|p2a: Zekrom|accuracy|1\n|\n|upkeep\n|turn|8\n|\n|t:|1769537390\n|move|p2a: Zekrom|Bolt Strike|p1a: Shedinja\n|-enditem|p1a: Shedinja|Focus Sash\n|-damage|p1a: Shedinja|1/1\n|-status|p1a: Shedinja|par\n|move|p1a: Shedinja|X-Scissor|p2a: Zekrom\n|-damage|p2a: Zekrom|147/270\n|\n|upkeep\n|turn|9\n|\n|t:|1769537399\n|switch|p1a: Cofagrigus|Cofagrigus, L89, F|248/248\n|move|p2a: Zekrom|Roost|p2a: Zekrom\n|-heal|p2a: Zekrom|270/270\n|-singleturn|p2a: Zekrom|move: Roost\n|\n|upkeep\n|turn|10\n|\n|t:|1769537405\n|-zpower|p2a: Zekrom\n|move|p2a: Zekrom|Devastating Drake|p1a: Cofagrigus|[zeffect]\n|-damage|p1a: Cofagrigus|52/248\n|move|p1a: Cofagrigus|Trick Room|p1a: Cofagrigus\n|-fieldstart|move: Trick Room|[of] p1a: Cofagrigus\n|\n|-heal|p1a: Cofagrigus|67/248|[from] item: Leftovers\n|upkeep\n|turn|11\n|\n|t:|1769537414\n|move|p1a: Cofagrigus|Shadow Ball|p2a: Zekrom\n|-damage|p2a: Zekrom|183/270\n|move|p2a: Zekrom|Bolt Strike|p1a: Cofagrigus\n|-damage|p1a: Cofagrigus|0 fnt\n|-ability|p2a: Zekrom|Mummy|Teravolt|[from] ability: Mummy|[of] p1a: Cofagrigus\n|-activate|p1a: Cofagrigus|ability: Mummy|Teravolt|[of] p2a: Zekrom\n|faint|p1a: Cofagrigus\n|\n|upkeep\n|\n|t:|1769537418\n|switch|p1a: Groudon|Groudon-Primal, L65|170/238\n|-weather|DesolateLand|[from] ability: Desolate Land|[of] p1a: Groudon\n|turn|12\n|\n|t:|1769537448\n|switch|p2a: Vikavolt|Vikavolt, L86, F|273/273\n|-damage|p2a: Vikavolt|205/273|[from] Stealth Rock\n|move|p1a: Groudon|Precipice Blades|p2a: Vikavolt\n|-immune|p2a: Vikavolt|[from] ability: Levitate\n|\n|-weather|DesolateLand|[upkeep]\n|-heal|p2a: Vikavolt|222/273|[from] item: Leftovers\n|upkeep\n|turn|13\n|\n|t:|1769537458\n|move|p2a: Vikavolt|Bug Buzz|p1a: Groudon\n|-resisted|p1a: Groudon\n|-damage|p1a: Groudon|84/238\n|move|p1a: Groudon|Lava Plume|p2a: Vikavolt\n|-supereffective|p2a: Vikavolt\n|-damage|p2a: Vikavolt|0 fnt\n|faint|p2a: Vikavolt\n|\n|-weather|DesolateLand|[upkeep]\n|upkeep\n|\n|t:|1769537468\n|switch|p2a: Golurk|Golurk, L87|297/297\n|-damage|p2a: Golurk|279/297|[from] Stealth Rock\n|turn|14\n|\n|t:|1769537477\n|-weather|none\n|switch|p1a: Noivern|Noivern, L83, F|277/277\n|move|p2a: Golurk|Shadow Punch|p1a: Noivern\n|-damage|p1a: Noivern|147/277\n|-damage|p2a: Golurk|250/297|[from] item: Life Orb\n|\n|-fieldend|move: Trick Room\n|upkeep\n|turn|15\n|\n|t:|1769537488\n|switch|p2a: Aurorus|Aurorus, L88, M|359/359\n|-damage|p2a: Aurorus|270/359|[from] Stealth Rock\n|-weather|Hail|[from] ability: Snow Warning|[of] p2a: Aurorus\n|move|p1a: Noivern|Draco Meteor|p2a: Aurorus\n|-damage|p2a: Aurorus|117/359\n|-unboost|p1a: Noivern|spa|2\n|-damage|p1a: Noivern|120/277|[from] item: Life Orb\n|\n|-weather|Hail|[upkeep]\n|-damage|p1a: Noivern|103/277|[from] Hail\n|upkeep\n|turn|16\n|\n|t:|1769537501\n|switch|p1a: Groudon|Groudon-Primal, L65|84/238\n|-weather|DesolateLand|[from] ability: Desolate Land|[of] p1a: Groudon\n|move|p2a: Aurorus|Ancient Power|p1a: Groudon\n|-damage|p1a: Groudon|0 fnt\n|faint|p1a: Groudon\n|-weather|none\n|detailschange|p1: Groudon|Groudon, L65|[silent]\n|\n|upkeep\n|\n|t:|1769537510\n|switch|p1a: Accelgor|Accelgor, L90, M|290/290\n|turn|17\n|\n|t:|1769537520\n|move|p1a: Accelgor|Hidden Power|p2a: Aurorus\n|-supereffective|p2a: Aurorus\n|-damage|p2a: Aurorus|0 fnt\n|faint|p2a: Aurorus\n|-damage|p1a: Accelgor|261/290|[from] item: Life Orb\n|\n|upkeep\n|\n|t:|1769537535\n|switch|p2a: Zekrom|Zekrom, L74|183/270\n|-damage|p2a: Zekrom|150/270|[from] Stealth Rock\n|-ability|p2a: Zekrom|Teravolt\n|turn|18\n|\n|t:|1769537545\n|move|p1a: Accelgor|Bug Buzz|p2a: Zekrom\n|-damage|p2a: Zekrom|12/270\n|-damage|p1a: Accelgor|232/290|[from] item: Life Orb\n|move|p2a: Zekrom|Roost|p2a: Zekrom\n|-heal|p2a: Zekrom|147/270\n|-singleturn|p2a: Zekrom|move: Roost\n|\n|upkeep\n|turn|19\n|\n|t:|1769537552\n|move|p1a: Accelgor|Bug Buzz|p2a: Zekrom\n|-damage|p2a: Zekrom|9/270\n|-damage|p1a: Accelgor|203/290|[from] item: Life Orb\n|move|p2a: Zekrom|Outrage|p1a: Accelgor\n|-damage|p1a: Accelgor|0 fnt\n|faint|p1a: Accelgor\n|\n|upkeep\n|\n|t:|1769537564\n|switch|p1a: Shedinja|Shedinja, L96|1/1 par\n|turn|20\n|\n|t:|1769537567\n|move|p1a: Shedinja|Shadow Sneak|p2a: Zekrom\n|-damage|p2a: Zekrom|0 fnt\n|faint|p2a: Zekrom\n|\n|upkeep\n|\n|t:|1769537573\n|switch|p2a: Golurk|Golurk, L87|250/297\n|-damage|p2a: Golurk|232/297|[from] Stealth Rock\n|turn|21\n|\n|t:|1769537584\n|move|p2a: Golurk|Shadow Punch|p1a: Shedinja\n|-supereffective|p1a: Shedinja\n|-damage|p1a: Shedinja|0 fnt\n|faint|p1a: Shedinja\n|-damage|p2a: Golurk|203/297|[from] item: Life Orb\n|\n|upkeep\n|\n|t:|1769537587\n|switch|p1a: Noivern|Noivern, L83, F|103/277\n|turn|22\n|\n|t:|1769537592\n|switch|p2a: Victreebel|Victreebel, L90, M|290/290\n|-damage|p2a: Victreebel|254/290|[from] Stealth Rock\n|move|p1a: Noivern|Draco Meteor|p2a: Victreebel\n|-damage|p2a: Victreebel|50/290\n|-unboost|p1a: Noivern|spa|2\n|-damage|p1a: Noivern|76/277|[from] item: Life Orb\n|\n|upkeep\n|turn|23\n|\n|t:|1769537603\n|switch|p1a: Registeel|Registeel, L83|268/268\n|move|p2a: Victreebel|Sleep Powder|p1a: Registeel|[miss]\n|-miss|p2a: Victreebel|p1a: Registeel\n|\n|upkeep\n|turn|24\n|\n|t:|1769537612\n|move|p2a: Victreebel|Sleep Powder|p1a: Registeel\n|-status|p1a: Registeel|slp|[from] move: Sleep Powder\n|cant|p1a: Registeel|slp\n|\n|upkeep\n|turn|25\n|\n|t:|1769537619\n|move|p2a: Victreebel|Power Whip|p1a: Registeel\n|-resisted|p1a: Registeel\n|-damage|p1a: Registeel|200/268 slp\n|-damage|p2a: Victreebel|21/290|[from] item: Life Orb\n|cant|p1a: Registeel|slp\n|move|p1a: Registeel|Sleep Talk|p1a: Registeel\n|move|p1a: Registeel|Iron Head|p2a: Victreebel|[from] move: Sleep Talk\n|-damage|p2a: Victreebel|0 fnt\n|faint|p2a: Victreebel\n|\n|-heal|p1a: Registeel|216/268 slp|[from] item: Leftovers\n|upkeep\n|\n|t:|1769537630\n|switch|p2a: Golurk|Golurk, L87|203/297\n|-damage|p2a: Golurk|185/297|[from] Stealth Rock\n|turn|26\n|\n|t:|1769537635\n|move|p2a: Golurk|Rock Polish|p2a: Golurk\n|-boost|p2a: Golurk|spe|2\n|-curestatus|p1a: Registeel|slp|[msg]\n|move|p1a: Registeel|Iron Head|p2a: Golurk\n|-damage|p2a: Golurk|118/297\n|\n|-heal|p1a: Registeel|232/268|[from] item: Leftovers\n|upkeep\n|turn|27\n|\n|t:|1769537645\n|move|p2a: Golurk|Earthquake|p1a: Registeel\n|-supereffective|p1a: Registeel\n|-damage|p1a: Registeel|0 fnt\n|faint|p1a: Registeel\n|-damage|p2a: Golurk|89/297|[from] item: Life Orb\n|\n|upkeep\n|\n|t:|1769537649\n|switch|p1a: Noivern|Noivern, L83, F|76/277\n|turn|28\n|\n|t:|1769537652\n|move|p2a: Golurk|Ice Punch|p1a: Noivern\n|-supereffective|p1a: Noivern\n|-damage|p1a: Noivern|0 fnt\n|faint|p1a: Noivern\n|-damage|p2a: Golurk|60/297|[from] item: Life Orb\n|\n|win|La.Hellhound\n|raw|Regreet's rating: 1579 &rarr; <strong>1569</strong><br />(-10 for losing)\n|raw|La.Hellhound's rating: 1759 &rarr; <strong>1769</strong><br />(+10 for winning)\n|l|☆Regreet\n|player|p1|\n", "inputlog": ">version b99ff0165a6231f17e8b78c2a78d1998375de664\n>start {\"formatid\":\"gen7randombattle\",\"seed\":\"sodium,544a9f20ea614bfd17a16a70dbdeef57\",\"rated\":\"Rated battle\"}\n>player p1 {\"name\":\"Regreet\",\"avatar\":\"170\",\"rating\":1579,\"seed\":\"sodium,18184f2a92cbf85f5b1b5e8d660dbdff\"}\n>player p2 {\"name\":\"La.Hellhound\",\"avatar\":\"bruno\",\"rating\":1759,\"seed\":\"sodium,5a0b0d6d6f4e2c833f31844b261eb8d8\"}\n>p1 switch 4\n>p2 move thunderwave\n>p1 move stealthrock\n>p2 move lunge\n>p1 switch 6\n>p2 move encore\n>p1 switch 6\n>p2 move thunderwave\n>p1 move lavaplume\n>p2 move lunge\n>p1 move lavaplume\n>p2 move encore\n>p2 switch 6\n>p1 switch 3\n>p2 move honeclaws\n>p1 move xscissor\n>p2 move boltstrike\n>p1 switch 4\n>p2 move roost\n>p1 move trickroom\n>p2 move outrage zmove\n>p1 move shadowball\n>p2 move boltstrike\n>p1 switch 3\n>p1 move precipiceblades\n>p2 switch 5\n>p1 move lavaplume\n>p2 move bugbuzz\n>p2 switch 4\n>p1 switch 2\n>p2 move shadowpunch\n>p1 move dracometeor\n>p2 switch 3\n>p1 switch 2\n>p2 move ancientpower\n>p1 switch 5\n>p1 move hiddenpower\n>p2 move ancientpower\n>p2 switch 5\n>p1 move bugbuzz\n>p2 move roost\n>p1 move bugbuzz\n>p2 move outrage\n>p1 switch 4\n>p1 move shadowsneak\n>p2 move outrage\n>p2 switch 3\n>p1 move shadowclaw\n>p2 move shadowpunch\n>p1 switch 2\n>p1 move dracometeor\n>p2 switch 2\n>p1 switch 6\n>p2 move sleeppowder\n>p1 move curse\n>p2 move sleeppowder\n>p1 move sleeptalk\n>p2 move powerwhip\n>p2 switch 2\n>p1 move ironhead\n>p2 move rockpolish\n>p1 move ironhead\n>p2 move earthquake\n>p1 switch 6\n>p1 move dracometeor\n>p2 move icepunch", "uploadtime": 1769537658, "views": 186, "formatid": "gen7randombattle", "rating": 1569, "private": 0, "password": null}