{"id": "gen7randombattle-2523548181", "format": "[Gen 7] Random Battle", "players": ["MrUmbrella", "La.Hellhound"], "log": "|j|☆MrUmbrella\n|j|‽La.Hellhound\n|t:|1769036391\n|gametype|singles\n|player|p1|MrUmbrella|gambler|1612\n|player|p2|La.Hellhound|alder|1798\n|gen|7\n|tier|[Gen 7] Random Battle\n|rated|\n|rule|Sleep Clause Mod: Limit one foe put to sleep\n|rule|HP Percentage Mod: HP is shown in percentages\n|rule|Illusion Level Mod: Illusion disguises the Pokémon's true level\n|\n|t:|1769036392\n|teamsize|p1|6\n|teamsize|p2|6\n|start\n|switch|p1a: Beheeyem|Beheeyem, L93, F|290/290\n|switch|p2a: Kartana|Kartana, L74|209/209\n|turn|1\n|inactive|Battle timer is ON: inactive players will automatically lose when time's up. (requested by La.Hellhound)\n|inactive|La.Hellhound has 120 seconds left.\n|inactive|La.Hellhound has 90 seconds left.\n|inactive|La.Hellhound has 60 seconds left.\n|inactive|La.Hellhound has 30 seconds left.\n|inactiveoff|Battle timer is now OFF.\n|\n|t:|1769036521\n|switch|p2a: Kecleon|Kecleon, L90, M|254/254\n|move|p1a: Beheeyem|Trick Room|p1a: Beheeyem\n|-fieldstart|move: Trick Room|[of] p1a: Beheeyem\n|\n|upkeep\n|turn|2\n|\n|t:|1769036537\n|move|p1a: Beheeyem|Psychic|p2a: Kecleon\n|-damage|p2a: Kecleon|114/254\n|-damage|p1a: Beheeyem|261/290|[from] item: Life Orb\n|move|p2a: Kecleon|Knock Off|p1a: Beheeyem\n|-start|p2a: Kecleon|typechange|Dark|[from] ability: Protean\n|-supereffective|p1a: Beheeyem\n|-damage|p1a: Beheeyem|15/290\n|-enditem|p1a: Beheeyem|Life Orb|[from] move: Knock Off|[of] p2a: Kecleon\n|\n|-heal|p2a: Kecleon|129/254|[from] item: Leftovers\n|upkeep\n|turn|3\n|\n|t:|1769036560\n|switch|p1a: Samurott|Samurott, L88, M|310/310\n|move|p2a: Kecleon|Drain Punch|p1a: Samurott\n|-start|p2a: Kecleon|typechange|Fighting|[from] ability: Protean\n|-damage|p1a: Samurott|223/310\n|-heal|p2a: Kecleon|173/254|[from] drain|[of] p1a: Samurott\n|\n|-heal|p2a: Kecleon|188/254|[from] item: Leftovers\n|upkeep\n|turn|4\n|\n|t:|1769036575\n|move|p2a: Kecleon|Knock Off|p1a: Samurott\n|-start|p2a: Kecleon|typechange|Dark|[from] ability: Protean\n|-damage|p1a: Samurott|118/310\n|-enditem|p1a: Samurott|Life Orb|[from] move: Knock Off|[of] p2a: Kecleon\n|move|p1a: Samurott|Liquidation|p2a: Kecleon\n|-damage|p2a: Kecleon|76/254\n|\n|-heal|p2a: Kecleon|91/254|[from] item: Leftovers\n|upkeep\n|turn|5\n|\n|t:|1769036590\n|move|p2a: Kecleon|Recover|p2a: Kecleon\n|-start|p2a: Kecleon|typechange|Normal|[from] ability: Protean\n|-heal|p2a: Kecleon|218/254\n|move|p1a: Samurott|Liquidation|p2a: Kecleon\n|-damage|p2a: Kecleon|112/254\n|\n|-heal|p2a: Kecleon|127/254|[from] item: Leftovers\n|-fieldend|move: Trick Room\n|upkeep\n|turn|6\n|inactive|Battle timer is ON: inactive players will automatically lose when time's up. (requested by La.Hellhound)\n|\n|t:|1769036612\n|move|p1a: Samurott|Liquidation|p2a: Kecleon\n|-damage|p2a: Kecleon|22/254\n|move|p2a: Kecleon|Stealth Rock|p1a: Samurott\n|-start|p2a: Kecleon|typechange|Rock|[from] ability: Protean\n|-sidestart|p1: MrUmbrella|move: Stealth Rock\n|\n|-heal|p2a: Kecleon|37/254|[from] item: Leftovers\n|upkeep\n|turn|7\n|\n|t:|1769036625\n|move|p1a: Samurott|Liquidation|p2a: Kecleon\n|-supereffective|p2a: Kecleon\n|-damage|p2a: Kecleon|0 fnt\n|faint|p2a: Kecleon\n|\n|upkeep\n|\n|t:|1769036633\n|switch|p2a: Articuno|Articuno, L85|291/291\n|-ability|p2a: Articuno|Pressure\n|turn|8\n|inactive|MrUmbrella has 120 seconds left.\n|\n|t:|1769036664\n|move|p2a: Articuno|Freeze-Dry|p1a: Samurott\n|-supereffective|p1a: Samurott\n|-crit|p1a: Samurott\n|-damage|p1a: Samurott|0 fnt\n|faint|p1a: Samurott\n|\n|upkeep\n|inactive|MrUmbrella has 120 seconds left.\n|\n|t:|1769036671\n|switch|p1a: Kartana|Kartana, L74|209/209\n|-damage|p1a: Kartana|196/209|[from] Stealth Rock\n|turn|9\n|inactive|MrUmbrella has 120 seconds left.\n|\n|t:|1769036683\n|move|p1a: Kartana|Smart Strike|p2a: Articuno\n|-supereffective|p2a: Articuno\n|-damage|p2a: Articuno|129/291\n|move|p2a: Articuno|Freeze-Dry|p1a: Kartana\n|-damage|p1a: Kartana|28/209\n|\n|-heal|p2a: Articuno|147/291|[from] item: Leftovers\n|upkeep\n|turn|10\n|inactive|La.Hellhound has 120 seconds left.\n|\n|t:|1769036694\n|switch|p2a: Kartana|Kartana, L74|209/209\n|move|p1a: Kartana|Smart Strike|p2a: Kartana\n|-resisted|p2a: Kartana\n|-damage|p2a: Kartana|170/209\n|\n|upkeep\n|turn|11\n|inactive|La.Hellhound has 120 seconds left.\n|inactive|MrUmbrella has 120 seconds left.\n|\n|t:|1769036724\n|switch|p1a: Beheeyem|Beheeyem, L93, F|15/290\n|-damage|p1a: Beheeyem|0 fnt|[from] Stealth Rock\n|faint|p1a: Beheeyem\n|move|p2a: Kartana|Swords Dance|p2a: Kartana\n|-boost|p2a: Kartana|atk|2\n|\n|upkeep\n|\n|t:|1769036744\n|switch|p1a: Archeops|Archeops, L82, F|257/257\n|-damage|p1a: Archeops|193/257|[from] Stealth Rock\n|turn|12\n|\n|t:|1769036749\n|move|p1a: Archeops|Acrobatics|p2a: Kartana\n|-damage|p2a: Kartana|43/209\n|-zpower|p2a: Kartana\n|move|p2a: Kartana|Bloom Doom|p1a: Archeops|[zeffect]\n|-damage|p1a: Archeops|0 fnt\n|faint|p1a: Archeops\n|-ability|p2a: Kartana|Beast Boost|boost\n|-boost|p2a: Kartana|atk|1\n|\n|upkeep\n|\n|t:|1769036772\n|switch|p1a: Slaking|Slaking, L84, F|389/389\n|-damage|p1a: Slaking|341/389|[from] Stealth Rock\n|turn|13\n|\n|t:|1769036778\n|move|p1a: Slaking|Double-Edge|p2a: Kartana\n|-resisted|p2a: Kartana\n|-damage|p2a: Kartana|0 fnt\n|faint|p2a: Kartana\n|-damage|p1a: Slaking|327/389|[from] Recoil\n|\n|upkeep\n|\n|t:|1769036784\n|switch|p2a: Articuno|Articuno, L85|147/291\n|-ability|p2a: Articuno|Pressure\n|turn|14\n|inactive|MrUmbrella has 90 seconds left.\n|\n|t:|1769036828\n|switch|p1a: Zangoose|Zangoose, L86, F|266/266\n|-damage|p1a: Zangoose|233/266|[from] Stealth Rock\n|move|p2a: Articuno|Substitute|p2a: Articuno\n|-start|p2a: Articuno|Substitute\n|-damage|p2a: Articuno|75/291\n|\n|-heal|p2a: Articuno|93/291|[from] item: Leftovers\n|-status|p1a: Zangoose|tox|[from] item: Toxic Orb\n|upkeep\n|turn|15\n|\n|t:|1769036844\n|move|p1a: Zangoose|Facade|p2a: Articuno\n|-end|p2a: Articuno|Substitute\n|move|p2a: Articuno|Substitute|p2a: Articuno\n|-start|p2a: Articuno|Substitute\n|-damage|p2a: Articuno|21/291\n|\n|-heal|p2a: Articuno|39/291|[from] item: Leftovers\n|-damage|p1a: Zangoose|217/266 tox|[from] psn\n|upkeep\n|turn|16\n|inactive|MrUmbrella has 90 seconds left.\n|inactive|La.Hellhound has 120 seconds left.\n|\n|t:|1769036878\n|move|p1a: Zangoose|Facade|p2a: Articuno\n|-end|p2a: Articuno|Substitute\n|move|p2a: Articuno|Freeze-Dry|p1a: Zangoose\n|-damage|p1a: Zangoose|112/266 tox\n|\n|-heal|p2a: Articuno|57/291|[from] item: Leftovers\n|-damage|p1a: Zangoose|80/266 tox|[from] psn\n|upkeep\n|turn|17\n|\n|t:|1769036893\n|move|p1a: Zangoose|Facade|p2a: Articuno\n|-damage|p2a: Articuno|0 fnt\n|faint|p2a: Articuno\n|\n|-damage|p1a: Zangoose|32/266 tox|[from] psn\n|upkeep\n|\n|t:|1769036901\n|switch|p2a: Glalie|Glalie, L83, F|267/267\n|turn|18\n|\n|t:|1769036924\n|switch|p1a: Slaking|Slaking, L84, F|327/389\n|-damage|p1a: Slaking|279/389|[from] Stealth Rock\n|detailschange|p2a: Glalie|Glalie-Mega, L83, F\n|-mega|p2a: Glalie|Glalie|Glalitite\n|move|p2a: Glalie|Return|p1a: Slaking\n|-damage|p1a: Slaking|141/389\n|\n|upkeep\n|turn|19\n|inactive|La.Hellhound has 120 seconds left.\n|\n|t:|1769036940\n|move|p1a: Slaking|Giga Impact|p2a: Glalie\n|-damage|p2a: Glalie|0 fnt\n|-mustrecharge|p1a: Slaking\n|faint|p2a: Glalie\n|detailschange|p2: Glalie|Glalie, L83, F|[silent]\n|\n|upkeep\n|\n|t:|1769036953\n|switch|p2a: Donphan|Donphan, L84, F|288/288\n|turn|20\n|\n|t:|1769036956\n|cant|p1a: Slaking|recharge\n|move|p2a: Donphan|Earthquake|p1a: Slaking\n|-damage|p1a: Slaking|32/389\n|\n|upkeep\n|turn|21\n|inactive|La.Hellhound has 120 seconds left.\n|\n|t:|1769036962\n|move|p1a: Slaking|Giga Impact|p2a: Donphan\n|-damage|p2a: Donphan|33/288\n|-mustrecharge|p1a: Slaking\n|move|p2a: Donphan|Earthquake|p1a: Slaking\n|-damage|p1a: Slaking|0 fnt\n|faint|p1a: Slaking\n|\n|upkeep\n|\n|t:|1769036973\n|switch|p1a: Zangoose|Zangoose, L86, F|32/266 tox\n|-damage|p1a: Zangoose|0 fnt|[from] Stealth Rock\n|faint|p1a: Zangoose\n|\n|t:|1769036977\n|switch|p1a: Kartana|Kartana, L74|28/209\n|-damage|p1a: Kartana|15/209|[from] Stealth Rock\n|turn|22\n|inactive|MrUmbrella has 90 seconds left.\n|\n|t:|1769036990\n|move|p1a: Kartana|Smart Strike|p2a: Donphan\n|-damage|p2a: Donphan|0 fnt\n|faint|p2a: Donphan\n|-ability|p1a: Kartana|Beast Boost|boost\n|-boost|p1a: Kartana|atk|1\n|\n|upkeep\n|\n|t:|1769036995\n|switch|p2a: Azelf|Azelf, L82|257/257\n|turn|23\n|\n|t:|1769037004\n|move|p1a: Kartana|Smart Strike|p2a: Azelf\n|-damage|p2a: Azelf|73/257\n|move|p2a: Azelf|Psychic|p1a: Kartana\n|-resisted|p1a: Kartana\n|-damage|p1a: Kartana|0 fnt\n|faint|p1a: Kartana\n|-damage|p2a: Azelf|48/257|[from] item: Life Orb\n|\n|win|La.Hellhound\n|raw|MrUmbrella's rating: 1589 &rarr; <strong>1580</strong><br />(-9 for losing)\n|raw|La.Hellhound's rating: 1798 &rarr; <strong>1807</strong><br />(+9 for winning)\n", "inputlog": ">version 3bd1a1e329da8d286644078cfc9a9638fc7ea025\n>start {\"formatid\":\"gen7randombattle\",\"seed\":\"sodium,47895013c11cadcd75432ce6d82b6124\",\"rated\":\"Rated battle\"}\n>player p1 {\"name\":\"MrUmbrella\",\"avatar\":\"gambler\",\"rating\":1612,\"seed\":\"sodium,addf1a7a2b795df43825c5aa297402f6\"}\n>player p2 {\"name\":\"La.Hellhound\",\"avatar\":\"alder\",\"rating\":1798,\"seed\":\"sodium,7d730f4bbaddb31eca2365a27346c2ef\"}\n>p1 move trickroom\n>p2 switch 4\n>p1 move psychic\n>p2 move knockoff\n>p1 switch 3\n>p2 move drainpunch\n>p1 move liquidation\n>p2 move knockoff\n>p1 move liquidation\n>p2 move recover\n>p1 move liquidation\n>p2 move stealthrock\n>p1 move liquidation\n>p2 move recover\n>p2 switch 3\n>p1 move liquidation\n>p2 move freezedry\n>p1 switch 4\n>p1 move smartstrike\n>p2 move freezedry\n>p1 move smartstrike\n>p2 switch 4\n>p1 switch 3\n>p2 move swordsdance\n>p1 switch 5\n>p1 move acrobatics\n>p2 move leafblade zmove\n>p1 switch 2\n>p1 move doubleedge\n>p2 move sacredsword\n>p2 switch 4\n>p1 switch 6\n>p2 move substitute\n>p1 move facade\n>p2 move substitute\n>p1 move facade\n>p2 move freezedry\n>p1 move facade\n>p2 move freezedry\n>p2 switch 5\n>p1 switch 6\n>p2 move return mega\n>p1 move gigaimpact\n>p2 move return\n>p2 switch 2\n>p1 move recharge\n>p2 move earthquake\n>p1 move gigaimpact\n>p2 move earthquake\n>p1 switch 6\n>p1 switch 3\n>p1 move smartstrike\n>p2 move knockoff\n>p2 switch 6\n>p1 move smartstrike\n>p2 move psychic", "uploadtime": 1769037012, "views": 165, "formatid": "gen7randombattle", "rating": 1580, "private": 0, "password": null}