{"id": "gen7randombattle-2526901209", "format": "[Gen 7] Random Battle", "players": ["Hasanredbaron", "La.Hellhound"], "log": "|j|☆Hasanredbaron\n|j|‽La.Hellhound\n|t:|1769468548\n|gametype|singles\n|player|p1|Hasanredbaron|265|1686\n|player|p2|La.Hellhound|bruno|1768\n|gen|7\n|tier|[Gen 7] Random Battle\n|rated|\n|rule|Sleep Clause Mod: Limit one foe put to sleep\n|rule|HP Percentage Mod: HP is shown in percentages\n|rule|Illusion Level Mod: Illusion disguises the Pokémon's true level\n|\n|t:|1769468548\n|teamsize|p1|6\n|teamsize|p2|6\n|start\n|switch|p1a: Eelektross|Eelektross, L88, F|293/293\n|switch|p2a: Meloetta|Meloetta, L81|295/295\n|turn|1\n|inactive|Battle timer is ON: inactive players will automatically lose when time's up. (requested by La.Hellhound)\n|inactive|La.Hellhound has 120 seconds left.\n|\n|t:|1769468584\n|move|p2a: Meloetta|Knock Off|p1a: Eelektross\n|-damage|p1a: Eelektross|223/293\n|-enditem|p1a: Eelektross|Assault Vest|[from] move: Knock Off|[of] p2a: Meloetta\n|-damage|p2a: Meloetta|266/295|[from] item: Life Orb\n|move|p1a: Eelektross|Knock Off|p2a: Meloetta\n|-supereffective|p2a: Meloetta\n|-damage|p2a: Meloetta|80/295\n|-enditem|p2a: Meloetta|Life Orb|[from] move: Knock Off|[of] p1a: Eelektross\n|\n|upkeep\n|turn|2\n|inactive|La.Hellhound has 120 seconds left.\n|inactive|La.Hellhound has 90 seconds left.\n|inactive|La.Hellhound has 60 seconds left.\n|\n|t:|1769468692\n|switch|p2a: Chesnaught|Chesnaught, L89, M|301/301\n|move|p1a: Eelektross|Discharge|p2a: Chesnaught\n|-resisted|p2a: Chesnaught\n|-damage|p2a: Chesnaught|245/301\n|\n|upkeep\n|turn|3\n|inactive|Hasanredbaron has 120 seconds left.\n|\n|t:|1769468726\n|move|p2a: Chesnaught|Drain Punch|p1a: Eelektross\n|-damage|p1a: Eelektross|120/293\n|-heal|p2a: Chesnaught|297/301|[from] drain|[of] p1a: Eelektross\n|move|p1a: Eelektross|U-turn|p2a: Chesnaught\n|-damage|p2a: Chesnaught|255/301\n|-damage|p1a: Eelektross|72/293|[from] item: Rocky Helmet|[of] p2a: Chesnaught\n|inactive|Hasanredbaron has 120 seconds left.\n|\n|t:|1769468732\n|switch|p1a: Ariados|Ariados, L92, M|278/278|[from] U-turn\n|\n|upkeep\n|turn|4\n|inactive|La.Hellhound has 60 seconds left.\n|inactive|La.Hellhound has 30 seconds left.\n|\n|t:|1769468768\n|switch|p2a: Yanmega|Yanmega, L82, M|275/275\n|move|p1a: Ariados|Sticky Web|p2a: Yanmega\n|-sidestart|p2: La.Hellhound|move: Sticky Web\n|\n|upkeep\n|turn|5\n|\n|t:|1769468779\n|switch|p1a: Eelektross|Eelektross, L88, F|72/293\n|move|p2a: Yanmega|Air Slash|p1a: Eelektross\n|-resisted|p1a: Eelektross\n|-damage|p1a: Eelektross|15/293\n|-damage|p2a: Yanmega|248/275|[from] item: Life Orb\n|\n|-ability|p2a: Yanmega|Speed Boost|boost\n|-boost|p2a: Yanmega|spe|1\n|upkeep\n|turn|6\n|\n|t:|1769468788\n|move|p2a: Yanmega|Bug Buzz|p1a: Eelektross\n|-damage|p1a: Eelektross|0 fnt\n|faint|p1a: Eelektross\n|-damage|p2a: Yanmega|221/275|[from] item: Life Orb\n|\n|-ability|p2a: Yanmega|Speed Boost|boost\n|-boost|p2a: Yanmega|spe|1\n|upkeep\n|\n|t:|1769468800\n|switch|p1a: Glalie|Glalie, L83, M|267/267\n|turn|7\n|\n|t:|1769468814\n|detailschange|p1a: Glalie|Glalie-Mega, L83, M\n|-mega|p1a: Glalie|Glalie|Glalitite\n|move|p2a: Yanmega|Air Slash|p1a: Glalie\n|-damage|p1a: Glalie|145/267\n|-damage|p2a: Yanmega|194/275|[from] item: Life Orb\n|cant|p1a: Glalie|flinch\n|\n|-ability|p2a: Yanmega|Speed Boost|boost\n|-boost|p2a: Yanmega|spe|1\n|upkeep\n|turn|8\n|\n|t:|1769468823\n|move|p2a: Yanmega|Bug Buzz|p1a: Glalie\n|-damage|p1a: Glalie|0 fnt\n|faint|p1a: Glalie\n|detailschange|p1: Glalie|Glalie, L83, M|[silent]\n|-damage|p2a: Yanmega|167/275|[from] item: Life Orb\n|\n|-ability|p2a: Yanmega|Speed Boost|boost\n|-boost|p2a: Yanmega|spe|1\n|upkeep\n|\n|t:|1769468845\n|switch|p1a: Ariados|Ariados, L92, M|278/278\n|turn|9\n|\n|t:|1769468848\n|move|p2a: Yanmega|Air Slash|p1a: Ariados\n|-supereffective|p1a: Ariados\n|-damage|p1a: Ariados|18/278\n|-damage|p2a: Yanmega|140/275|[from] item: Life Orb\n|move|p1a: Ariados|Poison Jab|p2a: Yanmega\n|-damage|p2a: Yanmega|34/275\n|\n|-heal|p1a: Ariados|35/278|[from] item: Black Sludge\n|-ability|p2a: Yanmega|Speed Boost|boost\n|-boost|p2a: Yanmega|spe|1\n|upkeep\n|turn|10\n|\n|t:|1769468859\n|move|p2a: Yanmega|Protect|p2a: Yanmega\n|-singleturn|p2a: Yanmega|Protect\n|move|p1a: Ariados|Sucker Punch||[still]\n|-fail|p1a: Ariados\n|\n|-heal|p1a: Ariados|52/278|[from] item: Black Sludge\n|-ability|p2a: Yanmega|Speed Boost|boost\n|-boost|p2a: Yanmega|spe|1\n|upkeep\n|turn|11\n|inactive|La.Hellhound has 60 seconds left.\n|\n|t:|1769468874\n|switch|p2a: Naganadel|Naganadel, L74|230/230\n|-activate|p2a: Naganadel|move: Sticky Web\n|-unboost|p2a: Naganadel|spe|1\n|move|p1a: Ariados|Sucker Punch||[still]\n|-fail|p1a: Ariados\n|\n|-heal|p1a: Ariados|69/278|[from] item: Black Sludge\n|upkeep\n|turn|12\n|inactive|La.Hellhound has 60 seconds left.\n|\n|t:|1769468889\n|move|p2a: Naganadel|Fire Blast|p1a: Ariados\n|-supereffective|p1a: Ariados\n|-damage|p1a: Ariados|0 fnt\n|faint|p1a: Ariados\n|-ability|p2a: Naganadel|Beast Boost|boost\n|-boost|p2a: Naganadel|spa|1\n|\n|upkeep\n|\n|t:|1769468893\n|switch|p1a: Smeargle|Smeargle, L88, F|240/240\n|turn|13\n|\n|t:|1769468900\n|switch|p2a: Chesnaught|Chesnaught, L89, M|255/301\n|-activate|p2a: Chesnaught|move: Sticky Web\n|-unboost|p2a: Chesnaught|spe|1\n|move|p1a: Smeargle|Spore|p2a: Chesnaught\n|-immune|p2a: Chesnaught\n|\n|upkeep\n|turn|14\n|\n|t:|1769468907\n|move|p1a: Smeargle|Stealth Rock|p2a: Chesnaught\n|-sidestart|p2: La.Hellhound|move: Stealth Rock\n|move|p2a: Chesnaught|Drain Punch|p1a: Smeargle\n|-supereffective|p1a: Smeargle\n|-crit|p1a: Smeargle\n|-enditem|p1a: Smeargle|Focus Sash\n|-damage|p1a: Smeargle|1/240\n|-heal|p2a: Chesnaught|301/301|[from] drain|[of] p1a: Smeargle\n|\n|upkeep\n|turn|15\n|\n|t:|1769468922\n|move|p1a: Smeargle|Spikes|p2a: Chesnaught\n|-sidestart|p2: La.Hellhound|Spikes\n|move|p2a: Chesnaught|Toxic|p1a: Smeargle\n|-status|p1a: Smeargle|tox\n|\n|-damage|p1a: Smeargle|0 fnt|[from] psn\n|faint|p1a: Smeargle\n|upkeep\n|\n|t:|1769468942\n|switch|p1a: Trevenant|Trevenant, L91, F|303/303\n|turn|16\n|\n|t:|1769468947\n|move|p1a: Trevenant|Shadow Claw|p2a: Chesnaught\n|-damage|p2a: Chesnaught|187/301\n|-damage|p1a: Trevenant|253/303|[from] item: Rocky Helmet|[of] p2a: Chesnaught\n|move|p2a: Chesnaught|Toxic|p1a: Trevenant\n|-status|p1a: Trevenant|tox\n|\n|-damage|p1a: Trevenant|235/303 tox|[from] psn\n|upkeep\n|turn|17\n|\n|t:|1769468957\n|move|p1a: Trevenant|Shadow Claw|p2a: Chesnaught\n|-damage|p2a: Chesnaught|78/301\n|-damage|p1a: Trevenant|185/303 tox|[from] item: Rocky Helmet|[of] p2a: Chesnaught\n|move|p2a: Chesnaught|Synthesis|p2a: Chesnaught\n|-heal|p2a: Chesnaught|228/301\n|\n|-damage|p1a: Trevenant|149/303 tox|[from] psn\n|upkeep\n|turn|18\n|inactive|La.Hellhound has 90 seconds left.\n|\n|t:|1769468989\n|move|p1a: Trevenant|Shadow Claw|p2a: Chesnaught\n|-crit|p2a: Chesnaught\n|-damage|p2a: Chesnaught|60/301\n|-damage|p1a: Trevenant|99/303 tox|[from] item: Rocky Helmet|[of] p2a: Chesnaught\n|move|p2a: Chesnaught|Wood Hammer|p1a: Trevenant\n|-resisted|p1a: Trevenant\n|-damage|p1a: Trevenant|19/303 tox\n|-damage|p2a: Chesnaught|34/301|[from] Recoil\n|\n|-damage|p1a: Trevenant|0 fnt|[from] psn\n|faint|p1a: Trevenant\n|upkeep\n|\n|t:|1769468995\n|switch|p1a: Hitmontop|Hitmontop, L90, M|236/236\n|-ability|p1a: Hitmontop|Intimidate|boost\n|-unboost|p2a: Chesnaught|atk|1\n|turn|19\n|\n|t:|1769469018\n|move|p1a: Hitmontop|Earthquake|p2a: Chesnaught\n|-resisted|p2a: Chesnaught\n|-damage|p2a: Chesnaught|6/301\n|move|p2a: Chesnaught|Synthesis|p2a: Chesnaught\n|-heal|p2a: Chesnaught|156/301\n|\n|upkeep\n|turn|20\n|\n|t:|1769469024\n|move|p1a: Hitmontop|Close Combat|p2a: Chesnaught\n|-damage|p2a: Chesnaught|44/301\n|-unboost|p1a: Hitmontop|def|1\n|-unboost|p1a: Hitmontop|spd|1\n|-damage|p1a: Hitmontop|197/236|[from] item: Rocky Helmet|[of] p2a: Chesnaught\n|move|p2a: Chesnaught|Synthesis|p2a: Chesnaught\n|-heal|p2a: Chesnaught|194/301\n|\n|upkeep\n|turn|21\n|-message|Hasanredbaron forfeited.\n|\n|win|La.Hellhound\n|raw|Hasanredbaron's rating: 1686 &rarr; <strong>1671</strong><br />(-15 for losing)\n|raw|La.Hellhound's rating: 1768 &rarr; <strong>1783</strong><br />(+15 for winning)\n|l|☆Hasanredbaron\n|player|p1|\n", "inputlog": ">version b99ff0165a6231f17e8b78c2a78d1998375de664\n>start {\"formatid\":\"gen7randombattle\",\"seed\":\"sodium,96ef2662f8cbba582185785e90ba8df0\",\"rated\":\"Rated battle\"}\n>player p1 {\"name\":\"Hasanredbaron\",\"avatar\":\"265\",\"rating\":1686,\"seed\":\"sodium,688527c65e762a68356274cd94a3c638\"}\n>player p2 {\"name\":\"La.Hellhound\",\"avatar\":\"bruno\",\"rating\":1768,\"seed\":\"sodium,575ff30ba781a583d3d489820fb46ac2\"}\n>p1 move knockoff\n>p2 move knockoff\n>p1 move discharge\n>p2 switch 4\n>p1 move uturn\n>p2 move drainpunch\n>p1 switch 6\n>p1 move stickyweb\n>p2 switch 6\n>p1 switch 6\n>p2 move airslash\n>p1 move discharge\n>p2 move bugbuzz\n>p1 switch 2\n>p1 move return mega\n>p2 move airslash\n>p1 move return\n>p2 move bugbuzz\n>p1 switch 6\n>p1 move poisonjab\n>p2 move airslash\n>p1 move suckerpunch\n>p2 move protect\n>p1 move suckerpunch\n>p2 switch 3\n>p1 move poisonjab\n>p2 move fireblast\n>p1 switch 4\n>p1 move spore\n>p2 switch 6\n>p1 move stealthrock\n>p2 move drainpunch\n>p1 move spikes\n>p2 move toxic\n>p1 switch 5\n>p1 move shadowclaw\n>p2 move toxic\n>p1 move shadowclaw\n>p2 move synthesis\n>p1 move shadowclaw\n>p2 move woodhammer\n>p1 switch 3\n>p1 move earthquake\n>p2 move synthesis\n>p1 move closecombat\n>p2 move synthesis\n>forcelose p1", "uploadtime": 1769469034, "views": 189, "formatid": "gen7randombattle", "rating": 1671, "private": 0, "password": null}