{"id": "gen7randombattle-2535045095", "format": "[Gen 7] Random Battle", "players": ["nnn361", "may/gen3"], "log": "|j|☆nnn361\n|j|☆may/gen3\n|t:|1770506843\n|gametype|singles\n|player|p1|nnn361|102|1715\n|player|p2|may/gen3|may|1769\n|gen|7\n|tier|[Gen 7] Random Battle\n|rated|\n|rule|Sleep Clause Mod: Limit one foe put to sleep\n|rule|HP Percentage Mod: HP is shown in percentages\n|rule|Illusion Level Mod: Illusion disguises the Pokémon's true level\n|\n|t:|1770506843\n|teamsize|p1|6\n|teamsize|p2|6\n|start\n|switch|p1a: Tauros|Tauros, L84, M|263/263\n|switch|p2a: Tapu Bulu|Tapu Bulu, L82|249/249\n|-ability|p1a: Tauros|Intimidate|boost\n|-unboost|p2a: Tapu Bulu|atk|1\n|-fieldstart|move: Grassy Terrain|[from] ability: Grassy Surge|[of] p2a: Tapu Bulu\n|turn|1\n|inactive|Battle timer is ON: inactive players will automatically lose when time's up. (requested by nnn361)\n|\n|t:|1770506869\n|switch|p1a: Swalot|Swalot, L90, F|326/326\n|move|p2a: Tapu Bulu|Superpower|p1a: Swalot\n|-resisted|p1a: Swalot\n|-damage|p1a: Swalot|296/326\n|-unboost|p2a: Tapu Bulu|atk|1\n|-unboost|p2a: Tapu Bulu|def|1\n|\n|-heal|p1a: Swalot|316/326|[from] Grassy Terrain\n|-heal|p1a: Swalot|326/326|[from] item: Black Sludge\n|upkeep\n|turn|2\n|\n|t:|1770506874\n|switch|p2a: Drapion|Drapion, L83, F|252/252\n|move|p1a: Swalot|Toxic|p2a: Drapion\n|-immune|p2a: Drapion\n|\n|upkeep\n|turn|3\n|\n|t:|1770506899\n|switch|p1a: Crabominable|Crabominable, L91, M|324/324\n|move|p2a: Drapion|Earthquake|p1a: Crabominable\n|-damage|p1a: Crabominable|289/324\n|\n|-heal|p1a: Crabominable|309/324|[from] Grassy Terrain\n|upkeep\n|turn|4\n|\n|t:|1770506909\n|switch|p2a: Ho-Oh|Ho-Oh, L72|272/272\n|move|p1a: Crabominable|Ice Hammer|p2a: Ho-Oh|[miss]\n|-miss|p1a: Crabominable|p2a: Ho-Oh\n|\n|-heal|p1a: Crabominable|324/324|[from] Grassy Terrain\n|upkeep\n|turn|5\n|\n|t:|1770506921\n|switch|p1a: Zebstrika|Zebstrika, L88, F|275/275\n|move|p2a: Ho-Oh|Sacred Fire|p1a: Zebstrika\n|-damage|p1a: Zebstrika|151/275\n|\n|-heal|p1a: Zebstrika|168/275|[from] Grassy Terrain\n|-fieldend|move: Grassy Terrain\n|upkeep\n|turn|6\n|\n|t:|1770506931\n|move|p1a: Zebstrika|Volt Switch|p2a: Ho-Oh\n|-supereffective|p2a: Ho-Oh\n|-damage|p2a: Ho-Oh|98/272\n|\n|t:|1770506938\n|switch|p1a: Swalot|Swalot, L90, F|326/326|[from] Volt Switch\n|move|p2a: Ho-Oh|Earthquake|p1a: Swalot\n|-supereffective|p1a: Swalot\n|-damage|p1a: Swalot|204/326\n|\n|-heal|p2a: Ho-Oh|115/272|[from] item: Leftovers\n|-heal|p1a: Swalot|224/326|[from] item: Black Sludge\n|upkeep\n|turn|7\n|\n|t:|1770506950\n|move|p2a: Ho-Oh|Earthquake|p1a: Swalot\n|-supereffective|p1a: Swalot\n|-damage|p1a: Swalot|104/326\n|move|p1a: Swalot|Sludge Bomb|p2a: Ho-Oh\n|-damage|p2a: Ho-Oh|51/272\n|\n|-heal|p2a: Ho-Oh|68/272|[from] item: Leftovers\n|-heal|p1a: Swalot|124/326|[from] item: Black Sludge\n|upkeep\n|turn|8\n|\n|t:|1770506959\n|switch|p2a: Drapion|Drapion, L83, F|252/252\n|switch|p1a: Diggersby|Diggersby, L82, F|274/274\n|\n|upkeep\n|turn|9\n|\n|t:|1770506965\n|move|p2a: Drapion|Knock Off|p1a: Diggersby\n|-damage|p1a: Diggersby|171/274\n|-enditem|p1a: Diggersby|Life Orb|[from] move: Knock Off|[of] p2a: Drapion\n|move|p1a: Diggersby|Swords Dance|p1a: Diggersby\n|-boost|p1a: Diggersby|atk|2\n|\n|upkeep\n|turn|10\n|\n|t:|1770506988\n|switch|p2a: Tapu Bulu|Tapu Bulu, L82|249/249\n|-fieldstart|move: Grassy Terrain|[from] ability: Grassy Surge|[of] p2a: Tapu Bulu\n|move|p1a: Diggersby|Return|p2a: Tapu Bulu\n|-damage|p2a: Tapu Bulu|24/249\n|\n|-heal|p1a: Diggersby|188/274|[from] Grassy Terrain\n|-heal|p2a: Tapu Bulu|39/249|[from] Grassy Terrain\n|-heal|p2a: Tapu Bulu|54/249|[from] item: Leftovers\n|upkeep\n|turn|11\n|\n|t:|1770506992\n|move|p1a: Diggersby|Return|p2a: Tapu Bulu\n|-damage|p2a: Tapu Bulu|0 fnt\n|faint|p2a: Tapu Bulu\n|\n|-heal|p1a: Diggersby|205/274|[from] Grassy Terrain\n|upkeep\n|\n|t:|1770506999\n|switch|p2a: Palkia|Palkia, L75|259/259\n|-ability|p2a: Palkia|Pressure\n|turn|12\n|\n|t:|1770507003\n|move|p1a: Diggersby|Quick Attack|p2a: Palkia\n|-damage|p2a: Palkia|147/259\n|move|p2a: Palkia|Hydro Pump|p1a: Diggersby\n|-supereffective|p1a: Diggersby\n|-damage|p1a: Diggersby|0 fnt\n|faint|p1a: Diggersby\n|\n|-heal|p2a: Palkia|163/259|[from] Grassy Terrain\n|upkeep\n|\n|t:|1770507008\n|switch|p1a: Crabominable|Crabominable, L91, M|324/324\n|turn|13\n|\n|t:|1770507017\n|move|p2a: Palkia|Thunder Wave|p1a: Crabominable\n|-status|p1a: Crabominable|par\n|move|p1a: Crabominable|Stone Edge|p2a: Palkia\n|-damage|p2a: Palkia|0 fnt\n|faint|p2a: Palkia\n|\n|upkeep\n|\n|t:|1770507025\n|switch|p2a: Pyroar|Pyroar, L88, F|295/295\n|-ability|p2a: Pyroar|Unnerve\n|turn|14\n|\n|t:|1770507028\n|move|p2a: Pyroar|Fire Blast|p1a: Crabominable\n|-supereffective|p1a: Crabominable\n|-damage|p1a: Crabominable|0 fnt\n|faint|p1a: Crabominable\n|-damage|p2a: Pyroar|266/295|[from] item: Life Orb\n|\n|-heal|p2a: Pyroar|284/295|[from] Grassy Terrain\n|-fieldend|move: Grassy Terrain\n|upkeep\n|\n|t:|1770507035\n|switch|p1a: Zebstrika|Zebstrika, L88, F|168/275\n|turn|15\n|\n|t:|1770507039\n|move|p1a: Zebstrika|Thunderbolt|p2a: Pyroar\n|-damage|p2a: Pyroar|124/295\n|move|p2a: Pyroar|Fire Blast|p1a: Zebstrika\n|-damage|p1a: Zebstrika|0 fnt\n|faint|p1a: Zebstrika\n|-damage|p2a: Pyroar|95/295|[from] item: Life Orb\n|\n|upkeep\n|\n|t:|1770507046\n|switch|p1a: Swalot|Swalot, L90, F|124/326\n|turn|16\n|\n|t:|1770507051\n|move|p1a: Swalot|Protect|p1a: Swalot\n|-singleturn|p1a: Swalot|Protect\n|move|p2a: Pyroar|Fire Blast|p1a: Swalot\n|-activate|p1a: Swalot|move: Protect\n|\n|-heal|p1a: Swalot|144/326|[from] item: Black Sludge\n|upkeep\n|turn|17\n|\n|t:|1770507055\n|move|p2a: Pyroar|Fire Blast|p1a: Swalot\n|-damage|p1a: Swalot|0 fnt\n|faint|p1a: Swalot\n|-damage|p2a: Pyroar|66/295|[from] item: Life Orb\n|\n|upkeep\n|\n|t:|1770507059\n|switch|p1a: Slurpuff|Slurpuff, L79, M|258/258\n|turn|18\n|\n|t:|1770507064\n|move|p2a: Pyroar|Fire Blast|p1a: Slurpuff|[miss]\n|-miss|p2a: Pyroar|p1a: Slurpuff\n|move|p1a: Slurpuff|Belly Drum|p1a: Slurpuff\n|-damage|p1a: Slurpuff|129/258\n|-setboost|p1a: Slurpuff|atk|6|[from] move: Belly Drum\n|\n|upkeep\n|turn|19\n|\n|t:|1770507067\n|move|p2a: Pyroar|Fire Blast|p1a: Slurpuff\n|-crit|p1a: Slurpuff\n|-damage|p1a: Slurpuff|0 fnt\n|faint|p1a: Slurpuff\n|-damage|p2a: Pyroar|37/295|[from] item: Life Orb\n|\n|upkeep\n|c|☆nnn361|Wtf\n|\n|t:|1770507082\n|switch|p1a: Tauros|Tauros, L84, M|263/263\n|-ability|p1a: Tauros|Intimidate|boost\n|-unboost|p2a: Pyroar|atk|1\n|turn|20\n|\n|t:|1770507087\n|move|p2a: Pyroar|Hyper Voice|p1a: Tauros\n|-damage|p1a: Tauros|71/263\n|-damage|p2a: Pyroar|8/295|[from] item: Life Orb\n|move|p1a: Tauros|Double-Edge|p2a: Pyroar\n|-damage|p2a: Pyroar|0 fnt\n|faint|p2a: Pyroar\n|-damage|p1a: Tauros|68/263|[from] Recoil\n|\n|upkeep\n|\n|t:|1770507089\n|switch|p2a: Malamar|Malamar, L80, M|269/269\n|turn|21\n|\n|t:|1770507103\n|move|p1a: Tauros|Double-Edge|p2a: Malamar\n|-damage|p2a: Malamar|70/269\n|-damage|p1a: Tauros|2/263|[from] Recoil\n|move|p2a: Malamar|Superpower|p1a: Tauros\n|-supereffective|p1a: Tauros\n|-damage|p1a: Tauros|0 fnt\n|-boost|p2a: Malamar|atk|1\n|-boost|p2a: Malamar|def|1\n|faint|p1a: Tauros\n|\n|win|may/gen3\n|raw|nnn361's rating: 1693 &rarr; <strong>1677</strong><br />(-16 for losing)\n|raw|may&#x2f;gen3's rating: 1769 &rarr; <strong>1785</strong><br />(+16 for winning)\n|l|☆nnn361\n|player|p1|\n", "inputlog": ">version ccdc32dd7cde25fd9e4bed64820e885f66e78a4e\n>start {\"formatid\":\"gen7randombattle\",\"seed\":\"sodium,aa391ee4792cd24474df3f8dd700bb86\",\"rated\":\"Rated battle\"}\n>player p1 {\"name\":\"nnn361\",\"avatar\":\"102\",\"rating\":1715,\"seed\":\"sodium,504bedef51ef337da807cff5601d9bf3\"}\n>player p2 {\"name\":\"may/gen3\",\"avatar\":\"may\",\"rating\":1769,\"seed\":\"sodium,c03af8c80958c5ec7a73848c572ae39e\"}\n>p1 switch 3\n>p2 move superpower\n>p1 move toxic\n>p2 switch 6\n>p1 switch 4\n>p2 move earthquake\n>p1 move icehammer\n>p2 switch 2\n>p1 switch 2\n>p2 move sacredfire\n>p1 move voltswitch\n>p2 move earthquake\n>p1 switch 4\n>p1 move sludgebomb\n>p2 move earthquake\n>p1 switch 6\n>p2 switch 2\n>p1 move swordsdance\n>p2 move knockoff\n>p1 move return\n>p2 switch 6\n>p1 move return\n>p2 move woodhammer\n>p2 switch 3\n>p1 move quickattack\n>p2 move hydropump\n>p1 switch 2\n>p1 move stoneedge\n>p2 move thunderwave\n>p2 switch 5\n>p1 move stoneedge\n>p2 move fireblast\n>p1 switch 4\n>p1 move thunderbolt\n>p2 move fireblast\n>p1 switch 6\n>p1 move protect\n>p2 move fireblast\n>p1 move earthquake\n>p2 move fireblast\n>p1 switch 5\n>p1 move bellydrum\n>p2 move fireblast\n>p1 move drainpunch\n>p2 move fireblast\n>chat ☆nnn361|Wtf\n>p1 switch 3\n>p1 move doubleedge\n>p2 move hypervoice\n>p2 switch 4\n>p1 move doubleedge\n>p2 move superpower", "uploadtime": 1770507106, "views": 214, "formatid": "gen7randombattle", "rating": 1677, "private": 0, "password": null}