{"id": "gen7randombattle-2533207240", "format": "[Gen 7] Random Battle", "players": ["Bin2409", "plop in my pants"], "log": "|j|☆Bin2409\n|j|‽plop in my pants\n|t:|1770272877\n|gametype|singles\n|player|p1|Bin2409|maid|1777\n|player|p2|plop in my pants|teamrocket|1784\n|gen|7\n|tier|[Gen 7] Random Battle\n|rated|\n|rule|Sleep Clause Mod: Limit one foe put to sleep\n|rule|HP Percentage Mod: HP is shown in percentages\n|rule|Illusion Level Mod: Illusion disguises the Pokémon's true level\n|\n|t:|1770272877\n|teamsize|p1|6\n|teamsize|p2|6\n|start\n|switch|p1a: Latios|Latios, L79, M|256/256\n|switch|p2a: Lunala|Lunala, L72|316/316\n|turn|1\n|\n|t:|1770272898\n|switch|p1a: Krookodile|Krookodile, L79, M|280/280\n|-ability|p1a: Krookodile|Intimidate|boost\n|-unboost|p2a: Lunala|atk|1\n|move|p2a: Lunala|Moongeist Beam|p1a: Krookodile\n|-resisted|p1a: Krookodile\n|-damage|p1a: Krookodile|216/280\n|\n|upkeep\n|turn|2\n|inactive|Battle timer is ON: inactive players will automatically lose when time's up. (requested by plop in my pants)\n|\n|t:|1770272910\n|-activate|p2a: Lunala|move: Pursuit\n|move|p1a: Krookodile|Pursuit|p2a: Lunala|[from] Pursuit\n|-supereffective|p2a: Lunala\n|-damage|p2a: Lunala|56/316\n|-damage|p1a: Krookodile|188/280|[from] item: Life Orb\n|switch|p2a: Porygon2|Porygon2, L82|274/274\n|-ability|p2a: Porygon2|Download|boost\n|-boost|p2a: Porygon2|spa|1\n|\n|upkeep\n|turn|3\n|\n|t:|1770272931\n|move|p1a: Krookodile|Knock Off|p2a: Porygon2\n|-damage|p2a: Porygon2|184/274\n|-enditem|p2a: Porygon2|Eviolite|[from] move: Knock Off|[of] p1a: Krookodile\n|-damage|p1a: Krookodile|160/280|[from] item: Life Orb\n|move|p2a: Porygon2|Ice Beam|p1a: Krookodile\n|-supereffective|p1a: Krookodile\n|-damage|p1a: Krookodile|0 fnt\n|faint|p1a: Krookodile\n|\n|upkeep\n|inactive|Bin2409 has 120 seconds left.\n|\n|t:|1770272954\n|switch|p1a: Kyurem|Kyurem-Black, L77|319/319\n|-ability|p1a: Kyurem|Teravolt\n|turn|4\n|inactive|Bin2409 has 120 seconds left.\n|\n|t:|1770272969\n|switch|p2a: Probopass|Probopass, L92, M|260/260\n|move|p1a: Kyurem|Hone Claws|p1a: Kyurem\n|-boost|p1a: Kyurem|atk|1\n|-boost|p1a: Kyurem|accuracy|1\n|\n|upkeep\n|turn|5\n|inactive|Bin2409 has 120 seconds left.\n|\n|t:|1770272985\n|switch|p1a: Incineroar|Incineroar, L82, M|290/290\n|-ability|p1a: Incineroar|Intimidate|boost\n|-unboost|p2a: Probopass|atk|1\n|move|p2a: Probopass|Thunder Wave|p1a: Incineroar|[miss]\n|-miss|p2a: Probopass|p1a: Incineroar\n|\n|upkeep\n|turn|6\n|inactive|Bin2409 has 120 seconds left.\n|\n|t:|1770272994\n|switch|p2a: Porygon2|Porygon2, L82|184/274\n|-ability|p2a: Porygon2|Download|boost\n|-boost|p2a: Porygon2|spa|1\n|move|p1a: Incineroar|Earthquake|p2a: Porygon2\n|-damage|p2a: Porygon2|109/274\n|\n|upkeep\n|turn|7\n|\n|t:|1770273000\n|move|p2a: Porygon2|Recover|p2a: Porygon2\n|-heal|p2a: Porygon2|246/274\n|move|p1a: Incineroar|Flare Blitz|p2a: Porygon2\n|-damage|p2a: Porygon2|99/274\n|-damage|p1a: Incineroar|241/290|[from] Recoil\n|\n|upkeep\n|turn|8\n|\n|t:|1770273007\n|move|p2a: Porygon2|Tri Attack|p1a: Incineroar\n|-damage|p1a: Incineroar|160/290\n|move|p1a: Incineroar|Flare Blitz|p2a: Porygon2\n|-damage|p2a: Porygon2|0 fnt\n|faint|p2a: Porygon2\n|-damage|p1a: Incineroar|127/290|[from] Recoil\n|\n|upkeep\n|inactive|plop in my pants has 120 seconds left.\n|\n|t:|1770273046\n|switch|p2a: Feraligatr|Feraligatr, L79, M|264/264\n|turn|9\n|inactive|plop in my pants has 120 seconds left.\n|\n|t:|1770273054\n|switch|p1a: Kyurem|Kyurem-Black, L77|319/319\n|-ability|p1a: Kyurem|Teravolt\n|move|p2a: Feraligatr|Liquidation|p1a: Kyurem\n|-resisted|p1a: Kyurem\n|-damage|p1a: Kyurem|245/319\n|\n|upkeep\n|turn|10\n|inactive|plop in my pants has 120 seconds left.\n|\n|t:|1770273072\n|move|p1a: Kyurem|Fusion Bolt|p2a: Feraligatr\n|-supereffective|p2a: Feraligatr\n|-damage|p2a: Feraligatr|90/264\n|move|p2a: Feraligatr|Dragon Dance|p2a: Feraligatr\n|-boost|p2a: Feraligatr|atk|1\n|-boost|p2a: Feraligatr|spe|1\n|\n|upkeep\n|turn|11\n|\n|t:|1770273079\n|move|p2a: Feraligatr|Ice Punch|p1a: Kyurem\n|-damage|p1a: Kyurem|131/319\n|move|p1a: Kyurem|Fusion Bolt|p2a: Feraligatr\n|-supereffective|p2a: Feraligatr\n|-damage|p2a: Feraligatr|0 fnt\n|faint|p2a: Feraligatr\n|\n|upkeep\n|\n|t:|1770273084\n|switch|p2a: Probopass|Probopass, L92, M|260/260\n|turn|12\n|\n|t:|1770273106\n|-zpower|p1a: Kyurem\n|move|p1a: Kyurem|Subzero Slammer|p2a: Probopass|[zeffect]\n|-resisted|p2a: Probopass\n|-damage|p2a: Probopass|182/260\n|move|p2a: Probopass|Thunder Wave|p1a: Kyurem\n|-status|p1a: Kyurem|par\n|\n|-heal|p2a: Probopass|198/260|[from] item: Leftovers\n|upkeep\n|turn|13\n|l|‽plop in my pants\n|inactive|plop in my pants disconnected and has a minute to reconnect!\n|player|p2|\n|inactive|plop in my pants has 30 seconds to reconnect!\n|j|☆plop in my pants\n|inactive|plop in my pants reconnected and has 95 seconds left.\n|player|p2|plop in my pants|teamrocket|\n|\n|t:|1770273159\n|move|p2a: Probopass|Power Gem|p1a: Kyurem\n|-supereffective|p1a: Kyurem\n|-damage|p1a: Kyurem|0 fnt\n|faint|p1a: Kyurem\n|\n|-heal|p2a: Probopass|214/260|[from] item: Leftovers\n|upkeep\n|\n|t:|1770273170\n|switch|p1a: Incineroar|Incineroar, L82, M|127/290\n|-ability|p1a: Incineroar|Intimidate|boost\n|-unboost|p2a: Probopass|atk|1\n|turn|14\n|\n|t:|1770273178\n|switch|p2a: Furret|Furret, L94, M|312/312\n|-item|p1a: Incineroar|Assault Vest|[from] ability: Frisk|[of] p2a: Furret\n|move|p1a: Incineroar|Earthquake|p2a: Furret\n|-damage|p2a: Furret|218/312\n|\n|-heal|p2a: Furret|237/312|[from] item: Leftovers\n|upkeep\n|turn|15\n|\n|t:|1770273196\n|switch|p1a: Latios|Latios, L79, M|256/256\n|move|p2a: Furret|Return|p1a: Latios\n|-damage|p1a: Latios|129/256\n|\n|-heal|p2a: Furret|256/312|[from] item: Leftovers\n|upkeep\n|turn|16\n|\n|t:|1770273205\n|detailschange|p1a: Latios|Latios-Mega, L79, M\n|-mega|p1a: Latios|Latios|Latiosite\n|move|p2a: Furret|Knock Off|p1a: Latios\n|-supereffective|p1a: Latios\n|-damage|p1a: Latios|37/256\n|move|p1a: Latios|Roost|p1a: Latios\n|-heal|p1a: Latios|165/256\n|-singleturn|p1a: Latios|move: Roost\n|\n|-heal|p2a: Furret|275/312|[from] item: Leftovers\n|upkeep\n|turn|17\n|\n|t:|1770273212\n|move|p2a: Furret|Coil|p2a: Furret\n|-boost|p2a: Furret|atk|1\n|-boost|p2a: Furret|def|1\n|-boost|p2a: Furret|accuracy|1\n|move|p1a: Latios|Draco Meteor|p2a: Furret\n|-damage|p2a: Furret|64/312\n|-unboost|p1a: Latios|spa|2\n|\n|-heal|p2a: Furret|83/312|[from] item: Leftovers\n|upkeep\n|turn|18\n|\n|t:|1770273222\n|move|p2a: Furret|Return|p1a: Latios\n|-damage|p1a: Latios|0 fnt\n|faint|p1a: Latios\n|detailschange|p1: Latios|Latios, L79, M|[silent]\n|\n|-heal|p2a: Furret|102/312|[from] item: Leftovers\n|upkeep\n|\n|t:|1770273232\n|switch|p1a: Incineroar|Incineroar, L82, M|127/290\n|-ability|p1a: Incineroar|Intimidate|boost\n|-unboost|p2a: Furret|atk|1\n|turn|19\n|\n|t:|1770273238\n|move|p1a: Incineroar|Fake Out|p2a: Furret\n|-damage|p2a: Furret|79/312\n|cant|p2a: Furret|flinch\n|\n|-heal|p2a: Furret|98/312|[from] item: Leftovers\n|upkeep\n|turn|20\n|\n|t:|1770273241\n|move|p2a: Furret|Return|p1a: Incineroar\n|-damage|p1a: Incineroar|25/290\n|move|p1a: Incineroar|Flare Blitz|p2a: Furret\n|-damage|p2a: Furret|2/312\n|-damage|p1a: Incineroar|0 fnt|[from] Recoil\n|faint|p1a: Incineroar\n|\n|-heal|p2a: Furret|21/312|[from] item: Leftovers\n|upkeep\n|\n|t:|1770273250\n|switch|p1a: Slurpuff|Slurpuff, L79, F|258/258\n|turn|21\n|\n|t:|1770273255\n|move|p2a: Furret|Iron Tail|p1a: Slurpuff\n|-supereffective|p1a: Slurpuff\n|-crit|p1a: Slurpuff\n|-damage|p1a: Slurpuff|0 fnt\n|faint|p1a: Slurpuff\n|\n|-heal|p2a: Furret|40/312|[from] item: Leftovers\n|upkeep\n|\n|t:|1770273262\n|switch|p1a: Florges|Florges-White, L85, F|271/271\n|turn|22\n|\n|t:|1770273266\n|move|p2a: Furret|Iron Tail|p1a: Florges\n|-supereffective|p1a: Florges\n|-damage|p1a: Florges|83/271\n|move|p1a: Florges|Moonblast|p2a: Furret\n|-damage|p2a: Furret|0 fnt\n|faint|p2a: Furret\n|\n|-heal|p1a: Florges|99/271|[from] item: Leftovers\n|upkeep\n|\n|t:|1770273291\n|switch|p2a: Lunala|Lunala, L72|56/316\n|turn|23\n|\n|t:|1770273296\n|-zpower|p2a: Lunala\n|move|p2a: Lunala|Menacing Moonraze Maelstrom|p1a: Florges|[zeffect]\n|-damage|p1a: Florges|0 fnt\n|faint|p1a: Florges\n|\n|win|plop in my pants\n|raw|Bin2409's rating: 1777 &rarr; <strong>1757</strong><br />(-20 for losing)\n|raw|plop in my pants's rating: 1784 &rarr; <strong>1804</strong><br />(+20 for winning)\n", "inputlog": ">version ccdc32dd7cde25fd9e4bed64820e885f66e78a4e\n>start {\"formatid\":\"gen7randombattle\",\"seed\":\"sodium,01f2492a6efb9ad19e74345de18d3e68\",\"rated\":\"Rated battle\"}\n>player p1 {\"name\":\"Bin2409\",\"avatar\":\"maid\",\"rating\":1777,\"seed\":\"sodium,933393d3589e5e2233ff7601b13b959d\"}\n>player p2 {\"name\":\"plop in my pants\",\"avatar\":\"teamrocket\",\"rating\":1784,\"seed\":\"sodium,f6b3896a5c9305d8a6fc1bd4b2e8877f\"}\n>p1 switch 6\n>p2 move moongeistbeam\n>p1 move pursuit\n>p2 switch 5\n>p1 move knockoff\n>p2 move icebeam\n>p1 switch 5\n>p1 move honeclaws\n>p2 switch 2\n>p1 switch 3\n>p2 move thunderwave\n>p1 move earthquake\n>p2 switch 2\n>p1 move flareblitz\n>p2 move recover\n>p1 move flareblitz\n>p2 move triattack\n>p2 switch 3\n>p1 switch 3\n>p2 move liquidation\n>p1 move fusionbolt\n>p2 move dragondance\n>p1 move fusionbolt\n>p2 move icepunch\n>p2 switch 2\n>p1 move freezeshock zmove\n>p2 move thunderwave\n>p1 move fusionbolt\n>p2 move powergem\n>p1 switch 3\n>p1 move earthquake\n>p2 switch 4\n>p1 switch 6\n>p2 move return\n>p1 move roost mega\n>p2 move knockoff\n>p1 move dracometeor\n>p2 move coil\n>p1 move dracometeor\n>p2 move return\n>p1 switch 6\n>p1 move fakeout\n>p2 move return\n>p1 move flareblitz\n>p2 move return\n>p1 switch 4\n>p1 move bellydrum\n>p2 move irontail\n>p1 switch 2\n>p1 move moonblast\n>p2 move irontail\n>p2 switch 5\n>p1 move synthesis\n>p2 move moongeistbeam zmove", "uploadtime": 1770273300, "views": 161, "formatid": "gen7randombattle", "rating": 1757, "private": 0, "password": null}