{"id": "gen7randombattle-2536292584", "format": "[Gen 7] Random Battle", "players": ["sans1204", "La.Hellhound"], "log": "|j|☆sans1204\n|j|‽La.Hellhound\n|t:|1770671829\n|gametype|singles\n|player|p1|sans1204|cynthia-gen4|1624\n|player|p2|La.Hellhound|bruno|1706\n|gen|7\n|tier|[Gen 7] Random Battle\n|rated|\n|rule|Sleep Clause Mod: Limit one foe put to sleep\n|rule|HP Percentage Mod: HP is shown in percentages\n|rule|Illusion Level Mod: Illusion disguises the Pokémon's true level\n|\n|t:|1770671829\n|teamsize|p1|6\n|teamsize|p2|6\n|start\n|switch|p1a: Lucario|Lucario, L74, M|226/226\n|switch|p2a: Diggersby|Diggersby, L82, M|274/274\n|turn|1\n|inactive|Battle timer is ON: inactive players will automatically lose when time's up. (requested by La.Hellhound)\n|inactive|sans1204 also wants the timer to be on.\n|\n|t:|1770671848\n|switch|p1a: Shedinja|Shedinja, L96|1/1\n|move|p2a: Diggersby|Earthquake|p1a: Shedinja\n|-immune|p1a: Shedinja|[from] ability: Wonder Guard\n|\n|upkeep\n|turn|2\n|\n|t:|1770671863\n|switch|p2a: Komala|Komala, L88, F|258/258\n|-ability|p2a: Komala|Comatose\n|move|p1a: Shedinja|Will-O-Wisp|p2a: Komala\n|-immune|p2a: Komala|[from] ability: Comatose\n|\n|upkeep\n|turn|3\n|\n|t:|1770671871\n|switch|p1a: Lucario|Lucario, L74, M|226/226\n|move|p2a: Komala|Knock Off|p1a: Lucario\n|-resisted|p1a: Lucario\n|-damage|p1a: Lucario|172/226\n|-ability|p1a: Lucario|Justified|boost\n|-boost|p1a: Lucario|atk|1\n|\n|upkeep\n|turn|4\n|\n|t:|1770671879\n|switch|p2a: Mesprit|Mesprit, L86|278/278\n|detailschange|p1a: Lucario|Lucario-Mega, L74, M\n|-mega|p1a: Lucario|Lucario|Lucarionite\n|move|p1a: Lucario|Nasty Plot|p1a: Lucario\n|-boost|p1a: Lucario|spa|2\n|\n|upkeep\n|turn|5\n|\n|t:|1770671889\n|move|p2a: Mesprit|Hidden Power|p1a: Lucario\n|-supereffective|p1a: Lucario\n|-damage|p1a: Lucario|44/226\n|move|p1a: Lucario|Flash Cannon|p2a: Mesprit\n|-damage|p2a: Mesprit|64/278\n|-unboost|p2a: Mesprit|spd|1\n|\n|upkeep\n|turn|6\n|\n|t:|1770671899\n|move|p1a: Lucario|Vacuum Wave|p2a: Mesprit\n|-resisted|p2a: Mesprit\n|-damage|p2a: Mesprit|0 fnt\n|faint|p2a: Mesprit\n|\n|upkeep\n|\n|t:|1770671905\n|switch|p2a: Raichu|Raichu-Alola, L86, F|243/243\n|turn|7\n|\n|t:|1770671912\n|switch|p1a: Shedinja|Shedinja, L96|1/1\n|move|p2a: Raichu|Surf|p1a: Shedinja\n|-immune|p1a: Shedinja|[from] ability: Wonder Guard\n|\n|upkeep\n|turn|8\n|\n|t:|1770671920\n|switch|p2a: Komala|Komala, L88, F|258/258\n|-ability|p2a: Komala|Comatose\n|move|p1a: Shedinja|X-Scissor|p2a: Komala\n|-damage|p2a: Komala|132/258\n|\n|upkeep\n|turn|9\n|\n|t:|1770671928\n|switch|p1a: Lucario|Lucario-Mega, L74, M|44/226\n|move|p2a: Komala|Knock Off|p1a: Lucario\n|-resisted|p1a: Lucario\n|-damage|p1a: Lucario|0 fnt\n|faint|p1a: Lucario\n|detailschange|p1: Lucario|Lucario, L74, M|[silent]\n|\n|upkeep\n|\n|t:|1770671937\n|switch|p1a: Toxapex|Toxapex, L80, F|211/211\n|turn|10\n|\n|t:|1770671942\n|move|p2a: Komala|Knock Off|p1a: Toxapex\n|-damage|p1a: Toxapex|124/211\n|-damage|p2a: Komala|89/258|[from] item: Rocky Helmet|[of] p1a: Toxapex\n|-enditem|p1a: Toxapex|Rocky Helmet|[from] move: Knock Off|[of] p2a: Komala\n|move|p1a: Toxapex|Toxic Spikes|p2a: Komala\n|-sidestart|p2: La.Hellhound|move: Toxic Spikes\n|\n|upkeep\n|turn|11\n|\n|t:|1770671951\n|switch|p2a: Seviper|Seviper, L94, F|290/290\n|-sideend|p2: La.Hellhound|move: Toxic Spikes|[of] p2a: Seviper\n|move|p1a: Toxapex|Knock Off|p2a: Seviper\n|-damage|p2a: Seviper|233/290\n|-enditem|p2a: Seviper|Choice Scarf|[from] move: Knock Off|[of] p1a: Toxapex\n|\n|upkeep\n|turn|12\n|\n|t:|1770671960\n|switch|p1a: Lunatone|Lunatone, L93|318/318\n|move|p2a: Seviper|Earthquake|p1a: Lunatone\n|-immune|p1a: Lunatone|[from] ability: Levitate\n|\n|upkeep\n|turn|13\n|\n|t:|1770671970\n|switch|p2a: Druddigon|Druddigon, L86, M|273/273\n|move|p1a: Lunatone|Earth Power|p2a: Druddigon\n|-damage|p2a: Druddigon|193/273\n|-unboost|p2a: Druddigon|spd|1\n|\n|upkeep\n|turn|14\n|\n|t:|1770671980\n|move|p1a: Lunatone|Power Gem|p2a: Druddigon\n|-damage|p2a: Druddigon|46/273\n|move|p2a: Druddigon|Glare|p1a: Lunatone\n|-status|p1a: Lunatone|par\n|\n|upkeep\n|turn|15\n|\n|t:|1770671989\n|switch|p1a: Shedinja|Shedinja, L96|1/1\n|move|p2a: Druddigon|Outrage|p1a: Shedinja\n|-immune|p1a: Shedinja|[from] ability: Wonder Guard\n|\n|upkeep\n|turn|16\n|\n|t:|1770672001\n|move|p1a: Shedinja|Shadow Sneak|p2a: Druddigon\n|-damage|p2a: Druddigon|0 fnt\n|faint|p2a: Druddigon\n|\n|upkeep\n|\n|t:|1770672008\n|switch|p2a: Seviper|Seviper, L94, F|233/290\n|turn|17\n|\n|t:|1770672012\n|move|p2a: Seviper|Flamethrower|p1a: Shedinja\n|-supereffective|p1a: Shedinja\n|-enditem|p1a: Shedinja|Focus Sash\n|-damage|p1a: Shedinja|1/1\n|-status|p1a: Shedinja|brn\n|move|p1a: Shedinja|Will-O-Wisp|p2a: Seviper\n|-status|p2a: Seviper|brn\n|\n|-damage|p2a: Seviper|215/290 brn|[from] brn\n|-damage|p1a: Shedinja|0 fnt|[from] brn\n|faint|p1a: Shedinja\n|upkeep\n|\n|t:|1770672021\n|switch|p1a: Lunatone|Lunatone, L93|318/318 par\n|turn|18\n|\n|t:|1770672032\n|switch|p2a: Diggersby|Diggersby, L82, M|274/274\n|move|p1a: Lunatone|Toxic|p2a: Diggersby\n|-status|p2a: Diggersby|tox\n|\n|-damage|p2a: Diggersby|257/274 tox|[from] psn\n|upkeep\n|turn|19\n|\n|t:|1770672042\n|switch|p1a: Toxapex|Toxapex, L80, F|194/211\n|move|p2a: Diggersby|Foul Play|p1a: Toxapex\n|-damage|p1a: Toxapex|105/211\n|\n|-damage|p2a: Diggersby|223/274 tox|[from] psn\n|upkeep\n|turn|20\n|\n|t:|1770672050\n|switch|p2a: Raichu|Raichu-Alola, L86, F|243/243\n|move|p1a: Toxapex|Recover|p1a: Toxapex\n|-heal|p1a: Toxapex|211/211\n|\n|upkeep\n|turn|21\n|\n|t:|1770672057\n|move|p2a: Raichu|Nasty Plot|p2a: Raichu\n|-boost|p2a: Raichu|spa|2\n|move|p1a: Toxapex|Knock Off|p2a: Raichu\n|-supereffective|p2a: Raichu\n|-damage|p2a: Raichu|149/243\n|\n|upkeep\n|turn|22\n|\n|t:|1770672073\n|switch|p1a: Kingler|Kingler, L87, M|237/237\n|move|p2a: Raichu|Psyshock|p1a: Kingler\n|-damage|p1a: Kingler|95/237\n|\n|upkeep\n|turn|23\n|\n|t:|1770672079\n|move|p2a: Raichu|Thunderbolt|p1a: Kingler\n|-supereffective|p1a: Kingler\n|-damage|p1a: Kingler|0 fnt\n|faint|p1a: Kingler\n|\n|upkeep\n|\n|t:|1770672081\n|switch|p1a: Lunatone|Lunatone, L93|318/318 par\n|turn|24\n|\n|t:|1770672086\n|switch|p1a: Toxapex|Toxapex, L80, F|211/211\n|move|p2a: Raichu|Surf|p1a: Toxapex\n|-resisted|p1a: Toxapex\n|-damage|p1a: Toxapex|163/211\n|\n|upkeep\n|turn|25\n|\n|t:|1770672097\n|move|p2a: Raichu|Thunderbolt|p1a: Toxapex\n|-supereffective|p1a: Toxapex\n|-damage|p1a: Toxapex|0 fnt\n|faint|p1a: Toxapex\n|\n|upkeep\n|\n|t:|1770672099\n|switch|p1a: Lunatone|Lunatone, L93|318/318 par\n|turn|26\n|\n|t:|1770672104\n|-zpower|p2a: Raichu\n|move|p2a: Raichu|Stoked Sparksurfer|p1a: Lunatone|[zeffect]\n|-damage|p1a: Lunatone|0 fnt\n|faint|p1a: Lunatone\n|\n|upkeep\n|\n|t:|1770672106\n|switch|p1a: Fearow|Fearow, L88, M|258/258\n|turn|27\n|\n|t:|1770672114\n|move|p2a: Raichu|Thunderbolt|p1a: Fearow\n|-supereffective|p1a: Fearow\n|-damage|p1a: Fearow|0 fnt\n|faint|p1a: Fearow\n|\n|win|La.Hellhound\n|raw|sans1204's rating: 1624 &rarr; <strong>1609</strong><br />(-15 for losing)\n|raw|La.Hellhound's rating: 1706 &rarr; <strong>1721</strong><br />(+15 for winning)\n|l|☆sans1204\n|player|p1|\n", "inputlog": ">version ccdc32dd7cde25fd9e4bed64820e885f66e78a4e\n>start {\"formatid\":\"gen7randombattle\",\"seed\":\"sodium,9512af0d8d7cd013f0c70105961e1fb3\",\"rated\":\"Rated battle\"}\n>player p1 {\"name\":\"sans1204\",\"avatar\":\"cynthia-gen4\",\"rating\":1624,\"seed\":\"sodium,1b61a7b6ade16c324fe09d2660cb1964\"}\n>player p2 {\"name\":\"La.Hellhound\",\"avatar\":\"bruno\",\"rating\":1706,\"seed\":\"sodium,addbaa7f06ca53415b7d9426bf117334\"}\n>p1 switch 4\n>p2 move earthquake\n>p1 move willowisp\n>p2 switch 5\n>p1 switch 4\n>p2 move knockoff\n>p1 move nastyplot mega\n>p2 switch 3\n>p1 move flashcannon\n>p2 move hiddenpower\n>p1 move vacuumwave\n>p2 move hiddenpower\n>p2 switch 6\n>p1 switch 4\n>p2 move surf\n>p1 move xscissor\n>p2 switch 3\n>p1 switch 4\n>p2 move knockoff\n>p1 switch 5\n>p1 move toxicspikes\n>p2 move knockoff\n>p1 move knockoff\n>p2 switch 4\n>p1 switch 2\n>p2 move earthquake\n>p1 move earthpower\n>p2 switch 2\n>p1 move powergem\n>p2 move glare\n>p1 switch 4\n>p2 move outrage\n>p1 move shadowsneak\n>p2 move glare\n>p2 switch 2\n>p1 move willowisp\n>p2 move flamethrower\n>p1 switch 4\n>p1 move toxic\n>p2 switch 5\n>p1 switch 2\n>p2 move foulplay\n>p1 move recover\n>p2 switch 3\n>p1 move knockoff\n>p2 move nastyplot\n>p1 switch 6\n>p2 move psyshock\n>p1 move agility\n>p2 move thunderbolt\n>p1 switch 2\n>p1 switch 6\n>p2 move surf\n>p1 move scald\n>p2 move thunderbolt\n>p1 switch 6\n>p1 move earthpower\n>p2 move thunderbolt zmove\n>p1 switch 3\n>p1 move drillrun\n>p2 move thunderbolt", "uploadtime": 1770672119, "views": 185, "formatid": "gen7randombattle", "rating": 1609, "private": 0, "password": null}