{"id": "gen7randombattle-2533843385", "format": "[Gen 7] Random Battle", "players": ["bin2409", "CryCh!c"], "log": "|j|☆bin2409\n|j|☆CryCh!c\n|t:|1770348117\n|gametype|singles\n|player|p1|bin2409|maid|1904\n|player|p2|CryCh!c|marley-masters|1761\n|gen|7\n|tier|[Gen 7] Random Battle\n|rated|\n|rule|Sleep Clause Mod: Limit one foe put to sleep\n|rule|HP Percentage Mod: HP is shown in percentages\n|rule|Illusion Level Mod: Illusion disguises the Pokémon's true level\n|\n|t:|1770348117\n|teamsize|p1|6\n|teamsize|p2|6\n|start\n|switch|p1a: Bruxish|Bruxish, L85, F|254/254\n|switch|p2a: Mesprit|Mesprit, L86|278/278\n|turn|1\n|\n|t:|1770348147\n|move|p1a: Bruxish|Crunch|p2a: Mesprit\n|-supereffective|p2a: Mesprit\n|-damage|p2a: Mesprit|60/278\n|move|p2a: Mesprit|U-turn|p1a: Bruxish\n|-supereffective|p1a: Bruxish\n|-damage|p1a: Bruxish|132/254\n|\n|t:|1770348155\n|switch|p2a: Pidgeot|Pidgeot, L78, F|258/258|[from] U-turn\n|\n|upkeep\n|turn|2\n|\n|t:|1770348163\n|switch|p1a: Pachirisu|Pachirisu, L96, F|271/271\n|detailschange|p2a: Pidgeot|Pidgeot-Mega, L78, F\n|-mega|p2a: Pidgeot|Pidgeot|Pidgeotite\n|move|p2a: Pidgeot|Hurricane|p1a: Pachirisu\n|-resisted|p1a: Pachirisu\n|-damage|p1a: Pachirisu|212/271\n|\n|-heal|p1a: Pachirisu|228/271|[from] item: Leftovers\n|upkeep\n|turn|3\n|\n|t:|1770348182\n|switch|p2a: Wormadam|Wormadam-Sandy, L91, F|257/257\n|move|p1a: Pachirisu|Super Fang|p2a: Wormadam\n|-damage|p2a: Wormadam|129/257\n|\n|-heal|p1a: Pachirisu|244/271|[from] item: Leftovers\n|-heal|p2a: Wormadam|145/257|[from] item: Leftovers\n|upkeep\n|turn|4\n|\n|t:|1770348190\n|switch|p1a: Bruxish|Bruxish, L85, F|132/254\n|move|p2a: Wormadam|Toxic|p1a: Bruxish\n|-status|p1a: Bruxish|tox\n|\n|-heal|p2a: Wormadam|161/257|[from] item: Leftovers\n|-damage|p1a: Bruxish|117/254 tox|[from] psn\n|upkeep\n|turn|5\n|\n|t:|1770348197\n|move|p2a: Wormadam|Protect|p2a: Wormadam\n|-singleturn|p2a: Wormadam|Protect\n|move|p1a: Bruxish|Psychic Fangs|p2a: Wormadam\n|-activate|p2a: Wormadam|move: Protect\n|\n|-heal|p2a: Wormadam|177/257|[from] item: Leftovers\n|-damage|p1a: Bruxish|87/254 tox|[from] psn\n|upkeep\n|turn|6\n|\n|t:|1770348204\n|switch|p2a: Wobbuffet|Wobbuffet, L94, F|510/510\n|move|p1a: Bruxish|Psychic Fangs|p2a: Wobbuffet\n|-resisted|p2a: Wobbuffet\n|-damage|p2a: Wobbuffet|387/510\n|\n|-damage|p1a: Bruxish|42/254 tox|[from] psn\n|upkeep\n|turn|7\n|\n|t:|1770348210\n|move|p1a: Bruxish|Psychic Fangs|p2a: Wobbuffet\n|-resisted|p2a: Wobbuffet\n|-damage|p2a: Wobbuffet|253/510\n|move|p2a: Wobbuffet|Counter|p1a: Bruxish\n|-damage|p1a: Bruxish|0 fnt\n|faint|p1a: Bruxish\n|\n|upkeep\n|\n|t:|1770348217\n|switch|p1a: Vespiquen|Vespiquen, F|301/301\n|-ability|p1a: Vespiquen|Pressure\n|turn|8\n|\n|t:|1770348222\n|switch|p2a: Pidgeot|Pidgeot-Mega, L78, F|258/258\n|move|p1a: Vespiquen|U-turn|p2a: Pidgeot\n|-resisted|p2a: Pidgeot\n|-damage|p2a: Pidgeot|205/258\n|\n|t:|1770348230\n|switch|p1a: Swalot|Swalot, L90, M|326/326|[from] U-turn\n|\n|upkeep\n|turn|9\n|\n|t:|1770348240\n|switch|p2a: Wobbuffet|Wobbuffet, L94, F|253/510\n|move|p1a: Swalot|Sludge Bomb|p2a: Wobbuffet\n|-damage|p2a: Wobbuffet|151/510\n|\n|upkeep\n|turn|10\n|\n|t:|1770348251\n|move|p1a: Swalot|Toxic|p2a: Wobbuffet\n|-status|p2a: Wobbuffet|tox\n|move|p2a: Wobbuffet|Encore|p1a: Swalot\n|-start|p1a: Swalot|Encore\n|\n|-damage|p2a: Wobbuffet|120/510 tox|[from] psn\n|upkeep\n|turn|11\n|\n|t:|1770348258\n|switch|p2a: Mesprit|Mesprit, L86|60/278\n|move|p1a: Swalot|Toxic|p2a: Mesprit\n|-status|p2a: Mesprit|tox\n|\n|-damage|p2a: Mesprit|43/278 tox|[from] psn\n|upkeep\n|turn|12\n|\n|t:|1770348265\n|switch|p1a: Pachirisu|Pachirisu, L96, F|244/271\n|move|p2a: Mesprit|U-turn|p1a: Pachirisu\n|-damage|p1a: Pachirisu|190/271\n|\n|t:|1770348267\n|switch|p2a: Wormadam|Wormadam-Sandy, L91, F|177/257|[from] U-turn\n|\n|-heal|p1a: Pachirisu|206/271|[from] item: Leftovers\n|-heal|p2a: Wormadam|193/257|[from] item: Leftovers\n|upkeep\n|turn|13\n|\n|t:|1770348280\n|move|p1a: Pachirisu|Toxic|p2a: Wormadam\n|-status|p2a: Wormadam|tox\n|move|p2a: Wormadam|Stealth Rock|p1a: Pachirisu\n|-sidestart|p1: bin2409|move: Stealth Rock\n|\n|-heal|p1a: Pachirisu|222/271|[from] item: Leftovers\n|-heal|p2a: Wormadam|209/257 tox|[from] item: Leftovers\n|-damage|p2a: Wormadam|193/257 tox|[from] psn\n|upkeep\n|turn|14\n|\n|t:|1770348291\n|switch|p1a: Vespiquen|Vespiquen, F|301/301\n|-damage|p1a: Vespiquen|151/301|[from] Stealth Rock\n|-ability|p1a: Vespiquen|Pressure\n|move|p2a: Wormadam|Earthquake|p1a: Vespiquen\n|-immune|p1a: Vespiquen\n|\n|-heal|p1a: Vespiquen|169/301|[from] item: Leftovers\n|-heal|p2a: Wormadam|209/257 tox|[from] item: Leftovers\n|-damage|p2a: Wormadam|177/257 tox|[from] psn\n|upkeep\n|turn|15\n|\n|t:|1770348306\n|switch|p2a: Pidgeot|Pidgeot-Mega, L78, F|205/258\n|move|p1a: Vespiquen|Roost|p1a: Vespiquen\n|-heal|p1a: Vespiquen|301/301\n|-singleturn|p1a: Vespiquen|move: Roost\n|\n|upkeep\n|turn|16\n|\n|t:|1770348312\n|move|p2a: Pidgeot|Heat Wave|p1a: Vespiquen\n|-supereffective|p1a: Vespiquen\n|-crit|p1a: Vespiquen\n|-damage|p1a: Vespiquen|129/301\n|move|p1a: Vespiquen|Toxic|p2a: Pidgeot\n|-status|p2a: Pidgeot|tox\n|\n|-heal|p1a: Vespiquen|147/301|[from] item: Leftovers\n|-damage|p2a: Pidgeot|189/258 tox|[from] psn\n|upkeep\n|turn|17\n|\n|t:|1770348320\n|move|p2a: Pidgeot|Hurricane|p1a: Vespiquen\n|-supereffective|p1a: Vespiquen\n|-damage|p1a: Vespiquen|0 fnt\n|faint|p1a: Vespiquen\n|\n|-damage|p2a: Pidgeot|157/258 tox|[from] psn\n|upkeep\n|\n|t:|1770348332\n|switch|p1a: Swalot|Swalot, L90, M|326/326\n|-damage|p1a: Swalot|286/326|[from] Stealth Rock\n|turn|18\n|\n|t:|1770348337\n|switch|p2a: Wobbuffet|Wobbuffet, L94, F|120/510 tox\n|move|p1a: Swalot|Sludge Bomb|p2a: Wobbuffet\n|-damage|p2a: Wobbuffet|14/510 tox\n|\n|-heal|p1a: Swalot|306/326|[from] item: Black Sludge\n|-damage|p2a: Wobbuffet|0 fnt|[from] psn\n|faint|p2a: Wobbuffet\n|upkeep\n|\n|t:|1770348338\n|switch|p2a: Mesprit|Mesprit, L86|43/278 tox\n|turn|19\n|\n|t:|1770348350\n|move|p1a: Swalot|Protect|p1a: Swalot\n|-singleturn|p1a: Swalot|Protect\n|move|p2a: Mesprit|Psychic|p1a: Swalot\n|-activate|p1a: Swalot|move: Protect\n|\n|-heal|p1a: Swalot|326/326|[from] item: Black Sludge\n|-damage|p2a: Mesprit|26/278 tox|[from] psn\n|upkeep\n|turn|20\n|\n|t:|1770348356\n|switch|p1a: Pachirisu|Pachirisu, L96, F|222/271\n|-damage|p1a: Pachirisu|189/271|[from] Stealth Rock\n|move|p2a: Mesprit|Psychic|p1a: Pachirisu\n|-damage|p1a: Pachirisu|51/271\n|\n|-heal|p1a: Pachirisu|67/271|[from] item: Leftovers\n|-damage|p2a: Mesprit|0 fnt|[from] psn\n|faint|p2a: Mesprit\n|upkeep\n|\n|t:|1770348359\n|switch|p2a: Wormadam|Wormadam-Sandy, L91, F|177/257 tox\n|turn|21\n|\n|t:|1770348371\n|move|p1a: Pachirisu|Super Fang|p2a: Wormadam\n|-damage|p2a: Wormadam|89/257 tox\n|move|p2a: Wormadam|Earthquake|p1a: Pachirisu\n|-supereffective|p1a: Pachirisu\n|-damage|p1a: Pachirisu|0 fnt\n|faint|p1a: Pachirisu\n|\n|-heal|p2a: Wormadam|105/257 tox|[from] item: Leftovers\n|-damage|p2a: Wormadam|89/257 tox|[from] psn\n|upkeep\n|\n|t:|1770348380\n|switch|p1a: Groudon|Groudon, L65|238/238\n|-damage|p1a: Groudon|224/238|[from] Stealth Rock\n|detailschange|p1a: Groudon|Groudon-Primal, L65\n|-primal|p1a: Groudon|Red Orb\n|-weather|DesolateLand|[from] ability: Desolate Land|[of] p1a: Groudon\n|turn|22\n|\n|t:|1770348387\n|move|p1a: Groudon|Lava Plume|p2a: Wormadam\n|-supereffective|p2a: Wormadam\n|-damage|p2a: Wormadam|0 fnt\n|faint|p2a: Wormadam\n|\n|-weather|DesolateLand|[upkeep]\n|upkeep\n|\n|t:|1770348391\n|switch|p2a: Pidgeot|Pidgeot-Mega, L78, F|157/258 tox\n|turn|23\n|\n|t:|1770348399\n|move|p2a: Pidgeot|Hurricane|p1a: Groudon\n|-damage|p1a: Groudon|46/238\n|-start|p1a: Groudon|confusion\n|-activate|p1a: Groudon|confusion\n|move|p1a: Groudon|Lava Plume|p2a: Pidgeot\n|-damage|p2a: Pidgeot|18/258 tox\n|\n|-weather|DesolateLand|[upkeep]\n|-damage|p2a: Pidgeot|2/258 tox|[from] psn\n|upkeep\n|turn|24\n|\n|t:|1770348407\n|move|p2a: Pidgeot|Hurricane|p1a: Groudon\n|-damage|p1a: Groudon|0 fnt\n|faint|p1a: Groudon\n|-weather|none\n|detailschange|p1: Groudon|Groudon, L65|[silent]\n|\n|-damage|p2a: Pidgeot|0 fnt|[from] psn\n|faint|p2a: Pidgeot\n|detailschange|p2: Pidgeot|Pidgeot, L78, F|[silent]\n|upkeep\n|\n|t:|1770348417\n|switch|p2a: Vikavolt|Vikavolt, L86, F|273/273\n|switch|p1a: Swalot|Swalot, L90, M|326/326\n|-damage|p1a: Swalot|286/326|[from] Stealth Rock\n|turn|25\n|\n|t:|1770348428\n|move|p1a: Swalot|Sludge Bomb|p2a: Vikavolt\n|-damage|p2a: Vikavolt|177/273\n|move|p2a: Vikavolt|Discharge|p1a: Swalot\n|-damage|p1a: Swalot|171/326\n|\n|-heal|p1a: Swalot|191/326|[from] item: Black Sludge\n|-heal|p2a: Vikavolt|194/273|[from] item: Leftovers\n|upkeep\n|turn|26\n|\n|t:|1770348437\n|move|p1a: Swalot|Sludge Bomb|p2a: Vikavolt\n|-damage|p2a: Vikavolt|86/273\n|move|p2a: Vikavolt|Discharge|p1a: Swalot\n|-damage|p1a: Swalot|71/326\n|\n|-heal|p1a: Swalot|91/326|[from] item: Black Sludge\n|-heal|p2a: Vikavolt|103/273|[from] item: Leftovers\n|upkeep\n|turn|27\n|\n|t:|1770348444\n|move|p1a: Swalot|Sludge Bomb|p2a: Vikavolt\n|-damage|p2a: Vikavolt|3/273\n|-status|p2a: Vikavolt|psn\n|move|p2a: Vikavolt|Discharge|p1a: Swalot\n|-damage|p1a: Swalot|0 fnt\n|faint|p1a: Swalot\n|\n|-heal|p2a: Vikavolt|20/273 psn|[from] item: Leftovers\n|-damage|p2a: Vikavolt|0 fnt|[from] psn\n|faint|p2a: Vikavolt\n|upkeep\n|\n|t:|1770348451\n|switch|p1a: Gourgeist|Gourgeist, L91, M|266/266\n|switch|p2a: Toucannon|Toucannon, L88, F|284/284\n|-damage|p1a: Gourgeist|233/266|[from] Stealth Rock\n|-item|p2a: Toucannon|Life Orb|[from] ability: Frisk|[of] p1a: Gourgeist\n|turn|28\n|\n|t:|1770348456\n|-singleturn|p2a: Toucannon|move: Beak Blast\n|move|p1a: Gourgeist|Will-O-Wisp|p2a: Toucannon|[miss]\n|-miss|p1a: Gourgeist|p2a: Toucannon\n|move|p2a: Toucannon|Beak Blast|p1a: Gourgeist\n|-supereffective|p1a: Gourgeist\n|-damage|p1a: Gourgeist|0 fnt\n|faint|p1a: Gourgeist\n|-damage|p2a: Toucannon|256/284|[from] item: Life Orb\n|\n|win|CryCh!c\n|raw|bin2409's rating: 1904 &rarr; <strong>1876</strong><br />(-28 for losing)\n|raw|CryCh!c's rating: 1761 &rarr; <strong>1789</strong><br />(+28 for winning)\n|l|☆bin2409\n|player|p1|\n", "inputlog": ">version ccdc32dd7cde25fd9e4bed64820e885f66e78a4e\n>start {\"formatid\":\"gen7randombattle\",\"seed\":\"sodium,15063fc1cfd046ef70646017b04e5f61\",\"rated\":\"Rated battle\"}\n>player p1 {\"name\":\"bin2409\",\"avatar\":\"maid\",\"rating\":1904,\"seed\":\"sodium,67f9dbd56e1958964d05d6027b738521\"}\n>player p2 {\"name\":\"CryCh!c\",\"avatar\":\"marley-masters\",\"rating\":1761,\"seed\":\"sodium,c38b91e714e6a74f9a34cfc39b382158\"}\n>p1 move crunch\n>p2 move uturn\n>p2 switch 4\n>p1 switch 2\n>p2 move hurricane mega\n>p1 move superfang\n>p2 switch 3\n>p1 switch 2\n>p2 move toxic\n>p1 move psychicfangs\n>p2 move protect\n>p1 move psychicfangs\n>p2 switch 2\n>p1 move psychicfangs\n>p2 move counter\n>p1 switch 6\n>p1 move uturn\n>p2 switch 3\n>p1 switch 4\n>p1 move sludgebomb\n>p2 switch 3\n>p1 move toxic\n>p2 move encore\n>p1 move toxic\n>p2 switch 4\n>p1 switch 2\n>p2 move uturn\n>p2 switch 2\n>p1 move toxic\n>p2 move stealthrock\n>p1 switch 4\n>p2 move earthquake\n>p1 move roost\n>p2 switch 3\n>p1 move toxic\n>p2 move heatwave\n>p1 move airslash\n>p2 move hurricane\n>p1 switch 2\n>p1 move sludgebomb\n>p2 switch 4\n>p2 switch 2\n>p1 move protect\n>p2 move psychic\n>p1 switch 4\n>p2 move psychic\n>p2 switch 3\n>p1 move superfang\n>p2 move earthquake\n>p1 switch 3\n>p1 move lavaplume\n>p2 move earthquake\n>p2 switch 4\n>p1 move lavaplume\n>p2 move hurricane\n>p1 move lavaplume\n>p2 move hurricane\n>p1 switch 4\n>p2 switch 5\n>p1 move sludgebomb\n>p2 move discharge\n>p1 move sludgebomb\n>p2 move discharge\n>p1 move sludgebomb\n>p2 move discharge\n>p1 switch 5\n>p2 switch 6\n>p1 move willowisp\n>p2 move beakblast", "uploadtime": 1770348460, "views": 194, "formatid": "gen7randombattle", "rating": 1789, "private": 0, "password": null}