{"id": "gen7randombattle-2534870042", "format": "[Gen 7] Random Battle", "players": ["Santino696969", "Schnikkelas"], "log": "|j|☆Santino696969\n|j|☆Schnikkelas\n|t:|1770487021\n|gametype|singles\n|player|p1|Santino696969|ash-kalos|1475\n|player|p2|Schnikkelas|preschooler|1532\n|gen|7\n|tier|[Gen 7] Random Battle\n|rated|\n|rule|Sleep Clause Mod: Limit one foe put to sleep\n|rule|HP Percentage Mod: HP is shown in percentages\n|rule|Illusion Level Mod: Illusion disguises the Pokémon's true level\n|\n|t:|1770487021\n|teamsize|p1|6\n|teamsize|p2|6\n|start\n|switch|p1a: Hypno|Hypno, L97, F|322/322\n|switch|p2a: Zangoose|Zangoose, L86, F|266/266\n|turn|1\n|inactive|Battle timer is ON: inactive players will automatically lose when time's up. (requested by Schnikkelas)\n|inactive|Santino696969 also wants the timer to be on.\n|\n|t:|1770487036\n|move|p2a: Zangoose|Knock Off|p1a: Hypno\n|-supereffective|p1a: Hypno\n|-damage|p1a: Hypno|158/322\n|-enditem|p1a: Hypno|Leftovers|[from] move: Knock Off|[of] p2a: Zangoose\n|move|p1a: Hypno|Focus Blast|p2a: Zangoose\n|-supereffective|p2a: Zangoose\n|-damage|p2a: Zangoose|50/266\n|\n|-status|p2a: Zangoose|tox|[from] item: Toxic Orb\n|upkeep\n|turn|2\n|\n|t:|1770487040\n|move|p1a: Hypno|Protect|p1a: Hypno\n|-singleturn|p1a: Hypno|Protect\n|move|p2a: Zangoose|Facade|p1a: Hypno\n|-activate|p1a: Hypno|move: Protect\n|\n|-damage|p2a: Zangoose|34/266 tox|[from] psn\n|upkeep\n|turn|3\n|\n|t:|1770487049\n|move|p2a: Zangoose|Knock Off|p1a: Hypno\n|-supereffective|p1a: Hypno\n|-damage|p1a: Hypno|0 fnt\n|faint|p1a: Hypno\n|\n|-damage|p2a: Zangoose|2/266 tox|[from] psn\n|upkeep\n|\n|t:|1770487051\n|switch|p1a: Illumise|Illumise, L92, F|269/269\n|turn|4\n|\n|t:|1770487075\n|move|p1a: Illumise|Bug Buzz|p2a: Zangoose\n|-damage|p2a: Zangoose|0 fnt\n|faint|p2a: Zangoose\n|\n|upkeep\n|\n|t:|1770487078\n|switch|p2a: Torkoal|Torkoal, L84, M|255/255\n|-weather|SunnyDay|[from] ability: Drought|[of] p2a: Torkoal\n|turn|5\n|\n|t:|1770487084\n|move|p1a: Illumise|Thunder Wave|p2a: Torkoal\n|-status|p2a: Torkoal|par\n|move|p2a: Torkoal|Lava Plume|p1a: Illumise\n|-supereffective|p1a: Illumise\n|-damage|p1a: Illumise|65/269\n|-status|p1a: Illumise|brn\n|\n|-weather|SunnyDay|[upkeep]\n|-heal|p1a: Illumise|81/269 brn|[from] item: Leftovers\n|-damage|p1a: Illumise|65/269 brn|[from] brn\n|upkeep\n|turn|6\n|\n|t:|1770487088\n|move|p1a: Illumise|Encore|p2a: Torkoal\n|-start|p2a: Torkoal|Encore\n|move|p2a: Torkoal|Lava Plume|p1a: Illumise\n|-supereffective|p1a: Illumise\n|-damage|p1a: Illumise|0 fnt\n|faint|p1a: Illumise\n|\n|-weather|SunnyDay|[upkeep]\n|upkeep\n|\n|t:|1770487090\n|switch|p1a: Manaphy|Manaphy, L77|281/281\n|turn|7\n|\n|t:|1770487104\n|switch|p2a: Hitmonlee|Hitmonlee, L86, M|225/225\n|move|p1a: Manaphy|Tail Glow|p1a: Manaphy\n|-boost|p1a: Manaphy|spa|3\n|\n|-weather|SunnyDay|[upkeep]\n|upkeep\n|turn|8\n|\n|t:|1770487108\n|switch|p1a: Jumpluff|Jumpluff, L89, F|278/278\n|move|p2a: Hitmonlee|High Jump Kick|p1a: Jumpluff\n|-resisted|p1a: Jumpluff\n|-damage|p1a: Jumpluff|104/278\n|\n|-weather|SunnyDay|[upkeep]\n|upkeep\n|turn|9\n|\n|t:|1770487120\n|switch|p2a: Torkoal|Torkoal, L84, M|255/255 par\n|move|p1a: Jumpluff|Acrobatics|p2a: Torkoal\n|-damage|p2a: Torkoal|192/255 par\n|\n|-weather|none\n|-heal|p2a: Torkoal|207/255 par|[from] item: Leftovers\n|upkeep\n|turn|10\n|\n|t:|1770487123\n|move|p1a: Jumpluff|Leech Seed|p2a: Torkoal\n|-start|p2a: Torkoal|move: Leech Seed\n|move|p2a: Torkoal|Lava Plume|p1a: Jumpluff\n|-supereffective|p1a: Jumpluff\n|-damage|p1a: Jumpluff|0 fnt\n|faint|p1a: Jumpluff\n|\n|-heal|p2a: Torkoal|222/255 par|[from] item: Leftovers\n|upkeep\n|\n|t:|1770487125\n|switch|p1a: Manaphy|Manaphy, L77|281/281\n|turn|11\n|\n|t:|1770487149\n|move|p1a: Manaphy|Tail Glow|p1a: Manaphy\n|-boost|p1a: Manaphy|spa|3\n|move|p2a: Torkoal|Yawn|p1a: Manaphy\n|-start|p1a: Manaphy|move: Yawn|[of] p2a: Torkoal\n|\n|-heal|p2a: Torkoal|237/255 par|[from] item: Leftovers\n|-damage|p2a: Torkoal|206/255 par|[from] Leech Seed|[of] p1a: Manaphy\n|upkeep\n|turn|12\n|inactive|Schnikkelas has 120 seconds left.\n|\n|t:|1770487190\n|move|p1a: Manaphy|Surf|p2a: Torkoal\n|-supereffective|p2a: Torkoal\n|-damage|p2a: Torkoal|0 fnt\n|faint|p2a: Torkoal\n|\n|-end|p1a: Manaphy|move: Yawn|[silent]\n|-status|p1a: Manaphy|slp\n|upkeep\n|\n|t:|1770487194\n|switch|p2a: Hitmonlee|Hitmonlee, L86, M|225/225\n|turn|13\n|\n|t:|1770487211\n|move|p2a: Hitmonlee|High Jump Kick|p1a: Manaphy|[miss]\n|-miss|p2a: Hitmonlee|p1a: Manaphy\n|-damage|p2a: Hitmonlee|113/225|[from] highjumpkick\n|cant|p1a: Manaphy|slp\n|\n|upkeep\n|turn|14\n|inactive|Schnikkelas has 120 seconds left.\n|\n|t:|1770487222\n|cant|p1a: Manaphy|slp\n|move|p2a: Hitmonlee|High Jump Kick|p1a: Manaphy\n|-damage|p1a: Manaphy|0 fnt\n|faint|p1a: Manaphy\n|\n|upkeep\n|\n|t:|1770487231\n|switch|p1a: Jynx|Jynx, L89, F|260/260\n|turn|15\n|\n|t:|1770487237\n|move|p1a: Jynx|Psyshock|p2a: Hitmonlee\n|-supereffective|p2a: Hitmonlee\n|-damage|p2a: Hitmonlee|0 fnt\n|faint|p2a: Hitmonlee\n|-damage|p1a: Jynx|234/260|[from] item: Life Orb\n|\n|upkeep\n|\n|t:|1770487239\n|switch|p2a: Octillery|Octillery, L96, M|299/299\n|turn|16\n|\n|t:|1770487243\n|move|p1a: Jynx|Lovely Kiss|p2a: Octillery\n|-status|p2a: Octillery|slp|[from] move: Lovely Kiss\n|cant|p2a: Octillery|slp\n|\n|upkeep\n|turn|17\n|\n|t:|1770487252\n|move|p1a: Jynx|Psyshock|p2a: Octillery\n|-damage|p2a: Octillery|157/299 slp\n|-damage|p1a: Jynx|208/260|[from] item: Life Orb\n|cant|p2a: Octillery|slp\n|\n|upkeep\n|turn|18\n|\n|t:|1770487256\n|switch|p1a: Bastiodon|Bastiodon, L94, F|265/265\n|-curestatus|p2a: Octillery|slp|[msg]\n|move|p2a: Octillery|Fire Blast|p1a: Bastiodon|[miss]\n|-miss|p2a: Octillery|p1a: Bastiodon\n|\n|upkeep\n|turn|19\n|\n|t:|1770487259\n|move|p2a: Octillery|Hydro Pump|p1a: Bastiodon\n|-supereffective|p1a: Bastiodon\n|-ability|p1a: Bastiodon|Sturdy\n|-damage|p1a: Bastiodon|1/265\n|-damage|p2a: Octillery|128/299|[from] item: Life Orb\n|move|p1a: Bastiodon|Stealth Rock|p2a: Octillery\n|-sidestart|p2: Schnikkelas|move: Stealth Rock\n|\n|-heal|p1a: Bastiodon|17/265|[from] item: Leftovers\n|upkeep\n|turn|20\n|\n|t:|1770487263\n|move|p2a: Octillery|Energy Ball|p1a: Bastiodon\n|-damage|p1a: Bastiodon|0 fnt\n|faint|p1a: Bastiodon\n|-damage|p2a: Octillery|99/299|[from] item: Life Orb\n|\n|upkeep\n|\n|t:|1770487266\n|switch|p1a: Jynx|Jynx, L89, F|208/260\n|turn|21\n|\n|t:|1770487280\n|move|p1a: Jynx|Psyshock|p2a: Octillery\n|-damage|p2a: Octillery|0 fnt\n|faint|p2a: Octillery\n|-damage|p1a: Jynx|182/260|[from] item: Life Orb\n|\n|upkeep\n|\n|t:|1770487282\n|switch|p2a: Lopunny|Lopunny, L77, F|227/227\n|-damage|p2a: Lopunny|199/227|[from] Stealth Rock\n|turn|22\n|\n|t:|1770487289\n|detailschange|p2a: Lopunny|Lopunny-Mega, L77, F\n|-mega|p2a: Lopunny|Lopunny|Lopunnite\n|move|p2a: Lopunny|High Jump Kick|p1a: Jynx|[miss]\n|-miss|p2a: Lopunny|p1a: Jynx\n|-damage|p2a: Lopunny|86/227|[from] highjumpkick\n|move|p1a: Jynx|Focus Blast|p2a: Lopunny\n|-supereffective|p2a: Lopunny\n|-damage|p2a: Lopunny|0 fnt\n|faint|p2a: Lopunny\n|detailschange|p2: Lopunny|Lopunny, L77, F|[silent]\n|-damage|p1a: Jynx|156/260|[from] item: Life Orb\n|\n|upkeep\n|\n|t:|1770487293\n|switch|p2a: Suicune|Suicune, L82|298/298\n|-damage|p2a: Suicune|261/298|[from] Stealth Rock\n|-ability|p2a: Suicune|Pressure\n|turn|23\n|-message|Schnikkelas forfeited.\n|\n|win|Santino696969\n|raw|Santino696969's rating: 1475 &rarr; <strong>1500</strong><br />(+25 for winning)\n|raw|Schnikkelas's rating: 1561 &rarr; <strong>1536</strong><br />(-25 for losing)\n|l|☆Schnikkelas\n|player|p2|\n", "inputlog": ">version ccdc32dd7cde25fd9e4bed64820e885f66e78a4e\n>start {\"formatid\":\"gen7randombattle\",\"seed\":\"sodium,4b78cd967aee154c7a6b0528e88fb144\",\"rated\":\"Rated battle\"}\n>player p1 {\"name\":\"Santino696969\",\"avatar\":\"ash-kalos\",\"rating\":1475,\"seed\":\"sodium,3bcdda9d0ef1f5a01415086a4a6196c1\"}\n>player p2 {\"name\":\"Schnikkelas\",\"avatar\":\"preschooler\",\"rating\":1532,\"seed\":\"sodium,b97bd2c45db5878b36727b29a7112091\"}\n>p1 move focusblast\n>p2 move knockoff\n>p1 move protect\n>p2 move facade\n>p1 move psychic\n>p2 move knockoff\n>p1 switch 2\n>p1 move bugbuzz\n>p2 move facade\n>p2 switch 5\n>p1 move thunderwave\n>p2 move lavaplume\n>p1 move encore\n>p2 move lavaplume\n>p1 switch 3\n>p1 move tailglow\n>p2 switch 3\n>p1 switch 5\n>p2 move highjumpkick\n>p1 move acrobatics\n>p2 switch 3\n>p1 move leechseed\n>p2 move lavaplume\n>p1 switch 5\n>p1 move tailglow\n>p2 move yawn\n>p1 move surf\n>p2 move earthquake\n>p2 switch 3\n>p1 move surf zmove\n>p2 move highjumpkick\n>p1 move surf\n>p2 move highjumpkick\n>p1 switch 4\n>p1 move psyshock\n>p2 move highjumpkick\n>p2 switch 2\n>p1 move lovelykiss\n>p2 move fireblast\n>p1 move psyshock\n>p2 move fireblast\n>p1 switch 6\n>p2 move fireblast\n>p1 move stealthrock\n>p2 move hydropump\n>p1 move rockslide\n>p2 move energyball\n>p1 switch 6\n>p1 move psyshock\n>p2 move fireblast\n>p2 switch 4\n>p1 move focusblast\n>p2 move highjumpkick mega\n>p2 switch 6\n>forcelose p2", "uploadtime": 1770487297, "views": 197, "formatid": "gen7randombattle", "rating": 1500, "private": 0, "password": null}