{"id": "gen7randombattle-2528232666", "format": "[Gen 7] Random Battle", "players": ["areszerker", "Michielleus"], "log": "|j|☆areszerker\n|j|☆Michielleus\n|t:|1769632489\n|gametype|singles\n|player|p1|areszerker|lance|1751\n|player|p2|Michielleus|#rbtt9faction2|1798\n|gen|7\n|tier|[Gen 7] Random Battle\n|rated|\n|rule|Sleep Clause Mod: Limit one foe put to sleep\n|rule|HP Percentage Mod: HP is shown in percentages\n|rule|Illusion Level Mod: Illusion disguises the Pokémon's true level\n|\n|t:|1769632489\n|teamsize|p1|6\n|teamsize|p2|6\n|start\n|switch|p1a: Dunsparce|Dunsparce, L95, F|344/344\n|switch|p2a: Armaldo|Armaldo, L89, M|278/278\n|turn|1\n|inactive|Battle timer is ON: inactive players will automatically lose when time's up. (requested by Michielleus)\n|\n|t:|1769632506\n|move|p1a: Dunsparce|Glare|p2a: Armaldo\n|-status|p2a: Armaldo|par\n|cant|p2a: Armaldo|par\n|\n|upkeep\n|turn|2\n|\n|t:|1769632509\n|switch|p1a: Forretress|Forretress, L81, F|254/254\n|move|p2a: Armaldo|Toxic|p1a: Forretress\n|-immune|p1a: Forretress\n|\n|upkeep\n|turn|3\n|\n|t:|1769632517\n|switch|p2a: Nidoking|Nidoking, L82, M|267/267\n|move|p1a: Forretress|Stealth Rock|p2a: Nidoking\n|-sidestart|p2: Michielleus|move: Stealth Rock\n|\n|upkeep\n|turn|4\n|\n|t:|1769632521\n|switch|p1a: Manaphy|Manaphy, L77|281/281\n|move|p2a: Nidoking|Earth Power|p1a: Manaphy\n|-damage|p1a: Manaphy|137/281\n|\n|-heal|p1a: Manaphy|154/281|[from] item: Leftovers\n|upkeep\n|turn|5\n|\n|t:|1769632528\n|move|p1a: Manaphy|Tail Glow|p1a: Manaphy\n|-boost|p1a: Manaphy|spa|3\n|move|p2a: Nidoking|Sludge Wave|p1a: Manaphy\n|-damage|p1a: Manaphy|5/281\n|\n|-heal|p1a: Manaphy|22/281|[from] item: Leftovers\n|upkeep\n|turn|6\n|\n|t:|1769632533\n|switch|p2a: Pachirisu|Pachirisu, L96, M|271/271\n|-damage|p2a: Pachirisu|238/271|[from] Stealth Rock\n|move|p1a: Manaphy|Surf|p2a: Pachirisu\n|-damage|p2a: Pachirisu|120/271\n|\n|-heal|p1a: Manaphy|39/281|[from] item: Leftovers\n|upkeep\n|turn|7\n|\n|t:|1769632543\n|switch|p1a: Dunsparce|Dunsparce, L95, F|344/344\n|move|p2a: Pachirisu|Thunderbolt|p1a: Dunsparce\n|-damage|p1a: Dunsparce|268/344\n|\n|-heal|p1a: Dunsparce|289/344|[from] item: Leftovers\n|upkeep\n|turn|8\n|\n|t:|1769632546\n|move|p2a: Pachirisu|Nuzzle|p1a: Dunsparce\n|-damage|p1a: Dunsparce|271/344\n|-status|p1a: Dunsparce|par\n|move|p1a: Dunsparce|Glare|p2a: Pachirisu\n|-immune|p2a: Pachirisu\n|\n|-heal|p1a: Dunsparce|292/344 par|[from] item: Leftovers\n|upkeep\n|turn|9\n|\n|t:|1769632548\n|move|p2a: Pachirisu|U-turn|p1a: Dunsparce\n|-damage|p1a: Dunsparce|251/344 par\n|\n|t:|1769632550\n|switch|p2a: Armaldo|Armaldo, L89, M|278/278 par|[from] U-turn\n|-damage|p2a: Armaldo|209/278 par|[from] Stealth Rock\n|move|p1a: Dunsparce|Earthquake|p2a: Armaldo\n|-damage|p2a: Armaldo|147/278 par\n|\n|-heal|p1a: Dunsparce|272/344 par|[from] item: Leftovers\n|-heal|p2a: Armaldo|164/278 par|[from] item: Leftovers\n|upkeep\n|turn|10\n|\n|t:|1769632557\n|cant|p1a: Dunsparce|par\n|move|p2a: Armaldo|Rapid Spin|p1a: Dunsparce\n|-damage|p1a: Dunsparce|251/344 par\n|-sideend|p2: Michielleus|Stealth Rock|[from] move: Rapid Spin|[of] p2a: Armaldo\n|\n|-heal|p1a: Dunsparce|272/344 par|[from] item: Leftovers\n|-heal|p2a: Armaldo|181/278 par|[from] item: Leftovers\n|upkeep\n|turn|11\n|\n|t:|1769632564\n|cant|p1a: Dunsparce|par\n|move|p2a: Armaldo|Stone Edge|p1a: Dunsparce\n|-damage|p1a: Dunsparce|122/344 par\n|\n|-heal|p1a: Dunsparce|143/344 par|[from] item: Leftovers\n|-heal|p2a: Armaldo|198/278 par|[from] item: Leftovers\n|upkeep\n|turn|12\n|\n|t:|1769632568\n|move|p1a: Dunsparce|Roost|p1a: Dunsparce\n|-heal|p1a: Dunsparce|315/344 par\n|-singleturn|p1a: Dunsparce|move: Roost\n|move|p2a: Armaldo|Stone Edge|p1a: Dunsparce\n|-damage|p1a: Dunsparce|176/344 par\n|\n|-heal|p1a: Dunsparce|197/344 par|[from] item: Leftovers\n|-heal|p2a: Armaldo|215/278 par|[from] item: Leftovers\n|upkeep\n|turn|13\n|\n|t:|1769632571\n|cant|p1a: Dunsparce|par\n|move|p2a: Armaldo|Stone Edge|p1a: Dunsparce\n|-damage|p1a: Dunsparce|52/344 par\n|\n|-heal|p1a: Dunsparce|73/344 par|[from] item: Leftovers\n|-heal|p2a: Armaldo|232/278 par|[from] item: Leftovers\n|upkeep\n|turn|14\n|\n|t:|1769632574\n|cant|p1a: Dunsparce|par\n|move|p2a: Armaldo|Stone Edge|p1a: Dunsparce\n|-damage|p1a: Dunsparce|0 fnt\n|faint|p1a: Dunsparce\n|\n|-heal|p2a: Armaldo|249/278 par|[from] item: Leftovers\n|upkeep\n|\n|t:|1769632579\n|switch|p1a: Manaphy|Manaphy, L77|39/281\n|turn|15\n|\n|t:|1769632585\n|switch|p2a: Pachirisu|Pachirisu, L96, M|120/271\n|move|p1a: Manaphy|Surf|p2a: Pachirisu\n|-damage|p2a: Pachirisu|69/271\n|\n|-heal|p1a: Manaphy|56/281|[from] item: Leftovers\n|upkeep\n|turn|16\n|\n|t:|1769632589\n|switch|p1a: Forretress|Forretress, L81, F|254/254\n|move|p2a: Pachirisu|Thunderbolt|p1a: Forretress\n|-damage|p1a: Forretress|152/254\n|\n|-heal|p1a: Forretress|167/254|[from] item: Leftovers\n|upkeep\n|turn|17\n|\n|t:|1769632591\n|move|p2a: Pachirisu|Nuzzle|p1a: Forretress\n|-damage|p1a: Forretress|154/254\n|-status|p1a: Forretress|par\n|cant|p1a: Forretress|par\n|\n|-heal|p1a: Forretress|169/254 par|[from] item: Leftovers\n|upkeep\n|turn|18\n|\n|t:|1769632593\n|move|p2a: Pachirisu|Thunderbolt|p1a: Forretress\n|-damage|p1a: Forretress|70/254 par\n|move|p1a: Forretress|Stealth Rock|p2a: Pachirisu\n|-sidestart|p2: Michielleus|move: Stealth Rock\n|\n|-heal|p1a: Forretress|85/254 par|[from] item: Leftovers\n|upkeep\n|turn|19\n|\n|t:|1769632600\n|move|p2a: Pachirisu|Thunderbolt|p1a: Forretress\n|-damage|p1a: Forretress|0 fnt\n|faint|p1a: Forretress\n|\n|upkeep\n|\n|t:|1769632607\n|switch|p1a: Kommo-o|Kommo-o, L74, F|233/233\n|turn|20\n|\n|t:|1769632609\n|move|p2a: Pachirisu|Nuzzle|p1a: Kommo-o\n|-resisted|p1a: Kommo-o\n|-damage|p1a: Kommo-o|227/233\n|-status|p1a: Kommo-o|par\n|-zpower|p1a: Kommo-o\n|move|p1a: Kommo-o|Clangorous Soulblaze|p2a: Pachirisu|[zeffect]\n|-crit|p2a: Pachirisu\n|-damage|p2a: Pachirisu|0 fnt\n|faint|p2a: Pachirisu\n|-boost|p1a: Kommo-o|atk|1\n|-boost|p1a: Kommo-o|def|1\n|-boost|p1a: Kommo-o|spa|1\n|-boost|p1a: Kommo-o|spd|1\n|-boost|p1a: Kommo-o|spe|1\n|\n|upkeep\n|\n|t:|1769632614\n|switch|p2a: Kommo-o|Kommo-o, L74, F|233/233\n|-damage|p2a: Kommo-o|219/233|[from] Stealth Rock\n|turn|21\n|\n|t:|1769632623\n|move|p2a: Kommo-o|Dragon Dance|p2a: Kommo-o\n|-boost|p2a: Kommo-o|atk|1\n|-boost|p2a: Kommo-o|spe|1\n|cant|p1a: Kommo-o|par\n|\n|upkeep\n|turn|22\n|\n|t:|1769632633\n|-zpower|p2a: Kommo-o\n|move|p2a: Kommo-o|Clangorous Soulblaze|p1a: Kommo-o|[zeffect]\n|-immune|p1a: Kommo-o|[from] ability: Soundproof\n|move|p1a: Kommo-o|Clanging Scales|p2a: Kommo-o\n|-supereffective|p2a: Kommo-o\n|-damage|p2a: Kommo-o|0 fnt\n|faint|p2a: Kommo-o\n|-unboost|p1a: Kommo-o|def|1\n|\n|upkeep\n|\n|t:|1769632641\n|switch|p2a: Bisharp|Bisharp, L82, M|241/241\n|-damage|p2a: Bisharp|226/241|[from] Stealth Rock\n|turn|23\n|\n|t:|1769632643\n|move|p2a: Bisharp|Iron Head|p1a: Kommo-o\n|-damage|p1a: Kommo-o|117/233 par\n|-damage|p2a: Bisharp|202/241|[from] item: Life Orb\n|move|p1a: Kommo-o|Close Combat|p2a: Bisharp\n|-supereffective|p2a: Bisharp\n|-damage|p2a: Bisharp|0 fnt\n|-unboost|p1a: Kommo-o|def|1\n|-unboost|p1a: Kommo-o|spd|1\n|faint|p2a: Bisharp\n|\n|upkeep\n|\n|t:|1769632653\n|switch|p2a: Nidoking|Nidoking, L82, M|267/267\n|-damage|p2a: Nidoking|251/267|[from] Stealth Rock\n|turn|24\n|\n|t:|1769632661\n|move|p2a: Nidoking|Earth Power|p1a: Kommo-o\n|-damage|p1a: Kommo-o|0 fnt\n|faint|p1a: Kommo-o\n|\n|upkeep\n|\n|t:|1769632666\n|switch|p1a: Basculin|Basculin-Blue-Striped, L86, M|261/261\n|turn|25\n|\n|t:|1769632675\n|switch|p2a: Armaldo|Armaldo, L89, M|249/278 par\n|-damage|p2a: Armaldo|180/278 par|[from] Stealth Rock\n|move|p1a: Basculin|Liquidation|p2a: Armaldo\n|-supereffective|p2a: Armaldo\n|-damage|p2a: Armaldo|0 fnt\n|faint|p2a: Armaldo\n|\n|upkeep\n|\n|t:|1769632676\n|switch|p2a: Venusaur|Venusaur, L78, F|253/253\n|-damage|p2a: Venusaur|222/253|[from] Stealth Rock\n|turn|26\n|\n|t:|1769632689\n|switch|p1a: Slaking|Slaking, L84, M|389/389\n|detailschange|p2a: Venusaur|Venusaur-Mega, L78, F\n|-mega|p2a: Venusaur|Venusaur|Venusaurite\n|move|p2a: Venusaur|Giga Drain|p1a: Slaking\n|-damage|p1a: Slaking|287/389\n|-heal|p2a: Venusaur|253/253|[from] drain|[of] p1a: Slaking\n|\n|upkeep\n|turn|27\n|\n|t:|1769632695\n|move|p1a: Slaking|Giga Impact|p2a: Venusaur\n|-damage|p2a: Venusaur|0 fnt\n|-mustrecharge|p1a: Slaking\n|faint|p2a: Venusaur\n|detailschange|p2: Venusaur|Venusaur, L78, F|[silent]\n|\n|upkeep\n|\n|t:|1769632697\n|switch|p2a: Nidoking|Nidoking, L82, M|251/267\n|-damage|p2a: Nidoking|235/267|[from] Stealth Rock\n|turn|28\n|-message|Michielleus forfeited.\n|\n|win|areszerker\n|raw|areszerker's rating: 1751 &rarr; <strong>1774</strong><br />(+23 for winning)\n|raw|Michielleus's rating: 1798 &rarr; <strong>1775</strong><br />(-23 for losing)\n|l|☆Michielleus\n|player|p2|\n|l|☆areszerker\n|player|p1|\n|j|☆areszerker\n|player|p1|areszerker|lance|\n", "inputlog": ">version b99ff0165a6231f17e8b78c2a78d1998375de664\n>start {\"formatid\":\"gen7randombattle\",\"seed\":\"sodium,fbfbcbe3c5ec7d3a46c049b144a57900\",\"rated\":\"Rated battle\"}\n>player p1 {\"name\":\"areszerker\",\"avatar\":\"lance\",\"rating\":1751,\"seed\":\"sodium,54f81e87ae92197c46e348b9fe5eba61\"}\n>player p2 {\"name\":\"Michielleus\",\"avatar\":\"#rbtt9faction2\",\"rating\":1798,\"seed\":\"sodium,aff7a709c875565f0e0bc0e4392a6c08\"}\n>p1 move glare\n>p2 move toxic\n>p1 switch 5\n>p2 move toxic\n>p1 move stealthrock\n>p2 switch 3\n>p1 switch 2\n>p2 move earthpower\n>p1 move tailglow\n>p2 move sludgewave\n>p1 move surf\n>p2 switch 5\n>p1 switch 5\n>p2 move thunderbolt\n>p1 move glare\n>p2 move nuzzle\n>p1 move earthquake\n>p2 move uturn\n>p2 switch 3\n>p1 move roost\n>p2 move rapidspin\n>p1 move headbutt\n>p2 move stoneedge\n>p1 move roost\n>p2 move stoneedge\n>p1 move headbutt\n>p2 move stoneedge\n>p1 move roost\n>p2 move stoneedge\n>p1 switch 5\n>p1 move surf\n>p2 switch 3\n>p1 switch 2\n>p2 move thunderbolt\n>p1 move stealthrock\n>p2 move nuzzle\n>p1 move stealthrock\n>p2 move thunderbolt\n>p1 move gyroball\n>p2 move thunderbolt\n>p1 switch 6\n>p1 move clangingscales zmove\n>p2 move nuzzle\n>p2 switch 6\n>p1 move clangingscales\n>p2 move dragondance\n>p1 move clangingscales\n>p2 move clangingscales zmove\n>p2 switch 4\n>p1 move closecombat\n>p2 move ironhead\n>p2 switch 5\n>p1 move dragondance\n>p2 move earthpower\n>p1 switch 4\n>p1 move liquidation\n>p2 switch 3\n>p2 switch 2\n>p1 switch 3\n>p2 move gigadrain mega\n>p1 move gigaimpact\n>p2 move synthesis\n>p2 switch 3\n>forcelose p2", "uploadtime": 1769632715, "views": 172, "formatid": "gen7randombattle", "rating": 1774, "private": 0, "password": null}