{"id": "gen7randombattle-2532259884", "format": "[Gen 7] Random Battle", "players": ["superdolphin440", "2 Easy Scrub"], "log": "|j|☆superdolphin440\n|j|☆2 Easy Scrub\n|t:|1770155038\n|gametype|singles\n|player|p1|superdolphin440|scientistf|1640\n|player|p2|2 Easy Scrub|ltsurge|1563\n|gen|7\n|tier|[Gen 7] Random Battle\n|rated|\n|rule|Sleep Clause Mod: Limit one foe put to sleep\n|rule|HP Percentage Mod: HP is shown in percentages\n|rule|Illusion Level Mod: Illusion disguises the Pokémon's true level\n|\n|t:|1770155038\n|teamsize|p1|6\n|teamsize|p2|6\n|start\n|switch|p1a: Arbok|Arbok, L90, M|254/254\n|switch|p2a: Oranguru|Oranguru, L93, M|318/318\n|-ability|p1a: Arbok|Intimidate|boost\n|-unboost|p2a: Oranguru|atk|1\n|turn|1\n|inactive|Battle timer is ON: inactive players will automatically lose when time's up. (requested by 2 Easy Scrub)\n|\n|t:|1770155061\n|switch|p1a: Umbreon|Umbreon, L84, M|297/297\n|move|p2a: Oranguru|Psyshock|p1a: Umbreon\n|-immune|p1a: Umbreon\n|\n|upkeep\n|turn|2\n|\n|t:|1770155068\n|switch|p2a: Carbink|Carbink, L92|241/241\n|move|p1a: Umbreon|Toxic|p2a: Carbink\n|-status|p2a: Carbink|tox\n|\n|-damage|p2a: Carbink|226/241 tox|[from] psn\n|upkeep\n|turn|3\n|\n|t:|1770155079\n|switch|p1a: Volcanion|Volcanion, L81|262/262\n|move|p2a: Carbink|Reflect|p2a: Carbink\n|-sidestart|p2: 2 Easy Scrub|Reflect\n|\n|-damage|p2a: Carbink|196/241 tox|[from] psn\n|upkeep\n|turn|4\n|\n|t:|1770155090\n|switch|p2a: Suicune|Suicune, L82|298/298\n|-ability|p2a: Suicune|Pressure\n|move|p1a: Volcanion|Steam Eruption|p2a: Suicune\n|-resisted|p2a: Suicune\n|-damage|p2a: Suicune|244/298\n|\n|-heal|p2a: Suicune|262/298|[from] item: Leftovers\n|upkeep\n|turn|5\n|\n|t:|1770155100\n|switch|p1a: Arbok|Arbok, L90, M|254/254\n|-ability|p1a: Arbok|Intimidate|boost\n|-unboost|p2a: Suicune|atk|1\n|move|p2a: Suicune|Substitute|p2a: Suicune\n|-start|p2a: Suicune|Substitute\n|-damage|p2a: Suicune|188/298\n|\n|-heal|p2a: Suicune|206/298|[from] item: Leftovers\n|upkeep\n|turn|6\n|\n|t:|1770155104\n|move|p1a: Arbok|Gunk Shot|p2a: Suicune\n|-end|p2a: Suicune|Substitute\n|-damage|p1a: Arbok|229/254|[from] item: Life Orb\n|move|p2a: Suicune|Scald|p1a: Arbok\n|-damage|p1a: Arbok|145/254\n|-status|p1a: Arbok|brn\n|\n|-heal|p2a: Suicune|224/298|[from] item: Leftovers\n|-damage|p1a: Arbok|130/254 brn|[from] brn\n|upkeep\n|turn|7\n|\n|t:|1770155113\n|switch|p2a: Ferrothorn|Ferrothorn, L72, F|226/226\n|move|p1a: Arbok|Gunk Shot|p2a: Ferrothorn\n|-immune|p2a: Ferrothorn\n|\n|-damage|p1a: Arbok|115/254 brn|[from] brn\n|upkeep\n|turn|8\n|\n|t:|1770155115\n|move|p1a: Arbok|Earthquake|p2a: Ferrothorn\n|-damage|p2a: Ferrothorn|204/226\n|-damage|p1a: Arbok|90/254 brn|[from] item: Life Orb\n|move|p2a: Ferrothorn|Stealth Rock|p1a: Arbok\n|-sidestart|p1: superdolphin440|move: Stealth Rock\n|\n|-heal|p2a: Ferrothorn|218/226|[from] item: Leftovers\n|-damage|p1a: Arbok|75/254 brn|[from] brn\n|upkeep\n|turn|9\n|\n|t:|1770155128\n|switch|p1a: Volcarona|Volcarona, L76, M|253/253\n|-damage|p1a: Volcarona|127/253|[from] Stealth Rock\n|move|p2a: Ferrothorn|Spikes|p1a: Volcarona\n|-sidestart|p1: superdolphin440|Spikes\n|\n|-heal|p2a: Ferrothorn|226/226|[from] item: Leftovers\n|upkeep\n|turn|10\n|\n|t:|1770155146\n|switch|p2a: Suicune|Suicune, L82|224/298\n|-ability|p2a: Suicune|Pressure\n|move|p1a: Volcarona|Roost|p1a: Volcarona\n|-heal|p1a: Volcarona|253/253\n|-singleturn|p1a: Volcarona|move: Roost\n|\n|-heal|p2a: Suicune|242/298|[from] item: Leftovers\n|-sideend|p2: 2 Easy Scrub|Reflect\n|upkeep\n|turn|11\n|\n|t:|1770155150\n|move|p1a: Volcarona|Quiver Dance|p1a: Volcarona\n|-boost|p1a: Volcarona|spa|1\n|-boost|p1a: Volcarona|spd|1\n|-boost|p1a: Volcarona|spe|1\n|move|p2a: Suicune|Calm Mind|p2a: Suicune\n|-boost|p2a: Suicune|spa|1\n|-boost|p2a: Suicune|spd|1\n|\n|-heal|p2a: Suicune|260/298|[from] item: Leftovers\n|upkeep\n|turn|12\n|\n|t:|1770155154\n|move|p1a: Volcarona|Quiver Dance|p1a: Volcarona\n|-boost|p1a: Volcarona|spa|1\n|-boost|p1a: Volcarona|spd|1\n|-boost|p1a: Volcarona|spe|1\n|move|p2a: Suicune|Scald|p1a: Volcarona\n|-supereffective|p1a: Volcarona\n|-damage|p1a: Volcarona|143/253\n|\n|-heal|p2a: Suicune|278/298|[from] item: Leftovers\n|upkeep\n|turn|13\n|\n|t:|1770155157\n|move|p1a: Volcarona|Quiver Dance|p1a: Volcarona\n|-boost|p1a: Volcarona|spa|1\n|-boost|p1a: Volcarona|spd|1\n|-boost|p1a: Volcarona|spe|1\n|move|p2a: Suicune|Calm Mind|p2a: Suicune\n|-boost|p2a: Suicune|spa|1\n|-boost|p2a: Suicune|spd|1\n|\n|-heal|p2a: Suicune|296/298|[from] item: Leftovers\n|upkeep\n|turn|14\n|\n|t:|1770155160\n|move|p1a: Volcarona|Quiver Dance|p1a: Volcarona\n|-boost|p1a: Volcarona|spa|1\n|-boost|p1a: Volcarona|spd|1\n|-boost|p1a: Volcarona|spe|1\n|move|p2a: Suicune|Calm Mind|p2a: Suicune\n|-boost|p2a: Suicune|spa|1\n|-boost|p2a: Suicune|spd|1\n|\n|-heal|p2a: Suicune|298/298|[from] item: Leftovers\n|upkeep\n|turn|15\n|\n|t:|1770155164\n|move|p1a: Volcarona|Quiver Dance|p1a: Volcarona\n|-boost|p1a: Volcarona|spa|1\n|-boost|p1a: Volcarona|spd|1\n|-boost|p1a: Volcarona|spe|1\n|move|p2a: Suicune|Scald|p1a: Volcarona\n|-supereffective|p1a: Volcarona\n|-damage|p1a: Volcarona|45/253\n|\n|upkeep\n|turn|16\n|\n|t:|1770155176\n|move|p1a: Volcarona|Roost|p1a: Volcarona\n|-heal|p1a: Volcarona|172/253\n|-singleturn|p1a: Volcarona|move: Roost\n|move|p2a: Suicune|Calm Mind|p2a: Suicune\n|-boost|p2a: Suicune|spa|1\n|-boost|p2a: Suicune|spd|1\n|\n|upkeep\n|turn|17\n|\n|t:|1770155180\n|move|p1a: Volcarona|Quiver Dance|p1a: Volcarona\n|-boost|p1a: Volcarona|spa|1\n|-boost|p1a: Volcarona|spd|1\n|-boost|p1a: Volcarona|spe|1\n|move|p2a: Suicune|Scald|p1a: Volcarona\n|-supereffective|p1a: Volcarona\n|-damage|p1a: Volcarona|58/253\n|\n|upkeep\n|turn|18\n|\n|t:|1770155184\n|move|p1a: Volcarona|Roost|p1a: Volcarona\n|-heal|p1a: Volcarona|185/253\n|-singleturn|p1a: Volcarona|move: Roost\n|move|p2a: Suicune|Scald|p1a: Volcarona\n|-supereffective|p1a: Volcarona\n|-damage|p1a: Volcarona|81/253\n|\n|upkeep\n|turn|19\n|\n|t:|1770155187\n|move|p1a: Volcarona|Bug Buzz|p2a: Suicune\n|-damage|p2a: Suicune|181/298\n|move|p2a: Suicune|Scald|p1a: Volcarona\n|-supereffective|p1a: Volcarona\n|-damage|p1a: Volcarona|0 fnt\n|faint|p1a: Volcarona\n|\n|-heal|p2a: Suicune|199/298|[from] item: Leftovers\n|upkeep\n|-message|superdolphin440 forfeited.\n|\n|win|2 Easy Scrub\n|raw|superdolphin440's rating: 1640 &rarr; <strong>1616</strong><br />(-24 for losing)\n|raw|2 Easy Scrub's rating: 1563 &rarr; <strong>1587</strong><br />(+24 for winning)\n|l|☆superdolphin440\n|player|p1|\n", "inputlog": ">version ccdc32dd7cde25fd9e4bed64820e885f66e78a4e\n>start {\"formatid\":\"gen7randombattle\",\"seed\":\"sodium,682ec51a7d0d841a25fc7fd4eec7236a\",\"rated\":\"Rated battle\"}\n>player p1 {\"name\":\"superdolphin440\",\"avatar\":\"scientistf\",\"rating\":1640,\"seed\":\"sodium,d7ebe577e7fc995733379c8c77b1a76e\"}\n>player p2 {\"name\":\"2 Easy Scrub\",\"avatar\":\"ltsurge\",\"rating\":1563,\"seed\":\"sodium,c1c0cae4c09c3752a545f0c112002413\"}\n>p1 switch 2\n>p2 move psyshock\n>p1 move toxic\n>p2 switch 5\n>p1 switch 6\n>p2 move reflect\n>p1 move steameruption\n>p2 switch 4\n>p1 switch 2\n>p2 move substitute\n>p1 move gunkshot\n>p2 move scald\n>p1 move gunkshot\n>p2 switch 2\n>p1 move earthquake\n>p2 move stealthrock\n>p1 switch 5\n>p2 move spikes\n>p1 move roost\n>p2 switch 2\n>p1 move quiverdance\n>p2 move calmmind\n>p1 move quiverdance\n>p2 move scald\n>p1 move quiverdance\n>p2 move calmmind\n>p1 move quiverdance\n>p2 move calmmind\n>p1 move quiverdance\n>p2 move scald\n>p1 move roost\n>p2 move calmmind\n>p1 move quiverdance\n>p2 move scald\n>p1 move roost\n>p2 move scald\n>p1 move bugbuzz\n>p2 move scald\n>forcelose p1", "uploadtime": 1770155193, "views": 135, "formatid": "gen7randombattle", "rating": 1587, "private": 0, "password": null}