{"id": "gen7randombattle-2535523912", "format": "[Gen 7] Random Battle", "players": ["Aqua_Admin_Doggo", "ytte"], "log": "|j|☆Aqua_Admin_Doggo\n|j|☆ytte\n|t:|1770577614\n|gametype|singles\n|player|p1|Aqua_Admin_Doggo|101|1669\n|player|p2|ytte|265|1586\n|gen|7\n|tier|[Gen 7] Random Battle\n|rated|\n|rule|Sleep Clause Mod: Limit one foe put to sleep\n|rule|HP Percentage Mod: HP is shown in percentages\n|rule|Illusion Level Mod: Illusion disguises the Pokémon's true level\n|\n|t:|1770577614\n|teamsize|p1|6\n|teamsize|p2|6\n|start\n|switch|p1a: Kabutops|Kabutops, L87, M|246/246\n|switch|p2a: Mandibuzz|Mandibuzz, L84, F|322/322\n|turn|1\n|inactive|Battle timer is ON: inactive players will automatically lose when time's up. (requested by ytte)\n|inactive|Aqua_Admin_Doggo has 120 seconds left.\n|\n|t:|1770577658\n|move|p1a: Kabutops|Stone Edge|p2a: Mandibuzz\n|-supereffective|p2a: Mandibuzz\n|-damage|p2a: Mandibuzz|110/322\n|move|p2a: Mandibuzz|Foul Play|p1a: Kabutops\n|-damage|p1a: Kabutops|144/246\n|-ability|p1a: Kabutops|Weak Armor|boost\n|-unboost|p1a: Kabutops|def|1\n|-boost|p1a: Kabutops|spe|2\n|\n|upkeep\n|turn|2\n|\n|t:|1770577680\n|switch|p2a: Mudsdale|Mudsdale, L83, F|302/302\n|move|p1a: Kabutops|Stone Edge|p2a: Mudsdale\n|-resisted|p2a: Mudsdale\n|-damage|p2a: Mudsdale|243/302\n|-ability|p2a: Mudsdale|Stamina|boost\n|-boost|p2a: Mudsdale|def|1\n|\n|-heal|p2a: Mudsdale|261/302|[from] item: Leftovers\n|upkeep\n|turn|3\n|\n|t:|1770577688\n|move|p1a: Kabutops|Swords Dance|p1a: Kabutops\n|-boost|p1a: Kabutops|atk|2\n|move|p2a: Mudsdale|Earthquake|p1a: Kabutops\n|-supereffective|p1a: Kabutops\n|-damage|p1a: Kabutops|0 fnt\n|faint|p1a: Kabutops\n|\n|-heal|p2a: Mudsdale|279/302|[from] item: Leftovers\n|upkeep\n|\n|t:|1770577692\n|switch|p1a: Deoxys|Deoxys-Defense, L85|224/224\n|-ability|p1a: Deoxys|Pressure\n|turn|4\n|\n|t:|1770577696\n|move|p1a: Deoxys|Nasty Plot|p1a: Deoxys\n|-boost|p1a: Deoxys|spa|2\n|move|p2a: Mudsdale|Toxic|p1a: Deoxys|[miss]\n|-miss|p2a: Mudsdale|p1a: Deoxys\n|\n|-heal|p2a: Mudsdale|297/302|[from] item: Leftovers\n|upkeep\n|turn|5\n|\n|t:|1770577713\n|move|p1a: Deoxys|Psychic|p2a: Mudsdale\n|-damage|p2a: Mudsdale|147/302\n|-ability|p2a: Mudsdale|Stamina|boost\n|-boost|p2a: Mudsdale|def|1\n|move|p2a: Mudsdale|Toxic|p1a: Deoxys\n|-status|p1a: Deoxys|tox\n|\n|-heal|p2a: Mudsdale|165/302|[from] item: Leftovers\n|-damage|p1a: Deoxys|210/224 tox|[from] psn\n|upkeep\n|turn|6\n|\n|t:|1770577721\n|switch|p1a: Nidoqueen|Nidoqueen, L83, F|285/285\n|switch|p2a: Bronzong|Bronzong, L86|255/255\n|\n|upkeep\n|turn|7\n|\n|t:|1770577726\n|move|p1a: Nidoqueen|Stealth Rock|p2a: Bronzong\n|-sidestart|p2: ytte|move: Stealth Rock\n|move|p2a: Bronzong|Psychic|p1a: Nidoqueen\n|-supereffective|p1a: Nidoqueen\n|-damage|p1a: Nidoqueen|109/285\n|\n|upkeep\n|turn|8\n|\n|t:|1770577733\n|switch|p1a: Deoxys|Deoxys-Defense, L85|210/224 tox\n|-ability|p1a: Deoxys|Pressure\n|move|p2a: Bronzong|Psychic|p1a: Deoxys\n|-resisted|p1a: Deoxys\n|-damage|p1a: Deoxys|182/224 tox\n|\n|-heal|p1a: Deoxys|196/224 tox|[from] item: Leftovers\n|-damage|p1a: Deoxys|182/224 tox|[from] psn\n|upkeep\n|turn|9\n|\n|t:|1770577748\n|switch|p1a: Ho-Oh|Ho-Oh, L72|272/272\n|move|p2a: Bronzong|Iron Head|p1a: Ho-Oh\n|-resisted|p1a: Ho-Oh\n|-damage|p1a: Ho-Oh|226/272\n|\n|-heal|p1a: Ho-Oh|243/272|[from] item: Leftovers\n|upkeep\n|turn|10\n|\n|t:|1770577758\n|switch|p2a: Mudsdale|Mudsdale, L83, F|165/302\n|-damage|p2a: Mudsdale|147/302|[from] Stealth Rock\n|move|p1a: Ho-Oh|Sacred Fire|p2a: Mudsdale\n|-damage|p2a: Mudsdale|57/302\n|-status|p2a: Mudsdale|brn\n|-ability|p2a: Mudsdale|Stamina|boost\n|-boost|p2a: Mudsdale|def|1\n|\n|-heal|p1a: Ho-Oh|260/272|[from] item: Leftovers\n|-heal|p2a: Mudsdale|75/302 brn|[from] item: Leftovers\n|-damage|p2a: Mudsdale|57/302 brn|[from] brn\n|upkeep\n|turn|11\n|\n|t:|1770577765\n|move|p1a: Ho-Oh|Brave Bird|p2a: Mudsdale\n|-damage|p2a: Mudsdale|0 fnt\n|faint|p2a: Mudsdale\n|-damage|p1a: Ho-Oh|241/272|[from] Recoil\n|\n|-heal|p1a: Ho-Oh|258/272|[from] item: Leftovers\n|upkeep\n|\n|t:|1770577786\n|switch|p2a: Mandibuzz|Mandibuzz, L84, F|110/322\n|-damage|p2a: Mandibuzz|30/322|[from] Stealth Rock\n|turn|12\n|\n|t:|1770577806\n|move|p2a: Mandibuzz|Roost|p2a: Mandibuzz\n|-heal|p2a: Mandibuzz|191/322\n|-singleturn|p2a: Mandibuzz|move: Roost\n|move|p1a: Ho-Oh|Brave Bird|p2a: Mandibuzz\n|-damage|p2a: Mandibuzz|95/322\n|-damage|p1a: Ho-Oh|213/272|[from] item: Rocky Helmet|[of] p2a: Mandibuzz\n|-damage|p1a: Ho-Oh|181/272|[from] Recoil\n|\n|-heal|p1a: Ho-Oh|198/272|[from] item: Leftovers\n|upkeep\n|turn|13\n|\n|t:|1770577815\n|move|p2a: Mandibuzz|Roost|p2a: Mandibuzz\n|-heal|p2a: Mandibuzz|256/322\n|-singleturn|p2a: Mandibuzz|move: Roost\n|move|p1a: Ho-Oh|Sacred Fire|p2a: Mandibuzz\n|-damage|p2a: Mandibuzz|172/322\n|-status|p2a: Mandibuzz|brn\n|\n|-heal|p1a: Ho-Oh|215/272|[from] item: Leftovers\n|-damage|p2a: Mandibuzz|152/322 brn|[from] brn\n|upkeep\n|turn|14\n|\n|t:|1770577824\n|switch|p1a: Lopunny|Lopunny, L77, M|227/227\n|move|p2a: Mandibuzz|Defog|p1a: Lopunny\n|-unboost|p1a: Lopunny|evasion|1\n|-sideend|p2: ytte|Stealth Rock|[from] move: Defog|[of] p2a: Mandibuzz\n|\n|-damage|p2a: Mandibuzz|132/322 brn|[from] brn\n|upkeep\n|turn|15\n|\n|t:|1770577831\n|detailschange|p1a: Lopunny|Lopunny-Mega, L77, M\n|-mega|p1a: Lopunny|Lopunny|Lopunnite\n|move|p1a: Lopunny|Encore|p2a: Mandibuzz\n|-start|p2a: Mandibuzz|Encore\n|move|p2a: Mandibuzz|Defog|p1a: Lopunny\n|-unboost|p1a: Lopunny|evasion|1\n|\n|-damage|p2a: Mandibuzz|112/322 brn|[from] brn\n|upkeep\n|turn|16\n|\n|t:|1770577857\n|switch|p1a: Nidoqueen|Nidoqueen, L83, F|109/285\n|switch|p2a: Bronzong|Bronzong, L86|255/255\n|\n|upkeep\n|turn|17\n|\n|t:|1770577861\n|move|p1a: Nidoqueen|Stealth Rock|p2a: Bronzong\n|-sidestart|p2: ytte|move: Stealth Rock\n|move|p2a: Bronzong|Psychic|p1a: Nidoqueen\n|-supereffective|p1a: Nidoqueen\n|-damage|p1a: Nidoqueen|0 fnt\n|faint|p1a: Nidoqueen\n|\n|upkeep\n|\n|t:|1770577864\n|switch|p1a: Ho-Oh|Ho-Oh, L72|272/272\n|turn|18\n|\n|t:|1770577871\n|move|p1a: Ho-Oh|Sacred Fire|p2a: Bronzong\n|-supereffective|p2a: Bronzong\n|-damage|p2a: Bronzong|87/255\n|move|p2a: Bronzong|Toxic|p1a: Ho-Oh|[miss]\n|-miss|p2a: Bronzong|p1a: Ho-Oh\n|\n|-heal|p2a: Bronzong|102/255|[from] item: Leftovers\n|upkeep\n|turn|19\n|\n|t:|1770577879\n|switch|p2a: Mandibuzz|Mandibuzz, L84, F|112/322 brn\n|-damage|p2a: Mandibuzz|32/322 brn|[from] Stealth Rock\n|move|p1a: Ho-Oh|Sacred Fire|p2a: Mandibuzz\n|-damage|p2a: Mandibuzz|0 fnt\n|faint|p2a: Mandibuzz\n|\n|upkeep\n|\n|t:|1770577888\n|switch|p2a: Plusle|Plusle, L95, M|268/268\n|-damage|p2a: Plusle|235/268|[from] Stealth Rock\n|turn|20\n|\n|t:|1770577898\n|switch|p1a: Persian|Persian, L93, F|272/272\n|move|p2a: Plusle|Thunderbolt|p1a: Persian\n|-damage|p1a: Persian|112/272\n|-damage|p2a: Plusle|209/268|[from] item: Life Orb\n|\n|upkeep\n|turn|21\n|\n|t:|1770577904\n|move|p1a: Persian|Fake Out|p2a: Plusle\n|-damage|p2a: Plusle|100/268\n|cant|p2a: Plusle|flinch\n|\n|upkeep\n|turn|22\n|\n|t:|1770577910\n|move|p1a: Persian|Return|p2a: Plusle\n|-damage|p2a: Plusle|0 fnt\n|faint|p2a: Plusle\n|\n|upkeep\n|\n|t:|1770577923\n|switch|p2a: Bronzong|Bronzong, L86|102/255\n|-damage|p2a: Bronzong|87/255|[from] Stealth Rock\n|turn|23\n|\n|t:|1770577926\n|move|p1a: Persian|Knock Off|p2a: Bronzong\n|-supereffective|p2a: Bronzong\n|-damage|p2a: Bronzong|0 fnt\n|-enditem|p2a: Bronzong|Leftovers|[from] move: Knock Off|[of] p1a: Persian\n|faint|p2a: Bronzong\n|\n|upkeep\n|\n|t:|1770577933\n|switch|p2a: Regice|Regice, L87|281/281\n|-damage|p2a: Regice|211/281|[from] Stealth Rock\n|turn|24\n|\n|t:|1770577936\n|move|p1a: Persian|U-turn|p2a: Regice\n|-damage|p2a: Regice|172/281\n|\n|t:|1770577939\n|switch|p1a: Ho-Oh|Ho-Oh, L72|272/272|[from] U-turn\n|move|p2a: Regice|Rock Polish|p2a: Regice\n|-boost|p2a: Regice|spe|2\n|\n|upkeep\n|turn|25\n|\n|t:|1770577952\n|move|p2a: Regice|Thunderbolt|p1a: Ho-Oh\n|-supereffective|p1a: Ho-Oh\n|-damage|p1a: Ho-Oh|166/272\n|-status|p1a: Ho-Oh|par\n|move|p1a: Ho-Oh|Brave Bird|p2a: Regice\n|-damage|p2a: Regice|61/281\n|-damage|p1a: Ho-Oh|129/272 par|[from] Recoil\n|\n|-heal|p1a: Ho-Oh|146/272 par|[from] item: Leftovers\n|upkeep\n|turn|26\n|\n|t:|1770577960\n|move|p2a: Regice|Thunderbolt|p1a: Ho-Oh\n|-supereffective|p1a: Ho-Oh\n|-damage|p1a: Ho-Oh|36/272 par\n|cant|p1a: Ho-Oh|par\n|\n|-heal|p1a: Ho-Oh|53/272 par|[from] item: Leftovers\n|upkeep\n|turn|27\n|\n|t:|1770577964\n|switch|p1a: Deoxys|Deoxys-Defense, L85|182/224 tox\n|-ability|p1a: Deoxys|Pressure\n|move|p2a: Regice|Thunderbolt|p1a: Deoxys\n|-damage|p1a: Deoxys|140/224 tox\n|\n|-heal|p1a: Deoxys|154/224 tox|[from] item: Leftovers\n|-damage|p1a: Deoxys|140/224 tox|[from] psn\n|upkeep\n|turn|28\n|\n|t:|1770577969\n|move|p2a: Regice|Ice Beam|p1a: Deoxys\n|-damage|p1a: Deoxys|74/224 tox\n|move|p1a: Deoxys|Focus Blast|p2a: Regice\n|-supereffective|p2a: Regice\n|-damage|p2a: Regice|0 fnt\n|faint|p2a: Regice\n|\n|-heal|p1a: Deoxys|88/224 tox|[from] item: Leftovers\n|-damage|p1a: Deoxys|60/224 tox|[from] psn\n|upkeep\n|\n|t:|1770577975\n|switch|p2a: Gothitelle|Gothitelle, L91, M|275/275\n|-damage|p2a: Gothitelle|241/275|[from] Stealth Rock\n|turn|29\n|\n|t:|1770577980\n|move|p1a: Deoxys|Psychic|p2a: Gothitelle\n|-resisted|p2a: Gothitelle\n|-damage|p2a: Gothitelle|212/275\n|move|p2a: Gothitelle|Calm Mind|p2a: Gothitelle\n|-boost|p2a: Gothitelle|spa|1\n|-boost|p2a: Gothitelle|spd|1\n|\n|-heal|p1a: Deoxys|74/224 tox|[from] item: Leftovers\n|-heal|p2a: Gothitelle|229/275|[from] item: Leftovers\n|-damage|p1a: Deoxys|32/224 tox|[from] psn\n|upkeep\n|turn|30\n|\n|t:|1770577982\n|move|p1a: Deoxys|Psychic|p2a: Gothitelle\n|-resisted|p2a: Gothitelle\n|-damage|p2a: Gothitelle|209/275\n|move|p2a: Gothitelle|Calm Mind|p2a: Gothitelle\n|-boost|p2a: Gothitelle|spa|1\n|-boost|p2a: Gothitelle|spd|1\n|\n|-heal|p1a: Deoxys|46/224 tox|[from] item: Leftovers\n|-heal|p2a: Gothitelle|226/275|[from] item: Leftovers\n|-damage|p1a: Deoxys|0 fnt|[from] psn\n|faint|p1a: Deoxys\n|upkeep\n|\n|t:|1770577986\n|switch|p1a: Persian|Persian, L93, F|112/272\n|turn|31\n|\n|t:|1770577988\n|move|p1a: Persian|Fake Out|p2a: Gothitelle\n|-damage|p2a: Gothitelle|165/275\n|cant|p2a: Gothitelle|flinch\n|\n|-heal|p2a: Gothitelle|182/275|[from] item: Leftovers\n|upkeep\n|turn|32\n|\n|t:|1770577991\n|move|p1a: Persian|U-turn|p2a: Gothitelle\n|-supereffective|p2a: Gothitelle\n|-damage|p2a: Gothitelle|100/275\n|\n|t:|1770577993\n|switch|p1a: Lopunny|Lopunny-Mega, L77, M|227/227|[from] U-turn\n|move|p2a: Gothitelle|Hidden Power|p1a: Lopunny\n|-supereffective|p1a: Lopunny\n|-damage|p1a: Lopunny|37/227\n|\n|-heal|p2a: Gothitelle|117/275|[from] item: Leftovers\n|upkeep\n|turn|33\n|\n|t:|1770578000\n|move|p1a: Lopunny|Return|p2a: Gothitelle\n|-damage|p2a: Gothitelle|9/275\n|move|p2a: Gothitelle|Hidden Power|p1a: Lopunny\n|-supereffective|p1a: Lopunny\n|-damage|p1a: Lopunny|0 fnt\n|faint|p1a: Lopunny\n|detailschange|p1: Lopunny|Lopunny, L77, M|[silent]\n|\n|-heal|p2a: Gothitelle|26/275|[from] item: Leftovers\n|upkeep\n|\n|t:|1770578003\n|switch|p1a: Persian|Persian, L93, F|112/272\n|turn|34\n|\n|t:|1770578005\n|move|p1a: Persian|Fake Out|p2a: Gothitelle\n|-damage|p2a: Gothitelle|0 fnt\n|faint|p2a: Gothitelle\n|\n|win|Aqua_Admin_Doggo\n|raw|Aqua_Admin_Doggo's rating: 1669 &rarr; <strong>1684</strong><br />(+15 for winning)\n|raw|ytte's rating: 1586 &rarr; <strong>1571</strong><br />(-15 for losing)\n|c|☆Aqua_Admin_Doggo|gg\n|l|☆ytte\n|player|p2|\n", "inputlog": ">version ccdc32dd7cde25fd9e4bed64820e885f66e78a4e\n>start {\"formatid\":\"gen7randombattle\",\"seed\":\"sodium,d787ba575b8d6ed33cf41c55fdb0c340\",\"rated\":\"Rated battle\"}\n>player p1 {\"name\":\"Aqua_Admin_Doggo\",\"avatar\":\"101\",\"rating\":1669,\"seed\":\"sodium,bfde2a509bc0bdda8bab8b68f698019e\"}\n>player p2 {\"name\":\"ytte\",\"avatar\":\"265\",\"rating\":1586,\"seed\":\"sodium,c9f5cd0faf58e9770b615a3aa9c8c95f\"}\n>p1 move stoneedge\n>p2 move foulplay\n>p1 move stoneedge\n>p2 switch 4\n>p1 move swordsdance\n>p2 move earthquake\n>p1 switch 5\n>p1 move nastyplot\n>p2 move toxic\n>p1 move psychic\n>p2 move toxic\n>p1 switch 2\n>p2 switch 3\n>p1 move stealthrock\n>p2 move psychic\n>p1 switch 2\n>p2 move psychic\n>p1 switch 3\n>p2 move ironhead\n>p1 move sacredfire\n>p2 switch 3\n>p1 move bravebird\n>p2 move stealthrock\n>p2 switch 4\n>p1 move bravebird\n>p2 move roost\n>p1 move sacredfire\n>p2 move roost\n>p1 switch 4\n>p2 move defog\n>p1 move encore mega\n>p2 move foulplay\n>p1 switch 2\n>p2 switch 3\n>p1 move stealthrock\n>p2 move psychic\n>p1 switch 4\n>p1 move sacredfire\n>p2 move toxic\n>p1 move sacredfire\n>p2 switch 3\n>p2 switch 6\n>p1 switch 6\n>p2 move thunderbolt\n>p1 move fakeout\n>p2 move thunderbolt\n>p1 move return\n>p2 move thunderbolt\n>p2 switch 3\n>p1 move knockoff\n>p2 move ironhead\n>p2 switch 2\n>p1 move uturn\n>p2 move rockpolish\n>p1 switch 6\n>p1 move bravebird\n>p2 move thunderbolt\n>p1 move sacredfire\n>p2 move thunderbolt\n>p1 switch 3\n>p2 move thunderbolt\n>p1 move focusblast\n>p2 move icebeam\n>p2 switch 5\n>p1 move psychic\n>p2 move calmmind\n>p1 move psychic\n>p2 move calmmind\n>p1 switch 6\n>p1 move fakeout\n>p2 move hiddenpower\n>p1 move uturn\n>p2 move hiddenpower\n>p1 switch 2\n>p1 move return\n>p2 move hiddenpower\n>p1 switch 2\n>p1 move fakeout\n>p2 move psychic", "uploadtime": 1770578017, "views": 198, "formatid": "gen7randombattle", "rating": 1571, "private": 0, "password": null}