{"id": "gen7randombattle-2523926296", "format": "[Gen 7] Random Battle", "players": ["Pp1254", "jwsj5852"], "log": "|j|☆Pp1254\n|j|☆jwsj5852\n|t:|1769091378\n|gametype|singles\n|player|p1|Pp1254|265|1736\n|player|p2|jwsj5852|caitlin|1612\n|gen|7\n|tier|[Gen 7] Random Battle\n|rated|\n|rule|Sleep Clause Mod: Limit one foe put to sleep\n|rule|HP Percentage Mod: HP is shown in percentages\n|rule|Illusion Level Mod: Illusion disguises the Pokémon's true level\n|\n|t:|1769091378\n|teamsize|p1|6\n|teamsize|p2|6\n|start\n|switch|p1a: Passimian|Passimian, L84, F|305/305\n|switch|p2a: Phione|Phione, L93|300/300\n|turn|1\n|inactive|Battle timer is ON: inactive players will automatically lose when time's up. (requested by jwsj5852)\n|inactive|Pp1254 has 120 seconds left.\n|\n|t:|1769091425\n|switch|p1a: Oricorio|Oricorio-Sensu, L89, M|278/278\n|move|p2a: Phione|Scald|p1a: Oricorio\n|-damage|p1a: Oricorio|182/278\n|\n|-heal|p1a: Oricorio|199/278|[from] item: Leftovers\n|upkeep\n|turn|2\n|\n|t:|1769091448\n|switch|p1a: Passimian|Passimian, L84, F|305/305\n|move|p2a: Phione|Ice Beam|p1a: Passimian\n|-damage|p1a: Passimian|215/305\n|\n|upkeep\n|turn|3\n|\n|t:|1769091457\n|move|p2a: Phione|Scald|p1a: Passimian\n|-damage|p1a: Passimian|106/305\n|-status|p1a: Passimian|brn\n|move|p1a: Passimian|Close Combat|p2a: Phione\n|-damage|p2a: Phione|201/300\n|-unboost|p1a: Passimian|def|1\n|-unboost|p1a: Passimian|spd|1\n|\n|-heal|p2a: Phione|219/300|[from] item: Leftovers\n|-damage|p1a: Passimian|87/305 brn|[from] brn\n|upkeep\n|turn|4\n|\n|t:|1769091471\n|switch|p1a: Oricorio|Oricorio-Sensu, L89, M|199/278\n|move|p2a: Phione|Ice Beam|p1a: Oricorio\n|-supereffective|p1a: Oricorio\n|-damage|p1a: Oricorio|43/278\n|\n|-heal|p1a: Oricorio|60/278|[from] item: Leftovers\n|-heal|p2a: Phione|237/300|[from] item: Leftovers\n|upkeep\n|turn|5\n|\n|t:|1769091479\n|move|p1a: Oricorio|Roost|p1a: Oricorio\n|-heal|p1a: Oricorio|199/278\n|-singleturn|p1a: Oricorio|move: Roost\n|move|p2a: Phione|U-turn|p1a: Oricorio\n|-resisted|p1a: Oricorio\n|-damage|p1a: Oricorio|172/278\n|\n|t:|1769091481\n|switch|p2a: Honchkrow|Honchkrow, L83, M|302/302|[from] U-turn\n|\n|-heal|p1a: Oricorio|189/278|[from] item: Leftovers\n|upkeep\n|turn|6\n|l|☆jwsj5852\n|inactive|jwsj5852 disconnected and has a minute to reconnect!\n|player|p2|\n|\n|t:|1769091489\n|switch|p1a: Passimian|Passimian, L84, F|87/305 brn\n|move|p2a: Honchkrow|Brave Bird|p1a: Passimian\n|-supereffective|p1a: Passimian\n|-damage|p1a: Passimian|0 fnt\n|faint|p1a: Passimian\n|-ability|p2a: Honchkrow|Moxie|boost\n|-boost|p2a: Honchkrow|atk|1\n|-damage|p2a: Honchkrow|273/302|[from] Recoil\n|-damage|p2a: Honchkrow|243/302|[from] item: Life Orb\n|\n|upkeep\n|j|☆jwsj5852\n|inactive|jwsj5852 reconnected.\n|player|p2|jwsj5852|caitlin|\n|\n|t:|1769091504\n|switch|p1a: Stakataka|Stakataka, L83|237/237\n|-item|p1a: Stakataka|Air Balloon\n|turn|7\n|\n|t:|1769091525\n|switch|p2a: Phione|Phione, L93|237/300\n|switch|p1a: Sandslash|Sandslash, L90, F|281/281\n|\n|-heal|p2a: Phione|255/300|[from] item: Leftovers\n|upkeep\n|turn|8\n|\n|t:|1769091533\n|switch|p1a: Oricorio|Oricorio-Sensu, L89, M|189/278\n|move|p2a: Phione|Scald|p1a: Oricorio\n|-damage|p1a: Oricorio|83/278\n|\n|-heal|p1a: Oricorio|100/278|[from] item: Leftovers\n|-heal|p2a: Phione|273/300|[from] item: Leftovers\n|upkeep\n|turn|9\n|\n|t:|1769091548\n|move|p1a: Oricorio|Roost|p1a: Oricorio\n|-heal|p1a: Oricorio|239/278\n|-singleturn|p1a: Oricorio|move: Roost\n|move|p2a: Phione|U-turn|p1a: Oricorio\n|-resisted|p1a: Oricorio\n|-damage|p1a: Oricorio|209/278\n|\n|t:|1769091561\n|switch|p2a: Durant|Durant, L80, M|224/224|[from] U-turn\n|\n|-heal|p1a: Oricorio|226/278|[from] item: Leftovers\n|upkeep\n|turn|10\n|\n|t:|1769091568\n|switch|p1a: Cofagrigus|Cofagrigus, L89, F|248/248\n|move|p2a: Durant|Iron Head|p1a: Cofagrigus\n|-damage|p1a: Cofagrigus|134/248\n|-ability|p2a: Durant|Mummy|Hustle|[from] ability: Mummy|[of] p1a: Cofagrigus\n|-activate|p1a: Cofagrigus|ability: Mummy|Hustle|[of] p2a: Durant\n|-damage|p2a: Durant|202/224|[from] item: Life Orb\n|\n|-heal|p1a: Cofagrigus|149/248|[from] item: Leftovers\n|upkeep\n|turn|11\n|\n|t:|1769091577\n|switch|p2a: Arbok|Arbok, L90, F|254/254\n|-ability|p2a: Arbok|Intimidate|boost\n|-unboost|p1a: Cofagrigus|atk|1\n|move|p1a: Cofagrigus|Will-O-Wisp|p2a: Arbok\n|-status|p2a: Arbok|brn\n|\n|-heal|p1a: Cofagrigus|164/248|[from] item: Leftovers\n|-damage|p2a: Arbok|239/254 brn|[from] brn\n|upkeep\n|turn|12\n|\n|t:|1769091587\n|switch|p2a: Pangoro|Pangoro, L86, M|304/304\n|move|p1a: Cofagrigus|Toxic Spikes|p2a: Pangoro\n|-sidestart|p2: jwsj5852|move: Toxic Spikes\n|\n|-heal|p1a: Cofagrigus|179/248|[from] item: Leftovers\n|upkeep\n|turn|13\n|\n|t:|1769091608\n|switch|p1a: Volcarona|Volcarona, L76, F|253/253\n|move|p2a: Pangoro|Knock Off|p1a: Volcarona\n|-damage|p1a: Volcarona|70/253\n|-status|p2a: Pangoro|brn|[from] ability: Flame Body|[of] p1a: Volcarona\n|\n|-damage|p2a: Pangoro|285/304 brn|[from] brn\n|upkeep\n|turn|14\n|inactive|Pp1254 has 120 seconds left.\n|inactive|jwsj5852 has 120 seconds left.\n|\n|t:|1769091647\n|switch|p1a: Sandslash|Sandslash, L90, F|281/281\n|move|p2a: Pangoro|Knock Off|p1a: Sandslash\n|-damage|p1a: Sandslash|210/281\n|-enditem|p1a: Sandslash|Leftovers|[from] move: Knock Off|[of] p2a: Pangoro\n|\n|-damage|p2a: Pangoro|266/304 brn|[from] brn\n|upkeep\n|turn|15\n|inactive|Pp1254 has 120 seconds left.\n|inactive|jwsj5852 has 120 seconds left.\n|\n|t:|1769091658\n|switch|p2a: Phione|Phione, L93|273/300\n|-status|p2a: Phione|psn\n|move|p1a: Sandslash|Stealth Rock|p2a: Phione\n|-sidestart|p2: jwsj5852|move: Stealth Rock\n|\n|-heal|p2a: Phione|291/300 psn|[from] item: Leftovers\n|-damage|p2a: Phione|254/300 psn|[from] psn\n|upkeep\n|turn|16\n|\n|t:|1769091664\n|switch|p1a: Oricorio|Oricorio-Sensu, L89, M|226/278\n|move|p2a: Phione|Heal Bell|p2a: Phione\n|-activate|p2a: Phione|move: Heal Bell\n|-curestatus|p2a: Phione|psn|[msg]\n|-curestatus|p2: Arbok|brn|[msg]\n|-curestatus|p2: Pangoro|brn|[msg]\n|\n|-heal|p1a: Oricorio|243/278|[from] item: Leftovers\n|-heal|p2a: Phione|272/300|[from] item: Leftovers\n|upkeep\n|turn|17\n|inactive|Pp1254 has 120 seconds left.\n|\n|t:|1769091688\n|move|p1a: Oricorio|Hurricane|p2a: Phione\n|-damage|p2a: Phione|149/300\n|move|p2a: Phione|Ice Beam|p1a: Oricorio\n|-supereffective|p1a: Oricorio\n|-damage|p1a: Oricorio|91/278\n|\n|-heal|p1a: Oricorio|108/278|[from] item: Leftovers\n|-heal|p2a: Phione|167/300|[from] item: Leftovers\n|upkeep\n|turn|18\n|inactive|Pp1254 has 120 seconds left.\n|\n|t:|1769091696\n|move|p1a: Oricorio|Roost|p1a: Oricorio\n|-heal|p1a: Oricorio|247/278\n|-singleturn|p1a: Oricorio|move: Roost\n|move|p2a: Phione|U-turn|p1a: Oricorio\n|-resisted|p1a: Oricorio\n|-damage|p1a: Oricorio|215/278\n|\n|t:|1769091698\n|switch|p2a: Durant|Durant, L80, M|202/224|[from] U-turn\n|-damage|p2a: Durant|174/224|[from] Stealth Rock\n|\n|-heal|p1a: Oricorio|232/278|[from] item: Leftovers\n|upkeep\n|turn|19\n|inactive|Pp1254 has 120 seconds left.\n|\n|t:|1769091714\n|switch|p1a: Volcarona|Volcarona, L76, F|70/253\n|move|p2a: Durant|Hone Claws|p2a: Durant\n|-boost|p2a: Durant|atk|1\n|-boost|p2a: Durant|accuracy|1\n|\n|upkeep\n|turn|20\n|inactive|Pp1254 has 120 seconds left.\n|\n|t:|1769091725\n|move|p2a: Durant|Rock Slide|p1a: Volcarona\n|-supereffective|p1a: Volcarona\n|-damage|p1a: Volcarona|0 fnt\n|faint|p1a: Volcarona\n|-damage|p2a: Durant|152/224|[from] item: Life Orb\n|\n|upkeep\n|inactive|Pp1254 has 120 seconds left.\n|\n|t:|1769091734\n|switch|p1a: Stakataka|Stakataka, L83|237/237\n|-item|p1a: Stakataka|Air Balloon\n|turn|21\n|\n|t:|1769091740\n|move|p2a: Durant|Superpower|p1a: Stakataka\n|-supereffective|p1a: Stakataka\n|-damage|p1a: Stakataka|0 fnt\n|-unboost|p2a: Durant|atk|1\n|-unboost|p2a: Durant|def|1\n|-enditem|p1a: Stakataka|Air Balloon\n|faint|p1a: Stakataka\n|-damage|p2a: Durant|130/224|[from] item: Life Orb\n|\n|upkeep\n|\n|t:|1769091747\n|switch|p1a: Sandslash|Sandslash, L90, F|210/281\n|turn|22\n|\n|t:|1769091761\n|switch|p2a: Tauros|Tauros, L84, M|263/263\n|-status|p2a: Tauros|psn\n|-damage|p2a: Tauros|231/263 psn|[from] Stealth Rock\n|-ability|p2a: Tauros|Intimidate|boost\n|-unboost|p1a: Sandslash|atk|1\n|move|p1a: Sandslash|Earthquake|p2a: Tauros\n|-damage|p2a: Tauros|147/263 psn\n|\n|-damage|p2a: Tauros|115/263 psn|[from] psn\n|upkeep\n|turn|23\n|\n|t:|1769091784\n|switch|p1a: Oricorio|Oricorio-Sensu, L89, M|232/278\n|move|p2a: Tauros|Earthquake|p1a: Oricorio\n|-immune|p1a: Oricorio\n|\n|-heal|p1a: Oricorio|249/278|[from] item: Leftovers\n|-damage|p2a: Tauros|83/263 psn|[from] psn\n|upkeep\n|turn|24\n|\n|t:|1769091798\n|move|p2a: Tauros|Earthquake|p1a: Oricorio\n|-immune|p1a: Oricorio\n|move|p1a: Oricorio|Calm Mind|p1a: Oricorio\n|-boost|p1a: Oricorio|spa|1\n|-boost|p1a: Oricorio|spd|1\n|\n|-heal|p1a: Oricorio|266/278|[from] item: Leftovers\n|-damage|p2a: Tauros|51/263 psn|[from] psn\n|upkeep\n|turn|25\n|\n|t:|1769091802\n|move|p2a: Tauros|Earthquake|p1a: Oricorio\n|-immune|p1a: Oricorio\n|move|p1a: Oricorio|Calm Mind|p1a: Oricorio\n|-boost|p1a: Oricorio|spa|1\n|-boost|p1a: Oricorio|spd|1\n|\n|-heal|p1a: Oricorio|278/278|[from] item: Leftovers\n|-damage|p2a: Tauros|19/263 psn|[from] psn\n|upkeep\n|turn|26\n|\n|t:|1769091809\n|move|p2a: Tauros|Earthquake|p1a: Oricorio\n|-immune|p1a: Oricorio\n|move|p1a: Oricorio|Calm Mind|p1a: Oricorio\n|-boost|p1a: Oricorio|spa|1\n|-boost|p1a: Oricorio|spd|1\n|\n|-damage|p2a: Tauros|0 fnt|[from] psn\n|faint|p2a: Tauros\n|upkeep\n|\n|t:|1769091811\n|switch|p2a: Honchkrow|Honchkrow, L83, M|243/302\n|-damage|p2a: Honchkrow|168/302|[from] Stealth Rock\n|turn|27\n|\n|t:|1769091820\n|move|p2a: Honchkrow|Sucker Punch|p1a: Oricorio\n|-supereffective|p1a: Oricorio\n|-damage|p1a: Oricorio|10/278\n|-damage|p2a: Honchkrow|138/302|[from] item: Life Orb\n|move|p1a: Oricorio|Hurricane|p2a: Honchkrow\n|-damage|p2a: Honchkrow|0 fnt\n|faint|p2a: Honchkrow\n|\n|-heal|p1a: Oricorio|27/278|[from] item: Leftovers\n|upkeep\n|\n|t:|1769091823\n|switch|p2a: Durant|Durant, L80, M|130/224\n|-damage|p2a: Durant|102/224|[from] Stealth Rock\n|turn|28\n|\n|t:|1769091842\n|switch|p1a: Cofagrigus|Cofagrigus, L89, F|179/248\n|move|p2a: Durant|Iron Head|p1a: Cofagrigus\n|-damage|p1a: Cofagrigus|76/248\n|-ability|p2a: Durant|Mummy|Hustle|[from] ability: Mummy|[of] p1a: Cofagrigus\n|-activate|p1a: Cofagrigus|ability: Mummy|Hustle|[of] p2a: Durant\n|-damage|p2a: Durant|80/224|[from] item: Life Orb\n|\n|-heal|p1a: Cofagrigus|91/248|[from] item: Leftovers\n|upkeep\n|turn|29\n|\n|t:|1769091865\n|move|p2a: Durant|Iron Head|p1a: Cofagrigus\n|-damage|p1a: Cofagrigus|16/248\n|-damage|p2a: Durant|58/224|[from] item: Life Orb\n|move|p1a: Cofagrigus|Will-O-Wisp|p2a: Durant\n|-status|p2a: Durant|brn\n|\n|-heal|p1a: Cofagrigus|31/248|[from] item: Leftovers\n|-damage|p2a: Durant|44/224 brn|[from] brn\n|upkeep\n|turn|30\n|\n|t:|1769091877\n|move|p2a: Durant|Iron Head|p1a: Cofagrigus\n|-damage|p1a: Cofagrigus|0 fnt\n|faint|p1a: Cofagrigus\n|-damage|p2a: Durant|22/224 brn|[from] item: Life Orb\n|\n|-damage|p2a: Durant|8/224 brn|[from] brn\n|upkeep\n|\n|t:|1769091884\n|switch|p1a: Oricorio|Oricorio-Sensu, L89, M|27/278\n|turn|31\n|\n|t:|1769091891\n|switch|p1a: Sandslash|Sandslash, L90, F|210/281\n|move|p2a: Durant|Iron Head|p1a: Sandslash\n|-damage|p1a: Sandslash|168/281\n|-damage|p2a: Durant|0 fnt|[from] item: Life Orb\n|faint|p2a: Durant\n|\n|upkeep\n|\n|t:|1769091896\n|switch|p2a: Phione|Phione, L93|167/300\n|-status|p2a: Phione|psn\n|-damage|p2a: Phione|130/300 psn|[from] Stealth Rock\n|turn|32\n|\n|t:|1769091905\n|move|p2a: Phione|U-turn|p1a: Sandslash\n|-damage|p1a: Sandslash|127/281\n|\n|t:|1769091907\n|switch|p2a: Arbok|Arbok, L90, F|239/254|[from] U-turn\n|-sideend|p2: jwsj5852|move: Toxic Spikes|[of] p2a: Arbok\n|-damage|p2a: Arbok|208/254|[from] Stealth Rock\n|-ability|p2a: Arbok|Intimidate|boost\n|-unboost|p1a: Sandslash|atk|1\n|move|p1a: Sandslash|Earthquake|p2a: Arbok\n|-supereffective|p2a: Arbok\n|-damage|p2a: Arbok|10/254\n|\n|upkeep\n|turn|33\n|\n|t:|1769091915\n|move|p2a: Arbok|Earthquake|p1a: Sandslash\n|-damage|p1a: Sandslash|40/281\n|-damage|p2a: Arbok|0 fnt|[from] item: Life Orb\n|faint|p2a: Arbok\n|move|p1a: Sandslash|Knock Off|p2: Arbok|[notarget]\n|-fail|p1a: Sandslash\n|\n|upkeep\n|\n|t:|1769091918\n|switch|p2a: Pangoro|Pangoro, L86, M|266/304\n|-damage|p2a: Pangoro|247/304|[from] Stealth Rock\n|turn|34\n|\n|t:|1769091923\n|move|p2a: Pangoro|Bullet Punch|p1a: Sandslash\n|-damage|p1a: Sandslash|0 fnt\n|faint|p1a: Sandslash\n|\n|upkeep\n|\n|t:|1769091926\n|switch|p1a: Oricorio|Oricorio-Sensu, L89, M|27/278\n|turn|35\n|\n|t:|1769091929\n|move|p2a: Pangoro|Bullet Punch|p1a: Oricorio\n|-damage|p1a: Oricorio|0 fnt\n|faint|p1a: Oricorio\n|\n|win|jwsj5852\n|raw|Pp1254's rating: 1736 &rarr; <strong>1709</strong><br />(-27 for losing)\n|raw|jwsj5852's rating: 1612 &rarr; <strong>1639</strong><br />(+27 for winning)\n|c|☆jwsj5852|gg\n|l|☆Pp1254\n|player|p1|\n", "inputlog": ">version dd3d52b8382d73d1dd2c67730c4067df325ab790\n>start {\"formatid\":\"gen7randombattle\",\"seed\":\"sodium,09ec3615caff21fc3bd33d0c19dc3b8d\",\"rated\":\"Rated battle\"}\n>player p1 {\"name\":\"Pp1254\",\"avatar\":\"265\",\"rating\":1736,\"seed\":\"sodium,b3afb3e24ad8f92a0181461ffaf2de02\"}\n>player p2 {\"name\":\"jwsj5852\",\"avatar\":\"caitlin\",\"rating\":1612,\"seed\":\"sodium,823cc745346450efdc9df06a7941ae6e\"}\n>p1 switch 6\n>p2 move scald\n>p1 switch 6\n>p2 move icebeam\n>p1 move closecombat\n>p2 move scald\n>p1 switch 6\n>p2 move icebeam\n>p1 move roost\n>p2 move uturn\n>p2 switch 6\n>p1 switch 6\n>p2 move bravebird\n>p1 switch 3\n>p1 switch 5\n>p2 switch 6\n>p1 switch 6\n>p2 move scald\n>p1 move roost\n>p2 move uturn\n>p2 switch 5\n>p1 switch 4\n>p2 move ironhead\n>p1 move willowisp\n>p2 switch 2\n>p1 move toxicspikes\n>p2 switch 4\n>p1 switch 2\n>p2 move knockoff\n>p1 switch 6\n>p2 move knockoff\n>p1 move stealthrock\n>p2 switch 5\n>p1 switch 4\n>p2 move healbell\n>p1 move hurricane\n>p2 move icebeam\n>p1 move roost\n>p2 move uturn\n>p2 switch 2\n>p1 switch 6\n>p2 move honeclaws\n>p1 move fireblast zmove\n>p2 move rockslide\n>p1 switch 5\n>p1 move trickroom\n>p2 move superpower\n>p1 switch 4\n>p1 move earthquake\n>p2 switch 3\n>p1 switch 6\n>p2 move earthquake\n>p1 move calmmind\n>p2 move earthquake\n>p1 move calmmind\n>p2 move earthquake\n>p1 move calmmind\n>p2 move earthquake\n>p2 switch 6\n>p1 move hurricane\n>p2 move suckerpunch\n>p2 switch 3\n>p1 switch 2\n>p2 move ironhead\n>p1 move willowisp\n>p2 move ironhead\n>p1 move shadowball\n>p2 move ironhead\n>p1 switch 2\n>p1 switch 6\n>p2 move ironhead\n>p2 switch 2\n>p1 move earthquake\n>p2 move uturn\n>p2 switch 4\n>p1 move knockoff\n>p2 move earthquake\n>p2 switch 5\n>p1 move earthquake\n>p2 move bulletpunch\n>p1 switch 6\n>p1 move roost\n>p2 move bulletpunch", "uploadtime": 1769091953, "views": 162, "formatid": "gen7randombattle", "rating": 1639, "private": 0, "password": null}