{"id": "gen7randombattle-2539020251", "format": "[Gen 7] Random Battle", "players": ["Meuby Law", "WrongerZebra393"], "log": "|j|☆Meuby Law\n|j|☆WrongerZebra393\n|t:|1771003521\n|gametype|singles\n|player|p1|Meuby Law|hau-stance|1623\n|player|p2|WrongerZebra393|cheren-gen5bw2|1626\n|gen|7\n|tier|[Gen 7] Random Battle\n|rated|\n|rule|Sleep Clause Mod: Limit one foe put to sleep\n|rule|HP Percentage Mod: HP is shown in percentages\n|rule|Illusion Level Mod: Illusion disguises the Pokémon's true level\n|\n|t:|1771003521\n|teamsize|p1|6\n|teamsize|p2|6\n|start\n|switch|p1a: Decidueye|Decidueye, L87, F|277/277\n|switch|p2a: Liepard|Liepard, L91, M|264/264\n|turn|1\n|inactive|Battle timer is ON: inactive players will automatically lose when time's up. (requested by WrongerZebra393)\n|\n|t:|1771003532\n|switch|p1a: Magearna|Magearna, L77|250/250\n|move|p2a: Liepard|Knock Off|p1a: Magearna\n|-resisted|p1a: Magearna\n|-damage|p1a: Magearna|207/250\n|-damage|p2a: Liepard|238/264|[from] item: Life Orb\n|\n|upkeep\n|turn|2\n|\n|t:|1771003541\n|switch|p2a: Moltres|Moltres, L82|281/281\n|move|p1a: Magearna|Calm Mind|p1a: Magearna\n|-boost|p1a: Magearna|spa|1\n|-boost|p1a: Magearna|spd|1\n|\n|upkeep\n|turn|3\n|\n|t:|1771003550\n|move|p2a: Moltres|Fire Blast|p1a: Magearna\n|-supereffective|p1a: Magearna\n|-damage|p1a: Magearna|43/250\n|move|p1a: Magearna|Calm Mind|p1a: Magearna\n|-boost|p1a: Magearna|spa|1\n|-boost|p1a: Magearna|spd|1\n|\n|upkeep\n|turn|4\n|\n|t:|1771003554\n|move|p2a: Moltres|Fire Blast|p1a: Magearna|[miss]\n|-miss|p2a: Moltres|p1a: Magearna\n|move|p1a: Magearna|Shift Gear|p1a: Magearna\n|-boost|p1a: Magearna|spe|2\n|-boost|p1a: Magearna|atk|1\n|\n|upkeep\n|turn|5\n|\n|t:|1771003557\n|-zpower|p1a: Magearna\n|move|p1a: Magearna|Twinkle Tackle|p2a: Moltres|[zeffect]\n|-resisted|p2a: Moltres\n|-damage|p2a: Moltres|67/281\n|move|p2a: Moltres|Fire Blast|p1a: Magearna|[miss]\n|-miss|p2a: Moltres|p1a: Magearna\n|\n|-heal|p2a: Moltres|84/281|[from] item: Leftovers\n|upkeep\n|turn|6\n|c|☆WrongerZebra393|bruh\n|\n|t:|1771003564\n|move|p1a: Magearna|Fleur Cannon|p2a: Moltres\n|-resisted|p2a: Moltres\n|-damage|p2a: Moltres|0 fnt\n|-unboost|p1a: Magearna|spa|2\n|faint|p2a: Moltres\n|-ability|p1a: Magearna|Soul-Heart|boost\n|-boost|p1a: Magearna|spa|1\n|\n|upkeep\n|\n|t:|1771003573\n|switch|p2a: Tauros|Tauros, L84, M|263/263\n|-ability|p2a: Tauros|Intimidate|boost\n|-unboost|p1a: Magearna|atk|1\n|turn|7\n|\n|t:|1771003577\n|move|p1a: Magearna|Fleur Cannon|p2a: Tauros\n|-damage|p2a: Tauros|28/263\n|-unboost|p1a: Magearna|spa|2\n|move|p2a: Tauros|Earthquake|p1a: Magearna\n|-supereffective|p1a: Magearna\n|-damage|p1a: Magearna|0 fnt\n|faint|p1a: Magearna\n|\n|upkeep\n|\n|t:|1771003590\n|switch|p1a: Swoobat|Swoobat, L88, F|261/261\n|turn|8\n|\n|t:|1771003596\n|switch|p2a: Liepard|Liepard, L91, M|238/264\n|move|p1a: Swoobat|Air Slash|p2a: Liepard\n|-damage|p2a: Liepard|112/264\n|-damage|p1a: Swoobat|235/261|[from] item: Life Orb\n|\n|upkeep\n|turn|9\n|\n|t:|1771003615\n|switch|p1a: Electivire|Electivire, L86, M|269/269\n|move|p2a: Liepard|Thunder Wave|p1a: Electivire\n|-ability|p1a: Electivire|Motor Drive|boost\n|-boost|p1a: Electivire|spe|1\n|\n|upkeep\n|turn|10\n|\n|t:|1771003618\n|switch|p2a: Rhydon|Rhydon, L85, F|317/317\n|move|p1a: Electivire|Wild Charge|p2a: Rhydon\n|-ability|p2a: Rhydon|Lightning Rod|boost\n|-boost|p2a: Rhydon|spa|1\n|\n|upkeep\n|turn|11\n|\n|t:|1771003628\n|switch|p1a: Decidueye|Decidueye, L87, F|277/277\n|switch|p2a: Liepard|Liepard, L91, M|112/264\n|\n|upkeep\n|turn|12\n|\n|t:|1771003631\n|move|p2a: Liepard|Knock Off|p1a: Decidueye\n|-supereffective|p1a: Decidueye\n|-damage|p1a: Decidueye|0 fnt\n|-enditem|p1a: Decidueye|Leftovers|[from] move: Knock Off|[of] p2a: Liepard\n|faint|p1a: Decidueye\n|-damage|p2a: Liepard|86/264|[from] item: Life Orb\n|\n|upkeep\n|\n|t:|1771003635\n|switch|p1a: Electivire|Electivire, L86, M|269/269\n|turn|13\n|\n|t:|1771003640\n|move|p2a: Liepard|Knock Off|p1a: Electivire\n|-damage|p1a: Electivire|100/269\n|-enditem|p1a: Electivire|Life Orb|[from] move: Knock Off|[of] p2a: Liepard\n|-damage|p2a: Liepard|60/264|[from] item: Life Orb\n|move|p1a: Electivire|Cross Chop|p2a: Liepard\n|-supereffective|p2a: Liepard\n|-damage|p2a: Liepard|0 fnt\n|faint|p2a: Liepard\n|\n|upkeep\n|\n|t:|1771003644\n|switch|p2a: Tauros|Tauros, L84, M|28/263\n|-ability|p2a: Tauros|Intimidate|boost\n|-unboost|p1a: Electivire|atk|1\n|turn|14\n|\n|t:|1771003653\n|move|p2a: Tauros|Stone Edge|p1a: Electivire\n|-damage|p1a: Electivire|0 fnt\n|faint|p1a: Electivire\n|\n|upkeep\n|\n|t:|1771003655\n|switch|p1a: Swoobat|Swoobat, L88, F|235/261\n|turn|15\n|\n|t:|1771003659\n|switch|p2a: Lunatone|Lunatone, L93|318/318\n|move|p1a: Swoobat|Stored Power|p2a: Lunatone\n|-resisted|p2a: Lunatone\n|-damage|p2a: Lunatone|305/318\n|-damage|p1a: Swoobat|209/261|[from] item: Life Orb\n|\n|upkeep\n|turn|16\n|\n|t:|1771003665\n|move|p1a: Swoobat|Calm Mind|p1a: Swoobat\n|-boost|p1a: Swoobat|spa|2\n|-boost|p1a: Swoobat|spd|2\n|move|p2a: Lunatone|Moonblast|p1a: Swoobat\n|-damage|p1a: Swoobat|141/261\n|-damage|p2a: Lunatone|274/318|[from] item: Life Orb\n|\n|upkeep\n|turn|17\n|\n|t:|1771003668\n|switch|p2a: Rhydon|Rhydon, L85, F|317/317\n|move|p1a: Swoobat|Calm Mind|p1a: Swoobat\n|-boost|p1a: Swoobat|spa|2\n|-boost|p1a: Swoobat|spd|2\n|\n|upkeep\n|turn|18\n|\n|t:|1771003671\n|move|p1a: Swoobat|Stored Power|p2a: Rhydon\n|-damage|p2a: Rhydon|0 fnt\n|faint|p2a: Rhydon\n|-damage|p1a: Swoobat|115/261|[from] item: Life Orb\n|\n|upkeep\n|\n|t:|1771003678\n|switch|p2a: Lunatone|Lunatone, L93|274/318\n|turn|19\n|\n|t:|1771003681\n|move|p1a: Swoobat|Roost|p1a: Swoobat\n|-heal|p1a: Swoobat|246/261\n|-singleturn|p1a: Swoobat|move: Roost\n|move|p2a: Lunatone|Moonlight|p2a: Lunatone\n|-heal|p2a: Lunatone|318/318\n|\n|upkeep\n|turn|20\n|-message|WrongerZebra393 forfeited.\n|\n|win|Meuby Law\n|raw|Meuby Law's rating: 1623 &rarr; <strong>1643</strong><br />(+20 for winning)\n|raw|WrongerZebra393's rating: 1626 &rarr; <strong>1606</strong><br />(-20 for losing)\n|l|☆WrongerZebra393\n|player|p2|\n", "inputlog": ">version ccdc32dd7cde25fd9e4bed64820e885f66e78a4e\n>start {\"formatid\":\"gen7randombattle\",\"seed\":\"sodium,716a4f9223ade0ff5c75a08a8046113c\",\"rated\":\"Rated battle\"}\n>player p1 {\"name\":\"Meuby Law\",\"avatar\":\"hau-stance\",\"rating\":1623,\"seed\":\"sodium,74f0adda34019f6da8567346855b012a\"}\n>player p2 {\"name\":\"WrongerZebra393\",\"avatar\":\"cheren-gen5bw2\",\"rating\":1626,\"seed\":\"sodium,7edb19defcdcf1c5968051896ea97547\"}\n>p1 switch 5\n>p2 move knockoff\n>p1 move calmmind\n>p2 switch 5\n>p1 move calmmind\n>p2 move fireblast\n>p1 move shiftgear\n>p2 move fireblast\n>p1 move fleurcannon zmove\n>p2 move fireblast\n>chat ☆WrongerZebra393|bruh\n>p1 move fleurcannon\n>p2 move fireblast\n>p2 switch 4\n>p1 move fleurcannon\n>p2 move earthquake\n>p1 switch 3\n>p1 move airslash\n>p2 switch 5\n>p1 switch 2\n>p2 move thunderwave\n>p1 move wildcharge\n>p2 switch 3\n>p1 switch 5\n>p2 switch 3\n>p1 move leafstorm\n>p2 move knockoff\n>p1 switch 5\n>p1 move crosschop\n>p2 move knockoff\n>p2 switch 5\n>p1 move crosschop\n>p2 move stoneedge\n>p1 switch 2\n>p1 move storedpower\n>p2 switch 6\n>p1 move calmmind\n>p2 move moonblast\n>p1 move calmmind\n>p2 switch 3\n>p1 move storedpower\n>p2 move stoneedge\n>p2 switch 3\n>p1 move roost\n>p2 move moonlight\n>forcelose p2", "uploadtime": 1771003685, "views": 191, "formatid": "gen7randombattle", "rating": 1606, "private": 0, "password": null}