{"id": "gen7randombattle-2529548134", "format": "[Gen 7] Random Battle", "players": ["roym49", "aurora ltd"], "log": "|j|☆roym49\n|j|☆aurora ltd\n|t:|1769797803\n|gametype|singles\n|player|p1|roym49|n|1519\n|player|p2|aurora ltd|silver-gen2kanto|1540\n|gen|7\n|tier|[Gen 7] Random Battle\n|rated|\n|rule|Sleep Clause Mod: Limit one foe put to sleep\n|rule|HP Percentage Mod: HP is shown in percentages\n|rule|Illusion Level Mod: Illusion disguises the Pokémon's true level\n|\n|t:|1769797803\n|teamsize|p1|6\n|teamsize|p2|6\n|start\n|switch|p1a: Gallade|Gallade, L84, M|251/251\n|switch|p2a: Hypno|Hypno, L97, M|322/322\n|turn|1\n|inactive|Battle timer is ON: inactive players will automatically lose when time's up. (requested by roym49)\n|inactive|aurora ltd has 120 seconds left.\n|\n|t:|1769797867\n|switch|p2a: Deoxys|Deoxys-Speed, L81|214/214\n|-ability|p2a: Deoxys|Pressure\n|move|p1a: Gallade|Knock Off|p2a: Deoxys\n|-supereffective|p2a: Deoxys\n|-damage|p2a: Deoxys|32/214\n|\n|upkeep\n|turn|2\n|\n|t:|1769797880\n|-zpower|p2a: Deoxys\n|move|p2a: Deoxys|Shattered Psyche|p1a: Gallade|[zeffect]\n|-damage|p1a: Gallade|79/251\n|move|p1a: Gallade|Knock Off|p2a: Deoxys\n|-supereffective|p2a: Deoxys\n|-damage|p2a: Deoxys|0 fnt\n|faint|p2a: Deoxys\n|\n|upkeep\n|\n|t:|1769797902\n|switch|p2a: Hypno|Hypno, L97, M|322/322\n|turn|3\n|\n|t:|1769797917\n|switch|p2a: Wigglytuff|Wigglytuff, L95, M|420/420\n|move|p1a: Gallade|Knock Off|p2a: Wigglytuff\n|-resisted|p2a: Wigglytuff\n|-damage|p2a: Wigglytuff|332/420\n|-enditem|p2a: Wigglytuff|Leftovers|[from] move: Knock Off|[of] p1a: Gallade\n|\n|upkeep\n|turn|4\n|\n|t:|1769797928\n|switch|p1a: Gengar|Gengar, L77, F|219/219\n|move|p2a: Wigglytuff|Dazzling Gleam|p1a: Gengar\n|-resisted|p1a: Gengar\n|-damage|p1a: Gengar|158/219\n|-start|p2a: Wigglytuff|Disable|Dazzling Gleam|[from] ability: Cursed Body|[of] p1a: Gengar\n|\n|upkeep\n|turn|5\n|inactive|aurora ltd has 120 seconds left.\n|\n|t:|1769797957\n|switch|p2a: Raikou|Raikou, L81|278/278\n|-ability|p2a: Raikou|Pressure\n|detailschange|p1a: Gengar|Gengar-Mega, L77, F\n|-mega|p1a: Gengar|Gengar|Gengarite\n|move|p1a: Gengar|Sludge Wave|p2a: Raikou\n|-damage|p2a: Raikou|163/278\n|\n|upkeep\n|turn|6\n|\n|t:|1769797969\n|move|p1a: Gengar|Sludge Wave|p2a: Raikou\n|-damage|p2a: Raikou|40/278\n|move|p2a: Raikou|Thunderbolt|p1a: Gengar\n|-damage|p1a: Gengar|5/219\n|\n|upkeep\n|turn|7\n|inactive|aurora ltd has 120 seconds left.\n|\n|t:|1769797975\n|move|p1a: Gengar|Shadow Ball|p2a: Raikou\n|-damage|p2a: Raikou|0 fnt\n|faint|p2a: Raikou\n|\n|upkeep\n|inactive|aurora ltd has 120 seconds left.\n|\n|t:|1769797989\n|switch|p2a: Arcanine|Arcanine, L84, M|288/288\n|-ability|p2a: Arcanine|Intimidate|boost\n|-unboost|p1a: Gengar|atk|1\n|turn|8\n|inactive|aurora ltd has 120 seconds left.\n|\n|t:|1769798001\n|move|p1a: Gengar|Sludge Wave|p2a: Arcanine\n|-damage|p2a: Arcanine|144/288\n|move|p2a: Arcanine|Wild Charge|p1a: Gengar\n|-damage|p1a: Gengar|0 fnt\n|faint|p1a: Gengar\n|detailschange|p1: Gengar|Gengar, L77, F|[silent]\n|-damage|p2a: Arcanine|143/288|[from] Recoil\n|\n|-heal|p2a: Arcanine|161/288|[from] item: Leftovers\n|upkeep\n|\n|t:|1769798009\n|switch|p1a: Darmanitan|Darmanitan, L82, M|306/306\n|turn|9\n|inactive|aurora ltd has 120 seconds left.\n|\n|t:|1769798032\n|switch|p2a: Giratina|Giratina, L76|353/353\n|-ability|p2a: Giratina|Pressure\n|move|p1a: Darmanitan|Earthquake|p2a: Giratina\n|-damage|p2a: Giratina|259/353\n|-damage|p1a: Darmanitan|276/306|[from] item: Life Orb\n|\n|-heal|p2a: Giratina|281/353|[from] item: Leftovers\n|upkeep\n|turn|10\n|\n|t:|1769798043\n|move|p1a: Darmanitan|U-turn|p2a: Giratina\n|-resisted|p2a: Giratina\n|-damage|p2a: Giratina|246/353\n|-damage|p1a: Darmanitan|246/306|[from] item: Life Orb\n|\n|t:|1769798054\n|switch|p1a: Groudon|Groudon, L74|270/270|[from] U-turn\n|-weather|SunnyDay|[from] ability: Drought|[of] p1a: Groudon\n|move|p2a: Giratina|Shadow Ball|p1a: Groudon\n|-damage|p1a: Groudon|183/270\n|\n|-weather|SunnyDay|[upkeep]\n|-heal|p2a: Giratina|268/353|[from] item: Leftovers\n|-heal|p1a: Groudon|199/270|[from] item: Leftovers\n|upkeep\n|turn|11\n|inactive|aurora ltd has 120 seconds left.\n|\n|t:|1769798070\n|move|p2a: Giratina|Will-O-Wisp|p1a: Groudon\n|-status|p1a: Groudon|brn\n|move|p1a: Groudon|Thunder Wave|p2a: Giratina\n|-status|p2a: Giratina|par\n|\n|-weather|SunnyDay|[upkeep]\n|-heal|p1a: Groudon|215/270 brn|[from] item: Leftovers\n|-heal|p2a: Giratina|290/353 par|[from] item: Leftovers\n|-damage|p1a: Groudon|199/270 brn|[from] brn\n|upkeep\n|turn|12\n|\n|t:|1769798091\n|move|p1a: Groudon|Precipice Blades|p2a: Giratina\n|-damage|p2a: Giratina|233/353 par\n|cant|p2a: Giratina|par\n|\n|-weather|SunnyDay|[upkeep]\n|-heal|p1a: Groudon|215/270 brn|[from] item: Leftovers\n|-heal|p2a: Giratina|255/353 par|[from] item: Leftovers\n|-damage|p1a: Groudon|199/270 brn|[from] brn\n|upkeep\n|turn|13\n|\n|t:|1769798097\n|move|p1a: Groudon|Precipice Blades|p2a: Giratina\n|-damage|p2a: Giratina|195/353 par\n|move|p2a: Giratina|Shadow Ball|p1a: Groudon\n|-crit|p1a: Groudon\n|-damage|p1a: Groudon|84/270 brn\n|-unboost|p1a: Groudon|spd|1\n|\n|-weather|SunnyDay|[upkeep]\n|-heal|p1a: Groudon|100/270 brn|[from] item: Leftovers\n|-heal|p2a: Giratina|217/353 par|[from] item: Leftovers\n|-damage|p1a: Groudon|84/270 brn|[from] brn\n|upkeep\n|turn|14\n|\n|t:|1769798104\n|move|p1a: Groudon|Precipice Blades|p2a: Giratina\n|-damage|p2a: Giratina|156/353 par\n|move|p2a: Giratina|Shadow Ball|p1a: Groudon\n|-damage|p1a: Groudon|0 fnt\n|faint|p1a: Groudon\n|\n|-weather|none\n|-heal|p2a: Giratina|178/353 par|[from] item: Leftovers\n|upkeep\n|\n|t:|1769798107\n|switch|p1a: Gallade|Gallade, L84, M|79/251\n|turn|15\n|inactive|aurora ltd has 120 seconds left.\n|\n|t:|1769798117\n|move|p1a: Gallade|Knock Off|p2a: Giratina\n|-supereffective|p2a: Giratina\n|-damage|p2a: Giratina|0 fnt\n|-enditem|p2a: Giratina|Leftovers|[from] move: Knock Off|[of] p1a: Gallade\n|faint|p2a: Giratina\n|\n|upkeep\n|\n|t:|1769798124\n|switch|p2a: Arcanine|Arcanine, L84, M|161/288\n|-ability|p2a: Arcanine|Intimidate|boost\n|-unboost|p1a: Gallade|atk|1\n|turn|16\n|inactive|aurora ltd has 120 seconds left.\n|\n|t:|1769798130\n|switch|p1a: Darmanitan|Darmanitan, L82, M|246/306\n|move|p2a: Arcanine|Flare Blitz|p1a: Darmanitan\n|-resisted|p1a: Darmanitan\n|-damage|p1a: Darmanitan|144/306\n|-damage|p2a: Arcanine|127/288|[from] Recoil\n|\n|-heal|p2a: Arcanine|145/288|[from] item: Leftovers\n|upkeep\n|turn|17\n|\n|t:|1769798140\n|move|p2a: Arcanine|Flare Blitz|p1a: Darmanitan\n|-resisted|p1a: Darmanitan\n|-damage|p1a: Darmanitan|39/306\n|-damage|p2a: Arcanine|110/288|[from] Recoil\n|move|p1a: Darmanitan|Earthquake|p2a: Arcanine\n|-supereffective|p2a: Arcanine\n|-damage|p2a: Arcanine|0 fnt\n|faint|p2a: Arcanine\n|-damage|p1a: Darmanitan|9/306|[from] item: Life Orb\n|\n|upkeep\n|inactive|aurora ltd has 120 seconds left.\n|\n|t:|1769798154\n|switch|p2a: Hypno|Hypno, L97, M|322/322\n|turn|18\n|\n|t:|1769798158\n|move|p1a: Darmanitan|Flare Blitz|p2a: Hypno\n|-damage|p2a: Hypno|48/322\n|-damage|p1a: Darmanitan|0 fnt|[from] Recoil\n|faint|p1a: Darmanitan\n|move|p2a: Hypno|Seismic Toss|p1: Darmanitan|[notarget]\n|-fail|p2a: Hypno\n|\n|-heal|p2a: Hypno|68/322|[from] item: Leftovers\n|upkeep\n|\n|t:|1769798166\n|switch|p1a: Salamence|Salamence, L72, M|255/255\n|turn|19\n|\n|t:|1769798172\n|move|p1a: Salamence|Dragon Dance|p1a: Salamence\n|-boost|p1a: Salamence|atk|1\n|-boost|p1a: Salamence|spe|1\n|move|p2a: Hypno|Toxic|p1a: Salamence\n|-status|p1a: Salamence|tox\n|\n|-heal|p2a: Hypno|88/322|[from] item: Leftovers\n|-damage|p1a: Salamence|240/255 tox|[from] psn\n|upkeep\n|turn|20\n|\n|t:|1769798181\n|move|p2a: Hypno|Protect|p2a: Hypno\n|-singleturn|p2a: Hypno|Protect\n|move|p1a: Salamence|Dragon Dance|p1a: Salamence\n|-boost|p1a: Salamence|atk|1\n|-boost|p1a: Salamence|spe|1\n|\n|-heal|p2a: Hypno|108/322|[from] item: Leftovers\n|-damage|p1a: Salamence|210/255 tox|[from] psn\n|upkeep\n|turn|21\n|\n|t:|1769798192\n|-zpower|p1a: Salamence\n|move|p1a: Salamence|Supersonic Skystrike|p2a: Hypno|[zeffect]\n|-damage|p2a: Hypno|0 fnt\n|faint|p2a: Hypno\n|-ability|p1a: Salamence|Moxie|boost\n|-boost|p1a: Salamence|atk|1\n|\n|-damage|p1a: Salamence|165/255 tox|[from] psn\n|upkeep\n|\n|t:|1769798201\n|switch|p2a: Wigglytuff|Wigglytuff, L95, M|332/420\n|turn|22\n|\n|t:|1769798214\n|move|p2a: Wigglytuff|Protect|p2a: Wigglytuff\n|-singleturn|p2a: Wigglytuff|Protect\n|move|p1a: Salamence|Fly||[still]\n|-prepare|p1a: Salamence|Fly\n|\n|-damage|p1a: Salamence|105/255 tox|[from] psn\n|upkeep\n|turn|23\n|\n|t:|1769798223\n|move|p2a: Wigglytuff|Protect||[still]\n|-fail|p2a: Wigglytuff\n|move|p1a: Salamence|Fly|p2a: Wigglytuff|[from] lockedmove\n|-damage|p2a: Wigglytuff|25/420\n|\n|-damage|p1a: Salamence|30/255 tox|[from] psn\n|upkeep\n|turn|24\n|\n|t:|1769798230\n|move|p1a: Salamence|Earthquake|p2a: Wigglytuff\n|-damage|p2a: Wigglytuff|0 fnt\n|faint|p2a: Wigglytuff\n|\n|win|roym49\n|raw|roym49's rating: 1519 &rarr; <strong>1540</strong><br />(+21 for winning)\n|raw|aurora ltd's rating: 1540 &rarr; <strong>1519</strong><br />(-21 for losing)\n|l|☆roym49\n|player|p1|\n", "inputlog": ">version b99ff0165a6231f17e8b78c2a78d1998375de664\n>start {\"formatid\":\"gen7randombattle\",\"seed\":\"sodium,c1679c671df40d784000fddceb715ccb\",\"rated\":\"Rated battle\"}\n>player p1 {\"name\":\"roym49\",\"avatar\":\"n\",\"rating\":1519,\"seed\":\"sodium,c1b85b5a186d510ff81e60bec77da53d\"}\n>player p2 {\"name\":\"aurora ltd\",\"avatar\":\"silver-gen2kanto\",\"rating\":1540,\"seed\":\"sodium,90ffb759330b124941d37edd3b80cc34\"}\n>p1 move knockoff\n>p2 switch 4\n>p1 move knockoff\n>p2 move psychoboost zmove\n>p2 switch 4\n>p1 move knockoff\n>p2 switch 2\n>p1 switch 4\n>p2 move dazzlinggleam\n>p1 move sludgewave mega\n>p2 switch 5\n>p1 move sludgewave\n>p2 move thunderbolt\n>p1 move shadowball\n>p2 move thunderbolt\n>p2 switch 6\n>p1 move sludgewave\n>p2 move wildcharge\n>p1 switch 5\n>p1 move earthquake\n>p2 switch 3\n>p1 move uturn\n>p2 move shadowball\n>p1 switch 3\n>p1 move thunderwave\n>p2 move willowisp\n>p1 move precipiceblades\n>p2 move shadowball\n>p1 move precipiceblades\n>p2 move shadowball\n>p1 move precipiceblades\n>p2 move shadowball\n>p1 switch 4\n>p1 move knockoff\n>p2 move shadowball\n>p2 switch 3\n>p1 switch 3\n>p2 move flareblitz\n>p1 move earthquake\n>p2 move flareblitz\n>p2 switch 2\n>p1 move flareblitz\n>p2 move seismictoss\n>p1 switch 2\n>p1 move dragondance\n>p2 move toxic\n>p1 move dragondance\n>p2 move protect\n>p1 move fly zmove\n>p2 move seismictoss\n>p2 switch 5\n>p1 move fly\n>p2 move protect\n>p1 move fly\n>p2 move protect\n>p1 move earthquake\n>p2 move wish", "uploadtime": 1769798239, "views": 171, "formatid": "gen7randombattle", "rating": 1519, "private": 0, "password": null}