{"id": "gen7randombattle-2532750489", "format": "[Gen 7] Random Battle", "players": ["sappy_10", "Somarle"], "log": "|j|☆sappy_10\n|j|☆Somarle\n|t:|1770221086\n|gametype|singles\n|player|p1|sappy_10|dragontamer|1508\n|player|p2|Somarle|265|1630\n|gen|7\n|tier|[Gen 7] Random Battle\n|rated|\n|rule|Sleep Clause Mod: Limit one foe put to sleep\n|rule|HP Percentage Mod: HP is shown in percentages\n|rule|Illusion Level Mod: Illusion disguises the Pokémon's true level\n|\n|t:|1770221086\n|teamsize|p1|6\n|teamsize|p2|6\n|start\n|switch|p1a: Trevenant|Trevenant, L91, M|303/303\n|switch|p2a: Tropius|Tropius, L94, M|336/336\n|turn|1\n|inactive|Battle timer is ON: inactive players will automatically lose when time's up. (requested by Somarle)\n|\n|t:|1770221100\n|switch|p1a: Honchkrow|Honchkrow, L83, F|302/302\n|move|p2a: Tropius|Protect||[still]\n|-fail|p2a: Tropius\n|\n|upkeep\n|turn|2\n|\n|t:|1770221116\n|switch|p2a: Type: Null|Type: Null, L85|300/300\n|move|p1a: Honchkrow|Brave Bird|p2a: Type: Null\n|-damage|p2a: Type: Null|186/300\n|-damage|p1a: Honchkrow|264/302|[from] Recoil\n|-damage|p1a: Honchkrow|234/302|[from] item: Life Orb\n|\n|upkeep\n|turn|3\n|inactive|sappy_10 has 120 seconds left.\n|inactive|sappy_10 has 90 seconds left.\n|inactive|sappy_10 has 60 seconds left.\n|\n|t:|1770221211\n|move|p1a: Honchkrow|Brave Bird|p2a: Type: Null\n|-damage|p2a: Type: Null|50/300\n|-damage|p1a: Honchkrow|189/302|[from] Recoil\n|-damage|p1a: Honchkrow|159/302|[from] item: Life Orb\n|move|p2a: Type: Null|Rest|p2a: Type: Null\n|-status|p2a: Type: Null|slp|[from] move: Rest\n|-heal|p2a: Type: Null|300/300 slp|[silent]\n|\n|upkeep\n|turn|4\n|\n|t:|1770221226\n|switch|p1a: Hitmonchan|Hitmonchan, L87, M|229/229\n|cant|p2a: Type: Null|slp\n|move|p2a: Type: Null|Sleep Talk|p2a: Type: Null\n|move|p2a: Type: Null|Swords Dance|p2a: Type: Null|[from] move: Sleep Talk\n|-boost|p2a: Type: Null|atk|2\n|\n|upkeep\n|turn|5\n|inactive|sappy_10 has 60 seconds left.\n|\n|t:|1770221242\n|switch|p2a: Palossand|Palossand, L89, F|296/296\n|move|p1a: Hitmonchan|Bulk Up|p1a: Hitmonchan\n|-boost|p1a: Hitmonchan|atk|1\n|-boost|p1a: Hitmonchan|def|1\n|\n|upkeep\n|turn|6\n|\n|t:|1770221253\n|move|p1a: Hitmonchan|Ice Punch|p2a: Palossand\n|-supereffective|p2a: Palossand\n|-damage|p2a: Palossand|110/296\n|move|p2a: Palossand|Earth Power|p1a: Hitmonchan\n|-damage|p1a: Hitmonchan|132/229\n|\n|-heal|p1a: Hitmonchan|146/229|[from] item: Leftovers\n|-heal|p2a: Palossand|128/296|[from] item: Leftovers\n|upkeep\n|turn|7\n|\n|t:|1770221261\n|move|p1a: Hitmonchan|Ice Punch|p2a: Palossand\n|-supereffective|p2a: Palossand\n|-crit|p2a: Palossand\n|-damage|p2a: Palossand|0 fnt\n|faint|p2a: Palossand\n|\n|-heal|p1a: Hitmonchan|160/229|[from] item: Leftovers\n|upkeep\n|\n|t:|1770221279\n|switch|p2a: Castform|Castform, L99, M|299/299\n|turn|8\n|\n|t:|1770221295\n|move|p2a: Castform|Scald|p1a: Hitmonchan\n|-damage|p1a: Hitmonchan|108/229\n|move|p1a: Hitmonchan|Drain Punch|p2a: Castform\n|-supereffective|p2a: Castform\n|-crit|p2a: Castform\n|-damage|p2a: Castform|0 fnt\n|-heal|p1a: Hitmonchan|229/229|[from] drain|[of] p2a: Castform\n|faint|p2a: Castform\n|\n|upkeep\n|\n|t:|1770221301\n|switch|p2a: Tropius|Tropius, L94, M|336/336\n|turn|9\n|\n|t:|1770221306\n|move|p1a: Hitmonchan|Ice Punch|p2a: Tropius\n|-supereffective|p2a: Tropius\n|-damage|p2a: Tropius|0 fnt\n|faint|p2a: Tropius\n|\n|upkeep\n|\n|t:|1770221310\n|switch|p2a: Mienshao|Mienshao, L83, M|243/243\n|turn|10\n|\n|t:|1770221314\n|move|p2a: Mienshao|High Jump Kick|p1a: Hitmonchan|[miss]\n|-miss|p2a: Mienshao|p1a: Hitmonchan\n|-damage|p2a: Mienshao|122/243|[from] highjumpkick\n|move|p1a: Hitmonchan|Drain Punch|p2a: Mienshao\n|-crit|p2a: Mienshao\n|-damage|p2a: Mienshao|0 fnt\n|faint|p2a: Mienshao\n|\n|upkeep\n|\n|t:|1770221316\n|switch|p2a: Blaziken|Blaziken, L73, M|237/237\n|turn|11\n|\n|t:|1770221319\n|detailschange|p2a: Blaziken|Blaziken-Mega, L73, M\n|-mega|p2a: Blaziken|Blaziken|Blazikenite\n|move|p2a: Blaziken|Swords Dance|p2a: Blaziken\n|-boost|p2a: Blaziken|atk|2\n|move|p1a: Hitmonchan|Drain Punch|p2a: Blaziken\n|-damage|p2a: Blaziken|30/237\n|\n|-ability|p2a: Blaziken|Speed Boost|boost\n|-boost|p2a: Blaziken|spe|1\n|upkeep\n|turn|12\n|\n|t:|1770221329\n|move|p1a: Hitmonchan|Mach Punch|p2a: Blaziken\n|-damage|p2a: Blaziken|0 fnt\n|faint|p2a: Blaziken\n|detailschange|p2: Blaziken|Blaziken, L73, M|[silent]\n|\n|upkeep\n|\n|t:|1770221331\n|switch|p2a: Type: Null|Type: Null, L85|300/300 slp\n|turn|13\n|c|☆sappy_10|mon weep\n|c|☆sappy_10|sweep*\n|\n|t:|1770221337\n|move|p1a: Hitmonchan|Drain Punch|p2a: Type: Null\n|-supereffective|p2a: Type: Null\n|-damage|p2a: Type: Null|102/300 slp\n|cant|p2a: Type: Null|slp\n|move|p2a: Type: Null|Sleep Talk|p2a: Type: Null\n|move|p2a: Type: Null|Rest||[from] move: Sleep Talk|[still]\n|-fail|p2a: Type: Null\n|\n|upkeep\n|turn|14\n|\n|t:|1770221342\n|move|p1a: Hitmonchan|Drain Punch|p2a: Type: Null\n|-supereffective|p2a: Type: Null\n|-damage|p2a: Type: Null|0 fnt\n|faint|p2a: Type: Null\n|\n|win|sappy_10\n|raw|sappy_10's rating: 1508 &rarr; <strong>1535</strong><br />(+27 for winning)\n|raw|Somarle's rating: 1630 &rarr; <strong>1603</strong><br />(-27 for losing)\n|l|☆Somarle\n|player|p2|\n", "inputlog": ">version ccdc32dd7cde25fd9e4bed64820e885f66e78a4e\n>start {\"formatid\":\"gen7randombattle\",\"seed\":\"sodium,7b4d40795bd35eef9fa485f1d2a84502\",\"rated\":\"Rated battle\"}\n>player p1 {\"name\":\"sappy_10\",\"avatar\":\"dragontamer\",\"rating\":1508,\"seed\":\"sodium,a6e88841b08c49681011b5df2e9a75e0\"}\n>player p2 {\"name\":\"Somarle\",\"avatar\":\"265\",\"rating\":1630,\"seed\":\"sodium,e5fe243f6764231c53dba9061c8bacff\"}\n>p1 switch 3\n>p2 move protect\n>p1 move bravebird\n>p2 switch 5\n>p1 move bravebird\n>p2 move rest\n>p1 switch 5\n>p2 move sleeptalk\n>p1 move bulkup\n>p2 switch 6\n>p1 move icepunch\n>p2 move earthpower\n>p1 move icepunch\n>p2 move earthpower\n>p2 switch 2\n>p1 move drainpunch\n>p2 move scald\n>p2 switch 5\n>p1 move icepunch\n>p2 move airslash\n>p2 switch 4\n>p1 move drainpunch\n>p2 move highjumpkick\n>p2 switch 3\n>p1 move drainpunch\n>p2 move swordsdance mega\n>p1 move machpunch\n>p2 move flareblitz\n>p2 switch 6\n>chat ☆sappy_10|mon weep\n>chat ☆sappy_10|sweep*\n>p1 move drainpunch\n>p2 move sleeptalk\n>p1 move drainpunch\n>p2 move sleeptalk", "uploadtime": 1770221346, "views": 119, "formatid": "gen7randombattle", "rating": 1535, "private": 0, "password": null}