{"id": "gen7randombattle-2529565905", "format": "[Gen 7] Random Battle", "players": ["Petilil37", "La.Hellhound"], "log": "|j|‽Petilil37\n|j|‽La.Hellhound\n|t:|1769799491\n|gametype|singles\n|player|p1|Petilil37|265|1677\n|player|p2|La.Hellhound|bruno|1685\n|gen|7\n|tier|[Gen 7] Random Battle\n|rated|\n|rule|Sleep Clause Mod: Limit one foe put to sleep\n|rule|HP Percentage Mod: HP is shown in percentages\n|rule|Illusion Level Mod: Illusion disguises the Pokémon's true level\n|\n|t:|1769799491\n|teamsize|p1|6\n|teamsize|p2|6\n|start\n|switch|p1a: Mudsdale|Mudsdale, L83, F|302/302\n|switch|p2a: Floette|Floette-Eternal, L83, F|259/259\n|turn|1\n|inactive|Battle timer is ON: inactive players will automatically lose when time's up. (requested by La.Hellhound)\n|\n|t:|1769799506\n|switch|p2a: Skarmory|Skarmory, L75, M|221/221\n|move|p1a: Mudsdale|Earthquake|p2a: Skarmory\n|-immune|p2a: Skarmory\n|\n|upkeep\n|turn|2\n|\n|t:|1769799512\n|switch|p1a: Azelf|Azelf, L82|257/257\n|move|p2a: Skarmory|Spikes|p1a: Azelf\n|-sidestart|p1: Petilil37|Spikes\n|\n|upkeep\n|turn|3\n|\n|t:|1769799521\n|switch|p2a: Simipour|Simipour, L88, M|275/275\n|move|p1a: Azelf|Psychic|p2a: Simipour\n|-damage|p2a: Simipour|80/275\n|\n|-heal|p2a: Simipour|97/275|[from] item: Leftovers\n|upkeep\n|turn|4\n|\n|t:|1769799529\n|switch|p2a: Ferrothorn|Ferrothorn, L72, F|226/226\n|move|p1a: Azelf|Psychic|p2a: Ferrothorn\n|-resisted|p2a: Ferrothorn\n|-damage|p2a: Ferrothorn|154/226\n|\n|-heal|p2a: Ferrothorn|168/226|[from] item: Leftovers\n|upkeep\n|turn|5\n|\n|t:|1769799541\n|switch|p1a: Mudsdale|Mudsdale, L83, F|302/302\n|-damage|p1a: Mudsdale|265/302|[from] Spikes\n|move|p2a: Ferrothorn|Spikes|p1a: Mudsdale\n|-sidestart|p1: Petilil37|Spikes\n|\n|-heal|p2a: Ferrothorn|182/226|[from] item: Leftovers\n|upkeep\n|turn|6\n|\n|t:|1769799549\n|switch|p2a: Skarmory|Skarmory, L75, M|221/221\n|move|p1a: Mudsdale|Close Combat|p2a: Skarmory\n|-damage|p2a: Skarmory|110/221\n|-unboost|p1a: Mudsdale|def|1\n|-unboost|p1a: Mudsdale|spd|1\n|\n|-heal|p2a: Skarmory|123/221|[from] item: Leftovers\n|upkeep\n|turn|7\n|\n|t:|1769799562\n|switch|p2a: Drifblim|Drifblim, L85, M|392/392\n|move|p1a: Mudsdale|Close Combat|p2a: Drifblim\n|-immune|p2a: Drifblim\n|\n|upkeep\n|turn|8\n|\n|t:|1769799568\n|switch|p1a: Gigalith|Gigalith, L82, F|274/274\n|-damage|p1a: Gigalith|229/274|[from] Spikes\n|-weather|Sandstorm|[from] ability: Sand Stream|[of] p1a: Gigalith\n|move|p2a: Drifblim|Will-O-Wisp|p1a: Gigalith\n|-status|p1a: Gigalith|brn\n|\n|-weather|Sandstorm|[upkeep]\n|-damage|p2a: Drifblim|368/392|[from] Sandstorm\n|-heal|p1a: Gigalith|246/274 brn|[from] item: Leftovers\n|-damage|p1a: Gigalith|229/274 brn|[from] brn\n|upkeep\n|turn|9\n|\n|t:|1769799585\n|switch|p2a: Skarmory|Skarmory, L75, M|123/221\n|move|p1a: Gigalith|Stealth Rock|p2a: Skarmory\n|-sidestart|p2: La.Hellhound|move: Stealth Rock\n|\n|-weather|Sandstorm|[upkeep]\n|-heal|p2a: Skarmory|136/221|[from] item: Leftovers\n|-heal|p1a: Gigalith|246/274 brn|[from] item: Leftovers\n|-damage|p1a: Gigalith|229/274 brn|[from] brn\n|upkeep\n|turn|10\n|\n|t:|1769799593\n|switch|p1a: Azelf|Azelf, L82|257/257\n|move|p2a: Skarmory|Roost|p2a: Skarmory\n|-heal|p2a: Skarmory|221/221\n|-singleturn|p2a: Skarmory|move: Roost\n|\n|-weather|Sandstorm|[upkeep]\n|-damage|p1a: Azelf|241/257|[from] Sandstorm\n|upkeep\n|turn|11\n|\n|t:|1769799602\n|move|p1a: Azelf|Fire Blast|p2a: Skarmory\n|-supereffective|p2a: Skarmory\n|-ability|p2a: Skarmory|Sturdy\n|-damage|p2a: Skarmory|1/221\n|move|p2a: Skarmory|Whirlwind|p1a: Azelf\n|drag|p1a: Mudsdale|Mudsdale, L83, F|265/302\n|-damage|p1a: Mudsdale|215/302|[from] Spikes\n|\n|-weather|Sandstorm|[upkeep]\n|-heal|p2a: Skarmory|14/221|[from] item: Leftovers\n|upkeep\n|turn|12\n|\n|t:|1769799614\n|move|p2a: Skarmory|Spikes|p1a: Mudsdale\n|-sidestart|p1: Petilil37|Spikes\n|move|p1a: Mudsdale|Close Combat|p2a: Skarmory\n|-damage|p2a: Skarmory|0 fnt\n|-unboost|p1a: Mudsdale|def|1\n|-unboost|p1a: Mudsdale|spd|1\n|faint|p2a: Skarmory\n|\n|-weather|none\n|upkeep\n|\n|t:|1769799629\n|switch|p2a: Drifblim|Drifblim, L85, M|368/392\n|-damage|p2a: Drifblim|270/392|[from] Stealth Rock\n|turn|13\n|\n|t:|1769799635\n|switch|p1a: Oranguru|Oranguru, L93, M|318/318\n|-damage|p1a: Oranguru|239/318|[from] Spikes\n|move|p2a: Drifblim|Shadow Ball|p1a: Oranguru\n|-immune|p1a: Oranguru\n|\n|upkeep\n|turn|14\n|\n|t:|1769799644\n|switch|p2a: Cherrim|Cherrim, L99, F|299/299\n|-damage|p2a: Cherrim|262/299|[from] Stealth Rock\n|move|p1a: Oranguru|Trick|p2a: Cherrim\n|-activate|p1a: Oranguru|move: Trick|[of] p2a: Cherrim\n|-item|p2a: Cherrim|Choice Specs|[from] move: Trick\n|-item|p1a: Oranguru|Life Orb|[from] move: Trick\n|\n|upkeep\n|turn|15\n|\n|t:|1769799652\n|move|p2a: Cherrim|Energy Ball|p1a: Oranguru\n|-damage|p1a: Oranguru|94/318\n|move|p1a: Oranguru|Nature Power|p2a: Cherrim\n|move|p1a: Oranguru|Tri Attack|p2a: Cherrim|[from] move: Nature Power\n|-damage|p2a: Cherrim|141/299\n|-status|p2a: Cherrim|par\n|-damage|p1a: Oranguru|63/318|[from] item: Life Orb\n|\n|upkeep\n|turn|16\n|\n|t:|1769799661\n|move|p1a: Oranguru|Psyshock|p2a: Cherrim\n|-damage|p2a: Cherrim|19/299 par\n|-damage|p1a: Oranguru|32/318|[from] item: Life Orb\n|move|p2a: Cherrim|Energy Ball|p1a: Oranguru\n|-damage|p1a: Oranguru|0 fnt\n|faint|p1a: Oranguru\n|\n|upkeep\n|\n|t:|1769799668\n|switch|p1a: Azelf|Azelf, L82|241/257\n|turn|17\n|\n|t:|1769799672\n|move|p1a: Azelf|Psychic|p2a: Cherrim\n|-damage|p2a: Cherrim|0 fnt\n|faint|p2a: Cherrim\n|\n|upkeep\n|\n|t:|1769799676\n|switch|p2a: Ferrothorn|Ferrothorn, L72, F|182/226\n|-damage|p2a: Ferrothorn|168/226|[from] Stealth Rock\n|turn|18\n|\n|t:|1769799682\n|switch|p1a: Mudsdale|Mudsdale, L83, F|215/302\n|-damage|p1a: Mudsdale|140/302|[from] Spikes\n|move|p2a: Ferrothorn|Power Whip|p1a: Mudsdale\n|-supereffective|p1a: Mudsdale\n|-damage|p1a: Mudsdale|0 fnt\n|faint|p1a: Mudsdale\n|\n|-heal|p2a: Ferrothorn|182/226|[from] item: Leftovers\n|upkeep\n|\n|t:|1769799684\n|switch|p1a: Azelf|Azelf, L82|241/257\n|turn|19\n|\n|t:|1769799699\n|switch|p2a: Floette|Floette-Eternal, L83, F|259/259\n|-damage|p2a: Floette|227/259|[from] Stealth Rock\n|move|p1a: Azelf|Fire Blast|p2a: Floette\n|-damage|p2a: Floette|132/259\n|\n|upkeep\n|turn|20\n|\n|t:|1769799707\n|switch|p1a: Gigalith|Gigalith, L82, F|229/274 brn\n|-damage|p1a: Gigalith|161/274 brn|[from] Spikes\n|-weather|Sandstorm|[from] ability: Sand Stream|[of] p1a: Gigalith\n|move|p2a: Floette|Moonblast|p1a: Gigalith\n|-damage|p1a: Gigalith|29/274 brn\n|-unboost|p1a: Gigalith|spa|1\n|\n|-weather|Sandstorm|[upkeep]\n|-damage|p2a: Floette|116/259|[from] Sandstorm\n|-heal|p1a: Gigalith|46/274 brn|[from] item: Leftovers\n|-damage|p1a: Gigalith|29/274 brn|[from] brn\n|upkeep\n|turn|21\n|\n|t:|1769799723\n|move|p2a: Floette|Moonblast|p1a: Gigalith\n|-damage|p1a: Gigalith|0 fnt\n|faint|p1a: Gigalith\n|\n|-weather|Sandstorm|[upkeep]\n|-damage|p2a: Floette|100/259|[from] Sandstorm\n|upkeep\n|\n|t:|1769799724\n|switch|p1a: Azelf|Azelf, L82|241/257\n|turn|22\n|\n|t:|1769799746\n|move|p1a: Azelf|Psychic|p2a: Floette\n|-damage|p2a: Floette|0 fnt\n|faint|p2a: Floette\n|\n|-weather|Sandstorm|[upkeep]\n|-damage|p1a: Azelf|225/257|[from] Sandstorm\n|upkeep\n|\n|t:|1769799752\n|switch|p2a: Ferrothorn|Ferrothorn, L72, F|182/226\n|-damage|p2a: Ferrothorn|168/226|[from] Stealth Rock\n|turn|23\n|\n|t:|1769799766\n|switch|p1a: Luvdisc|Luvdisc, M|248/248\n|-damage|p1a: Luvdisc|186/248|[from] Spikes\n|move|p2a: Ferrothorn|Power Whip|p1a: Luvdisc\n|-supereffective|p1a: Luvdisc\n|-damage|p1a: Luvdisc|0 fnt\n|faint|p1a: Luvdisc\n|\n|-weather|Sandstorm|[upkeep]\n|-heal|p2a: Ferrothorn|182/226|[from] item: Leftovers\n|upkeep\n|\n|t:|1769799768\n|switch|p1a: Azelf|Azelf, L82|225/257\n|turn|24\n|\n|t:|1769799778\n|switch|p2a: Simipour|Simipour, L88, M|97/275\n|-damage|p2a: Simipour|63/275|[from] Stealth Rock\n|move|p1a: Azelf|Psychic|p2a: Simipour\n|-damage|p2a: Simipour|0 fnt\n|faint|p2a: Simipour\n|\n|-weather|none\n|upkeep\n|\n|t:|1769799785\n|switch|p2a: Ferrothorn|Ferrothorn, L72, F|182/226\n|-damage|p2a: Ferrothorn|168/226|[from] Stealth Rock\n|turn|25\n|\n|t:|1769799793\n|switch|p1a: Gumshoos|Gumshoos, L94, M|318/318\n|-damage|p1a: Gumshoos|239/318|[from] Spikes\n|move|p2a: Ferrothorn|Power Whip|p1a: Gumshoos\n|-damage|p1a: Gumshoos|134/318\n|\n|-heal|p2a: Ferrothorn|182/226|[from] item: Leftovers\n|upkeep\n|turn|26\n|\n|t:|1769799803\n|move|p1a: Gumshoos|Crunch|p2a: Ferrothorn\n|-damage|p2a: Ferrothorn|87/226\n|-damage|p1a: Gumshoos|95/318|[from] ability: Iron Barbs|[of] p2a: Ferrothorn\n|move|p2a: Ferrothorn|Power Whip|p1a: Gumshoos\n|-damage|p1a: Gumshoos|0 fnt\n|faint|p1a: Gumshoos\n|\n|-heal|p2a: Ferrothorn|101/226|[from] item: Leftovers\n|upkeep\n|\n|t:|1769799805\n|switch|p1a: Azelf|Azelf, L82|225/257\n|turn|27\n|\n|t:|1769799814\n|move|p1a: Azelf|Fire Blast|p2a: Ferrothorn|[miss]\n|-miss|p1a: Azelf|p2a: Ferrothorn\n|move|p2a: Ferrothorn|Thunder Wave|p1a: Azelf|[miss]\n|-miss|p2a: Ferrothorn|p1a: Azelf\n|\n|-heal|p2a: Ferrothorn|115/226|[from] item: Leftovers\n|upkeep\n|turn|28\n|\n|t:|1769799822\n|move|p1a: Azelf|Fire Blast|p2a: Ferrothorn\n|-supereffective|p2a: Ferrothorn\n|-damage|p2a: Ferrothorn|0 fnt\n|faint|p2a: Ferrothorn\n|\n|upkeep\n|\n|t:|1769799827\n|switch|p2a: Drifblim|Drifblim, L85, M|270/392\n|-damage|p2a: Drifblim|172/392|[from] Stealth Rock\n|-enditem|p2a: Drifblim|Sitrus Berry|[eat]\n|-heal|p2a: Drifblim|270/392|[from] item: Sitrus Berry\n|turn|29\n|\n|t:|1769799834\n|move|p2a: Drifblim|Shadow Ball|p1a: Azelf\n|-supereffective|p1a: Azelf\n|-damage|p1a: Azelf|25/257\n|move|p1a: Azelf|Fire Blast|p2a: Drifblim\n|-damage|p2a: Drifblim|83/392\n|\n|upkeep\n|turn|30\n|\n|t:|1769799840\n|move|p2a: Drifblim|Shadow Ball|p1a: Azelf\n|-supereffective|p1a: Azelf\n|-damage|p1a: Azelf|0 fnt\n|faint|p1a: Azelf\n|\n|win|La.Hellhound\n|raw|Petilil37's rating: 1677 &rarr; <strong>1657</strong><br />(-20 for losing)\n|raw|La.Hellhound's rating: 1685 &rarr; <strong>1705</strong><br />(+20 for winning)\n|l|‽Petilil37\n|player|p1|\n", "inputlog": ">version b99ff0165a6231f17e8b78c2a78d1998375de664\n>start {\"formatid\":\"gen7randombattle\",\"seed\":\"sodium,f62a6f99baa3c7f38aa0147eaab4f0b9\",\"rated\":\"Rated battle\"}\n>player p1 {\"name\":\"Petilil37\",\"avatar\":\"265\",\"rating\":1677,\"seed\":\"sodium,ce69155efcc345d8b54b12cff8ce07a4\"}\n>player p2 {\"name\":\"La.Hellhound\",\"avatar\":\"bruno\",\"rating\":1685,\"seed\":\"sodium,b37619c6ad28283051c1e5784ce77d7b\"}\n>p1 move earthquake\n>p2 switch 5\n>p1 switch 4\n>p2 move spikes\n>p1 move psychic\n>p2 switch 2\n>p1 move psychic\n>p2 switch 3\n>p1 switch 4\n>p2 move spikes\n>p1 move closecombat\n>p2 switch 2\n>p1 move closecombat\n>p2 switch 6\n>p1 switch 6\n>p2 move willowisp\n>p1 move stealthrock\n>p2 switch 6\n>p1 switch 4\n>p2 move roost\n>p1 move fireblast\n>p2 move whirlwind\n>p1 move closecombat\n>p2 move spikes\n>p2 switch 6\n>p1 switch 2\n>p2 move shadowball\n>p1 move trick\n>p2 switch 4\n>p1 move naturepower\n>p2 move energyball\n>p1 move psyshock\n>p2 move energyball\n>p1 switch 6\n>p1 move psychic\n>p2 move energyball\n>p2 switch 2\n>p1 switch 2\n>p2 move powerwhip\n>p1 switch 2\n>p1 move fireblast\n>p2 switch 5\n>p1 switch 4\n>p2 move moonblast\n>p1 move stoneedge\n>p2 move moonblast\n>p1 switch 4\n>p1 move psychic\n>p2 move moonblast\n>p2 switch 5\n>p1 switch 3\n>p2 move powerwhip\n>p1 switch 3\n>p1 move psychic\n>p2 switch 3\n>p2 switch 3\n>p1 switch 5\n>p2 move powerwhip\n>p1 move crunch\n>p2 move powerwhip\n>p1 switch 5\n>p1 move fireblast\n>p2 move thunderwave\n>p1 move fireblast\n>p2 move thunderwave\n>p2 switch 4\n>p1 move fireblast\n>p2 move shadowball\n>p1 move fireblast\n>p2 move shadowball", "uploadtime": 1769799846, "views": 173, "formatid": "gen7randombattle", "rating": 1657, "private": 0, "password": null}