{"id": "gen7randombattle-2523150188", "format": "[Gen 7] Random Battle", "players": ["Lkapkd", "Blade Luther"], "log": "|j|☆Lkapkd\n|j|☆Blade Luther\n|t:|1768995565\n|gametype|singles\n|player|p1|Lkapkd|#bltixsnorlaxes|1559\n|player|p2|Blade Luther|ethan-masters|1518\n|gen|7\n|tier|[Gen 7] Random Battle\n|rated|\n|rule|Sleep Clause Mod: Limit one foe put to sleep\n|rule|HP Percentage Mod: HP is shown in percentages\n|rule|Illusion Level Mod: Illusion disguises the Pokémon's true level\n|\n|t:|1768995565\n|teamsize|p1|6\n|teamsize|p2|6\n|start\n|switch|p1a: Chansey|Chansey, L85, F|564/564\n|switch|p2a: Farfetch’d|Farfetch’d, M|266/266\n|turn|1\n|inactive|Battle timer is ON: inactive players will automatically lose when time's up. (requested by Blade Luther)\n|\n|t:|1768995588\n|move|p2a: Farfetch’d|Knock Off|p1a: Chansey\n|-crit|p1a: Chansey\n|-damage|p1a: Chansey|246/564\n|-enditem|p1a: Chansey|Eviolite|[from] move: Knock Off|[of] p2a: Farfetch’d\n|move|p1a: Chansey|Toxic|p2a: Farfetch’d\n|-status|p2a: Farfetch’d|tox\n|\n|-damage|p2a: Farfetch’d|250/266 tox|[from] psn\n|upkeep\n|turn|2\n|\n|t:|1768995598\n|move|p2a: Farfetch’d|Return|p1a: Chansey\n|-damage|p1a: Chansey|0 fnt\n|faint|p1a: Chansey\n|\n|-damage|p2a: Farfetch’d|218/266 tox|[from] psn\n|upkeep\n|\n|t:|1768995608\n|switch|p1a: Lumineon|Lumineon, L93, F|279/279\n|turn|3\n|\n|t:|1768995619\n|move|p1a: Lumineon|Ice Beam|p2a: Farfetch’d\n|-supereffective|p2a: Farfetch’d\n|-damage|p2a: Farfetch’d|80/266 tox\n|move|p2a: Farfetch’d|Knock Off|p1a: Lumineon\n|-damage|p1a: Lumineon|183/279\n|-enditem|p1a: Lumineon|Leftovers|[from] move: Knock Off|[of] p2a: Farfetch’d\n|\n|-damage|p2a: Farfetch’d|32/266 tox|[from] psn\n|upkeep\n|turn|4\n|\n|t:|1768995629\n|move|p1a: Lumineon|Ice Beam|p2a: Farfetch’d\n|-supereffective|p2a: Farfetch’d\n|-damage|p2a: Farfetch’d|0 fnt\n|faint|p2a: Farfetch’d\n|\n|upkeep\n|inactive|Blade Luther has 120 seconds left.\n|\n|t:|1768995674\n|switch|p2a: Scrafty|Scrafty, L84, F|246/246\n|turn|5\n|\n|t:|1768995678\n|move|p1a: Lumineon|Scald|p2a: Scrafty\n|-damage|p2a: Scrafty|176/246\n|move|p2a: Scrafty|Bulk Up|p2a: Scrafty\n|-boost|p2a: Scrafty|atk|1\n|-boost|p2a: Scrafty|def|1\n|\n|-heal|p2a: Scrafty|191/246|[from] item: Leftovers\n|upkeep\n|turn|6\n|\n|t:|1768995687\n|move|p1a: Lumineon|Scald|p2a: Scrafty\n|-damage|p2a: Scrafty|127/246\n|move|p2a: Scrafty|Bulk Up|p2a: Scrafty\n|-boost|p2a: Scrafty|atk|1\n|-boost|p2a: Scrafty|def|1\n|\n|-heal|p2a: Scrafty|142/246|[from] item: Leftovers\n|upkeep\n|turn|7\n|\n|t:|1768995697\n|move|p1a: Lumineon|Scald|p2a: Scrafty\n|-damage|p2a: Scrafty|70/246\n|-status|p2a: Scrafty|brn\n|move|p2a: Scrafty|Drain Punch|p1a: Lumineon\n|-damage|p1a: Lumineon|107/279\n|-heal|p2a: Scrafty|108/246 brn|[from] drain|[of] p1a: Lumineon\n|\n|-activate|p2a: Scrafty|ability: Shed Skin\n|-curestatus|p2a: Scrafty|brn|[msg]\n|-heal|p2a: Scrafty|123/246|[from] item: Leftovers\n|upkeep\n|turn|8\n|\n|t:|1768995710\n|move|p1a: Lumineon|Scald|p2a: Scrafty\n|-crit|p2a: Scrafty\n|-damage|p2a: Scrafty|21/246\n|move|p2a: Scrafty|Drain Punch|p1a: Lumineon\n|-damage|p1a: Lumineon|0 fnt\n|-heal|p2a: Scrafty|75/246|[from] drain|[of] p1a: Lumineon\n|faint|p1a: Lumineon\n|\n|-heal|p2a: Scrafty|90/246|[from] item: Leftovers\n|upkeep\n|\n|t:|1768995720\n|switch|p1a: Milotic|Milotic, L84, M|297/297\n|turn|9\n|\n|t:|1768995726\n|move|p1a: Milotic|Haze|p1a: Milotic\n|-clearallboost\n|move|p2a: Scrafty|Drain Punch|p1a: Milotic\n|-damage|p1a: Milotic|209/297\n|-heal|p2a: Scrafty|134/246|[from] drain|[of] p1a: Milotic\n|\n|-heal|p1a: Milotic|227/297|[from] item: Leftovers\n|-heal|p2a: Scrafty|149/246|[from] item: Leftovers\n|upkeep\n|turn|10\n|\n|t:|1768995737\n|move|p1a: Milotic|Scald|p2a: Scrafty\n|-damage|p2a: Scrafty|82/246\n|move|p2a: Scrafty|Knock Off|p1a: Milotic\n|-damage|p1a: Milotic|127/297\n|-enditem|p1a: Milotic|Leftovers|[from] move: Knock Off|[of] p2a: Scrafty\n|\n|-heal|p2a: Scrafty|97/246|[from] item: Leftovers\n|upkeep\n|turn|11\n|\n|t:|1768995747\n|move|p1a: Milotic|Recover|p1a: Milotic\n|-heal|p1a: Milotic|276/297\n|move|p2a: Scrafty|Drain Punch|p1a: Milotic\n|-damage|p1a: Milotic|188/297\n|-heal|p2a: Scrafty|141/246|[from] drain|[of] p1a: Milotic\n|\n|-heal|p2a: Scrafty|156/246|[from] item: Leftovers\n|upkeep\n|turn|12\n|\n|t:|1768995767\n|switch|p2a: Drifblim|Drifblim, L85, F|392/392\n|move|p1a: Milotic|Scald|p2a: Drifblim\n|-damage|p2a: Drifblim|272/392\n|\n|upkeep\n|turn|13\n|\n|t:|1768995775\n|move|p2a: Drifblim|Will-O-Wisp|p1a: Milotic\n|-status|p1a: Milotic|brn\n|move|p1a: Milotic|Recover|p1a: Milotic\n|-heal|p1a: Milotic|297/297 brn\n|\n|-damage|p1a: Milotic|279/297 brn|[from] brn\n|upkeep\n|turn|14\n|\n|t:|1768995783\n|move|p2a: Drifblim|Shadow Ball|p1a: Milotic\n|-crit|p1a: Milotic\n|-damage|p1a: Milotic|180/297 brn\n|move|p1a: Milotic|Toxic|p2a: Drifblim\n|-status|p2a: Drifblim|tox\n|\n|-damage|p2a: Drifblim|248/392 tox|[from] psn\n|-damage|p1a: Milotic|162/297 brn|[from] brn\n|upkeep\n|turn|15\n|\n|t:|1768995793\n|move|p2a: Drifblim|Shadow Ball|p1a: Milotic\n|-crit|p1a: Milotic\n|-damage|p1a: Milotic|69/297 brn\n|move|p1a: Milotic|Recover|p1a: Milotic\n|-heal|p1a: Milotic|218/297 brn\n|\n|-damage|p2a: Drifblim|200/392 tox|[from] psn\n|-damage|p1a: Milotic|200/297 brn|[from] brn\n|upkeep\n|turn|16\n|\n|t:|1768995803\n|move|p2a: Drifblim|Shadow Ball|p1a: Milotic\n|-damage|p1a: Milotic|133/297 brn\n|move|p1a: Milotic|Recover|p1a: Milotic\n|-heal|p1a: Milotic|282/297 brn\n|\n|-damage|p2a: Drifblim|128/392 tox|[from] psn\n|-damage|p1a: Milotic|264/297 brn|[from] brn\n|upkeep\n|-enditem|p2a: Drifblim|Sitrus Berry|[eat]\n|-heal|p2a: Drifblim|226/392 tox|[from] item: Sitrus Berry\n|turn|17\n|\n|t:|1768995816\n|move|p2a: Drifblim|Shadow Ball|p1a: Milotic\n|-damage|p1a: Milotic|200/297 brn\n|-unboost|p1a: Milotic|spd|1\n|-ability|p1a: Milotic|Competitive|boost\n|-boost|p1a: Milotic|spa|2\n|move|p1a: Milotic|Scald|p2a: Drifblim\n|-damage|p2a: Drifblim|0 fnt\n|faint|p2a: Drifblim\n|\n|-damage|p1a: Milotic|182/297 brn|[from] brn\n|upkeep\n|\n|t:|1768995832\n|switch|p2a: Reuniclus|Reuniclus, L87, F|333/333\n|turn|18\n|\n|t:|1768995837\n|move|p1a: Milotic|Scald|p2a: Reuniclus\n|-crit|p2a: Reuniclus\n|-damage|p2a: Reuniclus|66/333\n|move|p2a: Reuniclus|Calm Mind|p2a: Reuniclus\n|-boost|p2a: Reuniclus|spa|1\n|-boost|p2a: Reuniclus|spd|1\n|\n|-damage|p1a: Milotic|164/297 brn|[from] brn\n|upkeep\n|turn|19\n|\n|t:|1768995847\n|move|p1a: Milotic|Scald|p2a: Reuniclus\n|-damage|p2a: Reuniclus|0 fnt\n|faint|p2a: Reuniclus\n|\n|-damage|p1a: Milotic|146/297 brn|[from] brn\n|upkeep\n|\n|t:|1768995858\n|switch|p2a: Escavalier|Escavalier, L85, F|258/258\n|turn|20\n|\n|t:|1768995863\n|move|p1a: Milotic|Scald|p2a: Escavalier\n|-crit|p2a: Escavalier\n|-damage|p2a: Escavalier|23/258\n|-status|p2a: Escavalier|brn\n|move|p2a: Escavalier|Swords Dance|p2a: Escavalier\n|-boost|p2a: Escavalier|atk|2\n|\n|-heal|p2a: Escavalier|39/258 brn|[from] item: Leftovers\n|-damage|p1a: Milotic|128/297 brn|[from] brn\n|-damage|p2a: Escavalier|23/258 brn|[from] brn\n|upkeep\n|turn|21\n|-message|Blade Luther forfeited.\n|\n|win|Lkapkd\n|raw|Lkapkd's rating: 1559 &rarr; <strong>1577</strong><br />(+18 for winning)\n|raw|Blade Luther's rating: 1518 &rarr; <strong>1500</strong><br />(-18 for losing)\n|l|☆Blade Luther\n|player|p2|\n|l|☆Lkapkd\n|player|p1|\n", "inputlog": ">version 3bd1a1e329da8d286644078cfc9a9638fc7ea025\n>start {\"formatid\":\"gen7randombattle\",\"seed\":\"sodium,61f6cbe1728c53a34c3f462f13247e03\",\"rated\":\"Rated battle\"}\n>player p1 {\"name\":\"Lkapkd\",\"avatar\":\"#bltixsnorlaxes\",\"rating\":1559,\"seed\":\"sodium,56d2809a616ced51c7487006752e4368\"}\n>player p2 {\"name\":\"Blade Luther\",\"avatar\":\"ethan-masters\",\"rating\":1518,\"seed\":\"sodium,973d2aabfa3755ab27502b57fbb6dac9\"}\n>p1 move toxic\n>p2 move knockoff\n>p1 move seismictoss\n>p2 move return\n>p1 switch 5\n>p1 move icebeam\n>p2 move knockoff\n>p1 move icebeam\n>p2 move bravebird\n>p2 switch 3\n>p1 move scald\n>p2 move bulkup\n>p1 move scald\n>p2 move bulkup\n>p1 move scald\n>p2 move drainpunch\n>p1 move scald\n>p2 move drainpunch\n>p1 switch 3\n>p1 move haze\n>p2 move drainpunch\n>p1 move scald\n>p2 move knockoff\n>p1 move recover\n>p2 move drainpunch\n>p1 move scald\n>p2 switch 4\n>p1 move recover\n>p2 move willowisp\n>p1 move toxic\n>p2 move shadowball\n>p1 move recover\n>p2 move shadowball\n>p1 move recover\n>p2 move shadowball\n>p1 move scald\n>p2 move shadowball\n>p2 switch 2\n>p1 move scald\n>p2 move calmmind\n>p1 move scald\n>p2 move recover\n>p2 switch 5\n>p1 move scald\n>p2 move swordsdance\n>forcelose p2", "uploadtime": 1768995876, "views": 183, "formatid": "gen7randombattle", "rating": 1500, "private": 0, "password": null}