{"id": "gen7randombattle-2525392754", "format": "[Gen 7] Random Battle", "players": ["Snoop Rogue", "Lkapkd"], "log": "|j|☆Snoop Rogue\n|j|☆Lkapkd\n|t:|1769276451\n|gametype|singles\n|player|p1|Snoop Rogue|koga-lgpe|1594\n|player|p2|Lkapkd|#bltixsnorlaxes|1554\n|gen|7\n|tier|[Gen 7] Random Battle\n|rated|\n|rule|Sleep Clause Mod: Limit one foe put to sleep\n|rule|HP Percentage Mod: HP is shown in percentages\n|rule|Illusion Level Mod: Illusion disguises the Pokémon's true level\n|\n|t:|1769276451\n|teamsize|p1|6\n|teamsize|p2|6\n|start\n|switch|p1a: Mismagius|Mismagius, L87, F|246/246\n|switch|p2a: Sableye|Sableye, L86, M|226/226\n|turn|1\n|inactive|Battle timer is ON: inactive players will automatically lose when time's up. (requested by Snoop Rogue)\n|\n|t:|1769276474\n|move|p2a: Sableye|Calm Mind|p2a: Sableye\n|-boost|p2a: Sableye|spa|1\n|-boost|p2a: Sableye|spd|1\n|move|p1a: Mismagius|Dazzling Gleam|p2a: Sableye\n|-supereffective|p2a: Sableye\n|-damage|p2a: Sableye|118/226\n|\n|upkeep\n|turn|2\n|\n|t:|1769276484\n|switch|p1a: Weavile|Weavile, L79, M|240/240\n|move|p2a: Sableye|Calm Mind|p2a: Sableye\n|-boost|p2a: Sableye|spa|1\n|-boost|p2a: Sableye|spd|1\n|\n|upkeep\n|turn|3\n|\n|t:|1769276494\n|switch|p2a: Relicanth|Relicanth, L88, F|319/319\n|move|p1a: Weavile|Icicle Crash|p2a: Relicanth\n|-resisted|p2a: Relicanth\n|-damage|p2a: Relicanth|280/319\n|-damage|p1a: Weavile|216/240|[from] item: Life Orb\n|\n|upkeep\n|turn|4\n|\n|t:|1769276501\n|switch|p1a: Exeggutor|Exeggutor, L90, M|316/316\n|move|p2a: Relicanth|Rock Polish|p2a: Relicanth\n|-boost|p2a: Relicanth|spe|2\n|\n|upkeep\n|turn|5\n|\n|t:|1769276511\n|switch|p2a: Sableye|Sableye, L86, M|118/226\n|move|p1a: Exeggutor|Leech Seed|p2a: Sableye\n|-start|p2a: Sableye|move: Leech Seed\n|\n|-damage|p2a: Sableye|90/226|[from] Leech Seed|[of] p1a: Exeggutor\n|upkeep\n|turn|6\n|\n|t:|1769276519\n|switch|p2a: Tangrowth|Tangrowth, L89, M|323/323\n|move|p1a: Exeggutor|Sleep Powder|p2a: Tangrowth\n|-immune|p2a: Tangrowth\n|\n|upkeep\n|turn|7\n|\n|t:|1769276524\n|move|p1a: Exeggutor|Psychic|p2a: Tangrowth\n|-damage|p2a: Tangrowth|142/323\n|move|p2a: Tangrowth|Rock Slide|p1a: Exeggutor\n|-damage|p1a: Exeggutor|260/316\n|\n|upkeep\n|turn|8\n|\n|t:|1769276530\n|switch|p2a: Sableye|Sableye, L86, M|90/226\n|move|p1a: Exeggutor|Leech Seed|p2a: Sableye\n|-start|p2a: Sableye|move: Leech Seed\n|\n|-damage|p2a: Sableye|62/226|[from] Leech Seed|[of] p1a: Exeggutor\n|-heal|p1a: Exeggutor|288/316|[silent]\n|upkeep\n|turn|9\n|\n|t:|1769276535\n|switch|p1a: Weavile|Weavile, L79, M|216/240\n|move|p2a: Sableye|Will-O-Wisp|p1a: Weavile\n|-hint|Since gen 7, Dark is immune to Prankster moves.\n|-immune|p1a: Weavile\n|\n|-damage|p2a: Sableye|34/226|[from] Leech Seed|[of] p1a: Weavile\n|-heal|p1a: Weavile|240/240|[silent]\n|upkeep\n|turn|10\n|\n|t:|1769276545\n|detailschange|p2a: Sableye|Sableye-Mega, L86, M\n|-mega|p2a: Sableye|Sableye|Sablenite\n|move|p1a: Weavile|Swords Dance|p1a: Weavile\n|-boost|p1a: Weavile|atk|2\n|move|p2a: Sableye|Will-O-Wisp|p1a: Weavile|[miss]\n|-miss|p2a: Sableye|p1a: Weavile\n|\n|-damage|p2a: Sableye|6/226|[from] Leech Seed|[of] p1a: Weavile\n|upkeep\n|turn|11\n|c|☆Snoop Rogue|😎\n|\n|t:|1769276553\n|move|p1a: Weavile|Ice Shard|p2a: Sableye\n|-damage|p2a: Sableye|0 fnt\n|faint|p2a: Sableye\n|detailschange|p2: Sableye|Sableye, L86, M|[silent]\n|-damage|p1a: Weavile|216/240|[from] item: Life Orb\n|\n|upkeep\n|\n|t:|1769276556\n|switch|p2a: Hitmonchan|Hitmonchan, L87, M|229/229\n|turn|12\n|\n|t:|1769276560\n|switch|p1a: Toucannon|Toucannon, L88, M|284/284\n|move|p2a: Hitmonchan|Mach Punch|p1a: Toucannon\n|-damage|p1a: Toucannon|215/284\n|\n|-heal|p1a: Toucannon|232/284|[from] item: Leftovers\n|upkeep\n|turn|13\n|\n|t:|1769276568\n|switch|p2a: Relicanth|Relicanth, L88, F|280/319\n|move|p1a: Toucannon|Swords Dance|p1a: Toucannon\n|-boost|p1a: Toucannon|atk|2\n|\n|-heal|p1a: Toucannon|249/284|[from] item: Leftovers\n|upkeep\n|turn|14\n|\n|t:|1769276578\n|move|p1a: Toucannon|Bullet Seed|p2a: Relicanth\n|-supereffective|p2a: Relicanth\n|-damage|p2a: Relicanth|136/319\n|-enditem|p2a: Relicanth|Weakness Policy\n|-boost|p2a: Relicanth|atk|2|[from] item: Weakness Policy\n|-boost|p2a: Relicanth|spa|2|[from] item: Weakness Policy\n|-supereffective|p2a: Relicanth\n|-damage|p2a: Relicanth|12/319\n|-supereffective|p2a: Relicanth\n|-damage|p2a: Relicanth|0 fnt\n|faint|p2a: Relicanth\n|-hitcount|p2: Relicanth|3\n|\n|-heal|p1a: Toucannon|266/284|[from] item: Leftovers\n|upkeep\n|\n|t:|1769276583\n|switch|p2a: Oricorio|Oricorio-Pom-Pom, L87, F|272/272\n|turn|15\n|\n|t:|1769276593\n|switch|p1a: Rotom|Rotom-Heat, L84|221/221\n|move|p2a: Oricorio|Revelation Dance|p1a: Rotom\n|-resisted|p1a: Rotom\n|-damage|p1a: Rotom|174/221\n|\n|-heal|p1a: Rotom|187/221|[from] item: Leftovers\n|upkeep\n|turn|16\n|\n|t:|1769276602\n|switch|p2a: Nidoking|Nidoking, L82, M|267/267\n|switch|p1a: Weavile|Weavile, L79, M|216/240\n|\n|upkeep\n|turn|17\n|\n|t:|1769276608\n|switch|p2a: Tangrowth|Tangrowth, L89, M|249/323\n|move|p1a: Weavile|Icicle Crash|p2a: Tangrowth\n|-supereffective|p2a: Tangrowth\n|-damage|p2a: Tangrowth|75/323\n|-damage|p1a: Weavile|192/240|[from] item: Life Orb\n|\n|upkeep\n|turn|18\n|\n|t:|1769276613\n|move|p1a: Weavile|Icicle Crash|p2a: Tangrowth\n|-supereffective|p2a: Tangrowth\n|-damage|p2a: Tangrowth|0 fnt\n|faint|p2a: Tangrowth\n|-damage|p1a: Weavile|168/240|[from] item: Life Orb\n|\n|upkeep\n|\n|t:|1769276617\n|switch|p2a: Hitmonchan|Hitmonchan, L87, M|229/229\n|turn|19\n|\n|t:|1769276621\n|switch|p1a: Mismagius|Mismagius, L87, F|246/246\n|move|p2a: Hitmonchan|Ice Punch|p1a: Mismagius\n|-damage|p1a: Mismagius|151/246\n|\n|-heal|p1a: Mismagius|166/246|[from] item: Leftovers\n|upkeep\n|turn|20\n|\n|t:|1769276626\n|move|p1a: Mismagius|Shadow Ball|p2a: Hitmonchan\n|-damage|p2a: Hitmonchan|156/229\n|move|p2a: Hitmonchan|Ice Punch|p1a: Mismagius\n|-damage|p1a: Mismagius|67/246\n|-status|p1a: Mismagius|frz\n|\n|-heal|p1a: Mismagius|82/246 frz|[from] item: Leftovers\n|-heal|p2a: Hitmonchan|170/229|[from] item: Leftovers\n|upkeep\n|turn|21\n|\n|t:|1769276632\n|cant|p1a: Mismagius|frz\n|move|p2a: Hitmonchan|Bulk Up|p2a: Hitmonchan\n|-boost|p2a: Hitmonchan|atk|1\n|-boost|p2a: Hitmonchan|def|1\n|\n|-heal|p1a: Mismagius|97/246 frz|[from] item: Leftovers\n|-heal|p2a: Hitmonchan|184/229|[from] item: Leftovers\n|upkeep\n|turn|22\n|\n|t:|1769276637\n|-curestatus|p1a: Mismagius|frz|[msg]\n|move|p1a: Mismagius|Will-O-Wisp|p2a: Hitmonchan\n|-status|p2a: Hitmonchan|brn\n|move|p2a: Hitmonchan|Bulk Up|p2a: Hitmonchan\n|-boost|p2a: Hitmonchan|atk|1\n|-boost|p2a: Hitmonchan|def|1\n|\n|-heal|p1a: Mismagius|112/246|[from] item: Leftovers\n|-heal|p2a: Hitmonchan|198/229 brn|[from] item: Leftovers\n|-damage|p2a: Hitmonchan|184/229 brn|[from] brn\n|upkeep\n|turn|23\n|\n|t:|1769276640\n|move|p1a: Mismagius|Pain Split|p2a: Hitmonchan\n|-sethp|p2a: Hitmonchan|148/229 brn|[from] move: Pain Split|[silent]\n|-sethp|p1a: Mismagius|148/246|[from] move: Pain Split\n|move|p2a: Hitmonchan|Ice Punch|p1a: Mismagius\n|-damage|p1a: Mismagius|56/246\n|\n|-heal|p1a: Mismagius|71/246|[from] item: Leftovers\n|-heal|p2a: Hitmonchan|162/229 brn|[from] item: Leftovers\n|-damage|p2a: Hitmonchan|148/229 brn|[from] brn\n|upkeep\n|turn|24\n|\n|t:|1769276646\n|move|p1a: Mismagius|Pain Split|p2a: Hitmonchan\n|-sethp|p2a: Hitmonchan|109/229 brn|[from] move: Pain Split|[silent]\n|-sethp|p1a: Mismagius|109/246|[from] move: Pain Split\n|move|p2a: Hitmonchan|Ice Punch|p1a: Mismagius\n|-damage|p1a: Mismagius|13/246\n|\n|-heal|p1a: Mismagius|28/246|[from] item: Leftovers\n|-heal|p2a: Hitmonchan|123/229 brn|[from] item: Leftovers\n|-damage|p2a: Hitmonchan|109/229 brn|[from] brn\n|upkeep\n|turn|25\n|\n|t:|1769276649\n|move|p1a: Mismagius|Dazzling Gleam|p2a: Hitmonchan\n|-supereffective|p2a: Hitmonchan\n|-damage|p2a: Hitmonchan|0 fnt\n|faint|p2a: Hitmonchan\n|\n|-heal|p1a: Mismagius|43/246|[from] item: Leftovers\n|upkeep\n|-message|Lkapkd forfeited.\n|\n|win|Snoop Rogue\n|raw|Snoop Rogue's rating: 1594 &rarr; <strong>1612</strong><br />(+18 for winning)\n|raw|Lkapkd's rating: 1554 &rarr; <strong>1536</strong><br />(-18 for losing)\n|l|☆Lkapkd\n|player|p2|\n|j|☆Lkapkd\n|player|p2|Lkapkd|#bltixsnorlaxes|\n|l|☆Lkapkd\n|player|p2|\n", "inputlog": ">version b99ff0165a6231f17e8b78c2a78d1998375de664\n>start {\"formatid\":\"gen7randombattle\",\"seed\":\"sodium,968d9bccc90da25e6fb9d932bdd30517\",\"rated\":\"Rated battle\"}\n>player p1 {\"name\":\"Snoop Rogue\",\"avatar\":\"koga-lgpe\",\"rating\":1594,\"seed\":\"sodium,c52b16047d96d1ddf6d9d3d64506b8a4\"}\n>player p2 {\"name\":\"Lkapkd\",\"avatar\":\"#bltixsnorlaxes\",\"rating\":1554,\"seed\":\"sodium,a65601bed415ec8b8d9b98b1eb36d02c\"}\n>p1 move dazzlinggleam\n>p2 move calmmind\n>p1 switch 6\n>p2 move calmmind\n>p1 move iciclecrash\n>p2 switch 5\n>p1 switch 2\n>p2 move rockpolish\n>p1 move leechseed\n>p2 switch 5\n>p1 move sleeppowder\n>p2 switch 2\n>p1 move psychic\n>p2 move rockslide\n>p1 move leechseed\n>p2 switch 2\n>p1 switch 2\n>p2 move willowisp\n>p1 move swordsdance\n>p2 move willowisp mega\n>chat ☆Snoop Rogue|😎\n>p1 move iceshard\n>p2 move willowisp\n>p2 switch 4\n>p1 switch 3\n>p2 move machpunch\n>p1 move swordsdance\n>p2 switch 5\n>p1 move bulletseed\n>p2 move rockpolish\n>p2 switch 3\n>p1 switch 4\n>p2 move revelationdance\n>p1 switch 3\n>p2 switch 6\n>p1 move iciclecrash\n>p2 switch 2\n>p1 move iciclecrash\n>p2 move rockslide\n>p2 switch 5\n>p1 switch 6\n>p2 move icepunch\n>p1 move shadowball\n>p2 move icepunch\n>p1 move painsplit\n>p2 move bulkup\n>p1 move willowisp\n>p2 move bulkup\n>p1 move painsplit\n>p2 move icepunch\n>p1 move painsplit\n>p2 move icepunch\n>p1 move dazzlinggleam\n>p2 move icepunch\n>forcelose p2", "uploadtime": 1769276658, "views": 214, "formatid": "gen7randombattle", "rating": 1536, "private": 0, "password": null}