{"id": "gen7randombattle-2530886188", "format": "[Gen 7] Random Battle", "players": ["ytte", "imsobaked"], "log": "|j|☆ytte\n|j|☆imsobaked\n|t:|1769983411\n|gametype|singles\n|player|p1|ytte|169|1567\n|player|p2|imsobaked|hiker-gen4|1524\n|gen|7\n|tier|[Gen 7] Random Battle\n|rated|\n|rule|Sleep Clause Mod: Limit one foe put to sleep\n|rule|HP Percentage Mod: HP is shown in percentages\n|rule|Illusion Level Mod: Illusion disguises the Pokémon's true level\n|\n|t:|1769983411\n|teamsize|p1|6\n|teamsize|p2|6\n|start\n|switch|p1a: Medicham|Medicham, L85, F|241/241\n|switch|p2a: Suicune|Suicune, L82|298/298\n|-ability|p2a: Suicune|Pressure\n|turn|1\n|inactive|Battle timer is ON: inactive players will automatically lose when time's up. (requested by ytte)\n|inactive|ytte has 120 seconds left.\n|\n|t:|1769983467\n|move|p2a: Suicune|Scald|p1a: Medicham\n|-damage|p1a: Medicham|156/241\n|move|p1a: Medicham|High Jump Kick|p2a: Suicune\n|-damage|p2a: Suicune|66/298\n|\n|-heal|p2a: Suicune|84/298|[from] item: Leftovers\n|upkeep\n|turn|2\n|\n|t:|1769983481\n|switch|p2a: Blacephalon|Blacephalon, L80|215/215\n|switch|p1a: Zebstrika|Zebstrika, L88, F|275/275\n|\n|upkeep\n|turn|3\n|\n|t:|1769983501\n|move|p1a: Zebstrika|Volt Switch|p2a: Blacephalon\n|-damage|p2a: Blacephalon|106/215\n|inactive|ytte has 120 seconds left.\n|\n|t:|1769983522\n|switch|p1a: Corsola|Corsola, L96, F|280/280|[from] Volt Switch\n|-zpower|p2a: Blacephalon\n|move|p2a: Blacephalon|Inferno Overdrive|p1a: Corsola|[zeffect]\n|-resisted|p1a: Corsola\n|-damage|p1a: Corsola|225/280\n|\n|-heal|p1a: Corsola|242/280|[from] item: Leftovers\n|upkeep\n|turn|4\n|inactive|ytte has 120 seconds left.\n|\n|t:|1769983538\n|switch|p2a: Suicune|Suicune, L82|84/298\n|-ability|p2a: Suicune|Pressure\n|move|p1a: Corsola|Power Gem|p2a: Suicune\n|-damage|p2a: Suicune|21/298\n|\n|-heal|p2a: Suicune|39/298|[from] item: Leftovers\n|-heal|p1a: Corsola|259/280|[from] item: Leftovers\n|upkeep\n|turn|5\n|\n|t:|1769983541\n|move|p2a: Suicune|Rest|p2a: Suicune\n|-status|p2a: Suicune|slp|[from] move: Rest\n|-heal|p2a: Suicune|298/298 slp|[silent]\n|move|p1a: Corsola|Toxic||[still]\n|-fail|p1a: Corsola\n|\n|-heal|p1a: Corsola|276/280|[from] item: Leftovers\n|upkeep\n|turn|6\n|\n|t:|1769983547\n|switch|p1a: Zebstrika|Zebstrika, L88, F|275/275\n|cant|p2a: Suicune|slp\n|move|p2a: Suicune|Sleep Talk|p2a: Suicune\n|move|p2a: Suicune|Rest||[from] move: Sleep Talk|[still]\n|-fail|p2a: Suicune\n|\n|upkeep\n|turn|7\n|inactive|ytte has 120 seconds left.\n|\n|t:|1769983566\n|switch|p2a: Garchomp|Garchomp, L75, M|286/286\n|move|p1a: Zebstrika|Thunderbolt|p2a: Garchomp\n|-immune|p2a: Garchomp\n|\n|upkeep\n|turn|8\n|\n|t:|1769983574\n|switch|p1a: Medicham|Medicham, L85, F|156/241\n|move|p2a: Garchomp|Stone Edge|p1a: Medicham\n|-resisted|p1a: Medicham\n|-damage|p1a: Medicham|115/241\n|\n|upkeep\n|turn|9\n|\n|t:|1769983586\n|move|p2a: Garchomp|Earthquake|p1a: Medicham\n|-crit|p1a: Medicham\n|-damage|p1a: Medicham|0 fnt\n|faint|p1a: Medicham\n|\n|upkeep\n|inactive|ytte has 120 seconds left.\n|\n|t:|1769983612\n|switch|p1a: Landorus|Landorus, L77, M|264/264\n|turn|10\n|\n|t:|1769983622\n|switch|p2a: Weezing|Weezing, L87, F|255/255\n|move|p1a: Landorus|Calm Mind|p1a: Landorus\n|-boost|p1a: Landorus|spa|1\n|-boost|p1a: Landorus|spd|1\n|\n|upkeep\n|turn|11\n|inactive|ytte has 120 seconds left.\n|\n|t:|1769983634\n|move|p1a: Landorus|Calm Mind|p1a: Landorus\n|-boost|p1a: Landorus|spa|1\n|-boost|p1a: Landorus|spd|1\n|move|p2a: Weezing|Will-O-Wisp|p1a: Landorus\n|-status|p1a: Landorus|brn\n|\n|-damage|p1a: Landorus|248/264 brn|[from] brn\n|upkeep\n|turn|12\n|inactive|ytte has 120 seconds left.\n|\n|t:|1769983658\n|move|p1a: Landorus|Psychic|p2a: Weezing\n|-supereffective|p2a: Weezing\n|-damage|p2a: Weezing|0 fnt\n|faint|p2a: Weezing\n|\n|-damage|p1a: Landorus|232/264 brn|[from] brn\n|upkeep\n|\n|t:|1769983675\n|switch|p2a: Deoxys|Deoxys-Defense, L85|224/224\n|-ability|p2a: Deoxys|Pressure\n|turn|13\n|inactive|ytte has 120 seconds left.\n|\n|t:|1769983701\n|move|p2a: Deoxys|Psychic|p1a: Landorus\n|-damage|p1a: Landorus|183/264 brn\n|move|p1a: Landorus|Earth Power|p2a: Deoxys\n|-damage|p2a: Deoxys|37/224\n|\n|-heal|p2a: Deoxys|51/224|[from] item: Leftovers\n|-damage|p1a: Landorus|167/264 brn|[from] brn\n|upkeep\n|turn|14\n|\n|t:|1769983716\n|move|p2a: Deoxys|Recover|p2a: Deoxys\n|-heal|p2a: Deoxys|163/224\n|move|p1a: Landorus|Earth Power|p2a: Deoxys\n|-damage|p2a: Deoxys|0 fnt\n|faint|p2a: Deoxys\n|\n|-damage|p1a: Landorus|151/264 brn|[from] brn\n|upkeep\n|\n|t:|1769983723\n|switch|p2a: Suicune|Suicune, L82|298/298 slp\n|-ability|p2a: Suicune|Pressure\n|turn|15\n|inactive|ytte has 90 seconds left.\n|\n|t:|1769983754\n|move|p1a: Landorus|Earth Power|p2a: Suicune\n|-damage|p2a: Suicune|41/298 slp\n|cant|p2a: Suicune|slp\n|move|p2a: Suicune|Sleep Talk|p2a: Suicune\n|move|p2a: Suicune|Scald|p1a: Landorus|[from] move: Sleep Talk\n|-supereffective|p1a: Landorus\n|-damage|p1a: Landorus|67/264 brn\n|\n|-heal|p2a: Suicune|59/298 slp|[from] item: Leftovers\n|-damage|p1a: Landorus|51/264 brn|[from] brn\n|upkeep\n|turn|16\n|inactive|ytte has 90 seconds left.\n|\n|t:|1769983764\n|move|p1a: Landorus|Earth Power|p2a: Suicune\n|-damage|p2a: Suicune|0 fnt\n|faint|p2a: Suicune\n|\n|-damage|p1a: Landorus|35/264 brn|[from] brn\n|upkeep\n|\n|t:|1769983767\n|switch|p2a: Blacephalon|Blacephalon, L80|106/215\n|turn|17\n|\n|t:|1769983781\n|move|p2a: Blacephalon|Psyshock|p1a: Landorus\n|-damage|p1a: Landorus|0 fnt\n|faint|p1a: Landorus\n|-ability|p2a: Blacephalon|Beast Boost|boost\n|-boost|p2a: Blacephalon|spa|1\n|\n|upkeep\n|inactive|ytte has 90 seconds left.\n|\n|t:|1769983800\n|switch|p1a: Kangaskhan|Kangaskhan, L75, F|281/281\n|turn|18\n|\n|t:|1769983806\n|detailschange|p1a: Kangaskhan|Kangaskhan-Mega, L75, F\n|-mega|p1a: Kangaskhan|Kangaskhan|Kangaskhanite\n|move|p1a: Kangaskhan|Sucker Punch|p2a: Blacephalon\n|-supereffective|p2a: Blacephalon\n|-damage|p2a: Blacephalon|0 fnt\n|faint|p2a: Blacephalon\n|-hitcount|p2: Blacephalon|1\n|\n|upkeep\n|\n|t:|1769983810\n|switch|p2a: Lucario|Lucario, L74, M|226/226\n|turn|19\n|inactive|ytte has 90 seconds left.\n|\n|t:|1769983830\n|switch|p1a: Zebstrika|Zebstrika, L88, F|275/275\n|detailschange|p2a: Lucario|Lucario-Mega, L74, M\n|-mega|p2a: Lucario|Lucario|Lucarionite\n|move|p2a: Lucario|Nasty Plot|p2a: Lucario\n|-boost|p2a: Lucario|spa|2\n|\n|upkeep\n|turn|20\n|\n|t:|1769983838\n|move|p1a: Zebstrika|Thunderbolt|p2a: Lucario\n|-damage|p2a: Lucario|52/226\n|move|p2a: Lucario|Aura Sphere|p1a: Zebstrika\n|-damage|p1a: Zebstrika|0 fnt\n|faint|p1a: Zebstrika\n|\n|upkeep\n|inactive|ytte has 90 seconds left.\n|\n|t:|1769983856\n|switch|p1a: Dedenne|Dedenne, L91, M|270/270\n|turn|21\n|\n|t:|1769983860\n|switch|p2a: Garchomp|Garchomp, L75, M|286/286\n|move|p1a: Dedenne|Thunderbolt|p2a: Garchomp\n|-immune|p2a: Garchomp\n|\n|upkeep\n|turn|22\n|\n|t:|1769983868\n|move|p1a: Dedenne|Toxic|p2a: Garchomp\n|-status|p2a: Garchomp|tox\n|move|p2a: Garchomp|Earthquake|p1a: Dedenne\n|-supereffective|p1a: Dedenne\n|-damage|p1a: Dedenne|0 fnt\n|faint|p1a: Dedenne\n|\n|-damage|p2a: Garchomp|269/286 tox|[from] psn\n|upkeep\n|\n|t:|1769983876\n|switch|p1a: Corsola|Corsola, L96, F|280/280\n|turn|23\n|\n|t:|1769983882\n|move|p2a: Garchomp|Earthquake|p1a: Corsola\n|-supereffective|p1a: Corsola\n|-damage|p1a: Corsola|98/280\n|move|p1a: Corsola|Scald|p2a: Garchomp\n|-damage|p2a: Garchomp|205/286 tox\n|\n|-heal|p1a: Corsola|115/280|[from] item: Leftovers\n|-damage|p2a: Garchomp|171/286 tox|[from] psn\n|upkeep\n|turn|24\n|\n|t:|1769983891\n|move|p2a: Garchomp|Earthquake|p1a: Corsola\n|-supereffective|p1a: Corsola\n|-damage|p1a: Corsola|0 fnt\n|faint|p1a: Corsola\n|\n|-damage|p2a: Garchomp|120/286 tox|[from] psn\n|upkeep\n|\n|t:|1769983899\n|switch|p1a: Kangaskhan|Kangaskhan-Mega, L75, F|281/281\n|turn|25\n|\n|t:|1769983905\n|move|p2a: Garchomp|Outrage|p1a: Kangaskhan\n|-damage|p1a: Kangaskhan|143/281\n|move|p1a: Kangaskhan|Power-Up Punch|p2a: Garchomp\n|-damage|p2a: Garchomp|90/286 tox\n|-boost|p1a: Kangaskhan|atk|1\n|-damage|p1a: Kangaskhan|108/281|[from] ability: Rough Skin|[of] p2a: Garchomp\n|-damage|p2a: Garchomp|80/286 tox\n|-boost|p1a: Kangaskhan|atk|1\n|-damage|p1a: Kangaskhan|73/281|[from] ability: Rough Skin|[of] p2a: Garchomp\n|-hitcount|p2a: Garchomp|2\n|\n|-damage|p2a: Garchomp|12/286 tox|[from] psn\n|upkeep\n|turn|26\n|\n|t:|1769983911\n|move|p1a: Kangaskhan|Sucker Punch|p2a: Garchomp\n|-damage|p2a: Garchomp|0 fnt\n|-damage|p1a: Kangaskhan|38/281|[from] ability: Rough Skin|[of] p2a: Garchomp\n|faint|p2a: Garchomp\n|-hitcount|p2: Garchomp|1\n|\n|upkeep\n|\n|t:|1769983913\n|switch|p2a: Lucario|Lucario-Mega, L74, M|52/226\n|turn|27\n|\n|t:|1769983918\n|move|p2a: Lucario|Vacuum Wave|p1a: Kangaskhan\n|-supereffective|p1a: Kangaskhan\n|-damage|p1a: Kangaskhan|0 fnt\n|faint|p1a: Kangaskhan\n|detailschange|p1: Kangaskhan|Kangaskhan, L75, F|[silent]\n|\n|win|imsobaked\n|raw|ytte's rating: 1567 &rarr; <strong>1545</strong><br />(-22 for losing)\n|raw|imsobaked's rating: 1524 &rarr; <strong>1546</strong><br />(+22 for winning)\n|l|☆ytte\n|player|p1|\n", "inputlog": ">version ccdc32dd7cde25fd9e4bed64820e885f66e78a4e\n>start {\"formatid\":\"gen7randombattle\",\"seed\":\"sodium,f27282f97d26f585d54d2ba9e3cf4a29\",\"rated\":\"Rated battle\"}\n>player p1 {\"name\":\"ytte\",\"avatar\":\"169\",\"rating\":1567,\"seed\":\"sodium,8eba206a0fc9c5f2e6cc4faff016cd55\"}\n>player p2 {\"name\":\"imsobaked\",\"avatar\":\"hiker-gen4\",\"rating\":1524,\"seed\":\"sodium,f1f110c2871bd18ad5fbe2652770edec\"}\n>p1 move highjumpkick\n>p2 move scald\n>p1 switch 6\n>p2 switch 3\n>p1 move voltswitch\n>p2 move fireblast zmove\n>p1 switch 4\n>p1 move powergem\n>p2 switch 3\n>p1 move toxic\n>p2 move rest\n>p1 switch 4\n>p2 move sleeptalk\n>p1 move thunderbolt\n>p2 switch 4\n>p1 switch 6\n>p2 move stoneedge\n>p1 move icepunch\n>p2 move earthquake\n>p1 switch 5\n>p1 move calmmind\n>p2 switch 5\n>p1 move calmmind\n>p2 move willowisp\n>p1 move psychic\n>p2 move toxicspikes\n>p2 switch 2\n>p1 move earthpower\n>p2 move psychic\n>p1 move earthpower\n>p2 move recover\n>p2 switch 4\n>p1 move earthpower\n>p2 move sleeptalk\n>p1 move earthpower\n>p2 move rest\n>p2 switch 3\n>p1 move earthpower\n>p2 move psyshock\n>p1 switch 2\n>p1 move suckerpunch mega\n>p2 move fireblast\n>p2 switch 6\n>p1 switch 6\n>p2 move nastyplot mega\n>p1 move thunderbolt\n>p2 move aurasphere\n>p1 switch 3\n>p1 move thunderbolt\n>p2 switch 5\n>p1 move toxic\n>p2 move earthquake\n>p1 switch 4\n>p1 move scald\n>p2 move earthquake\n>p1 move recover\n>p2 move earthquake\n>p1 switch 6\n>p1 move poweruppunch\n>p2 move outrage\n>p1 move suckerpunch\n>p2 move outrage\n>p2 switch 5\n>p1 move suckerpunch\n>p2 move vacuumwave", "uploadtime": 1769983926, "views": 194, "formatid": "gen7randombattle", "rating": 1545, "private": 0, "password": null}