{"id": "gen7randombattle-2534565365", "format": "[Gen 7] Random Battle", "players": ["MimikyuTrainerAsh", "Hasanredbaron"], "log": "|j|☆MimikyuTrainerAsh\n|j|☆Hasanredbaron\n|t:|1770437879\n|gametype|singles\n|player|p1|MimikyuTrainerAsh|pokekid|1591\n|player|p2|Hasanredbaron|2|1547\n|gen|7\n|tier|[Gen 7] Random Battle\n|rated|\n|rule|Sleep Clause Mod: Limit one foe put to sleep\n|rule|HP Percentage Mod: HP is shown in percentages\n|rule|Illusion Level Mod: Illusion disguises the Pokémon's true level\n|\n|t:|1770437879\n|teamsize|p1|6\n|teamsize|p2|6\n|start\n|switch|p1a: Eelektross|Eelektross, L88, M|293/293\n|switch|p2a: Dodrio|Dodrio, L82, M|233/233\n|turn|1\n|inactive|Battle timer is ON: inactive players will automatically lose when time's up. (requested by MimikyuTrainerAsh)\n|\n|t:|1770437898\n|switch|p2a: Bewear|Bewear, L84, M, shiny|339/339\n|move|p1a: Eelektross|Discharge|p2a: Bewear\n|-damage|p2a: Bewear|215/339\n|-status|p2a: Bewear|par\n|\n|-heal|p2a: Bewear|236/339 par|[from] item: Leftovers\n|upkeep\n|turn|2\n|\n|t:|1770437923\n|switch|p1a: Armaldo|Armaldo, L89, M|278/278\n|move|p2a: Bewear|Return|p1a: Armaldo\n|-resisted|p1a: Armaldo\n|-damage|p1a: Armaldo|221/278\n|\n|-heal|p1a: Armaldo|238/278|[from] item: Leftovers\n|-heal|p2a: Bewear|257/339 par|[from] item: Leftovers\n|upkeep\n|turn|3\n|\n|t:|1770437933\n|move|p1a: Armaldo|Knock Off|p2a: Bewear\n|-resisted|p2a: Bewear\n|-damage|p2a: Bewear|233/339 par\n|-enditem|p2a: Bewear|Leftovers|[from] move: Knock Off|[of] p1a: Armaldo\n|move|p2a: Bewear|Swords Dance|p2a: Bewear\n|-boost|p2a: Bewear|atk|2\n|\n|-heal|p1a: Armaldo|255/278|[from] item: Leftovers\n|upkeep\n|turn|4\n|\n|t:|1770437939\n|move|p1a: Armaldo|Rapid Spin|p2a: Bewear\n|-damage|p2a: Bewear|222/339 par\n|move|p2a: Bewear|Shadow Claw|p1a: Armaldo\n|-damage|p1a: Armaldo|149/278\n|\n|-heal|p1a: Armaldo|166/278|[from] item: Leftovers\n|upkeep\n|turn|5\n|\n|t:|1770437945\n|move|p1a: Armaldo|Rapid Spin|p2a: Bewear\n|-damage|p2a: Bewear|212/339 par\n|move|p2a: Bewear|Swords Dance|p2a: Bewear\n|-boost|p2a: Bewear|atk|2\n|\n|-heal|p1a: Armaldo|183/278|[from] item: Leftovers\n|upkeep\n|turn|6\n|\n|t:|1770437951\n|move|p1a: Armaldo|Rapid Spin|p2a: Bewear\n|-damage|p2a: Bewear|202/339 par\n|move|p2a: Bewear|Shadow Claw|p1a: Armaldo\n|-damage|p1a: Armaldo|32/278\n|\n|-heal|p1a: Armaldo|49/278|[from] item: Leftovers\n|upkeep\n|turn|7\n|\n|t:|1770437957\n|move|p1a: Armaldo|Stone Edge|p2a: Bewear\n|-resisted|p2a: Bewear\n|-damage|p2a: Bewear|128/339 par\n|move|p2a: Bewear|Shadow Claw|p1a: Armaldo\n|-damage|p1a: Armaldo|0 fnt\n|faint|p1a: Armaldo\n|\n|upkeep\n|\n|t:|1770437964\n|switch|p1a: Eelektross|Eelektross, L88, M|293/293\n|turn|8\n|\n|t:|1770437967\n|move|p1a: Eelektross|Flamethrower|p2a: Bewear\n|-damage|p2a: Bewear|0 fnt\n|faint|p2a: Bewear\n|\n|upkeep\n|\n|t:|1770437985\n|switch|p2a: Metagross|Metagross, L74|240/240\n|turn|9\n|\n|t:|1770437991\n|detailschange|p2a: Metagross|Metagross-Mega, L74\n|-mega|p2a: Metagross|Metagross|Metagrossite\n|move|p2a: Metagross|Zen Headbutt|p1a: Eelektross\n|-damage|p1a: Eelektross|163/293\n|move|p1a: Eelektross|Discharge|p2a: Metagross\n|-damage|p2a: Metagross|140/240\n|\n|upkeep\n|turn|10\n|\n|t:|1770437996\n|move|p2a: Metagross|Hone Claws|p2a: Metagross\n|-boost|p2a: Metagross|atk|1\n|-boost|p2a: Metagross|accuracy|1\n|move|p1a: Eelektross|Discharge|p2a: Metagross\n|-damage|p2a: Metagross|47/240\n|\n|upkeep\n|turn|11\n|\n|t:|1770437999\n|move|p2a: Metagross|Zen Headbutt|p1a: Eelektross\n|-damage|p1a: Eelektross|0 fnt\n|faint|p1a: Eelektross\n|\n|upkeep\n|\n|t:|1770438004\n|switch|p1a: Noivern|Noivern, L83, F|277/277\n|turn|12\n|\n|t:|1770438008\n|move|p1a: Noivern|Flamethrower|p2a: Metagross\n|-supereffective|p2a: Metagross\n|-damage|p2a: Metagross|0 fnt\n|faint|p2a: Metagross\n|detailschange|p2: Metagross|Metagross, L74|[silent]\n|\n|upkeep\n|\n|t:|1770438013\n|switch|p2a: Relicanth|Relicanth, L88, F|319/319\n|turn|13\n|\n|t:|1770438017\n|switch|p1a: Whiscash|Whiscash, L89, M|341/341\n|move|p2a: Relicanth|Rock Polish|p2a: Relicanth\n|-boost|p2a: Relicanth|spe|2\n|\n|upkeep\n|turn|14\n|\n|t:|1770438021\n|move|p1a: Whiscash|Protect|p1a: Whiscash\n|-singleturn|p1a: Whiscash|Protect\n|move|p2a: Relicanth|Waterfall|p1a: Whiscash\n|-activate|p1a: Whiscash|move: Protect\n|\n|upkeep\n|turn|15\n|\n|t:|1770438030\n|switch|p2a: Dodrio|Dodrio, L82, M|233/233\n|move|p1a: Whiscash|Earthquake|p2a: Dodrio\n|-immune|p2a: Dodrio\n|\n|upkeep\n|turn|16\n|\n|t:|1770438033\n|move|p2a: Dodrio|Swords Dance|p2a: Dodrio\n|-boost|p2a: Dodrio|atk|2\n|move|p1a: Whiscash|Scald|p2a: Dodrio\n|-damage|p2a: Dodrio|127/233\n|-status|p2a: Dodrio|brn\n|\n|-damage|p2a: Dodrio|113/233 brn|[from] brn\n|upkeep\n|turn|17\n|\n|t:|1770438038\n|move|p1a: Whiscash|Protect|p1a: Whiscash\n|-singleturn|p1a: Whiscash|Protect\n|-zpower|p2a: Dodrio\n|move|p2a: Dodrio|Supersonic Skystrike|p1a: Whiscash|[zeffect]\n|-zbroken|p1a: Whiscash\n|-damage|p1a: Whiscash|289/341\n|\n|-heal|p1a: Whiscash|310/341|[from] item: Leftovers\n|-damage|p2a: Dodrio|99/233 brn|[from] brn\n|upkeep\n|turn|18\n|c|☆MimikyuTrainerAsh|yeesh\n|c|☆MimikyuTrainerAsh|15.2\n|\n|t:|1770438047\n|move|p2a: Dodrio|Brave Bird|p1a: Whiscash\n|-damage|p1a: Whiscash|179/341\n|-damage|p2a: Dodrio|56/233 brn|[from] Recoil\n|move|p1a: Whiscash|Scald|p2a: Dodrio\n|-damage|p2a: Dodrio|0 fnt\n|faint|p2a: Dodrio\n|\n|-heal|p1a: Whiscash|200/341|[from] item: Leftovers\n|upkeep\n|\n|t:|1770438052\n|switch|p2a: Wishiwashi|Wishiwashi, L89, M|225/225\n|-formechange|p2a: Wishiwashi|Wishiwashi-School||[from] ability: Schooling\n|turn|19\n|\n|t:|1770438057\n|move|p1a: Whiscash|Protect|p1a: Whiscash\n|-singleturn|p1a: Whiscash|Protect\n|move|p2a: Wishiwashi|Hidden Power|p1a: Whiscash\n|-activate|p1a: Whiscash|move: Protect\n|\n|-heal|p1a: Whiscash|221/341|[from] item: Leftovers\n|upkeep\n|turn|20\n|\n|t:|1770438064\n|switch|p1a: Noivern|Noivern, L83, F|277/277\n|switch|p2a: Relicanth|Relicanth, L88, F|319/319\n|\n|upkeep\n|turn|21\n|\n|t:|1770438072\n|move|p1a: Noivern|U-turn|p2a: Relicanth\n|-damage|p2a: Relicanth|292/319\n|\n|t:|1770438074\n|switch|p1a: Whiscash|Whiscash, L89, M|221/341|[from] U-turn\n|move|p2a: Relicanth|Waterfall|p1a: Whiscash\n|-damage|p1a: Whiscash|119/341\n|\n|-heal|p1a: Whiscash|140/341|[from] item: Leftovers\n|upkeep\n|turn|22\n|\n|t:|1770438084\n|switch|p2a: Wishiwashi|Wishiwashi, L89, M|225/225\n|-formechange|p2a: Wishiwashi|Wishiwashi-School||[from] ability: Schooling\n|move|p1a: Whiscash|Earthquake|p2a: Wishiwashi\n|-damage|p2a: Wishiwashi|156/225\n|\n|-heal|p1a: Whiscash|161/341|[from] item: Leftovers\n|upkeep\n|turn|23\n|\n|t:|1770438091\n|switch|p1a: Glalie|Glalie, L83, F|267/267\n|move|p2a: Wishiwashi|Ice Beam|p1a: Glalie\n|-resisted|p1a: Glalie\n|-damage|p1a: Glalie|195/267\n|\n|upkeep\n|turn|24\n|\n|t:|1770438095\n|detailschange|p1a: Glalie|Glalie-Mega, L83, F\n|-mega|p1a: Glalie|Glalie|Glalitite\n|move|p1a: Glalie|Freeze-Dry|p2a: Wishiwashi\n|-supereffective|p2a: Wishiwashi\n|-damage|p2a: Wishiwashi|36/225\n|move|p2a: Wishiwashi|Ice Beam|p1a: Glalie\n|-resisted|p1a: Glalie\n|-damage|p1a: Glalie|120/267\n|\n|-formechange|p2a: Wishiwashi|Wishiwashi||[from] ability: Schooling\n|upkeep\n|turn|25\n|c|☆MimikyuTrainerAsh|checkmate\n|\n|t:|1770438106\n|move|p1a: Glalie|Freeze-Dry|p2a: Wishiwashi\n|-supereffective|p2a: Wishiwashi\n|-damage|p2a: Wishiwashi|0 fnt\n|faint|p2a: Wishiwashi\n|\n|upkeep\n|\n|t:|1770438110\n|switch|p2a: Jirachi|Jirachi, L76|277/277\n|turn|26\n|c|☆MimikyuTrainerAsh|im so corny bru fml\n|\n|t:|1770438116\n|switch|p1a: Noivern|Noivern, L83, F|277/277\n|move|p2a: Jirachi|Body Slam|p1a: Noivern\n|-damage|p1a: Noivern|217/277\n|\n|upkeep\n|turn|27\n|\n|t:|1770438131\n|move|p1a: Noivern|U-turn|p2a: Jirachi\n|-damage|p2a: Jirachi|235/277\n|\n|t:|1770438136\n|switch|p1a: Regigigas|Regigigas, L86|329/329|[from] U-turn\n|-start|p1a: Regigigas|ability: Slow Start\n|move|p2a: Jirachi|Body Slam|p1a: Regigigas\n|-crit|p1a: Regigigas\n|-damage|p1a: Regigigas|270/329\n|-status|p1a: Regigigas|par\n|\n|-heal|p2a: Jirachi|252/277|[from] item: Leftovers\n|-heal|p1a: Regigigas|290/329 par|[from] item: Leftovers\n|upkeep\n|turn|28\n|\n|t:|1770438144\n|move|p2a: Jirachi|Iron Head|p1a: Regigigas\n|-damage|p1a: Regigigas|230/329 par\n|cant|p1a: Regigigas|flinch\n|\n|-heal|p2a: Jirachi|269/277|[from] item: Leftovers\n|-heal|p1a: Regigigas|250/329 par|[from] item: Leftovers\n|upkeep\n|turn|29\n|\n|t:|1770438147\n|move|p2a: Jirachi|Iron Head|p1a: Regigigas\n|-damage|p1a: Regigigas|189/329 par\n|cant|p1a: Regigigas|flinch\n|\n|-heal|p2a: Jirachi|277/277|[from] item: Leftovers\n|-heal|p1a: Regigigas|209/329 par|[from] item: Leftovers\n|upkeep\n|turn|30\n|c|☆MimikyuTrainerAsh|get para NOW\n|\n|t:|1770438154\n|move|p2a: Jirachi|Iron Head|p1a: Regigigas\n|-damage|p1a: Regigigas|149/329 par\n|move|p1a: Regigigas|Thunder Wave|p2a: Jirachi\n|-status|p2a: Jirachi|par\n|\n|-heal|p1a: Regigigas|169/329 par|[from] item: Leftovers\n|upkeep\n|turn|31\n|\n|t:|1770438158\n|move|p2a: Jirachi|Iron Head|p1a: Regigigas\n|-damage|p1a: Regigigas|105/329 par\n|cant|p1a: Regigigas|flinch\n|\n|-heal|p1a: Regigigas|125/329 par|[from] item: Leftovers\n|upkeep\n|turn|32\n|c|☆MimikyuTrainerAsh|get para NOW\n|\n|t:|1770438163\n|move|p2a: Jirachi|Iron Head|p1a: Regigigas\n|-damage|p1a: Regigigas|64/329 par\n|cant|p1a: Regigigas|flinch\n|\n|-heal|p1a: Regigigas|84/329 par|[from] item: Leftovers\n|-end|p1a: Regigigas|Slow Start\n|upkeep\n|turn|33\n|c|☆MimikyuTrainerAsh|PLEASE\n|\n|t:|1770438168\n|move|p1a: Regigigas|Knock Off|p2a: Jirachi\n|-supereffective|p2a: Jirachi\n|-damage|p2a: Jirachi|75/277 par\n|-enditem|p2a: Jirachi|Leftovers|[from] move: Knock Off|[of] p1a: Regigigas\n|cant|p2a: Jirachi|par\n|\n|-heal|p1a: Regigigas|104/329 par|[from] item: Leftovers\n|upkeep\n|turn|34\n|c|☆MimikyuTrainerAsh|I BEG YOU\n|c|☆MimikyuTrainerAsh|YES\n|c|☆MimikyuTrainerAsh|MY GOAT\n|\n|t:|1770438176\n|cant|p1a: Regigigas|par\n|move|p2a: Jirachi|Iron Head|p1a: Regigigas\n|-damage|p1a: Regigigas|41/329 par\n|\n|-heal|p1a: Regigigas|61/329 par|[from] item: Leftovers\n|upkeep\n|turn|35\n|c|☆MimikyuTrainerAsh|nvm\n|\n|t:|1770438181\n|cant|p1a: Regigigas|par\n|move|p2a: Jirachi|Iron Head|p1a: Regigigas\n|-damage|p1a: Regigigas|0 fnt\n|faint|p1a: Regigigas\n|\n|upkeep\n|c|☆MimikyuTrainerAsh|useless titan\n|\n|t:|1770438190\n|switch|p1a: Whiscash|Whiscash, L89, M|161/341\n|turn|36\n|\n|t:|1770438194\n|move|p1a: Whiscash|Earthquake|p2a: Jirachi\n|-supereffective|p2a: Jirachi\n|-damage|p2a: Jirachi|0 fnt\n|faint|p2a: Jirachi\n|\n|-heal|p1a: Whiscash|182/341|[from] item: Leftovers\n|upkeep\n|\n|t:|1770438198\n|switch|p2a: Relicanth|Relicanth, L88, F|292/319\n|turn|37\n|\n|t:|1770438201\n|move|p1a: Whiscash|Earthquake|p2a: Relicanth\n|-supereffective|p2a: Relicanth\n|-damage|p2a: Relicanth|160/319\n|-enditem|p2a: Relicanth|Weakness Policy\n|-boost|p2a: Relicanth|atk|2|[from] item: Weakness Policy\n|-boost|p2a: Relicanth|spa|2|[from] item: Weakness Policy\n|move|p2a: Relicanth|Waterfall|p1a: Whiscash\n|-damage|p1a: Whiscash|0 fnt\n|faint|p1a: Whiscash\n|\n|upkeep\n|c|☆MimikyuTrainerAsh|oh hell nah\n|\n|t:|1770438208\n|switch|p1a: Glalie|Glalie-Mega, L83, F|120/267\n|turn|38\n|\n|t:|1770438211\n|move|p1a: Glalie|Freeze-Dry|p2a: Relicanth\n|-supereffective|p2a: Relicanth\n|-damage|p2a: Relicanth|0 fnt\n|faint|p2a: Relicanth\n|\n|win|MimikyuTrainerAsh\n|raw|MimikyuTrainerAsh's rating: 1591 &rarr; <strong>1608</strong><br />(+17 for winning)\n|raw|Hasanredbaron's rating: 1547 &rarr; <strong>1530</strong><br />(-17 for losing)\n|l|☆Hasanredbaron\n|player|p2|\n|c|☆MimikyuTrainerAsh|gg\n", "inputlog": ">version ccdc32dd7cde25fd9e4bed64820e885f66e78a4e\n>start {\"formatid\":\"gen7randombattle\",\"seed\":\"sodium,a046f57399ce64894d008328bc371d77\",\"rated\":\"Rated battle\"}\n>player p1 {\"name\":\"MimikyuTrainerAsh\",\"avatar\":\"pokekid\",\"rating\":1591,\"seed\":\"sodium,9250677c44193c943c020112954e761b\"}\n>player p2 {\"name\":\"Hasanredbaron\",\"avatar\":\"2\",\"rating\":1547,\"seed\":\"sodium,34f931f7cebcad98976064fed78c14c0\"}\n>p1 move discharge\n>p2 switch 4\n>p1 switch 4\n>p2 move return\n>p1 move knockoff\n>p2 move swordsdance\n>p1 move rapidspin\n>p2 move shadowclaw\n>p1 move rapidspin\n>p2 move swordsdance\n>p1 move rapidspin\n>p2 move shadowclaw\n>p1 move stoneedge\n>p2 move shadowclaw\n>p1 switch 4\n>p1 move flamethrower\n>p2 move superpower\n>p2 switch 6\n>p1 move discharge\n>p2 move zenheadbutt mega\n>p1 move discharge\n>p2 move honeclaws\n>p1 move discharge\n>p2 move zenheadbutt\n>p1 switch 6\n>p1 move flamethrower\n>p2 move meteormash\n>p2 switch 2\n>p1 switch 5\n>p2 move rockpolish\n>p1 move protect\n>p2 move waterfall\n>p1 move earthquake\n>p2 switch 4\n>p1 move scald\n>p2 move swordsdance\n>p1 move protect\n>p2 move bravebird zmove\n>chat ☆MimikyuTrainerAsh|yeesh\n>chat ☆MimikyuTrainerAsh|15.2\n>p1 move scald\n>p2 move bravebird\n>p2 switch 3\n>p1 move protect\n>p2 move hiddenpower\n>p1 switch 5\n>p2 switch 4\n>p1 move uturn\n>p2 move waterfall\n>p1 switch 5\n>p1 move earthquake\n>p2 switch 4\n>p1 switch 2\n>p2 move icebeam\n>p1 move freezedry mega\n>p2 move icebeam\n>chat ☆MimikyuTrainerAsh|checkmate\n>p1 move freezedry\n>p2 move icebeam\n>p2 switch 5\n>chat ☆MimikyuTrainerAsh|im so corny bru fml\n>p1 switch 5\n>p2 move bodyslam\n>p1 move uturn\n>p2 move bodyslam\n>p1 switch 3\n>p1 move substitute\n>p2 move ironhead\n>p1 move thunderwave\n>p2 move ironhead\n>chat ☆MimikyuTrainerAsh|get para NOW\n>p1 move thunderwave\n>p2 move ironhead\n>p1 move knockoff\n>p2 move ironhead\n>chat ☆MimikyuTrainerAsh|get para NOW\n>p1 move knockoff\n>p2 move ironhead\n>chat ☆MimikyuTrainerAsh|PLEASE\n>p1 move knockoff\n>p2 move ironhead\n>chat ☆MimikyuTrainerAsh|I BEG YOU\n>chat ☆MimikyuTrainerAsh|YES\n>chat ☆MimikyuTrainerAsh|MY GOAT\n>p1 move knockoff\n>p2 move ironhead\n>chat ☆MimikyuTrainerAsh|nvm\n>p1 move knockoff\n>p2 move ironhead\n>chat ☆MimikyuTrainerAsh|useless titan\n>p1 switch 2\n>p1 move earthquake\n>p2 move bodyslam\n>p2 switch 4\n>p1 move earthquake\n>p2 move waterfall\n>chat ☆MimikyuTrainerAsh|oh hell nah\n>p1 switch 5\n>p1 move freezedry\n>p2 move rockpolish", "uploadtime": 1770438221, "views": 202, "formatid": "gen7randombattle", "rating": 1530, "private": 0, "password": null}