{"id": "gen7randombattle-2533152192", "format": "[Gen 7] Random Battle", "players": ["aurora ltd", "may/gen3"], "log": "|j|☆aurora ltd\n|j|☆may/gen3\n|t:|1770263828\n|gametype|singles\n|player|p1|aurora ltd|silver-gen2kanto|1503\n|player|p2|may/gen3|may|1521\n|gen|7\n|tier|[Gen 7] Random Battle\n|rated|\n|rule|Sleep Clause Mod: Limit one foe put to sleep\n|rule|HP Percentage Mod: HP is shown in percentages\n|rule|Illusion Level Mod: Illusion disguises the Pokémon's true level\n|\n|t:|1770263828\n|teamsize|p1|6\n|teamsize|p2|6\n|start\n|switch|p1a: Gourgeist|Gourgeist-Large, L91, F|284/284\n|switch|p2a: Gardevoir|Gardevoir, L79, M|237/237\n|-item|p2a: Gardevoir|Gardevoirite|[from] ability: Frisk|[of] p1a: Gourgeist\n|-ability|p2a: Gardevoir|Frisk|Trace|[from] ability: Trace|[of] p1a: Gourgeist\n|-item|p1a: Gourgeist|Leftovers|[from] ability: Frisk|[of] p2a: Gardevoir\n|turn|1\n|inactive|Battle timer is ON: inactive players will automatically lose when time's up. (requested by may/gen3)\n|\n|t:|1770263859\n|detailschange|p2a: Gardevoir|Gardevoir-Mega, L79, M\n|-mega|p2a: Gardevoir|Gardevoir|Gardevoirite\n|move|p1a: Gourgeist|Shadow Sneak|p2a: Gardevoir\n|-supereffective|p2a: Gardevoir\n|-damage|p2a: Gardevoir|115/237\n|move|p2a: Gardevoir|Hyper Voice|p1a: Gourgeist\n|-damage|p1a: Gourgeist|121/284\n|\n|-heal|p1a: Gourgeist|138/284|[from] item: Leftovers\n|upkeep\n|turn|2\n|\n|t:|1770263871\n|switch|p2a: Pelipper|Pelipper, L87, F|246/246\n|-weather|RainDance|[from] ability: Drizzle|[of] p2a: Pelipper\n|move|p1a: Gourgeist|Shadow Sneak|p2a: Pelipper\n|-damage|p2a: Pelipper|206/246\n|\n|-weather|RainDance|[upkeep]\n|-heal|p1a: Gourgeist|155/284|[from] item: Leftovers\n|upkeep\n|turn|3\n|inactive|aurora ltd has 120 seconds left.\n|\n|t:|1770263906\n|switch|p1a: Zeraora|Zeraora, L77|262/262\n|move|p2a: Pelipper|Hurricane|p1a: Zeraora\n|-resisted|p1a: Zeraora\n|-damage|p1a: Zeraora|148/262\n|\n|-weather|RainDance|[upkeep]\n|upkeep\n|turn|4\n|inactive|aurora ltd has 120 seconds left.\n|\n|t:|1770263914\n|switch|p2a: Rotom|Rotom-Heat, L84|221/221\n|move|p1a: Zeraora|Plasma Fists|p2a: Rotom\n|-resisted|p2a: Rotom\n|-damage|p2a: Rotom|161/221\n|-fieldactivate|move: Ion Deluge\n|-hint|Normal-type moves become Electric-type after using Plasma Fists.\n|-damage|p1a: Zeraora|122/262|[from] item: Life Orb\n|\n|-weather|RainDance|[upkeep]\n|upkeep\n|turn|5\n|inactive|aurora ltd has 120 seconds left.\n|\n|t:|1770263947\n|move|p1a: Zeraora|Close Combat|p2a: Rotom\n|-damage|p2a: Rotom|69/221\n|-unboost|p1a: Zeraora|def|1\n|-unboost|p1a: Zeraora|spd|1\n|-damage|p1a: Zeraora|96/262|[from] item: Life Orb\n|move|p2a: Rotom|Hidden Power|p1a: Zeraora\n|-damage|p1a: Zeraora|0 fnt\n|faint|p1a: Zeraora\n|\n|-weather|RainDance|[upkeep]\n|upkeep\n|inactive|aurora ltd has 90 seconds left.\n|\n|t:|1770263989\n|switch|p1a: Komala|Komala, L88, F|258/258\n|-ability|p1a: Komala|Comatose\n|turn|6\n|inactive|aurora ltd has 60 seconds left.\n|\n|t:|1770264008\n|move|p2a: Rotom|Hidden Power|p1a: Komala\n|-crit|p1a: Komala\n|-damage|p1a: Komala|194/258\n|move|p1a: Komala|Return|p2a: Rotom\n|-damage|p2a: Rotom|0 fnt\n|faint|p2a: Rotom\n|\n|-weather|none\n|upkeep\n|\n|t:|1770264016\n|switch|p2a: Bisharp|Bisharp, L82, F|241/241\n|turn|7\n|inactive|aurora ltd has 60 seconds left.\n|\n|t:|1770264033\n|move|p1a: Komala|Earthquake|p2a: Bisharp\n|-supereffective|p2a: Bisharp\n|-damage|p2a: Bisharp|79/241\n|move|p2a: Bisharp|Knock Off|p1a: Komala\n|-damage|p1a: Komala|14/258\n|-enditem|p1a: Komala|Assault Vest|[from] move: Knock Off|[of] p2a: Bisharp\n|\n|upkeep\n|turn|8\n|\n|t:|1770264039\n|move|p2a: Bisharp|Sucker Punch|p1a: Komala\n|-damage|p1a: Komala|0 fnt\n|faint|p1a: Komala\n|\n|upkeep\n|inactive|aurora ltd has 60 seconds left.\n|\n|t:|1770264055\n|switch|p1a: Stunfisk|Stunfisk, L88, F|335/335\n|turn|9\n|inactive|aurora ltd has 60 seconds left.\n|\n|t:|1770264064\n|move|p2a: Bisharp|Knock Off|p1a: Stunfisk\n|-damage|p1a: Stunfisk|184/335\n|-enditem|p1a: Stunfisk|Leftovers|[from] move: Knock Off|[of] p2a: Bisharp\n|move|p1a: Stunfisk|Discharge|p2a: Bisharp\n|-damage|p2a: Bisharp|0 fnt\n|faint|p2a: Bisharp\n|\n|upkeep\n|\n|t:|1770264067\n|switch|p2a: Serperior|Serperior, L80, M|251/251\n|turn|10\n|inactive|aurora ltd has 60 seconds left.\n|\n|t:|1770264084\n|switch|p1a: Araquanid|Araquanid, L81, F|243/243\n|move|p2a: Serperior|Leaf Storm|p1a: Araquanid\n|-damage|p1a: Araquanid|148/243\n|-boost|p2a: Serperior|spa|2\n|-damage|p2a: Serperior|226/251|[from] item: Life Orb\n|\n|-heal|p1a: Araquanid|163/243|[from] item: Leftovers\n|upkeep\n|turn|11\n|inactive|aurora ltd has 60 seconds left.\n|\n|t:|1770264094\n|switch|p2a: Pelipper|Pelipper, L87, F|206/246\n|-weather|RainDance|[from] ability: Drizzle|[of] p2a: Pelipper\n|move|p1a: Araquanid|Leech Life|p2a: Pelipper\n|-resisted|p2a: Pelipper\n|-damage|p2a: Pelipper|177/246\n|-heal|p1a: Araquanid|178/243|[from] drain|[of] p2a: Pelipper\n|\n|-weather|RainDance|[upkeep]\n|-heal|p1a: Araquanid|193/243|[from] item: Leftovers\n|upkeep\n|turn|12\n|inactive|aurora ltd has 60 seconds left.\n|\n|t:|1770264108\n|switch|p1a: Stunfisk|Stunfisk, L88, F|184/335\n|move|p2a: Pelipper|Hurricane|p1a: Stunfisk\n|-resisted|p1a: Stunfisk\n|-damage|p1a: Stunfisk|111/335\n|\n|-weather|RainDance|[upkeep]\n|upkeep\n|turn|13\n|\n|t:|1770264116\n|switch|p2a: Gardevoir|Gardevoir-Mega, L79, M|115/237\n|move|p1a: Stunfisk|Discharge|p2a: Gardevoir\n|-damage|p2a: Gardevoir|49/237\n|\n|-weather|RainDance|[upkeep]\n|upkeep\n|turn|14\n|\n|t:|1770264124\n|move|p2a: Gardevoir|Hyper Voice|p1a: Stunfisk\n|-damage|p1a: Stunfisk|0 fnt\n|faint|p1a: Stunfisk\n|\n|-weather|RainDance|[upkeep]\n|upkeep\n|\n|t:|1770264133\n|switch|p1a: Araquanid|Araquanid, L81, F|193/243\n|turn|15\n|\n|t:|1770264144\n|move|p2a: Gardevoir|Hyper Voice|p1a: Araquanid\n|-damage|p1a: Araquanid|75/243\n|move|p1a: Araquanid|Liquidation|p2a: Gardevoir\n|-damage|p2a: Gardevoir|0 fnt\n|faint|p2a: Gardevoir\n|detailschange|p2: Gardevoir|Gardevoir, L79, M|[silent]\n|\n|-weather|none\n|-heal|p1a: Araquanid|90/243|[from] item: Leftovers\n|upkeep\n|\n|t:|1770264148\n|switch|p2a: Pelipper|Pelipper, L87, F|177/246\n|-weather|RainDance|[from] ability: Drizzle|[of] p2a: Pelipper\n|turn|16\n|\n|t:|1770264176\n|move|p2a: Pelipper|Hurricane|p1a: Araquanid\n|-supereffective|p1a: Araquanid\n|-damage|p1a: Araquanid|0 fnt\n|faint|p1a: Araquanid\n|\n|-weather|RainDance|[upkeep]\n|upkeep\n|\n|t:|1770264180\n|switch|p1a: Ursaring|Ursaring, L85, M|292/292\n|turn|17\n|\n|t:|1770264183\n|move|p1a: Ursaring|Protect|p1a: Ursaring\n|-singleturn|p1a: Ursaring|Protect\n|move|p2a: Pelipper|Hurricane|p1a: Ursaring\n|-activate|p1a: Ursaring|move: Protect\n|\n|-weather|RainDance|[upkeep]\n|-status|p1a: Ursaring|brn|[from] item: Flame Orb\n|upkeep\n|turn|18\n|\n|t:|1770264189\n|move|p2a: Pelipper|Hurricane|p1a: Ursaring\n|-damage|p1a: Ursaring|102/292 brn\n|move|p1a: Ursaring|Facade|p2a: Pelipper\n|-damage|p2a: Pelipper|0 fnt\n|faint|p2a: Pelipper\n|\n|-weather|RainDance|[upkeep]\n|-damage|p1a: Ursaring|84/292 brn|[from] brn\n|upkeep\n|\n|t:|1770264193\n|switch|p2a: Serperior|Serperior, L80, M|226/251\n|turn|19\n|\n|t:|1770264199\n|move|p2a: Serperior|Leaf Storm|p1a: Ursaring|[miss]\n|-miss|p2a: Serperior|p1a: Ursaring\n|move|p1a: Ursaring|Facade|p2a: Serperior\n|-damage|p2a: Serperior|0 fnt\n|faint|p2a: Serperior\n|\n|-weather|RainDance|[upkeep]\n|-damage|p1a: Ursaring|66/292 brn|[from] brn\n|upkeep\n|\n|t:|1770264201\n|switch|p2a: Cobalion|Cobalion, L78|270/270\n|turn|20\n|\n|t:|1770264207\n|move|p2a: Cobalion|Iron Head|p1a: Ursaring\n|-damage|p1a: Ursaring|0 fnt\n|faint|p1a: Ursaring\n|\n|-weather|none\n|upkeep\n|\n|t:|1770264212\n|switch|p1a: Gourgeist|Gourgeist-Large, L91, F|155/284\n|-item|p2a: Cobalion|Fightinium Z|[from] ability: Frisk|[of] p1a: Gourgeist\n|turn|21\n|\n|t:|1770264228\n|move|p2a: Cobalion|Iron Head|p1a: Gourgeist\n|-damage|p1a: Gourgeist|109/284\n|move|p1a: Gourgeist|Will-O-Wisp|p2a: Cobalion\n|-status|p2a: Cobalion|brn\n|\n|-heal|p1a: Gourgeist|126/284|[from] item: Leftovers\n|-damage|p2a: Cobalion|254/270 brn|[from] brn\n|upkeep\n|turn|22\n|\n|t:|1770264233\n|move|p2a: Cobalion|Iron Head|p1a: Gourgeist\n|-damage|p1a: Gourgeist|101/284\n|cant|p1a: Gourgeist|flinch\n|\n|-heal|p1a: Gourgeist|118/284|[from] item: Leftovers\n|-damage|p2a: Cobalion|238/270 brn|[from] brn\n|upkeep\n|turn|23\n|\n|t:|1770264237\n|move|p2a: Cobalion|Iron Head|p1a: Gourgeist\n|-damage|p1a: Gourgeist|93/284\n|cant|p1a: Gourgeist|flinch\n|\n|-heal|p1a: Gourgeist|110/284|[from] item: Leftovers\n|-damage|p2a: Cobalion|222/270 brn|[from] brn\n|upkeep\n|turn|24\n|\n|t:|1770264246\n|move|p2a: Cobalion|Iron Head|p1a: Gourgeist\n|-damage|p1a: Gourgeist|86/284\n|move|p1a: Gourgeist|Synthesis|p1a: Gourgeist\n|-heal|p1a: Gourgeist|228/284\n|\n|-heal|p1a: Gourgeist|245/284|[from] item: Leftovers\n|-damage|p2a: Cobalion|206/270 brn|[from] brn\n|upkeep\n|turn|25\n|\n|t:|1770264253\n|move|p1a: Gourgeist|Shadow Sneak|p2a: Cobalion\n|-damage|p2a: Cobalion|167/270 brn\n|move|p2a: Cobalion|Iron Head|p1a: Gourgeist\n|-damage|p1a: Gourgeist|221/284\n|\n|-heal|p1a: Gourgeist|238/284|[from] item: Leftovers\n|-damage|p2a: Cobalion|151/270 brn|[from] brn\n|upkeep\n|turn|26\n|\n|t:|1770264263\n|move|p1a: Gourgeist|Shadow Sneak|p2a: Cobalion\n|-damage|p2a: Cobalion|109/270 brn\n|move|p2a: Cobalion|Iron Head|p1a: Gourgeist\n|-crit|p1a: Gourgeist\n|-damage|p1a: Gourgeist|199/284\n|\n|-heal|p1a: Gourgeist|216/284|[from] item: Leftovers\n|-damage|p2a: Cobalion|93/270 brn|[from] brn\n|upkeep\n|turn|27\n|\n|t:|1770264269\n|move|p1a: Gourgeist|Shadow Sneak|p2a: Cobalion\n|-damage|p2a: Cobalion|57/270 brn\n|move|p2a: Cobalion|Iron Head|p1a: Gourgeist\n|-damage|p1a: Gourgeist|193/284\n|\n|-heal|p1a: Gourgeist|210/284|[from] item: Leftovers\n|-damage|p2a: Cobalion|41/270 brn|[from] brn\n|upkeep\n|turn|28\n|\n|t:|1770264298\n|move|p1a: Gourgeist|Shadow Sneak|p2a: Cobalion\n|-damage|p2a: Cobalion|4/270 brn\n|move|p2a: Cobalion|Iron Head|p1a: Gourgeist\n|-damage|p1a: Gourgeist|183/284\n|\n|-heal|p1a: Gourgeist|200/284|[from] item: Leftovers\n|-damage|p2a: Cobalion|0 fnt|[from] brn\n|faint|p2a: Cobalion\n|\n|win|aurora ltd\n|raw|aurora ltd's rating: 1503 &rarr; <strong>1524</strong><br />(+21 for winning)\n|raw|may&#x2f;gen3's rating: 1521 &rarr; <strong>1500</strong><br />(-21 for losing)\n|l|☆may/gen3\n|player|p2|\n", "inputlog": ">version ccdc32dd7cde25fd9e4bed64820e885f66e78a4e\n>start {\"formatid\":\"gen7randombattle\",\"seed\":\"sodium,c29f5bd0fffcebbd2dc0d405cc3ebba9\",\"rated\":\"Rated battle\"}\n>player p1 {\"name\":\"aurora ltd\",\"avatar\":\"silver-gen2kanto\",\"rating\":1503,\"seed\":\"sodium,bc6cbd5445e2b30ba2ab853fd228298c\"}\n>player p2 {\"name\":\"may/gen3\",\"avatar\":\"may\",\"rating\":1521,\"seed\":\"sodium,ac5b669229f5dc92a0dfc971b3ef7c35\"}\n>p1 move shadowsneak\n>p2 move hypervoice mega\n>p1 move shadowsneak\n>p2 switch 5\n>p1 switch 6\n>p2 move hurricane\n>p1 move plasmafists\n>p2 switch 2\n>p1 move closecombat\n>p2 move hiddenpower\n>p1 switch 5\n>p1 move return\n>p2 move hiddenpower\n>p2 switch 3\n>p1 move earthquake\n>p2 move knockoff\n>p1 move earthquake\n>p2 move suckerpunch\n>p1 switch 4\n>p1 move discharge\n>p2 move knockoff\n>p2 switch 4\n>p1 switch 3\n>p2 move leafstorm\n>p1 move leechlife\n>p2 switch 2\n>p1 switch 3\n>p2 move hurricane\n>p1 move discharge\n>p2 switch 5\n>p1 move discharge\n>p2 move hypervoice\n>p1 switch 3\n>p1 move liquidation\n>p2 move hypervoice\n>p2 switch 5\n>p1 move liquidation\n>p2 move hurricane\n>p1 switch 2\n>p1 move protect\n>p2 move hurricane\n>p1 move facade\n>p2 move hurricane\n>p2 switch 2\n>p1 move facade\n>p2 move leafstorm\n>p2 switch 6\n>p1 move closecombat\n>p2 move ironhead\n>p1 switch 6\n>p1 move willowisp\n>p2 move ironhead\n>p1 move synthesis\n>p2 move ironhead\n>p1 move synthesis\n>p2 move ironhead\n>p1 move synthesis\n>p2 move ironhead\n>p1 move shadowsneak\n>p2 move ironhead\n>p1 move shadowsneak\n>p2 move ironhead\n>p1 move shadowsneak\n>p2 move ironhead\n>p1 move shadowsneak\n>p2 move ironhead", "uploadtime": 1770264853, "views": 155, "formatid": "gen7randombattle", "rating": 1500, "private": 0, "password": null}