{"id": "gen7randombattle-2540003432", "format": "[Gen 7] Random Battle", "players": ["NTsweeper007", "504battle"], "log": "|j|☆NTsweeper007\n|j|☆504battle\n|t:|1771142476\n|gametype|singles\n|player|p1|NTsweeper007|hilbert-wonderlauncher|1663\n|player|p2|504battle|sage|1663\n|gen|7\n|tier|[Gen 7] Random Battle\n|rated|\n|rule|Sleep Clause Mod: Limit one foe put to sleep\n|rule|HP Percentage Mod: HP is shown in percentages\n|rule|Illusion Level Mod: Illusion disguises the Pokémon's true level\n|\n|t:|1771142476\n|teamsize|p1|6\n|teamsize|p2|6\n|start\n|switch|p1a: Absol|Absol, L82, M|241/241\n|switch|p2a: Greninja|Greninja, L79, M|243/243\n|turn|1\n|\n|t:|1771142487\n|switch|p1a: Gurdurr|Gurdurr, L87, M|290/290\n|move|p2a: Greninja|U-turn|p1a: Gurdurr\n|-resisted|p1a: Gurdurr\n|-damage|p1a: Gurdurr|276/290\n|inactive|Battle timer is ON: inactive players will automatically lose when time's up. (requested by NTsweeper007)\n|\n|t:|1771142499\n|switch|p2a: Araquanid|Araquanid, L81, F|243/243|[from] U-turn\n|\n|upkeep\n|turn|2\n|\n|t:|1771142503\n|move|p1a: Gurdurr|Bulk Up|p1a: Gurdurr\n|-boost|p1a: Gurdurr|atk|1\n|-boost|p1a: Gurdurr|def|1\n|move|p2a: Araquanid|Sticky Web|p1a: Gurdurr\n|-sidestart|p1: NTsweeper007|move: Sticky Web\n|\n|upkeep\n|turn|3\n|\n|t:|1771142510\n|move|p1a: Gurdurr|Bulk Up|p1a: Gurdurr\n|-boost|p1a: Gurdurr|atk|1\n|-boost|p1a: Gurdurr|def|1\n|move|p2a: Araquanid|Liquidation|p1a: Gurdurr\n|-damage|p1a: Gurdurr|228/290\n|\n|upkeep\n|turn|4\n|\n|t:|1771142513\n|move|p1a: Gurdurr|Bulk Up|p1a: Gurdurr\n|-boost|p1a: Gurdurr|atk|1\n|-boost|p1a: Gurdurr|def|1\n|move|p2a: Araquanid|Toxic|p1a: Gurdurr\n|-status|p1a: Gurdurr|tox\n|\n|-damage|p1a: Gurdurr|210/290 tox|[from] psn\n|upkeep\n|turn|5\n|\n|t:|1771142517\n|move|p1a: Gurdurr|Knock Off|p2a: Araquanid\n|-damage|p2a: Araquanid|0 fnt\n|-enditem|p2a: Araquanid|Leftovers|[from] move: Knock Off|[of] p1a: Gurdurr\n|faint|p2a: Araquanid\n|\n|-damage|p1a: Gurdurr|174/290 tox|[from] psn\n|upkeep\n|\n|t:|1771142530\n|switch|p2a: Glaceon|Glaceon, L90, F|263/263\n|turn|6\n|\n|t:|1771142533\n|move|p2a: Glaceon|Protect|p2a: Glaceon\n|-singleturn|p2a: Glaceon|Protect\n|move|p1a: Gurdurr|Drain Punch|p2a: Glaceon\n|-activate|p2a: Glaceon|move: Protect\n|\n|-damage|p1a: Gurdurr|120/290 tox|[from] psn\n|upkeep\n|turn|7\n|\n|t:|1771142541\n|switch|p2a: Banette|Banette, L93, M, shiny|270/270\n|-item|p1a: Gurdurr|Eviolite|[from] ability: Frisk|[of] p2a: Banette\n|move|p1a: Gurdurr|Drain Punch|p2a: Banette\n|-immune|p2a: Banette\n|\n|-damage|p1a: Gurdurr|48/290 tox|[from] psn\n|upkeep\n|turn|8\n|\n|t:|1771142562\n|move|p2a: Banette|Shadow Claw|p1a: Gurdurr\n|-damage|p1a: Gurdurr|3/290 tox\n|move|p1a: Gurdurr|Knock Off|p2a: Banette\n|-supereffective|p2a: Banette\n|-damage|p2a: Banette|0 fnt\n|-enditem|p2a: Banette|Choice Band|[from] move: Knock Off|[of] p1a: Gurdurr\n|faint|p2a: Banette\n|\n|-damage|p1a: Gurdurr|0 fnt|[from] psn\n|faint|p1a: Gurdurr\n|upkeep\n|\n|t:|1771142574\n|switch|p2a: Glaceon|Glaceon, L90, F|263/263\n|switch|p1a: Azumarill|Azumarill, L81, F|294/294\n|-activate|p1a: Azumarill|move: Sticky Web\n|-unboost|p1a: Azumarill|spe|1\n|turn|9\n|\n|t:|1771142580\n|move|p2a: Glaceon|Toxic|p1a: Azumarill\n|-status|p1a: Azumarill|tox\n|move|p1a: Azumarill|Belly Drum|p1a: Azumarill\n|-damage|p1a: Azumarill|147/294 tox\n|-setboost|p1a: Azumarill|atk|6|[from] move: Belly Drum\n|-enditem|p1a: Azumarill|Sitrus Berry|[eat]\n|-heal|p1a: Azumarill|220/294 tox|[from] item: Sitrus Berry\n|\n|-damage|p1a: Azumarill|202/294 tox|[from] psn\n|upkeep\n|turn|10\n|\n|t:|1771142586\n|move|p2a: Glaceon|Protect|p2a: Glaceon\n|-singleturn|p2a: Glaceon|Protect\n|move|p1a: Azumarill|Liquidation|p2a: Glaceon\n|-activate|p2a: Glaceon|move: Protect\n|\n|-damage|p1a: Azumarill|166/294 tox|[from] psn\n|upkeep\n|turn|11\n|\n|t:|1771142596\n|move|p2a: Glaceon|Wish|p2a: Glaceon\n|move|p1a: Azumarill|Play Rough|p2a: Glaceon\n|-damage|p2a: Glaceon|0 fnt\n|faint|p2a: Glaceon\n|\n|-damage|p1a: Azumarill|112/294 tox|[from] psn\n|upkeep\n|\n|t:|1771142624\n|switch|p2a: Aerodactyl|Aerodactyl, L78, F|253/253\n|-ability|p2a: Aerodactyl|Unnerve\n|turn|12\n|\n|t:|1771142627\n|detailschange|p2a: Aerodactyl|Aerodactyl-Mega, L78, F\n|-mega|p2a: Aerodactyl|Aerodactyl|Aerodactylite\n|move|p1a: Azumarill|Aqua Jet|p2a: Aerodactyl\n|-supereffective|p2a: Aerodactyl\n|-damage|p2a: Aerodactyl|0 fnt\n|faint|p2a: Aerodactyl\n|detailschange|p2: Aerodactyl|Aerodactyl, L78, F|[silent]\n|\n|-damage|p1a: Azumarill|40/294 tox|[from] psn\n|upkeep\n|\n|t:|1771142632\n|switch|p2a: Greninja|Greninja, L79, M|243/243\n|turn|13\n|\n|t:|1771142636\n|move|p2a: Greninja|Water Shuriken|p1a: Azumarill\n|-resisted|p1a: Azumarill\n|-damage|p1a: Azumarill|28/294 tox\n|-resisted|p1a: Azumarill\n|-damage|p1a: Azumarill|16/294 tox\n|-hitcount|p1a: Azumarill|2\n|move|p1a: Azumarill|Aqua Jet|p2a: Greninja\n|-resisted|p2a: Greninja\n|-damage|p2a: Greninja|118/243\n|\n|-damage|p1a: Azumarill|0 fnt|[from] psn\n|faint|p1a: Azumarill\n|upkeep\n|\n|t:|1771142643\n|switch|p1a: Absol|Absol, L82, M|241/241\n|-activate|p1a: Absol|move: Sticky Web\n|-unboost|p1a: Absol|spe|1\n|turn|14\n|\n|t:|1771142647\n|detailschange|p1a: Absol|Absol-Mega, L82, M\n|-mega|p1a: Absol|Absol|Absolite\n|move|p2a: Greninja|Water Shuriken|p1a: Absol\n|-damage|p1a: Absol|207/241\n|-damage|p1a: Absol|177/241\n|-hitcount|p1a: Absol|2\n|move|p1a: Absol|Play Rough|p2a: Greninja\n|-supereffective|p2a: Greninja\n|-damage|p2a: Greninja|0 fnt\n|faint|p2a: Greninja\n|\n|upkeep\n|\n|t:|1771142651\n|switch|p2a: Linoone|Linoone, L81, M|258/258\n|turn|15\n|\n|t:|1771142661\n|move|p2a: Linoone|Belly Drum|p2a: Linoone\n|-damage|p2a: Linoone|129/258\n|-setboost|p2a: Linoone|atk|6|[from] move: Belly Drum\n|-enditem|p2a: Linoone|Mago Berry|[eat]\n|-heal|p2a: Linoone|258/258|[from] item: Mago Berry\n|move|p1a: Absol|Superpower|p2a: Linoone\n|-supereffective|p2a: Linoone\n|-damage|p2a: Linoone|0 fnt\n|-unboost|p1a: Absol|atk|1\n|-unboost|p1a: Absol|def|1\n|faint|p2a: Linoone\n|\n|win|NTsweeper007\n|raw|NTsweeper007's rating: 1663 &rarr; <strong>1683</strong><br />(+20 for winning)\n|raw|504battle's rating: 1663 &rarr; <strong>1643</strong><br />(-20 for losing)\n|c|☆504battle|you got me this time\n|c|☆NTsweeper007|gg\n", "inputlog": ">version 686819e5e19f8a7fd2345cfc5a08a5085efa2cc3\n>start {\"formatid\":\"gen7randombattle\",\"seed\":\"sodium,07c1d80bc28f29971f0cd8f2391a5a2a\",\"rated\":\"Rated battle\"}\n>player p1 {\"name\":\"NTsweeper007\",\"avatar\":\"hilbert-wonderlauncher\",\"rating\":1663,\"seed\":\"sodium,4f28ee4714222332684482b50b6a252a\"}\n>player p2 {\"name\":\"504battle\",\"avatar\":\"sage\",\"rating\":1663,\"seed\":\"sodium,7f06873f5e31e508cf917c478e8f7c58\"}\n>p1 switch 3\n>p2 move uturn\n>p2 switch 5\n>p1 move bulkup\n>p2 move stickyweb\n>p1 move bulkup\n>p2 move liquidation\n>p1 move bulkup\n>p2 move toxic\n>p1 move knockoff\n>p2 move liquidation\n>p2 switch 2\n>p1 move drainpunch\n>p2 move protect\n>p1 move drainpunch\n>p2 switch 3\n>p1 move knockoff\n>p2 move shadowclaw\n>p1 switch 6\n>p2 switch 3\n>p1 move bellydrum\n>p2 move toxic\n>p1 move liquidation\n>p2 move protect\n>p1 move playrough\n>p2 move wish\n>p2 switch 6\n>p1 move aquajet\n>p2 move earthquake mega\n>p2 switch 5\n>p1 move aquajet\n>p2 move watershuriken\n>p1 switch 3\n>p1 move playrough mega\n>p2 move watershuriken\n>p2 switch 4\n>p1 move superpower\n>p2 move bellydrum", "uploadtime": 1771142683, "views": 86, "formatid": "gen7randombattle", "rating": 1643, "private": 0, "password": null}