{"id": "gen7randombattle-2528061953", "format": "[Gen 7] Random Battle", "players": ["Mulan Sauce", "BROCKISAROCK"], "log": "|j|☆Mulan Sauce\n|j|☆BROCKISAROCK\n|t:|1769616741\n|gametype|singles\n|player|p1|Mulan Sauce|cynthia-masters|1605\n|player|p2|BROCKISAROCK|brock|1572\n|gen|7\n|tier|[Gen 7] Random Battle\n|rated|\n|rule|Sleep Clause Mod: Limit one foe put to sleep\n|rule|HP Percentage Mod: HP is shown in percentages\n|rule|Illusion Level Mod: Illusion disguises the Pokémon's true level\n|\n|t:|1769616741\n|teamsize|p1|6\n|teamsize|p2|6\n|start\n|switch|p1a: Ambipom|Ambipom, L84, F|263/263\n|switch|p2a: Crabominable|Crabominable, L91, M|324/324\n|turn|1\n|inactive|Battle timer is ON: inactive players will automatically lose when time's up. (requested by Mulan Sauce)\n|\n|t:|1769616761\n|move|p1a: Ambipom|Fake Out|p2a: Crabominable\n|-damage|p2a: Crabominable|242/324\n|cant|p2a: Crabominable|flinch\n|\n|upkeep\n|turn|2\n|\n|t:|1769616764\n|move|p1a: Ambipom|Low Kick|p2a: Crabominable\n|-supereffective|p2a: Crabominable\n|-damage|p2a: Crabominable|82/324\n|move|p2a: Crabominable|Ice Hammer|p1a: Ambipom\n|-damage|p1a: Ambipom|0 fnt\n|-unboost|p2a: Crabominable|spe|1\n|faint|p1a: Ambipom\n|\n|upkeep\n|\n|t:|1769616784\n|switch|p1a: Zapdos|Zapdos, L79|272/272\n|turn|3\n|\n|t:|1769616788\n|switch|p2a: Pachirisu|Pachirisu, L96, F|271/271\n|move|p1a: Zapdos|Discharge|p2a: Pachirisu\n|-immune|p2a: Pachirisu|[from] ability: Volt Absorb\n|\n|upkeep\n|turn|4\n|\n|t:|1769616798\n|switch|p1a: Carbink|Carbink, L92|241/241\n|move|p2a: Pachirisu|Toxic|p1a: Carbink\n|-status|p1a: Carbink|tox\n|\n|-damage|p1a: Carbink|226/241 tox|[from] psn\n|upkeep\n|turn|5\n|\n|t:|1769616815\n|move|p2a: Pachirisu|U-turn|p1a: Carbink\n|-resisted|p1a: Carbink\n|-damage|p1a: Carbink|214/241 tox\n|\n|t:|1769616818\n|switch|p2a: Lopunny|Lopunny, L77, F|227/227|[from] U-turn\n|move|p1a: Carbink|Light Screen|p1a: Carbink\n|-sidestart|p1: Mulan Sauce|move: Light Screen\n|\n|-damage|p1a: Carbink|184/241 tox|[from] psn\n|upkeep\n|turn|6\n|\n|t:|1769616827\n|detailschange|p2a: Lopunny|Lopunny-Mega, L77, F\n|-mega|p2a: Lopunny|Lopunny|Lopunnite\n|move|p2a: Lopunny|Encore|p1a: Carbink\n|-start|p1a: Carbink|Encore\n|move|p1a: Carbink|Light Screen||[still]\n|-fail|p1a: Carbink\n|\n|-damage|p1a: Carbink|139/241 tox|[from] psn\n|upkeep\n|turn|7\n|\n|t:|1769616841\n|switch|p2a: Gliscor|Gliscor, L78, F|245/245\n|switch|p1a: Zapdos|Zapdos, L79|272/272\n|\n|-status|p2a: Gliscor|tox|[from] item: Toxic Orb\n|upkeep\n|turn|8\n|\n|t:|1769616847\n|move|p1a: Zapdos|Hidden Power|p2a: Gliscor\n|-supereffective|p2a: Gliscor\n|-damage|p2a: Gliscor|29/245 tox\n|move|p2a: Gliscor|Toxic|p1a: Zapdos\n|-status|p1a: Zapdos|tox\n|\n|-damage|p1a: Zapdos|255/272 tox|[from] psn\n|-heal|p2a: Gliscor|59/245 tox|[from] ability: Poison Heal\n|upkeep\n|turn|9\n|\n|t:|1769616859\n|switch|p1a: Cherrim|Cherrim, L99, F|299/299\n|switch|p2a: Pachirisu|Pachirisu, L96, F|271/271\n|\n|upkeep\n|turn|10\n|\n|t:|1769616869\n|switch|p1a: Carbink|Carbink, L92|139/241 tox\n|move|p2a: Pachirisu|Toxic|p1a: Carbink\n|-fail|p1a: Carbink|tox\n|\n|-damage|p1a: Carbink|124/241 tox|[from] psn\n|upkeep\n|turn|11\n|\n|t:|1769616879\n|move|p2a: Pachirisu|U-turn|p1a: Carbink\n|-resisted|p1a: Carbink\n|-damage|p1a: Carbink|112/241 tox\n|\n|t:|1769616883\n|switch|p2a: Swalot|Swalot, L90, F|326/326|[from] U-turn\n|move|p1a: Carbink|Reflect|p1a: Carbink\n|-sidestart|p1: Mulan Sauce|Reflect\n|\n|-damage|p1a: Carbink|82/241 tox|[from] psn\n|upkeep\n|turn|12\n|\n|t:|1769616896\n|switch|p1a: Vespiquen|Vespiquen, F|301/301\n|-ability|p1a: Vespiquen|Pressure\n|move|p2a: Swalot|Earthquake|p1a: Vespiquen\n|-immune|p1a: Vespiquen\n|\n|-sideend|p1: Mulan Sauce|move: Light Screen\n|upkeep\n|turn|13\n|\n|t:|1769616906\n|switch|p2a: Pachirisu|Pachirisu, L96, F|271/271\n|move|p1a: Vespiquen|U-turn|p2a: Pachirisu\n|-damage|p2a: Pachirisu|181/271\n|\n|t:|1769616910\n|switch|p1a: Dialga|Dialga, L74|270/270|[from] U-turn\n|-ability|p1a: Dialga|Pressure\n|\n|-heal|p2a: Pachirisu|197/271|[from] item: Leftovers\n|upkeep\n|turn|14\n|\n|t:|1769616914\n|move|p2a: Pachirisu|Nuzzle|p1a: Dialga\n|-resisted|p1a: Dialga\n|-damage|p1a: Dialga|266/270\n|-status|p1a: Dialga|par\n|cant|p1a: Dialga|par\n|\n|-heal|p2a: Pachirisu|213/271|[from] item: Leftovers\n|upkeep\n|turn|15\n|\n|t:|1769616938\n|move|p2a: Pachirisu|U-turn|p1a: Dialga\n|-resisted|p1a: Dialga\n|-damage|p1a: Dialga|258/270 par\n|\n|t:|1769616941\n|switch|p2a: Swalot|Swalot, L90, F|326/326|[from] U-turn\n|move|p1a: Dialga|Draco Meteor|p2a: Swalot\n|-crit|p2a: Swalot\n|-damage|p2a: Swalot|0 fnt\n|-unboost|p1a: Dialga|spa|2\n|faint|p2a: Swalot\n|\n|upkeep\n|\n|t:|1769616950\n|switch|p2a: Gliscor|Gliscor, L78, F|59/245 tox\n|turn|16\n|\n|t:|1769616954\n|move|p2a: Gliscor|Roost|p2a: Gliscor\n|-heal|p2a: Gliscor|182/245 tox\n|-singleturn|p2a: Gliscor|move: Roost\n|cant|p1a: Dialga|par\n|\n|-heal|p2a: Gliscor|212/245 tox|[from] ability: Poison Heal\n|upkeep\n|turn|17\n|\n|t:|1769616959\n|switch|p1a: Zapdos|Zapdos, L79|255/272 tox\n|move|p2a: Gliscor|Earthquake|p1a: Zapdos\n|-immune|p1a: Zapdos\n|\n|-heal|p1a: Zapdos|272/272 tox|[from] item: Leftovers\n|-damage|p1a: Zapdos|255/272 tox|[from] psn\n|-heal|p2a: Gliscor|242/245 tox|[from] ability: Poison Heal\n|upkeep\n|turn|18\n|\n|t:|1769616966\n|switch|p2a: Pachirisu|Pachirisu, L96, F|213/271\n|move|p1a: Zapdos|Hidden Power|p2a: Pachirisu\n|-damage|p2a: Pachirisu|169/271\n|\n|-heal|p2a: Pachirisu|185/271|[from] item: Leftovers\n|-heal|p1a: Zapdos|272/272 tox|[from] item: Leftovers\n|-damage|p1a: Zapdos|238/272 tox|[from] psn\n|-sideend|p1: Mulan Sauce|Reflect\n|upkeep\n|turn|19\n|\n|t:|1769616978\n|switch|p1a: Carbink|Carbink, L92|82/241 tox\n|move|p2a: Pachirisu|Thunderbolt|p1a: Carbink\n|-damage|p1a: Carbink|39/241 tox\n|\n|-heal|p2a: Pachirisu|201/271|[from] item: Leftovers\n|-damage|p1a: Carbink|24/241 tox|[from] psn\n|upkeep\n|turn|20\n|\n|t:|1769616984\n|move|p2a: Pachirisu|Thunderbolt|p1a: Carbink\n|-damage|p1a: Carbink|0 fnt\n|faint|p1a: Carbink\n|\n|-heal|p2a: Pachirisu|217/271|[from] item: Leftovers\n|upkeep\n|\n|t:|1769616997\n|switch|p1a: Dialga|Dialga, L74|258/270 par\n|-ability|p1a: Dialga|Pressure\n|turn|21\n|\n|t:|1769617002\n|move|p2a: Pachirisu|U-turn|p1a: Dialga\n|-resisted|p1a: Dialga\n|-damage|p1a: Dialga|241/270 par\n|\n|t:|1769617005\n|switch|p2a: Gliscor|Gliscor, L78, F|242/245 tox|[from] U-turn\n|move|p1a: Dialga|Draco Meteor|p2a: Gliscor\n|-damage|p2a: Gliscor|0 fnt\n|-unboost|p1a: Dialga|spa|2\n|faint|p2a: Gliscor\n|\n|upkeep\n|\n|t:|1769617009\n|switch|p2a: Crabominable|Crabominable, L91, M|82/324\n|turn|22\n|\n|t:|1769617016\n|switch|p1a: Vespiquen|Vespiquen, F|301/301\n|-ability|p1a: Vespiquen|Pressure\n|move|p2a: Crabominable|Ice Hammer|p1a: Vespiquen\n|-supereffective|p1a: Vespiquen\n|-damage|p1a: Vespiquen|0 fnt\n|-unboost|p2a: Crabominable|spe|1\n|faint|p1a: Vespiquen\n|\n|upkeep\n|\n|t:|1769617025\n|switch|p1a: Zapdos|Zapdos, L79|238/272 tox\n|turn|23\n|\n|t:|1769617031\n|switch|p2a: Pachirisu|Pachirisu, L96, F|217/271\n|move|p1a: Zapdos|Discharge|p2a: Pachirisu\n|-heal|p2a: Pachirisu|271/271|[from] ability: Volt Absorb|[of] p1a: Zapdos\n|\n|-heal|p1a: Zapdos|255/272 tox|[from] item: Leftovers\n|-damage|p1a: Zapdos|238/272 tox|[from] psn\n|upkeep\n|turn|24\n|\n|t:|1769617038\n|switch|p1a: Cherrim|Cherrim, L99, F|299/299\n|move|p2a: Pachirisu|U-turn|p1a: Cherrim\n|-supereffective|p1a: Cherrim\n|-damage|p1a: Cherrim|225/299\n|\n|t:|1769617044\n|switch|p2a: Lopunny|Lopunny-Mega, L77, F|227/227|[from] U-turn\n|\n|-heal|p1a: Cherrim|243/299|[from] item: Leftovers\n|upkeep\n|turn|25\n|\n|t:|1769617052\n|move|p2a: Lopunny|Return|p1a: Cherrim\n|-damage|p1a: Cherrim|132/299\n|move|p1a: Cherrim|Energy Ball|p2a: Lopunny\n|-damage|p2a: Lopunny|100/227\n|\n|-heal|p1a: Cherrim|150/299|[from] item: Leftovers\n|upkeep\n|turn|26\n|\n|t:|1769617062\n|move|p2a: Lopunny|High Jump Kick|p1a: Cherrim|[miss]\n|-miss|p2a: Lopunny|p1a: Cherrim\n|-damage|p2a: Lopunny|0 fnt|[from] highjumpkick\n|faint|p2a: Lopunny\n|detailschange|p2: Lopunny|Lopunny, L77, F|[silent]\n|move|p1a: Cherrim|Morning Sun|p1a: Cherrim\n|-heal|p1a: Cherrim|299/299\n|\n|upkeep\n|\n|t:|1769617068\n|switch|p2a: Pachirisu|Pachirisu, L96, F|271/271\n|turn|27\n|\n|t:|1769617075\n|switch|p1a: Zapdos|Zapdos, L79|238/272 tox\n|move|p2a: Pachirisu|Nuzzle|p1a: Zapdos\n|-damage|p1a: Zapdos|220/272 tox\n|\n|-heal|p1a: Zapdos|237/272 tox|[from] item: Leftovers\n|-damage|p1a: Zapdos|220/272 tox|[from] psn\n|upkeep\n|turn|28\n|\n|t:|1769617084\n|move|p2a: Pachirisu|Thunderbolt|p1a: Zapdos\n|-damage|p1a: Zapdos|141/272 tox\n|move|p1a: Zapdos|Hidden Power|p2a: Pachirisu\n|-damage|p2a: Pachirisu|231/271\n|\n|-heal|p2a: Pachirisu|247/271|[from] item: Leftovers\n|-heal|p1a: Zapdos|158/272 tox|[from] item: Leftovers\n|-damage|p1a: Zapdos|124/272 tox|[from] psn\n|upkeep\n|turn|29\n|\n|t:|1769617089\n|move|p2a: Pachirisu|Thunderbolt|p1a: Zapdos\n|-damage|p1a: Zapdos|54/272 tox\n|move|p1a: Zapdos|Roost|p1a: Zapdos\n|-heal|p1a: Zapdos|190/272 tox\n|-singleturn|p1a: Zapdos|move: Roost\n|\n|-heal|p2a: Pachirisu|263/271|[from] item: Leftovers\n|-heal|p1a: Zapdos|207/272 tox|[from] item: Leftovers\n|-damage|p1a: Zapdos|156/272 tox|[from] psn\n|upkeep\n|turn|30\n|\n|t:|1769617094\n|switch|p1a: Cherrim|Cherrim, L99, F|299/299\n|move|p2a: Pachirisu|U-turn|p1a: Cherrim\n|-supereffective|p1a: Cherrim\n|-damage|p1a: Cherrim|223/299\n|\n|t:|1769617101\n|switch|p2a: Crabominable|Crabominable, L91, M|82/324|[from] U-turn\n|\n|-heal|p1a: Cherrim|241/299|[from] item: Leftovers\n|upkeep\n|turn|31\n|\n|t:|1769617107\n|switch|p2a: Pachirisu|Pachirisu, L96, F|263/271\n|move|p1a: Cherrim|Energy Ball|p2a: Pachirisu\n|-damage|p2a: Pachirisu|167/271\n|\n|-heal|p2a: Pachirisu|183/271|[from] item: Leftovers\n|-heal|p1a: Cherrim|259/299|[from] item: Leftovers\n|upkeep\n|turn|32\n|\n|t:|1769617117\n|switch|p1a: Dialga|Dialga, L74|241/270 par\n|-ability|p1a: Dialga|Pressure\n|move|p2a: Pachirisu|Nuzzle|p1a: Dialga\n|-resisted|p1a: Dialga\n|-damage|p1a: Dialga|233/270 par\n|\n|-heal|p2a: Pachirisu|199/271|[from] item: Leftovers\n|upkeep\n|turn|33\n|\n|t:|1769617123\n|move|p2a: Pachirisu|U-turn|p1a: Dialga\n|-resisted|p1a: Dialga\n|-damage|p1a: Dialga|216/270 par\n|\n|t:|1769617128\n|switch|p2a: Relicanth|Relicanth, L88, F|319/319|[from] U-turn\n|move|p1a: Dialga|Draco Meteor|p2a: Relicanth|[miss]\n|-miss|p1a: Dialga|p2a: Relicanth\n|\n|upkeep\n|turn|34\n|\n|t:|1769617140\n|move|p2a: Relicanth|Head Smash|p1a: Dialga\n|-resisted|p1a: Dialga\n|-damage|p1a: Dialga|141/270 par\n|move|p1a: Dialga|Draco Meteor|p2a: Relicanth\n|-crit|p2a: Relicanth\n|-damage|p2a: Relicanth|0 fnt\n|-unboost|p1a: Dialga|spa|2\n|faint|p2a: Relicanth\n|\n|upkeep\n|\n|t:|1769617144\n|switch|p2a: Crabominable|Crabominable, L91, M|82/324\n|turn|35\n|\n|t:|1769617158\n|switch|p1a: Zapdos|Zapdos, L79|156/272 tox\n|move|p2a: Crabominable|Ice Hammer|p1a: Zapdos\n|-supereffective|p1a: Zapdos\n|-damage|p1a: Zapdos|0 fnt\n|-unboost|p2a: Crabominable|spe|1\n|-status|p2a: Crabominable|par|[from] ability: Static|[of] p1a: Zapdos\n|faint|p1a: Zapdos\n|\n|upkeep\n|\n|t:|1769617169\n|switch|p1a: Cherrim|Cherrim, L99, F|259/299\n|turn|36\n|\n|t:|1769617176\n|move|p1a: Cherrim|Energy Ball|p2a: Crabominable\n|-damage|p2a: Crabominable|0 fnt\n|faint|p2a: Crabominable\n|\n|-heal|p1a: Cherrim|277/299|[from] item: Leftovers\n|upkeep\n|\n|t:|1769617178\n|switch|p2a: Pachirisu|Pachirisu, L96, F|199/271\n|turn|37\n|\n|t:|1769617181\n|move|p2a: Pachirisu|Toxic|p1a: Cherrim\n|-status|p1a: Cherrim|tox\n|move|p1a: Cherrim|Toxic|p2a: Pachirisu\n|-status|p2a: Pachirisu|tox\n|\n|-heal|p2a: Pachirisu|215/271 tox|[from] item: Leftovers\n|-heal|p1a: Cherrim|295/299 tox|[from] item: Leftovers\n|-damage|p2a: Pachirisu|199/271 tox|[from] psn\n|-damage|p1a: Cherrim|277/299 tox|[from] psn\n|upkeep\n|turn|38\n|\n|t:|1769617183\n|move|p2a: Pachirisu|U-turn|p1a: Cherrim\n|-supereffective|p1a: Cherrim\n|-damage|p1a: Cherrim|205/299 tox\n|move|p1a: Cherrim|Hidden Power|p2a: Pachirisu\n|-supereffective|p2a: Pachirisu\n|-damage|p2a: Pachirisu|97/271 tox\n|\n|-heal|p2a: Pachirisu|113/271 tox|[from] item: Leftovers\n|-heal|p1a: Cherrim|223/299 tox|[from] item: Leftovers\n|-damage|p2a: Pachirisu|81/271 tox|[from] psn\n|-damage|p1a: Cherrim|187/299 tox|[from] psn\n|upkeep\n|turn|39\n|\n|t:|1769617186\n|move|p2a: Pachirisu|U-turn|p1a: Cherrim\n|-supereffective|p1a: Cherrim\n|-damage|p1a: Cherrim|111/299 tox\n|move|p1a: Cherrim|Hidden Power|p2a: Pachirisu\n|-supereffective|p2a: Pachirisu\n|-damage|p2a: Pachirisu|0 fnt\n|faint|p2a: Pachirisu\n|\n|win|Mulan Sauce\n|raw|Mulan Sauce's rating: 1605 &rarr; <strong>1623</strong><br />(+18 for winning)\n|raw|BROCKISAROCK's rating: 1572 &rarr; <strong>1554</strong><br />(-18 for losing)\n|l|☆BROCKISAROCK\n|player|p2|\n|c|☆Mulan Sauce|Gg\n|l|☆Mulan Sauce\n|player|p1|\n|j|☆Mulan Sauce\n|player|p1|Mulan Sauce|cynthia-masters|\n", "inputlog": ">version b99ff0165a6231f17e8b78c2a78d1998375de664\n>start {\"formatid\":\"gen7randombattle\",\"seed\":\"sodium,2f90c22638c99850750bf6d531549d81\",\"rated\":\"Rated battle\"}\n>player p1 {\"name\":\"Mulan Sauce\",\"avatar\":\"cynthia-masters\",\"rating\":1605,\"seed\":\"sodium,cc089f8e045794195461d0df3bc6662c\"}\n>player p2 {\"name\":\"BROCKISAROCK\",\"avatar\":\"brock\",\"rating\":1572,\"seed\":\"sodium,12f9acbb4afd9920a35514a874e3ddcc\"}\n>p1 move fakeout\n>p2 move drainpunch\n>p1 move lowkick\n>p2 move icehammer\n>p1 switch 6\n>p1 move discharge\n>p2 switch 4\n>p1 switch 4\n>p2 move toxic\n>p1 move lightscreen\n>p2 move uturn\n>p2 switch 6\n>p1 move reflect\n>p2 move encore mega\n>p1 switch 4\n>p2 switch 3\n>p1 move hiddenpower\n>p2 move toxic\n>p1 switch 3\n>p2 switch 6\n>p1 switch 4\n>p2 move toxic\n>p1 move reflect\n>p2 move uturn\n>p2 switch 2\n>p1 switch 5\n>p2 move earthquake\n>p1 move uturn\n>p2 switch 2\n>p1 switch 2\n>p1 move dracometeor\n>p2 move nuzzle\n>p1 move dracometeor\n>p2 move uturn\n>p2 switch 2\n>p2 switch 6\n>p1 move dracometeor\n>p2 move roost\n>p1 switch 3\n>p2 move earthquake\n>p1 move hiddenpower\n>p2 switch 2\n>p1 switch 5\n>p2 move thunderbolt\n>p1 move reflect\n>p2 move thunderbolt\n>p1 switch 3\n>p1 move dracometeor\n>p2 move uturn\n>p2 switch 2\n>p2 switch 4\n>p1 switch 2\n>p2 move icehammer\n>p1 switch 5\n>p1 move discharge\n>p2 switch 2\n>p1 switch 4\n>p2 move uturn\n>p2 switch 3\n>p1 move energyball\n>p2 move return\n>p1 move morningsun\n>p2 move highjumpkick\n>p2 switch 3\n>p1 switch 4\n>p2 move nuzzle\n>p1 move hiddenpower\n>p2 move thunderbolt\n>p1 move roost\n>p2 move thunderbolt\n>p1 switch 4\n>p2 move uturn\n>p2 switch 2\n>p1 move energyball\n>p2 switch 2\n>p1 switch 2\n>p2 move nuzzle\n>p1 move dracometeor\n>p2 move uturn\n>p2 switch 5\n>p1 move dracometeor\n>p2 move headsmash\n>p2 switch 2\n>p1 switch 4\n>p2 move icehammer\n>p1 switch 2\n>p1 move energyball\n>p2 move icehammer\n>p2 switch 5\n>p1 move toxic\n>p2 move toxic\n>p1 move hiddenpower\n>p2 move uturn\n>p1 move hiddenpower\n>p2 move uturn", "uploadtime": 1769617188, "views": 160, "formatid": "gen7randombattle", "rating": 1554, "private": 0, "password": null}