{"id": "gen7randombattle-2523624005", "format": "[Gen 7] Random Battle", "players": ["Entity585", "La.Hellhound"], "log": "|j|☆Entity585\n|j|‽La.Hellhound\n|t:|1769045562\n|gametype|singles\n|player|p1|Entity585|elesa|1508\n|player|p2|La.Hellhound|alder|1790\n|gen|7\n|tier|[Gen 7] Random Battle\n|rated|\n|rule|Sleep Clause Mod: Limit one foe put to sleep\n|rule|HP Percentage Mod: HP is shown in percentages\n|rule|Illusion Level Mod: Illusion disguises the Pokémon's true level\n|\n|t:|1769045562\n|teamsize|p1|6\n|teamsize|p2|6\n|start\n|switch|p1a: Donphan|Donphan, L84, F|288/288\n|switch|p2a: Stantler|Stantler, L92, M|284/284\n|-ability|p2a: Stantler|Intimidate|boost\n|-unboost|p1a: Donphan|atk|1\n|turn|1\n|inactive|Battle timer is ON: inactive players will automatically lose when time's up. (requested by La.Hellhound)\n|inactive|La.Hellhound has 120 seconds left.\n|\n|t:|1769045617\n|switch|p1a: Rotom|Rotom-Heat, L84|221/221\n|move|p2a: Stantler|Double-Edge|p1a: Rotom\n|-damage|p1a: Rotom|53/221\n|-damage|p2a: Stantler|229/284|[from] Recoil\n|-damage|p2a: Stantler|201/284|[from] item: Life Orb\n|\n|-heal|p1a: Rotom|66/221|[from] item: Leftovers\n|upkeep\n|turn|2\n|\n|t:|1769045627\n|move|p2a: Stantler|Double-Edge|p1a: Rotom\n|-damage|p1a: Rotom|0 fnt\n|faint|p1a: Rotom\n|-damage|p2a: Stantler|179/284|[from] Recoil\n|-damage|p2a: Stantler|151/284|[from] item: Life Orb\n|\n|upkeep\n|\n|t:|1769045639\n|switch|p1a: Tangrowth|Tangrowth, L89, M|323/323\n|turn|3\n|\n|t:|1769045646\n|switch|p2a: Emboar|Emboar, L85, F|326/326\n|move|p1a: Tangrowth|Power Whip|p2a: Emboar\n|-resisted|p2a: Emboar\n|-damage|p2a: Emboar|242/326\n|\n|upkeep\n|turn|4\n|\n|t:|1769045653\n|switch|p1a: Donphan|Donphan, L84, F|288/288\n|move|p2a: Emboar|Flare Blitz|p1a: Donphan\n|-damage|p1a: Donphan|56/288\n|-damage|p2a: Emboar|165/326|[from] Recoil\n|\n|upkeep\n|turn|5\n|\n|t:|1769045659\n|move|p2a: Emboar|Flare Blitz|p1a: Donphan\n|-damage|p1a: Donphan|0 fnt\n|faint|p1a: Donphan\n|-damage|p2a: Emboar|147/326|[from] Recoil\n|\n|upkeep\n|\n|t:|1769045665\n|switch|p1a: Tangrowth|Tangrowth, L89, M|323/323\n|turn|6\n|\n|t:|1769045668\n|move|p2a: Emboar|Flare Blitz|p1a: Tangrowth\n|-supereffective|p1a: Tangrowth\n|-damage|p1a: Tangrowth|0 fnt\n|faint|p1a: Tangrowth\n|-damage|p2a: Emboar|40/326|[from] Recoil\n|\n|upkeep\n|\n|t:|1769045673\n|switch|p1a: Galvantula|Galvantula, L80, F|243/243\n|turn|7\n|\n|t:|1769045676\n|move|p1a: Galvantula|Thunder|p2a: Emboar\n|-damage|p2a: Emboar|0 fnt\n|faint|p2a: Emboar\n|-damage|p1a: Galvantula|219/243|[from] item: Life Orb\n|\n|upkeep\n|\n|t:|1769045684\n|switch|p2a: Typhlosion|Typhlosion, L85, F|270/270\n|turn|8\n|\n|t:|1769045691\n|move|p2a: Typhlosion|Eruption|p1a: Galvantula\n|-supereffective|p1a: Galvantula\n|-damage|p1a: Galvantula|0 fnt\n|faint|p1a: Galvantula\n|\n|upkeep\n|\n|t:|1769045696\n|switch|p1a: Snorlax|Snorlax, L83, F|401/401\n|turn|9\n|\n|t:|1769045699\n|switch|p2a: Stantler|Stantler, L92, M|151/284\n|-ability|p2a: Stantler|Intimidate|boost\n|-unboost|p1a: Snorlax|atk|1\n|move|p1a: Snorlax|Body Slam|p2a: Stantler\n|-damage|p2a: Stantler|79/284\n|\n|upkeep\n|turn|10\n|\n|t:|1769045717\n|switch|p1a: Ferrothorn|Ferrothorn, L72, F|226/226\n|move|p2a: Stantler|Double-Edge|p1a: Ferrothorn\n|-resisted|p1a: Ferrothorn\n|-damage|p1a: Ferrothorn|139/226\n|-damage|p2a: Stantler|44/284|[from] ability: Iron Barbs|[of] p1a: Ferrothorn\n|-damage|p2a: Stantler|15/284|[from] Recoil\n|-damage|p2a: Stantler|0 fnt|[from] item: Life Orb\n|faint|p2a: Stantler\n|\n|-heal|p1a: Ferrothorn|153/226|[from] item: Leftovers\n|upkeep\n|\n|t:|1769045727\n|switch|p2a: Typhlosion|Typhlosion, L85, F|270/270\n|turn|11\n|\n|t:|1769045731\n|move|p2a: Typhlosion|Eruption|p1a: Ferrothorn\n|-supereffective|p1a: Ferrothorn\n|-crit|p1a: Ferrothorn\n|-damage|p1a: Ferrothorn|0 fnt\n|faint|p1a: Ferrothorn\n|\n|upkeep\n|\n|t:|1769045733\n|switch|p1a: Snorlax|Snorlax, L83, F|401/401\n|turn|12\n|\n|t:|1769045740\n|switch|p2a: Silvally|Silvally-Ice, L87|307/307\n|move|p1a: Snorlax|Body Slam|p2a: Silvally\n|-damage|p2a: Silvally|213/307\n|\n|upkeep\n|turn|13\n|\n|t:|1769045746\n|move|p2a: Silvally|Toxic|p1a: Snorlax\n|-status|p1a: Snorlax|tox\n|move|p1a: Snorlax|Curse|p1a: Snorlax\n|-unboost|p1a: Snorlax|spe|1\n|-boost|p1a: Snorlax|atk|1\n|-boost|p1a: Snorlax|def|1\n|\n|-damage|p1a: Snorlax|376/401 tox|[from] psn\n|upkeep\n|turn|14\n|\n|t:|1769045755\n|move|p2a: Silvally|Parting Shot|p1a: Snorlax\n|-unboost|p1a: Snorlax|atk|1\n|-unboost|p1a: Snorlax|spa|1\n|\n|t:|1769045761\n|switch|p2a: Heracross|Heracross, L80, F|259/259|[from] Parting Shot\n|move|p1a: Snorlax|Body Slam|p2a: Heracross\n|-damage|p2a: Heracross|151/259\n|-status|p2a: Heracross|par\n|\n|-damage|p1a: Snorlax|326/401 tox|[from] psn\n|upkeep\n|turn|15\n|\n|t:|1769045772\n|detailschange|p2a: Heracross|Heracross-Mega, L80, F\n|-mega|p2a: Heracross|Heracross|Heracronite\n|move|p2a: Heracross|Close Combat|p1a: Snorlax\n|-supereffective|p1a: Snorlax\n|-damage|p1a: Snorlax|6/401 tox\n|-unboost|p2a: Heracross|def|1\n|-unboost|p2a: Heracross|spd|1\n|-enditem|p1a: Snorlax|Aguav Berry|[eat]\n|-heal|p1a: Snorlax|206/401 tox|[from] item: Aguav Berry\n|move|p1a: Snorlax|Body Slam|p2a: Heracross\n|-damage|p2a: Heracross|22/259 par\n|\n|-damage|p1a: Snorlax|131/401 tox|[from] psn\n|upkeep\n|turn|16\n|-message|Entity585 forfeited.\n|\n|win|La.Hellhound\n|raw|Entity585's rating: 1508 &rarr; <strong>1501</strong><br />(-7 for losing)\n|raw|La.Hellhound's rating: 1790 &rarr; <strong>1797</strong><br />(+7 for winning)\n|l|☆Entity585\n|player|p1|\n", "inputlog": ">version 3bd1a1e329da8d286644078cfc9a9638fc7ea025\n>start {\"formatid\":\"gen7randombattle\",\"seed\":\"sodium,1fceff0771737b752596ce8c3776726a\",\"rated\":\"Rated battle\"}\n>player p1 {\"name\":\"Entity585\",\"avatar\":\"elesa\",\"rating\":1508,\"seed\":\"sodium,a0a5ba676f853120ae9f0036e108befa\"}\n>player p2 {\"name\":\"La.Hellhound\",\"avatar\":\"alder\",\"rating\":1790,\"seed\":\"sodium,3c8e7858f553a95f2592b3962cf0c9ab\"}\n>p1 switch 4\n>p2 move doubleedge\n>p1 move painsplit\n>p2 move doubleedge\n>p1 switch 5\n>p1 move powerwhip\n>p2 switch 6\n>p1 switch 4\n>p2 move flareblitz\n>p1 move earthquake\n>p2 move flareblitz\n>p1 switch 4\n>p1 move earthquake\n>p2 move flareblitz\n>p1 switch 3\n>p1 move thunder\n>p2 move flareblitz\n>p2 switch 5\n>p1 move thunder\n>p2 move eruption\n>p1 switch 6\n>p1 move bodyslam\n>p2 switch 6\n>p1 switch 2\n>p2 move doubleedge\n>p2 switch 6\n>p1 move stealthrock\n>p2 move eruption\n>p1 switch 2\n>p1 move bodyslam\n>p2 switch 4\n>p1 move curse\n>p2 move toxic\n>p1 move bodyslam\n>p2 move partingshot\n>p2 switch 3\n>p1 move bodyslam\n>p2 move closecombat mega\n>forcelose p1", "uploadtime": 1769045785, "views": 158, "formatid": "gen7randombattle", "rating": 1501, "private": 0, "password": null}