{"id": "gen7randombattle-2535852980", "format": "[Gen 7] Random Battle", "players": ["Likehumansdo", "MimikyuTrainerAsh"], "log": "|j|☆Likehumansdo\n|j|☆MimikyuTrainerAsh\n|t:|1770620600\n|gametype|singles\n|player|p1|Likehumansdo|170|1686\n|player|p2|MimikyuTrainerAsh|pokekid|1647\n|gen|7\n|tier|[Gen 7] Random Battle\n|rated|\n|rule|Sleep Clause Mod: Limit one foe put to sleep\n|rule|HP Percentage Mod: HP is shown in percentages\n|rule|Illusion Level Mod: Illusion disguises the Pokémon's true level\n|\n|t:|1770620600\n|teamsize|p1|6\n|teamsize|p2|6\n|start\n|switch|p1a: Parasect|Parasect, L99, M|279/279\n|switch|p2a: Illumise|Illumise, L92, F|269/269\n|turn|1\n|inactive|Battle timer is ON: inactive players will automatically lose when time's up. (requested by MimikyuTrainerAsh)\n|\n|t:|1770620612\n|move|p2a: Illumise|Thunder Wave|p1a: Parasect\n|-status|p1a: Parasect|par\n|move|p1a: Parasect|Spore|p2a: Illumise\n|-status|p2a: Illumise|slp|[from] move: Spore\n|\n|upkeep\n|turn|2\n|\n|t:|1770620619\n|switch|p2a: Houndoom|Houndoom, L80, M|251/251\n|switch|p1a: Celesteela|Celesteela, L78|279/279\n|\n|upkeep\n|turn|3\n|\n|t:|1770620624\n|switch|p1a: Azumarill|Azumarill, L81, F|294/294\n|detailschange|p2a: Houndoom|Houndoom-Mega, L80, M\n|-mega|p2a: Houndoom|Houndoom|Houndoominite\n|move|p2a: Houndoom|Nasty Plot|p2a: Houndoom\n|-boost|p2a: Houndoom|spa|2\n|\n|upkeep\n|turn|4\n|\n|t:|1770620631\n|switch|p2a: Shiftry|Shiftry, L90, F|308/308\n|move|p1a: Azumarill|Liquidation|p2a: Shiftry\n|-resisted|p2a: Shiftry\n|-damage|p2a: Shiftry|237/308\n|\n|upkeep\n|turn|5\n|\n|t:|1770620636\n|switch|p1a: Celesteela|Celesteela, L78|279/279\n|move|p2a: Shiftry|Swords Dance|p2a: Shiftry\n|-boost|p2a: Shiftry|atk|2\n|\n|upkeep\n|turn|6\n|\n|t:|1770620643\n|move|p2a: Shiftry|Knock Off|p1a: Celesteela\n|-damage|p1a: Celesteela|0 fnt\n|-enditem|p1a: Celesteela|Leftovers|[from] move: Knock Off|[of] p2a: Shiftry\n|faint|p1a: Celesteela\n|-damage|p2a: Shiftry|207/308|[from] item: Life Orb\n|\n|upkeep\n|\n|t:|1770620647\n|switch|p1a: Volbeat|Volbeat, L91, M|266/266\n|turn|7\n|\n|t:|1770620652\n|switch|p2a: Houndoom|Houndoom-Mega, L80, M|251/251\n|move|p1a: Volbeat|U-turn|p2a: Houndoom\n|-damage|p2a: Houndoom|176/251\n|\n|t:|1770620655\n|switch|p1a: Azumarill|Azumarill, L81, F|294/294|[from] U-turn\n|\n|upkeep\n|turn|8\n|\n|t:|1770620658\n|switch|p2a: Shiftry|Shiftry, L90, F|207/308\n|move|p1a: Azumarill|Play Rough|p2a: Shiftry\n|-supereffective|p2a: Shiftry\n|-damage|p2a: Shiftry|0 fnt\n|faint|p2a: Shiftry\n|\n|upkeep\n|\n|t:|1770620664\n|switch|p2a: Xerneas|Xerneas, L65|272/272\n|-ability|p2a: Xerneas|Fairy Aura\n|turn|9\n|\n|t:|1770620675\n|switch|p1a: Volbeat|Volbeat, L91, M|266/266\n|move|p2a: Xerneas|Geomancy||[still]\n|-prepare|p2a: Xerneas|Geomancy\n|-enditem|p2a: Xerneas|Power Herb\n|-anim|p2a: Xerneas|Geomancy|p2a: Xerneas\n|-boost|p2a: Xerneas|spa|2\n|-boost|p2a: Xerneas|spd|2\n|-boost|p2a: Xerneas|spe|2\n|\n|upkeep\n|turn|10\n|\n|t:|1770620678\n|move|p1a: Volbeat|Encore|p2a: Xerneas\n|-start|p2a: Xerneas|Encore\n|move|p2a: Xerneas|Geomancy||[still]\n|-prepare|p2a: Xerneas|Geomancy\n|\n|upkeep\n|turn|11\n|\n|t:|1770620681\n|move|p1a: Volbeat|Thunder Wave|p2a: Xerneas\n|-status|p2a: Xerneas|par\n|move|p2a: Xerneas|Geomancy|p2a: Xerneas|[from] lockedmove\n|-boost|p2a: Xerneas|spa|2\n|-boost|p2a: Xerneas|spd|2\n|-boost|p2a: Xerneas|spe|2\n|\n|upkeep\n|turn|12\n|\n|t:|1770620691\n|move|p1a: Volbeat|Thunder Wave|p2a: Xerneas\n|-fail|p2a: Xerneas|par\n|move|p2a: Xerneas|Geomancy||[still]\n|-prepare|p2a: Xerneas|Geomancy\n|\n|-end|p2a: Xerneas|Encore\n|upkeep\n|turn|13\n|\n|t:|1770620702\n|move|p1a: Volbeat|Encore|p2a: Xerneas\n|-start|p2a: Xerneas|Encore\n|cant|p2a: Xerneas|par\n|\n|upkeep\n|turn|14\n|\n|t:|1770620705\n|cant|p2a: Xerneas|par\n|move|p1a: Volbeat|U-turn|p2a: Xerneas\n|-resisted|p2a: Xerneas\n|-damage|p2a: Xerneas|230/272 par\n|\n|t:|1770620712\n|switch|p1a: Azumarill|Azumarill, L81, F|294/294|[from] U-turn\n|\n|upkeep\n|turn|15\n|\n|t:|1770620714\n|move|p2a: Xerneas|Geomancy||[still]\n|-prepare|p2a: Xerneas|Geomancy\n|move|p1a: Azumarill|Liquidation|p2a: Xerneas\n|-damage|p2a: Xerneas|101/272 par\n|-unboost|p2a: Xerneas|def|1\n|\n|-end|p2a: Xerneas|Encore\n|upkeep\n|turn|16\n|\n|t:|1770620722\n|move|p1a: Azumarill|Aqua Jet|p2a: Xerneas\n|-damage|p2a: Xerneas|4/272 par\n|move|p2a: Xerneas|Geomancy|p2a: Xerneas|[from] lockedmove\n|-boost|p2a: Xerneas|spa|2\n|-boost|p2a: Xerneas|spd|2\n|-boost|p2a: Xerneas|spe|2\n|\n|upkeep\n|turn|17\n|c|☆MimikyuTrainerAsh|stupid annoying shit\n|\n|t:|1770620733\n|move|p1a: Azumarill|Aqua Jet|p2a: Xerneas\n|-damage|p2a: Xerneas|0 fnt\n|faint|p2a: Xerneas\n|\n|upkeep\n|\n|t:|1770620735\n|switch|p2a: Throh|Throh, L89, M|358/358\n|turn|18\n|\n|t:|1770620748\n|switch|p1a: Uxie|Uxie, L82|257/257\n|move|p2a: Throh|Knock Off|p1a: Uxie\n|-supereffective|p1a: Uxie\n|-damage|p1a: Uxie|131/257\n|-enditem|p1a: Uxie|Leftovers|[from] move: Knock Off|[of] p2a: Throh\n|\n|upkeep\n|turn|19\n|\n|t:|1770620753\n|switch|p2a: Houndoom|Houndoom-Mega, L80, M|176/251\n|move|p1a: Uxie|Psychic|p2a: Houndoom\n|-immune|p2a: Houndoom\n|\n|upkeep\n|turn|20\n|\n|t:|1770620758\n|switch|p1a: Azumarill|Azumarill, L81, F|294/294\n|move|p2a: Houndoom|Fire Blast|p1a: Azumarill\n|-resisted|p1a: Azumarill\n|-damage|p1a: Azumarill|218/294\n|\n|upkeep\n|turn|21\n|\n|t:|1770620762\n|switch|p2a: Throh|Throh, L89, M|358/358\n|move|p1a: Azumarill|Liquidation|p2a: Throh\n|-damage|p2a: Throh|262/358\n|\n|-heal|p2a: Throh|284/358|[from] item: Leftovers\n|upkeep\n|turn|22\n|\n|t:|1770620765\n|move|p2a: Throh|Knock Off|p1a: Azumarill\n|-resisted|p1a: Azumarill\n|-damage|p1a: Azumarill|174/294\n|-enditem|p1a: Azumarill|Sitrus Berry|[from] move: Knock Off|[of] p2a: Throh\n|move|p1a: Azumarill|Play Rough|p2a: Throh\n|-supereffective|p2a: Throh\n|-damage|p2a: Throh|60/358\n|\n|-heal|p2a: Throh|82/358|[from] item: Leftovers\n|upkeep\n|turn|23\n|\n|t:|1770620777\n|move|p2a: Throh|Knock Off|p1a: Azumarill\n|-resisted|p1a: Azumarill\n|-damage|p1a: Azumarill|145/294\n|move|p1a: Azumarill|Liquidation|p2a: Throh\n|-damage|p2a: Throh|0 fnt\n|faint|p2a: Throh\n|\n|upkeep\n|\n|t:|1770620778\n|switch|p2a: Linoone|Linoone, L81, F|258/258\n|turn|24\n|\n|t:|1770620782\n|switch|p1a: Volbeat|Volbeat, L91, M|266/266\n|move|p2a: Linoone|Belly Drum|p2a: Linoone\n|-damage|p2a: Linoone|129/258\n|-setboost|p2a: Linoone|atk|6|[from] move: Belly Drum\n|-enditem|p2a: Linoone|Wiki Berry|[eat]\n|-heal|p2a: Linoone|258/258|[from] item: Wiki Berry\n|\n|upkeep\n|turn|25\n|\n|t:|1770620785\n|move|p2a: Linoone|Extreme Speed|p1a: Volbeat\n|-damage|p1a: Volbeat|14/266\n|move|p1a: Volbeat|Encore|p2a: Linoone\n|-start|p2a: Linoone|Encore\n|\n|-heal|p1a: Volbeat|30/266|[from] item: Leftovers\n|upkeep\n|turn|26\n|\n|t:|1770620791\n|move|p2a: Linoone|Extreme Speed|p1a: Volbeat\n|-damage|p1a: Volbeat|0 fnt\n|faint|p1a: Volbeat\n|\n|upkeep\n|\n|t:|1770620798\n|switch|p1a: Fearow|Fearow, L88, F|258/258\n|turn|27\n|\n|t:|1770620801\n|move|p2a: Linoone|Extreme Speed|p1a: Fearow\n|-damage|p1a: Fearow|0 fnt\n|faint|p1a: Fearow\n|\n|upkeep\n|c|☆MimikyuTrainerAsh|sucks to suck\n|l|☆Likehumansdo\n|inactive|Likehumansdo disconnected and has a minute to reconnect!\n|player|p1|\n|c|☆MimikyuTrainerAsh|should’ve used thunder wave huh?\n|c|☆MimikyuTrainerAsh|instead of trying to be “smart” and encore\n|inactive|Likehumansdo has 30 seconds to reconnect!\n|inactive|Likehumansdo has 20 seconds to reconnect!\n|c|☆MimikyuTrainerAsh|that’s what you get\n|inactive|Likehumansdo has 15 seconds to reconnect!\n|inactive|Likehumansdo has 10 seconds to reconnect!\n|inactive|Likehumansdo has 5 seconds to reconnect!\n|-message|Likehumansdo lost due to inactivity.\n|\n|win|MimikyuTrainerAsh\n|raw|Likehumansdo's rating: 1686 &rarr; <strong>1664</strong><br />(-22 for losing)\n|raw|MimikyuTrainerAsh's rating: 1647 &rarr; <strong>1669</strong><br />(+22 for winning)\n|l|☆MimikyuTrainerAsh\n|player|p2|\n|j|☆MimikyuTrainerAsh\n|player|p2|MimikyuTrainerAsh|pokekid|\n", "inputlog": ">version ccdc32dd7cde25fd9e4bed64820e885f66e78a4e\n>start {\"formatid\":\"gen7randombattle\",\"seed\":\"sodium,c231562f7f9d88d7346f0490bf617a8c\",\"rated\":\"Rated battle\"}\n>player p1 {\"name\":\"Likehumansdo\",\"avatar\":\"170\",\"rating\":1686,\"seed\":\"sodium,38024fbf77021be5e1b8627eb28160b3\"}\n>player p2 {\"name\":\"MimikyuTrainerAsh\",\"avatar\":\"pokekid\",\"rating\":1647,\"seed\":\"sodium,21428a436735a6482b2f1d115ff68d90\"}\n>p1 move spore\n>p2 move thunderwave\n>p1 switch 4\n>p2 switch 6\n>p1 switch 6\n>p2 move nastyplot mega\n>p1 move liquidation\n>p2 switch 5\n>p1 switch 6\n>p2 move swordsdance\n>p1 move airslash\n>p2 move knockoff\n>p1 switch 3\n>p1 move uturn\n>p2 switch 5\n>p1 switch 6\n>p1 move playrough\n>p2 switch 5\n>p2 switch 4\n>p1 switch 6\n>p2 move geomancy\n>p1 move encore\n>p2 move moonblast\n>p1 move thunderwave\n>p2 move geomancy\n>p1 move thunderwave\n>p2 move geomancy\n>p1 move encore\n>p2 move geomancy\n>p1 move uturn\n>p2 move geomancy\n>p1 switch 6\n>p1 move liquidation\n>p2 move geomancy\n>p1 move aquajet\n>p2 move geomancy\n>chat ☆MimikyuTrainerAsh|stupid annoying shit\n>p1 move aquajet\n>p2 move moonblast\n>p2 switch 3\n>p1 switch 5\n>p2 move knockoff\n>p1 move psychic\n>p2 switch 5\n>p1 switch 5\n>p2 move fireblast\n>p1 move liquidation\n>p2 switch 5\n>p1 move playrough\n>p2 move knockoff\n>p1 move liquidation\n>p2 move knockoff\n>p2 switch 2\n>p1 switch 6\n>p2 move bellydrum\n>p1 move encore\n>p2 move extremespeed\n>p1 move thunderwave\n>p2 move extremespeed\n>p1 switch 2\n>p1 move doubleedge\n>p2 move extremespeed\n>chat ☆MimikyuTrainerAsh|sucks to suck\n>chat ☆MimikyuTrainerAsh|should’ve used thunder wave huh?\n>chat ☆MimikyuTrainerAsh|instead of trying to be “smart” and encore\n>chat ☆MimikyuTrainerAsh|that’s what you get \n>forcelose p1", "uploadtime": 1770620726, "views": 192, "formatid": "gen7randombattle", "rating": 1664, "private": 0, "password": null}