{"id": "gen7randombattle-2527405708", "format": "[Gen 7] Random Battle", "players": ["Donutmufns", "86Stingray"], "log": "|j|☆Donutmufns\n|j|‽86Stingray\n|t:|1769535449\n|gametype|singles\n|player|p1|Donutmufns|acetrainercouple|1506\n|player|p2|86Stingray|backersf|1583\n|gen|7\n|tier|[Gen 7] Random Battle\n|rated|\n|rule|Sleep Clause Mod: Limit one foe put to sleep\n|rule|HP Percentage Mod: HP is shown in percentages\n|rule|Illusion Level Mod: Illusion disguises the Pokémon's true level\n|\n|t:|1769535449\n|teamsize|p1|6\n|teamsize|p2|6\n|start\n|switch|p1a: Rayquaza|Rayquaza, L66|248/248\n|switch|p2a: Sylveon|Sylveon, L85, F|300/300\n|-ability|p1a: Rayquaza|Air Lock\n|turn|1\n|\n|t:|1769535485\n|switch|p1a: Hypno|Hypno, L97, M|322/322\n|move|p2a: Sylveon|Hyper Voice|p1a: Hypno\n|-damage|p1a: Hypno|231/322\n|\n|-heal|p1a: Hypno|251/322|[from] item: Leftovers\n|upkeep\n|turn|2\n|\n|t:|1769535494\n|switch|p2a: Celesteela|Celesteela, L78|279/279\n|move|p1a: Hypno|Toxic|p2a: Celesteela\n|-immune|p2a: Celesteela\n|\n|-heal|p1a: Hypno|271/322|[from] item: Leftovers\n|upkeep\n|turn|3\n|inactive|Battle timer is ON: inactive players will automatically lose when time's up. (requested by 86Stingray)\n|\n|t:|1769535528\n|move|p1a: Hypno|Seismic Toss|p2a: Celesteela\n|-damage|p2a: Celesteela|182/279\n|move|p2a: Celesteela|Leech Seed|p1a: Hypno\n|-start|p1a: Hypno|move: Leech Seed\n|\n|-heal|p1a: Hypno|291/322|[from] item: Leftovers\n|-heal|p2a: Celesteela|199/279|[from] item: Leftovers\n|-damage|p1a: Hypno|251/322|[from] Leech Seed|[of] p2a: Celesteela\n|-heal|p2a: Celesteela|239/279|[silent]\n|upkeep\n|turn|4\n|\n|t:|1769535542\n|switch|p1a: Uxie|Uxie, L82|257/257\n|move|p2a: Celesteela|Heavy Slam|p1a: Uxie\n|-damage|p1a: Uxie|170/257\n|\n|-heal|p1a: Uxie|186/257|[from] item: Leftovers\n|-heal|p2a: Celesteela|256/279|[from] item: Leftovers\n|upkeep\n|turn|5\n|\n|t:|1769535550\n|move|p1a: Uxie|Thunder Wave|p2a: Celesteela\n|-status|p2a: Celesteela|par\n|cant|p2a: Celesteela|par\n|\n|-heal|p1a: Uxie|202/257|[from] item: Leftovers\n|-heal|p2a: Celesteela|273/279 par|[from] item: Leftovers\n|upkeep\n|turn|6\n|\n|t:|1769535556\n|move|p1a: Uxie|Stealth Rock|p2a: Celesteela\n|-sidestart|p2: 86Stingray|move: Stealth Rock\n|move|p2a: Celesteela|Leech Seed|p1a: Uxie\n|-start|p1a: Uxie|move: Leech Seed\n|\n|-heal|p1a: Uxie|218/257|[from] item: Leftovers\n|-heal|p2a: Celesteela|279/279 par|[from] item: Leftovers\n|-damage|p1a: Uxie|186/257|[from] Leech Seed|[of] p2a: Celesteela\n|upkeep\n|turn|7\n|\n|t:|1769535563\n|switch|p1a: Hypno|Hypno, L97, M|251/322\n|move|p2a: Celesteela|Heavy Slam|p1a: Hypno\n|-damage|p1a: Hypno|124/322\n|\n|-heal|p1a: Hypno|144/322|[from] item: Leftovers\n|upkeep\n|turn|8\n|\n|t:|1769535570\n|move|p1a: Hypno|Wish|p1a: Hypno\n|move|p2a: Celesteela|Leech Seed|p1a: Hypno\n|-start|p1a: Hypno|move: Leech Seed\n|\n|-heal|p1a: Hypno|164/322|[from] item: Leftovers\n|-damage|p1a: Hypno|124/322|[from] Leech Seed|[of] p2a: Celesteela\n|upkeep\n|turn|9\n|\n|t:|1769535576\n|switch|p1a: Uxie|Uxie, L82|186/257\n|cant|p2a: Celesteela|par\n|\n|-heal|p1a: Uxie|257/257|[from] move: Wish|[wisher] Hypno\n|upkeep\n|turn|10\n|\n|t:|1769535588\n|move|p1a: Uxie|Knock Off|p2a: Celesteela\n|-damage|p2a: Celesteela|227/279 par\n|-enditem|p2a: Celesteela|Leftovers|[from] move: Knock Off|[of] p1a: Uxie\n|cant|p2a: Celesteela|par\n|\n|upkeep\n|turn|11\n|\n|t:|1769535594\n|move|p1a: Uxie|Psychic|p2a: Celesteela\n|-resisted|p2a: Celesteela\n|-damage|p2a: Celesteela|192/279 par\n|move|p2a: Celesteela|Leech Seed|p1a: Uxie\n|-start|p1a: Uxie|move: Leech Seed\n|\n|-damage|p1a: Uxie|225/257|[from] Leech Seed|[of] p2a: Celesteela\n|-heal|p2a: Celesteela|224/279 par|[silent]\n|upkeep\n|turn|12\n|\n|t:|1769535600\n|switch|p1a: Hypno|Hypno, L97, M|124/322\n|move|p2a: Celesteela|Heavy Slam|p1a: Hypno\n|-damage|p1a: Hypno|7/322\n|\n|-heal|p1a: Hypno|27/322|[from] item: Leftovers\n|upkeep\n|turn|13\n|\n|t:|1769535608\n|move|p1a: Hypno|Wish|p1a: Hypno\n|cant|p2a: Celesteela|par\n|\n|-heal|p1a: Hypno|47/322|[from] item: Leftovers\n|upkeep\n|turn|14\n|\n|t:|1769535614\n|move|p1a: Hypno|Protect|p1a: Hypno\n|-singleturn|p1a: Hypno|Protect\n|move|p2a: Celesteela|Heavy Slam|p1a: Hypno\n|-activate|p1a: Hypno|move: Protect\n|\n|-heal|p1a: Hypno|208/322|[from] move: Wish|[wisher] Hypno\n|-heal|p1a: Hypno|228/322|[from] item: Leftovers\n|upkeep\n|turn|15\n|\n|t:|1769535622\n|move|p1a: Hypno|Seismic Toss|p2a: Celesteela\n|-damage|p2a: Celesteela|127/279 par\n|cant|p2a: Celesteela|par\n|\n|-heal|p1a: Hypno|248/322|[from] item: Leftovers\n|upkeep\n|turn|16\n|\n|t:|1769535632\n|switch|p2a: Qwilfish|Qwilfish, L86, M|252/252\n|-damage|p2a: Qwilfish|221/252|[from] Stealth Rock\n|-ability|p2a: Qwilfish|Intimidate|boost\n|-unboost|p1a: Hypno|atk|1\n|move|p1a: Hypno|Seismic Toss|p2a: Qwilfish\n|-damage|p2a: Qwilfish|124/252\n|\n|-heal|p2a: Qwilfish|139/252|[from] item: Black Sludge\n|-heal|p1a: Hypno|268/322|[from] item: Leftovers\n|upkeep\n|turn|17\n|\n|t:|1769535660\n|switch|p1a: Breloom|Breloom, L84, M|238/238\n|move|p2a: Qwilfish|Spikes|p1a: Breloom\n|-sidestart|p1: Donutmufns|Spikes\n|\n|-heal|p2a: Qwilfish|154/252|[from] item: Black Sludge\n|upkeep\n|turn|18\n|n|‽86Stingray|86stingray\n|n|‽86Stingray|86stingray\n|n|‽86Stingray|86stingray\n|n|‽86Stingray|86stingray\n|inactive|Donutmufns has 120 seconds left.\n|\n|t:|1769535675\n|move|p2a: Qwilfish|Taunt|p1a: Breloom\n|-start|p1a: Breloom|move: Taunt\n|move|p1a: Breloom|Bullet Seed|p2a: Qwilfish\n|-damage|p2a: Qwilfish|92/252\n|-damage|p2a: Qwilfish|24/252\n|-damage|p2a: Qwilfish|0 fnt\n|faint|p2a: Qwilfish\n|-hitcount|p2: Qwilfish|3\n|-damage|p1a: Breloom|215/238|[from] item: Life Orb\n|\n|upkeep\n|n|☆86Stingray|86stingray\n|n|‽86Stingray|86stingray\n|n|‽86Stingray|86stingray\n|n|‽86Stingray|86stingray\n|inactive|86Stingray has 120 seconds left.\n|\n|t:|1769535716\n|switch|p2a: Hitmontop|Hitmontop, L90, M|236/236\n|-damage|p2a: Hitmontop|222/236|[from] Stealth Rock\n|-ability|p2a: Hitmontop|Intimidate|boost\n|-unboost|p1a: Breloom|atk|1\n|turn|19\n|inactive|Donutmufns has 120 seconds left.\n|\n|t:|1769535752\n|switch|p1a: Uxie|Uxie, L82|225/257\n|move|p2a: Hitmontop|Rapid Spin|p1a: Uxie\n|-crit|p1a: Uxie\n|-damage|p1a: Uxie|204/257\n|-sideend|p2: 86Stingray|Stealth Rock|[from] move: Rapid Spin|[of] p2a: Hitmontop\n|\n|-heal|p1a: Uxie|220/257|[from] item: Leftovers\n|upkeep\n|turn|20\n|inactive|86Stingray has 120 seconds left.\n|\n|t:|1769535763\n|switch|p2a: Celesteela|Celesteela, L78|127/279 par\n|move|p1a: Uxie|Thunder Wave|p2a: Celesteela\n|-fail|p2a: Celesteela|par\n|\n|-heal|p1a: Uxie|236/257|[from] item: Leftovers\n|upkeep\n|turn|21\n|\n|t:|1769535770\n|move|p1a: Uxie|Stealth Rock|p2a: Celesteela\n|-sidestart|p2: 86Stingray|move: Stealth Rock\n|move|p2a: Celesteela|Air Slash|p1a: Uxie\n|-damage|p1a: Uxie|181/257\n|\n|-heal|p1a: Uxie|197/257|[from] item: Leftovers\n|upkeep\n|turn|22\n|inactive|Donutmufns has 120 seconds left.\n|\n|t:|1769535797\n|switch|p1a: Hypno|Hypno, L97, M|268/322\n|-damage|p1a: Hypno|228/322|[from] Spikes\n|cant|p2a: Celesteela|par\n|\n|-heal|p1a: Hypno|248/322|[from] item: Leftovers\n|upkeep\n|turn|23\n|\n|t:|1769535804\n|move|p1a: Hypno|Seismic Toss|p2a: Celesteela\n|-damage|p2a: Celesteela|30/279 par\n|move|p2a: Celesteela|Leech Seed|p1a: Hypno\n|-start|p1a: Hypno|move: Leech Seed\n|\n|-heal|p1a: Hypno|268/322|[from] item: Leftovers\n|-damage|p1a: Hypno|228/322|[from] Leech Seed|[of] p2a: Celesteela\n|-heal|p2a: Celesteela|70/279 par|[silent]\n|upkeep\n|turn|24\n|\n|t:|1769535814\n|move|p2a: Celesteela|Protect|p2a: Celesteela\n|-singleturn|p2a: Celesteela|Protect\n|move|p1a: Hypno|Seismic Toss|p2a: Celesteela\n|-activate|p2a: Celesteela|move: Protect\n|\n|-heal|p1a: Hypno|248/322|[from] item: Leftovers\n|-damage|p1a: Hypno|208/322|[from] Leech Seed|[of] p2a: Celesteela\n|-heal|p2a: Celesteela|110/279 par|[silent]\n|upkeep\n|turn|25\n|inactive|Donutmufns has 120 seconds left.\n|\n|t:|1769535826\n|move|p1a: Hypno|Wish|p1a: Hypno\n|move|p2a: Celesteela|Heavy Slam|p1a: Hypno\n|-damage|p1a: Hypno|79/322\n|\n|-heal|p1a: Hypno|99/322|[from] item: Leftovers\n|-damage|p1a: Hypno|59/322|[from] Leech Seed|[of] p2a: Celesteela\n|-heal|p2a: Celesteela|150/279 par|[silent]\n|upkeep\n|turn|26\n|\n|t:|1769535834\n|move|p1a: Hypno|Protect|p1a: Hypno\n|-singleturn|p1a: Hypno|Protect\n|move|p2a: Celesteela|Heavy Slam|p1a: Hypno\n|-activate|p1a: Hypno|move: Protect\n|\n|-heal|p1a: Hypno|220/322|[from] move: Wish|[wisher] Hypno\n|-heal|p1a: Hypno|240/322|[from] item: Leftovers\n|-damage|p1a: Hypno|200/322|[from] Leech Seed|[of] p2a: Celesteela\n|-heal|p2a: Celesteela|190/279 par|[silent]\n|upkeep\n|turn|27\n|\n|t:|1769535848\n|switch|p1a: Uxie|Uxie, L82|197/257\n|move|p2a: Celesteela|Heavy Slam|p1a: Uxie\n|-damage|p1a: Uxie|106/257\n|\n|-heal|p1a: Uxie|122/257|[from] item: Leftovers\n|upkeep\n|turn|28\n|\n|t:|1769535857\n|move|p1a: Uxie|Knock Off|p2a: Celesteela\n|-damage|p2a: Celesteela|158/279 par\n|move|p2a: Celesteela|Leech Seed|p1a: Uxie\n|-start|p1a: Uxie|move: Leech Seed\n|\n|-heal|p1a: Uxie|138/257|[from] item: Leftovers\n|-damage|p1a: Uxie|106/257|[from] Leech Seed|[of] p2a: Celesteela\n|-heal|p2a: Celesteela|190/279 par|[silent]\n|upkeep\n|turn|29\n|\n|t:|1769535864\n|switch|p1a: Hypno|Hypno, L97, M|200/322\n|-damage|p1a: Hypno|160/322|[from] Spikes\n|cant|p2a: Celesteela|par\n|\n|-heal|p1a: Hypno|180/322|[from] item: Leftovers\n|upkeep\n|turn|30\n|\n|t:|1769535871\n|move|p1a: Hypno|Wish|p1a: Hypno\n|move|p2a: Celesteela|Heavy Slam|p1a: Hypno\n|-damage|p1a: Hypno|71/322\n|\n|-heal|p1a: Hypno|91/322|[from] item: Leftovers\n|upkeep\n|turn|31\n|\n|t:|1769535878\n|move|p1a: Hypno|Protect|p1a: Hypno\n|-singleturn|p1a: Hypno|Protect\n|move|p2a: Celesteela|Leech Seed|p1a: Hypno\n|-activate|p1a: Hypno|move: Protect\n|\n|-heal|p1a: Hypno|252/322|[from] move: Wish|[wisher] Hypno\n|-heal|p1a: Hypno|272/322|[from] item: Leftovers\n|upkeep\n|turn|32\n|\n|t:|1769535886\n|move|p1a: Hypno|Wish|p1a: Hypno\n|cant|p2a: Celesteela|par\n|\n|-heal|p1a: Hypno|292/322|[from] item: Leftovers\n|upkeep\n|turn|33\n|\n|t:|1769535892\n|switch|p1a: Uxie|Uxie, L82|106/257\n|move|p2a: Celesteela|Leech Seed|p1a: Uxie\n|-start|p1a: Uxie|move: Leech Seed\n|\n|-heal|p1a: Uxie|257/257|[from] move: Wish|[wisher] Hypno\n|-damage|p1a: Uxie|225/257|[from] Leech Seed|[of] p2a: Celesteela\n|-heal|p2a: Celesteela|222/279 par|[silent]\n|upkeep\n|turn|34\n|\n|t:|1769535905\n|switch|p1a: Hypno|Hypno, L97, M|292/322\n|-damage|p1a: Hypno|252/322|[from] Spikes\n|move|p2a: Celesteela|Heavy Slam|p1a: Hypno\n|-damage|p1a: Hypno|135/322\n|\n|-heal|p1a: Hypno|155/322|[from] item: Leftovers\n|upkeep\n|turn|35\n|\n|t:|1769535913\n|move|p1a: Hypno|Wish|p1a: Hypno\n|move|p2a: Celesteela|Heavy Slam|p1a: Hypno\n|-damage|p1a: Hypno|31/322\n|\n|-heal|p1a: Hypno|51/322|[from] item: Leftovers\n|upkeep\n|turn|36\n|\n|t:|1769535919\n|move|p1a: Hypno|Protect|p1a: Hypno\n|-singleturn|p1a: Hypno|Protect\n|move|p2a: Celesteela|Leech Seed|p1a: Hypno\n|-activate|p1a: Hypno|move: Protect\n|\n|-heal|p1a: Hypno|212/322|[from] move: Wish|[wisher] Hypno\n|-heal|p1a: Hypno|232/322|[from] item: Leftovers\n|upkeep\n|turn|37\n|\n|t:|1769535927\n|move|p1a: Hypno|Wish|p1a: Hypno\n|move|p2a: Celesteela|Leech Seed|p1a: Hypno\n|-start|p1a: Hypno|move: Leech Seed\n|\n|-heal|p1a: Hypno|252/322|[from] item: Leftovers\n|-damage|p1a: Hypno|212/322|[from] Leech Seed|[of] p2a: Celesteela\n|-heal|p2a: Celesteela|262/279 par|[silent]\n|upkeep\n|turn|38\n|\n|t:|1769535934\n|move|p1a: Hypno|Seismic Toss|p2a: Celesteela\n|-damage|p2a: Celesteela|165/279 par\n|move|p2a: Celesteela|Air Slash|p1a: Hypno\n|-damage|p1a: Hypno|155/322\n|\n|-heal|p1a: Hypno|316/322|[from] move: Wish|[wisher] Hypno\n|-heal|p1a: Hypno|322/322|[from] item: Leftovers\n|-damage|p1a: Hypno|282/322|[from] Leech Seed|[of] p2a: Celesteela\n|-heal|p2a: Celesteela|205/279 par|[silent]\n|upkeep\n|turn|39\n|\n|t:|1769535946\n|switch|p1a: Uxie|Uxie, L82|225/257\n|move|p2a: Celesteela|Heavy Slam|p1a: Uxie\n|-damage|p1a: Uxie|131/257\n|\n|-heal|p1a: Uxie|147/257|[from] item: Leftovers\n|upkeep\n|turn|40\n|\n|t:|1769535973\n|switch|p1a: Hypno|Hypno, L97, M|282/322\n|-damage|p1a: Hypno|242/322|[from] Spikes\n|move|p2a: Celesteela|Leech Seed|p1a: Hypno\n|-start|p1a: Hypno|move: Leech Seed\n|\n|-heal|p1a: Hypno|262/322|[from] item: Leftovers\n|-damage|p1a: Hypno|222/322|[from] Leech Seed|[of] p2a: Celesteela\n|-heal|p2a: Celesteela|245/279 par|[silent]\n|upkeep\n|turn|41\n|\n|t:|1769535989\n|move|p1a: Hypno|Wish|p1a: Hypno\n|move|p2a: Celesteela|Heavy Slam|p1a: Hypno\n|-damage|p1a: Hypno|113/322\n|\n|-heal|p1a: Hypno|133/322|[from] item: Leftovers\n|-damage|p1a: Hypno|93/322|[from] Leech Seed|[of] p2a: Celesteela\n|-heal|p2a: Celesteela|279/279 par|[silent]\n|upkeep\n|turn|42\n|inactive|86Stingray has 120 seconds left.\n|\n|t:|1769536041\n|switch|p2a: Exploud|Exploud, L86, M|319/319\n|-damage|p2a: Exploud|280/319|[from] Stealth Rock\n|move|p1a: Hypno|Protect||[still]\n|-fail|p1a: Hypno\n|\n|-heal|p1a: Hypno|254/322|[from] move: Wish|[wisher] Hypno\n|-heal|p1a: Hypno|274/322|[from] item: Leftovers\n|-damage|p1a: Hypno|234/322|[from] Leech Seed|[of] p2a: Exploud\n|-heal|p2a: Exploud|319/319|[silent]\n|upkeep\n|turn|43\n|\n|t:|1769536063\n|switch|p1a: Breloom|Breloom, L84, M|215/238\n|-damage|p1a: Breloom|186/238|[from] Spikes\n|move|p2a: Exploud|Boomburst|p1a: Breloom\n|-damage|p1a: Breloom|5/238\n|\n|upkeep\n|turn|44\n|\n|t:|1769536071\n|switch|p2a: Hitmontop|Hitmontop, L90, M|222/236\n|-damage|p2a: Hitmontop|208/236|[from] Stealth Rock\n|-ability|p2a: Hitmontop|Intimidate|boost\n|-unboost|p1a: Breloom|atk|1\n|move|p1a: Breloom|Mach Punch|p2a: Hitmontop\n|-damage|p2a: Hitmontop|148/236\n|-damage|p1a: Breloom|0 fnt|[from] item: Life Orb\n|faint|p1a: Breloom\n|\n|upkeep\n|\n|t:|1769536080\n|switch|p1a: Rayquaza|Rayquaza, L66|248/248\n|-ability|p1a: Rayquaza|Air Lock\n|turn|45\n|\n|t:|1769536097\n|detailschange|p1a: Rayquaza|Rayquaza-Mega, L66\n|-mega|p1a: Rayquaza|Rayquaza|\n|-weather|DeltaStream|[from] ability: Delta Stream|[of] p1a: Rayquaza\n|move|p1a: Rayquaza|Dragon Ascent|p2a: Hitmontop\n|-supereffective|p2a: Hitmontop\n|-damage|p2a: Hitmontop|0 fnt\n|-unboost|p1a: Rayquaza|def|1\n|-unboost|p1a: Rayquaza|spd|1\n|faint|p2a: Hitmontop\n|-damage|p1a: Rayquaza|224/248|[from] item: Life Orb\n|\n|-weather|DeltaStream|[upkeep]\n|upkeep\n|\n|t:|1769536110\n|switch|p2a: Sylveon|Sylveon, L85, F|300/300\n|-damage|p2a: Sylveon|263/300|[from] Stealth Rock\n|turn|46\n|\n|t:|1769536128\n|-weather|none\n|switch|p1a: Hypno|Hypno, L97, M|234/322\n|-damage|p1a: Hypno|194/322|[from] Spikes\n|move|p2a: Sylveon|Hyper Voice|p1a: Hypno\n|-damage|p1a: Hypno|98/322\n|\n|-heal|p1a: Hypno|118/322|[from] item: Leftovers\n|-heal|p2a: Sylveon|281/300|[from] item: Leftovers\n|upkeep\n|turn|47\n|inactive|86Stingray has 120 seconds left.\n|\n|t:|1769536137\n|switch|p2a: Celesteela|Celesteela, L78|279/279 par\n|-damage|p2a: Celesteela|245/279 par|[from] Stealth Rock\n|move|p1a: Hypno|Wish|p1a: Hypno\n|\n|-heal|p1a: Hypno|138/322|[from] item: Leftovers\n|upkeep\n|turn|48\n|\n|t:|1769536145\n|move|p1a: Hypno|Seismic Toss|p2a: Celesteela\n|-damage|p2a: Celesteela|148/279 par\n|cant|p2a: Celesteela|par\n|\n|-heal|p1a: Hypno|299/322|[from] move: Wish|[wisher] Hypno\n|-heal|p1a: Hypno|319/322|[from] item: Leftovers\n|upkeep\n|turn|49\n|\n|t:|1769536152\n|move|p1a: Hypno|Seismic Toss|p2a: Celesteela\n|-damage|p2a: Celesteela|51/279 par\n|move|p2a: Celesteela|Leech Seed|p1a: Hypno|[miss]\n|-miss|p2a: Celesteela|p1a: Hypno\n|\n|-heal|p1a: Hypno|322/322|[from] item: Leftovers\n|upkeep\n|turn|50\n|-message|86Stingray forfeited.\n|\n|win|Donutmufns\n|raw|Donutmufns's rating: 1506 &rarr; <strong>1530</strong><br />(+24 for winning)\n|raw|86Stingray's rating: 1583 &rarr; <strong>1559</strong><br />(-24 for losing)\n|l|‽86Stingray\n|player|p2|\n", "inputlog": ">version b99ff0165a6231f17e8b78c2a78d1998375de664\n>start {\"formatid\":\"gen7randombattle\",\"seed\":\"sodium,6b933d0b9d8fb3448a50ec1510662113\",\"rated\":\"Rated battle\"}\n>player p1 {\"name\":\"Donutmufns\",\"avatar\":\"acetrainercouple\",\"rating\":1506,\"seed\":\"sodium,966857f55cb9431bab435ddc91c52b12\"}\n>player p2 {\"name\":\"86Stingray\",\"avatar\":\"backersf\",\"rating\":1583,\"seed\":\"sodium,47aba1630951fe77bfe86df37e3ae7e7\"}\n>p1 switch 4\n>p2 move hypervoice\n>p1 move toxic\n>p2 switch 5\n>p1 move seismictoss\n>p2 move leechseed\n>p1 switch 3\n>p2 move heavyslam\n>p1 move thunderwave\n>p2 move leechseed\n>p1 move stealthrock\n>p2 move leechseed\n>p1 switch 3\n>p2 move heavyslam\n>p1 move wish\n>p2 move leechseed\n>p1 switch 3\n>p2 move leechseed\n>p1 move knockoff\n>p2 move leechseed\n>p1 move psychic\n>p2 move leechseed\n>p1 switch 3\n>p2 move heavyslam\n>p1 move wish\n>p2 move heavyslam\n>p1 move protect\n>p2 move heavyslam\n>p1 move seismictoss\n>p2 move leechseed\n>p1 move seismictoss\n>p2 switch 3\n>p1 switch 6\n>p2 move spikes\n>p1 move bulletseed\n>p2 move taunt\n>p2 switch 6\n>p1 switch 3\n>p2 move rapidspin\n>p1 move thunderwave\n>p2 switch 3\n>p1 move stealthrock\n>p2 move airslash\n>p1 switch 6\n>p2 move leechseed\n>p1 move seismictoss\n>p2 move leechseed\n>p1 move seismictoss\n>p2 move protect\n>p1 move wish\n>p2 move heavyslam\n>p1 move protect\n>p2 move heavyslam\n>p1 switch 6\n>p2 move heavyslam\n>p1 move knockoff\n>p2 move leechseed\n>p1 switch 6\n>p2 move heavyslam\n>p1 move wish\n>p2 move heavyslam\n>p1 move protect\n>p2 move leechseed\n>p1 move wish\n>p2 move leechseed\n>p1 switch 6\n>p2 move leechseed\n>p1 switch 6\n>p2 move heavyslam\n>p1 move wish\n>p2 move heavyslam\n>p1 move protect\n>p2 move leechseed\n>p1 move wish\n>p2 move leechseed\n>p1 move seismictoss\n>p2 move airslash\n>p1 switch 6\n>p2 move heavyslam\n>p1 switch 6\n>p2 move leechseed\n>p1 move wish\n>p2 move heavyslam\n>p1 move protect\n>p2 switch 2\n>p1 switch 3\n>p2 move boomburst\n>p1 move machpunch\n>p2 switch 3\n>p1 switch 4\n>p1 move dragonascent mega\n>p2 move rapidspin\n>p2 switch 5\n>p1 switch 3\n>p2 move hypervoice\n>p1 move wish\n>p2 switch 2\n>p1 move seismictoss\n>p2 move leechseed\n>p1 move seismictoss\n>p2 move leechseed\n>forcelose p2", "uploadtime": 1769536166, "views": 204, "formatid": "gen7randombattle", "rating": 1530, "private": 0, "password": null}