{"id": "gen7randombattle-2526165395", "format": "[Gen 7] Random Battle", "players": ["Shadow099", "Snoop Rogue"], "log": "|j|☆Shadow099\n|j|☆Snoop Rogue\n|t:|1769378271\n|gametype|singles\n|player|p1|Shadow099|burglar|1635\n|player|p2|Snoop Rogue|koga-lgpe|1602\n|gen|7\n|tier|[Gen 7] Random Battle\n|rated|\n|rule|Sleep Clause Mod: Limit one foe put to sleep\n|rule|HP Percentage Mod: HP is shown in percentages\n|rule|Illusion Level Mod: Illusion disguises the Pokémon's true level\n|\n|t:|1769378271\n|teamsize|p1|6\n|teamsize|p2|6\n|start\n|switch|p1a: Vigoroth|Vigoroth, L88, F|284/284\n|switch|p2a: Rapidash|Rapidash, L87, M|255/255\n|turn|1\n|inactive|Battle timer is ON: inactive players will automatically lose when time's up. (requested by Snoop Rogue)\n|\n|t:|1769378284\n|switch|p2a: Dusknoir|Dusknoir, L89, M|225/225\n|-ability|p2a: Dusknoir|Pressure\n|switch|p1a: Ho-Oh|Ho-Oh, L72|272/272\n|\n|upkeep\n|turn|2\n|\n|t:|1769378292\n|switch|p1a: Venusaur|Venusaur, L78, M|253/253\n|move|p2a: Dusknoir|Toxic|p1a: Venusaur\n|-immune|p1a: Venusaur\n|\n|upkeep\n|turn|3\n|\n|t:|1769378297\n|switch|p2a: Celesteela|Celesteela, L78|279/279\n|detailschange|p1a: Venusaur|Venusaur-Mega, L78, M\n|-mega|p1a: Venusaur|Venusaur|Venusaurite\n|move|p1a: Venusaur|Sludge Bomb|p2a: Celesteela\n|-immune|p2a: Celesteela\n|\n|upkeep\n|turn|4\n|\n|t:|1769378303\n|switch|p1a: Ho-Oh|Ho-Oh, L72|272/272\n|move|p2a: Celesteela|Leech Seed|p1a: Ho-Oh\n|-start|p1a: Ho-Oh|move: Leech Seed\n|\n|-damage|p1a: Ho-Oh|238/272|[from] Leech Seed|[of] p2a: Celesteela\n|upkeep\n|turn|5\n|\n|t:|1769378312\n|switch|p2a: Rapidash|Rapidash, L87, M|255/255\n|move|p1a: Ho-Oh|Toxic|p2a: Rapidash\n|-status|p2a: Rapidash|tox\n|\n|-heal|p1a: Ho-Oh|255/272|[from] item: Leftovers\n|-damage|p1a: Ho-Oh|221/272|[from] Leech Seed|[of] p2a: Rapidash\n|-damage|p2a: Rapidash|240/255 tox|[from] psn\n|upkeep\n|turn|6\n|\n|t:|1769378322\n|switch|p2a: Dusknoir|Dusknoir, L89, M|225/225\n|-ability|p2a: Dusknoir|Pressure\n|switch|p1a: Golem|Golem, L86, F|278/278\n|\n|upkeep\n|turn|7\n|\n|t:|1769378327\n|switch|p1a: Venusaur|Venusaur-Mega, L78, M|253/253\n|move|p2a: Dusknoir|Toxic|p1a: Venusaur\n|-immune|p1a: Venusaur\n|\n|upkeep\n|turn|8\n|\n|t:|1769378333\n|switch|p2a: Celesteela|Celesteela, L78|279/279\n|move|p1a: Venusaur|Giga Drain|p2a: Celesteela\n|-resisted|p2a: Celesteela\n|-damage|p2a: Celesteela|258/279\n|\n|-heal|p2a: Celesteela|275/279|[from] item: Leftovers\n|upkeep\n|turn|9\n|\n|t:|1769378340\n|switch|p1a: Ho-Oh|Ho-Oh, L72|272/272\n|switch|p2a: Rotom|Rotom-Mow, L86|226/226\n|\n|upkeep\n|turn|10\n|\n|t:|1769378364\n|switch|p1a: Venusaur|Venusaur-Mega, L78, M|253/253\n|move|p2a: Rotom|Trick||[still]\n|-fail|p2a: Rotom\n|\n|upkeep\n|turn|11\n|\n|t:|1769378371\n|switch|p2a: Celesteela|Celesteela, L78|275/279\n|switch|p1a: Ho-Oh|Ho-Oh, L72|272/272\n|\n|-heal|p2a: Celesteela|279/279|[from] item: Leftovers\n|upkeep\n|turn|12\n|\n|t:|1769378378\n|move|p2a: Celesteela|Protect|p2a: Celesteela\n|-singleturn|p2a: Celesteela|Protect\n|move|p1a: Ho-Oh|Sacred Fire|p2a: Celesteela\n|-activate|p2a: Celesteela|move: Protect\n|\n|upkeep\n|turn|13\n|\n|t:|1769378386\n|switch|p2a: Rapidash|Rapidash, L87, M|240/255 tox\n|move|p1a: Ho-Oh|Brave Bird|p2a: Rapidash\n|-damage|p2a: Rapidash|111/255 tox\n|-damage|p1a: Ho-Oh|229/272|[from] Recoil\n|\n|-heal|p1a: Ho-Oh|246/272|[from] item: Leftovers\n|-damage|p2a: Rapidash|96/255 tox|[from] psn\n|upkeep\n|turn|14\n|\n|t:|1769378395\n|move|p2a: Rapidash|Morning Sun|p2a: Rapidash\n|-heal|p2a: Rapidash|223/255 tox\n|move|p1a: Ho-Oh|Brave Bird|p2a: Rapidash\n|-damage|p2a: Rapidash|90/255 tox\n|-damage|p1a: Ho-Oh|202/272|[from] Recoil\n|\n|-heal|p1a: Ho-Oh|219/272|[from] item: Leftovers\n|-damage|p2a: Rapidash|60/255 tox|[from] psn\n|upkeep\n|turn|15\n|\n|t:|1769378401\n|move|p2a: Rapidash|Wild Charge|p1a: Ho-Oh\n|-supereffective|p1a: Ho-Oh\n|-damage|p1a: Ho-Oh|11/272\n|-damage|p2a: Rapidash|8/255 tox|[from] Recoil\n|-damage|p2a: Rapidash|0 fnt|[from] item: Life Orb\n|faint|p2a: Rapidash\n|move|p1a: Ho-Oh|Brave Bird|p2: Rapidash|[notarget]\n|-fail|p1a: Ho-Oh\n|\n|-heal|p1a: Ho-Oh|28/272|[from] item: Leftovers\n|upkeep\n|\n|t:|1769378410\n|switch|p2a: Slowking|Slowking, L89, M|314/314\n|turn|16\n|\n|t:|1769378417\n|switch|p1a: Vigoroth|Vigoroth, L88, F|284/284\n|move|p2a: Slowking|Psyshock|p1a: Vigoroth\n|-damage|p1a: Vigoroth|220/284\n|\n|upkeep\n|turn|17\n|\n|t:|1769378428\n|move|p1a: Vigoroth|Body Slam|p2a: Slowking\n|-crit|p2a: Slowking\n|-damage|p2a: Slowking|172/314\n|move|p2a: Slowking|Toxic|p1a: Vigoroth\n|-status|p1a: Vigoroth|tox\n|\n|-heal|p2a: Slowking|191/314|[from] item: Leftovers\n|-damage|p1a: Vigoroth|203/284 tox|[from] psn\n|upkeep\n|turn|18\n|\n|t:|1769378443\n|move|p1a: Vigoroth|Body Slam|p2a: Slowking\n|-damage|p2a: Slowking|101/314\n|move|p2a: Slowking|Slack Off|p2a: Slowking\n|-heal|p2a: Slowking|258/314\n|\n|-heal|p2a: Slowking|277/314|[from] item: Leftovers\n|-damage|p1a: Vigoroth|169/284 tox|[from] psn\n|upkeep\n|turn|19\n|\n|t:|1769378448\n|switch|p2a: Dusknoir|Dusknoir, L89, M|225/225\n|-ability|p2a: Dusknoir|Pressure\n|move|p1a: Vigoroth|Body Slam|p2a: Dusknoir\n|-immune|p2a: Dusknoir\n|\n|-damage|p1a: Vigoroth|118/284 tox|[from] psn\n|upkeep\n|turn|20\n|\n|t:|1769378459\n|switch|p2a: Slowking|Slowking, L89, M|314/314\n|move|p1a: Vigoroth|Shadow Claw|p2a: Slowking\n|-supereffective|p2a: Slowking\n|-damage|p2a: Slowking|216/314\n|\n|-heal|p2a: Slowking|235/314|[from] item: Leftovers\n|-damage|p1a: Vigoroth|50/284 tox|[from] psn\n|upkeep\n|turn|21\n|\n|t:|1769378465\n|switch|p2a: Dusknoir|Dusknoir, L89, M|225/225\n|-ability|p2a: Dusknoir|Pressure\n|move|p1a: Vigoroth|Shadow Claw|p2a: Dusknoir\n|-supereffective|p2a: Dusknoir\n|-damage|p2a: Dusknoir|163/225\n|\n|-heal|p2a: Dusknoir|177/225|[from] item: Leftovers\n|-damage|p1a: Vigoroth|0 fnt|[from] psn\n|faint|p1a: Vigoroth\n|upkeep\n|\n|t:|1769378469\n|switch|p1a: Venusaur|Venusaur-Mega, L78, M|253/253\n|turn|22\n|\n|t:|1769378475\n|switch|p2a: Celesteela|Celesteela, L78|279/279\n|move|p1a: Venusaur|Sludge Bomb|p2a: Celesteela\n|-immune|p2a: Celesteela\n|\n|upkeep\n|turn|23\n|\n|t:|1769378481\n|switch|p1a: Ho-Oh|Ho-Oh, L72|118/272\n|switch|p2a: Slowking|Slowking, L89, M|314/314\n|\n|-heal|p1a: Ho-Oh|135/272|[from] item: Leftovers\n|upkeep\n|turn|24\n|\n|t:|1769378493\n|switch|p1a: Lycanroc|Lycanroc-Midnight, L86, M|286/286\n|move|p2a: Slowking|Psyshock|p1a: Lycanroc\n|-damage|p1a: Lycanroc|184/286\n|\n|upkeep\n|turn|25\n|\n|t:|1769378502\n|-zpower|p1a: Lycanroc\n|move|p1a: Lycanroc|Splintered Stormshards|p2a: Slowking|[zeffect]\n|-damage|p2a: Slowking|52/314\n|move|p2a: Slowking|Scald|p1a: Lycanroc\n|-supereffective|p1a: Lycanroc\n|-crit|p1a: Lycanroc\n|-damage|p1a: Lycanroc|0 fnt\n|faint|p1a: Lycanroc\n|\n|-heal|p2a: Slowking|71/314|[from] item: Leftovers\n|upkeep\n|\n|t:|1769378509\n|switch|p1a: Ho-Oh|Ho-Oh, L72|225/272\n|turn|26\n|\n|t:|1769378519\n|switch|p2a: Rotom|Rotom-Mow, L86|226/226\n|move|p1a: Ho-Oh|Brave Bird|p2a: Rotom\n|-damage|p2a: Rotom|121/226\n|-damage|p1a: Ho-Oh|190/272|[from] Recoil\n|\n|-heal|p1a: Ho-Oh|207/272|[from] item: Leftovers\n|upkeep\n|turn|27\n|\n|t:|1769378526\n|switch|p1a: Venusaur|Venusaur-Mega, L78, M|253/253\n|move|p2a: Rotom|Volt Switch|p1a: Venusaur\n|-resisted|p1a: Venusaur\n|-damage|p1a: Venusaur|217/253\n|\n|t:|1769378532\n|switch|p2a: Slowking|Slowking, L89, M|175/314|[from] Volt Switch\n|\n|-heal|p2a: Slowking|194/314|[from] item: Leftovers\n|upkeep\n|turn|28\n|\n|t:|1769378539\n|switch|p2a: Celesteela|Celesteela, L78|279/279\n|move|p1a: Venusaur|Giga Drain|p2a: Celesteela\n|-resisted|p2a: Celesteela\n|-crit|p2a: Celesteela\n|-damage|p2a: Celesteela|249/279\n|-heal|p1a: Venusaur|232/253|[from] drain|[of] p2a: Celesteela\n|\n|-heal|p2a: Celesteela|266/279|[from] item: Leftovers\n|upkeep\n|turn|29\n|\n|t:|1769378545\n|switch|p1a: Ho-Oh|Ho-Oh, L72|272/272\n|move|p2a: Celesteela|Leech Seed|p1a: Ho-Oh\n|-start|p1a: Ho-Oh|move: Leech Seed\n|\n|-heal|p2a: Celesteela|279/279|[from] item: Leftovers\n|-damage|p1a: Ho-Oh|238/272|[from] Leech Seed|[of] p2a: Celesteela\n|upkeep\n|turn|30\n|\n|t:|1769378555\n|switch|p2a: Slowking|Slowking, L89, M|298/314\n|move|p1a: Ho-Oh|Toxic|p2a: Slowking\n|-status|p2a: Slowking|tox\n|\n|-heal|p1a: Ho-Oh|255/272|[from] item: Leftovers\n|-heal|p2a: Slowking|314/314 tox|[from] item: Leftovers\n|-damage|p1a: Ho-Oh|221/272|[from] Leech Seed|[of] p2a: Slowking\n|-damage|p2a: Slowking|295/314 tox|[from] psn\n|upkeep\n|turn|31\n|\n|t:|1769378564\n|switch|p1a: Hitmontop|Hitmontop, L90, M|236/236\n|-ability|p1a: Hitmontop|Intimidate|boost\n|-unboost|p2a: Slowking|atk|1\n|move|p2a: Slowking|Psyshock|p1a: Hitmontop\n|-supereffective|p1a: Hitmontop\n|-damage|p1a: Hitmontop|78/236\n|\n|-heal|p2a: Slowking|314/314 tox|[from] item: Leftovers\n|-damage|p2a: Slowking|276/314 tox|[from] psn\n|upkeep\n|turn|32\n|\n|t:|1769378572\n|move|p1a: Hitmontop|Sucker Punch|p2a: Slowking\n|-supereffective|p2a: Slowking\n|-damage|p2a: Slowking|150/314 tox\n|move|p2a: Slowking|Psyshock|p1a: Hitmontop\n|-supereffective|p1a: Hitmontop\n|-crit|p1a: Hitmontop\n|-damage|p1a: Hitmontop|0 fnt\n|faint|p1a: Hitmontop\n|\n|-heal|p2a: Slowking|169/314 tox|[from] item: Leftovers\n|-damage|p2a: Slowking|112/314 tox|[from] psn\n|upkeep\n|\n|t:|1769378581\n|switch|p1a: Ho-Oh|Ho-Oh, L72|272/272\n|turn|33\n|\n|t:|1769378586\n|switch|p1a: Venusaur|Venusaur-Mega, L78, M|232/253\n|switch|p2a: Rotom|Rotom-Mow, L86|121/226\n|\n|upkeep\n|turn|34\n|\n|t:|1769378598\n|switch|p1a: Golem|Golem, L86, F|278/278\n|move|p2a: Rotom|Volt Switch|p1a: Golem\n|-immune|p1a: Golem\n|\n|upkeep\n|turn|35\n|\n|t:|1769378606\n|switch|p2a: Exeggutor|Exeggutor-Alola, L91, F|321/321\n|move|p1a: Golem|Stone Edge|p2a: Exeggutor|[miss]\n|-miss|p1a: Golem|p2a: Exeggutor\n|\n|upkeep\n|turn|36\n|\n|t:|1769378615\n|switch|p1a: Ho-Oh|Ho-Oh, L72|272/272\n|move|p2a: Exeggutor|Knock Off|p1a: Ho-Oh\n|-damage|p1a: Ho-Oh|174/272\n|-enditem|p1a: Ho-Oh|Leftovers|[from] move: Knock Off|[of] p2a: Exeggutor\n|\n|upkeep\n|turn|37\n|\n|t:|1769378625\n|switch|p2a: Rotom|Rotom-Mow, L86|121/226\n|move|p1a: Ho-Oh|Roost|p1a: Ho-Oh\n|-heal|p1a: Ho-Oh|272/272\n|-singleturn|p1a: Ho-Oh|move: Roost\n|\n|upkeep\n|turn|38\n|\n|t:|1769378632\n|switch|p1a: Venusaur|Venusaur-Mega, L78, M|232/253\n|move|p2a: Rotom|Trick||[still]\n|-fail|p2a: Rotom\n|\n|upkeep\n|turn|39\n|\n|t:|1769378638\n|switch|p2a: Celesteela|Celesteela, L78|279/279\n|switch|p1a: Ho-Oh|Ho-Oh, L72|272/272\n|\n|upkeep\n|turn|40\n|\n|t:|1769378644\n|move|p2a: Celesteela|Protect|p2a: Celesteela\n|-singleturn|p2a: Celesteela|Protect\n|move|p1a: Ho-Oh|Sacred Fire|p2a: Celesteela\n|-activate|p2a: Celesteela|move: Protect\n|\n|upkeep\n|turn|41\n|\n|t:|1769378651\n|switch|p2a: Slowking|Slowking, L89, M|216/314 tox\n|move|p1a: Ho-Oh|Brave Bird|p2a: Slowking\n|-damage|p2a: Slowking|96/314 tox\n|-damage|p1a: Ho-Oh|232/272|[from] Recoil\n|\n|-heal|p2a: Slowking|115/314 tox|[from] item: Leftovers\n|-damage|p2a: Slowking|96/314 tox|[from] psn\n|upkeep\n|turn|42\n|\n|t:|1769378656\n|switch|p2a: Rotom|Rotom-Mow, L86|121/226\n|move|p1a: Ho-Oh|Sacred Fire|p2a: Rotom\n|-supereffective|p2a: Rotom\n|-damage|p2a: Rotom|0 fnt\n|faint|p2a: Rotom\n|\n|upkeep\n|\n|t:|1769378659\n|switch|p2a: Slowking|Slowking, L89, M|200/314 tox\n|turn|43\n|\n|t:|1769378664\n|switch|p1a: Venusaur|Venusaur-Mega, L78, M|232/253\n|move|p2a: Slowking|Scald|p1a: Venusaur\n|-resisted|p1a: Venusaur\n|-damage|p1a: Venusaur|191/253\n|-status|p1a: Venusaur|brn\n|\n|-heal|p2a: Slowking|219/314 tox|[from] item: Leftovers\n|-damage|p2a: Slowking|200/314 tox|[from] psn\n|-damage|p1a: Venusaur|176/253 brn|[from] brn\n|upkeep\n|turn|44\n|\n|t:|1769378671\n|move|p1a: Venusaur|Giga Drain|p2a: Slowking\n|-supereffective|p2a: Slowking\n|-damage|p2a: Slowking|56/314 tox\n|-heal|p1a: Venusaur|248/253 brn|[from] drain|[of] p2a: Slowking\n|move|p2a: Slowking|Psyshock|p1a: Venusaur\n|-supereffective|p1a: Venusaur\n|-damage|p1a: Venusaur|72/253 brn\n|\n|-heal|p2a: Slowking|75/314 tox|[from] item: Leftovers\n|-damage|p2a: Slowking|37/314 tox|[from] psn\n|-damage|p1a: Venusaur|57/253 brn|[from] brn\n|upkeep\n|turn|45\n|\n|t:|1769378679\n|switch|p1a: Ho-Oh|Ho-Oh, L72|272/272\n|switch|p2a: Celesteela|Celesteela, L78|279/279\n|\n|upkeep\n|turn|46\n|\n|t:|1769378685\n|switch|p2a: Slowking|Slowking, L89, M|141/314 tox\n|move|p1a: Ho-Oh|Sacred Fire|p2a: Slowking\n|-resisted|p2a: Slowking\n|-damage|p2a: Slowking|91/314 tox\n|\n|-heal|p2a: Slowking|110/314 tox|[from] item: Leftovers\n|-damage|p2a: Slowking|91/314 tox|[from] psn\n|upkeep\n|turn|47\n|\n|t:|1769378691\n|switch|p2a: Celesteela|Celesteela, L78|279/279\n|move|p1a: Ho-Oh|Sacred Fire|p2a: Celesteela\n|-supereffective|p2a: Celesteela\n|-damage|p2a: Celesteela|99/279\n|-status|p2a: Celesteela|brn\n|\n|-heal|p2a: Celesteela|116/279 brn|[from] item: Leftovers\n|-damage|p2a: Celesteela|99/279 brn|[from] brn\n|upkeep\n|turn|48\n|\n|t:|1769378698\n|switch|p2a: Slowking|Slowking, L89, M|195/314 tox\n|move|p1a: Ho-Oh|Brave Bird|p2a: Slowking\n|-damage|p2a: Slowking|77/314 tox\n|-damage|p1a: Ho-Oh|233/272|[from] Recoil\n|\n|-heal|p2a: Slowking|96/314 tox|[from] item: Leftovers\n|-damage|p2a: Slowking|77/314 tox|[from] psn\n|upkeep\n|turn|49\n|\n|t:|1769378703\n|switch|p2a: Celesteela|Celesteela, L78|99/279 brn\n|move|p1a: Ho-Oh|Brave Bird|p2a: Celesteela\n|-resisted|p2a: Celesteela\n|-damage|p2a: Celesteela|40/279 brn\n|-damage|p1a: Ho-Oh|214/272|[from] Recoil\n|\n|-heal|p2a: Celesteela|57/279 brn|[from] item: Leftovers\n|-damage|p2a: Celesteela|40/279 brn|[from] brn\n|upkeep\n|turn|50\n|\n|t:|1769378706\n|move|p2a: Celesteela|Protect|p2a: Celesteela\n|-singleturn|p2a: Celesteela|Protect\n|move|p1a: Ho-Oh|Brave Bird|p2a: Celesteela\n|-activate|p2a: Celesteela|move: Protect\n|\n|-heal|p2a: Celesteela|57/279 brn|[from] item: Leftovers\n|-damage|p2a: Celesteela|40/279 brn|[from] brn\n|upkeep\n|turn|51\n|\n|t:|1769378709\n|switch|p2a: Dusknoir|Dusknoir, L89, M|177/225\n|-ability|p2a: Dusknoir|Pressure\n|move|p1a: Ho-Oh|Brave Bird|p2a: Dusknoir\n|-damage|p2a: Dusknoir|99/225\n|-damage|p1a: Ho-Oh|188/272|[from] Recoil\n|\n|-heal|p2a: Dusknoir|113/225|[from] item: Leftovers\n|upkeep\n|turn|52\n|\n|t:|1769378723\n|switch|p1a: Golem|Golem, L86, F|278/278\n|move|p2a: Dusknoir|Earthquake|p1a: Golem\n|-supereffective|p1a: Golem\n|-damage|p1a: Golem|156/278\n|-enditem|p1a: Golem|Weakness Policy\n|-boost|p1a: Golem|atk|2|[from] item: Weakness Policy\n|-boost|p1a: Golem|spa|2|[from] item: Weakness Policy\n|\n|-heal|p2a: Dusknoir|127/225|[from] item: Leftovers\n|upkeep\n|turn|53\n|\n|t:|1769378733\n|move|p2a: Dusknoir|Toxic|p1a: Golem\n|-status|p1a: Golem|tox\n|move|p1a: Golem|Stone Edge|p2a: Dusknoir\n|-crit|p2a: Dusknoir\n|-damage|p2a: Dusknoir|0 fnt\n|faint|p2a: Dusknoir\n|\n|-damage|p1a: Golem|139/278 tox|[from] psn\n|upkeep\n|\n|t:|1769378736\n|switch|p2a: Exeggutor|Exeggutor-Alola, L91, F|321/321\n|turn|54\n|\n|t:|1769378747\n|move|p1a: Golem|Sucker Punch|p2a: Exeggutor\n|-damage|p2a: Exeggutor|214/321\n|move|p2a: Exeggutor|Wood Hammer|p1a: Golem\n|-supereffective|p1a: Golem\n|-damage|p1a: Golem|0 fnt\n|faint|p1a: Golem\n|-damage|p2a: Exeggutor|168/321|[from] Recoil\n|\n|upkeep\n|\n|t:|1769378753\n|switch|p1a: Ho-Oh|Ho-Oh, L72|272/272\n|turn|55\n|\n|t:|1769378758\n|switch|p2a: Celesteela|Celesteela, L78|40/279 brn\n|move|p1a: Ho-Oh|Sacred Fire|p2a: Celesteela|[miss]\n|-miss|p1a: Ho-Oh|p2a: Celesteela\n|\n|-heal|p2a: Celesteela|57/279 brn|[from] item: Leftovers\n|-damage|p2a: Celesteela|40/279 brn|[from] brn\n|upkeep\n|turn|56\n|\n|t:|1769378765\n|move|p1a: Ho-Oh|Brave Bird|p2a: Celesteela\n|-resisted|p2a: Celesteela\n|-damage|p2a: Celesteela|0 fnt\n|faint|p2a: Celesteela\n|-damage|p1a: Ho-Oh|259/272|[from] Recoil\n|\n|upkeep\n|\n|t:|1769378768\n|switch|p2a: Slowking|Slowking, L89, M|181/314 tox\n|turn|57\n|\n|t:|1769378775\n|move|p1a: Ho-Oh|Brave Bird|p2a: Slowking\n|-damage|p2a: Slowking|64/314 tox\n|-damage|p1a: Ho-Oh|220/272|[from] Recoil\n|move|p2a: Slowking|Slack Off|p2a: Slowking\n|-heal|p2a: Slowking|221/314 tox\n|\n|-heal|p2a: Slowking|240/314 tox|[from] item: Leftovers\n|-damage|p2a: Slowking|221/314 tox|[from] psn\n|upkeep\n|turn|58\n|\n|t:|1769378780\n|move|p1a: Ho-Oh|Brave Bird|p2a: Slowking\n|-damage|p2a: Slowking|103/314 tox\n|-damage|p1a: Ho-Oh|181/272|[from] Recoil\n|move|p2a: Slowking|Scald|p1a: Ho-Oh\n|-supereffective|p1a: Ho-Oh\n|-damage|p1a: Ho-Oh|41/272\n|\n|-heal|p2a: Slowking|122/314 tox|[from] item: Leftovers\n|-damage|p2a: Slowking|84/314 tox|[from] psn\n|upkeep\n|turn|59\n|\n|t:|1769378797\n|switch|p2a: Exeggutor|Exeggutor-Alola, L91, F|168/321\n|move|p1a: Ho-Oh|Brave Bird|p2a: Exeggutor\n|-supereffective|p2a: Exeggutor\n|-damage|p2a: Exeggutor|0 fnt\n|faint|p2a: Exeggutor\n|-damage|p1a: Ho-Oh|0 fnt|[from] Recoil\n|faint|p1a: Ho-Oh\n|\n|upkeep\n|\n|t:|1769378802\n|switch|p1a: Venusaur|Venusaur-Mega, L78, M|57/253 brn\n|switch|p2a: Slowking|Slowking, L89, M|188/314 tox\n|turn|60\n|\n|t:|1769378808\n|move|p1a: Venusaur|Giga Drain|p2a: Slowking\n|-supereffective|p2a: Slowking\n|-damage|p2a: Slowking|60/314 tox\n|-heal|p1a: Venusaur|121/253 brn|[from] drain|[of] p2a: Slowking\n|move|p2a: Slowking|Psyshock|p1a: Venusaur\n|-supereffective|p1a: Venusaur\n|-damage|p1a: Venusaur|0 fnt\n|faint|p1a: Venusaur\n|detailschange|p1: Venusaur|Venusaur, L78, M|[silent]\n|\n|win|Snoop Rogue\n|raw|Shadow099's rating: 1635 &rarr; <strong>1613</strong><br />(-22 for losing)\n|raw|Snoop Rogue's rating: 1602 &rarr; <strong>1624</strong><br />(+22 for winning)\n|c|☆Snoop Rogue|Gotcha\n|c|☆Shadow099|gg\n|c|☆Shadow099|wp\n|l|☆Shadow099\n|player|p1|\n|c|☆Snoop Rogue|Fuck ohoh seriously\n", "inputlog": ">version b99ff0165a6231f17e8b78c2a78d1998375de664\n>start {\"formatid\":\"gen7randombattle\",\"seed\":\"sodium,e71da9188be1d622ba01a58ffb4413b8\",\"rated\":\"Rated battle\"}\n>player p1 {\"name\":\"Shadow099\",\"avatar\":\"burglar\",\"rating\":1635,\"seed\":\"sodium,1af5cf6a62266bcf03fcd4349015056a\"}\n>player p2 {\"name\":\"Snoop Rogue\",\"avatar\":\"koga-lgpe\",\"rating\":1602,\"seed\":\"sodium,66f471e4e152a2cf8f16781437feba6a\"}\n>p1 switch 6\n>p2 switch 2\n>p1 switch 3\n>p2 move toxic\n>p1 move sludgebomb mega\n>p2 switch 5\n>p1 switch 3\n>p2 move leechseed\n>p1 move toxic\n>p2 switch 2\n>p1 switch 4\n>p2 switch 5\n>p1 switch 3\n>p2 move toxic\n>p1 move gigadrain\n>p2 switch 2\n>p1 switch 4\n>p2 switch 6\n>p1 switch 4\n>p2 move trick\n>p1 switch 4\n>p2 switch 6\n>p1 move sacredfire\n>p2 move protect\n>p1 move bravebird\n>p2 switch 5\n>p1 move bravebird\n>p2 move morningsun\n>p1 move bravebird\n>p2 move wildcharge\n>p2 switch 3\n>p1 switch 6\n>p2 move psyshock\n>p1 move bodyslam\n>p2 move toxic\n>p1 move bodyslam\n>p2 move slackoff\n>p1 move bodyslam\n>p2 switch 2\n>p1 move shadowclaw\n>p2 switch 2\n>p1 move shadowclaw\n>p2 switch 2\n>p1 switch 4\n>p1 move sludgebomb\n>p2 switch 5\n>p1 switch 6\n>p2 switch 2\n>p1 switch 5\n>p2 move psyshock\n>p1 move stoneedge zmove\n>p2 move scald\n>p1 switch 5\n>p1 move bravebird\n>p2 switch 6\n>p1 switch 6\n>p2 move voltswitch\n>p2 switch 6\n>p1 move gigadrain\n>p2 switch 2\n>p1 switch 6\n>p2 move leechseed\n>p1 move toxic\n>p2 switch 2\n>p1 switch 2\n>p2 move psyshock\n>p1 move suckerpunch\n>p2 move psyshock\n>p1 switch 2\n>p1 switch 6\n>p2 switch 6\n>p1 switch 3\n>p2 move voltswitch\n>p1 move stoneedge\n>p2 switch 4\n>p1 switch 6\n>p2 move knockoff\n>p1 move roost\n>p2 switch 4\n>p1 switch 3\n>p2 move trick\n>p1 switch 3\n>p2 switch 2\n>p1 move sacredfire\n>p2 move protect\n>p1 move bravebird\n>p2 switch 6\n>p1 move sacredfire\n>p2 switch 2\n>p2 switch 2\n>p1 switch 3\n>p2 move scald\n>p1 move gigadrain\n>p2 move psyshock\n>p1 switch 3\n>p2 switch 6\n>p1 move sacredfire\n>p2 switch 6\n>p1 move sacredfire\n>p2 switch 6\n>p1 move bravebird\n>p2 switch 6\n>p1 move bravebird\n>p2 switch 6\n>p1 move bravebird\n>p2 move protect\n>p1 move bravebird\n>p2 switch 5\n>p1 switch 6\n>p2 move earthquake\n>p1 move stoneedge\n>p2 move toxic\n>p2 switch 4\n>p1 move suckerpunch\n>p2 move woodhammer\n>p1 switch 6\n>p1 move sacredfire\n>p2 switch 5\n>p1 move bravebird\n>p2 move leechseed\n>p2 switch 6\n>p1 move bravebird\n>p2 move slackoff\n>p1 move bravebird\n>p2 move scald\n>p1 move bravebird\n>p2 switch 5\n>p1 switch 3\n>p2 switch 5\n>p1 move gigadrain\n>p2 move psyshock", "uploadtime": 1769378826, "views": 191, "formatid": "gen7randombattle", "rating": 1613, "private": 0, "password": null}