{"id": "gen7randombattle-2525252489", "format": "[Gen 7] Random Battle", "players": ["bin2409", "Michielleus"], "log": "|j|☆bin2409\n|j|☆Michielleus\n|t:|1769257772\n|gametype|singles\n|player|p1|bin2409|lucas-gen4pt|1691\n|player|p2|Michielleus|#rbtt9faction2|1816\n|gen|7\n|tier|[Gen 7] Random Battle\n|rated|\n|rule|Sleep Clause Mod: Limit one foe put to sleep\n|rule|HP Percentage Mod: HP is shown in percentages\n|rule|Illusion Level Mod: Illusion disguises the Pokémon's true level\n|\n|t:|1769257772\n|teamsize|p1|6\n|teamsize|p2|6\n|start\n|switch|p1a: Kabutops|Kabutops, L87, F|246/246\n|switch|p2a: Hippowdon|Hippowdon, L82, F|311/311\n|-weather|Sandstorm|[from] ability: Sand Stream|[of] p2a: Hippowdon\n|turn|1\n|inactive|Battle timer is ON: inactive players will automatically lose when time's up. (requested by Michielleus)\n|\n|t:|1769257795\n|move|p1a: Kabutops|Knock Off|p2a: Hippowdon\n|-damage|p2a: Hippowdon|240/311\n|-damage|p1a: Kabutops|205/246|[from] item: Rocky Helmet|[of] p2a: Hippowdon\n|-enditem|p2a: Hippowdon|Rocky Helmet|[from] move: Knock Off|[of] p1a: Kabutops\n|move|p2a: Hippowdon|Stealth Rock|p1a: Kabutops\n|-sidestart|p1: bin2409|move: Stealth Rock\n|\n|-weather|Sandstorm|[upkeep]\n|upkeep\n|turn|2\n|\n|t:|1769257807\n|switch|p1a: Maractus|Maractus, M|312/312\n|-damage|p1a: Maractus|273/312|[from] Stealth Rock\n|move|p2a: Hippowdon|Earthquake|p1a: Maractus\n|-resisted|p1a: Maractus\n|-damage|p1a: Maractus|213/312\n|\n|-weather|Sandstorm|[upkeep]\n|-damage|p1a: Maractus|194/312|[from] Sandstorm\n|-heal|p1a: Maractus|213/312|[from] item: Leftovers\n|upkeep\n|turn|3\n|\n|t:|1769257821\n|switch|p2a: Shiftry|Shiftry, L90, F|308/308\n|move|p1a: Maractus|Spikes|p2a: Shiftry\n|-sidestart|p2: Michielleus|Spikes\n|\n|-weather|Sandstorm|[upkeep]\n|-damage|p2a: Shiftry|289/308|[from] Sandstorm\n|-damage|p1a: Maractus|194/312|[from] Sandstorm\n|-heal|p1a: Maractus|213/312|[from] item: Leftovers\n|upkeep\n|turn|4\n|\n|t:|1769257850\n|move|p2a: Shiftry|Swords Dance|p2a: Shiftry\n|-boost|p2a: Shiftry|atk|2\n|move|p1a: Maractus|Spikes|p2a: Shiftry\n|-sidestart|p2: Michielleus|Spikes\n|\n|-weather|Sandstorm|[upkeep]\n|-damage|p2a: Shiftry|270/308|[from] Sandstorm\n|-damage|p1a: Maractus|194/312|[from] Sandstorm\n|-heal|p1a: Maractus|213/312|[from] item: Leftovers\n|upkeep\n|turn|5\n|\n|t:|1769257858\n|move|p2a: Shiftry|Knock Off|p1a: Maractus\n|-damage|p1a: Maractus|0 fnt\n|-enditem|p1a: Maractus|Leftovers|[from] move: Knock Off|[of] p2a: Shiftry\n|faint|p1a: Maractus\n|-damage|p2a: Shiftry|240/308|[from] item: Life Orb\n|\n|-weather|none\n|upkeep\n|inactive|bin2409 has 120 seconds left.\n|\n|t:|1769257881\n|switch|p1a: Noivern|Noivern, L83, M|277/277\n|-damage|p1a: Noivern|208/277|[from] Stealth Rock\n|turn|6\n|inactive|bin2409 has 120 seconds left.\n|\n|t:|1769257887\n|move|p1a: Noivern|Hurricane|p2a: Shiftry\n|-supereffective|p2a: Shiftry\n|-damage|p2a: Shiftry|0 fnt\n|faint|p2a: Shiftry\n|\n|upkeep\n|\n|t:|1769257891\n|switch|p2a: Lapras|Lapras, L88, M|372/372\n|-damage|p2a: Lapras|310/372|[from] Spikes\n|turn|7\n|\n|t:|1769257899\n|switch|p1a: Genesect|Genesect, L73|224/224\n|-damage|p1a: Genesect|196/224|[from] Stealth Rock\n|-ability|p1a: Genesect|Download|boost\n|-boost|p1a: Genesect|atk|1\n|move|p2a: Lapras|Freeze-Dry|p1a: Genesect\n|-resisted|p1a: Genesect\n|-damage|p1a: Genesect|159/224\n|\n|-heal|p2a: Lapras|333/372|[from] item: Leftovers\n|upkeep\n|turn|8\n|\n|t:|1769257912\n|move|p1a: Genesect|Iron Head|p2a: Lapras\n|-damage|p2a: Lapras|189/372\n|-damage|p1a: Genesect|137/224|[from] item: Life Orb\n|move|p2a: Lapras|Hydro Pump|p1a: Genesect\n|-damage|p1a: Genesect|11/224\n|\n|-heal|p2a: Lapras|212/372|[from] item: Leftovers\n|upkeep\n|turn|9\n|\n|t:|1769257922\n|move|p1a: Genesect|Thunderbolt|p2a: Lapras\n|-supereffective|p2a: Lapras\n|-damage|p2a: Lapras|72/372\n|-damage|p1a: Genesect|0 fnt|[from] item: Life Orb\n|faint|p1a: Genesect\n|move|p2a: Lapras|Freeze-Dry|p1: Genesect|[notarget]\n|-fail|p2a: Lapras\n|\n|-heal|p2a: Lapras|95/372|[from] item: Leftovers\n|upkeep\n|\n|t:|1769257932\n|switch|p1a: Kabutops|Kabutops, L87, F|205/246\n|-damage|p1a: Kabutops|175/246|[from] Stealth Rock\n|turn|10\n|\n|t:|1769257939\n|move|p1a: Kabutops|Stone Edge|p2a: Lapras\n|-supereffective|p2a: Lapras\n|-damage|p2a: Lapras|0 fnt\n|faint|p2a: Lapras\n|\n|upkeep\n|\n|t:|1769257946\n|switch|p2a: Pikachu|Pikachu, L93, F|216/216\n|-damage|p2a: Pikachu|180/216|[from] Spikes\n|turn|11\n|\n|t:|1769257958\n|move|p2a: Pikachu|Volt Tackle|p1a: Kabutops\n|-supereffective|p1a: Kabutops\n|-damage|p1a: Kabutops|0 fnt\n|faint|p1a: Kabutops\n|-damage|p2a: Pikachu|122/216|[from] Recoil\n|\n|upkeep\n|\n|t:|1769257967\n|switch|p1a: Noivern|Noivern, L83, M|208/277\n|-damage|p1a: Noivern|139/277|[from] Stealth Rock\n|turn|12\n|\n|t:|1769257973\n|move|p1a: Noivern|Boomburst|p2a: Pikachu\n|-damage|p2a: Pikachu|0 fnt\n|faint|p2a: Pikachu\n|\n|upkeep\n|\n|t:|1769257975\n|switch|p2a: Golurk|Golurk, L87|297/297\n|-damage|p2a: Golurk|248/297|[from] Spikes\n|turn|13\n|\n|t:|1769257981\n|switch|p1a: Banette|Banette, L87, M|253/253\n|-damage|p1a: Banette|222/253|[from] Stealth Rock\n|-item|p2a: Golurk|Life Orb|[from] ability: Frisk|[of] p1a: Banette\n|move|p2a: Golurk|Dynamic Punch|p1a: Banette\n|-immune|p1a: Banette\n|\n|upkeep\n|turn|14\n|\n|t:|1769257990\n|detailschange|p1a: Banette|Banette-Mega, L87, M\n|-mega|p1a: Banette|Banette|Banettite\n|move|p1a: Banette|Will-O-Wisp|p2a: Golurk\n|-status|p2a: Golurk|brn\n|move|p2a: Golurk|Earthquake|p1a: Banette\n|-damage|p1a: Banette|127/253\n|-damage|p2a: Golurk|219/297 brn|[from] item: Life Orb\n|\n|-damage|p2a: Golurk|201/297 brn|[from] brn\n|upkeep\n|turn|15\n|\n|t:|1769257997\n|move|p1a: Banette|Shadow Claw|p2a: Golurk\n|-supereffective|p2a: Golurk\n|-damage|p2a: Golurk|0 fnt\n|faint|p2a: Golurk\n|\n|upkeep\n|\n|t:|1769257999\n|switch|p2a: Hippowdon|Hippowdon, L82, F|240/311\n|-damage|p2a: Hippowdon|189/311|[from] Spikes\n|-weather|Sandstorm|[from] ability: Sand Stream|[of] p2a: Hippowdon\n|turn|16\n|\n|t:|1769258006\n|move|p1a: Banette|Will-O-Wisp|p2a: Hippowdon\n|-status|p2a: Hippowdon|brn\n|move|p2a: Hippowdon|Slack Off|p2a: Hippowdon\n|-heal|p2a: Hippowdon|311/311 brn\n|\n|-weather|Sandstorm|[upkeep]\n|-damage|p1a: Banette|112/253|[from] Sandstorm\n|-damage|p2a: Hippowdon|292/311 brn|[from] brn\n|upkeep\n|turn|17\n|\n|t:|1769258009\n|switch|p1a: Noivern|Noivern, L83, M|139/277\n|-damage|p1a: Noivern|70/277|[from] Stealth Rock\n|move|p2a: Hippowdon|Toxic|p1a: Noivern|[miss]\n|-miss|p2a: Hippowdon|p1a: Noivern\n|\n|-weather|Sandstorm|[upkeep]\n|-damage|p1a: Noivern|53/277|[from] Sandstorm\n|-damage|p2a: Hippowdon|273/311 brn|[from] brn\n|upkeep\n|turn|18\n|\n|t:|1769258016\n|move|p1a: Noivern|Switcheroo|p2a: Hippowdon\n|-activate|p1a: Noivern|move: Trick|[of] p2a: Hippowdon\n|-item|p2a: Hippowdon|Choice Specs|[from] move: Switcheroo\n|-enditem|p1a: Noivern|Choice Specs|[silent]|[from] move: Switcheroo\n|move|p2a: Hippowdon|Slack Off|p2a: Hippowdon\n|-heal|p2a: Hippowdon|311/311 brn\n|\n|-weather|Sandstorm|[upkeep]\n|-damage|p1a: Noivern|36/277|[from] Sandstorm\n|-damage|p2a: Hippowdon|292/311 brn|[from] brn\n|upkeep\n|turn|19\n|\n|t:|1769258020\n|move|p1a: Noivern|Hurricane|p2a: Hippowdon\n|-crit|p2a: Hippowdon\n|-damage|p2a: Hippowdon|100/311 brn\n|-start|p2a: Hippowdon|confusion\n|-activate|p2a: Hippowdon|confusion\n|-damage|p2a: Hippowdon|75/311 brn|[from] confusion\n|\n|-weather|Sandstorm|[upkeep]\n|-damage|p1a: Noivern|19/277|[from] Sandstorm\n|-damage|p2a: Hippowdon|56/311 brn|[from] brn\n|upkeep\n|turn|20\n|\n|t:|1769258027\n|move|p1a: Noivern|Boomburst|p2a: Hippowdon\n|-damage|p2a: Hippowdon|0 fnt\n|faint|p2a: Hippowdon\n|\n|-weather|none\n|upkeep\n|\n|t:|1769258029\n|switch|p2a: Comfey|Comfey, L87, M|230/230\n|-damage|p2a: Comfey|192/230|[from] Spikes\n|turn|21\n|\n|t:|1769258037\n|switch|p1a: Arceus|Arceus-Ghost, L72|292/292\n|-damage|p1a: Arceus|256/292|[from] Stealth Rock\n|move|p2a: Comfey|Calm Mind|p2a: Comfey\n|-boost|p2a: Comfey|spa|1\n|-boost|p2a: Comfey|spd|1\n|\n|-heal|p2a: Comfey|206/230|[from] item: Leftovers\n|upkeep\n|turn|22\n|\n|t:|1769258044\n|move|p2a: Comfey|Calm Mind|p2a: Comfey\n|-boost|p2a: Comfey|spa|1\n|-boost|p2a: Comfey|spd|1\n|move|p1a: Arceus|Swords Dance|p1a: Arceus\n|-boost|p1a: Arceus|atk|2\n|\n|-heal|p2a: Comfey|220/230|[from] item: Leftovers\n|upkeep\n|turn|23\n|\n|t:|1769258050\n|move|p2a: Comfey|Draining Kiss|p1a: Arceus\n|-damage|p1a: Arceus|169/292\n|-heal|p2a: Comfey|230/230|[from] drain|[of] p1a: Arceus\n|-zpower|p1a: Arceus\n|move|p1a: Arceus|Never-Ending Nightmare|p2a: Comfey|[zeffect]\n|-damage|p2a: Comfey|0 fnt\n|faint|p2a: Comfey\n|\n|win|bin2409\n|raw|bin2409's rating: 1691 &rarr; <strong>1718</strong><br />(+27 for winning)\n|raw|Michielleus's rating: 1816 &rarr; <strong>1789</strong><br />(-27 for losing)\n|c|☆bin2409|Gg\n|l|☆Michielleus\n|player|p2|\n", "inputlog": ">version b99ff0165a6231f17e8b78c2a78d1998375de664\n>start {\"formatid\":\"gen7randombattle\",\"seed\":\"sodium,f2a13b87131a44c503aff88f72c0acf4\",\"rated\":\"Rated battle\"}\n>player p1 {\"name\":\"bin2409\",\"avatar\":\"lucas-gen4pt\",\"rating\":1691,\"seed\":\"sodium,77c709046ec7ce0cbea537ff2625feb4\"}\n>player p2 {\"name\":\"Michielleus\",\"avatar\":\"#rbtt9faction2\",\"rating\":1816,\"seed\":\"sodium,94e3992379808c891dc1183ecedc1a1a\"}\n>p1 move knockoff\n>p2 move stealthrock\n>p1 switch 5\n>p2 move earthquake\n>p1 move spikes\n>p2 switch 3\n>p1 move spikes\n>p2 move swordsdance\n>p1 move knockoff\n>p2 move knockoff\n>p1 switch 4\n>p1 move hurricane\n>p2 move knockoff\n>p2 switch 4\n>p1 switch 2\n>p2 move freezedry\n>p1 move ironhead\n>p2 move hydropump\n>p1 move thunderbolt\n>p2 move freezedry\n>p1 switch 5\n>p1 move stoneedge\n>p2 move freezedry\n>p2 switch 6\n>p1 move rapidspin\n>p2 move volttackle\n>p1 switch 2\n>p1 move boomburst\n>p2 move hiddenpower\n>p2 switch 5\n>p1 switch 3\n>p2 move dynamicpunch\n>p1 move willowisp mega\n>p2 move earthquake\n>p1 move shadowclaw\n>p2 move earthquake\n>p2 switch 3\n>p1 move willowisp\n>p2 move slackoff\n>p1 switch 3\n>p2 move toxic\n>p1 move switcheroo\n>p2 move slackoff\n>p1 move hurricane\n>p2 move slackoff\n>p1 move boomburst\n>p2 move slackoff\n>p2 switch 2\n>p1 switch 6\n>p2 move calmmind\n>p1 move swordsdance\n>p2 move calmmind\n>p1 move shadowforce zmove\n>p2 move drainingkiss", "uploadtime": 1769258066, "views": 217, "formatid": "gen7randombattle", "rating": 1718, "private": 0, "password": null}