{"id": "gen7randombattle-2524034183", "format": "[Gen 7] Random Battle", "players": ["La.Hellhound", "Kurochan3"], "log": "|j|‽La.Hellhound\n|j|☆Kurochan3\n|t:|1769101910\n|gametype|singles\n|player|p1|La.Hellhound|alder|1760\n|player|p2|Kurochan3|cynthia-gen4|1757\n|gen|7\n|tier|[Gen 7] Random Battle\n|rated|\n|rule|Sleep Clause Mod: Limit one foe put to sleep\n|rule|HP Percentage Mod: HP is shown in percentages\n|rule|Illusion Level Mod: Illusion disguises the Pokémon's true level\n|\n|t:|1769101910\n|teamsize|p1|6\n|teamsize|p2|6\n|start\n|switch|p1a: Latios|Latios, L78, M|253/253\n|switch|p2a: Rotom|Rotom, L88|231/231\n|turn|1\n|inactive|Battle timer is ON: inactive players will automatically lose when time's up. (requested by La.Hellhound)\n|\n|t:|1769101939\n|move|p1a: Latios|Draco Meteor|p2a: Rotom\n|-damage|p2a: Rotom|0 fnt\n|-unboost|p1a: Latios|spa|2\n|faint|p2a: Rotom\n|\n|upkeep\n|\n|t:|1769101957\n|switch|p2a: Tapu Bulu|Tapu Bulu, L82|249/249\n|-fieldstart|move: Grassy Terrain|[from] ability: Grassy Surge|[of] p2a: Tapu Bulu\n|turn|2\n|inactive|La.Hellhound has 120 seconds left.\n|\n|t:|1769101994\n|switch|p1a: Pidgeot|Pidgeot, L78, M|258/258\n|move|p2a: Tapu Bulu|Superpower|p1a: Pidgeot\n|-damage|p1a: Pidgeot|68/258\n|-unboost|p2a: Tapu Bulu|atk|1\n|-unboost|p2a: Tapu Bulu|def|1\n|\n|upkeep\n|turn|3\n|inactive|La.Hellhound has 120 seconds left.\n|\n|t:|1769102005\n|switch|p2a: Zeraora|Zeraora, L77|262/262\n|detailschange|p1a: Pidgeot|Pidgeot-Mega, L78, M\n|-mega|p1a: Pidgeot|Pidgeot|Pidgeotite\n|move|p1a: Pidgeot|Roost|p1a: Pidgeot\n|-heal|p1a: Pidgeot|197/258\n|-singleturn|p1a: Pidgeot|move: Roost\n|\n|-heal|p1a: Pidgeot|213/258|[from] Grassy Terrain\n|upkeep\n|turn|4\n|inactive|La.Hellhound has 120 seconds left.\n|\n|t:|1769102017\n|switch|p1a: Giratina|Giratina-Origin, L74|344/344\n|move|p2a: Zeraora|Plasma Fists|p1a: Giratina\n|-resisted|p1a: Giratina\n|-damage|p1a: Giratina|275/344\n|-fieldactivate|move: Ion Deluge\n|-hint|Normal-type moves become Electric-type after using Plasma Fists.\n|-damage|p2a: Zeraora|236/262|[from] item: Life Orb\n|\n|-heal|p2a: Zeraora|252/262|[from] Grassy Terrain\n|upkeep\n|turn|5\n|inactive|La.Hellhound has 120 seconds left.\n|\n|t:|1769102027\n|move|p2a: Zeraora|Taunt|p1a: Giratina\n|-start|p1a: Giratina|move: Taunt\n|cant|p1a: Giratina|move: Taunt|Will-O-Wisp\n|\n|-heal|p2a: Zeraora|262/262|[from] Grassy Terrain\n|upkeep\n|turn|6\n|inactive|La.Hellhound has 120 seconds left.\n|\n|t:|1769102035\n|move|p2a: Zeraora|Knock Off|p1a: Giratina\n|-supereffective|p1a: Giratina\n|-damage|p1a: Giratina|161/344\n|-damage|p2a: Zeraora|236/262|[from] item: Life Orb\n|move|p1a: Giratina|Shadow Ball|p2a: Zeraora\n|-damage|p2a: Zeraora|128/262\n|\n|-heal|p2a: Zeraora|144/262|[from] Grassy Terrain\n|-fieldend|move: Grassy Terrain\n|upkeep\n|turn|7\n|\n|t:|1769102046\n|move|p2a: Zeraora|Knock Off|p1a: Giratina\n|-supereffective|p1a: Giratina\n|-damage|p1a: Giratina|47/344\n|-damage|p2a: Zeraora|118/262|[from] item: Life Orb\n|move|p1a: Giratina|Draco Meteor|p2a: Zeraora\n|-damage|p2a: Zeraora|0 fnt\n|-unboost|p1a: Giratina|spa|2\n|faint|p2a: Zeraora\n|\n|-end|p1a: Giratina|move: Taunt\n|upkeep\n|\n|t:|1769102054\n|switch|p2a: Deoxys|Deoxys-Attack, L72|191/191\n|-ability|p2a: Deoxys|Pressure\n|turn|8\n|\n|t:|1769102062\n|move|p2a: Deoxys|Knock Off|p1a: Giratina\n|-supereffective|p1a: Giratina\n|-damage|p1a: Giratina|0 fnt\n|faint|p1a: Giratina\n|-damage|p2a: Deoxys|172/191|[from] item: Life Orb\n|\n|upkeep\n|\n|t:|1769102079\n|switch|p1a: Vaporeon|Vaporeon, L86, F|364/364\n|turn|9\n|\n|t:|1769102091\n|switch|p2a: Tapu Bulu|Tapu Bulu, L82|249/249\n|-fieldstart|move: Grassy Terrain|[from] ability: Grassy Surge|[of] p2a: Tapu Bulu\n|move|p1a: Vaporeon|Toxic|p2a: Tapu Bulu\n|-status|p2a: Tapu Bulu|tox\n|\n|-damage|p2a: Tapu Bulu|234/249 tox|[from] psn\n|upkeep\n|turn|10\n|\n|t:|1769102100\n|move|p1a: Vaporeon|Protect|p1a: Vaporeon\n|-singleturn|p1a: Vaporeon|Protect\n|move|p2a: Tapu Bulu|Horn Leech|p1a: Vaporeon\n|-activate|p1a: Vaporeon|move: Protect\n|\n|-heal|p2a: Tapu Bulu|249/249 tox|[from] Grassy Terrain\n|-damage|p2a: Tapu Bulu|219/249 tox|[from] psn\n|upkeep\n|turn|11\n|\n|t:|1769102109\n|switch|p2a: Deoxys|Deoxys-Attack, L72|172/191\n|-ability|p2a: Deoxys|Pressure\n|switch|p1a: Pinsir|Pinsir, L84, F|246/246\n|\n|-heal|p2a: Deoxys|183/191|[from] Grassy Terrain\n|upkeep\n|turn|12\n|\n|t:|1769102118\n|move|p2a: Deoxys|Psycho Boost|p1a: Pinsir\n|-damage|p1a: Pinsir|0 fnt\n|-unboost|p2a: Deoxys|spa|2\n|faint|p1a: Pinsir\n|-damage|p2a: Deoxys|164/191|[from] item: Life Orb\n|\n|-heal|p2a: Deoxys|175/191|[from] Grassy Terrain\n|upkeep\n|\n|t:|1769102139\n|switch|p1a: Pidgeot|Pidgeot-Mega, L78, M|213/258\n|turn|13\n|\n|t:|1769102143\n|switch|p2a: Camerupt|Camerupt, L88, M|266/266\n|move|p1a: Pidgeot|Hurricane|p2a: Camerupt\n|-damage|p2a: Camerupt|122/266\n|\n|-heal|p2a: Camerupt|138/266|[from] Grassy Terrain\n|-fieldend|move: Grassy Terrain\n|upkeep\n|turn|14\n|\n|t:|1769102151\n|detailschange|p2a: Camerupt|Camerupt-Mega, L88, M\n|-mega|p2a: Camerupt|Camerupt|Cameruptite\n|move|p1a: Pidgeot|Hurricane|p2a: Camerupt\n|-damage|p2a: Camerupt|30/266\n|-start|p2a: Camerupt|confusion\n|-activate|p2a: Camerupt|confusion\n|move|p2a: Camerupt|Ancient Power|p1a: Pidgeot\n|-supereffective|p1a: Pidgeot\n|-damage|p1a: Pidgeot|3/258\n|\n|upkeep\n|turn|15\n|\n|t:|1769102162\n|move|p1a: Pidgeot|Hurricane|p2a: Camerupt\n|-damage|p2a: Camerupt|0 fnt\n|faint|p2a: Camerupt\n|detailschange|p2: Camerupt|Camerupt, L88, M|[silent]\n|\n|upkeep\n|\n|t:|1769102167\n|switch|p2a: Deoxys|Deoxys-Attack, L72|175/191\n|-ability|p2a: Deoxys|Pressure\n|turn|16\n|\n|t:|1769102172\n|switch|p1a: Latios|Latios, L78, M|253/253\n|move|p2a: Deoxys|Knock Off|p1a: Latios\n|-supereffective|p1a: Latios\n|-damage|p1a: Latios|0 fnt\n|-enditem|p1a: Latios|Choice Specs|[from] move: Knock Off|[of] p2a: Deoxys\n|faint|p1a: Latios\n|-damage|p2a: Deoxys|156/191|[from] item: Life Orb\n|\n|upkeep\n|\n|t:|1769102180\n|switch|p1a: Vaporeon|Vaporeon, L86, F|364/364\n|turn|17\n|\n|t:|1769102184\n|switch|p2a: Tapu Bulu|Tapu Bulu, L82|219/249 tox\n|-fieldstart|move: Grassy Terrain|[from] ability: Grassy Surge|[of] p2a: Tapu Bulu\n|move|p1a: Vaporeon|Wish|p1a: Vaporeon\n|\n|-heal|p2a: Tapu Bulu|234/249 tox|[from] Grassy Terrain\n|-damage|p2a: Tapu Bulu|219/249 tox|[from] psn\n|upkeep\n|turn|18\n|\n|t:|1769102196\n|move|p1a: Vaporeon|Protect|p1a: Vaporeon\n|-singleturn|p1a: Vaporeon|Protect\n|move|p2a: Tapu Bulu|Horn Leech|p1a: Vaporeon\n|-activate|p1a: Vaporeon|move: Protect\n|\n|-heal|p2a: Tapu Bulu|234/249 tox|[from] Grassy Terrain\n|-damage|p2a: Tapu Bulu|204/249 tox|[from] psn\n|upkeep\n|turn|19\n|\n|t:|1769102208\n|move|p2a: Tapu Bulu|Horn Leech|p1a: Vaporeon\n|-supereffective|p1a: Vaporeon\n|-damage|p1a: Vaporeon|0 fnt\n|-heal|p2a: Tapu Bulu|249/249 tox|[from] drain|[of] p1a: Vaporeon\n|faint|p1a: Vaporeon\n|\n|-damage|p2a: Tapu Bulu|204/249 tox|[from] psn\n|upkeep\n|\n|t:|1769102215\n|switch|p1a: Pidgeot|Pidgeot-Mega, L78, M|3/258\n|turn|20\n|\n|t:|1769102218\n|move|p1a: Pidgeot|Hurricane|p2a: Tapu Bulu\n|-supereffective|p2a: Tapu Bulu\n|-damage|p2a: Tapu Bulu|0 fnt\n|faint|p2a: Tapu Bulu\n|\n|upkeep\n|\n|t:|1769102221\n|switch|p2a: Deoxys|Deoxys-Attack, L72|156/191\n|-ability|p2a: Deoxys|Pressure\n|turn|21\n|\n|t:|1769102226\n|move|p2a: Deoxys|Knock Off|p1a: Pidgeot\n|-damage|p1a: Pidgeot|0 fnt\n|faint|p1a: Pidgeot\n|detailschange|p1: Pidgeot|Pidgeot, L78, M|[silent]\n|-damage|p2a: Deoxys|137/191|[from] item: Life Orb\n|\n|-heal|p2a: Deoxys|148/191|[from] Grassy Terrain\n|-fieldend|move: Grassy Terrain\n|upkeep\n|\n|t:|1769102232\n|switch|p1a: Medicham|Medicham, L85, M|241/241\n|turn|22\n|\n|t:|1769102243\n|switch|p2a: Diggersby|Diggersby, L82, M|274/274\n|move|p1a: Medicham|High Jump Kick|p2a: Diggersby\n|-supereffective|p2a: Diggersby\n|-crit|p2a: Diggersby\n|-damage|p2a: Diggersby|0 fnt\n|faint|p2a: Diggersby\n|\n|upkeep\n|\n|t:|1769102246\n|switch|p2a: Deoxys|Deoxys-Attack, L72|148/191\n|-ability|p2a: Deoxys|Pressure\n|turn|23\n|\n|t:|1769102253\n|move|p1a: Medicham|High Jump Kick|p2a: Deoxys\n|-resisted|p2a: Deoxys\n|-damage|p2a: Deoxys|0 fnt\n|faint|p2a: Deoxys\n|\n|win|La.Hellhound\n|raw|La.Hellhound's rating: 1760 &rarr; <strong>1780</strong><br />(+20 for winning)\n|raw|Kurochan3's rating: 1757 &rarr; <strong>1737</strong><br />(-20 for losing)\n", "inputlog": ">version dd3d52b8382d73d1dd2c67730c4067df325ab790\n>start {\"formatid\":\"gen7randombattle\",\"seed\":\"sodium,c9254f9e36514f151554f1bd01018237\",\"rated\":\"Rated battle\"}\n>player p1 {\"name\":\"La.Hellhound\",\"avatar\":\"alder\",\"rating\":1760,\"seed\":\"sodium,608ff38331692393e514cbb8737d022f\"}\n>player p2 {\"name\":\"Kurochan3\",\"avatar\":\"cynthia-gen4\",\"rating\":1757,\"seed\":\"sodium,ccf7cc11e524bca8ad5208f661bd574e\"}\n>p1 move dracometeor\n>p2 move shadowball\n>p2 switch 4\n>p1 switch 4\n>p2 move superpower\n>p1 move roost mega\n>p2 switch 3\n>p1 switch 5\n>p2 move plasmafists\n>p1 move willowisp\n>p2 move taunt\n>p1 move shadowball\n>p2 move knockoff\n>p1 move dracometeor\n>p2 move knockoff\n>p2 switch 6\n>p1 move shadowball\n>p2 move knockoff\n>p1 switch 6\n>p1 move toxic\n>p2 switch 3\n>p1 move protect\n>p2 move hornleech\n>p1 switch 3\n>p2 switch 3\n>p1 move xscissor\n>p2 move psychoboost\n>p1 switch 5\n>p1 move hurricane\n>p2 switch 2\n>p1 move hurricane\n>p2 move ancientpower mega\n>p1 move hurricane\n>p2 move earthpower\n>p2 switch 2\n>p1 switch 4\n>p2 move knockoff\n>p1 switch 3\n>p1 move wish\n>p2 switch 3\n>p1 move protect\n>p2 move hornleech\n>p1 move wish\n>p2 move hornleech\n>p1 switch 4\n>p1 move hurricane\n>p2 move hornleech\n>p2 switch 3\n>p1 move hurricane\n>p2 move knockoff\n>p1 switch 2\n>p1 move highjumpkick\n>p2 switch 5\n>p2 switch 5\n>p1 move highjumpkick\n>p2 move psychoboost", "uploadtime": 1769102259, "views": 150, "formatid": "gen7randombattle", "rating": 1737, "private": 0, "password": null}