{"id": "gen7randombattle-2524335034", "format": "[Gen 7] Random Battle", "players": ["Galamianogi", "iphonethirteen"], "log": "|j|‽Galamianogi\n|j|☆iphonethirteen\n|t:|1769132906\n|gametype|singles\n|player|p1|Galamianogi|gladion-stance|1719\n|player|p2|iphonethirteen|170|1509\n|gen|7\n|tier|[Gen 7] Random Battle\n|rated|\n|rule|Sleep Clause Mod: Limit one foe put to sleep\n|rule|HP Percentage Mod: HP is shown in percentages\n|rule|Illusion Level Mod: Illusion disguises the Pokémon's true level\n|\n|t:|1769132906\n|teamsize|p1|6\n|teamsize|p2|6\n|start\n|switch|p1a: Hitmontop|Hitmontop, L90, M|236/236\n|switch|p2a: Chansey|Chansey, L85, F|564/564\n|-ability|p1a: Hitmontop|Intimidate|boost\n|-unboost|p2a: Chansey|atk|1\n|turn|1\n|inactive|Battle timer is ON: inactive players will automatically lose when time's up. (requested by iphonethirteen)\n|\n|t:|1769132914\n|switch|p2a: Drifblim|Drifblim, L85, F|392/392\n|move|p1a: Hitmontop|Earthquake|p2a: Drifblim\n|-immune|p2a: Drifblim\n|\n|upkeep\n|turn|2\n|\n|t:|1769132933\n|switch|p1a: Swellow|Swellow, L82, M|233/233\n|move|p2a: Drifblim|Will-O-Wisp|p1a: Swellow\n|-status|p1a: Swellow|brn\n|\n|-damage|p1a: Swellow|219/233 brn|[from] brn\n|upkeep\n|turn|3\n|\n|t:|1769132941\n|move|p1a: Swellow|U-turn|p2a: Drifblim\n|-resisted|p2a: Drifblim\n|-damage|p2a: Drifblim|384/392\n|\n|t:|1769132944\n|switch|p1a: Abomasnow|Abomasnow, L83, F|285/285|[from] U-turn\n|-weather|Hail|[from] ability: Snow Warning|[of] p1a: Abomasnow\n|move|p2a: Drifblim|Acrobatics|p1a: Abomasnow\n|-supereffective|p1a: Abomasnow\n|-damage|p1a: Abomasnow|163/285\n|\n|-weather|Hail|[upkeep]\n|-damage|p2a: Drifblim|360/392|[from] Hail\n|upkeep\n|turn|4\n|inactive|iphonethirteen has 120 seconds left.\n|inactive|iphonethirteen has 90 seconds left.\n|inactive|iphonethirteen has 60 seconds left.\n|\n|t:|1769133035\n|detailschange|p1a: Abomasnow|Abomasnow-Mega, L83, F\n|-mega|p1a: Abomasnow|Abomasnow|Abomasite\n|move|p2a: Drifblim|Will-O-Wisp|p1a: Abomasnow|[miss]\n|-miss|p2a: Drifblim|p1a: Abomasnow\n|move|p1a: Abomasnow|Blizzard|p2a: Drifblim\n|-supereffective|p2a: Drifblim\n|-damage|p2a: Drifblim|0 fnt\n|faint|p2a: Drifblim\n|\n|-weather|Hail|[upkeep]\n|upkeep\n|\n|t:|1769133037\n|switch|p2a: Fearow|Fearow, L88, F|258/258\n|turn|5\n|\n|t:|1769133043\n|move|p1a: Abomasnow|Ice Shard|p2a: Fearow\n|-supereffective|p2a: Fearow\n|-damage|p2a: Fearow|126/258\n|move|p2a: Fearow|Drill Peck|p1a: Abomasnow\n|-supereffective|p1a: Abomasnow\n|-crit|p1a: Abomasnow\n|-damage|p1a: Abomasnow|0 fnt\n|faint|p1a: Abomasnow\n|detailschange|p1: Abomasnow|Abomasnow, L83, F|[silent]\n|\n|-weather|Hail|[upkeep]\n|-damage|p2a: Fearow|110/258|[from] Hail\n|upkeep\n|\n|t:|1769133052\n|switch|p1a: Swellow|Swellow, L82, M|219/233 brn\n|turn|6\n|\n|t:|1769133056\n|move|p1a: Swellow|Boomburst|p2a: Fearow\n|-damage|p2a: Fearow|0 fnt\n|faint|p2a: Fearow\n|\n|-weather|Hail|[upkeep]\n|-damage|p1a: Swellow|205/233 brn|[from] Hail\n|-damage|p1a: Swellow|191/233 brn|[from] brn\n|upkeep\n|\n|t:|1769133058\n|switch|p2a: Chansey|Chansey, L85, F|564/564\n|turn|7\n|\n|t:|1769133066\n|switch|p1a: Hitmontop|Hitmontop, L90, M|236/236\n|-ability|p1a: Hitmontop|Intimidate|boost\n|-unboost|p2a: Chansey|atk|1\n|move|p2a: Chansey|Toxic|p1a: Hitmontop\n|-status|p1a: Hitmontop|tox\n|\n|-weather|none\n|-damage|p1a: Hitmontop|222/236 tox|[from] psn\n|upkeep\n|turn|8\n|\n|t:|1769133070\n|switch|p1a: Magnezone|Magnezone, L84|255/255\n|switch|p2a: Tapu Bulu|Tapu Bulu, L82|249/249\n|-fieldstart|move: Grassy Terrain|[from] ability: Grassy Surge|[of] p2a: Tapu Bulu\n|\n|upkeep\n|turn|9\n|\n|t:|1769133077\n|switch|p2a: Chansey|Chansey, L85, F|564/564\n|move|p1a: Magnezone|Volt Switch|p2a: Chansey\n|-damage|p2a: Chansey|479/564\n|\n|t:|1769133083\n|switch|p1a: Hitmontop|Hitmontop, L90, M|222/236 tox|[from] Volt Switch\n|-ability|p1a: Hitmontop|Intimidate|boost\n|-unboost|p2a: Chansey|atk|1\n|\n|-heal|p1a: Hitmontop|236/236 tox|[from] Grassy Terrain\n|-heal|p2a: Chansey|514/564|[from] Grassy Terrain\n|-damage|p1a: Hitmontop|222/236 tox|[from] psn\n|upkeep\n|turn|10\n|\n|t:|1769133092\n|switch|p1a: Swellow|Swellow, L82, M|191/233 brn\n|switch|p2a: Tapu Bulu|Tapu Bulu, L82|249/249\n|\n|-damage|p1a: Swellow|177/233 brn|[from] brn\n|upkeep\n|turn|11\n|\n|t:|1769133097\n|switch|p2a: Chansey|Chansey, L85, F|514/564\n|move|p1a: Swellow|Hurricane|p2a: Chansey\n|-damage|p2a: Chansey|435/564\n|-start|p2a: Chansey|confusion\n|\n|-heal|p2a: Chansey|470/564|[from] Grassy Terrain\n|-damage|p1a: Swellow|163/233 brn|[from] brn\n|upkeep\n|turn|12\n|\n|t:|1769133111\n|switch|p1a: Magnezone|Magnezone, L84|255/255\n|-activate|p2a: Chansey|confusion\n|-damage|p2a: Chansey|463/564|[from] confusion\n|\n|-heal|p2a: Chansey|498/564|[from] Grassy Terrain\n|-fieldend|move: Grassy Terrain\n|upkeep\n|turn|13\n|\n|t:|1769133116\n|move|p1a: Magnezone|Flash Cannon|p2a: Chansey\n|-damage|p2a: Chansey|408/564\n|-activate|p2a: Chansey|confusion\n|move|p2a: Chansey|Seismic Toss|p1a: Magnezone\n|-damage|p1a: Magnezone|170/255\n|\n|upkeep\n|turn|14\n|\n|t:|1769133121\n|switch|p1a: Hitmontop|Hitmontop, L90, M|222/236 tox\n|-ability|p1a: Hitmontop|Intimidate|boost\n|-unboost|p2a: Chansey|atk|1\n|-end|p2a: Chansey|confusion\n|move|p2a: Chansey|Seismic Toss|p1a: Hitmontop\n|-damage|p1a: Hitmontop|137/236 tox\n|\n|-damage|p1a: Hitmontop|123/236 tox|[from] psn\n|upkeep\n|turn|15\n|\n|t:|1769133124\n|switch|p2a: Tapu Bulu|Tapu Bulu, L82|249/249\n|-fieldstart|move: Grassy Terrain|[from] ability: Grassy Surge|[of] p2a: Tapu Bulu\n|move|p1a: Hitmontop|Close Combat|p2a: Tapu Bulu\n|-resisted|p2a: Tapu Bulu\n|-damage|p2a: Tapu Bulu|188/249\n|-unboost|p1a: Hitmontop|def|1\n|-unboost|p1a: Hitmontop|spd|1\n|\n|-heal|p1a: Hitmontop|137/236 tox|[from] Grassy Terrain\n|-heal|p2a: Tapu Bulu|203/249|[from] Grassy Terrain\n|-heal|p2a: Tapu Bulu|218/249|[from] item: Leftovers\n|-damage|p1a: Hitmontop|109/236 tox|[from] psn\n|upkeep\n|turn|16\n|\n|t:|1769133130\n|switch|p1a: Lugia|Lugia, L71|268/268\n|move|p2a: Tapu Bulu|Stone Edge|p1a: Lugia\n|-supereffective|p1a: Lugia\n|-damage|p1a: Lugia|200/268\n|\n|-heal|p1a: Lugia|216/268|[from] item: Leftovers\n|-heal|p2a: Tapu Bulu|233/249|[from] Grassy Terrain\n|-heal|p2a: Tapu Bulu|248/249|[from] item: Leftovers\n|upkeep\n|turn|17\n|\n|t:|1769133134\n|switch|p2a: Chansey|Chansey, L85, F|408/564\n|move|p1a: Lugia|Toxic|p2a: Chansey\n|-status|p2a: Chansey|tox\n|\n|-heal|p1a: Lugia|232/268|[from] item: Leftovers\n|-heal|p2a: Chansey|443/564 tox|[from] Grassy Terrain\n|-damage|p2a: Chansey|408/564 tox|[from] psn\n|upkeep\n|turn|18\n|\n|t:|1769133140\n|switch|p1a: Hitmontop|Hitmontop, L90, M|109/236 tox\n|-ability|p1a: Hitmontop|Intimidate|boost\n|-unboost|p2a: Chansey|atk|1\n|-curestatus|p2a: Chansey|tox|[from] ability: Natural Cure\n|switch|p2a: Tapu Bulu|Tapu Bulu, L82|248/249\n|\n|-heal|p1a: Hitmontop|123/236 tox|[from] Grassy Terrain\n|-heal|p2a: Tapu Bulu|249/249|[from] Grassy Terrain\n|-damage|p1a: Hitmontop|109/236 tox|[from] psn\n|upkeep\n|turn|19\n|\n|t:|1769133146\n|switch|p1a: Magnezone|Magnezone, L84|170/255\n|move|p2a: Tapu Bulu|Horn Leech|p1a: Magnezone\n|-resisted|p1a: Magnezone\n|-damage|p1a: Magnezone|116/255\n|\n|-heal|p1a: Magnezone|131/255|[from] Grassy Terrain\n|-fieldend|move: Grassy Terrain\n|upkeep\n|turn|20\n|\n|t:|1769133149\n|switch|p2a: Chansey|Chansey, L85, F|408/564\n|move|p1a: Magnezone|Volt Switch|p2a: Chansey\n|-damage|p2a: Chansey|330/564\n|\n|t:|1769133152\n|switch|p1a: Hitmontop|Hitmontop, L90, M|109/236 tox|[from] Volt Switch\n|-ability|p1a: Hitmontop|Intimidate|boost\n|-unboost|p2a: Chansey|atk|1\n|\n|-damage|p1a: Hitmontop|95/236 tox|[from] psn\n|upkeep\n|turn|21\n|\n|t:|1769133155\n|switch|p2a: Tapu Bulu|Tapu Bulu, L82|249/249\n|-fieldstart|move: Grassy Terrain|[from] ability: Grassy Surge|[of] p2a: Tapu Bulu\n|move|p1a: Hitmontop|Close Combat|p2a: Tapu Bulu\n|-resisted|p2a: Tapu Bulu\n|-damage|p2a: Tapu Bulu|186/249\n|-unboost|p1a: Hitmontop|def|1\n|-unboost|p1a: Hitmontop|spd|1\n|\n|-heal|p1a: Hitmontop|109/236 tox|[from] Grassy Terrain\n|-heal|p2a: Tapu Bulu|201/249|[from] Grassy Terrain\n|-heal|p2a: Tapu Bulu|216/249|[from] item: Leftovers\n|-damage|p1a: Hitmontop|81/236 tox|[from] psn\n|upkeep\n|turn|22\n|\n|t:|1769133160\n|switch|p1a: Magnezone|Magnezone, L84|131/255\n|switch|p2a: Chansey|Chansey, L85, F|330/564\n|\n|-heal|p1a: Magnezone|146/255|[from] Grassy Terrain\n|-heal|p2a: Chansey|365/564|[from] Grassy Terrain\n|upkeep\n|turn|23\n|\n|t:|1769133164\n|move|p1a: Magnezone|Volt Switch|p2a: Chansey\n|-damage|p2a: Chansey|287/564\n|\n|t:|1769133168\n|switch|p1a: Hitmontop|Hitmontop, L90, M|81/236 tox|[from] Volt Switch\n|-ability|p1a: Hitmontop|Intimidate|boost\n|-unboost|p2a: Chansey|atk|1\n|move|p2a: Chansey|Wish|p2a: Chansey\n|\n|-heal|p1a: Hitmontop|95/236 tox|[from] Grassy Terrain\n|-heal|p2a: Chansey|322/564|[from] Grassy Terrain\n|-damage|p1a: Hitmontop|81/236 tox|[from] psn\n|upkeep\n|turn|24\n|\n|t:|1769133174\n|switch|p2a: Tapu Bulu|Tapu Bulu, L82|216/249\n|move|p1a: Hitmontop|Close Combat|p2a: Tapu Bulu\n|-resisted|p2a: Tapu Bulu\n|-damage|p2a: Tapu Bulu|157/249\n|-unboost|p1a: Hitmontop|def|1\n|-unboost|p1a: Hitmontop|spd|1\n|\n|-heal|p2a: Tapu Bulu|249/249|[from] move: Wish|[wisher] Chansey\n|-heal|p1a: Hitmontop|95/236 tox|[from] Grassy Terrain\n|-damage|p1a: Hitmontop|67/236 tox|[from] psn\n|upkeep\n|turn|25\n|\n|t:|1769133182\n|switch|p1a: Magnezone|Magnezone, L84|146/255\n|move|p2a: Tapu Bulu|Horn Leech|p1a: Magnezone\n|-resisted|p1a: Magnezone\n|-damage|p1a: Magnezone|89/255\n|\n|-heal|p1a: Magnezone|104/255|[from] Grassy Terrain\n|-fieldend|move: Grassy Terrain\n|upkeep\n|turn|26\n|\n|t:|1769133186\n|switch|p2a: Chansey|Chansey, L85, F|322/564\n|move|p1a: Magnezone|Volt Switch|p2a: Chansey\n|-damage|p2a: Chansey|243/564\n|\n|t:|1769133189\n|switch|p1a: Hitmontop|Hitmontop, L90, M|67/236 tox|[from] Volt Switch\n|-ability|p1a: Hitmontop|Intimidate|boost\n|-unboost|p2a: Chansey|atk|1\n|\n|-damage|p1a: Hitmontop|53/236 tox|[from] psn\n|upkeep\n|turn|27\n|\n|t:|1769133192\n|switch|p1a: Magnezone|Magnezone, L84|104/255\n|switch|p2a: Tapu Bulu|Tapu Bulu, L82|249/249\n|-fieldstart|move: Grassy Terrain|[from] ability: Grassy Surge|[of] p2a: Tapu Bulu\n|\n|-heal|p1a: Magnezone|119/255|[from] Grassy Terrain\n|upkeep\n|turn|28\n|\n|t:|1769133196\n|move|p2a: Tapu Bulu|Horn Leech|p1a: Magnezone\n|-resisted|p1a: Magnezone\n|-damage|p1a: Magnezone|61/255\n|move|p1a: Magnezone|Flash Cannon|p2a: Tapu Bulu\n|-supereffective|p2a: Tapu Bulu\n|-crit|p2a: Tapu Bulu\n|-damage|p2a: Tapu Bulu|0 fnt\n|faint|p2a: Tapu Bulu\n|\n|-heal|p1a: Magnezone|76/255|[from] Grassy Terrain\n|upkeep\n|\n|t:|1769133199\n|switch|p2a: Blaziken|Blaziken, L73, M|237/237\n|turn|29\n|\n|t:|1769133206\n|detailschange|p2a: Blaziken|Blaziken-Mega, L73, M\n|-mega|p2a: Blaziken|Blaziken|Blazikenite\n|move|p2a: Blaziken|Swords Dance|p2a: Blaziken\n|-boost|p2a: Blaziken|atk|2\n|move|p1a: Magnezone|Flash Cannon|p2a: Blaziken\n|-resisted|p2a: Blaziken\n|-damage|p2a: Blaziken|135/237\n|\n|-heal|p2a: Blaziken|149/237|[from] Grassy Terrain\n|-heal|p1a: Magnezone|91/255|[from] Grassy Terrain\n|-ability|p2a: Blaziken|Speed Boost|boost\n|-boost|p2a: Blaziken|spe|1\n|upkeep\n|turn|30\n|\n|t:|1769133215\n|switch|p1a: Hitmontop|Hitmontop, L90, M|53/236 tox\n|-ability|p1a: Hitmontop|Intimidate|boost\n|-unboost|p2a: Blaziken|atk|1\n|move|p2a: Blaziken|Knock Off|p1a: Hitmontop\n|-resisted|p1a: Hitmontop\n|-damage|p1a: Hitmontop|2/236 tox\n|-enditem|p1a: Hitmontop|Assault Vest|[from] move: Knock Off|[of] p2a: Blaziken\n|\n|-heal|p2a: Blaziken|163/237|[from] Grassy Terrain\n|-heal|p1a: Hitmontop|16/236 tox|[from] Grassy Terrain\n|-damage|p1a: Hitmontop|2/236 tox|[from] psn\n|-ability|p2a: Blaziken|Speed Boost|boost\n|-boost|p2a: Blaziken|spe|1\n|upkeep\n|turn|31\n|\n|t:|1769133219\n|move|p1a: Hitmontop|Sucker Punch||[still]\n|-fail|p1a: Hitmontop\n|move|p2a: Blaziken|Swords Dance|p2a: Blaziken\n|-boost|p2a: Blaziken|atk|2\n|\n|-heal|p2a: Blaziken|177/237|[from] Grassy Terrain\n|-heal|p1a: Hitmontop|16/236 tox|[from] Grassy Terrain\n|-damage|p1a: Hitmontop|0 fnt|[from] psn\n|faint|p1a: Hitmontop\n|-fieldend|move: Grassy Terrain\n|-ability|p2a: Blaziken|Speed Boost|boost\n|-boost|p2a: Blaziken|spe|1\n|upkeep\n|\n|t:|1769133234\n|switch|p1a: Porygon2|Porygon2, L82|274/274\n|-ability|p1a: Porygon2|Speed Boost|Trace|[from] ability: Trace|[of] p2a: Blaziken\n|turn|32\n|\n|t:|1769133243\n|switch|p1a: Lugia|Lugia, L71|232/268\n|move|p2a: Blaziken|High Jump Kick|p1a: Lugia\n|-resisted|p1a: Lugia\n|-damage|p1a: Lugia|146/268\n|\n|-heal|p1a: Lugia|162/268|[from] item: Leftovers\n|-ability|p2a: Blaziken|Speed Boost|boost\n|-boost|p2a: Blaziken|spe|1\n|upkeep\n|turn|33\n|\n|t:|1769133253\n|switch|p1a: Magnezone|Magnezone, L84|91/255\n|move|p2a: Blaziken|Knock Off|p1a: Magnezone\n|-crit|p1a: Magnezone\n|-damage|p1a: Magnezone|0 fnt\n|-enditem|p1a: Magnezone|Choice Specs|[from] move: Knock Off|[of] p2a: Blaziken\n|faint|p1a: Magnezone\n|\n|-ability|p2a: Blaziken|Speed Boost|boost\n|-boost|p2a: Blaziken|spe|1\n|upkeep\n|\n|t:|1769133258\n|switch|p1a: Lugia|Lugia, L71|162/268\n|turn|34\n|\n|t:|1769133260\n|move|p2a: Blaziken|Knock Off|p1a: Lugia\n|-supereffective|p1a: Lugia\n|-damage|p1a: Lugia|0 fnt\n|-enditem|p1a: Lugia|Leftovers|[from] move: Knock Off|[of] p2a: Blaziken\n|faint|p1a: Lugia\n|\n|-ability|p2a: Blaziken|Speed Boost|boost\n|-boost|p2a: Blaziken|spe|1\n|upkeep\n|-message|Galamianogi forfeited.\n|\n|win|iphonethirteen\n|raw|Galamianogi's rating: 1719 &rarr; <strong>1688</strong><br />(-31 for losing)\n|raw|iphonethirteen's rating: 1509 &rarr; <strong>1540</strong><br />(+31 for winning)\n|l|‽Galamianogi\n|player|p1|\n|l|☆iphonethirteen\n|player|p2|\n", "inputlog": ">version dd3d52b8382d73d1dd2c67730c4067df325ab790\n>start {\"formatid\":\"gen7randombattle\",\"seed\":\"sodium,0fabfc907920dc98819b06c40396657c\",\"rated\":\"Rated battle\"}\n>player p1 {\"name\":\"Galamianogi\",\"avatar\":\"gladion-stance\",\"rating\":1719,\"seed\":\"sodium,ee35e82051859a028fa67021b3ede1ae\"}\n>player p2 {\"name\":\"iphonethirteen\",\"avatar\":\"170\",\"rating\":1509,\"seed\":\"sodium,9c5b02539ede10c4f06352859c37f48b\"}\n>p1 move earthquake\n>p2 switch 2\n>p1 switch 3\n>p2 move willowisp\n>p1 move uturn\n>p2 move acrobatics\n>p1 switch 2\n>p1 move blizzard mega\n>p2 move willowisp\n>p2 switch 6\n>p1 move iceshard\n>p2 move drillpeck\n>p1 switch 2\n>p1 move boomburst\n>p2 move return\n>p2 switch 2\n>p1 switch 3\n>p2 move toxic\n>p1 switch 6\n>p2 switch 3\n>p1 move voltswitch\n>p2 switch 3\n>p1 switch 6\n>p1 switch 3\n>p2 switch 3\n>p1 move hurricane\n>p2 switch 3\n>p1 switch 6\n>p2 move seismictoss\n>p1 move flashcannon\n>p2 move seismictoss\n>p1 switch 3\n>p2 move seismictoss\n>p1 move closecombat\n>p2 switch 3\n>p1 switch 5\n>p2 move stoneedge\n>p1 move toxic\n>p2 switch 3\n>p1 switch 5\n>p2 switch 3\n>p1 switch 3\n>p2 move hornleech\n>p1 move voltswitch\n>p2 switch 3\n>p1 switch 3\n>p1 move closecombat\n>p2 switch 3\n>p1 switch 3\n>p2 switch 3\n>p1 move voltswitch\n>p2 move wish\n>p1 switch 3\n>p1 move closecombat\n>p2 switch 3\n>p1 switch 3\n>p2 move hornleech\n>p1 move voltswitch\n>p2 switch 3\n>p1 switch 3\n>p1 switch 3\n>p2 switch 3\n>p1 move flashcannon\n>p2 move hornleech\n>p2 switch 4\n>p1 move flashcannon\n>p2 move swordsdance mega\n>p1 switch 3\n>p2 move knockoff\n>p1 move suckerpunch\n>p2 move swordsdance\n>p1 switch 4\n>p1 switch 5\n>p2 move highjumpkick\n>p1 switch 3\n>p2 move knockoff\n>p1 switch 3\n>p1 move roost\n>p2 move knockoff\n>forcelose p1", "uploadtime": 1769133266, "views": 155, "formatid": "gen7randombattle", "rating": 1540, "private": 0, "password": null}