{"id": "gen7randombattle-2529675749", "format": "[Gen 7] Random Battle", "players": ["WillisTurtle", "MimikyuTrainerAsh"], "log": "|j|☆WillisTurtle\n|j|‽MimikyuTrainerAsh\n|t:|1769810587\n|gametype|singles\n|player|p1|WillisTurtle|1|1604\n|player|p2|MimikyuTrainerAsh|pokekid|1697\n|gen|7\n|tier|[Gen 7] Random Battle\n|rated|\n|rule|Sleep Clause Mod: Limit one foe put to sleep\n|rule|HP Percentage Mod: HP is shown in percentages\n|rule|Illusion Level Mod: Illusion disguises the Pokémon's true level\n|\n|t:|1769810587\n|teamsize|p1|6\n|teamsize|p2|6\n|start\n|switch|p1a: Darkrai|Darkrai, L75|229/229\n|switch|p2a: Seaking|Seaking, L95, F|306/306\n|turn|1\n|inactive|Battle timer is ON: inactive players will automatically lose when time's up. (requested by MimikyuTrainerAsh)\n|inactive|WillisTurtle also wants the timer to be on.\n|\n|t:|1769810594\n|move|p1a: Darkrai|Hypnosis|p2a: Seaking\n|-status|p2a: Seaking|slp|[from] move: Hypnosis\n|cant|p2a: Seaking|slp\n|\n|-damage|p2a: Seaking|268/306 slp|[from] ability: Bad Dreams|[of] p1a: Darkrai\n|upkeep\n|turn|2\n|l|‽MimikyuTrainerAsh\n|inactive|MimikyuTrainerAsh disconnected and has a minute to reconnect!\n|player|p2|\n|j|☆MimikyuTrainerAsh\n|inactive|MimikyuTrainerAsh reconnected and has 140 seconds left.\n|player|p2|MimikyuTrainerAsh|pokekid|\n|\n|t:|1769810616\n|switch|p2a: Unfezant|Unfezant, L88, F|283/283\n|move|p1a: Darkrai|Nasty Plot|p1a: Darkrai\n|-boost|p1a: Darkrai|spa|2\n|\n|upkeep\n|turn|3\n|\n|t:|1769810623\n|-zpower|p1a: Darkrai\n|move|p1a: Darkrai|Black Hole Eclipse|p2a: Unfezant|[zeffect]\n|-damage|p2a: Unfezant|0 fnt\n|faint|p2a: Unfezant\n|\n|upkeep\n|c|☆MimikyuTrainerAsh|all that for an unfezant?\n|\n|t:|1769810637\n|switch|p2a: Passimian|Passimian, L84, M|305/305\n|turn|4\n|inactive|WillisTurtle has 120 seconds left.\n|\n|t:|1769810667\n|move|p1a: Darkrai|Sludge Bomb|p2a: Passimian\n|-damage|p2a: Passimian|135/305\n|-status|p2a: Passimian|psn\n|move|p2a: Passimian|Close Combat|p1a: Darkrai\n|-supereffective|p1a: Darkrai\n|-damage|p1a: Darkrai|0 fnt\n|-unboost|p2a: Passimian|def|1\n|-unboost|p2a: Passimian|spd|1\n|faint|p1a: Darkrai\n|\n|-damage|p2a: Passimian|97/305 psn|[from] psn\n|upkeep\n|inactive|WillisTurtle has 120 seconds left.\n|\n|t:|1769810680\n|switch|p1a: Sigilyph|Sigilyph, L85, M|261/261\n|turn|5\n|\n|t:|1769810684\n|switch|p2a: Ninetales|Ninetales-Alola, L78, M|242/242\n|-weather|Hail|[from] ability: Snow Warning|[of] p2a: Ninetales\n|move|p1a: Sigilyph|Psyshock|p2a: Ninetales\n|-damage|p2a: Ninetales|94/242\n|\n|-weather|Hail|[upkeep]\n|upkeep\n|turn|6\n|\n|t:|1769810692\n|move|p2a: Ninetales|Aurora Veil|p2a: Ninetales\n|-sidestart|p2: MimikyuTrainerAsh|move: Aurora Veil\n|move|p1a: Sigilyph|Psyshock|p2a: Ninetales\n|-damage|p2a: Ninetales|26/242\n|\n|-weather|Hail|[upkeep]\n|upkeep\n|turn|7\n|\n|t:|1769810703\n|switch|p1a: Moltres|Moltres, L82|281/281\n|move|p2a: Ninetales|Blizzard|p1a: Moltres\n|-damage|p1a: Moltres|193/281\n|\n|-weather|Hail|[upkeep]\n|-damage|p1a: Moltres|176/281|[from] Hail\n|-heal|p1a: Moltres|193/281|[from] item: Leftovers\n|upkeep\n|turn|8\n|\n|t:|1769810711\n|switch|p2a: Tapu Fini|Tapu Fini, L80|243/243\n|-fieldstart|move: Misty Terrain|[from] ability: Misty Surge|[of] p2a: Tapu Fini\n|move|p1a: Moltres|Roost|p1a: Moltres\n|-heal|p1a: Moltres|281/281\n|-singleturn|p1a: Moltres|move: Roost\n|\n|-weather|Hail|[upkeep]\n|-damage|p1a: Moltres|264/281|[from] Hail\n|-damage|p2a: Tapu Fini|228/243|[from] Hail\n|-heal|p1a: Moltres|281/281|[from] item: Leftovers\n|-heal|p2a: Tapu Fini|243/243|[from] item: Leftovers\n|upkeep\n|turn|9\n|\n|t:|1769810740\n|switch|p1a: Amoonguss|Amoonguss, L83, F|325/325\n|move|p2a: Tapu Fini|Calm Mind|p2a: Tapu Fini\n|-boost|p2a: Tapu Fini|spa|1\n|-boost|p2a: Tapu Fini|spd|1\n|\n|-weather|none\n|upkeep\n|turn|10\n|\n|t:|1769810744\n|move|p2a: Tapu Fini|Calm Mind|p2a: Tapu Fini\n|-boost|p2a: Tapu Fini|spa|1\n|-boost|p2a: Tapu Fini|spd|1\n|move|p1a: Amoonguss|Sludge Bomb|p2a: Tapu Fini\n|-supereffective|p2a: Tapu Fini\n|-damage|p2a: Tapu Fini|210/243\n|\n|-heal|p2a: Tapu Fini|225/243|[from] item: Leftovers\n|upkeep\n|turn|11\n|\n|t:|1769810748\n|move|p2a: Tapu Fini|Ice Beam|p1a: Amoonguss\n|-supereffective|p1a: Amoonguss\n|-damage|p1a: Amoonguss|63/325\n|move|p1a: Amoonguss|Sludge Bomb|p2a: Tapu Fini\n|-supereffective|p2a: Tapu Fini\n|-damage|p2a: Tapu Fini|194/243\n|\n|-heal|p2a: Tapu Fini|209/243|[from] item: Leftovers\n|upkeep\n|turn|12\n|\n|t:|1769810752\n|move|p2a: Tapu Fini|Ice Beam|p1a: Amoonguss\n|-supereffective|p1a: Amoonguss\n|-damage|p1a: Amoonguss|0 fnt\n|faint|p1a: Amoonguss\n|\n|-heal|p2a: Tapu Fini|224/243|[from] item: Leftovers\n|-fieldend|Misty Terrain\n|upkeep\n|\n|t:|1769810757\n|switch|p1a: Watchog|Watchog, L96, M|271/271\n|turn|13\n|\n|t:|1769810761\n|move|p1a: Watchog|Hypnosis|p2a: Tapu Fini\n|-message|Sleep Clause Mod activated.\n|-hint|Sleep Clause Mod prevents players from putting more than one of their opponent's Pokémon to sleep at a time\n|move|p2a: Tapu Fini|Surf|p1a: Watchog\n|-damage|p1a: Watchog|97/271\n|\n|-heal|p1a: Watchog|113/271|[from] item: Leftovers\n|-heal|p2a: Tapu Fini|239/243|[from] item: Leftovers\n|-sideend|p2: MimikyuTrainerAsh|move: Aurora Veil\n|upkeep\n|turn|14\n|\n|t:|1769810766\n|move|p1a: Watchog|Hypnosis|p2a: Tapu Fini\n|-message|Sleep Clause Mod activated.\n|-hint|Sleep Clause Mod prevents players from putting more than one of their opponent's Pokémon to sleep at a time\n|move|p2a: Tapu Fini|Moonblast|p1a: Watchog\n|-damage|p1a: Watchog|0 fnt\n|faint|p1a: Watchog\n|\n|-heal|p2a: Tapu Fini|243/243|[from] item: Leftovers\n|upkeep\n|c|☆MimikyuTrainerAsh|buddy\n|c|☆MimikyuTrainerAsh|READ\n|\n|t:|1769810775\n|switch|p1a: Sigilyph|Sigilyph, L85, M|261/261\n|turn|15\n|\n|t:|1769810778\n|move|p1a: Sigilyph|Psyshock|p2a: Tapu Fini\n|-damage|p2a: Tapu Fini|142/243\n|move|p2a: Tapu Fini|Calm Mind|p2a: Tapu Fini\n|-boost|p2a: Tapu Fini|spa|1\n|-boost|p2a: Tapu Fini|spd|1\n|\n|-heal|p2a: Tapu Fini|157/243|[from] item: Leftovers\n|upkeep\n|turn|16\n|\n|t:|1769810783\n|move|p1a: Sigilyph|Psyshock|p2a: Tapu Fini\n|-damage|p2a: Tapu Fini|47/243\n|move|p2a: Tapu Fini|Ice Beam|p1a: Sigilyph\n|-supereffective|p1a: Sigilyph\n|-damage|p1a: Sigilyph|0 fnt\n|faint|p1a: Sigilyph\n|\n|-heal|p2a: Tapu Fini|62/243|[from] item: Leftovers\n|upkeep\n|\n|t:|1769810786\n|switch|p1a: Moltres|Moltres, L82|281/281\n|turn|17\n|\n|t:|1769810789\n|move|p1a: Moltres|Hurricane|p2a: Tapu Fini\n|-damage|p2a: Tapu Fini|20/243\n|move|p2a: Tapu Fini|Surf|p1a: Moltres\n|-supereffective|p1a: Moltres\n|-damage|p1a: Moltres|0 fnt\n|faint|p1a: Moltres\n|\n|-heal|p2a: Tapu Fini|35/243|[from] item: Leftovers\n|upkeep\n|\n|t:|1769810793\n|switch|p1a: Giratina|Giratina, L76|353/353\n|-ability|p1a: Giratina|Pressure\n|turn|18\n|\n|t:|1769810796\n|move|p2a: Tapu Fini|Moonblast|p1a: Giratina\n|-supereffective|p1a: Giratina\n|-damage|p1a: Giratina|0 fnt\n|faint|p1a: Giratina\n|\n|win|MimikyuTrainerAsh\n|raw|WillisTurtle's rating: 1604 &rarr; <strong>1589</strong><br />(-15 for losing)\n|raw|MimikyuTrainerAsh's rating: 1697 &rarr; <strong>1712</strong><br />(+15 for winning)\n", "inputlog": ">version b99ff0165a6231f17e8b78c2a78d1998375de664\n>start {\"formatid\":\"gen7randombattle\",\"seed\":\"sodium,19862234443fbeffd9847d5a3128fa8c\",\"rated\":\"Rated battle\"}\n>player p1 {\"name\":\"WillisTurtle\",\"avatar\":\"1\",\"rating\":1604,\"seed\":\"sodium,75e922f59e5ca2e6e0af34dd9fe6ae88\"}\n>player p2 {\"name\":\"MimikyuTrainerAsh\",\"avatar\":\"pokekid\",\"rating\":1697,\"seed\":\"sodium,60c24f905acc2a78ed7f42d7a07bd905\"}\n>p1 move hypnosis\n>p2 move knockoff\n>p1 move nastyplot\n>p2 switch 5\n>p1 move darkpulse zmove\n>p2 move return\n>chat ☆MimikyuTrainerAsh|all that for an unfezant?\n>p2 switch 6\n>p1 move sludgebomb\n>p2 move closecombat\n>p1 switch 6\n>p1 move psyshock\n>p2 switch 3\n>p1 move psyshock\n>p2 move auroraveil\n>p1 switch 5\n>p2 move blizzard\n>p1 move roost\n>p2 switch 2\n>p1 switch 3\n>p2 move calmmind\n>p1 move sludgebomb\n>p2 move calmmind\n>p1 move sludgebomb\n>p2 move icebeam\n>p1 move sludgebomb\n>p2 move icebeam\n>p1 switch 2\n>p1 move hypnosis\n>p2 move surf\n>p1 move hypnosis\n>p2 move moonblast\n>chat ☆MimikyuTrainerAsh|buddy\n>chat ☆MimikyuTrainerAsh|READ\n>p1 switch 5\n>p1 move psyshock\n>p2 move calmmind\n>p1 move psyshock\n>p2 move icebeam\n>p1 switch 3\n>p1 move hurricane\n>p2 move surf\n>p1 switch 4\n>p1 move shadowball\n>p2 move moonblast", "uploadtime": 1769810803, "views": 186, "formatid": "gen7randombattle", "rating": 1589, "private": 0, "password": null}