{"id": "gen7randombattle-2525191451", "format": "[Gen 7] Random Battle", "players": ["aurora ltd", "may/gen3"], "log": "|j|☆aurora ltd\n|j|☆may/gen3\n|t:|1769245658\n|gametype|singles\n|player|p1|aurora ltd|silver-gen2kanto|1545\n|player|p2|may/gen3|may|1752\n|gen|7\n|tier|[Gen 7] Random Battle\n|rated|\n|rule|Sleep Clause Mod: Limit one foe put to sleep\n|rule|HP Percentage Mod: HP is shown in percentages\n|rule|Illusion Level Mod: Illusion disguises the Pokémon's true level\n|\n|t:|1769245658\n|teamsize|p1|6\n|teamsize|p2|6\n|start\n|switch|p1a: Espeon|Espeon, L83, F|244/244\n|switch|p2a: Unfezant|Unfezant, L88, M|283/283\n|turn|1\n|inactive|Battle timer is ON: inactive players will automatically lose when time's up. (requested by may/gen3)\n|\n|t:|1769245691\n|move|p1a: Espeon|Psychic|p2a: Unfezant\n|-damage|p2a: Unfezant|91/283\n|-unboost|p2a: Unfezant|spd|1\n|-damage|p1a: Espeon|220/244|[from] item: Life Orb\n|move|p2a: Unfezant|Night Slash|p1a: Espeon\n|-supereffective|p1a: Espeon\n|-crit|p1a: Espeon\n|-damage|p1a: Espeon|0 fnt\n|faint|p1a: Espeon\n|\n|upkeep\n|inactive|aurora ltd has 120 seconds left.\n|\n|t:|1769245731\n|switch|p1a: Nihilego|Nihilego, L79|302/302\n|-item|p1a: Nihilego|Air Balloon\n|turn|2\n|\n|t:|1769245746\n|switch|p2a: Togedemaru|Togedemaru, L86, M|252/252\n|move|p1a: Nihilego|Sludge Wave|p2a: Togedemaru\n|-immune|p2a: Togedemaru\n|\n|upkeep\n|turn|3\n|inactive|aurora ltd has 120 seconds left.\n|\n|t:|1769245778\n|switch|p1a: Lanturn|Lanturn, L89, F|367/367\n|move|p2a: Togedemaru|Iron Head|p1a: Lanturn\n|-resisted|p1a: Lanturn\n|-damage|p1a: Lanturn|339/367\n|\n|-heal|p1a: Lanturn|361/367|[from] item: Leftovers\n|upkeep\n|turn|4\n|inactive|aurora ltd has 120 seconds left.\n|\n|t:|1769245786\n|switch|p2a: Dhelmise|Dhelmise, L91|275/275\n|move|p1a: Lanturn|Scald|p2a: Dhelmise\n|-resisted|p2a: Dhelmise\n|-damage|p2a: Dhelmise|242/275\n|\n|-heal|p1a: Lanturn|367/367|[from] item: Leftovers\n|upkeep\n|turn|5\n|inactive|aurora ltd has 120 seconds left.\n|\n|t:|1769245812\n|switch|p1a: Venusaur|Venusaur, L78, M|253/253\n|move|p2a: Dhelmise|Power Whip|p1a: Venusaur\n|-resisted|p1a: Venusaur\n|-damage|p1a: Venusaur|189/253\n|-damage|p2a: Dhelmise|215/275|[from] item: Life Orb\n|\n|upkeep\n|turn|6\n|\n|t:|1769245823\n|switch|p2a: Togedemaru|Togedemaru, L86, M|252/252\n|detailschange|p1a: Venusaur|Venusaur-Mega, L78, M\n|-mega|p1a: Venusaur|Venusaur|Venusaurite\n|move|p1a: Venusaur|Knock Off|p2a: Togedemaru\n|-damage|p2a: Togedemaru|177/252\n|-damage|p1a: Venusaur|158/253|[from] ability: Iron Barbs|[of] p2a: Togedemaru\n|-enditem|p2a: Togedemaru|Leftovers|[from] move: Knock Off|[of] p1a: Venusaur\n|\n|upkeep\n|turn|7\n|\n|t:|1769245837\n|switch|p2a: Unfezant|Unfezant, L88, M|91/283\n|switch|p1a: Lanturn|Lanturn, L89, F|367/367\n|\n|upkeep\n|turn|8\n|\n|t:|1769245861\n|move|p2a: Unfezant|Return|p1a: Lanturn\n|-damage|p1a: Lanturn|199/367\n|move|p1a: Lanturn|Volt Switch|p2a: Unfezant\n|-supereffective|p2a: Unfezant\n|-damage|p2a: Unfezant|0 fnt\n|faint|p2a: Unfezant\n|inactive|aurora ltd has 90 seconds left.\n|\n|t:|1769245876\n|switch|p1a: Sawsbuck|Sawsbuck-Winter, L88, M|283/283|[from] Volt Switch\n|\n|upkeep\n|\n|t:|1769245890\n|switch|p2a: Lopunny|Lopunny, L77, F|227/227\n|turn|9\n|inactive|aurora ltd has 90 seconds left.\n|\n|t:|1769245912\n|switch|p1a: Venusaur|Venusaur-Mega, L78, M|158/253\n|detailschange|p2a: Lopunny|Lopunny-Mega, L77, F\n|-mega|p2a: Lopunny|Lopunny|Lopunnite\n|move|p2a: Lopunny|High Jump Kick|p1a: Venusaur\n|-resisted|p1a: Venusaur\n|-damage|p1a: Venusaur|98/253\n|\n|upkeep\n|turn|10\n|inactive|aurora ltd has 90 seconds left.\n|\n|t:|1769245931\n|move|p2a: Lopunny|Return|p1a: Venusaur\n|-damage|p1a: Venusaur|1/253\n|move|p1a: Venusaur|Synthesis|p1a: Venusaur\n|-heal|p1a: Venusaur|127/253\n|\n|upkeep\n|turn|11\n|\n|t:|1769245938\n|switch|p2a: Dhelmise|Dhelmise, L91|215/275\n|move|p1a: Venusaur|Synthesis|p1a: Venusaur\n|-heal|p1a: Venusaur|253/253\n|\n|upkeep\n|turn|12\n|inactive|aurora ltd has 90 seconds left.\n|\n|t:|1769245946\n|move|p1a: Venusaur|Knock Off|p2a: Dhelmise\n|-supereffective|p2a: Dhelmise\n|-damage|p2a: Dhelmise|109/275\n|-enditem|p2a: Dhelmise|Life Orb|[from] move: Knock Off|[of] p1a: Venusaur\n|move|p2a: Dhelmise|Anchor Shot|p1a: Venusaur\n|-damage|p1a: Venusaur|146/253\n|-activate|p1a: Venusaur|trapped\n|\n|upkeep\n|turn|13\n|inactive|aurora ltd has 90 seconds left.\n|\n|t:|1769245963\n|move|p1a: Venusaur|Knock Off|p2a: Dhelmise\n|-supereffective|p2a: Dhelmise\n|-damage|p2a: Dhelmise|45/275\n|move|p2a: Dhelmise|Synthesis|p2a: Dhelmise\n|-heal|p2a: Dhelmise|182/275\n|\n|upkeep\n|turn|14\n|inactive|aurora ltd has 90 seconds left.\n|\n|t:|1769245969\n|move|p1a: Venusaur|Knock Off|p2a: Dhelmise\n|-supereffective|p2a: Dhelmise\n|-damage|p2a: Dhelmise|110/275\n|move|p2a: Dhelmise|Synthesis|p2a: Dhelmise\n|-heal|p2a: Dhelmise|247/275\n|\n|upkeep\n|turn|15\n|\n|t:|1769245974\n|move|p1a: Venusaur|Knock Off|p2a: Dhelmise\n|-supereffective|p2a: Dhelmise\n|-damage|p2a: Dhelmise|177/275\n|move|p2a: Dhelmise|Anchor Shot|p1a: Venusaur\n|-damage|p1a: Venusaur|40/253\n|\n|upkeep\n|turn|16\n|\n|t:|1769245980\n|move|p1a: Venusaur|Synthesis|p1a: Venusaur\n|-heal|p1a: Venusaur|166/253\n|move|p2a: Dhelmise|Anchor Shot|p1a: Venusaur\n|-damage|p1a: Venusaur|69/253\n|\n|upkeep\n|turn|17\n|\n|t:|1769245985\n|move|p1a: Venusaur|Synthesis|p1a: Venusaur\n|-heal|p1a: Venusaur|195/253\n|move|p2a: Dhelmise|Anchor Shot|p1a: Venusaur\n|-crit|p1a: Venusaur\n|-damage|p1a: Venusaur|33/253\n|\n|upkeep\n|turn|18\n|\n|t:|1769245991\n|move|p1a: Venusaur|Synthesis|p1a: Venusaur\n|-heal|p1a: Venusaur|159/253\n|move|p2a: Dhelmise|Anchor Shot|p1a: Venusaur\n|-damage|p1a: Venusaur|57/253\n|\n|upkeep\n|turn|19\n|\n|t:|1769245996\n|move|p1a: Venusaur|Synthesis|p1a: Venusaur\n|-heal|p1a: Venusaur|183/253\n|move|p2a: Dhelmise|Anchor Shot|p1a: Venusaur\n|-damage|p1a: Venusaur|76/253\n|\n|upkeep\n|turn|20\n|inactive|aurora ltd has 120 seconds left.\n|\n|t:|1769246003\n|move|p1a: Venusaur|Synthesis|p1a: Venusaur\n|-heal|p1a: Venusaur|202/253\n|move|p2a: Dhelmise|Anchor Shot|p1a: Venusaur\n|-damage|p1a: Venusaur|91/253\n|\n|upkeep\n|turn|21\n|\n|t:|1769246008\n|move|p1a: Venusaur|Synthesis|p1a: Venusaur\n|-heal|p1a: Venusaur|217/253\n|move|p2a: Dhelmise|Anchor Shot|p1a: Venusaur\n|-damage|p1a: Venusaur|114/253\n|\n|upkeep\n|turn|22\n|\n|t:|1769246016\n|move|p1a: Venusaur|Knock Off|p2a: Dhelmise\n|-supereffective|p2a: Dhelmise\n|-damage|p2a: Dhelmise|111/275\n|move|p2a: Dhelmise|Anchor Shot|p1a: Venusaur\n|-damage|p1a: Venusaur|13/253\n|\n|upkeep\n|turn|23\n|\n|t:|1769246022\n|move|p1a: Venusaur|Knock Off|p2a: Dhelmise\n|-supereffective|p2a: Dhelmise\n|-damage|p2a: Dhelmise|37/275\n|move|p2a: Dhelmise|Anchor Shot|p1a: Venusaur\n|-damage|p1a: Venusaur|0 fnt\n|faint|p1a: Venusaur\n|detailschange|p1: Venusaur|Venusaur, L78, M|[silent]\n|\n|upkeep\n|inactive|aurora ltd has 120 seconds left.\n|\n|t:|1769246045\n|switch|p1a: Nihilego|Nihilego, L79|302/302\n|-item|p1a: Nihilego|Air Balloon\n|turn|24\n|\n|t:|1769246054\n|switch|p2a: Togedemaru|Togedemaru, L86, M|177/252\n|move|p1a: Nihilego|Power Gem|p2a: Togedemaru\n|-resisted|p2a: Togedemaru\n|-damage|p2a: Togedemaru|126/252\n|\n|upkeep\n|turn|25\n|\n|t:|1769246064\n|move|p2a: Togedemaru|Wish|p2a: Togedemaru\n|move|p1a: Nihilego|Hidden Power|p2a: Togedemaru\n|-supereffective|p2a: Togedemaru\n|-damage|p2a: Togedemaru|0 fnt\n|faint|p2a: Togedemaru\n|-ability|p1a: Nihilego|Beast Boost|boost\n|-boost|p1a: Nihilego|spa|1\n|\n|upkeep\n|\n|t:|1769246071\n|switch|p2a: Manaphy|Manaphy, L77|281/281\n|turn|26\n|inactive|aurora ltd has 120 seconds left.\n|\n|t:|1769246098\n|move|p1a: Nihilego|Sludge Wave|p2a: Manaphy\n|-damage|p2a: Manaphy|113/281\n|-zpower|p2a: Manaphy\n|move|p2a: Manaphy|Hydro Vortex|p1a: Nihilego|[zeffect]\n|-supereffective|p1a: Nihilego\n|-damage|p1a: Nihilego|56/302\n|-enditem|p1a: Nihilego|Air Balloon\n|\n|-heal|p2a: Manaphy|239/281|[from] move: Wish|[wisher] Togedemaru\n|upkeep\n|turn|27\n|inactive|aurora ltd has 120 seconds left.\n|\n|t:|1769246110\n|move|p1a: Nihilego|Sludge Wave|p2a: Manaphy\n|-damage|p2a: Manaphy|67/281\n|move|p2a: Manaphy|Surf|p1a: Nihilego\n|-supereffective|p1a: Nihilego\n|-crit|p1a: Nihilego\n|-damage|p1a: Nihilego|0 fnt\n|faint|p1a: Nihilego\n|\n|upkeep\n|inactive|aurora ltd has 120 seconds left.\n|\n|t:|1769246127\n|switch|p1a: Lanturn|Lanturn, L89, F|199/367\n|turn|28\n|\n|t:|1769246131\n|move|p2a: Manaphy|Energy Ball|p1a: Lanturn\n|-supereffective|p1a: Lanturn\n|-damage|p1a: Lanturn|85/367\n|move|p1a: Lanturn|Thunderbolt|p2a: Manaphy\n|-supereffective|p2a: Manaphy\n|-damage|p2a: Manaphy|0 fnt\n|faint|p2a: Manaphy\n|\n|-heal|p1a: Lanturn|107/367|[from] item: Leftovers\n|upkeep\n|\n|t:|1769246136\n|switch|p2a: Lopunny|Lopunny-Mega, L77, F|227/227\n|turn|29\n|\n|t:|1769246144\n|move|p2a: Lopunny|Fake Out|p1a: Lanturn\n|-damage|p1a: Lanturn|50/367\n|cant|p1a: Lanturn|flinch\n|\n|-heal|p1a: Lanturn|72/367|[from] item: Leftovers\n|upkeep\n|turn|30\n|\n|t:|1769246150\n|move|p2a: Lopunny|Return|p1a: Lanturn\n|-damage|p1a: Lanturn|0 fnt\n|faint|p1a: Lanturn\n|\n|upkeep\n|\n|t:|1769246155\n|switch|p1a: Mantine|Mantine, L87, M|290/290\n|turn|31\n|\n|t:|1769246159\n|switch|p2a: Dhelmise|Dhelmise, L91|37/275\n|move|p1a: Mantine|Scald|p2a: Dhelmise\n|-resisted|p2a: Dhelmise\n|-damage|p2a: Dhelmise|0 fnt\n|faint|p2a: Dhelmise\n|\n|upkeep\n|\n|t:|1769246164\n|switch|p2a: Avalugg|Avalugg, L90, M|317/317\n|turn|32\n|\n|t:|1769246172\n|move|p1a: Mantine|Scald|p2a: Avalugg\n|-damage|p2a: Avalugg|203/317\n|move|p2a: Avalugg|Avalanche|p1a: Mantine\n|-damage|p1a: Mantine|91/290\n|\n|-heal|p1a: Mantine|109/290|[from] item: Leftovers\n|-heal|p2a: Avalugg|222/317|[from] item: Leftovers\n|upkeep\n|turn|33\n|\n|t:|1769246182\n|move|p1a: Mantine|Roost|p1a: Mantine\n|-heal|p1a: Mantine|254/290\n|-singleturn|p1a: Mantine|move: Roost\n|move|p2a: Avalugg|Avalanche|p1a: Mantine\n|-resisted|p1a: Mantine\n|-damage|p1a: Mantine|209/290\n|\n|-heal|p1a: Mantine|227/290|[from] item: Leftovers\n|-heal|p2a: Avalugg|241/317|[from] item: Leftovers\n|upkeep\n|turn|34\n|\n|t:|1769246191\n|move|p1a: Mantine|Scald|p2a: Avalugg\n|-damage|p2a: Avalugg|126/317\n|move|p2a: Avalugg|Avalanche|p1a: Mantine\n|-damage|p1a: Mantine|32/290\n|\n|-heal|p1a: Mantine|50/290|[from] item: Leftovers\n|-heal|p2a: Avalugg|145/317|[from] item: Leftovers\n|upkeep\n|turn|35\n|\n|t:|1769246199\n|move|p1a: Mantine|Roost|p1a: Mantine\n|-heal|p1a: Mantine|195/290\n|-singleturn|p1a: Mantine|move: Roost\n|move|p2a: Avalugg|Earthquake|p1a: Mantine\n|-damage|p1a: Mantine|78/290\n|\n|-heal|p1a: Mantine|96/290|[from] item: Leftovers\n|-heal|p2a: Avalugg|164/317|[from] item: Leftovers\n|upkeep\n|turn|36\n|\n|t:|1769246208\n|move|p1a: Mantine|Roost|p1a: Mantine\n|-heal|p1a: Mantine|241/290\n|-singleturn|p1a: Mantine|move: Roost\n|move|p2a: Avalugg|Earthquake|p1a: Mantine\n|-crit|p1a: Mantine\n|-damage|p1a: Mantine|79/290\n|\n|-heal|p1a: Mantine|97/290|[from] item: Leftovers\n|-heal|p2a: Avalugg|183/317|[from] item: Leftovers\n|upkeep\n|turn|37\n|\n|t:|1769246218\n|move|p1a: Mantine|Roost|p1a: Mantine\n|-heal|p1a: Mantine|242/290\n|-singleturn|p1a: Mantine|move: Roost\n|move|p2a: Avalugg|Avalanche|p1a: Mantine\n|-resisted|p1a: Mantine\n|-damage|p1a: Mantine|197/290\n|\n|-heal|p1a: Mantine|215/290|[from] item: Leftovers\n|-heal|p2a: Avalugg|202/317|[from] item: Leftovers\n|upkeep\n|turn|38\n|\n|t:|1769246228\n|move|p1a: Mantine|Scald|p2a: Avalugg\n|-damage|p2a: Avalugg|91/317\n|move|p2a: Avalugg|Avalanche|p1a: Mantine\n|-damage|p1a: Mantine|5/290\n|\n|-heal|p1a: Mantine|23/290|[from] item: Leftovers\n|-heal|p2a: Avalugg|110/317|[from] item: Leftovers\n|upkeep\n|turn|39\n|\n|t:|1769246237\n|move|p1a: Mantine|Roost|p1a: Mantine\n|-heal|p1a: Mantine|168/290\n|-singleturn|p1a: Mantine|move: Roost\n|move|p2a: Avalugg|Earthquake|p1a: Mantine\n|-damage|p1a: Mantine|68/290\n|\n|-heal|p1a: Mantine|86/290|[from] item: Leftovers\n|-heal|p2a: Avalugg|129/317|[from] item: Leftovers\n|upkeep\n|turn|40\n|\n|t:|1769246245\n|move|p1a: Mantine|Roost|p1a: Mantine\n|-heal|p1a: Mantine|231/290\n|-singleturn|p1a: Mantine|move: Roost\n|move|p2a: Avalugg|Earthquake|p1a: Mantine\n|-damage|p1a: Mantine|125/290\n|\n|-heal|p1a: Mantine|143/290|[from] item: Leftovers\n|-heal|p2a: Avalugg|148/317|[from] item: Leftovers\n|upkeep\n|turn|41\n|\n|t:|1769246253\n|move|p1a: Mantine|Roost|p1a: Mantine\n|-heal|p1a: Mantine|288/290\n|-singleturn|p1a: Mantine|move: Roost\n|move|p2a: Avalugg|Earthquake|p1a: Mantine\n|-damage|p1a: Mantine|177/290\n|\n|-heal|p1a: Mantine|195/290|[from] item: Leftovers\n|-heal|p2a: Avalugg|167/317|[from] item: Leftovers\n|upkeep\n|turn|42\n|\n|t:|1769246273\n|move|p1a: Mantine|Roost|p1a: Mantine\n|-heal|p1a: Mantine|290/290\n|-singleturn|p1a: Mantine|move: Roost\n|move|p2a: Avalugg|Avalanche|p1a: Mantine\n|-resisted|p1a: Mantine\n|-damage|p1a: Mantine|245/290\n|\n|-heal|p1a: Mantine|263/290|[from] item: Leftovers\n|-heal|p2a: Avalugg|186/317|[from] item: Leftovers\n|upkeep\n|turn|43\n|\n|t:|1769246282\n|move|p1a: Mantine|Scald|p2a: Avalugg\n|-damage|p2a: Avalugg|72/317\n|move|p2a: Avalugg|Avalanche|p1a: Mantine\n|-damage|p1a: Mantine|58/290\n|\n|-heal|p1a: Mantine|76/290|[from] item: Leftovers\n|-heal|p2a: Avalugg|91/317|[from] item: Leftovers\n|upkeep\n|turn|44\n|\n|t:|1769246292\n|switch|p2a: Lopunny|Lopunny-Mega, L77, F|227/227\n|move|p1a: Mantine|Roost|p1a: Mantine\n|-heal|p1a: Mantine|221/290\n|-singleturn|p1a: Mantine|move: Roost\n|\n|-heal|p1a: Mantine|239/290|[from] item: Leftovers\n|upkeep\n|turn|45\n|\n|t:|1769246300\n|move|p2a: Lopunny|Fake Out|p1a: Mantine\n|-damage|p1a: Mantine|188/290\n|cant|p1a: Mantine|flinch\n|\n|-heal|p1a: Mantine|206/290|[from] item: Leftovers\n|upkeep\n|turn|46\n|\n|t:|1769246306\n|move|p2a: Lopunny|Return|p1a: Mantine\n|-damage|p1a: Mantine|64/290\n|move|p1a: Mantine|Scald|p2a: Lopunny\n|-crit|p2a: Lopunny\n|-damage|p2a: Lopunny|100/227\n|\n|-heal|p1a: Mantine|82/290|[from] item: Leftovers\n|upkeep\n|turn|47\n|\n|t:|1769246315\n|move|p2a: Lopunny|Return|p1a: Mantine\n|-damage|p1a: Mantine|0 fnt\n|faint|p1a: Mantine\n|\n|upkeep\n|\n|t:|1769246322\n|switch|p1a: Sawsbuck|Sawsbuck-Winter, L88, M|283/283\n|turn|48\n|\n|t:|1769246344\n|move|p2a: Lopunny|High Jump Kick|p1a: Sawsbuck\n|-supereffective|p1a: Sawsbuck\n|-damage|p1a: Sawsbuck|0 fnt\n|faint|p1a: Sawsbuck\n|\n|win|may/gen3\n|raw|aurora ltd's rating: 1545 &rarr; <strong>1536</strong><br />(-9 for losing)\n|raw|may&#x2f;gen3's rating: 1752 &rarr; <strong>1761</strong><br />(+9 for winning)\n", "inputlog": ">version b99ff0165a6231f17e8b78c2a78d1998375de664\n>start {\"formatid\":\"gen7randombattle\",\"seed\":\"sodium,4fbc4ef23a9622bda407c909dfe7a478\",\"rated\":\"Rated battle\"}\n>player p1 {\"name\":\"aurora ltd\",\"avatar\":\"silver-gen2kanto\",\"rating\":1545,\"seed\":\"sodium,96a15035b50bf9261b730f43598e5b5d\"}\n>player p2 {\"name\":\"may/gen3\",\"avatar\":\"may\",\"rating\":1752,\"seed\":\"sodium,21e17c2caded1e28ec4adf73921cb9f2\"}\n>p1 move psychic\n>p2 move nightslash\n>p1 switch 2\n>p1 move sludgewave\n>p2 switch 5\n>p1 switch 3\n>p2 move ironhead\n>p1 move scald\n>p2 switch 6\n>p1 switch 5\n>p2 move powerwhip\n>p1 move knockoff mega\n>p2 switch 6\n>p1 switch 5\n>p2 switch 5\n>p1 move voltswitch\n>p2 move return\n>p1 switch 6\n>p2 switch 3\n>p1 switch 5\n>p2 move highjumpkick mega\n>p1 move synthesis\n>p2 move return\n>p1 move synthesis\n>p2 switch 6\n>p1 move knockoff\n>p2 move anchorshot\n>p1 move knockoff\n>p2 move synthesis\n>p1 move knockoff\n>p2 move synthesis\n>p1 move knockoff\n>p2 move anchorshot\n>p1 move synthesis\n>p2 move anchorshot\n>p1 move synthesis\n>p2 move anchorshot\n>p1 move synthesis\n>p2 move anchorshot\n>p1 move synthesis\n>p2 move anchorshot\n>p1 move synthesis\n>p2 move anchorshot\n>p1 move synthesis\n>p2 move anchorshot\n>p1 move knockoff\n>p2 move anchorshot\n>p1 move knockoff\n>p2 move anchorshot\n>p1 switch 3\n>p1 move powergem\n>p2 switch 5\n>p1 move hiddenpower\n>p2 move wish\n>p2 switch 2\n>p1 move sludgewave\n>p2 move surf zmove\n>p1 move sludgewave\n>p2 move surf\n>p1 switch 6\n>p1 move thunderbolt\n>p2 move energyball\n>p2 switch 6\n>p1 move scald\n>p2 move fakeout\n>p1 move scald\n>p2 move return\n>p1 switch 4\n>p1 move scald\n>p2 switch 5\n>p2 switch 4\n>p1 move scald\n>p2 move avalanche\n>p1 move roost\n>p2 move avalanche\n>p1 move scald\n>p2 move avalanche\n>p1 move roost\n>p2 move earthquake\n>p1 move roost\n>p2 move earthquake\n>p1 move roost\n>p2 move avalanche\n>p1 move scald\n>p2 move avalanche\n>p1 move roost\n>p2 move earthquake\n>p1 move roost\n>p2 move earthquake\n>p1 move roost\n>p2 move earthquake\n>p1 move roost\n>p2 move avalanche\n>p1 move scald\n>p2 move avalanche\n>p1 move roost\n>p2 switch 5\n>p1 move scald\n>p2 move fakeout\n>p1 move scald\n>p2 move return\n>p1 move roost\n>p2 move return\n>p1 switch 5\n>p1 move return\n>p2 move highjumpkick", "uploadtime": 1769246348, "views": 276, "formatid": "gen7randombattle", "rating": 1536, "private": 0, "password": null}