{"id": "gen7randombattle-2528571518", "format": "[Gen 7] Random Battle", "players": ["may/gen3", "leodang"], "log": "|j|☆may/gen3\n|j|☆leodang\n|t:|1769679087\n|gametype|singles\n|player|p1|may/gen3|may|1736\n|player|p2|leodang|akari|1653\n|gen|7\n|tier|[Gen 7] Random Battle\n|rated|\n|rule|Sleep Clause Mod: Limit one foe put to sleep\n|rule|HP Percentage Mod: HP is shown in percentages\n|rule|Illusion Level Mod: Illusion disguises the Pokémon's true level\n|\n|t:|1769679087\n|teamsize|p1|6\n|teamsize|p2|6\n|start\n|switch|p1a: Pikachu|Pikachu, L93, F|216/216\n|switch|p2a: Skarmory|Skarmory, L75, M|221/221\n|turn|1\n|inactive|Battle timer is ON: inactive players will automatically lose when time's up. (requested by leodang)\n|\n|t:|1769679108\n|move|p1a: Pikachu|Surf|p2a: Skarmory\n|-crit|p2a: Skarmory\n|-damage|p2a: Skarmory|43/221\n|move|p2a: Skarmory|Spikes|p1a: Pikachu\n|-sidestart|p1: may/gen3|Spikes\n|\n|upkeep\n|turn|2\n|\n|t:|1769679115\n|switch|p2a: Carbink|Carbink, L92|241/241\n|move|p1a: Pikachu|Surf|p2a: Carbink\n|-supereffective|p2a: Carbink\n|-damage|p2a: Carbink|125/241\n|\n|upkeep\n|turn|3\n|\n|t:|1769679123\n|move|p1a: Pikachu|Surf|p2a: Carbink\n|-supereffective|p2a: Carbink\n|-damage|p2a: Carbink|1/241\n|move|p2a: Carbink|Reflect|p2a: Carbink\n|-sidestart|p2: leodang|Reflect\n|\n|upkeep\n|turn|4\n|\n|t:|1769679127\n|move|p1a: Pikachu|Surf|p2a: Carbink\n|-supereffective|p2a: Carbink\n|-damage|p2a: Carbink|0 fnt\n|faint|p2a: Carbink\n|\n|upkeep\n|\n|t:|1769679136\n|switch|p2a: Arceus|Arceus-Dragon, L72|292/292\n|turn|5\n|\n|t:|1769679143\n|switch|p1a: Granbull|Granbull, L89, M|305/305\n|-damage|p1a: Granbull|267/305|[from] Spikes\n|-ability|p1a: Granbull|Intimidate|boost\n|-unboost|p2a: Arceus|atk|1\n|move|p2a: Arceus|Swords Dance|p2a: Arceus\n|-boost|p2a: Arceus|atk|2\n|\n|-heal|p1a: Granbull|286/305|[from] item: Leftovers\n|upkeep\n|turn|6\n|\n|t:|1769679155\n|move|p2a: Arceus|Swords Dance|p2a: Arceus\n|-boost|p2a: Arceus|atk|2\n|move|p1a: Granbull|Thunder Wave|p2a: Arceus\n|-status|p2a: Arceus|par\n|\n|-heal|p1a: Granbull|305/305|[from] item: Leftovers\n|upkeep\n|turn|7\n|\n|t:|1769679162\n|move|p1a: Granbull|Play Rough|p2a: Arceus\n|-supereffective|p2a: Arceus\n|-damage|p2a: Arceus|181/292 par\n|move|p2a: Arceus|Earthquake|p1a: Granbull\n|-damage|p1a: Granbull|137/305\n|\n|-heal|p1a: Granbull|156/305|[from] item: Leftovers\n|upkeep\n|turn|8\n|\n|t:|1769679169\n|move|p1a: Granbull|Play Rough|p2a: Arceus\n|-supereffective|p2a: Arceus\n|-damage|p2a: Arceus|63/292 par\n|move|p2a: Arceus|Earthquake|p1a: Granbull\n|-damage|p1a: Granbull|0 fnt\n|faint|p1a: Granbull\n|\n|upkeep\n|\n|t:|1769679174\n|switch|p1a: Yveltal|Yveltal, L70|291/291\n|-ability|p1a: Yveltal|Dark Aura\n|turn|9\n|\n|t:|1769679181\n|move|p1a: Yveltal|Oblivion Wing|p2a: Arceus\n|-damage|p2a: Arceus|0 fnt\n|faint|p2a: Arceus\n|\n|upkeep\n|\n|t:|1769679189\n|switch|p2a: Ariados|Ariados, L92, F|278/278\n|turn|10\n|\n|t:|1769679197\n|move|p1a: Yveltal|Oblivion Wing|p2a: Ariados\n|-supereffective|p2a: Ariados\n|-damage|p2a: Ariados|110/278\n|move|p2a: Ariados|Sticky Web|p1a: Yveltal\n|-sidestart|p1: may/gen3|move: Sticky Web\n|\n|-heal|p2a: Ariados|127/278|[from] item: Black Sludge\n|-sideend|p2: leodang|Reflect\n|upkeep\n|turn|11\n|\n|t:|1769679204\n|switch|p2a: Goodra|Goodra, L85, M|292/292\n|move|p1a: Yveltal|Oblivion Wing|p2a: Goodra\n|-damage|p2a: Goodra|259/292\n|\n|upkeep\n|turn|12\n|\n|t:|1769679216\n|move|p2a: Goodra|Fire Blast|p1a: Yveltal\n|-damage|p1a: Yveltal|184/291\n|move|p1a: Yveltal|Knock Off|p2a: Goodra\n|-damage|p2a: Goodra|121/292\n|-enditem|p2a: Goodra|Assault Vest|[from] move: Knock Off|[of] p1a: Yveltal\n|\n|upkeep\n|turn|13\n|\n|t:|1769679244\n|move|p2a: Goodra|Draco Meteor|p1a: Yveltal\n|-damage|p1a: Yveltal|21/291\n|-unboost|p2a: Goodra|spa|2\n|move|p1a: Yveltal|Roost|p1a: Yveltal\n|-heal|p1a: Yveltal|167/291\n|-singleturn|p1a: Yveltal|move: Roost\n|\n|upkeep\n|turn|14\n|\n|t:|1769679255\n|switch|p2a: Ariados|Ariados, L92, F|127/278\n|move|p1a: Yveltal|Roost|p1a: Yveltal\n|-heal|p1a: Yveltal|291/291\n|-singleturn|p1a: Yveltal|move: Roost\n|\n|-heal|p2a: Ariados|144/278|[from] item: Black Sludge\n|upkeep\n|turn|15\n|\n|t:|1769679269\n|move|p2a: Ariados|Sucker Punch|p1a: Yveltal\n|-resisted|p1a: Yveltal\n|-damage|p1a: Yveltal|250/291\n|-damage|p2a: Ariados|98/278|[from] item: Rocky Helmet|[of] p1a: Yveltal\n|move|p1a: Yveltal|Oblivion Wing|p2a: Ariados\n|-supereffective|p2a: Ariados\n|-damage|p2a: Ariados|0 fnt\n|-heal|p1a: Yveltal|291/291|[from] drain|[of] p2a: Ariados\n|faint|p2a: Ariados\n|\n|upkeep\n|inactive|leodang has 120 seconds left.\n|-message|leodang forfeited.\n|\n|win|may/gen3\n|raw|may&#x2f;gen3's rating: 1736 &rarr; <strong>1751</strong><br />(+15 for winning)\n|raw|leodang's rating: 1653 &rarr; <strong>1638</strong><br />(-15 for losing)\n|l|☆leodang\n|player|p2|\n", "inputlog": ">version b99ff0165a6231f17e8b78c2a78d1998375de664\n>start {\"formatid\":\"gen7randombattle\",\"seed\":\"sodium,d5121c0129756f7f99f19cf9877d2830\",\"rated\":\"Rated battle\"}\n>player p1 {\"name\":\"may/gen3\",\"avatar\":\"may\",\"rating\":1736,\"seed\":\"sodium,4149dd2a2fa009b3f04822916cabd9c6\"}\n>player p2 {\"name\":\"leodang\",\"avatar\":\"akari\",\"rating\":1653,\"seed\":\"sodium,12d6e4bef31d88302c7e587725983da3\"}\n>p1 move surf\n>p2 move spikes\n>p1 move surf\n>p2 switch 4\n>p1 move surf\n>p2 move reflect\n>p1 move surf\n>p2 move lightscreen\n>p2 switch 5\n>p1 switch 3\n>p2 move swordsdance\n>p1 move thunderwave\n>p2 move swordsdance\n>p1 move playrough\n>p2 move earthquake\n>p1 move playrough\n>p2 move earthquake\n>p1 switch 2\n>p1 move oblivionwing\n>p2 move outrage zmove\n>p2 switch 6\n>p1 move oblivionwing\n>p2 move stickyweb\n>p1 move oblivionwing\n>p2 switch 2\n>p1 move knockoff\n>p2 move fireblast\n>p1 move roost\n>p2 move dracometeor\n>p1 move roost\n>p2 switch 2\n>p1 move oblivionwing\n>p2 move suckerpunch\n>forcelose p2", "uploadtime": 1769679289, "views": 160, "formatid": "gen7randombattle", "rating": 1638, "private": 0, "password": null}