{"id": "gen7randombattle-2538996946", "format": "[Gen 7] Random Battle", "players": ["idkimtrash", "Raaidn"], "log": "|j|☆idkimtrash\n|j|☆Raaidn\n|t:|1771001247\n|gametype|singles\n|player|p1|idkimtrash|ingo|1499\n|player|p2|Raaidn|102|1614\n|gen|7\n|tier|[Gen 7] Random Battle\n|rated|\n|rule|Sleep Clause Mod: Limit one foe put to sleep\n|rule|HP Percentage Mod: HP is shown in percentages\n|rule|Illusion Level Mod: Illusion disguises the Pokémon's true level\n|\n|t:|1771001247\n|teamsize|p1|6\n|teamsize|p2|6\n|start\n|switch|p1a: Buzzwole|Buzzwole, L79|299/299\n|switch|p2a: Aegislash|Aegislash, L77, F|219/219\n|turn|1\n|\n|t:|1771001262\n|switch|p2a: Mudsdale|Mudsdale, L83, M|302/302\n|move|p1a: Buzzwole|Earthquake|p2a: Mudsdale\n|-damage|p2a: Mudsdale|178/302\n|-ability|p2a: Mudsdale|Stamina|boost\n|-boost|p2a: Mudsdale|def|1\n|\n|-heal|p2a: Mudsdale|196/302|[from] item: Leftovers\n|upkeep\n|turn|2\n|\n|t:|1771001279\n|switch|p1a: Articuno|Articuno, L85|291/291\n|-ability|p1a: Articuno|Pressure\n|move|p2a: Mudsdale|Toxic|p1a: Articuno\n|-status|p1a: Articuno|tox\n|\n|-heal|p2a: Mudsdale|214/302|[from] item: Leftovers\n|-damage|p1a: Articuno|273/291 tox|[from] psn\n|upkeep\n|turn|3\n|\n|t:|1771001291\n|switch|p2a: Aegislash|Aegislash, L77, F|219/219\n|move|p1a: Articuno|Freeze-Dry|p2a: Aegislash\n|-resisted|p2a: Aegislash\n|-damage|p2a: Aegislash|191/219\n|\n|-heal|p1a: Articuno|291/291 tox|[from] item: Leftovers\n|-heal|p2a: Aegislash|204/219|[from] item: Leftovers\n|-damage|p1a: Articuno|255/291 tox|[from] psn\n|upkeep\n|turn|4\n|\n|t:|1771001306\n|switch|p1a: Dialga|Dialga, L74|270/270\n|-ability|p1a: Dialga|Pressure\n|-formechange|p2a: Aegislash|Aegislash-Blade||[from] ability: Stance Change\n|move|p2a: Aegislash|Iron Head|p1a: Dialga\n|-resisted|p1a: Dialga\n|-damage|p1a: Dialga|229/270\n|\n|-heal|p1a: Dialga|245/270|[from] item: Leftovers\n|-heal|p2a: Aegislash|217/219|[from] item: Leftovers\n|upkeep\n|turn|5\n|\n|t:|1771001331\n|switch|p2a: Drampa|Drampa, L91, F|290/290\n|move|p1a: Dialga|Stealth Rock|p2a: Drampa\n|-sidestart|p2: Raaidn|move: Stealth Rock\n|\n|-heal|p1a: Dialga|261/270|[from] item: Leftovers\n|upkeep\n|turn|6\n|\n|t:|1771001343\n|switch|p1a: Heatran|Heatran, L80, F|277/277\n|switch|p2a: Aegislash|Aegislash, L77, F|217/219\n|-damage|p2a: Aegislash|204/219|[from] Stealth Rock\n|\n|-heal|p2a: Aegislash|217/219|[from] item: Leftovers\n|upkeep\n|turn|7\n|\n|t:|1771001351\n|move|p2a: Aegislash|King's Shield|p2a: Aegislash\n|-singleturn|p2a: Aegislash|Protect\n|move|p1a: Heatran|Lava Plume|p2a: Aegislash\n|-activate|p2a: Aegislash|move: Protect\n|\n|-heal|p2a: Aegislash|219/219|[from] item: Leftovers\n|upkeep\n|turn|8\n|\n|t:|1771001356\n|switch|p2a: Drampa|Drampa, L91, F|290/290\n|-damage|p2a: Drampa|254/290|[from] Stealth Rock\n|move|p1a: Heatran|Toxic|p2a: Drampa\n|-status|p2a: Drampa|tox\n|\n|-heal|p2a: Drampa|272/290 tox|[from] item: Leftovers\n|-damage|p2a: Drampa|254/290 tox|[from] psn\n|upkeep\n|turn|9\n|\n|t:|1771001372\n|switch|p1a: Articuno|Articuno, L85|255/291 tox\n|-ability|p1a: Articuno|Pressure\n|move|p2a: Drampa|Draco Meteor|p1a: Articuno\n|-damage|p1a: Articuno|93/291 tox\n|-unboost|p2a: Drampa|spa|2\n|\n|-heal|p1a: Articuno|111/291 tox|[from] item: Leftovers\n|-heal|p2a: Drampa|272/290 tox|[from] item: Leftovers\n|-damage|p1a: Articuno|93/291 tox|[from] psn\n|-damage|p2a: Drampa|236/290 tox|[from] psn\n|upkeep\n|turn|10\n|\n|t:|1771001385\n|switch|p1a: Heatran|Heatran, L80, F|277/277\n|switch|p2a: Aegislash|Aegislash, L77, F|219/219\n|-damage|p2a: Aegislash|206/219|[from] Stealth Rock\n|\n|-heal|p2a: Aegislash|219/219|[from] item: Leftovers\n|upkeep\n|turn|11\n|\n|t:|1771001389\n|switch|p2a: Drampa|Drampa, L91, F|236/290 tox\n|-damage|p2a: Drampa|200/290 tox|[from] Stealth Rock\n|move|p1a: Heatran|Lava Plume|p2a: Drampa\n|-resisted|p2a: Drampa\n|-damage|p2a: Drampa|158/290 tox\n|\n|-heal|p2a: Drampa|176/290 tox|[from] item: Leftovers\n|-damage|p2a: Drampa|158/290 tox|[from] psn\n|upkeep\n|turn|12\n|\n|t:|1771001424\n|switch|p1a: Articuno|Articuno, L85|93/291 tox\n|-ability|p1a: Articuno|Pressure\n|move|p2a: Drampa|Hyper Voice|p1a: Articuno\n|-damage|p1a: Articuno|0 fnt\n|faint|p1a: Articuno\n|\n|-heal|p2a: Drampa|176/290 tox|[from] item: Leftovers\n|-damage|p2a: Drampa|140/290 tox|[from] psn\n|upkeep\n|\n|t:|1771001434\n|switch|p1a: Heatran|Heatran, L80, F|277/277\n|turn|13\n|\n|t:|1771001437\n|move|p1a: Heatran|Flash Cannon|p2a: Drampa\n|-damage|p2a: Drampa|49/290 tox\n|move|p2a: Drampa|Draco Meteor|p1a: Heatran\n|-resisted|p1a: Heatran\n|-damage|p1a: Heatran|189/277\n|-unboost|p2a: Drampa|spa|2\n|\n|-heal|p1a: Heatran|206/277|[from] item: Leftovers\n|-heal|p2a: Drampa|67/290 tox|[from] item: Leftovers\n|-damage|p2a: Drampa|13/290 tox|[from] psn\n|upkeep\n|turn|14\n|\n|t:|1771001447\n|move|p1a: Heatran|Lava Plume|p2a: Drampa\n|-resisted|p2a: Drampa\n|-damage|p2a: Drampa|0 fnt\n|faint|p2a: Drampa\n|\n|-heal|p1a: Heatran|223/277|[from] item: Leftovers\n|upkeep\n|\n|t:|1771001452\n|switch|p2a: Suicune|Suicune, L82|298/298\n|-damage|p2a: Suicune|261/298|[from] Stealth Rock\n|-ability|p2a: Suicune|Pressure\n|turn|15\n|\n|t:|1771001460\n|switch|p1a: Buzzwole|Buzzwole, L79|299/299\n|move|p2a: Suicune|Substitute|p2a: Suicune\n|-start|p2a: Suicune|Substitute\n|-damage|p2a: Suicune|187/298\n|\n|-heal|p2a: Suicune|205/298|[from] item: Leftovers\n|upkeep\n|turn|16\n|\n|t:|1771001467\n|move|p2a: Suicune|Protect|p2a: Suicune\n|-singleturn|p2a: Suicune|Protect\n|move|p1a: Buzzwole|Earthquake|p2a: Suicune\n|-activate|p2a: Suicune|move: Protect\n|\n|-heal|p2a: Suicune|223/298|[from] item: Leftovers\n|upkeep\n|turn|17\n|\n|t:|1771001480\n|move|p2a: Suicune|Calm Mind|p2a: Suicune\n|-boost|p2a: Suicune|spa|1\n|-boost|p2a: Suicune|spd|1\n|move|p1a: Buzzwole|Earthquake|p2a: Suicune\n|-end|p2a: Suicune|Substitute\n|\n|-heal|p2a: Suicune|241/298|[from] item: Leftovers\n|upkeep\n|turn|18\n|\n|t:|1771001486\n|move|p2a: Suicune|Scald|p1a: Buzzwole\n|-damage|p1a: Buzzwole|124/299\n|move|p1a: Buzzwole|Earthquake|p2a: Suicune\n|-damage|p2a: Suicune|131/298\n|\n|-heal|p2a: Suicune|149/298|[from] item: Leftovers\n|upkeep\n|turn|19\n|\n|t:|1771001492\n|move|p2a: Suicune|Scald|p1a: Buzzwole\n|-damage|p1a: Buzzwole|0 fnt\n|faint|p1a: Buzzwole\n|\n|-heal|p2a: Suicune|167/298|[from] item: Leftovers\n|upkeep\n|\n|t:|1771001496\n|switch|p1a: Medicham|Medicham, L78, M|221/221\n|turn|20\n|\n|t:|1771001503\n|detailschange|p1a: Medicham|Medicham-Mega, L78, M\n|-mega|p1a: Medicham|Medicham|Medichamite\n|move|p2a: Suicune|Protect|p2a: Suicune\n|-singleturn|p2a: Suicune|Protect\n|move|p1a: Medicham|Thunder Punch|p2a: Suicune\n|-activate|p2a: Suicune|move: Protect\n|\n|-heal|p2a: Suicune|185/298|[from] item: Leftovers\n|upkeep\n|turn|21\n|\n|t:|1771001515\n|switch|p2a: Mudsdale|Mudsdale, L83, M|214/302\n|-damage|p2a: Mudsdale|196/302|[from] Stealth Rock\n|move|p1a: Medicham|Zen Headbutt|p2a: Mudsdale\n|-damage|p2a: Mudsdale|54/302\n|-ability|p2a: Mudsdale|Stamina|boost\n|-boost|p2a: Mudsdale|def|1\n|\n|-heal|p2a: Mudsdale|72/302|[from] item: Leftovers\n|upkeep\n|turn|22\n|\n|t:|1771001529\n|move|p1a: Medicham|Ice Punch|p2a: Mudsdale\n|-supereffective|p2a: Mudsdale\n|-damage|p2a: Mudsdale|0 fnt\n|faint|p2a: Mudsdale\n|\n|upkeep\n|\n|t:|1771001536\n|switch|p2a: Aegislash|Aegislash, L77, F|219/219\n|-damage|p2a: Aegislash|206/219|[from] Stealth Rock\n|turn|23\n|\n|t:|1771001540\n|switch|p1a: Dialga|Dialga, L74|261/270\n|-ability|p1a: Dialga|Pressure\n|switch|p2a: Suicune|Suicune, L82|185/298\n|-damage|p2a: Suicune|148/298|[from] Stealth Rock\n|-ability|p2a: Suicune|Pressure\n|\n|-heal|p2a: Suicune|166/298|[from] item: Leftovers\n|-heal|p1a: Dialga|270/270|[from] item: Leftovers\n|upkeep\n|turn|24\n|\n|t:|1771001547\n|switch|p1a: Medicham|Medicham-Mega, L78, M|221/221\n|move|p2a: Suicune|Protect||[still]\n|-fail|p2a: Suicune\n|\n|-heal|p2a: Suicune|184/298|[from] item: Leftovers\n|upkeep\n|turn|25\n|\n|t:|1771001553\n|switch|p2a: Aegislash|Aegislash, L77, F|206/219\n|-damage|p2a: Aegislash|193/219|[from] Stealth Rock\n|move|p1a: Medicham|Thunder Punch|p2a: Aegislash\n|-damage|p2a: Aegislash|131/219\n|\n|-heal|p2a: Aegislash|144/219|[from] item: Leftovers\n|upkeep\n|turn|26\n|\n|t:|1771001558\n|switch|p1a: Heatran|Heatran, L80, F|223/277\n|switch|p2a: Suicune|Suicune, L82|184/298\n|-damage|p2a: Suicune|147/298|[from] Stealth Rock\n|-ability|p2a: Suicune|Pressure\n|\n|-heal|p2a: Suicune|165/298|[from] item: Leftovers\n|-heal|p1a: Heatran|240/277|[from] item: Leftovers\n|upkeep\n|turn|27\n|\n|t:|1771001562\n|switch|p1a: Medicham|Medicham-Mega, L78, M|221/221\n|move|p2a: Suicune|Substitute|p2a: Suicune\n|-start|p2a: Suicune|Substitute\n|-damage|p2a: Suicune|91/298\n|\n|-heal|p2a: Suicune|109/298|[from] item: Leftovers\n|upkeep\n|turn|28\n|\n|t:|1771001565\n|move|p2a: Suicune|Protect|p2a: Suicune\n|-singleturn|p2a: Suicune|Protect\n|move|p1a: Medicham|Thunder Punch|p2a: Suicune\n|-activate|p2a: Suicune|move: Protect\n|\n|-heal|p2a: Suicune|127/298|[from] item: Leftovers\n|upkeep\n|turn|29\n|\n|t:|1771001569\n|move|p1a: Medicham|Thunder Punch|p2a: Suicune\n|-supereffective|p2a: Suicune\n|-end|p2a: Suicune|Substitute\n|move|p2a: Suicune|Scald|p1a: Medicham\n|-damage|p1a: Medicham|136/221\n|\n|-heal|p2a: Suicune|145/298|[from] item: Leftovers\n|upkeep\n|turn|30\n|\n|t:|1771001572\n|move|p2a: Suicune|Protect|p2a: Suicune\n|-singleturn|p2a: Suicune|Protect\n|move|p1a: Medicham|Thunder Punch|p2a: Suicune\n|-activate|p2a: Suicune|move: Protect\n|\n|-heal|p2a: Suicune|163/298|[from] item: Leftovers\n|upkeep\n|turn|31\n|\n|t:|1771001582\n|switch|p2a: Stantler|Stantler, L92, F|283/283\n|-damage|p2a: Stantler|248/283|[from] Stealth Rock\n|-ability|p2a: Stantler|Intimidate|boost\n|-unboost|p1a: Medicham|atk|1\n|move|p1a: Medicham|Thunder Punch|p2a: Stantler\n|-damage|p2a: Stantler|171/283\n|\n|upkeep\n|turn|32\n|\n|t:|1771001589\n|switch|p1a: Heatran|Heatran, L80, F|240/277\n|move|p2a: Stantler|Earthquake|p1a: Heatran\n|-supereffective|p1a: Heatran\n|-damage|p1a: Heatran|0 fnt\n|faint|p1a: Heatran\n|\n|upkeep\n|\n|t:|1771001596\n|switch|p1a: Medicham|Medicham-Mega, L78, M|136/221\n|turn|33\n|\n|t:|1771001604\n|switch|p2a: Aegislash|Aegislash, L77, F|144/219\n|-damage|p2a: Aegislash|131/219|[from] Stealth Rock\n|move|p1a: Medicham|Zen Headbutt|p2a: Aegislash\n|-resisted|p2a: Aegislash\n|-damage|p2a: Aegislash|76/219\n|\n|-heal|p2a: Aegislash|89/219|[from] item: Leftovers\n|upkeep\n|turn|34\n|\n|t:|1771001610\n|switch|p1a: Dialga|Dialga, L74|270/270\n|-ability|p1a: Dialga|Pressure\n|-formechange|p2a: Aegislash|Aegislash-Blade||[from] ability: Stance Change\n|move|p2a: Aegislash|Shadow Sneak|p1a: Dialga\n|-damage|p1a: Dialga|221/270\n|\n|-heal|p1a: Dialga|237/270|[from] item: Leftovers\n|-heal|p2a: Aegislash|102/219|[from] item: Leftovers\n|upkeep\n|turn|35\n|\n|t:|1771001615\n|-formechange|p2a: Aegislash|Aegislash||[from] ability: Stance Change\n|move|p2a: Aegislash|King's Shield|p2a: Aegislash\n|-singleturn|p2a: Aegislash|Protect\n|move|p1a: Dialga|Fire Blast|p2a: Aegislash\n|-activate|p2a: Aegislash|move: Protect\n|\n|-heal|p1a: Dialga|253/270|[from] item: Leftovers\n|-heal|p2a: Aegislash|115/219|[from] item: Leftovers\n|upkeep\n|turn|36\n|\n|t:|1771001632\n|-formechange|p2a: Aegislash|Aegislash-Blade||[from] ability: Stance Change\n|move|p2a: Aegislash|Shadow Sneak|p1a: Dialga\n|-damage|p1a: Dialga|211/270\n|move|p1a: Dialga|Draco Meteor|p2a: Aegislash\n|-resisted|p2a: Aegislash\n|-damage|p2a: Aegislash|0 fnt\n|-unboost|p1a: Dialga|spa|2\n|faint|p2a: Aegislash\n|\n|-heal|p1a: Dialga|227/270|[from] item: Leftovers\n|upkeep\n|\n|t:|1771001653\n|switch|p2a: Stantler|Stantler, L92, F|171/283\n|-damage|p2a: Stantler|136/283|[from] Stealth Rock\n|-ability|p2a: Stantler|Intimidate|boost\n|-unboost|p1a: Dialga|atk|1\n|turn|37\n|\n|t:|1771001658\n|switch|p1a: Medicham|Medicham-Mega, L78, M|136/221\n|move|p2a: Stantler|Earthquake|p1a: Medicham\n|-damage|p1a: Medicham|7/221\n|\n|upkeep\n|turn|38\n|\n|t:|1771001662\n|move|p2a: Stantler|Earthquake|p1a: Medicham\n|-damage|p1a: Medicham|0 fnt\n|faint|p1a: Medicham\n|detailschange|p1: Medicham|Medicham, L78, M|[silent]\n|\n|upkeep\n|\n|t:|1771001665\n|switch|p1a: Dialga|Dialga, L74|227/270\n|-ability|p1a: Dialga|Pressure\n|turn|39\n|\n|t:|1771001669\n|move|p2a: Stantler|Earthquake|p1a: Dialga\n|-supereffective|p1a: Dialga\n|-damage|p1a: Dialga|7/270\n|move|p1a: Dialga|Draco Meteor|p2a: Stantler\n|-damage|p2a: Stantler|0 fnt\n|-unboost|p1a: Dialga|spa|2\n|faint|p2a: Stantler\n|\n|-heal|p1a: Dialga|23/270|[from] item: Leftovers\n|upkeep\n|\n|t:|1771001673\n|switch|p2a: Suicune|Suicune, L82|163/298\n|-damage|p2a: Suicune|126/298|[from] Stealth Rock\n|-ability|p2a: Suicune|Pressure\n|turn|40\n|\n|t:|1771001679\n|switch|p1a: Mew|Mew, L80|291/291\n|move|p2a: Suicune|Substitute|p2a: Suicune\n|-start|p2a: Suicune|Substitute\n|-damage|p2a: Suicune|52/298\n|\n|-heal|p2a: Suicune|70/298|[from] item: Leftovers\n|upkeep\n|turn|41\n|\n|t:|1771001684\n|move|p1a: Mew|Nasty Plot|p1a: Mew\n|-boost|p1a: Mew|spa|2\n|move|p2a: Suicune|Calm Mind|p2a: Suicune\n|-boost|p2a: Suicune|spa|1\n|-boost|p2a: Suicune|spd|1\n|\n|-heal|p2a: Suicune|88/298|[from] item: Leftovers\n|upkeep\n|turn|42\n|\n|t:|1771001689\n|move|p1a: Mew|Psychic|p2a: Suicune\n|-end|p2a: Suicune|Substitute\n|move|p2a: Suicune|Scald|p1a: Mew\n|-damage|p1a: Mew|188/291\n|-status|p1a: Mew|brn\n|-activate|p1a: Mew|ability: Synchronize\n|-status|p2a: Suicune|brn\n|\n|-heal|p2a: Suicune|106/298 brn|[from] item: Leftovers\n|-damage|p1a: Mew|170/291 brn|[from] brn\n|-damage|p2a: Suicune|88/298 brn|[from] brn\n|upkeep\n|turn|43\n|l|☆Raaidn\n|player|p2|\n|inactive|Battle timer is ON: inactive players will automatically lose when time's up. (requested by idkimtrash)\n|inactive|Raaidn has 30 seconds to reconnect!\n|inactive|Raaidn has 20 seconds to reconnect!\n|inactive|Raaidn has 15 seconds to reconnect!\n|inactive|Raaidn has 10 seconds to reconnect!\n|inactive|Raaidn has 5 seconds to reconnect!\n|-message|Raaidn lost due to inactivity.\n|\n|win|idkimtrash\n|raw|idkimtrash's rating: 1499 &rarr; <strong>1525</strong><br />(+26 for winning)\n|raw|Raaidn's rating: 1614 &rarr; <strong>1588</strong><br />(-26 for losing)\n|l|☆idkimtrash\n|player|p1|\n|j|☆idkimtrash\n|player|p1|idkimtrash|ingo|\n", "inputlog": ">version ccdc32dd7cde25fd9e4bed64820e885f66e78a4e\n>start {\"formatid\":\"gen7randombattle\",\"seed\":\"sodium,5d68638f1483964e6fedc8455062d35f\",\"rated\":\"Rated battle\"}\n>player p1 {\"name\":\"idkimtrash\",\"avatar\":\"ingo\",\"rating\":1499,\"seed\":\"sodium,f38ad0e3972c7f769bdd329cc64f8b94\"}\n>player p2 {\"name\":\"Raaidn\",\"avatar\":\"102\",\"rating\":1614,\"seed\":\"sodium,d379c8227ac63321eaf6ddac30a25687\"}\n>p1 move earthquake\n>p2 switch 5\n>p1 switch 6\n>p2 move toxic\n>p1 move freezedry\n>p2 switch 5\n>p1 switch 5\n>p2 move ironhead\n>p1 move stealthrock\n>p2 switch 6\n>p1 switch 3\n>p2 switch 6\n>p1 move lavaplume\n>p2 move kingsshield\n>p1 move toxic\n>p2 switch 6\n>p1 switch 5\n>p2 move dracometeor\n>p1 switch 5\n>p2 switch 6\n>p1 move lavaplume\n>p2 switch 6\n>p1 switch 5\n>p2 move hypervoice\n>p1 switch 5\n>p1 move flashcannon\n>p2 move dracometeor\n>p1 move lavaplume\n>p2 move dracometeor\n>p2 switch 2\n>p1 switch 6\n>p2 move substitute\n>p1 move earthquake\n>p2 move protect\n>p1 move earthquake\n>p2 move calmmind\n>p1 move earthquake\n>p2 move scald\n>p1 move earthquake\n>p2 move scald\n>p1 switch 4\n>p1 move thunderpunch mega\n>p2 move protect\n>p1 move zenheadbutt\n>p2 switch 5\n>p1 move icepunch\n>p2 move earthquake\n>p2 switch 6\n>p1 switch 3\n>p2 switch 5\n>p1 switch 3\n>p2 move protect\n>p1 move thunderpunch\n>p2 switch 5\n>p1 switch 6\n>p2 switch 5\n>p1 switch 6\n>p2 move substitute\n>p1 move thunderpunch\n>p2 move protect\n>p1 move thunderpunch\n>p2 move scald\n>p1 move thunderpunch\n>p2 move protect\n>p1 move thunderpunch\n>p2 switch 3\n>p1 switch 6\n>p2 move earthquake\n>p1 switch 6\n>p1 move zenheadbutt\n>p2 switch 5\n>p1 switch 3\n>p2 move shadowsneak\n>p1 move fireblast\n>p2 move kingsshield\n>p1 move dracometeor\n>p2 move shadowsneak\n>p2 switch 5\n>p1 switch 3\n>p2 move earthquake\n>p1 move highjumpkick\n>p2 move earthquake\n>p1 switch 3\n>p1 move dracometeor\n>p2 move earthquake\n>p2 switch 3\n>p1 switch 2\n>p2 move substitute\n>p1 move nastyplot\n>p2 move calmmind\n>p1 move psychic\n>p2 move scald\n>forcelose p2", "uploadtime": 1771001834, "views": 190, "formatid": "gen7randombattle", "rating": 1525, "private": 0, "password": null}