{"id": "gen7randombattle-2528851670", "format": "[Gen 7] Random Battle", "players": ["Nerpiwin", "Snoop Rogue"], "log": "|j|☆Nerpiwin\n|j|☆Snoop Rogue\n|t:|1769711673\n|gametype|singles\n|player|p1|Nerpiwin|alder|1533\n|player|p2|Snoop Rogue|koga-lgpe|1612\n|gen|7\n|tier|[Gen 7] Random Battle\n|rated|\n|rule|Sleep Clause Mod: Limit one foe put to sleep\n|rule|HP Percentage Mod: HP is shown in percentages\n|rule|Illusion Level Mod: Illusion disguises the Pokémon's true level\n|\n|t:|1769711673\n|teamsize|p1|6\n|teamsize|p2|6\n|start\n|switch|p1a: Palkia|Palkia, L75|259/259\n|switch|p2a: Farfetch’d|Farfetch’d, F|266/266\n|-ability|p1a: Palkia|Pressure\n|turn|1\n|inactive|Battle timer is ON: inactive players will automatically lose when time's up. (requested by Snoop Rogue)\n|\n|t:|1769711686\n|switch|p2a: Aggron|Aggron, L87, M|264/264\n|-item|p2a: Aggron|Air Balloon\n|move|p1a: Palkia|Draco Meteor|p2a: Aggron\n|-resisted|p2a: Aggron\n|-damage|p2a: Aggron|141/264\n|-unboost|p1a: Palkia|spa|2\n|-enditem|p2a: Aggron|Air Balloon\n|\n|upkeep\n|turn|2\n|j| ExodusO4\n|\n|t:|1769711705\n|move|p1a: Palkia|Hydro Pump|p2a: Aggron|[miss]\n|-miss|p1a: Palkia|p2a: Aggron\n|move|p2a: Aggron|Head Smash|p1a: Palkia\n|-damage|p1a: Palkia|70/259\n|\n|upkeep\n|turn|3\n|\n|t:|1769711724\n|switch|p2a: Suicune|Suicune, L82|298/298\n|-ability|p2a: Suicune|Pressure\n|move|p1a: Palkia|Hydro Pump|p2a: Suicune\n|-resisted|p2a: Suicune\n|-damage|p2a: Suicune|267/298\n|\n|-heal|p2a: Suicune|285/298|[from] item: Leftovers\n|upkeep\n|turn|4\n|l| ExodusO4\n|inactive|Snoop Rogue has 120 seconds left.\n|\n|t:|1769711764\n|switch|p1a: Toxicroak|Toxicroak, L84, M|277/277\n|move|p2a: Suicune|Calm Mind|p2a: Suicune\n|-boost|p2a: Suicune|spa|1\n|-boost|p2a: Suicune|spd|1\n|\n|-heal|p2a: Suicune|298/298|[from] item: Leftovers\n|upkeep\n|turn|5\n|inactive|Snoop Rogue has 120 seconds left.\n|\n|t:|1769711784\n|switch|p2a: Farfetch’d|Farfetch’d, F|266/266\n|move|p1a: Toxicroak|Drain Punch|p2a: Farfetch’d\n|-damage|p2a: Farfetch’d|144/266\n|-damage|p1a: Toxicroak|250/277|[from] item: Life Orb\n|\n|upkeep\n|turn|6\n|inactive|Snoop Rogue has 120 seconds left.\n|\n|t:|1769711794\n|move|p1a: Toxicroak|Gunk Shot|p2a: Farfetch’d\n|-damage|p2a: Farfetch’d|0 fnt\n|faint|p2a: Farfetch’d\n|-damage|p1a: Toxicroak|223/277|[from] item: Life Orb\n|\n|upkeep\n|\n|t:|1769711798\n|switch|p2a: Kommo-o|Kommo-o, L74, F|233/233\n|turn|7\n|\n|t:|1769711809\n|switch|p1a: Wormadam|Wormadam, F|282/282\n|-zpower|p2a: Kommo-o\n|move|p2a: Kommo-o|Clangorous Soulblaze|p1a: Wormadam|[zeffect]\n|-damage|p1a: Wormadam|165/282\n|-boost|p2a: Kommo-o|atk|1\n|-boost|p2a: Kommo-o|def|1\n|-boost|p2a: Kommo-o|spa|1\n|-boost|p2a: Kommo-o|spd|1\n|-boost|p2a: Kommo-o|spe|1\n|\n|-heal|p1a: Wormadam|182/282|[from] item: Leftovers\n|upkeep\n|turn|8\n|\n|t:|1769711823\n|move|p1a: Wormadam|Protect|p1a: Wormadam\n|-singleturn|p1a: Wormadam|Protect\n|move|p2a: Kommo-o|Dragon Dance|p2a: Kommo-o\n|-boost|p2a: Kommo-o|atk|1\n|-boost|p2a: Kommo-o|spe|1\n|\n|-heal|p1a: Wormadam|199/282|[from] item: Leftovers\n|upkeep\n|turn|9\n|\n|t:|1769711829\n|move|p2a: Kommo-o|Iron Head|p1a: Wormadam\n|-damage|p1a: Wormadam|118/282\n|move|p1a: Wormadam|Toxic|p2a: Kommo-o\n|-status|p2a: Kommo-o|tox\n|\n|-heal|p1a: Wormadam|135/282|[from] item: Leftovers\n|-damage|p2a: Kommo-o|219/233 tox|[from] psn\n|upkeep\n|turn|10\n|\n|t:|1769711837\n|move|p1a: Wormadam|Protect|p1a: Wormadam\n|-singleturn|p1a: Wormadam|Protect\n|move|p2a: Kommo-o|Dragon Dance|p2a: Kommo-o\n|-boost|p2a: Kommo-o|atk|1\n|-boost|p2a: Kommo-o|spe|1\n|\n|-heal|p1a: Wormadam|152/282|[from] item: Leftovers\n|-damage|p2a: Kommo-o|191/233 tox|[from] psn\n|upkeep\n|turn|11\n|\n|t:|1769711847\n|move|p2a: Kommo-o|Iron Head|p1a: Wormadam\n|-damage|p1a: Wormadam|46/282\n|cant|p1a: Wormadam|flinch\n|\n|-heal|p1a: Wormadam|63/282|[from] item: Leftovers\n|-damage|p2a: Kommo-o|149/233 tox|[from] psn\n|upkeep\n|turn|12\n|\n|t:|1769711855\n|move|p2a: Kommo-o|Close Combat|p1a: Wormadam\n|-resisted|p1a: Wormadam\n|-damage|p1a: Wormadam|0 fnt\n|-unboost|p2a: Kommo-o|def|1\n|-unboost|p2a: Kommo-o|spd|1\n|faint|p1a: Wormadam\n|\n|-damage|p2a: Kommo-o|93/233 tox|[from] psn\n|upkeep\n|\n|t:|1769711883\n|switch|p1a: Watchog|Watchog, L96, F|271/271\n|turn|13\n|\n|t:|1769711887\n|move|p2a: Kommo-o|Close Combat|p1a: Watchog\n|-supereffective|p1a: Watchog\n|-damage|p1a: Watchog|0 fnt\n|-unboost|p2a: Kommo-o|def|1\n|-unboost|p2a: Kommo-o|spd|1\n|faint|p1a: Watchog\n|\n|-damage|p2a: Kommo-o|23/233 tox|[from] psn\n|upkeep\n|\n|t:|1769711894\n|switch|p1a: Toxicroak|Toxicroak, L84, M|223/277\n|turn|14\n|\n|t:|1769711900\n|move|p1a: Toxicroak|Sucker Punch|p2a: Kommo-o\n|-resisted|p2a: Kommo-o\n|-damage|p2a: Kommo-o|0 fnt\n|faint|p2a: Kommo-o\n|-damage|p1a: Toxicroak|196/277|[from] item: Life Orb\n|\n|upkeep\n|\n|t:|1769711904\n|switch|p2a: Reshiram|Reshiram, L75|274/274\n|-ability|p2a: Reshiram|Turboblaze\n|turn|15\n|\n|t:|1769711910\n|switch|p1a: Porygon2|Porygon2, L82|274/274\n|-ability|p1a: Porygon2|Turboblaze|Trace|[from] ability: Trace|[of] p2a: Reshiram\n|-ability|p1a: Porygon2|Turboblaze\n|move|p2a: Reshiram|Blue Flare|p1a: Porygon2\n|-damage|p1a: Porygon2|169/274\n|\n|upkeep\n|turn|16\n|\n|t:|1769711922\n|switch|p2a: Aggron|Aggron, L87, M|141/264\n|move|p1a: Porygon2|Recover|p1a: Porygon2\n|-heal|p1a: Porygon2|274/274\n|\n|upkeep\n|turn|17\n|\n|t:|1769711944\n|move|p1a: Porygon2|Tri Attack|p2a: Aggron\n|-resisted|p2a: Aggron\n|-damage|p2a: Aggron|114/264\n|move|p2a: Aggron|Head Smash|p1a: Porygon2|[miss]\n|-miss|p2a: Aggron|p1a: Porygon2\n|\n|upkeep\n|turn|18\n|\n|t:|1769711955\n|switch|p1a: Toxicroak|Toxicroak, L84, M|196/277\n|move|p2a: Aggron|Head Smash|p1a: Toxicroak\n|-resisted|p1a: Toxicroak\n|-damage|p1a: Toxicroak|74/277\n|\n|upkeep\n|turn|19\n|\n|t:|1769711962\n|switch|p2a: Blastoise|Blastoise, L82, M|264/264\n|move|p1a: Toxicroak|Drain Punch|p2a: Blastoise\n|-damage|p2a: Blastoise|165/264\n|-heal|p1a: Toxicroak|124/277|[from] drain|[of] p2a: Blastoise\n|-damage|p1a: Toxicroak|97/277|[from] item: Life Orb\n|\n|upkeep\n|turn|20\n|\n|t:|1769711972\n|switch|p1a: Palkia|Palkia, L75|70/259\n|-ability|p1a: Palkia|Pressure\n|detailschange|p2a: Blastoise|Blastoise-Mega, L82, M\n|-mega|p2a: Blastoise|Blastoise|Blastoisinite\n|move|p2a: Blastoise|Ice Beam|p1a: Palkia\n|-damage|p1a: Palkia|6/259\n|\n|upkeep\n|turn|21\n|\n|t:|1769711991\n|switch|p2a: Aggron|Aggron, L87, M|114/264\n|move|p1a: Palkia|Draco Meteor|p2a: Aggron\n|-resisted|p2a: Aggron\n|-damage|p2a: Aggron|1/264\n|-unboost|p1a: Palkia|spa|2\n|\n|upkeep\n|turn|22\n|\n|t:|1769712001\n|move|p1a: Palkia|Draco Meteor|p2a: Aggron\n|-resisted|p2a: Aggron\n|-damage|p2a: Aggron|0 fnt\n|-unboost|p1a: Palkia|spa|2\n|faint|p2a: Aggron\n|\n|upkeep\n|\n|t:|1769712006\n|switch|p2a: Blastoise|Blastoise-Mega, L82, M|165/264\n|turn|23\n|\n|t:|1769712012\n|switch|p1a: Porygon2|Porygon2, L82|274/274\n|-ability|p1a: Porygon2|Mega Launcher|Trace|[from] ability: Trace|[of] p2a: Blastoise\n|move|p2a: Blastoise|Ice Beam|p1a: Porygon2\n|-damage|p1a: Porygon2|225/274\n|\n|upkeep\n|turn|24\n|\n|t:|1769712019\n|move|p2a: Blastoise|Aura Sphere|p1a: Porygon2\n|-supereffective|p1a: Porygon2\n|-damage|p1a: Porygon2|91/274\n|move|p1a: Porygon2|Toxic|p2a: Blastoise\n|-status|p2a: Blastoise|tox\n|\n|-damage|p2a: Blastoise|149/264 tox|[from] psn\n|upkeep\n|turn|25\n|\n|t:|1769712034\n|move|p2a: Blastoise|Aura Sphere|p1a: Porygon2\n|-supereffective|p1a: Porygon2\n|-damage|p1a: Porygon2|0 fnt\n|faint|p1a: Porygon2\n|\n|-damage|p2a: Blastoise|117/264 tox|[from] psn\n|upkeep\n|\n|t:|1769712054\n|switch|p1a: Magcargo|Magcargo, L96, F|271/271\n|turn|26\n|\n|t:|1769712064\n|switch|p1a: Toxicroak|Toxicroak, L84, M|97/277\n|move|p2a: Blastoise|Ice Beam|p1a: Toxicroak\n|-crit|p1a: Toxicroak\n|-damage|p1a: Toxicroak|0 fnt\n|faint|p1a: Toxicroak\n|\n|-damage|p2a: Blastoise|69/264 tox|[from] psn\n|upkeep\n|-message|Nerpiwin forfeited.\n|\n|win|Snoop Rogue\n|raw|Nerpiwin's rating: 1533 &rarr; <strong>1517</strong><br />(-16 for losing)\n|raw|Snoop Rogue's rating: 1612 &rarr; <strong>1628</strong><br />(+16 for winning)\n|l|☆Nerpiwin\n|player|p1|\n", "inputlog": ">version b99ff0165a6231f17e8b78c2a78d1998375de664\n>start {\"formatid\":\"gen7randombattle\",\"seed\":\"sodium,8e66305e1d329c3f045b4c1a4085b1d2\",\"rated\":\"Rated battle\"}\n>player p1 {\"name\":\"Nerpiwin\",\"avatar\":\"alder\",\"rating\":1533,\"seed\":\"sodium,3a56d557c2fc382db321908ef1ee16e2\"}\n>player p2 {\"name\":\"Snoop Rogue\",\"avatar\":\"koga-lgpe\",\"rating\":1612,\"seed\":\"sodium,e5ad0a5e92e1be444f31d049154c1641\"}\n>p1 move dracometeor\n>p2 switch 2\n>p1 move hydropump\n>p2 move headsmash\n>p1 move hydropump\n>p2 switch 5\n>p1 switch 4\n>p2 move calmmind\n>p1 move drainpunch\n>p2 switch 2\n>p1 move gunkshot\n>p2 move bravebird\n>p2 switch 6\n>p1 switch 2\n>p2 move clangingscales zmove\n>p1 move protect\n>p2 move dragondance\n>p1 move toxic\n>p2 move ironhead\n>p1 move protect\n>p2 move dragondance\n>p1 move hiddenpower\n>p2 move ironhead\n>p1 move hiddenpower\n>p2 move closecombat\n>p1 switch 5\n>p1 move return\n>p2 move closecombat\n>p1 switch 2\n>p1 move suckerpunch\n>p2 move ironhead\n>p2 switch 4\n>p1 switch 6\n>p2 move blueflare\n>p1 move recover\n>p2 switch 5\n>p1 move triattack\n>p2 move headsmash\n>p1 switch 6\n>p2 move headsmash\n>p1 move drainpunch\n>p2 switch 3\n>p1 switch 4\n>p2 move icebeam mega\n>p1 move dracometeor\n>p2 switch 3\n>p1 move dracometeor\n>p2 move headsmash\n>p2 switch 3\n>p1 switch 6\n>p2 move icebeam\n>p1 move toxic\n>p2 move aurasphere\n>p1 move recover\n>p2 move aurasphere\n>p1 switch 3\n>p1 switch 4\n>p2 move icebeam\n>forcelose p1", "uploadtime": 1769712082, "views": 167, "formatid": "gen7randombattle", "rating": 1517, "private": 0, "password": null}