{"id": "gen7randombattle-2529892964", "format": "[Gen 7] Random Battle", "players": ["aurora ltd", "BirdMan007"], "log": "|j|☆aurora ltd\n|j|☆BirdMan007\n|t:|1769839864\n|gametype|singles\n|player|p1|aurora ltd|silver-gen2kanto|1526\n|player|p2|BirdMan007|steven|1582\n|gen|7\n|tier|[Gen 7] Random Battle\n|rated|\n|rule|Sleep Clause Mod: Limit one foe put to sleep\n|rule|HP Percentage Mod: HP is shown in percentages\n|rule|Illusion Level Mod: Illusion disguises the Pokémon's true level\n|\n|t:|1769839864\n|teamsize|p1|6\n|teamsize|p2|6\n|start\n|switch|p1a: Heatmor|Heatmor, L93, F|309/309\n|switch|p2a: Vikavolt|Vikavolt, L86, F|273/273\n|turn|1\n|\n|t:|1769839898\n|switch|p2a: Eelektross|Eelektross, L88, M|293/293\n|move|p1a: Heatmor|Knock Off|p2a: Eelektross\n|-damage|p2a: Eelektross|179/293\n|-enditem|p2a: Eelektross|Assault Vest|[from] move: Knock Off|[of] p1a: Heatmor\n|-damage|p1a: Heatmor|279/309|[from] item: Life Orb\n|\n|upkeep\n|turn|2\n|\n|t:|1769839926\n|move|p1a: Heatmor|Fire Blast|p2a: Eelektross\n|-damage|p2a: Eelektross|0 fnt\n|faint|p2a: Eelektross\n|-damage|p1a: Heatmor|249/309|[from] item: Life Orb\n|\n|upkeep\n|\n|t:|1769839936\n|switch|p2a: Rampardos|Rampardos, L88, M|314/314\n|turn|3\n|\n|t:|1769839966\n|move|p2a: Rampardos|Rock Slide|p1a: Heatmor\n|-supereffective|p1a: Heatmor\n|-damage|p1a: Heatmor|0 fnt\n|faint|p1a: Heatmor\n|\n|upkeep\n|\n|t:|1769839977\n|switch|p1a: Pangoro|Pangoro, L86, F|304/304\n|turn|4\n|\n|t:|1769839990\n|switch|p2a: Vikavolt|Vikavolt, L86, F|273/273\n|move|p1a: Pangoro|Knock Off|p2a: Vikavolt\n|-damage|p2a: Vikavolt|83/273\n|-enditem|p2a: Vikavolt|Leftovers|[from] move: Knock Off|[of] p1a: Pangoro\n|\n|upkeep\n|turn|5\n|\n|t:|1769839997\n|move|p1a: Pangoro|Knock Off|p2a: Vikavolt\n|-damage|p2a: Vikavolt|0 fnt\n|faint|p2a: Vikavolt\n|\n|upkeep\n|\n|t:|1769840002\n|switch|p2a: Dragonite|Dragonite, L72, M|250/250\n|turn|6\n|\n|t:|1769840034\n|move|p2a: Dragonite|Dragon Dance|p2a: Dragonite\n|-boost|p2a: Dragonite|atk|1\n|-boost|p2a: Dragonite|spe|1\n|move|p1a: Pangoro|Knock Off|p2a: Dragonite\n|-damage|p2a: Dragonite|183/250\n|\n|upkeep\n|turn|7\n|\n|t:|1769840039\n|move|p2a: Dragonite|Fly||[still]\n|-prepare|p2a: Dragonite|Fly\n|move|p1a: Pangoro|Knock Off|p2a: Dragonite|[miss]\n|-miss|p1a: Pangoro|p2a: Dragonite\n|\n|upkeep\n|turn|8\n|\n|t:|1769840043\n|move|p2a: Dragonite|Fly|p1a: Pangoro|[from] lockedmove\n|-supereffective|p1a: Pangoro\n|-damage|p1a: Pangoro|0 fnt\n|faint|p1a: Pangoro\n|\n|upkeep\n|\n|t:|1769840054\n|switch|p1a: Lickilicky|Lickilicky, L89, F|341/341\n|turn|9\n|\n|t:|1769840058\n|-zpower|p2a: Dragonite\n|move|p2a: Dragonite|Supersonic Skystrike|p1a: Lickilicky|[zeffect]\n|-damage|p1a: Lickilicky|86/341\n|move|p1a: Lickilicky|Body Slam|p2a: Dragonite\n|-damage|p2a: Dragonite|84/250\n|-status|p2a: Dragonite|par\n|\n|-heal|p1a: Lickilicky|107/341|[from] item: Leftovers\n|upkeep\n|turn|10\n|\n|t:|1769840074\n|move|p1a: Lickilicky|Body Slam|p2a: Dragonite\n|-damage|p2a: Dragonite|0 fnt\n|faint|p2a: Dragonite\n|\n|-heal|p1a: Lickilicky|128/341|[from] item: Leftovers\n|upkeep\n|\n|t:|1769840088\n|switch|p2a: Leafeon|Leafeon, L88, M|258/258\n|turn|11\n|\n|t:|1769840110\n|move|p2a: Leafeon|Swords Dance|p2a: Leafeon\n|-boost|p2a: Leafeon|atk|2\n|move|p1a: Lickilicky|Wish|p1a: Lickilicky\n|\n|-heal|p1a: Lickilicky|149/341|[from] item: Leftovers\n|upkeep\n|turn|12\n|\n|t:|1769840119\n|move|p2a: Leafeon|Leaf Blade|p1a: Lickilicky\n|-damage|p1a: Lickilicky|0 fnt\n|faint|p1a: Lickilicky\n|-damage|p2a: Leafeon|233/258|[from] item: Life Orb\n|\n|upkeep\n|\n|t:|1769840130\n|switch|p1a: Naganadel|Naganadel, L74|230/230\n|turn|13\n|\n|t:|1769840136\n|move|p1a: Naganadel|Sludge Wave|p2a: Leafeon\n|-supereffective|p2a: Leafeon\n|-damage|p2a: Leafeon|0 fnt\n|faint|p2a: Leafeon\n|-ability|p1a: Naganadel|Beast Boost|boost\n|-boost|p1a: Naganadel|spa|1\n|\n|upkeep\n|\n|t:|1769840143\n|switch|p2a: Rampardos|Rampardos, L88, M|314/314\n|turn|14\n|\n|t:|1769840176\n|move|p2a: Rampardos|Earthquake|p1a: Naganadel\n|-supereffective|p1a: Naganadel\n|-damage|p1a: Naganadel|0 fnt\n|faint|p1a: Naganadel\n|\n|upkeep\n|\n|t:|1769840181\n|switch|p1a: Luvdisc|Luvdisc, M|248/248\n|turn|15\n|\n|t:|1769840193\n|switch|p2a: Lapras|Lapras, L88, F|372/372\n|move|p1a: Luvdisc|Scald|p2a: Lapras\n|-immune|p2a: Lapras|[from] ability: Water Absorb\n|\n|upkeep\n|turn|16\n|\n|t:|1769840216\n|move|p1a: Luvdisc|Substitute|p1a: Luvdisc\n|-start|p1a: Luvdisc|Substitute\n|-damage|p1a: Luvdisc|186/248\n|move|p2a: Lapras|Toxic||[still]\n|-fail|p2a: Lapras\n|\n|-heal|p1a: Luvdisc|201/248|[from] item: Leftovers\n|upkeep\n|turn|17\n|\n|t:|1769840222\n|move|p1a: Luvdisc|Toxic|p2a: Lapras\n|-status|p2a: Lapras|tox\n|move|p2a: Lapras|Freeze-Dry|p1a: Luvdisc\n|-supereffective|p1a: Luvdisc\n|-end|p1a: Luvdisc|Substitute\n|\n|-heal|p1a: Luvdisc|216/248|[from] item: Leftovers\n|-damage|p2a: Lapras|349/372 tox|[from] psn\n|upkeep\n|turn|18\n|\n|t:|1769840233\n|move|p1a: Luvdisc|Protect|p1a: Luvdisc\n|-singleturn|p1a: Luvdisc|Protect\n|move|p2a: Lapras|Freeze-Dry|p1a: Luvdisc\n|-activate|p1a: Luvdisc|move: Protect\n|\n|-heal|p1a: Luvdisc|231/248|[from] item: Leftovers\n|-heal|p2a: Lapras|372/372 tox|[from] item: Leftovers\n|-damage|p2a: Lapras|326/372 tox|[from] psn\n|upkeep\n|turn|19\n|\n|t:|1769840241\n|move|p1a: Luvdisc|Substitute|p1a: Luvdisc\n|-start|p1a: Luvdisc|Substitute\n|-damage|p1a: Luvdisc|169/248\n|move|p2a: Lapras|Freeze-Dry|p1a: Luvdisc\n|-supereffective|p1a: Luvdisc\n|-end|p1a: Luvdisc|Substitute\n|\n|-heal|p1a: Luvdisc|184/248|[from] item: Leftovers\n|-heal|p2a: Lapras|349/372 tox|[from] item: Leftovers\n|-damage|p2a: Lapras|280/372 tox|[from] psn\n|upkeep\n|turn|20\n|\n|t:|1769840253\n|move|p1a: Luvdisc|Protect|p1a: Luvdisc\n|-singleturn|p1a: Luvdisc|Protect\n|move|p2a: Lapras|Freeze-Dry|p1a: Luvdisc\n|-activate|p1a: Luvdisc|move: Protect\n|\n|-heal|p1a: Luvdisc|199/248|[from] item: Leftovers\n|-heal|p2a: Lapras|303/372 tox|[from] item: Leftovers\n|-damage|p2a: Lapras|211/372 tox|[from] psn\n|upkeep\n|turn|21\n|\n|t:|1769840262\n|move|p1a: Luvdisc|Substitute|p1a: Luvdisc\n|-start|p1a: Luvdisc|Substitute\n|-damage|p1a: Luvdisc|137/248\n|move|p2a: Lapras|Freeze-Dry|p1a: Luvdisc\n|-supereffective|p1a: Luvdisc\n|-end|p1a: Luvdisc|Substitute\n|\n|-heal|p1a: Luvdisc|152/248|[from] item: Leftovers\n|-heal|p2a: Lapras|234/372 tox|[from] item: Leftovers\n|-damage|p2a: Lapras|119/372 tox|[from] psn\n|upkeep\n|turn|22\n|\n|t:|1769840272\n|switch|p2a: Rampardos|Rampardos, L88, M|314/314\n|move|p1a: Luvdisc|Protect||[still]\n|-fail|p1a: Luvdisc\n|\n|-heal|p1a: Luvdisc|167/248|[from] item: Leftovers\n|upkeep\n|turn|23\n|\n|t:|1769840279\n|move|p1a: Luvdisc|Scald|p2a: Rampardos\n|-supereffective|p2a: Rampardos\n|-crit|p2a: Rampardos\n|-damage|p2a: Rampardos|30/314\n|-status|p2a: Rampardos|brn\n|move|p2a: Rampardos|Rock Slide|p1a: Luvdisc\n|-damage|p1a: Luvdisc|59/248\n|\n|-heal|p1a: Luvdisc|74/248|[from] item: Leftovers\n|-damage|p2a: Rampardos|11/314 brn|[from] brn\n|upkeep\n|turn|24\n|-message|BirdMan007 forfeited.\n|\n|win|aurora ltd\n|raw|aurora ltd's rating: 1526 &rarr; <strong>1549</strong><br />(+23 for winning)\n|raw|BirdMan007's rating: 1582 &rarr; <strong>1559</strong><br />(-23 for losing)\n|l|☆BirdMan007\n|player|p2|\n", "inputlog": ">version b99ff0165a6231f17e8b78c2a78d1998375de664\n>start {\"formatid\":\"gen7randombattle\",\"seed\":\"sodium,e058c0f0713af42ccfd7f120499ddefd\",\"rated\":\"Rated battle\"}\n>player p1 {\"name\":\"aurora ltd\",\"avatar\":\"silver-gen2kanto\",\"rating\":1526,\"seed\":\"sodium,aa40e07a58c010308c1a4720f8967109\"}\n>player p2 {\"name\":\"BirdMan007\",\"avatar\":\"steven\",\"rating\":1582,\"seed\":\"sodium,382b6038acfe1a3d889d6ba73d530612\"}\n>p1 move knockoff\n>p2 switch 2\n>p1 move fireblast\n>p2 move discharge\n>p2 switch 3\n>p1 move superpower\n>p2 move rockslide\n>p1 switch 6\n>p1 move knockoff\n>p2 switch 2\n>p1 move knockoff\n>p2 move discharge\n>p2 switch 5\n>p1 move knockoff\n>p2 move dragondance\n>p1 move knockoff\n>p2 move fly\n>p1 move knockoff\n>p2 move fly\n>p1 switch 4\n>p1 move bodyslam\n>p2 move fly zmove\n>p1 move bodyslam\n>p2 move dragondance\n>p2 switch 6\n>p1 move wish\n>p2 move swordsdance\n>p1 move bodyslam\n>p2 move leafblade\n>p1 switch 5\n>p1 move sludgewave\n>p2 move doubleedge\n>p2 switch 2\n>p1 move sludgewave\n>p2 move earthquake\n>p1 switch 2\n>p1 move scald\n>p2 switch 4\n>p1 move substitute\n>p2 move toxic\n>p1 move toxic\n>p2 move freezedry\n>p1 move protect\n>p2 move freezedry\n>p1 move substitute\n>p2 move freezedry\n>p1 move protect\n>p2 move freezedry\n>p1 move substitute\n>p2 move freezedry\n>p1 move protect\n>p2 switch 4\n>p1 move scald\n>p2 move rockslide\n>forcelose p2", "uploadtime": 1769840301, "views": 181, "formatid": "gen7randombattle", "rating": 1549, "private": 0, "password": null}