{"id": "gen7randombattle-2540450330", "format": "[Gen 7] Random Battle", "players": ["NTsweeper007", "Guimd33"], "log": "|j|☆NTsweeper007\n|j|☆Guimd33\n|t:|1771203538\n|gametype|singles\n|player|p1|NTsweeper007|hilbert-wonderlauncher|1690\n|player|p2|Guimd33|pokekid|1798\n|gen|7\n|tier|[Gen 7] Random Battle\n|rated|\n|rule|Sleep Clause Mod: Limit one foe put to sleep\n|rule|HP Percentage Mod: HP is shown in percentages\n|rule|Illusion Level Mod: Illusion disguises the Pokémon's true level\n|\n|t:|1771203538\n|teamsize|p1|6\n|teamsize|p2|6\n|start\n|switch|p1a: Simisear|Simisear, L89, M|278/278\n|switch|p2a: Hitmonchan|Hitmonchan, L87, M|229/229\n|turn|1\n|inactive|Battle timer is ON: inactive players will automatically lose when time's up. (requested by NTsweeper007)\n|\n|t:|1771203553\n|switch|p1a: Vileplume|Vileplume, L87, M|272/272\n|move|p2a: Hitmonchan|Stone Edge|p1a: Vileplume\n|-damage|p1a: Vileplume|147/272\n|\n|-heal|p1a: Vileplume|164/272|[from] item: Black Sludge\n|upkeep\n|turn|2\n|\n|t:|1771203565\n|switch|p2a: Chimecho|Chimecho, L95, M|296/296\n|move|p1a: Vileplume|Strength Sap|p2a: Chimecho\n|-unboost|p2a: Chimecho|atk|1\n|-heal|p1a: Vileplume|264/272\n|\n|-heal|p1a: Vileplume|272/272|[from] item: Black Sludge\n|upkeep\n|turn|3\n|\n|t:|1771203573\n|switch|p1a: Drapion|Drapion, L83, M|252/252\n|move|p2a: Chimecho|Calm Mind|p2a: Chimecho\n|-boost|p2a: Chimecho|spa|1\n|-boost|p2a: Chimecho|spd|1\n|\n|upkeep\n|turn|4\n|\n|t:|1771203579\n|-activate|p2a: Chimecho|move: Pursuit\n|move|p1a: Drapion|Pursuit|p2a: Chimecho|[from] Pursuit\n|-supereffective|p2a: Chimecho\n|-damage|p2a: Chimecho|56/296\n|switch|p2a: Magnezone|Magnezone, L84|255/255\n|\n|upkeep\n|turn|5\n|\n|t:|1771203586\n|switch|p1a: Zeraora|Zeraora, L77|262/262\n|move|p2a: Magnezone|Thunderbolt|p1a: Zeraora\n|-immune|p1a: Zeraora|[from] ability: Volt Absorb\n|\n|upkeep\n|turn|6\n|\n|t:|1771203589\n|move|p1a: Zeraora|Bulk Up|p1a: Zeraora\n|-boost|p1a: Zeraora|atk|1\n|-boost|p1a: Zeraora|def|1\n|move|p2a: Magnezone|Toxic|p1a: Zeraora|[miss]\n|-miss|p2a: Magnezone|p1a: Zeraora\n|\n|upkeep\n|turn|7\n|\n|t:|1771203594\n|move|p1a: Zeraora|Close Combat|p2a: Magnezone\n|-supereffective|p2a: Magnezone\n|-damage|p2a: Magnezone|0 fnt\n|-unboost|p1a: Zeraora|def|1\n|-unboost|p1a: Zeraora|spd|1\n|faint|p2a: Magnezone\n|-damage|p1a: Zeraora|236/262|[from] item: Life Orb\n|\n|upkeep\n|\n|t:|1771203598\n|switch|p2a: Tsareena|Tsareena, L87, F|267/267\n|turn|8\n|\n|t:|1771203602\n|switch|p1a: Vileplume|Vileplume, L87, M|272/272\n|move|p2a: Tsareena|U-turn|p1a: Vileplume\n|-damage|p1a: Vileplume|210/272\n|\n|t:|1771203607\n|switch|p2a: Chimecho|Chimecho, L95, M|56/296|[from] U-turn\n|\n|-heal|p2a: Chimecho|74/296|[from] item: Leftovers\n|-heal|p1a: Vileplume|227/272|[from] item: Black Sludge\n|upkeep\n|turn|9\n|\n|t:|1771203613\n|switch|p1a: Drapion|Drapion, L83, M|252/252\n|move|p2a: Chimecho|Signal Beam|p1a: Drapion\n|-damage|p1a: Drapion|176/252\n|\n|-heal|p2a: Chimecho|92/296|[from] item: Leftovers\n|upkeep\n|turn|10\n|\n|t:|1771203616\n|move|p1a: Drapion|Pursuit|p2a: Chimecho\n|-supereffective|p2a: Chimecho\n|-damage|p2a: Chimecho|0 fnt\n|faint|p2a: Chimecho\n|\n|upkeep\n|\n|t:|1771203631\n|switch|p2a: Smeargle|Smeargle, L88, M|240/240\n|turn|11\n|\n|t:|1771203639\n|move|p1a: Drapion|Pursuit|p2a: Smeargle\n|-damage|p2a: Smeargle|129/240\n|move|p2a: Smeargle|Sticky Web|p1a: Drapion\n|-sidestart|p1: NTsweeper007|move: Sticky Web\n|\n|upkeep\n|turn|12\n|\n|t:|1771203644\n|move|p1a: Drapion|Pursuit|p2a: Smeargle\n|-damage|p2a: Smeargle|26/240\n|move|p2a: Smeargle|Spore|p1a: Drapion\n|-status|p1a: Drapion|slp|[from] move: Spore\n|\n|upkeep\n|turn|13\n|\n|t:|1771203648\n|switch|p1a: Noctowl|Noctowl, L94, M|340/340\n|move|p2a: Smeargle|Stealth Rock|p1a: Noctowl\n|-sidestart|p1: NTsweeper007|move: Stealth Rock\n|\n|upkeep\n|turn|14\n|\n|t:|1771203656\n|move|p1a: Noctowl|Defog|p2a: Smeargle\n|-unboost|p2a: Smeargle|evasion|1\n|-sideend|p1: NTsweeper007|Stealth Rock|[from] move: Defog|[of] p1a: Noctowl\n|-sideend|p1: NTsweeper007|Sticky Web|[from] move: Defog|[of] p1a: Noctowl\n|move|p2a: Smeargle|Spikes|p1a: Noctowl\n|-sidestart|p1: NTsweeper007|Spikes\n|\n|upkeep\n|turn|15\n|\n|t:|1771203660\n|move|p1a: Noctowl|Hyper Voice|p2a: Smeargle\n|-damage|p2a: Smeargle|0 fnt\n|faint|p2a: Smeargle\n|\n|upkeep\n|\n|t:|1771203663\n|switch|p2a: Hitmonchan|Hitmonchan, L87, M|229/229\n|turn|16\n|\n|t:|1771203668\n|switch|p1a: Exeggutor|Exeggutor, L90, M|316/316\n|-damage|p1a: Exeggutor|277/316|[from] Spikes\n|move|p2a: Hitmonchan|Ice Punch|p1a: Exeggutor\n|-supereffective|p1a: Exeggutor\n|-crit|p1a: Exeggutor\n|-damage|p1a: Exeggutor|0 fnt\n|faint|p1a: Exeggutor\n|\n|upkeep\n|\n|t:|1771203676\n|switch|p1a: Simisear|Simisear, L89, M|278/278\n|-damage|p1a: Simisear|244/278|[from] Spikes\n|turn|17\n|\n|t:|1771203688\n|switch|p2a: Tsareena|Tsareena, L87, F|267/267\n|move|p1a: Simisear|Nasty Plot|p1a: Simisear\n|-boost|p1a: Simisear|spa|2\n|\n|-heal|p1a: Simisear|261/278|[from] item: Leftovers\n|upkeep\n|turn|18\n|\n|t:|1771203690\n|move|p1a: Simisear|Nasty Plot|p1a: Simisear\n|-boost|p1a: Simisear|spa|2\n|move|p2a: Tsareena|High Jump Kick|p1a: Simisear\n|-damage|p1a: Simisear|129/278\n|\n|-heal|p1a: Simisear|146/278|[from] item: Leftovers\n|upkeep\n|turn|19\n|\n|t:|1771203695\n|move|p1a: Simisear|Fire Blast|p2a: Tsareena\n|-supereffective|p2a: Tsareena\n|-crit|p2a: Tsareena\n|-damage|p2a: Tsareena|0 fnt\n|faint|p2a: Tsareena\n|\n|-heal|p1a: Simisear|163/278|[from] item: Leftovers\n|upkeep\n|\n|t:|1771203697\n|switch|p2a: Hitmonchan|Hitmonchan, L87, M|229/229\n|turn|20\n|\n|t:|1771203700\n|move|p1a: Simisear|Fire Blast|p2a: Hitmonchan\n|-damage|p2a: Hitmonchan|0 fnt\n|faint|p2a: Hitmonchan\n|\n|-heal|p1a: Simisear|180/278|[from] item: Leftovers\n|upkeep\n|\n|t:|1771203702\n|switch|p2a: Vivillon|Vivillon-Icy Snow, L85, M|275/275\n|turn|21\n|\n|t:|1771203705\n|move|p1a: Simisear|Hidden Power|p2a: Vivillon\n|-supereffective|p2a: Vivillon\n|-damage|p2a: Vivillon|0 fnt\n|faint|p2a: Vivillon\n|\n|win|NTsweeper007\n|raw|NTsweeper007's rating: 1690 &rarr; <strong>1716</strong><br />(+26 for winning)\n|raw|Guimd33's rating: 1798 &rarr; <strong>1772</strong><br />(-26 for losing)\n|l|☆Guimd33\n|player|p2|\n", "inputlog": ">version 686819e5e19f8a7fd2345cfc5a08a5085efa2cc3\n>start {\"formatid\":\"gen7randombattle\",\"seed\":\"sodium,77ab5e988e7c9c4fd74ebbef270d001a\",\"rated\":\"Rated battle\"}\n>player p1 {\"name\":\"NTsweeper007\",\"avatar\":\"hilbert-wonderlauncher\",\"rating\":1690,\"seed\":\"sodium,e0cf8b25ab8acec90833d47727a6c360\"}\n>player p2 {\"name\":\"Guimd33\",\"avatar\":\"pokekid\",\"rating\":1798,\"seed\":\"sodium,beb2afe4b927564578c30fa684be5d81\"}\n>p1 switch 3\n>p2 move stoneedge\n>p1 move strengthsap\n>p2 switch 4\n>p1 switch 5\n>p2 move calmmind\n>p1 move pursuit\n>p2 switch 6\n>p1 switch 2\n>p2 move thunderbolt\n>p1 move bulkup\n>p2 move toxic\n>p1 move closecombat\n>p2 move toxic\n>p2 switch 3\n>p1 switch 5\n>p2 move uturn\n>p2 switch 6\n>p1 switch 2\n>p2 move signalbeam\n>p1 move pursuit\n>p2 move signalbeam\n>p2 switch 2\n>p1 move pursuit\n>p2 move stickyweb\n>p1 move pursuit\n>p2 move spore\n>p1 switch 4\n>p2 move stealthrock\n>p1 move defog\n>p2 move spikes\n>p1 move hypervoice\n>p2 move stickyweb\n>p2 switch 4\n>p1 switch 6\n>p2 move icepunch\n>p1 switch 3\n>p1 move nastyplot\n>p2 switch 6\n>p1 move nastyplot\n>p2 move highjumpkick\n>p1 move fireblast\n>p2 move highjumpkick\n>p2 switch 6\n>p1 move fireblast\n>p2 move drainpunch\n>p2 switch 5\n>p1 move hiddenpower\n>p2 move quiverdance", "uploadtime": 1771203710, "views": 39, "formatid": "gen7randombattle", "rating": 1716, "private": 0, "password": null}