{"id": "gen7randombattle-2533850341", "format": "[Gen 7] Random Battle", "players": ["plop in my pants", "Doge136"], "log": "|j|☆plop in my pants\n|j|☆Doge136\n|t:|1770349076\n|gametype|singles\n|player|p1|plop in my pants|teamrocket|1795\n|player|p2|Doge136|harmony|1689\n|gen|7\n|tier|[Gen 7] Random Battle\n|rated|\n|rule|Sleep Clause Mod: Limit one foe put to sleep\n|rule|HP Percentage Mod: HP is shown in percentages\n|rule|Illusion Level Mod: Illusion disguises the Pokémon's true level\n|\n|t:|1770349076\n|teamsize|p1|6\n|teamsize|p2|6\n|start\n|switch|p1a: Hoopa|Hoopa, L86|278/278\n|switch|p2a: Vikavolt|Vikavolt, L86, M|273/273\n|turn|1\n|\n|t:|1770349132\n|move|p1a: Hoopa|Shadow Ball|p2a: Vikavolt\n|-damage|p2a: Vikavolt|129/273\n|move|p2a: Vikavolt|Discharge|p1a: Hoopa\n|-damage|p1a: Hoopa|196/278\n|-status|p1a: Hoopa|par\n|\n|-heal|p2a: Vikavolt|146/273|[from] item: Leftovers\n|upkeep\n|turn|2\n|\n|t:|1770349149\n|cant|p1a: Hoopa|par\n|move|p2a: Vikavolt|Roost|p2a: Vikavolt\n|-heal|p2a: Vikavolt|273/273\n|-singleturn|p2a: Vikavolt|move: Roost\n|\n|upkeep\n|turn|3\n|\n|t:|1770349155\n|cant|p1a: Hoopa|par\n|move|p2a: Vikavolt|Bug Buzz|p1a: Hoopa\n|-damage|p1a: Hoopa|93/278 par\n|\n|upkeep\n|turn|4\n|\n|t:|1770349161\n|switch|p1a: Excadrill|Excadrill, L81, F|311/311\n|-ability|p1a: Excadrill|Mold Breaker\n|move|p2a: Vikavolt|Bug Buzz|p1a: Excadrill\n|-resisted|p1a: Excadrill\n|-damage|p1a: Excadrill|256/311\n|\n|upkeep\n|turn|5\n|\n|t:|1770349173\n|switch|p2a: Vileplume|Vileplume, L87, M|272/272\n|move|p1a: Excadrill|Rock Slide|p2a: Vileplume|[miss]\n|-miss|p1a: Excadrill|p2a: Vileplume\n|\n|upkeep\n|turn|6\n|\n|t:|1770349190\n|switch|p1a: Hoopa|Hoopa, L86|93/278 par\n|move|p2a: Vileplume|Hidden Power|p1a: Hoopa\n|-damage|p1a: Hoopa|56/278 par\n|\n|upkeep\n|turn|7\n|\n|t:|1770349194\n|switch|p2a: Crobat|Crobat, L82, F|274/274\n|move|p1a: Hoopa|Trick|p2a: Crobat\n|-activate|p1a: Hoopa|move: Trick|[of] p2a: Crobat\n|-item|p2a: Crobat|Choice Scarf|[from] move: Trick\n|-item|p1a: Hoopa|Black Sludge|[from] move: Trick\n|\n|-damage|p1a: Hoopa|22/278 par|[from] item: Black Sludge\n|upkeep\n|turn|8\n|\n|t:|1770349210\n|switch|p1a: Moltres|Moltres, L82|281/281\n|move|p2a: Crobat|Brave Bird|p1a: Moltres\n|-damage|p1a: Moltres|170/281\n|-status|p2a: Crobat|brn|[from] ability: Flame Body|[of] p1a: Moltres\n|-damage|p2a: Crobat|237/274 brn|[from] Recoil\n|\n|-heal|p1a: Moltres|187/281|[from] item: Leftovers\n|-damage|p2a: Crobat|220/274 brn|[from] brn\n|upkeep\n|turn|9\n|\n|t:|1770349220\n|switch|p2a: Oricorio|Oricorio-Pom-Pom, L87, M|272/272\n|move|p1a: Moltres|Fire Blast|p2a: Oricorio\n|-damage|p2a: Oricorio|112/272\n|\n|-heal|p2a: Oricorio|129/272|[from] item: Leftovers\n|-heal|p1a: Moltres|204/281|[from] item: Leftovers\n|upkeep\n|turn|10\n|\n|t:|1770349229\n|switch|p2a: Palkia|Palkia, L75|259/259\n|-ability|p2a: Palkia|Pressure\n|switch|p1a: Diancie|Diancie, L74|196/196\n|\n|upkeep\n|turn|11\n|\n|t:|1770349263\n|switch|p1a: Lickilicky|Lickilicky, L89, M|341/341\n|-ability|p1a: Lickilicky|Cloud Nine\n|move|p2a: Palkia|Hydro Pump|p1a: Lickilicky\n|-damage|p1a: Lickilicky|197/341\n|\n|-heal|p1a: Lickilicky|218/341|[from] item: Leftovers\n|upkeep\n|turn|12\n|\n|t:|1770349270\n|switch|p2a: Vileplume|Vileplume, L87, M|272/272\n|move|p1a: Lickilicky|Wish|p1a: Lickilicky\n|\n|-heal|p1a: Lickilicky|239/341|[from] item: Leftovers\n|upkeep\n|turn|13\n|\n|t:|1770349280\n|move|p1a: Lickilicky|Knock Off|p2a: Vileplume\n|-damage|p2a: Vileplume|200/272\n|-status|p1a: Lickilicky|psn|[from] ability: Effect Spore|[of] p2a: Vileplume\n|-enditem|p2a: Vileplume|Black Sludge|[from] move: Knock Off|[of] p1a: Lickilicky\n|move|p2a: Vileplume|Hidden Power|p1a: Lickilicky\n|-damage|p1a: Lickilicky|198/341 psn\n|\n|-heal|p1a: Lickilicky|341/341 psn|[from] move: Wish|[wisher] Lickilicky\n|-damage|p1a: Lickilicky|299/341 psn|[from] psn\n|upkeep\n|turn|14\n|\n|t:|1770349290\n|move|p1a: Lickilicky|Wish|p1a: Lickilicky\n|move|p2a: Vileplume|Strength Sap|p1a: Lickilicky\n|-unboost|p1a: Lickilicky|atk|1\n|-heal|p2a: Vileplume|272/272\n|\n|-heal|p1a: Lickilicky|320/341 psn|[from] item: Leftovers\n|-damage|p1a: Lickilicky|278/341 psn|[from] psn\n|upkeep\n|turn|15\n|\n|t:|1770349296\n|move|p1a: Lickilicky|Body Slam|p2a: Vileplume\n|-damage|p2a: Vileplume|208/272\n|move|p2a: Vileplume|Sludge Bomb|p1a: Lickilicky\n|-damage|p1a: Lickilicky|175/341 psn\n|\n|-heal|p1a: Lickilicky|341/341 psn|[from] move: Wish|[wisher] Lickilicky\n|-damage|p1a: Lickilicky|299/341 psn|[from] psn\n|upkeep\n|turn|16\n|\n|t:|1770349301\n|move|p1a: Lickilicky|Wish|p1a: Lickilicky\n|move|p2a: Vileplume|Sludge Bomb|p1a: Lickilicky\n|-damage|p1a: Lickilicky|196/341 psn\n|\n|-heal|p1a: Lickilicky|217/341 psn|[from] item: Leftovers\n|-damage|p1a: Lickilicky|175/341 psn|[from] psn\n|upkeep\n|turn|17\n|\n|t:|1770349306\n|move|p1a: Lickilicky|Body Slam|p2a: Vileplume\n|-damage|p2a: Vileplume|148/272\n|move|p2a: Vileplume|Hidden Power|p1a: Lickilicky\n|-damage|p1a: Lickilicky|134/341 psn\n|\n|-heal|p1a: Lickilicky|304/341 psn|[from] move: Wish|[wisher] Lickilicky\n|-heal|p1a: Lickilicky|325/341 psn|[from] item: Leftovers\n|-damage|p1a: Lickilicky|283/341 psn|[from] psn\n|upkeep\n|turn|18\n|\n|t:|1770349309\n|move|p1a: Lickilicky|Wish|p1a: Lickilicky\n|move|p2a: Vileplume|Strength Sap|p1a: Lickilicky\n|-unboost|p1a: Lickilicky|atk|1\n|-heal|p2a: Vileplume|272/272\n|\n|-heal|p1a: Lickilicky|304/341 psn|[from] item: Leftovers\n|-damage|p1a: Lickilicky|262/341 psn|[from] psn\n|upkeep\n|turn|19\n|\n|t:|1770349314\n|move|p1a: Lickilicky|Body Slam|p2a: Vileplume\n|-damage|p2a: Vileplume|226/272\n|move|p2a: Vileplume|Sludge Bomb|p1a: Lickilicky\n|-damage|p1a: Lickilicky|160/341 psn\n|\n|-heal|p1a: Lickilicky|330/341 psn|[from] move: Wish|[wisher] Lickilicky\n|-heal|p1a: Lickilicky|341/341 psn|[from] item: Leftovers\n|-damage|p1a: Lickilicky|299/341 psn|[from] psn\n|upkeep\n|turn|20\n|\n|t:|1770349322\n|move|p1a: Lickilicky|Wish|p1a: Lickilicky\n|move|p2a: Vileplume|Sludge Bomb|p1a: Lickilicky\n|-damage|p1a: Lickilicky|202/341 psn\n|\n|-heal|p1a: Lickilicky|223/341 psn|[from] item: Leftovers\n|-damage|p1a: Lickilicky|181/341 psn|[from] psn\n|upkeep\n|turn|21\n|\n|t:|1770349325\n|move|p1a: Lickilicky|Body Slam|p2a: Vileplume\n|-damage|p2a: Vileplume|177/272\n|-status|p2a: Vileplume|par\n|move|p2a: Vileplume|Hidden Power|p1a: Lickilicky\n|-damage|p1a: Lickilicky|136/341 psn\n|\n|-heal|p1a: Lickilicky|306/341 psn|[from] move: Wish|[wisher] Lickilicky\n|-heal|p1a: Lickilicky|327/341 psn|[from] item: Leftovers\n|-damage|p1a: Lickilicky|285/341 psn|[from] psn\n|upkeep\n|turn|22\n|\n|t:|1770349330\n|move|p1a: Lickilicky|Wish|p1a: Lickilicky\n|move|p2a: Vileplume|Strength Sap|p1a: Lickilicky\n|-unboost|p1a: Lickilicky|atk|1\n|-heal|p2a: Vileplume|272/272 par\n|\n|-heal|p1a: Lickilicky|306/341 psn|[from] item: Leftovers\n|-damage|p1a: Lickilicky|264/341 psn|[from] psn\n|upkeep\n|turn|23\n|\n|t:|1770349340\n|switch|p1a: Diancie|Diancie, L74|196/196\n|cant|p2a: Vileplume|par\n|\n|upkeep\n|turn|24\n|\n|t:|1770349345\n|detailschange|p1a: Diancie|Diancie-Mega, L74\n|-mega|p1a: Diancie|Diancie|Diancite\n|move|p1a: Diancie|Stealth Rock|p2a: Vileplume\n|-sidestart|p2: Doge136|move: Stealth Rock\n|move|p2a: Vileplume|Sleep Powder|p1a: Diancie\n|move|p1a: Diancie|Sleep Powder|p2a: Vileplume|[from] ability: Magic Bounce\n|-immune|p2a: Vileplume\n|\n|upkeep\n|turn|25\n|c|☆Doge136|oh yea\n|c|☆Doge136|oops\n|\n|t:|1770349362\n|switch|p1a: Lickilicky|Lickilicky, L89, M|264/341 psn\n|-ability|p1a: Lickilicky|Cloud Nine\n|move|p2a: Vileplume|Sludge Bomb|p1a: Lickilicky\n|-damage|p1a: Lickilicky|168/341 psn\n|\n|-heal|p1a: Lickilicky|189/341 psn|[from] item: Leftovers\n|-damage|p1a: Lickilicky|147/341 psn|[from] psn\n|upkeep\n|turn|26\n|\n|t:|1770349369\n|move|p1a: Lickilicky|Wish|p1a: Lickilicky\n|move|p2a: Vileplume|Sludge Bomb|p1a: Lickilicky\n|-damage|p1a: Lickilicky|50/341 psn\n|\n|-heal|p1a: Lickilicky|71/341 psn|[from] item: Leftovers\n|-damage|p1a: Lickilicky|29/341 psn|[from] psn\n|upkeep\n|turn|27\n|\n|t:|1770349373\n|move|p1a: Lickilicky|Protect|p1a: Lickilicky\n|-singleturn|p1a: Lickilicky|Protect\n|cant|p2a: Vileplume|par\n|\n|-heal|p1a: Lickilicky|199/341 psn|[from] move: Wish|[wisher] Lickilicky\n|-heal|p1a: Lickilicky|220/341 psn|[from] item: Leftovers\n|-damage|p1a: Lickilicky|178/341 psn|[from] psn\n|upkeep\n|turn|28\n|\n|t:|1770349378\n|move|p1a: Lickilicky|Wish|p1a: Lickilicky\n|move|p2a: Vileplume|Hidden Power|p1a: Lickilicky\n|-damage|p1a: Lickilicky|136/341 psn\n|\n|-heal|p1a: Lickilicky|157/341 psn|[from] item: Leftovers\n|-damage|p1a: Lickilicky|115/341 psn|[from] psn\n|upkeep\n|turn|29\n|\n|t:|1770349383\n|move|p1a: Lickilicky|Protect|p1a: Lickilicky\n|-singleturn|p1a: Lickilicky|Protect\n|move|p2a: Vileplume|Hidden Power|p1a: Lickilicky\n|-activate|p1a: Lickilicky|move: Protect\n|\n|-heal|p1a: Lickilicky|285/341 psn|[from] move: Wish|[wisher] Lickilicky\n|-heal|p1a: Lickilicky|306/341 psn|[from] item: Leftovers\n|-damage|p1a: Lickilicky|264/341 psn|[from] psn\n|upkeep\n|turn|30\n|\n|t:|1770349387\n|move|p1a: Lickilicky|Wish|p1a: Lickilicky\n|move|p2a: Vileplume|Hidden Power|p1a: Lickilicky\n|-damage|p1a: Lickilicky|219/341 psn\n|\n|-heal|p1a: Lickilicky|240/341 psn|[from] item: Leftovers\n|-damage|p1a: Lickilicky|198/341 psn|[from] psn\n|upkeep\n|turn|31\n|\n|t:|1770349394\n|move|p1a: Lickilicky|Body Slam|p2a: Vileplume\n|-damage|p2a: Vileplume|175/272 par\n|move|p2a: Vileplume|Strength Sap|p1a: Lickilicky\n|-unboost|p1a: Lickilicky|atk|1\n|-heal|p2a: Vileplume|272/272 par\n|\n|-heal|p1a: Lickilicky|341/341 psn|[from] move: Wish|[wisher] Lickilicky\n|-damage|p1a: Lickilicky|299/341 psn|[from] psn\n|upkeep\n|turn|32\n|\n|t:|1770349398\n|move|p1a: Lickilicky|Wish|p1a: Lickilicky\n|cant|p2a: Vileplume|par\n|\n|-heal|p1a: Lickilicky|320/341 psn|[from] item: Leftovers\n|-damage|p1a: Lickilicky|278/341 psn|[from] psn\n|upkeep\n|turn|33\n|\n|t:|1770349404\n|switch|p1a: Moltres|Moltres, L82|204/281\n|move|p2a: Vileplume|Sludge Bomb|p1a: Moltres\n|-damage|p1a: Moltres|83/281\n|-status|p1a: Moltres|psn\n|\n|-heal|p1a: Moltres|253/281 psn|[from] move: Wish|[wisher] Lickilicky\n|-heal|p1a: Moltres|270/281 psn|[from] item: Leftovers\n|-damage|p1a: Moltres|235/281 psn|[from] psn\n|upkeep\n|turn|34\n|\n|t:|1770349415\n|move|p1a: Moltres|Hurricane|p2a: Vileplume\n|-supereffective|p2a: Vileplume\n|-damage|p2a: Vileplume|8/272 par\n|-start|p2a: Vileplume|confusion\n|-activate|p2a: Vileplume|confusion\n|move|p2a: Vileplume|Strength Sap|p1a: Moltres\n|-unboost|p1a: Moltres|atk|1\n|-heal|p2a: Vileplume|177/272 par\n|\n|-heal|p1a: Moltres|252/281 psn|[from] item: Leftovers\n|-damage|p1a: Moltres|217/281 psn|[from] psn\n|upkeep\n|turn|35\n|\n|t:|1770349420\n|move|p1a: Moltres|Hurricane|p2a: Vileplume|[miss]\n|-miss|p1a: Moltres|p2a: Vileplume\n|-activate|p2a: Vileplume|confusion\n|move|p2a: Vileplume|Sludge Bomb|p1a: Moltres\n|-damage|p1a: Moltres|91/281 psn\n|\n|-heal|p1a: Moltres|108/281 psn|[from] item: Leftovers\n|-damage|p1a: Moltres|73/281 psn|[from] psn\n|upkeep\n|turn|36\n|\n|t:|1770349429\n|move|p1a: Moltres|Roost|p1a: Moltres\n|-heal|p1a: Moltres|214/281 psn\n|-singleturn|p1a: Moltres|move: Roost\n|-activate|p2a: Vileplume|confusion\n|cant|p2a: Vileplume|par\n|\n|-heal|p1a: Moltres|231/281 psn|[from] item: Leftovers\n|-damage|p1a: Moltres|196/281 psn|[from] psn\n|upkeep\n|turn|37\n|\n|t:|1770349438\n|move|p1a: Moltres|Hurricane|p2a: Vileplume\n|-supereffective|p2a: Vileplume\n|-damage|p2a: Vileplume|0 fnt\n|faint|p2a: Vileplume\n|\n|-heal|p1a: Moltres|213/281 psn|[from] item: Leftovers\n|-damage|p1a: Moltres|178/281 psn|[from] psn\n|upkeep\n|\n|t:|1770349441\n|switch|p2a: Chansey|Chansey, L85, F|564/564\n|-damage|p2a: Chansey|494/564|[from] Stealth Rock\n|turn|38\n|\n|t:|1770349458\n|switch|p1a: Lickilicky|Lickilicky, L89, M|278/341 psn\n|-ability|p1a: Lickilicky|Cloud Nine\n|move|p2a: Chansey|Seismic Toss|p1a: Lickilicky\n|-damage|p1a: Lickilicky|193/341 psn\n|\n|-heal|p1a: Lickilicky|214/341 psn|[from] item: Leftovers\n|-damage|p1a: Lickilicky|172/341 psn|[from] psn\n|upkeep\n|turn|39\n|\n|t:|1770349463\n|move|p1a: Lickilicky|Wish|p1a: Lickilicky\n|move|p2a: Chansey|Stealth Rock|p1a: Lickilicky\n|-sidestart|p1: plop in my pants|move: Stealth Rock\n|\n|-heal|p1a: Lickilicky|193/341 psn|[from] item: Leftovers\n|-damage|p1a: Lickilicky|151/341 psn|[from] psn\n|upkeep\n|turn|40\n|\n|t:|1770349470\n|move|p1a: Lickilicky|Body Slam|p2a: Chansey\n|-damage|p2a: Chansey|301/564\n|move|p2a: Chansey|Seismic Toss|p1a: Lickilicky\n|-damage|p1a: Lickilicky|66/341 psn\n|\n|-heal|p1a: Lickilicky|236/341 psn|[from] move: Wish|[wisher] Lickilicky\n|-heal|p1a: Lickilicky|257/341 psn|[from] item: Leftovers\n|-damage|p1a: Lickilicky|215/341 psn|[from] psn\n|upkeep\n|turn|41\n|\n|t:|1770349475\n|move|p1a: Lickilicky|Wish|p1a: Lickilicky\n|move|p2a: Chansey|Soft-Boiled|p2a: Chansey\n|-heal|p2a: Chansey|564/564\n|\n|-heal|p1a: Lickilicky|236/341 psn|[from] item: Leftovers\n|-damage|p1a: Lickilicky|194/341 psn|[from] psn\n|upkeep\n|turn|42\n|\n|t:|1770349478\n|move|p1a: Lickilicky|Body Slam|p2a: Chansey\n|-damage|p2a: Chansey|371/564\n|move|p2a: Chansey|Seismic Toss|p1a: Lickilicky\n|-damage|p1a: Lickilicky|109/341 psn\n|\n|-heal|p1a: Lickilicky|279/341 psn|[from] move: Wish|[wisher] Lickilicky\n|-heal|p1a: Lickilicky|300/341 psn|[from] item: Leftovers\n|-damage|p1a: Lickilicky|258/341 psn|[from] psn\n|upkeep\n|turn|43\n|\n|t:|1770349481\n|move|p1a: Lickilicky|Wish|p1a: Lickilicky\n|move|p2a: Chansey|Soft-Boiled|p2a: Chansey\n|-heal|p2a: Chansey|564/564\n|\n|-heal|p1a: Lickilicky|279/341 psn|[from] item: Leftovers\n|-damage|p1a: Lickilicky|237/341 psn|[from] psn\n|upkeep\n|turn|44\n|\n|t:|1770349483\n|move|p1a: Lickilicky|Body Slam|p2a: Chansey\n|-damage|p2a: Chansey|341/564\n|move|p2a: Chansey|Seismic Toss|p1a: Lickilicky\n|-damage|p1a: Lickilicky|152/341 psn\n|\n|-heal|p1a: Lickilicky|322/341 psn|[from] move: Wish|[wisher] Lickilicky\n|-heal|p1a: Lickilicky|341/341 psn|[from] item: Leftovers\n|-damage|p1a: Lickilicky|299/341 psn|[from] psn\n|upkeep\n|turn|45\n|\n|t:|1770349487\n|move|p1a: Lickilicky|Knock Off|p2a: Chansey\n|-damage|p2a: Chansey|190/564\n|-enditem|p2a: Chansey|Eviolite|[from] move: Knock Off|[of] p1a: Lickilicky\n|move|p2a: Chansey|Soft-Boiled|p2a: Chansey\n|-heal|p2a: Chansey|472/564\n|\n|-heal|p1a: Lickilicky|320/341 psn|[from] item: Leftovers\n|-damage|p1a: Lickilicky|278/341 psn|[from] psn\n|upkeep\n|turn|46\n|\n|t:|1770349491\n|move|p1a: Lickilicky|Body Slam|p2a: Chansey\n|-damage|p2a: Chansey|136/564\n|move|p2a: Chansey|Seismic Toss|p1a: Lickilicky\n|-damage|p1a: Lickilicky|193/341 psn\n|\n|-heal|p1a: Lickilicky|214/341 psn|[from] item: Leftovers\n|-damage|p1a: Lickilicky|172/341 psn|[from] psn\n|upkeep\n|turn|47\n|\n|t:|1770349495\n|move|p1a: Lickilicky|Body Slam|p2a: Chansey\n|-damage|p2a: Chansey|0 fnt\n|faint|p2a: Chansey\n|\n|-heal|p1a: Lickilicky|193/341 psn|[from] item: Leftovers\n|-damage|p1a: Lickilicky|151/341 psn|[from] psn\n|upkeep\n|\n|t:|1770349505\n|switch|p2a: Oricorio|Oricorio-Pom-Pom, L87, M|129/272\n|-damage|p2a: Oricorio|61/272|[from] Stealth Rock\n|turn|48\n|\n|t:|1770349513\n|switch|p1a: Diancie|Diancie-Mega, L74|196/196\n|-damage|p1a: Diancie|172/196|[from] Stealth Rock\n|move|p2a: Oricorio|Roost|p2a: Oricorio\n|-heal|p2a: Oricorio|197/272\n|-singleturn|p2a: Oricorio|move: Roost\n|\n|-heal|p2a: Oricorio|214/272|[from] item: Leftovers\n|upkeep\n|turn|49\n|\n|t:|1770349522\n|move|p2a: Oricorio|Revelation Dance|p1a: Diancie\n|-damage|p1a: Diancie|79/196\n|move|p1a: Diancie|Diamond Storm|p2a: Oricorio\n|-supereffective|p2a: Oricorio\n|-damage|p2a: Oricorio|0 fnt\n|-boost|p1a: Diancie|def|2\n|faint|p2a: Oricorio\n|\n|upkeep\n|\n|t:|1770349534\n|switch|p2a: Palkia|Palkia, L75|259/259\n|-damage|p2a: Palkia|227/259|[from] Stealth Rock\n|-ability|p2a: Palkia|Pressure\n|turn|50\n|\n|t:|1770349547\n|move|p1a: Diancie|Moonblast|p2a: Palkia\n|-supereffective|p2a: Palkia\n|-damage|p2a: Palkia|33/259\n|move|p2a: Palkia|Hydro Pump|p1a: Diancie|[miss]\n|-miss|p2a: Palkia|p1a: Diancie\n|\n|upkeep\n|turn|51\n|\n|t:|1770349560\n|move|p1a: Diancie|Moonblast|p2a: Palkia\n|-supereffective|p2a: Palkia\n|-damage|p2a: Palkia|0 fnt\n|faint|p2a: Palkia\n|\n|upkeep\n|c|☆Doge136|gg\n|\n|t:|1770349564\n|switch|p2a: Crobat|Crobat, L82, F|220/274 brn\n|-damage|p2a: Crobat|152/274 brn|[from] Stealth Rock\n|turn|52\n|\n|t:|1770349569\n|move|p2a: Crobat|Brave Bird|p1a: Diancie\n|-resisted|p1a: Diancie\n|-damage|p1a: Diancie|65/196\n|-damage|p2a: Crobat|147/274 brn|[from] Recoil\n|move|p1a: Diancie|Diamond Storm|p2a: Crobat\n|-supereffective|p2a: Crobat\n|-damage|p2a: Crobat|0 fnt\n|faint|p2a: Crobat\n|\n|upkeep\n|c|☆plop in my pants|gg touch match up for you\n|\n|t:|1770349613\n|switch|p2a: Vikavolt|Vikavolt, L86, M|273/273\n|-damage|p2a: Vikavolt|205/273|[from] Stealth Rock\n|turn|53\n|c|☆Doge136|its aight its randoms\n|c|☆Doge136|happens\n|\n|t:|1770349622\n|move|p1a: Diancie|Moonblast|p2a: Vikavolt\n|-damage|p2a: Vikavolt|84/273\n|move|p2a: Vikavolt|Discharge|p1a: Diancie\n|-damage|p1a: Diancie|0 fnt\n|faint|p1a: Diancie\n|detailschange|p1: Diancie|Diancie, L74|[silent]\n|\n|-heal|p2a: Vikavolt|101/273|[from] item: Leftovers\n|upkeep\n|\n|t:|1770349625\n|switch|p1a: Excadrill|Excadrill, L81, F|256/311\n|-damage|p1a: Excadrill|247/311|[from] Stealth Rock\n|-ability|p1a: Excadrill|Mold Breaker\n|turn|54\n|\n|t:|1770349628\n|move|p1a: Excadrill|Earthquake|p2a: Vikavolt\n|-damage|p2a: Vikavolt|0 fnt\n|faint|p2a: Vikavolt\n|\n|win|plop in my pants\n|raw|plop in my pants's rating: 1795 &rarr; <strong>1808</strong><br />(+13 for winning)\n|raw|Doge136's rating: 1675 &rarr; <strong>1662</strong><br />(-13 for losing)\n|l|☆Doge136\n|player|p2|\n", "inputlog": ">version ccdc32dd7cde25fd9e4bed64820e885f66e78a4e\n>start {\"formatid\":\"gen7randombattle\",\"seed\":\"sodium,8b40c4198130e5b9391ad986cf5973c9\",\"rated\":\"Rated battle\"}\n>player p1 {\"name\":\"plop in my pants\",\"avatar\":\"teamrocket\",\"rating\":1795,\"seed\":\"sodium,71de4c3702a30dfd306e1ddaf461c0a7\"}\n>player p2 {\"name\":\"Doge136\",\"avatar\":\"harmony\",\"rating\":1689,\"seed\":\"sodium,4cbfea101672b577ccde5c394722b3b7\"}\n>p1 move shadowball\n>p2 move discharge\n>p1 move shadowball\n>p2 move roost\n>p1 move shadowball\n>p2 move bugbuzz\n>p1 switch 4\n>p2 move bugbuzz\n>p1 move rockslide\n>p2 switch 4\n>p1 switch 4\n>p2 move hiddenpower\n>p1 move trick\n>p2 switch 5\n>p1 switch 3\n>p2 move bravebird\n>p1 move fireblast\n>p2 switch 6\n>p1 switch 6\n>p2 switch 2\n>p1 switch 2\n>p2 move hydropump\n>p1 move wish\n>p2 switch 5\n>p1 move knockoff\n>p2 move hiddenpower\n>p1 move wish\n>p2 move strengthsap\n>p1 move bodyslam\n>p2 move sludgebomb\n>p1 move wish\n>p2 move sludgebomb\n>p1 move bodyslam\n>p2 move hiddenpower\n>p1 move wish\n>p2 move strengthsap\n>p1 move bodyslam\n>p2 move sludgebomb\n>p1 move wish\n>p2 move sludgebomb\n>p1 move bodyslam\n>p2 move hiddenpower\n>p1 move wish\n>p2 move strengthsap\n>p1 switch 2\n>p2 move hiddenpower\n>p1 move stealthrock mega\n>p2 move sleeppowder\n>chat ☆Doge136|oh yea\n>chat ☆Doge136|oops\n>p1 switch 2\n>p2 move sludgebomb\n>p1 move wish\n>p2 move sludgebomb\n>p1 move protect\n>p2 move strengthsap\n>p1 move wish\n>p2 move hiddenpower\n>p1 move protect\n>p2 move hiddenpower\n>p1 move wish\n>p2 move hiddenpower\n>p1 move bodyslam\n>p2 move strengthsap\n>p1 move wish\n>p2 move hiddenpower\n>p1 switch 6\n>p2 move sludgebomb\n>p1 move hurricane\n>p2 move strengthsap\n>p1 move hurricane\n>p2 move sludgebomb\n>p1 move roost\n>p2 move hiddenpower\n>p1 move hurricane\n>p2 move sludgebomb\n>p2 switch 3\n>p1 switch 6\n>p2 move seismictoss\n>p1 move wish\n>p2 move stealthrock\n>p1 move bodyslam\n>p2 move seismictoss\n>p1 move wish\n>p2 move softboiled\n>p1 move bodyslam\n>p2 move seismictoss\n>p1 move wish\n>p2 move softboiled\n>p1 move bodyslam\n>p2 move seismictoss\n>p1 move knockoff\n>p2 move softboiled\n>p1 move bodyslam\n>p2 move seismictoss\n>p1 move bodyslam\n>p2 move seismictoss\n>p2 switch 2\n>p1 switch 2\n>p2 move roost\n>p1 move diamondstorm\n>p2 move revelationdance\n>p2 switch 5\n>p1 move moonblast\n>p2 move hydropump\n>p1 move moonblast\n>p2 move hydropump\n>chat ☆Doge136|gg\n>p2 switch 6\n>p1 move diamondstorm\n>p2 move bravebird\n>chat ☆plop in my pants|gg touch match up for you\n>p2 switch 4\n>chat ☆Doge136|its aight its randoms\n>chat ☆Doge136|happens\n>p1 move moonblast\n>p2 move discharge\n>p1 switch 4\n>p1 move earthquake\n>p2 move bugbuzz", "uploadtime": 1770349631, "views": 199, "formatid": "gen7randombattle", "rating": 1662, "private": 0, "password": null}