{"id": "gen7randombattle-2528481974", "format": "[Gen 7] Random Battle", "players": ["hulk finger family", "Youngone95"], "log": "|j|☆hulk finger family\n|j|☆Youngone95\n|t:|1769662701\n|gametype|singles\n|player|p1|hulk finger family|madame|1582\n|player|p2|Youngone95|170|1639\n|gen|7\n|tier|[Gen 7] Random Battle\n|rated|\n|rule|Sleep Clause Mod: Limit one foe put to sleep\n|rule|HP Percentage Mod: HP is shown in percentages\n|rule|Illusion Level Mod: Illusion disguises the Pokémon's true level\n|\n|t:|1769662701\n|teamsize|p1|6\n|teamsize|p2|6\n|start\n|switch|p1a: Arceus|Arceus-Water, L72|292/292\n|switch|p2a: Togedemaru|Togedemaru, L86, F|252/252\n|turn|1\n|\n|t:|1769662716\n|switch|p1a: Mudsdale|Mudsdale, L83, M|302/302\n|move|p2a: Togedemaru|Nuzzle|p1a: Mudsdale\n|-immune|p1a: Mudsdale\n|\n|upkeep\n|turn|2\n|\n|t:|1769662726\n|switch|p2a: Cofagrigus|Cofagrigus, L89, F|248/248\n|move|p1a: Mudsdale|Stealth Rock|p2a: Cofagrigus\n|-sidestart|p2: Youngone95|move: Stealth Rock\n|\n|upkeep\n|turn|3\n|\n|t:|1769662737\n|switch|p1a: Cherrim|Cherrim, L99, F|299/299\n|move|p2a: Cofagrigus|Trick Room|p2a: Cofagrigus\n|-fieldstart|move: Trick Room|[of] p2a: Cofagrigus\n|\n|upkeep\n|turn|4\n|\n|t:|1769662741\n|move|p2a: Cofagrigus|Nasty Plot|p2a: Cofagrigus\n|-boost|p2a: Cofagrigus|spa|2\n|move|p1a: Cherrim|Energy Ball|p2a: Cofagrigus\n|-damage|p2a: Cofagrigus|100/248\n|\n|-heal|p2a: Cofagrigus|115/248|[from] item: Leftovers\n|upkeep\n|turn|5\n|\n|t:|1769662743\n|move|p2a: Cofagrigus|Shadow Ball|p1a: Cherrim\n|-damage|p1a: Cherrim|137/299\n|move|p1a: Cherrim|Energy Ball|p2a: Cofagrigus\n|-damage|p2a: Cofagrigus|0 fnt\n|faint|p2a: Cofagrigus\n|\n|upkeep\n|\n|t:|1769662751\n|switch|p2a: Banette|Banette, L93, M|270/270\n|-damage|p2a: Banette|237/270|[from] Stealth Rock\n|turn|6\n|\n|t:|1769662759\n|switch|p1a: Mudsdale|Mudsdale, L83, M|302/302\n|move|p2a: Banette|Gunk Shot|p1a: Mudsdale\n|-resisted|p1a: Mudsdale\n|-damage|p1a: Mudsdale|233/302\n|-ability|p1a: Mudsdale|Stamina|boost\n|-boost|p1a: Mudsdale|def|1\n|-damage|p2a: Banette|210/270|[from] item: Life Orb\n|\n|-heal|p1a: Mudsdale|251/302|[from] item: Leftovers\n|upkeep\n|turn|7\n|\n|t:|1769662764\n|move|p1a: Mudsdale|Earthquake|p2a: Banette\n|-damage|p2a: Banette|54/270\n|-start|p1a: Mudsdale|Disable|Earthquake|[from] ability: Cursed Body|[of] p2a: Banette\n|move|p2a: Banette|Knock Off|p1a: Mudsdale\n|-crit|p1a: Mudsdale\n|-damage|p1a: Mudsdale|89/302\n|-ability|p1a: Mudsdale|Stamina|boost\n|-boost|p1a: Mudsdale|def|1\n|-enditem|p1a: Mudsdale|Leftovers|[from] move: Knock Off|[of] p2a: Banette\n|-damage|p2a: Banette|27/270|[from] item: Life Orb\n|\n|-fieldend|move: Trick Room\n|upkeep\n|turn|8\n|\n|t:|1769662769\n|move|p2a: Banette|Knock Off|p1a: Mudsdale\n|-damage|p1a: Mudsdale|51/302\n|-ability|p1a: Mudsdale|Stamina|boost\n|-boost|p1a: Mudsdale|def|1\n|-damage|p2a: Banette|0 fnt|[from] item: Life Orb\n|faint|p2a: Banette\n|move|p1a: Mudsdale|Rock Slide|p2: Banette|[notarget]\n|-fail|p1a: Mudsdale\n|\n|upkeep\n|\n|t:|1769662779\n|switch|p2a: Diancie|Diancie, L74|196/196\n|-damage|p2a: Diancie|172/196|[from] Stealth Rock\n|turn|9\n|\n|t:|1769662785\n|detailschange|p2a: Diancie|Diancie-Mega, L74\n|-mega|p2a: Diancie|Diancie|Diancite\n|move|p2a: Diancie|Moonblast|p1a: Mudsdale\n|-damage|p1a: Mudsdale|0 fnt\n|faint|p1a: Mudsdale\n|\n|upkeep\n|\n|t:|1769662790\n|switch|p1a: Cherrim|Cherrim, L99, F|137/299\n|turn|10\n|\n|t:|1769662798\n|switch|p2a: Togedemaru|Togedemaru, L86, F|252/252\n|-damage|p2a: Togedemaru|237/252|[from] Stealth Rock\n|move|p1a: Cherrim|Energy Ball|p2a: Togedemaru\n|-resisted|p2a: Togedemaru\n|-damage|p2a: Togedemaru|171/252\n|\n|upkeep\n|turn|11\n|\n|t:|1769662802\n|switch|p1a: Castform|Castform, L99, F|299/299\n|move|p2a: Togedemaru|Nuzzle|p1a: Castform\n|-damage|p1a: Castform|277/299\n|-status|p1a: Castform|par\n|\n|-heal|p1a: Castform|295/299 par|[from] item: Leftovers\n|upkeep\n|turn|12\n|\n|t:|1769662805\n|move|p2a: Togedemaru|Zing Zap|p1a: Castform\n|-damage|p1a: Castform|205/299 par\n|move|p1a: Castform|Fire Blast|p2a: Togedemaru\n|-supereffective|p2a: Togedemaru\n|-damage|p2a: Togedemaru|43/252\n|\n|-heal|p1a: Castform|223/299 par|[from] item: Leftovers\n|upkeep\n|turn|13\n|\n|t:|1769662808\n|move|p2a: Togedemaru|Zing Zap|p1a: Castform\n|-damage|p1a: Castform|133/299 par\n|cant|p1a: Castform|flinch\n|\n|-heal|p1a: Castform|151/299 par|[from] item: Leftovers\n|upkeep\n|turn|14\n|\n|t:|1769662810\n|move|p2a: Togedemaru|Zing Zap|p1a: Castform\n|-damage|p1a: Castform|61/299 par\n|move|p1a: Castform|Scald|p2a: Togedemaru\n|-damage|p2a: Togedemaru|0 fnt\n|faint|p2a: Togedemaru\n|\n|-heal|p1a: Castform|79/299 par|[from] item: Leftovers\n|upkeep\n|\n|t:|1769662812\n|switch|p2a: Salamence|Salamence, L72, M|255/255\n|-damage|p2a: Salamence|192/255|[from] Stealth Rock\n|turn|15\n|\n|t:|1769662817\n|move|p2a: Salamence|Dragon Dance|p2a: Salamence\n|-boost|p2a: Salamence|atk|1\n|-boost|p2a: Salamence|spe|1\n|cant|p1a: Castform|par\n|\n|-heal|p1a: Castform|97/299 par|[from] item: Leftovers\n|upkeep\n|turn|16\n|\n|t:|1769662823\n|move|p2a: Salamence|Fly||[still]\n|-prepare|p2a: Salamence|Fly\n|move|p1a: Castform|Return|p2a: Salamence|[miss]\n|-miss|p1a: Castform|p2a: Salamence\n|\n|-heal|p1a: Castform|115/299 par|[from] item: Leftovers\n|upkeep\n|turn|17\n|\n|t:|1769662830\n|switch|p1a: Mismagius|Mismagius, L87, F|246/246\n|move|p2a: Salamence|Fly|p1a: Mismagius|[from] lockedmove\n|-damage|p1a: Mismagius|69/246\n|\n|-heal|p1a: Mismagius|84/246|[from] item: Leftovers\n|upkeep\n|turn|18\n|\n|t:|1769662835\n|move|p2a: Salamence|Fly||[still]\n|-prepare|p2a: Salamence|Fly\n|move|p1a: Mismagius|Dazzling Gleam|p2a: Salamence|[miss]\n|-miss|p1a: Mismagius|p2a: Salamence\n|\n|-heal|p1a: Mismagius|99/246|[from] item: Leftovers\n|upkeep\n|turn|19\n|\n|t:|1769662842\n|move|p2a: Salamence|Fly|p1a: Mismagius|[from] lockedmove\n|-damage|p1a: Mismagius|0 fnt\n|faint|p1a: Mismagius\n|-ability|p2a: Salamence|Moxie|boost\n|-boost|p2a: Salamence|atk|1\n|\n|upkeep\n|\n|t:|1769662846\n|switch|p1a: Arceus|Arceus-Water, L72|292/292\n|turn|20\n|\n|t:|1769662849\n|switch|p1a: Castform|Castform, L99, F|115/299 par\n|-zpower|p2a: Salamence\n|move|p2a: Salamence|Supersonic Skystrike|p1a: Castform|[zeffect]\n|-damage|p1a: Castform|0 fnt\n|faint|p1a: Castform\n|-ability|p2a: Salamence|Moxie|boost\n|-boost|p2a: Salamence|atk|1\n|\n|upkeep\n|\n|t:|1769662851\n|switch|p1a: Arceus|Arceus-Water, L72|292/292\n|turn|21\n|\n|t:|1769662853\n|move|p2a: Salamence|Outrage|p1a: Arceus\n|-damage|p1a: Arceus|21/292\n|move|p1a: Arceus|Ice Beam|p2a: Salamence\n|-supereffective|p2a: Salamence\n|-damage|p2a: Salamence|0 fnt\n|faint|p2a: Salamence\n|\n|upkeep\n|\n|t:|1769662857\n|switch|p2a: Musharna|Musharna, L89, F|351/351\n|-damage|p2a: Musharna|308/351|[from] Stealth Rock\n|turn|22\n|\n|t:|1769662860\n|move|p1a: Arceus|Recover|p1a: Arceus\n|-heal|p1a: Arceus|167/292\n|move|p2a: Musharna|Calm Mind|p2a: Musharna\n|-boost|p2a: Musharna|spa|1\n|-boost|p2a: Musharna|spd|1\n|\n|-heal|p2a: Musharna|329/351|[from] item: Leftovers\n|upkeep\n|turn|23\n|\n|t:|1769662863\n|move|p1a: Arceus|Toxic|p2a: Musharna\n|-status|p2a: Musharna|tox\n|-activate|p2a: Musharna|ability: Synchronize\n|-status|p1a: Arceus|tox\n|move|p2a: Musharna|Calm Mind|p2a: Musharna\n|-boost|p2a: Musharna|spa|1\n|-boost|p2a: Musharna|spd|1\n|\n|-heal|p2a: Musharna|350/351 tox|[from] item: Leftovers\n|-damage|p1a: Arceus|149/292 tox|[from] psn\n|-damage|p2a: Musharna|329/351 tox|[from] psn\n|upkeep\n|turn|24\n|\n|t:|1769662865\n|move|p1a: Arceus|Recover|p1a: Arceus\n|-heal|p1a: Arceus|292/292 tox\n|move|p2a: Musharna|Psyshock|p1a: Arceus\n|-damage|p1a: Arceus|100/292 tox\n|\n|-heal|p2a: Musharna|350/351 tox|[from] item: Leftovers\n|-damage|p1a: Arceus|64/292 tox|[from] psn\n|-damage|p2a: Musharna|308/351 tox|[from] psn\n|upkeep\n|turn|25\n|\n|t:|1769662873\n|move|p1a: Arceus|Recover|p1a: Arceus\n|-heal|p1a: Arceus|210/292 tox\n|move|p2a: Musharna|Psyshock|p1a: Arceus\n|-crit|p1a: Arceus\n|-damage|p1a: Arceus|0 fnt\n|faint|p1a: Arceus\n|\n|-heal|p2a: Musharna|329/351 tox|[from] item: Leftovers\n|-damage|p2a: Musharna|266/351 tox|[from] psn\n|upkeep\n|\n|t:|1769662875\n|switch|p1a: Gyarados|Gyarados, L74, F|263/263\n|-ability|p1a: Gyarados|Intimidate|boost\n|-unboost|p2a: Musharna|atk|1\n|turn|26\n|\n|t:|1769662880\n|detailschange|p1a: Gyarados|Gyarados-Mega, L74, F\n|-mega|p1a: Gyarados|Gyarados|Gyaradosite\n|-ability|p1a: Gyarados|Mold Breaker\n|move|p1a: Gyarados|Substitute|p1a: Gyarados\n|-start|p1a: Gyarados|Substitute\n|-damage|p1a: Gyarados|198/263\n|move|p2a: Musharna|Signal Beam|p1a: Gyarados\n|-supereffective|p1a: Gyarados\n|-end|p1a: Gyarados|Substitute\n|\n|-heal|p2a: Musharna|287/351 tox|[from] item: Leftovers\n|-damage|p2a: Musharna|203/351 tox|[from] psn\n|upkeep\n|turn|27\n|\n|t:|1769662883\n|move|p1a: Gyarados|Crunch|p2a: Musharna\n|-supereffective|p2a: Musharna\n|-crit|p2a: Musharna\n|-damage|p2a: Musharna|0 fnt\n|faint|p2a: Musharna\n|\n|upkeep\n|\n|t:|1769662885\n|switch|p2a: Diancie|Diancie-Mega, L74|172/196\n|-damage|p2a: Diancie|148/196|[from] Stealth Rock\n|turn|28\n|\n|t:|1769662888\n|move|p2a: Diancie|Moonblast|p1a: Gyarados\n|-supereffective|p1a: Gyarados\n|-damage|p1a: Gyarados|0 fnt\n|faint|p1a: Gyarados\n|detailschange|p1: Gyarados|Gyarados, L74, F|[silent]\n|\n|upkeep\n|\n|t:|1769662890\n|switch|p1a: Cherrim|Cherrim, L99, F|137/299\n|turn|29\n|\n|t:|1769662892\n|move|p1a: Cherrim|Energy Ball|p2a: Diancie\n|-supereffective|p2a: Diancie\n|-damage|p2a: Diancie|0 fnt\n|faint|p2a: Diancie\n|detailschange|p2: Diancie|Diancie, L74|[silent]\n|\n|win|hulk finger family\n|raw|hulk finger family's rating: 1582 &rarr; <strong>1605</strong><br />(+23 for winning)\n|raw|Youngone95's rating: 1639 &rarr; <strong>1616</strong><br />(-23 for losing)\n|l|☆Youngone95\n|player|p2|\n", "inputlog": ">version b99ff0165a6231f17e8b78c2a78d1998375de664\n>start {\"formatid\":\"gen7randombattle\",\"seed\":\"sodium,35d22fbae97278c89b2c18d8b00c4973\",\"rated\":\"Rated battle\"}\n>player p1 {\"name\":\"hulk finger family\",\"avatar\":\"madame\",\"rating\":1582,\"seed\":\"sodium,648d17172d596b1861cfc1c4c9b0bd0a\"}\n>player p2 {\"name\":\"Youngone95\",\"avatar\":\"170\",\"rating\":1639,\"seed\":\"sodium,1a80985213edc63e1bfd69f97a9d8d49\"}\n>p1 switch 5\n>p2 move nuzzle\n>p1 move stealthrock\n>p2 switch 2\n>p1 switch 6\n>p2 move trickroom\n>p1 move energyball\n>p2 move nastyplot\n>p1 move energyball\n>p2 move shadowball\n>p2 switch 4\n>p1 switch 6\n>p2 move gunkshot\n>p1 move earthquake\n>p2 move knockoff\n>p1 move rockslide\n>p2 move knockoff\n>p2 switch 5\n>p1 move closecombat\n>p2 move moonblast mega\n>p1 switch 6\n>p1 move energyball\n>p2 switch 2\n>p1 switch 3\n>p2 move nuzzle\n>p1 move fireblast\n>p2 move zingzap\n>p1 move return\n>p2 move zingzap\n>p1 move scald\n>p2 move zingzap\n>p2 switch 3\n>p1 move return\n>p2 move dragondance\n>p1 move return\n>p2 move fly\n>p1 switch 4\n>p2 move fly\n>p1 move dazzlinggleam\n>p2 move fly\n>p1 move dazzlinggleam\n>p2 move fly\n>p1 switch 5\n>p1 switch 4\n>p2 move fly zmove\n>p1 switch 4\n>p1 move icebeam\n>p2 move outrage\n>p2 switch 6\n>p1 move recover\n>p2 move calmmind\n>p1 move toxic\n>p2 move calmmind\n>p1 move recover\n>p2 move psyshock\n>p1 move recover\n>p2 move psyshock\n>p1 switch 2\n>p1 move substitute mega\n>p2 move signalbeam\n>p1 move crunch\n>p2 move signalbeam\n>p2 switch 2\n>p1 move waterfall\n>p2 move moonblast\n>p1 switch 3\n>p1 move energyball\n>p2 move moonblast", "uploadtime": 1769662907, "views": 169, "formatid": "gen7randombattle", "rating": 1605, "private": 0, "password": null}