{"id": "gen7randombattle-2525231069", "format": "[Gen 7] Random Battle", "players": ["aurora ltd", "hdkdk"], "log": "|j|☆aurora ltd\n|j|☆hdkdk\n|t:|1769253829\n|gametype|singles\n|player|p1|aurora ltd|silver-gen2kanto|1517\n|player|p2|hdkdk|red|1804\n|gen|7\n|tier|[Gen 7] Random Battle\n|rated|\n|rule|Sleep Clause Mod: Limit one foe put to sleep\n|rule|HP Percentage Mod: HP is shown in percentages\n|rule|Illusion Level Mod: Illusion disguises the Pokémon's true level\n|\n|t:|1769253829\n|teamsize|p1|6\n|teamsize|p2|6\n|start\n|switch|p1a: Oricorio|Oricorio-Sensu, L89, M|278/278\n|switch|p2a: Hitmonchan|Hitmonchan, L87, M|229/229\n|turn|1\n|\n|t:|1769253851\n|switch|p2a: Aurorus|Aurorus, L88, F|360/360\n|-weather|Hail|[from] ability: Snow Warning|[of] p2a: Aurorus\n|move|p1a: Oricorio|Hurricane|p2a: Aurorus\n|-resisted|p2a: Aurorus\n|-damage|p2a: Aurorus|299/360\n|\n|-weather|Hail|[upkeep]\n|-damage|p1a: Oricorio|261/278|[from] Hail\n|-heal|p1a: Oricorio|278/278|[from] item: Leftovers\n|-heal|p2a: Aurorus|321/360|[from] item: Leftovers\n|upkeep\n|turn|2\n|inactive|Battle timer is ON: inactive players will automatically lose when time's up. (requested by hdkdk)\n|\n|t:|1769253892\n|switch|p1a: Heatran|Heatran, L80, M|277/277\n|-item|p1a: Heatran|Air Balloon\n|move|p2a: Aurorus|Stealth Rock|p1a: Heatran\n|-sidestart|p1: aurora ltd|move: Stealth Rock\n|\n|-weather|Hail|[upkeep]\n|-damage|p1a: Heatran|260/277|[from] Hail\n|-heal|p2a: Aurorus|343/360|[from] item: Leftovers\n|upkeep\n|turn|3\n|\n|t:|1769253920\n|switch|p2a: Quagsire|Quagsire, L87, F|307/307\n|move|p1a: Heatran|Flash Cannon|p2a: Quagsire\n|-resisted|p2a: Quagsire\n|-damage|p2a: Quagsire|248/307\n|\n|-weather|Hail|[upkeep]\n|-damage|p1a: Heatran|243/277|[from] Hail\n|-damage|p2a: Quagsire|229/307|[from] Hail\n|-heal|p2a: Quagsire|248/307|[from] item: Leftovers\n|upkeep\n|turn|4\n|\n|t:|1769253932\n|move|p1a: Heatran|Stealth Rock|p2a: Quagsire\n|-sidestart|p2: hdkdk|move: Stealth Rock\n|move|p2a: Quagsire|Scald|p1a: Heatran\n|-supereffective|p1a: Heatran\n|-damage|p1a: Heatran|129/277\n|-enditem|p1a: Heatran|Air Balloon\n|\n|-weather|Hail|[upkeep]\n|-damage|p1a: Heatran|112/277|[from] Hail\n|-damage|p2a: Quagsire|229/307|[from] Hail\n|-heal|p2a: Quagsire|248/307|[from] item: Leftovers\n|upkeep\n|turn|5\n|inactive|aurora ltd has 120 seconds left.\n|\n|t:|1769253952\n|move|p1a: Heatran|Earth Power|p2a: Quagsire\n|-damage|p2a: Quagsire|156/307\n|move|p2a: Quagsire|Earthquake|p1a: Heatran\n|-supereffective|p1a: Heatran\n|-damage|p1a: Heatran|0 fnt\n|faint|p1a: Heatran\n|\n|-weather|none\n|-heal|p2a: Quagsire|175/307|[from] item: Leftovers\n|upkeep\n|\n|t:|1769253978\n|switch|p1a: Accelgor|Accelgor, L90, M|290/290\n|-damage|p1a: Accelgor|218/290|[from] Stealth Rock\n|turn|6\n|\n|t:|1769253989\n|switch|p2a: Celesteela|Celesteela, L78|279/279\n|-damage|p2a: Celesteela|245/279|[from] Stealth Rock\n|move|p1a: Accelgor|Spikes|p2a: Celesteela\n|-sidestart|p2: hdkdk|Spikes\n|\n|-heal|p1a: Accelgor|236/290|[from] item: Leftovers\n|upkeep\n|turn|7\n|inactive|aurora ltd has 90 seconds left.\n|\n|t:|1769254031\n|move|p1a: Accelgor|Toxic Spikes|p2a: Celesteela\n|-sidestart|p2: hdkdk|move: Toxic Spikes\n|move|p2a: Celesteela|Heavy Slam|p1a: Accelgor\n|-damage|p1a: Accelgor|44/290\n|\n|-heal|p1a: Accelgor|62/290|[from] item: Leftovers\n|upkeep\n|turn|8\n|\n|t:|1769254042\n|move|p1a: Accelgor|Spikes|p2a: Celesteela\n|-sidestart|p2: hdkdk|Spikes\n|move|p2a: Celesteela|Autotomize|p2a: Celesteela\n|-boost|p2a: Celesteela|spe|2\n|-start|p2a: Celesteela|Autotomize\n|\n|-heal|p1a: Accelgor|80/290|[from] item: Leftovers\n|upkeep\n|turn|9\n|\n|t:|1769254051\n|move|p1a: Accelgor|Encore|p2a: Celesteela\n|-start|p2a: Celesteela|Encore\n|move|p2a: Celesteela|Autotomize|p2a: Celesteela\n|-boost|p2a: Celesteela|spe|2\n|-start|p2a: Celesteela|Autotomize\n|\n|-heal|p1a: Accelgor|98/290|[from] item: Leftovers\n|upkeep\n|turn|10\n|inactive|aurora ltd has 90 seconds left.\n|\n|t:|1769254061\n|move|p2a: Celesteela|Autotomize|p2a: Celesteela\n|-boost|p2a: Celesteela|spe|2\n|-start|p2a: Celesteela|Autotomize\n|move|p1a: Accelgor|Toxic Spikes|p2a: Celesteela\n|-sidestart|p2: hdkdk|move: Toxic Spikes\n|\n|-heal|p1a: Accelgor|116/290|[from] item: Leftovers\n|upkeep\n|turn|11\n|\n|t:|1769254070\n|move|p2a: Celesteela|Autotomize||[still]\n|-fail|p2a: Celesteela\n|move|p1a: Accelgor|Spikes|p2a: Celesteela\n|-sidestart|p2: hdkdk|Spikes\n|\n|-heal|p1a: Accelgor|134/290|[from] item: Leftovers\n|-end|p2a: Celesteela|Encore\n|upkeep\n|turn|12\n|\n|t:|1769254079\n|move|p2a: Celesteela|Heavy Slam|p1a: Accelgor\n|-damage|p1a: Accelgor|0 fnt\n|faint|p1a: Accelgor\n|-ability|p2a: Celesteela|Beast Boost|boost\n|-boost|p2a: Celesteela|spa|1\n|\n|upkeep\n|\n|t:|1769254085\n|switch|p1a: Oranguru|Oranguru, L93, M|318/318\n|-damage|p1a: Oranguru|279/318|[from] Stealth Rock\n|turn|13\n|\n|t:|1769254098\n|move|p2a: Celesteela|Air Slash|p1a: Oranguru\n|-damage|p1a: Oranguru|194/318\n|move|p1a: Oranguru|Thunderbolt|p2a: Celesteela\n|-supereffective|p2a: Celesteela\n|-damage|p2a: Celesteela|23/279\n|-enditem|p2a: Celesteela|Weakness Policy\n|-boost|p2a: Celesteela|atk|2|[from] item: Weakness Policy\n|-boost|p2a: Celesteela|spa|2|[from] item: Weakness Policy\n|\n|upkeep\n|turn|14\n|\n|t:|1769254114\n|move|p2a: Celesteela|Air Slash|p1a: Oranguru\n|-damage|p1a: Oranguru|38/318\n|move|p1a: Oranguru|Thunderbolt|p2a: Celesteela\n|-supereffective|p2a: Celesteela\n|-damage|p2a: Celesteela|0 fnt\n|faint|p2a: Celesteela\n|\n|upkeep\n|inactive|hdkdk has 120 seconds left.\n|\n|t:|1769254141\n|switch|p2a: Hitmonchan|Hitmonchan, L87, M|229/229\n|-damage|p2a: Hitmonchan|215/229|[from] Stealth Rock\n|-damage|p2a: Hitmonchan|158/229|[from] Spikes\n|-status|p2a: Hitmonchan|tox\n|turn|15\n|inactive|aurora ltd has 120 seconds left.\n|inactive|hdkdk has 120 seconds left.\n|\n|t:|1769254149\n|move|p2a: Hitmonchan|Throat Chop|p1a: Oranguru\n|-supereffective|p1a: Oranguru\n|-damage|p1a: Oranguru|0 fnt\n|faint|p1a: Oranguru\n|\n|-damage|p2a: Hitmonchan|144/229 tox|[from] psn\n|upkeep\n|inactive|aurora ltd has 120 seconds left.\n|\n|t:|1769254166\n|switch|p1a: Primarina|Primarina, L83, M|268/268\n|-damage|p1a: Primarina|235/268|[from] Stealth Rock\n|turn|16\n|inactive|hdkdk has 120 seconds left.\n|\n|t:|1769254208\n|move|p2a: Hitmonchan|Throat Chop|p1a: Primarina\n|-resisted|p1a: Primarina\n|-damage|p1a: Primarina|183/268\n|-start|p1a: Primarina|Throat Chop|[silent]\n|move|p1a: Primarina|Moonblast|p2a: Hitmonchan\n|-supereffective|p2a: Hitmonchan\n|-damage|p2a: Hitmonchan|0 fnt\n|faint|p2a: Hitmonchan\n|\n|upkeep\n|inactive|hdkdk has 90 seconds left.\n|\n|t:|1769254225\n|switch|p2a: Durant|Durant, L80, F|224/224\n|-damage|p2a: Durant|196/224|[from] Stealth Rock\n|-damage|p2a: Durant|140/224|[from] Spikes\n|turn|17\n|inactive|hdkdk has 90 seconds left.\n|\n|t:|1769254231\n|switch|p1a: Oricorio|Oricorio-Sensu, L89, M|278/278\n|-damage|p1a: Oricorio|209/278|[from] Stealth Rock\n|move|p2a: Durant|Hone Claws|p2a: Durant\n|-boost|p2a: Durant|atk|1\n|-boost|p2a: Durant|accuracy|1\n|\n|-heal|p1a: Oricorio|226/278|[from] item: Leftovers\n|upkeep\n|turn|18\n|inactive|hdkdk has 90 seconds left.\n|\n|t:|1769254251\n|move|p2a: Durant|Iron Head|p1a: Oricorio\n|-damage|p1a: Oricorio|0 fnt\n|faint|p1a: Oricorio\n|-damage|p2a: Durant|118/224|[from] item: Life Orb\n|\n|upkeep\n|\n|t:|1769254258\n|switch|p1a: Primarina|Primarina, L83, M|183/268\n|-damage|p1a: Primarina|150/268|[from] Stealth Rock\n|turn|19\n|\n|t:|1769254265\n|move|p2a: Durant|Iron Head|p1a: Primarina\n|-damage|p1a: Primarina|0 fnt\n|faint|p1a: Primarina\n|-damage|p2a: Durant|96/224|[from] item: Life Orb\n|\n|upkeep\n|\n|t:|1769254270\n|switch|p1a: Glaceon|Glaceon, L90, M|263/263\n|-damage|p1a: Glaceon|198/263|[from] Stealth Rock\n|turn|20\n|\n|t:|1769254276\n|move|p2a: Durant|Iron Head|p1a: Glaceon\n|-supereffective|p1a: Glaceon\n|-crit|p1a: Glaceon\n|-damage|p1a: Glaceon|0 fnt\n|faint|p1a: Glaceon\n|-damage|p2a: Durant|74/224|[from] item: Life Orb\n|\n|win|hdkdk\n|raw|aurora ltd's rating: 1517 &rarr; <strong>1511</strong><br />(-6 for losing)\n|raw|hdkdk's rating: 1804 &rarr; <strong>1810</strong><br />(+6 for winning)\n", "inputlog": ">version b99ff0165a6231f17e8b78c2a78d1998375de664\n>start {\"formatid\":\"gen7randombattle\",\"seed\":\"sodium,85c06911559bcfb7efaa7b9d94ff7f9e\",\"rated\":\"Rated battle\"}\n>player p1 {\"name\":\"aurora ltd\",\"avatar\":\"silver-gen2kanto\",\"rating\":1517,\"seed\":\"sodium,1d2f9e6b6f0cf8cbe7bd8cfc38a7f765\"}\n>player p2 {\"name\":\"hdkdk\",\"avatar\":\"red\",\"rating\":1804,\"seed\":\"sodium,d7e9d24d75fd4acebb63d424b36e7c23\"}\n>p1 move hurricane\n>p2 switch 5\n>p1 switch 5\n>p2 move stealthrock\n>p1 move flashcannon\n>p2 switch 4\n>p1 move stealthrock\n>p2 move scald\n>p1 move earthpower\n>p2 move earthquake\n>p1 switch 6\n>p1 move spikes\n>p2 switch 6\n>p1 move toxicspikes\n>p2 move heavyslam\n>p1 move spikes\n>p2 move autotomize\n>p1 move encore\n>p2 move heavyslam\n>p1 move toxicspikes\n>p2 move autotomize\n>p1 move spikes\n>p2 move autotomize\n>p1 move bugbuzz\n>p2 move heavyslam\n>p1 switch 2\n>p1 move thunderbolt\n>p2 move airslash\n>p1 move thunderbolt\n>p2 move airslash\n>p2 switch 5\n>p1 move thunderbolt\n>p2 move throatchop\n>p1 switch 4\n>p1 move moonblast\n>p2 move throatchop\n>p2 switch 2\n>p1 switch 5\n>p2 move honeclaws\n>p1 move revelationdance\n>p2 move ironhead\n>p1 switch 5\n>p1 move hydropump\n>p2 move ironhead\n>p1 switch 3\n>p1 move icebeam\n>p2 move ironhead", "uploadtime": 1769254292, "views": 218, "formatid": "gen7randombattle", "rating": 1511, "private": 0, "password": null}