{"id": "gen7randombattle-2531339043", "format": "[Gen 7] Random Battle", "players": ["Donutmufns", "AeroSacktyl"], "log": "|j|☆Donutmufns\n|j|☆AeroSacktyl\n|t:|1770047999\n|gametype|singles\n|player|p1|Donutmufns|acetrainercouple|1516\n|player|p2|AeroSacktyl|266|1560\n|gen|7\n|tier|[Gen 7] Random Battle\n|rated|\n|rule|Sleep Clause Mod: Limit one foe put to sleep\n|rule|HP Percentage Mod: HP is shown in percentages\n|rule|Illusion Level Mod: Illusion disguises the Pokémon's true level\n|\n|t:|1770047999\n|teamsize|p1|6\n|teamsize|p2|6\n|start\n|switch|p1a: Latias|Latias, L79, F|256/256\n|switch|p2a: Golduck|Golduck, L93, M|300/300\n|-ability|p2a: Golduck|Cloud Nine\n|turn|1\n|inactive|Battle timer is ON: inactive players will automatically lose when time's up. (requested by AeroSacktyl)\n|\n|t:|1770048026\n|move|p1a: Latias|Draco Meteor|p2a: Golduck\n|-damage|p2a: Golduck|117/300\n|-unboost|p1a: Latias|spa|2\n|move|p2a: Golduck|Calm Mind|p2a: Golduck\n|-boost|p2a: Golduck|spa|1\n|-boost|p2a: Golduck|spd|1\n|\n|-heal|p2a: Golduck|135/300|[from] item: Leftovers\n|upkeep\n|turn|2\n|\n|t:|1770048034\n|switch|p1a: Kartana|Kartana, L74|209/209\n|move|p2a: Golduck|Calm Mind|p2a: Golduck\n|-boost|p2a: Golduck|spa|1\n|-boost|p2a: Golduck|spd|1\n|\n|-heal|p2a: Golduck|153/300|[from] item: Leftovers\n|upkeep\n|turn|3\n|\n|t:|1770048041\n|move|p2a: Golduck|Ice Beam|p1a: Kartana\n|-damage|p1a: Kartana|0 fnt\n|faint|p1a: Kartana\n|\n|-heal|p2a: Golduck|171/300|[from] item: Leftovers\n|upkeep\n|\n|t:|1770048056\n|switch|p1a: Ursaring|Ursaring, L85, M|292/292\n|turn|4\n|c|☆Donutmufns|i forgot untra beasts are underleveld smh\n|inactive|AeroSacktyl has 120 seconds left.\n|c|☆Donutmufns|it should been faster :(\n|\n|t:|1770048109\n|move|p1a: Ursaring|Protect|p1a: Ursaring\n|-singleturn|p1a: Ursaring|Protect\n|move|p2a: Golduck|Scald|p1a: Ursaring\n|-activate|p1a: Ursaring|move: Protect\n|\n|-heal|p2a: Golduck|189/300|[from] item: Leftovers\n|-status|p1a: Ursaring|brn|[from] item: Flame Orb\n|upkeep\n|turn|5\n|\n|t:|1770048116\n|move|p2a: Golduck|Focus Blast|p1a: Ursaring\n|-supereffective|p1a: Ursaring\n|-damage|p1a: Ursaring|0 fnt\n|faint|p1a: Ursaring\n|\n|-heal|p2a: Golduck|207/300|[from] item: Leftovers\n|upkeep\n|\n|t:|1770048125\n|switch|p1a: Latias|Latias, L79, F|256/256\n|turn|6\n|inactive|AeroSacktyl has 120 seconds left.\n|\n|t:|1770048150\n|move|p1a: Latias|Psyshock|p2a: Golduck\n|-damage|p2a: Golduck|83/300\n|move|p2a: Golduck|Ice Beam|p1a: Latias\n|-supereffective|p1a: Latias\n|-damage|p1a: Latias|0 fnt\n|faint|p1a: Latias\n|\n|-heal|p2a: Golduck|101/300|[from] item: Leftovers\n|upkeep\n|\n|t:|1770048157\n|switch|p1a: Lanturn|Lanturn, L89, F|367/367\n|turn|7\n|\n|t:|1770048182\n|move|p2a: Golduck|Focus Blast|p1a: Lanturn|[miss]\n|-miss|p2a: Golduck|p1a: Lanturn\n|move|p1a: Lanturn|Thunderbolt|p2a: Golduck\n|-supereffective|p2a: Golduck\n|-damage|p2a: Golduck|21/300\n|\n|-heal|p2a: Golduck|39/300|[from] item: Leftovers\n|upkeep\n|turn|8\n|\n|t:|1770048188\n|move|p2a: Golduck|Focus Blast|p1a: Lanturn\n|-damage|p1a: Lanturn|151/367\n|move|p1a: Lanturn|Thunderbolt|p2a: Golduck\n|-supereffective|p2a: Golduck\n|-damage|p2a: Golduck|0 fnt\n|faint|p2a: Golduck\n|\n|-heal|p1a: Lanturn|173/367|[from] item: Leftovers\n|upkeep\n|inactive|AeroSacktyl has 90 seconds left.\n|\n|t:|1770048228\n|switch|p2a: Shiftry|Shiftry, L90, M|308/308\n|turn|9\n|\n|t:|1770048237\n|switch|p1a: Klinklang|Klinklang, L87|246/246\n|move|p2a: Shiftry|Leaf Blade|p1a: Klinklang\n|-resisted|p1a: Klinklang\n|-damage|p1a: Klinklang|189/246\n|-damage|p2a: Shiftry|278/308|[from] item: Life Orb\n|\n|upkeep\n|turn|10\n|inactive|AeroSacktyl has 90 seconds left.\n|\n|t:|1770048265\n|move|p1a: Klinklang|Shift Gear|p1a: Klinklang\n|-boost|p1a: Klinklang|spe|2\n|-boost|p1a: Klinklang|atk|1\n|move|p2a: Shiftry|Knock Off|p1a: Klinklang\n|-damage|p1a: Klinklang|114/246\n|-damage|p2a: Shiftry|248/308|[from] item: Life Orb\n|\n|upkeep\n|turn|11\n|\n|t:|1770048281\n|move|p1a: Klinklang|Gear Grind|p2a: Shiftry\n|-damage|p2a: Shiftry|148/308\n|-damage|p2a: Shiftry|48/308\n|-hitcount|p2a: Shiftry|2\n|move|p2a: Shiftry|Knock Off|p1a: Klinklang\n|-damage|p1a: Klinklang|31/246\n|-damage|p2a: Shiftry|18/308|[from] item: Life Orb\n|\n|upkeep\n|turn|12\n|\n|t:|1770048297\n|move|p2a: Shiftry|Sucker Punch|p1a: Klinklang\n|-damage|p1a: Klinklang|0 fnt\n|faint|p1a: Klinklang\n|-damage|p2a: Shiftry|0 fnt|[from] item: Life Orb\n|faint|p2a: Shiftry\n|\n|upkeep\n|\n|t:|1770048307\n|switch|p1a: Slowbro|Slowbro, L83, M|293/293\n|switch|p2a: Smeargle|Smeargle, L88, F|240/240\n|turn|13\n|\n|t:|1770048319\n|switch|p1a: Lanturn|Lanturn, L89, F|173/367\n|move|p2a: Smeargle|Spore|p1a: Lanturn\n|-status|p1a: Lanturn|slp|[from] move: Spore\n|\n|-heal|p1a: Lanturn|195/367 slp|[from] item: Leftovers\n|upkeep\n|turn|14\n|\n|t:|1770048325\n|switch|p2a: Pheromosa|Pheromosa, L75|229/229\n|switch|p1a: Slowbro|Slowbro, L83, M|293/293\n|\n|upkeep\n|turn|15\n|\n|t:|1770048348\n|detailschange|p1a: Slowbro|Slowbro-Mega, L83, M\n|-mega|p1a: Slowbro|Slowbro|Slowbronite\n|move|p2a: Pheromosa|Poison Jab|p1a: Slowbro\n|-damage|p1a: Slowbro|251/293\n|-status|p1a: Slowbro|psn\n|-damage|p2a: Pheromosa|207/229|[from] item: Life Orb\n|move|p1a: Slowbro|Psyshock|p2a: Pheromosa\n|-supereffective|p2a: Pheromosa\n|-damage|p2a: Pheromosa|0 fnt\n|faint|p2a: Pheromosa\n|\n|-damage|p1a: Slowbro|215/293 psn|[from] psn\n|upkeep\n|inactive|AeroSacktyl has 90 seconds left.\n|\n|t:|1770048380\n|switch|p2a: Smeargle|Smeargle, L88, F|240/240\n|turn|16\n|\n|t:|1770048386\n|move|p2a: Smeargle|Sticky Web|p1a: Slowbro\n|-sidestart|p1: Donutmufns|move: Sticky Web\n|move|p1a: Slowbro|Calm Mind|p1a: Slowbro\n|-boost|p1a: Slowbro|spa|1\n|-boost|p1a: Slowbro|spd|1\n|\n|-damage|p1a: Slowbro|179/293 psn|[from] psn\n|upkeep\n|turn|17\n|\n|t:|1770048396\n|switch|p2a: Carbink|Carbink, L92|241/241\n|move|p1a: Slowbro|Calm Mind|p1a: Slowbro\n|-boost|p1a: Slowbro|spa|1\n|-boost|p1a: Slowbro|spd|1\n|\n|-damage|p1a: Slowbro|143/293 psn|[from] psn\n|upkeep\n|turn|18\n|\n|t:|1770048399\n|move|p2a: Carbink|Moonblast|p1a: Slowbro\n|-damage|p1a: Slowbro|106/293 psn\n|move|p1a: Slowbro|Slack Off|p1a: Slowbro\n|-heal|p1a: Slowbro|253/293 psn\n|\n|-damage|p1a: Slowbro|217/293 psn|[from] psn\n|upkeep\n|turn|19\n|\n|t:|1770048403\n|move|p2a: Carbink|Moonblast|p1a: Slowbro\n|-damage|p1a: Slowbro|177/293 psn\n|move|p1a: Slowbro|Slack Off|p1a: Slowbro\n|-heal|p1a: Slowbro|293/293 psn\n|\n|-damage|p1a: Slowbro|257/293 psn|[from] psn\n|upkeep\n|turn|20\n|\n|t:|1770048406\n|move|p2a: Carbink|Moonblast|p1a: Slowbro\n|-damage|p1a: Slowbro|215/293 psn\n|-unboost|p1a: Slowbro|spa|1\n|move|p1a: Slowbro|Calm Mind|p1a: Slowbro\n|-boost|p1a: Slowbro|spa|1\n|-boost|p1a: Slowbro|spd|1\n|\n|-damage|p1a: Slowbro|179/293 psn|[from] psn\n|upkeep\n|turn|21\n|\n|t:|1770048408\n|move|p2a: Carbink|Moonblast|p1a: Slowbro\n|-damage|p1a: Slowbro|145/293 psn\n|-unboost|p1a: Slowbro|spa|1\n|move|p1a: Slowbro|Slack Off|p1a: Slowbro\n|-heal|p1a: Slowbro|292/293 psn\n|\n|-damage|p1a: Slowbro|256/293 psn|[from] psn\n|upkeep\n|turn|22\n|\n|t:|1770048411\n|move|p2a: Carbink|Moonblast|p1a: Slowbro\n|-damage|p1a: Slowbro|222/293 psn\n|move|p1a: Slowbro|Calm Mind|p1a: Slowbro\n|-boost|p1a: Slowbro|spa|1\n|-boost|p1a: Slowbro|spd|1\n|\n|-damage|p1a: Slowbro|186/293 psn|[from] psn\n|upkeep\n|turn|23\n|\n|t:|1770048413\n|move|p2a: Carbink|Moonblast|p1a: Slowbro\n|-damage|p1a: Slowbro|159/293 psn\n|move|p1a: Slowbro|Calm Mind|p1a: Slowbro\n|-boost|p1a: Slowbro|spa|1\n|-boost|p1a: Slowbro|spd|1\n|\n|-damage|p1a: Slowbro|123/293 psn|[from] psn\n|upkeep\n|turn|24\n|\n|t:|1770048415\n|move|p2a: Carbink|Moonblast|p1a: Slowbro\n|-damage|p1a: Slowbro|98/293 psn\n|-unboost|p1a: Slowbro|spa|1\n|move|p1a: Slowbro|Slack Off|p1a: Slowbro\n|-heal|p1a: Slowbro|245/293 psn\n|\n|-damage|p1a: Slowbro|209/293 psn|[from] psn\n|upkeep\n|turn|25\n|\n|t:|1770048420\n|move|p2a: Carbink|Moonblast|p1a: Slowbro\n|-damage|p1a: Slowbro|184/293 psn\n|-unboost|p1a: Slowbro|spa|1\n|move|p1a: Slowbro|Calm Mind|p1a: Slowbro\n|-boost|p1a: Slowbro|spa|1\n|-boost|p1a: Slowbro|spd|1\n|\n|-damage|p1a: Slowbro|148/293 psn|[from] psn\n|upkeep\n|turn|26\n|\n|t:|1770048422\n|move|p2a: Carbink|Moonblast|p1a: Slowbro\n|-damage|p1a: Slowbro|126/293 psn\n|-unboost|p1a: Slowbro|spa|1\n|move|p1a: Slowbro|Slack Off|p1a: Slowbro\n|-heal|p1a: Slowbro|273/293 psn\n|\n|-damage|p1a: Slowbro|237/293 psn|[from] psn\n|upkeep\n|turn|27\n|\n|t:|1770048427\n|move|p2a: Carbink|Moonblast|p1a: Slowbro\n|-damage|p1a: Slowbro|213/293 psn\n|move|p1a: Slowbro|Calm Mind|p1a: Slowbro\n|-boost|p1a: Slowbro|spa|1\n|-boost|p1a: Slowbro|spd|0\n|\n|-damage|p1a: Slowbro|177/293 psn|[from] psn\n|upkeep\n|turn|28\n|\n|t:|1770048451\n|move|p2a: Carbink|Moonblast|p1a: Slowbro\n|-damage|p1a: Slowbro|155/293 psn\n|move|p1a: Slowbro|Scald|p2a: Carbink\n|-supereffective|p2a: Carbink\n|-damage|p2a: Carbink|5/241\n|\n|-damage|p1a: Slowbro|119/293 psn|[from] psn\n|upkeep\n|turn|29\n|\n|t:|1770048460\n|move|p2a: Carbink|Light Screen|p2a: Carbink\n|-sidestart|p2: AeroSacktyl|move: Light Screen\n|move|p1a: Slowbro|Slack Off|p1a: Slowbro\n|-heal|p1a: Slowbro|266/293 psn\n|\n|-damage|p1a: Slowbro|230/293 psn|[from] psn\n|upkeep\n|turn|30\n|\n|t:|1770048465\n|move|p2a: Carbink|Moonblast|p1a: Slowbro\n|-damage|p1a: Slowbro|211/293 psn\n|move|p1a: Slowbro|Calm Mind|p1a: Slowbro\n|-boost|p1a: Slowbro|spa|1\n|-boost|p1a: Slowbro|spd|0\n|\n|-damage|p1a: Slowbro|175/293 psn|[from] psn\n|upkeep\n|turn|31\n|\n|t:|1770048467\n|move|p2a: Carbink|Moonblast|p1a: Slowbro\n|-damage|p1a: Slowbro|151/293 psn\n|-unboost|p1a: Slowbro|spa|1\n|move|p1a: Slowbro|Slack Off|p1a: Slowbro\n|-heal|p1a: Slowbro|293/293 psn\n|\n|-damage|p1a: Slowbro|257/293 psn|[from] psn\n|upkeep\n|turn|32\n|\n|t:|1770048469\n|move|p2a: Carbink|Moonblast|p1a: Slowbro\n|-damage|p1a: Slowbro|236/293 psn\n|move|p1a: Slowbro|Calm Mind|p1a: Slowbro\n|-boost|p1a: Slowbro|spa|1\n|-boost|p1a: Slowbro|spd|0\n|\n|-damage|p1a: Slowbro|200/293 psn|[from] psn\n|upkeep\n|turn|33\n|\n|t:|1770048471\n|move|p2a: Carbink|Moonblast|p1a: Slowbro\n|-damage|p1a: Slowbro|181/293 psn\n|-unboost|p1a: Slowbro|spa|1\n|move|p1a: Slowbro|Calm Mind|p1a: Slowbro\n|-boost|p1a: Slowbro|spa|1\n|-boost|p1a: Slowbro|spd|0\n|\n|-damage|p1a: Slowbro|145/293 psn|[from] psn\n|upkeep\n|turn|34\n|\n|t:|1770048473\n|move|p2a: Carbink|Moonblast|p1a: Slowbro\n|-damage|p1a: Slowbro|123/293 psn\n|move|p1a: Slowbro|Slack Off|p1a: Slowbro\n|-heal|p1a: Slowbro|270/293 psn\n|\n|-damage|p1a: Slowbro|234/293 psn|[from] psn\n|upkeep\n|turn|35\n|\n|t:|1770048476\n|move|p2a: Carbink|Moonblast|p1a: Slowbro\n|-damage|p1a: Slowbro|213/293 psn\n|move|p1a: Slowbro|Calm Mind|p1a: Slowbro\n|-boost|p1a: Slowbro|spa|1\n|-boost|p1a: Slowbro|spd|0\n|\n|-damage|p1a: Slowbro|177/293 psn|[from] psn\n|upkeep\n|turn|36\n|\n|t:|1770048478\n|move|p2a: Carbink|Moonblast|p1a: Slowbro\n|-damage|p1a: Slowbro|156/293 psn\n|move|p1a: Slowbro|Slack Off|p1a: Slowbro\n|-heal|p1a: Slowbro|293/293 psn\n|\n|-damage|p1a: Slowbro|257/293 psn|[from] psn\n|-sideend|p2: AeroSacktyl|move: Light Screen\n|upkeep\n|turn|37\n|\n|t:|1770048480\n|move|p2a: Carbink|Light Screen|p2a: Carbink\n|-sidestart|p2: AeroSacktyl|move: Light Screen\n|move|p1a: Slowbro|Calm Mind|p1a: Slowbro\n|-boost|p1a: Slowbro|spa|1\n|-boost|p1a: Slowbro|spd|0\n|\n|-damage|p1a: Slowbro|221/293 psn|[from] psn\n|upkeep\n|turn|38\n|\n|t:|1770048483\n|move|p2a: Carbink|Moonblast|p1a: Slowbro\n|-damage|p1a: Slowbro|200/293 psn\n|-unboost|p1a: Slowbro|spa|1\n|move|p1a: Slowbro|Slack Off|p1a: Slowbro\n|-heal|p1a: Slowbro|293/293 psn\n|\n|-damage|p1a: Slowbro|257/293 psn|[from] psn\n|upkeep\n|turn|39\n|\n|t:|1770048488\n|move|p2a: Carbink|Moonblast|p1a: Slowbro\n|-damage|p1a: Slowbro|235/293 psn\n|move|p1a: Slowbro|Calm Mind|p1a: Slowbro\n|-boost|p1a: Slowbro|spa|1\n|-boost|p1a: Slowbro|spd|0\n|\n|-damage|p1a: Slowbro|199/293 psn|[from] psn\n|upkeep\n|turn|40\n|\n|t:|1770048490\n|move|p2a: Carbink|Moonblast|p1a: Slowbro\n|-damage|p1a: Slowbro|180/293 psn\n|move|p1a: Slowbro|Calm Mind|p1a: Slowbro\n|-boost|p1a: Slowbro|spa|1\n|-boost|p1a: Slowbro|spd|0\n|\n|-damage|p1a: Slowbro|144/293 psn|[from] psn\n|upkeep\n|turn|41\n|\n|t:|1770048505\n|move|p2a: Carbink|Moonblast|p1a: Slowbro\n|-damage|p1a: Slowbro|125/293 psn\n|move|p1a: Slowbro|Slack Off|p1a: Slowbro\n|-heal|p1a: Slowbro|272/293 psn\n|\n|-damage|p1a: Slowbro|236/293 psn|[from] psn\n|upkeep\n|turn|42\n|\n|t:|1770048527\n|move|p2a: Carbink|Moonblast|p1a: Slowbro\n|-damage|p1a: Slowbro|214/293 psn\n|move|p1a: Slowbro|Scald|p2a: Carbink\n|-supereffective|p2a: Carbink\n|-damage|p2a: Carbink|0 fnt\n|faint|p2a: Carbink\n|\n|-damage|p1a: Slowbro|178/293 psn|[from] psn\n|upkeep\n|\n|t:|1770048531\n|switch|p2a: Crabominable|Crabominable, L91, F|324/324\n|turn|43\n|\n|t:|1770048536\n|move|p2a: Crabominable|Earthquake|p1a: Slowbro\n|-damage|p1a: Slowbro|93/293 psn\n|move|p1a: Slowbro|Psyshock|p2a: Crabominable\n|-supereffective|p2a: Crabominable\n|-damage|p2a: Crabominable|0 fnt\n|faint|p2a: Crabominable\n|\n|-damage|p1a: Slowbro|57/293 psn|[from] psn\n|upkeep\n|\n|t:|1770048540\n|switch|p2a: Smeargle|Smeargle, L88, F|240/240\n|turn|44\n|\n|t:|1770048546\n|move|p2a: Smeargle|Stealth Rock|p1a: Slowbro\n|-sidestart|p1: Donutmufns|move: Stealth Rock\n|move|p1a: Slowbro|Slack Off|p1a: Slowbro\n|-heal|p1a: Slowbro|204/293 psn\n|\n|-damage|p1a: Slowbro|168/293 psn|[from] psn\n|-sideend|p2: AeroSacktyl|move: Light Screen\n|upkeep\n|turn|45\n|\n|t:|1770048548\n|move|p2a: Smeargle|Spikes|p1a: Slowbro\n|-sidestart|p1: Donutmufns|Spikes\n|move|p1a: Slowbro|Psyshock|p2a: Smeargle\n|-enditem|p2a: Smeargle|Focus Sash\n|-damage|p2a: Smeargle|1/240\n|\n|-damage|p1a: Slowbro|132/293 psn|[from] psn\n|upkeep\n|turn|46\n|\n|t:|1770048551\n|move|p2a: Smeargle|Spikes|p1a: Slowbro\n|-sidestart|p1: Donutmufns|Spikes\n|move|p1a: Slowbro|Slack Off|p1a: Slowbro\n|-heal|p1a: Slowbro|279/293 psn\n|\n|-damage|p1a: Slowbro|243/293 psn|[from] psn\n|upkeep\n|turn|47\n|\n|t:|1770048556\n|move|p2a: Smeargle|Spikes|p1a: Slowbro\n|-sidestart|p1: Donutmufns|Spikes\n|move|p1a: Slowbro|Scald|p2a: Smeargle\n|-damage|p2a: Smeargle|0 fnt\n|faint|p2a: Smeargle\n|\n|win|Donutmufns\n|raw|Donutmufns's rating: 1516 &rarr; <strong>1539</strong><br />(+23 for winning)\n|raw|AeroSacktyl's rating: 1560 &rarr; <strong>1537</strong><br />(-23 for losing)\n|l|☆AeroSacktyl\n|player|p2|\n", "inputlog": ">version ccdc32dd7cde25fd9e4bed64820e885f66e78a4e\n>start {\"formatid\":\"gen7randombattle\",\"seed\":\"sodium,cefd24ec2a94c2bd0c113f04f0b7af94\",\"rated\":\"Rated battle\"}\n>player p1 {\"name\":\"Donutmufns\",\"avatar\":\"acetrainercouple\",\"rating\":1516,\"seed\":\"sodium,aba6db7bd6daf1bbe6ac25cc73de3007\"}\n>player p2 {\"name\":\"AeroSacktyl\",\"avatar\":\"266\",\"rating\":1560,\"seed\":\"sodium,635e67e22bd6a5e7f517f3e8c58461dd\"}\n>p1 move dracometeor\n>p2 move calmmind\n>p1 switch 4\n>p2 move calmmind\n>p1 move leafblade\n>p2 move icebeam\n>p1 switch 6\n>chat ☆Donutmufns|i forgot untra beasts are underleveld smh\n>chat ☆Donutmufns|it should been faster :(\n>p1 move protect\n>p2 move scald\n>p1 move facade\n>p2 move focusblast\n>p1 switch 4\n>p1 move psyshock\n>p2 move icebeam\n>p1 switch 2\n>p1 move thunderbolt\n>p2 move focusblast\n>p1 move thunderbolt\n>p2 move focusblast\n>p2 switch 5\n>p1 switch 5\n>p2 move leafblade\n>p1 move shiftgear\n>p2 move knockoff\n>p1 move geargrind\n>p2 move knockoff\n>p1 move geargrind\n>p2 move suckerpunch\n>p1 switch 3\n>p2 switch 3\n>p1 switch 5\n>p2 move spore\n>p1 switch 5\n>p2 switch 4\n>p1 move psyshock mega\n>p2 move poisonjab\n>p2 switch 4\n>p1 move calmmind\n>p2 move stickyweb\n>p1 move calmmind\n>p2 switch 2\n>p1 move slackoff\n>p2 move moonblast\n>p1 move slackoff\n>p2 move moonblast\n>p1 move calmmind\n>p2 move moonblast\n>p1 move slackoff\n>p2 move moonblast\n>p1 move calmmind\n>p2 move moonblast\n>p1 move calmmind\n>p2 move moonblast\n>p1 move slackoff\n>p2 move moonblast\n>p1 move calmmind\n>p2 move moonblast\n>p1 move slackoff\n>p2 move moonblast\n>p1 move calmmind\n>p2 move moonblast\n>p1 move scald\n>p2 move moonblast\n>p1 move slackoff\n>p2 move lightscreen\n>p1 move calmmind\n>p2 move moonblast\n>p1 move slackoff\n>p2 move moonblast\n>p1 move calmmind\n>p2 move moonblast\n>p1 move calmmind\n>p2 move moonblast\n>p1 move slackoff\n>p2 move moonblast\n>p1 move calmmind\n>p2 move moonblast\n>p1 move slackoff\n>p2 move moonblast\n>p1 move calmmind\n>p2 move lightscreen\n>p1 move slackoff\n>p2 move moonblast\n>p1 move calmmind\n>p2 move moonblast\n>p1 move calmmind\n>p2 move moonblast\n>p1 move slackoff\n>p2 move moonblast\n>p1 move scald\n>p2 move moonblast\n>p2 switch 6\n>p1 move psyshock\n>p2 move earthquake\n>p2 switch 2\n>p1 move slackoff\n>p2 move stealthrock\n>p1 move psyshock\n>p2 move spikes\n>p1 move slackoff\n>p2 move spikes\n>p1 move scald\n>p2 move spikes", "uploadtime": 1770048593, "views": 161, "formatid": "gen7randombattle", "rating": 1537, "private": 0, "password": null}