{"id": "gen7randombattle-2533038075", "format": "[Gen 7] Random Battle", "players": ["may/gen3", "Unkel"], "log": "|j|☆may/gen3\n|j|☆Unkel\n|t:|1770249235\n|gametype|singles\n|player|p1|may/gen3|may|1695\n|player|p2|Unkel|102|1550\n|gen|7\n|tier|[Gen 7] Random Battle\n|rated|\n|rule|Sleep Clause Mod: Limit one foe put to sleep\n|rule|HP Percentage Mod: HP is shown in percentages\n|rule|Illusion Level Mod: Illusion disguises the Pokémon's true level\n|\n|t:|1770249235\n|teamsize|p1|6\n|teamsize|p2|6\n|start\n|switch|p1a: Electivire|Electivire, L86, F|269/269\n|switch|p2a: Aurorus|Aurorus, L88, M|360/360\n|-weather|Hail|[from] ability: Snow Warning|[of] p2a: Aurorus\n|turn|1\n|inactive|Battle timer is ON: inactive players will automatically lose when time's up. (requested by Unkel)\n|\n|t:|1770249249\n|move|p1a: Electivire|Earthquake|p2a: Aurorus\n|-supereffective|p2a: Aurorus\n|-damage|p2a: Aurorus|120/360\n|move|p2a: Aurorus|Earth Power|p1a: Electivire\n|-supereffective|p1a: Electivire\n|-damage|p1a: Electivire|119/269\n|\n|-weather|Hail|[upkeep]\n|-damage|p1a: Electivire|103/269|[from] Hail\n|-heal|p2a: Aurorus|142/360|[from] item: Leftovers\n|upkeep\n|turn|2\n|c|☆may/gen3|hi\n|\n|t:|1770249260\n|switch|p2a: Jumpluff|Jumpluff, L89, F|278/278\n|move|p1a: Electivire|Volt Switch|p2a: Jumpluff\n|-damage|p2a: Jumpluff|206/278\n|\n|t:|1770249263\n|switch|p1a: Rotom|Rotom-Frost, L86|226/226|[from] Volt Switch\n|\n|-weather|Hail|[upkeep]\n|-damage|p2a: Jumpluff|189/278|[from] Hail\n|upkeep\n|turn|3\n|\n|t:|1770249281\n|switch|p2a: Aurorus|Aurorus, L88, M|142/360\n|move|p1a: Rotom|Volt Switch|p2a: Aurorus\n|-damage|p2a: Aurorus|61/360\n|\n|t:|1770249285\n|switch|p1a: Electivire|Electivire, L86, F|103/269|[from] Volt Switch\n|\n|-weather|Hail|[upkeep]\n|-damage|p1a: Electivire|87/269|[from] Hail\n|-heal|p2a: Aurorus|83/360|[from] item: Leftovers\n|upkeep\n|turn|4\n|\n|t:|1770249291\n|move|p1a: Electivire|Wild Charge|p2a: Aurorus\n|-damage|p2a: Aurorus|0 fnt\n|faint|p2a: Aurorus\n|-damage|p1a: Electivire|66/269|[from] Recoil\n|\n|-weather|Hail|[upkeep]\n|-damage|p1a: Electivire|50/269|[from] Hail\n|upkeep\n|\n|t:|1770249298\n|switch|p2a: Jumpluff|Jumpluff, L89, F|189/278\n|turn|5\n|\n|t:|1770249301\n|move|p2a: Jumpluff|Strength Sap|p1a: Electivire\n|-unboost|p1a: Electivire|atk|1\n|-heal|p2a: Jumpluff|278/278\n|move|p1a: Electivire|Ice Punch|p2a: Jumpluff\n|-supereffective|p2a: Jumpluff\n|-damage|p2a: Jumpluff|24/278\n|-status|p2a: Jumpluff|frz\n|\n|-weather|none\n|upkeep\n|turn|6\n|\n|t:|1770249307\n|-curestatus|p2a: Jumpluff|frz|[msg]\n|move|p2a: Jumpluff|Acrobatics|p1a: Electivire\n|-resisted|p1a: Electivire\n|-damage|p1a: Electivire|0 fnt\n|faint|p1a: Electivire\n|\n|upkeep\n|\n|t:|1770249311\n|switch|p1a: Rotom|Rotom-Frost, L86|226/226\n|turn|7\n|\n|t:|1770249316\n|switch|p2a: Drampa|Drampa, L91, M|290/290\n|move|p1a: Rotom|Thunderbolt|p2a: Drampa\n|-resisted|p2a: Drampa\n|-damage|p2a: Drampa|241/290\n|-status|p2a: Drampa|par\n|\n|-heal|p2a: Drampa|259/290 par|[from] item: Leftovers\n|upkeep\n|turn|8\n|\n|t:|1770249324\n|switch|p1a: Necrozma|Necrozma-Dawn-Wings, L71|255/255\n|move|p2a: Drampa|Draco Meteor|p1a: Necrozma\n|-damage|p1a: Necrozma|68/255\n|-unboost|p2a: Drampa|spa|2\n|\n|-heal|p2a: Drampa|277/290 par|[from] item: Leftovers\n|upkeep\n|turn|9\n|c|☆may/gen3|its my sisters birthday and when she watches I get freezes and apralyzses lol she brings good luck\n|\n|t:|1770249348\n|move|p1a: Necrozma|Photon Geyser|p2a: Drampa\n|-damage|p2a: Drampa|174/290 par\n|move|p2a: Drampa|Draco Meteor|p1a: Necrozma\n|-damage|p1a: Necrozma|0 fnt\n|-unboost|p2a: Drampa|spa|2\n|faint|p1a: Necrozma\n|\n|-heal|p2a: Drampa|192/290 par|[from] item: Leftovers\n|upkeep\n|\n|t:|1770249352\n|switch|p1a: Rotom|Rotom-Frost, L86|226/226\n|turn|10\n|\n|t:|1770249371\n|move|p1a: Rotom|Blizzard|p2a: Drampa\n|-supereffective|p2a: Drampa\n|-damage|p2a: Drampa|0 fnt\n|faint|p2a: Drampa\n|\n|upkeep\n|\n|t:|1770249375\n|switch|p2a: Octillery|Octillery, L96, F|299/299\n|turn|11\n|\n|t:|1770249384\n|switch|p1a: Exploud|Exploud, L86, M|319/319\n|move|p2a: Octillery|Fire Blast|p1a: Exploud\n|-damage|p1a: Exploud|191/319\n|\n|upkeep\n|turn|12\n|\n|t:|1770249388\n|move|p1a: Exploud|Boomburst|p2a: Octillery\n|-damage|p2a: Octillery|163/299\n|move|p2a: Octillery|Scald|p1a: Exploud\n|-damage|p1a: Exploud|59/319\n|\n|-heal|p2a: Octillery|181/299|[from] item: Leftovers\n|upkeep\n|turn|13\n|\n|t:|1770249391\n|move|p1a: Exploud|Boomburst|p2a: Octillery\n|-damage|p2a: Octillery|25/299\n|move|p2a: Octillery|Scald|p1a: Exploud\n|-damage|p1a: Exploud|0 fnt\n|faint|p1a: Exploud\n|\n|-heal|p2a: Octillery|43/299|[from] item: Leftovers\n|upkeep\n|\n|t:|1770249398\n|switch|p1a: Rotom|Rotom-Frost, L86|226/226\n|turn|14\n|\n|t:|1770249401\n|move|p1a: Rotom|Thunderbolt|p2a: Octillery\n|-supereffective|p2a: Octillery\n|-crit|p2a: Octillery\n|-damage|p2a: Octillery|0 fnt\n|faint|p2a: Octillery\n|\n|upkeep\n|\n|t:|1770249414\n|switch|p2a: Kyogre|Kyogre, L72|263/263\n|detailschange|p2a: Kyogre|Kyogre-Primal, L72\n|-primal|p2a: Kyogre|Blue Orb\n|-weather|PrimordialSea|[from] ability: Primordial Sea|[of] p2a: Kyogre\n|turn|15\n|\n|t:|1770249417\n|move|p1a: Rotom|Thunderbolt|p2a: Kyogre\n|-supereffective|p2a: Kyogre\n|-damage|p2a: Kyogre|105/263\n|-status|p2a: Kyogre|par\n|cant|p2a: Kyogre|par\n|\n|-weather|PrimordialSea|[upkeep]\n|upkeep\n|turn|16\n|\n|t:|1770249420\n|move|p1a: Rotom|Thunderbolt|p2a: Kyogre\n|-supereffective|p2a: Kyogre\n|-damage|p2a: Kyogre|0 fnt\n|faint|p2a: Kyogre\n|-weather|none\n|detailschange|p2: Kyogre|Kyogre, L72|[silent]\n|\n|upkeep\n|c|☆may/gen3|see\n|-message|Unkel forfeited.\n|\n|win|may/gen3\n|raw|may&#x2f;gen3's rating: 1695 &rarr; <strong>1707</strong><br />(+12 for winning)\n|raw|Unkel's rating: 1550 &rarr; <strong>1538</strong><br />(-12 for losing)\n|l|☆Unkel\n|player|p2|\n", "inputlog": ">version ccdc32dd7cde25fd9e4bed64820e885f66e78a4e\n>start {\"formatid\":\"gen7randombattle\",\"seed\":\"sodium,d8401f65e32c2d257767c5277b97e9ae\",\"rated\":\"Rated battle\"}\n>player p1 {\"name\":\"may/gen3\",\"avatar\":\"may\",\"rating\":1695,\"seed\":\"sodium,7d4e08ad32f2f46373ca54f4252b9de7\"}\n>player p2 {\"name\":\"Unkel\",\"avatar\":\"102\",\"rating\":1550,\"seed\":\"sodium,ac11cb7019137985c3e697f27177c91f\"}\n>p1 move earthquake\n>p2 move earthpower\n>chat ☆may/gen3|hi\n>p1 move voltswitch\n>p2 switch 2\n>p1 switch 6\n>p1 move voltswitch\n>p2 switch 2\n>p1 switch 6\n>p1 move wildcharge\n>p2 move earthpower\n>p2 switch 2\n>p1 move icepunch\n>p2 move strengthsap\n>p1 move icepunch\n>p2 move acrobatics\n>p1 switch 6\n>p1 move thunderbolt\n>p2 switch 4\n>p1 switch 5\n>p2 move dracometeor\n>chat ☆may/gen3|its my sisters birthday and when she watches I get freezes and apralyzses lol she brings good luck\n>p1 move photongeyser\n>p2 move dracometeor\n>p1 switch 5\n>p1 move blizzard\n>p2 move roost\n>p2 switch 6\n>p1 switch 4\n>p2 move fireblast\n>p1 move boomburst\n>p2 move scald\n>p1 move boomburst\n>p2 move scald\n>p1 switch 4\n>p1 move thunderbolt\n>p2 move fireblast\n>p2 switch 5\n>p1 move thunderbolt\n>p2 move originpulse\n>p1 move thunderbolt\n>p2 move calmmind\n>chat ☆may/gen3|see \n>forcelose p2", "uploadtime": 1770249428, "views": 142, "formatid": "gen7randombattle", "rating": 1538, "private": 0, "password": null}