{"id": "gen7randombattle-2524342723", "format": "[Gen 7] Random Battle", "players": ["Zxkra", "Galamianogi"], "log": "|j|☆Zxkra\n|j|‽Galamianogi\n|t:|1769133877\n|gametype|singles\n|player|p1|Zxkra|cynthia-gen4|1687\n|player|p2|Galamianogi|gladion-stance|1688\n|gen|7\n|tier|[Gen 7] Random Battle\n|rated|\n|rule|Sleep Clause Mod: Limit one foe put to sleep\n|rule|HP Percentage Mod: HP is shown in percentages\n|rule|Illusion Level Mod: Illusion disguises the Pokémon's true level\n|\n|t:|1769133877\n|teamsize|p1|6\n|teamsize|p2|6\n|start\n|switch|p1a: Raikou|Raikou, L81|278/278\n|switch|p2a: Banette|Banette, L93, F|270/270\n|-ability|p1a: Raikou|Pressure\n|-item|p1a: Raikou|Leftovers|[from] ability: Frisk|[of] p2a: Banette\n|turn|1\n|inactive|Battle timer is ON: inactive players will automatically lose when time's up. (requested by Zxkra)\n|\n|t:|1769133895\n|switch|p1a: Drampa|Drampa, L91, F|290/290\n|move|p2a: Banette|Knock Off|p1a: Drampa\n|-damage|p1a: Drampa|168/290\n|-enditem|p1a: Drampa|Leftovers|[from] move: Knock Off|[of] p2a: Banette\n|-damage|p2a: Banette|243/270|[from] item: Life Orb\n|\n|upkeep\n|turn|2\n|\n|t:|1769133916\n|move|p2a: Banette|Gunk Shot|p1a: Drampa\n|-damage|p1a: Drampa|28/290\n|-ability|p1a: Drampa|Berserk|boost\n|-boost|p1a: Drampa|spa|1\n|-damage|p2a: Banette|216/270|[from] item: Life Orb\n|move|p1a: Drampa|Roost|p1a: Drampa\n|-heal|p1a: Drampa|173/290\n|-singleturn|p1a: Drampa|move: Roost\n|\n|upkeep\n|turn|3\n|\n|t:|1769133924\n|move|p2a: Banette|Gunk Shot|p1a: Drampa\n|-damage|p1a: Drampa|38/290\n|-ability|p1a: Drampa|Berserk|boost\n|-boost|p1a: Drampa|spa|1\n|-damage|p2a: Banette|189/270|[from] item: Life Orb\n|move|p1a: Drampa|Roost|p1a: Drampa\n|-heal|p1a: Drampa|183/290\n|-singleturn|p1a: Drampa|move: Roost\n|\n|upkeep\n|turn|4\n|\n|t:|1769133929\n|move|p2a: Banette|Thunder Wave|p1a: Drampa\n|-status|p1a: Drampa|par\n|cant|p1a: Drampa|par\n|\n|upkeep\n|turn|5\n|\n|t:|1769133931\n|move|p2a: Banette|Gunk Shot|p1a: Drampa\n|-damage|p1a: Drampa|36/290 par\n|-ability|p1a: Drampa|Berserk|boost\n|-boost|p1a: Drampa|spa|1\n|-damage|p2a: Banette|162/270|[from] item: Life Orb\n|move|p1a: Drampa|Roost|p1a: Drampa\n|-heal|p1a: Drampa|181/290 par\n|-singleturn|p1a: Drampa|move: Roost\n|\n|upkeep\n|turn|6\n|\n|t:|1769133950\n|move|p2a: Banette|Gunk Shot|p1a: Drampa\n|-damage|p1a: Drampa|43/290 par\n|-ability|p1a: Drampa|Berserk|boost\n|-boost|p1a: Drampa|spa|1\n|-damage|p2a: Banette|135/270|[from] item: Life Orb\n|move|p1a: Drampa|Roost|p1a: Drampa\n|-heal|p1a: Drampa|188/290 par\n|-singleturn|p1a: Drampa|move: Roost\n|\n|upkeep\n|turn|7\n|\n|t:|1769133957\n|move|p2a: Banette|Gunk Shot|p1a: Drampa|[miss]\n|-miss|p2a: Banette|p1a: Drampa\n|move|p1a: Drampa|Roost|p1a: Drampa\n|-heal|p1a: Drampa|290/290 par\n|-singleturn|p1a: Drampa|move: Roost\n|\n|upkeep\n|turn|8\n|\n|t:|1769133964\n|move|p2a: Banette|Gunk Shot|p1a: Drampa|[miss]\n|-miss|p2a: Banette|p1a: Drampa\n|move|p1a: Drampa|Draco Meteor|p2a: Banette\n|-damage|p2a: Banette|0 fnt\n|-unboost|p1a: Drampa|spa|2\n|faint|p2a: Banette\n|\n|upkeep\n|\n|t:|1769133975\n|switch|p2a: Simisear|Simisear, L89, F|278/278\n|turn|9\n|\n|t:|1769133984\n|move|p2a: Simisear|Substitute|p2a: Simisear\n|-start|p2a: Simisear|Substitute\n|-damage|p2a: Simisear|209/278\n|move|p1a: Drampa|Hyper Voice|p2a: Simisear\n|-damage|p2a: Simisear|0 fnt\n|faint|p2a: Simisear\n|\n|upkeep\n|\n|t:|1769134001\n|switch|p2a: Magmortar|Magmortar, L88, M|275/275\n|turn|10\n|inactive|Zxkra has 120 seconds left.\n|inactive|Zxkra has 90 seconds left.\n|inactive|Zxkra has 60 seconds left.\n|inactive|Zxkra has 30 seconds left.\n|inactive|Zxkra has 20 seconds left.\n|inactive|Zxkra has 15 seconds left.\n|inactive|Zxkra has 10 seconds left.\n|inactive|Zxkra has 5 seconds left.\n|-message|Zxkra lost due to inactivity.\n|\n|win|Galamianogi\n|raw|Zxkra's rating: 1687 &rarr; <strong>1667</strong><br />(-20 for losing)\n|raw|Galamianogi's rating: 1688 &rarr; <strong>1708</strong><br />(+20 for winning)\n|l|‽Galamianogi\n|player|p2|\n", "inputlog": ">version dd3d52b8382d73d1dd2c67730c4067df325ab790\n>start {\"formatid\":\"gen7randombattle\",\"seed\":\"sodium,5509ebc3b482104d439119903a9f3150\",\"rated\":\"Rated battle\"}\n>player p1 {\"name\":\"Zxkra\",\"avatar\":\"cynthia-gen4\",\"rating\":1687,\"seed\":\"sodium,fce8f1a363d37687c5369c054a67a707\"}\n>player p2 {\"name\":\"Galamianogi\",\"avatar\":\"gladion-stance\",\"rating\":1688,\"seed\":\"sodium,2c5e05da6649c71f89a43f3191a4c870\"}\n>p1 switch 4\n>p2 move knockoff\n>p1 move roost\n>p2 move gunkshot\n>p1 move roost\n>p2 move gunkshot\n>p1 move roost\n>p2 move thunderwave\n>p1 move roost\n>p2 move gunkshot\n>p1 move roost\n>p2 move gunkshot\n>p1 move roost\n>p2 move gunkshot\n>p1 move dracometeor\n>p2 move gunkshot\n>p2 switch 6\n>p1 move hypervoice\n>p2 move substitute\n>p2 switch 4\n>forcelose p1", "uploadtime": 1769134154, "views": 161, "formatid": "gen7randombattle", "rating": 1667, "private": 0, "password": null}