{"id": "gen7randombattle-2533182016", "format": "[Gen 7] Random Battle", "players": ["fatpengui", "MimikyuTrainerAsh"], "log": "|j|☆fatpengui\n|j|☆MimikyuTrainerAsh\n|t:|1770268394\n|gametype|singles\n|player|p1|fatpengui|mallow|1587\n|player|p2|MimikyuTrainerAsh|pokekid|1643\n|gen|7\n|tier|[Gen 7] Random Battle\n|rated|\n|rule|Sleep Clause Mod: Limit one foe put to sleep\n|rule|HP Percentage Mod: HP is shown in percentages\n|rule|Illusion Level Mod: Illusion disguises the Pokémon's true level\n|\n|t:|1770268394\n|teamsize|p1|6\n|teamsize|p2|6\n|start\n|switch|p1a: Celesteela|Celesteela, L78|279/279\n|switch|p2a: Carbink|Carbink, L92|241/241\n|turn|1\n|inactive|Battle timer is ON: inactive players will automatically lose when time's up. (requested by MimikyuTrainerAsh)\n|\n|t:|1770268409\n|switch|p2a: Blissey|Blissey, L85, F|572/572\n|move|p1a: Celesteela|Heavy Slam|p2a: Blissey\n|-damage|p2a: Blissey|242/572\n|\n|-heal|p2a: Blissey|277/572|[from] item: Leftovers\n|upkeep\n|turn|2\n|\n|t:|1770268414\n|move|p2a: Blissey|Protect|p2a: Blissey\n|-singleturn|p2a: Blissey|Protect\n|move|p1a: Celesteela|Heavy Slam|p2a: Blissey\n|-activate|p2a: Blissey|move: Protect\n|\n|-heal|p2a: Blissey|312/572|[from] item: Leftovers\n|upkeep\n|turn|3\n|\n|t:|1770268430\n|switch|p2a: Kingler|Kingler, L87, F|237/237\n|move|p1a: Celesteela|Heavy Slam|p2a: Kingler\n|-resisted|p2a: Kingler\n|-damage|p2a: Kingler|195/237\n|\n|upkeep\n|turn|4\n|\n|t:|1770268437\n|move|p2a: Kingler|Swords Dance|p2a: Kingler\n|-boost|p2a: Kingler|atk|2\n|move|p1a: Celesteela|Leech Seed|p2a: Kingler\n|-start|p2a: Kingler|move: Leech Seed\n|\n|-damage|p2a: Kingler|166/237|[from] Leech Seed|[of] p1a: Celesteela\n|upkeep\n|turn|5\n|\n|t:|1770268447\n|move|p1a: Celesteela|Protect|p1a: Celesteela\n|-singleturn|p1a: Celesteela|Protect\n|move|p2a: Kingler|Liquidation|p1a: Celesteela\n|-activate|p1a: Celesteela|move: Protect\n|\n|-damage|p2a: Kingler|137/237|[from] Leech Seed|[of] p1a: Celesteela\n|upkeep\n|turn|6\n|\n|t:|1770268449\n|switch|p1a: Audino|Audino, L92, F|339/339\n|move|p2a: Kingler|Liquidation|p1a: Audino\n|-damage|p1a: Audino|0 fnt\n|faint|p1a: Audino\n|\n|upkeep\n|\n|t:|1770268459\n|switch|p1a: Furret|Furret, L94, M|312/312\n|-item|p2a: Kingler|Life Orb|[from] ability: Frisk|[of] p1a: Furret\n|turn|7\n|c|☆MimikyuTrainerAsh|i hope that wasnt your mega\n|c|☆fatpengui|why tf do i care abt an audino mega\n|c|☆MimikyuTrainerAsh|its pretty good\n|\n|t:|1770268483\n|switch|p2a: Carbink|Carbink, L92|241/241\n|move|p1a: Furret|Return|p2a: Carbink\n|-resisted|p2a: Carbink\n|-damage|p2a: Carbink|211/241\n|\n|-heal|p2a: Carbink|226/241|[from] item: Leftovers\n|upkeep\n|turn|8\n|c|☆fatpengui|no its not bro\n|\n|t:|1770268492\n|switch|p1a: Celesteela|Celesteela, L78|279/279\n|move|p2a: Carbink|Stealth Rock|p1a: Celesteela\n|-sidestart|p1: fatpengui|move: Stealth Rock\n|\n|-heal|p2a: Carbink|241/241|[from] item: Leftovers\n|upkeep\n|turn|9\n|\n|t:|1770268496\n|switch|p2a: Leavanny|Leavanny, L87, M|272/272\n|move|p1a: Celesteela|Leech Seed|p2a: Leavanny\n|-immune|p2a: Leavanny\n|\n|upkeep\n|turn|10\n|\n|t:|1770268499\n|move|p2a: Leavanny|Sticky Web|p1a: Celesteela\n|-sidestart|p1: fatpengui|move: Sticky Web\n|move|p1a: Celesteela|Air Slash|p2a: Leavanny\n|-supereffective|p2a: Leavanny\n|-damage|p2a: Leavanny|0 fnt\n|faint|p2a: Leavanny\n|-ability|p1a: Celesteela|Beast Boost|boost\n|-boost|p1a: Celesteela|spa|1\n|\n|upkeep\n|\n|t:|1770268504\n|switch|p2a: Wishiwashi|Wishiwashi, L89, M|225/225\n|-formechange|p2a: Wishiwashi|Wishiwashi-School||[from] ability: Schooling\n|turn|11\n|c|☆MimikyuTrainerAsh|i've won a few games with it\n|\n|t:|1770268524\n|move|p1a: Celesteela|Leech Seed|p2a: Wishiwashi\n|-start|p2a: Wishiwashi|move: Leech Seed\n|move|p2a: Wishiwashi|Hydro Pump|p1a: Celesteela|[miss]\n|-miss|p2a: Wishiwashi|p1a: Celesteela\n|\n|-damage|p2a: Wishiwashi|197/225|[from] Leech Seed|[of] p1a: Celesteela\n|upkeep\n|turn|12\n|\n|t:|1770268531\n|switch|p2a: Blissey|Blissey, L85, F|312/572\n|move|p1a: Celesteela|Air Slash|p2a: Blissey\n|-damage|p2a: Blissey|230/572\n|\n|-heal|p2a: Blissey|265/572|[from] item: Leftovers\n|upkeep\n|turn|13\n|c|☆fatpengui|its some dih ngl\n|\n|t:|1770268534\n|move|p2a: Blissey|Protect|p2a: Blissey\n|-singleturn|p2a: Blissey|Protect\n|move|p1a: Celesteela|Heavy Slam|p2a: Blissey\n|-activate|p2a: Blissey|move: Protect\n|\n|-heal|p2a: Blissey|300/572|[from] item: Leftovers\n|upkeep\n|turn|14\n|\n|t:|1770268538\n|switch|p2a: Sawsbuck|Sawsbuck, L88, M|283/283\n|move|p1a: Celesteela|Leech Seed|p2a: Sawsbuck\n|-ability|p2a: Sawsbuck|Sap Sipper|boost\n|-boost|p2a: Sawsbuck|atk|1\n|\n|upkeep\n|turn|15\n|\n|t:|1770268541\n|move|p2a: Sawsbuck|Jump Kick|p1a: Celesteela\n|-damage|p1a: Celesteela|126/279\n|-damage|p2a: Sawsbuck|255/283|[from] item: Life Orb\n|move|p1a: Celesteela|Air Slash|p2a: Sawsbuck\n|-supereffective|p2a: Sawsbuck\n|-damage|p2a: Sawsbuck|0 fnt\n|faint|p2a: Sawsbuck\n|-ability|p1a: Celesteela|Beast Boost|boost\n|-boost|p1a: Celesteela|spa|1\n|\n|-heal|p1a: Celesteela|143/279|[from] item: Leftovers\n|upkeep\n|\n|t:|1770268544\n|switch|p2a: Kingler|Kingler, L87, F|137/237\n|turn|16\n|\n|t:|1770268546\n|move|p1a: Celesteela|Protect|p1a: Celesteela\n|-singleturn|p1a: Celesteela|Protect\n|move|p2a: Kingler|Swords Dance|p2a: Kingler\n|-boost|p2a: Kingler|atk|2\n|\n|-heal|p1a: Celesteela|160/279|[from] item: Leftovers\n|upkeep\n|turn|17\n|\n|t:|1770268548\n|move|p2a: Kingler|Liquidation|p1a: Celesteela\n|-damage|p1a: Celesteela|0 fnt\n|faint|p1a: Celesteela\n|\n|upkeep\n|\n|t:|1770268553\n|switch|p1a: Beautifly|Beautifly, L99, F|279/279\n|-damage|p1a: Beautifly|140/279|[from] Stealth Rock\n|turn|18\n|\n|t:|1770268560\n|move|p1a: Beautifly|Quiver Dance|p1a: Beautifly\n|-boost|p1a: Beautifly|spa|1\n|-boost|p1a: Beautifly|spd|1\n|-boost|p1a: Beautifly|spe|1\n|move|p2a: Kingler|Liquidation|p1a: Beautifly\n|-crit|p1a: Beautifly\n|-damage|p1a: Beautifly|0 fnt\n|faint|p1a: Beautifly\n|\n|upkeep\n|\n|t:|1770268566\n|switch|p1a: Aromatisse|Aromatisse, L91, F|332/332\n|-damage|p1a: Aromatisse|291/332|[from] Stealth Rock\n|-activate|p1a: Aromatisse|move: Sticky Web\n|-unboost|p1a: Aromatisse|spe|1\n|turn|19\n|\n|t:|1770268568\n|move|p2a: Kingler|Liquidation|p1a: Aromatisse\n|-damage|p1a: Aromatisse|0 fnt\n|faint|p1a: Aromatisse\n|\n|upkeep\n|-message|fatpengui forfeited.\n|\n|win|MimikyuTrainerAsh\n|raw|fatpengui's rating: 1587 &rarr; <strong>1570</strong><br />(-17 for losing)\n|raw|MimikyuTrainerAsh's rating: 1643 &rarr; <strong>1660</strong><br />(+17 for winning)\n|l|☆fatpengui\n|player|p1|\n", "inputlog": ">version ccdc32dd7cde25fd9e4bed64820e885f66e78a4e\n>start {\"formatid\":\"gen7randombattle\",\"seed\":\"sodium,a7e54221cba79f3db03abd4123468ae1\",\"rated\":\"Rated battle\"}\n>player p1 {\"name\":\"fatpengui\",\"avatar\":\"mallow\",\"rating\":1587,\"seed\":\"sodium,cb17e3ca28c3a751beb7e0e03713661e\"}\n>player p2 {\"name\":\"MimikyuTrainerAsh\",\"avatar\":\"pokekid\",\"rating\":1643,\"seed\":\"sodium,1ab01634a5c94b913259a817d61feabf\"}\n>p1 move heavyslam\n>p2 switch 5\n>p1 move heavyslam\n>p2 move protect\n>p1 move heavyslam\n>p2 switch 3\n>p1 move leechseed\n>p2 move swordsdance\n>p1 move protect\n>p2 move liquidation\n>p1 switch 3\n>p2 move liquidation\n>p1 switch 5\n>chat ☆MimikyuTrainerAsh|i hope that wasnt your mega\n>chat ☆fatpengui|why tf do i care abt an audino mega\n>chat ☆MimikyuTrainerAsh|its pretty good\n>p1 move return\n>p2 switch 5\n>chat ☆fatpengui|no its not bro\n>p1 switch 3\n>p2 move stealthrock\n>p1 move leechseed\n>p2 switch 2\n>p1 move airslash\n>p2 move stickyweb\n>p2 switch 6\n>chat ☆MimikyuTrainerAsh|i've won a few games with it\n>p1 move leechseed\n>p2 move hydropump\n>p1 move airslash\n>p2 switch 3\n>chat ☆fatpengui|its some dih ngl\n>p1 move heavyslam\n>p2 move protect\n>p1 move leechseed\n>p2 switch 4\n>p1 move airslash\n>p2 move jumpkick\n>p2 switch 5\n>p1 move protect\n>p2 move swordsdance\n>p1 move airslash\n>p2 move liquidation\n>p1 switch 6\n>p1 move quiverdance\n>p2 move liquidation\n>p1 switch 4\n>p1 move moonblast\n>p2 move liquidation\n>forcelose p1", "uploadtime": 1770268572, "views": 161, "formatid": "gen7randombattle", "rating": 1570, "private": 0, "password": null}