{"id": "gen7randombattle-2525186143", "format": "[Gen 7] Random Battle", "players": ["aurora ltd", "Michielleus"], "log": "|j|☆aurora ltd\n|j|☆Michielleus\n|t:|1769244534\n|gametype|singles\n|player|p1|aurora ltd|silver-gen2kanto|1539\n|player|p2|Michielleus|#rbtt9faction2|1816\n|gen|7\n|tier|[Gen 7] Random Battle\n|rated|\n|rule|Sleep Clause Mod: Limit one foe put to sleep\n|rule|HP Percentage Mod: HP is shown in percentages\n|rule|Illusion Level Mod: Illusion disguises the Pokémon's true level\n|\n|t:|1769244534\n|teamsize|p1|6\n|teamsize|p2|6\n|start\n|switch|p1a: Sunflora|Sunflora, F|312/312\n|switch|p2a: Vikavolt|Vikavolt, L86, M|273/273\n|turn|1\n|inactive|Battle timer is ON: inactive players will automatically lose when time's up. (requested by Michielleus)\n|\n|t:|1769244563\n|switch|p1a: Kommo-o|Kommo-o, L74, F|233/233\n|move|p2a: Vikavolt|Bug Buzz|p1a: Kommo-o\n|-resisted|p1a: Kommo-o\n|-damage|p1a: Kommo-o|143/233\n|-damage|p2a: Vikavolt|246/273|[from] item: Life Orb\n|\n|upkeep\n|turn|2\n|\n|t:|1769244576\n|switch|p2a: Tapu Koko|Tapu Koko, L77|234/234\n|-fieldstart|move: Electric Terrain|[from] ability: Electric Surge|[of] p2a: Tapu Koko\n|-zpower|p1a: Kommo-o\n|move|p1a: Kommo-o|Clangorous Soulblaze|p2a: Tapu Koko|[zeffect]\n|-immune|p2a: Tapu Koko\n|\n|upkeep\n|turn|3\n|inactive|aurora ltd has 120 seconds left.\n|\n|t:|1769244609\n|switch|p1a: Lickilicky|Lickilicky, L89, M|341/341\n|move|p2a: Tapu Koko|U-turn|p1a: Lickilicky\n|-damage|p1a: Lickilicky|301/341\n|\n|t:|1769244617\n|switch|p2a: Donphan|Donphan, L84, F|288/288|[from] U-turn\n|\n|upkeep\n|turn|4\n|inactive|aurora ltd has 120 seconds left.\n|\n|t:|1769244635\n|move|p1a: Lickilicky|Power Whip|p2a: Donphan\n|-supereffective|p2a: Donphan\n|-damage|p2a: Donphan|164/288\n|move|p2a: Donphan|Toxic|p1a: Lickilicky|[miss]\n|-miss|p2a: Donphan|p1a: Lickilicky\n|\n|-heal|p2a: Donphan|182/288|[from] item: Leftovers\n|upkeep\n|turn|5\n|\n|t:|1769244643\n|switch|p2a: Arceus|Arceus-Psychic, L72|292/292\n|move|p1a: Lickilicky|Power Whip|p2a: Arceus|[miss]\n|-miss|p1a: Lickilicky|p2a: Arceus\n|\n|upkeep\n|turn|6\n|inactive|aurora ltd has 120 seconds left.\n|\n|t:|1769244660\n|move|p2a: Arceus|Will-O-Wisp|p1a: Lickilicky|[miss]\n|-miss|p2a: Arceus|p1a: Lickilicky\n|move|p1a: Lickilicky|Body Slam|p2a: Arceus\n|-damage|p2a: Arceus|201/292\n|-status|p2a: Arceus|par\n|\n|-fieldend|move: Electric Terrain\n|upkeep\n|turn|7\n|\n|t:|1769244670\n|move|p1a: Lickilicky|Body Slam|p2a: Arceus\n|-damage|p2a: Arceus|113/292 par\n|move|p2a: Arceus|Will-O-Wisp|p1a: Lickilicky|[miss]\n|-miss|p2a: Arceus|p1a: Lickilicky\n|\n|upkeep\n|turn|8\n|\n|t:|1769244675\n|move|p1a: Lickilicky|Body Slam|p2a: Arceus\n|-damage|p2a: Arceus|29/292 par\n|cant|p2a: Arceus|par\n|\n|upkeep\n|turn|9\n|\n|t:|1769244681\n|move|p1a: Lickilicky|Body Slam|p2a: Arceus\n|-damage|p2a: Arceus|0 fnt\n|faint|p2a: Arceus\n|\n|upkeep\n|\n|t:|1769244684\n|switch|p2a: Kingler|Kingler, L87, M|237/237\n|turn|10\n|\n|t:|1769244708\n|switch|p1a: Sunflora|Sunflora, F|312/312\n|move|p2a: Kingler|Liquidation|p1a: Sunflora\n|-resisted|p1a: Sunflora\n|-damage|p1a: Sunflora|182/312\n|\n|upkeep\n|turn|11\n|\n|t:|1769244717\n|switch|p2a: Noctowl|Noctowl, L94, F|340/340\n|move|p1a: Sunflora|Sunny Day|p1a: Sunflora\n|-weather|SunnyDay\n|\n|-weather|SunnyDay|[upkeep]\n|upkeep\n|turn|12\n|inactive|aurora ltd has 120 seconds left.\n|\n|t:|1769244745\n|switch|p1a: Lickilicky|Lickilicky, L89, M|301/341\n|move|p2a: Noctowl|Toxic|p1a: Lickilicky\n|-status|p1a: Lickilicky|tox\n|\n|-weather|SunnyDay|[upkeep]\n|-damage|p1a: Lickilicky|280/341 tox|[from] psn\n|upkeep\n|turn|13\n|\n|t:|1769244755\n|move|p2a: Noctowl|Hyper Voice|p1a: Lickilicky\n|-damage|p1a: Lickilicky|213/341 tox\n|move|p1a: Lickilicky|Body Slam|p2a: Noctowl\n|-damage|p2a: Noctowl|225/340\n|\n|-weather|SunnyDay|[upkeep]\n|-heal|p2a: Noctowl|246/340|[from] item: Leftovers\n|-damage|p1a: Lickilicky|171/341 tox|[from] psn\n|upkeep\n|turn|14\n|\n|t:|1769244764\n|move|p2a: Noctowl|Hyper Voice|p1a: Lickilicky\n|-damage|p1a: Lickilicky|113/341 tox\n|move|p1a: Lickilicky|Body Slam|p2a: Noctowl\n|-damage|p2a: Noctowl|126/340\n|-status|p2a: Noctowl|par\n|\n|-weather|SunnyDay|[upkeep]\n|-heal|p2a: Noctowl|147/340 par|[from] item: Leftovers\n|-damage|p1a: Lickilicky|50/341 tox|[from] psn\n|upkeep\n|turn|15\n|\n|t:|1769244773\n|move|p1a: Lickilicky|Body Slam|p2a: Noctowl\n|-damage|p2a: Noctowl|32/340 par\n|move|p2a: Noctowl|Roost|p2a: Noctowl\n|-heal|p2a: Noctowl|202/340 par\n|-singleturn|p2a: Noctowl|move: Roost\n|\n|-weather|none\n|-heal|p2a: Noctowl|223/340 par|[from] item: Leftovers\n|-damage|p1a: Lickilicky|0 fnt|[from] psn\n|faint|p1a: Lickilicky\n|upkeep\n|inactive|aurora ltd has 120 seconds left.\n|\n|t:|1769244798\n|switch|p1a: Meowstic|Meowstic, L91, M|283/283\n|turn|16\n|inactive|aurora ltd has 120 seconds left.\n|\n|t:|1769244804\n|move|p1a: Meowstic|Psychic|p2a: Noctowl\n|-damage|p2a: Noctowl|132/340 par\n|cant|p2a: Noctowl|par\n|\n|-heal|p2a: Noctowl|153/340 par|[from] item: Leftovers\n|upkeep\n|turn|17\n|\n|t:|1769244810\n|move|p1a: Meowstic|Psychic|p2a: Noctowl\n|-damage|p2a: Noctowl|75/340 par\n|move|p2a: Noctowl|Roost|p2a: Noctowl\n|-heal|p2a: Noctowl|245/340 par\n|-singleturn|p2a: Noctowl|move: Roost\n|\n|-heal|p2a: Noctowl|266/340 par|[from] item: Leftovers\n|upkeep\n|turn|18\n|\n|t:|1769244817\n|move|p1a: Meowstic|Psychic|p2a: Noctowl\n|-damage|p2a: Noctowl|185/340 par\n|move|p2a: Noctowl|Toxic|p1a: Meowstic\n|-status|p1a: Meowstic|tox\n|\n|-heal|p2a: Noctowl|206/340 par|[from] item: Leftovers\n|-damage|p1a: Meowstic|266/283 tox|[from] psn\n|upkeep\n|turn|19\n|\n|t:|1769244827\n|move|p1a: Meowstic|Light Screen|p1a: Meowstic\n|-sidestart|p1: aurora ltd|move: Light Screen\n|move|p2a: Noctowl|Roost|p2a: Noctowl\n|-heal|p2a: Noctowl|340/340 par\n|-singleturn|p2a: Noctowl|move: Roost\n|\n|-damage|p1a: Meowstic|232/283 tox|[from] psn\n|upkeep\n|turn|20\n|\n|t:|1769244834\n|move|p1a: Meowstic|Reflect|p1a: Meowstic\n|-sidestart|p1: aurora ltd|Reflect\n|move|p2a: Noctowl|Hyper Voice|p1a: Meowstic\n|-damage|p1a: Meowstic|175/283 tox\n|\n|-damage|p1a: Meowstic|124/283 tox|[from] psn\n|upkeep\n|turn|21\n|\n|t:|1769244840\n|move|p1a: Meowstic|Psychic|p2a: Noctowl\n|-damage|p2a: Noctowl|256/340 par\n|move|p2a: Noctowl|Toxic|p1a: Meowstic\n|-fail|p1a: Meowstic|tox\n|\n|-heal|p2a: Noctowl|277/340 par|[from] item: Leftovers\n|-damage|p1a: Meowstic|56/283 tox|[from] psn\n|upkeep\n|turn|22\n|\n|t:|1769244847\n|move|p1a: Meowstic|Psychic|p2a: Noctowl\n|-damage|p2a: Noctowl|193/340 par\n|-unboost|p2a: Noctowl|spd|1\n|move|p2a: Noctowl|Roost|p2a: Noctowl\n|-heal|p2a: Noctowl|340/340 par\n|-singleturn|p2a: Noctowl|move: Roost\n|\n|-damage|p1a: Meowstic|0 fnt|[from] psn\n|faint|p1a: Meowstic\n|upkeep\n|\n|t:|1769244860\n|switch|p1a: Kangaskhan|Kangaskhan, L75, F|281/281\n|turn|23\n|\n|t:|1769244874\n|detailschange|p1a: Kangaskhan|Kangaskhan-Mega, L75, F\n|-mega|p1a: Kangaskhan|Kangaskhan|Kangaskhanite\n|move|p1a: Kangaskhan|Fake Out|p2a: Noctowl\n|-damage|p2a: Noctowl|286/340 par\n|-damage|p2a: Noctowl|273/340 par\n|-hitcount|p2a: Noctowl|2\n|cant|p2a: Noctowl|flinch\n|\n|-heal|p2a: Noctowl|294/340 par|[from] item: Leftovers\n|upkeep\n|turn|24\n|\n|t:|1769244883\n|move|p1a: Kangaskhan|Seismic Toss|p2a: Noctowl\n|-damage|p2a: Noctowl|219/340 par\n|-damage|p2a: Noctowl|144/340 par\n|-hitcount|p2a: Noctowl|2\n|move|p2a: Noctowl|Toxic|p1a: Kangaskhan\n|-status|p1a: Kangaskhan|tox\n|\n|-heal|p2a: Noctowl|165/340 par|[from] item: Leftovers\n|-damage|p1a: Kangaskhan|264/281 tox|[from] psn\n|upkeep\n|turn|25\n|\n|t:|1769244896\n|switch|p2a: Donphan|Donphan, L84, F|182/288\n|move|p1a: Kangaskhan|Body Slam|p2a: Donphan\n|-damage|p2a: Donphan|116/288\n|-damage|p2a: Donphan|100/288\n|-hitcount|p2a: Donphan|2\n|\n|-heal|p2a: Donphan|118/288|[from] item: Leftovers\n|-damage|p1a: Kangaskhan|230/281 tox|[from] psn\n|upkeep\n|turn|26\n|\n|t:|1769244909\n|move|p1a: Kangaskhan|Seismic Toss|p2a: Donphan\n|-damage|p2a: Donphan|43/288\n|-damage|p2a: Donphan|0 fnt\n|faint|p2a: Donphan\n|-hitcount|p2: Donphan|2\n|\n|-damage|p1a: Kangaskhan|179/281 tox|[from] psn\n|-sideend|p1: aurora ltd|move: Light Screen\n|upkeep\n|\n|t:|1769244911\n|switch|p2a: Vikavolt|Vikavolt, L86, M|246/273\n|turn|27\n|\n|t:|1769244927\n|move|p1a: Kangaskhan|Seismic Toss|p2a: Vikavolt\n|-damage|p2a: Vikavolt|171/273\n|-damage|p2a: Vikavolt|96/273\n|-hitcount|p2a: Vikavolt|2\n|move|p2a: Vikavolt|Thunderbolt|p1a: Kangaskhan\n|-damage|p1a: Kangaskhan|11/281 tox\n|-damage|p2a: Vikavolt|69/273|[from] item: Life Orb\n|\n|-damage|p1a: Kangaskhan|0 fnt|[from] psn\n|faint|p1a: Kangaskhan\n|detailschange|p1: Kangaskhan|Kangaskhan, L75, F|[silent]\n|-sideend|p1: aurora ltd|Reflect\n|upkeep\n|\n|t:|1769244938\n|switch|p1a: Kommo-o|Kommo-o, L74, F|143/233\n|turn|28\n|\n|t:|1769244945\n|move|p1a: Kommo-o|Clanging Scales|p2a: Vikavolt\n|-damage|p2a: Vikavolt|0 fnt\n|faint|p2a: Vikavolt\n|-unboost|p1a: Kommo-o|def|1\n|\n|upkeep\n|\n|t:|1769244948\n|switch|p2a: Tapu Koko|Tapu Koko, L77|234/234\n|-fieldstart|move: Electric Terrain|[from] ability: Electric Surge|[of] p2a: Tapu Koko\n|turn|29\n|\n|t:|1769244958\n|switch|p1a: Sunflora|Sunflora, F|182/312\n|move|p2a: Tapu Koko|Dazzling Gleam|p1a: Sunflora\n|-damage|p1a: Sunflora|122/312\n|\n|upkeep\n|turn|30\n|\n|t:|1769244964\n|move|p2a: Tapu Koko|Brave Bird|p1a: Sunflora\n|-supereffective|p1a: Sunflora\n|-damage|p1a: Sunflora|0 fnt\n|faint|p1a: Sunflora\n|-damage|p2a: Tapu Koko|194/234|[from] Recoil\n|\n|upkeep\n|\n|t:|1769244971\n|switch|p1a: Starmie|Starmie, L84|238/238\n|turn|31\n|\n|t:|1769244982\n|move|p2a: Tapu Koko|Wild Charge|p1a: Starmie\n|-supereffective|p1a: Starmie\n|-damage|p1a: Starmie|0 fnt\n|faint|p1a: Starmie\n|-damage|p2a: Tapu Koko|134/234|[from] Recoil\n|\n|upkeep\n|\n|t:|1769244988\n|switch|p1a: Kommo-o|Kommo-o, L74, F|143/233\n|turn|32\n|\n|t:|1769244991\n|move|p2a: Tapu Koko|Dazzling Gleam|p1a: Kommo-o\n|-supereffective|p1a: Kommo-o\n|-damage|p1a: Kommo-o|0 fnt\n|faint|p1a: Kommo-o\n|\n|win|Michielleus\n|raw|aurora ltd's rating: 1539 &rarr; <strong>1532</strong><br />(-7 for losing)\n|raw|Michielleus's rating: 1816 &rarr; <strong>1823</strong><br />(+7 for winning)\n|l|☆Michielleus\n|player|p2|\n", "inputlog": ">version b99ff0165a6231f17e8b78c2a78d1998375de664\n>start {\"formatid\":\"gen7randombattle\",\"seed\":\"sodium,c9715e645e32de7a66061463c75be7b0\",\"rated\":\"Rated battle\"}\n>player p1 {\"name\":\"aurora ltd\",\"avatar\":\"silver-gen2kanto\",\"rating\":1539,\"seed\":\"sodium,855ed82ff2246e34623977878ebbf703\"}\n>player p2 {\"name\":\"Michielleus\",\"avatar\":\"#rbtt9faction2\",\"rating\":1816,\"seed\":\"sodium,821c3ea2d6d53b5ac55066ebdafe5f15\"}\n>p1 switch 2\n>p2 move bugbuzz\n>p1 move clangingscales zmove\n>p2 switch 5\n>p1 switch 6\n>p2 move uturn\n>p2 switch 6\n>p1 move powerwhip\n>p2 move toxic\n>p1 move powerwhip\n>p2 switch 4\n>p1 move bodyslam\n>p2 move willowisp\n>p1 move bodyslam\n>p2 move willowisp\n>p1 move bodyslam\n>p2 move recover\n>p1 move bodyslam\n>p2 move recover\n>p2 switch 2\n>p1 switch 2\n>p2 move liquidation\n>p1 move sunnyday\n>p2 switch 3\n>p1 switch 2\n>p2 move toxic\n>p1 move bodyslam\n>p2 move hypervoice\n>p1 move bodyslam\n>p2 move hypervoice\n>p1 move bodyslam\n>p2 move roost\n>p1 switch 5\n>p1 move psychic\n>p2 move toxic\n>p1 move psychic\n>p2 move roost\n>p1 move psychic\n>p2 move toxic\n>p1 move lightscreen\n>p2 move roost\n>p1 move reflect\n>p2 move hypervoice\n>p1 move psychic\n>p2 move toxic\n>p1 move psychic\n>p2 move roost\n>p1 switch 4\n>p1 move fakeout mega\n>p2 move toxic\n>p1 move seismictoss\n>p2 move toxic\n>p1 move bodyslam\n>p2 switch 4\n>p1 move seismictoss\n>p2 move earthquake\n>p2 switch 5\n>p1 move seismictoss\n>p2 move thunderbolt\n>p1 switch 6\n>p1 move clangingscales\n>p2 move thunderbolt\n>p2 switch 6\n>p1 switch 2\n>p2 move dazzlinggleam\n>p1 move sunnyday\n>p2 move bravebird\n>p1 switch 3\n>p1 move psyshock\n>p2 move wildcharge\n>p1 switch 2\n>p1 move dragondance\n>p2 move dazzlinggleam", "uploadtime": 1769244999, "views": 199, "formatid": "gen7randombattle", "rating": 1532, "private": 0, "password": null}