{"id": "gen7randombattle-2540028974", "format": "[Gen 7] Random Battle", "players": ["may/gen3", "YT Luck_one"], "log": "|j|☆may/gen3\n|j|☆YT Luck_one\n|t:|1771148107\n|gametype|singles\n|player|p1|may/gen3|may|1758\n|player|p2|YT Luck_one|265|1581\n|gen|7\n|tier|[Gen 7] Random Battle\n|rated|\n|rule|Sleep Clause Mod: Limit one foe put to sleep\n|rule|HP Percentage Mod: HP is shown in percentages\n|rule|Illusion Level Mod: Illusion disguises the Pokémon's true level\n|\n|t:|1771148107\n|teamsize|p1|6\n|teamsize|p2|6\n|start\n|switch|p1a: Clefable|Clefable, L83, F|293/293\n|switch|p2a: Bouffalant|Bouffalant, L87, F|307/307\n|turn|1\n|\n|t:|1771148117\n|move|p1a: Clefable|Knock Off|p2a: Bouffalant\n|-damage|p2a: Bouffalant|254/307\n|-enditem|p2a: Bouffalant|Leftovers|[from] move: Knock Off|[of] p1a: Clefable\n|move|p2a: Bouffalant|Head Charge|p1a: Clefable\n|-damage|p1a: Clefable|77/293\n|-damage|p2a: Bouffalant|200/307|[from] Recoil\n|\n|-heal|p1a: Clefable|95/293|[from] item: Leftovers\n|upkeep\n|turn|2\n|inactive|Battle timer is ON: inactive players will automatically lose when time's up. (requested by YT Luck_one)\n|\n|t:|1771148124\n|switch|p1a: Mismagius|Mismagius, L87, F|246/246\n|move|p2a: Bouffalant|Head Charge|p1a: Mismagius\n|-immune|p1a: Mismagius\n|\n|upkeep\n|turn|3\n|\n|t:|1771148149\n|switch|p1a: Marowak|Marowak, L88, F|249/249\n|move|p2a: Bouffalant|Stone Edge|p1a: Marowak\n|-resisted|p1a: Marowak\n|-damage|p1a: Marowak|215/249\n|\n|upkeep\n|turn|4\n|\n|t:|1771148163\n|move|p2a: Bouffalant|Head Charge|p1a: Marowak\n|-damage|p1a: Marowak|64/249\n|-damage|p2a: Bouffalant|162/307|[from] Recoil\n|move|p1a: Marowak|Stealth Rock|p2a: Bouffalant\n|-sidestart|p2: YT Luck_one|move: Stealth Rock\n|\n|upkeep\n|turn|5\n|\n|t:|1771148177\n|move|p2a: Bouffalant|Head Charge|p1a: Marowak\n|-damage|p1a: Marowak|0 fnt\n|faint|p1a: Marowak\n|-damage|p2a: Bouffalant|146/307|[from] Recoil\n|\n|upkeep\n|\n|t:|1771148182\n|switch|p1a: Toucannon|Toucannon, L88, F|284/284\n|turn|6\n|\n|t:|1771148185\n|move|p1a: Toucannon|Brick Break|p2a: Bouffalant\n|-supereffective|p2a: Bouffalant\n|-damage|p2a: Bouffalant|0 fnt\n|faint|p2a: Bouffalant\n|-damage|p1a: Toucannon|256/284|[from] item: Life Orb\n|\n|upkeep\n|\n|t:|1771148212\n|switch|p2a: Uxie|Uxie, L82|257/257\n|-damage|p2a: Uxie|225/257|[from] Stealth Rock\n|turn|7\n|\n|t:|1771148220\n|-singleturn|p1a: Toucannon|move: Beak Blast\n|move|p2a: Uxie|Knock Off|p1a: Toucannon\n|-damage|p1a: Toucannon|194/284\n|-status|p2a: Uxie|brn\n|-enditem|p1a: Toucannon|Life Orb|[from] move: Knock Off|[of] p2a: Uxie\n|move|p1a: Toucannon|Beak Blast|p2a: Uxie\n|-damage|p2a: Uxie|117/257 brn\n|\n|-heal|p2a: Uxie|133/257 brn|[from] item: Leftovers\n|-damage|p2a: Uxie|117/257 brn|[from] brn\n|upkeep\n|turn|8\n|\n|t:|1771148238\n|-singleturn|p1a: Toucannon|move: Beak Blast\n|move|p2a: Uxie|Psychic|p1a: Toucannon\n|-damage|p1a: Toucannon|115/284\n|move|p1a: Toucannon|Beak Blast|p2a: Uxie\n|-damage|p2a: Uxie|12/257 brn\n|\n|-heal|p2a: Uxie|28/257 brn|[from] item: Leftovers\n|-damage|p2a: Uxie|12/257 brn|[from] brn\n|upkeep\n|turn|9\n|\n|t:|1771148248\n|-singleturn|p1a: Toucannon|move: Beak Blast\n|move|p2a: Uxie|Psychic|p1a: Toucannon\n|-damage|p1a: Toucannon|39/284\n|move|p1a: Toucannon|Beak Blast|p2a: Uxie\n|-damage|p2a: Uxie|0 fnt\n|faint|p2a: Uxie\n|\n|upkeep\n|\n|t:|1771148267\n|switch|p2a: Sawsbuck|Sawsbuck-Summer, L88, M|284/284\n|-damage|p2a: Sawsbuck|249/284|[from] Stealth Rock\n|turn|10\n|\n|t:|1771148273\n|-singleturn|p1a: Toucannon|move: Beak Blast\n|move|p2a: Sawsbuck|Horn Leech|p1a: Toucannon\n|-resisted|p1a: Toucannon\n|-damage|p1a: Toucannon|0 fnt\n|-heal|p2a: Sawsbuck|269/284|[from] drain|[of] p1a: Toucannon\n|-status|p2a: Sawsbuck|brn\n|faint|p1a: Toucannon\n|\n|-heal|p2a: Sawsbuck|284/284 brn|[from] item: Leftovers\n|-damage|p2a: Sawsbuck|267/284 brn|[from] brn\n|upkeep\n|\n|t:|1771148285\n|switch|p1a: Clefable|Clefable, L83, F|95/293\n|turn|11\n|\n|t:|1771148290\n|move|p2a: Sawsbuck|Substitute|p2a: Sawsbuck\n|-start|p2a: Sawsbuck|Substitute\n|-damage|p2a: Sawsbuck|196/284 brn\n|move|p1a: Clefable|Soft-Boiled|p1a: Clefable\n|-heal|p1a: Clefable|242/293\n|\n|-heal|p2a: Sawsbuck|213/284 brn|[from] item: Leftovers\n|-heal|p1a: Clefable|260/293|[from] item: Leftovers\n|-damage|p2a: Sawsbuck|196/284 brn|[from] brn\n|upkeep\n|turn|12\n|\n|t:|1771148294\n|move|p2a: Sawsbuck|Swords Dance|p2a: Sawsbuck\n|-boost|p2a: Sawsbuck|atk|2\n|move|p1a: Clefable|Moonblast|p2a: Sawsbuck\n|-end|p2a: Sawsbuck|Substitute\n|\n|-heal|p2a: Sawsbuck|213/284 brn|[from] item: Leftovers\n|-heal|p1a: Clefable|278/293|[from] item: Leftovers\n|-damage|p2a: Sawsbuck|196/284 brn|[from] brn\n|upkeep\n|turn|13\n|\n|t:|1771148301\n|move|p2a: Sawsbuck|Swords Dance|p2a: Sawsbuck\n|-boost|p2a: Sawsbuck|atk|2\n|move|p1a: Clefable|Moonblast|p2a: Sawsbuck\n|-damage|p2a: Sawsbuck|84/284 brn\n|-unboost|p2a: Sawsbuck|spa|1\n|\n|-heal|p2a: Sawsbuck|101/284 brn|[from] item: Leftovers\n|-heal|p1a: Clefable|293/293|[from] item: Leftovers\n|-damage|p2a: Sawsbuck|84/284 brn|[from] brn\n|upkeep\n|turn|14\n|\n|t:|1771148305\n|move|p2a: Sawsbuck|Horn Leech|p1a: Clefable\n|-damage|p1a: Clefable|242/293\n|-heal|p2a: Sawsbuck|110/284 brn|[from] drain|[of] p1a: Clefable\n|move|p1a: Clefable|Moonblast|p2a: Sawsbuck\n|-damage|p2a: Sawsbuck|1/284 brn\n|\n|-heal|p2a: Sawsbuck|18/284 brn|[from] item: Leftovers\n|-heal|p1a: Clefable|260/293|[from] item: Leftovers\n|-damage|p2a: Sawsbuck|1/284 brn|[from] brn\n|upkeep\n|turn|15\n|\n|t:|1771148315\n|move|p2a: Sawsbuck|Headbutt|p1a: Clefable\n|-damage|p1a: Clefable|207/293\n|move|p1a: Clefable|Moonblast|p2a: Sawsbuck\n|-damage|p2a: Sawsbuck|0 fnt\n|faint|p2a: Sawsbuck\n|\n|-heal|p1a: Clefable|225/293|[from] item: Leftovers\n|upkeep\n|\n|t:|1771148324\n|switch|p2a: Entei|Entei, L78|307/307\n|-damage|p2a: Entei|231/307|[from] Stealth Rock\n|turn|16\n|\n|t:|1771148329\n|move|p2a: Entei|Flare Blitz|p1a: Clefable\n|-damage|p1a: Clefable|9/293\n|-damage|p2a: Entei|160/307|[from] Recoil\n|move|p1a: Clefable|Knock Off|p2a: Entei\n|-damage|p2a: Entei|102/307\n|-enditem|p2a: Entei|Choice Band|[from] move: Knock Off|[of] p1a: Clefable\n|\n|-heal|p1a: Clefable|27/293|[from] item: Leftovers\n|upkeep\n|turn|17\n|\n|t:|1771148340\n|move|p2a: Entei|Sacred Fire|p1a: Clefable\n|-damage|p1a: Clefable|0 fnt\n|faint|p1a: Clefable\n|\n|upkeep\n|\n|t:|1771148345\n|switch|p1a: Mr. Mime|Mr. Mime, L90, F|218/218\n|turn|18\n|\n|t:|1771148347\n|move|p1a: Mr. Mime|Psyshock|p2a: Entei\n|-damage|p2a: Entei|0 fnt\n|faint|p2a: Entei\n|-damage|p1a: Mr. Mime|197/218|[from] item: Life Orb\n|\n|upkeep\n|\n|t:|1771148351\n|switch|p2a: Sigilyph|Sigilyph, L85, M|261/261\n|turn|19\n|\n|t:|1771148355\n|move|p2a: Sigilyph|Calm Mind|p2a: Sigilyph\n|-boost|p2a: Sigilyph|spa|1\n|-boost|p2a: Sigilyph|spd|1\n|move|p1a: Mr. Mime|Encore|p2a: Sigilyph\n|-start|p2a: Sigilyph|Encore\n|\n|upkeep\n|turn|20\n|\n|t:|1771148368\n|switch|p1a: Gothitelle|Gothitelle, L91, F|275/275\n|move|p2a: Sigilyph|Calm Mind|p2a: Sigilyph\n|-boost|p2a: Sigilyph|spa|1\n|-boost|p2a: Sigilyph|spd|1\n|\n|upkeep\n|turn|21\n|\n|t:|1771148373\n|move|p2a: Sigilyph|Calm Mind|p2a: Sigilyph\n|-boost|p2a: Sigilyph|spa|1\n|-boost|p2a: Sigilyph|spd|1\n|move|p1a: Gothitelle|Thunderbolt|p2a: Sigilyph\n|-supereffective|p2a: Sigilyph\n|-crit|p2a: Sigilyph\n|-damage|p2a: Sigilyph|0 fnt\n|faint|p2a: Sigilyph\n|\n|upkeep\n|c|☆may/gen3|omg\n|c|☆YT Luck_one|awesome\n|c|☆YT Luck_one|gg\n|\n|t:|1771148396\n|switch|p2a: Guzzlord|Guzzlord, L86|524/524\n|-damage|p2a: Guzzlord|459/524|[from] Stealth Rock\n|turn|22\n|\n|t:|1771148405\n|move|p1a: Gothitelle|Thunderbolt|p2a: Guzzlord\n|-resisted|p2a: Guzzlord\n|-damage|p2a: Guzzlord|405/524\n|move|p2a: Guzzlord|Knock Off|p1a: Gothitelle\n|-supereffective|p1a: Gothitelle\n|-damage|p1a: Gothitelle|63/275\n|-enditem|p1a: Gothitelle|Choice Specs|[from] move: Knock Off|[of] p2a: Guzzlord\n|\n|upkeep\n|turn|23\n|\n|t:|1771148413\n|move|p1a: Gothitelle|Signal Beam|p2a: Guzzlord\n|-supereffective|p2a: Guzzlord\n|-damage|p2a: Guzzlord|293/524\n|move|p2a: Guzzlord|Heavy Slam|p1a: Gothitelle\n|-damage|p1a: Gothitelle|0 fnt\n|faint|p1a: Gothitelle\n|-ability|p2a: Guzzlord|Beast Boost|boost\n|-boost|p2a: Guzzlord|atk|1\n|\n|upkeep\n|\n|t:|1771148419\n|switch|p1a: Mr. Mime|Mr. Mime, L90, F|197/218\n|turn|24\n|\n|t:|1771148421\n|move|p1a: Mr. Mime|Dazzling Gleam|p2a: Guzzlord\n|-supereffective|p2a: Guzzlord\n|-damage|p2a: Guzzlord|0 fnt\n|faint|p2a: Guzzlord\n|-damage|p1a: Mr. Mime|176/218|[from] item: Life Orb\n|\n|win|may/gen3\n|raw|may&#x2f;gen3's rating: 1758 &rarr; <strong>1769</strong><br />(+11 for winning)\n|raw|YT Luck_one's rating: 1581 &rarr; <strong>1570</strong><br />(-11 for losing)\n", "inputlog": ">version 686819e5e19f8a7fd2345cfc5a08a5085efa2cc3\n>start {\"formatid\":\"gen7randombattle\",\"seed\":\"sodium,f47c23bbae3d7a31e43902cf2f60d0d6\",\"rated\":\"Rated battle\"}\n>player p1 {\"name\":\"may/gen3\",\"avatar\":\"may\",\"rating\":1758,\"seed\":\"sodium,712cb5a6c3085edeadf2d2e0cadcac2c\"}\n>player p2 {\"name\":\"YT Luck_one\",\"avatar\":\"265\",\"rating\":1581,\"seed\":\"sodium,b7043a17861f6ab65854c9a37261afda\"}\n>p1 move knockoff\n>p2 move headcharge\n>p1 switch 6\n>p2 move headcharge\n>p1 switch 2\n>p2 move stoneedge\n>p1 move stealthrock\n>p2 move headcharge\n>p1 move earthquake\n>p2 move headcharge\n>p1 switch 3\n>p1 move brickbreak\n>p2 move stoneedge\n>p2 switch 4\n>p1 move beakblast\n>p2 move knockoff\n>p1 move beakblast\n>p2 move psychic\n>p1 move beakblast\n>p2 move psychic\n>p2 switch 6\n>p1 move beakblast\n>p2 move hornleech\n>p1 switch 6\n>p1 move softboiled\n>p2 move substitute\n>p1 move moonblast\n>p2 move swordsdance\n>p1 move moonblast\n>p2 move swordsdance\n>p1 move moonblast\n>p2 move hornleech\n>p1 move moonblast\n>p2 move headbutt\n>p2 switch 2\n>p1 move knockoff\n>p2 move flareblitz\n>p1 move moonblast\n>p2 move sacredfire\n>p1 switch 5\n>p1 move psyshock\n>p2 move flareblitz\n>p2 switch 3\n>p1 move encore\n>p2 move calmmind\n>p1 switch 4\n>p2 move calmmind\n>p1 move thunderbolt\n>p2 move calmmind\n>chat ☆may/gen3|omg\n>chat ☆YT Luck_one|awesome \n>chat ☆YT Luck_one|gg\n>p2 switch 5\n>p1 move thunderbolt\n>p2 move knockoff\n>p1 move signalbeam\n>p2 move heavyslam\n>p1 switch 4\n>p1 move dazzlinggleam\n>p2 move heavyslam", "uploadtime": 1771148428, "views": 88, "formatid": "gen7randombattle", "rating": 1570, "private": 0, "password": null}