{"id": "gen7randombattle-2524709027", "format": "[Gen 7] Random Battle", "players": ["de frituurpan", "TomSadnner"], "log": "|j|☆de frituurpan\n|j|☆TomSadnner\n|t:|1769185804\n|gametype|singles\n|player|p1|de frituurpan|266|1565\n|player|p2|TomSadnner|265|1517\n|gen|7\n|tier|[Gen 7] Random Battle\n|rated|\n|rule|Sleep Clause Mod: Limit one foe put to sleep\n|rule|HP Percentage Mod: HP is shown in percentages\n|rule|Illusion Level Mod: Illusion disguises the Pokémon's true level\n|\n|t:|1769185804\n|teamsize|p1|6\n|teamsize|p2|6\n|start\n|switch|p1a: Moltres|Moltres, L82|281/281\n|switch|p2a: Skarmory|Skarmory, L75, M|221/221\n|turn|1\n|inactive|Battle timer is ON: inactive players will automatically lose when time's up. (requested by TomSadnner)\n|\n|t:|1769185834\n|switch|p2a: Golurk|Golurk, L87|297/297\n|move|p1a: Moltres|Will-O-Wisp|p2a: Golurk\n|-status|p2a: Golurk|brn\n|\n|-damage|p2a: Golurk|279/297 brn|[from] brn\n|upkeep\n|turn|2\n|\n|t:|1769185843\n|switch|p1a: Octillery|Octillery, L96, M|299/299\n|move|p2a: Golurk|Rock Polish|p2a: Golurk\n|-boost|p2a: Golurk|spe|2\n|\n|-damage|p2a: Golurk|261/297 brn|[from] brn\n|upkeep\n|turn|3\n|\n|t:|1769185865\n|move|p2a: Golurk|Earthquake|p1a: Octillery\n|-damage|p1a: Octillery|215/299\n|-damage|p2a: Golurk|232/297 brn|[from] item: Life Orb\n|move|p1a: Octillery|Scald|p2a: Golurk\n|-supereffective|p2a: Golurk\n|-damage|p2a: Golurk|0 fnt\n|faint|p2a: Golurk\n|-damage|p1a: Octillery|186/299|[from] item: Life Orb\n|\n|upkeep\n|\n|t:|1769185876\n|switch|p2a: Skarmory|Skarmory, L75, M|221/221\n|turn|4\n|\n|t:|1769185880\n|move|p2a: Skarmory|Stealth Rock|p1a: Octillery\n|-sidestart|p1: de frituurpan|move: Stealth Rock\n|move|p1a: Octillery|Fire Blast|p2a: Skarmory|[miss]\n|-miss|p1a: Octillery|p2a: Skarmory\n|\n|upkeep\n|turn|5\n|\n|t:|1769185895\n|move|p2a: Skarmory|Brave Bird|p1a: Octillery\n|-damage|p1a: Octillery|104/299\n|-damage|p2a: Skarmory|194/221|[from] Recoil\n|move|p1a: Octillery|Scald|p2a: Skarmory\n|-damage|p2a: Skarmory|11/221\n|-status|p2a: Skarmory|brn\n|-damage|p1a: Octillery|75/299|[from] item: Life Orb\n|\n|-damage|p2a: Skarmory|0 fnt|[from] brn\n|faint|p2a: Skarmory\n|upkeep\n|\n|t:|1769185911\n|switch|p2a: Hitmonlee|Hitmonlee, L86, M|226/226\n|turn|6\n|\n|t:|1769185937\n|move|p2a: Hitmonlee|Knock Off|p1a: Octillery\n|-damage|p1a: Octillery|0 fnt\n|-enditem|p1a: Octillery|Life Orb|[from] move: Knock Off|[of] p2a: Hitmonlee\n|faint|p1a: Octillery\n|\n|upkeep\n|inactive|de frituurpan has 120 seconds left.\n|inactive|de frituurpan has 90 seconds left.\n|\n|t:|1769185980\n|switch|p1a: Moltres|Moltres, L82|281/281\n|-damage|p1a: Moltres|141/281|[from] Stealth Rock\n|turn|7\n|\n|t:|1769185986\n|move|p2a: Hitmonlee|Stone Edge|p1a: Moltres\n|-supereffective|p1a: Moltres\n|-damage|p1a: Moltres|0 fnt\n|faint|p1a: Moltres\n|\n|upkeep\n|\n|t:|1769185988\n|switch|p1a: Alakazam|Alakazam, L78, M|214/214\n|turn|8\n|\n|t:|1769186007\n|detailschange|p1a: Alakazam|Alakazam-Mega, L78, M\n|-mega|p1a: Alakazam|Alakazam|Alakazite\n|-ability|p1a: Alakazam|Unburden|Trace|[from] ability: Trace|[of] p2a: Hitmonlee\n|move|p1a: Alakazam|Psychic|p2a: Hitmonlee\n|-supereffective|p2a: Hitmonlee\n|-damage|p2a: Hitmonlee|8/226\n|move|p2a: Hitmonlee|Knock Off|p1a: Alakazam\n|-supereffective|p1a: Alakazam\n|-damage|p1a: Alakazam|52/214\n|\n|upkeep\n|turn|9\n|\n|t:|1769186023\n|switch|p2a: Stoutland|Stoutland, L86, F|286/286\n|move|p1a: Alakazam|Psychic|p2a: Stoutland\n|-damage|p2a: Stoutland|148/286\n|-unboost|p2a: Stoutland|spd|1\n|\n|upkeep\n|turn|10\n|inactive|de frituurpan has 120 seconds left.\n|\n|t:|1769186051\n|switch|p1a: Omastar|Omastar, L84, F|254/254\n|-damage|p1a: Omastar|223/254|[from] Stealth Rock\n|move|p2a: Stoutland|Return|p1a: Omastar\n|-resisted|p1a: Omastar\n|-damage|p1a: Omastar|172/254\n|\n|upkeep\n|turn|11\n|\n|t:|1769186065\n|switch|p2a: Hitmonlee|Hitmonlee, L86, M|8/226\n|move|p1a: Omastar|Shell Smash|p1a: Omastar\n|-unboost|p1a: Omastar|def|1\n|-unboost|p1a: Omastar|spd|1\n|-boost|p1a: Omastar|atk|2\n|-boost|p1a: Omastar|spa|2\n|-boost|p1a: Omastar|spe|2\n|-enditem|p1a: Omastar|White Herb\n|-clearnegativeboost|p1a: Omastar|[silent]\n|\n|upkeep\n|turn|12\n|\n|t:|1769186082\n|move|p1a: Omastar|Ice Beam|p2a: Hitmonlee\n|-damage|p2a: Hitmonlee|0 fnt\n|faint|p2a: Hitmonlee\n|\n|upkeep\n|inactive|TomSadnner has 120 seconds left.\n|\n|t:|1769186094\n|switch|p2a: Silvally|Silvally-Ice, L87|307/307\n|turn|13\n|inactive|de frituurpan has 120 seconds left.\n|\n|t:|1769186116\n|move|p1a: Omastar|Hydro Pump|p2a: Silvally\n|-damage|p2a: Silvally|52/307\n|move|p2a: Silvally|Thunderbolt|p1a: Omastar\n|-supereffective|p1a: Omastar\n|-damage|p1a: Omastar|12/254\n|\n|upkeep\n|turn|14\n|\n|t:|1769186126\n|move|p1a: Omastar|Hidden Power|p2a: Silvally\n|-damage|p2a: Silvally|0 fnt\n|faint|p2a: Silvally\n|\n|upkeep\n|\n|t:|1769186130\n|switch|p2a: Dragonite|Dragonite, L72, F|250/250\n|turn|15\n|\n|t:|1769186139\n|move|p1a: Omastar|Ice Beam|p2a: Dragonite\n|-supereffective|p2a: Dragonite\n|-damage|p2a: Dragonite|0 fnt\n|faint|p2a: Dragonite\n|\n|upkeep\n|\n|t:|1769186144\n|switch|p2a: Stoutland|Stoutland, L86, F|148/286\n|turn|16\n|\n|t:|1769186159\n|move|p1a: Omastar|Ice Beam|p2a: Stoutland\n|-damage|p2a: Stoutland|3/286\n|move|p2a: Stoutland|Return|p1a: Omastar\n|-resisted|p1a: Omastar\n|-damage|p1a: Omastar|0 fnt\n|faint|p1a: Omastar\n|\n|upkeep\n|\n|t:|1769186162\n|switch|p1a: Mienshao|Mienshao, L83, F|243/243\n|-damage|p1a: Mienshao|228/243|[from] Stealth Rock\n|turn|17\n|c|☆TomSadnner|I thought multiscale should do the rest\n|c|☆TomSadnner|gg\n|\n|t:|1769186170\n|move|p2a: Stoutland|Return|p1a: Mienshao\n|-damage|p1a: Mienshao|75/243\n|move|p1a: Mienshao|Knock Off|p2a: Stoutland\n|-damage|p2a: Stoutland|0 fnt\n|-enditem|p2a: Stoutland|Choice Scarf|[from] move: Knock Off|[of] p1a: Mienshao\n|faint|p2a: Stoutland\n|-damage|p1a: Mienshao|51/243|[from] item: Life Orb\n|\n|win|de frituurpan\n|raw|de frituurpan's rating: 1565 &rarr; <strong>1582</strong><br />(+17 for winning)\n|raw|TomSadnner's rating: 1517 &rarr; <strong>1500</strong><br />(-17 for losing)\n|c|☆de frituurpan|I had a fucked up team\n|c|☆TomSadnner|naa, you played well\n|l|☆TomSadnner\n|player|p2|\n|c|☆de frituurpan|much better than some games\n|c|☆de frituurpan|for sure\n", "inputlog": ">version dd3d52b8382d73d1dd2c67730c4067df325ab790\n>start {\"formatid\":\"gen7randombattle\",\"seed\":\"sodium,e0a0133190434ede31cc4f6feb99a0c0\",\"rated\":\"Rated battle\"}\n>player p1 {\"name\":\"de frituurpan\",\"avatar\":\"266\",\"rating\":1565,\"seed\":\"sodium,6f27c1d637e5a7f99486def6a3cb9318\"}\n>player p2 {\"name\":\"TomSadnner\",\"avatar\":\"265\",\"rating\":1517,\"seed\":\"sodium,50dcd41aa274159bddd91bb7a8bdf4e3\"}\n>p1 move willowisp\n>p2 switch 6\n>p1 switch 4\n>p2 move rockpolish\n>p1 move scald\n>p2 move earthquake\n>p2 switch 6\n>p1 move fireblast\n>p2 move stealthrock\n>p1 move scald\n>p2 move bravebird\n>p2 switch 4\n>p1 move gunkshot\n>p2 move knockoff\n>p1 switch 4\n>p1 move hurricane\n>p2 move stoneedge\n>p1 switch 3\n>p1 move psychic mega\n>p2 move knockoff\n>p1 move psychic\n>p2 switch 3\n>p1 switch 2\n>p2 move return\n>p1 move shellsmash\n>p2 switch 3\n>p1 move icebeam\n>p2 move curse\n>p2 switch 2\n>p1 move hydropump\n>p2 move thunderbolt\n>p1 move hiddenpower\n>p2 move uturn\n>p2 switch 5\n>p1 move icebeam\n>p2 move earthquake\n>p2 switch 3\n>p1 move icebeam\n>p2 move return\n>p1 switch 5\n>chat ☆TomSadnner|I thought multiscale should do the rest\n>chat ☆TomSadnner|gg\n>p1 move knockoff\n>p2 move return", "uploadtime": 1769186260, "views": 187, "formatid": "gen7randombattle", "rating": 1500, "private": 0, "password": null}