{"id": "gen7randombattle-2523618270", "format": "[Gen 7] Random Battle", "players": ["piky123", "La.Hellhound"], "log": "|j|☆piky123\n|j|‽La.Hellhound\n|t:|1769044849\n|gametype|singles\n|player|p1|piky123|ruinmaniac|1524\n|player|p2|La.Hellhound|alder|1783\n|gen|7\n|tier|[Gen 7] Random Battle\n|rated|\n|rule|Sleep Clause Mod: Limit one foe put to sleep\n|rule|HP Percentage Mod: HP is shown in percentages\n|rule|Illusion Level Mod: Illusion disguises the Pokémon's true level\n|\n|t:|1769044849\n|teamsize|p1|6\n|teamsize|p2|6\n|start\n|switch|p1a: Rampardos|Rampardos, L88, F|314/314\n|switch|p2a: Skuntank|Skuntank, L87, F|321/321\n|turn|1\n|inactive|Battle timer is ON: inactive players will automatically lose when time's up. (requested by La.Hellhound)\n|inactive|La.Hellhound has 120 seconds left.\n|inactive|La.Hellhound has 90 seconds left.\n|\n|t:|1769044915\n|move|p2a: Skuntank|Crunch|p1a: Rampardos\n|-damage|p1a: Rampardos|194/314\n|-unboost|p1a: Rampardos|def|1\n|move|p1a: Rampardos|Rock Slide|p2a: Skuntank\n|-damage|p2a: Skuntank|56/321\n|\n|upkeep\n|turn|2\n|\n|t:|1769044929\n|switch|p1a: Incineroar|Incineroar, L82, F|290/290\n|-ability|p1a: Incineroar|Intimidate|boost\n|-unboost|p2a: Skuntank|atk|1\n|move|p2a: Skuntank|Crunch|p1a: Incineroar\n|-resisted|p1a: Incineroar\n|-damage|p1a: Incineroar|260/290\n|\n|upkeep\n|turn|3\n|\n|t:|1769044940\n|switch|p2a: Swanna|Swanna, L88, F|275/275\n|move|p1a: Incineroar|U-turn|p2a: Swanna\n|-resisted|p2a: Swanna\n|-damage|p2a: Swanna|242/275\n|\n|t:|1769044953\n|switch|p1a: Castform|Castform, L99, F|299/299|[from] U-turn\n|\n|upkeep\n|turn|4\n|\n|t:|1769044967\n|switch|p2a: Nidoqueen|Nidoqueen, L83, F|285/285\n|move|p1a: Castform|Thunder Wave|p2a: Nidoqueen\n|-immune|p2a: Nidoqueen\n|\n|upkeep\n|turn|5\n|\n|t:|1769044983\n|move|p1a: Castform|Ice Beam|p2a: Nidoqueen\n|-supereffective|p2a: Nidoqueen\n|-damage|p2a: Nidoqueen|131/285\n|move|p2a: Nidoqueen|Earth Power|p1a: Castform\n|-damage|p1a: Castform|159/299\n|\n|-heal|p1a: Castform|177/299|[from] item: Leftovers\n|upkeep\n|turn|6\n|\n|t:|1769044993\n|switch|p2a: Oranguru|Oranguru, L93, M|318/318\n|move|p1a: Castform|Ice Beam|p2a: Oranguru\n|-damage|p2a: Oranguru|269/318\n|\n|-heal|p1a: Castform|195/299|[from] item: Leftovers\n|upkeep\n|turn|7\n|\n|t:|1769045007\n|switch|p1a: Incineroar|Incineroar, L82, F|260/290\n|-ability|p1a: Incineroar|Intimidate|boost\n|-unboost|p2a: Oranguru|atk|1\n|move|p2a: Oranguru|Focus Blast|p1a: Incineroar|[miss]\n|-miss|p2a: Oranguru|p1a: Incineroar\n|\n|upkeep\n|turn|8\n|\n|t:|1769045019\n|switch|p2a: Type: Null|Type: Null, L85|300/300\n|move|p1a: Incineroar|Knock Off|p2a: Type: Null\n|-damage|p2a: Type: Null|233/300\n|-enditem|p2a: Type: Null|Eviolite|[from] move: Knock Off|[of] p1a: Incineroar\n|\n|upkeep\n|turn|9\n|\n|t:|1769045027\n|move|p2a: Type: Null|Return|p1a: Incineroar\n|-damage|p1a: Incineroar|143/290\n|move|p1a: Incineroar|U-turn|p2a: Type: Null\n|-damage|p2a: Type: Null|179/300\n|\n|t:|1769045034\n|switch|p1a: Mienshao|Mienshao, L83, F|243/243|[from] U-turn\n|\n|upkeep\n|turn|10\n|\n|t:|1769045045\n|move|p1a: Mienshao|High Jump Kick|p2a: Type: Null\n|-supereffective|p2a: Type: Null\n|-damage|p2a: Type: Null|0 fnt\n|faint|p2a: Type: Null\n|\n|upkeep\n|\n|t:|1769045052\n|switch|p2a: Swanna|Swanna, L88, F|242/275\n|turn|11\n|\n|t:|1769045067\n|move|p2a: Swanna|Rain Dance|p2a: Swanna\n|-weather|RainDance\n|move|p1a: Mienshao|U-turn|p2a: Swanna\n|-resisted|p2a: Swanna\n|-damage|p2a: Swanna|207/275\n|\n|t:|1769045073\n|switch|p1a: Castform|Castform, L99, F|195/299|[from] U-turn\n|-formechange|p1a: Castform|Castform-Rainy|[msg]|[from] ability: Forecast\n|\n|-weather|RainDance|[upkeep]\n|-heal|p1a: Castform|213/299|[from] item: Leftovers\n|upkeep\n|turn|12\n|\n|t:|1769045083\n|move|p2a: Swanna|Hurricane|p1a: Castform\n|-damage|p1a: Castform|86/299\n|-start|p1a: Castform|confusion\n|-activate|p1a: Castform|confusion\n|move|p1a: Castform|Return|p2a: Swanna\n|-damage|p2a: Swanna|115/275\n|\n|-weather|RainDance|[upkeep]\n|-heal|p1a: Castform|104/299|[from] item: Leftovers\n|upkeep\n|turn|13\n|\n|t:|1769045100\n|move|p2a: Swanna|Rest|p2a: Swanna\n|-status|p2a: Swanna|slp|[from] move: Rest\n|-heal|p2a: Swanna|275/275 slp|[silent]\n|-activate|p1a: Castform|confusion\n|move|p1a: Castform|Return|p2a: Swanna\n|-damage|p2a: Swanna|181/275 slp\n|\n|-weather|RainDance|[upkeep]\n|-activate|p2a: Swanna|ability: Hydration\n|-curestatus|p2a: Swanna|slp|[msg]\n|-heal|p1a: Castform|122/299|[from] item: Leftovers\n|upkeep\n|turn|14\n|inactive|piky123 has 120 seconds left.\n|\n|t:|1769045130\n|move|p2a: Swanna|Hurricane|p1a: Castform\n|-damage|p1a: Castform|5/299\n|-activate|p1a: Castform|confusion\n|move|p1a: Castform|Return|p2a: Swanna\n|-damage|p2a: Swanna|84/275\n|\n|-weather|RainDance|[upkeep]\n|-heal|p1a: Castform|23/299|[from] item: Leftovers\n|upkeep\n|turn|15\n|inactive|piky123 has 120 seconds left.\n|\n|t:|1769045152\n|move|p2a: Swanna|Hurricane|p1a: Castform\n|-damage|p1a: Castform|0 fnt\n|faint|p1a: Castform\n|\n|-weather|none\n|upkeep\n|\n|t:|1769045163\n|switch|p1a: Rayquaza|Rayquaza, L66|248/248\n|-ability|p1a: Rayquaza|Air Lock\n|turn|16\n|\n|t:|1769045176\n|switch|p2a: Rampardos|Rampardos, L88, F|314/314\n|detailschange|p1a: Rayquaza|Rayquaza-Mega, L66\n|-mega|p1a: Rayquaza|Rayquaza|\n|-weather|DeltaStream|[from] ability: Delta Stream|[of] p1a: Rayquaza\n|move|p1a: Rayquaza|Dragon Ascent|p2a: Rampardos\n|-resisted|p2a: Rampardos\n|-damage|p2a: Rampardos|207/314\n|-unboost|p1a: Rayquaza|def|1\n|-unboost|p1a: Rayquaza|spd|1\n|-damage|p1a: Rayquaza|224/248|[from] item: Life Orb\n|\n|-weather|DeltaStream|[upkeep]\n|upkeep\n|turn|17\n|inactive|piky123 has 120 seconds left.\n|\n|t:|1769045196\n|-weather|none\n|switch|p1a: Incineroar|Incineroar, L82, F|143/290\n|-ability|p1a: Incineroar|Intimidate|boost\n|-unboost|p2a: Rampardos|atk|1\n|move|p2a: Rampardos|Rock Slide|p1a: Incineroar\n|-supereffective|p1a: Incineroar\n|-damage|p1a: Incineroar|0 fnt\n|faint|p1a: Incineroar\n|\n|upkeep\n|\n|t:|1769045208\n|switch|p1a: Mienshao|Mienshao, L83, F|243/243\n|turn|18\n|\n|t:|1769045215\n|switch|p2a: Nidoqueen|Nidoqueen, L83, F|131/285\n|move|p1a: Mienshao|High Jump Kick|p2a: Nidoqueen\n|-resisted|p2a: Nidoqueen\n|-damage|p2a: Nidoqueen|52/285\n|\n|upkeep\n|turn|19\n|\n|t:|1769045226\n|move|p1a: Mienshao|Knock Off|p2a: Nidoqueen\n|-damage|p2a: Nidoqueen|0 fnt\n|-enditem|p2a: Nidoqueen|Life Orb|[from] move: Knock Off|[of] p1a: Mienshao\n|faint|p2a: Nidoqueen\n|\n|upkeep\n|\n|t:|1769045231\n|switch|p2a: Swanna|Swanna, L88, F|84/275\n|turn|20\n|\n|t:|1769045239\n|-zpower|p2a: Swanna\n|move|p2a: Swanna|Hydro Vortex|p1a: Mienshao|[zeffect]\n|-damage|p1a: Mienshao|89/243\n|move|p1a: Mienshao|Knock Off|p2a: Swanna\n|-damage|p2a: Swanna|16/275\n|\n|upkeep\n|turn|21\n|\n|t:|1769045251\n|switch|p1a: Rayquaza|Rayquaza-Mega, L66|224/248\n|-weather|DeltaStream|[from] ability: Delta Stream|[of] p1a: Rayquaza\n|move|p2a: Swanna|Scald|p1a: Rayquaza\n|-resisted|p1a: Rayquaza\n|-damage|p1a: Rayquaza|175/248\n|\n|-weather|DeltaStream|[upkeep]\n|upkeep\n|turn|22\n|inactive|piky123 has 120 seconds left.\n|\n|t:|1769045267\n|switch|p2a: Rampardos|Rampardos, L88, F|207/314\n|move|p1a: Rayquaza|Dragon Ascent|p2a: Rampardos\n|-resisted|p2a: Rampardos\n|-damage|p2a: Rampardos|97/314\n|-unboost|p1a: Rayquaza|def|1\n|-unboost|p1a: Rayquaza|spd|1\n|-damage|p1a: Rayquaza|151/248|[from] item: Life Orb\n|\n|-weather|DeltaStream|[upkeep]\n|upkeep\n|turn|23\n|inactive|piky123 has 120 seconds left.\n|\n|t:|1769045280\n|-weather|none\n|switch|p1a: Rampardos|Rampardos, L88, F|194/314\n|move|p2a: Rampardos|Rock Polish|p2a: Rampardos\n|-boost|p2a: Rampardos|spe|2\n|\n|upkeep\n|turn|24\n|inactive|piky123 has 120 seconds left.\n|\n|t:|1769045291\n|move|p2a: Rampardos|Earthquake|p1a: Rampardos\n|-supereffective|p1a: Rampardos\n|-damage|p1a: Rampardos|0 fnt\n|faint|p1a: Rampardos\n|-damage|p2a: Rampardos|66/314|[from] item: Life Orb\n|\n|upkeep\n|inactive|piky123 has 120 seconds left.\n|\n|t:|1769045298\n|switch|p1a: Mienshao|Mienshao, L83, F|170/243\n|turn|25\n|\n|t:|1769045302\n|move|p1a: Mienshao|Fake Out|p2a: Rampardos\n|-resisted|p2a: Rampardos\n|-damage|p2a: Rampardos|46/314\n|cant|p2a: Rampardos|flinch\n|\n|upkeep\n|turn|26\n|\n|t:|1769045309\n|switch|p1a: Rayquaza|Rayquaza-Mega, L66|151/248\n|-weather|DeltaStream|[from] ability: Delta Stream|[of] p1a: Rayquaza\n|move|p2a: Rampardos|Earthquake|p1a: Rayquaza\n|-immune|p1a: Rayquaza\n|\n|-weather|DeltaStream|[upkeep]\n|upkeep\n|turn|27\n|\n|t:|1769045318\n|-weather|none\n|switch|p1a: Mienshao|Mienshao, L83, F|243/243\n|move|p2a: Rampardos|Rock Slide|p1a: Mienshao\n|-resisted|p1a: Mienshao\n|-damage|p1a: Mienshao|87/243\n|\n|upkeep\n|turn|28\n|\n|t:|1769045326\n|move|p1a: Mienshao|Fake Out|p2a: Rampardos\n|-resisted|p2a: Rampardos\n|-damage|p2a: Rampardos|26/314\n|cant|p2a: Rampardos|flinch\n|\n|upkeep\n|turn|29\n|\n|t:|1769045333\n|move|p2a: Rampardos|Rock Slide|p1a: Mienshao|[miss]\n|-miss|p2a: Rampardos|p1a: Mienshao\n|move|p1a: Mienshao|Knock Off|p2a: Rampardos\n|-damage|p2a: Rampardos|0 fnt\n|-enditem|p2a: Rampardos|Life Orb|[from] move: Knock Off|[of] p1a: Mienshao\n|faint|p2a: Rampardos\n|\n|upkeep\n|\n|t:|1769045341\n|switch|p2a: Swanna|Swanna, L88, F|16/275\n|turn|30\n|\n|t:|1769045354\n|switch|p1a: Ariados|Ariados, L92, F|278/278\n|move|p2a: Swanna|Scald|p1a: Ariados\n|-damage|p1a: Ariados|181/278\n|\n|-heal|p1a: Ariados|198/278|[from] item: Black Sludge\n|upkeep\n|turn|31\n|\n|t:|1769045364\n|move|p1a: Ariados|Sucker Punch||[still]\n|-fail|p1a: Ariados\n|move|p2a: Swanna|Rain Dance|p2a: Swanna\n|-weather|RainDance\n|\n|-weather|RainDance|[upkeep]\n|-heal|p1a: Ariados|215/278|[from] item: Black Sludge\n|upkeep\n|turn|32\n|\n|t:|1769045373\n|switch|p1a: Rayquaza|Rayquaza-Mega, L66|151/248\n|-weather|DeltaStream|[from] ability: Delta Stream|[of] p1a: Rayquaza\n|move|p2a: Swanna|Rest|p2a: Swanna\n|-status|p2a: Swanna|slp|[from] move: Rest\n|-heal|p2a: Swanna|275/275 slp|[silent]\n|\n|-weather|DeltaStream|[upkeep]\n|upkeep\n|turn|33\n|\n|t:|1769045388\n|cant|p2a: Swanna|slp\n|move|p1a: Rayquaza|Dragon Dance|p1a: Rayquaza\n|-boost|p1a: Rayquaza|atk|1\n|-boost|p1a: Rayquaza|spe|1\n|\n|-weather|DeltaStream|[upkeep]\n|upkeep\n|turn|34\n|\n|t:|1769045396\n|move|p1a: Rayquaza|Dragon Dance|p1a: Rayquaza\n|-boost|p1a: Rayquaza|atk|1\n|-boost|p1a: Rayquaza|spe|1\n|cant|p2a: Swanna|slp\n|\n|-weather|DeltaStream|[upkeep]\n|upkeep\n|turn|35\n|\n|t:|1769045403\n|move|p1a: Rayquaza|Dragon Ascent|p2a: Swanna\n|-damage|p2a: Swanna|0 fnt\n|-unboost|p1a: Rayquaza|def|1\n|-unboost|p1a: Rayquaza|spd|1\n|faint|p2a: Swanna\n|-damage|p1a: Rayquaza|127/248|[from] item: Life Orb\n|\n|-weather|DeltaStream|[upkeep]\n|upkeep\n|\n|t:|1769045409\n|switch|p2a: Skuntank|Skuntank, L87, F|56/321\n|turn|36\n|\n|t:|1769045414\n|-weather|none\n|switch|p1a: Ariados|Ariados, L92, F|215/278\n|move|p2a: Skuntank|Sucker Punch||[still]\n|-fail|p2a: Skuntank\n|\n|-heal|p1a: Ariados|232/278|[from] item: Black Sludge\n|upkeep\n|turn|37\n|\n|t:|1769045426\n|move|p2a: Skuntank|Fire Blast|p1a: Ariados\n|-supereffective|p1a: Ariados\n|-damage|p1a: Ariados|86/278\n|move|p1a: Ariados|Poison Jab|p2a: Skuntank\n|-resisted|p2a: Skuntank\n|-crit|p2a: Skuntank\n|-damage|p2a: Skuntank|0 fnt\n|-damage|p1a: Ariados|17/278|[from] ability: Aftermath|[of] p2a: Skuntank\n|faint|p2a: Skuntank\n|\n|-heal|p1a: Ariados|34/278|[from] item: Black Sludge\n|upkeep\n|\n|t:|1769045438\n|switch|p2a: Oranguru|Oranguru, L93, M|269/318\n|turn|38\n|\n|t:|1769045447\n|move|p2a: Oranguru|Psyshock|p1a: Ariados\n|-supereffective|p1a: Ariados\n|-damage|p1a: Ariados|0 fnt\n|faint|p1a: Ariados\n|\n|upkeep\n|\n|t:|1769045453\n|switch|p1a: Mienshao|Mienshao, L83, F|168/243\n|turn|39\n|\n|t:|1769045456\n|move|p1a: Mienshao|Fake Out|p2a: Oranguru\n|-damage|p2a: Oranguru|235/318\n|move|p2a: Oranguru|Psyshock|p1a: Mienshao\n|-supereffective|p1a: Mienshao\n|-damage|p1a: Mienshao|0 fnt\n|faint|p1a: Mienshao\n|\n|upkeep\n|\n|t:|1769045467\n|switch|p1a: Rayquaza|Rayquaza-Mega, L66|127/248\n|-weather|DeltaStream|[from] ability: Delta Stream|[of] p1a: Rayquaza\n|turn|40\n|\n|t:|1769045476\n|move|p1a: Rayquaza|Dragon Ascent|p2a: Oranguru\n|-damage|p2a: Oranguru|66/318\n|-unboost|p1a: Rayquaza|def|1\n|-unboost|p1a: Rayquaza|spd|1\n|-damage|p1a: Rayquaza|103/248|[from] item: Life Orb\n|move|p2a: Oranguru|Psyshock|p1a: Rayquaza\n|-damage|p1a: Rayquaza|0 fnt\n|faint|p1a: Rayquaza\n|-weather|none\n|detailschange|p1: Rayquaza|Rayquaza, L66|[silent]\n|\n|win|La.Hellhound\n|raw|piky123's rating: 1524 &rarr; <strong>1517</strong><br />(-7 for losing)\n|raw|La.Hellhound's rating: 1783 &rarr; <strong>1790</strong><br />(+7 for winning)\n", "inputlog": ">version 3bd1a1e329da8d286644078cfc9a9638fc7ea025\n>start {\"formatid\":\"gen7randombattle\",\"seed\":\"sodium,be249ff2c0eb00ac17bc31a404bc8701\",\"rated\":\"Rated battle\"}\n>player p1 {\"name\":\"piky123\",\"avatar\":\"ruinmaniac\",\"rating\":1524,\"seed\":\"sodium,e89cf631abbf8b6780eacaf5d00c41c2\"}\n>player p2 {\"name\":\"La.Hellhound\",\"avatar\":\"alder\",\"rating\":1783,\"seed\":\"sodium,d579bc9a5b39389fcf6cf91a0fea34a2\"}\n>p1 move rockslide\n>p2 move crunch\n>p1 switch 6\n>p2 move crunch\n>p1 move uturn\n>p2 switch 6\n>p1 switch 3\n>p1 move thunderwave\n>p2 switch 4\n>p1 move icebeam\n>p2 move earthpower\n>p1 move icebeam\n>p2 switch 2\n>p1 switch 3\n>p2 move focusblast\n>p1 move knockoff\n>p2 switch 5\n>p1 move uturn\n>p2 move return\n>p1 switch 2\n>p1 move highjumpkick\n>p2 move return\n>p2 switch 4\n>p1 move uturn\n>p2 move raindance\n>p1 switch 3\n>p1 move return\n>p2 move hurricane\n>p1 move return\n>p2 move rest\n>p1 move return\n>p2 move hurricane\n>p1 move return\n>p2 move hurricane\n>p1 switch 5\n>p1 move dragonascent mega\n>p2 switch 3\n>p1 switch 2\n>p2 move rockslide\n>p1 switch 3\n>p1 move highjumpkick\n>p2 switch 2\n>p1 move knockoff\n>p2 move icebeam\n>p2 switch 3\n>p1 move knockoff\n>p2 move scald zmove\n>p1 switch 2\n>p2 move scald\n>p1 move dragonascent\n>p2 switch 2\n>p1 switch 6\n>p2 move rockpolish\n>p1 move rockslide\n>p2 move earthquake\n>p1 switch 2\n>p1 move fakeout\n>p2 move earthquake\n>p1 switch 6\n>p2 move earthquake\n>p1 switch 6\n>p2 move rockslide\n>p1 move fakeout\n>p2 move rockslide\n>p1 move knockoff\n>p2 move rockslide\n>p2 switch 2\n>p1 switch 4\n>p2 move scald\n>p1 move suckerpunch\n>p2 move raindance\n>p1 switch 6\n>p2 move rest\n>p1 move dragondance\n>p2 move hurricane\n>p1 move dragondance\n>p2 move raindance\n>p1 move dragonascent\n>p2 move hurricane\n>p2 switch 6\n>p1 switch 6\n>p2 move suckerpunch\n>p1 move poisonjab\n>p2 move fireblast\n>p2 switch 5\n>p1 move megahorn\n>p2 move psyshock\n>p1 switch 4\n>p1 move fakeout\n>p2 move psyshock\n>p1 switch 6\n>p1 move dragonascent\n>p2 move psyshock", "uploadtime": 1769045486, "views": 157, "formatid": "gen7randombattle", "rating": 1517, "private": 0, "password": null}