{"id": "gen7randombattle-2536117247", "format": "[Gen 7] Random Battle", "players": ["CMS60", "aurora ltd"], "log": "|j|☆CMS60\n|j|☆aurora ltd\n|t:|1770655819\n|gametype|singles\n|player|p1|CMS60|1|1551\n|player|p2|aurora ltd|1|1564\n|gen|7\n|tier|[Gen 7] Random Battle\n|rated|\n|rule|Sleep Clause Mod: Limit one foe put to sleep\n|rule|HP Percentage Mod: HP is shown in percentages\n|rule|Illusion Level Mod: Illusion disguises the Pokémon's true level\n|\n|t:|1770655819\n|teamsize|p1|6\n|teamsize|p2|6\n|start\n|switch|p1a: Crobat|Crobat, L82, F|274/274\n|switch|p2a: Toxicroak|Toxicroak, L84, F|277/277\n|turn|1\n|inactive|Battle timer is ON: inactive players will automatically lose when time's up. (requested by CMS60)\n|\n|t:|1770655852\n|switch|p2a: Aerodactyl|Aerodactyl, L82, F|265/265\n|-ability|p2a: Aerodactyl|Unnerve\n|move|p1a: Crobat|Super Fang|p2a: Aerodactyl\n|-damage|p2a: Aerodactyl|133/265\n|\n|upkeep\n|turn|2\n|\n|t:|1770655864\n|switch|p1a: Escavalier|Escavalier, L85, M|258/258\n|move|p2a: Aerodactyl|Stone Edge|p1a: Escavalier\n|-damage|p1a: Escavalier|145/258\n|-damage|p2a: Aerodactyl|107/265|[from] item: Life Orb\n|\n|-heal|p1a: Escavalier|161/258|[from] item: Leftovers\n|upkeep\n|turn|3\n|\n|t:|1770655877\n|move|p2a: Aerodactyl|Stealth Rock|p1a: Escavalier\n|-sidestart|p1: CMS60|move: Stealth Rock\n|move|p1a: Escavalier|Iron Head|p2a: Aerodactyl\n|-supereffective|p2a: Aerodactyl\n|-damage|p2a: Aerodactyl|0 fnt\n|faint|p2a: Aerodactyl\n|\n|-heal|p1a: Escavalier|177/258|[from] item: Leftovers\n|upkeep\n|inactive|aurora ltd has 120 seconds left.\n|\n|t:|1770655913\n|switch|p2a: Ditto|Ditto, L83|215/215\n|-transform|p2a: Ditto|p1a: Escavalier|[from] ability: Imposter\n|turn|4\n|\n|t:|1770655926\n|move|p2a: Ditto|Megahorn|p1a: Escavalier\n|-resisted|p1a: Escavalier\n|-damage|p1a: Escavalier|106/258\n|move|p1a: Escavalier|Swords Dance|p1a: Escavalier\n|-boost|p1a: Escavalier|atk|2\n|\n|-heal|p1a: Escavalier|122/258|[from] item: Leftovers\n|upkeep\n|turn|5\n|\n|t:|1770655933\n|move|p2a: Ditto|Megahorn|p1a: Escavalier\n|-resisted|p1a: Escavalier\n|-damage|p1a: Escavalier|55/258\n|move|p1a: Escavalier|Drill Run|p2a: Ditto\n|-damage|p2a: Ditto|93/215\n|\n|-heal|p1a: Escavalier|71/258|[from] item: Leftovers\n|upkeep\n|turn|6\n|inactive|aurora ltd has 120 seconds left.\n|\n|t:|1770655940\n|move|p2a: Ditto|Megahorn|p1a: Escavalier\n|-resisted|p1a: Escavalier\n|-damage|p1a: Escavalier|5/258\n|move|p1a: Escavalier|Drill Run|p2a: Ditto\n|-damage|p2a: Ditto|0 fnt\n|faint|p2a: Ditto\n|\n|-heal|p1a: Escavalier|21/258|[from] item: Leftovers\n|upkeep\n|inactive|aurora ltd has 120 seconds left.\n|\n|t:|1770655957\n|switch|p2a: Toxicroak|Toxicroak, L84, F|277/277\n|turn|7\n|\n|t:|1770655966\n|move|p2a: Toxicroak|Drain Punch|p1a: Escavalier\n|-damage|p1a: Escavalier|0 fnt\n|faint|p1a: Escavalier\n|-damage|p2a: Toxicroak|250/277|[from] item: Life Orb\n|\n|upkeep\n|\n|t:|1770655975\n|switch|p1a: Crobat|Crobat, L82, F|274/274\n|-damage|p1a: Crobat|206/274|[from] Stealth Rock\n|turn|8\n|\n|t:|1770655981\n|switch|p2a: Blastoise|Blastoise, L82, M|264/264\n|move|p1a: Crobat|Brave Bird|p2a: Blastoise\n|-damage|p2a: Blastoise|155/264\n|-damage|p1a: Crobat|170/274|[from] Recoil\n|\n|-heal|p1a: Crobat|187/274|[from] item: Black Sludge\n|upkeep\n|turn|9\n|\n|t:|1770655995\n|detailschange|p2a: Blastoise|Blastoise-Mega, L82, M\n|-mega|p2a: Blastoise|Blastoise|Blastoisinite\n|move|p1a: Crobat|Brave Bird|p2a: Blastoise\n|-damage|p2a: Blastoise|68/264\n|-damage|p1a: Crobat|158/274|[from] Recoil\n|move|p2a: Blastoise|Ice Beam|p1a: Crobat\n|-supereffective|p1a: Crobat\n|-damage|p1a: Crobat|0 fnt\n|faint|p1a: Crobat\n|\n|upkeep\n|\n|t:|1770656004\n|switch|p1a: Grumpig|Grumpig, L93, F|300/300\n|-damage|p1a: Grumpig|263/300|[from] Stealth Rock\n|turn|10\n|\n|t:|1770656009\n|move|p1a: Grumpig|Psyshock|p2a: Blastoise\n|-damage|p2a: Blastoise|0 fnt\n|faint|p2a: Blastoise\n|detailschange|p2: Blastoise|Blastoise, L82, M|[silent]\n|\n|upkeep\n|\n|t:|1770656016\n|switch|p2a: Ambipom|Ambipom, L84, F|263/263\n|turn|11\n|\n|t:|1770656020\n|move|p2a: Ambipom|Fake Out|p1a: Grumpig\n|-crit|p1a: Grumpig\n|-damage|p1a: Grumpig|134/300\n|-enditem|p1a: Grumpig|Wiki Berry|[eat]\n|-heal|p1a: Grumpig|284/300|[from] item: Wiki Berry\n|cant|p1a: Grumpig|flinch\n|\n|upkeep\n|turn|12\n|\n|t:|1770656031\n|move|p2a: Ambipom|Return|p1a: Grumpig\n|-damage|p1a: Grumpig|128/300\n|move|p1a: Grumpig|Focus Blast|p2a: Ambipom|[miss]\n|-miss|p1a: Grumpig|p2a: Ambipom\n|\n|upkeep\n|turn|13\n|\n|t:|1770656039\n|move|p2a: Ambipom|Return|p1a: Grumpig\n|-damage|p1a: Grumpig|0 fnt\n|faint|p1a: Grumpig\n|\n|upkeep\n|\n|t:|1770656044\n|switch|p1a: Miltank|Miltank, L85, F|300/300\n|-damage|p1a: Miltank|263/300|[from] Stealth Rock\n|turn|14\n|inactive|aurora ltd has 120 seconds left.\n|\n|t:|1770656088\n|move|p2a: Ambipom|Return|p1a: Miltank\n|-damage|p1a: Miltank|139/300\n|move|p1a: Miltank|Body Slam|p2a: Ambipom\n|-damage|p2a: Ambipom|167/263\n|\n|-heal|p1a: Miltank|157/300|[from] item: Leftovers\n|upkeep\n|turn|15\n|\n|t:|1770656101\n|move|p2a: Ambipom|Knock Off|p1a: Miltank\n|-damage|p1a: Miltank|101/300\n|-enditem|p1a: Miltank|Leftovers|[from] move: Knock Off|[of] p2a: Ambipom\n|move|p1a: Miltank|Body Slam|p2a: Ambipom\n|-damage|p2a: Ambipom|62/263\n|-status|p2a: Ambipom|par\n|\n|upkeep\n|turn|16\n|\n|t:|1770656108\n|move|p1a: Miltank|Milk Drink|p1a: Miltank\n|-heal|p1a: Miltank|251/300\n|move|p2a: Ambipom|Return|p1a: Miltank\n|-damage|p1a: Miltank|130/300\n|\n|upkeep\n|turn|17\n|inactive|aurora ltd has 120 seconds left.\n|\n|t:|1770656115\n|move|p1a: Miltank|Milk Drink|p1a: Miltank\n|-heal|p1a: Miltank|280/300\n|move|p2a: Ambipom|Return|p1a: Miltank\n|-damage|p1a: Miltank|160/300\n|\n|upkeep\n|turn|18\n|\n|t:|1770656120\n|move|p1a: Miltank|Milk Drink|p1a: Miltank\n|-heal|p1a: Miltank|300/300\n|move|p2a: Ambipom|Return|p1a: Miltank\n|-damage|p1a: Miltank|176/300\n|\n|upkeep\n|turn|19\n|\n|t:|1770656126\n|move|p1a: Miltank|Milk Drink|p1a: Miltank\n|-heal|p1a: Miltank|300/300\n|cant|p2a: Ambipom|par\n|\n|upkeep\n|turn|20\n|\n|t:|1770656130\n|move|p1a: Miltank|Body Slam|p2a: Ambipom\n|-damage|p2a: Ambipom|0 fnt\n|faint|p2a: Ambipom\n|\n|upkeep\n|\n|t:|1770656139\n|switch|p2a: Toxicroak|Toxicroak, L84, F|250/277\n|turn|21\n|\n|t:|1770656148\n|move|p1a: Miltank|Earthquake|p2a: Toxicroak\n|-supereffective|p2a: Toxicroak\n|-damage|p2a: Toxicroak|92/277\n|move|p2a: Toxicroak|Swords Dance|p2a: Toxicroak\n|-boost|p2a: Toxicroak|atk|2\n|\n|upkeep\n|turn|22\n|\n|t:|1770656160\n|move|p2a: Toxicroak|Sucker Punch|p1a: Miltank\n|-damage|p1a: Miltank|178/300\n|-damage|p2a: Toxicroak|65/277|[from] item: Life Orb\n|move|p1a: Miltank|Earthquake|p2a: Toxicroak\n|-supereffective|p2a: Toxicroak\n|-damage|p2a: Toxicroak|0 fnt\n|faint|p2a: Toxicroak\n|\n|upkeep\n|\n|t:|1770656168\n|switch|p2a: Cryogonal|Cryogonal, L87|281/281\n|turn|23\n|\n|t:|1770656172\n|move|p2a: Cryogonal|Freeze-Dry|p1a: Miltank\n|-damage|p1a: Miltank|85/300\n|-status|p1a: Miltank|frz\n|cant|p1a: Miltank|frz\n|\n|upkeep\n|turn|24\n|\n|t:|1770656178\n|move|p2a: Cryogonal|Freeze-Dry|p1a: Miltank\n|-crit|p1a: Miltank\n|-damage|p1a: Miltank|0 fnt\n|faint|p1a: Miltank\n|\n|upkeep\n|\n|t:|1770656182\n|switch|p1a: Manaphy|Manaphy, L77|281/281\n|-damage|p1a: Manaphy|246/281|[from] Stealth Rock\n|turn|25\n|\n|t:|1770656187\n|move|p2a: Cryogonal|Freeze-Dry|p1a: Manaphy\n|-supereffective|p1a: Manaphy\n|-damage|p1a: Manaphy|100/281\n|-zpower|p1a: Manaphy\n|move|p1a: Manaphy|Hydro Vortex|p2a: Cryogonal|[zeffect]\n|-damage|p2a: Cryogonal|161/281\n|\n|-heal|p2a: Cryogonal|178/281|[from] item: Leftovers\n|upkeep\n|turn|26\n|\n|t:|1770656195\n|move|p2a: Cryogonal|Freeze-Dry|p1a: Manaphy\n|-supereffective|p1a: Manaphy\n|-damage|p1a: Manaphy|0 fnt\n|faint|p1a: Manaphy\n|\n|-heal|p2a: Cryogonal|195/281|[from] item: Leftovers\n|upkeep\n|\n|t:|1770656197\n|switch|p1a: Latios|Latios, L79, M|256/256\n|-damage|p1a: Latios|224/256|[from] Stealth Rock\n|turn|27\n|\n|t:|1770656207\n|detailschange|p1a: Latios|Latios-Mega, L79, M\n|-mega|p1a: Latios|Latios|Latiosite\n|move|p2a: Cryogonal|Freeze-Dry|p1a: Latios\n|-supereffective|p1a: Latios\n|-damage|p1a: Latios|90/256\n|move|p1a: Latios|Psyshock|p2a: Cryogonal\n|-damage|p2a: Cryogonal|35/281\n|\n|-heal|p2a: Cryogonal|52/281|[from] item: Leftovers\n|upkeep\n|turn|28\n|\n|t:|1770656217\n|move|p2a: Cryogonal|Freeze-Dry|p1a: Latios\n|-supereffective|p1a: Latios\n|-damage|p1a: Latios|0 fnt\n|faint|p1a: Latios\n|detailschange|p1: Latios|Latios, L79, M|[silent]\n|\n|win|aurora ltd\n|raw|CMS60's rating: 1551 &rarr; <strong>1532</strong><br />(-19 for losing)\n|raw|aurora ltd's rating: 1564 &rarr; <strong>1583</strong><br />(+19 for winning)\n", "inputlog": ">version ccdc32dd7cde25fd9e4bed64820e885f66e78a4e\n>start {\"formatid\":\"gen7randombattle\",\"seed\":\"sodium,750de6a37ca27b5e14f296ece6eef4d5\",\"rated\":\"Rated battle\"}\n>player p1 {\"name\":\"CMS60\",\"avatar\":\"1\",\"rating\":1551,\"seed\":\"sodium,d7791ed88cffff2734ebd34b7b5de4af\"}\n>player p2 {\"name\":\"aurora ltd\",\"avatar\":\"1\",\"rating\":1564,\"seed\":\"sodium,93a1329093bf0c2541b52f2e5a46313a\"}\n>p1 move superfang\n>p2 switch 2\n>p1 switch 3\n>p2 move stoneedge\n>p1 move ironhead\n>p2 move stealthrock\n>p2 switch 4\n>p1 move swordsdance\n>p2 move megahorn\n>p1 move drillrun\n>p2 move megahorn\n>p1 move drillrun\n>p2 move megahorn\n>p2 switch 2\n>p1 move drillrun\n>p2 move drainpunch\n>p1 switch 3\n>p1 move bravebird\n>p2 switch 6\n>p1 move bravebird\n>p2 move icebeam mega\n>p1 switch 5\n>p1 move psyshock\n>p2 move darkpulse\n>p2 switch 5\n>p1 move focusblast\n>p2 move fakeout\n>p1 move focusblast\n>p2 move return\n>p1 move focusblast\n>p2 move return\n>p1 switch 2\n>p1 move bodyslam\n>p2 move return\n>p1 move bodyslam\n>p2 move knockoff\n>p1 move milkdrink\n>p2 move return\n>p1 move milkdrink\n>p2 move return\n>p1 move milkdrink\n>p2 move return\n>p1 move milkdrink\n>p2 move return\n>p1 move bodyslam\n>p2 move return\n>p2 switch 6\n>p1 move earthquake\n>p2 move swordsdance\n>p1 move earthquake\n>p2 move suckerpunch\n>p2 switch 3\n>p1 move bodyslam\n>p2 move freezedry\n>p1 move bodyslam\n>p2 move freezedry\n>p1 switch 6\n>p1 move surf zmove\n>p2 move freezedry\n>p1 move surf\n>p2 move freezedry\n>p1 switch 4\n>p1 move psyshock mega\n>p2 move freezedry\n>p1 move psyshock\n>p2 move freezedry", "uploadtime": 1770656232, "views": 180, "formatid": "gen7randombattle", "rating": 1532, "private": 0, "password": null}