{"id": "gen7randombattle-2531054750", "format": "[Gen 7] Random Battle", "players": ["fatherland", "MimikyuTrainerAsh"], "log": "|j|☆fatherland\n|j|☆MimikyuTrainerAsh\n|t:|1770004887\n|gametype|singles\n|player|p1|fatherland|169|1646\n|player|p2|MimikyuTrainerAsh|170|1616\n|gen|7\n|tier|[Gen 7] Random Battle\n|rated|\n|rule|Sleep Clause Mod: Limit one foe put to sleep\n|rule|HP Percentage Mod: HP is shown in percentages\n|rule|Illusion Level Mod: Illusion disguises the Pokémon's true level\n|\n|t:|1770004887\n|teamsize|p1|6\n|teamsize|p2|6\n|start\n|switch|p1a: Archeops|Archeops, L82, M|257/257\n|switch|p2a: Shedinja|Shedinja, L96|1/1\n|turn|1\n|inactive|Battle timer is ON: inactive players will automatically lose when time's up. (requested by MimikyuTrainerAsh)\n|inactive|MimikyuTrainerAsh has 120 seconds left.\n|inactive|fatherland has 120 seconds left.\n|\n|t:|1770004933\n|switch|p1a: Empoleon|Empoleon, L83, M|275/275\n|switch|p2a: Chimecho|Chimecho, L95, M|296/296\n|\n|upkeep\n|turn|2\n|\n|t:|1770004945\n|switch|p2a: Vileplume|Vileplume, L87, M|272/272\n|move|p1a: Empoleon|Toxic|p2a: Vileplume\n|-immune|p2a: Vileplume\n|\n|upkeep\n|turn|3\n|inactive|fatherland has 120 seconds left.\n|\n|t:|1770004981\n|switch|p1a: Chesnaught|Chesnaught, L89, F|301/301\n|move|p2a: Vileplume|Giga Drain|p1a: Chesnaught\n|-resisted|p1a: Chesnaught\n|-damage|p1a: Chesnaught|256/301\n|\n|upkeep\n|turn|4\n|inactive|fatherland has 120 seconds left.\n|\n|t:|1770005001\n|switch|p2a: Chimecho|Chimecho, L95, M|296/296\n|move|p1a: Chesnaught|Drain Punch|p2a: Chimecho\n|-resisted|p2a: Chimecho\n|-damage|p2a: Chimecho|251/296\n|-heal|p1a: Chesnaught|279/301|[from] drain|[of] p2a: Chimecho\n|\n|-heal|p2a: Chimecho|269/296|[from] item: Leftovers\n|upkeep\n|turn|5\n|\n|t:|1770005011\n|switch|p1a: Liepard|Liepard, L91, M|264/264\n|move|p2a: Chimecho|Psychic|p1a: Liepard\n|-immune|p1a: Liepard\n|\n|-heal|p2a: Chimecho|287/296|[from] item: Leftovers\n|upkeep\n|turn|6\n|inactive|fatherland has 120 seconds left.\n|\n|t:|1770005019\n|move|p1a: Liepard|Knock Off|p2a: Chimecho\n|-supereffective|p2a: Chimecho\n|-damage|p2a: Chimecho|0 fnt\n|-enditem|p2a: Chimecho|Leftovers|[from] move: Knock Off|[of] p1a: Liepard\n|faint|p2a: Chimecho\n|-damage|p1a: Liepard|238/264|[from] item: Life Orb\n|\n|upkeep\n|\n|t:|1770005023\n|switch|p2a: Politoed|Politoed, L88, F|302/302\n|-weather|RainDance|[from] ability: Drizzle|[of] p2a: Politoed\n|turn|7\n|inactive|fatherland has 120 seconds left.\n|\n|t:|1770005061\n|switch|p1a: Empoleon|Empoleon, L83, M|275/275\n|move|p2a: Politoed|Scald|p1a: Empoleon\n|-resisted|p1a: Empoleon\n|-damage|p1a: Empoleon|213/275\n|-status|p1a: Empoleon|brn\n|\n|-weather|RainDance|[upkeep]\n|-heal|p1a: Empoleon|230/275 brn|[from] item: Leftovers\n|-damage|p1a: Empoleon|213/275 brn|[from] brn\n|upkeep\n|turn|8\n|\n|t:|1770005071\n|move|p2a: Politoed|Scald|p1a: Empoleon\n|-resisted|p1a: Empoleon\n|-damage|p1a: Empoleon|155/275 brn\n|move|p1a: Empoleon|Knock Off|p2a: Politoed\n|-damage|p2a: Politoed|269/302\n|-enditem|p2a: Politoed|Chesto Berry|[from] move: Knock Off|[of] p1a: Empoleon\n|\n|-weather|RainDance|[upkeep]\n|-heal|p1a: Empoleon|172/275 brn|[from] item: Leftovers\n|-damage|p1a: Empoleon|155/275 brn|[from] brn\n|upkeep\n|turn|9\n|inactive|MimikyuTrainerAsh has 120 seconds left.\n|\n|t:|1770005101\n|move|p2a: Politoed|Encore|p1a: Empoleon\n|-start|p1a: Empoleon|Encore\n|move|p1a: Empoleon|Knock Off|p2a: Politoed\n|-damage|p2a: Politoed|248/302\n|\n|-weather|RainDance|[upkeep]\n|-heal|p1a: Empoleon|172/275 brn|[from] item: Leftovers\n|-damage|p1a: Empoleon|155/275 brn|[from] brn\n|upkeep\n|turn|10\n|\n|t:|1770005118\n|move|p2a: Politoed|Scald|p1a: Empoleon\n|-resisted|p1a: Empoleon\n|-damage|p1a: Empoleon|95/275 brn\n|move|p1a: Empoleon|Knock Off|p2a: Politoed\n|-damage|p2a: Politoed|225/302\n|\n|-weather|RainDance|[upkeep]\n|-heal|p1a: Empoleon|112/275 brn|[from] item: Leftovers\n|-damage|p1a: Empoleon|95/275 brn|[from] brn\n|upkeep\n|turn|11\n|inactive|MimikyuTrainerAsh has 120 seconds left.\n|\n|t:|1770005144\n|move|p2a: Politoed|Scald|p1a: Empoleon\n|-resisted|p1a: Empoleon\n|-damage|p1a: Empoleon|37/275 brn\n|move|p1a: Empoleon|Knock Off|p2a: Politoed\n|-damage|p2a: Politoed|204/302\n|\n|-weather|none\n|-heal|p1a: Empoleon|54/275 brn|[from] item: Leftovers\n|-damage|p1a: Empoleon|37/275 brn|[from] brn\n|-end|p1a: Empoleon|Encore\n|upkeep\n|turn|12\n|\n|t:|1770005154\n|move|p2a: Politoed|Scald|p1a: Empoleon\n|-resisted|p1a: Empoleon\n|-damage|p1a: Empoleon|0 fnt\n|faint|p1a: Empoleon\n|\n|upkeep\n|\n|t:|1770005171\n|switch|p1a: Chesnaught|Chesnaught, L89, F|279/301\n|turn|13\n|\n|t:|1770005191\n|switch|p2a: Victini|Victini, L76|277/277\n|move|p1a: Chesnaught|Toxic|p2a: Victini\n|-status|p2a: Victini|tox\n|\n|-damage|p2a: Victini|260/277 tox|[from] psn\n|upkeep\n|turn|14\n|inactive|fatherland has 90 seconds left.\n|\n|t:|1770005241\n|switch|p1a: Archeops|Archeops, L82, M|257/257\n|move|p2a: Victini|Glaciate|p1a: Archeops\n|-supereffective|p1a: Archeops\n|-damage|p1a: Archeops|153/257\n|-unboost|p1a: Archeops|spe|1\n|\n|-damage|p2a: Victini|226/277 tox|[from] psn\n|upkeep\n|turn|15\n|\n|t:|1770005255\n|move|p2a: Victini|Bolt Strike|p1a: Archeops\n|-supereffective|p1a: Archeops\n|-damage|p1a: Archeops|0 fnt\n|faint|p1a: Archeops\n|\n|-damage|p2a: Victini|175/277 tox|[from] psn\n|upkeep\n|\n|t:|1770005263\n|switch|p1a: Liepard|Liepard, L91, M|238/264\n|turn|16\n|\n|t:|1770005268\n|switch|p2a: Politoed|Politoed, L88, F|204/302\n|-weather|RainDance|[from] ability: Drizzle|[of] p2a: Politoed\n|move|p1a: Liepard|Knock Off|p2a: Politoed\n|-damage|p2a: Politoed|91/302\n|-damage|p1a: Liepard|212/264|[from] item: Life Orb\n|\n|-weather|RainDance|[upkeep]\n|upkeep\n|turn|17\n|\n|t:|1770005278\n|move|p1a: Liepard|Knock Off|p2a: Politoed\n|-damage|p2a: Politoed|0 fnt\n|faint|p2a: Politoed\n|-damage|p1a: Liepard|186/264|[from] item: Life Orb\n|\n|-weather|RainDance|[upkeep]\n|upkeep\n|\n|t:|1770005284\n|switch|p2a: Omastar|Omastar, L84, F|254/254\n|turn|18\n|inactive|fatherland has 90 seconds left.\n|\n|t:|1770005301\n|move|p2a: Omastar|Hydro Pump|p1a: Liepard|[miss]\n|-miss|p2a: Omastar|p1a: Liepard\n|move|p1a: Liepard|Knock Off|p2a: Omastar\n|-damage|p2a: Omastar|147/254\n|-enditem|p2a: Omastar|White Herb|[from] move: Knock Off|[of] p1a: Liepard\n|-damage|p1a: Liepard|160/264|[from] item: Life Orb\n|\n|-weather|RainDance|[upkeep]\n|upkeep\n|turn|19\n|inactive|fatherland has 90 seconds left.\n|c|☆MimikyuTrainerAsh|useless\n|c|☆MimikyuTrainerAsh|i should’ve shelled\n|\n|t:|1770005320\n|move|p1a: Liepard|Thunder Wave|p2a: Omastar|[miss]\n|-miss|p1a: Liepard|p2a: Omastar\n|move|p2a: Omastar|Hydro Pump|p1a: Liepard\n|-damage|p1a: Liepard|0 fnt\n|faint|p1a: Liepard\n|\n|-weather|RainDance|[upkeep]\n|upkeep\n|inactive|fatherland has 90 seconds left.\n|\n|t:|1770005336\n|switch|p1a: Chesnaught|Chesnaught, L89, F|279/301\n|turn|20\n|\n|t:|1770005343\n|switch|p2a: Vileplume|Vileplume, L87, M|272/272\n|move|p1a: Chesnaught|Drain Punch|p2a: Vileplume\n|-resisted|p2a: Vileplume\n|-damage|p2a: Vileplume|221/272\n|-heal|p1a: Chesnaught|301/301|[from] drain|[of] p2a: Vileplume\n|\n|-weather|none\n|-heal|p2a: Vileplume|238/272|[from] item: Black Sludge\n|upkeep\n|turn|21\n|\n|t:|1770005353\n|move|p1a: Chesnaught|Drain Punch|p2a: Vileplume\n|-resisted|p2a: Vileplume\n|-damage|p2a: Vileplume|187/272\n|move|p2a: Vileplume|Strength Sap|p1a: Chesnaught\n|-unboost|p1a: Chesnaught|atk|1\n|-heal|p2a: Vileplume|272/272\n|\n|upkeep\n|turn|22\n|inactive|fatherland has 90 seconds left.\n|\n|t:|1770005390\n|move|p1a: Chesnaught|Drain Punch|p2a: Vileplume\n|-resisted|p2a: Vileplume\n|-damage|p2a: Vileplume|241/272\n|move|p2a: Vileplume|Aromatherapy|p2a: Vileplume\n|-activate|p2a: Vileplume|move: Aromatherapy\n|-curestatus|p2: Victini|tox|[msg]\n|\n|-heal|p2a: Vileplume|258/272|[from] item: Black Sludge\n|upkeep\n|turn|23\n|\n|t:|1770005399\n|switch|p1a: Chesnaught|Chesnaught, L89, F|238/238\n|move|p2a: Vileplume|Giga Drain|p1a: Chesnaught\n|-damage|p1a: Chesnaught|120/238\n|-heal|p2a: Vileplume|272/272|[from] drain|[of] p1a: Chesnaught\n|replace|p1a: Zoroark|Zoroark, L84, F\n|-end|p1a: Zoroark|Illusion\n|-hint|Illusion Level Mod is active, so this Pokémon's true level was hidden.\n|\n|upkeep\n|turn|24\n|\n|t:|1770005412\n|switch|p2a: Omastar|Omastar, L84, F|147/254\n|move|p1a: Zoroark|Nasty Plot|p1a: Zoroark\n|-boost|p1a: Zoroark|spa|2\n|\n|upkeep\n|turn|25\n|\n|t:|1770005419\n|move|p1a: Zoroark|Dark Pulse|p2a: Omastar\n|-damage|p2a: Omastar|0 fnt\n|faint|p2a: Omastar\n|-damage|p1a: Zoroark|97/238|[from] item: Life Orb\n|\n|upkeep\n|\n|t:|1770005422\n|switch|p2a: Shedinja|Shedinja, L96|1/1\n|turn|26\n|inactive|fatherland has 90 seconds left.\n|c|☆MimikyuTrainerAsh|you better pray dp flinches\n|\n|t:|1770005438\n|switch|p1a: Chesnaught|Chesnaught, L89, F|301/301\n|move|p2a: Shedinja|X-Scissor|p1a: Chesnaught\n|-damage|p1a: Chesnaught|219/301\n|-damage|p2a: Shedinja|0 fnt|[from] item: Rocky Helmet|[of] p1a: Chesnaught\n|faint|p2a: Shedinja\n|\n|upkeep\n|\n|t:|1770005441\n|switch|p2a: Vileplume|Vileplume, L87, M|272/272\n|turn|27\n|c|☆MimikyuTrainerAsh|bruh\n|inactive|fatherland has 90 seconds left.\n|\n|t:|1770005453\n|move|p1a: Chesnaught|Drain Punch|p2a: Vileplume\n|-resisted|p2a: Vileplume\n|-damage|p2a: Vileplume|227/272\n|-heal|p1a: Chesnaught|242/301|[from] drain|[of] p2a: Vileplume\n|move|p2a: Vileplume|Strength Sap|p1a: Chesnaught\n|-unboost|p1a: Chesnaught|atk|1\n|-heal|p2a: Vileplume|272/272\n|\n|upkeep\n|turn|28\n|inactive|fatherland has 90 seconds left.\n|\n|t:|1770005463\n|move|p1a: Chesnaught|Drain Punch|p2a: Vileplume\n|-resisted|p2a: Vileplume\n|-damage|p2a: Vileplume|242/272\n|-heal|p1a: Chesnaught|257/301|[from] drain|[of] p2a: Vileplume\n|move|p2a: Vileplume|Giga Drain|p1a: Chesnaught\n|-resisted|p1a: Chesnaught\n|-damage|p1a: Chesnaught|209/301\n|-heal|p2a: Vileplume|266/272|[from] drain|[of] p1a: Chesnaught\n|\n|-heal|p2a: Vileplume|272/272|[from] item: Black Sludge\n|upkeep\n|turn|29\n|\n|t:|1770005472\n|move|p1a: Chesnaught|Drain Punch|p2a: Vileplume\n|-resisted|p2a: Vileplume\n|-damage|p2a: Vileplume|240/272\n|-heal|p1a: Chesnaught|225/301|[from] drain|[of] p2a: Vileplume\n|move|p2a: Vileplume|Giga Drain|p1a: Chesnaught\n|-resisted|p1a: Chesnaught\n|-damage|p1a: Chesnaught|176/301\n|-heal|p2a: Vileplume|265/272|[from] drain|[of] p1a: Chesnaught\n|\n|-heal|p2a: Vileplume|272/272|[from] item: Black Sludge\n|upkeep\n|turn|30\n|\n|t:|1770005482\n|switch|p2a: Victini|Victini, L76|175/277\n|move|p1a: Chesnaught|Drain Punch|p2a: Victini\n|-resisted|p2a: Victini\n|-damage|p2a: Victini|144/277\n|-heal|p1a: Chesnaught|192/301|[from] drain|[of] p2a: Victini\n|\n|upkeep\n|turn|31\n|\n|t:|1770005490\n|move|p2a: Victini|V-create|p1a: Chesnaught\n|-supereffective|p1a: Chesnaught\n|-damage|p1a: Chesnaught|0 fnt\n|-unboost|p2a: Victini|spe|1\n|-unboost|p2a: Victini|def|1\n|-unboost|p2a: Victini|spd|1\n|-damage|p2a: Victini|98/277|[from] item: Rocky Helmet|[of] p1a: Chesnaught\n|faint|p1a: Chesnaught\n|\n|upkeep\n|\n|t:|1770005503\n|switch|p1a: Slurpuff|Slurpuff, L79, M|258/258\n|turn|32\n|\n|t:|1770005507\n|move|p1a: Slurpuff|Belly Drum|p1a: Slurpuff\n|-damage|p1a: Slurpuff|129/258\n|-setboost|p1a: Slurpuff|atk|6|[from] move: Belly Drum\n|-enditem|p1a: Slurpuff|Sitrus Berry|[eat]\n|-heal|p1a: Slurpuff|193/258|[from] item: Sitrus Berry\n|move|p2a: Victini|V-create|p1a: Slurpuff\n|-damage|p1a: Slurpuff|16/258\n|-unboost|p2a: Victini|spe|1\n|-unboost|p2a: Victini|def|1\n|-unboost|p2a: Victini|spd|1\n|\n|upkeep\n|turn|33\n|\n|t:|1770005535\n|move|p1a: Slurpuff|Drain Punch|p2a: Victini\n|-resisted|p2a: Victini\n|-damage|p2a: Victini|0 fnt\n|-heal|p1a: Slurpuff|65/258|[from] drain|[of] p2a: Victini\n|faint|p2a: Victini\n|\n|upkeep\n|\n|t:|1770005537\n|switch|p2a: Vileplume|Vileplume, L87, M|272/272\n|turn|34\n|c|☆MimikyuTrainerAsh|lock in vileplume\n|\n|t:|1770005552\n|move|p1a: Slurpuff|Return|p2a: Vileplume\n|-damage|p2a: Vileplume|42/272\n|-status|p1a: Slurpuff|psn|[from] ability: Effect Spore|[of] p2a: Vileplume\n|move|p2a: Vileplume|Strength Sap|p1a: Slurpuff\n|-unboost|p1a: Slurpuff|atk|1\n|-heal|p2a: Vileplume|272/272\n|\n|-damage|p1a: Slurpuff|33/258 psn|[from] psn\n|upkeep\n|turn|35\n|c|☆MimikyuTrainerAsh|YES\n|\n|t:|1770005564\n|move|p1a: Slurpuff|Drain Punch|p2a: Vileplume\n|-resisted|p2a: Vileplume\n|-damage|p2a: Vileplume|203/272\n|-heal|p1a: Slurpuff|68/258 psn|[from] drain|[of] p2a: Vileplume\n|move|p2a: Vileplume|Strength Sap|p1a: Slurpuff\n|-unboost|p1a: Slurpuff|atk|1\n|-heal|p2a: Vileplume|272/272\n|\n|-damage|p1a: Slurpuff|36/258 psn|[from] psn\n|upkeep\n|turn|36\n|-message|fatherland forfeited.\n|\n|win|MimikyuTrainerAsh\n|raw|fatherland's rating: 1646 &rarr; <strong>1624</strong><br />(-22 for losing)\n|raw|MimikyuTrainerAsh's rating: 1616 &rarr; <strong>1638</strong><br />(+22 for winning)\n|l|☆fatherland\n|player|p1|\n", "inputlog": ">version ccdc32dd7cde25fd9e4bed64820e885f66e78a4e\n>start {\"formatid\":\"gen7randombattle\",\"seed\":\"sodium,4ad990525535a077888d4ca49a9b187b\",\"rated\":\"Rated battle\"}\n>player p1 {\"name\":\"fatherland\",\"avatar\":\"169\",\"rating\":1646,\"seed\":\"sodium,7c768edc674554b72714e0984110def0\"}\n>player p2 {\"name\":\"MimikyuTrainerAsh\",\"avatar\":\"170\",\"rating\":1616,\"seed\":\"sodium,cdda30ca955d2340cdf0ff63df8130de\"}\n>p1 switch 5\n>p2 switch 5\n>p1 move toxic\n>p2 switch 2\n>p1 switch 6\n>p2 move gigadrain\n>p1 move drainpunch\n>p2 switch 2\n>p1 switch 4\n>p2 move psychic\n>p1 move knockoff\n>p2 move toxic\n>p2 switch 6\n>p1 switch 6\n>p2 move scald\n>p1 move knockoff\n>p2 move scald\n>p1 move knockoff\n>p2 move encore\n>p1 move knockoff\n>p2 move scald\n>p1 move knockoff\n>p2 move scald\n>p1 move toxic\n>p2 move scald\n>p1 switch 4\n>p1 move toxic\n>p2 switch 3\n>p1 switch 5\n>p2 move glaciate\n>p1 move knockoff\n>p2 move boltstrike\n>p1 switch 6\n>p1 move knockoff\n>p2 switch 3\n>p1 move knockoff\n>p2 move rest\n>p2 switch 4\n>p1 move knockoff\n>p2 move hydropump\n>chat ☆MimikyuTrainerAsh|useless\n>chat ☆MimikyuTrainerAsh|i should’ve shelled \n>p1 move thunderwave\n>p2 move hydropump\n>p1 switch 5\n>p1 move drainpunch\n>p2 switch 2\n>p1 move drainpunch\n>p2 move strengthsap\n>p1 move drainpunch\n>p2 move aromatherapy\n>p1 switch 3\n>p2 move gigadrain\n>p1 move nastyplot\n>p2 switch 2\n>p1 move darkpulse\n>p2 move hydropump\n>p2 switch 5\n>chat ☆MimikyuTrainerAsh|you better pray dp flinches\n>p1 switch 3\n>p2 move xscissor\n>p2 switch 2\n>chat ☆MimikyuTrainerAsh|bruh\n>p1 move drainpunch\n>p2 move strengthsap\n>p1 move drainpunch\n>p2 move gigadrain\n>p1 move drainpunch\n>p2 move gigadrain\n>p1 move drainpunch\n>p2 switch 3\n>p1 move toxic\n>p2 move vcreate\n>p1 switch 2\n>p1 move bellydrum\n>p2 move vcreate\n>p1 move drainpunch\n>p2 move vcreate\n>p2 switch 3\n>chat ☆MimikyuTrainerAsh|lock in vileplume\n>p1 move return\n>p2 move strengthsap\n>chat ☆MimikyuTrainerAsh|YES\n>p1 move drainpunch\n>p2 move strengthsap\n>forcelose p1", "uploadtime": 1770005577, "views": 178, "formatid": "gen7randombattle", "rating": 1624, "private": 0, "password": null}