{"id": "gen7randombattle-2523387371", "format": "[Gen 7] Random Battle", "players": ["MimikyuTrainerAsh", "Snoop Rogue"], "log": "|j|☆MimikyuTrainerAsh\n|j|☆Snoop Rogue\n|t:|1769020829\n|gametype|singles\n|player|p1|MimikyuTrainerAsh|pokekid|1644\n|player|p2|Snoop Rogue|koga-lgpe|1632\n|gen|7\n|tier|[Gen 7] Random Battle\n|rated|\n|rule|Sleep Clause Mod: Limit one foe put to sleep\n|rule|HP Percentage Mod: HP is shown in percentages\n|rule|Illusion Level Mod: Illusion disguises the Pokémon's true level\n|\n|t:|1769020829\n|teamsize|p1|6\n|teamsize|p2|6\n|start\n|switch|p1a: Electrode|Electrode, L89|252/252\n|switch|p2a: Manaphy|Manaphy, L77|281/281\n|turn|1\n|inactive|Battle timer is ON: inactive players will automatically lose when time's up. (requested by MimikyuTrainerAsh)\n|inactive|Snoop Rogue also wants the timer to be on.\n|\n|t:|1769020846\n|switch|p2a: Garchomp|Garchomp, L77, F|293/293\n|move|p1a: Electrode|Light Screen|p1a: Electrode\n|-sidestart|p1: MimikyuTrainerAsh|move: Light Screen\n|\n|upkeep\n|turn|2\n|\n|t:|1769020851\n|detailschange|p2a: Garchomp|Garchomp-Mega, L77, F\n|-mega|p2a: Garchomp|Garchomp|Garchompite\n|move|p1a: Electrode|Reflect|p1a: Electrode\n|-sidestart|p1: MimikyuTrainerAsh|Reflect\n|move|p2a: Garchomp|Earthquake|p1a: Electrode\n|-supereffective|p1a: Electrode\n|-damage|p1a: Electrode|86/252\n|\n|upkeep\n|turn|3\n|\n|t:|1769020858\n|switch|p1a: Girafarig|Girafarig, L95, M|287/287\n|move|p2a: Garchomp|Earthquake|p1a: Girafarig\n|-damage|p1a: Girafarig|209/287\n|\n|upkeep\n|turn|4\n|\n|t:|1769020864\n|switch|p2a: Vikavolt|Vikavolt, L86, F|273/273\n|move|p1a: Girafarig|Nasty Plot|p1a: Girafarig\n|-boost|p1a: Girafarig|spa|2\n|\n|upkeep\n|turn|5\n|\n|t:|1769020867\n|move|p1a: Girafarig|Psyshock|p2a: Vikavolt\n|-damage|p2a: Vikavolt|0 fnt\n|faint|p2a: Vikavolt\n|-damage|p1a: Girafarig|181/287|[from] item: Life Orb\n|\n|upkeep\n|\n|t:|1769020875\n|switch|p2a: Komala|Komala, L88, F|258/258\n|-ability|p2a: Komala|Comatose\n|turn|6\n|c|☆MimikyuTrainerAsh|why did you mega so early\n|\n|t:|1769020882\n|move|p1a: Girafarig|Psyshock|p2a: Komala\n|-damage|p2a: Komala|0 fnt\n|faint|p2a: Komala\n|-damage|p1a: Girafarig|153/287|[from] item: Life Orb\n|\n|upkeep\n|c|☆MimikyuTrainerAsh|its wraps\n|c|☆MimikyuTrainerAsh|no burrito\n|\n|t:|1769020902\n|switch|p2a: Heliolisk|Heliolisk, L85, M|244/244\n|turn|7\n|\n|t:|1769020909\n|move|p2a: Heliolisk|Hyper Voice|p1a: Girafarig\n|-damage|p1a: Girafarig|71/287\n|move|p1a: Girafarig|Psyshock|p2a: Heliolisk\n|-crit|p2a: Heliolisk\n|-damage|p2a: Heliolisk|0 fnt\n|faint|p2a: Heliolisk\n|-damage|p1a: Girafarig|43/287|[from] item: Life Orb\n|\n|upkeep\n|\n|t:|1769020922\n|switch|p2a: Garchomp|Garchomp-Mega, L77, F|293/293\n|turn|8\n|\n|t:|1769020928\n|move|p1a: Girafarig|Psyshock|p2a: Garchomp\n|-damage|p2a: Garchomp|38/293\n|-damage|p1a: Girafarig|15/287|[from] item: Life Orb\n|move|p2a: Garchomp|Earthquake|p1a: Girafarig\n|-damage|p1a: Girafarig|0 fnt\n|faint|p1a: Girafarig\n|\n|-sideend|p1: MimikyuTrainerAsh|move: Light Screen\n|upkeep\n|c|☆MimikyuTrainerAsh|bro got FRIED by a giraffe\n|\n|t:|1769020946\n|switch|p1a: Tapu Koko|Tapu Koko, L77|234/234\n|-fieldstart|move: Electric Terrain|[from] ability: Electric Surge|[of] p1a: Tapu Koko\n|turn|9\n|\n|t:|1769020951\n|move|p1a: Tapu Koko|Dazzling Gleam|p2a: Garchomp\n|-supereffective|p2a: Garchomp\n|-damage|p2a: Garchomp|0 fnt\n|faint|p2a: Garchomp\n|detailschange|p2: Garchomp|Garchomp, L77, F|[silent]\n|\n|-sideend|p1: MimikyuTrainerAsh|Reflect\n|upkeep\n|\n|t:|1769020953\n|switch|p2a: Cherrim|Cherrim, L99, F|299/299\n|turn|10\n|\n|t:|1769020963\n|switch|p1a: Armaldo|Armaldo, L89, M|278/278\n|move|p2a: Cherrim|Energy Ball|p1a: Armaldo\n|-damage|p1a: Armaldo|149/278\n|\n|-heal|p1a: Armaldo|166/278|[from] item: Leftovers\n|upkeep\n|turn|11\n|\n|t:|1769020971\n|switch|p2a: Manaphy|Manaphy, L77|281/281\n|move|p1a: Armaldo|Knock Off|p2a: Manaphy\n|-damage|p2a: Manaphy|219/281\n|\n|-heal|p1a: Armaldo|183/278|[from] item: Leftovers\n|upkeep\n|turn|12\n|\n|t:|1769020976\n|switch|p1a: Sandslash|Sandslash-Alola, L91, M|284/284\n|-zpower|p2a: Manaphy\n|move|p2a: Manaphy|Hydro Vortex|p1a: Sandslash|[zeffect]\n|-damage|p1a: Sandslash|151/284\n|\n|upkeep\n|turn|13\n|\n|t:|1769020981\n|move|p2a: Manaphy|Tail Glow|p2a: Manaphy\n|-boost|p2a: Manaphy|spa|3\n|move|p1a: Sandslash|Knock Off|p2a: Manaphy\n|-damage|p2a: Manaphy|165/281\n|\n|-fieldend|move: Electric Terrain\n|upkeep\n|turn|14\n|\n|t:|1769020984\n|move|p2a: Manaphy|Surf|p1a: Sandslash\n|-damage|p1a: Sandslash|4/284\n|move|p1a: Sandslash|Knock Off|p2a: Manaphy\n|-damage|p2a: Manaphy|108/281\n|\n|upkeep\n|turn|15\n|\n|t:|1769020987\n|move|p2a: Manaphy|Surf|p1a: Sandslash\n|-damage|p1a: Sandslash|0 fnt\n|faint|p1a: Sandslash\n|\n|upkeep\n|c|☆MimikyuTrainerAsh|live tapu koko reaction\n|\n|t:|1769020997\n|switch|p1a: Tapu Koko|Tapu Koko, L77|234/234\n|-fieldstart|move: Electric Terrain|[from] ability: Electric Surge|[of] p1a: Tapu Koko\n|turn|16\n|\n|t:|1769021005\n|switch|p2a: Cherrim|Cherrim, L99, F|299/299\n|move|p1a: Tapu Koko|Thunderbolt|p2a: Cherrim\n|-resisted|p2a: Cherrim\n|-damage|p2a: Cherrim|248/299\n|\n|-heal|p2a: Cherrim|266/299|[from] item: Leftovers\n|upkeep\n|turn|17\n|\n|t:|1769021009\n|move|p1a: Tapu Koko|Calm Mind|p1a: Tapu Koko\n|-boost|p1a: Tapu Koko|spa|1\n|-boost|p1a: Tapu Koko|spd|1\n|move|p2a: Cherrim|Morning Sun|p2a: Cherrim\n|-heal|p2a: Cherrim|299/299\n|\n|upkeep\n|turn|18\n|\n|t:|1769021013\n|move|p1a: Tapu Koko|Calm Mind|p1a: Tapu Koko\n|-boost|p1a: Tapu Koko|spa|1\n|-boost|p1a: Tapu Koko|spd|1\n|move|p2a: Cherrim|Energy Ball|p1a: Tapu Koko\n|-damage|p1a: Tapu Koko|165/234\n|\n|upkeep\n|turn|19\n|c|☆MimikyuTrainerAsh|LIVE KOKO REACTION\n|\n|t:|1769021019\n|move|p1a: Tapu Koko|Calm Mind|p1a: Tapu Koko\n|-boost|p1a: Tapu Koko|spa|1\n|-boost|p1a: Tapu Koko|spd|1\n|move|p2a: Cherrim|Toxic|p1a: Tapu Koko|[miss]\n|-miss|p2a: Cherrim|p1a: Tapu Koko\n|\n|upkeep\n|turn|20\n|\n|t:|1769021023\n|-zpower|p1a: Tapu Koko\n|move|p1a: Tapu Koko|Gigavolt Havoc|p2a: Cherrim|[zeffect]\n|-resisted|p2a: Cherrim\n|-damage|p2a: Cherrim|49/299\n|move|p2a: Cherrim|Toxic|p1a: Tapu Koko\n|-status|p1a: Tapu Koko|tox\n|\n|-heal|p2a: Cherrim|67/299|[from] item: Leftovers\n|-damage|p1a: Tapu Koko|151/234 tox|[from] psn\n|-fieldend|move: Electric Terrain\n|upkeep\n|turn|21\n|\n|t:|1769021027\n|move|p1a: Tapu Koko|Thunderbolt|p2a: Cherrim\n|-resisted|p2a: Cherrim\n|-damage|p2a: Cherrim|0 fnt\n|faint|p2a: Cherrim\n|\n|-damage|p1a: Tapu Koko|123/234 tox|[from] psn\n|upkeep\n|-message|Snoop Rogue forfeited.\n|\n|win|MimikyuTrainerAsh\n|raw|MimikyuTrainerAsh's rating: 1644 &rarr; <strong>1663</strong><br />(+19 for winning)\n|raw|Snoop Rogue's rating: 1632 &rarr; <strong>1613</strong><br />(-19 for losing)\n|l|☆Snoop Rogue\n|player|p2|\n", "inputlog": ">version 3bd1a1e329da8d286644078cfc9a9638fc7ea025\n>start {\"formatid\":\"gen7randombattle\",\"seed\":\"sodium,bbe9a01c266e277ba0608a7f2c8c90de\",\"rated\":\"Rated battle\"}\n>player p1 {\"name\":\"MimikyuTrainerAsh\",\"avatar\":\"pokekid\",\"rating\":1644,\"seed\":\"sodium,f5ee81632eb35c71009e9caa5bcd636a\"}\n>player p2 {\"name\":\"Snoop Rogue\",\"avatar\":\"koga-lgpe\",\"rating\":1632,\"seed\":\"sodium,3c81adf8980f38a6b04607f90f8f8b5e\"}\n>p1 move lightscreen\n>p2 switch 5\n>p1 move reflect\n>p2 move earthquake mega\n>p1 switch 2\n>p2 move earthquake\n>p1 move nastyplot\n>p2 switch 3\n>p1 move psyshock\n>p2 move bugbuzz\n>p2 switch 2\n>chat ☆MimikyuTrainerAsh|why did you mega so early\n>p1 move psyshock\n>p2 move return\n>chat ☆MimikyuTrainerAsh|its wraps\n>chat ☆MimikyuTrainerAsh|no burrito\n>p2 switch 4\n>p1 move psyshock\n>p2 move hypervoice\n>p2 switch 3\n>p1 move psyshock\n>p2 move earthquake\n>chat ☆MimikyuTrainerAsh|bro got FRIED by a giraffe\n>p1 switch 3\n>p1 move dazzlinggleam\n>p2 move earthquake\n>p2 switch 6\n>p1 switch 4\n>p2 move energyball\n>p1 move knockoff\n>p2 switch 5\n>p1 switch 6\n>p2 move surf zmove\n>p1 move knockoff\n>p2 move tailglow\n>p1 move knockoff\n>p2 move surf\n>p1 move knockoff\n>p2 move surf\n>chat ☆MimikyuTrainerAsh|live tapu koko reaction\n>p1 switch 4\n>p1 move thunderbolt\n>p2 switch 5\n>p1 move calmmind\n>p2 move morningsun\n>p1 move calmmind\n>p2 move energyball\n>chat ☆MimikyuTrainerAsh|LIVE KOKO REACTION\n>p1 move calmmind\n>p2 move toxic\n>p1 move thunderbolt zmove\n>p2 move toxic\n>p1 move thunderbolt\n>p2 move morningsun\n>forcelose p2", "uploadtime": 1769021035, "views": 176, "formatid": "gen7randombattle", "rating": 1613, "private": 0, "password": null}