{"id": "gen7randombattle-2525117056", "format": "[Gen 7] Random Battle", "players": ["Arav2007", "grummybear45"], "log": "|j|☆Arav2007\n|j|☆grummybear45\n|t:|1769231157\n|gametype|singles\n|player|p1|Arav2007|2|1702\n|player|p2|grummybear45|lacey|1745\n|gen|7\n|tier|[Gen 7] Random Battle\n|rated|\n|rule|Sleep Clause Mod: Limit one foe put to sleep\n|rule|HP Percentage Mod: HP is shown in percentages\n|rule|Illusion Level Mod: Illusion disguises the Pokémon's true level\n|\n|t:|1769231157\n|teamsize|p1|6\n|teamsize|p2|6\n|start\n|switch|p1a: Slaking|Slaking, L84, F|389/389\n|switch|p2a: Simipour|Simipour, L88, M|275/275\n|turn|1\n|inactive|Battle timer is ON: inactive players will automatically lose when time's up. (requested by Arav2007)\n|\n|t:|1769231185\n|switch|p2a: Talonflame|Talonflame, L82, M|261/261\n|switch|p1a: Noctowl|Noctowl, L94, M|340/340\n|\n|upkeep\n|turn|2\n|\n|t:|1769231192\n|switch|p2a: Lycanroc|Lycanroc-Dusk, L83, F|260/260\n|move|p1a: Noctowl|Toxic|p2a: Lycanroc|[miss]\n|-miss|p1a: Noctowl|p2a: Lycanroc\n|\n|upkeep\n|turn|3\n|\n|t:|1769231199\n|switch|p1a: Forretress|Forretress, L81, F|254/254\n|move|p2a: Lycanroc|Stone Edge|p1a: Forretress\n|-damage|p1a: Forretress|127/254\n|\n|-heal|p1a: Forretress|142/254|[from] item: Leftovers\n|upkeep\n|turn|4\n|\n|t:|1769231207\n|switch|p2a: Talonflame|Talonflame, L82, M|261/261\n|move|p1a: Forretress|Stealth Rock|p2a: Talonflame\n|-sidestart|p2: grummybear45|move: Stealth Rock\n|\n|-heal|p1a: Forretress|157/254|[from] item: Leftovers\n|upkeep\n|turn|5\n|\n|t:|1769231212\n|switch|p1a: Incineroar|Incineroar, L82, M|290/290\n|-ability|p1a: Incineroar|Intimidate|boost\n|-unboost|p2a: Talonflame|atk|1\n|move|p2a: Talonflame|Defog|p1a: Incineroar\n|-unboost|p1a: Incineroar|evasion|1\n|-sideend|p2: grummybear45|Stealth Rock|[from] move: Defog|[of] p2a: Talonflame\n|\n|upkeep\n|turn|6\n|\n|t:|1769231229\n|switch|p2a: Simipour|Simipour, L88, M|275/275\n|move|p1a: Incineroar|Knock Off|p2a: Simipour\n|-damage|p2a: Simipour|128/275\n|-enditem|p2a: Simipour|Life Orb|[from] move: Knock Off|[of] p1a: Incineroar\n|\n|upkeep\n|turn|7\n|\n|t:|1769231238\n|switch|p1a: Noctowl|Noctowl, L94, M|340/340\n|move|p2a: Simipour|Nasty Plot|p2a: Simipour\n|-boost|p2a: Simipour|spa|2\n|\n|upkeep\n|turn|8\n|\n|t:|1769231242\n|move|p2a: Simipour|Ice Beam|p1a: Noctowl\n|-supereffective|p1a: Noctowl\n|-damage|p1a: Noctowl|84/340\n|-status|p1a: Noctowl|frz\n|cant|p1a: Noctowl|frz\n|\n|-heal|p1a: Noctowl|105/340 frz|[from] item: Leftovers\n|upkeep\n|turn|9\n|\n|t:|1769231247\n|move|p2a: Simipour|Ice Beam|p1a: Noctowl\n|-supereffective|p1a: Noctowl\n|-damage|p1a: Noctowl|0 fnt\n|faint|p1a: Noctowl\n|\n|upkeep\n|\n|t:|1769231272\n|switch|p1a: Slaking|Slaking, L84, F|389/389\n|turn|10\n|\n|t:|1769231277\n|switch|p2a: Cobalion|Cobalion, L78|270/270\n|move|p1a: Slaking|Double-Edge|p2a: Cobalion\n|-resisted|p2a: Cobalion\n|-damage|p2a: Cobalion|165/270\n|-damage|p1a: Slaking|354/389|[from] Recoil\n|\n|upkeep\n|turn|11\n|\n|t:|1769231290\n|switch|p1a: Forretress|Forretress, L81, F|157/254\n|move|p2a: Cobalion|Swords Dance|p2a: Cobalion\n|-boost|p2a: Cobalion|atk|2\n|\n|-heal|p1a: Forretress|172/254|[from] item: Leftovers\n|upkeep\n|turn|12\n|\n|t:|1769231293\n|move|p2a: Cobalion|Swords Dance|p2a: Cobalion\n|-boost|p2a: Cobalion|atk|2\n|move|p1a: Forretress|Stealth Rock|p2a: Cobalion\n|-sidestart|p2: grummybear45|move: Stealth Rock\n|\n|-heal|p1a: Forretress|187/254|[from] item: Leftovers\n|upkeep\n|turn|13\n|\n|t:|1769231303\n|move|p2a: Cobalion|Close Combat|p1a: Forretress\n|-damage|p1a: Forretress|0 fnt\n|-unboost|p2a: Cobalion|def|1\n|-unboost|p2a: Cobalion|spd|1\n|faint|p1a: Forretress\n|\n|upkeep\n|\n|t:|1769231311\n|switch|p1a: Slaking|Slaking, L84, F|354/389\n|turn|14\n|\n|t:|1769231314\n|switch|p2a: Gogoat|Gogoat, L91, M|372/372\n|-damage|p2a: Gogoat|326/372|[from] Stealth Rock\n|move|p1a: Slaking|Earthquake|p2a: Gogoat\n|-resisted|p2a: Gogoat\n|-damage|p2a: Gogoat|230/372\n|\n|-heal|p2a: Gogoat|253/372|[from] item: Leftovers\n|upkeep\n|turn|15\n|\n|t:|1769231320\n|switch|p1a: Incineroar|Incineroar, L82, M|290/290\n|-ability|p1a: Incineroar|Intimidate|boost\n|-unboost|p2a: Gogoat|atk|1\n|move|p2a: Gogoat|Toxic|p1a: Incineroar|[miss]\n|-miss|p2a: Gogoat|p1a: Incineroar\n|\n|-heal|p2a: Gogoat|276/372|[from] item: Leftovers\n|upkeep\n|turn|16\n|\n|t:|1769231327\n|move|p2a: Gogoat|Toxic|p1a: Incineroar\n|-status|p1a: Incineroar|tox\n|move|p1a: Incineroar|Flare Blitz|p2a: Gogoat\n|-supereffective|p2a: Gogoat\n|-damage|p2a: Gogoat|0 fnt\n|faint|p2a: Gogoat\n|-damage|p1a: Incineroar|199/290 tox|[from] Recoil\n|\n|-damage|p1a: Incineroar|181/290 tox|[from] psn\n|upkeep\n|\n|t:|1769231332\n|switch|p2a: Talonflame|Talonflame, L82, M|261/261\n|-damage|p2a: Talonflame|131/261|[from] Stealth Rock\n|turn|17\n|\n|t:|1769231345\n|move|p2a: Talonflame|Roost|p2a: Talonflame\n|-heal|p2a: Talonflame|261/261\n|-singleturn|p2a: Talonflame|move: Roost\n|move|p1a: Incineroar|Knock Off|p2a: Talonflame\n|-damage|p2a: Talonflame|122/261\n|-enditem|p2a: Talonflame|Leftovers|[from] move: Knock Off|[of] p1a: Incineroar\n|\n|-damage|p1a: Incineroar|145/290 tox|[from] psn\n|upkeep\n|turn|18\n|\n|t:|1769231348\n|switch|p1a: Thundurus|Thundurus-Therian, L80, M|258/258\n|move|p2a: Talonflame|Defog|p1a: Thundurus\n|-unboost|p1a: Thundurus|evasion|1\n|-sideend|p2: grummybear45|Stealth Rock|[from] move: Defog|[of] p2a: Talonflame\n|\n|upkeep\n|turn|19\n|\n|t:|1769231356\n|move|p2a: Talonflame|Overheat|p1a: Thundurus\n|-damage|p1a: Thundurus|147/258\n|-unboost|p2a: Talonflame|spa|2\n|move|p1a: Thundurus|Thunderbolt|p2a: Talonflame\n|-supereffective|p2a: Talonflame\n|-crit|p2a: Talonflame\n|-damage|p2a: Talonflame|0 fnt\n|faint|p2a: Talonflame\n|-damage|p1a: Thundurus|122/258|[from] item: Life Orb\n|\n|upkeep\n|\n|t:|1769231359\n|switch|p2a: Simipour|Simipour, L88, M|128/275\n|turn|20\n|\n|t:|1769231368\n|switch|p1a: Incineroar|Incineroar, L82, M|145/290 tox\n|-ability|p1a: Incineroar|Intimidate|boost\n|-unboost|p2a: Simipour|atk|1\n|move|p2a: Simipour|Ice Beam|p1a: Incineroar\n|-resisted|p1a: Incineroar\n|-damage|p1a: Incineroar|122/290 tox\n|\n|-damage|p1a: Incineroar|104/290 tox|[from] psn\n|upkeep\n|turn|21\n|\n|t:|1769231373\n|move|p1a: Incineroar|Fake Out|p2a: Simipour\n|-damage|p2a: Simipour|88/275\n|cant|p2a: Simipour|flinch\n|\n|-damage|p1a: Incineroar|68/290 tox|[from] psn\n|upkeep\n|turn|22\n|\n|t:|1769231376\n|move|p2a: Simipour|Hydro Pump|p1a: Incineroar\n|-supereffective|p1a: Incineroar\n|-damage|p1a: Incineroar|0 fnt\n|faint|p1a: Incineroar\n|\n|upkeep\n|\n|t:|1769231382\n|switch|p1a: Zekrom|Zekrom, L74|270/270\n|-ability|p1a: Zekrom|Teravolt\n|turn|23\n|\n|t:|1769231385\n|move|p2a: Simipour|Ice Beam|p1a: Zekrom\n|-supereffective|p1a: Zekrom\n|-damage|p1a: Zekrom|112/270\n|move|p1a: Zekrom|Bolt Strike|p2a: Simipour\n|-supereffective|p2a: Simipour\n|-crit|p2a: Simipour\n|-damage|p2a: Simipour|0 fnt\n|faint|p2a: Simipour\n|\n|upkeep\n|\n|t:|1769231392\n|switch|p2a: Lycanroc|Lycanroc-Dusk, L83, F|260/260\n|turn|24\n|\n|t:|1769231399\n|move|p2a: Lycanroc|Stone Edge|p1a: Zekrom\n|-crit|p1a: Zekrom\n|-damage|p1a: Zekrom|0 fnt\n|faint|p1a: Zekrom\n|\n|upkeep\n|\n|t:|1769231403\n|switch|p1a: Slaking|Slaking, L84, F|354/389\n|turn|25\n|\n|t:|1769231405\n|switch|p2a: Pyukumuku|Pyukumuku, L92, F|251/251\n|move|p1a: Slaking|Earthquake|p2a: Pyukumuku\n|-damage|p2a: Pyukumuku|140/251\n|\n|-heal|p2a: Pyukumuku|155/251|[from] item: Leftovers\n|upkeep\n|turn|26\n|\n|t:|1769231422\n|switch|p1a: Thundurus|Thundurus-Therian, L80, M|122/258\n|switch|p2a: Lycanroc|Lycanroc-Dusk, L83, F|260/260\n|\n|upkeep\n|turn|27\n|\n|t:|1769231432\n|move|p2a: Lycanroc|Stone Edge|p1a: Thundurus\n|-supereffective|p1a: Thundurus\n|-crit|p1a: Thundurus\n|-damage|p1a: Thundurus|0 fnt\n|faint|p1a: Thundurus\n|\n|upkeep\n|\n|t:|1769231436\n|switch|p1a: Slaking|Slaking, L84, F|354/389\n|turn|28\n|\n|t:|1769231438\n|move|p2a: Lycanroc|Stone Edge|p1a: Slaking|[miss]\n|-miss|p2a: Lycanroc|p1a: Slaking\n|move|p1a: Slaking|Earthquake|p2a: Lycanroc\n|-supereffective|p2a: Lycanroc\n|-damage|p2a: Lycanroc|0 fnt\n|faint|p2a: Lycanroc\n|\n|upkeep\n|\n|t:|1769231440\n|switch|p2a: Cobalion|Cobalion, L78|165/270\n|turn|29\n|\n|t:|1769231443\n|cant|p1a: Slaking|ability: Truant\n|-zpower|p2a: Cobalion\n|move|p2a: Cobalion|All-Out Pummeling|p1a: Slaking|[zeffect]\n|-supereffective|p1a: Slaking\n|-damage|p1a: Slaking|64/389\n|\n|upkeep\n|turn|30\n|\n|t:|1769231448\n|switch|p2a: Pyukumuku|Pyukumuku, L92, F|155/251\n|move|p1a: Slaking|Earthquake|p2a: Pyukumuku\n|-damage|p2a: Pyukumuku|45/251\n|\n|-heal|p2a: Pyukumuku|60/251|[from] item: Leftovers\n|upkeep\n|turn|31\n|\n|t:|1769231454\n|cant|p1a: Slaking|ability: Truant\n|move|p2a: Pyukumuku|Toxic|p1a: Slaking\n|-status|p1a: Slaking|tox\n|\n|-heal|p2a: Pyukumuku|75/251|[from] item: Leftovers\n|-damage|p1a: Slaking|40/389 tox|[from] psn\n|upkeep\n|turn|32\n|\n|t:|1769231456\n|move|p1a: Slaking|Earthquake|p2a: Pyukumuku\n|-damage|p2a: Pyukumuku|0 fnt\n|faint|p2a: Pyukumuku\n|\n|-damage|p1a: Slaking|0 fnt|[from] psn\n|faint|p1a: Slaking\n|\n|win|grummybear45\n|raw|Arav2007's rating: 1702 &rarr; <strong>1684</strong><br />(-18 for losing)\n|raw|grummybear45's rating: 1745 &rarr; <strong>1763</strong><br />(+18 for winning)\n|l|☆Arav2007\n|player|p1|\n|l|☆grummybear45\n|player|p2|\n", "inputlog": ">version dd3d52b8382d73d1dd2c67730c4067df325ab790\n>start {\"formatid\":\"gen7randombattle\",\"seed\":\"sodium,319ef27c8b81672be4845f1a1e92dbc8\",\"rated\":\"Rated battle\"}\n>player p1 {\"name\":\"Arav2007\",\"avatar\":\"2\",\"rating\":1702,\"seed\":\"sodium,3ec13d23a818c7cfe997cc3f011b25f3\"}\n>player p2 {\"name\":\"grummybear45\",\"avatar\":\"lacey\",\"rating\":1745,\"seed\":\"sodium,6764c39b754072fe99b53a81746ca032\"}\n>p1 switch 2\n>p2 switch 4\n>p1 move toxic\n>p2 switch 3\n>p1 switch 6\n>p2 move stoneedge\n>p1 move stealthrock\n>p2 switch 3\n>p1 switch 4\n>p2 move defog\n>p1 move knockoff\n>p2 switch 4\n>p1 switch 6\n>p2 move nastyplot\n>p1 move hypervoice\n>p2 move icebeam\n>p1 move hypervoice\n>p2 move icebeam\n>p1 switch 2\n>p1 move doubleedge\n>p2 switch 6\n>p1 switch 4\n>p2 move swordsdance\n>p1 move stealthrock\n>p2 move swordsdance\n>p1 move toxicspikes\n>p2 move closecombat\n>p1 switch 4\n>p1 move earthquake\n>p2 switch 2\n>p1 switch 6\n>p2 move toxic\n>p1 move flareblitz\n>p2 move toxic\n>p2 switch 4\n>p1 move knockoff\n>p2 move roost\n>p1 switch 5\n>p2 move defog\n>p1 move thunderbolt\n>p2 move overheat\n>p2 switch 6\n>p1 switch 5\n>p2 move icebeam\n>p1 move fakeout\n>p2 move hydropump\n>p1 move knockoff\n>p2 move hydropump\n>p1 switch 3\n>p1 move boltstrike\n>p2 move icebeam\n>p2 switch 3\n>p1 move outrage zmove\n>p2 move stoneedge\n>p1 switch 6\n>p1 move earthquake\n>p2 switch 5\n>p1 switch 5\n>p2 switch 5\n>p1 move focusblast\n>p2 move stoneedge\n>p1 switch 5\n>p1 move earthquake\n>p2 move stoneedge\n>p2 switch 2\n>p1 move earthquake\n>p2 move closecombat zmove\n>p1 move earthquake\n>p2 switch 5\n>p1 move earthquake\n>p2 move toxic\n>p1 move earthquake\n>p2 move recover", "uploadtime": 1769231731, "views": 188, "formatid": "gen7randombattle", "rating": 1684, "private": 0, "password": null}