{"id": "gen7randombattle-2524304073", "format": "[Gen 7] Random Battle", "players": ["archie87975", "BBC chicken"], "log": "|j|☆archie87975\n|j|☆BBC chicken\n|t:|1769129038\n|gametype|singles\n|player|p1|archie87975|youngn|1585\n|player|p2|BBC chicken|2|1736\n|gen|7\n|tier|[Gen 7] Random Battle\n|rated|\n|rule|Sleep Clause Mod: Limit one foe put to sleep\n|rule|HP Percentage Mod: HP is shown in percentages\n|rule|Illusion Level Mod: Illusion disguises the Pokémon's true level\n|\n|t:|1769129038\n|teamsize|p1|6\n|teamsize|p2|6\n|start\n|switch|p1a: Empoleon|Empoleon, L83, F|275/275\n|switch|p2a: Azelf|Azelf, L82|257/257\n|turn|1\n|inactive|Battle timer is ON: inactive players will automatically lose when time's up. (requested by BBC chicken)\n|inactive|archie87975 also wants the timer to be on.\n|\n|t:|1769129060\n|move|p2a: Azelf|U-turn|p1a: Empoleon\n|-resisted|p1a: Empoleon\n|-damage|p1a: Empoleon|247/275\n|\n|t:|1769129062\n|switch|p2a: Escavalier|Escavalier, L85, M|258/258|[from] U-turn\n|move|p1a: Empoleon|Knock Off|p2a: Escavalier\n|-damage|p2a: Escavalier|205/258\n|-enditem|p2a: Escavalier|Leftovers|[from] move: Knock Off|[of] p1a: Empoleon\n|\n|upkeep\n|turn|2\n|\n|t:|1769129076\n|move|p1a: Empoleon|Scald|p2a: Escavalier\n|-damage|p2a: Escavalier|124/258\n|move|p2a: Escavalier|Drill Run|p1a: Empoleon\n|-supereffective|p1a: Empoleon\n|-damage|p1a: Empoleon|97/275\n|\n|upkeep\n|turn|3\n|\n|t:|1769129082\n|move|p1a: Empoleon|Scald|p2a: Escavalier\n|-damage|p2a: Escavalier|46/258\n|-status|p2a: Escavalier|brn\n|move|p2a: Escavalier|Drill Run|p1a: Empoleon|[miss]\n|-miss|p2a: Escavalier|p1a: Empoleon\n|\n|-damage|p2a: Escavalier|30/258 brn|[from] brn\n|upkeep\n|turn|4\n|\n|t:|1769129086\n|switch|p2a: Druddigon|Druddigon, L86, M|273/273\n|move|p1a: Empoleon|Scald|p2a: Druddigon\n|-resisted|p2a: Druddigon\n|-damage|p2a: Druddigon|228/273\n|-status|p2a: Druddigon|brn\n|\n|-damage|p2a: Druddigon|211/273 brn|[from] brn\n|upkeep\n|turn|5\n|\n|t:|1769129089\n|move|p1a: Empoleon|Ice Beam|p2a: Druddigon\n|-supereffective|p2a: Druddigon\n|-damage|p2a: Druddigon|83/273 brn\n|move|p2a: Druddigon|Glare|p1a: Empoleon\n|-status|p1a: Empoleon|par\n|\n|-damage|p2a: Druddigon|66/273 brn|[from] brn\n|upkeep\n|turn|6\n|\n|t:|1769129099\n|switch|p2a: Regirock|Regirock, L87|281/281\n|cant|p1a: Empoleon|par\n|\n|upkeep\n|turn|7\n|\n|t:|1769129102\n|move|p2a: Regirock|Earthquake|p1a: Empoleon\n|-supereffective|p1a: Empoleon\n|-damage|p1a: Empoleon|0 fnt\n|faint|p1a: Empoleon\n|\n|upkeep\n|\n|t:|1769129106\n|switch|p1a: Throh|Throh, L89, M|358/358\n|turn|8\n|\n|t:|1769129112\n|move|p2a: Regirock|Stealth Rock|p1a: Throh\n|-sidestart|p1: archie87975|move: Stealth Rock\n|move|p1a: Throh|Bulk Up|p1a: Throh\n|-boost|p1a: Throh|atk|1\n|-boost|p1a: Throh|def|1\n|\n|upkeep\n|turn|9\n|\n|t:|1769129120\n|switch|p2a: Escavalier|Escavalier, L85, M|30/258 brn\n|move|p1a: Throh|Circle Throw|p2a: Escavalier\n|-damage|p2a: Escavalier|0 fnt\n|faint|p2a: Escavalier\n|\n|upkeep\n|\n|t:|1769129122\n|switch|p2a: Azelf|Azelf, L82|257/257\n|turn|10\n|\n|t:|1769129130\n|move|p2a: Azelf|Psychic|p1a: Throh\n|-supereffective|p1a: Throh\n|-crit|p1a: Throh\n|-damage|p1a: Throh|44/358\n|move|p1a: Throh|Circle Throw|p2a: Azelf\n|-resisted|p2a: Azelf\n|-damage|p2a: Azelf|194/257\n|drag|p2a: Rhyperior|Rhyperior, L84, M|330/330\n|\n|-heal|p1a: Throh|66/358|[from] item: Leftovers\n|upkeep\n|turn|11\n|\n|t:|1769129136\n|move|p1a: Throh|Rest|p1a: Throh\n|-status|p1a: Throh|slp|[from] move: Rest\n|-heal|p1a: Throh|358/358 slp|[silent]\n|move|p2a: Rhyperior|Earthquake|p1a: Throh\n|-damage|p1a: Throh|265/358 slp\n|\n|-heal|p1a: Throh|287/358 slp|[from] item: Leftovers\n|upkeep\n|turn|12\n|\n|t:|1769129141\n|cant|p1a: Throh|slp\n|move|p1a: Throh|Sleep Talk|p1a: Throh\n|move|p1a: Throh|Rest||[from] move: Sleep Talk|[still]\n|-fail|p1a: Throh\n|move|p2a: Rhyperior|Earthquake|p1a: Throh\n|-damage|p1a: Throh|188/358 slp\n|\n|-heal|p1a: Throh|210/358 slp|[from] item: Leftovers\n|upkeep\n|turn|13\n|\n|t:|1769129147\n|cant|p1a: Throh|slp\n|move|p1a: Throh|Sleep Talk|p1a: Throh\n|move|p1a: Throh|Bulk Up|p1a: Throh|[from] move: Sleep Talk\n|-boost|p1a: Throh|atk|1\n|-boost|p1a: Throh|def|1\n|move|p2a: Rhyperior|Earthquake|p1a: Throh\n|-damage|p1a: Throh|134/358 slp\n|\n|-heal|p1a: Throh|156/358 slp|[from] item: Leftovers\n|upkeep\n|turn|14\n|\n|t:|1769129152\n|switch|p2a: Azelf|Azelf, L82|194/257\n|-curestatus|p1a: Throh|slp|[msg]\n|move|p1a: Throh|Rest|p1a: Throh\n|-status|p1a: Throh|slp|[from] move: Rest\n|-heal|p1a: Throh|358/358 slp|[silent]\n|\n|upkeep\n|turn|15\n|\n|t:|1769129163\n|move|p2a: Azelf|Psychic|p1a: Throh\n|-supereffective|p1a: Throh\n|-damage|p1a: Throh|158/358 slp\n|cant|p1a: Throh|slp\n|move|p1a: Throh|Sleep Talk|p1a: Throh\n|move|p1a: Throh|Bulk Up|p1a: Throh|[from] move: Sleep Talk\n|-boost|p1a: Throh|atk|1\n|-boost|p1a: Throh|def|1\n|\n|-heal|p1a: Throh|180/358 slp|[from] item: Leftovers\n|upkeep\n|turn|16\n|\n|t:|1769129165\n|move|p2a: Azelf|Psychic|p1a: Throh\n|-supereffective|p1a: Throh\n|-crit|p1a: Throh\n|-damage|p1a: Throh|0 fnt\n|faint|p1a: Throh\n|\n|upkeep\n|\n|t:|1769129169\n|switch|p1a: Golem|Golem, L86, F|278/278\n|-damage|p1a: Golem|261/278|[from] Stealth Rock\n|turn|17\n|\n|t:|1769129184\n|move|p2a: Azelf|Psychic|p1a: Golem\n|-damage|p1a: Golem|134/278\n|move|p1a: Golem|Stealth Rock|p2a: Azelf\n|-sidestart|p2: BBC chicken|move: Stealth Rock\n|\n|-heal|p1a: Golem|151/278|[from] item: Leftovers\n|upkeep\n|turn|18\n|\n|t:|1769129189\n|move|p1a: Golem|Sucker Punch|p2a: Azelf\n|-supereffective|p2a: Azelf\n|-damage|p2a: Azelf|36/257\n|move|p2a: Azelf|U-turn|p1a: Golem\n|-damage|p1a: Golem|110/278\n|\n|t:|1769129209\n|switch|p2a: Regirock|Regirock, L87|281/281|[from] U-turn\n|-damage|p2a: Regirock|246/281|[from] Stealth Rock\n|\n|-heal|p2a: Regirock|263/281|[from] item: Leftovers\n|-heal|p1a: Golem|127/278|[from] item: Leftovers\n|upkeep\n|turn|19\n|\n|t:|1769129218\n|move|p2a: Regirock|Earthquake|p1a: Golem\n|-supereffective|p1a: Golem\n|-damage|p1a: Golem|7/278\n|move|p1a: Golem|Earthquake|p2a: Regirock\n|-supereffective|p2a: Regirock\n|-damage|p2a: Regirock|123/281\n|\n|-heal|p2a: Regirock|140/281|[from] item: Leftovers\n|-heal|p1a: Golem|24/278|[from] item: Leftovers\n|upkeep\n|turn|20\n|\n|t:|1769129224\n|move|p1a: Golem|Sucker Punch||[still]\n|-fail|p1a: Golem\n|move|p2a: Regirock|Stealth Rock||[still]\n|-fail|p2a: Regirock\n|\n|-heal|p2a: Regirock|157/281|[from] item: Leftovers\n|-heal|p1a: Golem|41/278|[from] item: Leftovers\n|upkeep\n|turn|21\n|\n|t:|1769129230\n|move|p1a: Golem|Sucker Punch|p2a: Regirock\n|-damage|p2a: Regirock|125/281\n|move|p2a: Regirock|Earthquake|p1a: Golem\n|-supereffective|p1a: Golem\n|-damage|p1a: Golem|0 fnt\n|faint|p1a: Golem\n|\n|-heal|p2a: Regirock|142/281|[from] item: Leftovers\n|upkeep\n|\n|t:|1769129234\n|switch|p1a: Kartana|Kartana, L74|209/209\n|-damage|p1a: Kartana|196/209|[from] Stealth Rock\n|turn|22\n|\n|t:|1769129244\n|switch|p2a: Druddigon|Druddigon, L86, M|66/273 brn\n|-damage|p2a: Druddigon|32/273 brn|[from] Stealth Rock\n|move|p1a: Kartana|Leaf Blade|p2a: Druddigon\n|-resisted|p2a: Druddigon\n|-damage|p2a: Druddigon|0 fnt\n|faint|p2a: Druddigon\n|-ability|p1a: Kartana|Beast Boost|boost\n|-boost|p1a: Kartana|atk|1\n|\n|upkeep\n|\n|t:|1769129254\n|switch|p2a: Unfezant|Unfezant, L88, M|283/283\n|-damage|p2a: Unfezant|213/283|[from] Stealth Rock\n|turn|23\n|\n|t:|1769129258\n|move|p1a: Kartana|Leaf Blade|p2a: Unfezant\n|-resisted|p2a: Unfezant\n|-damage|p2a: Unfezant|126/283\n|move|p2a: Unfezant|Pluck|p1a: Kartana\n|-damage|p1a: Kartana|132/209\n|\n|upkeep\n|turn|24\n|\n|t:|1769129261\n|move|p1a: Kartana|Leaf Blade|p2a: Unfezant\n|-resisted|p2a: Unfezant\n|-damage|p2a: Unfezant|38/283\n|move|p2a: Unfezant|Roost|p2a: Unfezant\n|-heal|p2a: Unfezant|180/283\n|-singleturn|p2a: Unfezant|move: Roost\n|\n|upkeep\n|turn|25\n|\n|t:|1769129266\n|move|p1a: Kartana|Leaf Blade|p2a: Unfezant\n|-resisted|p2a: Unfezant\n|-damage|p2a: Unfezant|90/283\n|move|p2a: Unfezant|Roost|p2a: Unfezant\n|-heal|p2a: Unfezant|232/283\n|-singleturn|p2a: Unfezant|move: Roost\n|\n|upkeep\n|turn|26\n|\n|t:|1769129268\n|move|p1a: Kartana|Leaf Blade|p2a: Unfezant\n|-resisted|p2a: Unfezant\n|-damage|p2a: Unfezant|136/283\n|move|p2a: Unfezant|Pluck|p1a: Kartana\n|-crit|p1a: Kartana\n|-damage|p1a: Kartana|36/209\n|\n|upkeep\n|turn|27\n|\n|t:|1769129275\n|move|p1a: Kartana|Leaf Blade|p2a: Unfezant\n|-resisted|p2a: Unfezant\n|-damage|p2a: Unfezant|40/283\n|move|p2a: Unfezant|Pluck|p1a: Kartana\n|-damage|p1a: Kartana|0 fnt\n|faint|p1a: Kartana\n|\n|upkeep\n|\n|t:|1769129280\n|switch|p1a: Hawlucha|Hawlucha, L78, F|249/249\n|-damage|p1a: Hawlucha|218/249|[from] Stealth Rock\n|turn|28\n|\n|t:|1769129290\n|move|p1a: Hawlucha|Acrobatics|p2a: Unfezant\n|-damage|p2a: Unfezant|0 fnt\n|faint|p2a: Unfezant\n|\n|upkeep\n|\n|t:|1769129308\n|switch|p2a: Azelf|Azelf, L82|36/257\n|-damage|p2a: Azelf|4/257|[from] Stealth Rock\n|turn|29\n|\n|t:|1769129316\n|move|p2a: Azelf|Psychic|p1a: Hawlucha\n|-supereffective|p1a: Hawlucha\n|-damage|p1a: Hawlucha|0 fnt\n|faint|p1a: Hawlucha\n|\n|upkeep\n|\n|t:|1769129318\n|switch|p1a: Volcarona|Volcarona, L76, F|253/253\n|-damage|p1a: Volcarona|127/253|[from] Stealth Rock\n|turn|30\n|\n|t:|1769129321\n|move|p2a: Azelf|Explosion|p1a: Volcarona\n|-damage|p1a: Volcarona|0 fnt\n|faint|p2a: Azelf\n|faint|p1a: Volcarona\n|\n|win|BBC chicken\n|raw|archie87975's rating: 1585 &rarr; <strong>1573</strong><br />(-12 for losing)\n|raw|BBC chicken's rating: 1736 &rarr; <strong>1748</strong><br />(+12 for winning)\n|l|☆BBC chicken\n|player|p2|\n|l|☆archie87975\n|player|p1|\n", "inputlog": ">version dd3d52b8382d73d1dd2c67730c4067df325ab790\n>start {\"formatid\":\"gen7randombattle\",\"seed\":\"sodium,fadf9971062f29d55606bb3715bfc2e9\",\"rated\":\"Rated battle\"}\n>player p1 {\"name\":\"archie87975\",\"avatar\":\"youngn\",\"rating\":1585,\"seed\":\"sodium,23aa598a8156d6c8b7939b105887c512\"}\n>player p2 {\"name\":\"BBC chicken\",\"avatar\":\"2\",\"rating\":1736,\"seed\":\"sodium,7290e7edafefad0ed06933b9b6e835df\"}\n>p1 move knockoff\n>p2 move uturn\n>p2 switch 3\n>p1 move scald\n>p2 move drillrun\n>p1 move scald\n>p2 move drillrun\n>p1 move scald\n>p2 switch 4\n>p1 move icebeam\n>p2 move glare\n>p1 move icebeam\n>p2 switch 6\n>p1 move scald\n>p2 move earthquake\n>p1 switch 4\n>p1 move bulkup\n>p2 move stealthrock\n>p1 move circlethrow\n>p2 switch 4\n>p2 switch 3\n>p1 move circlethrow\n>p2 move psychic\n>p1 move rest\n>p2 move earthquake\n>p1 move sleeptalk\n>p2 move earthquake\n>p1 move sleeptalk\n>p2 move earthquake\n>p1 move rest\n>p2 switch 5\n>p1 move sleeptalk\n>p2 move psychic\n>p1 move sleeptalk\n>p2 move psychic\n>p1 switch 3\n>p1 move stealthrock\n>p2 move psychic\n>p1 move suckerpunch\n>p2 move uturn\n>p2 switch 4\n>p1 move earthquake\n>p2 move earthquake\n>p1 move suckerpunch\n>p2 move stealthrock\n>p1 move suckerpunch\n>p2 move earthquake\n>p1 switch 2\n>p1 move leafblade\n>p2 switch 6\n>p2 switch 2\n>p1 move leafblade\n>p2 move pluck\n>p1 move leafblade\n>p2 move roost\n>p1 move leafblade\n>p2 move roost\n>p1 move leafblade\n>p2 move pluck\n>p1 move leafblade\n>p2 move pluck\n>p1 switch 6\n>p1 move acrobatics\n>p2 move pluck\n>p2 switch 4\n>p1 move skyattack\n>p2 move psychic\n>p1 switch 5\n>p1 move quiverdance\n>p2 move explosion", "uploadtime": 1769129331, "views": 150, "formatid": "gen7randombattle", "rating": 1573, "private": 0, "password": null}