{"id": "gen7randombattle-2524323945", "format": "[Gen 7] Random Battle", "players": ["Inferno prodigy", "Somnium Azurea"], "log": "|j|☆Inferno prodigy\n|j|☆Somnium Azurea\n|t:|1769131545\n|gametype|singles\n|player|p1|Inferno prodigy|101|1585\n|player|p2|Somnium Azurea|lady|1782\n|gen|7\n|tier|[Gen 7] Random Battle\n|rated|\n|rule|Sleep Clause Mod: Limit one foe put to sleep\n|rule|HP Percentage Mod: HP is shown in percentages\n|rule|Illusion Level Mod: Illusion disguises the Pokémon's true level\n|\n|t:|1769131545\n|teamsize|p1|6\n|teamsize|p2|6\n|start\n|switch|p1a: Escavalier|Escavalier, L85, M|258/258\n|switch|p2a: Machamp|Machamp, L84, M|288/288\n|turn|1\n|inactive|Battle timer is ON: inactive players will automatically lose when time's up. (requested by Somnium Azurea)\n|\n|t:|1769131551\n|move|p2a: Machamp|Knock Off|p1a: Escavalier\n|-damage|p1a: Escavalier|189/258\n|-enditem|p1a: Escavalier|Leftovers|[from] move: Knock Off|[of] p2a: Machamp\n|move|p1a: Escavalier|Knock Off|p2a: Machamp\n|-resisted|p2a: Machamp\n|-damage|p2a: Machamp|236/288\n|-enditem|p2a: Machamp|Flame Orb|[from] move: Knock Off|[of] p1a: Escavalier\n|\n|upkeep\n|turn|2\n|\n|t:|1769131567\n|move|p2a: Machamp|Close Combat|p1a: Escavalier\n|-damage|p1a: Escavalier|41/258\n|-unboost|p2a: Machamp|def|1\n|-unboost|p2a: Machamp|spd|1\n|move|p1a: Escavalier|Iron Head|p2a: Machamp\n|-damage|p2a: Machamp|58/288\n|\n|upkeep\n|turn|3\n|\n|t:|1769131576\n|move|p2a: Machamp|Close Combat|p1a: Escavalier\n|-damage|p1a: Escavalier|0 fnt\n|-unboost|p2a: Machamp|def|1\n|-unboost|p2a: Machamp|spd|1\n|faint|p1a: Escavalier\n|\n|upkeep\n|\n|t:|1769131579\n|switch|p1a: Mantine|Mantine, L87, M|290/290\n|turn|4\n|\n|t:|1769131584\n|move|p2a: Machamp|Bullet Punch|p1a: Mantine\n|-resisted|p1a: Mantine\n|-damage|p1a: Mantine|269/290\n|move|p1a: Mantine|Air Slash|p2a: Machamp\n|-supereffective|p2a: Machamp\n|-damage|p2a: Machamp|0 fnt\n|faint|p2a: Machamp\n|\n|-heal|p1a: Mantine|287/290|[from] item: Leftovers\n|upkeep\n|\n|t:|1769131592\n|switch|p2a: Meloetta|Meloetta, L81|295/295\n|turn|5\n|\n|t:|1769131596\n|move|p2a: Meloetta|Psyshock|p1a: Mantine\n|-damage|p1a: Mantine|133/290\n|move|p1a: Mantine|Scald|p2a: Meloetta\n|-damage|p2a: Meloetta|240/295\n|\n|-heal|p1a: Mantine|151/290|[from] item: Leftovers\n|upkeep\n|turn|6\n|\n|t:|1769131603\n|move|p2a: Meloetta|Psyshock|p1a: Mantine\n|-damage|p1a: Mantine|0 fnt\n|faint|p1a: Mantine\n|\n|upkeep\n|\n|t:|1769131608\n|switch|p1a: Hydreigon|Hydreigon, L82, F|285/285\n|turn|7\n|\n|t:|1769131611\n|switch|p2a: Drapion|Drapion, L83, M|252/252\n|move|p1a: Hydreigon|Dark Pulse|p2a: Drapion\n|-resisted|p2a: Drapion\n|-damage|p2a: Drapion|192/252\n|\n|-heal|p2a: Drapion|207/252|[from] item: Black Sludge\n|upkeep\n|turn|8\n|\n|t:|1769131618\n|move|p1a: Hydreigon|U-turn|p2a: Drapion\n|-damage|p2a: Drapion|167/252\n|\n|t:|1769131620\n|switch|p1a: Zangoose|Zangoose, L86, M|266/266|[from] U-turn\n|move|p2a: Drapion|Knock Off|p1a: Zangoose\n|-damage|p1a: Zangoose|151/266\n|-enditem|p1a: Zangoose|Toxic Orb|[from] move: Knock Off|[of] p2a: Drapion\n|\n|-heal|p2a: Drapion|182/252|[from] item: Black Sludge\n|upkeep\n|turn|9\n|\n|t:|1769131626\n|switch|p2a: Pidgeot|Pidgeot, L78, F|258/258\n|move|p1a: Zangoose|Swords Dance|p1a: Zangoose\n|-boost|p1a: Zangoose|atk|2\n|\n|upkeep\n|turn|10\n|\n|t:|1769131632\n|detailschange|p2a: Pidgeot|Pidgeot-Mega, L78, F\n|-mega|p2a: Pidgeot|Pidgeot|Pidgeotite\n|move|p1a: Zangoose|Quick Attack|p2a: Pidgeot\n|-damage|p2a: Pidgeot|134/258\n|move|p2a: Pidgeot|Hurricane|p1a: Zangoose\n|-damage|p1a: Zangoose|0 fnt\n|faint|p1a: Zangoose\n|\n|upkeep\n|\n|t:|1769131638\n|switch|p1a: Rhyperior|Rhyperior, L84, M|330/330\n|turn|11\n|\n|t:|1769131642\n|move|p2a: Pidgeot|U-turn|p1a: Rhyperior\n|-damage|p1a: Rhyperior|301/330\n|\n|t:|1769131644\n|switch|p2a: Simisage|Simisage, L89, M|278/278|[from] U-turn\n|move|p1a: Rhyperior|Stone Edge|p2a: Simisage\n|-damage|p2a: Simisage|20/278\n|\n|upkeep\n|turn|12\n|\n|t:|1769131654\n|switch|p1a: Ludicolo|Ludicolo, L89, M|287/287\n|move|p2a: Simisage|Focus Blast|p1a: Ludicolo|[miss]\n|-miss|p2a: Simisage|p1a: Ludicolo\n|\n|upkeep\n|turn|13\n|\n|t:|1769131659\n|move|p2a: Simisage|Giga Drain|p1a: Ludicolo\n|-crit|p1a: Ludicolo\n|-damage|p1a: Ludicolo|56/287\n|-heal|p2a: Simisage|136/278|[from] drain|[of] p1a: Ludicolo\n|-damage|p2a: Simisage|109/278|[from] item: Life Orb\n|move|p1a: Ludicolo|Rain Dance|p1a: Ludicolo\n|-weather|RainDance\n|\n|-weather|RainDance|[upkeep]\n|upkeep\n|turn|14\n|\n|t:|1769131665\n|switch|p2a: Pelipper|Pelipper, L87, M|246/246\n|move|p1a: Ludicolo|Ice Beam|p2a: Pelipper\n|-damage|p2a: Pelipper|143/246\n|-status|p2a: Pelipper|frz\n|-damage|p1a: Ludicolo|28/287|[from] item: Life Orb\n|\n|-weather|RainDance|[upkeep]\n|upkeep\n|turn|15\n|\n|t:|1769131669\n|move|p1a: Ludicolo|Giga Drain|p2a: Pelipper\n|-damage|p2a: Pelipper|9/246 frz\n|-heal|p1a: Ludicolo|95/287|[from] drain|[of] p2a: Pelipper\n|-damage|p1a: Ludicolo|67/287|[from] item: Life Orb\n|-curestatus|p2a: Pelipper|frz|[from] move: Scald\n|move|p2a: Pelipper|Scald|p1a: Ludicolo\n|-resisted|p1a: Ludicolo\n|-damage|p1a: Ludicolo|21/287\n|\n|-weather|RainDance|[upkeep]\n|upkeep\n|turn|16\n|\n|t:|1769131673\n|move|p1a: Ludicolo|Giga Drain|p2a: Pelipper\n|-damage|p2a: Pelipper|0 fnt\n|-heal|p1a: Ludicolo|26/287|[from] drain|[of] p2a: Pelipper\n|faint|p2a: Pelipper\n|-damage|p1a: Ludicolo|0 fnt|[from] item: Life Orb\n|faint|p1a: Ludicolo\n|\n|-weather|RainDance|[upkeep]\n|upkeep\n|\n|t:|1769131678\n|switch|p1a: Hydreigon|Hydreigon, L82, F|285/285\n|switch|p2a: Simisage|Simisage, L89, M|109/278\n|turn|17\n|\n|t:|1769131682\n|move|p2a: Simisage|Focus Blast|p1a: Hydreigon\n|-supereffective|p1a: Hydreigon\n|-damage|p1a: Hydreigon|119/285\n|-damage|p2a: Simisage|82/278|[from] item: Life Orb\n|move|p1a: Hydreigon|U-turn|p2a: Simisage\n|-supereffective|p2a: Simisage\n|-damage|p2a: Simisage|0 fnt\n|faint|p2a: Simisage\n|\n|t:|1769131685\n|switch|p1a: Rhyperior|Rhyperior, L84, M|301/330|[from] U-turn\n|\n|-weather|none\n|upkeep\n|\n|t:|1769131691\n|switch|p2a: Drapion|Drapion, L83, M|182/252\n|turn|18\n|\n|t:|1769131695\n|move|p2a: Drapion|Knock Off|p1a: Rhyperior\n|-damage|p1a: Rhyperior|232/330\n|-enditem|p1a: Rhyperior|Choice Band|[from] move: Knock Off|[of] p2a: Drapion\n|move|p1a: Rhyperior|Stone Edge|p2a: Drapion\n|-damage|p2a: Drapion|62/252\n|\n|-heal|p2a: Drapion|77/252|[from] item: Black Sludge\n|upkeep\n|turn|19\n|\n|t:|1769131701\n|move|p2a: Drapion|Knock Off|p1a: Rhyperior\n|-damage|p1a: Rhyperior|189/330\n|move|p1a: Rhyperior|Ice Punch|p2a: Drapion\n|-damage|p2a: Drapion|15/252\n|\n|-heal|p2a: Drapion|30/252|[from] item: Black Sludge\n|upkeep\n|turn|20\n|\n|t:|1769131704\n|move|p2a: Drapion|Knock Off|p1a: Rhyperior\n|-damage|p1a: Rhyperior|143/330\n|move|p1a: Rhyperior|Ice Punch|p2a: Drapion\n|-damage|p2a: Drapion|0 fnt\n|faint|p2a: Drapion\n|\n|upkeep\n|\n|t:|1769131707\n|switch|p2a: Meloetta|Meloetta, L81|240/295\n|turn|21\n|\n|t:|1769131711\n|move|p2a: Meloetta|Focus Blast|p1a: Rhyperior\n|-supereffective|p1a: Rhyperior\n|-damage|p1a: Rhyperior|0 fnt\n|faint|p1a: Rhyperior\n|\n|upkeep\n|\n|t:|1769131714\n|switch|p1a: Hydreigon|Hydreigon, L82, F|119/285\n|turn|22\n|\n|t:|1769131715\n|move|p1a: Hydreigon|Dark Pulse|p2a: Meloetta\n|-supereffective|p2a: Meloetta\n|-damage|p2a: Meloetta|88/295\n|move|p2a: Meloetta|Focus Blast|p1a: Hydreigon\n|-supereffective|p1a: Hydreigon\n|-damage|p1a: Hydreigon|0 fnt\n|faint|p1a: Hydreigon\n|\n|win|Somnium Azurea\n|raw|Inferno prodigy's rating: 1585 &rarr; <strong>1575</strong><br />(-10 for losing)\n|raw|Somnium Azurea's rating: 1782 &rarr; <strong>1792</strong><br />(+10 for winning)\n|l|☆Somnium Azurea\n|player|p2|\n|l|☆Inferno prodigy\n|player|p1|\n", "inputlog": ">version dd3d52b8382d73d1dd2c67730c4067df325ab790\n>start {\"formatid\":\"gen7randombattle\",\"seed\":\"sodium,5725b6ae2fbc040de82ee16d8d599a80\",\"rated\":\"Rated battle\"}\n>player p1 {\"name\":\"Inferno prodigy\",\"avatar\":\"101\",\"rating\":1585,\"seed\":\"sodium,a65bad744a7ec1e83faa2d383965e856\"}\n>player p2 {\"name\":\"Somnium Azurea\",\"avatar\":\"lady\",\"rating\":1782,\"seed\":\"sodium,9c6c8c3905989cb0d50e3d1e9cce7b80\"}\n>p1 move knockoff\n>p2 move knockoff\n>p1 move ironhead\n>p2 move closecombat\n>p1 move megahorn\n>p2 move closecombat\n>p1 switch 6\n>p1 move airslash\n>p2 move bulletpunch\n>p2 switch 5\n>p1 move scald\n>p2 move psyshock\n>p1 move roost\n>p2 move psyshock\n>p1 switch 5\n>p1 move darkpulse\n>p2 switch 6\n>p1 move uturn\n>p2 move knockoff\n>p1 switch 4\n>p1 move swordsdance\n>p2 switch 4\n>p1 move quickattack\n>p2 move hurricane mega\n>p1 switch 3\n>p1 move stoneedge\n>p2 move uturn\n>p2 switch 2\n>p1 switch 2\n>p2 move focusblast\n>p1 move raindance\n>p2 move gigadrain\n>p1 move icebeam\n>p2 switch 3\n>p1 move gigadrain\n>p2 move scald\n>p1 move gigadrain\n>p2 move scald\n>p1 switch 4\n>p2 switch 3\n>p1 move uturn\n>p2 move focusblast\n>p1 switch 2\n>p2 switch 4\n>p1 move stoneedge\n>p2 move knockoff\n>p1 move icepunch\n>p2 move knockoff\n>p1 move icepunch\n>p2 move knockoff\n>p2 switch 6\n>p1 move earthquake\n>p2 move focusblast\n>p1 switch 2\n>p1 move darkpulse\n>p2 move focusblast", "uploadtime": 1769131720, "views": 152, "formatid": "gen7randombattle", "rating": 1575, "private": 0, "password": null}