{"id": "gen7randombattle-2529890456", "format": "[Gen 7] Random Battle", "players": ["beckywiththebraids", "bin2409"], "log": "|j|☆beckywiththebraids\n|j|☆bin2409\n|t:|1769839403\n|gametype|singles\n|player|p1|beckywiththebraids|1|1834\n|player|p2|bin2409|maid|1996\n|gen|7\n|tier|[Gen 7] Random Battle\n|rated|\n|rule|Sleep Clause Mod: Limit one foe put to sleep\n|rule|HP Percentage Mod: HP is shown in percentages\n|rule|Illusion Level Mod: Illusion disguises the Pokémon's true level\n|\n|t:|1769839403\n|teamsize|p1|6\n|teamsize|p2|6\n|start\n|switch|p1a: Marshadow|Marshadow, L69|239/239\n|switch|p2a: Feraligatr|Feraligatr, L79, F|264/264\n|turn|1\n|\n|t:|1769839424\n|switch|p1a: Shaymin|Shaymin, L84|305/305\n|move|p2a: Feraligatr|Liquidation|p1a: Shaymin\n|-resisted|p1a: Shaymin\n|-damage|p1a: Shaymin|241/305\n|\n|upkeep\n|turn|2\n|\n|t:|1769839436\n|switch|p2a: Braviary|Braviary, L83, M|302/302\n|move|p1a: Shaymin|Earth Power|p2a: Braviary\n|-immune|p2a: Braviary\n|\n|upkeep\n|turn|3\n|\n|t:|1769839443\n|switch|p1a: Dusknoir|Dusknoir, L89, F|225/225\n|-item|p2a: Braviary|Choice Scarf|[from] ability: Frisk|[of] p1a: Dusknoir\n|move|p2a: Braviary|U-turn|p1a: Dusknoir\n|-resisted|p1a: Dusknoir\n|-damage|p1a: Dusknoir|204/225\n|\n|t:|1769839456\n|switch|p2a: Wormadam|Wormadam-Sandy, L91, F|257/257|[from] U-turn\n|\n|-heal|p1a: Dusknoir|218/225|[from] item: Leftovers\n|upkeep\n|turn|4\n|\n|t:|1769839466\n|switch|p1a: Yanmega|Yanmega, L82, F|275/275\n|move|p2a: Wormadam|Stealth Rock|p1a: Yanmega\n|-sidestart|p1: beckywiththebraids|move: Stealth Rock\n|\n|upkeep\n|turn|5\n|\n|t:|1769839479\n|move|p2a: Wormadam|Protect|p2a: Wormadam\n|-singleturn|p2a: Wormadam|Protect\n|move|p1a: Yanmega|Bug Buzz|p2a: Wormadam\n|-activate|p2a: Wormadam|move: Protect\n|\n|upkeep\n|turn|6\n|\n|t:|1769839488\n|move|p1a: Yanmega|Bug Buzz|p2a: Wormadam\n|-damage|p2a: Wormadam|112/257\n|move|p2a: Wormadam|Toxic|p1a: Yanmega\n|-status|p1a: Yanmega|tox\n|\n|-heal|p2a: Wormadam|128/257|[from] item: Leftovers\n|-damage|p1a: Yanmega|258/275 tox|[from] psn\n|upkeep\n|turn|7\n|\n|t:|1769839498\n|move|p2a: Wormadam|Protect|p2a: Wormadam\n|-singleturn|p2a: Wormadam|Protect\n|move|p1a: Yanmega|Bug Buzz|p2a: Wormadam\n|-activate|p2a: Wormadam|move: Protect\n|\n|-heal|p2a: Wormadam|144/257|[from] item: Leftovers\n|-damage|p1a: Yanmega|224/275 tox|[from] psn\n|upkeep\n|turn|8\n|\n|t:|1769839508\n|move|p2a: Wormadam|Protect||[still]\n|-fail|p2a: Wormadam\n|move|p1a: Yanmega|Bug Buzz|p2a: Wormadam\n|-damage|p2a: Wormadam|5/257\n|\n|-heal|p2a: Wormadam|21/257|[from] item: Leftovers\n|-damage|p1a: Yanmega|173/275 tox|[from] psn\n|upkeep\n|turn|9\n|\n|t:|1769839514\n|move|p2a: Wormadam|Protect|p2a: Wormadam\n|-singleturn|p2a: Wormadam|Protect\n|move|p1a: Yanmega|Bug Buzz|p2a: Wormadam\n|-activate|p2a: Wormadam|move: Protect\n|\n|-heal|p2a: Wormadam|37/257|[from] item: Leftovers\n|-damage|p1a: Yanmega|105/275 tox|[from] psn\n|upkeep\n|turn|10\n|\n|t:|1769839520\n|move|p2a: Wormadam|Protect|p2a: Wormadam\n|-singleturn|p2a: Wormadam|Protect\n|move|p1a: Yanmega|Bug Buzz|p2a: Wormadam\n|-activate|p2a: Wormadam|move: Protect\n|\n|-heal|p2a: Wormadam|53/257|[from] item: Leftovers\n|-damage|p1a: Yanmega|20/275 tox|[from] psn\n|upkeep\n|turn|11\n|\n|t:|1769839528\n|move|p1a: Yanmega|Bug Buzz|p2a: Wormadam\n|-damage|p2a: Wormadam|0 fnt\n|faint|p2a: Wormadam\n|\n|-damage|p1a: Yanmega|0 fnt|[from] psn\n|faint|p1a: Yanmega\n|upkeep\n|\n|t:|1769839541\n|switch|p1a: Dusknoir|Dusknoir, L89, F|218/225\n|switch|p2a: Seviper|Seviper, L94, M|290/290\n|-damage|p1a: Dusknoir|190/225|[from] Stealth Rock\n|-item|p2a: Seviper|Life Orb|[from] ability: Frisk|[of] p1a: Dusknoir\n|turn|12\n|\n|t:|1769839550\n|move|p2a: Seviper|Knock Off|p1a: Dusknoir\n|-supereffective|p1a: Dusknoir\n|-damage|p1a: Dusknoir|39/225\n|-enditem|p1a: Dusknoir|Leftovers|[from] move: Knock Off|[of] p2a: Seviper\n|-damage|p2a: Seviper|261/290|[from] item: Life Orb\n|move|p1a: Dusknoir|Earthquake|p2a: Seviper\n|-supereffective|p2a: Seviper\n|-damage|p2a: Seviper|67/290\n|\n|upkeep\n|turn|13\n|\n|t:|1769839563\n|move|p1a: Dusknoir|Shadow Sneak|p2a: Seviper\n|-damage|p2a: Seviper|15/290\n|move|p2a: Seviper|Sludge Wave|p1a: Dusknoir\n|-resisted|p1a: Dusknoir\n|-damage|p1a: Dusknoir|0 fnt\n|faint|p1a: Dusknoir\n|-damage|p2a: Seviper|0 fnt|[from] item: Life Orb\n|faint|p2a: Seviper\n|\n|upkeep\n|\n|t:|1769839575\n|switch|p2a: Braviary|Braviary, L83, M|302/302\n|switch|p1a: Druddigon|Druddigon, L86, M|273/273\n|-damage|p1a: Druddigon|239/273|[from] Stealth Rock\n|turn|14\n|\n|t:|1769839585\n|move|p2a: Braviary|U-turn|p1a: Druddigon\n|-damage|p1a: Druddigon|181/273\n|\n|t:|1769839602\n|switch|p2a: Feraligatr|Feraligatr, L79, F|264/264|[from] U-turn\n|move|p1a: Druddigon|Glare|p2a: Feraligatr\n|-status|p2a: Feraligatr|par\n|\n|upkeep\n|turn|15\n|\n|t:|1769839610\n|move|p1a: Druddigon|Outrage|p2a: Feraligatr\n|-damage|p2a: Feraligatr|61/264 par\n|-damage|p1a: Druddigon|154/273|[from] item: Life Orb\n|move|p2a: Feraligatr|Ice Punch|p1a: Druddigon\n|-supereffective|p1a: Druddigon\n|-damage|p1a: Druddigon|1/273\n|\n|upkeep\n|turn|16\n|\n|t:|1769839618\n|move|p1a: Druddigon|Outrage|p2a: Feraligatr|[from] lockedmove\n|-damage|p2a: Feraligatr|0 fnt\n|faint|p2a: Feraligatr\n|-damage|p1a: Druddigon|0 fnt|[from] item: Life Orb\n|faint|p1a: Druddigon\n|\n|upkeep\n|\n|t:|1769839629\n|switch|p2a: Braviary|Braviary, L83, M|302/302\n|switch|p1a: Slowbro|Slowbro, L83, M|293/293\n|-damage|p1a: Slowbro|257/293|[from] Stealth Rock\n|turn|17\n|\n|t:|1769839636\n|move|p2a: Braviary|U-turn|p1a: Slowbro\n|-supereffective|p1a: Slowbro\n|-damage|p1a: Slowbro|153/293\n|\n|t:|1769839641\n|switch|p2a: Parasect|Parasect, L99, M|279/279|[from] U-turn\n|move|p1a: Slowbro|Scald|p2a: Parasect\n|-immune|p2a: Parasect|[from] ability: Dry Skin\n|\n|upkeep\n|turn|18\n|\n|t:|1769839650\n|switch|p1a: Shaymin|Shaymin, L84|241/305\n|-damage|p1a: Shaymin|203/305|[from] Stealth Rock\n|move|p2a: Parasect|Leech Life|p1a: Shaymin\n|-supereffective|p1a: Shaymin\n|-damage|p1a: Shaymin|5/305\n|\n|upkeep\n|turn|19\n|\n|t:|1769839666\n|switch|p2a: Plusle|Plusle, L95, M|268/268\n|move|p1a: Shaymin|Air Slash|p2a: Plusle\n|-resisted|p2a: Plusle\n|-damage|p2a: Plusle|236/268\n|-damage|p1a: Shaymin|0 fnt|[from] item: Life Orb\n|faint|p1a: Shaymin\n|\n|upkeep\n|\n|t:|1769839668\n|switch|p1a: Marshadow|Marshadow, L69|239/239\n|-damage|p1a: Marshadow|225/239|[from] Stealth Rock\n|turn|20\n|\n|t:|1769839678\n|move|p2a: Plusle|Thunderbolt|p1a: Marshadow\n|-damage|p1a: Marshadow|42/239\n|-status|p1a: Marshadow|par\n|-damage|p2a: Plusle|210/268|[from] item: Life Orb\n|-zpower|p1a: Marshadow\n|move|p1a: Marshadow|Soul-Stealing 7-Star Strike|p2a: Plusle|[zeffect]\n|-crit|p2a: Plusle\n|-damage|p2a: Plusle|0 fnt\n|faint|p2a: Plusle\n|\n|upkeep\n|\n|t:|1769839693\n|switch|p2a: Braviary|Braviary, L83, M|302/302\n|turn|21\n|\n|t:|1769839699\n|move|p2a: Braviary|U-turn|p1a: Marshadow\n|-resisted|p1a: Marshadow\n|-damage|p1a: Marshadow|22/239 par\n|\n|t:|1769839702\n|switch|p2a: Parasect|Parasect, L99, M|279/279|[from] U-turn\n|move|p1a: Marshadow|Close Combat|p2a: Parasect\n|-resisted|p2a: Parasect\n|-damage|p2a: Parasect|229/279\n|-unboost|p1a: Marshadow|def|1\n|-unboost|p1a: Marshadow|spd|1\n|\n|-heal|p2a: Parasect|246/279|[from] item: Leftovers\n|upkeep\n|turn|22\n|\n|t:|1769839709\n|move|p1a: Marshadow|Shadow Sneak|p2a: Parasect\n|-damage|p2a: Parasect|195/279\n|move|p2a: Parasect|Seed Bomb|p1a: Marshadow\n|-damage|p1a: Marshadow|0 fnt\n|faint|p1a: Marshadow\n|\n|-heal|p2a: Parasect|212/279|[from] item: Leftovers\n|upkeep\n|\n|t:|1769839711\n|switch|p1a: Slowbro|Slowbro, L83, M|250/293\n|-damage|p1a: Slowbro|214/293|[from] Stealth Rock\n|turn|23\n|\n|t:|1769839715\n|detailschange|p1a: Slowbro|Slowbro-Mega, L83, M\n|-mega|p1a: Slowbro|Slowbro|Slowbronite\n|move|p2a: Parasect|Spore|p1a: Slowbro\n|-status|p1a: Slowbro|slp|[from] move: Spore\n|cant|p1a: Slowbro|slp\n|\n|-heal|p2a: Parasect|229/279|[from] item: Leftovers\n|upkeep\n|turn|24\n|\n|t:|1769839719\n|move|p2a: Parasect|Leech Life|p1a: Slowbro\n|-supereffective|p1a: Slowbro\n|-damage|p1a: Slowbro|86/293 slp\n|-heal|p2a: Parasect|279/279|[from] drain|[of] p1a: Slowbro\n|cant|p1a: Slowbro|slp\n|\n|upkeep\n|turn|25\n|\n|t:|1769839724\n|move|p2a: Parasect|Seed Bomb|p1a: Slowbro\n|-supereffective|p1a: Slowbro\n|-damage|p1a: Slowbro|0 fnt\n|faint|p1a: Slowbro\n|detailschange|p1: Slowbro|Slowbro, L83, M|[silent]\n|\n|win|bin2409\n|raw|beckywiththebraids's rating: 1834 &rarr; <strong>1823</strong><br />(-11 for losing)\n|raw|bin2409's rating: 1996 &rarr; <strong>2007</strong><br />(+11 for winning)\n|l|☆beckywiththebraids\n|player|p1|\n|l|☆bin2409\n|player|p2|\n|j|☆bin2409\n|player|p2|bin2409|maid|\n", "inputlog": ">version b99ff0165a6231f17e8b78c2a78d1998375de664\n>start {\"formatid\":\"gen7randombattle\",\"seed\":\"sodium,c2ee4af9a3d027fe58bab59d64178a29\",\"rated\":\"Rated battle\"}\n>player p1 {\"name\":\"beckywiththebraids\",\"avatar\":\"1\",\"rating\":1834,\"seed\":\"sodium,9de1664abf3c26fae5ef2d7a719a786e\"}\n>player p2 {\"name\":\"bin2409\",\"avatar\":\"maid\",\"rating\":1996,\"seed\":\"sodium,3d830bb798daeed0a1aeb62c02a96ce0\"}\n>p1 switch 3\n>p2 move liquidation\n>p1 move earthpower\n>p2 switch 6\n>p1 switch 4\n>p2 move uturn\n>p2 switch 5\n>p1 switch 6\n>p2 move stealthrock\n>p1 move bugbuzz\n>p2 move protect\n>p1 move bugbuzz\n>p2 move toxic\n>p1 move bugbuzz\n>p2 move protect\n>p1 move bugbuzz\n>p2 move protect\n>p1 move bugbuzz\n>p2 move protect\n>p1 move bugbuzz\n>p2 move protect\n>p1 move bugbuzz\n>p2 move earthquake\n>p1 switch 6\n>p2 switch 3\n>p1 move earthquake\n>p2 move knockoff\n>p1 move shadowsneak\n>p2 move sludgewave\n>p1 switch 2\n>p2 switch 5\n>p1 move glare\n>p2 move uturn\n>p2 switch 6\n>p1 move outrage\n>p2 move icepunch\n>p1 move outrage\n>p2 move icepunch\n>p1 switch 5\n>p2 switch 6\n>p1 move scald\n>p2 move uturn\n>p2 switch 4\n>p1 switch 4\n>p2 move leechlife\n>p1 move airslash\n>p2 switch 2\n>p1 switch 3\n>p1 move spectralthief zmove\n>p2 move thunderbolt\n>p2 switch 4\n>p1 move closecombat\n>p2 move uturn\n>p2 switch 2\n>p1 move shadowsneak\n>p2 move seedbomb\n>p1 switch 4\n>p1 move slackoff mega\n>p2 move spore\n>p1 move slackoff\n>p2 move leechlife\n>p1 move slackoff\n>p2 move seedbomb", "uploadtime": 1769839773, "views": 174, "formatid": "gen7randombattle", "rating": 1823, "private": 0, "password": null}