{"id": "gen7randombattle-2532890142", "format": "[Gen 7] Random Battle", "players": ["2Stops", "NTsweeper007"], "log": "|j|☆2Stops\n|j|☆NTsweeper007\n|t:|1770233890\n|gametype|singles\n|player|p1|2Stops|bugcatcher-gen4dp|1565\n|player|p2|NTsweeper007|hilbert-wonderlauncher|1750\n|gen|7\n|tier|[Gen 7] Random Battle\n|rated|\n|rule|Sleep Clause Mod: Limit one foe put to sleep\n|rule|HP Percentage Mod: HP is shown in percentages\n|rule|Illusion Level Mod: Illusion disguises the Pokémon's true level\n|\n|t:|1770233890\n|teamsize|p1|6\n|teamsize|p2|6\n|start\n|switch|p1a: Dragalge|Dragalge, L87, M|255/255\n|switch|p2a: Whimsicott|Whimsicott, L87, F|246/246\n|turn|1\n|inactive|Battle timer is ON: inactive players will automatically lose when time's up. (requested by 2Stops)\n|\n|t:|1770233901\n|switch|p2a: Groudon|Groudon, L65|238/238\n|detailschange|p2a: Groudon|Groudon-Primal, L65\n|-primal|p2a: Groudon|Red Orb\n|-weather|DesolateLand|[from] ability: Desolate Land|[of] p2a: Groudon\n|move|p1a: Dragalge|Sludge Wave|p2a: Groudon\n|-resisted|p2a: Groudon\n|-damage|p2a: Groudon|150/238\n|-status|p2a: Groudon|psn\n|\n|-weather|DesolateLand|[upkeep]\n|-damage|p2a: Groudon|121/238 psn|[from] psn\n|upkeep\n|turn|2\n|inactive|2Stops has 120 seconds left.\n|\n|t:|1770233946\n|switch|p1a: Regirock|Regirock, L87|281/281\n|move|p2a: Groudon|Stealth Rock|p1a: Regirock\n|-sidestart|p1: 2Stops|move: Stealth Rock\n|\n|-weather|DesolateLand|[upkeep]\n|-damage|p2a: Groudon|92/238 psn|[from] psn\n|upkeep\n|turn|3\n|\n|t:|1770233956\n|move|p1a: Regirock|Drain Punch|p2a: Groudon\n|-damage|p2a: Groudon|47/238 psn\n|move|p2a: Groudon|Dragon Tail|p1a: Regirock\n|-damage|p1a: Regirock|260/281\n|drag|p1a: Huntail|Huntail, L85, M|232/232\n|-damage|p1a: Huntail|203/232|[from] Stealth Rock\n|\n|-weather|DesolateLand|[upkeep]\n|-damage|p2a: Groudon|18/238 psn|[from] psn\n|upkeep\n|turn|4\n|inactive|2Stops has 120 seconds left.\n|\n|t:|1770233966\n|move|p1a: Huntail|Waterfall||[still]\n|-fail|p1a: Huntail|Waterfall|[from] Desolate Land\n|move|p2a: Groudon|Dragon Tail|p1a: Huntail\n|-damage|p1a: Huntail|164/232\n|drag|p1a: Watchog|Watchog, L96, M|271/271\n|-damage|p1a: Watchog|238/271|[from] Stealth Rock\n|\n|-weather|DesolateLand|[upkeep]\n|-heal|p1a: Watchog|254/271|[from] item: Leftovers\n|-damage|p2a: Groudon|0 fnt|[from] psn\n|faint|p2a: Groudon\n|-weather|none\n|detailschange|p2: Groudon|Groudon, L65|[silent]\n|upkeep\n|\n|t:|1770233971\n|switch|p2a: Whimsicott|Whimsicott, L87, F|246/246\n|turn|5\n|\n|t:|1770233980\n|move|p2a: Whimsicott|Moonblast|p1a: Watchog\n|-damage|p1a: Watchog|158/271\n|move|p1a: Watchog|Hypnosis|p2a: Whimsicott\n|-status|p2a: Whimsicott|slp|[from] move: Hypnosis\n|\n|-heal|p1a: Watchog|174/271|[from] item: Leftovers\n|upkeep\n|turn|6\n|\n|t:|1770233990\n|switch|p2a: Pyukumuku|Pyukumuku, L92, M|251/251\n|switch|p1a: Steelix|Steelix, L80, M|251/251\n|-damage|p1a: Steelix|244/251|[from] Stealth Rock\n|\n|upkeep\n|turn|7\n|\n|t:|1770234000\n|switch|p2a: Mothim|Mothim, L93, M|281/281\n|move|p1a: Steelix|Stealth Rock|p2a: Mothim\n|-sidestart|p2: NTsweeper007|move: Stealth Rock\n|\n|upkeep\n|turn|8\n|\n|t:|1770234004\n|detailschange|p1a: Steelix|Steelix-Mega, L80, M\n|-mega|p1a: Steelix|Steelix|Steelixite\n|move|p2a: Mothim|Quiver Dance|p2a: Mothim\n|-boost|p2a: Mothim|spa|1\n|-boost|p2a: Mothim|spd|1\n|-boost|p2a: Mothim|spe|1\n|move|p1a: Steelix|Heavy Slam|p2a: Mothim\n|-damage|p2a: Mothim|82/281\n|\n|upkeep\n|turn|9\n|\n|t:|1770234019\n|-zpower|p2a: Mothim\n|move|p2a: Mothim|Savage Spin-Out|p1a: Steelix|[zeffect]\n|-resisted|p1a: Steelix\n|-damage|p1a: Steelix|0 fnt\n|faint|p1a: Steelix\n|detailschange|p1: Steelix|Steelix, L80, M|[silent]\n|\n|upkeep\n|\n|t:|1770234033\n|switch|p1a: Dragalge|Dragalge, L87, M|255/255\n|-damage|p1a: Dragalge|224/255|[from] Stealth Rock\n|turn|10\n|\n|t:|1770234040\n|move|p2a: Mothim|Air Slash|p1a: Dragalge\n|-damage|p1a: Dragalge|152/255\n|move|p1a: Dragalge|Sludge Wave|p2a: Mothim\n|-damage|p2a: Mothim|0 fnt\n|faint|p2a: Mothim\n|\n|upkeep\n|\n|t:|1770234044\n|switch|p2a: Gothitelle|Gothitelle, L91, M|275/275\n|-damage|p2a: Gothitelle|241/275|[from] Stealth Rock\n|turn|11\n|\n|t:|1770234054\n|move|p2a: Gothitelle|Calm Mind|p2a: Gothitelle\n|-boost|p2a: Gothitelle|spa|1\n|-boost|p2a: Gothitelle|spd|1\n|move|p1a: Dragalge|Draco Meteor|p2a: Gothitelle\n|-damage|p2a: Gothitelle|133/275\n|-unboost|p1a: Dragalge|spa|2\n|\n|-heal|p2a: Gothitelle|150/275|[from] item: Leftovers\n|upkeep\n|turn|12\n|\n|t:|1770234062\n|move|p2a: Gothitelle|Psychic|p1a: Dragalge\n|-supereffective|p1a: Dragalge\n|-damage|p1a: Dragalge|0 fnt\n|faint|p1a: Dragalge\n|\n|-heal|p2a: Gothitelle|167/275|[from] item: Leftovers\n|upkeep\n|\n|t:|1770234068\n|switch|p1a: Watchog|Watchog, L96, M|174/271\n|-damage|p1a: Watchog|141/271|[from] Stealth Rock\n|turn|13\n|\n|t:|1770234070\n|move|p1a: Watchog|Knock Off|p2a: Gothitelle\n|-supereffective|p2a: Gothitelle\n|-damage|p2a: Gothitelle|21/275\n|-enditem|p2a: Gothitelle|Leftovers|[from] move: Knock Off|[of] p1a: Watchog\n|move|p2a: Gothitelle|Psychic|p1a: Watchog\n|-damage|p1a: Watchog|0 fnt\n|faint|p1a: Watchog\n|\n|upkeep\n|\n|t:|1770234079\n|switch|p1a: Arceus|Arceus-Fighting, L72|292/292\n|-damage|p1a: Arceus|274/292|[from] Stealth Rock\n|turn|14\n|\n|t:|1770234084\n|move|p1a: Arceus|Ice Beam|p2a: Gothitelle\n|-damage|p2a: Gothitelle|0 fnt\n|faint|p2a: Gothitelle\n|\n|upkeep\n|\n|t:|1770234086\n|switch|p2a: Xerneas|Xerneas, L65|272/272\n|-damage|p2a: Xerneas|238/272|[from] Stealth Rock\n|-ability|p2a: Xerneas|Fairy Aura\n|turn|15\n|\n|t:|1770234097\n|move|p1a: Arceus|Calm Mind|p1a: Arceus\n|-boost|p1a: Arceus|spa|1\n|-boost|p1a: Arceus|spd|1\n|move|p2a: Xerneas|Geomancy||[still]\n|-prepare|p2a: Xerneas|Geomancy\n|-enditem|p2a: Xerneas|Power Herb\n|-anim|p2a: Xerneas|Geomancy|p2a: Xerneas\n|-boost|p2a: Xerneas|spa|2\n|-boost|p2a: Xerneas|spd|2\n|-boost|p2a: Xerneas|spe|2\n|\n|upkeep\n|turn|16\n|\n|t:|1770234104\n|move|p2a: Xerneas|Geomancy||[still]\n|-prepare|p2a: Xerneas|Geomancy\n|move|p1a: Arceus|Calm Mind|p1a: Arceus\n|-boost|p1a: Arceus|spa|1\n|-boost|p1a: Arceus|spd|1\n|\n|upkeep\n|turn|17\n|\n|t:|1770234107\n|move|p2a: Xerneas|Geomancy|p2a: Xerneas|[from] lockedmove\n|-boost|p2a: Xerneas|spa|2\n|-boost|p2a: Xerneas|spd|2\n|-boost|p2a: Xerneas|spe|2\n|move|p1a: Arceus|Calm Mind|p1a: Arceus\n|-boost|p1a: Arceus|spa|1\n|-boost|p1a: Arceus|spd|1\n|\n|upkeep\n|turn|18\n|\n|t:|1770234116\n|move|p2a: Xerneas|Psyshock|p1a: Arceus\n|-supereffective|p1a: Arceus\n|-damage|p1a: Arceus|34/292\n|move|p1a: Arceus|Calm Mind|p1a: Arceus\n|-boost|p1a: Arceus|spa|1\n|-boost|p1a: Arceus|spd|1\n|\n|upkeep\n|turn|19\n|inactive|2Stops has 120 seconds left.\n|inactive|2Stops has 90 seconds left.\n|inactive|2Stops has 60 seconds left.\n|inactive|2Stops has 30 seconds left.\n|inactive|2Stops has 20 seconds left.\n|inactive|2Stops has 15 seconds left.\n|inactive|2Stops has 10 seconds left.\n|inactive|2Stops has 5 seconds left.\n|-message|2Stops lost due to inactivity.\n|\n|win|NTsweeper007\n|raw|2Stops's rating: 1565 &rarr; <strong>1555</strong><br />(-10 for losing)\n|raw|NTsweeper007's rating: 1750 &rarr; <strong>1760</strong><br />(+10 for winning)\n", "inputlog": ">version ccdc32dd7cde25fd9e4bed64820e885f66e78a4e\n>start {\"formatid\":\"gen7randombattle\",\"seed\":\"sodium,dacc7a33c0b6ec94b20f46c88cd784da\",\"rated\":\"Rated battle\"}\n>player p1 {\"name\":\"2Stops\",\"avatar\":\"bugcatcher-gen4dp\",\"rating\":1565,\"seed\":\"sodium,31cfdbbd37ec060f11aebb83b9262082\"}\n>player p2 {\"name\":\"NTsweeper007\",\"avatar\":\"hilbert-wonderlauncher\",\"rating\":1750,\"seed\":\"sodium,c0886d38f14a73b9652b158ccab61288\"}\n>p1 move sludgewave\n>p2 switch 5\n>p1 switch 3\n>p2 move stealthrock\n>p1 move drainpunch\n>p2 move dragontail\n>p1 move waterfall\n>p2 move dragontail\n>p2 switch 5\n>p1 move hypnosis\n>p2 move moonblast\n>p1 switch 6\n>p2 switch 2\n>p1 move stealthrock\n>p2 switch 6\n>p1 move heavyslam mega\n>p2 move quiverdance\n>p1 move heavyslam\n>p2 move bugbuzz zmove\n>p1 switch 3\n>p1 move sludgewave\n>p2 move airslash\n>p2 switch 3\n>p1 move dracometeor\n>p2 move calmmind\n>p1 move dragontail\n>p2 move psychic\n>p1 switch 6\n>p1 move knockoff\n>p2 move psychic\n>p1 switch 2\n>p1 move icebeam\n>p2 move psychic\n>p2 switch 4\n>p1 move calmmind\n>p2 move geomancy\n>p1 move calmmind\n>p2 move geomancy\n>p1 move calmmind\n>p2 move geomancy\n>p1 move calmmind\n>p2 move psyshock\n>forcelose p1", "uploadtime": 1770234267, "views": 129, "formatid": "gen7randombattle", "rating": 1555, "private": 0, "password": null}