{"id": "gen7randombattle-2525142881", "format": "[Gen 7] Random Battle", "players": ["MimikyuTrainerAsh", "Defeat Brawler"], "log": "|j|☆MimikyuTrainerAsh\n|j|☆Defeat Brawler\n|t:|1769235457\n|gametype|singles\n|player|p1|MimikyuTrainerAsh|pokekid|1580\n|player|p2|Defeat Brawler|palmer|1658\n|gen|7\n|tier|[Gen 7] Random Battle\n|rated|\n|rule|Sleep Clause Mod: Limit one foe put to sleep\n|rule|HP Percentage Mod: HP is shown in percentages\n|rule|Illusion Level Mod: Illusion disguises the Pokémon's true level\n|\n|t:|1769235457\n|teamsize|p1|6\n|teamsize|p2|6\n|start\n|switch|p1a: Heatran|Heatran, L80, F|277/277\n|switch|p2a: Luxray|Luxray, L88, F|284/284\n|-item|p1a: Heatran|Air Balloon\n|turn|1\n|inactive|Battle timer is ON: inactive players will automatically lose when time's up. (requested by MimikyuTrainerAsh)\n|inactive|Defeat Brawler also wants the timer to be on.\n|\n|t:|1769235476\n|switch|p2a: Simipour|Simipour, L88, F|275/275\n|move|p1a: Heatran|Stealth Rock|p2a: Simipour\n|-sidestart|p2: Defeat Brawler|move: Stealth Rock\n|\n|upkeep\n|turn|2\n|\n|t:|1769235483\n|switch|p1a: Persian|Persian, L93, F|272/272\n|move|p2a: Simipour|Nasty Plot|p2a: Simipour\n|-boost|p2a: Simipour|spa|2\n|\n|upkeep\n|turn|3\n|\n|t:|1769235490\n|move|p1a: Persian|Fake Out|p2a: Simipour\n|-damage|p2a: Simipour|184/275\n|cant|p2a: Simipour|flinch\n|\n|upkeep\n|turn|4\n|\n|t:|1769235498\n|switch|p2a: Jirachi|Jirachi, L76|277/277\n|-damage|p2a: Jirachi|260/277|[from] Stealth Rock\n|move|p1a: Persian|Return|p2a: Jirachi\n|-resisted|p2a: Jirachi\n|-damage|p2a: Jirachi|197/277\n|\n|upkeep\n|turn|5\n|\n|t:|1769235514\n|move|p1a: Persian|Knock Off|p2a: Jirachi\n|-supereffective|p2a: Jirachi\n|-damage|p2a: Jirachi|101/277\n|-zpower|p2a: Jirachi\n|move|p2a: Jirachi|Z-Happy Hour|p2a: Jirachi|[anim]Happy Hour\n|-boost|p2a: Jirachi|atk|1|[zeffect]\n|-boost|p2a: Jirachi|def|1|[zeffect]\n|-boost|p2a: Jirachi|spa|1|[zeffect]\n|-boost|p2a: Jirachi|spd|1|[zeffect]\n|-boost|p2a: Jirachi|spe|1|[zeffect]\n|\n|upkeep\n|turn|6\n|\n|t:|1769235525\n|switch|p1a: Vivillon|Vivillon-Tundra, L85, F|275/275\n|move|p2a: Jirachi|Drain Punch|p1a: Vivillon\n|-resisted|p1a: Vivillon\n|-damage|p1a: Vivillon|251/275\n|-heal|p2a: Jirachi|113/277|[from] drain|[of] p1a: Vivillon\n|\n|-heal|p1a: Vivillon|268/275|[from] item: Leftovers\n|upkeep\n|turn|7\n|\n|t:|1769235532\n|move|p2a: Jirachi|Iron Head|p1a: Vivillon\n|-damage|p1a: Vivillon|106/275\n|cant|p1a: Vivillon|flinch\n|\n|-heal|p1a: Vivillon|123/275|[from] item: Leftovers\n|upkeep\n|turn|8\n|\n|t:|1769235535\n|move|p2a: Jirachi|Iron Head|p1a: Vivillon\n|-damage|p1a: Vivillon|0 fnt\n|faint|p1a: Vivillon\n|\n|upkeep\n|\n|t:|1769235538\n|switch|p1a: Heatran|Heatran, L80, F|277/277\n|-item|p1a: Heatran|Air Balloon\n|turn|9\n|\n|t:|1769235541\n|move|p2a: Jirachi|Drain Punch|p1a: Heatran\n|-supereffective|p1a: Heatran\n|-damage|p1a: Heatran|161/277\n|-heal|p2a: Jirachi|171/277|[from] drain|[of] p1a: Heatran\n|-enditem|p1a: Heatran|Air Balloon\n|move|p1a: Heatran|Magma Storm|p2a: Jirachi\n|-supereffective|p2a: Jirachi\n|-damage|p2a: Jirachi|0 fnt\n|faint|p2a: Jirachi\n|\n|upkeep\n|\n|t:|1769235559\n|switch|p2a: Simipour|Simipour, L88, F|184/275\n|-damage|p2a: Simipour|150/275|[from] Stealth Rock\n|turn|10\n|\n|t:|1769235564\n|switch|p1a: Feraligatr|Feraligatr, L79, F|264/264\n|move|p2a: Simipour|Hydro Pump|p1a: Feraligatr\n|-resisted|p1a: Feraligatr\n|-damage|p1a: Feraligatr|174/264\n|-damage|p2a: Simipour|123/275|[from] item: Life Orb\n|\n|upkeep\n|turn|11\n|\n|t:|1769235568\n|move|p2a: Simipour|Grass Knot|p1a: Feraligatr\n|-supereffective|p1a: Feraligatr\n|-damage|p1a: Feraligatr|0 fnt\n|faint|p1a: Feraligatr\n|-damage|p2a: Simipour|96/275|[from] item: Life Orb\n|\n|upkeep\n|\n|t:|1769235571\n|switch|p1a: Persian|Persian, L93, F|272/272\n|turn|12\n|\n|t:|1769235574\n|move|p1a: Persian|Return|p2a: Simipour\n|-damage|p2a: Simipour|0 fnt\n|faint|p2a: Simipour\n|\n|upkeep\n|\n|t:|1769235579\n|switch|p2a: Spinda|Spinda, L99, M|279/279\n|-damage|p2a: Spinda|245/279|[from] Stealth Rock\n|turn|13\n|\n|t:|1769235583\n|move|p1a: Persian|U-turn|p2a: Spinda\n|-damage|p2a: Spinda|192/279\n|\n|t:|1769235584\n|switch|p1a: Gourgeist|Gourgeist, L91, F|266/266|[from] U-turn\n|-item|p2a: Spinda|Leftovers|[from] ability: Frisk|[of] p1a: Gourgeist\n|move|p2a: Spinda|Superpower|p1a: Gourgeist\n|-immune|p1a: Gourgeist\n|\n|-heal|p2a: Spinda|209/279|[from] item: Leftovers\n|upkeep\n|turn|14\n|\n|t:|1769235596\n|switch|p2a: Lurantis|Lurantis, L90, F|272/272\n|-damage|p2a: Lurantis|238/272|[from] Stealth Rock\n|move|p1a: Gourgeist|Will-O-Wisp|p2a: Lurantis|[miss]\n|-miss|p1a: Gourgeist|p2a: Lurantis\n|\n|-heal|p2a: Lurantis|255/272|[from] item: Leftovers\n|upkeep\n|turn|15\n|\n|t:|1769235604\n|switch|p1a: Heatran|Heatran, L80, F|161/277\n|switch|p2a: Luxray|Luxray, L88, F|284/284\n|-damage|p2a: Luxray|249/284|[from] Stealth Rock\n|\n|-status|p2a: Luxray|brn|[from] item: Flame Orb\n|upkeep\n|turn|16\n|\n|t:|1769235610\n|switch|p1a: Maractus|Maractus, M|312/312\n|move|p2a: Luxray|Wild Charge|p1a: Maractus\n|-resisted|p1a: Maractus\n|-damage|p1a: Maractus|209/312\n|-damage|p2a: Luxray|223/284 brn|[from] Recoil\n|\n|-heal|p1a: Maractus|228/312|[from] item: Leftovers\n|-damage|p2a: Luxray|206/284 brn|[from] brn\n|upkeep\n|turn|17\n|\n|t:|1769235618\n|switch|p2a: Lurantis|Lurantis, L90, F|255/272\n|-damage|p2a: Lurantis|221/272|[from] Stealth Rock\n|move|p1a: Maractus|Giga Drain|p2a: Lurantis\n|-resisted|p2a: Lurantis\n|-damage|p2a: Lurantis|161/272\n|-heal|p1a: Maractus|258/312|[from] drain|[of] p2a: Lurantis\n|\n|-heal|p1a: Maractus|277/312|[from] item: Leftovers\n|-heal|p2a: Lurantis|178/272|[from] item: Leftovers\n|upkeep\n|turn|18\n|\n|t:|1769235624\n|move|p1a: Maractus|Spiky Shield|p1a: Maractus\n|-singleturn|p1a: Maractus|move: Protect\n|move|p2a: Lurantis|Knock Off|p1a: Maractus\n|-activate|p1a: Maractus|move: Protect\n|-damage|p2a: Lurantis|144/272|[from] Spiky Shield|[of] p1a: Maractus\n|\n|-heal|p1a: Maractus|296/312|[from] item: Leftovers\n|-heal|p2a: Lurantis|161/272|[from] item: Leftovers\n|upkeep\n|turn|19\n|\n|t:|1769235631\n|move|p1a: Maractus|Hidden Power|p2a: Lurantis\n|-supereffective|p2a: Lurantis\n|-damage|p2a: Lurantis|45/272\n|move|p2a: Lurantis|Knock Off|p1a: Maractus\n|-damage|p1a: Maractus|203/312\n|-enditem|p1a: Maractus|Leftovers|[from] move: Knock Off|[of] p2a: Lurantis\n|\n|-heal|p2a: Lurantis|62/272|[from] item: Leftovers\n|upkeep\n|turn|20\n|\n|t:|1769235635\n|move|p1a: Maractus|Hidden Power|p2a: Lurantis\n|-supereffective|p2a: Lurantis\n|-damage|p2a: Lurantis|0 fnt\n|faint|p2a: Lurantis\n|\n|upkeep\n|\n|t:|1769235650\n|switch|p2a: Arceus|Arceus-Electric, L72|292/292\n|-damage|p2a: Arceus|256/292|[from] Stealth Rock\n|turn|21\n|\n|t:|1769235675\n|move|p2a: Arceus|Calm Mind|p2a: Arceus\n|-boost|p2a: Arceus|spa|1\n|-boost|p2a: Arceus|spd|1\n|move|p1a: Maractus|Leech Seed|p2a: Arceus\n|-start|p2a: Arceus|move: Leech Seed\n|\n|-damage|p2a: Arceus|220/292|[from] Leech Seed|[of] p1a: Maractus\n|-heal|p1a: Maractus|239/312|[silent]\n|upkeep\n|turn|22\n|\n|t:|1769235682\n|move|p2a: Arceus|Ice Beam|p1a: Maractus\n|-supereffective|p1a: Maractus\n|-damage|p1a: Maractus|73/312\n|move|p1a: Maractus|Giga Drain|p2a: Arceus\n|-damage|p2a: Arceus|144/292\n|-heal|p1a: Maractus|111/312|[from] drain|[of] p2a: Arceus\n|\n|-damage|p2a: Arceus|108/292|[from] Leech Seed|[of] p1a: Maractus\n|-heal|p1a: Maractus|147/312|[silent]\n|upkeep\n|turn|23\n|\n|t:|1769235687\n|switch|p1a: Persian|Persian, L93, F|272/272\n|move|p2a: Arceus|Recover|p2a: Arceus\n|-heal|p2a: Arceus|254/292\n|\n|-damage|p2a: Arceus|218/292|[from] Leech Seed|[of] p1a: Persian\n|upkeep\n|turn|24\n|\n|t:|1769235691\n|move|p1a: Persian|Fake Out|p2a: Arceus\n|-damage|p2a: Arceus|146/292\n|cant|p2a: Arceus|flinch\n|\n|-damage|p2a: Arceus|110/292|[from] Leech Seed|[of] p1a: Persian\n|upkeep\n|turn|25\n|\n|t:|1769235693\n|move|p1a: Persian|Return|p2a: Arceus\n|-damage|p2a: Arceus|1/292\n|move|p2a: Arceus|Judgment|p1a: Persian\n|-damage|p1a: Persian|101/272\n|\n|-damage|p2a: Arceus|0 fnt|[from] Leech Seed|[of] p1a: Persian\n|-heal|p1a: Persian|102/272|[silent]\n|faint|p2a: Arceus\n|upkeep\n|\n|t:|1769235698\n|switch|p2a: Spinda|Spinda, L99, M|209/279\n|-damage|p2a: Spinda|175/279|[from] Stealth Rock\n|turn|26\n|\n|t:|1769235701\n|move|p1a: Persian|U-turn|p2a: Spinda\n|-damage|p2a: Spinda|124/279\n|\n|t:|1769235705\n|switch|p1a: Heatran|Heatran, L80, F|161/277|[from] U-turn\n|move|p2a: Spinda|Thief|p1a: Heatran\n|-damage|p1a: Heatran|125/277\n|\n|-heal|p2a: Spinda|141/279|[from] item: Leftovers\n|upkeep\n|turn|27\n|\n|t:|1769235710\n|move|p2a: Spinda|Thief|p1a: Heatran\n|-damage|p1a: Heatran|87/277\n|move|p1a: Heatran|Magma Storm|p2a: Spinda|[miss]\n|-miss|p1a: Heatran|p2a: Spinda\n|\n|-heal|p2a: Spinda|158/279|[from] item: Leftovers\n|upkeep\n|turn|28\n|\n|t:|1769235714\n|switch|p1a: Gourgeist|Gourgeist, L91, F|266/266\n|-item|p2a: Spinda|Leftovers|[from] ability: Frisk|[of] p1a: Gourgeist\n|move|p2a: Spinda|Superpower|p1a: Gourgeist\n|-immune|p1a: Gourgeist\n|\n|-heal|p2a: Spinda|175/279|[from] item: Leftovers\n|upkeep\n|turn|29\n|\n|t:|1769235717\n|move|p1a: Gourgeist|Seed Bomb|p2a: Spinda\n|-damage|p2a: Spinda|64/279\n|move|p2a: Spinda|Thief|p1a: Gourgeist\n|-supereffective|p1a: Gourgeist\n|-damage|p1a: Gourgeist|202/266\n|\n|-heal|p1a: Gourgeist|218/266|[from] item: Leftovers\n|-heal|p2a: Spinda|81/279|[from] item: Leftovers\n|upkeep\n|turn|30\n|\n|t:|1769235723\n|move|p2a: Spinda|Sucker Punch|p1a: Gourgeist\n|-supereffective|p1a: Gourgeist\n|-damage|p1a: Gourgeist|152/266\n|move|p1a: Gourgeist|Seed Bomb|p2a: Spinda\n|-damage|p2a: Spinda|0 fnt\n|faint|p2a: Spinda\n|\n|-heal|p1a: Gourgeist|168/266|[from] item: Leftovers\n|upkeep\n|\n|t:|1769235726\n|switch|p2a: Luxray|Luxray, L88, F|206/284 brn\n|-damage|p2a: Luxray|171/284 brn|[from] Stealth Rock\n|turn|31\n|\n|t:|1769235732\n|move|p1a: Gourgeist|Seed Bomb|p2a: Luxray\n|-damage|p2a: Luxray|71/284 brn\n|move|p2a: Luxray|Crunch|p1a: Gourgeist\n|-supereffective|p1a: Gourgeist\n|-damage|p1a: Gourgeist|10/266\n|\n|-heal|p1a: Gourgeist|26/266|[from] item: Leftovers\n|-damage|p2a: Luxray|54/284 brn|[from] brn\n|upkeep\n|turn|32\n|c|☆MimikyuTrainerAsh|womp womp\n|c|☆MimikyuTrainerAsh|all that saving for this\n|\n|t:|1769235745\n|move|p1a: Gourgeist|Seed Bomb|p2a: Luxray\n|-damage|p2a: Luxray|0 fnt\n|faint|p2a: Luxray\n|\n|win|MimikyuTrainerAsh\n|raw|MimikyuTrainerAsh's rating: 1580 &rarr; <strong>1604</strong><br />(+24 for winning)\n|raw|Defeat Brawler's rating: 1658 &rarr; <strong>1634</strong><br />(-24 for losing)\n", "inputlog": ">version dd3d52b8382d73d1dd2c67730c4067df325ab790\n>start {\"formatid\":\"gen7randombattle\",\"seed\":\"sodium,aa42635b3cdff3b170c8bdbd82a2a666\",\"rated\":\"Rated battle\"}\n>player p1 {\"name\":\"MimikyuTrainerAsh\",\"avatar\":\"pokekid\",\"rating\":1580,\"seed\":\"sodium,7c09c0896a864cc441de966563502da9\"}\n>player p2 {\"name\":\"Defeat Brawler\",\"avatar\":\"palmer\",\"rating\":1658,\"seed\":\"sodium,35014424cdb10b9b812b78340b4c1906\"}\n>p1 move stealthrock\n>p2 switch 4\n>p1 switch 2\n>p2 move nastyplot\n>p1 move fakeout\n>p2 move hydropump\n>p1 move return\n>p2 switch 5\n>p1 move knockoff\n>p2 move happyhour zmove\n>p1 switch 6\n>p2 move drainpunch\n>p1 move quiverdance\n>p2 move ironhead\n>p1 move sleeppowder\n>p2 move ironhead\n>p1 switch 2\n>p1 move magmastorm\n>p2 move drainpunch\n>p2 switch 5\n>p1 switch 5\n>p2 move hydropump\n>p1 move dragondance\n>p2 move grassknot\n>p1 switch 6\n>p1 move return\n>p2 move hydropump\n>p2 switch 6\n>p1 move uturn\n>p2 move superpower\n>p1 switch 4\n>p1 move willowisp\n>p2 switch 3\n>p1 switch 5\n>p2 switch 4\n>p1 switch 3\n>p2 move wildcharge\n>p1 move gigadrain\n>p2 switch 4\n>p1 move spikyshield\n>p2 move knockoff\n>p1 move hiddenpower\n>p2 move knockoff\n>p1 move hiddenpower\n>p2 move synthesis\n>p2 switch 2\n>p1 move leechseed\n>p2 move calmmind\n>p1 move gigadrain\n>p2 move icebeam\n>p1 switch 4\n>p2 move recover\n>p1 move fakeout\n>p2 move judgment\n>p1 move return\n>p2 move judgment\n>p2 switch 3\n>p1 move uturn\n>p2 move thief\n>p1 switch 3\n>p1 move magmastorm\n>p2 move thief\n>p1 switch 5\n>p2 move superpower\n>p1 move seedbomb\n>p2 move thief\n>p1 move seedbomb\n>p2 move suckerpunch\n>p2 switch 4\n>p1 move seedbomb\n>p2 move crunch\n>chat ☆MimikyuTrainerAsh|womp womp\n>chat ☆MimikyuTrainerAsh|all that saving for this\n>p1 move seedbomb\n>p2 move wildcharge", "uploadtime": 1769235746, "views": 187, "formatid": "gen7randombattle", "rating": 1604, "private": 0, "password": null}