{"id": "gen7randombattle-2523993181", "format": "[Gen 7] Random Battle", "players": ["blackbeardi", "Kurochan3"], "log": "|j|☆blackbeardi\n|j|☆Kurochan3\n|t:|1769098097\n|gametype|singles\n|player|p1|blackbeardi|170|1725\n|player|p2|Kurochan3|cynthia-gen4|1779\n|gen|7\n|tier|[Gen 7] Random Battle\n|rated|\n|rule|Sleep Clause Mod: Limit one foe put to sleep\n|rule|HP Percentage Mod: HP is shown in percentages\n|rule|Illusion Level Mod: Illusion disguises the Pokémon's true level\n|\n|t:|1769098097\n|teamsize|p1|6\n|teamsize|p2|6\n|start\n|switch|p1a: Tangrowth|Tangrowth, L89, F|323/323\n|switch|p2a: Celebi|Celebi, L82|298/298\n|turn|1\n|inactive|Battle timer is ON: inactive players will automatically lose when time's up. (requested by blackbeardi)\n|\n|t:|1769098114\n|move|p2a: Celebi|Psychic|p1a: Tangrowth\n|-damage|p1a: Tangrowth|205/323\n|-unboost|p1a: Tangrowth|spd|1\n|move|p1a: Tangrowth|Knock Off|p2a: Celebi\n|-supereffective|p2a: Celebi\n|-damage|p2a: Celebi|146/298\n|-enditem|p2a: Celebi|Leftovers|[from] move: Knock Off|[of] p1a: Tangrowth\n|\n|upkeep\n|turn|2\n|\n|t:|1769098126\n|switch|p1a: Lunala|Lunala, L72|316/316\n|move|p2a: Celebi|Recover|p2a: Celebi\n|-heal|p2a: Celebi|295/298\n|\n|upkeep\n|turn|3\n|\n|t:|1769098133\n|move|p2a: Celebi|Thunder Wave|p1a: Lunala\n|-status|p1a: Lunala|par\n|move|p1a: Lunala|Moonblast|p2a: Celebi\n|-damage|p2a: Celebi|233/298\n|\n|upkeep\n|turn|4\n|\n|t:|1769098146\n|switch|p2a: Steelix|Steelix, L80, F|251/251\n|move|p1a: Lunala|Moongeist Beam|p2a: Steelix\n|-damage|p2a: Steelix|116/251\n|\n|upkeep\n|turn|5\n|\n|t:|1769098153\n|detailschange|p2a: Steelix|Steelix-Mega, L80, F\n|-mega|p2a: Steelix|Steelix|Steelixite\n|move|p2a: Steelix|Stealth Rock|p1a: Lunala\n|-sidestart|p1: blackbeardi|move: Stealth Rock\n|cant|p1a: Lunala|par\n|\n|upkeep\n|turn|6\n|\n|t:|1769098161\n|switch|p2a: Persian|Persian, L93, M|272/272\n|move|p1a: Lunala|Moongeist Beam|p2a: Persian\n|-immune|p2a: Persian\n|\n|upkeep\n|turn|7\n|\n|t:|1769098180\n|move|p2a: Persian|Nasty Plot|p2a: Persian\n|-boost|p2a: Persian|spa|2\n|move|p1a: Lunala|Moonblast|p2a: Persian\n|-damage|p2a: Persian|194/272\n|\n|upkeep\n|turn|8\n|\n|t:|1769098187\n|move|p2a: Persian|Shadow Ball|p1a: Lunala\n|-supereffective|p1a: Lunala\n|-damage|p1a: Lunala|40/316 par\n|-damage|p2a: Persian|167/272|[from] item: Life Orb\n|move|p1a: Lunala|Moonblast|p2a: Persian\n|-damage|p2a: Persian|93/272\n|\n|-heal|p1a: Lunala|59/316 par|[from] item: Leftovers\n|upkeep\n|turn|9\n|\n|t:|1769098198\n|move|p2a: Persian|Shadow Ball|p1a: Lunala\n|-supereffective|p1a: Lunala\n|-damage|p1a: Lunala|0 fnt\n|faint|p1a: Lunala\n|-damage|p2a: Persian|66/272|[from] item: Life Orb\n|\n|upkeep\n|\n|t:|1769098209\n|switch|p1a: Electrode|Electrode, L89|252/252\n|-damage|p1a: Electrode|221/252|[from] Stealth Rock\n|turn|10\n|\n|t:|1769098216\n|switch|p2a: Steelix|Steelix-Mega, L80, F|116/251\n|move|p1a: Electrode|Thunderbolt|p2a: Steelix\n|-immune|p2a: Steelix\n|\n|upkeep\n|turn|11\n|\n|t:|1769098225\n|switch|p1a: Donphan|Donphan, L84, M|288/288\n|-damage|p1a: Donphan|270/288|[from] Stealth Rock\n|move|p2a: Steelix|Toxic|p1a: Donphan\n|-status|p1a: Donphan|tox\n|\n|-heal|p1a: Donphan|288/288 tox|[from] item: Leftovers\n|-damage|p1a: Donphan|270/288 tox|[from] psn\n|upkeep\n|turn|12\n|\n|t:|1769098239\n|switch|p1a: Lickilicky|Lickilicky, L89, M|341/341\n|-damage|p1a: Lickilicky|299/341|[from] Stealth Rock\n|-ability|p1a: Lickilicky|Cloud Nine\n|switch|p2a: Celebi|Celebi, L82|233/298\n|\n|-heal|p1a: Lickilicky|320/341|[from] item: Leftovers\n|upkeep\n|turn|13\n|\n|t:|1769098250\n|move|p2a: Celebi|Thunder Wave|p1a: Lickilicky\n|-status|p1a: Lickilicky|par\n|move|p1a: Lickilicky|Swords Dance|p1a: Lickilicky\n|-boost|p1a: Lickilicky|atk|2\n|\n|-heal|p1a: Lickilicky|341/341 par|[from] item: Leftovers\n|upkeep\n|turn|14\n|\n|t:|1769098259\n|switch|p2a: Steelix|Steelix-Mega, L80, F|116/251\n|move|p1a: Lickilicky|Return|p2a: Steelix\n|-resisted|p2a: Steelix\n|-damage|p2a: Steelix|62/251\n|\n|upkeep\n|turn|15\n|\n|t:|1769098266\n|move|p2a: Steelix|Heavy Slam|p1a: Lickilicky\n|-damage|p1a: Lickilicky|221/341 par\n|cant|p1a: Lickilicky|par\n|\n|-heal|p1a: Lickilicky|242/341 par|[from] item: Leftovers\n|upkeep\n|turn|16\n|\n|t:|1769098275\n|move|p2a: Steelix|Heavy Slam|p1a: Lickilicky\n|-damage|p1a: Lickilicky|112/341 par\n|cant|p1a: Lickilicky|par\n|\n|-heal|p1a: Lickilicky|133/341 par|[from] item: Leftovers\n|upkeep\n|turn|17\n|\n|t:|1769098283\n|move|p2a: Steelix|Heavy Slam|p1a: Lickilicky\n|-damage|p1a: Lickilicky|7/341 par\n|move|p1a: Lickilicky|Earthquake|p2a: Steelix\n|-supereffective|p2a: Steelix\n|-damage|p2a: Steelix|0 fnt\n|faint|p2a: Steelix\n|detailschange|p2: Steelix|Steelix, L80, F|[silent]\n|\n|-heal|p1a: Lickilicky|28/341 par|[from] item: Leftovers\n|upkeep\n|\n|t:|1769098288\n|switch|p2a: Celebi|Celebi, L82|233/298\n|turn|18\n|\n|t:|1769098297\n|move|p2a: Celebi|Psychic|p1a: Lickilicky\n|-damage|p1a: Lickilicky|0 fnt\n|faint|p1a: Lickilicky\n|\n|upkeep\n|\n|t:|1769098317\n|switch|p1a: Raichu|Raichu, L88, F|249/249\n|-damage|p1a: Raichu|218/249|[from] Stealth Rock\n|turn|19\n|\n|t:|1769098322\n|move|p1a: Raichu|Hidden Power|p2a: Celebi\n|-supereffective|p2a: Celebi\n|-damage|p2a: Celebi|151/298\n|move|p2a: Celebi|Psychic|p1a: Raichu\n|-damage|p1a: Raichu|121/249\n|\n|-heal|p1a: Raichu|136/249|[from] item: Leftovers\n|upkeep\n|turn|20\n|\n|t:|1769098330\n|move|p1a: Raichu|Hidden Power|p2a: Celebi\n|-supereffective|p2a: Celebi\n|-damage|p2a: Celebi|63/298\n|move|p2a: Celebi|Recover|p2a: Celebi\n|-heal|p2a: Celebi|212/298\n|\n|-heal|p1a: Raichu|151/249|[from] item: Leftovers\n|upkeep\n|turn|21\n|\n|t:|1769098339\n|move|p1a: Raichu|Encore|p2a: Celebi\n|-start|p2a: Celebi|Encore\n|move|p2a: Celebi|Recover|p2a: Celebi\n|-heal|p2a: Celebi|298/298\n|\n|-heal|p1a: Raichu|166/249|[from] item: Leftovers\n|upkeep\n|turn|22\n|inactive|blackbeardi has 120 seconds left.\n|\n|t:|1769098379\n|switch|p2a: Persian|Persian, L93, M|66/272\n|move|p1a: Raichu|Thunderbolt|p2a: Persian\n|-damage|p2a: Persian|0 fnt\n|faint|p2a: Persian\n|\n|-heal|p1a: Raichu|181/249|[from] item: Leftovers\n|upkeep\n|\n|t:|1769098389\n|switch|p2a: Celebi|Celebi, L82|298/298\n|turn|23\n|inactive|blackbeardi has 120 seconds left.\n|\n|t:|1769098403\n|move|p1a: Raichu|Hidden Power|p2a: Celebi\n|-supereffective|p2a: Celebi\n|-crit|p2a: Celebi\n|-damage|p2a: Celebi|178/298\n|move|p2a: Celebi|Psychic|p1a: Raichu\n|-damage|p1a: Raichu|82/249\n|\n|-heal|p1a: Raichu|97/249|[from] item: Leftovers\n|upkeep\n|turn|24\n|\n|t:|1769098412\n|move|p1a: Raichu|Hidden Power|p2a: Celebi\n|-supereffective|p2a: Celebi\n|-damage|p2a: Celebi|100/298\n|move|p2a: Celebi|Psychic|p1a: Raichu\n|-damage|p1a: Raichu|1/249\n|\n|-heal|p1a: Raichu|16/249|[from] item: Leftovers\n|upkeep\n|turn|25\n|\n|t:|1769098423\n|move|p1a: Raichu|Hidden Power|p2a: Celebi\n|-supereffective|p2a: Celebi\n|-damage|p2a: Celebi|22/298\n|move|p2a: Celebi|Psychic|p1a: Raichu\n|-damage|p1a: Raichu|0 fnt\n|faint|p1a: Raichu\n|\n|upkeep\n|\n|t:|1769098431\n|switch|p1a: Electrode|Electrode, L89|221/252\n|-damage|p1a: Electrode|190/252|[from] Stealth Rock\n|turn|26\n|\n|t:|1769098443\n|switch|p2a: Emboar|Emboar, L85, M|326/326\n|move|p1a: Electrode|Volt Switch|p2a: Emboar\n|-damage|p2a: Emboar|244/326\n|\n|t:|1769098448\n|switch|p1a: Donphan|Donphan, L84, M|270/288 tox|[from] Volt Switch\n|-damage|p1a: Donphan|252/288 tox|[from] Stealth Rock\n|\n|-heal|p1a: Donphan|270/288 tox|[from] item: Leftovers\n|-damage|p1a: Donphan|252/288 tox|[from] psn\n|upkeep\n|turn|27\n|\n|t:|1769098462\n|switch|p2a: Articuno|Articuno, L85|291/291\n|-ability|p2a: Articuno|Pressure\n|move|p1a: Donphan|Earthquake|p2a: Articuno\n|-immune|p2a: Articuno\n|\n|-heal|p1a: Donphan|270/288 tox|[from] item: Leftovers\n|-damage|p1a: Donphan|234/288 tox|[from] psn\n|upkeep\n|turn|28\n|\n|t:|1769098472\n|move|p2a: Articuno|Substitute|p2a: Articuno\n|-start|p2a: Articuno|Substitute\n|-damage|p2a: Articuno|219/291\n|move|p1a: Donphan|Stone Edge|p2a: Articuno\n|-supereffective|p2a: Articuno\n|-end|p2a: Articuno|Substitute\n|\n|-heal|p2a: Articuno|237/291|[from] item: Leftovers\n|-heal|p1a: Donphan|252/288 tox|[from] item: Leftovers\n|-damage|p1a: Donphan|198/288 tox|[from] psn\n|upkeep\n|turn|29\n|-message|blackbeardi forfeited.\n|\n|win|Kurochan3\n|raw|blackbeardi's rating: 1725 &rarr; <strong>1708</strong><br />(-17 for losing)\n|raw|Kurochan3's rating: 1779 &rarr; <strong>1796</strong><br />(+17 for winning)\n|l|☆blackbeardi\n|player|p1|\n|l|☆Kurochan3\n|player|p2|\n", "inputlog": ">version dd3d52b8382d73d1dd2c67730c4067df325ab790\n>start {\"formatid\":\"gen7randombattle\",\"seed\":\"sodium,3197f3bf8e3439c849c9133080ba4b53\",\"rated\":\"Rated battle\"}\n>player p1 {\"name\":\"blackbeardi\",\"avatar\":\"170\",\"rating\":1725,\"seed\":\"sodium,0ee0735722704572b0b6c1377e4668cb\"}\n>player p2 {\"name\":\"Kurochan3\",\"avatar\":\"cynthia-gen4\",\"rating\":1779,\"seed\":\"sodium,fa8847c12b4a222e71a0064db18ad226\"}\n>p1 move knockoff\n>p2 move psychic\n>p1 switch 4\n>p2 move recover\n>p1 move moonblast\n>p2 move thunderwave\n>p1 move moongeistbeam\n>p2 switch 6\n>p1 move moongeistbeam\n>p2 move stealthrock mega\n>p1 move moongeistbeam\n>p2 switch 4\n>p1 move moonblast\n>p2 move nastyplot\n>p1 move moonblast\n>p2 move shadowball\n>p1 move moonblast\n>p2 move shadowball\n>p1 switch 6\n>p1 move thunderbolt\n>p2 switch 4\n>p1 switch 5\n>p2 move toxic\n>p1 switch 2\n>p2 switch 6\n>p1 move swordsdance\n>p2 move thunderwave\n>p1 move return\n>p2 switch 6\n>p1 move earthquake\n>p2 move heavyslam\n>p1 move earthquake\n>p2 move heavyslam\n>p1 move earthquake\n>p2 move heavyslam\n>p2 switch 6\n>p1 move return\n>p2 move psychic\n>p1 switch 3\n>p1 move hiddenpower\n>p2 move psychic\n>p1 move hiddenpower\n>p2 move recover\n>p1 move encore\n>p2 move recover\n>p1 move thunderbolt\n>p2 switch 4\n>p2 switch 4\n>p1 move hiddenpower\n>p2 move psychic\n>p1 move hiddenpower\n>p2 move psychic\n>p1 move hiddenpower\n>p2 move psychic\n>p1 switch 5\n>p1 move voltswitch\n>p2 switch 2\n>p1 switch 2\n>p1 move earthquake\n>p2 switch 5\n>p1 move stoneedge\n>p2 move substitute\n>forcelose p1", "uploadtime": 1769098484, "views": 153, "formatid": "gen7randombattle", "rating": 1708, "private": 0, "password": null}