{"id": "gen7randombattle-2537976612", "format": "[Gen 7] Random Battle", "players": ["La.Hellhound", "grummybear45"], "log": "|j|‽La.Hellhound\n|j|☆grummybear45\n|t:|1770871510\n|gametype|singles\n|player|p1|La.Hellhound|bruno|1624\n|player|p2|grummybear45|lacey|1609\n|gen|7\n|tier|[Gen 7] Random Battle\n|rated|\n|rule|Sleep Clause Mod: Limit one foe put to sleep\n|rule|HP Percentage Mod: HP is shown in percentages\n|rule|Illusion Level Mod: Illusion disguises the Pokémon's true level\n|\n|t:|1770871510\n|teamsize|p1|6\n|teamsize|p2|6\n|start\n|switch|p1a: Kingler|Kingler, L87, F|237/237\n|switch|p2a: Drapion|Drapion, L83, F|252/252\n|turn|1\n|inactive|Battle timer is ON: inactive players will automatically lose when time's up. (requested by La.Hellhound)\n|\n|t:|1770871517\n|move|p2a: Drapion|Knock Off|p1a: Kingler\n|-damage|p1a: Kingler|140/237\n|-enditem|p1a: Kingler|Life Orb|[from] move: Knock Off|[of] p2a: Drapion\n|-damage|p2a: Drapion|227/252|[from] item: Life Orb\n|move|p1a: Kingler|Liquidation|p2a: Drapion\n|-damage|p2a: Drapion|85/252\n|\n|upkeep\n|turn|2\n|\n|t:|1770871531\n|switch|p2a: Chesnaught|Chesnaught, L89, M|301/301\n|move|p1a: Kingler|Liquidation|p2a: Chesnaught\n|-resisted|p2a: Chesnaught\n|-damage|p2a: Chesnaught|238/301\n|\n|-heal|p2a: Chesnaught|256/301|[from] item: Leftovers\n|upkeep\n|turn|3\n|\n|t:|1770871540\n|switch|p1a: Leavanny|Leavanny, L87, F|272/272\n|move|p2a: Chesnaught|Leech Seed|p1a: Leavanny\n|-immune|p1a: Leavanny\n|\n|-heal|p2a: Chesnaught|274/301|[from] item: Leftovers\n|upkeep\n|turn|4\n|\n|t:|1770871547\n|switch|p2a: Ditto|Ditto, L83|215/215\n|-transform|p2a: Ditto|p1a: Leavanny|[from] ability: Imposter\n|move|p1a: Leavanny|Sticky Web|p2a: Ditto\n|-sidestart|p2: grummybear45|move: Sticky Web\n|\n|upkeep\n|turn|5\n|\n|t:|1770871554\n|move|p2a: Ditto|Sticky Web|p1a: Leavanny\n|-sidestart|p1: La.Hellhound|move: Sticky Web\n|move|p1a: Leavanny|X-Scissor|p2a: Ditto\n|-supereffective|p2a: Ditto\n|-damage|p2a: Ditto|0 fnt\n|faint|p2a: Ditto\n|-damage|p1a: Leavanny|245/272|[from] item: Life Orb\n|\n|upkeep\n|\n|t:|1770871557\n|switch|p2a: Skarmory|Skarmory, L75, M|221/221\n|turn|6\n|\n|t:|1770871572\n|switch|p1a: Blissey|Blissey, L85, F|572/572\n|-activate|p1a: Blissey|move: Sticky Web\n|-unboost|p1a: Blissey|spe|1\n|move|p2a: Skarmory|Stealth Rock|p1a: Blissey\n|-sidestart|p1: La.Hellhound|move: Stealth Rock\n|\n|upkeep\n|turn|7\n|\n|t:|1770871578\n|move|p2a: Skarmory|Brave Bird|p1a: Blissey\n|-damage|p1a: Blissey|284/572\n|-damage|p2a: Skarmory|126/221|[from] Recoil\n|move|p1a: Blissey|Thunder Wave|p2a: Skarmory\n|-status|p2a: Skarmory|par\n|\n|-heal|p1a: Blissey|319/572|[from] item: Leftovers\n|-heal|p2a: Skarmory|139/221 par|[from] item: Leftovers\n|upkeep\n|turn|8\n|\n|t:|1770871587\n|move|p1a: Blissey|Soft-Boiled|p1a: Blissey\n|-heal|p1a: Blissey|572/572\n|move|p2a: Skarmory|Roost|p2a: Skarmory\n|-heal|p2a: Skarmory|221/221 par\n|-singleturn|p2a: Skarmory|move: Roost\n|\n|upkeep\n|turn|9\n|\n|t:|1770871600\n|switch|p1a: Thundurus|Thundurus-Therian, L80, M|258/258\n|-damage|p1a: Thundurus|194/258|[from] Stealth Rock\n|switch|p2a: Chesnaught|Chesnaught, L89, M|274/301\n|-activate|p2a: Chesnaught|move: Sticky Web\n|-unboost|p2a: Chesnaught|spe|1\n|\n|-heal|p2a: Chesnaught|292/301|[from] item: Leftovers\n|upkeep\n|turn|10\n|inactive|grummybear45 has 120 seconds left.\n|inactive|grummybear45 has 90 seconds left.\n|\n|t:|1770871666\n|move|p1a: Thundurus|Hidden Power|p2a: Chesnaught\n|-supereffective|p2a: Chesnaught\n|-damage|p2a: Chesnaught|0 fnt\n|faint|p2a: Chesnaught\n|\n|upkeep\n|-message|grummybear45 forfeited.\n|\n|win|La.Hellhound\n|raw|La.Hellhound's rating: 1624 &rarr; <strong>1643</strong><br />(+19 for winning)\n|raw|grummybear45's rating: 1609 &rarr; <strong>1590</strong><br />(-19 for losing)\n|l|☆grummybear45\n|player|p2|\n", "inputlog": ">version ccdc32dd7cde25fd9e4bed64820e885f66e78a4e\n>start {\"formatid\":\"gen7randombattle\",\"seed\":\"sodium,c87b0a992ab42bbddd4b196e7144cd7f\",\"rated\":\"Rated battle\"}\n>player p1 {\"name\":\"La.Hellhound\",\"avatar\":\"bruno\",\"rating\":1624,\"seed\":\"sodium,7063c62911fba7230c5fa864c8c91c27\"}\n>player p2 {\"name\":\"grummybear45\",\"avatar\":\"lacey\",\"rating\":1609,\"seed\":\"sodium,1308645434063f738a8a9b04dab0a6bb\"}\n>p1 move liquidation\n>p2 move knockoff\n>p1 move liquidation\n>p2 switch 6\n>p1 switch 5\n>p2 move leechseed\n>p1 move stickyweb\n>p2 switch 3\n>p1 move xscissor\n>p2 move stickyweb\n>p2 switch 4\n>p1 switch 3\n>p2 move stealthrock\n>p1 move thunderwave\n>p2 move bravebird\n>p1 move softboiled\n>p2 move roost\n>p1 switch 6\n>p2 switch 3\n>p1 move hiddenpower\n>p2 move leechseed\n>forcelose p2", "uploadtime": 1770871676, "views": 226, "formatid": "gen7randombattle", "rating": 1590, "private": 0, "password": null}