{"id": "gen7randombattle-2540293974", "format": "[Gen 7] Random Battle", "players": ["Superpascal", "IlPorkone"], "log": "|j|☆Superpascal\n|j|☆IlPorkone\n|t:|1771185549\n|gametype|singles\n|player|p1|Superpascal|blue|1530\n|player|p2|IlPorkone|swimmer-gen4dp|1735\n|gen|7\n|tier|[Gen 7] Random Battle\n|rated|\n|rule|Sleep Clause Mod: Limit one foe put to sleep\n|rule|HP Percentage Mod: HP is shown in percentages\n|rule|Illusion Level Mod: Illusion disguises the Pokémon's true level\n|\n|t:|1771185549\n|teamsize|p1|6\n|teamsize|p2|6\n|start\n|switch|p1a: Hitmontop|Hitmontop, L90, M|236/236\n|switch|p2a: Luvdisc|Luvdisc, M|248/248\n|-ability|p1a: Hitmontop|Intimidate|boost\n|-unboost|p2a: Luvdisc|atk|1\n|turn|1\n|inactive|Battle timer is ON: inactive players will automatically lose when time's up. (requested by IlPorkone)\n|\n|t:|1771185573\n|move|p2a: Luvdisc|Substitute|p2a: Luvdisc\n|-start|p2a: Luvdisc|Substitute\n|-damage|p2a: Luvdisc|186/248\n|move|p1a: Hitmontop|Close Combat|p2a: Luvdisc\n|-end|p2a: Luvdisc|Substitute\n|-unboost|p1a: Hitmontop|def|1\n|-unboost|p1a: Hitmontop|spd|1\n|\n|-heal|p2a: Luvdisc|201/248|[from] item: Leftovers\n|upkeep\n|turn|2\n|inactive|IlPorkone has 120 seconds left.\n|\n|t:|1771185606\n|switch|p1a: Corsola|Corsola, L96, M|280/280\n|move|p2a: Luvdisc|Substitute|p2a: Luvdisc\n|-start|p2a: Luvdisc|Substitute\n|-damage|p2a: Luvdisc|139/248\n|\n|-heal|p2a: Luvdisc|154/248|[from] item: Leftovers\n|upkeep\n|turn|3\n|\n|t:|1771185611\n|move|p2a: Luvdisc|Protect|p2a: Luvdisc\n|-singleturn|p2a: Luvdisc|Protect\n|move|p1a: Corsola|Stealth Rock|p2a: Luvdisc\n|-sidestart|p2: IlPorkone|move: Stealth Rock\n|\n|-heal|p2a: Luvdisc|169/248|[from] item: Leftovers\n|upkeep\n|turn|4\n|\n|t:|1771185634\n|move|p2a: Luvdisc|Toxic|p1a: Corsola\n|-status|p1a: Corsola|tox\n|move|p1a: Corsola|Scald|p2a: Luvdisc\n|-resisted|p2a: Luvdisc\n|-activate|p2a: Luvdisc|move: Substitute|[damage]\n|\n|-heal|p2a: Luvdisc|184/248|[from] item: Leftovers\n|-damage|p1a: Corsola|263/280 tox|[from] psn\n|upkeep\n|turn|5\n|\n|t:|1771185652\n|switch|p1a: Vileplume|Vileplume, L87, M|272/272\n|move|p2a: Luvdisc|Protect||[still]\n|-fail|p2a: Luvdisc\n|\n|-heal|p2a: Luvdisc|199/248|[from] item: Leftovers\n|upkeep\n|turn|6\n|\n|t:|1771185667\n|move|p2a: Luvdisc|Scald|p1a: Vileplume\n|-resisted|p1a: Vileplume\n|-damage|p1a: Vileplume|238/272\n|move|p1a: Vileplume|Aromatherapy|p1a: Vileplume\n|-activate|p1a: Vileplume|move: Aromatherapy\n|-curestatus|p1: Corsola|tox|[msg]\n|\n|-heal|p2a: Luvdisc|214/248|[from] item: Leftovers\n|-heal|p1a: Vileplume|255/272|[from] item: Black Sludge\n|upkeep\n|turn|7\n|\n|t:|1771185697\n|move|p2a: Luvdisc|Scald|p1a: Vileplume\n|-resisted|p1a: Vileplume\n|-damage|p1a: Vileplume|224/272\n|move|p1a: Vileplume|Sludge Bomb|p2a: Luvdisc\n|-end|p2a: Luvdisc|Substitute\n|\n|-heal|p2a: Luvdisc|229/248|[from] item: Leftovers\n|-heal|p1a: Vileplume|241/272|[from] item: Black Sludge\n|upkeep\n|turn|8\n|inactive|IlPorkone has 120 seconds left.\n|\n|t:|1771185719\n|switch|p2a: Arcanine|Arcanine, L84, F|287/287\n|-damage|p2a: Arcanine|216/287|[from] Stealth Rock\n|-ability|p2a: Arcanine|Intimidate|boost\n|-unboost|p1a: Vileplume|atk|1\n|move|p1a: Vileplume|Giga Drain|p2a: Arcanine\n|-resisted|p2a: Arcanine\n|-damage|p2a: Arcanine|170/287\n|-heal|p1a: Vileplume|264/272|[from] drain|[of] p2a: Arcanine\n|\n|-heal|p1a: Vileplume|272/272|[from] item: Black Sludge\n|upkeep\n|turn|9\n|inactive|IlPorkone has 120 seconds left.\n|\n|t:|1771185746\n|switch|p2a: Togedemaru|Togedemaru, L86, M|252/252\n|-damage|p2a: Togedemaru|237/252|[from] Stealth Rock\n|switch|p1a: Corsola|Corsola, L96, M|280/280\n|\n|-heal|p2a: Togedemaru|252/252|[from] item: Leftovers\n|upkeep\n|turn|10\n|inactive|Superpascal has 120 seconds left.\n|\n|t:|1771185766\n|move|p2a: Togedemaru|Iron Head|p1a: Corsola\n|-damage|p1a: Corsola|202/280\n|cant|p1a: Corsola|flinch\n|\n|-heal|p1a: Corsola|219/280|[from] item: Leftovers\n|upkeep\n|turn|11\n|\n|t:|1771185773\n|switch|p1a: Hitmontop|Hitmontop, L90, M|236/236\n|-ability|p1a: Hitmontop|Intimidate|boost\n|-unboost|p2a: Togedemaru|atk|1\n|move|p2a: Togedemaru|Zing Zap|p1a: Hitmontop\n|-damage|p1a: Hitmontop|182/236\n|\n|upkeep\n|turn|12\n|inactive|IlPorkone has 120 seconds left.\n|\n|t:|1771185811\n|move|p2a: Togedemaru|Spiky Shield|p2a: Togedemaru\n|-singleturn|p2a: Togedemaru|move: Protect\n|move|p1a: Hitmontop|Close Combat|p2a: Togedemaru\n|-activate|p2a: Togedemaru|move: Protect\n|-damage|p1a: Hitmontop|153/236|[from] Spiky Shield|[of] p2a: Togedemaru\n|\n|upkeep\n|turn|13\n|inactive|IlPorkone has 90 seconds left.\n|\n|t:|1771185840\n|switch|p2a: Slowking|Slowking, L89, M|314/314\n|-damage|p2a: Slowking|275/314|[from] Stealth Rock\n|move|p1a: Hitmontop|Close Combat|p2a: Slowking\n|-resisted|p2a: Slowking\n|-crit|p2a: Slowking\n|-damage|p2a: Slowking|97/314\n|-unboost|p1a: Hitmontop|def|1\n|-unboost|p1a: Hitmontop|spd|1\n|\n|-heal|p2a: Slowking|116/314|[from] item: Leftovers\n|upkeep\n|turn|14\n|\n|t:|1771185859\n|switch|p1a: Crawdaunt|Crawdaunt, L85, M|246/246\n|move|p2a: Slowking|Slack Off|p2a: Slowking\n|-heal|p2a: Slowking|273/314\n|\n|-heal|p2a: Slowking|292/314|[from] item: Leftovers\n|upkeep\n|turn|15\n|inactive|IlPorkone has 90 seconds left.\n|inactive|Superpascal has 120 seconds left.\n|inactive|Superpascal has 90 seconds left.\n|\n|t:|1771185911\n|switch|p2a: Luvdisc|Luvdisc, M|229/248\n|-damage|p2a: Luvdisc|198/248|[from] Stealth Rock\n|move|p1a: Crawdaunt|Knock Off|p2a: Luvdisc\n|-damage|p2a: Luvdisc|0 fnt\n|-enditem|p2a: Luvdisc|Leftovers|[from] move: Knock Off|[of] p1a: Crawdaunt\n|faint|p2a: Luvdisc\n|-damage|p1a: Crawdaunt|222/246|[from] item: Life Orb\n|\n|upkeep\n|inactive|IlPorkone has 60 seconds left.\n|\n|t:|1771185926\n|switch|p2a: Sawk|Sawk, L86, M|269/269\n|-damage|p2a: Sawk|253/269|[from] Stealth Rock\n|turn|16\n|inactive|Superpascal has 90 seconds left.\n|inactive|Superpascal has 60 seconds left.\n|\n|t:|1771185983\n|switch|p1a: Vileplume|Vileplume, L87, M|272/272\n|move|p2a: Sawk|Knock Off|p1a: Vileplume\n|-damage|p1a: Vileplume|187/272\n|-enditem|p1a: Vileplume|Black Sludge|[from] move: Knock Off|[of] p2a: Sawk\n|\n|-heal|p2a: Sawk|269/269|[from] item: Leftovers\n|upkeep\n|turn|17\n|\n|t:|1771186009\n|switch|p2a: Togedemaru|Togedemaru, L86, M|252/252\n|-damage|p2a: Togedemaru|237/252|[from] Stealth Rock\n|move|p1a: Vileplume|Strength Sap|p2a: Togedemaru\n|-unboost|p2a: Togedemaru|atk|1\n|-heal|p1a: Vileplume|272/272\n|\n|-heal|p2a: Togedemaru|252/252|[from] item: Leftovers\n|upkeep\n|turn|18\n|inactive|Superpascal has 30 seconds left.\n|inactive|Superpascal has 20 seconds left.\n|inactive|Superpascal has 15 seconds left.\n|\n|t:|1771186040\n|move|p2a: Togedemaru|Wish|p2a: Togedemaru\n|move|p1a: Vileplume|Giga Drain|p2a: Togedemaru\n|-resisted|p2a: Togedemaru\n|-damage|p2a: Togedemaru|204/252\n|\n|-heal|p2a: Togedemaru|219/252|[from] item: Leftovers\n|upkeep\n|turn|19\n|inactive|Superpascal has 25 seconds left this turn.\n|inactive|IlPorkone has 60 seconds left.\n|\n|t:|1771186070\n|switch|p2a: Slowking|Slowking, L89, M|314/314\n|-damage|p2a: Slowking|275/314|[from] Stealth Rock\n|move|p1a: Vileplume|Sludge Bomb|p2a: Slowking\n|-damage|p2a: Slowking|190/314\n|\n|-heal|p2a: Slowking|314/314|[from] move: Wish|[wisher] Togedemaru\n|upkeep\n|turn|20\n|inactive|Superpascal has 30 seconds left.\n|\n|t:|1771186082\n|switch|p1a: Crawdaunt|Crawdaunt, L85, M|222/246\n|move|p2a: Slowking|Scald|p1a: Crawdaunt\n|-resisted|p1a: Crawdaunt\n|-damage|p1a: Crawdaunt|156/246\n|\n|upkeep\n|turn|21\n|inactive|Superpascal has 30 seconds left.\n|inactive|Superpascal has 20 seconds left.\n|\n|t:|1771186098\n|switch|p2a: Sawk|Sawk, L86, M|269/269\n|-damage|p2a: Sawk|253/269|[from] Stealth Rock\n|move|p1a: Crawdaunt|Crabhammer|p2a: Sawk\n|-damage|p2a: Sawk|3/269\n|-damage|p1a: Crawdaunt|132/246|[from] item: Life Orb\n|\n|-heal|p2a: Sawk|19/269|[from] item: Leftovers\n|upkeep\n|turn|22\n|inactive|Superpascal has 30 seconds left this turn.\n|inactive|Superpascal has 20 seconds left.\n|\n|t:|1771186113\n|switch|p1a: Vileplume|Vileplume, L87, M|272/272\n|move|p2a: Sawk|Close Combat|p1a: Vileplume\n|-resisted|p1a: Vileplume\n|-damage|p1a: Vileplume|186/272\n|-unboost|p2a: Sawk|def|1\n|-unboost|p2a: Sawk|spd|1\n|-status|p2a: Sawk|slp|[from] ability: Effect Spore|[of] p1a: Vileplume\n|\n|-heal|p2a: Sawk|35/269 slp|[from] item: Leftovers\n|upkeep\n|turn|23\n|inactive|Superpascal has 30 seconds left this turn.\n|\n|t:|1771186122\n|cant|p2a: Sawk|slp\n|move|p1a: Vileplume|Strength Sap|p2a: Sawk\n|-unboost|p2a: Sawk|atk|1\n|-heal|p1a: Vileplume|272/272\n|\n|-heal|p2a: Sawk|51/269 slp|[from] item: Leftovers\n|upkeep\n|turn|24\n|\n|t:|1771186126\n|cant|p2a: Sawk|slp\n|move|p1a: Vileplume|Giga Drain|p2a: Sawk\n|-damage|p2a: Sawk|0 fnt\n|faint|p2a: Sawk\n|\n|upkeep\n|\n|t:|1771186128\n|switch|p2a: Tapu Lele|Tapu Lele, L77|234/234\n|-damage|p2a: Tapu Lele|205/234|[from] Stealth Rock\n|-fieldstart|move: Psychic Terrain|[from] ability: Psychic Surge|[of] p2a: Tapu Lele\n|turn|25\n|\n|t:|1771186145\n|switch|p1a: Celesteela|Celesteela, L78|279/279\n|move|p2a: Tapu Lele|Psyshock|p1a: Celesteela\n|-resisted|p1a: Celesteela\n|-damage|p1a: Celesteela|195/279\n|-damage|p2a: Tapu Lele|182/234|[from] item: Life Orb\n|\n|upkeep\n|turn|26\n|inactive|Superpascal has 30 seconds left.\n|inactive|Superpascal has 20 seconds left.\n|inactive|Superpascal has 15 seconds left.\n|\n|t:|1771186177\n|switch|p2a: Arcanine|Arcanine, L84, F|170/287\n|-damage|p2a: Arcanine|99/287|[from] Stealth Rock\n|-ability|p2a: Arcanine|Intimidate|boost\n|-unboost|p1a: Celesteela|atk|1\n|move|p1a: Celesteela|Earthquake|p2a: Arcanine\n|-supereffective|p2a: Arcanine\n|-damage|p2a: Arcanine|5/287\n|\n|upkeep\n|turn|27\n|inactive|Superpascal has 25 seconds left this turn.\n|inactive|Superpascal has 20 seconds left.\n|inactive|Superpascal has 15 seconds left.\n|inactive|Superpascal has 10 seconds left.\n|\n|t:|1771186192\n|switch|p1a: Hitmontop|Hitmontop, L90, M|153/236\n|-ability|p1a: Hitmontop|Intimidate|boost\n|-unboost|p2a: Arcanine|atk|1\n|move|p2a: Arcanine|Wild Charge|p1a: Hitmontop\n|-damage|p1a: Hitmontop|91/236\n|-damage|p2a: Arcanine|0 fnt|[from] Recoil\n|faint|p2a: Arcanine\n|\n|upkeep\n|\n|t:|1771186196\n|switch|p2a: Tapu Lele|Tapu Lele, L77|182/234\n|-damage|p2a: Tapu Lele|153/234|[from] Stealth Rock\n|turn|28\n|inactive|Superpascal has 25 seconds left this turn.\n|inactive|Superpascal has 20 seconds left.\n|inactive|Superpascal has 15 seconds left.\n|\n|t:|1771186210\n|switch|p1a: Whimsicott|Whimsicott, L87, F|246/246\n|move|p2a: Tapu Lele|Psyshock|p1a: Whimsicott\n|-damage|p1a: Whimsicott|78/246\n|-damage|p2a: Tapu Lele|130/234|[from] item: Life Orb\n|\n|-heal|p1a: Whimsicott|93/246|[from] item: Leftovers\n|upkeep\n|turn|29\n|inactive|Superpascal has 25 seconds left this turn.\n|inactive|Superpascal has 20 seconds left.\n|inactive|Superpascal has 15 seconds left.\n|\n|t:|1771186222\n|move|p1a: Whimsicott|U-turn|p2a: Tapu Lele\n|-damage|p2a: Tapu Lele|80/234\n|inactive|Superpascal has 20 seconds left this turn.\n|\n|t:|1771186224\n|switch|p1a: Celesteela|Celesteela, L78|195/279|[from] U-turn\n|move|p2a: Tapu Lele|Psyshock|p1a: Celesteela\n|-resisted|p1a: Celesteela\n|-damage|p1a: Celesteela|105/279\n|-damage|p2a: Tapu Lele|57/234|[from] item: Life Orb\n|\n|-fieldend|move: Psychic Terrain\n|upkeep\n|turn|30\n|inactive|Superpascal has 30 seconds left this turn.\n|-message|IlPorkone forfeited.\n|\n|win|Superpascal\n|raw|Superpascal's rating: 1530 &rarr; <strong>1561</strong><br />(+31 for winning)\n|raw|IlPorkone's rating: 1735 &rarr; <strong>1704</strong><br />(-31 for losing)\n|l|☆IlPorkone\n|player|p2|\n", "inputlog": ">version 686819e5e19f8a7fd2345cfc5a08a5085efa2cc3\n>start {\"formatid\":\"gen7randombattle\",\"seed\":\"sodium,3a0b9b4732a7d227a01298641eaedc17\",\"rated\":\"Rated battle\"}\n>player p1 {\"name\":\"Superpascal\",\"avatar\":\"blue\",\"rating\":1530,\"seed\":\"sodium,f854a15a592e70977a8468adcc548ee9\"}\n>player p2 {\"name\":\"IlPorkone\",\"avatar\":\"swimmer-gen4dp\",\"rating\":1735,\"seed\":\"sodium,6c4bbb882f0b9a8e778738da33395de7\"}\n>p1 move closecombat\n>p2 move substitute\n>p1 switch 3\n>p2 move substitute\n>p1 move stealthrock\n>p2 move protect\n>p1 move scald\n>p2 move toxic\n>p1 switch 4\n>p2 move protect\n>p1 move aromatherapy\n>p2 move scald\n>p1 move sludgebomb\n>p2 move scald\n>p1 move gigadrain\n>p2 switch 4\n>p1 switch 4\n>p2 switch 3\n>p1 move scald\n>p2 move ironhead\n>p1 switch 3\n>p2 move zingzap\n>p1 move closecombat\n>p2 move spikyshield\n>p1 move closecombat\n>p2 switch 5\n>p1 switch 5\n>p2 move slackoff\n>p1 move knockoff\n>p2 switch 4\n>p2 switch 2\n>p1 switch 4\n>p2 move knockoff\n>p1 move strengthsap\n>p2 switch 5\n>p1 move gigadrain\n>p2 move wish\n>p1 move sludgebomb\n>p2 switch 4\n>p1 switch 4\n>p2 move scald\n>p1 move crabhammer\n>p2 switch 5\n>p1 switch 4\n>p2 move closecombat\n>p1 move strengthsap\n>p2 move knockoff\n>p1 move gigadrain\n>p2 move knockoff\n>p2 switch 6\n>p1 switch 2\n>p2 move psyshock\n>p1 move earthquake\n>p2 switch 3\n>p1 switch 5\n>p2 move wildcharge\n>p2 switch 3\n>p1 switch 6\n>p2 move psyshock\n>p1 move uturn\n>p2 move psyshock\n>p1 switch 5\n>forcelose p2", "uploadtime": 1771186237, "views": 51, "formatid": "gen7randombattle", "rating": 1561, "private": 0, "password": null}