{"id": "gen7randombattle-2530289023", "format": "[Gen 7] Random Battle", "players": ["MimikyuTrainerAsh", "cesar161718"], "log": "|j|☆MimikyuTrainerAsh\n|j|☆cesar161718\n|t:|1769897950\n|gametype|singles\n|player|p1|MimikyuTrainerAsh|pokekid|1670\n|player|p2|cesar161718|169|1706\n|gen|7\n|tier|[Gen 7] Random Battle\n|rated|\n|rule|Sleep Clause Mod: Limit one foe put to sleep\n|rule|HP Percentage Mod: HP is shown in percentages\n|rule|Illusion Level Mod: Illusion disguises the Pokémon's true level\n|\n|t:|1769897950\n|teamsize|p1|6\n|teamsize|p2|6\n|start\n|switch|p1a: Abomasnow|Abomasnow, L87, F|298/298\n|switch|p2a: Armaldo|Armaldo, L89, F|278/278\n|-weather|Hail|[from] ability: Snow Warning|[of] p1a: Abomasnow\n|turn|1\n|inactive|Battle timer is ON: inactive players will automatically lose when time's up. (requested by MimikyuTrainerAsh)\n|\n|t:|1769897969\n|switch|p1a: Seaking|Seaking, L95, F|306/306\n|move|p2a: Armaldo|Stone Edge|p1a: Seaking\n|-damage|p1a: Seaking|75/306\n|\n|-weather|Hail|[upkeep]\n|-damage|p1a: Seaking|56/306|[from] Hail\n|-damage|p2a: Armaldo|261/278|[from] Hail\n|upkeep\n|turn|2\n|\n|t:|1769897999\n|switch|p2a: Noctowl|Noctowl, L94, F|340/340\n|move|p1a: Seaking|Knock Off|p2a: Noctowl\n|-damage|p2a: Noctowl|193/340\n|-enditem|p2a: Noctowl|Leftovers|[from] move: Knock Off|[of] p1a: Seaking\n|-damage|p1a: Seaking|26/306|[from] item: Life Orb\n|\n|-weather|Hail|[upkeep]\n|-damage|p2a: Noctowl|172/340|[from] Hail\n|-damage|p1a: Seaking|7/306|[from] Hail\n|upkeep\n|turn|3\n|\n|t:|1769898011\n|move|p2a: Noctowl|Hyper Voice|p1a: Seaking\n|-damage|p1a: Seaking|0 fnt\n|faint|p1a: Seaking\n|\n|-weather|Hail|[upkeep]\n|-damage|p2a: Noctowl|151/340|[from] Hail\n|upkeep\n|\n|t:|1769898023\n|switch|p1a: Dragonite|Dragonite, L72, M|250/250\n|turn|4\n|\n|t:|1769898031\n|switch|p2a: Nidoqueen|Nidoqueen, L83, F|285/285\n|move|p1a: Dragonite|Dragon Dance|p1a: Dragonite\n|-boost|p1a: Dragonite|atk|1\n|-boost|p1a: Dragonite|spe|1\n|\n|-weather|Hail|[upkeep]\n|-damage|p1a: Dragonite|235/250|[from] Hail\n|-damage|p2a: Nidoqueen|268/285|[from] Hail\n|upkeep\n|turn|5\n|\n|t:|1769898042\n|-zpower|p1a: Dragonite\n|move|p1a: Dragonite|Supersonic Skystrike|p2a: Nidoqueen|[zeffect]\n|-damage|p2a: Nidoqueen|7/285\n|move|p2a: Nidoqueen|Ice Beam|p1a: Dragonite\n|-supereffective|p1a: Dragonite\n|-crit|p1a: Dragonite\n|-damage|p1a: Dragonite|0 fnt\n|faint|p1a: Dragonite\n|\n|-weather|none\n|upkeep\n|\n|t:|1769898048\n|switch|p1a: Sharpedo|Sharpedo, L82, F|249/249\n|turn|6\n|\n|t:|1769898056\n|move|p1a: Sharpedo|Waterfall|p2a: Nidoqueen\n|-supereffective|p2a: Nidoqueen\n|-damage|p2a: Nidoqueen|0 fnt\n|faint|p2a: Nidoqueen\n|\n|-ability|p1a: Sharpedo|Speed Boost|boost\n|-boost|p1a: Sharpedo|spe|1\n|upkeep\n|\n|t:|1769898079\n|switch|p2a: Shiinotic|Shiinotic, L91, F|257/257\n|turn|7\n|\n|t:|1769898084\n|switch|p1a: Abomasnow|Abomasnow, L87, F|298/298\n|-weather|Hail|[from] ability: Snow Warning|[of] p1a: Abomasnow\n|move|p2a: Shiinotic|Moonblast|p1a: Abomasnow\n|-damage|p1a: Abomasnow|226/298\n|\n|-weather|Hail|[upkeep]\n|-damage|p2a: Shiinotic|241/257|[from] Hail\n|-heal|p2a: Shiinotic|257/257|[from] item: Leftovers\n|upkeep\n|turn|8\n|\n|t:|1769898102\n|switch|p2a: Noctowl|Noctowl, L94, F|151/340\n|move|p1a: Abomasnow|Blizzard|p2a: Noctowl\n|-supereffective|p2a: Noctowl\n|-damage|p2a: Noctowl|0 fnt\n|faint|p2a: Noctowl\n|\n|-weather|Hail|[upkeep]\n|upkeep\n|\n|t:|1769898115\n|switch|p2a: Armaldo|Armaldo, L89, F|261/278\n|turn|9\n|\n|t:|1769898120\n|move|p1a: Abomasnow|Blizzard|p2a: Armaldo\n|-damage|p2a: Armaldo|135/278\n|move|p2a: Armaldo|X-Scissor|p1a: Abomasnow\n|-supereffective|p1a: Abomasnow\n|-damage|p1a: Abomasnow|0 fnt\n|faint|p1a: Abomasnow\n|\n|-weather|Hail|[upkeep]\n|-damage|p2a: Armaldo|118/278|[from] Hail\n|upkeep\n|\n|t:|1769898123\n|switch|p1a: Sharpedo|Sharpedo, L82, F|249/249\n|turn|10\n|\n|t:|1769898134\n|move|p1a: Sharpedo|Protect|p1a: Sharpedo\n|-singleturn|p1a: Sharpedo|Protect\n|move|p2a: Armaldo|X-Scissor|p1a: Sharpedo\n|-activate|p1a: Sharpedo|move: Protect\n|\n|-weather|Hail|[upkeep]\n|-damage|p1a: Sharpedo|234/249|[from] Hail\n|-damage|p2a: Armaldo|101/278|[from] Hail\n|-ability|p1a: Sharpedo|Speed Boost|boost\n|-boost|p1a: Sharpedo|spe|1\n|upkeep\n|turn|11\n|\n|t:|1769898143\n|switch|p2a: Shiinotic|Shiinotic, L91, F|257/257\n|move|p1a: Sharpedo|Waterfall|p2a: Shiinotic\n|-resisted|p2a: Shiinotic\n|-damage|p2a: Shiinotic|211/257\n|\n|-weather|none\n|-heal|p2a: Shiinotic|227/257|[from] item: Leftovers\n|-ability|p1a: Sharpedo|Speed Boost|boost\n|-boost|p1a: Sharpedo|spe|1\n|upkeep\n|turn|12\n|\n|t:|1769898158\n|detailschange|p1a: Sharpedo|Sharpedo-Mega, L82, F\n|-mega|p1a: Sharpedo|Sharpedo|Sharpedonite\n|move|p1a: Sharpedo|Ice Fang|p2a: Shiinotic\n|-supereffective|p2a: Shiinotic\n|-damage|p2a: Shiinotic|59/257\n|-status|p2a: Shiinotic|frz\n|-status|p1a: Sharpedo|par|[from] ability: Effect Spore|[of] p2a: Shiinotic\n|cant|p2a: Shiinotic|frz\n|\n|-heal|p2a: Shiinotic|75/257 frz|[from] item: Leftovers\n|upkeep\n|turn|13\n|c|☆MimikyuTrainerAsh|wow\n|inactive|cesar161718 has 120 seconds left.\n|c|☆cesar161718|bueno ojo por ojo\n|\n|t:|1769898206\n|move|p1a: Sharpedo|Ice Fang|p2a: Shiinotic\n|-supereffective|p2a: Shiinotic\n|-damage|p2a: Shiinotic|0 fnt\n|faint|p2a: Shiinotic\n|\n|upkeep\n|\n|t:|1769898220\n|switch|p2a: Whiscash|Whiscash, L89, M|341/341\n|turn|14\n|\n|t:|1769898228\n|cant|p1a: Sharpedo|par\n|move|p2a: Whiscash|Earthquake|p1a: Sharpedo\n|-damage|p1a: Sharpedo|82/249 par\n|-damage|p2a: Whiscash|307/341|[from] item: Life Orb\n|\n|upkeep\n|turn|15\n|\n|t:|1769898234\n|cant|p1a: Sharpedo|par\n|move|p2a: Whiscash|Dragon Dance|p2a: Whiscash\n|-boost|p2a: Whiscash|atk|1\n|-boost|p2a: Whiscash|spe|1\n|\n|upkeep\n|turn|16\n|c|☆MimikyuTrainerAsh|you’re fucking kidding\n|c|☆cesar161718|y diente por diente\n|\n|t:|1769898252\n|move|p2a: Whiscash|Earthquake|p1a: Sharpedo\n|-damage|p1a: Sharpedo|0 fnt\n|faint|p1a: Sharpedo\n|detailschange|p1: Sharpedo|Sharpedo, L82, F|[silent]\n|-damage|p2a: Whiscash|273/341|[from] item: Life Orb\n|\n|upkeep\n|\n|t:|1769898256\n|switch|p1a: Slurpuff|Slurpuff, L79, F|258/258\n|turn|17\n|\n|t:|1769898265\n|move|p2a: Whiscash|Waterfall|p1a: Slurpuff\n|-damage|p1a: Slurpuff|97/258\n|-enditem|p1a: Slurpuff|Sitrus Berry|[eat]\n|-heal|p1a: Slurpuff|161/258|[from] item: Sitrus Berry\n|-damage|p2a: Whiscash|239/341|[from] item: Life Orb\n|move|p1a: Slurpuff|Belly Drum|p1a: Slurpuff\n|-damage|p1a: Slurpuff|32/258\n|-setboost|p1a: Slurpuff|atk|6|[from] move: Belly Drum\n|\n|upkeep\n|turn|18\n|inactive|cesar161718 has 120 seconds left.\n|\n|t:|1769898283\n|move|p1a: Slurpuff|Play Rough|p2a: Whiscash\n|-damage|p2a: Whiscash|0 fnt\n|faint|p2a: Whiscash\n|\n|upkeep\n|\n|t:|1769898288\n|switch|p2a: Wobbuffet|Wobbuffet, L94, M|510/510\n|turn|19\n|inactive|cesar161718 has 120 seconds left.\n|\n|t:|1769898300\n|move|p1a: Slurpuff|Play Rough|p2a: Wobbuffet|[miss]\n|-miss|p1a: Slurpuff|p2a: Wobbuffet\n|move|p2a: Wobbuffet|Counter||[still]\n|-fail|p2a: Wobbuffet\n|\n|upkeep\n|turn|20\n|inactive|cesar161718 has 120 seconds left.\n|\n|t:|1769898320\n|move|p1a: Slurpuff|Play Rough|p2a: Wobbuffet\n|-damage|p2a: Wobbuffet|168/510\n|move|p2a: Wobbuffet|Counter|p1a: Slurpuff\n|-damage|p1a: Slurpuff|0 fnt\n|faint|p1a: Slurpuff\n|\n|upkeep\n|\n|t:|1769898330\n|switch|p1a: Reshiram|Reshiram, L75|274/274\n|-ability|p1a: Reshiram|Turboblaze\n|turn|21\n|inactive|cesar161718 has 120 seconds left.\n|inactive|MimikyuTrainerAsh has 120 seconds left.\n|\n|t:|1769898373\n|move|p1a: Reshiram|Blue Flare|p2a: Wobbuffet\n|-damage|p2a: Wobbuffet|0 fnt\n|faint|p2a: Wobbuffet\n|\n|upkeep\n|\n|t:|1769898378\n|switch|p2a: Armaldo|Armaldo, L89, F|101/278\n|turn|22\n|inactive|MimikyuTrainerAsh has 120 seconds left.\n|\n|t:|1769898383\n|move|p1a: Reshiram|Draco Meteor|p2a: Armaldo\n|-damage|p2a: Armaldo|0 fnt\n|-unboost|p1a: Reshiram|spa|2\n|faint|p2a: Armaldo\n|\n|win|MimikyuTrainerAsh\n|raw|MimikyuTrainerAsh's rating: 1686 &rarr; <strong>1707</strong><br />(+21 for winning)\n|raw|cesar161718's rating: 1706 &rarr; <strong>1685</strong><br />(-21 for losing)\n", "inputlog": ">version b99ff0165a6231f17e8b78c2a78d1998375de664\n>start {\"formatid\":\"gen7randombattle\",\"seed\":\"sodium,c935cdb32a8773a1024e808b9170c540\",\"rated\":\"Rated battle\"}\n>player p1 {\"name\":\"MimikyuTrainerAsh\",\"avatar\":\"pokekid\",\"rating\":1670,\"seed\":\"sodium,a73b2f146741148f3eef73f1b2a8d872\"}\n>player p2 {\"name\":\"cesar161718\",\"avatar\":\"169\",\"rating\":1706,\"seed\":\"sodium,384277253061759c042cc0ff4ff9b705\"}\n>p1 switch 4\n>p2 move stoneedge\n>p1 move knockoff\n>p2 switch 6\n>p1 move icebeam\n>p2 move hypervoice\n>p1 switch 6\n>p1 move dragondance\n>p2 switch 3\n>p1 move fly zmove\n>p2 move icebeam\n>p1 switch 2\n>p1 move waterfall\n>p2 move poisonjab\n>p2 switch 5\n>p1 switch 4\n>p2 move moonblast\n>p1 move blizzard\n>p2 switch 3\n>p2 switch 6\n>p1 move blizzard\n>p2 move xscissor\n>p1 switch 4\n>p1 move protect\n>p2 move xscissor\n>p1 move waterfall\n>p2 switch 3\n>p1 move icefang mega\n>p2 move spore\n>chat ☆MimikyuTrainerAsh|wow\n>chat ☆cesar161718|bueno ojo por ojo\n>p1 move icefang\n>p2 move moonblast\n>p2 switch 4\n>p1 move crunch\n>p2 move earthquake\n>p1 move crunch\n>p2 move dragondance\n>chat ☆MimikyuTrainerAsh|you’re fucking kidding\n>chat ☆cesar161718|y diente por diente\n>p1 move crunch\n>p2 move earthquake\n>p1 switch 5\n>p1 move bellydrum\n>p2 move waterfall\n>p1 move playrough\n>p2 move earthquake\n>p2 switch 2\n>p1 move playrough\n>p2 move counter\n>p1 move playrough\n>p2 move counter\n>p1 switch 3\n>p1 move blueflare\n>p2 move encore\n>p2 switch 3\n>p1 move dracometeor\n>p2 move stoneedge", "uploadtime": 1769898386, "views": 186, "formatid": "gen7randombattle", "rating": 1685, "private": 0, "password": null}