{"id": "gen7randombattle-2534540267", "format": "[Gen 7] Random Battle", "players": ["Lucky100x", "bin2409"], "log": "|j|☆Lucky100x\n|j|☆bin2409\n|t:|1770434335\n|gametype|singles\n|player|p1|Lucky100x|1|1675\n|player|p2|bin2409|lucas|1921\n|gen|7\n|tier|[Gen 7] Random Battle\n|rated|\n|rule|Sleep Clause Mod: Limit one foe put to sleep\n|rule|HP Percentage Mod: HP is shown in percentages\n|rule|Illusion Level Mod: Illusion disguises the Pokémon's true level\n|\n|t:|1770434335\n|teamsize|p1|6\n|teamsize|p2|6\n|start\n|switch|p1a: Mesprit|Mesprit, L86|278/278\n|switch|p2a: Naganadel|Naganadel, L74|230/230\n|turn|1\n|inactive|Battle timer is ON: inactive players will automatically lose when time's up. (requested by Lucky100x)\n|\n|t:|1770434353\n|switch|p2a: Registeel|Registeel, L83|268/268\n|move|p1a: Mesprit|Thunder Wave|p2a: Registeel|[miss]\n|-miss|p1a: Mesprit|p2a: Registeel\n|\n|upkeep\n|turn|2\n|\n|t:|1770434365\n|switch|p1a: Moltres|Moltres, L82|281/281\n|move|p2a: Registeel|Toxic|p1a: Moltres\n|-status|p1a: Moltres|tox\n|\n|-damage|p1a: Moltres|264/281 tox|[from] psn\n|upkeep\n|turn|3\n|\n|t:|1770434380\n|switch|p2a: Dragalge|Dragalge, L87, F|255/255\n|move|p1a: Moltres|Fire Blast|p2a: Dragalge\n|-resisted|p2a: Dragalge\n|-damage|p2a: Dragalge|222/255\n|\n|-heal|p1a: Moltres|281/281 tox|[from] item: Leftovers\n|-damage|p1a: Moltres|247/281 tox|[from] psn\n|upkeep\n|turn|4\n|\n|t:|1770434392\n|switch|p1a: Mesprit|Mesprit, L86|278/278\n|move|p2a: Dragalge|Dragon Tail|p1a: Mesprit\n|-damage|p1a: Mesprit|218/278\n|drag|p1a: Alomomola|Alomomola, L87, F|429/429\n|\n|upkeep\n|turn|5\n|\n|t:|1770434406\n|switch|p1a: Mesprit|Mesprit, L86|218/278\n|move|p2a: Dragalge|Sludge Wave|p1a: Mesprit\n|-damage|p1a: Mesprit|88/278\n|-status|p1a: Mesprit|psn\n|\n|-heal|p1a: Mesprit|105/278 psn|[from] item: Leftovers\n|-damage|p1a: Mesprit|71/278 psn|[from] psn\n|upkeep\n|turn|6\n|\n|t:|1770434416\n|move|p1a: Mesprit|Stealth Rock|p2a: Dragalge\n|-sidestart|p2: bin2409|move: Stealth Rock\n|move|p2a: Dragalge|Sludge Wave|p1a: Mesprit\n|-damage|p1a: Mesprit|0 fnt\n|faint|p1a: Mesprit\n|\n|upkeep\n|\n|t:|1770434423\n|switch|p1a: Dusknoir|Dusknoir, L89, M|225/225\n|-ability|p1a: Dusknoir|Pressure\n|turn|7\n|\n|t:|1770434439\n|move|p1a: Dusknoir|Earthquake|p2a: Dragalge\n|-supereffective|p2a: Dragalge\n|-crit|p2a: Dragalge\n|-damage|p2a: Dragalge|0 fnt\n|faint|p2a: Dragalge\n|\n|upkeep\n|\n|t:|1770434448\n|switch|p2a: Registeel|Registeel, L83|268/268\n|-damage|p2a: Registeel|252/268|[from] Stealth Rock\n|turn|8\n|\n|t:|1770434461\n|switch|p1a: Moltres|Moltres, L82|247/281 tox\n|move|p2a: Registeel|Toxic|p1a: Moltres\n|-fail|p1a: Moltres|tox\n|\n|-heal|p1a: Moltres|264/281 tox|[from] item: Leftovers\n|-heal|p2a: Registeel|268/268|[from] item: Leftovers\n|-damage|p1a: Moltres|247/281 tox|[from] psn\n|upkeep\n|turn|9\n|\n|t:|1770434467\n|switch|p2a: Naganadel|Naganadel, L74|230/230\n|-damage|p2a: Naganadel|202/230|[from] Stealth Rock\n|move|p1a: Moltres|Fire Blast|p2a: Naganadel\n|-resisted|p2a: Naganadel\n|-damage|p2a: Naganadel|120/230\n|\n|-heal|p1a: Moltres|264/281 tox|[from] item: Leftovers\n|-damage|p1a: Moltres|230/281 tox|[from] psn\n|upkeep\n|turn|10\n|\n|t:|1770434480\n|switch|p1a: Dusknoir|Dusknoir, L89, M|225/225\n|-ability|p1a: Dusknoir|Pressure\n|-zpower|p2a: Naganadel\n|move|p2a: Naganadel|Devastating Drake|p1a: Dusknoir|[zeffect]\n|-damage|p1a: Dusknoir|83/225\n|\n|-heal|p1a: Dusknoir|97/225|[from] item: Leftovers\n|upkeep\n|turn|11\n|\n|t:|1770434493\n|move|p2a: Naganadel|Draco Meteor|p1a: Dusknoir\n|-damage|p1a: Dusknoir|3/225\n|-unboost|p2a: Naganadel|spa|2\n|move|p1a: Dusknoir|Pain Split|p2a: Naganadel\n|-sethp|p2a: Naganadel|61/230|[from] move: Pain Split|[silent]\n|-sethp|p1a: Dusknoir|61/225|[from] move: Pain Split\n|\n|-heal|p1a: Dusknoir|75/225|[from] item: Leftovers\n|upkeep\n|turn|12\n|\n|t:|1770434500\n|move|p2a: Naganadel|Draco Meteor|p1a: Dusknoir\n|-damage|p1a: Dusknoir|30/225\n|-unboost|p2a: Naganadel|spa|2\n|move|p1a: Dusknoir|Earthquake|p2a: Naganadel\n|-supereffective|p2a: Naganadel\n|-damage|p2a: Naganadel|0 fnt\n|faint|p2a: Naganadel\n|\n|-heal|p1a: Dusknoir|44/225|[from] item: Leftovers\n|upkeep\n|\n|t:|1770434512\n|switch|p2a: Mewtwo|Mewtwo, L70|264/264\n|-ability|p2a: Mewtwo|Unnerve\n|-damage|p2a: Mewtwo|231/264|[from] Stealth Rock\n|turn|13\n|\n|t:|1770434518\n|move|p1a: Dusknoir|Shadow Sneak|p2a: Mewtwo\n|-supereffective|p2a: Mewtwo\n|-damage|p2a: Mewtwo|127/264\n|move|p2a: Mewtwo|Psystrike|p1a: Dusknoir\n|-damage|p1a: Dusknoir|0 fnt\n|faint|p1a: Dusknoir\n|\n|upkeep\n|\n|t:|1770434526\n|switch|p1a: Scrafty|Scrafty, L84, M|246/246\n|turn|14\n|\n|t:|1770434531\n|switch|p2a: Chesnaught|Chesnaught, L89, F|301/301\n|-damage|p2a: Chesnaught|283/301|[from] Stealth Rock\n|move|p1a: Scrafty|Knock Off|p2a: Chesnaught\n|-resisted|p2a: Chesnaught\n|-damage|p2a: Chesnaught|250/301\n|-enditem|p2a: Chesnaught|Leftovers|[from] move: Knock Off|[of] p1a: Scrafty\n|\n|upkeep\n|turn|15\n|\n|t:|1770434542\n|switch|p1a: Moltres|Moltres, L82|230/281 tox\n|move|p2a: Chesnaught|Leech Seed|p1a: Moltres\n|-start|p1a: Moltres|move: Leech Seed\n|\n|-heal|p1a: Moltres|247/281 tox|[from] item: Leftovers\n|-damage|p1a: Moltres|212/281 tox|[from] Leech Seed|[of] p2a: Chesnaught\n|-heal|p2a: Chesnaught|285/301|[silent]\n|-damage|p1a: Moltres|195/281 tox|[from] psn\n|upkeep\n|turn|16\n|\n|t:|1770434549\n|move|p2a: Chesnaught|Spiky Shield|p2a: Chesnaught\n|-singleturn|p2a: Chesnaught|move: Protect\n|move|p1a: Moltres|Fire Blast|p2a: Chesnaught\n|-activate|p2a: Chesnaught|move: Protect\n|\n|-heal|p1a: Moltres|212/281 tox|[from] item: Leftovers\n|-damage|p1a: Moltres|177/281 tox|[from] Leech Seed|[of] p2a: Chesnaught\n|-heal|p2a: Chesnaught|301/301|[silent]\n|-damage|p1a: Moltres|143/281 tox|[from] psn\n|upkeep\n|turn|17\n|\n|t:|1770434558\n|switch|p2a: Mewtwo|Mewtwo, L70|127/264\n|-ability|p2a: Mewtwo|Unnerve\n|-damage|p2a: Mewtwo|94/264|[from] Stealth Rock\n|move|p1a: Moltres|Fire Blast|p2a: Mewtwo\n|-damage|p2a: Mewtwo|0 fnt\n|faint|p2a: Mewtwo\n|\n|-heal|p1a: Moltres|160/281 tox|[from] item: Leftovers\n|-damage|p1a: Moltres|109/281 tox|[from] psn\n|upkeep\n|\n|t:|1770434569\n|switch|p2a: Jynx|Jynx, L89, F|260/260\n|-damage|p2a: Jynx|195/260|[from] Stealth Rock\n|turn|18\n|\n|t:|1770434574\n|switch|p1a: Bouffalant|Bouffalant, L87, M|307/307\n|move|p2a: Jynx|Ice Beam|p1a: Bouffalant\n|-damage|p1a: Bouffalant|158/307\n|-damage|p2a: Jynx|169/260|[from] item: Life Orb\n|\n|-heal|p1a: Bouffalant|177/307|[from] item: Leftovers\n|upkeep\n|turn|19\n|\n|t:|1770434582\n|move|p2a: Jynx|Focus Blast|p1a: Bouffalant\n|-supereffective|p1a: Bouffalant\n|-crit|p1a: Bouffalant\n|-damage|p1a: Bouffalant|0 fnt\n|faint|p1a: Bouffalant\n|-damage|p2a: Jynx|143/260|[from] item: Life Orb\n|\n|upkeep\n|\n|t:|1770434586\n|switch|p1a: Scrafty|Scrafty, L84, M|246/246\n|turn|20\n|\n|t:|1770434597\n|switch|p2a: Chesnaught|Chesnaught, L89, F|301/301\n|-damage|p2a: Chesnaught|283/301|[from] Stealth Rock\n|move|p1a: Scrafty|Knock Off|p2a: Chesnaught\n|-resisted|p2a: Chesnaught\n|-damage|p2a: Chesnaught|259/301\n|\n|upkeep\n|turn|21\n|\n|t:|1770434603\n|move|p2a: Chesnaught|Leech Seed|p1a: Scrafty\n|-start|p1a: Scrafty|move: Leech Seed\n|move|p1a: Scrafty|Bulk Up|p1a: Scrafty\n|-boost|p1a: Scrafty|atk|1\n|-boost|p1a: Scrafty|def|1\n|\n|-damage|p1a: Scrafty|216/246|[from] Leech Seed|[of] p2a: Chesnaught\n|-heal|p2a: Chesnaught|289/301|[silent]\n|upkeep\n|turn|22\n|\n|t:|1770434608\n|move|p2a: Chesnaught|Drain Punch|p1a: Scrafty\n|-supereffective|p1a: Scrafty\n|-damage|p1a: Scrafty|108/246\n|-heal|p2a: Chesnaught|301/301|[from] drain|[of] p1a: Scrafty\n|move|p1a: Scrafty|Bulk Up|p1a: Scrafty\n|-boost|p1a: Scrafty|atk|1\n|-boost|p1a: Scrafty|def|1\n|\n|-heal|p1a: Scrafty|123/246|[from] item: Leftovers\n|-damage|p1a: Scrafty|93/246|[from] Leech Seed|[of] p2a: Chesnaught\n|upkeep\n|turn|23\n|\n|t:|1770434614\n|move|p2a: Chesnaught|Drain Punch|p1a: Scrafty\n|-supereffective|p1a: Scrafty\n|-damage|p1a: Scrafty|15/246\n|move|p1a: Scrafty|Rest|p1a: Scrafty\n|-status|p1a: Scrafty|slp|[from] move: Rest\n|-heal|p1a: Scrafty|246/246 slp|[silent]\n|\n|-damage|p1a: Scrafty|216/246 slp|[from] Leech Seed|[of] p2a: Chesnaught\n|upkeep\n|turn|24\n|\n|t:|1770434619\n|switch|p1a: Moltres|Moltres, L82|109/281 tox\n|move|p2a: Chesnaught|Drain Punch|p1a: Moltres\n|-resisted|p1a: Moltres\n|-damage|p1a: Moltres|61/281 tox\n|\n|-heal|p1a: Moltres|78/281 tox|[from] item: Leftovers\n|-damage|p1a: Moltres|61/281 tox|[from] psn\n|upkeep\n|turn|25\n|\n|t:|1770434624\n|move|p1a: Moltres|Roost|p1a: Moltres\n|-heal|p1a: Moltres|202/281 tox\n|-singleturn|p1a: Moltres|move: Roost\n|move|p2a: Chesnaught|Leech Seed|p1a: Moltres\n|-start|p1a: Moltres|move: Leech Seed\n|\n|-heal|p1a: Moltres|219/281 tox|[from] item: Leftovers\n|-damage|p1a: Moltres|184/281 tox|[from] Leech Seed|[of] p2a: Chesnaught\n|-damage|p1a: Moltres|150/281 tox|[from] psn\n|upkeep\n|turn|26\n|\n|t:|1770434631\n|move|p1a: Moltres|Fire Blast|p2a: Chesnaught\n|-supereffective|p2a: Chesnaught\n|-damage|p2a: Chesnaught|29/301\n|move|p2a: Chesnaught|Drain Punch|p1a: Moltres\n|-resisted|p1a: Moltres\n|-damage|p1a: Moltres|99/281 tox\n|-heal|p2a: Chesnaught|55/301|[from] drain|[of] p1a: Moltres\n|\n|-heal|p1a: Moltres|116/281 tox|[from] item: Leftovers\n|-damage|p1a: Moltres|81/281 tox|[from] Leech Seed|[of] p2a: Chesnaught\n|-heal|p2a: Chesnaught|90/301|[silent]\n|-damage|p1a: Moltres|30/281 tox|[from] psn\n|upkeep\n|turn|27\n|\n|t:|1770434639\n|switch|p1a: Scrafty|Scrafty, L84, M|216/246 slp\n|move|p2a: Chesnaught|Drain Punch|p1a: Scrafty\n|-supereffective|p1a: Scrafty\n|-damage|p1a: Scrafty|48/246 slp\n|-heal|p2a: Chesnaught|174/301|[from] drain|[of] p1a: Scrafty\n|\n|-activate|p1a: Scrafty|ability: Shed Skin\n|-curestatus|p1a: Scrafty|slp|[msg]\n|-heal|p1a: Scrafty|63/246|[from] item: Leftovers\n|upkeep\n|turn|28\n|\n|t:|1770434644\n|move|p2a: Chesnaught|Drain Punch|p1a: Scrafty\n|-supereffective|p1a: Scrafty\n|-damage|p1a: Scrafty|0 fnt\n|-heal|p2a: Chesnaught|206/301|[from] drain|[of] p1a: Scrafty\n|faint|p1a: Scrafty\n|\n|upkeep\n|\n|t:|1770434645\n|switch|p1a: Moltres|Moltres, L82|30/281 tox\n|turn|29\n|\n|t:|1770434648\n|move|p1a: Moltres|Fire Blast|p2a: Chesnaught\n|-supereffective|p2a: Chesnaught\n|-damage|p2a: Chesnaught|0 fnt\n|faint|p2a: Chesnaught\n|\n|-heal|p1a: Moltres|47/281 tox|[from] item: Leftovers\n|-damage|p1a: Moltres|30/281 tox|[from] psn\n|upkeep\n|\n|t:|1770434651\n|switch|p2a: Jynx|Jynx, L89, F|143/260\n|-damage|p2a: Jynx|78/260|[from] Stealth Rock\n|turn|30\n|\n|t:|1770434656\n|switch|p1a: Alomomola|Alomomola, L87, F|429/429\n|move|p2a: Jynx|Ice Beam|p1a: Alomomola\n|-resisted|p1a: Alomomola\n|-damage|p1a: Alomomola|312/429\n|-damage|p2a: Jynx|52/260|[from] item: Life Orb\n|\n|-heal|p1a: Alomomola|338/429|[from] item: Leftovers\n|upkeep\n|turn|31\n|\n|t:|1770434662\n|move|p2a: Jynx|Lovely Kiss|p1a: Alomomola|[miss]\n|-miss|p2a: Jynx|p1a: Alomomola\n|move|p1a: Alomomola|Wish|p1a: Alomomola\n|\n|-heal|p1a: Alomomola|364/429|[from] item: Leftovers\n|upkeep\n|turn|32\n|\n|t:|1770434669\n|move|p2a: Jynx|Ice Beam|p1a: Alomomola\n|-resisted|p1a: Alomomola\n|-damage|p1a: Alomomola|234/429\n|-damage|p2a: Jynx|26/260|[from] item: Life Orb\n|move|p1a: Alomomola|Toxic|p2a: Jynx\n|-status|p2a: Jynx|tox\n|\n|-heal|p1a: Alomomola|429/429|[from] move: Wish|[wisher] Alomomola\n|-damage|p2a: Jynx|10/260 tox|[from] psn\n|upkeep\n|turn|33\n|\n|t:|1770434676\n|move|p1a: Alomomola|Protect|p1a: Alomomola\n|-singleturn|p1a: Alomomola|Protect\n|move|p2a: Jynx|Lovely Kiss|p1a: Alomomola\n|-activate|p1a: Alomomola|move: Protect\n|\n|-damage|p2a: Jynx|0 fnt|[from] psn\n|faint|p2a: Jynx\n|upkeep\n|\n|t:|1770434678\n|switch|p2a: Registeel|Registeel, L83|268/268\n|-damage|p2a: Registeel|252/268|[from] Stealth Rock\n|turn|34\n|\n|t:|1770434682\n|move|p1a: Alomomola|Scald|p2a: Registeel\n|-damage|p2a: Registeel|216/268\n|move|p2a: Registeel|Seismic Toss|p1a: Alomomola\n|-damage|p1a: Alomomola|346/429\n|\n|-heal|p1a: Alomomola|372/429|[from] item: Leftovers\n|-heal|p2a: Registeel|232/268|[from] item: Leftovers\n|upkeep\n|turn|35\n|\n|t:|1770434687\n|move|p1a: Alomomola|Scald|p2a: Registeel\n|-damage|p2a: Registeel|196/268\n|move|p2a: Registeel|Seismic Toss|p1a: Alomomola\n|-damage|p1a: Alomomola|289/429\n|\n|-heal|p1a: Alomomola|315/429|[from] item: Leftovers\n|-heal|p2a: Registeel|212/268|[from] item: Leftovers\n|upkeep\n|turn|36\n|\n|t:|1770434691\n|move|p1a: Alomomola|Scald|p2a: Registeel\n|-damage|p2a: Registeel|178/268\n|move|p2a: Registeel|Toxic|p1a: Alomomola\n|-status|p1a: Alomomola|tox\n|\n|-heal|p1a: Alomomola|341/429 tox|[from] item: Leftovers\n|-heal|p2a: Registeel|194/268|[from] item: Leftovers\n|-damage|p1a: Alomomola|315/429 tox|[from] psn\n|upkeep\n|turn|37\n|\n|t:|1770434693\n|move|p1a: Alomomola|Scald|p2a: Registeel\n|-damage|p2a: Registeel|163/268\n|move|p2a: Registeel|Seismic Toss|p1a: Alomomola\n|-damage|p1a: Alomomola|232/429 tox\n|\n|-heal|p1a: Alomomola|258/429 tox|[from] item: Leftovers\n|-heal|p2a: Registeel|179/268|[from] item: Leftovers\n|-damage|p1a: Alomomola|206/429 tox|[from] psn\n|upkeep\n|turn|38\n|\n|t:|1770434699\n|move|p1a: Alomomola|Scald|p2a: Registeel\n|-damage|p2a: Registeel|145/268\n|-status|p2a: Registeel|brn\n|move|p2a: Registeel|Rest|p2a: Registeel\n|-status|p2a: Registeel|slp|[from] move: Rest\n|-heal|p2a: Registeel|268/268 slp|[silent]\n|\n|-heal|p1a: Alomomola|232/429 tox|[from] item: Leftovers\n|-damage|p1a: Alomomola|154/429 tox|[from] psn\n|upkeep\n|turn|39\n|\n|t:|1770434704\n|move|p1a: Alomomola|Scald|p2a: Registeel\n|-damage|p2a: Registeel|232/268 slp\n|cant|p2a: Registeel|slp\n|move|p2a: Registeel|Sleep Talk|p2a: Registeel\n|move|p2a: Registeel|Seismic Toss|p1a: Alomomola|[from] move: Sleep Talk\n|-damage|p1a: Alomomola|71/429 tox\n|\n|-heal|p1a: Alomomola|97/429 tox|[from] item: Leftovers\n|-heal|p2a: Registeel|248/268 slp|[from] item: Leftovers\n|-damage|p1a: Alomomola|0 fnt|[from] psn\n|faint|p1a: Alomomola\n|upkeep\n|\n|t:|1770434705\n|switch|p1a: Moltres|Moltres, L82|30/281 tox\n|turn|40\n|\n|t:|1770434707\n|move|p1a: Moltres|Fire Blast|p2a: Registeel\n|-supereffective|p2a: Registeel\n|-damage|p2a: Registeel|60/268 slp\n|cant|p2a: Registeel|slp\n|move|p2a: Registeel|Sleep Talk|p2a: Registeel\n|move|p2a: Registeel|Seismic Toss|p1a: Moltres|[from] move: Sleep Talk\n|-damage|p1a: Moltres|0 fnt\n|faint|p1a: Moltres\n|\n|win|bin2409\n|raw|Lucky100x's rating: 1675 &rarr; <strong>1667</strong><br />(-8 for losing)\n|raw|bin2409's rating: 1921 &rarr; <strong>1929</strong><br />(+8 for winning)\n", "inputlog": ">version ccdc32dd7cde25fd9e4bed64820e885f66e78a4e\n>start {\"formatid\":\"gen7randombattle\",\"seed\":\"sodium,385dea5c0e141d8ebe8275ce3c7db280\",\"rated\":\"Rated battle\"}\n>player p1 {\"name\":\"Lucky100x\",\"avatar\":\"1\",\"rating\":1675,\"seed\":\"sodium,3e4d5b273931b6c8aa9f0e1f1a470aea\"}\n>player p2 {\"name\":\"bin2409\",\"avatar\":\"lucas\",\"rating\":1921,\"seed\":\"sodium,9e256d892316e7d6c653558d52cb267c\"}\n>p1 move thunderwave\n>p2 switch 5\n>p1 switch 5\n>p2 move toxic\n>p1 move fireblast\n>p2 switch 3\n>p1 switch 5\n>p2 move dragontail\n>p1 switch 3\n>p2 move sludgewave\n>p1 move stealthrock\n>p2 move sludgewave\n>p1 switch 6\n>p1 move earthquake\n>p2 move dracometeor\n>p2 switch 3\n>p1 switch 5\n>p2 move toxic\n>p1 move fireblast\n>p2 switch 5\n>p1 switch 5\n>p2 move dracometeor zmove\n>p1 move painsplit\n>p2 move dracometeor\n>p1 move earthquake\n>p2 move dracometeor\n>p2 switch 2\n>p1 move shadowsneak\n>p2 move psystrike\n>p1 switch 4\n>p1 move knockoff\n>p2 switch 6\n>p1 switch 5\n>p2 move leechseed\n>p1 move fireblast\n>p2 move spikyshield\n>p1 move fireblast\n>p2 switch 6\n>p2 switch 4\n>p1 switch 2\n>p2 move icebeam\n>p1 move headcharge\n>p2 move focusblast\n>p1 switch 5\n>p1 move knockoff\n>p2 switch 6\n>p1 move bulkup\n>p2 move leechseed\n>p1 move bulkup\n>p2 move drainpunch\n>p1 move rest\n>p2 move drainpunch\n>p1 switch 2\n>p2 move drainpunch\n>p1 move roost\n>p2 move leechseed\n>p1 move fireblast\n>p2 move drainpunch\n>p1 switch 2\n>p2 move drainpunch\n>p1 move drainpunch\n>p2 move drainpunch\n>p1 switch 2\n>p1 move fireblast\n>p2 move drainpunch\n>p2 switch 6\n>p1 switch 3\n>p2 move icebeam\n>p1 move wish\n>p2 move lovelykiss\n>p1 move toxic\n>p2 move icebeam\n>p1 move protect\n>p2 move lovelykiss\n>p2 switch 5\n>p1 move scald\n>p2 move seismictoss\n>p1 move scald\n>p2 move seismictoss\n>p1 move scald\n>p2 move toxic\n>p1 move scald\n>p2 move seismictoss\n>p1 move scald\n>p2 move rest\n>p1 move scald\n>p2 move sleeptalk\n>p1 switch 3\n>p1 move fireblast\n>p2 move sleeptalk", "uploadtime": 1770434712, "views": 201, "formatid": "gen7randombattle", "rating": 1667, "private": 0, "password": null}