{"id": "gen7randombattle-2539442590", "format": "[Gen 7] Random Battle", "players": ["aurora ltd", "UFO VSkee"], "log": "|j|☆aurora ltd\n|j|☆UFO VSkee\n|t:|1771059802\n|gametype|singles\n|player|p1|aurora ltd|1|1638\n|player|p2|UFO VSkee|emmet|1602\n|gen|7\n|tier|[Gen 7] Random Battle\n|rated|\n|rule|Sleep Clause Mod: Limit one foe put to sleep\n|rule|HP Percentage Mod: HP is shown in percentages\n|rule|Illusion Level Mod: Illusion disguises the Pokémon's true level\n|\n|t:|1771059802\n|teamsize|p1|6\n|teamsize|p2|6\n|start\n|switch|p1a: Dugtrio|Dugtrio, L84, F|196/196\n|switch|p2a: Xurkitree|Xurkitree, L80|264/264\n|turn|1\n|inactive|Battle timer is ON: inactive players will automatically lose when time's up. (requested by UFO VSkee)\n|c|☆UFO VSkee|Nice\n|\n|t:|1771059834\n|move|p1a: Dugtrio|Earthquake|p2a: Xurkitree\n|-supereffective|p2a: Xurkitree\n|-damage|p2a: Xurkitree|0 fnt\n|faint|p2a: Xurkitree\n|\n|upkeep\n|\n|t:|1771059839\n|switch|p2a: Furfrou|Furfrou-Star, L86, M|269/269\n|turn|2\n|\n|t:|1771059867\n|switch|p1a: Magearna|Magearna-Original, L77|250/250\n|move|p2a: Furfrou|U-turn|p1a: Magearna\n|-resisted|p1a: Magearna\n|-damage|p1a: Magearna|240/250\n|\n|t:|1771059875\n|switch|p2a: Slowbro|Slowbro, L85, M|300/300|[from] U-turn\n|\n|upkeep\n|turn|3\n|inactive|aurora ltd has 120 seconds left.\n|\n|t:|1771059923\n|switch|p1a: Cresselia|Cresselia, L82, F|331/331\n|move|p2a: Slowbro|Scald|p1a: Cresselia\n|-damage|p1a: Cresselia|264/331\n|\n|-heal|p1a: Cresselia|284/331|[from] item: Leftovers\n|upkeep\n|turn|4\n|\n|t:|1771059934\n|switch|p2a: Furfrou|Furfrou-Star, L86, M|269/269\n|move|p1a: Cresselia|Moonblast|p2a: Furfrou\n|-damage|p2a: Furfrou|217/269\n|-unboost|p2a: Furfrou|spa|1\n|\n|-heal|p1a: Cresselia|304/331|[from] item: Leftovers\n|upkeep\n|turn|5\n|inactive|aurora ltd has 90 seconds left.\n|\n|t:|1771059969\n|move|p2a: Furfrou|U-turn|p1a: Cresselia\n|-supereffective|p1a: Cresselia\n|-damage|p1a: Cresselia|234/331\n|\n|t:|1771059974\n|switch|p2a: Shiinotic|Shiinotic, L91, M|257/257|[from] U-turn\n|move|p1a: Cresselia|Thunder Wave|p2a: Shiinotic\n|-status|p2a: Shiinotic|par\n|\n|-heal|p1a: Cresselia|254/331|[from] item: Leftovers\n|upkeep\n|turn|6\n|\n|t:|1771059995\n|move|p1a: Cresselia|Psychic|p2a: Shiinotic\n|-damage|p2a: Shiinotic|190/257 par\n|move|p2a: Shiinotic|Leech Seed|p1a: Cresselia|[miss]\n|-miss|p2a: Shiinotic|p1a: Cresselia\n|\n|-heal|p1a: Cresselia|274/331|[from] item: Leftovers\n|-heal|p2a: Shiinotic|206/257 par|[from] item: Leftovers\n|upkeep\n|turn|7\n|\n|t:|1771060002\n|move|p1a: Cresselia|Psychic|p2a: Shiinotic\n|-damage|p2a: Shiinotic|145/257 par\n|move|p2a: Shiinotic|Leech Seed|p1a: Cresselia\n|-start|p1a: Cresselia|move: Leech Seed\n|\n|-heal|p1a: Cresselia|294/331|[from] item: Leftovers\n|-heal|p2a: Shiinotic|161/257 par|[from] item: Leftovers\n|-damage|p1a: Cresselia|253/331|[from] Leech Seed|[of] p2a: Shiinotic\n|-heal|p2a: Shiinotic|202/257 par|[silent]\n|upkeep\n|turn|8\n|\n|t:|1771060011\n|move|p1a: Cresselia|Psychic|p2a: Shiinotic\n|-damage|p2a: Shiinotic|141/257 par\n|cant|p2a: Shiinotic|par\n|\n|-heal|p1a: Cresselia|273/331|[from] item: Leftovers\n|-heal|p2a: Shiinotic|157/257 par|[from] item: Leftovers\n|-damage|p1a: Cresselia|232/331|[from] Leech Seed|[of] p2a: Shiinotic\n|-heal|p2a: Shiinotic|198/257 par|[silent]\n|upkeep\n|turn|9\n|\n|t:|1771060018\n|move|p1a: Cresselia|Psychic|p2a: Shiinotic\n|-damage|p2a: Shiinotic|135/257 par\n|cant|p2a: Shiinotic|par\n|\n|-heal|p1a: Cresselia|252/331|[from] item: Leftovers\n|-heal|p2a: Shiinotic|151/257 par|[from] item: Leftovers\n|-damage|p1a: Cresselia|211/331|[from] Leech Seed|[of] p2a: Shiinotic\n|-heal|p2a: Shiinotic|192/257 par|[silent]\n|upkeep\n|turn|10\n|\n|t:|1771060026\n|move|p1a: Cresselia|Psychic|p2a: Shiinotic\n|-damage|p2a: Shiinotic|129/257 par\n|move|p2a: Shiinotic|Spore|p1a: Cresselia\n|-status|p1a: Cresselia|slp|[from] move: Spore\n|\n|-heal|p1a: Cresselia|231/331 slp|[from] item: Leftovers\n|-heal|p2a: Shiinotic|145/257 par|[from] item: Leftovers\n|-damage|p1a: Cresselia|190/331 slp|[from] Leech Seed|[of] p2a: Shiinotic\n|-heal|p2a: Shiinotic|186/257 par|[silent]\n|upkeep\n|turn|11\n|inactive|aurora ltd has 90 seconds left.\n|\n|t:|1771060045\n|switch|p1a: Magearna|Magearna-Original, L77|240/250\n|move|p2a: Shiinotic|Moonblast|p1a: Magearna\n|-resisted|p1a: Magearna\n|-damage|p1a: Magearna|195/250\n|\n|-heal|p2a: Shiinotic|202/257 par|[from] item: Leftovers\n|upkeep\n|turn|12\n|\n|t:|1771060068\n|move|p1a: Magearna|Calm Mind|p1a: Magearna\n|-boost|p1a: Magearna|spa|1\n|-boost|p1a: Magearna|spd|1\n|move|p2a: Shiinotic|Leech Seed|p1a: Magearna\n|-start|p1a: Magearna|move: Leech Seed\n|\n|-heal|p2a: Shiinotic|218/257 par|[from] item: Leftovers\n|-damage|p1a: Magearna|164/250|[from] Leech Seed|[of] p2a: Shiinotic\n|-heal|p2a: Shiinotic|249/257 par|[silent]\n|upkeep\n|turn|13\n|inactive|UFO VSkee has 120 seconds left.\n|\n|t:|1771060102\n|switch|p2a: Furfrou|Furfrou-Star, L86, M|217/269\n|-zpower|p1a: Magearna\n|move|p1a: Magearna|Twinkle Tackle|p2a: Furfrou|[zeffect]\n|-damage|p2a: Furfrou|0 fnt\n|faint|p2a: Furfrou\n|-ability|p1a: Magearna|Soul-Heart|boost\n|-boost|p1a: Magearna|spa|1\n|\n|upkeep\n|\n|t:|1771060106\n|switch|p2a: Slowbro|Slowbro, L85, M|300/300\n|turn|14\n|inactive|aurora ltd has 60 seconds left.\n|\n|t:|1771060140\n|move|p1a: Magearna|Calm Mind|p1a: Magearna\n|-boost|p1a: Magearna|spa|1\n|-boost|p1a: Magearna|spd|1\n|move|p2a: Slowbro|Fire Blast|p1a: Magearna|[miss]\n|-miss|p2a: Slowbro|p1a: Magearna\n|\n|-damage|p1a: Magearna|133/250|[from] Leech Seed|[of] p2a: Slowbro\n|upkeep\n|turn|15\n|inactive|aurora ltd has 60 seconds left.\n|\n|t:|1771060149\n|move|p1a: Magearna|Fleur Cannon|p2a: Slowbro\n|-damage|p2a: Slowbro|62/300\n|-unboost|p1a: Magearna|spa|2\n|move|p2a: Slowbro|Fire Blast|p1a: Magearna|[miss]\n|-miss|p2a: Slowbro|p1a: Magearna\n|\n|-damage|p1a: Magearna|102/250|[from] Leech Seed|[of] p2a: Slowbro\n|-heal|p2a: Slowbro|93/300|[silent]\n|upkeep\n|turn|16\n|\n|t:|1771060159\n|switch|p2a: Shiinotic|Shiinotic, L91, M|249/257 par\n|move|p1a: Magearna|Fleur Cannon|p2a: Shiinotic\n|-damage|p2a: Shiinotic|60/257 par\n|-unboost|p1a: Magearna|spa|2\n|\n|-heal|p2a: Shiinotic|76/257 par|[from] item: Leftovers\n|-damage|p1a: Magearna|71/250|[from] Leech Seed|[of] p2a: Shiinotic\n|-heal|p2a: Shiinotic|107/257 par|[silent]\n|upkeep\n|turn|17\n|\n|t:|1771060172\n|move|p1a: Magearna|Flash Cannon|p2a: Shiinotic\n|-supereffective|p2a: Shiinotic\n|-damage|p2a: Shiinotic|11/257 par\n|move|p2a: Shiinotic|Moonblast|p1a: Magearna\n|-resisted|p1a: Magearna\n|-damage|p1a: Magearna|44/250\n|\n|-heal|p2a: Shiinotic|27/257 par|[from] item: Leftovers\n|-damage|p1a: Magearna|13/250|[from] Leech Seed|[of] p2a: Shiinotic\n|-heal|p2a: Shiinotic|58/257 par|[silent]\n|upkeep\n|turn|18\n|\n|t:|1771060181\n|switch|p2a: Slowbro|Slowbro, L85, M|193/300\n|move|p1a: Magearna|Flash Cannon|p2a: Slowbro\n|-resisted|p2a: Slowbro\n|-damage|p2a: Slowbro|173/300\n|\n|-damage|p1a: Magearna|0 fnt|[from] Leech Seed|[of] p2a: Slowbro\n|-heal|p2a: Slowbro|186/300|[silent]\n|faint|p1a: Magearna\n|upkeep\n|inactive|aurora ltd has 60 seconds left.\n|inactive|aurora ltd has 30 seconds left.\n|\n|t:|1771060228\n|switch|p1a: Druddigon|Druddigon, L86, M|273/273\n|turn|19\n|inactive|aurora ltd has 30 seconds left.\n|inactive|aurora ltd has 20 seconds left.\n|inactive|aurora ltd has 15 seconds left.\n|\n|t:|1771060254\n|move|p1a: Druddigon|Gunk Shot|p2a: Slowbro\n|-damage|p2a: Slowbro|30/300\n|move|p2a: Slowbro|Ice Beam|p1a: Druddigon\n|-supereffective|p1a: Druddigon\n|-crit|p1a: Druddigon\n|-damage|p1a: Druddigon|93/273\n|\n|upkeep\n|turn|20\n|inactive|aurora ltd has 25 seconds left this turn.\n|inactive|aurora ltd has 20 seconds left.\n|\n|t:|1771060262\n|switch|p2a: Shiinotic|Shiinotic, L91, M|58/257 par\n|move|p1a: Druddigon|Fire Punch|p2a: Shiinotic\n|-supereffective|p2a: Shiinotic\n|-damage|p2a: Shiinotic|0 fnt\n|faint|p2a: Shiinotic\n|\n|upkeep\n|\n|t:|1771060269\n|switch|p2a: Heracross|Heracross, L82, F|265/265\n|turn|21\n|\n|t:|1771060273\n|move|p2a: Heracross|Close Combat|p1a: Druddigon\n|-damage|p1a: Druddigon|0 fnt\n|-unboost|p2a: Heracross|def|1\n|-unboost|p2a: Heracross|spd|1\n|faint|p1a: Druddigon\n|\n|-status|p2a: Heracross|brn|[from] item: Flame Orb\n|upkeep\n|inactive|aurora ltd has 30 seconds left.\n|\n|t:|1771060285\n|switch|p1a: Metagross|Metagross, L74|240/240\n|turn|22\n|inactive|aurora ltd has 30 seconds left.\n|inactive|aurora ltd has 20 seconds left.\n|\n|t:|1771060310\n|detailschange|p1a: Metagross|Metagross-Mega, L74\n|-mega|p1a: Metagross|Metagross|Metagrossite\n|move|p1a: Metagross|Zen Headbutt|p2a: Heracross\n|-supereffective|p2a: Heracross\n|-damage|p2a: Heracross|0 fnt\n|faint|p2a: Heracross\n|\n|upkeep\n|\n|t:|1771060315\n|switch|p2a: Slowbro|Slowbro, L85, M|130/300\n|turn|23\n|inactive|aurora ltd has 30 seconds left.\n|inactive|aurora ltd has 20 seconds left.\n|\n|t:|1771060330\n|switch|p1a: Spinda|Spinda, L99, M|279/279\n|move|p2a: Slowbro|Scald|p1a: Spinda\n|-damage|p1a: Spinda|176/279\n|\n|-heal|p1a: Spinda|193/279|[from] item: Leftovers\n|upkeep\n|turn|24\n|inactive|aurora ltd has 30 seconds left this turn.\n|inactive|aurora ltd has 20 seconds left.\n|inactive|aurora ltd has 15 seconds left.\n|\n|t:|1771060350\n|move|p1a: Spinda|Superpower|p2a: Slowbro\n|-resisted|p2a: Slowbro\n|-damage|p2a: Slowbro|98/300\n|-boost|p1a: Spinda|atk|1\n|-boost|p1a: Spinda|def|1\n|move|p2a: Slowbro|Scald|p1a: Spinda\n|-damage|p1a: Spinda|82/279\n|-status|p1a: Spinda|brn\n|\n|-heal|p1a: Spinda|99/279 brn|[from] item: Leftovers\n|-damage|p1a: Spinda|82/279 brn|[from] brn\n|upkeep\n|turn|25\n|inactive|aurora ltd has 25 seconds left this turn.\n|inactive|aurora ltd has 20 seconds left.\n|inactive|aurora ltd has 15 seconds left.\n|\n|t:|1771060361\n|move|p1a: Spinda|Rest|p1a: Spinda\n|-status|p1a: Spinda|slp|[from] move: Rest\n|-heal|p1a: Spinda|279/279 slp|[silent]\n|move|p2a: Slowbro|Future Sight|p1a: Spinda\n|-start|p2a: Slowbro|move: Future Sight\n|\n|upkeep\n|turn|26\n|inactive|aurora ltd has 25 seconds left this turn.\n|\n|t:|1771060365\n|cant|p1a: Spinda|slp\n|move|p1a: Spinda|Sleep Talk|p1a: Spinda\n|move|p1a: Spinda|Rest||[from] move: Sleep Talk|[still]\n|-fail|p1a: Spinda\n|move|p2a: Slowbro|Scald|p1a: Spinda\n|-damage|p1a: Spinda|170/279 slp\n|\n|-heal|p1a: Spinda|187/279 slp|[from] item: Leftovers\n|upkeep\n|turn|27\n|inactive|aurora ltd has 30 seconds left.\n|\n|t:|1771060373\n|cant|p1a: Spinda|slp\n|move|p1a: Spinda|Sleep Talk|p1a: Spinda\n|move|p1a: Spinda|Return|p2a: Slowbro|[from] move: Sleep Talk\n|-damage|p2a: Slowbro|0 fnt\n|faint|p2a: Slowbro\n|\n|-end|p1a: Spinda|move: Future Sight\n|-damage|p1a: Spinda|43/279 slp\n|-heal|p1a: Spinda|60/279 slp|[from] item: Leftovers\n|upkeep\n|\n|t:|1771060376\n|switch|p2a: Rayquaza|Rayquaza, L66|247/247\n|-ability|p2a: Rayquaza|Air Lock\n|turn|28\n|\n|t:|1771060389\n|detailschange|p2a: Rayquaza|Rayquaza-Mega, L66\n|-mega|p2a: Rayquaza|Rayquaza|\n|-weather|DeltaStream|[from] ability: Delta Stream|[of] p2a: Rayquaza\n|move|p2a: Rayquaza|Dragon Ascent|p1a: Spinda\n|-damage|p1a: Spinda|0 fnt\n|-unboost|p2a: Rayquaza|def|1\n|-unboost|p2a: Rayquaza|spd|1\n|faint|p1a: Spinda\n|\n|-weather|DeltaStream|[upkeep]\n|upkeep\n|inactive|aurora ltd has 30 seconds left.\n|\n|t:|1771060399\n|switch|p1a: Metagross|Metagross-Mega, L74|240/240\n|turn|29\n|\n|t:|1771060405\n|move|p1a: Metagross|Meteor Mash|p2a: Rayquaza\n|-damage|p2a: Rayquaza|1/247\n|move|p2a: Rayquaza|Dragon Ascent|p1a: Metagross\n|-resisted|p1a: Metagross\n|-damage|p1a: Metagross|165/240\n|-unboost|p2a: Rayquaza|def|1\n|-unboost|p2a: Rayquaza|spd|1\n|\n|-weather|DeltaStream|[upkeep]\n|upkeep\n|turn|30\n|\n|t:|1771060414\n|move|p1a: Metagross|Meteor Mash|p2a: Rayquaza\n|-damage|p2a: Rayquaza|0 fnt\n|faint|p2a: Rayquaza\n|-weather|none\n|detailschange|p2: Rayquaza|Rayquaza, L66|[silent]\n|\n|win|aurora ltd\n|raw|aurora ltd's rating: 1638 &rarr; <strong>1656</strong><br />(+18 for winning)\n|raw|UFO VSkee's rating: 1602 &rarr; <strong>1584</strong><br />(-18 for losing)\n", "inputlog": ">version ccdc32dd7cde25fd9e4bed64820e885f66e78a4e\n>start {\"formatid\":\"gen7randombattle\",\"seed\":\"sodium,f3a631053db30cb20cae3c0fd60881f0\",\"rated\":\"Rated battle\"}\n>player p1 {\"name\":\"aurora ltd\",\"avatar\":\"1\",\"rating\":1638,\"seed\":\"sodium,c8ffa738278bda7a6302403f5f5c6e3c\"}\n>player p2 {\"name\":\"UFO VSkee\",\"avatar\":\"emmet\",\"rating\":1602,\"seed\":\"sodium,03131151a37d2f701aa07f2cecebf571\"}\n>chat ☆UFO VSkee|Nice\n>p1 move earthquake\n>p2 move hiddenpower\n>p2 switch 4\n>p1 switch 5\n>p2 move uturn\n>p2 switch 3\n>p1 switch 6\n>p2 move scald\n>p1 move moonblast\n>p2 switch 3\n>p1 move thunderwave\n>p2 move uturn\n>p2 switch 6\n>p1 move psychic\n>p2 move leechseed\n>p1 move psychic\n>p2 move leechseed\n>p1 move psychic\n>p2 move spore\n>p1 move psychic\n>p2 move spore\n>p1 move psychic\n>p2 move spore\n>p1 switch 6\n>p2 move moonblast\n>p1 move calmmind\n>p2 move leechseed\n>p1 move fleurcannon zmove\n>p2 switch 6\n>p2 switch 3\n>p1 move calmmind\n>p2 move fireblast\n>p1 move fleurcannon\n>p2 move fireblast\n>p1 move fleurcannon\n>p2 switch 6\n>p1 move flashcannon\n>p2 move moonblast\n>p1 move flashcannon\n>p2 switch 6\n>p1 switch 3\n>p1 move gunkshot\n>p2 move icebeam\n>p1 move firepunch\n>p2 switch 6\n>p2 switch 2\n>p1 move glare\n>p2 move closecombat\n>p1 switch 4\n>p1 move zenheadbutt mega\n>p2 move knockoff\n>p2 switch 6\n>p1 switch 2\n>p2 move scald\n>p1 move superpower\n>p2 move scald\n>p1 move rest\n>p2 move futuresight\n>p1 move sleeptalk\n>p2 move scald\n>p1 move sleeptalk\n>p2 move scald\n>p2 switch 5\n>p1 move return\n>p2 move dragonascent mega\n>p1 switch 2\n>p1 move meteormash\n>p2 move dragonascent\n>p1 move meteormash\n>p2 move dragonascent", "uploadtime": 1771060437, "views": 146, "formatid": "gen7randombattle", "rating": 1584, "private": 0, "password": null}