{"id": "gen7randombattle-2535775742", "format": "[Gen 7] Random Battle", "players": ["La.Hellhound", "icy raindr0ps"], "log": "|j|‽La.Hellhound\n|j|☆icy raindr0ps\n|t:|1770607540\n|gametype|singles\n|player|p1|La.Hellhound|bruno|1658\n|player|p2|icy raindr0ps|102|1558\n|gen|7\n|tier|[Gen 7] Random Battle\n|rated|\n|rule|Sleep Clause Mod: Limit one foe put to sleep\n|rule|HP Percentage Mod: HP is shown in percentages\n|rule|Illusion Level Mod: Illusion disguises the Pokémon's true level\n|\n|t:|1770607540\n|teamsize|p1|6\n|teamsize|p2|6\n|start\n|switch|p1a: Chimecho|Chimecho, L95, F|296/296\n|switch|p2a: Cradily|Cradily, L89, F|298/298\n|turn|1\n|inactive|Battle timer is ON: inactive players will automatically lose when time's up. (requested by La.Hellhound)\n|inactive|La.Hellhound has 120 seconds left.\n|\n|t:|1770607574\n|switch|p2a: Lickilicky|Lickilicky, L89, F|341/341\n|move|p1a: Chimecho|Toxic|p2a: Lickilicky\n|-status|p2a: Lickilicky|tox\n|\n|-damage|p2a: Lickilicky|320/341 tox|[from] psn\n|upkeep\n|turn|2\n|inactive|La.Hellhound has 120 seconds left.\n|\n|t:|1770607621\n|switch|p1a: Golisopod|Golisopod, L84, M|260/260\n|move|p2a: Lickilicky|Swords Dance|p2a: Lickilicky\n|-boost|p2a: Lickilicky|atk|2\n|\n|-heal|p2a: Lickilicky|341/341 tox|[from] item: Leftovers\n|-damage|p2a: Lickilicky|299/341 tox|[from] psn\n|upkeep\n|turn|3\n|\n|t:|1770607630\n|move|p2a: Lickilicky|Return|p1a: Golisopod\n|-damage|p1a: Golisopod|121/260\n|-enditem|p1a: Golisopod|Sitrus Berry|[eat]\n|-heal|p1a: Golisopod|186/260|[from] item: Sitrus Berry\n|move|p1a: Golisopod|Spikes|p2a: Lickilicky\n|-sidestart|p2: icy raindr0ps|Spikes\n|\n|-heal|p2a: Lickilicky|320/341 tox|[from] item: Leftovers\n|-damage|p2a: Lickilicky|257/341 tox|[from] psn\n|upkeep\n|turn|4\n|\n|t:|1770607650\n|switch|p1a: Chimecho|Chimecho, L95, F|296/296\n|move|p2a: Lickilicky|Return|p1a: Chimecho\n|-damage|p1a: Chimecho|76/296\n|\n|-heal|p1a: Chimecho|94/296|[from] item: Leftovers\n|-heal|p2a: Lickilicky|278/341 tox|[from] item: Leftovers\n|-damage|p2a: Lickilicky|194/341 tox|[from] psn\n|upkeep\n|turn|5\n|\n|t:|1770607663\n|move|p1a: Chimecho|Recover|p1a: Chimecho\n|-heal|p1a: Chimecho|242/296\n|move|p2a: Lickilicky|Knock Off|p1a: Chimecho\n|-supereffective|p1a: Chimecho\n|-damage|p1a: Chimecho|0 fnt\n|-enditem|p1a: Chimecho|Leftovers|[from] move: Knock Off|[of] p2a: Lickilicky\n|faint|p1a: Chimecho\n|\n|-heal|p2a: Lickilicky|215/341 tox|[from] item: Leftovers\n|-damage|p2a: Lickilicky|110/341 tox|[from] psn\n|upkeep\n|\n|t:|1770607681\n|switch|p1a: Floette|Floette-Eternal, L83, F|259/259\n|turn|6\n|\n|t:|1770607686\n|move|p1a: Floette|Light of Ruin|p2a: Lickilicky\n|-damage|p2a: Lickilicky|0 fnt\n|faint|p2a: Lickilicky\n|-damage|p1a: Floette|204/259|[from] Recoil\n|\n|upkeep\n|\n|t:|1770607694\n|switch|p2a: Electivire|Electivire, L86, M|269/269\n|-damage|p2a: Electivire|236/269|[from] Spikes\n|turn|7\n|\n|t:|1770607700\n|switch|p1a: Latias|Latias, L78, F|253/253\n|move|p2a: Electivire|Wild Charge|p1a: Latias\n|-resisted|p1a: Latias\n|-damage|p1a: Latias|172/253\n|-damage|p2a: Electivire|216/269|[from] Recoil\n|-damage|p2a: Electivire|190/269|[from] item: Life Orb\n|\n|upkeep\n|turn|8\n|inactive|La.Hellhound has 120 seconds left.\n|inactive|La.Hellhound has 90 seconds left.\n|\n|t:|1770607740\n|detailschange|p1a: Latias|Latias-Mega, L78, F\n|-mega|p1a: Latias|Latias|Latiasite\n|move|p1a: Latias|Roost|p1a: Latias\n|-heal|p1a: Latias|253/253\n|-singleturn|p1a: Latias|move: Roost\n|move|p2a: Electivire|Ice Punch|p1a: Latias\n|-supereffective|p1a: Latias\n|-damage|p1a: Latias|102/253\n|-damage|p2a: Electivire|164/269|[from] item: Life Orb\n|\n|upkeep\n|turn|9\n|inactive|La.Hellhound has 90 seconds left.\n|\n|t:|1770607762\n|move|p1a: Latias|Roost|p1a: Latias\n|-heal|p1a: Latias|229/253\n|-singleturn|p1a: Latias|move: Roost\n|move|p2a: Electivire|Ice Punch|p1a: Latias\n|-supereffective|p1a: Latias\n|-damage|p1a: Latias|81/253\n|-damage|p2a: Electivire|138/269|[from] item: Life Orb\n|\n|upkeep\n|turn|10\n|inactive|La.Hellhound has 90 seconds left.\n|\n|t:|1770607781\n|move|p1a: Latias|Roost|p1a: Latias\n|-heal|p1a: Latias|208/253\n|-singleturn|p1a: Latias|move: Roost\n|move|p2a: Electivire|Ice Punch|p1a: Latias\n|-supereffective|p1a: Latias\n|-damage|p1a: Latias|70/253\n|-damage|p2a: Electivire|112/269|[from] item: Life Orb\n|\n|upkeep\n|turn|11\n|inactive|La.Hellhound has 90 seconds left.\n|\n|t:|1770607789\n|move|p1a: Latias|Draco Meteor|p2a: Electivire\n|-damage|p2a: Electivire|0 fnt\n|-unboost|p1a: Latias|spa|2\n|faint|p2a: Electivire\n|\n|upkeep\n|\n|t:|1770607793\n|switch|p2a: Cinccino|Cinccino, L84, F|263/263\n|-damage|p2a: Cinccino|231/263|[from] Spikes\n|turn|12\n|\n|t:|1770607801\n|switch|p1a: Luvdisc|Luvdisc, F|248/248\n|move|p2a: Cinccino|U-turn|p1a: Luvdisc\n|-damage|p1a: Luvdisc|160/248\n|\n|t:|1770607809\n|switch|p2a: Breloom|Breloom, L84, M, shiny|238/238|[from] U-turn\n|-damage|p2a: Breloom|209/238|[from] Spikes\n|\n|-heal|p1a: Luvdisc|175/248|[from] item: Leftovers\n|upkeep\n|turn|13\n|\n|t:|1770607819\n|move|p1a: Luvdisc|Protect|p1a: Luvdisc\n|-singleturn|p1a: Luvdisc|Protect\n|move|p2a: Breloom|Spore|p1a: Luvdisc\n|-activate|p1a: Luvdisc|move: Protect\n|\n|-heal|p1a: Luvdisc|190/248|[from] item: Leftovers\n|upkeep\n|turn|14\n|\n|t:|1770607828\n|switch|p1a: Latias|Latias-Mega, L78, F|70/253\n|move|p2a: Breloom|Spore|p1a: Latias\n|-status|p1a: Latias|slp|[from] move: Spore\n|\n|upkeep\n|turn|15\n|inactive|La.Hellhound has 120 seconds left.\n|inactive|icy raindr0ps has 120 seconds left.\n|inactive|icy raindr0ps has 90 seconds left.\n|\n|t:|1770607914\n|switch|p1a: Golisopod|Golisopod, L84, M|186/260\n|move|p2a: Breloom|Rock Tomb|p1a: Golisopod\n|-supereffective|p1a: Golisopod\n|-damage|p1a: Golisopod|35/260\n|-unboost|p1a: Golisopod|spe|1\n|-activate|p1a: Golisopod|ability: Emergency Exit\n|-damage|p2a: Breloom|186/238|[from] item: Life Orb\n|inactive|La.Hellhound has 120 seconds left.\n|inactive|La.Hellhound has 90 seconds left.\n|inactive|La.Hellhound has 60 seconds left.\n|inactive|La.Hellhound has 30 seconds left.\n|inactiveoff|Battle timer is now OFF.\n|\n|t:|1770608021\n|switch|p1a: Floette|Floette-Eternal, L83, F|204/259\n|\n|upkeep\n|turn|16\n|\n|t:|1770608032\n|switch|p2a: Cradily|Cradily, L89, F|298/298\n|-damage|p2a: Cradily|261/298|[from] Spikes\n|move|p1a: Floette|Moonblast|p2a: Cradily\n|-damage|p2a: Cradily|108/298\n|\n|-heal|p2a: Cradily|126/298|[from] item: Leftovers\n|upkeep\n|turn|17\n|\n|t:|1770608040\n|move|p1a: Floette|Moonblast|p2a: Cradily\n|-damage|p2a: Cradily|0 fnt\n|faint|p2a: Cradily\n|\n|upkeep\n|\n|t:|1770608043\n|switch|p2a: Raichu|Raichu, L88, M|249/249\n|-damage|p2a: Raichu|218/249|[from] Spikes\n|turn|18\n|\n|t:|1770608048\n|move|p2a: Raichu|Knock Off|p1a: Floette\n|-resisted|p1a: Floette\n|-damage|p1a: Floette|158/259\n|-enditem|p1a: Floette|Choice Specs|[from] move: Knock Off|[of] p2a: Raichu\n|move|p1a: Floette|Moonblast|p2a: Raichu\n|-damage|p2a: Raichu|142/249\n|\n|upkeep\n|turn|19\n|inactive|Battle timer is ON: inactive players will automatically lose when time's up. (requested by icy raindr0ps)\n|\n|t:|1770608057\n|move|p2a: Raichu|Thunderbolt|p1a: Floette\n|-damage|p1a: Floette|82/259\n|move|p1a: Floette|Moonblast|p2a: Raichu\n|-damage|p2a: Raichu|61/249\n|-unboost|p2a: Raichu|spa|1\n|\n|upkeep\n|turn|20\n|\n|t:|1770608068\n|move|p2a: Raichu|Thunderbolt|p1a: Floette\n|-damage|p1a: Floette|28/259\n|move|p1a: Floette|Moonblast|p2a: Raichu\n|-damage|p2a: Raichu|0 fnt\n|faint|p2a: Raichu\n|\n|upkeep\n|\n|t:|1770608078\n|switch|p2a: Cinccino|Cinccino, L84, F|231/263\n|-damage|p2a: Cinccino|199/263|[from] Spikes\n|turn|21\n|\n|t:|1770608082\n|switch|p1a: Latias|Latias-Mega, L78, F|70/253 slp\n|move|p2a: Cinccino|Tail Slap|p1a: Latias\n|-damage|p1a: Latias|34/253 slp\n|-damage|p1a: Latias|0 fnt\n|faint|p1a: Latias\n|detailschange|p1: Latias|Latias, L78, F|[silent]\n|-hitcount|p1: Latias|2\n|\n|upkeep\n|\n|t:|1770608090\n|switch|p1a: Golisopod|Golisopod, L84, M|35/260\n|turn|22\n|\n|t:|1770608094\n|move|p1a: Golisopod|First Impression|p2a: Cinccino\n|-damage|p2a: Cinccino|48/263\n|move|p2a: Cinccino|Tail Slap|p1a: Golisopod\n|-damage|p1a: Golisopod|5/260\n|-damage|p1a: Golisopod|0 fnt\n|faint|p1a: Golisopod\n|-hitcount|p1: Golisopod|2\n|\n|upkeep\n|\n|t:|1770608102\n|switch|p1a: Swellow|Swellow, L82, M|233/233\n|turn|23\n|-message|icy raindr0ps forfeited.\n|\n|win|La.Hellhound\n|raw|La.Hellhound's rating: 1658 &rarr; <strong>1672</strong><br />(+14 for winning)\n|raw|icy raindr0ps's rating: 1558 &rarr; <strong>1544</strong><br />(-14 for losing)\n|l|☆icy raindr0ps\n|player|p2|\n", "inputlog": ">version ccdc32dd7cde25fd9e4bed64820e885f66e78a4e\n>start {\"formatid\":\"gen7randombattle\",\"seed\":\"sodium,475a8129746e011a2c7278c8b6ff863f\",\"rated\":\"Rated battle\"}\n>player p1 {\"name\":\"La.Hellhound\",\"avatar\":\"bruno\",\"rating\":1658,\"seed\":\"sodium,0f0fa0257f0125fc115fd9229e26ffdc\"}\n>player p2 {\"name\":\"icy raindr0ps\",\"avatar\":\"102\",\"rating\":1558,\"seed\":\"sodium,64225cee0f142a6cd49d70e545cc652d\"}\n>p1 move toxic\n>p2 switch 5\n>p1 switch 5\n>p2 move swordsdance\n>p1 move spikes\n>p2 move return\n>p1 switch 5\n>p2 move return\n>p1 move recover\n>p2 move knockoff\n>p1 switch 2\n>p1 move lightofruin\n>p2 move return\n>p2 switch 4\n>p1 switch 3\n>p2 move wildcharge\n>p1 move roost mega\n>p2 move icepunch\n>p1 move roost\n>p2 move icepunch\n>p1 move roost\n>p2 move icepunch\n>p1 move dracometeor\n>p2 move icepunch\n>p2 switch 6\n>p1 switch 4\n>p2 move uturn\n>p2 switch 3\n>p1 move protect\n>p2 move spore\n>p1 switch 4\n>p2 move spore\n>p1 switch 5\n>p2 move rocktomb\n>p1 switch 3\n>p1 move moonblast\n>p2 switch 5\n>p1 move moonblast\n>p2 move stoneedge\n>p2 switch 2\n>p1 move moonblast\n>p2 move knockoff\n>p1 move moonblast\n>p2 move thunderbolt\n>p1 move moonblast\n>p2 move thunderbolt\n>p2 switch 3\n>p1 switch 5\n>p2 move tailslap\n>p1 switch 3\n>p1 move firstimpression\n>p2 move tailslap\n>p1 switch 6\n>forcelose p2", "uploadtime": 1770608108, "views": 189, "formatid": "gen7randombattle", "rating": 1544, "private": 0, "password": null}