{"id": "gen7randombattle-2531097381", "format": "[Gen 7] Random Battle", "players": ["check12", "Bin2409"], "log": "|j|‽check12\n|j|☆Bin2409\n|t:|1770011786\n|gametype|singles\n|player|p1|check12|169|1654\n|player|p2|Bin2409|maid|1928\n|gen|7\n|tier|[Gen 7] Random Battle\n|rated|\n|rule|Sleep Clause Mod: Limit one foe put to sleep\n|rule|HP Percentage Mod: HP is shown in percentages\n|rule|Illusion Level Mod: Illusion disguises the Pokémon's true level\n|\n|t:|1770011786\n|teamsize|p1|6\n|teamsize|p2|6\n|start\n|switch|p1a: Kyogre|Kyogre, L72|263/263\n|switch|p2a: Kingdra|Kingdra, L85, F|266/266\n|detailschange|p1a: Kyogre|Kyogre-Primal, L72\n|-primal|p1a: Kyogre|Blue Orb\n|-weather|PrimordialSea|[from] ability: Primordial Sea|[of] p1a: Kyogre\n|turn|1\n|\n|t:|1770011815\n|move|p2a: Kingdra|Dragon Dance|p2a: Kingdra\n|-boost|p2a: Kingdra|atk|1\n|-boost|p2a: Kingdra|spe|1\n|move|p1a: Kyogre|Thunder|p2a: Kingdra\n|-damage|p2a: Kingdra|179/266\n|\n|-weather|PrimordialSea|[upkeep]\n|upkeep\n|turn|2\n|\n|t:|1770011871\n|-weather|none\n|switch|p1a: Klinklang|Klinklang, L87|246/246\n|move|p2a: Kingdra|Waterfall|p1a: Klinklang\n|-damage|p1a: Klinklang|140/246\n|\n|upkeep\n|turn|3\n|\n|t:|1770011884\n|move|p2a: Kingdra|Waterfall|p1a: Klinklang\n|-damage|p1a: Klinklang|43/246\n|cant|p1a: Klinklang|flinch\n|\n|upkeep\n|turn|4\n|\n|t:|1770011892\n|switch|p1a: Lapras|Lapras, L88, F|372/372\n|move|p2a: Kingdra|Waterfall|p1a: Lapras\n|-immune|p1a: Lapras|[from] ability: Water Absorb\n|\n|upkeep\n|turn|5\n|\n|t:|1770011899\n|switch|p2a: Uxie|Uxie, L82|257/257\n|move|p1a: Lapras|Freeze-Dry|p2a: Uxie\n|-damage|p2a: Uxie|200/257\n|\n|-heal|p2a: Uxie|216/257|[from] item: Leftovers\n|upkeep\n|turn|6\n|\n|t:|1770011909\n|switch|p1a: Klinklang|Klinklang, L87|43/246\n|move|p2a: Uxie|Knock Off|p1a: Klinklang\n|-damage|p1a: Klinklang|0 fnt\n|-enditem|p1a: Klinklang|Life Orb|[from] move: Knock Off|[of] p2a: Uxie\n|faint|p1a: Klinklang\n|\n|-heal|p2a: Uxie|232/257|[from] item: Leftovers\n|upkeep\n|\n|t:|1770011920\n|switch|p1a: Genesect|Genesect, L73|224/224\n|-ability|p1a: Genesect|Download|boost\n|-boost|p1a: Genesect|spa|1\n|turn|7\n|\n|t:|1770011927\n|move|p2a: Uxie|Knock Off|p1a: Genesect\n|-damage|p1a: Genesect|161/224\n|-enditem|p1a: Genesect|Life Orb|[from] move: Knock Off|[of] p2a: Uxie\n|move|p1a: Genesect|Shift Gear|p1a: Genesect\n|-boost|p1a: Genesect|spe|2\n|-boost|p1a: Genesect|atk|1\n|\n|-heal|p2a: Uxie|248/257|[from] item: Leftovers\n|upkeep\n|turn|8\n|\n|t:|1770011943\n|move|p1a: Genesect|Shift Gear|p1a: Genesect\n|-boost|p1a: Genesect|spe|2\n|-boost|p1a: Genesect|atk|1\n|move|p2a: Uxie|Knock Off|p1a: Genesect\n|-damage|p1a: Genesect|125/224\n|\n|-heal|p2a: Uxie|257/257|[from] item: Leftovers\n|upkeep\n|turn|9\n|\n|t:|1770011951\n|move|p1a: Genesect|X-Scissor|p2a: Uxie\n|-supereffective|p2a: Uxie\n|-damage|p2a: Uxie|35/257\n|move|p2a: Uxie|Psychic|p1a: Genesect\n|-resisted|p1a: Genesect\n|-damage|p1a: Genesect|83/224\n|\n|-heal|p2a: Uxie|51/257|[from] item: Leftovers\n|upkeep\n|turn|10\n|\n|t:|1770011964\n|move|p1a: Genesect|X-Scissor|p2a: Uxie\n|-supereffective|p2a: Uxie\n|-damage|p2a: Uxie|0 fnt\n|faint|p2a: Uxie\n|\n|upkeep\n|\n|t:|1770011976\n|switch|p2a: Delcatty|Delcatty, L99, M|299/299\n|turn|11\n|\n|t:|1770011982\n|move|p1a: Genesect|Iron Head|p2a: Delcatty\n|-damage|p2a: Delcatty|125/299\n|cant|p2a: Delcatty|flinch\n|\n|upkeep\n|turn|12\n|\n|t:|1770011989\n|move|p1a: Genesect|X-Scissor|p2a: Delcatty\n|-damage|p2a: Delcatty|0 fnt\n|faint|p2a: Delcatty\n|\n|upkeep\n|\n|t:|1770011993\n|switch|p2a: Komala|Komala, L88, F|258/258\n|-ability|p2a: Komala|Comatose\n|turn|13\n|\n|t:|1770012000\n|move|p1a: Genesect|Iron Head|p2a: Komala\n|-damage|p2a: Komala|81/258\n|move|p2a: Komala|Superpower|p1a: Genesect\n|-damage|p1a: Genesect|0 fnt\n|-unboost|p2a: Komala|atk|1\n|-unboost|p2a: Komala|def|1\n|faint|p1a: Genesect\n|\n|upkeep\n|\n|t:|1770012006\n|switch|p1a: Decidueye|Decidueye, L87, F|277/277\n|turn|14\n|\n|t:|1770012016\n|switch|p2a: Tsareena|Tsareena, L87, F|267/267\n|move|p1a: Decidueye|Swords Dance|p1a: Decidueye\n|-boost|p1a: Decidueye|atk|2\n|\n|upkeep\n|turn|15\n|\n|t:|1770012079\n|switch|p2a: Komala|Komala, L88, F|81/258\n|-ability|p2a: Komala|Comatose\n|-zpower|p1a: Decidueye\n|move|p1a: Decidueye|Sinister Arrow Raid|p2a: Komala|[zeffect]\n|-immune|p2a: Komala\n|\n|upkeep\n|turn|16\n|\n|t:|1770012091\n|move|p1a: Decidueye|Swords Dance|p1a: Decidueye\n|-boost|p1a: Decidueye|atk|2\n|move|p2a: Komala|Knock Off|p1a: Decidueye\n|-supereffective|p1a: Decidueye\n|-damage|p1a: Decidueye|91/277\n|\n|upkeep\n|turn|17\n|\n|t:|1770012098\n|move|p1a: Decidueye|Leaf Blade|p2a: Komala\n|-damage|p2a: Komala|0 fnt\n|faint|p2a: Komala\n|\n|upkeep\n|\n|t:|1770012105\n|switch|p2a: Tsareena|Tsareena, L87, F|267/267\n|turn|18\n|\n|t:|1770012108\n|move|p2a: Tsareena|Knock Off|p1a: Decidueye\n|-supereffective|p1a: Decidueye\n|-damage|p1a: Decidueye|0 fnt\n|faint|p1a: Decidueye\n|-damage|p2a: Tsareena|241/267|[from] item: Life Orb\n|\n|upkeep\n|\n|t:|1770012114\n|switch|p1a: Kyurem|Kyurem-Black, L77|319/319\n|-ability|p1a: Kyurem|Teravolt\n|turn|19\n|\n|t:|1770012122\n|switch|p2a: Starmie|Starmie, L84|238/238\n|move|p1a: Kyurem|Substitute|p1a: Kyurem\n|-start|p1a: Kyurem|Substitute\n|-damage|p1a: Kyurem|240/319\n|\n|-heal|p1a: Kyurem|259/319|[from] item: Leftovers\n|upkeep\n|turn|20\n|\n|t:|1770012137\n|move|p2a: Starmie|Psyshock|p1a: Kyurem\n|-end|p1a: Kyurem|Substitute\n|-damage|p2a: Starmie|215/238|[from] item: Life Orb\n|move|p1a: Kyurem|Outrage|p2a: Starmie\n|-crit|p2a: Starmie\n|-damage|p2a: Starmie|0 fnt\n|faint|p2a: Starmie\n|\n|-heal|p1a: Kyurem|278/319|[from] item: Leftovers\n|upkeep\n|\n|t:|1770012147\n|switch|p2a: Kingdra|Kingdra, L85, F|179/266\n|turn|21\n|\n|t:|1770012151\n|move|p2a: Kingdra|Outrage|p1a: Kyurem\n|-supereffective|p1a: Kyurem\n|-damage|p1a: Kyurem|36/319\n|move|p1a: Kyurem|Outrage|p2a: Kingdra|[from] lockedmove\n|-supereffective|p2a: Kingdra\n|-damage|p2a: Kingdra|0 fnt\n|faint|p2a: Kingdra\n|-start|p1a: Kyurem|confusion|[fatigue]\n|\n|-heal|p1a: Kyurem|55/319|[from] item: Leftovers\n|upkeep\n|\n|t:|1770012160\n|switch|p2a: Tsareena|Tsareena, L87, F|241/267\n|turn|22\n|\n|t:|1770012176\n|switch|p1a: Kyogre|Kyogre-Primal, L72|263/263\n|-weather|PrimordialSea|[from] ability: Primordial Sea|[of] p1a: Kyogre\n|move|p2a: Tsareena|High Jump Kick|p1a: Kyogre\n|-damage|p1a: Kyogre|104/263\n|-damage|p2a: Tsareena|215/267|[from] item: Life Orb\n|\n|-weather|PrimordialSea|[upkeep]\n|upkeep\n|turn|23\n|\n|t:|1770012186\n|move|p2a: Tsareena|High Jump Kick|p1a: Kyogre\n|-damage|p1a: Kyogre|0 fnt\n|faint|p1a: Kyogre\n|-weather|none\n|detailschange|p1: Kyogre|Kyogre, L72|[silent]\n|-damage|p2a: Tsareena|189/267|[from] item: Life Orb\n|\n|upkeep\n|\n|t:|1770012189\n|switch|p1a: Lapras|Lapras, L88, F|372/372\n|turn|24\n|\n|t:|1770012193\n|move|p2a: Tsareena|Power Whip|p1a: Lapras\n|-supereffective|p1a: Lapras\n|-damage|p1a: Lapras|0 fnt\n|faint|p1a: Lapras\n|-damage|p2a: Tsareena|163/267|[from] item: Life Orb\n|\n|upkeep\n|\n|t:|1770012196\n|switch|p1a: Kyurem|Kyurem-Black, L77|55/319\n|-ability|p1a: Kyurem|Teravolt\n|turn|25\n|\n|t:|1770012201\n|move|p1a: Kyurem|Ice Beam|p2a: Tsareena\n|-supereffective|p2a: Tsareena\n|-damage|p2a: Tsareena|5/267\n|move|p2a: Tsareena|High Jump Kick|p1a: Kyurem\n|-supereffective|p1a: Kyurem\n|-damage|p1a: Kyurem|0 fnt\n|faint|p1a: Kyurem\n|-damage|p2a: Tsareena|0 fnt|[from] item: Life Orb\n|faint|p2a: Tsareena\n|\n|win|Bin2409\n|raw|check12's rating: 1654 &rarr; <strong>1647</strong><br />(-7 for losing)\n|raw|Bin2409's rating: 1928 &rarr; <strong>1935</strong><br />(+7 for winning)\n|c|☆Bin2409|Gg\n|l|‽check12\n|player|p1|\n", "inputlog": ">version ccdc32dd7cde25fd9e4bed64820e885f66e78a4e\n>start {\"formatid\":\"gen7randombattle\",\"seed\":\"sodium,15270647dde2c37b811fb069949ca7af\",\"rated\":\"Rated battle\"}\n>player p1 {\"name\":\"check12\",\"avatar\":\"169\",\"rating\":1654,\"seed\":\"sodium,d14f2b2bea4772c6c2107903adade5c0\"}\n>player p2 {\"name\":\"Bin2409\",\"avatar\":\"maid\",\"rating\":1928,\"seed\":\"sodium,ab29e96e2522c61e7f60ccdbd6eaa816\"}\n>p1 move thunder\n>p2 move dragondance\n>p1 switch 4\n>p2 move waterfall\n>p1 move shiftgear\n>p2 move waterfall\n>p1 switch 5\n>p2 move waterfall\n>p1 move freezedry\n>p2 switch 5\n>p1 switch 5\n>p2 move knockoff\n>p1 switch 2\n>p1 move shiftgear\n>p2 move knockoff\n>p1 move shiftgear\n>p2 move knockoff\n>p1 move xscissor\n>p2 move psychic\n>p1 move xscissor\n>p2 move knockoff\n>p2 switch 2\n>p1 move ironhead\n>p2 move thunderwave\n>p1 move xscissor\n>p2 move stompingtantrum\n>p2 switch 6\n>p1 move ironhead\n>p2 move superpower\n>p1 switch 6\n>p1 move swordsdance\n>p2 switch 3\n>p1 move spiritshackle zmove\n>p2 switch 3\n>p1 move swordsdance\n>p2 move knockoff\n>p1 move leafblade\n>p2 move knockoff\n>p2 switch 3\n>p1 move spiritshackle\n>p2 move knockoff\n>p1 switch 3\n>p1 move substitute\n>p2 switch 4\n>p1 move outrage\n>p2 move psyshock\n>p2 switch 5\n>p1 move outrage\n>p2 move outrage\n>p2 switch 4\n>p1 switch 4\n>p2 move highjumpkick\n>p1 move icebeam\n>p2 move highjumpkick\n>p1 switch 5\n>p1 move icebeam\n>p2 move powerwhip\n>p1 switch 4\n>p1 move icebeam\n>p2 move highjumpkick", "uploadtime": 1770012227, "views": 171, "formatid": "gen7randombattle", "rating": 1647, "private": 0, "password": null}