{"id": "gen7randombattle-2540631838", "format": "[Gen 7] Random Battle", "players": ["Mewtwo reigns", "may/gen3"], "log": "|j|☆Mewtwo reigns\n|j|☆may/gen3\n|t:|1771230850\n|gametype|singles\n|player|p1|Mewtwo reigns|teamrocket|1657\n|player|p2|may/gen3|may|1797\n|gen|7\n|tier|[Gen 7] Random Battle\n|rated|\n|rule|Sleep Clause Mod: Limit one foe put to sleep\n|rule|HP Percentage Mod: HP is shown in percentages\n|rule|Illusion Level Mod: Illusion disguises the Pokémon's true level\n|\n|t:|1771230850\n|teamsize|p1|6\n|teamsize|p2|6\n|start\n|switch|p1a: Lunatone|Lunatone, L93|318/318\n|switch|p2a: Golisopod|Golisopod, L84, M|263/263\n|turn|1\n|inactive|Battle timer is ON: inactive players will automatically lose when time's up. (requested by Mewtwo reigns)\n|\n|t:|1771230863\n|switch|p1a: Mothim|Mothim, L93, M|281/281\n|move|p2a: Golisopod|First Impression|p1a: Mothim\n|-resisted|p1a: Mothim\n|-damage|p1a: Mothim|164/281\n|\n|upkeep\n|turn|2\n|\n|t:|1771230877\n|switch|p2a: Passimian|Passimian, L84, F|305/305\n|move|p1a: Mothim|Quiver Dance|p1a: Mothim\n|-boost|p1a: Mothim|spa|1\n|-boost|p1a: Mothim|spd|1\n|-boost|p1a: Mothim|spe|1\n|\n|upkeep\n|turn|3\n|\n|t:|1771230895\n|move|p2a: Passimian|Rock Slide|p1a: Mothim\n|-supereffective|p1a: Mothim\n|-damage|p1a: Mothim|0 fnt\n|faint|p1a: Mothim\n|\n|upkeep\n|\n|t:|1771230906\n|switch|p1a: Xerneas|Xerneas, L65|272/272\n|-ability|p1a: Xerneas|Fairy Aura\n|turn|4\n|\n|t:|1771230918\n|switch|p2a: Lugia|Lugia, L71|268/268\n|move|p1a: Xerneas|Geomancy||[still]\n|-prepare|p1a: Xerneas|Geomancy\n|-enditem|p1a: Xerneas|Power Herb\n|-anim|p1a: Xerneas|Geomancy|p1a: Xerneas\n|-boost|p1a: Xerneas|spa|2\n|-boost|p1a: Xerneas|spd|2\n|-boost|p1a: Xerneas|spe|2\n|\n|upkeep\n|turn|5\n|\n|t:|1771230924\n|move|p1a: Xerneas|Moonblast|p2a: Lugia\n|-damage|p2a: Lugia|184/268\n|move|p2a: Lugia|Toxic|p1a: Xerneas\n|-status|p1a: Xerneas|tox\n|\n|-heal|p2a: Lugia|200/268|[from] item: Leftovers\n|-damage|p1a: Xerneas|255/272 tox|[from] psn\n|upkeep\n|turn|6\n|\n|t:|1771230928\n|move|p1a: Xerneas|Moonblast|p2a: Lugia\n|-damage|p2a: Lugia|38/268\n|move|p2a: Lugia|Roost|p2a: Lugia\n|-heal|p2a: Lugia|172/268\n|-singleturn|p2a: Lugia|move: Roost\n|\n|-heal|p2a: Lugia|188/268|[from] item: Leftovers\n|-damage|p1a: Xerneas|221/272 tox|[from] psn\n|upkeep\n|turn|7\n|\n|t:|1771230945\n|move|p1a: Xerneas|Moonblast|p2a: Lugia\n|-damage|p2a: Lugia|25/268\n|move|p2a: Lugia|Earthquake|p1a: Xerneas\n|-damage|p1a: Xerneas|166/272 tox\n|\n|-heal|p2a: Lugia|41/268|[from] item: Leftovers\n|-damage|p1a: Xerneas|115/272 tox|[from] psn\n|upkeep\n|turn|8\n|\n|t:|1771230956\n|move|p1a: Xerneas|Moonblast|p2a: Lugia\n|-damage|p2a: Lugia|0 fnt\n|faint|p2a: Lugia\n|\n|-damage|p1a: Xerneas|47/272 tox|[from] psn\n|upkeep\n|\n|t:|1771230967\n|switch|p2a: Golisopod|Golisopod, L84, M|263/263\n|turn|9\n|\n|t:|1771230970\n|move|p2a: Golisopod|First Impression|p1a: Xerneas\n|-resisted|p1a: Xerneas\n|-damage|p1a: Xerneas|0 fnt\n|faint|p1a: Xerneas\n|\n|upkeep\n|\n|t:|1771230974\n|switch|p1a: Gyarados|Gyarados, L74, F|263/263\n|-ability|p1a: Gyarados|Intimidate|boost\n|-unboost|p2a: Golisopod|atk|1\n|turn|10\n|\n|t:|1771230983\n|switch|p2a: Sunflora|Sunflora, F|312/312\n|move|p1a: Gyarados|Dragon Dance|p1a: Gyarados\n|-boost|p1a: Gyarados|atk|1\n|-boost|p1a: Gyarados|spe|1\n|\n|upkeep\n|turn|11\n|\n|t:|1771230997\n|detailschange|p1a: Gyarados|Gyarados-Mega, L74, F\n|-mega|p1a: Gyarados|Gyarados|Gyaradosite\n|-ability|p1a: Gyarados|Mold Breaker\n|move|p1a: Gyarados|Crunch|p2a: Sunflora\n|-damage|p2a: Sunflora|135/312\n|-unboost|p2a: Sunflora|def|1\n|move|p2a: Sunflora|Sunny Day|p2a: Sunflora\n|-weather|SunnyDay\n|\n|-weather|SunnyDay|[upkeep]\n|upkeep\n|turn|12\n|\n|t:|1771231009\n|switch|p1a: Spinda|Spinda, L99, F|279/279\n|move|p2a: Sunflora|Solar Beam||[still]\n|-prepare|p2a: Sunflora|Solar Beam\n|-anim|p2a: Sunflora|Solar Beam|p1a: Spinda\n|-damage|p1a: Spinda|5/279\n|-damage|p2a: Sunflora|104/312|[from] item: Life Orb\n|\n|-weather|SunnyDay|[upkeep]\n|-heal|p1a: Spinda|22/279|[from] item: Leftovers\n|upkeep\n|turn|13\n|\n|t:|1771231013\n|move|p2a: Sunflora|Hidden Power|p1a: Spinda\n|-damage|p1a: Spinda|0 fnt\n|faint|p1a: Spinda\n|-damage|p2a: Sunflora|73/312|[from] item: Life Orb\n|\n|-weather|SunnyDay|[upkeep]\n|upkeep\n|\n|t:|1771231014\n|switch|p1a: Furret|Furret, L94, M|312/312\n|-item|p2a: Sunflora|Life Orb|[from] ability: Frisk|[of] p1a: Furret\n|turn|14\n|\n|t:|1771231022\n|move|p2a: Sunflora|Solar Beam||[still]\n|-prepare|p2a: Sunflora|Solar Beam\n|-anim|p2a: Sunflora|Solar Beam|p1a: Furret\n|-damage|p1a: Furret|0 fnt\n|faint|p1a: Furret\n|-damage|p2a: Sunflora|42/312|[from] item: Life Orb\n|\n|-weather|SunnyDay|[upkeep]\n|upkeep\n|\n|t:|1771231026\n|switch|p1a: Lunatone|Lunatone, L93|318/318\n|turn|15\n|\n|t:|1771231031\n|move|p2a: Sunflora|Solar Beam||[still]\n|-prepare|p2a: Sunflora|Solar Beam\n|-anim|p2a: Sunflora|Solar Beam|p1a: Lunatone\n|-supereffective|p1a: Lunatone\n|-damage|p1a: Lunatone|0 fnt\n|faint|p1a: Lunatone\n|-damage|p2a: Sunflora|11/312|[from] item: Life Orb\n|\n|-weather|none\n|upkeep\n|\n|t:|1771231034\n|switch|p1a: Gyarados|Gyarados-Mega, L74, F|263/263\n|-ability|p1a: Gyarados|Mold Breaker\n|turn|16\n|\n|t:|1771231037\n|move|p1a: Gyarados|Crunch|p2a: Sunflora\n|-damage|p2a: Sunflora|0 fnt\n|faint|p2a: Sunflora\n|\n|upkeep\n|\n|t:|1771231039\n|switch|p2a: Golisopod|Golisopod, L84, M|263/263\n|turn|17\n|\n|t:|1771231042\n|move|p1a: Gyarados|Crunch|p2a: Golisopod\n|-damage|p2a: Golisopod|197/263\n|move|p2a: Golisopod|Leech Life|p1a: Gyarados\n|-supereffective|p1a: Gyarados\n|-crit|p1a: Gyarados\n|-damage|p1a: Gyarados|0 fnt\n|-heal|p2a: Golisopod|263/263|[from] drain|[of] p1a: Gyarados\n|faint|p1a: Gyarados\n|detailschange|p1: Gyarados|Gyarados, L74, F|[silent]\n|\n|win|may/gen3\n|raw|Mewtwo reigns's rating: 1657 &rarr; <strong>1645</strong><br />(-12 for losing)\n|raw|may&#x2f;gen3's rating: 1797 &rarr; <strong>1809</strong><br />(+12 for winning)\n|l|☆Mewtwo reigns\n|player|p1|\n", "inputlog": ">version 686819e5e19f8a7fd2345cfc5a08a5085efa2cc3\n>start {\"formatid\":\"gen7randombattle\",\"seed\":\"sodium,38d6c4c7e90368883b0ee50b8a44c031\",\"rated\":\"Rated battle\"}\n>player p1 {\"name\":\"Mewtwo reigns\",\"avatar\":\"teamrocket\",\"rating\":1657,\"seed\":\"sodium,cd2a19d4c8db500453e53f8590728d64\"}\n>player p2 {\"name\":\"may/gen3\",\"avatar\":\"may\",\"rating\":1797,\"seed\":\"sodium,34c4bf88010111d1272c7ad9b60e79bf\"}\n>p1 switch 2\n>p2 move firstimpression\n>p1 move quiverdance\n>p2 switch 2\n>p1 move airslash\n>p2 move rockslide\n>p1 switch 3\n>p1 move geomancy\n>p2 switch 5\n>p1 move moonblast\n>p2 move toxic\n>p1 move moonblast\n>p2 move roost\n>p1 move moonblast\n>p2 move earthquake\n>p1 move moonblast\n>p2 move earthquake\n>p2 switch 2\n>p1 move moonblast\n>p2 move firstimpression\n>p1 switch 4\n>p1 move dragondance\n>p2 switch 4\n>p1 move crunch mega\n>p2 move sunnyday\n>p1 switch 5\n>p2 move solarbeam\n>p1 move return\n>p2 move hiddenpower\n>p1 switch 6\n>p1 move doubleedge\n>p2 move solarbeam\n>p1 switch 2\n>p1 move moonlight\n>p2 move solarbeam\n>p1 switch 5\n>p1 move crunch\n>p2 move earthpower\n>p2 switch 4\n>p1 move crunch\n>p2 move leechlife", "uploadtime": 1771231045, "views": 25, "formatid": "gen7randombattle", "rating": 1645, "private": 0, "password": null}