{"id": "gen7randombattle-2536228125", "format": "[Gen 7] Random Battle", "players": ["lkadjsfadfa", "La.Hellhound"], "log": "|j|☆lkadjsfadfa\n|j|‽La.Hellhound\n|t:|1770665799\n|gametype|singles\n|player|p1|lkadjsfadfa|1|1674\n|player|p2|La.Hellhound|bruno|1674\n|gen|7\n|tier|[Gen 7] Random Battle\n|rated|\n|rule|Sleep Clause Mod: Limit one foe put to sleep\n|rule|HP Percentage Mod: HP is shown in percentages\n|rule|Illusion Level Mod: Illusion disguises the Pokémon's true level\n|\n|t:|1770665799\n|teamsize|p1|6\n|teamsize|p2|6\n|start\n|switch|p1a: Galvantula|Galvantula, L80, F|243/243\n|switch|p2a: Excadrill|Excadrill, L81, M|311/311\n|-ability|p2a: Excadrill|Mold Breaker\n|turn|1\n|inactive|Battle timer is ON: inactive players will automatically lose when time's up. (requested by La.Hellhound)\n|inactive|lkadjsfadfa also wants the timer to be on.\n|\n|t:|1770665818\n|switch|p1a: Tangrowth|Tangrowth, L89, F|323/323\n|move|p2a: Excadrill|Rock Slide|p1a: Tangrowth\n|-damage|p1a: Tangrowth|258/323\n|-damage|p2a: Excadrill|280/311|[from] item: Life Orb\n|\n|upkeep\n|turn|2\n|\n|t:|1770665830\n|switch|p2a: Emboar|Emboar, L85, F|326/326\n|move|p1a: Tangrowth|Earthquake|p2a: Emboar\n|-supereffective|p2a: Emboar\n|-damage|p2a: Emboar|126/326\n|\n|upkeep\n|turn|3\n|\n|t:|1770665838\n|switch|p1a: Beheeyem|Beheeyem, L93, F|290/290\n|move|p2a: Emboar|Flare Blitz|p1a: Beheeyem\n|-damage|p1a: Beheeyem|82/290\n|-damage|p2a: Emboar|57/326|[from] Recoil\n|\n|upkeep\n|turn|4\n|\n|t:|1770665846\n|move|p2a: Emboar|Sucker Punch|p1a: Beheeyem\n|-supereffective|p1a: Beheeyem\n|-damage|p1a: Beheeyem|0 fnt\n|faint|p1a: Beheeyem\n|\n|upkeep\n|\n|t:|1770665852\n|switch|p1a: Watchog|Watchog, L96, F|271/271\n|turn|5\n|\n|t:|1770665857\n|switch|p2a: Excadrill|Excadrill, L81, M|280/311\n|-ability|p2a: Excadrill|Mold Breaker\n|move|p1a: Watchog|Knock Off|p2a: Excadrill\n|-damage|p2a: Excadrill|110/311\n|-enditem|p2a: Excadrill|Life Orb|[from] move: Knock Off|[of] p1a: Watchog\n|-damage|p1a: Watchog|244/271|[from] item: Life Orb\n|\n|upkeep\n|turn|6\n|\n|t:|1770665866\n|move|p1a: Watchog|Return|p2a: Excadrill\n|-resisted|p2a: Excadrill\n|-damage|p2a: Excadrill|0 fnt\n|faint|p2a: Excadrill\n|-damage|p1a: Watchog|217/271|[from] item: Life Orb\n|\n|upkeep\n|\n|t:|1770665875\n|switch|p2a: Cinccino|Cinccino, L84, M|263/263\n|turn|7\n|\n|t:|1770665883\n|switch|p1a: Magearna|Magearna, L77|250/250\n|move|p2a: Cinccino|Tail Slap|p1a: Magearna\n|-resisted|p1a: Magearna\n|-damage|p1a: Magearna|232/250\n|-resisted|p1a: Magearna\n|-damage|p1a: Magearna|214/250\n|-resisted|p1a: Magearna\n|-damage|p1a: Magearna|198/250\n|-resisted|p1a: Magearna\n|-damage|p1a: Magearna|182/250\n|-resisted|p1a: Magearna\n|-damage|p1a: Magearna|166/250\n|-hitcount|p1a: Magearna|5\n|\n|upkeep\n|turn|8\n|\n|t:|1770665895\n|switch|p2a: Tropius|Tropius, L94, M|336/336\n|move|p1a: Magearna|Shift Gear|p1a: Magearna\n|-boost|p1a: Magearna|spe|2\n|-boost|p1a: Magearna|atk|1\n|\n|upkeep\n|turn|9\n|\n|t:|1770665902\n|switch|p1a: Dedenne|Dedenne, L91, M|268/268\n|move|p2a: Tropius|Substitute|p2a: Tropius\n|-start|p2a: Tropius|Substitute\n|-damage|p2a: Tropius|252/336\n|\n|upkeep\n|turn|10\n|\n|t:|1770665908\n|move|p1a: Dedenne|Substitute|p1a: Dedenne\n|-start|p1a: Dedenne|Substitute\n|-damage|p1a: Dedenne|201/268\n|move|p2a: Tropius|Leech Seed|p1a: Dedenne|[miss]\n|-miss|p2a: Tropius|p1a: Dedenne\n|\n|upkeep\n|turn|11\n|\n|t:|1770665915\n|move|p2a: Tropius|Protect|p2a: Tropius\n|-singleturn|p2a: Tropius|Protect\n|move|p1a: Dedenne|Thunderbolt|p2a: Tropius\n|-activate|p2a: Tropius|move: Protect\n|\n|upkeep\n|turn|12\n|\n|t:|1770665921\n|move|p1a: Dedenne|Thunderbolt|p2a: Tropius\n|-end|p2a: Tropius|Substitute\n|move|p2a: Tropius|Substitute|p2a: Tropius\n|-start|p2a: Tropius|Substitute\n|-damage|p2a: Tropius|168/336\n|-enditem|p2a: Tropius|Sitrus Berry|[eat]\n|-heal|p2a: Tropius|252/336|[from] item: Sitrus Berry\n|\n|-item|p2a: Tropius|Sitrus Berry|[from] ability: Harvest\n|upkeep\n|turn|13\n|\n|t:|1770665930\n|move|p2a: Tropius|Protect|p2a: Tropius\n|-singleturn|p2a: Tropius|Protect\n|move|p1a: Dedenne|Thunderbolt|p2a: Tropius\n|-activate|p2a: Tropius|move: Protect\n|\n|upkeep\n|turn|14\n|\n|t:|1770665948\n|move|p1a: Dedenne|Thunderbolt|p2a: Tropius\n|-end|p2a: Tropius|Substitute\n|move|p2a: Tropius|Substitute|p2a: Tropius\n|-start|p2a: Tropius|Substitute\n|-damage|p2a: Tropius|168/336\n|-enditem|p2a: Tropius|Sitrus Berry|[eat]\n|-heal|p2a: Tropius|252/336|[from] item: Sitrus Berry\n|\n|-item|p2a: Tropius|Sitrus Berry|[from] ability: Harvest\n|upkeep\n|turn|15\n|\n|t:|1770665959\n|move|p2a: Tropius|Protect|p2a: Tropius\n|-singleturn|p2a: Tropius|Protect\n|move|p1a: Dedenne|Toxic|p2a: Tropius\n|-activate|p2a: Tropius|move: Protect\n|\n|upkeep\n|turn|16\n|l|‽La.Hellhound\n|inactive|La.Hellhound disconnected and has a minute to reconnect!\n|player|p2|\n|j|‽La.Hellhound\n|inactive|La.Hellhound reconnected and has 110 seconds left.\n|player|p2|La.Hellhound|bruno|\n|\n|t:|1770666001\n|move|p1a: Dedenne|Thunderbolt|p2a: Tropius\n|-end|p2a: Tropius|Substitute\n|move|p2a: Tropius|Substitute|p2a: Tropius\n|-start|p2a: Tropius|Substitute\n|-damage|p2a: Tropius|168/336\n|-enditem|p2a: Tropius|Sitrus Berry|[eat]\n|-heal|p2a: Tropius|252/336|[from] item: Sitrus Berry\n|\n|-item|p2a: Tropius|Sitrus Berry|[from] ability: Harvest\n|upkeep\n|turn|17\n|\n|t:|1770666013\n|move|p1a: Dedenne|Toxic|p2a: Tropius|[miss]\n|-miss|p1a: Dedenne|p2a: Tropius\n|move|p2a: Tropius|Air Slash|p1a: Dedenne\n|-resisted|p1a: Dedenne\n|-activate|p1a: Dedenne|move: Substitute|[damage]\n|\n|upkeep\n|turn|18\n|\n|t:|1770666020\n|move|p2a: Tropius|Protect|p2a: Tropius\n|-singleturn|p2a: Tropius|Protect\n|move|p1a: Dedenne|Thunderbolt|p2a: Tropius\n|-activate|p2a: Tropius|move: Protect\n|\n|upkeep\n|turn|19\n|\n|t:|1770666030\n|switch|p1a: Galvantula|Galvantula, L80, F|243/243\n|move|p2a: Tropius|Air Slash|p1a: Galvantula\n|-damage|p1a: Galvantula|141/243\n|\n|upkeep\n|turn|20\n|inactive|La.Hellhound has 120 seconds left.\n|\n|t:|1770666036\n|move|p1a: Galvantula|Sticky Web|p2a: Tropius\n|-sidestart|p2: La.Hellhound|move: Sticky Web\n|move|p2a: Tropius|Air Slash|p1a: Galvantula\n|-damage|p1a: Galvantula|29/243\n|\n|upkeep\n|turn|21\n|\n|t:|1770666044\n|move|p1a: Galvantula|Thunder|p2a: Tropius\n|-end|p2a: Tropius|Substitute\n|move|p2a: Tropius|Air Slash|p1a: Galvantula\n|-damage|p1a: Galvantula|0 fnt\n|faint|p1a: Galvantula\n|\n|upkeep\n|\n|t:|1770666048\n|switch|p1a: Dedenne|Dedenne, L91, M|201/268\n|turn|22\n|\n|t:|1770666061\n|move|p1a: Dedenne|Toxic|p2a: Tropius\n|-status|p2a: Tropius|tox\n|move|p2a: Tropius|Air Slash|p1a: Dedenne\n|-resisted|p1a: Dedenne\n|-damage|p1a: Dedenne|156/268\n|\n|-damage|p2a: Tropius|231/336 tox|[from] psn\n|upkeep\n|turn|23\n|\n|t:|1770666070\n|switch|p2a: Cinccino|Cinccino, L84, M|263/263\n|-activate|p2a: Cinccino|move: Sticky Web\n|-unboost|p2a: Cinccino|spe|1\n|move|p1a: Dedenne|Substitute|p1a: Dedenne\n|-start|p1a: Dedenne|Substitute\n|-damage|p1a: Dedenne|89/268\n|-enditem|p1a: Dedenne|Sitrus Berry|[eat]\n|-heal|p1a: Dedenne|156/268|[from] item: Sitrus Berry\n|-heal|p1a: Dedenne|245/268|[from] ability: Cheek Pouch\n|\n|upkeep\n|turn|24\n|\n|t:|1770666081\n|move|p1a: Dedenne|Thunderbolt|p2a: Cinccino\n|-damage|p2a: Cinccino|131/263\n|move|p2a: Cinccino|Tail Slap|p1a: Dedenne\n|-activate|p1a: Dedenne|move: Substitute|[damage]\n|-end|p1a: Dedenne|Substitute\n|-damage|p1a: Dedenne|191/268\n|-damage|p1a: Dedenne|139/268\n|-damage|p1a: Dedenne|91/268\n|-hitcount|p1a: Dedenne|5\n|\n|upkeep\n|turn|25\n|\n|t:|1770666093\n|move|p1a: Dedenne|Thunderbolt|p2a: Cinccino\n|-damage|p2a: Cinccino|0 fnt\n|faint|p2a: Cinccino\n|\n|upkeep\n|\n|t:|1770666105\n|switch|p2a: Beedrill|Beedrill, L77, F|227/227\n|-activate|p2a: Beedrill|move: Sticky Web\n|-unboost|p2a: Beedrill|spe|1\n|turn|26\n|\n|t:|1770666111\n|detailschange|p2a: Beedrill|Beedrill-Mega, L77, F\n|-mega|p2a: Beedrill|Beedrill|Beedrillite\n|move|p1a: Dedenne|Thunderbolt|p2a: Beedrill\n|-damage|p2a: Beedrill|119/227\n|-status|p2a: Beedrill|par\n|cant|p2a: Beedrill|par\n|\n|upkeep\n|turn|27\n|\n|t:|1770666120\n|move|p1a: Dedenne|Thunderbolt|p2a: Beedrill\n|-damage|p2a: Beedrill|2/227 par\n|move|p2a: Beedrill|Drill Run|p1a: Dedenne\n|-supereffective|p1a: Dedenne\n|-damage|p1a: Dedenne|0 fnt\n|faint|p1a: Dedenne\n|\n|upkeep\n|\n|t:|1770666125\n|switch|p1a: Magearna|Magearna, L77|166/250\n|turn|28\n|\n|t:|1770666132\n|move|p1a: Magearna|Calm Mind|p1a: Magearna\n|-boost|p1a: Magearna|spa|1\n|-boost|p1a: Magearna|spd|1\n|move|p2a: Beedrill|Drill Run|p1a: Magearna\n|-supereffective|p1a: Magearna\n|-damage|p1a: Magearna|56/250\n|\n|upkeep\n|turn|29\n|\n|t:|1770666141\n|switch|p2a: Tropius|Tropius, L94, M|231/336 tox\n|move|p1a: Magearna|Flash Cannon|p2a: Tropius\n|-damage|p2a: Tropius|104/336 tox\n|-enditem|p2a: Tropius|Sitrus Berry|[eat]\n|-heal|p2a: Tropius|188/336 tox|[from] item: Sitrus Berry\n|\n|-damage|p2a: Tropius|167/336 tox|[from] psn\n|upkeep\n|turn|30\n|\n|t:|1770666152\n|move|p2a: Tropius|Leech Seed|p1a: Magearna\n|-start|p1a: Magearna|move: Leech Seed\n|-zpower|p1a: Magearna\n|move|p1a: Magearna|Twinkle Tackle|p2a: Tropius|[zeffect]\n|-crit|p2a: Tropius\n|-damage|p2a: Tropius|0 fnt\n|faint|p2a: Tropius\n|-ability|p1a: Magearna|Soul-Heart|boost\n|-boost|p1a: Magearna|spa|1\n|\n|upkeep\n|\n|t:|1770666164\n|switch|p2a: Staraptor|Staraptor, L80, M|267/267\n|turn|31\n|\n|t:|1770666179\n|move|p2a: Staraptor|Close Combat|p1a: Magearna\n|-damage|p1a: Magearna|0 fnt\n|-unboost|p2a: Staraptor|def|1\n|-unboost|p2a: Staraptor|spd|1\n|faint|p1a: Magearna\n|\n|upkeep\n|\n|t:|1770666182\n|switch|p1a: Tangrowth|Tangrowth, L89, F|323/323\n|turn|32\n|\n|t:|1770666198\n|switch|p2a: Beedrill|Beedrill-Mega, L77, F|2/227 par\n|-activate|p2a: Beedrill|move: Sticky Web\n|-unboost|p2a: Beedrill|spe|1\n|move|p1a: Tangrowth|Rock Slide|p2a: Beedrill\n|-supereffective|p2a: Beedrill\n|-damage|p2a: Beedrill|0 fnt\n|faint|p2a: Beedrill\n|detailschange|p2: Beedrill|Beedrill, L77, F|[silent]\n|\n|upkeep\n|n|‽La.Hellhound|lahellhound\n|n|‽La.Hellhound|lahellhound\n|\n|t:|1770666210\n|switch|p2a: Emboar|Emboar, L85, F|57/326\n|-activate|p2a: Emboar|move: Sticky Web\n|-unboost|p2a: Emboar|spe|1\n|turn|33\n|\n|t:|1770666215\n|move|p2a: Emboar|Sucker Punch|p1a: Tangrowth\n|-damage|p1a: Tangrowth|275/323\n|move|p1a: Tangrowth|Earthquake|p2a: Emboar\n|-supereffective|p2a: Emboar\n|-damage|p2a: Emboar|0 fnt\n|faint|p2a: Emboar\n|\n|upkeep\n|\n|t:|1770666222\n|switch|p2a: Staraptor|Staraptor, L80, M|267/267\n|turn|34\n|\n|t:|1770666231\n|move|p2a: Staraptor|Brave Bird|p1a: Tangrowth\n|-supereffective|p1a: Tangrowth\n|-crit|p1a: Tangrowth\n|-damage|p1a: Tangrowth|0 fnt\n|faint|p1a: Tangrowth\n|-damage|p2a: Staraptor|176/267|[from] Recoil\n|\n|upkeep\n|\n|t:|1770666233\n|switch|p1a: Watchog|Watchog, L96, F|217/271\n|turn|35\n|\n|t:|1770666239\n|move|p2a: Staraptor|Brave Bird|p1a: Watchog\n|-damage|p1a: Watchog|0 fnt\n|faint|p1a: Watchog\n|-damage|p2a: Staraptor|104/267|[from] Recoil\n|\n|win|La.Hellhound\n|raw|lkadjsfadfa's rating: 1674 &rarr; <strong>1654</strong><br />(-20 for losing)\n|raw|La.Hellhound's rating: 1674 &rarr; <strong>1694</strong><br />(+20 for winning)\n|l|☆lkadjsfadfa\n|player|p1|\n", "inputlog": ">version ccdc32dd7cde25fd9e4bed64820e885f66e78a4e\n>start {\"formatid\":\"gen7randombattle\",\"seed\":\"sodium,97acd9409d3f2d88f8ca783452fb96b4\",\"rated\":\"Rated battle\"}\n>player p1 {\"name\":\"lkadjsfadfa\",\"avatar\":\"1\",\"rating\":1674,\"seed\":\"sodium,16babb0591cffe5d5ee1cafbdc912eb2\"}\n>player p2 {\"name\":\"La.Hellhound\",\"avatar\":\"bruno\",\"rating\":1674,\"seed\":\"sodium,21542aa3838d6666bbd57958ae76f0cf\"}\n>p1 switch 3\n>p2 move rockslide\n>p1 move earthquake\n>p2 switch 6\n>p1 switch 6\n>p2 move flareblitz\n>p1 move psyshock\n>p2 move suckerpunch\n>p1 switch 2\n>p1 move knockoff\n>p2 switch 6\n>p1 move return\n>p2 move earthquake\n>p2 switch 5\n>p1 switch 4\n>p2 move tailslap\n>p1 move shiftgear\n>p2 switch 3\n>p1 switch 5\n>p2 move substitute\n>p1 move substitute\n>p2 move leechseed\n>p1 move thunderbolt\n>p2 move protect\n>p1 move thunderbolt\n>p2 move substitute\n>p1 move thunderbolt\n>p2 move protect\n>p1 move thunderbolt\n>p2 move substitute\n>p1 move toxic\n>p2 move protect\n>p1 move thunderbolt\n>p2 move substitute\n>p1 move toxic\n>p2 move airslash\n>p1 move thunderbolt\n>p2 move protect\n>p1 switch 3\n>p2 move airslash\n>p1 move stickyweb\n>p2 move airslash\n>p1 move thunder\n>p2 move airslash\n>p1 switch 3\n>p1 move toxic\n>p2 move airslash\n>p1 move substitute\n>p2 switch 3\n>p1 move thunderbolt\n>p2 move tailslap\n>p1 move thunderbolt\n>p2 move tailslap\n>p2 switch 2\n>p1 move thunderbolt\n>p2 move poisonjab mega\n>p1 move thunderbolt\n>p2 move drillrun\n>p1 switch 5\n>p1 move calmmind\n>p2 move drillrun\n>p1 move flashcannon\n>p2 switch 3\n>p1 move fleurcannon zmove\n>p2 move leechseed\n>p2 switch 4\n>p1 move flashcannon\n>p2 move closecombat\n>p1 switch 6\n>p1 move rockslide\n>p2 switch 3\n>p2 switch 6\n>p1 move earthquake\n>p2 move suckerpunch\n>p2 switch 3\n>p1 move rockslide\n>p2 move bravebird\n>p1 switch 4\n>p1 move return\n>p2 move bravebird", "uploadtime": 1770666244, "views": 182, "formatid": "gen7randombattle", "rating": 1654, "private": 0, "password": null}