{"id": "gen7randombattle-2523941794", "format": "[Gen 7] Random Battle", "players": ["Nursey 29", "congoprince"], "log": "|j|☆Nursey 29\n|j|☆congoprince\n|t:|1769093010\n|gametype|singles\n|player|p1|Nursey 29|lucas|1630\n|player|p2|congoprince|170|1693\n|gen|7\n|tier|[Gen 7] Random Battle\n|rated|\n|rule|Sleep Clause Mod: Limit one foe put to sleep\n|rule|HP Percentage Mod: HP is shown in percentages\n|rule|Illusion Level Mod: Illusion disguises the Pokémon's true level\n|\n|t:|1769093010\n|teamsize|p1|6\n|teamsize|p2|6\n|start\n|switch|p1a: Aggron|Aggron, L87, M|264/264\n|switch|p2a: Clawitzer|Clawitzer, L87, F|265/265\n|turn|1\n|inactive|Battle timer is ON: inactive players will automatically lose when time's up. (requested by congoprince)\n|\n|t:|1769093020\n|switch|p1a: Luvdisc|Luvdisc, F|248/248\n|move|p2a: Clawitzer|Aura Sphere|p1a: Luvdisc\n|-damage|p1a: Luvdisc|142/248\n|\n|-heal|p1a: Luvdisc|157/248|[from] item: Leftovers\n|upkeep\n|turn|2\n|\n|t:|1769093036\n|switch|p2a: Scrafty|Scrafty, L84, F|246/246\n|move|p1a: Luvdisc|Toxic|p2a: Scrafty\n|-status|p2a: Scrafty|tox\n|\n|-heal|p1a: Luvdisc|172/248|[from] item: Leftovers\n|-damage|p2a: Scrafty|231/246 tox|[from] psn\n|upkeep\n|turn|3\n|\n|t:|1769093048\n|switch|p1a: Celesteela|Celesteela, L78|279/279\n|move|p2a: Scrafty|Bulk Up|p2a: Scrafty\n|-boost|p2a: Scrafty|atk|1\n|-boost|p2a: Scrafty|def|1\n|\n|-activate|p2a: Scrafty|ability: Shed Skin\n|-curestatus|p2a: Scrafty|tox|[msg]\n|-heal|p2a: Scrafty|246/246|[from] item: Leftovers\n|upkeep\n|turn|4\n|\n|t:|1769093058\n|move|p2a: Scrafty|Knock Off|p1a: Celesteela\n|-damage|p1a: Celesteela|137/279\n|-enditem|p1a: Celesteela|Leftovers|[from] move: Knock Off|[of] p2a: Scrafty\n|move|p1a: Celesteela|Air Slash|p2a: Scrafty\n|-supereffective|p2a: Scrafty\n|-damage|p2a: Scrafty|126/246\n|\n|-heal|p2a: Scrafty|141/246|[from] item: Leftovers\n|upkeep\n|turn|5\n|\n|t:|1769093066\n|move|p2a: Scrafty|Drain Punch|p1a: Celesteela\n|-damage|p1a: Celesteela|22/279\n|-heal|p2a: Scrafty|199/246|[from] drain|[of] p1a: Celesteela\n|move|p1a: Celesteela|Air Slash|p2a: Scrafty\n|-supereffective|p2a: Scrafty\n|-damage|p2a: Scrafty|85/246\n|\n|-heal|p2a: Scrafty|100/246|[from] item: Leftovers\n|upkeep\n|turn|6\n|\n|t:|1769093074\n|move|p2a: Scrafty|Drain Punch|p1a: Celesteela\n|-damage|p1a: Celesteela|0 fnt\n|-heal|p2a: Scrafty|111/246|[from] drain|[of] p1a: Celesteela\n|faint|p1a: Celesteela\n|\n|-heal|p2a: Scrafty|126/246|[from] item: Leftovers\n|upkeep\n|\n|t:|1769093082\n|switch|p1a: Kyogre|Kyogre, L69|252/252\n|-weather|RainDance|[from] ability: Drizzle|[of] p1a: Kyogre\n|turn|7\n|\n|t:|1769093087\n|switch|p2a: Ludicolo|Ludicolo, L89, F|287/287\n|move|p1a: Kyogre|Water Spout|p2a: Ludicolo\n|-resisted|p2a: Ludicolo\n|-damage|p2a: Ludicolo|242/287\n|\n|-weather|RainDance|[upkeep]\n|upkeep\n|turn|8\n|\n|t:|1769093097\n|switch|p1a: Luvdisc|Luvdisc, F|172/248\n|move|p2a: Ludicolo|Energy Ball|p1a: Luvdisc\n|-supereffective|p1a: Luvdisc\n|-damage|p1a: Luvdisc|0 fnt\n|faint|p1a: Luvdisc\n|\n|-weather|RainDance|[upkeep]\n|upkeep\n|\n|t:|1769093107\n|switch|p1a: Dusknoir|Dusknoir, L89, F|225/225\n|-ability|p1a: Dusknoir|Pressure\n|turn|9\n|\n|t:|1769093114\n|switch|p2a: Scrafty|Scrafty, L84, F|126/246\n|move|p1a: Dusknoir|Will-O-Wisp|p2a: Scrafty\n|-status|p2a: Scrafty|brn\n|\n|-weather|RainDance|[upkeep]\n|-heal|p2a: Scrafty|141/246 brn|[from] item: Leftovers\n|-damage|p2a: Scrafty|126/246 brn|[from] brn\n|upkeep\n|turn|10\n|\n|t:|1769093129\n|switch|p1a: Latios|Latios, L79, M|256/256\n|move|p2a: Scrafty|Rest|p2a: Scrafty\n|-status|p2a: Scrafty|slp|[from] move: Rest\n|-heal|p2a: Scrafty|246/246 slp|[silent]\n|\n|-weather|RainDance|[upkeep]\n|upkeep\n|turn|11\n|\n|t:|1769093153\n|detailschange|p1a: Latios|Latios-Mega, L79, M\n|-mega|p1a: Latios|Latios|Latiosite\n|move|p1a: Latios|Calm Mind|p1a: Latios\n|-boost|p1a: Latios|spa|1\n|-boost|p1a: Latios|spd|1\n|cant|p2a: Scrafty|slp\n|\n|-weather|none\n|upkeep\n|turn|12\n|\n|t:|1769093164\n|move|p1a: Latios|Calm Mind|p1a: Latios\n|-boost|p1a: Latios|spa|1\n|-boost|p1a: Latios|spd|1\n|cant|p2a: Scrafty|slp\n|\n|upkeep\n|turn|13\n|\n|t:|1769093170\n|move|p1a: Latios|Draco Meteor|p2a: Scrafty\n|-damage|p2a: Scrafty|0 fnt\n|-unboost|p1a: Latios|spa|2\n|faint|p2a: Scrafty\n|\n|upkeep\n|\n|t:|1769093182\n|switch|p2a: Aerodactyl|Aerodactyl, L78, M|253/253\n|-ability|p2a: Aerodactyl|Unnerve\n|turn|14\n|\n|t:|1769093192\n|detailschange|p2a: Aerodactyl|Aerodactyl-Mega, L78, M\n|-mega|p2a: Aerodactyl|Aerodactyl|Aerodactylite\n|move|p2a: Aerodactyl|Hone Claws|p2a: Aerodactyl\n|-boost|p2a: Aerodactyl|atk|1\n|-boost|p2a: Aerodactyl|accuracy|1\n|move|p1a: Latios|Draco Meteor|p2a: Aerodactyl\n|-crit|p2a: Aerodactyl\n|-damage|p2a: Aerodactyl|0 fnt\n|-unboost|p1a: Latios|spa|2\n|faint|p2a: Aerodactyl\n|detailschange|p2: Aerodactyl|Aerodactyl, L78, M|[silent]\n|\n|upkeep\n|\n|t:|1769093203\n|switch|p2a: Dugtrio|Dugtrio, L84, F|196/196\n|turn|15\n|\n|t:|1769093211\n|switch|p1a: Dusknoir|Dusknoir, L89, F|225/225\n|-ability|p1a: Dusknoir|Pressure\n|move|p2a: Dugtrio|Stone Edge|p1a: Dusknoir\n|-damage|p1a: Dusknoir|167/225\n|-damage|p2a: Dugtrio|177/196|[from] item: Life Orb\n|\n|-heal|p1a: Dusknoir|181/225|[from] item: Leftovers\n|upkeep\n|turn|16\n|\n|t:|1769093222\n|move|p2a: Dugtrio|Stealth Rock|p1a: Dusknoir\n|-sidestart|p1: Nursey 29|move: Stealth Rock\n|move|p1a: Dusknoir|Ice Punch|p2a: Dugtrio\n|-supereffective|p2a: Dugtrio\n|-damage|p2a: Dugtrio|0 fnt\n|faint|p2a: Dugtrio\n|\n|-heal|p1a: Dusknoir|195/225|[from] item: Leftovers\n|upkeep\n|\n|t:|1769093230\n|switch|p2a: Clawitzer|Clawitzer, L87, F|265/265\n|turn|17\n|\n|t:|1769093235\n|move|p2a: Clawitzer|Dark Pulse|p1a: Dusknoir\n|-supereffective|p1a: Dusknoir\n|-damage|p1a: Dusknoir|43/225\n|move|p1a: Dusknoir|Earthquake|p2a: Clawitzer\n|-damage|p2a: Clawitzer|180/265\n|\n|-heal|p1a: Dusknoir|57/225|[from] item: Leftovers\n|upkeep\n|turn|18\n|\n|t:|1769093242\n|move|p2a: Clawitzer|Dark Pulse|p1a: Dusknoir\n|-supereffective|p1a: Dusknoir\n|-damage|p1a: Dusknoir|0 fnt\n|faint|p1a: Dusknoir\n|\n|upkeep\n|\n|t:|1769093250\n|switch|p1a: Kyogre|Kyogre, L69|252/252\n|-damage|p1a: Kyogre|221/252|[from] Stealth Rock\n|-weather|RainDance|[from] ability: Drizzle|[of] p1a: Kyogre\n|turn|19\n|\n|t:|1769093274\n|move|p1a: Kyogre|Thunder|p2a: Clawitzer\n|-supereffective|p2a: Clawitzer\n|-damage|p2a: Clawitzer|86/265\n|move|p2a: Clawitzer|Dark Pulse|p1a: Kyogre\n|-damage|p1a: Kyogre|129/252\n|\n|-weather|RainDance|[upkeep]\n|upkeep\n|turn|20\n|inactive|congoprince has 120 seconds left.\n|\n|t:|1769093299\n|move|p1a: Kyogre|Thunder|p2a: Clawitzer\n|-supereffective|p2a: Clawitzer\n|-damage|p2a: Clawitzer|0 fnt\n|faint|p2a: Clawitzer\n|\n|-weather|RainDance|[upkeep]\n|upkeep\n|\n|t:|1769093303\n|switch|p2a: Chimecho|Chimecho, L95, M|296/296\n|turn|21\n|\n|t:|1769093307\n|move|p1a: Kyogre|Thunder|p2a: Chimecho\n|-damage|p2a: Chimecho|233/296\n|move|p2a: Chimecho|Calm Mind|p2a: Chimecho\n|-boost|p2a: Chimecho|spa|1\n|-boost|p2a: Chimecho|spd|1\n|\n|-weather|RainDance|[upkeep]\n|-heal|p2a: Chimecho|251/296|[from] item: Leftovers\n|upkeep\n|turn|22\n|\n|t:|1769093315\n|move|p1a: Kyogre|Thunder|p2a: Chimecho\n|-damage|p2a: Chimecho|209/296\n|-status|p2a: Chimecho|par\n|move|p2a: Chimecho|Calm Mind|p2a: Chimecho\n|-boost|p2a: Chimecho|spa|1\n|-boost|p2a: Chimecho|spd|1\n|\n|-weather|RainDance|[upkeep]\n|-heal|p2a: Chimecho|227/296 par|[from] item: Leftovers\n|upkeep\n|turn|23\n|\n|t:|1769093324\n|switch|p1a: Aggron|Aggron, L87, M|264/264\n|-damage|p1a: Aggron|248/264|[from] Stealth Rock\n|move|p2a: Chimecho|Calm Mind|p2a: Chimecho\n|-boost|p2a: Chimecho|spa|1\n|-boost|p2a: Chimecho|spd|1\n|\n|-weather|none\n|-heal|p2a: Chimecho|245/296 par|[from] item: Leftovers\n|upkeep\n|turn|24\n|\n|t:|1769093334\n|move|p1a: Aggron|Head Smash|p2a: Chimecho\n|-damage|p2a: Chimecho|0 fnt\n|faint|p2a: Chimecho\n|\n|upkeep\n|-message|congoprince forfeited.\n|\n|win|Nursey 29\n|raw|Nursey 29's rating: 1630 &rarr; <strong>1654</strong><br />(+24 for winning)\n|raw|congoprince's rating: 1693 &rarr; <strong>1669</strong><br />(-24 for losing)\n|l|☆congoprince\n|player|p2|\n", "inputlog": ">version dd3d52b8382d73d1dd2c67730c4067df325ab790\n>start {\"formatid\":\"gen7randombattle\",\"seed\":\"sodium,ff54515363f09888ea88858a3567fd94\",\"rated\":\"Rated battle\"}\n>player p1 {\"name\":\"Nursey 29\",\"avatar\":\"lucas\",\"rating\":1630,\"seed\":\"sodium,21cabe012f89f8c0c8b3e5f8d86f8892\"}\n>player p2 {\"name\":\"congoprince\",\"avatar\":\"170\",\"rating\":1693,\"seed\":\"sodium,4d0f9f1a91dcd81b5ee3fcbacbf0dcb9\"}\n>p1 switch 4\n>p2 move aurasphere\n>p1 move toxic\n>p2 switch 6\n>p1 switch 2\n>p2 move bulkup\n>p1 move airslash\n>p2 move knockoff\n>p1 move airslash\n>p2 move drainpunch\n>p1 move airslash\n>p2 move drainpunch\n>p1 switch 3\n>p1 move waterspout\n>p2 switch 3\n>p1 switch 2\n>p2 move energyball\n>p1 switch 6\n>p1 move willowisp\n>p2 switch 3\n>p1 switch 5\n>p2 move rest\n>p1 move calmmind mega\n>p2 move knockoff\n>p1 move calmmind\n>p2 move knockoff\n>p1 move dracometeor\n>p2 move knockoff\n>p2 switch 2\n>p1 move dracometeor\n>p2 move honeclaws mega\n>p2 switch 5\n>p1 switch 5\n>p2 move stoneedge\n>p1 move icepunch\n>p2 move stealthrock\n>p2 switch 6\n>p1 move earthquake\n>p2 move darkpulse\n>p1 move earthquake\n>p2 move darkpulse\n>p1 switch 2\n>p1 move thunder\n>p2 move darkpulse\n>p1 move thunder\n>p2 move darkpulse\n>p2 switch 4\n>p1 move thunder\n>p2 move calmmind\n>p1 move thunder\n>p2 move calmmind\n>p1 switch 4\n>p2 move calmmind\n>p1 move headsmash\n>p2 move signalbeam\n>forcelose p2", "uploadtime": 1769093343, "views": 142, "formatid": "gen7randombattle", "rating": 1654, "private": 0, "password": null}