{"id": "gen7randombattle-2525033916", "format": "[Gen 7] Random Battle", "players": ["Julianoss001", "Westonro"], "log": "|j|☆Julianoss001\n|j|☆Westonro\n|t:|1769219797\n|gametype|singles\n|player|p1|Julianoss001|bruno-gen3|1542\n|player|p2|Westonro|worker-gen4|1557\n|gen|7\n|tier|[Gen 7] Random Battle\n|rated|\n|rule|Sleep Clause Mod: Limit one foe put to sleep\n|rule|HP Percentage Mod: HP is shown in percentages\n|rule|Illusion Level Mod: Illusion disguises the Pokémon's true level\n|\n|t:|1769219797\n|teamsize|p1|6\n|teamsize|p2|6\n|start\n|switch|p1a: Torkoal|Torkoal, L84, F|255/255\n|switch|p2a: Kingdra|Kingdra, L85, F|266/266\n|-weather|SunnyDay|[from] ability: Drought|[of] p1a: Torkoal\n|turn|1\n|\n|t:|1769219812\n|switch|p1a: Mantine|Mantine, L87, F|290/290\n|move|p2a: Kingdra|Rain Dance|p2a: Kingdra\n|-weather|RainDance\n|\n|-weather|RainDance|[upkeep]\n|upkeep\n|turn|2\n|inactive|Battle timer is ON: inactive players will automatically lose when time's up. (requested by Julianoss001)\n|\n|t:|1769219840\n|switch|p2a: Drapion|Drapion, L83, F|252/252\n|move|p1a: Mantine|Scald|p2a: Drapion\n|-damage|p2a: Drapion|126/252\n|\n|-weather|RainDance|[upkeep]\n|upkeep\n|turn|3\n|\n|t:|1769219852\n|move|p2a: Drapion|Knock Off|p1a: Mantine\n|-damage|p1a: Mantine|130/290\n|-enditem|p1a: Mantine|Leftovers|[from] move: Knock Off|[of] p2a: Drapion\n|move|p1a: Mantine|Scald|p2a: Drapion\n|-damage|p2a: Drapion|0 fnt\n|faint|p2a: Drapion\n|\n|-weather|RainDance|[upkeep]\n|upkeep\n|\n|t:|1769219863\n|switch|p2a: Emolga|Emolga, L90, F|245/245\n|turn|4\n|\n|t:|1769219870\n|switch|p1a: Eelektross|Eelektross, L88, M|293/293\n|move|p2a: Emolga|Thunderbolt|p1a: Eelektross\n|-resisted|p1a: Eelektross\n|-damage|p1a: Eelektross|261/293\n|\n|-weather|RainDance|[upkeep]\n|upkeep\n|turn|5\n|\n|t:|1769219879\n|switch|p2a: Stoutland|Stoutland, L86, F|286/286\n|move|p1a: Eelektross|Knock Off|p2a: Stoutland\n|-crit|p2a: Stoutland\n|-damage|p2a: Stoutland|166/286\n|-enditem|p2a: Stoutland|Choice Band|[from] move: Knock Off|[of] p1a: Eelektross\n|\n|-weather|none\n|upkeep\n|turn|6\n|inactive|Westonro has 120 seconds left.\n|\n|t:|1769219910\n|switch|p1a: Dunsparce|Dunsparce, L95, M|344/344\n|move|p2a: Stoutland|Return|p1a: Dunsparce\n|-damage|p1a: Dunsparce|209/344\n|\n|-heal|p1a: Dunsparce|230/344|[from] item: Leftovers\n|upkeep\n|turn|7\n|\n|t:|1769219916\n|move|p2a: Stoutland|Superpower|p1a: Dunsparce\n|-supereffective|p1a: Dunsparce\n|-damage|p1a: Dunsparce|26/344\n|-unboost|p2a: Stoutland|atk|1\n|-unboost|p2a: Stoutland|def|1\n|move|p1a: Dunsparce|Glare|p2a: Stoutland\n|-status|p2a: Stoutland|par\n|\n|-heal|p1a: Dunsparce|47/344|[from] item: Leftovers\n|upkeep\n|turn|8\n|\n|t:|1769219927\n|switch|p2a: Emolga|Emolga, L90, F|245/245\n|move|p1a: Dunsparce|Roost|p1a: Dunsparce\n|-heal|p1a: Dunsparce|219/344\n|-singleturn|p1a: Dunsparce|move: Roost\n|\n|-heal|p1a: Dunsparce|240/344|[from] item: Leftovers\n|upkeep\n|turn|9\n|\n|t:|1769219932\n|switch|p1a: Eelektross|Eelektross, L88, M|261/293\n|move|p2a: Emolga|Encore||[still]\n|-fail|p2a: Emolga\n|\n|upkeep\n|turn|10\n|\n|t:|1769219940\n|move|p2a: Emolga|Acrobatics|p1a: Eelektross\n|-resisted|p1a: Eelektross\n|-damage|p1a: Eelektross|205/293\n|move|p1a: Eelektross|Knock Off|p2a: Emolga\n|-damage|p2a: Emolga|174/245\n|\n|upkeep\n|turn|11\n|\n|t:|1769219962\n|switch|p2a: Corsola|Corsola, L96, F|280/280\n|move|p1a: Eelektross|Hidden Power|p2a: Corsola\n|-resisted|p2a: Corsola\n|-damage|p2a: Corsola|258/280\n|\n|-heal|p2a: Corsola|275/280|[from] item: Leftovers\n|upkeep\n|turn|12\n|\n|t:|1769219980\n|move|p1a: Eelektross|Giga Drain|p2a: Corsola\n|-supereffective|p2a: Corsola\n|-damage|p2a: Corsola|47/280\n|-heal|p1a: Eelektross|293/293|[from] drain|[of] p2a: Corsola\n|move|p2a: Corsola|Stealth Rock|p1a: Eelektross\n|-sidestart|p1: Julianoss001|move: Stealth Rock\n|\n|-heal|p2a: Corsola|64/280|[from] item: Leftovers\n|upkeep\n|turn|13\n|\n|t:|1769219993\n|switch|p2a: Cradily|Cradily, L89, F|298/298\n|move|p1a: Eelektross|Knock Off|p2a: Cradily\n|-damage|p2a: Cradily|216/298\n|-enditem|p2a: Cradily|Leftovers|[from] move: Knock Off|[of] p1a: Eelektross\n|\n|upkeep\n|turn|14\n|\n|t:|1769220016\n|switch|p1a: Simisage|Simisage, L89, F|278/278\n|-damage|p1a: Simisage|244/278|[from] Stealth Rock\n|move|p2a: Cradily|Stone Edge|p1a: Simisage\n|-damage|p1a: Simisage|118/278\n|\n|upkeep\n|turn|15\n|\n|t:|1769220026\n|move|p1a: Simisage|Focus Blast|p2a: Cradily\n|-supereffective|p2a: Cradily\n|-damage|p2a: Cradily|16/298\n|-damage|p1a: Simisage|91/278|[from] item: Life Orb\n|move|p2a: Cradily|Stone Edge|p1a: Simisage\n|-damage|p1a: Simisage|0 fnt\n|faint|p1a: Simisage\n|\n|upkeep\n|\n|t:|1769220032\n|switch|p1a: Eelektross|Eelektross, L88, M|293/293\n|-damage|p1a: Eelektross|257/293|[from] Stealth Rock\n|turn|16\n|\n|t:|1769220044\n|switch|p2a: Emolga|Emolga, L90, F|174/245\n|move|p1a: Eelektross|Knock Off|p2a: Emolga\n|-damage|p2a: Emolga|98/245\n|\n|upkeep\n|turn|17\n|\n|t:|1769220052\n|move|p2a: Emolga|Encore|p1a: Eelektross\n|-start|p1a: Eelektross|Encore\n|move|p1a: Eelektross|Knock Off|p2a: Emolga\n|-damage|p2a: Emolga|28/245\n|\n|upkeep\n|turn|18\n|\n|t:|1769220062\n|move|p2a: Emolga|Roost|p2a: Emolga\n|-heal|p2a: Emolga|151/245\n|-singleturn|p2a: Emolga|move: Roost\n|move|p1a: Eelektross|Knock Off|p2a: Emolga\n|-damage|p2a: Emolga|80/245\n|\n|upkeep\n|turn|19\n|\n|t:|1769220073\n|switch|p1a: Torkoal|Torkoal, L84, F|255/255\n|-damage|p1a: Torkoal|192/255|[from] Stealth Rock\n|-weather|SunnyDay|[from] ability: Drought|[of] p1a: Torkoal\n|move|p2a: Emolga|Roost|p2a: Emolga\n|-heal|p2a: Emolga|203/245\n|-singleturn|p2a: Emolga|move: Roost\n|\n|-weather|SunnyDay|[upkeep]\n|-heal|p1a: Torkoal|207/255|[from] item: Leftovers\n|upkeep\n|turn|20\n|\n|t:|1769220095\n|move|p2a: Emolga|Thunderbolt|p1a: Torkoal\n|-damage|p1a: Torkoal|102/255\n|move|p1a: Torkoal|Yawn|p2a: Emolga\n|-start|p2a: Emolga|move: Yawn|[of] p1a: Torkoal\n|\n|-weather|SunnyDay|[upkeep]\n|-heal|p1a: Torkoal|117/255|[from] item: Leftovers\n|upkeep\n|turn|21\n|\n|t:|1769220103\n|move|p2a: Emolga|Encore|p1a: Torkoal\n|-start|p1a: Torkoal|Encore\n|move|p1a: Torkoal|Yawn||[still]\n|-fail|p1a: Torkoal\n|\n|-weather|SunnyDay|[upkeep]\n|-heal|p1a: Torkoal|132/255|[from] item: Leftovers\n|-end|p2a: Emolga|move: Yawn|[silent]\n|-status|p2a: Emolga|slp\n|upkeep\n|turn|22\n|\n|t:|1769220117\n|switch|p2a: Cradily|Cradily, L89, F|16/298\n|switch|p1a: Dunsparce|Dunsparce, L95, M|240/344\n|-damage|p1a: Dunsparce|197/344|[from] Stealth Rock\n|\n|-weather|SunnyDay|[upkeep]\n|-heal|p1a: Dunsparce|218/344|[from] item: Leftovers\n|upkeep\n|turn|23\n|\n|t:|1769220130\n|switch|p2a: Emolga|Emolga, L90, F|203/245 slp\n|move|p1a: Dunsparce|Headbutt|p2a: Emolga\n|-damage|p2a: Emolga|110/245 slp\n|\n|-weather|none\n|-heal|p1a: Dunsparce|239/344|[from] item: Leftovers\n|upkeep\n|turn|24\n|\n|t:|1769220135\n|cant|p2a: Emolga|slp\n|move|p1a: Dunsparce|Headbutt|p2a: Emolga\n|-damage|p2a: Emolga|16/245 slp\n|\n|-heal|p1a: Dunsparce|260/344|[from] item: Leftovers\n|upkeep\n|turn|25\n|\n|t:|1769220140\n|-curestatus|p2a: Emolga|slp|[msg]\n|move|p2a: Emolga|Roost|p2a: Emolga\n|-heal|p2a: Emolga|139/245\n|-singleturn|p2a: Emolga|move: Roost\n|move|p1a: Dunsparce|Headbutt|p2a: Emolga\n|-damage|p2a: Emolga|51/245\n|\n|-heal|p1a: Dunsparce|281/344|[from] item: Leftovers\n|upkeep\n|turn|26\n|\n|t:|1769220149\n|move|p2a: Emolga|Roost|p2a: Emolga\n|-heal|p2a: Emolga|174/245\n|-singleturn|p2a: Emolga|move: Roost\n|move|p1a: Dunsparce|Glare|p2a: Emolga\n|-immune|p2a: Emolga\n|\n|-heal|p1a: Dunsparce|302/344|[from] item: Leftovers\n|upkeep\n|turn|27\n|c|☆Julianoss001|Missclick 😭\n|\n|t:|1769220172\n|switch|p1a: Eelektross|Eelektross, L88, M|257/293\n|-damage|p1a: Eelektross|221/293|[from] Stealth Rock\n|move|p2a: Emolga|Encore||[still]\n|-fail|p2a: Emolga\n|\n|upkeep\n|turn|28\n|\n|t:|1769220186\n|move|p2a: Emolga|Roost|p2a: Emolga\n|-heal|p2a: Emolga|245/245\n|-singleturn|p2a: Emolga|move: Roost\n|move|p1a: Eelektross|Hidden Power|p2a: Emolga\n|-damage|p2a: Emolga|182/245\n|\n|upkeep\n|turn|29\n|\n|t:|1769220198\n|switch|p2a: Cradily|Cradily, L89, F|16/298\n|move|p1a: Eelektross|Hidden Power|p2a: Cradily\n|-supereffective|p2a: Cradily\n|-damage|p2a: Cradily|0 fnt\n|faint|p2a: Cradily\n|\n|upkeep\n|\n|t:|1769220208\n|switch|p2a: Stoutland|Stoutland, L86, F|166/286 par\n|turn|30\n|\n|t:|1769220213\n|switch|p1a: Dunsparce|Dunsparce, L95, M|302/344\n|-damage|p1a: Dunsparce|259/344|[from] Stealth Rock\n|move|p2a: Stoutland|Facade|p1a: Dunsparce\n|-damage|p1a: Dunsparce|87/344\n|\n|-heal|p1a: Dunsparce|108/344|[from] item: Leftovers\n|upkeep\n|turn|31\n|\n|t:|1769220224\n|move|p1a: Dunsparce|Roost|p1a: Dunsparce\n|-heal|p1a: Dunsparce|280/344\n|-singleturn|p1a: Dunsparce|move: Roost\n|move|p2a: Stoutland|Facade|p1a: Dunsparce\n|-damage|p1a: Dunsparce|90/344\n|\n|-heal|p1a: Dunsparce|111/344|[from] item: Leftovers\n|upkeep\n|turn|32\n|\n|t:|1769220248\n|move|p1a: Dunsparce|Headbutt|p2a: Stoutland\n|-damage|p2a: Stoutland|94/286 par\n|cant|p2a: Stoutland|par\n|\n|-heal|p1a: Dunsparce|132/344|[from] item: Leftovers\n|upkeep\n|turn|33\n|\n|t:|1769220267\n|switch|p2a: Corsola|Corsola, L96, F|157/280\n|move|p1a: Dunsparce|Roost|p1a: Dunsparce\n|-heal|p1a: Dunsparce|304/344\n|-singleturn|p1a: Dunsparce|move: Roost\n|\n|-heal|p1a: Dunsparce|325/344|[from] item: Leftovers\n|-heal|p2a: Corsola|174/280|[from] item: Leftovers\n|upkeep\n|turn|34\n|\n|t:|1769220276\n|switch|p1a: Cacturne|Cacturne, L93, F|281/281\n|-damage|p1a: Cacturne|246/281|[from] Stealth Rock\n|move|p2a: Corsola|Scald|p1a: Cacturne\n|-heal|p1a: Cacturne|281/281|[from] ability: Water Absorb|[of] p2a: Corsola\n|\n|-heal|p2a: Corsola|191/280|[from] item: Leftovers\n|upkeep\n|turn|35\n|\n|t:|1769220291\n|switch|p2a: Emolga|Emolga, L90, F|182/245\n|move|p1a: Cacturne|Seed Bomb|p2a: Emolga\n|-resisted|p2a: Emolga\n|-damage|p2a: Emolga|81/245\n|-damage|p1a: Cacturne|253/281|[from] item: Life Orb\n|\n|upkeep\n|turn|36\n|\n|t:|1769220304\n|move|p1a: Cacturne|Sucker Punch||[still]\n|-fail|p1a: Cacturne\n|move|p2a: Emolga|Roost|p2a: Emolga\n|-heal|p2a: Emolga|204/245\n|-singleturn|p2a: Emolga|move: Roost\n|\n|upkeep\n|turn|37\n|\n|t:|1769220312\n|switch|p1a: Eelektross|Eelektross, L88, M|221/293\n|-damage|p1a: Eelektross|185/293|[from] Stealth Rock\n|move|p2a: Emolga|Acrobatics|p1a: Eelektross\n|-resisted|p1a: Eelektross\n|-damage|p1a: Eelektross|132/293\n|\n|upkeep\n|turn|38\n|\n|t:|1769220321\n|move|p2a: Emolga|Acrobatics|p1a: Eelektross\n|-resisted|p1a: Eelektross\n|-damage|p1a: Eelektross|72/293\n|move|p1a: Eelektross|Hidden Power|p2a: Emolga\n|-supereffective|p2a: Emolga\n|-damage|p2a: Emolga|84/245\n|\n|upkeep\n|turn|39\n|\n|t:|1769220328\n|move|p2a: Emolga|Roost|p2a: Emolga\n|-heal|p2a: Emolga|207/245\n|-singleturn|p2a: Emolga|move: Roost\n|move|p1a: Eelektross|Giga Drain|p2a: Emolga\n|-damage|p2a: Emolga|125/245\n|-heal|p1a: Eelektross|113/293|[from] drain|[of] p2a: Emolga\n|\n|upkeep\n|turn|40\n|\n|t:|1769220340\n|switch|p1a: Dunsparce|Dunsparce, L95, M|325/344\n|-damage|p1a: Dunsparce|282/344|[from] Stealth Rock\n|move|p2a: Emolga|Roost|p2a: Emolga\n|-heal|p2a: Emolga|245/245\n|-singleturn|p2a: Emolga|move: Roost\n|\n|-heal|p1a: Dunsparce|303/344|[from] item: Leftovers\n|upkeep\n|turn|41\n|\n|t:|1769220349\n|switch|p2a: Stoutland|Stoutland, L86, F|94/286 par\n|move|p1a: Dunsparce|Headbutt|p2a: Stoutland\n|-damage|p2a: Stoutland|21/286 par\n|\n|-heal|p1a: Dunsparce|324/344|[from] item: Leftovers\n|upkeep\n|turn|42\n|\n|t:|1769220355\n|move|p1a: Dunsparce|Headbutt|p2a: Stoutland\n|-damage|p2a: Stoutland|0 fnt\n|faint|p2a: Stoutland\n|\n|-heal|p1a: Dunsparce|344/344|[from] item: Leftovers\n|upkeep\n|\n|t:|1769220360\n|switch|p2a: Corsola|Corsola, L96, F|280/280\n|turn|43\n|\n|t:|1769220365\n|switch|p1a: Cacturne|Cacturne, L93, F|253/281\n|-damage|p1a: Cacturne|218/281|[from] Stealth Rock\n|move|p2a: Corsola|Scald|p1a: Cacturne\n|-heal|p1a: Cacturne|281/281|[from] ability: Water Absorb|[of] p2a: Corsola\n|\n|upkeep\n|turn|44\n|\n|t:|1769220379\n|move|p1a: Cacturne|Seed Bomb|p2a: Corsola\n|-supereffective|p2a: Corsola\n|-damage|p2a: Corsola|0 fnt\n|faint|p2a: Corsola\n|-damage|p1a: Cacturne|253/281|[from] item: Life Orb\n|\n|upkeep\n|\n|t:|1769220383\n|switch|p2a: Emolga|Emolga, L90, F|245/245\n|turn|45\n|\n|t:|1769220396\n|switch|p2a: Kingdra|Kingdra, L85, F|266/266\n|switch|p1a: Mantine|Mantine, L87, F|130/290\n|-damage|p1a: Mantine|58/290|[from] Stealth Rock\n|\n|upkeep\n|turn|46\n|\n|t:|1769220423\n|move|p2a: Kingdra|Ice Beam|p1a: Mantine\n|-damage|p1a: Mantine|5/290\n|-damage|p2a: Kingdra|240/266|[from] item: Life Orb\n|move|p1a: Mantine|Roost|p1a: Mantine\n|-heal|p1a: Mantine|150/290\n|-singleturn|p1a: Mantine|move: Roost\n|\n|upkeep\n|turn|47\n|\n|t:|1769220431\n|switch|p2a: Emolga|Emolga, L90, F|245/245\n|move|p1a: Mantine|Defog|p2a: Emolga\n|-unboost|p2a: Emolga|evasion|1\n|-sideend|p1: Julianoss001|Stealth Rock|[from] move: Defog|[of] p1a: Mantine\n|\n|upkeep\n|turn|48\n|\n|t:|1769220446\n|switch|p2a: Kingdra|Kingdra, L85, F|240/266\n|switch|p1a: Dunsparce|Dunsparce, L95, M|344/344\n|\n|upkeep\n|turn|49\n|\n|t:|1769220459\n|switch|p2a: Emolga|Emolga, L90, F|245/245\n|move|p1a: Dunsparce|Glare|p2a: Emolga\n|-immune|p2a: Emolga\n|\n|upkeep\n|turn|50\n|\n|t:|1769220469\n|switch|p1a: Torkoal|Torkoal, L84, F|132/255\n|-weather|SunnyDay|[from] ability: Drought|[of] p1a: Torkoal\n|move|p2a: Emolga|Acrobatics|p1a: Torkoal\n|-damage|p1a: Torkoal|59/255\n|\n|-weather|SunnyDay|[upkeep]\n|-heal|p1a: Torkoal|74/255|[from] item: Leftovers\n|upkeep\n|turn|51\n|\n|t:|1769220480\n|move|p2a: Emolga|Thunderbolt|p1a: Torkoal\n|-damage|p1a: Torkoal|0 fnt\n|faint|p1a: Torkoal\n|\n|-weather|SunnyDay|[upkeep]\n|upkeep\n|\n|t:|1769220485\n|switch|p1a: Dunsparce|Dunsparce, L95, M|344/344\n|turn|52\n|\n|t:|1769220492\n|move|p2a: Emolga|Acrobatics|p1a: Dunsparce\n|-damage|p1a: Dunsparce|221/344\n|move|p1a: Dunsparce|Headbutt|p2a: Emolga\n|-damage|p2a: Emolga|157/245\n|\n|-weather|SunnyDay|[upkeep]\n|-heal|p1a: Dunsparce|242/344|[from] item: Leftovers\n|upkeep\n|turn|53\n|\n|t:|1769220500\n|move|p2a: Emolga|Acrobatics|p1a: Dunsparce\n|-damage|p1a: Dunsparce|125/344\n|move|p1a: Dunsparce|Headbutt|p2a: Emolga\n|-damage|p2a: Emolga|58/245\n|\n|-weather|SunnyDay|[upkeep]\n|-heal|p1a: Dunsparce|146/344|[from] item: Leftovers\n|upkeep\n|turn|54\n|\n|t:|1769220508\n|move|p2a: Emolga|Thunderbolt|p1a: Dunsparce\n|-damage|p1a: Dunsparce|41/344\n|-status|p1a: Dunsparce|par\n|move|p1a: Dunsparce|Roost|p1a: Dunsparce\n|-heal|p1a: Dunsparce|213/344 par\n|-singleturn|p1a: Dunsparce|move: Roost\n|\n|-weather|none\n|-heal|p1a: Dunsparce|234/344 par|[from] item: Leftovers\n|upkeep\n|turn|55\n|\n|t:|1769220516\n|move|p2a: Emolga|Encore|p1a: Dunsparce\n|-start|p1a: Dunsparce|Encore\n|move|p1a: Dunsparce|Roost|p1a: Dunsparce\n|-heal|p1a: Dunsparce|344/344 par\n|-singleturn|p1a: Dunsparce|move: Roost\n|\n|upkeep\n|turn|56\n|\n|t:|1769220522\n|switch|p1a: Eelektross|Eelektross, L88, M|113/293\n|move|p2a: Emolga|Roost|p2a: Emolga\n|-heal|p2a: Emolga|181/245\n|-singleturn|p2a: Emolga|move: Roost\n|\n|upkeep\n|turn|57\n|\n|t:|1769220533\n|move|p2a: Emolga|Acrobatics|p1a: Eelektross\n|-resisted|p1a: Eelektross\n|-damage|p1a: Eelektross|59/293\n|move|p1a: Eelektross|Hidden Power|p2a: Emolga\n|-supereffective|p2a: Emolga\n|-damage|p2a: Emolga|53/245\n|\n|upkeep\n|turn|58\n|\n|t:|1769220541\n|move|p2a: Emolga|Acrobatics|p1a: Eelektross\n|-resisted|p1a: Eelektross\n|-damage|p1a: Eelektross|0 fnt\n|faint|p1a: Eelektross\n|\n|upkeep\n|\n|t:|1769220548\n|switch|p1a: Cacturne|Cacturne, L93, F|253/281\n|turn|59\n|\n|t:|1769220551\n|move|p2a: Emolga|Roost|p2a: Emolga\n|-heal|p2a: Emolga|176/245\n|-singleturn|p2a: Emolga|move: Roost\n|move|p1a: Cacturne|Swords Dance|p1a: Cacturne\n|-boost|p1a: Cacturne|atk|2\n|\n|upkeep\n|turn|60\n|\n|t:|1769220556\n|move|p1a: Cacturne|Sucker Punch||[still]\n|-fail|p1a: Cacturne\n|move|p2a: Emolga|Encore|p1a: Cacturne\n|-start|p1a: Cacturne|Encore\n|\n|upkeep\n|turn|61\n|\n|t:|1769220564\n|move|p1a: Cacturne|Sucker Punch|p2a: Emolga\n|-damage|p2a: Emolga|0 fnt\n|faint|p2a: Emolga\n|-damage|p1a: Cacturne|225/281|[from] item: Life Orb\n|\n|upkeep\n|\n|t:|1769220567\n|switch|p2a: Kingdra|Kingdra, L85, F|240/266\n|turn|62\n|\n|t:|1769220573\n|move|p1a: Cacturne|Sucker Punch||[still]\n|-fail|p1a: Cacturne\n|move|p2a: Kingdra|Rain Dance|p2a: Kingdra\n|-weather|RainDance\n|\n|-weather|RainDance|[upkeep]\n|upkeep\n|turn|63\n|\n|t:|1769220576\n|move|p1a: Cacturne|Sucker Punch|p2a: Kingdra\n|-damage|p2a: Kingdra|0 fnt\n|faint|p2a: Kingdra\n|-damage|p1a: Cacturne|197/281|[from] item: Life Orb\n|\n|win|Julianoss001\n|raw|Julianoss001's rating: 1542 &rarr; <strong>1563</strong><br />(+21 for winning)\n|raw|Westonro's rating: 1557 &rarr; <strong>1536</strong><br />(-21 for losing)\n|l|☆Westonro\n|player|p2|\n", "inputlog": ">version dd3d52b8382d73d1dd2c67730c4067df325ab790\n>start {\"formatid\":\"gen7randombattle\",\"seed\":\"sodium,709e5f50aacddb574eb853900f5a659d\",\"rated\":\"Rated battle\"}\n>player p1 {\"name\":\"Julianoss001\",\"avatar\":\"bruno-gen3\",\"rating\":1542,\"seed\":\"sodium,6640a6c4ed70987d461f89cc3c019ca9\"}\n>player p2 {\"name\":\"Westonro\",\"avatar\":\"worker-gen4\",\"rating\":1557,\"seed\":\"sodium,a8845ad7d0af058fe29b89638fa93c60\"}\n>p1 switch 2\n>p2 move raindance\n>p1 move scald\n>p2 switch 5\n>p1 move scald\n>p2 move knockoff\n>p2 switch 2\n>p1 switch 6\n>p2 move thunderbolt\n>p1 move knockoff\n>p2 switch 4\n>p1 switch 4\n>p2 move return\n>p1 move glare\n>p2 move superpower\n>p1 move roost\n>p2 switch 4\n>p1 switch 4\n>p2 move encore\n>p1 move knockoff\n>p2 move acrobatics\n>p1 move hiddenpower\n>p2 switch 6\n>p1 move gigadrain\n>p2 move stealthrock\n>p1 move knockoff\n>p2 switch 3\n>p1 switch 5\n>p2 move stoneedge\n>p1 move focusblast\n>p2 move stoneedge\n>p1 switch 5\n>p1 move knockoff\n>p2 switch 6\n>p1 move hiddenpower\n>p2 move encore\n>p1 move knockoff\n>p2 move roost\n>p1 switch 2\n>p2 move roost\n>p1 move yawn\n>p2 move thunderbolt\n>p1 move solarbeam\n>p2 move encore\n>p1 switch 4\n>p2 switch 6\n>p1 move headbutt\n>p2 switch 6\n>p1 move headbutt\n>p2 move roost\n>p1 move headbutt\n>p2 move roost\n>p1 move glare\n>p2 move roost\n>chat ☆Julianoss001|Missclick 😭\n>p1 switch 2\n>p2 move encore\n>p1 move hiddenpower\n>p2 move roost\n>p1 move hiddenpower\n>p2 switch 6\n>p2 switch 4\n>p1 switch 2\n>p2 move facade\n>p1 move roost\n>p2 move facade\n>p1 move headbutt\n>p2 move facade\n>p1 move roost\n>p2 switch 3\n>p1 switch 3\n>p2 move scald\n>p1 move seedbomb\n>p2 switch 6\n>p1 move suckerpunch\n>p2 move roost\n>p1 switch 2\n>p2 move acrobatics\n>p1 move hiddenpower\n>p2 move acrobatics\n>p1 move gigadrain\n>p2 move roost\n>p1 switch 3\n>p2 move roost\n>p1 move headbutt\n>p2 switch 3\n>p1 move headbutt\n>p2 move superpower\n>p2 switch 6\n>p1 switch 2\n>p2 move scald\n>p1 move seedbomb\n>p2 move powergem\n>p2 switch 3\n>p1 switch 6\n>p2 switch 5\n>p1 move roost\n>p2 move icebeam\n>p1 move defog\n>p2 switch 5\n>p1 switch 2\n>p2 switch 5\n>p1 move glare\n>p2 switch 5\n>p1 switch 4\n>p2 move acrobatics\n>p1 move lavaplume\n>p2 move thunderbolt\n>p1 switch 4\n>p1 move headbutt\n>p2 move acrobatics\n>p1 move headbutt\n>p2 move acrobatics\n>p1 move roost\n>p2 move thunderbolt\n>p1 move headbutt\n>p2 move encore\n>p1 switch 3\n>p2 move roost\n>p1 move hiddenpower\n>p2 move acrobatics\n>p1 move gigadrain\n>p2 move acrobatics\n>p1 switch 6\n>p1 move swordsdance\n>p2 move roost\n>p1 move suckerpunch\n>p2 move encore\n>p1 move suckerpunch\n>p2 move acrobatics\n>p2 switch 5\n>p1 move suckerpunch\n>p2 move raindance\n>p1 move suckerpunch\n>p2 move icebeam", "uploadtime": 1769220586, "views": 188, "formatid": "gen7randombattle", "rating": 1536, "private": 0, "password": null}