{"id": "gen7randombattle-2532315214", "format": "[Gen 7] Random Battle", "players": ["ChronoKaze", "may/gen3"], "log": "|j|☆ChronoKaze\n|j|☆may/gen3\n|t:|1770161034\n|gametype|singles\n|player|p1|ChronoKaze|1|1672\n|player|p2|may/gen3|may|1812\n|gen|7\n|tier|[Gen 7] Random Battle\n|rated|\n|rule|Sleep Clause Mod: Limit one foe put to sleep\n|rule|HP Percentage Mod: HP is shown in percentages\n|rule|Illusion Level Mod: Illusion disguises the Pokémon's true level\n|\n|t:|1770161034\n|teamsize|p1|6\n|teamsize|p2|6\n|start\n|switch|p1a: Manectric|Manectric, L78, M|237/237\n|switch|p2a: Rotom|Rotom-Mow, L86|226/226\n|turn|1\n|inactive|Battle timer is ON: inactive players will automatically lose when time's up. (requested by ChronoKaze)\n|\n|t:|1770161056\n|switch|p1a: Lurantis|Lurantis, L90, F|272/272\n|switch|p2a: Mismagius|Mismagius, L87, F|246/246\n|\n|upkeep\n|turn|2\n|inactive|ChronoKaze has 120 seconds left.\n|inactive|ChronoKaze has 90 seconds left.\n|\n|t:|1770161119\n|move|p2a: Mismagius|Will-O-Wisp|p1a: Lurantis\n|-status|p1a: Lurantis|brn\n|move|p1a: Lurantis|Leaf Storm|p2a: Mismagius\n|-damage|p2a: Mismagius|135/246\n|-boost|p1a: Lurantis|spa|2\n|\n|-heal|p2a: Mismagius|150/246|[from] item: Leftovers\n|-damage|p1a: Lurantis|255/272 brn|[from] brn\n|upkeep\n|turn|3\n|\n|t:|1770161131\n|move|p2a: Mismagius|Shadow Ball|p1a: Lurantis\n|-damage|p1a: Lurantis|197/272 brn\n|move|p1a: Lurantis|Leaf Storm|p2a: Mismagius\n|-damage|p2a: Mismagius|0 fnt\n|-boost|p1a: Lurantis|spa|2\n|faint|p2a: Mismagius\n|\n|-damage|p1a: Lurantis|180/272 brn|[from] brn\n|upkeep\n|\n|t:|1770161137\n|switch|p2a: Delphox|Delphox, L86, F|269/269\n|turn|4\n|inactive|ChronoKaze has 90 seconds left.\n|\n|t:|1770161167\n|move|p2a: Delphox|Fire Blast|p1a: Lurantis|[miss]\n|-miss|p2a: Delphox|p1a: Lurantis\n|move|p1a: Lurantis|Leaf Storm|p2a: Delphox\n|-resisted|p2a: Delphox\n|-damage|p2a: Delphox|78/269\n|-boost|p1a: Lurantis|spa|2\n|\n|-damage|p1a: Lurantis|163/272 brn|[from] brn\n|upkeep\n|turn|5\n|\n|t:|1770161172\n|move|p2a: Delphox|Fire Blast|p1a: Lurantis\n|-supereffective|p1a: Lurantis\n|-damage|p1a: Lurantis|0 fnt\n|faint|p1a: Lurantis\n|\n|upkeep\n|\n|t:|1770161188\n|switch|p1a: Ludicolo|Ludicolo, L89, M|287/287\n|turn|6\n|\n|t:|1770161200\n|switch|p2a: Lurantis|Lurantis, L90, M|272/272\n|move|p1a: Ludicolo|Rain Dance|p1a: Ludicolo\n|-weather|RainDance\n|\n|-weather|RainDance|[upkeep]\n|upkeep\n|turn|7\n|\n|t:|1770161205\n|move|p1a: Ludicolo|Ice Beam|p2a: Lurantis\n|-supereffective|p2a: Lurantis\n|-damage|p2a: Lurantis|171/272\n|-damage|p1a: Ludicolo|259/287|[from] item: Life Orb\n|move|p2a: Lurantis|Knock Off|p1a: Ludicolo\n|-damage|p1a: Ludicolo|160/287\n|-enditem|p1a: Ludicolo|Life Orb|[from] move: Knock Off|[of] p2a: Lurantis\n|\n|-weather|RainDance|[upkeep]\n|upkeep\n|turn|8\n|\n|t:|1770161209\n|move|p1a: Ludicolo|Ice Beam|p2a: Lurantis\n|-supereffective|p2a: Lurantis\n|-damage|p2a: Lurantis|87/272\n|move|p2a: Lurantis|Leaf Storm|p1a: Ludicolo\n|-damage|p1a: Ludicolo|51/287\n|-boost|p2a: Lurantis|spa|2\n|\n|-weather|RainDance|[upkeep]\n|upkeep\n|turn|9\n|\n|t:|1770161216\n|move|p1a: Ludicolo|Ice Beam|p2a: Lurantis\n|-supereffective|p2a: Lurantis\n|-damage|p2a: Lurantis|1/272\n|move|p2a: Lurantis|Knock Off|p1a: Ludicolo\n|-damage|p1a: Ludicolo|0 fnt\n|faint|p1a: Ludicolo\n|\n|-weather|RainDance|[upkeep]\n|upkeep\n|\n|t:|1770161234\n|switch|p1a: Manectric|Manectric, L78, M|237/237\n|turn|10\n|\n|t:|1770161242\n|detailschange|p1a: Manectric|Manectric-Mega, L78, M\n|-mega|p1a: Manectric|Manectric|Manectite\n|-ability|p1a: Manectric|Intimidate|boost\n|-boost|p2a: Lurantis|atk|1\n|move|p1a: Manectric|Hidden Power|p2a: Lurantis\n|-supereffective|p2a: Lurantis\n|-crit|p2a: Lurantis\n|-damage|p2a: Lurantis|0 fnt\n|faint|p2a: Lurantis\n|\n|-weather|none\n|upkeep\n|\n|t:|1770161247\n|switch|p2a: Gothitelle|Gothitelle, L91, M|275/275\n|turn|11\n|\n|t:|1770161251\n|move|p1a: Manectric|Volt Switch|p2a: Gothitelle\n|-damage|p2a: Gothitelle|206/275\n|inactive|ChronoKaze has 120 seconds left.\n|\n|t:|1770161269\n|switch|p1a: Meloetta|Meloetta, L81|295/295|[from] Volt Switch\n|move|p2a: Gothitelle|Calm Mind|p2a: Gothitelle\n|-boost|p2a: Gothitelle|spa|1\n|-boost|p2a: Gothitelle|spd|1\n|\n|-heal|p2a: Gothitelle|223/275|[from] item: Leftovers\n|upkeep\n|turn|12\n|\n|t:|1770161277\n|move|p1a: Meloetta|Calm Mind|p1a: Meloetta\n|-boost|p1a: Meloetta|spa|1\n|-boost|p1a: Meloetta|spd|1\n|move|p2a: Gothitelle|Signal Beam|p1a: Meloetta\n|-supereffective|p1a: Meloetta\n|-damage|p1a: Meloetta|207/295\n|\n|-heal|p2a: Gothitelle|240/275|[from] item: Leftovers\n|upkeep\n|turn|13\n|\n|t:|1770161285\n|move|p1a: Meloetta|Hyper Voice|p2a: Gothitelle\n|-damage|p2a: Gothitelle|133/275\n|-damage|p1a: Meloetta|178/295|[from] item: Life Orb\n|move|p2a: Gothitelle|Signal Beam|p1a: Meloetta\n|-supereffective|p1a: Meloetta\n|-damage|p1a: Meloetta|76/295\n|\n|-heal|p2a: Gothitelle|150/275|[from] item: Leftovers\n|upkeep\n|turn|14\n|\n|t:|1770161289\n|move|p1a: Meloetta|Hyper Voice|p2a: Gothitelle\n|-damage|p2a: Gothitelle|40/275\n|-damage|p1a: Meloetta|47/295|[from] item: Life Orb\n|move|p2a: Gothitelle|Signal Beam|p1a: Meloetta\n|-supereffective|p1a: Meloetta\n|-damage|p1a: Meloetta|0 fnt\n|faint|p1a: Meloetta\n|\n|-heal|p2a: Gothitelle|57/275|[from] item: Leftovers\n|upkeep\n|\n|t:|1770161298\n|switch|p1a: Manectric|Manectric-Mega, L78, M|237/237\n|-ability|p1a: Manectric|Intimidate|boost\n|-unboost|p2a: Gothitelle|atk|1\n|turn|15\n|\n|t:|1770161300\n|move|p1a: Manectric|Thunderbolt|p2a: Gothitelle\n|-damage|p2a: Gothitelle|3/275\n|move|p2a: Gothitelle|Psychic|p1a: Manectric\n|-damage|p1a: Manectric|56/237\n|\n|-heal|p2a: Gothitelle|20/275|[from] item: Leftovers\n|upkeep\n|turn|16\n|\n|t:|1770161304\n|move|p1a: Manectric|Thunderbolt|p2a: Gothitelle\n|-damage|p2a: Gothitelle|0 fnt\n|faint|p2a: Gothitelle\n|\n|upkeep\n|\n|t:|1770161308\n|switch|p2a: Delphox|Delphox, L86, F|78/269\n|turn|17\n|\n|t:|1770161313\n|move|p2a: Delphox|Fire Blast|p1a: Manectric\n|-damage|p1a: Manectric|0 fnt\n|faint|p1a: Manectric\n|detailschange|p1: Manectric|Manectric, L78, M|[silent]\n|\n|upkeep\n|\n|t:|1770161316\n|switch|p1a: Hariyama|Hariyama, L87, M|392/392\n|turn|18\n|\n|t:|1770161319\n|switch|p2a: Granbull|Granbull, L89, M|305/305\n|-ability|p2a: Granbull|Intimidate|boost\n|-unboost|p1a: Hariyama|atk|1\n|move|p1a: Hariyama|Knock Off|p2a: Granbull\n|-resisted|p2a: Granbull\n|-damage|p2a: Granbull|277/305\n|-enditem|p2a: Granbull|Leftovers|[from] move: Knock Off|[of] p1a: Hariyama\n|\n|upkeep\n|turn|19\n|\n|t:|1770161322\n|switch|p1a: Rotom|Rotom-Fan, L84|221/221\n|move|p2a: Granbull|Play Rough|p1a: Rotom\n|-damage|p1a: Rotom|112/221\n|\n|-heal|p1a: Rotom|125/221|[from] item: Leftovers\n|upkeep\n|turn|20\n|\n|t:|1770161328\n|switch|p2a: Rotom|Rotom-Mow, L86|226/226\n|move|p1a: Rotom|Thunderbolt|p2a: Rotom\n|-resisted|p2a: Rotom\n|-damage|p2a: Rotom|204/226\n|\n|-heal|p1a: Rotom|138/221|[from] item: Leftovers\n|upkeep\n|turn|21\n|\n|t:|1770161335\n|move|p2a: Rotom|Thunderbolt|p1a: Rotom\n|-damage|p1a: Rotom|13/221\n|-damage|p2a: Rotom|182/226|[from] item: Life Orb\n|move|p1a: Rotom|Air Slash|p2a: Rotom\n|-damage|p2a: Rotom|112/226\n|\n|-heal|p1a: Rotom|26/221|[from] item: Leftovers\n|upkeep\n|turn|22\n|\n|t:|1770161343\n|move|p2a: Rotom|Thunderbolt|p1a: Rotom\n|-damage|p1a: Rotom|0 fnt\n|faint|p1a: Rotom\n|-damage|p2a: Rotom|90/226|[from] item: Life Orb\n|\n|upkeep\n|\n|t:|1770161344\n|switch|p1a: Hariyama|Hariyama, L87, M|392/392\n|turn|23\n|\n|t:|1770161350\n|move|p2a: Rotom|Thunderbolt|p1a: Hariyama\n|-damage|p1a: Hariyama|267/392\n|-status|p1a: Hariyama|par\n|-damage|p2a: Rotom|68/226|[from] item: Life Orb\n|move|p1a: Hariyama|Knock Off|p2a: Rotom\n|-damage|p2a: Rotom|0 fnt\n|-enditem|p2a: Rotom|Life Orb|[from] move: Knock Off|[of] p1a: Hariyama\n|faint|p2a: Rotom\n|\n|upkeep\n|\n|t:|1770161354\n|switch|p2a: Granbull|Granbull, L89, M|277/305\n|-ability|p2a: Granbull|Intimidate|boost\n|-unboost|p1a: Hariyama|atk|1\n|turn|24\n|\n|t:|1770161356\n|move|p2a: Granbull|Play Rough|p1a: Hariyama\n|-supereffective|p1a: Hariyama\n|-damage|p1a: Hariyama|0 fnt\n|faint|p1a: Hariyama\n|\n|win|may/gen3\n|raw|ChronoKaze's rating: 1686 &rarr; <strong>1673</strong><br />(-13 for losing)\n|raw|may&#x2f;gen3's rating: 1812 &rarr; <strong>1825</strong><br />(+13 for winning)\n|l|☆ChronoKaze\n|player|p1|\n", "inputlog": ">version ccdc32dd7cde25fd9e4bed64820e885f66e78a4e\n>start {\"formatid\":\"gen7randombattle\",\"seed\":\"sodium,5ea74bf00ed04947971d5c86b4b06e05\",\"rated\":\"Rated battle\"}\n>player p1 {\"name\":\"ChronoKaze\",\"avatar\":\"1\",\"rating\":1672,\"seed\":\"sodium,efba7c3a7ba7be15d6fc12fe6c525576\"}\n>player p2 {\"name\":\"may/gen3\",\"avatar\":\"may\",\"rating\":1812,\"seed\":\"sodium,b7da21bfc770ec743ef5f06feff3912b\"}\n>p1 switch 5\n>p2 switch 2\n>p1 move leafstorm\n>p2 move willowisp\n>p1 move leafstorm\n>p2 move shadowball\n>p2 switch 5\n>p1 move leafstorm\n>p2 move fireblast\n>p1 move leafstorm\n>p2 move fireblast\n>p1 switch 3\n>p1 move raindance\n>p2 switch 4\n>p1 move icebeam\n>p2 move knockoff\n>p1 move icebeam\n>p2 move leafstorm\n>p1 move icebeam\n>p2 move knockoff\n>p1 switch 5\n>p1 move hiddenpower mega\n>p2 move leafstorm\n>p2 switch 3\n>p1 move voltswitch\n>p2 move calmmind\n>p1 switch 4\n>p1 move calmmind\n>p2 move signalbeam\n>p1 move hypervoice\n>p2 move signalbeam\n>p1 move hypervoice\n>p2 move signalbeam\n>p1 switch 4\n>p1 move thunderbolt\n>p2 move psychic\n>p1 move thunderbolt\n>p2 move psychic\n>p2 switch 4\n>p1 move voltswitch\n>p2 move fireblast\n>p1 switch 6\n>p1 move knockoff\n>p2 switch 6\n>p1 switch 2\n>p2 move playrough\n>p1 move thunderbolt\n>p2 switch 2\n>p1 move airslash\n>p2 move thunderbolt\n>p1 move airslash\n>p2 move thunderbolt\n>p1 switch 2\n>p1 move knockoff\n>p2 move thunderbolt\n>p2 switch 2\n>p1 move heavyslam\n>p2 move playrough", "uploadtime": 1770161361, "views": 154, "formatid": "gen7randombattle", "rating": 1673, "private": 0, "password": null}