{"id": "gen7randombattle-2524263518", "format": "[Gen 7] Random Battle", "players": ["504battle", "plop in my pants"], "log": "|j|☆504battle\n|j|☆plop in my pants\n|t:|1769124068\n|gametype|singles\n|player|p1|504battle|sage|1572\n|player|p2|plop in my pants|teamrocket|1801\n|gen|7\n|tier|[Gen 7] Random Battle\n|rated|\n|rule|Sleep Clause Mod: Limit one foe put to sleep\n|rule|HP Percentage Mod: HP is shown in percentages\n|rule|Illusion Level Mod: Illusion disguises the Pokémon's true level\n|\n|t:|1769124068\n|teamsize|p1|6\n|teamsize|p2|6\n|start\n|switch|p1a: Tangrowth|Tangrowth, L89, F|323/323\n|switch|p2a: Volcarona|Volcarona, L76, M|253/253\n|turn|1\n|\n|t:|1769124116\n|switch|p2a: Ferrothorn|Ferrothorn, L72, F|226/226\n|move|p1a: Tangrowth|Rock Slide|p2a: Ferrothorn\n|-resisted|p2a: Ferrothorn\n|-damage|p2a: Ferrothorn|201/226\n|\n|-heal|p2a: Ferrothorn|215/226|[from] item: Leftovers\n|upkeep\n|turn|2\n|j| ExodusO4\n|\n|t:|1769124132\n|switch|p1a: Camerupt|Camerupt, L88, M|266/266\n|move|p2a: Ferrothorn|Stealth Rock|p1a: Camerupt\n|-sidestart|p1: 504battle|move: Stealth Rock\n|\n|-heal|p2a: Ferrothorn|226/226|[from] item: Leftovers\n|upkeep\n|turn|3\n|c| ExodusO4|BEAT HIM\n|\n|t:|1769124141\n|switch|p2a: Lanturn|Lanturn, L89, F|367/367\n|detailschange|p1a: Camerupt|Camerupt-Mega, L88, M\n|-mega|p1a: Camerupt|Camerupt|Cameruptite\n|move|p1a: Camerupt|Stealth Rock|p2a: Lanturn\n|-sidestart|p2: plop in my pants|move: Stealth Rock\n|\n|upkeep\n|turn|4\n|c|☆504battle|LMAO WHAT?????\n|\n|t:|1769124151\n|switch|p1a: Tangrowth|Tangrowth, L89, F|323/323\n|-damage|p1a: Tangrowth|283/323|[from] Stealth Rock\n|move|p2a: Lanturn|Scald|p1a: Tangrowth\n|-resisted|p1a: Tangrowth\n|-damage|p1a: Tangrowth|247/323\n|-status|p1a: Tangrowth|brn\n|\n|-damage|p1a: Tangrowth|227/323 brn|[from] brn\n|upkeep\n|turn|5\n|c| ExodusO4|idgaf\n|\n|t:|1769124155\n|move|p2a: Lanturn|Volt Switch|p1a: Tangrowth\n|-resisted|p1a: Tangrowth\n|-damage|p1a: Tangrowth|196/323 brn\n|\n|t:|1769124157\n|switch|p2a: Ferrothorn|Ferrothorn, L72, F|226/226|[from] Volt Switch\n|-damage|p2a: Ferrothorn|212/226|[from] Stealth Rock\n|move|p1a: Tangrowth|Giga Drain|p2a: Ferrothorn\n|-resisted|p2a: Ferrothorn\n|-damage|p2a: Ferrothorn|191/226\n|-heal|p1a: Tangrowth|207/323 brn|[from] drain|[of] p2a: Ferrothorn\n|\n|-heal|p2a: Ferrothorn|205/226|[from] item: Leftovers\n|-damage|p1a: Tangrowth|187/323 brn|[from] brn\n|upkeep\n|turn|6\n|\n|t:|1769124171\n|switch|p1a: Celesteela|Celesteela, L78|279/279\n|-damage|p1a: Celesteela|245/279|[from] Stealth Rock\n|move|p2a: Ferrothorn|Spikes|p1a: Celesteela\n|-sidestart|p1: 504battle|Spikes\n|\n|-heal|p2a: Ferrothorn|219/226|[from] item: Leftovers\n|upkeep\n|turn|7\n|c| ExodusO4|WATCHO UT\n|\n|t:|1769124192\n|switch|p2a: Lanturn|Lanturn, L89, F|367/367\n|-damage|p2a: Lanturn|322/367|[from] Stealth Rock\n|move|p1a: Celesteela|Autotomize|p1a: Celesteela\n|-boost|p1a: Celesteela|spe|2\n|-start|p1a: Celesteela|Autotomize\n|\n|-heal|p2a: Lanturn|344/367|[from] item: Leftovers\n|upkeep\n|turn|8\n|inactive|Battle timer is ON: inactive players will automatically lose when time's up. (requested by plop in my pants)\n|c|☆504battle|Thanks for the warning, he's slippery\n|\n|t:|1769124217\n|move|p1a: Celesteela|Earthquake|p2a: Lanturn\n|-supereffective|p2a: Lanturn\n|-damage|p2a: Lanturn|174/367\n|move|p2a: Lanturn|Thunderbolt|p1a: Celesteela\n|-supereffective|p1a: Celesteela\n|-damage|p1a: Celesteela|83/279\n|-status|p1a: Celesteela|par\n|-enditem|p1a: Celesteela|Weakness Policy\n|-boost|p1a: Celesteela|atk|2|[from] item: Weakness Policy\n|-boost|p1a: Celesteela|spa|2|[from] item: Weakness Policy\n|\n|-heal|p2a: Lanturn|196/367|[from] item: Leftovers\n|upkeep\n|turn|9\n|\n|t:|1769124224\n|move|p2a: Lanturn|Thunderbolt|p1a: Celesteela\n|-supereffective|p1a: Celesteela\n|-damage|p1a: Celesteela|0 fnt\n|faint|p1a: Celesteela\n|\n|-heal|p2a: Lanturn|218/367|[from] item: Leftovers\n|upkeep\n|\n|t:|1769124229\n|switch|p1a: Tangrowth|Tangrowth, L89, F|294/323 brn\n|-damage|p1a: Tangrowth|254/323 brn|[from] Stealth Rock\n|-damage|p1a: Tangrowth|214/323 brn|[from] Spikes\n|turn|10\n|\n|t:|1769124232\n|move|p2a: Lanturn|Volt Switch|p1a: Tangrowth\n|-resisted|p1a: Tangrowth\n|-damage|p1a: Tangrowth|185/323 brn\n|\n|t:|1769124234\n|switch|p2a: Ferrothorn|Ferrothorn, L72, F|219/226|[from] Volt Switch\n|-damage|p2a: Ferrothorn|205/226|[from] Stealth Rock\n|move|p1a: Tangrowth|Knock Off|p2a: Ferrothorn\n|-damage|p2a: Ferrothorn|174/226\n|-damage|p1a: Tangrowth|145/323 brn|[from] ability: Iron Barbs|[of] p2a: Ferrothorn\n|-enditem|p2a: Ferrothorn|Leftovers|[from] move: Knock Off|[of] p1a: Tangrowth\n|\n|-damage|p1a: Tangrowth|125/323 brn|[from] brn\n|upkeep\n|turn|11\n|\n|t:|1769124243\n|switch|p1a: Camerupt|Camerupt-Mega, L88, M|266/266\n|-damage|p1a: Camerupt|233/266|[from] Stealth Rock\n|-damage|p1a: Camerupt|200/266|[from] Spikes\n|move|p2a: Ferrothorn|Spikes|p1a: Camerupt\n|-sidestart|p1: 504battle|Spikes\n|\n|upkeep\n|turn|12\n|\n|t:|1769124255\n|switch|p2a: Snorlax|Snorlax, L83, M|401/401\n|-damage|p2a: Snorlax|351/401|[from] Stealth Rock\n|move|p1a: Camerupt|Earth Power|p2a: Snorlax\n|-damage|p2a: Snorlax|197/401\n|\n|-heal|p2a: Snorlax|222/401|[from] item: Leftovers\n|upkeep\n|turn|13\n|\n|t:|1769124260\n|switch|p1a: Tangrowth|Tangrowth, L89, F|232/323 brn\n|-damage|p1a: Tangrowth|192/323 brn|[from] Stealth Rock\n|-damage|p1a: Tangrowth|139/323 brn|[from] Spikes\n|move|p2a: Snorlax|Earthquake|p1a: Tangrowth\n|-resisted|p1a: Tangrowth\n|-damage|p1a: Tangrowth|113/323 brn\n|\n|-heal|p2a: Snorlax|247/401|[from] item: Leftovers\n|-damage|p1a: Tangrowth|93/323 brn|[from] brn\n|upkeep\n|turn|14\n|\n|t:|1769124265\n|switch|p2a: Ferrothorn|Ferrothorn, L72, F|174/226\n|-damage|p2a: Ferrothorn|160/226|[from] Stealth Rock\n|move|p1a: Tangrowth|Knock Off|p2a: Ferrothorn\n|-damage|p2a: Ferrothorn|136/226\n|-damage|p1a: Tangrowth|53/323 brn|[from] ability: Iron Barbs|[of] p2a: Ferrothorn\n|\n|-damage|p1a: Tangrowth|33/323 brn|[from] brn\n|upkeep\n|turn|15\n|inactive|504battle has 120 seconds left.\n|c| ExodusO4|it's hard but we can't always win\n|l| ExodusO4\n|inactive|504battle has 90 seconds left.\n|\n|t:|1769124335\n|move|p1a: Tangrowth|Earthquake|p2a: Ferrothorn\n|-damage|p2a: Ferrothorn|100/226\n|move|p2a: Ferrothorn|Spikes|p1a: Tangrowth\n|-sidestart|p1: 504battle|Spikes\n|\n|-damage|p1a: Tangrowth|13/323 brn|[from] brn\n|upkeep\n|turn|16\n|\n|t:|1769124353\n|move|p1a: Tangrowth|Earthquake|p2a: Ferrothorn\n|-damage|p2a: Ferrothorn|68/226\n|move|p2a: Ferrothorn|Gyro Ball|p1a: Tangrowth\n|-damage|p1a: Tangrowth|0 fnt\n|faint|p1a: Tangrowth\n|\n|upkeep\n|\n|t:|1769124365\n|switch|p1a: Camerupt|Camerupt-Mega, L88, M|200/266\n|-damage|p1a: Camerupt|167/266|[from] Stealth Rock\n|-damage|p1a: Camerupt|101/266|[from] Spikes\n|turn|17\n|\n|t:|1769124370\n|move|p1a: Camerupt|Earth Power|p2a: Ferrothorn\n|-damage|p2a: Ferrothorn|0 fnt\n|faint|p2a: Ferrothorn\n|\n|upkeep\n|\n|t:|1769124373\n|switch|p2a: Lanturn|Lanturn, L89, F|218/367\n|-damage|p2a: Lanturn|173/367|[from] Stealth Rock\n|turn|18\n|\n|t:|1769124378\n|move|p2a: Lanturn|Scald|p1a: Camerupt\n|-supereffective|p1a: Camerupt\n|-damage|p1a: Camerupt|0 fnt\n|faint|p1a: Camerupt\n|detailschange|p1: Camerupt|Camerupt, L88, M|[silent]\n|\n|-heal|p2a: Lanturn|195/367|[from] item: Leftovers\n|upkeep\n|\n|t:|1769124381\n|switch|p1a: Unown|Unown-X|258/258\n|-damage|p1a: Unown|226/258|[from] Stealth Rock\n|turn|19\n|\n|t:|1769124391\n|move|p2a: Lanturn|Thunderbolt|p1a: Unown\n|-crit|p1a: Unown\n|-damage|p1a: Unown|63/258\n|move|p1a: Unown|Hidden Power|p2a: Lanturn\n|-damage|p2a: Lanturn|75/367\n|\n|-heal|p2a: Lanturn|97/367|[from] item: Leftovers\n|upkeep\n|turn|20\n|inactive|504battle has 120 seconds left.\n|\n|t:|1769124401\n|move|p2a: Lanturn|Scald|p1a: Unown\n|-damage|p1a: Unown|0 fnt\n|faint|p1a: Unown\n|\n|-heal|p2a: Lanturn|119/367|[from] item: Leftovers\n|upkeep\n|inactive|504battle has 120 seconds left.\n|\n|t:|1769124419\n|switch|p1a: Hoopa|Hoopa, L86|278/278\n|-damage|p1a: Hoopa|244/278|[from] Stealth Rock\n|-damage|p1a: Hoopa|175/278|[from] Spikes\n|turn|21\n|\n|t:|1769124425\n|move|p1a: Hoopa|Psyshock|p2a: Lanturn\n|-damage|p2a: Lanturn|0 fnt\n|faint|p2a: Lanturn\n|\n|upkeep\n|\n|t:|1769124440\n|switch|p2a: Drifblim|Drifblim, L85, F|392/392\n|-damage|p2a: Drifblim|294/392|[from] Stealth Rock\n|turn|22\n|\n|t:|1769124444\n|move|p1a: Hoopa|Psyshock|p2a: Drifblim\n|-damage|p2a: Drifblim|92/392\n|-enditem|p2a: Drifblim|Sitrus Berry|[eat]\n|-heal|p2a: Drifblim|190/392|[from] item: Sitrus Berry\n|move|p2a: Drifblim|Hex|p1a: Hoopa\n|-supereffective|p1a: Hoopa\n|-damage|p1a: Hoopa|0 fnt\n|faint|p1a: Hoopa\n|\n|upkeep\n|\n|t:|1769124457\n|switch|p1a: Volcarona|Volcarona, L76, F|253/253\n|-damage|p1a: Volcarona|127/253|[from] Stealth Rock\n|-damage|p1a: Volcarona|64/253|[from] Spikes\n|turn|23\n|\n|t:|1769124467\n|move|p2a: Drifblim|Acrobatics|p1a: Volcarona\n|-supereffective|p1a: Volcarona\n|-damage|p1a: Volcarona|0 fnt\n|faint|p1a: Volcarona\n|\n|win|plop in my pants\n|raw|504battle's rating: 1572 &rarr; <strong>1564</strong><br />(-8 for losing)\n|raw|plop in my pants's rating: 1801 &rarr; <strong>1809</strong><br />(+8 for winning)\n|l|☆504battle\n|player|p1|\n", "inputlog": ">version dd3d52b8382d73d1dd2c67730c4067df325ab790\n>start {\"formatid\":\"gen7randombattle\",\"seed\":\"sodium,2a4a3562a3334994916b104284fd4518\",\"rated\":\"Rated battle\"}\n>player p1 {\"name\":\"504battle\",\"avatar\":\"sage\",\"rating\":1572,\"seed\":\"sodium,23607ec9a102e5b793e588f2b2c778b5\"}\n>player p2 {\"name\":\"plop in my pants\",\"avatar\":\"teamrocket\",\"rating\":1801,\"seed\":\"sodium,93805669c4c09106ae962ed5b71d3548\"}\n>p1 move rockslide\n>p2 switch 3\n>p1 switch 3\n>p2 move stealthrock\n>chat  ExodusO4|BEAT HIM\n>p1 move stealthrock mega\n>p2 switch 6\n>chat ☆504battle|LMAO WHAT?????\n>p1 switch 3\n>p2 move scald\n>chat  ExodusO4|idgaf\n>p1 move gigadrain\n>p2 move voltswitch\n>p2 switch 6\n>p1 switch 2\n>p2 move spikes\n>chat  ExodusO4|WATCHO UT\n>p1 move autotomize\n>p2 switch 6\n>chat ☆504battle|Thanks for the warning, he's slippery\n>p1 move earthquake\n>p2 move thunderbolt\n>p1 move earthquake\n>p2 move thunderbolt\n>p1 switch 2\n>p1 move knockoff\n>p2 move voltswitch\n>p2 switch 6\n>p1 switch 3\n>p2 move spikes\n>p1 move earthpower\n>p2 switch 2\n>p1 switch 3\n>p2 move earthquake\n>p1 move knockoff\n>p2 switch 2\n>chat  ExodusO4|it's hard but we can't always win\n>p1 move earthquake\n>p2 move spikes\n>p1 move earthquake\n>p2 move gyroball\n>p1 switch 3\n>p1 move earthpower\n>p2 move powerwhip\n>p2 switch 6\n>p1 move earthpower\n>p2 move scald\n>p1 switch 6\n>p1 move hiddenpower\n>p2 move thunderbolt\n>p1 move hiddenpower\n>p2 move scald\n>p1 switch 4\n>p1 move psyshock\n>p2 move voltswitch\n>p2 switch 4\n>p1 move psyshock\n>p2 move hex\n>p1 switch 5\n>p1 move fireblast zmove\n>p2 move acrobatics", "uploadtime": 1769124471, "views": 148, "formatid": "gen7randombattle", "rating": 1564, "private": 0, "password": null}