{"id": "gen7randombattle-2535379312", "format": "[Gen 7] Random Battle", "players": ["wowowd", "Mewtwo reigns"], "log": "|j|☆wowowd\n|j|☆Mewtwo reigns\n|t:|1770560750\n|gametype|singles\n|player|p1|wowowd|pokemonranger-gen4|1553\n|player|p2|Mewtwo reigns|teamrocket|1600\n|gen|7\n|tier|[Gen 7] Random Battle\n|rated|\n|rule|Sleep Clause Mod: Limit one foe put to sleep\n|rule|HP Percentage Mod: HP is shown in percentages\n|rule|Illusion Level Mod: Illusion disguises the Pokémon's true level\n|\n|t:|1770560750\n|teamsize|p1|6\n|teamsize|p2|6\n|start\n|switch|p1a: Venomoth|Venomoth, L82, F|249/249\n|switch|p2a: Cofagrigus|Cofagrigus, L89, F|248/248\n|turn|1\n|inactive|Battle timer is ON: inactive players will automatically lose when time's up. (requested by Mewtwo reigns)\n|inactive|wowowd also wants the timer to be on.\n|\n|t:|1770560771\n|switch|p1a: Cofagrigus|Cofagrigus, L89, M|248/248\n|move|p2a: Cofagrigus|Shadow Ball|p1a: Cofagrigus\n|-supereffective|p1a: Cofagrigus\n|-damage|p1a: Cofagrigus|90/248\n|\n|-heal|p1a: Cofagrigus|105/248|[from] item: Leftovers\n|upkeep\n|turn|2\n|\n|t:|1770560776\n|move|p2a: Cofagrigus|Shadow Ball|p1a: Cofagrigus\n|-supereffective|p1a: Cofagrigus\n|-damage|p1a: Cofagrigus|0 fnt\n|faint|p1a: Cofagrigus\n|\n|upkeep\n|\n|t:|1770560787\n|switch|p1a: Venomoth|Venomoth, L82, F|249/249\n|turn|3\n|\n|t:|1770560790\n|move|p1a: Venomoth|Quiver Dance|p1a: Venomoth\n|-boost|p1a: Venomoth|spa|1\n|-boost|p1a: Venomoth|spd|1\n|-boost|p1a: Venomoth|spe|1\n|move|p2a: Cofagrigus|Shadow Ball|p1a: Venomoth\n|-damage|p1a: Venomoth|177/249\n|\n|upkeep\n|turn|4\n|\n|t:|1770560794\n|move|p1a: Venomoth|Quiver Dance|p1a: Venomoth\n|-boost|p1a: Venomoth|spa|1\n|-boost|p1a: Venomoth|spd|1\n|-boost|p1a: Venomoth|spe|1\n|move|p2a: Cofagrigus|Haze|p2a: Cofagrigus\n|-clearallboost\n|\n|upkeep\n|turn|5\n|\n|t:|1770560796\n|move|p1a: Venomoth|Quiver Dance|p1a: Venomoth\n|-boost|p1a: Venomoth|spa|1\n|-boost|p1a: Venomoth|spd|1\n|-boost|p1a: Venomoth|spe|1\n|move|p2a: Cofagrigus|Shadow Ball|p1a: Venomoth\n|-damage|p1a: Venomoth|104/249\n|\n|upkeep\n|turn|6\n|\n|t:|1770560802\n|move|p1a: Venomoth|Bug Buzz|p2a: Cofagrigus\n|-resisted|p2a: Cofagrigus\n|-damage|p2a: Cofagrigus|134/248\n|move|p2a: Cofagrigus|Haze|p2a: Cofagrigus\n|-clearallboost\n|\n|-heal|p2a: Cofagrigus|149/248|[from] item: Leftovers\n|upkeep\n|turn|7\n|\n|t:|1770560805\n|move|p1a: Venomoth|Roost|p1a: Venomoth\n|-heal|p1a: Venomoth|229/249\n|-singleturn|p1a: Venomoth|move: Roost\n|move|p2a: Cofagrigus|Shadow Ball|p1a: Venomoth\n|-damage|p1a: Venomoth|121/249\n|\n|-heal|p2a: Cofagrigus|164/248|[from] item: Leftovers\n|upkeep\n|turn|8\n|\n|t:|1770560808\n|move|p1a: Venomoth|Roost|p1a: Venomoth\n|-heal|p1a: Venomoth|246/249\n|-singleturn|p1a: Venomoth|move: Roost\n|move|p2a: Cofagrigus|Shadow Ball|p1a: Venomoth\n|-damage|p1a: Venomoth|140/249\n|\n|-heal|p2a: Cofagrigus|179/248|[from] item: Leftovers\n|upkeep\n|turn|9\n|\n|t:|1770560811\n|move|p1a: Venomoth|Quiver Dance|p1a: Venomoth\n|-boost|p1a: Venomoth|spa|1\n|-boost|p1a: Venomoth|spd|1\n|-boost|p1a: Venomoth|spe|1\n|move|p2a: Cofagrigus|Shadow Ball|p1a: Venomoth\n|-damage|p1a: Venomoth|73/249\n|\n|-heal|p2a: Cofagrigus|194/248|[from] item: Leftovers\n|upkeep\n|turn|10\n|\n|t:|1770560816\n|move|p1a: Venomoth|Roost|p1a: Venomoth\n|-heal|p1a: Venomoth|198/249\n|-singleturn|p1a: Venomoth|move: Roost\n|move|p2a: Cofagrigus|Shadow Ball|p1a: Venomoth\n|-damage|p1a: Venomoth|129/249\n|-unboost|p1a: Venomoth|spd|1\n|\n|-heal|p2a: Cofagrigus|209/248|[from] item: Leftovers\n|upkeep\n|turn|11\n|\n|t:|1770560825\n|move|p1a: Venomoth|Roost|p1a: Venomoth\n|-heal|p1a: Venomoth|249/249\n|-singleturn|p1a: Venomoth|move: Roost\n|move|p2a: Cofagrigus|Haze|p2a: Cofagrigus\n|-clearallboost\n|\n|-heal|p2a: Cofagrigus|224/248|[from] item: Leftovers\n|upkeep\n|turn|12\n|\n|t:|1770560830\n|switch|p2a: Skarmory|Skarmory, L75, M|221/221\n|move|p1a: Venomoth|Quiver Dance|p1a: Venomoth\n|-boost|p1a: Venomoth|spa|1\n|-boost|p1a: Venomoth|spd|1\n|-boost|p1a: Venomoth|spe|1\n|\n|upkeep\n|turn|13\n|\n|t:|1770560834\n|move|p1a: Venomoth|Bug Buzz|p2a: Skarmory\n|-resisted|p2a: Skarmory\n|-damage|p2a: Skarmory|133/221\n|move|p2a: Skarmory|Stealth Rock|p1a: Venomoth\n|-sidestart|p1: wowowd|move: Stealth Rock\n|\n|-heal|p2a: Skarmory|146/221|[from] item: Leftovers\n|upkeep\n|turn|14\n|\n|t:|1770560853\n|-zpower|p1a: Venomoth\n|move|p1a: Venomoth|Savage Spin-Out|p2a: Skarmory|[zeffect]\n|-resisted|p2a: Skarmory\n|-damage|p2a: Skarmory|0 fnt\n|faint|p2a: Skarmory\n|\n|upkeep\n|\n|t:|1770560866\n|switch|p2a: Cofagrigus|Cofagrigus, L89, F|224/248\n|turn|15\n|\n|t:|1770560872\n|move|p1a: Venomoth|Bug Buzz|p2a: Cofagrigus\n|-resisted|p2a: Cofagrigus\n|-damage|p2a: Cofagrigus|122/248\n|move|p2a: Cofagrigus|Haze|p2a: Cofagrigus\n|-clearallboost\n|\n|-heal|p2a: Cofagrigus|137/248|[from] item: Leftovers\n|upkeep\n|turn|16\n|\n|t:|1770560875\n|move|p1a: Venomoth|Quiver Dance|p1a: Venomoth\n|-boost|p1a: Venomoth|spa|1\n|-boost|p1a: Venomoth|spd|1\n|-boost|p1a: Venomoth|spe|1\n|move|p2a: Cofagrigus|Pain Split|p1a: Venomoth\n|-sethp|p1a: Venomoth|193/249|[from] move: Pain Split|[silent]\n|-sethp|p2a: Cofagrigus|193/248|[from] move: Pain Split\n|\n|-heal|p2a: Cofagrigus|208/248|[from] item: Leftovers\n|upkeep\n|turn|17\n|\n|t:|1770560878\n|move|p1a: Venomoth|Bug Buzz|p2a: Cofagrigus\n|-resisted|p2a: Cofagrigus\n|-damage|p2a: Cofagrigus|104/248\n|move|p2a: Cofagrigus|Haze|p2a: Cofagrigus\n|-clearallboost\n|\n|-heal|p2a: Cofagrigus|119/248|[from] item: Leftovers\n|upkeep\n|turn|18\n|\n|t:|1770560883\n|move|p1a: Venomoth|Quiver Dance|p1a: Venomoth\n|-boost|p1a: Venomoth|spa|1\n|-boost|p1a: Venomoth|spd|1\n|-boost|p1a: Venomoth|spe|1\n|move|p2a: Cofagrigus|Pain Split|p1a: Venomoth\n|-sethp|p1a: Venomoth|156/249|[from] move: Pain Split|[silent]\n|-sethp|p2a: Cofagrigus|156/248|[from] move: Pain Split\n|\n|-heal|p2a: Cofagrigus|171/248|[from] item: Leftovers\n|upkeep\n|turn|19\n|\n|t:|1770560886\n|move|p1a: Venomoth|Bug Buzz|p2a: Cofagrigus\n|-resisted|p2a: Cofagrigus\n|-damage|p2a: Cofagrigus|59/248\n|move|p2a: Cofagrigus|Shadow Ball|p1a: Venomoth\n|-damage|p1a: Venomoth|83/249\n|\n|-heal|p2a: Cofagrigus|74/248|[from] item: Leftovers\n|upkeep\n|turn|20\n|\n|t:|1770560891\n|move|p1a: Venomoth|Bug Buzz|p2a: Cofagrigus\n|-resisted|p2a: Cofagrigus\n|-damage|p2a: Cofagrigus|0 fnt\n|faint|p2a: Cofagrigus\n|\n|upkeep\n|\n|t:|1770560898\n|switch|p2a: Hitmonlee|Hitmonlee, L86, M|225/225\n|turn|21\n|\n|t:|1770560904\n|move|p1a: Venomoth|Sludge Bomb|p2a: Hitmonlee\n|-damage|p2a: Hitmonlee|153/225\n|move|p2a: Hitmonlee|Stone Edge|p1a: Venomoth|[miss]\n|-miss|p2a: Hitmonlee|p1a: Venomoth\n|\n|upkeep\n|turn|22\n|\n|t:|1770560910\n|move|p1a: Venomoth|Bug Buzz|p2a: Hitmonlee\n|-resisted|p2a: Hitmonlee\n|-damage|p2a: Hitmonlee|85/225\n|move|p2a: Hitmonlee|Stone Edge|p1a: Venomoth|[miss]\n|-miss|p2a: Hitmonlee|p1a: Venomoth\n|\n|upkeep\n|turn|23\n|\n|t:|1770560919\n|move|p1a: Venomoth|Bug Buzz|p2a: Hitmonlee\n|-resisted|p2a: Hitmonlee\n|-damage|p2a: Hitmonlee|17/225\n|move|p2a: Hitmonlee|Stone Edge|p1a: Venomoth|[miss]\n|-miss|p2a: Hitmonlee|p1a: Venomoth\n|\n|upkeep\n|turn|24\n|c|☆wowowd|Damn\n|c|☆wowowd|Sorry man\n|c|☆Mewtwo reigns|It's okay\n|inactive|wowowd has 120 seconds left.\n|c|☆Mewtwo reigns|I adopted a blind pokemon for charity\n|\n|t:|1770560961\n|move|p1a: Venomoth|Bug Buzz|p2a: Hitmonlee\n|-resisted|p2a: Hitmonlee\n|-damage|p2a: Hitmonlee|0 fnt\n|faint|p2a: Hitmonlee\n|\n|upkeep\n|\n|t:|1770560966\n|switch|p2a: Zapdos|Zapdos, L79|272/272\n|turn|25\n|inactive|wowowd has 120 seconds left.\n|c|☆wowowd|I see\n|\n|t:|1770560978\n|move|p1a: Venomoth|Roost|p1a: Venomoth\n|-heal|p1a: Venomoth|208/249\n|-singleturn|p1a: Venomoth|move: Roost\n|move|p2a: Zapdos|Heat Wave|p1a: Venomoth\n|-supereffective|p1a: Venomoth\n|-damage|p1a: Venomoth|86/249\n|\n|upkeep\n|turn|26\n|inactive|wowowd has 120 seconds left.\n|\n|t:|1770560985\n|move|p1a: Venomoth|Roost|p1a: Venomoth\n|-heal|p1a: Venomoth|211/249\n|-singleturn|p1a: Venomoth|move: Roost\n|move|p2a: Zapdos|Heat Wave|p1a: Venomoth\n|-supereffective|p1a: Venomoth\n|-damage|p1a: Venomoth|99/249\n|-status|p1a: Venomoth|brn\n|\n|-damage|p1a: Venomoth|84/249 brn|[from] brn\n|upkeep\n|turn|27\n|\n|t:|1770560992\n|move|p1a: Venomoth|Bug Buzz|p2a: Zapdos\n|-resisted|p2a: Zapdos\n|-damage|p2a: Zapdos|130/272\n|move|p2a: Zapdos|Heat Wave|p1a: Venomoth\n|-supereffective|p1a: Venomoth\n|-damage|p1a: Venomoth|0 fnt\n|faint|p1a: Venomoth\n|\n|-heal|p2a: Zapdos|147/272|[from] item: Leftovers\n|upkeep\n|inactive|wowowd has 120 seconds left.\n|\n|t:|1770561007\n|switch|p1a: Zygarde|Zygarde, L73|276/276\n|-damage|p1a: Zygarde|259/276|[from] Stealth Rock\n|turn|28\n|\n|t:|1770561036\n|move|p2a: Zapdos|Hidden Power|p1a: Zygarde\n|-supereffective|p1a: Zygarde\n|-damage|p1a: Zygarde|67/276\n|move|p1a: Zygarde|Substitute|p1a: Zygarde\n|-fail|p1a: Zygarde|move: Substitute|[weak]\n|\n|-heal|p2a: Zapdos|164/272|[from] item: Leftovers\n|-activate|p1a: Zygarde|ability: Power Construct\n|detailschange|p1a: Zygarde|Zygarde-Complete, L73\n|-heal|p1a: Zygarde|225/434|[silent]\n|upkeep\n|turn|29\n|inactive|wowowd has 120 seconds left.\n|c|☆wowowd|I didnt know it has that move\n|\n|t:|1770561063\n|switch|p1a: Togedemaru|Togedemaru, L86, F|252/252\n|-damage|p1a: Togedemaru|237/252|[from] Stealth Rock\n|move|p2a: Zapdos|Hidden Power|p1a: Togedemaru\n|-resisted|p1a: Togedemaru\n|-damage|p1a: Togedemaru|211/252\n|\n|-heal|p1a: Togedemaru|226/252|[from] item: Leftovers\n|-heal|p2a: Zapdos|181/272|[from] item: Leftovers\n|upkeep\n|turn|30\n|c|☆Mewtwo reigns|Yeah i forgot a lot too\n|\n|t:|1770561071\n|move|p1a: Togedemaru|Wish|p1a: Togedemaru\n|move|p2a: Zapdos|Heat Wave|p1a: Togedemaru|[miss]\n|-miss|p2a: Zapdos|p1a: Togedemaru\n|\n|-heal|p1a: Togedemaru|241/252|[from] item: Leftovers\n|-heal|p2a: Zapdos|198/272|[from] item: Leftovers\n|upkeep\n|turn|31\n|inactive|wowowd has 120 seconds left.\n|c|☆Mewtwo reigns|Hmmmm\n|c|☆Mewtwo reigns|Interesting\n|c|☆wowowd|Missing that is crazy\n|c|☆Mewtwo reigns|I run a school for disabled mons rn\n|\n|t:|1770561094\n|switch|p1a: Palkia|Palkia, L75|259/259\n|-damage|p1a: Palkia|227/259|[from] Stealth Rock\n|-ability|p1a: Palkia|Pressure\n|move|p2a: Zapdos|Heat Wave|p1a: Palkia\n|-resisted|p1a: Palkia\n|-damage|p1a: Palkia|211/259\n|\n|-heal|p1a: Palkia|259/259|[from] move: Wish|[wisher] Togedemaru\n|-heal|p2a: Zapdos|215/272|[from] item: Leftovers\n|upkeep\n|turn|32\n|\n|t:|1770561108\n|switch|p2a: Venomoth|Venomoth, L82, M|249/249\n|move|p1a: Palkia|Hydro Pump|p2a: Venomoth\n|-damage|p2a: Venomoth|104/249\n|\n|-heal|p2a: Venomoth|119/249|[from] item: Black Sludge\n|upkeep\n|turn|33\n|c|☆wowowd|True though\n|c|☆Mewtwo reigns|Watch me miss\n|c|☆wowowd|Surely my 80% hydro pump doesnt miss here right\n|\n|t:|1770561133\n|move|p1a: Palkia|Hydro Pump|p2a: Venomoth|[miss]\n|-miss|p1a: Palkia|p2a: Venomoth\n|move|p2a: Venomoth|Sleep Powder|p1a: Palkia\n|-status|p1a: Palkia|slp|[from] move: Sleep Powder\n|\n|-heal|p2a: Venomoth|134/249|[from] item: Black Sludge\n|upkeep\n|turn|34\n|c|☆Mewtwo reigns|Well\n|c|☆wowowd|Dang\n|inactive|wowowd has 90 seconds left.\n|\n|t:|1770561155\n|switch|p1a: Togedemaru|Togedemaru, L86, F|241/252\n|-damage|p1a: Togedemaru|226/252|[from] Stealth Rock\n|move|p2a: Venomoth|Quiver Dance|p2a: Venomoth\n|-boost|p2a: Venomoth|spa|1\n|-boost|p2a: Venomoth|spd|1\n|-boost|p2a: Venomoth|spe|1\n|\n|-heal|p2a: Venomoth|149/249|[from] item: Black Sludge\n|-heal|p1a: Togedemaru|241/252|[from] item: Leftovers\n|upkeep\n|turn|35\n|\n|t:|1770561162\n|move|p2a: Venomoth|Bug Buzz|p1a: Togedemaru\n|-resisted|p1a: Togedemaru\n|-damage|p1a: Togedemaru|109/252\n|move|p1a: Togedemaru|Nuzzle|p2a: Venomoth\n|-damage|p2a: Venomoth|116/249\n|-status|p2a: Venomoth|par\n|\n|-heal|p1a: Togedemaru|124/252|[from] item: Leftovers\n|-heal|p2a: Venomoth|131/249 par|[from] item: Black Sludge\n|upkeep\n|turn|36\n|\n|t:|1770561172\n|move|p1a: Togedemaru|Iron Head|p2a: Venomoth\n|-damage|p2a: Venomoth|4/249 par\n|cant|p2a: Venomoth|flinch\n|\n|-heal|p1a: Togedemaru|139/252|[from] item: Leftovers\n|-heal|p2a: Venomoth|19/249 par|[from] item: Black Sludge\n|upkeep\n|turn|37\n|\n|t:|1770561176\n|move|p1a: Togedemaru|Iron Head|p2a: Venomoth\n|-damage|p2a: Venomoth|0 fnt\n|faint|p2a: Venomoth\n|\n|-heal|p1a: Togedemaru|154/252|[from] item: Leftovers\n|upkeep\n|\n|t:|1770561178\n|switch|p2a: Zapdos|Zapdos, L79|215/272\n|turn|38\n|\n|t:|1770561183\n|move|p1a: Togedemaru|Wish|p1a: Togedemaru\n|move|p2a: Zapdos|Discharge|p1a: Togedemaru\n|-resisted|p1a: Togedemaru\n|-damage|p1a: Togedemaru|102/252\n|\n|-heal|p1a: Togedemaru|117/252|[from] item: Leftovers\n|-heal|p2a: Zapdos|232/272|[from] item: Leftovers\n|upkeep\n|turn|39\n|\n|t:|1770561188\n|switch|p1a: Palkia|Palkia, L75|259/259 slp\n|-damage|p1a: Palkia|227/259 slp|[from] Stealth Rock\n|-ability|p1a: Palkia|Pressure\n|move|p2a: Zapdos|Heat Wave|p1a: Palkia\n|-resisted|p1a: Palkia\n|-damage|p1a: Palkia|211/259 slp\n|\n|-heal|p1a: Palkia|259/259 slp|[from] move: Wish|[wisher] Togedemaru\n|-heal|p2a: Zapdos|249/272|[from] item: Leftovers\n|upkeep\n|turn|40\n|\n|t:|1770561198\n|switch|p2a: Haxorus|Haxorus, L75, F|238/238\n|-ability|p2a: Haxorus|Mold Breaker\n|cant|p1a: Palkia|slp\n|\n|upkeep\n|turn|41\n|c|☆Mewtwo reigns|Please sleep\n|c|☆wowowd|Please wake up\n|\n|t:|1770561216\n|cant|p1a: Palkia|slp\n|move|p2a: Haxorus|Outrage|p1a: Palkia\n|-supereffective|p1a: Palkia\n|-damage|p1a: Palkia|0 fnt\n|faint|p1a: Palkia\n|\n|upkeep\n|\n|t:|1770561224\n|switch|p1a: Togedemaru|Togedemaru, L86, F|117/252\n|-damage|p1a: Togedemaru|102/252|[from] Stealth Rock\n|turn|42\n|\n|t:|1770561227\n|move|p1a: Togedemaru|Nuzzle|p2a: Haxorus\n|-resisted|p2a: Haxorus\n|-damage|p2a: Haxorus|225/238\n|-status|p2a: Haxorus|par\n|move|p2a: Haxorus|Outrage|p1a: Togedemaru|[from] lockedmove\n|-resisted|p1a: Togedemaru\n|-damage|p1a: Togedemaru|19/252\n|-damage|p2a: Haxorus|196/238 par|[from] ability: Iron Barbs|[of] p1a: Togedemaru\n|\n|-heal|p1a: Togedemaru|34/252|[from] item: Leftovers\n|upkeep\n|turn|43\n|\n|t:|1770561233\n|move|p1a: Togedemaru|Iron Head|p2a: Haxorus\n|-damage|p2a: Haxorus|102/238 par\n|cant|p2a: Haxorus|flinch\n|\n|-heal|p1a: Togedemaru|49/252|[from] item: Leftovers\n|-start|p2a: Haxorus|confusion|[fatigue]\n|upkeep\n|turn|44\n|\n|t:|1770561238\n|switch|p2a: Zapdos|Zapdos, L79|249/272\n|move|p1a: Togedemaru|Iron Head|p2a: Zapdos\n|-resisted|p2a: Zapdos\n|-damage|p2a: Zapdos|197/272\n|\n|-heal|p1a: Togedemaru|64/252|[from] item: Leftovers\n|-heal|p2a: Zapdos|214/272|[from] item: Leftovers\n|upkeep\n|turn|45\n|\n|t:|1770561241\n|switch|p1a: Zygarde|Zygarde-Complete, L73|225/434\n|-damage|p1a: Zygarde|198/434|[from] Stealth Rock\n|move|p2a: Zapdos|Heat Wave|p1a: Zygarde\n|-resisted|p1a: Zygarde\n|-damage|p1a: Zygarde|156/434\n|\n|-heal|p2a: Zapdos|231/272|[from] item: Leftovers\n|upkeep\n|turn|46\n|\n|t:|1770561245\n|move|p2a: Zapdos|Hidden Power|p1a: Zygarde\n|-supereffective|p1a: Zygarde\n|-damage|p1a: Zygarde|0 fnt\n|faint|p1a: Zygarde\n|detailschange|p1: Zygarde|Zygarde, L73|[silent]\n|\n|-heal|p2a: Zapdos|248/272|[from] item: Leftovers\n|upkeep\n|\n|t:|1770561248\n|switch|p1a: Clawitzer|Clawitzer, L87, M|265/265\n|-damage|p1a: Clawitzer|232/265|[from] Stealth Rock\n|turn|47\n|\n|t:|1770561251\n|move|p2a: Zapdos|Discharge|p1a: Clawitzer\n|-supereffective|p1a: Clawitzer\n|-damage|p1a: Clawitzer|118/265\n|move|p1a: Clawitzer|Ice Beam|p2a: Zapdos\n|-supereffective|p2a: Zapdos\n|-damage|p2a: Zapdos|86/272\n|\n|-heal|p2a: Zapdos|103/272|[from] item: Leftovers\n|upkeep\n|turn|48\n|c|☆wowowd|Damage roll\n|\n|t:|1770561261\n|move|p2a: Zapdos|Roost|p2a: Zapdos\n|-heal|p2a: Zapdos|239/272\n|-singleturn|p2a: Zapdos|move: Roost\n|move|p1a: Clawitzer|Ice Beam|p2a: Zapdos\n|-damage|p2a: Zapdos|155/272\n|\n|-heal|p2a: Zapdos|172/272|[from] item: Leftovers\n|upkeep\n|turn|49\n|\n|t:|1770561267\n|move|p2a: Zapdos|Discharge|p1a: Clawitzer\n|-supereffective|p1a: Clawitzer\n|-damage|p1a: Clawitzer|4/265\n|move|p1a: Clawitzer|Ice Beam|p2a: Zapdos\n|-supereffective|p2a: Zapdos\n|-damage|p2a: Zapdos|0 fnt\n|faint|p2a: Zapdos\n|\n|upkeep\n|c|☆wowowd|Aight ggs\n|c|☆Mewtwo reigns|Well\n|\n|t:|1770561286\n|switch|p2a: Haxorus|Haxorus, L75, F|102/238 par\n|-ability|p2a: Haxorus|Mold Breaker\n|turn|50\n|c|☆Mewtwo reigns|Gg\n|\n|t:|1770561296\n|move|p1a: Clawitzer|Ice Beam|p2a: Haxorus\n|-supereffective|p2a: Haxorus\n|-damage|p2a: Haxorus|0 fnt\n|faint|p2a: Haxorus\n|\n|win|wowowd\n|raw|wowowd's rating: 1553 &rarr; <strong>1576</strong><br />(+23 for winning)\n|raw|Mewtwo reigns's rating: 1600 &rarr; <strong>1577</strong><br />(-23 for losing)\n|l|☆Mewtwo reigns\n|player|p2|\n|c|☆wowowd|Luckily no tera here\n", "inputlog": ">version ccdc32dd7cde25fd9e4bed64820e885f66e78a4e\n>start {\"formatid\":\"gen7randombattle\",\"seed\":\"sodium,e1176f3dc4715e3888260ea1a43aa11b\",\"rated\":\"Rated battle\"}\n>player p1 {\"name\":\"wowowd\",\"avatar\":\"pokemonranger-gen4\",\"rating\":1553,\"seed\":\"sodium,122604e7bb0a0434a08afa2a08dd2481\"}\n>player p2 {\"name\":\"Mewtwo reigns\",\"avatar\":\"teamrocket\",\"rating\":1600,\"seed\":\"sodium,6f2d2a47ba6a240b0de9b08b6c77e18f\"}\n>p1 switch 3\n>p2 move shadowball\n>p1 move shadowball\n>p2 move shadowball\n>p1 switch 3\n>p1 move quiverdance\n>p2 move shadowball\n>p1 move quiverdance\n>p2 move haze\n>p1 move quiverdance\n>p2 move shadowball\n>p1 move bugbuzz\n>p2 move haze\n>p1 move roost\n>p2 move shadowball\n>p1 move roost\n>p2 move shadowball\n>p1 move quiverdance\n>p2 move shadowball\n>p1 move roost\n>p2 move shadowball\n>p1 move roost\n>p2 move haze\n>p1 move quiverdance\n>p2 switch 5\n>p1 move bugbuzz\n>p2 move stealthrock\n>p1 move bugbuzz zmove\n>p2 move roost\n>p2 switch 5\n>p1 move bugbuzz\n>p2 move haze\n>p1 move quiverdance\n>p2 move painsplit\n>p1 move bugbuzz\n>p2 move haze\n>p1 move quiverdance\n>p2 move painsplit\n>p1 move bugbuzz\n>p2 move shadowball\n>p1 move bugbuzz\n>p2 move painsplit\n>p2 switch 4\n>p1 move sludgebomb\n>p2 move stoneedge\n>p1 move bugbuzz\n>p2 move stoneedge\n>p1 move bugbuzz\n>p2 move stoneedge\n>chat ☆wowowd|Damn\n>chat ☆wowowd|Sorry man\n>chat ☆Mewtwo reigns|It's okay \n>chat ☆Mewtwo reigns|I adopted a blind pokemon for charity\n>p1 move bugbuzz\n>p2 move stoneedge\n>p2 switch 2\n>chat ☆wowowd|I see\n>p1 move roost\n>p2 move heatwave\n>p1 move roost\n>p2 move heatwave\n>p1 move bugbuzz\n>p2 move heatwave\n>p1 switch 5\n>p1 move substitute\n>p2 move hiddenpower\n>chat ☆wowowd|I didnt know it has that move\n>p1 switch 6\n>p2 move hiddenpower\n>chat ☆Mewtwo reigns|Yeah i forgot a lot too\n>p1 move wish\n>p2 move heatwave\n>chat ☆Mewtwo reigns|Hmmmm\n>chat ☆Mewtwo reigns|Interesting \n>chat ☆wowowd|Missing that is crazy\n>chat ☆Mewtwo reigns|I run a school for disabled mons rn\n>p1 switch 4\n>p2 move heatwave\n>p1 move hydropump\n>p2 switch 3\n>chat ☆wowowd|True though\n>chat ☆Mewtwo reigns|Watch me miss\n>chat ☆wowowd|Surely my 80% hydro pump doesnt miss here right\n>p1 move hydropump\n>p2 move sleeppowder\n>chat ☆Mewtwo reigns|Well\n>chat ☆wowowd|Dang\n>p1 switch 4\n>p2 move quiverdance\n>p1 move nuzzle\n>p2 move bugbuzz\n>p1 move ironhead\n>p2 move bugbuzz\n>p1 move ironhead\n>p2 move bugbuzz\n>p2 switch 3\n>p1 move wish\n>p2 move discharge\n>p1 switch 4\n>p2 move heatwave\n>p1 move spacialrend\n>p2 switch 6\n>chat ☆Mewtwo reigns|Please sleep\n>chat ☆wowowd|Please wake up\n>p1 move dracometeor\n>p2 move outrage\n>p1 switch 4\n>p1 move nuzzle\n>p2 move outrage\n>p1 move ironhead\n>p2 move outrage\n>p1 move ironhead\n>p2 switch 6\n>p1 switch 6\n>p2 move heatwave\n>p1 move thousandarrows\n>p2 move hiddenpower\n>p1 switch 2\n>p1 move icebeam\n>p2 move discharge\n>chat ☆wowowd|Damage roll\n>p1 move icebeam\n>p2 move roost\n>p1 move icebeam\n>p2 move discharge\n>chat ☆wowowd|Aight ggs\n>chat ☆Mewtwo reigns|Well\n>p2 switch 6\n>chat ☆Mewtwo reigns|Gg\n>p1 move icebeam\n>p2 move outrage zmove", "uploadtime": 1770561313, "views": 196, "formatid": "gen7randombattle", "rating": 1576, "private": 0, "password": null}