{"id": "gen7randombattle-2529603873", "format": "[Gen 7] Random Battle", "players": ["La.Hellhound", "beckywiththebraids"], "log": "|j|‽La.Hellhound\n|j|☆beckywiththebraids\n|t:|1769803148\n|gametype|singles\n|player|p1|La.Hellhound|bruno|1700\n|player|p2|beckywiththebraids|2|1750\n|gen|7\n|tier|[Gen 7] Random Battle\n|rated|\n|rule|Sleep Clause Mod: Limit one foe put to sleep\n|rule|HP Percentage Mod: HP is shown in percentages\n|rule|Illusion Level Mod: Illusion disguises the Pokémon's true level\n|\n|t:|1769803148\n|teamsize|p1|6\n|teamsize|p2|6\n|start\n|switch|p1a: Deoxys|Deoxys-Defense, L85|224/224\n|switch|p2a: Meowstic|Meowstic, L91, M|283/283\n|-ability|p1a: Deoxys|Pressure\n|turn|1\n|inactive|Battle timer is ON: inactive players will automatically lose when time's up. (requested by La.Hellhound)\n|\n|t:|1769803173\n|switch|p2a: Maractus|Maractus, F|312/312\n|move|p1a: Deoxys|Nasty Plot|p1a: Deoxys\n|-boost|p1a: Deoxys|spa|2\n|\n|upkeep\n|turn|2\n|\n|t:|1769803179\n|move|p1a: Deoxys|Signal Beam|p2a: Maractus\n|-supereffective|p2a: Maractus\n|-damage|p2a: Maractus|128/312\n|move|p2a: Maractus|Toxic|p1a: Deoxys\n|-status|p1a: Deoxys|tox\n|\n|-heal|p2a: Maractus|147/312|[from] item: Leftovers\n|-damage|p1a: Deoxys|210/224 tox|[from] psn\n|upkeep\n|turn|3\n|\n|t:|1769803190\n|switch|p2a: Primarina|Primarina, L83, M|268/268\n|move|p1a: Deoxys|Nasty Plot|p1a: Deoxys\n|-boost|p1a: Deoxys|spa|2\n|\n|-heal|p1a: Deoxys|224/224 tox|[from] item: Leftovers\n|-damage|p1a: Deoxys|196/224 tox|[from] psn\n|upkeep\n|turn|4\n|\n|t:|1769803198\n|switch|p2a: Meowstic|Meowstic, L91, M|283/283\n|move|p1a: Deoxys|Psychic|p2a: Meowstic\n|-resisted|p2a: Meowstic\n|-damage|p2a: Meowstic|170/283\n|\n|-heal|p2a: Meowstic|187/283|[from] item: Leftovers\n|-heal|p1a: Deoxys|210/224 tox|[from] item: Leftovers\n|-damage|p1a: Deoxys|168/224 tox|[from] psn\n|upkeep\n|turn|5\n|\n|t:|1769803210\n|switch|p2a: Maractus|Maractus, F|147/312\n|move|p1a: Deoxys|Signal Beam|p2a: Maractus\n|-supereffective|p2a: Maractus\n|-damage|p2a: Maractus|0 fnt\n|faint|p2a: Maractus\n|\n|-heal|p1a: Deoxys|182/224 tox|[from] item: Leftovers\n|-damage|p1a: Deoxys|126/224 tox|[from] psn\n|upkeep\n|inactive|beckywiththebraids has 120 seconds left.\n|\n|t:|1769803242\n|switch|p2a: Primarina|Primarina, L83, M|268/268\n|turn|6\n|\n|t:|1769803249\n|move|p1a: Deoxys|Psychic|p2a: Primarina\n|-damage|p2a: Primarina|82/268\n|move|p2a: Primarina|Moonblast|p1a: Deoxys\n|-damage|p1a: Deoxys|9/224 tox\n|-unboost|p1a: Deoxys|spa|1\n|\n|-heal|p1a: Deoxys|23/224 tox|[from] item: Leftovers\n|-damage|p1a: Deoxys|0 fnt|[from] psn\n|faint|p1a: Deoxys\n|upkeep\n|\n|t:|1769803263\n|switch|p1a: Zeraora|Zeraora, L77|262/262\n|turn|7\n|\n|t:|1769803267\n|move|p1a: Zeraora|Plasma Fists|p2a: Primarina\n|-supereffective|p2a: Primarina\n|-damage|p2a: Primarina|0 fnt\n|-fieldactivate|move: Ion Deluge\n|-hint|Normal-type moves become Electric-type after using Plasma Fists.\n|faint|p2a: Primarina\n|-damage|p1a: Zeraora|236/262|[from] item: Life Orb\n|\n|upkeep\n|\n|t:|1769803269\n|switch|p2a: Sudowoodo|Sudowoodo, L93, M|281/281\n|turn|8\n|\n|t:|1769803277\n|switch|p1a: Landorus|Landorus-Therian, L74, M|254/254\n|-ability|p1a: Landorus|Intimidate|boost\n|-unboost|p2a: Sudowoodo|atk|1\n|move|p2a: Sudowoodo|Head Smash|p1a: Landorus\n|-damage|p1a: Landorus|20/254\n|\n|upkeep\n|turn|9\n|\n|t:|1769803286\n|switch|p2a: Meowstic|Meowstic, L91, M|187/283\n|move|p1a: Landorus|Knock Off|p2a: Meowstic\n|-supereffective|p2a: Meowstic\n|-damage|p2a: Meowstic|25/283\n|-enditem|p2a: Meowstic|Leftovers|[from] move: Knock Off|[of] p1a: Landorus\n|\n|upkeep\n|turn|10\n|\n|t:|1769803292\n|move|p1a: Landorus|Knock Off|p2a: Meowstic\n|-supereffective|p2a: Meowstic\n|-damage|p2a: Meowstic|0 fnt\n|faint|p2a: Meowstic\n|\n|upkeep\n|\n|t:|1769803294\n|switch|p2a: Virizion|Virizion, L81|280/280\n|turn|11\n|\n|t:|1769803299\n|switch|p1a: Mismagius|Mismagius, L87, M|246/246\n|move|p2a: Virizion|Swords Dance|p2a: Virizion\n|-boost|p2a: Virizion|atk|2\n|\n|upkeep\n|turn|12\n|\n|t:|1769803308\n|switch|p2a: Palkia|Palkia, L75|259/259\n|-ability|p2a: Palkia|Pressure\n|move|p1a: Mismagius|Dazzling Gleam|p2a: Palkia\n|-supereffective|p2a: Palkia\n|-damage|p2a: Palkia|97/259\n|\n|upkeep\n|turn|13\n|\n|t:|1769803315\n|move|p1a: Mismagius|Dazzling Gleam|p2a: Palkia\n|-supereffective|p2a: Palkia\n|-damage|p2a: Palkia|0 fnt\n|faint|p2a: Palkia\n|\n|upkeep\n|\n|t:|1769803316\n|switch|p2a: Sudowoodo|Sudowoodo, L93, M|281/281\n|turn|14\n|\n|t:|1769803322\n|switch|p1a: Landorus|Landorus-Therian, L74, M|20/254\n|-ability|p1a: Landorus|Intimidate|boost\n|-unboost|p2a: Sudowoodo|atk|1\n|move|p2a: Sudowoodo|Wood Hammer|p1a: Landorus\n|-damage|p1a: Landorus|0 fnt\n|faint|p1a: Landorus\n|\n|upkeep\n|\n|t:|1769803336\n|switch|p1a: Furfrou|Furfrou-Pharaoh, L86, M|269/269\n|turn|15\n|\n|t:|1769803343\n|move|p1a: Furfrou|Cotton Guard|p1a: Furfrou\n|-boost|p1a: Furfrou|def|3\n|move|p2a: Sudowoodo|Wood Hammer|p1a: Furfrou\n|-damage|p1a: Furfrou|239/269\n|\n|upkeep\n|turn|16\n|-message|beckywiththebraids forfeited.\n|\n|win|La.Hellhound\n|raw|La.Hellhound's rating: 1700 &rarr; <strong>1723</strong><br />(+23 for winning)\n|raw|beckywiththebraids's rating: 1750 &rarr; <strong>1727</strong><br />(-23 for losing)\n|l|☆beckywiththebraids\n|player|p2|\n", "inputlog": ">version b99ff0165a6231f17e8b78c2a78d1998375de664\n>start {\"formatid\":\"gen7randombattle\",\"seed\":\"sodium,64765e6db9085e7424b39493ee1fbe9f\",\"rated\":\"Rated battle\"}\n>player p1 {\"name\":\"La.Hellhound\",\"avatar\":\"bruno\",\"rating\":1700,\"seed\":\"sodium,98ea7888b206b3f21ccba20b210cceb8\"}\n>player p2 {\"name\":\"beckywiththebraids\",\"avatar\":\"2\",\"rating\":1750,\"seed\":\"sodium,887f084833f68b6bf8b9b633ebee8c5d\"}\n>p1 move nastyplot\n>p2 switch 4\n>p1 move signalbeam\n>p2 move toxic\n>p1 move nastyplot\n>p2 switch 6\n>p1 move psychic\n>p2 switch 4\n>p1 move signalbeam\n>p2 switch 6\n>p2 switch 4\n>p1 move psychic\n>p2 move moonblast\n>p1 switch 2\n>p1 move plasmafists\n>p2 move moonblast\n>p2 switch 5\n>p1 switch 5\n>p2 move headsmash\n>p1 move knockoff\n>p2 switch 6\n>p1 move knockoff\n>p2 move psychic\n>p2 switch 2\n>p1 switch 4\n>p2 move swordsdance\n>p1 move dazzlinggleam\n>p2 switch 3\n>p1 move dazzlinggleam\n>p2 move thunderwave\n>p2 switch 6\n>p1 switch 4\n>p2 move woodhammer\n>p1 switch 6\n>p1 move cottonguard\n>p2 move woodhammer\n>forcelose p2", "uploadtime": 1769803350, "views": 174, "formatid": "gen7randombattle", "rating": 1723, "private": 0, "password": null}