{"id": "gen7randombattle-2532904670", "format": "[Gen 7] Random Battle", "players": ["AliceTASC", "phuckstephcurry"], "log": "|j|☆AliceTASC\n|j|☆phuckstephcurry\n|t:|1770235245\n|gametype|singles\n|player|p1|AliceTASC|dawn|1511\n|player|p2|phuckstephcurry|169|1697\n|gen|7\n|tier|[Gen 7] Random Battle\n|rated|\n|rule|Sleep Clause Mod: Limit one foe put to sleep\n|rule|HP Percentage Mod: HP is shown in percentages\n|rule|Illusion Level Mod: Illusion disguises the Pokémon's true level\n|\n|t:|1770235245\n|teamsize|p1|6\n|teamsize|p2|6\n|start\n|switch|p1a: Plusle|Plusle, L95, F|268/268\n|switch|p2a: Lunatone|Lunatone, L93|318/318\n|turn|1\n|inactive|Battle timer is ON: inactive players will automatically lose when time's up. (requested by phuckstephcurry)\n|\n|t:|1770235255\n|move|p1a: Plusle|Nasty Plot|p1a: Plusle\n|-boost|p1a: Plusle|spa|2\n|move|p2a: Lunatone|Toxic|p1a: Plusle\n|-status|p1a: Plusle|tox\n|\n|-damage|p1a: Plusle|252/268 tox|[from] psn\n|upkeep\n|turn|2\n|\n|t:|1770235264\n|switch|p2a: Golurk|Golurk, L87|297/297\n|move|p1a: Plusle|Grass Knot|p2a: Golurk\n|-supereffective|p2a: Golurk\n|-damage|p2a: Golurk|0 fnt\n|faint|p2a: Golurk\n|-damage|p1a: Plusle|226/268 tox|[from] item: Life Orb\n|\n|-damage|p1a: Plusle|194/268 tox|[from] psn\n|upkeep\n|\n|t:|1770235272\n|switch|p2a: Eelektross|Eelektross, L88, F|293/293\n|turn|3\n|\n|t:|1770235277\n|move|p1a: Plusle|Grass Knot|p2a: Eelektross\n|-damage|p2a: Eelektross|173/293\n|-damage|p1a: Plusle|168/268 tox|[from] item: Life Orb\n|move|p2a: Eelektross|Superpower|p1a: Plusle\n|-damage|p1a: Plusle|16/268 tox\n|-unboost|p2a: Eelektross|atk|1\n|-unboost|p2a: Eelektross|def|1\n|\n|-damage|p1a: Plusle|0 fnt|[from] psn\n|faint|p1a: Plusle\n|upkeep\n|\n|t:|1770235289\n|switch|p1a: Conkeldurr|Conkeldurr, L81, F|303/303\n|turn|4\n|\n|t:|1770235294\n|switch|p2a: Arbok|Arbok, L90, M|254/254\n|move|p1a: Conkeldurr|Drain Punch|p2a: Arbok\n|-resisted|p2a: Arbok\n|-damage|p2a: Arbok|197/254\n|\n|-heal|p2a: Arbok|212/254|[from] item: Black Sludge\n|-status|p1a: Conkeldurr|brn|[from] item: Flame Orb\n|upkeep\n|turn|5\n|\n|t:|1770235299\n|move|p2a: Arbok|Coil|p2a: Arbok\n|-boost|p2a: Arbok|atk|1\n|-boost|p2a: Arbok|def|1\n|-boost|p2a: Arbok|accuracy|1\n|move|p1a: Conkeldurr|Facade|p2a: Arbok\n|-damage|p2a: Arbok|81/254\n|\n|-heal|p2a: Arbok|96/254|[from] item: Black Sludge\n|-damage|p1a: Conkeldurr|285/303 brn|[from] brn\n|upkeep\n|turn|6\n|\n|t:|1770235302\n|move|p2a: Arbok|Gunk Shot|p1a: Conkeldurr\n|-damage|p1a: Conkeldurr|77/303 brn\n|move|p1a: Conkeldurr|Facade|p2a: Arbok\n|-damage|p2a: Arbok|0 fnt\n|faint|p2a: Arbok\n|\n|-damage|p1a: Conkeldurr|59/303 brn|[from] brn\n|upkeep\n|\n|t:|1770235308\n|switch|p2a: Tapu Lele|Tapu Lele, L77|234/234\n|-fieldstart|move: Psychic Terrain|[from] ability: Psychic Surge|[of] p2a: Tapu Lele\n|turn|7\n|\n|t:|1770235319\n|move|p2a: Tapu Lele|Psychic|p1a: Conkeldurr\n|-supereffective|p1a: Conkeldurr\n|-damage|p1a: Conkeldurr|0 fnt\n|faint|p1a: Conkeldurr\n|\n|upkeep\n|\n|t:|1770235322\n|switch|p1a: Magearna|Magearna, L77|250/250\n|turn|8\n|\n|t:|1770235328\n|switch|p2a: Eelektross|Eelektross, L88, F|173/293\n|move|p1a: Magearna|Flash Cannon|p2a: Eelektross\n|-resisted|p2a: Eelektross\n|-damage|p2a: Eelektross|143/293\n|\n|upkeep\n|turn|9\n|\n|t:|1770235335\n|move|p1a: Magearna|Volt Switch|p2a: Eelektross\n|-resisted|p2a: Eelektross\n|-damage|p2a: Eelektross|123/293\n|\n|t:|1770235337\n|switch|p1a: Granbull|Granbull, L89, M|305/305|[from] Volt Switch\n|-ability|p1a: Granbull|Intimidate|boost\n|-unboost|p2a: Eelektross|atk|1\n|move|p2a: Eelektross|Discharge|p1a: Granbull\n|-damage|p1a: Granbull|188/305\n|\n|-heal|p1a: Granbull|207/305|[from] item: Leftovers\n|upkeep\n|turn|10\n|\n|t:|1770235344\n|move|p2a: Eelektross|Discharge|p1a: Granbull\n|-damage|p1a: Granbull|83/305\n|move|p1a: Granbull|Play Rough|p2a: Eelektross\n|-damage|p2a: Eelektross|0 fnt\n|faint|p2a: Eelektross\n|\n|-heal|p1a: Granbull|102/305|[from] item: Leftovers\n|upkeep\n|\n|t:|1770235347\n|switch|p2a: Tapu Lele|Tapu Lele, L77|234/234\n|turn|11\n|\n|t:|1770235353\n|move|p2a: Tapu Lele|Psychic|p1a: Granbull\n|-damage|p1a: Granbull|0 fnt\n|faint|p1a: Granbull\n|\n|-fieldend|move: Psychic Terrain\n|upkeep\n|\n|t:|1770235355\n|switch|p1a: Magearna|Magearna, L77|250/250\n|turn|12\n|\n|t:|1770235360\n|move|p2a: Tapu Lele|Nature's Madness|p1a: Magearna\n|-damage|p1a: Magearna|125/250\n|move|p1a: Magearna|Flash Cannon|p2a: Tapu Lele\n|-supereffective|p2a: Tapu Lele\n|-damage|p2a: Tapu Lele|124/234\n|\n|-heal|p1a: Magearna|140/250|[from] item: Leftovers\n|upkeep\n|turn|13\n|\n|t:|1770235368\n|move|p2a: Tapu Lele|Nature's Madness|p1a: Magearna\n|-damage|p1a: Magearna|70/250\n|move|p1a: Magearna|Flash Cannon|p2a: Tapu Lele\n|-supereffective|p2a: Tapu Lele\n|-damage|p2a: Tapu Lele|8/234\n|-unboost|p2a: Tapu Lele|spd|1\n|\n|-heal|p1a: Magearna|85/250|[from] item: Leftovers\n|upkeep\n|turn|14\n|\n|t:|1770235377\n|move|p2a: Tapu Lele|Psychic|p1a: Magearna\n|-resisted|p1a: Magearna\n|-damage|p1a: Magearna|41/250\n|move|p1a: Magearna|Flash Cannon|p2a: Tapu Lele\n|-supereffective|p2a: Tapu Lele\n|-damage|p2a: Tapu Lele|0 fnt\n|faint|p2a: Tapu Lele\n|-ability|p1a: Magearna|Soul-Heart|boost\n|-boost|p1a: Magearna|spa|1\n|\n|-heal|p1a: Magearna|56/250|[from] item: Leftovers\n|upkeep\n|\n|t:|1770235380\n|switch|p2a: Butterfree|Butterfree, L90, F|253/253\n|turn|15\n|\n|t:|1770235384\n|move|p2a: Butterfree|Sleep Powder|p1a: Magearna\n|-status|p1a: Magearna|slp|[from] move: Sleep Powder\n|cant|p1a: Magearna|slp\n|\n|-heal|p1a: Magearna|71/250 slp|[from] item: Leftovers\n|upkeep\n|turn|16\n|\n|t:|1770235398\n|switch|p1a: Seismitoad|Seismitoad, L85, F|317/317\n|move|p2a: Butterfree|Quiver Dance|p2a: Butterfree\n|-boost|p2a: Butterfree|spa|1\n|-boost|p2a: Butterfree|spd|1\n|-boost|p2a: Butterfree|spe|1\n|\n|upkeep\n|turn|17\n|\n|t:|1770235402\n|-zpower|p2a: Butterfree\n|move|p2a: Butterfree|Savage Spin-Out|p1a: Seismitoad|[zeffect]\n|-damage|p1a: Seismitoad|8/317\n|move|p1a: Seismitoad|Toxic|p2a: Butterfree\n|-status|p2a: Butterfree|tox\n|\n|-heal|p1a: Seismitoad|27/317|[from] item: Leftovers\n|-damage|p2a: Butterfree|238/253 tox|[from] psn\n|upkeep\n|turn|18\n|\n|t:|1770235408\n|move|p1a: Seismitoad|Protect|p1a: Seismitoad\n|-singleturn|p1a: Seismitoad|Protect\n|move|p2a: Butterfree|Bug Buzz|p1a: Seismitoad\n|-activate|p1a: Seismitoad|move: Protect\n|\n|-heal|p1a: Seismitoad|46/317|[from] item: Leftovers\n|-damage|p2a: Butterfree|208/253 tox|[from] psn\n|upkeep\n|turn|19\n|\n|t:|1770235415\n|switch|p1a: Magearna|Magearna, L77|71/250 slp\n|move|p2a: Butterfree|Bug Buzz|p1a: Magearna\n|-resisted|p1a: Magearna\n|-damage|p1a: Magearna|5/250 slp\n|\n|-heal|p1a: Magearna|20/250 slp|[from] item: Leftovers\n|-damage|p2a: Butterfree|163/253 tox|[from] psn\n|upkeep\n|turn|20\n|\n|t:|1770235422\n|move|p2a: Butterfree|Bug Buzz|p1a: Magearna\n|-resisted|p1a: Magearna\n|-damage|p1a: Magearna|0 fnt\n|faint|p1a: Magearna\n|\n|-damage|p2a: Butterfree|103/253 tox|[from] psn\n|upkeep\n|-message|phuckstephcurry forfeited.\n|\n|win|AliceTASC\n|raw|AliceTASC's rating: 1511 &rarr; <strong>1541</strong><br />(+30 for winning)\n|raw|phuckstephcurry's rating: 1697 &rarr; <strong>1667</strong><br />(-30 for losing)\n|l|☆phuckstephcurry\n|player|p2|\n", "inputlog": ">version ccdc32dd7cde25fd9e4bed64820e885f66e78a4e\n>start {\"formatid\":\"gen7randombattle\",\"seed\":\"sodium,cefd7d12882a2c35be917832e445799e\",\"rated\":\"Rated battle\"}\n>player p1 {\"name\":\"AliceTASC\",\"avatar\":\"dawn\",\"rating\":1511,\"seed\":\"sodium,b9692e74ae9038607c8ec4f422c9f817\"}\n>player p2 {\"name\":\"phuckstephcurry\",\"avatar\":\"169\",\"rating\":1697,\"seed\":\"sodium,8d6b85661536d50b366d6def95464cf9\"}\n>p1 move nastyplot\n>p2 move toxic\n>p1 move grassknot\n>p2 switch 3\n>p2 switch 4\n>p1 move grassknot\n>p2 move superpower\n>p1 switch 5\n>p1 move drainpunch\n>p2 switch 2\n>p1 move facade\n>p2 move coil\n>p1 move facade\n>p2 move gunkshot\n>p2 switch 6\n>p1 move facade\n>p2 move psychic\n>p1 switch 2\n>p1 move flashcannon\n>p2 switch 2\n>p1 move voltswitch\n>p2 move discharge\n>p1 switch 4\n>p1 move playrough\n>p2 move discharge\n>p2 switch 2\n>p1 move playrough\n>p2 move psychic\n>p1 switch 4\n>p1 move flashcannon\n>p2 move naturesmadness\n>p1 move flashcannon\n>p2 move naturesmadness\n>p1 move flashcannon\n>p2 move psychic\n>p2 switch 5\n>p1 move voltswitch\n>p2 move sleeppowder\n>p1 switch 6\n>p2 move quiverdance\n>p1 move toxic\n>p2 move bugbuzz zmove\n>p1 move protect\n>p2 move bugbuzz\n>p1 switch 6\n>p2 move bugbuzz\n>p1 move voltswitch\n>p2 move bugbuzz\n>forcelose p2", "uploadtime": 1770235430, "views": 132, "formatid": "gen7randombattle", "rating": 1541, "private": 0, "password": null}