{"id": "gen7randombattle-2532922300", "format": "[Gen 7] Random Battle", "players": ["tyranitar18", "NTsweeper007"], "log": "|j|☆tyranitar18\n|j|☆NTsweeper007\n|t:|1770236924\n|gametype|singles\n|player|p1|tyranitar18|skyla|1547\n|player|p2|NTsweeper007|hilbert-wonderlauncher|1794\n|gen|7\n|tier|[Gen 7] Random Battle\n|rated|\n|rule|Sleep Clause Mod: Limit one foe put to sleep\n|rule|HP Percentage Mod: HP is shown in percentages\n|rule|Illusion Level Mod: Illusion disguises the Pokémon's true level\n|\n|t:|1770236924\n|teamsize|p1|6\n|teamsize|p2|6\n|start\n|switch|p1a: Regigigas|Regigigas, L86|329/329\n|switch|p2a: Blissey|Blissey, L85, F|572/572\n|-start|p1a: Regigigas|ability: Slow Start\n|turn|1\n|inactive|Battle timer is ON: inactive players will automatically lose when time's up. (requested by tyranitar18)\n|inactive|NTsweeper007 has 120 seconds left.\n|inactive|NTsweeper007 has 90 seconds left.\n|\n|t:|1770236994\n|switch|p2a: Dedenne|Dedenne, L91, M|270/270\n|move|p1a: Regigigas|Substitute|p1a: Regigigas\n|-start|p1a: Regigigas|Substitute\n|-damage|p1a: Regigigas|247/329\n|\n|-heal|p1a: Regigigas|267/329|[from] item: Leftovers\n|upkeep\n|turn|2\n|\n|t:|1770237018\n|move|p2a: Dedenne|Thunderbolt|p1a: Regigigas\n|-activate|p1a: Regigigas|move: Substitute|[damage]\n|move|p1a: Regigigas|Knock Off|p2a: Dedenne\n|-resisted|p2a: Dedenne\n|-crit|p2a: Dedenne\n|-damage|p2a: Dedenne|218/270\n|-enditem|p2a: Dedenne|Sitrus Berry|[from] move: Knock Off|[of] p1a: Regigigas\n|\n|-heal|p1a: Regigigas|287/329|[from] item: Leftovers\n|upkeep\n|turn|3\n|\n|t:|1770237031\n|move|p2a: Dedenne|Thunderbolt|p1a: Regigigas\n|-crit|p1a: Regigigas\n|-end|p1a: Regigigas|Substitute\n|move|p1a: Regigigas|Substitute|p1a: Regigigas\n|-start|p1a: Regigigas|Substitute\n|-damage|p1a: Regigigas|205/329\n|\n|-heal|p1a: Regigigas|225/329|[from] item: Leftovers\n|upkeep\n|turn|4\n|\n|t:|1770237034\n|move|p2a: Dedenne|Thunderbolt|p1a: Regigigas\n|-end|p1a: Regigigas|Substitute\n|move|p1a: Regigigas|Return|p2a: Dedenne\n|-damage|p2a: Dedenne|109/270\n|\n|-heal|p1a: Regigigas|245/329|[from] item: Leftovers\n|upkeep\n|turn|5\n|\n|t:|1770237044\n|move|p2a: Dedenne|Toxic|p1a: Regigigas\n|-status|p1a: Regigigas|tox\n|move|p1a: Regigigas|Return|p2a: Dedenne\n|-damage|p2a: Dedenne|1/270\n|\n|-heal|p1a: Regigigas|265/329 tox|[from] item: Leftovers\n|-damage|p1a: Regigigas|245/329 tox|[from] psn\n|-end|p1a: Regigigas|Slow Start\n|upkeep\n|turn|6\n|\n|t:|1770237048\n|move|p2a: Dedenne|Thunderbolt|p1a: Regigigas\n|-damage|p1a: Regigigas|161/329 tox\n|move|p1a: Regigigas|Return|p2a: Dedenne\n|-damage|p2a: Dedenne|0 fnt\n|faint|p2a: Dedenne\n|\n|-heal|p1a: Regigigas|181/329 tox|[from] item: Leftovers\n|-damage|p1a: Regigigas|141/329 tox|[from] psn\n|upkeep\n|\n|t:|1770237058\n|switch|p2a: Pheromosa|Pheromosa, L75|229/229\n|turn|7\n|\n|t:|1770237064\n|switch|p1a: Swalot|Swalot, L90, F|326/326\n|move|p2a: Pheromosa|High Jump Kick|p1a: Swalot\n|-resisted|p1a: Swalot\n|-damage|p1a: Swalot|226/326\n|-damage|p2a: Pheromosa|207/229|[from] item: Life Orb\n|\n|-heal|p1a: Swalot|246/326|[from] item: Black Sludge\n|upkeep\n|turn|8\n|\n|t:|1770237068\n|switch|p2a: Unown|Unown-N|258/258\n|move|p1a: Swalot|Toxic|p2a: Unown\n|-status|p2a: Unown|tox\n|\n|-heal|p1a: Swalot|266/326|[from] item: Black Sludge\n|-damage|p2a: Unown|242/258 tox|[from] psn\n|upkeep\n|turn|9\n|\n|t:|1770237070\n|move|p1a: Swalot|Protect|p1a: Swalot\n|-singleturn|p1a: Swalot|Protect\n|move|p2a: Unown|Hidden Power|p1a: Swalot\n|-activate|p1a: Swalot|move: Protect\n|\n|-heal|p1a: Swalot|286/326|[from] item: Black Sludge\n|-damage|p2a: Unown|210/258 tox|[from] psn\n|upkeep\n|turn|10\n|\n|t:|1770237077\n|switch|p1a: Regigigas|Regigigas, L86|141/329 tox\n|-start|p1a: Regigigas|ability: Slow Start\n|move|p2a: Unown|Hidden Power|p1a: Regigigas\n|-supereffective|p1a: Regigigas\n|-damage|p1a: Regigigas|27/329 tox\n|\n|-heal|p1a: Regigigas|47/329 tox|[from] item: Leftovers\n|-damage|p2a: Unown|162/258 tox|[from] psn\n|-damage|p1a: Regigigas|27/329 tox|[from] psn\n|upkeep\n|turn|11\n|\n|t:|1770237084\n|switch|p1a: Swalot|Swalot, L90, F|286/326\n|move|p2a: Unown|Hidden Power|p1a: Swalot\n|-resisted|p1a: Swalot\n|-damage|p1a: Swalot|253/326\n|\n|-heal|p1a: Swalot|273/326|[from] item: Black Sludge\n|-damage|p2a: Unown|98/258 tox|[from] psn\n|upkeep\n|turn|12\n|\n|t:|1770237094\n|switch|p2a: Blissey|Blissey, L85, F|572/572\n|move|p1a: Swalot|Sludge Bomb|p2a: Blissey\n|-damage|p2a: Blissey|509/572\n|\n|-heal|p1a: Swalot|293/326|[from] item: Black Sludge\n|-heal|p2a: Blissey|544/572|[from] item: Leftovers\n|upkeep\n|turn|13\n|\n|t:|1770237098\n|move|p1a: Swalot|Toxic|p2a: Blissey\n|-status|p2a: Blissey|tox\n|move|p2a: Blissey|Seismic Toss|p1a: Swalot\n|-damage|p1a: Swalot|208/326\n|\n|-heal|p1a: Swalot|228/326|[from] item: Black Sludge\n|-heal|p2a: Blissey|572/572 tox|[from] item: Leftovers\n|-damage|p2a: Blissey|537/572 tox|[from] psn\n|upkeep\n|turn|14\n|\n|t:|1770237108\n|switch|p1a: Regigigas|Regigigas, L86|27/329 tox\n|-start|p1a: Regigigas|ability: Slow Start\n|move|p2a: Blissey|Wish|p2a: Blissey\n|\n|-heal|p2a: Blissey|572/572 tox|[from] item: Leftovers\n|-heal|p1a: Regigigas|47/329 tox|[from] item: Leftovers\n|-damage|p2a: Blissey|502/572 tox|[from] psn\n|-damage|p1a: Regigigas|27/329 tox|[from] psn\n|upkeep\n|turn|15\n|\n|t:|1770237114\n|move|p2a: Blissey|Seismic Toss|p1a: Regigigas\n|-damage|p1a: Regigigas|0 fnt\n|faint|p1a: Regigigas\n|\n|-heal|p2a: Blissey|572/572 tox|[from] move: Wish|[wisher] Blissey\n|-damage|p2a: Blissey|467/572 tox|[from] psn\n|upkeep\n|\n|t:|1770237117\n|switch|p1a: Pheromosa|Pheromosa, L75|229/229\n|turn|16\n|\n|t:|1770237122\n|move|p2a: Blissey|Protect|p2a: Blissey\n|-singleturn|p2a: Blissey|Protect\n|move|p1a: Pheromosa|U-turn|p2a: Blissey\n|-activate|p2a: Blissey|move: Protect\n|\n|-heal|p2a: Blissey|502/572 tox|[from] item: Leftovers\n|-damage|p2a: Blissey|362/572 tox|[from] psn\n|upkeep\n|turn|17\n|\n|t:|1770237131\n|-curestatus|p2a: Blissey|tox|[from] ability: Natural Cure\n|switch|p2a: Unown|Unown-N|98/258 tox\n|move|p1a: Pheromosa|High Jump Kick|p2a: Unown\n|-resisted|p2a: Unown\n|-damage|p2a: Unown|1/258 tox\n|\n|-damage|p2a: Unown|0 fnt|[from] psn\n|faint|p2a: Unown\n|upkeep\n|\n|t:|1770237138\n|switch|p2a: Pheromosa|Pheromosa, L75|207/229\n|turn|18\n|\n|t:|1770237155\n|switch|p1a: Swalot|Swalot, L90, F|228/326\n|move|p2a: Pheromosa|Ice Beam|p1a: Swalot\n|-crit|p1a: Swalot\n|-damage|p1a: Swalot|101/326\n|-status|p1a: Swalot|frz\n|-damage|p2a: Pheromosa|185/229|[from] item: Life Orb\n|\n|-heal|p1a: Swalot|121/326 frz|[from] item: Black Sludge\n|upkeep\n|turn|19\n|\n|t:|1770237158\n|switch|p2a: Omastar|Omastar, L84, F|254/254\n|-curestatus|p1a: Swalot|frz|[msg]\n|move|p1a: Swalot|Sludge Bomb|p2a: Omastar\n|-resisted|p2a: Omastar\n|-damage|p2a: Omastar|206/254\n|\n|-heal|p1a: Swalot|141/326|[from] item: Black Sludge\n|upkeep\n|turn|20\n|\n|t:|1770237167\n|switch|p2a: Lucario|Lucario, L74, F|226/226\n|move|p1a: Swalot|Toxic|p2a: Lucario\n|-immune|p2a: Lucario\n|\n|-heal|p1a: Swalot|161/326|[from] item: Black Sludge\n|upkeep\n|turn|21\n|\n|t:|1770237170\n|detailschange|p2a: Lucario|Lucario-Mega, L74, F\n|-mega|p2a: Lucario|Lucario|Lucarionite\n|move|p2a: Lucario|Nasty Plot|p2a: Lucario\n|-boost|p2a: Lucario|spa|2\n|move|p1a: Swalot|Earthquake|p2a: Lucario\n|-supereffective|p2a: Lucario\n|-damage|p2a: Lucario|78/226\n|\n|-heal|p1a: Swalot|181/326|[from] item: Black Sludge\n|upkeep\n|turn|22\n|\n|t:|1770237173\n|move|p1a: Swalot|Protect|p1a: Swalot\n|-singleturn|p1a: Swalot|Protect\n|move|p2a: Lucario|Flash Cannon|p1a: Swalot\n|-activate|p1a: Swalot|move: Protect\n|\n|-heal|p1a: Swalot|201/326|[from] item: Black Sludge\n|upkeep\n|turn|23\n|\n|t:|1770237177\n|move|p2a: Lucario|Flash Cannon|p1a: Swalot\n|-damage|p1a: Swalot|0 fnt\n|faint|p1a: Swalot\n|\n|upkeep\n|\n|t:|1770237180\n|switch|p1a: Pheromosa|Pheromosa, L75|229/229\n|turn|24\n|\n|t:|1770237182\n|move|p2a: Lucario|Vacuum Wave|p1a: Pheromosa\n|-resisted|p1a: Pheromosa\n|-damage|p1a: Pheromosa|122/229\n|move|p1a: Pheromosa|High Jump Kick|p2a: Lucario\n|-supereffective|p2a: Lucario\n|-damage|p2a: Lucario|0 fnt\n|faint|p2a: Lucario\n|detailschange|p2: Lucario|Lucario, L74, F|[silent]\n|-ability|p1a: Pheromosa|Beast Boost|boost\n|-boost|p1a: Pheromosa|spe|1\n|\n|upkeep\n|\n|t:|1770237187\n|switch|p2a: Pheromosa|Pheromosa, L75|185/229\n|turn|25\n|\n|t:|1770237198\n|move|p1a: Pheromosa|U-turn|p2a: Pheromosa\n|-resisted|p2a: Pheromosa\n|-damage|p2a: Pheromosa|100/229\n|\n|t:|1770237200\n|switch|p1a: Carracosta|Carracosta, L88, M|274/274|[from] U-turn\n|move|p2a: Pheromosa|Ice Beam|p1a: Carracosta\n|-resisted|p1a: Carracosta\n|-damage|p1a: Carracosta|226/274\n|-damage|p2a: Pheromosa|78/229|[from] item: Life Orb\n|\n|upkeep\n|turn|26\n|\n|t:|1770237206\n|move|p2a: Pheromosa|High Jump Kick|p1a: Carracosta\n|-supereffective|p1a: Carracosta\n|-damage|p1a: Carracosta|0 fnt\n|faint|p1a: Carracosta\n|-ability|p2a: Pheromosa|Beast Boost|boost\n|-boost|p2a: Pheromosa|spe|1\n|-damage|p2a: Pheromosa|56/229|[from] item: Life Orb\n|\n|upkeep\n|\n|t:|1770237211\n|switch|p1a: Donphan|Donphan, L84, M|288/288\n|turn|27\n|\n|t:|1770237214\n|move|p2a: Pheromosa|Ice Beam|p1a: Donphan\n|-supereffective|p1a: Donphan\n|-damage|p1a: Donphan|72/288\n|-damage|p2a: Pheromosa|34/229|[from] item: Life Orb\n|move|p1a: Donphan|Earthquake|p2a: Pheromosa\n|-resisted|p2a: Pheromosa\n|-damage|p2a: Pheromosa|0 fnt\n|faint|p2a: Pheromosa\n|\n|-heal|p1a: Donphan|90/288|[from] item: Leftovers\n|upkeep\n|\n|t:|1770237217\n|switch|p2a: Omastar|Omastar, L84, F|206/254\n|turn|28\n|\n|t:|1770237225\n|move|p2a: Omastar|Shell Smash|p2a: Omastar\n|-unboost|p2a: Omastar|def|1\n|-unboost|p2a: Omastar|spd|1\n|-boost|p2a: Omastar|atk|2\n|-boost|p2a: Omastar|spa|2\n|-boost|p2a: Omastar|spe|2\n|-enditem|p2a: Omastar|White Herb\n|-clearnegativeboost|p2a: Omastar|[silent]\n|move|p1a: Donphan|Earthquake|p2a: Omastar\n|-supereffective|p2a: Omastar\n|-damage|p2a: Omastar|12/254\n|\n|-heal|p1a: Donphan|108/288|[from] item: Leftovers\n|upkeep\n|turn|29\n|\n|t:|1770237228\n|move|p2a: Omastar|Ice Beam|p1a: Donphan\n|-supereffective|p1a: Donphan\n|-damage|p1a: Donphan|0 fnt\n|faint|p1a: Donphan\n|\n|upkeep\n|\n|t:|1770237232\n|switch|p1a: Aerodactyl|Aerodactyl, L78, M|253/253\n|-ability|p1a: Aerodactyl|Unnerve\n|turn|30\n|\n|t:|1770237235\n|detailschange|p1a: Aerodactyl|Aerodactyl-Mega, L78, M\n|-mega|p1a: Aerodactyl|Aerodactyl|Aerodactylite\n|move|p2a: Omastar|Ice Beam|p1a: Aerodactyl\n|-supereffective|p1a: Aerodactyl\n|-damage|p1a: Aerodactyl|0 fnt\n|faint|p1a: Aerodactyl\n|detailschange|p1: Aerodactyl|Aerodactyl, L78, M|[silent]\n|\n|upkeep\n|\n|t:|1770237239\n|switch|p1a: Pheromosa|Pheromosa, L75|122/229\n|turn|31\n|\n|t:|1770237240\n|move|p2a: Omastar|Ice Beam|p1a: Pheromosa\n|-damage|p1a: Pheromosa|0 fnt\n|faint|p1a: Pheromosa\n|\n|win|NTsweeper007\n|raw|tyranitar18's rating: 1547 &rarr; <strong>1539</strong><br />(-8 for losing)\n|raw|NTsweeper007's rating: 1794 &rarr; <strong>1802</strong><br />(+8 for winning)\n|l|☆tyranitar18\n|player|p1|\n", "inputlog": ">version ccdc32dd7cde25fd9e4bed64820e885f66e78a4e\n>start {\"formatid\":\"gen7randombattle\",\"seed\":\"sodium,d147be8486d1e1e152dbd7243534b767\",\"rated\":\"Rated battle\"}\n>player p1 {\"name\":\"tyranitar18\",\"avatar\":\"skyla\",\"rating\":1547,\"seed\":\"sodium,f0cb3f70cbb2da7024985be697f45d4b\"}\n>player p2 {\"name\":\"NTsweeper007\",\"avatar\":\"hilbert-wonderlauncher\",\"rating\":1794,\"seed\":\"sodium,74a8035fe0cdc2b051c0e08ccde986b0\"}\n>p1 move substitute\n>p2 switch 5\n>p1 move knockoff\n>p2 move thunderbolt\n>p1 move substitute\n>p2 move thunderbolt\n>p1 move return\n>p2 move thunderbolt\n>p1 move return\n>p2 move toxic\n>p1 move return\n>p2 move thunderbolt\n>p2 switch 3\n>p1 switch 2\n>p2 move highjumpkick\n>p1 move toxic\n>p2 switch 2\n>p1 move protect\n>p2 move hiddenpower\n>p1 switch 2\n>p2 move hiddenpower\n>p1 switch 2\n>p2 move hiddenpower\n>p1 move sludgebomb\n>p2 switch 5\n>p1 move toxic\n>p2 move seismictoss\n>p1 switch 2\n>p2 move wish\n>p1 move knockoff\n>p2 move seismictoss\n>p1 switch 3\n>p1 move uturn\n>p2 move protect\n>p1 move highjumpkick\n>p2 switch 5\n>p2 switch 2\n>p1 switch 2\n>p2 move icebeam\n>p1 move sludgebomb\n>p2 switch 6\n>p1 move toxic\n>p2 switch 4\n>p1 move earthquake\n>p2 move nastyplot mega\n>p1 move protect\n>p2 move flashcannon\n>p1 move earthquake\n>p2 move flashcannon\n>p1 switch 2\n>p1 move highjumpkick\n>p2 move vacuumwave\n>p2 switch 6\n>p1 move uturn\n>p2 move icebeam\n>p1 switch 5\n>p1 move liquidation\n>p2 move highjumpkick\n>p1 switch 6\n>p1 move earthquake\n>p2 move icebeam\n>p2 switch 4\n>p1 move earthquake\n>p2 move shellsmash\n>p1 move earthquake\n>p2 move icebeam\n>p1 switch 4\n>p1 move earthquake mega\n>p2 move icebeam\n>p1 switch 5\n>p1 move uturn\n>p2 move icebeam", "uploadtime": 1770237243, "views": 139, "formatid": "gen7randombattle", "rating": 1539, "private": 0, "password": null}