{"id": "gen7randombattle-2531192440", "format": "[Gen 7] Random Battle", "players": ["ProblyArijit._", "Trefleuh"], "log": "|j|☆ProblyArijit._\n|j|☆Trefleuh\n|t:|1770029300\n|gametype|singles\n|player|p1|ProblyArijit._|steven|1577\n|player|p2|Trefleuh|#rbtt8teamhoopa2|1748\n|gen|7\n|tier|[Gen 7] Random Battle\n|rated|\n|rule|Sleep Clause Mod: Limit one foe put to sleep\n|rule|HP Percentage Mod: HP is shown in percentages\n|rule|Illusion Level Mod: Illusion disguises the Pokémon's true level\n|\n|t:|1770029300\n|teamsize|p1|6\n|teamsize|p2|6\n|start\n|switch|p1a: Aromatisse|Aromatisse, L91, M|332/332\n|switch|p2a: Vivillon|Vivillon-Modern, L85, F|275/275\n|turn|1\n|inactive|Battle timer is ON: inactive players will automatically lose when time's up. (requested by ProblyArijit._)\n|\n|t:|1770029315\n|move|p2a: Vivillon|Sleep Powder|p1a: Aromatisse\n|-status|p1a: Aromatisse|slp|[from] move: Sleep Powder\n|cant|p1a: Aromatisse|slp\n|\n|upkeep\n|turn|2\n|\n|t:|1770029321\n|switch|p2a: Oranguru|Oranguru, L93, M|318/318\n|switch|p1a: Charizard|Charizard, L83, F|265/265\n|\n|upkeep\n|turn|3\n|\n|t:|1770029330\n|switch|p1a: Umbreon|Umbreon, L84, M|297/297\n|move|p2a: Oranguru|Nature Power|p1a: Umbreon\n|move|p2a: Oranguru|Tri Attack|p1a: Umbreon|[from] move: Nature Power\n|-damage|p1a: Umbreon|202/297\n|-status|p1a: Umbreon|frz\n|-damage|p2a: Oranguru|287/318|[from] item: Life Orb\n|\n|-heal|p1a: Umbreon|220/297 frz|[from] item: Leftovers\n|upkeep\n|turn|4\n|\n|t:|1770029356\n|move|p2a: Oranguru|Nasty Plot|p2a: Oranguru\n|-boost|p2a: Oranguru|spa|2\n|cant|p1a: Umbreon|frz\n|\n|-heal|p1a: Umbreon|238/297 frz|[from] item: Leftovers\n|upkeep\n|turn|5\n|\n|t:|1770029361\n|cant|p1a: Umbreon|frz\n|move|p2a: Oranguru|Focus Blast|p1a: Umbreon|[miss]\n|-miss|p2a: Oranguru|p1a: Umbreon\n|\n|-heal|p1a: Umbreon|256/297 frz|[from] item: Leftovers\n|upkeep\n|turn|6\n|\n|t:|1770029366\n|move|p2a: Oranguru|Focus Blast|p1a: Umbreon\n|-supereffective|p1a: Umbreon\n|-damage|p1a: Umbreon|0 fnt\n|faint|p1a: Umbreon\n|-damage|p2a: Oranguru|256/318|[from] item: Life Orb\n|\n|upkeep\n|\n|t:|1770029370\n|switch|p1a: Charizard|Charizard, L83, F|265/265\n|turn|7\n|\n|t:|1770029383\n|-zpower|p1a: Charizard\n|move|p1a: Charizard|Z-Hold Hands|null|[anim]Hold Hands|[notarget]\n|-boost|p1a: Charizard|atk|1|[zeffect]\n|-boost|p1a: Charizard|def|1|[zeffect]\n|-boost|p1a: Charizard|spa|1|[zeffect]\n|-boost|p1a: Charizard|spd|1|[zeffect]\n|-boost|p1a: Charizard|spe|1|[zeffect]\n|-fail|p1a: Charizard\n|move|p2a: Oranguru|Nature Power|p1a: Charizard\n|move|p2a: Oranguru|Tri Attack|p1a: Charizard|[from] move: Nature Power\n|-damage|p1a: Charizard|96/265\n|-damage|p2a: Oranguru|225/318|[from] item: Life Orb\n|\n|upkeep\n|turn|8\n|\n|t:|1770029390\n|move|p1a: Charizard|Air Slash|p2a: Oranguru\n|-damage|p2a: Oranguru|134/318\n|move|p2a: Oranguru|Nature Power|p1a: Charizard\n|move|p2a: Oranguru|Tri Attack|p1a: Charizard|[from] move: Nature Power\n|-damage|p1a: Charizard|0 fnt\n|faint|p1a: Charizard\n|-damage|p2a: Oranguru|103/318|[from] item: Life Orb\n|\n|upkeep\n|\n|t:|1770029397\n|switch|p1a: Latias|Latias, L78, F|253/253\n|turn|9\n|\n|t:|1770029404\n|detailschange|p1a: Latias|Latias-Mega, L78, F\n|-mega|p1a: Latias|Latias|Latiasite\n|move|p1a: Latias|Calm Mind|p1a: Latias\n|-boost|p1a: Latias|spa|1\n|-boost|p1a: Latias|spd|1\n|move|p2a: Oranguru|Nature Power|p1a: Latias\n|move|p2a: Oranguru|Tri Attack|p1a: Latias|[from] move: Nature Power\n|-damage|p1a: Latias|128/253\n|-damage|p2a: Oranguru|72/318|[from] item: Life Orb\n|\n|upkeep\n|turn|10\n|\n|t:|1770029414\n|move|p1a: Latias|Psyshock|p2a: Oranguru\n|-resisted|p2a: Oranguru\n|-damage|p2a: Oranguru|3/318\n|move|p2a: Oranguru|Nature Power|p1a: Latias\n|move|p2a: Oranguru|Tri Attack|p1a: Latias|[from] move: Nature Power\n|-damage|p1a: Latias|15/253\n|-damage|p2a: Oranguru|0 fnt|[from] item: Life Orb\n|faint|p2a: Oranguru\n|\n|upkeep\n|\n|t:|1770029420\n|switch|p2a: Entei|Entei, L78|307/307\n|turn|11\n|\n|t:|1770029427\n|switch|p1a: Politoed|Politoed, L88, M|302/302\n|-weather|RainDance|[from] ability: Drizzle|[of] p1a: Politoed\n|move|p2a: Entei|Extreme Speed|p1a: Politoed\n|-damage|p1a: Politoed|207/302\n|\n|-weather|RainDance|[upkeep]\n|upkeep\n|turn|12\n|\n|t:|1770029447\n|switch|p2a: Vivillon|Vivillon-Modern, L85, F|275/275\n|move|p1a: Politoed|Scald|p2a: Vivillon\n|-damage|p2a: Vivillon|89/275\n|\n|-weather|RainDance|[upkeep]\n|-heal|p2a: Vivillon|106/275|[from] item: Leftovers\n|upkeep\n|turn|13\n|\n|t:|1770029454\n|move|p2a: Vivillon|Hurricane|p1a: Politoed\n|-damage|p1a: Politoed|108/302\n|-start|p1a: Politoed|confusion\n|-activate|p1a: Politoed|confusion\n|move|p1a: Politoed|Scald|p2a: Vivillon\n|-damage|p2a: Vivillon|0 fnt\n|faint|p2a: Vivillon\n|\n|-weather|RainDance|[upkeep]\n|upkeep\n|\n|t:|1770029460\n|switch|p2a: Mewtwo|Mewtwo, L70|264/264\n|-ability|p2a: Mewtwo|Unnerve\n|turn|14\n|\n|t:|1770029483\n|detailschange|p2a: Mewtwo|Mewtwo-Mega-Y, L70\n|-mega|p2a: Mewtwo|Mewtwo|Mewtwonite Y\n|move|p2a: Mewtwo|Calm Mind|p2a: Mewtwo\n|-boost|p2a: Mewtwo|spa|1\n|-boost|p2a: Mewtwo|spd|1\n|-activate|p1a: Politoed|confusion\n|-damage|p1a: Politoed|87/302|[from] confusion\n|\n|-weather|RainDance|[upkeep]\n|upkeep\n|turn|15\n|-message|ProblyArijit._ forfeited.\n|\n|win|Trefleuh\n|raw|ProblyArijit._'s rating: 1577 &rarr; <strong>1566</strong><br />(-11 for losing)\n|raw|Trefleuh's rating: 1748 &rarr; <strong>1759</strong><br />(+11 for winning)\n|l|☆ProblyArijit._\n|player|p1|\n|l|☆Trefleuh\n|player|p2|\n", "inputlog": ">version ccdc32dd7cde25fd9e4bed64820e885f66e78a4e\n>start {\"formatid\":\"gen7randombattle\",\"seed\":\"sodium,277ae7957d8e9a4813f7b45618a8a13f\",\"rated\":\"Rated battle\"}\n>player p1 {\"name\":\"ProblyArijit._\",\"avatar\":\"steven\",\"rating\":1577,\"seed\":\"sodium,6bf19d9966daa2bf9a33798e2db73552\"}\n>player p2 {\"name\":\"Trefleuh\",\"avatar\":\"#rbtt8teamhoopa2\",\"rating\":1748,\"seed\":\"sodium,b431b0084266255c0949ba6c4a93db3c\"}\n>p1 move toxic\n>p2 move sleeppowder\n>p1 switch 4\n>p2 switch 3\n>p1 switch 5\n>p2 move naturepower\n>p1 move foulplay\n>p2 move nastyplot\n>p1 move protect\n>p2 move focusblast\n>p1 move foulplay\n>p2 move focusblast\n>p1 switch 5\n>p1 move holdhands zmove\n>p2 move naturepower\n>p1 move airslash\n>p2 move naturepower\n>p1 switch 6\n>p1 move calmmind mega\n>p2 move naturepower\n>p1 move psyshock\n>p2 move naturepower\n>p2 switch 6\n>p1 switch 2\n>p2 move extremespeed\n>p1 move scald\n>p2 switch 3\n>p1 move scald\n>p2 move hurricane\n>p2 switch 2\n>p1 move rest\n>p2 move calmmind mega\n>forcelose p1", "uploadtime": 1770029522, "views": 159, "formatid": "gen7randombattle", "rating": 1566, "private": 0, "password": null}