{"id": "gen7randombattle-2540276643", "format": "[Gen 7] Random Battle", "players": ["timal4", "pingu22222"], "log": "|j|☆timal4\n|j|☆pingu22222\n|t:|1771183661\n|gametype|singles\n|player|p1|timal4|265|1546\n|player|p2|pingu22222|102|1522\n|gen|7\n|tier|[Gen 7] Random Battle\n|rated|\n|rule|Sleep Clause Mod: Limit one foe put to sleep\n|rule|HP Percentage Mod: HP is shown in percentages\n|rule|Illusion Level Mod: Illusion disguises the Pokémon's true level\n|\n|t:|1771183661\n|teamsize|p1|6\n|teamsize|p2|6\n|start\n|switch|p1a: Rampardos|Rampardos, L88, M|314/314\n|switch|p2a: Armaldo|Armaldo, L89, F|278/278\n|turn|1\n|inactive|Battle timer is ON: inactive players will automatically lose when time's up. (requested by timal4)\n|\n|t:|1771183675\n|move|p1a: Rampardos|Rock Polish|p1a: Rampardos\n|-boost|p1a: Rampardos|spe|2\n|move|p2a: Armaldo|Earthquake|p1a: Rampardos\n|-supereffective|p1a: Rampardos\n|-damage|p1a: Rampardos|0 fnt\n|faint|p1a: Rampardos\n|\n|upkeep\n|\n|t:|1771183687\n|switch|p1a: Cacturne|Cacturne, L93, M|281/281\n|turn|2\n|\n|t:|1771183696\n|switch|p2a: Breloom|Breloom, L84, M|238/238\n|move|p1a: Cacturne|Swords Dance|p1a: Cacturne\n|-boost|p1a: Cacturne|atk|2\n|\n|upkeep\n|turn|3\n|\n|t:|1771183703\n|move|p2a: Breloom|Swords Dance|p2a: Breloom\n|-boost|p2a: Breloom|atk|2\n|move|p1a: Cacturne|Drain Punch|p2a: Breloom\n|-damage|p2a: Breloom|17/238\n|-damage|p1a: Cacturne|253/281|[from] item: Life Orb\n|\n|upkeep\n|turn|4\n|\n|t:|1771183711\n|move|p2a: Breloom|Mach Punch|p1a: Cacturne\n|-supereffective|p1a: Cacturne\n|-damage|p1a: Cacturne|0 fnt\n|faint|p1a: Cacturne\n|-damage|p2a: Breloom|0 fnt|[from] item: Life Orb\n|faint|p2a: Breloom\n|\n|upkeep\n|\n|t:|1771183725\n|switch|p2a: Armaldo|Armaldo, L89, F|278/278\n|switch|p1a: Dusknoir|Dusknoir, L89, M|225/225\n|-item|p2a: Armaldo|Choice Band|[from] ability: Frisk|[of] p1a: Dusknoir\n|turn|5\n|\n|t:|1771183732\n|move|p1a: Dusknoir|Protect|p1a: Dusknoir\n|-singleturn|p1a: Dusknoir|Protect\n|move|p2a: Armaldo|Knock Off|p1a: Dusknoir\n|-activate|p1a: Dusknoir|move: Protect\n|\n|upkeep\n|turn|6\n|\n|t:|1771183746\n|move|p2a: Armaldo|Knock Off|p1a: Dusknoir\n|-supereffective|p1a: Dusknoir\n|-damage|p1a: Dusknoir|31/225\n|-enditem|p1a: Dusknoir|Leftovers|[from] move: Knock Off|[of] p2a: Armaldo\n|move|p1a: Dusknoir|Toxic|p2a: Armaldo\n|-status|p2a: Armaldo|tox\n|\n|-damage|p2a: Armaldo|261/278 tox|[from] psn\n|upkeep\n|turn|7\n|\n|t:|1771183756\n|move|p1a: Dusknoir|Protect|p1a: Dusknoir\n|-singleturn|p1a: Dusknoir|Protect\n|move|p2a: Armaldo|Knock Off|p1a: Dusknoir\n|-activate|p1a: Dusknoir|move: Protect\n|\n|-damage|p2a: Armaldo|227/278 tox|[from] psn\n|upkeep\n|turn|8\n|\n|t:|1771183767\n|switch|p1a: Zekrom|Zekrom, L74|270/270\n|-ability|p1a: Zekrom|Teravolt\n|move|p2a: Armaldo|Knock Off|p1a: Zekrom\n|-damage|p1a: Zekrom|186/270\n|\n|-damage|p2a: Armaldo|176/278 tox|[from] psn\n|upkeep\n|turn|9\n|\n|t:|1771183778\n|move|p1a: Zekrom|Hone Claws|p1a: Zekrom\n|-boost|p1a: Zekrom|atk|1\n|-boost|p1a: Zekrom|accuracy|1\n|move|p2a: Armaldo|Knock Off|p1a: Zekrom\n|-damage|p1a: Zekrom|103/270\n|\n|-damage|p2a: Armaldo|108/278 tox|[from] psn\n|upkeep\n|turn|10\n|\n|t:|1771183788\n|move|p1a: Zekrom|Roost|p1a: Zekrom\n|-heal|p1a: Zekrom|238/270\n|-singleturn|p1a: Zekrom|move: Roost\n|move|p2a: Armaldo|Knock Off|p1a: Zekrom\n|-damage|p1a: Zekrom|157/270\n|\n|-damage|p2a: Armaldo|23/278 tox|[from] psn\n|upkeep\n|turn|11\n|\n|t:|1771183796\n|move|p1a: Zekrom|Roost|p1a: Zekrom\n|-heal|p1a: Zekrom|270/270\n|-singleturn|p1a: Zekrom|move: Roost\n|move|p2a: Armaldo|Knock Off|p1a: Zekrom\n|-damage|p1a: Zekrom|184/270\n|\n|-damage|p2a: Armaldo|0 fnt|[from] psn\n|faint|p2a: Armaldo\n|upkeep\n|\n|t:|1771183813\n|switch|p2a: Furfrou|Furfrou-Heart, L86, F|269/269\n|turn|12\n|\n|t:|1771183823\n|move|p2a: Furfrou|Return|p1a: Zekrom\n|-damage|p1a: Zekrom|90/270\n|move|p1a: Zekrom|Bolt Strike|p2a: Furfrou\n|-damage|p2a: Furfrou|0 fnt\n|faint|p2a: Furfrou\n|\n|upkeep\n|\n|t:|1771183831\n|switch|p2a: Togedemaru|Togedemaru, L86, F|252/252\n|turn|13\n|\n|t:|1771183837\n|move|p2a: Togedemaru|Iron Head|p1a: Zekrom\n|-resisted|p1a: Zekrom\n|-damage|p1a: Zekrom|54/270\n|cant|p1a: Zekrom|flinch\n|\n|upkeep\n|turn|14\n|\n|t:|1771183843\n|move|p2a: Togedemaru|Iron Head|p1a: Zekrom\n|-resisted|p1a: Zekrom\n|-damage|p1a: Zekrom|16/270\n|cant|p1a: Zekrom|flinch\n|\n|upkeep\n|turn|15\n|\n|t:|1771183854\n|switch|p1a: Porygon2|Porygon2, L82|274/274\n|-ability|p1a: Porygon2|Lightning Rod|Trace|[from] ability: Trace|[of] p2a: Togedemaru\n|move|p2a: Togedemaru|Iron Head|p1a: Porygon2\n|-damage|p1a: Porygon2|210/274\n|\n|upkeep\n|turn|16\n|\n|t:|1771183863\n|move|p2a: Togedemaru|U-turn|p1a: Porygon2\n|-damage|p1a: Porygon2|175/274\n|\n|t:|1771183865\n|switch|p2a: Toxapex|Toxapex, L80, F|211/211|[from] U-turn\n|move|p1a: Porygon2|Tri Attack|p2a: Toxapex\n|-damage|p2a: Toxapex|151/211\n|\n|-heal|p2a: Toxapex|164/211|[from] item: Black Sludge\n|upkeep\n|turn|17\n|\n|t:|1771183875\n|move|p1a: Porygon2|Discharge|p2a: Toxapex\n|-supereffective|p2a: Toxapex\n|-damage|p2a: Toxapex|76/211\n|move|p2a: Toxapex|Toxic|p1a: Porygon2\n|-status|p1a: Porygon2|tox\n|\n|-heal|p2a: Toxapex|89/211|[from] item: Black Sludge\n|-damage|p1a: Porygon2|158/274 tox|[from] psn\n|upkeep\n|turn|18\n|\n|t:|1771183885\n|move|p2a: Toxapex|Baneful Bunker|p2a: Toxapex\n|-singleturn|p2a: Toxapex|move: Protect\n|move|p1a: Porygon2|Discharge|p2a: Toxapex\n|-activate|p2a: Toxapex|move: Protect\n|\n|-heal|p2a: Toxapex|102/211|[from] item: Black Sludge\n|-damage|p1a: Porygon2|124/274 tox|[from] psn\n|upkeep\n|turn|19\n|\n|t:|1771183895\n|move|p1a: Porygon2|Discharge|p2a: Toxapex\n|-supereffective|p2a: Toxapex\n|-damage|p2a: Toxapex|14/211\n|move|p2a: Toxapex|Recover|p2a: Toxapex\n|-heal|p2a: Toxapex|120/211\n|\n|-heal|p2a: Toxapex|133/211|[from] item: Black Sludge\n|-damage|p1a: Porygon2|73/274 tox|[from] psn\n|upkeep\n|turn|20\n|\n|t:|1771183910\n|switch|p1a: Zekrom|Zekrom, L74|16/270\n|-ability|p1a: Zekrom|Teravolt\n|move|p2a: Toxapex|Recover|p2a: Toxapex\n|-heal|p2a: Toxapex|211/211\n|\n|upkeep\n|turn|21\n|\n|t:|1771183920\n|move|p2a: Toxapex|Baneful Bunker|p2a: Toxapex\n|-singleturn|p2a: Toxapex|move: Protect\n|move|p1a: Zekrom|Roost|p1a: Zekrom\n|-heal|p1a: Zekrom|151/270\n|-singleturn|p1a: Zekrom|move: Roost\n|\n|upkeep\n|turn|22\n|\n|t:|1771183931\n|move|p1a: Zekrom|Roost|p1a: Zekrom\n|-heal|p1a: Zekrom|270/270\n|-singleturn|p1a: Zekrom|move: Roost\n|move|p2a: Toxapex|Toxic|p1a: Zekrom\n|-status|p1a: Zekrom|tox\n|\n|-damage|p1a: Zekrom|254/270 tox|[from] psn\n|upkeep\n|turn|23\n|\n|t:|1771183940\n|move|p2a: Toxapex|Baneful Bunker|p2a: Toxapex\n|-singleturn|p2a: Toxapex|move: Protect\n|move|p1a: Zekrom|Hone Claws|p1a: Zekrom\n|-boost|p1a: Zekrom|atk|1\n|-boost|p1a: Zekrom|accuracy|1\n|\n|-damage|p1a: Zekrom|222/270 tox|[from] psn\n|upkeep\n|turn|24\n|\n|t:|1771183950\n|switch|p2a: Togedemaru|Togedemaru, L86, F|252/252\n|move|p1a: Zekrom|Bolt Strike|p2a: Togedemaru\n|-resisted|p2a: Togedemaru\n|-damage|p2a: Togedemaru|99/252\n|\n|-damage|p1a: Zekrom|174/270 tox|[from] psn\n|upkeep\n|turn|25\n|\n|t:|1771183963\n|move|p2a: Togedemaru|U-turn|p1a: Zekrom\n|-damage|p1a: Zekrom|130/270 tox\n|\n|t:|1771183965\n|switch|p2a: Toxapex|Toxapex, L80, F|211/211|[from] U-turn\n|move|p1a: Zekrom|Bolt Strike|p2a: Toxapex\n|-supereffective|p2a: Toxapex\n|-damage|p2a: Toxapex|0 fnt\n|faint|p2a: Toxapex\n|\n|-damage|p1a: Zekrom|66/270 tox|[from] psn\n|upkeep\n|\n|t:|1771183977\n|switch|p2a: Togedemaru|Togedemaru, L86, F|99/252\n|turn|26\n|\n|t:|1771183982\n|move|p2a: Togedemaru|Iron Head|p1a: Zekrom\n|-resisted|p1a: Zekrom\n|-damage|p1a: Zekrom|27/270 tox\n|cant|p1a: Zekrom|flinch\n|\n|-damage|p1a: Zekrom|0 fnt|[from] psn\n|faint|p1a: Zekrom\n|upkeep\n|\n|t:|1771183994\n|switch|p1a: Porygon2|Porygon2, L82|73/274 tox\n|-ability|p1a: Porygon2|Lightning Rod|Trace|[from] ability: Trace|[of] p2a: Togedemaru\n|turn|27\n|\n|t:|1771184002\n|move|p2a: Togedemaru|Iron Head|p1a: Porygon2\n|-damage|p1a: Porygon2|9/274 tox\n|cant|p1a: Porygon2|flinch\n|\n|-damage|p1a: Porygon2|0 fnt|[from] psn\n|faint|p1a: Porygon2\n|upkeep\n|\n|t:|1771184012\n|switch|p1a: Articuno|Articuno, L85|291/291\n|-ability|p1a: Articuno|Pressure\n|turn|28\n|\n|t:|1771184018\n|move|p2a: Togedemaru|Zing Zap|p1a: Articuno\n|-supereffective|p1a: Articuno\n|-damage|p1a: Articuno|123/291\n|cant|p1a: Articuno|flinch\n|\n|-heal|p1a: Articuno|141/291|[from] item: Leftovers\n|upkeep\n|turn|29\n|-message|timal4 forfeited.\n|\n|win|pingu22222\n|raw|timal4's rating: 1546 &rarr; <strong>1525</strong><br />(-21 for losing)\n|raw|pingu22222's rating: 1522 &rarr; <strong>1543</strong><br />(+21 for winning)\n|l|☆timal4\n|player|p1|\n", "inputlog": ">version 686819e5e19f8a7fd2345cfc5a08a5085efa2cc3\n>start {\"formatid\":\"gen7randombattle\",\"seed\":\"sodium,f78951854ac765c7a9e1323ac2def6bf\",\"rated\":\"Rated battle\"}\n>player p1 {\"name\":\"timal4\",\"avatar\":\"265\",\"rating\":1546,\"seed\":\"sodium,2b42d56f3f70cd09038ecd68b8b224a0\"}\n>player p2 {\"name\":\"pingu22222\",\"avatar\":\"102\",\"rating\":1522,\"seed\":\"sodium,8d22486da958db8f3923b331d2b17f27\"}\n>p1 move rockpolish\n>p2 move earthquake\n>p1 switch 3\n>p1 move swordsdance\n>p2 switch 2\n>p1 move drainpunch\n>p2 move swordsdance\n>p1 move suckerpunch\n>p2 move machpunch\n>p1 switch 6\n>p2 switch 2\n>p1 move protect\n>p2 move knockoff\n>p1 move toxic\n>p2 move knockoff\n>p1 move protect\n>p2 move knockoff\n>p1 switch 2\n>p2 move knockoff\n>p1 move honeclaws\n>p2 move knockoff\n>p1 move roost\n>p2 move knockoff\n>p1 move roost\n>p2 move knockoff\n>p2 switch 6\n>p1 move boltstrike\n>p2 move return\n>p2 switch 4\n>p1 move roost\n>p2 move ironhead\n>p1 move roost\n>p2 move ironhead\n>p1 switch 4\n>p2 move ironhead\n>p1 move triattack\n>p2 move uturn\n>p2 switch 5\n>p1 move discharge\n>p2 move toxic\n>p1 move discharge\n>p2 move banefulbunker\n>p1 move discharge\n>p2 move recover\n>p1 switch 4\n>p2 move recover\n>p1 move roost\n>p2 move banefulbunker\n>p1 move roost\n>p2 move toxic\n>p1 move honeclaws\n>p2 move banefulbunker\n>p1 move boltstrike\n>p2 switch 5\n>p1 move boltstrike\n>p2 move uturn\n>p2 switch 5\n>p2 switch 5\n>p1 move roost\n>p2 move ironhead\n>p1 switch 4\n>p1 move recover\n>p2 move ironhead\n>p1 switch 5\n>p1 move hurricane\n>p2 move zingzap\n>forcelose p1", "uploadtime": 1771184038, "views": 52, "formatid": "gen7randombattle", "rating": 1525, "private": 0, "password": null}