{"id": "gen7randombattle-2526368549", "format": "[Gen 7] Random Battle", "players": ["clickdontthink", "MadeInChina123"], "log": "|j|☆clickdontthink\n|j|☆MadeInChina123\n|t:|1769402790\n|gametype|singles\n|player|p1|clickdontthink|#rbtt9moons|1662\n|player|p2|MadeInChina123|teamrocket|1583\n|gen|7\n|tier|[Gen 7] Random Battle\n|rated|\n|rule|Sleep Clause Mod: Limit one foe put to sleep\n|rule|HP Percentage Mod: HP is shown in percentages\n|rule|Illusion Level Mod: Illusion disguises the Pokémon's true level\n|\n|t:|1769402790\n|teamsize|p1|6\n|teamsize|p2|6\n|start\n|switch|p1a: Kricketune|Kricketune, L97, M|306/306\n|switch|p2a: Kangaskhan|Kangaskhan, L75, F|281/281\n|turn|1\n|inactive|Battle timer is ON: inactive players will automatically lose when time's up. (requested by clickdontthink)\n|\n|t:|1769402815\n|switch|p1a: Alomomola|Alomomola, L87, F|429/429\n|detailschange|p2a: Kangaskhan|Kangaskhan-Mega, L75, F\n|-mega|p2a: Kangaskhan|Kangaskhan|Kangaskhanite\n|move|p2a: Kangaskhan|Fake Out|p1a: Alomomola\n|-damage|p1a: Alomomola|384/429\n|-damage|p2a: Kangaskhan|235/281|[from] item: Rocky Helmet|[of] p1a: Alomomola\n|-damage|p1a: Alomomola|374/429\n|-damage|p2a: Kangaskhan|189/281|[from] item: Rocky Helmet|[of] p1a: Alomomola\n|-hitcount|p1a: Alomomola|2\n|\n|upkeep\n|turn|2\n|\n|t:|1769402843\n|switch|p2a: Zapdos|Zapdos, L79|272/272\n|move|p1a: Alomomola|Toxic|p2a: Zapdos\n|-status|p2a: Zapdos|tox\n|\n|-damage|p2a: Zapdos|255/272 tox|[from] psn\n|upkeep\n|turn|3\n|\n|t:|1769402852\n|switch|p1a: Pikachu|Pikachu, L93, F|216/216\n|move|p2a: Zapdos|Toxic|p1a: Pikachu\n|-status|p1a: Pikachu|tox\n|\n|-heal|p2a: Zapdos|272/272 tox|[from] item: Leftovers\n|-damage|p1a: Pikachu|203/216 tox|[from] psn\n|-damage|p2a: Zapdos|238/272 tox|[from] psn\n|upkeep\n|turn|4\n|inactive|MadeInChina123 has 120 seconds left.\n|\n|t:|1769402891\n|switch|p2a: Dusknoir|Dusknoir, L89, F|225/225\n|-ability|p2a: Dusknoir|Pressure\n|move|p1a: Pikachu|Volt Tackle|p2a: Dusknoir\n|-damage|p2a: Dusknoir|74/225\n|-damage|p1a: Pikachu|153/216 tox|[from] Recoil\n|\n|-heal|p2a: Dusknoir|88/225|[from] item: Leftovers\n|-damage|p1a: Pikachu|127/216 tox|[from] psn\n|upkeep\n|turn|5\n|\n|t:|1769402903\n|switch|p1a: Kricketune|Kricketune, L97, M|306/306\n|move|p2a: Dusknoir|Shadow Sneak|p1a: Kricketune\n|-damage|p1a: Kricketune|246/306\n|\n|-heal|p2a: Dusknoir|102/225|[from] item: Leftovers\n|upkeep\n|turn|6\n|\n|t:|1769402911\n|move|p1a: Kricketune|Knock Off|p2a: Dusknoir\n|-supereffective|p2a: Dusknoir\n|-damage|p2a: Dusknoir|0 fnt\n|-enditem|p2a: Dusknoir|Leftovers|[from] move: Knock Off|[of] p1a: Kricketune\n|faint|p2a: Dusknoir\n|\n|upkeep\n|\n|t:|1769402918\n|switch|p2a: Shaymin|Shaymin-Sky, L73|266/266\n|turn|7\n|inactive|MadeInChina123 has 120 seconds left.\n|\n|t:|1769402926\n|switch|p1a: Solgaleo|Solgaleo, L73|320/320\n|move|p2a: Shaymin|Air Slash|p1a: Solgaleo|[miss]\n|-miss|p2a: Shaymin|p1a: Solgaleo\n|\n|upkeep\n|turn|8\n|inactive|MadeInChina123 has 120 seconds left.\n|\n|t:|1769402958\n|switch|p2a: Kangaskhan|Kangaskhan-Mega, L75, F|189/281\n|move|p1a: Solgaleo|Psychic|p2a: Kangaskhan\n|-damage|p2a: Kangaskhan|101/281\n|\n|upkeep\n|turn|9\n|\n|t:|1769402965\n|switch|p2a: Zapdos|Zapdos, L79|238/272 tox\n|switch|p1a: Alomomola|Alomomola, L87, F|429/429\n|\n|-heal|p2a: Zapdos|255/272 tox|[from] item: Leftovers\n|-damage|p2a: Zapdos|238/272 tox|[from] psn\n|upkeep\n|turn|10\n|\n|t:|1769402975\n|switch|p2a: Shaymin|Shaymin-Sky, L73|266/266\n|move|p1a: Alomomola|Protect||[still]\n|-fail|p1a: Alomomola\n|\n|upkeep\n|turn|11\n|\n|t:|1769402981\n|switch|p1a: Uxie|Uxie, L82|257/257\n|move|p2a: Shaymin|Seed Flare|p1a: Uxie\n|-damage|p1a: Uxie|118/257\n|-unboost|p1a: Uxie|spd|2\n|\n|-heal|p1a: Uxie|134/257|[from] item: Leftovers\n|upkeep\n|turn|12\n|inactive|MadeInChina123 has 120 seconds left.\n|\n|t:|1769402989\n|switch|p1a: Kricketune|Kricketune, L97, M|246/306\n|move|p2a: Shaymin|Seed Flare|p1a: Kricketune\n|-resisted|p1a: Kricketune\n|-damage|p1a: Kricketune|142/306\n|-unboost|p1a: Kricketune|spd|2\n|\n|upkeep\n|turn|13\n|\n|t:|1769402998\n|move|p2a: Shaymin|Seed Flare|p1a: Kricketune\n|-resisted|p1a: Kricketune\n|-damage|p1a: Kricketune|0 fnt\n|faint|p1a: Kricketune\n|\n|upkeep\n|\n|t:|1769403005\n|switch|p1a: Uxie|Uxie, L82|134/257\n|turn|14\n|\n|t:|1769403016\n|switch|p2a: Kangaskhan|Kangaskhan-Mega, L75, F|101/281\n|move|p1a: Uxie|Yawn|p2a: Kangaskhan\n|-start|p2a: Kangaskhan|move: Yawn|[of] p1a: Uxie\n|\n|-heal|p1a: Uxie|150/257|[from] item: Leftovers\n|upkeep\n|turn|15\n|\n|t:|1769403023\n|move|p1a: Uxie|Stealth Rock|p2a: Kangaskhan\n|-sidestart|p2: MadeInChina123|move: Stealth Rock\n|move|p2a: Kangaskhan|Seismic Toss|p1a: Uxie\n|-damage|p1a: Uxie|75/257\n|-damage|p1a: Uxie|0 fnt\n|faint|p1a: Uxie\n|-hitcount|p1: Uxie|2\n|\n|-end|p2a: Kangaskhan|move: Yawn|[silent]\n|-status|p2a: Kangaskhan|slp\n|upkeep\n|\n|t:|1769403030\n|switch|p1a: Cloyster|Cloyster, L80, M|211/211\n|turn|16\n|inactive|MadeInChina123 has 120 seconds left.\n|\n|t:|1769403070\n|switch|p2a: Nihilego|Nihilego, L79|302/302\n|-damage|p2a: Nihilego|265/302|[from] Stealth Rock\n|move|p1a: Cloyster|Shell Smash|p1a: Cloyster\n|-unboost|p1a: Cloyster|def|1\n|-unboost|p1a: Cloyster|spd|1\n|-boost|p1a: Cloyster|atk|2\n|-boost|p1a: Cloyster|spa|2\n|-boost|p1a: Cloyster|spe|2\n|-enditem|p1a: Cloyster|White Herb\n|-clearnegativeboost|p1a: Cloyster|[silent]\n|\n|upkeep\n|turn|17\n|inactive|MadeInChina123 has 120 seconds left.\n|\n|t:|1769403081\n|move|p1a: Cloyster|Icicle Spear|p2a: Nihilego\n|-crit|p2a: Nihilego\n|-damage|p2a: Nihilego|153/302\n|-damage|p2a: Nihilego|66/302\n|-damage|p2a: Nihilego|0 fnt\n|faint|p2a: Nihilego\n|-hitcount|p2: Nihilego|3\n|\n|upkeep\n|\n|t:|1769403104\n|switch|p2a: Huntail|Huntail, L85, F|232/232\n|-damage|p2a: Huntail|203/232|[from] Stealth Rock\n|turn|18\n|\n|t:|1769403121\n|move|p2a: Huntail|Sucker Punch|p1a: Cloyster\n|-damage|p1a: Cloyster|180/211\n|move|p1a: Cloyster|Icicle Spear|p2a: Huntail\n|-resisted|p2a: Huntail\n|-damage|p2a: Huntail|181/232\n|-resisted|p2a: Huntail\n|-damage|p2a: Huntail|161/232\n|-resisted|p2a: Huntail\n|-damage|p2a: Huntail|140/232\n|-resisted|p2a: Huntail\n|-damage|p2a: Huntail|118/232\n|-resisted|p2a: Huntail\n|-damage|p2a: Huntail|99/232\n|-hitcount|p2a: Huntail|5\n|\n|upkeep\n|turn|19\n|\n|t:|1769403127\n|move|p1a: Cloyster|Icicle Spear|p2a: Huntail\n|-resisted|p2a: Huntail\n|-damage|p2a: Huntail|79/232\n|-resisted|p2a: Huntail\n|-damage|p2a: Huntail|59/232\n|-resisted|p2a: Huntail\n|-damage|p2a: Huntail|38/232\n|-resisted|p2a: Huntail\n|-damage|p2a: Huntail|19/232\n|-resisted|p2a: Huntail\n|-damage|p2a: Huntail|0 fnt\n|faint|p2a: Huntail\n|-hitcount|p2: Huntail|5\n|\n|upkeep\n|\n|t:|1769403135\n|switch|p2a: Shaymin|Shaymin-Sky, L73|266/266\n|-damage|p2a: Shaymin|200/266|[from] Stealth Rock\n|turn|20\n|\n|t:|1769403138\n|move|p1a: Cloyster|Icicle Spear|p2a: Shaymin\n|-supereffective|p2a: Shaymin\n|-crit|p2a: Shaymin\n|-damage|p2a: Shaymin|0 fnt\n|faint|p2a: Shaymin\n|-hitcount|p2: Shaymin|1\n|\n|upkeep\n|\n|t:|1769403139\n|switch|p2a: Zapdos|Zapdos, L79|238/272 tox\n|-damage|p2a: Zapdos|170/272 tox|[from] Stealth Rock\n|turn|21\n|\n|t:|1769403141\n|move|p1a: Cloyster|Icicle Spear|p2a: Zapdos\n|-supereffective|p2a: Zapdos\n|-damage|p2a: Zapdos|66/272 tox\n|-supereffective|p2a: Zapdos\n|-damage|p2a: Zapdos|0 fnt\n|faint|p2a: Zapdos\n|-hitcount|p2: Zapdos|2\n|\n|upkeep\n|\n|t:|1769403144\n|switch|p2a: Kangaskhan|Kangaskhan-Mega, L75, F|101/281 slp\n|-damage|p2a: Kangaskhan|66/281 slp|[from] Stealth Rock\n|turn|22\n|\n|t:|1769403145\n|move|p1a: Cloyster|Icicle Spear|p2a: Kangaskhan\n|-damage|p2a: Kangaskhan|20/281 slp\n|-damage|p2a: Kangaskhan|0 fnt\n|faint|p2a: Kangaskhan\n|detailschange|p2: Kangaskhan|Kangaskhan, L75, F|[silent]\n|-hitcount|p2: Kangaskhan|2\n|\n|win|clickdontthink\n|raw|clickdontthink's rating: 1662 &rarr; <strong>1678</strong><br />(+16 for winning)\n|raw|MadeInChina123's rating: 1583 &rarr; <strong>1567</strong><br />(-16 for losing)\n|c|☆clickdontthink|gg\n|l|☆MadeInChina123\n|player|p2|\n", "inputlog": ">version b99ff0165a6231f17e8b78c2a78d1998375de664\n>start {\"formatid\":\"gen7randombattle\",\"seed\":\"sodium,5593070959802efb4d25c21cd2e9e342\",\"rated\":\"Rated battle\"}\n>player p1 {\"name\":\"clickdontthink\",\"avatar\":\"#rbtt9moons\",\"rating\":1662,\"seed\":\"sodium,8fe6ded890e3eb26eb0e6dfb38e64f9a\"}\n>player p2 {\"name\":\"MadeInChina123\",\"avatar\":\"teamrocket\",\"rating\":1583,\"seed\":\"sodium,57635f9390f12c1b3900307e6ea34f23\"}\n>p1 switch 4\n>p2 move fakeout mega\n>p1 move toxic\n>p2 switch 5\n>p1 switch 5\n>p2 move toxic\n>p1 move volttackle\n>p2 switch 6\n>p1 switch 4\n>p2 move shadowsneak\n>p1 move knockoff\n>p2 move painsplit\n>p2 switch 4\n>p1 switch 3\n>p2 move airslash\n>p1 move psychic\n>p2 switch 5\n>p1 switch 5\n>p2 switch 6\n>p1 move protect\n>p2 switch 5\n>p1 switch 2\n>p2 move seedflare\n>p1 switch 3\n>p2 move seedflare\n>p1 move knockoff\n>p2 move seedflare\n>p1 switch 3\n>p1 move yawn\n>p2 switch 6\n>p1 move stealthrock\n>p2 move seismictoss\n>p1 switch 6\n>p1 move shellsmash\n>p2 switch 3\n>p1 move iciclespear\n>p2 move powergem\n>p2 switch 2\n>p1 move iciclespear\n>p2 move suckerpunch\n>p1 move iciclespear\n>p2 move icebeam\n>p2 switch 6\n>p1 move iciclespear\n>p2 move seedflare\n>p2 switch 5\n>p1 move iciclespear\n>p2 move discharge\n>p2 switch 3\n>p1 move iciclespear\n>p2 move seismictoss", "uploadtime": 1769403153, "views": 181, "formatid": "gen7randombattle", "rating": 1567, "private": 0, "password": null}