{"id": "gen7randombattle-2530101514", "format": "[Gen 7] Random Battle", "players": ["Fr0stmourne", "I am G-d"], "log": "|j|☆Fr0stmourne\n|j|☆I am G-d\n|t:|1769876091\n|gametype|singles\n|player|p1|Fr0stmourne|steven|1497\n|player|p2|I am G-d|cynthia-masters|1579\n|gen|7\n|tier|[Gen 7] Random Battle\n|rated|\n|rule|Sleep Clause Mod: Limit one foe put to sleep\n|rule|HP Percentage Mod: HP is shown in percentages\n|rule|Illusion Level Mod: Illusion disguises the Pokémon's true level\n|\n|t:|1769876091\n|teamsize|p1|6\n|teamsize|p2|6\n|start\n|switch|p1a: Garbodor|Garbodor, L88, M|284/284\n|switch|p2a: Mantine|Mantine, L87, F|290/290\n|turn|1\n|inactive|Battle timer is ON: inactive players will automatically lose when time's up. (requested by Fr0stmourne)\n|\n|t:|1769876116\n|switch|p2a: Stantler|Stantler, L92, F|284/284\n|-ability|p2a: Stantler|Intimidate|boost\n|-unboost|p1a: Garbodor|atk|1\n|move|p1a: Garbodor|Toxic|p2a: Stantler\n|-status|p2a: Stantler|tox\n|\n|-damage|p2a: Stantler|267/284 tox|[from] psn\n|upkeep\n|turn|2\n|\n|t:|1769876139\n|switch|p1a: Gliscor|Gliscor, L78, M|245/245\n|move|p2a: Stantler|Earthquake|p1a: Gliscor\n|-immune|p1a: Gliscor\n|\n|-damage|p2a: Stantler|233/284 tox|[from] psn\n|-status|p1a: Gliscor|tox|[from] item: Toxic Orb\n|upkeep\n|turn|3\n|\n|t:|1769876152\n|switch|p2a: Quagsire|Quagsire, L87, M|307/307\n|move|p1a: Gliscor|Substitute|p1a: Gliscor\n|-start|p1a: Gliscor|Substitute\n|-damage|p1a: Gliscor|184/245 tox\n|\n|-heal|p1a: Gliscor|214/245 tox|[from] ability: Poison Heal\n|upkeep\n|turn|4\n|\n|t:|1769876156\n|move|p1a: Gliscor|Toxic|p2a: Quagsire\n|-status|p2a: Quagsire|tox\n|move|p2a: Quagsire|Scald|p1a: Gliscor\n|-supereffective|p1a: Gliscor\n|-end|p1a: Gliscor|Substitute\n|\n|-heal|p1a: Gliscor|244/245 tox|[from] ability: Poison Heal\n|-damage|p2a: Quagsire|288/307 tox|[from] psn\n|upkeep\n|turn|5\n|\n|t:|1769876172\n|switch|p2a: Stantler|Stantler, L92, F|233/284 tox\n|-ability|p2a: Stantler|Intimidate|boost\n|-unboost|p1a: Gliscor|atk|1\n|move|p1a: Gliscor|Protect||[still]\n|-fail|p1a: Gliscor\n|\n|-damage|p2a: Stantler|216/284 tox|[from] psn\n|-heal|p1a: Gliscor|245/245 tox|[from] ability: Poison Heal\n|upkeep\n|turn|6\n|\n|t:|1769876184\n|move|p1a: Gliscor|Protect|p1a: Gliscor\n|-singleturn|p1a: Gliscor|Protect\n|move|p2a: Stantler|Double-Edge|p1a: Gliscor\n|-activate|p1a: Gliscor|move: Protect\n|\n|-damage|p2a: Stantler|182/284 tox|[from] psn\n|upkeep\n|turn|7\n|\n|t:|1769876189\n|move|p2a: Stantler|Double-Edge|p1a: Gliscor\n|-damage|p1a: Gliscor|64/245 tox\n|-damage|p2a: Stantler|122/284 tox|[from] Recoil\n|move|p1a: Gliscor|Substitute|p1a: Gliscor\n|-start|p1a: Gliscor|Substitute\n|-damage|p1a: Gliscor|3/245 tox\n|\n|-damage|p2a: Stantler|71/284 tox|[from] psn\n|-heal|p1a: Gliscor|33/245 tox|[from] ability: Poison Heal\n|upkeep\n|turn|8\n|\n|t:|1769876192\n|move|p1a: Gliscor|Protect|p1a: Gliscor\n|-singleturn|p1a: Gliscor|Protect\n|move|p2a: Stantler|Double-Edge|p1a: Gliscor\n|-activate|p1a: Gliscor|move: Protect\n|\n|-damage|p2a: Stantler|3/284 tox|[from] psn\n|-heal|p1a: Gliscor|63/245 tox|[from] ability: Poison Heal\n|upkeep\n|turn|9\n|\n|t:|1769876199\n|move|p1a: Gliscor|Protect||[still]\n|-fail|p1a: Gliscor\n|move|p2a: Stantler|Double-Edge|p1a: Gliscor\n|-end|p1a: Gliscor|Substitute\n|-damage|p2a: Stantler|0 fnt|[from] Recoil|[of] p1a: Gliscor\n|faint|p2a: Stantler\n|\n|-heal|p1a: Gliscor|93/245 tox|[from] ability: Poison Heal\n|upkeep\n|\n|t:|1769876209\n|switch|p2a: Quagsire|Quagsire, L87, M|238/238\n|turn|10\n|\n|t:|1769876215\n|move|p1a: Gliscor|Protect|p1a: Gliscor\n|-singleturn|p1a: Gliscor|Protect\n|move|p2a: Quagsire|Dark Pulse|p1a: Gliscor\n|-activate|p1a: Gliscor|move: Protect\n|\n|-heal|p1a: Gliscor|123/245 tox|[from] ability: Poison Heal\n|upkeep\n|turn|11\n|\n|t:|1769876218\n|move|p2a: Quagsire|Dark Pulse|p1a: Gliscor\n|-damage|p1a: Gliscor|0 fnt\n|faint|p1a: Gliscor\n|\n|upkeep\n|\n|t:|1769876224\n|switch|p1a: Hitmontop|Hitmontop, L90, M|236/236\n|-ability|p1a: Hitmontop|Intimidate|boost\n|-unboost|p2a: Quagsire|atk|1\n|turn|12\n|\n|t:|1769876228\n|switch|p2a: Mantine|Mantine, L87, F|290/290\n|move|p1a: Hitmontop|Close Combat|p2a: Mantine\n|-resisted|p2a: Mantine\n|-damage|p2a: Mantine|209/290\n|-unboost|p1a: Hitmontop|def|1\n|-unboost|p1a: Hitmontop|spd|1\n|\n|-heal|p2a: Mantine|227/290|[from] item: Leftovers\n|upkeep\n|turn|13\n|\n|t:|1769876238\n|switch|p1a: Kecleon|Kecleon, L90, F|254/254\n|move|p2a: Mantine|Scald|p1a: Kecleon\n|-damage|p1a: Kecleon|215/254\n|-status|p1a: Kecleon|brn\n|\n|-heal|p2a: Mantine|245/290|[from] item: Leftovers\n|-damage|p1a: Kecleon|200/254 brn|[from] brn\n|upkeep\n|turn|14\n|\n|t:|1769876250\n|switch|p2a: Conkeldurr|Conkeldurr, L81, F|303/303\n|move|p1a: Kecleon|Fake Out|p2a: Conkeldurr\n|-damage|p2a: Conkeldurr|282/303\n|\n|-damage|p1a: Kecleon|185/254 brn|[from] brn\n|-status|p2a: Conkeldurr|brn|[from] item: Flame Orb\n|upkeep\n|turn|15\n|\n|t:|1769876256\n|move|p1a: Kecleon|Knock Off|p2a: Conkeldurr\n|-start|p1a: Kecleon|typechange|Dark|[from] ability: Protean\n|-resisted|p2a: Conkeldurr\n|-damage|p2a: Conkeldurr|255/303 brn\n|-enditem|p2a: Conkeldurr|Flame Orb|[from] move: Knock Off|[of] p1a: Kecleon\n|move|p2a: Conkeldurr|Drain Punch|p1a: Kecleon\n|-supereffective|p1a: Kecleon\n|-damage|p1a: Kecleon|0 fnt\n|-heal|p2a: Conkeldurr|303/303 brn|[from] drain|[of] p1a: Kecleon\n|faint|p1a: Kecleon\n|\n|-damage|p2a: Conkeldurr|285/303 brn|[from] brn\n|upkeep\n|\n|t:|1769876269\n|switch|p1a: Cinccino|Cinccino, L84, F|263/263\n|turn|16\n|\n|t:|1769876274\n|move|p1a: Cinccino|Tail Slap|p2a: Conkeldurr|[miss]\n|-miss|p1a: Cinccino|p2a: Conkeldurr\n|move|p2a: Conkeldurr|Drain Punch|p1a: Cinccino\n|-supereffective|p1a: Cinccino\n|-crit|p1a: Cinccino\n|-damage|p1a: Cinccino|0 fnt\n|-heal|p2a: Conkeldurr|303/303 brn|[from] drain|[of] p1a: Cinccino\n|faint|p1a: Cinccino\n|\n|-damage|p2a: Conkeldurr|285/303 brn|[from] brn\n|upkeep\n|\n|t:|1769876282\n|switch|p1a: Hitmontop|Hitmontop, L90, M|236/236\n|-ability|p1a: Hitmontop|Intimidate|boost\n|-unboost|p2a: Conkeldurr|atk|1\n|turn|17\n|\n|t:|1769876285\n|switch|p2a: Mantine|Mantine, L87, F|245/290\n|move|p1a: Hitmontop|Close Combat|p2a: Mantine\n|-resisted|p2a: Mantine\n|-damage|p2a: Mantine|156/290\n|-unboost|p1a: Hitmontop|def|1\n|-unboost|p1a: Hitmontop|spd|1\n|\n|-heal|p2a: Mantine|174/290|[from] item: Leftovers\n|upkeep\n|turn|18\n|\n|t:|1769876289\n|move|p1a: Hitmontop|Stone Edge|p2a: Mantine|[miss]\n|-miss|p1a: Hitmontop|p2a: Mantine\n|move|p2a: Mantine|Scald|p1a: Hitmontop\n|-damage|p1a: Hitmontop|169/236\n|\n|-heal|p2a: Mantine|192/290|[from] item: Leftovers\n|upkeep\n|turn|19\n|\n|t:|1769876291\n|move|p1a: Hitmontop|Stone Edge|p2a: Mantine\n|-supereffective|p2a: Mantine\n|-damage|p2a: Mantine|6/290\n|move|p2a: Mantine|Scald|p1a: Hitmontop\n|-damage|p1a: Hitmontop|102/236\n|\n|-heal|p2a: Mantine|24/290|[from] item: Leftovers\n|upkeep\n|turn|20\n|\n|t:|1769876295\n|switch|p2a: Quagsire|Quagsire, L87, M|288/307 tox\n|move|p1a: Hitmontop|Close Combat|p2a: Quagsire\n|-crit|p2a: Quagsire\n|-damage|p2a: Quagsire|77/307 tox\n|-unboost|p1a: Hitmontop|def|1\n|-unboost|p1a: Hitmontop|spd|1\n|\n|-heal|p2a: Quagsire|96/307 tox|[from] item: Leftovers\n|-damage|p2a: Quagsire|77/307 tox|[from] psn\n|upkeep\n|turn|21\n|\n|t:|1769876306\n|move|p1a: Hitmontop|Close Combat|p2a: Quagsire\n|-damage|p2a: Quagsire|0 fnt\n|-unboost|p1a: Hitmontop|def|1\n|-unboost|p1a: Hitmontop|spd|1\n|faint|p2a: Quagsire\n|\n|upkeep\n|\n|t:|1769876311\n|switch|p2a: Absol|Absol, L82, M|241/241\n|turn|22\n|\n|t:|1769876315\n|switch|p1a: Scolipede|Scolipede, L80, F|227/227\n|detailschange|p2a: Absol|Absol-Mega, L82, M\n|-mega|p2a: Absol|Absol|Absolite\n|move|p2a: Absol|Play Rough|p1a: Scolipede\n|-resisted|p1a: Scolipede\n|-damage|p1a: Scolipede|181/227\n|\n|upkeep\n|turn|23\n|\n|t:|1769876334\n|move|p2a: Absol|Knock Off|p1a: Scolipede\n|-damage|p1a: Scolipede|28/227\n|-enditem|p1a: Scolipede|Life Orb|[from] move: Knock Off|[of] p2a: Absol\n|move|p1a: Scolipede|Megahorn|p2a: Absol\n|-supereffective|p2a: Absol\n|-damage|p2a: Absol|0 fnt\n|faint|p2a: Absol\n|detailschange|p2: Absol|Absol, L82, M|[silent]\n|\n|-ability|p1a: Scolipede|Speed Boost|boost\n|-boost|p1a: Scolipede|spe|1\n|upkeep\n|\n|t:|1769876343\n|switch|p2a: Mantine|Mantine, L87, F|238/238\n|turn|24\n|\n|t:|1769876353\n|switch|p2a: Conkeldurr|Conkeldurr, L81, F|285/303 brn\n|move|p1a: Scolipede|Megahorn|p2a: Conkeldurr\n|-resisted|p2a: Conkeldurr\n|-damage|p2a: Conkeldurr|226/303 brn\n|\n|-damage|p2a: Conkeldurr|208/303 brn|[from] brn\n|-ability|p1a: Scolipede|Speed Boost|boost\n|-boost|p1a: Scolipede|spe|1\n|upkeep\n|turn|25\n|\n|t:|1769876362\n|switch|p1a: Garbodor|Garbodor, L88, M|284/284\n|move|p2a: Conkeldurr|Mach Punch|p1a: Garbodor\n|-resisted|p1a: Garbodor\n|-damage|p1a: Garbodor|240/284\n|\n|-heal|p1a: Garbodor|257/284|[from] item: Black Sludge\n|-damage|p2a: Conkeldurr|190/303 brn|[from] brn\n|upkeep\n|turn|26\n|\n|t:|1769876373\n|move|p1a: Garbodor|Gunk Shot|p2a: Conkeldurr\n|-damage|p2a: Conkeldurr|61/303 brn\n|move|p2a: Conkeldurr|Facade|p1a: Garbodor\n|-damage|p1a: Garbodor|63/284\n|\n|-heal|p1a: Garbodor|80/284|[from] item: Black Sludge\n|-damage|p2a: Conkeldurr|43/303 brn|[from] brn\n|upkeep\n|turn|27\n|\n|t:|1769876393\n|move|p2a: Conkeldurr|Mach Punch|p1a: Garbodor\n|-resisted|p1a: Garbodor\n|-damage|p1a: Garbodor|43/284\n|move|p1a: Garbodor|Stomping Tantrum|p2a: Conkeldurr\n|-damage|p2a: Conkeldurr|0 fnt\n|faint|p2a: Conkeldurr\n|\n|-heal|p1a: Garbodor|60/284|[from] item: Black Sludge\n|upkeep\n|\n|t:|1769876404\n|switch|p2a: Mantine|Mantine, L87, F|238/238\n|turn|28\n|\n|t:|1769876413\n|move|p2a: Mantine|Dark Pulse|p1a: Garbodor\n|-damage|p1a: Garbodor|0 fnt\n|faint|p1a: Garbodor\n|\n|upkeep\n|\n|t:|1769876418\n|switch|p1a: Scolipede|Scolipede, L80, F|28/227\n|turn|29\n|\n|t:|1769876421\n|move|p2a: Mantine|Dark Pulse|p1a: Scolipede\n|-damage|p1a: Scolipede|0 fnt\n|faint|p1a: Scolipede\n|\n|upkeep\n|\n|t:|1769876423\n|switch|p1a: Hitmontop|Hitmontop, L90, M|102/236\n|-ability|p1a: Hitmontop|Intimidate|boost\n|-unboost|p2a: Mantine|atk|1\n|turn|30\n|\n|t:|1769876426\n|switch|p2a: Mantine|Mantine, L87, F|24/290\n|move|p1a: Hitmontop|Close Combat|p2a: Mantine\n|-resisted|p2a: Mantine\n|-damage|p2a: Mantine|0 fnt\n|-unboost|p1a: Hitmontop|def|1\n|-unboost|p1a: Hitmontop|spd|1\n|faint|p2a: Mantine\n|\n|upkeep\n|\n|t:|1769876431\n|switch|p2a: Zoroark|Zoroark, L84, M|238/238\n|turn|31\n|\n|t:|1769876441\n|move|p2a: Zoroark|Flamethrower|p1a: Hitmontop\n|-damage|p1a: Hitmontop|17/236\n|move|p1a: Hitmontop|Close Combat|p2a: Zoroark\n|-supereffective|p2a: Zoroark\n|-damage|p2a: Zoroark|0 fnt\n|-unboost|p1a: Hitmontop|def|1\n|-unboost|p1a: Hitmontop|spd|1\n|faint|p2a: Zoroark\n|\n|win|Fr0stmourne\n|raw|Fr0stmourne's rating: 1497 &rarr; <strong>1522</strong><br />(+25 for winning)\n|raw|I am G-d's rating: 1579 &rarr; <strong>1554</strong><br />(-25 for losing)\n|c|☆Fr0stmourne|ez\n|l|☆I am G-d\n|player|p2|\n|j|☆I am G-d\n|player|p2|I am G-d|cynthia-masters|\n", "inputlog": ">version b99ff0165a6231f17e8b78c2a78d1998375de664\n>start {\"formatid\":\"gen7randombattle\",\"seed\":\"sodium,4ef5259266f3a69121e39415b69fae5e\",\"rated\":\"Rated battle\"}\n>player p1 {\"name\":\"Fr0stmourne\",\"avatar\":\"steven\",\"rating\":1497,\"seed\":\"sodium,fd6c14e35144c98f08c4e53029e6bebd\"}\n>player p2 {\"name\":\"I am G-d\",\"avatar\":\"cynthia-masters\",\"rating\":1579,\"seed\":\"sodium,0ccff3cf9ae7613d5c23ea05ad5715ef\"}\n>p1 move toxic\n>p2 switch 2\n>p1 switch 4\n>p2 move earthquake\n>p1 move substitute\n>p2 switch 6\n>p1 move toxic\n>p2 move scald\n>p1 move protect\n>p2 switch 6\n>p1 move protect\n>p2 move doubleedge\n>p1 move substitute\n>p2 move doubleedge\n>p1 move protect\n>p2 move doubleedge\n>p1 move protect\n>p2 move doubleedge\n>p2 switch 5\n>p1 move protect\n>p2 move darkpulse\n>p1 move toxic\n>p2 move darkpulse\n>p1 switch 5\n>p1 move closecombat\n>p2 switch 2\n>p1 switch 2\n>p2 move scald\n>p1 move fakeout\n>p2 switch 3\n>p1 move knockoff\n>p2 move drainpunch\n>p1 switch 6\n>p1 move tailslap\n>p2 move drainpunch\n>p1 switch 2\n>p1 move closecombat\n>p2 switch 3\n>p1 move stoneedge\n>p2 move scald\n>p1 move stoneedge\n>p2 move scald\n>p1 move closecombat\n>p2 switch 6\n>p1 move closecombat\n>p2 move scald\n>p2 switch 4\n>p1 switch 3\n>p2 move playrough mega\n>p1 move megahorn\n>p2 move knockoff\n>p2 switch 2\n>p1 move megahorn\n>p2 switch 3\n>p1 switch 4\n>p2 move machpunch\n>p1 move gunkshot\n>p2 move facade\n>p1 move stompingtantrum\n>p2 move machpunch\n>p2 switch 3\n>p1 move painsplit\n>p2 move darkpulse\n>p1 switch 4\n>p1 move megahorn\n>p2 move darkpulse\n>p1 switch 3\n>p1 move closecombat\n>p2 switch 6\n>p2 switch 6\n>p1 move closecombat\n>p2 move flamethrower", "uploadtime": 1769876654, "views": 187, "formatid": "gen7randombattle", "rating": 1522, "private": 0, "password": null}