{"id": "gen7randombattle-2534248134", "format": "[Gen 7] Random Battle", "players": ["MimikyuTrainerAsh", "walterszr"], "log": "|j|☆MimikyuTrainerAsh\n|j|☆walterszr\n|t:|1770401533\n|gametype|singles\n|player|p1|MimikyuTrainerAsh|pokekid|1586\n|player|p2|walterszr|101|1750\n|gen|7\n|tier|[Gen 7] Random Battle\n|rated|\n|rule|Sleep Clause Mod: Limit one foe put to sleep\n|rule|HP Percentage Mod: HP is shown in percentages\n|rule|Illusion Level Mod: Illusion disguises the Pokémon's true level\n|\n|t:|1770401533\n|teamsize|p1|6\n|teamsize|p2|6\n|start\n|switch|p1a: Clefable|Clefable, L83, M|293/293\n|switch|p2a: Whimsicott|Whimsicott, L87, M|246/246\n|turn|1\n|inactive|Battle timer is ON: inactive players will automatically lose when time's up. (requested by MimikyuTrainerAsh)\n|\n|t:|1770401545\n|move|p2a: Whimsicott|Substitute|p2a: Whimsicott\n|-start|p2a: Whimsicott|Substitute\n|-damage|p2a: Whimsicott|185/246\n|move|p1a: Clefable|Stealth Rock|p2a: Whimsicott\n|-sidestart|p2: walterszr|move: Stealth Rock\n|\n|-heal|p2a: Whimsicott|200/246|[from] item: Leftovers\n|upkeep\n|turn|2\n|\n|t:|1770401551\n|move|p2a: Whimsicott|Encore|p1a: Clefable\n|-start|p1a: Clefable|Encore\n|move|p1a: Clefable|Stealth Rock||[still]\n|-fail|p1a: Clefable\n|\n|-heal|p2a: Whimsicott|215/246|[from] item: Leftovers\n|upkeep\n|turn|3\n|\n|t:|1770401562\n|switch|p1a: Tentacruel|Tentacruel, L83, F|268/268\n|move|p2a: Whimsicott|Leech Seed|p1a: Tentacruel\n|-start|p1a: Tentacruel|move: Leech Seed\n|\n|-heal|p2a: Whimsicott|230/246|[from] item: Leftovers\n|-damage|p1a: Tentacruel|235/268|[from] Leech Seed|[of] p2a: Whimsicott\n|-heal|p2a: Whimsicott|246/246|[silent]\n|upkeep\n|turn|4\n|\n|t:|1770401571\n|switch|p1a: Rotom|Rotom-Heat, L84|221/221\n|move|p2a: Whimsicott|Moonblast|p1a: Rotom\n|-resisted|p1a: Rotom\n|-damage|p1a: Rotom|185/221\n|-unboost|p1a: Rotom|spa|1\n|\n|-heal|p1a: Rotom|198/221|[from] item: Leftovers\n|upkeep\n|turn|5\n|\n|t:|1770401574\n|move|p2a: Whimsicott|Leech Seed|p1a: Rotom\n|-start|p1a: Rotom|move: Leech Seed\n|move|p1a: Rotom|Volt Switch|p2a: Whimsicott\n|-resisted|p2a: Whimsicott\n|-activate|p2a: Whimsicott|move: Substitute|[damage]\n|\n|t:|1770401584\n|switch|p1a: Kartana|Kartana, L74|209/209|[from] Volt Switch\n|\n|upkeep\n|turn|6\n|\n|t:|1770401605\n|move|p2a: Whimsicott|Moonblast|p1a: Kartana\n|-resisted|p1a: Kartana\n|-damage|p1a: Kartana|110/209\n|-unboost|p1a: Kartana|spa|1\n|move|p1a: Kartana|Smart Strike|p2a: Whimsicott\n|-supereffective|p2a: Whimsicott\n|-end|p2a: Whimsicott|Substitute\n|\n|upkeep\n|turn|7\n|\n|t:|1770401615\n|switch|p2a: Unown|Unown-G|258/258\n|-damage|p2a: Unown|226/258|[from] Stealth Rock\n|move|p1a: Kartana|Smart Strike|p2a: Unown\n|-damage|p2a: Unown|54/258\n|\n|upkeep\n|turn|8\n|\n|t:|1770401618\n|move|p1a: Kartana|Smart Strike|p2a: Unown\n|-damage|p2a: Unown|0 fnt\n|faint|p2a: Unown\n|-ability|p1a: Kartana|Beast Boost|boost\n|-boost|p1a: Kartana|atk|1\n|\n|upkeep\n|c|☆MimikyuTrainerAsh|using 100% of our brains i see\n|inactive|walterszr has 120 seconds left.\n|\n|t:|1770401650\n|switch|p2a: Azelf|Azelf, L82|257/257\n|-damage|p2a: Azelf|225/257|[from] Stealth Rock\n|turn|9\n|\n|t:|1770401657\n|switch|p1a: Rotom|Rotom-Heat, L84|198/221\n|move|p2a: Azelf|Psychic|p1a: Rotom\n|-damage|p1a: Rotom|107/221\n|\n|-heal|p2a: Azelf|241/257|[from] item: Leftovers\n|-heal|p1a: Rotom|120/221|[from] item: Leftovers\n|upkeep\n|turn|10\n|\n|t:|1770401664\n|move|p2a: Azelf|Psychic|p1a: Rotom\n|-damage|p1a: Rotom|18/221\n|move|p1a: Rotom|Pain Split|p2a: Azelf\n|-sethp|p2a: Azelf|129/257|[from] move: Pain Split|[silent]\n|-sethp|p1a: Rotom|129/221|[from] move: Pain Split\n|\n|-heal|p2a: Azelf|145/257|[from] item: Leftovers\n|-heal|p1a: Rotom|142/221|[from] item: Leftovers\n|upkeep\n|turn|11\n|\n|t:|1770401668\n|move|p2a: Azelf|Psychic|p1a: Rotom\n|-damage|p1a: Rotom|39/221\n|move|p1a: Rotom|Overheat|p2a: Azelf\n|-damage|p2a: Azelf|0 fnt\n|-unboost|p1a: Rotom|spa|2\n|faint|p2a: Azelf\n|\n|-heal|p1a: Rotom|52/221|[from] item: Leftovers\n|upkeep\n|\n|t:|1770401674\n|switch|p2a: Komala|Komala, L88, F|258/258\n|-damage|p2a: Komala|226/258|[from] Stealth Rock\n|-ability|p2a: Komala|Comatose\n|turn|12\n|\n|t:|1770401679\n|move|p1a: Rotom|Pain Split|p2a: Komala\n|-sethp|p2a: Komala|139/258|[from] move: Pain Split|[silent]\n|-sethp|p1a: Rotom|139/221|[from] move: Pain Split\n|move|p2a: Komala|Return|p1a: Rotom\n|-damage|p1a: Rotom|0 fnt\n|faint|p1a: Rotom\n|\n|upkeep\n|\n|t:|1770401684\n|switch|p1a: Kartana|Kartana, L74|110/209\n|turn|13\n|\n|t:|1770401697\n|move|p1a: Kartana|Smart Strike|p2a: Komala\n|-damage|p2a: Komala|0 fnt\n|faint|p2a: Komala\n|-ability|p1a: Kartana|Beast Boost|boost\n|-boost|p1a: Kartana|atk|1\n|\n|upkeep\n|\n|t:|1770401700\n|switch|p2a: Masquerain|Masquerain, L87, F|263/263\n|-damage|p2a: Masquerain|132/263|[from] Stealth Rock\n|-ability|p2a: Masquerain|Intimidate|boost\n|-unboost|p1a: Kartana|atk|1\n|turn|14\n|\n|t:|1770401704\n|move|p1a: Kartana|Smart Strike|p2a: Masquerain\n|-damage|p2a: Masquerain|0 fnt\n|faint|p2a: Masquerain\n|-ability|p1a: Kartana|Beast Boost|boost\n|-boost|p1a: Kartana|atk|1\n|\n|upkeep\n|\n|t:|1770401708\n|switch|p2a: Whimsicott|Whimsicott, L87, M|246/246\n|-damage|p2a: Whimsicott|216/246|[from] Stealth Rock\n|turn|15\n|c|☆MimikyuTrainerAsh|it’s wraps\n|\n|t:|1770401712\n|move|p2a: Whimsicott|Moonblast|p1a: Kartana\n|-resisted|p1a: Kartana\n|-damage|p1a: Kartana|8/209\n|move|p1a: Kartana|Smart Strike|p2a: Whimsicott\n|-supereffective|p2a: Whimsicott\n|-damage|p2a: Whimsicott|0 fnt\n|faint|p2a: Whimsicott\n|-ability|p1a: Kartana|Beast Boost|boost\n|-boost|p1a: Kartana|atk|1\n|\n|upkeep\n|\n|t:|1770401716\n|switch|p2a: Scrafty|Scrafty, L84, F|246/246\n|-damage|p2a: Scrafty|231/246|[from] Stealth Rock\n|-ability|p2a: Scrafty|Intimidate|boost\n|-unboost|p1a: Kartana|atk|1\n|turn|16\n|\n|t:|1770401719\n|move|p1a: Kartana|Smart Strike|p2a: Scrafty\n|-damage|p2a: Scrafty|66/246\n|move|p2a: Scrafty|Dragon Dance|p2a: Scrafty\n|-boost|p2a: Scrafty|atk|1\n|-boost|p2a: Scrafty|spe|1\n|\n|-heal|p2a: Scrafty|81/246|[from] item: Leftovers\n|upkeep\n|turn|17\n|\n|t:|1770401723\n|move|p2a: Scrafty|Drain Punch|p1a: Kartana\n|-supereffective|p1a: Kartana\n|-damage|p1a: Kartana|0 fnt\n|-heal|p2a: Scrafty|85/246|[from] drain|[of] p1a: Kartana\n|faint|p1a: Kartana\n|\n|-heal|p2a: Scrafty|100/246|[from] item: Leftovers\n|upkeep\n|c|☆MimikyuTrainerAsh|why did you save\n|c|☆MimikyuTrainerAsh|your ONLY counter\n|c|☆MimikyuTrainerAsh|until the end?\n|c|☆MimikyuTrainerAsh|now unaware clefable kills you\n|\n|t:|1770401745\n|switch|p1a: Clefable|Clefable, L83, M|293/293\n|turn|18\n|\n|t:|1770401747\n|move|p2a: Scrafty|Iron Head|p1a: Clefable\n|-supereffective|p1a: Clefable\n|-damage|p1a: Clefable|181/293\n|move|p1a: Clefable|Moonblast|p2a: Scrafty\n|-supereffective|p2a: Scrafty\n|-damage|p2a: Scrafty|0 fnt\n|faint|p2a: Scrafty\n|\n|win|MimikyuTrainerAsh\n|raw|MimikyuTrainerAsh's rating: 1586 &rarr; <strong>1615</strong><br />(+29 for winning)\n|raw|walterszr's rating: 1750 &rarr; <strong>1721</strong><br />(-29 for losing)\n", "inputlog": ">version ccdc32dd7cde25fd9e4bed64820e885f66e78a4e\n>start {\"formatid\":\"gen7randombattle\",\"seed\":\"sodium,9b7b1bb369aefcfb7fc1c980187cb188\",\"rated\":\"Rated battle\"}\n>player p1 {\"name\":\"MimikyuTrainerAsh\",\"avatar\":\"pokekid\",\"rating\":1586,\"seed\":\"sodium,fd88f5130ff96eb456802d4eccd0c0b4\"}\n>player p2 {\"name\":\"walterszr\",\"avatar\":\"101\",\"rating\":1750,\"seed\":\"sodium,4ee11756e15afd5aed8cd039b6be75a1\"}\n>p1 move stealthrock\n>p2 move substitute\n>p1 move moonblast\n>p2 move encore\n>p1 switch 6\n>p2 move leechseed\n>p1 switch 4\n>p2 move moonblast\n>p1 move voltswitch\n>p2 move leechseed\n>p1 switch 5\n>p1 move smartstrike\n>p2 move moonblast\n>p1 move smartstrike\n>p2 switch 6\n>p1 move smartstrike\n>p2 move hiddenpower\n>chat ☆MimikyuTrainerAsh|using 100% of our brains i see \n>p2 switch 2\n>p1 switch 5\n>p2 move psychic\n>p1 move painsplit\n>p2 move psychic\n>p1 move overheat\n>p2 move psychic\n>p2 switch 4\n>p1 move painsplit\n>p2 move return\n>p1 switch 5\n>p1 move smartstrike\n>p2 move return\n>p2 switch 3\n>p1 move smartstrike\n>p2 move quiverdance\n>p2 switch 6\n>chat ☆MimikyuTrainerAsh|it’s wraps \n>p1 move smartstrike\n>p2 move moonblast\n>p2 switch 5\n>p1 move smartstrike\n>p2 move dragondance\n>p1 move smartstrike\n>p2 move drainpunch\n>chat ☆MimikyuTrainerAsh|why did you save \n>chat ☆MimikyuTrainerAsh|your ONLY counter\n>chat ☆MimikyuTrainerAsh|until the end?\n>chat ☆MimikyuTrainerAsh|now unaware clefable kills you\n>p1 switch 6\n>p1 move moonblast\n>p2 move ironhead", "uploadtime": 1770401751, "views": 216, "formatid": "gen7randombattle", "rating": 1615, "private": 0, "password": null}