{"id": "gen7randombattle-2529641415", "format": "[Gen 7] Random Battle", "players": ["La.Hellhound", "beckywiththebraids"], "log": "|j|‽La.Hellhound\n|j|☆beckywiththebraids\n|t:|1769806949\n|gametype|singles\n|player|p1|La.Hellhound|bruno|1721\n|player|p2|beckywiththebraids|2|1753\n|gen|7\n|tier|[Gen 7] Random Battle\n|rated|\n|rule|Sleep Clause Mod: Limit one foe put to sleep\n|rule|HP Percentage Mod: HP is shown in percentages\n|rule|Illusion Level Mod: Illusion disguises the Pokémon's true level\n|\n|t:|1769806949\n|teamsize|p1|6\n|teamsize|p2|6\n|start\n|switch|p1a: Dedenne|Dedenne, L91, M|270/270\n|switch|p2a: Xerneas|Xerneas, L65|272/272\n|-ability|p2a: Xerneas|Fairy Aura\n|turn|1\n|inactive|Battle timer is ON: inactive players will automatically lose when time's up. (requested by La.Hellhound)\n|inactive|La.Hellhound has 120 seconds left.\n|inactive|La.Hellhound has 90 seconds left.\n|\n|t:|1769807038\n|switch|p2a: Lapras|Lapras, L88, F|372/372\n|move|p1a: Dedenne|Toxic|p2a: Lapras\n|-status|p2a: Lapras|tox\n|\n|-damage|p2a: Lapras|349/372 tox|[from] psn\n|upkeep\n|turn|2\n|inactive|La.Hellhound has 120 seconds left.\n|\n|t:|1769807055\n|switch|p1a: Dugtrio|Dugtrio-Alola, L84, M|196/196\n|move|p2a: Lapras|Toxic|p1a: Dugtrio\n|-immune|p1a: Dugtrio\n|\n|-heal|p2a: Lapras|372/372 tox|[from] item: Leftovers\n|-damage|p2a: Lapras|326/372 tox|[from] psn\n|upkeep\n|turn|3\n|inactive|La.Hellhound has 120 seconds left.\n|\n|t:|1769807065\n|switch|p1a: Bruxish|Bruxish, L85, M|254/254\n|move|p2a: Lapras|Hydro Pump|p1a: Bruxish\n|-resisted|p1a: Bruxish\n|-damage|p1a: Bruxish|190/254\n|\n|-heal|p2a: Lapras|349/372 tox|[from] item: Leftovers\n|-damage|p2a: Lapras|280/372 tox|[from] psn\n|upkeep\n|turn|4\n|\n|t:|1769807074\n|switch|p2a: Arceus|Arceus-Psychic, L72|292/292\n|move|p1a: Bruxish|Psychic Fangs|p2a: Arceus\n|-resisted|p2a: Arceus\n|-damage|p2a: Arceus|202/292\n|-damage|p1a: Bruxish|165/254|[from] item: Life Orb\n|\n|upkeep\n|turn|5\n|\n|t:|1769807084\n|move|p2a: Arceus|Recover|p2a: Arceus\n|-heal|p2a: Arceus|292/292\n|move|p1a: Bruxish|Crunch|p2a: Arceus\n|-supereffective|p2a: Arceus\n|-damage|p2a: Arceus|53/292\n|-damage|p1a: Bruxish|140/254|[from] item: Life Orb\n|\n|upkeep\n|turn|6\n|\n|t:|1769807095\n|switch|p2a: Lapras|Lapras, L88, F|280/372 tox\n|switch|p1a: Dedenne|Dedenne, L91, M|270/270\n|\n|-heal|p2a: Lapras|303/372 tox|[from] item: Leftovers\n|-damage|p2a: Lapras|280/372 tox|[from] psn\n|upkeep\n|turn|7\n|\n|t:|1769807105\n|move|p1a: Dedenne|Protect|p1a: Dedenne\n|-singleturn|p1a: Dedenne|Protect\n|move|p2a: Lapras|Toxic|p1a: Dedenne\n|-activate|p1a: Dedenne|move: Protect\n|\n|-heal|p2a: Lapras|303/372 tox|[from] item: Leftovers\n|-damage|p2a: Lapras|257/372 tox|[from] psn\n|upkeep\n|turn|8\n|\n|t:|1769807114\n|switch|p1a: Bruxish|Bruxish, L85, M|140/254\n|move|p2a: Lapras|Toxic|p1a: Bruxish\n|-status|p1a: Bruxish|tox\n|\n|-heal|p2a: Lapras|280/372 tox|[from] item: Leftovers\n|-damage|p1a: Bruxish|125/254 tox|[from] psn\n|-damage|p2a: Lapras|211/372 tox|[from] psn\n|upkeep\n|turn|9\n|\n|t:|1769807129\n|switch|p2a: Arceus|Arceus-Psychic, L72|53/292\n|move|p1a: Bruxish|Psychic Fangs|p2a: Arceus\n|-resisted|p2a: Arceus\n|-damage|p2a: Arceus|0 fnt\n|faint|p2a: Arceus\n|-damage|p1a: Bruxish|100/254 tox|[from] item: Life Orb\n|\n|-damage|p1a: Bruxish|70/254 tox|[from] psn\n|upkeep\n|\n|t:|1769807131\n|switch|p2a: Shaymin|Shaymin-Sky, L73|266/266\n|turn|10\n|inactive|La.Hellhound has 120 seconds left.\n|inactive|La.Hellhound has 90 seconds left.\n|\n|t:|1769807210\n|switch|p1a: Dedenne|Dedenne, L91, M|270/270\n|move|p2a: Shaymin|Substitute|p2a: Shaymin\n|-start|p2a: Shaymin|Substitute\n|-damage|p2a: Shaymin|200/266\n|\n|-heal|p2a: Shaymin|216/266|[from] item: Leftovers\n|upkeep\n|turn|11\n|\n|t:|1769807218\n|move|p1a: Dedenne|Thunderbolt|p2a: Shaymin\n|-end|p2a: Shaymin|Substitute\n|move|p2a: Shaymin|Seed Flare|p1a: Dedenne\n|-damage|p1a: Dedenne|134/270\n|-enditem|p1a: Dedenne|Sitrus Berry|[eat]\n|-heal|p1a: Dedenne|201/270|[from] item: Sitrus Berry\n|-heal|p1a: Dedenne|270/270|[from] ability: Cheek Pouch\n|\n|-heal|p2a: Shaymin|232/266|[from] item: Leftovers\n|upkeep\n|turn|12\n|\n|t:|1769807232\n|switch|p2a: Lapras|Lapras, L88, F|211/372 tox\n|move|p1a: Dedenne|Toxic|p2a: Lapras\n|-fail|p2a: Lapras|tox\n|\n|-heal|p2a: Lapras|234/372 tox|[from] item: Leftovers\n|-damage|p2a: Lapras|211/372 tox|[from] psn\n|upkeep\n|turn|13\n|\n|t:|1769807239\n|move|p1a: Dedenne|Protect|p1a: Dedenne\n|-singleturn|p1a: Dedenne|Protect\n|move|p2a: Lapras|Hydro Pump|p1a: Dedenne\n|-activate|p1a: Dedenne|move: Protect\n|\n|-heal|p2a: Lapras|234/372 tox|[from] item: Leftovers\n|-damage|p2a: Lapras|188/372 tox|[from] psn\n|upkeep\n|turn|14\n|inactive|La.Hellhound has 90 seconds left.\n|\n|t:|1769807247\n|move|p1a: Dedenne|Thunderbolt|p2a: Lapras\n|-supereffective|p2a: Lapras\n|-damage|p2a: Lapras|2/372 tox\n|move|p2a: Lapras|Ice Beam|p1a: Dedenne\n|-damage|p1a: Dedenne|161/270\n|\n|-heal|p2a: Lapras|25/372 tox|[from] item: Leftovers\n|-damage|p2a: Lapras|0 fnt|[from] psn\n|faint|p2a: Lapras\n|upkeep\n|\n|t:|1769807258\n|switch|p2a: Clawitzer|Clawitzer, L87, M|265/265\n|turn|15\n|\n|t:|1769807261\n|move|p1a: Dedenne|Protect|p1a: Dedenne\n|-singleturn|p1a: Dedenne|Protect\n|move|p2a: Clawitzer|Scald|p1a: Dedenne\n|-activate|p1a: Dedenne|move: Protect\n|\n|upkeep\n|turn|16\n|\n|t:|1769807276\n|move|p1a: Dedenne|Thunderbolt|p2a: Clawitzer\n|-supereffective|p2a: Clawitzer\n|-damage|p2a: Clawitzer|137/265\n|move|p2a: Clawitzer|Scald|p1a: Dedenne\n|-damage|p1a: Dedenne|41/270\n|\n|upkeep\n|turn|17\n|\n|t:|1769807284\n|move|p1a: Dedenne|Recycle|p1a: Dedenne\n|-item|p1a: Dedenne|Sitrus Berry|[from] move: Recycle\n|-enditem|p1a: Dedenne|Sitrus Berry|[eat]\n|-heal|p1a: Dedenne|108/270|[from] item: Sitrus Berry\n|-heal|p1a: Dedenne|198/270|[from] ability: Cheek Pouch\n|move|p2a: Clawitzer|Scald|p1a: Dedenne\n|-damage|p1a: Dedenne|80/270\n|-status|p1a: Dedenne|brn\n|\n|-damage|p1a: Dedenne|64/270 brn|[from] brn\n|upkeep\n|turn|18\n|\n|t:|1769807295\n|move|p1a: Dedenne|Recycle|p1a: Dedenne\n|-item|p1a: Dedenne|Sitrus Berry|[from] move: Recycle\n|-enditem|p1a: Dedenne|Sitrus Berry|[eat]\n|-heal|p1a: Dedenne|131/270 brn|[from] item: Sitrus Berry\n|-heal|p1a: Dedenne|221/270 brn|[from] ability: Cheek Pouch\n|move|p2a: Clawitzer|Scald|p1a: Dedenne\n|-damage|p1a: Dedenne|106/270 brn\n|\n|-damage|p1a: Dedenne|90/270 brn|[from] brn\n|upkeep\n|turn|19\n|\n|t:|1769807306\n|move|p1a: Dedenne|Recycle|p1a: Dedenne\n|-item|p1a: Dedenne|Sitrus Berry|[from] move: Recycle\n|-enditem|p1a: Dedenne|Sitrus Berry|[eat]\n|-heal|p1a: Dedenne|157/270 brn|[from] item: Sitrus Berry\n|-heal|p1a: Dedenne|247/270 brn|[from] ability: Cheek Pouch\n|move|p2a: Clawitzer|Scald|p1a: Dedenne\n|-damage|p1a: Dedenne|117/270 brn\n|\n|-damage|p1a: Dedenne|101/270 brn|[from] brn\n|upkeep\n|turn|20\n|\n|t:|1769807319\n|move|p1a: Dedenne|Recycle|p1a: Dedenne\n|-item|p1a: Dedenne|Sitrus Berry|[from] move: Recycle\n|-enditem|p1a: Dedenne|Sitrus Berry|[eat]\n|-heal|p1a: Dedenne|168/270 brn|[from] item: Sitrus Berry\n|-heal|p1a: Dedenne|258/270 brn|[from] ability: Cheek Pouch\n|move|p2a: Clawitzer|Scald|p1a: Dedenne\n|-damage|p1a: Dedenne|140/270 brn\n|\n|-damage|p1a: Dedenne|124/270 brn|[from] brn\n|upkeep\n|turn|21\n|\n|t:|1769807330\n|move|p1a: Dedenne|Recycle|p1a: Dedenne\n|-item|p1a: Dedenne|Sitrus Berry|[from] move: Recycle\n|-enditem|p1a: Dedenne|Sitrus Berry|[eat]\n|-heal|p1a: Dedenne|191/270 brn|[from] item: Sitrus Berry\n|-heal|p1a: Dedenne|270/270 brn|[from] ability: Cheek Pouch\n|move|p2a: Clawitzer|Scald|p1a: Dedenne\n|-damage|p1a: Dedenne|153/270 brn\n|\n|-damage|p1a: Dedenne|137/270 brn|[from] brn\n|upkeep\n|turn|22\n|\n|t:|1769807344\n|move|p1a: Dedenne|Thunderbolt|p2a: Clawitzer\n|-supereffective|p2a: Clawitzer\n|-damage|p2a: Clawitzer|15/265\n|move|p2a: Clawitzer|Scald|p1a: Dedenne\n|-damage|p1a: Dedenne|20/270 brn\n|\n|-damage|p1a: Dedenne|4/270 brn|[from] brn\n|upkeep\n|turn|23\n|\n|t:|1769807352\n|move|p1a: Dedenne|Recycle|p1a: Dedenne\n|-item|p1a: Dedenne|Sitrus Berry|[from] move: Recycle\n|-enditem|p1a: Dedenne|Sitrus Berry|[eat]\n|-heal|p1a: Dedenne|71/270 brn|[from] item: Sitrus Berry\n|-heal|p1a: Dedenne|161/270 brn|[from] ability: Cheek Pouch\n|move|p2a: Clawitzer|Scald|p1a: Dedenne\n|-damage|p1a: Dedenne|40/270 brn\n|\n|-damage|p1a: Dedenne|24/270 brn|[from] brn\n|upkeep\n|turn|24\n|inactive|La.Hellhound has 120 seconds left.\n|\n|t:|1769807362\n|move|p1a: Dedenne|Recycle|p1a: Dedenne\n|-item|p1a: Dedenne|Sitrus Berry|[from] move: Recycle\n|-enditem|p1a: Dedenne|Sitrus Berry|[eat]\n|-heal|p1a: Dedenne|91/270 brn|[from] item: Sitrus Berry\n|-heal|p1a: Dedenne|181/270 brn|[from] ability: Cheek Pouch\n|move|p2a: Clawitzer|Scald|p1a: Dedenne\n|-damage|p1a: Dedenne|66/270 brn\n|\n|-damage|p1a: Dedenne|50/270 brn|[from] brn\n|upkeep\n|turn|25\n|\n|t:|1769807371\n|move|p1a: Dedenne|Recycle|p1a: Dedenne\n|-item|p1a: Dedenne|Sitrus Berry|[from] move: Recycle\n|-enditem|p1a: Dedenne|Sitrus Berry|[eat]\n|-heal|p1a: Dedenne|117/270 brn|[from] item: Sitrus Berry\n|-heal|p1a: Dedenne|207/270 brn|[from] ability: Cheek Pouch\n|move|p2a: Clawitzer|Scald|p1a: Dedenne\n|-damage|p1a: Dedenne|89/270 brn\n|\n|-damage|p1a: Dedenne|73/270 brn|[from] brn\n|upkeep\n|turn|26\n|\n|t:|1769807383\n|move|p1a: Dedenne|Recycle|p1a: Dedenne\n|-item|p1a: Dedenne|Sitrus Berry|[from] move: Recycle\n|-enditem|p1a: Dedenne|Sitrus Berry|[eat]\n|-heal|p1a: Dedenne|140/270 brn|[from] item: Sitrus Berry\n|-heal|p1a: Dedenne|230/270 brn|[from] ability: Cheek Pouch\n|move|p2a: Clawitzer|Scald|p1a: Dedenne\n|-damage|p1a: Dedenne|110/270 brn\n|\n|-damage|p1a: Dedenne|94/270 brn|[from] brn\n|upkeep\n|turn|27\n|\n|t:|1769807393\n|move|p1a: Dedenne|Recycle|p1a: Dedenne\n|-item|p1a: Dedenne|Sitrus Berry|[from] move: Recycle\n|-enditem|p1a: Dedenne|Sitrus Berry|[eat]\n|-heal|p1a: Dedenne|161/270 brn|[from] item: Sitrus Berry\n|-heal|p1a: Dedenne|251/270 brn|[from] ability: Cheek Pouch\n|move|p2a: Clawitzer|Scald|p1a: Dedenne\n|-damage|p1a: Dedenne|128/270 brn\n|\n|-damage|p1a: Dedenne|112/270 brn|[from] brn\n|upkeep\n|turn|28\n|\n|t:|1769807408\n|move|p1a: Dedenne|Recycle|p1a: Dedenne\n|-item|p1a: Dedenne|Sitrus Berry|[from] move: Recycle\n|-enditem|p1a: Dedenne|Sitrus Berry|[eat]\n|-heal|p1a: Dedenne|179/270 brn|[from] item: Sitrus Berry\n|-heal|p1a: Dedenne|269/270 brn|[from] ability: Cheek Pouch\n|move|p2a: Clawitzer|Scald|p1a: Dedenne\n|-damage|p1a: Dedenne|139/270 brn\n|\n|-damage|p1a: Dedenne|123/270 brn|[from] brn\n|upkeep\n|turn|29\n|\n|t:|1769807418\n|move|p1a: Dedenne|Thunderbolt|p2a: Clawitzer\n|-supereffective|p2a: Clawitzer\n|-damage|p2a: Clawitzer|0 fnt\n|faint|p2a: Clawitzer\n|\n|-damage|p1a: Dedenne|107/270 brn|[from] brn\n|upkeep\n|\n|t:|1769807424\n|switch|p2a: Shaymin|Shaymin-Sky, L73|232/266\n|turn|30\n|\n|t:|1769807427\n|move|p1a: Dedenne|Toxic|p2a: Shaymin\n|-status|p2a: Shaymin|tox\n|move|p2a: Shaymin|Seed Flare|p1a: Dedenne\n|-damage|p1a: Dedenne|0 fnt\n|faint|p1a: Dedenne\n|\n|-heal|p2a: Shaymin|248/266 tox|[from] item: Leftovers\n|-damage|p2a: Shaymin|232/266 tox|[from] psn\n|upkeep\n|\n|t:|1769807444\n|switch|p1a: Kyogre|Kyogre, L69|252/252\n|-weather|RainDance|[from] ability: Drizzle|[of] p1a: Kyogre\n|turn|31\n|\n|t:|1769807461\n|switch|p1a: Bruxish|Bruxish, L85, M|70/254 tox\n|switch|p2a: Ampharos|Ampharos, L85, F|292/292\n|\n|-weather|RainDance|[upkeep]\n|-damage|p1a: Bruxish|55/254 tox|[from] psn\n|upkeep\n|turn|32\n|\n|t:|1769807471\n|detailschange|p2a: Ampharos|Ampharos-Mega, L85, F\n|-mega|p2a: Ampharos|Ampharos|Ampharosite\n|-ability|p2a: Ampharos|Mold Breaker\n|move|p1a: Bruxish|Liquidation|p2a: Ampharos\n|-resisted|p2a: Ampharos\n|-damage|p2a: Ampharos|201/292\n|-damage|p1a: Bruxish|30/254 tox|[from] item: Life Orb\n|move|p2a: Ampharos|Dragon Pulse|p1a: Bruxish\n|-damage|p1a: Bruxish|0 fnt\n|faint|p1a: Bruxish\n|\n|-weather|RainDance|[upkeep]\n|upkeep\n|\n|t:|1769807482\n|switch|p1a: Dugtrio|Dugtrio-Alola, L84, M|196/196\n|turn|33\n|\n|t:|1769807487\n|move|p1a: Dugtrio|Earthquake|p2a: Ampharos\n|-supereffective|p2a: Ampharos\n|-damage|p2a: Ampharos|0 fnt\n|faint|p2a: Ampharos\n|detailschange|p2: Ampharos|Ampharos, L85, F|[silent]\n|-damage|p1a: Dugtrio|177/196|[from] item: Life Orb\n|\n|-weather|RainDance|[upkeep]\n|upkeep\n|\n|t:|1769807490\n|switch|p2a: Shaymin|Shaymin-Sky, L73|232/266 tox\n|turn|34\n|\n|t:|1769807504\n|switch|p1a: Simisage|Simisage, L89, F|278/278\n|move|p2a: Shaymin|Seed Flare|p1a: Simisage\n|-resisted|p1a: Simisage\n|-damage|p1a: Simisage|212/278\n|-unboost|p1a: Simisage|spd|2\n|\n|-weather|RainDance|[upkeep]\n|-heal|p2a: Shaymin|248/266 tox|[from] item: Leftovers\n|-damage|p2a: Shaymin|232/266 tox|[from] psn\n|upkeep\n|turn|35\n|\n|t:|1769807522\n|move|p1a: Simisage|Hidden Power|p2a: Shaymin\n|-supereffective|p2a: Shaymin\n|-damage|p2a: Shaymin|0 fnt\n|faint|p2a: Shaymin\n|-damage|p1a: Simisage|185/278|[from] item: Life Orb\n|\n|-weather|none\n|upkeep\n|\n|t:|1769807525\n|switch|p2a: Xerneas|Xerneas, L65|272/272\n|-ability|p2a: Xerneas|Fairy Aura\n|turn|36\n|\n|t:|1769807532\n|move|p1a: Simisage|Knock Off|p2a: Xerneas\n|-resisted|p2a: Xerneas\n|-damage|p2a: Xerneas|211/272\n|-enditem|p2a: Xerneas|Power Herb|[from] move: Knock Off|[of] p1a: Simisage\n|-damage|p1a: Simisage|158/278|[from] item: Life Orb\n|move|p2a: Xerneas|Geomancy||[still]\n|-prepare|p2a: Xerneas|Geomancy\n|\n|upkeep\n|turn|37\n|\n|t:|1769807541\n|move|p1a: Simisage|Leaf Storm|p2a: Xerneas\n|-damage|p2a: Xerneas|0 fnt\n|-unboost|p1a: Simisage|spa|2\n|faint|p2a: Xerneas\n|-damage|p1a: Simisage|131/278|[from] item: Life Orb\n|\n|win|La.Hellhound\n|raw|La.Hellhound's rating: 1721 &rarr; <strong>1743</strong><br />(+22 for winning)\n|raw|beckywiththebraids's rating: 1753 &rarr; <strong>1731</strong><br />(-22 for losing)\n|l|☆beckywiththebraids\n|player|p2|\n", "inputlog": ">version b99ff0165a6231f17e8b78c2a78d1998375de664\n>start {\"formatid\":\"gen7randombattle\",\"seed\":\"sodium,121bbe2caf63a5e2245c1ec1d39772fe\",\"rated\":\"Rated battle\"}\n>player p1 {\"name\":\"La.Hellhound\",\"avatar\":\"bruno\",\"rating\":1721,\"seed\":\"sodium,f5e8fc133890a743edf980373937e939\"}\n>player p2 {\"name\":\"beckywiththebraids\",\"avatar\":\"2\",\"rating\":1753,\"seed\":\"sodium,93198e8a2cd14af76cc132bf834da330\"}\n>p1 move toxic\n>p2 switch 2\n>p1 switch 5\n>p2 move toxic\n>p1 switch 4\n>p2 move hydropump\n>p1 move psychicfangs\n>p2 switch 6\n>p1 move crunch\n>p2 move recover\n>p1 switch 5\n>p2 switch 6\n>p1 move protect\n>p2 move toxic\n>p1 switch 5\n>p2 move toxic\n>p1 move psychicfangs\n>p2 switch 6\n>p2 switch 4\n>p1 switch 5\n>p2 move substitute\n>p1 move thunderbolt\n>p2 move seedflare\n>p1 move toxic\n>p2 switch 6\n>p1 move protect\n>p2 move hydropump\n>p1 move thunderbolt\n>p2 move icebeam\n>p2 switch 3\n>p1 move protect\n>p2 move scald\n>p1 move thunderbolt\n>p2 move scald\n>p1 move recycle\n>p2 move scald\n>p1 move recycle\n>p2 move scald\n>p1 move recycle\n>p2 move scald\n>p1 move recycle\n>p2 move scald\n>p1 move recycle\n>p2 move scald\n>p1 move thunderbolt\n>p2 move scald\n>p1 move recycle\n>p2 move scald\n>p1 move recycle\n>p2 move scald\n>p1 move recycle\n>p2 move scald\n>p1 move recycle\n>p2 move scald\n>p1 move recycle\n>p2 move scald\n>p1 move recycle\n>p2 move scald\n>p1 move thunderbolt\n>p2 move scald\n>p2 switch 6\n>p1 move toxic\n>p2 move seedflare\n>p1 switch 6\n>p1 switch 5\n>p2 switch 5\n>p1 move liquidation\n>p2 move dragonpulse mega\n>p1 switch 4\n>p1 move earthquake\n>p2 move focusblast\n>p2 switch 5\n>p1 switch 2\n>p2 move seedflare\n>p1 move hiddenpower\n>p2 move airslash\n>p2 switch 2\n>p1 move knockoff\n>p2 move geomancy\n>p1 move leafstorm\n>p2 move geomancy", "uploadtime": 1769807547, "views": 192, "formatid": "gen7randombattle", "rating": 1731, "private": 0, "password": null}