{"id": "gen7randombattle-2533885716", "format": "[Gen 7] Random Battle", "players": ["may/gen3", "plop in my pants"], "log": "|j|☆may/gen3\n|j|☆plop in my pants\n|t:|1770354321\n|gametype|singles\n|player|p1|may/gen3|may|1637\n|player|p2|plop in my pants|teamrocket|1750\n|gen|7\n|tier|[Gen 7] Random Battle\n|rated|\n|rule|Sleep Clause Mod: Limit one foe put to sleep\n|rule|HP Percentage Mod: HP is shown in percentages\n|rule|Illusion Level Mod: Illusion disguises the Pokémon's true level\n|\n|t:|1770354321\n|teamsize|p1|6\n|teamsize|p2|6\n|start\n|switch|p1a: Escavalier|Escavalier, L85, F|258/258\n|switch|p2a: Castform|Castform, L99, F|299/299\n|turn|1\n|inactive|Battle timer is ON: inactive players will automatically lose when time's up. (requested by plop in my pants)\n|inactive|may/gen3 has 120 seconds left.\n|\n|t:|1770354379\n|switch|p1a: Simisear|Simisear, L89, F|278/278\n|move|p2a: Castform|Scald|p1a: Simisear\n|-supereffective|p1a: Simisear\n|-damage|p1a: Simisear|122/278\n|\n|upkeep\n|turn|2\n|\n|t:|1770354388\n|move|p1a: Simisear|Focus Blast|p2a: Castform\n|-supereffective|p2a: Castform\n|-damage|p2a: Castform|42/299\n|-damage|p1a: Simisear|95/278|[from] item: Life Orb\n|move|p2a: Castform|Scald|p1a: Simisear\n|-supereffective|p1a: Simisear\n|-damage|p1a: Simisear|0 fnt\n|faint|p1a: Simisear\n|\n|-heal|p2a: Castform|60/299|[from] item: Leftovers\n|upkeep\n|\n|t:|1770354392\n|switch|p1a: Girafarig|Girafarig, L95, M|287/287\n|turn|3\n|\n|t:|1770354405\n|switch|p2a: Genesect|Genesect, L73|224/224\n|-ability|p2a: Genesect|Download|boost\n|-boost|p2a: Genesect|spa|1\n|move|p1a: Girafarig|Substitute|p1a: Girafarig\n|-start|p1a: Girafarig|Substitute\n|-damage|p1a: Girafarig|216/287\n|\n|-heal|p1a: Girafarig|233/287|[from] item: Leftovers\n|upkeep\n|turn|4\n|\n|t:|1770354417\n|move|p1a: Girafarig|Thunderbolt|p2a: Genesect\n|-damage|p2a: Genesect|138/224\n|move|p2a: Genesect|Iron Head|p1a: Girafarig\n|-end|p1a: Girafarig|Substitute\n|\n|-heal|p1a: Girafarig|250/287|[from] item: Leftovers\n|upkeep\n|turn|5\n|\n|t:|1770354423\n|move|p1a: Girafarig|Thunderbolt|p2a: Genesect\n|-damage|p2a: Genesect|57/224\n|move|p2a: Genesect|Iron Head|p1a: Girafarig\n|-damage|p1a: Girafarig|129/287\n|\n|-heal|p1a: Girafarig|146/287|[from] item: Leftovers\n|upkeep\n|turn|6\n|\n|t:|1770354434\n|switch|p2a: Mr. Mime|Mr. Mime, L90, F|218/218\n|move|p1a: Girafarig|Thunderbolt|p2a: Mr. Mime\n|-damage|p2a: Mr. Mime|158/218\n|\n|-heal|p1a: Girafarig|163/287|[from] item: Leftovers\n|upkeep\n|turn|7\n|\n|t:|1770354443\n|switch|p1a: Escavalier|Escavalier, L85, F|258/258\n|move|p2a: Mr. Mime|Psychic|p1a: Escavalier\n|-resisted|p1a: Escavalier\n|-damage|p1a: Escavalier|191/258\n|\n|-heal|p1a: Escavalier|207/258|[from] item: Leftovers\n|upkeep\n|turn|8\n|\n|t:|1770354451\n|switch|p2a: Castform|Castform, L99, F|60/299\n|move|p1a: Escavalier|Megahorn|p2a: Castform\n|-damage|p2a: Castform|0 fnt\n|faint|p2a: Castform\n|\n|-heal|p1a: Escavalier|223/258|[from] item: Leftovers\n|upkeep\n|\n|t:|1770354454\n|switch|p2a: Genesect|Genesect, L73|57/224\n|-ability|p2a: Genesect|Download|boost\n|-boost|p2a: Genesect|spa|1\n|turn|9\n|inactive|may/gen3 has 120 seconds left.\n|\n|t:|1770354487\n|move|p2a: Genesect|U-turn|p1a: Escavalier\n|-resisted|p1a: Escavalier\n|-damage|p1a: Escavalier|180/258\n|\n|t:|1770354493\n|switch|p2a: Pyroar|Pyroar, L88, F|295/295|[from] U-turn\n|-ability|p2a: Pyroar|Unnerve\n|move|p1a: Escavalier|Knock Off|p2a: Pyroar\n|-damage|p2a: Pyroar|194/295\n|-enditem|p2a: Pyroar|Life Orb|[from] move: Knock Off|[of] p1a: Escavalier\n|\n|-heal|p1a: Escavalier|196/258|[from] item: Leftovers\n|upkeep\n|turn|10\n|\n|t:|1770354506\n|move|p2a: Pyroar|Fire Blast|p1a: Escavalier|[miss]\n|-miss|p2a: Pyroar|p1a: Escavalier\n|move|p1a: Escavalier|Knock Off|p2a: Pyroar\n|-damage|p2a: Pyroar|122/295\n|\n|-heal|p1a: Escavalier|212/258|[from] item: Leftovers\n|upkeep\n|turn|11\n|inactive|may/gen3 has 120 seconds left.\n|\n|t:|1770354525\n|move|p2a: Pyroar|Fire Blast|p1a: Escavalier\n|-supereffective|p1a: Escavalier\n|-damage|p1a: Escavalier|0 fnt\n|faint|p1a: Escavalier\n|\n|upkeep\n|inactive|may/gen3 has 120 seconds left.\n|\n|t:|1770354532\n|switch|p1a: Luxray|Luxray, L88, M|284/284\n|turn|12\n|\n|t:|1770354539\n|switch|p2a: Landorus|Landorus-Therian, L74, M|254/254\n|-ability|p2a: Landorus|Intimidate|boost\n|-unboost|p1a: Luxray|atk|1\n|move|p1a: Luxray|Wild Charge|p2a: Landorus\n|-immune|p2a: Landorus\n|\n|-status|p1a: Luxray|brn|[from] item: Flame Orb\n|upkeep\n|turn|13\n|\n|t:|1770354546\n|switch|p1a: Beartic|Beartic, L92, F|323/323\n|move|p2a: Landorus|Earthquake|p1a: Beartic\n|-damage|p1a: Beartic|205/323\n|\n|upkeep\n|turn|14\n|\n|t:|1770354552\n|switch|p2a: Deoxys|Deoxys-Defense, L85|224/224\n|-ability|p2a: Deoxys|Pressure\n|move|p1a: Beartic|Icicle Crash|p2a: Deoxys\n|-damage|p2a: Deoxys|103/224\n|\n|-heal|p2a: Deoxys|117/224|[from] item: Leftovers\n|upkeep\n|turn|15\n|\n|t:|1770354558\n|switch|p1a: Luxray|Luxray, L88, M|284/284 brn\n|move|p2a: Deoxys|Recover|p2a: Deoxys\n|-heal|p2a: Deoxys|224/224\n|\n|-damage|p1a: Luxray|267/284 brn|[from] brn\n|upkeep\n|turn|16\n|\n|t:|1770354566\n|move|p2a: Deoxys|Psyshock|p1a: Luxray\n|-damage|p1a: Luxray|195/284 brn\n|move|p1a: Luxray|Crunch|p2a: Deoxys\n|-supereffective|p2a: Deoxys\n|-damage|p2a: Deoxys|86/224\n|\n|-heal|p2a: Deoxys|100/224|[from] item: Leftovers\n|-damage|p1a: Luxray|178/284 brn|[from] brn\n|upkeep\n|turn|17\n|\n|t:|1770354569\n|move|p2a: Deoxys|Recover|p2a: Deoxys\n|-heal|p2a: Deoxys|212/224\n|move|p1a: Luxray|Facade|p2a: Deoxys\n|-damage|p2a: Deoxys|87/224\n|\n|-heal|p2a: Deoxys|101/224|[from] item: Leftovers\n|-damage|p1a: Luxray|161/284 brn|[from] brn\n|upkeep\n|turn|18\n|\n|t:|1770354574\n|move|p2a: Deoxys|Recover|p2a: Deoxys\n|-heal|p2a: Deoxys|213/224\n|move|p1a: Luxray|Crunch|p2a: Deoxys\n|-supereffective|p2a: Deoxys\n|-crit|p2a: Deoxys\n|-damage|p2a: Deoxys|7/224\n|\n|-heal|p2a: Deoxys|21/224|[from] item: Leftovers\n|-damage|p1a: Luxray|144/284 brn|[from] brn\n|upkeep\n|turn|19\n|\n|t:|1770354588\n|switch|p2a: Landorus|Landorus-Therian, L74, M|254/254\n|-ability|p2a: Landorus|Intimidate|boost\n|-unboost|p1a: Luxray|atk|1\n|move|p1a: Luxray|Facade|p2a: Landorus\n|-damage|p2a: Landorus|106/254\n|\n|-damage|p1a: Luxray|127/284 brn|[from] brn\n|upkeep\n|turn|20\n|\n|t:|1770354595\n|move|p2a: Landorus|Earthquake|p1a: Luxray\n|-supereffective|p1a: Luxray\n|-damage|p1a: Luxray|0 fnt\n|faint|p1a: Luxray\n|\n|upkeep\n|\n|t:|1770354600\n|switch|p1a: Girafarig|Girafarig, L95, M|163/287\n|turn|21\n|\n|t:|1770354610\n|switch|p2a: Mr. Mime|Mr. Mime, L90, F|158/218\n|move|p1a: Girafarig|Psychic|p2a: Mr. Mime\n|-resisted|p2a: Mr. Mime\n|-damage|p2a: Mr. Mime|119/218\n|\n|-heal|p1a: Girafarig|180/287|[from] item: Leftovers\n|upkeep\n|turn|22\n|\n|t:|1770354616\n|switch|p1a: Beartic|Beartic, L92, F|205/323\n|move|p2a: Mr. Mime|Dazzling Gleam|p1a: Beartic\n|-damage|p1a: Beartic|52/323\n|\n|upkeep\n|turn|23\n|\n|t:|1770354619\n|move|p1a: Beartic|Aqua Jet|p2a: Mr. Mime\n|-damage|p2a: Mr. Mime|43/218\n|move|p2a: Mr. Mime|Dazzling Gleam|p1a: Beartic\n|-damage|p1a: Beartic|0 fnt\n|faint|p1a: Beartic\n|\n|upkeep\n|\n|t:|1770354623\n|switch|p1a: Beautifly|Beautifly, L99, F|279/279\n|turn|24\n|\n|t:|1770354625\n|move|p2a: Mr. Mime|Dazzling Gleam|p1a: Beautifly\n|-damage|p1a: Beautifly|90/279\n|move|p1a: Beautifly|Quiver Dance|p1a: Beautifly\n|-boost|p1a: Beautifly|spa|1\n|-boost|p1a: Beautifly|spd|1\n|-boost|p1a: Beautifly|spe|1\n|\n|upkeep\n|turn|25\n|\n|t:|1770354644\n|switch|p2a: Deoxys|Deoxys-Defense, L85|21/224\n|-ability|p2a: Deoxys|Pressure\n|move|p1a: Beautifly|Bug Buzz|p2a: Deoxys\n|-supereffective|p2a: Deoxys\n|-damage|p2a: Deoxys|0 fnt\n|faint|p2a: Deoxys\n|\n|upkeep\n|\n|t:|1770354646\n|switch|p2a: Genesect|Genesect, L73|57/224\n|-ability|p2a: Genesect|Download|boost\n|-boost|p2a: Genesect|atk|1\n|turn|26\n|\n|t:|1770354649\n|move|p2a: Genesect|Extreme Speed|p1a: Beautifly\n|-damage|p1a: Beautifly|0 fnt\n|faint|p1a: Beautifly\n|\n|upkeep\n|\n|t:|1770354651\n|switch|p1a: Girafarig|Girafarig, L95, M|180/287\n|turn|27\n|\n|t:|1770354655\n|move|p2a: Genesect|Extreme Speed|p1a: Girafarig\n|-damage|p1a: Girafarig|53/287\n|move|p1a: Girafarig|Thunderbolt|p2a: Genesect\n|-damage|p2a: Genesect|0 fnt\n|faint|p2a: Genesect\n|\n|-heal|p1a: Girafarig|70/287|[from] item: Leftovers\n|upkeep\n|\n|t:|1770354658\n|switch|p2a: Mr. Mime|Mr. Mime, L90, F|43/218\n|turn|28\n|\n|t:|1770354660\n|move|p1a: Girafarig|Thunderbolt|p2a: Mr. Mime\n|-damage|p2a: Mr. Mime|0 fnt\n|faint|p2a: Mr. Mime\n|\n|-heal|p1a: Girafarig|87/287|[from] item: Leftovers\n|upkeep\n|\n|t:|1770354667\n|switch|p2a: Pyroar|Pyroar, L88, F|122/295\n|-ability|p2a: Pyroar|Unnerve\n|turn|29\n|\n|t:|1770354673\n|move|p2a: Pyroar|Hyper Voice|p1a: Girafarig\n|-damage|p1a: Girafarig|0 fnt\n|faint|p1a: Girafarig\n|\n|win|plop in my pants\n|raw|may&#x2f;gen3's rating: 1637 &rarr; <strong>1623</strong><br />(-14 for losing)\n|raw|plop in my pants's rating: 1750 &rarr; <strong>1764</strong><br />(+14 for winning)\n|l|☆may/gen3\n|player|p1|\n", "inputlog": ">version ccdc32dd7cde25fd9e4bed64820e885f66e78a4e\n>start {\"formatid\":\"gen7randombattle\",\"seed\":\"sodium,3d296b447e838baf2cb2606f720f9135\",\"rated\":\"Rated battle\"}\n>player p1 {\"name\":\"may/gen3\",\"avatar\":\"may\",\"rating\":1637,\"seed\":\"sodium,663651e8dcb70ae22d3daae47ea69f37\"}\n>player p2 {\"name\":\"plop in my pants\",\"avatar\":\"teamrocket\",\"rating\":1750,\"seed\":\"sodium,ff079da404aab5d02765a5ce8925ae9e\"}\n>p1 switch 6\n>p2 move scald\n>p1 move focusblast\n>p2 move scald\n>p1 switch 4\n>p1 move substitute\n>p2 switch 6\n>p1 move thunderbolt\n>p2 move ironhead\n>p1 move thunderbolt\n>p2 move ironhead\n>p1 move thunderbolt\n>p2 switch 5\n>p1 switch 6\n>p2 move psychic\n>p1 move megahorn\n>p2 switch 6\n>p2 switch 5\n>p1 move knockoff\n>p2 move uturn\n>p2 switch 2\n>p1 move knockoff\n>p2 move fireblast\n>p1 move knockoff\n>p2 move fireblast\n>p1 switch 3\n>p1 move wildcharge\n>p2 switch 3\n>p1 switch 5\n>p2 move earthquake\n>p1 move iciclecrash\n>p2 switch 4\n>p1 switch 5\n>p2 move recover\n>p1 move crunch\n>p2 move psyshock\n>p1 move facade\n>p2 move recover\n>p1 move crunch\n>p2 move recover\n>p1 move facade\n>p2 switch 4\n>p1 move facade\n>p2 move earthquake\n>p1 switch 6\n>p1 move psychic\n>p2 switch 6\n>p1 switch 5\n>p2 move dazzlinggleam\n>p1 move aquajet\n>p2 move dazzlinggleam\n>p1 switch 2\n>p1 move quiverdance\n>p2 move dazzlinggleam\n>p1 move bugbuzz\n>p2 switch 4\n>p2 switch 2\n>p1 move aircutter\n>p2 move extremespeed\n>p1 switch 5\n>p1 move thunderbolt\n>p2 move extremespeed\n>p2 switch 4\n>p1 move thunderbolt\n>p2 move dazzlinggleam\n>p2 switch 3\n>p1 move psychic\n>p2 move hypervoice", "uploadtime": 1770354676, "views": 195, "formatid": "gen7randombattle", "rating": 1623, "private": 0, "password": null}