{"id": "gen7randombattle-2524387455", "format": "[Gen 7] Random Battle", "players": ["D3XT3R08", "ArchenWarrior"], "log": "|j|☆D3XT3R08\n|j|☆ArchenWarrior\n|t:|1769139688\n|gametype|singles\n|player|p1|D3XT3R08|brock|1554\n|player|p2|ArchenWarrior|proton|1647\n|gen|7\n|tier|[Gen 7] Random Battle\n|rated|\n|rule|Sleep Clause Mod: Limit one foe put to sleep\n|rule|HP Percentage Mod: HP is shown in percentages\n|rule|Illusion Level Mod: Illusion disguises the Pokémon's true level\n|\n|t:|1769139688\n|teamsize|p1|6\n|teamsize|p2|6\n|start\n|switch|p1a: Carbink|Carbink, L92|241/241\n|switch|p2a: Raikou|Raikou, L81|278/278\n|-ability|p2a: Raikou|Pressure\n|turn|1\n|\n|t:|1769139712\n|move|p2a: Raikou|Volt Switch|p1a: Carbink\n|-damage|p1a: Carbink|175/241\n|\n|t:|1769139714\n|switch|p2a: Aegislash|Aegislash, L77, F|219/219|[from] Volt Switch\n|move|p1a: Carbink|Light Screen|p1a: Carbink\n|-sidestart|p1: D3XT3R08|move: Light Screen\n|\n|upkeep\n|turn|2\n|\n|t:|1769139725\n|switch|p1a: Qwilfish|Qwilfish, L86, F|252/252\n|-ability|p1a: Qwilfish|Intimidate|boost\n|-unboost|p2a: Aegislash|atk|1\n|move|p2a: Aegislash|Swords Dance|p2a: Aegislash\n|-boost|p2a: Aegislash|atk|2\n|\n|upkeep\n|turn|3\n|\n|t:|1769139747\n|move|p1a: Qwilfish|Taunt|p2a: Aegislash\n|-start|p2a: Aegislash|move: Taunt\n|cant|p2a: Aegislash|move: Taunt|Swords Dance\n|\n|upkeep\n|turn|4\n|\n|t:|1769139785\n|move|p1a: Qwilfish|Waterfall|p2a: Aegislash\n|-damage|p2a: Aegislash|158/219\n|-formechange|p2a: Aegislash|Aegislash-Blade||[from] ability: Stance Change\n|move|p2a: Aegislash|Iron Head|p1a: Qwilfish\n|-resisted|p1a: Qwilfish\n|-damage|p1a: Qwilfish|174/252\n|\n|-heal|p1a: Qwilfish|189/252|[from] item: Black Sludge\n|-heal|p2a: Aegislash|171/219|[from] item: Leftovers\n|upkeep\n|turn|5\n|\n|t:|1769139796\n|switch|p2a: Araquanid|Araquanid, L81, M|243/243\n|move|p1a: Qwilfish|Waterfall|p2a: Araquanid\n|-resisted|p2a: Araquanid\n|-crit|p2a: Araquanid\n|-damage|p2a: Araquanid|178/243\n|\n|-heal|p1a: Qwilfish|204/252|[from] item: Black Sludge\n|-heal|p2a: Araquanid|193/243|[from] item: Leftovers\n|upkeep\n|turn|6\n|\n|t:|1769139809\n|switch|p2a: Staraptor|Staraptor, L80, F|267/267\n|move|p1a: Qwilfish|Taunt|p2a: Staraptor\n|-start|p2a: Staraptor|move: Taunt\n|\n|-heal|p1a: Qwilfish|219/252|[from] item: Black Sludge\n|upkeep\n|turn|7\n|\n|t:|1769139819\n|switch|p2a: Aegislash|Aegislash, L77, F|171/219\n|switch|p1a: Carbink|Carbink, L92|175/241\n|\n|-heal|p2a: Aegislash|184/219|[from] item: Leftovers\n|upkeep\n|turn|8\n|\n|t:|1769139825\n|move|p1a: Carbink|Reflect|p1a: Carbink\n|-sidestart|p1: D3XT3R08|Reflect\n|move|p2a: Aegislash|Swords Dance|p2a: Aegislash\n|-boost|p2a: Aegislash|atk|2\n|\n|-heal|p2a: Aegislash|197/219|[from] item: Leftovers\n|-sideend|p1: D3XT3R08|move: Light Screen\n|upkeep\n|turn|9\n|\n|t:|1769139834\n|switch|p1a: Qwilfish|Qwilfish, L86, F|219/252\n|-ability|p1a: Qwilfish|Intimidate|boost\n|-unboost|p2a: Aegislash|atk|1\n|move|p2a: Aegislash|Swords Dance|p2a: Aegislash\n|-boost|p2a: Aegislash|atk|2\n|\n|-heal|p1a: Qwilfish|234/252|[from] item: Black Sludge\n|-heal|p2a: Aegislash|210/219|[from] item: Leftovers\n|upkeep\n|turn|10\n|\n|t:|1769139841\n|move|p1a: Qwilfish|Taunt|p2a: Aegislash\n|-start|p2a: Aegislash|move: Taunt\n|-formechange|p2a: Aegislash|Aegislash-Blade||[from] ability: Stance Change\n|move|p2a: Aegislash|Iron Head|p1a: Qwilfish\n|-resisted|p1a: Qwilfish\n|-crit|p1a: Qwilfish\n|-damage|p1a: Qwilfish|60/252\n|\n|-heal|p1a: Qwilfish|75/252|[from] item: Black Sludge\n|-heal|p2a: Aegislash|219/219|[from] item: Leftovers\n|upkeep\n|turn|11\n|\n|t:|1769139853\n|move|p2a: Aegislash|Shadow Sneak|p1a: Qwilfish\n|-damage|p1a: Qwilfish|15/252\n|move|p1a: Qwilfish|Waterfall|p2a: Aegislash\n|-damage|p2a: Aegislash|75/219\n|\n|-heal|p1a: Qwilfish|30/252|[from] item: Black Sludge\n|-heal|p2a: Aegislash|88/219|[from] item: Leftovers\n|upkeep\n|turn|12\n|\n|t:|1769139863\n|move|p2a: Aegislash|Shadow Sneak|p1a: Qwilfish\n|-damage|p1a: Qwilfish|0 fnt\n|faint|p1a: Qwilfish\n|\n|-heal|p2a: Aegislash|101/219|[from] item: Leftovers\n|-end|p2a: Aegislash|move: Taunt\n|upkeep\n|\n|t:|1769139870\n|switch|p1a: Dunsparce|Dunsparce, L95, M|344/344\n|turn|13\n|\n|t:|1769139921\n|switch|p2a: Raikou|Raikou, L81|278/278\n|-ability|p2a: Raikou|Pressure\n|move|p1a: Dunsparce|Earthquake|p2a: Raikou\n|-supereffective|p2a: Raikou\n|-damage|p2a: Raikou|118/278\n|\n|upkeep\n|turn|14\n|\n|t:|1769139935\n|move|p2a: Raikou|Volt Switch|p1a: Dunsparce\n|-damage|p1a: Dunsparce|202/344\n|\n|t:|1769139951\n|switch|p2a: Meganium|Meganium, L92, F|297/297|[from] Volt Switch\n|move|p1a: Dunsparce|Earthquake|p2a: Meganium\n|-resisted|p2a: Meganium\n|-damage|p2a: Meganium|269/297\n|\n|-heal|p2a: Meganium|287/297|[from] item: Leftovers\n|-heal|p1a: Dunsparce|223/344|[from] item: Leftovers\n|upkeep\n|turn|15\n|\n|t:|1769139961\n|move|p2a: Meganium|Energy Ball|p1a: Dunsparce\n|-damage|p1a: Dunsparce|120/344\n|move|p1a: Dunsparce|Glare|p2a: Meganium\n|-status|p2a: Meganium|par\n|\n|-heal|p1a: Dunsparce|141/344|[from] item: Leftovers\n|-heal|p2a: Meganium|297/297 par|[from] item: Leftovers\n|-sideend|p1: D3XT3R08|Reflect\n|upkeep\n|turn|16\n|\n|t:|1769139979\n|move|p1a: Dunsparce|Roost|p1a: Dunsparce\n|-heal|p1a: Dunsparce|313/344\n|-singleturn|p1a: Dunsparce|move: Roost\n|move|p2a: Meganium|Toxic|p1a: Dunsparce\n|-status|p1a: Dunsparce|tox\n|\n|-heal|p1a: Dunsparce|334/344 tox|[from] item: Leftovers\n|-damage|p1a: Dunsparce|313/344 tox|[from] psn\n|upkeep\n|turn|17\n|\n|t:|1769139989\n|switch|p1a: Illumise|Illumise, L92, F|269/269\n|switch|p2a: Aegislash|Aegislash, L77, F|101/219\n|\n|-heal|p2a: Aegislash|114/219|[from] item: Leftovers\n|upkeep\n|turn|18\n|\n|t:|1769139999\n|switch|p2a: Raikou|Raikou, L81|118/278\n|-ability|p2a: Raikou|Pressure\n|move|p1a: Illumise|Thunder Wave|p2a: Raikou\n|-immune|p2a: Raikou\n|\n|upkeep\n|turn|19\n|\n|t:|1769140013\n|move|p2a: Raikou|Thunderbolt|p1a: Illumise\n|-damage|p1a: Illumise|125/269\n|move|p1a: Illumise|Bug Buzz|p2a: Raikou\n|-damage|p2a: Raikou|27/278\n|\n|-heal|p1a: Illumise|141/269|[from] item: Leftovers\n|upkeep\n|turn|20\n|\n|t:|1769140034\n|switch|p1a: Venusaur|Venusaur, L78, F|253/253\n|move|p2a: Raikou|Thunderbolt|p1a: Venusaur\n|-resisted|p1a: Venusaur\n|-damage|p1a: Venusaur|172/253\n|\n|upkeep\n|turn|21\n|\n|t:|1769140068\n|detailschange|p1a: Venusaur|Venusaur-Mega, L78, F\n|-mega|p1a: Venusaur|Venusaur|Venusaurite\n|move|p2a: Raikou|Thunderbolt|p1a: Venusaur\n|-resisted|p1a: Venusaur\n|-damage|p1a: Venusaur|110/253\n|move|p1a: Venusaur|Sleep Powder|p2a: Raikou\n|-status|p2a: Raikou|slp|[from] move: Sleep Powder\n|\n|upkeep\n|turn|22\n|\n|t:|1769140076\n|switch|p2a: Aegislash|Aegislash, L77, F|114/219\n|move|p1a: Venusaur|Synthesis|p1a: Venusaur\n|-heal|p1a: Venusaur|236/253\n|\n|-heal|p2a: Aegislash|127/219|[from] item: Leftovers\n|upkeep\n|turn|23\n|\n|t:|1769140091\n|move|p1a: Venusaur|Giga Drain|p2a: Aegislash\n|-resisted|p2a: Aegislash\n|-damage|p2a: Aegislash|94/219\n|-heal|p1a: Venusaur|253/253|[from] drain|[of] p2a: Aegislash\n|-formechange|p2a: Aegislash|Aegislash-Blade||[from] ability: Stance Change\n|move|p2a: Aegislash|Iron Head|p1a: Venusaur\n|-damage|p1a: Venusaur|174/253\n|\n|-heal|p2a: Aegislash|107/219|[from] item: Leftovers\n|upkeep\n|turn|24\n|\n|t:|1769140103\n|switch|p1a: Dunsparce|Dunsparce, L95, M|313/344 tox\n|-formechange|p2a: Aegislash|Aegislash||[from] ability: Stance Change\n|move|p2a: Aegislash|King's Shield||[still]\n|-fail|p2a: Aegislash\n|\n|-heal|p1a: Dunsparce|334/344 tox|[from] item: Leftovers\n|-heal|p2a: Aegislash|120/219|[from] item: Leftovers\n|-damage|p1a: Dunsparce|313/344 tox|[from] psn\n|upkeep\n|turn|25\n|\n|t:|1769140112\n|switch|p2a: Meganium|Meganium, L92, F|297/297 par\n|move|p1a: Dunsparce|Headbutt|p2a: Meganium\n|-damage|p2a: Meganium|237/297 par\n|\n|-heal|p1a: Dunsparce|334/344 tox|[from] item: Leftovers\n|-heal|p2a: Meganium|255/297 par|[from] item: Leftovers\n|-damage|p1a: Dunsparce|292/344 tox|[from] psn\n|upkeep\n|turn|26\n|\n|t:|1769140137\n|switch|p1a: Illumise|Illumise, L92, F|141/269\n|move|p2a: Meganium|Earthquake|p1a: Illumise\n|-resisted|p1a: Illumise\n|-damage|p1a: Illumise|103/269\n|\n|-heal|p1a: Illumise|119/269|[from] item: Leftovers\n|-heal|p2a: Meganium|273/297 par|[from] item: Leftovers\n|upkeep\n|turn|27\n|\n|t:|1769140152\n|move|p1a: Illumise|Roost|p1a: Illumise\n|-heal|p1a: Illumise|254/269\n|-singleturn|p1a: Illumise|move: Roost\n|move|p2a: Meganium|Toxic|p1a: Illumise\n|-status|p1a: Illumise|tox\n|\n|-heal|p1a: Illumise|269/269 tox|[from] item: Leftovers\n|-heal|p2a: Meganium|291/297 par|[from] item: Leftovers\n|-damage|p1a: Illumise|253/269 tox|[from] psn\n|upkeep\n|turn|28\n|\n|t:|1769140158\n|switch|p2a: Aegislash|Aegislash, L77, F|120/219\n|move|p1a: Illumise|Bug Buzz|p2a: Aegislash\n|-resisted|p2a: Aegislash\n|-damage|p2a: Aegislash|104/219\n|\n|-heal|p1a: Illumise|269/269 tox|[from] item: Leftovers\n|-heal|p2a: Aegislash|117/219|[from] item: Leftovers\n|-damage|p1a: Illumise|237/269 tox|[from] psn\n|upkeep\n|turn|29\n|\n|t:|1769140165\n|switch|p2a: Araquanid|Araquanid, L81, M|193/243\n|move|p1a: Illumise|Thunder Wave|p2a: Araquanid|[miss]\n|-miss|p1a: Illumise|p2a: Araquanid\n|\n|-heal|p1a: Illumise|253/269 tox|[from] item: Leftovers\n|-heal|p2a: Araquanid|208/243|[from] item: Leftovers\n|-damage|p1a: Illumise|205/269 tox|[from] psn\n|upkeep\n|turn|30\n|\n|t:|1769140182\n|move|p1a: Illumise|Thunder Wave|p2a: Araquanid\n|-status|p2a: Araquanid|par\n|move|p2a: Araquanid|Sticky Web|p1a: Illumise\n|-sidestart|p1: D3XT3R08|move: Sticky Web\n|\n|-heal|p1a: Illumise|221/269 tox|[from] item: Leftovers\n|-heal|p2a: Araquanid|223/243 par|[from] item: Leftovers\n|-damage|p1a: Illumise|157/269 tox|[from] psn\n|upkeep\n|turn|31\n|\n|t:|1769140188\n|switch|p1a: Carbink|Carbink, L92|175/241\n|-activate|p1a: Carbink|move: Sticky Web\n|-unboost|p1a: Carbink|spe|1\n|move|p2a: Araquanid|Liquidation|p1a: Carbink\n|-supereffective|p1a: Carbink\n|-damage|p1a: Carbink|29/241\n|\n|-heal|p2a: Araquanid|238/243 par|[from] item: Leftovers\n|upkeep\n|turn|32\n|\n|t:|1769140203\n|switch|p2a: Staraptor|Staraptor, L80, F|267/267\n|move|p1a: Carbink|Reflect|p1a: Carbink\n|-sidestart|p1: D3XT3R08|Reflect\n|\n|upkeep\n|turn|33\n|\n|t:|1769140209\n|move|p2a: Staraptor|Brave Bird|p1a: Carbink\n|-resisted|p1a: Carbink\n|-damage|p1a: Carbink|0 fnt\n|faint|p1a: Carbink\n|-damage|p2a: Staraptor|257/267|[from] Recoil\n|\n|upkeep\n|\n|t:|1769140216\n|switch|p1a: Dunsparce|Dunsparce, L95, M|292/344 tox\n|-activate|p1a: Dunsparce|move: Sticky Web\n|-unboost|p1a: Dunsparce|spe|1\n|turn|34\n|\n|t:|1769140226\n|move|p2a: Staraptor|Brave Bird|p1a: Dunsparce\n|-damage|p1a: Dunsparce|156/344 tox\n|-damage|p2a: Staraptor|212/267|[from] Recoil\n|move|p1a: Dunsparce|Earthquake|p2a: Staraptor\n|-immune|p2a: Staraptor\n|\n|-heal|p1a: Dunsparce|177/344 tox|[from] item: Leftovers\n|-damage|p1a: Dunsparce|156/344 tox|[from] psn\n|upkeep\n|turn|35\n|\n|t:|1769140240\n|switch|p2a: Meganium|Meganium, L92, F|291/297 par\n|move|p1a: Dunsparce|Roost|p1a: Dunsparce\n|-heal|p1a: Dunsparce|328/344 tox\n|-singleturn|p1a: Dunsparce|move: Roost\n|\n|-heal|p2a: Meganium|297/297 par|[from] item: Leftovers\n|-heal|p1a: Dunsparce|344/344 tox|[from] item: Leftovers\n|-damage|p1a: Dunsparce|302/344 tox|[from] psn\n|upkeep\n|turn|36\n|\n|t:|1769140250\n|switch|p1a: Parasect|Parasect, L99, F|279/279\n|-activate|p1a: Parasect|move: Sticky Web\n|-unboost|p1a: Parasect|spe|1\n|move|p2a: Meganium|Energy Ball|p1a: Parasect\n|-resisted|p1a: Parasect\n|-damage|p1a: Parasect|257/279\n|\n|-heal|p1a: Parasect|274/279|[from] item: Leftovers\n|upkeep\n|turn|37\n|\n|t:|1769140348\n|cant|p2a: Meganium|par\n|move|p1a: Parasect|Knock Off|p2a: Meganium\n|-damage|p2a: Meganium|224/297 par\n|-enditem|p2a: Meganium|Leftovers|[from] move: Knock Off|[of] p1a: Parasect\n|\n|-heal|p1a: Parasect|279/279|[from] item: Leftovers\n|upkeep\n|turn|38\n|\n|t:|1769140356\n|move|p2a: Meganium|Toxic|p1a: Parasect\n|-status|p1a: Parasect|tox\n|move|p1a: Parasect|Leech Life|p2a: Meganium\n|-supereffective|p2a: Meganium\n|-damage|p2a: Meganium|26/297 par\n|\n|-damage|p1a: Parasect|262/279 tox|[from] psn\n|upkeep\n|turn|39\n|\n|t:|1769140364\n|cant|p2a: Meganium|par\n|move|p1a: Parasect|Leech Life|p2a: Meganium\n|-supereffective|p2a: Meganium\n|-damage|p2a: Meganium|0 fnt\n|-heal|p1a: Parasect|275/279 tox|[from] drain|[of] p2a: Meganium\n|faint|p2a: Meganium\n|\n|-heal|p1a: Parasect|279/279 tox|[from] item: Leftovers\n|-damage|p1a: Parasect|245/279 tox|[from] psn\n|-sideend|p1: D3XT3R08|Reflect\n|upkeep\n|\n|t:|1769140370\n|switch|p2a: Staraptor|Staraptor, L80, F|212/267\n|turn|40\n|\n|t:|1769140374\n|move|p2a: Staraptor|Brave Bird|p1a: Parasect\n|-supereffective|p1a: Parasect\n|-damage|p1a: Parasect|0 fnt\n|faint|p1a: Parasect\n|-damage|p2a: Staraptor|131/267|[from] Recoil\n|\n|upkeep\n|\n|t:|1769140378\n|switch|p1a: Illumise|Illumise, L92, F|157/269 tox\n|-activate|p1a: Illumise|move: Sticky Web\n|-unboost|p1a: Illumise|spe|1\n|turn|41\n|\n|t:|1769140386\n|move|p1a: Illumise|Thunder Wave|p2a: Staraptor\n|-status|p2a: Staraptor|par\n|cant|p2a: Staraptor|par\n|\n|-heal|p1a: Illumise|173/269 tox|[from] item: Leftovers\n|-damage|p1a: Illumise|157/269 tox|[from] psn\n|upkeep\n|turn|42\n|\n|t:|1769140398\n|move|p1a: Illumise|Roost|p1a: Illumise\n|-heal|p1a: Illumise|269/269 tox\n|-singleturn|p1a: Illumise|move: Roost\n|move|p2a: Staraptor|Brave Bird|p1a: Illumise\n|-supereffective|p1a: Illumise\n|-damage|p1a: Illumise|0 fnt\n|faint|p1a: Illumise\n|-damage|p2a: Staraptor|42/267 par|[from] Recoil\n|\n|upkeep\n|\n|t:|1769140404\n|switch|p1a: Dunsparce|Dunsparce, L95, M|302/344 tox\n|-activate|p1a: Dunsparce|move: Sticky Web\n|-unboost|p1a: Dunsparce|spe|1\n|turn|43\n|\n|t:|1769140417\n|switch|p2a: Aegislash|Aegislash, L77, F|117/219\n|move|p1a: Dunsparce|Headbutt|p2a: Aegislash\n|-immune|p2a: Aegislash\n|\n|-heal|p2a: Aegislash|130/219|[from] item: Leftovers\n|-heal|p1a: Dunsparce|323/344 tox|[from] item: Leftovers\n|-damage|p1a: Dunsparce|302/344 tox|[from] psn\n|upkeep\n|turn|44\n|\n|t:|1769140441\n|switch|p2a: Araquanid|Araquanid, L81, M|238/243 par\n|move|p1a: Dunsparce|Glare|p2a: Araquanid\n|-fail|p2a: Araquanid|par\n|\n|-heal|p1a: Dunsparce|323/344 tox|[from] item: Leftovers\n|-heal|p2a: Araquanid|243/243 par|[from] item: Leftovers\n|-damage|p1a: Dunsparce|281/344 tox|[from] psn\n|upkeep\n|turn|45\n|\n|t:|1769140456\n|switch|p1a: Venusaur|Venusaur-Mega, L78, F|174/253\n|-activate|p1a: Venusaur|move: Sticky Web\n|-unboost|p1a: Venusaur|spe|1\n|move|p2a: Araquanid|Liquidation|p1a: Venusaur\n|-resisted|p1a: Venusaur\n|-damage|p1a: Venusaur|120/253\n|\n|upkeep\n|turn|46\n|\n|t:|1769140466\n|switch|p2a: Aegislash|Aegislash, L77, F|130/219\n|move|p1a: Venusaur|Sludge Bomb|p2a: Aegislash\n|-immune|p2a: Aegislash\n|\n|-heal|p2a: Aegislash|143/219|[from] item: Leftovers\n|upkeep\n|turn|47\n|\n|t:|1769140492\n|-formechange|p2a: Aegislash|Aegislash-Blade||[from] ability: Stance Change\n|move|p2a: Aegislash|Iron Head|p1a: Venusaur\n|-damage|p1a: Venusaur|35/253\n|cant|p1a: Venusaur|flinch\n|\n|-heal|p2a: Aegislash|156/219|[from] item: Leftovers\n|upkeep\n|turn|48\n|-message|D3XT3R08 forfeited.\n|\n|win|ArchenWarrior\n|raw|D3XT3R08's rating: 1554 &rarr; <strong>1539</strong><br />(-15 for losing)\n|raw|ArchenWarrior's rating: 1647 &rarr; <strong>1662</strong><br />(+15 for winning)\n|l|☆D3XT3R08\n|player|p1|\n", "inputlog": ">version dd3d52b8382d73d1dd2c67730c4067df325ab790\n>start {\"formatid\":\"gen7randombattle\",\"seed\":\"sodium,179dad2704b2051461dabec852972a7b\",\"rated\":\"Rated battle\"}\n>player p1 {\"name\":\"D3XT3R08\",\"avatar\":\"brock\",\"rating\":1554,\"seed\":\"sodium,6fb2b07fa0488b9a17ff026c231ea401\"}\n>player p2 {\"name\":\"ArchenWarrior\",\"avatar\":\"proton\",\"rating\":1647,\"seed\":\"sodium,0d484d0fe4b4d2dd4fda7f95cc83d4b0\"}\n>p1 move lightscreen\n>p2 move voltswitch\n>p2 switch 3\n>p1 switch 2\n>p2 move swordsdance\n>p1 move taunt\n>p2 move swordsdance\n>p1 move waterfall\n>p2 move ironhead\n>p1 move waterfall\n>p2 switch 6\n>p1 move taunt\n>p2 switch 2\n>p1 switch 2\n>p2 switch 6\n>p1 move reflect\n>p2 move swordsdance\n>p1 switch 2\n>p2 move swordsdance\n>p1 move taunt\n>p2 move ironhead\n>p1 move waterfall\n>p2 move shadowsneak\n>p1 move spikes\n>p2 move shadowsneak\n>p1 switch 6\n>p1 move earthquake\n>p2 switch 3\n>p1 move earthquake\n>p2 move voltswitch\n>p2 switch 4\n>p1 move glare\n>p2 move energyball\n>p1 move roost\n>p2 move toxic\n>p1 switch 5\n>p2 switch 3\n>p1 move thunderwave\n>p2 switch 4\n>p1 move bugbuzz\n>p2 move thunderbolt\n>p1 switch 4\n>p2 move thunderbolt\n>p1 move sleeppowder mega\n>p2 move thunderbolt\n>p1 move synthesis\n>p2 switch 4\n>p1 move gigadrain\n>p2 move ironhead\n>p1 switch 5\n>p2 move kingsshield\n>p1 move headbutt\n>p2 switch 3\n>p1 switch 4\n>p2 move earthquake\n>p1 move roost\n>p2 move toxic\n>p1 move bugbuzz\n>p2 switch 3\n>p1 move thunderwave\n>p2 switch 2\n>p1 move thunderwave\n>p2 move stickyweb\n>p1 switch 2\n>p2 move liquidation\n>p1 move reflect\n>p2 switch 6\n>p1 move powergem\n>p2 move bravebird\n>p1 switch 4\n>p1 move earthquake\n>p2 move bravebird\n>p1 move roost\n>p2 switch 3\n>p1 switch 3\n>p2 move energyball\n>p1 move knockoff\n>p2 move toxic\n>p1 move leechlife\n>p2 move toxic\n>p1 move leechlife\n>p2 move synthesis\n>p2 switch 3\n>p1 move knockoff\n>p2 move bravebird\n>p1 switch 2\n>p1 move thunderwave\n>p2 move bravebird\n>p1 move roost\n>p2 move bravebird\n>p1 switch 3\n>p1 move headbutt\n>p2 switch 2\n>p1 move glare\n>p2 switch 6\n>p1 switch 5\n>p2 move liquidation\n>p1 move sludgebomb\n>p2 switch 6\n>p1 move synthesis\n>p2 move ironhead\n>forcelose p1", "uploadtime": 1769140505, "views": 178, "formatid": "gen7randombattle", "rating": 1539, "private": 0, "password": null}