{"id": "gen7randombattle-2529993557", "format": "[Gen 7] Random Battle", "players": ["aurora ltd", "sasoriofthered43"], "log": "|j|☆aurora ltd\n|j|☆sasoriofthered43\n|t:|1769860408\n|gametype|singles\n|player|p1|aurora ltd|silver-gen2kanto|1548\n|player|p2|sasoriofthered43|janine|1541\n|gen|7\n|tier|[Gen 7] Random Battle\n|rated|\n|rule|Sleep Clause Mod: Limit one foe put to sleep\n|rule|HP Percentage Mod: HP is shown in percentages\n|rule|Illusion Level Mod: Illusion disguises the Pokémon's true level\n|\n|t:|1769860408\n|teamsize|p1|6\n|teamsize|p2|6\n|start\n|switch|p1a: Wobbuffet|Wobbuffet, L94, F|510/510\n|switch|p2a: Crustle|Crustle, L82, F|249/249\n|turn|1\n|inactive|Battle timer is ON: inactive players will automatically lose when time's up. (requested by sasoriofthered43)\n|\n|t:|1769860453\n|move|p2a: Crustle|X-Scissor|p1a: Wobbuffet\n|-supereffective|p1a: Wobbuffet\n|-damage|p1a: Wobbuffet|322/510\n|move|p1a: Wobbuffet|Mirror Coat||[still]\n|-fail|p1a: Wobbuffet\n|\n|upkeep\n|turn|2\n|\n|t:|1769860461\n|move|p2a: Crustle|Shell Smash|p2a: Crustle\n|-unboost|p2a: Crustle|def|1\n|-unboost|p2a: Crustle|spd|1\n|-boost|p2a: Crustle|atk|2\n|-boost|p2a: Crustle|spa|2\n|-boost|p2a: Crustle|spe|2\n|-enditem|p2a: Crustle|White Herb\n|-clearnegativeboost|p2a: Crustle|[silent]\n|move|p1a: Wobbuffet|Counter||[still]\n|-fail|p1a: Wobbuffet\n|\n|upkeep\n|turn|3\n|\n|t:|1769860471\n|move|p2a: Crustle|X-Scissor|p1a: Wobbuffet\n|-supereffective|p1a: Wobbuffet\n|-damage|p1a: Wobbuffet|0 fnt\n|faint|p1a: Wobbuffet\n|\n|upkeep\n|\n|t:|1769860487\n|switch|p1a: Luxray|Luxray, L88, F|284/284\n|turn|4\n|\n|t:|1769860492\n|move|p2a: Crustle|Earthquake|p1a: Luxray\n|-supereffective|p1a: Luxray\n|-damage|p1a: Luxray|0 fnt\n|faint|p1a: Luxray\n|\n|upkeep\n|\n|t:|1769860500\n|switch|p1a: Decidueye|Decidueye, L87, F|277/277\n|turn|5\n|\n|t:|1769860505\n|move|p2a: Crustle|Stone Edge|p1a: Decidueye|[miss]\n|-miss|p2a: Crustle|p1a: Decidueye\n|move|p1a: Decidueye|Leaf Storm|p2a: Crustle\n|-damage|p2a: Crustle|65/249\n|-unboost|p1a: Decidueye|spa|2\n|\n|upkeep\n|turn|6\n|\n|t:|1769860523\n|move|p2a: Crustle|Stone Edge|p1a: Decidueye\n|-damage|p1a: Decidueye|33/277\n|move|p1a: Decidueye|Spirit Shackle|p2a: Crustle\n|-damage|p2a: Crustle|0 fnt\n|faint|p2a: Crustle\n|\n|-heal|p1a: Decidueye|50/277|[from] item: Leftovers\n|upkeep\n|\n|t:|1769860542\n|switch|p2a: Illumise|Illumise, L92, F|269/269\n|turn|7\n|\n|t:|1769860557\n|move|p2a: Illumise|Bug Buzz|p1a: Decidueye\n|-damage|p1a: Decidueye|0 fnt\n|faint|p1a: Decidueye\n|\n|upkeep\n|\n|t:|1769860562\n|switch|p1a: Pyroar|Pyroar, L88, F|295/295\n|-ability|p1a: Pyroar|Unnerve\n|turn|8\n|\n|t:|1769860568\n|move|p2a: Illumise|Thunder Wave|p1a: Pyroar\n|-status|p1a: Pyroar|par\n|cant|p1a: Pyroar|par\n|\n|upkeep\n|turn|9\n|\n|t:|1769860579\n|switch|p2a: Stoutland|Stoutland, L86, F|286/286\n|move|p1a: Pyroar|Fire Blast|p2a: Stoutland|[miss]\n|-miss|p1a: Pyroar|p2a: Stoutland\n|\n|upkeep\n|turn|10\n|\n|t:|1769860596\n|switch|p1a: Hypno|Hypno, L97, F|322/322\n|move|p2a: Stoutland|Superpower|p1a: Hypno\n|-resisted|p1a: Hypno\n|-damage|p1a: Hypno|243/322\n|-unboost|p2a: Stoutland|atk|1\n|-unboost|p2a: Stoutland|def|1\n|\n|-heal|p1a: Hypno|263/322|[from] item: Leftovers\n|upkeep\n|turn|11\n|\n|t:|1769860612\n|switch|p2a: Celebi|Celebi, L82|298/298\n|move|p1a: Hypno|Focus Blast|p2a: Celebi\n|-resisted|p2a: Celebi\n|-damage|p2a: Celebi|258/298\n|\n|-heal|p1a: Hypno|283/322|[from] item: Leftovers\n|upkeep\n|turn|12\n|\n|t:|1769860622\n|switch|p1a: Pyroar|Pyroar, L88, F|295/295 par\n|-ability|p1a: Pyroar|Unnerve\n|move|p2a: Celebi|U-turn|p1a: Pyroar\n|-resisted|p1a: Pyroar\n|-damage|p1a: Pyroar|271/295 par\n|\n|t:|1769860628\n|switch|p2a: Gallade|Gallade, L84, M|251/251|[from] U-turn\n|\n|upkeep\n|turn|13\n|\n|t:|1769860640\n|switch|p1a: Hypno|Hypno, L97, F|283/322\n|move|p2a: Gallade|Swords Dance|p2a: Gallade\n|-boost|p2a: Gallade|atk|2\n|\n|-heal|p1a: Hypno|303/322|[from] item: Leftovers\n|upkeep\n|turn|14\n|\n|t:|1769860648\n|move|p1a: Hypno|Psychic|p2a: Gallade\n|-damage|p2a: Gallade|163/251\n|move|p2a: Gallade|Knock Off|p1a: Hypno\n|-supereffective|p1a: Hypno\n|-damage|p1a: Hypno|0 fnt\n|-enditem|p1a: Hypno|Leftovers|[from] move: Knock Off|[of] p2a: Gallade\n|faint|p1a: Hypno\n|-damage|p2a: Gallade|138/251|[from] item: Life Orb\n|\n|upkeep\n|\n|t:|1769860659\n|switch|p1a: Maractus|Maractus, M|312/312\n|turn|15\n|\n|t:|1769860670\n|move|p2a: Gallade|Knock Off|p1a: Maractus\n|-damage|p1a: Maractus|79/312\n|-enditem|p1a: Maractus|Leftovers|[from] move: Knock Off|[of] p2a: Gallade\n|-damage|p2a: Gallade|113/251|[from] item: Life Orb\n|move|p1a: Maractus|Giga Drain|p2a: Gallade\n|-damage|p2a: Gallade|22/251\n|-heal|p1a: Maractus|125/312|[from] drain|[of] p2a: Gallade\n|\n|upkeep\n|turn|16\n|\n|t:|1769860681\n|move|p2a: Gallade|Close Combat|p1a: Maractus\n|-damage|p1a: Maractus|0 fnt\n|-unboost|p2a: Gallade|def|1\n|-unboost|p2a: Gallade|spd|1\n|faint|p1a: Maractus\n|-damage|p2a: Gallade|0 fnt|[from] item: Life Orb\n|faint|p2a: Gallade\n|\n|upkeep\n|\n|t:|1769860691\n|switch|p2a: Stoutland|Stoutland, L86, F|286/286\n|switch|p1a: Pyroar|Pyroar, L88, F|271/295 par\n|-ability|p1a: Pyroar|Unnerve\n|turn|17\n|\n|t:|1769860697\n|move|p2a: Stoutland|Superpower|p1a: Pyroar\n|-supereffective|p1a: Pyroar\n|-damage|p1a: Pyroar|0 fnt\n|-unboost|p2a: Stoutland|atk|1\n|-unboost|p2a: Stoutland|def|1\n|faint|p1a: Pyroar\n|\n|win|sasoriofthered43\n|raw|aurora ltd's rating: 1548 &rarr; <strong>1528</strong><br />(-20 for losing)\n|raw|sasoriofthered43's rating: 1541 &rarr; <strong>1561</strong><br />(+20 for winning)\n", "inputlog": ">version b99ff0165a6231f17e8b78c2a78d1998375de664\n>start {\"formatid\":\"gen7randombattle\",\"seed\":\"sodium,308be985952f15d686d49c645597245b\",\"rated\":\"Rated battle\"}\n>player p1 {\"name\":\"aurora ltd\",\"avatar\":\"silver-gen2kanto\",\"rating\":1548,\"seed\":\"sodium,3ae5e6ffff739657846ca1da303ef73b\"}\n>player p2 {\"name\":\"sasoriofthered43\",\"avatar\":\"janine\",\"rating\":1541,\"seed\":\"sodium,d87221d0758008d9d63bf434019a847f\"}\n>p1 move mirrorcoat\n>p2 move xscissor\n>p1 move counter\n>p2 move shellsmash\n>p1 move counter\n>p2 move xscissor\n>p1 switch 2\n>p1 move wildcharge\n>p2 move earthquake\n>p1 switch 5\n>p1 move leafstorm\n>p2 move stoneedge\n>p1 move spiritshackle\n>p2 move stoneedge\n>p2 switch 5\n>p1 move spiritshackle\n>p2 move bugbuzz\n>p1 switch 6\n>p1 move fireblast\n>p2 move thunderwave\n>p1 move fireblast\n>p2 switch 4\n>p1 switch 3\n>p2 move superpower\n>p1 move focusblast\n>p2 switch 6\n>p1 switch 3\n>p2 move uturn\n>p2 switch 2\n>p1 switch 3\n>p2 move swordsdance\n>p1 move psychic\n>p2 move knockoff\n>p1 switch 4\n>p1 move gigadrain\n>p2 move knockoff\n>p1 move gigadrain\n>p2 move closecombat\n>p1 switch 3\n>p2 switch 6\n>p1 move fireblast\n>p2 move superpower", "uploadtime": 1769860704, "views": 176, "formatid": "gen7randombattle", "rating": 1528, "private": 0, "password": null}