{"id": "gen7randombattle-2537642829", "format": "[Gen 7] Random Battle", "players": ["OxygenWest140", "Takemikazuche"], "log": "|j|☆OxygenWest140\n|j|☆Takemikazuche\n|t:|1770834626\n|gametype|singles\n|player|p1|OxygenWest140|morty|1593\n|player|p2|Takemikazuche|169|1506\n|gen|7\n|tier|[Gen 7] Random Battle\n|rated|\n|rule|Sleep Clause Mod: Limit one foe put to sleep\n|rule|HP Percentage Mod: HP is shown in percentages\n|rule|Illusion Level Mod: Illusion disguises the Pokémon's true level\n|\n|t:|1770834626\n|teamsize|p1|6\n|teamsize|p2|6\n|start\n|switch|p1a: Galvantula|Galvantula, L80, M|243/243\n|switch|p2a: Sawk|Sawk, L86, M|269/269\n|turn|1\n|inactive|Battle timer is ON: inactive players will automatically lose when time's up. (requested by OxygenWest140)\n|inactive|Takemikazuche has 120 seconds left.\n|\n|t:|1770834660\n|switch|p2a: Lycanroc|Lycanroc-Dusk, L83, F|260/260\n|move|p1a: Galvantula|Sticky Web|p2a: Lycanroc\n|-sidestart|p2: Takemikazuche|move: Sticky Web\n|\n|upkeep\n|turn|2\n|\n|t:|1770834677\n|switch|p1a: Cresselia|Cresselia, L82, F|331/331\n|move|p2a: Lycanroc|Stone Edge|p1a: Cresselia\n|-damage|p1a: Cresselia|240/331\n|\n|upkeep\n|turn|3\n|\n|t:|1770834685\n|move|p2a: Lycanroc|Swords Dance|p2a: Lycanroc\n|-boost|p2a: Lycanroc|atk|2\n|move|p1a: Cresselia|Thunder Wave|p2a: Lycanroc\n|-status|p2a: Lycanroc|par\n|\n|upkeep\n|turn|4\n|\n|t:|1770834692\n|move|p1a: Cresselia|Psychic|p2a: Lycanroc\n|-damage|p2a: Lycanroc|166/260 par\n|-zpower|p2a: Lycanroc\n|move|p2a: Lycanroc|Splintered Stormshards|p1a: Cresselia|[zeffect]\n|-damage|p1a: Cresselia|0 fnt\n|faint|p1a: Cresselia\n|\n|upkeep\n|\n|t:|1770834705\n|switch|p1a: Mantine|Mantine, L87, M|290/290\n|turn|5\n|\n|t:|1770834709\n|move|p1a: Mantine|Scald|p2a: Lycanroc\n|-supereffective|p2a: Lycanroc\n|-damage|p2a: Lycanroc|0 fnt\n|faint|p2a: Lycanroc\n|\n|upkeep\n|\n|t:|1770834719\n|switch|p2a: Aurorus|Aurorus, L88, M|360/360\n|-activate|p2a: Aurorus|move: Sticky Web\n|-unboost|p2a: Aurorus|spe|1\n|-weather|Hail|[from] ability: Snow Warning|[of] p2a: Aurorus\n|turn|6\n|\n|t:|1770834734\n|switch|p1a: Togedemaru|Togedemaru, L86, M|252/252\n|move|p2a: Aurorus|Freeze-Dry|p1a: Togedemaru\n|-resisted|p1a: Togedemaru\n|-damage|p1a: Togedemaru|206/252\n|\n|-weather|Hail|[upkeep]\n|-damage|p1a: Togedemaru|191/252|[from] Hail\n|-heal|p1a: Togedemaru|206/252|[from] item: Leftovers\n|upkeep\n|turn|7\n|\n|t:|1770834740\n|move|p1a: Togedemaru|U-turn|p2a: Aurorus\n|-damage|p2a: Aurorus|304/360\n|\n|t:|1770834747\n|switch|p1a: Snorlax|Snorlax, L83, F|401/401|[from] U-turn\n|move|p2a: Aurorus|Earth Power|p1a: Snorlax\n|-damage|p1a: Snorlax|343/401\n|\n|-weather|Hail|[upkeep]\n|-damage|p1a: Snorlax|318/401|[from] Hail\n|-heal|p2a: Aurorus|326/360|[from] item: Leftovers\n|-heal|p1a: Snorlax|343/401|[from] item: Leftovers\n|upkeep\n|turn|8\n|\n|t:|1770834765\n|switch|p2a: Sawk|Sawk, L86, M|269/269\n|-activate|p2a: Sawk|move: Sticky Web\n|-unboost|p2a: Sawk|spe|1\n|move|p1a: Snorlax|Earthquake|p2a: Sawk\n|-damage|p2a: Sawk|187/269\n|\n|-weather|Hail|[upkeep]\n|-damage|p2a: Sawk|171/269|[from] Hail\n|-damage|p1a: Snorlax|318/401|[from] Hail\n|-heal|p2a: Sawk|187/269|[from] item: Leftovers\n|-heal|p1a: Snorlax|343/401|[from] item: Leftovers\n|upkeep\n|turn|9\n|\n|t:|1770834776\n|switch|p1a: Mantine|Mantine, L87, M|290/290\n|move|p2a: Sawk|Knock Off|p1a: Mantine\n|-crit|p1a: Mantine\n|-damage|p1a: Mantine|150/290\n|-enditem|p1a: Mantine|Leftovers|[from] move: Knock Off|[of] p2a: Sawk\n|\n|-weather|Hail|[upkeep]\n|-damage|p1a: Mantine|132/290|[from] Hail\n|-damage|p2a: Sawk|171/269|[from] Hail\n|-heal|p2a: Sawk|187/269|[from] item: Leftovers\n|upkeep\n|turn|10\n|\n|t:|1770834781\n|move|p1a: Mantine|Roost|p1a: Mantine\n|-heal|p1a: Mantine|277/290\n|-singleturn|p1a: Mantine|move: Roost\n|move|p2a: Sawk|Stone Edge|p1a: Mantine\n|-damage|p1a: Mantine|177/290\n|\n|-weather|none\n|-heal|p2a: Sawk|203/269|[from] item: Leftovers\n|upkeep\n|turn|11\n|\n|t:|1770834788\n|move|p1a: Mantine|Scald|p2a: Sawk\n|-damage|p2a: Sawk|119/269\n|move|p2a: Sawk|Stone Edge|p1a: Mantine\n|-supereffective|p1a: Mantine\n|-damage|p1a: Mantine|0 fnt\n|faint|p1a: Mantine\n|\n|-heal|p2a: Sawk|135/269|[from] item: Leftovers\n|upkeep\n|\n|t:|1770834797\n|switch|p1a: Galvantula|Galvantula, L80, M|243/243\n|turn|12\n|\n|t:|1770834799\n|move|p1a: Galvantula|Thunder|p2a: Sawk\n|-damage|p2a: Sawk|20/269\n|move|p2a: Sawk|Stone Edge|p1a: Galvantula\n|-supereffective|p1a: Galvantula\n|-enditem|p1a: Galvantula|Focus Sash\n|-damage|p1a: Galvantula|1/243\n|\n|-heal|p2a: Sawk|36/269|[from] item: Leftovers\n|upkeep\n|turn|13\n|\n|t:|1770834806\n|move|p1a: Galvantula|Bug Buzz|p2a: Sawk\n|-resisted|p2a: Sawk\n|-damage|p2a: Sawk|0 fnt\n|faint|p2a: Sawk\n|\n|upkeep\n|\n|t:|1770834809\n|switch|p2a: Aurorus|Aurorus, L88, M|326/360\n|-activate|p2a: Aurorus|move: Sticky Web\n|-unboost|p2a: Aurorus|spe|1\n|-weather|Hail|[from] ability: Snow Warning|[of] p2a: Aurorus\n|turn|14\n|\n|t:|1770834814\n|move|p1a: Galvantula|Volt Switch|p2a: Aurorus\n|-damage|p2a: Aurorus|266/360\n|\n|t:|1770834816\n|switch|p1a: Snorlax|Snorlax, L83, F|343/401|[from] Volt Switch\n|move|p2a: Aurorus|Blizzard|p1a: Snorlax\n|-damage|p1a: Snorlax|285/401\n|\n|-weather|Hail|[upkeep]\n|-damage|p1a: Snorlax|260/401|[from] Hail\n|-heal|p2a: Aurorus|288/360|[from] item: Leftovers\n|-heal|p1a: Snorlax|285/401|[from] item: Leftovers\n|upkeep\n|turn|15\n|\n|t:|1770834825\n|move|p2a: Aurorus|Blizzard|p1a: Snorlax\n|-damage|p1a: Snorlax|233/401\n|-status|p1a: Snorlax|frz\n|cant|p1a: Snorlax|frz\n|\n|-weather|Hail|[upkeep]\n|-damage|p1a: Snorlax|208/401 frz|[from] Hail\n|-heal|p2a: Aurorus|310/360|[from] item: Leftovers\n|-heal|p1a: Snorlax|233/401 frz|[from] item: Leftovers\n|upkeep\n|turn|16\n|\n|t:|1770834829\n|move|p2a: Aurorus|Blizzard|p1a: Snorlax\n|-damage|p1a: Snorlax|176/401 frz\n|cant|p1a: Snorlax|frz\n|\n|-weather|Hail|[upkeep]\n|-damage|p1a: Snorlax|151/401 frz|[from] Hail\n|-heal|p2a: Aurorus|332/360|[from] item: Leftovers\n|-heal|p1a: Snorlax|176/401 frz|[from] item: Leftovers\n|upkeep\n|turn|17\n|\n|t:|1770834832\n|move|p2a: Aurorus|Blizzard|p1a: Snorlax\n|-damage|p1a: Snorlax|121/401 frz\n|cant|p1a: Snorlax|frz\n|\n|-weather|Hail|[upkeep]\n|-damage|p1a: Snorlax|96/401 frz|[from] Hail\n|-heal|p2a: Aurorus|354/360|[from] item: Leftovers\n|-heal|p1a: Snorlax|121/401 frz|[from] item: Leftovers\n|upkeep\n|turn|18\n|\n|t:|1770834835\n|move|p2a: Aurorus|Blizzard|p1a: Snorlax\n|-damage|p1a: Snorlax|61/401 frz\n|cant|p1a: Snorlax|frz\n|\n|-weather|none\n|-heal|p2a: Aurorus|360/360|[from] item: Leftovers\n|-heal|p1a: Snorlax|86/401 frz|[from] item: Leftovers\n|upkeep\n|turn|19\n|\n|t:|1770834837\n|move|p2a: Aurorus|Blizzard|p1a: Snorlax|[miss]\n|-miss|p2a: Aurorus|p1a: Snorlax\n|cant|p1a: Snorlax|frz\n|\n|-heal|p1a: Snorlax|111/401 frz|[from] item: Leftovers\n|upkeep\n|turn|20\n|\n|t:|1770834839\n|move|p2a: Aurorus|Earth Power|p1a: Snorlax\n|-damage|p1a: Snorlax|46/401 frz\n|cant|p1a: Snorlax|frz\n|\n|-heal|p1a: Snorlax|71/401 frz|[from] item: Leftovers\n|upkeep\n|turn|21\n|\n|t:|1770834841\n|move|p2a: Aurorus|Earth Power|p1a: Snorlax\n|-damage|p1a: Snorlax|5/401 frz\n|cant|p1a: Snorlax|frz\n|\n|-heal|p1a: Snorlax|30/401 frz|[from] item: Leftovers\n|upkeep\n|turn|22\n|\n|t:|1770834844\n|move|p2a: Aurorus|Earth Power|p1a: Snorlax\n|-damage|p1a: Snorlax|0 fnt\n|faint|p1a: Snorlax\n|\n|upkeep\n|\n|t:|1770834846\n|switch|p1a: Rhyperior|Rhyperior, L84, M|330/330\n|turn|23\n|\n|t:|1770834853\n|switch|p2a: Pyukumuku|Pyukumuku, L92, F|251/251\n|-activate|p2a: Pyukumuku|move: Sticky Web\n|-unboost|p2a: Pyukumuku|spe|1\n|move|p1a: Rhyperior|Rock Polish|p1a: Rhyperior\n|-boost|p1a: Rhyperior|spe|2\n|\n|upkeep\n|turn|24\n|\n|t:|1770834860\n|switch|p1a: Togedemaru|Togedemaru, L86, M|206/252\n|move|p2a: Pyukumuku|Block|p1a: Togedemaru\n|-activate|p1a: Togedemaru|trapped\n|\n|-heal|p1a: Togedemaru|221/252|[from] item: Leftovers\n|upkeep\n|turn|25\n|\n|t:|1770834866\n|move|p1a: Togedemaru|Wish|p1a: Togedemaru\n|move|p2a: Pyukumuku|Soak|p1a: Togedemaru\n|-start|p1a: Togedemaru|typechange|Water\n|\n|-heal|p1a: Togedemaru|236/252|[from] item: Leftovers\n|upkeep\n|turn|26\n|\n|t:|1770834869\n|move|p1a: Togedemaru|U-turn|p2a: Pyukumuku\n|-damage|p2a: Pyukumuku|212/251\n|\n|t:|1770834871\n|switch|p1a: Galvantula|Galvantula, L80, M|1/243|[from] U-turn\n|move|p2a: Pyukumuku|Toxic|p1a: Galvantula\n|-status|p1a: Galvantula|tox\n|\n|-heal|p1a: Galvantula|127/243 tox|[from] move: Wish|[wisher] Togedemaru\n|-heal|p2a: Pyukumuku|227/251|[from] item: Leftovers\n|-damage|p1a: Galvantula|112/243 tox|[from] psn\n|upkeep\n|turn|27\n|\n|t:|1770834877\n|move|p1a: Galvantula|Volt Switch|p2a: Pyukumuku\n|-supereffective|p2a: Pyukumuku\n|-damage|p2a: Pyukumuku|129/251\n|\n|t:|1770834879\n|switch|p1a: Togedemaru|Togedemaru, L86, M|236/252|[from] Volt Switch\n|move|p2a: Pyukumuku|Block|p1a: Togedemaru\n|-activate|p1a: Togedemaru|trapped\n|\n|-heal|p1a: Togedemaru|251/252|[from] item: Leftovers\n|-heal|p2a: Pyukumuku|144/251|[from] item: Leftovers\n|upkeep\n|turn|28\n|\n|t:|1770834882\n|move|p1a: Togedemaru|Wish|p1a: Togedemaru\n|move|p2a: Pyukumuku|Recover|p2a: Pyukumuku\n|-heal|p2a: Pyukumuku|251/251\n|\n|-heal|p1a: Togedemaru|252/252|[from] item: Leftovers\n|upkeep\n|turn|29\n|\n|t:|1770834887\n|move|p1a: Togedemaru|U-turn|p2a: Pyukumuku\n|-damage|p2a: Pyukumuku|217/251\n|\n|t:|1770834888\n|switch|p1a: Galvantula|Galvantula, L80, M|112/243 tox|[from] U-turn\n|move|p2a: Pyukumuku|Soak|p1a: Galvantula\n|-start|p1a: Galvantula|typechange|Water\n|\n|-heal|p1a: Galvantula|238/243 tox|[from] move: Wish|[wisher] Togedemaru\n|-heal|p2a: Pyukumuku|232/251|[from] item: Leftovers\n|-damage|p1a: Galvantula|223/243 tox|[from] psn\n|upkeep\n|turn|30\n|\n|t:|1770834893\n|move|p1a: Galvantula|Thunder|p2a: Pyukumuku\n|-supereffective|p2a: Pyukumuku\n|-damage|p2a: Pyukumuku|142/251\n|-status|p2a: Pyukumuku|par\n|move|p2a: Pyukumuku|Recover|p2a: Pyukumuku\n|-heal|p2a: Pyukumuku|251/251 par\n|\n|-damage|p1a: Galvantula|193/243 tox|[from] psn\n|upkeep\n|turn|31\n|\n|t:|1770834900\n|move|p1a: Galvantula|Volt Switch|p2a: Pyukumuku\n|-supereffective|p2a: Pyukumuku\n|-damage|p2a: Pyukumuku|185/251 par\n|\n|t:|1770834902\n|switch|p1a: Togedemaru|Togedemaru, L86, M|252/252|[from] Volt Switch\n|cant|p2a: Pyukumuku|par\n|\n|-heal|p2a: Pyukumuku|200/251 par|[from] item: Leftovers\n|upkeep\n|turn|32\n|\n|t:|1770834907\n|move|p1a: Togedemaru|Wish|p1a: Togedemaru\n|move|p2a: Pyukumuku|Soak|p1a: Togedemaru\n|-start|p1a: Togedemaru|typechange|Water\n|\n|-heal|p2a: Pyukumuku|215/251 par|[from] item: Leftovers\n|upkeep\n|turn|33\n|\n|t:|1770834914\n|switch|p2a: Jumpluff|Jumpluff, L89, M|278/278\n|move|p1a: Togedemaru|U-turn|p2a: Jumpluff\n|-damage|p2a: Jumpluff|218/278\n|\n|t:|1770834927\n|switch|p1a: Rhyperior|Rhyperior, L84, M|330/330|[from] U-turn\n|\n|upkeep\n|turn|34\n|\n|t:|1770834937\n|move|p2a: Jumpluff|Substitute|p2a: Jumpluff\n|-start|p2a: Jumpluff|Substitute\n|-damage|p2a: Jumpluff|149/278\n|move|p1a: Rhyperior|Stone Edge|p2a: Jumpluff\n|-supereffective|p2a: Jumpluff\n|-end|p2a: Jumpluff|Substitute\n|\n|upkeep\n|turn|35\n|\n|t:|1770834944\n|move|p2a: Jumpluff|Strength Sap|p1a: Rhyperior\n|-unboost|p1a: Rhyperior|atk|1\n|-heal|p2a: Jumpluff|278/278\n|move|p1a: Rhyperior|Megahorn|p2a: Jumpluff\n|-damage|p2a: Jumpluff|186/278\n|\n|upkeep\n|turn|36\n|\n|t:|1770834950\n|switch|p1a: Togedemaru|Togedemaru, L86, M|252/252\n|move|p2a: Jumpluff|Leech Seed|p1a: Togedemaru\n|-start|p1a: Togedemaru|move: Leech Seed\n|\n|-damage|p1a: Togedemaru|221/252|[from] Leech Seed|[of] p2a: Jumpluff\n|-heal|p2a: Jumpluff|217/278|[silent]\n|upkeep\n|turn|37\n|\n|t:|1770834954\n|move|p2a: Jumpluff|Substitute|p2a: Jumpluff\n|-start|p2a: Jumpluff|Substitute\n|-damage|p2a: Jumpluff|148/278\n|move|p1a: Togedemaru|Zing Zap|p2a: Jumpluff\n|-end|p2a: Jumpluff|Substitute\n|\n|-heal|p1a: Togedemaru|236/252|[from] item: Leftovers\n|-damage|p1a: Togedemaru|205/252|[from] Leech Seed|[of] p2a: Jumpluff\n|-heal|p2a: Jumpluff|179/278|[silent]\n|upkeep\n|turn|38\n|-message|OxygenWest140 forfeited.\n|\n|win|Takemikazuche\n|raw|OxygenWest140's rating: 1593 &rarr; <strong>1568</strong><br />(-25 for losing)\n|raw|Takemikazuche's rating: 1506 &rarr; <strong>1531</strong><br />(+25 for winning)\n|l|☆OxygenWest140\n|player|p1|\n|c|☆Takemikazuche|gg\n", "inputlog": ">version ccdc32dd7cde25fd9e4bed64820e885f66e78a4e\n>start {\"formatid\":\"gen7randombattle\",\"seed\":\"sodium,3974db17e5c8a6849635537a4877376f\",\"rated\":\"Rated battle\"}\n>player p1 {\"name\":\"OxygenWest140\",\"avatar\":\"morty\",\"rating\":1593,\"seed\":\"sodium,a8964743e953759623c5af8419c467c3\"}\n>player p2 {\"name\":\"Takemikazuche\",\"avatar\":\"169\",\"rating\":1506,\"seed\":\"sodium,18587afcf7be200b659ee7c407f4a9ab\"}\n>p1 move stickyweb\n>p2 switch 6\n>p1 switch 3\n>p2 move stoneedge\n>p1 move thunderwave\n>p2 move swordsdance\n>p1 move psychic\n>p2 move stoneedge zmove\n>p1 switch 2\n>p1 move scald\n>p2 move return\n>p2 switch 4\n>p1 switch 4\n>p2 move freezedry\n>p1 move uturn\n>p2 move earthpower\n>p1 switch 6\n>p1 move earthquake\n>p2 switch 6\n>p1 switch 4\n>p2 move knockoff\n>p1 move roost\n>p2 move stoneedge\n>p1 move scald\n>p2 move stoneedge\n>p1 switch 3\n>p1 move thunder\n>p2 move stoneedge\n>p1 move bugbuzz\n>p2 move knockoff\n>p2 switch 6\n>p1 move voltswitch\n>p2 move blizzard\n>p1 switch 4\n>p1 move earthquake\n>p2 move blizzard\n>p1 move earthquake\n>p2 move blizzard\n>p1 move rest\n>p2 move blizzard\n>p1 move rest\n>p2 move blizzard\n>p1 move rest\n>p2 move blizzard\n>p1 move rest\n>p2 move earthpower\n>p1 move rest\n>p2 move earthpower\n>p1 move rest\n>p2 move earthpower\n>p1 switch 5\n>p1 move rockpolish\n>p2 switch 3\n>p1 switch 6\n>p2 move block\n>p1 move wish\n>p2 move soak\n>p1 move uturn\n>p2 move toxic\n>p1 switch 4\n>p1 move voltswitch\n>p2 move block\n>p1 switch 4\n>p1 move wish\n>p2 move recover\n>p1 move uturn\n>p2 move soak\n>p1 switch 4\n>p1 move thunder\n>p2 move recover\n>p1 move voltswitch\n>p2 move block\n>p1 switch 4\n>p1 move wish\n>p2 move soak\n>p1 move uturn\n>p2 switch 5\n>p1 switch 6\n>p1 move stoneedge\n>p2 move substitute\n>p1 move megahorn\n>p2 move strengthsap\n>p1 switch 6\n>p2 move leechseed\n>p1 move zingzap\n>p2 move substitute\n>forcelose p1", "uploadtime": 1770834962, "views": 230, "formatid": "gen7randombattle", "rating": 1531, "private": 0, "password": null}