{"id": "gen7randombattle-2524325795", "format": "[Gen 7] Random Battle", "players": ["archie87975", "Somnium Azurea"], "log": "|j|☆archie87975\n|j|☆Somnium Azurea\n|t:|1769131768\n|gametype|singles\n|player|p1|archie87975|youngn|1654\n|player|p2|Somnium Azurea|lady|1792\n|gen|7\n|tier|[Gen 7] Random Battle\n|rated|\n|rule|Sleep Clause Mod: Limit one foe put to sleep\n|rule|HP Percentage Mod: HP is shown in percentages\n|rule|Illusion Level Mod: Illusion disguises the Pokémon's true level\n|\n|t:|1769131768\n|teamsize|p1|6\n|teamsize|p2|6\n|start\n|switch|p1a: Floatzel|Floatzel, L86, M|286/286\n|switch|p2a: Qwilfish|Qwilfish, L86, F|252/252\n|-ability|p2a: Qwilfish|Intimidate|boost\n|-unboost|p1a: Floatzel|atk|1\n|turn|1\n|inactive|Battle timer is ON: inactive players will automatically lose when time's up. (requested by Somnium Azurea)\n|inactive|archie87975 also wants the timer to be on.\n|\n|t:|1769131779\n|switch|p1a: Stunfisk|Stunfisk, L88, M|335/335\n|move|p2a: Qwilfish|Thunder Wave|p1a: Stunfisk\n|-immune|p1a: Stunfisk\n|\n|upkeep\n|turn|2\n|\n|t:|1769131786\n|move|p2a: Qwilfish|Spikes|p1a: Stunfisk\n|-sidestart|p1: archie87975|Spikes\n|move|p1a: Stunfisk|Stealth Rock|p2a: Qwilfish\n|-sidestart|p2: Somnium Azurea|move: Stealth Rock\n|\n|upkeep\n|turn|3\n|\n|t:|1769131793\n|switch|p2a: Gumshoos|Gumshoos, L94, M|318/318\n|-damage|p2a: Gumshoos|279/318|[from] Stealth Rock\n|move|p1a: Stunfisk|Discharge|p2a: Gumshoos\n|-damage|p2a: Gumshoos|183/318\n|\n|upkeep\n|turn|4\n|\n|t:|1769131800\n|move|p2a: Gumshoos|Earthquake|p1a: Stunfisk\n|-supereffective|p1a: Stunfisk\n|-damage|p1a: Stunfisk|39/335\n|move|p1a: Stunfisk|Discharge|p2a: Gumshoos\n|-damage|p2a: Gumshoos|80/318\n|\n|-heal|p1a: Stunfisk|59/335|[from] item: Leftovers\n|upkeep\n|turn|5\n|\n|t:|1769131808\n|switch|p1a: Chatot|Chatot, L89, F|280/280\n|move|p2a: Gumshoos|Earthquake|p1a: Chatot\n|-immune|p1a: Chatot\n|\n|upkeep\n|turn|6\n|\n|t:|1769131813\n|move|p1a: Chatot|Nasty Plot|p1a: Chatot\n|-boost|p1a: Chatot|spa|2\n|move|p2a: Gumshoos|Earthquake|p1a: Chatot\n|-immune|p1a: Chatot\n|\n|upkeep\n|turn|7\n|\n|t:|1769131822\n|move|p1a: Chatot|Chatter|p2a: Gumshoos\n|-damage|p2a: Gumshoos|0 fnt\n|faint|p2a: Gumshoos\n|-damage|p1a: Chatot|252/280|[from] item: Life Orb\n|\n|upkeep\n|\n|t:|1769131824\n|switch|p2a: Meowstic|Meowstic, L91, M|283/283\n|-damage|p2a: Meowstic|248/283|[from] Stealth Rock\n|turn|8\n|\n|t:|1769131829\n|move|p2a: Meowstic|Thunder Wave|p1a: Chatot\n|-status|p1a: Chatot|par\n|move|p1a: Chatot|Boomburst|p2a: Meowstic\n|-damage|p2a: Meowstic|0 fnt\n|faint|p2a: Meowstic\n|-damage|p1a: Chatot|224/280 par|[from] item: Life Orb\n|\n|upkeep\n|\n|t:|1769131838\n|switch|p2a: Lopunny|Lopunny, L87, F|255/255\n|-damage|p2a: Lopunny|224/255|[from] Stealth Rock\n|turn|9\n|\n|t:|1769131842\n|move|p2a: Lopunny|Return|p1a: Chatot\n|-damage|p1a: Chatot|13/280 par\n|move|p1a: Chatot|Chatter|p2a: Lopunny\n|-damage|p2a: Lopunny|60/255\n|-start|p2a: Lopunny|confusion\n|-damage|p1a: Chatot|0 fnt|[from] item: Life Orb\n|faint|p1a: Chatot\n|\n|upkeep\n|\n|t:|1769131858\n|switch|p1a: Lilligant|Lilligant, L87, F|264/264\n|-damage|p1a: Lilligant|231/264|[from] Spikes\n|turn|10\n|\n|t:|1769131864\n|-activate|p2a: Lopunny|confusion\n|move|p2a: Lopunny|Return|p1a: Lilligant\n|-damage|p1a: Lilligant|78/264\n|move|p1a: Lilligant|Quiver Dance|p1a: Lilligant\n|-boost|p1a: Lilligant|spa|1\n|-boost|p1a: Lilligant|spd|1\n|-boost|p1a: Lilligant|spe|1\n|\n|upkeep\n|turn|11\n|\n|t:|1769131874\n|move|p1a: Lilligant|Petal Dance|p2a: Lopunny\n|-damage|p2a: Lopunny|0 fnt\n|faint|p2a: Lopunny\n|-damage|p1a: Lilligant|52/264|[from] item: Life Orb\n|\n|upkeep\n|\n|t:|1769131876\n|switch|p2a: Qwilfish|Qwilfish, L86, F|252/252\n|-damage|p2a: Qwilfish|221/252|[from] Stealth Rock\n|-ability|p2a: Qwilfish|Intimidate|boost\n|-unboost|p1a: Lilligant|atk|1\n|turn|12\n|\n|t:|1769131880\n|move|p1a: Lilligant|Petal Dance|p2a: Qwilfish|[from] lockedmove\n|-damage|p2a: Qwilfish|0 fnt\n|faint|p2a: Qwilfish\n|-damage|p1a: Lilligant|26/264|[from] item: Life Orb\n|\n|upkeep\n|\n|t:|1769131882\n|switch|p2a: Victini|Victini, L76|277/277\n|-damage|p2a: Victini|208/277|[from] Stealth Rock\n|turn|13\n|\n|t:|1769131885\n|move|p1a: Lilligant|Petal Dance|p2a: Victini|[from] lockedmove\n|-resisted|p2a: Victini\n|-damage|p2a: Victini|72/277\n|-damage|p1a: Lilligant|0 fnt|[from] item: Life Orb\n|faint|p1a: Lilligant\n|move|p2a: Victini|U-turn|p1: Lilligant|[notarget]\n|-fail|p2a: Victini\n|\n|upkeep\n|\n|t:|1769131888\n|switch|p1a: Floatzel|Floatzel, L86, M|286/286\n|-damage|p1a: Floatzel|251/286|[from] Spikes\n|turn|14\n|\n|t:|1769131891\n|move|p2a: Victini|U-turn|p1a: Floatzel\n|-damage|p1a: Floatzel|193/286\n|\n|t:|1769131895\n|switch|p2a: Pinsir|Pinsir, L74, M|217/217|[from] U-turn\n|-damage|p2a: Pinsir|163/217|[from] Stealth Rock\n|move|p1a: Floatzel|Liquidation|p2a: Pinsir\n|-damage|p2a: Pinsir|21/217\n|-unboost|p2a: Pinsir|def|1\n|\n|upkeep\n|turn|15\n|-message|Somnium Azurea forfeited.\n|\n|win|archie87975\n|raw|archie87975's rating: 1654 &rarr; <strong>1682</strong><br />(+28 for winning)\n|raw|Somnium Azurea's rating: 1792 &rarr; <strong>1764</strong><br />(-28 for losing)\n|l|☆Somnium Azurea\n|player|p2|\n|l|☆archie87975\n|player|p1|\n", "inputlog": ">version dd3d52b8382d73d1dd2c67730c4067df325ab790\n>start {\"formatid\":\"gen7randombattle\",\"seed\":\"sodium,744ad12b8b44b4dfbaed80258067e452\",\"rated\":\"Rated battle\"}\n>player p1 {\"name\":\"archie87975\",\"avatar\":\"youngn\",\"rating\":1654,\"seed\":\"sodium,c757990158b4084a7f3c2bcbc2a99562\"}\n>player p2 {\"name\":\"Somnium Azurea\",\"avatar\":\"lady\",\"rating\":1792,\"seed\":\"sodium,da6102e65da37f0ee023e8b6f41ff9ba\"}\n>p1 switch 2\n>p2 move thunderwave\n>p1 move stealthrock\n>p2 move spikes\n>p1 move discharge\n>p2 switch 3\n>p1 move discharge\n>p2 move earthquake\n>p1 switch 6\n>p2 move earthquake\n>p1 move nastyplot\n>p2 move earthquake\n>p1 move chatter\n>p2 move earthquake\n>p2 switch 5\n>p1 move boomburst\n>p2 move thunderwave\n>p2 switch 2\n>p1 move chatter\n>p2 move return\n>p1 switch 5\n>p1 move quiverdance\n>p2 move return\n>p1 move petaldance\n>p2 move return\n>p2 switch 3\n>p1 move petaldance\n>p2 move waterfall\n>p2 switch 6\n>p1 move petaldance\n>p2 move uturn\n>p1 switch 2\n>p1 move liquidation\n>p2 move uturn\n>p2 switch 4\n>forcelose p2", "uploadtime": 1769131903, "views": 155, "formatid": "gen7randombattle", "rating": 1682, "private": 0, "password": null}