{"id": "gen7randombattle-2525188309", "format": "[Gen 7] Random Battle", "players": ["Michielleus", "may/gen3"], "log": "|j|☆Michielleus\n|j|☆may/gen3\n|t:|1769244998\n|gametype|singles\n|player|p1|Michielleus|#rbtt9faction2|1823\n|player|p2|may/gen3|may|1720\n|gen|7\n|tier|[Gen 7] Random Battle\n|rated|\n|rule|Sleep Clause Mod: Limit one foe put to sleep\n|rule|HP Percentage Mod: HP is shown in percentages\n|rule|Illusion Level Mod: Illusion disguises the Pokémon's true level\n|\n|t:|1769244998\n|teamsize|p1|6\n|teamsize|p2|6\n|start\n|switch|p1a: Vaporeon|Vaporeon, L86, M|364/364\n|switch|p2a: Magmortar|Magmortar, L88, F|275/275\n|turn|1\n|inactive|Battle timer is ON: inactive players will automatically lose when time's up. (requested by Michielleus)\n|\n|t:|1769245005\n|move|p2a: Magmortar|Thunderbolt|p1a: Vaporeon\n|-supereffective|p1a: Vaporeon\n|-damage|p1a: Vaporeon|122/364\n|move|p1a: Vaporeon|Scald|p2a: Magmortar\n|-supereffective|p2a: Magmortar\n|-damage|p2a: Magmortar|81/275\n|\n|-heal|p1a: Vaporeon|144/364|[from] item: Leftovers\n|upkeep\n|turn|2\n|\n|t:|1769245009\n|move|p1a: Vaporeon|Protect|p1a: Vaporeon\n|-singleturn|p1a: Vaporeon|Protect\n|move|p2a: Magmortar|Thunderbolt|p1a: Vaporeon\n|-activate|p1a: Vaporeon|move: Protect\n|\n|-heal|p1a: Vaporeon|166/364|[from] item: Leftovers\n|upkeep\n|turn|3\n|\n|t:|1769245014\n|switch|p1a: Camerupt|Camerupt, L88, F|266/266\n|move|p2a: Magmortar|Thunderbolt|p1a: Camerupt\n|-immune|p1a: Camerupt\n|\n|upkeep\n|turn|4\n|\n|t:|1769245017\n|switch|p2a: Unown|Unown-Y|258/258\n|detailschange|p1a: Camerupt|Camerupt-Mega, L88, F\n|-mega|p1a: Camerupt|Camerupt|Cameruptite\n|move|p1a: Camerupt|Stealth Rock|p2a: Unown\n|-sidestart|p2: may/gen3|move: Stealth Rock\n|\n|upkeep\n|turn|5\n|\n|t:|1769245027\n|switch|p1a: Aromatisse|Aromatisse, L91, F|332/332\n|move|p2a: Unown|Hidden Power|p1a: Aromatisse\n|-resisted|p1a: Aromatisse\n|-damage|p1a: Aromatisse|299/332\n|\n|-heal|p1a: Aromatisse|319/332|[from] item: Leftovers\n|upkeep\n|turn|6\n|\n|t:|1769245034\n|switch|p2a: Golduck|Golduck, L93, F|300/300\n|-damage|p2a: Golduck|263/300|[from] Stealth Rock\n|-ability|p2a: Golduck|Cloud Nine\n|move|p1a: Aromatisse|Toxic|p2a: Golduck\n|-status|p2a: Golduck|tox\n|\n|-heal|p1a: Aromatisse|332/332|[from] item: Leftovers\n|-damage|p2a: Golduck|245/300 tox|[from] psn\n|upkeep\n|turn|7\n|\n|t:|1769245042\n|switch|p2a: Genesect|Genesect, L73|224/224\n|-damage|p2a: Genesect|196/224|[from] Stealth Rock\n|-ability|p2a: Genesect|Download|boost\n|-boost|p2a: Genesect|atk|1\n|switch|p1a: Vaporeon|Vaporeon, L86, M|166/364\n|\n|-heal|p1a: Vaporeon|188/364|[from] item: Leftovers\n|upkeep\n|turn|8\n|\n|t:|1769245049\n|move|p2a: Genesect|X-Scissor|p1a: Vaporeon\n|-damage|p1a: Vaporeon|11/364\n|-damage|p2a: Genesect|174/224|[from] item: Life Orb\n|move|p1a: Vaporeon|Scald|p2a: Genesect\n|-damage|p2a: Genesect|59/224\n|-status|p2a: Genesect|brn\n|\n|-heal|p1a: Vaporeon|33/364|[from] item: Leftovers\n|-damage|p2a: Genesect|45/224 brn|[from] brn\n|upkeep\n|turn|9\n|\n|t:|1769245054\n|move|p1a: Vaporeon|Protect|p1a: Vaporeon\n|-singleturn|p1a: Vaporeon|Protect\n|move|p2a: Genesect|X-Scissor|p1a: Vaporeon\n|-activate|p1a: Vaporeon|move: Protect\n|\n|-heal|p1a: Vaporeon|55/364|[from] item: Leftovers\n|-damage|p2a: Genesect|31/224 brn|[from] brn\n|upkeep\n|turn|10\n|\n|t:|1769245058\n|switch|p1a: Dialga|Dialga, L74|270/270\n|-ability|p1a: Dialga|Pressure\n|move|p2a: Genesect|X-Scissor|p1a: Dialga\n|-resisted|p1a: Dialga\n|-damage|p1a: Dialga|235/270\n|-damage|p2a: Genesect|9/224 brn|[from] item: Life Orb\n|\n|-damage|p2a: Genesect|0 fnt|[from] brn\n|faint|p2a: Genesect\n|upkeep\n|\n|t:|1769245061\n|switch|p2a: Magmortar|Magmortar, L88, F|81/275\n|-damage|p2a: Magmortar|13/275|[from] Stealth Rock\n|turn|11\n|\n|t:|1769245065\n|switch|p1a: Aromatisse|Aromatisse, L91, F|332/332\n|move|p2a: Magmortar|Fire Blast|p1a: Aromatisse\n|-damage|p1a: Aromatisse|127/332\n|\n|-heal|p1a: Aromatisse|147/332|[from] item: Leftovers\n|upkeep\n|turn|12\n|\n|t:|1769245071\n|move|p1a: Aromatisse|Protect|p1a: Aromatisse\n|-singleturn|p1a: Aromatisse|Protect\n|move|p2a: Magmortar|Fire Blast|p1a: Aromatisse\n|-activate|p1a: Aromatisse|move: Protect\n|\n|-heal|p1a: Aromatisse|167/332|[from] item: Leftovers\n|upkeep\n|turn|13\n|\n|t:|1769245080\n|move|p1a: Aromatisse|Protect|p1a: Aromatisse\n|-singleturn|p1a: Aromatisse|Protect\n|move|p2a: Magmortar|Fire Blast|p1a: Aromatisse\n|-activate|p1a: Aromatisse|move: Protect\n|\n|-heal|p1a: Aromatisse|187/332|[from] item: Leftovers\n|upkeep\n|turn|14\n|\n|t:|1769245084\n|switch|p1a: Vaporeon|Vaporeon, L86, M|55/364\n|move|p2a: Magmortar|Fire Blast|p1a: Vaporeon\n|-resisted|p1a: Vaporeon\n|-damage|p1a: Vaporeon|0 fnt\n|faint|p1a: Vaporeon\n|\n|upkeep\n|\n|t:|1769245090\n|switch|p1a: Heliolisk|Heliolisk, L85, F|244/244\n|turn|15\n|\n|t:|1769245093\n|move|p1a: Heliolisk|Hyper Voice|p2a: Magmortar\n|-damage|p2a: Magmortar|0 fnt\n|faint|p2a: Magmortar\n|-damage|p1a: Heliolisk|220/244|[from] item: Life Orb\n|\n|upkeep\n|\n|t:|1769245095\n|switch|p2a: Unown|Unown-Y|258/258\n|-damage|p2a: Unown|226/258|[from] Stealth Rock\n|turn|16\n|\n|t:|1769245098\n|switch|p1a: Aromatisse|Aromatisse, L91, F|187/332\n|move|p2a: Unown|Hidden Power|p1a: Aromatisse\n|-resisted|p1a: Aromatisse\n|-damage|p1a: Aromatisse|153/332\n|\n|-heal|p1a: Aromatisse|173/332|[from] item: Leftovers\n|upkeep\n|turn|17\n|\n|t:|1769245102\n|switch|p2a: Zangoose|Zangoose, L86, M|266/266\n|-damage|p2a: Zangoose|233/266|[from] Stealth Rock\n|move|p1a: Aromatisse|Wish|p1a: Aromatisse\n|\n|-heal|p1a: Aromatisse|193/332|[from] item: Leftovers\n|-status|p2a: Zangoose|tox|[from] item: Toxic Orb\n|upkeep\n|turn|18\n|\n|t:|1769245109\n|move|p1a: Aromatisse|Protect|p1a: Aromatisse\n|-singleturn|p1a: Aromatisse|Protect\n|move|p2a: Zangoose|Swords Dance|p2a: Zangoose\n|-boost|p2a: Zangoose|atk|2\n|\n|-heal|p1a: Aromatisse|332/332|[from] move: Wish|[wisher] Aromatisse\n|-damage|p2a: Zangoose|217/266 tox|[from] psn\n|upkeep\n|turn|19\n|\n|t:|1769245115\n|move|p2a: Zangoose|Facade|p1a: Aromatisse\n|-damage|p1a: Aromatisse|0 fnt\n|faint|p1a: Aromatisse\n|\n|-damage|p2a: Zangoose|185/266 tox|[from] psn\n|upkeep\n|\n|t:|1769245119\n|switch|p1a: Heliolisk|Heliolisk, L85, F|220/244\n|turn|20\n|\n|t:|1769245122\n|move|p2a: Zangoose|Quick Attack|p1a: Heliolisk\n|-crit|p1a: Heliolisk\n|-damage|p1a: Heliolisk|0 fnt\n|faint|p1a: Heliolisk\n|\n|-damage|p2a: Zangoose|137/266 tox|[from] psn\n|upkeep\n|\n|t:|1769245134\n|switch|p1a: Camerupt|Camerupt-Mega, L88, F|266/266\n|turn|21\n|\n|t:|1769245137\n|switch|p1a: Dialga|Dialga, L74|235/270\n|-ability|p1a: Dialga|Pressure\n|move|p2a: Zangoose|Facade|p1a: Dialga\n|-resisted|p1a: Dialga\n|-damage|p1a: Dialga|12/270\n|\n|-damage|p2a: Zangoose|73/266 tox|[from] psn\n|upkeep\n|turn|22\n|\n|t:|1769245142\n|move|p2a: Zangoose|Facade|p1a: Dialga\n|-resisted|p1a: Dialga\n|-damage|p1a: Dialga|0 fnt\n|faint|p1a: Dialga\n|\n|-damage|p2a: Zangoose|0 fnt|[from] psn\n|faint|p2a: Zangoose\n|upkeep\n|\n|t:|1769245151\n|switch|p2a: Golduck|Golduck, L93, F|245/300 tox\n|switch|p1a: Watchog|Watchog, L96, F|271/271\n|-damage|p2a: Golduck|208/300 tox|[from] Stealth Rock\n|-ability|p2a: Golduck|Cloud Nine\n|turn|23\n|\n|t:|1769245158\n|switch|p2a: Unown|Unown-Y|226/258\n|-damage|p2a: Unown|194/258|[from] Stealth Rock\n|move|p1a: Watchog|Return|p2a: Unown\n|-damage|p2a: Unown|0 fnt\n|faint|p2a: Unown\n|\n|upkeep\n|\n|t:|1769245163\n|switch|p2a: Dragonite|Dragonite, L72, M|250/250\n|-damage|p2a: Dragonite|188/250|[from] Stealth Rock\n|turn|24\n|\n|t:|1769245169\n|move|p1a: Watchog|Return|p2a: Dragonite\n|-damage|p2a: Dragonite|50/250\n|move|p2a: Dragonite|Dragon Dance|p2a: Dragonite\n|-boost|p2a: Dragonite|atk|1\n|-boost|p2a: Dragonite|spe|1\n|\n|upkeep\n|turn|25\n|\n|t:|1769245175\n|switch|p1a: Camerupt|Camerupt-Mega, L88, F|266/266\n|-zpower|p2a: Dragonite\n|move|p2a: Dragonite|Supersonic Skystrike|p1a: Camerupt|[zeffect]\n|-damage|p1a: Camerupt|19/266\n|\n|upkeep\n|turn|26\n|\n|t:|1769245181\n|move|p2a: Dragonite|Outrage|p1a: Camerupt\n|-damage|p1a: Camerupt|0 fnt\n|faint|p1a: Camerupt\n|detailschange|p1: Camerupt|Camerupt, L88, F|[silent]\n|\n|upkeep\n|\n|t:|1769245182\n|switch|p1a: Watchog|Watchog, L96, F|271/271\n|turn|27\n|\n|t:|1769245190\n|move|p2a: Dragonite|Outrage|p1a: Watchog|[from] lockedmove\n|-damage|p1a: Watchog|69/271\n|move|p1a: Watchog|Hypnosis|p2a: Dragonite|[miss]\n|-miss|p1a: Watchog|p2a: Dragonite\n|\n|-heal|p1a: Watchog|85/271|[from] item: Leftovers\n|upkeep\n|turn|28\n|\n|t:|1769245193\n|move|p2a: Dragonite|Outrage|p1a: Watchog|[from] lockedmove\n|-damage|p1a: Watchog|0 fnt\n|faint|p1a: Watchog\n|-start|p2a: Dragonite|confusion|[fatigue]\n|\n|win|may/gen3\n|raw|Michielleus's rating: 1823 &rarr; <strong>1797</strong><br />(-26 for losing)\n|raw|may&#x2f;gen3's rating: 1720 &rarr; <strong>1746</strong><br />(+26 for winning)\n|l|☆Michielleus\n|player|p1|\n", "inputlog": ">version b99ff0165a6231f17e8b78c2a78d1998375de664\n>start {\"formatid\":\"gen7randombattle\",\"seed\":\"sodium,c24af501539689fc9b200acce48ca974\",\"rated\":\"Rated battle\"}\n>player p1 {\"name\":\"Michielleus\",\"avatar\":\"#rbtt9faction2\",\"rating\":1823,\"seed\":\"sodium,2028301addce1c18b9d1442f0bfb2ca5\"}\n>player p2 {\"name\":\"may/gen3\",\"avatar\":\"may\",\"rating\":1720,\"seed\":\"sodium,94d4c7e1a49ee5d3c24dbf1d0e0488f5\"}\n>p1 move scald\n>p2 move thunderbolt\n>p1 move protect\n>p2 move thunderbolt\n>p1 switch 2\n>p2 move thunderbolt\n>p1 move stealthrock mega\n>p2 switch 3\n>p1 switch 4\n>p2 move hiddenpower\n>p1 move toxic\n>p2 switch 5\n>p1 switch 2\n>p2 switch 4\n>p1 move scald\n>p2 move xscissor\n>p1 move protect\n>p2 move xscissor\n>p1 switch 6\n>p2 move xscissor\n>p2 switch 3\n>p1 switch 2\n>p2 move fireblast\n>p1 move protect\n>p2 move fireblast\n>p1 move protect\n>p2 move fireblast\n>p1 switch 6\n>p2 move fireblast\n>p1 switch 3\n>p1 move hypervoice\n>p2 move fireblast\n>p2 switch 5\n>p1 switch 6\n>p2 move hiddenpower\n>p1 move wish\n>p2 switch 2\n>p1 move protect\n>p2 move swordsdance\n>p1 move moonblast\n>p2 move facade\n>p1 switch 6\n>p1 move thunderbolt\n>p2 move quickattack\n>p1 switch 4\n>p1 switch 2\n>p2 move facade\n>p1 move flashcannon\n>p2 move facade\n>p1 switch 5\n>p2 switch 4\n>p1 move return\n>p2 switch 2\n>p2 switch 6\n>p1 move return\n>p2 move dragondance\n>p1 switch 2\n>p2 move fly zmove\n>p1 move ancientpower\n>p2 move outrage\n>p1 switch 2\n>p1 move hypnosis\n>p2 move outrage\n>p1 move hypnosis\n>p2 move outrage", "uploadtime": 1769245198, "views": 272, "formatid": "gen7randombattle", "rating": 1746, "private": 0, "password": null}