{"id": "gen7randombattle-2538005755", "format": "[Gen 7] Random Battle", "players": ["aurora ltd", "Hasanredbaron"], "log": "|j|☆aurora ltd\n|j|☆Hasanredbaron\n|t:|1770876363\n|gametype|singles\n|player|p1|aurora ltd|1|1599\n|player|p2|Hasanredbaron|169|1656\n|gen|7\n|tier|[Gen 7] Random Battle\n|rated|\n|rule|Sleep Clause Mod: Limit one foe put to sleep\n|rule|HP Percentage Mod: HP is shown in percentages\n|rule|Illusion Level Mod: Illusion disguises the Pokémon's true level\n|\n|t:|1770876363\n|teamsize|p1|6\n|teamsize|p2|6\n|start\n|switch|p1a: Landorus|Landorus-Therian, L74, M|254/254\n|switch|p2a: Genesect|Genesect, L73|224/224\n|-ability|p2a: Genesect|Download|boost\n|-boost|p2a: Genesect|spa|1\n|-ability|p1a: Landorus|Intimidate|boost\n|-unboost|p2a: Genesect|atk|1\n|turn|1\n|\n|t:|1770876400\n|switch|p2a: Starmie|Starmie, L84|238/238\n|move|p1a: Landorus|Stealth Rock|p2a: Starmie\n|-sidestart|p2: Hasanredbaron|move: Stealth Rock\n|\n|upkeep\n|turn|2\n|\n|t:|1770876439\n|switch|p1a: Kabutops|Kabutops, L87, F|246/246\n|move|p2a: Starmie|Ice Beam|p1a: Kabutops\n|-resisted|p1a: Kabutops\n|-damage|p1a: Kabutops|214/246\n|-damage|p2a: Starmie|215/238|[from] item: Life Orb\n|\n|upkeep\n|turn|3\n|\n|t:|1770876446\n|move|p2a: Starmie|Hydro Pump|p1a: Kabutops|[miss]\n|-miss|p2a: Starmie|p1a: Kabutops\n|move|p1a: Kabutops|Knock Off|p2a: Starmie\n|-supereffective|p2a: Starmie\n|-damage|p2a: Starmie|51/238\n|-enditem|p2a: Starmie|Life Orb|[from] move: Knock Off|[of] p1a: Kabutops\n|\n|upkeep\n|turn|4\n|inactive|Battle timer is ON: inactive players will automatically lose when time's up. (requested by Hasanredbaron)\n|\n|t:|1770876458\n|move|p2a: Starmie|Hydro Pump|p1a: Kabutops\n|-damage|p1a: Kabutops|126/246\n|move|p1a: Kabutops|Knock Off|p2a: Starmie\n|-supereffective|p2a: Starmie\n|-damage|p2a: Starmie|0 fnt\n|faint|p2a: Starmie\n|\n|upkeep\n|\n|t:|1770876472\n|switch|p2a: Aromatisse|Aromatisse, L91, M|332/332\n|-damage|p2a: Aromatisse|291/332|[from] Stealth Rock\n|turn|5\n|\n|t:|1770876492\n|move|p1a: Kabutops|Stone Edge|p2a: Aromatisse|[miss]\n|-miss|p1a: Kabutops|p2a: Aromatisse\n|move|p2a: Aromatisse|Toxic|p1a: Kabutops\n|-status|p1a: Kabutops|tox\n|\n|-heal|p2a: Aromatisse|311/332|[from] item: Leftovers\n|-damage|p1a: Kabutops|111/246 tox|[from] psn\n|upkeep\n|turn|6\n|\n|t:|1770876501\n|move|p2a: Aromatisse|Protect|p2a: Aromatisse\n|-singleturn|p2a: Aromatisse|Protect\n|move|p1a: Kabutops|Stone Edge|p2a: Aromatisse\n|-activate|p2a: Aromatisse|move: Protect\n|\n|-heal|p2a: Aromatisse|331/332|[from] item: Leftovers\n|-damage|p1a: Kabutops|81/246 tox|[from] psn\n|upkeep\n|turn|7\n|\n|t:|1770876508\n|move|p1a: Kabutops|Stone Edge|p2a: Aromatisse\n|-damage|p2a: Aromatisse|196/332\n|move|p2a: Aromatisse|Wish|p2a: Aromatisse\n|\n|-heal|p2a: Aromatisse|216/332|[from] item: Leftovers\n|-damage|p1a: Kabutops|36/246 tox|[from] psn\n|upkeep\n|turn|8\n|\n|t:|1770876514\n|move|p2a: Aromatisse|Protect|p2a: Aromatisse\n|-singleturn|p2a: Aromatisse|Protect\n|move|p1a: Kabutops|Stone Edge|p2a: Aromatisse\n|-activate|p2a: Aromatisse|move: Protect\n|\n|-heal|p2a: Aromatisse|332/332|[from] move: Wish|[wisher] Aromatisse\n|-damage|p1a: Kabutops|0 fnt|[from] psn\n|faint|p1a: Kabutops\n|upkeep\n|inactive|aurora ltd has 120 seconds left.\n|\n|t:|1770876573\n|switch|p1a: Landorus|Landorus-Therian, L74, M|254/254\n|-ability|p1a: Landorus|Intimidate|boost\n|-unboost|p2a: Aromatisse|atk|1\n|turn|9\n|\n|t:|1770876579\n|move|p1a: Landorus|Toxic|p2a: Aromatisse|[miss]\n|-miss|p1a: Landorus|p2a: Aromatisse\n|move|p2a: Aromatisse|Toxic|p1a: Landorus|[miss]\n|-miss|p2a: Aromatisse|p1a: Landorus\n|\n|upkeep\n|turn|10\n|\n|t:|1770876585\n|move|p2a: Aromatisse|Protect|p2a: Aromatisse\n|-singleturn|p2a: Aromatisse|Protect\n|move|p1a: Landorus|Toxic|p2a: Aromatisse\n|-activate|p2a: Aromatisse|move: Protect\n|\n|upkeep\n|turn|11\n|\n|t:|1770876590\n|move|p1a: Landorus|Toxic|p2a: Aromatisse|[miss]\n|-miss|p1a: Landorus|p2a: Aromatisse\n|move|p2a: Aromatisse|Toxic|p1a: Landorus\n|-status|p1a: Landorus|tox\n|\n|-damage|p1a: Landorus|239/254 tox|[from] psn\n|upkeep\n|turn|12\n|\n|t:|1770876596\n|move|p2a: Aromatisse|Protect|p2a: Aromatisse\n|-singleturn|p2a: Aromatisse|Protect\n|move|p1a: Landorus|Toxic|p2a: Aromatisse\n|-activate|p2a: Aromatisse|move: Protect\n|\n|-heal|p1a: Landorus|254/254 tox|[from] item: Leftovers\n|-damage|p1a: Landorus|224/254 tox|[from] psn\n|upkeep\n|turn|13\n|\n|t:|1770876603\n|move|p1a: Landorus|Toxic|p2a: Aromatisse\n|-status|p2a: Aromatisse|tox\n|move|p2a: Aromatisse|Moonblast|p1a: Landorus\n|-crit|p1a: Landorus\n|-damage|p1a: Landorus|0 fnt\n|faint|p1a: Landorus\n|\n|-damage|p2a: Aromatisse|312/332 tox|[from] psn\n|upkeep\n|\n|t:|1770876617\n|switch|p1a: Accelgor|Accelgor, L90, F|290/290\n|turn|14\n|\n|t:|1770876622\n|move|p1a: Accelgor|Spikes|p2a: Aromatisse\n|-sidestart|p2: Hasanredbaron|Spikes\n|move|p2a: Aromatisse|Moonblast|p1a: Accelgor\n|-damage|p1a: Accelgor|136/290\n|\n|-heal|p1a: Accelgor|154/290|[from] item: Leftovers\n|-heal|p2a: Aromatisse|332/332 tox|[from] item: Leftovers\n|-damage|p2a: Aromatisse|292/332 tox|[from] psn\n|upkeep\n|turn|15\n|\n|t:|1770876630\n|move|p1a: Accelgor|Toxic Spikes|p2a: Aromatisse\n|-sidestart|p2: Hasanredbaron|move: Toxic Spikes\n|move|p2a: Aromatisse|Moonblast|p1a: Accelgor\n|-damage|p1a: Accelgor|16/290\n|\n|-heal|p1a: Accelgor|34/290|[from] item: Leftovers\n|-heal|p2a: Aromatisse|312/332 tox|[from] item: Leftovers\n|-damage|p2a: Aromatisse|252/332 tox|[from] psn\n|upkeep\n|turn|16\n|\n|t:|1770876638\n|move|p1a: Accelgor|Spikes|p2a: Aromatisse\n|-sidestart|p2: Hasanredbaron|Spikes\n|move|p2a: Aromatisse|Moonblast|p1a: Accelgor\n|-damage|p1a: Accelgor|0 fnt\n|faint|p1a: Accelgor\n|\n|-heal|p2a: Aromatisse|272/332 tox|[from] item: Leftovers\n|-damage|p2a: Aromatisse|192/332 tox|[from] psn\n|upkeep\n|\n|t:|1770876649\n|switch|p1a: Lycanroc|Lycanroc-Dusk, L83, M|260/260\n|turn|17\n|\n|t:|1770876659\n|move|p1a: Lycanroc|Stone Edge|p2a: Aromatisse\n|-damage|p2a: Aromatisse|0 fnt\n|faint|p2a: Aromatisse\n|\n|upkeep\n|\n|t:|1770876664\n|switch|p2a: Vileplume|Vileplume, L87, F|272/272\n|-damage|p2a: Vileplume|238/272|[from] Stealth Rock\n|-damage|p2a: Vileplume|193/272|[from] Spikes\n|-sideend|p2: Hasanredbaron|move: Toxic Spikes|[of] p2a: Vileplume\n|turn|18\n|\n|t:|1770876684\n|move|p1a: Lycanroc|Stone Edge|p2a: Vileplume|[miss]\n|-miss|p1a: Lycanroc|p2a: Vileplume\n|move|p2a: Vileplume|Sleep Powder|p1a: Lycanroc\n|-status|p1a: Lycanroc|slp|[from] move: Sleep Powder\n|\n|-heal|p2a: Vileplume|210/272|[from] item: Black Sludge\n|upkeep\n|turn|19\n|inactive|aurora ltd has 120 seconds left.\n|\n|t:|1770876710\n|switch|p1a: Swoobat|Swoobat, L88, F|261/261\n|move|p2a: Vileplume|Hidden Power|p1a: Swoobat\n|-immune|p1a: Swoobat\n|\n|-heal|p2a: Vileplume|227/272|[from] item: Black Sludge\n|upkeep\n|turn|20\n|inactive|aurora ltd has 120 seconds left.\n|inactive|Hasanredbaron has 120 seconds left.\n|inactive|Hasanredbaron has 90 seconds left.\n|inactive|Hasanredbaron has 60 seconds left.\n|inactive|Hasanredbaron has 30 seconds left.\n|inactive|Hasanredbaron has 20 seconds left.\n|\n|t:|1770876844\n|switch|p2a: Gigalith|Gigalith, L82, M|274/274\n|-damage|p2a: Gigalith|240/274|[from] Stealth Rock\n|-damage|p2a: Gigalith|195/274|[from] Spikes\n|-weather|Sandstorm|[from] ability: Sand Stream|[of] p2a: Gigalith\n|move|p1a: Swoobat|Calm Mind|p1a: Swoobat\n|-boost|p1a: Swoobat|spa|2\n|-boost|p1a: Swoobat|spd|2\n|\n|-weather|Sandstorm|[upkeep]\n|-damage|p1a: Swoobat|245/261|[from] Sandstorm\n|-heal|p2a: Gigalith|212/274|[from] item: Leftovers\n|upkeep\n|turn|21\n|inactive|Hasanredbaron has 30 seconds left this turn.\n|inactive|aurora ltd has 120 seconds left.\n|\n|t:|1770876862\n|switch|p1a: Mewtwo|Mewtwo, L70|264/264\n|-ability|p1a: Mewtwo|Unnerve\n|move|p2a: Gigalith|Stone Edge|p1a: Mewtwo\n|-crit|p1a: Mewtwo\n|-damage|p1a: Mewtwo|53/264\n|\n|-weather|Sandstorm|[upkeep]\n|-damage|p1a: Mewtwo|37/264|[from] Sandstorm\n|-heal|p2a: Gigalith|229/274|[from] item: Leftovers\n|upkeep\n|turn|22\n|inactive|aurora ltd has 120 seconds left.\n|inactive|Hasanredbaron has 30 seconds left.\n|\n|t:|1770876875\n|detailschange|p1a: Mewtwo|Mewtwo-Mega-X, L70\n|-mega|p1a: Mewtwo|Mewtwo|Mewtwonite X\n|move|p1a: Mewtwo|Drain Punch|p2a: Gigalith\n|-supereffective|p2a: Gigalith\n|-damage|p2a: Gigalith|91/274\n|-heal|p1a: Mewtwo|106/264|[from] drain|[of] p2a: Gigalith\n|move|p2a: Gigalith|Earthquake|p1a: Mewtwo\n|-damage|p1a: Mewtwo|17/264\n|\n|-weather|Sandstorm|[upkeep]\n|-damage|p1a: Mewtwo|1/264|[from] Sandstorm\n|-heal|p2a: Gigalith|108/274|[from] item: Leftovers\n|upkeep\n|turn|23\n|inactive|aurora ltd has 120 seconds left.\n|\n|t:|1770876886\n|move|p1a: Mewtwo|Drain Punch|p2a: Gigalith\n|-supereffective|p2a: Gigalith\n|-damage|p2a: Gigalith|0 fnt\n|-heal|p1a: Mewtwo|55/264|[from] drain|[of] p2a: Gigalith\n|faint|p2a: Gigalith\n|\n|-weather|Sandstorm|[upkeep]\n|-damage|p1a: Mewtwo|39/264|[from] Sandstorm\n|upkeep\n|\n|t:|1770876892\n|switch|p2a: Banette|Banette, L87, M|253/253\n|-damage|p2a: Banette|222/253|[from] Stealth Rock\n|-damage|p2a: Banette|180/253|[from] Spikes\n|-item|p1a: Mewtwo|Mewtwonite X|[from] ability: Frisk|[of] p2a: Banette\n|turn|24\n|inactive|aurora ltd has 120 seconds left.\n|\n|t:|1770876909\n|detailschange|p2a: Banette|Banette-Mega, L87, M\n|-mega|p2a: Banette|Banette|Banettite\n|move|p2a: Banette|Shadow Sneak|p1a: Mewtwo\n|-supereffective|p1a: Mewtwo\n|-damage|p1a: Mewtwo|0 fnt\n|faint|p1a: Mewtwo\n|detailschange|p1: Mewtwo|Mewtwo, L70|[silent]\n|\n|-weather|none\n|upkeep\n|\n|t:|1770876918\n|switch|p1a: Lycanroc|Lycanroc-Dusk, L83, M|260/260 slp\n|turn|25\n|\n|t:|1770876922\n|cant|p1a: Lycanroc|slp\n|move|p2a: Banette|Shadow Claw|p1a: Lycanroc\n|-damage|p1a: Lycanroc|109/260 slp\n|\n|upkeep\n|turn|26\n|\n|t:|1770876927\n|-curestatus|p1a: Lycanroc|slp|[msg]\n|move|p1a: Lycanroc|Stone Edge|p2a: Banette\n|-damage|p2a: Banette|0 fnt\n|faint|p2a: Banette\n|detailschange|p2: Banette|Banette, L87, M|[silent]\n|\n|upkeep\n|\n|t:|1770876939\n|switch|p2a: Vileplume|Vileplume, L87, F|227/272\n|-damage|p2a: Vileplume|193/272|[from] Stealth Rock\n|-damage|p2a: Vileplume|148/272|[from] Spikes\n|turn|27\n|\n|t:|1770876944\n|move|p1a: Lycanroc|Stone Edge|p2a: Vileplume\n|-crit|p2a: Vileplume\n|-damage|p2a: Vileplume|0 fnt\n|faint|p2a: Vileplume\n|\n|upkeep\n|\n|t:|1770876948\n|switch|p2a: Genesect|Genesect, L73|224/224\n|-damage|p2a: Genesect|196/224|[from] Stealth Rock\n|-damage|p2a: Genesect|159/224|[from] Spikes\n|-ability|p2a: Genesect|Download|boost\n|-boost|p2a: Genesect|spa|1\n|turn|28\n|\n|t:|1770876953\n|move|p1a: Lycanroc|Stone Edge|p2a: Genesect\n|-damage|p2a: Genesect|0 fnt\n|faint|p2a: Genesect\n|\n|win|aurora ltd\n|raw|aurora ltd's rating: 1599 &rarr; <strong>1622</strong><br />(+23 for winning)\n|raw|Hasanredbaron's rating: 1656 &rarr; <strong>1633</strong><br />(-23 for losing)\n|l|☆Hasanredbaron\n|player|p2|\n", "inputlog": ">version ccdc32dd7cde25fd9e4bed64820e885f66e78a4e\n>start {\"formatid\":\"gen7randombattle\",\"seed\":\"sodium,5ed8ea0e0aa9ad3a9a2ac3a8a602b651\",\"rated\":\"Rated battle\"}\n>player p1 {\"name\":\"aurora ltd\",\"avatar\":\"1\",\"rating\":1599,\"seed\":\"sodium,a9e8f22650f0145d92d94aa65a52dc02\"}\n>player p2 {\"name\":\"Hasanredbaron\",\"avatar\":\"169\",\"rating\":1656,\"seed\":\"sodium,556b126426847fc8fff510d6161b50c8\"}\n>p1 move stealthrock\n>p2 switch 3\n>p1 switch 4\n>p2 move icebeam\n>p1 move knockoff\n>p2 move hydropump\n>p1 move knockoff\n>p2 move hydropump\n>p2 switch 2\n>p1 move stoneedge\n>p2 move toxic\n>p1 move stoneedge\n>p2 move protect\n>p1 move stoneedge\n>p2 move wish\n>p1 move stoneedge\n>p2 move protect\n>p1 switch 4\n>p1 move toxic\n>p2 move toxic\n>p1 move toxic\n>p2 move protect\n>p1 move toxic\n>p2 move toxic\n>p1 move toxic\n>p2 move protect\n>p1 move toxic\n>p2 move moonblast\n>p1 switch 2\n>p1 move spikes\n>p2 move moonblast\n>p1 move toxicspikes\n>p2 move moonblast\n>p1 move spikes\n>p2 move moonblast\n>p1 switch 5\n>p1 move stoneedge\n>p2 move moonblast\n>p2 switch 4\n>p1 move stoneedge\n>p2 move sleeppowder\n>p1 switch 3\n>p2 move hiddenpower\n>p1 move calmmind\n>p2 switch 5\n>p1 switch 6\n>p2 move stoneedge\n>p1 move drainpunch mega\n>p2 move earthquake\n>p1 move drainpunch\n>p2 move earthquake\n>p2 switch 6\n>p1 move zenheadbutt\n>p2 move shadowsneak mega\n>p1 switch 3\n>p1 move stoneedge\n>p2 move shadowclaw\n>p1 move stoneedge\n>p2 move shadowclaw\n>p2 switch 5\n>p1 move stoneedge\n>p2 move strengthsap\n>p2 switch 3\n>p1 move stoneedge\n>p2 move shiftgear", "uploadtime": 1770876986, "views": 233, "formatid": "gen7randombattle", "rating": 1622, "private": 0, "password": null}