{"id": "gen7randombattle-2523479478", "format": "[Gen 7] Random Battle", "players": ["cowjuicedelivery", "MimikyuTrainerAsh"], "log": "|j|☆cowjuicedelivery\n|j|☆MimikyuTrainerAsh\n|t:|1769029270\n|gametype|singles\n|player|p1|cowjuicedelivery|1|1623\n|player|p2|MimikyuTrainerAsh|pokekid|1644\n|gen|7\n|tier|[Gen 7] Random Battle\n|rated|\n|rule|Sleep Clause Mod: Limit one foe put to sleep\n|rule|HP Percentage Mod: HP is shown in percentages\n|rule|Illusion Level Mod: Illusion disguises the Pokémon's true level\n|\n|t:|1769029270\n|teamsize|p1|6\n|teamsize|p2|6\n|start\n|switch|p1a: Skarmory|Skarmory, L75, M|221/221\n|switch|p2a: Conkeldurr|Conkeldurr, L81, M|303/303\n|turn|1\n|inactive|Battle timer is ON: inactive players will automatically lose when time's up. (requested by cowjuicedelivery)\n|inactive|MimikyuTrainerAsh also wants the timer to be on.\n|\n|t:|1769029282\n|move|p1a: Skarmory|Spikes|p2a: Conkeldurr\n|-sidestart|p2: MimikyuTrainerAsh|Spikes\n|move|p2a: Conkeldurr|Knock Off|p1a: Skarmory\n|-damage|p1a: Skarmory|160/221\n|-enditem|p1a: Skarmory|Leftovers|[from] move: Knock Off|[of] p2a: Conkeldurr\n|\n|-status|p2a: Conkeldurr|brn|[from] item: Flame Orb\n|upkeep\n|turn|2\n|\n|t:|1769029292\n|move|p1a: Skarmory|Brave Bird|p2a: Conkeldurr\n|-supereffective|p2a: Conkeldurr\n|-damage|p2a: Conkeldurr|123/303 brn\n|-damage|p1a: Skarmory|101/221|[from] Recoil\n|move|p2a: Conkeldurr|Drain Punch|p1a: Skarmory\n|-damage|p1a: Skarmory|0 fnt\n|-heal|p2a: Conkeldurr|174/303 brn|[from] drain|[of] p1a: Skarmory\n|faint|p1a: Skarmory\n|\n|-damage|p2a: Conkeldurr|156/303 brn|[from] brn\n|upkeep\n|inactive|cowjuicedelivery has 120 seconds left.\n|\n|t:|1769029323\n|switch|p1a: Dragonite|Dragonite, L72, M|250/250\n|turn|3\n|inactive|cowjuicedelivery has 120 seconds left.\n|\n|t:|1769029336\n|move|p1a: Dragonite|Dragon Dance|p1a: Dragonite\n|-boost|p1a: Dragonite|atk|1\n|-boost|p1a: Dragonite|spe|1\n|move|p2a: Conkeldurr|Knock Off|p1a: Dragonite\n|-damage|p1a: Dragonite|204/250\n|\n|-damage|p2a: Conkeldurr|138/303 brn|[from] brn\n|upkeep\n|turn|4\n|c|☆MimikyuTrainerAsh|you better use that z-move\n|inactive|cowjuicedelivery has 120 seconds left.\n|c|☆MimikyuTrainerAsh|die this turn or the next\n|\n|t:|1769029359\n|move|p1a: Dragonite|Fly||[still]\n|-prepare|p1a: Dragonite|Fly\n|move|p2a: Conkeldurr|Facade|p1a: Dragonite|[miss]\n|-miss|p2a: Conkeldurr|p1a: Dragonite\n|\n|-damage|p2a: Conkeldurr|120/303 brn|[from] brn\n|upkeep\n|turn|5\n|inactive|cowjuicedelivery has 120 seconds left.\n|\n|t:|1769029370\n|move|p1a: Dragonite|Fly|p2a: Conkeldurr|[from] lockedmove\n|-supereffective|p2a: Conkeldurr\n|-damage|p2a: Conkeldurr|0 fnt\n|faint|p2a: Conkeldurr\n|\n|upkeep\n|\n|t:|1769029371\n|switch|p2a: Tapu Fini|Tapu Fini, L80|243/243\n|-damage|p2a: Tapu Fini|213/243|[from] Spikes\n|-fieldstart|move: Misty Terrain|[from] ability: Misty Surge|[of] p2a: Tapu Fini\n|turn|6\n|\n|t:|1769029380\n|switch|p2a: Chandelure|Chandelure, L84, M|238/238\n|-damage|p2a: Chandelure|209/238|[from] Spikes\n|-zpower|p1a: Dragonite\n|move|p1a: Dragonite|Supersonic Skystrike|p2a: Chandelure|[zeffect]\n|-damage|p2a: Chandelure|0 fnt\n|faint|p2a: Chandelure\n|\n|upkeep\n|\n|t:|1769029382\n|switch|p2a: Tapu Fini|Tapu Fini, L80|213/243\n|-damage|p2a: Tapu Fini|183/243|[from] Spikes\n|turn|7\n|\n|t:|1769029395\n|move|p1a: Dragonite|Fly||[still]\n|-prepare|p1a: Dragonite|Fly\n|move|p2a: Tapu Fini|Calm Mind|p2a: Tapu Fini\n|-boost|p2a: Tapu Fini|spa|1\n|-boost|p2a: Tapu Fini|spd|1\n|\n|-heal|p2a: Tapu Fini|198/243|[from] item: Leftovers\n|upkeep\n|turn|8\n|\n|t:|1769029402\n|move|p1a: Dragonite|Fly|p2a: Tapu Fini|[from] lockedmove\n|-damage|p2a: Tapu Fini|75/243\n|move|p2a: Tapu Fini|Ice Beam|p1a: Dragonite\n|-supereffective|p1a: Dragonite\n|-damage|p1a: Dragonite|0 fnt\n|faint|p1a: Dragonite\n|\n|-heal|p2a: Tapu Fini|90/243|[from] item: Leftovers\n|upkeep\n|inactive|cowjuicedelivery has 120 seconds left.\n|\n|t:|1769029428\n|switch|p1a: Vikavolt|Vikavolt, L86, F|273/273\n|turn|9\n|\n|t:|1769029433\n|move|p2a: Tapu Fini|Moonblast|p1a: Vikavolt\n|-damage|p1a: Vikavolt|128/273\n|move|p1a: Vikavolt|Discharge|p2a: Tapu Fini\n|-supereffective|p2a: Tapu Fini\n|-damage|p2a: Tapu Fini|0 fnt\n|faint|p2a: Tapu Fini\n|\n|-heal|p1a: Vikavolt|145/273|[from] item: Leftovers\n|upkeep\n|\n|t:|1769029436\n|switch|p2a: Infernape|Infernape, L81, F|256/256\n|-damage|p2a: Infernape|224/256|[from] Spikes\n|turn|10\n|\n|t:|1769029448\n|move|p2a: Infernape|Fire Blast|p1a: Vikavolt|[miss]\n|-miss|p2a: Infernape|p1a: Vikavolt\n|move|p1a: Vikavolt|Discharge|p2a: Infernape\n|-damage|p2a: Infernape|70/256\n|\n|-heal|p1a: Vikavolt|162/273|[from] item: Leftovers\n|-fieldend|Misty Terrain\n|upkeep\n|turn|11\n|\n|t:|1769029458\n|move|p2a: Infernape|Fire Blast|p1a: Vikavolt|[miss]\n|-miss|p2a: Infernape|p1a: Vikavolt\n|move|p1a: Vikavolt|Discharge|p2a: Infernape\n|-crit|p2a: Infernape\n|-damage|p2a: Infernape|0 fnt\n|faint|p2a: Infernape\n|\n|-heal|p1a: Vikavolt|179/273|[from] item: Leftovers\n|upkeep\n|\n|t:|1769029466\n|switch|p2a: Mudsdale|Mudsdale, L83, F|302/302\n|-damage|p2a: Mudsdale|265/302|[from] Spikes\n|turn|12\n|c|☆cowjuicedelivery|I’m so sorry\n|c|☆MimikyuTrainerAsh|yeah and im green\n|c|☆MimikyuTrainerAsh|fuck up\n|\n|t:|1769029492\n|move|p1a: Vikavolt|Toxic|p2a: Mudsdale\n|-status|p2a: Mudsdale|tox\n|move|p2a: Mudsdale|Stealth Rock|p1a: Vikavolt\n|-sidestart|p1: cowjuicedelivery|move: Stealth Rock\n|\n|-heal|p1a: Vikavolt|196/273|[from] item: Leftovers\n|-heal|p2a: Mudsdale|283/302 tox|[from] item: Leftovers\n|-damage|p2a: Mudsdale|265/302 tox|[from] psn\n|upkeep\n|turn|13\n|\n|t:|1769029503\n|move|p1a: Vikavolt|Roost|p1a: Vikavolt\n|-heal|p1a: Vikavolt|273/273\n|-singleturn|p1a: Vikavolt|move: Roost\n|move|p2a: Mudsdale|Rock Slide|p1a: Vikavolt\n|-supereffective|p1a: Vikavolt\n|-damage|p1a: Vikavolt|153/273\n|\n|-heal|p1a: Vikavolt|170/273|[from] item: Leftovers\n|-heal|p2a: Mudsdale|283/302 tox|[from] item: Leftovers\n|-damage|p2a: Mudsdale|247/302 tox|[from] psn\n|upkeep\n|turn|14\n|\n|t:|1769029518\n|move|p1a: Vikavolt|Bug Buzz|p2a: Mudsdale\n|-damage|p2a: Mudsdale|114/302 tox\n|-ability|p2a: Mudsdale|Stamina|boost\n|-boost|p2a: Mudsdale|def|1\n|move|p2a: Mudsdale|Rock Slide|p1a: Vikavolt\n|-supereffective|p1a: Vikavolt\n|-damage|p1a: Vikavolt|38/273\n|\n|-heal|p1a: Vikavolt|55/273|[from] item: Leftovers\n|-heal|p2a: Mudsdale|132/302 tox|[from] item: Leftovers\n|-damage|p2a: Mudsdale|78/302 tox|[from] psn\n|upkeep\n|turn|15\n|\n|t:|1769029531\n|move|p1a: Vikavolt|Bug Buzz|p2a: Mudsdale\n|-damage|p2a: Mudsdale|0 fnt\n|faint|p2a: Mudsdale\n|\n|-heal|p1a: Vikavolt|72/273|[from] item: Leftovers\n|upkeep\n|\n|t:|1769029537\n|switch|p2a: Alakazam|Alakazam, L78, F|214/214\n|turn|16\n|\n|t:|1769029540\n|detailschange|p2a: Alakazam|Alakazam-Mega, L78, F\n|-mega|p2a: Alakazam|Alakazam|Alakazite\n|-ability|p2a: Alakazam|Levitate|Trace|[from] ability: Trace|[of] p1a: Vikavolt\n|move|p2a: Alakazam|Psychic|p1a: Vikavolt\n|-damage|p1a: Vikavolt|0 fnt\n|faint|p1a: Vikavolt\n|\n|upkeep\n|\n|t:|1769029559\n|switch|p1a: Tapu Koko|Tapu Koko, L77|234/234\n|-damage|p1a: Tapu Koko|205/234|[from] Stealth Rock\n|-fieldstart|move: Electric Terrain|[from] ability: Electric Surge|[of] p1a: Tapu Koko\n|turn|17\n|\n|t:|1769029566\n|move|p2a: Alakazam|Calm Mind|p2a: Alakazam\n|-boost|p2a: Alakazam|spa|1\n|-boost|p2a: Alakazam|spd|1\n|move|p1a: Tapu Koko|Wild Charge|p2a: Alakazam\n|-damage|p2a: Alakazam|18/214\n|-damage|p1a: Tapu Koko|156/234|[from] Recoil\n|\n|-heal|p1a: Tapu Koko|170/234|[from] item: Leftovers\n|upkeep\n|turn|18\n|-message|cowjuicedelivery forfeited.\n|\n|win|MimikyuTrainerAsh\n|raw|cowjuicedelivery's rating: 1623 &rarr; <strong>1604</strong><br />(-19 for losing)\n|raw|MimikyuTrainerAsh's rating: 1644 &rarr; <strong>1663</strong><br />(+19 for winning)\n|l|☆cowjuicedelivery\n|player|p1|\n", "inputlog": ">version 3bd1a1e329da8d286644078cfc9a9638fc7ea025\n>start {\"formatid\":\"gen7randombattle\",\"seed\":\"sodium,7238421bcd1d244960ce48b405cbcc82\",\"rated\":\"Rated battle\"}\n>player p1 {\"name\":\"cowjuicedelivery\",\"avatar\":\"1\",\"rating\":1623,\"seed\":\"sodium,87c58b4b6d673cb97b866f4a9ce3c709\"}\n>player p2 {\"name\":\"MimikyuTrainerAsh\",\"avatar\":\"pokekid\",\"rating\":1644,\"seed\":\"sodium,f2124814c0dfc03f9ab37cad7dc10435\"}\n>p1 move spikes\n>p2 move knockoff\n>p1 move bravebird\n>p2 move drainpunch\n>p1 switch 6\n>p1 move dragondance\n>p2 move knockoff\n>chat ☆MimikyuTrainerAsh|you better use that z-move\n>chat ☆MimikyuTrainerAsh|die this turn or the next \n>p1 move fly\n>p2 move facade\n>p1 move fly\n>p2 move facade\n>p2 switch 4\n>p1 move fly zmove\n>p2 switch 3\n>p2 switch 3\n>p1 move fly\n>p2 move calmmind\n>p1 move fly\n>p2 move icebeam\n>p1 switch 4\n>p1 move discharge\n>p2 move moonblast\n>p2 switch 5\n>p1 move discharge\n>p2 move fireblast\n>p1 move discharge\n>p2 move fireblast\n>p2 switch 2\n>chat ☆cowjuicedelivery|I’m so sorry\n>chat ☆MimikyuTrainerAsh|yeah and im green \n>chat ☆MimikyuTrainerAsh|fuck up\n>p1 move toxic\n>p2 move stealthrock\n>p1 move roost\n>p2 move rockslide\n>p1 move bugbuzz\n>p2 move rockslide\n>p1 move bugbuzz\n>p2 move rockslide\n>p2 switch 6\n>p1 move bugbuzz\n>p2 move psychic mega\n>p1 switch 5\n>p1 move wildcharge\n>p2 move calmmind\n>forcelose p1", "uploadtime": 1769029576, "views": 177, "formatid": "gen7randombattle", "rating": 1604, "private": 0, "password": null}