{"id": "gen7randombattle-2529609592", "format": "[Gen 7] Random Battle", "players": ["I am G-d", "aurora ltd"], "log": "|j|☆I am G-d\n|j|☆aurora ltd\n|t:|1769803720\n|gametype|singles\n|player|p1|I am G-d|cynthia-masters|1489\n|player|p2|aurora ltd|silver-gen2kanto|1554\n|gen|7\n|tier|[Gen 7] Random Battle\n|rated|\n|rule|Sleep Clause Mod: Limit one foe put to sleep\n|rule|HP Percentage Mod: HP is shown in percentages\n|rule|Illusion Level Mod: Illusion disguises the Pokémon's true level\n|\n|t:|1769803720\n|teamsize|p1|6\n|teamsize|p2|6\n|start\n|switch|p1a: Mr. Mime|Mr. Mime, L90, M|218/218\n|switch|p2a: Heliolisk|Heliolisk, L85, M|244/244\n|turn|1\n|inactive|Battle timer is ON: inactive players will automatically lose when time's up. (requested by I am G-d)\n|\n|t:|1769803777\n|switch|p2a: Lugia|Lugia, L71|268/268\n|move|p1a: Mr. Mime|Focus Blast|p2a: Lugia\n|-resisted|p2a: Lugia\n|-damage|p2a: Lugia|255/268\n|-damage|p1a: Mr. Mime|197/218|[from] item: Life Orb\n|\n|-heal|p2a: Lugia|268/268|[from] item: Leftovers\n|upkeep\n|turn|2\n|\n|t:|1769803796\n|switch|p1a: Luvdisc|Luvdisc, F|248/248\n|move|p2a: Lugia|Toxic|p1a: Luvdisc\n|-status|p1a: Luvdisc|tox\n|\n|-damage|p1a: Luvdisc|233/248 tox|[from] psn\n|upkeep\n|turn|3\n|\n|t:|1769803804\n|switch|p2a: Garbodor|Garbodor, L88, M|284/284\n|move|p1a: Luvdisc|Toxic|p2a: Garbodor\n|-immune|p2a: Garbodor\n|\n|-heal|p1a: Luvdisc|248/248 tox|[from] item: Leftovers\n|-damage|p1a: Luvdisc|218/248 tox|[from] psn\n|upkeep\n|turn|4\n|\n|t:|1769803818\n|switch|p1a: Probopass|Probopass, L92, M|260/260\n|-item|p1a: Probopass|Air Balloon\n|move|p2a: Garbodor|Spikes|p1a: Probopass\n|-sidestart|p1: I am G-d|Spikes\n|\n|upkeep\n|turn|5\n|\n|t:|1769803842\n|move|p2a: Garbodor|Toxic Spikes|p1a: Probopass\n|-sidestart|p1: I am G-d|move: Toxic Spikes\n|move|p1a: Probopass|Stealth Rock|p2a: Garbodor\n|-sidestart|p2: aurora ltd|move: Stealth Rock\n|\n|upkeep\n|turn|6\n|\n|t:|1769803847\n|move|p2a: Garbodor|Toxic Spikes|p1a: Probopass\n|-sidestart|p1: I am G-d|move: Toxic Spikes\n|move|p1a: Probopass|Earth Power|p2a: Garbodor\n|-supereffective|p2a: Garbodor\n|-damage|p2a: Garbodor|154/284\n|\n|-heal|p2a: Garbodor|171/284|[from] item: Black Sludge\n|upkeep\n|turn|7\n|\n|t:|1769803855\n|move|p2a: Garbodor|Spikes|p1a: Probopass\n|-sidestart|p1: I am G-d|Spikes\n|move|p1a: Probopass|Earth Power|p2a: Garbodor\n|-supereffective|p2a: Garbodor\n|-damage|p2a: Garbodor|49/284\n|\n|-heal|p2a: Garbodor|66/284|[from] item: Black Sludge\n|upkeep\n|turn|8\n|\n|t:|1769803861\n|move|p2a: Garbodor|Spikes|p1a: Probopass\n|-sidestart|p1: I am G-d|Spikes\n|move|p1a: Probopass|Power Gem|p2a: Garbodor\n|-damage|p2a: Garbodor|0 fnt\n|faint|p2a: Garbodor\n|\n|upkeep\n|\n|t:|1769803882\n|switch|p2a: Heliolisk|Heliolisk, L85, M|244/244\n|-damage|p2a: Heliolisk|214/244|[from] Stealth Rock\n|turn|9\n|inactive|aurora ltd has 120 seconds left.\n|\n|t:|1769803905\n|move|p2a: Heliolisk|Rain Dance|p2a: Heliolisk\n|-weather|RainDance\n|move|p1a: Probopass|Earth Power|p2a: Heliolisk\n|-supereffective|p2a: Heliolisk\n|-damage|p2a: Heliolisk|98/244\n|\n|-weather|RainDance|[upkeep]\n|-heal|p2a: Heliolisk|128/244|[from] ability: Dry Skin\n|upkeep\n|turn|10\n|\n|t:|1769803915\n|move|p2a: Heliolisk|Surf|p1a: Probopass\n|-supereffective|p1a: Probopass\n|-damage|p1a: Probopass|94/260\n|-enditem|p1a: Probopass|Air Balloon\n|-damage|p2a: Heliolisk|104/244|[from] item: Life Orb\n|move|p1a: Probopass|Earth Power|p2a: Heliolisk\n|-supereffective|p2a: Heliolisk\n|-damage|p2a: Heliolisk|0 fnt\n|faint|p2a: Heliolisk\n|\n|-weather|RainDance|[upkeep]\n|upkeep\n|inactive|aurora ltd has 120 seconds left.\n|\n|t:|1769803940\n|switch|p2a: Kricketune|Kricketune, L97, M|306/306\n|-damage|p2a: Kricketune|230/306|[from] Stealth Rock\n|turn|11\n|\n|t:|1769803949\n|move|p2a: Kricketune|Sticky Web|p1a: Probopass\n|-sidestart|p1: I am G-d|move: Sticky Web\n|move|p1a: Probopass|Power Gem|p2a: Kricketune\n|-supereffective|p2a: Kricketune\n|-damage|p2a: Kricketune|20/306\n|\n|-weather|RainDance|[upkeep]\n|-heal|p2a: Kricketune|39/306|[from] item: Leftovers\n|upkeep\n|turn|12\n|inactive|aurora ltd has 120 seconds left.\n|\n|t:|1769803961\n|move|p2a: Kricketune|Knock Off|p1a: Probopass\n|-damage|p1a: Probopass|62/260\n|move|p1a: Probopass|Power Gem|p2a: Kricketune\n|-supereffective|p2a: Kricketune\n|-damage|p2a: Kricketune|0 fnt\n|faint|p2a: Kricketune\n|\n|-weather|RainDance|[upkeep]\n|upkeep\n|inactive|aurora ltd has 120 seconds left.\n|\n|t:|1769803971\n|switch|p2a: Wigglytuff|Wigglytuff, L95, F|420/420\n|-damage|p2a: Wigglytuff|368/420|[from] Stealth Rock\n|turn|13\n|inactive|aurora ltd has 120 seconds left.\n|\n|t:|1769803988\n|move|p2a: Wigglytuff|Thunder Wave|p1a: Probopass\n|-status|p1a: Probopass|par\n|move|p1a: Probopass|Toxic|p2a: Wigglytuff\n|-status|p2a: Wigglytuff|tox\n|\n|-weather|none\n|-heal|p2a: Wigglytuff|394/420 tox|[from] item: Leftovers\n|-damage|p2a: Wigglytuff|368/420 tox|[from] psn\n|upkeep\n|turn|14\n|inactive|aurora ltd has 120 seconds left.\n|\n|t:|1769803997\n|move|p2a: Wigglytuff|Knock Off|p1a: Probopass\n|-damage|p1a: Probopass|32/260 par\n|cant|p1a: Probopass|par\n|\n|-heal|p2a: Wigglytuff|394/420 tox|[from] item: Leftovers\n|-damage|p2a: Wigglytuff|342/420 tox|[from] psn\n|upkeep\n|turn|15\n|\n|t:|1769804004\n|move|p2a: Wigglytuff|Knock Off|p1a: Probopass\n|-damage|p1a: Probopass|4/260 par\n|move|p1a: Probopass|Power Gem|p2a: Wigglytuff\n|-damage|p2a: Wigglytuff|227/420 tox\n|\n|-heal|p2a: Wigglytuff|253/420 tox|[from] item: Leftovers\n|-damage|p2a: Wigglytuff|175/420 tox|[from] psn\n|upkeep\n|turn|16\n|\n|t:|1769804011\n|move|p2a: Wigglytuff|Knock Off|p1a: Probopass\n|-damage|p1a: Probopass|0 fnt\n|faint|p1a: Probopass\n|\n|-heal|p2a: Wigglytuff|201/420 tox|[from] item: Leftovers\n|-damage|p2a: Wigglytuff|97/420 tox|[from] psn\n|upkeep\n|\n|t:|1769804013\n|switch|p1a: Claydol|Claydol, L89|252/252\n|turn|17\n|\n|t:|1769804021\n|move|p1a: Claydol|Rapid Spin|p2a: Wigglytuff\n|-damage|p2a: Wigglytuff|80/420 tox\n|-sideend|p1: I am G-d|Spikes|[from] move: Rapid Spin|[of] p1a: Claydol\n|-sideend|p1: I am G-d|Toxic Spikes|[from] move: Rapid Spin|[of] p1a: Claydol\n|-sideend|p1: I am G-d|Sticky Web|[from] move: Rapid Spin|[of] p1a: Claydol\n|move|p2a: Wigglytuff|Knock Off|p1a: Claydol\n|-supereffective|p1a: Claydol\n|-damage|p1a: Claydol|136/252\n|-enditem|p1a: Claydol|Leftovers|[from] move: Knock Off|[of] p2a: Wigglytuff\n|\n|-heal|p2a: Wigglytuff|106/420 tox|[from] item: Leftovers\n|-damage|p2a: Wigglytuff|0 fnt|[from] psn\n|faint|p2a: Wigglytuff\n|upkeep\n|\n|t:|1769804033\n|switch|p2a: Volbeat|Volbeat, L91, M|266/266\n|-damage|p2a: Volbeat|200/266|[from] Stealth Rock\n|turn|18\n|\n|t:|1769804050\n|move|p2a: Volbeat|Encore|p1a: Claydol\n|-start|p1a: Claydol|Encore\n|move|p1a: Claydol|Rapid Spin|p2a: Volbeat\n|-damage|p2a: Volbeat|186/266\n|\n|-heal|p2a: Volbeat|202/266|[from] item: Leftovers\n|upkeep\n|turn|19\n|\n|t:|1769804058\n|switch|p1a: Dugtrio|Dugtrio, L84, M|196/196\n|move|p2a: Volbeat|Lunge|p1a: Dugtrio\n|-damage|p1a: Dugtrio|70/196\n|-unboost|p1a: Dugtrio|atk|1\n|\n|-heal|p2a: Volbeat|218/266|[from] item: Leftovers\n|upkeep\n|turn|20\n|inactive|aurora ltd has 120 seconds left.\n|\n|t:|1769804083\n|switch|p1a: Mr. Mime|Mr. Mime, L90, M|197/218\n|move|p2a: Volbeat|Lunge|p1a: Mr. Mime\n|-damage|p1a: Mr. Mime|110/218\n|-unboost|p1a: Mr. Mime|atk|1\n|\n|-heal|p2a: Volbeat|234/266|[from] item: Leftovers\n|upkeep\n|turn|21\n|inactive|aurora ltd has 120 seconds left.\n|\n|t:|1769804100\n|move|p1a: Mr. Mime|Psyshock|p2a: Volbeat\n|-damage|p2a: Volbeat|108/266\n|-damage|p1a: Mr. Mime|89/218|[from] item: Life Orb\n|move|p2a: Volbeat|Lunge|p1a: Mr. Mime\n|-damage|p1a: Mr. Mime|0 fnt\n|faint|p1a: Mr. Mime\n|\n|-heal|p2a: Volbeat|124/266|[from] item: Leftovers\n|upkeep\n|\n|t:|1769804110\n|switch|p1a: Dugtrio|Dugtrio, L84, M|70/196\n|turn|22\n|\n|t:|1769804118\n|move|p2a: Volbeat|Roost|p2a: Volbeat\n|-heal|p2a: Volbeat|257/266\n|-singleturn|p2a: Volbeat|move: Roost\n|move|p1a: Dugtrio|Double-Edge|p2a: Volbeat\n|-damage|p2a: Volbeat|126/266\n|-damage|p1a: Dugtrio|27/196|[from] Recoil\n|\n|-heal|p2a: Volbeat|142/266|[from] item: Leftovers\n|upkeep\n|turn|23\n|inactive|I am G-d has 120 seconds left.\n|\n|t:|1769804154\n|switch|p1a: Claydol|Claydol, L89|136/252\n|move|p2a: Volbeat|Roost|p2a: Volbeat\n|-heal|p2a: Volbeat|266/266\n|-singleturn|p2a: Volbeat|move: Roost\n|\n|upkeep\n|turn|24\n|inactive|I am G-d has 120 seconds left.\n|\n|t:|1769804160\n|move|p2a: Volbeat|Lunge|p1a: Claydol\n|-supereffective|p1a: Claydol\n|-damage|p1a: Claydol|2/252\n|-unboost|p1a: Claydol|atk|1\n|move|p1a: Claydol|Toxic|p2a: Volbeat\n|-status|p2a: Volbeat|tox\n|\n|-damage|p2a: Volbeat|250/266 tox|[from] psn\n|upkeep\n|turn|25\n|\n|t:|1769804169\n|move|p2a: Volbeat|Lunge|p1a: Claydol\n|-supereffective|p1a: Claydol\n|-damage|p1a: Claydol|0 fnt\n|faint|p1a: Claydol\n|\n|-heal|p2a: Volbeat|266/266 tox|[from] item: Leftovers\n|-damage|p2a: Volbeat|234/266 tox|[from] psn\n|upkeep\n|inactive|I am G-d has 120 seconds left.\n|\n|t:|1769804190\n|switch|p1a: Dugtrio|Dugtrio, L84, M|27/196\n|turn|26\n|\n|t:|1769804204\n|move|p1a: Dugtrio|Stone Edge|p2a: Volbeat\n|-supereffective|p2a: Volbeat\n|-damage|p2a: Volbeat|16/266 tox\n|move|p2a: Volbeat|Lunge|p1a: Dugtrio\n|-damage|p1a: Dugtrio|0 fnt\n|faint|p1a: Dugtrio\n|\n|-heal|p2a: Volbeat|32/266 tox|[from] item: Leftovers\n|-damage|p2a: Volbeat|0 fnt|[from] psn\n|faint|p2a: Volbeat\n|upkeep\n|inactive|I am G-d has 120 seconds left.\n|\n|t:|1769804214\n|switch|p1a: Luvdisc|Luvdisc, F|218/248 tox\n|switch|p2a: Lugia|Lugia, L71|268/268\n|-damage|p2a: Lugia|201/268|[from] Stealth Rock\n|turn|27\n|\n|t:|1769804221\n|move|p1a: Luvdisc|Toxic|p2a: Lugia\n|-status|p2a: Lugia|tox\n|move|p2a: Lugia|Aeroblast|p1a: Luvdisc\n|-damage|p1a: Luvdisc|140/248 tox\n|\n|-heal|p1a: Luvdisc|155/248 tox|[from] item: Leftovers\n|-heal|p2a: Lugia|217/268 tox|[from] item: Leftovers\n|-damage|p1a: Luvdisc|140/248 tox|[from] psn\n|-damage|p2a: Lugia|201/268 tox|[from] psn\n|upkeep\n|turn|28\n|\n|t:|1769804230\n|move|p1a: Luvdisc|Ice Beam|p2a: Lugia\n|-supereffective|p2a: Lugia\n|-damage|p2a: Lugia|131/268 tox\n|move|p2a: Lugia|Aeroblast|p1a: Luvdisc\n|-damage|p1a: Luvdisc|67/248 tox\n|\n|-heal|p1a: Luvdisc|82/248 tox|[from] item: Leftovers\n|-heal|p2a: Lugia|147/268 tox|[from] item: Leftovers\n|-damage|p1a: Luvdisc|52/248 tox|[from] psn\n|-damage|p2a: Lugia|115/268 tox|[from] psn\n|upkeep\n|turn|29\n|\n|t:|1769804241\n|move|p1a: Luvdisc|Ice Beam|p2a: Lugia\n|-supereffective|p2a: Lugia\n|-damage|p2a: Lugia|41/268 tox\n|move|p2a: Lugia|Roost|p2a: Lugia\n|-heal|p2a: Lugia|175/268 tox\n|-singleturn|p2a: Lugia|move: Roost\n|\n|-heal|p1a: Luvdisc|67/248 tox|[from] item: Leftovers\n|-heal|p2a: Lugia|191/268 tox|[from] item: Leftovers\n|-damage|p1a: Luvdisc|22/248 tox|[from] psn\n|-damage|p2a: Lugia|143/268 tox|[from] psn\n|upkeep\n|turn|30\n|\n|t:|1769804252\n|move|p1a: Luvdisc|Ice Beam|p2a: Lugia\n|-supereffective|p2a: Lugia\n|-damage|p2a: Lugia|65/268 tox\n|move|p2a: Lugia|Roost|p2a: Lugia\n|-heal|p2a: Lugia|199/268 tox\n|-singleturn|p2a: Lugia|move: Roost\n|\n|-heal|p1a: Luvdisc|37/248 tox|[from] item: Leftovers\n|-heal|p2a: Lugia|215/268 tox|[from] item: Leftovers\n|-damage|p1a: Luvdisc|0 fnt|[from] psn\n|faint|p1a: Luvdisc\n|-damage|p2a: Lugia|151/268 tox|[from] psn\n|upkeep\n|\n|t:|1769804255\n|switch|p1a: Gogoat|Gogoat, L91, M|372/372\n|turn|31\n|\n|t:|1769804274\n|move|p2a: Lugia|Toxic|p1a: Gogoat\n|-status|p1a: Gogoat|tox\n|move|p1a: Gogoat|Horn Leech|p2a: Lugia\n|-resisted|p2a: Lugia\n|-damage|p2a: Lugia|110/268 tox\n|\n|-heal|p2a: Lugia|126/268 tox|[from] item: Leftovers\n|-damage|p2a: Lugia|46/268 tox|[from] psn\n|-damage|p1a: Gogoat|349/372 tox|[from] psn\n|upkeep\n|turn|32\n|\n|t:|1769804285\n|move|p2a: Lugia|Roost|p2a: Lugia\n|-heal|p2a: Lugia|180/268 tox\n|-singleturn|p2a: Lugia|move: Roost\n|move|p1a: Gogoat|Horn Leech|p2a: Lugia\n|-damage|p2a: Lugia|93/268 tox\n|-heal|p1a: Gogoat|372/372 tox|[from] drain|[of] p2a: Lugia\n|\n|-heal|p2a: Lugia|109/268 tox|[from] item: Leftovers\n|-damage|p2a: Lugia|13/268 tox|[from] psn\n|-damage|p1a: Gogoat|326/372 tox|[from] psn\n|upkeep\n|turn|33\n|\n|t:|1769804296\n|move|p2a: Lugia|Aeroblast|p1a: Gogoat\n|-supereffective|p1a: Gogoat\n|-damage|p1a: Gogoat|192/372 tox\n|move|p1a: Gogoat|Horn Leech|p2a: Lugia\n|-resisted|p2a: Lugia\n|-damage|p2a: Lugia|0 fnt\n|-heal|p1a: Gogoat|199/372 tox|[from] drain|[of] p2a: Lugia\n|faint|p2a: Lugia\n|\n|win|I am G-d\n|raw|I am G-d's rating: 1489 &rarr; <strong>1513</strong><br />(+24 for winning)\n|raw|aurora ltd's rating: 1554 &rarr; <strong>1530</strong><br />(-24 for losing)\n|c|☆I am G-d|Gg wp\n|c|☆aurora ltd|that was the match of all time\n|l|☆aurora ltd\n|player|p2|\n|j|☆aurora ltd\n|player|p2|aurora ltd|silver-gen2kanto|\n", "inputlog": ">version b99ff0165a6231f17e8b78c2a78d1998375de664\n>start {\"formatid\":\"gen7randombattle\",\"seed\":\"sodium,1c14c8901077d9e221ef6d5d091ca46e\",\"rated\":\"Rated battle\"}\n>player p1 {\"name\":\"I am G-d\",\"avatar\":\"cynthia-masters\",\"rating\":1489,\"seed\":\"sodium,68bbbb4191d603c5a0c260e42b4f6290\"}\n>player p2 {\"name\":\"aurora ltd\",\"avatar\":\"silver-gen2kanto\",\"rating\":1554,\"seed\":\"sodium,418bc941276f4c07a27862ef266947b6\"}\n>p1 move focusblast\n>p2 switch 2\n>p1 switch 3\n>p2 move toxic\n>p1 move toxic\n>p2 switch 5\n>p1 switch 6\n>p2 move spikes\n>p1 move stealthrock\n>p2 move toxicspikes\n>p1 move earthpower\n>p2 move toxicspikes\n>p1 move earthpower\n>p2 move spikes\n>p1 move powergem\n>p2 move spikes\n>p2 switch 2\n>p1 move earthpower\n>p2 move raindance\n>p1 move earthpower\n>p2 move surf\n>p2 switch 3\n>p1 move powergem\n>p2 move stickyweb\n>p1 move powergem\n>p2 move knockoff\n>p2 switch 4\n>p1 move toxic\n>p2 move thunderwave\n>p1 move powergem\n>p2 move knockoff\n>p1 move powergem\n>p2 move knockoff\n>p1 move powergem\n>p2 move knockoff\n>p1 switch 5\n>p1 move rapidspin\n>p2 move knockoff\n>p2 switch 6\n>p1 move toxic\n>p2 move encore\n>p1 switch 4\n>p2 move lunge\n>p1 switch 3\n>p2 move lunge\n>p1 move psyshock\n>p2 move lunge\n>p1 switch 3\n>p1 move doubleedge\n>p2 move roost\n>p1 switch 4\n>p2 move roost\n>p1 move toxic\n>p2 move lunge\n>p1 move earthquake\n>p2 move lunge\n>p1 switch 4\n>p1 move stoneedge\n>p2 move lunge\n>p1 switch 6\n>p2 switch 5\n>p1 move toxic\n>p2 move aeroblast\n>p1 move icebeam\n>p2 move aeroblast\n>p1 move icebeam\n>p2 move roost\n>p1 move icebeam\n>p2 move roost\n>p1 switch 2\n>p1 move hornleech\n>p2 move toxic\n>p1 move hornleech\n>p2 move roost\n>p1 move hornleech\n>p2 move aeroblast", "uploadtime": 1769804298, "views": 178, "formatid": "gen7randombattle", "rating": 1513, "private": 0, "password": null}