{"id": "gen7randombattle-2526637502", "format": "[Gen 7] Random Battle", "players": ["KingKong619", "BigWes95"], "log": "|j|☆KingKong619\n|j|☆BigWes95\n|t:|1769443264\n|gametype|singles\n|player|p1|KingKong619|2|1577\n|player|p2|BigWes95|#rbtt9hoopers2|1898\n|gen|7\n|tier|[Gen 7] Random Battle\n|rated|\n|rule|Sleep Clause Mod: Limit one foe put to sleep\n|rule|HP Percentage Mod: HP is shown in percentages\n|rule|Illusion Level Mod: Illusion disguises the Pokémon's true level\n|\n|t:|1769443264\n|teamsize|p1|6\n|teamsize|p2|6\n|start\n|switch|p1a: Honchkrow|Honchkrow, L83, M|302/302\n|switch|p2a: Comfey|Comfey, L87, M|230/230\n|turn|1\n|inactive|Battle timer is ON: inactive players will automatically lose when time's up. (requested by BigWes95)\n|\n|t:|1769443274\n|switch|p1a: Metagross|Metagross, L79|256/256\n|move|p2a: Comfey|Draining Kiss|p1a: Metagross\n|-resisted|p1a: Metagross\n|-damage|p1a: Metagross|232/256\n|\n|upkeep\n|turn|2\n|\n|t:|1769443280\n|move|p2a: Comfey|U-turn|p1a: Metagross\n|-damage|p1a: Metagross|202/256\n|\n|t:|1769443282\n|switch|p2a: Lumineon|Lumineon, L93, M|279/279|[from] U-turn\n|move|p1a: Metagross|Meteor Mash|p2a: Lumineon\n|-resisted|p2a: Lumineon\n|-damage|p2a: Lumineon|194/279\n|-boost|p1a: Metagross|atk|1\n|\n|-heal|p2a: Lumineon|211/279|[from] item: Leftovers\n|upkeep\n|turn|3\n|\n|t:|1769443288\n|switch|p1a: Porygon2|Porygon2, L82|274/274\n|-ability|p1a: Porygon2|Storm Drain|Trace|[from] ability: Trace|[of] p2a: Lumineon\n|move|p2a: Lumineon|Scald|p1a: Porygon2\n|-ability|p1a: Porygon2|Storm Drain|boost\n|-boost|p1a: Porygon2|spa|1\n|\n|-heal|p2a: Lumineon|228/279|[from] item: Leftovers\n|upkeep\n|turn|4\n|\n|t:|1769443306\n|move|p2a: Lumineon|Toxic|p1a: Porygon2\n|-status|p1a: Porygon2|tox\n|move|p1a: Porygon2|Tri Attack|p2a: Lumineon\n|-damage|p2a: Lumineon|120/279\n|-status|p2a: Lumineon|frz\n|\n|-heal|p2a: Lumineon|137/279 frz|[from] item: Leftovers\n|-damage|p1a: Porygon2|257/274 tox|[from] psn\n|upkeep\n|turn|5\n|\n|t:|1769443311\n|switch|p2a: Trevenant|Trevenant, L91, F|303/303\n|move|p1a: Porygon2|Discharge|p2a: Trevenant\n|-resisted|p2a: Trevenant\n|-damage|p2a: Trevenant|265/303\n|-status|p2a: Trevenant|par\n|\n|-damage|p1a: Porygon2|223/274 tox|[from] psn\n|upkeep\n|turn|6\n|\n|t:|1769443314\n|move|p1a: Porygon2|Ice Beam|p2a: Trevenant\n|-supereffective|p2a: Trevenant\n|-damage|p2a: Trevenant|63/303 par\n|-enditem|p2a: Trevenant|Sitrus Berry|[eat]\n|-heal|p2a: Trevenant|138/303 par|[from] item: Sitrus Berry\n|cant|p2a: Trevenant|par\n|\n|-damage|p1a: Porygon2|172/274 tox|[from] psn\n|-item|p2a: Trevenant|Sitrus Berry|[from] ability: Harvest\n|upkeep\n|-enditem|p2a: Trevenant|Sitrus Berry|[eat]\n|-heal|p2a: Trevenant|213/303 par|[from] item: Sitrus Berry\n|turn|7\n|\n|t:|1769443320\n|switch|p1a: Honchkrow|Honchkrow, L83, M|302/302\n|move|p2a: Trevenant|Protect||[still]\n|-fail|p2a: Trevenant\n|\n|-item|p2a: Trevenant|Sitrus Berry|[from] ability: Harvest\n|upkeep\n|turn|8\n|\n|t:|1769443327\n|-activate|p2a: Trevenant|move: Pursuit\n|move|p1a: Honchkrow|Pursuit|p2a: Trevenant|[from] Pursuit\n|-supereffective|p2a: Trevenant\n|-damage|p2a: Trevenant|0 fnt\n|faint|p2a: Trevenant\n|-ability|p1a: Honchkrow|Moxie|boost\n|-boost|p1a: Honchkrow|atk|1\n|-damage|p1a: Honchkrow|272/302|[from] item: Life Orb\n|-hint|A Pokemon can't switch between when it runs out of HP and when it faints\n|\n|upkeep\n|\n|t:|1769443333\n|switch|p2a: Hitmonchan|Hitmonchan, L87, M|229/229\n|turn|9\n|\n|t:|1769443338\n|switch|p1a: Marowak|Marowak-Alola, L86, F|243/243\n|move|p2a: Hitmonchan|Stone Edge|p1a: Marowak\n|-supereffective|p1a: Marowak\n|-damage|p1a: Marowak|33/243\n|\n|upkeep\n|turn|10\n|\n|t:|1769443351\n|move|p2a: Hitmonchan|Stone Edge|p1a: Marowak\n|-supereffective|p1a: Marowak\n|-damage|p1a: Marowak|0 fnt\n|faint|p1a: Marowak\n|\n|upkeep\n|\n|t:|1769443356\n|switch|p1a: Alakazam|Alakazam, L81, M|222/222\n|turn|11\n|\n|t:|1769443360\n|switch|p2a: Comfey|Comfey, L87, M|230/230\n|move|p1a: Alakazam|Psyshock|p2a: Comfey\n|-damage|p2a: Comfey|113/230\n|\n|-heal|p2a: Comfey|127/230|[from] item: Leftovers\n|upkeep\n|turn|12\n|\n|t:|1769443370\n|move|p1a: Alakazam|Calm Mind|p1a: Alakazam\n|-boost|p1a: Alakazam|spa|1\n|-boost|p1a: Alakazam|spd|1\n|move|p2a: Comfey|U-turn|p1a: Alakazam\n|-supereffective|p1a: Alakazam\n|-damage|p1a: Alakazam|114/222\n|\n|t:|1769443389\n|switch|p2a: Dragonite|Dragonite, L72, M|250/250|[from] U-turn\n|\n|upkeep\n|turn|13\n|\n|t:|1769443393\n|switch|p1a: Tyranitar|Tyranitar, L76, F|277/277\n|-weather|Sandstorm|[from] ability: Sand Stream|[of] p1a: Tyranitar\n|-zpower|p2a: Dragonite\n|move|p2a: Dragonite|Supersonic Skystrike|p1a: Tyranitar|[zeffect]\n|-resisted|p1a: Tyranitar\n|-damage|p1a: Tyranitar|196/277\n|\n|-weather|Sandstorm|[upkeep]\n|-damage|p2a: Dragonite|235/250|[from] Sandstorm\n|upkeep\n|turn|14\n|\n|t:|1769443399\n|switch|p2a: Hitmonchan|Hitmonchan, L87, M|229/229\n|detailschange|p1a: Tyranitar|Tyranitar-Mega, L76, F\n|-mega|p1a: Tyranitar|Tyranitar|Tyranitarite\n|move|p1a: Tyranitar|Fire Punch|p2a: Hitmonchan\n|-damage|p2a: Hitmonchan|155/229\n|\n|-weather|Sandstorm|[upkeep]\n|-damage|p2a: Hitmonchan|141/229|[from] Sandstorm\n|upkeep\n|turn|15\n|\n|t:|1769443401\n|switch|p1a: Metagross|Metagross, L79|202/256\n|move|p2a: Hitmonchan|Drain Punch|p1a: Metagross\n|-damage|p1a: Metagross|85/256\n|-heal|p2a: Hitmonchan|200/229|[from] drain|[of] p1a: Metagross\n|\n|-weather|Sandstorm|[upkeep]\n|-damage|p2a: Hitmonchan|186/229|[from] Sandstorm\n|upkeep\n|turn|16\n|\n|t:|1769443406\n|move|p2a: Hitmonchan|Drain Punch|p1a: Metagross\n|-damage|p1a: Metagross|0 fnt\n|-heal|p2a: Hitmonchan|229/229|[from] drain|[of] p1a: Metagross\n|faint|p1a: Metagross\n|\n|-weather|Sandstorm|[upkeep]\n|-damage|p2a: Hitmonchan|215/229|[from] Sandstorm\n|upkeep\n|\n|t:|1769443407\n|switch|p1a: Alakazam|Alakazam, L81, M|114/222\n|turn|17\n|\n|t:|1769443411\n|switch|p2a: Comfey|Comfey, L87, M|127/230\n|move|p1a: Alakazam|Psyshock|p2a: Comfey\n|-damage|p2a: Comfey|0 fnt\n|faint|p2a: Comfey\n|\n|-weather|none\n|upkeep\n|\n|t:|1769443416\n|switch|p2a: Gumshoos|Gumshoos, L94, M|318/318\n|turn|18\n|\n|t:|1769443421\n|switch|p1a: Porygon2|Porygon2, L82|172/274 tox\n|-ability|p1a: Porygon2|Stakeout|Trace|[from] ability: Trace|[of] p2a: Gumshoos\n|move|p2a: Gumshoos|U-turn|p1a: Porygon2\n|-damage|p1a: Porygon2|37/274 tox\n|\n|t:|1769443430\n|switch|p2a: Dragonite|Dragonite, L72, M|235/250|[from] U-turn\n|\n|-damage|p1a: Porygon2|20/274 tox|[from] psn\n|upkeep\n|turn|19\n|\n|t:|1769443433\n|move|p2a: Dragonite|Earthquake|p1a: Porygon2\n|-damage|p1a: Porygon2|0 fnt\n|faint|p1a: Porygon2\n|\n|upkeep\n|\n|t:|1769443434\n|switch|p1a: Tyranitar|Tyranitar-Mega, L76, F|196/277\n|-weather|Sandstorm|[from] ability: Sand Stream|[of] p1a: Tyranitar\n|turn|20\n|\n|t:|1769443444\n|switch|p1a: Alakazam|Alakazam, L81, M|114/222\n|move|p2a: Dragonite|Earthquake|p1a: Alakazam\n|-crit|p1a: Alakazam\n|-damage|p1a: Alakazam|0 fnt\n|faint|p1a: Alakazam\n|\n|-weather|Sandstorm|[upkeep]\n|-damage|p2a: Dragonite|220/250|[from] Sandstorm\n|upkeep\n|-message|KingKong619 forfeited.\n|\n|win|BigWes95\n|raw|KingKong619's rating: 1577 &rarr; <strong>1572</strong><br />(-5 for losing)\n|raw|BigWes95's rating: 1898 &rarr; <strong>1903</strong><br />(+5 for winning)\n|l|☆KingKong619\n|player|p1|\n|l|☆BigWes95\n|player|p2|\n", "inputlog": ">version b99ff0165a6231f17e8b78c2a78d1998375de664\n>start {\"formatid\":\"gen7randombattle\",\"seed\":\"sodium,3ad3bc5fff58ad61b4110e4f73fbcfcb\",\"rated\":\"Rated battle\"}\n>player p1 {\"name\":\"KingKong619\",\"avatar\":\"2\",\"rating\":1577,\"seed\":\"sodium,2123914dd94d0acf17fcc7b9276e79f2\"}\n>player p2 {\"name\":\"BigWes95\",\"avatar\":\"#rbtt9hoopers2\",\"rating\":1898,\"seed\":\"sodium,4c7f5d40447b45bff599efb0fa994648\"}\n>p1 switch 2\n>p2 move drainingkiss\n>p1 move meteormash\n>p2 move uturn\n>p2 switch 5\n>p1 switch 6\n>p2 move scald\n>p1 move triattack\n>p2 move toxic\n>p1 move discharge\n>p2 switch 6\n>p1 move icebeam\n>p2 move hornleech\n>p1 switch 2\n>p2 move protect\n>p1 move pursuit\n>p2 switch 6\n>p2 switch 2\n>p1 switch 4\n>p2 move stoneedge\n>p1 move shadowbone\n>p2 move stoneedge\n>p1 switch 3\n>p1 move psyshock\n>p2 switch 5\n>p1 move calmmind\n>p2 move uturn\n>p2 switch 3\n>p1 switch 5\n>p2 move fly zmove\n>p1 move firepunch mega\n>p2 switch 5\n>p1 switch 6\n>p2 move drainpunch\n>p1 move explosion\n>p2 move drainpunch\n>p1 switch 5\n>p1 move psyshock\n>p2 switch 3\n>p2 switch 4\n>p1 switch 2\n>p2 move uturn\n>p2 switch 5\n>p1 move icebeam\n>p2 move earthquake\n>p1 switch 6\n>p1 switch 2\n>p2 move earthquake\n>forcelose p1", "uploadtime": 1769443508, "views": 186, "formatid": "gen7randombattle", "rating": 1572, "private": 0, "password": null}