{"id": "gen7randombattle-2528551564", "format": "[Gen 7] Random Battle", "players": ["Madarnann", "may/gen3"], "log": "|j|☆Madarnann\n|j|☆may/gen3\n|t:|1769675549\n|gametype|singles\n|player|p1|Madarnann|silver|1589\n|player|p2|may/gen3|may|1747\n|gen|7\n|tier|[Gen 7] Random Battle\n|rated|\n|rule|Sleep Clause Mod: Limit one foe put to sleep\n|rule|HP Percentage Mod: HP is shown in percentages\n|rule|Illusion Level Mod: Illusion disguises the Pokémon's true level\n|\n|t:|1769675549\n|teamsize|p1|6\n|teamsize|p2|6\n|start\n|switch|p1a: Beheeyem|Beheeyem, L93, M|290/290\n|switch|p2a: Diancie|Diancie, L81|214/214\n|turn|1\n|inactive|Battle timer is ON: inactive players will automatically lose when time's up. (requested by Madarnann)\n|\n|t:|1769675564\n|switch|p1a: Jirachi|Jirachi, L76|277/277\n|move|p2a: Diancie|Diamond Storm|p1a: Jirachi\n|-resisted|p1a: Jirachi\n|-damage|p1a: Jirachi|224/277\n|-boost|p2a: Diancie|def|2\n|\n|-heal|p1a: Jirachi|241/277|[from] item: Leftovers\n|upkeep\n|turn|2\n|\n|t:|1769675576\n|switch|p2a: Silvally|Silvally-Electric, L87|307/307\n|move|p1a: Jirachi|Stealth Rock|p2a: Silvally\n|-sidestart|p2: may/gen3|move: Stealth Rock\n|\n|-heal|p1a: Jirachi|258/277|[from] item: Leftovers\n|upkeep\n|turn|3\n|\n|t:|1769675582\n|switch|p1a: Landorus|Landorus-Therian, L74, M|254/254\n|-ability|p1a: Landorus|Intimidate|boost\n|-unboost|p2a: Silvally|atk|1\n|move|p2a: Silvally|Multi-Attack|p1a: Landorus\n|-immune|p1a: Landorus\n|\n|upkeep\n|turn|4\n|\n|t:|1769675591\n|move|p2a: Silvally|Ice Beam|p1a: Landorus\n|-supereffective|p1a: Landorus\n|-damage|p1a: Landorus|0 fnt\n|faint|p1a: Landorus\n|\n|upkeep\n|\n|t:|1769675601\n|switch|p1a: Xerneas|Xerneas, L65|272/272\n|-ability|p1a: Xerneas|Fairy Aura\n|turn|5\n|\n|t:|1769675611\n|move|p2a: Silvally|Toxic|p1a: Xerneas\n|-status|p1a: Xerneas|tox\n|move|p1a: Xerneas|Geomancy||[still]\n|-prepare|p1a: Xerneas|Geomancy\n|-enditem|p1a: Xerneas|Power Herb\n|-anim|p1a: Xerneas|Geomancy|p1a: Xerneas\n|-boost|p1a: Xerneas|spa|2\n|-boost|p1a: Xerneas|spd|2\n|-boost|p1a: Xerneas|spe|2\n|\n|-damage|p1a: Xerneas|255/272 tox|[from] psn\n|upkeep\n|turn|6\n|\n|t:|1769675614\n|move|p1a: Xerneas|Moonblast|p2a: Silvally\n|-crit|p2a: Silvally\n|-damage|p2a: Silvally|40/307\n|move|p2a: Silvally|Parting Shot|p1a: Xerneas\n|-unboost|p1a: Xerneas|atk|1\n|-unboost|p1a: Xerneas|spa|1\n|\n|t:|1769675617\n|switch|p2a: Cryogonal|Cryogonal, L87|281/281|[from] Parting Shot\n|-damage|p2a: Cryogonal|211/281|[from] Stealth Rock\n|\n|-heal|p2a: Cryogonal|228/281|[from] item: Leftovers\n|-damage|p1a: Xerneas|221/272 tox|[from] psn\n|upkeep\n|turn|7\n|\n|t:|1769675622\n|move|p1a: Xerneas|Moonblast|p2a: Cryogonal\n|-damage|p2a: Cryogonal|128/281\n|move|p2a: Cryogonal|Recover|p2a: Cryogonal\n|-heal|p2a: Cryogonal|269/281\n|\n|-heal|p2a: Cryogonal|281/281|[from] item: Leftovers\n|-damage|p1a: Xerneas|170/272 tox|[from] psn\n|upkeep\n|turn|8\n|\n|t:|1769675627\n|move|p1a: Xerneas|Focus Blast|p2a: Cryogonal|[miss]\n|-miss|p1a: Xerneas|p2a: Cryogonal\n|move|p2a: Cryogonal|Rapid Spin|p1a: Xerneas\n|-damage|p1a: Xerneas|161/272 tox\n|-sideend|p2: may/gen3|Stealth Rock|[from] move: Rapid Spin|[of] p2a: Cryogonal\n|\n|-damage|p1a: Xerneas|93/272 tox|[from] psn\n|upkeep\n|turn|9\n|\n|t:|1769675635\n|move|p1a: Xerneas|Focus Blast|p2a: Cryogonal\n|-supereffective|p2a: Cryogonal\n|-crit|p2a: Cryogonal\n|-damage|p2a: Cryogonal|81/281\n|move|p2a: Cryogonal|Recover|p2a: Cryogonal\n|-heal|p2a: Cryogonal|222/281\n|\n|-heal|p2a: Cryogonal|239/281|[from] item: Leftovers\n|-damage|p1a: Xerneas|8/272 tox|[from] psn\n|upkeep\n|turn|10\n|\n|t:|1769675642\n|switch|p2a: Silvally|Silvally-Electric, L87|40/307\n|move|p1a: Xerneas|Focus Blast|p2a: Silvally\n|-damage|p2a: Silvally|0 fnt\n|faint|p2a: Silvally\n|\n|-damage|p1a: Xerneas|0 fnt|[from] psn\n|faint|p1a: Xerneas\n|upkeep\n|\n|t:|1769675651\n|switch|p2a: Gyarados|Gyarados, L74, M|263/263\n|switch|p1a: Jirachi|Jirachi, L76|258/277\n|-ability|p2a: Gyarados|Intimidate|boost\n|-unboost|p1a: Jirachi|atk|1\n|turn|11\n|\n|t:|1769675657\n|move|p1a: Jirachi|Stealth Rock|p2a: Gyarados\n|-sidestart|p2: may/gen3|move: Stealth Rock\n|move|p2a: Gyarados|Substitute|p2a: Gyarados\n|-start|p2a: Gyarados|Substitute\n|-damage|p2a: Gyarados|198/263\n|\n|-heal|p1a: Jirachi|275/277|[from] item: Leftovers\n|upkeep\n|turn|12\n|\n|t:|1769675669\n|move|p1a: Jirachi|Body Slam|p2a: Gyarados\n|-activate|p2a: Gyarados|move: Substitute|[damage]\n|move|p2a: Gyarados|Dragon Dance|p2a: Gyarados\n|-boost|p2a: Gyarados|atk|1\n|-boost|p2a: Gyarados|spe|1\n|\n|-heal|p1a: Jirachi|277/277|[from] item: Leftovers\n|upkeep\n|turn|13\n|\n|t:|1769675678\n|switch|p1a: Beheeyem|Beheeyem, L93, M|290/290\n|detailschange|p2a: Gyarados|Gyarados-Mega, L74, M\n|-mega|p2a: Gyarados|Gyarados|Gyaradosite\n|-ability|p2a: Gyarados|Mold Breaker\n|move|p2a: Gyarados|Crunch|p1a: Beheeyem\n|-supereffective|p1a: Beheeyem\n|-damage|p1a: Beheeyem|0 fnt\n|faint|p1a: Beheeyem\n|\n|upkeep\n|-message|Madarnann forfeited.\n|\n|win|may/gen3\n|raw|Madarnann's rating: 1589 &rarr; <strong>1578</strong><br />(-11 for losing)\n|raw|may&#x2f;gen3's rating: 1747 &rarr; <strong>1758</strong><br />(+11 for winning)\n|l|☆Madarnann\n|player|p1|\n|l|☆may/gen3\n|player|p2|\n|j|☆may/gen3\n|player|p2|may/gen3|may|\n|l|☆may/gen3\n|player|p2|\n|j|☆may/gen3\n|player|p2|may/gen3|may|\n", "inputlog": ">version b99ff0165a6231f17e8b78c2a78d1998375de664\n>start {\"formatid\":\"gen7randombattle\",\"seed\":\"sodium,c08edc76c89ef5cd99fc345af92b17ae\",\"rated\":\"Rated battle\"}\n>player p1 {\"name\":\"Madarnann\",\"avatar\":\"silver\",\"rating\":1589,\"seed\":\"sodium,e02a633fc49be228ebe66d977fe09f45\"}\n>player p2 {\"name\":\"may/gen3\",\"avatar\":\"may\",\"rating\":1747,\"seed\":\"sodium,49afb635606596e9ad1bec1500c1a1ee\"}\n>p1 switch 3\n>p2 move diamondstorm\n>p1 move stealthrock\n>p2 switch 5\n>p1 switch 4\n>p2 move multiattack\n>p1 move earthquake\n>p2 move icebeam\n>p1 switch 6\n>p1 move geomancy\n>p2 move toxic\n>p1 move moonblast\n>p2 move partingshot\n>p2 switch 2\n>p1 move moonblast\n>p2 move recover\n>p1 move focusblast\n>p2 move rapidspin\n>p1 move focusblast\n>p2 move recover\n>p1 move focusblast\n>p2 switch 2\n>p1 switch 4\n>p2 switch 6\n>p1 move stealthrock\n>p2 move substitute\n>p1 move bodyslam\n>p2 move dragondance\n>p1 switch 3\n>p2 move crunch mega\n>forcelose p1", "uploadtime": 1769676116, "views": 168, "formatid": "gen7randombattle", "rating": 1578, "private": 0, "password": null}