{"id": "gen7randombattle-2531784215", "format": "[Gen 7] Random Battle", "players": ["Stoody bool", "beckywiththebraids"], "log": "|j|☆Stoody bool\n|j|☆beckywiththebraids\n|t:|1770097936\n|gametype|singles\n|player|p1|Stoody bool|1|1661\n|player|p2|beckywiththebraids|102|1768\n|gen|7\n|tier|[Gen 7] Random Battle\n|rated|\n|rule|Sleep Clause Mod: Limit one foe put to sleep\n|rule|HP Percentage Mod: HP is shown in percentages\n|rule|Illusion Level Mod: Illusion disguises the Pokémon's true level\n|\n|t:|1770097936\n|teamsize|p1|6\n|teamsize|p2|6\n|start\n|switch|p1a: Arbok|Arbok, L90, F|254/254\n|switch|p2a: Espeon|Espeon, L83, M|244/244\n|-ability|p1a: Arbok|Intimidate|boost\n|-unboost|p2a: Espeon|atk|1\n|turn|1\n|\n|t:|1770097960\n|switch|p1a: Armaldo|Armaldo, L89, M|278/278\n|move|p2a: Espeon|Psyshock|p1a: Armaldo\n|-damage|p1a: Armaldo|142/278\n|\n|-heal|p1a: Armaldo|159/278|[from] item: Leftovers\n|upkeep\n|turn|2\n|\n|t:|1770097972\n|switch|p2a: Xatu|Xatu, L89, F|260/260\n|move|p1a: Armaldo|Stone Edge|p2a: Xatu\n|-supereffective|p2a: Xatu\n|-damage|p2a: Xatu|0 fnt\n|faint|p2a: Xatu\n|\n|-heal|p1a: Armaldo|176/278|[from] item: Leftovers\n|upkeep\n|\n|t:|1770097975\n|switch|p2a: Manaphy|Manaphy, L77|281/281\n|turn|3\n|\n|t:|1770097988\n|switch|p1a: Kartana|Kartana, L74|209/209\n|move|p2a: Manaphy|Tail Glow|p2a: Manaphy\n|-boost|p2a: Manaphy|spa|3\n|\n|upkeep\n|turn|4\n|\n|t:|1770097998\n|switch|p2a: Hariyama|Hariyama, L87, M|392/392\n|-zpower|p1a: Kartana\n|move|p1a: Kartana|Bloom Doom|p2a: Hariyama|[zeffect]\n|-damage|p2a: Hariyama|104/392\n|\n|upkeep\n|turn|5\n|\n|t:|1770098009\n|move|p2a: Hariyama|Bullet Punch|p1a: Kartana\n|-resisted|p1a: Kartana\n|-damage|p1a: Kartana|195/209\n|move|p1a: Kartana|Leaf Blade|p2a: Hariyama\n|-damage|p2a: Hariyama|0 fnt\n|faint|p2a: Hariyama\n|-ability|p1a: Kartana|Beast Boost|boost\n|-boost|p1a: Kartana|atk|1\n|\n|upkeep\n|\n|t:|1770098011\n|switch|p2a: Espeon|Espeon, L83, M|244/244\n|turn|6\n|\n|t:|1770098024\n|switch|p1a: Noctowl|Noctowl, L94, M|340/340\n|move|p2a: Espeon|Shadow Ball|p1a: Noctowl\n|-immune|p1a: Noctowl\n|\n|upkeep\n|turn|7\n|\n|t:|1770098033\n|switch|p2a: Palkia|Palkia, L75|259/259\n|-ability|p2a: Palkia|Pressure\n|move|p1a: Noctowl|Hurricane|p2a: Palkia\n|-damage|p2a: Palkia|151/259\n|\n|upkeep\n|turn|8\n|\n|t:|1770098044\n|switch|p1a: Xerneas|Xerneas, L65|272/272\n|-ability|p1a: Xerneas|Fairy Aura\n|move|p2a: Palkia|Hydro Pump|p1a: Xerneas|[miss]\n|-miss|p2a: Palkia|p1a: Xerneas\n|\n|upkeep\n|turn|9\n|\n|t:|1770098056\n|move|p2a: Palkia|Hydro Pump|p1a: Xerneas\n|-damage|p1a: Xerneas|28/272\n|move|p1a: Xerneas|Geomancy||[still]\n|-prepare|p1a: Xerneas|Geomancy\n|-enditem|p1a: Xerneas|Power Herb\n|-anim|p1a: Xerneas|Geomancy|p1a: Xerneas\n|-boost|p1a: Xerneas|spa|2\n|-boost|p1a: Xerneas|spd|2\n|-boost|p1a: Xerneas|spe|2\n|\n|upkeep\n|turn|10\n|\n|t:|1770098061\n|move|p1a: Xerneas|Moonblast|p2a: Palkia\n|-supereffective|p2a: Palkia\n|-damage|p2a: Palkia|0 fnt\n|faint|p2a: Palkia\n|\n|upkeep\n|\n|t:|1770098062\n|switch|p2a: Espeon|Espeon, L83, M|244/244\n|turn|11\n|\n|t:|1770098065\n|move|p1a: Xerneas|Moonblast|p2a: Espeon\n|-damage|p2a: Espeon|60/244\n|-unboost|p2a: Espeon|spa|1\n|move|p2a: Espeon|Psyshock|p1a: Xerneas\n|-damage|p1a: Xerneas|0 fnt\n|faint|p1a: Xerneas\n|\n|upkeep\n|\n|t:|1770098077\n|switch|p1a: Sceptile|Sceptile, L82, M|249/249\n|turn|12\n|\n|t:|1770098083\n|switch|p2a: Manaphy|Manaphy, L77|281/281\n|move|p1a: Sceptile|Leaf Blade|p2a: Manaphy\n|-supereffective|p2a: Manaphy\n|-damage|p2a: Manaphy|129/281\n|\n|upkeep\n|turn|13\n|\n|t:|1770098093\n|move|p1a: Sceptile|Leaf Blade|p2a: Manaphy\n|-supereffective|p2a: Manaphy\n|-crit|p2a: Manaphy\n|-damage|p2a: Manaphy|0 fnt\n|faint|p2a: Manaphy\n|\n|upkeep\n|\n|t:|1770098097\n|switch|p2a: Tyrantrum|Tyrantrum, L81, F|265/265\n|turn|14\n|\n|t:|1770098104\n|detailschange|p1a: Sceptile|Sceptile-Mega, L82, M\n|-mega|p1a: Sceptile|Sceptile|Sceptilite\n|move|p1a: Sceptile|Outrage|p2a: Tyrantrum\n|-supereffective|p2a: Tyrantrum\n|-damage|p2a: Tyrantrum|47/265\n|move|p2a: Tyrantrum|Head Smash|p1a: Sceptile\n|-damage|p1a: Sceptile|0 fnt\n|faint|p1a: Sceptile\n|detailschange|p1: Sceptile|Sceptile, L82, M|[silent]\n|\n|upkeep\n|\n|t:|1770098126\n|switch|p1a: Arbok|Arbok, L90, F|254/254\n|-ability|p1a: Arbok|Intimidate|boost\n|-unboost|p2a: Tyrantrum|atk|1\n|turn|15\n|\n|t:|1770098130\n|move|p1a: Arbok|Earthquake|p2a: Tyrantrum\n|-supereffective|p2a: Tyrantrum\n|-damage|p2a: Tyrantrum|0 fnt\n|faint|p2a: Tyrantrum\n|-damage|p1a: Arbok|229/254|[from] item: Life Orb\n|\n|upkeep\n|\n|t:|1770098132\n|switch|p2a: Espeon|Espeon, L83, M|60/244\n|turn|16\n|\n|t:|1770098138\n|move|p2a: Espeon|Psyshock|p1a: Arbok\n|-supereffective|p1a: Arbok\n|-damage|p1a: Arbok|0 fnt\n|faint|p1a: Arbok\n|\n|upkeep\n|\n|t:|1770098141\n|switch|p1a: Armaldo|Armaldo, L89, M|176/278\n|turn|17\n|\n|t:|1770098144\n|move|p2a: Espeon|Psyshock|p1a: Armaldo\n|-damage|p1a: Armaldo|32/278\n|move|p1a: Armaldo|Earthquake|p2a: Espeon\n|-damage|p2a: Espeon|0 fnt\n|faint|p2a: Espeon\n|\n|win|Stoody bool\n|raw|Stoody bool's rating: 1661 &rarr; <strong>1688</strong><br />(+27 for winning)\n|raw|beckywiththebraids's rating: 1794 &rarr; <strong>1767</strong><br />(-27 for losing)\n|l|☆beckywiththebraids\n|player|p2|\n", "inputlog": ">version ccdc32dd7cde25fd9e4bed64820e885f66e78a4e\n>start {\"formatid\":\"gen7randombattle\",\"seed\":\"sodium,78d202861b094f9e40894dedad00d1aa\",\"rated\":\"Rated battle\"}\n>player p1 {\"name\":\"Stoody bool\",\"avatar\":\"1\",\"rating\":1661,\"seed\":\"sodium,32308e6a49970a504af8dcdb736d1ed3\"}\n>player p2 {\"name\":\"beckywiththebraids\",\"avatar\":\"102\",\"rating\":1768,\"seed\":\"sodium,cc7115057fc0f6d7b386a50f52322b25\"}\n>p1 switch 2\n>p2 move psyshock\n>p1 move stoneedge\n>p2 switch 6\n>p2 switch 5\n>p1 switch 4\n>p2 move tailglow\n>p1 move leafblade zmove\n>p2 switch 3\n>p1 move leafblade\n>p2 move bulletpunch\n>p2 switch 6\n>p1 switch 6\n>p2 move shadowball\n>p1 move hurricane\n>p2 switch 4\n>p1 switch 3\n>p2 move hydropump\n>p1 move geomancy\n>p2 move hydropump\n>p1 move moonblast\n>p2 move hydropump\n>p2 switch 4\n>p1 move moonblast\n>p2 move psyshock\n>p1 switch 5\n>p1 move leafblade\n>p2 switch 3\n>p1 move leafblade\n>p2 move icebeam\n>p2 switch 2\n>p1 move outrage mega\n>p2 move headsmash\n>p1 switch 2\n>p1 move earthquake\n>p2 move headsmash\n>p2 switch 3\n>p1 move gunkshot\n>p2 move psyshock\n>p1 switch 4\n>p1 move earthquake\n>p2 move psyshock", "uploadtime": 1770098155, "views": 158, "formatid": "gen7randombattle", "rating": 1688, "private": 0, "password": null}