{"id": "gen7randombattle-2523851247", "format": "[Gen 7] Random Battle", "players": ["SerxinoYt", "Shabbeaugosse"], "log": "|j|‽SerxinoYt\n|j|☆Shabbeaugosse\n|t:|1769081584\n|gametype|singles\n|player|p1|SerxinoYt|riley|1667\n|player|p2|Shabbeaugosse|2|1734\n|gen|7\n|tier|[Gen 7] Random Battle\n|rated|\n|rule|Sleep Clause Mod: Limit one foe put to sleep\n|rule|HP Percentage Mod: HP is shown in percentages\n|rule|Illusion Level Mod: Illusion disguises the Pokémon's true level\n|\n|t:|1769081584\n|teamsize|p1|6\n|teamsize|p2|6\n|start\n|switch|p1a: Swampert|Swampert, L81, M|295/295\n|switch|p2a: Mismagius|Mismagius, L87, F|246/246\n|turn|1\n|inactive|Battle timer is ON: inactive players will automatically lose when time's up. (requested by Shabbeaugosse)\n|\n|t:|1769081609\n|switch|p2a: Quagsire|Quagsire, L87, F|307/307\n|switch|p1a: Skarmory|Skarmory, L75, F|221/221\n|\n|upkeep\n|turn|2\n|\n|t:|1769081634\n|switch|p2a: Salazzle|Salazzle, L84, F|251/251\n|move|p1a: Skarmory|Toxic|p2a: Salazzle\n|-immune|p2a: Salazzle\n|\n|upkeep\n|turn|3\n|\n|t:|1769081644\n|switch|p1a: Bruxish|Bruxish, L85, F|254/254\n|move|p2a: Salazzle|Toxic|p1a: Bruxish\n|-status|p1a: Bruxish|tox\n|\n|-damage|p1a: Bruxish|239/254 tox|[from] psn\n|upkeep\n|turn|4\n|\n|t:|1769081649\n|move|p2a: Salazzle|Protect|p2a: Salazzle\n|-singleturn|p2a: Salazzle|Protect\n|move|p1a: Bruxish|Psychic Fangs|p2a: Salazzle\n|-activate|p2a: Salazzle|move: Protect\n|\n|-damage|p1a: Bruxish|209/254 tox|[from] psn\n|upkeep\n|turn|5\n|\n|t:|1769081652\n|switch|p2a: Quagsire|Quagsire, L87, F|307/307\n|move|p1a: Bruxish|Psychic Fangs|p2a: Quagsire\n|-damage|p2a: Quagsire|88/307\n|\n|-heal|p2a: Quagsire|107/307|[from] item: Leftovers\n|-damage|p1a: Bruxish|164/254 tox|[from] psn\n|upkeep\n|turn|6\n|\n|t:|1769081656\n|switch|p2a: Slowking|Slowking, L89, F|314/314\n|move|p1a: Bruxish|Psychic Fangs|p2a: Slowking\n|-resisted|p2a: Slowking\n|-damage|p2a: Slowking|199/314\n|\n|-heal|p2a: Slowking|218/314|[from] item: Leftovers\n|-damage|p1a: Bruxish|104/254 tox|[from] psn\n|upkeep\n|turn|7\n|\n|t:|1769081671\n|switch|p1a: Skarmory|Skarmory, L75, F|221/221\n|move|p2a: Slowking|Slack Off|p2a: Slowking\n|-heal|p2a: Slowking|314/314\n|\n|upkeep\n|turn|8\n|\n|t:|1769081674\n|switch|p2a: Quagsire|Quagsire, L87, F|107/307\n|move|p1a: Skarmory|Spikes|p2a: Quagsire\n|-sidestart|p2: Shabbeaugosse|Spikes\n|\n|-heal|p2a: Quagsire|126/307|[from] item: Leftovers\n|upkeep\n|turn|9\n|\n|t:|1769081679\n|move|p1a: Skarmory|Toxic|p2a: Quagsire\n|-status|p2a: Quagsire|tox\n|move|p2a: Quagsire|Recover|p2a: Quagsire\n|-heal|p2a: Quagsire|280/307 tox\n|\n|-heal|p2a: Quagsire|299/307 tox|[from] item: Leftovers\n|-damage|p2a: Quagsire|280/307 tox|[from] psn\n|upkeep\n|turn|10\n|\n|t:|1769081681\n|switch|p2a: Salazzle|Salazzle, L84, F|251/251\n|-damage|p2a: Salazzle|220/251|[from] Spikes\n|move|p1a: Skarmory|Toxic|p2a: Salazzle\n|-immune|p2a: Salazzle\n|\n|-heal|p2a: Salazzle|235/251|[from] item: Black Sludge\n|upkeep\n|turn|11\n|\n|t:|1769081690\n|move|p2a: Salazzle|Substitute|p2a: Salazzle\n|-start|p2a: Salazzle|Substitute\n|-damage|p2a: Salazzle|173/251\n|move|p1a: Skarmory|Spikes|p2a: Salazzle\n|-sidestart|p2: Shabbeaugosse|Spikes\n|\n|-heal|p2a: Salazzle|188/251|[from] item: Black Sludge\n|upkeep\n|turn|12\n|\n|t:|1769081693\n|move|p2a: Salazzle|Flamethrower|p1a: Skarmory\n|-supereffective|p1a: Skarmory\n|-ability|p1a: Skarmory|Sturdy\n|-damage|p1a: Skarmory|1/221\n|move|p1a: Skarmory|Brave Bird|p2a: Salazzle\n|-end|p2a: Salazzle|Substitute\n|-damage|p1a: Skarmory|0 fnt|[from] Recoil|[of] p2a: Salazzle\n|faint|p1a: Skarmory\n|\n|-heal|p2a: Salazzle|203/251|[from] item: Black Sludge\n|upkeep\n|\n|t:|1769081696\n|switch|p1a: Swampert|Swampert, L81, M|295/295\n|turn|13\n|\n|t:|1769081707\n|switch|p2a: Virizion|Virizion, L81|280/280\n|-damage|p2a: Virizion|234/280|[from] Spikes\n|detailschange|p1a: Swampert|Swampert-Mega, L81, M\n|-mega|p1a: Swampert|Swampert|Swampertite\n|move|p1a: Swampert|Earthquake|p2a: Virizion\n|-resisted|p2a: Virizion\n|-damage|p2a: Virizion|150/280\n|\n|upkeep\n|turn|14\n|\n|t:|1769081726\n|switch|p1a: Tapu Lele|Tapu Lele, L77|234/234\n|-fieldstart|move: Psychic Terrain|[from] ability: Psychic Surge|[of] p1a: Tapu Lele\n|move|p2a: Virizion|Swords Dance|p2a: Virizion\n|-boost|p2a: Virizion|atk|2\n|\n|upkeep\n|turn|15\n|\n|t:|1769081729\n|move|p2a: Virizion|Leaf Blade|p1a: Tapu Lele\n|-damage|p1a: Tapu Lele|0 fnt\n|faint|p1a: Tapu Lele\n|-damage|p2a: Virizion|122/280|[from] item: Life Orb\n|\n|upkeep\n|\n|t:|1769081736\n|switch|p1a: Tauros|Tauros, L84, M|263/263\n|turn|16\n|\n|t:|1769081750\n|switch|p2a: Mismagius|Mismagius, L87, F|246/246\n|move|p1a: Tauros|Zen Headbutt|p2a: Mismagius\n|-damage|p2a: Mismagius|51/246\n|\n|upkeep\n|turn|17\n|\n|t:|1769081758\n|switch|p2a: Slowking|Slowking, L89, F|314/314\n|-damage|p2a: Slowking|262/314|[from] Spikes\n|move|p1a: Tauros|Zen Headbutt|p2a: Slowking\n|-resisted|p2a: Slowking\n|-damage|p2a: Slowking|194/314\n|\n|-heal|p2a: Slowking|213/314|[from] item: Leftovers\n|upkeep\n|turn|18\n|\n|t:|1769081762\n|move|p1a: Tauros|Body Slam|p2a: Slowking\n|-damage|p2a: Slowking|56/314\n|move|p2a: Slowking|Scald|p1a: Tauros\n|-crit|p1a: Tauros\n|-damage|p1a: Tauros|80/263\n|\n|-heal|p2a: Slowking|75/314|[from] item: Leftovers\n|-fieldend|move: Psychic Terrain\n|upkeep\n|turn|19\n|\n|t:|1769081768\n|move|p1a: Tauros|Body Slam|p2a: Slowking\n|-damage|p2a: Slowking|0 fnt\n|faint|p2a: Slowking\n|\n|upkeep\n|\n|t:|1769081770\n|switch|p2a: Quagsire|Quagsire, L87, F|280/307 tox\n|-damage|p2a: Quagsire|229/307 tox|[from] Spikes\n|turn|20\n|\n|t:|1769081774\n|switch|p1a: Bruxish|Bruxish, L85, F|104/254 tox\n|move|p2a: Quagsire|Earthquake|p1a: Bruxish\n|-damage|p1a: Bruxish|0 fnt\n|faint|p1a: Bruxish\n|\n|-heal|p2a: Quagsire|248/307 tox|[from] item: Leftovers\n|-damage|p2a: Quagsire|229/307 tox|[from] psn\n|upkeep\n|\n|t:|1769081783\n|switch|p1a: Ninetales|Ninetales, L84, M|260/260\n|-weather|SunnyDay|[from] ability: Drought|[of] p1a: Ninetales\n|turn|21\n|\n|t:|1769081795\n|move|p1a: Ninetales|Solar Beam||[still]\n|-prepare|p1a: Ninetales|Solar Beam\n|-anim|p1a: Ninetales|Solar Beam|p2a: Quagsire\n|-supereffective|p2a: Quagsire\n|-damage|p2a: Quagsire|0 fnt\n|faint|p2a: Quagsire\n|\n|-weather|SunnyDay|[upkeep]\n|upkeep\n|\n|t:|1769081798\n|switch|p2a: Diancie|Diancie, L74|196/196\n|-damage|p2a: Diancie|164/196|[from] Spikes\n|turn|22\n|\n|t:|1769081810\n|move|p1a: Ninetales|Solar Beam||[still]\n|-prepare|p1a: Ninetales|Solar Beam\n|-anim|p1a: Ninetales|Solar Beam|p2a: Diancie\n|-supereffective|p2a: Diancie\n|-damage|p2a: Diancie|54/196\n|move|p2a: Diancie|Diamond Storm|p1a: Ninetales\n|-supereffective|p1a: Ninetales\n|-damage|p1a: Ninetales|80/260\n|\n|-weather|SunnyDay|[upkeep]\n|-heal|p1a: Ninetales|96/260|[from] item: Leftovers\n|upkeep\n|turn|23\n|\n|t:|1769081819\n|detailschange|p2a: Diancie|Diancie-Mega, L74\n|-mega|p2a: Diancie|Diancie|Diancite\n|move|p1a: Ninetales|Solar Beam||[still]\n|-prepare|p1a: Ninetales|Solar Beam\n|-anim|p1a: Ninetales|Solar Beam|p2a: Diancie\n|-supereffective|p2a: Diancie\n|-damage|p2a: Diancie|0 fnt\n|faint|p2a: Diancie\n|detailschange|p2: Diancie|Diancie, L74|[silent]\n|\n|-weather|SunnyDay|[upkeep]\n|-heal|p1a: Ninetales|112/260|[from] item: Leftovers\n|upkeep\n|\n|t:|1769081835\n|switch|p2a: Virizion|Virizion, L81|122/280\n|-damage|p2a: Virizion|76/280|[from] Spikes\n|turn|24\n|\n|t:|1769081839\n|move|p2a: Virizion|Close Combat|p1a: Ninetales\n|-damage|p1a: Ninetales|0 fnt\n|-unboost|p2a: Virizion|def|1\n|-unboost|p2a: Virizion|spd|1\n|faint|p1a: Ninetales\n|-damage|p2a: Virizion|48/280|[from] item: Life Orb\n|\n|-weather|SunnyDay|[upkeep]\n|upkeep\n|\n|t:|1769081842\n|switch|p1a: Tauros|Tauros, L84, M|80/263\n|turn|25\n|\n|t:|1769081857\n|move|p1a: Tauros|Body Slam|p2a: Virizion\n|-damage|p2a: Virizion|0 fnt\n|faint|p2a: Virizion\n|\n|-weather|none\n|upkeep\n|\n|t:|1769081859\n|switch|p2a: Salazzle|Salazzle, L84, F|203/251\n|-damage|p2a: Salazzle|162/251|[from] Spikes\n|turn|26\n|\n|t:|1769081862\n|move|p2a: Salazzle|Flamethrower|p1a: Tauros\n|-damage|p1a: Tauros|0 fnt\n|faint|p1a: Tauros\n|\n|-heal|p2a: Salazzle|177/251|[from] item: Black Sludge\n|upkeep\n|\n|t:|1769081863\n|switch|p1a: Swampert|Swampert-Mega, L81, M|295/295\n|turn|27\n|\n|t:|1769081869\n|move|p2a: Salazzle|Toxic|p1a: Swampert\n|-status|p1a: Swampert|tox\n|move|p1a: Swampert|Earthquake|p2a: Salazzle\n|-supereffective|p2a: Salazzle\n|-damage|p2a: Salazzle|0 fnt\n|faint|p2a: Salazzle\n|\n|-damage|p1a: Swampert|277/295 tox|[from] psn\n|upkeep\n|\n|t:|1769081872\n|switch|p2a: Mismagius|Mismagius, L87, F|51/246\n|turn|28\n|\n|t:|1769081876\n|move|p2a: Mismagius|Shadow Ball|p1a: Swampert\n|-damage|p1a: Swampert|178/295 tox\n|-unboost|p1a: Swampert|spd|1\n|-damage|p2a: Mismagius|27/246|[from] item: Life Orb\n|move|p1a: Swampert|Waterfall|p2a: Mismagius\n|-damage|p2a: Mismagius|0 fnt\n|faint|p2a: Mismagius\n|\n|win|SerxinoYt\n|raw|SerxinoYt's rating: 1667 &rarr; <strong>1691</strong><br />(+24 for winning)\n|raw|Shabbeaugosse's rating: 1734 &rarr; <strong>1710</strong><br />(-24 for losing)\n|l|☆Shabbeaugosse\n|player|p2|\n", "inputlog": ">version dd3d52b8382d73d1dd2c67730c4067df325ab790\n>start {\"formatid\":\"gen7randombattle\",\"seed\":\"sodium,2b91c06bd6a3f4e4d84d9a7cb020dde2\",\"rated\":\"Rated battle\"}\n>player p1 {\"name\":\"SerxinoYt\",\"avatar\":\"riley\",\"rating\":1667,\"seed\":\"sodium,78770c8686d244a289f77951418ec092\"}\n>player p2 {\"name\":\"Shabbeaugosse\",\"avatar\":\"2\",\"rating\":1734,\"seed\":\"sodium,f7ea3c45329eb55fb4db5c663569e770\"}\n>p1 switch 2\n>p2 switch 2\n>p1 move toxic\n>p2 switch 3\n>p1 switch 5\n>p2 move toxic\n>p1 move psychicfangs\n>p2 move protect\n>p1 move psychicfangs\n>p2 switch 3\n>p1 move psychicfangs\n>p2 switch 5\n>p1 switch 5\n>p2 move slackoff\n>p1 move spikes\n>p2 switch 5\n>p1 move toxic\n>p2 move recover\n>p1 move toxic\n>p2 switch 3\n>p1 move spikes\n>p2 move substitute\n>p1 move bravebird\n>p2 move flamethrower\n>p1 switch 2\n>p1 move earthquake mega\n>p2 switch 6\n>p1 switch 3\n>p2 move swordsdance\n>p1 move psychic\n>p2 move leafblade\n>p1 switch 6\n>p1 move zenheadbutt\n>p2 switch 2\n>p1 move zenheadbutt\n>p2 switch 5\n>p1 move bodyslam\n>p2 move scald\n>p1 move bodyslam\n>p2 move scald\n>p2 switch 3\n>p1 switch 5\n>p2 move earthquake\n>p1 switch 4\n>p1 move solarbeam\n>p2 move earthquake\n>p2 switch 4\n>p1 move solarbeam\n>p2 move diamondstorm\n>p1 move solarbeam\n>p2 move earthpower mega\n>p2 switch 2\n>p1 move fireblast\n>p2 move closecombat\n>p1 switch 5\n>p1 move bodyslam\n>p2 move closecombat\n>p2 switch 6\n>p1 move bodyslam\n>p2 move flamethrower\n>p1 switch 3\n>p1 move earthquake\n>p2 move toxic\n>p2 switch 5\n>p1 move waterfall\n>p2 move shadowball", "uploadtime": 1769081883, "views": 140, "formatid": "gen7randombattle", "rating": 1691, "private": 0, "password": null}