{"id": "gen7randombattle-2533477118", "format": "[Gen 7] Random Battle", "players": ["Happyisuwu", "4 man deep"], "log": "|j|☆Happyisuwu\n|j|☆4 man deep\n|t:|1770309327\n|gametype|singles\n|player|p1|Happyisuwu|170|1599\n|player|p2|4 man deep|1|1520\n|gen|7\n|tier|[Gen 7] Random Battle\n|rated|\n|rule|Sleep Clause Mod: Limit one foe put to sleep\n|rule|HP Percentage Mod: HP is shown in percentages\n|rule|Illusion Level Mod: Illusion disguises the Pokémon's true level\n|\n|t:|1770309327\n|teamsize|p1|6\n|teamsize|p2|6\n|start\n|switch|p1a: Ursaring|Ursaring, L85, F|292/292\n|switch|p2a: Purugly|Purugly, L89, M|271/271\n|turn|1\n|inactive|Battle timer is ON: inactive players will automatically lose when time's up. (requested by Happyisuwu)\n|inactive|4 man deep has 120 seconds left.\n|\n|t:|1770309362\n|move|p1a: Ursaring|Protect|p1a: Ursaring\n|-singleturn|p1a: Ursaring|Protect\n|move|p2a: Purugly|Knock Off|p1a: Ursaring\n|-activate|p1a: Ursaring|move: Protect\n|\n|-status|p1a: Ursaring|brn|[from] item: Flame Orb\n|upkeep\n|turn|2\n|\n|t:|1770309396\n|switch|p2a: Leafeon|Leafeon, L88, F|258/258\n|move|p1a: Ursaring|Facade|p2a: Leafeon\n|-damage|p2a: Leafeon|59/258\n|\n|-damage|p1a: Ursaring|274/292 brn|[from] brn\n|upkeep\n|turn|3\n|\n|t:|1770309404\n|move|p2a: Leafeon|Leaf Blade|p1a: Ursaring\n|-crit|p1a: Ursaring\n|-damage|p1a: Ursaring|32/292 brn\n|-damage|p2a: Leafeon|34/258|[from] item: Life Orb\n|move|p1a: Ursaring|Facade|p2a: Leafeon\n|-damage|p2a: Leafeon|0 fnt\n|faint|p2a: Leafeon\n|\n|-damage|p1a: Ursaring|14/292 brn|[from] brn\n|upkeep\n|\n|t:|1770309422\n|switch|p2a: Salazzle|Salazzle, L84, F|251/251\n|turn|4\n|\n|t:|1770309428\n|move|p2a: Salazzle|Protect|p2a: Salazzle\n|-singleturn|p2a: Salazzle|Protect\n|move|p1a: Ursaring|Facade|p2a: Salazzle\n|-activate|p2a: Salazzle|move: Protect\n|\n|-damage|p1a: Ursaring|0 fnt|[from] brn\n|faint|p1a: Ursaring\n|upkeep\n|\n|t:|1770309431\n|switch|p1a: Palkia|Palkia, L75|259/259\n|-ability|p1a: Palkia|Pressure\n|turn|5\n|\n|t:|1770309441\n|switch|p2a: Mantine|Mantine, L87, F|290/290\n|move|p1a: Palkia|Hydro Pump|p2a: Mantine\n|-immune|p2a: Mantine|[from] ability: Water Absorb\n|\n|upkeep\n|turn|6\n|\n|t:|1770309455\n|switch|p1a: Ariados|Ariados, L92, F|278/278\n|switch|p2a: Purugly|Purugly, L89, M|271/271\n|\n|upkeep\n|turn|7\n|\n|t:|1770309459\n|move|p2a: Purugly|Return|p1a: Ariados\n|-damage|p1a: Ariados|106/278\n|move|p1a: Ariados|Sticky Web|p2a: Purugly\n|-sidestart|p2: 4 man deep|move: Sticky Web\n|\n|-heal|p1a: Ariados|123/278|[from] item: Black Sludge\n|upkeep\n|turn|8\n|\n|t:|1770309466\n|switch|p1a: Carracosta|Carracosta, L88, M|274/274\n|move|p2a: Purugly|Return|p1a: Carracosta\n|-resisted|p1a: Carracosta\n|-damage|p1a: Carracosta|220/274\n|\n|upkeep\n|turn|9\n|\n|t:|1770309478\n|switch|p2a: Gumshoos|Gumshoos, L94, F|318/318\n|-activate|p2a: Gumshoos|move: Sticky Web\n|-unboost|p2a: Gumshoos|spe|1\n|move|p1a: Carracosta|Shell Smash|p1a: Carracosta\n|-unboost|p1a: Carracosta|def|1\n|-unboost|p1a: Carracosta|spd|1\n|-boost|p1a: Carracosta|atk|2\n|-boost|p1a: Carracosta|spa|2\n|-boost|p1a: Carracosta|spe|2\n|\n|upkeep\n|turn|10\n|inactive|Happyisuwu has 120 seconds left.\n|\n|t:|1770309522\n|switch|p1a: Cherrim|Cherrim, L99, M|299/299\n|move|p2a: Gumshoos|Earthquake|p1a: Cherrim\n|-resisted|p1a: Cherrim\n|-damage|p1a: Cherrim|153/299\n|\n|upkeep\n|turn|11\n|\n|t:|1770309531\n|switch|p2a: Salazzle|Salazzle, L84, F|251/251\n|-activate|p2a: Salazzle|move: Sticky Web\n|-unboost|p2a: Salazzle|spe|1\n|move|p1a: Cherrim|Energy Ball|p2a: Salazzle\n|-resisted|p2a: Salazzle\n|-damage|p2a: Salazzle|192/251\n|\n|-heal|p2a: Salazzle|207/251|[from] item: Black Sludge\n|upkeep\n|turn|12\n|inactive|Happyisuwu has 120 seconds left.\n|\n|t:|1770309540\n|switch|p1a: Ariados|Ariados, L92, F|123/278\n|move|p2a: Salazzle|Toxic|p1a: Ariados\n|-status|p1a: Ariados|tox\n|\n|-heal|p2a: Salazzle|222/251|[from] item: Black Sludge\n|-heal|p1a: Ariados|140/278 tox|[from] item: Black Sludge\n|-damage|p1a: Ariados|123/278 tox|[from] psn\n|upkeep\n|turn|13\n|inactive|Happyisuwu has 120 seconds left.\n|\n|t:|1770309550\n|move|p2a: Salazzle|Substitute|p2a: Salazzle\n|-start|p2a: Salazzle|Substitute\n|-damage|p2a: Salazzle|160/251\n|move|p1a: Ariados|Poison Jab|p2a: Salazzle\n|-resisted|p2a: Salazzle\n|-activate|p2a: Salazzle|move: Substitute|[damage]\n|\n|-heal|p2a: Salazzle|175/251|[from] item: Black Sludge\n|-heal|p1a: Ariados|140/278 tox|[from] item: Black Sludge\n|-damage|p1a: Ariados|106/278 tox|[from] psn\n|upkeep\n|turn|14\n|\n|t:|1770309554\n|move|p2a: Salazzle|Flamethrower|p1a: Ariados\n|-supereffective|p1a: Ariados\n|-damage|p1a: Ariados|0 fnt\n|faint|p1a: Ariados\n|\n|-heal|p2a: Salazzle|190/251|[from] item: Black Sludge\n|upkeep\n|\n|t:|1770309560\n|switch|p1a: Cherrim|Cherrim, L99, M|153/299\n|turn|15\n|\n|t:|1770309570\n|move|p1a: Cherrim|Hidden Power|p2a: Salazzle\n|-supereffective|p2a: Salazzle\n|-end|p2a: Salazzle|Substitute\n|move|p2a: Salazzle|Flamethrower|p1a: Cherrim\n|-supereffective|p1a: Cherrim\n|-damage|p1a: Cherrim|0 fnt\n|faint|p1a: Cherrim\n|\n|-heal|p2a: Salazzle|205/251|[from] item: Black Sludge\n|upkeep\n|\n|t:|1770309578\n|switch|p1a: Latias|Latias, L78, F|253/253\n|turn|16\n|\n|t:|1770309607\n|detailschange|p1a: Latias|Latias-Mega, L78, F\n|-mega|p1a: Latias|Latias|Latiasite\n|move|p1a: Latias|Psyshock|p2a: Salazzle\n|-supereffective|p2a: Salazzle\n|-damage|p2a: Salazzle|0 fnt\n|faint|p2a: Salazzle\n|\n|upkeep\n|inactive|4 man deep has 120 seconds left.\n|\n|t:|1770309635\n|switch|p2a: Mantine|Mantine, L87, F|290/290\n|turn|17\n|\n|t:|1770309655\n|switch|p1a: Carracosta|Carracosta, L88, M|220/274\n|move|p2a: Mantine|Defog|p1a: Carracosta\n|-unboost|p1a: Carracosta|evasion|1\n|-sideend|p2: 4 man deep|Sticky Web|[from] move: Defog|[of] p2a: Mantine\n|\n|upkeep\n|turn|18\n|inactive|4 man deep has 120 seconds left.\n|\n|t:|1770309663\n|switch|p2a: Gumshoos|Gumshoos, L94, F|318/318\n|move|p1a: Carracosta|Shell Smash|p1a: Carracosta\n|-unboost|p1a: Carracosta|def|1\n|-unboost|p1a: Carracosta|spd|1\n|-boost|p1a: Carracosta|atk|2\n|-boost|p1a: Carracosta|spa|2\n|-boost|p1a: Carracosta|spe|2\n|\n|upkeep\n|turn|19\n|\n|t:|1770309668\n|move|p1a: Carracosta|Stone Edge|p2a: Gumshoos\n|-damage|p2a: Gumshoos|26/318\n|move|p2a: Gumshoos|Earthquake|p1a: Carracosta\n|-supereffective|p1a: Carracosta\n|-damage|p1a: Carracosta|0 fnt\n|faint|p1a: Carracosta\n|\n|upkeep\n|\n|t:|1770309675\n|switch|p1a: Latias|Latias-Mega, L78, F|253/253\n|turn|20\n|\n|t:|1770309698\n|switch|p2a: Mantine|Mantine, L87, F|290/290\n|move|p1a: Latias|Calm Mind|p1a: Latias\n|-boost|p1a: Latias|spa|1\n|-boost|p1a: Latias|spd|1\n|\n|upkeep\n|turn|21\n|\n|t:|1770309709\n|move|p1a: Latias|Psyshock|p2a: Mantine\n|-damage|p2a: Mantine|110/290\n|move|p2a: Mantine|Haze|p2a: Mantine\n|-clearallboost\n|\n|-heal|p2a: Mantine|128/290|[from] item: Leftovers\n|upkeep\n|turn|22\n|\n|t:|1770309721\n|move|p1a: Latias|Calm Mind|p1a: Latias\n|-boost|p1a: Latias|spa|1\n|-boost|p1a: Latias|spd|1\n|move|p2a: Mantine|Roost|p2a: Mantine\n|-heal|p2a: Mantine|273/290\n|-singleturn|p2a: Mantine|move: Roost\n|\n|-heal|p2a: Mantine|290/290|[from] item: Leftovers\n|upkeep\n|turn|23\n|\n|t:|1770309734\n|move|p1a: Latias|Psyshock|p2a: Mantine\n|-damage|p2a: Mantine|118/290\n|move|p2a: Mantine|Haze|p2a: Mantine\n|-clearallboost\n|\n|-heal|p2a: Mantine|136/290|[from] item: Leftovers\n|upkeep\n|turn|24\n|\n|t:|1770309737\n|move|p1a: Latias|Calm Mind|p1a: Latias\n|-boost|p1a: Latias|spa|1\n|-boost|p1a: Latias|spd|1\n|move|p2a: Mantine|Roost|p2a: Mantine\n|-heal|p2a: Mantine|281/290\n|-singleturn|p2a: Mantine|move: Roost\n|\n|-heal|p2a: Mantine|290/290|[from] item: Leftovers\n|upkeep\n|turn|25\n|\n|t:|1770309742\n|move|p1a: Latias|Draco Meteor|p2a: Mantine\n|-damage|p2a: Mantine|118/290\n|-unboost|p1a: Latias|spa|2\n|move|p2a: Mantine|Haze|p2a: Mantine\n|-clearallboost\n|\n|-heal|p2a: Mantine|136/290|[from] item: Leftovers\n|upkeep\n|turn|26\n|\n|t:|1770309745\n|move|p1a: Latias|Calm Mind|p1a: Latias\n|-boost|p1a: Latias|spa|1\n|-boost|p1a: Latias|spd|1\n|move|p2a: Mantine|Roost|p2a: Mantine\n|-heal|p2a: Mantine|281/290\n|-singleturn|p2a: Mantine|move: Roost\n|\n|-heal|p2a: Mantine|290/290|[from] item: Leftovers\n|upkeep\n|turn|27\n|\n|t:|1770309754\n|move|p1a: Latias|Draco Meteor|p2a: Mantine\n|-damage|p2a: Mantine|118/290\n|-unboost|p1a: Latias|spa|2\n|move|p2a: Mantine|Haze|p2a: Mantine\n|-clearallboost\n|\n|-heal|p2a: Mantine|136/290|[from] item: Leftovers\n|upkeep\n|turn|28\n|\n|t:|1770309761\n|move|p1a: Latias|Psyshock|p2a: Mantine\n|-damage|p2a: Mantine|22/290\n|move|p2a: Mantine|Roost|p2a: Mantine\n|-heal|p2a: Mantine|167/290\n|-singleturn|p2a: Mantine|move: Roost\n|\n|-heal|p2a: Mantine|185/290|[from] item: Leftovers\n|upkeep\n|turn|29\n|\n|t:|1770309780\n|move|p1a: Latias|Calm Mind|p1a: Latias\n|-boost|p1a: Latias|spa|1\n|-boost|p1a: Latias|spd|1\n|move|p2a: Mantine|Roost|p2a: Mantine\n|-heal|p2a: Mantine|290/290\n|-singleturn|p2a: Mantine|move: Roost\n|\n|upkeep\n|turn|30\n|\n|t:|1770309784\n|move|p1a: Latias|Draco Meteor|p2a: Mantine\n|-damage|p2a: Mantine|124/290\n|-unboost|p1a: Latias|spa|2\n|move|p2a: Mantine|Haze|p2a: Mantine\n|-clearallboost\n|\n|-heal|p2a: Mantine|142/290|[from] item: Leftovers\n|upkeep\n|turn|31\n|\n|t:|1770309787\n|move|p1a: Latias|Calm Mind|p1a: Latias\n|-boost|p1a: Latias|spa|1\n|-boost|p1a: Latias|spd|1\n|move|p2a: Mantine|Roost|p2a: Mantine\n|-heal|p2a: Mantine|287/290\n|-singleturn|p2a: Mantine|move: Roost\n|\n|-heal|p2a: Mantine|290/290|[from] item: Leftovers\n|upkeep\n|turn|32\n|\n|t:|1770309791\n|move|p1a: Latias|Draco Meteor|p2a: Mantine\n|-damage|p2a: Mantine|133/290\n|-unboost|p1a: Latias|spa|2\n|move|p2a: Mantine|Haze|p2a: Mantine\n|-clearallboost\n|\n|-heal|p2a: Mantine|151/290|[from] item: Leftovers\n|upkeep\n|turn|33\n|\n|t:|1770309794\n|move|p1a: Latias|Calm Mind|p1a: Latias\n|-boost|p1a: Latias|spa|1\n|-boost|p1a: Latias|spd|1\n|move|p2a: Mantine|Roost|p2a: Mantine\n|-heal|p2a: Mantine|290/290\n|-singleturn|p2a: Mantine|move: Roost\n|\n|upkeep\n|turn|34\n|\n|t:|1770309801\n|move|p1a: Latias|Psyshock|p2a: Mantine\n|-damage|p2a: Mantine|115/290\n|move|p2a: Mantine|Haze|p2a: Mantine\n|-clearallboost\n|\n|-heal|p2a: Mantine|133/290|[from] item: Leftovers\n|upkeep\n|turn|35\n|\n|t:|1770309804\n|switch|p1a: Palkia|Palkia, L75|259/259\n|-ability|p1a: Palkia|Pressure\n|move|p2a: Mantine|Roost|p2a: Mantine\n|-heal|p2a: Mantine|278/290\n|-singleturn|p2a: Mantine|move: Roost\n|\n|-heal|p2a: Mantine|290/290|[from] item: Leftovers\n|upkeep\n|turn|36\n|\n|t:|1770309809\n|switch|p2a: Gumshoos|Gumshoos, L94, F|26/318\n|move|p1a: Palkia|Spacial Rend|p2a: Gumshoos\n|-damage|p2a: Gumshoos|0 fnt\n|faint|p2a: Gumshoos\n|\n|upkeep\n|\n|t:|1770309819\n|switch|p2a: Purugly|Purugly, L89, M|271/271\n|turn|37\n|\n|t:|1770309822\n|move|p1a: Palkia|Spacial Rend|p2a: Purugly\n|-crit|p2a: Purugly\n|-damage|p2a: Purugly|51/271\n|move|p2a: Purugly|Return|p1a: Palkia\n|-damage|p1a: Palkia|109/259\n|\n|upkeep\n|turn|38\n|\n|t:|1770309847\n|switch|p2a: Mantine|Mantine, L87, F|290/290\n|move|p1a: Palkia|Spacial Rend|p2a: Mantine\n|-damage|p2a: Mantine|212/290\n|\n|-heal|p2a: Mantine|230/290|[from] item: Leftovers\n|upkeep\n|turn|39\n|\n|t:|1770309853\n|switch|p1a: Latias|Latias-Mega, L78, F|253/253\n|move|p2a: Mantine|Scald|p1a: Latias\n|-resisted|p1a: Latias\n|-damage|p1a: Latias|225/253\n|\n|-heal|p2a: Mantine|248/290|[from] item: Leftovers\n|upkeep\n|turn|40\n|\n|t:|1770309865\n|move|p1a: Latias|Psyshock|p2a: Mantine\n|-damage|p2a: Mantine|139/290\n|move|p2a: Mantine|Scald|p1a: Latias\n|-resisted|p1a: Latias\n|-damage|p1a: Latias|196/253\n|\n|-heal|p2a: Mantine|157/290|[from] item: Leftovers\n|upkeep\n|turn|41\n|\n|t:|1770309875\n|move|p1a: Latias|Psyshock|p2a: Mantine\n|-damage|p2a: Mantine|37/290\n|move|p2a: Mantine|Roost|p2a: Mantine\n|-heal|p2a: Mantine|182/290\n|-singleturn|p2a: Mantine|move: Roost\n|\n|-heal|p2a: Mantine|200/290|[from] item: Leftovers\n|upkeep\n|turn|42\n|\n|t:|1770309878\n|move|p1a: Latias|Calm Mind|p1a: Latias\n|-boost|p1a: Latias|spa|1\n|-boost|p1a: Latias|spd|1\n|move|p2a: Mantine|Roost|p2a: Mantine\n|-heal|p2a: Mantine|290/290\n|-singleturn|p2a: Mantine|move: Roost\n|\n|upkeep\n|turn|43\n|\n|t:|1770309888\n|move|p1a: Latias|Psyshock|p2a: Mantine\n|-damage|p2a: Mantine|112/290\n|move|p2a: Mantine|Haze|p2a: Mantine\n|-clearallboost\n|\n|-heal|p2a: Mantine|130/290|[from] item: Leftovers\n|upkeep\n|turn|44\n|\n|t:|1770309900\n|move|p1a: Latias|Calm Mind|p1a: Latias\n|-boost|p1a: Latias|spa|1\n|-boost|p1a: Latias|spd|1\n|move|p2a: Mantine|Roost|p2a: Mantine\n|-heal|p2a: Mantine|275/290\n|-singleturn|p2a: Mantine|move: Roost\n|\n|-heal|p2a: Mantine|290/290|[from] item: Leftovers\n|upkeep\n|turn|45\n|\n|t:|1770309925\n|move|p1a: Latias|Psyshock|p2a: Mantine\n|-damage|p2a: Mantine|136/290\n|move|p2a: Mantine|Haze|p2a: Mantine\n|-clearallboost\n|\n|-heal|p2a: Mantine|154/290|[from] item: Leftovers\n|upkeep\n|turn|46\n|\n|t:|1770309933\n|move|p1a: Latias|Calm Mind|p1a: Latias\n|-boost|p1a: Latias|spa|1\n|-boost|p1a: Latias|spd|1\n|move|p2a: Mantine|Roost|p2a: Mantine\n|-heal|p2a: Mantine|290/290\n|-singleturn|p2a: Mantine|move: Roost\n|\n|upkeep\n|turn|47\n|\n|t:|1770309936\n|move|p1a: Latias|Draco Meteor|p2a: Mantine\n|-damage|p2a: Mantine|124/290\n|-unboost|p1a: Latias|spa|2\n|move|p2a: Mantine|Haze|p2a: Mantine\n|-clearallboost\n|\n|-heal|p2a: Mantine|142/290|[from] item: Leftovers\n|upkeep\n|turn|48\n|\n|t:|1770309940\n|move|p1a: Latias|Calm Mind|p1a: Latias\n|-boost|p1a: Latias|spa|1\n|-boost|p1a: Latias|spd|1\n|move|p2a: Mantine|Roost|p2a: Mantine\n|-heal|p2a: Mantine|287/290\n|-singleturn|p2a: Mantine|move: Roost\n|\n|-heal|p2a: Mantine|290/290|[from] item: Leftovers\n|upkeep\n|turn|49\n|\n|t:|1770309944\n|switch|p2a: Kommo-o|Kommo-o, L74, F|233/233\n|move|p1a: Latias|Psyshock|p2a: Kommo-o\n|-supereffective|p2a: Kommo-o\n|-damage|p2a: Kommo-o|0 fnt\n|faint|p2a: Kommo-o\n|\n|upkeep\n|\n|t:|1770309948\n|switch|p2a: Purugly|Purugly, L89, M|51/271\n|turn|50\n|\n|t:|1770309953\n|move|p2a: Purugly|Knock Off|p1a: Latias\n|-supereffective|p1a: Latias\n|-damage|p1a: Latias|76/253\n|move|p1a: Latias|Psyshock|p2a: Purugly\n|-damage|p2a: Purugly|0 fnt\n|faint|p2a: Purugly\n|\n|upkeep\n|\n|t:|1770309955\n|switch|p2a: Mantine|Mantine, L87, F|290/290\n|turn|51\n|\n|t:|1770309961\n|move|p1a: Latias|Roost|p1a: Latias\n|-heal|p1a: Latias|203/253\n|-singleturn|p1a: Latias|move: Roost\n|move|p2a: Mantine|Haze|p2a: Mantine\n|-clearallboost\n|\n|upkeep\n|turn|52\n|\n|t:|1770309966\n|move|p1a: Latias|Calm Mind|p1a: Latias\n|-boost|p1a: Latias|spa|1\n|-boost|p1a: Latias|spd|1\n|move|p2a: Mantine|Scald|p1a: Latias\n|-resisted|p1a: Latias\n|-damage|p1a: Latias|182/253\n|\n|upkeep\n|turn|53\n|\n|t:|1770309968\n|move|p1a: Latias|Psyshock|p2a: Mantine\n|-damage|p2a: Mantine|115/290\n|move|p2a: Mantine|Haze|p2a: Mantine\n|-clearallboost\n|\n|-heal|p2a: Mantine|133/290|[from] item: Leftovers\n|upkeep\n|turn|54\n|\n|t:|1770309971\n|move|p1a: Latias|Calm Mind|p1a: Latias\n|-boost|p1a: Latias|spa|1\n|-boost|p1a: Latias|spd|1\n|move|p2a: Mantine|Roost|p2a: Mantine\n|-heal|p2a: Mantine|278/290\n|-singleturn|p2a: Mantine|move: Roost\n|\n|-heal|p2a: Mantine|290/290|[from] item: Leftovers\n|upkeep\n|turn|55\n|\n|t:|1770309979\n|move|p1a: Latias|Draco Meteor|p2a: Mantine\n|-damage|p2a: Mantine|128/290\n|-unboost|p1a: Latias|spa|2\n|move|p2a: Mantine|Haze|p2a: Mantine\n|-clearallboost\n|\n|-heal|p2a: Mantine|146/290|[from] item: Leftovers\n|upkeep\n|turn|56\n|\n|t:|1770309986\n|switch|p1a: Palkia|Palkia, L75|109/259\n|-ability|p1a: Palkia|Pressure\n|move|p2a: Mantine|Roost|p2a: Mantine\n|-heal|p2a: Mantine|290/290\n|-singleturn|p2a: Mantine|move: Roost\n|\n|upkeep\n|turn|57\n|\n|t:|1770309989\n|move|p1a: Palkia|Spacial Rend|p2a: Mantine\n|-damage|p2a: Mantine|206/290\n|move|p2a: Mantine|Scald|p1a: Palkia\n|-resisted|p1a: Palkia\n|-damage|p1a: Palkia|92/259\n|\n|-heal|p2a: Mantine|224/290|[from] item: Leftovers\n|upkeep\n|turn|58\n|\n|t:|1770309991\n|move|p1a: Palkia|Spacial Rend|p2a: Mantine\n|-damage|p2a: Mantine|139/290\n|move|p2a: Mantine|Scald|p1a: Palkia\n|-resisted|p1a: Palkia\n|-damage|p1a: Palkia|75/259\n|\n|-heal|p2a: Mantine|157/290|[from] item: Leftovers\n|upkeep\n|turn|59\n|c|☆4 man deep|lol\n|\n|t:|1770309997\n|move|p1a: Palkia|Spacial Rend|p2a: Mantine\n|-crit|p2a: Mantine\n|-damage|p2a: Mantine|39/290\n|move|p2a: Mantine|Roost|p2a: Mantine\n|-heal|p2a: Mantine|184/290\n|-singleturn|p2a: Mantine|move: Roost\n|\n|-heal|p2a: Mantine|202/290|[from] item: Leftovers\n|upkeep\n|turn|60\n|c|☆Happyisuwu|It’s over\n|c|☆4 man deep|ye\n|\n|t:|1770310006\n|move|p1a: Palkia|Spacial Rend|p2a: Mantine\n|-damage|p2a: Mantine|121/290\n|move|p2a: Mantine|Scald|p1a: Palkia\n|-resisted|p1a: Palkia\n|-damage|p1a: Palkia|59/259\n|-status|p1a: Palkia|brn\n|\n|-heal|p2a: Mantine|139/290|[from] item: Leftovers\n|-damage|p1a: Palkia|43/259 brn|[from] brn\n|upkeep\n|turn|61\n|c|☆4 man deep|W kommo-o lol\n|c|☆Happyisuwu|Gg!\n|c|☆4 man deep|gg\n|c|☆Happyisuwu|Agency\n|\n|t:|1770310015\n|move|p1a: Palkia|Spacial Rend|p2a: Mantine\n|-damage|p2a: Mantine|57/290\n|move|p2a: Mantine|Scald|p1a: Palkia\n|-resisted|p1a: Palkia\n|-damage|p1a: Palkia|28/259 brn\n|\n|-heal|p2a: Mantine|75/290|[from] item: Leftovers\n|-damage|p1a: Palkia|12/259 brn|[from] brn\n|upkeep\n|turn|62\n|\n|t:|1770310019\n|-activate|p1a: Palkia|move: Struggle\n|move|p1a: Palkia|Struggle|p2a: Mantine\n|-crit|p2a: Mantine\n|-damage|p2a: Mantine|51/290\n|-damage|p1a: Palkia|0 fnt|[from] recoil\n|faint|p1a: Palkia\n|move|p2a: Mantine|Scald|p1: Palkia|[notarget]\n|-fail|p2a: Mantine\n|\n|-heal|p2a: Mantine|69/290|[from] item: Leftovers\n|upkeep\n|\n|t:|1770310021\n|switch|p1a: Latias|Latias-Mega, L78, F|182/253\n|turn|63\n|\n|t:|1770310023\n|move|p1a: Latias|Psyshock|p2a: Mantine\n|-damage|p2a: Mantine|0 fnt\n|faint|p2a: Mantine\n|\n|win|Happyisuwu\n|raw|Happyisuwu's rating: 1599 &rarr; <strong>1615</strong><br />(+16 for winning)\n|raw|4 man deep's rating: 1520 &rarr; <strong>1504</strong><br />(-16 for losing)\n|l|☆4 man deep\n|player|p2|\n", "inputlog": ">version ccdc32dd7cde25fd9e4bed64820e885f66e78a4e\n>start {\"formatid\":\"gen7randombattle\",\"seed\":\"sodium,7c1ef39bb4f3b226556a63a98f1c289f\",\"rated\":\"Rated battle\"}\n>player p1 {\"name\":\"Happyisuwu\",\"avatar\":\"170\",\"rating\":1599,\"seed\":\"sodium,eba2553d3ce37ed67f7ecb2df3670021\"}\n>player p2 {\"name\":\"4 man deep\",\"avatar\":\"1\",\"rating\":1520,\"seed\":\"sodium,8b0075b63bad6c16383b7f89be760dbe\"}\n>p1 move protect\n>p2 move knockoff\n>p1 move facade\n>p2 switch 6\n>p1 move facade\n>p2 move leafblade\n>p2 switch 3\n>p1 move facade\n>p2 move protect\n>p1 switch 5\n>p1 move hydropump\n>p2 switch 5\n>p1 switch 6\n>p2 switch 6\n>p1 move stickyweb\n>p2 move return\n>p1 switch 3\n>p2 move return\n>p1 move shellsmash\n>p2 switch 2\n>p1 switch 2\n>p2 move earthquake\n>p1 move energyball\n>p2 switch 5\n>p1 switch 3\n>p2 move toxic\n>p1 move poisonjab\n>p2 move substitute\n>p1 move poisonjab\n>p2 move flamethrower\n>p1 switch 3\n>p1 move hiddenpower\n>p2 move flamethrower\n>p1 switch 4\n>p1 move psyshock mega\n>p2 move toxic\n>p2 switch 6\n>p1 switch 2\n>p2 move defog\n>p1 move shellsmash\n>p2 switch 5\n>p1 move stoneedge\n>p2 move earthquake\n>p1 switch 2\n>p1 move calmmind\n>p2 switch 5\n>p1 move psyshock\n>p2 move haze\n>p1 move calmmind\n>p2 move roost\n>p1 move psyshock\n>p2 move haze\n>p1 move calmmind\n>p2 move roost\n>p1 move dracometeor\n>p2 move haze\n>p1 move calmmind\n>p2 move roost\n>p1 move dracometeor\n>p2 move haze\n>p1 move psyshock\n>p2 move roost\n>p1 move calmmind\n>p2 move roost\n>p1 move dracometeor\n>p2 move haze\n>p1 move calmmind\n>p2 move roost\n>p1 move dracometeor\n>p2 move haze\n>p1 move calmmind\n>p2 move roost\n>p1 move psyshock\n>p2 move haze\n>p1 switch 6\n>p2 move roost\n>p1 move spacialrend\n>p2 switch 5\n>p2 switch 2\n>p1 move spacialrend\n>p2 move return\n>p1 move spacialrend\n>p2 switch 5\n>p1 switch 6\n>p2 move scald\n>p1 move psyshock\n>p2 move scald\n>p1 move psyshock\n>p2 move roost\n>p1 move calmmind\n>p2 move roost\n>p1 move psyshock\n>p2 move haze\n>p1 move calmmind\n>p2 move roost\n>p1 move psyshock\n>p2 move haze\n>p1 move calmmind\n>p2 move roost\n>p1 move dracometeor\n>p2 move haze\n>p1 move calmmind\n>p2 move roost\n>p1 move psyshock\n>p2 switch 4\n>p2 switch 5\n>p1 move psyshock\n>p2 move knockoff\n>p2 switch 4\n>p1 move roost\n>p2 move haze\n>p1 move calmmind\n>p2 move scald\n>p1 move psyshock\n>p2 move haze\n>p1 move calmmind\n>p2 move roost\n>p1 move dracometeor\n>p2 move haze\n>p1 switch 6\n>p2 move roost\n>p1 move spacialrend\n>p2 move scald\n>p1 move spacialrend\n>p2 move scald\n>chat ☆4 man deep|lol\n>p1 move spacialrend\n>p2 move roost\n>chat ☆Happyisuwu|It’s over \n>chat ☆4 man deep|ye\n>p1 move spacialrend\n>p2 move scald\n>chat ☆4 man deep|W kommo-o lol\n>chat ☆Happyisuwu|Gg!\n>chat ☆4 man deep|gg\n>chat ☆Happyisuwu|Agency\n>p1 move spacialrend\n>p2 move scald\n>p1 move struggle\n>p2 move scald\n>p1 switch 6\n>p1 move psyshock\n>p2 move scald", "uploadtime": 1770310037, "views": 169, "formatid": "gen7randombattle", "rating": 1504, "private": 0, "password": null}