{"id": "gen7randombattle-2536616141", "format": "[Gen 7] Random Battle", "players": ["bin2409", "GuyTG24"], "log": "|j|☆bin2409\n|j|☆GuyTG24\n|t:|1770715437\n|gametype|singles\n|player|p1|bin2409|lucas|1883\n|player|p2|GuyTG24|266|1649\n|gen|7\n|tier|[Gen 7] Random Battle\n|rated|\n|rule|Sleep Clause Mod: Limit one foe put to sleep\n|rule|HP Percentage Mod: HP is shown in percentages\n|rule|Illusion Level Mod: Illusion disguises the Pokémon's true level\n|\n|t:|1770715437\n|teamsize|p1|6\n|teamsize|p2|6\n|start\n|switch|p1a: Fearow|Fearow, L88, F|258/258\n|switch|p2a: Magmortar|Magmortar, L88, M|275/275\n|turn|1\n|\n|t:|1770715463\n|move|p1a: Fearow|Drill Run|p2a: Magmortar\n|-supereffective|p2a: Magmortar\n|-crit|p2a: Magmortar\n|-damage|p2a: Magmortar|0 fnt\n|-status|p1a: Fearow|brn|[from] ability: Flame Body|[of] p2a: Magmortar\n|faint|p2a: Magmortar\n|\n|-damage|p1a: Fearow|242/258 brn|[from] brn\n|upkeep\n|\n|t:|1770715478\n|switch|p2a: Sylveon|Sylveon, L85, F|300/300\n|turn|2\n|inactive|Battle timer is ON: inactive players will automatically lose when time's up. (requested by GuyTG24)\n|\n|t:|1770715486\n|switch|p1a: Weezing|Weezing, L87, F|255/255\n|move|p2a: Sylveon|Calm Mind|p2a: Sylveon\n|-boost|p2a: Sylveon|spa|1\n|-boost|p2a: Sylveon|spd|1\n|\n|upkeep\n|turn|3\n|\n|t:|1770715497\n|move|p1a: Weezing|Sludge Bomb|p2a: Sylveon\n|-supereffective|p2a: Sylveon\n|-damage|p2a: Sylveon|216/300\n|-status|p2a: Sylveon|psn\n|move|p2a: Sylveon|Calm Mind|p2a: Sylveon\n|-boost|p2a: Sylveon|spa|1\n|-boost|p2a: Sylveon|spd|1\n|\n|-heal|p2a: Sylveon|234/300 psn|[from] item: Leftovers\n|-damage|p2a: Sylveon|197/300 psn|[from] psn\n|upkeep\n|turn|4\n|\n|t:|1770715510\n|move|p1a: Weezing|Toxic Spikes|p2a: Sylveon\n|-sidestart|p2: GuyTG24|move: Toxic Spikes\n|move|p2a: Sylveon|Wish|p2a: Sylveon\n|\n|-heal|p2a: Sylveon|215/300 psn|[from] item: Leftovers\n|-damage|p2a: Sylveon|178/300 psn|[from] psn\n|upkeep\n|turn|5\n|\n|t:|1770715518\n|move|p1a: Weezing|Sludge Bomb|p2a: Sylveon\n|-supereffective|p2a: Sylveon\n|-damage|p2a: Sylveon|116/300 psn\n|move|p2a: Sylveon|Calm Mind|p2a: Sylveon\n|-boost|p2a: Sylveon|spa|1\n|-boost|p2a: Sylveon|spd|1\n|\n|-heal|p2a: Sylveon|266/300 psn|[from] move: Wish|[wisher] Sylveon\n|-heal|p2a: Sylveon|284/300 psn|[from] item: Leftovers\n|-damage|p2a: Sylveon|247/300 psn|[from] psn\n|upkeep\n|turn|6\n|\n|t:|1770715527\n|move|p1a: Weezing|Sludge Bomb|p2a: Sylveon\n|-supereffective|p2a: Sylveon\n|-damage|p2a: Sylveon|191/300 psn\n|move|p2a: Sylveon|Wish|p2a: Sylveon\n|\n|-heal|p2a: Sylveon|209/300 psn|[from] item: Leftovers\n|-damage|p2a: Sylveon|172/300 psn|[from] psn\n|upkeep\n|turn|7\n|\n|t:|1770715532\n|move|p1a: Weezing|Sludge Bomb|p2a: Sylveon\n|-supereffective|p2a: Sylveon\n|-damage|p2a: Sylveon|116/300 psn\n|move|p2a: Sylveon|Hyper Voice|p1a: Weezing\n|-resisted|p1a: Weezing\n|-damage|p1a: Weezing|75/255\n|\n|-heal|p2a: Sylveon|266/300 psn|[from] move: Wish|[wisher] Sylveon\n|-heal|p1a: Weezing|90/255|[from] item: Black Sludge\n|-heal|p2a: Sylveon|284/300 psn|[from] item: Leftovers\n|-damage|p2a: Sylveon|247/300 psn|[from] psn\n|upkeep\n|turn|8\n|\n|t:|1770715538\n|move|p1a: Weezing|Pain Split|p2a: Sylveon\n|-sethp|p2a: Sylveon|168/300 psn|[from] move: Pain Split|[silent]\n|-sethp|p1a: Weezing|168/255|[from] move: Pain Split\n|move|p2a: Sylveon|Wish|p2a: Sylveon\n|\n|-heal|p1a: Weezing|183/255|[from] item: Black Sludge\n|-heal|p2a: Sylveon|186/300 psn|[from] item: Leftovers\n|-damage|p2a: Sylveon|149/300 psn|[from] psn\n|upkeep\n|turn|9\n|\n|t:|1770715543\n|move|p1a: Weezing|Toxic Spikes|p2a: Sylveon\n|-sidestart|p2: GuyTG24|move: Toxic Spikes\n|move|p2a: Sylveon|Calm Mind|p2a: Sylveon\n|-boost|p2a: Sylveon|spa|1\n|-boost|p2a: Sylveon|spd|1\n|\n|-heal|p2a: Sylveon|299/300 psn|[from] move: Wish|[wisher] Sylveon\n|-heal|p1a: Weezing|198/255|[from] item: Black Sludge\n|-heal|p2a: Sylveon|300/300 psn|[from] item: Leftovers\n|-damage|p2a: Sylveon|263/300 psn|[from] psn\n|upkeep\n|turn|10\n|\n|t:|1770715548\n|move|p1a: Weezing|Sludge Bomb|p2a: Sylveon\n|-supereffective|p2a: Sylveon\n|-damage|p2a: Sylveon|215/300 psn\n|move|p2a: Sylveon|Wish|p2a: Sylveon\n|\n|-heal|p1a: Weezing|213/255|[from] item: Black Sludge\n|-heal|p2a: Sylveon|233/300 psn|[from] item: Leftovers\n|-damage|p2a: Sylveon|196/300 psn|[from] psn\n|upkeep\n|turn|11\n|\n|t:|1770715553\n|move|p1a: Weezing|Sludge Bomb|p2a: Sylveon\n|-supereffective|p2a: Sylveon\n|-damage|p2a: Sylveon|152/300 psn\n|move|p2a: Sylveon|Calm Mind|p2a: Sylveon\n|-boost|p2a: Sylveon|spa|1\n|-boost|p2a: Sylveon|spd|1\n|\n|-heal|p2a: Sylveon|300/300 psn|[from] move: Wish|[wisher] Sylveon\n|-heal|p1a: Weezing|228/255|[from] item: Black Sludge\n|-damage|p2a: Sylveon|263/300 psn|[from] psn\n|upkeep\n|turn|12\n|\n|t:|1770715562\n|move|p1a: Weezing|Sludge Bomb|p2a: Sylveon\n|-supereffective|p2a: Sylveon\n|-damage|p2a: Sylveon|221/300 psn\n|move|p2a: Sylveon|Wish|p2a: Sylveon\n|\n|-heal|p1a: Weezing|243/255|[from] item: Black Sludge\n|-heal|p2a: Sylveon|239/300 psn|[from] item: Leftovers\n|-damage|p2a: Sylveon|202/300 psn|[from] psn\n|upkeep\n|turn|13\n|\n|t:|1770715567\n|move|p1a: Weezing|Sludge Bomb|p2a: Sylveon\n|-supereffective|p2a: Sylveon\n|-damage|p2a: Sylveon|164/300 psn\n|move|p2a: Sylveon|Hyper Voice|p1a: Weezing\n|-resisted|p1a: Weezing\n|-damage|p1a: Weezing|0 fnt\n|faint|p1a: Weezing\n|\n|-heal|p2a: Sylveon|300/300 psn|[from] move: Wish|[wisher] Sylveon\n|-damage|p2a: Sylveon|263/300 psn|[from] psn\n|upkeep\n|\n|t:|1770715578\n|switch|p1a: Fearow|Fearow, L88, F|242/258 brn\n|turn|14\n|\n|t:|1770715582\n|move|p1a: Fearow|Return|p2a: Sylveon\n|-crit|p2a: Sylveon\n|-damage|p2a: Sylveon|94/300 psn\n|move|p2a: Sylveon|Wish|p2a: Sylveon\n|\n|-heal|p2a: Sylveon|112/300 psn|[from] item: Leftovers\n|-damage|p2a: Sylveon|75/300 psn|[from] psn\n|-damage|p1a: Fearow|226/258 brn|[from] brn\n|upkeep\n|turn|15\n|\n|t:|1770715588\n|move|p2a: Sylveon|Protect|p2a: Sylveon\n|-singleturn|p2a: Sylveon|Protect\n|move|p1a: Fearow|Focus Energy|p1a: Fearow\n|-start|p1a: Fearow|move: Focus Energy\n|\n|-heal|p2a: Sylveon|225/300 psn|[from] move: Wish|[wisher] Sylveon\n|-heal|p2a: Sylveon|243/300 psn|[from] item: Leftovers\n|-damage|p2a: Sylveon|206/300 psn|[from] psn\n|-damage|p1a: Fearow|210/258 brn|[from] brn\n|upkeep\n|turn|16\n|\n|t:|1770715591\n|move|p1a: Fearow|Return|p2a: Sylveon\n|-crit|p2a: Sylveon\n|-damage|p2a: Sylveon|44/300 psn\n|move|p2a: Sylveon|Hyper Voice|p1a: Fearow\n|-damage|p1a: Fearow|0 fnt\n|faint|p1a: Fearow\n|\n|-heal|p2a: Sylveon|62/300 psn|[from] item: Leftovers\n|-damage|p2a: Sylveon|25/300 psn|[from] psn\n|upkeep\n|\n|t:|1770715598\n|switch|p1a: Weavile|Weavile, L79, F|239/239\n|turn|17\n|\n|t:|1770715603\n|move|p1a: Weavile|Knock Off|p2a: Sylveon\n|-resisted|p2a: Sylveon\n|-damage|p2a: Sylveon|0 fnt\n|-enditem|p2a: Sylveon|Leftovers|[from] move: Knock Off|[of] p1a: Weavile\n|faint|p2a: Sylveon\n|\n|upkeep\n|\n|t:|1770715610\n|switch|p2a: Roserade|Roserade, L84, M|238/238\n|-sideend|p2: GuyTG24|move: Toxic Spikes|[of] p2a: Roserade\n|turn|18\n|\n|t:|1770715615\n|move|p1a: Weavile|Knock Off|p2a: Roserade\n|-damage|p2a: Roserade|30/238\n|-enditem|p2a: Roserade|Black Sludge|[from] move: Knock Off|[of] p1a: Weavile\n|move|p2a: Roserade|Sleep Powder|p1a: Weavile\n|-status|p1a: Weavile|slp|[from] move: Sleep Powder\n|\n|upkeep\n|turn|19\n|\n|t:|1770715624\n|cant|p1a: Weavile|slp\n|move|p2a: Roserade|Synthesis|p2a: Roserade\n|-heal|p2a: Roserade|149/238\n|\n|upkeep\n|turn|20\n|\n|t:|1770715628\n|-curestatus|p1a: Weavile|slp|[msg]\n|move|p1a: Weavile|Knock Off|p2a: Roserade\n|-damage|p2a: Roserade|25/238\n|move|p2a: Roserade|Synthesis|p2a: Roserade\n|-heal|p2a: Roserade|144/238\n|\n|upkeep\n|turn|21\n|\n|t:|1770715638\n|move|p1a: Weavile|Knock Off|p2a: Roserade\n|-damage|p2a: Roserade|2/238\n|move|p2a: Roserade|Sleep Powder|p1a: Weavile\n|-status|p1a: Weavile|slp|[from] move: Sleep Powder\n|\n|upkeep\n|turn|22\n|\n|t:|1770715643\n|cant|p1a: Weavile|slp\n|move|p2a: Roserade|Synthesis|p2a: Roserade\n|-heal|p2a: Roserade|121/238\n|\n|upkeep\n|turn|23\n|\n|t:|1770715646\n|cant|p1a: Weavile|slp\n|move|p2a: Roserade|Synthesis|p2a: Roserade\n|-heal|p2a: Roserade|238/238\n|\n|upkeep\n|turn|24\n|\n|t:|1770715653\n|switch|p1a: Muk|Muk-Alola, L80, F|299/299\n|move|p2a: Roserade|Sludge Bomb|p1a: Muk\n|-resisted|p1a: Muk\n|-damage|p1a: Muk|242/299\n|\n|upkeep\n|turn|25\n|\n|t:|1770715662\n|switch|p2a: Bewear|Bewear, L84, M|339/339\n|move|p1a: Muk|Curse|p1a: Muk\n|-unboost|p1a: Muk|spe|1\n|-boost|p1a: Muk|atk|1\n|-boost|p1a: Muk|def|1\n|\n|upkeep\n|turn|26\n|\n|t:|1770715670\n|move|p2a: Bewear|Swords Dance|p2a: Bewear\n|-boost|p2a: Bewear|atk|2\n|move|p1a: Muk|Knock Off|p2a: Bewear\n|-resisted|p2a: Bewear\n|-damage|p2a: Bewear|301/339\n|-enditem|p2a: Bewear|Leftovers|[from] move: Knock Off|[of] p1a: Muk\n|\n|upkeep\n|turn|27\n|\n|t:|1770715684\n|move|p2a: Bewear|Return|p1a: Muk\n|-damage|p1a: Muk|40/299\n|-enditem|p1a: Muk|Mago Berry|[eat]\n|-heal|p1a: Muk|189/299|[from] item: Mago Berry\n|move|p1a: Muk|Gunk Shot|p2a: Bewear\n|-damage|p2a: Bewear|115/339\n|-status|p2a: Bewear|psn\n|\n|-damage|p2a: Bewear|73/339 psn|[from] psn\n|upkeep\n|turn|28\n|\n|t:|1770715698\n|switch|p1a: Parasect|Parasect, L99, M|279/279\n|move|p2a: Bewear|Return|p1a: Parasect\n|-damage|p1a: Parasect|18/279\n|\n|-heal|p1a: Parasect|35/279|[from] item: Leftovers\n|-damage|p2a: Bewear|31/339 psn|[from] psn\n|upkeep\n|turn|29\n|\n|t:|1770715705\n|move|p2a: Bewear|Return|p1a: Parasect\n|-damage|p1a: Parasect|0 fnt\n|faint|p1a: Parasect\n|\n|-damage|p2a: Bewear|0 fnt|[from] psn\n|faint|p2a: Bewear\n|upkeep\n|\n|t:|1770715718\n|switch|p2a: Rapidash|Rapidash, L87, F|238/238\n|switch|p1a: Muk|Muk-Alola, L80, F|189/299\n|turn|30\n|\n|t:|1770715731\n|move|p2a: Rapidash|Nasty Plot|p2a: Rapidash\n|-boost|p2a: Rapidash|spa|2\n|move|p1a: Muk|Knock Off|p2a: Rapidash\n|-resisted|p2a: Rapidash\n|-damage|p2a: Rapidash|173/238\n|replace|p2a: Zoroark|Zoroark, L84, F\n|-end|p2a: Zoroark|Illusion\n|-hint|Illusion Level Mod is active, so this Pokémon's true level was hidden.\n|-enditem|p2a: Zoroark|Life Orb|[from] move: Knock Off|[of] p1a: Muk\n|\n|upkeep\n|turn|31\n|\n|t:|1770715739\n|move|p2a: Zoroark|Focus Blast|p1a: Muk\n|-damage|p1a: Muk|0 fnt\n|faint|p1a: Muk\n|\n|upkeep\n|\n|t:|1770715748\n|switch|p1a: Ampharos|Ampharos, L85, F|292/292\n|turn|32\n|\n|t:|1770715756\n|detailschange|p1a: Ampharos|Ampharos-Mega, L85, F\n|-mega|p1a: Ampharos|Ampharos|Ampharosite\n|-ability|p1a: Ampharos|Mold Breaker\n|move|p2a: Zoroark|Dark Pulse|p1a: Ampharos\n|-damage|p1a: Ampharos|139/292\n|cant|p1a: Ampharos|flinch\n|\n|upkeep\n|turn|33\n|\n|t:|1770715764\n|switch|p1a: Weavile|Weavile, L79, F|239/239 slp\n|move|p2a: Zoroark|Dark Pulse|p1a: Weavile\n|-resisted|p1a: Weavile\n|-damage|p1a: Weavile|137/239 slp\n|\n|upkeep\n|turn|34\n|\n|t:|1770715768\n|cant|p1a: Weavile|slp\n|move|p2a: Zoroark|Sludge Bomb|p1a: Weavile\n|-damage|p1a: Weavile|0 fnt\n|faint|p1a: Weavile\n|\n|upkeep\n|\n|t:|1770715772\n|switch|p1a: Ampharos|Ampharos-Mega, L85, F|139/292\n|-ability|p1a: Ampharos|Mold Breaker\n|turn|35\n|\n|t:|1770715778\n|move|p2a: Zoroark|Dark Pulse|p1a: Ampharos\n|-damage|p1a: Ampharos|0 fnt\n|faint|p1a: Ampharos\n|detailschange|p1: Ampharos|Ampharos, L85, F|[silent]\n|\n|win|GuyTG24\n|raw|bin2409's rating: 1883 &rarr; <strong>1851</strong><br />(-32 for losing)\n|raw|GuyTG24's rating: 1649 &rarr; <strong>1681</strong><br />(+32 for winning)\n|c|☆bin2409|Gg\n|c|☆GuyTG24|gg\n", "inputlog": ">version ccdc32dd7cde25fd9e4bed64820e885f66e78a4e\n>start {\"formatid\":\"gen7randombattle\",\"seed\":\"sodium,18b7777cf5b7a3fffbc35c89510e107b\",\"rated\":\"Rated battle\"}\n>player p1 {\"name\":\"bin2409\",\"avatar\":\"lucas\",\"rating\":1883,\"seed\":\"sodium,452a8ed30e5b07ca5f6d1e2174c5ad39\"}\n>player p2 {\"name\":\"GuyTG24\",\"avatar\":\"266\",\"rating\":1649,\"seed\":\"sodium,3d8bfa7700a34f09a2e4a7b26820c657\"}\n>p1 move drillrun\n>p2 move thunderbolt\n>p2 switch 5\n>p1 switch 5\n>p2 move calmmind\n>p1 move sludgebomb\n>p2 move calmmind\n>p1 move toxicspikes\n>p2 move wish\n>p1 move sludgebomb\n>p2 move calmmind\n>p1 move sludgebomb\n>p2 move wish\n>p1 move sludgebomb\n>p2 move hypervoice\n>p1 move painsplit\n>p2 move wish\n>p1 move toxicspikes\n>p2 move calmmind\n>p1 move sludgebomb\n>p2 move wish\n>p1 move sludgebomb\n>p2 move calmmind\n>p1 move sludgebomb\n>p2 move wish\n>p1 move sludgebomb\n>p2 move hypervoice\n>p1 switch 5\n>p1 move return\n>p2 move wish\n>p1 move focusenergy\n>p2 move protect\n>p1 move return\n>p2 move hypervoice\n>p1 switch 6\n>p1 move knockoff\n>p2 move hypervoice\n>p2 switch 2\n>p1 move knockoff\n>p2 move sleeppowder\n>p1 move knockoff\n>p2 move synthesis\n>p1 move knockoff\n>p2 move synthesis\n>p1 move knockoff\n>p2 move sleeppowder\n>p1 move knockoff\n>p2 move synthesis\n>p1 move knockoff\n>p2 move synthesis\n>p1 switch 2\n>p2 move sludgebomb\n>p1 move curse\n>p2 switch 3\n>p1 move knockoff\n>p2 move swordsdance\n>p1 move gunkshot\n>p2 move return\n>p1 switch 4\n>p2 move return\n>p1 move spore\n>p2 move return\n>p1 switch 4\n>p2 switch 4\n>p1 move knockoff\n>p2 move nastyplot\n>p1 move gunkshot\n>p2 move focusblast\n>p1 switch 3\n>p1 move voltswitch mega\n>p2 move darkpulse\n>p1 switch 2\n>p2 move darkpulse\n>p1 move iciclecrash\n>p2 move sludgebomb\n>p1 switch 2\n>p1 move discharge\n>p2 move darkpulse", "uploadtime": 1770715783, "views": 220, "formatid": "gen7randombattle", "rating": 1681, "private": 0, "password": null}