{"id": "gen7randombattle-2533148347", "format": "[Gen 7] Random Battle", "players": ["plop in my pants", "beckywiththebraids"], "log": "|j|‽plop in my pants\n|j|☆beckywiththebraids\n|t:|1770263287\n|gametype|singles\n|player|p1|plop in my pants|teamrocket|1768\n|player|p2|beckywiththebraids|265|1672\n|gen|7\n|tier|[Gen 7] Random Battle\n|rated|\n|rule|Sleep Clause Mod: Limit one foe put to sleep\n|rule|HP Percentage Mod: HP is shown in percentages\n|rule|Illusion Level Mod: Illusion disguises the Pokémon's true level\n|\n|t:|1770263287\n|teamsize|p1|6\n|teamsize|p2|6\n|start\n|switch|p1a: Kartana|Kartana, L74|209/209\n|switch|p2a: Flareon|Flareon, L88, F|258/258\n|turn|1\n|\n|t:|1770263308\n|switch|p1a: Donphan|Donphan, L84, F|288/288\n|move|p2a: Flareon|Superpower|p1a: Donphan\n|-damage|p1a: Donphan|203/288\n|-unboost|p2a: Flareon|atk|1\n|-unboost|p2a: Flareon|def|1\n|\n|-heal|p1a: Donphan|221/288|[from] item: Leftovers\n|-status|p2a: Flareon|tox|[from] item: Toxic Orb\n|upkeep\n|turn|2\n|\n|t:|1770263313\n|switch|p2a: Rotom|Rotom-Wash, L83|219/219\n|move|p1a: Donphan|Earthquake|p2a: Rotom\n|-immune|p2a: Rotom|[from] ability: Levitate\n|\n|-heal|p1a: Donphan|239/288|[from] item: Leftovers\n|upkeep\n|turn|3\n|inactive|Battle timer is ON: inactive players will automatically lose when time's up. (requested by plop in my pants)\n|\n|t:|1770263326\n|switch|p1a: Heliolisk|Heliolisk, L85, M|244/244\n|move|p2a: Rotom|Hydro Pump|p1a: Heliolisk\n|-immune|p1a: Heliolisk|[from] ability: Dry Skin\n|\n|upkeep\n|turn|4\n|\n|t:|1770263331\n|switch|p2a: Drampa|Drampa, L91, F|290/290\n|move|p1a: Heliolisk|Thunder|p2a: Drampa\n|-resisted|p2a: Drampa\n|-damage|p2a: Drampa|215/290\n|-damage|p1a: Heliolisk|220/244|[from] item: Life Orb\n|\n|-heal|p2a: Drampa|233/290|[from] item: Leftovers\n|upkeep\n|turn|5\n|\n|t:|1770263345\n|switch|p1a: Garbodor|Garbodor, L88, F|284/284\n|move|p2a: Drampa|Hyper Voice|p1a: Garbodor\n|-damage|p1a: Garbodor|142/284\n|\n|-heal|p1a: Garbodor|159/284|[from] item: Black Sludge\n|-heal|p2a: Drampa|251/290|[from] item: Leftovers\n|upkeep\n|turn|6\n|\n|t:|1770263356\n|switch|p2a: Rotom|Rotom-Wash, L83|219/219\n|move|p1a: Garbodor|Pain Split|p2a: Rotom\n|-sethp|p2a: Rotom|189/219|[from] move: Pain Split|[silent]\n|-sethp|p1a: Garbodor|189/284|[from] move: Pain Split\n|\n|-heal|p2a: Rotom|202/219|[from] item: Leftovers\n|-heal|p1a: Garbodor|206/284|[from] item: Black Sludge\n|upkeep\n|turn|7\n|\n|t:|1770263359\n|move|p2a: Rotom|Thunderbolt|p1a: Garbodor\n|-damage|p1a: Garbodor|113/284\n|move|p1a: Garbodor|Spikes|p2a: Rotom\n|-sidestart|p2: beckywiththebraids|Spikes\n|\n|-heal|p2a: Rotom|215/219|[from] item: Leftovers\n|-heal|p1a: Garbodor|130/284|[from] item: Black Sludge\n|upkeep\n|turn|8\n|\n|t:|1770263363\n|move|p2a: Rotom|Thunderbolt|p1a: Garbodor\n|-damage|p1a: Garbodor|36/284\n|move|p1a: Garbodor|Pain Split|p2a: Rotom\n|-sethp|p2a: Rotom|125/219|[from] move: Pain Split|[silent]\n|-sethp|p1a: Garbodor|125/284|[from] move: Pain Split\n|\n|-heal|p2a: Rotom|138/219|[from] item: Leftovers\n|-heal|p1a: Garbodor|142/284|[from] item: Black Sludge\n|upkeep\n|turn|9\n|\n|t:|1770263370\n|move|p2a: Rotom|Thunderbolt|p1a: Garbodor\n|-damage|p1a: Garbodor|43/284\n|move|p1a: Garbodor|Spikes|p2a: Rotom\n|-sidestart|p2: beckywiththebraids|Spikes\n|\n|-heal|p2a: Rotom|151/219|[from] item: Leftovers\n|-heal|p1a: Garbodor|60/284|[from] item: Black Sludge\n|upkeep\n|turn|10\n|\n|t:|1770263383\n|switch|p1a: Heliolisk|Heliolisk, L85, M|220/244\n|move|p2a: Rotom|Defog|p1a: Heliolisk\n|-unboost|p1a: Heliolisk|evasion|1\n|-sideend|p2: beckywiththebraids|Spikes|[from] move: Defog|[of] p2a: Rotom\n|\n|-heal|p2a: Rotom|164/219|[from] item: Leftovers\n|upkeep\n|turn|11\n|\n|t:|1770263388\n|move|p1a: Heliolisk|Hyper Voice|p2a: Rotom\n|-damage|p2a: Rotom|39/219\n|-damage|p1a: Heliolisk|196/244|[from] item: Life Orb\n|move|p2a: Rotom|Thunderbolt|p1a: Heliolisk\n|-resisted|p1a: Heliolisk\n|-damage|p1a: Heliolisk|148/244\n|\n|-heal|p2a: Rotom|52/219|[from] item: Leftovers\n|upkeep\n|turn|12\n|\n|t:|1770263392\n|switch|p2a: Latias|Latias, L78, F|253/253\n|move|p1a: Heliolisk|Hyper Voice|p2a: Latias\n|-damage|p2a: Latias|150/253\n|-damage|p1a: Heliolisk|124/244|[from] item: Life Orb\n|\n|upkeep\n|turn|13\n|\n|t:|1770263406\n|detailschange|p2a: Latias|Latias-Mega, L78, F\n|-mega|p2a: Latias|Latias|Latiasite\n|move|p1a: Heliolisk|Thunder|p2a: Latias\n|-resisted|p2a: Latias\n|-damage|p2a: Latias|88/253\n|-status|p2a: Latias|par\n|-damage|p1a: Heliolisk|100/244|[from] item: Life Orb\n|move|p2a: Latias|Roost|p2a: Latias\n|-heal|p2a: Latias|215/253 par\n|-singleturn|p2a: Latias|move: Roost\n|\n|upkeep\n|turn|14\n|\n|t:|1770263414\n|switch|p1a: Donphan|Donphan, L84, F|239/288\n|move|p2a: Latias|Psyshock|p1a: Donphan\n|-damage|p1a: Donphan|160/288\n|\n|-heal|p1a: Donphan|178/288|[from] item: Leftovers\n|upkeep\n|turn|15\n|\n|t:|1770263419\n|switch|p2a: Samurott|Samurott, L88, F|310/310\n|move|p1a: Donphan|Knock Off|p2a: Samurott\n|-damage|p2a: Samurott|233/310\n|-enditem|p2a: Samurott|Choice Band|[from] move: Knock Off|[of] p1a: Donphan\n|\n|-heal|p1a: Donphan|196/288|[from] item: Leftovers\n|upkeep\n|turn|16\n|\n|t:|1770263436\n|switch|p1a: Heliolisk|Heliolisk, L85, M|100/244\n|move|p2a: Samurott|Sacred Sword|p1a: Heliolisk\n|-supereffective|p1a: Heliolisk\n|-damage|p1a: Heliolisk|0 fnt\n|faint|p1a: Heliolisk\n|\n|upkeep\n|\n|t:|1770263453\n|switch|p1a: Kartana|Kartana, L74|209/209\n|turn|17\n|\n|t:|1770263457\n|switch|p2a: Rotom|Rotom-Wash, L83|52/219\n|move|p1a: Kartana|Leaf Blade|p2a: Rotom\n|-supereffective|p2a: Rotom\n|-damage|p2a: Rotom|0 fnt\n|faint|p2a: Rotom\n|-ability|p1a: Kartana|Beast Boost|boost\n|-boost|p1a: Kartana|atk|1\n|\n|upkeep\n|\n|t:|1770263460\n|switch|p2a: Flareon|Flareon, L88, F|258/258 tox\n|turn|18\n|\n|t:|1770263467\n|switch|p1a: Wailord|Wailord, L94, F|471/471\n|move|p2a: Flareon|Flare Blitz|p1a: Wailord\n|-resisted|p1a: Wailord\n|-damage|p1a: Wailord|300/471\n|-damage|p2a: Flareon|202/258 tox|[from] Recoil\n|\n|-damage|p2a: Flareon|186/258 tox|[from] psn\n|upkeep\n|turn|19\n|\n|t:|1770263481\n|switch|p2a: Samurott|Samurott, L88, F|233/310\n|move|p1a: Wailord|Water Spout|p2a: Samurott\n|-resisted|p2a: Samurott\n|-damage|p2a: Samurott|164/310\n|\n|upkeep\n|turn|20\n|\n|t:|1770263491\n|switch|p1a: Garbodor|Garbodor, L88, F|60/284\n|move|p2a: Samurott|Knock Off|p1a: Garbodor\n|-damage|p1a: Garbodor|0 fnt\n|-damage|p2a: Samurott|87/310|[from] ability: Aftermath|[of] p1a: Garbodor\n|-enditem|p1a: Garbodor|Black Sludge|[from] move: Knock Off|[of] p2a: Samurott\n|faint|p1a: Garbodor\n|\n|upkeep\n|\n|t:|1770263495\n|switch|p1a: Kartana|Kartana, L74|209/209\n|turn|21\n|\n|t:|1770263501\n|move|p2a: Samurott|Aqua Jet|p1a: Kartana\n|-resisted|p1a: Kartana\n|-damage|p1a: Kartana|182/209\n|move|p1a: Kartana|Leaf Blade|p2a: Samurott\n|-supereffective|p2a: Samurott\n|-damage|p2a: Samurott|0 fnt\n|faint|p2a: Samurott\n|-ability|p1a: Kartana|Beast Boost|boost\n|-boost|p1a: Kartana|atk|1\n|\n|upkeep\n|\n|t:|1770263505\n|switch|p2a: Drampa|Drampa, L91, F|251/290\n|turn|22\n|\n|t:|1770263511\n|-zpower|p1a: Kartana\n|move|p1a: Kartana|Corkscrew Crash|p2a: Drampa|[zeffect]\n|-damage|p2a: Drampa|0 fnt\n|faint|p2a: Drampa\n|-ability|p1a: Kartana|Beast Boost|boost\n|-boost|p1a: Kartana|atk|1\n|\n|upkeep\n|\n|t:|1770263513\n|switch|p2a: Zangoose|Zangoose, L86, M|266/266\n|turn|23\n|\n|t:|1770263521\n|move|p1a: Kartana|Leaf Blade|p2a: Zangoose\n|-damage|p2a: Zangoose|0 fnt\n|faint|p2a: Zangoose\n|-ability|p1a: Kartana|Beast Boost|boost\n|-boost|p1a: Kartana|atk|1\n|\n|upkeep\n|\n|t:|1770263523\n|switch|p2a: Latias|Latias-Mega, L78, F|215/253 par\n|turn|24\n|\n|t:|1770263525\n|move|p1a: Kartana|Knock Off|p2a: Latias\n|-supereffective|p2a: Latias\n|-crit|p2a: Latias\n|-damage|p2a: Latias|0 fnt\n|faint|p2a: Latias\n|detailschange|p2: Latias|Latias, L78, F|[silent]\n|-ability|p1a: Kartana|Beast Boost|boost\n|-boost|p1a: Kartana|atk|1\n|\n|upkeep\n|\n|t:|1770263533\n|switch|p2a: Flareon|Flareon, L88, F|186/258 tox\n|turn|25\n|\n|t:|1770263536\n|move|p1a: Kartana|Knock Off|p2a: Flareon\n|-damage|p2a: Flareon|0 fnt\n|-enditem|p2a: Flareon|Toxic Orb|[from] move: Knock Off|[of] p1a: Kartana\n|faint|p2a: Flareon\n|\n|win|plop in my pants\n|raw|plop in my pants's rating: 1768 &rarr; <strong>1784</strong><br />(+16 for winning)\n|raw|beckywiththebraids's rating: 1693 &rarr; <strong>1677</strong><br />(-16 for losing)\n", "inputlog": ">version ccdc32dd7cde25fd9e4bed64820e885f66e78a4e\n>start {\"formatid\":\"gen7randombattle\",\"seed\":\"sodium,ce535d94647570c794ef9432a382cbc9\",\"rated\":\"Rated battle\"}\n>player p1 {\"name\":\"plop in my pants\",\"avatar\":\"teamrocket\",\"rating\":1768,\"seed\":\"sodium,7e1f6f9d328e7fae521ca4252b5f65ff\"}\n>player p2 {\"name\":\"beckywiththebraids\",\"avatar\":\"265\",\"rating\":1672,\"seed\":\"sodium,6b6976ac72591b71f9fe314d3321ec7e\"}\n>p1 switch 5\n>p2 move superpower\n>p1 move earthquake\n>p2 switch 3\n>p1 switch 4\n>p2 move hydropump\n>p1 move thunder\n>p2 switch 5\n>p1 switch 3\n>p2 move hypervoice\n>p1 move painsplit\n>p2 switch 5\n>p1 move spikes\n>p2 move thunderbolt\n>p1 move painsplit\n>p2 move thunderbolt\n>p1 move spikes\n>p2 move thunderbolt\n>p1 switch 3\n>p2 move defog\n>p1 move hypervoice\n>p2 move thunderbolt\n>p1 move hypervoice\n>p2 switch 4\n>p1 move thunder\n>p2 move roost mega\n>p1 switch 4\n>p2 move psyshock\n>p1 move knockoff\n>p2 switch 6\n>p1 switch 4\n>p2 move sacredsword\n>p1 switch 5\n>p1 move leafblade\n>p2 switch 4\n>p2 switch 3\n>p1 switch 2\n>p2 move flareblitz\n>p1 move waterspout\n>p2 switch 4\n>p1 switch 3\n>p2 move knockoff\n>p1 switch 2\n>p1 move leafblade\n>p2 move aquajet\n>p2 switch 5\n>p1 move smartstrike zmove\n>p2 move hypervoice\n>p2 switch 2\n>p1 move leafblade\n>p2 move swordsdance\n>p2 switch 6\n>p1 move knockoff\n>p2 move psyshock\n>p2 switch 4\n>p1 move knockoff\n>p2 move flareblitz", "uploadtime": 1770263538, "views": 152, "formatid": "gen7randombattle", "rating": 1677, "private": 0, "password": null}