{"id": "gen7randombattle-2530442755", "format": "[Gen 7] Random Battle", "players": ["Santino696969", "afrohasfaith"], "log": "|j|☆Santino696969\n|j|☆afrohasfaith\n|t:|1769917855\n|gametype|singles\n|player|p1|Santino696969|ash-kalos|1487\n|player|p2|afrohasfaith|flint|1541\n|gen|7\n|tier|[Gen 7] Random Battle\n|rated|\n|rule|Sleep Clause Mod: Limit one foe put to sleep\n|rule|HP Percentage Mod: HP is shown in percentages\n|rule|Illusion Level Mod: Illusion disguises the Pokémon's true level\n|\n|t:|1769917855\n|teamsize|p1|6\n|teamsize|p2|6\n|start\n|switch|p1a: Kabutops|Kabutops, L87, M|246/246\n|switch|p2a: Omastar|Omastar, L84, M|254/254\n|turn|1\n|inactive|Battle timer is ON: inactive players will automatically lose when time's up. (requested by Santino696969)\n|\n|t:|1769917863\n|move|p1a: Kabutops|Swords Dance|p1a: Kabutops\n|-boost|p1a: Kabutops|atk|2\n|move|p2a: Omastar|Shell Smash|p2a: Omastar\n|-unboost|p2a: Omastar|def|1\n|-unboost|p2a: Omastar|spd|1\n|-boost|p2a: Omastar|atk|2\n|-boost|p2a: Omastar|spa|2\n|-boost|p2a: Omastar|spe|2\n|-enditem|p2a: Omastar|White Herb\n|-clearnegativeboost|p2a: Omastar|[silent]\n|\n|upkeep\n|turn|2\n|\n|t:|1769917868\n|move|p1a: Kabutops|Aqua Jet|p2a: Omastar\n|-damage|p2a: Omastar|173/254\n|move|p2a: Omastar|Hidden Power|p1a: Kabutops\n|-supereffective|p1a: Kabutops\n|-damage|p1a: Kabutops|0 fnt\n|faint|p1a: Kabutops\n|\n|upkeep\n|\n|t:|1769917875\n|switch|p1a: Porygon2|Porygon2, L82|274/274\n|-ability|p1a: Porygon2|Shell Armor|Trace|[from] ability: Trace|[of] p2a: Omastar\n|turn|3\n|\n|t:|1769917882\n|move|p2a: Omastar|Hydro Pump|p1a: Porygon2\n|-damage|p1a: Porygon2|94/274\n|move|p1a: Porygon2|Discharge|p2a: Omastar\n|-supereffective|p2a: Omastar\n|-damage|p2a: Omastar|29/254\n|\n|upkeep\n|turn|4\n|\n|t:|1769917889\n|move|p2a: Omastar|Hydro Pump|p1a: Porygon2\n|-damage|p1a: Porygon2|0 fnt\n|faint|p1a: Porygon2\n|\n|upkeep\n|\n|t:|1769917894\n|switch|p1a: Lucario|Lucario, L82, F|249/249\n|turn|5\n|\n|t:|1769917898\n|move|p1a: Lucario|Extreme Speed|p2a: Omastar\n|-resisted|p2a: Omastar\n|-damage|p2a: Omastar|0 fnt\n|faint|p2a: Omastar\n|\n|upkeep\n|\n|t:|1769917908\n|switch|p2a: Volcarona|Volcarona, L76, M|253/253\n|turn|6\n|\n|t:|1769917913\n|move|p1a: Lucario|Extreme Speed|p2a: Volcarona\n|-damage|p2a: Volcarona|133/253\n|move|p2a: Volcarona|Quiver Dance|p2a: Volcarona\n|-boost|p2a: Volcarona|spa|1\n|-boost|p2a: Volcarona|spd|1\n|-boost|p2a: Volcarona|spe|1\n|\n|upkeep\n|turn|7\n|\n|t:|1769917922\n|move|p1a: Lucario|Extreme Speed|p2a: Volcarona\n|-damage|p2a: Volcarona|1/253\n|move|p2a: Volcarona|Fire Blast|p1a: Lucario\n|-supereffective|p1a: Lucario\n|-damage|p1a: Lucario|0 fnt\n|faint|p1a: Lucario\n|\n|upkeep\n|\n|t:|1769917930\n|switch|p1a: Gardevoir|Gardevoir, L79, F|237/237\n|-ability|p1a: Gardevoir|Swarm|Trace|[from] ability: Trace|[of] p2a: Volcarona\n|turn|8\n|\n|t:|1769917935\n|switch|p1a: Dhelmise|Dhelmise, L91|275/275\n|-zpower|p2a: Volcarona\n|move|p2a: Volcarona|Savage Spin-Out|p1a: Dhelmise|[zeffect]\n|-damage|p1a: Dhelmise|0 fnt\n|faint|p1a: Dhelmise\n|\n|upkeep\n|\n|t:|1769917941\n|switch|p1a: Gardevoir|Gardevoir, L79, F|237/237\n|-ability|p1a: Gardevoir|Swarm|Trace|[from] ability: Trace|[of] p2a: Volcarona\n|turn|9\n|\n|t:|1769917947\n|detailschange|p1a: Gardevoir|Gardevoir-Mega, L79, F\n|-mega|p1a: Gardevoir|Gardevoir|Gardevoirite\n|move|p2a: Volcarona|Bug Buzz|p1a: Gardevoir\n|-damage|p1a: Gardevoir|59/237\n|move|p1a: Gardevoir|Psyshock|p2a: Volcarona\n|-damage|p2a: Volcarona|0 fnt\n|faint|p2a: Volcarona\n|\n|upkeep\n|\n|t:|1769917952\n|switch|p2a: Silvally|Silvally-Ice, L87|307/307\n|turn|10\n|\n|t:|1769917956\n|move|p2a: Silvally|Multi-Attack|p1a: Gardevoir\n|-crit|p1a: Gardevoir\n|-damage|p1a: Gardevoir|0 fnt\n|faint|p1a: Gardevoir\n|detailschange|p1: Gardevoir|Gardevoir, L79, F|[silent]\n|\n|upkeep\n|\n|t:|1769917958\n|switch|p1a: Alakazam|Alakazam, L81, F|222/222\n|turn|11\n|\n|t:|1769917961\n|move|p1a: Alakazam|Calm Mind|p1a: Alakazam\n|-boost|p1a: Alakazam|spa|1\n|-boost|p1a: Alakazam|spd|1\n|move|p2a: Silvally|Parting Shot|p1a: Alakazam\n|-unboost|p1a: Alakazam|atk|1\n|-unboost|p1a: Alakazam|spa|1\n|\n|t:|1769917972\n|switch|p2a: Aromatisse|Aromatisse, L91, M|332/332|[from] Parting Shot\n|\n|upkeep\n|turn|12\n|\n|t:|1769917976\n|move|p1a: Alakazam|Calm Mind|p1a: Alakazam\n|-boost|p1a: Alakazam|spa|1\n|-boost|p1a: Alakazam|spd|1\n|move|p2a: Aromatisse|Toxic|p1a: Alakazam\n|-status|p1a: Alakazam|tox\n|\n|upkeep\n|turn|13\n|\n|t:|1769918003\n|switch|p2a: Silvally|Silvally-Ice, L87|307/307\n|move|p1a: Alakazam|Encore||[still]\n|-fail|p1a: Alakazam\n|\n|upkeep\n|turn|14\n|\n|t:|1769918011\n|move|p1a: Alakazam|Focus Blast|p2a: Silvally\n|-supereffective|p2a: Silvally\n|-damage|p2a: Silvally|0 fnt\n|faint|p2a: Silvally\n|\n|upkeep\n|\n|t:|1769918034\n|switch|p2a: Arceus|Arceus-Psychic, L72|292/292\n|turn|15\n|\n|t:|1769918036\n|move|p1a: Alakazam|Calm Mind|p1a: Alakazam\n|-boost|p1a: Alakazam|spa|1\n|-boost|p1a: Alakazam|spd|1\n|move|p2a: Arceus|Calm Mind|p2a: Arceus\n|-boost|p2a: Arceus|spa|1\n|-boost|p2a: Arceus|spd|1\n|\n|upkeep\n|turn|16\n|\n|t:|1769918039\n|move|p1a: Alakazam|Encore|p2a: Arceus\n|-start|p2a: Arceus|Encore\n|move|p2a: Arceus|Calm Mind|p2a: Arceus\n|-boost|p2a: Arceus|spa|1\n|-boost|p2a: Arceus|spd|1\n|\n|upkeep\n|turn|17\n|\n|t:|1769918041\n|move|p1a: Alakazam|Calm Mind|p1a: Alakazam\n|-boost|p1a: Alakazam|spa|1\n|-boost|p1a: Alakazam|spd|1\n|move|p2a: Arceus|Calm Mind|p2a: Arceus\n|-boost|p2a: Arceus|spa|1\n|-boost|p2a: Arceus|spd|1\n|\n|upkeep\n|turn|18\n|\n|t:|1769918044\n|switch|p2a: Aromatisse|Aromatisse, L91, M|332/332\n|move|p1a: Alakazam|Calm Mind|p1a: Alakazam\n|-boost|p1a: Alakazam|spa|1\n|-boost|p1a: Alakazam|spd|1\n|\n|upkeep\n|turn|19\n|\n|t:|1769918048\n|move|p1a: Alakazam|Psychic|p2a: Aromatisse\n|-damage|p2a: Aromatisse|0 fnt\n|faint|p2a: Aromatisse\n|\n|upkeep\n|\n|t:|1769918050\n|switch|p2a: Arceus|Arceus-Psychic, L72|292/292\n|turn|20\n|\n|t:|1769918052\n|move|p1a: Alakazam|Psychic|p2a: Arceus\n|-resisted|p2a: Arceus\n|-damage|p2a: Arceus|81/292\n|move|p2a: Arceus|Earth Power|p1a: Alakazam\n|-damage|p1a: Alakazam|206/222 tox\n|\n|upkeep\n|turn|21\n|\n|t:|1769918058\n|move|p1a: Alakazam|Psychic|p2a: Arceus\n|-resisted|p2a: Arceus\n|-damage|p2a: Arceus|0 fnt\n|faint|p2a: Arceus\n|\n|upkeep\n|\n|t:|1769918059\n|switch|p2a: Bellossom|Bellossom, L88, M|275/275\n|turn|22\n|\n|t:|1769918062\n|move|p1a: Alakazam|Psychic|p2a: Bellossom\n|-damage|p2a: Bellossom|0 fnt\n|faint|p2a: Bellossom\n|\n|win|Santino696969\n|raw|Santino696969's rating: 1487 &rarr; <strong>1510</strong><br />(+23 for winning)\n|raw|afrohasfaith's rating: 1541 &rarr; <strong>1518</strong><br />(-23 for losing)\n", "inputlog": ">version b99ff0165a6231f17e8b78c2a78d1998375de664\n>start {\"formatid\":\"gen7randombattle\",\"seed\":\"sodium,573e6abf496f73a9e4d4c9de178c8ed5\",\"rated\":\"Rated battle\"}\n>player p1 {\"name\":\"Santino696969\",\"avatar\":\"ash-kalos\",\"rating\":1487,\"seed\":\"sodium,f9fdafafbfdd80c5211f4918a969c62c\"}\n>player p2 {\"name\":\"afrohasfaith\",\"avatar\":\"flint\",\"rating\":1541,\"seed\":\"sodium,7f46e2dd193bafd0963a4266148eeb6a\"}\n>p1 move swordsdance\n>p2 move shellsmash\n>p1 move aquajet\n>p2 move hiddenpower\n>p1 switch 2\n>p1 move discharge\n>p2 move hydropump\n>p1 move discharge\n>p2 move hydropump\n>p1 switch 3\n>p1 move extremespeed\n>p2 move hydropump\n>p2 switch 4\n>p1 move extremespeed\n>p2 move quiverdance\n>p1 move extremespeed\n>p2 move fireblast\n>p1 switch 6\n>p1 switch 4\n>p2 move bugbuzz zmove\n>p1 switch 4\n>p1 move psyshock mega\n>p2 move bugbuzz\n>p2 switch 6\n>p1 move focusblast\n>p2 move multiattack\n>p1 switch 5\n>p1 move calmmind\n>p2 move partingshot\n>p2 switch 5\n>p1 move calmmind\n>p2 move toxic\n>p1 move encore\n>p2 switch 5\n>p1 move focusblast\n>p2 move partingshot\n>p2 switch 2\n>p1 move calmmind\n>p2 move calmmind\n>p1 move encore\n>p2 move calmmind\n>p1 move calmmind\n>p2 move calmmind\n>p1 move calmmind\n>p2 switch 5\n>p1 move psychic\n>p2 move moonblast\n>p2 switch 5\n>p1 move psychic\n>p2 move earthpower\n>p1 move psychic\n>p2 move recover\n>p2 switch 3\n>p1 move psychic\n>p2 move moonblast", "uploadtime": 1769918066, "views": 189, "formatid": "gen7randombattle", "rating": 1510, "private": 0, "password": null}