{"id": "gen7randombattle-2527571572", "format": "[Gen 7] Random Battle", "players": ["Snoop Rogue", "Drangery"], "log": "|j|☆Snoop Rogue\n|j|☆Drangery\n|t:|1769550571\n|gametype|singles\n|player|p1|Snoop Rogue|koga-lgpe|1489\n|player|p2|Drangery|265|1595\n|gen|7\n|tier|[Gen 7] Random Battle\n|rated|\n|rule|Sleep Clause Mod: Limit one foe put to sleep\n|rule|HP Percentage Mod: HP is shown in percentages\n|rule|Illusion Level Mod: Illusion disguises the Pokémon's true level\n|\n|t:|1769550571\n|teamsize|p1|6\n|teamsize|p2|6\n|start\n|switch|p1a: Bastiodon|Bastiodon, L94, F|265/265\n|switch|p2a: Mesprit|Mesprit, L86|278/278\n|turn|1\n|inactive|Battle timer is ON: inactive players will automatically lose when time's up. (requested by Snoop Rogue)\n|\n|t:|1769550593\n|move|p2a: Mesprit|U-turn|p1a: Bastiodon\n|-resisted|p1a: Bastiodon\n|-damage|p1a: Bastiodon|251/265\n|\n|t:|1769550596\n|switch|p2a: Dunsparce|Dunsparce, L95, F|344/344|[from] U-turn\n|move|p1a: Bastiodon|Toxic|p2a: Dunsparce\n|-status|p2a: Dunsparce|tox\n|\n|-heal|p1a: Bastiodon|265/265|[from] item: Leftovers\n|-damage|p2a: Dunsparce|323/344 tox|[from] psn\n|upkeep\n|turn|2\n|\n|t:|1769550601\n|move|p1a: Bastiodon|Protect|p1a: Bastiodon\n|-singleturn|p1a: Bastiodon|Protect\n|move|p2a: Dunsparce|Glare|p1a: Bastiodon\n|-activate|p1a: Bastiodon|move: Protect\n|\n|-heal|p2a: Dunsparce|344/344 tox|[from] item: Leftovers\n|-damage|p2a: Dunsparce|302/344 tox|[from] psn\n|upkeep\n|turn|3\n|\n|t:|1769550606\n|switch|p1a: Zekrom|Zekrom, L74|270/270\n|-ability|p1a: Zekrom|Teravolt\n|move|p2a: Dunsparce|Earthquake|p1a: Zekrom\n|-supereffective|p1a: Zekrom\n|-damage|p1a: Zekrom|138/270\n|\n|-heal|p2a: Dunsparce|323/344 tox|[from] item: Leftovers\n|-damage|p2a: Dunsparce|260/344 tox|[from] psn\n|upkeep\n|turn|4\n|\n|t:|1769550620\n|switch|p2a: Mesprit|Mesprit, L86|278/278\n|move|p1a: Zekrom|Roost|p1a: Zekrom\n|-heal|p1a: Zekrom|270/270\n|-singleturn|p1a: Zekrom|move: Roost\n|\n|upkeep\n|turn|5\n|\n|t:|1769550627\n|move|p2a: Mesprit|Psychic|p1a: Zekrom\n|-damage|p1a: Zekrom|165/270\n|move|p1a: Zekrom|Hone Claws|p1a: Zekrom\n|-boost|p1a: Zekrom|atk|1\n|-boost|p1a: Zekrom|accuracy|1\n|\n|upkeep\n|turn|6\n|\n|t:|1769550635\n|move|p2a: Mesprit|Knock Off|p1a: Zekrom\n|-damage|p1a: Zekrom|118/270\n|-zpower|p1a: Zekrom\n|move|p1a: Zekrom|Devastating Drake|p2a: Mesprit|[zeffect]\n|-damage|p2a: Mesprit|0 fnt\n|faint|p2a: Mesprit\n|\n|upkeep\n|\n|t:|1769550661\n|switch|p2a: Yanmega|Yanmega, L82, M|275/275\n|turn|7\n|\n|t:|1769550665\n|switch|p1a: Chansey|Chansey, L85, F|564/564\n|move|p2a: Yanmega|Bug Buzz|p1a: Chansey\n|-damage|p1a: Chansey|468/564\n|-unboost|p1a: Chansey|spd|1\n|\n|upkeep\n|turn|8\n|\n|t:|1769550670\n|switch|p2a: Barbaracle|Barbaracle, L81, M|249/249\n|move|p1a: Chansey|Toxic|p2a: Barbaracle\n|-status|p2a: Barbaracle|tox\n|\n|-damage|p2a: Barbaracle|234/249 tox|[from] psn\n|upkeep\n|turn|9\n|\n|t:|1769550676\n|move|p2a: Barbaracle|Shell Smash|p2a: Barbaracle\n|-unboost|p2a: Barbaracle|def|1\n|-unboost|p2a: Barbaracle|spd|1\n|-boost|p2a: Barbaracle|atk|2\n|-boost|p2a: Barbaracle|spa|2\n|-boost|p2a: Barbaracle|spe|2\n|-enditem|p2a: Barbaracle|White Herb\n|-clearnegativeboost|p2a: Barbaracle|[silent]\n|move|p1a: Chansey|Wish|p1a: Chansey\n|\n|-damage|p2a: Barbaracle|204/249 tox|[from] psn\n|upkeep\n|turn|10\n|\n|t:|1769550684\n|switch|p1a: Alomomola|Alomomola, L87, M|429/429\n|move|p2a: Barbaracle|Liquidation|p1a: Alomomola\n|-resisted|p1a: Alomomola\n|-damage|p1a: Alomomola|313/429\n|\n|-heal|p1a: Alomomola|429/429|[from] move: Wish|[wisher] Chansey\n|-damage|p2a: Barbaracle|159/249 tox|[from] psn\n|upkeep\n|turn|11\n|\n|t:|1769550690\n|move|p2a: Barbaracle|Stone Edge|p1a: Alomomola\n|-damage|p1a: Alomomola|204/429\n|move|p1a: Alomomola|Wish|p1a: Alomomola\n|\n|-heal|p1a: Alomomola|230/429|[from] item: Leftovers\n|-damage|p2a: Barbaracle|99/249 tox|[from] psn\n|upkeep\n|turn|12\n|\n|t:|1769550699\n|switch|p2a: Dunsparce|Dunsparce, L95, F|260/344 tox\n|switch|p1a: Garchomp|Garchomp, L77, M|293/293\n|\n|-heal|p2a: Dunsparce|281/344 tox|[from] item: Leftovers\n|-damage|p2a: Dunsparce|260/344 tox|[from] psn\n|upkeep\n|turn|13\n|\n|t:|1769550706\n|switch|p1a: Zekrom|Zekrom, L74|118/270\n|-ability|p1a: Zekrom|Teravolt\n|move|p2a: Dunsparce|Glare|p1a: Zekrom\n|-immune|p1a: Zekrom\n|\n|-heal|p2a: Dunsparce|281/344 tox|[from] item: Leftovers\n|-damage|p2a: Dunsparce|239/344 tox|[from] psn\n|upkeep\n|turn|14\n|\n|t:|1769550710\n|move|p1a: Zekrom|Roost|p1a: Zekrom\n|-heal|p1a: Zekrom|253/270\n|-singleturn|p1a: Zekrom|move: Roost\n|move|p2a: Dunsparce|Earthquake|p1a: Zekrom\n|-supereffective|p1a: Zekrom\n|-damage|p1a: Zekrom|135/270\n|\n|-heal|p2a: Dunsparce|260/344 tox|[from] item: Leftovers\n|-damage|p2a: Dunsparce|197/344 tox|[from] psn\n|upkeep\n|turn|15\n|\n|t:|1769550713\n|move|p1a: Zekrom|Roost|p1a: Zekrom\n|-heal|p1a: Zekrom|270/270\n|-singleturn|p1a: Zekrom|move: Roost\n|move|p2a: Dunsparce|Earthquake|p1a: Zekrom\n|-supereffective|p1a: Zekrom\n|-crit|p1a: Zekrom\n|-damage|p1a: Zekrom|70/270\n|\n|-heal|p2a: Dunsparce|218/344 tox|[from] item: Leftovers\n|-damage|p2a: Dunsparce|134/344 tox|[from] psn\n|upkeep\n|turn|16\n|\n|t:|1769550717\n|switch|p2a: Slaking|Slaking, L84, F|389/389\n|move|p1a: Zekrom|Roost|p1a: Zekrom\n|-heal|p1a: Zekrom|205/270\n|-singleturn|p1a: Zekrom|move: Roost\n|\n|upkeep\n|turn|17\n|\n|t:|1769550725\n|switch|p1a: Alomomola|Alomomola, L87, M|373/429\n|move|p2a: Slaking|Earthquake|p1a: Alomomola\n|-damage|p1a: Alomomola|269/429\n|\n|-heal|p1a: Alomomola|295/429|[from] item: Leftovers\n|upkeep\n|turn|18\n|-message|Drangery forfeited.\n|\n|win|Snoop Rogue\n|raw|Snoop Rogue's rating: 1489 &rarr; <strong>1515</strong><br />(+26 for winning)\n|raw|Drangery's rating: 1595 &rarr; <strong>1569</strong><br />(-26 for losing)\n|l|☆Drangery\n|player|p2|\n", "inputlog": ">version b99ff0165a6231f17e8b78c2a78d1998375de664\n>start {\"formatid\":\"gen7randombattle\",\"seed\":\"sodium,2f33695df8a00868c6cdba6435739e83\",\"rated\":\"Rated battle\"}\n>player p1 {\"name\":\"Snoop Rogue\",\"avatar\":\"koga-lgpe\",\"rating\":1489,\"seed\":\"sodium,6e1d112fa0ce5e05e1c90f865f20b742\"}\n>player p2 {\"name\":\"Drangery\",\"avatar\":\"265\",\"rating\":1595,\"seed\":\"sodium,7d3c575347a0cc1c0c3c4d3d2f4dcdd4\"}\n>p1 move toxic\n>p2 move uturn\n>p2 switch 6\n>p1 move protect\n>p2 move glare\n>p1 switch 6\n>p2 move earthquake\n>p1 move roost\n>p2 switch 6\n>p1 move honeclaws\n>p2 move psychic\n>p1 move outrage zmove\n>p2 move knockoff\n>p2 switch 2\n>p1 switch 4\n>p2 move bugbuzz\n>p1 move toxic\n>p2 switch 5\n>p1 move wish\n>p2 move shellsmash\n>p1 switch 3\n>p2 move liquidation\n>p1 move wish\n>p2 move stoneedge\n>p1 switch 5\n>p2 switch 6\n>p1 switch 4\n>p2 move glare\n>p1 move roost\n>p2 move earthquake\n>p1 move roost\n>p2 move earthquake\n>p1 move roost\n>p2 switch 4\n>p1 switch 5\n>p2 move earthquake\n>forcelose p2", "uploadtime": 1769550739, "views": 184, "formatid": "gen7randombattle", "rating": 1515, "private": 0, "password": null}