{"id": "gen7randombattle-2533994567", "format": "[Gen 7] Random Battle", "players": ["may/gen3", "abhay1996"], "log": "|j|☆may/gen3\n|j|☆abhay1996\n|t:|1770373437\n|gametype|singles\n|player|p1|may/gen3|may|1764\n|player|p2|abhay1996|102|1672\n|gen|7\n|tier|[Gen 7] Random Battle\n|rated|\n|rule|Sleep Clause Mod: Limit one foe put to sleep\n|rule|HP Percentage Mod: HP is shown in percentages\n|rule|Illusion Level Mod: Illusion disguises the Pokémon's true level\n|\n|t:|1770373437\n|teamsize|p1|6\n|teamsize|p2|6\n|start\n|switch|p1a: Alakazam|Alakazam, L78, F|214/214\n|switch|p2a: Wishiwashi|Wishiwashi, L89, M|225/225\n|-formechange|p2a: Wishiwashi|Wishiwashi-School||[from] ability: Schooling\n|turn|1\n|\n|t:|1770373444\n|switch|p1a: Porygon2|Porygon2, L82|274/274\n|-ability|p1a: Porygon2|Download|boost\n|-boost|p1a: Porygon2|atk|1\n|move|p2a: Wishiwashi|U-turn|p1a: Porygon2\n|-damage|p1a: Porygon2|223/274\n|inactive|Battle timer is ON: inactive players will automatically lose when time's up. (requested by may/gen3)\n|c|☆may/gen3|hi\n|\n|t:|1770373455\n|switch|p2a: Toxapex|Toxapex, L80, F|211/211|[from] U-turn\n|\n|upkeep\n|turn|2\n|\n|t:|1770373468\n|move|p1a: Porygon2|Discharge|p2a: Toxapex\n|-supereffective|p2a: Toxapex\n|-damage|p2a: Toxapex|123/211\n|move|p2a: Toxapex|Toxic|p1a: Porygon2\n|-status|p1a: Porygon2|tox\n|\n|-heal|p2a: Toxapex|136/211|[from] item: Black Sludge\n|-damage|p1a: Porygon2|206/274 tox|[from] psn\n|upkeep\n|turn|3\n|\n|t:|1770373478\n|switch|p1a: Alakazam|Alakazam, L78, F|214/214\n|move|p2a: Toxapex|Baneful Bunker||[still]\n|-fail|p2a: Toxapex\n|\n|-heal|p2a: Toxapex|149/211|[from] item: Black Sludge\n|upkeep\n|turn|4\n|\n|t:|1770373488\n|switch|p2a: Wishiwashi|Wishiwashi, L89, M|225/225\n|-formechange|p2a: Wishiwashi|Wishiwashi-School||[from] ability: Schooling\n|detailschange|p1a: Alakazam|Alakazam-Mega, L78, F\n|-mega|p1a: Alakazam|Alakazam|Alakazite\n|move|p1a: Alakazam|Psyshock|p2a: Wishiwashi\n|-damage|p2a: Wishiwashi|143/225\n|\n|upkeep\n|turn|5\n|\n|t:|1770373497\n|switch|p1a: Arceus|Arceus-Flying, L72|291/291\n|move|p2a: Wishiwashi|U-turn|p1a: Arceus\n|-resisted|p1a: Arceus\n|-damage|p1a: Arceus|259/291\n|\n|t:|1770373501\n|switch|p2a: Manectric|Manectric, L78, F|237/237|[from] U-turn\n|\n|upkeep\n|turn|6\n|\n|t:|1770373508\n|switch|p1a: Alakazam|Alakazam-Mega, L78, F|214/214\n|-ability|p1a: Alakazam|Lightning Rod|Trace|[from] ability: Trace|[of] p2a: Manectric\n|detailschange|p2a: Manectric|Manectric-Mega, L78, F\n|-mega|p2a: Manectric|Manectric|Manectite\n|-ability|p2a: Manectric|Intimidate|boost\n|-unboost|p1a: Alakazam|atk|1\n|move|p2a: Manectric|Thunderbolt|p1a: Alakazam\n|-ability|p1a: Alakazam|Lightning Rod|boost\n|-boost|p1a: Alakazam|spa|1\n|\n|upkeep\n|turn|7\n|\n|t:|1770373523\n|switch|p2a: Tropius|Tropius, L94, F|336/336\n|move|p1a: Alakazam|Psyshock|p2a: Tropius\n|-crit|p2a: Tropius\n|-damage|p2a: Tropius|98/336\n|-enditem|p2a: Tropius|Sitrus Berry|[eat]\n|-heal|p2a: Tropius|182/336|[from] item: Sitrus Berry\n|\n|upkeep\n|turn|8\n|\n|t:|1770373532\n|move|p1a: Alakazam|Calm Mind|p1a: Alakazam\n|-boost|p1a: Alakazam|spa|1\n|-boost|p1a: Alakazam|spd|1\n|move|p2a: Tropius|Air Slash|p1a: Alakazam|[miss]\n|-miss|p2a: Tropius|p1a: Alakazam\n|\n|-item|p2a: Tropius|Sitrus Berry|[from] ability: Harvest\n|upkeep\n|turn|9\n|\n|t:|1770373540\n|move|p1a: Alakazam|Psyshock|p2a: Tropius\n|-damage|p2a: Tropius|0 fnt\n|faint|p2a: Tropius\n|\n|upkeep\n|\n|t:|1770373546\n|switch|p2a: Simisear|Simisear, L89, F|278/278\n|turn|10\n|\n|t:|1770373550\n|move|p1a: Alakazam|Psyshock|p2a: Simisear\n|-damage|p2a: Simisear|0 fnt\n|faint|p2a: Simisear\n|\n|upkeep\n|\n|t:|1770373556\n|switch|p2a: Wishiwashi|Wishiwashi, L89, M|143/225\n|-formechange|p2a: Wishiwashi|Wishiwashi-School||[from] ability: Schooling\n|turn|11\n|\n|t:|1770373562\n|move|p1a: Alakazam|Psyshock|p2a: Wishiwashi\n|-damage|p2a: Wishiwashi|0 fnt\n|faint|p2a: Wishiwashi\n|\n|upkeep\n|-message|abhay1996 forfeited.\n|\n|win|may/gen3\n|raw|may&#x2f;gen3's rating: 1764 &rarr; <strong>1779</strong><br />(+15 for winning)\n|raw|abhay1996's rating: 1672 &rarr; <strong>1657</strong><br />(-15 for losing)\n|l|☆abhay1996\n|player|p2|\n", "inputlog": ">version ccdc32dd7cde25fd9e4bed64820e885f66e78a4e\n>start {\"formatid\":\"gen7randombattle\",\"seed\":\"sodium,3a74a427150b44794698bc4be6f6b0a4\",\"rated\":\"Rated battle\"}\n>player p1 {\"name\":\"may/gen3\",\"avatar\":\"may\",\"rating\":1764,\"seed\":\"sodium,10b16c7dc1441e6a330a9873a4435267\"}\n>player p2 {\"name\":\"abhay1996\",\"avatar\":\"102\",\"rating\":1672,\"seed\":\"sodium,d707b303ba9c49e70f1bab6852ac4cc0\"}\n>p1 switch 3\n>p2 move uturn\n>chat ☆may/gen3|hi\n>p2 switch 3\n>p1 move discharge\n>p2 move toxic\n>p1 switch 3\n>p2 move banefulbunker\n>p1 move psyshock mega\n>p2 switch 3\n>p1 switch 4\n>p2 move uturn\n>p2 switch 2\n>p1 switch 4\n>p2 move thunderbolt mega\n>p1 move psyshock\n>p2 switch 5\n>p1 move calmmind\n>p2 move airslash\n>p1 move psyshock\n>p2 move leechseed\n>p2 switch 4\n>p1 move psyshock\n>p2 move fireblast\n>p2 switch 2\n>p1 move psyshock\n>p2 move uturn\n>forcelose p2", "uploadtime": 1770373571, "views": 209, "formatid": "gen7randombattle", "rating": 1657, "private": 0, "password": null}