{"id": "gen7randombattle-2539232774", "format": "[Gen 7] Random Battle", "players": ["verdu7", "La.Hellhound"], "log": "|j|☆verdu7\n|j|‽La.Hellhound\n|t:|1771026225\n|gametype|singles\n|player|p1|verdu7|170|1616\n|player|p2|La.Hellhound|bruno|1603\n|gen|7\n|tier|[Gen 7] Random Battle\n|rated|\n|rule|Sleep Clause Mod: Limit one foe put to sleep\n|rule|HP Percentage Mod: HP is shown in percentages\n|rule|Illusion Level Mod: Illusion disguises the Pokémon's true level\n|\n|t:|1771026225\n|teamsize|p1|6\n|teamsize|p2|6\n|start\n|switch|p1a: Marshadow|Marshadow, L69|239/239\n|switch|p2a: Mesprit|Mesprit, L86|278/278\n|turn|1\n|inactive|Battle timer is ON: inactive players will automatically lose when time's up. (requested by La.Hellhound)\n|inactive|La.Hellhound has 120 seconds left.\n|\n|t:|1771026269\n|move|p2a: Mesprit|Psyshock|p1a: Marshadow\n|-supereffective|p1a: Marshadow\n|-damage|p1a: Marshadow|0 fnt\n|faint|p1a: Marshadow\n|\n|upkeep\n|\n|t:|1771026281\n|switch|p1a: Necrozma|Necrozma, L81|290/290\n|turn|2\n|inactive|La.Hellhound has 120 seconds left.\n|\n|t:|1771026329\n|switch|p2a: Corsola|Corsola, L96, M|280/280\n|move|p1a: Necrozma|Calm Mind|p1a: Necrozma\n|-boost|p1a: Necrozma|spa|1\n|-boost|p1a: Necrozma|spd|1\n|\n|upkeep\n|turn|3\n|\n|t:|1771026337\n|move|p1a: Necrozma|Calm Mind|p1a: Necrozma\n|-boost|p1a: Necrozma|spa|1\n|-boost|p1a: Necrozma|spd|1\n|move|p2a: Corsola|Toxic|p1a: Necrozma\n|-status|p1a: Necrozma|tox\n|\n|-damage|p1a: Necrozma|272/290 tox|[from] psn\n|upkeep\n|turn|4\n|\n|t:|1771026354\n|move|p1a: Necrozma|Calm Mind|p1a: Necrozma\n|-boost|p1a: Necrozma|spa|1\n|-boost|p1a: Necrozma|spd|1\n|move|p2a: Corsola|Recover||[still]\n|-fail|p2a: Corsola|heal\n|\n|-heal|p1a: Necrozma|290/290 tox|[from] item: Leftovers\n|-damage|p1a: Necrozma|254/290 tox|[from] psn\n|upkeep\n|turn|5\n|\n|t:|1771026364\n|switch|p2a: Mesprit|Mesprit, L86|278/278\n|move|p1a: Necrozma|Photon Geyser|p2a: Mesprit\n|-resisted|p2a: Mesprit\n|-damage|p2a: Mesprit|149/278\n|\n|-heal|p1a: Necrozma|272/290 tox|[from] item: Leftovers\n|-damage|p1a: Necrozma|218/290 tox|[from] psn\n|upkeep\n|turn|6\n|\n|t:|1771026383\n|switch|p2a: Drapion|Drapion, L83, F|252/252\n|move|p1a: Necrozma|Heat Wave|p2a: Drapion\n|-damage|p2a: Drapion|22/252\n|\n|-heal|p1a: Necrozma|236/290 tox|[from] item: Leftovers\n|-damage|p1a: Necrozma|164/290 tox|[from] psn\n|upkeep\n|turn|7\n|\n|t:|1771026395\n|move|p2a: Drapion|Knock Off|p1a: Necrozma\n|-supereffective|p1a: Necrozma\n|-damage|p1a: Necrozma|0 fnt\n|-enditem|p1a: Necrozma|Leftovers|[from] move: Knock Off|[of] p2a: Drapion\n|faint|p1a: Necrozma\n|\n|upkeep\n|\n|t:|1771026414\n|switch|p1a: Beartic|Beartic, L92, M|323/323\n|turn|8\n|inactive|La.Hellhound has 90 seconds left.\n|\n|t:|1771026464\n|switch|p2a: Corsola|Corsola, L96, M|280/280\n|move|p1a: Beartic|Aqua Jet|p2a: Corsola\n|-damage|p2a: Corsola|229/280\n|\n|-heal|p2a: Corsola|246/280|[from] item: Leftovers\n|upkeep\n|turn|9\n|\n|t:|1771026474\n|switch|p1a: Registeel|Registeel, L83|268/268\n|move|p2a: Corsola|Power Gem|p1a: Registeel\n|-resisted|p1a: Registeel\n|-damage|p1a: Registeel|238/268\n|\n|-heal|p1a: Registeel|254/268|[from] item: Leftovers\n|-heal|p2a: Corsola|263/280|[from] item: Leftovers\n|upkeep\n|turn|10\n|\n|t:|1771026489\n|switch|p2a: Vivillon|Vivillon-Elegant, L85, M|275/275\n|move|p1a: Registeel|Stealth Rock|p2a: Vivillon\n|-sidestart|p2: La.Hellhound|move: Stealth Rock\n|\n|-heal|p1a: Registeel|268/268|[from] item: Leftovers\n|upkeep\n|turn|11\n|inactive|La.Hellhound has 60 seconds left.\n|\n|t:|1771026529\n|move|p2a: Vivillon|Sleep Powder|p1a: Registeel\n|-status|p1a: Registeel|slp|[from] move: Sleep Powder\n|cant|p1a: Registeel|slp\n|\n|upkeep\n|turn|12\n|\n|t:|1771026539\n|move|p2a: Vivillon|Quiver Dance|p2a: Vivillon\n|-boost|p2a: Vivillon|spa|1\n|-boost|p2a: Vivillon|spd|1\n|-boost|p2a: Vivillon|spe|1\n|cant|p1a: Registeel|slp\n|\n|upkeep\n|turn|13\n|\n|t:|1771026558\n|move|p2a: Vivillon|Hurricane|p1a: Registeel\n|-resisted|p1a: Registeel\n|-damage|p1a: Registeel|214/268 slp\n|-curestatus|p1a: Registeel|slp|[msg]\n|move|p1a: Registeel|Toxic|p2a: Vivillon\n|-status|p2a: Vivillon|tox\n|\n|-heal|p1a: Registeel|230/268|[from] item: Leftovers\n|-damage|p2a: Vivillon|258/275 tox|[from] psn\n|upkeep\n|turn|14\n|\n|t:|1771026569\n|move|p1a: Registeel|Protect|p1a: Registeel\n|-singleturn|p1a: Registeel|Protect\n|move|p2a: Vivillon|Quiver Dance|p2a: Vivillon\n|-boost|p2a: Vivillon|spa|1\n|-boost|p2a: Vivillon|spd|1\n|-boost|p2a: Vivillon|spe|1\n|\n|-heal|p2a: Vivillon|275/275 tox|[from] item: Leftovers\n|-heal|p1a: Registeel|246/268|[from] item: Leftovers\n|-damage|p2a: Vivillon|241/275 tox|[from] psn\n|upkeep\n|turn|15\n|\n|t:|1771026578\n|move|p2a: Vivillon|Sleep Powder|p1a: Registeel\n|-status|p1a: Registeel|slp|[from] move: Sleep Powder\n|cant|p1a: Registeel|slp\n|\n|-heal|p2a: Vivillon|258/275 tox|[from] item: Leftovers\n|-heal|p1a: Registeel|262/268 slp|[from] item: Leftovers\n|-damage|p2a: Vivillon|207/275 tox|[from] psn\n|upkeep\n|turn|16\n|\n|t:|1771026593\n|move|p2a: Vivillon|Hurricane|p1a: Registeel\n|-resisted|p1a: Registeel\n|-damage|p1a: Registeel|193/268 slp\n|cant|p1a: Registeel|slp\n|\n|-heal|p2a: Vivillon|224/275 tox|[from] item: Leftovers\n|-heal|p1a: Registeel|209/268 slp|[from] item: Leftovers\n|-damage|p2a: Vivillon|156/275 tox|[from] psn\n|upkeep\n|turn|17\n|\n|t:|1771026605\n|move|p2a: Vivillon|Hurricane|p1a: Registeel\n|-resisted|p1a: Registeel\n|-damage|p1a: Registeel|134/268 slp\n|-start|p1a: Registeel|confusion\n|-curestatus|p1a: Registeel|slp|[msg]\n|-activate|p1a: Registeel|confusion\n|-damage|p1a: Registeel|122/268|[from] confusion\n|\n|-heal|p2a: Vivillon|173/275 tox|[from] item: Leftovers\n|-heal|p1a: Registeel|138/268|[from] item: Leftovers\n|-damage|p2a: Vivillon|88/275 tox|[from] psn\n|upkeep\n|turn|18\n|\n|t:|1771026616\n|-activate|p1a: Registeel|confusion\n|-damage|p1a: Registeel|126/268|[from] confusion\n|move|p2a: Vivillon|Sleep Powder|p1a: Registeel\n|-status|p1a: Registeel|slp|[from] move: Sleep Powder\n|\n|-heal|p2a: Vivillon|105/275 tox|[from] item: Leftovers\n|-heal|p1a: Registeel|142/268 slp|[from] item: Leftovers\n|-damage|p2a: Vivillon|3/275 tox|[from] psn\n|upkeep\n|turn|19\n|\n|t:|1771026624\n|cant|p1a: Registeel|slp\n|move|p2a: Vivillon|Hurricane|p1a: Registeel|[miss]\n|-miss|p2a: Vivillon|p1a: Registeel\n|\n|-heal|p2a: Vivillon|20/275 tox|[from] item: Leftovers\n|-heal|p1a: Registeel|158/268 slp|[from] item: Leftovers\n|-damage|p2a: Vivillon|0 fnt|[from] psn\n|faint|p2a: Vivillon\n|upkeep\n|\n|t:|1771026645\n|switch|p2a: Bellossom|Bellossom, L88, F|275/275\n|-damage|p2a: Bellossom|241/275|[from] Stealth Rock\n|turn|20\n|\n|t:|1771026651\n|move|p2a: Bellossom|Quiver Dance|p2a: Bellossom\n|-boost|p2a: Bellossom|spa|1\n|-boost|p2a: Bellossom|spd|1\n|-boost|p2a: Bellossom|spe|1\n|cant|p1a: Registeel|slp\n|\n|-heal|p2a: Bellossom|258/275|[from] item: Leftovers\n|-heal|p1a: Registeel|174/268 slp|[from] item: Leftovers\n|upkeep\n|turn|21\n|\n|t:|1771026659\n|move|p2a: Bellossom|Hidden Power|p1a: Registeel\n|-supereffective|p1a: Registeel\n|-damage|p1a: Registeel|84/268 slp\n|cant|p1a: Registeel|slp\n|\n|-heal|p2a: Bellossom|275/275|[from] item: Leftovers\n|-heal|p1a: Registeel|100/268 slp|[from] item: Leftovers\n|upkeep\n|turn|22\n|\n|t:|1771026666\n|move|p2a: Bellossom|Hidden Power|p1a: Registeel\n|-supereffective|p1a: Registeel\n|-damage|p1a: Registeel|4/268 slp\n|-curestatus|p1a: Registeel|slp|[msg]\n|-activate|p1a: Registeel|confusion\n|move|p1a: Registeel|Toxic|p2a: Bellossom\n|-status|p2a: Bellossom|tox\n|\n|-heal|p1a: Registeel|20/268|[from] item: Leftovers\n|-damage|p2a: Bellossom|258/275 tox|[from] psn\n|upkeep\n|turn|23\n|inactive|La.Hellhound has 60 seconds left.\n|\n|t:|1771026678\n|move|p2a: Bellossom|Quiver Dance|p2a: Bellossom\n|-boost|p2a: Bellossom|spa|1\n|-boost|p2a: Bellossom|spd|1\n|-boost|p2a: Bellossom|spe|1\n|-activate|p1a: Registeel|confusion\n|move|p1a: Registeel|Seismic Toss|p2a: Bellossom\n|-damage|p2a: Bellossom|175/275 tox\n|\n|-heal|p2a: Bellossom|192/275 tox|[from] item: Leftovers\n|-heal|p1a: Registeel|36/268|[from] item: Leftovers\n|-damage|p2a: Bellossom|158/275 tox|[from] psn\n|upkeep\n|turn|24\n|inactive|La.Hellhound has 60 seconds left.\n|\n|t:|1771026688\n|-end|p1a: Registeel|confusion\n|move|p1a: Registeel|Protect|p1a: Registeel\n|-singleturn|p1a: Registeel|Protect\n|move|p2a: Bellossom|Giga Drain|p1a: Registeel\n|-activate|p1a: Registeel|move: Protect\n|\n|-heal|p2a: Bellossom|175/275 tox|[from] item: Leftovers\n|-heal|p1a: Registeel|52/268|[from] item: Leftovers\n|-damage|p2a: Bellossom|124/275 tox|[from] psn\n|upkeep\n|turn|25\n|inactive|La.Hellhound has 60 seconds left.\n|\n|t:|1771026704\n|move|p2a: Bellossom|Hidden Power|p1a: Registeel\n|-supereffective|p1a: Registeel\n|-damage|p1a: Registeel|0 fnt\n|faint|p1a: Registeel\n|\n|-heal|p2a: Bellossom|141/275 tox|[from] item: Leftovers\n|-damage|p2a: Bellossom|73/275 tox|[from] psn\n|upkeep\n|\n|t:|1771026715\n|switch|p1a: Jynx|Jynx, L89, F|259/259\n|turn|26\n|inactive|La.Hellhound has 60 seconds left.\n|\n|t:|1771026746\n|move|p1a: Jynx|Ice Beam|p2a: Bellossom\n|-supereffective|p2a: Bellossom\n|-damage|p2a: Bellossom|0 fnt\n|faint|p2a: Bellossom\n|\n|upkeep\n|\n|t:|1771026753\n|switch|p2a: Carbink|Carbink, L92|241/241\n|-damage|p2a: Carbink|211/241|[from] Stealth Rock\n|turn|27\n|\n|t:|1771026761\n|switch|p1a: Regirock|Regirock, L87|281/281\n|move|p2a: Carbink|Reflect|p2a: Carbink\n|-sidestart|p2: La.Hellhound|Reflect\n|\n|upkeep\n|turn|28\n|\n|t:|1771026766\n|move|p2a: Carbink|Stealth Rock|p1a: Regirock\n|-sidestart|p1: verdu7|move: Stealth Rock\n|move|p1a: Regirock|Toxic|p2a: Carbink\n|-status|p2a: Carbink|tox\n|\n|-damage|p2a: Carbink|196/241 tox|[from] psn\n|upkeep\n|turn|29\n|\n|t:|1771026773\n|move|p2a: Carbink|Light Screen|p2a: Carbink\n|-sidestart|p2: La.Hellhound|move: Light Screen\n|move|p1a: Regirock|Earthquake|p2a: Carbink\n|-supereffective|p2a: Carbink\n|-damage|p2a: Carbink|153/241 tox\n|\n|-damage|p2a: Carbink|123/241 tox|[from] psn\n|upkeep\n|turn|30\n|inactive|La.Hellhound has 60 seconds left.\n|\n|t:|1771026783\n|switch|p2a: Corsola|Corsola, L96, M|280/280\n|-damage|p2a: Corsola|245/280|[from] Stealth Rock\n|move|p1a: Regirock|Earthquake|p2a: Corsola\n|-supereffective|p2a: Corsola\n|-damage|p2a: Corsola|183/280\n|\n|-heal|p2a: Corsola|200/280|[from] item: Leftovers\n|upkeep\n|turn|31\n|inactive|La.Hellhound has 60 seconds left.\n|\n|t:|1771026800\n|switch|p1a: Jynx|Jynx, L89, F|259/259\n|-damage|p1a: Jynx|195/259|[from] Stealth Rock\n|move|p2a: Corsola|Toxic|p1a: Jynx\n|-status|p1a: Jynx|tox\n|\n|-heal|p2a: Corsola|217/280|[from] item: Leftovers\n|-damage|p1a: Jynx|179/259 tox|[from] psn\n|upkeep\n|turn|32\n|\n|t:|1771026810\n|move|p1a: Jynx|Trick|p2a: Corsola\n|-activate|p1a: Jynx|move: Trick|[of] p2a: Corsola\n|-item|p2a: Corsola|Choice Scarf|[from] move: Trick\n|-item|p1a: Jynx|Leftovers|[from] move: Trick\n|move|p2a: Corsola|Power Gem|p1a: Jynx\n|-supereffective|p1a: Jynx\n|-damage|p1a: Jynx|39/259 tox\n|\n|-heal|p1a: Jynx|55/259 tox|[from] item: Leftovers\n|-damage|p1a: Jynx|23/259 tox|[from] psn\n|upkeep\n|turn|33\n|\n|t:|1771026820\n|move|p1a: Jynx|Focus Blast|p2a: Corsola|[miss]\n|-miss|p1a: Jynx|p2a: Corsola\n|move|p2a: Corsola|Power Gem|p1a: Jynx\n|-supereffective|p1a: Jynx\n|-damage|p1a: Jynx|0 fnt\n|faint|p1a: Jynx\n|\n|upkeep\n|\n|t:|1771026828\n|switch|p1a: Regirock|Regirock, L87|281/281\n|-damage|p1a: Regirock|246/281|[from] Stealth Rock\n|turn|34\n|\n|t:|1771026833\n|switch|p2a: Mesprit|Mesprit, L86|149/278\n|-damage|p2a: Mesprit|115/278|[from] Stealth Rock\n|move|p1a: Regirock|Drain Punch|p2a: Mesprit\n|-resisted|p2a: Mesprit\n|-damage|p2a: Mesprit|103/278\n|-heal|p1a: Regirock|252/281|[from] drain|[of] p2a: Mesprit\n|\n|-heal|p1a: Regirock|269/281|[from] item: Leftovers\n|-sideend|p2: La.Hellhound|Reflect\n|upkeep\n|turn|35\n|\n|t:|1771026851\n|switch|p2a: Carbink|Carbink, L92|123/241 tox\n|-damage|p2a: Carbink|93/241 tox|[from] Stealth Rock\n|move|p1a: Regirock|Stone Edge|p2a: Carbink|[miss]\n|-miss|p1a: Regirock|p2a: Carbink\n|\n|-heal|p1a: Regirock|281/281|[from] item: Leftovers\n|-damage|p2a: Carbink|78/241 tox|[from] psn\n|upkeep\n|turn|36\n|\n|t:|1771026866\n|move|p2a: Carbink|Reflect|p2a: Carbink\n|-sidestart|p2: La.Hellhound|Reflect\n|move|p1a: Regirock|Earthquake|p2a: Carbink\n|-supereffective|p2a: Carbink\n|-damage|p2a: Carbink|29/241 tox\n|\n|-damage|p2a: Carbink|0 fnt|[from] psn\n|faint|p2a: Carbink\n|-sideend|p2: La.Hellhound|move: Light Screen\n|upkeep\n|\n|t:|1771026873\n|switch|p2a: Corsola|Corsola, L96, M|280/280\n|-damage|p2a: Corsola|245/280|[from] Stealth Rock\n|turn|37\n|\n|t:|1771026881\n|move|p2a: Corsola|Toxic|p1a: Regirock\n|-status|p1a: Regirock|tox\n|move|p1a: Regirock|Earthquake|p2a: Corsola\n|-supereffective|p2a: Corsola\n|-damage|p2a: Corsola|184/280\n|\n|-damage|p1a: Regirock|264/281 tox|[from] psn\n|upkeep\n|turn|38\n|\n|t:|1771026892\n|switch|p2a: Mesprit|Mesprit, L86|103/278\n|-damage|p2a: Mesprit|69/278|[from] Stealth Rock\n|move|p1a: Regirock|Stone Edge|p2a: Mesprit|[miss]\n|-miss|p1a: Regirock|p2a: Mesprit\n|\n|-heal|p1a: Regirock|281/281 tox|[from] item: Leftovers\n|-damage|p1a: Regirock|247/281 tox|[from] psn\n|upkeep\n|turn|39\n|inactive|La.Hellhound has 90 seconds left.\n|\n|t:|1771026910\n|move|p2a: Mesprit|Healing Wish|p2a: Mesprit\n|faint|p2a: Mesprit\n|move|p1a: Regirock|Stone Edge|p2: Mesprit|[notarget]\n|-fail|p1a: Regirock\n|\n|-heal|p1a: Regirock|264/281 tox|[from] item: Leftovers\n|-damage|p1a: Regirock|213/281 tox|[from] psn\n|upkeep\n|\n|t:|1771026916\n|switch|p2a: Drapion|Drapion, L83, F|22/252\n|-heal|p2a: Drapion|252/252|[from] move: Healing Wish\n|-damage|p2a: Drapion|221/252|[from] Stealth Rock\n|turn|40\n|\n|t:|1771026922\n|switch|p2a: Corsola|Corsola, L96, M|277/280\n|-damage|p2a: Corsola|242/280|[from] Stealth Rock\n|move|p1a: Regirock|Earthquake|p2a: Corsola\n|-supereffective|p2a: Corsola\n|-damage|p2a: Corsola|180/280\n|\n|-heal|p1a: Regirock|230/281 tox|[from] item: Leftovers\n|-damage|p1a: Regirock|162/281 tox|[from] psn\n|upkeep\n|turn|41\n|inactive|La.Hellhound has 90 seconds left.\n|\n|t:|1771026935\n|move|p2a: Corsola|Scald|p1a: Regirock\n|-supereffective|p1a: Regirock\n|-damage|p1a: Regirock|10/281 tox\n|move|p1a: Regirock|Earthquake|p2a: Corsola\n|-supereffective|p2a: Corsola\n|-damage|p2a: Corsola|115/280\n|\n|-heal|p1a: Regirock|27/281 tox|[from] item: Leftovers\n|-damage|p1a: Regirock|0 fnt|[from] psn\n|faint|p1a: Regirock\n|upkeep\n|\n|t:|1771026945\n|switch|p1a: Beartic|Beartic, L92, M|323/323\n|-damage|p1a: Beartic|243/323|[from] Stealth Rock\n|turn|42\n|\n|t:|1771026949\n|switch|p2a: Drapion|Drapion, L83, F|221/252\n|-damage|p2a: Drapion|190/252|[from] Stealth Rock\n|move|p1a: Beartic|Superpower|p2a: Drapion\n|-damage|p2a: Drapion|116/252\n|-unboost|p1a: Beartic|atk|1\n|-unboost|p1a: Beartic|def|1\n|\n|upkeep\n|turn|43\n|inactive|La.Hellhound has 90 seconds left.\n|\n|t:|1771026981\n|move|p2a: Drapion|Poison Jab|p1a: Beartic\n|-damage|p1a: Beartic|57/323\n|move|p1a: Beartic|Superpower|p2a: Drapion\n|-damage|p2a: Drapion|66/252\n|-unboost|p1a: Beartic|atk|1\n|-unboost|p1a: Beartic|def|1\n|\n|-sideend|p2: La.Hellhound|Reflect\n|upkeep\n|turn|44\n|\n|t:|1771026992\n|move|p2a: Drapion|Poison Jab|p1a: Beartic\n|-damage|p1a: Beartic|0 fnt\n|faint|p1a: Beartic\n|\n|win|La.Hellhound\n|raw|verdu7's rating: 1616 &rarr; <strong>1595</strong><br />(-21 for losing)\n|raw|La.Hellhound's rating: 1603 &rarr; <strong>1624</strong><br />(+21 for winning)\n", "inputlog": ">version ccdc32dd7cde25fd9e4bed64820e885f66e78a4e\n>start {\"formatid\":\"gen7randombattle\",\"seed\":\"sodium,1dd12af5dde608f68e2398e3d5c4dc80\",\"rated\":\"Rated battle\"}\n>player p1 {\"name\":\"verdu7\",\"avatar\":\"170\",\"rating\":1616,\"seed\":\"sodium,af298d8dc151ceeafb9a01d3e57a56a6\"}\n>player p2 {\"name\":\"La.Hellhound\",\"avatar\":\"bruno\",\"rating\":1603,\"seed\":\"sodium,6d6e76b5a1b2c800160b299c89822d89\"}\n>p1 move bulkup\n>p2 move psyshock\n>p1 switch 5\n>p1 move calmmind\n>p2 switch 3\n>p1 move calmmind\n>p2 move toxic\n>p1 move calmmind\n>p2 move recover\n>p1 move photongeyser\n>p2 switch 3\n>p1 move heatwave\n>p2 switch 6\n>p1 move heatwave\n>p2 move knockoff\n>p1 switch 3\n>p1 move aquajet\n>p2 switch 3\n>p1 switch 4\n>p2 move powergem\n>p1 move stealthrock\n>p2 switch 5\n>p1 move toxic\n>p2 move sleeppowder\n>p1 move toxic\n>p2 move quiverdance\n>p1 move toxic\n>p2 move hurricane\n>p1 move protect\n>p2 move quiverdance\n>p1 move seismictoss\n>p2 move sleeppowder\n>p1 move seismictoss\n>p2 move hurricane\n>p1 move seismictoss\n>p2 move hurricane\n>p1 move protect\n>p2 move sleeppowder\n>p1 move protect\n>p2 move hurricane\n>p2 switch 2\n>p1 move toxic\n>p2 move quiverdance\n>p1 move toxic\n>p2 move hiddenpower\n>p1 move toxic\n>p2 move hiddenpower\n>p1 move seismictoss\n>p2 move quiverdance\n>p1 move protect\n>p2 move gigadrain\n>p1 move seismictoss\n>p2 move hiddenpower\n>p1 switch 6\n>p1 move icebeam\n>p2 move strengthsap\n>p2 switch 4\n>p1 switch 2\n>p2 move reflect\n>p1 move toxic\n>p2 move stealthrock\n>p1 move earthquake\n>p2 move lightscreen\n>p1 move earthquake\n>p2 switch 5\n>p1 switch 2\n>p2 move toxic\n>p1 move trick\n>p2 move powergem\n>p1 move focusblast\n>p2 move powergem\n>p1 switch 2\n>p1 move drainpunch\n>p2 switch 6\n>p1 move stoneedge\n>p2 switch 5\n>p1 move earthquake\n>p2 move reflect\n>p2 switch 6\n>p1 move earthquake\n>p2 move toxic\n>p1 move stoneedge\n>p2 switch 5\n>p1 move stoneedge\n>p2 move healingwish\n>p2 switch 3\n>p1 move earthquake\n>p2 switch 5\n>p1 move earthquake\n>p2 move scald\n>p1 switch 4\n>p1 move superpower\n>p2 switch 5\n>p1 move superpower\n>p2 move poisonjab\n>p1 move superpower\n>p2 move poisonjab", "uploadtime": 1771026997, "views": 176, "formatid": "gen7randombattle", "rating": 1595, "private": 0, "password": null}