{"id": "gen7randombattle-2533913134", "format": "[Gen 7] Random Battle", "players": ["galamianogi", "ArchenWarrior"], "log": "|j|‽galamianogi\n|j|☆ArchenWarrior\n|t:|1770359109\n|gametype|singles\n|player|p1|galamianogi|gladion-stance|1760\n|player|p2|ArchenWarrior|proton|1813\n|gen|7\n|tier|[Gen 7] Random Battle\n|rated|\n|rule|Sleep Clause Mod: Limit one foe put to sleep\n|rule|HP Percentage Mod: HP is shown in percentages\n|rule|Illusion Level Mod: Illusion disguises the Pokémon's true level\n|\n|t:|1770359109\n|teamsize|p1|6\n|teamsize|p2|6\n|start\n|switch|p1a: Golduck|Golduck, L93, M|300/300\n|switch|p2a: Necrozma|Necrozma, L81|290/290\n|-ability|p1a: Golduck|Cloud Nine\n|turn|1\n|inactive|Battle timer is ON: inactive players will automatically lose when time's up. (requested by galamianogi)\n|\n|t:|1770359141\n|switch|p1a: Pyukumuku|Pyukumuku, L92, F|251/251\n|move|p2a: Necrozma|Stealth Rock|p1a: Pyukumuku\n|-sidestart|p1: galamianogi|move: Stealth Rock\n|\n|upkeep\n|turn|2\n|\n|t:|1770359166\n|switch|p2a: Oranguru|Oranguru, L93, F|318/318\n|move|p1a: Pyukumuku|Toxic|p2a: Oranguru\n|-status|p2a: Oranguru|tox\n|\n|-damage|p2a: Oranguru|299/318 tox|[from] psn\n|upkeep\n|turn|3\n|\n|t:|1770359183\n|switch|p1a: Golduck|Golduck, L93, M|300/300\n|-damage|p1a: Golduck|263/300|[from] Stealth Rock\n|-ability|p1a: Golduck|Cloud Nine\n|move|p2a: Oranguru|Thunderbolt|p1a: Golduck\n|-supereffective|p1a: Golduck\n|-damage|p1a: Golduck|43/300\n|\n|-damage|p2a: Oranguru|261/318 tox|[from] psn\n|upkeep\n|turn|4\n|inactive|ArchenWarrior has 120 seconds left.\n|\n|t:|1770359202\n|move|p1a: Golduck|Hydro Pump|p2a: Oranguru|[miss]\n|-miss|p1a: Golduck|p2a: Oranguru\n|move|p2a: Oranguru|Thunderbolt|p1a: Golduck\n|-supereffective|p1a: Golduck\n|-damage|p1a: Golduck|0 fnt\n|faint|p1a: Golduck\n|\n|-damage|p2a: Oranguru|204/318 tox|[from] psn\n|upkeep\n|\n|t:|1770359213\n|switch|p1a: Illumise|Illumise, L92, F|269/269\n|-damage|p1a: Illumise|202/269|[from] Stealth Rock\n|turn|5\n|inactive|ArchenWarrior has 120 seconds left.\n|\n|t:|1770359241\n|switch|p2a: Sandslash|Sandslash-Alola, L91, F|284/284\n|move|p1a: Illumise|Bug Buzz|p2a: Sandslash\n|-resisted|p2a: Sandslash\n|-damage|p2a: Sandslash|245/284\n|\n|-heal|p1a: Illumise|218/269|[from] item: Leftovers\n|upkeep\n|turn|6\n|\n|t:|1770359246\n|move|p1a: Illumise|Thunder Wave|p2a: Sandslash\n|-status|p2a: Sandslash|par\n|move|p2a: Sandslash|Knock Off|p1a: Illumise\n|-damage|p1a: Illumise|138/269\n|-enditem|p1a: Illumise|Leftovers|[from] move: Knock Off|[of] p2a: Sandslash\n|\n|upkeep\n|turn|7\n|\n|t:|1770359254\n|move|p1a: Illumise|Roost|p1a: Illumise\n|-heal|p1a: Illumise|269/269\n|-singleturn|p1a: Illumise|move: Roost\n|cant|p2a: Sandslash|par\n|\n|upkeep\n|turn|8\n|\n|t:|1770359260\n|move|p1a: Illumise|Encore|p2a: Sandslash\n|-start|p2a: Sandslash|Encore\n|move|p2a: Sandslash|Knock Off|p1a: Illumise\n|-damage|p1a: Illumise|211/269\n|\n|upkeep\n|turn|9\n|\n|t:|1770359276\n|switch|p2a: Dodrio|Dodrio, L82, M|233/233\n|move|p1a: Illumise|Bug Buzz|p2a: Dodrio\n|-resisted|p2a: Dodrio\n|-damage|p2a: Dodrio|176/233\n|\n|upkeep\n|turn|10\n|\n|t:|1770359282\n|move|p1a: Illumise|Thunder Wave|p2a: Dodrio\n|-status|p2a: Dodrio|par\n|move|p2a: Dodrio|Brave Bird|p1a: Illumise\n|-supereffective|p1a: Illumise\n|-damage|p1a: Illumise|0 fnt\n|faint|p1a: Illumise\n|-damage|p2a: Dodrio|106/233 par|[from] Recoil\n|-damage|p2a: Dodrio|83/233 par|[from] item: Life Orb\n|\n|upkeep\n|\n|t:|1770359293\n|switch|p1a: Kommo-o|Kommo-o, L74, F|233/233\n|-damage|p1a: Kommo-o|219/233|[from] Stealth Rock\n|turn|11\n|\n|t:|1770359298\n|-zpower|p1a: Kommo-o\n|move|p1a: Kommo-o|Clangorous Soulblaze|p2a: Dodrio|[zeffect]\n|-damage|p2a: Dodrio|0 fnt\n|faint|p2a: Dodrio\n|-boost|p1a: Kommo-o|atk|1\n|-boost|p1a: Kommo-o|def|1\n|-boost|p1a: Kommo-o|spa|1\n|-boost|p1a: Kommo-o|spd|1\n|-boost|p1a: Kommo-o|spe|1\n|\n|upkeep\n|\n|t:|1770359316\n|switch|p2a: Necrozma|Necrozma, L81|290/290\n|turn|12\n|\n|t:|1770359323\n|move|p1a: Kommo-o|Clanging Scales|p2a: Necrozma\n|-damage|p2a: Necrozma|154/290\n|-unboost|p1a: Kommo-o|def|1\n|move|p2a: Necrozma|Photon Geyser|p1a: Kommo-o\n|-supereffective|p1a: Kommo-o\n|-damage|p1a: Kommo-o|69/233\n|\n|-heal|p2a: Necrozma|172/290|[from] item: Leftovers\n|upkeep\n|turn|13\n|\n|t:|1770359332\n|move|p1a: Kommo-o|Clanging Scales|p2a: Necrozma\n|-damage|p2a: Necrozma|24/290\n|-unboost|p1a: Kommo-o|def|1\n|move|p2a: Necrozma|Photon Geyser|p1a: Kommo-o\n|-supereffective|p1a: Kommo-o\n|-damage|p1a: Kommo-o|0 fnt\n|faint|p1a: Kommo-o\n|\n|-heal|p2a: Necrozma|42/290|[from] item: Leftovers\n|upkeep\n|\n|t:|1770359336\n|switch|p1a: Volbeat|Volbeat, L91, M|266/266\n|-damage|p1a: Volbeat|200/266|[from] Stealth Rock\n|turn|14\n|\n|t:|1770359363\n|move|p1a: Volbeat|U-turn|p2a: Necrozma\n|-supereffective|p2a: Necrozma\n|-damage|p2a: Necrozma|0 fnt\n|faint|p2a: Necrozma\n|\n|t:|1770359367\n|switch|p1a: Pyukumuku|Pyukumuku, L92, F|251/251|[from] U-turn\n|-damage|p1a: Pyukumuku|220/251|[from] Stealth Rock\n|\n|-heal|p1a: Pyukumuku|235/251|[from] item: Leftovers\n|upkeep\n|inactive|ArchenWarrior has 120 seconds left.\n|\n|t:|1770359398\n|switch|p2a: Sandslash|Sandslash-Alola, L91, F|245/284 par\n|turn|15\n|\n|t:|1770359405\n|move|p2a: Sandslash|Knock Off|p1a: Pyukumuku\n|-damage|p1a: Pyukumuku|178/251\n|-enditem|p1a: Pyukumuku|Leftovers|[from] move: Knock Off|[of] p2a: Sandslash\n|move|p1a: Pyukumuku|Soak|p2a: Sandslash\n|-start|p2a: Sandslash|typechange|Water\n|\n|upkeep\n|turn|16\n|inactive|ArchenWarrior has 120 seconds left.\n|\n|t:|1770359416\n|switch|p2a: Klinklang|Klinklang, L87|246/246\n|move|p1a: Pyukumuku|Recover|p1a: Pyukumuku\n|-heal|p1a: Pyukumuku|251/251\n|\n|upkeep\n|turn|17\n|inactive|ArchenWarrior has 120 seconds left.\n|\n|t:|1770359433\n|switch|p1a: Volbeat|Volbeat, L91, M|200/266\n|-damage|p1a: Volbeat|134/266|[from] Stealth Rock\n|-zpower|p2a: Klinklang\n|move|p2a: Klinklang|Gigavolt Havoc|p1a: Volbeat|[zeffect]\n|-damage|p1a: Volbeat|4/266\n|\n|-heal|p1a: Volbeat|20/266|[from] item: Leftovers\n|upkeep\n|turn|18\n|\n|t:|1770359453\n|switch|p2a: Sandslash|Sandslash-Alola, L91, F|245/284 par\n|move|p1a: Volbeat|Roost|p1a: Volbeat\n|-heal|p1a: Volbeat|153/266\n|-singleturn|p1a: Volbeat|move: Roost\n|\n|-heal|p1a: Volbeat|169/266|[from] item: Leftovers\n|upkeep\n|turn|19\n|\n|t:|1770359461\n|move|p1a: Volbeat|Roost|p1a: Volbeat\n|-heal|p1a: Volbeat|266/266\n|-singleturn|p1a: Volbeat|move: Roost\n|move|p2a: Sandslash|Knock Off|p1a: Volbeat\n|-damage|p1a: Volbeat|175/266\n|-enditem|p1a: Volbeat|Leftovers|[from] move: Knock Off|[of] p2a: Sandslash\n|\n|upkeep\n|turn|20\n|\n|t:|1770359473\n|move|p1a: Volbeat|Roost|p1a: Volbeat\n|-heal|p1a: Volbeat|266/266\n|-singleturn|p1a: Volbeat|move: Roost\n|move|p2a: Sandslash|Iron Head|p1a: Volbeat\n|-damage|p1a: Volbeat|161/266\n|\n|upkeep\n|turn|21\n|\n|t:|1770359484\n|move|p1a: Volbeat|Encore|p2a: Sandslash\n|-start|p2a: Sandslash|Encore\n|cant|p2a: Sandslash|par\n|\n|upkeep\n|turn|22\n|\n|t:|1770359488\n|move|p1a: Volbeat|U-turn|p2a: Sandslash\n|-resisted|p2a: Sandslash\n|-damage|p2a: Sandslash|220/284 par\n|\n|t:|1770359490\n|switch|p1a: Pyukumuku|Pyukumuku, L92, F|251/251|[from] U-turn\n|-damage|p1a: Pyukumuku|220/251|[from] Stealth Rock\n|move|p2a: Sandslash|Iron Head|p1a: Pyukumuku\n|-resisted|p1a: Pyukumuku\n|-damage|p1a: Pyukumuku|186/251\n|\n|upkeep\n|turn|23\n|\n|t:|1770359497\n|move|p2a: Sandslash|Iron Head|p1a: Pyukumuku\n|-resisted|p1a: Pyukumuku\n|-damage|p1a: Pyukumuku|150/251\n|move|p1a: Pyukumuku|Block|p2a: Sandslash\n|-activate|p2a: Sandslash|trapped\n|\n|-end|p2a: Sandslash|Encore\n|upkeep\n|turn|24\n|\n|t:|1770359507\n|move|p2a: Sandslash|Icicle Crash|p1a: Pyukumuku\n|-resisted|p1a: Pyukumuku\n|-damage|p1a: Pyukumuku|111/251\n|move|p1a: Pyukumuku|Recover|p1a: Pyukumuku\n|-heal|p1a: Pyukumuku|237/251\n|\n|upkeep\n|turn|25\n|\n|t:|1770359517\n|move|p2a: Sandslash|Knock Off|p1a: Pyukumuku\n|-damage|p1a: Pyukumuku|200/251\n|move|p1a: Pyukumuku|Soak|p2a: Sandslash\n|-start|p2a: Sandslash|typechange|Water\n|\n|upkeep\n|turn|26\n|\n|t:|1770359526\n|cant|p2a: Sandslash|par\n|move|p1a: Pyukumuku|Soak|p2a: Sandslash\n|-fail|p2a: Sandslash\n|\n|upkeep\n|turn|27\n|\n|t:|1770359540\n|cant|p2a: Sandslash|par\n|move|p1a: Pyukumuku|Recover|p1a: Pyukumuku\n|-heal|p1a: Pyukumuku|251/251\n|\n|upkeep\n|turn|28\n|\n|t:|1770359551\n|switch|p1a: Volbeat|Volbeat, L91, M|161/266\n|-damage|p1a: Volbeat|95/266|[from] Stealth Rock\n|cant|p2a: Sandslash|par\n|\n|upkeep\n|turn|29\n|\n|t:|1770359558\n|switch|p2a: Hawlucha|Hawlucha, L78, M|249/249\n|move|p1a: Volbeat|Roost|p1a: Volbeat\n|-heal|p1a: Volbeat|228/266\n|-singleturn|p1a: Volbeat|move: Roost\n|\n|upkeep\n|turn|30\n|\n|t:|1770359581\n|move|p1a: Volbeat|Thunder Wave|p2a: Hawlucha\n|-status|p2a: Hawlucha|par\n|move|p2a: Hawlucha|Sky Attack||[still]\n|-prepare|p2a: Hawlucha|Sky Attack\n|-enditem|p2a: Hawlucha|Power Herb\n|-anim|p2a: Hawlucha|Sky Attack|p1a: Volbeat\n|-supereffective|p1a: Volbeat\n|-damage|p1a: Volbeat|0 fnt\n|faint|p1a: Volbeat\n|\n|upkeep\n|\n|t:|1770359600\n|switch|p1a: Pyukumuku|Pyukumuku, L92, F|251/251\n|-damage|p1a: Pyukumuku|220/251|[from] Stealth Rock\n|turn|31\n|\n|t:|1770359610\n|move|p2a: Hawlucha|Acrobatics|p1a: Pyukumuku\n|-damage|p1a: Pyukumuku|150/251\n|move|p1a: Pyukumuku|Soak|p2a: Hawlucha\n|-start|p2a: Hawlucha|typechange|Water\n|\n|upkeep\n|turn|32\n|\n|t:|1770359615\n|cant|p2a: Hawlucha|par\n|move|p1a: Pyukumuku|Recover|p1a: Pyukumuku\n|-heal|p1a: Pyukumuku|251/251\n|\n|upkeep\n|turn|33\n|\n|t:|1770359624\n|move|p2a: Hawlucha|Swords Dance|p2a: Hawlucha\n|-boost|p2a: Hawlucha|atk|2\n|move|p1a: Pyukumuku|Block|p2a: Hawlucha\n|-activate|p2a: Hawlucha|trapped\n|\n|upkeep\n|turn|34\n|\n|t:|1770359630\n|move|p2a: Hawlucha|Swords Dance|p2a: Hawlucha\n|-boost|p2a: Hawlucha|atk|2\n|move|p1a: Pyukumuku|Soak|p2a: Hawlucha\n|-fail|p2a: Hawlucha\n|\n|upkeep\n|turn|35\n|\n|t:|1770359639\n|move|p2a: Hawlucha|Swords Dance|p2a: Hawlucha\n|-boost|p2a: Hawlucha|atk|2\n|move|p1a: Pyukumuku|Soak|p2a: Hawlucha\n|-fail|p2a: Hawlucha\n|\n|upkeep\n|turn|36\n|\n|t:|1770359643\n|move|p2a: Hawlucha|Sky Attack||[still]\n|-prepare|p2a: Hawlucha|Sky Attack\n|move|p1a: Pyukumuku|Toxic||[still]\n|-fail|p1a: Pyukumuku\n|\n|upkeep\n|turn|37\n|\n|t:|1770359646\n|move|p2a: Hawlucha|Sky Attack|p1a: Pyukumuku|[from] lockedmove\n|-damage|p1a: Pyukumuku|196/251\n|move|p1a: Pyukumuku|Recover|p1a: Pyukumuku\n|-heal|p1a: Pyukumuku|251/251\n|\n|upkeep\n|turn|38\n|\n|t:|1770359651\n|move|p2a: Hawlucha|Sky Attack||[still]\n|-prepare|p2a: Hawlucha|Sky Attack\n|move|p1a: Pyukumuku|Soak|p2a: Hawlucha\n|-fail|p2a: Hawlucha\n|\n|upkeep\n|turn|39\n|\n|t:|1770359661\n|cant|p2a: Hawlucha|par\n|move|p1a: Pyukumuku|Soak|p2a: Hawlucha\n|-fail|p2a: Hawlucha\n|\n|upkeep\n|turn|40\n|\n|t:|1770359665\n|move|p2a: Hawlucha|Sky Attack||[still]\n|-prepare|p2a: Hawlucha|Sky Attack\n|move|p1a: Pyukumuku|Soak|p2a: Hawlucha\n|-fail|p2a: Hawlucha\n|\n|upkeep\n|turn|41\n|\n|t:|1770359669\n|move|p2a: Hawlucha|Sky Attack|p1a: Pyukumuku|[from] lockedmove\n|-crit|p1a: Pyukumuku\n|-damage|p1a: Pyukumuku|172/251\n|move|p1a: Pyukumuku|Soak|p2a: Hawlucha\n|-fail|p2a: Hawlucha\n|\n|upkeep\n|turn|42\n|\n|t:|1770359677\n|move|p2a: Hawlucha|Sky Attack||[still]\n|-prepare|p2a: Hawlucha|Sky Attack\n|move|p1a: Pyukumuku|Recover|p1a: Pyukumuku\n|-heal|p1a: Pyukumuku|251/251\n|\n|upkeep\n|turn|43\n|\n|t:|1770359680\n|move|p2a: Hawlucha|Sky Attack|p1a: Pyukumuku|[from] lockedmove|[miss]\n|-miss|p2a: Hawlucha|p1a: Pyukumuku\n|move|p1a: Pyukumuku|Soak|p2a: Hawlucha\n|-fail|p2a: Hawlucha\n|\n|upkeep\n|turn|44\n|\n|t:|1770359696\n|move|p2a: Hawlucha|Acrobatics|p1a: Pyukumuku\n|-damage|p1a: Pyukumuku|208/251\n|move|p1a: Pyukumuku|Toxic||[still]\n|-fail|p1a: Pyukumuku\n|\n|upkeep\n|turn|45\n|\n|t:|1770359702\n|move|p2a: Hawlucha|Acrobatics|p1a: Pyukumuku\n|-damage|p1a: Pyukumuku|165/251\n|move|p1a: Pyukumuku|Toxic||[still]\n|-fail|p1a: Pyukumuku\n|\n|upkeep\n|turn|46\n|\n|t:|1770359711\n|cant|p2a: Hawlucha|par\n|move|p1a: Pyukumuku|Recover|p1a: Pyukumuku\n|-heal|p1a: Pyukumuku|251/251\n|\n|upkeep\n|turn|47\n|\n|t:|1770359714\n|move|p2a: Hawlucha|Acrobatics|p1a: Pyukumuku\n|-damage|p1a: Pyukumuku|207/251\n|move|p1a: Pyukumuku|Toxic||[still]\n|-fail|p1a: Pyukumuku\n|\n|upkeep\n|turn|48\n|\n|t:|1770359718\n|move|p2a: Hawlucha|Acrobatics|p1a: Pyukumuku\n|-crit|p1a: Pyukumuku\n|-damage|p1a: Pyukumuku|139/251\n|move|p1a: Pyukumuku|Toxic||[still]\n|-fail|p1a: Pyukumuku\n|\n|upkeep\n|turn|49\n|\n|t:|1770359721\n|move|p2a: Hawlucha|Acrobatics|p1a: Pyukumuku\n|-damage|p1a: Pyukumuku|96/251\n|move|p1a: Pyukumuku|Recover|p1a: Pyukumuku\n|-heal|p1a: Pyukumuku|222/251\n|\n|upkeep\n|turn|50\n|\n|t:|1770359725\n|move|p2a: Hawlucha|Acrobatics|p1a: Pyukumuku\n|-damage|p1a: Pyukumuku|179/251\n|move|p1a: Pyukumuku|Soak|p2a: Hawlucha\n|-fail|p2a: Hawlucha\n|\n|upkeep\n|turn|51\n|\n|t:|1770359728\n|move|p2a: Hawlucha|Acrobatics|p1a: Pyukumuku\n|-damage|p1a: Pyukumuku|133/251\n|move|p1a: Pyukumuku|Toxic||[still]\n|-fail|p1a: Pyukumuku\n|\n|upkeep\n|turn|52\n|\n|t:|1770359730\n|move|p2a: Hawlucha|Acrobatics|p1a: Pyukumuku\n|-damage|p1a: Pyukumuku|92/251\n|move|p1a: Pyukumuku|Recover|p1a: Pyukumuku\n|-heal|p1a: Pyukumuku|218/251\n|\n|upkeep\n|turn|53\n|\n|t:|1770359733\n|move|p2a: Hawlucha|Acrobatics|p1a: Pyukumuku\n|-damage|p1a: Pyukumuku|176/251\n|move|p1a: Pyukumuku|Toxic||[still]\n|-fail|p1a: Pyukumuku\n|\n|upkeep\n|turn|54\n|\n|t:|1770359735\n|move|p2a: Hawlucha|Acrobatics|p1a: Pyukumuku\n|-damage|p1a: Pyukumuku|135/251\n|move|p1a: Pyukumuku|Toxic||[still]\n|-fail|p1a: Pyukumuku\n|\n|upkeep\n|turn|55\n|\n|t:|1770359738\n|move|p2a: Hawlucha|Acrobatics|p1a: Pyukumuku\n|-damage|p1a: Pyukumuku|95/251\n|move|p1a: Pyukumuku|Soak|p2a: Hawlucha\n|-fail|p2a: Hawlucha\n|\n|upkeep\n|turn|56\n|\n|t:|1770359744\n|move|p2a: Hawlucha|Sky Attack||[still]\n|-prepare|p2a: Hawlucha|Sky Attack\n|move|p1a: Pyukumuku|Recover|p1a: Pyukumuku\n|-heal|p1a: Pyukumuku|221/251\n|\n|upkeep\n|turn|57\n|\n|t:|1770359747\n|move|p2a: Hawlucha|Sky Attack|p1a: Pyukumuku|[from] lockedmove\n|-damage|p1a: Pyukumuku|160/251\n|cant|p1a: Pyukumuku|flinch\n|\n|upkeep\n|turn|58\n|\n|t:|1770359755\n|move|p2a: Hawlucha|Sky Attack||[still]\n|-prepare|p2a: Hawlucha|Sky Attack\n|move|p1a: Pyukumuku|Soak|p2a: Hawlucha\n|-fail|p2a: Hawlucha\n|\n|upkeep\n|turn|59\n|\n|t:|1770359760\n|move|p2a: Hawlucha|Sky Attack|p1a: Pyukumuku|[from] lockedmove\n|-damage|p1a: Pyukumuku|103/251\n|cant|p1a: Pyukumuku|flinch\n|\n|upkeep\n|turn|60\n|\n|t:|1770359768\n|move|p2a: Hawlucha|Acrobatics|p1a: Pyukumuku\n|-damage|p1a: Pyukumuku|58/251\n|move|p1a: Pyukumuku|Recover|p1a: Pyukumuku\n|-heal|p1a: Pyukumuku|184/251\n|\n|upkeep\n|turn|61\n|\n|t:|1770359774\n|cant|p2a: Hawlucha|par\n|move|p1a: Pyukumuku|Toxic||[still]\n|-fail|p1a: Pyukumuku\n|\n|upkeep\n|turn|62\n|\n|t:|1770359779\n|move|p2a: Hawlucha|Sky Attack||[still]\n|-prepare|p2a: Hawlucha|Sky Attack\n|move|p1a: Pyukumuku|Toxic||[still]\n|-fail|p1a: Pyukumuku\n|\n|upkeep\n|turn|63\n|\n|t:|1770359785\n|cant|p2a: Hawlucha|par\n|move|p1a: Pyukumuku|Recover|p1a: Pyukumuku\n|-heal|p1a: Pyukumuku|251/251\n|\n|upkeep\n|turn|64\n|\n|t:|1770359790\n|cant|p2a: Hawlucha|par\n|move|p1a: Pyukumuku|Soak|p2a: Hawlucha\n|-fail|p2a: Hawlucha\n|\n|upkeep\n|turn|65\n|\n|t:|1770359794\n|move|p2a: Hawlucha|Acrobatics|p1a: Pyukumuku\n|-damage|p1a: Pyukumuku|210/251\n|move|p1a: Pyukumuku|Toxic||[still]\n|-fail|p1a: Pyukumuku\n|\n|upkeep\n|turn|66\n|\n|t:|1770359799\n|move|p2a: Hawlucha|Acrobatics|p1a: Pyukumuku\n|-damage|p1a: Pyukumuku|165/251\n|move|p1a: Pyukumuku|Toxic||[still]\n|-fail|p1a: Pyukumuku\n|\n|upkeep\n|turn|67\n|\n|t:|1770359805\n|move|p2a: Hawlucha|Acrobatics|p1a: Pyukumuku\n|-damage|p1a: Pyukumuku|120/251\n|move|p1a: Pyukumuku|Toxic||[still]\n|-fail|p1a: Pyukumuku\n|\n|upkeep\n|turn|68\n|\n|t:|1770359811\n|move|p2a: Hawlucha|High Jump Kick|p1a: Pyukumuku\n|-damage|p1a: Pyukumuku|66/251\n|move|p1a: Pyukumuku|Recover|p1a: Pyukumuku\n|-heal|p1a: Pyukumuku|192/251\n|\n|upkeep\n|turn|69\n|\n|t:|1770359816\n|move|p2a: Hawlucha|Acrobatics|p1a: Pyukumuku\n|-damage|p1a: Pyukumuku|150/251\n|move|p1a: Pyukumuku|Soak|p2a: Hawlucha\n|-fail|p2a: Hawlucha\n|\n|upkeep\n|turn|70\n|\n|t:|1770359822\n|move|p2a: Hawlucha|Acrobatics|p1a: Pyukumuku\n|-damage|p1a: Pyukumuku|103/251\n|move|p1a: Pyukumuku|Toxic||[still]\n|-fail|p1a: Pyukumuku\n|\n|upkeep\n|turn|71\n|\n|t:|1770359827\n|move|p2a: Hawlucha|Acrobatics|p1a: Pyukumuku\n|-damage|p1a: Pyukumuku|61/251\n|move|p1a: Pyukumuku|Recover|p1a: Pyukumuku\n|-heal|p1a: Pyukumuku|187/251\n|\n|upkeep\n|turn|72\n|\n|t:|1770359831\n|move|p2a: Hawlucha|Acrobatics|p1a: Pyukumuku\n|-damage|p1a: Pyukumuku|144/251\n|move|p1a: Pyukumuku|Soak|p2a: Hawlucha\n|-fail|p2a: Hawlucha\n|\n|upkeep\n|turn|73\n|\n|t:|1770359835\n|move|p2a: Hawlucha|High Jump Kick|p1a: Pyukumuku|[miss]\n|-miss|p2a: Hawlucha|p1a: Pyukumuku\n|-damage|p2a: Hawlucha|125/249 par|[from] highjumpkick\n|move|p1a: Pyukumuku|Recover|p1a: Pyukumuku\n|-heal|p1a: Pyukumuku|251/251\n|\n|upkeep\n|turn|74\n|\n|t:|1770359841\n|move|p2a: Hawlucha|Acrobatics|p1a: Pyukumuku\n|-damage|p1a: Pyukumuku|211/251\n|move|p1a: Pyukumuku|Soak|p2a: Hawlucha\n|-fail|p2a: Hawlucha\n|\n|upkeep\n|turn|75\n|\n|t:|1770359844\n|move|p2a: Hawlucha|Acrobatics|p1a: Pyukumuku\n|-damage|p1a: Pyukumuku|168/251\n|move|p1a: Pyukumuku|Toxic||[still]\n|-fail|p1a: Pyukumuku\n|\n|upkeep\n|turn|76\n|\n|t:|1770359847\n|move|p2a: Hawlucha|High Jump Kick|p1a: Pyukumuku\n|-damage|p1a: Pyukumuku|114/251\n|move|p1a: Pyukumuku|Soak|p2a: Hawlucha\n|-fail|p2a: Hawlucha\n|\n|upkeep\n|turn|77\n|\n|t:|1770359854\n|move|p2a: Hawlucha|High Jump Kick|p1a: Pyukumuku\n|-damage|p1a: Pyukumuku|60/251\n|move|p1a: Pyukumuku|Recover|p1a: Pyukumuku\n|-heal|p1a: Pyukumuku|186/251\n|\n|upkeep\n|turn|78\n|\n|t:|1770359860\n|move|p2a: Hawlucha|High Jump Kick|p1a: Pyukumuku\n|-damage|p1a: Pyukumuku|133/251\n|move|p1a: Pyukumuku|Soak|p2a: Hawlucha\n|-fail|p2a: Hawlucha\n|\n|upkeep\n|turn|79\n|\n|t:|1770359870\n|move|p2a: Hawlucha|High Jump Kick|p1a: Pyukumuku\n|-damage|p1a: Pyukumuku|77/251\n|move|p1a: Pyukumuku|Soak|p2a: Hawlucha\n|-fail|p2a: Hawlucha\n|\n|upkeep\n|turn|80\n|\n|t:|1770359876\n|move|p2a: Hawlucha|High Jump Kick|p1a: Pyukumuku\n|-damage|p1a: Pyukumuku|24/251\n|move|p1a: Pyukumuku|Soak|p2a: Hawlucha\n|-fail|p2a: Hawlucha\n|\n|upkeep\n|turn|81\n|\n|t:|1770359886\n|move|p2a: Hawlucha|Acrobatics|p1a: Pyukumuku\n|-damage|p1a: Pyukumuku|0 fnt\n|faint|p1a: Pyukumuku\n|\n|upkeep\n|\n|t:|1770359888\n|switch|p1a: Slurpuff|Slurpuff, L79, F|258/258\n|-damage|p1a: Slurpuff|226/258|[from] Stealth Rock\n|turn|82\n|\n|t:|1770359893\n|move|p2a: Hawlucha|Acrobatics|p1a: Slurpuff\n|-damage|p1a: Slurpuff|0 fnt\n|faint|p1a: Slurpuff\n|\n|win|ArchenWarrior\n|raw|galamianogi's rating: 1760 &rarr; <strong>1743</strong><br />(-17 for losing)\n|raw|ArchenWarrior's rating: 1813 &rarr; <strong>1830</strong><br />(+17 for winning)\n|l|‽galamianogi\n|player|p1|\n|c|☆ArchenWarrior|gg\n", "inputlog": ">version ccdc32dd7cde25fd9e4bed64820e885f66e78a4e\n>start {\"formatid\":\"gen7randombattle\",\"seed\":\"sodium,14d3901690fc52485e5b2d98f4d462ce\",\"rated\":\"Rated battle\"}\n>player p1 {\"name\":\"galamianogi\",\"avatar\":\"gladion-stance\",\"rating\":1760,\"seed\":\"sodium,167570af7d69497cbdee720b7127fb75\"}\n>player p2 {\"name\":\"ArchenWarrior\",\"avatar\":\"proton\",\"rating\":1813,\"seed\":\"sodium,6160911cf0939cfe571c619466468150\"}\n>p1 switch 5\n>p2 move stealthrock\n>p1 move toxic\n>p2 switch 3\n>p1 switch 5\n>p2 move thunderbolt\n>p1 move hydropump\n>p2 move thunderbolt\n>p1 switch 2\n>p1 move bugbuzz\n>p2 switch 5\n>p1 move thunderwave\n>p2 move knockoff\n>p1 move roost\n>p2 move ironhead\n>p1 move encore\n>p2 move knockoff\n>p1 move bugbuzz\n>p2 switch 4\n>p1 move thunderwave\n>p2 move bravebird\n>p1 switch 3\n>p1 move clangingscales zmove\n>p2 move bravebird\n>p2 switch 3\n>p1 move clangingscales\n>p2 move photongeyser\n>p1 move clangingscales\n>p2 move photongeyser\n>p1 switch 6\n>p1 move uturn\n>p2 move heatwave\n>p1 switch 5\n>p2 switch 4\n>p1 move soak\n>p2 move knockoff\n>p1 move recover\n>p2 switch 6\n>p1 switch 5\n>p2 move wildcharge zmove\n>p1 move roost\n>p2 switch 6\n>p1 move roost\n>p2 move knockoff\n>p1 move roost\n>p2 move ironhead\n>p1 move encore\n>p2 move ironhead\n>p1 move uturn\n>p2 move ironhead\n>p1 switch 5\n>p1 move block\n>p2 move ironhead\n>p1 move recover\n>p2 move iciclecrash\n>p1 move soak\n>p2 move knockoff\n>p1 move soak\n>p2 move knockoff\n>p1 move recover\n>p2 move knockoff\n>p1 switch 5\n>p2 move knockoff\n>p1 move roost\n>p2 switch 2\n>p1 move thunderwave\n>p2 move skyattack\n>p1 switch 5\n>p1 move soak\n>p2 move acrobatics\n>p1 move recover\n>p2 move swordsdance\n>p1 move block\n>p2 move swordsdance\n>p1 move soak\n>p2 move swordsdance\n>p1 move soak\n>p2 move swordsdance\n>p1 move toxic\n>p2 move skyattack\n>p1 move recover\n>p2 move skyattack\n>p1 move soak\n>p2 move skyattack\n>p1 move soak\n>p2 move skyattack\n>p1 move soak\n>p2 move skyattack\n>p1 move soak\n>p2 move skyattack\n>p1 move recover\n>p2 move skyattack\n>p1 move soak\n>p2 move skyattack\n>p1 move toxic\n>p2 move acrobatics\n>p1 move toxic\n>p2 move acrobatics\n>p1 move recover\n>p2 move acrobatics\n>p1 move toxic\n>p2 move acrobatics\n>p1 move toxic\n>p2 move acrobatics\n>p1 move recover\n>p2 move acrobatics\n>p1 move soak\n>p2 move acrobatics\n>p1 move toxic\n>p2 move acrobatics\n>p1 move recover\n>p2 move acrobatics\n>p1 move toxic\n>p2 move acrobatics\n>p1 move toxic\n>p2 move acrobatics\n>p1 move soak\n>p2 move acrobatics\n>p1 move recover\n>p2 move skyattack\n>p1 move toxic\n>p2 move skyattack\n>p1 move soak\n>p2 move skyattack\n>p1 move recover\n>p2 move skyattack\n>p1 move recover\n>p2 move acrobatics\n>p1 move toxic\n>p2 move skyattack\n>p1 move toxic\n>p2 move skyattack\n>p1 move recover\n>p2 move skyattack\n>p1 move soak\n>p2 move acrobatics\n>p1 move toxic\n>p2 move acrobatics\n>p1 move toxic\n>p2 move acrobatics\n>p1 move toxic\n>p2 move acrobatics\n>p1 move recover\n>p2 move highjumpkick\n>p1 move soak\n>p2 move acrobatics\n>p1 move toxic\n>p2 move acrobatics\n>p1 move recover\n>p2 move acrobatics\n>p1 move soak\n>p2 move acrobatics\n>p1 move recover\n>p2 move highjumpkick\n>p1 move soak\n>p2 move acrobatics\n>p1 move toxic\n>p2 move acrobatics\n>p1 move soak\n>p2 move highjumpkick\n>p1 move recover\n>p2 move highjumpkick\n>p1 move soak\n>p2 move highjumpkick\n>p1 move soak\n>p2 move highjumpkick\n>p1 move soak\n>p2 move highjumpkick\n>p1 move soak\n>p2 move acrobatics\n>p1 switch 4\n>p1 move bellydrum\n>p2 move acrobatics", "uploadtime": 1770359928, "views": 204, "formatid": "gen7randombattle", "rating": 1743, "private": 0, "password": null}