{"id": "gen7randombattle-2528543902", "format": "[Gen 7] Random Battle", "players": ["MimikyuTrainerAsh", "Bin2409"], "log": "|j|☆MimikyuTrainerAsh\n|j|☆Bin2409\n|t:|1769674129\n|gametype|singles\n|player|p1|MimikyuTrainerAsh|pokekid|1675\n|player|p2|Bin2409|lucas-gen4pt|1889\n|gen|7\n|tier|[Gen 7] Random Battle\n|rated|\n|rule|Sleep Clause Mod: Limit one foe put to sleep\n|rule|HP Percentage Mod: HP is shown in percentages\n|rule|Illusion Level Mod: Illusion disguises the Pokémon's true level\n|\n|t:|1769674129\n|teamsize|p1|6\n|teamsize|p2|6\n|start\n|switch|p1a: Conkeldurr|Conkeldurr, L81, F|303/303\n|switch|p2a: Ariados|Ariados, L92, F|278/278\n|turn|1\n|inactive|Battle timer is ON: inactive players will automatically lose when time's up. (requested by MimikyuTrainerAsh)\n|c|☆MimikyuTrainerAsh|well im glad my team is already slow\n|\n|t:|1769674152\n|move|p2a: Ariados|Poison Jab|p1a: Conkeldurr\n|-damage|p1a: Conkeldurr|203/303\n|-status|p1a: Conkeldurr|psn\n|move|p1a: Conkeldurr|Knock Off|p2a: Ariados\n|-damage|p2a: Ariados|137/278\n|-enditem|p2a: Ariados|Focus Sash|[from] move: Knock Off|[of] p1a: Conkeldurr\n|\n|-damage|p1a: Conkeldurr|166/303 psn|[from] psn\n|upkeep\n|turn|2\n|\n|t:|1769674160\n|move|p2a: Ariados|Sticky Web|p1a: Conkeldurr\n|-sidestart|p1: MimikyuTrainerAsh|move: Sticky Web\n|move|p1a: Conkeldurr|Facade|p2a: Ariados\n|-damage|p2a: Ariados|0 fnt\n|faint|p2a: Ariados\n|\n|-damage|p1a: Conkeldurr|129/303 psn|[from] psn\n|upkeep\n|\n|t:|1769674172\n|switch|p2a: Gardevoir|Gardevoir, L83, M|249/249\n|-ability|p2a: Gardevoir|Guts|Trace|[from] ability: Trace|[of] p1a: Conkeldurr\n|turn|3\n|\n|t:|1769674185\n|move|p2a: Gardevoir|Moonblast|p1a: Conkeldurr\n|-supereffective|p1a: Conkeldurr\n|-damage|p1a: Conkeldurr|0 fnt\n|faint|p1a: Conkeldurr\n|-damage|p2a: Gardevoir|225/249|[from] item: Life Orb\n|\n|upkeep\n|\n|t:|1769674189\n|switch|p1a: Talonflame|Talonflame, L82, F|261/261\n|turn|4\n|\n|t:|1769674201\n|move|p1a: Talonflame|Swords Dance|p1a: Talonflame\n|-boost|p1a: Talonflame|atk|2\n|move|p2a: Gardevoir|Psychic|p1a: Talonflame\n|-damage|p1a: Talonflame|62/261\n|-damage|p2a: Gardevoir|201/249|[from] item: Life Orb\n|\n|upkeep\n|turn|5\n|\n|t:|1769674208\n|switch|p2a: Rhydon|Rhydon, L85, M|317/317\n|-zpower|p1a: Talonflame\n|move|p1a: Talonflame|Supersonic Skystrike|p2a: Rhydon|[zeffect]\n|-resisted|p2a: Rhydon\n|-damage|p2a: Rhydon|230/317\n|\n|upkeep\n|turn|6\n|\n|t:|1769674217\n|switch|p1a: Ursaring|Ursaring, L85, F|292/292\n|-activate|p1a: Ursaring|move: Sticky Web\n|-unboost|p1a: Ursaring|spe|1\n|move|p2a: Rhydon|Swords Dance|p2a: Rhydon\n|-boost|p2a: Rhydon|atk|2\n|\n|-status|p1a: Ursaring|tox|[from] item: Toxic Orb\n|upkeep\n|turn|7\n|\n|t:|1769674226\n|move|p1a: Ursaring|Swords Dance|p1a: Ursaring\n|-boost|p1a: Ursaring|atk|2\n|move|p2a: Rhydon|Earthquake|p1a: Ursaring\n|-damage|p1a: Ursaring|0 fnt\n|faint|p1a: Ursaring\n|\n|upkeep\n|c|☆MimikyuTrainerAsh|great\n|\n|t:|1769674237\n|switch|p1a: Meganium|Meganium, L92, M|297/297\n|-activate|p1a: Meganium|move: Sticky Web\n|-unboost|p1a: Meganium|spe|1\n|turn|8\n|\n|t:|1769674248\n|switch|p2a: Dusknoir|Dusknoir, L89, M|225/225\n|-item|p1a: Meganium|Leftovers|[from] ability: Frisk|[of] p2a: Dusknoir\n|move|p1a: Meganium|Energy Ball|p2a: Dusknoir\n|-damage|p2a: Dusknoir|155/225\n|\n|-heal|p2a: Dusknoir|169/225|[from] item: Leftovers\n|upkeep\n|turn|9\n|c|☆MimikyuTrainerAsh|there’s nothing i can do\n|\n|t:|1769674259\n|move|p1a: Meganium|Toxic|p2a: Dusknoir\n|-status|p2a: Dusknoir|tox\n|move|p2a: Dusknoir|Toxic|p1a: Meganium\n|-status|p1a: Meganium|tox\n|\n|-heal|p2a: Dusknoir|183/225 tox|[from] item: Leftovers\n|-damage|p1a: Meganium|279/297 tox|[from] psn\n|-damage|p2a: Dusknoir|169/225 tox|[from] psn\n|upkeep\n|turn|10\n|\n|t:|1769674269\n|switch|p1a: Granbull|Granbull, L89, M|305/305\n|-activate|p1a: Granbull|move: Sticky Web\n|-unboost|p1a: Granbull|spe|1\n|-ability|p1a: Granbull|Intimidate|boost\n|-unboost|p2a: Dusknoir|atk|1\n|move|p2a: Dusknoir|Ice Punch|p1a: Granbull\n|-damage|p1a: Granbull|264/305\n|\n|-heal|p2a: Dusknoir|183/225 tox|[from] item: Leftovers\n|-heal|p1a: Granbull|283/305|[from] item: Leftovers\n|-damage|p2a: Dusknoir|155/225 tox|[from] psn\n|upkeep\n|turn|11\n|\n|t:|1769674278\n|switch|p2a: Gardevoir|Gardevoir, L83, M|201/249\n|-ability|p2a: Gardevoir|Intimidate|Trace|[from] ability: Trace|[of] p1a: Granbull\n|-ability|p2a: Gardevoir|Intimidate|boost\n|-unboost|p1a: Granbull|atk|1\n|move|p1a: Granbull|Heal Bell|p1a: Granbull\n|-activate|p1a: Granbull|move: Heal Bell\n|-curestatus|p1: Meganium|tox|[msg]\n|\n|-heal|p1a: Granbull|302/305|[from] item: Leftovers\n|upkeep\n|turn|12\n|\n|t:|1769674287\n|move|p2a: Gardevoir|Moonblast|p1a: Granbull\n|-damage|p1a: Granbull|111/305\n|-unboost|p1a: Granbull|spa|1\n|-damage|p2a: Gardevoir|177/249|[from] item: Life Orb\n|move|p1a: Granbull|Thunder Wave|p2a: Gardevoir\n|-status|p2a: Gardevoir|par\n|\n|-heal|p1a: Granbull|130/305|[from] item: Leftovers\n|upkeep\n|turn|13\n|\n|t:|1769674297\n|move|p2a: Gardevoir|Psychic|p1a: Granbull\n|-damage|p1a: Granbull|0 fnt\n|faint|p1a: Granbull\n|-damage|p2a: Gardevoir|153/249 par|[from] item: Life Orb\n|\n|upkeep\n|\n|t:|1769674301\n|switch|p1a: Raikou|Raikou, L81|278/278\n|-activate|p1a: Raikou|move: Sticky Web\n|-unboost|p1a: Raikou|spe|1\n|-ability|p1a: Raikou|Pressure\n|turn|14\n|\n|t:|1769674309\n|move|p1a: Raikou|Calm Mind|p1a: Raikou\n|-boost|p1a: Raikou|spa|1\n|-boost|p1a: Raikou|spd|1\n|cant|p2a: Gardevoir|par\n|\n|upkeep\n|turn|15\n|\n|t:|1769674316\n|move|p1a: Raikou|Substitute|p1a: Raikou\n|-start|p1a: Raikou|Substitute\n|-damage|p1a: Raikou|209/278\n|move|p2a: Gardevoir|Moonblast|p1a: Raikou\n|-end|p1a: Raikou|Substitute\n|-damage|p2a: Gardevoir|129/249 par|[from] item: Life Orb\n|\n|-heal|p1a: Raikou|226/278|[from] item: Leftovers\n|upkeep\n|turn|16\n|\n|t:|1769674321\n|move|p1a: Raikou|Calm Mind|p1a: Raikou\n|-boost|p1a: Raikou|spa|1\n|-boost|p1a: Raikou|spd|1\n|move|p2a: Gardevoir|Moonblast|p1a: Raikou\n|-damage|p1a: Raikou|156/278\n|-damage|p2a: Gardevoir|105/249 par|[from] item: Life Orb\n|\n|-heal|p1a: Raikou|173/278|[from] item: Leftovers\n|upkeep\n|turn|17\n|\n|t:|1769674331\n|move|p1a: Raikou|Calm Mind|p1a: Raikou\n|-boost|p1a: Raikou|spa|1\n|-boost|p1a: Raikou|spd|1\n|cant|p2a: Gardevoir|par\n|\n|-heal|p1a: Raikou|190/278|[from] item: Leftovers\n|upkeep\n|turn|18\n|\n|t:|1769674337\n|move|p1a: Raikou|Substitute|p1a: Raikou\n|-start|p1a: Raikou|Substitute\n|-damage|p1a: Raikou|121/278\n|cant|p2a: Gardevoir|par\n|\n|-heal|p1a: Raikou|138/278|[from] item: Leftovers\n|upkeep\n|turn|19\n|\n|t:|1769674339\n|move|p1a: Raikou|Thunderbolt|p2a: Gardevoir\n|-damage|p2a: Gardevoir|0 fnt\n|faint|p2a: Gardevoir\n|\n|-heal|p1a: Raikou|155/278|[from] item: Leftovers\n|upkeep\n|c|☆MimikyuTrainerAsh|some leeway?\n|\n|t:|1769674352\n|switch|p2a: Dusknoir|Dusknoir, L89, M|155/225 tox\n|-item|p1a: Raikou|Leftovers|[from] ability: Frisk|[of] p2a: Dusknoir\n|turn|20\n|\n|t:|1769674359\n|move|p1a: Raikou|Thunderbolt|p2a: Dusknoir\n|-damage|p2a: Dusknoir|0 fnt\n|faint|p2a: Dusknoir\n|\n|-heal|p1a: Raikou|172/278|[from] item: Leftovers\n|upkeep\n|\n|t:|1769674367\n|switch|p2a: Mewtwo|Mewtwo, L70|264/264\n|-ability|p2a: Mewtwo|Unnerve\n|turn|21\n|\n|t:|1769674372\n|detailschange|p2a: Mewtwo|Mewtwo-Mega-X, L70\n|-mega|p2a: Mewtwo|Mewtwo|Mewtwonite X\n|move|p2a: Mewtwo|Drain Punch|p1a: Raikou\n|-end|p1a: Raikou|Substitute\n|move|p1a: Raikou|Thunderbolt|p2a: Mewtwo\n|-damage|p2a: Mewtwo|0 fnt\n|faint|p2a: Mewtwo\n|detailschange|p2: Mewtwo|Mewtwo, L70|[silent]\n|\n|-heal|p1a: Raikou|189/278|[from] item: Leftovers\n|upkeep\n|c|☆Bin2409|Idk lol\n|\n|t:|1769674382\n|switch|p2a: Rhydon|Rhydon, L85, M|238/238\n|turn|22\n|\n|t:|1769674388\n|move|p2a: Rhydon|Trick|p1a: Raikou\n|-activate|p2a: Rhydon|move: Trick|[of] p1a: Raikou\n|-item|p1a: Raikou|Choice Specs|[from] move: Trick\n|-item|p2a: Rhydon|Leftovers|[from] move: Trick\n|move|p1a: Raikou|Thunderbolt|p2a: Rhydon\n|-damage|p2a: Rhydon|0 fnt\n|replace|p2a: Zoroark|Zoroark, L84, M\n|-end|p2a: Zoroark|Illusion\n|-hint|Illusion Level Mod is active, so this Pokémon's true level was hidden.\n|faint|p2a: Zoroark\n|\n|upkeep\n|\n|t:|1769674393\n|switch|p2a: Rhydon|Rhydon, L85, M|230/317\n|turn|23\n|\n|t:|1769674396\n|switch|p1a: Talonflame|Talonflame, L82, F|62/261\n|move|p2a: Rhydon|Swords Dance|p2a: Rhydon\n|-boost|p2a: Rhydon|atk|2\n|\n|upkeep\n|turn|24\n|\n|t:|1769674402\n|move|p1a: Talonflame|Flare Blitz|p2a: Rhydon\n|-resisted|p2a: Rhydon\n|-damage|p2a: Rhydon|201/317\n|-damage|p1a: Talonflame|52/261|[from] Recoil\n|move|p2a: Rhydon|Stone Edge|p1a: Talonflame\n|-supereffective|p1a: Talonflame\n|-damage|p1a: Talonflame|0 fnt\n|faint|p1a: Talonflame\n|\n|upkeep\n|\n|t:|1769674408\n|switch|p1a: Meganium|Meganium, L92, M|279/297\n|-activate|p1a: Meganium|move: Sticky Web\n|-unboost|p1a: Meganium|spe|1\n|turn|25\n|\n|t:|1769674410\n|move|p1a: Meganium|Energy Ball|p2a: Rhydon\n|-supereffective|p2a: Rhydon\n|-damage|p2a: Rhydon|0 fnt\n|faint|p2a: Rhydon\n|\n|win|MimikyuTrainerAsh\n|raw|MimikyuTrainerAsh's rating: 1675 &rarr; <strong>1706</strong><br />(+31 for winning)\n|raw|Bin2409's rating: 1889 &rarr; <strong>1858</strong><br />(-31 for losing)\n|c|☆Bin2409|Gg\n|c|☆MimikyuTrainerAsh|no way you sold that\n", "inputlog": ">version b99ff0165a6231f17e8b78c2a78d1998375de664\n>start {\"formatid\":\"gen7randombattle\",\"seed\":\"sodium,aefd25f591bb5ac35974a65582442897\",\"rated\":\"Rated battle\"}\n>player p1 {\"name\":\"MimikyuTrainerAsh\",\"avatar\":\"pokekid\",\"rating\":1675,\"seed\":\"sodium,f453688fecf14b0b3c4bfb86f50fa325\"}\n>player p2 {\"name\":\"Bin2409\",\"avatar\":\"lucas-gen4pt\",\"rating\":1889,\"seed\":\"sodium,03b280d2807e5bc7ffd176a45d6bcd79\"}\n>chat ☆MimikyuTrainerAsh|well im glad my team is already slow\n>p1 move knockoff\n>p2 move poisonjab\n>p1 move facade\n>p2 move stickyweb\n>p2 switch 2\n>p1 move facade\n>p2 move moonblast\n>p1 switch 3\n>p1 move swordsdance\n>p2 move psychic\n>p1 move bravebird zmove\n>p2 switch 6\n>p1 switch 4\n>p2 move swordsdance\n>p1 move swordsdance\n>p2 move earthquake\n>chat ☆MimikyuTrainerAsh|great \n>p1 switch 6\n>p1 move energyball\n>p2 switch 4\n>chat ☆MimikyuTrainerAsh|there’s nothing i can do \n>p1 move toxic\n>p2 move toxic\n>p1 switch 2\n>p2 move icepunch\n>p1 move healbell\n>p2 switch 6\n>p1 move thunderwave\n>p2 move moonblast\n>p1 move playrough\n>p2 move psychic\n>p1 switch 5\n>p1 move calmmind\n>p2 move moonblast\n>p1 move substitute\n>p2 move moonblast\n>p1 move calmmind\n>p2 move moonblast\n>p1 move calmmind\n>p2 move moonblast\n>p1 move substitute\n>p2 move moonblast\n>p1 move thunderbolt\n>p2 move moonblast\n>chat ☆MimikyuTrainerAsh|some leeway?\n>p2 switch 6\n>p1 move thunderbolt\n>p2 move earthquake\n>p2 switch 3\n>p1 move thunderbolt\n>p2 move drainpunch mega\n>chat ☆Bin2409|Idk lol\n>p2 switch 5\n>p1 move thunderbolt\n>p2 move trick\n>p2 switch 4\n>p1 switch 4\n>p2 move swordsdance\n>p1 move flareblitz\n>p2 move stoneedge\n>p1 switch 2\n>p1 move energyball\n>p2 move megahorn", "uploadtime": 1769674418, "views": 159, "formatid": "gen7randombattle", "rating": 1706, "private": 0, "password": null}