{"id": "gen7randombattle-2529792130", "format": "[Gen 7] Random Battle", "players": ["La.Hellhound", "INSANE CARZY GUY"], "log": "|j|‽La.Hellhound\n|j|☆INSANE CARZY GUY\n|t:|1769824953\n|gametype|singles\n|player|p1|La.Hellhound|bruno|1723\n|player|p2|INSANE CARZY GUY|pilot|1769\n|gen|7\n|tier|[Gen 7] Random Battle\n|rated|\n|rule|Sleep Clause Mod: Limit one foe put to sleep\n|rule|HP Percentage Mod: HP is shown in percentages\n|rule|Illusion Level Mod: Illusion disguises the Pokémon's true level\n|\n|t:|1769824953\n|teamsize|p1|6\n|teamsize|p2|6\n|start\n|switch|p1a: Fearow|Fearow, L88, M|258/258\n|switch|p2a: Dedenne|Dedenne, L91, M|270/270\n|turn|1\n|inactive|Battle timer is ON: inactive players will automatically lose when time's up. (requested by La.Hellhound)\n|c|☆INSANE CARZY GUY|gl hf\n|inactive|La.Hellhound has 120 seconds left.\n|inactive|La.Hellhound has 90 seconds left.\n|\n|t:|1769825015\n|switch|p1a: Bisharp|Bisharp, L82, F|241/241\n|move|p2a: Dedenne|Thunderbolt|p1a: Bisharp\n|-damage|p1a: Bisharp|118/241\n|\n|upkeep\n|turn|2\n|\n|t:|1769825021\n|switch|p1a: Mudsdale|Mudsdale, L83, M|302/302\n|move|p2a: Dedenne|Thunderbolt|p1a: Mudsdale\n|-immune|p1a: Mudsdale\n|\n|upkeep\n|turn|3\n|inactive|La.Hellhound has 120 seconds left.\n|\n|t:|1769825065\n|switch|p2a: Tropius|Tropius, L94, M|336/336\n|move|p1a: Mudsdale|Toxic|p2a: Tropius\n|-status|p2a: Tropius|tox\n|\n|-damage|p2a: Tropius|315/336 tox|[from] psn\n|upkeep\n|turn|4\n|\n|t:|1769825085\n|switch|p1a: Bisharp|Bisharp, L82, F|118/241\n|move|p2a: Tropius|Leech Seed|p1a: Bisharp\n|-start|p1a: Bisharp|move: Leech Seed\n|\n|-damage|p1a: Bisharp|88/241|[from] Leech Seed|[of] p2a: Tropius\n|-heal|p2a: Tropius|336/336 tox|[silent]\n|-damage|p2a: Tropius|294/336 tox|[from] psn\n|upkeep\n|turn|5\n|\n|t:|1769825112\n|switch|p1a: Fearow|Fearow, L88, M|258/258\n|move|p2a: Tropius|Air Slash|p1a: Fearow\n|-damage|p1a: Fearow|155/258\n|\n|-damage|p2a: Tropius|231/336 tox|[from] psn\n|upkeep\n|turn|6\n|\n|t:|1769825127\n|switch|p2a: Dedenne|Dedenne, L91, M|270/270\n|move|p1a: Fearow|Drill Peck|p2a: Dedenne\n|-resisted|p2a: Dedenne\n|-damage|p2a: Dedenne|217/270\n|\n|upkeep\n|turn|7\n|\n|t:|1769825141\n|switch|p1a: Mudsdale|Mudsdale, L83, M|302/302\n|move|p2a: Dedenne|Toxic|p1a: Mudsdale\n|-status|p1a: Mudsdale|tox\n|\n|-damage|p1a: Mudsdale|284/302 tox|[from] psn\n|upkeep\n|turn|8\n|\n|t:|1769825160\n|switch|p2a: Tropius|Tropius, L94, M|231/336 tox\n|move|p1a: Mudsdale|Earthquake|p2a: Tropius\n|-immune|p2a: Tropius\n|\n|-heal|p1a: Mudsdale|302/302 tox|[from] item: Leftovers\n|-damage|p2a: Tropius|210/336 tox|[from] psn\n|-damage|p1a: Mudsdale|266/302 tox|[from] psn\n|upkeep\n|turn|9\n|inactive|La.Hellhound has 90 seconds left.\n|\n|t:|1769825191\n|move|p2a: Tropius|Leech Seed|p1a: Mudsdale\n|-start|p1a: Mudsdale|move: Leech Seed\n|move|p1a: Mudsdale|Rock Slide|p2a: Tropius\n|-supereffective|p2a: Tropius\n|-damage|p2a: Tropius|86/336 tox\n|-enditem|p2a: Tropius|Sitrus Berry|[eat]\n|-heal|p2a: Tropius|170/336 tox|[from] item: Sitrus Berry\n|\n|-heal|p1a: Mudsdale|284/302 tox|[from] item: Leftovers\n|-damage|p1a: Mudsdale|247/302 tox|[from] Leech Seed|[of] p2a: Tropius\n|-heal|p2a: Tropius|207/336 tox|[silent]\n|-damage|p2a: Tropius|165/336 tox|[from] psn\n|-damage|p1a: Mudsdale|193/302 tox|[from] psn\n|-item|p2a: Tropius|Sitrus Berry|[from] ability: Harvest\n|upkeep\n|-enditem|p2a: Tropius|Sitrus Berry|[eat]\n|-heal|p2a: Tropius|249/336 tox|[from] item: Sitrus Berry\n|turn|10\n|\n|t:|1769825206\n|switch|p2a: Beartic|Beartic, L92, F|324/324\n|switch|p1a: Fearow|Fearow, L88, M|155/258\n|\n|upkeep\n|turn|11\n|\n|t:|1769825216\n|switch|p1a: Seaking|Seaking, L95, F|306/306\n|move|p2a: Beartic|Icicle Crash|p1a: Seaking\n|-resisted|p1a: Seaking\n|-damage|p1a: Seaking|209/306\n|-damage|p2a: Beartic|292/324|[from] item: Life Orb\n|\n|upkeep\n|turn|12\n|\n|t:|1769825236\n|move|p1a: Seaking|Knock Off|p2a: Beartic\n|-damage|p2a: Beartic|191/324\n|-enditem|p2a: Beartic|Life Orb|[from] move: Knock Off|[of] p1a: Seaking\n|-damage|p1a: Seaking|179/306|[from] item: Life Orb\n|move|p2a: Beartic|Superpower|p1a: Seaking\n|-damage|p1a: Seaking|37/306\n|-unboost|p2a: Beartic|atk|1\n|-unboost|p2a: Beartic|def|1\n|\n|upkeep\n|turn|13\n|inactive|La.Hellhound has 90 seconds left.\n|\n|t:|1769825247\n|switch|p2a: Spinda|Spinda, L99, M|279/279\n|move|p1a: Seaking|Waterfall|p2a: Spinda\n|-damage|p2a: Spinda|123/279\n|-damage|p1a: Seaking|7/306|[from] item: Life Orb\n|\n|-heal|p2a: Spinda|140/279|[from] item: Leftovers\n|upkeep\n|turn|14\n|inactive|La.Hellhound has 90 seconds left.\n|\n|t:|1769825255\n|move|p2a: Spinda|Sucker Punch|p1a: Seaking\n|-damage|p1a: Seaking|0 fnt\n|faint|p1a: Seaking\n|\n|-heal|p2a: Spinda|157/279|[from] item: Leftovers\n|upkeep\n|inactive|La.Hellhound has 90 seconds left.\n|\n|t:|1769825274\n|switch|p1a: Mudsdale|Mudsdale, L83, M|193/302 tox\n|turn|15\n|\n|t:|1769825284\n|move|p2a: Spinda|Superpower|p1a: Mudsdale\n|-damage|p1a: Mudsdale|124/302 tox\n|-boost|p2a: Spinda|atk|1\n|-boost|p2a: Spinda|def|1\n|-ability|p1a: Mudsdale|Stamina|boost\n|-boost|p1a: Mudsdale|def|1\n|move|p1a: Mudsdale|Toxic|p2a: Spinda\n|-status|p2a: Spinda|tox\n|\n|-heal|p2a: Spinda|174/279 tox|[from] item: Leftovers\n|-heal|p1a: Mudsdale|142/302 tox|[from] item: Leftovers\n|-damage|p2a: Spinda|157/279 tox|[from] psn\n|-damage|p1a: Mudsdale|124/302 tox|[from] psn\n|upkeep\n|turn|16\n|inactive|La.Hellhound has 90 seconds left.\n|\n|t:|1769825296\n|move|p2a: Spinda|Superpower|p1a: Mudsdale\n|-damage|p1a: Mudsdale|55/302 tox\n|-boost|p2a: Spinda|atk|1\n|-boost|p2a: Spinda|def|1\n|-ability|p1a: Mudsdale|Stamina|boost\n|-boost|p1a: Mudsdale|def|1\n|move|p1a: Mudsdale|Earthquake|p2a: Spinda\n|-damage|p2a: Spinda|88/279 tox\n|\n|-heal|p2a: Spinda|105/279 tox|[from] item: Leftovers\n|-heal|p1a: Mudsdale|73/302 tox|[from] item: Leftovers\n|-damage|p2a: Spinda|71/279 tox|[from] psn\n|-damage|p1a: Mudsdale|37/302 tox|[from] psn\n|upkeep\n|turn|17\n|inactive|La.Hellhound has 90 seconds left.\n|\n|t:|1769825308\n|move|p2a: Spinda|Superpower|p1a: Mudsdale\n|-damage|p1a: Mudsdale|0 fnt\n|-boost|p2a: Spinda|atk|1\n|-boost|p2a: Spinda|def|1\n|faint|p1a: Mudsdale\n|\n|-heal|p2a: Spinda|88/279 tox|[from] item: Leftovers\n|-damage|p2a: Spinda|37/279 tox|[from] psn\n|upkeep\n|\n|t:|1769825322\n|switch|p1a: Bisharp|Bisharp, L82, F|88/241\n|turn|18\n|\n|t:|1769825328\n|move|p2a: Spinda|Sucker Punch|p1a: Bisharp\n|-resisted|p1a: Bisharp\n|-damage|p1a: Bisharp|30/241\n|move|p1a: Bisharp|Sucker Punch||[still]\n|-fail|p1a: Bisharp\n|\n|-heal|p2a: Spinda|54/279 tox|[from] item: Leftovers\n|-damage|p2a: Spinda|0 fnt|[from] psn\n|faint|p2a: Spinda\n|upkeep\n|\n|t:|1769825337\n|switch|p2a: Dedenne|Dedenne, L91, M|217/270\n|turn|19\n|\n|t:|1769825343\n|switch|p1a: Chimecho|Chimecho, L95, F|296/296\n|move|p2a: Dedenne|Thunderbolt|p1a: Chimecho\n|-damage|p1a: Chimecho|214/296\n|\n|-heal|p1a: Chimecho|232/296|[from] item: Leftovers\n|upkeep\n|turn|20\n|\n|t:|1769825351\n|move|p2a: Dedenne|Toxic|p1a: Chimecho|[miss]\n|-miss|p2a: Dedenne|p1a: Chimecho\n|move|p1a: Chimecho|Calm Mind|p1a: Chimecho\n|-boost|p1a: Chimecho|spa|1\n|-boost|p1a: Chimecho|spd|1\n|\n|-heal|p1a: Chimecho|250/296|[from] item: Leftovers\n|upkeep\n|turn|21\n|\n|t:|1769825359\n|move|p2a: Dedenne|Toxic|p1a: Chimecho|[miss]\n|-miss|p2a: Dedenne|p1a: Chimecho\n|move|p1a: Chimecho|Psychic|p2a: Dedenne\n|-damage|p2a: Dedenne|10/270\n|-enditem|p2a: Dedenne|Sitrus Berry|[eat]\n|-heal|p2a: Dedenne|77/270|[from] item: Sitrus Berry\n|-heal|p2a: Dedenne|167/270|[from] ability: Cheek Pouch\n|\n|-heal|p1a: Chimecho|268/296|[from] item: Leftovers\n|upkeep\n|turn|22\n|\n|t:|1769825368\n|switch|p2a: Tropius|Tropius, L94, M|249/336 tox\n|move|p1a: Chimecho|Psychic|p2a: Tropius\n|-damage|p2a: Tropius|89/336 tox\n|\n|-heal|p1a: Chimecho|286/296|[from] item: Leftovers\n|-damage|p2a: Tropius|68/336 tox|[from] psn\n|-item|p2a: Tropius|Sitrus Berry|[from] ability: Harvest\n|upkeep\n|-enditem|p2a: Tropius|Sitrus Berry|[eat]\n|-heal|p2a: Tropius|152/336 tox|[from] item: Sitrus Berry\n|turn|23\n|inactive|La.Hellhound has 120 seconds left.\n|\n|t:|1769825379\n|move|p1a: Chimecho|Psychic|p2a: Tropius\n|-damage|p2a: Tropius|0 fnt\n|faint|p2a: Tropius\n|\n|-heal|p1a: Chimecho|296/296|[from] item: Leftovers\n|upkeep\n|\n|t:|1769825387\n|switch|p2a: Marshadow|Marshadow, L69|239/239\n|turn|24\n|\n|t:|1769825391\n|switch|p1a: Fearow|Fearow, L88, M|155/258\n|move|p2a: Marshadow|Spectral Thief|p1a: Fearow\n|-immune|p1a: Fearow\n|\n|upkeep\n|turn|25\n|\n|t:|1769825401\n|switch|p2a: Beartic|Beartic, L92, F|191/324\n|move|p1a: Fearow|Drill Peck|p2a: Beartic\n|-damage|p2a: Beartic|103/324\n|\n|upkeep\n|turn|26\n|\n|t:|1769825408\n|switch|p1a: Bisharp|Bisharp, L82, F|30/241\n|move|p2a: Beartic|Aqua Jet|p1a: Bisharp\n|-damage|p1a: Bisharp|0 fnt\n|faint|p1a: Bisharp\n|\n|upkeep\n|\n|t:|1769825419\n|switch|p1a: Chimecho|Chimecho, L95, F|296/296\n|turn|27\n|\n|t:|1769825422\n|move|p1a: Chimecho|Psychic|p2a: Beartic\n|-damage|p2a: Beartic|0 fnt\n|faint|p2a: Beartic\n|\n|upkeep\n|\n|t:|1769825427\n|switch|p2a: Dedenne|Dedenne, L91, M|167/270\n|turn|28\n|inactive|La.Hellhound has 120 seconds left.\n|\n|t:|1769825476\n|switch|p1a: Lunatone|Lunatone, L93|318/318\n|move|p2a: Dedenne|Toxic|p1a: Lunatone\n|-status|p1a: Lunatone|tox\n|\n|-damage|p1a: Lunatone|299/318 tox|[from] psn\n|upkeep\n|turn|29\n|\n|t:|1769825485\n|switch|p2a: Heliolisk|Heliolisk, L85, M|244/244\n|move|p1a: Lunatone|Rock Polish|p1a: Lunatone\n|-boost|p1a: Lunatone|spe|2\n|\n|-damage|p1a: Lunatone|261/318 tox|[from] psn\n|upkeep\n|turn|30\n|\n|t:|1769825493\n|move|p1a: Lunatone|Earth Power|p2a: Heliolisk\n|-supereffective|p2a: Heliolisk\n|-damage|p2a: Heliolisk|49/244\n|-damage|p1a: Lunatone|230/318 tox|[from] item: Life Orb\n|move|p2a: Heliolisk|Rain Dance|p2a: Heliolisk\n|-weather|RainDance\n|\n|-weather|RainDance|[upkeep]\n|-heal|p2a: Heliolisk|79/244|[from] ability: Dry Skin\n|-damage|p1a: Lunatone|173/318 tox|[from] psn\n|upkeep\n|turn|31\n|inactive|La.Hellhound has 120 seconds left.\n|\n|t:|1769825510\n|move|p1a: Lunatone|Earth Power|p2a: Heliolisk\n|-supereffective|p2a: Heliolisk\n|-damage|p2a: Heliolisk|0 fnt\n|faint|p2a: Heliolisk\n|-damage|p1a: Lunatone|142/318 tox|[from] item: Life Orb\n|\n|-weather|RainDance|[upkeep]\n|-damage|p1a: Lunatone|66/318 tox|[from] psn\n|upkeep\n|\n|t:|1769825515\n|switch|p2a: Marshadow|Marshadow, L69|239/239\n|turn|32\n|\n|t:|1769825526\n|move|p2a: Marshadow|Shadow Sneak|p1a: Lunatone\n|-supereffective|p1a: Lunatone\n|-damage|p1a: Lunatone|0 fnt\n|faint|p1a: Lunatone\n|\n|-weather|RainDance|[upkeep]\n|upkeep\n|\n|t:|1769825530\n|switch|p1a: Fearow|Fearow, L88, M|155/258\n|turn|33\n|\n|t:|1769825536\n|switch|p2a: Dedenne|Dedenne, L91, M|167/270\n|move|p1a: Fearow|Drill Run|p2a: Dedenne\n|-supereffective|p2a: Dedenne\n|-damage|p2a: Dedenne|7/270\n|\n|-weather|RainDance|[upkeep]\n|upkeep\n|turn|34\n|\n|t:|1769825543\n|switch|p1a: Chimecho|Chimecho, L95, F|296/296\n|move|p2a: Dedenne|Toxic|p1a: Chimecho\n|-status|p1a: Chimecho|tox\n|\n|-weather|none\n|-damage|p1a: Chimecho|278/296 tox|[from] psn\n|upkeep\n|turn|35\n|\n|t:|1769825552\n|move|p2a: Dedenne|Recycle|p2a: Dedenne\n|-item|p2a: Dedenne|Sitrus Berry|[from] move: Recycle\n|-enditem|p2a: Dedenne|Sitrus Berry|[eat]\n|-heal|p2a: Dedenne|74/270|[from] item: Sitrus Berry\n|-heal|p2a: Dedenne|164/270|[from] ability: Cheek Pouch\n|move|p1a: Chimecho|Psychic|p2a: Dedenne\n|-damage|p2a: Dedenne|23/270\n|\n|-heal|p1a: Chimecho|296/296 tox|[from] item: Leftovers\n|-damage|p1a: Chimecho|260/296 tox|[from] psn\n|upkeep\n|turn|36\n|\n|t:|1769825564\n|move|p2a: Dedenne|Recycle|p2a: Dedenne\n|-item|p2a: Dedenne|Sitrus Berry|[from] move: Recycle\n|-enditem|p2a: Dedenne|Sitrus Berry|[eat]\n|-heal|p2a: Dedenne|90/270|[from] item: Sitrus Berry\n|-heal|p2a: Dedenne|180/270|[from] ability: Cheek Pouch\n|move|p1a: Chimecho|Calm Mind|p1a: Chimecho\n|-boost|p1a: Chimecho|spa|1\n|-boost|p1a: Chimecho|spd|1\n|\n|-heal|p1a: Chimecho|278/296 tox|[from] item: Leftovers\n|-damage|p1a: Chimecho|224/296 tox|[from] psn\n|upkeep\n|turn|37\n|\n|t:|1769825581\n|move|p2a: Dedenne|Super Fang|p1a: Chimecho\n|-damage|p1a: Chimecho|112/296 tox\n|move|p1a: Chimecho|Psychic|p2a: Dedenne\n|-damage|p2a: Dedenne|0 fnt\n|faint|p2a: Dedenne\n|\n|-heal|p1a: Chimecho|130/296 tox|[from] item: Leftovers\n|-damage|p1a: Chimecho|58/296 tox|[from] psn\n|upkeep\n|\n|t:|1769825584\n|switch|p2a: Marshadow|Marshadow, L69|239/239\n|turn|38\n|\n|t:|1769825591\n|move|p2a: Marshadow|Rock Tomb|p1a: Chimecho\n|-damage|p1a: Chimecho|0 fnt\n|faint|p1a: Chimecho\n|\n|upkeep\n|\n|t:|1769825597\n|switch|p1a: Fearow|Fearow, L88, M|155/258\n|turn|39\n|\n|t:|1769825601\n|move|p1a: Fearow|Drill Peck|p2a: Marshadow\n|-supereffective|p2a: Marshadow\n|-damage|p2a: Marshadow|0 fnt\n|faint|p2a: Marshadow\n|\n|win|La.Hellhound\n|raw|La.Hellhound's rating: 1700 &rarr; <strong>1724</strong><br />(+24 for winning)\n|raw|INSANE CARZY GUY's rating: 1769 &rarr; <strong>1745</strong><br />(-24 for losing)\n", "inputlog": ">version b99ff0165a6231f17e8b78c2a78d1998375de664\n>start {\"formatid\":\"gen7randombattle\",\"seed\":\"sodium,4be9bcf84078983fe10a067c948600e0\",\"rated\":\"Rated battle\"}\n>player p1 {\"name\":\"La.Hellhound\",\"avatar\":\"bruno\",\"rating\":1723,\"seed\":\"sodium,b9dece9083b8d46e1c22d0c91598e6e0\"}\n>player p2 {\"name\":\"INSANE CARZY GUY\",\"avatar\":\"pilot\",\"rating\":1769,\"seed\":\"sodium,b140be5aabf5864e18116f06ef8eeaad\"}\n>chat ☆INSANE CARZY GUY|gl hf\n>p1 switch 6\n>p2 move thunderbolt\n>p1 switch 2\n>p2 move thunderbolt\n>p1 move toxic\n>p2 switch 6\n>p1 switch 2\n>p2 move leechseed\n>p1 switch 6\n>p2 move airslash\n>p1 move drillpeck\n>p2 switch 6\n>p1 switch 2\n>p2 move toxic\n>p1 move earthquake\n>p2 switch 6\n>p1 move rockslide\n>p2 move leechseed\n>p1 switch 2\n>p2 switch 2\n>p1 switch 5\n>p2 move iciclecrash\n>p1 move knockoff\n>p2 move superpower\n>p1 move waterfall\n>p2 switch 4\n>p1 move waterfall\n>p2 move suckerpunch\n>p1 switch 2\n>p1 move toxic\n>p2 move superpower\n>p1 move earthquake\n>p2 move superpower\n>p1 move heavyslam\n>p2 move superpower\n>p1 switch 6\n>p1 move suckerpunch\n>p2 move suckerpunch\n>p2 switch 6\n>p1 switch 3\n>p2 move thunderbolt\n>p1 move calmmind\n>p2 move toxic\n>p1 move psychic\n>p2 move toxic\n>p1 move psychic\n>p2 switch 2\n>p1 move psychic\n>p2 move leechseed\n>p2 switch 5\n>p1 switch 5\n>p2 move spectralthief\n>p1 move drillpeck\n>p2 switch 4\n>p1 switch 3\n>p2 move aquajet\n>p1 switch 5\n>p1 move psychic\n>p2 move iciclecrash\n>p2 switch 2\n>p1 switch 4\n>p2 move toxic\n>p1 move rockpolish\n>p2 switch 3\n>p1 move earthpower\n>p2 move raindance\n>p1 move earthpower\n>p2 move surf\n>p2 switch 4\n>p1 move psychic\n>p2 move shadowsneak\n>p1 switch 3\n>p1 move drillrun\n>p2 switch 3\n>p1 switch 4\n>p2 move toxic\n>p1 move psychic\n>p2 move recycle\n>p1 move calmmind\n>p2 move recycle\n>p1 move psychic\n>p2 move superfang\n>p2 switch 3\n>p1 move psychic\n>p2 move rocktomb\n>p1 switch 4\n>p1 move drillpeck\n>p2 move rocktomb", "uploadtime": 1769825606, "views": 179, "formatid": "gen7randombattle", "rating": 1724, "private": 0, "password": null}