{"id": "gen7randombattle-2524506166", "format": "[Gen 7] Random Battle", "players": ["grotesque inquiry", "bin2409"], "log": "|j|☆grotesque inquiry\n|j|☆bin2409\n|t:|1769160078\n|gametype|singles\n|player|p1|grotesque inquiry|psychic-gen1rb|1594\n|player|p2|bin2409|lucas-gen4pt|1780\n|gen|7\n|tier|[Gen 7] Random Battle\n|rated|\n|rule|Sleep Clause Mod: Limit one foe put to sleep\n|rule|HP Percentage Mod: HP is shown in percentages\n|rule|Illusion Level Mod: Illusion disguises the Pokémon's true level\n|\n|t:|1769160078\n|teamsize|p1|6\n|teamsize|p2|6\n|start\n|switch|p1a: Mew|Mew, L80|291/291\n|switch|p2a: Ribombee|Ribombee, L84, M|238/238\n|turn|1\n|inactive|Battle timer is ON: inactive players will automatically lose when time's up. (requested by grotesque inquiry)\n|\n|t:|1769160098\n|move|p2a: Ribombee|Moonblast|p1a: Mew\n|-damage|p1a: Mew|204/291\n|-unboost|p1a: Mew|spa|1\n|move|p1a: Mew|Swords Dance|p1a: Mew\n|-boost|p1a: Mew|atk|2\n|\n|upkeep\n|turn|2\n|\n|t:|1769160111\n|move|p2a: Ribombee|Sticky Web|p1a: Mew\n|-sidestart|p1: grotesque inquiry|move: Sticky Web\n|move|p1a: Mew|Zen Headbutt|p2a: Ribombee\n|-damage|p2a: Ribombee|0 fnt\n|faint|p2a: Ribombee\n|-damage|p1a: Mew|175/291|[from] item: Life Orb\n|\n|upkeep\n|\n|t:|1769160127\n|switch|p2a: Armaldo|Armaldo, L89, M|238/238\n|turn|3\n|\n|t:|1769160135\n|move|p2a: Armaldo|Dark Pulse|p1a: Mew\n|-supereffective|p1a: Mew\n|-damage|p1a: Mew|0 fnt\n|faint|p1a: Mew\n|-damage|p2a: Armaldo|215/238|[from] item: Life Orb\n|\n|upkeep\n|\n|t:|1769160158\n|switch|p1a: Avalugg|Avalugg, L90, M|317/317\n|-activate|p1a: Avalugg|move: Sticky Web\n|-unboost|p1a: Avalugg|spe|1\n|turn|4\n|\n|t:|1769160168\n|move|p2a: Armaldo|Dark Pulse|p1a: Avalugg\n|-damage|p1a: Avalugg|130/317\n|-damage|p2a: Armaldo|192/238|[from] item: Life Orb\n|move|p1a: Avalugg|Rapid Spin|p2a: Armaldo\n|-damage|p2a: Armaldo|168/238\n|replace|p2a: Zoroark|Zoroark, L84, F\n|-end|p2a: Zoroark|Illusion\n|-hint|Illusion Level Mod is active, so this Pokémon's true level was hidden.\n|-sideend|p1: grotesque inquiry|Sticky Web|[from] move: Rapid Spin|[of] p1a: Avalugg\n|\n|-heal|p1a: Avalugg|149/317|[from] item: Leftovers\n|upkeep\n|turn|5\n|\n|t:|1769160187\n|switch|p1a: Dewgong|Dewgong, L96, M|328/328\n|move|p2a: Zoroark|Dark Pulse|p1a: Dewgong\n|-damage|p1a: Dewgong|227/328\n|-damage|p2a: Zoroark|145/238|[from] item: Life Orb\n|\n|-heal|p1a: Dewgong|247/328|[from] item: Leftovers\n|upkeep\n|turn|6\n|\n|t:|1769160200\n|move|p2a: Zoroark|Focus Blast|p1a: Dewgong\n|-supereffective|p1a: Dewgong\n|-damage|p1a: Dewgong|16/328\n|-damage|p2a: Zoroark|122/238|[from] item: Life Orb\n|move|p1a: Dewgong|Surf|p2a: Zoroark\n|-damage|p2a: Zoroark|0 fnt\n|faint|p2a: Zoroark\n|\n|-heal|p1a: Dewgong|36/328|[from] item: Leftovers\n|upkeep\n|\n|t:|1769160218\n|switch|p2a: Milotic|Milotic, L84, M|297/297\n|turn|7\n|\n|t:|1769160228\n|move|p1a: Dewgong|Toxic|p2a: Milotic\n|-status|p2a: Milotic|tox\n|move|p2a: Milotic|Scald|p1a: Dewgong\n|-resisted|p1a: Dewgong\n|-damage|p1a: Dewgong|0 fnt\n|faint|p1a: Dewgong\n|\n|-damage|p2a: Milotic|279/297 tox|[from] psn\n|upkeep\n|\n|t:|1769160242\n|switch|p1a: Manaphy|Manaphy, L77|281/281\n|turn|8\n|\n|t:|1769160250\n|move|p1a: Manaphy|Tail Glow|p1a: Manaphy\n|-boost|p1a: Manaphy|spa|3\n|move|p2a: Milotic|Toxic|p1a: Manaphy\n|-status|p1a: Manaphy|tox\n|\n|-heal|p2a: Milotic|297/297 tox|[from] item: Leftovers\n|-damage|p1a: Manaphy|264/281 tox|[from] psn\n|-damage|p2a: Milotic|261/297 tox|[from] psn\n|upkeep\n|turn|9\n|\n|t:|1769160259\n|move|p1a: Manaphy|Energy Ball|p2a: Milotic\n|-supereffective|p2a: Milotic\n|-damage|p2a: Milotic|47/297 tox\n|move|p2a: Milotic|Haze|p2a: Milotic\n|-clearallboost\n|\n|-heal|p2a: Milotic|65/297 tox|[from] item: Leftovers\n|-damage|p1a: Manaphy|230/281 tox|[from] psn\n|-damage|p2a: Milotic|11/297 tox|[from] psn\n|upkeep\n|turn|10\n|\n|t:|1769160267\n|move|p1a: Manaphy|Tail Glow|p1a: Manaphy\n|-boost|p1a: Manaphy|spa|3\n|move|p2a: Milotic|Scald|p1a: Manaphy\n|-resisted|p1a: Manaphy\n|-damage|p1a: Manaphy|184/281 tox\n|\n|-heal|p2a: Milotic|29/297 tox|[from] item: Leftovers\n|-damage|p1a: Manaphy|133/281 tox|[from] psn\n|-damage|p2a: Milotic|0 fnt|[from] psn\n|faint|p2a: Milotic\n|upkeep\n|\n|t:|1769160279\n|switch|p2a: Bisharp|Bisharp, L82, F|241/241\n|turn|11\n|\n|t:|1769160286\n|move|p2a: Bisharp|Sucker Punch|p1a: Manaphy\n|-damage|p1a: Manaphy|26/281 tox\n|-damage|p2a: Bisharp|217/241|[from] item: Life Orb\n|-zpower|p1a: Manaphy\n|move|p1a: Manaphy|Hydro Vortex|p2a: Bisharp|[zeffect]\n|-damage|p2a: Bisharp|0 fnt\n|faint|p2a: Bisharp\n|\n|-damage|p1a: Manaphy|0 fnt|[from] psn\n|faint|p1a: Manaphy\n|upkeep\n|\n|t:|1769160298\n|switch|p1a: Avalugg|Avalugg, L90, M|149/317\n|switch|p2a: Armaldo|Armaldo, L89, M|278/278\n|turn|12\n|\n|t:|1769160306\n|move|p2a: Armaldo|Stone Edge|p1a: Avalugg\n|-supereffective|p1a: Avalugg\n|-damage|p1a: Avalugg|0 fnt\n|faint|p1a: Avalugg\n|\n|upkeep\n|\n|t:|1769160315\n|switch|p1a: Heliolisk|Heliolisk, L85, M|244/244\n|turn|13\n|\n|t:|1769160320\n|move|p1a: Heliolisk|Surf|p2a: Armaldo\n|-supereffective|p2a: Armaldo\n|-damage|p2a: Armaldo|80/278\n|-damage|p1a: Heliolisk|220/244|[from] item: Life Orb\n|move|p2a: Armaldo|Stone Edge|p1a: Heliolisk\n|-damage|p1a: Heliolisk|0 fnt\n|faint|p1a: Heliolisk\n|\n|upkeep\n|\n|t:|1769160329\n|switch|p1a: Slurpuff|Slurpuff, L79, F|258/258\n|turn|14\n|\n|t:|1769160336\n|move|p1a: Slurpuff|Belly Drum|p1a: Slurpuff\n|-damage|p1a: Slurpuff|129/258\n|-setboost|p1a: Slurpuff|atk|6|[from] move: Belly Drum\n|-enditem|p1a: Slurpuff|Sitrus Berry|[eat]\n|-heal|p1a: Slurpuff|193/258|[from] item: Sitrus Berry\n|move|p2a: Armaldo|Stone Edge|p1a: Slurpuff\n|-damage|p1a: Slurpuff|0 fnt\n|faint|p1a: Slurpuff\n|\n|win|bin2409\n|raw|grotesque inquiry's rating: 1565 &rarr; <strong>1556</strong><br />(-9 for losing)\n|raw|bin2409's rating: 1780 &rarr; <strong>1789</strong><br />(+9 for winning)\n", "inputlog": ">version dd3d52b8382d73d1dd2c67730c4067df325ab790\n>start {\"formatid\":\"gen7randombattle\",\"seed\":\"sodium,4429f03144af2f2132a460e284161233\",\"rated\":\"Rated battle\"}\n>player p1 {\"name\":\"grotesque inquiry\",\"avatar\":\"psychic-gen1rb\",\"rating\":1594,\"seed\":\"sodium,b2b0c2cab4abad6c2c22d1c75e370259\"}\n>player p2 {\"name\":\"bin2409\",\"avatar\":\"lucas-gen4pt\",\"rating\":1780,\"seed\":\"sodium,1e6c8ea67f86878f2f327b582f4fbde7\"}\n>p1 move swordsdance\n>p2 move moonblast\n>p1 move zenheadbutt\n>p2 move stickyweb\n>p2 switch 5\n>p1 move zenheadbutt\n>p2 move darkpulse\n>p1 switch 2\n>p1 move rapidspin\n>p2 move darkpulse\n>p1 switch 6\n>p2 move darkpulse\n>p1 move surf\n>p2 move focusblast\n>p2 switch 3\n>p1 move toxic\n>p2 move scald\n>p1 switch 3\n>p1 move tailglow\n>p2 move toxic\n>p1 move energyball\n>p2 move haze\n>p1 move tailglow\n>p2 move scald\n>p2 switch 4\n>p1 move surf zmove\n>p2 move suckerpunch\n>p1 switch 6\n>p2 switch 6\n>p1 move recover\n>p2 move stoneedge\n>p1 switch 4\n>p1 move surf\n>p2 move stoneedge\n>p1 switch 5\n>p1 move bellydrum\n>p2 move stoneedge", "uploadtime": 1769160340, "views": 179, "formatid": "gen7randombattle", "rating": 1556, "private": 0, "password": null}