{"id": "gen7randombattle-2534771711", "format": "[Gen 7] Random Battle", "players": ["Blade Luther", "Unkel"], "log": "|j|☆Blade Luther\n|j|☆Unkel\n|t:|1770475224\n|gametype|singles\n|player|p1|Blade Luther|ethan-masters|1540\n|player|p2|Unkel|1|1527\n|gen|7\n|tier|[Gen 7] Random Battle\n|rated|\n|rule|Sleep Clause Mod: Limit one foe put to sleep\n|rule|HP Percentage Mod: HP is shown in percentages\n|rule|Illusion Level Mod: Illusion disguises the Pokémon's true level\n|\n|t:|1770475224\n|teamsize|p1|6\n|teamsize|p2|6\n|start\n|switch|p1a: Skarmory|Skarmory, L75, F|221/221\n|switch|p2a: Gorebyss|Gorebyss, L85, F|231/231\n|turn|1\n|inactive|Battle timer is ON: inactive players will automatically lose when time's up. (requested by Blade Luther)\n|\n|t:|1770475232\n|move|p2a: Gorebyss|Shell Smash|p2a: Gorebyss\n|-unboost|p2a: Gorebyss|def|1\n|-unboost|p2a: Gorebyss|spd|1\n|-boost|p2a: Gorebyss|atk|2\n|-boost|p2a: Gorebyss|spa|2\n|-boost|p2a: Gorebyss|spe|2\n|-enditem|p2a: Gorebyss|White Herb\n|-clearnegativeboost|p2a: Gorebyss|[silent]\n|move|p1a: Skarmory|Whirlwind|p2a: Gorebyss\n|drag|p2a: Regirock|Regirock, L87|281/281\n|\n|upkeep\n|turn|2\n|\n|t:|1770475243\n|move|p1a: Skarmory|Stealth Rock|p2a: Regirock\n|-sidestart|p2: Unkel|move: Stealth Rock\n|move|p2a: Regirock|Thunder Wave|p1a: Skarmory\n|-status|p1a: Skarmory|par\n|\n|upkeep\n|turn|3\n|\n|t:|1770475250\n|move|p2a: Regirock|Drain Punch|p1a: Skarmory\n|-damage|p1a: Skarmory|177/221 par\n|move|p1a: Skarmory|Whirlwind|p2a: Regirock\n|drag|p2a: Farfetch’d|Farfetch’d, M|266/266\n|-damage|p2a: Farfetch’d|200/266|[from] Stealth Rock\n|\n|-heal|p1a: Skarmory|190/221 par|[from] item: Leftovers\n|upkeep\n|turn|4\n|\n|t:|1770475273\n|move|p2a: Farfetch’d|Knock Off|p1a: Skarmory\n|-crit|p1a: Skarmory\n|-damage|p1a: Skarmory|76/221 par\n|-enditem|p1a: Skarmory|Leftovers|[from] move: Knock Off|[of] p2a: Farfetch’d\n|move|p1a: Skarmory|Brave Bird|p2a: Farfetch’d\n|-damage|p2a: Farfetch’d|89/266\n|-damage|p1a: Skarmory|39/221 par|[from] Recoil\n|\n|upkeep\n|turn|5\n|\n|t:|1770475282\n|move|p2a: Farfetch’d|Knock Off|p1a: Skarmory\n|-damage|p1a: Skarmory|0 fnt\n|faint|p1a: Skarmory\n|\n|upkeep\n|\n|t:|1770475287\n|switch|p1a: Shuckle|Shuckle, L86, F|175/175\n|turn|6\n|\n|t:|1770475297\n|switch|p2a: Gorebyss|Gorebyss, L85, F|231/231\n|-damage|p2a: Gorebyss|203/231|[from] Stealth Rock\n|move|p1a: Shuckle|Sticky Web|p2a: Gorebyss\n|-sidestart|p2: Unkel|move: Sticky Web\n|\n|upkeep\n|turn|7\n|\n|t:|1770475310\n|move|p2a: Gorebyss|Shell Smash|p2a: Gorebyss\n|-unboost|p2a: Gorebyss|def|1\n|-unboost|p2a: Gorebyss|spd|1\n|-boost|p2a: Gorebyss|atk|2\n|-boost|p2a: Gorebyss|spa|2\n|-boost|p2a: Gorebyss|spe|2\n|move|p1a: Shuckle|Encore|p2a: Gorebyss\n|-start|p2a: Gorebyss|Encore\n|\n|upkeep\n|turn|8\n|\n|t:|1770475322\n|switch|p1a: Dedenne|Dedenne, L91, M|270/270\n|move|p2a: Gorebyss|Shell Smash|p2a: Gorebyss\n|-unboost|p2a: Gorebyss|def|1\n|-unboost|p2a: Gorebyss|spd|1\n|-boost|p2a: Gorebyss|atk|2\n|-boost|p2a: Gorebyss|spa|2\n|-boost|p2a: Gorebyss|spe|2\n|\n|upkeep\n|turn|9\n|\n|t:|1770475331\n|move|p2a: Gorebyss|Shell Smash|p2a: Gorebyss\n|-unboost|p2a: Gorebyss|def|1\n|-unboost|p2a: Gorebyss|spd|1\n|-boost|p2a: Gorebyss|atk|2\n|-boost|p2a: Gorebyss|spa|2\n|-boost|p2a: Gorebyss|spe|2\n|move|p1a: Dedenne|Thunderbolt|p2a: Gorebyss\n|-supereffective|p2a: Gorebyss\n|-damage|p2a: Gorebyss|0 fnt\n|faint|p2a: Gorebyss\n|\n|upkeep\n|\n|t:|1770475334\n|switch|p2a: Ferrothorn|Ferrothorn, L72, F|226/226\n|-damage|p2a: Ferrothorn|212/226|[from] Stealth Rock\n|-activate|p2a: Ferrothorn|move: Sticky Web\n|-unboost|p2a: Ferrothorn|spe|1\n|turn|10\n|\n|t:|1770475359\n|switch|p1a: Delibird|Delibird, F|251/251\n|move|p2a: Ferrothorn|Stealth Rock|p1a: Delibird\n|-sidestart|p1: Blade Luther|move: Stealth Rock\n|\n|-heal|p2a: Ferrothorn|226/226|[from] item: Leftovers\n|upkeep\n|turn|11\n|\n|t:|1770475367\n|move|p1a: Delibird|Rapid Spin|p2a: Ferrothorn\n|-resisted|p2a: Ferrothorn\n|-damage|p2a: Ferrothorn|222/226\n|-damage|p1a: Delibird|220/251|[from] ability: Iron Barbs|[of] p2a: Ferrothorn\n|-sideend|p1: Blade Luther|Stealth Rock|[from] move: Rapid Spin|[of] p1a: Delibird\n|move|p2a: Ferrothorn|Knock Off|p1a: Delibird\n|-damage|p1a: Delibird|151/251\n|-enditem|p1a: Delibird|Leftovers|[from] move: Knock Off|[of] p2a: Ferrothorn\n|\n|-heal|p2a: Ferrothorn|226/226|[from] item: Leftovers\n|upkeep\n|turn|12\n|\n|t:|1770475380\n|move|p1a: Delibird|Freeze-Dry|p2a: Ferrothorn\n|-damage|p2a: Ferrothorn|150/226\n|-status|p2a: Ferrothorn|frz\n|cant|p2a: Ferrothorn|frz\n|\n|-heal|p2a: Ferrothorn|164/226 frz|[from] item: Leftovers\n|upkeep\n|turn|13\n|\n|t:|1770475390\n|move|p1a: Delibird|Freeze-Dry|p2a: Ferrothorn\n|-damage|p2a: Ferrothorn|86/226 frz\n|cant|p2a: Ferrothorn|frz\n|\n|-heal|p2a: Ferrothorn|100/226 frz|[from] item: Leftovers\n|upkeep\n|turn|14\n|\n|t:|1770475397\n|switch|p2a: Regirock|Regirock, L87|281/281\n|-damage|p2a: Regirock|246/281|[from] Stealth Rock\n|-activate|p2a: Regirock|move: Sticky Web\n|-unboost|p2a: Regirock|spe|1\n|move|p1a: Delibird|Freeze-Dry|p2a: Regirock\n|-damage|p2a: Regirock|177/281\n|\n|-heal|p2a: Regirock|194/281|[from] item: Leftovers\n|upkeep\n|turn|15\n|\n|t:|1770475409\n|switch|p1a: Shuckle|Shuckle, L86, F|175/175\n|move|p2a: Regirock|Thunder Wave|p1a: Shuckle\n|-status|p1a: Shuckle|par\n|\n|-heal|p2a: Regirock|211/281|[from] item: Leftovers\n|upkeep\n|turn|16\n|\n|t:|1770475420\n|move|p2a: Regirock|Stone Edge|p1a: Shuckle\n|-supereffective|p1a: Shuckle\n|-damage|p1a: Shuckle|77/175 par\n|move|p1a: Shuckle|Knock Off|p2a: Regirock\n|-damage|p2a: Regirock|199/281\n|-enditem|p2a: Regirock|Leftovers|[from] move: Knock Off|[of] p1a: Shuckle\n|\n|upkeep\n|turn|17\n|\n|t:|1770475428\n|move|p2a: Regirock|Stone Edge|p1a: Shuckle|[miss]\n|-miss|p2a: Regirock|p1a: Shuckle\n|move|p1a: Shuckle|Toxic|p2a: Regirock\n|-status|p2a: Regirock|tox\n|\n|-damage|p2a: Regirock|182/281 tox|[from] psn\n|upkeep\n|turn|18\n|\n|t:|1770475437\n|move|p2a: Regirock|Stone Edge|p1a: Shuckle\n|-supereffective|p1a: Shuckle\n|-damage|p1a: Shuckle|0 fnt\n|faint|p1a: Shuckle\n|\n|-damage|p2a: Regirock|148/281 tox|[from] psn\n|upkeep\n|\n|t:|1770475451\n|switch|p1a: Dedenne|Dedenne, L91, M|270/270\n|turn|19\n|\n|t:|1770475456\n|move|p1a: Dedenne|Protect|p1a: Dedenne\n|-singleturn|p1a: Dedenne|Protect\n|move|p2a: Regirock|Earthquake|p1a: Dedenne\n|-activate|p1a: Dedenne|move: Protect\n|\n|-damage|p2a: Regirock|97/281 tox|[from] psn\n|upkeep\n|turn|20\n|\n|t:|1770475467\n|move|p1a: Dedenne|Thunderbolt|p2a: Regirock\n|-damage|p2a: Regirock|18/281 tox\n|move|p2a: Regirock|Stone Edge|p1a: Dedenne\n|-damage|p1a: Dedenne|119/270\n|-enditem|p1a: Dedenne|Sitrus Berry|[eat]\n|-heal|p1a: Dedenne|186/270|[from] item: Sitrus Berry\n|-heal|p1a: Dedenne|270/270|[from] ability: Cheek Pouch\n|\n|-damage|p2a: Regirock|0 fnt|[from] psn\n|faint|p2a: Regirock\n|upkeep\n|\n|t:|1770475475\n|switch|p2a: Victreebel|Victreebel, L90, F|290/290\n|-damage|p2a: Victreebel|254/290|[from] Stealth Rock\n|-activate|p2a: Victreebel|move: Sticky Web\n|-unboost|p2a: Victreebel|spe|1\n|turn|21\n|\n|t:|1770475489\n|switch|p1a: Delibird|Delibird, F|151/251\n|move|p2a: Victreebel|Sunny Day|p2a: Victreebel\n|-weather|SunnyDay\n|\n|-weather|SunnyDay|[upkeep]\n|upkeep\n|turn|22\n|\n|t:|1770475497\n|move|p2a: Victreebel|Weather Ball|p1a: Delibird\n|-supereffective|p1a: Delibird\n|-damage|p1a: Delibird|0 fnt\n|faint|p1a: Delibird\n|-damage|p2a: Victreebel|225/290|[from] item: Life Orb\n|\n|-weather|SunnyDay|[upkeep]\n|upkeep\n|\n|t:|1770475505\n|switch|p1a: Regigigas|Regigigas, L86|329/329\n|-start|p1a: Regigigas|ability: Slow Start\n|turn|23\n|\n|t:|1770475512\n|move|p2a: Victreebel|Sludge Bomb|p1a: Regigigas\n|-crit|p1a: Regigigas\n|-damage|p1a: Regigigas|146/329\n|-damage|p2a: Victreebel|196/290|[from] item: Life Orb\n|move|p1a: Regigigas|Thunder Wave|p2a: Victreebel\n|-status|p2a: Victreebel|par\n|\n|-weather|SunnyDay|[upkeep]\n|-heal|p1a: Regigigas|166/329|[from] item: Leftovers\n|upkeep\n|turn|24\n|\n|t:|1770475528\n|move|p2a: Victreebel|Power Whip|p1a: Regigigas\n|-damage|p1a: Regigigas|0 fnt\n|faint|p1a: Regigigas\n|-damage|p2a: Victreebel|167/290 par|[from] item: Life Orb\n|\n|-weather|SunnyDay|[upkeep]\n|upkeep\n|\n|t:|1770475539\n|switch|p1a: Sawsbuck|Sawsbuck-Summer, L88, F|284/284\n|turn|25\n|\n|t:|1770475544\n|move|p1a: Sawsbuck|Substitute|p1a: Sawsbuck\n|-start|p1a: Sawsbuck|Substitute\n|-damage|p1a: Sawsbuck|213/284\n|move|p2a: Victreebel|Sludge Bomb|p1a: Sawsbuck\n|-supereffective|p1a: Sawsbuck\n|-end|p1a: Sawsbuck|Substitute\n|-damage|p2a: Victreebel|138/290 par|[from] item: Life Orb\n|\n|-weather|none\n|-heal|p1a: Sawsbuck|230/284|[from] item: Leftovers\n|upkeep\n|turn|26\n|\n|t:|1770475556\n|move|p1a: Sawsbuck|Substitute|p1a: Sawsbuck\n|-start|p1a: Sawsbuck|Substitute\n|-damage|p1a: Sawsbuck|159/284\n|cant|p2a: Victreebel|par\n|\n|-heal|p1a: Sawsbuck|176/284|[from] item: Leftovers\n|upkeep\n|turn|27\n|\n|t:|1770475564\n|move|p1a: Sawsbuck|Swords Dance|p1a: Sawsbuck\n|-boost|p1a: Sawsbuck|atk|2\n|move|p2a: Victreebel|Sludge Bomb|p1a: Sawsbuck\n|-supereffective|p1a: Sawsbuck\n|-end|p1a: Sawsbuck|Substitute\n|-damage|p2a: Victreebel|109/290 par|[from] item: Life Orb\n|\n|-heal|p1a: Sawsbuck|193/284|[from] item: Leftovers\n|upkeep\n|turn|28\n|\n|t:|1770475574\n|move|p1a: Sawsbuck|Headbutt|p2a: Victreebel\n|-damage|p2a: Victreebel|0 fnt\n|faint|p2a: Victreebel\n|\n|-heal|p1a: Sawsbuck|210/284|[from] item: Leftovers\n|upkeep\n|\n|t:|1770475578\n|switch|p2a: Ferrothorn|Ferrothorn, L72, F|100/226 frz\n|-damage|p2a: Ferrothorn|86/226 frz|[from] Stealth Rock\n|-activate|p2a: Ferrothorn|move: Sticky Web\n|-unboost|p2a: Ferrothorn|spe|1\n|turn|29\n|\n|t:|1770475590\n|move|p1a: Sawsbuck|Substitute|p1a: Sawsbuck\n|-start|p1a: Sawsbuck|Substitute\n|-damage|p1a: Sawsbuck|139/284\n|cant|p2a: Ferrothorn|frz\n|\n|-heal|p1a: Sawsbuck|156/284|[from] item: Leftovers\n|-heal|p2a: Ferrothorn|100/226 frz|[from] item: Leftovers\n|upkeep\n|turn|30\n|\n|t:|1770475598\n|move|p1a: Sawsbuck|Swords Dance|p1a: Sawsbuck\n|-boost|p1a: Sawsbuck|atk|2\n|cant|p2a: Ferrothorn|frz\n|\n|-heal|p1a: Sawsbuck|173/284|[from] item: Leftovers\n|-heal|p2a: Ferrothorn|114/226 frz|[from] item: Leftovers\n|upkeep\n|turn|31\n|\n|t:|1770475608\n|move|p1a: Sawsbuck|Horn Leech|p2a: Ferrothorn\n|-resisted|p2a: Ferrothorn\n|-damage|p2a: Ferrothorn|60/226 frz\n|-heal|p1a: Sawsbuck|200/284|[from] drain|[of] p2a: Ferrothorn\n|-damage|p1a: Sawsbuck|165/284|[from] ability: Iron Barbs|[of] p2a: Ferrothorn\n|cant|p2a: Ferrothorn|frz\n|\n|-heal|p1a: Sawsbuck|182/284|[from] item: Leftovers\n|-heal|p2a: Ferrothorn|74/226 frz|[from] item: Leftovers\n|upkeep\n|turn|32\n|\n|t:|1770475629\n|move|p1a: Sawsbuck|Headbutt|p2a: Ferrothorn\n|-resisted|p2a: Ferrothorn\n|-damage|p2a: Ferrothorn|0 fnt\n|-damage|p1a: Sawsbuck|147/284|[from] ability: Iron Barbs|[of] p2a: Ferrothorn\n|faint|p2a: Ferrothorn\n|\n|-heal|p1a: Sawsbuck|164/284|[from] item: Leftovers\n|upkeep\n|\n|t:|1770475633\n|switch|p2a: Farfetch’d|Farfetch’d, M|89/266\n|-damage|p2a: Farfetch’d|23/266|[from] Stealth Rock\n|turn|33\n|\n|t:|1770475641\n|move|p1a: Sawsbuck|Headbutt|p2a: Farfetch’d\n|-damage|p2a: Farfetch’d|0 fnt\n|faint|p2a: Farfetch’d\n|\n|-heal|p1a: Sawsbuck|181/284|[from] item: Leftovers\n|upkeep\n|\n|t:|1770475643\n|switch|p2a: Gumshoos|Gumshoos, L94, M|318/318\n|-damage|p2a: Gumshoos|279/318|[from] Stealth Rock\n|-activate|p2a: Gumshoos|move: Sticky Web\n|-unboost|p2a: Gumshoos|spe|1\n|turn|34\n|\n|t:|1770475653\n|move|p1a: Sawsbuck|Horn Leech|p2a: Gumshoos\n|-damage|p2a: Gumshoos|0 fnt\n|-heal|p1a: Sawsbuck|284/284|[from] drain|[of] p2a: Gumshoos\n|faint|p2a: Gumshoos\n|\n|win|Blade Luther\n|raw|Blade Luther's rating: 1540 &rarr; <strong>1559</strong><br />(+19 for winning)\n|raw|Unkel's rating: 1527 &rarr; <strong>1508</strong><br />(-19 for losing)\n|l|☆Unkel\n|player|p2|\n", "inputlog": ">version ccdc32dd7cde25fd9e4bed64820e885f66e78a4e\n>start {\"formatid\":\"gen7randombattle\",\"seed\":\"sodium,c7b98a69f575ab4276584454a376bb7d\",\"rated\":\"Rated battle\"}\n>player p1 {\"name\":\"Blade Luther\",\"avatar\":\"ethan-masters\",\"rating\":1540,\"seed\":\"sodium,a3fd9340e6cddc48dd4f5522c98f4249\"}\n>player p2 {\"name\":\"Unkel\",\"avatar\":\"1\",\"rating\":1527,\"seed\":\"sodium,0f500e4a619c73e54a1fbf232d8a3b5b\"}\n>p1 move whirlwind\n>p2 move shellsmash\n>p1 move stealthrock\n>p2 move thunderwave\n>p1 move whirlwind\n>p2 move drainpunch\n>p1 move bravebird\n>p2 move knockoff\n>p1 move bravebird\n>p2 move knockoff\n>p1 switch 5\n>p1 move stickyweb\n>p2 switch 2\n>p1 move encore\n>p2 move shellsmash\n>p1 switch 3\n>p2 move shellsmash\n>p1 move thunderbolt\n>p2 move shellsmash\n>p2 switch 3\n>p1 switch 2\n>p2 move stealthrock\n>p1 move rapidspin\n>p2 move knockoff\n>p1 move freezedry\n>p2 move stealthrock\n>p1 move freezedry\n>p2 move powerwhip\n>p1 move freezedry\n>p2 switch 5\n>p1 switch 3\n>p2 move thunderwave\n>p1 move knockoff\n>p2 move stoneedge\n>p1 move toxic\n>p2 move stoneedge\n>p1 move knockoff\n>p2 move stoneedge\n>p1 switch 2\n>p1 move protect\n>p2 move earthquake\n>p1 move thunderbolt\n>p2 move stoneedge\n>p2 switch 4\n>p1 switch 3\n>p2 move sunnyday\n>p1 move freezedry\n>p2 move weatherball\n>p1 switch 4\n>p1 move thunderwave\n>p2 move sludgebomb\n>p1 move knockoff\n>p2 move powerwhip\n>p1 switch 6\n>p1 move substitute\n>p2 move sludgebomb\n>p1 move substitute\n>p2 move sludgebomb\n>p1 move swordsdance\n>p2 move sludgebomb\n>p1 move headbutt\n>p2 move sludgebomb\n>p2 switch 5\n>p1 move substitute\n>p2 move knockoff\n>p1 move swordsdance\n>p2 move knockoff\n>p1 move hornleech\n>p2 move knockoff\n>p1 move headbutt\n>p2 move knockoff\n>p2 switch 2\n>p1 move headbutt\n>p2 move bravebird\n>p2 switch 6\n>p1 move hornleech\n>p2 move return", "uploadtime": 1770475662, "views": 187, "formatid": "gen7randombattle", "rating": 1508, "private": 0, "password": null}