{"id": "gen7randombattle-2539774425", "format": "[Gen 7] Random Battle", "players": ["grummybear45", "NTsweeper007"], "log": "|j|☆grummybear45\n|j|☆NTsweeper007\n|t:|1771107267\n|gametype|singles\n|player|p1|grummybear45|lacey|1649\n|player|p2|NTsweeper007|hilbert-wonderlauncher|1764\n|gen|7\n|tier|[Gen 7] Random Battle\n|rated|\n|rule|Sleep Clause Mod: Limit one foe put to sleep\n|rule|HP Percentage Mod: HP is shown in percentages\n|rule|Illusion Level Mod: Illusion disguises the Pokémon's true level\n|\n|t:|1771107267\n|teamsize|p1|6\n|teamsize|p2|6\n|start\n|switch|p1a: Tangrowth|Tangrowth, L89, F|323/323\n|switch|p2a: Articuno|Articuno, L85|291/291\n|-ability|p2a: Articuno|Pressure\n|turn|1\n|inactive|Battle timer is ON: inactive players will automatically lose when time's up. (requested by grummybear45)\n|\n|t:|1771107290\n|move|p2a: Articuno|Toxic|p1a: Tangrowth\n|-status|p1a: Tangrowth|tox\n|move|p1a: Tangrowth|Rock Slide|p2a: Articuno\n|-supereffective|p2a: Articuno\n|-damage|p2a: Articuno|75/291\n|\n|-heal|p2a: Articuno|93/291|[from] item: Leftovers\n|-damage|p1a: Tangrowth|303/323 tox|[from] psn\n|upkeep\n|turn|2\n|\n|t:|1771107296\n|switch|p1a: Arcanine|Arcanine, L84, M|288/288\n|-ability|p1a: Arcanine|Intimidate|boost\n|-unboost|p2a: Articuno|atk|1\n|move|p2a: Articuno|Roost|p2a: Articuno\n|-heal|p2a: Articuno|239/291\n|-singleturn|p2a: Articuno|move: Roost\n|\n|-heal|p2a: Articuno|257/291|[from] item: Leftovers\n|upkeep\n|turn|3\n|\n|t:|1771107300\n|switch|p2a: Jellicent|Jellicent, L88, F|319/319\n|move|p1a: Arcanine|Close Combat|p2a: Jellicent\n|-immune|p2a: Jellicent\n|\n|upkeep\n|turn|4\n|\n|t:|1771107307\n|switch|p1a: Tangrowth|Tangrowth, L89, F|323/323 tox\n|move|p2a: Jellicent|Ice Beam|p1a: Tangrowth\n|-supereffective|p1a: Tangrowth\n|-damage|p1a: Tangrowth|207/323 tox\n|\n|-damage|p1a: Tangrowth|187/323 tox|[from] psn\n|upkeep\n|turn|5\n|\n|t:|1771107310\n|move|p2a: Jellicent|Ice Beam|p1a: Tangrowth\n|-supereffective|p1a: Tangrowth\n|-damage|p1a: Tangrowth|63/323 tox\n|move|p1a: Tangrowth|Knock Off|p2a: Jellicent\n|-supereffective|p2a: Jellicent\n|-damage|p2a: Jellicent|139/319\n|-enditem|p2a: Jellicent|Leftovers|[from] move: Knock Off|[of] p1a: Tangrowth\n|\n|-damage|p1a: Tangrowth|23/323 tox|[from] psn\n|upkeep\n|turn|6\n|\n|t:|1771107317\n|switch|p1a: Crabominable|Crabominable, L91, F|324/324\n|move|p2a: Jellicent|Scald|p1a: Crabominable\n|-damage|p1a: Crabominable|257/324\n|-status|p1a: Crabominable|brn\n|\n|-damage|p1a: Crabominable|237/324 brn|[from] brn\n|upkeep\n|turn|7\n|\n|t:|1771107320\n|move|p2a: Jellicent|Recover|p2a: Jellicent\n|-heal|p2a: Jellicent|299/319\n|move|p1a: Crabominable|Thunder Punch|p2a: Jellicent\n|-supereffective|p2a: Jellicent\n|-damage|p2a: Jellicent|193/319\n|\n|-damage|p1a: Crabominable|217/324 brn|[from] brn\n|upkeep\n|turn|8\n|\n|t:|1771107325\n|move|p2a: Jellicent|Scald|p1a: Crabominable\n|-damage|p1a: Crabominable|157/324 brn\n|move|p1a: Crabominable|Thunder Punch|p2a: Jellicent\n|-supereffective|p2a: Jellicent\n|-damage|p2a: Jellicent|82/319\n|\n|-damage|p1a: Crabominable|137/324 brn|[from] brn\n|upkeep\n|turn|9\n|\n|t:|1771107328\n|move|p2a: Jellicent|Recover|p2a: Jellicent\n|-heal|p2a: Jellicent|242/319\n|move|p1a: Crabominable|Thunder Punch|p2a: Jellicent\n|-supereffective|p2a: Jellicent\n|-damage|p2a: Jellicent|130/319\n|\n|-damage|p1a: Crabominable|117/324 brn|[from] brn\n|upkeep\n|turn|10\n|\n|t:|1771107329\n|move|p2a: Jellicent|Recover|p2a: Jellicent\n|-heal|p2a: Jellicent|290/319\n|move|p1a: Crabominable|Thunder Punch|p2a: Jellicent\n|-supereffective|p2a: Jellicent\n|-damage|p2a: Jellicent|179/319\n|-status|p2a: Jellicent|par\n|\n|-damage|p1a: Crabominable|97/324 brn|[from] brn\n|upkeep\n|turn|11\n|\n|t:|1771107332\n|move|p1a: Crabominable|Thunder Punch|p2a: Jellicent\n|-supereffective|p2a: Jellicent\n|-damage|p2a: Jellicent|74/319 par\n|cant|p2a: Jellicent|par\n|\n|-damage|p1a: Crabominable|77/324 brn|[from] brn\n|upkeep\n|turn|12\n|\n|t:|1771107344\n|move|p1a: Crabominable|Thunder Punch|p2a: Jellicent\n|-supereffective|p2a: Jellicent\n|-damage|p2a: Jellicent|0 fnt\n|faint|p2a: Jellicent\n|\n|-damage|p1a: Crabominable|57/324 brn|[from] brn\n|upkeep\n|\n|t:|1771107351\n|switch|p2a: Lickilicky|Lickilicky, L89, F|341/341\n|turn|13\n|\n|t:|1771107355\n|move|p2a: Lickilicky|Body Slam|p1a: Crabominable\n|-damage|p1a: Crabominable|0 fnt\n|faint|p1a: Crabominable\n|\n|upkeep\n|\n|t:|1771107357\n|switch|p1a: Hariyama|Hariyama, L87, F|392/392\n|turn|14\n|\n|t:|1771107362\n|move|p2a: Lickilicky|Explosion|p1a: Hariyama\n|-damage|p1a: Hariyama|46/392\n|faint|p2a: Lickilicky\n|move|p1a: Hariyama|Knock Off|p2: Lickilicky|[notarget]\n|-fail|p1a: Hariyama\n|\n|upkeep\n|\n|t:|1771107366\n|switch|p2a: Liepard|Liepard, L91, M|264/264\n|turn|15\n|\n|t:|1771107369\n|move|p1a: Hariyama|Bullet Punch|p2a: Liepard\n|-damage|p2a: Liepard|216/264\n|move|p2a: Liepard|Knock Off|p1a: Hariyama\n|-resisted|p1a: Hariyama\n|-damage|p1a: Hariyama|0 fnt\n|-enditem|p1a: Hariyama|Assault Vest|[from] move: Knock Off|[of] p2a: Liepard\n|faint|p1a: Hariyama\n|\n|-heal|p2a: Liepard|232/264|[from] item: Leftovers\n|upkeep\n|\n|t:|1771107373\n|switch|p1a: Arcanine|Arcanine, L84, M|288/288\n|-ability|p1a: Arcanine|Intimidate|boost\n|-unboost|p2a: Liepard|atk|1\n|turn|16\n|\n|t:|1771107377\n|move|p2a: Liepard|Substitute|p2a: Liepard\n|-start|p2a: Liepard|Substitute\n|-damage|p2a: Liepard|166/264\n|move|p1a: Arcanine|Close Combat|p2a: Liepard\n|-supereffective|p2a: Liepard\n|-end|p2a: Liepard|Substitute\n|-unboost|p1a: Arcanine|def|1\n|-unboost|p1a: Arcanine|spd|1\n|-damage|p1a: Arcanine|260/288|[from] item: Life Orb\n|\n|-heal|p2a: Liepard|182/264|[from] item: Leftovers\n|upkeep\n|turn|17\n|\n|t:|1771107382\n|move|p2a: Liepard|Thunder Wave|p1a: Arcanine\n|-status|p1a: Arcanine|par\n|cant|p1a: Arcanine|par\n|\n|-heal|p2a: Liepard|198/264|[from] item: Leftovers\n|upkeep\n|turn|18\n|\n|t:|1771107385\n|move|p2a: Liepard|Substitute|p2a: Liepard\n|-start|p2a: Liepard|Substitute\n|-damage|p2a: Liepard|132/264\n|move|p1a: Arcanine|Flare Blitz|p2a: Liepard\n|-end|p2a: Liepard|Substitute\n|-damage|p1a: Arcanine|238/288 par|[from] Recoil|[of] p2a: Liepard\n|-damage|p1a: Arcanine|210/288 par|[from] item: Life Orb\n|\n|-heal|p2a: Liepard|148/264|[from] item: Leftovers\n|upkeep\n|turn|19\n|\n|t:|1771107390\n|switch|p1a: Tangrowth|Tangrowth, L89, F|130/323 tox\n|move|p2a: Liepard|Substitute|p2a: Liepard\n|-start|p2a: Liepard|Substitute\n|-damage|p2a: Liepard|82/264\n|\n|-heal|p2a: Liepard|98/264|[from] item: Leftovers\n|-damage|p1a: Tangrowth|110/323 tox|[from] psn\n|upkeep\n|turn|20\n|\n|t:|1771107393\n|switch|p1a: Arcanine|Arcanine, L84, M|210/288 par\n|-ability|p1a: Arcanine|Intimidate|boost\n|-immune|p2a: Liepard\n|move|p2a: Liepard|Knock Off|p1a: Arcanine\n|-damage|p1a: Arcanine|125/288 par\n|-enditem|p1a: Arcanine|Life Orb|[from] move: Knock Off|[of] p2a: Liepard\n|\n|-heal|p2a: Liepard|114/264|[from] item: Leftovers\n|upkeep\n|turn|21\n|\n|t:|1771107396\n|move|p2a: Liepard|Knock Off|p1a: Arcanine\n|-damage|p1a: Arcanine|68/288 par\n|move|p1a: Arcanine|Morning Sun|p1a: Arcanine\n|-heal|p1a: Arcanine|212/288 par\n|\n|-heal|p2a: Liepard|130/264|[from] item: Leftovers\n|upkeep\n|turn|22\n|\n|t:|1771107401\n|move|p1a: Arcanine|Extreme Speed|p2a: Liepard\n|-end|p2a: Liepard|Substitute\n|move|p2a: Liepard|Encore|p1a: Arcanine\n|-start|p1a: Arcanine|Encore\n|\n|-heal|p2a: Liepard|146/264|[from] item: Leftovers\n|upkeep\n|turn|23\n|\n|t:|1771107407\n|switch|p2a: Articuno|Articuno, L85|257/291\n|-ability|p2a: Articuno|Pressure\n|cant|p1a: Arcanine|par\n|\n|-heal|p2a: Articuno|275/291|[from] item: Leftovers\n|upkeep\n|turn|24\n|\n|t:|1771107412\n|switch|p1a: Meowstic|Meowstic-F, L91, F|283/283\n|move|p2a: Articuno|Hurricane|p1a: Meowstic\n|-damage|p1a: Meowstic|165/283\n|\n|-heal|p2a: Articuno|291/291|[from] item: Leftovers\n|upkeep\n|turn|25\n|\n|t:|1771107418\n|move|p1a: Meowstic|Psyshock|p2a: Articuno\n|-damage|p2a: Articuno|181/291\n|-damage|p1a: Meowstic|137/283|[from] item: Life Orb\n|move|p2a: Articuno|Toxic|p1a: Meowstic\n|-status|p1a: Meowstic|tox\n|\n|-heal|p2a: Articuno|199/291|[from] item: Leftovers\n|-damage|p1a: Meowstic|120/283 tox|[from] psn\n|upkeep\n|turn|26\n|\n|t:|1771107422\n|move|p1a: Meowstic|Calm Mind|p1a: Meowstic\n|-boost|p1a: Meowstic|spa|1\n|-boost|p1a: Meowstic|spd|1\n|move|p2a: Articuno|Roost|p2a: Articuno\n|-heal|p2a: Articuno|291/291\n|-singleturn|p2a: Articuno|move: Roost\n|\n|-damage|p1a: Meowstic|86/283 tox|[from] psn\n|upkeep\n|turn|27\n|\n|t:|1771107426\n|move|p1a: Meowstic|Signal Beam|p2a: Articuno\n|-resisted|p2a: Articuno\n|-damage|p2a: Articuno|248/291\n|-damage|p1a: Meowstic|58/283 tox|[from] item: Life Orb\n|move|p2a: Articuno|Freeze-Dry|p1a: Meowstic\n|-damage|p1a: Meowstic|12/283 tox\n|\n|-heal|p2a: Articuno|266/291|[from] item: Leftovers\n|-damage|p1a: Meowstic|0 fnt|[from] psn\n|faint|p1a: Meowstic\n|upkeep\n|\n|t:|1771107428\n|switch|p1a: Arcanine|Arcanine, L84, M|212/288 par\n|-ability|p1a: Arcanine|Intimidate|boost\n|-unboost|p2a: Articuno|atk|1\n|turn|28\n|\n|t:|1771107431\n|move|p2a: Articuno|Hurricane|p1a: Arcanine|[miss]\n|-miss|p2a: Articuno|p1a: Arcanine\n|move|p1a: Arcanine|Flare Blitz|p2a: Articuno\n|-supereffective|p2a: Articuno\n|-damage|p2a: Articuno|14/291\n|-damage|p1a: Arcanine|129/288 par|[from] Recoil\n|\n|-heal|p2a: Articuno|32/291|[from] item: Leftovers\n|upkeep\n|turn|29\n|\n|t:|1771107435\n|switch|p2a: Lapras|Lapras, L88, F|372/372\n|move|p1a: Arcanine|Extreme Speed|p2a: Lapras\n|-damage|p2a: Lapras|309/372\n|\n|-heal|p2a: Lapras|332/372|[from] item: Leftovers\n|upkeep\n|turn|30\n|\n|t:|1771107440\n|switch|p1a: Tangrowth|Tangrowth, L89, F|217/323 tox\n|move|p2a: Lapras|Hydro Pump|p1a: Tangrowth\n|-resisted|p1a: Tangrowth\n|-damage|p1a: Tangrowth|167/323 tox\n|\n|-heal|p2a: Lapras|355/372|[from] item: Leftovers\n|-damage|p1a: Tangrowth|147/323 tox|[from] psn\n|upkeep\n|turn|31\n|\n|t:|1771107443\n|move|p2a: Lapras|Ice Beam|p1a: Tangrowth\n|-supereffective|p1a: Tangrowth\n|-damage|p1a: Tangrowth|0 fnt\n|faint|p1a: Tangrowth\n|\n|-heal|p2a: Lapras|372/372|[from] item: Leftovers\n|upkeep\n|\n|t:|1771107446\n|switch|p1a: Goodra|Goodra, L85, F|292/292\n|turn|32\n|\n|t:|1771107449\n|move|p1a: Goodra|Power Whip|p2a: Lapras\n|-supereffective|p2a: Lapras\n|-damage|p2a: Lapras|186/372\n|move|p2a: Lapras|Ice Beam|p1a: Goodra\n|-supereffective|p1a: Goodra\n|-damage|p1a: Goodra|206/292\n|\n|-heal|p2a: Lapras|209/372|[from] item: Leftovers\n|upkeep\n|turn|33\n|\n|t:|1771107452\n|switch|p2a: Liepard|Liepard, L91, M|146/264\n|move|p1a: Goodra|Power Whip|p2a: Liepard\n|-damage|p2a: Liepard|14/264\n|\n|-heal|p2a: Liepard|30/264|[from] item: Leftovers\n|upkeep\n|turn|34\n|\n|t:|1771107457\n|move|p2a: Liepard|Knock Off|p1a: Goodra\n|-damage|p1a: Goodra|86/292\n|-enditem|p1a: Goodra|Assault Vest|[from] move: Knock Off|[of] p2a: Liepard\n|move|p1a: Goodra|Earthquake|p2a: Liepard\n|-crit|p2a: Liepard\n|-damage|p2a: Liepard|0 fnt\n|faint|p2a: Liepard\n|\n|upkeep\n|\n|t:|1771107460\n|switch|p2a: Articuno|Articuno, L85|32/291\n|-ability|p2a: Articuno|Pressure\n|turn|35\n|\n|t:|1771107462\n|move|p2a: Articuno|Roost|p2a: Articuno\n|-heal|p2a: Articuno|178/291\n|-singleturn|p2a: Articuno|move: Roost\n|move|p1a: Goodra|Dragon Tail|p2a: Articuno\n|-damage|p2a: Articuno|114/291\n|drag|p2a: Lapras|Lapras, L88, F|209/372\n|\n|-heal|p2a: Lapras|232/372|[from] item: Leftovers\n|upkeep\n|turn|36\n|\n|t:|1771107467\n|move|p1a: Goodra|Power Whip|p2a: Lapras\n|-supereffective|p2a: Lapras\n|-damage|p2a: Lapras|52/372\n|move|p2a: Lapras|Ice Beam|p1a: Goodra\n|-supereffective|p1a: Goodra\n|-damage|p1a: Goodra|0 fnt\n|faint|p1a: Goodra\n|\n|-heal|p2a: Lapras|75/372|[from] item: Leftovers\n|upkeep\n|\n|t:|1771107469\n|switch|p1a: Arcanine|Arcanine, L84, M|129/288 par\n|-ability|p1a: Arcanine|Intimidate|boost\n|-unboost|p2a: Lapras|atk|1\n|turn|37\n|\n|t:|1771107472\n|move|p2a: Lapras|Hydro Pump|p1a: Arcanine\n|-supereffective|p1a: Arcanine\n|-damage|p1a: Arcanine|0 fnt\n|faint|p1a: Arcanine\n|\n|win|NTsweeper007\n|raw|grummybear45's rating: 1649 &rarr; <strong>1635</strong><br />(-14 for losing)\n|raw|NTsweeper007's rating: 1764 &rarr; <strong>1778</strong><br />(+14 for winning)\n|l|☆grummybear45\n|player|p1|\n", "inputlog": ">version ccdc32dd7cde25fd9e4bed64820e885f66e78a4e\n>start {\"formatid\":\"gen7randombattle\",\"seed\":\"sodium,03c39a4a62a793e25cb992122ac39c56\",\"rated\":\"Rated battle\"}\n>player p1 {\"name\":\"grummybear45\",\"avatar\":\"lacey\",\"rating\":1649,\"seed\":\"sodium,e6a59b08bd29bb3cabf84737eea174df\"}\n>player p2 {\"name\":\"NTsweeper007\",\"avatar\":\"hilbert-wonderlauncher\",\"rating\":1764,\"seed\":\"sodium,4cfb3da6829e8ec50e46751d1bca3528\"}\n>p1 move rockslide\n>p2 move toxic\n>p1 switch 6\n>p2 move roost\n>p1 move closecombat\n>p2 switch 2\n>p1 switch 6\n>p2 move icebeam\n>p1 move knockoff\n>p2 move icebeam\n>p1 switch 2\n>p2 move scald\n>p1 move thunderpunch\n>p2 move recover\n>p1 move thunderpunch\n>p2 move scald\n>p1 move thunderpunch\n>p2 move recover\n>p1 move thunderpunch\n>p2 move recover\n>p1 move thunderpunch\n>p2 move recover\n>p1 move thunderpunch\n>p2 move scald\n>p2 switch 6\n>p1 move drainpunch\n>p2 move bodyslam\n>p1 switch 3\n>p1 move knockoff\n>p2 move explosion\n>p2 switch 5\n>p1 move bulletpunch\n>p2 move knockoff\n>p1 switch 6\n>p1 move closecombat\n>p2 move substitute\n>p1 move flareblitz\n>p2 move thunderwave\n>p1 move flareblitz\n>p2 move substitute\n>p1 switch 2\n>p2 move substitute\n>p1 switch 2\n>p2 move knockoff\n>p1 move morningsun\n>p2 move knockoff\n>p1 move extremespeed\n>p2 move encore\n>p1 move extremespeed\n>p2 switch 2\n>p1 switch 4\n>p2 move hurricane\n>p1 move psyshock\n>p2 move toxic\n>p1 move calmmind\n>p2 move roost\n>p1 move signalbeam\n>p2 move freezedry\n>p1 switch 4\n>p1 move flareblitz\n>p2 move hurricane\n>p1 move extremespeed\n>p2 switch 4\n>p1 switch 2\n>p2 move hydropump\n>p1 move gigadrain\n>p2 move icebeam\n>p1 switch 5\n>p1 move powerwhip\n>p2 move icebeam\n>p1 move powerwhip\n>p2 switch 2\n>p1 move earthquake\n>p2 move knockoff\n>p2 switch 4\n>p1 move dragontail\n>p2 move roost\n>p1 move powerwhip\n>p2 move icebeam\n>p1 switch 2\n>p1 move morningsun\n>p2 move hydropump", "uploadtime": 1771107477, "views": 112, "formatid": "gen7randombattle", "rating": 1635, "private": 0, "password": null}