{"id": "gen7randombattle-2536122897", "format": "[Gen 7] Random Battle", "players": ["chelioss", "aurora ltd"], "log": "|j|☆chelioss\n|j|☆aurora ltd\n|t:|1770656347\n|gametype|singles\n|player|p1|chelioss|265|1700\n|player|p2|aurora ltd|1|1583\n|gen|7\n|tier|[Gen 7] Random Battle\n|rated|\n|rule|Sleep Clause Mod: Limit one foe put to sleep\n|rule|HP Percentage Mod: HP is shown in percentages\n|rule|Illusion Level Mod: Illusion disguises the Pokémon's true level\n|\n|t:|1770656347\n|teamsize|p1|6\n|teamsize|p2|6\n|start\n|switch|p1a: Granbull|Granbull, L89, F|305/305\n|switch|p2a: Miltank|Miltank, L85, F|300/300\n|-ability|p1a: Granbull|Intimidate|boost\n|-unboost|p2a: Miltank|atk|1\n|turn|1\n|\n|t:|1770656395\n|move|p2a: Miltank|Stealth Rock|p1a: Granbull\n|-sidestart|p1: chelioss|move: Stealth Rock\n|move|p1a: Granbull|Toxic|p2a: Miltank\n|-status|p2a: Miltank|tox\n|\n|-damage|p2a: Miltank|282/300 tox|[from] psn\n|upkeep\n|turn|2\n|inactive|Battle timer is ON: inactive players will automatically lose when time's up. (requested by chelioss)\n|\n|t:|1770656427\n|switch|p2a: Suicune|Suicune, L82|298/298\n|-ability|p2a: Suicune|Pressure\n|move|p1a: Granbull|Play Rough|p2a: Suicune\n|-damage|p2a: Suicune|195/298\n|\n|-heal|p2a: Suicune|213/298|[from] item: Leftovers\n|upkeep\n|turn|3\n|\n|t:|1770656440\n|move|p2a: Suicune|Substitute|p2a: Suicune\n|-start|p2a: Suicune|Substitute\n|-damage|p2a: Suicune|139/298\n|move|p1a: Granbull|Play Rough|p2a: Suicune\n|-end|p2a: Suicune|Substitute\n|\n|-heal|p2a: Suicune|157/298|[from] item: Leftovers\n|upkeep\n|turn|4\n|\n|t:|1770656461\n|move|p2a: Suicune|Protect|p2a: Suicune\n|-singleturn|p2a: Suicune|Protect\n|move|p1a: Granbull|Play Rough|p2a: Suicune\n|-activate|p2a: Suicune|move: Protect\n|\n|-heal|p2a: Suicune|175/298|[from] item: Leftovers\n|upkeep\n|turn|5\n|\n|t:|1770656468\n|move|p2a: Suicune|Scald|p1a: Granbull\n|-damage|p1a: Granbull|203/305\n|-status|p1a: Granbull|brn\n|move|p1a: Granbull|Play Rough|p2a: Suicune\n|-damage|p2a: Suicune|127/298\n|\n|-heal|p2a: Suicune|145/298|[from] item: Leftovers\n|-heal|p1a: Granbull|222/305 brn|[from] item: Leftovers\n|-damage|p1a: Granbull|203/305 brn|[from] brn\n|upkeep\n|turn|6\n|\n|t:|1770656484\n|switch|p1a: Stunfisk|Stunfisk, L88, M|335/335\n|-damage|p1a: Stunfisk|315/335|[from] Stealth Rock\n|move|p2a: Suicune|Substitute|p2a: Suicune\n|-start|p2a: Suicune|Substitute\n|-damage|p2a: Suicune|71/298\n|\n|-heal|p2a: Suicune|89/298|[from] item: Leftovers\n|-heal|p1a: Stunfisk|335/335|[from] item: Leftovers\n|upkeep\n|turn|7\n|c|☆chelioss|u lucky...\n|\n|t:|1770656503\n|move|p2a: Suicune|Scald|p1a: Stunfisk\n|-supereffective|p1a: Stunfisk\n|-damage|p1a: Stunfisk|197/335\n|-status|p1a: Stunfisk|brn\n|move|p1a: Stunfisk|Discharge|p2a: Suicune\n|-supereffective|p2a: Suicune\n|-end|p2a: Suicune|Substitute\n|\n|-heal|p2a: Suicune|107/298|[from] item: Leftovers\n|-heal|p1a: Stunfisk|217/335 brn|[from] item: Leftovers\n|-damage|p1a: Stunfisk|197/335 brn|[from] brn\n|upkeep\n|turn|8\n|c|☆chelioss|twice in a row? wow\n|\n|t:|1770656518\n|move|p2a: Suicune|Scald|p1a: Stunfisk\n|-supereffective|p1a: Stunfisk\n|-damage|p1a: Stunfisk|53/335 brn\n|move|p1a: Stunfisk|Discharge|p2a: Suicune\n|-supereffective|p2a: Suicune\n|-damage|p2a: Suicune|0 fnt\n|faint|p2a: Suicune\n|\n|-heal|p1a: Stunfisk|73/335 brn|[from] item: Leftovers\n|-damage|p1a: Stunfisk|53/335 brn|[from] brn\n|upkeep\n|c|☆chelioss|people from pokemon must owe u money\n|inactive|aurora ltd has 120 seconds left.\n|\n|t:|1770656538\n|switch|p2a: Raticate|Raticate, L88, F|240/240\n|turn|9\n|inactive|aurora ltd has 120 seconds left.\n|\n|t:|1770656558\n|move|p2a: Raticate|Facade|p1a: Stunfisk\n|-damage|p1a: Stunfisk|0 fnt\n|faint|p1a: Stunfisk\n|\n|-status|p2a: Raticate|brn|[from] item: Flame Orb\n|upkeep\n|\n|t:|1770656564\n|switch|p1a: Granbull|Granbull, L89, F|203/305 brn\n|-damage|p1a: Granbull|165/305 brn|[from] Stealth Rock\n|-ability|p1a: Granbull|Intimidate|boost\n|-unboost|p2a: Raticate|atk|1\n|turn|10\n|inactive|aurora ltd has 120 seconds left.\n|\n|t:|1770656583\n|switch|p1a: Mimikyu|Mimikyu, L73, M|201/201\n|-damage|p1a: Mimikyu|176/201|[from] Stealth Rock\n|move|p2a: Raticate|Swords Dance|p2a: Raticate\n|-boost|p2a: Raticate|atk|2\n|\n|-damage|p2a: Raticate|225/240 brn|[from] brn\n|upkeep\n|turn|11\n|inactive|aurora ltd has 120 seconds left.\n|\n|t:|1770656601\n|move|p2a: Raticate|Crunch|p1a: Mimikyu\n|-activate|p1a: Mimikyu|ability: Disguise\n|-damage|p1a: Mimikyu|176/201\n|detailschange|p1a: Mimikyu|Mimikyu-Busted, L73, M\n|-zpower|p1a: Mimikyu\n|move|p1a: Mimikyu|Let's Snuggle Forever|p2a: Raticate|[zeffect]\n|-damage|p2a: Raticate|38/240 brn\n|\n|-damage|p2a: Raticate|23/240 brn|[from] brn\n|upkeep\n|turn|12\n|\n|t:|1770656613\n|switch|p1a: Granbull|Granbull, L89, F|165/305 brn\n|-damage|p1a: Granbull|127/305 brn|[from] Stealth Rock\n|-ability|p1a: Granbull|Intimidate|boost\n|-unboost|p2a: Raticate|atk|1\n|move|p2a: Raticate|Crunch|p1a: Granbull\n|-resisted|p1a: Granbull\n|-damage|p1a: Granbull|83/305 brn\n|-unboost|p1a: Granbull|def|1\n|\n|-heal|p1a: Granbull|102/305 brn|[from] item: Leftovers\n|-damage|p2a: Raticate|8/240 brn|[from] brn\n|-damage|p1a: Granbull|83/305 brn|[from] brn\n|upkeep\n|turn|13\n|\n|t:|1770656627\n|move|p2a: Raticate|Stomping Tantrum|p1a: Granbull\n|-damage|p1a: Granbull|0 fnt\n|faint|p1a: Granbull\n|\n|-damage|p2a: Raticate|0 fnt|[from] brn\n|faint|p2a: Raticate\n|upkeep\n|inactive|aurora ltd has 90 seconds left.\n|\n|t:|1770656655\n|switch|p2a: Charizard|Charizard, L76, F|243/243\n|switch|p1a: Smeargle|Smeargle, L88, F|240/240\n|-damage|p1a: Smeargle|210/240|[from] Stealth Rock\n|turn|14\n|inactive|aurora ltd has 90 seconds left.\n|\n|t:|1770656672\n|detailschange|p2a: Charizard|Charizard-Mega-Y, L76, F\n|-mega|p2a: Charizard|Charizard|Charizardite Y\n|-weather|SunnyDay|[from] ability: Drought|[of] p2a: Charizard\n|move|p2a: Charizard|Fire Blast|p1a: Smeargle\n|-damage|p1a: Smeargle|0 fnt\n|faint|p1a: Smeargle\n|\n|-weather|SunnyDay|[upkeep]\n|upkeep\n|\n|t:|1770656683\n|switch|p1a: Nihilego|Nihilego, L79|302/302\n|-damage|p1a: Nihilego|265/302|[from] Stealth Rock\n|turn|15\n|inactive|aurora ltd has 90 seconds left.\n|\n|t:|1770656704\n|switch|p2a: Nidoqueen|Nidoqueen, L83, F|285/285\n|move|p1a: Nihilego|Power Gem|p2a: Nidoqueen\n|-resisted|p2a: Nidoqueen\n|-damage|p2a: Nidoqueen|237/285\n|\n|-weather|SunnyDay|[upkeep]\n|-heal|p1a: Nihilego|283/302|[from] item: Black Sludge\n|upkeep\n|turn|16\n|c|☆chelioss|ffs what a team\n|\n|t:|1770656719\n|switch|p1a: Diggersby|Diggersby, L82, F|274/274\n|-damage|p1a: Diggersby|257/274|[from] Stealth Rock\n|move|p2a: Nidoqueen|Earth Power|p1a: Diggersby\n|-damage|p1a: Diggersby|111/274\n|\n|-weather|SunnyDay|[upkeep]\n|upkeep\n|turn|17\n|\n|t:|1770656748\n|switch|p2a: Miltank|Miltank, L85, F|282/300 tox\n|move|p1a: Diggersby|Return|p2a: Miltank\n|-damage|p2a: Miltank|92/300 tox\n|\n|-weather|SunnyDay|[upkeep]\n|-heal|p2a: Miltank|110/300 tox|[from] item: Leftovers\n|-damage|p2a: Miltank|92/300 tox|[from] psn\n|upkeep\n|turn|18\n|\n|t:|1770656758\n|switch|p1a: Mimikyu|Mimikyu-Busted, L73, M|176/201\n|-damage|p1a: Mimikyu|151/201|[from] Stealth Rock\n|move|p2a: Miltank|Body Slam|p1a: Mimikyu\n|-immune|p1a: Mimikyu\n|\n|-weather|none\n|-heal|p2a: Miltank|110/300 tox|[from] item: Leftovers\n|-damage|p2a: Miltank|74/300 tox|[from] psn\n|upkeep\n|turn|19\n|\n|t:|1770656768\n|move|p2a: Miltank|Earthquake|p1a: Mimikyu\n|-damage|p1a: Mimikyu|74/201\n|move|p1a: Mimikyu|Swords Dance|p1a: Mimikyu\n|-boost|p1a: Mimikyu|atk|2\n|\n|-heal|p2a: Miltank|92/300 tox|[from] item: Leftovers\n|-damage|p2a: Miltank|38/300 tox|[from] psn\n|upkeep\n|turn|20\n|\n|t:|1770656779\n|move|p2a: Miltank|Earthquake|p1a: Mimikyu\n|-damage|p1a: Mimikyu|0 fnt\n|faint|p1a: Mimikyu\n|detailschange|p1: Mimikyu|Mimikyu, L73, M|[silent]\n|\n|-heal|p2a: Miltank|56/300 tox|[from] item: Leftovers\n|-damage|p2a: Miltank|0 fnt|[from] psn\n|faint|p2a: Miltank\n|upkeep\n|\n|t:|1770656790\n|switch|p2a: Blastoise|Blastoise, L86, F|276/276\n|switch|p1a: Diggersby|Diggersby, L82, F|111/274\n|-damage|p1a: Diggersby|94/274|[from] Stealth Rock\n|turn|21\n|c|☆chelioss|gg\n|\n|t:|1770656797\n|move|p1a: Diggersby|Quick Attack|p2a: Blastoise\n|-damage|p2a: Blastoise|198/276\n|move|p2a: Blastoise|Scald|p1a: Diggersby\n|-supereffective|p1a: Diggersby\n|-damage|p1a: Diggersby|0 fnt\n|faint|p1a: Diggersby\n|\n|-heal|p2a: Blastoise|215/276|[from] item: Leftovers\n|upkeep\n|\n|t:|1770656805\n|switch|p1a: Nihilego|Nihilego, L79|283/302\n|-damage|p1a: Nihilego|246/302|[from] Stealth Rock\n|turn|22\n|\n|t:|1770656811\n|move|p1a: Nihilego|Sludge Wave|p2a: Blastoise\n|-damage|p2a: Blastoise|127/276\n|move|p2a: Blastoise|Scald|p1a: Nihilego\n|-supereffective|p1a: Nihilego\n|-damage|p1a: Nihilego|118/302\n|\n|-heal|p1a: Nihilego|136/302|[from] item: Black Sludge\n|-heal|p2a: Blastoise|144/276|[from] item: Leftovers\n|upkeep\n|turn|23\n|\n|t:|1770656819\n|move|p1a: Nihilego|Sludge Wave|p2a: Blastoise\n|-damage|p2a: Blastoise|47/276\n|move|p2a: Blastoise|Scald|p1a: Nihilego\n|-supereffective|p1a: Nihilego\n|-damage|p1a: Nihilego|0 fnt\n|faint|p1a: Nihilego\n|\n|win|aurora ltd\n|raw|chelioss's rating: 1700 &rarr; <strong>1674</strong><br />(-26 for losing)\n|raw|aurora ltd's rating: 1583 &rarr; <strong>1609</strong><br />(+26 for winning)\n|l|☆chelioss\n|player|p1|\n", "inputlog": ">version ccdc32dd7cde25fd9e4bed64820e885f66e78a4e\n>start {\"formatid\":\"gen7randombattle\",\"seed\":\"sodium,a84f71e03b1578b7f6866f6e6adb8f4a\",\"rated\":\"Rated battle\"}\n>player p1 {\"name\":\"chelioss\",\"avatar\":\"265\",\"rating\":1700,\"seed\":\"sodium,d367a5c89399a76d05e315d231c38c15\"}\n>player p2 {\"name\":\"aurora ltd\",\"avatar\":\"1\",\"rating\":1583,\"seed\":\"sodium,f2bcfa80f73002337dda03bd9af031d2\"}\n>p1 move toxic\n>p2 move stealthrock\n>p1 move playrough\n>p2 switch 3\n>p1 move playrough\n>p2 move substitute\n>p1 move playrough\n>p2 move protect\n>p1 move playrough\n>p2 move scald\n>p1 switch 5\n>p2 move substitute\n>chat ☆chelioss|u lucky...\n>p1 move discharge\n>p2 move scald\n>chat ☆chelioss|twice in a row? wow\n>p1 move discharge\n>p2 move scald\n>chat ☆chelioss|people from pokemon must owe u money\n>p2 switch 6\n>p1 move rest\n>p2 move facade\n>p1 switch 5\n>p1 switch 2\n>p2 move swordsdance\n>p1 move playrough zmove\n>p2 move crunch\n>p1 switch 2\n>p2 move crunch\n>p1 move healbell\n>p2 move stompingtantrum\n>p1 switch 4\n>p2 switch 5\n>p1 move spore\n>p2 move fireblast mega\n>p1 switch 3\n>p1 move powergem\n>p2 switch 2\n>chat ☆chelioss|ffs what a team\n>p1 switch 6\n>p2 move earthpower\n>p1 move return\n>p2 switch 3\n>p1 switch 2\n>p2 move bodyslam\n>p1 move swordsdance\n>p2 move earthquake\n>p1 move swordsdance\n>p2 move earthquake\n>p1 switch 2\n>p2 switch 4\n>chat ☆chelioss|gg\n>p1 move quickattack\n>p2 move scald\n>p1 switch 6\n>p1 move sludgewave\n>p2 move scald\n>p1 move sludgewave\n>p2 move scald", "uploadtime": 1770656840, "views": 179, "formatid": "gen7randombattle", "rating": 1609, "private": 0, "password": null}