{"id": "gen7randombattle-2536106523", "format": "[Gen 7] Random Battle", "players": ["aurora ltd", "lucky100x"], "log": "|j|☆aurora ltd\n|j|☆lucky100x\n|t:|1770654836\n|gametype|singles\n|player|p1|aurora ltd|1|1552\n|player|p2|lucky100x|169|1699\n|gen|7\n|tier|[Gen 7] Random Battle\n|rated|\n|rule|Sleep Clause Mod: Limit one foe put to sleep\n|rule|HP Percentage Mod: HP is shown in percentages\n|rule|Illusion Level Mod: Illusion disguises the Pokémon's true level\n|\n|t:|1770654836\n|teamsize|p1|6\n|teamsize|p2|6\n|start\n|switch|p1a: Palkia|Palkia, L75|259/259\n|switch|p2a: Castform|Castform, L99, F|299/299\n|-ability|p1a: Palkia|Pressure\n|turn|1\n|inactive|Battle timer is ON: inactive players will automatically lose when time's up. (requested by lucky100x)\n|\n|t:|1770654868\n|switch|p1a: Banette|Banette, L87, M|253/253\n|-item|p2a: Castform|Assault Vest|[from] ability: Frisk|[of] p1a: Banette\n|move|p2a: Castform|Return|p1a: Banette\n|-immune|p1a: Banette\n|\n|upkeep\n|turn|2\n|\n|t:|1770654893\n|switch|p1a: Vigoroth|Vigoroth, L88, F|284/284\n|move|p2a: Castform|Scald|p1a: Vigoroth\n|-damage|p1a: Vigoroth|232/284\n|\n|upkeep\n|turn|3\n|\n|t:|1770654907\n|switch|p2a: Weezing|Weezing, L87, F|255/255\n|move|p1a: Vigoroth|Bulk Up|p1a: Vigoroth\n|-boost|p1a: Vigoroth|atk|1\n|-boost|p1a: Vigoroth|def|1\n|\n|upkeep\n|turn|4\n|\n|t:|1770654920\n|move|p1a: Vigoroth|Body Slam|p2a: Weezing\n|-damage|p2a: Weezing|155/255\n|move|p2a: Weezing|Will-O-Wisp|p1a: Vigoroth\n|-status|p1a: Vigoroth|brn\n|\n|-heal|p2a: Weezing|170/255|[from] item: Black Sludge\n|-damage|p1a: Vigoroth|215/284 brn|[from] brn\n|upkeep\n|turn|5\n|inactive|aurora ltd has 120 seconds left.\n|\n|t:|1770654948\n|move|p1a: Vigoroth|Bulk Up|p1a: Vigoroth\n|-boost|p1a: Vigoroth|atk|1\n|-boost|p1a: Vigoroth|def|1\n|move|p2a: Weezing|Toxic Spikes|p1a: Vigoroth\n|-sidestart|p1: aurora ltd|move: Toxic Spikes\n|\n|-heal|p2a: Weezing|185/255|[from] item: Black Sludge\n|-damage|p1a: Vigoroth|198/284 brn|[from] brn\n|upkeep\n|turn|6\n|inactive|aurora ltd has 120 seconds left.\n|\n|t:|1770654960\n|move|p1a: Vigoroth|Bulk Up|p1a: Vigoroth\n|-boost|p1a: Vigoroth|atk|1\n|-boost|p1a: Vigoroth|def|1\n|move|p2a: Weezing|Toxic Spikes|p1a: Vigoroth\n|-sidestart|p1: aurora ltd|move: Toxic Spikes\n|\n|-heal|p2a: Weezing|200/255|[from] item: Black Sludge\n|-damage|p1a: Vigoroth|181/284 brn|[from] brn\n|upkeep\n|turn|7\n|inactive|aurora ltd has 120 seconds left.\n|\n|t:|1770654973\n|move|p1a: Vigoroth|Body Slam|p2a: Weezing\n|-damage|p2a: Weezing|117/255\n|-status|p2a: Weezing|par\n|move|p2a: Weezing|Sludge Bomb|p1a: Vigoroth\n|-damage|p1a: Vigoroth|102/284 brn\n|\n|-heal|p2a: Weezing|132/255 par|[from] item: Black Sludge\n|-damage|p1a: Vigoroth|85/284 brn|[from] brn\n|upkeep\n|turn|8\n|inactive|aurora ltd has 120 seconds left.\n|\n|t:|1770654984\n|switch|p2a: Arceus|Arceus-Dark, L72|292/292\n|move|p1a: Vigoroth|Slack Off|p1a: Vigoroth\n|-heal|p1a: Vigoroth|227/284 brn\n|\n|-damage|p1a: Vigoroth|210/284 brn|[from] brn\n|upkeep\n|turn|9\n|inactive|aurora ltd has 120 seconds left.\n|\n|t:|1770655004\n|move|p2a: Arceus|Judgment|p1a: Vigoroth\n|-damage|p1a: Vigoroth|108/284 brn\n|move|p1a: Vigoroth|Bulk Up|p1a: Vigoroth\n|-boost|p1a: Vigoroth|atk|1\n|-boost|p1a: Vigoroth|def|1\n|\n|-damage|p1a: Vigoroth|91/284 brn|[from] brn\n|upkeep\n|turn|10\n|\n|t:|1770655010\n|move|p2a: Arceus|Judgment|p1a: Vigoroth\n|-damage|p1a: Vigoroth|0 fnt\n|faint|p1a: Vigoroth\n|\n|upkeep\n|\n|t:|1770655025\n|switch|p1a: Xerneas|Xerneas, L65|272/272\n|-status|p1a: Xerneas|tox\n|-ability|p1a: Xerneas|Fairy Aura\n|turn|11\n|\n|t:|1770655030\n|move|p2a: Arceus|Sludge Bomb|p1a: Xerneas\n|-supereffective|p1a: Xerneas\n|-damage|p1a: Xerneas|146/272 tox\n|move|p1a: Xerneas|Geomancy||[still]\n|-prepare|p1a: Xerneas|Geomancy\n|-enditem|p1a: Xerneas|Power Herb\n|-anim|p1a: Xerneas|Geomancy|p1a: Xerneas\n|-boost|p1a: Xerneas|spa|2\n|-boost|p1a: Xerneas|spd|2\n|-boost|p1a: Xerneas|spe|2\n|\n|-damage|p1a: Xerneas|129/272 tox|[from] psn\n|upkeep\n|turn|12\n|inactive|aurora ltd has 120 seconds left.\n|\n|t:|1770655040\n|switch|p2a: Weezing|Weezing, L87, F|132/255 par\n|move|p1a: Xerneas|Moonblast|p2a: Weezing\n|-resisted|p2a: Weezing\n|-damage|p2a: Weezing|16/255 par\n|\n|-heal|p2a: Weezing|31/255 par|[from] item: Black Sludge\n|-damage|p1a: Xerneas|95/272 tox|[from] psn\n|upkeep\n|turn|13\n|inactive|aurora ltd has 120 seconds left.\n|\n|t:|1770655051\n|move|p1a: Xerneas|Moonblast|p2a: Weezing\n|-resisted|p2a: Weezing\n|-damage|p2a: Weezing|0 fnt\n|faint|p2a: Weezing\n|\n|-damage|p1a: Xerneas|44/272 tox|[from] psn\n|upkeep\n|\n|t:|1770655063\n|switch|p2a: Castform|Castform, L99, F|299/299\n|turn|14\n|inactive|aurora ltd has 120 seconds left.\n|\n|t:|1770655080\n|move|p1a: Xerneas|Focus Blast|p2a: Castform\n|-supereffective|p2a: Castform\n|-damage|p2a: Castform|127/299\n|move|p2a: Castform|Ice Beam|p1a: Xerneas\n|-damage|p1a: Xerneas|3/272 tox\n|\n|-damage|p1a: Xerneas|0 fnt|[from] psn\n|faint|p1a: Xerneas\n|upkeep\n|\n|t:|1770655094\n|switch|p1a: Exeggutor|Exeggutor-Alola, L91, F|321/321\n|-status|p1a: Exeggutor|tox\n|-item|p2a: Castform|Assault Vest|[from] ability: Frisk|[of] p1a: Exeggutor\n|turn|15\n|\n|t:|1770655109\n|move|p2a: Castform|Ice Beam|p1a: Exeggutor\n|-supereffective|p1a: Exeggutor\n|-damage|p1a: Exeggutor|17/321 tox\n|move|p1a: Exeggutor|Draco Meteor|p2a: Castform\n|-damage|p2a: Castform|0 fnt\n|-unboost|p1a: Exeggutor|spa|2\n|faint|p2a: Castform\n|\n|-damage|p1a: Exeggutor|0 fnt|[from] psn\n|faint|p1a: Exeggutor\n|upkeep\n|\n|t:|1770655126\n|switch|p2a: Scyther|Scyther, L82, F|249/249\n|switch|p1a: Whiscash|Whiscash, L89, F|341/341\n|-status|p1a: Whiscash|tox\n|turn|16\n|\n|t:|1770655144\n|switch|p2a: Heatran|Heatran, L80, F|277/277\n|move|p1a: Whiscash|Dragon Dance|p1a: Whiscash\n|-boost|p1a: Whiscash|atk|1\n|-boost|p1a: Whiscash|spe|1\n|\n|-damage|p1a: Whiscash|320/341 tox|[from] psn\n|upkeep\n|turn|17\n|inactive|aurora ltd has 90 seconds left.\n|\n|t:|1770655163\n|switch|p2a: Claydol|Claydol, L89|252/252\n|move|p1a: Whiscash|Waterfall|p2a: Claydol\n|-supereffective|p2a: Claydol\n|-damage|p2a: Claydol|0 fnt\n|faint|p2a: Claydol\n|-damage|p1a: Whiscash|286/341 tox|[from] item: Life Orb\n|\n|-damage|p1a: Whiscash|244/341 tox|[from] psn\n|upkeep\n|\n|t:|1770655169\n|switch|p2a: Scyther|Scyther, L82, F|249/249\n|turn|18\n|\n|t:|1770655181\n|move|p1a: Whiscash|Waterfall|p2a: Scyther\n|-damage|p2a: Scyther|135/249\n|-damage|p1a: Whiscash|210/341 tox|[from] item: Life Orb\n|move|p2a: Scyther|Aerial Ace|p1a: Whiscash\n|-crit|p1a: Whiscash\n|-damage|p1a: Whiscash|48/341 tox\n|\n|-damage|p1a: Whiscash|0 fnt|[from] psn\n|faint|p1a: Whiscash\n|upkeep\n|inactive|aurora ltd has 90 seconds left.\n|\n|t:|1770655206\n|switch|p1a: Palkia|Palkia, L75|259/259\n|-status|p1a: Palkia|tox\n|-ability|p1a: Palkia|Pressure\n|turn|19\n|\n|t:|1770655212\n|move|p2a: Scyther|Roost|p2a: Scyther\n|-heal|p2a: Scyther|249/249\n|-singleturn|p2a: Scyther|move: Roost\n|move|p1a: Palkia|Thunder Wave|p2a: Scyther\n|-status|p2a: Scyther|par\n|\n|-damage|p1a: Palkia|243/259 tox|[from] psn\n|upkeep\n|turn|20\n|inactive|aurora ltd has 90 seconds left.\n|\n|t:|1770655218\n|move|p1a: Palkia|Fire Blast|p2a: Scyther\n|-supereffective|p2a: Scyther\n|-damage|p2a: Scyther|119/249 par\n|move|p2a: Scyther|Swords Dance|p2a: Scyther\n|-boost|p2a: Scyther|atk|2\n|\n|-damage|p1a: Palkia|211/259 tox|[from] psn\n|upkeep\n|turn|21\n|\n|t:|1770655225\n|move|p1a: Palkia|Fire Blast|p2a: Scyther\n|-supereffective|p2a: Scyther\n|-damage|p2a: Scyther|0 fnt\n|faint|p2a: Scyther\n|\n|-damage|p1a: Palkia|163/259 tox|[from] psn\n|upkeep\n|\n|t:|1770655233\n|switch|p2a: Heatran|Heatran, L80, F|277/277\n|turn|22\n|\n|t:|1770655240\n|switch|p2a: Arceus|Arceus-Dark, L72|292/292\n|move|p1a: Palkia|Hydro Pump|p2a: Arceus|[miss]\n|-miss|p1a: Palkia|p2a: Arceus\n|\n|-damage|p1a: Palkia|99/259 tox|[from] psn\n|upkeep\n|turn|23\n|\n|t:|1770655248\n|move|p2a: Arceus|Judgment|p1a: Palkia\n|-damage|p1a: Palkia|0 fnt\n|faint|p1a: Palkia\n|\n|upkeep\n|\n|t:|1770655252\n|switch|p1a: Banette|Banette, L87, M|253/253\n|-status|p1a: Banette|tox\n|-item|p2a: Arceus|Dread Plate|[from] ability: Frisk|[of] p1a: Banette\n|turn|24\n|inactive|aurora ltd has 120 seconds left.\n|c|☆lucky100x|gg\n|\n|t:|1770655262\n|detailschange|p1a: Banette|Banette-Mega, L87, M\n|-mega|p1a: Banette|Banette|Banettite\n|move|p1a: Banette|Destiny Bond|p1a: Banette\n|-singlemove|p1a: Banette|Destiny Bond\n|move|p2a: Arceus|Judgment|p1a: Banette\n|-supereffective|p1a: Banette\n|-damage|p1a: Banette|47/253 tox\n|\n|-damage|p1a: Banette|32/253 tox|[from] psn\n|upkeep\n|turn|25\n|\n|t:|1770655271\n|move|p1a: Banette|Will-O-Wisp|p2a: Arceus\n|-hint|Since gen 7, Dark is immune to Prankster moves.\n|-immune|p2a: Arceus\n|move|p2a: Arceus|Sludge Bomb|p1a: Banette\n|-resisted|p1a: Banette\n|-damage|p1a: Banette|5/253 tox\n|\n|-damage|p1a: Banette|0 fnt|[from] psn\n|faint|p1a: Banette\n|detailschange|p1: Banette|Banette, L87, M|[silent]\n|\n|win|lucky100x\n|raw|aurora ltd's rating: 1552 &rarr; <strong>1540</strong><br />(-12 for losing)\n|raw|lucky100x's rating: 1699 &rarr; <strong>1711</strong><br />(+12 for winning)\n|l|☆lucky100x\n|player|p2|\n", "inputlog": ">version ccdc32dd7cde25fd9e4bed64820e885f66e78a4e\n>start {\"formatid\":\"gen7randombattle\",\"seed\":\"sodium,e6526a87ebd52b07424a26f89c464356\",\"rated\":\"Rated battle\"}\n>player p1 {\"name\":\"aurora ltd\",\"avatar\":\"1\",\"rating\":1552,\"seed\":\"sodium,06c48639f5962724230bed9102ee20af\"}\n>player p2 {\"name\":\"lucky100x\",\"avatar\":\"169\",\"rating\":1699,\"seed\":\"sodium,b06b8ac8c69efc8a72261a95e7897197\"}\n>p1 switch 5\n>p2 move return\n>p1 switch 2\n>p2 move scald\n>p1 move bulkup\n>p2 switch 6\n>p1 move bodyslam\n>p2 move willowisp\n>p1 move bulkup\n>p2 move toxicspikes\n>p1 move bulkup\n>p2 move toxicspikes\n>p1 move bodyslam\n>p2 move sludgebomb\n>p1 move slackoff\n>p2 switch 5\n>p1 move bulkup\n>p2 move judgment\n>p1 move slackoff\n>p2 move judgment\n>p1 switch 3\n>p1 move geomancy\n>p2 move sludgebomb\n>p1 move moonblast\n>p2 switch 5\n>p1 move moonblast\n>p2 move sludgebomb\n>p2 switch 6\n>p1 move focusblast\n>p2 move icebeam\n>p1 switch 4\n>p1 move dracometeor\n>p2 move icebeam\n>p1 switch 6\n>p2 switch 4\n>p1 move dragondance\n>p2 switch 2\n>p1 move waterfall\n>p2 switch 3\n>p2 switch 2\n>p1 move waterfall\n>p2 move aerialace\n>p1 switch 5\n>p1 move thunderwave\n>p2 move roost\n>p1 move fireblast\n>p2 move swordsdance\n>p1 move fireblast\n>p2 move aerialace\n>p2 switch 3\n>p1 move hydropump\n>p2 switch 5\n>p1 move thunderwave\n>p2 move judgment\n>p1 switch 2\n>chat ☆lucky100x|gg\n>p1 move destinybond mega\n>p2 move judgment\n>p1 move willowisp\n>p2 move sludgebomb", "uploadtime": 1770655281, "views": 183, "formatid": "gen7randombattle", "rating": 1540, "private": 0, "password": null}