{"id": "gen7randombattle-2535272548", "format": "[Gen 7] Random Battle", "players": ["danielmax123", "MimikyuTrainerAsh"], "log": "|j|☆danielmax123\n|j|☆MimikyuTrainerAsh\n|t:|1770541849\n|gametype|singles\n|player|p1|danielmax123|265|1644\n|player|p2|MimikyuTrainerAsh|pokekid|1629\n|gen|7\n|tier|[Gen 7] Random Battle\n|rated|\n|rule|Sleep Clause Mod: Limit one foe put to sleep\n|rule|HP Percentage Mod: HP is shown in percentages\n|rule|Illusion Level Mod: Illusion disguises the Pokémon's true level\n|\n|t:|1770541849\n|teamsize|p1|6\n|teamsize|p2|6\n|start\n|switch|p1a: Bastiodon|Bastiodon, L94, M|265/265\n|switch|p2a: Girafarig|Girafarig, L95, M|287/287\n|turn|1\n|inactive|Battle timer is ON: inactive players will automatically lose when time's up. (requested by MimikyuTrainerAsh)\n|inactive|danielmax123 has 120 seconds left.\n|\n|t:|1770541880\n|move|p2a: Girafarig|Nasty Plot|p2a: Girafarig\n|-boost|p2a: Girafarig|spa|2\n|move|p1a: Bastiodon|Toxic|p2a: Girafarig\n|-status|p2a: Girafarig|tox\n|\n|-damage|p2a: Girafarig|270/287 tox|[from] psn\n|upkeep\n|turn|2\n|\n|t:|1770541884\n|move|p2a: Girafarig|Thunderbolt|p1a: Bastiodon\n|-damage|p1a: Bastiodon|129/265\n|-damage|p2a: Girafarig|242/287 tox|[from] item: Life Orb\n|move|p1a: Bastiodon|Roar|p2a: Girafarig\n|drag|p2a: Buzzwole|Buzzwole, L79|299/299\n|\n|-heal|p1a: Bastiodon|145/265|[from] item: Leftovers\n|upkeep\n|turn|3\n|\n|t:|1770541897\n|move|p2a: Buzzwole|Drain Punch|p1a: Bastiodon\n|-supereffective|p1a: Bastiodon\n|-damage|p1a: Bastiodon|0 fnt\n|faint|p1a: Bastiodon\n|-ability|p2a: Buzzwole|Beast Boost|boost\n|-boost|p2a: Buzzwole|atk|1\n|\n|upkeep\n|\n|t:|1770541900\n|switch|p1a: Palkia|Palkia, L75|259/259\n|-ability|p1a: Palkia|Pressure\n|turn|4\n|\n|t:|1770541903\n|move|p1a: Palkia|Fire Blast|p2a: Buzzwole\n|-supereffective|p2a: Buzzwole\n|-damage|p2a: Buzzwole|33/299\n|move|p2a: Buzzwole|Drain Punch|p1a: Palkia\n|-damage|p1a: Palkia|114/259\n|-heal|p2a: Buzzwole|106/299|[from] drain|[of] p1a: Palkia\n|\n|-heal|p2a: Buzzwole|124/299|[from] item: Leftovers\n|upkeep\n|turn|5\n|inactive|danielmax123 has 120 seconds left.\n|\n|t:|1770541934\n|switch|p2a: Girafarig|Girafarig, L95, M|242/287 tox\n|move|p1a: Palkia|Hydro Pump|p2a: Girafarig\n|-damage|p2a: Girafarig|59/287 tox\n|\n|-damage|p2a: Girafarig|42/287 tox|[from] psn\n|upkeep\n|turn|6\n|inactive|danielmax123 has 120 seconds left.\n|\n|t:|1770541950\n|switch|p1a: Suicune|Suicune, L82|298/298\n|-ability|p1a: Suicune|Pressure\n|move|p2a: Girafarig|Psyshock|p1a: Suicune\n|-damage|p1a: Suicune|184/298\n|-damage|p2a: Girafarig|14/287 tox|[from] item: Life Orb\n|\n|-damage|p2a: Girafarig|0 fnt|[from] psn\n|faint|p2a: Girafarig\n|upkeep\n|\n|t:|1770541954\n|switch|p2a: Meganium|Meganium, L92, F|297/297\n|turn|7\n|inactive|danielmax123 has 120 seconds left.\n|\n|t:|1770541975\n|switch|p1a: Tapu Bulu|Tapu Bulu, L82|249/249\n|-fieldstart|move: Grassy Terrain|[from] ability: Grassy Surge|[of] p1a: Tapu Bulu\n|move|p2a: Meganium|Toxic|p1a: Tapu Bulu\n|-status|p1a: Tapu Bulu|tox\n|\n|-damage|p1a: Tapu Bulu|234/249 tox|[from] psn\n|upkeep\n|turn|8\n|inactive|MimikyuTrainerAsh has 120 seconds left.\n|c|☆danielmax123|e\n|\n|t:|1770542031\n|move|p2a: Meganium|Energy Ball|p1a: Tapu Bulu\n|-resisted|p1a: Tapu Bulu\n|-damage|p1a: Tapu Bulu|167/249 tox\n|-unboost|p1a: Tapu Bulu|spd|1\n|move|p1a: Tapu Bulu|Megahorn|p2a: Meganium|[miss]\n|-miss|p1a: Tapu Bulu|p2a: Meganium\n|\n|-heal|p1a: Tapu Bulu|182/249 tox|[from] Grassy Terrain\n|-damage|p1a: Tapu Bulu|152/249 tox|[from] psn\n|upkeep\n|turn|9\n|inactive|danielmax123 has 120 seconds left.\n|\n|t:|1770542046\n|switch|p2a: Reshiram|Reshiram, L75|274/274\n|-ability|p2a: Reshiram|Turboblaze\n|switch|p1a: Palkia|Palkia, L75|114/259\n|-ability|p1a: Palkia|Pressure\n|\n|-heal|p1a: Palkia|130/259|[from] Grassy Terrain\n|upkeep\n|turn|10\n|\n|t:|1770542062\n|move|p1a: Palkia|Draco Meteor|p2a: Reshiram\n|-supereffective|p2a: Reshiram\n|-damage|p2a: Reshiram|0 fnt\n|-unboost|p1a: Palkia|spa|2\n|faint|p2a: Reshiram\n|\n|-heal|p1a: Palkia|146/259|[from] Grassy Terrain\n|upkeep\n|inactive|MimikyuTrainerAsh has 90 seconds left.\n|c|☆MimikyuTrainerAsh|thought it was faster\n|\n|t:|1770542081\n|switch|p2a: Meganium|Meganium, L92, F|297/297\n|turn|11\n|c|☆danielmax123|i double checked lol\n|\n|t:|1770542092\n|switch|p1a: Tapu Bulu|Tapu Bulu, L82|152/249 tox\n|move|p2a: Meganium|Energy Ball|p1a: Tapu Bulu\n|-resisted|p1a: Tapu Bulu\n|-damage|p1a: Tapu Bulu|82/249 tox\n|-unboost|p1a: Tapu Bulu|spd|1\n|\n|-heal|p1a: Tapu Bulu|97/249 tox|[from] Grassy Terrain\n|-damage|p1a: Tapu Bulu|82/249 tox|[from] psn\n|-fieldend|move: Grassy Terrain\n|upkeep\n|turn|12\n|\n|t:|1770542098\n|move|p2a: Meganium|Energy Ball|p1a: Tapu Bulu\n|-resisted|p1a: Tapu Bulu\n|-damage|p1a: Tapu Bulu|16/249 tox\n|move|p1a: Tapu Bulu|Megahorn|p2a: Meganium|[miss]\n|-miss|p1a: Tapu Bulu|p2a: Meganium\n|\n|-damage|p1a: Tapu Bulu|0 fnt|[from] psn\n|faint|p1a: Tapu Bulu\n|upkeep\n|c|☆danielmax123|100% sp def drop vs 0% emgahorn hit accuracy lmao\n|inactive|danielmax123 has 120 seconds left.\n|\n|t:|1770542138\n|switch|p1a: Cinccino|Cinccino, L84, F|263/263\n|turn|13\n|\n|t:|1770542144\n|move|p1a: Cinccino|Tail Slap|p2a: Meganium\n|-damage|p2a: Meganium|263/297\n|-damage|p2a: Meganium|227/297\n|-damage|p2a: Meganium|193/297\n|-damage|p2a: Meganium|162/297\n|-damage|p2a: Meganium|126/297\n|-hitcount|p2a: Meganium|5\n|move|p2a: Meganium|Leech Seed|p1a: Cinccino\n|-start|p1a: Cinccino|move: Leech Seed\n|\n|-heal|p2a: Meganium|144/297|[from] item: Leftovers\n|-damage|p1a: Cinccino|231/263|[from] Leech Seed|[of] p2a: Meganium\n|-heal|p2a: Meganium|176/297|[silent]\n|upkeep\n|turn|14\n|\n|t:|1770542153\n|switch|p1a: Palkia|Palkia, L75|146/259\n|-ability|p1a: Palkia|Pressure\n|move|p2a: Meganium|Synthesis|p2a: Meganium\n|-heal|p2a: Meganium|297/297\n|\n|upkeep\n|turn|15\n|\n|t:|1770542159\n|move|p2a: Meganium|Leech Seed|p1a: Palkia\n|-start|p1a: Palkia|move: Leech Seed\n|move|p1a: Palkia|Fire Blast|p2a: Meganium|[miss]\n|-miss|p1a: Palkia|p2a: Meganium\n|\n|-damage|p1a: Palkia|114/259|[from] Leech Seed|[of] p2a: Meganium\n|upkeep\n|turn|16\n|inactive|danielmax123 has 120 seconds left.\n|\n|t:|1770542167\n|switch|p1a: Cinccino|Cinccino, L84, F|231/263\n|move|p2a: Meganium|Energy Ball|p1a: Cinccino\n|-damage|p1a: Cinccino|110/263\n|\n|upkeep\n|turn|17\n|\n|t:|1770542175\n|move|p1a: Cinccino|Tail Slap|p2a: Meganium\n|-damage|p2a: Meganium|261/297\n|-damage|p2a: Meganium|225/297\n|-damage|p2a: Meganium|194/297\n|-damage|p2a: Meganium|161/297\n|-damage|p2a: Meganium|130/297\n|-hitcount|p2a: Meganium|5\n|move|p2a: Meganium|Energy Ball|p1a: Cinccino\n|-damage|p1a: Cinccino|0 fnt\n|faint|p1a: Cinccino\n|\n|-heal|p2a: Meganium|148/297|[from] item: Leftovers\n|upkeep\n|inactive|danielmax123 has 120 seconds left.\n|\n|t:|1770542188\n|switch|p1a: Bewear|Bewear, L84, M|339/339\n|turn|18\n|\n|t:|1770542194\n|switch|p2a: Stunfisk|Stunfisk, L88, F|335/335\n|move|p1a: Bewear|Double-Edge|p2a: Stunfisk\n|-damage|p2a: Stunfisk|172/335\n|-status|p1a: Bewear|par|[from] ability: Static|[of] p2a: Stunfisk\n|-damage|p1a: Bewear|285/339 par|[from] Recoil\n|\n|-heal|p2a: Stunfisk|192/335|[from] item: Leftovers\n|upkeep\n|turn|19\n|c|☆danielmax123|gg lol\n|\n|t:|1770542209\n|move|p1a: Bewear|Double-Edge|p2a: Stunfisk\n|-damage|p2a: Stunfisk|29/335\n|-damage|p1a: Bewear|231/339 par|[from] Recoil\n|move|p2a: Stunfisk|Discharge|p1a: Bewear\n|-damage|p1a: Bewear|126/339 par\n|\n|-heal|p2a: Stunfisk|49/335|[from] item: Leftovers\n|upkeep\n|turn|20\n|\n|t:|1770542216\n|move|p1a: Bewear|Double-Edge|p2a: Stunfisk\n|-damage|p2a: Stunfisk|0 fnt\n|faint|p2a: Stunfisk\n|-damage|p1a: Bewear|110/339 par|[from] Recoil\n|\n|upkeep\n|\n|t:|1770542222\n|switch|p2a: Aurorus|Aurorus, L88, F|360/360\n|-weather|Hail|[from] ability: Snow Warning|[of] p2a: Aurorus\n|turn|21\n|\n|t:|1770542229\n|switch|p1a: Suicune|Suicune, L82|184/298\n|-ability|p1a: Suicune|Pressure\n|move|p2a: Aurorus|Blizzard|p1a: Suicune\n|-resisted|p1a: Suicune\n|-damage|p1a: Suicune|130/298\n|\n|-weather|Hail|[upkeep]\n|-damage|p1a: Suicune|112/298|[from] Hail\n|upkeep\n|turn|22\n|\n|t:|1770542234\n|move|p1a: Suicune|Calm Mind|p1a: Suicune\n|-boost|p1a: Suicune|spa|1\n|-boost|p1a: Suicune|spd|1\n|move|p2a: Aurorus|Freeze-Dry|p1a: Suicune\n|-supereffective|p1a: Suicune\n|-crit|p1a: Suicune\n|-damage|p1a: Suicune|0 fnt\n|faint|p1a: Suicune\n|\n|-weather|Hail|[upkeep]\n|upkeep\n|\n|t:|1770542239\n|switch|p1a: Palkia|Palkia, L75|114/259\n|-ability|p1a: Palkia|Pressure\n|turn|23\n|c|☆MimikyuTrainerAsh|ggs\n|\n|t:|1770542244\n|switch|p2a: Buzzwole|Buzzwole, L79|124/299\n|move|p1a: Palkia|Hydro Pump|p2a: Buzzwole\n|-damage|p2a: Buzzwole|0 fnt\n|faint|p2a: Buzzwole\n|\n|-weather|Hail|[upkeep]\n|-damage|p1a: Palkia|98/259|[from] Hail\n|upkeep\n|\n|t:|1770542245\n|switch|p2a: Meganium|Meganium, L92, F|148/297\n|turn|24\n|\n|t:|1770542249\n|move|p2a: Meganium|Energy Ball|p1a: Palkia\n|-damage|p1a: Palkia|17/259\n|move|p1a: Palkia|Fire Blast|p2a: Meganium\n|-supereffective|p2a: Meganium\n|-damage|p2a: Meganium|0 fnt\n|faint|p2a: Meganium\n|\n|-weather|Hail|[upkeep]\n|-damage|p1a: Palkia|1/259|[from] Hail\n|upkeep\n|\n|t:|1770542252\n|switch|p2a: Aurorus|Aurorus, L88, F|360/360\n|turn|25\n|\n|t:|1770542260\n|switch|p1a: Bewear|Bewear, L84, M|110/339 par\n|move|p2a: Aurorus|Freeze-Dry|p1a: Bewear\n|-damage|p1a: Bewear|0 fnt\n|faint|p1a: Bewear\n|\n|-weather|none\n|upkeep\n|c|☆danielmax123|hmmmmmmmmmmm\n|\n|t:|1770542269\n|switch|p1a: Palkia|Palkia, L75|1/259\n|-ability|p1a: Palkia|Pressure\n|turn|26\n|c|☆MimikyuTrainerAsh|it’ll be close\n|c|☆MimikyuTrainerAsh|if hydro pump doesn’t miss you win\n|\n|t:|1770542281\n|move|p1a: Palkia|Hydro Pump|p2a: Aurorus\n|-supereffective|p2a: Aurorus\n|-damage|p2a: Aurorus|58/360\n|move|p2a: Aurorus|Freeze-Dry|p1a: Palkia\n|-supereffective|p1a: Palkia\n|-damage|p1a: Palkia|0 fnt\n|faint|p1a: Palkia\n|\n|win|MimikyuTrainerAsh\n|raw|danielmax123's rating: 1644 &rarr; <strong>1623</strong><br />(-21 for losing)\n|raw|MimikyuTrainerAsh's rating: 1629 &rarr; <strong>1650</strong><br />(+21 for winning)\n|c|☆danielmax123|palkia my love i love you more than dialga\n|c|☆MimikyuTrainerAsh|nvm\n|c|☆danielmax123|f\n|c|☆MimikyuTrainerAsh|ggs\n|c|☆danielmax123|i thought it kills lol\n", "inputlog": ">version ccdc32dd7cde25fd9e4bed64820e885f66e78a4e\n>start {\"formatid\":\"gen7randombattle\",\"seed\":\"sodium,ad2fc59f024719f0fd7d55606c99221b\",\"rated\":\"Rated battle\"}\n>player p1 {\"name\":\"danielmax123\",\"avatar\":\"265\",\"rating\":1644,\"seed\":\"sodium,9ae31f6723093b1f9e3a91d356bed3f3\"}\n>player p2 {\"name\":\"MimikyuTrainerAsh\",\"avatar\":\"pokekid\",\"rating\":1629,\"seed\":\"sodium,da6e4d5a3628559393ada6949a5f522c\"}\n>p1 move toxic\n>p2 move nastyplot\n>p1 move roar\n>p2 move thunderbolt\n>p1 move stealthrock\n>p2 move drainpunch\n>p1 switch 4\n>p1 move fireblast\n>p2 move drainpunch\n>p1 move hydropump\n>p2 switch 2\n>p1 switch 2\n>p2 move psyshock\n>p2 switch 6\n>p1 switch 3\n>p2 move toxic\n>chat ☆danielmax123|e\n>p1 move megahorn\n>p2 move energyball\n>p1 switch 2\n>p2 switch 4\n>p1 move dracometeor\n>p2 move dracometeor\n>chat ☆MimikyuTrainerAsh|thought it was faster \n>p2 switch 4\n>chat ☆danielmax123|i double checked lol\n>p1 switch 2\n>p2 move energyball\n>p1 move megahorn\n>p2 move energyball\n>chat ☆danielmax123|100% sp def drop vs 0% emgahorn hit accuracy lmao \n>p1 switch 6\n>p1 move tailslap\n>p2 move leechseed\n>p1 switch 2\n>p2 move synthesis\n>p1 move fireblast\n>p2 move leechseed\n>p1 switch 2\n>p2 move energyball\n>p1 move tailslap\n>p2 move energyball\n>p1 switch 5\n>p1 move doubleedge\n>p2 switch 3\n>chat ☆danielmax123|gg lol\n>p1 move doubleedge\n>p2 move discharge\n>p1 move doubleedge\n>p2 move rest\n>p2 switch 5\n>p1 switch 3\n>p2 move blizzard\n>p1 move calmmind\n>p2 move freezedry\n>p1 switch 2\n>chat ☆MimikyuTrainerAsh|ggs\n>p1 move hydropump\n>p2 switch 2\n>p2 switch 3\n>p1 move fireblast\n>p2 move energyball\n>p2 switch 2\n>p1 switch 3\n>p2 move freezedry\n>chat ☆danielmax123|hmmmmmmmmmmm\n>p1 switch 3\n>chat ☆MimikyuTrainerAsh|it’ll be close \n>chat ☆MimikyuTrainerAsh|if hydro pump doesn’t miss you win\n>p1 move hydropump\n>p2 move freezedry", "uploadtime": 1770542291, "views": 195, "formatid": "gen7randombattle", "rating": 1623, "private": 0, "password": null}