{"id": "gen7randombattle-2523952558", "format": "[Gen 7] Random Battle", "players": ["blackbeardi", "Pp1254"], "log": "|j|☆blackbeardi\n|j|☆Pp1254\n|t:|1769094122\n|gametype|singles\n|player|p1|blackbeardi|170|1740\n|player|p2|Pp1254|265|1703\n|gen|7\n|tier|[Gen 7] Random Battle\n|rated|\n|rule|Sleep Clause Mod: Limit one foe put to sleep\n|rule|HP Percentage Mod: HP is shown in percentages\n|rule|Illusion Level Mod: Illusion disguises the Pokémon's true level\n|\n|t:|1769094122\n|teamsize|p1|6\n|teamsize|p2|6\n|start\n|switch|p1a: Kecleon|Kecleon, L90, F|254/254\n|switch|p2a: Muk|Muk, L88, M|328/328\n|turn|1\n|inactive|Battle timer is ON: inactive players will automatically lose when time's up. (requested by blackbeardi)\n|\n|t:|1769094137\n|move|p2a: Muk|Brick Break|p1a: Kecleon\n|-supereffective|p1a: Kecleon\n|-damage|p1a: Kecleon|110/254\n|move|p1a: Kecleon|Stealth Rock|p2a: Muk\n|-start|p1a: Kecleon|typechange|Rock|[from] ability: Protean\n|-sidestart|p2: Pp1254|move: Stealth Rock\n|\n|upkeep\n|turn|2\n|\n|t:|1769094149\n|switch|p1a: Flygon|Flygon, L82, F|265/265\n|move|p2a: Muk|Brick Break|p1a: Flygon\n|-damage|p1a: Flygon|196/265\n|\n|upkeep\n|turn|3\n|\n|t:|1769094165\n|switch|p2a: Stantler|Stantler, L92, M|284/284\n|-damage|p2a: Stantler|249/284|[from] Stealth Rock\n|-ability|p2a: Stantler|Intimidate|boost\n|-unboost|p1a: Flygon|atk|1\n|move|p1a: Flygon|Earthquake|p2a: Stantler\n|-damage|p2a: Stantler|171/284\n|\n|upkeep\n|turn|4\n|\n|t:|1769094176\n|switch|p1a: Necrozma|Necrozma-Dawn-Wings, L71|255/255\n|move|p2a: Stantler|Double-Edge|p1a: Necrozma\n|-immune|p1a: Necrozma\n|\n|upkeep\n|turn|5\n|\n|t:|1769094187\n|switch|p2a: Pangoro|Pangoro, L86, M|304/304\n|-damage|p2a: Pangoro|285/304|[from] Stealth Rock\n|move|p1a: Necrozma|Photon Geyser|p2a: Pangoro\n|-immune|p2a: Pangoro\n|\n|upkeep\n|turn|6\n|\n|t:|1769094211\n|switch|p1a: Luxray|Luxray, L88, M|284/284\n|-ability|p1a: Luxray|Intimidate|boost\n|-unboost|p2a: Pangoro|atk|1\n|move|p2a: Pangoro|Knock Off|p1a: Luxray\n|-damage|p1a: Luxray|146/284\n|-enditem|p1a: Luxray|Assault Vest|[from] move: Knock Off|[of] p2a: Pangoro\n|\n|upkeep\n|turn|7\n|\n|t:|1769094222\n|switch|p2a: Muk|Muk, L88, M|328/328\n|-damage|p2a: Muk|287/328|[from] Stealth Rock\n|move|p1a: Luxray|Volt Switch|p2a: Muk\n|-damage|p2a: Muk|223/328\n|\n|t:|1769094230\n|switch|p1a: Necrozma|Necrozma-Dawn-Wings, L71|255/255|[from] Volt Switch\n|\n|-heal|p2a: Muk|243/328|[from] item: Black Sludge\n|upkeep\n|turn|8\n|\n|t:|1769094239\n|switch|p2a: Pangoro|Pangoro, L86, M|285/304\n|-damage|p2a: Pangoro|266/304|[from] Stealth Rock\n|move|p1a: Necrozma|Photon Geyser|p2a: Pangoro\n|-immune|p2a: Pangoro\n|\n|upkeep\n|turn|9\n|\n|t:|1769094250\n|switch|p1a: Luxray|Luxray, L88, M|146/284\n|-ability|p1a: Luxray|Intimidate|boost\n|-unboost|p2a: Pangoro|atk|1\n|move|p2a: Pangoro|Drain Punch|p1a: Luxray\n|-damage|p1a: Luxray|10/284\n|-heal|p2a: Pangoro|304/304|[from] drain|[of] p1a: Luxray\n|\n|upkeep\n|turn|10\n|\n|t:|1769094259\n|switch|p2a: Muk|Muk, L88, M|243/328\n|-damage|p2a: Muk|202/328|[from] Stealth Rock\n|move|p1a: Luxray|Volt Switch|p2a: Muk\n|-damage|p2a: Muk|132/328\n|\n|t:|1769094267\n|switch|p1a: Flygon|Flygon, L82, F|196/265|[from] Volt Switch\n|\n|-heal|p2a: Muk|152/328|[from] item: Black Sludge\n|upkeep\n|turn|11\n|\n|t:|1769094297\n|move|p1a: Flygon|Earthquake|p2a: Muk\n|-supereffective|p2a: Muk\n|-damage|p2a: Muk|0 fnt\n|faint|p2a: Muk\n|\n|upkeep\n|inactive|Pp1254 has 120 seconds left.\n|\n|t:|1769094309\n|switch|p2a: Butterfree|Butterfree, L90, F|253/253\n|-damage|p2a: Butterfree|127/253|[from] Stealth Rock\n|turn|12\n|\n|t:|1769094317\n|move|p1a: Flygon|Stone Edge|p2a: Butterfree\n|-supereffective|p2a: Butterfree\n|-damage|p2a: Butterfree|0 fnt\n|faint|p2a: Butterfree\n|\n|upkeep\n|\n|t:|1769094322\n|switch|p2a: Stantler|Stantler, L92, M|171/284\n|-damage|p2a: Stantler|136/284|[from] Stealth Rock\n|-ability|p2a: Stantler|Intimidate|boost\n|-unboost|p1a: Flygon|atk|1\n|turn|13\n|\n|t:|1769094334\n|switch|p1a: Kecleon|Kecleon, L90, F|110/254\n|move|p2a: Stantler|Throat Chop|p1a: Kecleon\n|-damage|p1a: Kecleon|3/254\n|-start|p1a: Kecleon|Throat Chop|[silent]\n|\n|upkeep\n|turn|14\n|\n|t:|1769094340\n|move|p1a: Kecleon|Sucker Punch|p2a: Stantler\n|-start|p1a: Kecleon|typechange|Dark|[from] ability: Protean\n|-damage|p2a: Stantler|39/284\n|move|p2a: Stantler|Throat Chop|p1a: Kecleon\n|-resisted|p1a: Kecleon\n|-damage|p1a: Kecleon|0 fnt\n|faint|p1a: Kecleon\n|\n|upkeep\n|\n|t:|1769094354\n|switch|p1a: Flygon|Flygon, L82, F|196/265\n|turn|15\n|\n|t:|1769094366\n|switch|p2a: Pangoro|Pangoro, L86, M|304/304\n|-damage|p2a: Pangoro|285/304|[from] Stealth Rock\n|move|p1a: Flygon|Dragon Dance|p1a: Flygon\n|-boost|p1a: Flygon|atk|1\n|-boost|p1a: Flygon|spe|1\n|\n|upkeep\n|turn|16\n|\n|t:|1769094376\n|switch|p2a: Stantler|Stantler, L92, M|39/284\n|-damage|p2a: Stantler|4/284|[from] Stealth Rock\n|-ability|p2a: Stantler|Intimidate|boost\n|-unboost|p1a: Flygon|atk|1\n|move|p1a: Flygon|Outrage|p2a: Stantler\n|-damage|p2a: Stantler|0 fnt\n|faint|p2a: Stantler\n|\n|upkeep\n|\n|t:|1769094387\n|switch|p2a: Solgaleo|Solgaleo, L73|320/320\n|-damage|p2a: Solgaleo|300/320|[from] Stealth Rock\n|turn|17\n|\n|t:|1769094392\n|move|p1a: Flygon|Outrage|p2a: Solgaleo|[from] lockedmove\n|-resisted|p2a: Solgaleo\n|-damage|p2a: Solgaleo|244/320\n|move|p2a: Solgaleo|Sunsteel Strike|p1a: Flygon\n|-damage|p1a: Flygon|72/265\n|\n|-heal|p2a: Solgaleo|264/320|[from] item: Leftovers\n|upkeep\n|turn|18\n|\n|t:|1769094403\n|move|p1a: Flygon|Outrage|p2a: Solgaleo|[from] lockedmove\n|-resisted|p2a: Solgaleo\n|-damage|p2a: Solgaleo|202/320\n|-start|p1a: Flygon|confusion|[fatigue]\n|-enditem|p1a: Flygon|Lum Berry|[eat]\n|-end|p1a: Flygon|confusion\n|move|p2a: Solgaleo|Sunsteel Strike|p1a: Flygon\n|-damage|p1a: Flygon|0 fnt\n|faint|p1a: Flygon\n|\n|-heal|p2a: Solgaleo|222/320|[from] item: Leftovers\n|upkeep\n|\n|t:|1769094419\n|switch|p1a: Heatmor|Heatmor, L93, F|309/309\n|turn|19\n|\n|t:|1769094427\n|switch|p2a: Bibarel|Bibarel, L90, F|289/289\n|-damage|p2a: Bibarel|253/289|[from] Stealth Rock\n|move|p1a: Heatmor|Fire Blast|p2a: Bibarel\n|-resisted|p2a: Bibarel\n|-damage|p2a: Bibarel|139/289\n|-damage|p1a: Heatmor|279/309|[from] item: Life Orb\n|\n|upkeep\n|turn|20\n|\n|t:|1769094436\n|switch|p1a: Luxray|Luxray, L88, M|10/284\n|-ability|p1a: Luxray|Intimidate|boost\n|-unboost|p2a: Bibarel|atk|2\n|move|p2a: Bibarel|Liquidation|p1a: Luxray\n|-damage|p1a: Luxray|0 fnt\n|faint|p1a: Luxray\n|-damage|p2a: Bibarel|111/289|[from] item: Life Orb\n|\n|upkeep\n|\n|t:|1769094447\n|switch|p1a: Kingler|Kingler, L87, F|237/237\n|turn|21\n|\n|t:|1769094452\n|switch|p2a: Pangoro|Pangoro, L86, M|285/304\n|-damage|p2a: Pangoro|266/304|[from] Stealth Rock\n|move|p1a: Kingler|Knock Off|p2a: Pangoro\n|-resisted|p2a: Pangoro\n|-damage|p2a: Pangoro|236/304\n|-enditem|p2a: Pangoro|Choice Band|[from] move: Knock Off|[of] p1a: Kingler\n|-damage|p1a: Kingler|214/237|[from] item: Life Orb\n|\n|upkeep\n|turn|22\n|\n|t:|1769094462\n|move|p1a: Kingler|Liquidation|p2a: Pangoro\n|-damage|p2a: Pangoro|36/304\n|move|p2a: Pangoro|Knock Off|p1a: Kingler\n|-damage|p1a: Kingler|105/237\n|-enditem|p1a: Kingler|Life Orb|[from] move: Knock Off|[of] p2a: Pangoro\n|\n|upkeep\n|turn|23\n|\n|t:|1769094485\n|switch|p2a: Solgaleo|Solgaleo, L73|222/320\n|-damage|p2a: Solgaleo|202/320|[from] Stealth Rock\n|move|p1a: Kingler|Liquidation|p2a: Solgaleo\n|-damage|p2a: Solgaleo|34/320\n|\n|-heal|p2a: Solgaleo|54/320|[from] item: Leftovers\n|upkeep\n|turn|24\n|\n|t:|1769094503\n|move|p2a: Solgaleo|Earthquake|p1a: Kingler\n|-damage|p1a: Kingler|51/237\n|move|p1a: Kingler|Liquidation|p2a: Solgaleo\n|-damage|p2a: Solgaleo|0 fnt\n|faint|p2a: Solgaleo\n|\n|upkeep\n|\n|t:|1769094509\n|switch|p2a: Bibarel|Bibarel, L90, F|111/289\n|-damage|p2a: Bibarel|75/289|[from] Stealth Rock\n|turn|25\n|\n|t:|1769094514\n|move|p2a: Bibarel|Quick Attack|p1a: Kingler\n|-damage|p1a: Kingler|8/237\n|-damage|p2a: Bibarel|47/289|[from] item: Life Orb\n|move|p1a: Kingler|Knock Off|p2a: Bibarel\n|-damage|p2a: Bibarel|0 fnt\n|-enditem|p2a: Bibarel|Life Orb|[from] move: Knock Off|[of] p1a: Kingler\n|faint|p2a: Bibarel\n|\n|upkeep\n|\n|t:|1769094528\n|switch|p2a: Pangoro|Pangoro, L86, M|36/304\n|-damage|p2a: Pangoro|17/304|[from] Stealth Rock\n|turn|26\n|-message|Pp1254 forfeited.\n|\n|win|blackbeardi\n|raw|blackbeardi's rating: 1740 &rarr; <strong>1758</strong><br />(+18 for winning)\n|raw|Pp1254's rating: 1703 &rarr; <strong>1685</strong><br />(-18 for losing)\n", "inputlog": ">version dd3d52b8382d73d1dd2c67730c4067df325ab790\n>start {\"formatid\":\"gen7randombattle\",\"seed\":\"sodium,09fbaf003c90e1142691c2637f2ae603\",\"rated\":\"Rated battle\"}\n>player p1 {\"name\":\"blackbeardi\",\"avatar\":\"170\",\"rating\":1740,\"seed\":\"sodium,fe52cb13a6967628239282fc80bfc159\"}\n>player p2 {\"name\":\"Pp1254\",\"avatar\":\"265\",\"rating\":1703,\"seed\":\"sodium,93857ecb9602dc9fdf1bfc7eae6a3fa3\"}\n>p1 move stealthrock\n>p2 move brickbreak\n>p1 switch 2\n>p2 move brickbreak\n>p1 move earthquake\n>p2 switch 5\n>p1 switch 6\n>p2 move doubleedge\n>p1 move photongeyser\n>p2 switch 6\n>p1 switch 5\n>p2 move knockoff\n>p1 move voltswitch\n>p2 switch 5\n>p1 switch 5\n>p1 move photongeyser\n>p2 switch 5\n>p1 switch 5\n>p2 move drainpunch\n>p1 move voltswitch\n>p2 switch 5\n>p1 switch 6\n>p1 move earthquake\n>p2 move icepunch\n>p2 switch 3\n>p1 move stoneedge\n>p2 move quiverdance\n>p2 switch 6\n>p1 switch 2\n>p2 move throatchop\n>p1 move suckerpunch\n>p2 move throatchop\n>p1 switch 2\n>p1 move dragondance\n>p2 switch 5\n>p1 move outrage\n>p2 switch 5\n>p2 switch 4\n>p1 move outrage\n>p2 move sunsteelstrike\n>p1 move outrage\n>p2 move sunsteelstrike\n>p1 switch 3\n>p1 move fireblast\n>p2 switch 2\n>p1 switch 6\n>p2 move liquidation\n>p1 switch 4\n>p1 move knockoff\n>p2 switch 5\n>p1 move liquidation\n>p2 move knockoff\n>p1 move liquidation\n>p2 switch 2\n>p1 move liquidation\n>p2 move earthquake\n>p2 switch 5\n>p1 move knockoff\n>p2 move quickattack\n>p2 switch 2\n>forcelose p2", "uploadtime": 1769094541, "views": 147, "formatid": "gen7randombattle", "rating": 1685, "private": 0, "password": null}