{"id": "gen7randombattle-2523396253", "format": "[Gen 7] Random Battle", "players": ["Meuby Law", "Pacheko-T"], "log": "|j|☆Meuby Law\n|j|☆Pacheko-T\n|t:|1769021632\n|gametype|singles\n|player|p1|Meuby Law|hau-stance|1531\n|player|p2|Pacheko-T|170|1748\n|gen|7\n|tier|[Gen 7] Random Battle\n|rated|\n|rule|Sleep Clause Mod: Limit one foe put to sleep\n|rule|HP Percentage Mod: HP is shown in percentages\n|rule|Illusion Level Mod: Illusion disguises the Pokémon's true level\n|\n|t:|1769021632\n|teamsize|p1|6\n|teamsize|p2|6\n|start\n|switch|p1a: Tapu Lele|Tapu Lele, L77|234/234\n|switch|p2a: Feraligatr|Feraligatr, L79, M|264/264\n|-fieldstart|move: Psychic Terrain|[from] ability: Psychic Surge|[of] p1a: Tapu Lele\n|turn|1\n|inactive|Battle timer is ON: inactive players will automatically lose when time's up. (requested by Meuby Law)\n|\n|t:|1769021640\n|move|p1a: Tapu Lele|Psychic|p2a: Feraligatr\n|-damage|p2a: Feraligatr|108/264\n|move|p2a: Feraligatr|Liquidation|p1a: Tapu Lele\n|-damage|p1a: Tapu Lele|62/234\n|\n|upkeep\n|turn|2\n|inactive|Meuby Law has 120 seconds left.\n|inactive|Meuby Law has 90 seconds left.\n|inactive|Meuby Law has 60 seconds left.\n|\n|t:|1769021733\n|switch|p2a: Solrock|Solrock, L90|308/308\n|move|p1a: Tapu Lele|Psychic|p2a: Solrock\n|-resisted|p2a: Solrock\n|-damage|p2a: Solrock|226/308\n|\n|-heal|p2a: Solrock|245/308|[from] item: Leftovers\n|upkeep\n|turn|3\n|inactive|Meuby Law has 60 seconds left.\n|\n|t:|1769021761\n|switch|p1a: Shaymin|Shaymin-Sky, L73|266/266\n|move|p2a: Solrock|Stealth Rock|p1a: Shaymin\n|-sidestart|p1: Meuby Law|move: Stealth Rock\n|\n|-heal|p2a: Solrock|264/308|[from] item: Leftovers\n|upkeep\n|turn|4\n|\n|t:|1769021771\n|move|p1a: Shaymin|Seed Flare|p2a: Solrock\n|-supereffective|p2a: Solrock\n|-damage|p2a: Solrock|0 fnt\n|faint|p2a: Solrock\n|\n|upkeep\n|\n|t:|1769021775\n|switch|p2a: Pinsir|Pinsir, L74, F|217/217\n|turn|5\n|\n|t:|1769021780\n|switch|p1a: Aggron|Aggron, L87, F|264/264\n|-damage|p1a: Aggron|248/264|[from] Stealth Rock\n|-item|p1a: Aggron|Air Balloon\n|move|p2a: Pinsir|Swords Dance|p2a: Pinsir\n|-boost|p2a: Pinsir|atk|2\n|\n|-fieldend|move: Psychic Terrain\n|upkeep\n|turn|6\n|\n|t:|1769021789\n|move|p2a: Pinsir|Return|p1a: Aggron\n|-resisted|p1a: Aggron\n|-damage|p1a: Aggron|231/264\n|-enditem|p1a: Aggron|Air Balloon\n|move|p1a: Aggron|Rock Polish|p1a: Aggron\n|-boost|p1a: Aggron|spe|2\n|\n|upkeep\n|turn|7\n|\n|t:|1769021798\n|move|p1a: Aggron|Head Smash|p2a: Pinsir\n|-supereffective|p2a: Pinsir\n|-damage|p2a: Pinsir|0 fnt\n|faint|p2a: Pinsir\n|\n|upkeep\n|\n|t:|1769021811\n|switch|p2a: Smeargle|Smeargle, L88, F|240/240\n|turn|8\n|inactive|Meuby Law has 90 seconds left.\n|\n|t:|1769021834\n|move|p1a: Aggron|Heavy Slam|p2a: Smeargle\n|-enditem|p2a: Smeargle|Focus Sash\n|-damage|p2a: Smeargle|1/240\n|move|p2a: Smeargle|Spore|p1a: Aggron\n|-status|p1a: Aggron|slp|[from] move: Spore\n|\n|upkeep\n|turn|9\n|\n|t:|1769021843\n|cant|p1a: Aggron|slp\n|move|p2a: Smeargle|Sticky Web|p1a: Aggron\n|-sidestart|p1: Meuby Law|move: Sticky Web\n|\n|upkeep\n|turn|10\n|\n|t:|1769021846\n|cant|p1a: Aggron|slp\n|move|p2a: Smeargle|Whirlwind|p1a: Aggron\n|drag|p1a: Gumshoos|Gumshoos, L94, M|318/318\n|-damage|p1a: Gumshoos|279/318|[from] Stealth Rock\n|-activate|p1a: Gumshoos|move: Sticky Web\n|-unboost|p1a: Gumshoos|spe|1\n|\n|upkeep\n|turn|11\n|\n|t:|1769021851\n|move|p2a: Smeargle|Spikes|p1a: Gumshoos\n|-sidestart|p1: Meuby Law|Spikes\n|move|p1a: Gumshoos|Return|p2a: Smeargle\n|-damage|p2a: Smeargle|0 fnt\n|faint|p2a: Smeargle\n|\n|upkeep\n|\n|t:|1769021857\n|switch|p2a: Kyogre|Kyogre, L72|263/263\n|detailschange|p2a: Kyogre|Kyogre-Primal, L72\n|-primal|p2a: Kyogre|Blue Orb\n|-weather|PrimordialSea|[from] ability: Primordial Sea|[of] p2a: Kyogre\n|turn|12\n|\n|t:|1769021859\n|move|p2a: Kyogre|Scald|p1a: Gumshoos\n|-damage|p1a: Gumshoos|92/318\n|move|p1a: Gumshoos|Return|p2a: Kyogre\n|-damage|p2a: Kyogre|0 fnt\n|faint|p2a: Kyogre\n|-weather|none\n|detailschange|p2: Kyogre|Kyogre, L72|[silent]\n|\n|upkeep\n|\n|t:|1769021869\n|switch|p2a: Latios|Latios, L78, M|253/253\n|turn|13\n|\n|t:|1769021871\n|move|p2a: Latios|Psyshock|p1a: Gumshoos\n|-damage|p1a: Gumshoos|0 fnt\n|faint|p1a: Gumshoos\n|\n|upkeep\n|\n|t:|1769021876\n|switch|p1a: Aggron|Aggron, L87, F|231/264 slp\n|-damage|p1a: Aggron|215/264 slp|[from] Stealth Rock\n|-activate|p1a: Aggron|move: Sticky Web\n|-unboost|p1a: Aggron|spe|1\n|-damage|p1a: Aggron|182/264 slp|[from] Spikes\n|turn|14\n|\n|t:|1769021879\n|switch|p2a: Feraligatr|Feraligatr, L79, M|108/264\n|-curestatus|p1a: Aggron|slp|[msg]\n|move|p1a: Aggron|Rock Polish|p1a: Aggron\n|-boost|p1a: Aggron|spe|2\n|\n|upkeep\n|turn|15\n|\n|t:|1769021884\n|move|p1a: Aggron|Head Smash|p2a: Feraligatr\n|-damage|p2a: Feraligatr|0 fnt\n|faint|p2a: Feraligatr\n|\n|upkeep\n|-message|Pacheko-T forfeited.\n|\n|win|Meuby Law\n|raw|Meuby Law's rating: 1531 &rarr; <strong>1562</strong><br />(+31 for winning)\n|raw|Pacheko-T's rating: 1748 &rarr; <strong>1717</strong><br />(-31 for losing)\n|l|☆Pacheko-T\n|player|p2|\n", "inputlog": ">version 3bd1a1e329da8d286644078cfc9a9638fc7ea025\n>start {\"formatid\":\"gen7randombattle\",\"seed\":\"sodium,65c99caced3b18f7c5ff58a07ad32edb\",\"rated\":\"Rated battle\"}\n>player p1 {\"name\":\"Meuby Law\",\"avatar\":\"hau-stance\",\"rating\":1531,\"seed\":\"sodium,fea5e39fe86a85d5d5f8c8e88390360d\"}\n>player p2 {\"name\":\"Pacheko-T\",\"avatar\":\"170\",\"rating\":1748,\"seed\":\"sodium,de9ccea03c5a70966192dd3f64a60fc7\"}\n>p1 move psychic\n>p2 move liquidation\n>p1 move psychic\n>p2 switch 6\n>p1 switch 6\n>p2 move stealthrock\n>p1 move seedflare\n>p2 move stoneedge\n>p2 switch 5\n>p1 switch 3\n>p2 move swordsdance\n>p1 move rockpolish\n>p2 move return\n>p1 move headsmash\n>p2 move earthquake\n>p2 switch 3\n>p1 move heavyslam\n>p2 move spore\n>p1 move heavyslam\n>p2 move stickyweb\n>p1 move heavyslam\n>p2 move whirlwind\n>p1 move return\n>p2 move spikes\n>p2 switch 4\n>p1 move return\n>p2 move scald\n>p2 switch 2\n>p1 move return\n>p2 move psyshock\n>p1 switch 4\n>p1 move rockpolish\n>p2 switch 6\n>p1 move headsmash\n>p2 move dragondance\n>forcelose p2", "uploadtime": 1769021890, "views": 165, "formatid": "gen7randombattle", "rating": 1562, "private": 0, "password": null}