{"id": "gen7randombattle-2538567086", "format": "[Gen 7] Random Battle", "players": ["La.Hellhound", "504battle"], "log": "|j|‽La.Hellhound\n|j|☆504battle\n|t:|1770941375\n|gametype|singles\n|player|p1|La.Hellhound|bruno|1528\n|player|p2|504battle|sage|1539\n|gen|7\n|tier|[Gen 7] Random Battle\n|rated|\n|rule|Sleep Clause Mod: Limit one foe put to sleep\n|rule|HP Percentage Mod: HP is shown in percentages\n|rule|Illusion Level Mod: Illusion disguises the Pokémon's true level\n|\n|t:|1770941375\n|teamsize|p1|6\n|teamsize|p2|6\n|start\n|switch|p1a: Slaking|Slaking, L84, M|389/389\n|switch|p2a: Articuno|Articuno, L85|291/291\n|-ability|p2a: Articuno|Pressure\n|turn|1\n|inactive|Battle timer is ON: inactive players will automatically lose when time's up. (requested by La.Hellhound)\n|inactive|504battle has 120 seconds left.\n|\n|t:|1770941416\n|switch|p1a: Qwilfish|Qwilfish, L86, M|252/252\n|-ability|p1a: Qwilfish|Intimidate|boost\n|-unboost|p2a: Articuno|atk|1\n|move|p2a: Articuno|Toxic|p1a: Qwilfish\n|-immune|p1a: Qwilfish\n|\n|upkeep\n|turn|2\n|\n|t:|1770941426\n|switch|p1a: Gardevoir|Gardevoir, L79, M|237/237\n|-ability|p1a: Gardevoir|Pressure|Trace|[from] ability: Trace|[of] p2a: Articuno\n|-ability|p1a: Gardevoir|Pressure\n|move|p2a: Articuno|Freeze-Dry|p1a: Gardevoir\n|-damage|p1a: Gardevoir|174/237\n|\n|upkeep\n|turn|3\n|\n|t:|1770941438\n|switch|p1a: Qwilfish|Qwilfish, L86, M|252/252\n|-ability|p1a: Qwilfish|Intimidate|boost\n|-unboost|p2a: Articuno|atk|1\n|move|p2a: Articuno|Toxic|p1a: Qwilfish\n|-immune|p1a: Qwilfish\n|\n|upkeep\n|turn|4\n|\n|t:|1770941445\n|move|p1a: Qwilfish|Taunt|p2a: Articuno\n|-start|p2a: Articuno|move: Taunt\n|move|p2a: Articuno|Freeze-Dry|p1a: Qwilfish\n|-supereffective|p1a: Qwilfish\n|-damage|p1a: Qwilfish|34/252\n|\n|-heal|p1a: Qwilfish|49/252|[from] item: Black Sludge\n|upkeep\n|turn|5\n|\n|t:|1770941459\n|switch|p2a: Stoutland|Stoutland, L86, F|286/286\n|move|p1a: Qwilfish|Destiny Bond|p1a: Qwilfish\n|-singlemove|p1a: Qwilfish|Destiny Bond\n|\n|-heal|p1a: Qwilfish|64/252|[from] item: Black Sludge\n|upkeep\n|turn|6\n|\n|t:|1770941480\n|switch|p2a: Articuno|Articuno, L85|291/291\n|-ability|p2a: Articuno|Pressure\n|move|p1a: Qwilfish|Taunt|p2a: Articuno\n|-start|p2a: Articuno|move: Taunt\n|\n|-heal|p1a: Qwilfish|79/252|[from] item: Black Sludge\n|upkeep\n|turn|7\n|\n|t:|1770941491\n|move|p1a: Qwilfish|Destiny Bond|p1a: Qwilfish\n|-singlemove|p1a: Qwilfish|Destiny Bond\n|move|p2a: Articuno|Freeze-Dry|p1a: Qwilfish\n|-supereffective|p1a: Qwilfish\n|-damage|p1a: Qwilfish|0 fnt\n|faint|p1a: Qwilfish\n|-activate|p1a: Qwilfish|move: Destiny Bond\n|faint|p2a: Articuno\n|\n|upkeep\n|inactive|504battle has 120 seconds left.\n|\n|t:|1770941522\n|switch|p1a: Slaking|Slaking, L84, M|389/389\n|switch|p2a: Rampardos|Rampardos, L88, M|314/314\n|turn|8\n|\n|t:|1770941529\n|move|p1a: Slaking|Earthquake|p2a: Rampardos\n|-supereffective|p2a: Rampardos\n|-damage|p2a: Rampardos|56/314\n|move|p2a: Rampardos|Head Smash|p1a: Slaking|[miss]\n|-miss|p2a: Rampardos|p1a: Slaking\n|\n|upkeep\n|turn|9\n|\n|t:|1770941539\n|switch|p1a: Carracosta|Carracosta, L88, M|274/274\n|move|p2a: Rampardos|Head Smash|p1a: Carracosta\n|-damage|p1a: Carracosta|76/274\n|-damage|p2a: Rampardos|0 fnt|[from] Recoil\n|faint|p2a: Rampardos\n|\n|upkeep\n|\n|t:|1770941557\n|switch|p2a: Torterra|Torterra, L88, M|310/310\n|turn|10\n|\n|t:|1770941565\n|move|p1a: Carracosta|Aqua Jet|p2a: Torterra\n|-damage|p2a: Torterra|264/310\n|move|p2a: Torterra|Wood Hammer|p1a: Carracosta\n|-supereffective|p1a: Carracosta\n|-damage|p1a: Carracosta|0 fnt\n|faint|p1a: Carracosta\n|-damage|p2a: Torterra|239/310|[from] Recoil\n|\n|-heal|p2a: Torterra|258/310|[from] item: Leftovers\n|upkeep\n|\n|t:|1770941580\n|switch|p1a: Ariados|Ariados, L92, M|278/278\n|turn|11\n|\n|t:|1770941584\n|move|p2a: Torterra|Rock Polish|p2a: Torterra\n|-boost|p2a: Torterra|spe|2\n|move|p1a: Ariados|Sticky Web|p2a: Torterra\n|-sidestart|p2: 504battle|move: Sticky Web\n|\n|-heal|p2a: Torterra|277/310|[from] item: Leftovers\n|upkeep\n|turn|12\n|\n|t:|1770941591\n|move|p2a: Torterra|Stone Edge|p1a: Ariados\n|-supereffective|p1a: Ariados\n|-damage|p1a: Ariados|106/278\n|move|p1a: Ariados|Poison Jab|p2a: Torterra\n|-damage|p2a: Torterra|201/310\n|\n|-heal|p2a: Torterra|220/310|[from] item: Leftovers\n|-heal|p1a: Ariados|123/278|[from] item: Black Sludge\n|upkeep\n|turn|13\n|\n|t:|1770941599\n|move|p2a: Torterra|Stone Edge|p1a: Ariados\n|-supereffective|p1a: Ariados\n|-damage|p1a: Ariados|0 fnt\n|faint|p1a: Ariados\n|\n|-heal|p2a: Torterra|239/310|[from] item: Leftovers\n|upkeep\n|\n|t:|1770941609\n|switch|p1a: Slaking|Slaking, L84, M|389/389\n|turn|14\n|\n|t:|1770941613\n|move|p1a: Slaking|Retaliate|p2a: Torterra\n|-damage|p2a: Torterra|46/310\n|move|p2a: Torterra|Wood Hammer|p1a: Slaking\n|-damage|p1a: Slaking|197/389\n|-damage|p2a: Torterra|0 fnt|[from] Recoil\n|faint|p2a: Torterra\n|\n|upkeep\n|\n|t:|1770941624\n|switch|p2a: Stoutland|Stoutland, L86, F|286/286\n|-activate|p2a: Stoutland|move: Sticky Web\n|-unboost|p2a: Stoutland|spe|1\n|turn|15\n|\n|t:|1770941634\n|cant|p1a: Slaking|ability: Truant\n|move|p2a: Stoutland|Superpower|p1a: Slaking\n|-supereffective|p1a: Slaking\n|-damage|p1a: Slaking|19/389\n|-unboost|p2a: Stoutland|atk|1\n|-unboost|p2a: Stoutland|def|1\n|\n|upkeep\n|turn|16\n|\n|t:|1770941641\n|switch|p1a: Gardevoir|Gardevoir, L79, M|174/237\n|-ability|p1a: Gardevoir|Scrappy|Trace|[from] ability: Trace|[of] p2a: Stoutland\n|move|p2a: Stoutland|Superpower|p1a: Gardevoir\n|-resisted|p1a: Gardevoir\n|-damage|p1a: Gardevoir|152/237\n|-unboost|p2a: Stoutland|atk|1\n|-unboost|p2a: Stoutland|def|1\n|\n|upkeep\n|turn|17\n|\n|t:|1770941652\n|detailschange|p1a: Gardevoir|Gardevoir-Mega, L79, M\n|-mega|p1a: Gardevoir|Gardevoir|Gardevoirite\n|move|p1a: Gardevoir|Calm Mind|p1a: Gardevoir\n|-boost|p1a: Gardevoir|spa|1\n|-boost|p1a: Gardevoir|spd|1\n|move|p2a: Stoutland|Superpower|p1a: Gardevoir\n|-resisted|p1a: Gardevoir\n|-damage|p1a: Gardevoir|136/237\n|-unboost|p2a: Stoutland|atk|1\n|-unboost|p2a: Stoutland|def|1\n|\n|upkeep\n|turn|18\n|\n|t:|1770941673\n|switch|p2a: Nihilego|Nihilego, L79|302/302\n|-activate|p2a: Nihilego|move: Sticky Web\n|-unboost|p2a: Nihilego|spe|1\n|move|p1a: Gardevoir|Calm Mind|p1a: Gardevoir\n|-boost|p1a: Gardevoir|spa|1\n|-boost|p1a: Gardevoir|spd|1\n|\n|upkeep\n|turn|19\n|\n|t:|1770941680\n|move|p1a: Gardevoir|Psyshock|p2a: Nihilego\n|-supereffective|p2a: Nihilego\n|-damage|p2a: Nihilego|0 fnt\n|faint|p2a: Nihilego\n|\n|upkeep\n|\n|t:|1770941686\n|switch|p2a: Stoutland|Stoutland, L86, F|286/286\n|-activate|p2a: Stoutland|move: Sticky Web\n|-unboost|p2a: Stoutland|spe|1\n|turn|20\n|\n|t:|1770941691\n|move|p1a: Gardevoir|Hyper Voice|p2a: Stoutland\n|-damage|p2a: Stoutland|6/286\n|move|p2a: Stoutland|Return|p1a: Gardevoir\n|-damage|p1a: Gardevoir|0 fnt\n|faint|p1a: Gardevoir\n|detailschange|p1: Gardevoir|Gardevoir, L79, M|[silent]\n|\n|upkeep\n|\n|t:|1770941699\n|switch|p1a: Electivire|Electivire, L86, M|269/269\n|turn|21\n|\n|t:|1770941726\n|move|p1a: Electivire|Earthquake|p2a: Stoutland\n|-damage|p2a: Stoutland|0 fnt\n|faint|p2a: Stoutland\n|\n|upkeep\n|\n|t:|1770941732\n|switch|p2a: Absol|Absol, L82, F|241/241\n|-activate|p2a: Absol|move: Sticky Web\n|-unboost|p2a: Absol|spe|1\n|turn|22\n|\n|t:|1770941738\n|detailschange|p2a: Absol|Absol-Mega, L82, F\n|-mega|p2a: Absol|Absol|Absolite\n|move|p1a: Electivire|Earthquake|p2a: Absol\n|-damage|p2a: Absol|59/241\n|move|p2a: Absol|Knock Off|p1a: Electivire\n|-damage|p1a: Electivire|103/269\n|-enditem|p1a: Electivire|Choice Band|[from] move: Knock Off|[of] p2a: Absol\n|\n|upkeep\n|turn|23\n|\n|t:|1770941747\n|move|p1a: Electivire|Wild Charge|p2a: Absol\n|-damage|p2a: Absol|0 fnt\n|faint|p2a: Absol\n|detailschange|p2: Absol|Absol, L82, F|[silent]\n|-damage|p1a: Electivire|88/269|[from] Recoil\n|\n|win|La.Hellhound\n|raw|La.Hellhound's rating: 1528 &rarr; <strong>1549</strong><br />(+21 for winning)\n|raw|504battle's rating: 1539 &rarr; <strong>1518</strong><br />(-21 for losing)\n|l|☆504battle\n|player|p2|\n", "inputlog": ">version ccdc32dd7cde25fd9e4bed64820e885f66e78a4e\n>start {\"formatid\":\"gen7randombattle\",\"seed\":\"sodium,ffce1ff846c3e743be1a584db9b3a360\",\"rated\":\"Rated battle\"}\n>player p1 {\"name\":\"La.Hellhound\",\"avatar\":\"bruno\",\"rating\":1528,\"seed\":\"sodium,9494b21556e2faf9139098d061b95661\"}\n>player p2 {\"name\":\"504battle\",\"avatar\":\"sage\",\"rating\":1539,\"seed\":\"sodium,26ba87de37c6386524af5e496ec671b5\"}\n>p1 switch 5\n>p2 move toxic\n>p1 switch 3\n>p2 move freezedry\n>p1 switch 3\n>p2 move toxic\n>p1 move taunt\n>p2 move freezedry\n>p1 move destinybond\n>p2 switch 2\n>p1 move taunt\n>p2 switch 2\n>p1 move destinybond\n>p2 move freezedry\n>p1 switch 5\n>p2 switch 6\n>p1 move earthquake\n>p2 move headsmash\n>p1 switch 6\n>p2 move headsmash\n>p2 switch 3\n>p1 move aquajet\n>p2 move woodhammer\n>p1 switch 4\n>p1 move stickyweb\n>p2 move rockpolish\n>p1 move poisonjab\n>p2 move stoneedge\n>p1 move poisonjab\n>p2 move stoneedge\n>p1 switch 6\n>p1 move retaliate\n>p2 move woodhammer\n>p2 switch 2\n>p1 move retaliate\n>p2 move superpower\n>p1 switch 3\n>p2 move superpower\n>p1 move calmmind mega\n>p2 move superpower\n>p1 move calmmind\n>p2 switch 4\n>p1 move psyshock\n>p2 move sludgewave\n>p2 switch 4\n>p1 move hypervoice\n>p2 move return\n>p1 switch 2\n>p1 move earthquake\n>p2 move return\n>p2 switch 5\n>p1 move earthquake\n>p2 move knockoff mega\n>p1 move wildcharge\n>p2 move playrough", "uploadtime": 1770941754, "views": 215, "formatid": "gen7randombattle", "rating": 1518, "private": 0, "password": null}