{"id": "gen7randombattle-2533809152", "format": "[Gen 7] Random Battle", "players": ["Goobuoy", "may/gen3"], "log": "|j|☆Goobuoy\n|j|☆may/gen3\n|t:|1770343632\n|gametype|singles\n|player|p1|Goobuoy|169|1551\n|player|p2|may/gen3|may|1723\n|gen|7\n|tier|[Gen 7] Random Battle\n|rated|\n|rule|Sleep Clause Mod: Limit one foe put to sleep\n|rule|HP Percentage Mod: HP is shown in percentages\n|rule|Illusion Level Mod: Illusion disguises the Pokémon's true level\n|\n|t:|1770343632\n|teamsize|p1|6\n|teamsize|p2|6\n|start\n|switch|p1a: Seismitoad|Seismitoad, L85, M|317/317\n|switch|p2a: Stoutland|Stoutland, L86, F|286/286\n|turn|1\n|inactive|Battle timer is ON: inactive players will automatically lose when time's up. (requested by Goobuoy)\n|c|☆may/gen3|hi\n|\n|t:|1770343647\n|move|p2a: Stoutland|Return|p1a: Seismitoad\n|-damage|p1a: Seismitoad|100/317\n|move|p1a: Seismitoad|Rain Dance|p1a: Seismitoad\n|-weather|RainDance\n|\n|-weather|RainDance|[upkeep]\n|upkeep\n|turn|2\n|\n|t:|1770343656\n|move|p1a: Seismitoad|Hydro Pump|p2a: Stoutland\n|-damage|p2a: Stoutland|72/286\n|-damage|p1a: Seismitoad|69/317|[from] item: Life Orb\n|move|p2a: Stoutland|Return|p1a: Seismitoad\n|-damage|p1a: Seismitoad|0 fnt\n|faint|p1a: Seismitoad\n|\n|-weather|RainDance|[upkeep]\n|upkeep\n|\n|t:|1770343685\n|switch|p1a: Pachirisu|Pachirisu, L96, F|271/271\n|turn|3\n|\n|t:|1770343693\n|switch|p2a: Gogoat|Gogoat, L91, F|372/372\n|move|p1a: Pachirisu|Thunderbolt|p2a: Gogoat\n|-resisted|p2a: Gogoat\n|-damage|p2a: Gogoat|339/372\n|\n|-weather|RainDance|[upkeep]\n|-heal|p2a: Gogoat|362/372|[from] item: Leftovers\n|upkeep\n|turn|4\n|\n|t:|1770343699\n|move|p1a: Pachirisu|Toxic|p2a: Gogoat\n|-status|p2a: Gogoat|tox\n|move|p2a: Gogoat|Toxic|p1a: Pachirisu\n|-status|p1a: Pachirisu|tox\n|\n|-weather|RainDance|[upkeep]\n|-heal|p2a: Gogoat|372/372 tox|[from] item: Leftovers\n|-damage|p1a: Pachirisu|255/271 tox|[from] psn\n|-damage|p2a: Gogoat|349/372 tox|[from] psn\n|upkeep\n|turn|5\n|\n|t:|1770343703\n|move|p1a: Pachirisu|U-turn|p2a: Gogoat\n|-supereffective|p2a: Gogoat\n|-damage|p2a: Gogoat|261/372 tox\n|\n|t:|1770343715\n|switch|p1a: Turtonator|Turtonator, L88, M|249/249|[from] U-turn\n|move|p2a: Gogoat|Earthquake|p1a: Turtonator\n|-supereffective|p1a: Turtonator\n|-damage|p1a: Turtonator|141/249\n|\n|-weather|none\n|-heal|p2a: Gogoat|284/372 tox|[from] item: Leftovers\n|-damage|p2a: Gogoat|238/372 tox|[from] psn\n|upkeep\n|turn|6\n|\n|t:|1770343721\n|switch|p2a: Pelipper|Pelipper, L87, M|246/246\n|-weather|RainDance|[from] ability: Drizzle|[of] p2a: Pelipper\n|move|p1a: Turtonator|Fire Blast|p2a: Pelipper\n|-resisted|p2a: Pelipper\n|-damage|p2a: Pelipper|210/246\n|\n|-weather|RainDance|[upkeep]\n|-heal|p2a: Pelipper|225/246|[from] item: Leftovers\n|upkeep\n|turn|7\n|inactive|Goobuoy has 120 seconds left.\n|\n|t:|1770343755\n|move|p2a: Pelipper|U-turn|p1a: Turtonator\n|-resisted|p1a: Turtonator\n|-damage|p1a: Turtonator|129/249\n|\n|t:|1770343759\n|switch|p2a: Necrozma|Necrozma, L81|290/290|[from] U-turn\n|move|p1a: Turtonator|Draco Meteor|p2a: Necrozma\n|-damage|p2a: Necrozma|137/290\n|-unboost|p1a: Turtonator|spa|2\n|\n|-weather|RainDance|[upkeep]\n|upkeep\n|turn|8\n|\n|t:|1770343766\n|move|p2a: Necrozma|Calm Mind|p2a: Necrozma\n|-boost|p2a: Necrozma|spa|1\n|-boost|p2a: Necrozma|spd|1\n|move|p1a: Turtonator|Explosion|p2a: Necrozma\n|-damage|p2a: Necrozma|0 fnt\n|faint|p1a: Turtonator\n|faint|p2a: Necrozma\n|\n|-weather|RainDance|[upkeep]\n|upkeep\n|inactive|Goobuoy has 120 seconds left.\n|\n|t:|1770343792\n|switch|p2a: Basculin|Basculin-Blue-Striped, L86, F|261/261\n|switch|p1a: Kingler|Kingler, L87, M|237/237\n|turn|9\n|\n|t:|1770343801\n|move|p2a: Basculin|Liquidation|p1a: Kingler\n|-resisted|p1a: Kingler\n|-damage|p1a: Kingler|134/237\n|move|p1a: Kingler|Liquidation|p2a: Basculin\n|-resisted|p2a: Basculin\n|-damage|p2a: Basculin|71/261\n|\n|-weather|RainDance|[upkeep]\n|upkeep\n|turn|10\n|\n|t:|1770343814\n|move|p2a: Basculin|Liquidation|p1a: Kingler\n|-resisted|p1a: Kingler\n|-damage|p1a: Kingler|26/237\n|move|p1a: Kingler|Knock Off|p2a: Basculin\n|-damage|p2a: Basculin|0 fnt\n|-enditem|p2a: Basculin|Choice Band|[from] move: Knock Off|[of] p1a: Kingler\n|faint|p2a: Basculin\n|-damage|p1a: Kingler|3/237|[from] item: Life Orb\n|\n|-weather|none\n|upkeep\n|\n|t:|1770343821\n|switch|p2a: Stoutland|Stoutland, L86, F|72/286\n|turn|11\n|inactive|Goobuoy has 120 seconds left.\n|\n|t:|1770343860\n|move|p2a: Stoutland|Return|p1a: Kingler\n|-damage|p1a: Kingler|0 fnt\n|faint|p1a: Kingler\n|\n|upkeep\n|\n|t:|1770343874\n|switch|p1a: Pachirisu|Pachirisu, L96, F|255/271 tox\n|turn|12\n|\n|t:|1770343882\n|move|p1a: Pachirisu|Thunderbolt|p2a: Stoutland\n|-crit|p2a: Stoutland\n|-damage|p2a: Stoutland|0 fnt\n|faint|p2a: Stoutland\n|\n|-heal|p1a: Pachirisu|271/271 tox|[from] item: Leftovers\n|-damage|p1a: Pachirisu|255/271 tox|[from] psn\n|upkeep\n|\n|t:|1770343886\n|switch|p2a: Magearna|Magearna, L77|250/250\n|turn|13\n|\n|t:|1770343890\n|move|p1a: Pachirisu|Nuzzle|p2a: Magearna\n|-damage|p2a: Magearna|232/250\n|-status|p2a: Magearna|par\n|move|p2a: Magearna|Aura Sphere|p1a: Pachirisu\n|-damage|p1a: Pachirisu|204/271 tox\n|\n|-heal|p1a: Pachirisu|220/271 tox|[from] item: Leftovers\n|-heal|p2a: Magearna|247/250 par|[from] item: Leftovers\n|-damage|p1a: Pachirisu|188/271 tox|[from] psn\n|upkeep\n|turn|14\n|\n|t:|1770343897\n|move|p1a: Pachirisu|U-turn|p2a: Magearna\n|-resisted|p2a: Magearna\n|-damage|p2a: Magearna|238/250 par\n|\n|t:|1770343900\n|switch|p1a: Darmanitan|Darmanitan, L82, M|306/306|[from] U-turn\n|cant|p2a: Magearna|par\n|\n|-heal|p2a: Magearna|250/250 par|[from] item: Leftovers\n|upkeep\n|turn|15\n|\n|t:|1770343910\n|switch|p2a: Pelipper|Pelipper, L87, M|225/246\n|-weather|RainDance|[from] ability: Drizzle|[of] p2a: Pelipper\n|move|p1a: Darmanitan|U-turn|p2a: Pelipper\n|-resisted|p2a: Pelipper\n|-damage|p2a: Pelipper|191/246\n|-damage|p1a: Darmanitan|276/306|[from] item: Life Orb\n|\n|t:|1770343914\n|switch|p1a: Pachirisu|Pachirisu, L96, F|188/271 tox|[from] U-turn\n|\n|-weather|RainDance|[upkeep]\n|-heal|p1a: Pachirisu|204/271 tox|[from] item: Leftovers\n|-heal|p2a: Pelipper|206/246|[from] item: Leftovers\n|-damage|p1a: Pachirisu|188/271 tox|[from] psn\n|upkeep\n|turn|16\n|\n|t:|1770343917\n|switch|p2a: Magearna|Magearna, L77|250/250 par\n|move|p1a: Pachirisu|Thunderbolt|p2a: Magearna\n|-damage|p2a: Magearna|189/250 par\n|\n|-weather|RainDance|[upkeep]\n|-heal|p1a: Pachirisu|204/271 tox|[from] item: Leftovers\n|-heal|p2a: Magearna|204/250 par|[from] item: Leftovers\n|-damage|p1a: Pachirisu|172/271 tox|[from] psn\n|upkeep\n|turn|17\n|\n|t:|1770343925\n|move|p1a: Pachirisu|Thunderbolt|p2a: Magearna\n|-damage|p2a: Magearna|138/250 par\n|move|p2a: Magearna|Thunder Wave|p1a: Pachirisu\n|-heal|p1a: Pachirisu|239/271 tox|[from] ability: Volt Absorb|[of] p2a: Magearna\n|\n|-weather|RainDance|[upkeep]\n|-heal|p1a: Pachirisu|255/271 tox|[from] item: Leftovers\n|-heal|p2a: Magearna|153/250 par|[from] item: Leftovers\n|-damage|p1a: Pachirisu|207/271 tox|[from] psn\n|upkeep\n|turn|18\n|\n|t:|1770343932\n|move|p1a: Pachirisu|Thunderbolt|p2a: Magearna\n|-damage|p2a: Magearna|89/250 par\n|move|p2a: Magearna|Thunder Wave|p1a: Pachirisu\n|-heal|p1a: Pachirisu|271/271 tox|[from] ability: Volt Absorb|[of] p2a: Magearna\n|\n|-weather|RainDance|[upkeep]\n|-heal|p2a: Magearna|104/250 par|[from] item: Leftovers\n|-damage|p1a: Pachirisu|207/271 tox|[from] psn\n|upkeep\n|turn|19\n|\n|t:|1770343937\n|move|p1a: Pachirisu|Thunderbolt|p2a: Magearna\n|-damage|p2a: Magearna|44/250 par\n|move|p2a: Magearna|Fleur Cannon|p1a: Pachirisu\n|-damage|p1a: Pachirisu|83/271 tox\n|-unboost|p2a: Magearna|spa|2\n|\n|-weather|none\n|-heal|p1a: Pachirisu|99/271 tox|[from] item: Leftovers\n|-heal|p2a: Magearna|59/250 par|[from] item: Leftovers\n|-damage|p1a: Pachirisu|19/271 tox|[from] psn\n|upkeep\n|turn|20\n|\n|t:|1770343947\n|move|p1a: Pachirisu|U-turn|p2a: Magearna\n|-resisted|p2a: Magearna\n|-damage|p2a: Magearna|51/250 par\n|\n|t:|1770343949\n|switch|p1a: Darmanitan|Darmanitan, L82, M|276/306|[from] U-turn\n|move|p2a: Magearna|Thunder Wave|p1a: Darmanitan\n|-status|p1a: Darmanitan|par\n|\n|-heal|p2a: Magearna|66/250 par|[from] item: Leftovers\n|upkeep\n|turn|21\n|\n|t:|1770343957\n|move|p1a: Darmanitan|Flare Blitz|p2a: Magearna\n|-supereffective|p2a: Magearna\n|-damage|p2a: Magearna|0 fnt\n|faint|p2a: Magearna\n|-damage|p1a: Darmanitan|254/306 par|[from] Recoil\n|\n|upkeep\n|\n|t:|1770343961\n|switch|p2a: Pelipper|Pelipper, L87, M|206/246\n|-weather|RainDance|[from] ability: Drizzle|[of] p2a: Pelipper\n|turn|22\n|\n|t:|1770343970\n|move|p2a: Pelipper|Scald|p1a: Darmanitan\n|-supereffective|p1a: Darmanitan\n|-damage|p1a: Darmanitan|0 fnt\n|faint|p1a: Darmanitan\n|\n|-weather|RainDance|[upkeep]\n|-heal|p2a: Pelipper|221/246|[from] item: Leftovers\n|upkeep\n|\n|t:|1770343973\n|switch|p1a: Pachirisu|Pachirisu, L96, F|19/271 tox\n|turn|23\n|\n|t:|1770343979\n|switch|p2a: Gogoat|Gogoat, L91, F|238/372 tox\n|move|p1a: Pachirisu|U-turn|p2a: Gogoat\n|-supereffective|p2a: Gogoat\n|-damage|p2a: Gogoat|140/372 tox\n|\n|t:|1770343984\n|switch|p1a: Slaking|Slaking, L84, F|389/389|[from] U-turn\n|\n|-weather|RainDance|[upkeep]\n|-heal|p2a: Gogoat|163/372 tox|[from] item: Leftovers\n|-damage|p2a: Gogoat|140/372 tox|[from] psn\n|upkeep\n|turn|24\n|\n|t:|1770343992\n|switch|p2a: Pelipper|Pelipper, L87, M|221/246\n|move|p1a: Slaking|Giga Impact|p2a: Pelipper\n|-damage|p2a: Pelipper|0 fnt\n|-mustrecharge|p1a: Slaking\n|faint|p2a: Pelipper\n|\n|-weather|RainDance|[upkeep]\n|upkeep\n|\n|t:|1770343994\n|switch|p2a: Gogoat|Gogoat, L91, F|140/372 tox\n|turn|25\n|\n|t:|1770344000\n|cant|p1a: Slaking|recharge\n|move|p2a: Gogoat|Horn Leech|p1a: Slaking\n|-damage|p1a: Slaking|296/389\n|-heal|p2a: Gogoat|187/372 tox|[from] drain|[of] p1a: Slaking\n|\n|-weather|RainDance|[upkeep]\n|-heal|p2a: Gogoat|210/372 tox|[from] item: Leftovers\n|-damage|p2a: Gogoat|187/372 tox|[from] psn\n|upkeep\n|turn|26\n|\n|t:|1770344004\n|switch|p1a: Pachirisu|Pachirisu, L96, F|19/271 tox\n|move|p2a: Gogoat|Horn Leech|p1a: Pachirisu\n|-damage|p1a: Pachirisu|0 fnt\n|-heal|p2a: Gogoat|197/372 tox|[from] drain|[of] p1a: Pachirisu\n|faint|p1a: Pachirisu\n|\n|-weather|none\n|-heal|p2a: Gogoat|220/372 tox|[from] item: Leftovers\n|-damage|p2a: Gogoat|174/372 tox|[from] psn\n|upkeep\n|\n|t:|1770344016\n|switch|p1a: Slaking|Slaking, L84, F|296/389\n|turn|27\n|\n|t:|1770344018\n|move|p1a: Slaking|Retaliate|p2a: Gogoat\n|-damage|p2a: Gogoat|0 fnt\n|faint|p2a: Gogoat\n|\n|win|Goobuoy\n|raw|Goobuoy's rating: 1551 &rarr; <strong>1580</strong><br />(+29 for winning)\n|raw|may&#x2f;gen3's rating: 1723 &rarr; <strong>1694</strong><br />(-29 for losing)\n|l|☆may/gen3\n|player|p2|\n", "inputlog": ">version ccdc32dd7cde25fd9e4bed64820e885f66e78a4e\n>start {\"formatid\":\"gen7randombattle\",\"seed\":\"sodium,609e374e761d9022a5e9d33a0e0faf6b\",\"rated\":\"Rated battle\"}\n>player p1 {\"name\":\"Goobuoy\",\"avatar\":\"169\",\"rating\":1551,\"seed\":\"sodium,ec99e64e71f626536ad15e73c7cfaa98\"}\n>player p2 {\"name\":\"may/gen3\",\"avatar\":\"may\",\"rating\":1723,\"seed\":\"sodium,ef89b6f67f7c4ee67abd3b7b89fca3a6\"}\n>chat ☆may/gen3|hi\n>p1 move raindance\n>p2 move return\n>p1 move hydropump\n>p2 move return\n>p1 switch 6\n>p1 move thunderbolt\n>p2 switch 3\n>p1 move toxic\n>p2 move toxic\n>p1 move uturn\n>p2 move earthquake\n>p1 switch 4\n>p1 move fireblast\n>p2 switch 5\n>p1 move dracometeor\n>p2 move uturn\n>p2 switch 2\n>p1 move explosion\n>p2 move calmmind\n>p1 switch 2\n>p2 switch 6\n>p1 move liquidation\n>p2 move liquidation\n>p1 move knockoff\n>p2 move liquidation\n>p2 switch 3\n>p1 move liquidation\n>p2 move return\n>p1 switch 4\n>p1 move thunderbolt\n>p2 move return\n>p2 switch 4\n>p1 move nuzzle\n>p2 move aurasphere\n>p1 move uturn\n>p2 move aurasphere\n>p1 switch 5\n>p1 move uturn\n>p2 switch 2\n>p1 switch 5\n>p1 move thunderbolt\n>p2 switch 2\n>p1 move thunderbolt\n>p2 move thunderwave\n>p1 move thunderbolt\n>p2 move thunderwave\n>p1 move thunderbolt\n>p2 move fleurcannon\n>p1 move uturn\n>p2 move thunderwave\n>p1 switch 5\n>p1 move flareblitz\n>p2 move aurasphere\n>p2 switch 2\n>p1 move flareblitz\n>p2 move scald\n>p1 switch 5\n>p1 move uturn\n>p2 switch 5\n>p1 switch 3\n>p1 move gigaimpact\n>p2 switch 5\n>p2 switch 5\n>p1 move recharge\n>p2 move hornleech\n>p1 switch 3\n>p2 move hornleech\n>p1 switch 3\n>p1 move retaliate\n>p2 move hornleech", "uploadtime": 1770344023, "views": 192, "formatid": "gen7randombattle", "rating": 1580, "private": 0, "password": null}