{"id": "gen7randombattle-2531269104", "format": "[Gen 7] Random Battle", "players": ["2 Easy Scrub", "Zovafire"], "log": "|j|☆2 Easy Scrub\n|j|‽Zovafire\n|t:|1770040385\n|gametype|singles\n|player|p1|2 Easy Scrub|ltsurge|1477\n|player|p2|Zovafire|miku-ghost|1731\n|gen|7\n|tier|[Gen 7] Random Battle\n|rated|\n|rule|Sleep Clause Mod: Limit one foe put to sleep\n|rule|HP Percentage Mod: HP is shown in percentages\n|rule|Illusion Level Mod: Illusion disguises the Pokémon's true level\n|\n|t:|1770040385\n|teamsize|p1|6\n|teamsize|p2|6\n|start\n|switch|p1a: Haxorus|Haxorus, L75, M|238/238\n|switch|p2a: Musharna|Musharna, L89, M|351/351\n|-ability|p1a: Haxorus|Mold Breaker\n|turn|1\n|inactive|Battle timer is ON: inactive players will automatically lose when time's up. (requested by Zovafire)\n|inactive|2 Easy Scrub also wants the timer to be on.\n|\n|t:|1770040398\n|switch|p1a: Ledian|Ledian, M|271/271\n|move|p2a: Musharna|Toxic|p1a: Ledian\n|-status|p1a: Ledian|tox\n|\n|-damage|p1a: Ledian|255/271 tox|[from] psn\n|upkeep\n|turn|2\n|\n|t:|1770040406\n|switch|p2a: Ferrothorn|Ferrothorn, L72, F|226/226\n|move|p1a: Ledian|Toxic|p2a: Ferrothorn|[miss]\n|-miss|p1a: Ledian|p2a: Ferrothorn\n|\n|-heal|p1a: Ledian|271/271 tox|[from] item: Leftovers\n|-damage|p1a: Ledian|239/271 tox|[from] psn\n|upkeep\n|turn|3\n|\n|t:|1770040424\n|move|p1a: Ledian|Air Slash|p2a: Ferrothorn\n|-damage|p2a: Ferrothorn|157/226\n|move|p2a: Ferrothorn|Stealth Rock|p1a: Ledian\n|-sidestart|p1: 2 Easy Scrub|move: Stealth Rock\n|\n|-heal|p1a: Ledian|255/271 tox|[from] item: Leftovers\n|-heal|p2a: Ferrothorn|171/226|[from] item: Leftovers\n|-damage|p1a: Ledian|207/271 tox|[from] psn\n|upkeep\n|turn|4\n|\n|t:|1770040431\n|switch|p2a: Chatot|Chatot, L89, M|280/280\n|move|p1a: Ledian|Defog|p2a: Chatot\n|-unboost|p2a: Chatot|evasion|1\n|-sideend|p1: 2 Easy Scrub|Stealth Rock|[from] move: Defog|[of] p1a: Ledian\n|\n|-heal|p1a: Ledian|223/271 tox|[from] item: Leftovers\n|-damage|p1a: Ledian|159/271 tox|[from] psn\n|upkeep\n|turn|5\n|inactive|2 Easy Scrub has 120 seconds left.\n|\n|t:|1770040462\n|move|p1a: Ledian|Air Slash|p2a: Chatot\n|-damage|p2a: Chatot|171/280\n|move|p2a: Chatot|Chatter|p1a: Ledian\n|-supereffective|p1a: Ledian\n|-damage|p1a: Ledian|26/271 tox\n|-start|p1a: Ledian|confusion\n|-damage|p2a: Chatot|143/280|[from] item: Life Orb\n|\n|-heal|p1a: Ledian|42/271 tox|[from] item: Leftovers\n|-damage|p1a: Ledian|0 fnt|[from] psn\n|faint|p1a: Ledian\n|upkeep\n|inactive|2 Easy Scrub has 120 seconds left.\n|\n|t:|1770040483\n|switch|p1a: Komala|Komala, L88, M|258/258\n|-ability|p1a: Komala|Comatose\n|turn|6\n|\n|t:|1770040491\n|switch|p2a: Ferrothorn|Ferrothorn, L72, F|171/226\n|move|p1a: Komala|Return|p2a: Ferrothorn\n|-resisted|p2a: Ferrothorn\n|-damage|p2a: Ferrothorn|114/226\n|-damage|p1a: Komala|226/258|[from] ability: Iron Barbs|[of] p2a: Ferrothorn\n|\n|-heal|p2a: Ferrothorn|128/226|[from] item: Leftovers\n|upkeep\n|turn|7\n|inactive|2 Easy Scrub has 120 seconds left.\n|\n|t:|1770040500\n|switch|p1a: Whiscash|Whiscash, L89, F|341/341\n|move|p2a: Ferrothorn|Stealth Rock|p1a: Whiscash\n|-sidestart|p1: 2 Easy Scrub|move: Stealth Rock\n|\n|-heal|p2a: Ferrothorn|142/226|[from] item: Leftovers\n|upkeep\n|turn|8\n|\n|t:|1770040503\n|move|p1a: Whiscash|Earthquake|p2a: Ferrothorn\n|-damage|p2a: Ferrothorn|33/226\n|-damage|p1a: Whiscash|307/341|[from] item: Life Orb\n|move|p2a: Ferrothorn|Power Whip|p1a: Whiscash\n|-supereffective|p1a: Whiscash\n|-damage|p1a: Whiscash|0 fnt\n|faint|p1a: Whiscash\n|\n|-heal|p2a: Ferrothorn|47/226|[from] item: Leftovers\n|upkeep\n|inactive|2 Easy Scrub has 120 seconds left.\n|\n|t:|1770040519\n|switch|p1a: Komala|Komala, L88, M|226/258\n|-damage|p1a: Komala|194/258|[from] Stealth Rock\n|-ability|p1a: Komala|Comatose\n|turn|9\n|\n|t:|1770040523\n|move|p1a: Komala|Knock Off|p2a: Ferrothorn\n|-damage|p2a: Ferrothorn|0 fnt\n|-damage|p1a: Komala|162/258|[from] ability: Iron Barbs|[of] p2a: Ferrothorn\n|-enditem|p2a: Ferrothorn|Leftovers|[from] move: Knock Off|[of] p1a: Komala\n|faint|p2a: Ferrothorn\n|\n|upkeep\n|\n|t:|1770040527\n|switch|p2a: Toxicroak|Toxicroak, L84, F|277/277\n|turn|10\n|\n|t:|1770040546\n|switch|p1a: Lilligant|Lilligant, L87, F|264/264\n|-damage|p1a: Lilligant|231/264|[from] Stealth Rock\n|move|p2a: Toxicroak|Substitute|p2a: Toxicroak\n|-start|p2a: Toxicroak|Substitute\n|-damage|p2a: Toxicroak|208/277\n|\n|-heal|p2a: Toxicroak|225/277|[from] item: Black Sludge\n|upkeep\n|turn|11\n|\n|t:|1770040556\n|move|p1a: Lilligant|Petal Dance|p2a: Toxicroak\n|-resisted|p2a: Toxicroak\n|-end|p2a: Toxicroak|Substitute\n|-damage|p1a: Lilligant|205/264|[from] item: Life Orb\n|move|p2a: Toxicroak|Gunk Shot|p1a: Lilligant|[miss]\n|-miss|p2a: Toxicroak|p1a: Lilligant\n|\n|-heal|p2a: Toxicroak|242/277|[from] item: Black Sludge\n|upkeep\n|turn|12\n|\n|t:|1770040573\n|move|p1a: Lilligant|Petal Dance|p2a: Toxicroak|[from] lockedmove\n|-resisted|p2a: Toxicroak\n|-damage|p2a: Toxicroak|112/277\n|-damage|p1a: Lilligant|179/264|[from] item: Life Orb\n|move|p2a: Toxicroak|Gunk Shot|p1a: Lilligant\n|-supereffective|p1a: Lilligant\n|-damage|p1a: Lilligant|0 fnt\n|faint|p1a: Lilligant\n|\n|-heal|p2a: Toxicroak|129/277|[from] item: Black Sludge\n|upkeep\n|\n|t:|1770040588\n|switch|p1a: Komala|Komala, L88, M|162/258\n|-damage|p1a: Komala|130/258|[from] Stealth Rock\n|-ability|p1a: Komala|Comatose\n|turn|13\n|\n|t:|1770040593\n|move|p1a: Komala|Return|p2a: Toxicroak\n|-damage|p2a: Toxicroak|0 fnt\n|faint|p2a: Toxicroak\n|\n|upkeep\n|\n|t:|1770040597\n|switch|p2a: Musharna|Musharna, L89, M|351/351\n|turn|14\n|\n|t:|1770040604\n|move|p1a: Komala|Return|p2a: Musharna\n|-damage|p2a: Musharna|218/351\n|move|p2a: Musharna|Toxic|p1a: Komala\n|-immune|p1a: Komala|[from] ability: Comatose\n|\n|-heal|p2a: Musharna|239/351|[from] item: Leftovers\n|upkeep\n|turn|15\n|\n|t:|1770040607\n|move|p1a: Komala|Return|p2a: Musharna\n|-damage|p2a: Musharna|97/351\n|move|p2a: Musharna|Toxic|p1a: Komala\n|-immune|p1a: Komala|[from] ability: Comatose\n|\n|-heal|p2a: Musharna|118/351|[from] item: Leftovers\n|upkeep\n|turn|16\n|\n|t:|1770040610\n|move|p1a: Komala|Return|p2a: Musharna\n|-damage|p2a: Musharna|0 fnt\n|faint|p2a: Musharna\n|\n|upkeep\n|\n|t:|1770040613\n|switch|p2a: Chatot|Chatot, L89, M|143/280\n|turn|17\n|\n|t:|1770040617\n|move|p1a: Komala|Return|p2a: Chatot\n|-damage|p2a: Chatot|0 fnt\n|faint|p2a: Chatot\n|\n|upkeep\n|\n|t:|1770040621\n|switch|p2a: Venusaur|Venusaur, L78, M|253/253\n|turn|18\n|\n|t:|1770040624\n|detailschange|p2a: Venusaur|Venusaur-Mega, L78, M\n|-mega|p2a: Venusaur|Venusaur|Venusaurite\n|move|p1a: Komala|Return|p2a: Venusaur\n|-damage|p2a: Venusaur|138/253\n|move|p2a: Venusaur|Sludge Bomb|p1a: Komala\n|-damage|p1a: Komala|37/258\n|\n|upkeep\n|turn|19\n|\n|t:|1770040630\n|move|p1a: Komala|Return|p2a: Venusaur\n|-crit|p2a: Venusaur\n|-damage|p2a: Venusaur|0 fnt\n|faint|p2a: Venusaur\n|detailschange|p2: Venusaur|Venusaur, L78, M|[silent]\n|\n|upkeep\n|\n|t:|1770040631\n|switch|p2a: Latias|Latias, L79, F|256/256\n|turn|20\n|\n|t:|1770040634\n|move|p1a: Komala|Return|p2a: Latias\n|-damage|p2a: Latias|102/256\n|move|p2a: Latias|Psyshock|p1a: Komala\n|-damage|p1a: Komala|0 fnt\n|faint|p1a: Komala\n|\n|upkeep\n|\n|t:|1770040643\n|switch|p1a: Haxorus|Haxorus, L75, M|238/238\n|-damage|p1a: Haxorus|209/238|[from] Stealth Rock\n|-ability|p1a: Haxorus|Mold Breaker\n|turn|21\n|\n|t:|1770040648\n|-zpower|p2a: Latias\n|move|p2a: Latias|Devastating Drake|p1a: Haxorus|[zeffect]\n|-supereffective|p1a: Haxorus\n|-damage|p1a: Haxorus|0 fnt\n|faint|p1a: Haxorus\n|\n|upkeep\n|\n|t:|1770040650\n|switch|p1a: Porygon-Z|Porygon-Z, L80|267/267\n|-damage|p1a: Porygon-Z|234/267|[from] Stealth Rock\n|turn|22\n|\n|t:|1770040656\n|move|p2a: Latias|Roost|p2a: Latias\n|-heal|p2a: Latias|230/256\n|-singleturn|p2a: Latias|move: Roost\n|-zpower|p1a: Porygon-Z\n|move|p1a: Porygon-Z|Z-Conversion|p1a: Porygon-Z|[anim]Conversion\n|-boost|p1a: Porygon-Z|atk|1|[zeffect]\n|-boost|p1a: Porygon-Z|def|1|[zeffect]\n|-boost|p1a: Porygon-Z|spa|1|[zeffect]\n|-boost|p1a: Porygon-Z|spd|1|[zeffect]\n|-boost|p1a: Porygon-Z|spe|1|[zeffect]\n|-start|p1a: Porygon-Z|typechange|Electric\n|\n|upkeep\n|turn|23\n|\n|t:|1770040661\n|move|p1a: Porygon-Z|Ice Beam|p2a: Latias\n|-supereffective|p2a: Latias\n|-damage|p2a: Latias|64/256\n|move|p2a: Latias|Calm Mind|p2a: Latias\n|-boost|p2a: Latias|spa|1\n|-boost|p2a: Latias|spd|1\n|\n|upkeep\n|turn|24\n|\n|t:|1770040666\n|move|p1a: Porygon-Z|Ice Beam|p2a: Latias\n|-supereffective|p2a: Latias\n|-damage|p2a: Latias|0 fnt\n|faint|p2a: Latias\n|\n|win|2 Easy Scrub\n|raw|2 Easy Scrub's rating: 1477 &rarr; <strong>1509</strong><br />(+32 for winning)\n|raw|Zovafire's rating: 1731 &rarr; <strong>1699</strong><br />(-32 for losing)\n|l|‽Zovafire\n|player|p2|\n", "inputlog": ">version ccdc32dd7cde25fd9e4bed64820e885f66e78a4e\n>start {\"formatid\":\"gen7randombattle\",\"seed\":\"sodium,3fb60cc9019843cf8781620a021d4832\",\"rated\":\"Rated battle\"}\n>player p1 {\"name\":\"2 Easy Scrub\",\"avatar\":\"ltsurge\",\"rating\":1477,\"seed\":\"sodium,a2226ed014ac80abb3ab9c677d064b64\"}\n>player p2 {\"name\":\"Zovafire\",\"avatar\":\"miku-ghost\",\"rating\":1731,\"seed\":\"sodium,cc570c568126b72d3d4346c839eb75a1\"}\n>p1 switch 5\n>p2 move toxic\n>p1 move toxic\n>p2 switch 3\n>p1 move airslash\n>p2 move stealthrock\n>p1 move defog\n>p2 switch 2\n>p1 move airslash\n>p2 move chatter\n>p1 switch 2\n>p1 move return\n>p2 switch 2\n>p1 switch 3\n>p2 move stealthrock\n>p1 move earthquake\n>p2 move powerwhip\n>p1 switch 3\n>p1 move knockoff\n>p2 move leechseed\n>p2 switch 4\n>p1 switch 6\n>p2 move substitute\n>p1 move petaldance\n>p2 move gunkshot\n>p1 move petaldance\n>p2 move gunkshot\n>p1 switch 6\n>p1 move return\n>p2 move drainpunch\n>p2 switch 3\n>p1 move return\n>p2 move toxic\n>p1 move return\n>p2 move toxic\n>p1 move return\n>p2 move moonlight\n>p2 switch 2\n>p1 move return\n>p2 move chatter\n>p2 switch 6\n>p1 move return\n>p2 move sludgebomb mega\n>p1 move return\n>p2 move synthesis\n>p2 switch 5\n>p1 move return\n>p2 move psyshock\n>p1 switch 5\n>p1 move dragondance\n>p2 move dracometeor zmove\n>p1 switch 4\n>p1 move conversion zmove\n>p2 move roost\n>p1 move icebeam\n>p2 move calmmind\n>p1 move icebeam\n>p2 move roost", "uploadtime": 1770040673, "views": 158, "formatid": "gen7randombattle", "rating": 1509, "private": 0, "password": null}