{"id": "gen7randombattle-2523218452", "format": "[Gen 7] Random Battle", "players": ["JonathanSchmied", "Michielleus"], "log": "|j|☆JonathanSchmied\n|j|☆Michielleus\n|t:|1769004618\n|gametype|singles\n|player|p1|JonathanSchmied|2|1728\n|player|p2|Michielleus|#rbtt9faction2|1812\n|gen|7\n|tier|[Gen 7] Random Battle\n|rated|\n|rule|Sleep Clause Mod: Limit one foe put to sleep\n|rule|HP Percentage Mod: HP is shown in percentages\n|rule|Illusion Level Mod: Illusion disguises the Pokémon's true level\n|\n|t:|1769004618\n|teamsize|p1|6\n|teamsize|p2|6\n|start\n|switch|p1a: Porygon2|Porygon2, L82|274/274\n|switch|p2a: Deoxys|Deoxys-Speed, L81|214/214\n|-ability|p2a: Deoxys|Pressure\n|-ability|p1a: Porygon2|Download|boost\n|-boost|p1a: Porygon2|spa|1\n|turn|1\n|inactive|Battle timer is ON: inactive players will automatically lose when time's up. (requested by Michielleus)\n|inactive|JonathanSchmied also wants the timer to be on.\n|\n|t:|1769004646\n|move|p2a: Deoxys|Spikes|p1a: Porygon2\n|-sidestart|p1: JonathanSchmied|Spikes\n|move|p1a: Porygon2|Tri Attack|p2a: Deoxys\n|-damage|p2a: Deoxys|85/214\n|\n|upkeep\n|turn|2\n|\n|t:|1769004652\n|move|p2a: Deoxys|Knock Off|p1a: Porygon2\n|-damage|p1a: Porygon2|229/274\n|-enditem|p1a: Porygon2|Eviolite|[from] move: Knock Off|[of] p2a: Deoxys\n|move|p1a: Porygon2|Tri Attack|p2a: Deoxys\n|-damage|p2a: Deoxys|0 fnt\n|faint|p2a: Deoxys\n|\n|upkeep\n|\n|t:|1769004657\n|switch|p2a: Emboar|Emboar, L85, M|326/326\n|turn|3\n|\n|t:|1769004683\n|move|p2a: Emboar|Superpower|p1a: Porygon2\n|-supereffective|p1a: Porygon2\n|-damage|p1a: Porygon2|0 fnt\n|-unboost|p2a: Emboar|atk|1\n|-unboost|p2a: Emboar|def|1\n|faint|p1a: Porygon2\n|\n|upkeep\n|\n|t:|1769004689\n|switch|p1a: Dodrio|Dodrio, L82, M|233/233\n|turn|4\n|\n|t:|1769004698\n|switch|p2a: Furfrou|Furfrou-La Reine, L86, F|269/269\n|move|p1a: Dodrio|Brave Bird|p2a: Furfrou\n|-damage|p2a: Furfrou|145/269\n|-damage|p1a: Dodrio|192/233|[from] Recoil\n|\n|upkeep\n|turn|5\n|\n|t:|1769004706\n|switch|p1a: Steelix|Steelix, L80, M|251/251\n|-damage|p1a: Steelix|220/251|[from] Spikes\n|move|p2a: Furfrou|Rest|p2a: Furfrou\n|-status|p2a: Furfrou|slp|[from] move: Rest\n|-heal|p2a: Furfrou|269/269 slp|[silent]\n|-enditem|p2a: Furfrou|Chesto Berry|[eat]\n|-curestatus|p2a: Furfrou|slp|[msg]\n|\n|upkeep\n|turn|6\n|\n|t:|1769004717\n|switch|p2a: Dugtrio|Dugtrio, L84, M|196/196\n|detailschange|p1a: Steelix|Steelix-Mega, L80, M\n|-mega|p1a: Steelix|Steelix|Steelixite\n|move|p1a: Steelix|Stealth Rock|p2a: Dugtrio\n|-sidestart|p2: Michielleus|move: Stealth Rock\n|\n|upkeep\n|turn|7\n|\n|t:|1769004725\n|move|p2a: Dugtrio|Stealth Rock|p1a: Steelix\n|-sidestart|p1: JonathanSchmied|move: Stealth Rock\n|move|p1a: Steelix|Heavy Slam|p2a: Dugtrio\n|-damage|p2a: Dugtrio|0 fnt\n|faint|p2a: Dugtrio\n|\n|upkeep\n|\n|t:|1769004741\n|switch|p2a: Dunsparce|Dunsparce, L95, F|344/344\n|-damage|p2a: Dunsparce|301/344|[from] Stealth Rock\n|turn|8\n|\n|t:|1769004746\n|move|p2a: Dunsparce|Earthquake|p1a: Steelix\n|-supereffective|p1a: Steelix\n|-damage|p1a: Steelix|150/251\n|move|p1a: Steelix|Dragon Tail|p2a: Dunsparce\n|-damage|p2a: Dunsparce|248/344\n|drag|p2a: Furfrou|Furfrou-La Reine, L86, F|269/269\n|-damage|p2a: Furfrou|236/269|[from] Stealth Rock\n|\n|upkeep\n|turn|9\n|inactive|JonathanSchmied has 120 seconds left.\n|\n|t:|1769004797\n|move|p2a: Furfrou|Cotton Guard|p2a: Furfrou\n|-boost|p2a: Furfrou|def|3\n|move|p1a: Steelix|Dragon Tail|p2a: Furfrou\n|-damage|p2a: Furfrou|223/269\n|drag|p2a: Darkrai|Darkrai, L75|229/229\n|-damage|p2a: Darkrai|201/229|[from] Stealth Rock\n|\n|upkeep\n|turn|10\n|inactive|JonathanSchmied has 90 seconds left.\n|\n|t:|1769004826\n|move|p2a: Darkrai|Focus Blast|p1a: Steelix\n|-supereffective|p1a: Steelix\n|-damage|p1a: Steelix|0 fnt\n|faint|p1a: Steelix\n|detailschange|p1: Steelix|Steelix, L80, M|[silent]\n|\n|upkeep\n|\n|t:|1769004840\n|switch|p1a: Kommo-o|Kommo-o, L74, F|233/233\n|-damage|p1a: Kommo-o|204/233|[from] Spikes\n|-damage|p1a: Kommo-o|190/233|[from] Stealth Rock\n|turn|11\n|\n|t:|1769004855\n|switch|p2a: Emboar|Emboar, L85, M|326/326\n|-damage|p2a: Emboar|286/326|[from] Stealth Rock\n|move|p1a: Kommo-o|Dragon Dance|p1a: Kommo-o\n|-boost|p1a: Kommo-o|atk|1\n|-boost|p1a: Kommo-o|spe|1\n|\n|upkeep\n|turn|12\n|\n|t:|1769004862\n|-zpower|p1a: Kommo-o\n|move|p1a: Kommo-o|Clangorous Soulblaze|p2a: Emboar|[zeffect]\n|-damage|p2a: Emboar|166/326\n|-boost|p1a: Kommo-o|atk|1\n|-boost|p1a: Kommo-o|def|1\n|-boost|p1a: Kommo-o|spa|1\n|-boost|p1a: Kommo-o|spd|1\n|-boost|p1a: Kommo-o|spe|1\n|move|p2a: Emboar|Superpower|p1a: Kommo-o\n|-damage|p1a: Kommo-o|90/233\n|-unboost|p2a: Emboar|atk|1\n|-unboost|p2a: Emboar|def|1\n|\n|upkeep\n|turn|13\n|inactive|JonathanSchmied has 90 seconds left.\n|\n|t:|1769004879\n|move|p2a: Emboar|Sucker Punch|p1a: Kommo-o\n|-resisted|p1a: Kommo-o\n|-damage|p1a: Kommo-o|78/233\n|move|p1a: Kommo-o|Close Combat|p2a: Emboar\n|-damage|p2a: Emboar|0 fnt\n|-unboost|p1a: Kommo-o|def|1\n|-unboost|p1a: Kommo-o|spd|1\n|faint|p2a: Emboar\n|\n|upkeep\n|\n|t:|1769004882\n|switch|p2a: Dunsparce|Dunsparce, L95, F|248/344\n|-damage|p2a: Dunsparce|205/344|[from] Stealth Rock\n|turn|14\n|inactive|JonathanSchmied has 90 seconds left.\n|-message|Michielleus forfeited.\n|\n|win|JonathanSchmied\n|raw|JonathanSchmied's rating: 1728 &rarr; <strong>1753</strong><br />(+25 for winning)\n|raw|Michielleus's rating: 1812 &rarr; <strong>1787</strong><br />(-25 for losing)\n|l|☆Michielleus\n|player|p2|\n|l|☆JonathanSchmied\n|player|p1|\n", "inputlog": ">version 3bd1a1e329da8d286644078cfc9a9638fc7ea025\n>start {\"formatid\":\"gen7randombattle\",\"seed\":\"sodium,2e33f62653470d1414c320d84e9ed7f2\",\"rated\":\"Rated battle\"}\n>player p1 {\"name\":\"JonathanSchmied\",\"avatar\":\"2\",\"rating\":1728,\"seed\":\"sodium,ef22fa66bae6399d935e3b77a2469200\"}\n>player p2 {\"name\":\"Michielleus\",\"avatar\":\"#rbtt9faction2\",\"rating\":1812,\"seed\":\"sodium,d6012cae1b09b97f59fa107a9a5adea5\"}\n>p1 move triattack\n>p2 move spikes\n>p1 move triattack\n>p2 move knockoff\n>p2 switch 3\n>p1 move triattack\n>p2 move superpower\n>p1 switch 3\n>p1 move bravebird\n>p2 switch 4\n>p1 switch 6\n>p2 move rest\n>p1 move stealthrock mega\n>p2 switch 6\n>p1 move heavyslam\n>p2 move stealthrock\n>p2 switch 5\n>p1 move dragontail\n>p2 move earthquake\n>p1 move dragontail\n>p2 move cottonguard\n>p1 move heavyslam\n>p2 move focusblast\n>p1 switch 5\n>p1 move dragondance\n>p2 switch 4\n>p1 move clangingscales zmove\n>p2 move superpower\n>p1 move closecombat\n>p2 move suckerpunch\n>p2 switch 6\n>forcelose p2", "uploadtime": 1769004901, "views": 182, "formatid": "gen7randombattle", "rating": 1753, "private": 0, "password": null}