{"id": "gen7randombattle-2526620078", "format": "[Gen 7] Random Battle", "players": ["kwijibo89", "BigWes95"], "log": "|j|‽kwijibo89\n|j|☆BigWes95\n|t:|1769441476\n|gametype|singles\n|player|p1|kwijibo89|fisherman-gen4|1631\n|player|p2|BigWes95|#rbtt9hoopers2|1897\n|gen|7\n|tier|[Gen 7] Random Battle\n|rated|\n|rule|Sleep Clause Mod: Limit one foe put to sleep\n|rule|HP Percentage Mod: HP is shown in percentages\n|rule|Illusion Level Mod: Illusion disguises the Pokémon's true level\n|\n|t:|1769441476\n|teamsize|p1|6\n|teamsize|p2|6\n|start\n|switch|p1a: Bronzong|Bronzong, L86|255/255\n|switch|p2a: Altaria|Altaria, L92, M|287/287\n|turn|1\n|inactive|Battle timer is ON: inactive players will automatically lose when time's up. (requested by BigWes95)\n|\n|t:|1769441495\n|move|p2a: Altaria|Fire Blast|p1a: Bronzong\n|-supereffective|p1a: Bronzong\n|-damage|p1a: Bronzong|131/255\n|move|p1a: Bronzong|Stealth Rock|p2a: Altaria\n|-sidestart|p2: BigWes95|move: Stealth Rock\n|\n|-heal|p1a: Bronzong|146/255|[from] item: Leftovers\n|upkeep\n|turn|2\n|\n|t:|1769441508\n|move|p2a: Altaria|Defog|p1a: Bronzong\n|-unboost|p1a: Bronzong|evasion|1\n|-sideend|p2: BigWes95|Stealth Rock|[from] move: Defog|[of] p2a: Altaria\n|move|p1a: Bronzong|Psychic|p2a: Altaria\n|-damage|p2a: Altaria|217/287\n|\n|-heal|p2a: Altaria|234/287|[from] item: Leftovers\n|-heal|p1a: Bronzong|161/255|[from] item: Leftovers\n|upkeep\n|turn|3\n|\n|t:|1769441515\n|switch|p1a: Oricorio|Oricorio-Sensu, L89, F|278/278\n|move|p2a: Altaria|Fire Blast|p1a: Oricorio\n|-damage|p1a: Oricorio|198/278\n|\n|-heal|p1a: Oricorio|215/278|[from] item: Leftovers\n|-heal|p2a: Altaria|251/287|[from] item: Leftovers\n|upkeep\n|turn|4\n|\n|t:|1769441519\n|switch|p2a: Raikou|Raikou, L81|278/278\n|-ability|p2a: Raikou|Pressure\n|move|p1a: Oricorio|Revelation Dance|p2a: Raikou\n|-damage|p2a: Raikou|178/278\n|\n|-heal|p1a: Oricorio|232/278|[from] item: Leftovers\n|upkeep\n|turn|5\n|\n|t:|1769441524\n|switch|p1a: Dhelmise|Dhelmise, L91|275/275\n|move|p2a: Raikou|Volt Switch|p1a: Dhelmise\n|-resisted|p1a: Dhelmise\n|-damage|p1a: Dhelmise|222/275\n|\n|t:|1769441537\n|switch|p2a: Decidueye|Decidueye, L87, F|277/277|[from] Volt Switch\n|\n|upkeep\n|turn|6\n|\n|t:|1769441543\n|switch|p1a: Gumshoos|Gumshoos, L94, F|318/318\n|move|p2a: Decidueye|Spirit Shackle|p1a: Gumshoos\n|-immune|p1a: Gumshoos\n|\n|upkeep\n|turn|7\n|\n|t:|1769441549\n|move|p2a: Decidueye|Leaf Storm|p1a: Gumshoos\n|-damage|p1a: Gumshoos|149/318\n|-unboost|p2a: Decidueye|spa|2\n|move|p1a: Gumshoos|Crunch|p2a: Decidueye\n|-supereffective|p2a: Decidueye\n|-damage|p2a: Decidueye|15/277\n|\n|-heal|p2a: Decidueye|32/277|[from] item: Leftovers\n|upkeep\n|turn|8\n|\n|t:|1769441553\n|move|p2a: Decidueye|Leaf Storm|p1a: Gumshoos\n|-damage|p1a: Gumshoos|16/318\n|-unboost|p2a: Decidueye|spa|2\n|move|p1a: Gumshoos|Crunch|p2a: Decidueye\n|-supereffective|p2a: Decidueye\n|-damage|p2a: Decidueye|0 fnt\n|faint|p2a: Decidueye\n|\n|upkeep\n|\n|t:|1769441559\n|switch|p2a: Blaziken|Blaziken, L73, F|237/237\n|turn|9\n|\n|t:|1769441564\n|switch|p1a: Hitmontop|Hitmontop, L90, M|236/236\n|-ability|p1a: Hitmontop|Intimidate|boost\n|-unboost|p2a: Blaziken|atk|1\n|detailschange|p2a: Blaziken|Blaziken-Mega, L73, F\n|-mega|p2a: Blaziken|Blaziken|Blazikenite\n|move|p2a: Blaziken|Swords Dance|p2a: Blaziken\n|-boost|p2a: Blaziken|atk|2\n|\n|-ability|p2a: Blaziken|Speed Boost|boost\n|-boost|p2a: Blaziken|spe|1\n|upkeep\n|turn|10\n|\n|t:|1769441569\n|move|p2a: Blaziken|Swords Dance|p2a: Blaziken\n|-boost|p2a: Blaziken|atk|2\n|move|p1a: Hitmontop|Earthquake|p2a: Blaziken\n|-supereffective|p2a: Blaziken\n|-damage|p2a: Blaziken|47/237\n|\n|-ability|p2a: Blaziken|Speed Boost|boost\n|-boost|p2a: Blaziken|spe|1\n|upkeep\n|turn|11\n|\n|t:|1769441574\n|switch|p1a: Gumshoos|Gumshoos, L94, F|16/318\n|move|p2a: Blaziken|Flare Blitz|p1a: Gumshoos\n|-damage|p1a: Gumshoos|0 fnt\n|faint|p1a: Gumshoos\n|-damage|p2a: Blaziken|42/237|[from] Recoil\n|\n|-ability|p2a: Blaziken|Speed Boost|boost\n|-boost|p2a: Blaziken|spe|1\n|upkeep\n|\n|t:|1769441580\n|switch|p1a: Hitmontop|Hitmontop, L90, M|236/236\n|-ability|p1a: Hitmontop|Intimidate|boost\n|-unboost|p2a: Blaziken|atk|1\n|turn|12\n|\n|t:|1769441586\n|switch|p1a: Bronzong|Bronzong, L86|161/255\n|move|p2a: Blaziken|Flare Blitz|p1a: Bronzong\n|-supereffective|p1a: Bronzong\n|-damage|p1a: Bronzong|0 fnt\n|faint|p1a: Bronzong\n|-damage|p2a: Blaziken|0 fnt|[from] Recoil\n|faint|p2a: Blaziken\n|detailschange|p2: Blaziken|Blaziken, L73, F|[silent]\n|\n|upkeep\n|\n|t:|1769441601\n|switch|p2a: Floette|Floette-Eternal, L83, F|259/259\n|switch|p1a: Dhelmise|Dhelmise, L91|222/275\n|turn|13\n|\n|t:|1769441609\n|move|p2a: Floette|Light of Ruin|p1a: Dhelmise\n|-damage|p1a: Dhelmise|0 fnt\n|faint|p1a: Dhelmise\n|-damage|p2a: Floette|148/259|[from] Recoil\n|\n|upkeep\n|\n|t:|1769441614\n|switch|p1a: Corsola|Corsola, L96, F|280/280\n|turn|14\n|\n|t:|1769441618\n|switch|p2a: Raikou|Raikou, L81|178/278\n|-ability|p2a: Raikou|Pressure\n|move|p1a: Corsola|Toxic|p2a: Raikou\n|-status|p2a: Raikou|tox\n|\n|-damage|p2a: Raikou|161/278 tox|[from] psn\n|upkeep\n|turn|15\n|\n|t:|1769441621\n|switch|p1a: Hitmontop|Hitmontop, L90, M|236/236\n|-ability|p1a: Hitmontop|Intimidate|boost\n|-unboost|p2a: Raikou|atk|1\n|move|p2a: Raikou|Thunderbolt|p1a: Hitmontop\n|-damage|p1a: Hitmontop|151/236\n|-status|p1a: Hitmontop|par\n|\n|-damage|p2a: Raikou|127/278 tox|[from] psn\n|upkeep\n|turn|16\n|\n|t:|1769441626\n|switch|p2a: Mesprit|Mesprit, L86|278/278\n|move|p1a: Hitmontop|Earthquake|p2a: Mesprit\n|-immune|p2a: Mesprit|[from] ability: Levitate\n|\n|upkeep\n|turn|17\n|\n|t:|1769441630\n|switch|p1a: Oricorio|Oricorio-Sensu, L89, F|232/278\n|move|p2a: Mesprit|Calm Mind|p2a: Mesprit\n|-boost|p2a: Mesprit|spa|1\n|-boost|p2a: Mesprit|spd|1\n|\n|-heal|p1a: Oricorio|249/278|[from] item: Leftovers\n|upkeep\n|turn|18\n|\n|t:|1769441633\n|move|p1a: Oricorio|Toxic|p2a: Mesprit\n|-status|p2a: Mesprit|tox\n|move|p2a: Mesprit|Thunderbolt|p1a: Oricorio\n|-supereffective|p1a: Oricorio\n|-damage|p1a: Oricorio|0 fnt\n|faint|p1a: Oricorio\n|-damage|p2a: Mesprit|251/278 tox|[from] item: Life Orb\n|\n|-damage|p2a: Mesprit|234/278 tox|[from] psn\n|upkeep\n|\n|t:|1769441640\n|switch|p1a: Corsola|Corsola, L96, F|280/280\n|turn|19\n|\n|t:|1769441643\n|move|p2a: Mesprit|Thunderbolt|p1a: Corsola\n|-supereffective|p1a: Corsola\n|-damage|p1a: Corsola|33/280\n|-damage|p2a: Mesprit|207/278 tox|[from] item: Life Orb\n|move|p1a: Corsola|Power Gem|p2a: Mesprit\n|-damage|p2a: Mesprit|161/278 tox\n|\n|-heal|p1a: Corsola|50/280|[from] item: Leftovers\n|-damage|p2a: Mesprit|127/278 tox|[from] psn\n|upkeep\n|turn|20\n|\n|t:|1769441651\n|move|p2a: Mesprit|Psyshock|p1a: Corsola\n|-damage|p1a: Corsola|0 fnt\n|faint|p1a: Corsola\n|-damage|p2a: Mesprit|100/278 tox|[from] item: Life Orb\n|\n|-damage|p2a: Mesprit|49/278 tox|[from] psn\n|upkeep\n|\n|t:|1769441654\n|switch|p1a: Hitmontop|Hitmontop, L90, M|151/236 par\n|-ability|p1a: Hitmontop|Intimidate|boost\n|-unboost|p2a: Mesprit|atk|1\n|turn|21\n|\n|t:|1769441665\n|move|p2a: Mesprit|Psyshock|p1a: Hitmontop\n|-supereffective|p1a: Hitmontop\n|-damage|p1a: Hitmontop|0 fnt\n|faint|p1a: Hitmontop\n|-damage|p2a: Mesprit|22/278 tox|[from] item: Life Orb\n|\n|win|BigWes95\n|raw|kwijibo89's rating: 1631 &rarr; <strong>1624</strong><br />(-7 for losing)\n|raw|BigWes95's rating: 1897 &rarr; <strong>1904</strong><br />(+7 for winning)\n|l|☆BigWes95\n|player|p2|\n|l|‽kwijibo89\n|player|p1|\n", "inputlog": ">version b99ff0165a6231f17e8b78c2a78d1998375de664\n>start {\"formatid\":\"gen7randombattle\",\"seed\":\"sodium,a45b5167f49022bbaca7941801c442a8\",\"rated\":\"Rated battle\"}\n>player p1 {\"name\":\"kwijibo89\",\"avatar\":\"fisherman-gen4\",\"rating\":1631,\"seed\":\"sodium,bc6ae2934830949f00798f1cab93ff43\"}\n>player p2 {\"name\":\"BigWes95\",\"avatar\":\"#rbtt9hoopers2\",\"rating\":1897,\"seed\":\"sodium,2b40ad2c422ac87019df5d539f25bb92\"}\n>p1 move stealthrock\n>p2 move fireblast\n>p1 move psychic\n>p2 move defog\n>p1 switch 4\n>p2 move fireblast\n>p1 move revelationdance\n>p2 switch 5\n>p1 switch 2\n>p2 move voltswitch\n>p2 switch 6\n>p1 switch 5\n>p2 move spiritshackle\n>p1 move crunch\n>p2 move leafstorm\n>p1 move crunch\n>p2 move leafstorm\n>p2 switch 4\n>p1 switch 3\n>p2 move swordsdance mega\n>p1 move earthquake\n>p2 move swordsdance\n>p1 switch 3\n>p2 move flareblitz\n>p1 switch 3\n>p1 switch 4\n>p2 move flareblitz\n>p1 switch 5\n>p2 switch 3\n>p1 move anchorshot\n>p2 move lightofruin\n>p1 switch 6\n>p1 move toxic\n>p2 switch 6\n>p1 switch 4\n>p2 move thunderbolt\n>p1 move earthquake\n>p2 switch 2\n>p1 switch 2\n>p2 move calmmind\n>p1 move toxic\n>p2 move thunderbolt\n>p1 switch 4\n>p1 move powergem\n>p2 move thunderbolt\n>p1 move powergem\n>p2 move psyshock\n>p1 switch 2\n>p1 move closecombat\n>p2 move psyshock", "uploadtime": 1769441671, "views": 194, "formatid": "gen7randombattle", "rating": 1624, "private": 0, "password": null}