{"id": "gen7randombattle-2533472542", "format": "[Gen 7] Random Battle", "players": ["thedadgamer", "superwooper96"], "log": "|j|☆thedadgamer\n|j|☆superwooper96\n|t:|1770308904\n|gametype|singles\n|player|p1|thedadgamer|biker-gen4|1700\n|player|p2|superwooper96|ninjaboy|1800\n|gen|7\n|tier|[Gen 7] Random Battle\n|rated|\n|rule|Sleep Clause Mod: Limit one foe put to sleep\n|rule|HP Percentage Mod: HP is shown in percentages\n|rule|Illusion Level Mod: Illusion disguises the Pokémon's true level\n|\n|t:|1770308904\n|teamsize|p1|6\n|teamsize|p2|6\n|start\n|switch|p1a: Garbodor|Garbodor, L88, F|284/284\n|switch|p2a: Wobbuffet|Wobbuffet, L94, M|510/510\n|turn|1\n|inactive|Battle timer is ON: inactive players will automatically lose when time's up. (requested by thedadgamer)\n|\n|t:|1770308921\n|switch|p2a: Ditto|Ditto, L83|215/215\n|-transform|p2a: Ditto|p1a: Garbodor|[from] ability: Imposter\n|move|p1a: Garbodor|Toxic|p2a: Ditto\n|-immune|p2a: Ditto\n|\n|upkeep\n|turn|2\n|\n|t:|1770308933\n|switch|p2a: Hypno|Hypno, L97, F|322/322\n|move|p1a: Garbodor|Stomping Tantrum|p2a: Hypno\n|-damage|p2a: Hypno|200/322\n|\n|-heal|p2a: Hypno|220/322|[from] item: Leftovers\n|upkeep\n|turn|3\n|\n|t:|1770308939\n|move|p2a: Hypno|Psychic|p1a: Garbodor\n|-supereffective|p1a: Garbodor\n|-damage|p1a: Garbodor|86/284\n|move|p1a: Garbodor|Gunk Shot|p2a: Hypno|[miss]\n|-miss|p1a: Garbodor|p2a: Hypno\n|\n|-heal|p2a: Hypno|240/322|[from] item: Leftovers\n|-heal|p1a: Garbodor|103/284|[from] item: Black Sludge\n|upkeep\n|turn|4\n|\n|t:|1770308945\n|switch|p1a: Regigigas|Regigigas, L86|329/329\n|-start|p1a: Regigigas|ability: Slow Start\n|move|p2a: Hypno|Psychic|p1a: Regigigas\n|-damage|p1a: Regigigas|242/329\n|\n|-heal|p2a: Hypno|260/322|[from] item: Leftovers\n|-heal|p1a: Regigigas|262/329|[from] item: Leftovers\n|upkeep\n|turn|5\n|\n|t:|1770308960\n|move|p2a: Hypno|Psychic|p1a: Regigigas\n|-damage|p1a: Regigigas|172/329\n|move|p1a: Regigigas|Thunder Wave|p2a: Hypno\n|-status|p2a: Hypno|par\n|\n|-heal|p1a: Regigigas|192/329|[from] item: Leftovers\n|-heal|p2a: Hypno|280/322 par|[from] item: Leftovers\n|upkeep\n|turn|6\n|\n|t:|1770308969\n|switch|p2a: Electivire|Electivire, L86, F|269/269\n|move|p1a: Regigigas|Substitute|p1a: Regigigas\n|-start|p1a: Regigigas|Substitute\n|-damage|p1a: Regigigas|110/329\n|\n|-heal|p1a: Regigigas|130/329|[from] item: Leftovers\n|upkeep\n|turn|7\n|\n|t:|1770308974\n|move|p2a: Electivire|Wild Charge|p1a: Regigigas\n|-end|p1a: Regigigas|Substitute\n|-damage|p2a: Electivire|248/269|[from] Recoil|[of] p1a: Regigigas\n|move|p1a: Regigigas|Knock Off|p2a: Electivire\n|-damage|p2a: Electivire|178/269\n|-enditem|p2a: Electivire|Choice Band|[from] move: Knock Off|[of] p1a: Regigigas\n|\n|-heal|p1a: Regigigas|150/329|[from] item: Leftovers\n|upkeep\n|turn|8\n|\n|t:|1770308981\n|move|p2a: Electivire|Cross Chop|p1a: Regigigas|[miss]\n|-miss|p2a: Electivire|p1a: Regigigas\n|move|p1a: Regigigas|Substitute|p1a: Regigigas\n|-start|p1a: Regigigas|Substitute\n|-damage|p1a: Regigigas|68/329\n|\n|-heal|p1a: Regigigas|88/329|[from] item: Leftovers\n|upkeep\n|turn|9\n|\n|t:|1770308985\n|move|p2a: Electivire|Wild Charge|p1a: Regigigas\n|-end|p1a: Regigigas|Substitute\n|-damage|p2a: Electivire|157/269|[from] Recoil|[of] p1a: Regigigas\n|move|p1a: Regigigas|Substitute|p1a: Regigigas\n|-start|p1a: Regigigas|Substitute\n|-damage|p1a: Regigigas|6/329\n|\n|-heal|p1a: Regigigas|26/329|[from] item: Leftovers\n|-end|p1a: Regigigas|Slow Start\n|upkeep\n|turn|10\n|\n|t:|1770308992\n|move|p1a: Regigigas|Return|p2a: Electivire\n|-damage|p2a: Electivire|0 fnt\n|faint|p2a: Electivire\n|\n|-heal|p1a: Regigigas|46/329|[from] item: Leftovers\n|upkeep\n|\n|t:|1770308999\n|switch|p2a: Hypno|Hypno, L97, F|280/322 par\n|turn|11\n|\n|t:|1770309001\n|move|p1a: Regigigas|Knock Off|p2a: Hypno\n|-supereffective|p2a: Hypno\n|-damage|p2a: Hypno|70/322 par\n|-enditem|p2a: Hypno|Leftovers|[from] move: Knock Off|[of] p1a: Regigigas\n|move|p2a: Hypno|Psychic|p1a: Regigigas\n|-end|p1a: Regigigas|Substitute\n|\n|-heal|p1a: Regigigas|66/329|[from] item: Leftovers\n|upkeep\n|turn|12\n|\n|t:|1770309005\n|move|p1a: Regigigas|Return|p2a: Hypno\n|-damage|p2a: Hypno|0 fnt\n|faint|p2a: Hypno\n|\n|-heal|p1a: Regigigas|86/329|[from] item: Leftovers\n|upkeep\n|\n|t:|1770309010\n|switch|p2a: Ditto|Ditto, L83|215/215\n|-transform|p2a: Ditto|p1a: Regigigas|[from] ability: Imposter\n|-start|p2a: Ditto|ability: Slow Start\n|turn|13\n|\n|t:|1770309016\n|move|p1a: Regigigas|Substitute|p1a: Regigigas\n|-start|p1a: Regigigas|Substitute\n|-damage|p1a: Regigigas|4/329\n|move|p2a: Ditto|Return|p1a: Regigigas\n|-activate|p1a: Regigigas|move: Substitute|[damage]\n|\n|-heal|p1a: Regigigas|24/329|[from] item: Leftovers\n|upkeep\n|turn|14\n|\n|t:|1770309022\n|move|p1a: Regigigas|Thunder Wave|p2a: Ditto\n|-status|p2a: Ditto|par\n|move|p2a: Ditto|Return|p1a: Regigigas\n|-end|p1a: Regigigas|Substitute\n|\n|-heal|p1a: Regigigas|44/329|[from] item: Leftovers\n|upkeep\n|turn|15\n|\n|t:|1770309027\n|move|p1a: Regigigas|Return|p2a: Ditto\n|-damage|p2a: Ditto|73/215 par\n|move|p2a: Ditto|Return|p1a: Regigigas\n|-damage|p1a: Regigigas|0 fnt\n|faint|p1a: Regigigas\n|\n|upkeep\n|\n|t:|1770309037\n|switch|p1a: Furret|Furret, L94, M|312/312\n|-item|p2a: Ditto|Choice Scarf|[from] ability: Frisk|[of] p1a: Furret\n|turn|16\n|\n|t:|1770309041\n|move|p1a: Furret|Coil|p1a: Furret\n|-boost|p1a: Furret|atk|1\n|-boost|p1a: Furret|def|1\n|-boost|p1a: Furret|accuracy|1\n|move|p2a: Ditto|Return|p1a: Furret\n|-damage|p1a: Furret|249/312\n|\n|-heal|p1a: Furret|268/312|[from] item: Leftovers\n|upkeep\n|turn|17\n|\n|t:|1770309048\n|switch|p2a: Wobbuffet|Wobbuffet, L94, M|510/510\n|move|p1a: Furret|Coil|p1a: Furret\n|-boost|p1a: Furret|atk|1\n|-boost|p1a: Furret|def|1\n|-boost|p1a: Furret|accuracy|1\n|\n|-heal|p1a: Furret|287/312|[from] item: Leftovers\n|upkeep\n|turn|18\n|\n|t:|1770309054\n|move|p1a: Furret|Knock Off|p2a: Wobbuffet\n|-supereffective|p2a: Wobbuffet\n|-damage|p2a: Wobbuffet|192/510\n|-enditem|p2a: Wobbuffet|Custap Berry|[from] move: Knock Off|[of] p1a: Furret\n|move|p2a: Wobbuffet|Counter|p1a: Furret\n|-damage|p1a: Furret|0 fnt\n|faint|p1a: Furret\n|\n|upkeep\n|\n|t:|1770309062\n|switch|p1a: Dedenne|Dedenne, L91, F|268/268\n|turn|19\n|\n|t:|1770309066\n|move|p1a: Dedenne|Toxic|p2a: Wobbuffet\n|-status|p2a: Wobbuffet|tox\n|move|p2a: Wobbuffet|Encore|p1a: Dedenne\n|-start|p1a: Dedenne|Encore\n|\n|-damage|p2a: Wobbuffet|161/510 tox|[from] psn\n|upkeep\n|turn|20\n|\n|t:|1770309076\n|switch|p2a: Ditto|Ditto, L83|73/215 par\n|-transform|p2a: Ditto|p1a: Dedenne|[from] ability: Imposter\n|move|p1a: Dedenne|Toxic||[still]\n|-fail|p1a: Dedenne\n|\n|upkeep\n|turn|21\n|\n|t:|1770309094\n|switch|p1a: Garbodor|Garbodor, L88, F|103/284\n|switch|p2a: Golduck|Golduck, L93, F|300/300\n|-ability|p2a: Golduck|Cloud Nine\n|\n|-heal|p1a: Garbodor|120/284|[from] item: Black Sludge\n|upkeep\n|turn|22\n|\n|t:|1770309104\n|move|p2a: Golduck|Hydro Pump|p1a: Garbodor|[miss]\n|-miss|p2a: Golduck|p1a: Garbodor\n|move|p1a: Garbodor|Pain Split|p2a: Golduck\n|-sethp|p2a: Golduck|210/300|[from] move: Pain Split|[silent]\n|-sethp|p1a: Garbodor|210/284|[from] move: Pain Split\n|\n|-heal|p1a: Garbodor|227/284|[from] item: Black Sludge\n|upkeep\n|turn|23\n|\n|t:|1770309110\n|switch|p1a: Parasect|Parasect, L99, F|279/279\n|move|p2a: Golduck|Encore||[still]\n|-fail|p2a: Golduck\n|\n|upkeep\n|turn|24\n|\n|t:|1770309118\n|move|p2a: Golduck|Ice Beam|p1a: Parasect\n|-supereffective|p1a: Parasect\n|-damage|p1a: Parasect|89/279\n|-damage|p2a: Golduck|180/300|[from] item: Life Orb\n|move|p1a: Parasect|Seed Bomb|p2a: Golduck\n|-supereffective|p2a: Golduck\n|-damage|p2a: Golduck|0 fnt\n|faint|p2a: Golduck\n|\n|-heal|p1a: Parasect|106/279|[from] item: Leftovers\n|upkeep\n|\n|t:|1770309132\n|switch|p2a: Wobbuffet|Wobbuffet, L94, M|161/510 tox\n|turn|25\n|\n|t:|1770309137\n|move|p2a: Wobbuffet|Destiny Bond|p2a: Wobbuffet\n|-singlemove|p2a: Wobbuffet|Destiny Bond\n|move|p1a: Parasect|Leech Life|p2a: Wobbuffet\n|-supereffective|p2a: Wobbuffet\n|-damage|p2a: Wobbuffet|0 fnt\n|-heal|p1a: Parasect|187/279|[from] drain|[of] p2a: Wobbuffet\n|faint|p2a: Wobbuffet\n|-activate|p2a: Wobbuffet|move: Destiny Bond\n|faint|p1a: Parasect\n|\n|upkeep\n|\n|t:|1770309145\n|switch|p1a: Garbodor|Garbodor, L88, F|227/284\n|switch|p2a: Ditto|Ditto, L83|73/215 par\n|-transform|p2a: Ditto|p1a: Garbodor|[from] ability: Imposter\n|turn|26\n|\n|t:|1770309149\n|move|p1a: Garbodor|Stomping Tantrum|p2a: Ditto\n|-supereffective|p2a: Ditto\n|-damage|p2a: Ditto|0 fnt\n|-damage|p1a: Garbodor|156/284|[from] ability: Aftermath|[of] p2a: Ditto\n|faint|p2a: Ditto\n|\n|-heal|p1a: Garbodor|173/284|[from] item: Black Sludge\n|upkeep\n|\n|t:|1770309151\n|switch|p2a: Dragonite|Dragonite, L72, M|250/250\n|turn|27\n|\n|t:|1770309157\n|move|p1a: Garbodor|Toxic|p2a: Dragonite\n|-status|p2a: Dragonite|tox\n|move|p2a: Dragonite|Dragon Dance|p2a: Dragonite\n|-boost|p2a: Dragonite|atk|1\n|-boost|p2a: Dragonite|spe|1\n|\n|-heal|p1a: Garbodor|190/284|[from] item: Black Sludge\n|-damage|p2a: Dragonite|235/250 tox|[from] psn\n|upkeep\n|turn|28\n|\n|t:|1770309167\n|move|p2a: Dragonite|Dragon Dance|p2a: Dragonite\n|-boost|p2a: Dragonite|atk|1\n|-boost|p2a: Dragonite|spe|1\n|move|p1a: Garbodor|Gunk Shot|p2a: Dragonite\n|-damage|p2a: Dragonite|81/250 tox\n|\n|-heal|p1a: Garbodor|207/284|[from] item: Black Sludge\n|-damage|p2a: Dragonite|51/250 tox|[from] psn\n|upkeep\n|turn|29\n|-message|superwooper96 forfeited.\n|\n|win|thedadgamer\n|raw|thedadgamer's rating: 1700 &rarr; <strong>1726</strong><br />(+26 for winning)\n|raw|superwooper96's rating: 1800 &rarr; <strong>1774</strong><br />(-26 for losing)\n|l|☆superwooper96\n|player|p2|\n|l|☆thedadgamer\n|player|p1|\n", "inputlog": ">version ccdc32dd7cde25fd9e4bed64820e885f66e78a4e\n>start {\"formatid\":\"gen7randombattle\",\"seed\":\"sodium,31d58a234026f595cca7c3b27bcb06e6\",\"rated\":\"Rated battle\"}\n>player p1 {\"name\":\"thedadgamer\",\"avatar\":\"biker-gen4\",\"rating\":1700,\"seed\":\"sodium,b611f96bce24e3c6e588566c5385d6c1\"}\n>player p2 {\"name\":\"superwooper96\",\"avatar\":\"ninjaboy\",\"rating\":1800,\"seed\":\"sodium,a69545297ae3f6d7afb0e3180df9a7de\"}\n>p1 move toxic\n>p2 switch 6\n>p1 move stompingtantrum\n>p2 switch 4\n>p1 move gunkshot\n>p2 move psychic\n>p1 switch 4\n>p2 move psychic\n>p1 move thunderwave\n>p2 move psychic\n>p1 move substitute\n>p2 switch 5\n>p1 move knockoff\n>p2 move wildcharge\n>p1 move substitute\n>p2 move crosschop\n>p1 move substitute\n>p2 move wildcharge\n>p1 move return\n>p2 move wildcharge\n>p2 switch 5\n>p1 move knockoff\n>p2 move psychic\n>p1 move return\n>p2 move psychic\n>p2 switch 4\n>p1 move substitute\n>p2 move return\n>p1 move thunderwave\n>p2 move return\n>p1 move return\n>p2 move return\n>p1 switch 5\n>p1 move coil\n>p2 move return\n>p1 move coil\n>p2 switch 6\n>p1 move knockoff\n>p2 move counter\n>p1 switch 2\n>p1 move toxic\n>p2 move encore\n>p1 move toxic\n>p2 switch 6\n>p1 switch 4\n>p2 switch 3\n>p1 move painsplit\n>p2 move hydropump\n>p1 switch 6\n>p2 move encore\n>p1 move seedbomb\n>p2 move icebeam\n>p2 switch 6\n>p1 move leechlife\n>p2 move destinybond\n>p1 switch 6\n>p2 switch 3\n>p1 move stompingtantrum\n>p2 move painsplit\n>p2 switch 2\n>p1 move toxic\n>p2 move dragondance\n>p1 move gunkshot\n>p2 move dragondance\n>forcelose p2", "uploadtime": 1770309188, "views": 158, "formatid": "gen7randombattle", "rating": 1726, "private": 0, "password": null}