{"id": "gen7randombattle-2529003779", "format": "[Gen 7] Random Battle", "players": ["walterszr", "Thorys"], "log": "|j|☆walterszr\n|j|☆Thorys\n|t:|1769726321\n|gametype|singles\n|player|p1|walterszr|170|1769\n|player|p2|Thorys|policeman-gen4|1599\n|gen|7\n|tier|[Gen 7] Random Battle\n|rated|\n|rule|Sleep Clause Mod: Limit one foe put to sleep\n|rule|HP Percentage Mod: HP is shown in percentages\n|rule|Illusion Level Mod: Illusion disguises the Pokémon's true level\n|\n|t:|1769726321\n|teamsize|p1|6\n|teamsize|p2|6\n|start\n|switch|p1a: Plusle|Plusle, L95, F|268/268\n|switch|p2a: Beheeyem|Beheeyem, L93, F|290/290\n|turn|1\n|inactive|Battle timer is ON: inactive players will automatically lose when time's up. (requested by Thorys)\n|\n|t:|1769726340\n|move|p1a: Plusle|Nasty Plot|p1a: Plusle\n|-boost|p1a: Plusle|spa|2\n|move|p2a: Beheeyem|Psyshock|p1a: Plusle\n|-crit|p1a: Plusle\n|-damage|p1a: Plusle|0 fnt\n|faint|p1a: Plusle\n|-damage|p2a: Beheeyem|261/290|[from] item: Life Orb\n|\n|upkeep\n|\n|t:|1769726355\n|switch|p1a: Unfezant|Unfezant, L88, M|283/283\n|turn|2\n|\n|t:|1769726384\n|switch|p2a: Regigigas|Regigigas, L86|329/329\n|-start|p2a: Regigigas|ability: Slow Start\n|move|p1a: Unfezant|Night Slash|p2a: Regigigas\n|-crit|p2a: Regigigas\n|-damage|p2a: Regigigas|244/329\n|\n|-heal|p2a: Regigigas|264/329|[from] item: Leftovers\n|upkeep\n|turn|3\n|\n|t:|1769726408\n|switch|p1a: Silvally|Silvally-Fighting, L87|307/307\n|move|p2a: Regigigas|Thunder Wave|p1a: Silvally\n|-status|p1a: Silvally|par\n|\n|-heal|p2a: Regigigas|284/329|[from] item: Leftovers\n|upkeep\n|turn|4\n|inactive|Thorys has 120 seconds left.\n|\n|t:|1769726440\n|switch|p2a: Gyarados|Gyarados, L74, F|263/263\n|-ability|p2a: Gyarados|Intimidate|boost\n|-unboost|p1a: Silvally|atk|1\n|cant|p1a: Silvally|par\n|\n|upkeep\n|turn|5\n|\n|t:|1769726465\n|switch|p1a: Lumineon|Lumineon, L93, F|279/279\n|move|p2a: Gyarados|Dragon Dance|p2a: Gyarados\n|-boost|p2a: Gyarados|atk|1\n|-boost|p2a: Gyarados|spe|1\n|\n|upkeep\n|turn|6\n|\n|t:|1769726486\n|move|p2a: Gyarados|Substitute|p2a: Gyarados\n|-start|p2a: Gyarados|Substitute\n|-damage|p2a: Gyarados|198/263\n|move|p1a: Lumineon|Toxic||[still]\n|-fail|p1a: Lumineon\n|\n|upkeep\n|turn|7\n|\n|t:|1769726505\n|move|p2a: Gyarados|Dragon Dance|p2a: Gyarados\n|-boost|p2a: Gyarados|atk|1\n|-boost|p2a: Gyarados|spe|1\n|move|p1a: Lumineon|Ice Beam|p2a: Gyarados\n|-end|p2a: Gyarados|Substitute\n|\n|upkeep\n|turn|8\n|inactive|Thorys has 90 seconds left.\n|\n|t:|1769726539\n|detailschange|p2a: Gyarados|Gyarados-Mega, L74, F\n|-mega|p2a: Gyarados|Gyarados|Gyaradosite\n|-ability|p2a: Gyarados|Mold Breaker\n|move|p2a: Gyarados|Substitute|p2a: Gyarados\n|-start|p2a: Gyarados|Substitute\n|-damage|p2a: Gyarados|133/263\n|move|p1a: Lumineon|Ice Beam|p2a: Gyarados\n|-resisted|p2a: Gyarados\n|-activate|p2a: Gyarados|move: Substitute|[damage]\n|\n|upkeep\n|turn|9\n|\n|t:|1769726564\n|move|p2a: Gyarados|Crunch|p1a: Lumineon\n|-crit|p1a: Lumineon\n|-damage|p1a: Lumineon|5/279\n|move|p1a: Lumineon|U-turn|p2a: Gyarados\n|-supereffective|p2a: Gyarados\n|-end|p2a: Gyarados|Substitute\n|\n|t:|1769726571\n|switch|p1a: Silvally|Silvally-Fighting, L87|307/307 par|[from] U-turn\n|\n|upkeep\n|turn|10\n|\n|t:|1769726585\n|move|p2a: Gyarados|Substitute|p2a: Gyarados\n|-start|p2a: Gyarados|Substitute\n|-damage|p2a: Gyarados|68/263\n|move|p1a: Silvally|Multi-Attack|p2a: Gyarados\n|-supereffective|p2a: Gyarados\n|-end|p2a: Gyarados|Substitute\n|\n|upkeep\n|turn|11\n|\n|t:|1769726597\n|move|p2a: Gyarados|Substitute|p2a: Gyarados\n|-start|p2a: Gyarados|Substitute\n|-damage|p2a: Gyarados|3/263\n|cant|p1a: Silvally|par\n|\n|upkeep\n|turn|12\n|\n|t:|1769726602\n|move|p2a: Gyarados|Waterfall|p1a: Silvally\n|-damage|p1a: Silvally|144/307 par\n|cant|p1a: Silvally|flinch\n|\n|upkeep\n|turn|13\n|\n|t:|1769726607\n|move|p2a: Gyarados|Waterfall|p1a: Silvally\n|-damage|p1a: Silvally|0 fnt\n|faint|p1a: Silvally\n|\n|upkeep\n|\n|t:|1769726610\n|switch|p1a: Unfezant|Unfezant, L88, M|283/283\n|turn|14\n|\n|t:|1769726618\n|move|p2a: Gyarados|Waterfall|p1a: Unfezant\n|-damage|p1a: Unfezant|88/283\n|move|p1a: Unfezant|Return|p2a: Gyarados\n|-end|p2a: Gyarados|Substitute\n|\n|upkeep\n|turn|15\n|\n|t:|1769726639\n|move|p2a: Gyarados|Crunch|p1a: Unfezant\n|-damage|p1a: Unfezant|0 fnt\n|faint|p1a: Unfezant\n|\n|upkeep\n|\n|t:|1769726642\n|switch|p1a: Tropius|Tropius, L94, F|336/336\n|turn|16\n|\n|t:|1769726651\n|move|p2a: Gyarados|Crunch|p1a: Tropius\n|-damage|p1a: Tropius|149/336\n|-enditem|p1a: Tropius|Sitrus Berry|[eat]\n|-heal|p1a: Tropius|233/336|[from] item: Sitrus Berry\n|move|p1a: Tropius|Air Slash|p2a: Gyarados\n|-damage|p2a: Gyarados|0 fnt\n|faint|p2a: Gyarados\n|detailschange|p2: Gyarados|Gyarados, L74, F|[silent]\n|\n|-item|p1a: Tropius|Sitrus Berry|[from] ability: Harvest\n|upkeep\n|inactive|Thorys has 90 seconds left.\n|\n|t:|1769726700\n|switch|p2a: Butterfree|Butterfree, L90, F|253/253\n|turn|17\n|\n|t:|1769726721\n|move|p2a: Butterfree|Quiver Dance|p2a: Butterfree\n|-boost|p2a: Butterfree|spa|1\n|-boost|p2a: Butterfree|spd|1\n|-boost|p2a: Butterfree|spe|1\n|move|p1a: Tropius|Leech Seed|p2a: Butterfree\n|-start|p2a: Butterfree|move: Leech Seed\n|\n|-damage|p2a: Butterfree|222/253|[from] Leech Seed|[of] p1a: Tropius\n|-heal|p1a: Tropius|264/336|[silent]\n|upkeep\n|turn|18\n|\n|t:|1769726740\n|-zpower|p2a: Butterfree\n|move|p2a: Butterfree|Savage Spin-Out|p1a: Tropius|[zeffect]\n|-damage|p1a: Tropius|0 fnt\n|faint|p1a: Tropius\n|\n|upkeep\n|\n|t:|1769726744\n|switch|p1a: Lumineon|Lumineon, L93, F|5/279\n|turn|19\n|\n|t:|1769726750\n|move|p2a: Butterfree|Bug Buzz|p1a: Lumineon\n|-damage|p1a: Lumineon|0 fnt\n|faint|p1a: Lumineon\n|\n|upkeep\n|\n|t:|1769726753\n|switch|p1a: Exeggutor|Exeggutor, L90, F|316/316\n|turn|20\n|\n|t:|1769726756\n|move|p2a: Butterfree|Bug Buzz|p1a: Exeggutor\n|-supereffective|p1a: Exeggutor\n|-damage|p1a: Exeggutor|0 fnt\n|faint|p1a: Exeggutor\n|\n|win|Thorys\n|raw|walterszr's rating: 1745 &rarr; <strong>1717</strong><br />(-28 for losing)\n|raw|Thorys's rating: 1599 &rarr; <strong>1627</strong><br />(+28 for winning)\n|l|☆walterszr\n|player|p1|\n", "inputlog": ">version b99ff0165a6231f17e8b78c2a78d1998375de664\n>start {\"formatid\":\"gen7randombattle\",\"seed\":\"sodium,9504b9be8f179c5997925efc03fe0d50\",\"rated\":\"Rated battle\"}\n>player p1 {\"name\":\"walterszr\",\"avatar\":\"170\",\"rating\":1769,\"seed\":\"sodium,492286aa48dea286681390dfe11c8a0e\"}\n>player p2 {\"name\":\"Thorys\",\"avatar\":\"policeman-gen4\",\"rating\":1599,\"seed\":\"sodium,60d1c20c9b946be57652b32d268a48a7\"}\n>p1 move nastyplot\n>p2 move psyshock\n>p1 switch 5\n>p1 move nightslash\n>p2 switch 3\n>p1 switch 3\n>p2 move thunderwave\n>p1 move swordsdance\n>p2 switch 5\n>p1 switch 4\n>p2 move dragondance\n>p1 move toxic\n>p2 move substitute\n>p1 move icebeam\n>p2 move dragondance\n>p1 move icebeam\n>p2 move substitute mega\n>p1 move uturn\n>p2 move crunch\n>p1 switch 4\n>p1 move multiattack\n>p2 move substitute\n>p1 move multiattack\n>p2 move substitute\n>p1 move multiattack\n>p2 move waterfall\n>p1 move multiattack\n>p2 move waterfall\n>p1 switch 3\n>p1 move return\n>p2 move waterfall\n>p1 move return\n>p2 move crunch\n>p1 switch 2\n>p1 move airslash\n>p2 move crunch\n>p2 switch 4\n>p1 move leechseed\n>p2 move quiverdance\n>p1 move airslash\n>p2 move bugbuzz zmove\n>p1 switch 4\n>p1 move icebeam\n>p2 move bugbuzz\n>p1 switch 6\n>p1 move hiddenpower\n>p2 move bugbuzz", "uploadtime": 1769726928, "views": 169, "formatid": "gen7randombattle", "rating": 1627, "private": 0, "password": null}