{"id": "gen7randombattle-2538001773", "format": "[Gen 7] Random Battle", "players": ["Johnald714", "tpri"], "log": "|j|☆Johnald714\n|j|☆tpri\n|t:|1770875648\n|gametype|singles\n|player|p1|Johnald714|102|1560\n|player|p2|tpri|burglar-lgpe|1609\n|gen|7\n|tier|[Gen 7] Random Battle\n|rated|\n|rule|Sleep Clause Mod: Limit one foe put to sleep\n|rule|HP Percentage Mod: HP is shown in percentages\n|rule|Illusion Level Mod: Illusion disguises the Pokémon's true level\n|\n|t:|1770875648\n|teamsize|p1|6\n|teamsize|p2|6\n|start\n|switch|p1a: Naganadel|Naganadel, L74|230/230\n|switch|p2a: Delibird|Delibird, F|251/251\n|turn|1\n|inactive|Battle timer is ON: inactive players will automatically lose when time's up. (requested by tpri)\n|inactive|Johnald714 has 120 seconds left.\n|\n|t:|1770875697\n|move|p1a: Naganadel|U-turn|p2a: Delibird\n|-resisted|p2a: Delibird\n|-damage|p2a: Delibird|229/251\n|\n|t:|1770875703\n|switch|p1a: Darmanitan|Darmanitan, L82, F|306/306|[from] U-turn\n|move|p2a: Delibird|Rapid Spin|p1a: Darmanitan\n|-damage|p1a: Darmanitan|292/306\n|\n|upkeep\n|turn|2\n|\n|t:|1770875719\n|switch|p2a: Weezing|Weezing, L87, M|255/255\n|move|p1a: Darmanitan|Flare Blitz|p2a: Weezing\n|-damage|p2a: Weezing|51/255\n|-damage|p1a: Darmanitan|225/306|[from] Recoil\n|\n|-heal|p2a: Weezing|66/255|[from] item: Black Sludge\n|upkeep\n|turn|3\n|\n|t:|1770875727\n|move|p1a: Darmanitan|Flare Blitz|p2a: Weezing\n|-crit|p2a: Weezing\n|-damage|p2a: Weezing|0 fnt\n|faint|p2a: Weezing\n|-damage|p1a: Darmanitan|203/306|[from] Recoil\n|\n|upkeep\n|\n|t:|1770875733\n|switch|p2a: Golduck|Golduck, L93, F|300/300\n|-ability|p2a: Golduck|Cloud Nine\n|turn|4\n|\n|t:|1770875748\n|switch|p1a: Carnivine|Carnivine, M|310/310\n|move|p2a: Golduck|Ice Beam|p1a: Carnivine\n|-supereffective|p1a: Carnivine\n|-damage|p1a: Carnivine|172/310\n|\n|-heal|p1a: Carnivine|191/310|[from] item: Leftovers\n|upkeep\n|turn|5\n|\n|t:|1770875761\n|switch|p2a: Delibird|Delibird, F|229/251\n|move|p1a: Carnivine|Synthesis|p1a: Carnivine\n|-heal|p1a: Carnivine|310/310\n|\n|upkeep\n|turn|6\n|\n|t:|1770875770\n|switch|p1a: Darmanitan|Darmanitan, L82, F|203/306\n|move|p2a: Delibird|Spikes|p1a: Darmanitan\n|-sidestart|p1: Johnald714|Spikes\n|\n|upkeep\n|turn|7\n|\n|t:|1770875778\n|move|p2a: Delibird|Destiny Bond|p2a: Delibird\n|-singlemove|p2a: Delibird|Destiny Bond\n|move|p1a: Darmanitan|Flare Blitz|p2a: Delibird\n|-supereffective|p2a: Delibird\n|-damage|p2a: Delibird|0 fnt\n|faint|p2a: Delibird\n|-activate|p2a: Delibird|move: Destiny Bond\n|faint|p1a: Darmanitan\n|\n|upkeep\n|\n|t:|1770875790\n|switch|p2a: Golduck|Golduck, L93, F|300/300\n|switch|p1a: Naganadel|Naganadel, L74|230/230\n|-damage|p1a: Naganadel|202/230|[from] Spikes\n|-ability|p2a: Golduck|Cloud Nine\n|turn|8\n|\n|t:|1770875800\n|move|p1a: Naganadel|Draco Meteor|p2a: Golduck\n|-damage|p2a: Golduck|116/300\n|-unboost|p1a: Naganadel|spa|2\n|move|p2a: Golduck|Ice Beam|p1a: Naganadel\n|-supereffective|p1a: Naganadel\n|-damage|p1a: Naganadel|10/230\n|\n|-heal|p2a: Golduck|134/300|[from] item: Leftovers\n|upkeep\n|turn|9\n|\n|t:|1770875825\n|move|p1a: Naganadel|Draco Meteor|p2a: Golduck\n|-damage|p2a: Golduck|44/300\n|-unboost|p1a: Naganadel|spa|2\n|move|p2a: Golduck|Ice Beam|p1a: Naganadel\n|-supereffective|p1a: Naganadel\n|-damage|p1a: Naganadel|0 fnt\n|faint|p1a: Naganadel\n|\n|-heal|p2a: Golduck|62/300|[from] item: Leftovers\n|upkeep\n|\n|t:|1770875837\n|switch|p1a: Pinsir|Pinsir, L74, M|217/217\n|-damage|p1a: Pinsir|190/217|[from] Spikes\n|turn|10\n|\n|t:|1770875858\n|move|p2a: Golduck|Ice Beam|p1a: Pinsir\n|-damage|p1a: Pinsir|82/217\n|move|p1a: Pinsir|Swords Dance|p1a: Pinsir\n|-boost|p1a: Pinsir|atk|2\n|\n|-heal|p2a: Golduck|80/300|[from] item: Leftovers\n|upkeep\n|turn|11\n|\n|t:|1770875864\n|move|p1a: Pinsir|Quick Attack|p2a: Golduck\n|-damage|p2a: Golduck|23/300\n|move|p2a: Golduck|Ice Beam|p1a: Pinsir\n|-damage|p1a: Pinsir|0 fnt\n|faint|p1a: Pinsir\n|\n|-heal|p2a: Golduck|41/300|[from] item: Leftovers\n|upkeep\n|\n|t:|1770875868\n|switch|p1a: Malamar|Malamar, L80, M|269/269\n|-damage|p1a: Malamar|236/269|[from] Spikes\n|turn|12\n|\n|t:|1770875879\n|move|p2a: Golduck|Scald|p1a: Malamar\n|-damage|p1a: Malamar|119/269\n|-zpower|p1a: Malamar\n|move|p1a: Malamar|Z-Happy Hour|p1a: Malamar|[anim]Happy Hour\n|-boost|p1a: Malamar|atk|1|[zeffect]\n|-boost|p1a: Malamar|def|1|[zeffect]\n|-boost|p1a: Malamar|spa|1|[zeffect]\n|-boost|p1a: Malamar|spd|1|[zeffect]\n|-boost|p1a: Malamar|spe|1|[zeffect]\n|\n|-heal|p2a: Golduck|59/300|[from] item: Leftovers\n|upkeep\n|turn|13\n|\n|t:|1770875888\n|move|p1a: Malamar|Psycho Cut|p2a: Golduck\n|-damage|p2a: Golduck|0 fnt\n|faint|p2a: Golduck\n|\n|upkeep\n|\n|t:|1770875899\n|switch|p2a: Shiinotic|Shiinotic, L91, F|257/257\n|turn|14\n|inactive|Johnald714 has 120 seconds left.\n|\n|t:|1770875936\n|move|p1a: Malamar|Psycho Cut|p2a: Shiinotic\n|-crit|p2a: Shiinotic\n|-damage|p2a: Shiinotic|118/257\n|move|p2a: Shiinotic|Moonblast|p1a: Malamar\n|-supereffective|p1a: Malamar\n|-damage|p1a: Malamar|0 fnt\n|faint|p1a: Malamar\n|\n|-heal|p2a: Shiinotic|134/257|[from] item: Leftovers\n|upkeep\n|\n|t:|1770875945\n|switch|p1a: Carnivine|Carnivine, M|310/310\n|turn|15\n|\n|t:|1770875972\n|move|p1a: Carnivine|Swords Dance|p1a: Carnivine\n|-boost|p1a: Carnivine|atk|2\n|move|p2a: Shiinotic|Strength Sap|p1a: Carnivine\n|-unboost|p1a: Carnivine|atk|1\n|-heal|p2a: Shiinotic|257/257\n|\n|upkeep\n|turn|16\n|\n|t:|1770875982\n|switch|p2a: Throh|Throh, L89, M|358/358\n|move|p1a: Carnivine|Swords Dance|p1a: Carnivine\n|-boost|p1a: Carnivine|atk|2\n|\n|upkeep\n|turn|17\n|\n|t:|1770875988\n|move|p1a: Carnivine|Power Whip|p2a: Throh|[miss]\n|-miss|p1a: Carnivine|p2a: Throh\n|move|p2a: Throh|Circle Throw|p1a: Carnivine|[miss]\n|-miss|p2a: Throh|p1a: Carnivine\n|\n|upkeep\n|turn|18\n|\n|t:|1770875994\n|move|p1a: Carnivine|Power Whip|p2a: Throh\n|-damage|p2a: Throh|0 fnt\n|faint|p2a: Throh\n|\n|upkeep\n|\n|t:|1770876005\n|switch|p2a: Crawdaunt|Crawdaunt, L85, M|246/246\n|turn|19\n|\n|t:|1770876009\n|move|p1a: Carnivine|Power Whip|p2a: Crawdaunt\n|-supereffective|p2a: Crawdaunt\n|-damage|p2a: Crawdaunt|0 fnt\n|faint|p2a: Crawdaunt\n|\n|upkeep\n|\n|t:|1770876012\n|switch|p2a: Shiinotic|Shiinotic, L91, F|257/257\n|turn|20\n|-message|tpri forfeited.\n|\n|win|Johnald714\n|raw|Johnald714's rating: 1560 &rarr; <strong>1583</strong><br />(+23 for winning)\n|raw|tpri's rating: 1609 &rarr; <strong>1586</strong><br />(-23 for losing)\n|l|☆tpri\n|player|p2|\n", "inputlog": ">version ccdc32dd7cde25fd9e4bed64820e885f66e78a4e\n>start {\"formatid\":\"gen7randombattle\",\"seed\":\"sodium,aecdcd94fecf168209c12f05177ea6a6\",\"rated\":\"Rated battle\"}\n>player p1 {\"name\":\"Johnald714\",\"avatar\":\"102\",\"rating\":1560,\"seed\":\"sodium,8231b86886a0710abf15fdb74d9d40c5\"}\n>player p2 {\"name\":\"tpri\",\"avatar\":\"burglar-lgpe\",\"rating\":1609,\"seed\":\"sodium,3ba3cc9f3d0f3f5334a939583ad5c548\"}\n>p1 move uturn\n>p2 move rapidspin\n>p1 switch 6\n>p1 move flareblitz\n>p2 switch 4\n>p1 move flareblitz\n>p2 move painsplit\n>p2 switch 2\n>p1 switch 5\n>p2 move icebeam\n>p1 move synthesis\n>p2 switch 4\n>p1 switch 5\n>p2 move spikes\n>p1 move flareblitz\n>p2 move destinybond\n>p1 switch 6\n>p2 switch 4\n>p1 move dracometeor\n>p2 move icebeam\n>p1 move dracometeor\n>p2 move icebeam\n>p1 switch 3\n>p1 move swordsdance\n>p2 move icebeam\n>p1 move quickattack\n>p2 move icebeam\n>p1 switch 2\n>p1 move happyhour zmove\n>p2 move scald\n>p1 move psychocut\n>p2 move scald\n>p2 switch 3\n>p1 move psychocut\n>p2 move moonblast\n>p1 switch 5\n>p1 move swordsdance\n>p2 move strengthsap\n>p1 move swordsdance\n>p2 switch 5\n>p1 move powerwhip\n>p2 move circlethrow\n>p1 move powerwhip\n>p2 move circlethrow\n>p2 switch 6\n>p1 move powerwhip\n>p2 move knockoff\n>p2 switch 5\n>forcelose p2", "uploadtime": 1770876058, "views": 229, "formatid": "gen7randombattle", "rating": 1583, "private": 0, "password": null}