{"id": "gen7randombattle-2532507961", "format": "[Gen 7] Random Battle", "players": ["NTsweeper007", "kwijibo89"], "log": "|j|☆NTsweeper007\n|j|‽kwijibo89\n|t:|1770187902\n|gametype|singles\n|player|p1|NTsweeper007|hilbert-wonderlauncher|1757\n|player|p2|kwijibo89|fisherman-gen4|1667\n|gen|7\n|tier|[Gen 7] Random Battle\n|rated|\n|rule|Sleep Clause Mod: Limit one foe put to sleep\n|rule|HP Percentage Mod: HP is shown in percentages\n|rule|Illusion Level Mod: Illusion disguises the Pokémon's true level\n|\n|t:|1770187902\n|teamsize|p1|6\n|teamsize|p2|6\n|start\n|switch|p1a: Azumarill|Azumarill, L81, F|295/295\n|switch|p2a: Gothitelle|Gothitelle, L91, M|275/275\n|turn|1\n|inactive|Battle timer is ON: inactive players will automatically lose when time's up. (requested by kwijibo89)\n|\n|t:|1770187919\n|move|p2a: Gothitelle|Thunderbolt|p1a: Azumarill\n|-supereffective|p1a: Azumarill\n|-damage|p1a: Azumarill|133/295\n|-status|p1a: Azumarill|par\n|move|p1a: Azumarill|Knock Off|p2a: Gothitelle\n|-supereffective|p2a: Gothitelle\n|-damage|p2a: Gothitelle|79/275\n|-enditem|p2a: Gothitelle|Leftovers|[from] move: Knock Off|[of] p1a: Azumarill\n|\n|upkeep\n|turn|2\n|\n|t:|1770187925\n|move|p2a: Gothitelle|Thunderbolt|p1a: Azumarill\n|-supereffective|p1a: Azumarill\n|-damage|p1a: Azumarill|0 fnt\n|faint|p1a: Azumarill\n|\n|upkeep\n|\n|t:|1770187930\n|switch|p1a: Naganadel|Naganadel, L74|230/230\n|turn|3\n|\n|t:|1770187933\n|switch|p2a: Wormadam|Wormadam-Trash, L86, F|243/243\n|move|p1a: Naganadel|Sludge Wave|p2a: Wormadam\n|-immune|p2a: Wormadam\n|\n|upkeep\n|turn|4\n|\n|t:|1770187938\n|switch|p1a: Infernape|Infernape, L81, F|256/256\n|move|p2a: Wormadam|Protect||[still]\n|-fail|p2a: Wormadam\n|\n|upkeep\n|turn|5\n|\n|t:|1770187943\n|switch|p2a: Oricorio|Oricorio-Pa'u, L91, M|284/284\n|move|p1a: Infernape|Nasty Plot|p1a: Infernape\n|-boost|p1a: Infernape|spa|2\n|\n|upkeep\n|turn|6\n|\n|t:|1770187948\n|move|p1a: Infernape|Fire Blast|p2a: Oricorio\n|-damage|p2a: Oricorio|41/284\n|move|p2a: Oricorio|Revelation Dance|p1a: Infernape\n|-supereffective|p1a: Infernape\n|-damage|p1a: Infernape|4/256\n|\n|-heal|p2a: Oricorio|58/284|[from] item: Leftovers\n|upkeep\n|turn|7\n|\n|t:|1770187959\n|move|p1a: Infernape|Fire Blast|p2a: Oricorio\n|-damage|p2a: Oricorio|0 fnt\n|faint|p2a: Oricorio\n|\n|upkeep\n|\n|t:|1770187965\n|switch|p2a: Swanna|Swanna, L88, F|275/275\n|turn|8\n|\n|t:|1770187972\n|move|p2a: Swanna|Scald|p1a: Infernape\n|-supereffective|p1a: Infernape\n|-damage|p1a: Infernape|0 fnt\n|faint|p1a: Infernape\n|\n|upkeep\n|\n|t:|1770187976\n|switch|p1a: Gumshoos|Gumshoos, L94, M|318/318\n|turn|9\n|\n|t:|1770187979\n|switch|p2a: Wormadam|Wormadam-Trash, L86, F|243/243\n|move|p1a: Gumshoos|Return|p2a: Wormadam\n|-resisted|p2a: Wormadam\n|-damage|p2a: Wormadam|117/243\n|\n|-heal|p2a: Wormadam|132/243|[from] item: Leftovers\n|upkeep\n|turn|10\n|\n|t:|1770187982\n|move|p1a: Gumshoos|Return|p2a: Wormadam\n|-resisted|p2a: Wormadam\n|-damage|p2a: Wormadam|6/243\n|move|p2a: Wormadam|Stealth Rock|p1a: Gumshoos\n|-sidestart|p1: NTsweeper007|move: Stealth Rock\n|\n|-heal|p2a: Wormadam|21/243|[from] item: Leftovers\n|upkeep\n|turn|11\n|\n|t:|1770187986\n|move|p2a: Wormadam|Protect|p2a: Wormadam\n|-singleturn|p2a: Wormadam|Protect\n|move|p1a: Gumshoos|Return|p2a: Wormadam\n|-activate|p2a: Wormadam|move: Protect\n|\n|-heal|p2a: Wormadam|36/243|[from] item: Leftovers\n|upkeep\n|turn|12\n|\n|t:|1770187988\n|move|p1a: Gumshoos|Return|p2a: Wormadam\n|-resisted|p2a: Wormadam\n|-damage|p2a: Wormadam|0 fnt\n|faint|p2a: Wormadam\n|\n|upkeep\n|\n|t:|1770187990\n|switch|p2a: Hitmonchan|Hitmonchan, L87, M|229/229\n|turn|13\n|\n|t:|1770187993\n|switch|p1a: Trevenant|Trevenant, L91, M|303/303\n|-damage|p1a: Trevenant|266/303|[from] Stealth Rock\n|move|p2a: Hitmonchan|Drain Punch|p1a: Trevenant\n|-immune|p1a: Trevenant\n|\n|upkeep\n|turn|14\n|\n|t:|1770187996\n|switch|p2a: Swanna|Swanna, L88, F|275/275\n|move|p1a: Trevenant|Toxic|p2a: Swanna\n|-status|p2a: Swanna|tox\n|\n|-damage|p2a: Swanna|258/275 tox|[from] psn\n|upkeep\n|turn|15\n|\n|t:|1770187999\n|move|p1a: Trevenant|Protect|p1a: Trevenant\n|-singleturn|p1a: Trevenant|Protect\n|move|p2a: Swanna|Brave Bird|p1a: Trevenant\n|-activate|p1a: Trevenant|move: Protect\n|\n|-heal|p2a: Swanna|275/275 tox|[from] item: Leftovers\n|-damage|p2a: Swanna|241/275 tox|[from] psn\n|upkeep\n|turn|16\n|\n|t:|1770188002\n|move|p2a: Swanna|Brave Bird|p1a: Trevenant\n|-supereffective|p1a: Trevenant\n|-damage|p1a: Trevenant|0 fnt\n|faint|p1a: Trevenant\n|-damage|p2a: Swanna|153/275 tox|[from] Recoil\n|\n|-heal|p2a: Swanna|170/275 tox|[from] item: Leftovers\n|-damage|p2a: Swanna|119/275 tox|[from] psn\n|upkeep\n|\n|t:|1770188007\n|switch|p1a: Gumshoos|Gumshoos, L94, M|318/318\n|-damage|p1a: Gumshoos|279/318|[from] Stealth Rock\n|turn|17\n|\n|t:|1770188012\n|switch|p2a: Hitmonchan|Hitmonchan, L87, M|229/229\n|move|p1a: Gumshoos|Return|p2a: Hitmonchan\n|-damage|p2a: Hitmonchan|0 fnt\n|faint|p2a: Hitmonchan\n|\n|upkeep\n|\n|t:|1770188015\n|switch|p2a: Poliwrath|Poliwrath, L91, M|312/312\n|turn|18\n|\n|t:|1770188017\n|move|p2a: Poliwrath|Focus Blast|p1a: Gumshoos\n|-supereffective|p1a: Gumshoos\n|-damage|p1a: Gumshoos|0 fnt\n|faint|p1a: Gumshoos\n|-damage|p2a: Poliwrath|281/312|[from] item: Life Orb\n|\n|upkeep\n|\n|t:|1770188020\n|switch|p1a: Hitmonlee|Hitmonlee, L86, M|226/226\n|-damage|p1a: Hitmonlee|212/226|[from] Stealth Rock\n|turn|19\n|\n|t:|1770188025\n|move|p1a: Hitmonlee|Curse|p1a: Hitmonlee\n|-unboost|p1a: Hitmonlee|spe|1\n|-boost|p1a: Hitmonlee|atk|1\n|-boost|p1a: Hitmonlee|def|1\n|-enditem|p1a: Hitmonlee|White Herb\n|-clearnegativeboost|p1a: Hitmonlee|[silent]\n|move|p2a: Poliwrath|Waterfall|p1a: Hitmonlee\n|-damage|p1a: Hitmonlee|83/226\n|-damage|p2a: Poliwrath|250/312|[from] item: Life Orb\n|\n|upkeep\n|turn|20\n|\n|t:|1770188028\n|move|p1a: Hitmonlee|Close Combat|p2a: Poliwrath\n|-damage|p2a: Poliwrath|40/312\n|-unboost|p1a: Hitmonlee|def|1\n|-unboost|p1a: Hitmonlee|spd|1\n|move|p2a: Poliwrath|Waterfall|p1a: Hitmonlee\n|-damage|p1a: Hitmonlee|0 fnt\n|faint|p1a: Hitmonlee\n|-damage|p2a: Poliwrath|9/312|[from] item: Life Orb\n|\n|upkeep\n|\n|t:|1770188032\n|switch|p1a: Naganadel|Naganadel, L74|230/230\n|-damage|p1a: Naganadel|202/230|[from] Stealth Rock\n|turn|21\n|\n|t:|1770188035\n|move|p1a: Naganadel|Sludge Wave|p2a: Poliwrath\n|-damage|p2a: Poliwrath|0 fnt\n|faint|p2a: Poliwrath\n|-ability|p1a: Naganadel|Beast Boost|boost\n|-boost|p1a: Naganadel|spa|1\n|\n|upkeep\n|\n|t:|1770188039\n|switch|p2a: Gothitelle|Gothitelle, L91, M|79/275\n|turn|22\n|\n|t:|1770188041\n|move|p1a: Naganadel|Sludge Wave|p2a: Gothitelle\n|-damage|p2a: Gothitelle|0 fnt\n|faint|p2a: Gothitelle\n|-ability|p1a: Naganadel|Beast Boost|boost\n|-boost|p1a: Naganadel|spa|1\n|\n|upkeep\n|\n|t:|1770188043\n|switch|p2a: Swanna|Swanna, L88, F|119/275 tox\n|turn|23\n|\n|t:|1770188044\n|move|p2a: Swanna|Brave Bird|p1a: Naganadel\n|-damage|p1a: Naganadel|37/230\n|-damage|p2a: Swanna|65/275 tox|[from] Recoil\n|move|p1a: Naganadel|Sludge Wave|p2a: Swanna\n|-damage|p2a: Swanna|0 fnt\n|faint|p2a: Swanna\n|\n|win|NTsweeper007\n|raw|NTsweeper007's rating: 1757 &rarr; <strong>1772</strong><br />(+15 for winning)\n|raw|kwijibo89's rating: 1667 &rarr; <strong>1652</strong><br />(-15 for losing)\n|l|‽kwijibo89\n|player|p2|\n", "inputlog": ">version ccdc32dd7cde25fd9e4bed64820e885f66e78a4e\n>start {\"formatid\":\"gen7randombattle\",\"seed\":\"sodium,f72634f597b0bc2ea118bc7dda9a903c\",\"rated\":\"Rated battle\"}\n>player p1 {\"name\":\"NTsweeper007\",\"avatar\":\"hilbert-wonderlauncher\",\"rating\":1757,\"seed\":\"sodium,87cf71764e96ad57659f47afcb47e11b\"}\n>player p2 {\"name\":\"kwijibo89\",\"avatar\":\"fisherman-gen4\",\"rating\":1667,\"seed\":\"sodium,758a6c91c44415dfc3ff5150766ccdcf\"}\n>p1 move knockoff\n>p2 move thunderbolt\n>p1 move knockoff\n>p2 move thunderbolt\n>p1 switch 4\n>p1 move sludgewave\n>p2 switch 6\n>p1 switch 6\n>p2 move protect\n>p1 move nastyplot\n>p2 switch 5\n>p1 move fireblast\n>p2 move revelationdance\n>p1 move fireblast\n>p2 move revelationdance\n>p2 switch 2\n>p1 move focusblast zmove\n>p2 move scald\n>p1 switch 5\n>p1 move return\n>p2 switch 5\n>p1 move return\n>p2 move stealthrock\n>p1 move return\n>p2 move protect\n>p1 move return\n>p2 move flashcannon\n>p2 switch 3\n>p1 switch 3\n>p2 move drainpunch\n>p1 move toxic\n>p2 switch 5\n>p1 move protect\n>p2 move bravebird\n>p1 move hornleech\n>p2 move bravebird\n>p1 switch 3\n>p1 move return\n>p2 switch 5\n>p2 switch 4\n>p1 move return\n>p2 move focusblast\n>p1 switch 2\n>p1 move curse\n>p2 move waterfall\n>p1 move closecombat\n>p2 move waterfall\n>p1 switch 6\n>p1 move sludgewave\n>p2 move icepunch\n>p2 switch 6\n>p1 move sludgewave\n>p2 move psychic\n>p2 switch 5\n>p1 move sludgewave\n>p2 move bravebird", "uploadtime": 1770188047, "views": 129, "formatid": "gen7randombattle", "rating": 1652, "private": 0, "password": null}