{"id": "gen7randombattle-2524237472", "format": "[Gen 7] Random Battle", "players": ["AeroSacktyl", "ArchenWarrior"], "log": "|j|☆AeroSacktyl\n|j|☆ArchenWarrior\n|t:|1769121129\n|gametype|singles\n|player|p1|AeroSacktyl|102|1714\n|player|p2|ArchenWarrior|proton|1619\n|gen|7\n|tier|[Gen 7] Random Battle\n|rated|\n|rule|Sleep Clause Mod: Limit one foe put to sleep\n|rule|HP Percentage Mod: HP is shown in percentages\n|rule|Illusion Level Mod: Illusion disguises the Pokémon's true level\n|\n|t:|1769121129\n|teamsize|p1|6\n|teamsize|p2|6\n|start\n|switch|p1a: Zebstrika|Zebstrika, L88, F|275/275\n|switch|p2a: Pachirisu|Pachirisu, L96, F|271/271\n|turn|1\n|\n|t:|1769121178\n|switch|p1a: Escavalier|Escavalier, L85, F|258/258\n|switch|p2a: Typhlosion|Typhlosion, L85, F|270/270\n|\n|upkeep\n|turn|2\n|inactive|Battle timer is ON: inactive players will automatically lose when time's up. (requested by AeroSacktyl)\n|\n|t:|1769121217\n|switch|p1a: Zebstrika|Zebstrika, L88, F|275/275\n|move|p2a: Typhlosion|Eruption|p1a: Zebstrika\n|-damage|p1a: Zebstrika|0 fnt\n|faint|p1a: Zebstrika\n|\n|upkeep\n|\n|t:|1769121219\n|switch|p1a: Donphan|Donphan, L84, M|288/288\n|turn|3\n|\n|t:|1769121238\n|switch|p2a: Celebi|Celebi, L82|298/298\n|move|p1a: Donphan|Earthquake|p2a: Celebi\n|-resisted|p2a: Celebi\n|-damage|p2a: Celebi|236/298\n|\n|upkeep\n|turn|4\n|\n|t:|1769121253\n|move|p2a: Celebi|U-turn|p1a: Donphan\n|-damage|p1a: Donphan|249/288\n|\n|t:|1769121266\n|switch|p2a: Crabominable|Crabominable, L91, M|324/324|[from] U-turn\n|move|p1a: Donphan|Stealth Rock|p2a: Crabominable\n|-sidestart|p2: ArchenWarrior|move: Stealth Rock\n|\n|-heal|p1a: Donphan|267/288|[from] item: Leftovers\n|upkeep\n|turn|5\n|\n|t:|1769121275\n|move|p1a: Donphan|Earthquake|p2a: Crabominable\n|-damage|p2a: Crabominable|192/324\n|move|p2a: Crabominable|Drain Punch|p1a: Donphan\n|-damage|p1a: Donphan|165/288\n|-heal|p2a: Crabominable|243/324|[from] drain|[of] p1a: Donphan\n|\n|-heal|p1a: Donphan|183/288|[from] item: Leftovers\n|upkeep\n|turn|6\n|\n|t:|1769121286\n|move|p1a: Donphan|Earthquake|p2a: Crabominable\n|-damage|p2a: Crabominable|114/324\n|move|p2a: Crabominable|Drain Punch|p1a: Donphan\n|-damage|p1a: Donphan|69/288\n|-heal|p2a: Crabominable|171/324|[from] drain|[of] p1a: Donphan\n|\n|-heal|p1a: Donphan|87/288|[from] item: Leftovers\n|upkeep\n|turn|7\n|\n|t:|1769121290\n|move|p1a: Donphan|Earthquake|p2a: Crabominable\n|-damage|p2a: Crabominable|45/324\n|move|p2a: Crabominable|Drain Punch|p1a: Donphan\n|-damage|p1a: Donphan|0 fnt\n|-heal|p2a: Crabominable|89/324|[from] drain|[of] p1a: Donphan\n|faint|p1a: Donphan\n|\n|upkeep\n|inactive|AeroSacktyl has 120 seconds left.\n|\n|t:|1769121322\n|switch|p1a: Hawlucha|Hawlucha, L78, M|248/248\n|turn|8\n|\n|t:|1769121328\n|move|p1a: Hawlucha|Substitute|p1a: Hawlucha\n|-start|p1a: Hawlucha|Substitute\n|-damage|p1a: Hawlucha|186/248\n|move|p2a: Crabominable|Ice Hammer|p1a: Hawlucha\n|-supereffective|p1a: Hawlucha\n|-end|p1a: Hawlucha|Substitute\n|-unboost|p2a: Crabominable|spe|1\n|\n|upkeep\n|turn|9\n|inactive|AeroSacktyl has 120 seconds left.\n|inactive|AeroSacktyl has 90 seconds left.\n|\n|t:|1769121411\n|move|p1a: Hawlucha|Substitute|p1a: Hawlucha\n|-start|p1a: Hawlucha|Substitute\n|-damage|p1a: Hawlucha|124/248\n|-enditem|p1a: Hawlucha|Sitrus Berry|[eat]\n|-heal|p1a: Hawlucha|186/248|[from] item: Sitrus Berry\n|move|p2a: Crabominable|Thunder Punch|p1a: Hawlucha\n|-supereffective|p1a: Hawlucha\n|-end|p1a: Hawlucha|Substitute\n|\n|upkeep\n|turn|10\n|\n|t:|1769121422\n|move|p1a: Hawlucha|Acrobatics|p2a: Crabominable\n|-supereffective|p2a: Crabominable\n|-damage|p2a: Crabominable|0 fnt\n|faint|p2a: Crabominable\n|\n|upkeep\n|\n|t:|1769121428\n|switch|p2a: Pachirisu|Pachirisu, L96, F|271/271\n|-damage|p2a: Pachirisu|238/271|[from] Stealth Rock\n|turn|11\n|\n|t:|1769121434\n|move|p1a: Hawlucha|Swords Dance|p1a: Hawlucha\n|-boost|p1a: Hawlucha|atk|2\n|move|p2a: Pachirisu|Thunderbolt|p1a: Hawlucha\n|-supereffective|p1a: Hawlucha\n|-damage|p1a: Hawlucha|0 fnt\n|faint|p1a: Hawlucha\n|\n|-heal|p2a: Pachirisu|254/271|[from] item: Leftovers\n|upkeep\n|\n|t:|1769121436\n|switch|p1a: Stoutland|Stoutland, L86, M|286/286\n|turn|12\n|\n|t:|1769121450\n|move|p1a: Stoutland|Facade|p2a: Pachirisu\n|-damage|p2a: Pachirisu|157/271\n|move|p2a: Pachirisu|Super Fang|p1a: Stoutland\n|-damage|p1a: Stoutland|143/286\n|\n|-heal|p2a: Pachirisu|173/271|[from] item: Leftovers\n|upkeep\n|turn|13\n|\n|t:|1769121461\n|move|p1a: Stoutland|Facade|p2a: Pachirisu\n|-damage|p2a: Pachirisu|86/271\n|move|p2a: Pachirisu|Thunderbolt|p1a: Stoutland\n|-damage|p1a: Stoutland|76/286\n|\n|-heal|p2a: Pachirisu|102/271|[from] item: Leftovers\n|upkeep\n|turn|14\n|\n|t:|1769121469\n|move|p1a: Stoutland|Facade|p2a: Pachirisu\n|-damage|p2a: Pachirisu|18/271\n|move|p2a: Pachirisu|Thunderbolt|p1a: Stoutland\n|-damage|p1a: Stoutland|9/286\n|\n|-heal|p2a: Pachirisu|34/271|[from] item: Leftovers\n|upkeep\n|turn|15\n|\n|t:|1769121472\n|move|p1a: Stoutland|Facade|p2a: Pachirisu\n|-damage|p2a: Pachirisu|0 fnt\n|faint|p2a: Pachirisu\n|\n|upkeep\n|\n|t:|1769121484\n|switch|p2a: Celebi|Celebi, L82|236/298\n|-damage|p2a: Celebi|199/298|[from] Stealth Rock\n|turn|16\n|\n|t:|1769121488\n|move|p1a: Stoutland|Facade|p2a: Celebi\n|-damage|p2a: Celebi|120/298\n|move|p2a: Celebi|U-turn|p1a: Stoutland\n|-damage|p1a: Stoutland|0 fnt\n|faint|p1a: Stoutland\n|\n|t:|1769121493\n|switch|p2a: Typhlosion|Typhlosion, L85, F|270/270|[from] U-turn\n|-damage|p2a: Typhlosion|203/270|[from] Stealth Rock\n|\n|upkeep\n|\n|t:|1769121494\n|switch|p1a: Escavalier|Escavalier, L85, F|258/258\n|turn|17\n|\n|t:|1769121499\n|move|p2a: Typhlosion|Eruption|p1a: Escavalier\n|-supereffective|p1a: Escavalier\n|-damage|p1a: Escavalier|0 fnt\n|faint|p1a: Escavalier\n|\n|upkeep\n|\n|t:|1769121501\n|switch|p1a: Mothim|Mothim, L93, M|281/281\n|turn|18\n|\n|t:|1769121503\n|move|p2a: Typhlosion|Eruption|p1a: Mothim\n|-supereffective|p1a: Mothim\n|-damage|p1a: Mothim|0 fnt\n|faint|p1a: Mothim\n|\n|win|ArchenWarrior\n|raw|AeroSacktyl's rating: 1714 &rarr; <strong>1689</strong><br />(-25 for losing)\n|raw|ArchenWarrior's rating: 1619 &rarr; <strong>1644</strong><br />(+25 for winning)\n|l|☆AeroSacktyl\n|player|p1|\n", "inputlog": ">version dd3d52b8382d73d1dd2c67730c4067df325ab790\n>start {\"formatid\":\"gen7randombattle\",\"seed\":\"sodium,20c79fa404172c8b4b7d44502c517564\",\"rated\":\"Rated battle\"}\n>player p1 {\"name\":\"AeroSacktyl\",\"avatar\":\"102\",\"rating\":1714,\"seed\":\"sodium,1edb9bbe91e6e274f88d208676ec1b2f\"}\n>player p2 {\"name\":\"ArchenWarrior\",\"avatar\":\"proton\",\"rating\":1619,\"seed\":\"sodium,c4f5708a7b92a464816f0184c7c08f10\"}\n>p1 switch 3\n>p2 switch 2\n>p1 switch 3\n>p2 move eruption\n>p1 switch 4\n>p1 move earthquake\n>p2 switch 4\n>p1 move stealthrock\n>p2 move uturn\n>p2 switch 3\n>p1 move earthquake\n>p2 move drainpunch\n>p1 move earthquake\n>p2 move drainpunch\n>p1 move earthquake\n>p2 move drainpunch\n>p1 switch 2\n>p1 move substitute\n>p2 move icehammer\n>p1 move substitute\n>p2 move thunderpunch\n>p1 move acrobatics\n>p2 move thunderpunch\n>p2 switch 2\n>p1 move swordsdance\n>p2 move thunderbolt\n>p1 switch 5\n>p1 move facade\n>p2 move superfang\n>p1 move facade\n>p2 move thunderbolt\n>p1 move facade\n>p2 move thunderbolt\n>p1 move facade\n>p2 move thunderbolt\n>p2 switch 3\n>p1 move facade\n>p2 move uturn\n>p2 switch 4\n>p1 switch 3\n>p1 move drillrun\n>p2 move eruption\n>p1 switch 6\n>p1 move quiverdance\n>p2 move eruption", "uploadtime": 1769121511, "views": 146, "formatid": "gen7randombattle", "rating": 1644, "private": 0, "password": null}