{"id": "gen7randombattle-2539681590", "format": "[Gen 7] Random Battle", "players": ["Moowithyou", "hydratian"], "log": "|j|☆Moowithyou\n|j|☆hydratian\n|t:|1771095962\n|gametype|singles\n|player|p1|Moowithyou|cynthia-gen4|1613\n|player|p2|hydratian|266|1512\n|gen|7\n|tier|[Gen 7] Random Battle\n|rated|\n|rule|Sleep Clause Mod: Limit one foe put to sleep\n|rule|HP Percentage Mod: HP is shown in percentages\n|rule|Illusion Level Mod: Illusion disguises the Pokémon's true level\n|\n|t:|1771095962\n|teamsize|p1|6\n|teamsize|p2|6\n|start\n|switch|p1a: Infernape|Infernape, L81, F|256/256\n|switch|p2a: Feraligatr|Feraligatr, L79, F|264/264\n|turn|1\n|\n|t:|1771095984\n|move|p1a: Infernape|U-turn|p2a: Feraligatr\n|-damage|p2a: Feraligatr|189/264\n|inactive|Battle timer is ON: inactive players will automatically lose when time's up. (requested by hydratian)\n|\n|t:|1771095989\n|switch|p1a: Druddigon|Druddigon, L86, F|273/273|[from] U-turn\n|move|p2a: Feraligatr|Liquidation|p1a: Druddigon\n|-resisted|p1a: Druddigon\n|-crit|p1a: Druddigon\n|-damage|p1a: Druddigon|164/273\n|\n|upkeep\n|turn|2\n|\n|t:|1771096012\n|switch|p2a: Swalot|Swalot, L90, F|326/326\n|move|p1a: Druddigon|Glare|p2a: Swalot\n|-status|p2a: Swalot|par\n|\n|upkeep\n|turn|3\n|\n|t:|1771096020\n|switch|p1a: Mamoswine|Mamoswine, L79, F|303/303\n|move|p2a: Swalot|Sludge Bomb|p1a: Mamoswine\n|-resisted|p1a: Mamoswine\n|-damage|p1a: Mamoswine|235/303\n|\n|upkeep\n|turn|4\n|\n|t:|1771096037\n|switch|p2a: Masquerain|Masquerain, L87, M|263/263\n|-ability|p2a: Masquerain|Intimidate|boost\n|-unboost|p1a: Mamoswine|atk|1\n|move|p1a: Mamoswine|Icicle Crash|p2a: Masquerain\n|-supereffective|p2a: Masquerain\n|-damage|p2a: Masquerain|21/263\n|\n|-heal|p2a: Masquerain|37/263|[from] item: Leftovers\n|upkeep\n|turn|5\n|\n|t:|1771096051\n|move|p2a: Masquerain|Sticky Web|p1a: Mamoswine\n|-sidestart|p1: Moowithyou|move: Sticky Web\n|move|p1a: Mamoswine|Icicle Crash|p2a: Masquerain\n|-supereffective|p2a: Masquerain\n|-damage|p2a: Masquerain|0 fnt\n|faint|p2a: Masquerain\n|\n|upkeep\n|\n|t:|1771096057\n|switch|p2a: Feraligatr|Feraligatr, L79, F|189/264\n|turn|6\n|\n|t:|1771096068\n|switch|p1a: Druddigon|Druddigon, L86, F|164/273\n|-activate|p1a: Druddigon|move: Sticky Web\n|-unboost|p1a: Druddigon|spe|1\n|move|p2a: Feraligatr|Dragon Dance|p2a: Feraligatr\n|-boost|p2a: Feraligatr|atk|1\n|-boost|p2a: Feraligatr|spe|1\n|\n|upkeep\n|turn|7\n|\n|t:|1771096073\n|move|p2a: Feraligatr|Ice Punch|p1a: Druddigon\n|-supereffective|p1a: Druddigon\n|-damage|p1a: Druddigon|0 fnt\n|faint|p1a: Druddigon\n|\n|upkeep\n|\n|t:|1771096080\n|switch|p1a: Bisharp|Bisharp, L82, M|241/241\n|-activate|p1a: Bisharp|move: Sticky Web\n|-unboost|p1a: Bisharp|spe|1\n|-ability|p1a: Bisharp|Defiant|boost\n|-boost|p1a: Bisharp|atk|2\n|turn|8\n|\n|t:|1771096102\n|move|p2a: Feraligatr|Liquidation|p1a: Bisharp\n|-damage|p1a: Bisharp|53/241\n|move|p1a: Bisharp|Pursuit|p2a: Feraligatr\n|-damage|p2a: Feraligatr|78/264\n|\n|upkeep\n|turn|9\n|\n|t:|1771096119\n|move|p1a: Bisharp|Sucker Punch||[still]\n|-fail|p1a: Bisharp\n|move|p2a: Feraligatr|Dragon Dance|p2a: Feraligatr\n|-boost|p2a: Feraligatr|atk|1\n|-boost|p2a: Feraligatr|spe|1\n|\n|upkeep\n|turn|10\n|\n|t:|1771096125\n|move|p1a: Bisharp|Sucker Punch||[still]\n|-fail|p1a: Bisharp\n|move|p2a: Feraligatr|Dragon Dance|p2a: Feraligatr\n|-boost|p2a: Feraligatr|atk|1\n|-boost|p2a: Feraligatr|spe|1\n|\n|upkeep\n|turn|11\n|\n|t:|1771096137\n|move|p1a: Bisharp|Sucker Punch||[still]\n|-fail|p1a: Bisharp\n|move|p2a: Feraligatr|Dragon Dance|p2a: Feraligatr\n|-boost|p2a: Feraligatr|atk|1\n|-boost|p2a: Feraligatr|spe|1\n|\n|upkeep\n|turn|12\n|\n|t:|1771096142\n|move|p2a: Feraligatr|Liquidation|p1a: Bisharp\n|-damage|p1a: Bisharp|0 fnt\n|faint|p1a: Bisharp\n|\n|upkeep\n|c|☆Moowithyou|FUCK ME\n|-message|Moowithyou forfeited.\n|\n|win|hydratian\n|raw|Moowithyou's rating: 1613 &rarr; <strong>1587</strong><br />(-26 for losing)\n|raw|hydratian's rating: 1512 &rarr; <strong>1538</strong><br />(+26 for winning)\n|l|☆Moowithyou\n|player|p1|\n|c|☆hydratian|easyyyyyy\n", "inputlog": ">version ccdc32dd7cde25fd9e4bed64820e885f66e78a4e\n>start {\"formatid\":\"gen7randombattle\",\"seed\":\"sodium,82a40ba3e83a4cf607ae2774e8dd7a6b\",\"rated\":\"Rated battle\"}\n>player p1 {\"name\":\"Moowithyou\",\"avatar\":\"cynthia-gen4\",\"rating\":1613,\"seed\":\"sodium,9d15ab52d9ef9dcde4b772bc970f01bf\"}\n>player p2 {\"name\":\"hydratian\",\"avatar\":\"266\",\"rating\":1512,\"seed\":\"sodium,3c8e740df4cb404705f2b8bb9190093a\"}\n>p1 move uturn\n>p2 move liquidation\n>p1 switch 2\n>p1 move glare\n>p2 switch 6\n>p1 switch 5\n>p2 move sludgebomb\n>p1 move iciclecrash\n>p2 switch 4\n>p1 move iciclecrash\n>p2 move stickyweb\n>p2 switch 6\n>p1 switch 5\n>p2 move dragondance\n>p1 move glare\n>p2 move icepunch\n>p1 switch 4\n>p1 move pursuit\n>p2 move liquidation\n>p1 move suckerpunch\n>p2 move dragondance\n>p1 move suckerpunch\n>p2 move dragondance\n>p1 move suckerpunch\n>p2 move dragondance\n>p1 move knockoff\n>p2 move liquidation\n>chat ☆Moowithyou|FUCK ME\n>forcelose p1", "uploadtime": 1771096193, "views": 120, "formatid": "gen7randombattle", "rating": 1538, "private": 0, "password": null}