{"id": "gen7randombattle-2534684515", "format": "[Gen 7] Random Battle", "players": ["leodang", "may/gen3"], "log": "|j|☆leodang\n|j|☆may/gen3\n|t:|1770461025\n|gametype|singles\n|player|p1|leodang|akari|1621\n|player|p2|may/gen3|may|1758\n|gen|7\n|tier|[Gen 7] Random Battle\n|rated|\n|rule|Sleep Clause Mod: Limit one foe put to sleep\n|rule|HP Percentage Mod: HP is shown in percentages\n|rule|Illusion Level Mod: Illusion disguises the Pokémon's true level\n|\n|t:|1770461025\n|teamsize|p1|6\n|teamsize|p2|6\n|start\n|switch|p1a: Castform|Castform, L99, F|299/299\n|switch|p2a: Octillery|Octillery, L96, M|299/299\n|turn|1\n|inactive|Battle timer is ON: inactive players will automatically lose when time's up. (requested by leodang)\n|\n|t:|1770461042\n|move|p1a: Castform|Thunderbolt|p2a: Octillery\n|-supereffective|p2a: Octillery\n|-damage|p2a: Octillery|213/299\n|move|p2a: Octillery|Scald|p1a: Castform\n|-damage|p1a: Castform|217/299\n|\n|upkeep\n|turn|2\n|\n|t:|1770461061\n|switch|p2a: Latios|Latios, L79, M|256/256\n|move|p1a: Castform|Return|p2a: Latios\n|-damage|p2a: Latios|123/256\n|\n|upkeep\n|turn|3\n|\n|t:|1770461067\n|detailschange|p2a: Latios|Latios-Mega, L79, M\n|-mega|p2a: Latios|Latios|Latiosite\n|move|p2a: Latios|Roost|p2a: Latios\n|-heal|p2a: Latios|251/256\n|-singleturn|p2a: Latios|move: Roost\n|move|p1a: Castform|Return|p2a: Latios\n|-damage|p2a: Latios|149/256\n|\n|upkeep\n|turn|4\n|\n|t:|1770461082\n|move|p2a: Latios|Psyshock|p1a: Castform\n|-damage|p1a: Castform|112/299\n|move|p1a: Castform|Return|p2a: Latios\n|-crit|p2a: Latios\n|-damage|p2a: Latios|0 fnt\n|faint|p2a: Latios\n|detailschange|p2: Latios|Latios, L79, M|[silent]\n|\n|upkeep\n|\n|t:|1770461097\n|switch|p2a: Azelf|Azelf, L82|257/257\n|turn|5\n|\n|t:|1770461105\n|move|p2a: Azelf|Psychic|p1a: Castform\n|-damage|p1a: Castform|22/299\n|-damage|p2a: Azelf|232/257|[from] item: Life Orb\n|move|p1a: Castform|Return|p2a: Azelf\n|-damage|p2a: Azelf|85/257\n|\n|upkeep\n|turn|6\n|\n|t:|1770461113\n|move|p2a: Azelf|Dazzling Gleam|p1a: Castform\n|-crit|p1a: Castform\n|-damage|p1a: Castform|0 fnt\n|faint|p1a: Castform\n|-damage|p2a: Azelf|60/257|[from] item: Life Orb\n|\n|upkeep\n|\n|t:|1770461120\n|switch|p1a: Froslass|Froslass, L87, F|264/264\n|turn|7\n|\n|t:|1770461125\n|switch|p2a: Clefable|Clefable, L83, M|293/293\n|move|p1a: Froslass|Shadow Ball|p2a: Clefable\n|-damage|p2a: Clefable|212/293\n|\n|-heal|p2a: Clefable|230/293|[from] item: Leftovers\n|upkeep\n|turn|8\n|\n|t:|1770461132\n|move|p1a: Froslass|Taunt|p2a: Clefable\n|-start|p2a: Clefable|move: Taunt\n|cant|p2a: Clefable|move: Taunt|Thunder Wave\n|\n|-heal|p2a: Clefable|248/293|[from] item: Leftovers\n|upkeep\n|turn|9\n|\n|t:|1770461139\n|switch|p1a: Weezing|Weezing, L87, M|255/255\n|move|p2a: Clefable|Moonblast|p1a: Weezing\n|-resisted|p1a: Weezing\n|-damage|p1a: Weezing|201/255\n|-unboost|p1a: Weezing|spa|1\n|\n|-heal|p1a: Weezing|216/255|[from] item: Black Sludge\n|-heal|p2a: Clefable|266/293|[from] item: Leftovers\n|upkeep\n|turn|10\n|\n|t:|1770461148\n|switch|p2a: Octillery|Octillery, L96, M|213/299\n|move|p1a: Weezing|Toxic Spikes|p2a: Octillery\n|-sidestart|p2: may/gen3|move: Toxic Spikes\n|\n|-heal|p1a: Weezing|231/255|[from] item: Black Sludge\n|upkeep\n|turn|11\n|\n|t:|1770461154\n|move|p1a: Weezing|Toxic Spikes|p2a: Octillery\n|-sidestart|p2: may/gen3|move: Toxic Spikes\n|move|p2a: Octillery|Scald|p1a: Weezing\n|-damage|p1a: Weezing|105/255\n|-status|p1a: Weezing|brn\n|\n|-heal|p1a: Weezing|120/255 brn|[from] item: Black Sludge\n|-damage|p1a: Weezing|105/255 brn|[from] brn\n|upkeep\n|turn|12\n|\n|t:|1770461163\n|move|p1a: Weezing|Pain Split|p2a: Octillery\n|-sethp|p2a: Octillery|159/299|[from] move: Pain Split|[silent]\n|-sethp|p1a: Weezing|159/255 brn|[from] move: Pain Split\n|move|p2a: Octillery|Scald|p1a: Weezing\n|-damage|p1a: Weezing|33/255 brn\n|\n|-heal|p1a: Weezing|48/255 brn|[from] item: Black Sludge\n|-damage|p1a: Weezing|33/255 brn|[from] brn\n|upkeep\n|turn|13\n|\n|t:|1770461173\n|move|p1a: Weezing|Pain Split|p2a: Octillery\n|-sethp|p2a: Octillery|96/299|[from] move: Pain Split|[silent]\n|-sethp|p1a: Weezing|96/255 brn|[from] move: Pain Split\n|move|p2a: Octillery|Scald|p1a: Weezing\n|-damage|p1a: Weezing|0 fnt\n|faint|p1a: Weezing\n|\n|upkeep\n|\n|t:|1770461188\n|switch|p1a: Sableye|Sableye, L86, F|226/226\n|turn|14\n|\n|t:|1770461198\n|switch|p1a: Froslass|Froslass, L87, F|264/264\n|move|p2a: Octillery|Scald|p1a: Froslass\n|-damage|p1a: Froslass|141/264\n|-start|p2a: Octillery|Disable|Scald|[from] ability: Cursed Body|[of] p1a: Froslass\n|\n|-heal|p1a: Froslass|157/264|[from] item: Leftovers\n|upkeep\n|turn|15\n|\n|t:|1770461207\n|move|p1a: Froslass|Shadow Ball|p2a: Octillery\n|-damage|p2a: Octillery|42/299\n|move|p2a: Octillery|Fire Blast|p1a: Froslass|[miss]\n|-miss|p2a: Octillery|p1a: Froslass\n|\n|-heal|p1a: Froslass|173/264|[from] item: Leftovers\n|upkeep\n|turn|16\n|\n|t:|1770461214\n|move|p1a: Froslass|Shadow Ball|p2a: Octillery\n|-damage|p2a: Octillery|0 fnt\n|faint|p2a: Octillery\n|\n|-heal|p1a: Froslass|189/264|[from] item: Leftovers\n|upkeep\n|\n|t:|1770461227\n|switch|p2a: Gumshoos|Gumshoos, L94, F|318/318\n|-status|p2a: Gumshoos|tox\n|turn|17\n|\n|t:|1770461239\n|switch|p1a: Magmortar|Magmortar, L88, F|275/275\n|move|p2a: Gumshoos|Crunch|p1a: Magmortar\n|-damage|p1a: Magmortar|151/275\n|\n|-heal|p1a: Magmortar|168/275|[from] item: Leftovers\n|-damage|p2a: Gumshoos|299/318 tox|[from] psn\n|upkeep\n|turn|18\n|\n|t:|1770461254\n|switch|p2a: Azelf|Azelf, L82|60/257\n|move|p1a: Magmortar|Fire Blast|p2a: Azelf\n|-damage|p2a: Azelf|0 fnt\n|faint|p2a: Azelf\n|\n|-heal|p1a: Magmortar|185/275|[from] item: Leftovers\n|upkeep\n|\n|t:|1770461255\n|switch|p2a: Gumshoos|Gumshoos, L94, F|299/318 tox\n|turn|19\n|\n|t:|1770461266\n|move|p1a: Magmortar|Fire Blast|p2a: Gumshoos\n|-damage|p2a: Gumshoos|121/318 tox\n|move|p2a: Gumshoos|Earthquake|p1a: Magmortar\n|-supereffective|p1a: Magmortar\n|-damage|p1a: Magmortar|0 fnt\n|faint|p1a: Magmortar\n|\n|-damage|p2a: Gumshoos|102/318 tox|[from] psn\n|upkeep\n|\n|t:|1770461274\n|switch|p1a: Gastrodon|Gastrodon-East, L88, F|339/339\n|turn|20\n|\n|t:|1770461278\n|switch|p2a: Cacturne|Cacturne, L93, M|281/281\n|-status|p2a: Cacturne|tox\n|move|p1a: Gastrodon|Recover||[still]\n|-fail|p1a: Gastrodon|heal\n|\n|-damage|p2a: Cacturne|264/281 tox|[from] psn\n|upkeep\n|turn|21\n|\n|t:|1770461286\n|move|p2a: Cacturne|Giga Drain|p1a: Gastrodon\n|-supereffective|p1a: Gastrodon\n|-damage|p1a: Gastrodon|0 fnt\n|-heal|p2a: Cacturne|281/281 tox|[from] drain|[of] p1a: Gastrodon\n|faint|p1a: Gastrodon\n|-damage|p2a: Cacturne|253/281 tox|[from] item: Life Orb\n|\n|-damage|p2a: Cacturne|219/281 tox|[from] psn\n|upkeep\n|\n|t:|1770461293\n|switch|p1a: Froslass|Froslass, L87, F|189/264\n|turn|22\n|\n|t:|1770461298\n|switch|p1a: Sableye|Sableye, L86, F|226/226\n|move|p2a: Cacturne|Sucker Punch||[still]\n|-fail|p2a: Cacturne\n|\n|-damage|p2a: Cacturne|168/281 tox|[from] psn\n|upkeep\n|turn|23\n|\n|t:|1770461309\n|switch|p2a: Clefable|Clefable, L83, M|266/293\n|-status|p2a: Clefable|tox\n|move|p1a: Sableye|Calm Mind|p1a: Sableye\n|-boost|p1a: Sableye|spa|1\n|-boost|p1a: Sableye|spd|1\n|\n|-heal|p2a: Clefable|284/293 tox|[from] item: Leftovers\n|-damage|p2a: Clefable|266/293 tox|[from] psn\n|upkeep\n|turn|24\n|\n|t:|1770461322\n|detailschange|p1a: Sableye|Sableye-Mega, L86, F\n|-mega|p1a: Sableye|Sableye|Sablenite\n|move|p2a: Clefable|Moonblast|p1a: Sableye\n|-supereffective|p1a: Sableye\n|-damage|p1a: Sableye|68/226\n|move|p1a: Sableye|Calm Mind|p1a: Sableye\n|-boost|p1a: Sableye|spa|1\n|-boost|p1a: Sableye|spd|1\n|\n|-heal|p2a: Clefable|284/293 tox|[from] item: Leftovers\n|-damage|p2a: Clefable|248/293 tox|[from] psn\n|upkeep\n|turn|25\n|-message|leodang forfeited.\n|\n|win|may/gen3\n|raw|leodang's rating: 1621 &rarr; <strong>1609</strong><br />(-12 for losing)\n|raw|may&#x2f;gen3's rating: 1758 &rarr; <strong>1770</strong><br />(+12 for winning)\n|l|☆leodang\n|player|p1|\n", "inputlog": ">version ccdc32dd7cde25fd9e4bed64820e885f66e78a4e\n>start {\"formatid\":\"gen7randombattle\",\"seed\":\"sodium,663f0e90974135beadd7708bb8da9e1b\",\"rated\":\"Rated battle\"}\n>player p1 {\"name\":\"leodang\",\"avatar\":\"akari\",\"rating\":1621,\"seed\":\"sodium,24e9de2d7a41dd4489f799b45f963e38\"}\n>player p2 {\"name\":\"may/gen3\",\"avatar\":\"may\",\"rating\":1758,\"seed\":\"sodium,850f9cca7e7b0a3ae8ccdfb6638d4129\"}\n>p1 move thunderbolt\n>p2 move scald\n>p1 move return\n>p2 switch 6\n>p1 move return\n>p2 move roost mega\n>p1 move return\n>p2 move psyshock\n>p2 switch 5\n>p1 move return\n>p2 move psychic\n>p1 move return\n>p2 move dazzlinggleam\n>p1 switch 5\n>p1 move shadowball\n>p2 switch 2\n>p1 move taunt\n>p2 move thunderwave\n>p1 switch 2\n>p2 move moonblast\n>p1 move toxicspikes\n>p2 switch 6\n>p1 move toxicspikes\n>p2 move scald\n>p1 move painsplit\n>p2 move scald\n>p1 move painsplit\n>p2 move scald\n>p1 switch 3\n>p1 switch 2\n>p2 move scald\n>p1 move shadowball\n>p2 move fireblast\n>p1 move shadowball\n>p2 move fireblast\n>p2 switch 4\n>p1 switch 4\n>p2 move crunch\n>p1 move fireblast\n>p2 switch 2\n>p2 switch 2\n>p1 move fireblast\n>p2 move earthquake\n>p1 switch 6\n>p1 move recover\n>p2 switch 3\n>p1 move icebeam\n>p2 move gigadrain\n>p1 switch 4\n>p1 switch 2\n>p2 move suckerpunch\n>p1 move calmmind\n>p2 switch 6\n>p1 move calmmind mega\n>p2 move moonblast\n>forcelose p1", "uploadtime": 1770461333, "views": 192, "formatid": "gen7randombattle", "rating": 1609, "private": 0, "password": null}