{"id": "gen7randombattle-2524332755", "format": "[Gen 7] Random Battle", "players": ["Somnium Azurea", "Galamianogi"], "log": "|j|☆Somnium Azurea\n|j|‽Galamianogi\n|t:|1769132624\n|gametype|singles\n|player|p1|Somnium Azurea|lady|1764\n|player|p2|Galamianogi|gladion-stance|1695\n|gen|7\n|tier|[Gen 7] Random Battle\n|rated|\n|rule|Sleep Clause Mod: Limit one foe put to sleep\n|rule|HP Percentage Mod: HP is shown in percentages\n|rule|Illusion Level Mod: Illusion disguises the Pokémon's true level\n|\n|t:|1769132624\n|teamsize|p1|6\n|teamsize|p2|6\n|start\n|switch|p1a: Basculin|Basculin, L86, M|261/261\n|switch|p2a: Illumise|Illumise, L92, F|269/269\n|turn|1\n|inactive|Battle timer is ON: inactive players will automatically lose when time's up. (requested by Somnium Azurea)\n|\n|t:|1769132637\n|switch|p1a: Aromatisse|Aromatisse, L91, F|332/332\n|switch|p2a: Garbodor|Garbodor, L88, F|284/284\n|\n|upkeep\n|turn|2\n|\n|t:|1769132643\n|switch|p1a: Solgaleo|Solgaleo, L73|320/320\n|move|p2a: Garbodor|Spikes|p1a: Solgaleo\n|-sidestart|p1: Somnium Azurea|Spikes\n|\n|upkeep\n|turn|3\n|\n|t:|1769132650\n|switch|p2a: Lunala|Lunala, L72|316/316\n|move|p1a: Solgaleo|Psychic|p2a: Lunala\n|-resisted|p2a: Lunala\n|-damage|p2a: Lunala|295/316\n|\n|upkeep\n|turn|4\n|\n|t:|1769132658\n|switch|p1a: Weavile|Weavile, L79, M|239/239\n|-damage|p1a: Weavile|210/239|[from] Spikes\n|move|p2a: Lunala|Moongeist Beam|p1a: Weavile\n|-resisted|p1a: Weavile\n|-damage|p1a: Weavile|156/239\n|\n|upkeep\n|turn|5\n|\n|t:|1769132672\n|-activate|p2a: Lunala|move: Pursuit\n|move|p1a: Weavile|Pursuit|p2a: Lunala|[from] Pursuit\n|-supereffective|p2a: Lunala\n|-damage|p2a: Lunala|0 fnt\n|faint|p2a: Lunala\n|-hint|A Pokemon can't switch between when it runs out of HP and when it faints\n|\n|upkeep\n|\n|t:|1769132683\n|switch|p2a: Turtonator|Turtonator, L88, M|249/249\n|turn|6\n|\n|t:|1769132693\n|switch|p1a: Crobat|Crobat, L82, F|274/274\n|move|p2a: Turtonator|Shell Smash|p2a: Turtonator\n|-unboost|p2a: Turtonator|def|1\n|-unboost|p2a: Turtonator|spd|1\n|-boost|p2a: Turtonator|atk|2\n|-boost|p2a: Turtonator|spa|2\n|-boost|p2a: Turtonator|spe|2\n|-enditem|p2a: Turtonator|White Herb\n|-clearnegativeboost|p2a: Turtonator|[silent]\n|\n|upkeep\n|turn|7\n|\n|t:|1769132697\n|move|p1a: Crobat|Toxic|p2a: Turtonator\n|-status|p2a: Turtonator|tox\n|move|p2a: Turtonator|Fire Blast|p1a: Crobat|[miss]\n|-miss|p2a: Turtonator|p1a: Crobat\n|\n|-damage|p2a: Turtonator|234/249 tox|[from] psn\n|upkeep\n|turn|8\n|\n|t:|1769132703\n|switch|p1a: Aromatisse|Aromatisse, L91, F|332/332\n|-damage|p1a: Aromatisse|291/332|[from] Spikes\n|move|p2a: Turtonator|Fire Blast|p1a: Aromatisse|[miss]\n|-miss|p2a: Turtonator|p1a: Aromatisse\n|\n|-heal|p1a: Aromatisse|311/332|[from] item: Leftovers\n|-damage|p2a: Turtonator|204/249 tox|[from] psn\n|upkeep\n|turn|9\n|\n|t:|1769132707\n|move|p2a: Turtonator|Fire Blast|p1a: Aromatisse\n|-crit|p1a: Aromatisse\n|-damage|p1a: Aromatisse|0 fnt\n|faint|p1a: Aromatisse\n|\n|-damage|p2a: Turtonator|159/249 tox|[from] psn\n|upkeep\n|\n|t:|1769132716\n|switch|p1a: Crobat|Crobat, L82, F|274/274\n|turn|10\n|\n|t:|1769132720\n|move|p1a: Crobat|Brave Bird|p2a: Turtonator\n|-damage|p2a: Turtonator|84/249 tox\n|-damage|p1a: Crobat|249/274|[from] Recoil\n|move|p2a: Turtonator|Draco Meteor|p1a: Crobat\n|-damage|p1a: Crobat|0 fnt\n|-unboost|p2a: Turtonator|spa|2\n|faint|p1a: Crobat\n|\n|-damage|p2a: Turtonator|24/249 tox|[from] psn\n|upkeep\n|\n|t:|1769132725\n|switch|p1a: Weavile|Weavile, L79, M|156/239\n|-damage|p1a: Weavile|127/239|[from] Spikes\n|turn|11\n|\n|t:|1769132729\n|move|p1a: Weavile|Knock Off|p2a: Turtonator\n|-damage|p2a: Turtonator|0 fnt\n|faint|p2a: Turtonator\n|\n|upkeep\n|\n|t:|1769132744\n|switch|p2a: Garbodor|Garbodor, L88, F|284/284\n|turn|12\n|\n|t:|1769132752\n|switch|p1a: Solgaleo|Solgaleo, L73|320/320\n|-damage|p1a: Solgaleo|280/320|[from] Spikes\n|move|p2a: Garbodor|Spikes|p1a: Solgaleo\n|-sidestart|p1: Somnium Azurea|Spikes\n|\n|upkeep\n|turn|13\n|\n|t:|1769132758\n|switch|p2a: Illumise|Illumise, L92, F|269/269\n|move|p1a: Solgaleo|Earthquake|p2a: Illumise\n|-resisted|p2a: Illumise\n|-damage|p2a: Illumise|232/269\n|\n|-heal|p2a: Illumise|248/269|[from] item: Leftovers\n|upkeep\n|turn|14\n|\n|t:|1769132768\n|switch|p1a: Weavile|Weavile, L79, M|127/239\n|-damage|p1a: Weavile|88/239|[from] Spikes\n|move|p2a: Illumise|Bug Buzz|p1a: Weavile\n|-supereffective|p1a: Weavile\n|-damage|p1a: Weavile|0 fnt\n|faint|p1a: Weavile\n|\n|-heal|p2a: Illumise|264/269|[from] item: Leftovers\n|upkeep\n|\n|t:|1769132771\n|switch|p1a: Basculin|Basculin, L86, M|261/261\n|-damage|p1a: Basculin|218/261|[from] Spikes\n|turn|15\n|\n|t:|1769132786\n|move|p2a: Illumise|Thunder Wave|p1a: Basculin\n|-status|p1a: Basculin|par\n|move|p1a: Basculin|Liquidation|p2a: Illumise\n|-damage|p2a: Illumise|82/269\n|\n|-heal|p2a: Illumise|98/269|[from] item: Leftovers\n|upkeep\n|turn|16\n|\n|t:|1769132792\n|move|p2a: Illumise|Roost|p2a: Illumise\n|-heal|p2a: Illumise|233/269\n|-singleturn|p2a: Illumise|move: Roost\n|cant|p1a: Basculin|par\n|\n|-heal|p2a: Illumise|249/269|[from] item: Leftovers\n|upkeep\n|turn|17\n|\n|t:|1769132800\n|move|p2a: Illumise|Bug Buzz|p1a: Basculin\n|-damage|p1a: Basculin|89/261 par\n|-unboost|p1a: Basculin|spd|1\n|cant|p1a: Basculin|par\n|\n|-heal|p2a: Illumise|265/269|[from] item: Leftovers\n|upkeep\n|turn|18\n|\n|t:|1769132805\n|move|p2a: Illumise|Bug Buzz|p1a: Basculin\n|-damage|p1a: Basculin|0 fnt\n|faint|p1a: Basculin\n|\n|-heal|p2a: Illumise|269/269|[from] item: Leftovers\n|upkeep\n|-message|Somnium Azurea forfeited.\n|\n|win|Galamianogi\n|raw|Somnium Azurea's rating: 1764 &rarr; <strong>1740</strong><br />(-24 for losing)\n|raw|Galamianogi's rating: 1695 &rarr; <strong>1719</strong><br />(+24 for winning)\n|l|☆Somnium Azurea\n|player|p1|\n", "inputlog": ">version dd3d52b8382d73d1dd2c67730c4067df325ab790\n>start {\"formatid\":\"gen7randombattle\",\"seed\":\"sodium,bd5be20be6373aee06cf8db8351cf21f\",\"rated\":\"Rated battle\"}\n>player p1 {\"name\":\"Somnium Azurea\",\"avatar\":\"lady\",\"rating\":1764,\"seed\":\"sodium,af97ceba6b143655e63837e8784712db\"}\n>player p2 {\"name\":\"Galamianogi\",\"avatar\":\"gladion-stance\",\"rating\":1695,\"seed\":\"sodium,3441182792d7ac69ff7fe7084acffb9f\"}\n>p1 switch 3\n>p2 switch 6\n>p1 switch 2\n>p2 move spikes\n>p1 move psychic\n>p2 switch 2\n>p1 switch 6\n>p2 move moongeistbeam\n>p1 move pursuit\n>p2 switch 5\n>p2 switch 5\n>p1 switch 4\n>p2 move shellsmash\n>p1 move toxic\n>p2 move fireblast\n>p1 switch 2\n>p2 move fireblast\n>p1 move wish\n>p2 move fireblast\n>p1 switch 2\n>p1 move bravebird\n>p2 move dracometeor\n>p1 switch 4\n>p1 move knockoff\n>p2 move fireblast\n>p2 switch 2\n>p1 switch 6\n>p2 move spikes\n>p1 move earthquake\n>p2 switch 6\n>p1 switch 6\n>p2 move bugbuzz\n>p1 switch 3\n>p1 move liquidation\n>p2 move thunderwave\n>p1 move liquidation\n>p2 move roost\n>p1 move liquidation\n>p2 move bugbuzz\n>p1 move liquidation\n>p2 move bugbuzz\n>forcelose p1", "uploadtime": 1769132816, "views": 155, "formatid": "gen7randombattle", "rating": 1719, "private": 0, "password": null}