{"id": "gen7randombattle-2524507853", "format": "[Gen 7] Random Battle", "players": ["Zxkra", "bin2409"], "log": "|j|☆Zxkra\n|j|☆bin2409\n|t:|1769160372\n|gametype|singles\n|player|p1|Zxkra|266|1731\n|player|p2|bin2409|lucas-gen4pt|1789\n|gen|7\n|tier|[Gen 7] Random Battle\n|rated|\n|rule|Sleep Clause Mod: Limit one foe put to sleep\n|rule|HP Percentage Mod: HP is shown in percentages\n|rule|Illusion Level Mod: Illusion disguises the Pokémon's true level\n|\n|t:|1769160372\n|teamsize|p1|6\n|teamsize|p2|6\n|start\n|switch|p1a: Delphox|Delphox, L86, F|269/269\n|switch|p2a: Accelgor|Accelgor, L90, M|290/290\n|turn|1\n|inactive|Battle timer is ON: inactive players will automatically lose when time's up. (requested by Zxkra)\n|\n|t:|1769160396\n|switch|p2a: Seaking|Seaking, L95, F|306/306\n|move|p1a: Delphox|Fire Blast|p2a: Seaking|[miss]\n|-miss|p1a: Delphox|p2a: Seaking\n|\n|upkeep\n|turn|2\n|\n|t:|1769160408\n|switch|p1a: Vaporeon|Vaporeon, L86, M|364/364\n|move|p2a: Seaking|Knock Off|p1a: Vaporeon\n|-damage|p1a: Vaporeon|228/364\n|-enditem|p1a: Vaporeon|Leftovers|[from] move: Knock Off|[of] p2a: Seaking\n|-damage|p2a: Seaking|276/306|[from] item: Life Orb\n|\n|upkeep\n|turn|3\n|\n|t:|1769160423\n|switch|p2a: Amoonguss|Amoonguss, L83, F|325/325\n|move|p1a: Vaporeon|Wish|p1a: Vaporeon\n|\n|upkeep\n|turn|4\n|\n|t:|1769160430\n|move|p1a: Vaporeon|Protect|p1a: Vaporeon\n|-singleturn|p1a: Vaporeon|Protect\n|move|p2a: Amoonguss|Spore|p1a: Vaporeon\n|-activate|p1a: Vaporeon|move: Protect\n|\n|-heal|p1a: Vaporeon|364/364|[from] move: Wish|[wisher] Vaporeon\n|upkeep\n|turn|5\n|\n|t:|1769160442\n|switch|p1a: Celesteela|Celesteela, L78|279/279\n|move|p2a: Amoonguss|Spore|p1a: Celesteela\n|-status|p1a: Celesteela|slp|[from] move: Spore\n|\n|upkeep\n|turn|6\n|\n|t:|1769160462\n|switch|p1a: Delphox|Delphox, L86, F|269/269\n|switch|p2a: Seaking|Seaking, L95, F|276/306\n|\n|upkeep\n|turn|7\n|\n|t:|1769160471\n|switch|p1a: Vaporeon|Vaporeon, L86, M|364/364\n|move|p2a: Seaking|Knock Off|p1a: Vaporeon\n|-damage|p1a: Vaporeon|260/364\n|-damage|p2a: Seaking|246/306|[from] item: Life Orb\n|\n|upkeep\n|turn|8\n|\n|t:|1769160482\n|switch|p2a: Amoonguss|Amoonguss, L83, F|325/325\n|move|p1a: Vaporeon|Wish|p1a: Vaporeon\n|\n|upkeep\n|turn|9\n|\n|t:|1769160492\n|switch|p1a: Delphox|Delphox, L86, F|269/269\n|move|p2a: Amoonguss|Giga Drain|p1a: Delphox\n|-resisted|p1a: Delphox\n|-damage|p1a: Delphox|240/269\n|\n|-heal|p1a: Delphox|269/269|[from] move: Wish|[wisher] Vaporeon\n|upkeep\n|turn|10\n|\n|t:|1769160508\n|switch|p2a: Seaking|Seaking, L95, F|246/306\n|move|p1a: Delphox|Psyshock|p2a: Seaking\n|-damage|p2a: Seaking|87/306\n|\n|upkeep\n|turn|11\n|\n|t:|1769160514\n|switch|p2a: Absol|Absol, L82, M|241/241\n|move|p1a: Delphox|Psyshock|p2a: Absol\n|-immune|p2a: Absol\n|\n|upkeep\n|turn|12\n|\n|t:|1769160521\n|switch|p1a: Mightyena|Mightyena, L94, M|284/284\n|-ability|p1a: Mightyena|Intimidate|boost\n|-unboost|p2a: Absol|atk|1\n|move|p2a: Absol|Swords Dance|p2a: Absol\n|-boost|p2a: Absol|atk|2\n|\n|upkeep\n|turn|13\n|\n|t:|1769160531\n|detailschange|p2a: Absol|Absol-Mega, L82, M\n|-mega|p2a: Absol|Absol|Absolite\n|move|p2a: Absol|Superpower|p1a: Mightyena\n|-supereffective|p1a: Mightyena\n|-damage|p1a: Mightyena|0 fnt\n|-unboost|p2a: Absol|atk|1\n|-unboost|p2a: Absol|def|1\n|faint|p1a: Mightyena\n|\n|upkeep\n|\n|t:|1769160539\n|switch|p1a: Heracross|Heracross, L80, M|259/259\n|turn|14\n|\n|t:|1769160552\n|switch|p2a: Seaking|Seaking, L95, F|87/306\n|detailschange|p1a: Heracross|Heracross-Mega, L80, M\n|-mega|p1a: Heracross|Heracross|Heracronite\n|move|p1a: Heracross|Pin Missile|p2a: Seaking\n|-damage|p2a: Seaking|41/306\n|-damage|p2a: Seaking|0 fnt\n|faint|p2a: Seaking\n|-hitcount|p2: Seaking|2\n|\n|upkeep\n|\n|t:|1769160576\n|switch|p2a: Amoonguss|Amoonguss, L83, F|325/325\n|turn|15\n|\n|t:|1769160583\n|move|p1a: Heracross|Pin Missile|p2a: Amoonguss\n|-damage|p2a: Amoonguss|277/325\n|-damage|p2a: Amoonguss|228/325\n|-damage|p2a: Amoonguss|180/325\n|-damage|p2a: Amoonguss|134/325\n|-damage|p2a: Amoonguss|86/325\n|-hitcount|p2a: Amoonguss|5\n|move|p2a: Amoonguss|Sludge Bomb|p1a: Heracross\n|-damage|p1a: Heracross|178/259\n|\n|-heal|p2a: Amoonguss|106/325|[from] item: Black Sludge\n|upkeep\n|turn|16\n|\n|t:|1769160593\n|move|p1a: Heracross|Pin Missile|p2a: Amoonguss\n|-damage|p2a: Amoonguss|60/325\n|-damage|p2a: Amoonguss|12/325\n|-damage|p2a: Amoonguss|0 fnt\n|faint|p2a: Amoonguss\n|-hitcount|p2: Amoonguss|3\n|\n|upkeep\n|\n|t:|1769160598\n|switch|p2a: Tauros|Tauros, L84, M|263/263\n|turn|17\n|\n|t:|1769160604\n|switch|p1a: Celesteela|Celesteela, L78|279/279 slp\n|move|p2a: Tauros|Fire Blast|p1a: Celesteela\n|-supereffective|p1a: Celesteela\n|-damage|p1a: Celesteela|188/279 slp\n|\n|upkeep\n|turn|18\n|\n|t:|1769160613\n|move|p2a: Tauros|Rock Slide|p1a: Celesteela\n|-damage|p1a: Celesteela|101/279 slp\n|cant|p1a: Celesteela|slp\n|\n|upkeep\n|turn|19\n|\n|t:|1769160619\n|move|p2a: Tauros|Fire Blast|p1a: Celesteela\n|-supereffective|p1a: Celesteela\n|-damage|p1a: Celesteela|5/279 slp\n|cant|p1a: Celesteela|slp\n|\n|upkeep\n|turn|20\n|\n|t:|1769160624\n|move|p2a: Tauros|Body Slam|p1a: Celesteela\n|-resisted|p1a: Celesteela\n|-damage|p1a: Celesteela|0 fnt\n|faint|p1a: Celesteela\n|\n|upkeep\n|\n|t:|1769160628\n|switch|p1a: Entei|Entei, L78|307/307\n|turn|21\n|\n|t:|1769160637\n|move|p2a: Tauros|Earthquake|p1a: Entei\n|-supereffective|p1a: Entei\n|-damage|p1a: Entei|102/307\n|-damage|p2a: Tauros|237/263|[from] item: Life Orb\n|move|p1a: Entei|Sacred Fire|p2a: Tauros\n|-damage|p2a: Tauros|80/263\n|\n|upkeep\n|turn|22\n|\n|t:|1769160649\n|switch|p1a: Vaporeon|Vaporeon, L86, M|260/364\n|move|p2a: Tauros|Body Slam|p1a: Vaporeon\n|-damage|p1a: Vaporeon|49/364\n|\n|upkeep\n|turn|23\n|\n|t:|1769160658\n|move|p2a: Tauros|Body Slam|p1a: Vaporeon\n|-damage|p1a: Vaporeon|0 fnt\n|faint|p1a: Vaporeon\n|\n|upkeep\n|\n|t:|1769160662\n|switch|p1a: Delphox|Delphox, L86, F|269/269\n|turn|24\n|\n|t:|1769160667\n|move|p2a: Tauros|Earthquake|p1a: Delphox\n|-supereffective|p1a: Delphox\n|-damage|p1a: Delphox|66/269\n|-damage|p2a: Tauros|54/263|[from] item: Life Orb\n|move|p1a: Delphox|Fire Blast|p2a: Tauros\n|-damage|p2a: Tauros|0 fnt\n|faint|p2a: Tauros\n|\n|upkeep\n|\n|t:|1769160685\n|switch|p2a: Absol|Absol-Mega, L82, M|241/241\n|turn|25\n|\n|t:|1769160689\n|move|p2a: Absol|Knock Off|p1a: Delphox\n|-supereffective|p1a: Delphox\n|-damage|p1a: Delphox|0 fnt\n|-enditem|p1a: Delphox|Choice Specs|[from] move: Knock Off|[of] p2a: Absol\n|faint|p1a: Delphox\n|\n|upkeep\n|\n|t:|1769160691\n|switch|p1a: Heracross|Heracross-Mega, L80, M|178/259\n|turn|26\n|\n|t:|1769160699\n|move|p2a: Absol|Play Rough|p1a: Heracross\n|-supereffective|p1a: Heracross\n|-damage|p1a: Heracross|28/259\n|-unboost|p1a: Heracross|atk|1\n|move|p1a: Heracross|Pin Missile|p2a: Absol\n|-supereffective|p2a: Absol\n|-damage|p2a: Absol|167/241\n|-supereffective|p2a: Absol\n|-damage|p2a: Absol|87/241\n|-supereffective|p2a: Absol\n|-damage|p2a: Absol|3/241\n|-supereffective|p2a: Absol\n|-damage|p2a: Absol|0 fnt\n|faint|p2a: Absol\n|detailschange|p2: Absol|Absol, L82, M|[silent]\n|-hitcount|p2: Absol|4\n|\n|upkeep\n|\n|t:|1769160712\n|switch|p2a: Cinccino|Cinccino, L84, F|263/263\n|turn|27\n|\n|t:|1769160717\n|move|p2a: Cinccino|Bullet Seed|p1a: Heracross\n|-resisted|p1a: Heracross\n|-damage|p1a: Heracross|16/259\n|-resisted|p1a: Heracross\n|-damage|p1a: Heracross|4/259\n|-resisted|p1a: Heracross\n|-damage|p1a: Heracross|0 fnt\n|faint|p1a: Heracross\n|detailschange|p1: Heracross|Heracross, L80, M|[silent]\n|-hitcount|p1: Heracross|3\n|\n|upkeep\n|\n|t:|1769160719\n|switch|p1a: Entei|Entei, L78|102/307\n|turn|28\n|\n|t:|1769160728\n|move|p1a: Entei|Extreme Speed|p2a: Cinccino\n|-damage|p2a: Cinccino|153/263\n|move|p2a: Cinccino|Bullet Seed|p1a: Entei\n|-resisted|p1a: Entei\n|-damage|p1a: Entei|88/307\n|-resisted|p1a: Entei\n|-damage|p1a: Entei|74/307\n|-resisted|p1a: Entei\n|-damage|p1a: Entei|59/307\n|-resisted|p1a: Entei\n|-damage|p1a: Entei|44/307\n|-resisted|p1a: Entei\n|-damage|p1a: Entei|30/307\n|-hitcount|p1a: Entei|5\n|\n|upkeep\n|turn|29\n|\n|t:|1769160731\n|move|p1a: Entei|Extreme Speed|p2a: Cinccino\n|-damage|p2a: Cinccino|42/263\n|move|p2a: Cinccino|Bullet Seed|p1a: Entei\n|-resisted|p1a: Entei\n|-damage|p1a: Entei|16/307\n|-resisted|p1a: Entei\n|-damage|p1a: Entei|2/307\n|-resisted|p1a: Entei\n|-damage|p1a: Entei|0 fnt\n|faint|p1a: Entei\n|-hitcount|p1: Entei|3\n|\n|win|bin2409\n|raw|Zxkra's rating: 1731 &rarr; <strong>1714</strong><br />(-17 for losing)\n|raw|bin2409's rating: 1789 &rarr; <strong>1806</strong><br />(+17 for winning)\n|l|☆Zxkra\n|player|p1|\n", "inputlog": ">version dd3d52b8382d73d1dd2c67730c4067df325ab790\n>start {\"formatid\":\"gen7randombattle\",\"seed\":\"sodium,da9153451de9b43670858c42f14d6bc8\",\"rated\":\"Rated battle\"}\n>player p1 {\"name\":\"Zxkra\",\"avatar\":\"266\",\"rating\":1731,\"seed\":\"sodium,588ee9e6e325f150f8e3aed99a21ba3c\"}\n>player p2 {\"name\":\"bin2409\",\"avatar\":\"lucas-gen4pt\",\"rating\":1789,\"seed\":\"sodium,ebd71c3eaa39828281834bb7da35370d\"}\n>p1 move fireblast\n>p2 switch 5\n>p1 switch 2\n>p2 move knockoff\n>p1 move wish\n>p2 switch 6\n>p1 move protect\n>p2 move spore\n>p1 switch 6\n>p2 move spore\n>p1 switch 2\n>p2 switch 6\n>p1 switch 6\n>p2 move knockoff\n>p1 move wish\n>p2 switch 6\n>p1 switch 6\n>p2 move gigadrain\n>p1 move psyshock\n>p2 switch 6\n>p1 move psyshock\n>p2 switch 2\n>p1 switch 4\n>p2 move swordsdance\n>p1 move playrough\n>p2 move superpower mega\n>p1 switch 5\n>p1 move pinmissile mega\n>p2 switch 2\n>p2 switch 6\n>p1 move pinmissile\n>p2 move sludgebomb\n>p1 move pinmissile\n>p2 move sludgebomb\n>p2 switch 4\n>p1 switch 2\n>p2 move fireblast\n>p1 move heavyslam\n>p2 move rockslide\n>p1 move heavyslam\n>p2 move fireblast\n>p1 move heavyslam\n>p2 move bodyslam\n>p1 switch 3\n>p1 move sacredfire\n>p2 move earthquake\n>p1 switch 6\n>p2 move bodyslam\n>p1 move scald\n>p2 move bodyslam\n>p1 switch 4\n>p1 move fireblast\n>p2 move earthquake\n>p2 switch 2\n>p1 move fireblast\n>p2 move knockoff\n>p1 switch 2\n>p1 move pinmissile\n>p2 move playrough\n>p2 switch 3\n>p1 move closecombat\n>p2 move bulletseed\n>p1 switch 6\n>p1 move extremespeed\n>p2 move bulletseed\n>p1 move extremespeed\n>p2 move bulletseed", "uploadtime": 1769160739, "views": 183, "formatid": "gen7randombattle", "rating": 1714, "private": 0, "password": null}