{"id": "gen7randombattle-2524316002", "format": "[Gen 7] Random Battle", "players": ["Somnium Azurea", "Krak-Re"], "log": "|j|☆Somnium Azurea\n|j|☆Krak-Re\n|t:|1769130549\n|gametype|singles\n|player|p1|Somnium Azurea|lady|1810\n|player|p2|Krak-Re|266|1667\n|gen|7\n|tier|[Gen 7] Random Battle\n|rated|\n|rule|Sleep Clause Mod: Limit one foe put to sleep\n|rule|HP Percentage Mod: HP is shown in percentages\n|rule|Illusion Level Mod: Illusion disguises the Pokémon's true level\n|\n|t:|1769130549\n|teamsize|p1|6\n|teamsize|p2|6\n|start\n|switch|p1a: Vigoroth|Vigoroth, L88, F|284/284\n|switch|p2a: Hitmonlee|Hitmonlee, L86, M|226/226\n|turn|1\n|inactive|Battle timer is ON: inactive players will automatically lose when time's up. (requested by Krak-Re)\n|inactive|Somnium Azurea also wants the timer to be on.\n|inactive|Krak-Re has 120 seconds left.\n|\n|t:|1769130585\n|move|p1a: Vigoroth|Bulk Up|p1a: Vigoroth\n|-boost|p1a: Vigoroth|atk|1\n|-boost|p1a: Vigoroth|def|1\n|move|p2a: Hitmonlee|Curse|p2a: Hitmonlee\n|-unboost|p2a: Hitmonlee|spe|1\n|-boost|p2a: Hitmonlee|atk|1\n|-boost|p2a: Hitmonlee|def|1\n|-enditem|p2a: Hitmonlee|White Herb\n|-clearnegativeboost|p2a: Hitmonlee|[silent]\n|\n|upkeep\n|turn|2\n|\n|t:|1769130591\n|move|p2a: Hitmonlee|Knock Off|p1a: Vigoroth\n|-damage|p1a: Vigoroth|220/284\n|-enditem|p1a: Vigoroth|Eviolite|[from] move: Knock Off|[of] p2a: Hitmonlee\n|move|p1a: Vigoroth|Return|p2a: Hitmonlee\n|-damage|p2a: Hitmonlee|85/226\n|\n|upkeep\n|turn|3\n|\n|t:|1769130595\n|switch|p1a: Illumise|Illumise, L92, F|269/269\n|move|p2a: Hitmonlee|Close Combat|p1a: Illumise\n|-resisted|p1a: Illumise\n|-damage|p1a: Illumise|154/269\n|-unboost|p2a: Hitmonlee|def|1\n|-unboost|p2a: Hitmonlee|spd|1\n|\n|-heal|p1a: Illumise|170/269|[from] item: Leftovers\n|upkeep\n|turn|4\n|\n|t:|1769130598\n|move|p1a: Illumise|Encore|p2a: Hitmonlee\n|-start|p2a: Hitmonlee|Encore\n|move|p2a: Hitmonlee|Close Combat|p1a: Illumise\n|-resisted|p1a: Illumise\n|-damage|p1a: Illumise|40/269\n|-unboost|p2a: Hitmonlee|def|1\n|-unboost|p2a: Hitmonlee|spd|1\n|\n|-heal|p1a: Illumise|56/269|[from] item: Leftovers\n|upkeep\n|turn|5\n|\n|t:|1769130601\n|move|p1a: Illumise|Roost|p1a: Illumise\n|-heal|p1a: Illumise|191/269\n|-singleturn|p1a: Illumise|move: Roost\n|move|p2a: Hitmonlee|Close Combat|p1a: Illumise\n|-resisted|p1a: Illumise\n|-damage|p1a: Illumise|80/269\n|-unboost|p2a: Hitmonlee|def|1\n|-unboost|p2a: Hitmonlee|spd|1\n|\n|-heal|p1a: Illumise|96/269|[from] item: Leftovers\n|upkeep\n|turn|6\n|\n|t:|1769130604\n|move|p1a: Illumise|Roost|p1a: Illumise\n|-heal|p1a: Illumise|231/269\n|-singleturn|p1a: Illumise|move: Roost\n|move|p2a: Hitmonlee|Close Combat|p1a: Illumise\n|-resisted|p1a: Illumise\n|-damage|p1a: Illumise|108/269\n|-unboost|p2a: Hitmonlee|def|1\n|-unboost|p2a: Hitmonlee|spd|1\n|\n|-heal|p1a: Illumise|124/269|[from] item: Leftovers\n|-end|p2a: Hitmonlee|Encore\n|upkeep\n|turn|7\n|\n|t:|1769130611\n|move|p1a: Illumise|Thunder Wave|p2a: Hitmonlee|[miss]\n|-miss|p1a: Illumise|p2a: Hitmonlee\n|move|p2a: Hitmonlee|Stone Edge|p1a: Illumise|[miss]\n|-miss|p2a: Hitmonlee|p1a: Illumise\n|\n|-heal|p1a: Illumise|140/269|[from] item: Leftovers\n|upkeep\n|turn|8\n|\n|t:|1769130614\n|move|p1a: Illumise|Thunder Wave|p2a: Hitmonlee\n|-status|p2a: Hitmonlee|par\n|move|p2a: Hitmonlee|Stone Edge|p1a: Illumise\n|-supereffective|p1a: Illumise\n|-damage|p1a: Illumise|0 fnt\n|faint|p1a: Illumise\n|\n|upkeep\n|\n|t:|1769130622\n|switch|p1a: Alakazam|Alakazam, L78, M|214/214\n|turn|9\n|\n|t:|1769130627\n|detailschange|p1a: Alakazam|Alakazam-Mega, L78, M\n|-mega|p1a: Alakazam|Alakazam|Alakazite\n|-ability|p1a: Alakazam|Unburden|Trace|[from] ability: Trace|[of] p2a: Hitmonlee\n|move|p1a: Alakazam|Psyshock|p2a: Hitmonlee\n|-supereffective|p2a: Hitmonlee\n|-damage|p2a: Hitmonlee|0 fnt\n|faint|p2a: Hitmonlee\n|\n|upkeep\n|\n|t:|1769130642\n|switch|p2a: Doublade|Doublade, L85, M|239/239\n|turn|10\n|\n|t:|1769130647\n|move|p1a: Alakazam|Shadow Ball|p2a: Doublade\n|-supereffective|p2a: Doublade\n|-damage|p2a: Doublade|71/239\n|-unboost|p2a: Doublade|spd|1\n|move|p2a: Doublade|Swords Dance|p2a: Doublade\n|-boost|p2a: Doublade|atk|2\n|\n|upkeep\n|turn|11\n|\n|t:|1769130651\n|switch|p1a: Vigoroth|Vigoroth, L88, F|220/284\n|move|p2a: Doublade|Shadow Sneak|p1a: Vigoroth\n|-immune|p1a: Vigoroth\n|\n|upkeep\n|turn|12\n|\n|t:|1769130653\n|move|p1a: Vigoroth|Bulk Up|p1a: Vigoroth\n|-boost|p1a: Vigoroth|atk|1\n|-boost|p1a: Vigoroth|def|1\n|move|p2a: Doublade|Iron Head|p1a: Vigoroth\n|-damage|p1a: Vigoroth|81/284\n|\n|upkeep\n|turn|13\n|\n|t:|1769130655\n|move|p1a: Vigoroth|Shadow Claw|p2a: Doublade\n|-supereffective|p2a: Doublade\n|-damage|p2a: Doublade|7/239\n|move|p2a: Doublade|Iron Head|p1a: Vigoroth\n|-damage|p1a: Vigoroth|0 fnt\n|faint|p1a: Vigoroth\n|\n|upkeep\n|\n|t:|1769130659\n|switch|p1a: Stoutland|Stoutland, L86, M|286/286\n|turn|14\n|\n|t:|1769130665\n|switch|p2a: Metagross|Metagross, L74|240/240\n|move|p1a: Stoutland|Return|p2a: Metagross\n|-resisted|p2a: Metagross\n|-damage|p2a: Metagross|188/240\n|\n|upkeep\n|turn|15\n|\n|t:|1769130672\n|switch|p1a: Gliscor|Gliscor, L78, M|245/245\n|detailschange|p2a: Metagross|Metagross-Mega, L74\n|-mega|p2a: Metagross|Metagross|Metagrossite\n|move|p2a: Metagross|Meteor Mash|p1a: Gliscor\n|-crit|p1a: Gliscor\n|-damage|p1a: Gliscor|85/245\n|-boost|p2a: Metagross|atk|1\n|\n|-status|p1a: Gliscor|tox|[from] item: Toxic Orb\n|upkeep\n|turn|16\n|\n|t:|1769130683\n|switch|p1a: Stoutland|Stoutland, L86, M|286/286\n|move|p2a: Metagross|Meteor Mash|p1a: Stoutland|[miss]\n|-miss|p2a: Metagross|p1a: Stoutland\n|\n|upkeep\n|turn|17\n|\n|t:|1769130688\n|move|p1a: Stoutland|Crunch|p2a: Metagross\n|-supereffective|p2a: Metagross\n|-damage|p2a: Metagross|94/240\n|move|p2a: Metagross|Meteor Mash|p1a: Stoutland\n|-damage|p1a: Stoutland|91/286\n|\n|upkeep\n|turn|18\n|\n|t:|1769130702\n|switch|p2a: Absol|Absol, L86, M|252/252\n|move|p1a: Stoutland|Crunch|p2a: Absol\n|-resisted|p2a: Absol\n|-damage|p2a: Absol|212/252\n|-unboost|p2a: Absol|def|1\n|-ability|p2a: Absol|Justified|boost\n|-boost|p2a: Absol|atk|1\n|\n|upkeep\n|turn|19\n|\n|t:|1769130706\n|switch|p1a: Gliscor|Gliscor, L78, M|85/245 tox\n|move|p2a: Absol|Knock Off|p1a: Gliscor\n|-damage|p1a: Gliscor|0 fnt\n|-enditem|p1a: Gliscor|Toxic Orb|[from] move: Knock Off|[of] p2a: Absol\n|faint|p1a: Gliscor\n|-damage|p2a: Absol|187/252|[from] item: Life Orb\n|\n|upkeep\n|\n|t:|1769130712\n|switch|p1a: Stoutland|Stoutland, L86, M|91/286\n|turn|20\n|\n|t:|1769130716\n|switch|p1a: Alakazam|Alakazam-Mega, L78, M|214/214\n|-ability|p1a: Alakazam|Justified|Trace|[from] ability: Trace|[of] p2a: Absol\n|move|p2a: Absol|Sucker Punch||[still]\n|-fail|p2a: Absol\n|\n|upkeep\n|turn|21\n|\n|t:|1769130730\n|move|p1a: Alakazam|Calm Mind|p1a: Alakazam\n|-boost|p1a: Alakazam|spa|1\n|-boost|p1a: Alakazam|spd|1\n|move|p2a: Absol|Knock Off|p1a: Alakazam\n|-supereffective|p1a: Alakazam\n|-damage|p1a: Alakazam|0 fnt\n|faint|p1a: Alakazam\n|detailschange|p1: Alakazam|Alakazam, L78, M|[silent]\n|-damage|p2a: Absol|162/252|[from] item: Life Orb\n|\n|upkeep\n|-message|Somnium Azurea forfeited.\n|\n|win|Krak-Re\n|raw|Somnium Azurea's rating: 1810 &rarr; <strong>1782</strong><br />(-28 for losing)\n|raw|Krak-Re's rating: 1667 &rarr; <strong>1695</strong><br />(+28 for winning)\n|l|☆Somnium Azurea\n|player|p1|\n", "inputlog": ">version dd3d52b8382d73d1dd2c67730c4067df325ab790\n>start {\"formatid\":\"gen7randombattle\",\"seed\":\"sodium,c907d8b1740a9d089011200bb4481cb5\",\"rated\":\"Rated battle\"}\n>player p1 {\"name\":\"Somnium Azurea\",\"avatar\":\"lady\",\"rating\":1810,\"seed\":\"sodium,589ef1c5e3ed90f331c2de20f6a34dde\"}\n>player p2 {\"name\":\"Krak-Re\",\"avatar\":\"266\",\"rating\":1667,\"seed\":\"sodium,09af70f6ed2191d28396251dfd615b0d\"}\n>p1 move bulkup\n>p2 move curse\n>p1 move return\n>p2 move knockoff\n>p1 switch 2\n>p2 move closecombat\n>p1 move encore\n>p2 move stoneedge\n>p1 move roost\n>p2 move closecombat\n>p1 move roost\n>p2 move closecombat\n>p1 move thunderwave\n>p2 move stoneedge\n>p1 move thunderwave\n>p2 move stoneedge\n>p1 switch 4\n>p1 move psyshock mega\n>p2 move knockoff\n>p2 switch 6\n>p1 move shadowball\n>p2 move swordsdance\n>p1 switch 2\n>p2 move shadowsneak\n>p1 move bulkup\n>p2 move ironhead\n>p1 move shadowclaw\n>p2 move ironhead\n>p1 switch 5\n>p1 move return\n>p2 switch 5\n>p1 switch 6\n>p2 move meteormash mega\n>p1 switch 6\n>p2 move meteormash\n>p1 move crunch\n>p2 move meteormash\n>p1 move crunch\n>p2 switch 2\n>p1 switch 6\n>p2 move knockoff\n>p1 switch 6\n>p1 switch 2\n>p2 move suckerpunch\n>p1 move calmmind\n>p2 move knockoff\n>forcelose p1", "uploadtime": 1769130738, "views": 153, "formatid": "gen7randombattle", "rating": 1695, "private": 0, "password": null}