{"id": "gen7randombattle-2537104757", "format": "[Gen 7] Random Battle", "players": ["WHITE KARTANA", "La.Hellhound"], "log": "|j|☆WHITE KARTANA\n|j|‽La.Hellhound\n|t:|1770766371\n|gametype|singles\n|player|p1|WHITE KARTANA|169|1605\n|player|p2|La.Hellhound|bruno|1770\n|gen|7\n|tier|[Gen 7] Random Battle\n|rated|\n|rule|Sleep Clause Mod: Limit one foe put to sleep\n|rule|HP Percentage Mod: HP is shown in percentages\n|rule|Illusion Level Mod: Illusion disguises the Pokémon's true level\n|\n|t:|1770766371\n|teamsize|p1|6\n|teamsize|p2|6\n|start\n|switch|p1a: Swalot|Swalot, L90, F|326/326\n|switch|p2a: Doublade|Doublade, L85, F|239/239\n|turn|1\n|inactive|Battle timer is ON: inactive players will automatically lose when time's up. (requested by La.Hellhound)\n|\n|t:|1770766386\n|switch|p1a: Silvally|Silvally-Psychic, L87|307/307\n|move|p2a: Doublade|Swords Dance|p2a: Doublade\n|-boost|p2a: Doublade|atk|2\n|\n|upkeep\n|turn|2\n|\n|t:|1770766392\n|move|p2a: Doublade|Shadow Sneak|p1a: Silvally\n|-supereffective|p1a: Silvally\n|-damage|p1a: Silvally|137/307\n|move|p1a: Silvally|Flamethrower|p2a: Doublade\n|-supereffective|p2a: Doublade\n|-damage|p2a: Doublade|95/239\n|\n|upkeep\n|turn|3\n|\n|t:|1770766399\n|switch|p1a: Kricketune|Kricketune, L97, F|306/306\n|move|p2a: Doublade|Shadow Sneak|p1a: Kricketune\n|-damage|p1a: Kricketune|182/306\n|\n|-heal|p1a: Kricketune|201/306|[from] item: Leftovers\n|upkeep\n|turn|4\n|\n|t:|1770766407\n|move|p1a: Kricketune|Knock Off|p2a: Doublade\n|-supereffective|p2a: Doublade\n|-damage|p2a: Doublade|23/239\n|-enditem|p2a: Doublade|Eviolite|[from] move: Knock Off|[of] p1a: Kricketune\n|move|p2a: Doublade|Iron Head|p1a: Kricketune\n|-damage|p1a: Kricketune|0 fnt\n|faint|p1a: Kricketune\n|\n|upkeep\n|\n|t:|1770766411\n|switch|p1a: Swalot|Swalot, L90, F|326/326\n|turn|5\n|\n|t:|1770766425\n|move|p2a: Doublade|Shadow Sneak|p1a: Swalot\n|-damage|p1a: Swalot|224/326\n|move|p1a: Swalot|Earthquake|p2a: Doublade\n|-supereffective|p2a: Doublade\n|-damage|p2a: Doublade|0 fnt\n|faint|p2a: Doublade\n|\n|-heal|p1a: Swalot|244/326|[from] item: Black Sludge\n|upkeep\n|\n|t:|1770766434\n|switch|p2a: Whiscash|Whiscash, L89, F|341/341\n|turn|6\n|\n|t:|1770766438\n|move|p2a: Whiscash|Dragon Dance|p2a: Whiscash\n|-boost|p2a: Whiscash|atk|1\n|-boost|p2a: Whiscash|spe|1\n|move|p1a: Swalot|Toxic|p2a: Whiscash\n|-status|p2a: Whiscash|tox\n|\n|-heal|p1a: Swalot|264/326|[from] item: Black Sludge\n|-damage|p2a: Whiscash|320/341 tox|[from] psn\n|upkeep\n|turn|7\n|\n|t:|1770766450\n|switch|p1a: Silvally|Silvally-Psychic, L87|137/307\n|move|p2a: Whiscash|Earthquake|p1a: Silvally\n|-damage|p1a: Silvally|0 fnt\n|faint|p1a: Silvally\n|-damage|p2a: Whiscash|286/341 tox|[from] item: Life Orb\n|\n|-damage|p2a: Whiscash|244/341 tox|[from] psn\n|upkeep\n|n|‽La.Hellhound|lahellhound\n|n|‽La.Hellhound|lahellhound\n|\n|t:|1770766451\n|switch|p1a: Registeel|Registeel, L83|268/268\n|turn|8\n|\n|t:|1770766463\n|switch|p2a: Butterfree|Butterfree, L90, F|253/253\n|move|p1a: Registeel|Stealth Rock|p2a: Butterfree\n|-sidestart|p2: La.Hellhound|move: Stealth Rock\n|\n|upkeep\n|turn|9\n|\n|t:|1770766469\n|move|p2a: Butterfree|Sleep Powder|p1a: Registeel|[miss]\n|-miss|p2a: Butterfree|p1a: Registeel\n|move|p1a: Registeel|Toxic|p2a: Butterfree\n|-status|p2a: Butterfree|tox\n|\n|-damage|p2a: Butterfree|238/253 tox|[from] psn\n|upkeep\n|turn|10\n|\n|t:|1770766476\n|move|p2a: Butterfree|Quiver Dance|p2a: Butterfree\n|-boost|p2a: Butterfree|spa|1\n|-boost|p2a: Butterfree|spd|1\n|-boost|p2a: Butterfree|spe|1\n|move|p1a: Registeel|Seismic Toss|p2a: Butterfree\n|-damage|p2a: Butterfree|155/253 tox\n|\n|-damage|p2a: Butterfree|125/253 tox|[from] psn\n|upkeep\n|turn|11\n|\n|t:|1770766485\n|move|p1a: Registeel|Protect|p1a: Registeel\n|-singleturn|p1a: Registeel|Protect\n|move|p2a: Butterfree|Sleep Powder|p1a: Registeel\n|-activate|p1a: Registeel|move: Protect\n|\n|-damage|p2a: Butterfree|80/253 tox|[from] psn\n|upkeep\n|turn|12\n|\n|t:|1770766494\n|-zpower|p2a: Butterfree\n|move|p2a: Butterfree|Savage Spin-Out|p1a: Registeel|[zeffect]\n|-resisted|p1a: Registeel\n|-damage|p1a: Registeel|60/268\n|move|p1a: Registeel|Seismic Toss|p2a: Butterfree\n|-damage|p2a: Butterfree|0 fnt\n|faint|p2a: Butterfree\n|\n|-heal|p1a: Registeel|76/268|[from] item: Leftovers\n|upkeep\n|\n|t:|1770766515\n|switch|p2a: Armaldo|Armaldo, L89, M|278/278\n|-damage|p2a: Armaldo|209/278|[from] Stealth Rock\n|turn|13\n|\n|t:|1770766521\n|move|p2a: Armaldo|Earthquake|p1a: Registeel\n|-supereffective|p1a: Registeel\n|-damage|p1a: Registeel|0 fnt\n|faint|p1a: Registeel\n|\n|-heal|p2a: Armaldo|226/278|[from] item: Leftovers\n|upkeep\n|\n|t:|1770766525\n|switch|p1a: Banette|Banette, L87, M|253/253\n|-item|p2a: Armaldo|Leftovers|[from] ability: Frisk|[of] p1a: Banette\n|turn|14\n|l|‽La.Hellhound\n|inactive|La.Hellhound disconnected and has a minute to reconnect!\n|player|p2|\n|j|‽La.Hellhound\n|inactive|La.Hellhound reconnected and has 135 seconds left.\n|player|p2|La.Hellhound|bruno|\n|n|‽La.Hellhound|lahellhound\n|n|‽La.Hellhound|lahellhound\n|inactive|La.Hellhound has 120 seconds left.\n|\n|t:|1770766559\n|detailschange|p1a: Banette|Banette-Mega, L87, M\n|-mega|p1a: Banette|Banette|Banettite\n|move|p1a: Banette|Shadow Claw|p2a: Armaldo\n|-damage|p2a: Armaldo|127/278\n|move|p2a: Armaldo|Earthquake|p1a: Banette\n|-damage|p1a: Banette|151/253\n|\n|-heal|p2a: Armaldo|144/278|[from] item: Leftovers\n|upkeep\n|turn|15\n|inactive|La.Hellhound has 120 seconds left.\n|\n|t:|1770766572\n|move|p1a: Banette|Shadow Claw|p2a: Armaldo\n|-damage|p2a: Armaldo|41/278\n|move|p2a: Armaldo|Stone Edge|p1a: Banette\n|-damage|p1a: Banette|0 fnt\n|faint|p1a: Banette\n|detailschange|p1: Banette|Banette, L87, M|[silent]\n|\n|-heal|p2a: Armaldo|58/278|[from] item: Leftovers\n|upkeep\n|\n|t:|1770766578\n|switch|p1a: Swalot|Swalot, L90, F|264/326\n|turn|16\n|n|‽La.Hellhound|lahellhound\n|n|‽La.Hellhound|lahellhound\n|\n|t:|1770766585\n|move|p1a: Swalot|Sludge Bomb|p2a: Armaldo\n|-resisted|p2a: Armaldo\n|-damage|p2a: Armaldo|16/278\n|-status|p2a: Armaldo|psn\n|move|p2a: Armaldo|Earthquake|p1a: Swalot\n|-supereffective|p1a: Swalot\n|-damage|p1a: Swalot|80/326\n|\n|-heal|p1a: Swalot|100/326|[from] item: Black Sludge\n|-heal|p2a: Armaldo|33/278 psn|[from] item: Leftovers\n|-damage|p2a: Armaldo|0 fnt|[from] psn\n|faint|p2a: Armaldo\n|upkeep\n|\n|t:|1770766599\n|switch|p2a: Alakazam|Alakazam, L78, F|214/214\n|turn|17\n|inactive|La.Hellhound has 120 seconds left.\n|inactive|La.Hellhound has 90 seconds left.\n|\n|t:|1770766645\n|move|p2a: Alakazam|Psyshock|p1a: Swalot\n|-supereffective|p1a: Swalot\n|-damage|p1a: Swalot|0 fnt\n|faint|p1a: Swalot\n|\n|upkeep\n|\n|t:|1770766648\n|switch|p1a: Reuniclus|Reuniclus, L87, M|333/333\n|turn|18\n|n|‽La.Hellhound|lahellhound\n|n|‽La.Hellhound|lahellhound\n|n|‽La.Hellhound|lahellhound\n|inactive|La.Hellhound has 90 seconds left.\n|\n|t:|1770766664\n|detailschange|p2a: Alakazam|Alakazam-Mega, L78, F\n|-mega|p2a: Alakazam|Alakazam|Alakazite\n|-ability|p2a: Alakazam|Magic Guard|Trace|[from] ability: Trace|[of] p1a: Reuniclus\n|move|p2a: Alakazam|Calm Mind|p2a: Alakazam\n|-boost|p2a: Alakazam|spa|1\n|-boost|p2a: Alakazam|spd|1\n|move|p1a: Reuniclus|Calm Mind|p1a: Reuniclus\n|-boost|p1a: Reuniclus|spa|1\n|-boost|p1a: Reuniclus|spd|1\n|\n|upkeep\n|turn|19\n|inactive|La.Hellhound has 90 seconds left.\n|\n|t:|1770766675\n|move|p2a: Alakazam|Shadow Ball|p1a: Reuniclus\n|-supereffective|p1a: Reuniclus\n|-damage|p1a: Reuniclus|175/333\n|move|p1a: Reuniclus|Psyshock|p2a: Alakazam\n|-resisted|p2a: Alakazam\n|-damage|p2a: Alakazam|78/214\n|\n|upkeep\n|turn|20\n|inactive|La.Hellhound has 90 seconds left.\n|\n|t:|1770766687\n|move|p2a: Alakazam|Shadow Ball|p1a: Reuniclus\n|-supereffective|p1a: Reuniclus\n|-damage|p1a: Reuniclus|7/333\n|move|p1a: Reuniclus|Psyshock|p2a: Alakazam\n|-resisted|p2a: Alakazam\n|-damage|p2a: Alakazam|0 fnt\n|faint|p2a: Alakazam\n|detailschange|p2: Alakazam|Alakazam, L78, F|[silent]\n|\n|upkeep\n|inactive|La.Hellhound has 90 seconds left.\n|\n|t:|1770766695\n|switch|p2a: Watchog|Watchog, L96, F|271/271\n|-damage|p2a: Watchog|238/271|[from] Stealth Rock\n|turn|21\n|-message|WHITE KARTANA forfeited.\n|\n|win|La.Hellhound\n|raw|WHITE KARTANA's rating: 1605 &rarr; <strong>1594</strong><br />(-11 for losing)\n|raw|La.Hellhound's rating: 1770 &rarr; <strong>1781</strong><br />(+11 for winning)\n|l|☆WHITE KARTANA\n|player|p1|\n", "inputlog": ">version ccdc32dd7cde25fd9e4bed64820e885f66e78a4e\n>start {\"formatid\":\"gen7randombattle\",\"seed\":\"sodium,01e63f4d83eecd1e35d9271dfcf4a7eb\",\"rated\":\"Rated battle\"}\n>player p1 {\"name\":\"WHITE KARTANA\",\"avatar\":\"169\",\"rating\":1605,\"seed\":\"sodium,b6896bea6b86ccd44a3d83c6c33f0d3d\"}\n>player p2 {\"name\":\"La.Hellhound\",\"avatar\":\"bruno\",\"rating\":1770,\"seed\":\"sodium,f0e2b0fca6464fc6be713e45ee06d045\"}\n>p1 switch 5\n>p2 move swordsdance\n>p1 move flamethrower\n>p2 move shadowsneak\n>p1 switch 3\n>p2 move shadowsneak\n>p1 move knockoff\n>p2 move ironhead\n>p1 switch 5\n>p1 move earthquake\n>p2 move shadowsneak\n>p2 switch 5\n>p1 move toxic\n>p2 move dragondance\n>p1 switch 3\n>p2 move earthquake\n>p1 switch 6\n>p1 move stealthrock\n>p2 switch 4\n>p1 move toxic\n>p2 move sleeppowder\n>p1 move seismictoss\n>p2 move quiverdance\n>p1 move protect\n>p2 move sleeppowder\n>p1 move seismictoss\n>p2 move bugbuzz zmove\n>p2 switch 6\n>p1 move seismictoss\n>p2 move earthquake\n>p1 switch 2\n>p1 move shadowclaw mega\n>p2 move earthquake\n>p1 move shadowclaw\n>p2 move stoneedge\n>p1 switch 3\n>p1 move sludgebomb\n>p2 move earthquake\n>p2 switch 3\n>p1 move earthquake\n>p2 move psyshock\n>p1 switch 4\n>p1 move calmmind\n>p2 move calmmind mega\n>p1 move psyshock\n>p2 move shadowball\n>p1 move psyshock\n>p2 move shadowball\n>p2 switch 2\n>forcelose p1", "uploadtime": 1770766700, "views": 222, "formatid": "gen7randombattle", "rating": 1594, "private": 0, "password": null}