{"id": "gen7randombattle-2536341717", "format": "[Gen 7] Random Battle", "players": ["soy is life", "Johnald714"], "log": "|j|☆soy is life\n|j|☆Johnald714\n|t:|1770676684\n|gametype|singles\n|player|p1|soy is life|266|1581\n|player|p2|Johnald714|2|1519\n|gen|7\n|tier|[Gen 7] Random Battle\n|rated|\n|rule|Sleep Clause Mod: Limit one foe put to sleep\n|rule|HP Percentage Mod: HP is shown in percentages\n|rule|Illusion Level Mod: Illusion disguises the Pokémon's true level\n|\n|t:|1770676684\n|teamsize|p1|6\n|teamsize|p2|6\n|start\n|switch|p1a: Purugly|Purugly, L89, F|271/271\n|switch|p2a: Unown|Unown-Y|258/258\n|turn|1\n|inactive|Battle timer is ON: inactive players will automatically lose when time's up. (requested by Johnald714)\n|\n|t:|1770676696\n|move|p1a: Purugly|Fake Out|p2a: Unown\n|-damage|p2a: Unown|191/258\n|cant|p2a: Unown|flinch\n|\n|upkeep\n|turn|2\n|\n|t:|1770676701\n|move|p1a: Purugly|Knock Off|p2a: Unown\n|-supereffective|p2a: Unown\n|-damage|p2a: Unown|15/258\n|-enditem|p2a: Unown|Choice Specs|[from] move: Knock Off|[of] p1a: Purugly\n|move|p2a: Unown|Hidden Power|p1a: Purugly\n|-supereffective|p1a: Purugly\n|-damage|p1a: Purugly|153/271\n|\n|upkeep\n|turn|3\n|\n|t:|1770676711\n|switch|p2a: Mienshao|Mienshao, L83, M|243/243\n|move|p1a: Purugly|Knock Off|p2a: Mienshao\n|-resisted|p2a: Mienshao\n|-damage|p2a: Mienshao|195/243\n|-enditem|p2a: Mienshao|Assault Vest|[from] move: Knock Off|[of] p1a: Purugly\n|\n|upkeep\n|turn|4\n|\n|t:|1770676725\n|switch|p1a: Blacephalon|Blacephalon, L80|215/215\n|move|p2a: Mienshao|High Jump Kick|p1a: Blacephalon\n|-immune|p1a: Blacephalon\n|-damage|p2a: Mienshao|74/243|[from] highjumpkick\n|\n|upkeep\n|turn|5\n|\n|t:|1770676740\n|switch|p1a: Purugly|Purugly, L89, F|153/271\n|move|p2a: Mienshao|Knock Off|p1a: Purugly\n|-damage|p1a: Purugly|50/271\n|-enditem|p1a: Purugly|Silk Scarf|[from] move: Knock Off|[of] p2a: Mienshao\n|\n|upkeep\n|turn|6\n|\n|t:|1770676744\n|move|p1a: Purugly|Fake Out|p2a: Mienshao\n|-damage|p2a: Mienshao|13/243\n|cant|p2a: Mienshao|flinch\n|\n|upkeep\n|turn|7\n|\n|t:|1770676747\n|move|p1a: Purugly|Return|p2a: Mienshao\n|-damage|p2a: Mienshao|0 fnt\n|faint|p2a: Mienshao\n|\n|upkeep\n|\n|t:|1770676751\n|switch|p2a: Sylveon|Sylveon, L85, M|300/300\n|turn|8\n|\n|t:|1770676758\n|move|p1a: Purugly|Return|p2a: Sylveon\n|-damage|p2a: Sylveon|176/300\n|move|p2a: Sylveon|Hyper Voice|p1a: Purugly\n|-damage|p1a: Purugly|0 fnt\n|faint|p1a: Purugly\n|\n|-heal|p2a: Sylveon|194/300|[from] item: Leftovers\n|upkeep\n|\n|t:|1770676770\n|switch|p1a: Kangaskhan|Kangaskhan, L75, F|281/281\n|turn|9\n|\n|t:|1770676777\n|detailschange|p1a: Kangaskhan|Kangaskhan-Mega, L75, F\n|-mega|p1a: Kangaskhan|Kangaskhan|Kangaskhanite\n|move|p2a: Sylveon|Protect|p2a: Sylveon\n|-singleturn|p2a: Sylveon|Protect\n|move|p1a: Kangaskhan|Fake Out|p2a: Sylveon\n|-activate|p2a: Sylveon|move: Protect\n|\n|-heal|p2a: Sylveon|212/300|[from] item: Leftovers\n|upkeep\n|turn|10\n|\n|t:|1770676780\n|move|p1a: Kangaskhan|Seismic Toss|p2a: Sylveon\n|-damage|p2a: Sylveon|137/300\n|-damage|p2a: Sylveon|62/300\n|-hitcount|p2a: Sylveon|2\n|move|p2a: Sylveon|Wish|p2a: Sylveon\n|\n|-heal|p2a: Sylveon|80/300|[from] item: Leftovers\n|upkeep\n|turn|11\n|\n|t:|1770676783\n|move|p2a: Sylveon|Protect|p2a: Sylveon\n|-singleturn|p2a: Sylveon|Protect\n|move|p1a: Kangaskhan|Seismic Toss|p2a: Sylveon\n|-activate|p2a: Sylveon|move: Protect\n|\n|-heal|p2a: Sylveon|230/300|[from] move: Wish|[wisher] Sylveon\n|-heal|p2a: Sylveon|248/300|[from] item: Leftovers\n|upkeep\n|turn|12\n|\n|t:|1770676787\n|move|p1a: Kangaskhan|Body Slam|p2a: Sylveon\n|-damage|p2a: Sylveon|142/300\n|-status|p2a: Sylveon|par\n|-damage|p2a: Sylveon|115/300 par\n|-hitcount|p2a: Sylveon|2\n|move|p2a: Sylveon|Wish|p2a: Sylveon\n|\n|-heal|p2a: Sylveon|133/300 par|[from] item: Leftovers\n|upkeep\n|turn|13\n|\n|t:|1770676795\n|move|p2a: Sylveon|Protect|p2a: Sylveon\n|-singleturn|p2a: Sylveon|Protect\n|move|p1a: Kangaskhan|Seismic Toss|p2a: Sylveon\n|-activate|p2a: Sylveon|move: Protect\n|\n|-heal|p2a: Sylveon|283/300 par|[from] move: Wish|[wisher] Sylveon\n|-heal|p2a: Sylveon|300/300 par|[from] item: Leftovers\n|upkeep\n|turn|14\n|\n|t:|1770676800\n|move|p1a: Kangaskhan|Seismic Toss|p2a: Sylveon\n|-damage|p2a: Sylveon|225/300 par\n|-damage|p2a: Sylveon|150/300 par\n|-hitcount|p2a: Sylveon|2\n|move|p2a: Sylveon|Wish|p2a: Sylveon\n|\n|-heal|p2a: Sylveon|168/300 par|[from] item: Leftovers\n|upkeep\n|turn|15\n|\n|t:|1770676810\n|switch|p1a: Blacephalon|Blacephalon, L80|215/215\n|move|p2a: Sylveon|Calm Mind|p2a: Sylveon\n|-boost|p2a: Sylveon|spa|1\n|-boost|p2a: Sylveon|spd|1\n|\n|-heal|p2a: Sylveon|300/300 par|[from] move: Wish|[wisher] Sylveon\n|upkeep\n|turn|16\n|\n|t:|1770676815\n|move|p1a: Blacephalon|Calm Mind|p1a: Blacephalon\n|-boost|p1a: Blacephalon|spa|1\n|-boost|p1a: Blacephalon|spd|1\n|move|p2a: Sylveon|Hyper Voice|p1a: Blacephalon\n|-resisted|p1a: Blacephalon\n|-damage|p1a: Blacephalon|137/215\n|\n|upkeep\n|turn|17\n|\n|t:|1770676829\n|move|p1a: Blacephalon|Calm Mind|p1a: Blacephalon\n|-boost|p1a: Blacephalon|spa|1\n|-boost|p1a: Blacephalon|spd|1\n|move|p2a: Sylveon|Calm Mind|p2a: Sylveon\n|-boost|p2a: Sylveon|spa|1\n|-boost|p2a: Sylveon|spd|1\n|\n|upkeep\n|turn|18\n|\n|t:|1770676833\n|-zpower|p1a: Blacephalon\n|move|p1a: Blacephalon|Inferno Overdrive|p2a: Sylveon|[zeffect]\n|-damage|p2a: Sylveon|126/300 par\n|move|p2a: Sylveon|Calm Mind|p2a: Sylveon\n|-boost|p2a: Sylveon|spa|1\n|-boost|p2a: Sylveon|spd|1\n|\n|-heal|p2a: Sylveon|144/300 par|[from] item: Leftovers\n|upkeep\n|turn|19\n|\n|t:|1770676841\n|move|p1a: Blacephalon|Shadow Ball|p2a: Sylveon\n|-damage|p2a: Sylveon|74/300 par\n|move|p2a: Sylveon|Wish|p2a: Sylveon\n|\n|-heal|p2a: Sylveon|92/300 par|[from] item: Leftovers\n|upkeep\n|turn|20\n|\n|t:|1770676848\n|move|p1a: Blacephalon|Calm Mind|p1a: Blacephalon\n|-boost|p1a: Blacephalon|spa|1\n|-boost|p1a: Blacephalon|spd|1\n|move|p2a: Sylveon|Hyper Voice|p1a: Blacephalon\n|-resisted|p1a: Blacephalon\n|-damage|p1a: Blacephalon|65/215\n|\n|-heal|p2a: Sylveon|242/300 par|[from] move: Wish|[wisher] Sylveon\n|-heal|p2a: Sylveon|260/300 par|[from] item: Leftovers\n|upkeep\n|turn|21\n|\n|t:|1770676850\n|move|p1a: Blacephalon|Calm Mind|p1a: Blacephalon\n|-boost|p1a: Blacephalon|spa|1\n|-boost|p1a: Blacephalon|spd|1\n|cant|p2a: Sylveon|par\n|\n|-heal|p2a: Sylveon|278/300 par|[from] item: Leftovers\n|upkeep\n|turn|22\n|\n|t:|1770676853\n|move|p1a: Blacephalon|Fire Blast|p2a: Sylveon\n|-damage|p2a: Sylveon|152/300 par\n|move|p2a: Sylveon|Hyper Voice|p1a: Blacephalon\n|-resisted|p1a: Blacephalon\n|-damage|p1a: Blacephalon|6/215\n|\n|-heal|p2a: Sylveon|170/300 par|[from] item: Leftovers\n|upkeep\n|turn|23\n|\n|t:|1770676861\n|move|p1a: Blacephalon|Fire Blast|p2a: Sylveon\n|-damage|p2a: Sylveon|28/300 par\n|cant|p2a: Sylveon|par\n|\n|-heal|p2a: Sylveon|46/300 par|[from] item: Leftovers\n|upkeep\n|turn|24\n|\n|t:|1770676864\n|move|p1a: Blacephalon|Shadow Ball|p2a: Sylveon\n|-damage|p2a: Sylveon|0 fnt\n|faint|p2a: Sylveon\n|-ability|p1a: Blacephalon|Beast Boost|boost\n|-boost|p1a: Blacephalon|spa|1\n|\n|upkeep\n|\n|t:|1770676874\n|switch|p2a: Vaporeon|Vaporeon, L86, F|364/364\n|turn|25\n|\n|t:|1770676878\n|move|p1a: Blacephalon|Shadow Ball|p2a: Vaporeon\n|-damage|p2a: Vaporeon|12/364\n|-unboost|p2a: Vaporeon|spd|1\n|move|p2a: Vaporeon|Scald|p1a: Blacephalon\n|-supereffective|p1a: Blacephalon\n|-damage|p1a: Blacephalon|0 fnt\n|faint|p1a: Blacephalon\n|\n|-heal|p2a: Vaporeon|34/364|[from] item: Leftovers\n|upkeep\n|\n|t:|1770676885\n|switch|p1a: Kangaskhan|Kangaskhan-Mega, L75, F|281/281\n|turn|26\n|\n|t:|1770676888\n|switch|p2a: Unown|Unown-Y|15/258\n|move|p1a: Kangaskhan|Fake Out|p2a: Unown\n|-damage|p2a: Unown|0 fnt\n|faint|p2a: Unown\n|-hitcount|p2: Unown|1\n|\n|upkeep\n|\n|t:|1770676895\n|switch|p2a: Exeggutor|Exeggutor-Alola, L91, M|321/321\n|turn|27\n|\n|t:|1770676899\n|move|p1a: Kangaskhan|Body Slam|p2a: Exeggutor\n|-crit|p2a: Exeggutor\n|-damage|p2a: Exeggutor|201/321\n|-status|p2a: Exeggutor|par\n|-crit|p2a: Exeggutor\n|-damage|p2a: Exeggutor|170/321 par\n|-hitcount|p2a: Exeggutor|2\n|move|p2a: Exeggutor|Stun Spore|p1a: Kangaskhan\n|-status|p1a: Kangaskhan|par\n|\n|upkeep\n|turn|28\n|\n|t:|1770676909\n|move|p1a: Kangaskhan|Seismic Toss|p2a: Exeggutor\n|-damage|p2a: Exeggutor|95/321 par\n|-enditem|p2a: Exeggutor|Sitrus Berry|[eat]\n|-heal|p2a: Exeggutor|175/321 par|[from] item: Sitrus Berry\n|-damage|p2a: Exeggutor|100/321 par\n|-hitcount|p2a: Exeggutor|2\n|move|p2a: Exeggutor|Wood Hammer|p1a: Kangaskhan\n|-damage|p1a: Kangaskhan|133/281 par\n|-damage|p2a: Exeggutor|51/321 par|[from] Recoil\n|\n|upkeep\n|turn|29\n|\n|t:|1770676919\n|move|p1a: Kangaskhan|Body Slam|p2a: Exeggutor\n|-damage|p2a: Exeggutor|0 fnt\n|faint|p2a: Exeggutor\n|-hitcount|p2: Exeggutor|1\n|\n|upkeep\n|\n|t:|1770676928\n|switch|p2a: Vaporeon|Vaporeon, L86, F|34/364\n|turn|30\n|\n|t:|1770676932\n|move|p2a: Vaporeon|Protect|p2a: Vaporeon\n|-singleturn|p2a: Vaporeon|Protect\n|move|p1a: Kangaskhan|Body Slam|p2a: Vaporeon\n|-activate|p2a: Vaporeon|move: Protect\n|\n|-heal|p2a: Vaporeon|56/364|[from] item: Leftovers\n|upkeep\n|turn|31\n|\n|t:|1770676936\n|move|p2a: Vaporeon|Wish|p2a: Vaporeon\n|move|p1a: Kangaskhan|Seismic Toss|p2a: Vaporeon\n|-damage|p2a: Vaporeon|0 fnt\n|faint|p2a: Vaporeon\n|-hitcount|p2: Vaporeon|1\n|\n|upkeep\n|\n|t:|1770676940\n|switch|p2a: Audino|Audino, L92, F|339/339\n|turn|32\n|\n|t:|1770676949\n|switch|p1a: Giratina|Giratina-Origin, L74|344/344\n|detailschange|p2a: Audino|Audino-Mega, L92, F\n|-mega|p2a: Audino|Audino|Audinite\n|move|p2a: Audino|Calm Mind|p2a: Audino\n|-boost|p2a: Audino|spa|1\n|-boost|p2a: Audino|spd|1\n|\n|upkeep\n|turn|33\n|\n|t:|1770676954\n|move|p1a: Giratina|Will-O-Wisp|p2a: Audino|[miss]\n|-miss|p1a: Giratina|p2a: Audino\n|move|p2a: Audino|Calm Mind|p2a: Audino\n|-boost|p2a: Audino|spa|1\n|-boost|p2a: Audino|spd|1\n|\n|upkeep\n|turn|34\n|\n|t:|1770676956\n|move|p1a: Giratina|Will-O-Wisp|p2a: Audino\n|-status|p2a: Audino|brn\n|move|p2a: Audino|Calm Mind|p2a: Audino\n|-boost|p2a: Audino|spa|1\n|-boost|p2a: Audino|spd|1\n|\n|-damage|p2a: Audino|318/339 brn|[from] brn\n|upkeep\n|turn|35\n|\n|t:|1770676966\n|move|p1a: Giratina|Hex|p2a: Audino\n|-immune|p2a: Audino\n|move|p2a: Audino|Calm Mind|p2a: Audino\n|-boost|p2a: Audino|spa|1\n|-boost|p2a: Audino|spd|1\n|\n|-damage|p2a: Audino|297/339 brn|[from] brn\n|upkeep\n|turn|36\n|\n|t:|1770676973\n|move|p1a: Giratina|Draco Meteor|p2a: Audino\n|-immune|p2a: Audino\n|move|p2a: Audino|Calm Mind|p2a: Audino\n|-boost|p2a: Audino|spa|1\n|-boost|p2a: Audino|spd|1\n|\n|-damage|p2a: Audino|276/339 brn|[from] brn\n|upkeep\n|turn|37\n|\n|t:|1770676975\n|move|p1a: Giratina|Draco Meteor|p2a: Audino\n|-immune|p2a: Audino\n|move|p2a: Audino|Calm Mind|p2a: Audino\n|-boost|p2a: Audino|spa|1\n|-boost|p2a: Audino|spd|1\n|\n|-damage|p2a: Audino|255/339 brn|[from] brn\n|upkeep\n|turn|38\n|\n|t:|1770676977\n|move|p1a: Giratina|Shadow Sneak|p2a: Audino\n|-immune|p2a: Audino\n|move|p2a: Audino|Wish|p2a: Audino\n|\n|-damage|p2a: Audino|234/339 brn|[from] brn\n|upkeep\n|turn|39\n|\n|t:|1770676986\n|switch|p1a: Samurott|Samurott, L88, F|310/310\n|move|p2a: Audino|Dazzling Gleam|p1a: Samurott\n|-damage|p1a: Samurott|64/310\n|\n|-heal|p2a: Audino|339/339 brn|[from] move: Wish|[wisher] Audino\n|-damage|p2a: Audino|318/339 brn|[from] brn\n|upkeep\n|turn|40\n|\n|t:|1770676993\n|move|p1a: Samurott|Hydro Pump|p2a: Audino\n|-damage|p2a: Audino|285/339 brn\n|move|p2a: Audino|Dazzling Gleam|p1a: Samurott\n|-crit|p1a: Samurott\n|-damage|p1a: Samurott|0 fnt\n|faint|p1a: Samurott\n|\n|-damage|p2a: Audino|264/339 brn|[from] brn\n|upkeep\n|\n|t:|1770677001\n|switch|p1a: Kangaskhan|Kangaskhan-Mega, L75, F|133/281 par\n|turn|41\n|\n|t:|1770677005\n|cant|p1a: Kangaskhan|par\n|move|p2a: Audino|Dazzling Gleam|p1a: Kangaskhan\n|-damage|p1a: Kangaskhan|0 fnt\n|faint|p1a: Kangaskhan\n|detailschange|p1: Kangaskhan|Kangaskhan, L75, F|[silent]\n|\n|-damage|p2a: Audino|243/339 brn|[from] brn\n|upkeep\n|-message|soy is life forfeited.\n|\n|win|Johnald714\n|raw|soy is life's rating: 1581 &rarr; <strong>1557</strong><br />(-24 for losing)\n|raw|Johnald714's rating: 1519 &rarr; <strong>1543</strong><br />(+24 for winning)\n", "inputlog": ">version ccdc32dd7cde25fd9e4bed64820e885f66e78a4e\n>start {\"formatid\":\"gen7randombattle\",\"seed\":\"sodium,f689fd28dabf535b089afdd935c1d29b\",\"rated\":\"Rated battle\"}\n>player p1 {\"name\":\"soy is life\",\"avatar\":\"266\",\"rating\":1581,\"seed\":\"sodium,67310413deec1c88d38b6a0423884d5b\"}\n>player p2 {\"name\":\"Johnald714\",\"avatar\":\"2\",\"rating\":1519,\"seed\":\"sodium,d7e43a0f5a44e735b972a17a8e0fbe12\"}\n>p1 move fakeout\n>p2 move hiddenpower\n>p1 move knockoff\n>p2 move hiddenpower\n>p1 move knockoff\n>p2 switch 2\n>p1 switch 3\n>p2 move highjumpkick\n>p1 switch 3\n>p2 move knockoff\n>p1 move fakeout\n>p2 move knockoff\n>p1 move return\n>p2 move uturn\n>p2 switch 4\n>p1 move return\n>p2 move hypervoice\n>p1 switch 6\n>p1 move fakeout mega\n>p2 move protect\n>p1 move seismictoss\n>p2 move wish\n>p1 move seismictoss\n>p2 move protect\n>p1 move bodyslam\n>p2 move wish\n>p1 move seismictoss\n>p2 move protect\n>p1 move seismictoss\n>p2 move wish\n>p1 switch 3\n>p2 move calmmind\n>p1 move calmmind\n>p2 move hypervoice\n>p1 move calmmind\n>p2 move calmmind\n>p1 move fireblast zmove\n>p2 move calmmind\n>p1 move shadowball\n>p2 move wish\n>p1 move calmmind\n>p2 move hypervoice\n>p1 move calmmind\n>p2 move hypervoice\n>p1 move fireblast\n>p2 move hypervoice\n>p1 move fireblast\n>p2 move hypervoice\n>p1 move shadowball\n>p2 move hypervoice\n>p2 switch 3\n>p1 move shadowball\n>p2 move scald\n>p1 switch 3\n>p1 move fakeout\n>p2 switch 2\n>p2 switch 5\n>p1 move bodyslam\n>p2 move stunspore\n>p1 move seismictoss\n>p2 move woodhammer\n>p1 move bodyslam\n>p2 move dracometeor\n>p2 switch 2\n>p1 move bodyslam\n>p2 move protect\n>p1 move seismictoss\n>p2 move wish\n>p2 switch 6\n>p1 switch 2\n>p2 move calmmind mega\n>p1 move willowisp\n>p2 move calmmind\n>p1 move willowisp\n>p2 move calmmind\n>p1 move hex\n>p2 move calmmind\n>p1 move dracometeor\n>p2 move calmmind\n>p1 move dracometeor\n>p2 move calmmind\n>p1 move shadowsneak\n>p2 move wish\n>p1 switch 5\n>p2 move dazzlinggleam\n>p1 move hydropump\n>p2 move dazzlinggleam\n>p1 switch 2\n>p1 move fakeout\n>p2 move dazzlinggleam\n>forcelose p1", "uploadtime": 1770677010, "views": 202, "formatid": "gen7randombattle", "rating": 1543, "private": 0, "password": null}