{"id": "gen7randombattle-2527837848", "format": "[Gen 7] Random Battle", "players": ["may/gen3", "Proxy_Tophet"], "log": "|j|☆may/gen3\n|j|‽Proxy_Tophet\n|t:|1769586423\n|gametype|singles\n|player|p1|may/gen3|may|1751\n|player|p2|Proxy_Tophet|169|1648\n|gen|7\n|tier|[Gen 7] Random Battle\n|rated|\n|rule|Sleep Clause Mod: Limit one foe put to sleep\n|rule|HP Percentage Mod: HP is shown in percentages\n|rule|Illusion Level Mod: Illusion disguises the Pokémon's true level\n|\n|t:|1769586423\n|teamsize|p1|6\n|teamsize|p2|6\n|start\n|switch|p1a: Arbok|Arbok, L90, M|254/254\n|switch|p2a: Miltank|Miltank, L85, F|300/300\n|-ability|p1a: Arbok|Intimidate|boost\n|-unboost|p2a: Miltank|atk|1\n|turn|1\n|inactive|Battle timer is ON: inactive players will automatically lose when time's up. (requested by may/gen3)\n|c|☆may/gen3|hi\n|\n|t:|1769586447\n|switch|p2a: Solgaleo|Solgaleo, L73|320/320\n|switch|p1a: Buzzwole|Buzzwole, L79|299/299\n|\n|upkeep\n|turn|2\n|\n|t:|1769586453\n|switch|p1a: Pelipper|Pelipper, L87, M|246/246\n|-weather|RainDance|[from] ability: Drizzle|[of] p1a: Pelipper\n|move|p2a: Solgaleo|Zen Headbutt|p1a: Pelipper\n|-damage|p1a: Pelipper|171/246\n|\n|-weather|RainDance|[upkeep]\n|upkeep\n|turn|3\n|\n|t:|1769586462\n|switch|p2a: Corsola|Corsola, L96, M|280/280\n|move|p1a: Pelipper|Hydro Pump|p2a: Corsola\n|-damage|p2a: Corsola|63/280\n|\n|-weather|RainDance|[upkeep]\n|-heal|p2a: Corsola|80/280|[from] item: Leftovers\n|upkeep\n|turn|4\n|\n|t:|1769586470\n|switch|p2a: Miltank|Miltank, L85, F|300/300\n|move|p1a: Pelipper|Hydro Pump|p2a: Miltank\n|-damage|p2a: Miltank|2/300\n|\n|-weather|RainDance|[upkeep]\n|-heal|p2a: Miltank|20/300|[from] item: Leftovers\n|upkeep\n|turn|5\n|\n|t:|1769586477\n|move|p2a: Miltank|Body Slam|p1a: Pelipper\n|-damage|p1a: Pelipper|93/246\n|move|p1a: Pelipper|Hydro Pump|p2a: Miltank\n|-damage|p2a: Miltank|0 fnt\n|faint|p2a: Miltank\n|\n|-weather|RainDance|[upkeep]\n|upkeep\n|\n|t:|1769586484\n|switch|p2a: Leafeon|Leafeon, L88, F|258/258\n|turn|6\n|\n|t:|1769586499\n|switch|p2a: Solgaleo|Solgaleo, L73|320/320\n|switch|p1a: Buzzwole|Buzzwole, L79|299/299\n|\n|-weather|none\n|upkeep\n|turn|7\n|\n|t:|1769586507\n|switch|p1a: Hypno|Hypno, L97, F|322/322\n|move|p2a: Solgaleo|Zen Headbutt|p1a: Hypno\n|-resisted|p1a: Hypno\n|-damage|p1a: Hypno|278/322\n|\n|-heal|p1a: Hypno|298/322|[from] item: Leftovers\n|upkeep\n|turn|8\n|\n|t:|1769586511\n|switch|p2a: Xatu|Xatu, L89, M|260/260\n|move|p1a: Hypno|Toxic|p2a: Xatu\n|move|p2a: Xatu|Toxic|p1a: Hypno|[from] ability: Magic Bounce\n|-status|p1a: Hypno|tox\n|\n|-heal|p1a: Hypno|318/322 tox|[from] item: Leftovers\n|-damage|p1a: Hypno|298/322 tox|[from] psn\n|upkeep\n|turn|9\n|\n|t:|1769586520\n|switch|p1a: Honchkrow|Honchkrow, L83, F|302/302\n|move|p2a: Xatu|Calm Mind|p2a: Xatu\n|-boost|p2a: Xatu|spa|1\n|-boost|p2a: Xatu|spd|1\n|\n|upkeep\n|turn|10\n|\n|t:|1769586525\n|move|p2a: Xatu|Heat Wave|p1a: Honchkrow|[miss]\n|-miss|p2a: Xatu|p1a: Honchkrow\n|move|p1a: Honchkrow|Brave Bird|p2a: Xatu\n|-damage|p2a: Xatu|26/260\n|-damage|p1a: Honchkrow|225/302|[from] Recoil\n|-damage|p1a: Honchkrow|195/302|[from] item: Life Orb\n|\n|-heal|p2a: Xatu|42/260|[from] item: Leftovers\n|upkeep\n|turn|11\n|\n|t:|1769586534\n|move|p2a: Xatu|Roost|p2a: Xatu\n|-heal|p2a: Xatu|172/260\n|-singleturn|p2a: Xatu|move: Roost\n|move|p1a: Honchkrow|Brave Bird|p2a: Xatu\n|-damage|p2a: Xatu|0 fnt\n|faint|p2a: Xatu\n|-ability|p1a: Honchkrow|Moxie|boost\n|-boost|p1a: Honchkrow|atk|1\n|-damage|p1a: Honchkrow|138/302|[from] Recoil\n|-damage|p1a: Honchkrow|108/302|[from] item: Life Orb\n|\n|upkeep\n|\n|t:|1769586542\n|switch|p2a: Solgaleo|Solgaleo, L73|320/320\n|turn|12\n|\n|t:|1769586547\n|move|p1a: Honchkrow|Sucker Punch|p2a: Solgaleo\n|-supereffective|p2a: Solgaleo\n|-damage|p2a: Solgaleo|0 fnt\n|faint|p2a: Solgaleo\n|-ability|p1a: Honchkrow|Moxie|boost\n|-boost|p1a: Honchkrow|atk|1\n|-damage|p1a: Honchkrow|78/302|[from] item: Life Orb\n|\n|upkeep\n|\n|t:|1769586550\n|switch|p2a: Stantler|Stantler, L92, M|283/283\n|-ability|p2a: Stantler|Intimidate|boost\n|-unboost|p1a: Honchkrow|atk|1\n|turn|13\n|\n|t:|1769586554\n|move|p1a: Honchkrow|Sucker Punch|p2a: Stantler\n|-damage|p2a: Stantler|88/283\n|-damage|p1a: Honchkrow|48/302|[from] item: Life Orb\n|move|p2a: Stantler|Double-Edge|p1a: Honchkrow\n|-damage|p1a: Honchkrow|0 fnt\n|faint|p1a: Honchkrow\n|-damage|p2a: Stantler|72/283|[from] Recoil\n|\n|upkeep\n|\n|t:|1769586560\n|switch|p1a: Buzzwole|Buzzwole, L79|299/299\n|turn|14\n|\n|t:|1769586564\n|switch|p2a: Corsola|Corsola, L96, M|173/280\n|move|p1a: Buzzwole|Drain Punch|p2a: Corsola\n|-supereffective|p2a: Corsola\n|-crit|p2a: Corsola\n|-damage|p2a: Corsola|0 fnt\n|faint|p2a: Corsola\n|-ability|p1a: Buzzwole|Beast Boost|boost\n|-boost|p1a: Buzzwole|atk|1\n|\n|upkeep\n|\n|t:|1769586567\n|switch|p2a: Stantler|Stantler, L92, M|72/283\n|-ability|p2a: Stantler|Intimidate|boost\n|-unboost|p1a: Buzzwole|atk|1\n|turn|15\n|\n|t:|1769586569\n|move|p2a: Stantler|Double-Edge|p1a: Buzzwole\n|-damage|p1a: Buzzwole|130/299\n|-damage|p2a: Stantler|25/283|[from] item: Rocky Helmet|[of] p1a: Buzzwole\n|-damage|p2a: Stantler|0 fnt|[from] Recoil\n|faint|p2a: Stantler\n|move|p1a: Buzzwole|Drain Punch|p2: Stantler|[notarget]\n|-fail|p1a: Buzzwole\n|\n|upkeep\n|-message|Proxy_Tophet forfeited.\n|\n|win|may/gen3\n|raw|may&#x2f;gen3's rating: 1751 &rarr; <strong>1765</strong><br />(+14 for winning)\n|raw|Proxy_Tophet's rating: 1648 &rarr; <strong>1634</strong><br />(-14 for losing)\n|l|‽Proxy_Tophet\n|player|p2|\n|j|‽Proxy_Tophet\n|player|p2|Proxy_Tophet|169|\n", "inputlog": ">version b99ff0165a6231f17e8b78c2a78d1998375de664\n>start {\"formatid\":\"gen7randombattle\",\"seed\":\"sodium,f6340567806565325bcd60dc5876ecdb\",\"rated\":\"Rated battle\"}\n>player p1 {\"name\":\"may/gen3\",\"avatar\":\"may\",\"rating\":1751,\"seed\":\"sodium,5d6253930dc077ea703c38e0da578de1\"}\n>player p2 {\"name\":\"Proxy_Tophet\",\"avatar\":\"169\",\"rating\":1648,\"seed\":\"sodium,bc73051716a7abab3a43aaf4dcbde3ac\"}\n>chat ☆may/gen3|hi\n>p1 switch 3\n>p2 switch 6\n>p1 switch 2\n>p2 move zenheadbutt\n>p1 move hydropump\n>p2 switch 3\n>p1 move hydropump\n>p2 switch 6\n>p1 move hydropump\n>p2 move bodyslam\n>p2 switch 2\n>p1 switch 2\n>p2 switch 3\n>p1 switch 4\n>p2 move zenheadbutt\n>p1 move toxic\n>p2 switch 4\n>p1 switch 6\n>p2 move calmmind\n>p1 move bravebird\n>p2 move heatwave\n>p1 move bravebird\n>p2 move roost\n>p2 switch 4\n>p1 move suckerpunch\n>p2 move sunsteelstrike\n>p2 switch 5\n>p1 move suckerpunch\n>p2 move doubleedge\n>p1 switch 4\n>p1 move drainpunch\n>p2 switch 6\n>p2 switch 6\n>p1 move drainpunch\n>p2 move doubleedge\n>forcelose p2", "uploadtime": 1769586582, "views": 184, "formatid": "gen7randombattle", "rating": 1634, "private": 0, "password": null}