{"id": "gen7randombattle-2529636218", "format": "[Gen 7] Random Battle", "players": ["andrewcastle27", "I am G-d"], "log": "|j|☆andrewcastle27\n|j|☆I am G-d\n|t:|1769806406\n|gametype|singles\n|player|p1|andrewcastle27|2|1628\n|player|p2|I am G-d|cynthia-masters|1560\n|gen|7\n|tier|[Gen 7] Random Battle\n|rated|\n|rule|Sleep Clause Mod: Limit one foe put to sleep\n|rule|HP Percentage Mod: HP is shown in percentages\n|rule|Illusion Level Mod: Illusion disguises the Pokémon's true level\n|\n|t:|1769806406\n|teamsize|p1|6\n|teamsize|p2|6\n|start\n|switch|p1a: Yveltal|Yveltal, L70|291/291\n|switch|p2a: Smeargle|Smeargle, L88, M|240/240\n|-ability|p1a: Yveltal|Dark Aura\n|turn|1\n|\n|t:|1769806429\n|move|p2a: Smeargle|Spore|p1a: Yveltal\n|-status|p1a: Yveltal|slp|[from] move: Spore\n|cant|p1a: Yveltal|slp\n|\n|upkeep\n|turn|2\n|\n|t:|1769806435\n|move|p2a: Smeargle|Sticky Web|p1a: Yveltal\n|-sidestart|p1: andrewcastle27|move: Sticky Web\n|cant|p1a: Yveltal|slp\n|\n|upkeep\n|turn|3\n|\n|t:|1769806447\n|-curestatus|p1a: Yveltal|slp|[msg]\n|move|p1a: Yveltal|Knock Off|p2a: Smeargle\n|-damage|p2a: Smeargle|9/240\n|-enditem|p2a: Smeargle|Focus Sash|[from] move: Knock Off|[of] p1a: Yveltal\n|move|p2a: Smeargle|Whirlwind|p1a: Yveltal\n|drag|p1a: Klefki|Klefki, L83, M|230/230\n|-activate|p1a: Klefki|move: Sticky Web\n|-unboost|p1a: Klefki|spe|1\n|\n|upkeep\n|turn|4\n|\n|t:|1769806465\n|switch|p1a: Yveltal|Yveltal, L70|291/291\n|-ability|p1a: Yveltal|Dark Aura\n|move|p2a: Smeargle|Spore|p1a: Yveltal\n|-status|p1a: Yveltal|slp|[from] move: Spore\n|\n|upkeep\n|turn|5\n|\n|t:|1769806473\n|move|p2a: Smeargle|Spikes|p1a: Yveltal\n|-sidestart|p1: andrewcastle27|Spikes\n|cant|p1a: Yveltal|slp\n|\n|upkeep\n|turn|6\n|\n|t:|1769806477\n|move|p2a: Smeargle|Spikes|p1a: Yveltal\n|-sidestart|p1: andrewcastle27|Spikes\n|cant|p1a: Yveltal|slp\n|\n|upkeep\n|turn|7\n|\n|t:|1769806480\n|move|p2a: Smeargle|Spikes|p1a: Yveltal\n|-sidestart|p1: andrewcastle27|Spikes\n|cant|p1a: Yveltal|slp\n|\n|upkeep\n|turn|8\n|\n|t:|1769806482\n|-curestatus|p1a: Yveltal|slp|[msg]\n|move|p1a: Yveltal|Knock Off|p2a: Smeargle\n|-damage|p2a: Smeargle|0 fnt\n|faint|p2a: Smeargle\n|\n|upkeep\n|\n|t:|1769806491\n|switch|p2a: Diancie|Diancie, L74|196/196\n|turn|9\n|\n|t:|1769806500\n|switch|p1a: Exeggutor|Exeggutor, L90, F|317/317\n|-activate|p1a: Exeggutor|move: Sticky Web\n|-unboost|p1a: Exeggutor|spe|1\n|-damage|p1a: Exeggutor|238/317|[from] Spikes\n|detailschange|p2a: Diancie|Diancie-Mega, L74\n|-mega|p2a: Diancie|Diancie|Diancite\n|move|p2a: Diancie|Stealth Rock|p1a: Exeggutor\n|-sidestart|p1: andrewcastle27|move: Stealth Rock\n|\n|upkeep\n|turn|10\n|\n|t:|1769806513\n|switch|p2a: Pheromosa|Pheromosa, L75|229/229\n|move|p1a: Exeggutor|Giga Drain|p2a: Pheromosa\n|-resisted|p2a: Pheromosa\n|-damage|p2a: Pheromosa|127/229\n|-heal|p1a: Exeggutor|289/317|[from] drain|[of] p2a: Pheromosa\n|\n|upkeep\n|turn|11\n|\n|t:|1769806525\n|switch|p1a: Yveltal|Yveltal, L70|291/291\n|-damage|p1a: Yveltal|219/291|[from] Stealth Rock\n|-ability|p1a: Yveltal|Dark Aura\n|move|p2a: Pheromosa|Ice Beam|p1a: Yveltal\n|-supereffective|p1a: Yveltal\n|-damage|p1a: Yveltal|14/291\n|-damage|p2a: Pheromosa|105/229|[from] item: Life Orb\n|\n|upkeep\n|turn|12\n|\n|t:|1769806531\n|move|p1a: Yveltal|Sucker Punch|p2a: Pheromosa\n|-resisted|p2a: Pheromosa\n|-damage|p2a: Pheromosa|24/229\n|move|p2a: Pheromosa|Ice Beam|p1a: Yveltal\n|-supereffective|p1a: Yveltal\n|-damage|p1a: Yveltal|0 fnt\n|faint|p1a: Yveltal\n|-ability|p2a: Pheromosa|Beast Boost|boost\n|-boost|p2a: Pheromosa|spe|1\n|-damage|p2a: Pheromosa|2/229|[from] item: Life Orb\n|\n|upkeep\n|\n|t:|1769806542\n|switch|p1a: Pidgeot|Pidgeot, L78, M|258/258\n|-damage|p1a: Pidgeot|194/258|[from] Stealth Rock\n|turn|13\n|\n|t:|1769806549\n|detailschange|p1a: Pidgeot|Pidgeot-Mega, L78, M\n|-mega|p1a: Pidgeot|Pidgeot|Pidgeotite\n|move|p2a: Pheromosa|Ice Beam|p1a: Pidgeot\n|-supereffective|p1a: Pidgeot\n|-damage|p1a: Pidgeot|0 fnt\n|faint|p1a: Pidgeot\n|detailschange|p1: Pidgeot|Pidgeot, L78, M|[silent]\n|-ability|p2a: Pheromosa|Beast Boost|boost\n|-boost|p2a: Pheromosa|spe|1\n|-damage|p2a: Pheromosa|0 fnt|[from] item: Life Orb\n|faint|p2a: Pheromosa\n|\n|upkeep\n|c|☆andrewcastle27|wow that killed damn\n|\n|t:|1769806564\n|switch|p2a: Diancie|Diancie-Mega, L74|196/196\n|switch|p1a: Exeggutor|Exeggutor, L90, F|289/317\n|-activate|p1a: Exeggutor|move: Sticky Web\n|-unboost|p1a: Exeggutor|spe|1\n|-damage|p1a: Exeggutor|210/317|[from] Spikes\n|-damage|p1a: Exeggutor|171/317|[from] Stealth Rock\n|turn|14\n|c|☆andrewcastle27|was gonna defog\n|\n|t:|1769806573\n|switch|p2a: Rayquaza|Rayquaza, L69|259/259\n|-ability|p2a: Rayquaza|Air Lock\n|move|p1a: Exeggutor|Giga Drain|p2a: Rayquaza\n|-resisted|p2a: Rayquaza\n|-damage|p2a: Rayquaza|224/259\n|-heal|p1a: Exeggutor|189/317|[from] drain|[of] p2a: Rayquaza\n|\n|upkeep\n|turn|15\n|\n|t:|1769806581\n|move|p2a: Rayquaza|Dragon Ascent|p1a: Exeggutor\n|-supereffective|p1a: Exeggutor\n|-damage|p1a: Exeggutor|0 fnt\n|-unboost|p2a: Rayquaza|def|1\n|-unboost|p2a: Rayquaza|spd|1\n|faint|p1a: Exeggutor\n|\n|upkeep\n|\n|t:|1769806590\n|switch|p1a: Klefki|Klefki, L83, M|230/230\n|-activate|p1a: Klefki|move: Sticky Web\n|-unboost|p1a: Klefki|spe|1\n|-damage|p1a: Klefki|173/230|[from] Spikes\n|-damage|p1a: Klefki|159/230|[from] Stealth Rock\n|turn|16\n|\n|t:|1769806600\n|switch|p2a: Lapras|Lapras, L88, F|372/372\n|move|p1a: Klefki|Dazzling Gleam|p2a: Lapras\n|-damage|p2a: Lapras|309/372\n|\n|-heal|p2a: Lapras|332/372|[from] item: Leftovers\n|-heal|p1a: Klefki|173/230|[from] item: Leftovers\n|upkeep\n|turn|17\n|-message|andrewcastle27 forfeited.\n|\n|win|I am G-d\n|raw|andrewcastle27's rating: 1628 &rarr; <strong>1604</strong><br />(-24 for losing)\n|raw|I am G-d's rating: 1560 &rarr; <strong>1584</strong><br />(+24 for winning)\n|l|☆andrewcastle27\n|player|p1|\n", "inputlog": ">version b99ff0165a6231f17e8b78c2a78d1998375de664\n>start {\"formatid\":\"gen7randombattle\",\"seed\":\"sodium,db486a1ec236faad08648bb7438e2e5f\",\"rated\":\"Rated battle\"}\n>player p1 {\"name\":\"andrewcastle27\",\"avatar\":\"2\",\"rating\":1628,\"seed\":\"sodium,93994bbd1e70aa0ba1ea5820f59351d4\"}\n>player p2 {\"name\":\"I am G-d\",\"avatar\":\"cynthia-masters\",\"rating\":1560,\"seed\":\"sodium,9bd2bb94812d854a42681092e4b2d143\"}\n>p1 move knockoff\n>p2 move spore\n>p1 move knockoff\n>p2 move stickyweb\n>p1 move knockoff\n>p2 move whirlwind\n>p1 switch 4\n>p2 move spore\n>p1 move knockoff\n>p2 move spikes\n>p1 move knockoff\n>p2 move spikes\n>p1 move knockoff\n>p2 move spikes\n>p1 move knockoff\n>p2 move whirlwind\n>p2 switch 6\n>p1 switch 2\n>p2 move stealthrock mega\n>p1 move gigadrain\n>p2 switch 3\n>p1 switch 2\n>p2 move icebeam\n>p1 move suckerpunch\n>p2 move icebeam\n>p1 switch 6\n>p1 move roost mega\n>p2 move icebeam\n>chat ☆andrewcastle27|wow that killed damn\n>p1 switch 2\n>p2 switch 3\n>chat ☆andrewcastle27|was gonna defog\n>p1 move gigadrain\n>p2 switch 5\n>p1 move sleeppowder\n>p2 move dragonascent\n>p1 switch 4\n>p1 move dazzlinggleam\n>p2 switch 2\n>forcelose p1", "uploadtime": 1769806610, "views": 187, "formatid": "gen7randombattle", "rating": 1584, "private": 0, "password": null}