{"id": "gen7randombattle-2524293844", "format": "[Gen 7] Random Battle", "players": ["Nursey 29", "Kitsune247"], "log": "|j|☆Nursey 29\n|j|☆Kitsune247\n|t:|1769127758\n|gametype|singles\n|player|p1|Nursey 29|lucas|1640\n|player|p2|Kitsune247|roxie|1682\n|gen|7\n|tier|[Gen 7] Random Battle\n|rated|\n|rule|Sleep Clause Mod: Limit one foe put to sleep\n|rule|HP Percentage Mod: HP is shown in percentages\n|rule|Illusion Level Mod: Illusion disguises the Pokémon's true level\n|\n|t:|1769127758\n|teamsize|p1|6\n|teamsize|p2|6\n|start\n|switch|p1a: Clawitzer|Clawitzer, L87, M|265/265\n|switch|p2a: Manaphy|Manaphy, L77|281/281\n|turn|1\n|inactive|Battle timer is ON: inactive players will automatically lose when time's up. (requested by Kitsune247)\n|\n|t:|1769127777\n|move|p2a: Manaphy|Tail Glow|p2a: Manaphy\n|-boost|p2a: Manaphy|spa|3\n|move|p1a: Clawitzer|Dark Pulse|p2a: Manaphy\n|-damage|p2a: Manaphy|127/281\n|\n|-heal|p2a: Manaphy|144/281|[from] item: Leftovers\n|upkeep\n|turn|2\n|\n|t:|1769127787\n|move|p2a: Manaphy|Energy Ball|p1a: Clawitzer\n|-supereffective|p1a: Clawitzer\n|-damage|p1a: Clawitzer|13/265\n|move|p1a: Clawitzer|Dark Pulse|p2a: Manaphy\n|-damage|p2a: Manaphy|0 fnt\n|faint|p2a: Manaphy\n|\n|upkeep\n|\n|t:|1769127793\n|switch|p2a: Blacephalon|Blacephalon, L80|215/215\n|turn|3\n|\n|t:|1769127797\n|switch|p1a: Bouffalant|Bouffalant, L87, M|307/307\n|move|p2a: Blacephalon|Shadow Ball|p1a: Bouffalant\n|-immune|p1a: Bouffalant\n|\n|upkeep\n|turn|4\n|\n|t:|1769127802\n|switch|p2a: Granbull|Granbull, L89, F|305/305\n|-ability|p2a: Granbull|Intimidate|boost\n|-unboost|p1a: Bouffalant|atk|1\n|move|p1a: Bouffalant|Earthquake|p2a: Granbull\n|-damage|p2a: Granbull|250/305\n|\n|-heal|p2a: Granbull|269/305|[from] item: Leftovers\n|upkeep\n|turn|5\n|\n|t:|1769127813\n|switch|p1a: Kingler|Kingler, L87, M|237/237\n|switch|p2a: Blacephalon|Blacephalon, L80|215/215\n|\n|upkeep\n|turn|6\n|\n|t:|1769127821\n|switch|p2a: Celebi|Celebi, L82|298/298\n|move|p1a: Kingler|Liquidation|p2a: Celebi\n|-resisted|p2a: Celebi\n|-damage|p2a: Celebi|208/298\n|\n|-heal|p2a: Celebi|226/298|[from] item: Leftovers\n|upkeep\n|turn|7\n|\n|t:|1769127832\n|switch|p1a: Porygon2|Porygon2, L82|274/274\n|-ability|p1a: Porygon2|Natural Cure|Trace|[from] ability: Trace|[of] p2a: Celebi\n|move|p2a: Celebi|U-turn|p1a: Porygon2\n|-crit|p1a: Porygon2\n|-damage|p1a: Porygon2|229/274\n|\n|t:|1769127842\n|switch|p2a: Granbull|Granbull, L89, F|269/305|[from] U-turn\n|-ability|p2a: Granbull|Intimidate|boost\n|-unboost|p1a: Porygon2|atk|1\n|\n|-heal|p2a: Granbull|288/305|[from] item: Leftovers\n|upkeep\n|turn|8\n|\n|t:|1769127849\n|move|p1a: Porygon2|Tri Attack|p2a: Granbull\n|-damage|p2a: Granbull|173/305\n|move|p2a: Granbull|Play Rough|p1a: Porygon2\n|-crit|p1a: Porygon2\n|-damage|p1a: Porygon2|94/274\n|\n|-heal|p2a: Granbull|192/305|[from] item: Leftovers\n|upkeep\n|turn|9\n|\n|t:|1769127861\n|move|p1a: Porygon2|Recover|p1a: Porygon2\n|-heal|p1a: Porygon2|231/274\n|move|p2a: Granbull|Thunder Wave|p1a: Porygon2\n|-status|p1a: Porygon2|par\n|\n|-heal|p2a: Granbull|211/305|[from] item: Leftovers\n|upkeep\n|turn|10\n|\n|t:|1769127873\n|move|p2a: Granbull|Play Rough|p1a: Porygon2\n|-damage|p1a: Porygon2|152/274 par\n|cant|p1a: Porygon2|par\n|\n|-heal|p2a: Granbull|230/305|[from] item: Leftovers\n|upkeep\n|turn|11\n|\n|t:|1769127880\n|switch|p2a: Blacephalon|Blacephalon, L80|215/215\n|move|p1a: Porygon2|Recover|p1a: Porygon2\n|-heal|p1a: Porygon2|274/274 par\n|\n|upkeep\n|turn|12\n|\n|t:|1769127887\n|move|p2a: Blacephalon|Calm Mind|p2a: Blacephalon\n|-boost|p2a: Blacephalon|spa|1\n|-boost|p2a: Blacephalon|spd|1\n|move|p1a: Porygon2|Discharge|p2a: Blacephalon\n|-damage|p2a: Blacephalon|169/215\n|-status|p2a: Blacephalon|par\n|\n|upkeep\n|turn|13\n|\n|t:|1769127895\n|-curestatus|p1a: Porygon2|par|[from] ability: Natural Cure\n|switch|p1a: Clawitzer|Clawitzer, L87, M|13/265\n|-zpower|p2a: Blacephalon\n|move|p2a: Blacephalon|Inferno Overdrive|p1a: Clawitzer|[zeffect]\n|-resisted|p1a: Clawitzer\n|-damage|p1a: Clawitzer|0 fnt\n|faint|p1a: Clawitzer\n|-ability|p2a: Blacephalon|Beast Boost|boost\n|-boost|p2a: Blacephalon|spa|1\n|\n|upkeep\n|\n|t:|1769127911\n|switch|p1a: Bouffalant|Bouffalant, L87, M|307/307\n|turn|14\n|\n|t:|1769127918\n|move|p1a: Bouffalant|Earthquake|p2a: Blacephalon\n|-supereffective|p2a: Blacephalon\n|-damage|p2a: Blacephalon|0 fnt\n|faint|p2a: Blacephalon\n|\n|upkeep\n|\n|t:|1769127920\n|switch|p2a: Celebi|Celebi, L82|226/298\n|turn|15\n|\n|t:|1769127924\n|move|p2a: Celebi|U-turn|p1a: Bouffalant\n|-damage|p1a: Bouffalant|265/307\n|\n|t:|1769127926\n|switch|p2a: Granbull|Granbull, L89, F|230/305|[from] U-turn\n|-ability|p2a: Granbull|Intimidate|boost\n|-unboost|p1a: Bouffalant|atk|1\n|move|p1a: Bouffalant|Swords Dance|p1a: Bouffalant\n|-boost|p1a: Bouffalant|atk|2\n|\n|-heal|p1a: Bouffalant|284/307|[from] item: Leftovers\n|-heal|p2a: Granbull|249/305|[from] item: Leftovers\n|upkeep\n|turn|16\n|\n|t:|1769127935\n|move|p1a: Bouffalant|Head Charge|p2a: Granbull\n|-damage|p2a: Granbull|0 fnt\n|faint|p2a: Granbull\n|-damage|p1a: Bouffalant|222/307|[from] Recoil\n|\n|-heal|p1a: Bouffalant|241/307|[from] item: Leftovers\n|upkeep\n|\n|t:|1769127943\n|switch|p2a: Celebi|Celebi, L82|226/298\n|turn|17\n|\n|t:|1769127945\n|move|p2a: Celebi|Thunder Wave|p1a: Bouffalant\n|-status|p1a: Bouffalant|par\n|move|p1a: Bouffalant|Head Charge|p2a: Celebi\n|-damage|p2a: Celebi|0 fnt\n|faint|p2a: Celebi\n|-damage|p1a: Bouffalant|184/307 par|[from] Recoil\n|\n|-heal|p1a: Bouffalant|203/307 par|[from] item: Leftovers\n|upkeep\n|\n|t:|1769127950\n|switch|p2a: Lunala|Lunala, L72|316/316\n|turn|18\n|\n|t:|1769127965\n|switch|p1a: Porygon2|Porygon2, L82|274/274\n|-ability|p1a: Porygon2|Shadow Shield|Trace|[from] ability: Trace|[of] p2a: Lunala\n|move|p2a: Lunala|Calm Mind|p2a: Lunala\n|-boost|p2a: Lunala|spa|1\n|-boost|p2a: Lunala|spd|1\n|\n|upkeep\n|turn|19\n|\n|t:|1769127974\n|move|p2a: Lunala|Calm Mind|p2a: Lunala\n|-boost|p2a: Lunala|spa|1\n|-boost|p2a: Lunala|spd|1\n|move|p1a: Porygon2|Toxic|p2a: Lunala\n|-status|p2a: Lunala|tox\n|\n|-damage|p2a: Lunala|297/316 tox|[from] psn\n|upkeep\n|turn|20\n|\n|t:|1769127985\n|move|p2a: Lunala|Calm Mind|p2a: Lunala\n|-boost|p2a: Lunala|spa|1\n|-boost|p2a: Lunala|spd|1\n|move|p1a: Porygon2|Discharge|p2a: Lunala\n|-damage|p2a: Lunala|274/316 tox\n|\n|-heal|p2a: Lunala|293/316 tox|[from] item: Leftovers\n|-damage|p2a: Lunala|255/316 tox|[from] psn\n|upkeep\n|turn|21\n|\n|t:|1769127994\n|move|p2a: Lunala|Moonblast|p1a: Porygon2\n|-damage|p1a: Porygon2|225/274\n|move|p1a: Porygon2|Discharge|p2a: Lunala\n|-damage|p2a: Lunala|231/316 tox\n|\n|-heal|p2a: Lunala|250/316 tox|[from] item: Leftovers\n|-damage|p2a: Lunala|193/316 tox|[from] psn\n|upkeep\n|turn|22\n|-message|Kitsune247 forfeited.\n|\n|win|Nursey 29\n|raw|Nursey 29's rating: 1640 &rarr; <strong>1662</strong><br />(+22 for winning)\n|raw|Kitsune247's rating: 1682 &rarr; <strong>1660</strong><br />(-22 for losing)\n|l|☆Kitsune247\n|player|p2|\n", "inputlog": ">version dd3d52b8382d73d1dd2c67730c4067df325ab790\n>start {\"formatid\":\"gen7randombattle\",\"seed\":\"sodium,287f50a8b93cbe539ac70f13272f7362\",\"rated\":\"Rated battle\"}\n>player p1 {\"name\":\"Nursey 29\",\"avatar\":\"lucas\",\"rating\":1640,\"seed\":\"sodium,ab2f96e4e9ae5b052c2a96f60f1dd482\"}\n>player p2 {\"name\":\"Kitsune247\",\"avatar\":\"roxie\",\"rating\":1682,\"seed\":\"sodium,819e6957cc674fde64321f89d14823ac\"}\n>p1 move darkpulse\n>p2 move tailglow\n>p1 move darkpulse\n>p2 move energyball\n>p2 switch 6\n>p1 switch 6\n>p2 move shadowball\n>p1 move earthquake\n>p2 switch 2\n>p1 switch 2\n>p2 switch 2\n>p1 move liquidation\n>p2 switch 5\n>p1 switch 4\n>p2 move uturn\n>p2 switch 2\n>p1 move triattack\n>p2 move playrough\n>p1 move recover\n>p2 move thunderwave\n>p1 move triattack\n>p2 move playrough\n>p1 move recover\n>p2 switch 5\n>p1 move discharge\n>p2 move calmmind\n>p1 switch 6\n>p2 move fireblast zmove\n>p1 switch 2\n>p1 move earthquake\n>p2 move fireblast\n>p2 switch 2\n>p1 move swordsdance\n>p2 move uturn\n>p2 switch 5\n>p1 move headcharge\n>p2 move thunderwave\n>p2 switch 5\n>p1 move headcharge\n>p2 move thunderwave\n>p2 switch 4\n>p1 switch 6\n>p2 move calmmind\n>p1 move toxic\n>p2 move calmmind\n>p1 move discharge\n>p2 move calmmind\n>p1 move discharge\n>p2 move moonblast\n>forcelose p2", "uploadtime": 1769128008, "views": 148, "formatid": "gen7randombattle", "rating": 1660, "private": 0, "password": null}