{"id": "gen7randombattle-2533704673", "format": "[Gen 7] Random Battle", "players": ["MatthewDirt", "plop in my pants"], "log": "|j|☆MatthewDirt\n|j|☆plop in my pants\n|t:|1770330944\n|gametype|singles\n|player|p1|MatthewDirt|youngn|1608\n|player|p2|plop in my pants|teamrocket|1760\n|gen|7\n|tier|[Gen 7] Random Battle\n|rated|\n|rule|Sleep Clause Mod: Limit one foe put to sleep\n|rule|HP Percentage Mod: HP is shown in percentages\n|rule|Illusion Level Mod: Illusion disguises the Pokémon's true level\n|\n|t:|1770330944\n|teamsize|p1|6\n|teamsize|p2|6\n|start\n|switch|p1a: Umbreon|Umbreon, L84, M|297/297\n|switch|p2a: Ludicolo|Ludicolo, L89, F|287/287\n|turn|1\n|inactive|Battle timer is ON: inactive players will automatically lose when time's up. (requested by MatthewDirt)\n|\n|t:|1770330960\n|switch|p2a: Lucario|Lucario, L74, F|226/226\n|move|p1a: Umbreon|Toxic|p2a: Lucario\n|-immune|p2a: Lucario\n|\n|upkeep\n|turn|2\n|\n|t:|1770330974\n|switch|p1a: Gliscor|Gliscor, L78, M|245/245\n|detailschange|p2a: Lucario|Lucario-Mega, L74, F\n|-mega|p2a: Lucario|Lucario|Lucarionite\n|move|p2a: Lucario|Flash Cannon|p1a: Gliscor\n|-damage|p1a: Gliscor|101/245\n|\n|-status|p1a: Gliscor|tox|[from] item: Toxic Orb\n|upkeep\n|turn|3\n|\n|t:|1770330985\n|move|p1a: Gliscor|Protect|p1a: Gliscor\n|-singleturn|p1a: Gliscor|Protect\n|move|p2a: Lucario|Nasty Plot|p2a: Lucario\n|-boost|p2a: Lucario|spa|2\n|\n|-heal|p1a: Gliscor|131/245 tox|[from] ability: Poison Heal\n|upkeep\n|turn|4\n|\n|t:|1770331003\n|switch|p1a: Umbreon|Umbreon, L84, M|297/297\n|move|p2a: Lucario|Flash Cannon|p1a: Umbreon\n|-damage|p1a: Umbreon|131/297\n|\n|-heal|p1a: Umbreon|149/297|[from] item: Leftovers\n|upkeep\n|turn|5\n|\n|t:|1770331011\n|move|p2a: Lucario|Nasty Plot|p2a: Lucario\n|-boost|p2a: Lucario|spa|2\n|move|p1a: Umbreon|Foul Play|p2a: Lucario\n|-resisted|p2a: Lucario\n|-damage|p2a: Lucario|172/226\n|\n|-heal|p1a: Umbreon|167/297|[from] item: Leftovers\n|upkeep\n|turn|6\n|\n|t:|1770331015\n|move|p2a: Lucario|Aura Sphere|p1a: Umbreon\n|-supereffective|p1a: Umbreon\n|-damage|p1a: Umbreon|0 fnt\n|faint|p1a: Umbreon\n|\n|upkeep\n|\n|t:|1770331041\n|switch|p1a: Arceus|Arceus-Fire, L72|291/291\n|turn|7\n|\n|t:|1770331061\n|switch|p2a: Golem|Golem, L86, F|278/278\n|-zpower|p1a: Arceus\n|move|p1a: Arceus|Inferno Overdrive|p2a: Golem|[zeffect]\n|-resisted|p2a: Golem\n|-damage|p2a: Golem|177/278\n|\n|upkeep\n|turn|8\n|\n|t:|1770331069\n|move|p1a: Arceus|Energy Ball|p2a: Golem\n|-supereffective|p2a: Golem\n|-damage|p2a: Golem|0 fnt\n|faint|p2a: Golem\n|\n|upkeep\n|\n|t:|1770331080\n|switch|p2a: Mudsdale|Mudsdale, L83, F|302/302\n|turn|9\n|\n|t:|1770331094\n|switch|p1a: Gliscor|Gliscor, L78, M|131/245 tox\n|move|p2a: Mudsdale|Stealth Rock|p1a: Gliscor\n|-sidestart|p1: MatthewDirt|move: Stealth Rock\n|\n|-heal|p1a: Gliscor|161/245 tox|[from] ability: Poison Heal\n|upkeep\n|turn|10\n|\n|t:|1770331109\n|switch|p2a: Tropius|Tropius, L94, M|336/336\n|move|p1a: Gliscor|Toxic|p2a: Tropius\n|-status|p2a: Tropius|tox\n|\n|-heal|p1a: Gliscor|191/245 tox|[from] ability: Poison Heal\n|-damage|p2a: Tropius|315/336 tox|[from] psn\n|upkeep\n|turn|11\n|\n|t:|1770331114\n|move|p1a: Gliscor|Substitute|p1a: Gliscor\n|-start|p1a: Gliscor|Substitute\n|-damage|p1a: Gliscor|130/245 tox\n|move|p2a: Tropius|Air Slash|p1a: Gliscor\n|-end|p1a: Gliscor|Substitute\n|\n|-heal|p1a: Gliscor|160/245 tox|[from] ability: Poison Heal\n|-damage|p2a: Tropius|273/336 tox|[from] psn\n|upkeep\n|turn|12\n|\n|t:|1770331119\n|move|p1a: Gliscor|Protect|p1a: Gliscor\n|-singleturn|p1a: Gliscor|Protect\n|move|p2a: Tropius|Air Slash|p1a: Gliscor\n|-activate|p1a: Gliscor|move: Protect\n|\n|-heal|p1a: Gliscor|190/245 tox|[from] ability: Poison Heal\n|-damage|p2a: Tropius|210/336 tox|[from] psn\n|upkeep\n|turn|13\n|\n|t:|1770331121\n|move|p1a: Gliscor|Substitute|p1a: Gliscor\n|-start|p1a: Gliscor|Substitute\n|-damage|p1a: Gliscor|129/245 tox\n|move|p2a: Tropius|Air Slash|p1a: Gliscor\n|-end|p1a: Gliscor|Substitute\n|\n|-heal|p1a: Gliscor|159/245 tox|[from] ability: Poison Heal\n|-damage|p2a: Tropius|126/336 tox|[from] psn\n|upkeep\n|-enditem|p2a: Tropius|Sitrus Berry|[eat]\n|-heal|p2a: Tropius|210/336 tox|[from] item: Sitrus Berry\n|turn|14\n|\n|t:|1770331124\n|move|p1a: Gliscor|Protect|p1a: Gliscor\n|-singleturn|p1a: Gliscor|Protect\n|move|p2a: Tropius|Air Slash|p1a: Gliscor\n|-activate|p1a: Gliscor|move: Protect\n|\n|-heal|p1a: Gliscor|189/245 tox|[from] ability: Poison Heal\n|-damage|p2a: Tropius|105/336 tox|[from] psn\n|upkeep\n|turn|15\n|\n|t:|1770331129\n|move|p1a: Gliscor|Substitute|p1a: Gliscor\n|-start|p1a: Gliscor|Substitute\n|-damage|p1a: Gliscor|128/245 tox\n|move|p2a: Tropius|Air Slash|p1a: Gliscor\n|-end|p1a: Gliscor|Substitute\n|\n|-heal|p1a: Gliscor|158/245 tox|[from] ability: Poison Heal\n|-damage|p2a: Tropius|0 fnt|[from] psn\n|faint|p2a: Tropius\n|upkeep\n|\n|t:|1770331139\n|switch|p2a: Ludicolo|Ludicolo, L89, F|287/287\n|turn|16\n|\n|t:|1770331146\n|switch|p1a: Arceus|Arceus-Fire, L72|291/291\n|-damage|p1a: Arceus|219/291|[from] Stealth Rock\n|move|p2a: Ludicolo|Ice Beam|p1a: Arceus\n|-resisted|p1a: Arceus\n|-damage|p1a: Arceus|183/291\n|-damage|p2a: Ludicolo|259/287|[from] item: Life Orb\n|\n|upkeep\n|turn|17\n|\n|t:|1770331157\n|switch|p1a: Accelgor|Accelgor, L90, M|290/290\n|-damage|p1a: Accelgor|218/290|[from] Stealth Rock\n|move|p2a: Ludicolo|Rain Dance|p2a: Ludicolo\n|-weather|RainDance\n|\n|-weather|RainDance|[upkeep]\n|upkeep\n|turn|18\n|\n|t:|1770331163\n|move|p2a: Ludicolo|Hydro Pump|p1a: Accelgor\n|-damage|p1a: Accelgor|0 fnt\n|faint|p1a: Accelgor\n|-damage|p2a: Ludicolo|231/287|[from] item: Life Orb\n|\n|-weather|RainDance|[upkeep]\n|upkeep\n|\n|t:|1770331170\n|switch|p1a: Dialga|Dialga, L74|270/270\n|-damage|p1a: Dialga|254/270|[from] Stealth Rock\n|-ability|p1a: Dialga|Pressure\n|turn|19\n|\n|t:|1770331180\n|switch|p2a: Pangoro|Pangoro, L86, M|304/304\n|move|p1a: Dialga|Stealth Rock|p2a: Pangoro\n|-sidestart|p2: plop in my pants|move: Stealth Rock\n|\n|-weather|RainDance|[upkeep]\n|-heal|p1a: Dialga|270/270|[from] item: Leftovers\n|upkeep\n|turn|20\n|\n|t:|1770331187\n|switch|p1a: Xatu|Xatu, L89, M|260/260\n|-damage|p1a: Xatu|195/260|[from] Stealth Rock\n|move|p2a: Pangoro|Drain Punch|p1a: Xatu\n|-resisted|p1a: Xatu\n|-damage|p1a: Xatu|151/260\n|-damage|p2a: Pangoro|274/304|[from] item: Life Orb\n|\n|-weather|RainDance|[upkeep]\n|-heal|p1a: Xatu|167/260|[from] item: Leftovers\n|upkeep\n|turn|21\n|\n|t:|1770331204\n|switch|p1a: Dialga|Dialga, L74|270/270\n|-damage|p1a: Dialga|254/270|[from] Stealth Rock\n|-ability|p1a: Dialga|Pressure\n|move|p2a: Pangoro|Knock Off|p1a: Dialga\n|-damage|p1a: Dialga|98/270\n|-enditem|p1a: Dialga|Leftovers|[from] move: Knock Off|[of] p2a: Pangoro\n|-damage|p2a: Pangoro|244/304|[from] item: Life Orb\n|\n|-weather|none\n|upkeep\n|turn|22\n|\n|t:|1770331212\n|move|p1a: Dialga|Draco Meteor|p2a: Pangoro\n|-damage|p2a: Pangoro|58/304\n|-unboost|p1a: Dialga|spa|2\n|move|p2a: Pangoro|Drain Punch|p1a: Dialga\n|-supereffective|p1a: Dialga\n|-damage|p1a: Dialga|0 fnt\n|-heal|p2a: Pangoro|107/304|[from] drain|[of] p1a: Dialga\n|faint|p1a: Dialga\n|-damage|p2a: Pangoro|77/304|[from] item: Life Orb\n|\n|upkeep\n|\n|t:|1770331226\n|switch|p1a: Gliscor|Gliscor, L78, M|158/245 tox\n|-damage|p1a: Gliscor|128/245 tox|[from] Stealth Rock\n|turn|23\n|\n|t:|1770331229\n|move|p1a: Gliscor|Earthquake|p2a: Pangoro\n|-damage|p2a: Pangoro|0 fnt\n|faint|p2a: Pangoro\n|\n|-heal|p1a: Gliscor|158/245 tox|[from] ability: Poison Heal\n|upkeep\n|\n|t:|1770331235\n|switch|p2a: Ludicolo|Ludicolo, L89, F|231/287\n|-damage|p2a: Ludicolo|196/287|[from] Stealth Rock\n|turn|24\n|\n|t:|1770331255\n|switch|p1a: Xatu|Xatu, L89, M|167/260\n|-damage|p1a: Xatu|102/260|[from] Stealth Rock\n|move|p2a: Ludicolo|Ice Beam|p1a: Xatu\n|-supereffective|p1a: Xatu\n|-damage|p1a: Xatu|0 fnt\n|faint|p1a: Xatu\n|-damage|p2a: Ludicolo|168/287|[from] item: Life Orb\n|\n|upkeep\n|\n|t:|1770331257\n|switch|p1a: Gliscor|Gliscor, L78, M|158/245 tox\n|-damage|p1a: Gliscor|128/245 tox|[from] Stealth Rock\n|turn|25\n|\n|t:|1770331264\n|move|p1a: Gliscor|Protect|p1a: Gliscor\n|-singleturn|p1a: Gliscor|Protect\n|move|p2a: Ludicolo|Ice Beam|p1a: Gliscor\n|-activate|p1a: Gliscor|move: Protect\n|\n|-heal|p1a: Gliscor|158/245 tox|[from] ability: Poison Heal\n|upkeep\n|turn|26\n|\n|t:|1770331267\n|move|p1a: Gliscor|Substitute|p1a: Gliscor\n|-start|p1a: Gliscor|Substitute\n|-damage|p1a: Gliscor|97/245 tox\n|move|p2a: Ludicolo|Ice Beam|p1a: Gliscor\n|-supereffective|p1a: Gliscor\n|-crit|p1a: Gliscor\n|-end|p1a: Gliscor|Substitute\n|-damage|p2a: Ludicolo|140/287|[from] item: Life Orb\n|\n|-heal|p1a: Gliscor|127/245 tox|[from] ability: Poison Heal\n|upkeep\n|turn|27\n|\n|t:|1770331269\n|move|p1a: Gliscor|Protect|p1a: Gliscor\n|-singleturn|p1a: Gliscor|Protect\n|move|p2a: Ludicolo|Ice Beam|p1a: Gliscor\n|-activate|p1a: Gliscor|move: Protect\n|\n|-heal|p1a: Gliscor|157/245 tox|[from] ability: Poison Heal\n|upkeep\n|turn|28\n|\n|t:|1770331272\n|move|p1a: Gliscor|Substitute|p1a: Gliscor\n|-start|p1a: Gliscor|Substitute\n|-damage|p1a: Gliscor|96/245 tox\n|move|p2a: Ludicolo|Giga Drain|p1a: Gliscor\n|-end|p1a: Gliscor|Substitute\n|-heal|p2a: Ludicolo|171/287|[from] drain|[of] p1a: Gliscor\n|-damage|p2a: Ludicolo|143/287|[from] item: Life Orb\n|\n|-heal|p1a: Gliscor|126/245 tox|[from] ability: Poison Heal\n|upkeep\n|turn|29\n|\n|t:|1770331275\n|move|p1a: Gliscor|Protect|p1a: Gliscor\n|-singleturn|p1a: Gliscor|Protect\n|move|p2a: Ludicolo|Ice Beam|p1a: Gliscor\n|-activate|p1a: Gliscor|move: Protect\n|\n|-heal|p1a: Gliscor|156/245 tox|[from] ability: Poison Heal\n|upkeep\n|turn|30\n|\n|t:|1770331278\n|move|p1a: Gliscor|Substitute|p1a: Gliscor\n|-start|p1a: Gliscor|Substitute\n|-damage|p1a: Gliscor|95/245 tox\n|move|p2a: Ludicolo|Ice Beam|p1a: Gliscor\n|-supereffective|p1a: Gliscor\n|-end|p1a: Gliscor|Substitute\n|-damage|p2a: Ludicolo|115/287|[from] item: Life Orb\n|\n|-heal|p1a: Gliscor|125/245 tox|[from] ability: Poison Heal\n|upkeep\n|turn|31\n|\n|t:|1770331289\n|move|p1a: Gliscor|Protect|p1a: Gliscor\n|-singleturn|p1a: Gliscor|Protect\n|move|p2a: Ludicolo|Giga Drain|p1a: Gliscor\n|-activate|p1a: Gliscor|move: Protect\n|\n|-heal|p1a: Gliscor|155/245 tox|[from] ability: Poison Heal\n|upkeep\n|turn|32\n|\n|t:|1770331291\n|move|p1a: Gliscor|Substitute|p1a: Gliscor\n|-start|p1a: Gliscor|Substitute\n|-damage|p1a: Gliscor|94/245 tox\n|move|p2a: Ludicolo|Ice Beam|p1a: Gliscor\n|-supereffective|p1a: Gliscor\n|-end|p1a: Gliscor|Substitute\n|-damage|p2a: Ludicolo|87/287|[from] item: Life Orb\n|\n|-heal|p1a: Gliscor|124/245 tox|[from] ability: Poison Heal\n|upkeep\n|turn|33\n|\n|t:|1770331296\n|move|p1a: Gliscor|Protect|p1a: Gliscor\n|-singleturn|p1a: Gliscor|Protect\n|move|p2a: Ludicolo|Ice Beam|p1a: Gliscor\n|-activate|p1a: Gliscor|move: Protect\n|\n|-heal|p1a: Gliscor|154/245 tox|[from] ability: Poison Heal\n|upkeep\n|turn|34\n|\n|t:|1770331299\n|move|p1a: Gliscor|Substitute|p1a: Gliscor\n|-start|p1a: Gliscor|Substitute\n|-damage|p1a: Gliscor|93/245 tox\n|move|p2a: Ludicolo|Ice Beam|p1a: Gliscor\n|-supereffective|p1a: Gliscor\n|-end|p1a: Gliscor|Substitute\n|-damage|p2a: Ludicolo|59/287|[from] item: Life Orb\n|\n|-heal|p1a: Gliscor|123/245 tox|[from] ability: Poison Heal\n|upkeep\n|turn|35\n|\n|t:|1770331307\n|move|p1a: Gliscor|Protect|p1a: Gliscor\n|-singleturn|p1a: Gliscor|Protect\n|move|p2a: Ludicolo|Ice Beam|p1a: Gliscor\n|-activate|p1a: Gliscor|move: Protect\n|\n|-heal|p1a: Gliscor|153/245 tox|[from] ability: Poison Heal\n|upkeep\n|turn|36\n|\n|t:|1770331311\n|move|p1a: Gliscor|Substitute|p1a: Gliscor\n|-start|p1a: Gliscor|Substitute\n|-damage|p1a: Gliscor|92/245 tox\n|move|p2a: Ludicolo|Giga Drain|p1a: Gliscor\n|-end|p1a: Gliscor|Substitute\n|-heal|p2a: Ludicolo|90/287|[from] drain|[of] p1a: Gliscor\n|-damage|p2a: Ludicolo|62/287|[from] item: Life Orb\n|\n|-heal|p1a: Gliscor|122/245 tox|[from] ability: Poison Heal\n|upkeep\n|turn|37\n|\n|t:|1770331317\n|move|p1a: Gliscor|Protect|p1a: Gliscor\n|-singleturn|p1a: Gliscor|Protect\n|move|p2a: Ludicolo|Rain Dance|p2a: Ludicolo\n|-weather|RainDance\n|\n|-weather|RainDance|[upkeep]\n|-heal|p1a: Gliscor|152/245 tox|[from] ability: Poison Heal\n|upkeep\n|turn|38\n|\n|t:|1770331325\n|move|p2a: Ludicolo|Hydro Pump|p1a: Gliscor\n|-supereffective|p1a: Gliscor\n|-damage|p1a: Gliscor|0 fnt\n|faint|p1a: Gliscor\n|-damage|p2a: Ludicolo|34/287|[from] item: Life Orb\n|\n|-weather|RainDance|[upkeep]\n|upkeep\n|\n|t:|1770331327\n|switch|p1a: Arceus|Arceus-Fire, L72|183/291\n|-damage|p1a: Arceus|111/291|[from] Stealth Rock\n|turn|39\n|\n|t:|1770331330\n|move|p2a: Ludicolo|Hydro Pump|p1a: Arceus\n|-supereffective|p1a: Arceus\n|-damage|p1a: Arceus|0 fnt\n|faint|p1a: Arceus\n|-damage|p2a: Ludicolo|6/287|[from] item: Life Orb\n|\n|win|plop in my pants\n|raw|MatthewDirt's rating: 1608 &rarr; <strong>1596</strong><br />(-12 for losing)\n|raw|plop in my pants's rating: 1760 &rarr; <strong>1772</strong><br />(+12 for winning)\n|l|☆MatthewDirt\n|player|p1|\n", "inputlog": ">version ccdc32dd7cde25fd9e4bed64820e885f66e78a4e\n>start {\"formatid\":\"gen7randombattle\",\"seed\":\"sodium,741d8153224b9c6e123872cb6221302c\",\"rated\":\"Rated battle\"}\n>player p1 {\"name\":\"MatthewDirt\",\"avatar\":\"youngn\",\"rating\":1608,\"seed\":\"sodium,e7e5960b7e7fa9ca8f14a7e6dcdc8cde\"}\n>player p2 {\"name\":\"plop in my pants\",\"avatar\":\"teamrocket\",\"rating\":1760,\"seed\":\"sodium,44b101318ac88d09c55179b11a5a673c\"}\n>p1 move toxic\n>p2 switch 4\n>p1 switch 2\n>p2 move flashcannon mega\n>p1 move protect\n>p2 move nastyplot\n>p1 switch 2\n>p2 move flashcannon\n>p1 move foulplay\n>p2 move nastyplot\n>p1 move foulplay\n>p2 move aurasphere\n>p1 switch 3\n>p1 move fireblast zmove\n>p2 switch 5\n>p1 move energyball\n>p2 move stoneedge\n>p2 switch 6\n>p1 switch 2\n>p2 move stealthrock\n>p1 move toxic\n>p2 switch 2\n>p1 move substitute\n>p2 move airslash\n>p1 move protect\n>p2 move airslash\n>p1 move substitute\n>p2 move airslash\n>p1 move protect\n>p2 move airslash\n>p1 move substitute\n>p2 move airslash\n>p2 switch 4\n>p1 switch 2\n>p2 move icebeam\n>p1 switch 4\n>p2 move raindance\n>p1 move bugbuzz\n>p2 move hydropump\n>p1 switch 5\n>p1 move stealthrock\n>p2 switch 3\n>p1 switch 6\n>p2 move drainpunch\n>p1 switch 6\n>p2 move knockoff\n>p1 move dracometeor\n>p2 move drainpunch\n>p1 switch 2\n>p1 move earthquake\n>p2 move knockoff\n>p2 switch 3\n>p1 switch 6\n>p2 move icebeam\n>p1 switch 6\n>p1 move protect\n>p2 move icebeam\n>p1 move substitute\n>p2 move icebeam\n>p1 move protect\n>p2 move icebeam\n>p1 move substitute\n>p2 move gigadrain\n>p1 move protect\n>p2 move icebeam\n>p1 move substitute\n>p2 move icebeam\n>p1 move protect\n>p2 move gigadrain\n>p1 move substitute\n>p2 move icebeam\n>p1 move protect\n>p2 move icebeam\n>p1 move substitute\n>p2 move icebeam\n>p1 move protect\n>p2 move icebeam\n>p1 move substitute\n>p2 move gigadrain\n>p1 move protect\n>p2 move raindance\n>p1 move earthquake\n>p2 move hydropump\n>p1 switch 4\n>p1 move energyball\n>p2 move hydropump", "uploadtime": 1770331332, "views": 186, "formatid": "gen7randombattle", "rating": 1596, "private": 0, "password": null}