{"id": "gen7randombattle-2534777880", "format": "[Gen 7] Random Battle", "players": ["imsobaked", "Unkel"], "log": "|j|☆imsobaked\n|j|☆Unkel\n|t:|1770476026\n|gametype|singles\n|player|p1|imsobaked|hiker-gen4|1580\n|player|p2|Unkel|1|1529\n|gen|7\n|tier|[Gen 7] Random Battle\n|rated|\n|rule|Sleep Clause Mod: Limit one foe put to sleep\n|rule|HP Percentage Mod: HP is shown in percentages\n|rule|Illusion Level Mod: Illusion disguises the Pokémon's true level\n|\n|t:|1770476026\n|teamsize|p1|6\n|teamsize|p2|6\n|start\n|switch|p1a: Jynx|Jynx, L89, F|260/260\n|switch|p2a: Magmortar|Magmortar, L88, M|275/275\n|turn|1\n|\n|t:|1770476036\n|switch|p1a: Rapidash|Rapidash, L87, M|255/255\n|move|p2a: Magmortar|Fire Blast|p1a: Rapidash\n|-start|p1a: Rapidash|ability: Flash Fire\n|\n|upkeep\n|turn|2\n|inactive|Battle timer is ON: inactive players will automatically lose when time's up. (requested by Unkel)\n|\n|t:|1770476042\n|move|p1a: Rapidash|Flare Blitz|p2a: Magmortar\n|-resisted|p2a: Magmortar\n|-damage|p2a: Magmortar|156/275\n|-damage|p1a: Rapidash|216/255|[from] Recoil\n|move|p2a: Magmortar|Thunderbolt|p1a: Rapidash\n|-damage|p1a: Rapidash|121/255\n|\n|-heal|p1a: Rapidash|136/255|[from] item: Leftovers\n|-heal|p2a: Magmortar|173/275|[from] item: Leftovers\n|upkeep\n|turn|3\n|\n|t:|1770476050\n|move|p1a: Rapidash|Morning Sun|p1a: Rapidash\n|-heal|p1a: Rapidash|255/255\n|move|p2a: Magmortar|Thunderbolt|p1a: Rapidash\n|-damage|p1a: Rapidash|166/255\n|\n|-heal|p1a: Rapidash|181/255|[from] item: Leftovers\n|-heal|p2a: Magmortar|190/275|[from] item: Leftovers\n|upkeep\n|turn|4\n|\n|t:|1770476055\n|move|p1a: Rapidash|High Horsepower|p2a: Magmortar\n|-supereffective|p2a: Magmortar\n|-damage|p2a: Magmortar|22/275\n|move|p2a: Magmortar|Thunderbolt|p1a: Rapidash\n|-damage|p1a: Rapidash|85/255\n|\n|-heal|p1a: Rapidash|100/255|[from] item: Leftovers\n|-heal|p2a: Magmortar|39/275|[from] item: Leftovers\n|upkeep\n|turn|5\n|\n|t:|1770476065\n|switch|p2a: Audino|Audino, L91, F|335/335\n|move|p1a: Rapidash|Morning Sun|p1a: Rapidash\n|-heal|p1a: Rapidash|227/255\n|\n|-heal|p1a: Rapidash|242/255|[from] item: Leftovers\n|upkeep\n|turn|6\n|\n|t:|1770476069\n|move|p1a: Rapidash|Flare Blitz|p2a: Audino\n|-damage|p2a: Audino|127/335\n|-damage|p1a: Rapidash|200/255|[from] item: Rocky Helmet|[of] p2a: Audino\n|-damage|p1a: Rapidash|131/255|[from] Recoil\n|move|p2a: Audino|Toxic|p1a: Rapidash\n|-status|p1a: Rapidash|tox\n|\n|-heal|p1a: Rapidash|146/255 tox|[from] item: Leftovers\n|-damage|p1a: Rapidash|131/255 tox|[from] psn\n|upkeep\n|turn|7\n|\n|t:|1770476076\n|move|p2a: Audino|Protect|p2a: Audino\n|-singleturn|p2a: Audino|Protect\n|move|p1a: Rapidash|Morning Sun|p1a: Rapidash\n|-heal|p1a: Rapidash|255/255 tox\n|\n|-damage|p1a: Rapidash|225/255 tox|[from] psn\n|upkeep\n|turn|8\n|\n|t:|1770476086\n|switch|p2a: Magmortar|Magmortar, L88, M|39/275\n|move|p1a: Rapidash|Flare Blitz|p2a: Magmortar\n|-resisted|p2a: Magmortar\n|-damage|p2a: Magmortar|0 fnt\n|faint|p2a: Magmortar\n|-damage|p1a: Rapidash|212/255 tox|[from] Recoil\n|\n|-heal|p1a: Rapidash|227/255 tox|[from] item: Leftovers\n|-damage|p1a: Rapidash|182/255 tox|[from] psn\n|upkeep\n|\n|t:|1770476092\n|switch|p2a: Audino|Audino, L91, F|238/335\n|turn|9\n|\n|t:|1770476099\n|move|p1a: Rapidash|Flare Blitz|p2a: Audino\n|-damage|p2a: Audino|51/335\n|-damage|p1a: Rapidash|140/255 tox|[from] item: Rocky Helmet|[of] p2a: Audino\n|-damage|p1a: Rapidash|78/255 tox|[from] Recoil\n|move|p2a: Audino|Wish|p2a: Audino\n|\n|-heal|p1a: Rapidash|93/255 tox|[from] item: Leftovers\n|-damage|p1a: Rapidash|33/255 tox|[from] psn\n|upkeep\n|turn|10\n|\n|t:|1770476111\n|move|p1a: Rapidash|Flare Blitz|p2a: Audino\n|-damage|p2a: Audino|0 fnt\n|-damage|p1a: Rapidash|0 fnt|[from] item: Rocky Helmet|[of] p2a: Audino\n|faint|p2a: Audino\n|faint|p1a: Rapidash\n|\n|upkeep\n|\n|t:|1770476120\n|switch|p1a: Incineroar|Incineroar, L82, M|290/290\n|switch|p2a: Vanilluxe|Vanilluxe, L86, F|262/262\n|-weather|Hail|[from] ability: Snow Warning|[of] p2a: Vanilluxe\n|-ability|p1a: Incineroar|Intimidate|boost\n|-unboost|p2a: Vanilluxe|atk|1\n|turn|11\n|\n|t:|1770476127\n|move|p2a: Vanilluxe|Hidden Power|p1a: Incineroar\n|-supereffective|p1a: Incineroar\n|-damage|p1a: Incineroar|228/290\n|move|p1a: Incineroar|Overheat|p2a: Vanilluxe\n|-supereffective|p2a: Vanilluxe\n|-damage|p2a: Vanilluxe|112/262\n|-unboost|p1a: Incineroar|spa|2\n|\n|-weather|Hail|[upkeep]\n|-damage|p1a: Incineroar|210/290|[from] Hail\n|upkeep\n|turn|12\n|\n|t:|1770476134\n|move|p2a: Vanilluxe|Explosion|p1a: Incineroar\n|-damage|p1a: Incineroar|88/290\n|faint|p2a: Vanilluxe\n|move|p1a: Incineroar|Knock Off|p2: Vanilluxe|[notarget]\n|-fail|p1a: Incineroar\n|\n|-weather|Hail|[upkeep]\n|-damage|p1a: Incineroar|70/290|[from] Hail\n|upkeep\n|\n|t:|1770476140\n|switch|p2a: Medicham|Medicham, L78, M|221/221\n|turn|13\n|\n|t:|1770476155\n|move|p2a: Medicham|Fake Out|p1a: Incineroar\n|-damage|p1a: Incineroar|36/290\n|cant|p1a: Incineroar|flinch\n|\n|-weather|Hail|[upkeep]\n|-damage|p2a: Medicham|208/221|[from] Hail\n|-damage|p1a: Incineroar|18/290|[from] Hail\n|upkeep\n|turn|14\n|\n|t:|1770476160\n|detailschange|p2a: Medicham|Medicham-Mega, L78, M\n|-mega|p2a: Medicham|Medicham|Medichamite\n|move|p2a: Medicham|Thunder Punch|p1a: Incineroar\n|-damage|p1a: Incineroar|0 fnt\n|faint|p1a: Incineroar\n|\n|-weather|Hail|[upkeep]\n|-damage|p2a: Medicham|195/221|[from] Hail\n|upkeep\n|\n|t:|1770476187\n|switch|p1a: Minun|Minun, L95, M|268/268\n|turn|15\n|\n|t:|1770476191\n|move|p1a: Minun|Thunderbolt|p2a: Medicham\n|-damage|p2a: Medicham|84/221\n|move|p2a: Medicham|High Jump Kick|p1a: Minun\n|-damage|p1a: Minun|0 fnt\n|faint|p1a: Minun\n|\n|-weather|none\n|upkeep\n|\n|t:|1770476195\n|switch|p1a: Jynx|Jynx, L89, F|260/260\n|turn|16\n|\n|t:|1770476200\n|move|p1a: Jynx|Ice Beam|p2a: Medicham\n|-damage|p2a: Medicham|0 fnt\n|faint|p2a: Medicham\n|detailschange|p2: Medicham|Medicham, L78, M|[silent]\n|-damage|p1a: Jynx|234/260|[from] item: Life Orb\n|\n|upkeep\n|\n|t:|1770476203\n|switch|p2a: Gourgeist|Gourgeist-Small, L91, F|248/248\n|-item|p1a: Jynx|Life Orb|[from] ability: Frisk|[of] p2a: Gourgeist\n|turn|17\n|\n|t:|1770476213\n|move|p2a: Gourgeist|Shadow Sneak|p1a: Jynx\n|-supereffective|p1a: Jynx\n|-damage|p1a: Jynx|88/260\n|move|p1a: Jynx|Ice Beam|p2a: Gourgeist\n|-supereffective|p2a: Gourgeist\n|-damage|p2a: Gourgeist|0 fnt\n|faint|p2a: Gourgeist\n|-damage|p1a: Jynx|62/260|[from] item: Life Orb\n|\n|upkeep\n|\n|t:|1770476215\n|switch|p2a: Linoone|Linoone, L81, M|258/258\n|turn|18\n|\n|t:|1770476218\n|move|p1a: Jynx|Focus Blast|p2a: Linoone\n|-supereffective|p2a: Linoone\n|-damage|p2a: Linoone|0 fnt\n|faint|p2a: Linoone\n|-damage|p1a: Jynx|36/260|[from] item: Life Orb\n|\n|win|imsobaked\n|raw|imsobaked's rating: 1580 &rarr; <strong>1597</strong><br />(+17 for winning)\n|raw|Unkel's rating: 1529 &rarr; <strong>1512</strong><br />(-17 for losing)\n|l|☆Unkel\n|player|p2|\n", "inputlog": ">version ccdc32dd7cde25fd9e4bed64820e885f66e78a4e\n>start {\"formatid\":\"gen7randombattle\",\"seed\":\"sodium,3379fe3737a4c376f4383f2830b4ac16\",\"rated\":\"Rated battle\"}\n>player p1 {\"name\":\"imsobaked\",\"avatar\":\"hiker-gen4\",\"rating\":1580,\"seed\":\"sodium,5ceecfccd49bb363ea8eedb64cacb46a\"}\n>player p2 {\"name\":\"Unkel\",\"avatar\":\"1\",\"rating\":1529,\"seed\":\"sodium,27fa40c501a26749516cfe4a91c8c3ff\"}\n>p1 switch 6\n>p2 move fireblast\n>p1 move flareblitz\n>p2 move thunderbolt\n>p1 move morningsun\n>p2 move thunderbolt\n>p1 move highhorsepower\n>p2 move thunderbolt\n>p1 move morningsun\n>p2 switch 3\n>p1 move flareblitz\n>p2 move toxic\n>p1 move morningsun\n>p2 move protect\n>p1 move flareblitz\n>p2 switch 3\n>p2 switch 3\n>p1 move flareblitz\n>p2 move wish\n>p1 move flareblitz\n>p2 move knockoff\n>p1 switch 5\n>p2 switch 2\n>p1 move overheat\n>p2 move hiddenpower\n>p1 move knockoff\n>p2 move explosion\n>p2 switch 4\n>p1 move uturn\n>p2 move fakeout\n>p1 move uturn\n>p2 move thunderpunch mega\n>p1 switch 2\n>p1 move thunderbolt\n>p2 move highjumpkick\n>p1 switch 6\n>p1 move icebeam\n>p2 move thunderpunch\n>p2 switch 5\n>p1 move icebeam\n>p2 move shadowsneak\n>p2 switch 6\n>p1 move focusblast\n>p2 move bellydrum", "uploadtime": 1770476238, "views": 195, "formatid": "gen7randombattle", "rating": 1512, "private": 0, "password": null}