{"id": "gen7randombattle-2524314550", "format": "[Gen 7] Random Battle", "players": ["vithuriel", "BBC chicken"], "log": "|j|☆vithuriel\n|j|☆BBC chicken\n|t:|1769130364\n|gametype|singles\n|player|p1|vithuriel|170|1566\n|player|p2|BBC chicken|2|1724\n|gen|7\n|tier|[Gen 7] Random Battle\n|rated|\n|rule|Sleep Clause Mod: Limit one foe put to sleep\n|rule|HP Percentage Mod: HP is shown in percentages\n|rule|Illusion Level Mod: Illusion disguises the Pokémon's true level\n|\n|t:|1769130364\n|teamsize|p1|6\n|teamsize|p2|6\n|start\n|switch|p1a: Purugly|Purugly, L89, M|271/271\n|switch|p2a: Lugia|Lugia, L71|268/268\n|turn|1\n|inactive|Battle timer is ON: inactive players will automatically lose when time's up. (requested by BBC chicken)\n|\n|t:|1769130384\n|move|p1a: Purugly|Fake Out|p2a: Lugia\n|-damage|p2a: Lugia|247/268\n|cant|p2a: Lugia|flinch\n|\n|-heal|p2a: Lugia|263/268|[from] item: Leftovers\n|upkeep\n|turn|2\n|\n|t:|1769130388\n|move|p1a: Purugly|Knock Off|p2a: Lugia\n|-supereffective|p2a: Lugia\n|-damage|p2a: Lugia|135/268\n|-enditem|p2a: Lugia|Leftovers|[from] move: Knock Off|[of] p1a: Purugly\n|move|p2a: Lugia|Toxic|p1a: Purugly\n|-status|p1a: Purugly|tox\n|\n|-damage|p1a: Purugly|255/271 tox|[from] psn\n|upkeep\n|turn|3\n|\n|t:|1769130414\n|move|p1a: Purugly|U-turn|p2a: Lugia\n|-damage|p2a: Lugia|92/268\n|inactive|vithuriel has 120 seconds left.\n|\n|t:|1769130428\n|switch|p1a: Vespiquen|Vespiquen, F|301/301|[from] U-turn\n|-ability|p1a: Vespiquen|Pressure\n|move|p2a: Lugia|Roost|p2a: Lugia\n|-heal|p2a: Lugia|226/268\n|-singleturn|p2a: Lugia|move: Roost\n|\n|upkeep\n|turn|4\n|\n|t:|1769130449\n|switch|p2a: Espeon|Espeon, L83, F|244/244\n|move|p1a: Vespiquen|Toxic|p2a: Espeon\n|move|p2a: Espeon|Toxic|p1a: Vespiquen|[from] ability: Magic Bounce\n|-status|p1a: Vespiquen|tox\n|\n|-damage|p1a: Vespiquen|283/301 tox|[from] psn\n|upkeep\n|turn|5\n|\n|t:|1769130458\n|switch|p2a: Excadrill|Excadrill, L81, F|311/311\n|-ability|p2a: Excadrill|Mold Breaker\n|switch|p1a: Purugly|Purugly, L89, M|255/271 tox\n|\n|-damage|p1a: Purugly|239/271 tox|[from] psn\n|upkeep\n|turn|6\n|\n|t:|1769130466\n|switch|p2a: Lugia|Lugia, L71|226/268\n|move|p1a: Purugly|Knock Off|p2a: Lugia\n|-supereffective|p2a: Lugia\n|-damage|p2a: Lugia|140/268\n|\n|-damage|p1a: Purugly|207/271 tox|[from] psn\n|upkeep\n|turn|7\n|\n|t:|1769130471\n|move|p1a: Purugly|U-turn|p2a: Lugia\n|-damage|p2a: Lugia|94/268\n|\n|t:|1769130474\n|switch|p1a: Vespiquen|Vespiquen, F|283/301 tox|[from] U-turn\n|-ability|p1a: Vespiquen|Pressure\n|move|p2a: Lugia|Roost|p2a: Lugia\n|-heal|p2a: Lugia|228/268\n|-singleturn|p2a: Lugia|move: Roost\n|\n|-heal|p1a: Vespiquen|301/301 tox|[from] item: Leftovers\n|-damage|p1a: Vespiquen|283/301 tox|[from] psn\n|upkeep\n|turn|8\n|\n|t:|1769130484\n|move|p2a: Lugia|Aeroblast|p1a: Vespiquen\n|-supereffective|p1a: Vespiquen\n|-damage|p1a: Vespiquen|163/301 tox\n|move|p1a: Vespiquen|Toxic|p2a: Lugia\n|-status|p2a: Lugia|tox\n|\n|-heal|p1a: Vespiquen|181/301 tox|[from] item: Leftovers\n|-damage|p2a: Lugia|212/268 tox|[from] psn\n|-damage|p1a: Vespiquen|145/301 tox|[from] psn\n|upkeep\n|turn|9\n|\n|t:|1769130491\n|move|p2a: Lugia|Aeroblast|p1a: Vespiquen\n|-supereffective|p1a: Vespiquen\n|-crit|p1a: Vespiquen\n|-damage|p1a: Vespiquen|0 fnt\n|faint|p1a: Vespiquen\n|\n|-damage|p2a: Lugia|180/268 tox|[from] psn\n|upkeep\n|\n|t:|1769130497\n|switch|p1a: Eelektross|Eelektross, L88, M|293/293\n|turn|10\n|inactive|BBC chicken has 120 seconds left.\n|\n|t:|1769130528\n|switch|p1a: Purugly|Purugly, L89, M|207/271 tox\n|move|p2a: Lugia|Toxic|p1a: Purugly\n|-fail|p1a: Purugly|tox\n|\n|-damage|p1a: Purugly|191/271 tox|[from] psn\n|-damage|p2a: Lugia|132/268 tox|[from] psn\n|upkeep\n|turn|11\n|\n|t:|1769130534\n|switch|p2a: Yveltal|Yveltal, L70|292/292\n|-ability|p2a: Yveltal|Dark Aura\n|move|p1a: Purugly|Fake Out|p2a: Yveltal\n|-damage|p2a: Yveltal|231/292\n|\n|-heal|p2a: Yveltal|249/292|[from] item: Leftovers\n|-damage|p1a: Purugly|159/271 tox|[from] psn\n|upkeep\n|turn|12\n|\n|t:|1769130543\n|move|p1a: Purugly|Return|p2a: Yveltal\n|-damage|p2a: Yveltal|96/292\n|move|p2a: Yveltal|Roost|p2a: Yveltal\n|-heal|p2a: Yveltal|242/292\n|-singleturn|p2a: Yveltal|move: Roost\n|\n|-heal|p2a: Yveltal|260/292|[from] item: Leftovers\n|-damage|p1a: Purugly|111/271 tox|[from] psn\n|upkeep\n|turn|13\n|\n|t:|1769130548\n|move|p1a: Purugly|U-turn|p2a: Yveltal\n|-damage|p2a: Yveltal|206/292\n|\n|t:|1769130551\n|switch|p1a: Eelektross|Eelektross, L88, M|293/293|[from] U-turn\n|move|p2a: Yveltal|Knock Off|p1a: Eelektross\n|-damage|p1a: Eelektross|164/293\n|-enditem|p1a: Eelektross|Assault Vest|[from] move: Knock Off|[of] p2a: Yveltal\n|\n|-heal|p2a: Yveltal|224/292|[from] item: Leftovers\n|upkeep\n|turn|14\n|\n|t:|1769130559\n|move|p2a: Yveltal|Knock Off|p1a: Eelektross\n|-damage|p1a: Eelektross|77/293\n|move|p1a: Eelektross|Flamethrower|p2a: Yveltal\n|-damage|p2a: Yveltal|138/292\n|\n|-heal|p2a: Yveltal|156/292|[from] item: Leftovers\n|upkeep\n|turn|15\n|\n|t:|1769130564\n|move|p2a: Yveltal|Knock Off|p1a: Eelektross\n|-damage|p1a: Eelektross|0 fnt\n|faint|p1a: Eelektross\n|\n|-heal|p2a: Yveltal|174/292|[from] item: Leftovers\n|upkeep\n|\n|t:|1769130569\n|switch|p1a: Gyarados|Gyarados, L74, M|263/263\n|-ability|p1a: Gyarados|Intimidate|boost\n|-unboost|p2a: Yveltal|atk|1\n|turn|16\n|\n|t:|1769130598\n|detailschange|p1a: Gyarados|Gyarados-Mega, L74, M\n|-mega|p1a: Gyarados|Gyarados|Gyaradosite\n|-ability|p1a: Gyarados|Mold Breaker\n|move|p2a: Yveltal|Oblivion Wing|p1a: Gyarados\n|-damage|p1a: Gyarados|203/263\n|-heal|p2a: Yveltal|219/292|[from] drain|[of] p1a: Gyarados\n|move|p1a: Gyarados|Dragon Dance|p1a: Gyarados\n|-boost|p1a: Gyarados|atk|1\n|-boost|p1a: Gyarados|spe|1\n|\n|-heal|p2a: Yveltal|237/292|[from] item: Leftovers\n|upkeep\n|turn|17\n|\n|t:|1769130604\n|move|p1a: Gyarados|Dragon Dance|p1a: Gyarados\n|-boost|p1a: Gyarados|atk|1\n|-boost|p1a: Gyarados|spe|1\n|move|p2a: Yveltal|Oblivion Wing|p1a: Gyarados\n|-damage|p1a: Gyarados|137/263\n|-heal|p2a: Yveltal|287/292|[from] drain|[of] p1a: Gyarados\n|\n|-heal|p2a: Yveltal|292/292|[from] item: Leftovers\n|upkeep\n|turn|18\n|\n|t:|1769130607\n|move|p1a: Gyarados|Waterfall|p2a: Yveltal\n|-damage|p2a: Yveltal|69/292\n|cant|p2a: Yveltal|flinch\n|\n|-heal|p2a: Yveltal|87/292|[from] item: Leftovers\n|upkeep\n|turn|19\n|\n|t:|1769130615\n|move|p1a: Gyarados|Waterfall|p2a: Yveltal\n|-damage|p2a: Yveltal|0 fnt\n|faint|p2a: Yveltal\n|\n|upkeep\n|c|☆BBC chicken|really needed that last hit'\n|-message|BBC chicken forfeited.\n|\n|win|vithuriel\n|raw|vithuriel's rating: 1566 &rarr; <strong>1595</strong><br />(+29 for winning)\n|raw|BBC chicken's rating: 1724 &rarr; <strong>1695</strong><br />(-29 for losing)\n|l|☆BBC chicken\n|player|p2|\n", "inputlog": ">version dd3d52b8382d73d1dd2c67730c4067df325ab790\n>start {\"formatid\":\"gen7randombattle\",\"seed\":\"sodium,559bccbe830a7ebb1d6c40bfaa4b547a\",\"rated\":\"Rated battle\"}\n>player p1 {\"name\":\"vithuriel\",\"avatar\":\"170\",\"rating\":1566,\"seed\":\"sodium,6eedfb6fba4d670b509038f24d9a6556\"}\n>player p2 {\"name\":\"BBC chicken\",\"avatar\":\"2\",\"rating\":1724,\"seed\":\"sodium,f8a97bb54d4255dca1cd715130ecc824\"}\n>p1 move fakeout\n>p2 move toxic\n>p1 move knockoff\n>p2 move toxic\n>p1 move uturn\n>p2 move roost\n>p1 switch 4\n>p1 move toxic\n>p2 switch 4\n>p1 switch 4\n>p2 switch 5\n>p1 move knockoff\n>p2 switch 4\n>p1 move uturn\n>p2 move roost\n>p1 switch 4\n>p1 move toxic\n>p2 move aeroblast\n>p1 move uturn\n>p2 move aeroblast\n>p1 switch 3\n>p1 switch 4\n>p2 move toxic\n>p1 move fakeout\n>p2 switch 6\n>p1 move return\n>p2 move roost\n>p1 move uturn\n>p2 move knockoff\n>p1 switch 4\n>p1 move flamethrower\n>p2 move knockoff\n>p1 move discharge\n>p2 move knockoff\n>p1 switch 6\n>p1 move dragondance mega\n>p2 move oblivionwing\n>p1 move dragondance\n>p2 move oblivionwing\n>p1 move waterfall\n>p2 move oblivionwing\n>p1 move waterfall\n>p2 move oblivionwing\n>chat ☆BBC chicken|really needed that last hit'\n>forcelose p2", "uploadtime": 1769130644, "views": 154, "formatid": "gen7randombattle", "rating": 1595, "private": 0, "password": null}