{"id": "gen7randombattle-2534440486", "format": "[Gen 7] Random Battle", "players": ["berserkpower", "verdu7"], "log": "|j|☆berserkpower\n|j|☆verdu7\n|t:|1770421314\n|gametype|singles\n|player|p1|berserkpower|lance|1604\n|player|p2|verdu7|265|1518\n|gen|7\n|tier|[Gen 7] Random Battle\n|rated|\n|rule|Sleep Clause Mod: Limit one foe put to sleep\n|rule|HP Percentage Mod: HP is shown in percentages\n|rule|Illusion Level Mod: Illusion disguises the Pokémon's true level\n|\n|t:|1770421314\n|teamsize|p1|6\n|teamsize|p2|6\n|start\n|switch|p1a: Abomasnow|Abomasnow, L87, M|298/298\n|switch|p2a: Lycanroc|Lycanroc, L85, M|266/266\n|-weather|Hail|[from] ability: Snow Warning|[of] p1a: Abomasnow\n|turn|1\n|inactive|Battle timer is ON: inactive players will automatically lose when time's up. (requested by verdu7)\n|c|☆verdu7|!WEAKNESS ABOMASNOW\n|c| verdu7|/raw <div class=\"infobox\">Abomasnow (ignoring abilities):<br /><span class=\"message-effect-weak\">Weaknesses</span>: Bug, Fighting, <b>Fire</b>, Flying, Poison, Rock, Steel<br /><span class=\"message-effect-resist\">Resistances</span>: Electric, Grass, Ground, Water<br /><span class=\"message-effect-immune\">Immunities</span>: Frozen, Hail damage, Powder moves</div>\n|\n|t:|1770421332\n|move|p2a: Lycanroc|Swords Dance|p2a: Lycanroc\n|-boost|p2a: Lycanroc|atk|2\n|move|p1a: Abomasnow|Giga Drain|p2a: Lycanroc\n|-supereffective|p2a: Lycanroc\n|-crit|p2a: Lycanroc\n|-damage|p2a: Lycanroc|0 fnt\n|faint|p2a: Lycanroc\n|\n|-weather|Hail|[upkeep]\n|upkeep\n|\n|t:|1770421351\n|switch|p2a: Marshadow|Marshadow, L69|239/239\n|turn|2\n|\n|t:|1770421363\n|move|p2a: Marshadow|Bulk Up|p2a: Marshadow\n|-boost|p2a: Marshadow|atk|1\n|-boost|p2a: Marshadow|def|1\n|move|p1a: Abomasnow|Blizzard|p2a: Marshadow\n|-damage|p2a: Marshadow|94/239\n|\n|-weather|Hail|[upkeep]\n|-damage|p2a: Marshadow|80/239|[from] Hail\n|upkeep\n|turn|3\n|\n|t:|1770421370\n|switch|p1a: Doublade|Doublade, L85, M|239/239\n|move|p2a: Marshadow|Close Combat|p1a: Doublade\n|-immune|p1a: Doublade\n|\n|-weather|Hail|[upkeep]\n|-damage|p2a: Marshadow|66/239|[from] Hail\n|-damage|p1a: Doublade|225/239|[from] Hail\n|upkeep\n|turn|4\n|\n|t:|1770421378\n|move|p1a: Doublade|Shadow Sneak|p2a: Marshadow\n|-supereffective|p2a: Marshadow\n|-damage|p2a: Marshadow|0 fnt\n|faint|p2a: Marshadow\n|\n|-weather|Hail|[upkeep]\n|-damage|p1a: Doublade|211/239|[from] Hail\n|upkeep\n|\n|t:|1770421384\n|switch|p2a: Landorus|Landorus, L77, M|264/264\n|turn|5\n|\n|t:|1770421393\n|switch|p1a: Seismitoad|Seismitoad, L85, F|317/317\n|move|p2a: Landorus|Calm Mind|p2a: Landorus\n|-boost|p2a: Landorus|spa|1\n|-boost|p2a: Landorus|spd|1\n|\n|-weather|none\n|upkeep\n|turn|6\n|\n|t:|1770421400\n|move|p2a: Landorus|Earth Power|p1a: Seismitoad\n|-damage|p1a: Seismitoad|74/317\n|move|p1a: Seismitoad|Toxic|p2a: Landorus\n|-status|p2a: Landorus|tox\n|\n|-heal|p1a: Seismitoad|93/317|[from] item: Leftovers\n|-damage|p2a: Landorus|248/264 tox|[from] psn\n|upkeep\n|turn|7\n|\n|t:|1770421409\n|switch|p1a: Guzzlord|Guzzlord, L86|524/524\n|move|p2a: Landorus|Psychic|p1a: Guzzlord\n|-immune|p1a: Guzzlord\n|\n|-damage|p2a: Landorus|216/264 tox|[from] psn\n|upkeep\n|turn|8\n|\n|t:|1770421418\n|switch|p2a: Togekiss|Togekiss, L81, F|270/270\n|move|p1a: Guzzlord|Knock Off|p2a: Togekiss\n|-resisted|p2a: Togekiss\n|-damage|p2a: Togekiss|215/270\n|-enditem|p2a: Togekiss|Leftovers|[from] move: Knock Off|[of] p1a: Guzzlord\n|\n|upkeep\n|turn|9\n|\n|t:|1770421426\n|switch|p1a: Doublade|Doublade, L85, M|211/239\n|move|p2a: Togekiss|Nasty Plot|p2a: Togekiss\n|-boost|p2a: Togekiss|spa|2\n|\n|upkeep\n|turn|10\n|\n|t:|1770421432\n|move|p2a: Togekiss|Air Slash|p1a: Doublade\n|-resisted|p1a: Doublade\n|-damage|p1a: Doublade|117/239\n|cant|p1a: Doublade|flinch\n|\n|upkeep\n|turn|11\n|\n|t:|1770421436\n|switch|p1a: Seismitoad|Seismitoad, L85, F|93/317\n|move|p2a: Togekiss|Air Slash|p1a: Seismitoad\n|-damage|p1a: Seismitoad|0 fnt\n|faint|p1a: Seismitoad\n|\n|upkeep\n|\n|t:|1770421439\n|switch|p1a: Kingler|Kingler, L87, F|237/237\n|turn|12\n|\n|t:|1770421444\n|move|p1a: Kingler|Rock Slide|p2a: Togekiss|[miss]\n|-miss|p1a: Kingler|p2a: Togekiss\n|move|p2a: Togekiss|Air Slash|p1a: Kingler\n|-damage|p1a: Kingler|0 fnt\n|faint|p1a: Kingler\n|\n|upkeep\n|\n|t:|1770421450\n|switch|p1a: Audino|Audino, L92, M|339/339\n|turn|13\n|\n|t:|1770421453\n|detailschange|p1a: Audino|Audino-Mega, L92, M\n|-mega|p1a: Audino|Audino|Audinite\n|move|p2a: Togekiss|Air Slash|p1a: Audino\n|-crit|p1a: Audino\n|-damage|p1a: Audino|147/339\n|cant|p1a: Audino|flinch\n|\n|upkeep\n|turn|14\n|\n|t:|1770421460\n|move|p2a: Togekiss|Air Slash|p1a: Audino\n|-crit|p1a: Audino\n|-damage|p1a: Audino|0 fnt\n|faint|p1a: Audino\n|detailschange|p1: Audino|Audino, L92, M|[silent]\n|\n|upkeep\n|\n|t:|1770421461\n|switch|p1a: Abomasnow|Abomasnow, L87, M|298/298\n|-weather|Hail|[from] ability: Snow Warning|[of] p1a: Abomasnow\n|turn|15\n|\n|t:|1770421467\n|move|p1a: Abomasnow|Ice Shard|p2a: Togekiss\n|-supereffective|p2a: Togekiss\n|-damage|p2a: Togekiss|135/270\n|move|p2a: Togekiss|Air Slash|p1a: Abomasnow\n|-supereffective|p1a: Abomasnow\n|-damage|p1a: Abomasnow|76/298\n|\n|-weather|Hail|[upkeep]\n|-damage|p2a: Togekiss|119/270|[from] Hail\n|upkeep\n|turn|16\n|\n|t:|1770421475\n|move|p1a: Abomasnow|Ice Shard|p2a: Togekiss\n|-supereffective|p2a: Togekiss\n|-damage|p2a: Togekiss|29/270\n|move|p2a: Togekiss|Roost|p2a: Togekiss\n|-heal|p2a: Togekiss|164/270\n|-singleturn|p2a: Togekiss|move: Roost\n|\n|-weather|Hail|[upkeep]\n|-damage|p2a: Togekiss|148/270|[from] Hail\n|upkeep\n|turn|17\n|\n|t:|1770421483\n|move|p1a: Abomasnow|Ice Shard|p2a: Togekiss\n|-supereffective|p2a: Togekiss\n|-damage|p2a: Togekiss|58/270\n|move|p2a: Togekiss|Air Slash|p1a: Abomasnow\n|-supereffective|p1a: Abomasnow\n|-damage|p1a: Abomasnow|0 fnt\n|faint|p1a: Abomasnow\n|\n|-weather|Hail|[upkeep]\n|-damage|p2a: Togekiss|42/270|[from] Hail\n|upkeep\n|\n|t:|1770421486\n|switch|p1a: Doublade|Doublade, L85, M|117/239\n|turn|18\n|\n|t:|1770421496\n|switch|p2a: Xerneas|Xerneas, L65|272/272\n|-ability|p2a: Xerneas|Fairy Aura\n|move|p1a: Doublade|Shadow Sneak|p2a: Xerneas\n|-damage|p2a: Xerneas|215/272\n|\n|-weather|Hail|[upkeep]\n|-damage|p2a: Xerneas|198/272|[from] Hail\n|-damage|p1a: Doublade|103/239|[from] Hail\n|upkeep\n|turn|19\n|\n|t:|1770421505\n|switch|p2a: Landorus|Landorus, L77, M|216/264 tox\n|move|p1a: Doublade|Iron Head|p2a: Landorus\n|-damage|p2a: Landorus|119/264 tox\n|\n|-weather|none\n|-damage|p2a: Landorus|103/264 tox|[from] psn\n|upkeep\n|turn|20\n|\n|t:|1770421513\n|switch|p1a: Guzzlord|Guzzlord, L86|524/524\n|move|p2a: Landorus|Earth Power|p1a: Guzzlord\n|-damage|p1a: Guzzlord|376/524\n|\n|-damage|p2a: Landorus|71/264 tox|[from] psn\n|upkeep\n|turn|21\n|\n|t:|1770421525\n|move|p2a: Landorus|Earth Power|p1a: Guzzlord\n|-damage|p1a: Guzzlord|240/524\n|move|p1a: Guzzlord|Heavy Slam|p2a: Landorus\n|-damage|p2a: Landorus|0 fnt\n|faint|p2a: Landorus\n|-ability|p1a: Guzzlord|Beast Boost|boost\n|-boost|p1a: Guzzlord|atk|1\n|\n|upkeep\n|\n|t:|1770421533\n|switch|p2a: Togekiss|Togekiss, L81, F|42/270\n|turn|22\n|\n|t:|1770421539\n|move|p2a: Togekiss|Aura Sphere|p1a: Guzzlord\n|-supereffective|p1a: Guzzlord\n|-damage|p1a: Guzzlord|128/524\n|move|p1a: Guzzlord|Heavy Slam|p2a: Togekiss\n|-supereffective|p2a: Togekiss\n|-damage|p2a: Togekiss|0 fnt\n|faint|p2a: Togekiss\n|-ability|p1a: Guzzlord|Beast Boost|boost\n|-boost|p1a: Guzzlord|atk|1\n|\n|upkeep\n|\n|t:|1770421552\n|switch|p2a: Chimecho|Chimecho, L95, F|296/296\n|turn|23\n|\n|t:|1770421555\n|move|p2a: Chimecho|Toxic|p1a: Guzzlord|[miss]\n|-miss|p2a: Chimecho|p1a: Guzzlord\n|move|p1a: Guzzlord|Knock Off|p2a: Chimecho\n|-supereffective|p2a: Chimecho\n|-damage|p2a: Chimecho|0 fnt\n|-enditem|p2a: Chimecho|Leftovers|[from] move: Knock Off|[of] p1a: Guzzlord\n|faint|p2a: Chimecho\n|-ability|p1a: Guzzlord|Beast Boost|boost\n|-boost|p1a: Guzzlord|atk|1\n|\n|upkeep\n|\n|t:|1770421562\n|switch|p2a: Xerneas|Xerneas, L65|198/272\n|-ability|p2a: Xerneas|Fairy Aura\n|turn|24\n|\n|t:|1770421568\n|move|p2a: Xerneas|Moonblast|p1a: Guzzlord\n|-supereffective|p1a: Guzzlord\n|-damage|p1a: Guzzlord|0 fnt\n|faint|p1a: Guzzlord\n|\n|upkeep\n|\n|t:|1770421570\n|switch|p1a: Doublade|Doublade, L85, M|103/239\n|turn|25\n|\n|t:|1770421575\n|move|p2a: Xerneas|Moonblast|p1a: Doublade\n|-resisted|p1a: Doublade\n|-damage|p1a: Doublade|55/239\n|move|p1a: Doublade|Iron Head|p2a: Xerneas\n|-supereffective|p2a: Xerneas\n|-damage|p2a: Xerneas|0 fnt\n|faint|p2a: Xerneas\n|\n|win|berserkpower\n|raw|berserkpower's rating: 1604 &rarr; <strong>1619</strong><br />(+15 for winning)\n|raw|verdu7's rating: 1518 &rarr; <strong>1503</strong><br />(-15 for losing)\n", "inputlog": ">version ccdc32dd7cde25fd9e4bed64820e885f66e78a4e\n>start {\"formatid\":\"gen7randombattle\",\"seed\":\"sodium,0810b186d55e4865678eceb7bc5605e3\",\"rated\":\"Rated battle\"}\n>player p1 {\"name\":\"berserkpower\",\"avatar\":\"lance\",\"rating\":1604,\"seed\":\"sodium,666b34647c66e8a4bf1c3c6015d7900d\"}\n>player p2 {\"name\":\"verdu7\",\"avatar\":\"265\",\"rating\":1518,\"seed\":\"sodium,b5fe151bf9f65b9e3fad20cfb061b204\"}\n>chat ☆verdu7|!WEAKNESS ABOMASNOW\n>p1 move gigadrain\n>p2 move swordsdance\n>p2 switch 2\n>p1 move blizzard\n>p2 move bulkup\n>p1 switch 6\n>p2 move closecombat\n>p1 move shadowsneak\n>p2 move spectralthief zmove\n>p2 switch 5\n>p1 switch 3\n>p2 move calmmind\n>p1 move toxic\n>p2 move earthpower\n>p1 switch 2\n>p2 move psychic\n>p1 move knockoff\n>p2 switch 6\n>p1 switch 3\n>p2 move nastyplot\n>p1 move ironhead\n>p2 move airslash\n>p1 switch 2\n>p2 move airslash\n>p1 switch 5\n>p1 move rockslide\n>p2 move airslash\n>p1 switch 4\n>p1 move toxic mega\n>p2 move airslash\n>p1 move toxic\n>p2 move airslash\n>p1 switch 6\n>p1 move iceshard\n>p2 move airslash\n>p1 move iceshard\n>p2 move roost\n>p1 move iceshard\n>p2 move airslash\n>p1 switch 2\n>p1 move shadowsneak\n>p2 switch 3\n>p1 move ironhead\n>p2 switch 6\n>p1 switch 3\n>p2 move earthpower\n>p1 move heavyslam\n>p2 move earthpower\n>p2 switch 3\n>p1 move heavyslam\n>p2 move aurasphere\n>p2 switch 4\n>p1 move knockoff\n>p2 move toxic\n>p2 switch 6\n>p1 move heavyslam\n>p2 move moonblast\n>p1 switch 3\n>p1 move ironhead\n>p2 move moonblast", "uploadtime": 1770421581, "views": 211, "formatid": "gen7randombattle", "rating": 1503, "private": 0, "password": null}