{"id": "gen7randombattle-2524650012", "format": "[Gen 7] Random Battle", "players": ["Kurochan3", "RumpleMyStiltSkin"], "log": "|j|☆Kurochan3\n|j|☆RumpleMyStiltSkin\n|t:|1769180023\n|gametype|singles\n|player|p1|Kurochan3|cynthia-gen4|1638\n|player|p2|RumpleMyStiltSkin|dancer|1618\n|gen|7\n|tier|[Gen 7] Random Battle\n|rated|\n|rule|Sleep Clause Mod: Limit one foe put to sleep\n|rule|HP Percentage Mod: HP is shown in percentages\n|rule|Illusion Level Mod: Illusion disguises the Pokémon's true level\n|\n|t:|1769180023\n|teamsize|p1|6\n|teamsize|p2|6\n|start\n|switch|p1a: Nidoqueen|Nidoqueen, L83, F|285/285\n|switch|p2a: Gallade|Gallade, L77, M|231/231\n|turn|1\n|inactive|Battle timer is ON: inactive players will automatically lose when time's up. (requested by Kurochan3)\n|\n|t:|1769180035\n|switch|p1a: Tapu Bulu|Tapu Bulu, L82|249/249\n|-fieldstart|move: Grassy Terrain|[from] ability: Grassy Surge|[of] p1a: Tapu Bulu\n|detailschange|p2a: Gallade|Gallade-Mega, L77, M\n|-mega|p2a: Gallade|Gallade|Galladite\n|move|p2a: Gallade|Zen Headbutt|p1a: Tapu Bulu|[miss]\n|-miss|p2a: Gallade|p1a: Tapu Bulu\n|\n|upkeep\n|turn|2\n|\n|t:|1769180045\n|switch|p2a: Arcanine|Arcanine, L84, F|288/288\n|-ability|p2a: Arcanine|Intimidate|boost\n|-unboost|p1a: Tapu Bulu|atk|1\n|move|p1a: Tapu Bulu|Bulk Up|p1a: Tapu Bulu\n|-boost|p1a: Tapu Bulu|atk|1\n|-boost|p1a: Tapu Bulu|def|1\n|\n|upkeep\n|turn|3\n|\n|t:|1769180051\n|switch|p1a: Wishiwashi|Wishiwashi, L89, M|225/225\n|-formechange|p1a: Wishiwashi|Wishiwashi-School||[from] ability: Schooling\n|move|p2a: Arcanine|Flare Blitz|p1a: Wishiwashi\n|-resisted|p1a: Wishiwashi\n|-damage|p1a: Wishiwashi|165/225\n|-damage|p2a: Arcanine|268/288|[from] Recoil\n|-damage|p2a: Arcanine|240/288|[from] item: Life Orb\n|\n|-heal|p2a: Arcanine|258/288|[from] Grassy Terrain\n|-heal|p1a: Wishiwashi|179/225|[from] Grassy Terrain\n|-heal|p1a: Wishiwashi|193/225|[from] item: Leftovers\n|upkeep\n|turn|4\n|\n|t:|1769180058\n|switch|p2a: Noctowl|Noctowl, L94, F|340/340\n|move|p1a: Wishiwashi|Scald|p2a: Noctowl\n|-damage|p2a: Noctowl|241/340\n|-status|p2a: Noctowl|brn\n|\n|-heal|p2a: Noctowl|262/340 brn|[from] item: Leftovers\n|-heal|p1a: Wishiwashi|207/225|[from] Grassy Terrain\n|-heal|p1a: Wishiwashi|221/225|[from] item: Leftovers\n|-damage|p2a: Noctowl|241/340 brn|[from] brn\n|upkeep\n|turn|5\n|\n|t:|1769180063\n|switch|p1a: Dialga|Dialga, L74|270/270\n|-ability|p1a: Dialga|Pressure\n|move|p2a: Noctowl|Hyper Voice|p1a: Dialga\n|-resisted|p1a: Dialga\n|-damage|p1a: Dialga|168/270\n|\n|-heal|p2a: Noctowl|262/340 brn|[from] item: Leftovers\n|-heal|p1a: Dialga|184/270|[from] Grassy Terrain\n|-heal|p1a: Dialga|200/270|[from] item: Leftovers\n|-damage|p2a: Noctowl|241/340 brn|[from] brn\n|-fieldend|move: Grassy Terrain\n|upkeep\n|turn|6\n|\n|t:|1769180068\n|move|p2a: Noctowl|Hyper Voice|p1a: Dialga\n|-resisted|p1a: Dialga\n|-damage|p1a: Dialga|98/270\n|move|p1a: Dialga|Flash Cannon|p2a: Noctowl\n|-damage|p2a: Noctowl|159/340 brn\n|\n|-heal|p2a: Noctowl|180/340 brn|[from] item: Leftovers\n|-heal|p1a: Dialga|114/270|[from] item: Leftovers\n|-damage|p2a: Noctowl|159/340 brn|[from] brn\n|upkeep\n|turn|7\n|\n|t:|1769180074\n|move|p2a: Noctowl|Roost|p2a: Noctowl\n|-heal|p2a: Noctowl|329/340 brn\n|-singleturn|p2a: Noctowl|move: Roost\n|move|p1a: Dialga|Draco Meteor|p2a: Noctowl\n|-damage|p2a: Noctowl|211/340 brn\n|-unboost|p1a: Dialga|spa|2\n|\n|-heal|p2a: Noctowl|232/340 brn|[from] item: Leftovers\n|-heal|p1a: Dialga|130/270|[from] item: Leftovers\n|-damage|p2a: Noctowl|211/340 brn|[from] brn\n|upkeep\n|turn|8\n|\n|t:|1769180078\n|switch|p1a: Aerodactyl|Aerodactyl, L82, F|265/265\n|-ability|p1a: Aerodactyl|Unnerve\n|move|p2a: Noctowl|Hurricane|p1a: Aerodactyl\n|-resisted|p1a: Aerodactyl\n|-damage|p1a: Aerodactyl|103/265\n|\n|-heal|p1a: Aerodactyl|119/265|[from] item: Leftovers\n|-heal|p2a: Noctowl|232/340 brn|[from] item: Leftovers\n|-damage|p2a: Noctowl|211/340 brn|[from] brn\n|upkeep\n|turn|9\n|\n|t:|1769180085\n|move|p1a: Aerodactyl|Roost|p1a: Aerodactyl\n|-heal|p1a: Aerodactyl|252/265\n|-singleturn|p1a: Aerodactyl|move: Roost\n|move|p2a: Noctowl|Hyper Voice|p1a: Aerodactyl\n|-resisted|p1a: Aerodactyl\n|-damage|p1a: Aerodactyl|120/265\n|\n|-heal|p1a: Aerodactyl|136/265|[from] item: Leftovers\n|-heal|p2a: Noctowl|232/340 brn|[from] item: Leftovers\n|-damage|p2a: Noctowl|211/340 brn|[from] brn\n|upkeep\n|turn|10\n|\n|t:|1769180088\n|move|p1a: Aerodactyl|Stone Edge|p2a: Noctowl\n|-supereffective|p2a: Noctowl\n|-crit|p2a: Noctowl\n|-damage|p2a: Noctowl|0 fnt\n|faint|p2a: Noctowl\n|\n|-heal|p1a: Aerodactyl|152/265|[from] item: Leftovers\n|upkeep\n|\n|t:|1769180109\n|switch|p2a: Arcanine|Arcanine, L84, F|258/288\n|-ability|p2a: Arcanine|Intimidate|boost\n|-unboost|p1a: Aerodactyl|atk|1\n|turn|11\n|\n|t:|1769180118\n|switch|p1a: Nidoqueen|Nidoqueen, L83, F|285/285\n|move|p2a: Arcanine|Close Combat|p1a: Nidoqueen\n|-resisted|p1a: Nidoqueen\n|-damage|p1a: Nidoqueen|227/285\n|-unboost|p2a: Arcanine|def|1\n|-unboost|p2a: Arcanine|spd|1\n|-damage|p2a: Arcanine|230/288|[from] item: Life Orb\n|\n|upkeep\n|turn|12\n|\n|t:|1769180138\n|switch|p2a: Heatmor|Heatmor, L93, M|309/309\n|move|p1a: Nidoqueen|Toxic Spikes|p2a: Heatmor\n|-sidestart|p2: RumpleMyStiltSkin|move: Toxic Spikes\n|\n|upkeep\n|turn|13\n|\n|t:|1769180148\n|move|p2a: Heatmor|Fire Lash|p1a: Nidoqueen\n|-damage|p1a: Nidoqueen|93/285\n|-unboost|p1a: Nidoqueen|def|1\n|-damage|p2a: Heatmor|279/309|[from] item: Life Orb\n|move|p1a: Nidoqueen|Earth Power|p2a: Heatmor\n|-supereffective|p2a: Heatmor\n|-damage|p2a: Heatmor|6/309\n|\n|upkeep\n|turn|14\n|\n|t:|1769180159\n|switch|p1a: Dialga|Dialga, L74|130/270\n|-ability|p1a: Dialga|Pressure\n|move|p2a: Heatmor|Giga Drain|p1a: Dialga\n|-resisted|p1a: Dialga\n|-damage|p1a: Dialga|108/270\n|-heal|p2a: Heatmor|17/309|[from] drain|[of] p1a: Dialga\n|-damage|p2a: Heatmor|0 fnt|[from] item: Life Orb\n|faint|p2a: Heatmor\n|\n|-heal|p1a: Dialga|124/270|[from] item: Leftovers\n|upkeep\n|\n|t:|1769180170\n|switch|p2a: Gallade|Gallade-Mega, L77, M|231/231\n|-status|p2a: Gallade|psn\n|turn|15\n|\n|t:|1769180174\n|move|p2a: Gallade|Close Combat|p1a: Dialga\n|-supereffective|p1a: Dialga\n|-damage|p1a: Dialga|0 fnt\n|-unboost|p2a: Gallade|def|1\n|-unboost|p2a: Gallade|spd|1\n|faint|p1a: Dialga\n|\n|-damage|p2a: Gallade|203/231 psn|[from] psn\n|upkeep\n|\n|t:|1769180176\n|switch|p1a: Tapu Bulu|Tapu Bulu, L82|249/249\n|-fieldstart|move: Grassy Terrain|[from] ability: Grassy Surge|[of] p1a: Tapu Bulu\n|turn|16\n|\n|t:|1769180184\n|switch|p2a: Arcanine|Arcanine, L84, F|230/288\n|-status|p2a: Arcanine|psn\n|-ability|p2a: Arcanine|Intimidate|boost\n|-unboost|p1a: Tapu Bulu|atk|1\n|switch|p1a: Aerodactyl|Aerodactyl, L82, F|152/265\n|-ability|p1a: Aerodactyl|Unnerve\n|\n|-heal|p1a: Aerodactyl|168/265|[from] item: Leftovers\n|-heal|p2a: Arcanine|248/288 psn|[from] Grassy Terrain\n|-damage|p2a: Arcanine|212/288 psn|[from] psn\n|upkeep\n|turn|17\n|\n|t:|1769180189\n|move|p1a: Aerodactyl|Earthquake|p2a: Arcanine\n|-supereffective|p2a: Arcanine\n|-damage|p2a: Arcanine|142/288 psn\n|move|p2a: Arcanine|Close Combat|p1a: Aerodactyl\n|-damage|p1a: Aerodactyl|0 fnt\n|-unboost|p2a: Arcanine|def|1\n|-unboost|p2a: Arcanine|spd|1\n|faint|p1a: Aerodactyl\n|-damage|p2a: Arcanine|114/288 psn|[from] item: Life Orb\n|\n|-heal|p2a: Arcanine|132/288 psn|[from] Grassy Terrain\n|-damage|p2a: Arcanine|96/288 psn|[from] psn\n|upkeep\n|\n|t:|1769180194\n|switch|p1a: Wishiwashi|Wishiwashi, L89, M|221/225\n|-formechange|p1a: Wishiwashi|Wishiwashi-School||[from] ability: Schooling\n|turn|18\n|\n|t:|1769180198\n|move|p2a: Arcanine|Close Combat|p1a: Wishiwashi\n|-damage|p1a: Wishiwashi|138/225\n|-unboost|p2a: Arcanine|def|1\n|-unboost|p2a: Arcanine|spd|1\n|-damage|p2a: Arcanine|68/288 psn|[from] item: Life Orb\n|move|p1a: Wishiwashi|Scald|p2a: Arcanine\n|-supereffective|p2a: Arcanine\n|-damage|p2a: Arcanine|0 fnt\n|faint|p2a: Arcanine\n|\n|-heal|p1a: Wishiwashi|152/225|[from] Grassy Terrain\n|-heal|p1a: Wishiwashi|166/225|[from] item: Leftovers\n|upkeep\n|\n|t:|1769180204\n|switch|p2a: Raikou|Raikou, L81|278/278\n|-status|p2a: Raikou|psn\n|-ability|p2a: Raikou|Pressure\n|turn|19\n|\n|t:|1769180214\n|switch|p1a: Tapu Bulu|Tapu Bulu, L82|249/249\n|move|p2a: Raikou|Calm Mind|p2a: Raikou\n|-boost|p2a: Raikou|spa|1\n|-boost|p2a: Raikou|spd|1\n|\n|-damage|p2a: Raikou|244/278 psn|[from] psn\n|upkeep\n|turn|20\n|\n|t:|1769180220\n|move|p2a: Raikou|Hidden Power|p1a: Tapu Bulu\n|-supereffective|p1a: Tapu Bulu\n|-damage|p1a: Tapu Bulu|115/249\n|move|p1a: Tapu Bulu|Wood Hammer|p2a: Raikou\n|-damage|p2a: Raikou|0 fnt\n|faint|p2a: Raikou\n|-damage|p1a: Tapu Bulu|34/249|[from] Recoil\n|\n|-heal|p1a: Tapu Bulu|49/249|[from] Grassy Terrain\n|-heal|p1a: Tapu Bulu|64/249|[from] item: Leftovers\n|-fieldend|move: Grassy Terrain\n|upkeep\n|\n|t:|1769180226\n|switch|p2a: Gallade|Gallade-Mega, L77, M|203/231 psn\n|turn|21\n|\n|t:|1769180235\n|move|p2a: Gallade|Zen Headbutt|p1a: Tapu Bulu\n|-crit|p1a: Tapu Bulu\n|-damage|p1a: Tapu Bulu|0 fnt\n|faint|p1a: Tapu Bulu\n|\n|-damage|p2a: Gallade|175/231 psn|[from] psn\n|upkeep\n|\n|t:|1769180237\n|switch|p1a: Banette|Banette, L87, M|253/253\n|-item|p2a: Gallade|Galladite|[from] ability: Frisk|[of] p1a: Banette\n|turn|22\n|\n|t:|1769180240\n|detailschange|p1a: Banette|Banette-Mega, L87, M\n|-mega|p1a: Banette|Banette|Banettite\n|move|p1a: Banette|Destiny Bond|p1a: Banette\n|-singlemove|p1a: Banette|Destiny Bond\n|move|p2a: Gallade|Knock Off|p1a: Banette\n|-supereffective|p1a: Banette\n|-damage|p1a: Banette|119/253\n|\n|-damage|p2a: Gallade|147/231 psn|[from] psn\n|upkeep\n|turn|23\n|\n|t:|1769180244\n|move|p2a: Gallade|Knock Off|p1a: Banette\n|-supereffective|p1a: Banette\n|-damage|p1a: Banette|0 fnt\n|faint|p1a: Banette\n|-activate|p1a: Banette|move: Destiny Bond\n|detailschange|p1: Banette|Banette, L87, M|[silent]\n|faint|p2a: Gallade\n|detailschange|p2: Gallade|Gallade, L77, M|[silent]\n|\n|upkeep\n|\n|t:|1769180249\n|switch|p2a: Slaking|Slaking, L84, M|389/389\n|switch|p1a: Wishiwashi|Wishiwashi, L89, M|166/225\n|-status|p2a: Slaking|psn\n|-formechange|p1a: Wishiwashi|Wishiwashi-School||[from] ability: Schooling\n|turn|24\n|\n|t:|1769180256\n|switch|p1a: Nidoqueen|Nidoqueen, L83, F|93/285\n|move|p2a: Slaking|Giga Impact|p1a: Nidoqueen\n|-damage|p1a: Nidoqueen|0 fnt\n|-mustrecharge|p2a: Slaking\n|faint|p1a: Nidoqueen\n|\n|-damage|p2a: Slaking|341/389 psn|[from] psn\n|upkeep\n|\n|t:|1769180258\n|switch|p1a: Wishiwashi|Wishiwashi, L89, M|166/225\n|-formechange|p1a: Wishiwashi|Wishiwashi-School||[from] ability: Schooling\n|turn|25\n|\n|t:|1769180260\n|cant|p2a: Slaking|recharge\n|move|p1a: Wishiwashi|Scald|p2a: Slaking\n|-damage|p2a: Slaking|182/389 psn\n|\n|-heal|p1a: Wishiwashi|180/225|[from] item: Leftovers\n|-damage|p2a: Slaking|134/389 psn|[from] psn\n|upkeep\n|turn|26\n|\n|t:|1769180262\n|move|p2a: Slaking|Giga Impact|p1a: Wishiwashi\n|-damage|p1a: Wishiwashi|0 fnt\n|-mustrecharge|p2a: Slaking\n|faint|p1a: Wishiwashi\n|\n|win|RumpleMyStiltSkin\n|raw|Kurochan3's rating: 1638 &rarr; <strong>1617</strong><br />(-21 for losing)\n|raw|RumpleMyStiltSkin's rating: 1618 &rarr; <strong>1639</strong><br />(+21 for winning)\n|l|☆Kurochan3\n|player|p1|\n", "inputlog": ">version dd3d52b8382d73d1dd2c67730c4067df325ab790\n>start {\"formatid\":\"gen7randombattle\",\"seed\":\"sodium,8da620060b37a2a4e03e72484f430a1e\",\"rated\":\"Rated battle\"}\n>player p1 {\"name\":\"Kurochan3\",\"avatar\":\"cynthia-gen4\",\"rating\":1638,\"seed\":\"sodium,fd64f1af78ff87e8cbfc880cfa5bf759\"}\n>player p2 {\"name\":\"RumpleMyStiltSkin\",\"avatar\":\"dancer\",\"rating\":1618,\"seed\":\"sodium,8d1026c29dd85e9adda133557a06b432\"}\n>p1 switch 3\n>p2 move zenheadbutt mega\n>p1 move bulkup\n>p2 switch 6\n>p1 switch 5\n>p2 move flareblitz\n>p1 move scald\n>p2 switch 3\n>p1 switch 6\n>p2 move hypervoice\n>p1 move flashcannon\n>p2 move hypervoice\n>p1 move dracometeor\n>p2 move roost\n>p1 switch 2\n>p2 move hurricane\n>p1 move roost\n>p2 move hypervoice\n>p1 move stoneedge\n>p2 move hypervoice\n>p2 switch 3\n>p1 switch 3\n>p2 move closecombat\n>p1 move toxicspikes\n>p2 switch 5\n>p1 move earthpower\n>p2 move firelash\n>p1 switch 2\n>p2 move gigadrain\n>p2 switch 6\n>p1 move dracometeor\n>p2 move closecombat\n>p1 switch 5\n>p1 switch 3\n>p2 switch 5\n>p1 move earthquake\n>p2 move closecombat\n>p1 switch 6\n>p1 move scald\n>p2 move closecombat\n>p2 switch 2\n>p1 switch 3\n>p2 move calmmind\n>p1 move woodhammer\n>p2 move hiddenpower\n>p2 switch 5\n>p1 move megahorn\n>p2 move zenheadbutt\n>p1 switch 4\n>p1 move destinybond mega\n>p2 move knockoff\n>p1 move shadowclaw\n>p2 move knockoff\n>p1 switch 3\n>p2 switch 4\n>p1 switch 2\n>p2 move gigaimpact\n>p1 switch 2\n>p1 move scald\n>p2 move recharge\n>p1 move scald\n>p2 move gigaimpact", "uploadtime": 1769180267, "views": 188, "formatid": "gen7randombattle", "rating": 1617, "private": 0, "password": null}