{"id": "gen7randombattle-2523665149", "format": "[Gen 7] Random Battle", "players": ["Kraniium", "thrillakilla101"], "log": "|j|☆Kraniium\n|j|☆thrillakilla101\n|t:|1769050660\n|gametype|singles\n|player|p1|Kraniium|steven|1544\n|player|p2|thrillakilla101|1|1521\n|gen|7\n|tier|[Gen 7] Random Battle\n|rated|\n|rule|Sleep Clause Mod: Limit one foe put to sleep\n|rule|HP Percentage Mod: HP is shown in percentages\n|rule|Illusion Level Mod: Illusion disguises the Pokémon's true level\n|\n|t:|1769050661\n|teamsize|p1|6\n|teamsize|p2|6\n|start\n|switch|p1a: Clefable|Clefable, L83, F|293/293\n|switch|p2a: Espeon|Espeon, L83, F|244/244\n|turn|1\n|inactive|Battle timer is ON: inactive players will automatically lose when time's up. (requested by Kraniium)\n|\n|t:|1769050671\n|move|p2a: Espeon|Trick|p1a: Clefable\n|-activate|p2a: Espeon|move: Trick|[of] p1a: Clefable\n|-item|p1a: Clefable|Choice Specs|[from] move: Trick\n|-item|p2a: Espeon|Leftovers|[from] move: Trick\n|move|p1a: Clefable|Knock Off|p2a: Espeon\n|-supereffective|p2a: Espeon\n|-damage|p2a: Espeon|90/244\n|-enditem|p2a: Espeon|Leftovers|[from] move: Knock Off|[of] p1a: Clefable\n|\n|upkeep\n|turn|2\n|\n|t:|1769050683\n|switch|p2a: Sableye|Sableye, L86, M|226/226\n|move|p1a: Clefable|Knock Off|p2a: Sableye\n|-damage|p2a: Sableye|184/226\n|\n|upkeep\n|turn|3\n|\n|t:|1769050694\n|switch|p1a: Magcargo|Magcargo, L96, M|271/271\n|move|p2a: Sableye|Will-O-Wisp|p1a: Magcargo\n|-immune|p1a: Magcargo\n|\n|upkeep\n|turn|4\n|\n|t:|1769050699\n|switch|p2a: Milotic|Milotic, L84, F|297/297\n|move|p1a: Magcargo|Ancient Power|p2a: Milotic\n|-damage|p2a: Milotic|239/297\n|\n|-heal|p2a: Milotic|257/297|[from] item: Leftovers\n|upkeep\n|turn|5\n|\n|t:|1769050709\n|switch|p1a: Simipour|Simipour, L88, F|275/275\n|move|p2a: Milotic|Toxic|p1a: Simipour\n|-status|p1a: Simipour|tox\n|\n|-heal|p2a: Milotic|275/297|[from] item: Leftovers\n|-damage|p1a: Simipour|258/275 tox|[from] psn\n|upkeep\n|turn|6\n|\n|t:|1769050726\n|switch|p1a: Klinklang|Klinklang, L87|246/246\n|move|p2a: Milotic|Scald|p1a: Klinklang\n|-damage|p1a: Klinklang|153/246\n|\n|-heal|p2a: Milotic|293/297|[from] item: Leftovers\n|upkeep\n|turn|7\n|\n|t:|1769050732\n|move|p1a: Klinklang|Substitute|p1a: Klinklang\n|-start|p1a: Klinklang|Substitute\n|-damage|p1a: Klinklang|92/246\n|move|p2a: Milotic|Scald|p1a: Klinklang\n|-end|p1a: Klinklang|Substitute\n|\n|-heal|p2a: Milotic|297/297|[from] item: Leftovers\n|upkeep\n|turn|8\n|\n|t:|1769050735\n|-zpower|p1a: Klinklang\n|move|p1a: Klinklang|Gigavolt Havoc|p2a: Milotic|[zeffect]\n|-supereffective|p2a: Milotic\n|-crit|p2a: Milotic\n|-damage|p2a: Milotic|0 fnt\n|faint|p2a: Milotic\n|\n|upkeep\n|\n|t:|1769050745\n|switch|p2a: Deoxys|Deoxys-Defense, L85|224/224\n|-ability|p2a: Deoxys|Pressure\n|turn|9\n|\n|t:|1769050755\n|move|p1a: Klinklang|Gear Grind|p2a: Deoxys\n|-damage|p2a: Deoxys|185/224\n|-damage|p2a: Deoxys|152/224\n|-hitcount|p2a: Deoxys|2\n|move|p2a: Deoxys|Focus Blast|p1a: Klinklang|[miss]\n|-miss|p2a: Deoxys|p1a: Klinklang\n|\n|-heal|p2a: Deoxys|166/224|[from] item: Leftovers\n|upkeep\n|turn|10\n|\n|t:|1769050762\n|switch|p1a: Clefable|Clefable, L83, F|293/293\n|move|p2a: Deoxys|Focus Blast|p1a: Clefable\n|-resisted|p1a: Clefable\n|-damage|p1a: Clefable|260/293\n|\n|-heal|p2a: Deoxys|180/224|[from] item: Leftovers\n|upkeep\n|turn|11\n|\n|t:|1769050769\n|switch|p2a: Espeon|Espeon, L83, F|90/244\n|move|p1a: Clefable|Moonblast|p2a: Espeon\n|-damage|p2a: Espeon|0 fnt\n|faint|p2a: Espeon\n|\n|upkeep\n|\n|t:|1769050782\n|switch|p2a: Deoxys|Deoxys-Defense, L85|180/224\n|-ability|p2a: Deoxys|Pressure\n|turn|12\n|\n|t:|1769050786\n|move|p2a: Deoxys|Nasty Plot|p2a: Deoxys\n|-boost|p2a: Deoxys|spa|2\n|move|p1a: Clefable|Moonblast|p2a: Deoxys\n|-damage|p2a: Deoxys|83/224\n|\n|-heal|p2a: Deoxys|97/224|[from] item: Leftovers\n|upkeep\n|turn|13\n|\n|t:|1769050796\n|switch|p1a: Scrafty|Scrafty, L84, M|246/246\n|move|p2a: Deoxys|Recover|p2a: Deoxys\n|-heal|p2a: Deoxys|209/224\n|\n|-heal|p2a: Deoxys|223/224|[from] item: Leftovers\n|upkeep\n|turn|14\n|\n|t:|1769050800\n|move|p2a: Deoxys|Focus Blast|p1a: Scrafty\n|-supereffective|p1a: Scrafty\n|-damage|p1a: Scrafty|12/246\n|move|p1a: Scrafty|Knock Off|p2a: Deoxys\n|-supereffective|p2a: Deoxys\n|-damage|p2a: Deoxys|107/224\n|-enditem|p2a: Deoxys|Leftovers|[from] move: Knock Off|[of] p1a: Scrafty\n|\n|-heal|p1a: Scrafty|27/246|[from] item: Leftovers\n|upkeep\n|turn|15\n|\n|t:|1769050806\n|move|p2a: Deoxys|Recover|p2a: Deoxys\n|-heal|p2a: Deoxys|219/224\n|move|p1a: Scrafty|Knock Off|p2a: Deoxys\n|-supereffective|p2a: Deoxys\n|-damage|p2a: Deoxys|145/224\n|\n|-heal|p1a: Scrafty|42/246|[from] item: Leftovers\n|upkeep\n|turn|16\n|\n|t:|1769050814\n|move|p2a: Deoxys|Focus Blast|p1a: Scrafty\n|-supereffective|p1a: Scrafty\n|-damage|p1a: Scrafty|0 fnt\n|faint|p1a: Scrafty\n|\n|upkeep\n|\n|t:|1769050827\n|switch|p1a: Simipour|Simipour, L88, F|258/275 tox\n|turn|17\n|\n|t:|1769050830\n|move|p1a: Simipour|Nasty Plot|p1a: Simipour\n|-boost|p1a: Simipour|spa|2\n|move|p2a: Deoxys|Psyshock|p1a: Simipour\n|-damage|p1a: Simipour|86/275 tox\n|\n|-heal|p1a: Simipour|103/275 tox|[from] item: Leftovers\n|-damage|p1a: Simipour|86/275 tox|[from] psn\n|upkeep\n|turn|18\n|\n|t:|1769050840\n|move|p1a: Simipour|Hydro Pump|p2a: Deoxys\n|-damage|p2a: Deoxys|0 fnt\n|faint|p2a: Deoxys\n|\n|-heal|p1a: Simipour|103/275 tox|[from] item: Leftovers\n|-damage|p1a: Simipour|69/275 tox|[from] psn\n|upkeep\n|\n|t:|1769050855\n|switch|p2a: Crobat|Crobat, L82, M|274/274\n|turn|19\n|\n|t:|1769050864\n|switch|p1a: Klinklang|Klinklang, L87|92/246\n|move|p2a: Crobat|Brave Bird|p1a: Klinklang\n|-resisted|p1a: Klinklang\n|-damage|p1a: Klinklang|51/246\n|-damage|p2a: Crobat|260/274|[from] Recoil\n|\n|-heal|p2a: Crobat|274/274|[from] item: Black Sludge\n|upkeep\n|turn|20\n|\n|t:|1769050876\n|move|p2a: Crobat|Brave Bird|p1a: Klinklang\n|-resisted|p1a: Klinklang\n|-damage|p1a: Klinklang|4/246\n|-damage|p2a: Crobat|258/274|[from] Recoil\n|move|p1a: Klinklang|Wild Charge|p2a: Crobat\n|-supereffective|p2a: Crobat\n|-damage|p2a: Crobat|116/274\n|-damage|p1a: Klinklang|0 fnt|[from] Recoil\n|faint|p1a: Klinklang\n|\n|-heal|p2a: Crobat|133/274|[from] item: Black Sludge\n|upkeep\n|\n|t:|1769050883\n|switch|p1a: Magcargo|Magcargo, L96, M|271/271\n|turn|21\n|\n|t:|1769050887\n|move|p2a: Crobat|Roost|p2a: Crobat\n|-heal|p2a: Crobat|270/274\n|-singleturn|p2a: Crobat|move: Roost\n|move|p1a: Magcargo|Ancient Power|p2a: Crobat\n|-damage|p2a: Crobat|185/274\n|\n|-heal|p2a: Crobat|202/274|[from] item: Black Sludge\n|upkeep\n|turn|22\n|\n|t:|1769050894\n|move|p2a: Crobat|U-turn|p1a: Magcargo\n|-resisted|p1a: Magcargo\n|-damage|p1a: Magcargo|256/271\n|\n|t:|1769050899\n|switch|p2a: Scyther|Scyther, L82, F|249/249|[from] U-turn\n|move|p1a: Magcargo|Ancient Power|p2a: Scyther\n|-supereffective|p2a: Scyther\n|-damage|p2a: Scyther|0 fnt\n|faint|p2a: Scyther\n|\n|-heal|p1a: Magcargo|271/271|[from] item: Leftovers\n|upkeep\n|-message|thrillakilla101 forfeited.\n|\n|win|Kraniium\n|raw|Kraniium's rating: 1544 &rarr; <strong>1563</strong><br />(+19 for winning)\n|raw|thrillakilla101's rating: 1521 &rarr; <strong>1502</strong><br />(-19 for losing)\n|l|☆thrillakilla101\n|player|p2|\n", "inputlog": ">version 3bd1a1e329da8d286644078cfc9a9638fc7ea025\n>start {\"formatid\":\"gen7randombattle\",\"seed\":\"sodium,874a95d6ffe0f034cc94128746621f69\",\"rated\":\"Rated battle\"}\n>player p1 {\"name\":\"Kraniium\",\"avatar\":\"steven\",\"rating\":1544,\"seed\":\"sodium,d49ec89a7a67fc3f173bcac5ade82d22\"}\n>player p2 {\"name\":\"thrillakilla101\",\"avatar\":\"1\",\"rating\":1521,\"seed\":\"sodium,264b6c78c0035d8bf68ac8c32e597918\"}\n>p1 move knockoff\n>p2 move trick\n>p1 move knockoff\n>p2 switch 3\n>p1 switch 4\n>p2 move willowisp\n>p1 move ancientpower\n>p2 switch 4\n>p1 switch 2\n>p2 move toxic\n>p1 switch 5\n>p2 move scald\n>p1 move substitute\n>p2 move scald\n>p1 move wildcharge zmove\n>p2 move scald\n>p2 switch 2\n>p1 move geargrind\n>p2 move focusblast\n>p1 switch 4\n>p2 move focusblast\n>p1 move moonblast\n>p2 switch 3\n>p2 switch 3\n>p1 move moonblast\n>p2 move nastyplot\n>p1 switch 6\n>p2 move recover\n>p1 move knockoff\n>p2 move focusblast\n>p1 move knockoff\n>p2 move recover\n>p1 move knockoff\n>p2 move focusblast\n>p1 switch 5\n>p1 move nastyplot\n>p2 move psyshock\n>p1 move hydropump\n>p2 move psyshock\n>p2 switch 6\n>p1 switch 4\n>p2 move bravebird\n>p1 move wildcharge\n>p2 move bravebird\n>p1 switch 2\n>p1 move ancientpower\n>p2 move roost\n>p1 move ancientpower\n>p2 move uturn\n>p2 switch 5\n>forcelose p2", "uploadtime": 1769050943, "views": 158, "formatid": "gen7randombattle", "rating": 1502, "private": 0, "password": null}