{"id": "gen7randombattle-2534034976", "format": "[Gen 7] Random Battle", "players": ["wowowd", "chelioss"], "log": "|j|☆wowowd\n|j|‽chelioss\n|t:|1770379594\n|gametype|singles\n|player|p1|wowowd|pokemonranger-gen4|1516\n|player|p2|chelioss|1|1709\n|gen|7\n|tier|[Gen 7] Random Battle\n|rated|\n|rule|Sleep Clause Mod: Limit one foe put to sleep\n|rule|HP Percentage Mod: HP is shown in percentages\n|rule|Illusion Level Mod: Illusion disguises the Pokémon's true level\n|\n|t:|1770379594\n|teamsize|p1|6\n|teamsize|p2|6\n|start\n|switch|p1a: Typhlosion|Typhlosion, L85, M|270/270\n|switch|p2a: Tropius|Tropius, L94, F|336/336\n|turn|1\n|inactive|Battle timer is ON: inactive players will automatically lose when time's up. (requested by wowowd)\n|\n|t:|1770379602\n|move|p2a: Tropius|Protect|p2a: Tropius\n|-singleturn|p2a: Tropius|Protect\n|move|p1a: Typhlosion|Eruption|p2a: Tropius\n|-activate|p2a: Tropius|move: Protect\n|\n|upkeep\n|turn|2\n|\n|t:|1770379609\n|switch|p2a: Spiritomb|Spiritomb, L91, M|239/239\n|move|p1a: Typhlosion|Eruption|p2a: Spiritomb\n|-damage|p2a: Spiritomb|22/239\n|\n|-heal|p2a: Spiritomb|36/239|[from] item: Leftovers\n|upkeep\n|turn|3\n|\n|t:|1770379617\n|move|p1a: Typhlosion|Eruption|p2a: Spiritomb\n|-damage|p2a: Spiritomb|0 fnt\n|faint|p2a: Spiritomb\n|\n|upkeep\n|\n|t:|1770379624\n|switch|p2a: Aurorus|Aurorus, L88, F|359/359\n|-weather|Hail|[from] ability: Snow Warning|[of] p2a: Aurorus\n|turn|4\n|\n|t:|1770379641\n|switch|p1a: Deoxys|Deoxys-Defense, L85|224/224\n|-ability|p1a: Deoxys|Pressure\n|move|p2a: Aurorus|Ancient Power|p1a: Deoxys\n|-damage|p1a: Deoxys|154/224\n|\n|-weather|Hail|[upkeep]\n|-damage|p1a: Deoxys|140/224|[from] Hail\n|-heal|p1a: Deoxys|154/224|[from] item: Leftovers\n|upkeep\n|turn|5\n|\n|t:|1770379653\n|switch|p2a: Mightyena|Mightyena, L94, F|284/284\n|-ability|p2a: Mightyena|Intimidate|boost\n|-unboost|p1a: Deoxys|atk|1\n|move|p1a: Deoxys|Nasty Plot|p1a: Deoxys\n|-boost|p1a: Deoxys|spa|2\n|\n|-weather|Hail|[upkeep]\n|-damage|p1a: Deoxys|140/224|[from] Hail\n|-damage|p2a: Mightyena|267/284|[from] Hail\n|-heal|p1a: Deoxys|154/224|[from] item: Leftovers\n|upkeep\n|turn|6\n|\n|t:|1770379664\n|move|p2a: Mightyena|Sucker Punch|p1a: Deoxys\n|-supereffective|p1a: Deoxys\n|-damage|p1a: Deoxys|0 fnt\n|faint|p1a: Deoxys\n|\n|-weather|Hail|[upkeep]\n|-damage|p2a: Mightyena|250/284|[from] Hail\n|upkeep\n|\n|t:|1770379668\n|switch|p1a: Arceus|Arceus-Bug, L72|291/291\n|turn|7\n|\n|t:|1770379673\n|switch|p2a: Celesteela|Celesteela, L78|279/279\n|move|p1a: Arceus|Calm Mind|p1a: Arceus\n|-boost|p1a: Arceus|spa|1\n|-boost|p1a: Arceus|spd|1\n|\n|-weather|Hail|[upkeep]\n|-damage|p1a: Arceus|273/291|[from] Hail\n|-damage|p2a: Celesteela|262/279|[from] Hail\n|upkeep\n|turn|8\n|\n|t:|1770379683\n|move|p1a: Arceus|Ice Beam|p2a: Celesteela\n|-damage|p2a: Celesteela|177/279\n|move|p2a: Celesteela|Air Slash|p1a: Arceus|[miss]\n|-miss|p2a: Celesteela|p1a: Arceus\n|\n|-weather|none\n|upkeep\n|turn|9\n|\n|t:|1770379692\n|switch|p2a: Aurorus|Aurorus, L88, F|359/359\n|-weather|Hail|[from] ability: Snow Warning|[of] p2a: Aurorus\n|move|p1a: Arceus|Ice Beam|p2a: Aurorus\n|-resisted|p2a: Aurorus\n|-damage|p2a: Aurorus|324/359\n|\n|-weather|Hail|[upkeep]\n|-damage|p1a: Arceus|255/291|[from] Hail\n|upkeep\n|turn|10\n|\n|t:|1770379702\n|move|p1a: Arceus|Earth Power|p2a: Aurorus\n|-supereffective|p2a: Aurorus\n|-damage|p2a: Aurorus|158/359\n|-unboost|p2a: Aurorus|spd|1\n|move|p2a: Aurorus|Ancient Power|p1a: Arceus\n|-supereffective|p1a: Arceus\n|-damage|p1a: Arceus|135/291\n|-boost|p2a: Aurorus|atk|1\n|-boost|p2a: Aurorus|def|1\n|-boost|p2a: Aurorus|spa|1\n|-boost|p2a: Aurorus|spd|1\n|-boost|p2a: Aurorus|spe|1\n|\n|-weather|Hail|[upkeep]\n|-damage|p1a: Arceus|117/291|[from] Hail\n|upkeep\n|turn|11\n|\n|t:|1770379718\n|move|p2a: Aurorus|Ancient Power|p1a: Arceus\n|-supereffective|p1a: Arceus\n|-damage|p1a: Arceus|0 fnt\n|faint|p1a: Arceus\n|\n|-weather|Hail|[upkeep]\n|upkeep\n|\n|t:|1770379723\n|switch|p1a: Carracosta|Carracosta, L88, M|274/274\n|turn|12\n|\n|t:|1770379727\n|switch|p2a: Mightyena|Mightyena, L94, F|250/284\n|-ability|p2a: Mightyena|Intimidate|boost\n|-unboost|p1a: Carracosta|atk|1\n|move|p1a: Carracosta|Shell Smash|p1a: Carracosta\n|-unboost|p1a: Carracosta|def|1\n|-unboost|p1a: Carracosta|spd|1\n|-boost|p1a: Carracosta|atk|2\n|-boost|p1a: Carracosta|spa|2\n|-boost|p1a: Carracosta|spe|2\n|\n|-weather|Hail|[upkeep]\n|-damage|p1a: Carracosta|257/274|[from] Hail\n|-damage|p2a: Mightyena|233/284|[from] Hail\n|upkeep\n|turn|13\n|\n|t:|1770379742\n|move|p1a: Carracosta|Liquidation|p2a: Mightyena\n|-damage|p2a: Mightyena|73/284\n|move|p2a: Mightyena|Crunch|p1a: Carracosta\n|-damage|p1a: Carracosta|101/274\n|-unboost|p1a: Carracosta|def|1\n|\n|-weather|none\n|upkeep\n|turn|14\n|\n|t:|1770379749\n|switch|p2a: Tropius|Tropius, L94, F|336/336\n|move|p1a: Carracosta|Aqua Jet|p2a: Tropius\n|-resisted|p2a: Tropius\n|-damage|p2a: Tropius|303/336\n|\n|upkeep\n|turn|15\n|\n|t:|1770379756\n|move|p2a: Tropius|Protect|p2a: Tropius\n|-singleturn|p2a: Tropius|Protect\n|move|p1a: Carracosta|Stone Edge|p2a: Tropius\n|-activate|p2a: Tropius|move: Protect\n|\n|upkeep\n|turn|16\n|\n|t:|1770379763\n|move|p1a: Carracosta|Shell Smash|p1a: Carracosta\n|-unboost|p1a: Carracosta|def|1\n|-unboost|p1a: Carracosta|spd|1\n|-boost|p1a: Carracosta|atk|2\n|-boost|p1a: Carracosta|spa|2\n|-boost|p1a: Carracosta|spe|2\n|move|p2a: Tropius|Leech Seed|p1a: Carracosta\n|-start|p1a: Carracosta|move: Leech Seed\n|\n|-damage|p1a: Carracosta|67/274|[from] Leech Seed|[of] p2a: Tropius\n|-heal|p2a: Tropius|336/336|[silent]\n|upkeep\n|turn|17\n|\n|t:|1770379772\n|move|p2a: Tropius|Protect|p2a: Tropius\n|-singleturn|p2a: Tropius|Protect\n|move|p1a: Carracosta|Stone Edge|p2a: Tropius\n|-activate|p2a: Tropius|move: Protect\n|\n|-damage|p1a: Carracosta|33/274|[from] Leech Seed|[of] p2a: Tropius\n|upkeep\n|turn|18\n|\n|t:|1770379781\n|switch|p2a: Mightyena|Mightyena, L94, F|73/284\n|-ability|p2a: Mightyena|Intimidate|boost\n|-unboost|p1a: Carracosta|atk|1\n|move|p1a: Carracosta|Stone Edge|p2a: Mightyena\n|-damage|p2a: Mightyena|0 fnt\n|faint|p2a: Mightyena\n|\n|upkeep\n|\n|t:|1770379792\n|switch|p2a: Aurorus|Aurorus, L88, F|158/359\n|-weather|Hail|[from] ability: Snow Warning|[of] p2a: Aurorus\n|turn|19\n|\n|t:|1770379810\n|move|p1a: Carracosta|Stone Edge|p2a: Aurorus\n|-supereffective|p2a: Aurorus\n|-damage|p2a: Aurorus|0 fnt\n|faint|p2a: Aurorus\n|\n|-weather|Hail|[upkeep]\n|-damage|p1a: Carracosta|16/274|[from] Hail\n|upkeep\n|\n|t:|1770379816\n|switch|p2a: Tropius|Tropius, L94, F|336/336\n|turn|20\n|\n|t:|1770379840\n|move|p2a: Tropius|Protect|p2a: Tropius\n|-singleturn|p2a: Tropius|Protect\n|move|p1a: Carracosta|Stone Edge|p2a: Tropius\n|-activate|p2a: Tropius|move: Protect\n|\n|-weather|Hail|[upkeep]\n|-damage|p1a: Carracosta|0 fnt|[from] Hail\n|-damage|p2a: Tropius|315/336|[from] Hail\n|faint|p1a: Carracosta\n|upkeep\n|\n|t:|1770379844\n|switch|p1a: Typhlosion|Typhlosion, L85, M|270/270\n|turn|21\n|\n|t:|1770379850\n|switch|p2a: Celesteela|Celesteela, L78|177/279\n|move|p1a: Typhlosion|Eruption|p2a: Celesteela\n|-supereffective|p2a: Celesteela\n|-damage|p2a: Celesteela|0 fnt\n|faint|p2a: Celesteela\n|\n|-weather|Hail|[upkeep]\n|-damage|p1a: Typhlosion|254/270|[from] Hail\n|upkeep\n|\n|t:|1770379859\n|switch|p2a: Ampharos|Ampharos, L85, M|292/292\n|turn|22\n|\n|t:|1770379868\n|switch|p1a: Meowstic|Meowstic-F, L91, F|283/283\n|detailschange|p2a: Ampharos|Ampharos-Mega, L85, M\n|-mega|p2a: Ampharos|Ampharos|Ampharosite\n|-ability|p2a: Ampharos|Mold Breaker\n|move|p2a: Ampharos|Volt Switch|p1a: Meowstic\n|-damage|p1a: Meowstic|165/283\n|\n|t:|1770379875\n|switch|p2a: Tropius|Tropius, L94, F|315/336|[from] Volt Switch\n|\n|-weather|Hail|[upkeep]\n|-damage|p1a: Meowstic|148/283|[from] Hail\n|-damage|p2a: Tropius|294/336|[from] Hail\n|upkeep\n|turn|23\n|\n|t:|1770379881\n|move|p1a: Meowstic|Psychic|p2a: Tropius\n|-damage|p2a: Tropius|171/336\n|-unboost|p2a: Tropius|spd|1\n|move|p2a: Tropius|Leech Seed|p1a: Meowstic\n|-start|p1a: Meowstic|move: Leech Seed\n|\n|-weather|none\n|-damage|p1a: Meowstic|113/283|[from] Leech Seed|[of] p2a: Tropius\n|-heal|p2a: Tropius|206/336|[silent]\n|upkeep\n|turn|24\n|\n|t:|1770379890\n|switch|p1a: Electrode|Electrode, L89|252/252\n|move|p2a: Tropius|Protect||[still]\n|-fail|p2a: Tropius\n|\n|upkeep\n|turn|25\n|\n|t:|1770379894\n|move|p2a: Tropius|Protect|p2a: Tropius\n|-singleturn|p2a: Tropius|Protect\n|move|p1a: Electrode|Hidden Power|p2a: Tropius\n|-activate|p2a: Tropius|move: Protect\n|\n|upkeep\n|turn|26\n|\n|t:|1770379900\n|switch|p2a: Ampharos|Ampharos-Mega, L85, M|292/292\n|-ability|p2a: Ampharos|Mold Breaker\n|move|p1a: Electrode|Hidden Power|p2a: Ampharos\n|-supereffective|p2a: Ampharos\n|-damage|p2a: Ampharos|224/292\n|\n|upkeep\n|turn|27\n|\n|t:|1770379908\n|move|p1a: Electrode|Hidden Power|p2a: Ampharos\n|-supereffective|p2a: Ampharos\n|-damage|p2a: Ampharos|156/292\n|move|p2a: Ampharos|Dragon Pulse|p1a: Electrode\n|-damage|p1a: Electrode|107/252\n|\n|-heal|p1a: Electrode|122/252|[from] item: Leftovers\n|upkeep\n|turn|28\n|\n|t:|1770379915\n|move|p1a: Electrode|Hidden Power|p2a: Ampharos\n|-supereffective|p2a: Ampharos\n|-damage|p2a: Ampharos|92/292\n|move|p2a: Ampharos|Dragon Pulse|p1a: Electrode\n|-damage|p1a: Electrode|0 fnt\n|faint|p1a: Electrode\n|\n|upkeep\n|\n|t:|1770379918\n|switch|p1a: Meowstic|Meowstic-F, L91, F|113/283\n|turn|29\n|\n|t:|1770379924\n|move|p1a: Meowstic|Psychic|p2a: Ampharos\n|-damage|p2a: Ampharos|0 fnt\n|faint|p2a: Ampharos\n|detailschange|p2: Ampharos|Ampharos, L85, M|[silent]\n|\n|upkeep\n|\n|t:|1770379928\n|switch|p2a: Tropius|Tropius, L94, F|206/336\n|turn|30\n|\n|t:|1770379931\n|move|p1a: Meowstic|Psychic|p2a: Tropius\n|-damage|p2a: Tropius|80/336\n|-enditem|p2a: Tropius|Sitrus Berry|[eat]\n|-heal|p2a: Tropius|164/336|[from] item: Sitrus Berry\n|move|p2a: Tropius|Leech Seed|p1a: Meowstic\n|-start|p1a: Meowstic|move: Leech Seed\n|\n|-damage|p1a: Meowstic|78/283|[from] Leech Seed|[of] p2a: Tropius\n|-heal|p2a: Tropius|199/336|[silent]\n|upkeep\n|turn|31\n|\n|t:|1770379940\n|move|p1a: Meowstic|Psychic|p2a: Tropius\n|-damage|p2a: Tropius|67/336\n|move|p2a: Tropius|Substitute|p2a: Tropius\n|-fail|p2a: Tropius|move: Substitute|[weak]\n|\n|-damage|p1a: Meowstic|43/283|[from] Leech Seed|[of] p2a: Tropius\n|-heal|p2a: Tropius|102/336|[silent]\n|-item|p2a: Tropius|Sitrus Berry|[from] ability: Harvest\n|upkeep\n|-enditem|p2a: Tropius|Sitrus Berry|[eat]\n|-heal|p2a: Tropius|186/336|[from] item: Sitrus Berry\n|turn|32\n|\n|t:|1770379949\n|move|p1a: Meowstic|Psychic|p2a: Tropius\n|-damage|p2a: Tropius|60/336\n|move|p2a: Tropius|Substitute|p2a: Tropius\n|-fail|p2a: Tropius|move: Substitute|[weak]\n|\n|-damage|p1a: Meowstic|8/283|[from] Leech Seed|[of] p2a: Tropius\n|-heal|p2a: Tropius|95/336|[silent]\n|-item|p2a: Tropius|Sitrus Berry|[from] ability: Harvest\n|upkeep\n|-enditem|p2a: Tropius|Sitrus Berry|[eat]\n|-heal|p2a: Tropius|179/336|[from] item: Sitrus Berry\n|turn|33\n|\n|t:|1770379961\n|move|p2a: Tropius|Protect|p2a: Tropius\n|-singleturn|p2a: Tropius|Protect\n|move|p1a: Meowstic|Psychic|p2a: Tropius\n|-activate|p2a: Tropius|move: Protect\n|\n|-damage|p1a: Meowstic|0 fnt|[from] Leech Seed|[of] p2a: Tropius\n|-heal|p2a: Tropius|187/336|[silent]\n|faint|p1a: Meowstic\n|-item|p2a: Tropius|Sitrus Berry|[from] ability: Harvest\n|upkeep\n|\n|t:|1770379964\n|switch|p1a: Typhlosion|Typhlosion, L85, M|254/270\n|turn|34\n|\n|t:|1770379971\n|move|p2a: Tropius|Protect||[still]\n|-fail|p2a: Tropius\n|move|p1a: Typhlosion|Eruption|p2a: Tropius\n|-supereffective|p2a: Tropius\n|-damage|p2a: Tropius|0 fnt\n|faint|p2a: Tropius\n|\n|win|wowowd\n|raw|wowowd's rating: 1516 &rarr; <strong>1546</strong><br />(+30 for winning)\n|raw|chelioss's rating: 1709 &rarr; <strong>1679</strong><br />(-30 for losing)\n|l|‽chelioss\n|player|p2|\n|l|☆wowowd\n|player|p1|\n|j|☆wowowd\n|player|p1|wowowd|pokemonranger-gen4|\n", "inputlog": ">version ccdc32dd7cde25fd9e4bed64820e885f66e78a4e\n>start {\"formatid\":\"gen7randombattle\",\"seed\":\"sodium,df22d679e3c2ccc8bde330da99d53b4f\",\"rated\":\"Rated battle\"}\n>player p1 {\"name\":\"wowowd\",\"avatar\":\"pokemonranger-gen4\",\"rating\":1516,\"seed\":\"sodium,5f343c0f9837f449935b0641f09d9840\"}\n>player p2 {\"name\":\"chelioss\",\"avatar\":\"1\",\"rating\":1709,\"seed\":\"sodium,93ba20b5e97f833748ed5ef9f979aafa\"}\n>p1 move eruption\n>p2 move protect\n>p1 move eruption\n>p2 switch 5\n>p1 move eruption\n>p2 move darkpulse\n>p2 switch 3\n>p1 switch 5\n>p2 move ancientpower\n>p1 move nastyplot\n>p2 switch 6\n>p1 move focusblast\n>p2 move suckerpunch\n>p1 switch 6\n>p1 move calmmind\n>p2 switch 2\n>p1 move icebeam\n>p2 move airslash\n>p1 move icebeam\n>p2 switch 6\n>p1 move earthpower\n>p2 move ancientpower\n>p1 move earthpower\n>p2 move ancientpower\n>p1 switch 2\n>p1 move shellsmash\n>p2 switch 2\n>p1 move liquidation\n>p2 move crunch\n>p1 move aquajet\n>p2 switch 5\n>p1 move stoneedge\n>p2 move protect\n>p1 move shellsmash\n>p2 move leechseed\n>p1 move stoneedge\n>p2 move protect\n>p1 move stoneedge\n>p2 switch 5\n>p2 switch 2\n>p1 move stoneedge\n>p2 move ancientpower\n>p2 switch 5\n>p1 move stoneedge\n>p2 move protect\n>p1 switch 5\n>p1 move eruption\n>p2 switch 6\n>p2 switch 4\n>p1 switch 3\n>p2 move voltswitch mega\n>p2 switch 6\n>p1 move psychic\n>p2 move leechseed\n>p1 switch 4\n>p2 move protect\n>p1 move hiddenpower\n>p2 move protect\n>p1 move hiddenpower\n>p2 switch 6\n>p1 move hiddenpower\n>p2 move dragonpulse\n>p1 move hiddenpower\n>p2 move dragonpulse\n>p1 switch 4\n>p1 move psychic\n>p2 move voltswitch\n>p2 switch 6\n>p1 move psychic\n>p2 move leechseed\n>p1 move psychic\n>p2 move substitute\n>p1 move psychic\n>p2 move substitute\n>p1 move psychic\n>p2 move protect\n>p1 switch 3\n>p1 move eruption\n>p2 move protect", "uploadtime": 1770379979, "views": 216, "formatid": "gen7randombattle", "rating": 1546, "private": 0, "password": null}