{"id": "gen7randombattle-2523631442", "format": "[Gen 7] Random Battle", "players": ["deezpeez", "Shadow099"], "log": "|j|☆deezpeez\n|j|☆Shadow099\n|t:|1769046458\n|gametype|singles\n|player|p1|deezpeez|hilbert|1670\n|player|p2|Shadow099|burglar|1660\n|gen|7\n|tier|[Gen 7] Random Battle\n|rated|\n|rule|Sleep Clause Mod: Limit one foe put to sleep\n|rule|HP Percentage Mod: HP is shown in percentages\n|rule|Illusion Level Mod: Illusion disguises the Pokémon's true level\n|\n|t:|1769046458\n|teamsize|p1|6\n|teamsize|p2|6\n|start\n|switch|p1a: Furret|Furret, L94, M|312/312\n|switch|p2a: Slurpuff|Slurpuff, L79, F|258/258\n|-item|p2a: Slurpuff|Sitrus Berry|[from] ability: Frisk|[of] p1a: Furret\n|turn|1\n|inactive|Battle timer is ON: inactive players will automatically lose when time's up. (requested by deezpeez)\n|\n|t:|1769046472\n|switch|p2a: Escavalier|Escavalier, L85, F|258/258\n|move|p1a: Furret|Iron Tail|p2a: Escavalier\n|-resisted|p2a: Escavalier\n|-damage|p2a: Escavalier|224/258\n|-unboost|p2a: Escavalier|def|1\n|\n|upkeep\n|turn|2\n|\n|t:|1769046480\n|move|p1a: Furret|Coil|p1a: Furret\n|-boost|p1a: Furret|atk|1\n|-boost|p1a: Furret|def|1\n|-boost|p1a: Furret|accuracy|1\n|move|p2a: Escavalier|Knock Off|p1a: Furret\n|-damage|p1a: Furret|202/312\n|-enditem|p1a: Furret|Leftovers|[from] move: Knock Off|[of] p2a: Escavalier\n|\n|upkeep\n|turn|3\n|\n|t:|1769046488\n|switch|p2a: Starmie|Starmie, L84|238/238\n|move|p1a: Furret|Knock Off|p2a: Starmie\n|-supereffective|p2a: Starmie\n|-damage|p2a: Starmie|18/238\n|-enditem|p2a: Starmie|Choice Specs|[from] move: Knock Off|[of] p1a: Furret\n|\n|upkeep\n|turn|4\n|\n|t:|1769046494\n|move|p2a: Starmie|Hydro Pump|p1a: Furret\n|-damage|p1a: Furret|49/312\n|move|p1a: Furret|Return|p2a: Starmie\n|-damage|p2a: Starmie|0 fnt\n|faint|p2a: Starmie\n|\n|upkeep\n|\n|t:|1769046505\n|switch|p2a: Zebstrika|Zebstrika, L88, M|275/275\n|turn|5\n|\n|t:|1769046512\n|move|p2a: Zebstrika|Thunderbolt|p1a: Furret\n|-damage|p1a: Furret|0 fnt\n|faint|p1a: Furret\n|\n|upkeep\n|\n|t:|1769046519\n|switch|p1a: Goodra|Goodra, L85, F|292/292\n|turn|6\n|\n|t:|1769046544\n|switch|p2a: Escavalier|Escavalier, L85, F|224/258\n|move|p1a: Goodra|Sludge Bomb|p2a: Escavalier\n|-immune|p2a: Escavalier\n|\n|upkeep\n|turn|7\n|\n|t:|1769046554\n|move|p1a: Goodra|Fire Blast|p2a: Escavalier\n|-supereffective|p2a: Escavalier\n|-damage|p2a: Escavalier|0 fnt\n|faint|p2a: Escavalier\n|\n|upkeep\n|\n|t:|1769046561\n|switch|p2a: Purugly|Purugly, L89, F|271/271\n|turn|8\n|\n|t:|1769046572\n|switch|p1a: Ditto|Ditto, L83|215/215\n|-transform|p1a: Ditto|p2a: Purugly|[from] ability: Imposter\n|move|p2a: Purugly|Return|p1a: Ditto\n|-damage|p1a: Ditto|28/215\n|\n|upkeep\n|turn|9\n|\n|t:|1769046580\n|move|p1a: Ditto|Knock Off|p2a: Purugly\n|-damage|p2a: Purugly|193/271\n|-enditem|p2a: Purugly|Choice Band|[from] move: Knock Off|[of] p1a: Ditto\n|move|p2a: Purugly|Return|p1a: Ditto\n|-damage|p1a: Ditto|0 fnt\n|faint|p1a: Ditto\n|\n|upkeep\n|\n|t:|1769046588\n|switch|p1a: Palkia|Palkia, L75|259/259\n|-ability|p1a: Palkia|Pressure\n|turn|10\n|\n|t:|1769046594\n|move|p2a: Purugly|U-turn|p1a: Palkia\n|-damage|p1a: Palkia|211/259\n|\n|t:|1769046597\n|switch|p2a: Zebstrika|Zebstrika, L88, M|275/275|[from] U-turn\n|move|p1a: Palkia|Thunder Wave|p2a: Zebstrika\n|-ability|p2a: Zebstrika|Lightning Rod|boost\n|-boost|p2a: Zebstrika|spa|1\n|\n|upkeep\n|turn|11\n|\n|t:|1769046604\n|move|p2a: Zebstrika|Volt Switch|p1a: Palkia\n|-damage|p1a: Palkia|78/259\n|\n|t:|1769046608\n|switch|p2a: Minun|Minun, L95, F|268/268|[from] Volt Switch\n|move|p1a: Palkia|Draco Meteor|p2a: Minun\n|-damage|p2a: Minun|93/268\n|-unboost|p1a: Palkia|spa|2\n|\n|upkeep\n|turn|12\n|\n|t:|1769046620\n|move|p2a: Minun|Nasty Plot|p2a: Minun\n|-boost|p2a: Minun|spa|2\n|move|p1a: Palkia|Hydro Pump|p2a: Minun\n|-damage|p2a: Minun|18/268\n|\n|upkeep\n|turn|13\n|\n|t:|1769046624\n|move|p2a: Minun|Thunderbolt|p1a: Palkia\n|-damage|p1a: Palkia|0 fnt\n|faint|p1a: Palkia\n|-damage|p2a: Minun|0 fnt|[from] item: Life Orb\n|faint|p2a: Minun\n|\n|upkeep\n|\n|t:|1769046628\n|switch|p2a: Purugly|Purugly, L89, F|193/271\n|switch|p1a: Venomoth|Venomoth, L82, F|249/249\n|turn|14\n|\n|t:|1769046640\n|move|p2a: Purugly|U-turn|p1a: Venomoth\n|-resisted|p1a: Venomoth\n|-damage|p1a: Venomoth|216/249\n|\n|t:|1769046643\n|switch|p2a: Zebstrika|Zebstrika, L88, M|275/275|[from] U-turn\n|move|p1a: Venomoth|Quiver Dance|p1a: Venomoth\n|-boost|p1a: Venomoth|spa|1\n|-boost|p1a: Venomoth|spd|1\n|-boost|p1a: Venomoth|spe|1\n|\n|upkeep\n|turn|15\n|\n|t:|1769046648\n|-zpower|p1a: Venomoth\n|move|p1a: Venomoth|Savage Spin-Out|p2a: Zebstrika|[zeffect]\n|-damage|p2a: Zebstrika|0 fnt\n|faint|p2a: Zebstrika\n|\n|upkeep\n|\n|t:|1769046653\n|switch|p2a: Purugly|Purugly, L89, F|193/271\n|turn|16\n|\n|t:|1769046656\n|move|p1a: Venomoth|Bug Buzz|p2a: Purugly\n|-damage|p2a: Purugly|24/271\n|-unboost|p2a: Purugly|spd|1\n|-ability|p2a: Purugly|Defiant|boost\n|-boost|p2a: Purugly|atk|2\n|move|p2a: Purugly|Return|p1a: Venomoth\n|-damage|p1a: Venomoth|0 fnt\n|faint|p1a: Venomoth\n|\n|upkeep\n|\n|t:|1769046667\n|switch|p1a: Feraligatr|Feraligatr, L79, M|264/264\n|turn|17\n|\n|t:|1769046674\n|move|p2a: Purugly|Return|p1a: Feraligatr\n|-crit|p1a: Feraligatr\n|-damage|p1a: Feraligatr|0 fnt\n|faint|p1a: Feraligatr\n|\n|upkeep\n|c|☆deezpeez|god fucking dammit\n|c|☆deezpeez|i had you\n|\n|t:|1769046691\n|switch|p1a: Goodra|Goodra, L85, F|292/292\n|turn|18\n|c|☆Shadow099|didn't need the crit\n|\n|t:|1769046704\n|move|p2a: Purugly|Return|p1a: Goodra\n|-crit|p1a: Goodra\n|-damage|p1a: Goodra|0 fnt\n|faint|p1a: Goodra\n|\n|win|Shadow099\n|raw|deezpeez's rating: 1670 &rarr; <strong>1649</strong><br />(-21 for losing)\n|raw|Shadow099's rating: 1660 &rarr; <strong>1681</strong><br />(+21 for winning)\n|c|☆deezpeez|the stat drop\n|c|☆Shadow099|gg\n|l|☆Shadow099\n|player|p2|\n", "inputlog": ">version 3bd1a1e329da8d286644078cfc9a9638fc7ea025\n>start {\"formatid\":\"gen7randombattle\",\"seed\":\"sodium,32561ee15ef157464dd83d2d98b66c0c\",\"rated\":\"Rated battle\"}\n>player p1 {\"name\":\"deezpeez\",\"avatar\":\"hilbert\",\"rating\":1670,\"seed\":\"sodium,e24e0aab3edd3c271f19eefdf6d3617f\"}\n>player p2 {\"name\":\"Shadow099\",\"avatar\":\"burglar\",\"rating\":1660,\"seed\":\"sodium,b180dd49c313d65a170dc64738d79f59\"}\n>p1 move irontail\n>p2 switch 5\n>p1 move coil\n>p2 move knockoff\n>p1 move knockoff\n>p2 switch 4\n>p1 move return\n>p2 move hydropump\n>p2 switch 3\n>p1 move knockoff\n>p2 move thunderbolt\n>p1 switch 3\n>p1 move sludgebomb\n>p2 switch 4\n>p1 move fireblast\n>p2 move megahorn\n>p2 switch 6\n>p1 switch 6\n>p2 move return\n>p1 move knockoff\n>p2 move return\n>p1 switch 2\n>p1 move thunderwave\n>p2 move uturn\n>p2 switch 4\n>p1 move dracometeor\n>p2 move voltswitch\n>p2 switch 2\n>p1 move hydropump\n>p2 move nastyplot\n>p1 move hydropump\n>p2 move thunderbolt\n>p1 switch 4\n>p2 switch 4\n>p1 move quiverdance\n>p2 move uturn\n>p2 switch 2\n>p1 move bugbuzz zmove\n>p2 move overheat\n>p2 switch 2\n>p1 move bugbuzz\n>p2 move return\n>p1 switch 5\n>p1 move dragondance\n>p2 move return\n>chat ☆deezpeez|god fucking dammit \n>chat ☆deezpeez|i had you \n>p1 switch 6\n>chat ☆Shadow099|didn't need the crit\n>p1 move sludgebomb\n>p2 move return", "uploadtime": 1769046683, "views": 163, "formatid": "gen7randombattle", "rating": 1649, "private": 0, "password": null}