{"id": "gen7randombattle-2536456951", "format": "[Gen 7] Random Battle", "players": ["La.Hellhound", "Shabbeaugosse"], "log": "|j|‽La.Hellhound\n|j|☆Shabbeaugosse\n|t:|1770690314\n|gametype|singles\n|player|p1|La.Hellhound|bruno|1776\n|player|p2|Shabbeaugosse|2|1731\n|gen|7\n|tier|[Gen 7] Random Battle\n|rated|\n|rule|Sleep Clause Mod: Limit one foe put to sleep\n|rule|HP Percentage Mod: HP is shown in percentages\n|rule|Illusion Level Mod: Illusion disguises the Pokémon's true level\n|\n|t:|1770690314\n|teamsize|p1|6\n|teamsize|p2|6\n|start\n|switch|p1a: Aromatisse|Aromatisse, L91, M|332/332\n|switch|p2a: Naganadel|Naganadel, L74|230/230\n|turn|1\n|inactive|Battle timer is ON: inactive players will automatically lose when time's up. (requested by La.Hellhound)\n|inactive|La.Hellhound has 120 seconds left.\n|l|☆Shabbeaugosse\n|inactive|Shabbeaugosse disconnected and has a minute to reconnect!\n|player|p2|\n|\n|t:|1770690368\n|switch|p1a: Hippowdon|Hippowdon, L82, M|311/311\n|-weather|Sandstorm|[from] ability: Sand Stream|[of] p1a: Hippowdon\n|move|p2a: Naganadel|Sludge Wave|p1a: Hippowdon\n|-resisted|p1a: Hippowdon\n|-damage|p1a: Hippowdon|228/311\n|\n|-weather|Sandstorm|[upkeep]\n|-damage|p2a: Naganadel|216/230|[from] Sandstorm\n|upkeep\n|turn|2\n|j|☆Shabbeaugosse\n|inactive|Shabbeaugosse reconnected and has 150 seconds left.\n|player|p2|Shabbeaugosse|2|\n|\n|t:|1770690394\n|switch|p2a: Shiftry|Shiftry, L90, F|308/308\n|switch|p1a: Leavanny|Leavanny, L87, F|272/272\n|\n|-weather|Sandstorm|[upkeep]\n|-damage|p1a: Leavanny|255/272|[from] Sandstorm\n|-damage|p2a: Shiftry|289/308|[from] Sandstorm\n|-heal|p1a: Leavanny|272/272|[from] item: Leftovers\n|upkeep\n|turn|3\n|\n|t:|1770690416\n|switch|p2a: Pidgeot|Pidgeot, L78, M|258/258\n|move|p1a: Leavanny|Sticky Web|p2a: Pidgeot\n|-sidestart|p2: Shabbeaugosse|move: Sticky Web\n|\n|-weather|Sandstorm|[upkeep]\n|-damage|p1a: Leavanny|255/272|[from] Sandstorm\n|-damage|p2a: Pidgeot|242/258|[from] Sandstorm\n|-heal|p1a: Leavanny|272/272|[from] item: Leftovers\n|upkeep\n|turn|4\n|\n|t:|1770690425\n|switch|p1a: Solrock|Solrock, L90|308/308\n|detailschange|p2a: Pidgeot|Pidgeot-Mega, L78, M\n|-mega|p2a: Pidgeot|Pidgeot|Pidgeotite\n|move|p2a: Pidgeot|Defog|p1a: Solrock\n|-unboost|p1a: Solrock|evasion|1\n|-sideend|p2: Shabbeaugosse|Sticky Web|[from] move: Defog|[of] p2a: Pidgeot\n|\n|-weather|Sandstorm|[upkeep]\n|-damage|p2a: Pidgeot|226/258|[from] Sandstorm\n|upkeep\n|turn|5\n|\n|t:|1770690445\n|switch|p2a: Shiftry|Shiftry, L90, F|289/308\n|move|p1a: Solrock|Stealth Rock|p2a: Shiftry\n|-sidestart|p2: Shabbeaugosse|move: Stealth Rock\n|\n|-weather|none\n|upkeep\n|turn|6\n|\n|t:|1770690454\n|switch|p1a: Terrakion|Terrakion, L78|270/270\n|move|p2a: Shiftry|Knock Off|p1a: Terrakion\n|-resisted|p1a: Terrakion\n|-damage|p1a: Terrakion|212/270\n|-ability|p1a: Terrakion|Justified|boost\n|-boost|p1a: Terrakion|atk|1\n|-damage|p2a: Shiftry|259/308|[from] item: Life Orb\n|\n|upkeep\n|turn|7\n|\n|t:|1770690464\n|switch|p2a: Marshadow|Marshadow, L69|239/239\n|-damage|p2a: Marshadow|225/239|[from] Stealth Rock\n|move|p1a: Terrakion|Close Combat|p2a: Marshadow\n|-immune|p2a: Marshadow\n|\n|upkeep\n|turn|8\n|\n|t:|1770690471\n|switch|p1a: Hippowdon|Hippowdon, L82, M|228/311\n|-weather|Sandstorm|[from] ability: Sand Stream|[of] p1a: Hippowdon\n|move|p2a: Marshadow|Close Combat|p1a: Hippowdon\n|-damage|p1a: Hippowdon|137/311\n|-unboost|p2a: Marshadow|def|1\n|-unboost|p2a: Marshadow|spd|1\n|-damage|p2a: Marshadow|186/239|[from] item: Rocky Helmet|[of] p1a: Hippowdon\n|\n|-weather|Sandstorm|[upkeep]\n|-damage|p2a: Marshadow|172/239|[from] Sandstorm\n|upkeep\n|turn|9\n|\n|t:|1770690482\n|-zpower|p2a: Marshadow\n|move|p2a: Marshadow|Soul-Stealing 7-Star Strike|p1a: Hippowdon|[zeffect]\n|-damage|p1a: Hippowdon|0 fnt\n|-damage|p2a: Marshadow|133/239|[from] item: Rocky Helmet|[of] p1a: Hippowdon\n|faint|p1a: Hippowdon\n|\n|-weather|Sandstorm|[upkeep]\n|-damage|p2a: Marshadow|119/239|[from] Sandstorm\n|upkeep\n|\n|t:|1770690502\n|switch|p1a: Aromatisse|Aromatisse, L91, M|332/332\n|turn|10\n|\n|t:|1770690516\n|move|p2a: Marshadow|Spectral Thief|p1a: Aromatisse\n|-damage|p1a: Aromatisse|250/332\n|move|p1a: Aromatisse|Moonblast|p2a: Marshadow\n|-supereffective|p2a: Marshadow\n|-damage|p2a: Marshadow|0 fnt\n|faint|p2a: Marshadow\n|\n|-weather|Sandstorm|[upkeep]\n|-damage|p1a: Aromatisse|230/332|[from] Sandstorm\n|-heal|p1a: Aromatisse|250/332|[from] item: Leftovers\n|upkeep\n|\n|t:|1770690520\n|switch|p2a: Beartic|Beartic, L92, F|324/324\n|-damage|p2a: Beartic|243/324|[from] Stealth Rock\n|turn|11\n|inactive|La.Hellhound has 120 seconds left.\n|\n|t:|1770690563\n|switch|p1a: Solrock|Solrock, L90|308/308\n|move|p2a: Beartic|Icicle Crash|p1a: Solrock\n|-damage|p1a: Solrock|125/308\n|-damage|p2a: Beartic|211/324|[from] item: Life Orb\n|\n|-weather|Sandstorm|[upkeep]\n|-damage|p2a: Beartic|191/324|[from] Sandstorm\n|-heal|p1a: Solrock|144/308|[from] item: Leftovers\n|upkeep\n|turn|12\n|\n|t:|1770690574\n|move|p1a: Solrock|Stone Edge|p2a: Beartic\n|-supereffective|p2a: Beartic\n|-damage|p2a: Beartic|0 fnt\n|faint|p2a: Beartic\n|\n|-weather|none\n|-heal|p1a: Solrock|163/308|[from] item: Leftovers\n|upkeep\n|\n|t:|1770690578\n|switch|p2a: Shiftry|Shiftry, L90, F|259/308\n|-damage|p2a: Shiftry|221/308|[from] Stealth Rock\n|turn|13\n|inactive|La.Hellhound has 120 seconds left.\n|\n|t:|1770690584\n|switch|p1a: Leavanny|Leavanny, L87, F|272/272\n|move|p2a: Shiftry|Leaf Storm|p1a: Leavanny\n|-resisted|p1a: Leavanny\n|-damage|p1a: Leavanny|224/272\n|-unboost|p2a: Shiftry|spa|2\n|-damage|p2a: Shiftry|191/308|[from] item: Life Orb\n|\n|-heal|p1a: Leavanny|241/272|[from] item: Leftovers\n|upkeep\n|turn|14\n|inactive|La.Hellhound has 120 seconds left.\n|\n|t:|1770690599\n|move|p1a: Leavanny|Toxic|p2a: Shiftry\n|-status|p2a: Shiftry|tox\n|move|p2a: Shiftry|Knock Off|p1a: Leavanny\n|-damage|p1a: Leavanny|85/272\n|-enditem|p1a: Leavanny|Leftovers|[from] move: Knock Off|[of] p2a: Shiftry\n|-damage|p2a: Shiftry|161/308 tox|[from] item: Life Orb\n|\n|-damage|p2a: Shiftry|142/308 tox|[from] psn\n|upkeep\n|turn|15\n|inactive|La.Hellhound has 120 seconds left.\n|\n|t:|1770690608\n|switch|p2a: Pidgeot|Pidgeot-Mega, L78, M|226/258\n|-damage|p2a: Pidgeot|162/258|[from] Stealth Rock\n|move|p1a: Leavanny|Sticky Web|p2a: Pidgeot\n|-sidestart|p2: Shabbeaugosse|move: Sticky Web\n|\n|upkeep\n|turn|16\n|\n|t:|1770690614\n|move|p2a: Pidgeot|Defog|p1a: Leavanny\n|-unboost|p1a: Leavanny|evasion|1\n|-sideend|p2: Shabbeaugosse|Stealth Rock|[from] move: Defog|[of] p2a: Pidgeot\n|-sideend|p2: Shabbeaugosse|Sticky Web|[from] move: Defog|[of] p2a: Pidgeot\n|move|p1a: Leavanny|Toxic|p2a: Pidgeot\n|-status|p2a: Pidgeot|tox\n|\n|-damage|p2a: Pidgeot|146/258 tox|[from] psn\n|upkeep\n|turn|17\n|\n|t:|1770690623\n|switch|p1a: Solrock|Solrock, L90|163/308\n|move|p2a: Pidgeot|Hurricane|p1a: Solrock\n|-resisted|p1a: Solrock\n|-damage|p1a: Solrock|88/308\n|\n|-heal|p1a: Solrock|107/308|[from] item: Leftovers\n|-damage|p2a: Pidgeot|114/258 tox|[from] psn\n|upkeep\n|turn|18\n|\n|t:|1770690640\n|switch|p2a: Jolteon|Jolteon, L81, M|238/238\n|move|p1a: Solrock|Stealth Rock|p2a: Jolteon\n|-sidestart|p2: Shabbeaugosse|move: Stealth Rock\n|\n|-heal|p1a: Solrock|126/308|[from] item: Leftovers\n|upkeep\n|turn|19\n|\n|t:|1770690647\n|switch|p1a: Aromatisse|Aromatisse, L91, M|250/332\n|move|p2a: Jolteon|Thunderbolt|p1a: Aromatisse\n|-damage|p1a: Aromatisse|106/332\n|\n|-heal|p1a: Aromatisse|126/332|[from] item: Leftovers\n|upkeep\n|turn|20\n|\n|t:|1770690654\n|move|p1a: Aromatisse|Protect|p1a: Aromatisse\n|-singleturn|p1a: Aromatisse|Protect\n|move|p2a: Jolteon|Thunderbolt|p1a: Aromatisse\n|-activate|p1a: Aromatisse|move: Protect\n|\n|-heal|p1a: Aromatisse|146/332|[from] item: Leftovers\n|upkeep\n|turn|21\n|\n|t:|1770690674\n|move|p2a: Jolteon|Thunderbolt|p1a: Aromatisse\n|-damage|p1a: Aromatisse|8/332\n|move|p1a: Aromatisse|Wish|p1a: Aromatisse\n|\n|-heal|p1a: Aromatisse|28/332|[from] item: Leftovers\n|upkeep\n|turn|22\n|\n|t:|1770690684\n|switch|p2a: Naganadel|Naganadel, L74|216/230\n|-damage|p2a: Naganadel|188/230|[from] Stealth Rock\n|move|p1a: Aromatisse|Protect||[still]\n|-fail|p1a: Aromatisse\n|\n|-heal|p1a: Aromatisse|194/332|[from] move: Wish|[wisher] Aromatisse\n|-heal|p1a: Aromatisse|214/332|[from] item: Leftovers\n|upkeep\n|turn|23\n|\n|t:|1770690693\n|move|p1a: Aromatisse|Protect|p1a: Aromatisse\n|-singleturn|p1a: Aromatisse|Protect\n|move|p2a: Naganadel|Sludge Wave|p1a: Aromatisse\n|-activate|p1a: Aromatisse|move: Protect\n|\n|-heal|p1a: Aromatisse|234/332|[from] item: Leftovers\n|upkeep\n|turn|24\n|\n|t:|1770690704\n|switch|p1a: Terrakion|Terrakion, L78|212/270\n|move|p2a: Naganadel|Sludge Wave|p1a: Terrakion\n|-resisted|p1a: Terrakion\n|-damage|p1a: Terrakion|128/270\n|\n|upkeep\n|turn|25\n|\n|t:|1770690711\n|switch|p2a: Shiftry|Shiftry, L90, F|142/308 tox\n|-damage|p2a: Shiftry|104/308 tox|[from] Stealth Rock\n|-zpower|p1a: Terrakion\n|move|p1a: Terrakion|Continental Crush|p2a: Shiftry|[zeffect]\n|-damage|p2a: Shiftry|0 fnt\n|faint|p2a: Shiftry\n|\n|upkeep\n|\n|t:|1770690717\n|switch|p2a: Jolteon|Jolteon, L81, M|238/238\n|-damage|p2a: Jolteon|209/238|[from] Stealth Rock\n|turn|26\n|\n|t:|1770690731\n|switch|p1a: Leavanny|Leavanny, L87, F|85/272\n|move|p2a: Jolteon|Thunderbolt|p1a: Leavanny\n|-resisted|p1a: Leavanny\n|-damage|p1a: Leavanny|8/272\n|\n|upkeep\n|turn|27\n|\n|t:|1770690738\n|move|p2a: Jolteon|Thunderbolt|p1a: Leavanny\n|-resisted|p1a: Leavanny\n|-damage|p1a: Leavanny|0 fnt\n|faint|p1a: Leavanny\n|\n|upkeep\n|\n|t:|1770690742\n|switch|p1a: Aromatisse|Aromatisse, L91, M|234/332\n|turn|28\n|\n|t:|1770690747\n|move|p2a: Jolteon|Thunderbolt|p1a: Aromatisse\n|-damage|p1a: Aromatisse|105/332\n|move|p1a: Aromatisse|Wish|p1a: Aromatisse\n|\n|-heal|p1a: Aromatisse|125/332|[from] item: Leftovers\n|upkeep\n|turn|29\n|\n|t:|1770690754\n|move|p1a: Aromatisse|Protect|p1a: Aromatisse\n|-singleturn|p1a: Aromatisse|Protect\n|move|p2a: Jolteon|Thunderbolt|p1a: Aromatisse\n|-activate|p1a: Aromatisse|move: Protect\n|\n|-heal|p1a: Aromatisse|291/332|[from] move: Wish|[wisher] Aromatisse\n|-heal|p1a: Aromatisse|311/332|[from] item: Leftovers\n|upkeep\n|turn|30\n|\n|t:|1770690762\n|switch|p2a: Pidgeot|Pidgeot-Mega, L78, M|114/258 tox\n|-damage|p2a: Pidgeot|50/258 tox|[from] Stealth Rock\n|move|p1a: Aromatisse|Wish|p1a: Aromatisse\n|\n|-heal|p1a: Aromatisse|331/332|[from] item: Leftovers\n|-damage|p2a: Pidgeot|34/258 tox|[from] psn\n|upkeep\n|turn|31\n|\n|t:|1770690771\n|switch|p1a: Solrock|Solrock, L90|126/308\n|move|p2a: Pidgeot|Defog|p1a: Solrock\n|-unboost|p1a: Solrock|evasion|1\n|-sideend|p2: Shabbeaugosse|Stealth Rock|[from] move: Defog|[of] p2a: Pidgeot\n|\n|-heal|p1a: Solrock|292/308|[from] move: Wish|[wisher] Aromatisse\n|-heal|p1a: Solrock|308/308|[from] item: Leftovers\n|-damage|p2a: Pidgeot|2/258 tox|[from] psn\n|upkeep\n|turn|32\n|\n|t:|1770690781\n|switch|p2a: Jolteon|Jolteon, L81, M|209/238\n|move|p1a: Solrock|Stealth Rock|p2a: Jolteon\n|-sidestart|p2: Shabbeaugosse|move: Stealth Rock\n|\n|upkeep\n|turn|33\n|\n|t:|1770690795\n|switch|p1a: Aromatisse|Aromatisse, L91, M|331/332\n|move|p2a: Jolteon|Shadow Ball|p1a: Aromatisse\n|-damage|p1a: Aromatisse|246/332\n|\n|-heal|p1a: Aromatisse|266/332|[from] item: Leftovers\n|upkeep\n|turn|34\n|\n|t:|1770690804\n|switch|p2a: Pidgeot|Pidgeot-Mega, L78, M|2/258 tox\n|-damage|p2a: Pidgeot|0 fnt|[from] Stealth Rock\n|faint|p2a: Pidgeot\n|detailschange|p2: Pidgeot|Pidgeot, L78, M|[silent]\n|move|p1a: Aromatisse|Wish|p1a: Aromatisse\n|\n|-heal|p1a: Aromatisse|286/332|[from] item: Leftovers\n|upkeep\n|\n|t:|1770690806\n|switch|p2a: Naganadel|Naganadel, L74|188/230\n|-damage|p2a: Naganadel|160/230|[from] Stealth Rock\n|turn|35\n|\n|t:|1770690816\n|switch|p1a: Terrakion|Terrakion, L78|128/270\n|move|p2a: Naganadel|Sludge Wave|p1a: Terrakion\n|-resisted|p1a: Terrakion\n|-damage|p1a: Terrakion|46/270\n|\n|-heal|p1a: Terrakion|212/270|[from] move: Wish|[wisher] Aromatisse\n|upkeep\n|turn|36\n|-message|Shabbeaugosse forfeited.\n|\n|win|La.Hellhound\n|raw|La.Hellhound's rating: 1776 &rarr; <strong>1793</strong><br />(+17 for winning)\n|raw|Shabbeaugosse's rating: 1731 &rarr; <strong>1714</strong><br />(-17 for losing)\n|l|☆Shabbeaugosse\n|player|p2|\n", "inputlog": ">version ccdc32dd7cde25fd9e4bed64820e885f66e78a4e\n>start {\"formatid\":\"gen7randombattle\",\"seed\":\"sodium,01d230eb0b4778372988734b5cc94458\",\"rated\":\"Rated battle\"}\n>player p1 {\"name\":\"La.Hellhound\",\"avatar\":\"bruno\",\"rating\":1776,\"seed\":\"sodium,91eea31e0750e60949b4a7a05ac028bf\"}\n>player p2 {\"name\":\"Shabbeaugosse\",\"avatar\":\"2\",\"rating\":1731,\"seed\":\"sodium,8b3a8afdb911c9534860cc2c346a221b\"}\n>p1 switch 4\n>p2 move sludgewave\n>p1 switch 5\n>p2 switch 3\n>p1 move stickyweb\n>p2 switch 5\n>p1 switch 2\n>p2 move defog mega\n>p1 move stealthrock\n>p2 switch 5\n>p1 switch 6\n>p2 move knockoff\n>p1 move closecombat\n>p2 switch 4\n>p1 switch 5\n>p2 move closecombat\n>p1 move slackoff\n>p2 move spectralthief zmove\n>p1 switch 4\n>p1 move moonblast\n>p2 move spectralthief\n>p2 switch 2\n>p1 switch 6\n>p2 move iciclecrash\n>p1 move stoneedge\n>p2 move swordsdance\n>p2 switch 4\n>p1 switch 2\n>p2 move leafstorm\n>p1 move toxic\n>p2 move knockoff\n>p1 move stickyweb\n>p2 switch 5\n>p1 move toxic\n>p2 move defog\n>p1 switch 2\n>p2 move hurricane\n>p1 move stealthrock\n>p2 switch 6\n>p1 switch 6\n>p2 move thunderbolt\n>p1 move protect\n>p2 move thunderbolt\n>p1 move wish\n>p2 move thunderbolt\n>p1 move protect\n>p2 switch 3\n>p1 move protect\n>p2 move sludgewave\n>p1 switch 5\n>p2 move sludgewave\n>p1 move stoneedge zmove\n>p2 switch 5\n>p2 switch 3\n>p1 switch 2\n>p2 move thunderbolt\n>p1 move stickyweb\n>p2 move thunderbolt\n>p1 switch 5\n>p1 move wish\n>p2 move thunderbolt\n>p1 move protect\n>p2 move thunderbolt\n>p1 move wish\n>p2 switch 6\n>p1 switch 6\n>p2 move defog\n>p1 move stealthrock\n>p2 switch 6\n>p1 switch 6\n>p2 move shadowball\n>p1 move wish\n>p2 switch 6\n>p2 switch 5\n>p1 switch 2\n>p2 move sludgewave\n>forcelose p2", "uploadtime": 1770690825, "views": 212, "formatid": "gen7randombattle", "rating": 1714, "private": 0, "password": null}