{"id": "gen7randombattle-2526900824", "format": "[Gen 7] Random Battle", "players": ["tyranitar18", "NTsweeper007"], "log": "|j|☆tyranitar18\n|j|☆NTsweeper007\n|t:|1769468504\n|gametype|singles\n|player|p1|tyranitar18|skyla|1717\n|player|p2|NTsweeper007|hilbert-wonderlauncher|1848\n|gen|7\n|tier|[Gen 7] Random Battle\n|rated|\n|rule|Sleep Clause Mod: Limit one foe put to sleep\n|rule|HP Percentage Mod: HP is shown in percentages\n|rule|Illusion Level Mod: Illusion disguises the Pokémon's true level\n|\n|t:|1769468504\n|teamsize|p1|6\n|teamsize|p2|6\n|start\n|switch|p1a: Yveltal|Yveltal, L70|292/292\n|switch|p2a: Giratina|Giratina-Origin, L74|344/344\n|-ability|p1a: Yveltal|Dark Aura\n|turn|1\n|inactive|Battle timer is ON: inactive players will automatically lose when time's up. (requested by tyranitar18)\n|\n|t:|1769468514\n|switch|p2a: Sylveon|Sylveon, L85, M|300/300\n|move|p1a: Yveltal|Knock Off|p2a: Sylveon\n|-resisted|p2a: Sylveon\n|-damage|p2a: Sylveon|227/300\n|-enditem|p2a: Sylveon|Leftovers|[from] move: Knock Off|[of] p1a: Yveltal\n|\n|upkeep\n|turn|2\n|inactive|tyranitar18 has 120 seconds left.\n|\n|t:|1769468554\n|switch|p1a: Dusknoir|Dusknoir, L89, F|225/225\n|-ability|p1a: Dusknoir|Pressure\n|move|p2a: Sylveon|Hyper Voice|p1a: Dusknoir\n|-damage|p1a: Dusknoir|141/225\n|\n|-heal|p1a: Dusknoir|155/225|[from] item: Leftovers\n|upkeep\n|turn|3\n|\n|t:|1769468566\n|move|p2a: Sylveon|Hyper Voice|p1a: Dusknoir\n|-damage|p1a: Dusknoir|71/225\n|move|p1a: Dusknoir|Toxic|p2a: Sylveon\n|-status|p2a: Sylveon|tox\n|\n|-heal|p1a: Dusknoir|85/225|[from] item: Leftovers\n|-damage|p2a: Sylveon|209/300 tox|[from] psn\n|upkeep\n|turn|4\n|\n|t:|1769468570\n|move|p1a: Dusknoir|Protect|p1a: Dusknoir\n|-singleturn|p1a: Dusknoir|Protect\n|move|p2a: Sylveon|Hyper Voice|p1a: Dusknoir\n|-activate|p1a: Dusknoir|move: Protect\n|\n|-heal|p1a: Dusknoir|99/225|[from] item: Leftovers\n|-damage|p2a: Sylveon|173/300 tox|[from] psn\n|upkeep\n|turn|5\n|\n|t:|1769468589\n|move|p1a: Dusknoir|Shadow Sneak|p2a: Sylveon\n|-damage|p2a: Sylveon|118/300 tox\n|move|p2a: Sylveon|Hyper Voice|p1a: Dusknoir\n|-damage|p1a: Dusknoir|3/225\n|\n|-heal|p1a: Dusknoir|17/225|[from] item: Leftovers\n|-damage|p2a: Sylveon|64/300 tox|[from] psn\n|upkeep\n|turn|6\n|\n|t:|1769468596\n|move|p1a: Dusknoir|Shadow Sneak|p2a: Sylveon\n|-damage|p2a: Sylveon|7/300 tox\n|move|p2a: Sylveon|Hyper Voice|p1a: Dusknoir\n|-damage|p1a: Dusknoir|0 fnt\n|faint|p1a: Dusknoir\n|\n|-damage|p2a: Sylveon|0 fnt|[from] psn\n|faint|p2a: Sylveon\n|upkeep\n|\n|t:|1769468607\n|switch|p2a: Aggron|Aggron, L81, F|246/246\n|switch|p1a: Yveltal|Yveltal, L70|292/292\n|-ability|p1a: Yveltal|Dark Aura\n|turn|7\n|inactive|tyranitar18 has 120 seconds left.\n|\n|t:|1769468634\n|switch|p1a: Keldeo|Keldeo-Resolute, L80|277/277\n|move|p2a: Aggron|Stealth Rock|p1a: Keldeo\n|-sidestart|p1: tyranitar18|move: Stealth Rock\n|\n|upkeep\n|turn|8\n|\n|t:|1769468639\n|switch|p2a: Giratina|Giratina-Origin, L74|344/344\n|move|p1a: Keldeo|Substitute|p1a: Keldeo\n|-start|p1a: Keldeo|Substitute\n|-damage|p1a: Keldeo|208/277\n|\n|-heal|p1a: Keldeo|225/277|[from] item: Leftovers\n|upkeep\n|turn|9\n|inactive|tyranitar18 has 120 seconds left.\n|\n|t:|1769468655\n|move|p1a: Keldeo|Scald|p2a: Giratina\n|-resisted|p2a: Giratina\n|-damage|p2a: Giratina|295/344\n|move|p2a: Giratina|Shadow Ball|p1a: Keldeo\n|-end|p1a: Keldeo|Substitute\n|\n|-heal|p1a: Keldeo|242/277|[from] item: Leftovers\n|upkeep\n|turn|10\n|\n|t:|1769468661\n|switch|p1a: Yveltal|Yveltal, L70|292/292\n|-damage|p1a: Yveltal|219/292|[from] Stealth Rock\n|-ability|p1a: Yveltal|Dark Aura\n|move|p2a: Giratina|Draco Meteor|p1a: Yveltal|[miss]\n|-miss|p2a: Giratina|p1a: Yveltal\n|\n|-heal|p1a: Yveltal|237/292|[from] item: Leftovers\n|upkeep\n|turn|11\n|\n|t:|1769468667\n|switch|p2a: Aggron|Aggron, L81, F|246/246\n|move|p1a: Yveltal|Knock Off|p2a: Aggron\n|-damage|p2a: Aggron|201/246\n|\n|-heal|p1a: Yveltal|255/292|[from] item: Leftovers\n|upkeep\n|turn|12\n|\n|t:|1769468691\n|switch|p1a: Vigoroth|Vigoroth, L88, F|284/284\n|-damage|p1a: Vigoroth|249/284|[from] Stealth Rock\n|switch|p2a: Plusle|Plusle, L95, F|268/268\n|\n|upkeep\n|turn|13\n|\n|t:|1769468698\n|move|p2a: Plusle|Nasty Plot|p2a: Plusle\n|-boost|p2a: Plusle|spa|2\n|move|p1a: Vigoroth|Earthquake|p2a: Plusle\n|-supereffective|p2a: Plusle\n|-damage|p2a: Plusle|74/268\n|\n|upkeep\n|turn|14\n|\n|t:|1769468707\n|move|p2a: Plusle|Thunderbolt|p1a: Vigoroth\n|-crit|p1a: Vigoroth\n|-damage|p1a: Vigoroth|0 fnt\n|faint|p1a: Vigoroth\n|-damage|p2a: Plusle|48/268|[from] item: Life Orb\n|\n|upkeep\n|\n|t:|1769468716\n|switch|p1a: Yveltal|Yveltal, L70|255/292\n|-damage|p1a: Yveltal|182/292|[from] Stealth Rock\n|-ability|p1a: Yveltal|Dark Aura\n|turn|15\n|\n|t:|1769468718\n|move|p1a: Yveltal|Sucker Punch|p2a: Plusle\n|-damage|p2a: Plusle|0 fnt\n|faint|p2a: Plusle\n|\n|-heal|p1a: Yveltal|200/292|[from] item: Leftovers\n|upkeep\n|\n|t:|1769468723\n|switch|p2a: Ho-Oh|Ho-Oh, L72|272/272\n|turn|16\n|\n|t:|1769468742\n|switch|p1a: Keldeo|Keldeo-Resolute, L80|242/277\n|-damage|p1a: Keldeo|225/277|[from] Stealth Rock\n|move|p2a: Ho-Oh|Toxic|p1a: Keldeo\n|-status|p1a: Keldeo|tox\n|\n|-heal|p1a: Keldeo|242/277 tox|[from] item: Leftovers\n|-damage|p1a: Keldeo|225/277 tox|[from] psn\n|upkeep\n|turn|17\n|\n|t:|1769468745\n|move|p1a: Keldeo|Scald|p2a: Ho-Oh\n|-supereffective|p2a: Ho-Oh\n|-damage|p2a: Ho-Oh|116/272\n|move|p2a: Ho-Oh|Brave Bird|p1a: Keldeo\n|-supereffective|p1a: Keldeo\n|-damage|p1a: Keldeo|0 fnt\n|faint|p1a: Keldeo\n|-damage|p2a: Ho-Oh|42/272|[from] Recoil\n|\n|-heal|p2a: Ho-Oh|59/272|[from] item: Leftovers\n|upkeep\n|\n|t:|1769468748\n|switch|p1a: Jolteon|Jolteon, L81, F|238/238\n|-damage|p1a: Jolteon|209/238|[from] Stealth Rock\n|turn|18\n|\n|t:|1769468755\n|switch|p2a: Dhelmise|Dhelmise, L91|275/275\n|move|p1a: Jolteon|Volt Switch|p2a: Dhelmise\n|-resisted|p2a: Dhelmise\n|-damage|p2a: Dhelmise|221/275\n|\n|t:|1769468757\n|switch|p1a: Yveltal|Yveltal, L70|200/292|[from] Volt Switch\n|-damage|p1a: Yveltal|127/292|[from] Stealth Rock\n|-ability|p1a: Yveltal|Dark Aura\n|\n|-heal|p1a: Yveltal|145/292|[from] item: Leftovers\n|upkeep\n|turn|19\n|\n|t:|1769468760\n|switch|p2a: Aggron|Aggron, L81, F|201/246\n|move|p1a: Yveltal|Roost|p1a: Yveltal\n|-heal|p1a: Yveltal|291/292\n|-singleturn|p1a: Yveltal|move: Roost\n|\n|-heal|p1a: Yveltal|292/292|[from] item: Leftovers\n|upkeep\n|turn|20\n|\n|t:|1769468767\n|switch|p1a: Jolteon|Jolteon, L81, F|209/238\n|-damage|p1a: Jolteon|180/238|[from] Stealth Rock\n|move|p2a: Aggron|Earthquake|p1a: Jolteon\n|-supereffective|p1a: Jolteon\n|-damage|p1a: Jolteon|0 fnt\n|faint|p1a: Jolteon\n|\n|upkeep\n|\n|t:|1769468769\n|switch|p1a: Yveltal|Yveltal, L70|292/292\n|-damage|p1a: Yveltal|219/292|[from] Stealth Rock\n|-ability|p1a: Yveltal|Dark Aura\n|turn|21\n|\n|t:|1769468774\n|move|p1a: Yveltal|Knock Off|p2a: Aggron\n|-damage|p2a: Aggron|149/246\n|move|p2a: Aggron|Stone Edge|p1a: Yveltal\n|-supereffective|p1a: Yveltal\n|-damage|p1a: Yveltal|0 fnt\n|faint|p1a: Yveltal\n|\n|upkeep\n|-message|tyranitar18 forfeited.\n|\n|win|NTsweeper007\n|raw|tyranitar18's rating: 1690 &rarr; <strong>1679</strong><br />(-11 for losing)\n|raw|NTsweeper007's rating: 1848 &rarr; <strong>1859</strong><br />(+11 for winning)\n|l|☆tyranitar18\n|player|p1|\n", "inputlog": ">version b99ff0165a6231f17e8b78c2a78d1998375de664\n>start {\"formatid\":\"gen7randombattle\",\"seed\":\"sodium,d93ed19825bdd72eb891e904f7fd326f\",\"rated\":\"Rated battle\"}\n>player p1 {\"name\":\"tyranitar18\",\"avatar\":\"skyla\",\"rating\":1717,\"seed\":\"sodium,84cd3d0e48102c1ce58fba72feeff1f4\"}\n>player p2 {\"name\":\"NTsweeper007\",\"avatar\":\"hilbert-wonderlauncher\",\"rating\":1848,\"seed\":\"sodium,a9d2b97ce3788fced1f28721963f30b0\"}\n>p1 move knockoff\n>p2 switch 4\n>p1 switch 2\n>p2 move hypervoice\n>p1 move toxic\n>p2 move hypervoice\n>p1 move protect\n>p2 move hypervoice\n>p1 move shadowsneak\n>p2 move hypervoice\n>p1 move shadowsneak\n>p2 move hypervoice\n>p1 switch 2\n>p2 switch 2\n>p1 switch 6\n>p2 move stealthrock\n>p1 move substitute\n>p2 switch 4\n>p1 move scald\n>p2 move shadowball\n>p1 switch 6\n>p2 move dracometeor\n>p1 move knockoff\n>p2 switch 4\n>p1 switch 3\n>p2 switch 3\n>p1 move earthquake\n>p2 move nastyplot\n>p1 move bodyslam\n>p2 move thunderbolt\n>p1 switch 3\n>p1 move suckerpunch\n>p2 move thunderbolt\n>p2 switch 6\n>p1 switch 6\n>p2 move toxic\n>p1 move scald\n>p2 move bravebird\n>p1 switch 5\n>p1 move voltswitch\n>p2 switch 5\n>p1 switch 6\n>p1 move roost\n>p2 switch 3\n>p1 switch 6\n>p2 move earthquake\n>p1 switch 6\n>p1 move knockoff\n>p2 move stoneedge\n>forcelose p1", "uploadtime": 1769468780, "views": 188, "formatid": "gen7randombattle", "rating": 1679, "private": 0, "password": null}