{"id": "gen7randombattle-2535288219", "format": "[Gen 7] Random Battle", "players": ["luluwuwei", "may/gen3"], "log": "|j|☆luluwuwei\n|j|☆may/gen3\n|t:|1770545116\n|gametype|singles\n|player|p1|luluwuwei|miku-ghost|1561\n|player|p2|may/gen3|may|1790\n|gen|7\n|tier|[Gen 7] Random Battle\n|rated|\n|rule|Sleep Clause Mod: Limit one foe put to sleep\n|rule|HP Percentage Mod: HP is shown in percentages\n|rule|Illusion Level Mod: Illusion disguises the Pokémon's true level\n|\n|t:|1770545116\n|teamsize|p1|6\n|teamsize|p2|6\n|start\n|switch|p1a: Gogoat|Gogoat, L91, M|372/372\n|switch|p2a: Pyukumuku|Pyukumuku, L92, F|251/251\n|turn|1\n|inactive|Battle timer is ON: inactive players will automatically lose when time's up. (requested by may/gen3)\n|\n|t:|1770545133\n|move|p1a: Gogoat|Bulk Up|p1a: Gogoat\n|-boost|p1a: Gogoat|atk|1\n|-boost|p1a: Gogoat|def|1\n|move|p2a: Pyukumuku|Toxic|p1a: Gogoat\n|-status|p1a: Gogoat|tox\n|\n|-damage|p1a: Gogoat|349/372 tox|[from] psn\n|upkeep\n|turn|2\n|\n|t:|1770545137\n|switch|p2a: Scrafty|Scrafty, L84, F|246/246\n|-ability|p2a: Scrafty|Intimidate|boost\n|-unboost|p1a: Gogoat|atk|1\n|move|p1a: Gogoat|Horn Leech|p2a: Scrafty\n|-damage|p2a: Scrafty|170/246\n|-heal|p1a: Gogoat|372/372 tox|[from] drain|[of] p2a: Scrafty\n|\n|-heal|p2a: Scrafty|185/246|[from] item: Leftovers\n|-damage|p1a: Gogoat|326/372 tox|[from] psn\n|upkeep\n|turn|3\n|\n|t:|1770545144\n|switch|p1a: Azelf|Azelf, L82|257/257\n|move|p2a: Scrafty|Knock Off|p1a: Azelf\n|-supereffective|p1a: Azelf\n|-damage|p1a: Azelf|9/257\n|-enditem|p1a: Azelf|Choice Specs|[from] move: Knock Off|[of] p2a: Scrafty\n|\n|-heal|p2a: Scrafty|200/246|[from] item: Leftovers\n|upkeep\n|turn|4\n|\n|t:|1770545149\n|switch|p2a: Gardevoir|Gardevoir, L83, F|249/249\n|-ability|p2a: Gardevoir|Levitate|Trace|[from] ability: Trace|[of] p1a: Azelf\n|move|p1a: Azelf|Dazzling Gleam|p2a: Gardevoir\n|-damage|p2a: Gardevoir|192/249\n|\n|-heal|p2a: Gardevoir|207/249|[from] item: Leftovers\n|upkeep\n|turn|5\n|\n|t:|1770545152\n|move|p1a: Azelf|U-turn|p2a: Gardevoir\n|-damage|p2a: Gardevoir|138/249\n|\n|t:|1770545156\n|switch|p1a: Gogoat|Gogoat, L91, M|326/372 tox|[from] U-turn\n|move|p2a: Gardevoir|Moonblast|p1a: Gogoat\n|-damage|p1a: Gogoat|202/372 tox\n|\n|-heal|p2a: Gardevoir|153/249|[from] item: Leftovers\n|-heal|p1a: Gogoat|225/372 tox|[from] item: Leftovers\n|-damage|p1a: Gogoat|202/372 tox|[from] psn\n|upkeep\n|turn|6\n|\n|t:|1770545165\n|switch|p2a: Scrafty|Scrafty, L84, F|200/246\n|-ability|p2a: Scrafty|Intimidate|boost\n|-unboost|p1a: Gogoat|atk|1\n|move|p1a: Gogoat|Horn Leech|p2a: Scrafty\n|-damage|p2a: Scrafty|148/246\n|-heal|p1a: Gogoat|228/372 tox|[from] drain|[of] p2a: Scrafty\n|\n|-heal|p1a: Gogoat|251/372 tox|[from] item: Leftovers\n|-heal|p2a: Scrafty|163/246|[from] item: Leftovers\n|-damage|p1a: Gogoat|205/372 tox|[from] psn\n|upkeep\n|turn|7\n|\n|t:|1770545171\n|move|p1a: Gogoat|Horn Leech|p2a: Scrafty\n|-damage|p2a: Scrafty|111/246\n|-heal|p1a: Gogoat|231/372 tox|[from] drain|[of] p2a: Scrafty\n|move|p2a: Scrafty|Knock Off|p1a: Gogoat\n|-damage|p1a: Gogoat|107/372 tox\n|-enditem|p1a: Gogoat|Leftovers|[from] move: Knock Off|[of] p2a: Scrafty\n|\n|-heal|p2a: Scrafty|126/246|[from] item: Leftovers\n|-damage|p1a: Gogoat|38/372 tox|[from] psn\n|upkeep\n|turn|8\n|\n|t:|1770545178\n|move|p1a: Gogoat|Horn Leech|p2a: Scrafty\n|-damage|p2a: Scrafty|75/246\n|-heal|p1a: Gogoat|64/372 tox|[from] drain|[of] p2a: Scrafty\n|move|p2a: Scrafty|Knock Off|p1a: Gogoat\n|-damage|p1a: Gogoat|0 fnt\n|faint|p1a: Gogoat\n|\n|-heal|p2a: Scrafty|90/246|[from] item: Leftovers\n|upkeep\n|\n|t:|1770545181\n|switch|p1a: Azelf|Azelf, L82|9/257\n|turn|9\n|\n|t:|1770545183\n|move|p1a: Azelf|Dazzling Gleam|p2a: Scrafty\n|-supereffective|p2a: Scrafty\n|-damage|p2a: Scrafty|0 fnt\n|faint|p2a: Scrafty\n|\n|upkeep\n|\n|t:|1770545191\n|switch|p2a: Pyukumuku|Pyukumuku, L92, F|251/251\n|turn|10\n|\n|t:|1770545194\n|move|p1a: Azelf|U-turn|p2a: Pyukumuku\n|-damage|p2a: Pyukumuku|210/251\n|\n|t:|1770545198\n|switch|p1a: Vivillon|Vivillon-Elegant, L85, M|275/275|[from] U-turn\n|move|p2a: Pyukumuku|Toxic|p1a: Vivillon\n|-status|p1a: Vivillon|tox\n|\n|-heal|p2a: Pyukumuku|225/251|[from] item: Leftovers\n|-damage|p1a: Vivillon|258/275 tox|[from] psn\n|upkeep\n|turn|11\n|\n|t:|1770545202\n|move|p1a: Vivillon|Sleep Powder|p2a: Pyukumuku\n|-status|p2a: Pyukumuku|slp|[from] move: Sleep Powder\n|cant|p2a: Pyukumuku|slp\n|\n|-heal|p1a: Vivillon|275/275 tox|[from] item: Leftovers\n|-heal|p2a: Pyukumuku|240/251 slp|[from] item: Leftovers\n|-damage|p1a: Vivillon|241/275 tox|[from] psn\n|upkeep\n|turn|12\n|\n|t:|1770545205\n|move|p1a: Vivillon|Quiver Dance|p1a: Vivillon\n|-boost|p1a: Vivillon|spa|1\n|-boost|p1a: Vivillon|spd|1\n|-boost|p1a: Vivillon|spe|1\n|cant|p2a: Pyukumuku|slp\n|\n|-heal|p1a: Vivillon|258/275 tox|[from] item: Leftovers\n|-heal|p2a: Pyukumuku|251/251 slp|[from] item: Leftovers\n|-damage|p1a: Vivillon|207/275 tox|[from] psn\n|upkeep\n|turn|13\n|\n|t:|1770545209\n|move|p1a: Vivillon|Quiver Dance|p1a: Vivillon\n|-boost|p1a: Vivillon|spa|1\n|-boost|p1a: Vivillon|spd|1\n|-boost|p1a: Vivillon|spe|1\n|cant|p2a: Pyukumuku|slp\n|\n|-heal|p1a: Vivillon|224/275 tox|[from] item: Leftovers\n|-damage|p1a: Vivillon|156/275 tox|[from] psn\n|upkeep\n|turn|14\n|\n|t:|1770545212\n|move|p1a: Vivillon|Hurricane|p2a: Pyukumuku\n|-damage|p2a: Pyukumuku|175/251 slp\n|-curestatus|p2a: Pyukumuku|slp|[msg]\n|move|p2a: Pyukumuku|Recover|p2a: Pyukumuku\n|-heal|p2a: Pyukumuku|251/251\n|\n|-heal|p1a: Vivillon|173/275 tox|[from] item: Leftovers\n|-damage|p1a: Vivillon|88/275 tox|[from] psn\n|upkeep\n|turn|15\n|\n|t:|1770545217\n|move|p1a: Vivillon|Energy Ball|p2a: Pyukumuku\n|-supereffective|p2a: Pyukumuku\n|-damage|p2a: Pyukumuku|167/251\n|move|p2a: Pyukumuku|Soak|p1a: Vivillon\n|-start|p1a: Vivillon|typechange|Water\n|\n|-heal|p1a: Vivillon|105/275 tox|[from] item: Leftovers\n|-heal|p2a: Pyukumuku|182/251|[from] item: Leftovers\n|-damage|p1a: Vivillon|3/275 tox|[from] psn\n|upkeep\n|turn|16\n|\n|t:|1770545219\n|move|p1a: Vivillon|Sleep Powder|p2a: Pyukumuku\n|-status|p2a: Pyukumuku|slp|[from] move: Sleep Powder\n|cant|p2a: Pyukumuku|slp\n|\n|-heal|p1a: Vivillon|20/275 tox|[from] item: Leftovers\n|-heal|p2a: Pyukumuku|197/251 slp|[from] item: Leftovers\n|-damage|p1a: Vivillon|0 fnt|[from] psn\n|faint|p1a: Vivillon\n|upkeep\n|\n|t:|1770545226\n|switch|p1a: Azelf|Azelf, L82|9/257\n|turn|17\n|\n|t:|1770545229\n|move|p1a: Azelf|Psyshock|p2a: Pyukumuku\n|-damage|p2a: Pyukumuku|128/251 slp\n|-curestatus|p2a: Pyukumuku|slp|[msg]\n|move|p2a: Pyukumuku|Recover|p2a: Pyukumuku\n|-heal|p2a: Pyukumuku|251/251\n|\n|upkeep\n|turn|18\n|\n|t:|1770545233\n|move|p1a: Azelf|U-turn|p2a: Pyukumuku\n|-damage|p2a: Pyukumuku|211/251\n|\n|t:|1770545234\n|switch|p1a: Corsola|Corsola, L96, F|280/280|[from] U-turn\n|move|p2a: Pyukumuku|Toxic|p1a: Corsola\n|-status|p1a: Corsola|tox\n|\n|-heal|p2a: Pyukumuku|226/251|[from] item: Leftovers\n|-damage|p1a: Corsola|263/280 tox|[from] psn\n|upkeep\n|turn|19\n|\n|t:|1770545241\n|switch|p2a: Xurkitree|Xurkitree, L80|264/264\n|move|p1a: Corsola|Toxic|p2a: Xurkitree\n|-status|p2a: Xurkitree|tox\n|\n|-heal|p1a: Corsola|280/280 tox|[from] item: Leftovers\n|-damage|p2a: Xurkitree|248/264 tox|[from] psn\n|-damage|p1a: Corsola|246/280 tox|[from] psn\n|upkeep\n|turn|20\n|\n|t:|1770545247\n|move|p2a: Xurkitree|Thunderbolt|p1a: Corsola\n|-supereffective|p1a: Corsola\n|-damage|p1a: Corsola|10/280 tox\n|move|p1a: Corsola|Scald|p2a: Xurkitree\n|-damage|p2a: Xurkitree|152/264 tox\n|\n|-heal|p1a: Corsola|27/280 tox|[from] item: Leftovers\n|-damage|p2a: Xurkitree|120/264 tox|[from] psn\n|-damage|p1a: Corsola|0 fnt|[from] psn\n|faint|p1a: Corsola\n|upkeep\n|\n|t:|1770545251\n|switch|p1a: Blaziken|Blaziken, L73, F|237/237\n|turn|21\n|\n|t:|1770545256\n|switch|p2a: Pyukumuku|Pyukumuku, L92, F|226/251\n|detailschange|p1a: Blaziken|Blaziken-Mega, L73, F\n|-mega|p1a: Blaziken|Blaziken|Blazikenite\n|move|p1a: Blaziken|Swords Dance|p1a: Blaziken\n|-boost|p1a: Blaziken|atk|2\n|\n|-heal|p2a: Pyukumuku|241/251|[from] item: Leftovers\n|-ability|p1a: Blaziken|Speed Boost|boost\n|-boost|p1a: Blaziken|spe|1\n|upkeep\n|turn|22\n|\n|t:|1770545259\n|move|p1a: Blaziken|Knock Off|p2a: Pyukumuku\n|-crit|p2a: Pyukumuku\n|-damage|p2a: Pyukumuku|165/251\n|-enditem|p2a: Pyukumuku|Leftovers|[from] move: Knock Off|[of] p1a: Blaziken\n|move|p2a: Pyukumuku|Toxic|p1a: Blaziken\n|-status|p1a: Blaziken|tox\n|\n|-damage|p1a: Blaziken|223/237 tox|[from] psn\n|-ability|p1a: Blaziken|Speed Boost|boost\n|-boost|p1a: Blaziken|spe|1\n|upkeep\n|turn|23\n|\n|t:|1770545261\n|move|p1a: Blaziken|High Jump Kick|p2a: Pyukumuku\n|-damage|p2a: Pyukumuku|59/251\n|move|p2a: Pyukumuku|Recover|p2a: Pyukumuku\n|-heal|p2a: Pyukumuku|185/251\n|\n|-damage|p1a: Blaziken|195/237 tox|[from] psn\n|-ability|p1a: Blaziken|Speed Boost|boost\n|-boost|p1a: Blaziken|spe|1\n|upkeep\n|turn|24\n|\n|t:|1770545264\n|move|p1a: Blaziken|High Jump Kick|p2a: Pyukumuku\n|-damage|p2a: Pyukumuku|73/251\n|move|p2a: Pyukumuku|Recover|p2a: Pyukumuku\n|-heal|p2a: Pyukumuku|199/251\n|\n|-damage|p1a: Blaziken|153/237 tox|[from] psn\n|-ability|p1a: Blaziken|Speed Boost|boost\n|-boost|p1a: Blaziken|spe|1\n|upkeep\n|turn|25\n|\n|t:|1770545266\n|move|p1a: Blaziken|High Jump Kick|p2a: Pyukumuku\n|-damage|p2a: Pyukumuku|91/251\n|move|p2a: Pyukumuku|Recover|p2a: Pyukumuku\n|-heal|p2a: Pyukumuku|217/251\n|\n|-damage|p1a: Blaziken|97/237 tox|[from] psn\n|-ability|p1a: Blaziken|Speed Boost|boost\n|-boost|p1a: Blaziken|spe|1\n|upkeep\n|turn|26\n|-message|luluwuwei forfeited.\n|\n|win|may/gen3\n|raw|luluwuwei's rating: 1561 &rarr; <strong>1553</strong><br />(-8 for losing)\n|raw|may&#x2f;gen3's rating: 1790 &rarr; <strong>1798</strong><br />(+8 for winning)\n|l|☆luluwuwei\n|player|p1|\n", "inputlog": ">version ccdc32dd7cde25fd9e4bed64820e885f66e78a4e\n>start {\"formatid\":\"gen7randombattle\",\"seed\":\"sodium,9e4714582d34847428194bb26c74fa99\",\"rated\":\"Rated battle\"}\n>player p1 {\"name\":\"luluwuwei\",\"avatar\":\"miku-ghost\",\"rating\":1561,\"seed\":\"sodium,1258e93534b606157a64cb527a1b2881\"}\n>player p2 {\"name\":\"may/gen3\",\"avatar\":\"may\",\"rating\":1790,\"seed\":\"sodium,97a589ae0681563e33ffacbaaf89e09e\"}\n>p1 move bulkup\n>p2 move toxic\n>p1 move hornleech\n>p2 switch 4\n>p1 switch 5\n>p2 move knockoff\n>p1 move dazzlinggleam\n>p2 switch 2\n>p1 move uturn\n>p2 move moonblast\n>p1 switch 5\n>p1 move hornleech\n>p2 switch 2\n>p1 move hornleech\n>p2 move knockoff\n>p1 move hornleech\n>p2 move knockoff\n>p1 switch 5\n>p1 move dazzlinggleam\n>p2 move knockoff\n>p2 switch 4\n>p1 move uturn\n>p2 move toxic\n>p1 switch 4\n>p1 move sleeppowder\n>p2 move soak\n>p1 move quiverdance\n>p2 move soak\n>p1 move quiverdance\n>p2 move recover\n>p1 move hurricane\n>p2 move recover\n>p1 move energyball\n>p2 move soak\n>p1 move sleeppowder\n>p2 move recover\n>p1 switch 4\n>p1 move psyshock\n>p2 move recover\n>p1 move uturn\n>p2 move toxic\n>p1 switch 2\n>p1 move toxic\n>p2 switch 3\n>p1 move scald\n>p2 move thunderbolt\n>p1 switch 3\n>p1 move swordsdance mega\n>p2 switch 3\n>p1 move knockoff\n>p2 move toxic\n>p1 move highjumpkick\n>p2 move recover\n>p1 move highjumpkick\n>p2 move recover\n>p1 move highjumpkick\n>p2 move recover\n>forcelose p1", "uploadtime": 1770545273, "views": 195, "formatid": "gen7randombattle", "rating": 1553, "private": 0, "password": null}