{"id": "gen7randombattle-2523438249", "format": "[Gen 7] Random Battle", "players": ["Meuby Law", "Galamianogi"], "log": "|j|☆Meuby Law\n|j|‽Galamianogi\n|t:|1769025396\n|gametype|singles\n|player|p1|Meuby Law|hau-stance|1535\n|player|p2|Galamianogi|gladion-stance|1622\n|gen|7\n|tier|[Gen 7] Random Battle\n|rated|\n|rule|Sleep Clause Mod: Limit one foe put to sleep\n|rule|HP Percentage Mod: HP is shown in percentages\n|rule|Illusion Level Mod: Illusion disguises the Pokémon's true level\n|\n|t:|1769025396\n|teamsize|p1|6\n|teamsize|p2|6\n|start\n|switch|p1a: Gigalith|Gigalith, L82, F|274/274\n|switch|p2a: Mew|Mew, L80|291/291\n|-weather|Sandstorm|[from] ability: Sand Stream|[of] p1a: Gigalith\n|turn|1\n|inactive|Battle timer is ON: inactive players will automatically lose when time's up. (requested by Galamianogi)\n|\n|t:|1769025413\n|move|p2a: Mew|Taunt|p1a: Gigalith\n|-start|p1a: Gigalith|move: Taunt\n|cant|p1a: Gigalith|move: Taunt|Stealth Rock\n|\n|-weather|Sandstorm|[upkeep]\n|-damage|p2a: Mew|273/291|[from] Sandstorm\n|-heal|p2a: Mew|291/291|[from] item: Leftovers\n|upkeep\n|turn|2\n|\n|t:|1769025425\n|switch|p2a: Hitmonchan|Hitmonchan, L87, M|229/229\n|switch|p1a: Jirachi|Jirachi, L76|277/277\n|\n|-weather|Sandstorm|[upkeep]\n|-damage|p2a: Hitmonchan|215/229|[from] Sandstorm\n|upkeep\n|turn|3\n|\n|t:|1769025444\n|-zpower|p1a: Jirachi\n|move|p1a: Jirachi|Z-Happy Hour|p1a: Jirachi|[anim]Happy Hour\n|-boost|p1a: Jirachi|atk|1|[zeffect]\n|-boost|p1a: Jirachi|def|1|[zeffect]\n|-boost|p1a: Jirachi|spa|1|[zeffect]\n|-boost|p1a: Jirachi|spd|1|[zeffect]\n|-boost|p1a: Jirachi|spe|1|[zeffect]\n|move|p2a: Hitmonchan|Drain Punch|p1a: Jirachi\n|-damage|p1a: Jirachi|162/277\n|-heal|p2a: Hitmonchan|229/229|[from] drain|[of] p1a: Jirachi\n|\n|-weather|Sandstorm|[upkeep]\n|-damage|p2a: Hitmonchan|215/229|[from] Sandstorm\n|upkeep\n|turn|4\n|inactive|Meuby Law has 120 seconds left.\n|\n|t:|1769025503\n|move|p1a: Jirachi|Drain Punch|p2a: Hitmonchan\n|-damage|p2a: Hitmonchan|147/229\n|-heal|p1a: Jirachi|196/277|[from] drain|[of] p2a: Hitmonchan\n|move|p2a: Hitmonchan|Drain Punch|p1a: Jirachi\n|-damage|p1a: Jirachi|90/277\n|-heal|p2a: Hitmonchan|200/229|[from] drain|[of] p1a: Jirachi\n|\n|-weather|Sandstorm|[upkeep]\n|-damage|p2a: Hitmonchan|186/229|[from] Sandstorm\n|upkeep\n|turn|5\n|\n|t:|1769025507\n|move|p1a: Jirachi|Iron Head|p2a: Hitmonchan\n|-damage|p2a: Hitmonchan|71/229\n|move|p2a: Hitmonchan|Drain Punch|p1a: Jirachi\n|-damage|p1a: Jirachi|0 fnt\n|-heal|p2a: Hitmonchan|116/229|[from] drain|[of] p1a: Jirachi\n|faint|p1a: Jirachi\n|\n|-weather|none\n|upkeep\n|\n|t:|1769025522\n|switch|p1a: Buzzwole|Buzzwole, L79|299/299\n|turn|6\n|\n|t:|1769025537\n|switch|p2a: Beedrill|Beedrill, L94, F|275/275\n|move|p1a: Buzzwole|Bulk Up|p1a: Buzzwole\n|-boost|p1a: Buzzwole|atk|1\n|-boost|p1a: Buzzwole|def|1\n|\n|upkeep\n|turn|7\n|\n|t:|1769025546\n|move|p2a: Beedrill|Poison Jab|p1a: Buzzwole\n|-damage|p1a: Buzzwole|251/299\n|-status|p1a: Buzzwole|psn\n|move|p1a: Buzzwole|Stone Edge|p2a: Beedrill|[miss]\n|-miss|p1a: Buzzwole|p2a: Beedrill\n|\n|-heal|p1a: Buzzwole|269/299 psn|[from] item: Leftovers\n|-damage|p1a: Buzzwole|232/299 psn|[from] psn\n|upkeep\n|turn|8\n|\n|t:|1769025555\n|move|p2a: Beedrill|Toxic Spikes|p1a: Buzzwole\n|-sidestart|p1: Meuby Law|move: Toxic Spikes\n|move|p1a: Buzzwole|Stone Edge|p2a: Beedrill\n|-supereffective|p2a: Beedrill\n|-crit|p2a: Beedrill\n|-damage|p2a: Beedrill|0 fnt\n|faint|p2a: Beedrill\n|-ability|p1a: Buzzwole|Beast Boost|boost\n|-boost|p1a: Buzzwole|atk|1\n|\n|-heal|p1a: Buzzwole|250/299 psn|[from] item: Leftovers\n|-damage|p1a: Buzzwole|213/299 psn|[from] psn\n|upkeep\n|\n|t:|1769025560\n|switch|p2a: Pidgeot|Pidgeot, L78, M|258/258\n|turn|9\n|\n|t:|1769025562\n|switch|p1a: Gigalith|Gigalith, L82, F|274/274\n|-status|p1a: Gigalith|psn\n|-weather|Sandstorm|[from] ability: Sand Stream|[of] p1a: Gigalith\n|detailschange|p2a: Pidgeot|Pidgeot-Mega, L78, M\n|-mega|p2a: Pidgeot|Pidgeot|Pidgeotite\n|move|p2a: Pidgeot|Hurricane|p1a: Gigalith\n|-resisted|p1a: Gigalith\n|-damage|p1a: Gigalith|224/274 psn\n|\n|-weather|Sandstorm|[upkeep]\n|-damage|p2a: Pidgeot|242/258|[from] Sandstorm\n|-heal|p1a: Gigalith|241/274 psn|[from] item: Leftovers\n|-damage|p1a: Gigalith|207/274 psn|[from] psn\n|upkeep\n|turn|10\n|\n|t:|1769025568\n|move|p2a: Pidgeot|U-turn|p1a: Gigalith\n|-damage|p1a: Gigalith|177/274 psn\n|\n|t:|1769025572\n|switch|p2a: Mew|Mew, L80|291/291|[from] U-turn\n|move|p1a: Gigalith|Stealth Rock|p2a: Mew\n|-sidestart|p2: Galamianogi|move: Stealth Rock\n|\n|-weather|Sandstorm|[upkeep]\n|-damage|p2a: Mew|273/291|[from] Sandstorm\n|-heal|p2a: Mew|291/291|[from] item: Leftovers\n|-heal|p1a: Gigalith|194/274 psn|[from] item: Leftovers\n|-damage|p1a: Gigalith|160/274 psn|[from] psn\n|upkeep\n|turn|11\n|\n|t:|1769025579\n|move|p2a: Mew|Defog|p1a: Gigalith\n|-unboost|p1a: Gigalith|evasion|1\n|-sideend|p1: Meuby Law|Toxic Spikes|[from] move: Defog|[of] p2a: Mew\n|-sideend|p2: Galamianogi|Stealth Rock|[from] move: Defog|[of] p2a: Mew\n|move|p1a: Gigalith|Stone Edge|p2a: Mew\n|-damage|p2a: Mew|167/291\n|\n|-weather|Sandstorm|[upkeep]\n|-damage|p2a: Mew|149/291|[from] Sandstorm\n|-heal|p2a: Mew|167/291|[from] item: Leftovers\n|-heal|p1a: Gigalith|177/274 psn|[from] item: Leftovers\n|-damage|p1a: Gigalith|143/274 psn|[from] psn\n|upkeep\n|turn|12\n|\n|t:|1769025585\n|move|p2a: Mew|Taunt|p1a: Gigalith\n|-start|p1a: Gigalith|move: Taunt\n|cant|p1a: Gigalith|move: Taunt|Stealth Rock\n|\n|-weather|Sandstorm|[upkeep]\n|-damage|p2a: Mew|149/291|[from] Sandstorm\n|-heal|p2a: Mew|167/291|[from] item: Leftovers\n|-heal|p1a: Gigalith|160/274 psn|[from] item: Leftovers\n|-damage|p1a: Gigalith|126/274 psn|[from] psn\n|upkeep\n|turn|13\n|\n|t:|1769025589\n|move|p2a: Mew|Roost|p2a: Mew\n|-heal|p2a: Mew|291/291\n|-singleturn|p2a: Mew|move: Roost\n|move|p1a: Gigalith|Stone Edge|p2a: Mew\n|-damage|p2a: Mew|174/291\n|\n|-weather|none\n|-heal|p2a: Mew|192/291|[from] item: Leftovers\n|-heal|p1a: Gigalith|143/274 psn|[from] item: Leftovers\n|-damage|p1a: Gigalith|109/274 psn|[from] psn\n|upkeep\n|turn|14\n|\n|t:|1769025593\n|move|p2a: Mew|Psychic|p1a: Gigalith\n|-damage|p1a: Gigalith|13/274 psn\n|move|p1a: Gigalith|Stone Edge|p2a: Mew\n|-damage|p2a: Mew|62/291\n|\n|-heal|p2a: Mew|80/291|[from] item: Leftovers\n|-heal|p1a: Gigalith|30/274 psn|[from] item: Leftovers\n|-damage|p1a: Gigalith|0 fnt|[from] psn\n|faint|p1a: Gigalith\n|upkeep\n|\n|t:|1769025596\n|switch|p1a: Typhlosion|Typhlosion, L85, F|270/270\n|turn|15\n|\n|t:|1769025602\n|move|p1a: Typhlosion|Eruption|p2a: Mew\n|-damage|p2a: Mew|0 fnt\n|faint|p2a: Mew\n|\n|upkeep\n|\n|t:|1769025611\n|switch|p2a: Pidgeot|Pidgeot-Mega, L78, M|242/258\n|turn|16\n|\n|t:|1769025615\n|move|p1a: Typhlosion|Eruption|p2a: Pidgeot\n|-damage|p2a: Pidgeot|25/258\n|move|p2a: Pidgeot|Hurricane|p1a: Typhlosion\n|-damage|p1a: Typhlosion|128/270\n|\n|upkeep\n|turn|17\n|\n|t:|1769025622\n|switch|p2a: Hitmonchan|Hitmonchan, L87, M|116/229\n|move|p1a: Typhlosion|Eruption|p2a: Hitmonchan\n|-damage|p2a: Hitmonchan|47/229\n|\n|upkeep\n|turn|18\n|\n|t:|1769025629\n|move|p2a: Hitmonchan|Mach Punch|p1a: Typhlosion\n|-damage|p1a: Typhlosion|34/270\n|move|p1a: Typhlosion|Eruption|p2a: Hitmonchan\n|-damage|p2a: Hitmonchan|28/229\n|\n|upkeep\n|turn|19\n|\n|t:|1769025633\n|switch|p1a: Feraligatr|Feraligatr, L79, F|264/264\n|move|p2a: Hitmonchan|Mach Punch|p1a: Feraligatr\n|-damage|p1a: Feraligatr|186/264\n|\n|upkeep\n|turn|20\n|\n|t:|1769025641\n|move|p2a: Hitmonchan|Mach Punch|p1a: Feraligatr\n|-damage|p1a: Feraligatr|110/264\n|move|p1a: Feraligatr|Dragon Dance|p1a: Feraligatr\n|-boost|p1a: Feraligatr|atk|1\n|-boost|p1a: Feraligatr|spe|1\n|\n|upkeep\n|turn|21\n|inactive|Meuby Law has 120 seconds left.\n|\n|t:|1769025681\n|move|p2a: Hitmonchan|Mach Punch|p1a: Feraligatr\n|-damage|p1a: Feraligatr|32/264\n|move|p1a: Feraligatr|Liquidation|p2a: Hitmonchan\n|-damage|p2a: Hitmonchan|0 fnt\n|faint|p2a: Hitmonchan\n|\n|upkeep\n|\n|t:|1769025689\n|switch|p2a: Staraptor|Staraptor, L80, F|267/267\n|turn|22\n|inactive|Meuby Law has 120 seconds left.\n|inactive|Meuby Law has 90 seconds left.\n|\n|t:|1769025734\n|move|p2a: Staraptor|Quick Attack|p1a: Feraligatr\n|-damage|p1a: Feraligatr|0 fnt\n|faint|p1a: Feraligatr\n|\n|upkeep\n|\n|t:|1769025737\n|switch|p1a: Huntail|Huntail, L85, M|232/232\n|turn|23\n|\n|t:|1769025746\n|switch|p2a: Roserade|Roserade, L84, F|238/238\n|move|p1a: Huntail|Shell Smash|p1a: Huntail\n|-unboost|p1a: Huntail|def|1\n|-unboost|p1a: Huntail|spd|1\n|-boost|p1a: Huntail|atk|2\n|-boost|p1a: Huntail|spa|2\n|-boost|p1a: Huntail|spe|2\n|-enditem|p1a: Huntail|White Herb\n|-clearnegativeboost|p1a: Huntail|[silent]\n|\n|upkeep\n|turn|24\n|\n|t:|1769025749\n|move|p1a: Huntail|Ice Beam|p2a: Roserade\n|-supereffective|p2a: Roserade\n|-damage|p2a: Roserade|22/238\n|-status|p2a: Roserade|frz\n|cant|p2a: Roserade|frz\n|\n|upkeep\n|turn|25\n|\n|t:|1769025758\n|move|p1a: Huntail|Ice Beam|p2a: Roserade\n|-supereffective|p2a: Roserade\n|-damage|p2a: Roserade|0 fnt\n|faint|p2a: Roserade\n|\n|upkeep\n|\n|t:|1769025770\n|switch|p2a: Staraptor|Staraptor, L80, F|267/267\n|turn|26\n|\n|t:|1769025774\n|move|p1a: Huntail|Ice Beam|p2a: Staraptor\n|-supereffective|p2a: Staraptor\n|-damage|p2a: Staraptor|0 fnt\n|faint|p2a: Staraptor\n|\n|upkeep\n|-message|Galamianogi forfeited.\n|\n|win|Meuby Law\n|raw|Meuby Law's rating: 1535 &rarr; <strong>1560</strong><br />(+25 for winning)\n|raw|Galamianogi's rating: 1622 &rarr; <strong>1597</strong><br />(-25 for losing)\n|l|‽Galamianogi\n|player|p2|\n", "inputlog": ">version 3bd1a1e329da8d286644078cfc9a9638fc7ea025\n>start {\"formatid\":\"gen7randombattle\",\"seed\":\"sodium,6729639085f52e4eeb0be14025d571a7\",\"rated\":\"Rated battle\"}\n>player p1 {\"name\":\"Meuby Law\",\"avatar\":\"hau-stance\",\"rating\":1535,\"seed\":\"sodium,7e538c766f3fe289940a89f19fc6710d\"}\n>player p2 {\"name\":\"Galamianogi\",\"avatar\":\"gladion-stance\",\"rating\":1622,\"seed\":\"sodium,8f4479cad7b50f737ba303c5ba0e0152\"}\n>p1 move stealthrock\n>p2 move taunt\n>p1 switch 3\n>p2 switch 3\n>p1 move happyhour zmove\n>p2 move drainpunch\n>p1 move drainpunch\n>p2 move drainpunch\n>p1 move ironhead\n>p2 move drainpunch\n>p1 switch 2\n>p1 move bulkup\n>p2 switch 2\n>p1 move stoneedge\n>p2 move poisonjab\n>p1 move stoneedge\n>p2 move toxicspikes\n>p2 switch 6\n>p1 switch 3\n>p2 move hurricane mega\n>p1 move stealthrock\n>p2 move uturn\n>p2 switch 3\n>p1 move stoneedge\n>p2 move defog\n>p1 move stealthrock\n>p2 move taunt\n>p1 move stoneedge\n>p2 move roost\n>p1 move stoneedge\n>p2 move psychic\n>p1 switch 4\n>p1 move eruption\n>p2 move psychic\n>p2 switch 3\n>p1 move eruption\n>p2 move hurricane\n>p1 move eruption\n>p2 switch 2\n>p1 move eruption\n>p2 move machpunch\n>p1 switch 6\n>p2 move machpunch\n>p1 move dragondance\n>p2 move machpunch\n>p1 move liquidation\n>p2 move machpunch\n>p2 switch 5\n>p1 move icepunch\n>p2 move quickattack\n>p1 switch 5\n>p1 move shellsmash\n>p2 switch 4\n>p1 move icebeam\n>p2 move leafstorm\n>p1 move icebeam\n>p2 move leafstorm\n>p2 switch 4\n>p1 move icebeam\n>p2 move bravebird\n>forcelose p2", "uploadtime": 1769025778, "views": 166, "formatid": "gen7randombattle", "rating": 1560, "private": 0, "password": null}