{"id": "gen7randombattle-2537054926", "format": "[Gen 7] Random Battle", "players": ["AliceTASC", "gonzolo1999"], "log": "|j|☆AliceTASC\n|j|☆gonzolo1999\n|t:|1770760902\n|gametype|singles\n|player|p1|AliceTASC|dawn|1529\n|player|p2|gonzolo1999|pokemonbreeder-gen4|1628\n|gen|7\n|tier|[Gen 7] Random Battle\n|rated|\n|rule|Sleep Clause Mod: Limit one foe put to sleep\n|rule|HP Percentage Mod: HP is shown in percentages\n|rule|Illusion Level Mod: Illusion disguises the Pokémon's true level\n|\n|t:|1770760902\n|teamsize|p1|6\n|teamsize|p2|6\n|start\n|switch|p1a: Tropius|Tropius, L94, F|336/336\n|switch|p2a: Aromatisse|Aromatisse, L91, M|332/332\n|turn|1\n|inactive|Battle timer is ON: inactive players will automatically lose when time's up. (requested by gonzolo1999)\n|\n|t:|1770760918\n|switch|p2a: Parasect|Parasect, L99, F|279/279\n|move|p1a: Tropius|Leech Seed|p2a: Parasect\n|-immune|p2a: Parasect\n|\n|upkeep\n|turn|2\n|\n|t:|1770760929\n|switch|p2a: Lanturn|Lanturn, L89, M|367/367\n|move|p1a: Tropius|Air Slash|p2a: Lanturn\n|-resisted|p2a: Lanturn\n|-damage|p2a: Lanturn|328/367\n|\n|upkeep\n|turn|3\n|\n|t:|1770760938\n|switch|p1a: Bastiodon|Bastiodon, L94, M|265/265\n|move|p2a: Lanturn|Ice Beam|p1a: Bastiodon\n|-resisted|p1a: Bastiodon\n|-damage|p1a: Bastiodon|235/265\n|-status|p1a: Bastiodon|frz\n|\n|-heal|p1a: Bastiodon|251/265 frz|[from] item: Leftovers\n|upkeep\n|turn|4\n|\n|t:|1770760946\n|switch|p2a: Lopunny|Lopunny, L77, M|227/227\n|cant|p1a: Bastiodon|frz\n|\n|-heal|p1a: Bastiodon|265/265 frz|[from] item: Leftovers\n|upkeep\n|turn|5\n|\n|t:|1770760952\n|detailschange|p2a: Lopunny|Lopunny-Mega, L77, M\n|-mega|p2a: Lopunny|Lopunny|Lopunnite\n|move|p2a: Lopunny|Power-Up Punch|p1a: Bastiodon\n|-supereffective|p1a: Bastiodon\n|-damage|p1a: Bastiodon|153/265 frz\n|-boost|p2a: Lopunny|atk|1\n|-curestatus|p1a: Bastiodon|frz|[msg]\n|move|p1a: Bastiodon|Metal Burst|p2a: Lopunny\n|-damage|p2a: Lopunny|59/227\n|\n|-heal|p1a: Bastiodon|169/265|[from] item: Leftovers\n|upkeep\n|turn|6\n|\n|t:|1770760965\n|switch|p1a: Accelgor|Accelgor, L90, M|290/290\n|move|p2a: Lopunny|Power-Up Punch|p1a: Accelgor\n|-resisted|p1a: Accelgor\n|-damage|p1a: Accelgor|239/290\n|-boost|p2a: Lopunny|atk|1\n|\n|upkeep\n|turn|7\n|\n|t:|1770760973\n|move|p1a: Accelgor|Bug Buzz|p2a: Lopunny\n|-resisted|p2a: Lopunny\n|-damage|p2a: Lopunny|0 fnt\n|faint|p2a: Lopunny\n|detailschange|p2: Lopunny|Lopunny, L77, M|[silent]\n|-damage|p1a: Accelgor|210/290|[from] item: Life Orb\n|\n|upkeep\n|\n|t:|1770760981\n|switch|p2a: Aromatisse|Aromatisse, L91, M|332/332\n|turn|8\n|\n|t:|1770760987\n|switch|p1a: Bastiodon|Bastiodon, L94, M|169/265\n|move|p2a: Aromatisse|Calm Mind|p2a: Aromatisse\n|-boost|p2a: Aromatisse|spa|1\n|-boost|p2a: Aromatisse|spd|1\n|\n|-heal|p1a: Bastiodon|185/265|[from] item: Leftovers\n|upkeep\n|turn|9\n|\n|t:|1770760993\n|move|p2a: Aromatisse|Calm Mind|p2a: Aromatisse\n|-boost|p2a: Aromatisse|spa|1\n|-boost|p2a: Aromatisse|spd|1\n|move|p1a: Bastiodon|Toxic|p2a: Aromatisse\n|-status|p2a: Aromatisse|tox\n|\n|-heal|p1a: Bastiodon|201/265|[from] item: Leftovers\n|-damage|p2a: Aromatisse|312/332 tox|[from] psn\n|upkeep\n|turn|10\n|\n|t:|1770760999\n|move|p2a: Aromatisse|Calm Mind|p2a: Aromatisse\n|-boost|p2a: Aromatisse|spa|1\n|-boost|p2a: Aromatisse|spd|1\n|move|p1a: Bastiodon|Stealth Rock|p2a: Aromatisse\n|-sidestart|p2: gonzolo1999|move: Stealth Rock\n|\n|-heal|p2a: Aromatisse|332/332 tox|[from] item: Leftovers\n|-heal|p1a: Bastiodon|217/265|[from] item: Leftovers\n|-damage|p2a: Aromatisse|292/332 tox|[from] psn\n|upkeep\n|turn|11\n|\n|t:|1770761005\n|move|p2a: Aromatisse|Wish|p2a: Aromatisse\n|move|p1a: Bastiodon|Metal Burst||[still]\n|-fail|p1a: Bastiodon\n|\n|-heal|p2a: Aromatisse|312/332 tox|[from] item: Leftovers\n|-heal|p1a: Bastiodon|233/265|[from] item: Leftovers\n|-damage|p2a: Aromatisse|252/332 tox|[from] psn\n|upkeep\n|turn|12\n|\n|t:|1770761008\n|move|p2a: Aromatisse|Moonblast|p1a: Bastiodon\n|-resisted|p1a: Bastiodon\n|-damage|p1a: Bastiodon|148/265\n|move|p1a: Bastiodon|Rock Slide|p2a: Aromatisse\n|-damage|p2a: Aromatisse|189/332 tox\n|\n|-heal|p2a: Aromatisse|332/332 tox|[from] move: Wish|[wisher] Aromatisse\n|-heal|p1a: Bastiodon|164/265|[from] item: Leftovers\n|-damage|p2a: Aromatisse|252/332 tox|[from] psn\n|upkeep\n|turn|13\n|\n|t:|1770761016\n|move|p2a: Aromatisse|Calm Mind|p2a: Aromatisse\n|-boost|p2a: Aromatisse|spa|1\n|-boost|p2a: Aromatisse|spd|1\n|move|p1a: Bastiodon|Metal Burst||[still]\n|-fail|p1a: Bastiodon\n|\n|-heal|p2a: Aromatisse|272/332 tox|[from] item: Leftovers\n|-heal|p1a: Bastiodon|180/265|[from] item: Leftovers\n|-damage|p2a: Aromatisse|172/332 tox|[from] psn\n|upkeep\n|turn|14\n|\n|t:|1770761020\n|move|p2a: Aromatisse|Moonblast|p1a: Bastiodon\n|-resisted|p1a: Bastiodon\n|-damage|p1a: Bastiodon|62/265\n|move|p1a: Bastiodon|Metal Burst|p2a: Aromatisse\n|-damage|p2a: Aromatisse|0 fnt\n|faint|p2a: Aromatisse\n|\n|-heal|p1a: Bastiodon|78/265|[from] item: Leftovers\n|upkeep\n|\n|t:|1770761027\n|switch|p2a: Lanturn|Lanturn, L89, M|328/367\n|-damage|p2a: Lanturn|283/367|[from] Stealth Rock\n|turn|15\n|\n|t:|1770761030\n|move|p2a: Lanturn|Scald|p1a: Bastiodon\n|-supereffective|p1a: Bastiodon\n|-damage|p1a: Bastiodon|0 fnt\n|faint|p1a: Bastiodon\n|\n|upkeep\n|\n|t:|1770761039\n|switch|p1a: Girafarig|Girafarig, L95, M|287/287\n|turn|16\n|\n|t:|1770761044\n|switch|p2a: Parasect|Parasect, L99, F|279/279\n|-damage|p2a: Parasect|210/279|[from] Stealth Rock\n|move|p1a: Girafarig|Nasty Plot|p1a: Girafarig\n|-boost|p1a: Girafarig|spa|2\n|\n|-heal|p2a: Parasect|227/279|[from] item: Leftovers\n|upkeep\n|turn|17\n|\n|t:|1770761047\n|move|p1a: Girafarig|Psychic|p2a: Parasect\n|-damage|p2a: Parasect|23/279\n|move|p2a: Parasect|Leech Life|p1a: Girafarig\n|-supereffective|p1a: Girafarig\n|-damage|p1a: Girafarig|45/287\n|-heal|p2a: Parasect|144/279|[from] drain|[of] p1a: Girafarig\n|\n|-heal|p1a: Girafarig|62/287|[from] item: Leftovers\n|-heal|p2a: Parasect|161/279|[from] item: Leftovers\n|upkeep\n|turn|18\n|\n|t:|1770761054\n|move|p1a: Girafarig|Psychic|p2a: Parasect\n|-damage|p2a: Parasect|0 fnt\n|faint|p2a: Parasect\n|\n|-heal|p1a: Girafarig|79/287|[from] item: Leftovers\n|upkeep\n|\n|t:|1770761057\n|switch|p2a: Wailord|Wailord, L94, F|471/471\n|-damage|p2a: Wailord|413/471|[from] Stealth Rock\n|turn|19\n|\n|t:|1770761065\n|move|p2a: Wailord|Water Spout|p1a: Girafarig\n|-damage|p1a: Girafarig|0 fnt\n|faint|p1a: Girafarig\n|\n|upkeep\n|\n|t:|1770761068\n|switch|p1a: Tropius|Tropius, L94, F|336/336\n|turn|20\n|\n|t:|1770761072\n|switch|p2a: Lanturn|Lanturn, L89, M|283/367\n|-damage|p2a: Lanturn|238/367|[from] Stealth Rock\n|move|p1a: Tropius|Leech Seed|p2a: Lanturn|[miss]\n|-miss|p1a: Tropius|p2a: Lanturn\n|\n|upkeep\n|turn|21\n|\n|t:|1770761080\n|switch|p1a: Accelgor|Accelgor, L90, M|210/290\n|move|p2a: Lanturn|Ice Beam|p1a: Accelgor\n|-damage|p1a: Accelgor|105/290\n|\n|upkeep\n|turn|22\n|\n|t:|1770761095\n|switch|p2a: Altaria|Altaria, L92, M|287/287\n|-damage|p2a: Altaria|216/287|[from] Stealth Rock\n|move|p1a: Accelgor|Bug Buzz|p2a: Altaria\n|-resisted|p2a: Altaria\n|-damage|p2a: Altaria|160/287\n|-damage|p1a: Accelgor|76/290|[from] item: Life Orb\n|\n|-heal|p2a: Altaria|177/287|[from] item: Leftovers\n|upkeep\n|turn|23\n|\n|t:|1770761104\n|move|p1a: Accelgor|Hidden Power|p2a: Altaria\n|-supereffective|p2a: Altaria\n|-damage|p2a: Altaria|63/287\n|-damage|p1a: Accelgor|47/290|[from] item: Life Orb\n|move|p2a: Altaria|Toxic|p1a: Accelgor|[miss]\n|-miss|p2a: Altaria|p1a: Accelgor\n|\n|-heal|p2a: Altaria|80/287|[from] item: Leftovers\n|upkeep\n|turn|24\n|\n|t:|1770761109\n|move|p1a: Accelgor|Hidden Power|p2a: Altaria\n|-supereffective|p2a: Altaria\n|-damage|p2a: Altaria|0 fnt\n|faint|p2a: Altaria\n|-damage|p1a: Accelgor|18/290|[from] item: Life Orb\n|\n|upkeep\n|\n|t:|1770761114\n|switch|p2a: Lanturn|Lanturn, L89, M|238/367\n|-damage|p2a: Lanturn|193/367|[from] Stealth Rock\n|turn|25\n|\n|t:|1770761120\n|move|p1a: Accelgor|Bug Buzz|p2a: Lanturn\n|-damage|p2a: Lanturn|40/367\n|-damage|p1a: Accelgor|0 fnt|[from] item: Life Orb\n|faint|p1a: Accelgor\n|move|p2a: Lanturn|Ice Beam|p1: Accelgor|[notarget]\n|-fail|p2a: Lanturn\n|\n|upkeep\n|\n|t:|1770761129\n|switch|p1a: Fearow|Fearow, L88, F|258/258\n|turn|26\n|\n|t:|1770761133\n|move|p1a: Fearow|Return|p2a: Lanturn\n|-damage|p2a: Lanturn|0 fnt\n|faint|p2a: Lanturn\n|\n|upkeep\n|\n|t:|1770761134\n|switch|p2a: Wailord|Wailord, L94, F|413/471\n|-damage|p2a: Wailord|355/471|[from] Stealth Rock\n|turn|27\n|\n|t:|1770761137\n|move|p2a: Wailord|Ice Beam|p1a: Fearow\n|-supereffective|p1a: Fearow\n|-damage|p1a: Fearow|66/258\n|move|p1a: Fearow|Return|p2a: Wailord\n|-crit|p2a: Wailord\n|-damage|p2a: Wailord|0 fnt\n|faint|p2a: Wailord\n|\n|win|AliceTASC\n|raw|AliceTASC's rating: 1529 &rarr; <strong>1555</strong><br />(+26 for winning)\n|raw|gonzolo1999's rating: 1628 &rarr; <strong>1602</strong><br />(-26 for losing)\n", "inputlog": ">version ccdc32dd7cde25fd9e4bed64820e885f66e78a4e\n>start {\"formatid\":\"gen7randombattle\",\"seed\":\"sodium,7ff12e120e9df7c2b1e2323e0eaf5a6e\",\"rated\":\"Rated battle\"}\n>player p1 {\"name\":\"AliceTASC\",\"avatar\":\"dawn\",\"rating\":1529,\"seed\":\"sodium,d416451f00f6b648959b9b186638bbc8\"}\n>player p2 {\"name\":\"gonzolo1999\",\"avatar\":\"pokemonbreeder-gen4\",\"rating\":1628,\"seed\":\"sodium,6a8cf2c9709053b6a64dd57f052b6d40\"}\n>p1 move leechseed\n>p2 switch 4\n>p1 move airslash\n>p2 switch 3\n>p1 switch 5\n>p2 move icebeam\n>p1 move metalburst\n>p2 switch 5\n>p1 move metalburst\n>p2 move poweruppunch mega\n>p1 switch 6\n>p2 move poweruppunch\n>p1 move bugbuzz\n>p2 move return\n>p2 switch 4\n>p1 switch 6\n>p2 move calmmind\n>p1 move toxic\n>p2 move calmmind\n>p1 move stealthrock\n>p2 move calmmind\n>p1 move metalburst\n>p2 move wish\n>p1 move rockslide\n>p2 move moonblast\n>p1 move metalburst\n>p2 move calmmind\n>p1 move metalburst\n>p2 move moonblast\n>p2 switch 5\n>p1 move rockslide\n>p2 move scald\n>p1 switch 2\n>p1 move nastyplot\n>p2 switch 3\n>p1 move psychic\n>p2 move leechlife\n>p1 move psychic\n>p2 move leechlife\n>p2 switch 6\n>p1 move psychic\n>p2 move waterspout\n>p1 switch 5\n>p1 move leechseed\n>p2 switch 3\n>p1 switch 6\n>p2 move icebeam\n>p1 move bugbuzz\n>p2 switch 2\n>p1 move hiddenpower\n>p2 move toxic\n>p1 move hiddenpower\n>p2 move roost\n>p2 switch 2\n>p1 move bugbuzz\n>p2 move icebeam\n>p1 switch 3\n>p1 move return\n>p2 move icebeam\n>p2 switch 3\n>p1 move return\n>p2 move icebeam", "uploadtime": 1770761139, "views": 216, "formatid": "gen7randombattle", "rating": 1555, "private": 0, "password": null}