{"id": "gen9uu-2639917645", "format": "[Gen 9] UU", "players": ["UU26LR Star", "UU26LR lulu"], "log": "|raw|<div class=\"broadcast-blue\"><strong>This battle is required to be public due to a player having a name starting with 'uu26lr'.</div>\n|j|☆UU26LR Star\n|j|☆UU26LR lulu\n|t:|1782543036\n|gametype|singles\n|player|p1|UU26LR Star|cameraman|1534\n|player|p2|UU26LR lulu|lucas|1507\n|gen|9\n|tier|[Gen 9] UU\n|rated|\n|rule|HP Percentage Mod: HP is shown in percentages\n|rule|Endless Battle Clause: Forcing endless battles is banned\n|rule|Species Clause: Limit one of each Pokémon\n|rule|OHKO Clause: OHKO moves are banned\n|rule|Evasion Items Clause: Evasion items are banned\n|rule|Evasion Moves Clause: Evasion moves are banned\n|rule|Evasion Abilities Clause: Evasion abilities are banned\n|rule|Sleep Moves Clause: Sleep-inducing moves are banned\n|clearpoke\n|poke|p1|Hippowdon, M|\n|poke|p1|Reuniclus, M|\n|poke|p1|Skeledirge, M|\n|poke|p1|Blissey, F|\n|poke|p1|Toxapex, M|\n|poke|p1|Mandibuzz, F|\n|poke|p2|Latios, M|\n|poke|p2|Fezandipiti, M|\n|poke|p2|Arcanine-Hisui, F|\n|poke|p2|Skarmory, M|\n|poke|p2|Weavile, M|\n|poke|p2|Gastrodon, M|\n|teampreview\n|inactive|Battle timer is ON: inactive players will automatically lose when time's up. (requested by UU26LR Star)\n|c|☆UU26LR Star|UU26LR lulu\n|c|☆UU26LR Star|hi!!!!\n|c|☆UU26LR Star|glad to hav you back\n|c|☆UU26LR Star|sad im not using normal stall though\n|inactive|UU26LR Star has 120 seconds left.\n|inactive|UU26LR Star has 90 seconds left.\n|c|☆UU26LR Star|why is your weavile not pickpocket?\n|\n|t:|1782543116\n|teamsize|p1|6\n|teamsize|p2|6\n|start\n|switch|p1a: Mandibuzz|Mandibuzz, F|100/100\n|switch|p2a: Skarmory|Skarmory, M|100/100\n|turn|1\n|\n|t:|1782543125\n|move|p1a: Mandibuzz|Knock Off|p2a: Skarmory\n|-damage|p2a: Skarmory|86/100\n|-damage|p1a: Mandibuzz|84/100|[from] item: Rocky Helmet|[of] p2a: Skarmory\n|-enditem|p2a: Skarmory|Rocky Helmet|[from] move: Knock Off|[of] p1a: Mandibuzz\n|move|p2a: Skarmory|Stealth Rock|p1a: Mandibuzz\n|-sidestart|p1: UU26LR Star|move: Stealth Rock\n|\n|upkeep\n|turn|2\n|inactive|UU26LR Star has 120 seconds left.\n|\n|t:|1782543159\n|move|p1a: Mandibuzz|Defog|p2a: Skarmory\n|-unboost|p2a: Skarmory|evasion|1\n|-sideend|p1: UU26LR Star|Stealth Rock|[from] move: Defog|[of] p1a: Mandibuzz\n|move|p2a: Skarmory|Body Press|p1a: Mandibuzz\n|-damage|p1a: Mandibuzz|64/100\n|\n|upkeep\n|turn|3\n|inactive|UU26LR Star has 120 seconds left.\n|\n|t:|1782543169\n|move|p1a: Mandibuzz|Knock Off|p2a: Skarmory\n|-damage|p2a: Skarmory|75/100\n|move|p2a: Skarmory|Stealth Rock|p1a: Mandibuzz\n|-sidestart|p1: UU26LR Star|move: Stealth Rock\n|\n|upkeep\n|turn|4\n|\n|t:|1782543175\n|move|p1a: Mandibuzz|Defog|p2a: Skarmory\n|-unboost|p2a: Skarmory|evasion|1\n|-sideend|p1: UU26LR Star|Stealth Rock|[from] move: Defog|[of] p1a: Mandibuzz\n|move|p2a: Skarmory|Body Press|p1a: Mandibuzz\n|-damage|p1a: Mandibuzz|44/100\n|\n|upkeep\n|turn|5\n|\n|t:|1782543183\n|move|p1a: Mandibuzz|Roost|p1a: Mandibuzz\n|-heal|p1a: Mandibuzz|94/100\n|-singleturn|p1a: Mandibuzz|move: Roost\n|move|p2a: Skarmory|Stealth Rock|p1a: Mandibuzz\n|-sidestart|p1: UU26LR Star|move: Stealth Rock\n|\n|upkeep\n|turn|6\n|\n|t:|1782543190\n|move|p1a: Mandibuzz|Defog|p2a: Skarmory\n|-unboost|p2a: Skarmory|evasion|1\n|-sideend|p1: UU26LR Star|Stealth Rock|[from] move: Defog|[of] p1a: Mandibuzz\n|move|p2a: Skarmory|Body Press|p1a: Mandibuzz\n|-damage|p1a: Mandibuzz|73/100\n|\n|upkeep\n|turn|7\n|\n|t:|1782543195\n|move|p1a: Mandibuzz|Foul Play|p2a: Skarmory\n|-crit|p2a: Skarmory\n|-damage|p2a: Skarmory|50/100\n|move|p2a: Skarmory|Stealth Rock|p1a: Mandibuzz\n|-sidestart|p1: UU26LR Star|move: Stealth Rock\n|\n|upkeep\n|turn|8\n|\n|t:|1782543208\n|move|p1a: Mandibuzz|Defog|p2a: Skarmory\n|-unboost|p2a: Skarmory|evasion|1\n|-sideend|p1: UU26LR Star|Stealth Rock|[from] move: Defog|[of] p1a: Mandibuzz\n|move|p2a: Skarmory|Roost|p2a: Skarmory\n|-heal|p2a: Skarmory|99/100\n|-singleturn|p2a: Skarmory|move: Roost\n|\n|upkeep\n|turn|9\n|\n|t:|1782543212\n|move|p1a: Mandibuzz|Foul Play|p2a: Skarmory\n|-damage|p2a: Skarmory|84/100\n|move|p2a: Skarmory|Stealth Rock|p1a: Mandibuzz\n|-sidestart|p1: UU26LR Star|move: Stealth Rock\n|\n|upkeep\n|turn|10\n|\n|t:|1782543219\n|move|p1a: Mandibuzz|Knock Off|p2a: Skarmory\n|-damage|p2a: Skarmory|73/100\n|move|p2a: Skarmory|Body Press|p1a: Mandibuzz\n|-damage|p1a: Mandibuzz|50/100\n|\n|upkeep\n|turn|11\n|\n|t:|1782543226\n|move|p1a: Mandibuzz|Roost|p1a: Mandibuzz\n|-heal|p1a: Mandibuzz|99/100\n|-singleturn|p1a: Mandibuzz|move: Roost\n|move|p2a: Skarmory|Body Press|p1a: Mandibuzz\n|-supereffective|p1a: Mandibuzz\n|-damage|p1a: Mandibuzz|59/100\n|\n|upkeep\n|turn|12\n|\n|t:|1782543231\n|switch|p1a: Reuniclus|Reuniclus, M|100/100\n|move|p2a: Skarmory|Body Press|p1a: Reuniclus\n|-resisted|p1a: Reuniclus\n|-damage|p1a: Reuniclus|91/100\n|\n|-heal|p1a: Reuniclus|97/100|[from] item: Leftovers\n|upkeep\n|turn|13\n|inactive|UU26LR Star has 120 seconds left.\n|\n|t:|1782543272\n|move|p1a: Reuniclus|Psychic Noise|p2a: Skarmory\n|-resisted|p2a: Skarmory\n|-damage|p2a: Skarmory|56/100\n|-start|p2a: Skarmory|move: Heal Block\n|move|p2a: Skarmory|Whirlwind|p1a: Reuniclus\n|drag|p1a: Mandibuzz|Mandibuzz, F|59/100\n|\n|upkeep\n|turn|14\n|inactive|UU26LR Star has 120 seconds left.\n|\n|t:|1782543295\n|switch|p1a: Skeledirge|Skeledirge, M|100/100\n|move|p2a: Skarmory|Body Press|p1a: Skeledirge\n|-immune|p1a: Skeledirge\n|\n|-end|p2a: Skarmory|move: Heal Block\n|upkeep\n|turn|15\n|\n|t:|1782543306\n|switch|p2a: Arcanine|Arcanine-Hisui, F|100/100\n|move|p1a: Skeledirge|Will-O-Wisp|p2a: Arcanine\n|-immune|p2a: Arcanine\n|\n|upkeep\n|turn|16\n|\n|t:|1782543313\n|switch|p1a: Toxapex|Toxapex, M|100/100\n|-damage|p1a: Toxapex|88/100|[from] Stealth Rock\n|move|p2a: Arcanine|Will-O-Wisp|p1a: Toxapex|[miss]\n|-miss|p2a: Arcanine|p1a: Toxapex\n|\n|upkeep\n|turn|17\n|inactive|UU26LR Star has 120 seconds left.\n|\n|t:|1782543329\n|switch|p2a: Latios|Latios, M|100/100\n|switch|p1a: Hippowdon|Hippowdon, M|100/100\n|-weather|Sandstorm|[from] ability: Sand Stream|[of] p1a: Hippowdon\n|\n|-weather|Sandstorm|[upkeep]\n|-damage|p2a: Latios|95/100|[from] Sandstorm\n|upkeep\n|turn|18\n|inactive|UU26LR Star has 120 seconds left.\n|\n|t:|1782543364\n|switch|p1a: Blissey|Blissey, F|100/100\n|move|p2a: Latios|Psychic Noise|p1a: Blissey\n|-damage|p1a: Blissey|84/100\n|-start|p1a: Blissey|move: Heal Block\n|\n|-weather|Sandstorm|[upkeep]\n|-damage|p2a: Latios|89/100|[from] Sandstorm\n|-damage|p1a: Blissey|78/100|[from] Sandstorm\n|upkeep\n|turn|19\n|inactive|UU26LR Star has 90 seconds left.\n|inactive|UU26LR Star has 60 seconds left.\n|\n|t:|1782543411\n|switch|p2a: Weavile|Weavile, M|100/100\n|-ability|p2a: Weavile|Pressure\n|-terastallize|p1a: Blissey|Dark\n|move|p1a: Blissey|Calm Mind|p1a: Blissey\n|-boost|p1a: Blissey|spa|1\n|-boost|p1a: Blissey|spd|1\n|\n|-weather|Sandstorm|[upkeep]\n|-damage|p2a: Weavile|94/100|[from] Sandstorm\n|-damage|p1a: Blissey|72/100|[from] Sandstorm\n|-end|p1a: Blissey|move: Heal Block\n|upkeep\n|turn|20\n|\n|t:|1782543421\n|switch|p1a: Toxapex|Toxapex, M|100/100\n|-damage|p1a: Toxapex|88/100|[from] Stealth Rock\n|move|p2a: Weavile|Swords Dance|p2a: Weavile\n|-boost|p2a: Weavile|atk|2\n|\n|-weather|Sandstorm|[upkeep]\n|-damage|p2a: Weavile|88/100|[from] Sandstorm\n|-damage|p1a: Toxapex|82/100|[from] Sandstorm\n|upkeep\n|turn|21\n|inactive|UU26LR Star has 60 seconds left.\n|\n|t:|1782543443\n|move|p2a: Weavile|Knock Off|p1a: Toxapex\n|-damage|p1a: Toxapex|22/100\n|-damage|p2a: Weavile|72/100|[from] item: Rocky Helmet|[of] p1a: Toxapex\n|-enditem|p1a: Toxapex|Rocky Helmet|[from] move: Knock Off|[of] p2a: Weavile\n|move|p1a: Toxapex|Recover|p1a: Toxapex\n|-heal|p1a: Toxapex|72/100\n|\n|-weather|none\n|upkeep\n|turn|22\n|\n|t:|1782543457\n|move|p2a: Weavile|Knock Off|p1a: Toxapex\n|-damage|p1a: Toxapex|32/100\n|move|p1a: Toxapex|Recover|p1a: Toxapex\n|-heal|p1a: Toxapex|82/100\n|\n|upkeep\n|turn|23\n|inactive|UU26LR Star has 60 seconds left.\n|inactive|UU26LR Star has 30 seconds left.\n|\n|t:|1782543509\n|move|p2a: Weavile|Knock Off|p1a: Toxapex\n|-damage|p1a: Toxapex|38/100\n|move|p1a: Toxapex|Toxic|p2a: Weavile\n|-status|p2a: Weavile|tox\n|\n|-damage|p2a: Weavile|66/100 tox|[from] psn\n|upkeep\n|turn|24\n|inactive|UU26LR Star has 30 seconds left.\n|inactive|UU26LR Star has 20 seconds left.\n|\n|t:|1782543528\n|switch|p1a: Mandibuzz|Mandibuzz, F|59/100\n|move|p2a: Weavile|Knock Off|p1a: Mandibuzz\n|-resisted|p1a: Mandibuzz\n|-damage|p1a: Mandibuzz|20/100\n|-enditem|p1a: Mandibuzz|Heavy-Duty Boots|[from] move: Knock Off|[of] p2a: Weavile\n|\n|-damage|p2a: Weavile|54/100 tox|[from] psn\n|upkeep\n|turn|25\n|inactive|UU26LR Star has 30 seconds left this turn.\n|\n|t:|1782543539\n|move|p2a: Weavile|Triple Axel|p1a: Mandibuzz\n|-supereffective|p1a: Mandibuzz\n|-damage|p1a: Mandibuzz|0 fnt\n|faint|p1a: Mandibuzz\n|-hitcount|p1: Mandibuzz|1\n|\n|-damage|p2a: Weavile|36/100 tox|[from] psn\n|upkeep\n|inactive|UU26LR Star has 30 seconds left this turn.\n|\n|t:|1782543542\n|switch|p1a: Toxapex|Toxapex, M|71/100\n|-damage|p1a: Toxapex|59/100|[from] Stealth Rock\n|turn|26\n|\n|t:|1782543546\n|switch|p2a: Latios|Latios, M|89/100\n|move|p1a: Toxapex|Recover|p1a: Toxapex\n|-heal|p1a: Toxapex|100/100\n|\n|upkeep\n|turn|27\n|\n|t:|1782543553\n|switch|p2a: Arcanine|Arcanine-Hisui, F|100/100\n|switch|p1a: Blissey|Blissey, F, tera:Dark|72/100\n|\n|upkeep\n|turn|28\n|\n|t:|1782543560\n|switch|p1a: Toxapex|Toxapex, M|100/100\n|-damage|p1a: Toxapex|88/100|[from] Stealth Rock\n|move|p2a: Arcanine|Will-O-Wisp|p1a: Toxapex\n|-status|p1a: Toxapex|brn\n|\n|-damage|p1a: Toxapex|82/100 brn|[from] brn\n|upkeep\n|turn|29\n|inactive|UU26LR Star has 60 seconds left.\n|\n|t:|1782543568\n|switch|p2a: Skarmory|Skarmory, M|56/100\n|switch|p1a: Hippowdon|Hippowdon, M|100/100\n|-weather|Sandstorm|[from] ability: Sand Stream|[of] p1a: Hippowdon\n|\n|-weather|Sandstorm|[upkeep]\n|upkeep\n|turn|30\n|\n|t:|1782543575\n|move|p2a: Skarmory|Roost|p2a: Skarmory\n|-heal|p2a: Skarmory|100/100\n|-singleturn|p2a: Skarmory|move: Roost\n|move|p1a: Hippowdon|Stealth Rock|p2a: Skarmory\n|-sidestart|p2: UU26LR lulu|move: Stealth Rock\n|\n|-weather|Sandstorm|[upkeep]\n|upkeep\n|turn|31\n|\n|t:|1782543584\n|switch|p1a: Skeledirge|Skeledirge, M|100/100\n|move|p2a: Skarmory|Whirlwind|p1a: Skeledirge\n|drag|p1a: Reuniclus|Reuniclus, M|97/100\n|\n|-weather|Sandstorm|[upkeep]\n|-heal|p1a: Reuniclus|100/100|[from] item: Leftovers\n|upkeep\n|turn|32\n|\n|t:|1782543598\n|switch|p1a: Skeledirge|Skeledirge, M|100/100\n|move|p2a: Skarmory|Whirlwind|p1a: Skeledirge\n|drag|p1a: Toxapex|Toxapex, M|100/100 brn\n|-damage|p1a: Toxapex|88/100 brn|[from] Stealth Rock\n|\n|-weather|Sandstorm|[upkeep]\n|-damage|p1a: Toxapex|82/100 brn|[from] Sandstorm\n|-damage|p1a: Toxapex|76/100 brn|[from] brn\n|upkeep\n|turn|33\n|\n|t:|1782543611\n|switch|p2a: Fezandipiti|Fezandipiti, M|100/100\n|move|p1a: Toxapex|Toxic|p2a: Fezandipiti\n|-immune|p2a: Fezandipiti\n|\n|-weather|none\n|-damage|p1a: Toxapex|70/100 brn|[from] brn\n|upkeep\n|turn|34\n|\n|t:|1782543618\n|move|p2a: Fezandipiti|U-turn|p1a: Toxapex\n|-resisted|p1a: Toxapex\n|-damage|p1a: Toxapex|66/100 brn\n|\n|t:|1782543622\n|switch|p2a: Skarmory|Skarmory, M|100/100|[from] U-turn\n|-damage|p2a: Skarmory|88/100|[from] Stealth Rock\n|move|p1a: Toxapex|Surf|p2a: Skarmory\n|-damage|p2a: Skarmory|70/100\n|\n|-damage|p1a: Toxapex|60/100 brn|[from] brn\n|upkeep\n|turn|35\n|inactive|UU26LR Star has 90 seconds left.\n|\n|t:|1782543634\n|switch|p2a: Fezandipiti|Fezandipiti, M|100/100\n|switch|p1a: Reuniclus|Reuniclus, M|100/100\n|\n|upkeep\n|turn|36\n|inactive|UU26LR Star has 90 seconds left.\n|\n|t:|1782543644\n|move|p2a: Fezandipiti|U-turn|p1a: Reuniclus\n|-supereffective|p1a: Reuniclus\n|-damage|p1a: Reuniclus|83/100\n|\n|t:|1782543651\n|switch|p2a: Latios|Latios, M|89/100|[from] U-turn\n|-damage|p2a: Latios|76/100|[from] Stealth Rock\n|move|p1a: Reuniclus|Calm Mind|p1a: Reuniclus\n|-boost|p1a: Reuniclus|spa|1\n|-boost|p1a: Reuniclus|spd|1\n|\n|-heal|p1a: Reuniclus|89/100|[from] item: Leftovers\n|upkeep\n|turn|37\n|\n|t:|1782543659\n|switch|p1a: Blissey|Blissey, F, tera:Dark|72/100\n|move|p2a: Latios|Calm Mind|p2a: Latios\n|-boost|p2a: Latios|spa|1\n|-boost|p2a: Latios|spd|1\n|\n|upkeep\n|turn|38\n|\n|t:|1782543672\n|switch|p2a: Arcanine|Arcanine-Hisui, F|100/100\n|move|p1a: Blissey|Calm Mind|p1a: Blissey\n|-boost|p1a: Blissey|spa|1\n|-boost|p1a: Blissey|spd|1\n|\n|upkeep\n|turn|39\n|\n|t:|1782543690\n|switch|p1a: Toxapex|Toxapex, M|93/100 brn\n|-damage|p1a: Toxapex|81/100 brn|[from] Stealth Rock\n|move|p2a: Arcanine|Will-O-Wisp|p1a: Toxapex\n|-fail|p1a: Toxapex|brn\n|\n|-damage|p1a: Toxapex|75/100 brn|[from] brn\n|upkeep\n|turn|40\n|\n|t:|1782543704\n|switch|p2a: Fezandipiti|Fezandipiti, M|100/100\n|move|p1a: Toxapex|Surf|p2a: Fezandipiti\n|-damage|p2a: Fezandipiti|88/100\n|\n|-damage|p1a: Toxapex|69/100 brn|[from] brn\n|upkeep\n|turn|41\n|\n|t:|1782543712\n|move|p2a: Fezandipiti|Moonblast|p1a: Toxapex\n|-resisted|p1a: Toxapex\n|-damage|p1a: Toxapex|60/100 brn\n|move|p1a: Toxapex|Toxic|p2a: Fezandipiti\n|-immune|p2a: Fezandipiti\n|\n|-damage|p1a: Toxapex|54/100 brn|[from] brn\n|upkeep\n|turn|42\n|inactive|UU26LR Star has 90 seconds left.\n|\n|t:|1782543739\n|move|p2a: Fezandipiti|Moonblast|p1a: Toxapex\n|-resisted|p1a: Toxapex\n|-damage|p1a: Toxapex|44/100 brn\n|-unboost|p1a: Toxapex|spa|1\n|move|p1a: Toxapex|Recover|p1a: Toxapex\n|-heal|p1a: Toxapex|94/100 brn\n|\n|-damage|p1a: Toxapex|88/100 brn|[from] brn\n|upkeep\n|turn|43\n|inactive|UU26LR Star has 90 seconds left.\n|\n|t:|1782543747\n|switch|p1a: Reuniclus|Reuniclus, M|89/100\n|move|p2a: Fezandipiti|Moonblast|p1a: Reuniclus\n|-damage|p1a: Reuniclus|67/100\n|\n|-heal|p1a: Reuniclus|74/100|[from] item: Leftovers\n|upkeep\n|turn|44\n|\n|t:|1782543755\n|move|p2a: Fezandipiti|U-turn|p1a: Reuniclus\n|-supereffective|p1a: Reuniclus\n|-damage|p1a: Reuniclus|55/100\n|\n|t:|1782543764\n|switch|p2a: Latios|Latios, M|76/100|[from] U-turn\n|-damage|p2a: Latios|64/100|[from] Stealth Rock\n|move|p1a: Reuniclus|Recover|p1a: Reuniclus\n|-heal|p1a: Reuniclus|100/100\n|\n|upkeep\n|turn|45\n|inactive|UU26LR Star has 90 seconds left.\n|\n|t:|1782543788\n|switch|p1a: Blissey|Blissey, F, tera:Dark|72/100\n|move|p2a: Latios|Recover|p2a: Latios\n|-heal|p2a: Latios|100/100\n|\n|upkeep\n|turn|46\n|\n|t:|1782543795\n|move|p2a: Latios|Psychic Noise|p1a: Blissey\n|-immune|p1a: Blissey\n|move|p1a: Blissey|Seismic Toss|p2a: Latios\n|-damage|p2a: Latios|67/100\n|\n|upkeep\n|turn|47\n|\n|t:|1782543808\n|switch|p2a: Arcanine|Arcanine-Hisui, F|100/100\n|move|p1a: Blissey|Heal Bell|p1a: Blissey\n|-activate|p1a: Blissey|move: Heal Bell\n|-curestatus|p1: Toxapex|brn|[msg]\n|\n|upkeep\n|turn|48\n|inactive|UU26LR Star has 90 seconds left.\n|\n|t:|1782543827\n|switch|p1a: Toxapex|Toxapex, M|100/100\n|-damage|p1a: Toxapex|88/100|[from] Stealth Rock\n|move|p2a: Arcanine|Head Smash|p1a: Toxapex\n|-damage|p1a: Toxapex|38/100\n|\n|upkeep\n|turn|49\n|\n|t:|1782543836\n|switch|p1a: Hippowdon|Hippowdon, M|100/100\n|-weather|Sandstorm|[from] ability: Sand Stream|[of] p1a: Hippowdon\n|move|p2a: Arcanine|Will-O-Wisp|p1a: Hippowdon\n|-status|p1a: Hippowdon|brn\n|\n|-weather|Sandstorm|[upkeep]\n|-damage|p1a: Hippowdon|94/100 brn|[from] brn\n|upkeep\n|turn|50\n|\n|t:|1782543843\n|switch|p2a: Gastrodon|Gastrodon, M|100/100\n|switch|p1a: Toxapex|Toxapex, M|72/100\n|-damage|p1a: Toxapex|60/100|[from] Stealth Rock\n|\n|-weather|Sandstorm|[upkeep]\n|-damage|p1a: Toxapex|54/100|[from] Sandstorm\n|upkeep\n|turn|51\n|inactive|UU26LR Star has 90 seconds left.\n|inactive|UU26LR Star has 60 seconds left.\n|\n|t:|1782543901\n|switch|p1a: Reuniclus|Reuniclus, M|100/100\n|move|p2a: Gastrodon|Earth Power|p1a: Reuniclus\n|-damage|p1a: Reuniclus|76/100\n|\n|-weather|Sandstorm|[upkeep]\n|-heal|p1a: Reuniclus|82/100|[from] item: Leftovers\n|upkeep\n|turn|52\n|inactive|UU26LR Star has 60 seconds left.\n|\n|t:|1782543908\n|move|p2a: Gastrodon|Spikes|p1a: Reuniclus\n|-sidestart|p1: UU26LR Star|Spikes\n|move|p1a: Reuniclus|Calm Mind|p1a: Reuniclus\n|-boost|p1a: Reuniclus|spa|1\n|-boost|p1a: Reuniclus|spd|1\n|\n|-weather|Sandstorm|[upkeep]\n|-heal|p1a: Reuniclus|88/100|[from] item: Leftovers\n|upkeep\n|turn|53\n|\n|t:|1782543916\n|switch|p2a: Weavile|Weavile, M|36/100 tox\n|-ability|p2a: Weavile|Pressure\n|move|p1a: Reuniclus|Psychic Noise|p2a: Weavile\n|-immune|p2a: Weavile\n|\n|-weather|none\n|-heal|p1a: Reuniclus|94/100|[from] item: Leftovers\n|-damage|p2a: Weavile|30/100 tox|[from] psn\n|upkeep\n|turn|54\n|\n|t:|1782543929\n|switch|p2a: Gastrodon|Gastrodon, M|100/100\n|switch|p1a: Toxapex|Toxapex, M|87/100\n|-damage|p1a: Toxapex|75/100|[from] Stealth Rock\n|-damage|p1a: Toxapex|63/100|[from] Spikes\n|\n|upkeep\n|turn|55\n|\n|t:|1782543937\n|switch|p1a: Reuniclus|Reuniclus, M|94/100\n|move|p2a: Gastrodon|Earth Power|p1a: Reuniclus\n|-damage|p1a: Reuniclus|66/100\n|\n|-heal|p1a: Reuniclus|72/100|[from] item: Leftovers\n|upkeep\n|turn|56\n|\n|t:|1782543941\n|switch|p2a: Latios|Latios, M|67/100\n|-damage|p2a: Latios|55/100|[from] Stealth Rock\n|move|p1a: Reuniclus|Calm Mind|p1a: Reuniclus\n|-boost|p1a: Reuniclus|spa|1\n|-boost|p1a: Reuniclus|spd|1\n|\n|-heal|p1a: Reuniclus|79/100|[from] item: Leftovers\n|upkeep\n|turn|57\n|\n|t:|1782543948\n|move|p2a: Latios|Recover|p2a: Latios\n|-heal|p2a: Latios|100/100\n|move|p1a: Reuniclus|Psychic Noise|p2a: Latios\n|-resisted|p2a: Latios\n|-damage|p2a: Latios|78/100\n|-start|p2a: Latios|move: Heal Block\n|\n|-heal|p1a: Reuniclus|85/100|[from] item: Leftovers\n|upkeep\n|turn|58\n|\n|t:|1782543953\n|move|p2a: Latios|Draco Meteor|p1a: Reuniclus\n|-crit|p1a: Reuniclus\n|-damage|p1a: Reuniclus|0 fnt\n|-unboost|p2a: Latios|spa|2\n|faint|p1a: Reuniclus\n|\n|-end|p2a: Latios|move: Heal Block\n|upkeep\n|\n|t:|1782543957\n|switch|p1a: Skeledirge|Skeledirge, M|100/100\n|turn|59\n|\n|t:|1782543961\n|switch|p2a: Arcanine|Arcanine-Hisui, F|100/100\n|move|p1a: Skeledirge|Hex|p2a: Arcanine\n|-damage|p2a: Arcanine|73/100\n|\n|upkeep\n|turn|60\n|\n|t:|1782543969\n|switch|p1a: Hippowdon|Hippowdon, M|94/100 brn\n|-weather|Sandstorm|[from] ability: Sand Stream|[of] p1a: Hippowdon\n|move|p2a: Arcanine|Head Smash|p1a: Hippowdon\n|-resisted|p1a: Hippowdon\n|-damage|p1a: Hippowdon|72/100 brn\n|\n|-weather|Sandstorm|[upkeep]\n|-damage|p1a: Hippowdon|66/100 brn|[from] brn\n|upkeep\n|turn|61\n|\n|t:|1782543979\n|switch|p2a: Gastrodon|Gastrodon, M|100/100\n|move|p1a: Hippowdon|Slack Off|p1a: Hippowdon\n|-heal|p1a: Hippowdon|100/100 brn\n|\n|-weather|Sandstorm|[upkeep]\n|-damage|p1a: Hippowdon|94/100 brn|[from] brn\n|upkeep\n|turn|62\n|\n|t:|1782543990\n|switch|p1a: Blissey|Blissey, F, tera:Dark|72/100\n|move|p2a: Gastrodon|Spikes|p1a: Blissey\n|-sidestart|p1: UU26LR Star|Spikes\n|\n|-weather|Sandstorm|[upkeep]\n|-damage|p1a: Blissey|66/100|[from] Sandstorm\n|upkeep\n|turn|63\n|\n|t:|1782543997\n|move|p1a: Blissey|Heal Bell|p1a: Blissey\n|-activate|p1a: Blissey|move: Heal Bell\n|-curestatus|p1: Hippowdon|brn|[msg]\n|move|p2a: Gastrodon|Spikes|p1a: Blissey\n|-sidestart|p1: UU26LR Star|Spikes\n|\n|-weather|Sandstorm|[upkeep]\n|-damage|p1a: Blissey|60/100|[from] Sandstorm\n|upkeep\n|turn|64\n|\n|t:|1782544003\n|move|p1a: Blissey|Seismic Toss|p2a: Gastrodon\n|-damage|p2a: Gastrodon|77/100\n|move|p2a: Gastrodon|Sludge Bomb|p1a: Blissey\n|-damage|p1a: Blissey|53/100\n|-status|p1a: Blissey|psn\n|\n|-weather|none\n|-damage|p1a: Blissey|41/100 psn|[from] psn\n|upkeep\n|turn|65\n|\n|t:|1782544011\n|move|p1a: Blissey|Soft-Boiled|p1a: Blissey\n|-heal|p1a: Blissey|91/100 psn\n|move|p2a: Gastrodon|Earth Power|p1a: Blissey\n|-damage|p1a: Blissey|81/100 psn\n|\n|-damage|p1a: Blissey|69/100 psn|[from] psn\n|upkeep\n|turn|66\n|\n|t:|1782544016\n|move|p1a: Blissey|Heal Bell|p1a: Blissey\n|-activate|p1a: Blissey|move: Heal Bell\n|-curestatus|p1a: Blissey|psn|[msg]\n|move|p2a: Gastrodon|Earth Power|p1a: Blissey\n|-damage|p1a: Blissey|59/100\n|\n|upkeep\n|turn|67\n|\n|t:|1782544021\n|move|p1a: Blissey|Seismic Toss|p2a: Gastrodon\n|-damage|p2a: Gastrodon|54/100\n|move|p2a: Gastrodon|Sludge Bomb|p1a: Blissey\n|-damage|p1a: Blissey|53/100\n|-status|p1a: Blissey|psn\n|\n|-damage|p1a: Blissey|40/100 psn|[from] psn\n|upkeep\n|turn|68\n|\n|t:|1782544030\n|move|p1a: Blissey|Seismic Toss|p2a: Gastrodon\n|-damage|p2a: Gastrodon|30/100\n|move|p2a: Gastrodon|Recover|p2a: Gastrodon\n|-heal|p2a: Gastrodon|80/100\n|\n|-damage|p1a: Blissey|28/100 psn|[from] psn\n|upkeep\n|turn|69\n|\n|t:|1782544039\n|move|p1a: Blissey|Soft-Boiled|p1a: Blissey\n|-heal|p1a: Blissey|78/100 psn\n|move|p2a: Gastrodon|Earth Power|p1a: Blissey\n|-damage|p1a: Blissey|69/100 psn\n|\n|-damage|p1a: Blissey|56/100 psn|[from] psn\n|upkeep\n|turn|70\n|\n|t:|1782544043\n|move|p1a: Blissey|Soft-Boiled|p1a: Blissey\n|-heal|p1a: Blissey|100/100 psn\n|move|p2a: Gastrodon|Earth Power|p1a: Blissey\n|-damage|p1a: Blissey|90/100 psn\n|\n|-damage|p1a: Blissey|78/100 psn|[from] psn\n|upkeep\n|turn|71\n|\n|t:|1782544047\n|move|p1a: Blissey|Heal Bell|p1a: Blissey\n|-activate|p1a: Blissey|move: Heal Bell\n|-curestatus|p1a: Blissey|psn|[msg]\n|move|p2a: Gastrodon|Earth Power|p1a: Blissey\n|-damage|p1a: Blissey|68/100\n|\n|upkeep\n|turn|72\n|\n|t:|1782544061\n|move|p1a: Blissey|Seismic Toss|p2a: Gastrodon\n|-damage|p2a: Gastrodon|57/100\n|move|p2a: Gastrodon|Sludge Bomb|p1a: Blissey\n|-damage|p1a: Blissey|62/100\n|\n|upkeep\n|turn|73\n|\n|t:|1782544070\n|move|p1a: Blissey|Seismic Toss|p2a: Gastrodon\n|-damage|p2a: Gastrodon|33/100\n|move|p2a: Gastrodon|Recover|p2a: Gastrodon\n|-heal|p2a: Gastrodon|83/100\n|\n|upkeep\n|turn|74\n|\n|t:|1782544075\n|switch|p2a: Fezandipiti|Fezandipiti, M|88/100\n|move|p1a: Blissey|Soft-Boiled|p1a: Blissey\n|-heal|p1a: Blissey|100/100\n|\n|upkeep\n|turn|75\n|\n|t:|1782544082\n|switch|p1a: Toxapex|Toxapex, M|96/100\n|-damage|p1a: Toxapex|84/100|[from] Stealth Rock\n|-damage|p1a: Toxapex|59/100|[from] Spikes\n|move|p2a: Fezandipiti|Moonblast|p1a: Toxapex\n|-resisted|p1a: Toxapex\n|-damage|p1a: Toxapex|50/100\n|\n|upkeep\n|turn|76\n|\n|t:|1782544089\n|move|p2a: Fezandipiti|U-turn|p1a: Toxapex\n|-resisted|p1a: Toxapex\n|-damage|p1a: Toxapex|46/100\n|\n|t:|1782544094\n|switch|p2a: Latios|Latios, M|78/100|[from] U-turn\n|-damage|p2a: Latios|66/100|[from] Stealth Rock\n|move|p1a: Toxapex|Recover|p1a: Toxapex\n|-heal|p1a: Toxapex|96/100\n|\n|upkeep\n|turn|77\n|\n|t:|1782544101\n|switch|p2a: Arcanine|Arcanine-Hisui, F|73/100\n|move|p1a: Toxapex|Toxic|p2a: Arcanine\n|-status|p2a: Arcanine|tox\n|\n|-damage|p2a: Arcanine|67/100 tox|[from] psn\n|upkeep\n|turn|78\n|\n|t:|1782544111\n|switch|p2a: Latios|Latios, M|66/100\n|-damage|p2a: Latios|54/100|[from] Stealth Rock\n|move|p1a: Toxapex|Surf|p2a: Latios\n|-resisted|p2a: Latios\n|-damage|p2a: Latios|45/100\n|\n|upkeep\n|turn|79\n|\n|t:|1782544120\n|move|p2a: Latios|Psychic Noise|p1a: Toxapex\n|-supereffective|p1a: Toxapex\n|-damage|p1a: Toxapex|20/100\n|-start|p1a: Toxapex|move: Heal Block\n|move|p1a: Toxapex|Toxic|p2a: Latios\n|-status|p2a: Latios|tox\n|\n|-damage|p2a: Latios|39/100 tox|[from] psn\n|upkeep\n|turn|80\n|\n|t:|1782544130\n|switch|p1a: Hippowdon|Hippowdon, M|94/100\n|-weather|Sandstorm|[from] ability: Sand Stream|[of] p1a: Hippowdon\n|move|p2a: Latios|Recover|p2a: Latios\n|-heal|p2a: Latios|89/100 tox\n|\n|-weather|Sandstorm|[upkeep]\n|-damage|p2a: Latios|83/100 tox|[from] Sandstorm\n|-damage|p2a: Latios|71/100 tox|[from] psn\n|upkeep\n|turn|81\n|\n|t:|1782544166\n|switch|p2a: Arcanine|Arcanine-Hisui, F|67/100 tox\n|switch|p1a: Blissey|Blissey, F, tera:Dark|100/100\n|\n|-weather|Sandstorm|[upkeep]\n|-damage|p1a: Blissey|94/100|[from] Sandstorm\n|-damage|p2a: Arcanine|61/100 tox|[from] psn\n|upkeep\n|turn|82\n|\n|t:|1782544180\n|switch|p1a: Hippowdon|Hippowdon, M|94/100\n|move|p2a: Arcanine|Flare Blitz|p1a: Hippowdon\n|-damage|p1a: Hippowdon|62/100\n|\n|-weather|Sandstorm|[upkeep]\n|-damage|p2a: Arcanine|49/100 tox|[from] psn\n|upkeep\n|turn|83\n|\n|t:|1782544194\n|switch|p2a: Weavile|Weavile, M|30/100 tox\n|-ability|p2a: Weavile|Pressure\n|move|p1a: Hippowdon|Ice Fang|p2a: Weavile\n|-resisted|p2a: Weavile\n|-damage|p2a: Weavile|16/100 tox\n|\n|-weather|Sandstorm|[upkeep]\n|-damage|p2a: Weavile|10/100 tox|[from] Sandstorm\n|-damage|p2a: Weavile|4/100 tox|[from] psn\n|upkeep\n|turn|84\n|inactive|UU26LR Star has 120 seconds left.\n|inactive|UU26LR Star has 90 seconds left.\n|\n|t:|1782544251\n|switch|p1a: Skeledirge|Skeledirge, M|100/100\n|move|p2a: Weavile|Knock Off|p1a: Skeledirge\n|-supereffective|p1a: Skeledirge\n|-damage|p1a: Skeledirge|28/100\n|-enditem|p1a: Skeledirge|Heavy-Duty Boots|[from] move: Knock Off|[of] p2a: Weavile\n|\n|-weather|none\n|-damage|p2a: Weavile|0 fnt|[from] psn\n|faint|p2a: Weavile\n|upkeep\n|\n|t:|1782544264\n|switch|p2a: Arcanine|Arcanine-Hisui, F|49/100 tox\n|turn|85\n|\n|t:|1782544275\n|move|p2a: Arcanine|Head Smash|p1a: Skeledirge|[miss]\n|-miss|p2a: Arcanine|p1a: Skeledirge\n|move|p1a: Skeledirge|Hex|p2a: Arcanine\n|-damage|p2a: Arcanine|0 fnt\n|faint|p2a: Arcanine\n|\n|upkeep\n|\n|t:|1782544281\n|switch|p2a: Gastrodon|Gastrodon, M|83/100\n|turn|86\n|inactive|UU26LR Star has 90 seconds left.\n|\n|t:|1782544310\n|move|p1a: Skeledirge|Will-O-Wisp|p2a: Gastrodon|[miss]\n|-miss|p1a: Skeledirge|p2a: Gastrodon\n|move|p2a: Gastrodon|Earth Power|p1a: Skeledirge\n|-supereffective|p1a: Skeledirge\n|-damage|p1a: Skeledirge|0 fnt\n|faint|p1a: Skeledirge\n|\n|upkeep\n|\n|t:|1782544319\n|switch|p1a: Hippowdon|Hippowdon, M|62/100\n|-weather|Sandstorm|[from] ability: Sand Stream|[of] p1a: Hippowdon\n|turn|87\n|inactive|UU26LR Star has 90 seconds left.\n|\n|t:|1782544325\n|move|p1a: Hippowdon|Slack Off|p1a: Hippowdon\n|-heal|p1a: Hippowdon|100/100\n|move|p2a: Gastrodon|Sludge Bomb|p1a: Hippowdon\n|-resisted|p1a: Hippowdon\n|-crit|p1a: Hippowdon\n|-damage|p1a: Hippowdon|88/100\n|\n|-weather|Sandstorm|[upkeep]\n|upkeep\n|turn|88\n|\n|t:|1782544333\n|move|p1a: Hippowdon|Earthquake|p2a: Gastrodon\n|-damage|p2a: Gastrodon|46/100\n|move|p2a: Gastrodon|Sludge Bomb|p1a: Hippowdon\n|-resisted|p1a: Hippowdon\n|-damage|p1a: Hippowdon|80/100\n|\n|-weather|Sandstorm|[upkeep]\n|upkeep\n|turn|89\n|\n|t:|1782544341\n|move|p1a: Hippowdon|Ice Fang|p2a: Gastrodon\n|-damage|p2a: Gastrodon|31/100\n|move|p2a: Gastrodon|Recover|p2a: Gastrodon\n|-heal|p2a: Gastrodon|81/100\n|\n|-weather|Sandstorm|[upkeep]\n|upkeep\n|turn|90\n|\n|t:|1782544348\n|move|p1a: Hippowdon|Earthquake|p2a: Gastrodon\n|-damage|p2a: Gastrodon|48/100\n|move|p2a: Gastrodon|Sludge Bomb|p1a: Hippowdon\n|-resisted|p1a: Hippowdon\n|-damage|p1a: Hippowdon|71/100\n|-status|p1a: Hippowdon|psn\n|\n|-weather|Sandstorm|[upkeep]\n|-damage|p1a: Hippowdon|59/100 psn|[from] psn\n|upkeep\n|turn|91\n|\n|t:|1782544356\n|switch|p2a: Skarmory|Skarmory, M|70/100\n|-damage|p2a: Skarmory|58/100|[from] Stealth Rock\n|move|p1a: Hippowdon|Slack Off|p1a: Hippowdon\n|-heal|p1a: Hippowdon|100/100 psn\n|\n|-weather|none\n|-damage|p1a: Hippowdon|88/100 psn|[from] psn\n|upkeep\n|turn|92\n|inactive|UU26LR Star has 120 seconds left.\n|\n|t:|1782544376\n|move|p2a: Skarmory|Body Press|p1a: Hippowdon\n|-damage|p1a: Hippowdon|71/100 psn\n|move|p1a: Hippowdon|Ice Fang|p2a: Skarmory\n|-damage|p2a: Skarmory|46/100\n|\n|-damage|p1a: Hippowdon|59/100 psn|[from] psn\n|upkeep\n|turn|93\n|\n|t:|1782544388\n|move|p2a: Skarmory|Body Press|p1a: Hippowdon\n|-damage|p1a: Hippowdon|44/100 psn\n|move|p1a: Hippowdon|Ice Fang|p2a: Skarmory\n|-damage|p2a: Skarmory|34/100\n|\n|-damage|p1a: Hippowdon|32/100 psn|[from] psn\n|upkeep\n|turn|94\n|\n|t:|1782544397\n|move|p2a: Skarmory|Body Press|p1a: Hippowdon\n|-damage|p1a: Hippowdon|16/100 psn\n|move|p1a: Hippowdon|Slack Off|p1a: Hippowdon\n|-heal|p1a: Hippowdon|67/100 psn\n|\n|-damage|p1a: Hippowdon|54/100 psn|[from] psn\n|upkeep\n|turn|95\n|inactive|UU26LR Star has 120 seconds left.\n|\n|t:|1782544404\n|move|p2a: Skarmory|Roost|p2a: Skarmory\n|-heal|p2a: Skarmory|84/100\n|-singleturn|p2a: Skarmory|move: Roost\n|move|p1a: Hippowdon|Slack Off|p1a: Hippowdon\n|-heal|p1a: Hippowdon|100/100 psn\n|\n|-damage|p1a: Hippowdon|88/100 psn|[from] psn\n|upkeep\n|turn|96\n|\n|t:|1782544411\n|move|p2a: Skarmory|Body Press|p1a: Hippowdon\n|-damage|p1a: Hippowdon|71/100 psn\n|move|p1a: Hippowdon|Ice Fang|p2a: Skarmory\n|-damage|p2a: Skarmory|73/100\n|\n|-damage|p1a: Hippowdon|59/100 psn|[from] psn\n|upkeep\n|turn|97\n|inactive|UU26LR Star has 120 seconds left.\n|\n|t:|1782544432\n|move|p2a: Skarmory|Roost|p2a: Skarmory\n|-heal|p2a: Skarmory|100/100\n|-singleturn|p2a: Skarmory|move: Roost\n|move|p1a: Hippowdon|Slack Off|p1a: Hippowdon\n|-heal|p1a: Hippowdon|100/100 psn\n|\n|-damage|p1a: Hippowdon|88/100 psn|[from] psn\n|upkeep\n|turn|98\n|inactive|UU26LR Star has 120 seconds left.\n|\n|t:|1782544450\n|move|p2a: Skarmory|Body Press|p1a: Hippowdon\n|-damage|p1a: Hippowdon|73/100 psn\n|move|p1a: Hippowdon|Ice Fang|p2a: Skarmory\n|-damage|p2a: Skarmory|89/100\n|\n|-damage|p1a: Hippowdon|61/100 psn|[from] psn\n|upkeep\n|turn|99\n|\n|t:|1782544459\n|move|p2a: Skarmory|Body Press|p1a: Hippowdon\n|-damage|p1a: Hippowdon|46/100 psn\n|move|p1a: Hippowdon|Ice Fang|p2a: Skarmory\n|-damage|p2a: Skarmory|77/100\n|\n|-damage|p1a: Hippowdon|33/100 psn|[from] psn\n|upkeep\n|turn|100\n|\n|t:|1782544472\n|move|p2a: Skarmory|Body Press|p1a: Hippowdon\n|-damage|p1a: Hippowdon|17/100 psn\n|move|p1a: Hippowdon|Slack Off|p1a: Hippowdon\n|-heal|p1a: Hippowdon|67/100 psn\n|\n|-damage|p1a: Hippowdon|54/100 psn|[from] psn\n|upkeep\n|turn|101\n|inactive|UU26LR Star has 120 seconds left.\n|\n|t:|1782544503\n|move|p2a: Skarmory|Stealth Rock||[still]\n|-fail|p2a: Skarmory\n|move|p1a: Hippowdon|Slack Off|p1a: Hippowdon\n|-heal|p1a: Hippowdon|100/100 psn\n|\n|-damage|p1a: Hippowdon|88/100 psn|[from] psn\n|upkeep\n|turn|102\n|\n|t:|1782544512\n|switch|p1a: Toxapex|Toxapex, M|53/100\n|-damage|p1a: Toxapex|41/100|[from] Stealth Rock\n|-damage|p1a: Toxapex|16/100|[from] Spikes\n|move|p2a: Skarmory|Stealth Rock||[still]\n|-fail|p2a: Skarmory\n|\n|upkeep\n|turn|103\n|\n|t:|1782544520\n|move|p1a: Toxapex|Recover|p1a: Toxapex\n|-heal|p1a: Toxapex|67/100\n|move|p2a: Skarmory|Whirlwind|p1a: Toxapex\n|drag|p1a: Blissey|Blissey, F, tera:Dark|94/100\n|\n|upkeep\n|turn|104\n|\n|t:|1782544528\n|switch|p1a: Toxapex|Toxapex, M|99/100\n|-damage|p1a: Toxapex|88/100|[from] Stealth Rock\n|-damage|p1a: Toxapex|63/100|[from] Spikes\n|move|p2a: Skarmory|Whirlwind|p1a: Toxapex\n|drag|p1a: Hippowdon|Hippowdon, M|88/100 psn\n|-weather|Sandstorm|[from] ability: Sand Stream|[of] p1a: Hippowdon\n|\n|-weather|Sandstorm|[upkeep]\n|-damage|p1a: Hippowdon|76/100 psn|[from] psn\n|upkeep\n|turn|105\n|\n|t:|1782544541\n|move|p1a: Hippowdon|Ice Fang|p2a: Skarmory\n|-damage|p2a: Skarmory|65/100\n|cant|p2a: Skarmory|flinch\n|\n|-weather|Sandstorm|[upkeep]\n|-damage|p1a: Hippowdon|63/100 psn|[from] psn\n|upkeep\n|turn|106\n|\n|t:|1782544547\n|switch|p1a: Toxapex|Toxapex, M|96/100\n|-damage|p1a: Toxapex|84/100|[from] Stealth Rock\n|-damage|p1a: Toxapex|59/100|[from] Spikes\n|move|p2a: Skarmory|Whirlwind|p1a: Toxapex\n|drag|p1a: Hippowdon|Hippowdon, M|63/100 psn\n|\n|-weather|Sandstorm|[upkeep]\n|-damage|p1a: Hippowdon|51/100 psn|[from] psn\n|upkeep\n|turn|107\n|\n|t:|1782544555\n|move|p1a: Hippowdon|Earthquake|p2a: Skarmory\n|-immune|p2a: Skarmory\n|move|p2a: Skarmory|Whirlwind|p1a: Hippowdon\n|drag|p1a: Toxapex|Toxapex, M|93/100\n|-damage|p1a: Toxapex|80/100|[from] Stealth Rock\n|-damage|p1a: Toxapex|56/100|[from] Spikes\n|\n|-weather|Sandstorm|[upkeep]\n|-damage|p1a: Toxapex|50/100|[from] Sandstorm\n|upkeep\n|turn|108\n|\n|t:|1782544564\n|move|p1a: Toxapex|Surf|p2a: Skarmory\n|-damage|p2a: Skarmory|47/100\n|move|p2a: Skarmory|Whirlwind|p1a: Toxapex\n|drag|p1a: Blissey|Blissey, F, tera:Dark|94/100\n|\n|-weather|none\n|upkeep\n|turn|109\n|\n|t:|1782544574\n|move|p1a: Blissey|Seismic Toss|p2a: Skarmory\n|-damage|p2a: Skarmory|17/100\n|move|p2a: Skarmory|Whirlwind|p1a: Blissey\n|drag|p1a: Hippowdon|Hippowdon, M|51/100 psn\n|-weather|Sandstorm|[from] ability: Sand Stream|[of] p1a: Hippowdon\n|\n|-weather|Sandstorm|[upkeep]\n|-damage|p1a: Hippowdon|38/100 psn|[from] psn\n|upkeep\n|turn|110\n|\n|t:|1782544587\n|move|p2a: Skarmory|Roost|p2a: Skarmory\n|-heal|p2a: Skarmory|67/100\n|-singleturn|p2a: Skarmory|move: Roost\n|move|p1a: Hippowdon|Earthquake|p2a: Skarmory\n|-supereffective|p2a: Skarmory\n|-damage|p2a: Skarmory|13/100\n|\n|-weather|Sandstorm|[upkeep]\n|-damage|p1a: Hippowdon|26/100 psn|[from] psn\n|upkeep\n|turn|111\n|inactive|UU26LR Star has 90 seconds left.\n|\n|t:|1782544614\n|move|p2a: Skarmory|Roost|p2a: Skarmory\n|-heal|p2a: Skarmory|64/100\n|-singleturn|p2a: Skarmory|move: Roost\n|move|p1a: Hippowdon|Ice Fang|p2a: Skarmory\n|-resisted|p2a: Skarmory\n|-damage|p2a: Skarmory|58/100\n|\n|-weather|Sandstorm|[upkeep]\n|-damage|p1a: Hippowdon|14/100 psn|[from] psn\n|upkeep\n|turn|112\n|inactive|UU26LR Star has 90 seconds left.\n|\n|t:|1782544632\n|move|p2a: Skarmory|Body Press|p1a: Hippowdon\n|-damage|p1a: Hippowdon|0 fnt\n|faint|p1a: Hippowdon\n|\n|-weather|Sandstorm|[upkeep]\n|upkeep\n|\n|t:|1782544637\n|switch|p1a: Toxapex|Toxapex, M|83/100\n|-damage|p1a: Toxapex|71/100|[from] Stealth Rock\n|-damage|p1a: Toxapex|46/100|[from] Spikes\n|turn|113\n|\n|t:|1782544643\n|move|p1a: Toxapex|Toxic|p2a: Skarmory\n|-immune|p2a: Skarmory\n|move|p2a: Skarmory|Whirlwind|p1a: Toxapex\n|drag|p1a: Blissey|Blissey, F, tera:Dark|94/100\n|\n|-weather|none\n|upkeep\n|turn|114\n|inactive|UU26LR Star has 90 seconds left.\n|\n|t:|1782544653\n|switch|p2a: Fezandipiti|Fezandipiti, M|88/100\n|move|p1a: Blissey|Seismic Toss|p2a: Fezandipiti\n|-damage|p2a: Fezandipiti|62/100\n|\n|upkeep\n|turn|115\n|\n|t:|1782544660\n|switch|p1a: Toxapex|Toxapex, M|79/100\n|-damage|p1a: Toxapex|67/100|[from] Stealth Rock\n|-damage|p1a: Toxapex|42/100|[from] Spikes\n|move|p2a: Fezandipiti|U-turn|p1a: Toxapex\n|-resisted|p1a: Toxapex\n|-crit|p1a: Toxapex\n|-damage|p1a: Toxapex|36/100\n|\n|t:|1782544672\n|switch|p2a: Latios|Latios, M|71/100 tox|[from] U-turn\n|-damage|p2a: Latios|59/100 tox|[from] Stealth Rock\n|\n|-damage|p2a: Latios|53/100 tox|[from] psn\n|upkeep\n|turn|116\n|inactive|UU26LR lulu has 120 seconds left.\n|\n|t:|1782544684\n|switch|p2a: Fezandipiti|Fezandipiti, M|62/100\n|switch|p1a: Blissey|Blissey, F, tera:Dark|94/100\n|\n|upkeep\n|turn|117\n|inactive|UU26LR lulu has 120 seconds left.\n|\n|t:|1782544694\n|switch|p1a: Toxapex|Toxapex, M|70/100\n|-damage|p1a: Toxapex|58/100|[from] Stealth Rock\n|-damage|p1a: Toxapex|33/100|[from] Spikes\n|move|p2a: Fezandipiti|U-turn|p1a: Toxapex\n|-resisted|p1a: Toxapex\n|-damage|p1a: Toxapex|29/100\n|inactive|UU26LR lulu has 120 seconds left.\n|\n|t:|1782544703\n|switch|p2a: Latios|Latios, M|53/100 tox|[from] U-turn\n|-damage|p2a: Latios|40/100 tox|[from] Stealth Rock\n|\n|-damage|p2a: Latios|34/100 tox|[from] psn\n|upkeep\n|turn|118\n|inactive|UU26LR lulu has 120 seconds left.\n|\n|t:|1782544708\n|switch|p1a: Blissey|Blissey, F, tera:Dark|94/100\n|move|p2a: Latios|Draco Meteor|p1a: Blissey\n|-damage|p1a: Blissey|69/100\n|-unboost|p2a: Latios|spa|2\n|\n|-damage|p2a: Latios|22/100 tox|[from] psn\n|upkeep\n|turn|119\n|inactive|UU26LR Star has 120 seconds left.\n|inactive|UU26LR lulu has 120 seconds left.\n|\n|t:|1782544715\n|move|p2a: Latios|Recover|p2a: Latios\n|-heal|p2a: Latios|73/100 tox\n|move|p1a: Blissey|Seismic Toss|p2a: Latios\n|-damage|p2a: Latios|39/100 tox\n|\n|-damage|p2a: Latios|21/100 tox|[from] psn\n|upkeep\n|turn|120\n|inactive|UU26LR lulu has 120 seconds left.\n|c|☆UU26LR Star|i wonder\n|c|☆UU26LR Star|how did we get here\n|\n|t:|1782544742\n|move|p2a: Latios|Psychic Noise|p1a: Blissey\n|-immune|p1a: Blissey\n|move|p1a: Blissey|Seismic Toss|p2a: Latios\n|-damage|p2a: Latios|0 fnt\n|faint|p2a: Latios\n|\n|upkeep\n|\n|t:|1782544745\n|switch|p2a: Fezandipiti|Fezandipiti, M|62/100\n|turn|121\n|c|☆UU26LR Star|why didn't you just tera steel the latios\n|inactive|UU26LR Star has 120 seconds left.\n|\n|t:|1782544767\n|move|p2a: Fezandipiti|U-turn|p1a: Blissey\n|-supereffective|p1a: Blissey\n|-damage|p1a: Blissey|43/100\n|-status|p1a: Blissey|tox|[from] ability: Toxic Chain|[of] p2a: Fezandipiti\n|\n|t:|1782544772\n|switch|p2a: Skarmory|Skarmory, M|58/100|[from] U-turn\n|-damage|p2a: Skarmory|46/100|[from] Stealth Rock\n|move|p1a: Blissey|Soft-Boiled|p1a: Blissey\n|-heal|p1a: Blissey|93/100 tox\n|\n|-damage|p1a: Blissey|87/100 tox|[from] psn\n|upkeep\n|turn|122\n|inactive|UU26LR Star has 120 seconds left.\n|\n|t:|1782544784\n|-curestatus|p1a: Blissey|tox|[from] ability: Natural Cure|[silent]\n|switch|p1a: Toxapex|Toxapex, M|62/100\n|-damage|p1a: Toxapex|50/100|[from] Stealth Rock\n|-damage|p1a: Toxapex|25/100|[from] Spikes\n|move|p2a: Skarmory|Body Press|p1a: Toxapex\n|-resisted|p1a: Toxapex\n|-damage|p1a: Toxapex|17/100\n|\n|upkeep\n|turn|123\n|inactive|UU26LR Star has 120 seconds left.\n|\n|t:|1782544793\n|move|p2a: Skarmory|Roost|p2a: Skarmory\n|-heal|p2a: Skarmory|96/100\n|-singleturn|p2a: Skarmory|move: Roost\n|move|p1a: Toxapex|Recover|p1a: Toxapex\n|-heal|p1a: Toxapex|67/100\n|\n|upkeep\n|turn|124\n|inactive|UU26LR Star has 120 seconds left.\n|\n|t:|1782544804\n|move|p1a: Toxapex|Toxic|p2a: Skarmory\n|-immune|p2a: Skarmory\n|move|p2a: Skarmory|Whirlwind|p1a: Toxapex\n|drag|p1a: Blissey|Blissey, F, tera:Dark|87/100\n|\n|upkeep\n|turn|125\n|\n|t:|1782544815\n|switch|p2a: Fezandipiti|Fezandipiti, M|62/100\n|move|p1a: Blissey|Seismic Toss|p2a: Fezandipiti\n|-damage|p2a: Fezandipiti|35/100\n|\n|upkeep\n|turn|126\n|\n|t:|1782544822\n|switch|p1a: Toxapex|Toxapex, M|100/100\n|-damage|p1a: Toxapex|88/100|[from] Stealth Rock\n|-damage|p1a: Toxapex|64/100|[from] Spikes\n|move|p2a: Fezandipiti|U-turn|p1a: Toxapex\n|-resisted|p1a: Toxapex\n|-damage|p1a: Toxapex|59/100\n|j| west side GA\n|\n|t:|1782544827\n|switch|p2a: Gastrodon|Gastrodon, M|48/100|[from] U-turn\n|\n|upkeep\n|turn|127\n|inactive|UU26LR Star has 120 seconds left.\n|inactive|UU26LR Star has 90 seconds left.\n|\n|t:|1782544888\n|switch|p1a: Blissey|Blissey, F, tera:Dark|87/100\n|-terastallize|p2a: Gastrodon|Poison\n|move|p2a: Gastrodon|Recover|p2a: Gastrodon\n|-heal|p2a: Gastrodon|98/100\n|\n|upkeep\n|turn|128\n|\n|t:|1782544901\n|move|p1a: Blissey|Seismic Toss|p2a: Gastrodon\n|-damage|p2a: Gastrodon|75/100\n|move|p2a: Gastrodon|Sludge Bomb|p1a: Blissey\n|-crit|p1a: Blissey\n|-damage|p1a: Blissey|72/100\n|\n|upkeep\n|turn|129\n|\n|t:|1782544911\n|move|p1a: Blissey|Calm Mind|p1a: Blissey\n|-boost|p1a: Blissey|spa|1\n|-boost|p1a: Blissey|spd|1\n|move|p2a: Gastrodon|Sludge Bomb|p1a: Blissey\n|-damage|p1a: Blissey|66/100\n|\n|upkeep\n|turn|130\n|\n|t:|1782544923\n|switch|p2a: Fezandipiti|Fezandipiti, M|35/100\n|move|p1a: Blissey|Seismic Toss|p2a: Fezandipiti\n|-damage|p2a: Fezandipiti|9/100\n|\n|upkeep\n|turn|131\n|inactive|UU26LR Star has 60 seconds left.\n|\n|t:|1782544942\n|move|p2a: Fezandipiti|Roost|p2a: Fezandipiti\n|-heal|p2a: Fezandipiti|59/100\n|-singleturn|p2a: Fezandipiti|move: Roost\n|move|p1a: Blissey|Seismic Toss|p2a: Fezandipiti\n|-damage|p2a: Fezandipiti|33/100\n|\n|upkeep\n|turn|132\n|\n|t:|1782544949\n|switch|p1a: Toxapex|Toxapex, M|93/100\n|-damage|p1a: Toxapex|80/100|[from] Stealth Rock\n|-damage|p1a: Toxapex|56/100|[from] Spikes\n|move|p2a: Fezandipiti|Roost|p2a: Fezandipiti\n|-heal|p2a: Fezandipiti|83/100\n|-singleturn|p2a: Fezandipiti|move: Roost\n|\n|upkeep\n|turn|133\n|\n|t:|1782544959\n|move|p2a: Fezandipiti|U-turn|p1a: Toxapex\n|-resisted|p1a: Toxapex\n|-damage|p1a: Toxapex|52/100\n|\n|t:|1782544963\n|switch|p2a: Gastrodon|Gastrodon, M, tera:Poison|75/100|[from] U-turn\n|move|p1a: Toxapex|Toxic|p2a: Gastrodon\n|-immune|p2a: Gastrodon\n|\n|upkeep\n|turn|134\n|inactive|UU26LR Star has 60 seconds left.\n|\n|t:|1782544972\n|switch|p1a: Blissey|Blissey, F, tera:Dark|66/100\n|move|p2a: Gastrodon|Sludge Bomb|p1a: Blissey\n|-damage|p1a: Blissey|57/100\n|\n|upkeep\n|turn|135\n|\n|t:|1782544982\n|switch|p2a: Fezandipiti|Fezandipiti, M|83/100\n|move|p1a: Blissey|Calm Mind|p1a: Blissey\n|-boost|p1a: Blissey|spa|1\n|-boost|p1a: Blissey|spd|1\n|\n|upkeep\n|turn|136\n|\n|t:|1782544988\n|switch|p1a: Toxapex|Toxapex, M|85/100\n|-damage|p1a: Toxapex|73/100|[from] Stealth Rock\n|-damage|p1a: Toxapex|48/100|[from] Spikes\n|move|p2a: Fezandipiti|U-turn|p1a: Toxapex\n|-resisted|p1a: Toxapex\n|-damage|p1a: Toxapex|44/100\n|\n|t:|1782544992\n|switch|p2a: Gastrodon|Gastrodon, M, tera:Poison|75/100|[from] U-turn\n|\n|upkeep\n|turn|137\n|\n|t:|1782545001\n|switch|p1a: Blissey|Blissey, F, tera:Dark|57/100\n|move|p2a: Gastrodon|Sludge Bomb|p1a: Blissey\n|-crit|p1a: Blissey\n|-damage|p1a: Blissey|42/100\n|\n|upkeep\n|turn|138\n|\n|t:|1782545010\n|move|p1a: Blissey|Soft-Boiled|p1a: Blissey\n|-heal|p1a: Blissey|92/100\n|move|p2a: Gastrodon|Sludge Bomb|p1a: Blissey\n|-damage|p1a: Blissey|83/100\n|\n|upkeep\n|turn|139\n|\n|t:|1782545019\n|move|p1a: Blissey|Calm Mind|p1a: Blissey\n|-boost|p1a: Blissey|spa|1\n|-boost|p1a: Blissey|spd|1\n|move|p2a: Gastrodon|Sludge Bomb|p1a: Blissey\n|-damage|p1a: Blissey|76/100\n|\n|upkeep\n|turn|140\n|\n|t:|1782545027\n|move|p1a: Blissey|Seismic Toss|p2a: Gastrodon\n|-damage|p2a: Gastrodon|51/100\n|move|p2a: Gastrodon|Sludge Bomb|p1a: Blissey\n|-damage|p1a: Blissey|70/100\n|-status|p1a: Blissey|psn\n|\n|-damage|p1a: Blissey|57/100 psn|[from] psn\n|upkeep\n|turn|141\n|\n|t:|1782545035\n|move|p1a: Blissey|Heal Bell|p1a: Blissey\n|-activate|p1a: Blissey|move: Heal Bell\n|-curestatus|p1a: Blissey|psn|[msg]\n|move|p2a: Gastrodon|Recover|p2a: Gastrodon\n|-heal|p2a: Gastrodon|100/100\n|\n|upkeep\n|turn|142\n|\n|t:|1782545040\n|move|p1a: Blissey|Seismic Toss|p2a: Gastrodon\n|-damage|p2a: Gastrodon|77/100\n|move|p2a: Gastrodon|Sludge Bomb|p1a: Blissey\n|-damage|p1a: Blissey|51/100\n|\n|upkeep\n|turn|143\n|\n|t:|1782545048\n|move|p1a: Blissey|Seismic Toss|p2a: Gastrodon\n|-damage|p2a: Gastrodon|54/100\n|move|p2a: Gastrodon|Sludge Bomb|p1a: Blissey\n|-damage|p1a: Blissey|44/100\n|\n|upkeep\n|turn|144\n|\n|t:|1782545057\n|move|p1a: Blissey|Soft-Boiled|p1a: Blissey\n|-heal|p1a: Blissey|94/100\n|move|p2a: Gastrodon|Sludge Bomb|p1a: Blissey\n|-damage|p1a: Blissey|88/100\n|-status|p1a: Blissey|psn\n|\n|-damage|p1a: Blissey|75/100 psn|[from] psn\n|upkeep\n|turn|145\n|\n|t:|1782545062\n|move|p1a: Blissey|Heal Bell|p1a: Blissey\n|-activate|p1a: Blissey|move: Heal Bell\n|-curestatus|p1a: Blissey|psn|[msg]\n|move|p2a: Gastrodon|Recover|p2a: Gastrodon\n|-heal|p2a: Gastrodon|100/100\n|\n|upkeep\n|turn|146\n|inactive|UU26LR Star has 90 seconds left.\n|\n|t:|1782545068\n|switch|p2a: Fezandipiti|Fezandipiti, M|83/100\n|move|p1a: Blissey|Calm Mind|p1a: Blissey\n|-boost|p1a: Blissey|spa|1\n|-boost|p1a: Blissey|spd|1\n|\n|upkeep\n|turn|147\n|\n|t:|1782545076\n|switch|p1a: Toxapex|Toxapex, M|77/100\n|-damage|p1a: Toxapex|65/100|[from] Stealth Rock\n|-damage|p1a: Toxapex|40/100|[from] Spikes\n|move|p2a: Fezandipiti|Moonblast|p1a: Toxapex\n|-resisted|p1a: Toxapex\n|-damage|p1a: Toxapex|31/100\n|-unboost|p1a: Toxapex|spa|1\n|\n|upkeep\n|turn|148\n|inactive|UU26LR Star has 90 seconds left.\n|\n|t:|1782545088\n|move|p2a: Fezandipiti|U-turn|p1a: Toxapex\n|-resisted|p1a: Toxapex\n|-damage|p1a: Toxapex|27/100\n|\n|t:|1782545092\n|switch|p2a: Gastrodon|Gastrodon, M, tera:Poison|100/100|[from] U-turn\n|move|p1a: Toxapex|Recover|p1a: Toxapex\n|-heal|p1a: Toxapex|77/100\n|\n|upkeep\n|turn|149\n|\n|t:|1782545096\n|switch|p2a: Fezandipiti|Fezandipiti, M|83/100\n|switch|p1a: Blissey|Blissey, F, tera:Dark|75/100\n|\n|upkeep\n|turn|150\n|\n|t:|1782545102\n|switch|p1a: Toxapex|Toxapex, M|100/100\n|-damage|p1a: Toxapex|88/100|[from] Stealth Rock\n|-damage|p1a: Toxapex|64/100|[from] Spikes\n|move|p2a: Fezandipiti|Moonblast|p1a: Toxapex\n|-resisted|p1a: Toxapex\n|-damage|p1a: Toxapex|53/100\n|\n|upkeep\n|turn|151\n|\n|t:|1782545116\n|move|p2a: Fezandipiti|U-turn|p1a: Toxapex\n|-resisted|p1a: Toxapex\n|-damage|p1a: Toxapex|49/100\n|\n|t:|1782545119\n|switch|p2a: Gastrodon|Gastrodon, M, tera:Poison|100/100|[from] U-turn\n|move|p1a: Toxapex|Haze|p1a: Toxapex\n|-clearallboost\n|\n|upkeep\n|turn|152\n|\n|t:|1782545124\n|switch|p1a: Blissey|Blissey, F, tera:Dark|75/100\n|move|p2a: Gastrodon|Earth Power|p1a: Blissey\n|-crit|p1a: Blissey\n|-damage|p1a: Blissey|61/100\n|\n|upkeep\n|turn|153\n|inactive|UU26LR Star has 90 seconds left.\n|\n|t:|1782545170\n|switch|p2a: Fezandipiti|Fezandipiti, M|83/100\n|move|p1a: Blissey|Seismic Toss|p2a: Fezandipiti\n|-damage|p2a: Fezandipiti|56/100\n|\n|upkeep\n|turn|154\n|\n|t:|1782545184\n|switch|p1a: Toxapex|Toxapex, M|82/100\n|-damage|p1a: Toxapex|70/100|[from] Stealth Rock\n|-damage|p1a: Toxapex|45/100|[from] Spikes\n|move|p2a: Fezandipiti|Moonblast|p1a: Toxapex\n|-resisted|p1a: Toxapex\n|-damage|p1a: Toxapex|37/100\n|\n|upkeep\n|turn|155\n|\n|t:|1782545195\n|move|p2a: Fezandipiti|U-turn|p1a: Toxapex\n|-resisted|p1a: Toxapex\n|-damage|p1a: Toxapex|33/100\n|\n|t:|1782545199\n|switch|p2a: Gastrodon|Gastrodon, M, tera:Poison|100/100|[from] U-turn\n|move|p1a: Toxapex|Haze|p1a: Toxapex\n|-clearallboost\n|\n|upkeep\n|turn|156\n|\n|t:|1782545206\n|switch|p2a: Fezandipiti|Fezandipiti, M|56/100\n|switch|p1a: Blissey|Blissey, F, tera:Dark|61/100\n|\n|upkeep\n|turn|157\n|inactive|UU26LR Star has 60 seconds left.\n|c|☆UU26LR Star|glad to have you back UU26LR lulu\n|c|☆UU26LR Star|i'll be seeing you around\n|c|☆UU26LR Star|:)\n|inactive|UU26LR Star has 30 seconds left.\n|-message|UU26LR Star forfeited.\n|\n|win|UU26LR lulu\n|raw|UU26LR Star's rating: 1534 &rarr; <strong>1512</strong><br />(-22 for losing)\n|raw|UU26LR lulu's rating: 1507 &rarr; <strong>1529</strong><br />(+22 for winning)\n|l| west side GA\n|l|☆UU26LR lulu\n|player|p2|\n", "uploadtime": 1782545263, "views": 11, "formatid": "gen9uu", "rating": 1512, "private": 0, "password": null}