{"id": "gen9uu-2639690365", "format": "[Gen 9] UU", "players": ["Gc2709", "uu26LR sab"], "log": "|raw|<div class=\"broadcast-blue\"><strong>This battle is required to be public due to a player having a name starting with 'uu26lr'.</div>\n|j|☆Gc2709\n|j|☆uu26LR sab\n|t:|1782506393\n|gametype|singles\n|player|p1|Gc2709|#wcop2026peru|1602\n|player|p2|uu26LR sab|aromalady|1492\n|gen|9\n|tier|[Gen 9] UU\n|rated|\n|rule|HP Percentage Mod: HP is shown in percentages\n|rule|Endless Battle Clause: Forcing endless battles is banned\n|rule|Species Clause: Limit one of each Pokémon\n|rule|OHKO Clause: OHKO moves are banned\n|rule|Evasion Items Clause: Evasion items are banned\n|rule|Evasion Moves Clause: Evasion moves are banned\n|rule|Evasion Abilities Clause: Evasion abilities are banned\n|rule|Sleep Moves Clause: Sleep-inducing moves are banned\n|clearpoke\n|poke|p1|Hydrapple, M|\n|poke|p1|Tinkaton, F|\n|poke|p1|Mandibuzz, F|\n|poke|p1|Keldeo-Resolute|\n|poke|p1|Clodsire, F|\n|poke|p1|Skeledirge, M|\n|poke|p2|Lokix, M|\n|poke|p2|Hydreigon, M|\n|poke|p2|Donphan, M|\n|poke|p2|Metagross|\n|poke|p2|Azumarill, M|\n|poke|p2|Thundurus, M|\n|teampreview\n|\n|t:|1782506408\n|teamsize|p1|6\n|teamsize|p2|6\n|start\n|switch|p1a: Mandibuzz|Mandibuzz, F|100/100\n|switch|p2a: Lokix|Lokix, M|100/100\n|turn|1\n|inactive|Battle timer is ON: inactive players will automatically lose when time's up. (requested by Gc2709)\n|l|☆Gc2709\n|inactive|Gc2709 disconnected and has a minute to reconnect!\n|player|p1|\n|\n|t:|1782506419\n|move|p2a: Lokix|U-turn|p1a: Mandibuzz\n|-damage|p1a: Mandibuzz|74/100\n|j|☆Gc2709\n|inactive|Gc2709 reconnected.\n|player|p1|Gc2709|#wcop2026peru|\n|\n|t:|1782506424\n|switch|p2a: Azumarill|Azumarill, M|100/100|[from] U-turn\n|move|p1a: Mandibuzz|U-turn|p2a: Azumarill\n|-resisted|p2a: Azumarill\n|-damage|p2a: Azumarill|95/100\n|\n|t:|1782506427\n|switch|p1a: Skeledirge|Skeledirge, M|100/100|[from] U-turn\n|\n|upkeep\n|turn|2\n|\n|t:|1782506451\n|switch|p2a: Thundurus|Thundurus, M|100/100\n|move|p1a: Skeledirge|Will-O-Wisp|p2a: Thundurus\n|-status|p2a: Thundurus|brn\n|\n|-damage|p2a: Thundurus|94/100 brn|[from] brn\n|upkeep\n|turn|3\n|\n|t:|1782506456\n|switch|p1a: Clodsire|Clodsire, F|100/100\n|move|p2a: Thundurus|Knock Off|p1a: Clodsire\n|-damage|p1a: Clodsire|87/100\n|-enditem|p1a: Clodsire|Heavy-Duty Boots|[from] move: Knock Off|[of] p2a: Thundurus\n|\n|-damage|p2a: Thundurus|88/100 brn|[from] brn\n|upkeep\n|turn|4\n|\n|t:|1782506465\n|switch|p2a: Donphan|Donphan, M|100/100\n|move|p1a: Clodsire|Toxic|p2a: Donphan\n|-status|p2a: Donphan|tox\n|\n|-damage|p2a: Donphan|94/100 tox|[from] psn\n|upkeep\n|turn|5\n|\n|t:|1782506471\n|switch|p1a: Tinkaton|Tinkaton, F|100/100\n|move|p2a: Donphan|Stealth Rock|p1a: Tinkaton\n|-sidestart|p1: Gc2709|move: Stealth Rock\n|\n|-damage|p2a: Donphan|82/100 tox|[from] psn\n|upkeep\n|turn|6\n|\n|t:|1782506480\n|move|p1a: Tinkaton|Stealth Rock|p2a: Donphan\n|-sidestart|p2: uu26LR sab|move: Stealth Rock\n|move|p2a: Donphan|Earthquake|p1a: Tinkaton\n|-supereffective|p1a: Tinkaton\n|-damage|p1a: Tinkaton|0 fnt\n|faint|p1a: Tinkaton\n|\n|-damage|p2a: Donphan|64/100 tox|[from] psn\n|upkeep\n|\n|t:|1782506487\n|switch|p1a: Skeledirge|Skeledirge, M|100/100\n|turn|7\n|\n|t:|1782506491\n|move|p1a: Skeledirge|Will-O-Wisp|p2a: Donphan|[miss]\n|-miss|p1a: Skeledirge|p2a: Donphan\n|move|p2a: Donphan|Earthquake|p1a: Skeledirge\n|-supereffective|p1a: Skeledirge\n|-damage|p1a: Skeledirge|45/100\n|\n|-damage|p2a: Donphan|40/100 tox|[from] psn\n|upkeep\n|turn|8\n|\n|t:|1782506496\n|move|p1a: Skeledirge|Slack Off|p1a: Skeledirge\n|-heal|p1a: Skeledirge|95/100\n|move|p2a: Donphan|Earthquake|p1a: Skeledirge\n|-supereffective|p1a: Skeledirge\n|-damage|p1a: Skeledirge|42/100\n|\n|-damage|p2a: Donphan|10/100 tox|[from] psn\n|upkeep\n|turn|9\n|\n|t:|1782506499\n|move|p1a: Skeledirge|Torch Song|p2a: Donphan\n|-damage|p2a: Donphan|0 fnt\n|-boost|p1a: Skeledirge|spa|1\n|faint|p2a: Donphan\n|\n|upkeep\n|\n|t:|1782506505\n|switch|p2a: Lokix|Lokix, M|100/100\n|-damage|p2a: Lokix|76/100|[from] Stealth Rock\n|turn|10\n|\n|t:|1782506510\n|switch|p1a: Mandibuzz|Mandibuzz, F|74/100\n|move|p2a: Lokix|Knock Off|p1a: Mandibuzz\n|-resisted|p1a: Mandibuzz\n|-damage|p1a: Mandibuzz|40/100\n|-enditem|p1a: Mandibuzz|Heavy-Duty Boots|[from] move: Knock Off|[of] p2a: Lokix\n|\n|upkeep\n|turn|11\n|\n|t:|1782506519\n|switch|p2a: Thundurus|Thundurus, M|88/100 brn\n|move|p1a: Mandibuzz|U-turn|p2a: Thundurus\n|-resisted|p2a: Thundurus\n|-damage|p2a: Thundurus|79/100 brn\n|\n|t:|1782506523\n|switch|p1a: Clodsire|Clodsire, F|87/100|[from] U-turn\n|-damage|p1a: Clodsire|80/100|[from] Stealth Rock\n|\n|-damage|p2a: Thundurus|73/100 brn|[from] brn\n|upkeep\n|turn|12\n|\n|t:|1782506529\n|switch|p2a: Metagross|Metagross|100/100\n|-damage|p2a: Metagross|95/100|[from] Stealth Rock\n|move|p1a: Clodsire|Earthquake|p2a: Metagross\n|-supereffective|p2a: Metagross\n|-damage|p2a: Metagross|43/100\n|\n|upkeep\n|turn|13\n|\n|t:|1782506538\n|switch|p1a: Mandibuzz|Mandibuzz, F|40/100\n|-damage|p1a: Mandibuzz|15/100|[from] Stealth Rock\n|move|p2a: Metagross|Earthquake|p1a: Mandibuzz\n|-immune|p1a: Mandibuzz\n|\n|upkeep\n|turn|14\n|\n|t:|1782506543\n|switch|p2a: Azumarill|Azumarill, M|95/100\n|-damage|p2a: Azumarill|82/100|[from] Stealth Rock\n|move|p1a: Mandibuzz|U-turn|p2a: Azumarill\n|-resisted|p2a: Azumarill\n|-damage|p2a: Azumarill|76/100\n|\n|t:|1782506547\n|switch|p1a: Clodsire|Clodsire, F|80/100|[from] U-turn\n|-damage|p1a: Clodsire|74/100|[from] Stealth Rock\n|\n|upkeep\n|turn|15\n|\n|t:|1782506574\n|switch|p2a: Metagross|Metagross|43/100\n|-damage|p2a: Metagross|37/100|[from] Stealth Rock\n|move|p1a: Clodsire|Poison Jab|p2a: Metagross\n|-immune|p2a: Metagross\n|\n|upkeep\n|turn|16\n|\n|t:|1782506585\n|switch|p2a: Hydreigon|Hydreigon, M|100/100\n|-damage|p2a: Hydreigon|88/100|[from] Stealth Rock\n|switch|p1a: Mandibuzz|Mandibuzz, F|15/100\n|-damage|p1a: Mandibuzz|0 fnt|[from] Stealth Rock\n|faint|p1a: Mandibuzz\n|\n|-heal|p2a: Hydreigon|94/100|[from] item: Leftovers\n|upkeep\n|\n|t:|1782506588\n|switch|p1a: Keldeo|Keldeo-Resolute|100/100\n|-damage|p1a: Keldeo|94/100|[from] Stealth Rock\n|turn|17\n|\n|t:|1782506600\n|switch|p2a: Azumarill|Azumarill, M|76/100\n|-damage|p2a: Azumarill|64/100|[from] Stealth Rock\n|move|p1a: Keldeo|Substitute|p1a: Keldeo\n|-start|p1a: Keldeo|Substitute\n|-damage|p1a: Keldeo|70/100\n|\n|-heal|p1a: Keldeo|76/100|[from] item: Leftovers\n|upkeep\n|turn|18\n|\n|t:|1782506607\n|move|p1a: Keldeo|Surf|p2a: Azumarill\n|-resisted|p2a: Azumarill\n|-damage|p2a: Azumarill|47/100\n|move|p2a: Azumarill|Play Rough|p1a: Keldeo\n|-supereffective|p1a: Keldeo\n|-end|p1a: Keldeo|Substitute\n|\n|-heal|p1a: Keldeo|82/100|[from] item: Leftovers\n|upkeep\n|turn|19\n|j| Hydreigon > Latias\n|\n|t:|1782506618\n|move|p1a: Keldeo|Substitute|p1a: Keldeo\n|-start|p1a: Keldeo|Substitute\n|-damage|p1a: Keldeo|57/100\n|move|p2a: Azumarill|Play Rough|p1a: Keldeo\n|-supereffective|p1a: Keldeo\n|-end|p1a: Keldeo|Substitute\n|\n|-heal|p1a: Keldeo|63/100|[from] item: Leftovers\n|upkeep\n|turn|20\n|\n|t:|1782506622\n|switch|p1a: Skeledirge|Skeledirge, M|42/100\n|move|p2a: Azumarill|Play Rough|p1a: Skeledirge|[miss]\n|-miss|p2a: Azumarill|p1a: Skeledirge\n|\n|upkeep\n|turn|21\n|\n|t:|1782506628\n|move|p1a: Skeledirge|Slack Off|p1a: Skeledirge\n|-heal|p1a: Skeledirge|92/100\n|move|p2a: Azumarill|Liquidation|p1a: Skeledirge\n|-supereffective|p1a: Skeledirge\n|-damage|p1a: Skeledirge|26/100\n|-unboost|p1a: Skeledirge|def|1\n|\n|upkeep\n|turn|22\n|\n|t:|1782506634\n|move|p2a: Azumarill|Aqua Jet|p1a: Skeledirge\n|-supereffective|p1a: Skeledirge\n|-damage|p1a: Skeledirge|0 fnt\n|faint|p1a: Skeledirge\n|\n|upkeep\n|\n|t:|1782506638\n|switch|p1a: Clodsire|Clodsire, F|74/100\n|-damage|p1a: Clodsire|68/100|[from] Stealth Rock\n|turn|23\n|\n|t:|1782506644\n|move|p2a: Azumarill|Knock Off|p1a: Clodsire\n|-damage|p1a: Clodsire|36/100\n|move|p1a: Clodsire|Earthquake|p2a: Azumarill\n|-damage|p2a: Azumarill|20/100\n|\n|upkeep\n|turn|24\n|\n|t:|1782506664\n|switch|p2a: Metagross|Metagross|37/100\n|-damage|p2a: Metagross|31/100|[from] Stealth Rock\n|move|p1a: Clodsire|Recover|p1a: Clodsire\n|-heal|p1a: Clodsire|86/100\n|\n|upkeep\n|turn|25\n|\n|t:|1782506670\n|switch|p1a: Hydrapple|Hydrapple, M|100/100\n|move|p2a: Metagross|Trick|p1a: Hydrapple\n|-activate|p2a: Metagross|move: Trick|[of] p1a: Hydrapple\n|-item|p1a: Hydrapple|Choice Scarf|[from] move: Trick\n|-item|p2a: Metagross|Heavy-Duty Boots|[from] move: Trick\n|\n|upkeep\n|turn|26\n|\n|t:|1782506677\n|move|p2a: Metagross|Heavy Slam|p1a: Hydrapple\n|-crit|p1a: Hydrapple\n|-damage|p1a: Hydrapple|23/100\n|move|p1a: Hydrapple|Fickle Beam|p2a: Metagross\n|-resisted|p2a: Metagross\n|-damage|p2a: Metagross|5/100\n|\n|upkeep\n|turn|27\n|\n|t:|1782506685\n|move|p2a: Metagross|Heavy Slam|p1a: Hydrapple\n|-damage|p1a: Hydrapple|0 fnt\n|faint|p1a: Hydrapple\n|\n|upkeep\n|\n|t:|1782506689\n|switch|p1a: Keldeo|Keldeo-Resolute|63/100\n|-damage|p1a: Keldeo|57/100|[from] Stealth Rock\n|turn|28\n|\n|t:|1782506692\n|move|p1a: Keldeo|Surf|p2a: Metagross\n|-damage|p2a: Metagross|0 fnt\n|faint|p2a: Metagross\n|\n|-heal|p1a: Keldeo|63/100|[from] item: Leftovers\n|upkeep\n|\n|t:|1782506698\n|switch|p2a: Lokix|Lokix, M|76/100\n|-damage|p2a: Lokix|51/100|[from] Stealth Rock\n|turn|29\n|\n|t:|1782506708\n|move|p2a: Lokix|First Impression|p1a: Keldeo\n|-resisted|p1a: Keldeo\n|-damage|p1a: Keldeo|0 fnt\n|faint|p1a: Keldeo\n|\n|upkeep\n|c|☆Gc2709|gg\n|-message|Gc2709 forfeited.\n|\n|win|uu26LR sab\n|raw|Gc2709's rating: 1602 &rarr; <strong>1576</strong><br />(-26 for losing)\n|raw|uu26LR sab's rating: 1492 &rarr; <strong>1518</strong><br />(+26 for winning)\n|l|☆Gc2709\n|player|p1|\n|l|☆uu26LR sab\n|player|p2|\n", "uploadtime": 1782506426, "views": 6, "formatid": "gen9uu", "rating": 1518, "private": 0, "password": null}