{"id": "gen9doublesou-2639981446", "format": "[Gen 9] Doubles OU", "players": ["coolyguy67420", "4story"], "log": "|j|☆coolyguy67420\n|j|☆4story\n|t:|1782557559\n|gametype|doubles\n|player|p1|coolyguy67420|eusine|1551\n|player|p2|4story|psychic-gen2|1607\n|gen|9\n|tier|[Gen 9] Doubles OU\n|rated|\n|rule|HP Percentage Mod: HP is shown in percentages\n|rule|Endless Battle Clause: Forcing endless battles is banned\n|rule|Species Clause: Limit one of each Pokémon\n|rule|OHKO Clause: OHKO moves are banned\n|rule|Evasion Moves Clause: Evasion moves are banned\n|rule|Gravity Sleep Clause: The combination of sleep-inducing moves with imperfect accuracy and Gravity or Gigantamax Orbeetle are banned\n|rule|Evasion Abilities Clause: Evasion abilities are banned\n|clearpoke\n|poke|p1|Rampardos, M|\n|poke|p1|Typhlosion-Hisui, M|\n|poke|p1|Rillaboom, F|\n|poke|p1|Tyranitar, F|\n|poke|p1|Primarina, F|\n|poke|p1|Tornadus, M|\n|poke|p2|Torkoal, L98, F|\n|poke|p2|Hatterene, L99, F|\n|poke|p2|Indeedee-F, F|\n|poke|p2|Farigiraf, F|\n|poke|p2|Diancie|\n|poke|p2|Iron Hands|\n|teampreview\n|inactive|Battle timer is ON: inactive players will automatically lose when time's up. (requested by 4story)\n|\n|t:|1782557575\n|teamsize|p1|6\n|teamsize|p2|6\n|start\n|switch|p1a: Rampardos|Rampardos, M|100/100\n|switch|p1b: Tyranitar|Tyranitar, F|100/100\n|switch|p2a: Indeedee|Indeedee-F, F, shiny|100/100\n|switch|p2b: Hatterene|Hatterene, L99, F, shiny|100/100\n|-weather|Sandstorm|[from] ability: Sand Stream|[of] p1b: Tyranitar\n|-fieldstart|move: Psychic Terrain|[from] ability: Psychic Surge|[of] p2a: Indeedee\n|turn|1\n|inactive|4story has 120 seconds left.\n|c|☆coolyguy67420|I suspect a trick room team\n|\n|t:|1782557633\n|-terastallize|p2b: Hatterene|Steel\n|move|p2a: Indeedee|Follow Me|p2a: Indeedee\n|-singleturn|p2a: Indeedee|move: Follow Me\n|move|p1a: Rampardos|Rock Slide|p2a: Indeedee|[spread] p2a,p2b\n|-crit|p2a: Indeedee\n|-resisted|p2b: Hatterene\n|-damage|p2a: Indeedee|0 fnt\n|-damage|p2b: Hatterene|63/100\n|faint|p2a: Indeedee\n|move|p1b: Tyranitar|Knock Off|p2b: Hatterene\n|-damage|p2b: Hatterene|0 fnt\n|-enditem|p2b: Hatterene|Twisted Spoon|[from] move: Knock Off|[of] p1b: Tyranitar\n|faint|p2b: Hatterene\n|\n|-weather|Sandstorm|[upkeep]\n|upkeep\n|inactive|4story has 90 seconds left.\n|\n|t:|1782557645\n|switch|p2a: Iron Hands|Iron Hands, shiny|100/100\n|switch|p2b: Farigiraf|Farigiraf, F, shiny|100/100\n|turn|2\n|\n|t:|1782557660\n|-terastallize|p1b: Tyranitar|Ghost\n|move|p1a: Rampardos|Rock Slide|p2a: Iron Hands|[spread] \n|-miss|p1a: Rampardos|p2a: Iron Hands\n|-miss|p1a: Rampardos|p2b: Farigiraf\n|move|p1b: Tyranitar|Knock Off|p2b: Farigiraf\n|-supereffective|p2b: Farigiraf\n|-damage|p2b: Farigiraf|0 fnt\n|-enditem|p2b: Farigiraf|Sitrus Berry|[from] move: Knock Off|[of] p1b: Tyranitar\n|faint|p2b: Farigiraf\n|move|p2a: Iron Hands|Drain Punch|p1a: Rampardos\n|-supereffective|p1a: Rampardos\n|-damage|p1a: Rampardos|0 fnt\n|faint|p1a: Rampardos\n|\n|-weather|Sandstorm|[upkeep]\n|-damage|p1b: Tyranitar|94/100|[from] Sandstorm\n|-damage|p2a: Iron Hands|94/100|[from] Sandstorm\n|upkeep\n|inactive|coolyguy67420 has 120 seconds left.\n|\n|t:|1782557688\n|switch|p1a: Rillaboom|Rillaboom, F|100/100\n|switch|p2b: Diancie|Diancie, shiny|100/100\n|-fieldstart|move: Grassy Terrain|[from] ability: Grassy Surge|[of] p1a: Rillaboom\n|turn|3\n|\n|t:|1782557705\n|move|p1a: Rillaboom|Wood Hammer|p2b: Diancie\n|-supereffective|p2b: Diancie\n|-damage|p2b: Diancie|0 fnt\n|faint|p2b: Diancie\n|-damage|p1a: Rillaboom|71/100|[from] Recoil\n|move|p1b: Tyranitar|High Horsepower|p2a: Iron Hands|[miss]\n|-miss|p1b: Tyranitar|p2a: Iron Hands\n|move|p2a: Iron Hands|Swords Dance|p2a: Iron Hands\n|-boost|p2a: Iron Hands|atk|2\n|\n|-weather|Sandstorm|[upkeep]\n|-damage|p1a: Rillaboom|65/100|[from] Sandstorm\n|-damage|p1b: Tyranitar|88/100|[from] Sandstorm\n|-damage|p2a: Iron Hands|88/100|[from] Sandstorm\n|-heal|p1a: Rillaboom|71/100|[from] Grassy Terrain\n|-heal|p1b: Tyranitar|94/100|[from] Grassy Terrain\n|-heal|p2a: Iron Hands|94/100|[from] Grassy Terrain\n|upkeep\n|\n|t:|1782557710\n|switch|p2b: Torkoal|Torkoal, L98, F, shiny|100/100\n|-weather|SunnyDay|[from] ability: Drought|[of] p2b: Torkoal\n|turn|4\n|\n|t:|1782557735\n|move|p1a: Rillaboom|Wood Hammer|p2a: Iron Hands\n|-damage|p2a: Iron Hands|49/100\n|-damage|p1a: Rillaboom|49/100|[from] Recoil\n|move|p1b: Tyranitar|Stone Edge|p2b: Torkoal\n|-supereffective|p2b: Torkoal\n|-damage|p2b: Torkoal|20/100\n|move|p2a: Iron Hands|Drain Punch|p1a: Rillaboom\n|-damage|p1a: Rillaboom|0 fnt\n|-heal|p2a: Iron Hands|65/100|[from] drain|[of] p1a: Rillaboom\n|faint|p1a: Rillaboom\n|move|p2b: Torkoal|Heat Wave|p1b: Tyranitar\n|-damage|p1b: Tyranitar|34/100\n|\n|-weather|SunnyDay|[upkeep]\n|-heal|p1b: Tyranitar|40/100|[from] Grassy Terrain\n|-heal|p2a: Iron Hands|71/100|[from] Grassy Terrain\n|-heal|p2b: Torkoal|26/100|[from] Grassy Terrain\n|upkeep\n|inactive|coolyguy67420 has 120 seconds left.\n|\n|t:|1782557753\n|switch|p1a: Typhlosion|Typhlosion-Hisui, M|100/100\n|turn|5\n|-message|4story forfeited.\n|\n|win|coolyguy67420\n|raw|coolyguy67420's rating: 1551 &rarr; <strong>1574</strong><br />(+23 for winning)\n|raw|4story's rating: 1607 &rarr; <strong>1584</strong><br />(-23 for losing)\n|l|☆4story\n|player|p2|\n|l|☆coolyguy67420\n|player|p1|\n", "uploadtime": 1782558080, "views": 3, "formatid": "gen9doublesou", "rating": 1574, "private": 0, "password": null}