{"id": "gen9doublesou-2640017349", "format": "[Gen 9] Doubles OU", "players": ["sunnysilas02", "mobtitan"], "log": "|j|☆sunnysilas02\n|j|☆mobtitan\n|t:|1782564546\n|gametype|doubles\n|player|p1|sunnysilas02|gentleman-gen4|1602\n|player|p2|mobtitan|170|1555\n|gen|9\n|tier|[Gen 9] Doubles OU\n|rated|\n|rule|HP Percentage Mod: HP is shown in percentages\n|rule|Endless Battle Clause: Forcing endless battles is banned\n|rule|Species Clause: Limit one of each Pokémon\n|rule|OHKO Clause: OHKO moves are banned\n|rule|Evasion Moves Clause: Evasion moves are banned\n|rule|Gravity Sleep Clause: The combination of sleep-inducing moves with imperfect accuracy and Gravity or Gigantamax Orbeetle are banned\n|rule|Evasion Abilities Clause: Evasion abilities are banned\n|clearpoke\n|poke|p1|Hoopa-Unbound|\n|poke|p1|Indeedee-F, F|\n|poke|p1|Torkoal, F|\n|poke|p1|Diancie|\n|poke|p1|Hatterene, F|\n|poke|p1|Ursaluna, M|\n|poke|p2|Farigiraf, F|\n|poke|p2|Whimsicott, M|\n|poke|p2|Gholdengo|\n|poke|p2|Hoopa-Unbound|\n|poke|p2|Regidrago|\n|poke|p2|Torkoal, L99, M|\n|teampreview\n|inactive|Battle timer is ON: inactive players will automatically lose when time's up. (requested by mobtitan)\n|inactive|mobtitan has 120 seconds left.\n|\n|t:|1782564597\n|teamsize|p1|6\n|teamsize|p2|6\n|start\n|switch|p1a: Pops|Torkoal, F|100/100\n|switch|p1b: Rigby|Ursaluna, M|100/100\n|switch|p2a: Gholdengo|Gholdengo|100/100\n|switch|p2b: Whimsicott|Whimsicott, M|100/100\n|-weather|SunnyDay|[from] ability: Drought|[of] p1a: Pops\n|turn|1\n|\n|t:|1782564624\n|move|p2b: Whimsicott|Light Screen|p2b: Whimsicott\n|-sidestart|p2: mobtitan|move: Light Screen\n|move|p2a: Gholdengo|Nasty Plot|p2a: Gholdengo\n|-boost|p2a: Gholdengo|spa|2\n|move|p1b: Rigby|Headlong Rush|p2a: Gholdengo\n|-supereffective|p2a: Gholdengo\n|-damage|p2a: Gholdengo|0 fnt\n|-unboost|p1b: Rigby|def|1\n|-unboost|p1b: Rigby|spd|1\n|faint|p2a: Gholdengo\n|move|p1a: Pops|Heat Wave|p2b: Whimsicott\n|-supereffective|p2b: Whimsicott\n|-enditem|p2b: Whimsicott|Focus Sash\n|-damage|p2b: Whimsicott|1/100\n|\n|-weather|SunnyDay|[upkeep]\n|-status|p1b: Rigby|brn|[from] item: Flame Orb\n|upkeep\n|inactive|mobtitan has 120 seconds left.\n|\n|t:|1782564640\n|switch|p2a: Hoopa|Hoopa-Unbound|100/100\n|turn|2\n|\n|t:|1782564657\n|move|p2b: Whimsicott|Moonblast|p1a: Pops\n|-resisted|p1a: Pops\n|-damage|p1a: Pops|79/100\n|-unboost|p1a: Pops|spa|1\n|move|p2a: Hoopa|Hyperspace Fury|p1b: Rigby\n|-damage|p1b: Rigby|47/100 brn\n|-unboost|p2a: Hoopa|def|1\n|move|p1b: Rigby|Facade|p2a: Hoopa\n|-damage|p2a: Hoopa|0 fnt\n|faint|p2a: Hoopa\n|move|p1a: Pops|Heat Wave|p2b: Whimsicott\n|-supereffective|p2b: Whimsicott\n|-crit|p2b: Whimsicott\n|-damage|p2b: Whimsicott|0 fnt\n|faint|p2b: Whimsicott\n|\n|-weather|SunnyDay|[upkeep]\n|-damage|p1b: Rigby|41/100 brn|[from] brn\n|upkeep\n|\n|t:|1782564668\n|switch|p2b: Farigiraf|Farigiraf, F|100/100\n|switch|p2a: Regidrago|Regidrago|100/100\n|turn|3\n|\n|t:|1782564704\n|move|p2a: Regidrago|Earth Power|p1a: Pops\n|-supereffective|p1a: Pops\n|-damage|p1a: Pops|0 fnt\n|faint|p1a: Pops\n|move|p1b: Rigby|Facade|p2b: Farigiraf\n|-damage|p2b: Farigiraf|0 fnt\n|faint|p2b: Farigiraf\n|\n|-weather|SunnyDay|[upkeep]\n|-damage|p1b: Rigby|35/100 brn|[from] brn\n|upkeep\n|inactive|sunnysilas02 has 120 seconds left.\n|\n|t:|1782564727\n|switch|p2b: Torkoal|Torkoal, L99, M|100/100\n|switch|p1a: Belly dance thing|Hoopa-Unbound|100/100\n|turn|4\n|inactive|sunnysilas02 has 120 seconds left.\n|\n|t:|1782564746\n|move|p2a: Regidrago|Dragon Energy|p1a: Belly dance thing|[spread] p1a,p1b\n|-damage|p1a: Belly dance thing|29/100\n|-damage|p1b: Rigby|0 fnt\n|faint|p1b: Rigby\n|move|p1a: Belly dance thing|Expanding Force|p2b: Torkoal\n|-damage|p2b: Torkoal|51/100\n|move|p2b: Torkoal|Heat Wave|p1a: Belly dance thing|[miss]\n|-miss|p2b: Torkoal|p1a: Belly dance thing\n|\n|-weather|SunnyDay|[upkeep]\n|upkeep\n|inactive|sunnysilas02 has 120 seconds left.\n|\n|t:|1782564756\n|switch|p1b: Muscle Man|Diancie|100/100\n|turn|5\n|\n|t:|1782564766\n|move|p2a: Regidrago|Earth Power|p1b: Muscle Man\n|-supereffective|p1b: Muscle Man\n|-damage|p1b: Muscle Man|56/100\n|move|p1a: Belly dance thing|Expanding Force|p2a: Regidrago\n|-damage|p2a: Regidrago|69/100\n|move|p1b: Muscle Man|Diamond Storm|p2a: Regidrago|[spread] p2a,p2b\n|-supereffective|p2b: Torkoal\n|-damage|p2a: Regidrago|34/100\n|-damage|p2b: Torkoal|0 fnt\n|faint|p2b: Torkoal\n|\n|-weather|none\n|-sideend|p2: mobtitan|move: Light Screen\n|upkeep\n|turn|6\n|-message|mobtitan forfeited.\n|\n|win|sunnysilas02\n|raw|sunnysilas02's rating: 1602 &rarr; <strong>1619</strong><br />(+17 for winning)\n|raw|mobtitan's rating: 1555 &rarr; <strong>1538</strong><br />(-17 for losing)\n|l|☆mobtitan\n|player|p2|\n|l|☆sunnysilas02\n|player|p1|\n", "uploadtime": 1782565135, "views": 2, "formatid": "gen9doublesou", "rating": 1538, "private": 0, "password": null}