{"id": "gen9doublesou-2640036146", "format": "[Gen 9] Doubles OU", "players": ["4story", "hakoryu"], "log": "|j|☆4story\n|j|☆hakoryu\n|t:|1782567673\n|gametype|doubles\n|player|p1|4story|psychic-gen2|1632\n|player|p2|hakoryu|valerie|1658\n|gen|9\n|tier|[Gen 9] Doubles OU\n|rated|\n|rule|HP Percentage Mod: HP is shown in percentages\n|rule|Endless Battle Clause: Forcing endless battles is banned\n|rule|Species Clause: Limit one of each Pokémon\n|rule|OHKO Clause: OHKO moves are banned\n|rule|Evasion Moves Clause: Evasion moves are banned\n|rule|Gravity Sleep Clause: The combination of sleep-inducing moves with imperfect accuracy and Gravity or Gigantamax Orbeetle are banned\n|rule|Evasion Abilities Clause: Evasion abilities are banned\n|clearpoke\n|poke|p1|Torkoal, L98, M|\n|poke|p1|Hatterene, L99, F|\n|poke|p1|Indeedee-F, F|\n|poke|p1|Farigiraf, F|\n|poke|p1|Diancie|\n|poke|p1|Iron Hands|\n|poke|p2|Lilligant, F|\n|poke|p2|Typhlosion-Hisui, M|\n|poke|p2|Torkoal, F|\n|poke|p2|Farigiraf, M|\n|poke|p2|Raging Bolt|\n|poke|p2|Kingambit, F|\n|teampreview\n|inactive|Battle timer is ON: inactive players will automatically lose when time's up. (requested by 4story)\n|\n|t:|1782567685\n|teamsize|p1|6\n|teamsize|p2|6\n|start\n|switch|p1a: Diancie|Diancie, shiny|100/100\n|switch|p1b: Farigiraf|Farigiraf, F, shiny|100/100\n|switch|p2a: Typhlosion|Typhlosion-Hisui, M|100/100\n|switch|p2b: Torkoal|Torkoal, F|100/100\n|-item|p1a: Diancie|Hard Stone|[from] ability: Frisk|[of] p2a: Typhlosion\n|-item|p1b: Farigiraf|Sitrus Berry|[from] ability: Frisk|[of] p2a: Typhlosion\n|-weather|SunnyDay|[from] ability: Drought|[of] p2b: Torkoal\n|turn|1\n|\n|t:|1782567708\n|switch|p2b: Kingambit|Kingambit, F|100/100\n|-terastallize|p2a: Typhlosion|Fire\n|move|p1b: Farigiraf|Helping Hand|p1a: Diancie\n|-singleturn|p1a: Diancie|Helping Hand|[of] p1b: Farigiraf\n|move|p2a: Typhlosion|Eruption|p1a: Diancie|[spread] p1a,p1b\n|-resisted|p1a: Diancie\n|-damage|p1a: Diancie|37/100\n|-damage|p1b: Farigiraf|0 fnt\n|faint|p1b: Farigiraf\n|move|p1a: Diancie|Diamond Storm|p2b: Kingambit|[spread] p2a\n|-miss|p1a: Diancie|p2b: Kingambit\n|-supereffective|p2a: Typhlosion\n|-damage|p2a: Typhlosion|0 fnt\n|faint|p2a: Typhlosion\n|\n|-weather|SunnyDay|[upkeep]\n|upkeep\n|inactive|hakoryu has 120 seconds left.\n|\n|t:|1782567724\n|switch|p2a: Lilligant|Lilligant, F|100/100\n|switch|p1b: Indeedee|Indeedee-F, F, shiny|100/100\n|-fieldstart|move: Psychic Terrain|[from] ability: Psychic Surge|[of] p1b: Indeedee\n|turn|2\n|\n|t:|1782567736\n|move|p1b: Indeedee|Follow Me|p1b: Indeedee\n|-singleturn|p1b: Indeedee|move: Follow Me\n|move|p2a: Lilligant|Solar Beam||[still]\n|-prepare|p2a: Lilligant|Solar Beam\n|-anim|p2a: Lilligant|Solar Beam|p1b: Indeedee\n|-damage|p1b: Indeedee|53/100\n|-enditem|p1b: Indeedee|Red Card|[of] p2a: Lilligant\n|drag|p2a: Raging Bolt|Raging Bolt|100/100\n|-activate|p2a: Raging Bolt|ability: Protosynthesis\n|-start|p2a: Raging Bolt|protosynthesisspa\n|move|p2b: Kingambit|Iron Head|p1b: Indeedee\n|-damage|p1b: Indeedee|12/100\n|move|p1a: Diancie|Body Press|p2b: Kingambit\n|-supereffective|p2b: Kingambit\n|-damage|p2b: Kingambit|27/100\n|\n|-weather|SunnyDay|[upkeep]\n|upkeep\n|turn|3\n|\n|t:|1782567751\n|move|p1b: Indeedee|Follow Me|p1b: Indeedee\n|-singleturn|p1b: Indeedee|move: Follow Me\n|move|p2a: Raging Bolt|Volt Switch|p1b: Indeedee\n|-damage|p1b: Indeedee|0 fnt\n|faint|p1b: Indeedee\n|\n|t:|1782567759\n|-end|p2a: Raging Bolt|Protosynthesis|[silent]\n|switch|p2a: Lilligant|Lilligant, F|100/100|[from] Volt Switch\n|move|p2b: Kingambit|Iron Head|p1a: Diancie\n|-supereffective|p1a: Diancie\n|-damage|p1a: Diancie|0 fnt\n|faint|p1a: Diancie\n|\n|-weather|SunnyDay|[upkeep]\n|upkeep\n|\n|t:|1782567770\n|switch|p1b: Torkoal|Torkoal, L98, M, shiny|100/100\n|switch|p1a: Hatterene|Hatterene, L99, F, shiny|100/100\n|turn|4\n|\n|t:|1782567775\n|-terastallize|p1a: Hatterene|Steel\n|move|p1b: Torkoal|Protect|p1b: Torkoal\n|-singleturn|p1b: Torkoal|Protect\n|move|p2a: Lilligant|Sleep Powder|p1b: Torkoal\n|-activate|p1b: Torkoal|move: Protect\n|move|p2b: Kingambit|Iron Head|p1a: Hatterene\n|-resisted|p1a: Hatterene\n|-damage|p1a: Hatterene|74/100\n|move|p1a: Hatterene|Trick Room|p1a: Hatterene\n|-fieldstart|move: Trick Room|[of] p1a: Hatterene\n|\n|-weather|SunnyDay|[upkeep]\n|upkeep\n|turn|5\n|\n|t:|1782567804\n|switch|p2a: Raging Bolt|Raging Bolt|100/100\n|-activate|p2a: Raging Bolt|ability: Protosynthesis\n|-start|p2a: Raging Bolt|protosynthesisspa\n|move|p1b: Torkoal|Eruption|p2a: Raging Bolt|[spread] p2a,p2b\n|-resisted|p2a: Raging Bolt\n|-supereffective|p2b: Kingambit\n|-damage|p2a: Raging Bolt|78/100\n|-damage|p2b: Kingambit|0 fnt\n|faint|p2b: Kingambit\n|move|p1a: Hatterene|Expanding Force|p2a: Raging Bolt\n|-damage|p2a: Raging Bolt|14/100\n|\n|-weather|none\n|-end|p2a: Raging Bolt|Protosynthesis\n|upkeep\n|inactive|hakoryu has 120 seconds left.\n|\n|t:|1782567815\n|switch|p2b: Lilligant|Lilligant, F|100/100\n|turn|6\n|\n|t:|1782567827\n|move|p1b: Torkoal|Eruption|p2a: Raging Bolt|[spread] p2a,p2b\n|-resisted|p2a: Raging Bolt\n|-supereffective|p2b: Lilligant\n|-damage|p2a: Raging Bolt|0 fnt\n|-enditem|p2b: Lilligant|Focus Sash\n|-damage|p2b: Lilligant|1/100\n|faint|p2a: Raging Bolt\n|-end|p2a: Raging Bolt|Protosynthesis|[silent]\n|move|p1a: Hatterene|Dazzling Gleam|p2b: Lilligant\n|-damage|p2b: Lilligant|0 fnt\n|faint|p2b: Lilligant\n|\n|-fieldend|move: Psychic Terrain\n|upkeep\n|\n|t:|1782567836\n|switch|p2a: Farigiraf|Farigiraf, M|100/100\n|switch|p2b: Torkoal|Torkoal, F|100/100\n|-weather|SunnyDay|[from] ability: Drought|[of] p2b: Torkoal\n|turn|7\n|\n|t:|1782567852\n|move|p2b: Torkoal|Protect|p2b: Torkoal\n|-singleturn|p2b: Torkoal|Protect\n|move|p1b: Torkoal|Eruption|p2b: Torkoal|[spread] p2a\n|-activate|p2b: Torkoal|move: Protect\n|-damage|p2a: Farigiraf|28/100\n|-enditem|p2a: Farigiraf|Sitrus Berry|[eat]\n|-heal|p2a: Farigiraf|53/100|[from] item: Sitrus Berry\n|move|p1a: Hatterene|Expanding Force|p2b: Torkoal\n|-activate|p2b: Torkoal|move: Protect\n|move|p2a: Farigiraf|Trick Room|p2a: Farigiraf\n|-fieldend|move: Trick Room\n|\n|-weather|SunnyDay|[upkeep]\n|upkeep\n|turn|8\n|\n|t:|1782567866\n|move|p2a: Farigiraf|Helping Hand|p2b: Torkoal\n|-singleturn|p2b: Torkoal|Helping Hand|[of] p2a: Farigiraf\n|move|p1a: Hatterene|Dazzling Gleam|p2b: Torkoal|[spread] p2a,p2b\n|-crit|p2a: Farigiraf\n|-resisted|p2b: Torkoal\n|-damage|p2a: Farigiraf|8/100\n|-damage|p2b: Torkoal|80/100\n|move|p2b: Torkoal|Eruption|p1a: Hatterene|[spread] p1a,p1b\n|-supereffective|p1a: Hatterene\n|-resisted|p1b: Torkoal\n|-damage|p1a: Hatterene|0 fnt\n|-damage|p1b: Torkoal|45/100\n|faint|p1a: Hatterene\n|move|p1b: Torkoal|Earth Power|p2b: Torkoal\n|-supereffective|p2b: Torkoal\n|-damage|p2b: Torkoal|19/100\n|-unboost|p2b: Torkoal|spd|1\n|\n|-weather|SunnyDay|[upkeep]\n|upkeep\n|\n|t:|1782567878\n|switch|p1a: Iron Hands|Iron Hands, shiny|100/100\n|turn|9\n|\n|t:|1782567888\n|move|p2a: Farigiraf|Protect|p2a: Farigiraf\n|-singleturn|p2a: Farigiraf|Protect\n|move|p1a: Iron Hands|Drain Punch|p2a: Farigiraf\n|-activate|p2a: Farigiraf|move: Protect\n|move|p2b: Torkoal|Overheat|p1a: Iron Hands|[miss]\n|-miss|p2b: Torkoal|p1a: Iron Hands\n|move|p1b: Torkoal|Heat Wave|p2a: Farigiraf|[spread] \n|-activate|p2a: Farigiraf|move: Protect\n|-miss|p1b: Torkoal|p2b: Torkoal\n|\n|-weather|SunnyDay|[upkeep]\n|upkeep\n|turn|10\n|j| Chelicerae123\n|\n|t:|1782567903\n|move|p2a: Farigiraf|Helping Hand|p2b: Torkoal\n|-singleturn|p2b: Torkoal|Helping Hand|[of] p2a: Farigiraf\n|move|p1a: Iron Hands|Drain Punch|p2a: Farigiraf\n|-damage|p2a: Farigiraf|0 fnt\n|faint|p2a: Farigiraf\n|move|p2b: Torkoal|Overheat|p1b: Torkoal|[miss]\n|-miss|p2b: Torkoal|p1b: Torkoal\n|move|p1b: Torkoal|Earth Power|p2b: Torkoal\n|-supereffective|p2b: Torkoal\n|-damage|p2b: Torkoal|0 fnt\n|faint|p2b: Torkoal\n|\n|win|4story\n|raw|4story's rating: 1632 &rarr; <strong>1653</strong><br />(+21 for winning)\n|raw|hakoryu's rating: 1658 &rarr; <strong>1637</strong><br />(-21 for losing)\n|l| Chelicerae123\n|l|☆4story\n|player|p1|\n", "uploadtime": 1782568117, "views": 1, "formatid": "gen9doublesou", "rating": 1637, "private": 0, "password": null}