{"id": "gen9doublesou-2540945438", "format": "[Gen 9] Doubles OU", "players": ["qwqwwqqwwq", "Ruby4"], "log": "|j|☆qwqwwqqwwq\n|j|☆Ruby4\n|t:|1771269660\n|gametype|doubles\n|player|p1|qwqwwqqwwq|hiker-gen4|1689\n|player|p2|Ruby4|caitlin|1622\n|gen|9\n|tier|[Gen 9] Doubles OU\n|rated|\n|rule|HP Percentage Mod: HP is shown in percentages\n|rule|Endless Battle Clause: Forcing endless battles is banned\n|rule|Species Clause: Limit one of each Pokémon\n|rule|OHKO Clause: OHKO moves are banned\n|rule|Evasion Moves Clause: Evasion moves are banned\n|rule|Gravity Sleep Clause: The combination of sleep-inducing moves with imperfect accuracy and Gravity or Gigantamax Orbeetle are banned\n|rule|Evasion Abilities Clause: Evasion abilities are banned\n|clearpoke\n|poke|p1|Scizor, M|\n|poke|p1|Dragonite, M|\n|poke|p1|Tornadus, M|\n|poke|p1|Chandelure, M|\n|poke|p1|Golem, F|\n|poke|p1|Articuno-Galar|\n|poke|p2|Moltres-Galar|\n|poke|p2|Ogerpon-Cornerstone, F|\n|poke|p2|Sinistcha|\n|poke|p2|Iron Hands|\n|poke|p2|Roaring Moon|\n|poke|p2|Gholdengo|\n|teampreview\n|inactive|Battle timer is ON: inactive players will automatically lose when time's up. (requested by Ruby4)\n|\n|t:|1771269680\n|teamsize|p1|6\n|teamsize|p2|6\n|start\n|switch|p1a: Tornadus|Tornadus, M|100/100\n|switch|p1b: Dragonite|Dragonite, M|100/100\n|switch|p2a: Iron Hands|Iron Hands|100/100\n|switch|p2b: Roaring Moon|Roaring Moon|100/100\n|-enditem|p2b: Roaring Moon|Booster Energy\n|-activate|p2b: Roaring Moon|ability: Protosynthesis|[fromitem]\n|-start|p2b: Roaring Moon|protosynthesisspe\n|turn|1\n|\n|t:|1771269689\n|-terastallize|p1b: Dragonite|Ground\n|move|p1a: Tornadus|Protect|p1a: Tornadus\n|-singleturn|p1a: Tornadus|Protect\n|move|p2b: Roaring Moon|Tailwind|p2b: Roaring Moon\n|-sidestart|p2: Ruby4|move: Tailwind\n|move|p2a: Iron Hands|Ice Punch|p1b: Dragonite\n|-supereffective|p1b: Dragonite\n|-damage|p1b: Dragonite|51/100\n|move|p1b: Dragonite|Earthquake|p2a: Iron Hands|[spread] p2a,p2b\n|-activate|p1a: Tornadus|move: Protect\n|-supereffective|p2a: Iron Hands\n|-damage|p2a: Iron Hands|35/100\n|-damage|p2b: Roaring Moon|45/100\n|\n|upkeep\n|turn|2\n|\n|t:|1771269715\n|-end|p2a: Iron Hands|Quark Drive|[silent]\n|switch|p2a: Sinistcha|Sinistcha|100/100\n|-heal|p2b: Roaring Moon|70/100|[from] ability: Hospitality|[of] p2a: Sinistcha\n|move|p1b: Dragonite|Protect|p1b: Dragonite\n|-singleturn|p1b: Dragonite|Protect\n|move|p1a: Tornadus|Tailwind|p1a: Tornadus\n|-sidestart|p1: qwqwwqqwwq|move: Tailwind\n|move|p2b: Roaring Moon|Breaking Swipe|p1a: Tornadus|[spread] p1a\n|-activate|p1b: Dragonite|move: Protect\n|-damage|p1a: Tornadus|63/100\n|-unboost|p1a: Tornadus|atk|1\n|\n|upkeep\n|turn|3\n|inactive|Ruby4 has 120 seconds left.\n|\n|t:|1771269751\n|move|p1b: Dragonite|Extreme Speed|p2b: Roaring Moon\n|-damage|p2b: Roaring Moon|30/100\n|move|p2b: Roaring Moon|Knock Off|p1b: Dragonite\n|-damage|p1b: Dragonite|1/100\n|-enditem|p1b: Dragonite|Focus Sash|[from] move: Knock Off|[of] p2b: Roaring Moon\n|move|p1a: Tornadus|Bleakwind Storm|p2b: Roaring Moon|[spread] p2a,p2b\n|-supereffective|p2a: Sinistcha\n|-crit|p2b: Roaring Moon\n|-damage|p2a: Sinistcha|31/100\n|-damage|p2b: Roaring Moon|0 fnt\n|-unboost|p2a: Sinistcha|spe|1\n|-enditem|p2a: Sinistcha|Sitrus Berry|[eat]\n|-heal|p2a: Sinistcha|56/100|[from] item: Sitrus Berry\n|faint|p2b: Roaring Moon\n|-end|p2b: Roaring Moon|Protosynthesis|[silent]\n|move|p2a: Sinistcha|Matcha Gotcha|p1b: Dragonite|[spread] p1a,p1b\n|-resisted|p1a: Tornadus\n|-supereffective|p1b: Dragonite\n|-damage|p1a: Tornadus|47/100\n|-heal|p2a: Sinistcha|63/100|[from] drain|[of] p1a: Tornadus\n|-damage|p1b: Dragonite|0 fnt\n|-heal|p2a: Sinistcha|63/100|[from] drain|[of] p1b: Dragonite\n|faint|p1b: Dragonite\n|\n|upkeep\n|\n|t:|1771269775\n|switch|p2b: Moltres|Moltres-Galar|100/100\n|switch|p1b: Chandelure|Chandelure, M|100/100\n|turn|4\n|inactive|Ruby4 has 120 seconds left.\n|\n|t:|1771269794\n|switch|p2a: Ogerpon|Ogerpon-Cornerstone, F|100/100\n|move|p1a: Tornadus|Bleakwind Storm|p2a: Ogerpon|[spread] p2a\n|-miss|p1a: Tornadus|p2b: Moltres\n|-crit|p2a: Ogerpon\n|-damage|p2a: Ogerpon|44/100\n|move|p1b: Chandelure|Heat Wave|p2b: Moltres|[spread] p2a,p2b\n|-damage|p2a: Ogerpon|0 fnt\n|-damage|p2b: Moltres|67/100\n|faint|p2a: Ogerpon\n|move|p2b: Moltres|Nasty Plot|p2b: Moltres\n|-boost|p2b: Moltres|spa|2\n|\n|-sideend|p2: Ruby4|move: Tailwind\n|upkeep\n|\n|t:|1771269803\n|switch|p2a: Sinistcha|Sinistcha|63/100\n|-heal|p2b: Moltres|92/100|[from] ability: Hospitality|[of] p2a: Sinistcha\n|turn|5\n|inactive|Ruby4 has 120 seconds left.\n|\n|t:|1771269840\n|-terastallize|p2a: Sinistcha|Water\n|move|p1a: Tornadus|Protect|p1a: Tornadus\n|-singleturn|p1a: Tornadus|Protect\n|move|p1b: Chandelure|Heat Wave|p2b: Moltres|[spread] p2a,p2b\n|-resisted|p2a: Sinistcha\n|-damage|p2a: Sinistcha|42/100\n|-damage|p2b: Moltres|58/100\n|move|p2b: Moltres|Fiery Wrath|p1a: Tornadus|[spread] p1b\n|-activate|p1a: Tornadus|move: Protect\n|-supereffective|p1b: Chandelure\n|-enditem|p1b: Chandelure|Focus Sash\n|-damage|p1b: Chandelure|1/100\n|move|p2a: Sinistcha|Life Dew|p2a: Sinistcha|[spread] p2a,p2b\n|-heal|p2a: Sinistcha|67/100\n|-heal|p2b: Moltres|83/100\n|\n|-sideend|p1: qwqwwqqwwq|move: Tailwind\n|upkeep\n|turn|6\n|inactive|Ruby4 has 120 seconds left.\n|inactive|qwqwwqqwwq has 120 seconds left.\n|\n|t:|1771269879\n|move|p1b: Chandelure|Protect|p1b: Chandelure\n|-singleturn|p1b: Chandelure|Protect\n|move|p1a: Tornadus|Tailwind|p1a: Tornadus\n|-sidestart|p1: qwqwwqqwwq|move: Tailwind\n|move|p2b: Moltres|Fiery Wrath|p1a: Tornadus|[spread] p1a\n|-activate|p1b: Chandelure|move: Protect\n|-damage|p1a: Tornadus|0 fnt\n|faint|p1a: Tornadus\n|move|p2a: Sinistcha|Life Dew|p2a: Sinistcha|[spread] p2a,p2b\n|-heal|p2a: Sinistcha|92/100\n|-heal|p2b: Moltres|100/100\n|\n|upkeep\n|\n|t:|1771269882\n|switch|p1a: Golem|Golem, F|100/100\n|turn|7\n|\n|t:|1771269888\n|move|p1a: Golem|Wide Guard|p1a: Golem\n|-singleturn|p1a: Golem|Wide Guard\n|move|p1b: Chandelure|Taunt|p2a: Sinistcha\n|-start|p2a: Sinistcha|move: Taunt\n|move|p2b: Moltres|Fiery Wrath|p1b: Chandelure|[spread] \n|-activate|p1a: Golem|move: Wide Guard\n|-activate|p1b: Chandelure|move: Wide Guard\n|move|p2a: Sinistcha|Matcha Gotcha|p1b: Chandelure|[spread] \n|-activate|p1a: Golem|move: Wide Guard\n|-activate|p1b: Chandelure|move: Wide Guard\n|\n|upkeep\n|turn|8\n|\n|t:|1771269900\n|switch|p2a: Iron Hands|Iron Hands|35/100\n|move|p2b: Moltres|Protect|p2b: Moltres\n|-singleturn|p2b: Moltres|Protect\n|move|p1a: Golem|Wide Guard|p1a: Golem\n|-singleturn|p1a: Golem|Wide Guard\n|move|p1b: Chandelure|Heat Wave|p2a: Iron Hands|[spread] p2a\n|-activate|p2b: Moltres|move: Protect\n|-damage|p2a: Iron Hands|10/100\n|\n|upkeep\n|turn|9\n|\n|t:|1771269921\n|move|p1a: Golem|Wide Guard|p1a: Golem\n|-singleturn|p1a: Golem|Wide Guard\n|move|p2a: Iron Hands|Fake Out|p1a: Golem\n|-resisted|p1a: Golem\n|-damage|p1a: Golem|94/100\n|move|p1b: Chandelure|Heat Wave|p2b: Moltres|[spread] p2a,p2b\n|-damage|p2a: Iron Hands|0 fnt\n|-damage|p2b: Moltres|68/100\n|faint|p2a: Iron Hands\n|-end|p2a: Iron Hands|Quark Drive|[silent]\n|move|p2b: Moltres|Air Slash|p1a: Golem\n|-resisted|p1a: Golem\n|-damage|p1a: Golem|36/100\n|\n|-sideend|p1: qwqwwqqwwq|move: Tailwind\n|upkeep\n|\n|t:|1771269923\n|switch|p2a: Sinistcha|Sinistcha, tera:Water|92/100\n|-heal|p2b: Moltres|93/100|[from] ability: Hospitality|[of] p2a: Sinistcha\n|turn|10\n|\n|t:|1771269948\n|move|p1b: Chandelure|Heat Wave|p2a: Sinistcha|[spread] p2a,p2b\n|-resisted|p2a: Sinistcha\n|-damage|p2a: Sinistcha|71/100\n|-damage|p2b: Moltres|59/100\n|-status|p2b: Moltres|brn\n|move|p2b: Moltres|Air Slash|p1a: Golem|[miss]\n|-miss|p2b: Moltres|p1a: Golem\n|move|p1a: Golem|Rock Slide|p2a: Sinistcha|[spread] p2a,p2b\n|-supereffective|p2b: Moltres\n|-damage|p2a: Sinistcha|47/100\n|-damage|p2b: Moltres|0 fnt\n|faint|p2b: Moltres\n|cant|p2a: Sinistcha|flinch\n|\n|upkeep\n|\n|t:|1771269961\n|switch|p2b: Gholdengo|Gholdengo|100/100\n|turn|11\n|\n|t:|1771269974\n|move|p2b: Gholdengo|Protect|p2b: Gholdengo\n|-singleturn|p2b: Gholdengo|Protect\n|move|p1a: Golem|Wide Guard|p1a: Golem\n|-singleturn|p1a: Golem|Wide Guard\n|move|p1b: Chandelure|Shadow Ball|p2b: Gholdengo\n|-activate|p2b: Gholdengo|move: Protect\n|move|p2a: Sinistcha|Matcha Gotcha|p1a: Golem|[spread] \n|-activate|p1a: Golem|move: Wide Guard\n|-activate|p1b: Chandelure|move: Wide Guard\n|\n|upkeep\n|turn|12\n|\n|t:|1771269990\n|move|p1a: Golem|Wide Guard|p1a: Golem\n|-singleturn|p1a: Golem|Wide Guard\n|move|p1b: Chandelure|Heat Wave|p2b: Gholdengo|[spread] p2b\n|-miss|p1b: Chandelure|p2a: Sinistcha\n|-supereffective|p2b: Gholdengo\n|-damage|p2b: Gholdengo|9/100\n|move|p2b: Gholdengo|Make It Rain|p1a: Golem|[spread] \n|-activate|p1a: Golem|move: Wide Guard\n|-activate|p1b: Chandelure|move: Wide Guard\n|move|p2a: Sinistcha|Life Dew|p2a: Sinistcha|[spread] p2a\n|-immune|p2b: Gholdengo|[from] ability: Good as Gold\n|-heal|p2a: Sinistcha|72/100\n|\n|-heal|p2b: Gholdengo|15/100|[from] item: Leftovers\n|upkeep\n|turn|13\n|-message|Ruby4 forfeited.\n|\n|win|qwqwwqqwwq\n|raw|qwqwwqqwwq's rating: 1689 &rarr; <strong>1705</strong><br />(+16 for winning)\n|raw|Ruby4's rating: 1622 &rarr; <strong>1606</strong><br />(-16 for losing)\n|l|☆Ruby4\n|player|p2|\n|l|☆qwqwwqqwwq\n|player|p1|\n", "uploadtime": 1771270158, "views": 0, "formatid": "gen9doublesou", "rating": 1606, "private": 0, "password": null}