{"id": "gen9doublesou-2539905425", "format": "[Gen 9] Doubles OU", "players": ["nedlellol", "xyyyyyz"], "log": "|j|☆nedlellol\n|j|☆xyyyyyz\n|t:|1771125192\n|gametype|doubles\n|player|p1|nedlellol|fisherman-gen4|1664\n|player|p2|xyyyyyz|miku-fire|1566\n|gen|9\n|tier|[Gen 9] Doubles OU\n|rated|\n|rule|HP Percentage Mod: HP is shown in percentages\n|rule|Endless Battle Clause: Forcing endless battles is banned\n|rule|Species Clause: Limit one of each Pokémon\n|rule|OHKO Clause: OHKO moves are banned\n|rule|Evasion Moves Clause: Evasion moves are banned\n|rule|Gravity Sleep Clause: The combination of sleep-inducing moves with imperfect accuracy and Gravity or Gigantamax Orbeetle are banned\n|rule|Evasion Abilities Clause: Evasion abilities are banned\n|clearpoke\n|poke|p1|Walking Wake|\n|poke|p1|Chi-Yu|\n|poke|p1|Jumpluff, M|\n|poke|p1|Roaring Moon|\n|poke|p1|Torkoal, F|\n|poke|p1|Lilligant-Hisui, F|\n|poke|p2|Glimmora, F|\n|poke|p2|Dragonite, F|\n|poke|p2|Scizor, F|\n|poke|p2|Arcanine, M|\n|poke|p2|Palafin, F|\n|poke|p2|Chien-Pao|\n|teampreview\n|inactive|Battle timer is ON: inactive players will automatically lose when time's up. (requested by nedlellol)\n|inactive|xyyyyyz also wants the timer to be on.\n|\n|t:|1771125211\n|teamsize|p1|6\n|teamsize|p2|6\n|start\n|switch|p1a: Roaring Moon|Roaring Moon|100/100\n|switch|p1b: Torkoal|Torkoal, F|100/100\n|switch|p2a: Palafin|Palafin, F|100/100\n|switch|p2b: Dragonite|Dragonite, F|100/100\n|-weather|SunnyDay|[from] ability: Drought|[of] p1b: Torkoal\n|-activate|p1a: Roaring Moon|ability: Protosynthesis\n|-start|p1a: Roaring Moon|protosynthesisatk\n|turn|1\n|\n|t:|1771125234\n|detailschange|p2a: Palafin|Palafin-Hero, F\n|switch|p2a: Glimmora|Glimmora, F|100/100\n|move|p1a: Roaring Moon|Knock Off|p2b: Dragonite\n|-damage|p2b: Dragonite|34/100\n|-enditem|p2b: Dragonite|Choice Band|[from] move: Knock Off|[of] p1a: Roaring Moon\n|move|p2b: Dragonite|Ice Spinner|p1a: Roaring Moon\n|-supereffective|p1a: Roaring Moon\n|-damage|p1a: Roaring Moon|25/100\n|move|p1b: Torkoal|Will-O-Wisp|p2b: Dragonite\n|-status|p2b: Dragonite|brn\n|\n|-weather|SunnyDay|[upkeep]\n|-damage|p2b: Dragonite|28/100 brn|[from] brn\n|upkeep\n|turn|2\n|\n|t:|1771125250\n|move|p2b: Dragonite|Extreme Speed|p1a: Roaring Moon\n|-damage|p1a: Roaring Moon|5/100\n|move|p1a: Roaring Moon|Tailwind|p1a: Roaring Moon\n|-sidestart|p1: nedlellol|move: Tailwind\n|move|p2a: Glimmora|Power Gem|p1b: Torkoal\n|-supereffective|p1b: Torkoal\n|-damage|p1b: Torkoal|5/100\n|move|p1b: Torkoal|Eruption|p2b: Dragonite|[spread] p2a,p2b\n|-resisted|p2a: Glimmora\n|-resisted|p2b: Dragonite\n|-damage|p2a: Glimmora|99/100\n|-damage|p2b: Dragonite|26/100 brn\n|\n|-weather|SunnyDay|[upkeep]\n|-damage|p2b: Dragonite|20/100 brn|[from] brn\n|upkeep\n|turn|3\n|\n|t:|1771125270\n|move|p2b: Dragonite|Extreme Speed|p1a: Roaring Moon\n|-damage|p1a: Roaring Moon|0 fnt\n|faint|p1a: Roaring Moon\n|-end|p1a: Roaring Moon|Protosynthesis|[silent]\n|move|p2a: Glimmora|Stealth Rock|p1b: Torkoal\n|-sidestart|p1: nedlellol|move: Stealth Rock\n|move|p1b: Torkoal|Heat Wave|p2b: Dragonite|[spread] p2a,p2b\n|-resisted|p2a: Glimmora\n|-resisted|p2b: Dragonite\n|-damage|p2a: Glimmora|83/100\n|-damage|p2b: Dragonite|0 fnt\n|faint|p2b: Dragonite\n|\n|-weather|SunnyDay|[upkeep]\n|upkeep\n|\n|t:|1771125290\n|switch|p1a: Walking Wake|Walking Wake|100/100\n|switch|p2b: Arcanine|Arcanine, M|100/100\n|-damage|p1a: Walking Wake|88/100|[from] Stealth Rock\n|-ability|p2b: Arcanine|Intimidate|boost\n|-unboost|p1a: Walking Wake|atk|1\n|-unboost|p1b: Torkoal|atk|1\n|-activate|p1a: Walking Wake|ability: Protosynthesis\n|-start|p1a: Walking Wake|protosynthesisspe\n|turn|4\n|\n|t:|1771125302\n|-terastallize|p2b: Arcanine|Grass\n|move|p1a: Walking Wake|Hydro Steam|p2a: Glimmora\n|-supereffective|p2a: Glimmora\n|-damage|p2a: Glimmora|0 fnt\n|faint|p2a: Glimmora\n|-damage|p1a: Walking Wake|78/100|[from] item: Life Orb\n|move|p2b: Arcanine|Snarl|p1a: Walking Wake|[spread] p1a,p1b\n|-damage|p1a: Walking Wake|67/100\n|-damage|p1b: Torkoal|0 fnt\n|-unboost|p1a: Walking Wake|spa|1\n|faint|p1b: Torkoal\n|\n|-weather|SunnyDay|[upkeep]\n|upkeep\n|\n|t:|1771125315\n|switch|p2a: Palafin|Palafin-Hero, F|100/100\n|switch|p1b: Chi-Yu|Chi-Yu, shiny|100/100\n|-damage|p1b: Chi-Yu|76/100|[from] Stealth Rock\n|-ability|p1b: Chi-Yu|Beads of Ruin\n|-activate|p2a: Palafin|ability: Zero to Hero\n|turn|5\n|\n|t:|1771125328\n|move|p2a: Palafin|Jet Punch|p1b: Chi-Yu\n|-supereffective|p1b: Chi-Yu\n|-damage|p1b: Chi-Yu|0 fnt\n|faint|p1b: Chi-Yu\n|move|p1a: Walking Wake|Draco Meteor|p2a: Palafin\n|-damage|p2a: Palafin|37/100\n|-unboost|p1a: Walking Wake|spa|2\n|-damage|p1a: Walking Wake|57/100|[from] item: Life Orb\n|move|p2b: Arcanine|Snarl|p1a: Walking Wake\n|-damage|p1a: Walking Wake|42/100\n|-unboost|p1a: Walking Wake|spa|1\n|\n|-weather|SunnyDay|[upkeep]\n|-sideend|p1: nedlellol|move: Tailwind\n|upkeep\n|-message|nedlellol forfeited.\n|\n|win|xyyyyyz\n|raw|nedlellol's rating: 1664 &rarr; <strong>1639</strong><br />(-25 for losing)\n|raw|xyyyyyz's rating: 1566 &rarr; <strong>1591</strong><br />(+25 for winning)\n|l|☆nedlellol\n|player|p1|\n|l|☆xyyyyyz\n|player|p2|\n", "uploadtime": 1771125344, "views": 26, "formatid": "gen9doublesou", "rating": 1591, "private": 0, "password": null}