{"id": "gen9doublesou-2540870123", "format": "[Gen 9] Doubles OU", "players": ["qwqwwqqwwq", "Test Trainer 01"], "log": "|j|☆qwqwwqqwwq\n|j|☆Test Trainer 01\n|t:|1771262409\n|gametype|doubles\n|player|p1|qwqwwqqwwq|hiker-gen4|1613\n|player|p2|Test Trainer 01|lucas|1514\n|gen|9\n|tier|[Gen 9] Doubles OU\n|rated|\n|rule|HP Percentage Mod: HP is shown in percentages\n|rule|Endless Battle Clause: Forcing endless battles is banned\n|rule|Species Clause: Limit one of each Pokémon\n|rule|OHKO Clause: OHKO moves are banned\n|rule|Evasion Moves Clause: Evasion moves are banned\n|rule|Gravity Sleep Clause: The combination of sleep-inducing moves with imperfect accuracy and Gravity or Gigantamax Orbeetle are banned\n|rule|Evasion Abilities Clause: Evasion abilities are banned\n|clearpoke\n|poke|p1|Scizor, F|\n|poke|p1|Dragonite, F|\n|poke|p1|Tornadus, M|\n|poke|p1|Chandelure, M|\n|poke|p1|Golem, M|\n|poke|p1|Articuno-Galar|\n|poke|p2|Typhlosion-Hisui, M|\n|poke|p2|Samurott-Hisui, M|\n|poke|p2|Decidueye-Hisui, M|\n|poke|p2|Sneasel-Hisui, M|\n|poke|p2|Avalugg-Hisui, M|\n|poke|p2|Braviary-Hisui, M|\n|teampreview\n|j| Horse Girlie\n|\n|t:|1771262440\n|teamsize|p1|6\n|teamsize|p2|6\n|start\n|switch|p1a: Scizor|Scizor, F|100/100\n|switch|p1b: Tornadus|Tornadus, M|100/100\n|switch|p2a: Samurott|Samurott-Hisui, M|100/100\n|switch|p2b: Avalugg|Avalugg-Hisui, M|100/100\n|turn|1\n|\n|t:|1771262473\n|move|p1b: Tornadus|Tailwind|p1b: Tornadus\n|-sidestart|p1: qwqwwqqwwq|move: Tailwind\n|move|p1a: Scizor|Bug Bite|p2a: Samurott\n|-supereffective|p2a: Samurott\n|-damage|p2a: Samurott|0 fnt\n|faint|p2a: Samurott\n|move|p2b: Avalugg|Icicle Spear|p1b: Tornadus\n|-supereffective|p1b: Tornadus\n|-damage|p1b: Tornadus|56/100\n|-supereffective|p1b: Tornadus\n|-damage|p1b: Tornadus|14/100\n|-supereffective|p1b: Tornadus\n|-damage|p1b: Tornadus|0 fnt\n|faint|p1b: Tornadus\n|-hitcount|p1: Tornadus|3\n|\n|upkeep\n|\n|t:|1771262493\n|switch|p1b: Chandelure|Chandelure, M|100/100\n|switch|p2a: Sneasel|Sneasel-Hisui, M|100/100\n|turn|2\n|\n|t:|1771262503\n|move|p1a: Scizor|Protect|p1a: Scizor\n|-singleturn|p1a: Scizor|Protect\n|move|p2a: Sneasel|Fake Out|p1a: Scizor\n|-activate|p1a: Scizor|move: Protect\n|move|p2b: Avalugg|Wide Guard|p2b: Avalugg\n|-singleturn|p2b: Avalugg|Wide Guard\n|move|p1b: Chandelure|Heat Wave|p2b: Avalugg|[spread] \n|-activate|p2a: Sneasel|move: Wide Guard\n|-activate|p2b: Avalugg|move: Wide Guard\n|\n|upkeep\n|turn|3\n|\n|t:|1771262516\n|switch|p2a: Typhlosion|Typhlosion-Hisui, M|100/100\n|-item|p1a: Scizor|Focus Sash|[from] ability: Frisk|[of] p2a: Typhlosion\n|-item|p1b: Chandelure|Focus Sash|[from] ability: Frisk|[of] p2a: Typhlosion\n|move|p2b: Avalugg|Wide Guard|p2b: Avalugg\n|-singleturn|p2b: Avalugg|Wide Guard\n|move|p1a: Scizor|Bullet Punch|p2b: Avalugg\n|-supereffective|p2b: Avalugg\n|-damage|p2b: Avalugg|30/100\n|move|p1b: Chandelure|Shadow Ball|p2a: Typhlosion\n|-supereffective|p2a: Typhlosion\n|-damage|p2a: Typhlosion|0 fnt\n|faint|p2a: Typhlosion\n|\n|upkeep\n|\n|t:|1771262538\n|switch|p2a: Decidueye|Decidueye-Hisui, M|100/100\n|turn|4\n|\n|t:|1771262552\n|switch|p2b: Sneasel|Sneasel-Hisui, M|100/100\n|-terastallize|p2a: Decidueye|Rock\n|move|p1b: Chandelure|Shadow Ball|p2b: Sneasel\n|-damage|p2b: Sneasel|43/100\n|move|p1a: Scizor|Bug Bite|p2a: Decidueye\n|-damage|p2a: Decidueye|44/100\n|move|p2a: Decidueye|Knock Off|p1b: Chandelure\n|-supereffective|p1b: Chandelure\n|-damage|p1b: Chandelure|12/100\n|-enditem|p1b: Chandelure|Focus Sash|[from] move: Knock Off|[of] p2a: Decidueye\n|\n|-sideend|p1: qwqwwqqwwq|move: Tailwind\n|upkeep\n|turn|5\n|\n|t:|1771262572\n|switch|p2a: Braviary|Braviary-Hisui, M|100/100\n|move|p1a: Scizor|Protect|p1a: Scizor\n|-singleturn|p1a: Scizor|Protect\n|move|p2b: Sneasel|Poison Jab|p1b: Chandelure\n|-resisted|p1b: Chandelure\n|-damage|p1b: Chandelure|0 fnt\n|faint|p1b: Chandelure\n|\n|upkeep\n|\n|t:|1771262580\n|switch|p1b: Dragonite|Dragonite, F|100/100\n|turn|6\n|\n|t:|1771262588\n|move|p1b: Dragonite|Extreme Speed|p2b: Sneasel\n|-damage|p2b: Sneasel|0 fnt\n|faint|p2b: Sneasel\n|move|p1a: Scizor|Bug Bite|p2a: Braviary\n|-damage|p2a: Braviary|49/100\n|move|p2a: Braviary|Hurricane|p1a: Scizor\n|-damage|p1a: Scizor|15/100\n|-start|p1a: Scizor|confusion\n|\n|upkeep\n|\n|t:|1771262599\n|switch|p2b: Avalugg|Avalugg-Hisui, M|30/100\n|turn|7\n|\n|t:|1771262606\n|-terastallize|p1b: Dragonite|Ground\n|move|p1b: Dragonite|Extreme Speed|p2b: Avalugg\n|-resisted|p2b: Avalugg\n|-damage|p2b: Avalugg|22/100\n|move|p2a: Braviary|Vacuum Wave|p1a: Scizor\n|-damage|p1a: Scizor|0 fnt\n|faint|p1a: Scizor\n|move|p2b: Avalugg|Icicle Spear|p1b: Dragonite\n|-supereffective|p1b: Dragonite\n|-damage|p1b: Dragonite|74/100\n|-supereffective|p1b: Dragonite\n|-damage|p1b: Dragonite|49/100\n|-supereffective|p1b: Dragonite\n|-damage|p1b: Dragonite|24/100\n|-supereffective|p1b: Dragonite\n|-damage|p1b: Dragonite|0 fnt\n|faint|p1b: Dragonite\n|-hitcount|p1: Dragonite|4\n|\n|upkeep\n|\n|t:|1771262616\n|switch|p1a: Golem|Golem, M|100/100\n|switch|p1b: Articuno|Articuno-Galar|100/100\n|turn|8\n|\n|t:|1771262630\n|move|p1a: Golem|Protect|p1a: Golem\n|-singleturn|p1a: Golem|Protect\n|move|p2b: Avalugg|Wide Guard|p2b: Avalugg\n|-singleturn|p2b: Avalugg|Wide Guard\n|move|p1b: Articuno|Freezing Glare|p2b: Avalugg\n|-damage|p2b: Avalugg|0 fnt\n|faint|p2b: Avalugg\n|move|p2a: Braviary|Esper Wing|p1b: Articuno\n|-resisted|p1b: Articuno\n|-damage|p1b: Articuno|59/100\n|-boost|p2a: Braviary|spe|1\n|\n|upkeep\n|\n|t:|1771262644\n|switch|p2b: Decidueye|Decidueye-Hisui, M, tera:Rock|44/100\n|turn|9\n|\n|t:|1771262652\n|move|p1b: Articuno|Hyper Voice|p2a: Braviary|[spread] p2a,p2b\n|-resisted|p2b: Decidueye\n|-damage|p2a: Braviary|24/100\n|-damage|p2b: Decidueye|33/100\n|move|p2a: Braviary|Dazzling Gleam|p1b: Articuno|[spread] p1a,p1b\n|-damage|p1a: Golem|66/100\n|-damage|p1b: Articuno|37/100\n|move|p1a: Golem|Rock Slide|p2a: Braviary|[spread] p2a,p2b\n|-supereffective|p2a: Braviary\n|-damage|p2a: Braviary|0 fnt\n|-damage|p2b: Decidueye|0 fnt\n|faint|p2a: Braviary\n|faint|p2b: Decidueye\n|\n|win|qwqwwqqwwq\n|raw|qwqwwqqwwq's rating: 1613 &rarr; <strong>1627</strong><br />(+14 for winning)\n|raw|Test Trainer 01's rating: 1514 &rarr; <strong>1500</strong><br />(-14 for losing)\n|l|☆qwqwwqqwwq\n|player|p1|\n|c|☆Test Trainer 01|gg\n|l| Horse Girlie\n|l|☆Test Trainer 01\n|player|p2|\n", "uploadtime": 1771263001, "views": 4, "formatid": "gen9doublesou", "rating": 1500, "private": 0, "password": null}