{"id": "gen9doublesou-2540570571", "format": "[Gen 9] Doubles OU", "players": ["phononmode", "LeBronFan54"], "log": "|j|☆phononmode\n|j|☆LeBronFan54\n|t:|1771219730\n|gametype|doubles\n|player|p1|phononmode|169|1553\n|player|p2|LeBronFan54|170|1598\n|gen|9\n|tier|[Gen 9] Doubles OU\n|rated|\n|rule|HP Percentage Mod: HP is shown in percentages\n|rule|Endless Battle Clause: Forcing endless battles is banned\n|rule|Species Clause: Limit one of each Pokémon\n|rule|OHKO Clause: OHKO moves are banned\n|rule|Evasion Moves Clause: Evasion moves are banned\n|rule|Gravity Sleep Clause: The combination of sleep-inducing moves with imperfect accuracy and Gravity or Gigantamax Orbeetle are banned\n|rule|Evasion Abilities Clause: Evasion abilities are banned\n|clearpoke\n|poke|p1|Flamigo, M|\n|poke|p1|Blaziken, M|\n|poke|p1|Iron Hands|\n|poke|p1|Whimsicott, F|\n|poke|p1|Lucario, F|\n|poke|p1|Riolu, M|\n|poke|p2|Primarina, M|\n|poke|p2|Rillaboom, F|\n|poke|p2|Raging Bolt|\n|poke|p2|Gholdengo|\n|poke|p2|Clefairy, M|\n|poke|p2|Ursaluna-Bloodmoon, M|\n|teampreview\n|inactive|Battle timer is ON: inactive players will automatically lose when time's up. (requested by phononmode)\n|\n|t:|1771219756\n|teamsize|p1|6\n|teamsize|p2|6\n|start\n|switch|p1a: Whimsicott|Whimsicott, F|100/100\n|switch|p1b: Lucario|Lucario, F|100/100\n|switch|p2a: Tha Big Rina|Primarina, M|100/100\n|switch|p2b: Riller|Rillaboom, F|100/100\n|-fieldstart|move: Grassy Terrain|[from] ability: Grassy Surge|[of] p2b: Riller\n|turn|1\n|\n|t:|1771219766\n|move|p1a: Whimsicott|Beat Up|p1b: Lucario\n|-resisted|p1b: Lucario\n|-damage|p1b: Lucario|99/100\n|-ability|p1b: Lucario|Justified|boost\n|-boost|p1b: Lucario|atk|1\n|-resisted|p1b: Lucario\n|-damage|p1b: Lucario|97/100\n|-ability|p1b: Lucario|Justified|boost\n|-boost|p1b: Lucario|atk|1\n|-resisted|p1b: Lucario\n|-damage|p1b: Lucario|95/100\n|-ability|p1b: Lucario|Justified|boost\n|-boost|p1b: Lucario|atk|1\n|-resisted|p1b: Lucario\n|-damage|p1b: Lucario|93/100\n|-ability|p1b: Lucario|Justified|boost\n|-boost|p1b: Lucario|atk|1\n|-resisted|p1b: Lucario\n|-damage|p1b: Lucario|91/100\n|-ability|p1b: Lucario|Justified|boost\n|-boost|p1b: Lucario|atk|1\n|-resisted|p1b: Lucario\n|-damage|p1b: Lucario|90/100\n|-ability|p1b: Lucario|Justified|boost\n|-boost|p1b: Lucario|atk|1\n|-hitcount|p1b: Lucario|6\n|move|p1b: Lucario|Drain Punch|p2b: Riller\n|-damage|p2b: Riller|0 fnt\n|-heal|p1b: Lucario|100/100|[from] drain|[of] p2b: Riller\n|faint|p2b: Riller\n|move|p2a: Tha Big Rina|Water Pledge|p1b: Lucario\n|-damage|p1b: Lucario|28/100\n|\n|-heal|p1b: Lucario|34/100|[from] Grassy Terrain\n|upkeep\n|j| Dark darmanitan\n|\n|t:|1771219778\n|switch|p2b: Agenda Maintainer|Raging Bolt|100/100\n|turn|2\n|inactive|phononmode has 120 seconds left.\n|\n|t:|1771219815\n|switch|p1a: Iron Hands|Iron Hands|100/100\n|move|p1b: Lucario|Extreme Speed|p2a: Tha Big Rina\n|-damage|p2a: Tha Big Rina|0 fnt\n|faint|p2a: Tha Big Rina\n|move|p2b: Agenda Maintainer|Thunderclap||[still]\n|-fail|p2b: Agenda Maintainer\n|\n|-heal|p1b: Lucario|40/100|[from] Grassy Terrain\n|upkeep\n|\n|t:|1771219824\n|switch|p2a: Von|Ursaluna-Bloodmoon, M|100/100\n|turn|3\n|\n|t:|1771219833\n|-terastallize|p2a: Von|Ghost\n|move|p1a: Iron Hands|Fake Out|p2b: Agenda Maintainer\n|-damage|p2b: Agenda Maintainer|89/100\n|move|p1b: Lucario|Meteor Mash|p2a: Von\n|-damage|p2a: Von|0 fnt\n|faint|p2a: Von\n|cant|p2b: Agenda Maintainer|flinch\n|\n|-heal|p1b: Lucario|46/100|[from] Grassy Terrain\n|-heal|p2b: Agenda Maintainer|96/100|[from] Grassy Terrain\n|-heal|p2b: Agenda Maintainer|100/100|[from] item: Leftovers\n|upkeep\n|\n|t:|1771219838\n|switch|p2a: CP3|Clefairy, M|100/100\n|turn|4\n|\n|t:|1771219854\n|move|p2a: CP3|Follow Me|p2a: CP3\n|-singleturn|p2a: CP3|move: Follow Me\n|move|p1b: Lucario|Bullet Punch|p2a: CP3\n|-supereffective|p2a: CP3\n|-damage|p2a: CP3|0 fnt\n|faint|p2a: CP3\n|move|p2b: Agenda Maintainer|Thunderbolt|p1b: Lucario\n|-damage|p1b: Lucario|0 fnt\n|faint|p1b: Lucario\n|move|p1a: Iron Hands|Drain Punch|p2b: Agenda Maintainer\n|-damage|p2b: Agenda Maintainer|72/100\n|\n|-heal|p2b: Agenda Maintainer|78/100|[from] Grassy Terrain\n|-heal|p2b: Agenda Maintainer|84/100|[from] item: Leftovers\n|upkeep\n|\n|t:|1771219869\n|switch|p1b: Riolu|Riolu, M|100/100\n|switch|p2a: Blackrock|Gholdengo|100/100\n|turn|5\n|\n|t:|1771219880\n|move|p1b: Riolu|Coaching|p1a: Iron Hands\n|-boost|p1a: Iron Hands|atk|1\n|-boost|p1a: Iron Hands|def|1\n|move|p2a: Blackrock|Shadow Ball|p1b: Riolu\n|-enditem|p1b: Riolu|Focus Sash\n|-damage|p1b: Riolu|1/100\n|move|p2b: Agenda Maintainer|Thunderbolt|p1b: Riolu\n|-damage|p1b: Riolu|0 fnt\n|faint|p1b: Riolu\n|move|p1a: Iron Hands|Wild Charge|p2a: Blackrock\n|-damage|p2a: Blackrock|32/100\n|-damage|p1a: Iron Hands|90/100|[from] Recoil\n|\n|-heal|p2a: Blackrock|38/100|[from] Grassy Terrain\n|-heal|p2b: Agenda Maintainer|90/100|[from] Grassy Terrain\n|-heal|p2b: Agenda Maintainer|97/100|[from] item: Leftovers\n|-heal|p1a: Iron Hands|96/100|[from] Grassy Terrain\n|-fieldend|move: Grassy Terrain\n|upkeep\n|\n|t:|1771219897\n|switch|p1b: Whimsicott|Whimsicott, F|100/100\n|turn|6\n|\n|t:|1771219903\n|move|p1b: Whimsicott|Encore|p2b: Agenda Maintainer\n|-start|p2b: Agenda Maintainer|Encore\n|move|p2a: Blackrock|Make It Rain|p1b: Whimsicott|[spread] p1a,p1b\n|-resisted|p1a: Iron Hands\n|-supereffective|p1b: Whimsicott\n|-crit|p1b: Whimsicott\n|-damage|p1a: Iron Hands|86/100\n|-enditem|p1b: Whimsicott|Focus Sash\n|-damage|p1b: Whimsicott|1/100\n|-unboost|p2a: Blackrock|spa|1\n|move|p2b: Agenda Maintainer|Thunderbolt|p1a: Iron Hands\n|-resisted|p1a: Iron Hands\n|-damage|p1a: Iron Hands|75/100\n|move|p1a: Iron Hands|Wild Charge|p2a: Blackrock\n|-damage|p2a: Blackrock|0 fnt\n|faint|p2a: Blackrock\n|-damage|p1a: Iron Hands|69/100|[from] Recoil\n|\n|-heal|p2b: Agenda Maintainer|100/100|[from] item: Leftovers\n|upkeep\n|turn|7\n|\n|t:|1771219917\n|switch|p1b: Blaziken|Blaziken, M|100/100\n|move|p2b: Agenda Maintainer|Thunderbolt|p1b: Blaziken\n|-damage|p1b: Blaziken|16/100\n|move|p1a: Iron Hands|Drain Punch|p2b: Agenda Maintainer\n|-damage|p2b: Agenda Maintainer|59/100\n|-heal|p1a: Iron Hands|88/100|[from] drain|[of] p2b: Agenda Maintainer\n|\n|-heal|p2b: Agenda Maintainer|65/100|[from] item: Leftovers\n|upkeep\n|turn|8\n|\n|t:|1771219933\n|move|p1b: Blaziken|Swords Dance|p1b: Blaziken\n|-boost|p1b: Blaziken|atk|2\n|move|p2b: Agenda Maintainer|Thunderbolt|p1b: Blaziken\n|-damage|p1b: Blaziken|0 fnt\n|faint|p1b: Blaziken\n|move|p1a: Iron Hands|Drain Punch|p2b: Agenda Maintainer\n|-damage|p2b: Agenda Maintainer|22/100\n|-heal|p1a: Iron Hands|100/100|[from] drain|[of] p2b: Agenda Maintainer\n|\n|-heal|p2b: Agenda Maintainer|28/100|[from] item: Leftovers\n|-end|p2b: Agenda Maintainer|Encore\n|upkeep\n|\n|t:|1771219938\n|switch|p1b: Whimsicott|Whimsicott, F|1/100\n|turn|9\n|\n|t:|1771219944\n|move|p1b: Whimsicott|Encore|p2b: Agenda Maintainer\n|-start|p2b: Agenda Maintainer|Encore\n|move|p2b: Agenda Maintainer|Thunderbolt|p1b: Whimsicott\n|-resisted|p1b: Whimsicott\n|-damage|p1b: Whimsicott|0 fnt\n|faint|p1b: Whimsicott\n|move|p1a: Iron Hands|Drain Punch|p2b: Agenda Maintainer\n|-damage|p2b: Agenda Maintainer|0 fnt\n|faint|p2b: Agenda Maintainer\n|-end|p2b: Agenda Maintainer|Protosynthesis|[silent]\n|\n|win|phononmode\n|raw|phononmode's rating: 1553 &rarr; <strong>1576</strong><br />(+23 for winning)\n|raw|LeBronFan54's rating: 1598 &rarr; <strong>1575</strong><br />(-23 for losing)\n|l|☆LeBronFan54\n|player|p2|\n|l|☆phononmode\n|player|p1|\n", "uploadtime": 1771220347, "views": 13, "formatid": "gen9doublesou", "rating": 1575, "private": 0, "password": null}