{"id": "gen9doublesou-2540168581", "format": "[Gen 9] Doubles OU", "players": ["bladeleo", "sceptileenjoyer00"], "log": "|badge|p1|bronze|gen9doublesou|100-8\n|uhtml|medal-msg|<div class=\"broadcast-blue\">Curious what those medals under the avatar are? PS now has Ladder Seasons! For more information, check out the <a href=\"https://www.smogon.com/forums/threads/3740067/\">thread on Smogon.</a></div>\n|j|☆bladeleo\n|j|☆sceptileenjoyer00\n|t:|1771171197\n|gametype|doubles\n|player|p1|bladeleo|1|1802\n|player|p2|sceptileenjoyer00|169|1596\n|gen|9\n|tier|[Gen 9] Doubles OU\n|rated|\n|rule|HP Percentage Mod: HP is shown in percentages\n|rule|Endless Battle Clause: Forcing endless battles is banned\n|rule|Species Clause: Limit one of each Pokémon\n|rule|OHKO Clause: OHKO moves are banned\n|rule|Evasion Moves Clause: Evasion moves are banned\n|rule|Gravity Sleep Clause: The combination of sleep-inducing moves with imperfect accuracy and Gravity or Gigantamax Orbeetle are banned\n|rule|Evasion Abilities Clause: Evasion abilities are banned\n|clearpoke\n|poke|p1|Incineroar, F|\n|poke|p1|Dondozo, M|\n|poke|p1|Tornadus, M|\n|poke|p1|Regidrago|\n|poke|p1|Diancie|\n|poke|p1|Volcanion|\n|poke|p2|Tyranitar, F|\n|poke|p2|Flamigo, F|\n|poke|p2|Dragapult, M|\n|poke|p2|Whimsicott, F|\n|poke|p2|Grimmsnarl, M|\n|poke|p2|Houndstone, F|\n|teampreview\n|\n|t:|1771171222\n|teamsize|p1|6\n|teamsize|p2|6\n|start\n|switch|p1a: Diancie|Diancie|100/100\n|switch|p1b: Incineroar|Incineroar, F|100/100\n|switch|p2a: Dragapult|Dragapult, M, shiny|100/100\n|switch|p2b: Grimmsnarl|Grimmsnarl, M|100/100\n|-ability|p1b: Incineroar|Intimidate|boost\n|-fail|p2a: Dragapult|unboost|[from] ability: Clear Body|[of] p2a: Dragapult\n|-unboost|p2b: Grimmsnarl|atk|1\n|turn|1\n|inactive|Battle timer is ON: inactive players will automatically lose when time's up. (requested by bladeleo)\n|\n|t:|1771171243\n|switch|p2a: Tyranitar|Tyranitar, F|100/100\n|-weather|Sandstorm|[from] ability: Sand Stream|[of] p2a: Tyranitar\n|switch|p2b: Whimsicott|Whimsicott, F, shiny|100/100\n|move|p1b: Incineroar|Fake Out|p2b: Whimsicott\n|-damage|p2b: Whimsicott|89/100\n|-damage|p1b: Incineroar|84/100|[from] item: Rocky Helmet|[of] p2b: Whimsicott\n|move|p1a: Diancie|Dazzling Gleam|p2a: Tyranitar|[spread] p2a,p2b\n|-supereffective|p2a: Tyranitar\n|-damage|p2a: Tyranitar|71/100\n|-damage|p2b: Whimsicott|64/100\n|-enditem|p2a: Tyranitar|Weakness Policy\n|-boost|p2a: Tyranitar|atk|2|[from] item: Weakness Policy\n|-boost|p2a: Tyranitar|spa|2|[from] item: Weakness Policy\n|\n|-weather|Sandstorm|[upkeep]\n|-damage|p2b: Whimsicott|58/100|[from] Sandstorm\n|-damage|p1b: Incineroar|78/100|[from] Sandstorm\n|upkeep\n|turn|2\n|\n|t:|1771171273\n|move|p2b: Whimsicott|Tailwind|p2b: Whimsicott\n|-sidestart|p2: sceptileenjoyer00|move: Tailwind\n|move|p2a: Tyranitar|Iron Head|p1a: Diancie\n|-supereffective|p1a: Diancie\n|-damage|p1a: Diancie|0 fnt\n|faint|p1a: Diancie\n|move|p1b: Incineroar|Flare Blitz|p2b: Whimsicott\n|-supereffective|p2b: Whimsicott\n|-damage|p2b: Whimsicott|0 fnt\n|-damage|p1b: Incineroar|61/100|[from] item: Rocky Helmet|[of] p2b: Whimsicott\n|faint|p2b: Whimsicott\n|-damage|p1b: Incineroar|48/100|[from] Recoil\n|\n|-weather|Sandstorm|[upkeep]\n|-damage|p1b: Incineroar|42/100|[from] Sandstorm\n|upkeep\n|inactive|bladeleo has 120 seconds left.\n|\n|t:|1771171296\n|switch|p2b: Flamigo|Flamigo, F|100/100\n|switch|p1a: Dondozo|Dondozo, M|100/100\n|-copyboost|p2b: Flamigo|p2a: Tyranitar|[from] ability: Costar\n|turn|3\n|inactive|bladeleo has 120 seconds left.\n|\n|t:|1771171323\n|-terastallize|p1a: Dondozo|Ghost\n|move|p2b: Flamigo|Close Combat|p1a: Dondozo\n|-immune|p1a: Dondozo\n|move|p2a: Tyranitar|Rock Slide|p1a: Dondozo|[spread] p1a,p1b\n|-supereffective|p1b: Incineroar\n|-damage|p1a: Dondozo|81/100\n|-damage|p1b: Incineroar|0 fnt\n|faint|p1b: Incineroar\n|move|p1a: Dondozo|Wave Crash|p2a: Tyranitar\n|-supereffective|p2a: Tyranitar\n|-damage|p2a: Tyranitar|0 fnt\n|faint|p2a: Tyranitar\n|-damage|p1a: Dondozo|65/100|[from] Recoil\n|\n|-weather|Sandstorm|[upkeep]\n|-damage|p1a: Dondozo|59/100|[from] Sandstorm\n|upkeep\n|inactive|bladeleo has 120 seconds left.\n|inactive|sceptileenjoyer00 has 120 seconds left.\n|\n|t:|1771171342\n|switch|p2a: Houndstone|Houndstone, F|100/100\n|switch|p1b: Tornadus|Tornadus, M|100/100\n|turn|4\n|inactive|bladeleo has 120 seconds left.\n|\n|t:|1771171359\n|move|p2a: Houndstone|Last Respects|p1a: Dondozo\n|-supereffective|p1a: Dondozo\n|-damage|p1a: Dondozo|0 fnt\n|faint|p1a: Dondozo\n|move|p2b: Flamigo|Brave Bird|p1b: Tornadus\n|-damage|p1b: Tornadus|0 fnt\n|faint|p1b: Tornadus\n|-damage|p2b: Flamigo|62/100|[from] Recoil\n|\n|-weather|Sandstorm|[upkeep]\n|upkeep\n|inactive|bladeleo has 120 seconds left.\n|\n|t:|1771171371\n|switch|p1b: Volcanion|Volcanion|100/100\n|switch|p1a: Regidrago|Regidrago|100/100\n|turn|5\n|\n|t:|1771171388\n|move|p2a: Houndstone|Last Respects|p1a: Regidrago\n|-damage|p1a: Regidrago|0 fnt\n|faint|p1a: Regidrago\n|move|p2b: Flamigo|Brave Bird|p1b: Volcanion\n|-damage|p1b: Volcanion|17/100\n|-damage|p2b: Flamigo|29/100|[from] Recoil\n|move|p1b: Volcanion|Heat Wave|p2a: Houndstone|[spread] p2a,p2b\n|-damage|p2a: Houndstone|52/100\n|-damage|p2b: Flamigo|0 fnt\n|faint|p2b: Flamigo\n|\n|-weather|none\n|-heal|p1b: Volcanion|23/100|[from] item: Leftovers\n|-sideend|p2: sceptileenjoyer00|move: Tailwind\n|upkeep\n|\n|t:|1771171402\n|switch|p2b: Grimmsnarl|Grimmsnarl, M|100/100\n|turn|6\n|-message|bladeleo forfeited.\n|\n|win|sceptileenjoyer00\n|raw|bladeleo's rating: 1802 &rarr; <strong>1771</strong><br />(-31 for losing)\n|raw|sceptileenjoyer00's rating: 1596 &rarr; <strong>1627</strong><br />(+31 for winning)\n|l|☆bladeleo\n|player|p1|\n|l|☆sceptileenjoyer00\n|player|p2|\n", "uploadtime": 1771171816, "views": 14, "formatid": "gen9doublesou", "rating": 1627, "private": 0, "password": null}