{"id": "gen9doublesou-2540460458", "format": "[Gen 9] Doubles OU", "players": ["sylent knight", "Fcastelll"], "log": "|j|☆sylent knight\n|j|☆Fcastelll\n|t:|1771204794\n|gametype|doubles\n|player|p1|sylent knight|169|1485\n|player|p2|Fcastelll|shadowtriad|1584\n|gen|9\n|tier|[Gen 9] Doubles OU\n|rated|\n|rule|HP Percentage Mod: HP is shown in percentages\n|rule|Endless Battle Clause: Forcing endless battles is banned\n|rule|Species Clause: Limit one of each Pokémon\n|rule|OHKO Clause: OHKO moves are banned\n|rule|Evasion Moves Clause: Evasion moves are banned\n|rule|Gravity Sleep Clause: The combination of sleep-inducing moves with imperfect accuracy and Gravity or Gigantamax Orbeetle are banned\n|rule|Evasion Abilities Clause: Evasion abilities are banned\n|clearpoke\n|poke|p1|Torkoal, F|\n|poke|p1|Sunflora, M|\n|poke|p1|Diancie|\n|poke|p1|Rillaboom, F|\n|poke|p1|Great Tusk|\n|poke|p1|Infernape, M|\n|poke|p2|Incineroar, M|\n|poke|p2|Sneasler, M|\n|poke|p2|Rillaboom, M|\n|poke|p2|Gholdengo|\n|poke|p2|Raging Bolt|\n|poke|p2|Iron Bundle|\n|teampreview\n|inactive|Battle timer is ON: inactive players will automatically lose when time's up. (requested by Fcastelll)\n|\n|t:|1771204799\n|teamsize|p1|6\n|teamsize|p2|6\n|start\n|switch|p1a: Diancie|Diancie|100/100\n|switch|p1b: Infernape|Infernape, M|100/100\n|switch|p2a: Iron Bundle|Iron Bundle, shiny|100/100\n|switch|p2b: Incineroar|Incineroar, M|100/100\n|-ability|p2b: Incineroar|Intimidate|boost\n|-fail|p1a: Diancie|unboost|[from] ability: Clear Body|[of] p1a: Diancie\n|-unboost|p1b: Infernape|atk|1\n|turn|1\n|\n|t:|1771204827\n|move|p2b: Incineroar|Fake Out|p1b: Infernape\n|-damage|p1b: Infernape|82/100\n|move|p2a: Iron Bundle|Hydro Pump|p1a: Diancie|[miss]\n|-miss|p2a: Iron Bundle|p1a: Diancie\n|cant|p1b: Infernape|flinch\n|move|p1a: Diancie|Trick Room|p1a: Diancie\n|-fieldstart|move: Trick Room|[of] p1a: Diancie\n|\n|upkeep\n|turn|2\n|\n|t:|1771204836\n|switch|p2b: Rillaboom|Rillaboom, M|100/100\n|-fieldstart|move: Grassy Terrain|[from] ability: Grassy Surge|[of] p2b: Rillaboom\n|-terastallize|p1a: Diancie|Rock\n|move|p2a: Iron Bundle|Protect|p2a: Iron Bundle\n|-singleturn|p2a: Iron Bundle|Protect\n|move|p1a: Diancie|Diamond Storm|p2b: Rillaboom|[spread] p2b\n|-activate|p2a: Iron Bundle|move: Protect\n|-damage|p2b: Rillaboom|66/100\n|-boost|p1a: Diancie|def|2\n|move|p1b: Infernape|Swords Dance|p1b: Infernape\n|-boost|p1b: Infernape|atk|2\n|\n|-heal|p1b: Infernape|88/100|[from] Grassy Terrain\n|-heal|p2b: Rillaboom|72/100|[from] Grassy Terrain\n|upkeep\n|turn|3\n|\n|t:|1771204853\n|move|p2b: Rillaboom|Fake Out|p1b: Infernape\n|-damage|p1b: Infernape|69/100\n|move|p1a: Diancie|Diamond Storm|p2b: Rillaboom|[spread] p2a,p2b\n|-supereffective|p2a: Iron Bundle\n|-damage|p2a: Iron Bundle|20/100\n|-damage|p2b: Rillaboom|39/100\n|-boost|p1a: Diancie|def|2\n|cant|p1b: Infernape|flinch\n|move|p2a: Iron Bundle|Hydro Pump|p1a: Diancie\n|-supereffective|p1a: Diancie\n|-damage|p1a: Diancie|27/100\n|\n|-heal|p1a: Diancie|33/100|[from] Grassy Terrain\n|-heal|p1a: Diancie|39/100|[from] item: Leftovers\n|-heal|p1b: Infernape|75/100|[from] Grassy Terrain\n|-heal|p2b: Rillaboom|45/100|[from] Grassy Terrain\n|-heal|p2a: Iron Bundle|26/100|[from] Grassy Terrain\n|upkeep\n|turn|4\n|\n|t:|1771204871\n|-terastallize|p2b: Rillaboom|Grass\n|move|p2a: Iron Bundle|Protect|p2a: Iron Bundle\n|-singleturn|p2a: Iron Bundle|Protect\n|move|p1b: Infernape|Mach Punch|p2b: Rillaboom\n|-damage|p2b: Rillaboom|10/100\n|move|p2b: Rillaboom|Grassy Glide|p1a: Diancie\n|-supereffective|p1a: Diancie\n|-damage|p1a: Diancie|9/100\n|move|p1a: Diancie|Diamond Storm|p2b: Rillaboom|[spread] p2b\n|-activate|p2a: Iron Bundle|move: Protect\n|-damage|p2b: Rillaboom|0 fnt\n|-boost|p1a: Diancie|def|2\n|faint|p2b: Rillaboom\n|\n|-heal|p1a: Diancie|15/100|[from] Grassy Terrain\n|-heal|p1a: Diancie|22/100|[from] item: Leftovers\n|-heal|p1b: Infernape|82/100|[from] Grassy Terrain\n|-heal|p2a: Iron Bundle|32/100|[from] Grassy Terrain\n|upkeep\n|\n|t:|1771204884\n|switch|p2b: Incineroar|Incineroar, M|100/100\n|-ability|p2b: Incineroar|Intimidate|boost\n|-fail|p1a: Diancie|unboost|[from] ability: Clear Body|[of] p1a: Diancie\n|-unboost|p1b: Infernape|atk|1\n|turn|5\n|\n|t:|1771204892\n|-end|p2a: Iron Bundle|Quark Drive|[silent]\n|switch|p2a: Raging Bolt|Raging Bolt|100/100\n|move|p2b: Incineroar|Fake Out|p1a: Diancie\n|-resisted|p1a: Diancie\n|-crit|p1a: Diancie\n|-damage|p1a: Diancie|13/100\n|move|p1b: Infernape|Mach Punch|p2a: Raging Bolt\n|-damage|p2a: Raging Bolt|80/100\n|cant|p1a: Diancie|flinch\n|\n|-heal|p1a: Diancie|20/100|[from] Grassy Terrain\n|-heal|p1a: Diancie|26/100|[from] item: Leftovers\n|-heal|p1b: Infernape|88/100|[from] Grassy Terrain\n|-heal|p2a: Raging Bolt|86/100|[from] Grassy Terrain\n|-heal|p2a: Raging Bolt|92/100|[from] item: Leftovers\n|-fieldend|move: Trick Room\n|upkeep\n|turn|6\n|\n|t:|1771204909\n|move|p2a: Raging Bolt|Draco Meteor|p1a: Diancie\n|-damage|p1a: Diancie|0 fnt\n|-unboost|p2a: Raging Bolt|spa|2\n|faint|p1a: Diancie\n|move|p2b: Incineroar|Parting Shot|p1b: Infernape\n|-unboost|p1b: Infernape|atk|1\n|-unboost|p1b: Infernape|spa|1\n|\n|t:|1771204917\n|switch|p2b: Sneasler|Sneasler, M|100/100|[from] Parting Shot\n|-enditem|p2b: Sneasler|Grassy Seed\n|-boost|p2b: Sneasler|def|1|[from] item: Grassy Seed\n|move|p1b: Infernape|Swords Dance|p1b: Infernape\n|-boost|p1b: Infernape|atk|2\n|\n|-heal|p2a: Raging Bolt|98/100|[from] Grassy Terrain\n|-heal|p2a: Raging Bolt|100/100|[from] item: Leftovers\n|-heal|p1b: Infernape|94/100|[from] Grassy Terrain\n|-fieldend|move: Grassy Terrain\n|upkeep\n|\n|t:|1771204924\n|switch|p1a: Great Tusk|Great Tusk|100/100\n|turn|7\n|\n|t:|1771204933\n|-end|p2a: Raging Bolt|Protosynthesis|[silent]\n|switch|p2a: Incineroar|Incineroar, M|100/100\n|-ability|p2a: Incineroar|Intimidate|boost\n|-unboost|p1a: Great Tusk|atk|1\n|-unboost|p1b: Infernape|atk|1\n|move|p2b: Sneasler|Acrobatics|p1b: Infernape\n|-supereffective|p1b: Infernape\n|-damage|p1b: Infernape|0 fnt\n|faint|p1b: Infernape\n|move|p1a: Great Tusk|Headlong Rush|p2b: Sneasler\n|-supereffective|p2b: Sneasler\n|-damage|p2b: Sneasler|0 fnt\n|-unboost|p1a: Great Tusk|def|1\n|-unboost|p1a: Great Tusk|spd|1\n|faint|p2b: Sneasler\n|-damage|p1a: Great Tusk|91/100|[from] item: Life Orb\n|\n|upkeep\n|\n|t:|1771204948\n|switch|p2b: Iron Bundle|Iron Bundle, shiny|32/100\n|switch|p1b: Rillaboom|Rillaboom, F|100/100\n|-fieldstart|move: Grassy Terrain|[from] ability: Grassy Surge|[of] p1b: Rillaboom\n|turn|8\n|\n|t:|1771204957\n|-end|p1a: Great Tusk|Protosynthesis|[silent]\n|switch|p1a: Torkoal|Torkoal, F|100/100\n|-weather|SunnyDay|[from] ability: Drought|[of] p1a: Torkoal\n|move|p2b: Iron Bundle|Protect|p2b: Iron Bundle\n|-singleturn|p2b: Iron Bundle|Protect\n|move|p1b: Rillaboom|Fake Out|p2a: Incineroar\n|-damage|p2a: Incineroar|85/100\n|cant|p2a: Incineroar|flinch\n|\n|-weather|SunnyDay|[upkeep]\n|-heal|p2b: Iron Bundle|38/100|[from] Grassy Terrain\n|-heal|p2a: Incineroar|91/100|[from] Grassy Terrain\n|upkeep\n|turn|9\n|\n|t:|1771204973\n|-end|p2b: Iron Bundle|Quark Drive|[silent]\n|switch|p2b: Raging Bolt|Raging Bolt|100/100\n|-activate|p2b: Raging Bolt|ability: Protosynthesis\n|-start|p2b: Raging Bolt|protosynthesisspa\n|move|p1b: Rillaboom|Grassy Glide|p2b: Raging Bolt\n|-resisted|p2b: Raging Bolt\n|-damage|p2b: Raging Bolt|83/100\n|move|p2a: Incineroar|Flare Blitz|p1b: Rillaboom\n|-supereffective|p1b: Rillaboom\n|-damage|p1b: Rillaboom|0 fnt\n|faint|p1b: Rillaboom\n|-damage|p2a: Incineroar|57/100|[from] Recoil\n|move|p1a: Torkoal|Earth Power|p2a: Incineroar\n|-supereffective|p2a: Incineroar\n|-damage|p2a: Incineroar|0 fnt\n|faint|p2a: Incineroar\n|\n|-weather|SunnyDay|[upkeep]\n|-heal|p2b: Raging Bolt|89/100|[from] Grassy Terrain\n|-heal|p2b: Raging Bolt|95/100|[from] item: Leftovers\n|upkeep\n|inactive|Fcastelll has 120 seconds left.\n|\n|t:|1771204997\n|switch|p1b: Sunflora|Sunflora, M|100/100\n|switch|p2a: Iron Bundle|Iron Bundle, shiny|38/100\n|-enditem|p1b: Sunflora|Grassy Seed\n|-boost|p1b: Sunflora|def|1|[from] item: Grassy Seed\n|turn|10\n|\n|t:|1771205008\n|move|p2a: Iron Bundle|Protect|p2a: Iron Bundle\n|-singleturn|p2a: Iron Bundle|Protect\n|move|p2b: Raging Bolt|Draco Meteor|p1a: Torkoal\n|-damage|p1a: Torkoal|0 fnt\n|-unboost|p2b: Raging Bolt|spa|2\n|faint|p1a: Torkoal\n|move|p1b: Sunflora|Earth Power|p2b: Raging Bolt\n|-supereffective|p2b: Raging Bolt\n|-damage|p2b: Raging Bolt|17/100\n|-unboost|p2b: Raging Bolt|spd|1\n|\n|-weather|SunnyDay|[upkeep]\n|-damage|p1b: Sunflora|88/100|[from] ability: Solar Power|[of] p1b: Sunflora\n|-heal|p2a: Iron Bundle|44/100|[from] Grassy Terrain\n|-heal|p2b: Raging Bolt|23/100|[from] Grassy Terrain\n|-heal|p2b: Raging Bolt|29/100|[from] item: Leftovers\n|-heal|p1b: Sunflora|94/100|[from] Grassy Terrain\n|upkeep\n|\n|t:|1771205015\n|switch|p1a: Great Tusk|Great Tusk|91/100\n|-activate|p1a: Great Tusk|ability: Protosynthesis\n|-start|p1a: Great Tusk|protosynthesisatk\n|turn|11\n|\n|t:|1771205031\n|-end|p2a: Iron Bundle|Quark Drive|[silent]\n|switch|p2a: Gholdengo|Gholdengo|100/100\n|-item|p2a: Gholdengo|Air Balloon\n|move|p2b: Raging Bolt|Protect|p2b: Raging Bolt\n|-singleturn|p2b: Raging Bolt|Protect\n|move|p1a: Great Tusk|Headlong Rush|p2b: Raging Bolt\n|-activate|p2b: Raging Bolt|move: Protect\n|move|p1b: Sunflora|Giga Drain|p2a: Gholdengo\n|-resisted|p2a: Gholdengo\n|-damage|p2a: Gholdengo|57/100\n|-heal|p1b: Sunflora|100/100|[from] drain|[of] p2a: Gholdengo\n|-enditem|p2a: Gholdengo|Air Balloon\n|\n|-weather|SunnyDay|[upkeep]\n|-damage|p1b: Sunflora|88/100|[from] ability: Solar Power|[of] p1b: Sunflora\n|-heal|p2a: Gholdengo|63/100|[from] Grassy Terrain\n|-heal|p1a: Great Tusk|97/100|[from] Grassy Terrain\n|-heal|p2b: Raging Bolt|36/100|[from] Grassy Terrain\n|-heal|p2b: Raging Bolt|42/100|[from] item: Leftovers\n|-heal|p1b: Sunflora|94/100|[from] Grassy Terrain\n|upkeep\n|turn|12\n|\n|t:|1771205059\n|move|p2a: Gholdengo|Protect|p2a: Gholdengo\n|-singleturn|p2a: Gholdengo|Protect\n|move|p2b: Raging Bolt|Thunderclap|p1b: Sunflora\n|-resisted|p1b: Sunflora\n|-damage|p1b: Sunflora|80/100\n|move|p1a: Great Tusk|Headlong Rush|p2a: Gholdengo\n|-activate|p2a: Gholdengo|move: Protect\n|move|p1b: Sunflora|Earth Power|p2a: Gholdengo\n|-activate|p2a: Gholdengo|move: Protect\n|\n|-weather|none\n|-end|p1a: Great Tusk|Protosynthesis\n|-end|p2b: Raging Bolt|Protosynthesis\n|-heal|p2a: Gholdengo|69/100|[from] Grassy Terrain\n|-heal|p1a: Great Tusk|100/100|[from] Grassy Terrain\n|-heal|p2b: Raging Bolt|48/100|[from] Grassy Terrain\n|-heal|p2b: Raging Bolt|54/100|[from] item: Leftovers\n|-heal|p1b: Sunflora|86/100|[from] Grassy Terrain\n|-fieldend|move: Grassy Terrain\n|upkeep\n|turn|13\n|\n|t:|1771205076\n|move|p2a: Gholdengo|Make It Rain|p1b: Sunflora|[spread] p1a,p1b\n|-damage|p1a: Great Tusk|37/100\n|-damage|p1b: Sunflora|34/100\n|-unboost|p2a: Gholdengo|spa|1\n|move|p1a: Great Tusk|Headlong Rush|p2a: Gholdengo\n|-supereffective|p2a: Gholdengo\n|-damage|p2a: Gholdengo|0 fnt\n|-unboost|p1a: Great Tusk|def|1\n|-unboost|p1a: Great Tusk|spd|1\n|faint|p2a: Gholdengo\n|-damage|p1a: Great Tusk|27/100|[from] item: Life Orb\n|move|p2b: Raging Bolt|Volt Switch|p1b: Sunflora\n|-resisted|p1b: Sunflora\n|-damage|p1b: Sunflora|23/100\n|\n|t:|1771205092\n|-end|p2b: Raging Bolt|Protosynthesis|[silent]\n|switch|p2b: Iron Bundle|Iron Bundle, shiny|44/100|[from] Volt Switch\n|move|p1b: Sunflora|Earth Power|p2b: Iron Bundle\n|-damage|p2b: Iron Bundle|0 fnt\n|faint|p2b: Iron Bundle\n|-end|p2b: Iron Bundle|Quark Drive|[silent]\n|\n|upkeep\n|\n|t:|1771205101\n|switch|p2a: Raging Bolt|Raging Bolt|54/100\n|turn|14\n|\n|t:|1771205109\n|move|p1a: Great Tusk|Headlong Rush|p2a: Raging Bolt\n|-supereffective|p2a: Raging Bolt\n|-damage|p2a: Raging Bolt|0 fnt\n|-unboost|p1a: Great Tusk|def|1\n|-unboost|p1a: Great Tusk|spd|1\n|faint|p2a: Raging Bolt\n|-end|p2a: Raging Bolt|Protosynthesis|[silent]\n|-damage|p1a: Great Tusk|18/100|[from] item: Life Orb\n|\n|win|sylent knight\n|raw|sylent knight's rating: 1485 &rarr; <strong>1511</strong><br />(+26 for winning)\n|raw|Fcastelll's rating: 1584 &rarr; <strong>1558</strong><br />(-26 for losing)\n|l|☆Fcastelll\n|player|p2|\n|l|☆sylent knight\n|player|p1|\n", "uploadtime": 1771205506, "views": 14, "formatid": "gen9doublesou", "rating": 1511, "private": 0, "password": null}