{"id": "gen9doublesou-2640016224", "format": "[Gen 9] Doubles OU", "players": ["mobtitan", "wecontrol34all"], "log": "|j|☆mobtitan\n|j|☆wecontrol34all\n|t:|1782564353\n|gametype|doubles\n|player|p1|mobtitan|170|1575\n|player|p2|wecontrol34all|gentleman-gen4|1575\n|gen|9\n|tier|[Gen 9] Doubles OU\n|rated|\n|rule|HP Percentage Mod: HP is shown in percentages\n|rule|Endless Battle Clause: Forcing endless battles is banned\n|rule|Species Clause: Limit one of each Pokémon\n|rule|OHKO Clause: OHKO moves are banned\n|rule|Evasion Moves Clause: Evasion moves are banned\n|rule|Gravity Sleep Clause: The combination of sleep-inducing moves with imperfect accuracy and Gravity or Gigantamax Orbeetle are banned\n|rule|Evasion Abilities Clause: Evasion abilities are banned\n|clearpoke\n|poke|p1|Farigiraf, M|\n|poke|p1|Whimsicott, M|\n|poke|p1|Gholdengo|\n|poke|p1|Hoopa-Unbound|\n|poke|p1|Regidrago|\n|poke|p1|Torkoal, L99, F|\n|poke|p2|Rabsca, M|\n|poke|p2|Pawmot, M|\n|poke|p2|Roaring Moon|\n|poke|p2|Gyarados, M|\n|poke|p2|Basculegion-F, F|\n|poke|p2|Tyranitar, F|\n|teampreview\n|inactive|Battle timer is ON: inactive players will automatically lose when time's up. (requested by mobtitan)\n|\n|t:|1782564374\n|teamsize|p1|6\n|teamsize|p2|6\n|start\n|switch|p1a: Whimsicott|Whimsicott, M|100/100\n|switch|p1b: Gholdengo|Gholdengo|100/100\n|switch|p2a: KRASH|Gyarados, M, shiny|100/100\n|switch|p2b: TANKZ|Tyranitar, F|100/100\n|-ability|p2a: KRASH|Intimidate|boost\n|-unboost|p1a: Whimsicott|atk|1\n|-unboost|p1b: Gholdengo|atk|1\n|-weather|Sandstorm|[from] ability: Sand Stream|[of] p2b: TANKZ\n|turn|1\n|\n|t:|1782564381\n|switch|p1b: Torkoal|Torkoal, L99, F|100/100\n|-weather|SunnyDay|[from] ability: Drought|[of] p1b: Torkoal\n|move|p1a: Whimsicott|Moonblast|p2b: TANKZ\n|-supereffective|p2b: TANKZ\n|-damage|p2b: TANKZ|57/100\n|move|p2a: KRASH|Iron Head|p1a: Whimsicott\n|-supereffective|p1a: Whimsicott\n|-damage|p1a: Whimsicott|9/100\n|move|p2b: TANKZ|Stealth Rock|p1b: Torkoal\n|-sidestart|p1: mobtitan|move: Stealth Rock\n|\n|-weather|SunnyDay|[upkeep]\n|upkeep\n|turn|2\n|\n|t:|1782564406\n|move|p1a: Whimsicott|Moonblast|p2b: TANKZ\n|-supereffective|p2b: TANKZ\n|-damage|p2b: TANKZ|14/100\n|move|p2a: KRASH|Iron Head|p1a: Whimsicott\n|-supereffective|p1a: Whimsicott\n|-damage|p1a: Whimsicott|0 fnt\n|faint|p1a: Whimsicott\n|move|p2b: TANKZ|Rock Slide|p1b: Torkoal\n|-supereffective|p1b: Torkoal\n|-damage|p1b: Torkoal|46/100\n|move|p1b: Torkoal|Heat Wave|p2a: KRASH|[spread] p2a,p2b\n|-resisted|p2a: KRASH\n|-resisted|p2b: TANKZ\n|-damage|p2a: KRASH|72/100\n|-damage|p2b: TANKZ|0 fnt\n|faint|p2b: TANKZ\n|\n|-weather|SunnyDay|[upkeep]\n|upkeep\n|inactive|mobtitan has 120 seconds left.\n|\n|t:|1782564424\n|switch|p1a: Farigiraf|Farigiraf, M|100/100\n|switch|p2b: ESCAFLOWNE|Roaring Moon, shiny|100/100\n|-damage|p1a: Farigiraf|88/100|[from] Stealth Rock\n|-activate|p2b: ESCAFLOWNE|ability: Protosynthesis\n|-start|p2b: ESCAFLOWNE|protosynthesisatk\n|turn|3\n|-activate|p2a: KRASH|item: Quick Claw\n|\n|t:|1782564433\n|move|p2a: KRASH|Crunch|p1a: Farigiraf\n|-supereffective|p1a: Farigiraf\n|-damage|p1a: Farigiraf|36/100\n|move|p2b: ESCAFLOWNE|Knock Off|p1a: Farigiraf\n|-supereffective|p1a: Farigiraf\n|-damage|p1a: Farigiraf|0 fnt\n|-enditem|p1a: Farigiraf|Mental Herb|[from] move: Knock Off|[of] p2b: ESCAFLOWNE\n|faint|p1a: Farigiraf\n|move|p1b: Torkoal|Heat Wave|p2b: ESCAFLOWNE|[spread] p2a\n|-miss|p1b: Torkoal|p2b: ESCAFLOWNE\n|-resisted|p2a: KRASH\n|-damage|p2a: KRASH|43/100\n|\n|-weather|SunnyDay|[upkeep]\n|upkeep\n|\n|t:|1782564446\n|switch|p1a: Hoopa|Hoopa-Unbound|100/100\n|-damage|p1a: Hoopa|88/100|[from] Stealth Rock\n|turn|4\n|\n|t:|1782564460\n|move|p2b: ESCAFLOWNE|Knock Off|p1a: Hoopa\n|-damage|p1a: Hoopa|22/100\n|-enditem|p1a: Hoopa|Tanga Berry|[from] move: Knock Off|[of] p2b: ESCAFLOWNE\n|move|p2a: KRASH|Thunder Wave|p1a: Hoopa|[miss]\n|-miss|p2a: KRASH|p1a: Hoopa\n|move|p1a: Hoopa|Reflect|p1a: Hoopa\n|-sidestart|p1: mobtitan|Reflect\n|move|p1b: Torkoal|Heat Wave|p2a: KRASH|[spread] p2a,p2b\n|-resisted|p2a: KRASH\n|-resisted|p2b: ESCAFLOWNE\n|-damage|p2a: KRASH|17/100\n|-damage|p2b: ESCAFLOWNE|67/100\n|\n|-weather|SunnyDay|[upkeep]\n|upkeep\n|turn|5\n|\n|t:|1782564480\n|move|p2b: ESCAFLOWNE|Knock Off|p1a: Hoopa\n|-damage|p1a: Hoopa|0 fnt\n|faint|p1a: Hoopa\n|move|p2a: KRASH|Waterfall|p1b: Torkoal\n|-supereffective|p1b: Torkoal\n|-damage|p1b: Torkoal|23/100\n|move|p1b: Torkoal|Heat Wave|p2a: KRASH|[spread] p2a,p2b\n|-resisted|p2a: KRASH\n|-resisted|p2b: ESCAFLOWNE\n|-damage|p2a: KRASH|0 fnt\n|-damage|p2b: ESCAFLOWNE|33/100\n|faint|p2a: KRASH\n|\n|-weather|none\n|-end|p2b: ESCAFLOWNE|Protosynthesis\n|upkeep\n|\n|t:|1782564485\n|switch|p2a: UNCLE PAW|Pawmot, M|100/100\n|switch|p1a: Gholdengo|Gholdengo|100/100\n|-damage|p1a: Gholdengo|94/100|[from] Stealth Rock\n|turn|6\n|\n|t:|1782564490\n|move|p2b: ESCAFLOWNE|Knock Off|p1a: Gholdengo\n|-supereffective|p1a: Gholdengo\n|-damage|p1a: Gholdengo|25/100\n|-enditem|p1a: Gholdengo|Life Orb|[from] move: Knock Off|[of] p2b: ESCAFLOWNE\n|move|p2a: UNCLE PAW|Revival Blessing|p2a: UNCLE PAW\n|-enditem|p2a: UNCLE PAW|Leppa Berry|[eat]\n|-activate|p2a: UNCLE PAW|item: Leppa Berry|Revival Blessing|[consumed]\n|\n|t:|1782564499\n|-heal|p2: TANKZ|50/100|[from] move: Revival Blessing\n|move|p1a: Gholdengo|Nasty Plot|p1a: Gholdengo\n|-boost|p1a: Gholdengo|spa|2\n|move|p1b: Torkoal|Heat Wave|p2b: ESCAFLOWNE|[spread] p2a\n|-miss|p1b: Torkoal|p2b: ESCAFLOWNE\n|-damage|p2a: UNCLE PAW|55/100\n|\n|upkeep\n|turn|7\n|\n|t:|1782564507\n|-terastallize|p1a: Gholdengo|Steel\n|move|p2b: ESCAFLOWNE|Knock Off|p1a: Gholdengo\n|-damage|p1a: Gholdengo|0 fnt\n|faint|p1a: Gholdengo\n|move|p2a: UNCLE PAW|Revival Blessing|p2a: UNCLE PAW\n|\n|t:|1782564512\n|-heal|p2: KRASH|50/100|[from] move: Revival Blessing\n|move|p1b: Torkoal|Heat Wave|p2a: UNCLE PAW|[spread] p2a,p2b\n|-resisted|p2b: ESCAFLOWNE\n|-damage|p2a: UNCLE PAW|10/100\n|-damage|p2b: ESCAFLOWNE|13/100\n|\n|upkeep\n|-message|mobtitan forfeited.\n|\n|win|wecontrol34all\n|raw|mobtitan's rating: 1575 &rarr; <strong>1555</strong><br />(-20 for losing)\n|raw|wecontrol34all's rating: 1575 &rarr; <strong>1595</strong><br />(+20 for winning)\n|l|☆mobtitan\n|player|p1|\n|l|☆wecontrol34all\n|player|p2|\n", "uploadtime": 1782564863, "views": 4, "formatid": "gen9doublesou", "rating": 1555, "private": 0, "password": null}