{"id": "gen9doublesou-2540060746", "format": "[Gen 9] Doubles OU", "players": ["gonzafifa1999", "Dr Sly"], "log": "|j|☆gonzafifa1999\n|j|☆Dr Sly\n|t:|1771154629\n|gametype|doubles\n|player|p1|gonzafifa1999|169|1498\n|player|p2|Dr Sly|camper|1709\n|gen|9\n|tier|[Gen 9] Doubles OU\n|rated|\n|rule|HP Percentage Mod: HP is shown in percentages\n|rule|Endless Battle Clause: Forcing endless battles is banned\n|rule|Species Clause: Limit one of each Pokémon\n|rule|OHKO Clause: OHKO moves are banned\n|rule|Evasion Moves Clause: Evasion moves are banned\n|rule|Gravity Sleep Clause: The combination of sleep-inducing moves with imperfect accuracy and Gravity or Gigantamax Orbeetle are banned\n|rule|Evasion Abilities Clause: Evasion abilities are banned\n|clearpoke\n|poke|p1|Incineroar, M|\n|poke|p1|Amoonguss, M|\n|poke|p1|Farigiraf, F|\n|poke|p1|Raging Bolt|\n|poke|p1|Ursaluna-Bloodmoon, M|\n|poke|p1|Torkoal, F|\n|poke|p2|Hitmonchan, M|\n|poke|p2|Volcanion|\n|poke|p2|Comfey, F|\n|poke|p2|Araquanid, M|\n|poke|p2|Moltres-Galar|\n|poke|p2|Thundurus, M|\n|teampreview\n|\n|t:|1771154646\n|teamsize|p1|6\n|teamsize|p2|6\n|start\n|switch|p1a: Farigiraf|Farigiraf, F|100/100\n|switch|p1b: Mi oro|Incineroar, M|100/100\n|switch|p2a: Volcanion|Volcanion|100/100\n|switch|p2b: Thundurus|Thundurus, M, shiny|100/100\n|-ability|p1b: Mi oro|Intimidate|boost\n|-unboost|p2a: Volcanion|atk|1\n|-unboost|p2b: Thundurus|atk|1\n|turn|1\n|inactive|Battle timer is ON: inactive players will automatically lose when time's up. (requested by gonzafifa1999)\n|\n|t:|1771154661\n|switch|p2b: Moltres|Moltres-Galar|100/100\n|move|p1b: Mi oro|Fake Out|p2a: Volcanion\n|-damage|p2a: Volcanion|92/100\n|cant|p2a: Volcanion|flinch\n|move|p1a: Farigiraf|Trick Room|p1a: Farigiraf\n|-fieldstart|move: Trick Room|[of] p1a: Farigiraf\n|\n|upkeep\n|turn|2\n|\n|t:|1771154685\n|move|p1a: Farigiraf|Hyper Voice|p2b: Moltres|[spread] p2a,p2b\n|-damage|p2a: Volcanion|64/100\n|-damage|p2b: Moltres|74/100\n|move|p1b: Mi oro|Parting Shot|p2b: Moltres\n|-unboost|p2b: Moltres|atk|1\n|-unboost|p2b: Moltres|spa|1\n|inactive|gonzafifa1999 has 120 seconds left.\n|\n|t:|1771154721\n|switch|p1b: Among us|Amoonguss, M|100/100|[from] Parting Shot\n|move|p2a: Volcanion|Steam Eruption|p1a: Farigiraf\n|-damage|p1a: Farigiraf|39/100\n|-enditem|p1a: Farigiraf|Sitrus Berry|[eat]\n|-heal|p1a: Farigiraf|64/100|[from] item: Sitrus Berry\n|move|p2b: Moltres|Fiery Wrath|p1a: Farigiraf|[spread] p1a,p1b\n|-supereffective|p1a: Farigiraf\n|-damage|p1a: Farigiraf|21/100\n|-damage|p1b: Among us|81/100\n|\n|upkeep\n|turn|3\n|inactive|gonzafifa1999 has 120 seconds left.\n|\n|t:|1771154750\n|switch|p2a: Hitmonchan|Hitmonchan, M|100/100\n|move|p1b: Among us|Sludge Bomb|p2a: Hitmonchan\n|-damage|p2a: Hitmonchan|83/100\n|-status|p2a: Hitmonchan|psn\n|move|p1a: Farigiraf|Hyper Voice|p2a: Hitmonchan|[spread] p2a,p2b\n|-damage|p2a: Hitmonchan|61/100 psn\n|-damage|p2b: Moltres|49/100\n|-ability|p2b: Moltres|Berserk|boost\n|-boost|p2b: Moltres|spa|1\n|move|p2b: Moltres|Fiery Wrath|p1b: Among us|[spread] p1a,p1b\n|-supereffective|p1a: Farigiraf\n|-damage|p1a: Farigiraf|0 fnt\n|-damage|p1b: Among us|56/100\n|faint|p1a: Farigiraf\n|\n|-damage|p2a: Hitmonchan|49/100 psn|[from] psn\n|upkeep\n|inactive|gonzafifa1999 has 90 seconds left.\n|\n|t:|1771154769\n|switch|p1a: Lita|Torkoal, F|100/100\n|-weather|SunnyDay|[from] ability: Drought|[of] p1a: Lita\n|turn|4\n|\n|t:|1771154780\n|move|p2a: Hitmonchan|Fake Out|p1a: Lita\n|-damage|p1a: Lita|91/100\n|cant|p1a: Lita|flinch\n|move|p1b: Among us|Spore|p2b: Moltres\n|-status|p2b: Moltres|slp|[from] move: Spore\n|cant|p2b: Moltres|slp\n|\n|-weather|SunnyDay|[upkeep]\n|-damage|p2a: Hitmonchan|36/100 psn|[from] psn\n|upkeep\n|turn|5\n|inactive|gonzafifa1999 has 120 seconds left.\n|\n|t:|1771154804\n|move|p1a: Lita|Eruption|p2b: Moltres|[spread] p2a,p2b\n|-damage|p2a: Hitmonchan|0 fnt\n|-damage|p2b: Moltres|0 fnt\n|faint|p2a: Hitmonchan\n|faint|p2b: Moltres\n|move|p1b: Among us|Sludge Bomb|p2: Hitmonchan|[notarget]\n|-fail|p1b: Among us\n|\n|-weather|SunnyDay|[upkeep]\n|-fieldend|move: Trick Room\n|upkeep\n|\n|t:|1771154813\n|switch|p2b: Volcanion|Volcanion|64/100\n|switch|p2a: Thundurus|Thundurus, M, shiny|100/100\n|turn|6\n|\n|t:|1771154827\n|move|p1b: Among us|Rage Powder|p1b: Among us\n|-singleturn|p1b: Among us|move: Rage Powder\n|move|p2a: Thundurus|Thunderbolt|p1b: Among us\n|-resisted|p1b: Among us\n|-damage|p1b: Among us|41/100\n|-enditem|p1b: Among us|Sitrus Berry|[eat]\n|-heal|p1b: Among us|66/100|[from] item: Sitrus Berry\n|move|p2b: Volcanion|Heat Wave|p1b: Among us|[spread] p1a,p1b\n|-resisted|p1a: Lita\n|-supereffective|p1b: Among us\n|-damage|p1a: Lita|54/100\n|-damage|p1b: Among us|0 fnt\n|faint|p1b: Among us\n|move|p1a: Lita|Weather Ball|p2a: Thundurus\n|-damage|p2a: Thundurus|23/100\n|-enditem|p2a: Thundurus|Aguav Berry|[eat]\n|-heal|p2a: Thundurus|56/100|[from] item: Aguav Berry\n|\n|-weather|SunnyDay|[upkeep]\n|upkeep\n|inactive|gonzafifa1999 has 120 seconds left.\n|\n|t:|1771154852\n|switch|p1b: Bigotes|Raging Bolt|100/100\n|-activate|p1b: Bigotes|ability: Protosynthesis\n|-start|p1b: Bigotes|protosynthesisspa\n|turn|7\n|\n|t:|1771154877\n|-terastallize|p2b: Volcanion|Ground\n|move|p2a: Thundurus|Rain Dance|p2a: Thundurus\n|-weather|RainDance\n|-end|p1b: Bigotes|Protosynthesis\n|move|p1b: Bigotes|Thunderbolt|p2b: Volcanion\n|-immune|p2b: Volcanion\n|move|p2b: Volcanion|Earth Power|p1b: Bigotes\n|-supereffective|p1b: Bigotes\n|-damage|p1b: Bigotes|46/100\n|move|p1a: Lita|Weather Ball|p2a: Thundurus\n|-damage|p2a: Thundurus|14/100\n|\n|-weather|RainDance|[upkeep]\n|upkeep\n|turn|8\n|\n|t:|1771154902\n|switch|p2a: Comfey|Comfey, F|100/100\n|move|p1b: Bigotes|Thunderclap||[still]\n|-fail|p1b: Bigotes\n|move|p2b: Volcanion|Steam Eruption|p1a: Lita\n|-supereffective|p1a: Lita\n|-damage|p1a: Lita|0 fnt\n|faint|p1a: Lita\n|\n|-weather|RainDance|[upkeep]\n|upkeep\n|inactive|gonzafifa1999 has 120 seconds left.\n|\n|t:|1771154919\n|switch|p1a: Mi oro|Incineroar, M|100/100\n|-ability|p1a: Mi oro|Intimidate|boost\n|-unboost|p2a: Comfey|atk|1\n|-unboost|p2b: Volcanion|atk|1\n|turn|9\n|\n|t:|1771154930\n|move|p2a: Comfey|Floral Healing|p2b: Volcanion\n|-heal|p2b: Volcanion|100/100\n|move|p1a: Mi oro|Fake Out|p2b: Volcanion\n|-damage|p2b: Volcanion|92/100\n|move|p1b: Bigotes|Draco Meteor|p2b: Volcanion\n|-damage|p2b: Volcanion|41/100\n|-unboost|p1b: Bigotes|spa|2\n|cant|p2b: Volcanion|flinch\n|\n|-weather|RainDance|[upkeep]\n|upkeep\n|turn|10\n|inactive|gonzafifa1999 has 120 seconds left.\n|\n|t:|1771154963\n|move|p2a: Comfey|Floral Healing|p2b: Volcanion\n|-heal|p2b: Volcanion|91/100\n|move|p1b: Bigotes|Volt Switch|p2a: Comfey\n|-damage|p2a: Comfey|80/100\n|inactive|gonzafifa1999 has 120 seconds left.\n|\n|t:|1771154972\n|-end|p1b: Bigotes|Protosynthesis|[silent]\n|switch|p1b: Arrrr|Ursaluna-Bloodmoon, M|100/100|[from] Volt Switch\n|move|p2b: Volcanion|Steam Eruption|p1a: Mi oro\n|-supereffective|p1a: Mi oro\n|-damage|p1a: Mi oro|0 fnt\n|faint|p1a: Mi oro\n|\n|-weather|RainDance|[upkeep]\n|upkeep\n|inactive|gonzafifa1999 has 120 seconds left.\n|\n|t:|1771154982\n|switch|p1a: Bigotes|Raging Bolt|46/100\n|turn|11\n|\n|t:|1771154997\n|-terastallize|p1b: Arrrr|Normal\n|move|p2a: Comfey|Draining Kiss|p1a: Bigotes\n|-supereffective|p1a: Bigotes\n|-damage|p1a: Bigotes|27/100\n|-heal|p2a: Comfey|100/100|[from] drain|[of] p1a: Bigotes\n|move|p1a: Bigotes|Thunderbolt|p2a: Comfey\n|-damage|p2a: Comfey|50/100\n|move|p2b: Volcanion|Steam Eruption|p1b: Arrrr\n|-damage|p1b: Arrrr|34/100\n|move|p1b: Arrrr|Blood Moon|p2b: Volcanion\n|-damage|p2b: Volcanion|0 fnt\n|faint|p2b: Volcanion\n|\n|-weather|none\n|upkeep\n|inactive|Dr Sly has 120 seconds left.\n|\n|t:|1771155030\n|switch|p2b: Thundurus|Thundurus, M, shiny|14/100\n|turn|12\n|inactive|Dr Sly has 120 seconds left.\n|\n|t:|1771155064\n|move|p2a: Comfey|Draining Kiss|p1a: Bigotes\n|-supereffective|p1a: Bigotes\n|-damage|p1a: Bigotes|10/100\n|-heal|p2a: Comfey|76/100|[from] drain|[of] p1a: Bigotes\n|move|p2b: Thundurus|Taunt|p1b: Arrrr\n|-start|p1b: Arrrr|move: Taunt\n|move|p1a: Bigotes|Thunderclap||[still]\n|-fail|p1a: Bigotes\n|move|p1b: Arrrr|Hyper Voice|p2a: Comfey|[spread] p2a,p2b\n|-damage|p2a: Comfey|26/100\n|-damage|p2b: Thundurus|0 fnt\n|faint|p2b: Thundurus\n|\n|upkeep\n|\n|t:|1771155076\n|switch|p2b: Araquanid|Araquanid, M, shiny|100/100\n|turn|13\n|inactive|gonzafifa1999 has 120 seconds left.\n|\n|t:|1771155119\n|move|p2a: Comfey|Draining Kiss|p1a: Bigotes\n|-supereffective|p1a: Bigotes\n|-damage|p1a: Bigotes|0 fnt\n|-heal|p2a: Comfey|39/100|[from] drain|[of] p1a: Bigotes\n|faint|p1a: Bigotes\n|-end|p1a: Bigotes|Protosynthesis|[silent]\n|move|p1b: Arrrr|Blood Moon|p2b: Araquanid\n|-damage|p2b: Araquanid|0 fnt\n|faint|p2b: Araquanid\n|\n|upkeep\n|turn|14\n|j| punyakoko\n|\n|t:|1771155136\n|move|p2a: Comfey|Draining Kiss|p1b: Arrrr\n|-damage|p1b: Arrrr|22/100\n|-heal|p2a: Comfey|56/100|[from] drain|[of] p1b: Arrrr\n|move|p1b: Arrrr|Hyper Voice|p2a: Comfey\n|-damage|p2a: Comfey|0 fnt\n|faint|p2a: Comfey\n|\n|win|gonzafifa1999\n|raw|gonzafifa1999's rating: 1498 &rarr; <strong>1529</strong><br />(+31 for winning)\n|raw|Dr Sly's rating: 1709 &rarr; <strong>1678</strong><br />(-31 for losing)\n|c|☆Dr Sly|gg\n|l|☆gonzafifa1999\n|player|p1|\n|l|☆Dr Sly\n|player|p2|\n|l| punyakoko\n", "uploadtime": 1771155550, "views": 11, "formatid": "gen9doublesou", "rating": 1529, "private": 0, "password": null}