{"id": "gen9doublesou-2540469633", "format": "[Gen 9] Doubles OU", "players": ["DaevEVtest", "Natures Conqueror"], "log": "|badge|p2|bronze|gen9doublesou|100-8\n|badge|p2|gold|gen9ru|3-8\n|uhtml|medal-msg|<div class=\"broadcast-blue\">Curious what those medals under the avatar are? PS now has Ladder Seasons! For more information, check out the <a href=\"https://www.smogon.com/forums/threads/3740067/\">thread on Smogon.</a></div>\n|j|☆DaevEVtest\n|j|☆Natures Conqueror\n|t:|1771205937\n|gametype|doubles\n|player|p1|DaevEVtest|drayden|1645\n|player|p2|Natures Conqueror|dancer|1749\n|gen|9\n|tier|[Gen 9] Doubles OU\n|rated|\n|rule|HP Percentage Mod: HP is shown in percentages\n|rule|Endless Battle Clause: Forcing endless battles is banned\n|rule|Species Clause: Limit one of each Pokémon\n|rule|OHKO Clause: OHKO moves are banned\n|rule|Evasion Moves Clause: Evasion moves are banned\n|rule|Gravity Sleep Clause: The combination of sleep-inducing moves with imperfect accuracy and Gravity or Gigantamax Orbeetle are banned\n|rule|Evasion Abilities Clause: Evasion abilities are banned\n|clearpoke\n|poke|p1|Rillaboom, M|\n|poke|p1|Whimsicott, F|\n|poke|p1|Serperior, F|\n|poke|p1|Ogerpon-Wellspring, F|\n|poke|p1|Meowscarada, M|\n|poke|p1|Sinistcha-Masterpiece|\n|poke|p2|Hoopa-Unbound|\n|poke|p2|Indeedee-F, F|\n|poke|p2|Torkoal, M|\n|poke|p2|Diancie|\n|poke|p2|Hatterene, F|\n|poke|p2|Malamar, M|\n|teampreview\n|inactive|Battle timer is ON: inactive players will automatically lose when time's up. (requested by Natures Conqueror)\n|\n|t:|1771205993\n|teamsize|p1|6\n|teamsize|p2|6\n|start\n|switch|p1a: Serperior|Serperior, F, shiny|100/100\n|switch|p1b: Sinistcha|Sinistcha-Masterpiece|100/100\n|switch|p2a: Skips|Hoopa-Unbound|100/100\n|switch|p2b: Mordecai|Indeedee-F, F|100/100\n|-fieldstart|move: Psychic Terrain|[from] ability: Psychic Surge|[of] p2b: Mordecai\n|-enditem|p2a: Skips|Psychic Seed\n|-boost|p2a: Skips|spd|1|[from] item: Psychic Seed\n|turn|1\n|\n|t:|1771206007\n|switch|p1a: Rillaboom|Rillaboom, M|100/100\n|-fieldstart|move: Grassy Terrain|[from] ability: Grassy Surge|[of] p1a: Rillaboom\n|move|p1b: Sinistcha|Imprison|p1b: Sinistcha\n|-start|p1b: Sinistcha|move: Imprison\n|move|p2a: Skips|Expanding Force|p1a: Rillaboom\n|-damage|p1a: Rillaboom|38/100\n|-item|p2a: Skips|Choice Band|[from] ability: Magician|[of] p1a: Rillaboom\n|cant|p2b: Mordecai|move: Imprison|Trick Room\n|\n|-heal|p1a: Rillaboom|44/100|[from] Grassy Terrain\n|upkeep\n|turn|2\n|\n|t:|1771206031\n|move|p2b: Mordecai|Follow Me|p2b: Mordecai\n|-singleturn|p2b: Mordecai|move: Follow Me\n|move|p1a: Rillaboom|Knock Off|p2b: Mordecai\n|-supereffective|p2b: Mordecai\n|-damage|p2b: Mordecai|23/100\n|-enditem|p2b: Mordecai|Focus Sash|[from] move: Knock Off|[of] p1a: Rillaboom\n|move|p1b: Sinistcha|Matcha Gotcha|p2b: Mordecai|[spread] p2b\n|-miss|p1b: Sinistcha|p2a: Skips\n|-damage|p2b: Mordecai|0 fnt\n|faint|p2b: Mordecai\n|move|p2a: Skips|Dark Pulse|p1b: Sinistcha\n|-supereffective|p1b: Sinistcha\n|-damage|p1b: Sinistcha|0 fnt\n|faint|p1b: Sinistcha\n|\n|-heal|p1a: Rillaboom|50/100|[from] Grassy Terrain\n|upkeep\n|inactive|Natures Conqueror has 120 seconds left.\n|\n|t:|1771206049\n|switch|p1b: Meowscarada|Meowscarada, M|100/100\n|switch|p2b: Muscle Man|Diancie, shiny|100/100\n|turn|3\n|\n|t:|1771206058\n|-terastallize|p2b: Muscle Man|Grass\n|move|p1a: Rillaboom|Grassy Glide|p2b: Muscle Man\n|-resisted|p2b: Muscle Man\n|-damage|p2b: Muscle Man|84/100\n|move|p1b: Meowscarada|Flower Trick|p2b: Muscle Man\n|-start|p1b: Meowscarada|typechange|Grass|[from] ability: Protean\n|-resisted|p2b: Muscle Man\n|-crit|p2b: Muscle Man\n|-damage|p2b: Muscle Man|51/100\n|-damage|p1b: Meowscarada|91/100|[from] item: Life Orb\n|move|p2a: Skips|Dark Pulse|p1a: Rillaboom\n|-damage|p1a: Rillaboom|0 fnt\n|faint|p1a: Rillaboom\n|move|p2b: Muscle Man|Trick Room|p2b: Muscle Man\n|-fieldstart|move: Trick Room|[of] p2b: Muscle Man\n|\n|-heal|p2b: Muscle Man|57/100|[from] Grassy Terrain\n|-heal|p1b: Meowscarada|97/100|[from] Grassy Terrain\n|upkeep\n|\n|t:|1771206061\n|switch|p1a: Whimsicott|Whimsicott, F, shiny|100/100\n|turn|4\n|\n|t:|1771206073\n|switch|p2b: Pops|Torkoal, M|100/100\n|-weather|SunnyDay|[from] ability: Drought|[of] p2b: Pops\n|move|p1a: Whimsicott|Encore||[still]\n|-fail|p1a: Whimsicott\n|move|p2a: Skips|Dark Pulse|p1b: Meowscarada\n|-damage|p1b: Meowscarada|9/100\n|move|p1b: Meowscarada|Flower Trick|p2a: Skips\n|-crit|p2a: Skips\n|-damage|p2a: Skips|0 fnt\n|faint|p2a: Skips\n|-damage|p1b: Meowscarada|0 fnt|[from] item: Life Orb\n|faint|p1b: Meowscarada\n|\n|-weather|SunnyDay|[upkeep]\n|upkeep\n|\n|t:|1771206091\n|switch|p2a: Muscle Man|Diancie, shiny, tera:Grass|57/100\n|switch|p1b: Serperior|Serperior, F, shiny|100/100\n|turn|5\n|\n|t:|1771206102\n|-terastallize|p1b: Serperior|Fire\n|move|p1a: Whimsicott|Taunt|p2a: Muscle Man\n|-start|p2a: Muscle Man|move: Taunt\n|move|p2b: Pops|Eruption|p1a: Whimsicott|[spread] p1a,p1b\n|-supereffective|p1a: Whimsicott\n|-crit|p1a: Whimsicott\n|-resisted|p1b: Serperior\n|-damage|p1a: Whimsicott|0 fnt\n|-damage|p1b: Serperior|47/100\n|faint|p1a: Whimsicott\n|move|p2a: Muscle Man|Diamond Storm|p1b: Serperior\n|-supereffective|p1b: Serperior\n|-damage|p1b: Serperior|0 fnt\n|faint|p1b: Serperior\n|\n|-weather|SunnyDay|[upkeep]\n|-heal|p2a: Muscle Man|63/100|[from] Grassy Terrain\n|-fieldend|move: Grassy Terrain\n|upkeep\n|-message|DaevEVtest forfeited.\n|\n|win|Natures Conqueror\n|raw|DaevEVtest's rating: 1645 &rarr; <strong>1631</strong><br />(-14 for losing)\n|raw|Natures Conqueror's rating: 1749 &rarr; <strong>1763</strong><br />(+14 for winning)\n|l|☆DaevEVtest\n|player|p1|\n", "uploadtime": 1771206452, "views": 15, "formatid": "gen9doublesou", "rating": 1631, "private": 0, "password": null}