{"id": "gen9doublesou-2540545529", "format": "[Gen 9] Doubles OU", "players": ["Rayred30", "vala21"], "log": "|badge|p2|bronze|gen9doublesou|100-8\n|uhtml|medal-msg|<div class=\"broadcast-blue\">Curious what those medals under the avatar are? PS now has Ladder Seasons! For more information, check out the <a href=\"https://www.smogon.com/forums/threads/3740067/\">thread on Smogon.</a></div>\n|j|☆Rayred30\n|j|☆vala21\n|t:|1771215876\n|gametype|doubles\n|player|p1|Rayred30|ghetsis-gen5bw|1609\n|player|p2|vala21|169|1754\n|gen|9\n|tier|[Gen 9] Doubles OU\n|rated|\n|rule|HP Percentage Mod: HP is shown in percentages\n|rule|Endless Battle Clause: Forcing endless battles is banned\n|rule|Species Clause: Limit one of each Pokémon\n|rule|OHKO Clause: OHKO moves are banned\n|rule|Evasion Moves Clause: Evasion moves are banned\n|rule|Gravity Sleep Clause: The combination of sleep-inducing moves with imperfect accuracy and Gravity or Gigantamax Orbeetle are banned\n|rule|Evasion Abilities Clause: Evasion abilities are banned\n|clearpoke\n|poke|p1|Kingambit, M|\n|poke|p1|Incineroar, F|\n|poke|p1|Farigiraf, F|\n|poke|p1|Sinistcha-Masterpiece|\n|poke|p1|Rhyperior, M|\n|poke|p1|Volcanion|\n|poke|p2|Hoopa-Unbound|\n|poke|p2|Indeedee-F, F|\n|poke|p2|Torkoal, M|\n|poke|p2|Diancie|\n|poke|p2|Hatterene, F|\n|poke|p2|Ursaluna, F|\n|teampreview\n|inactive|Battle timer is ON: inactive players will automatically lose when time's up. (requested by vala21)\n|\n|t:|1771215923\n|teamsize|p1|6\n|teamsize|p2|6\n|start\n|switch|p1a: Farigiraf|Farigiraf, F, shiny|100/100\n|switch|p1b: Volcanion|Volcanion|100/100\n|switch|p2a: Diancie|Diancie|100/100\n|switch|p2b: Hatterene|Hatterene, F|100/100\n|turn|1\n|\n|t:|1771215945\n|move|p1b: Volcanion|Steam Eruption|p2a: Diancie\n|-supereffective|p2a: Diancie\n|-damage|p2a: Diancie|7/100\n|move|p2a: Diancie|Diamond Storm|p1a: Farigiraf|[spread] p1a,p1b\n|-supereffective|p1b: Volcanion\n|-damage|p1a: Farigiraf|58/100\n|-damage|p1b: Volcanion|35/100\n|move|p2b: Hatterene|Expanding Force|p1b: Volcanion\n|-damage|p1b: Volcanion|0 fnt\n|faint|p1b: Volcanion\n|move|p1a: Farigiraf|Trick Room|p1a: Farigiraf\n|-fieldstart|move: Trick Room|[of] p1a: Farigiraf\n|\n|upkeep\n|\n|t:|1771215964\n|switch|p1b: Kingambit|Kingambit, M|100/100\n|turn|2\n|\n|t:|1771215981\n|switch|p2b: Ursaluna|Ursaluna, F|100/100\n|move|p1b: Kingambit|Iron Head|p2b: Ursaluna\n|-damage|p2b: Ursaluna|56/100\n|-damage|p1b: Kingambit|91/100|[from] item: Life Orb\n|move|p2a: Diancie|Body Press|p1b: Kingambit\n|-supereffective|p1b: Kingambit\n|-damage|p1b: Kingambit|13/100\n|move|p1a: Farigiraf|Hyper Voice|p2b: Ursaluna|[spread] p2a,p2b\n|-resisted|p2a: Diancie\n|-damage|p2a: Diancie|0 fnt\n|-damage|p2b: Ursaluna|36/100\n|faint|p2a: Diancie\n|-enditem|p1a: Farigiraf|Throat Spray\n|-boost|p1a: Farigiraf|spa|1|[from] item: Throat Spray\n|\n|-status|p2b: Ursaluna|brn|[from] item: Flame Orb\n|upkeep\n|inactive|vala21 has 120 seconds left.\n|\n|t:|1771216002\n|switch|p2a: Hatterene|Hatterene, F|100/100\n|turn|3\n|\n|t:|1771216011\n|move|p1b: Kingambit|Sucker Punch|p2b: Ursaluna\n|-damage|p2b: Ursaluna|0 fnt\n|faint|p2b: Ursaluna\n|-damage|p1b: Kingambit|3/100|[from] item: Life Orb\n|move|p2a: Hatterene|Dazzling Gleam|p1a: Farigiraf|[spread] p1a,p1b\n|-damage|p1a: Farigiraf|35/100\n|-damage|p1b: Kingambit|0 fnt\n|faint|p1b: Kingambit\n|move|p1a: Farigiraf|Hyper Voice|p2a: Hatterene\n|-damage|p2a: Hatterene|50/100\n|\n|upkeep\n|\n|t:|1771216022\n|switch|p2b: Indeedee|Indeedee-F, F|100/100\n|switch|p1b: Rhyperior|Rhyperior, M, shiny|100/100\n|-fieldstart|move: Psychic Terrain|[from] ability: Psychic Surge|[of] p2b: Indeedee\n|turn|4\n|\n|t:|1771216029\n|move|p2b: Indeedee|Helping Hand|p2a: Hatterene\n|-singleturn|p2a: Hatterene|Helping Hand|[of] p2b: Indeedee\n|move|p2a: Hatterene|Expanding Force|p1b: Rhyperior|[spread] p1a,p1b\n|-resisted|p1a: Farigiraf\n|-damage|p1a: Farigiraf|0 fnt\n|-damage|p1b: Rhyperior|0 fnt\n|faint|p1a: Farigiraf\n|faint|p1b: Rhyperior\n|\n|upkeep\n|\n|t:|1771216035\n|switch|p1b: Incineroar|Incineroar, F, shiny|100/100\n|switch|p1a: Sinistcha|Sinistcha-Masterpiece, shiny|100/100\n|-ability|p1b: Incineroar|Intimidate|boost\n|-unboost|p2a: Hatterene|atk|1\n|-unboost|p2b: Indeedee|atk|1\n|turn|5\n|\n|t:|1771216042\n|move|p2b: Indeedee|Helping Hand|p2a: Hatterene\n|-singleturn|p2a: Hatterene|Helping Hand|[of] p2b: Indeedee\n|move|p2a: Hatterene|Expanding Force|p1b: Incineroar|[spread] p1a\n|-immune|p1b: Incineroar\n|-damage|p1a: Sinistcha|0 fnt\n|faint|p1a: Sinistcha\n|move|p1b: Incineroar|Knock Off|p2a: Hatterene\n|-damage|p2a: Hatterene|0 fnt\n|-enditem|p2a: Hatterene|Twisted Spoon|[from] move: Knock Off|[of] p1b: Incineroar\n|faint|p2a: Hatterene\n|\n|-fieldend|move: Trick Room\n|upkeep\n|\n|t:|1771216054\n|switch|p2a: Torkoal|Torkoal, M|100/100\n|-weather|SunnyDay|[from] ability: Drought|[of] p2a: Torkoal\n|turn|6\n|\n|t:|1771216061\n|move|p1b: Incineroar|Flare Blitz|p2b: Indeedee\n|-damage|p2b: Indeedee|8/100\n|-damage|p1b: Incineroar|74/100|[from] Recoil\n|move|p2a: Torkoal|Earth Power|p1b: Incineroar\n|-supereffective|p1b: Incineroar\n|-damage|p1b: Incineroar|24/100\n|-enditem|p1b: Incineroar|Sitrus Berry|[eat]\n|-heal|p1b: Incineroar|49/100|[from] item: Sitrus Berry\n|move|p2b: Indeedee|Trick Room|p2b: Indeedee\n|-fieldstart|move: Trick Room|[of] p2b: Indeedee\n|\n|-weather|SunnyDay|[upkeep]\n|upkeep\n|turn|7\n|\n|t:|1771216070\n|move|p2b: Indeedee|Helping Hand|p2a: Torkoal\n|-singleturn|p2a: Torkoal|Helping Hand|[of] p2b: Indeedee\n|move|p2a: Torkoal|Earth Power|p1b: Incineroar\n|-supereffective|p1b: Incineroar\n|-damage|p1b: Incineroar|0 fnt\n|faint|p1b: Incineroar\n|\n|win|vala21\n|raw|Rayred30's rating: 1609 &rarr; <strong>1597</strong><br />(-12 for losing)\n|raw|vala21's rating: 1754 &rarr; <strong>1766</strong><br />(+12 for winning)\n|l|☆Rayred30\n|player|p1|\n|l|☆vala21\n|player|p2|\n|j|☆vala21\n|player|p2|vala21|169|\n|l|☆vala21\n|player|p2|\n", "uploadtime": 1771216455, "views": 17, "formatid": "gen9doublesou", "rating": 1597, "private": 0, "password": null}