{"id": "gen9doublesou-2540663493", "format": "[Gen 9] Doubles OU", "players": ["Hotguy99", "refridgenator"], "log": "|j|☆Hotguy99\n|j|☆refridgenator\n|t:|1771236417\n|gametype|doubles\n|player|p1|Hotguy99|firebreather|1527\n|player|p2|refridgenator|swimmer-gen4dp|1614\n|gen|9\n|tier|[Gen 9] Doubles OU\n|rated|\n|rule|HP Percentage Mod: HP is shown in percentages\n|rule|Endless Battle Clause: Forcing endless battles is banned\n|rule|Species Clause: Limit one of each Pokémon\n|rule|OHKO Clause: OHKO moves are banned\n|rule|Evasion Moves Clause: Evasion moves are banned\n|rule|Gravity Sleep Clause: The combination of sleep-inducing moves with imperfect accuracy and Gravity or Gigantamax Orbeetle are banned\n|rule|Evasion Abilities Clause: Evasion abilities are banned\n|clearpoke\n|poke|p1|Chi-Yu|\n|poke|p1|Torkoal, M|\n|poke|p1|Walking Wake|\n|poke|p1|Iron Hands|\n|poke|p1|Farigiraf, F|\n|poke|p1|Ogerpon-Cornerstone, F|\n|poke|p2|Milotic, F|\n|poke|p2|Ninetales-Alola, F|\n|poke|p2|Incineroar, M|\n|poke|p2|Amoonguss, M|\n|poke|p2|Cresselia, F|\n|poke|p2|Porygon2|\n|teampreview\n|\n|t:|1771236445\n|teamsize|p1|6\n|teamsize|p2|6\n|start\n|switch|p1a: Farigiraf|Farigiraf, F|100/100\n|switch|p1b: Torkoal|Torkoal, M|100/100\n|switch|p2a: Incineroar|Incineroar, M|100/100\n|switch|p2b: Porygon2|Porygon2|100/100\n|-ability|p2a: Incineroar|Intimidate|boost\n|-unboost|p1a: Farigiraf|atk|1\n|-unboost|p1b: Torkoal|atk|1\n|-ability|p2b: Porygon2|Download|boost\n|-boost|p2b: Porygon2|spa|1\n|-weather|SunnyDay|[from] ability: Drought|[of] p1b: Torkoal\n|turn|1\n|inactive|Battle timer is ON: inactive players will automatically lose when time's up. (requested by refridgenator)\n|\n|t:|1771236480\n|-terastallize|p2b: Porygon2|Ground\n|move|p2a: Incineroar|Knock Off|p1a: Farigiraf\n|-supereffective|p1a: Farigiraf\n|-damage|p1a: Farigiraf|20/100\n|-enditem|p1a: Farigiraf|Throat Spray|[from] move: Knock Off|[of] p2a: Incineroar\n|move|p1a: Farigiraf|Hyper Voice|p2b: Porygon2|[spread] p2a,p2b\n|-damage|p2a: Incineroar|76/100\n|-damage|p2b: Porygon2|81/100\n|move|p2b: Porygon2|Tera Blast|p1b: Torkoal|[anim] Tera Blast Ground\n|-supereffective|p1b: Torkoal\n|-damage|p1b: Torkoal|0 fnt\n|faint|p1b: Torkoal\n|\n|-weather|SunnyDay|[upkeep]\n|upkeep\n|\n|t:|1771236495\n|switch|p1b: Walking Wake|Walking Wake|100/100\n|-activate|p1b: Walking Wake|ability: Protosynthesis\n|-start|p1b: Walking Wake|protosynthesisspa\n|turn|2\n|\n|t:|1771236507\n|switch|p2b: Ninetales|Ninetales-Alola, F|100/100\n|-weather|Snowscape|[from] ability: Snow Warning|[of] p2b: Ninetales\n|-end|p1b: Walking Wake|Protosynthesis\n|move|p1b: Walking Wake|Hydro Steam|p2b: Ninetales\n|-crit|p2b: Ninetales\n|-damage|p2b: Ninetales|49/100\n|-damage|p1b: Walking Wake|91/100|[from] item: Life Orb\n|move|p2a: Incineroar|Knock Off|p1b: Walking Wake\n|-damage|p1b: Walking Wake|48/100\n|-enditem|p1b: Walking Wake|Life Orb|[from] move: Knock Off|[of] p2a: Incineroar\n|move|p1a: Farigiraf|Hyper Voice|p2b: Ninetales|[spread] p2a,p2b\n|-damage|p2a: Incineroar|54/100\n|-damage|p2b: Ninetales|29/100\n|\n|-weather|Snowscape|[upkeep]\n|upkeep\n|turn|3\n|\n|t:|1771236530\n|-end|p1b: Walking Wake|Protosynthesis|[silent]\n|switch|p1b: Iron Hands|Iron Hands|100/100\n|switch|p2a: Milotic|Milotic, F|100/100\n|move|p2b: Ninetales|Aurora Veil|p2b: Ninetales\n|-sidestart|p2: refridgenator|move: Aurora Veil\n|move|p1a: Farigiraf|Trick Room|p1a: Farigiraf\n|-fieldstart|move: Trick Room|[of] p1a: Farigiraf\n|\n|-weather|Snowscape|[upkeep]\n|upkeep\n|turn|4\n|\n|t:|1771236553\n|switch|p2b: Incineroar|Incineroar, M|54/100\n|-ability|p2b: Incineroar|Intimidate|boost\n|-unboost|p1a: Farigiraf|atk|1\n|-unboost|p1b: Iron Hands|atk|1\n|move|p2a: Milotic|Protect|p2a: Milotic\n|-singleturn|p2a: Milotic|Protect\n|move|p1a: Farigiraf|Hyper Voice|p2b: Incineroar|[spread] p2b\n|-activate|p2a: Milotic|move: Protect\n|-damage|p2b: Incineroar|39/100\n|-enditem|p2b: Incineroar|Sitrus Berry|[eat]\n|-heal|p2b: Incineroar|64/100|[from] item: Sitrus Berry\n|move|p1b: Iron Hands|Heavy Slam|p2b: Incineroar\n|-resisted|p2b: Incineroar\n|-crit|p2b: Incineroar\n|-damage|p2b: Incineroar|39/100\n|\n|-weather|Snowscape|[upkeep]\n|upkeep\n|turn|5\n|\n|t:|1771236575\n|switch|p2b: Amoonguss|Amoonguss, M|100/100\n|move|p1a: Farigiraf|Hyper Voice|p2a: Milotic|[spread] p2a,p2b\n|-damage|p2a: Milotic|87/100\n|-damage|p2b: Amoonguss|84/100\n|move|p1b: Iron Hands|Close Combat|p2b: Amoonguss\n|-resisted|p2b: Amoonguss\n|-damage|p2b: Amoonguss|67/100\n|-unboost|p1b: Iron Hands|def|1\n|-unboost|p1b: Iron Hands|spd|1\n|-damage|p1b: Iron Hands|84/100|[from] item: Rocky Helmet|[of] p2b: Amoonguss\n|move|p2a: Milotic|Coil|p2a: Milotic\n|-boost|p2a: Milotic|atk|1\n|-boost|p2a: Milotic|def|1\n|-boost|p2a: Milotic|accuracy|1\n|\n|-weather|Snowscape|[upkeep]\n|-heal|p2a: Milotic|93/100|[from] item: Leftovers\n|upkeep\n|turn|6\n|\n|t:|1771236600\n|move|p2b: Amoonguss|Spore|p1b: Iron Hands\n|-status|p1b: Iron Hands|slp|[from] move: Spore\n|move|p1a: Farigiraf|Psychic|p2b: Amoonguss\n|-supereffective|p2b: Amoonguss\n|-damage|p2b: Amoonguss|16/100\n|cant|p1b: Iron Hands|slp\n|move|p2a: Milotic|Coil|p2a: Milotic\n|-boost|p2a: Milotic|atk|1\n|-boost|p2a: Milotic|def|1\n|-boost|p2a: Milotic|accuracy|1\n|\n|-weather|none\n|-heal|p2a: Milotic|99/100|[from] item: Leftovers\n|upkeep\n|turn|7\n|\n|t:|1771236621\n|move|p2b: Amoonguss|Pollen Puff|p1a: Farigiraf\n|-supereffective|p1a: Farigiraf\n|-damage|p1a: Farigiraf|0 fnt\n|faint|p1a: Farigiraf\n|-curestatus|p1b: Iron Hands|slp|[msg]\n|move|p1b: Iron Hands|Wild Charge|p2a: Milotic\n|-supereffective|p2a: Milotic\n|-damage|p2a: Milotic|79/100\n|-damage|p1b: Iron Hands|80/100|[from] Recoil\n|move|p2a: Milotic|Muddy Water|p1b: Iron Hands\n|-damage|p1b: Iron Hands|57/100\n|\n|-heal|p2a: Milotic|85/100|[from] item: Leftovers\n|-fieldend|move: Trick Room\n|upkeep\n|inactive|Hotguy99 has 120 seconds left.\n|\n|t:|1771236641\n|switch|p1a: Ogerpon|Ogerpon-Cornerstone, F|100/100\n|turn|8\n|\n|t:|1771236661\n|switch|p2b: Incineroar|Incineroar, M|39/100\n|-ability|p2b: Incineroar|Intimidate|boost\n|-unboost|p1a: Ogerpon|atk|1\n|-unboost|p1b: Iron Hands|atk|1\n|move|p1a: Ogerpon|Spiky Shield|p1a: Ogerpon\n|-singleturn|p1a: Ogerpon|move: Protect\n|move|p2a: Milotic|Hypnosis|p1a: Ogerpon\n|-activate|p1a: Ogerpon|move: Protect\n|move|p1b: Iron Hands|Close Combat|p2b: Incineroar\n|-supereffective|p2b: Incineroar\n|-damage|p2b: Incineroar|0 fnt\n|-unboost|p1b: Iron Hands|def|1\n|-unboost|p1b: Iron Hands|spd|1\n|faint|p2b: Incineroar\n|\n|-heal|p2a: Milotic|91/100|[from] item: Leftovers\n|upkeep\n|inactive|refridgenator has 120 seconds left.\n|\n|t:|1771236693\n|switch|p2b: Amoonguss|Amoonguss, M|49/100\n|turn|9\n|\n|t:|1771236719\n|move|p1a: Ogerpon|Power Whip|p2a: Milotic\n|-supereffective|p2a: Milotic\n|-damage|p2a: Milotic|65/100\n|move|p2a: Milotic|Hypnosis|p1a: Ogerpon\n|-status|p1a: Ogerpon|slp|[from] move: Hypnosis\n|move|p1b: Iron Hands|Wild Charge|p2a: Milotic\n|-supereffective|p2a: Milotic\n|-damage|p2a: Milotic|52/100\n|-damage|p1b: Iron Hands|54/100|[from] Recoil\n|move|p2b: Amoonguss|Spore|p1b: Iron Hands\n|-status|p1b: Iron Hands|slp|[from] move: Spore\n|\n|-heal|p2a: Milotic|58/100|[from] item: Leftovers\n|upkeep\n|turn|10\n|inactive|Hotguy99 has 120 seconds left.\n|l|☆Hotguy99\n|inactive|Hotguy99 disconnected and has a minute to reconnect!\n|player|p1|\n|inactive|Hotguy99 has 30 seconds to reconnect!\n|inactive|Hotguy99 has 20 seconds to reconnect!\n|inactive|Hotguy99 has 15 seconds to reconnect!\n|inactive|Hotguy99 has 10 seconds to reconnect!\n|inactive|Hotguy99 has 5 seconds to reconnect!\n|-message|Hotguy99 lost due to inactivity.\n|\n|win|refridgenator\n|raw|Hotguy99's rating: 1527 &rarr; <strong>1512</strong><br />(-15 for losing)\n|raw|refridgenator's rating: 1614 &rarr; <strong>1629</strong><br />(+15 for winning)\n|l|☆refridgenator\n|player|p2|\n", "uploadtime": 1771237177, "views": 11, "formatid": "gen9doublesou", "rating": 1512, "private": 0, "password": null}