{"id": "gen9doublesou-2540398371", "format": "[Gen 9] Doubles OU", "players": ["natana6l", "inakunana"], "log": "|badge|p2|bronze|gen9doublesou|100-8\n|uhtml|medal-msg|<div class=\"broadcast-blue\">Curious what those medals under the avatar are? PS now has Ladder Seasons! For more information, check out the <a href=\"https://www.smogon.com/forums/threads/3740067/\">thread on Smogon.</a></div>\n|j|☆natana6l\n|j|☆inakunana\n|t:|1771197175\n|gametype|doubles\n|player|p1|natana6l|flannery|1643\n|player|p2|inakunana|erika|1782\n|gen|9\n|tier|[Gen 9] Doubles OU\n|rated|\n|rule|HP Percentage Mod: HP is shown in percentages\n|rule|Endless Battle Clause: Forcing endless battles is banned\n|rule|Species Clause: Limit one of each Pokémon\n|rule|OHKO Clause: OHKO moves are banned\n|rule|Evasion Moves Clause: Evasion moves are banned\n|rule|Gravity Sleep Clause: The combination of sleep-inducing moves with imperfect accuracy and Gravity or Gigantamax Orbeetle are banned\n|rule|Evasion Abilities Clause: Evasion abilities are banned\n|clearpoke\n|poke|p1|Raging Bolt|\n|poke|p1|Latios, M|\n|poke|p1|Sneasler, M|\n|poke|p1|Cinderace, M|\n|poke|p1|Serperior, F|\n|poke|p1|Tyranitar, M|\n|poke|p2|Gholdengo|\n|poke|p2|Glimmora, F|\n|poke|p2|Incineroar, F|\n|poke|p2|Ogerpon-Hearthflame, F|\n|poke|p2|Rillaboom, F|\n|poke|p2|Tornadus, M|\n|teampreview\n|inactive|Battle timer is ON: inactive players will automatically lose when time's up. (requested by natana6l)\n|inactive|inakunana also wants the timer to be on.\n|\n|t:|1771197182\n|teamsize|p1|6\n|teamsize|p2|6\n|start\n|switch|p1a: Sneasler|Sneasler, M, shiny|100/100\n|switch|p1b: Latios|Latios, M|100/100\n|switch|p2a: high tide|Tornadus, M|100/100\n|switch|p2b: predefined evil|Incineroar, F|100/100\n|-ability|p2b: predefined evil|Intimidate|boost\n|-unboost|p1a: Sneasler|atk|1\n|-unboost|p1b: Latios|atk|1\n|turn|1\n|\n|t:|1771197191\n|switch|p2b: bon voyage|Gholdengo|100/100\n|move|p2a: high tide|Protect|p2a: high tide\n|-singleturn|p2a: high tide|Protect\n|move|p1a: Sneasler|Fake Out|p2b: bon voyage\n|-immune|p2b: bon voyage\n|move|p1b: Latios|Draco Meteor|p2a: high tide\n|-activate|p2a: high tide|move: Protect\n|\n|upkeep\n|turn|2\n|\n|t:|1771197212\n|-terastallize|p1b: Latios|Steel\n|move|p1a: Sneasler|Dire Claw|p2a: high tide\n|-damage|p2a: high tide|43/100\n|-status|p2a: high tide|par\n|-damage|p1a: Sneasler|91/100|[from] item: Life Orb\n|move|p1b: Latios|Draco Meteor|p2a: high tide\n|-damage|p2a: high tide|0 fnt\n|-unboost|p1b: Latios|spa|2\n|faint|p2a: high tide\n|move|p2b: bon voyage|Shadow Ball|p1b: Latios\n|-crit|p1b: Latios\n|-damage|p1b: Latios|36/100\n|\n|upkeep\n|\n|t:|1771197230\n|switch|p2a: when it snapped|Rillaboom, F|100/100\n|-fieldstart|move: Grassy Terrain|[from] ability: Grassy Surge|[of] p2a: when it snapped\n|-enditem|p2b: bon voyage|Grassy Seed\n|-boost|p2b: bon voyage|def|1|[from] item: Grassy Seed\n|turn|3\n|\n|t:|1771197238\n|switch|p1b: Cinderace|Cinderace, M|100/100\n|move|p2a: when it snapped|Fake Out|p1a: Sneasler\n|-damage|p1a: Sneasler|67/100\n|cant|p1a: Sneasler|flinch\n|move|p2b: bon voyage|Nasty Plot|p2b: bon voyage\n|-boost|p2b: bon voyage|spa|2\n|\n|-heal|p1a: Sneasler|73/100|[from] Grassy Terrain\n|upkeep\n|turn|4\n|\n|t:|1771197250\n|switch|p2a: predefined evil|Incineroar, F|100/100\n|-ability|p2a: predefined evil|Intimidate|boost\n|-unboost|p1a: Sneasler|atk|1\n|-unboost|p1b: Cinderace|atk|1\n|move|p2b: bon voyage|Protect|p2b: bon voyage\n|-singleturn|p2b: bon voyage|Protect\n|move|p1a: Sneasler|Dire Claw|p2a: predefined evil\n|-crit|p2a: predefined evil\n|-damage|p2a: predefined evil|34/100\n|-status|p2a: predefined evil|slp\n|-damage|p1a: Sneasler|63/100|[from] item: Life Orb\n|move|p1b: Cinderace|Pyro Ball|p2b: bon voyage\n|-activate|p2b: bon voyage|move: Protect\n|\n|-heal|p1a: Sneasler|69/100|[from] Grassy Terrain\n|-heal|p2a: predefined evil|40/100 slp|[from] Grassy Terrain\n|upkeep\n|turn|5\n|\n|t:|1771197260\n|switch|p2a: low tide|Glimmora, F|100/100\n|-terastallize|p2b: bon voyage|Dragon\n|move|p1a: Sneasler|Dire Claw|p2a: low tide\n|-resisted|p2a: low tide\n|-damage|p2a: low tide|92/100\n|-status|p2a: low tide|slp\n|-activate|p2a: low tide|ability: Toxic Debris\n|-sidestart|p1: natana6l|move: Toxic Spikes\n|-damage|p1a: Sneasler|59/100|[from] item: Life Orb\n|move|p1b: Cinderace|Pyro Ball|p2b: bon voyage\n|-resisted|p2b: bon voyage\n|-damage|p2b: bon voyage|85/100\n|-damage|p1b: Cinderace|91/100|[from] item: Life Orb\n|move|p2b: bon voyage|Make It Rain|p1a: Sneasler|[spread] p1a,p1b\n|-resisted|p1b: Cinderace\n|-damage|p1a: Sneasler|0 fnt\n|-damage|p1b: Cinderace|33/100\n|-unboost|p2b: bon voyage|spa|1\n|faint|p1a: Sneasler\n|\n|-heal|p1b: Cinderace|39/100|[from] Grassy Terrain\n|-heal|p2a: low tide|98/100 slp|[from] Grassy Terrain\n|-heal|p2b: bon voyage|91/100|[from] Grassy Terrain\n|upkeep\n|\n|t:|1771197265\n|switch|p1a: Latios|Latios, M, tera:Steel|36/100\n|turn|6\n|\n|t:|1771197285\n|switch|p2a: when it snapped|Rillaboom, F|100/100\n|move|p2b: bon voyage|Protect|p2b: bon voyage\n|-singleturn|p2b: bon voyage|Protect\n|move|p1b: Cinderace|Iron Head|p2a: when it snapped\n|-start|p1b: Cinderace|typechange|Steel|[from] ability: Libero\n|-damage|p2a: when it snapped|71/100\n|-damage|p1b: Cinderace|29/100|[from] item: Life Orb\n|move|p1a: Latios|Draco Meteor|p2b: bon voyage\n|-activate|p2b: bon voyage|move: Protect\n|\n|-heal|p1b: Cinderace|35/100|[from] Grassy Terrain\n|-heal|p2b: bon voyage|98/100|[from] Grassy Terrain\n|-heal|p2a: when it snapped|77/100|[from] Grassy Terrain\n|upkeep\n|turn|7\n|\n|t:|1771197294\n|move|p2a: when it snapped|Fake Out|p1a: Latios\n|-resisted|p1a: Latios\n|-damage|p1a: Latios|27/100\n|move|p1b: Cinderace|Pyro Ball|p2a: when it snapped|[miss]\n|-miss|p1b: Cinderace|p2a: when it snapped\n|cant|p1a: Latios|flinch\n|move|p2b: bon voyage|Make It Rain|p1a: Latios|[spread] p1a,p1b\n|-resisted|p1a: Latios\n|-resisted|p1b: Cinderace\n|-damage|p1a: Latios|0 fnt\n|-damage|p1b: Cinderace|0 fnt\n|-unboost|p2b: bon voyage|spa|1\n|faint|p1a: Latios\n|faint|p1b: Cinderace\n|\n|-heal|p2b: bon voyage|100/100|[from] Grassy Terrain\n|-heal|p2a: when it snapped|83/100|[from] Grassy Terrain\n|-fieldend|move: Grassy Terrain\n|upkeep\n|\n|t:|1771197309\n|switch|p1b: Serperior|Serperior, F|100/100\n|switch|p1a: Raging Bolt|Raging Bolt|100/100\n|-status|p1b: Serperior|psn\n|-status|p1a: Raging Bolt|psn\n|turn|8\n|\n|t:|1771197316\n|move|p2b: bon voyage|Protect|p2b: bon voyage\n|-singleturn|p2b: bon voyage|Protect\n|move|p1b: Serperior|Leaf Storm|p2b: bon voyage\n|-activate|p2b: bon voyage|move: Protect\n|move|p2a: when it snapped|High Horsepower|p1a: Raging Bolt\n|-supereffective|p1a: Raging Bolt\n|-damage|p1a: Raging Bolt|48/100 psn\n|move|p1a: Raging Bolt|Breaking Swipe|p2a: when it snapped|[spread] p2a\n|-activate|p2b: bon voyage|move: Protect\n|-damage|p2a: when it snapped|69/100\n|-unboost|p2a: when it snapped|atk|1\n|-damage|p1a: Raging Bolt|38/100 psn|[from] item: Life Orb\n|\n|-damage|p1b: Serperior|88/100 psn|[from] psn\n|-damage|p1a: Raging Bolt|25/100 psn|[from] psn\n|upkeep\n|turn|9\n|\n|t:|1771197329\n|switch|p2a: predefined evil|Incineroar, F|40/100 slp\n|-ability|p2a: predefined evil|Intimidate|boost\n|-unboost|p1a: Raging Bolt|atk|1\n|-boost|p1b: Serperior|atk|1\n|move|p1b: Serperior|Leaf Storm|p2b: bon voyage|[miss]\n|-miss|p1b: Serperior|p2b: bon voyage\n|move|p2b: bon voyage|Shadow Ball|p1a: Raging Bolt\n|-damage|p1a: Raging Bolt|0 fnt\n|faint|p1a: Raging Bolt\n|-end|p1a: Raging Bolt|Protosynthesis|[silent]\n|\n|-damage|p1b: Serperior|76/100 psn|[from] psn\n|upkeep\n|\n|t:|1771197331\n|switch|p1a: Tyranitar|Tyranitar, M|100/100\n|-status|p1a: Tyranitar|psn\n|-weather|Sandstorm|[from] ability: Sand Stream|[of] p1a: Tyranitar\n|turn|10\n|\n|t:|1771197337\n|cant|p2a: predefined evil|slp\n|move|p1b: Serperior|Leaf Storm|p2b: bon voyage\n|-resisted|p2b: bon voyage\n|-damage|p2b: bon voyage|78/100\n|-boost|p1b: Serperior|spa|2\n|move|p2b: bon voyage|Make It Rain|p1b: Serperior|[spread] p1a,p1b\n|-supereffective|p1a: Tyranitar\n|-damage|p1a: Tyranitar|50/100 psn\n|-damage|p1b: Serperior|31/100 psn\n|-unboost|p2b: bon voyage|spa|1\n|-enditem|p1a: Tyranitar|Weakness Policy\n|-boost|p1a: Tyranitar|atk|2|[from] item: Weakness Policy\n|-boost|p1a: Tyranitar|spa|2|[from] item: Weakness Policy\n|-enditem|p1b: Serperior|Sitrus Berry|[eat]\n|-heal|p1b: Serperior|56/100 psn|[from] item: Sitrus Berry\n|move|p1a: Tyranitar|Rock Slide|p2a: predefined evil|[spread] p2a,p2b\n|-supereffective|p2a: predefined evil\n|-damage|p2a: predefined evil|0 fnt\n|-damage|p2b: bon voyage|35/100\n|faint|p2a: predefined evil\n|\n|-weather|Sandstorm|[upkeep]\n|-damage|p1b: Serperior|50/100 psn|[from] Sandstorm\n|-damage|p2b: bon voyage|29/100|[from] Sandstorm\n|-damage|p1b: Serperior|37/100 psn|[from] psn\n|-damage|p1a: Tyranitar|37/100 psn|[from] psn\n|upkeep\n|\n|t:|1771197349\n|switch|p2a: when it snapped|Rillaboom, F|69/100\n|-fieldstart|move: Grassy Terrain|[from] ability: Grassy Surge|[of] p2a: when it snapped\n|turn|11\n|\n|t:|1771197360\n|move|p2a: when it snapped|Grassy Glide|p1a: Tyranitar\n|-supereffective|p1a: Tyranitar\n|-crit|p1a: Tyranitar\n|-damage|p1a: Tyranitar|0 fnt\n|faint|p1a: Tyranitar\n|move|p1b: Serperior|Giga Drain|p2b: bon voyage\n|-resisted|p2b: bon voyage\n|-damage|p2b: bon voyage|0 fnt\n|-heal|p1b: Serperior|54/100 psn|[from] drain|[of] p2b: bon voyage\n|faint|p2b: bon voyage\n|\n|-weather|Sandstorm|[upkeep]\n|-damage|p1b: Serperior|48/100 psn|[from] Sandstorm\n|-damage|p2a: when it snapped|63/100|[from] Sandstorm\n|-heal|p1b: Serperior|54/100 psn|[from] Grassy Terrain\n|-heal|p2a: when it snapped|69/100|[from] Grassy Terrain\n|-damage|p1b: Serperior|41/100 psn|[from] psn\n|upkeep\n|\n|t:|1771197363\n|switch|p2b: wanted blood|Ogerpon-Hearthflame, F|100/100\n|-ability|p2b: wanted blood|Mold Breaker\n|turn|12\n|\n|t:|1771197368\n|move|p2b: wanted blood|Grassy Glide|p1b: Serperior\n|-resisted|p1b: Serperior\n|-damage|p1b: Serperior|17/100 psn\n|move|p2a: when it snapped|Grassy Glide|p1b: Serperior\n|-resisted|p1b: Serperior\n|-damage|p1b: Serperior|0 fnt\n|faint|p1b: Serperior\n|\n|win|inakunana\n|raw|natana6l's rating: 1643 &rarr; <strong>1631</strong><br />(-12 for losing)\n|raw|inakunana's rating: 1782 &rarr; <strong>1794</strong><br />(+12 for winning)\n|l|☆natana6l\n|player|p1|\n", "uploadtime": 1771197639, "views": 12, "formatid": "gen9doublesou", "rating": 1631, "private": 0, "password": null}