{"id": "gen9doublesou-2540662942", "format": "[Gen 9] Doubles OU", "players": ["natty dice", "avlavlavlavl"], "log": "|j|☆natty dice\n|j|☆avlavlavlavl\n|t:|1771236315\n|gametype|doubles\n|player|p1|natty dice|bugcatcher-gen4dp|1560\n|player|p2|avlavlavlavl|lacey|1627\n|gen|9\n|tier|[Gen 9] Doubles OU\n|rated|\n|rule|HP Percentage Mod: HP is shown in percentages\n|rule|Endless Battle Clause: Forcing endless battles is banned\n|rule|Species Clause: Limit one of each Pokémon\n|rule|OHKO Clause: OHKO moves are banned\n|rule|Evasion Moves Clause: Evasion moves are banned\n|rule|Gravity Sleep Clause: The combination of sleep-inducing moves with imperfect accuracy and Gravity or Gigantamax Orbeetle are banned\n|rule|Evasion Abilities Clause: Evasion abilities are banned\n|clearpoke\n|poke|p1|Moltres-Galar|\n|poke|p1|Pelipper, M|\n|poke|p1|Garchomp, M|\n|poke|p1|Sinistcha|\n|poke|p1|Mew|\n|poke|p1|Kleavor, F|\n|poke|p2|Chi-Yu|\n|poke|p2|Landorus, M|\n|poke|p2|Ogerpon-Wellspring, F|\n|poke|p2|Tornadus, M|\n|poke|p2|Iron Hands|\n|poke|p2|Gholdengo|\n|teampreview\n|inactive|Battle timer is ON: inactive players will automatically lose when time's up. (requested by natty dice)\n|inactive|avlavlavlavl has 120 seconds left.\n|\n|t:|1771236379\n|teamsize|p1|6\n|teamsize|p2|6\n|start\n|switch|p1a: Kleavor|Kleavor, F|100/100\n|switch|p1b: Sinistcha|Sinistcha|100/100\n|switch|p2a: Gholdengo|Gholdengo|100/100\n|switch|p2b: Chi-Yu|Chi-Yu|100/100\n|-ability|p2b: Chi-Yu|Beads of Ruin\n|turn|1\n|\n|t:|1771236398\n|switch|p1a: Pelipper|Pelipper, M|100/100\n|-weather|RainDance|[from] ability: Drizzle|[of] p1a: Pelipper\n|-terastallize|p1b: Sinistcha|Fire\n|move|p2b: Chi-Yu|Protect|p2b: Chi-Yu\n|-singleturn|p2b: Chi-Yu|Protect\n|move|p2a: Gholdengo|Make It Rain|p1b: Sinistcha|[spread] p1a,p1b\n|-resisted|p1a: Pelipper\n|-resisted|p1b: Sinistcha\n|-damage|p1a: Pelipper|60/100\n|-damage|p1b: Sinistcha|62/100\n|-unboost|p2a: Gholdengo|spa|1\n|move|p1b: Sinistcha|Shadow Ball|p2a: Gholdengo\n|-supereffective|p2a: Gholdengo\n|-damage|p2a: Gholdengo|0 fnt\n|faint|p2a: Gholdengo\n|\n|-weather|RainDance|[upkeep]\n|upkeep\n|inactive|avlavlavlavl has 120 seconds left.\n|\n|t:|1771236423\n|switch|p2a: Ogerpon|Ogerpon-Wellspring, F|100/100\n|turn|2\n|\n|t:|1771236429\n|move|p1b: Sinistcha|Rage Powder|p1b: Sinistcha\n|-singleturn|p1b: Sinistcha|move: Rage Powder\n|move|p2a: Ogerpon|Ivy Cudgel|p1b: Sinistcha|[anim] Ivy Cudgel Water\n|-supereffective|p1b: Sinistcha\n|-damage|p1b: Sinistcha|0 fnt\n|faint|p1b: Sinistcha\n|move|p2b: Chi-Yu|Dark Pulse|p1a: Pelipper\n|-damage|p1a: Pelipper|0 fnt\n|faint|p1a: Pelipper\n|-damage|p2b: Chi-Yu|91/100|[from] item: Life Orb\n|\n|-weather|RainDance|[upkeep]\n|upkeep\n|\n|t:|1771236437\n|switch|p1b: Moltres|Moltres-Galar|100/100\n|switch|p1a: Kleavor|Kleavor, F|100/100\n|turn|3\n|inactive|avlavlavlavl has 120 seconds left.\n|\n|t:|1771236474\n|-terastallize|p2a: Ogerpon|Water\n|detailschange|p2a: Ogerpon|Ogerpon-Wellspring-Tera, F, tera:Water\n|-ability|p2a: Ogerpon|Embody Aspect (Wellspring)|boost\n|-boost|p2a: Ogerpon|spd|1\n|move|p1b: Moltres|Hurricane|p2a: Ogerpon\n|-damage|p2a: Ogerpon|52/100\n|move|p2a: Ogerpon|Ivy Cudgel|p1a: Kleavor|[anim] Ivy Cudgel Water\n|-supereffective|p1a: Kleavor\n|-damage|p1a: Kleavor|0 fnt\n|faint|p1a: Kleavor\n|move|p2b: Chi-Yu|Heat Wave|p1b: Moltres\n|-damage|p1b: Moltres|57/100\n|-damage|p2b: Chi-Yu|81/100|[from] item: Life Orb\n|\n|-weather|RainDance|[upkeep]\n|upkeep\n|\n|t:|1771236493\n|switch|p1a: Garchomp|Garchomp, M|100/100\n|turn|4\n|\n|t:|1771236500\n|switch|p1b: Mew|Mew|100/100\n|move|p2a: Ogerpon|Ivy Cudgel|p1b: Mew|[anim] Ivy Cudgel Water\n|-damage|p1b: Mew|8/100\n|-enditem|p1b: Mew|Red Card|[of] p2a: Ogerpon\n|drag|p2a: Iron Hands|Iron Hands|100/100\n|move|p1a: Garchomp|Earthquake|p2b: Chi-Yu|[spread] p1b,p2a,p2b\n|-supereffective|p2a: Iron Hands\n|-supereffective|p2b: Chi-Yu\n|-damage|p1b: Mew|0 fnt\n|-damage|p2a: Iron Hands|44/100\n|-damage|p2b: Chi-Yu|0 fnt\n|faint|p1b: Mew\n|faint|p2b: Chi-Yu\n|\n|-weather|RainDance|[upkeep]\n|upkeep\n|\n|t:|1771236513\n|switch|p2b: Tornadus|Tornadus, M|100/100\n|switch|p1b: Moltres|Moltres-Galar|57/100\n|turn|5\n|\n|t:|1771236525\n|move|p2b: Tornadus|Tailwind|p2b: Tornadus\n|-sidestart|p2: avlavlavlavl|move: Tailwind\n|move|p1b: Moltres|Fiery Wrath|p2a: Iron Hands|[spread] p2a,p2b\n|-resisted|p2a: Iron Hands\n|-damage|p2a: Iron Hands|37/100\n|-damage|p2b: Tornadus|67/100\n|move|p2a: Iron Hands|Wild Charge|p1b: Moltres\n|-supereffective|p1b: Moltres\n|-damage|p1b: Moltres|0 fnt\n|faint|p1b: Moltres\n|-damage|p2a: Iron Hands|27/100|[from] Recoil\n|move|p1a: Garchomp|Swords Dance|p1a: Garchomp\n|-boost|p1a: Garchomp|atk|2\n|\n|-weather|RainDance|[upkeep]\n|upkeep\n|turn|6\n|\n|t:|1771236536\n|move|p1a: Garchomp|Protect|p1a: Garchomp\n|-singleturn|p1a: Garchomp|Protect\n|move|p2b: Tornadus|Icy Wind|p1a: Garchomp\n|-activate|p1a: Garchomp|move: Protect\n|move|p2a: Iron Hands|Drain Punch|p1a: Garchomp\n|-activate|p1a: Garchomp|move: Protect\n|\n|-weather|RainDance|[upkeep]\n|upkeep\n|turn|7\n|\n|t:|1771236540\n|move|p2b: Tornadus|Icy Wind|p1a: Garchomp\n|-supereffective|p1a: Garchomp\n|-damage|p1a: Garchomp|34/100\n|-unboost|p1a: Garchomp|spe|1\n|move|p2a: Iron Hands|Drain Punch|p1a: Garchomp\n|-damage|p1a: Garchomp|0 fnt\n|-heal|p2a: Iron Hands|41/100|[from] drain|[of] p1a: Garchomp\n|-damage|p2a: Iron Hands|29/100|[from] ability: Rough Skin|[of] p1a: Garchomp\n|-damage|p2a: Iron Hands|12/100|[from] item: Rocky Helmet|[of] p1a: Garchomp\n|faint|p1a: Garchomp\n|\n|win|avlavlavlavl\n|raw|natty dice's rating: 1560 &rarr; <strong>1544</strong><br />(-16 for losing)\n|raw|avlavlavlavl's rating: 1627 &rarr; <strong>1643</strong><br />(+16 for winning)\n|l|☆natty dice\n|player|p1|\n|l|☆avlavlavlavl\n|player|p2|\n", "uploadtime": 1771236904, "views": 13, "formatid": "gen9doublesou", "rating": 1544, "private": 0, "password": null}