{"id": "gen9doublesou-2540764916", "format": "[Gen 9] Doubles OU", "players": ["enexis", "alllzz"], "log": "|j|☆enexis\n|j|☆alllzz\n|t:|1771251417\n|gametype|doubles\n|player|p1|enexis|2|1670\n|player|p2|alllzz|1|1716\n|gen|9\n|tier|[Gen 9] Doubles OU\n|rated|\n|rule|HP Percentage Mod: HP is shown in percentages\n|rule|Endless Battle Clause: Forcing endless battles is banned\n|rule|Species Clause: Limit one of each Pokémon\n|rule|OHKO Clause: OHKO moves are banned\n|rule|Evasion Moves Clause: Evasion moves are banned\n|rule|Gravity Sleep Clause: The combination of sleep-inducing moves with imperfect accuracy and Gravity or Gigantamax Orbeetle are banned\n|rule|Evasion Abilities Clause: Evasion abilities are banned\n|clearpoke\n|poke|p1|Grimmsnarl, M|\n|poke|p1|Sneasler, M|\n|poke|p1|Milotic, M|\n|poke|p1|Pelipper, M|\n|poke|p1|Bruxish, F|\n|poke|p1|Kilowattrel, F|\n|poke|p2|Ursaluna, M|\n|poke|p2|Oranguru, F|\n|poke|p2|Torkoal, M|\n|poke|p2|Incineroar, M|\n|poke|p2|Iron Hands|\n|poke|p2|Hoopa-Unbound|\n|teampreview\n|inactive|Battle timer is ON: inactive players will automatically lose when time's up. (requested by enexis)\n|\n|t:|1771251448\n|teamsize|p1|6\n|teamsize|p2|6\n|start\n|switch|p1a: Milotic|Milotic, M|100/100\n|switch|p1b: Pelipper|Pelipper, M|100/100\n|switch|p2a: Hoopa|Hoopa-Unbound|100/100\n|switch|p2b: Iron Hands|Iron Hands, shiny|100/100\n|-weather|RainDance|[from] ability: Drizzle|[of] p1b: Pelipper\n|turn|1\n|\n|t:|1771251461\n|move|p2b: Iron Hands|Fake Out|p1b: Pelipper\n|-damage|p1b: Pelipper|80/100\n|move|p1a: Milotic|Weather Ball|p2a: Hoopa\n|-damage|p2a: Hoopa|52/100\n|cant|p1b: Pelipper|flinch\n|move|p2a: Hoopa|Trick Room|p2a: Hoopa\n|-fieldstart|move: Trick Room|[of] p2a: Hoopa\n|\n|-weather|RainDance|[upkeep]\n|upkeep\n|turn|2\n|\n|t:|1771251484\n|move|p2b: Iron Hands|Volt Switch|p1b: Pelipper\n|-supereffective|p1b: Pelipper\n|-damage|p1b: Pelipper|0 fnt\n|faint|p1b: Pelipper\n|\n|t:|1771251494\n|-end|p2b: Iron Hands|Quark Drive|[silent]\n|switch|p2b: Oranguru|Oranguru, F, shiny|100/100|[from] Volt Switch\n|move|p2a: Hoopa|Hyperspace Fury|p1a: Milotic\n|-damage|p1a: Milotic|16/100\n|-unboost|p2a: Hoopa|def|1\n|move|p1a: Milotic|Muddy Water|p2b: Oranguru|[spread] p2a,p2b\n|-crit|p2b: Oranguru\n|-damage|p2a: Hoopa|19/100\n|-damage|p2b: Oranguru|47/100\n|\n|-weather|RainDance|[upkeep]\n|upkeep\n|\n|t:|1771251500\n|switch|p1b: Bruxish|Bruxish, F|100/100\n|turn|3\n|\n|t:|1771251516\n|move|p1a: Milotic|Protect|p1a: Milotic\n|-singleturn|p1a: Milotic|Protect\n|move|p1b: Bruxish|Protect|p1b: Bruxish\n|-singleturn|p1b: Bruxish|Protect\n|move|p2b: Oranguru|Expanding Force|p1a: Milotic\n|-activate|p1a: Milotic|move: Protect\n|move|p2a: Hoopa|Hyperspace Fury|p1b: Bruxish\n|-activate|p1b: Bruxish|move: Hyperspace Fury|[broken]\n|-supereffective|p1b: Bruxish\n|-crit|p1b: Bruxish\n|-enditem|p1b: Bruxish|Focus Sash\n|-damage|p1b: Bruxish|1/100\n|-unboost|p2a: Hoopa|def|1\n|\n|-weather|RainDance|[upkeep]\n|upkeep\n|turn|4\n|\n|t:|1771251546\n|move|p2b: Oranguru|Expanding Force|p1b: Bruxish\n|-resisted|p1b: Bruxish\n|-damage|p1b: Bruxish|0 fnt\n|faint|p1b: Bruxish\n|move|p2a: Hoopa|Hyperspace Fury|p1a: Milotic\n|-damage|p1a: Milotic|0 fnt\n|-unboost|p2a: Hoopa|def|1\n|faint|p1a: Milotic\n|\n|-weather|RainDance|[upkeep]\n|upkeep\n|\n|t:|1771251554\n|switch|p1a: Kilowattrel|Kilowattrel, F|100/100\n|switch|p1b: Grimmsnarl|Grimmsnarl, M|100/100\n|turn|5\n|\n|t:|1771251581\n|move|p1b: Grimmsnarl|Sucker Punch||[still]\n|-fail|p1b: Grimmsnarl\n|move|p1a: Kilowattrel|Thunderbolt|p2a: Hoopa\n|-damage|p2a: Hoopa|0 fnt\n|faint|p2a: Hoopa\n|move|p2b: Oranguru|Trick Room|p2b: Oranguru\n|-fieldend|move: Trick Room\n|\n|-weather|RainDance|[upkeep]\n|upkeep\n|inactive|alllzz has 120 seconds left.\n|\n|t:|1771251591\n|switch|p2a: Incineroar|Incineroar, M, shiny|100/100\n|-ability|p2a: Incineroar|Intimidate|boost\n|-unboost|p1a: Kilowattrel|atk|1\n|-ability|p1a: Kilowattrel|Competitive|boost\n|-boost|p1a: Kilowattrel|spa|2\n|-unboost|p1b: Grimmsnarl|atk|1\n|turn|6\n|\n|t:|1771251602\n|move|p2a: Incineroar|Fake Out|p1a: Kilowattrel\n|-damage|p1a: Kilowattrel|80/100\n|move|p1a: Kilowattrel|Thunderbolt|p2b: Oranguru\n|-damage|p2b: Oranguru|0 fnt\n|faint|p2b: Oranguru\n|move|p1b: Grimmsnarl|Crunch|p2a: Incineroar\n|-resisted|p2a: Incineroar\n|-damage|p2a: Incineroar|88/100\n|-unboost|p2a: Incineroar|def|1\n|\n|-weather|RainDance|[upkeep]\n|upkeep\n|\n|t:|1771251613\n|switch|p2b: Torkoal|Torkoal, M, shiny|100/100\n|-weather|SunnyDay|[from] ability: Drought|[of] p2b: Torkoal\n|turn|7\n|\n|t:|1771251625\n|move|p1a: Kilowattrel|Thunderbolt|p2a: Incineroar\n|-damage|p2a: Incineroar|35/100\n|-enditem|p2a: Incineroar|Sitrus Berry|[eat]\n|-heal|p2a: Incineroar|60/100|[from] item: Sitrus Berry\n|move|p1b: Grimmsnarl|Spirit Break|p2a: Incineroar\n|-damage|p2a: Incineroar|22/100\n|-unboost|p2a: Incineroar|spa|1\n|move|p2a: Incineroar|Flare Blitz|p1a: Kilowattrel\n|-damage|p1a: Kilowattrel|0 fnt\n|faint|p1a: Kilowattrel\n|-damage|p2a: Incineroar|4/100|[from] Recoil\n|move|p2b: Torkoal|Flamethrower|p1b: Grimmsnarl\n|-damage|p1b: Grimmsnarl|15/100\n|\n|-weather|SunnyDay|[upkeep]\n|upkeep\n|\n|t:|1771251629\n|switch|p1a: Sneasler|Sneasler, M|100/100\n|turn|8\n|\n|t:|1771251657\n|move|p2b: Torkoal|Protect|p2b: Torkoal\n|-singleturn|p2b: Torkoal|Protect\n|move|p1b: Grimmsnarl|Swagger|p2b: Torkoal\n|-activate|p2b: Torkoal|move: Protect\n|move|p1a: Sneasler|Dire Claw|p2a: Incineroar\n|-crit|p2a: Incineroar\n|-damage|p2a: Incineroar|0 fnt\n|faint|p2a: Incineroar\n|\n|-weather|SunnyDay|[upkeep]\n|upkeep\n|\n|t:|1771251667\n|switch|p2a: Iron Hands|Iron Hands, shiny|100/100\n|turn|9\n|\n|t:|1771251675\n|move|p1a: Sneasler|Quick Guard|p1a: Sneasler\n|-singleturn|p1a: Sneasler|Quick Guard\n|move|p2a: Iron Hands|Fake Out|p1b: Grimmsnarl\n|-activate|p1b: Grimmsnarl|move: Quick Guard\n|move|p1b: Grimmsnarl|Swagger|p2b: Torkoal\n|-boost|p2b: Torkoal|atk|2\n|-start|p2b: Torkoal|confusion\n|-enditem|p1a: Sneasler|Mirror Herb\n|-boost|p1a: Sneasler|atk|2|[from] item: Mirror Herb\n|-enditem|p1b: Grimmsnarl|Mirror Herb\n|-boost|p1b: Grimmsnarl|atk|2|[from] item: Mirror Herb\n|-activate|p2b: Torkoal|confusion\n|move|p2b: Torkoal|Eruption|p1a: Sneasler|[spread] p1a,p1b\n|-damage|p1a: Sneasler|0 fnt\n|-damage|p1b: Grimmsnarl|0 fnt\n|faint|p1a: Sneasler\n|faint|p1b: Grimmsnarl\n|\n|win|alllzz\n|raw|enexis's rating: 1670 &rarr; <strong>1653</strong><br />(-17 for losing)\n|raw|alllzz's rating: 1716 &rarr; <strong>1733</strong><br />(+17 for winning)\n|l|☆enexis\n|player|p1|\n|l|☆alllzz\n|player|p2|\n|j|☆alllzz\n|player|p2|alllzz|1|\n|l|☆alllzz\n|player|p2|\n", "uploadtime": 1771251889, "views": 7, "formatid": "gen9doublesou", "rating": 1653, "private": 0, "password": null}