{"id": "gen9doublesou-2540252668", "format": "[Gen 9] Doubles OU", "players": ["Lokart", "Jon Mateo"], "log": "|j|☆Lokart\n|j|☆Jon Mateo\n|t:|1771180979\n|gametype|doubles\n|player|p1|Lokart|2|1642\n|player|p2|Jon Mateo|265|1493\n|gen|9\n|tier|[Gen 9] Doubles OU\n|rated|\n|rule|HP Percentage Mod: HP is shown in percentages\n|rule|Endless Battle Clause: Forcing endless battles is banned\n|rule|Species Clause: Limit one of each Pokémon\n|rule|OHKO Clause: OHKO moves are banned\n|rule|Evasion Moves Clause: Evasion moves are banned\n|rule|Gravity Sleep Clause: The combination of sleep-inducing moves with imperfect accuracy and Gravity or Gigantamax Orbeetle are banned\n|rule|Evasion Abilities Clause: Evasion abilities are banned\n|clearpoke\n|poke|p1|Corviknight, F|\n|poke|p1|Cresselia, F|\n|poke|p1|Dragapult, M|\n|poke|p1|Weezing-Galar, F|\n|poke|p1|Incineroar, F|\n|poke|p1|Ursaluna-Bloodmoon, M|\n|poke|p2|Kleavor, M|\n|poke|p2|Kingdra, M|\n|poke|p2|Shiftry, F|\n|poke|p2|Chi-Yu|\n|poke|p2|Tinkaton, F|\n|poke|p2|Zapdos|\n|teampreview\n|\n|t:|1771181010\n|teamsize|p1|6\n|teamsize|p2|6\n|start\n|switch|p1a: Incineroar|Incineroar, F|100/100\n|switch|p1b: Dragapult|Dragapult, M|100/100\n|switch|p2a: Tinkaton|Tinkaton, F|100/100\n|switch|p2b: Kleavor|Kleavor, M|100/100\n|-ability|p1a: Incineroar|Intimidate|boost\n|-fail|p2a: Tinkaton|unboost|Attack|[from] ability: Own Tempo|[of] p2a: Tinkaton\n|-unboost|p2b: Kleavor|atk|1\n|turn|1\n|\n|t:|1771181027\n|-terastallize|p1b: Dragapult|Dragon\n|move|p2a: Tinkaton|Fake Out|p1a: Incineroar\n|-damage|p1a: Incineroar|91/100\n|move|p1b: Dragapult|Dragon Darts|p2b: Kleavor\n|-damage|p2b: Kleavor|33/100\n|-anim|p1b: Dragapult|Dragon Darts|p2b: Kleavor\n|-damage|p2b: Kleavor|0 fnt\n|faint|p2b: Kleavor\n|cant|p1a: Incineroar|flinch\n|\n|upkeep\n|\n|t:|1771181038\n|switch|p2b: Kingdra|Kingdra, M|100/100\n|turn|2\n|\n|t:|1771181047\n|move|p2b: Kingdra|Protect|p2b: Kingdra\n|-singleturn|p2b: Kingdra|Protect\n|move|p1b: Dragapult|Dragon Darts|p2b: Kingdra\n|-immune|p2a: Tinkaton\n|move|p2a: Tinkaton|Play Rough|p1b: Dragapult\n|-supereffective|p1b: Dragapult\n|-damage|p1b: Dragapult|1/100\n|move|p1a: Incineroar|Flare Blitz|p2a: Tinkaton\n|-supereffective|p2a: Tinkaton\n|-damage|p2a: Tinkaton|0 fnt\n|faint|p2a: Tinkaton\n|-damage|p1a: Incineroar|64/100|[from] Recoil\n|\n|upkeep\n|\n|t:|1771181059\n|switch|p2a: Shiftry|Shiftry, F|100/100\n|turn|3\n|\n|t:|1771181086\n|move|p2a: Shiftry|Sucker Punch|p1b: Dragapult\n|-damage|p1b: Dragapult|0 fnt\n|faint|p1b: Dragapult\n|move|p2b: Kingdra|Muddy Water|p1a: Incineroar|[miss]\n|-miss|p2b: Kingdra|p1a: Incineroar\n|move|p1a: Incineroar|Flare Blitz|p2a: Shiftry\n|-supereffective|p2a: Shiftry\n|-enditem|p2a: Shiftry|Focus Sash\n|-damage|p2a: Shiftry|1/100\n|-damage|p1a: Incineroar|38/100|[from] Recoil\n|\n|upkeep\n|\n|t:|1771181099\n|switch|p1b: Weezing|Weezing-Galar, F|100/100\n|-ability|p1b: Weezing|Neutralizing Gas\n|turn|4\n|\n|t:|1771181109\n|switch|p1a: Cresselia|Cresselia, F|100/100\n|-terastallize|p2b: Kingdra|Water\n|move|p2a: Shiftry|Tailwind|p2a: Shiftry\n|-sidestart|p2: Jon Mateo|move: Tailwind\n|move|p2b: Kingdra|Muddy Water|p1b: Weezing|[spread] p1a\n|-miss|p2b: Kingdra|p1b: Weezing\n|-damage|p1a: Cresselia|79/100\n|-unboost|p1a: Cresselia|accuracy|1\n|move|p1b: Weezing|Dazzling Gleam|p2a: Shiftry|[spread] p2a,p2b\n|-supereffective|p2a: Shiftry\n|-damage|p2a: Shiftry|0 fnt\n|-damage|p2b: Kingdra|80/100\n|faint|p2a: Shiftry\n|\n|-heal|p2b: Kingdra|86/100|[from] item: Leftovers\n|upkeep\n|\n|t:|1771181123\n|switch|p2a: Chi-Yu|Chi-Yu|100/100\n|turn|5\n|\n|t:|1771181132\n|move|p2a: Chi-Yu|Dark Pulse|p1a: Cresselia\n|-supereffective|p1a: Cresselia\n|-damage|p1a: Cresselia|37/100\n|move|p2b: Kingdra|Muddy Water|p1a: Cresselia|[spread] p1a,p1b\n|-damage|p1a: Cresselia|16/100\n|-damage|p1b: Weezing|63/100\n|move|p1b: Weezing|Dazzling Gleam|p2a: Chi-Yu|[spread] p2a,p2b\n|-damage|p2a: Chi-Yu|81/100\n|-damage|p2b: Kingdra|66/100\n|cant|p1a: Cresselia|flinch\n|\n|-heal|p2b: Kingdra|73/100|[from] item: Leftovers\n|-heal|p1b: Weezing|69/100|[from] item: Leftovers\n|upkeep\n|turn|6\n|\n|t:|1771181149\n|move|p2a: Chi-Yu|Dark Pulse|p1b: Weezing\n|-resisted|p1b: Weezing\n|-damage|p1b: Weezing|47/100\n|move|p2b: Kingdra|Muddy Water|p1b: Weezing|[spread] p1a,p1b\n|-damage|p1a: Cresselia|0 fnt\n|-damage|p1b: Weezing|6/100\n|faint|p1a: Cresselia\n|move|p1b: Weezing|Dazzling Gleam|p2a: Chi-Yu|[spread] p2a,p2b\n|-damage|p2a: Chi-Yu|61/100\n|-damage|p2b: Kingdra|54/100\n|\n|-heal|p2b: Kingdra|60/100|[from] item: Leftovers\n|-heal|p1b: Weezing|12/100|[from] item: Leftovers\n|upkeep\n|\n|t:|1771181168\n|switch|p1a: Corviknight|Corviknight, F, shiny|100/100\n|turn|7\n|\n|t:|1771181212\n|move|p2a: Chi-Yu|Dark Pulse|p1b: Weezing\n|-resisted|p1b: Weezing\n|-damage|p1b: Weezing|0 fnt\n|faint|p1b: Weezing\n|-end|p1b: Weezing|ability: Neutralizing Gas\n|-ability|p2a: Chi-Yu|Beads of Ruin\n|move|p2b: Kingdra|Yawn|p1a: Corviknight\n|-start|p1a: Corviknight|move: Yawn|[of] p2b: Kingdra\n|move|p1a: Corviknight|Brave Bird|p2b: Kingdra\n|-damage|p2b: Kingdra|17/100\n|-damage|p1a: Corviknight|90/100|[from] Recoil\n|\n|-heal|p2b: Kingdra|23/100|[from] item: Leftovers\n|-heal|p1a: Corviknight|96/100|[from] item: Leftovers\n|-sideend|p2: Jon Mateo|move: Tailwind\n|upkeep\n|\n|t:|1771181232\n|switch|p1b: Incineroar|Incineroar, F|38/100\n|-ability|p1b: Incineroar|Intimidate|boost\n|-unboost|p2a: Chi-Yu|atk|1\n|-unboost|p2b: Kingdra|atk|1\n|turn|8\n|\n|t:|1771181244\n|switch|p1a: Ursaluna|Ursaluna-Bloodmoon, M|100/100\n|move|p2a: Chi-Yu|Dark Pulse|p1a: Ursaluna\n|-damage|p1a: Ursaluna|27/100\n|move|p2b: Kingdra|Muddy Water|p1b: Incineroar|[spread] p1b\n|-miss|p2b: Kingdra|p1a: Ursaluna\n|-supereffective|p1b: Incineroar\n|-damage|p1b: Incineroar|0 fnt\n|faint|p1b: Incineroar\n|\n|-heal|p2b: Kingdra|29/100|[from] item: Leftovers\n|upkeep\n|-message|Lokart forfeited.\n|\n|win|Jon Mateo\n|raw|Lokart's rating: 1642 &rarr; <strong>1614</strong><br />(-28 for losing)\n|raw|Jon Mateo's rating: 1493 &rarr; <strong>1521</strong><br />(+28 for winning)\n|l|☆Lokart\n|player|p1|\n|l|☆Jon Mateo\n|player|p2|\n", "uploadtime": 1771181631, "views": 12, "formatid": "gen9doublesou", "rating": 1521, "private": 0, "password": null}