{"id": "gen9doublesou-2540684667", "format": "[Gen 9] Doubles OU", "players": ["dracarysbow", "xyyyyyz"], "log": "|j|☆dracarysbow\n|j|☆xyyyyyz\n|t:|1771239899\n|gametype|doubles\n|player|p1|dracarysbow|101|1558\n|player|p2|xyyyyyz|miku-fire|1598\n|gen|9\n|tier|[Gen 9] Doubles OU\n|rated|\n|rule|HP Percentage Mod: HP is shown in percentages\n|rule|Endless Battle Clause: Forcing endless battles is banned\n|rule|Species Clause: Limit one of each Pokémon\n|rule|OHKO Clause: OHKO moves are banned\n|rule|Evasion Moves Clause: Evasion moves are banned\n|rule|Gravity Sleep Clause: The combination of sleep-inducing moves with imperfect accuracy and Gravity or Gigantamax Orbeetle are banned\n|rule|Evasion Abilities Clause: Evasion abilities are banned\n|clearpoke\n|poke|p1|Zapdos-Galar|\n|poke|p1|Sneasler, M|\n|poke|p1|Murkrow, F|\n|poke|p1|Primarina, M|\n|poke|p1|Pelipper, M|\n|poke|p1|Walking Wake|\n|poke|p2|Glimmora, M|\n|poke|p2|Dragonite, F|\n|poke|p2|Scizor, F|\n|poke|p2|Arcanine, F|\n|poke|p2|Palafin, F|\n|poke|p2|Chien-Pao|\n|teampreview\n|inactive|Battle timer is ON: inactive players will automatically lose when time's up. (requested by xyyyyyz)\n|\n|t:|1771239922\n|teamsize|p1|6\n|teamsize|p2|6\n|start\n|switch|p1a: Murkrow|Murkrow, F|100/100\n|switch|p1b: Primarina|Primarina, M|100/100\n|switch|p2a: Palafin|Palafin, F|100/100\n|switch|p2b: Glimmora|Glimmora, M|100/100\n|turn|1\n|\n|t:|1771239933\n|move|p1a: Murkrow|Tailwind|p1a: Murkrow\n|-sidestart|p1: dracarysbow|move: Tailwind\n|move|p2a: Palafin|Flip Turn|p1b: Primarina\n|-resisted|p1b: Primarina\n|-damage|p1b: Primarina|80/100\n|\n|t:|1771239939\n|detailschange|p2a: Palafin|Palafin-Hero, F\n|switch|p2a: Scizor|Scizor, F|100/100|[from] Flip Turn\n|move|p1b: Primarina|Hyper Voice|p2b: Glimmora|[spread] p2a,p2b\n|-supereffective|p2b: Glimmora\n|-damage|p2a: Scizor|55/100\n|-damage|p2b: Glimmora|42/100\n|move|p2b: Glimmora|Mortal Spin|p1b: Primarina|[spread] p1a,p1b\n|-supereffective|p1b: Primarina\n|-damage|p1a: Murkrow|95/100\n|-damage|p1b: Primarina|69/100\n|-status|p1a: Murkrow|psn\n|-status|p1b: Primarina|psn\n|\n|-damage|p1a: Murkrow|82/100 psn|[from] psn\n|-damage|p1b: Primarina|57/100 psn|[from] psn\n|upkeep\n|turn|2\n|\n|t:|1771239954\n|switch|p1a: Pelipper|Pelipper, M|100/100\n|-weather|RainDance|[from] ability: Drizzle|[of] p1a: Pelipper\n|-terastallize|p1b: Primarina|Water\n|move|p1b: Primarina|Hyper Voice|p2b: Glimmora|[spread] p2a,p2b\n|-supereffective|p2b: Glimmora\n|-damage|p2a: Scizor|0 fnt\n|-damage|p2b: Glimmora|0 fnt\n|faint|p2a: Scizor\n|faint|p2b: Glimmora\n|\n|-weather|RainDance|[upkeep]\n|-damage|p1b: Primarina|44/100 psn|[from] psn\n|upkeep\n|\n|t:|1771239965\n|switch|p2b: Palafin|Palafin-Hero, F|100/100\n|switch|p2a: Dragonite|Dragonite, F|100/100\n|-activate|p2b: Palafin|ability: Zero to Hero\n|turn|3\n|\n|t:|1771239978\n|-terastallize|p2a: Dragonite|Normal\n|move|p2a: Dragonite|Extreme Speed|p1a: Pelipper\n|-damage|p1a: Pelipper|32/100\n|move|p2b: Palafin|Jet Punch|p1b: Primarina\n|-resisted|p1b: Primarina\n|-damage|p1b: Primarina|0 fnt\n|faint|p1b: Primarina\n|move|p1a: Pelipper|Icy Wind|p2a: Dragonite|[spread] p2a,p2b\n|-resisted|p2b: Palafin\n|-damage|p2a: Dragonite|88/100\n|-damage|p2b: Palafin|94/100\n|-unboost|p2a: Dragonite|spe|1\n|-unboost|p2b: Palafin|spe|1\n|\n|-weather|RainDance|[upkeep]\n|upkeep\n|\n|t:|1771239997\n|switch|p1b: Walking Wake|Walking Wake|100/100\n|turn|4\n|\n|t:|1771240006\n|switch|p2b: Chien-Pao|Chien-Pao|100/100\n|-ability|p2b: Chien-Pao|Sword of Ruin\n|move|p2a: Dragonite|Extreme Speed|p1b: Walking Wake\n|-damage|p1b: Walking Wake|0 fnt\n|faint|p1b: Walking Wake\n|-end|p1b: Walking Wake|Protosynthesis|[silent]\n|move|p1a: Pelipper|Muddy Water|p2a: Dragonite|[spread] p2a,p2b\n|-damage|p2a: Dragonite|42/100\n|-damage|p2b: Chien-Pao|21/100\n|-unboost|p2a: Dragonite|accuracy|1\n|\n|-weather|RainDance|[upkeep]\n|-sideend|p1: dracarysbow|move: Tailwind\n|upkeep\n|\n|t:|1771240022\n|switch|p1b: Sneasler|Sneasler, M|100/100\n|turn|5\n|\n|t:|1771240028\n|move|p1b: Sneasler|Fake Out|p2a: Dragonite\n|-enditem|p1b: Sneasler|Normal Gem|[from] gem\n|-damage|p2a: Dragonite|14/100\n|move|p2a: Dragonite|Extreme Speed|p1b: Sneasler\n|-damage|p1b: Sneasler|0 fnt\n|faint|p1b: Sneasler\n|move|p2b: Chien-Pao|Ice Spinner|p1a: Pelipper\n|-damage|p1a: Pelipper|0 fnt\n|faint|p1a: Pelipper\n|\n|-weather|RainDance|[upkeep]\n|upkeep\n|\n|t:|1771240039\n|switch|p1b: Zapdos|Zapdos-Galar|100/100\n|switch|p1a: Murkrow|Murkrow, F|82/100 psn\n|turn|6\n|\n|t:|1771240046\n|move|p2a: Dragonite|Extreme Speed|p1a: Murkrow|[miss]\n|-miss|p2a: Dragonite|p1a: Murkrow\n|move|p1a: Murkrow|Sucker Punch||[still]\n|-fail|p1a: Murkrow\n|move|p2b: Chien-Pao|Ice Spinner|p1b: Zapdos\n|-supereffective|p1b: Zapdos\n|-damage|p1b: Zapdos|0 fnt\n|faint|p1b: Zapdos\n|\n|-weather|none\n|-damage|p1a: Murkrow|70/100 psn|[from] psn\n|upkeep\n|turn|7\n|-message|dracarysbow forfeited.\n|\n|win|xyyyyyz\n|raw|dracarysbow's rating: 1558 &rarr; <strong>1540</strong><br />(-18 for losing)\n|raw|xyyyyyz's rating: 1598 &rarr; <strong>1616</strong><br />(+18 for winning)\n|l|☆dracarysbow\n|player|p1|\n|l|☆xyyyyyz\n|player|p2|\n", "uploadtime": 1771240443, "views": 9, "formatid": "gen9doublesou", "rating": 1540, "private": 0, "password": null}