{"id": "gen9doublesou-2540179209", "format": "[Gen 9] Doubles OU", "players": ["Bug Jimmy", "bladeleo"], "log": "|badge|p2|bronze|gen9doublesou|100-8\n|uhtml|medal-msg|<div class=\"broadcast-blue\">Curious what those medals under the avatar are? PS now has Ladder Seasons! For more information, check out the <a href=\"https://www.smogon.com/forums/threads/3740067/\">thread on Smogon.</a></div>\n|j|☆Bug Jimmy\n|j|☆bladeleo\n|t:|1771172505\n|gametype|doubles\n|player|p1|Bug Jimmy|bugcatcher-gen4dp|1588\n|player|p2|bladeleo|1|1791\n|gen|9\n|tier|[Gen 9] Doubles OU\n|rated|\n|rule|HP Percentage Mod: HP is shown in percentages\n|rule|Endless Battle Clause: Forcing endless battles is banned\n|rule|Species Clause: Limit one of each Pokémon\n|rule|OHKO Clause: OHKO moves are banned\n|rule|Evasion Moves Clause: Evasion moves are banned\n|rule|Gravity Sleep Clause: The combination of sleep-inducing moves with imperfect accuracy and Gravity or Gigantamax Orbeetle are banned\n|rule|Evasion Abilities Clause: Evasion abilities are banned\n|clearpoke\n|poke|p1|Volcarona, M|\n|poke|p1|Landorus, M|\n|poke|p1|Rillaboom, M|\n|poke|p1|Incineroar, M|\n|poke|p1|Roaring Moon|\n|poke|p1|Ninetales-Alola, F|\n|poke|p2|Incineroar, F|\n|poke|p2|Dondozo, M|\n|poke|p2|Tornadus, M|\n|poke|p2|Regidrago|\n|poke|p2|Diancie|\n|poke|p2|Volcanion|\n|teampreview\n|inactive|Battle timer is ON: inactive players will automatically lose when time's up. (requested by Bug Jimmy)\n|\n|t:|1771172528\n|teamsize|p1|6\n|teamsize|p2|6\n|start\n|switch|p1a: Volcarona|Volcarona, M|100/100\n|switch|p1b: Ninetales|Ninetales-Alola, F|100/100\n|switch|p2a: Regidrago|Regidrago|100/100\n|switch|p2b: Incineroar|Incineroar, F|100/100\n|-weather|Snowscape|[from] ability: Snow Warning|[of] p1b: Ninetales\n|-ability|p2b: Incineroar|Intimidate|boost\n|-unboost|p1a: Volcarona|atk|1\n|-unboost|p1b: Ninetales|atk|1\n|turn|1\n|j| Bokkimano\n|inactive|bladeleo has 120 seconds left.\n|\n|t:|1771172566\n|switch|p2a: Tornadus|Tornadus, M|100/100\n|-terastallize|p1a: Volcarona|Fairy\n|move|p2b: Incineroar|Fake Out|p1b: Ninetales\n|-damage|p1b: Ninetales|90/100\n|cant|p1b: Ninetales|flinch\n|move|p1a: Volcarona|Quiver Dance|p1a: Volcarona\n|-boost|p1a: Volcarona|spa|1\n|-boost|p1a: Volcarona|spd|1\n|-boost|p1a: Volcarona|spe|1\n|\n|-weather|Snowscape|[upkeep]\n|upkeep\n|turn|2\n|\n|t:|1771172582\n|move|p2a: Tornadus|Rain Dance|p2a: Tornadus\n|-weather|RainDance\n|move|p1a: Volcarona|Quiver Dance|p1a: Volcarona\n|-boost|p1a: Volcarona|spa|1\n|-boost|p1a: Volcarona|spd|1\n|-boost|p1a: Volcarona|spe|1\n|move|p1b: Ninetales|Encore|p2a: Tornadus\n|-start|p2a: Tornadus|Encore\n|move|p2b: Incineroar|Parting Shot|p1a: Volcarona\n|-unboost|p1a: Volcarona|atk|1\n|-unboost|p1a: Volcarona|spa|1\n|inactive|bladeleo has 120 seconds left.\n|\n|t:|1771172595\n|switch|p2b: Diancie|Diancie|100/100|[from] Parting Shot\n|\n|-weather|RainDance|[upkeep]\n|upkeep\n|turn|3\n|\n|t:|1771172613\n|switch|p1b: Rillaboom|Rillaboom, M|100/100\n|-fieldstart|move: Grassy Terrain|[from] ability: Grassy Surge|[of] p1b: Rillaboom\n|switch|p2a: Dondozo|Dondozo, M|100/100\n|-terastallize|p2b: Diancie|Flying\n|move|p1a: Volcarona|Tera Blast|p2b: Diancie|[anim] Tera Blast Fairy\n|-damage|p2b: Diancie|50/100\n|move|p2b: Diancie|Trick Room|p2b: Diancie\n|-fieldstart|move: Trick Room|[of] p2b: Diancie\n|\n|-weather|RainDance|[upkeep]\n|-heal|p2b: Diancie|56/100|[from] item: Leftovers\n|upkeep\n|turn|4\n|\n|t:|1771172642\n|switch|p2b: Incineroar|Incineroar, F|100/100\n|-ability|p2b: Incineroar|Intimidate|boost\n|-unboost|p1a: Volcarona|atk|1\n|-unboost|p1b: Rillaboom|atk|1\n|move|p2a: Dondozo|Wave Crash|p1a: Volcarona\n|-damage|p1a: Volcarona|0 fnt\n|faint|p1a: Volcarona\n|-damage|p2a: Dondozo|77/100|[from] Recoil\n|move|p1b: Rillaboom|Wood Hammer|p2a: Dondozo\n|-supereffective|p2a: Dondozo\n|-damage|p2a: Dondozo|0 fnt\n|faint|p2a: Dondozo\n|-damage|p1b: Rillaboom|69/100|[from] Recoil\n|\n|-weather|RainDance|[upkeep]\n|-heal|p1b: Rillaboom|76/100|[from] Grassy Terrain\n|upkeep\n|inactive|Bug Jimmy has 120 seconds left.\n|inactive|bladeleo has 120 seconds left.\n|\n|t:|1771172661\n|switch|p2a: Diancie|Diancie, tera:Flying|56/100\n|switch|p1a: Incineroar|Incineroar, M|100/100\n|-ability|p1a: Incineroar|Intimidate|boost\n|-fail|p2a: Diancie|unboost|[from] ability: Clear Body|[of] p2a: Diancie\n|-unboost|p2b: Incineroar|atk|1\n|turn|5\n|\n|t:|1771172673\n|move|p2b: Incineroar|Fake Out|p1a: Incineroar\n|-damage|p1a: Incineroar|94/100\n|cant|p1a: Incineroar|flinch\n|move|p2a: Diancie|Diamond Storm|p1b: Rillaboom|[spread] p1a,p1b\n|-supereffective|p1a: Incineroar\n|-damage|p1a: Incineroar|50/100\n|-damage|p1b: Rillaboom|49/100\n|-boost|p2a: Diancie|def|2\n|move|p1b: Rillaboom|U-turn|p2b: Incineroar\n|-damage|p2b: Incineroar|86/100\n|\n|t:|1771172684\n|switch|p1b: Landorus|Landorus, M|100/100|[from] U-turn\n|\n|-weather|RainDance|[upkeep]\n|-heal|p2a: Diancie|63/100|[from] item: Leftovers\n|-heal|p2b: Incineroar|92/100|[from] Grassy Terrain\n|-heal|p1a: Incineroar|56/100|[from] Grassy Terrain\n|upkeep\n|turn|6\n|\n|t:|1771172700\n|move|p2a: Diancie|Body Press|p1a: Incineroar\n|-supereffective|p1a: Incineroar\n|-damage|p1a: Incineroar|0 fnt\n|faint|p1a: Incineroar\n|move|p2b: Incineroar|Parting Shot|p1b: Landorus\n|-unboost|p1b: Landorus|atk|1\n|-unboost|p1b: Landorus|spa|1\n|\n|t:|1771172709\n|switch|p2b: Tornadus|Tornadus, M|100/100|[from] Parting Shot\n|move|p1b: Landorus|Substitute|p1b: Landorus\n|-start|p1b: Landorus|Substitute\n|-damage|p1b: Landorus|76/100\n|\n|-weather|none\n|-heal|p2a: Diancie|69/100|[from] item: Leftovers\n|upkeep\n|\n|t:|1771172714\n|switch|p1a: Ninetales|Ninetales-Alola, F|90/100\n|-weather|Snowscape|[from] ability: Snow Warning|[of] p1a: Ninetales\n|turn|7\n|\n|t:|1771172733\n|move|p2a: Diancie|Diamond Storm|p1a: Ninetales|[spread] p1a,p1b\n|-end|p1b: Landorus|Substitute\n|-supereffective|p1a: Ninetales\n|-damage|p1a: Ninetales|46/100\n|-boost|p2a: Diancie|def|2\n|move|p2b: Tornadus|Bleakwind Storm|p1a: Ninetales|[spread] p1a,p1b\n|-damage|p1a: Ninetales|13/100\n|-damage|p1b: Landorus|32/100\n|move|p1b: Landorus|Sludge Bomb|p2a: Diancie\n|-damage|p2a: Diancie|42/100\n|move|p1a: Ninetales|Icy Wind|p2b: Tornadus|[spread] p2a,p2b\n|-supereffective|p2a: Diancie\n|-supereffective|p2b: Tornadus\n|-damage|p2a: Diancie|22/100\n|-damage|p2b: Tornadus|77/100\n|-unboost|p2b: Tornadus|spe|1\n|\n|-weather|Snowscape|[upkeep]\n|-heal|p2a: Diancie|28/100|[from] item: Leftovers\n|-heal|p1a: Ninetales|19/100|[from] Grassy Terrain\n|-fieldend|move: Trick Room\n|-fieldend|move: Grassy Terrain\n|upkeep\n|turn|8\n|inactive|bladeleo has 120 seconds left.\n|\n|t:|1771172771\n|move|p1a: Ninetales|Icy Wind|p2b: Tornadus|[spread] p2a,p2b\n|-supereffective|p2a: Diancie\n|-supereffective|p2b: Tornadus\n|-damage|p2a: Diancie|10/100\n|-damage|p2b: Tornadus|54/100\n|-unboost|p2b: Tornadus|spe|1\n|move|p1b: Landorus|Sludge Bomb|p2a: Diancie\n|-damage|p2a: Diancie|0 fnt\n|faint|p2a: Diancie\n|move|p2b: Tornadus|Bleakwind Storm|p1a: Ninetales|[spread] p1b\n|-miss|p2b: Tornadus|p1a: Ninetales\n|-damage|p1b: Landorus|0 fnt\n|faint|p1b: Landorus\n|\n|-weather|Snowscape|[upkeep]\n|upkeep\n|\n|t:|1771172789\n|switch|p1b: Rillaboom|Rillaboom, M|49/100\n|switch|p2a: Volcanion|Volcanion|100/100\n|-fieldstart|move: Grassy Terrain|[from] ability: Grassy Surge|[of] p1b: Rillaboom\n|turn|9\n|\n|t:|1771172803\n|switch|p2b: Incineroar|Incineroar, F|92/100\n|-ability|p2b: Incineroar|Intimidate|boost\n|-unboost|p1a: Ninetales|atk|1\n|-unboost|p1b: Rillaboom|atk|1\n|move|p1a: Ninetales|Aurora Veil|p1a: Ninetales\n|-sidestart|p1: Bug Jimmy|move: Aurora Veil\n|move|p1b: Rillaboom|U-turn|p2a: Volcanion\n|-resisted|p2a: Volcanion\n|-damage|p2a: Volcanion|95/100\n|\n|t:|1771172809\n|switch|p1b: Roaring Moon|Roaring Moon|100/100|[from] U-turn\n|-enditem|p1b: Roaring Moon|Booster Energy\n|-activate|p1b: Roaring Moon|ability: Protosynthesis|[fromitem]\n|-start|p1b: Roaring Moon|protosynthesisspe\n|move|p2a: Volcanion|Heat Wave|p1a: Ninetales|[spread] p1b\n|-miss|p2a: Volcanion|p1a: Ninetales\n|-resisted|p1b: Roaring Moon\n|-damage|p1b: Roaring Moon|90/100\n|\n|-weather|Snowscape|[upkeep]\n|-heal|p1b: Roaring Moon|96/100|[from] Grassy Terrain\n|-heal|p1a: Ninetales|26/100|[from] Grassy Terrain\n|-heal|p2a: Volcanion|100/100|[from] Grassy Terrain\n|-heal|p2b: Incineroar|98/100|[from] Grassy Terrain\n|upkeep\n|turn|10\n|\n|t:|1771172830\n|move|p2b: Incineroar|Fake Out|p1a: Ninetales\n|-damage|p1a: Ninetales|19/100\n|move|p1b: Roaring Moon|Acrobatics|p2a: Volcanion\n|-damage|p2a: Volcanion|74/100\n|cant|p1a: Ninetales|flinch\n|move|p2a: Volcanion|Scald|p1b: Roaring Moon\n|-resisted|p1b: Roaring Moon\n|-damage|p1b: Roaring Moon|83/100\n|-status|p1b: Roaring Moon|brn\n|\n|-weather|Snowscape|[upkeep]\n|-heal|p1b: Roaring Moon|89/100 brn|[from] Grassy Terrain\n|-heal|p1a: Ninetales|25/100|[from] Grassy Terrain\n|-heal|p2a: Volcanion|80/100|[from] Grassy Terrain\n|-heal|p2a: Volcanion|86/100|[from] item: Leftovers\n|-heal|p2b: Incineroar|100/100|[from] Grassy Terrain\n|-damage|p1b: Roaring Moon|83/100 brn|[from] brn\n|upkeep\n|turn|11\n|\n|t:|1771172856\n|move|p1b: Roaring Moon|Acrobatics|p2a: Volcanion\n|-damage|p2a: Volcanion|71/100\n|move|p1a: Ninetales|Encore|p2a: Volcanion\n|-start|p2a: Volcanion|Encore\n|move|p2a: Volcanion|Scald|p1a: Ninetales\n|-damage|p1a: Ninetales|0 fnt\n|faint|p1a: Ninetales\n|move|p2b: Incineroar|Parting Shot|p1b: Roaring Moon\n|-unboost|p1b: Roaring Moon|atk|1\n|-unboost|p1b: Roaring Moon|spa|1\n|inactive|bladeleo has 120 seconds left.\n|\n|t:|1771172869\n|switch|p2b: Tornadus|Tornadus, M|54/100|[from] Parting Shot\n|\n|-weather|none\n|-heal|p1b: Roaring Moon|89/100 brn|[from] Grassy Terrain\n|-heal|p2a: Volcanion|77/100|[from] Grassy Terrain\n|-heal|p2a: Volcanion|83/100|[from] item: Leftovers\n|-damage|p1b: Roaring Moon|83/100 brn|[from] brn\n|upkeep\n|\n|t:|1771172871\n|switch|p1a: Rillaboom|Rillaboom, M|49/100\n|turn|12\n|\n|t:|1771172884\n|switch|p2a: Incineroar|Incineroar, F|100/100\n|-ability|p2a: Incineroar|Intimidate|boost\n|-unboost|p1a: Rillaboom|atk|1\n|-unboost|p1b: Roaring Moon|atk|1\n|move|p2b: Tornadus|Protect|p2b: Tornadus\n|-singleturn|p2b: Tornadus|Protect\n|move|p1a: Rillaboom|Fake Out|p2b: Tornadus\n|-activate|p2b: Tornadus|move: Protect\n|move|p1b: Roaring Moon|Breaking Swipe|p2b: Tornadus|[spread] p2a\n|-activate|p2b: Tornadus|move: Protect\n|-damage|p2a: Incineroar|95/100\n|-unboost|p2a: Incineroar|atk|1\n|\n|-heal|p1b: Roaring Moon|89/100 brn|[from] Grassy Terrain\n|-heal|p1a: Rillaboom|56/100|[from] Grassy Terrain\n|-heal|p2a: Incineroar|100/100|[from] Grassy Terrain\n|-damage|p1b: Roaring Moon|83/100 brn|[from] brn\n|upkeep\n|turn|13\n|\n|t:|1771172907\n|switch|p2b: Volcanion|Volcanion|83/100\n|move|p1a: Rillaboom|Grassy Glide|p2b: Volcanion\n|-damage|p2b: Volcanion|64/100\n|move|p1b: Roaring Moon|Breaking Swipe|p2b: Volcanion|[spread] p2a,p2b\n|-damage|p2a: Incineroar|96/100\n|-damage|p2b: Volcanion|60/100\n|-unboost|p2a: Incineroar|atk|1\n|-unboost|p2b: Volcanion|atk|1\n|move|p2a: Incineroar|Parting Shot|p1a: Rillaboom\n|-unboost|p1a: Rillaboom|atk|1\n|-unboost|p1a: Rillaboom|spa|1\n|\n|t:|1771172920\n|switch|p2a: Tornadus|Tornadus, M|54/100|[from] Parting Shot\n|\n|-heal|p1b: Roaring Moon|89/100 brn|[from] Grassy Terrain\n|-heal|p1a: Rillaboom|62/100|[from] Grassy Terrain\n|-heal|p2b: Volcanion|66/100|[from] Grassy Terrain\n|-heal|p2b: Volcanion|72/100|[from] item: Leftovers\n|-damage|p1b: Roaring Moon|83/100 brn|[from] brn\n|-fieldend|move: Grassy Terrain\n|upkeep\n|turn|14\n|\n|t:|1771172934\n|switch|p2a: Incineroar|Incineroar, F|96/100\n|-ability|p2a: Incineroar|Intimidate|boost\n|-unboost|p1a: Rillaboom|atk|1\n|-unboost|p1b: Roaring Moon|atk|1\n|move|p1b: Roaring Moon|Tailwind|p1b: Roaring Moon\n|-sidestart|p1: Bug Jimmy|move: Tailwind\n|move|p1a: Rillaboom|Wood Hammer|p2b: Volcanion\n|-damage|p2b: Volcanion|54/100\n|-damage|p1a: Rillaboom|56/100|[from] Recoil\n|move|p2b: Volcanion|Heat Wave|p1b: Roaring Moon|[spread] p1a\n|-miss|p2b: Volcanion|p1b: Roaring Moon\n|-supereffective|p1a: Rillaboom\n|-damage|p1a: Rillaboom|22/100\n|\n|-heal|p2b: Volcanion|60/100|[from] item: Leftovers\n|-damage|p1b: Roaring Moon|77/100 brn|[from] brn\n|upkeep\n|turn|15\n|\n|t:|1771172958\n|move|p2a: Incineroar|Fake Out|p1a: Rillaboom\n|-damage|p1a: Rillaboom|16/100\n|move|p1b: Roaring Moon|Breaking Swipe|p2b: Volcanion|[spread] p2a,p2b\n|-damage|p2a: Incineroar|92/100\n|-damage|p2b: Volcanion|57/100\n|-unboost|p2a: Incineroar|atk|1\n|-unboost|p2b: Volcanion|atk|1\n|cant|p1a: Rillaboom|flinch\n|move|p2b: Volcanion|Heat Wave|p1b: Roaring Moon|[spread] p1a,p1b\n|-supereffective|p1a: Rillaboom\n|-resisted|p1b: Roaring Moon\n|-damage|p1a: Rillaboom|0 fnt\n|-damage|p1b: Roaring Moon|66/100 brn\n|faint|p1a: Rillaboom\n|\n|-heal|p2b: Volcanion|63/100|[from] item: Leftovers\n|-damage|p1b: Roaring Moon|60/100 brn|[from] brn\n|upkeep\n|turn|16\n|\n|t:|1771172980\n|move|p1b: Roaring Moon|Breaking Swipe|p2a: Incineroar|[spread] p2a,p2b\n|-crit|p2b: Volcanion\n|-damage|p2a: Incineroar|88/100\n|-damage|p2b: Volcanion|50/100\n|-unboost|p2a: Incineroar|atk|1\n|-unboost|p2b: Volcanion|atk|1\n|move|p2b: Volcanion|Heat Wave|p1b: Roaring Moon\n|-resisted|p1b: Roaring Moon\n|-damage|p1b: Roaring Moon|44/100 brn\n|move|p2a: Incineroar|Parting Shot|p1b: Roaring Moon\n|-unboost|p1b: Roaring Moon|atk|1\n|-unboost|p1b: Roaring Moon|spa|1\n|\n|t:|1771172991\n|switch|p2a: Tornadus|Tornadus, M|54/100|[from] Parting Shot\n|\n|-heal|p2b: Volcanion|56/100|[from] item: Leftovers\n|-damage|p1b: Roaring Moon|37/100 brn|[from] brn\n|-sideend|p1: Bug Jimmy|move: Aurora Veil\n|upkeep\n|turn|17\n|\n|t:|1771173000\n|move|p1b: Roaring Moon|Breaking Swipe|p2b: Volcanion|[spread] p2a,p2b\n|-damage|p2a: Tornadus|50/100\n|-damage|p2b: Volcanion|53/100\n|-unboost|p2a: Tornadus|atk|1\n|-unboost|p2b: Volcanion|atk|1\n|move|p2a: Tornadus|Bleakwind Storm|p1b: Roaring Moon\n|-damage|p1b: Roaring Moon|0 fnt\n|faint|p1b: Roaring Moon\n|-end|p1b: Roaring Moon|Protosynthesis|[silent]\n|\n|win|bladeleo\n|raw|Bug Jimmy's rating: 1588 &rarr; <strong>1579</strong><br />(-9 for losing)\n|raw|bladeleo's rating: 1791 &rarr; <strong>1800</strong><br />(+9 for winning)\n|l|☆bladeleo\n|player|p2|\n|l| Bokkimano\n|l|☆Bug Jimmy\n|player|p1|\n", "uploadtime": 1771173190, "views": 10, "formatid": "gen9doublesou", "rating": 1579, "private": 0, "password": null}