{"id": "gen9doublesou-2540505917", "format": "[Gen 9] Doubles OU", "players": ["Kyyper", "lucus27"], "log": "|j|☆Kyyper\n|j|☆lucus27\n|t:|1771210497\n|gametype|doubles\n|player|p1|Kyyper|n-masters3|1672\n|player|p2|lucus27|lucas|1641\n|gen|9\n|tier|[Gen 9] Doubles OU\n|rated|\n|rule|HP Percentage Mod: HP is shown in percentages\n|rule|Endless Battle Clause: Forcing endless battles is banned\n|rule|Species Clause: Limit one of each Pokémon\n|rule|OHKO Clause: OHKO moves are banned\n|rule|Evasion Moves Clause: Evasion moves are banned\n|rule|Gravity Sleep Clause: The combination of sleep-inducing moves with imperfect accuracy and Gravity or Gigantamax Orbeetle are banned\n|rule|Evasion Abilities Clause: Evasion abilities are banned\n|clearpoke\n|poke|p1|Torkoal, M|\n|poke|p1|Charizard, M|\n|poke|p1|Indeedee-F, F|\n|poke|p1|Roaring Moon|\n|poke|p1|Armarouge, M|\n|poke|p1|Lilligant-Hisui, F|\n|poke|p2|Hydreigon, M|\n|poke|p2|Goodra-Hisui, F|\n|poke|p2|Ninetales-Alola, F|\n|poke|p2|Gastrodon-East, F|\n|poke|p2|Corviknight, F|\n|poke|p2|Tauros-Paldea-Blaze, M|\n|teampreview\n|j| Tae133\n|c|☆Kyyper|Whta\n|c|☆Kyyper|I cancel the queue\n|inactive|Battle timer is ON: inactive players will automatically lose when time's up. (requested by lucus27)\n|\n|t:|1771210525\n|teamsize|p1|6\n|teamsize|p2|6\n|start\n|switch|p1a: Moaning moon|Roaring Moon|100/100\n|switch|p1b: Golden child|Charizard, M|100/100\n|switch|p2a: Goodra|Goodra-Hisui, F|100/100\n|switch|p2b: Tauros|Tauros-Paldea-Blaze, M|100/100\n|-ability|p2b: Tauros|Intimidate|boost\n|-unboost|p1a: Moaning moon|atk|1\n|-unboost|p1b: Golden child|atk|1\n|-enditem|p1a: Moaning moon|Booster Energy\n|-activate|p1a: Moaning moon|ability: Protosynthesis|[fromitem]\n|-start|p1a: Moaning moon|protosynthesisspe\n|turn|1\n|\n|t:|1771210542\n|-terastallize|p1b: Golden child|Fire\n|move|p1a: Moaning moon|Sunny Day|p1a: Moaning moon\n|-weather|SunnyDay\n|move|p1b: Golden child|Heat Wave|p2a: Goodra|[spread] p2a,p2b\n|-resisted|p2b: Tauros\n|-damage|p2a: Goodra|46/100\n|-damage|p2b: Tauros|33/100\n|-status|p2a: Goodra|brn\n|move|p2b: Tauros|Rock Slide|p1b: Golden child|[spread] p1a,p1b\n|-supereffective|p1b: Golden child\n|-damage|p1a: Moaning moon|75/100\n|-damage|p1b: Golden child|43/100\n|move|p2a: Goodra|Dragon Pulse|p1a: Moaning moon\n|-supereffective|p1a: Moaning moon\n|-damage|p1a: Moaning moon|0 fnt\n|faint|p1a: Moaning moon\n|-end|p1a: Moaning moon|Protosynthesis|[silent]\n|\n|-weather|SunnyDay|[upkeep]\n|-damage|p1b: Golden child|31/100|[from] ability: Solar Power|[of] p1b: Golden child\n|-damage|p2a: Goodra|40/100 brn|[from] brn\n|upkeep\n|\n|t:|1771210561\n|switch|p1a: Mimir|Indeedee-F, F|100/100\n|-fieldstart|move: Psychic Terrain|[from] ability: Psychic Surge|[of] p1a: Mimir\n|turn|2\n|\n|t:|1771210570\n|move|p1a: Mimir|Helping Hand|p1b: Golden child\n|-singleturn|p1b: Golden child|Helping Hand|[of] p1a: Mimir\n|move|p2b: Tauros|Protect|p2b: Tauros\n|-singleturn|p2b: Tauros|Protect\n|move|p1b: Golden child|Heat Wave|p2b: Tauros|[spread] p2a\n|-activate|p2b: Tauros|move: Protect\n|-damage|p2a: Goodra|0 fnt\n|faint|p2a: Goodra\n|\n|-weather|SunnyDay|[upkeep]\n|-damage|p1b: Golden child|19/100|[from] ability: Solar Power|[of] p1b: Golden child\n|upkeep\n|\n|t:|1771210585\n|switch|p2a: Hydreigon|Hydreigon, M|100/100\n|turn|3\n|\n|t:|1771210594\n|switch|p2b: Ninetales|Ninetales-Alola, F, shiny|100/100\n|-weather|Snowscape|[from] ability: Snow Warning|[of] p2b: Ninetales\n|move|p1b: Golden child|Heat Wave|p2a: Hydreigon|[spread] p2a,p2b\n|-resisted|p2a: Hydreigon\n|-supereffective|p2b: Ninetales\n|-damage|p2a: Hydreigon|82/100\n|-damage|p2b: Ninetales|26/100\n|move|p2a: Hydreigon|Snarl|p1a: Mimir|[spread] p1a,p1b\n|-supereffective|p1a: Mimir\n|-damage|p1a: Mimir|66/100\n|-damage|p1b: Golden child|0 fnt\n|-unboost|p1a: Mimir|spa|1\n|faint|p1b: Golden child\n|move|p1a: Mimir|Dazzling Gleam|p2b: Ninetales|[spread] p2a,p2b\n|-supereffective|p2a: Hydreigon\n|-damage|p2a: Hydreigon|56/100\n|-damage|p2b: Ninetales|19/100\n|\n|-weather|Snowscape|[upkeep]\n|upkeep\n|\n|t:|1771210614\n|switch|p1b: Maligna|Lilligant-Hisui, F|100/100\n|turn|4\n|\n|t:|1771210625\n|move|p1b: Maligna|Close Combat|p2a: Hydreigon\n|-supereffective|p2a: Hydreigon\n|-enditem|p2a: Hydreigon|Chople Berry|[eat]\n|-enditem|p2a: Hydreigon|Chople Berry|[weaken]\n|-damage|p2a: Hydreigon|0 fnt\n|-unboost|p1b: Maligna|def|1\n|-unboost|p1b: Maligna|spd|1\n|faint|p2a: Hydreigon\n|move|p2b: Ninetales|Blizzard|p1b: Maligna|[spread] p1a,p1b\n|-supereffective|p1b: Maligna\n|-damage|p1a: Mimir|41/100\n|-enditem|p1b: Maligna|Focus Sash\n|-damage|p1b: Maligna|1/100\n|-status|p1b: Maligna|frz\n|move|p1a: Mimir|Trick Room|p1a: Mimir\n|-fieldstart|move: Trick Room|[of] p1a: Mimir\n|\n|-weather|Snowscape|[upkeep]\n|upkeep\n|\n|t:|1771210642\n|switch|p2a: Gastrodon|Gastrodon-East, F|100/100\n|turn|5\n|\n|t:|1771210653\n|switch|p1a: Walter|Torkoal, M|100/100\n|switch|p2b: Corviknight|Corviknight, F, shiny|100/100\n|move|p2a: Gastrodon|Muddy Water|p1b: Maligna|[spread] p1b\n|-miss|p2a: Gastrodon|p1a: Walter\n|-resisted|p1b: Maligna\n|-damage|p1b: Maligna|0 fnt\n|faint|p1b: Maligna\n|\n|-weather|Snowscape|[upkeep]\n|upkeep\n|\n|t:|1771210661\n|switch|p1b: Crestest|Armarouge, M|100/100\n|turn|6\n|-activate|p2a: Gastrodon|item: Quick Claw\n|\n|t:|1771210673\n|move|p2a: Gastrodon|Earth Power|p1a: Walter\n|-supereffective|p1a: Walter\n|-damage|p1a: Walter|0 fnt\n|faint|p1a: Walter\n|move|p1b: Crestest|Expanding Force|p2a: Gastrodon|[spread] p2a,p2b\n|-resisted|p2b: Corviknight\n|-damage|p2a: Gastrodon|22/100\n|-damage|p2b: Corviknight|57/100\n|-damage|p1b: Crestest|91/100|[from] item: Life Orb\n|move|p2b: Corviknight|Brave Bird|p1b: Crestest\n|-damage|p1b: Crestest|52/100\n|-damage|p2b: Corviknight|42/100|[from] Recoil\n|\n|-weather|Snowscape|[upkeep]\n|-fieldend|move: Psychic Terrain\n|upkeep\n|c|☆Kyyper|Holy\n|\n|t:|1771210685\n|switch|p1a: Mimir|Indeedee-F, F|41/100\n|-fieldstart|move: Psychic Terrain|[from] ability: Psychic Surge|[of] p1a: Mimir\n|turn|7\n|\n|t:|1771210697\n|move|p1a: Mimir|Follow Me|p1a: Mimir\n|-singleturn|p1a: Mimir|move: Follow Me\n|move|p2a: Gastrodon|Muddy Water|p1b: Crestest|[spread] p1a,p1b\n|-supereffective|p1b: Crestest\n|-damage|p1a: Mimir|14/100\n|-damage|p1b: Crestest|0 fnt\n|faint|p1b: Crestest\n|move|p2b: Corviknight|Brave Bird|p1a: Mimir\n|-damage|p1a: Mimir|0 fnt\n|-damage|p2b: Corviknight|26/100|[from] item: Rocky Helmet|[of] p1a: Mimir\n|faint|p1a: Mimir\n|-damage|p2b: Corviknight|21/100|[from] Recoil\n|\n|win|lucus27\n|raw|Kyyper's rating: 1672 &rarr; <strong>1650</strong><br />(-22 for losing)\n|raw|lucus27's rating: 1641 &rarr; <strong>1663</strong><br />(+22 for winning)\n|l|☆Kyyper\n|player|p1|\n|l| Tae133\n|l|☆lucus27\n|player|p2|\n", "uploadtime": 1771211048, "views": 16, "formatid": "gen9doublesou", "rating": 1650, "private": 0, "password": null}