{"id": "gen9doublesou-2540861480", "format": "[Gen 9] Doubles OU", "players": ["silverledragon2", "vala21"], "log": "|badge|p2|bronze|gen9doublesou|100-8\n|uhtml|medal-msg|<div class=\"broadcast-blue\">Curious what those medals under the avatar are? PS now has Ladder Seasons! For more information, check out the <a href=\"https://www.smogon.com/forums/threads/3740067/\">thread on Smogon.</a></div>\n|j|☆silverledragon2\n|j|☆vala21\n|t:|1771261557\n|gametype|doubles\n|player|p1|silverledragon2|266|1510\n|player|p2|vala21|102|1803\n|gen|9\n|tier|[Gen 9] Doubles OU\n|rated|\n|rule|HP Percentage Mod: HP is shown in percentages\n|rule|Endless Battle Clause: Forcing endless battles is banned\n|rule|Species Clause: Limit one of each Pokémon\n|rule|OHKO Clause: OHKO moves are banned\n|rule|Evasion Moves Clause: Evasion moves are banned\n|rule|Gravity Sleep Clause: The combination of sleep-inducing moves with imperfect accuracy and Gravity or Gigantamax Orbeetle are banned\n|rule|Evasion Abilities Clause: Evasion abilities are banned\n|clearpoke\n|poke|p1|Deoxys|\n|poke|p1|Indeedee-F, F|\n|poke|p1|Chi-Yu|\n|poke|p1|Regidrago|\n|poke|p1|Sneasler, M|\n|poke|p1|Whimsicott, M|\n|poke|p2|Hoopa-Unbound|\n|poke|p2|Indeedee-F, F|\n|poke|p2|Torkoal, F|\n|poke|p2|Diancie|\n|poke|p2|Hatterene, F|\n|poke|p2|Ursaluna, M|\n|teampreview\n|\n|t:|1771261579\n|teamsize|p1|6\n|teamsize|p2|6\n|start\n|switch|p1a: Deoxys|Deoxys|100/100\n|switch|p1b: Chi-Yu|Chi-Yu|100/100\n|switch|p2a: Indeedee|Indeedee-F, F|100/100\n|switch|p2b: Hoopa|Hoopa-Unbound|100/100\n|-ability|p1a: Deoxys|Pressure\n|-ability|p1b: Chi-Yu|Beads of Ruin\n|-fieldstart|move: Psychic Terrain|[from] ability: Psychic Surge|[of] p2a: Indeedee\n|-enditem|p2b: Hoopa|Psychic Seed\n|-boost|p2b: Hoopa|spd|1|[from] item: Psychic Seed\n|turn|1\n|inactive|Battle timer is ON: inactive players will automatically lose when time's up. (requested by vala21)\n|\n|t:|1771261590\n|-terastallize|p1b: Chi-Yu|Fire\n|move|p2a: Indeedee|Follow Me|p2a: Indeedee\n|-singleturn|p2a: Indeedee|move: Follow Me\n|move|p1a: Deoxys|Superpower|p2a: Indeedee\n|-damage|p2a: Indeedee|60/100\n|-unboost|p1a: Deoxys|atk|1\n|-unboost|p1a: Deoxys|def|1\n|move|p1b: Chi-Yu|Heat Wave|p2a: Indeedee|[spread] p2a,p2b\n|-damage|p2a: Indeedee|0 fnt\n|-damage|p2b: Hoopa|53/100\n|faint|p2a: Indeedee\n|-damage|p1b: Chi-Yu|91/100|[from] item: Life Orb\n|move|p2b: Hoopa|Trick Room|p2b: Hoopa\n|-fieldstart|move: Trick Room|[of] p2b: Hoopa\n|\n|upkeep\n|\n|t:|1771261605\n|switch|p2a: Ursaluna|Ursaluna, M|100/100\n|turn|2\n|\n|t:|1771261622\n|move|p1b: Chi-Yu|Protect|p1b: Chi-Yu\n|-singleturn|p1b: Chi-Yu|Protect\n|move|p2a: Ursaluna|Facade|p1a: Deoxys\n|-damage|p1a: Deoxys|0 fnt\n|faint|p1a: Deoxys\n|move|p2b: Hoopa|Expanding Force|p1b: Chi-Yu\n|-activate|p1b: Chi-Yu|move: Protect\n|\n|-status|p2a: Ursaluna|brn|[from] item: Flame Orb\n|upkeep\n|\n|t:|1771261632\n|switch|p1a: Whimsicott|Whimsicott, M|100/100\n|turn|3\n|\n|t:|1771261637\n|move|p2a: Ursaluna|Facade|p1a: Whimsicott\n|-enditem|p1a: Whimsicott|Focus Sash\n|-damage|p1a: Whimsicott|1/100\n|move|p2b: Hoopa|Expanding Force|p1b: Chi-Yu|[spread] p1a,p1b\n|-damage|p1a: Whimsicott|0 fnt\n|-damage|p1b: Chi-Yu|3/100\n|faint|p1a: Whimsicott\n|-item|p2b: Hoopa|Life Orb|[from] ability: Magician|[of] p1b: Chi-Yu\n|move|p1b: Chi-Yu|Heat Wave|p2b: Hoopa|[spread] p2a\n|-miss|p1b: Chi-Yu|p2b: Hoopa\n|-damage|p2a: Ursaluna|38/100 brn\n|\n|-damage|p2a: Ursaluna|32/100 brn|[from] brn\n|upkeep\n|\n|t:|1771261654\n|switch|p1a: Sneasler|Sneasler, M|100/100\n|-enditem|p1a: Sneasler|Psychic Seed\n|-boost|p1a: Sneasler|spd|1|[from] item: Psychic Seed\n|turn|4\n|\n|t:|1771261664\n|move|p1b: Chi-Yu|Protect|p1b: Chi-Yu\n|-singleturn|p1b: Chi-Yu|Protect\n|move|p2a: Ursaluna|Facade|p1a: Sneasler\n|-damage|p1a: Sneasler|0 fnt\n|faint|p1a: Sneasler\n|move|p2b: Hoopa|Expanding Force|p1b: Chi-Yu\n|-activate|p1b: Chi-Yu|move: Protect\n|\n|-damage|p2a: Ursaluna|26/100 brn|[from] brn\n|upkeep\n|\n|t:|1771261672\n|switch|p1a: Indeedee|Indeedee-F, F|100/100\n|turn|5\n|\n|t:|1771261683\n|switch|p1b: Regidrago|Regidrago|100/100\n|move|p1a: Indeedee|Follow Me|p1a: Indeedee\n|-singleturn|p1a: Indeedee|move: Follow Me\n|move|p2a: Ursaluna|Facade|p1a: Indeedee\n|-damage|p1a: Indeedee|0 fnt\n|faint|p1a: Indeedee\n|move|p2b: Hoopa|Expanding Force|p1b: Regidrago\n|-damage|p1b: Regidrago|0 fnt\n|faint|p1b: Regidrago\n|-damage|p2b: Hoopa|43/100|[from] item: Life Orb\n|\n|-damage|p2a: Ursaluna|20/100 brn|[from] brn\n|-fieldend|move: Trick Room\n|upkeep\n|\n|t:|1771261692\n|switch|p1b: Chi-Yu|Chi-Yu, tera:Fire|3/100\n|-ability|p1b: Chi-Yu|Beads of Ruin\n|turn|6\n|\n|t:|1771261697\n|move|p1b: Chi-Yu|Heat Wave|p2b: Hoopa|[spread] p2a,p2b\n|-damage|p2a: Ursaluna|0 fnt\n|-damage|p2b: Hoopa|10/100\n|faint|p2a: Ursaluna\n|move|p2b: Hoopa|Dark Pulse|p1b: Chi-Yu\n|-damage|p1b: Chi-Yu|0 fnt\n|faint|p1b: Chi-Yu\n|-damage|p2b: Hoopa|0 fnt|[from] item: Life Orb\n|faint|p2b: Hoopa\n|\n|win|vala21\n|raw|silverledragon2's rating: 1510 &rarr; <strong>1504</strong><br />(-6 for losing)\n|raw|vala21's rating: 1803 &rarr; <strong>1809</strong><br />(+6 for winning)\n|l|☆vala21\n|player|p2|\n", "uploadtime": 1771262038, "views": 4, "formatid": "gen9doublesou", "rating": 1504, "private": 0, "password": null}