{"id": "gen9doublesou-2540704722", "format": "[Gen 9] Doubles OU", "players": ["Kochu_shak", "Nitroneonblade"], "log": "|badge|p1|silver|gen9doublesou|30-8\n|uhtml|medal-msg|<div class=\"broadcast-blue\">Curious what those medals under the avatar are? PS now has Ladder Seasons! For more information, check out the <a href=\"https://www.smogon.com/forums/threads/3740067/\">thread on Smogon.</a></div>\n|j|☆Kochu_shak\n|j|☆Nitroneonblade\n|t:|1771243159\n|gametype|doubles\n|player|p1|Kochu_shak|morty-masters2|1833\n|player|p2|Nitroneonblade|n|1573\n|gen|9\n|tier|[Gen 9] Doubles OU\n|rated|\n|rule|HP Percentage Mod: HP is shown in percentages\n|rule|Endless Battle Clause: Forcing endless battles is banned\n|rule|Species Clause: Limit one of each Pokémon\n|rule|OHKO Clause: OHKO moves are banned\n|rule|Evasion Moves Clause: Evasion moves are banned\n|rule|Gravity Sleep Clause: The combination of sleep-inducing moves with imperfect accuracy and Gravity or Gigantamax Orbeetle are banned\n|rule|Evasion Abilities Clause: Evasion abilities are banned\n|clearpoke\n|poke|p1|Ogerpon-Wellspring, F|\n|poke|p1|Glimmora, F|\n|poke|p1|Tornadus, M|\n|poke|p1|Landorus, M|\n|poke|p1|Kingambit, M|\n|poke|p1|Chi-Yu|\n|poke|p2|Enamorus-Therian, F|\n|poke|p2|Raging Bolt|\n|poke|p2|Incineroar, M|\n|poke|p2|Ogerpon-Wellspring, F|\n|poke|p2|Cresselia, F|\n|poke|p2|Okidogi, M|\n|teampreview\n|inactive|Battle timer is ON: inactive players will automatically lose when time's up. (requested by Nitroneonblade)\n|inactive|Kochu_shak also wants the timer to be on.\n|inactive|Kochu_shak has 120 seconds left.\n|inactive|Nitroneonblade has 120 seconds left.\n|inactive|Kochu_shak has 90 seconds left.\n|inactive|Nitroneonblade has 90 seconds left.\n|inactive|Kochu_shak has 60 seconds left.\n|\n|t:|1771243266\n|teamsize|p1|6\n|teamsize|p2|6\n|start\n|switch|p1a: Glimmora|Glimmora, F, shiny|100/100\n|switch|p1b: Landorus|Landorus, M, shiny|100/100\n|switch|p2a: Ogerpon|Ogerpon-Wellspring, F|100/100\n|switch|p2b: Enamorus|Enamorus-Therian, F|100/100\n|turn|1\n|\n|t:|1771243277\n|move|p1b: Landorus|Protect|p1b: Landorus\n|-singleturn|p1b: Landorus|Protect\n|move|p2b: Enamorus|Protect|p2b: Enamorus\n|-singleturn|p2b: Enamorus|Protect\n|move|p2a: Ogerpon|Ivy Cudgel|p1a: Glimmora|[anim] Ivy Cudgel Water\n|-supereffective|p1a: Glimmora\n|-damage|p1a: Glimmora|0 fnt\n|-activate|p1a: Glimmora|ability: Toxic Debris\n|-sidestart|p2: Nitroneonblade|move: Toxic Spikes\n|faint|p1a: Glimmora\n|\n|upkeep\n|inactive|Kochu_shak has 120 seconds left.\n|\n|t:|1771243287\n|switch|p1a: Ogerpon|Ogerpon-Wellspring, F|100/100\n|turn|2\n|j| punyakoko\n|\n|t:|1771243297\n|switch|p2b: Okidogi|Okidogi, M|100/100\n|-sideend|p2: Nitroneonblade|move: Toxic Spikes|[of] p2b: Okidogi\n|-terastallize|p1b: Landorus|Poison\n|move|p1a: Ogerpon|Follow Me|p1a: Ogerpon\n|-singleturn|p1a: Ogerpon|move: Follow Me\n|move|p2a: Ogerpon|Horn Leech|p1a: Ogerpon\n|-damage|p1a: Ogerpon|56/100\n|move|p1b: Landorus|Sludge Bomb|p2b: Okidogi\n|-resisted|p2b: Okidogi\n|-damage|p2b: Okidogi|65/100\n|\n|upkeep\n|turn|3\n|inactive|Nitroneonblade has 120 seconds left.\n|inactive|Nitroneonblade has 90 seconds left.\n|\n|t:|1771243366\n|switch|p2b: Cresselia|Cresselia, F|100/100\n|move|p1a: Ogerpon|Follow Me|p1a: Ogerpon\n|-singleturn|p1a: Ogerpon|move: Follow Me\n|move|p2a: Ogerpon|Ivy Cudgel|p1a: Ogerpon|[anim] Ivy Cudgel Water\n|-heal|p1a: Ogerpon|81/100|[from] ability: Water Absorb|[of] p2a: Ogerpon\n|move|p1b: Landorus|Sludge Bomb|p2a: Ogerpon\n|-supereffective|p2a: Ogerpon\n|-damage|p2a: Ogerpon|0 fnt\n|faint|p2a: Ogerpon\n|\n|upkeep\n|l| punyakoko\n|j| punyakoko\n|\n|t:|1771243377\n|switch|p2a: Enamorus|Enamorus-Therian, F|100/100\n|turn|4\n|\n|t:|1771243397\n|-terastallize|p2a: Enamorus|Steel\n|move|p1a: Ogerpon|Ivy Cudgel|p2b: Cresselia|[anim] Ivy Cudgel Water\n|-crit|p2b: Cresselia\n|-damage|p2b: Cresselia|48/100\n|move|p1b: Landorus|Sludge Bomb|p2b: Cresselia\n|-damage|p2b: Cresselia|0 fnt\n|faint|p2b: Cresselia\n|move|p2a: Enamorus|Calm Mind|p2a: Enamorus\n|-boost|p2a: Enamorus|spa|1\n|-boost|p2a: Enamorus|spd|1\n|\n|upkeep\n|\n|t:|1771243407\n|switch|p2b: Incineroar|Incineroar, M|100/100\n|-ability|p2b: Incineroar|Intimidate|boost\n|-unboost|p1a: Ogerpon|atk|1\n|-unboost|p1b: Landorus|atk|1\n|turn|5\n|l| punyakoko\n|j| punyakoko\n|\n|t:|1771243421\n|switch|p1a: Chi-Yu|Chi-Yu|100/100\n|-ability|p1a: Chi-Yu|Beads of Ruin\n|move|p1b: Landorus|Protect|p1b: Landorus\n|-singleturn|p1b: Landorus|Protect\n|move|p2b: Incineroar|Fake Out|p1b: Landorus\n|-activate|p1b: Landorus|move: Protect\n|move|p2a: Enamorus|Earth Power|p1b: Landorus\n|-activate|p1b: Landorus|move: Protect\n|\n|upkeep\n|turn|6\n|\n|t:|1771243435\n|move|p2a: Enamorus|Protect|p2a: Enamorus\n|-singleturn|p2a: Enamorus|Protect\n|move|p1b: Landorus|Sandsear Storm|p2a: Enamorus|[spread] \n|-activate|p2a: Enamorus|move: Protect\n|-miss|p1b: Landorus|p2b: Incineroar\n|move|p1a: Chi-Yu|Overheat|p2a: Enamorus\n|-activate|p2a: Enamorus|move: Protect\n|move|p2b: Incineroar|Flare Blitz|p1b: Landorus\n|-damage|p1b: Landorus|32/100\n|-damage|p2b: Incineroar|82/100|[from] Recoil\n|\n|upkeep\n|turn|7\n|l| punyakoko\n|j| punyakoko\n|inactive|Kochu_shak has 120 seconds left.\n|\n|t:|1771243478\n|move|p1b: Landorus|Sandsear Storm|p2a: Enamorus|[spread] p2a,p2b\n|-supereffective|p2a: Enamorus\n|-supereffective|p2b: Incineroar\n|-damage|p2a: Enamorus|13/100\n|-damage|p2b: Incineroar|0 fnt\n|faint|p2b: Incineroar\n|move|p1a: Chi-Yu|Overheat|p2a: Enamorus\n|-supereffective|p2a: Enamorus\n|-damage|p2a: Enamorus|0 fnt\n|-unboost|p1a: Chi-Yu|spa|2\n|faint|p2a: Enamorus\n|\n|upkeep\n|\n|t:|1771243487\n|switch|p2b: Okidogi|Okidogi, M|65/100\n|switch|p2a: Raging Bolt|Raging Bolt|100/100\n|turn|8\n|l| punyakoko\n|inactive|Kochu_shak has 120 seconds left.\n|l|☆Kochu_shak\n|inactive|Kochu_shak disconnected and has a minute to reconnect!\n|player|p1|\n|inactive|Kochu_shak has 30 seconds to reconnect!\n|inactive|Kochu_shak has 20 seconds to reconnect!\n|inactive|Kochu_shak has 15 seconds to reconnect!\n|inactive|Kochu_shak has 10 seconds to reconnect!\n|j|☆Kochu_shak\n|inactive|Kochu_shak reconnected and has 50 seconds left.\n|player|p1|Kochu_shak|morty-masters2|\n|\n|t:|1771243593\n|switch|p1b: Ogerpon|Ogerpon-Wellspring, F|81/100\n|switch|p1a: Kingambit|Kingambit, M, shiny|100/100\n|move|p2a: Raging Bolt|Thunderclap||[still]\n|-fail|p2a: Raging Bolt\n|move|p2b: Okidogi|Drain Punch|p1a: Kingambit\n|-supereffective|p1a: Kingambit\n|-damage|p1a: Kingambit|0 fnt\n|-heal|p2b: Okidogi|100/100|[from] drain|[of] p1a: Kingambit\n|faint|p1a: Kingambit\n|\n|upkeep\n|inactive|Kochu_shak has 30 seconds left.\n|l|☆Kochu_shak\n|inactive|Kochu_shak disconnected and has a minute to reconnect!\n|player|p1|\n|inactive|Kochu_shak has 20 seconds left.\n|inactive|Kochu_shak has 15 seconds left.\n|j|☆Kochu_shak\n|inactive|Kochu_shak reconnected and has 15 seconds left.\n|player|p1|Kochu_shak|morty-masters2|\n|inactive|Kochu_shak has 10 seconds left.\n|inactive|Kochu_shak has 5 seconds left.\n|-message|Kochu_shak lost due to inactivity.\n|\n|win|Nitroneonblade\n|raw|Kochu_shak's rating: 1833 &rarr; <strong>1800</strong><br />(-33 for losing)\n|raw|Nitroneonblade's rating: 1573 &rarr; <strong>1606</strong><br />(+33 for winning)\n|c|☆Nitroneonblade|Sry\n|l|☆Nitroneonblade\n|player|p2|\n", "uploadtime": 1771243985, "views": 7, "formatid": "gen9doublesou", "rating": 1606, "private": 0, "password": null}