{"id": "gen9doublesou-2540788018", "format": "[Gen 9] Doubles OU", "players": ["jotto", "bladeleo"], "log": "|badge|p1|bronze|gen9doublesou|100-8\n|uhtml|medal-msg|<div class=\"broadcast-blue\">Curious what those medals under the avatar are? PS now has Ladder Seasons! For more information, check out the <a href=\"https://www.smogon.com/forums/threads/3740067/\">thread on Smogon.</a></div>\n|badge|p2|bronze|gen9doublesou|100-8\n|uhtml|medal-msg|<div class=\"broadcast-blue\">Curious what those medals under the avatar are? PS now has Ladder Seasons! For more information, check out the <a href=\"https://www.smogon.com/forums/threads/3740067/\">thread on Smogon.</a></div>\n|j|☆jotto\n|j|☆bladeleo\n|t:|1771254052\n|gametype|doubles\n|player|p1|jotto|1|1744\n|player|p2|bladeleo|1|1715\n|gen|9\n|tier|[Gen 9] Doubles OU\n|rated|\n|rule|HP Percentage Mod: HP is shown in percentages\n|rule|Endless Battle Clause: Forcing endless battles is banned\n|rule|Species Clause: Limit one of each Pokémon\n|rule|OHKO Clause: OHKO moves are banned\n|rule|Evasion Moves Clause: Evasion moves are banned\n|rule|Gravity Sleep Clause: The combination of sleep-inducing moves with imperfect accuracy and Gravity or Gigantamax Orbeetle are banned\n|rule|Evasion Abilities Clause: Evasion abilities are banned\n|clearpoke\n|poke|p1|Whimsicott, F|\n|poke|p1|Metagross|\n|poke|p1|Incineroar, M|\n|poke|p1|Ogerpon-Wellspring, F|\n|poke|p1|Gouging Fire|\n|poke|p1|Gholdengo|\n|poke|p2|Incineroar, M|\n|poke|p2|Dondozo, F|\n|poke|p2|Tornadus, M|\n|poke|p2|Regidrago|\n|poke|p2|Diancie|\n|poke|p2|Volcanion|\n|teampreview\n|inactive|Battle timer is ON: inactive players will automatically lose when time's up. (requested by jotto)\n|inactive|bladeleo has 120 seconds left.\n|\n|t:|1771254112\n|teamsize|p1|6\n|teamsize|p2|6\n|start\n|switch|p1a: Metagross|Metagross|100/100\n|switch|p1b: Ogerpon|Ogerpon-Wellspring, F|100/100\n|switch|p2a: Volcanion|Volcanion|100/100\n|switch|p2b: Incineroar|Incineroar, M|100/100\n|-ability|p2b: Incineroar|Intimidate|boost\n|-fail|p1a: Metagross|unboost|[from] ability: Clear Body|[of] p1a: Metagross\n|-unboost|p1b: Ogerpon|atk|1\n|turn|1\n|\n|t:|1771254131\n|switch|p2b: Dondozo|Dondozo, F|100/100\n|-terastallize|p1a: Metagross|Fairy\n|-terastallize|p2a: Volcanion|Ground\n|move|p1b: Ogerpon|Spiky Shield|p1b: Ogerpon\n|-singleturn|p1b: Ogerpon|move: Protect\n|move|p1a: Metagross|Earthquake|p2b: Dondozo|[spread] p2a,p2b\n|-activate|p1b: Ogerpon|move: Protect\n|-damage|p2a: Volcanion|76/100\n|-damage|p2b: Dondozo|81/100\n|-damage|p1a: Metagross|91/100|[from] item: Life Orb\n|move|p2a: Volcanion|Scald|p1a: Metagross\n|-damage|p1a: Metagross|36/100\n|\n|-heal|p2a: Volcanion|82/100|[from] item: Leftovers\n|upkeep\n|turn|2\n|\n|t:|1771254157\n|switch|p1b: Gholdengo|Gholdengo|100/100\n|switch|p2b: Tornadus|Tornadus, M|100/100\n|move|p1a: Metagross|Explosion|p2a: Volcanion|[spread] p2a,p2b\n|-immune|p1b: Gholdengo\n|-damage|p2a: Volcanion|26/100\n|-damage|p2b: Tornadus|5/100\n|faint|p1a: Metagross\n|move|p2a: Volcanion|Heat Wave|p1b: Gholdengo\n|-supereffective|p1b: Gholdengo\n|-damage|p1b: Gholdengo|6/100\n|\n|-heal|p1b: Gholdengo|12/100|[from] item: Leftovers\n|-heal|p2a: Volcanion|32/100|[from] item: Leftovers\n|upkeep\n|\n|t:|1771254172\n|switch|p1a: Whimsicott|Whimsicott, F|100/100\n|turn|3\n|\n|t:|1771254178\n|switch|p2a: Incineroar|Incineroar, M|100/100\n|-ability|p2a: Incineroar|Intimidate|boost\n|-unboost|p1a: Whimsicott|atk|1\n|-unboost|p1b: Gholdengo|atk|1\n|move|p2b: Tornadus|Protect|p2b: Tornadus\n|-singleturn|p2b: Tornadus|Protect\n|move|p1a: Whimsicott|Tailwind|p1a: Whimsicott\n|-sidestart|p1: jotto|move: Tailwind\n|move|p1b: Gholdengo|Make It Rain|p2b: Tornadus|[spread] p2a\n|-activate|p2b: Tornadus|move: Protect\n|-resisted|p2a: Incineroar\n|-damage|p2a: Incineroar|82/100\n|-unboost|p1b: Gholdengo|spa|1\n|\n|-heal|p1b: Gholdengo|18/100|[from] item: Leftovers\n|upkeep\n|turn|4\n|\n|t:|1771254196\n|switch|p1b: Gouging Fire|Gouging Fire|100/100\n|-enditem|p1b: Gouging Fire|Booster Energy\n|-activate|p1b: Gouging Fire|ability: Protosynthesis|[fromitem]\n|-start|p1b: Gouging Fire|protosynthesisspe\n|switch|p2b: Diancie|Diancie|100/100\n|move|p1a: Whimsicott|Encore||[still]\n|-fail|p1a: Whimsicott\n|move|p2a: Incineroar|Snarl|p1b: Gouging Fire|[spread] p1a,p1b\n|-resisted|p1a: Whimsicott\n|-damage|p1a: Whimsicott|93/100\n|-damage|p1b: Gouging Fire|89/100\n|-unboost|p1b: Gouging Fire|spa|1\n|\n|upkeep\n|turn|5\n|\n|t:|1771254216\n|switch|p1a: Ogerpon|Ogerpon-Wellspring, F|100/100\n|move|p1b: Gouging Fire|Howl|p1b: Gouging Fire|[spread] p1a,p1b\n|-boost|p1a: Ogerpon|atk|1\n|-boost|p1b: Gouging Fire|atk|1\n|move|p2a: Incineroar|Parting Shot|p1b: Gouging Fire\n|-unboost|p1b: Gouging Fire|atk|1\n|-unboost|p1b: Gouging Fire|spa|1\n|\n|t:|1771254226\n|switch|p2a: Tornadus|Tornadus, M|5/100|[from] Parting Shot\n|move|p2b: Diancie|Diamond Storm|p1b: Gouging Fire|[spread] p1a,p1b\n|-supereffective|p1b: Gouging Fire\n|-damage|p1a: Ogerpon|70/100\n|-damage|p1b: Gouging Fire|50/100\n|-boost|p2b: Diancie|def|2\n|\n|upkeep\n|turn|6\n|\n|t:|1771254239\n|switch|p2a: Incineroar|Incineroar, M|82/100\n|-ability|p2a: Incineroar|Intimidate|boost\n|-unboost|p1a: Ogerpon|atk|1\n|-unboost|p1b: Gouging Fire|atk|1\n|move|p1b: Gouging Fire|Howl|p1b: Gouging Fire|[spread] p1a,p1b\n|-boost|p1a: Ogerpon|atk|1\n|-boost|p1b: Gouging Fire|atk|1\n|move|p1a: Ogerpon|Horn Leech|p2b: Diancie\n|-supereffective|p2b: Diancie\n|-damage|p2b: Diancie|63/100\n|-heal|p1a: Ogerpon|86/100|[from] drain|[of] p2b: Diancie\n|move|p2b: Diancie|Trick Room|p2b: Diancie\n|-fieldstart|move: Trick Room|[of] p2b: Diancie\n|\n|-heal|p2b: Diancie|69/100|[from] item: Leftovers\n|-sideend|p1: jotto|move: Tailwind\n|upkeep\n|turn|7\n|\n|t:|1771254260\n|move|p2b: Diancie|Diamond Storm|p1a: Ogerpon|[spread] p1a,p1b\n|-supereffective|p1b: Gouging Fire\n|-damage|p1a: Ogerpon|57/100\n|-damage|p1b: Gouging Fire|6/100\n|-boost|p2b: Diancie|def|2\n|move|p2a: Incineroar|Flare Blitz|p1b: Gouging Fire\n|-resisted|p1b: Gouging Fire\n|-damage|p1b: Gouging Fire|0 fnt\n|faint|p1b: Gouging Fire\n|-end|p1b: Gouging Fire|Protosynthesis|[silent]\n|-damage|p2a: Incineroar|80/100|[from] Recoil\n|move|p1a: Ogerpon|Horn Leech|p2b: Diancie\n|-supereffective|p2b: Diancie\n|-damage|p2b: Diancie|40/100\n|-heal|p1a: Ogerpon|69/100|[from] drain|[of] p2b: Diancie\n|\n|-heal|p2b: Diancie|46/100|[from] item: Leftovers\n|upkeep\n|\n|t:|1771254274\n|switch|p1b: Incineroar|Incineroar, M|100/100\n|-ability|p1b: Incineroar|Intimidate|boost\n|-unboost|p2a: Incineroar|atk|1\n|-fail|p2b: Diancie|unboost|[from] ability: Clear Body|[of] p2b: Diancie\n|turn|8\n|\n|t:|1771254291\n|move|p2b: Diancie|Body Press|p1b: Incineroar\n|-supereffective|p1b: Incineroar\n|-damage|p1b: Incineroar|0 fnt\n|faint|p1b: Incineroar\n|move|p2a: Incineroar|Flare Blitz|p1a: Ogerpon\n|-damage|p1a: Ogerpon|35/100\n|-damage|p2a: Incineroar|70/100|[from] Recoil\n|move|p1a: Ogerpon|Ivy Cudgel|p2b: Diancie|[anim] Ivy Cudgel Water\n|-supereffective|p2b: Diancie\n|-damage|p2b: Diancie|10/100\n|\n|-heal|p2b: Diancie|17/100|[from] item: Leftovers\n|upkeep\n|\n|t:|1771254303\n|switch|p1b: Whimsicott|Whimsicott, F|93/100\n|turn|9\n|\n|t:|1771254310\n|move|p1a: Ogerpon|Spiky Shield|p1a: Ogerpon\n|-singleturn|p1a: Ogerpon|move: Protect\n|move|p1b: Whimsicott|Encore|p2b: Diancie\n|-start|p2b: Diancie|Encore\n|move|p2b: Diancie|Body Press|p1a: Ogerpon\n|-activate|p1a: Ogerpon|move: Protect\n|-damage|p2b: Diancie|4/100|[from] Spiky Shield|[of] p1a: Ogerpon\n|move|p2a: Incineroar|Flare Blitz|p1b: Whimsicott\n|-supereffective|p1b: Whimsicott\n|-damage|p1b: Whimsicott|32/100\n|-damage|p2a: Incineroar|54/100|[from] Recoil\n|\n|-heal|p2b: Diancie|10/100|[from] item: Leftovers\n|upkeep\n|turn|10\n|\n|t:|1771254331\n|switch|p1a: Gholdengo|Gholdengo|18/100\n|move|p1b: Whimsicott|Tailwind|p1b: Whimsicott\n|-sidestart|p1: jotto|move: Tailwind\n|move|p2b: Diancie|Body Press|p1a: Gholdengo\n|-immune|p1a: Gholdengo\n|move|p2a: Incineroar|Flare Blitz|p1a: Gholdengo\n|-supereffective|p1a: Gholdengo\n|-damage|p1a: Gholdengo|0 fnt\n|faint|p1a: Gholdengo\n|-damage|p2a: Incineroar|48/100|[from] Recoil\n|\n|-heal|p2b: Diancie|17/100|[from] item: Leftovers\n|-fieldend|move: Trick Room\n|upkeep\n|\n|t:|1771254334\n|switch|p1a: Ogerpon|Ogerpon-Wellspring, F|35/100\n|turn|11\n|\n|t:|1771254352\n|switch|p2a: Volcanion|Volcanion, tera:Ground|32/100\n|move|p1a: Ogerpon|Ivy Cudgel|p2a: Volcanion|[anim] Ivy Cudgel Water\n|-heal|p2a: Volcanion|57/100|[from] ability: Water Absorb|[of] p1a: Ogerpon\n|move|p1b: Whimsicott|Moonblast|p2b: Diancie\n|-damage|p2b: Diancie|0 fnt\n|faint|p2b: Diancie\n|\n|-heal|p2a: Volcanion|63/100|[from] item: Leftovers\n|upkeep\n|\n|t:|1771254362\n|switch|p2b: Incineroar|Incineroar, M|48/100\n|-ability|p2b: Incineroar|Intimidate|boost\n|-unboost|p1a: Ogerpon|atk|1\n|-unboost|p1b: Whimsicott|atk|1\n|turn|12\n|\n|t:|1771254374\n|move|p1a: Ogerpon|Spiky Shield|p1a: Ogerpon\n|-singleturn|p1a: Ogerpon|move: Protect\n|move|p2b: Incineroar|Fake Out|p1a: Ogerpon\n|-activate|p1a: Ogerpon|move: Protect\n|-damage|p2b: Incineroar|36/100|[from] Spiky Shield|[of] p1a: Ogerpon\n|move|p1b: Whimsicott|Moonblast|p2a: Volcanion\n|-damage|p2a: Volcanion|35/100\n|move|p2a: Volcanion|Heat Wave|p1b: Whimsicott|[spread] p1b\n|-activate|p1a: Ogerpon|move: Protect\n|-supereffective|p1b: Whimsicott\n|-damage|p1b: Whimsicott|0 fnt\n|faint|p1b: Whimsicott\n|\n|-heal|p2a: Volcanion|41/100|[from] item: Leftovers\n|upkeep\n|turn|13\n|\n|t:|1771254392\n|switch|p2a: Tornadus|Tornadus, M|5/100\n|move|p1a: Ogerpon|Horn Leech|p2a: Tornadus\n|-resisted|p2a: Tornadus\n|-crit|p2a: Tornadus\n|-damage|p2a: Tornadus|0 fnt\n|-heal|p1a: Ogerpon|37/100|[from] drain|[of] p2a: Tornadus\n|faint|p2a: Tornadus\n|move|p2b: Incineroar|Parting Shot|p1a: Ogerpon\n|-unboost|p1a: Ogerpon|atk|1\n|-unboost|p1a: Ogerpon|spa|1\n|-message|jotto forfeited.\n|\n|win|bladeleo\n|raw|jotto's rating: 1744 &rarr; <strong>1722</strong><br />(-22 for losing)\n|raw|bladeleo's rating: 1715 &rarr; <strong>1737</strong><br />(+22 for winning)\n|l|☆jotto\n|player|p1|\n|l|☆bladeleo\n|player|p2|\n", "uploadtime": 1771254635, "views": 6, "formatid": "gen9doublesou", "rating": 1722, "private": 0, "password": null}