{"id": "gen9doublesou-2540664333", "format": "[Gen 9] Doubles OU", "players": ["avlavlavlavl", "enexis"], "log": "|j|☆avlavlavlavl\n|j|☆enexis\n|t:|1771236556\n|gametype|doubles\n|player|p1|avlavlavlavl|lacey|1643\n|player|p2|enexis|2|1640\n|gen|9\n|tier|[Gen 9] Doubles OU\n|rated|\n|rule|HP Percentage Mod: HP is shown in percentages\n|rule|Endless Battle Clause: Forcing endless battles is banned\n|rule|Species Clause: Limit one of each Pokémon\n|rule|OHKO Clause: OHKO moves are banned\n|rule|Evasion Moves Clause: Evasion moves are banned\n|rule|Gravity Sleep Clause: The combination of sleep-inducing moves with imperfect accuracy and Gravity or Gigantamax Orbeetle are banned\n|rule|Evasion Abilities Clause: Evasion abilities are banned\n|clearpoke\n|poke|p1|Chi-Yu|\n|poke|p1|Landorus, M|\n|poke|p1|Ogerpon-Wellspring, F|\n|poke|p1|Tornadus, M|\n|poke|p1|Iron Hands|\n|poke|p1|Gholdengo|\n|poke|p2|Grimmsnarl, M|\n|poke|p2|Sneasler, M|\n|poke|p2|Milotic, M|\n|poke|p2|Pelipper, F|\n|poke|p2|Bruxish, F|\n|poke|p2|Kilowattrel, M|\n|teampreview\n|inactive|Battle timer is ON: inactive players will automatically lose when time's up. (requested by enexis)\n|\n|t:|1771236596\n|teamsize|p1|6\n|teamsize|p2|6\n|start\n|switch|p1a: Iron Hands|Iron Hands|100/100\n|switch|p1b: Gholdengo|Gholdengo|100/100\n|switch|p2a: Grimmsnarl|Grimmsnarl, M|100/100\n|switch|p2b: Sneasler|Sneasler, M|100/100\n|turn|1\n|\n|t:|1771236609\n|-terastallize|p2a: Grimmsnarl|Dark\n|move|p1a: Iron Hands|Fake Out|p2a: Grimmsnarl\n|-damage|p2a: Grimmsnarl|78/100\n|cant|p2a: Grimmsnarl|flinch\n|move|p1b: Gholdengo|Make It Rain|p2a: Grimmsnarl|[spread] p2a,p2b\n|-damage|p2a: Grimmsnarl|27/100\n|-damage|p2b: Sneasler|43/100\n|-unboost|p1b: Gholdengo|spa|1\n|move|p2b: Sneasler|Dire Claw|p1a: Iron Hands\n|-damage|p1a: Iron Hands|66/100\n|\n|upkeep\n|turn|2\n|\n|t:|1771236627\n|move|p2a: Grimmsnarl|Sucker Punch|p1b: Gholdengo\n|-supereffective|p1b: Gholdengo\n|-damage|p1b: Gholdengo|0 fnt\n|faint|p1b: Gholdengo\n|move|p2b: Sneasler|Dire Claw|p1a: Iron Hands\n|-damage|p1a: Iron Hands|31/100\n|-status|p1a: Iron Hands|slp\n|cant|p1a: Iron Hands|slp\n|\n|upkeep\n|inactive|avlavlavlavl has 120 seconds left.\n|\n|t:|1771236648\n|switch|p1b: Landorus|Landorus, M|100/100\n|turn|3\n|\n|t:|1771236664\n|move|p2a: Grimmsnarl|Swagger|p1b: Landorus\n|-boost|p1b: Landorus|atk|2\n|-start|p1b: Landorus|confusion\n|-enditem|p2b: Sneasler|Mirror Herb\n|-boost|p2b: Sneasler|atk|2|[from] item: Mirror Herb\n|-enditem|p2a: Grimmsnarl|Mirror Herb\n|-boost|p2a: Grimmsnarl|atk|2|[from] item: Mirror Herb\n|move|p2b: Sneasler|Acrobatics|p1b: Landorus\n|-damage|p1b: Landorus|0 fnt\n|faint|p1b: Landorus\n|-curestatus|p1a: Iron Hands|slp|[msg]\n|move|p1a: Iron Hands|Volt Switch|p2a: Grimmsnarl\n|-damage|p2a: Grimmsnarl|10/100\n|inactive|avlavlavlavl has 120 seconds left.\n|\n|t:|1771236684\n|-end|p1a: Iron Hands|Quark Drive|[silent]\n|switch|p1a: Tornadus|Tornadus, M|100/100|[from] Volt Switch\n|\n|upkeep\n|\n|t:|1771236687\n|switch|p1b: Iron Hands|Iron Hands|31/100\n|turn|4\n|\n|t:|1771236700\n|move|p2b: Sneasler|Quick Guard|p2b: Sneasler\n|-singleturn|p2b: Sneasler|Quick Guard\n|move|p1b: Iron Hands|Fake Out|p2b: Sneasler\n|-activate|p2b: Sneasler|move: Quick Guard\n|move|p1a: Tornadus|Tailwind|p1a: Tornadus\n|-sidestart|p1: avlavlavlavl|move: Tailwind\n|move|p2a: Grimmsnarl|Sucker Punch||[still]\n|-fail|p2a: Grimmsnarl\n|\n|upkeep\n|turn|5\n|inactive|avlavlavlavl has 120 seconds left.\n|\n|t:|1771236739\n|move|p2a: Grimmsnarl|Sucker Punch|p1a: Tornadus\n|-damage|p1a: Tornadus|7/100\n|move|p2b: Sneasler|Dire Claw|p1b: Iron Hands\n|-damage|p1b: Iron Hands|0 fnt\n|faint|p1b: Iron Hands\n|-end|p1b: Iron Hands|Quark Drive|[silent]\n|move|p1a: Tornadus|Icy Wind|p2b: Sneasler|[spread] p2a\n|-miss|p1a: Tornadus|p2b: Sneasler\n|-damage|p2a: Grimmsnarl|0 fnt\n|faint|p2a: Grimmsnarl\n|\n|upkeep\n|\n|t:|1771236750\n|switch|p2a: Pelipper|Pelipper, F|100/100\n|switch|p1b: Ogerpon|Ogerpon-Wellspring, F|100/100\n|-weather|RainDance|[from] ability: Drizzle|[of] p2a: Pelipper\n|turn|6\n|inactive|avlavlavlavl has 120 seconds left.\n|\n|t:|1771236765\n|move|p1b: Ogerpon|Wood Hammer|p2a: Pelipper\n|-damage|p2a: Pelipper|20/100\n|-damage|p1b: Ogerpon|75/100|[from] Recoil\n|move|p2b: Sneasler|Dire Claw|p1b: Ogerpon\n|-supereffective|p1b: Ogerpon\n|-damage|p1b: Ogerpon|0 fnt\n|faint|p1b: Ogerpon\n|move|p1a: Tornadus|Icy Wind|p2a: Pelipper|[spread] p2a,p2b\n|-damage|p2a: Pelipper|1/100\n|-damage|p2b: Sneasler|25/100\n|-unboost|p2a: Pelipper|spe|1\n|-unboost|p2b: Sneasler|spe|1\n|move|p2a: Pelipper|Tailwind|p2a: Pelipper\n|-sidestart|p2: enexis|move: Tailwind\n|\n|-weather|RainDance|[upkeep]\n|upkeep\n|inactive|avlavlavlavl has 120 seconds left.\n|\n|t:|1771236772\n|switch|p1b: Chi-Yu|Chi-Yu|100/100\n|-ability|p1b: Chi-Yu|Beads of Ruin\n|turn|7\n|\n|t:|1771236789\n|move|p2b: Sneasler|Close Combat|p1b: Chi-Yu\n|-supereffective|p1b: Chi-Yu\n|-damage|p1b: Chi-Yu|0 fnt\n|-unboost|p2b: Sneasler|def|1\n|-unboost|p2b: Sneasler|spd|1\n|faint|p1b: Chi-Yu\n|move|p1a: Tornadus|Bleakwind Storm|p2b: Sneasler|[spread] p2a,p2b\n|-supereffective|p2b: Sneasler\n|-damage|p2a: Pelipper|0 fnt\n|-damage|p2b: Sneasler|0 fnt\n|faint|p2a: Pelipper\n|faint|p2b: Sneasler\n|\n|-weather|RainDance|[upkeep]\n|-sideend|p1: avlavlavlavl|move: Tailwind\n|upkeep\n|\n|t:|1771236793\n|switch|p2b: Kilowattrel|Kilowattrel, M|100/100\n|switch|p2a: Milotic|Milotic, M|100/100\n|turn|8\n|-message|avlavlavlavl forfeited.\n|\n|win|enexis\n|raw|avlavlavlavl's rating: 1643 &rarr; <strong>1623</strong><br />(-20 for losing)\n|raw|enexis's rating: 1640 &rarr; <strong>1660</strong><br />(+20 for winning)\n|l|☆avlavlavlavl\n|player|p1|\n|l|☆enexis\n|player|p2|\n", "uploadtime": 1771237176, "views": 10, "formatid": "gen9doublesou", "rating": 1623, "private": 0, "password": null}