{"id": "gen9doublesou-2539994124", "format": "[Gen 9] Doubles OU", "players": ["vc_573", "punyakoko"], "log": "|j|☆vc_573\n|j|☆punyakoko\n|t:|1771140438\n|gametype|doubles\n|player|p1|vc_573|elesa|1531\n|player|p2|punyakoko|calem-masters|1655\n|gen|9\n|tier|[Gen 9] Doubles OU\n|rated|\n|rule|HP Percentage Mod: HP is shown in percentages\n|rule|Endless Battle Clause: Forcing endless battles is banned\n|rule|Species Clause: Limit one of each Pokémon\n|rule|OHKO Clause: OHKO moves are banned\n|rule|Evasion Moves Clause: Evasion moves are banned\n|rule|Gravity Sleep Clause: The combination of sleep-inducing moves with imperfect accuracy and Gravity or Gigantamax Orbeetle are banned\n|rule|Evasion Abilities Clause: Evasion abilities are banned\n|clearpoke\n|poke|p1|Gholdengo|\n|poke|p1|Chien-Pao|\n|poke|p1|Iron Hands|\n|poke|p1|Tornadus, M|\n|poke|p1|Incineroar, F|\n|poke|p1|Raging Bolt|\n|poke|p2|Farigiraf, M|\n|poke|p2|Sylveon, F|\n|poke|p2|Landorus, M|\n|poke|p2|Roaring Moon|\n|poke|p2|Incineroar, M|\n|poke|p2|Ogerpon-Wellspring, F|\n|teampreview\n|inactive|Battle timer is ON: inactive players will automatically lose when time's up. (requested by vc_573)\n|inactive|punyakoko has 120 seconds left.\n|\n|t:|1771140493\n|teamsize|p1|6\n|teamsize|p2|6\n|start\n|switch|p1a: Gholdengo|Gholdengo|100/100\n|switch|p1b: Incineroar|Incineroar, F|100/100\n|switch|p2a: Incineroar|Incineroar, M, shiny|100/100\n|switch|p2b: Sylveon|Sylveon, F, shiny|100/100\n|-ability|p2a: Incineroar|Intimidate|boost\n|-unboost|p1a: Gholdengo|atk|1\n|-unboost|p1b: Incineroar|atk|1\n|-ability|p1b: Incineroar|Intimidate|boost\n|-unboost|p2a: Incineroar|atk|1\n|-unboost|p2b: Sylveon|atk|1\n|turn|1\n|inactive|vc_573 has 120 seconds left.\n|\n|t:|1771140529\n|switch|p2b: Roaring Moon|Roaring Moon|100/100\n|-enditem|p2b: Roaring Moon|Booster Energy\n|-activate|p2b: Roaring Moon|ability: Protosynthesis|[fromitem]\n|-start|p2b: Roaring Moon|protosynthesisspe\n|-terastallize|p1a: Gholdengo|Fairy\n|move|p1b: Incineroar|Fake Out|p2b: Roaring Moon\n|-damage|p2b: Roaring Moon|90/100\n|move|p1a: Gholdengo|Nasty Plot|p1a: Gholdengo\n|-boost|p1a: Gholdengo|spa|2\n|move|p2a: Incineroar|Knock Off|p1a: Gholdengo\n|-resisted|p1a: Gholdengo\n|-damage|p1a: Gholdengo|85/100\n|-enditem|p1a: Gholdengo|Life Orb|[from] move: Knock Off|[of] p2a: Incineroar\n|\n|upkeep\n|turn|2\n|\n|t:|1771140552\n|move|p1a: Gholdengo|Protect|p1a: Gholdengo\n|-singleturn|p1a: Gholdengo|Protect\n|move|p2b: Roaring Moon|Acrobatics|p1a: Gholdengo\n|-activate|p1a: Gholdengo|move: Protect\n|move|p2a: Incineroar|Flare Blitz|p1a: Gholdengo\n|-activate|p1a: Gholdengo|move: Protect\n|move|p1b: Incineroar|Parting Shot|p2b: Roaring Moon\n|-unboost|p2b: Roaring Moon|atk|1\n|-unboost|p2b: Roaring Moon|spa|1\n|inactive|vc_573 has 120 seconds left.\n|\n|t:|1771140581\n|switch|p1b: Iron Hands|Iron Hands|100/100|[from] Parting Shot\n|\n|upkeep\n|turn|3\n|\n|t:|1771140607\n|move|p1b: Iron Hands|Fake Out|p2b: Roaring Moon\n|-damage|p2b: Roaring Moon|70/100\n|cant|p2b: Roaring Moon|flinch\n|move|p1a: Gholdengo|Make It Rain|p2a: Incineroar|[spread] p2a,p2b\n|-resisted|p2a: Incineroar\n|-damage|p2a: Incineroar|72/100\n|-damage|p2b: Roaring Moon|0 fnt\n|-unboost|p1a: Gholdengo|spa|1\n|faint|p2b: Roaring Moon\n|-end|p2b: Roaring Moon|Protosynthesis|[silent]\n|move|p2a: Incineroar|Flare Blitz|p1a: Gholdengo\n|-damage|p1a: Gholdengo|50/100\n|-damage|p2a: Incineroar|61/100|[from] Recoil\n|\n|upkeep\n|inactive|punyakoko has 120 seconds left.\n|\n|t:|1771140627\n|switch|p2b: Landorus|Landorus, M|100/100\n|turn|4\n|inactive|punyakoko has 120 seconds left.\n|\n|t:|1771140652\n|move|p1a: Gholdengo|Protect|p1a: Gholdengo\n|-singleturn|p1a: Gholdengo|Protect\n|move|p2b: Landorus|Sandsear Storm|p1a: Gholdengo|[spread] p1b\n|-activate|p1a: Gholdengo|move: Protect\n|-supereffective|p1b: Iron Hands\n|-damage|p1b: Iron Hands|29/100\n|move|p2a: Incineroar|Flare Blitz|p1b: Iron Hands\n|-damage|p1b: Iron Hands|4/100\n|-status|p1b: Iron Hands|brn\n|-damage|p2a: Incineroar|51/100|[from] Recoil\n|move|p1b: Iron Hands|Ice Punch|p2b: Landorus\n|-supereffective|p2b: Landorus\n|-damage|p2b: Landorus|41/100\n|\n|-damage|p1b: Iron Hands|0 fnt|[from] brn\n|faint|p1b: Iron Hands\n|-end|p1b: Iron Hands|Quark Drive|[silent]\n|upkeep\n|inactive|vc_573 has 120 seconds left.\n|\n|t:|1771140667\n|switch|p1b: Tornadus|Tornadus, M|100/100\n|turn|5\n|\n|t:|1771140678\n|move|p2b: Landorus|Protect|p2b: Landorus\n|-singleturn|p2b: Landorus|Protect\n|move|p1b: Tornadus|Tailwind|p1b: Tornadus\n|-sidestart|p1: vc_573|move: Tailwind\n|move|p1a: Gholdengo|Shadow Ball|p2b: Landorus\n|-activate|p2b: Landorus|move: Protect\n|move|p2a: Incineroar|Flare Blitz|p1a: Gholdengo\n|-damage|p1a: Gholdengo|16/100\n|-damage|p2a: Incineroar|41/100|[from] Recoil\n|\n|upkeep\n|turn|6\n|\n|t:|1771140698\n|switch|p2b: Farigiraf|Farigiraf, M|100/100\n|move|p1b: Tornadus|Bleakwind Storm|p2b: Farigiraf|[spread] p2a\n|-miss|p1b: Tornadus|p2b: Farigiraf\n|-damage|p2a: Incineroar|22/100\n|-unboost|p2a: Incineroar|spe|1\n|move|p1a: Gholdengo|Make It Rain|p2a: Incineroar|[spread] p2a,p2b\n|-resisted|p2a: Incineroar\n|-damage|p2a: Incineroar|0 fnt\n|-damage|p2b: Farigiraf|37/100\n|-unboost|p1a: Gholdengo|spa|1\n|-enditem|p2b: Farigiraf|Sitrus Berry|[eat]\n|-heal|p2b: Farigiraf|62/100|[from] item: Sitrus Berry\n|faint|p2a: Incineroar\n|\n|upkeep\n|inactive|punyakoko has 120 seconds left.\n|\n|t:|1771140720\n|switch|p2a: Ogerpon|Ogerpon-Wellspring, F|100/100\n|turn|7\n|inactive|punyakoko has 120 seconds left.\n|\n|t:|1771140746\n|-terastallize|p2a: Ogerpon|Water\n|detailschange|p2a: Ogerpon|Ogerpon-Wellspring-Tera, F, tera:Water\n|-ability|p2a: Ogerpon|Embody Aspect (Wellspring)|boost\n|-boost|p2a: Ogerpon|spd|1\n|move|p1b: Tornadus|Bleakwind Storm|p2b: Farigiraf|[spread] p2a\n|-miss|p1b: Tornadus|p2b: Farigiraf\n|-damage|p2a: Ogerpon|76/100\n|-unboost|p2a: Ogerpon|spe|1\n|move|p1a: Gholdengo|Make It Rain|p2b: Farigiraf|[spread] p2a,p2b\n|-resisted|p2a: Ogerpon\n|-damage|p2a: Ogerpon|58/100\n|-damage|p2b: Farigiraf|14/100\n|-unboost|p1a: Gholdengo|spa|1\n|move|p2a: Ogerpon|Ivy Cudgel|p1b: Tornadus|[anim] Ivy Cudgel Water\n|-damage|p1b: Tornadus|40/100\n|move|p2b: Farigiraf|Trick Room|p2b: Farigiraf\n|-fieldstart|move: Trick Room|[of] p2b: Farigiraf\n|\n|upkeep\n|turn|8\n|\n|t:|1771140769\n|move|p1a: Gholdengo|Protect|p1a: Gholdengo\n|-singleturn|p1a: Gholdengo|Protect\n|move|p2b: Farigiraf|Hyper Voice|p1b: Tornadus|[spread] p1b\n|-activate|p1a: Gholdengo|move: Protect\n|-damage|p1b: Tornadus|9/100\n|move|p2a: Ogerpon|Ivy Cudgel|p1b: Tornadus|[anim] Ivy Cudgel Water\n|-damage|p1b: Tornadus|0 fnt\n|faint|p1b: Tornadus\n|\n|-sideend|p1: vc_573|move: Tailwind\n|upkeep\n|inactive|vc_573 has 120 seconds left.\n|\n|t:|1771140785\n|switch|p1b: Chien-Pao|Chien-Pao|100/100\n|-ability|p1b: Chien-Pao|Sword of Ruin\n|turn|9\n|\n|t:|1771140800\n|move|p2b: Farigiraf|Hyper Voice|p1b: Chien-Pao|[spread] p1a,p1b\n|-damage|p1a: Gholdengo|0 fnt\n|-damage|p1b: Chien-Pao|54/100\n|faint|p1a: Gholdengo\n|move|p2a: Ogerpon|Horn Leech|p1b: Chien-Pao\n|-damage|p1b: Chien-Pao|0 fnt\n|-heal|p2a: Ogerpon|83/100|[from] drain|[of] p1b: Chien-Pao\n|faint|p1b: Chien-Pao\n|\n|upkeep\n|\n|t:|1771140812\n|switch|p1a: Incineroar|Incineroar, F|100/100\n|switch|p1b: Raging Bolt|Raging Bolt|100/100\n|-ability|p1a: Incineroar|Intimidate|boost\n|-unboost|p2a: Ogerpon|atk|1\n|-unboost|p2b: Farigiraf|atk|1\n|turn|10\n|\n|t:|1771140825\n|move|p2b: Farigiraf|Helping Hand|p2a: Ogerpon\n|-singleturn|p2a: Ogerpon|Helping Hand|[of] p2b: Farigiraf\n|move|p1a: Incineroar|Knock Off|p2b: Farigiraf\n|-supereffective|p2b: Farigiraf\n|-damage|p2b: Farigiraf|0 fnt\n|faint|p2b: Farigiraf\n|move|p1b: Raging Bolt|Thunderbolt|p2a: Ogerpon\n|-supereffective|p2a: Ogerpon\n|-damage|p2a: Ogerpon|0 fnt\n|faint|p2a: Ogerpon\n|detailschange|p2: Ogerpon|Ogerpon-Wellspring, F|[silent]\n|\n|upkeep\n|\n|t:|1771140836\n|switch|p2b: Landorus|Landorus, M|41/100\n|switch|p2a: Sylveon|Sylveon, F, shiny|100/100\n|turn|11\n|\n|t:|1771140846\n|move|p2b: Landorus|Protect|p2b: Landorus\n|-singleturn|p2b: Landorus|Protect\n|move|p1a: Incineroar|Flare Blitz|p2b: Landorus\n|-activate|p2b: Landorus|move: Protect\n|move|p1b: Raging Bolt|Thunderbolt|p2a: Sylveon\n|-damage|p2a: Sylveon|34/100\n|move|p2a: Sylveon|Hyper Voice|p1b: Raging Bolt|[spread] p1a,p1b\n|-supereffective|p1b: Raging Bolt\n|-damage|p1a: Incineroar|42/100\n|-damage|p1b: Raging Bolt|0 fnt\n|-enditem|p1a: Incineroar|Sitrus Berry|[eat]\n|-heal|p1a: Incineroar|67/100|[from] item: Sitrus Berry\n|faint|p1b: Raging Bolt\n|-end|p1b: Raging Bolt|Protosynthesis|[silent]\n|\n|-fieldend|move: Trick Room\n|upkeep\n|turn|12\n|\n|t:|1771140864\n|move|p2b: Landorus|Earth Power|p1a: Incineroar\n|-supereffective|p1a: Incineroar\n|-damage|p1a: Incineroar|0 fnt\n|faint|p1a: Incineroar\n|\n|win|punyakoko\n|raw|vc_573's rating: 1531 &rarr; <strong>1518</strong><br />(-13 for losing)\n|raw|punyakoko's rating: 1655 &rarr; <strong>1668</strong><br />(+13 for winning)\n|l|☆vc_573\n|player|p1|\n", "uploadtime": 1771141153, "views": 15, "formatid": "gen9doublesou", "rating": 1518, "private": 0, "password": null}