{"id": "gen9doublesou-2540567936", "format": "[Gen 9] Doubles OU", "players": ["abdullahsadiq3", "alllzz"], "log": "|j|☆abdullahsadiq3\n|j|☆alllzz\n|t:|1771219315\n|gametype|doubles\n|player|p1|abdullahsadiq3|brycenman|1675\n|player|p2|alllzz|169|1699\n|gen|9\n|tier|[Gen 9] Doubles OU\n|rated|\n|rule|HP Percentage Mod: HP is shown in percentages\n|rule|Endless Battle Clause: Forcing endless battles is banned\n|rule|Species Clause: Limit one of each Pokémon\n|rule|OHKO Clause: OHKO moves are banned\n|rule|Evasion Moves Clause: Evasion moves are banned\n|rule|Gravity Sleep Clause: The combination of sleep-inducing moves with imperfect accuracy and Gravity or Gigantamax Orbeetle are banned\n|rule|Evasion Abilities Clause: Evasion abilities are banned\n|clearpoke\n|poke|p1|Tornadus, M|\n|poke|p1|Chi-Yu|\n|poke|p1|Landorus, M|\n|poke|p1|Iron Hands|\n|poke|p1|Regidrago|\n|poke|p1|Chien-Pao|\n|poke|p2|Torkoal, F|\n|poke|p2|Typhlosion-Hisui, F|\n|poke|p2|Rillaboom, M|\n|poke|p2|Roaring Moon|\n|poke|p2|Farigiraf, F|\n|poke|p2|Raging Bolt|\n|teampreview\n|\n|t:|1771219342\n|teamsize|p1|6\n|teamsize|p2|6\n|start\n|switch|p1a: Tornadus|Tornadus, M|100/100\n|switch|p1b: Landorus|Landorus, M|100/100\n|switch|p2a: Roaring Moon|Roaring Moon, shiny|100/100\n|switch|p2b: Rillaboom|Rillaboom, M, shiny|100/100\n|-fieldstart|move: Grassy Terrain|[from] ability: Grassy Surge|[of] p2b: Rillaboom\n|turn|1\n|\n|t:|1771219351\n|move|p1a: Tornadus|Protect|p1a: Tornadus\n|-singleturn|p1a: Tornadus|Protect\n|move|p1b: Landorus|Protect|p1b: Landorus\n|-singleturn|p1b: Landorus|Protect\n|move|p2b: Rillaboom|Fake Out|p1b: Landorus\n|-activate|p1b: Landorus|move: Protect\n|move|p2a: Roaring Moon|Tailwind|p2a: Roaring Moon\n|-sidestart|p2: alllzz|move: Tailwind\n|\n|upkeep\n|turn|2\n|\n|t:|1771219368\n|move|p1a: Tornadus|Tailwind|p1a: Tornadus\n|-sidestart|p1: abdullahsadiq3|move: Tailwind\n|move|p2a: Roaring Moon|Dragon Claw|p1a: Tornadus\n|-damage|p1a: Tornadus|21/100\n|-damage|p2a: Roaring Moon|91/100|[from] item: Life Orb\n|move|p1b: Landorus|Sludge Bomb|p2b: Rillaboom\n|-supereffective|p2b: Rillaboom\n|-damage|p2b: Rillaboom|27/100\n|move|p2b: Rillaboom|Wood Hammer|p1b: Landorus\n|-damage|p1b: Landorus|0 fnt\n|faint|p1b: Landorus\n|-damage|p2b: Rillaboom|1/100|[from] Recoil\n|\n|-heal|p2a: Roaring Moon|97/100|[from] Grassy Terrain\n|-heal|p2b: Rillaboom|7/100|[from] Grassy Terrain\n|upkeep\n|\n|t:|1771219383\n|switch|p1b: Iron Hands|Iron Hands|100/100\n|turn|3\n|\n|t:|1771219396\n|switch|p2b: Farigiraf|Farigiraf, F, shiny|100/100\n|-terastallize|p2a: Roaring Moon|Fairy\n|move|p1a: Tornadus|Protect|p1a: Tornadus\n|-singleturn|p1a: Tornadus|Protect\n|move|p2a: Roaring Moon|Dragon Claw|p1a: Tornadus\n|-activate|p1a: Tornadus|move: Protect\n|move|p1b: Iron Hands|Drain Punch|p2a: Roaring Moon\n|-resisted|p2a: Roaring Moon\n|-damage|p2a: Roaring Moon|65/100\n|\n|-heal|p2a: Roaring Moon|71/100|[from] Grassy Terrain\n|upkeep\n|turn|4\n|j| Dark darmanitan\n|\n|t:|1771219445\n|switch|p1a: Chi-Yu|Chi-Yu|100/100\n|-ability|p1a: Chi-Yu|Beads of Ruin\n|move|p2a: Roaring Moon|Dragon Claw|p1b: Iron Hands\n|-damage|p1b: Iron Hands|62/100\n|-damage|p2a: Roaring Moon|61/100|[from] item: Life Orb\n|move|p1b: Iron Hands|Thunder Punch|p2a: Roaring Moon\n|-damage|p2a: Roaring Moon|3/100\n|move|p2b: Farigiraf|Trick Room|p2b: Farigiraf\n|-fieldstart|move: Trick Room|[of] p2b: Farigiraf\n|\n|-heal|p1b: Iron Hands|68/100|[from] Grassy Terrain\n|-heal|p2a: Roaring Moon|9/100|[from] Grassy Terrain\n|-sideend|p2: alllzz|move: Tailwind\n|upkeep\n|turn|5\n|\n|t:|1771219469\n|move|p2b: Farigiraf|Hyper Voice|p1b: Iron Hands|[spread] p1a,p1b\n|-damage|p1a: Chi-Yu|73/100\n|-damage|p1b: Iron Hands|50/100\n|-enditem|p2b: Farigiraf|Throat Spray\n|-boost|p2b: Farigiraf|spa|1|[from] item: Throat Spray\n|move|p1b: Iron Hands|Thunder Punch|p2a: Roaring Moon\n|-damage|p2a: Roaring Moon|0 fnt\n|faint|p2a: Roaring Moon\n|-end|p2a: Roaring Moon|Protosynthesis|[silent]\n|move|p1a: Chi-Yu|Heat Wave|p2b: Farigiraf\n|-damage|p2b: Farigiraf|18/100\n|\n|-heal|p2b: Farigiraf|24/100|[from] Grassy Terrain\n|-heal|p1b: Iron Hands|56/100|[from] Grassy Terrain\n|-heal|p1a: Chi-Yu|79/100|[from] Grassy Terrain\n|-sideend|p1: abdullahsadiq3|move: Tailwind\n|-fieldend|move: Grassy Terrain\n|upkeep\n|\n|t:|1771219491\n|switch|p2a: Raging Bolt|Raging Bolt|100/100\n|turn|6\n|\n|t:|1771219550\n|switch|p1a: Tornadus|Tornadus, M|21/100\n|move|p1b: Iron Hands|Ice Punch|p2a: Raging Bolt\n|-supereffective|p2a: Raging Bolt\n|-damage|p2a: Raging Bolt|53/100\n|move|p2b: Farigiraf|Baton Pass|p2b: Farigiraf\n|\n|t:|1771219561\n|switch|p2b: Torkoal|Torkoal, F, shiny|100/100|[from] Baton Pass\n|-weather|SunnyDay|[from] ability: Drought|[of] p2b: Torkoal\n|-activate|p2a: Raging Bolt|ability: Protosynthesis\n|-start|p2a: Raging Bolt|protosynthesisspa\n|move|p2a: Raging Bolt|Thunderbolt|p1a: Tornadus\n|-supereffective|p1a: Tornadus\n|-damage|p1a: Tornadus|0 fnt\n|faint|p1a: Tornadus\n|\n|-weather|SunnyDay|[upkeep]\n|upkeep\n|\n|t:|1771219572\n|switch|p1a: Chi-Yu|Chi-Yu|79/100\n|-ability|p1a: Chi-Yu|Beads of Ruin\n|turn|7\n|\n|t:|1771219585\n|move|p2b: Torkoal|Overheat|p1b: Iron Hands\n|-damage|p1b: Iron Hands|0 fnt\n|-unboost|p2b: Torkoal|spa|2\n|faint|p1b: Iron Hands\n|-end|p1b: Iron Hands|Quark Drive|[silent]\n|-enditem|p2b: Torkoal|Eject Pack\n|\n|t:|1771219595\n|switch|p2b: Rillaboom|Rillaboom, M, shiny|7/100\n|-fieldstart|move: Grassy Terrain|[from] ability: Grassy Surge|[of] p2b: Rillaboom\n|move|p2a: Raging Bolt|Thunderbolt|p1a: Chi-Yu\n|-damage|p1a: Chi-Yu|0 fnt\n|faint|p1a: Chi-Yu\n|\n|-weather|SunnyDay|[upkeep]\n|-heal|p2a: Raging Bolt|60/100|[from] Grassy Terrain\n|-heal|p2b: Rillaboom|13/100|[from] Grassy Terrain\n|upkeep\n|-message|abdullahsadiq3 forfeited.\n|\n|win|alllzz\n|raw|abdullahsadiq3's rating: 1675 &rarr; <strong>1656</strong><br />(-19 for losing)\n|raw|alllzz's rating: 1699 &rarr; <strong>1718</strong><br />(+19 for winning)\n|l|☆abdullahsadiq3\n|player|p1|\n|l|☆alllzz\n|player|p2|\n", "uploadtime": 1771219797, "views": 13, "formatid": "gen9doublesou", "rating": 1656, "private": 0, "password": null}