{"id": "gen9doublesou-2639980607", "format": "[Gen 9] Doubles OU", "players": ["Sting Officer", "bantonioanderaz"], "log": "|j|☆Sting Officer\n|j|☆bantonioanderaz\n|t:|1782557378\n|gametype|doubles\n|player|p1|Sting Officer|winona|1510\n|player|p2|bantonioanderaz|101|1666\n|gen|9\n|tier|[Gen 9] Doubles OU\n|rated|\n|rule|HP Percentage Mod: HP is shown in percentages\n|rule|Endless Battle Clause: Forcing endless battles is banned\n|rule|Species Clause: Limit one of each Pokémon\n|rule|OHKO Clause: OHKO moves are banned\n|rule|Evasion Moves Clause: Evasion moves are banned\n|rule|Gravity Sleep Clause: The combination of sleep-inducing moves with imperfect accuracy and Gravity or Gigantamax Orbeetle are banned\n|rule|Evasion Abilities Clause: Evasion abilities are banned\n|clearpoke\n|poke|p1|Goodra-Hisui, F|\n|poke|p1|Tsareena, F|\n|poke|p1|Tyranitar, F|\n|poke|p1|Glimmora, F|\n|poke|p1|Spectrier|\n|poke|p1|Flamigo, M|\n|poke|p2|Garganacl, M|\n|poke|p2|Walking Wake|\n|poke|p2|Rillaboom, M|\n|poke|p2|Ting-Lu|\n|poke|p2|Toxapex, M|\n|poke|p2|Dragonite, F|\n|teampreview\n|\n|t:|1782557393\n|teamsize|p1|6\n|teamsize|p2|6\n|start\n|switch|p1a: Tyranitar|Tyranitar, F|100/100\n|switch|p1b: Flamigo|Flamigo, M|100/100\n|switch|p2a: Shrinking Force|Ting-Lu|100/100\n|switch|p2b: Insurance Claim|Dragonite, F|100/100\n|-weather|Sandstorm|[from] ability: Sand Stream|[of] p1a: Tyranitar\n|-ability|p2a: Shrinking Force|Vessel of Ruin\n|-copyboost|p1b: Flamigo|p1a: Tyranitar|[from] ability: Costar\n|turn|1\n|inactive|Battle timer is ON: inactive players will automatically lose when time's up. (requested by bantonioanderaz)\n|\n|t:|1782557422\n|-terastallize|p1a: Tyranitar|Ground\n|move|p1b: Flamigo|Close Combat|p2b: Insurance Claim\n|-resisted|p2b: Insurance Claim\n|-damage|p2b: Insurance Claim|80/100\n|-unboost|p1b: Flamigo|def|1\n|-unboost|p1b: Flamigo|spd|1\n|move|p2b: Insurance Claim|Low Kick|p1a: Tyranitar\n|-damage|p1a: Tyranitar|65/100\n|-damage|p2b: Insurance Claim|64/100|[from] item: Rocky Helmet|[of] p1a: Tyranitar\n|move|p1a: Tyranitar|Rock Slide|p2a: Shrinking Force|[spread] p2a,p2b\n|-resisted|p2a: Shrinking Force\n|-supereffective|p2b: Insurance Claim\n|-damage|p2a: Shrinking Force|92/100\n|-damage|p2b: Insurance Claim|0 fnt\n|faint|p2b: Insurance Claim\n|move|p2a: Shrinking Force|Stealth Rock|p1a: Tyranitar\n|-sidestart|p1: Sting Officer|move: Stealth Rock\n|\n|-weather|Sandstorm|[upkeep]\n|-damage|p1b: Flamigo|94/100|[from] Sandstorm\n|-heal|p2a: Shrinking Force|99/100|[from] item: Leftovers\n|upkeep\n|\n|t:|1782557448\n|switch|p2b: Wet Blanket|Toxapex, M|100/100\n|turn|2\n|\n|t:|1782557461\n|move|p1b: Flamigo|Close Combat|p2a: Shrinking Force\n|-supereffective|p2a: Shrinking Force\n|-damage|p2a: Shrinking Force|21/100\n|-unboost|p1b: Flamigo|def|1\n|-unboost|p1b: Flamigo|spd|1\n|move|p1a: Tyranitar|Earthquake|p2b: Wet Blanket|[spread] p2a,p2b\n|-immune|p1b: Flamigo\n|-supereffective|p2b: Wet Blanket\n|-damage|p2a: Shrinking Force|0 fnt\n|-damage|p2b: Wet Blanket|35/100\n|faint|p2a: Shrinking Force\n|move|p2b: Wet Blanket|Toxic|p1b: Flamigo\n|-status|p1b: Flamigo|tox\n|\n|-weather|Sandstorm|[upkeep]\n|-damage|p1b: Flamigo|88/100 tox|[from] Sandstorm\n|-damage|p2b: Wet Blanket|28/100|[from] Sandstorm\n|-heal|p2b: Wet Blanket|35/100|[from] item: Leftovers\n|-damage|p1b: Flamigo|82/100 tox|[from] psn\n|upkeep\n|\n|t:|1782557474\n|switch|p2a: Embargo|Rillaboom, M|100/100\n|-fieldstart|move: Grassy Terrain|[from] ability: Grassy Surge|[of] p2a: Embargo\n|turn|3\n|\n|t:|1782557485\n|switch|p1b: rAdiish|Tsareena, F|100/100\n|-damage|p1b: rAdiish|88/100|[from] Stealth Rock\n|move|p2a: Embargo|Fake Out||[still]\n|cant|p1b: rAdiish|ability: Queenly Majesty|Fake Out|[of] p2a: Embargo\n|move|p1a: Tyranitar|Earthquake|p2a: Embargo|[spread] p1b,p2a,p2b\n|-resisted|p1b: rAdiish\n|-resisted|p2a: Embargo\n|-supereffective|p2b: Wet Blanket\n|-damage|p1b: rAdiish|72/100\n|-damage|p2a: Embargo|89/100\n|-damage|p2b: Wet Blanket|0 fnt\n|faint|p2b: Wet Blanket\n|\n|-weather|Sandstorm|[upkeep]\n|-damage|p1b: rAdiish|66/100|[from] Sandstorm\n|-damage|p2a: Embargo|83/100|[from] Sandstorm\n|-heal|p1b: rAdiish|72/100|[from] Grassy Terrain\n|-heal|p2a: Embargo|89/100|[from] Grassy Terrain\n|-heal|p2a: Embargo|96/100|[from] item: Leftovers\n|-heal|p1a: Tyranitar|71/100|[from] Grassy Terrain\n|upkeep\n|\n|t:|1782557501\n|switch|p2b: War Criminal|Garganacl, M|100/100\n|turn|4\n|\n|t:|1782557507\n|switch|p1a: Goodra|Goodra-Hisui, F|100/100\n|-damage|p1a: Goodra|94/100|[from] Stealth Rock\n|-item|p1a: Goodra|Air Balloon\n|-terastallize|p2b: War Criminal|Ghost\n|move|p1b: rAdiish|Petal Blizzard|p2a: Embargo|[spread] p2a,p2b\n|-ability|p1a: Goodra|Sap Sipper|boost\n|-boost|p1a: Goodra|atk|1\n|-resisted|p2a: Embargo\n|-damage|p2a: Embargo|78/100\n|-damage|p2b: War Criminal|73/100\n|move|p2a: Embargo|Leech Seed|p1a: Goodra\n|-ability|p1a: Goodra|Sap Sipper|boost\n|-boost|p1a: Goodra|atk|1\n|move|p2b: War Criminal|Salt Cure|p1b: rAdiish\n|-damage|p1b: rAdiish|56/100\n|-start|p1b: rAdiish|Salt Cure\n|\n|-weather|Sandstorm|[upkeep]\n|-damage|p1b: rAdiish|50/100|[from] Sandstorm\n|-damage|p2a: Embargo|72/100|[from] Sandstorm\n|-damage|p2b: War Criminal|67/100|[from] Sandstorm\n|-heal|p1b: rAdiish|56/100|[from] Grassy Terrain\n|-heal|p2a: Embargo|78/100|[from] Grassy Terrain\n|-heal|p2a: Embargo|84/100|[from] item: Leftovers\n|-heal|p2b: War Criminal|73/100|[from] Grassy Terrain\n|-heal|p2b: War Criminal|79/100|[from] item: Leftovers\n|-damage|p1b: rAdiish|43/100|[from] Salt Cure\n|upkeep\n|turn|5\n|\n|t:|1782557536\n|move|p2a: Embargo|Protect|p2a: Embargo\n|-singleturn|p2a: Embargo|Protect\n|move|p1b: rAdiish|Petal Blizzard|p2b: War Criminal|[spread] p2b\n|-activate|p2a: Embargo|move: Protect\n|-ability|p1a: Goodra|Sap Sipper|boost\n|-boost|p1a: Goodra|atk|1\n|-damage|p2b: War Criminal|50/100\n|move|p1a: Goodra|Fire Punch|p2a: Embargo\n|-activate|p2a: Embargo|move: Protect\n|move|p2b: War Criminal|Salt Cure|p1a: Goodra\n|-resisted|p1a: Goodra\n|-damage|p1a: Goodra|88/100\n|-start|p1a: Goodra|Salt Cure\n|-enditem|p1a: Goodra|Air Balloon\n|\n|-weather|none\n|-heal|p1b: rAdiish|49/100|[from] Grassy Terrain\n|-heal|p2a: Embargo|90/100|[from] Grassy Terrain\n|-heal|p2a: Embargo|96/100|[from] item: Leftovers\n|-heal|p1a: Goodra|94/100|[from] Grassy Terrain\n|-heal|p2b: War Criminal|56/100|[from] Grassy Terrain\n|-heal|p2b: War Criminal|62/100|[from] item: Leftovers\n|-damage|p1b: rAdiish|37/100|[from] Salt Cure\n|-damage|p1a: Goodra|69/100|[from] Salt Cure\n|upkeep\n|turn|6\n|\n|t:|1782557559\n|switch|p2a: Extinguishroar|Walking Wake|100/100\n|move|p2b: War Criminal|Protect|p2b: War Criminal\n|-singleturn|p2b: War Criminal|Protect\n|move|p1b: rAdiish|Petal Blizzard|p2b: War Criminal|[spread] p2a\n|-activate|p2b: War Criminal|move: Protect\n|-ability|p1a: Goodra|Sap Sipper|boost\n|-boost|p1a: Goodra|atk|1\n|-damage|p2a: Extinguishroar|58/100\n|move|p1a: Goodra|Fire Punch|p2a: Extinguishroar\n|-resisted|p2a: Extinguishroar\n|-damage|p2a: Extinguishroar|38/100\n|\n|-heal|p2a: Extinguishroar|44/100|[from] Grassy Terrain\n|-heal|p1b: rAdiish|43/100|[from] Grassy Terrain\n|-heal|p1a: Goodra|75/100|[from] Grassy Terrain\n|-heal|p2b: War Criminal|68/100|[from] Grassy Terrain\n|-heal|p2b: War Criminal|75/100|[from] item: Leftovers\n|-damage|p1b: rAdiish|31/100|[from] Salt Cure\n|-damage|p1a: Goodra|50/100|[from] Salt Cure\n|upkeep\n|turn|7\n|\n|t:|1782557580\n|move|p2a: Extinguishroar|Draco Meteor|p1a: Goodra\n|-damage|p1a: Goodra|9/100\n|-unboost|p2a: Extinguishroar|spa|2\n|move|p1b: rAdiish|Petal Blizzard|p2a: Extinguishroar|[spread] p2a,p2b\n|-ability|p1a: Goodra|Sap Sipper|boost\n|-boost|p1a: Goodra|atk|1\n|-damage|p2a: Extinguishroar|0 fnt\n|-damage|p2b: War Criminal|44/100\n|faint|p2a: Extinguishroar\n|-end|p2a: Extinguishroar|Protosynthesis|[silent]\n|move|p1a: Goodra|Dragon Claw|p2b: War Criminal\n|-damage|p2b: War Criminal|0 fnt\n|faint|p2b: War Criminal\n|\n|-heal|p1b: rAdiish|37/100|[from] Grassy Terrain\n|-heal|p1a: Goodra|15/100|[from] Grassy Terrain\n|-damage|p1b: rAdiish|24/100|[from] Salt Cure\n|-damage|p1a: Goodra|0 fnt|[from] Salt Cure\n|faint|p1a: Goodra\n|-fieldend|move: Grassy Terrain\n|upkeep\n|inactive|Sting Officer has 120 seconds left.\n|\n|t:|1782557599\n|switch|p2a: Embargo|Rillaboom, M|96/100\n|switch|p1a: Glimmora|Glimmora, F|100/100\n|-damage|p1a: Glimmora|88/100|[from] Stealth Rock\n|-fieldstart|move: Grassy Terrain|[from] ability: Grassy Surge|[of] p2a: Embargo\n|turn|8\n|\n|t:|1782557609\n|switch|p1b: Flamigo|Flamigo, M|82/100 tox\n|-damage|p1b: Flamigo|69/100 tox|[from] Stealth Rock\n|-copyboost|p1b: Flamigo|p1a: Glimmora|[from] ability: Costar\n|move|p1a: Glimmora|Sludge Bomb|p2a: Embargo\n|-supereffective|p2a: Embargo\n|-damage|p2a: Embargo|32/100\n|move|p2a: Embargo|Leech Seed|p1a: Glimmora\n|-start|p1a: Glimmora|move: Leech Seed\n|\n|-heal|p1a: Glimmora|94/100|[from] Grassy Terrain\n|-heal|p2a: Embargo|38/100|[from] Grassy Terrain\n|-heal|p2a: Embargo|44/100|[from] item: Leftovers\n|-damage|p1a: Glimmora|82/100|[from] Leech Seed|[of] p2a: Embargo\n|-heal|p2a: Embargo|56/100|[silent]\n|-damage|p1b: Flamigo|63/100 tox|[from] psn\n|upkeep\n|turn|9\n|\n|t:|1782557630\n|move|p2a: Embargo|Protect|p2a: Embargo\n|-singleturn|p2a: Embargo|Protect\n|move|p1b: Flamigo|Close Combat|p2a: Embargo\n|-activate|p2a: Embargo|move: Protect\n|move|p1a: Glimmora|Sludge Bomb|p2a: Embargo\n|-activate|p2a: Embargo|move: Protect\n|\n|-heal|p1a: Glimmora|88/100|[from] Grassy Terrain\n|-heal|p2a: Embargo|62/100|[from] Grassy Terrain\n|-heal|p2a: Embargo|68/100|[from] item: Leftovers\n|-damage|p1a: Glimmora|76/100|[from] Leech Seed|[of] p2a: Embargo\n|-heal|p2a: Embargo|79/100|[silent]\n|-damage|p1b: Flamigo|51/100 tox|[from] psn\n|upkeep\n|turn|10\n|\n|t:|1782557659\n|switch|p1b: rAdiish|Tsareena, F|24/100\n|-damage|p1b: rAdiish|12/100|[from] Stealth Rock\n|move|p1a: Glimmora|Mortal Spin|p2a: Embargo\n|-supereffective|p2a: Embargo\n|-damage|p2a: Embargo|68/100\n|-status|p2a: Embargo|psn\n|-end|p1a: Glimmora|Leech Seed|[from] move: Mortal Spin|[of] p1a: Glimmora\n|-sideend|p1: Sting Officer|Stealth Rock|[from] move: Mortal Spin|[of] p1a: Glimmora\n|move|p2a: Embargo|Leech Seed|p1b: rAdiish\n|-immune|p1b: rAdiish\n|\n|-heal|p1b: rAdiish|18/100|[from] Grassy Terrain\n|-heal|p1a: Glimmora|82/100|[from] Grassy Terrain\n|-heal|p2a: Embargo|74/100 psn|[from] Grassy Terrain\n|-heal|p2a: Embargo|80/100 psn|[from] item: Leftovers\n|-damage|p2a: Embargo|68/100 psn|[from] psn\n|upkeep\n|turn|11\n|inactive|bantonioanderaz has 120 seconds left.\n|-message|bantonioanderaz forfeited.\n|\n|win|Sting Officer\n|raw|Sting Officer's rating: 1510 &rarr; <strong>1538</strong><br />(+28 for winning)\n|raw|bantonioanderaz's rating: 1666 &rarr; <strong>1638</strong><br />(-28 for losing)\n|l|☆bantonioanderaz\n|player|p2|\n|l|☆Sting Officer\n|player|p1|\n", "uploadtime": 1782558080, "views": 3, "formatid": "gen9doublesou", "rating": 1538, "private": 0, "password": null}