{"id": "gen9doublesou-2540361049", "format": "[Gen 9] Doubles OU", "players": ["Frostavenger", "Pablovela0510"], "log": "|j|☆Frostavenger\n|j|☆Pablovela0510\n|t:|1771192871\n|gametype|doubles\n|player|p1|Frostavenger|preschoolerf|1630\n|player|p2|Pablovela0510|102|1563\n|gen|9\n|tier|[Gen 9] Doubles OU\n|rated|\n|rule|HP Percentage Mod: HP is shown in percentages\n|rule|Endless Battle Clause: Forcing endless battles is banned\n|rule|Species Clause: Limit one of each Pokémon\n|rule|OHKO Clause: OHKO moves are banned\n|rule|Evasion Moves Clause: Evasion moves are banned\n|rule|Gravity Sleep Clause: The combination of sleep-inducing moves with imperfect accuracy and Gravity or Gigantamax Orbeetle are banned\n|rule|Evasion Abilities Clause: Evasion abilities are banned\n|clearpoke\n|poke|p1|Ninetales-Alola, M|\n|poke|p1|Metagross|\n|poke|p1|Garchomp, M|\n|poke|p1|Volcarona, F|\n|poke|p1|Dragonite, M|\n|poke|p1|Incineroar, F|\n|poke|p2|Incineroar, M|\n|poke|p2|Torkoal, L99, M|\n|poke|p2|Porygon2|\n|poke|p2|Ursaluna, F|\n|poke|p2|Jumpluff, M|\n|poke|p2|Charizard, F|\n|teampreview\n|inactive|Battle timer is ON: inactive players will automatically lose when time's up. (requested by Frostavenger)\n|\n|t:|1771192880\n|teamsize|p1|6\n|teamsize|p2|6\n|start\n|switch|p1a: Dragonite|Dragonite, M|100/100\n|switch|p1b: Incineroar|Incineroar, F|100/100\n|switch|p2a: Porygon2.exe|Porygon2|100/100\n|switch|p2b: Scar|Incineroar, M|100/100\n|-ability|p1b: Incineroar|Intimidate|boost\n|-unboost|p2a: Porygon2.exe|atk|1\n|-fail|p2b: Scar|unboost|[from] item: Clear Amulet|[of] p2b: Scar\n|-ability|p2a: Porygon2.exe|Download|boost\n|-boost|p2a: Porygon2.exe|spa|1\n|-ability|p2b: Scar|Intimidate|boost\n|-unboost|p1a: Dragonite|atk|1\n|-unboost|p1b: Incineroar|atk|1\n|turn|1\n|j| ToppyTopic\n|inactive|Pablovela0510 has 120 seconds left.\n|c| ToppyTopic|Go Frostavenger!\n|\n|t:|1771192922\n|switch|p1a: Volcarona|Volcarona, F|100/100\n|move|p1b: Incineroar|Fake Out|p2a: Porygon2.exe\n|-damage|p2a: Porygon2.exe|96/100\n|move|p2b: Scar|Fake Out|p1b: Incineroar\n|-damage|p1b: Incineroar|91/100\n|-damage|p2b: Scar|84/100|[from] item: Rocky Helmet|[of] p1b: Incineroar\n|cant|p2a: Porygon2.exe|flinch\n|\n|upkeep\n|turn|2\n|c|☆Frostavenger|uhh... thanks\n|j| Jim Leader Adam\n|\n|t:|1771192936\n|move|p1a: Volcarona|Quiver Dance|p1a: Volcarona\n|-boost|p1a: Volcarona|spa|1\n|-boost|p1a: Volcarona|spd|1\n|-boost|p1a: Volcarona|spe|1\n|move|p1b: Incineroar|Parting Shot|p2a: Porygon2.exe\n|-unboost|p2a: Porygon2.exe|atk|1\n|-unboost|p2a: Porygon2.exe|spa|1\n|\n|t:|1771192949\n|switch|p1b: Metagross|Metagross|100/100|[from] Parting Shot\n|move|p2b: Scar|Knock Off|p1a: Volcarona\n|-damage|p1a: Volcarona|55/100\n|-enditem|p1a: Volcarona|Leftovers|[from] move: Knock Off|[of] p2b: Scar\n|move|p2a: Porygon2.exe|Trick Room|p2a: Porygon2.exe\n|-fieldstart|move: Trick Room|[of] p2a: Porygon2.exe\n|\n|upkeep\n|turn|3\n|c| Jim Leader Adam|so unappreciative\n|\n|t:|1771192961\n|move|p2a: Porygon2.exe|Tera Blast|p1a: Volcarona\n|-damage|p1a: Volcarona|32/100\n|move|p2b: Scar|Flare Blitz|p1a: Volcarona\n|-damage|p1a: Volcarona|0 fnt\n|faint|p1a: Volcarona\n|-damage|p2b: Scar|72/100|[from] Recoil\n|move|p1b: Metagross|Hammer Arm|p2b: Scar\n|-supereffective|p2b: Scar\n|-damage|p2b: Scar|4/100\n|-unboost|p1b: Metagross|spe|1\n|\n|upkeep\n|l| Jim Leader Adam\n|j| Jim Leader Adam\n|\n|t:|1771192975\n|switch|p1a: Garchomp|Garchomp, M|100/100\n|turn|4\n|l| Jim Leader Adam\n|\n|t:|1771192997\n|switch|p2a: TerapagosHoennForm|Torkoal, L99, M|100/100\n|-weather|SunnyDay|[from] ability: Drought|[of] p2a: TerapagosHoennForm\n|move|p1b: Metagross|Bullet Punch|p2b: Scar\n|-resisted|p2b: Scar\n|-damage|p2b: Scar|0 fnt\n|faint|p2b: Scar\n|move|p1a: Garchomp|Dragon Claw|p2a: TerapagosHoennForm\n|-damage|p2a: TerapagosHoennForm|65/100\n|-damage|p1a: Garchomp|84/100|[from] item: Rocky Helmet|[of] p2a: TerapagosHoennForm\n|\n|-weather|SunnyDay|[upkeep]\n|upkeep\n|\n|t:|1771193004\n|switch|p2b: Porygon2.exe|Porygon2|96/100\n|-ability|p2b: Porygon2.exe|Download|boost\n|-boost|p2b: Porygon2.exe|spa|1\n|turn|5\n|\n|t:|1771193025\n|move|p2a: TerapagosHoennForm|Heat Wave|p1a: Garchomp|[spread] p1a,p1b\n|-resisted|p1a: Garchomp\n|-supereffective|p1b: Metagross\n|-damage|p1a: Garchomp|65/100\n|-damage|p1b: Metagross|46/100\n|move|p2b: Porygon2.exe|Ice Beam|p1a: Garchomp\n|-supereffective|p1a: Garchomp\n|-damage|p1a: Garchomp|0 fnt\n|faint|p1a: Garchomp\n|move|p1b: Metagross|Psychic Fangs|p2a: TerapagosHoennForm\n|-damage|p2a: TerapagosHoennForm|27/100\n|-damage|p1b: Metagross|29/100|[from] item: Rocky Helmet|[of] p2a: TerapagosHoennForm\n|\n|-weather|SunnyDay|[upkeep]\n|upkeep\n|inactive|Frostavenger has 120 seconds left.\n|\n|t:|1771193048\n|switch|p1a: Ninetales|Ninetales-Alola, M|100/100\n|-weather|Snowscape|[from] ability: Snow Warning|[of] p1a: Ninetales\n|turn|6\n|\n|t:|1771193068\n|move|p1a: Ninetales|Protect|p1a: Ninetales\n|-singleturn|p1a: Ninetales|Protect\n|move|p2a: TerapagosHoennForm|Heat Wave|p1b: Metagross|[spread] p1b\n|-activate|p1a: Ninetales|move: Protect\n|-supereffective|p1b: Metagross\n|-damage|p1b: Metagross|0 fnt\n|faint|p1b: Metagross\n|move|p2b: Porygon2.exe|Tera Blast|p1a: Ninetales\n|-activate|p1a: Ninetales|move: Protect\n|\n|-weather|Snowscape|[upkeep]\n|-fieldend|move: Trick Room\n|upkeep\n|\n|t:|1771193080\n|switch|p1b: Incineroar|Incineroar, F|91/100\n|-ability|p1b: Incineroar|Intimidate|boost\n|-unboost|p2a: TerapagosHoennForm|atk|1\n|-unboost|p2b: Porygon2.exe|atk|1\n|turn|7\n|inactive|Pablovela0510 has 120 seconds left.\n|\n|t:|1771193114\n|move|p1b: Incineroar|Fake Out|p2b: Porygon2.exe\n|-damage|p2b: Porygon2.exe|89/100\n|move|p1a: Ninetales|Aurora Veil|p1a: Ninetales\n|-sidestart|p1: Frostavenger|move: Aurora Veil\n|move|p2a: TerapagosHoennForm|Heat Wave|p1a: Ninetales|[spread] p1a,p1b\n|-supereffective|p1a: Ninetales\n|-resisted|p1b: Incineroar\n|-damage|p1a: Ninetales|55/100\n|-damage|p1b: Incineroar|83/100\n|cant|p2b: Porygon2.exe|flinch\n|\n|-weather|Snowscape|[upkeep]\n|upkeep\n|turn|8\n|\n|t:|1771193127\n|switch|p2a: Malosa|Ursaluna, F|100/100\n|move|p1a: Ninetales|Blizzard|p2b: Porygon2.exe|[spread] p2a,p2b\n|-supereffective|p2a: Malosa\n|-damage|p2a: Malosa|43/100\n|-damage|p2b: Porygon2.exe|64/100\n|move|p1b: Incineroar|Knock Off|p2a: Malosa\n|-damage|p2a: Malosa|17/100\n|-enditem|p2a: Malosa|Flame Orb|[from] move: Knock Off|[of] p1b: Incineroar\n|move|p2b: Porygon2.exe|Trick Room|p2b: Porygon2.exe\n|-fieldstart|move: Trick Room|[of] p2b: Porygon2.exe\n|\n|-weather|Snowscape|[upkeep]\n|upkeep\n|turn|9\n|inactive|Pablovela0510 has 120 seconds left.\n|\n|t:|1771193166\n|switch|p2b: TerapagosHoennForm|Torkoal, L99, M|27/100\n|-weather|SunnyDay|[from] ability: Drought|[of] p2b: TerapagosHoennForm\n|move|p1a: Ninetales|Protect|p1a: Ninetales\n|-singleturn|p1a: Ninetales|Protect\n|move|p2a: Malosa|Headlong Rush|p1b: Incineroar\n|-supereffective|p1b: Incineroar\n|-damage|p1b: Incineroar|8/100\n|-unboost|p2a: Malosa|def|1\n|-unboost|p2a: Malosa|spd|1\n|-damage|p2a: Malosa|0 fnt|[from] item: Rocky Helmet|[of] p1b: Incineroar\n|faint|p2a: Malosa\n|move|p1b: Incineroar|Flare Blitz|p2b: TerapagosHoennForm\n|-resisted|p2b: TerapagosHoennForm\n|-damage|p2b: TerapagosHoennForm|3/100\n|-damage|p1b: Incineroar|0 fnt|[from] item: Rocky Helmet|[of] p2b: TerapagosHoennForm\n|faint|p1b: Incineroar\n|\n|-weather|SunnyDay|[upkeep]\n|upkeep\n|\n|t:|1771193183\n|switch|p2a: Porygon2.exe|Porygon2|64/100\n|switch|p1b: Dragonite|Dragonite, M|100/100\n|-ability|p2a: Porygon2.exe|Download|boost\n|-boost|p2a: Porygon2.exe|atk|1\n|turn|10\n|\n|t:|1771193198\n|move|p1b: Dragonite|Extreme Speed|p2b: TerapagosHoennForm\n|-damage|p2b: TerapagosHoennForm|0 fnt\n|-damage|p1b: Dragonite|84/100|[from] item: Rocky Helmet|[of] p2b: TerapagosHoennForm\n|faint|p2b: TerapagosHoennForm\n|move|p2a: Porygon2.exe|Ice Beam|p1b: Dragonite\n|-supereffective|p1b: Dragonite\n|-damage|p1b: Dragonite|19/100\n|move|p1a: Ninetales|Moonblast|p2a: Porygon2.exe\n|-damage|p2a: Porygon2.exe|36/100\n|-unboost|p2a: Porygon2.exe|spa|1\n|\n|-weather|SunnyDay|[upkeep]\n|upkeep\n|\n|t:|1771193203\n|switch|p2b: Nepobaby of GF|Charizard, F|100/100\n|turn|11\n|\n|t:|1771193222\n|move|p1b: Dragonite|Extreme Speed|p2b: Nepobaby of GF\n|-damage|p2b: Nepobaby of GF|54/100\n|move|p2a: Porygon2.exe|Ice Beam|p1b: Dragonite\n|-supereffective|p1b: Dragonite\n|-damage|p1b: Dragonite|0 fnt\n|faint|p1b: Dragonite\n|move|p2b: Nepobaby of GF|Heat Wave|p1a: Ninetales\n|-supereffective|p1a: Ninetales\n|-damage|p1a: Ninetales|0 fnt\n|faint|p1a: Ninetales\n|\n|win|Pablovela0510\n|raw|Frostavenger's rating: 1630 &rarr; <strong>1606</strong><br />(-24 for losing)\n|raw|Pablovela0510's rating: 1563 &rarr; <strong>1587</strong><br />(+24 for winning)\n|c|☆Frostavenger|gg\n|l|☆Pablovela0510\n|player|p2|\n|l|☆Frostavenger\n|player|p1|\n|l| ToppyTopic\n", "uploadtime": 1771193500, "views": 11, "formatid": "gen9doublesou", "rating": 1587, "private": 0, "password": null}