{"id": "gen9doublesou-2540572203", "format": "[Gen 9] Doubles OU", "players": ["ustat", "phononmode"], "log": "|j|☆ustat\n|j|☆phononmode\n|t:|1771219988\n|gametype|doubles\n|player|p1|ustat|red|1641\n|player|p2|phononmode|169|1576\n|gen|9\n|tier|[Gen 9] Doubles OU\n|rated|\n|rule|HP Percentage Mod: HP is shown in percentages\n|rule|Endless Battle Clause: Forcing endless battles is banned\n|rule|Species Clause: Limit one of each Pokémon\n|rule|OHKO Clause: OHKO moves are banned\n|rule|Evasion Moves Clause: Evasion moves are banned\n|rule|Gravity Sleep Clause: The combination of sleep-inducing moves with imperfect accuracy and Gravity or Gigantamax Orbeetle are banned\n|rule|Evasion Abilities Clause: Evasion abilities are banned\n|clearpoke\n|poke|p1|Regidrago|\n|poke|p1|Ribombee, M|\n|poke|p1|Incineroar, F|\n|poke|p1|Chi-Yu|\n|poke|p1|Ogerpon-Wellspring, F|\n|poke|p1|Metagross|\n|poke|p2|Flamigo, M|\n|poke|p2|Blaziken, M|\n|poke|p2|Iron Hands|\n|poke|p2|Whimsicott, F|\n|poke|p2|Lucario, F|\n|poke|p2|Riolu, M|\n|teampreview\n|inactive|Battle timer is ON: inactive players will automatically lose when time's up. (requested by phononmode)\n|\n|t:|1771220007\n|teamsize|p1|6\n|teamsize|p2|6\n|start\n|switch|p1a: I will survive!|Ribombee, M|100/100\n|switch|p1b: Shameless cat|Incineroar, F, shiny|100/100\n|switch|p2a: Whimsicott|Whimsicott, F|100/100\n|switch|p2b: Lucario|Lucario, F|100/100\n|-ability|p1b: Shameless cat|Intimidate|boost\n|-unboost|p2a: Whimsicott|atk|1\n|-unboost|p2b: Lucario|atk|1\n|turn|1\n|\n|t:|1771220015\n|move|p1b: Shameless cat|Fake Out|p2a: Whimsicott\n|-damage|p2a: Whimsicott|89/100\n|move|p1a: I will survive!|Tailwind|p1a: I will survive!\n|-sidestart|p1: ustat|move: Tailwind\n|cant|p2a: Whimsicott|flinch\n|move|p2b: Lucario|Meteor Mash|p1a: I will survive!\n|-supereffective|p1a: I will survive!\n|-enditem|p1a: I will survive!|Focus Sash\n|-damage|p1a: I will survive!|1/100\n|\n|upkeep\n|turn|2\n|\n|t:|1771220033\n|switch|p2b: Blaziken|Blaziken, M|100/100\n|move|p1a: I will survive!|Protect|p1a: I will survive!\n|-singleturn|p1a: I will survive!|Protect\n|move|p2a: Whimsicott|Encore|p1a: I will survive!\n|-activate|p1a: I will survive!|move: Protect\n|move|p1b: Shameless cat|Flare Blitz|p2a: Whimsicott\n|-supereffective|p2a: Whimsicott\n|-damage|p2a: Whimsicott|0 fnt\n|faint|p2a: Whimsicott\n|-damage|p1b: Shameless cat|77/100|[from] Recoil\n|\n|upkeep\n|\n|t:|1771220039\n|switch|p2a: Iron Hands|Iron Hands|100/100\n|turn|3\n|\n|t:|1771220057\n|move|p2a: Iron Hands|Fake Out|p1b: Shameless cat\n|-damage|p1b: Shameless cat|66/100\n|move|p1a: I will survive!|Moonblast|p2b: Blaziken\n|-damage|p2b: Blaziken|40/100\n|cant|p1b: Shameless cat|flinch\n|move|p2b: Blaziken|Swords Dance|p2b: Blaziken\n|-boost|p2b: Blaziken|atk|2\n|\n|-ability|p2b: Blaziken|Speed Boost|boost\n|-boost|p2b: Blaziken|spe|1\n|upkeep\n|turn|4\n|\n|t:|1771220078\n|move|p2b: Blaziken|Protect|p2b: Blaziken\n|-singleturn|p2b: Blaziken|Protect\n|move|p1a: I will survive!|Moonblast|p2b: Blaziken\n|-activate|p2b: Blaziken|move: Protect\n|move|p1b: Shameless cat|Flare Blitz|p2a: Iron Hands\n|-damage|p2a: Iron Hands|69/100\n|-damage|p1b: Shameless cat|53/100|[from] Recoil\n|move|p2a: Iron Hands|Drain Punch|p1a: I will survive!\n|-resisted|p1a: I will survive!\n|-damage|p1a: I will survive!|0 fnt\n|-heal|p2a: Iron Hands|69/100|[from] drain|[of] p1a: I will survive!\n|faint|p1a: I will survive!\n|\n|-sideend|p1: ustat|move: Tailwind\n|-ability|p2b: Blaziken|Speed Boost|boost\n|-boost|p2b: Blaziken|spe|1\n|upkeep\n|\n|t:|1771220093\n|switch|p1a: Drink water|Ogerpon-Wellspring, F|100/100\n|turn|5\n|\n|t:|1771220103\n|-end|p2a: Iron Hands|Quark Drive|[silent]\n|switch|p2a: Flamigo|Flamigo, M|100/100\n|-copyboost|p2a: Flamigo|p2b: Blaziken|[from] ability: Costar\n|move|p1a: Drink water|Spiky Shield|p1a: Drink water\n|-singleturn|p1a: Drink water|move: Protect\n|move|p2b: Blaziken|Flare Blitz|p1a: Drink water\n|-activate|p1a: Drink water|move: Protect\n|-damage|p2b: Blaziken|27/100|[from] Spiky Shield|[of] p1a: Drink water\n|move|p1b: Shameless cat|Parting Shot|p2b: Blaziken\n|-fail|p2b: Blaziken|unboost|[from] item: Clear Amulet|[of] p2b: Blaziken\n|\n|-ability|p2b: Blaziken|Speed Boost|boost\n|-boost|p2b: Blaziken|spe|1\n|upkeep\n|turn|6\n|\n|t:|1771220129\n|move|p2b: Blaziken|Earthquake|p1b: Shameless cat|[spread] p1a,p1b\n|-immune|p2a: Flamigo\n|-resisted|p1a: Drink water\n|-supereffective|p1b: Shameless cat\n|-damage|p1a: Drink water|71/100\n|-damage|p1b: Shameless cat|0 fnt\n|faint|p1b: Shameless cat\n|move|p2a: Flamigo|Close Combat|p1a: Drink water\n|-damage|p1a: Drink water|0 fnt\n|-unboost|p2a: Flamigo|def|1\n|-unboost|p2a: Flamigo|spd|1\n|faint|p1a: Drink water\n|\n|-ability|p2b: Blaziken|Speed Boost|boost\n|-boost|p2b: Blaziken|spe|1\n|upkeep\n|\n|t:|1771220141\n|switch|p1a: Luck Charm|Chi-Yu|100/100\n|switch|p1b: Kumru's Favorite|Regidrago|100/100\n|-ability|p1a: Luck Charm|Beads of Ruin\n|turn|7\n|\n|t:|1771220156\n|-terastallize|p1a: Luck Charm|Ghost\n|move|p2b: Blaziken|Earthquake|p1a: Luck Charm|[spread] p1a,p1b\n|-immune|p2a: Flamigo\n|-damage|p1a: Luck Charm|9/100\n|-damage|p1b: Kumru's Favorite|44/100\n|move|p2a: Flamigo|Brave Bird|p1a: Luck Charm\n|-damage|p1a: Luck Charm|0 fnt\n|faint|p1a: Luck Charm\n|-damage|p2a: Flamigo|98/100|[from] Recoil\n|move|p1b: Kumru's Favorite|Dragon Energy|p2a: Flamigo|[spread] p2a,p2b\n|-damage|p2a: Flamigo|0 fnt\n|-damage|p2b: Blaziken|0 fnt\n|faint|p2a: Flamigo\n|faint|p2b: Blaziken\n|\n|upkeep\n|\n|t:|1771220169\n|switch|p1a: Hammurabi|Metagross|100/100\n|switch|p2a: Riolu|Riolu, M|100/100\n|switch|p2b: Iron Hands|Iron Hands|69/100\n|turn|8\n|\n|t:|1771220178\n|move|p2b: Iron Hands|Fake Out|p1b: Kumru's Favorite\n|-damage|p1b: Kumru's Favorite|29/100\n|move|p2a: Riolu|Coaching|p2b: Iron Hands\n|-boost|p2b: Iron Hands|atk|1\n|-boost|p2b: Iron Hands|def|1\n|cant|p1b: Kumru's Favorite|flinch\n|move|p1a: Hammurabi|Psychic Fangs|p2b: Iron Hands\n|-supereffective|p2b: Iron Hands\n|-damage|p2b: Iron Hands|25/100\n|\n|upkeep\n|turn|9\n|\n|t:|1771220186\n|move|p2a: Riolu|Coaching|p2b: Iron Hands\n|-boost|p2b: Iron Hands|atk|1\n|-boost|p2b: Iron Hands|def|1\n|move|p1b: Kumru's Favorite|Dragon Energy|p2a: Riolu|[spread] p2a,p2b\n|-damage|p2a: Riolu|4/100\n|-damage|p2b: Iron Hands|12/100\n|move|p1a: Hammurabi|Psychic Fangs|p2b: Iron Hands\n|-supereffective|p2b: Iron Hands\n|-damage|p2b: Iron Hands|0 fnt\n|faint|p2b: Iron Hands\n|-end|p2b: Iron Hands|Quark Drive|[silent]\n|\n|upkeep\n|\n|t:|1771220189\n|switch|p2b: Lucario|Lucario, F|100/100\n|turn|10\n|\n|t:|1771220202\n|move|p2a: Riolu|Coaching|p2b: Lucario\n|-boost|p2b: Lucario|atk|1\n|-boost|p2b: Lucario|def|1\n|move|p2b: Lucario|Drain Punch|p1b: Kumru's Favorite\n|-damage|p1b: Kumru's Favorite|0 fnt\n|faint|p1b: Kumru's Favorite\n|move|p1a: Hammurabi|Psychic Fangs|p2b: Lucario\n|-damage|p2b: Lucario|45/100\n|\n|upkeep\n|turn|11\n|\n|t:|1771220221\n|move|p2a: Riolu|Coaching|p2b: Lucario\n|-boost|p2b: Lucario|atk|1\n|-boost|p2b: Lucario|def|1\n|move|p2b: Lucario|Drain Punch|p1a: Hammurabi\n|-damage|p1a: Hammurabi|49/100\n|-heal|p2b: Lucario|78/100|[from] drain|[of] p1a: Hammurabi\n|move|p1a: Hammurabi|Psychic Fangs|p2b: Lucario\n|-damage|p2b: Lucario|38/100\n|\n|upkeep\n|turn|12\n|\n|t:|1771220233\n|move|p2a: Riolu|Coaching|p2b: Lucario\n|-boost|p2b: Lucario|atk|1\n|-boost|p2b: Lucario|def|1\n|move|p1a: Hammurabi|Bullet Punch|p2a: Riolu\n|-damage|p2a: Riolu|0 fnt\n|faint|p2a: Riolu\n|move|p2b: Lucario|Drain Punch|p1a: Hammurabi\n|-damage|p1a: Hammurabi|0 fnt\n|-heal|p2b: Lucario|70/100|[from] drain|[of] p1a: Hammurabi\n|faint|p1a: Hammurabi\n|\n|win|phononmode\n|raw|ustat's rating: 1641 &rarr; <strong>1617</strong><br />(-24 for losing)\n|raw|phononmode's rating: 1576 &rarr; <strong>1600</strong><br />(+24 for winning)\n|l|☆phononmode\n|player|p2|\n|l|☆ustat\n|player|p1|\n", "uploadtime": 1771220622, "views": 16, "formatid": "gen9doublesou", "rating": 1600, "private": 0, "password": null}