{"id": "gen9doublesou-2540377857", "format": "[Gen 9] Doubles OU", "players": ["Nickatkat", "nedlellol"], "log": "|j|☆Nickatkat\n|j|☆nedlellol\n|t:|1771194782\n|gametype|doubles\n|player|p1|Nickatkat|li|1601\n|player|p2|nedlellol|fisherman-gen4|1629\n|gen|9\n|tier|[Gen 9] Doubles OU\n|rated|\n|rule|HP Percentage Mod: HP is shown in percentages\n|rule|Endless Battle Clause: Forcing endless battles is banned\n|rule|Species Clause: Limit one of each Pokémon\n|rule|OHKO Clause: OHKO moves are banned\n|rule|Evasion Moves Clause: Evasion moves are banned\n|rule|Gravity Sleep Clause: The combination of sleep-inducing moves with imperfect accuracy and Gravity or Gigantamax Orbeetle are banned\n|rule|Evasion Abilities Clause: Evasion abilities are banned\n|clearpoke\n|poke|p1|Incineroar, M|\n|poke|p1|Tornadus, M|\n|poke|p1|Gholdengo|\n|poke|p1|Landorus, M|\n|poke|p1|Iron Hands|\n|poke|p1|Ogerpon-Wellspring, F|\n|poke|p2|Ninetales-Alola, M|\n|poke|p2|Incineroar, F|\n|poke|p2|Landorus, M|\n|poke|p2|Kingambit, F|\n|poke|p2|Kyurem|\n|poke|p2|Rillaboom, M|\n|teampreview\n|inactive|Battle timer is ON: inactive players will automatically lose when time's up. (requested by nedlellol)\n|\n|t:|1771194813\n|teamsize|p1|6\n|teamsize|p2|6\n|start\n|switch|p1a: Gholdengo|Gholdengo|100/100\n|switch|p1b: Iron Hands|Iron Hands|100/100\n|switch|p2a: Kyurem|Kyurem, shiny|100/100\n|switch|p2b: Ninetales|Ninetales-Alola, M, shiny|100/100\n|-weather|Snowscape|[from] ability: Snow Warning|[of] p2b: Ninetales\n|-ability|p2a: Kyurem|Pressure\n|turn|1\n|\n|t:|1771194829\n|switch|p2a: Incineroar|Incineroar, F|100/100\n|-ability|p2a: Incineroar|Intimidate|boost\n|-unboost|p1a: Gholdengo|atk|1\n|-unboost|p1b: Iron Hands|atk|1\n|move|p2b: Ninetales|Protect|p2b: Ninetales\n|-singleturn|p2b: Ninetales|Protect\n|move|p1b: Iron Hands|Fake Out|p2a: Incineroar\n|-damage|p2a: Incineroar|93/100\n|move|p1a: Gholdengo|Make It Rain|p2b: Ninetales|[spread] p2a\n|-activate|p2b: Ninetales|move: Protect\n|-resisted|p2a: Incineroar\n|-damage|p2a: Incineroar|75/100\n|-unboost|p1a: Gholdengo|spa|1\n|\n|-weather|Snowscape|[upkeep]\n|upkeep\n|turn|2\n|inactive|Nickatkat has 120 seconds left.\n|\n|t:|1771194863\n|switch|p2b: Kingambit|Kingambit, F, shiny|100/100\n|move|p1a: Gholdengo|Make It Rain|p2b: Kingambit|[spread] p2a,p2b\n|-resisted|p2a: Incineroar\n|-crit|p2a: Incineroar\n|-resisted|p2b: Kingambit\n|-damage|p2a: Incineroar|53/100\n|-damage|p2b: Kingambit|87/100\n|-unboost|p1a: Gholdengo|spa|1\n|move|p1b: Iron Hands|Drain Punch|p2a: Incineroar\n|-supereffective|p2a: Incineroar\n|-damage|p2a: Incineroar|8/100\n|-enditem|p2a: Incineroar|Sitrus Berry|[eat]\n|-heal|p2a: Incineroar|33/100|[from] item: Sitrus Berry\n|move|p2a: Incineroar|Will-O-Wisp|p1b: Iron Hands\n|-status|p1b: Iron Hands|brn\n|\n|-weather|Snowscape|[upkeep]\n|-damage|p1b: Iron Hands|94/100 brn|[from] brn\n|upkeep\n|turn|3\n|inactive|Nickatkat has 120 seconds left.\n|\n|t:|1771194892\n|switch|p1a: Landorus|Landorus, M|100/100\n|move|p1b: Iron Hands|Drain Punch|p2b: Kingambit\n|-supereffective|p2b: Kingambit\n|-damage|p2b: Kingambit|51/100\n|-heal|p1b: Iron Hands|100/100 brn|[from] drain|[of] p2b: Kingambit\n|move|p2a: Incineroar|Parting Shot|p1b: Iron Hands\n|-unboost|p1b: Iron Hands|atk|1\n|-unboost|p1b: Iron Hands|spa|1\n|\n|t:|1771194901\n|switch|p2a: Rillaboom|Rillaboom, M|100/100|[from] Parting Shot\n|-fieldstart|move: Grassy Terrain|[from] ability: Grassy Surge|[of] p2a: Rillaboom\n|move|p2b: Kingambit|Swords Dance|p2b: Kingambit\n|-boost|p2b: Kingambit|atk|2\n|\n|-weather|Snowscape|[upkeep]\n|-heal|p2b: Kingambit|57/100|[from] Grassy Terrain\n|-damage|p1b: Iron Hands|94/100 brn|[from] brn\n|upkeep\n|turn|4\n|\n|t:|1771194928\n|-end|p1b: Iron Hands|Quark Drive|[silent]\n|switch|p1b: Tornadus|Tornadus, M|100/100\n|-terastallize|p2b: Kingambit|Dark\n|move|p2a: Rillaboom|Fake Out|p1a: Landorus\n|-damage|p1a: Landorus|83/100\n|cant|p1a: Landorus|flinch\n|move|p2b: Kingambit|Swords Dance|p2b: Kingambit\n|-boost|p2b: Kingambit|atk|2\n|\n|-weather|Snowscape|[upkeep]\n|-heal|p2b: Kingambit|63/100|[from] Grassy Terrain\n|upkeep\n|turn|5\n|\n|t:|1771194953\n|move|p2b: Kingambit|Sucker Punch|p1a: Landorus\n|-damage|p1a: Landorus|0 fnt\n|faint|p1a: Landorus\n|move|p1b: Tornadus|Bleakwind Storm|p2a: Rillaboom|[spread] p2b\n|-miss|p1b: Tornadus|p2a: Rillaboom\n|-damage|p2b: Kingambit|28/100\n|move|p2a: Rillaboom|U-turn|p1b: Tornadus\n|-resisted|p1b: Tornadus\n|-damage|p1b: Tornadus|82/100\n|inactive|nedlellol has 120 seconds left.\n|\n|t:|1771194964\n|switch|p2a: Incineroar|Incineroar, F|33/100|[from] U-turn\n|-ability|p2a: Incineroar|Intimidate|boost\n|-unboost|p1b: Tornadus|atk|1\n|\n|-weather|none\n|-heal|p2a: Incineroar|39/100|[from] Grassy Terrain\n|-heal|p2b: Kingambit|34/100|[from] Grassy Terrain\n|upkeep\n|\n|t:|1771194978\n|switch|p1a: Ogerpon|Ogerpon-Wellspring, F|100/100\n|turn|6\n|\n|t:|1771194994\n|move|p2b: Kingambit|Protect|p2b: Kingambit\n|-singleturn|p2b: Kingambit|Protect\n|move|p1b: Tornadus|Bleakwind Storm|p2b: Kingambit|[spread] \n|-activate|p2b: Kingambit|move: Protect\n|-miss|p1b: Tornadus|p2a: Incineroar\n|move|p1a: Ogerpon|Wood Hammer|p2b: Kingambit\n|-activate|p2b: Kingambit|move: Protect\n|move|p2a: Incineroar|Will-O-Wisp|p1a: Ogerpon\n|-status|p1a: Ogerpon|brn\n|\n|-heal|p2a: Incineroar|45/100|[from] Grassy Terrain\n|-heal|p2b: Kingambit|41/100|[from] Grassy Terrain\n|-damage|p1a: Ogerpon|95/100 brn|[from] brn\n|upkeep\n|turn|7\n|\n|t:|1771195011\n|move|p2b: Kingambit|Sucker Punch|p1a: Ogerpon\n|-damage|p1a: Ogerpon|0 fnt\n|faint|p1a: Ogerpon\n|move|p1b: Tornadus|Bleakwind Storm|p2a: Incineroar|[spread] p2a,p2b\n|-damage|p2a: Incineroar|16/100\n|-damage|p2b: Kingambit|0 fnt\n|faint|p2b: Kingambit\n|move|p2a: Incineroar|Parting Shot|p1b: Tornadus\n|-unboost|p1b: Tornadus|atk|1\n|-unboost|p1b: Tornadus|spa|1\n|\n|t:|1771195021\n|switch|p2a: Ninetales|Ninetales-Alola, M, shiny|100/100|[from] Parting Shot\n|-weather|Snowscape|[from] ability: Snow Warning|[of] p2a: Ninetales\n|\n|-weather|Snowscape|[upkeep]\n|-fieldend|move: Grassy Terrain\n|upkeep\n|\n|t:|1771195035\n|switch|p1a: Gholdengo|Gholdengo|100/100\n|switch|p2b: Kyurem|Kyurem, shiny|100/100\n|-ability|p2b: Kyurem|Pressure\n|turn|8\n|\n|t:|1771195046\n|switch|p2b: Incineroar|Incineroar, F|16/100\n|-ability|p2b: Incineroar|Intimidate|boost\n|-unboost|p1a: Gholdengo|atk|1\n|-unboost|p1b: Tornadus|atk|1\n|move|p2a: Ninetales|Protect|p2a: Ninetales\n|-singleturn|p2a: Ninetales|Protect\n|move|p1b: Tornadus|Tailwind|p1b: Tornadus\n|-sidestart|p1: Nickatkat|move: Tailwind\n|move|p1a: Gholdengo|Nasty Plot|p1a: Gholdengo\n|-boost|p1a: Gholdengo|spa|2\n|\n|-weather|Snowscape|[upkeep]\n|upkeep\n|turn|9\n|\n|t:|1771195064\n|switch|p2a: Rillaboom|Rillaboom, M|100/100\n|-fieldstart|move: Grassy Terrain|[from] ability: Grassy Surge|[of] p2a: Rillaboom\n|move|p1b: Tornadus|Protect|p1b: Tornadus\n|-singleturn|p1b: Tornadus|Protect\n|move|p1a: Gholdengo|Protect|p1a: Gholdengo\n|-singleturn|p1a: Gholdengo|Protect\n|move|p2b: Incineroar|Knock Off|p1a: Gholdengo\n|-activate|p1a: Gholdengo|move: Protect\n|\n|-weather|Snowscape|[upkeep]\n|-heal|p2b: Incineroar|23/100|[from] Grassy Terrain\n|upkeep\n|turn|10\n|\n|t:|1771195081\n|move|p2a: Rillaboom|Fake Out|p1b: Tornadus\n|-damage|p1b: Tornadus|58/100\n|cant|p1b: Tornadus|flinch\n|move|p1a: Gholdengo|Shadow Ball|p2a: Rillaboom\n|-damage|p2a: Rillaboom|45/100\n|move|p2b: Incineroar|Knock Off|p1a: Gholdengo\n|-supereffective|p1a: Gholdengo\n|-damage|p1a: Gholdengo|31/100\n|-enditem|p1a: Gholdengo|Leftovers|[from] move: Knock Off|[of] p2b: Incineroar\n|\n|-weather|Snowscape|[upkeep]\n|-heal|p1a: Gholdengo|37/100|[from] Grassy Terrain\n|-heal|p2a: Rillaboom|51/100|[from] Grassy Terrain\n|-heal|p2b: Incineroar|29/100|[from] Grassy Terrain\n|upkeep\n|turn|11\n|\n|t:|1771195100\n|move|p2a: Rillaboom|Grassy Glide|p1a: Gholdengo\n|-resisted|p1a: Gholdengo\n|-damage|p1a: Gholdengo|18/100\n|move|p1b: Tornadus|Bleakwind Storm|p2b: Incineroar|[spread] p2b\n|-miss|p1b: Tornadus|p2a: Rillaboom\n|-damage|p2b: Incineroar|12/100\n|move|p1a: Gholdengo|Shadow Ball|p2a: Rillaboom\n|-damage|p2a: Rillaboom|0 fnt\n|faint|p2a: Rillaboom\n|move|p2b: Incineroar|Parting Shot|p1b: Tornadus\n|-unboost|p1b: Tornadus|atk|1\n|-unboost|p1b: Tornadus|spa|1\n|\n|t:|1771195114\n|switch|p2b: Landorus|Landorus, M|100/100|[from] Parting Shot\n|\n|-weather|none\n|-heal|p1a: Gholdengo|25/100|[from] Grassy Terrain\n|-sideend|p1: Nickatkat|move: Tailwind\n|upkeep\n|\n|t:|1771195119\n|switch|p2a: Ninetales|Ninetales-Alola, M, shiny|100/100\n|-weather|Snowscape|[from] ability: Snow Warning|[of] p2a: Ninetales\n|turn|12\n|\n|t:|1771195133\n|move|p2a: Ninetales|Protect|p2a: Ninetales\n|-singleturn|p2a: Ninetales|Protect\n|move|p1a: Gholdengo|Protect|p1a: Gholdengo\n|-singleturn|p1a: Gholdengo|Protect\n|move|p1b: Tornadus|Tailwind|p1b: Tornadus\n|-sidestart|p1: Nickatkat|move: Tailwind\n|move|p2b: Landorus|Substitute|p2b: Landorus\n|-start|p2b: Landorus|Substitute\n|-damage|p2b: Landorus|76/100\n|\n|-weather|Snowscape|[upkeep]\n|-heal|p1a: Gholdengo|31/100|[from] Grassy Terrain\n|upkeep\n|turn|13\n|\n|t:|1771195146\n|switch|p2a: Incineroar|Incineroar, F|12/100\n|-ability|p2a: Incineroar|Intimidate|boost\n|-unboost|p1a: Gholdengo|atk|1\n|-unboost|p1b: Tornadus|atk|1\n|move|p1b: Tornadus|Icy Wind|p2a: Incineroar|[spread] p2a,p2b\n|-supereffective|p2b: Landorus\n|-end|p2b: Landorus|Substitute\n|-resisted|p2a: Incineroar\n|-damage|p2a: Incineroar|9/100\n|-unboost|p2a: Incineroar|spe|1\n|move|p1a: Gholdengo|Make It Rain|p2a: Incineroar|[spread] p2a,p2b\n|-resisted|p2a: Incineroar\n|-damage|p2a: Incineroar|0 fnt\n|-damage|p2b: Landorus|0 fnt\n|-unboost|p1a: Gholdengo|spa|1\n|faint|p2a: Incineroar\n|faint|p2b: Landorus\n|\n|-weather|Snowscape|[upkeep]\n|-heal|p1a: Gholdengo|37/100|[from] Grassy Terrain\n|-fieldend|move: Grassy Terrain\n|upkeep\n|\n|t:|1771195164\n|switch|p2b: Kyurem|Kyurem, shiny|100/100\n|switch|p2a: Ninetales|Ninetales-Alola, M, shiny|100/100\n|-ability|p2b: Kyurem|Pressure\n|turn|14\n|\n|t:|1771195177\n|move|p1a: Gholdengo|Protect|p1a: Gholdengo\n|-singleturn|p1a: Gholdengo|Protect\n|move|p1b: Tornadus|Bleakwind Storm|p2b: Kyurem|[spread] p2a\n|-miss|p1b: Tornadus|p2b: Kyurem\n|-damage|p2a: Ninetales|83/100\n|move|p2a: Ninetales|Aurora Veil|p2a: Ninetales\n|-sidestart|p2: nedlellol|move: Aurora Veil\n|move|p2b: Kyurem|Blizzard|p1a: Gholdengo|[spread] p1b\n|-activate|p1a: Gholdengo|move: Protect\n|-supereffective|p1b: Tornadus\n|-damage|p1b: Tornadus|0 fnt\n|faint|p1b: Tornadus\n|\n|-weather|Snowscape|[upkeep]\n|upkeep\n|\n|t:|1771195189\n|switch|p1b: Incineroar|Incineroar, M|100/100\n|-ability|p1b: Incineroar|Intimidate|boost\n|-unboost|p2a: Ninetales|atk|1\n|-unboost|p2b: Kyurem|atk|1\n|turn|15\n|\n|t:|1771195200\n|move|p2a: Ninetales|Protect|p2a: Ninetales\n|-singleturn|p2a: Ninetales|Protect\n|move|p1b: Incineroar|Fake Out|p2b: Kyurem\n|-damage|p2b: Kyurem|97/100\n|move|p1a: Gholdengo|Make It Rain|p2b: Kyurem|[spread] p2b\n|-activate|p2a: Ninetales|move: Protect\n|-supereffective|p2b: Kyurem\n|-damage|p2b: Kyurem|45/100\n|-unboost|p1a: Gholdengo|spa|1\n|cant|p2b: Kyurem|flinch\n|\n|-weather|Snowscape|[upkeep]\n|-sideend|p1: Nickatkat|move: Tailwind\n|upkeep\n|turn|16\n|-message|nedlellol forfeited.\n|\n|win|Nickatkat\n|raw|Nickatkat's rating: 1601 &rarr; <strong>1623</strong><br />(+22 for winning)\n|raw|nedlellol's rating: 1629 &rarr; <strong>1607</strong><br />(-22 for losing)\n|l|☆nedlellol\n|player|p2|\n|l|☆Nickatkat\n|player|p1|\n", "uploadtime": 1771195433, "views": 11, "formatid": "gen9doublesou", "rating": 1607, "private": 0, "password": null}