{"id": "gen9doublesou-2540508309", "format": "[Gen 9] Doubles OU", "players": ["Jaiper_Showdown", "lucus27"], "log": "|badge|p1|bronze|gen9doublesou|100-8\n|uhtml|medal-msg|<div class=\"broadcast-blue\">Curious what those medals under the avatar are? PS now has Ladder Seasons! For more information, check out the <a href=\"https://www.smogon.com/forums/threads/3740067/\">thread on Smogon.</a></div>\n|j|☆Jaiper_Showdown\n|j|☆lucus27\n|t:|1771210813\n|gametype|doubles\n|player|p1|Jaiper_Showdown|nate|1754\n|player|p2|lucus27|lucas|1663\n|gen|9\n|tier|[Gen 9] Doubles OU\n|rated|\n|rule|HP Percentage Mod: HP is shown in percentages\n|rule|Endless Battle Clause: Forcing endless battles is banned\n|rule|Species Clause: Limit one of each Pokémon\n|rule|OHKO Clause: OHKO moves are banned\n|rule|Evasion Moves Clause: Evasion moves are banned\n|rule|Gravity Sleep Clause: The combination of sleep-inducing moves with imperfect accuracy and Gravity or Gigantamax Orbeetle are banned\n|rule|Evasion Abilities Clause: Evasion abilities are banned\n|clearpoke\n|poke|p1|Azumarill, F|\n|poke|p1|Cresselia, F|\n|poke|p1|Chi-Yu|\n|poke|p1|Glimmora, M|\n|poke|p1|Iron Hands|\n|poke|p1|Gengar, M|\n|poke|p2|Hydreigon, F|\n|poke|p2|Goodra-Hisui, M|\n|poke|p2|Ninetales-Alola, F|\n|poke|p2|Gastrodon-East, F|\n|poke|p2|Corviknight, M|\n|poke|p2|Tauros-Paldea-Blaze, M|\n|teampreview\n|\n|t:|1771210828\n|teamsize|p1|6\n|teamsize|p2|6\n|start\n|switch|p1a: Chi-Yu|Chi-Yu|100/100\n|switch|p1b: Gengar|Gengar, M, shiny|100/100\n|switch|p2a: Hydreigon|Hydreigon, F|100/100\n|switch|p2b: Goodra|Goodra-Hisui, M|100/100\n|-ability|p1a: Chi-Yu|Beads of Ruin\n|turn|1\n|\n|t:|1771210842\n|move|p1a: Chi-Yu|Heat Wave|p2b: Goodra|[spread] p2a,p2b\n|-resisted|p2a: Hydreigon\n|-damage|p2a: Hydreigon|79/100\n|-damage|p2b: Goodra|78/100\n|move|p1b: Gengar|Sludge Bomb|p2a: Hydreigon\n|-damage|p2a: Hydreigon|14/100\n|-status|p2a: Hydreigon|psn\n|-damage|p1b: Gengar|91/100|[from] item: Life Orb\n|move|p2a: Hydreigon|Snarl|p1a: Chi-Yu|[spread] p1a,p1b\n|-resisted|p1a: Chi-Yu\n|-supereffective|p1b: Gengar\n|-damage|p1a: Chi-Yu|88/100\n|-damage|p1b: Gengar|0 fnt\n|-unboost|p1a: Chi-Yu|spa|1\n|-start|p2a: Hydreigon|Disable|Snarl|[from] ability: Cursed Body|[of] p1b: Gengar\n|faint|p1b: Gengar\n|move|p2b: Goodra|Dragon Pulse|p1a: Chi-Yu\n|-damage|p1a: Chi-Yu|45/100\n|\n|-damage|p2a: Hydreigon|2/100 psn|[from] psn\n|upkeep\n|j| Coldblooded0706\n|\n|t:|1771210862\n|switch|p1b: Iron Hands|Iron Hands|100/100\n|turn|2\n|\n|t:|1771210872\n|switch|p1a: Cresselia|Cresselia, F|100/100\n|move|p2a: Hydreigon|Earth Power|p1a: Cresselia\n|-immune|p1a: Cresselia|[from] ability: Levitate\n|move|p2b: Goodra|Dragon Pulse|p1a: Cresselia\n|-damage|p1a: Cresselia|82/100\n|move|p1b: Iron Hands|Swords Dance|p1b: Iron Hands\n|-boost|p1b: Iron Hands|atk|2\n|\n|-damage|p2a: Hydreigon|0 fnt|[from] psn\n|faint|p2a: Hydreigon\n|upkeep\n|\n|t:|1771210882\n|switch|p2a: Gastrodon|Gastrodon-East, F|100/100\n|turn|3\n|\n|t:|1771210893\n|-terastallize|p2b: Goodra|Fairy\n|move|p2b: Goodra|Dragon Pulse|p1b: Iron Hands\n|-damage|p1b: Iron Hands|75/100\n|move|p1b: Iron Hands|Drain Punch|p2b: Goodra\n|-resisted|p2b: Goodra\n|-damage|p2b: Goodra|44/100\n|-heal|p1b: Iron Hands|85/100|[from] drain|[of] p2b: Goodra\n|move|p2a: Gastrodon|Earth Power|p1b: Iron Hands\n|-supereffective|p1b: Iron Hands\n|-damage|p1b: Iron Hands|31/100\n|move|p1a: Cresselia|Trick Room|p1a: Cresselia\n|-fieldstart|move: Trick Room|[of] p1a: Cresselia\n|\n|upkeep\n|turn|4\n|\n|t:|1771210909\n|-terastallize|p1b: Iron Hands|Grass\n|move|p2a: Gastrodon|Earth Power|p1b: Iron Hands\n|-resisted|p1b: Iron Hands\n|-damage|p1b: Iron Hands|18/100\n|move|p1b: Iron Hands|Drain Punch|p2a: Gastrodon\n|-damage|p2a: Gastrodon|22/100\n|-heal|p1b: Iron Hands|46/100|[from] drain|[of] p2a: Gastrodon\n|move|p1a: Cresselia|Lunar Blessing|p1a: Cresselia|[spread] p1a,p1b\n|-heal|p1a: Cresselia|100/100\n|-heal|p1b: Iron Hands|71/100\n|move|p2b: Goodra|Dragon Pulse|p1b: Iron Hands\n|-damage|p1b: Iron Hands|45/100\n|\n|upkeep\n|turn|5\n|\n|t:|1771210930\n|move|p1a: Cresselia|Ally Switch|p1a: Cresselia\n|swap|p1a: Cresselia|1|[from] move: Ally Switch\n|move|p2a: Gastrodon|Ice Beam|p1b: Cresselia\n|-damage|p1b: Cresselia|87/100\n|move|p1a: Iron Hands|Drain Punch|p2a: Gastrodon\n|-crit|p2a: Gastrodon\n|-damage|p2a: Gastrodon|0 fnt\n|-heal|p1a: Iron Hands|53/100|[from] drain|[of] p2a: Gastrodon\n|faint|p2a: Gastrodon\n|move|p2b: Goodra|Ice Beam|p1b: Cresselia\n|-damage|p1b: Cresselia|74/100\n|\n|upkeep\n|\n|t:|1771210938\n|switch|p2a: Corviknight|Corviknight, M, shiny|100/100\n|turn|6\n|\n|t:|1771210949\n|switch|p2b: Tauros|Tauros-Paldea-Blaze, M|100/100\n|-ability|p2b: Tauros|Intimidate|boost\n|-unboost|p1a: Iron Hands|atk|1\n|-unboost|p1b: Cresselia|atk|1\n|move|p1a: Iron Hands|Thunder Punch|p2a: Corviknight\n|-supereffective|p2a: Corviknight\n|-damage|p2a: Corviknight|22/100\n|-damage|p1a: Iron Hands|36/100|[from] item: Rocky Helmet|[of] p2a: Corviknight\n|move|p1b: Cresselia|Lunar Blessing|p1b: Cresselia|[spread] p1a,p1b\n|-heal|p1a: Iron Hands|61/100\n|-heal|p1b: Cresselia|99/100\n|move|p2a: Corviknight|Brave Bird|p1a: Iron Hands\n|-supereffective|p1a: Iron Hands\n|-damage|p1a: Iron Hands|11/100\n|-damage|p2a: Corviknight|0 fnt|[from] Recoil\n|faint|p2a: Corviknight\n|\n|upkeep\n|\n|t:|1771210967\n|switch|p2a: Goodra|Goodra-Hisui, M, tera:Fairy|44/100\n|turn|7\n|\n|t:|1771210979\n|move|p2b: Tauros|Protect|p2b: Tauros\n|-singleturn|p2b: Tauros|Protect\n|move|p1a: Iron Hands|Thunder Punch|p2a: Goodra\n|-damage|p2a: Goodra|0 fnt\n|faint|p2a: Goodra\n|move|p1b: Cresselia|Psychic|p2b: Tauros\n|-activate|p2b: Tauros|move: Protect\n|\n|-fieldend|move: Trick Room\n|upkeep\n|\n|t:|1771210985\n|switch|p2a: Ninetales|Ninetales-Alola, F, shiny|100/100\n|-weather|Snowscape|[from] ability: Snow Warning|[of] p2a: Ninetales\n|turn|8\n|\n|t:|1771210994\n|-end|p1a: Iron Hands|Quark Drive|[silent]\n|switch|p1a: Azumarill|Azumarill, F, shiny|100/100\n|move|p2b: Tauros|Rock Slide|p1a: Azumarill|[spread] p1a,p1b\n|-damage|p1a: Azumarill|81/100\n|-damage|p1b: Cresselia|86/100\n|move|p2a: Ninetales|Blizzard|p1a: Azumarill|[spread] p1a,p1b\n|-resisted|p1a: Azumarill\n|-damage|p1a: Azumarill|71/100\n|-damage|p1b: Cresselia|72/100\n|move|p1b: Cresselia|Trick Room|p1b: Cresselia\n|-fieldstart|move: Trick Room|[of] p1b: Cresselia\n|\n|-weather|Snowscape|[upkeep]\n|upkeep\n|turn|9\n|\n|t:|1771211013\n|move|p2b: Tauros|Protect|p2b: Tauros\n|-singleturn|p2b: Tauros|Protect\n|move|p1a: Azumarill|Liquidation|p2a: Ninetales\n|-damage|p2a: Ninetales|50/100\n|-unboost|p2a: Ninetales|def|1\n|move|p1b: Cresselia|Lunar Blessing|p1b: Cresselia|[spread] p1a,p1b\n|-heal|p1a: Azumarill|96/100\n|-heal|p1b: Cresselia|97/100\n|move|p2a: Ninetales|Freeze-Dry|p1a: Azumarill\n|-supereffective|p1a: Azumarill\n|-damage|p1a: Azumarill|61/100\n|\n|-weather|Snowscape|[upkeep]\n|upkeep\n|turn|10\n|\n|t:|1771211030\n|switch|p1b: Iron Hands|Iron Hands, tera:Grass|11/100\n|move|p1a: Azumarill|Liquidation|p2b: Tauros\n|-supereffective|p2b: Tauros\n|-damage|p2b: Tauros|0 fnt\n|faint|p2b: Tauros\n|move|p2a: Ninetales|Freeze-Dry|p1a: Azumarill\n|-supereffective|p1a: Azumarill\n|-damage|p1a: Azumarill|27/100\n|\n|-weather|Snowscape|[upkeep]\n|upkeep\n|turn|11\n|\n|t:|1771211041\n|move|p1b: Iron Hands|Swords Dance|p1b: Iron Hands\n|-boost|p1b: Iron Hands|atk|2\n|move|p1a: Azumarill|Liquidation|p2a: Ninetales\n|-damage|p2a: Ninetales|0 fnt\n|faint|p2a: Ninetales\n|\n|win|Jaiper_Showdown\n|raw|Jaiper_Showdown's rating: 1754 &rarr; <strong>1769</strong><br />(+15 for winning)\n|raw|lucus27's rating: 1663 &rarr; <strong>1648</strong><br />(-15 for losing)\n|l|☆lucus27\n|player|p2|\n|l|☆Jaiper_Showdown\n|player|p1|\n|l| Coldblooded0706\n", "uploadtime": 1771211183, "views": 13, "formatid": "gen9doublesou", "rating": 1648, "private": 0, "password": null}