{"id": "gen9doublesou-2540283119", "format": "[Gen 9] Doubles OU", "players": ["gil321", "SHLOK101"], "log": "|j|☆gil321\n|j|☆SHLOK101\n|t:|1771184371\n|gametype|doubles\n|player|p1|gil321|rocketgrunt|1692\n|player|p2|SHLOK101|cynthia|1727\n|gen|9\n|tier|[Gen 9] Doubles OU\n|rated|\n|rule|HP Percentage Mod: HP is shown in percentages\n|rule|Endless Battle Clause: Forcing endless battles is banned\n|rule|Species Clause: Limit one of each Pokémon\n|rule|OHKO Clause: OHKO moves are banned\n|rule|Evasion Moves Clause: Evasion moves are banned\n|rule|Gravity Sleep Clause: The combination of sleep-inducing moves with imperfect accuracy and Gravity or Gigantamax Orbeetle are banned\n|rule|Evasion Abilities Clause: Evasion abilities are banned\n|clearpoke\n|poke|p1|Excadrill, M|\n|poke|p1|Chien-Pao|\n|poke|p1|Tyranitar, M|\n|poke|p1|Dragonite, F|\n|poke|p1|Sinistcha-Masterpiece|\n|poke|p1|Landorus, M|\n|poke|p2|Incineroar, M|\n|poke|p2|Chien-Pao|\n|poke|p2|Dragonite, F|\n|poke|p2|Ogerpon-Hearthflame, F|\n|poke|p2|Basculegion-F, F|\n|poke|p2|Smeargle, M|\n|teampreview\n|inactive|Battle timer is ON: inactive players will automatically lose when time's up. (requested by SHLOK101)\n|inactive|SHLOK101 has 120 seconds left.\n|\n|t:|1771184405\n|teamsize|p1|6\n|teamsize|p2|6\n|start\n|switch|p1a: C. Ronaldo (C)|Dragonite, F|100/100\n|switch|p1b: Vini Jr|Chien-Pao|100/100\n|switch|p2a: Dragonite|Dragonite, F|100/100\n|switch|p2b: Incineroar|Incineroar, M|100/100\n|-ability|p1b: Vini Jr|Sword of Ruin\n|-ability|p2b: Incineroar|Intimidate|boost\n|-fail|p1a: C. Ronaldo (C)|unboost|Attack|[from] ability: Inner Focus|[of] p1a: C. Ronaldo (C)\n|-unboost|p1b: Vini Jr|atk|1\n|turn|1\n|\n|t:|1771184420\n|-terastallize|p1a: C. Ronaldo (C)|Normal\n|move|p1b: Vini Jr|Protect|p1b: Vini Jr\n|-singleturn|p1b: Vini Jr|Protect\n|move|p1a: C. Ronaldo (C)|Extreme Speed|p2a: Dragonite\n|-damage|p2a: Dragonite|20/100\n|move|p2a: Dragonite|Scale Shot|p1a: C. Ronaldo (C)\n|-damage|p1a: C. Ronaldo (C)|82/100\n|-damage|p1a: C. Ronaldo (C)|65/100\n|-crit|p1a: C. Ronaldo (C)\n|-damage|p1a: C. Ronaldo (C)|40/100\n|-damage|p1a: C. Ronaldo (C)|22/100\n|-hitcount|p1a: C. Ronaldo (C)|4\n|-unboost|p2a: Dragonite|def|1\n|-boost|p2a: Dragonite|spe|1\n|move|p2b: Incineroar|Parting Shot|p1a: C. Ronaldo (C)\n|-unboost|p1a: C. Ronaldo (C)|atk|1\n|-unboost|p1a: C. Ronaldo (C)|spa|1\n|j| punyakoko\n|inactive|SHLOK101 has 120 seconds left.\n|\n|t:|1771184442\n|switch|p2b: Smeargle|Smeargle, M|100/100|[from] Parting Shot\n|\n|-ability|p2b: Smeargle|Moody|boost\n|-boost|p2b: Smeargle|def|2\n|-unboost|p2b: Smeargle|spa|1\n|upkeep\n|turn|2\n|\n|t:|1771184455\n|switch|p2a: Incineroar|Incineroar, M|100/100\n|-ability|p2a: Incineroar|Intimidate|boost\n|-fail|p1a: C. Ronaldo (C)|unboost|Attack|[from] ability: Inner Focus|[of] p1a: C. Ronaldo (C)\n|-unboost|p1b: Vini Jr|atk|1\n|-terastallize|p2b: Smeargle|Ghost\n|move|p1a: C. Ronaldo (C)|Extreme Speed|p2b: Smeargle\n|-immune|p2b: Smeargle\n|move|p1b: Vini Jr|Night Slash|p2b: Smeargle\n|-supereffective|p2b: Smeargle\n|-damage|p2b: Smeargle|39/100\n|move|p2b: Smeargle|Spore|p1b: Vini Jr\n|-status|p1b: Vini Jr|slp|[from] move: Spore\n|\n|-ability|p2b: Smeargle|Moody|boost\n|-boost|p2b: Smeargle|spd|2\n|-unboost|p2b: Smeargle|spa|1\n|upkeep\n|turn|3\n|\n|t:|1771184475\n|switch|p1b: De Bruyne|Sinistcha-Masterpiece|100/100\n|-heal|p1a: C. Ronaldo (C)|47/100|[from] ability: Hospitality|[of] p1b: De Bruyne\n|switch|p2a: Basculegion|Basculegion-F, F|100/100\n|move|p1a: C. Ronaldo (C)|Extreme Speed|p2a: Basculegion\n|-immune|p2a: Basculegion\n|move|p2b: Smeargle|Spore|p1a: C. Ronaldo (C)\n|-status|p1a: C. Ronaldo (C)|slp|[from] move: Spore\n|\n|-ability|p2b: Smeargle|Moody|boost\n|-boost|p2b: Smeargle|spd|2\n|-unboost|p2b: Smeargle|spe|1\n|upkeep\n|turn|4\n|\n|t:|1771184499\n|switch|p1a: Vini Jr|Chien-Pao|100/100 slp\n|-ability|p1a: Vini Jr|Sword of Ruin\n|move|p2a: Basculegion|Last Respects|p1b: De Bruyne\n|-supereffective|p1b: De Bruyne\n|-damage|p1b: De Bruyne|30/100\n|move|p2b: Smeargle|Decorate|p2a: Basculegion\n|-boost|p2a: Basculegion|atk|2\n|-boost|p2a: Basculegion|spa|2\n|move|p1b: De Bruyne|Night Shade|p2b: Smeargle\n|-damage|p2b: Smeargle|7/100\n|\n|-ability|p2b: Smeargle|Moody|boost\n|-boost|p2b: Smeargle|def|2\n|-unboost|p2b: Smeargle|spa|1\n|upkeep\n|turn|5\n|\n|t:|1771184520\n|switch|p1b: Van dijk|Tyranitar, M|100/100\n|-weather|Sandstorm|[from] ability: Sand Stream|[of] p1b: Van dijk\n|cant|p1a: Vini Jr|slp\n|move|p2a: Basculegion|Liquidation|p1b: Van dijk\n|-supereffective|p1b: Van dijk\n|-damage|p1b: Van dijk|0 fnt\n|faint|p1b: Van dijk\n|move|p2b: Smeargle|Decorate|p2a: Basculegion\n|-boost|p2a: Basculegion|atk|2\n|-boost|p2a: Basculegion|spa|2\n|\n|-weather|Sandstorm|[upkeep]\n|-damage|p1a: Vini Jr|95/100 slp|[from] Sandstorm\n|-damage|p2a: Basculegion|94/100|[from] Sandstorm\n|-damage|p2b: Smeargle|1/100|[from] Sandstorm\n|-ability|p2b: Smeargle|Moody|boost\n|-boost|p2b: Smeargle|spe|2\n|-unboost|p2b: Smeargle|def|1\n|upkeep\n|inactive|gil321 has 120 seconds left.\n|\n|t:|1771184538\n|switch|p1b: Messi|Excadrill, M|100/100\n|turn|6\n|\n|t:|1771184549\n|switch|p2b: Incineroar|Incineroar, M|100/100\n|-ability|p2b: Incineroar|Intimidate|boost\n|-unboost|p1a: Vini Jr|atk|1\n|-unboost|p1b: Messi|atk|1\n|switch|p1a: Depay|Landorus, M|100/100\n|move|p2a: Basculegion|Aqua Jet|p1b: Messi\n|-supereffective|p1b: Messi\n|-enditem|p1b: Messi|Focus Sash\n|-damage|p1b: Messi|1/100\n|move|p1b: Messi|Earthquake|p2a: Basculegion|[spread] p2a,p2b\n|-immune|p1a: Depay\n|-supereffective|p2b: Incineroar\n|-damage|p2a: Basculegion|57/100\n|-damage|p2b: Incineroar|38/100\n|\n|-weather|Sandstorm|[upkeep]\n|-damage|p2a: Basculegion|51/100|[from] Sandstorm\n|-damage|p2b: Incineroar|32/100|[from] Sandstorm\n|upkeep\n|turn|7\n|\n|t:|1771184577\n|switch|p1b: C. Ronaldo (C)|Dragonite, F, tera:Normal|47/100 slp\n|move|p1a: Depay|Protect|p1a: Depay\n|-singleturn|p1a: Depay|Protect\n|move|p2b: Incineroar|Fake Out|p1b: C. Ronaldo (C)\n|-damage|p1b: C. Ronaldo (C)|34/100 slp\n|move|p2a: Basculegion|Aqua Jet|p1a: Depay\n|-activate|p1a: Depay|move: Protect\n|\n|-weather|Sandstorm|[upkeep]\n|-damage|p2a: Basculegion|45/100|[from] Sandstorm\n|-damage|p2b: Incineroar|25/100|[from] Sandstorm\n|-damage|p1b: C. Ronaldo (C)|28/100 slp|[from] Sandstorm\n|-enditem|p2b: Incineroar|Aguav Berry|[eat]\n|-heal|p2b: Incineroar|59/100|[from] item: Aguav Berry\n|upkeep\n|turn|8\n|\n|t:|1771184593\n|cant|p1b: C. Ronaldo (C)|slp\n|move|p2a: Basculegion|Aqua Jet|p1a: Depay\n|-supereffective|p1a: Depay\n|-enditem|p1a: Depay|Focus Sash\n|-damage|p1a: Depay|1/100\n|move|p1a: Depay|Sandsear Storm|p2b: Incineroar|[spread] p2a\n|-miss|p1a: Depay|p2b: Incineroar\n|-damage|p2a: Basculegion|0 fnt\n|faint|p2a: Basculegion\n|move|p2b: Incineroar|Knock Off|p1a: Depay\n|-damage|p1a: Depay|0 fnt\n|faint|p1a: Depay\n|\n|-weather|Sandstorm|[upkeep]\n|-damage|p2b: Incineroar|52/100|[from] Sandstorm\n|-damage|p1b: C. Ronaldo (C)|22/100 slp|[from] Sandstorm\n|upkeep\n|\n|t:|1771184609\n|switch|p1a: De Bruyne|Sinistcha-Masterpiece|30/100\n|switch|p2a: Dragonite|Dragonite, F|20/100\n|-heal|p1b: C. Ronaldo (C)|47/100 slp|[from] ability: Hospitality|[of] p1a: De Bruyne\n|turn|9\n|\n|t:|1771184617\n|cant|p1b: C. Ronaldo (C)|slp\n|move|p2a: Dragonite|Scale Shot|p1a: De Bruyne\n|-damage|p1a: De Bruyne|17/100\n|-damage|p1a: De Bruyne|4/100\n|-damage|p1a: De Bruyne|0 fnt\n|faint|p1a: De Bruyne\n|-hitcount|p1: De Bruyne|3\n|-unboost|p2a: Dragonite|def|1\n|-boost|p2a: Dragonite|spe|1\n|move|p2b: Incineroar|Knock Off|p1b: C. Ronaldo (C)\n|-damage|p1b: C. Ronaldo (C)|1/100 slp\n|-enditem|p1b: C. Ronaldo (C)|Choice Band|[from] move: Knock Off|[of] p2b: Incineroar\n|\n|-weather|none\n|upkeep\n|\n|t:|1771184623\n|switch|p1a: Vini Jr|Chien-Pao|95/100 slp\n|-ability|p1a: Vini Jr|Sword of Ruin\n|turn|10\n|\n|t:|1771184632\n|cant|p1a: Vini Jr|slp\n|move|p2a: Dragonite|Extreme Speed|p1b: C. Ronaldo (C)\n|-damage|p1b: C. Ronaldo (C)|0 fnt\n|faint|p1b: C. Ronaldo (C)\n|move|p2b: Incineroar|Flare Blitz|p1a: Vini Jr\n|-supereffective|p1a: Vini Jr\n|-damage|p1a: Vini Jr|0 fnt\n|faint|p1a: Vini Jr\n|-damage|p2b: Incineroar|27/100|[from] Recoil\n|\n|upkeep\n|c|☆SHLOK101|gg\n|c|☆gil321|gg\n|-message|gil321 forfeited.\n|\n|win|SHLOK101\n|raw|gil321's rating: 1692 &rarr; <strong>1674</strong><br />(-18 for losing)\n|raw|SHLOK101's rating: 1727 &rarr; <strong>1745</strong><br />(+18 for winning)\n|l|☆gil321\n|player|p1|\n|l|☆SHLOK101\n|player|p2|\n", "uploadtime": 1771184906, "views": 14, "formatid": "gen9doublesou", "rating": 1674, "private": 0, "password": null}