{"id": "gen9doublesou-2540703631", "format": "[Gen 9] Doubles OU", "players": ["sylent knight", "GabrieldeCamargos"], "log": "|j|☆sylent knight\n|j|☆GabrieldeCamargos\n|t:|1771242979\n|gametype|doubles\n|player|p1|sylent knight|1|1505\n|player|p2|GabrieldeCamargos|169|1571\n|gen|9\n|tier|[Gen 9] Doubles OU\n|rated|\n|rule|HP Percentage Mod: HP is shown in percentages\n|rule|Endless Battle Clause: Forcing endless battles is banned\n|rule|Species Clause: Limit one of each Pokémon\n|rule|OHKO Clause: OHKO moves are banned\n|rule|Evasion Moves Clause: Evasion moves are banned\n|rule|Gravity Sleep Clause: The combination of sleep-inducing moves with imperfect accuracy and Gravity or Gigantamax Orbeetle are banned\n|rule|Evasion Abilities Clause: Evasion abilities are banned\n|clearpoke\n|poke|p1|Torkoal, M|\n|poke|p1|Diancie|\n|poke|p1|Rillaboom, M|\n|poke|p1|Great Tusk|\n|poke|p1|Infernape, F|\n|poke|p1|Brute Bonnet|\n|poke|p2|Incineroar, F|\n|poke|p2|Tornadus, M|\n|poke|p2|Primarina, F|\n|poke|p2|Ogerpon-Wellspring, F|\n|poke|p2|Gholdengo|\n|poke|p2|Rillaboom, M|\n|teampreview\n|inactive|Battle timer is ON: inactive players will automatically lose when time's up. (requested by sylent knight)\n|\n|t:|1771242999\n|teamsize|p1|6\n|teamsize|p2|6\n|start\n|switch|p1a: Infernape|Infernape, F|100/100\n|switch|p1b: Diancie|Diancie|100/100\n|switch|p2a: Tornadus|Tornadus, M, shiny|100/100\n|switch|p2b: Incineroar|Incineroar, F, shiny|100/100\n|-ability|p2b: Incineroar|Intimidate|boost\n|-unboost|p1a: Infernape|atk|1\n|-fail|p1b: Diancie|unboost|[from] ability: Clear Body|[of] p1b: Diancie\n|turn|1\n|\n|t:|1771243024\n|switch|p1a: Rillaboom|Rillaboom, M|100/100\n|-fieldstart|move: Grassy Terrain|[from] ability: Grassy Surge|[of] p1a: Rillaboom\n|move|p2b: Incineroar|Fake Out|p1a: Rillaboom\n|-crit|p1a: Rillaboom\n|-damage|p1a: Rillaboom|80/100\n|move|p2a: Tornadus|Taunt|p1b: Diancie\n|-start|p1b: Diancie|move: Taunt\n|cant|p1b: Diancie|move: Taunt|Trick Room\n|\n|-heal|p1a: Rillaboom|86/100|[from] Grassy Terrain\n|upkeep\n|turn|2\n|\n|t:|1771243053\n|-terastallize|p2a: Tornadus|Steel\n|move|p1a: Rillaboom|Fake Out|p2b: Incineroar\n|-damage|p2b: Incineroar|84/100\n|move|p2a: Tornadus|Tailwind|p2a: Tornadus\n|-sidestart|p2: GabrieldeCamargos|move: Tailwind\n|cant|p2b: Incineroar|flinch\n|move|p1b: Diancie|Diamond Storm|p2b: Incineroar|[spread] p2a,p2b\n|-resisted|p2a: Tornadus\n|-supereffective|p2b: Incineroar\n|-damage|p2a: Tornadus|82/100\n|-damage|p2b: Incineroar|35/100\n|\n|-heal|p2a: Tornadus|88/100|[from] Grassy Terrain\n|-heal|p2b: Incineroar|41/100|[from] Grassy Terrain\n|-heal|p1a: Rillaboom|92/100|[from] Grassy Terrain\n|upkeep\n|turn|3\n|\n|t:|1771243076\n|switch|p1a: Torkoal|Torkoal, M|100/100\n|-weather|SunnyDay|[from] ability: Drought|[of] p1a: Torkoal\n|move|p2a: Tornadus|Bleakwind Storm|p1a: Torkoal|[spread] p1a,p1b\n|-resisted|p1b: Diancie\n|-damage|p1a: Torkoal|52/100\n|-damage|p1b: Diancie|89/100\n|move|p2b: Incineroar|U-turn|p1b: Diancie\n|-resisted|p1b: Diancie\n|-damage|p1b: Diancie|80/100\n|\n|t:|1771243086\n|switch|p2b: Primarina|Primarina, F, shiny|100/100|[from] U-turn\n|move|p1b: Diancie|Diamond Storm|p2a: Tornadus|[spread] p2a,p2b\n|-resisted|p2a: Tornadus\n|-crit|p2b: Primarina\n|-damage|p2a: Tornadus|68/100\n|-damage|p2b: Primarina|48/100\n|-boost|p1b: Diancie|def|2\n|\n|-weather|SunnyDay|[upkeep]\n|-heal|p2a: Tornadus|75/100|[from] Grassy Terrain\n|-heal|p2b: Primarina|53/100|[from] Grassy Terrain\n|-heal|p2b: Primarina|59/100|[from] item: Leftovers\n|-heal|p1b: Diancie|86/100|[from] Grassy Terrain\n|-heal|p1b: Diancie|92/100|[from] item: Leftovers\n|-heal|p1a: Torkoal|59/100|[from] Grassy Terrain\n|-end|p1b: Diancie|move: Taunt\n|upkeep\n|turn|4\n|\n|t:|1771243106\n|switch|p1a: Brute Bonnet|Brute Bonnet|100/100\n|-activate|p1a: Brute Bonnet|ability: Protosynthesis\n|-start|p1a: Brute Bonnet|protosynthesisatk\n|move|p2a: Tornadus|Rain Dance|p2a: Tornadus\n|-weather|RainDance\n|-end|p1a: Brute Bonnet|Protosynthesis\n|move|p2b: Primarina|Hyper Voice|p1b: Diancie|[spread] p1a,p1b\n|-resisted|p1a: Brute Bonnet\n|-crit|p1a: Brute Bonnet\n|-supereffective|p1b: Diancie\n|-damage|p1a: Brute Bonnet|72/100\n|-damage|p1b: Diancie|35/100\n|move|p1b: Diancie|Body Press|p2a: Tornadus\n|-supereffective|p2a: Tornadus\n|-damage|p2a: Tornadus|0 fnt\n|faint|p2a: Tornadus\n|\n|-weather|RainDance|[upkeep]\n|-heal|p2b: Primarina|65/100|[from] Grassy Terrain\n|-heal|p2b: Primarina|71/100|[from] item: Leftovers\n|-heal|p1a: Brute Bonnet|78/100|[from] Grassy Terrain\n|-heal|p1b: Diancie|41/100|[from] Grassy Terrain\n|-heal|p1b: Diancie|48/100|[from] item: Leftovers\n|upkeep\n|inactive|GabrieldeCamargos has 120 seconds left.\n|\n|t:|1771243131\n|switch|p2a: Ogerpon|Ogerpon-Wellspring, F|100/100\n|turn|5\n|inactive|GabrieldeCamargos has 120 seconds left.\n|\n|t:|1771243172\n|switch|p1b: Torkoal|Torkoal, M|59/100\n|-weather|SunnyDay|[from] ability: Drought|[of] p1b: Torkoal\n|-activate|p1a: Brute Bonnet|ability: Protosynthesis\n|-start|p1a: Brute Bonnet|protosynthesisatk\n|move|p2a: Ogerpon|Ivy Cudgel|p1b: Torkoal|[anim] Ivy Cudgel Water\n|-supereffective|p1b: Torkoal\n|-damage|p1b: Torkoal|6/100\n|move|p2b: Primarina|Draining Kiss|p1a: Brute Bonnet\n|-supereffective|p1a: Brute Bonnet\n|-damage|p1a: Brute Bonnet|36/100\n|-heal|p2b: Primarina|100/100|[from] drain|[of] p1a: Brute Bonnet\n|move|p1a: Brute Bonnet|Seed Bomb|p2b: Primarina\n|-supereffective|p2b: Primarina\n|-damage|p2b: Primarina|0 fnt\n|faint|p2b: Primarina\n|\n|-weather|SunnyDay|[upkeep]\n|-heal|p1a: Brute Bonnet|42/100|[from] Grassy Terrain\n|-heal|p1b: Torkoal|12/100|[from] Grassy Terrain\n|-sideend|p2: GabrieldeCamargos|move: Tailwind\n|-fieldend|move: Grassy Terrain\n|upkeep\n|inactive|GabrieldeCamargos has 90 seconds left.\n|\n|t:|1771243201\n|switch|p2b: Rillaboom|Rillaboom, M, shiny|100/100\n|-fieldstart|move: Grassy Terrain|[from] ability: Grassy Surge|[of] p2b: Rillaboom\n|turn|6\n|\n|t:|1771243220\n|-end|p1a: Brute Bonnet|Protosynthesis|[silent]\n|switch|p1a: Infernape|Infernape, F|100/100\n|move|p2a: Ogerpon|Ivy Cudgel|p1a: Infernape|[anim] Ivy Cudgel Water\n|-supereffective|p1a: Infernape\n|-damage|p1a: Infernape|23/100\n|move|p2b: Rillaboom|High Horsepower|p1b: Torkoal\n|-supereffective|p1b: Torkoal\n|-damage|p1b: Torkoal|0 fnt\n|faint|p1b: Torkoal\n|-damage|p2b: Rillaboom|91/100|[from] item: Life Orb\n|\n|-weather|SunnyDay|[upkeep]\n|-heal|p2b: Rillaboom|97/100|[from] Grassy Terrain\n|-heal|p1a: Infernape|29/100|[from] Grassy Terrain\n|upkeep\n|\n|t:|1771243233\n|switch|p1b: Diancie|Diancie|48/100\n|turn|7\n|inactive|GabrieldeCamargos has 120 seconds left.\n|\n|t:|1771243242\n|switch|p2b: Incineroar|Incineroar, F, shiny|41/100\n|-ability|p2b: Incineroar|Intimidate|boost\n|-unboost|p1a: Infernape|atk|1\n|-fail|p1b: Diancie|unboost|[from] ability: Clear Body|[of] p1b: Diancie\n|move|p1a: Infernape|Fake Out|p2b: Incineroar\n|-damage|p2b: Incineroar|33/100\n|move|p2a: Ogerpon|Ivy Cudgel|p1b: Diancie|[anim] Ivy Cudgel Water\n|-supereffective|p1b: Diancie\n|-damage|p1b: Diancie|0 fnt\n|faint|p1b: Diancie\n|\n|-weather|SunnyDay|[upkeep]\n|-heal|p2b: Incineroar|39/100|[from] Grassy Terrain\n|-heal|p1a: Infernape|35/100|[from] Grassy Terrain\n|upkeep\n|\n|t:|1771243256\n|switch|p1b: Rillaboom|Rillaboom, M|92/100\n|turn|8\n|\n|t:|1771243270\n|move|p1b: Rillaboom|Fake Out|p2b: Incineroar\n|-damage|p2b: Incineroar|22/100\n|move|p1a: Infernape|Mach Punch|p2b: Incineroar\n|-supereffective|p2b: Incineroar\n|-damage|p2b: Incineroar|0 fnt\n|faint|p2b: Incineroar\n|move|p2a: Ogerpon|Ivy Cudgel|p1a: Infernape|[anim] Ivy Cudgel Water\n|-supereffective|p1a: Infernape\n|-damage|p1a: Infernape|0 fnt\n|faint|p1a: Infernape\n|\n|-weather|SunnyDay|[upkeep]\n|-heal|p1b: Rillaboom|98/100|[from] Grassy Terrain\n|upkeep\n|\n|t:|1771243288\n|switch|p1a: Great Tusk|Great Tusk|100/100\n|switch|p2b: Rillaboom|Rillaboom, M, shiny|97/100\n|-activate|p1a: Great Tusk|ability: Protosynthesis\n|-start|p1a: Great Tusk|protosynthesisatk\n|turn|9\n|\n|t:|1771243307\n|-terastallize|p1b: Rillaboom|Grass\n|move|p2a: Ogerpon|Ivy Cudgel|p1a: Great Tusk|[anim] Ivy Cudgel Water\n|-supereffective|p1a: Great Tusk\n|-damage|p1a: Great Tusk|63/100\n|move|p2b: Rillaboom|Wood Hammer|p1b: Rillaboom\n|-resisted|p1b: Rillaboom\n|-damage|p1b: Rillaboom|44/100\n|-damage|p2b: Rillaboom|75/100|[from] Recoil\n|-damage|p2b: Rillaboom|65/100|[from] item: Life Orb\n|move|p1a: Great Tusk|Close Combat|p2b: Rillaboom\n|-damage|p2b: Rillaboom|0 fnt\n|-unboost|p1a: Great Tusk|def|1\n|-unboost|p1a: Great Tusk|spd|1\n|faint|p2b: Rillaboom\n|-damage|p1a: Great Tusk|53/100|[from] item: Life Orb\n|move|p1b: Rillaboom|Solar Blade||[still]\n|-prepare|p1b: Rillaboom|Solar Blade\n|-anim|p1b: Rillaboom|Solar Blade|p2a: Ogerpon\n|-crit|p2a: Ogerpon\n|-damage|p2a: Ogerpon|0 fnt\n|faint|p2a: Ogerpon\n|\n|-weather|none\n|-end|p1a: Great Tusk|Protosynthesis\n|-heal|p1a: Great Tusk|59/100|[from] Grassy Terrain\n|-heal|p1b: Rillaboom|50/100|[from] Grassy Terrain\n|upkeep\n|inactive|GabrieldeCamargos has 120 seconds left.\n|\n|t:|1771243334\n|switch|p2b: Gholdengo|Gholdengo|100/100\n|turn|10\n|\n|t:|1771243339\n|move|p1b: Rillaboom|Grassy Glide|p2b: Gholdengo\n|-resisted|p2b: Gholdengo\n|-damage|p2b: Gholdengo|73/100\n|move|p1a: Great Tusk|Headlong Rush|p2b: Gholdengo\n|-supereffective|p2b: Gholdengo\n|-damage|p2b: Gholdengo|0 fnt\n|-unboost|p1a: Great Tusk|def|1\n|-unboost|p1a: Great Tusk|spd|1\n|faint|p2b: Gholdengo\n|-damage|p1a: Great Tusk|50/100|[from] item: Life Orb\n|\n|win|sylent knight\n|raw|sylent knight's rating: 1505 &rarr; <strong>1529</strong><br />(+24 for winning)\n|raw|GabrieldeCamargos's rating: 1571 &rarr; <strong>1547</strong><br />(-24 for losing)\n|l|☆sylent knight\n|player|p1|\n|l|☆GabrieldeCamargos\n|player|p2|\n", "uploadtime": 1771243712, "views": 7, "formatid": "gen9doublesou", "rating": 1529, "private": 0, "password": null}