{"id": "gen9doublesou-2539970353", "format": "[Gen 9] Doubles OU", "players": ["mammoforest", "vala21"], "log": "|j|☆mammoforest\n|j|☆vala21\n|t:|1771135696\n|gametype|doubles\n|player|p1|mammoforest|ghetsis|1559\n|player|p2|vala21|101|1655\n|gen|9\n|tier|[Gen 9] Doubles OU\n|rated|\n|rule|HP Percentage Mod: HP is shown in percentages\n|rule|Endless Battle Clause: Forcing endless battles is banned\n|rule|Species Clause: Limit one of each Pokémon\n|rule|OHKO Clause: OHKO moves are banned\n|rule|Evasion Moves Clause: Evasion moves are banned\n|rule|Gravity Sleep Clause: The combination of sleep-inducing moves with imperfect accuracy and Gravity or Gigantamax Orbeetle are banned\n|rule|Evasion Abilities Clause: Evasion abilities are banned\n|clearpoke\n|poke|p1|Chien-Pao|\n|poke|p1|Landorus, M|\n|poke|p1|Rillaboom, F|\n|poke|p1|Raging Bolt|\n|poke|p1|Incineroar, M|\n|poke|p1|Ogerpon-Wellspring, F|\n|poke|p2|Hoopa-Unbound|\n|poke|p2|Indeedee-F, F|\n|poke|p2|Torkoal, F|\n|poke|p2|Diancie|\n|poke|p2|Hatterene, F|\n|poke|p2|Ursaluna, F|\n|teampreview\n|inactive|Battle timer is ON: inactive players will automatically lose when time's up. (requested by mammoforest)\n|\n|t:|1771135718\n|teamsize|p1|6\n|teamsize|p2|6\n|start\n|switch|p1a: Ogerpon|Ogerpon-Wellspring, F|100/100\n|switch|p1b: MonsterCat|Incineroar, M, shiny|100/100\n|switch|p2a: Diancie|Diancie|100/100\n|switch|p2b: Hatterene|Hatterene, F|100/100\n|-ability|p1b: MonsterCat|Intimidate|boost\n|-fail|p2a: Diancie|unboost|[from] ability: Clear Body|[of] p2a: Diancie\n|-unboost|p2b: Hatterene|atk|1\n|turn|1\n|inactive|mammoforest has 120 seconds left.\n|\n|t:|1771135754\n|switch|p2b: Indeedee|Indeedee-F, F|100/100\n|-fieldstart|move: Psychic Terrain|[from] ability: Psychic Surge|[of] p2b: Indeedee\n|-terastallize|p2a: Diancie|Grass\n|move|p1b: MonsterCat|Fake Out|p2b: Indeedee\n|-activate|p2b: Indeedee|move: Psychic Terrain\n|move|p1a: Ogerpon|Ivy Cudgel|p2a: Diancie|[anim] Ivy Cudgel Water\n|-resisted|p2a: Diancie\n|-damage|p2a: Diancie|78/100\n|move|p2a: Diancie|Trick Room|p2a: Diancie\n|-fieldstart|move: Trick Room|[of] p2a: Diancie\n|\n|upkeep\n|turn|2\n|\n|t:|1771135771\n|switch|p2b: Hatterene|Hatterene, F|100/100\n|move|p2a: Diancie|Diamond Storm|p1a: Ogerpon|[spread] p1a,p1b\n|-supereffective|p1b: MonsterCat\n|-damage|p1a: Ogerpon|48/100\n|-damage|p1b: MonsterCat|0 fnt\n|faint|p1b: MonsterCat\n|move|p1a: Ogerpon|Ivy Cudgel|p2b: Hatterene|[anim] Ivy Cudgel Water\n|-damage|p2b: Hatterene|38/100\n|\n|upkeep\n|\n|t:|1771135779\n|switch|p1b: My friend|Rillaboom, F, shiny|100/100\n|-fieldstart|move: Grassy Terrain|[from] ability: Grassy Surge|[of] p1b: My friend\n|turn|3\n|\n|t:|1771135788\n|switch|p2a: Indeedee|Indeedee-F, F|100/100\n|-fieldstart|move: Psychic Terrain|[from] ability: Psychic Surge|[of] p2a: Indeedee\n|-terastallize|p1b: My friend|Grass\n|move|p1a: Ogerpon|Follow Me|p1a: Ogerpon\n|-singleturn|p1a: Ogerpon|move: Follow Me\n|move|p2b: Hatterene|Expanding Force|p1a: Ogerpon|[spread] p1a,p1b\n|-damage|p1a: Ogerpon|0 fnt\n|-damage|p1b: My friend|28/100\n|faint|p1a: Ogerpon\n|move|p1b: My friend|Grassy Glide|p2b: Hatterene\n|-damage|p2b: Hatterene|0 fnt\n|faint|p2b: Hatterene\n|\n|upkeep\n|\n|t:|1771135803\n|switch|p2b: Diancie|Diancie, tera:Grass|78/100\n|switch|p1a: dont move|Raging Bolt|100/100\n|-enditem|p1a: dont move|Booster Energy\n|-activate|p1a: dont move|ability: Protosynthesis|[fromitem]\n|-start|p1a: dont move|protosynthesisspa\n|turn|4\n|\n|t:|1771135814\n|move|p2a: Indeedee|Helping Hand|p2b: Diancie\n|-singleturn|p2b: Diancie|Helping Hand|[of] p2a: Indeedee\n|move|p1a: dont move|Protect|p1a: dont move\n|-singleturn|p1a: dont move|Protect\n|move|p2b: Diancie|Diamond Storm|p1b: My friend|[spread] p1b\n|-activate|p1a: dont move|move: Protect\n|-damage|p1b: My friend|0 fnt\n|-boost|p2b: Diancie|def|2\n|faint|p1b: My friend\n|\n|upkeep\n|\n|t:|1771135823\n|switch|p1b: ToothBreaker|Chien-Pao, shiny|100/100\n|-ability|p1b: ToothBreaker|Sword of Ruin\n|turn|5\n|\n|t:|1771135841\n|switch|p2a: Ursaluna|Ursaluna, F|100/100\n|move|p1b: ToothBreaker|Protect|p1b: ToothBreaker\n|-singleturn|p1b: ToothBreaker|Protect\n|move|p2b: Diancie|Diamond Storm|p1b: ToothBreaker|[spread] p1a\n|-activate|p1b: ToothBreaker|move: Protect\n|-damage|p1a: dont move|54/100\n|move|p1a: dont move|Calm Mind|p1a: dont move\n|-boost|p1a: dont move|spa|1\n|-boost|p1a: dont move|spd|1\n|\n|-fieldend|move: Trick Room\n|-status|p2a: Ursaluna|brn|[from] item: Flame Orb\n|upkeep\n|turn|6\n|\n|t:|1771135868\n|move|p2b: Diancie|Protect|p2b: Diancie\n|-singleturn|p2b: Diancie|Protect\n|move|p1a: dont move|Thunderclap||[still]\n|-fail|p1a: dont move\n|move|p1b: ToothBreaker|Icicle Crash|p2a: Ursaluna|[miss]\n|-miss|p1b: ToothBreaker|p2a: Ursaluna\n|move|p2a: Ursaluna|Facade|p1b: ToothBreaker\n|-enditem|p1b: ToothBreaker|Focus Sash\n|-damage|p1b: ToothBreaker|1/100\n|\n|-damage|p2a: Ursaluna|94/100 brn|[from] brn\n|upkeep\n|turn|7\n|\n|t:|1771135883\n|move|p1b: ToothBreaker|Icicle Crash|p2a: Ursaluna|[miss]\n|-miss|p1b: ToothBreaker|p2a: Ursaluna\n|move|p1a: dont move|Dragon Pulse|p2a: Ursaluna\n|-damage|p2a: Ursaluna|10/100 brn\n|move|p2a: Ursaluna|Earthquake|p1a: dont move|[spread] p2b,p1a,p1b\n|-resisted|p2b: Diancie\n|-supereffective|p1a: dont move\n|-damage|p2b: Diancie|61/100\n|-damage|p1a: dont move|0 fnt\n|-damage|p1b: ToothBreaker|0 fnt\n|faint|p1a: dont move\n|-end|p1a: dont move|Protosynthesis|[silent]\n|faint|p1b: ToothBreaker\n|move|p2b: Diancie|Trick Room|p2b: Diancie\n|-fieldstart|move: Trick Room|[of] p2b: Diancie\n|\n|-damage|p2a: Ursaluna|4/100 brn|[from] brn\n|upkeep\n|-message|mammoforest forfeited.\n|\n|win|vala21\n|raw|mammoforest's rating: 1559 &rarr; <strong>1544</strong><br />(-15 for losing)\n|raw|vala21's rating: 1655 &rarr; <strong>1670</strong><br />(+15 for winning)\n|l|☆mammoforest\n|player|p1|\n|l|☆vala21\n|player|p2|\n", "uploadtime": 1771136238, "views": 16, "formatid": "gen9doublesou", "rating": 1544, "private": 0, "password": null}