{"id": "gen9doublesou-2540709143", "format": "[Gen 9] Doubles OU", "players": ["sylent knight", "ustat"], "log": "|j|☆sylent knight\n|j|☆ustat\n|t:|1771243871\n|gametype|doubles\n|player|p1|sylent knight|1|1549\n|player|p2|ustat|red|1625\n|gen|9\n|tier|[Gen 9] Doubles OU\n|rated|\n|rule|HP Percentage Mod: HP is shown in percentages\n|rule|Endless Battle Clause: Forcing endless battles is banned\n|rule|Species Clause: Limit one of each Pokémon\n|rule|OHKO Clause: OHKO moves are banned\n|rule|Evasion Moves Clause: Evasion moves are banned\n|rule|Gravity Sleep Clause: The combination of sleep-inducing moves with imperfect accuracy and Gravity or Gigantamax Orbeetle are banned\n|rule|Evasion Abilities Clause: Evasion abilities are banned\n|clearpoke\n|poke|p1|Torkoal, M|\n|poke|p1|Diancie|\n|poke|p1|Rillaboom, F|\n|poke|p1|Great Tusk|\n|poke|p1|Infernape, M|\n|poke|p1|Brute Bonnet|\n|poke|p2|Regidrago|\n|poke|p2|Ribombee, M|\n|poke|p2|Incineroar, M|\n|poke|p2|Chi-Yu|\n|poke|p2|Ogerpon-Wellspring, F|\n|poke|p2|Metagross|\n|teampreview\n|inactive|Battle timer is ON: inactive players will automatically lose when time's up. (requested by sylent knight)\n|\n|t:|1771243881\n|teamsize|p1|6\n|teamsize|p2|6\n|start\n|switch|p1a: Brute Bonnet|Brute Bonnet|100/100\n|switch|p1b: Rillaboom|Rillaboom, F|100/100\n|switch|p2a: I will survive!|Ribombee, M|100/100\n|switch|p2b: Hammurabi|Metagross|100/100\n|-fieldstart|move: Grassy Terrain|[from] ability: Grassy Surge|[of] p1b: Rillaboom\n|turn|1\n|\n|t:|1771243905\n|switch|p2b: Shameless cat|Incineroar, M, shiny|100/100\n|-ability|p2b: Shameless cat|Intimidate|boost\n|-unboost|p1a: Brute Bonnet|atk|1\n|-unboost|p1b: Rillaboom|atk|1\n|switch|p1b: Torkoal|Torkoal, M|100/100\n|-weather|SunnyDay|[from] ability: Drought|[of] p1b: Torkoal\n|-activate|p1a: Brute Bonnet|ability: Protosynthesis\n|-start|p1a: Brute Bonnet|protosynthesisatk\n|move|p1a: Brute Bonnet|Sucker Punch||[still]\n|-fail|p1a: Brute Bonnet\n|move|p2a: I will survive!|Tailwind|p2a: I will survive!\n|-sidestart|p2: ustat|move: Tailwind\n|\n|-weather|SunnyDay|[upkeep]\n|upkeep\n|turn|2\n|\n|t:|1771243924\n|-end|p1a: Brute Bonnet|Protosynthesis|[silent]\n|switch|p1a: Diancie|Diancie|100/100\n|move|p2b: Shameless cat|Fake Out|p1a: Diancie\n|-resisted|p1a: Diancie\n|-damage|p1a: Diancie|97/100\n|move|p2a: I will survive!|Moonblast|p1a: Diancie\n|-damage|p1a: Diancie|72/100\n|move|p1b: Torkoal|Eruption|p2a: I will survive!|[spread] p2a,p2b\n|-supereffective|p2a: I will survive!\n|-resisted|p2b: Shameless cat\n|-enditem|p2a: I will survive!|Focus Sash\n|-damage|p2a: I will survive!|1/100\n|-damage|p2b: Shameless cat|61/100\n|\n|-weather|SunnyDay|[upkeep]\n|-heal|p2a: I will survive!|7/100|[from] Grassy Terrain\n|-heal|p2b: Shameless cat|67/100|[from] Grassy Terrain\n|-heal|p1a: Diancie|78/100|[from] Grassy Terrain\n|-heal|p1a: Diancie|84/100|[from] item: Leftovers\n|upkeep\n|turn|3\n|\n|t:|1771243944\n|move|p2a: I will survive!|Moonblast|p1b: Torkoal\n|-resisted|p1b: Torkoal\n|-damage|p1b: Torkoal|74/100\n|-unboost|p1b: Torkoal|spa|1\n|move|p2b: Shameless cat|Parting Shot|p1b: Torkoal\n|-unboost|p1b: Torkoal|atk|1\n|-unboost|p1b: Torkoal|spa|1\n|\n|t:|1771243952\n|switch|p2b: Drink water|Ogerpon-Wellspring, F|100/100|[from] Parting Shot\n|move|p1a: Diancie|Diamond Storm|p2a: I will survive!|[spread] p2a,p2b\n|-supereffective|p2a: I will survive!\n|-crit|p2b: Drink water\n|-damage|p2a: I will survive!|0 fnt\n|-damage|p2b: Drink water|58/100\n|-boost|p1a: Diancie|def|2\n|faint|p2a: I will survive!\n|move|p1b: Torkoal|Eruption|p2b: Drink water\n|-damage|p2b: Drink water|4/100\n|\n|-weather|SunnyDay|[upkeep]\n|-heal|p2b: Drink water|10/100|[from] Grassy Terrain\n|-heal|p1a: Diancie|91/100|[from] Grassy Terrain\n|-heal|p1a: Diancie|97/100|[from] item: Leftovers\n|-heal|p1b: Torkoal|80/100|[from] Grassy Terrain\n|upkeep\n|\n|t:|1771243967\n|switch|p2a: Hammurabi|Metagross|100/100\n|turn|4\n|\n|t:|1771243978\n|switch|p1a: Infernape|Infernape, M|100/100\n|move|p2b: Drink water|Ivy Cudgel|p1a: Infernape|[anim] Ivy Cudgel Water\n|-supereffective|p1a: Infernape\n|-crit|p1a: Infernape\n|-damage|p1a: Infernape|0 fnt\n|faint|p1a: Infernape\n|move|p2a: Hammurabi|Iron Head|p1b: Torkoal\n|-resisted|p1b: Torkoal\n|-damage|p1b: Torkoal|65/100\n|move|p1b: Torkoal|Eruption|p2a: Hammurabi|[spread] p2a,p2b\n|-supereffective|p2a: Hammurabi\n|-crit|p2a: Hammurabi\n|-damage|p2a: Hammurabi|0 fnt\n|-damage|p2b: Drink water|0 fnt\n|faint|p2a: Hammurabi\n|faint|p2b: Drink water\n|\n|-weather|SunnyDay|[upkeep]\n|-heal|p1b: Torkoal|71/100|[from] Grassy Terrain\n|-sideend|p2: ustat|move: Tailwind\n|upkeep\n|\n|t:|1771243995\n|switch|p2b: Kumru's Favorite|Regidrago|100/100\n|switch|p1a: Diancie|Diancie|97/100\n|switch|p2a: Shameless cat|Incineroar, M, shiny|67/100\n|-ability|p2a: Shameless cat|Intimidate|boost\n|-fail|p1a: Diancie|unboost|[from] ability: Clear Body|[of] p1a: Diancie\n|-unboost|p1b: Torkoal|atk|1\n|turn|5\n|\n|t:|1771244007\n|move|p2a: Shameless cat|Fake Out|p1a: Diancie\n|-resisted|p1a: Diancie\n|-damage|p1a: Diancie|93/100\n|move|p2b: Kumru's Favorite|Earth Power|p1a: Diancie\n|-supereffective|p1a: Diancie\n|-damage|p1a: Diancie|42/100\n|cant|p1a: Diancie|flinch\n|move|p1b: Torkoal|Eruption|p2a: Shameless cat|[spread] p2a,p2b\n|-resisted|p2a: Shameless cat\n|-resisted|p2b: Kumru's Favorite\n|-damage|p2a: Shameless cat|53/100\n|-damage|p2b: Kumru's Favorite|80/100\n|\n|-weather|none\n|-heal|p2b: Kumru's Favorite|86/100|[from] Grassy Terrain\n|-heal|p2a: Shameless cat|59/100|[from] Grassy Terrain\n|-heal|p1a: Diancie|48/100|[from] Grassy Terrain\n|-heal|p1a: Diancie|54/100|[from] item: Leftovers\n|-heal|p1b: Torkoal|77/100|[from] Grassy Terrain\n|-fieldend|move: Grassy Terrain\n|upkeep\n|turn|6\n|\n|t:|1771244018\n|switch|p1b: Rillaboom|Rillaboom, F|100/100\n|-fieldstart|move: Grassy Terrain|[from] ability: Grassy Surge|[of] p1b: Rillaboom\n|move|p2b: Kumru's Favorite|Earth Power|p1a: Diancie\n|-supereffective|p1a: Diancie\n|-damage|p1a: Diancie|10/100\n|move|p2a: Shameless cat|Flare Blitz|p1a: Diancie\n|-resisted|p1a: Diancie\n|-damage|p1a: Diancie|0 fnt\n|faint|p1a: Diancie\n|-damage|p2a: Shameless cat|56/100|[from] Recoil\n|\n|-heal|p2b: Kumru's Favorite|92/100|[from] Grassy Terrain\n|-heal|p2a: Shameless cat|62/100|[from] Grassy Terrain\n|upkeep\n|\n|t:|1771244030\n|switch|p1a: Great Tusk|Great Tusk|100/100\n|turn|7\n|\n|t:|1771244042\n|switch|p2b: Luck Charm|Chi-Yu|100/100\n|-ability|p2b: Luck Charm|Beads of Ruin\n|move|p1b: Rillaboom|Fake Out|p2b: Luck Charm\n|-crit|p2b: Luck Charm\n|-damage|p2b: Luck Charm|59/100\n|move|p1a: Great Tusk|Headlong Rush|p2a: Shameless cat\n|-supereffective|p2a: Shameless cat\n|-damage|p2a: Shameless cat|0 fnt\n|-unboost|p1a: Great Tusk|def|1\n|-unboost|p1a: Great Tusk|spd|1\n|faint|p2a: Shameless cat\n|-damage|p1a: Great Tusk|91/100|[from] item: Life Orb\n|\n|-heal|p2b: Luck Charm|65/100|[from] Grassy Terrain\n|-heal|p1a: Great Tusk|97/100|[from] Grassy Terrain\n|upkeep\n|\n|t:|1771244044\n|switch|p2a: Kumru's Favorite|Regidrago|92/100\n|turn|8\n|\n|t:|1771244062\n|-end|p1a: Great Tusk|Protosynthesis|[silent]\n|switch|p1a: Torkoal|Torkoal, M|77/100\n|-weather|SunnyDay|[from] ability: Drought|[of] p1a: Torkoal\n|-terastallize|p2a: Kumru's Favorite|Dragon\n|-terastallize|p1b: Rillaboom|Grass\n|move|p1b: Rillaboom|Grassy Glide|p2b: Luck Charm\n|-resisted|p2b: Luck Charm\n|-damage|p2b: Luck Charm|16/100\n|move|p2b: Luck Charm|Flamethrower|p1b: Rillaboom\n|-supereffective|p1b: Rillaboom\n|-damage|p1b: Rillaboom|0 fnt\n|faint|p1b: Rillaboom\n|-damage|p2b: Luck Charm|6/100|[from] item: Life Orb\n|move|p2a: Kumru's Favorite|Dragon Energy|p1a: Torkoal\n|-damage|p1a: Torkoal|0 fnt\n|faint|p1a: Torkoal\n|\n|-weather|SunnyDay|[upkeep]\n|-heal|p2b: Luck Charm|12/100|[from] Grassy Terrain\n|-heal|p2a: Kumru's Favorite|98/100|[from] Grassy Terrain\n|upkeep\n|\n|t:|1771244068\n|switch|p1b: Brute Bonnet|Brute Bonnet|100/100\n|switch|p1a: Great Tusk|Great Tusk|97/100\n|-activate|p1a: Great Tusk|ability: Protosynthesis\n|-start|p1a: Great Tusk|protosynthesisatk\n|-activate|p1b: Brute Bonnet|ability: Protosynthesis\n|-start|p1b: Brute Bonnet|protosynthesisatk\n|turn|9\n|\n|t:|1771244085\n|move|p1b: Brute Bonnet|Sucker Punch|p2b: Luck Charm\n|-resisted|p2b: Luck Charm\n|-damage|p2b: Luck Charm|0 fnt\n|faint|p2b: Luck Charm\n|move|p2a: Kumru's Favorite|Dragon Energy|p1b: Brute Bonnet|[spread] p1a,p1b\n|-damage|p1a: Great Tusk|0 fnt\n|-damage|p1b: Brute Bonnet|0 fnt\n|faint|p1a: Great Tusk\n|-end|p1a: Great Tusk|Protosynthesis|[silent]\n|faint|p1b: Brute Bonnet\n|-end|p1b: Brute Bonnet|Protosynthesis|[silent]\n|\n|win|ustat\n|raw|sylent knight's rating: 1549 &rarr; <strong>1533</strong><br />(-16 for losing)\n|raw|ustat's rating: 1625 &rarr; <strong>1641</strong><br />(+16 for winning)\n|l|☆sylent knight\n|player|p1|\n|c|☆ustat|Gg\n|l|☆ustat\n|player|p2|\n", "uploadtime": 1771244393, "views": 7, "formatid": "gen9doublesou", "rating": 1533, "private": 0, "password": null}