{"id": "gen9doublesou-2540601736", "format": "[Gen 9] Doubles OU", "players": ["Rayred30", "dobou"], "log": "|j|☆Rayred30\n|j|☆dobou\n|t:|1771225160\n|gametype|doubles\n|player|p1|Rayred30|ghetsis-gen5bw|1581\n|player|p2|dobou|clown|1628\n|gen|9\n|tier|[Gen 9] Doubles OU\n|rated|\n|rule|HP Percentage Mod: HP is shown in percentages\n|rule|Endless Battle Clause: Forcing endless battles is banned\n|rule|Species Clause: Limit one of each Pokémon\n|rule|OHKO Clause: OHKO moves are banned\n|rule|Evasion Moves Clause: Evasion moves are banned\n|rule|Gravity Sleep Clause: The combination of sleep-inducing moves with imperfect accuracy and Gravity or Gigantamax Orbeetle are banned\n|rule|Evasion Abilities Clause: Evasion abilities are banned\n|clearpoke\n|poke|p1|Kingambit, M|\n|poke|p1|Incineroar, M|\n|poke|p1|Farigiraf, F|\n|poke|p1|Sinistcha-Masterpiece|\n|poke|p1|Rhyperior, M|\n|poke|p1|Volcanion|\n|poke|p2|Ninetales-Alola, M|\n|poke|p2|Kingambit, M|\n|poke|p2|Incineroar, M|\n|poke|p2|Ogerpon-Wellspring, F|\n|poke|p2|Landorus, M|\n|poke|p2|Kyurem|\n|teampreview\n|inactive|Battle timer is ON: inactive players will automatically lose when time's up. (requested by Rayred30)\n|\n|t:|1771225210\n|teamsize|p1|6\n|teamsize|p2|6\n|start\n|switch|p1a: Farigiraf|Farigiraf, F, shiny|100/100\n|switch|p1b: Kingambit|Kingambit, M|100/100\n|switch|p2a: Ninetales|Ninetales-Alola, M|100/100\n|switch|p2b: Landorus|Landorus, M|100/100\n|-weather|Snowscape|[from] ability: Snow Warning|[of] p2a: Ninetales\n|turn|1\n|\n|t:|1771225231\n|-terastallize|p1b: Kingambit|Flying\n|move|p2a: Ninetales|Aurora Veil|p2a: Ninetales\n|-sidestart|p2: dobou|move: Aurora Veil\n|move|p2b: Landorus|Earth Power|p1a: Farigiraf\n|-damage|p1a: Farigiraf|47/100\n|move|p1b: Kingambit|Iron Head|p2a: Ninetales\n|-supereffective|p2a: Ninetales\n|-damage|p2a: Ninetales|0 fnt\n|faint|p2a: Ninetales\n|-damage|p1b: Kingambit|91/100|[from] item: Life Orb\n|move|p1a: Farigiraf|Trick Room|p1a: Farigiraf\n|-fieldstart|move: Trick Room|[of] p1a: Farigiraf\n|\n|-weather|Snowscape|[upkeep]\n|upkeep\n|\n|t:|1771225248\n|switch|p2a: Kingambit|Kingambit, M|100/100\n|turn|2\n|\n|t:|1771225256\n|move|p1a: Farigiraf|Protect|p1a: Farigiraf\n|-singleturn|p1a: Farigiraf|Protect\n|move|p1b: Kingambit|Tera Blast|p2b: Landorus|[anim] Tera Blast Flying\n|-damage|p2b: Landorus|55/100\n|-damage|p1b: Kingambit|81/100|[from] item: Life Orb\n|move|p2a: Kingambit|Kowtow Cleave|p1a: Farigiraf\n|-activate|p1a: Farigiraf|move: Protect\n|move|p2b: Landorus|Sludge Bomb|p1a: Farigiraf\n|-activate|p1a: Farigiraf|move: Protect\n|\n|-weather|Snowscape|[upkeep]\n|upkeep\n|turn|3\n|\n|t:|1771225272\n|switch|p1a: Volcanion|Volcanion|100/100\n|move|p1b: Kingambit|Tera Blast|p2b: Landorus|[anim] Tera Blast Flying\n|-damage|p2b: Landorus|7/100\n|-damage|p1b: Kingambit|71/100|[from] item: Life Orb\n|move|p2a: Kingambit|Kowtow Cleave|p1a: Volcanion\n|-damage|p1a: Volcanion|64/100\n|move|p2b: Landorus|Sludge Bomb|p1b: Kingambit\n|-damage|p1b: Kingambit|27/100\n|\n|-weather|Snowscape|[upkeep]\n|upkeep\n|turn|4\n|\n|t:|1771225291\n|move|p2a: Kingambit|Protect|p2a: Kingambit\n|-singleturn|p2a: Kingambit|Protect\n|move|p1b: Kingambit|Kowtow Cleave|p2a: Kingambit\n|-activate|p2a: Kingambit|move: Protect\n|move|p1a: Volcanion|Heat Wave|p2a: Kingambit|[spread] \n|-activate|p2a: Kingambit|move: Protect\n|-miss|p1a: Volcanion|p2b: Landorus\n|move|p2b: Landorus|Earth Power|p1a: Volcanion\n|-supereffective|p1a: Volcanion\n|-damage|p1a: Volcanion|0 fnt\n|faint|p1a: Volcanion\n|\n|-weather|Snowscape|[upkeep]\n|upkeep\n|\n|t:|1771225303\n|switch|p1a: Incineroar|Incineroar, M, shiny|100/100\n|-ability|p1a: Incineroar|Intimidate|boost\n|-unboost|p2a: Kingambit|atk|1\n|-ability|p2a: Kingambit|Defiant|boost\n|-boost|p2a: Kingambit|atk|2\n|-unboost|p2b: Landorus|atk|1\n|turn|5\n|\n|t:|1771225314\n|switch|p2a: Incineroar|Incineroar, M|100/100\n|-ability|p2a: Incineroar|Intimidate|boost\n|-unboost|p1a: Incineroar|atk|1\n|-unboost|p1b: Kingambit|atk|1\n|-ability|p1b: Kingambit|Defiant|boost\n|-boost|p1b: Kingambit|atk|2\n|move|p1b: Kingambit|Tera Blast|p2b: Landorus|[anim] Tera Blast Flying\n|-damage|p2b: Landorus|0 fnt\n|faint|p2b: Landorus\n|-damage|p1b: Kingambit|17/100|[from] item: Life Orb\n|move|p1a: Incineroar|Flare Blitz|p2a: Incineroar\n|-resisted|p2a: Incineroar\n|-damage|p2a: Incineroar|90/100\n|-damage|p1a: Incineroar|97/100|[from] Recoil\n|\n|-weather|none\n|-fieldend|move: Trick Room\n|upkeep\n|\n|t:|1771225321\n|switch|p2b: Ogerpon|Ogerpon-Wellspring, F|100/100\n|turn|6\n|inactive|Rayred30 has 120 seconds left.\n|\n|t:|1771225353\n|move|p1b: Kingambit|Sucker Punch|p2b: Ogerpon\n|-damage|p2b: Ogerpon|46/100\n|-damage|p1b: Kingambit|7/100|[from] item: Life Orb\n|move|p2b: Ogerpon|Ivy Cudgel|p1b: Kingambit|[anim] Ivy Cudgel Water\n|-damage|p1b: Kingambit|0 fnt\n|faint|p1b: Kingambit\n|move|p2a: Incineroar|Knock Off|p1a: Incineroar\n|-resisted|p1a: Incineroar\n|-damage|p1a: Incineroar|78/100\n|-enditem|p1a: Incineroar|Sitrus Berry|[from] move: Knock Off|[of] p2a: Incineroar\n|move|p1a: Incineroar|Parting Shot|p2a: Incineroar\n|-unboost|p2a: Incineroar|atk|1\n|-unboost|p2a: Incineroar|spa|1\n|inactive|Rayred30 has 120 seconds left.\n|\n|t:|1771225365\n|switch|p1a: Sinistcha|Sinistcha-Masterpiece, shiny|100/100|[from] Parting Shot\n|\n|upkeep\n|\n|t:|1771225369\n|switch|p1b: Incineroar|Incineroar, M, shiny|78/100\n|-ability|p1b: Incineroar|Intimidate|boost\n|-unboost|p2a: Incineroar|atk|1\n|-unboost|p2b: Ogerpon|atk|1\n|turn|7\n|\n|t:|1771225379\n|move|p1b: Incineroar|Fake Out|p2a: Incineroar\n|-damage|p2a: Incineroar|83/100\n|move|p2b: Ogerpon|Ivy Cudgel|p1b: Incineroar|[anim] Ivy Cudgel Water\n|-supereffective|p1b: Incineroar\n|-damage|p1b: Incineroar|20/100\n|cant|p2a: Incineroar|flinch\n|move|p1a: Sinistcha|Trick Room|p1a: Sinistcha\n|-fieldstart|move: Trick Room|[of] p1a: Sinistcha\n|\n|upkeep\n|turn|8\n|inactive|dobou has 120 seconds left.\n|\n|t:|1771225410\n|switch|p2b: Kyurem|Kyurem|100/100\n|-ability|p2b: Kyurem|Pressure\n|move|p1b: Incineroar|Parting Shot|p2a: Incineroar\n|-unboost|p2a: Incineroar|atk|1\n|-unboost|p2a: Incineroar|spa|1\n|\n|t:|1771225416\n|switch|p1b: Rhyperior|Rhyperior, M, shiny|100/100|[from] Parting Shot\n|move|p1a: Sinistcha|Calm Mind|p1a: Sinistcha\n|-boost|p1a: Sinistcha|spa|1\n|-boost|p1a: Sinistcha|spd|1\n|move|p2a: Incineroar|Parting Shot|p1b: Rhyperior\n|-unboost|p1b: Rhyperior|atk|1\n|-unboost|p1b: Rhyperior|spa|1\n|\n|t:|1771225422\n|switch|p2a: Ogerpon|Ogerpon-Wellspring, F|46/100|[from] Parting Shot\n|\n|-sideend|p2: dobou|move: Aurora Veil\n|upkeep\n|turn|9\n|\n|t:|1771225448\n|move|p2a: Ogerpon|Spiky Shield|p2a: Ogerpon\n|-singleturn|p2a: Ogerpon|move: Protect\n|move|p1b: Rhyperior|Rock Slide|p2b: Kyurem|[spread] p2b\n|-activate|p2a: Ogerpon|move: Protect\n|-supereffective|p2b: Kyurem\n|-damage|p2b: Kyurem|66/100\n|move|p1a: Sinistcha|Matcha Gotcha|p2b: Kyurem|[spread] p2b\n|-activate|p2a: Ogerpon|move: Protect\n|-resisted|p2b: Kyurem\n|-damage|p2b: Kyurem|55/100\n|move|p2b: Kyurem|Freeze-Dry|p1a: Sinistcha\n|-supereffective|p1a: Sinistcha\n|-damage|p1a: Sinistcha|52/100\n|\n|-heal|p1a: Sinistcha|58/100|[from] item: Leftovers\n|upkeep\n|turn|10\n|\n|t:|1771225456\n|switch|p2a: Incineroar|Incineroar, M|83/100\n|-ability|p2a: Incineroar|Intimidate|boost\n|-unboost|p1a: Sinistcha|atk|1\n|-unboost|p1b: Rhyperior|atk|1\n|move|p1b: Rhyperior|Rock Slide|p2b: Kyurem|[spread] p2a,p2b\n|-supereffective|p2a: Incineroar\n|-supereffective|p2b: Kyurem\n|-damage|p2a: Incineroar|60/100\n|-damage|p2b: Kyurem|27/100\n|move|p1a: Sinistcha|Matcha Gotcha|p2b: Kyurem|[spread] p2a,p2b\n|-resisted|p2a: Incineroar\n|-resisted|p2b: Kyurem\n|-damage|p2a: Incineroar|43/100\n|-heal|p1a: Sinistcha|67/100|[from] drain|[of] p2a: Incineroar\n|-damage|p2b: Kyurem|16/100\n|-heal|p1a: Sinistcha|74/100|[from] drain|[of] p2b: Kyurem\n|-enditem|p2a: Incineroar|Sitrus Berry|[eat]\n|-heal|p2a: Incineroar|68/100|[from] item: Sitrus Berry\n|move|p2b: Kyurem|Freeze-Dry|p1a: Sinistcha\n|-supereffective|p1a: Sinistcha\n|-damage|p1a: Sinistcha|27/100\n|\n|-heal|p1a: Sinistcha|33/100|[from] item: Leftovers\n|upkeep\n|turn|11\n|\n|t:|1771225471\n|switch|p1b: Incineroar|Incineroar, M, shiny|20/100\n|-ability|p1b: Incineroar|Intimidate|boost\n|-unboost|p2a: Incineroar|atk|1\n|-unboost|p2b: Kyurem|atk|1\n|move|p1a: Sinistcha|Protect|p1a: Sinistcha\n|-singleturn|p1a: Sinistcha|Protect\n|move|p2a: Incineroar|Fake Out|p1b: Incineroar\n|-crit|p1b: Incineroar\n|-damage|p1b: Incineroar|5/100\n|move|p2b: Kyurem|Freeze-Dry|p1b: Incineroar\n|-resisted|p1b: Incineroar\n|-damage|p1b: Incineroar|0 fnt\n|faint|p1b: Incineroar\n|\n|-heal|p1a: Sinistcha|39/100|[from] item: Leftovers\n|-fieldend|move: Trick Room\n|upkeep\n|\n|t:|1771225483\n|switch|p1b: Farigiraf|Farigiraf, F, shiny|47/100\n|turn|12\n|\n|t:|1771225487\n|move|p2b: Kyurem|Freeze-Dry|p1b: Farigiraf\n|-damage|p1b: Farigiraf|24/100\n|move|p2a: Incineroar|Knock Off|p1b: Farigiraf\n|-supereffective|p1b: Farigiraf\n|-damage|p1b: Farigiraf|0 fnt\n|-enditem|p1b: Farigiraf|Throat Spray|[from] move: Knock Off|[of] p2a: Incineroar\n|faint|p1b: Farigiraf\n|move|p1a: Sinistcha|Trick Room|p1a: Sinistcha\n|-fieldstart|move: Trick Room|[of] p1a: Sinistcha\n|\n|-heal|p1a: Sinistcha|45/100|[from] item: Leftovers\n|upkeep\n|\n|t:|1771225492\n|switch|p1b: Rhyperior|Rhyperior, M, shiny|100/100\n|turn|13\n|\n|t:|1771225500\n|-terastallize|p2a: Incineroar|Ghost\n|move|p1b: Rhyperior|Rock Slide|p2b: Kyurem|[spread] p2a,p2b\n|-supereffective|p2b: Kyurem\n|-damage|p2a: Incineroar|43/100\n|-damage|p2b: Kyurem|0 fnt\n|faint|p2b: Kyurem\n|move|p1a: Sinistcha|Matcha Gotcha|p2a: Incineroar\n|-damage|p2a: Incineroar|0 fnt\n|-heal|p1a: Sinistcha|69/100|[from] drain|[of] p2a: Incineroar\n|faint|p2a: Incineroar\n|\n|-heal|p1a: Sinistcha|75/100|[from] item: Leftovers\n|upkeep\n|\n|t:|1771225505\n|switch|p2a: Ogerpon|Ogerpon-Wellspring, F|46/100\n|switch|p2b: Kingambit|Kingambit, M|100/100\n|turn|14\n|inactive|dobou has 120 seconds left.\n|\n|t:|1771225544\n|move|p1b: Rhyperior|High Horsepower|p2b: Kingambit\n|-supereffective|p2b: Kingambit\n|-damage|p2b: Kingambit|23/100\n|move|p1a: Sinistcha|Matcha Gotcha|p2a: Ogerpon|[spread] p2a,p2b\n|-resisted|p2b: Kingambit\n|-damage|p2a: Ogerpon|9/100\n|-heal|p1a: Sinistcha|94/100|[from] drain|[of] p2a: Ogerpon\n|-damage|p2b: Kingambit|7/100\n|-heal|p1a: Sinistcha|100/100|[from] drain|[of] p2b: Kingambit\n|move|p2b: Kingambit|Kowtow Cleave|p1a: Sinistcha\n|-supereffective|p1a: Sinistcha\n|-damage|p1a: Sinistcha|36/100\n|move|p2a: Ogerpon|Ivy Cudgel|p1b: Rhyperior|[anim] Ivy Cudgel Water\n|-supereffective|p1b: Rhyperior\n|-damage|p1b: Rhyperior|4/100\n|-enditem|p1b: Rhyperior|Weakness Policy\n|-boost|p1b: Rhyperior|atk|2|[from] item: Weakness Policy\n|-boost|p1b: Rhyperior|spa|2|[from] item: Weakness Policy\n|\n|-heal|p1a: Sinistcha|42/100|[from] item: Leftovers\n|-heal|p2b: Kingambit|13/100|[from] item: Leftovers\n|upkeep\n|turn|15\n|inactive|dobou has 120 seconds left.\n|c|☆Rayred30|so sad\n|c|☆Rayred30|u were so close\n|\n|t:|1771225574\n|move|p2a: Ogerpon|Spiky Shield|p2a: Ogerpon\n|-singleturn|p2a: Ogerpon|move: Protect\n|move|p2b: Kingambit|Sucker Punch|p1a: Sinistcha\n|-supereffective|p1a: Sinistcha\n|-damage|p1a: Sinistcha|0 fnt\n|faint|p1a: Sinistcha\n|move|p1b: Rhyperior|Rock Slide|p2b: Kingambit|[spread] p2b\n|-activate|p2a: Ogerpon|move: Protect\n|-resisted|p2b: Kingambit\n|-damage|p2b: Kingambit|0 fnt\n|faint|p2b: Kingambit\n|\n|upkeep\n|turn|16\n|\n|t:|1771225582\n|move|p2a: Ogerpon|Spiky Shield||[still]\n|-fail|p2a: Ogerpon\n|move|p1b: Rhyperior|High Horsepower|p2a: Ogerpon\n|-resisted|p2a: Ogerpon\n|-damage|p2a: Ogerpon|0 fnt\n|faint|p2a: Ogerpon\n|\n|win|Rayred30\n|raw|Rayred30's rating: 1581 &rarr; <strong>1604</strong><br />(+23 for winning)\n|raw|dobou's rating: 1628 &rarr; <strong>1605</strong><br />(-23 for losing)\n|l|☆dobou\n|player|p2|\n|l|☆Rayred30\n|player|p1|\n", "uploadtime": 1771225994, "views": 13, "formatid": "gen9doublesou", "rating": 1604, "private": 0, "password": null}