{"id": "gen9doublesou-2540221575", "format": "[Gen 9] Doubles OU", "players": ["Ufahh", "Natana6l"], "log": "|j|☆Ufahh\n|j|☆Natana6l\n|t:|1771177463\n|gametype|doubles\n|player|p1|Ufahh|169|1599\n|player|p2|Natana6l|flannery|1526\n|gen|9\n|tier|[Gen 9] Doubles OU\n|rated|\n|rule|HP Percentage Mod: HP is shown in percentages\n|rule|Endless Battle Clause: Forcing endless battles is banned\n|rule|Species Clause: Limit one of each Pokémon\n|rule|OHKO Clause: OHKO moves are banned\n|rule|Evasion Moves Clause: Evasion moves are banned\n|rule|Gravity Sleep Clause: The combination of sleep-inducing moves with imperfect accuracy and Gravity or Gigantamax Orbeetle are banned\n|rule|Evasion Abilities Clause: Evasion abilities are banned\n|clearpoke\n|poke|p1|Lapras, M|\n|poke|p1|Gengar, F|\n|poke|p1|Charizard, M|\n|poke|p1|Rhydon, M|\n|poke|p1|Venusaur, M|\n|poke|p1|Blastoise, M|\n|poke|p2|Sneasler, M|\n|poke|p2|Arcanine, F|\n|poke|p2|Latios, M|\n|poke|p2|Cinderace, F|\n|poke|p2|Tyranitar, M|\n|poke|p2|Serperior, F|\n|teampreview\n|inactive|Battle timer is ON: inactive players will automatically lose when time's up. (requested by Natana6l)\n|\n|t:|1771177474\n|teamsize|p1|6\n|teamsize|p2|6\n|start\n|switch|p1a: Gengar|Gengar, F|100/100\n|switch|p1b: Charizard|Charizard, M|100/100\n|switch|p2a: Sneasler|Sneasler, M|100/100\n|switch|p2b: Latios|Latios, M|100/100\n|turn|1\n|inactive|Ufahh has 120 seconds left.\n|\n|t:|1771177521\n|-terastallize|p2b: Latios|Steel\n|move|p1b: Charizard|Protect|p1b: Charizard\n|-singleturn|p1b: Charizard|Protect\n|move|p2a: Sneasler|Fake Out|p1b: Charizard\n|-activate|p1b: Charizard|move: Protect\n|move|p2b: Latios|Tailwind|p2b: Latios\n|-sidestart|p2: Natana6l|move: Tailwind\n|move|p1a: Gengar|Icy Wind|p2b: Latios|[spread] p2a,p2b\n|-resisted|p2b: Latios\n|-damage|p2a: Sneasler|82/100\n|-damage|p2b: Latios|94/100\n|-unboost|p2a: Sneasler|spe|1\n|-unboost|p2b: Latios|spe|1\n|\n|upkeep\n|turn|2\n|\n|t:|1771177542\n|switch|p1a: Blastoise|Blastoise, M|100/100\n|move|p2a: Sneasler|Dire Claw|p1b: Charizard\n|-damage|p1b: Charizard|20/100\n|-damage|p2a: Sneasler|72/100|[from] item: Life Orb\n|move|p2b: Latios|Luster Purge|p1a: Blastoise\n|-damage|p1a: Blastoise|61/100\n|move|p1b: Charizard|Flamethrower|p2b: Latios\n|-supereffective|p2b: Latios\n|-damage|p2b: Latios|0 fnt\n|faint|p2b: Latios\n|\n|upkeep\n|inactive|Natana6l has 120 seconds left.\n|\n|t:|1771177557\n|switch|p2b: Serperior|Serperior, F|100/100\n|turn|3\n|\n|t:|1771177562\n|move|p1a: Blastoise|Fake Out|p2b: Serperior\n|-damage|p2b: Serperior|91/100\n|cant|p2b: Serperior|flinch\n|move|p2a: Sneasler|Dire Claw|p1b: Charizard\n|-damage|p1b: Charizard|0 fnt\n|faint|p1b: Charizard\n|-damage|p2a: Sneasler|62/100|[from] item: Life Orb\n|\n|upkeep\n|\n|t:|1771177579\n|switch|p1b: Venusaur|Venusaur, M|100/100\n|turn|4\n|\n|t:|1771177587\n|switch|p1a: Gengar|Gengar, F|100/100\n|move|p2b: Serperior|Leaf Storm|p1a: Gengar\n|-resisted|p1a: Gengar\n|-damage|p1a: Gengar|59/100\n|-boost|p2b: Serperior|spa|2\n|move|p2a: Sneasler|Dire Claw|p1b: Venusaur\n|-damage|p1b: Venusaur|31/100\n|-status|p1b: Venusaur|slp\n|-damage|p2a: Sneasler|52/100|[from] item: Life Orb\n|cant|p1b: Venusaur|slp\n|\n|-heal|p1b: Venusaur|37/100 slp|[from] item: Leftovers\n|-sideend|p2: Natana6l|move: Tailwind\n|upkeep\n|turn|5\n|\n|t:|1771177608\n|move|p1a: Gengar|Sludge Wave|p2a: Sneasler|[spread] p1b,p2a,p2b\n|-resisted|p2a: Sneasler\n|-supereffective|p2b: Serperior\n|-damage|p1b: Venusaur|5/100 slp\n|-damage|p2a: Sneasler|26/100\n|-damage|p2b: Serperior|10/100\n|-enditem|p2b: Serperior|Sitrus Berry|[eat]\n|-heal|p2b: Serperior|35/100|[from] item: Sitrus Berry\n|move|p2b: Serperior|Leaf Storm|p1a: Gengar\n|-resisted|p1a: Gengar\n|-damage|p1a: Gengar|0 fnt\n|-boost|p2b: Serperior|spa|2\n|faint|p1a: Gengar\n|move|p2a: Sneasler|Dire Claw|p1b: Venusaur\n|-damage|p1b: Venusaur|0 fnt\n|faint|p1b: Venusaur\n|-damage|p2a: Sneasler|16/100|[from] item: Life Orb\n|\n|upkeep\n|\n|t:|1771177618\n|switch|p1a: Blastoise|Blastoise, M|61/100\n|switch|p1b: Rhydon|Rhydon, M|100/100\n|turn|6\n|\n|t:|1771177625\n|switch|p2a: Arcanine|Arcanine, F|100/100\n|-ability|p2a: Arcanine|Intimidate|boost\n|-unboost|p1a: Blastoise|atk|1\n|-unboost|p1b: Rhydon|atk|1\n|move|p1a: Blastoise|Fake Out|p2b: Serperior\n|-damage|p2b: Serperior|29/100\n|cant|p2b: Serperior|flinch\n|move|p1b: Rhydon|Earthquake|p2b: Serperior|[spread] p1a,p2a,p2b\n|-crit|p1a: Blastoise\n|-supereffective|p2a: Arcanine\n|-resisted|p2b: Serperior\n|-damage|p1a: Blastoise|17/100\n|-damage|p2a: Arcanine|54/100\n|-damage|p2b: Serperior|18/100\n|\n|upkeep\n|turn|7\n|\n|t:|1771177643\n|-terastallize|p1b: Rhydon|Flying\n|move|p2a: Arcanine|Extreme Speed|p1a: Blastoise\n|-damage|p1a: Blastoise|0 fnt\n|faint|p1a: Blastoise\n|-damage|p2a: Arcanine|44/100|[from] item: Life Orb\n|move|p2b: Serperior|Giga Drain|p1b: Rhydon\n|-resisted|p1b: Rhydon\n|-damage|p1b: Rhydon|73/100\n|-heal|p2b: Serperior|35/100|[from] drain|[of] p1b: Rhydon\n|move|p1b: Rhydon|Rock Slide|p2a: Arcanine|[spread] p2a,p2b\n|-supereffective|p2a: Arcanine\n|-damage|p2a: Arcanine|7/100\n|-damage|p2b: Serperior|16/100\n|\n|upkeep\n|\n|t:|1771177653\n|switch|p1a: Lapras|Lapras, M|100/100\n|turn|8\n|\n|t:|1771177663\n|switch|p2a: Tyranitar|Tyranitar, M|100/100\n|-weather|Sandstorm|[from] ability: Sand Stream|[of] p2a: Tyranitar\n|move|p2b: Serperior|Giga Drain|p1a: Lapras\n|-supereffective|p1a: Lapras\n|-damage|p1a: Lapras|0 fnt\n|-heal|p2b: Serperior|85/100|[from] drain|[of] p1a: Lapras\n|faint|p1a: Lapras\n|move|p1b: Rhydon|Rock Slide|p2b: Serperior|[spread] p2a,p2b\n|-damage|p2a: Tyranitar|89/100\n|-damage|p2b: Serperior|67/100\n|\n|-weather|Sandstorm|[upkeep]\n|-damage|p2b: Serperior|61/100|[from] Sandstorm\n|-damage|p1b: Rhydon|67/100|[from] Sandstorm\n|upkeep\n|turn|9\n|l|☆Ufahh\n|inactive|Ufahh disconnected and has a minute to reconnect!\n|player|p1|\n|\n|t:|1771177676\n|move|p2b: Serperior|Leaf Storm|p1b: Rhydon\n|-resisted|p1b: Rhydon\n|-damage|p1b: Rhydon|26/100\n|-boost|p2b: Serperior|spa|2\n|move|p2a: Tyranitar|Rock Slide|p1b: Rhydon\n|-supereffective|p1b: Rhydon\n|-damage|p1b: Rhydon|0 fnt\n|faint|p1b: Rhydon\n|\n|win|Natana6l\n|raw|Ufahh's rating: 1599 &rarr; <strong>1575</strong><br />(-24 for losing)\n|raw|Natana6l's rating: 1526 &rarr; <strong>1550</strong><br />(+24 for winning)\n|l|☆Natana6l\n|player|p2|\n", "uploadtime": 1771177952, "views": 10, "formatid": "gen9doublesou", "rating": 1550, "private": 0, "password": null}