{"id": "gen9doublesou-2639984444", "format": "[Gen 9] Doubles OU", "players": ["ultimathrash", "Low Tier Goodra"], "log": "|j|☆ultimathrash\n|j|☆Low Tier Goodra\n|t:|1782558198\n|gametype|doubles\n|player|p1|ultimathrash|steven|1570\n|player|p2|Low Tier Goodra|iono-masters2|1827\n|gen|9\n|tier|[Gen 9] Doubles OU\n|rated|\n|rule|HP Percentage Mod: HP is shown in percentages\n|rule|Endless Battle Clause: Forcing endless battles is banned\n|rule|Species Clause: Limit one of each Pokémon\n|rule|OHKO Clause: OHKO moves are banned\n|rule|Evasion Moves Clause: Evasion moves are banned\n|rule|Gravity Sleep Clause: The combination of sleep-inducing moves with imperfect accuracy and Gravity or Gigantamax Orbeetle are banned\n|rule|Evasion Abilities Clause: Evasion abilities are banned\n|clearpoke\n|poke|p1|Moltres-Galar|\n|poke|p1|Sinistcha|\n|poke|p1|Incineroar, F|\n|poke|p1|Roaring Moon|\n|poke|p1|Gholdengo|\n|poke|p1|Ursaluna-Bloodmoon, M|\n|poke|p2|Volcanion|\n|poke|p2|Diancie|\n|poke|p2|Sinistcha-Masterpiece|\n|poke|p2|Rillaboom, M|\n|poke|p2|Ursaluna, F|\n|poke|p2|Incineroar, M|\n|teampreview\n|inactive|Battle timer is ON: inactive players will automatically lose when time's up. (requested by ultimathrash)\n|\n|t:|1782558225\n|teamsize|p1|6\n|teamsize|p2|6\n|start\n|switch|p1a: Gholdengo|Gholdengo|100/100\n|switch|p1b: Moltres|Moltres-Galar|100/100\n|switch|p2a: Rillaboom|Rillaboom, M|100/100\n|switch|p2b: Diancie|Diancie|100/100\n|-fieldstart|move: Grassy Terrain|[from] ability: Grassy Surge|[of] p2a: Rillaboom\n|turn|1\n|inactive|Low Tier Goodra has 120 seconds left.\n|inactive|Low Tier Goodra has 90 seconds left.\n|inactive|Low Tier Goodra has 60 seconds left.\n|\n|t:|1782558323\n|-terastallize|p2b: Diancie|Grass\n|move|p1a: Gholdengo|Make It Rain|p2b: Diancie|[spread] p2a,p2b\n|-damage|p2a: Rillaboom|0 fnt\n|-damage|p2b: Diancie|37/100\n|-unboost|p1a: Gholdengo|spa|1\n|faint|p2a: Rillaboom\n|move|p1b: Moltres|Nasty Plot|p1b: Moltres\n|-boost|p1b: Moltres|spa|2\n|move|p2b: Diancie|Trick Room|p2b: Diancie\n|-fieldstart|move: Trick Room|[of] p2b: Diancie\n|\n|-heal|p2b: Diancie|43/100|[from] Grassy Terrain\n|upkeep\n|\n|t:|1782558341\n|switch|p2a: Volcanion|Volcanion|100/100\n|turn|2\n|\n|t:|1782558360\n|move|p1b: Moltres|Protect|p1b: Moltres\n|-singleturn|p1b: Moltres|Protect\n|move|p2b: Diancie|Diamond Storm|p1a: Gholdengo|[spread] p1a\n|-activate|p1b: Moltres|move: Protect\n|-resisted|p1a: Gholdengo\n|-damage|p1a: Gholdengo|81/100\n|move|p2a: Volcanion|Steam Eruption|p1a: Gholdengo|[miss]\n|-miss|p2a: Volcanion|p1a: Gholdengo\n|move|p1a: Gholdengo|Make It Rain|p2a: Volcanion|[spread] p2a,p2b\n|-resisted|p2a: Volcanion\n|-damage|p2a: Volcanion|88/100\n|-damage|p2b: Diancie|4/100\n|-unboost|p1a: Gholdengo|spa|1\n|\n|-heal|p2b: Diancie|11/100|[from] Grassy Terrain\n|-heal|p2a: Volcanion|94/100|[from] Grassy Terrain\n|-heal|p1a: Gholdengo|88/100|[from] Grassy Terrain\n|upkeep\n|turn|3\n|inactive|Low Tier Goodra has 90 seconds left.\n|c|☆ultimathrash|mb\n|c|☆Low Tier Goodra|well thats more unlucky for u\n|\n|t:|1782558381\n|switch|p1a: Ursaluna|Ursaluna-Bloodmoon, M|100/100\n|move|p2b: Diancie|Diamond Storm|p1b: Moltres|[spread] p1a,p1b\n|-resisted|p1a: Ursaluna\n|-supereffective|p1b: Moltres\n|-damage|p1a: Ursaluna|88/100\n|-damage|p1b: Moltres|27/100\n|-boost|p2b: Diancie|def|2\n|-ability|p1b: Moltres|Berserk|boost\n|-boost|p1b: Moltres|spa|1\n|move|p2a: Volcanion|Steam Eruption|p1b: Moltres\n|-damage|p1b: Moltres|0 fnt\n|faint|p1b: Moltres\n|-damage|p2a: Volcanion|84/100|[from] item: Life Orb\n|\n|-heal|p2b: Diancie|17/100|[from] Grassy Terrain\n|-heal|p2a: Volcanion|90/100|[from] Grassy Terrain\n|-heal|p1a: Ursaluna|94/100|[from] Grassy Terrain\n|upkeep\n|\n|t:|1782558396\n|switch|p1b: Sinistcha|Sinistcha|100/100\n|-heal|p1a: Ursaluna|100/100|[from] ability: Hospitality|[of] p1b: Sinistcha\n|turn|4\n|\n|t:|1782558407\n|-terastallize|p1a: Ursaluna|Ghost\n|move|p2a: Volcanion|Protect|p2a: Volcanion\n|-singleturn|p2a: Volcanion|Protect\n|move|p2b: Diancie|Moonblast|p1a: Ursaluna\n|-damage|p1a: Ursaluna|75/100\n|move|p1b: Sinistcha|Matcha Gotcha|p2a: Volcanion|[spread] p2b\n|-activate|p2a: Volcanion|move: Protect\n|-resisted|p2b: Diancie\n|-damage|p2b: Diancie|4/100\n|-status|p2b: Diancie|brn\n|move|p1a: Ursaluna|Hyper Voice|p2a: Volcanion|[spread] p2b\n|-activate|p2a: Volcanion|move: Protect\n|-damage|p2b: Diancie|0 fnt\n|faint|p2b: Diancie\n|\n|-heal|p2a: Volcanion|96/100|[from] Grassy Terrain\n|-heal|p1a: Ursaluna|81/100|[from] Grassy Terrain\n|upkeep\n|inactive|Low Tier Goodra has 90 seconds left.\n|\n|t:|1782558418\n|switch|p2b: Sinistcha|Sinistcha-Masterpiece|100/100\n|-enditem|p2b: Sinistcha|Grassy Seed\n|-boost|p2b: Sinistcha|def|1|[from] item: Grassy Seed\n|turn|5\n|\n|t:|1782558430\n|move|p2b: Sinistcha|Shadow Ball|p1a: Ursaluna\n|-supereffective|p1a: Ursaluna\n|-damage|p1a: Ursaluna|12/100\n|move|p1b: Sinistcha|Matcha Gotcha|p2a: Volcanion|[spread] p2b\n|-miss|p1b: Sinistcha|p2a: Volcanion\n|-resisted|p2b: Sinistcha\n|-damage|p2b: Sinistcha|81/100\n|move|p2a: Volcanion|Heat Wave|p1b: Sinistcha|[spread] p1b\n|-miss|p2a: Volcanion|p1a: Ursaluna\n|-supereffective|p1b: Sinistcha\n|-damage|p1b: Sinistcha|5/100\n|-enditem|p1b: Sinistcha|Sitrus Berry|[eat]\n|-heal|p1b: Sinistcha|30/100|[from] item: Sitrus Berry\n|-damage|p2a: Volcanion|86/100|[from] item: Life Orb\n|move|p1a: Ursaluna|Blood Moon|p2b: Sinistcha\n|-crit|p2b: Sinistcha\n|-damage|p2b: Sinistcha|0 fnt\n|faint|p2b: Sinistcha\n|\n|-heal|p1b: Sinistcha|36/100|[from] Grassy Terrain\n|-heal|p2a: Volcanion|93/100|[from] Grassy Terrain\n|-heal|p1a: Ursaluna|18/100|[from] Grassy Terrain\n|-fieldend|move: Trick Room\n|-fieldend|move: Grassy Terrain\n|upkeep\n|c|☆ultimathrash|mb\n|\n|t:|1782558446\n|switch|p2b: Ursaluna|Ursaluna, F|100/100\n|turn|6\n|\n|t:|1782558452\n|move|p1a: Ursaluna|Earth Power|p2a: Volcanion\n|-supereffective|p2a: Volcanion\n|-damage|p2a: Volcanion|0 fnt\n|faint|p2a: Volcanion\n|move|p1b: Sinistcha|Life Dew|p1b: Sinistcha|[spread] p1a,p1b\n|-heal|p1a: Ursaluna|43/100\n|-heal|p1b: Sinistcha|61/100\n|move|p2b: Ursaluna|Substitute|p2b: Ursaluna\n|-start|p2b: Ursaluna|Substitute\n|-damage|p2b: Ursaluna|75/100\n|\n|-status|p2b: Ursaluna|brn|[from] item: Flame Orb\n|upkeep\n|-message|Low Tier Goodra forfeited.\n|\n|win|ultimathrash\n|raw|ultimathrash's rating: 1570 &rarr; <strong>1603</strong><br />(+33 for winning)\n|raw|Low Tier Goodra's rating: 1827 &rarr; <strong>1794</strong><br />(-33 for losing)\n|l|☆Low Tier Goodra\n|player|p2|\n|l|☆ultimathrash\n|player|p1|\n", "uploadtime": 1782558760, "views": 3, "formatid": "gen9doublesou", "rating": 1603, "private": 0, "password": null}