{"id": "gen9doublesou-2540889476", "format": "[Gen 9] Doubles OU", "players": ["Natana6l", "punyakoko"], "log": "|j|☆Natana6l\n|j|☆punyakoko\n|t:|1771264276\n|gametype|doubles\n|player|p1|Natana6l|flannery|1528\n|player|p2|punyakoko|calem-masters|1592\n|gen|9\n|tier|[Gen 9] Doubles OU\n|rated|\n|rule|HP Percentage Mod: HP is shown in percentages\n|rule|Endless Battle Clause: Forcing endless battles is banned\n|rule|Species Clause: Limit one of each Pokémon\n|rule|OHKO Clause: OHKO moves are banned\n|rule|Evasion Moves Clause: Evasion moves are banned\n|rule|Gravity Sleep Clause: The combination of sleep-inducing moves with imperfect accuracy and Gravity or Gigantamax Orbeetle are banned\n|rule|Evasion Abilities Clause: Evasion abilities are banned\n|clearpoke\n|poke|p1|Latios, M|\n|poke|p1|Sneasler, F|\n|poke|p1|Cinderace, M|\n|poke|p1|Serperior, M|\n|poke|p1|Tyranitar, F|\n|poke|p1|Dragapult, M|\n|poke|p2|Farigiraf, F|\n|poke|p2|Sylveon, F|\n|poke|p2|Landorus, M|\n|poke|p2|Roaring Moon|\n|poke|p2|Incineroar, M|\n|poke|p2|Ogerpon-Wellspring, F|\n|teampreview\n|inactive|Battle timer is ON: inactive players will automatically lose when time's up. (requested by Natana6l)\n|\n|t:|1771264307\n|teamsize|p1|6\n|teamsize|p2|6\n|start\n|switch|p1a: Tyranitar|Tyranitar, F|100/100\n|switch|p1b: Cinderace|Cinderace, M|100/100\n|switch|p2a: Incineroar|Incineroar, M, shiny|100/100\n|switch|p2b: Roaring Moon|Roaring Moon|100/100\n|-ability|p2a: Incineroar|Intimidate|boost\n|-unboost|p1a: Tyranitar|atk|1\n|-unboost|p1b: Cinderace|atk|1\n|-weather|Sandstorm|[from] ability: Sand Stream|[of] p1a: Tyranitar\n|-enditem|p2b: Roaring Moon|Booster Energy\n|-activate|p2b: Roaring Moon|ability: Protosynthesis|[fromitem]\n|-start|p2b: Roaring Moon|protosynthesisspe\n|turn|1\n|\n|t:|1771264324\n|move|p2a: Incineroar|Fake Out|p1a: Tyranitar\n|-resisted|p1a: Tyranitar\n|-damage|p1a: Tyranitar|96/100\n|move|p2b: Roaring Moon|Tailwind|p2b: Roaring Moon\n|-sidestart|p2: punyakoko|move: Tailwind\n|move|p1b: Cinderace|High Jump Kick|p2a: Incineroar\n|-start|p1b: Cinderace|typechange|Fighting|[from] ability: Libero\n|-supereffective|p2a: Incineroar\n|-damage|p2a: Incineroar|15/100\n|-damage|p1b: Cinderace|91/100|[from] item: Life Orb\n|cant|p1a: Tyranitar|flinch\n|\n|-weather|Sandstorm|[upkeep]\n|-damage|p2b: Roaring Moon|94/100|[from] Sandstorm\n|-damage|p1b: Cinderace|85/100|[from] Sandstorm\n|-damage|p2a: Incineroar|9/100|[from] Sandstorm\n|upkeep\n|turn|2\n|\n|t:|1771264351\n|switch|p1b: Latios|Latios, M|100/100\n|switch|p2a: Landorus|Landorus, M|100/100\n|move|p2b: Roaring Moon|Breaking Swipe|p1a: Tyranitar|[spread] p1a,p1b\n|-supereffective|p1b: Latios\n|-damage|p1a: Tyranitar|77/100\n|-damage|p1b: Latios|38/100\n|-unboost|p1a: Tyranitar|atk|1\n|-unboost|p1b: Latios|atk|1\n|move|p1a: Tyranitar|Rock Slide|p2a: Landorus|[spread] p2b\n|-miss|p1a: Tyranitar|p2a: Landorus\n|-damage|p2b: Roaring Moon|73/100\n|\n|-weather|Sandstorm|[upkeep]\n|-damage|p2b: Roaring Moon|67/100|[from] Sandstorm\n|-damage|p1b: Latios|32/100|[from] Sandstorm\n|upkeep\n|turn|3\n|\n|t:|1771264380\n|move|p2b: Roaring Moon|Breaking Swipe|p1b: Latios|[spread] p1a,p1b\n|-supereffective|p1b: Latios\n|-damage|p1a: Tyranitar|60/100\n|-damage|p1b: Latios|0 fnt\n|-unboost|p1a: Tyranitar|atk|1\n|faint|p1b: Latios\n|move|p2a: Landorus|Sandsear Storm|p1a: Tyranitar\n|-supereffective|p1a: Tyranitar\n|-damage|p1a: Tyranitar|0 fnt\n|faint|p1a: Tyranitar\n|\n|-weather|Sandstorm|[upkeep]\n|-damage|p2b: Roaring Moon|61/100|[from] Sandstorm\n|upkeep\n|\n|t:|1771264393\n|switch|p1b: Dragapult|Dragapult, M, shiny|100/100\n|switch|p1a: Sneasler|Sneasler, F, shiny|100/100\n|turn|4\n|\n|t:|1771264405\n|move|p2a: Landorus|Protect|p2a: Landorus\n|-singleturn|p2a: Landorus|Protect\n|move|p1a: Sneasler|Fake Out|p2b: Roaring Moon\n|-damage|p2b: Roaring Moon|39/100\n|-damage|p1a: Sneasler|91/100|[from] item: Life Orb\n|cant|p2b: Roaring Moon|flinch\n|move|p1b: Dragapult|Dragon Dance|p1b: Dragapult\n|-boost|p1b: Dragapult|atk|1\n|-boost|p1b: Dragapult|spe|1\n|\n|-weather|Sandstorm|[upkeep]\n|-damage|p2b: Roaring Moon|33/100|[from] Sandstorm\n|-damage|p1b: Dragapult|94/100|[from] Sandstorm\n|-damage|p1a: Sneasler|85/100|[from] Sandstorm\n|-sideend|p2: punyakoko|move: Tailwind\n|upkeep\n|turn|5\n|\n|t:|1771264425\n|switch|p2a: Incineroar|Incineroar, M, shiny|9/100\n|-ability|p2a: Incineroar|Intimidate|boost\n|-unboost|p1a: Sneasler|atk|1\n|-fail|p1b: Dragapult|unboost|[from] ability: Clear Body|[of] p1b: Dragapult\n|move|p2b: Roaring Moon|Breaking Swipe|p1a: Sneasler|[spread] p1a,p1b\n|-supereffective|p1b: Dragapult\n|-damage|p1a: Sneasler|42/100\n|-damage|p1b: Dragapult|35/100\n|-unboost|p1a: Sneasler|atk|1\n|-enditem|p1b: Dragapult|Sitrus Berry|[eat]\n|-heal|p1b: Dragapult|60/100|[from] item: Sitrus Berry\n|move|p1b: Dragapult|Dragon Darts|p2a: Incineroar\n|-damage|p2a: Incineroar|0 fnt\n|-anim|p1b: Dragapult|Dragon Darts|p2b: Roaring Moon\n|-supereffective|p2b: Roaring Moon\n|-damage|p2b: Roaring Moon|0 fnt\n|faint|p2a: Incineroar\n|faint|p2b: Roaring Moon\n|-end|p2b: Roaring Moon|Protosynthesis|[silent]\n|move|p1a: Sneasler|U-turn|p2: Incineroar|[notarget]\n|-fail|p1a: Sneasler\n|\n|-weather|none\n|upkeep\n|\n|t:|1771264447\n|switch|p2b: Sylveon|Sylveon, F, shiny|100/100\n|switch|p2a: Ogerpon|Ogerpon-Wellspring, F|100/100\n|turn|6\n|\n|t:|1771264454\n|move|p2a: Ogerpon|Follow Me|p2a: Ogerpon\n|-singleturn|p2a: Ogerpon|move: Follow Me\n|move|p1b: Dragapult|Phantom Force||[still]\n|-prepare|p1b: Dragapult|Phantom Force\n|move|p1a: Sneasler|Dire Claw|p2a: Ogerpon\n|-supereffective|p2a: Ogerpon\n|-damage|p2a: Ogerpon|28/100\n|-damage|p1a: Sneasler|32/100|[from] item: Life Orb\n|move|p2b: Sylveon|Hyper Voice|p1a: Sneasler|[spread] p1a\n|-miss|p2b: Sylveon|p1b: Dragapult\n|-damage|p1a: Sneasler|0 fnt\n|faint|p1a: Sneasler\n|\n|upkeep\n|\n|t:|1771264470\n|switch|p1a: Cinderace|Cinderace, M|85/100\n|turn|7\n|\n|t:|1771264476\n|move|p2a: Ogerpon|Follow Me|p2a: Ogerpon\n|-singleturn|p2a: Ogerpon|move: Follow Me\n|move|p1b: Dragapult|Phantom Force|p2a: Ogerpon|[from] lockedmove\n|-damage|p2a: Ogerpon|0 fnt\n|faint|p2a: Ogerpon\n|move|p1a: Cinderace|Iron Head|p2b: Sylveon\n|-start|p1a: Cinderace|typechange|Steel|[from] ability: Libero\n|-supereffective|p2b: Sylveon\n|-damage|p2b: Sylveon|0 fnt\n|faint|p2b: Sylveon\n|-damage|p1a: Cinderace|75/100|[from] item: Life Orb\n|\n|upkeep\n|\n|t:|1771264490\n|switch|p2a: Farigiraf|Farigiraf, F|100/100\n|switch|p2b: Landorus|Landorus, M|100/100\n|turn|8\n|\n|t:|1771264507\n|-terastallize|p2a: Farigiraf|Fairy\n|move|p2b: Landorus|Protect|p2b: Landorus\n|-singleturn|p2b: Landorus|Protect\n|move|p1b: Dragapult|Dragon Darts|p2a: Farigiraf\n|-immune|p2a: Farigiraf\n|move|p1a: Cinderace|Iron Head|p2a: Farigiraf\n|-supereffective|p2a: Farigiraf\n|-damage|p2a: Farigiraf|17/100\n|-enditem|p2a: Farigiraf|Sitrus Berry|[eat]\n|-heal|p2a: Farigiraf|42/100|[from] item: Sitrus Berry\n|-damage|p1a: Cinderace|65/100|[from] item: Life Orb\n|move|p2a: Farigiraf|Trick Room|p2a: Farigiraf\n|-fieldstart|move: Trick Room|[of] p2a: Farigiraf\n|\n|upkeep\n|turn|9\n|inactive|Natana6l has 120 seconds left.\n|\n|t:|1771264539\n|move|p2a: Farigiraf|Helping Hand|p2b: Landorus\n|-singleturn|p2b: Landorus|Helping Hand|[of] p2a: Farigiraf\n|move|p2b: Landorus|Sandsear Storm|p1a: Cinderace|[spread] p1a\n|-miss|p2b: Landorus|p1b: Dragapult\n|-supereffective|p1a: Cinderace\n|-damage|p1a: Cinderace|0 fnt\n|faint|p1a: Cinderace\n|move|p1b: Dragapult|Phantom Force||[still]\n|-prepare|p1b: Dragapult|Phantom Force\n|\n|upkeep\n|inactive|Natana6l has 120 seconds left.\n|\n|t:|1771264546\n|switch|p1a: Serperior|Serperior, M|100/100\n|turn|10\n|\n|t:|1771264556\n|move|p2b: Landorus|Protect|p2b: Landorus\n|-singleturn|p2b: Landorus|Protect\n|move|p2a: Farigiraf|Psychic|p1a: Serperior\n|-damage|p1a: Serperior|60/100\n|move|p1a: Serperior|Leaf Storm|p2a: Farigiraf\n|-damage|p2a: Farigiraf|0 fnt\n|-boost|p1a: Serperior|spa|2\n|faint|p2a: Farigiraf\n|move|p1b: Dragapult|Phantom Force|p2b: Landorus|[from] lockedmove\n|-activate|p2b: Landorus|move: Phantom Force|[broken]\n|-damage|p2b: Landorus|20/100\n|\n|upkeep\n|turn|11\n|\n|t:|1771264574\n|move|p2b: Landorus|Sandsear Storm|p1b: Dragapult|[spread] p1a,p1b\n|-resisted|p1a: Serperior\n|-damage|p1a: Serperior|25/100\n|-damage|p1b: Dragapult|0 fnt\n|-enditem|p1a: Serperior|Sitrus Berry|[eat]\n|-heal|p1a: Serperior|50/100|[from] item: Sitrus Berry\n|faint|p1b: Dragapult\n|move|p1a: Serperior|Leaf Storm|p2b: Landorus\n|-damage|p2b: Landorus|0 fnt\n|-boost|p1a: Serperior|spa|2\n|faint|p2b: Landorus\n|\n|win|Natana6l\n|raw|Natana6l's rating: 1528 &rarr; <strong>1552</strong><br />(+24 for winning)\n|raw|punyakoko's rating: 1592 &rarr; <strong>1568</strong><br />(-24 for losing)\n|l|☆Natana6l\n|player|p1|\n|l|☆punyakoko\n|player|p2|\n", "uploadtime": 1771264930, "views": 3, "formatid": "gen9doublesou", "rating": 1552, "private": 0, "password": null}