{"id": "gen9doublesou-2540837990", "format": "[Gen 9] Doubles OU", "players": ["inakunana", "Natures Conqueror"], "log": "|badge|p1|bronze|gen9doublesou|100-8\n|uhtml|medal-msg|<div class=\"broadcast-blue\">Curious what those medals under the avatar are? PS now has Ladder Seasons! For more information, check out the <a href=\"https://www.smogon.com/forums/threads/3740067/\">thread on Smogon.</a></div>\n|badge|p2|bronze|gen9doublesou|100-8\n|badge|p2|gold|gen9ru|3-8\n|uhtml|medal-msg|<div class=\"broadcast-blue\">Curious what those medals under the avatar are? PS now has Ladder Seasons! For more information, check out the <a href=\"https://www.smogon.com/forums/threads/3740067/\">thread on Smogon.</a></div>\n|j|☆inakunana\n|j|☆Natures Conqueror\n|t:|1771259230\n|gametype|doubles\n|player|p1|inakunana|erika|1730\n|player|p2|Natures Conqueror|dancer|1757\n|gen|9\n|tier|[Gen 9] Doubles OU\n|rated|\n|rule|HP Percentage Mod: HP is shown in percentages\n|rule|Endless Battle Clause: Forcing endless battles is banned\n|rule|Species Clause: Limit one of each Pokémon\n|rule|OHKO Clause: OHKO moves are banned\n|rule|Evasion Moves Clause: Evasion moves are banned\n|rule|Gravity Sleep Clause: The combination of sleep-inducing moves with imperfect accuracy and Gravity or Gigantamax Orbeetle are banned\n|rule|Evasion Abilities Clause: Evasion abilities are banned\n|clearpoke\n|poke|p1|Iron Crown|\n|poke|p1|Indeedee-F, F|\n|poke|p1|Ogerpon-Hearthflame, F|\n|poke|p1|Ursaluna-Bloodmoon, M|\n|poke|p1|Zapdos-Galar|\n|poke|p1|Roaring Moon|\n|poke|p2|Hoopa-Unbound|\n|poke|p2|Indeedee-F, F|\n|poke|p2|Torkoal, M|\n|poke|p2|Diancie|\n|poke|p2|Hatterene, F|\n|poke|p2|Malamar, M|\n|teampreview\n|inactive|Battle timer is ON: inactive players will automatically lose when time's up. (requested by inakunana)\n|c|☆Natures Conqueror|Heyo\n|\n|t:|1771259260\n|teamsize|p1|6\n|teamsize|p2|6\n|start\n|switch|p1a: bell beast|Ursaluna-Bloodmoon, M|100/100\n|switch|p1b: cogwork dancer|Iron Crown|100/100\n|switch|p2a: Skips|Hoopa-Unbound|100/100\n|switch|p2b: Hi Five Ghost|Hatterene, F|100/100\n|-enditem|p1b: cogwork dancer|Booster Energy\n|-activate|p1b: cogwork dancer|ability: Quark Drive|[fromitem]\n|-start|p1b: cogwork dancer|quarkdrivespe\n|turn|1\n|c|☆inakunana|sup\n|c|☆inakunana|lost my osdt match 0-2\n|inactive|Natures Conqueror has 120 seconds left.\n|\n|t:|1771259291\n|switch|p2b: Mordecai|Indeedee-F, F|100/100\n|-fieldstart|move: Psychic Terrain|[from] ability: Psychic Surge|[of] p2b: Mordecai\n|-enditem|p2a: Skips|Psychic Seed\n|-boost|p2a: Skips|spd|1|[from] item: Psychic Seed\n|-terastallize|p1a: bell beast|Normal\n|move|p1b: cogwork dancer|Tachyon Cutter|p2a: Skips\n|-crit|p2a: Skips\n|-damage|p2a: Skips|75/100\n|-damage|p2a: Skips|64/100\n|-hitcount|p2a: Skips|2\n|move|p1a: bell beast|Blood Moon|p2a: Skips\n|-damage|p2a: Skips|13/100\n|move|p2a: Skips|Dark Pulse|p1b: cogwork dancer\n|-supereffective|p1b: cogwork dancer\n|-damage|p1b: cogwork dancer|0 fnt\n|faint|p1b: cogwork dancer\n|-end|p1b: cogwork dancer|Quark Drive|[silent]\n|\n|upkeep\n|c|☆inakunana|my oppo got perfect mus on both matches\n|\n|t:|1771259307\n|switch|p1b: last judge|Ogerpon-Hearthflame, F|100/100\n|-ability|p1b: last judge|Mold Breaker\n|turn|2\n|c|☆Natures Conqueror|Damn\n|inactive|Natures Conqueror has 120 seconds left.\n|c|☆Natures Conqueror|Sorry to hear\n|\n|t:|1771259345\n|move|p2b: Mordecai|Follow Me|p2b: Mordecai\n|-singleturn|p2b: Mordecai|move: Follow Me\n|move|p1b: last judge|Wood Hammer|p2b: Mordecai\n|-damage|p2b: Mordecai|33/100\n|-damage|p1b: last judge|78/100|[from] Recoil\n|move|p1a: bell beast|Hyper Voice|p2a: Skips|[spread] p2a,p2b\n|-damage|p2a: Skips|0 fnt\n|-damage|p2b: Mordecai|0 fnt\n|faint|p2a: Skips\n|faint|p2b: Mordecai\n|\n|upkeep\n|c|☆inakunana|its all good\n|c|☆inakunana|its mons\n|\n|t:|1771259360\n|switch|p2b: Hi Five Ghost|Hatterene, F|100/100\n|switch|p2a: Muscle Man|Diancie, shiny|100/100\n|turn|3\n|\n|t:|1771259372\n|-terastallize|p2a: Muscle Man|Grass\n|move|p2b: Hi Five Ghost|Protect|p2b: Hi Five Ghost\n|-singleturn|p2b: Hi Five Ghost|Protect\n|move|p1b: last judge|Wood Hammer|p2a: Muscle Man\n|-resisted|p2a: Muscle Man\n|-crit|p2a: Muscle Man\n|-damage|p2a: Muscle Man|60/100\n|-damage|p1b: last judge|65/100|[from] Recoil\n|move|p1a: bell beast|Blood Moon|p2a: Muscle Man\n|-damage|p2a: Muscle Man|0 fnt\n|faint|p2a: Muscle Man\n|\n|upkeep\n|inactive|Natures Conqueror has 120 seconds left.\n|\n|t:|1771259406\n|switch|p2a: Benson|Malamar, M|100/100\n|turn|4\n|\n|t:|1771259412\n|switch|p2b: Pops|Torkoal, M|100/100\n|-weather|SunnyDay|[from] ability: Drought|[of] p2b: Pops\n|move|p1b: last judge|Ivy Cudgel|p2b: Pops|[anim] Ivy Cudgel Fire\n|-resisted|p2b: Pops\n|-damage|p2b: Pops|73/100\n|move|p1a: bell beast|Hyper Voice|p2a: Benson|[spread] p2a,p2b\n|-damage|p2a: Benson|43/100\n|-damage|p2b: Pops|0 fnt\n|faint|p2b: Pops\n|move|p2a: Benson|Trick Room|p2a: Benson\n|-fieldstart|move: Trick Room|[of] p2a: Benson\n|\n|-weather|SunnyDay|[upkeep]\n|-heal|p2a: Benson|49/100|[from] item: Leftovers\n|upkeep\n|\n|t:|1771259415\n|switch|p2b: Hi Five Ghost|Hatterene, F|100/100\n|turn|5\n|\n|t:|1771259425\n|switch|p1a: grandmother silk|Indeedee-F, F|100/100\n|move|p1b: last judge|Spiky Shield|p1b: last judge\n|-singleturn|p1b: last judge|move: Protect\n|move|p2b: Hi Five Ghost|Expanding Force|p1b: last judge|[spread] p1a\n|-activate|p1b: last judge|move: Protect\n|-resisted|p1a: grandmother silk\n|-damage|p1a: grandmother silk|64/100\n|move|p2a: Benson|Superpower|p1a: grandmother silk\n|-damage|p1a: grandmother silk|27/100\n|-boost|p2a: Benson|atk|1\n|-boost|p2a: Benson|def|1\n|-damage|p2a: Benson|32/100|[from] item: Rocky Helmet|[of] p1a: grandmother silk\n|\n|-weather|SunnyDay|[upkeep]\n|-heal|p2a: Benson|38/100|[from] item: Leftovers\n|-fieldend|move: Psychic Terrain\n|upkeep\n|turn|6\n|c|☆inakunana|that guy gets trick room???\n|c|☆Natures Conqueror|Yeah\n|inactive|inakunana has 120 seconds left.\n|inactive|Natures Conqueror has 120 seconds left.\n|\n|t:|1771259457\n|move|p1b: last judge|Spiky Shield||[still]\n|-fail|p1b: last judge\n|move|p2b: Hi Five Ghost|Dazzling Gleam|p1a: grandmother silk|[spread] p1a,p1b\n|-resisted|p1b: last judge\n|-crit|p1b: last judge\n|-damage|p1a: grandmother silk|0 fnt\n|-damage|p1b: last judge|37/100\n|faint|p1a: grandmother silk\n|move|p2a: Benson|Superpower|p1b: last judge\n|-damage|p1b: last judge|0 fnt\n|-boost|p2a: Benson|atk|1\n|-boost|p2a: Benson|def|1\n|faint|p1b: last judge\n|\n|-weather|SunnyDay|[upkeep]\n|-heal|p2a: Benson|44/100|[from] item: Leftovers\n|upkeep\n|inactive|inakunana has 120 seconds left.\n|\n|t:|1771259467\n|switch|p1a: sister splinter|Zapdos-Galar|100/100\n|switch|p1b: moorwing|Roaring Moon|100/100\n|-activate|p1b: moorwing|ability: Protosynthesis\n|-start|p1b: moorwing|protosynthesisspe\n|turn|7\n|\n|t:|1771259487\n|move|p2b: Hi Five Ghost|Dazzling Gleam|p1a: sister splinter|[spread] p1a,p1b\n|-supereffective|p1a: sister splinter\n|-supereffective|p1b: moorwing\n|-damage|p1a: sister splinter|25/100\n|-damage|p1b: moorwing|0 fnt\n|faint|p1b: moorwing\n|-end|p1b: moorwing|Protosynthesis|[silent]\n|move|p2a: Benson|Superpower|p1a: sister splinter\n|-resisted|p1a: sister splinter\n|-damage|p1a: sister splinter|0 fnt\n|-boost|p2a: Benson|atk|1\n|-boost|p2a: Benson|def|1\n|faint|p1a: sister splinter\n|\n|-weather|SunnyDay|[upkeep]\n|-heal|p2a: Benson|50/100|[from] item: Leftovers\n|upkeep\n|inactive|inakunana has 120 seconds left.\n|\n|t:|1771259499\n|switch|p1b: bell beast|Ursaluna-Bloodmoon, M, tera:Normal|100/100\n|turn|8\n|j| avlavlavlavl\n|c|☆inakunana|im av\n|c|☆inakunana|ggs\n|c|☆Natures Conqueror|Oh\n|c|☆Natures Conqueror|Gg wp\n|l| avlavlavlavl\n|\n|t:|1771259529\n|move|p2b: Hi Five Ghost|Expanding Force|p1b: bell beast\n|-damage|p1b: bell beast|53/100\n|move|p2a: Benson|Superpower|p1b: bell beast\n|-supereffective|p1b: bell beast\n|-damage|p1b: bell beast|0 fnt\n|-boost|p2a: Benson|atk|1\n|-boost|p2a: Benson|def|1\n|faint|p1b: bell beast\n|\n|win|Natures Conqueror\n|raw|inakunana's rating: 1701 &rarr; <strong>1685</strong><br />(-16 for losing)\n|raw|Natures Conqueror's rating: 1766 &rarr; <strong>1782</strong><br />(+16 for winning)\n|l|☆Natures Conqueror\n|player|p2|\n", "uploadtime": 1771259719, "views": 6, "formatid": "gen9doublesou", "rating": 1685, "private": 0, "password": null}