{"id": "gen9doublesou-2540814835", "format": "[Gen 9] Doubles OU", "players": ["Whiteflame20", "refridgenator"], "log": "|j|☆Whiteflame20\n|j|☆refridgenator\n|t:|1771256870\n|gametype|doubles\n|player|p1|Whiteflame20|hilda-masters3|1594\n|player|p2|refridgenator|swimmer-gen4dp|1627\n|gen|9\n|tier|[Gen 9] Doubles OU\n|rated|\n|rule|HP Percentage Mod: HP is shown in percentages\n|rule|Endless Battle Clause: Forcing endless battles is banned\n|rule|Species Clause: Limit one of each Pokémon\n|rule|OHKO Clause: OHKO moves are banned\n|rule|Evasion Moves Clause: Evasion moves are banned\n|rule|Gravity Sleep Clause: The combination of sleep-inducing moves with imperfect accuracy and Gravity or Gigantamax Orbeetle are banned\n|rule|Evasion Abilities Clause: Evasion abilities are banned\n|clearpoke\n|poke|p1|Mew|\n|poke|p1|Dragonite, F|\n|poke|p1|Chien-Pao|\n|poke|p1|Okidogi, M|\n|poke|p1|Gholdengo|\n|poke|p1|Ogerpon-Wellspring, F|\n|poke|p2|Milotic, F|\n|poke|p2|Ninetales-Alola, M|\n|poke|p2|Incineroar, F|\n|poke|p2|Amoonguss, F|\n|poke|p2|Cresselia, F|\n|poke|p2|Porygon2|\n|teampreview\n|\n|t:|1771256891\n|teamsize|p1|6\n|teamsize|p2|6\n|start\n|switch|p1a: Mew|Mew|100/100\n|switch|p1b: Okidogi|Okidogi, M|100/100\n|switch|p2a: Cresselia|Cresselia, F|100/100\n|switch|p2b: Porygon2|Porygon2|100/100\n|-ability|p2b: Porygon2|Download|boost\n|-boost|p2b: Porygon2|spa|1\n|turn|1\n|\n|t:|1771256912\n|move|p1a: Mew|Snarl|p2b: Porygon2|[spread] p2a\n|-miss|p1a: Mew|p2b: Porygon2\n|-supereffective|p2a: Cresselia\n|-damage|p2a: Cresselia|91/100\n|-unboost|p2a: Cresselia|spa|1\n|move|p1b: Okidogi|Drain Punch|p2b: Porygon2\n|-supereffective|p2b: Porygon2\n|-damage|p2b: Porygon2|50/100\n|move|p2a: Cresselia|Psychic|p1b: Okidogi\n|-supereffective|p1b: Okidogi\n|-damage|p1b: Okidogi|39/100\n|move|p2b: Porygon2|Tera Blast|p1b: Okidogi\n|-damage|p1b: Okidogi|0 fnt\n|faint|p1b: Okidogi\n|\n|upkeep\n|\n|t:|1771256924\n|switch|p1b: Gholdengo|Gholdengo|100/100\n|turn|2\n|\n|t:|1771256943\n|switch|p2a: Milotic|Milotic, F|100/100\n|move|p1a: Mew|Snarl|p2a: Milotic|[spread] p2a,p2b\n|-damage|p2a: Milotic|94/100\n|-damage|p2b: Porygon2|45/100\n|-unboost|p2a: Milotic|spa|1\n|-ability|p2a: Milotic|Competitive|boost\n|-boost|p2a: Milotic|spa|2\n|-unboost|p2b: Porygon2|spa|1\n|move|p1b: Gholdengo|Shadow Ball|p2a: Milotic\n|-damage|p2a: Milotic|64/100\n|move|p2b: Porygon2|Trick Room|p2b: Porygon2\n|-fieldstart|move: Trick Room|[of] p2b: Porygon2\n|\n|-heal|p2a: Milotic|70/100|[from] item: Leftovers\n|upkeep\n|turn|3\n|\n|t:|1771256964\n|-terastallize|p2b: Porygon2|Ground\n|move|p2b: Porygon2|Tera Blast|p1b: Gholdengo|[anim] Tera Blast Ground\n|-supereffective|p1b: Gholdengo\n|-damage|p1b: Gholdengo|22/100\n|move|p2a: Milotic|Coil|p2a: Milotic\n|-boost|p2a: Milotic|atk|1\n|-boost|p2a: Milotic|def|1\n|-boost|p2a: Milotic|accuracy|1\n|move|p1b: Gholdengo|Shadow Ball|p2a: Milotic\n|-damage|p2a: Milotic|45/100\n|move|p1a: Mew|Stealth Rock|p2a: Milotic\n|-sidestart|p2: refridgenator|move: Stealth Rock\n|\n|-heal|p2a: Milotic|51/100|[from] item: Leftovers\n|-heal|p1b: Gholdengo|28/100|[from] item: Leftovers\n|upkeep\n|turn|4\n|inactive|Battle timer is ON: inactive players will automatically lose when time's up. (requested by refridgenator)\n|inactive|Whiteflame20 has 120 seconds left.\n|\n|t:|1771257059\n|move|p1b: Gholdengo|Protect|p1b: Gholdengo\n|-singleturn|p1b: Gholdengo|Protect\n|move|p2b: Porygon2|Tera Blast|p1b: Gholdengo|[anim] Tera Blast Ground\n|-activate|p1b: Gholdengo|move: Protect\n|move|p2a: Milotic|Coil|p2a: Milotic\n|-boost|p2a: Milotic|atk|1\n|-boost|p2a: Milotic|def|1\n|-boost|p2a: Milotic|accuracy|1\n|move|p1a: Mew|Pollen Puff|p2a: Milotic\n|-damage|p2a: Milotic|38/100\n|\n|-heal|p2a: Milotic|44/100|[from] item: Leftovers\n|-heal|p1b: Gholdengo|34/100|[from] item: Leftovers\n|upkeep\n|turn|5\n|inactive|refridgenator has 120 seconds left.\n|\n|t:|1771257093\n|switch|p1b: Dragonite|Dragonite, F|100/100\n|move|p2b: Porygon2|Tera Blast|p1b: Dragonite|[anim] Tera Blast Ground\n|-immune|p1b: Dragonite\n|move|p2a: Milotic|Muddy Water|p1b: Dragonite|[spread] p1a,p1b\n|-resisted|p1b: Dragonite\n|-damage|p1a: Mew|71/100\n|-damage|p1b: Dragonite|92/100\n|-unboost|p1a: Mew|accuracy|1\n|move|p1a: Mew|Pollen Puff|p2a: Milotic\n|-damage|p2a: Milotic|29/100\n|\n|-heal|p2a: Milotic|35/100|[from] item: Leftovers\n|upkeep\n|turn|6\n|\n|t:|1771257113\n|move|p1b: Dragonite|Protect|p1b: Dragonite\n|-singleturn|p1b: Dragonite|Protect\n|move|p2b: Porygon2|Blizzard|p1b: Dragonite|[spread] p1a\n|-activate|p1b: Dragonite|move: Protect\n|-damage|p1a: Mew|47/100\n|move|p2a: Milotic|Hypnosis|p1b: Dragonite\n|-activate|p1b: Dragonite|move: Protect\n|move|p1a: Mew|Pollen Puff|p2a: Milotic\n|-damage|p2a: Milotic|23/100\n|\n|-heal|p2a: Milotic|29/100|[from] item: Leftovers\n|-fieldend|move: Trick Room\n|upkeep\n|turn|7\n|\n|t:|1771257132\n|move|p2a: Milotic|Protect|p2a: Milotic\n|-singleturn|p2a: Milotic|Protect\n|move|p1a: Mew|Pollen Puff|p2a: Milotic\n|-activate|p2a: Milotic|move: Protect\n|move|p1b: Dragonite|Scale Shot|p2a: Milotic\n|-activate|p2a: Milotic|move: Protect\n|move|p2b: Porygon2|Trick Room|p2b: Porygon2\n|-fieldstart|move: Trick Room|[of] p2b: Porygon2\n|\n|-heal|p2a: Milotic|35/100|[from] item: Leftovers\n|upkeep\n|turn|8\n|\n|t:|1771257156\n|move|p2b: Porygon2|Blizzard|p1a: Mew|[spread] p1a\n|-miss|p2b: Porygon2|p1b: Dragonite\n|-damage|p1a: Mew|25/100\n|move|p2a: Milotic|Hypnosis|p1a: Mew\n|-status|p1a: Mew|slp|[from] move: Hypnosis\n|move|p1b: Dragonite|Scale Shot|p2a: Milotic\n|-damage|p2a: Milotic|29/100\n|-damage|p2a: Milotic|23/100\n|-damage|p2a: Milotic|16/100\n|-crit|p2a: Milotic\n|-damage|p2a: Milotic|0 fnt\n|faint|p2a: Milotic\n|-hitcount|p2: Milotic|4\n|-unboost|p1b: Dragonite|def|1\n|-boost|p1b: Dragonite|spe|1\n|cant|p1a: Mew|slp\n|\n|upkeep\n|inactive|refridgenator has 120 seconds left.\n|\n|t:|1771257175\n|switch|p2a: Ninetales|Ninetales-Alola, M|100/100\n|-damage|p2a: Ninetales|76/100|[from] Stealth Rock\n|-weather|Snowscape|[from] ability: Snow Warning|[of] p2a: Ninetales\n|turn|9\n|\n|t:|1771257182\n|move|p1b: Dragonite|Protect|p1b: Dragonite\n|-singleturn|p1b: Dragonite|Protect\n|move|p2b: Porygon2|Blizzard|p1a: Mew|[spread] p1a\n|-activate|p1b: Dragonite|move: Protect\n|-damage|p1a: Mew|1/100 slp\n|move|p2a: Ninetales|Aurora Veil|p2a: Ninetales\n|-sidestart|p2: refridgenator|move: Aurora Veil\n|cant|p1a: Mew|slp\n|\n|-weather|Snowscape|[upkeep]\n|upkeep\n|turn|10\n|\n|t:|1771257202\n|-terastallize|p1b: Dragonite|Fairy\n|move|p2b: Porygon2|Recover|p2b: Porygon2\n|-heal|p2b: Porygon2|95/100\n|move|p2a: Ninetales|Blizzard|p1b: Dragonite|[spread] p1a,p1b\n|-damage|p1a: Mew|0 fnt\n|-damage|p1b: Dragonite|68/100\n|faint|p1a: Mew\n|move|p1b: Dragonite|Scale Shot|p2b: Porygon2|[miss]\n|-miss|p1b: Dragonite|p2b: Porygon2\n|\n|-weather|Snowscape|[upkeep]\n|upkeep\n|\n|t:|1771257212\n|switch|p1a: Ogerpon|Ogerpon-Wellspring, F|100/100\n|turn|11\n|\n|t:|1771257223\n|switch|p2b: Amoonguss|Amoonguss, F|100/100\n|-damage|p2b: Amoonguss|88/100|[from] Stealth Rock\n|move|p2a: Ninetales|Blizzard|p1b: Dragonite|[spread] p1a,p1b\n|-damage|p1a: Ogerpon|76/100\n|-damage|p1b: Dragonite|43/100\n|move|p1a: Ogerpon|Ivy Cudgel|p2b: Amoonguss|[anim] Ivy Cudgel Water\n|-resisted|p2b: Amoonguss\n|-damage|p2b: Amoonguss|70/100\n|move|p1b: Dragonite|Scale Shot|p2b: Amoonguss\n|-damage|p2b: Amoonguss|58/100\n|-damage|p2b: Amoonguss|47/100\n|-damage|p2b: Amoonguss|36/100\n|-damage|p2b: Amoonguss|26/100\n|-hitcount|p2b: Amoonguss|4\n|-unboost|p1b: Dragonite|def|1\n|-boost|p1b: Dragonite|spe|1\n|\n|-weather|Snowscape|[upkeep]\n|-fieldend|move: Trick Room\n|upkeep\n|turn|12\n|j| InkleeKong\n|inactive|refridgenator has 120 seconds left.\n|\n|t:|1771257266\n|switch|p2b: Incineroar|Incineroar, F|100/100\n|-damage|p2b: Incineroar|76/100|[from] Stealth Rock\n|-ability|p2b: Incineroar|Intimidate|boost\n|-unboost|p1a: Ogerpon|atk|1\n|-unboost|p1b: Dragonite|atk|1\n|move|p1b: Dragonite|Scale Shot|p2b: Incineroar\n|-damage|p2b: Incineroar|70/100\n|-crit|p2b: Incineroar\n|-damage|p2b: Incineroar|51/100\n|-damage|p2b: Incineroar|45/100\n|-enditem|p2b: Incineroar|Sitrus Berry|[eat]\n|-heal|p2b: Incineroar|70/100|[from] item: Sitrus Berry\n|-damage|p2b: Incineroar|64/100\n|-crit|p2b: Incineroar\n|-damage|p2b: Incineroar|44/100\n|-hitcount|p2b: Incineroar|5\n|-unboost|p1b: Dragonite|def|1\n|-boost|p1b: Dragonite|spe|1\n|move|p1a: Ogerpon|Ivy Cudgel|p2b: Incineroar|[anim] Ivy Cudgel Water\n|-supereffective|p2b: Incineroar\n|-damage|p2b: Incineroar|0 fnt\n|faint|p2b: Incineroar\n|move|p2a: Ninetales|Blizzard|p1a: Ogerpon|[spread] p1a,p1b\n|-damage|p1a: Ogerpon|52/100\n|-damage|p1b: Dragonite|17/100\n|\n|-weather|Snowscape|[upkeep]\n|upkeep\n|inactive|refridgenator has 90 seconds left.\n|\n|t:|1771257295\n|switch|p2b: Amoonguss|Amoonguss, F|59/100\n|-damage|p2b: Amoonguss|47/100|[from] Stealth Rock\n|turn|13\n|inactive|refridgenator has 90 seconds left.\n|\n|t:|1771257322\n|switch|p1a: Gholdengo|Gholdengo|34/100\n|move|p1b: Dragonite|Tailwind|p1b: Dragonite\n|-sidestart|p1: Whiteflame20|move: Tailwind\n|move|p2a: Ninetales|Blizzard|p1b: Dragonite|[spread] p1a,p1b\n|-resisted|p1a: Gholdengo\n|-damage|p1a: Gholdengo|23/100\n|-damage|p1b: Dragonite|0 fnt\n|faint|p1b: Dragonite\n|move|p2b: Amoonguss|Pollen Puff|p1a: Gholdengo\n|-resisted|p1a: Gholdengo\n|-damage|p1a: Gholdengo|17/100\n|\n|-weather|none\n|-heal|p1a: Gholdengo|23/100|[from] item: Leftovers\n|upkeep\n|\n|t:|1771257340\n|switch|p1b: Ogerpon|Ogerpon-Wellspring, F|52/100\n|turn|14\n|\n|t:|1771257366\n|move|p2a: Ninetales|Protect|p2a: Ninetales\n|-singleturn|p2a: Ninetales|Protect\n|move|p1b: Ogerpon|Ivy Cudgel|p2a: Ninetales|[anim] Ivy Cudgel Water\n|-activate|p2a: Ninetales|move: Protect\n|move|p1a: Gholdengo|Make It Rain|p2a: Ninetales|[spread] p2b\n|-activate|p2a: Ninetales|move: Protect\n|-damage|p2b: Amoonguss|18/100\n|-unboost|p1a: Gholdengo|spa|1\n|move|p2b: Amoonguss|Pollen Puff|p1b: Ogerpon\n|-supereffective|p1b: Ogerpon\n|-damage|p1b: Ogerpon|0 fnt\n|faint|p1b: Ogerpon\n|\n|-heal|p1a: Gholdengo|29/100|[from] item: Leftovers\n|upkeep\n|\n|t:|1771257373\n|switch|p1b: Chien-Pao|Chien-Pao|100/100\n|-ability|p1b: Chien-Pao|Sword of Ruin\n|turn|15\n|inactive|refridgenator has 120 seconds left.\n|\n|t:|1771257403\n|move|p1b: Chien-Pao|Ice Spinner|p2b: Amoonguss\n|-supereffective|p2b: Amoonguss\n|-damage|p2b: Amoonguss|0 fnt\n|-damage|p1b: Chien-Pao|84/100|[from] item: Rocky Helmet|[of] p2b: Amoonguss\n|faint|p2b: Amoonguss\n|move|p1a: Gholdengo|Make It Rain|p2a: Ninetales\n|-supereffective|p2a: Ninetales\n|-damage|p2a: Ninetales|0 fnt\n|-unboost|p1a: Gholdengo|spa|1\n|faint|p2a: Ninetales\n|\n|-heal|p1a: Gholdengo|35/100|[from] item: Leftovers\n|upkeep\n|inactive|refridgenator has 120 seconds left.\n|\n|t:|1771257417\n|switch|p2a: Cresselia|Cresselia, F|91/100\n|switch|p2b: Porygon2|Porygon2, tera:Ground|95/100\n|-damage|p2a: Cresselia|78/100|[from] Stealth Rock\n|-damage|p2b: Porygon2|88/100|[from] Stealth Rock\n|-ability|p2b: Porygon2|Download|boost\n|-boost|p2b: Porygon2|spa|1\n|turn|16\n|\n|t:|1771257434\n|move|p1b: Chien-Pao|Ice Spinner|p2b: Porygon2\n|-supereffective|p2b: Porygon2\n|-damage|p2b: Porygon2|45/100\n|move|p1a: Gholdengo|Nasty Plot|p1a: Gholdengo\n|-boost|p1a: Gholdengo|spa|2\n|move|p2b: Porygon2|Tera Blast|p1a: Gholdengo|[anim] Tera Blast Ground\n|-supereffective|p1a: Gholdengo\n|-damage|p1a: Gholdengo|0 fnt\n|faint|p1a: Gholdengo\n|move|p2a: Cresselia|Trick Room|p2a: Cresselia\n|-fieldstart|move: Trick Room|[of] p2a: Cresselia\n|\n|-sideend|p1: Whiteflame20|move: Tailwind\n|-sideend|p2: refridgenator|move: Aurora Veil\n|upkeep\n|turn|17\n|\n|t:|1771257450\n|move|p2b: Porygon2|Tera Blast|p1b: Chien-Pao|[anim] Tera Blast Ground\n|-damage|p1b: Chien-Pao|0 fnt\n|faint|p1b: Chien-Pao\n|\n|win|refridgenator\n|raw|Whiteflame20's rating: 1594 &rarr; <strong>1576</strong><br />(-18 for losing)\n|raw|refridgenator's rating: 1627 &rarr; <strong>1645</strong><br />(+18 for winning)\n|l| InkleeKong\n|c|☆refridgenator|Gg\n|l|☆Whiteflame20\n|player|p1|\n|l|☆refridgenator\n|player|p2|\n", "uploadtime": 1771257659, "views": 6, "formatid": "gen9doublesou", "rating": 1576, "private": 0, "password": null}