{"id": "gen9doublesou-2540801623", "format": "[Gen 9] Doubles OU", "players": ["Andy6005", "Poly love"], "log": "|badge|p2|bronze|gen9doublesou|100-8\n|uhtml|medal-msg|<div class=\"broadcast-blue\">Curious what those medals under the avatar are? PS now has Ladder Seasons! For more information, check out the <a href=\"https://www.smogon.com/forums/threads/3740067/\">thread on Smogon.</a></div>\n|j|☆Andy6005\n|j|☆Poly love\n|t:|1771255490\n|gametype|doubles\n|player|p1|Andy6005|policeman-gen4|1662\n|player|p2|Poly love|marnie-masters2|1798\n|gen|9\n|tier|[Gen 9] Doubles OU\n|rated|\n|rule|HP Percentage Mod: HP is shown in percentages\n|rule|Endless Battle Clause: Forcing endless battles is banned\n|rule|Species Clause: Limit one of each Pokémon\n|rule|OHKO Clause: OHKO moves are banned\n|rule|Evasion Moves Clause: Evasion moves are banned\n|rule|Gravity Sleep Clause: The combination of sleep-inducing moves with imperfect accuracy and Gravity or Gigantamax Orbeetle are banned\n|rule|Evasion Abilities Clause: Evasion abilities are banned\n|clearpoke\n|poke|p1|Thundurus, M|\n|poke|p1|Enamorus, F|\n|poke|p1|Amoonguss, M|\n|poke|p1|Sneasler, F|\n|poke|p1|Chi-Yu|\n|poke|p1|Incineroar, F|\n|poke|p2|Tyranitar, M|\n|poke|p2|Ting-Lu|\n|poke|p2|Orthworm, M|\n|poke|p2|Houndstone, F|\n|poke|p2|Chien-Pao|\n|poke|p2|Glimmora, M|\n|teampreview\n|\n|t:|1771255544\n|teamsize|p1|6\n|teamsize|p2|6\n|start\n|switch|p1a: Thundurus|Thundurus, M|100/100\n|switch|p1b: Incineroar|Incineroar, F|100/100\n|switch|p2a: Spinner ball|Glimmora, M|100/100\n|switch|p2b: Migajas|Orthworm, M|100/100\n|-ability|p1b: Incineroar|Intimidate|boost\n|-unboost|p2a: Spinner ball|atk|1\n|-unboost|p2b: Migajas|atk|1\n|turn|1\n|inactive|Battle timer is ON: inactive players will automatically lose when time's up. (requested by Andy6005)\n|\n|t:|1771255565\n|move|p1b: Incineroar|Fake Out|p2a: Spinner ball\n|-resisted|p2a: Spinner ball\n|-damage|p2a: Spinner ball|94/100\n|-activate|p2a: Spinner ball|ability: Toxic Debris\n|-sidestart|p1: Andy6005|move: Toxic Spikes\n|move|p1a: Thundurus|Taunt|p2b: Migajas\n|-start|p2b: Migajas|move: Taunt\n|cant|p2a: Spinner ball|flinch\n|cant|p2b: Migajas|move: Taunt|Iron Defense\n|\n|upkeep\n|turn|2\n|\n|t:|1771255577\n|switch|p2b: Stalling power|Ting-Lu|100/100\n|-ability|p2b: Stalling power|Vessel of Ruin\n|switch|p1b: Enamorus|Enamorus, F|100/100\n|move|p1a: Thundurus|Eerie Impulse|p1b: Enamorus\n|-boost|p1b: Enamorus|spa|2\n|move|p2a: Spinner ball|Mortal Spin|p1a: Thundurus|[spread] p1a,p1b\n|-supereffective|p1b: Enamorus\n|-damage|p1a: Thundurus|97/100\n|-damage|p1b: Enamorus|92/100\n|-status|p1a: Thundurus|psn\n|-status|p1b: Enamorus|psn\n|\n|-damage|p1b: Enamorus|80/100 psn|[from] psn\n|-damage|p1a: Thundurus|85/100 psn|[from] psn\n|upkeep\n|turn|3\n|j| hitman9191\n|j| Masque de Onryo\n|\n|t:|1771255593\n|switch|p1a: Amoonguss|Amoonguss, M|100/100\n|-sideend|p1: Andy6005|move: Toxic Spikes|[of] p1a: Amoonguss\n|move|p1b: Enamorus|Earth Power|p2a: Spinner ball\n|-supereffective|p2a: Spinner ball\n|-damage|p2a: Spinner ball|0 fnt\n|faint|p2a: Spinner ball\n|-damage|p1b: Enamorus|70/100 psn|[from] item: Life Orb\n|move|p2b: Stalling power|Whirlwind|p1b: Enamorus\n|drag|p1b: Incineroar|Incineroar, F|100/100\n|-ability|p1b: Incineroar|Intimidate|boost\n|-unboost|p2b: Stalling power|atk|1\n|\n|upkeep\n|\n|t:|1771255606\n|switch|p2a: Bite ice|Chien-Pao|100/100\n|-ability|p2a: Bite ice|Sword of Ruin\n|turn|4\n|\n|t:|1771255614\n|-terastallize|p2a: Bite ice|Ghost\n|move|p2a: Bite ice|Ice Spinner|p1a: Amoonguss\n|-supereffective|p1a: Amoonguss\n|-damage|p1a: Amoonguss|24/100\n|-enditem|p1a: Amoonguss|Sitrus Berry|[eat]\n|-heal|p1a: Amoonguss|49/100|[from] item: Sitrus Berry\n|move|p1b: Incineroar|Knock Off|p2b: Stalling power\n|-resisted|p2b: Stalling power\n|-damage|p2b: Stalling power|88/100\n|-enditem|p2b: Stalling power|Leftovers|[from] move: Knock Off|[of] p1b: Incineroar\n|move|p2b: Stalling power|Earthquake|p1a: Amoonguss|[spread] p2a,p1a,p1b\n|-supereffective|p1b: Incineroar\n|-damage|p2a: Bite ice|74/100\n|-damage|p1a: Amoonguss|30/100\n|-damage|p1b: Incineroar|55/100\n|move|p1a: Amoonguss|Spore|p2b: Stalling power\n|-status|p2b: Stalling power|slp|[from] move: Spore\n|\n|upkeep\n|turn|5\n|\n|t:|1771255639\n|switch|p2b: Godzilla|Tyranitar, M|100/100\n|-weather|Sandstorm|[from] ability: Sand Stream|[of] p2b: Godzilla\n|move|p2a: Bite ice|Sacred Sword|p1b: Incineroar\n|-supereffective|p1b: Incineroar\n|-damage|p1b: Incineroar|0 fnt\n|faint|p1b: Incineroar\n|move|p1a: Amoonguss|Spore|p2a: Bite ice\n|-status|p2a: Bite ice|slp|[from] move: Spore\n|\n|-weather|Sandstorm|[upkeep]\n|-damage|p2a: Bite ice|68/100 slp|[from] Sandstorm\n|-damage|p1a: Amoonguss|24/100|[from] Sandstorm\n|upkeep\n|\n|t:|1771255648\n|switch|p1b: Sneasler|Sneasler, F|100/100\n|turn|6\n|\n|t:|1771255656\n|switch|p1a: Thundurus|Thundurus, M|85/100 psn\n|move|p2b: Godzilla|Protect|p2b: Godzilla\n|-singleturn|p2b: Godzilla|Protect\n|cant|p2a: Bite ice|slp\n|move|p1b: Sneasler|Close Combat|p2b: Godzilla\n|-activate|p2b: Godzilla|move: Protect\n|\n|-weather|Sandstorm|[upkeep]\n|-damage|p2a: Bite ice|62/100 slp|[from] Sandstorm\n|-damage|p1b: Sneasler|95/100|[from] Sandstorm\n|-damage|p1a: Thundurus|79/100 psn|[from] Sandstorm\n|-damage|p1a: Thundurus|66/100 psn|[from] psn\n|upkeep\n|turn|7\n|\n|t:|1771255669\n|switch|p2b: Doggy attack|Houndstone, F|100/100\n|move|p1a: Thundurus|Scary Face|p2a: Bite ice\n|-fail|p2a: Bite ice|unboost|[from] item: Clear Amulet|[of] p2a: Bite ice\n|-curestatus|p2a: Bite ice|slp|[msg]\n|move|p2a: Bite ice|Ice Spinner|p1b: Sneasler\n|-damage|p1b: Sneasler|8/100\n|move|p1b: Sneasler|Close Combat|p2b: Doggy attack\n|-immune|p2b: Doggy attack\n|\n|-weather|Sandstorm|[upkeep]\n|-damage|p2a: Bite ice|56/100|[from] Sandstorm\n|-damage|p1b: Sneasler|2/100|[from] Sandstorm\n|-damage|p1a: Thundurus|60/100 psn|[from] Sandstorm\n|-damage|p1a: Thundurus|48/100 psn|[from] psn\n|upkeep\n|turn|8\n|-message|Andy6005 forfeited.\n|\n|win|Poly love\n|raw|Andy6005's rating: 1662 &rarr; <strong>1649</strong><br />(-13 for losing)\n|raw|Poly love's rating: 1798 &rarr; <strong>1811</strong><br />(+13 for winning)\n|l|☆Andy6005\n|player|p1|\n|l| hitman9191\n|l| Masque de Onryo\n|l|☆Poly love\n|player|p2|\n", "uploadtime": 1771255872, "views": 6, "formatid": "gen9doublesou", "rating": 1649, "private": 0, "password": null}