{"id": "gen9doublesou-2540513438", "format": "[Gen 9] Doubles OU", "players": ["Coldblooded0706", "lucus27"], "log": "|j|☆Coldblooded0706\n|j|☆lucus27\n|t:|1771211493\n|gametype|doubles\n|player|p1|Coldblooded0706|265|1639\n|player|p2|lucus27|lucas|1640\n|gen|9\n|tier|[Gen 9] Doubles OU\n|rated|\n|rule|HP Percentage Mod: HP is shown in percentages\n|rule|Endless Battle Clause: Forcing endless battles is banned\n|rule|Species Clause: Limit one of each Pokémon\n|rule|OHKO Clause: OHKO moves are banned\n|rule|Evasion Moves Clause: Evasion moves are banned\n|rule|Gravity Sleep Clause: The combination of sleep-inducing moves with imperfect accuracy and Gravity or Gigantamax Orbeetle are banned\n|rule|Evasion Abilities Clause: Evasion abilities are banned\n|clearpoke\n|poke|p1|Murkrow, F|\n|poke|p1|Chandelure, M|\n|poke|p1|Zapdos-Galar|\n|poke|p1|Tsareena, F|\n|poke|p1|Metagross|\n|poke|p1|Sylveon, F|\n|poke|p2|Hydreigon, F|\n|poke|p2|Goodra-Hisui, M|\n|poke|p2|Ninetales-Alola, F|\n|poke|p2|Gastrodon-East, F|\n|poke|p2|Corviknight, F|\n|poke|p2|Tauros-Paldea-Blaze, M|\n|teampreview\n|inactive|Battle timer is ON: inactive players will automatically lose when time's up. (requested by lucus27)\n|\n|t:|1771211519\n|teamsize|p1|6\n|teamsize|p2|6\n|start\n|switch|p1a: Zapdos|Zapdos-Galar|100/100\n|switch|p1b: Chandelure|Chandelure, M|100/100\n|switch|p2a: Hydreigon|Hydreigon, F|100/100\n|switch|p2b: Goodra|Goodra-Hisui, M|100/100\n|turn|1\n|\n|t:|1771211541\n|move|p1a: Zapdos|Thunderous Kick|p2a: Hydreigon\n|-supereffective|p2a: Hydreigon\n|-enditem|p2a: Hydreigon|Chople Berry|[eat]\n|-enditem|p2a: Hydreigon|Chople Berry|[weaken]\n|-damage|p2a: Hydreigon|44/100\n|-unboost|p2a: Hydreigon|def|1\n|move|p2a: Hydreigon|Earth Power|p1b: Chandelure\n|-supereffective|p1b: Chandelure\n|-damage|p1b: Chandelure|33/100\n|move|p1b: Chandelure|Heat Wave|p2b: Goodra|[spread] p2a,p2b\n|-resisted|p2a: Hydreigon\n|-damage|p2a: Hydreigon|21/100\n|-damage|p2b: Goodra|76/100\n|-damage|p1b: Chandelure|23/100|[from] item: Life Orb\n|move|p2b: Goodra|Dragon Pulse|p1b: Chandelure\n|-damage|p1b: Chandelure|0 fnt\n|faint|p1b: Chandelure\n|\n|upkeep\n|inactive|Coldblooded0706 has 120 seconds left.\n|\n|t:|1771211561\n|switch|p1b: Metagross|Metagross|100/100\n|turn|2\n|\n|t:|1771211572\n|move|p1b: Metagross|Bullet Punch|p2a: Hydreigon\n|-damage|p2a: Hydreigon|0 fnt\n|faint|p2a: Hydreigon\n|move|p1a: Zapdos|Thunderous Kick|p2b: Goodra\n|-supereffective|p2b: Goodra\n|-crit|p2b: Goodra\n|-damage|p2b: Goodra|0 fnt\n|faint|p2b: Goodra\n|\n|upkeep\n|\n|t:|1771211581\n|switch|p2a: Corviknight|Corviknight, F, shiny|100/100\n|switch|p2b: Gastrodon|Gastrodon-East, F|100/100\n|turn|3\n|\n|t:|1771211605\n|switch|p1b: Tsareena|Tsareena, F|100/100\n|move|p1a: Zapdos|Thunderous Kick|p2a: Corviknight\n|-damage|p2a: Corviknight|65/100\n|-ability|p2a: Corviknight|Mirror Armor\n|-unboost|p1a: Zapdos|def|1\n|-ability|p1a: Zapdos|Defiant|boost\n|-boost|p1a: Zapdos|atk|2\n|-damage|p1a: Zapdos|84/100|[from] item: Rocky Helmet|[of] p2a: Corviknight\n|move|p2a: Corviknight|Brave Bird|p1a: Zapdos\n|-supereffective|p1a: Zapdos\n|-damage|p1a: Zapdos|0 fnt\n|faint|p1a: Zapdos\n|-damage|p2a: Corviknight|39/100|[from] Recoil\n|move|p2b: Gastrodon|Ice Beam|p1b: Tsareena\n|-supereffective|p1b: Tsareena\n|-damage|p1b: Tsareena|40/100\n|\n|upkeep\n|inactive|Coldblooded0706 has 120 seconds left.\n|\n|t:|1771211628\n|switch|p1a: Sylveon|Sylveon, F|100/100\n|turn|4\n|inactive|Coldblooded0706 has 120 seconds left.\n|inactive|Coldblooded0706 has 90 seconds left.\n|\n|t:|1771211690\n|-terastallize|p1a: Sylveon|Water\n|-terastallize|p2b: Gastrodon|Fire\n|move|p1b: Tsareena|Power Whip|p2b: Gastrodon|[miss]\n|-miss|p1b: Tsareena|p2b: Gastrodon\n|move|p1a: Sylveon|Tera Blast|p2b: Gastrodon|[anim] Tera Blast Water\n|-activate|p2b: Gastrodon|ability: Storm Drain\n|-ability|p2b: Gastrodon|Storm Drain|boost\n|-boost|p2b: Gastrodon|spa|1\n|move|p2a: Corviknight|Iron Head|p1a: Sylveon\n|-resisted|p1a: Sylveon\n|-damage|p1a: Sylveon|83/100\n|move|p2b: Gastrodon|Ice Beam|p1b: Tsareena\n|-supereffective|p1b: Tsareena\n|-damage|p1b: Tsareena|0 fnt\n|faint|p1b: Tsareena\n|\n|upkeep\n|\n|t:|1771211697\n|switch|p1b: Metagross|Metagross|100/100\n|turn|5\n|\n|t:|1771211720\n|switch|p1a: Murkrow|Murkrow, F|100/100\n|move|p1b: Metagross|Earthquake|p2a: Corviknight|[spread] p2b\n|-immune|p1a: Murkrow\n|-immune|p2a: Corviknight\n|-supereffective|p2b: Gastrodon\n|-damage|p2b: Gastrodon|43/100\n|move|p2a: Corviknight|Body Press|p1b: Metagross\n|-damage|p1b: Metagross|77/100\n|move|p2b: Gastrodon|Earth Power|p1b: Metagross\n|-supereffective|p1b: Metagross\n|-damage|p1b: Metagross|0 fnt\n|faint|p1b: Metagross\n|\n|upkeep\n|inactive|Coldblooded0706 has 90 seconds left.\n|\n|t:|1771211766\n|switch|p1b: Sylveon|Sylveon, F, tera:Water|83/100\n|turn|6\n|\n|t:|1771211779\n|move|p2b: Gastrodon|Protect|p2b: Gastrodon\n|-singleturn|p2b: Gastrodon|Protect\n|move|p1a: Murkrow|Foul Play|p2a: Corviknight\n|-damage|p2a: Corviknight|16/100\n|-damage|p1a: Murkrow|84/100|[from] item: Rocky Helmet|[of] p2a: Corviknight\n|move|p1b: Sylveon|Hyper Voice|p2b: Gastrodon|[spread] p2a\n|-activate|p2b: Gastrodon|move: Protect\n|-resisted|p2a: Corviknight\n|-damage|p2a: Corviknight|0 fnt\n|faint|p2a: Corviknight\n|\n|upkeep\n|\n|t:|1771211790\n|switch|p2a: Ninetales|Ninetales-Alola, F, shiny|100/100\n|-weather|Snowscape|[from] ability: Snow Warning|[of] p2a: Ninetales\n|turn|7\n|-activate|p2b: Gastrodon|item: Quick Claw\n|\n|t:|1771211798\n|move|p1a: Murkrow|Sunny Day|p1a: Murkrow\n|-weather|SunnyDay\n|move|p2b: Gastrodon|Ice Beam|p1a: Murkrow\n|-supereffective|p1a: Murkrow\n|-damage|p1a: Murkrow|2/100\n|move|p2a: Ninetales|Blizzard|p1a: Murkrow|[spread] p1b\n|-miss|p2a: Ninetales|p1a: Murkrow\n|-resisted|p1b: Sylveon\n|-damage|p1b: Sylveon|74/100\n|move|p1b: Sylveon|Hyper Voice|p2a: Ninetales|[spread] p2a,p2b\n|-resisted|p2b: Gastrodon\n|-damage|p2a: Ninetales|55/100\n|-damage|p2b: Gastrodon|15/100\n|\n|-weather|SunnyDay|[upkeep]\n|upkeep\n|turn|8\n|inactive|Coldblooded0706 has 120 seconds left.\n|\n|t:|1771211816\n|move|p2b: Gastrodon|Protect|p2b: Gastrodon\n|-singleturn|p2b: Gastrodon|Protect\n|move|p1a: Murkrow|Tailwind|p1a: Murkrow\n|-sidestart|p1: Coldblooded0706|move: Tailwind\n|move|p1b: Sylveon|Hyper Voice|p2a: Ninetales|[spread] p2a\n|-activate|p2b: Gastrodon|move: Protect\n|-damage|p2a: Ninetales|11/100\n|move|p2a: Ninetales|Moonblast|p1a: Murkrow\n|-supereffective|p1a: Murkrow\n|-damage|p1a: Murkrow|0 fnt\n|faint|p1a: Murkrow\n|\n|-weather|SunnyDay|[upkeep]\n|upkeep\n|turn|9\n|\n|t:|1771211835\n|switch|p2a: Tauros|Tauros-Paldea-Blaze, M|100/100\n|-ability|p2a: Tauros|Intimidate|boost\n|-unboost|p1b: Sylveon|atk|1\n|move|p1b: Sylveon|Hyper Voice|p2a: Tauros|[spread] p2a,p2b\n|-resisted|p2b: Gastrodon\n|-damage|p2a: Tauros|31/100\n|-damage|p2b: Gastrodon|0 fnt\n|faint|p2b: Gastrodon\n|\n|-weather|SunnyDay|[upkeep]\n|upkeep\n|\n|t:|1771211841\n|switch|p2b: Ninetales|Ninetales-Alola, F, shiny|11/100\n|-weather|Snowscape|[from] ability: Snow Warning|[of] p2b: Ninetales\n|turn|10\n|\n|t:|1771211848\n|move|p2a: Tauros|Protect|p2a: Tauros\n|-singleturn|p2a: Tauros|Protect\n|move|p2b: Ninetales|Protect|p2b: Ninetales\n|-singleturn|p2b: Ninetales|Protect\n|move|p1b: Sylveon|Hyper Voice|p2b: Ninetales|[spread] \n|-activate|p2a: Tauros|move: Protect\n|-activate|p2b: Ninetales|move: Protect\n|\n|-weather|Snowscape|[upkeep]\n|upkeep\n|turn|11\n|\n|t:|1771211863\n|move|p2a: Tauros|Protect|p2a: Tauros\n|-singleturn|p2a: Tauros|Protect\n|move|p1b: Sylveon|Hyper Voice|p2a: Tauros|[spread] p2b\n|-activate|p2a: Tauros|move: Protect\n|-damage|p2b: Ninetales|0 fnt\n|faint|p2b: Ninetales\n|\n|-weather|Snowscape|[upkeep]\n|-sideend|p1: Coldblooded0706|move: Tailwind\n|upkeep\n|turn|12\n|\n|t:|1771211891\n|move|p2a: Tauros|Rock Slide|p1b: Sylveon\n|-damage|p1b: Sylveon|40/100\n|move|p1b: Sylveon|Hyper Voice|p2a: Tauros\n|-damage|p2a: Tauros|0 fnt\n|faint|p2a: Tauros\n|\n|win|Coldblooded0706\n|raw|Coldblooded0706's rating: 1639 &rarr; <strong>1659</strong><br />(+20 for winning)\n|raw|lucus27's rating: 1640 &rarr; <strong>1620</strong><br />(-20 for losing)\n|l|☆lucus27\n|player|p2|\n|l|☆Coldblooded0706\n|player|p1|\n", "uploadtime": 1771212129, "views": 15, "formatid": "gen9doublesou", "rating": 1620, "private": 0, "password": null}