{"id": "gen9doublesou-2540573464", "format": "[Gen 9] Doubles OU", "players": ["LeBronFan54", "FilthyCasual242"], "log": "|j|☆LeBronFan54\n|j|☆FilthyCasual242\n|t:|1771220193\n|gametype|doubles\n|player|p1|LeBronFan54|170|1560\n|player|p2|FilthyCasual242|bellelba|1560\n|gen|9\n|tier|[Gen 9] Doubles OU\n|rated|\n|rule|HP Percentage Mod: HP is shown in percentages\n|rule|Endless Battle Clause: Forcing endless battles is banned\n|rule|Species Clause: Limit one of each Pokémon\n|rule|OHKO Clause: OHKO moves are banned\n|rule|Evasion Moves Clause: Evasion moves are banned\n|rule|Gravity Sleep Clause: The combination of sleep-inducing moves with imperfect accuracy and Gravity or Gigantamax Orbeetle are banned\n|rule|Evasion Abilities Clause: Evasion abilities are banned\n|clearpoke\n|poke|p1|Primarina, M|\n|poke|p1|Rillaboom, F|\n|poke|p1|Raging Bolt|\n|poke|p1|Gholdengo|\n|poke|p1|Clefairy, M|\n|poke|p1|Ursaluna-Bloodmoon, M|\n|poke|p2|Gouging Fire|\n|poke|p2|Ting-Lu|\n|poke|p2|Rillaboom, F|\n|poke|p2|Glimmora, F|\n|poke|p2|Chien-Pao|\n|poke|p2|Dragonite, M|\n|teampreview\n|inactive|Battle timer is ON: inactive players will automatically lose when time's up. (requested by FilthyCasual242)\n|\n|t:|1771220217\n|teamsize|p1|6\n|teamsize|p2|6\n|start\n|switch|p1a: Von|Ursaluna-Bloodmoon, M|100/100\n|switch|p1b: CP3|Clefairy, M|100/100\n|switch|p2a: Ting-Lu|Ting-Lu|100/100\n|switch|p2b: Glimmora|Glimmora, F|100/100\n|-ability|p2a: Ting-Lu|Vessel of Ruin\n|turn|1\n|\n|t:|1771220234\n|move|p1b: CP3|Follow Me|p1b: CP3\n|-singleturn|p1b: CP3|move: Follow Me\n|move|p2b: Glimmora|Stealth Rock|p1a: Von\n|-sidestart|p1: LeBronFan54|move: Stealth Rock\n|move|p1a: Von|Earth Power|p2b: Glimmora\n|-supereffective|p2b: Glimmora\n|-enditem|p2b: Glimmora|Focus Sash\n|-damage|p2b: Glimmora|1/100\n|-unboost|p2b: Glimmora|spd|1\n|move|p2a: Ting-Lu|Spikes|p1b: CP3\n|-sidestart|p1: LeBronFan54|Spikes\n|\n|upkeep\n|turn|2\n|\n|t:|1771220248\n|move|p1b: CP3|Helping Hand|p1a: Von\n|-singleturn|p1a: Von|Helping Hand|[of] p1b: CP3\n|move|p2b: Glimmora|Mortal Spin|p1b: CP3|[spread] p1a,p1b\n|-resisted|p1a: Von\n|-supereffective|p1b: CP3\n|-damage|p1a: Von|99/100\n|-damage|p1b: CP3|91/100\n|-status|p1a: Von|psn\n|-status|p1b: CP3|psn\n|move|p1a: Von|Hyper Voice|p2a: Ting-Lu|[spread] p2a,p2b\n|-resisted|p2b: Glimmora\n|-damage|p2a: Ting-Lu|69/100\n|-damage|p2b: Glimmora|0 fnt\n|faint|p2b: Glimmora\n|-enditem|p1a: Von|Throat Spray\n|-boost|p1a: Von|spa|1|[from] item: Throat Spray\n|move|p2a: Ting-Lu|Whirlwind|p1a: Von\n|drag|p1a: Blackrock|Gholdengo|100/100\n|-damage|p1a: Blackrock|94/100|[from] Stealth Rock\n|-damage|p1a: Blackrock|82/100|[from] Spikes\n|\n|-heal|p2a: Ting-Lu|75/100|[from] item: Leftovers\n|-damage|p1b: CP3|79/100 psn|[from] psn\n|upkeep\n|\n|t:|1771220260\n|switch|p2b: Rillaboom|Rillaboom, F|100/100\n|-fieldstart|move: Grassy Terrain|[from] ability: Grassy Surge|[of] p2b: Rillaboom\n|turn|3\n|\n|t:|1771220275\n|move|p1a: Blackrock|Protect|p1a: Blackrock\n|-singleturn|p1a: Blackrock|Protect\n|move|p2b: Rillaboom|Wood Hammer|p1b: CP3\n|-damage|p1b: CP3|0 fnt\n|faint|p1b: CP3\n|-damage|p2b: Rillaboom|78/100|[from] Recoil\n|move|p2a: Ting-Lu|Throat Chop|p1a: Blackrock\n|-activate|p1a: Blackrock|move: Protect\n|\n|-heal|p1a: Blackrock|88/100|[from] Grassy Terrain\n|-heal|p2b: Rillaboom|85/100|[from] Grassy Terrain\n|-heal|p2a: Ting-Lu|81/100|[from] Grassy Terrain\n|-heal|p2a: Ting-Lu|88/100|[from] item: Leftovers\n|upkeep\n|\n|t:|1771220284\n|switch|p1b: Von|Ursaluna-Bloodmoon, M|99/100 psn\n|-damage|p1b: Von|93/100 psn|[from] Stealth Rock\n|-damage|p1b: Von|81/100 psn|[from] Spikes\n|turn|4\n|\n|t:|1771220293\n|-terastallize|p1b: Von|Ghost\n|move|p1a: Blackrock|Nasty Plot|p1a: Blackrock\n|-boost|p1a: Blackrock|spa|2\n|move|p2b: Rillaboom|Wood Hammer|p1b: Von\n|-damage|p1b: Von|19/100 psn\n|-damage|p2b: Rillaboom|63/100|[from] Recoil\n|move|p1b: Von|Taunt|p2a: Ting-Lu\n|-start|p2a: Ting-Lu|move: Taunt\n|move|p2a: Ting-Lu|Stomping Tantrum|p1a: Blackrock\n|-supereffective|p1a: Blackrock\n|-damage|p1a: Blackrock|29/100\n|\n|-heal|p1a: Blackrock|35/100|[from] Grassy Terrain\n|-heal|p2b: Rillaboom|70/100|[from] Grassy Terrain\n|-heal|p1b: Von|25/100 psn|[from] Grassy Terrain\n|-heal|p2a: Ting-Lu|94/100|[from] Grassy Terrain\n|-heal|p2a: Ting-Lu|99/100|[from] item: Leftovers\n|-damage|p1b: Von|13/100 psn|[from] psn\n|upkeep\n|turn|5\n|\n|t:|1771220308\n|move|p2b: Rillaboom|Grassy Glide|p1b: Von\n|-damage|p1b: Von|0 fnt\n|faint|p1b: Von\n|move|p1a: Blackrock|Make It Rain|p2a: Ting-Lu|[spread] p2a,p2b\n|-damage|p2a: Ting-Lu|43/100\n|-damage|p2b: Rillaboom|7/100\n|-unboost|p1a: Blackrock|spa|1\n|move|p2a: Ting-Lu|Stomping Tantrum|p1a: Blackrock\n|-supereffective|p1a: Blackrock\n|-damage|p1a: Blackrock|0 fnt\n|faint|p1a: Blackrock\n|\n|-heal|p2b: Rillaboom|14/100|[from] Grassy Terrain\n|-heal|p2a: Ting-Lu|49/100|[from] Grassy Terrain\n|-heal|p2a: Ting-Lu|55/100|[from] item: Leftovers\n|upkeep\n|\n|t:|1771220316\n|switch|p1a: Tha Big Rina|Primarina, M|100/100\n|switch|p1b: Agenda Maintainer|Raging Bolt|100/100\n|-damage|p1b: Agenda Maintainer|88/100|[from] Stealth Rock\n|-damage|p1b: Agenda Maintainer|76/100|[from] Spikes\n|-damage|p1a: Tha Big Rina|88/100|[from] Stealth Rock\n|-damage|p1a: Tha Big Rina|76/100|[from] Spikes\n|turn|6\n|\n|t:|1771220322\n|move|p2b: Rillaboom|Grassy Glide|p1a: Tha Big Rina\n|-supereffective|p1a: Tha Big Rina\n|-damage|p1a: Tha Big Rina|0 fnt\n|faint|p1a: Tha Big Rina\n|move|p1b: Agenda Maintainer|Calm Mind|p1b: Agenda Maintainer\n|-boost|p1b: Agenda Maintainer|spa|1\n|-boost|p1b: Agenda Maintainer|spd|1\n|move|p2a: Ting-Lu|Stomping Tantrum|p1b: Agenda Maintainer\n|-supereffective|p1b: Agenda Maintainer\n|-damage|p1b: Agenda Maintainer|29/100\n|\n|-heal|p2b: Rillaboom|20/100|[from] Grassy Terrain\n|-heal|p1b: Agenda Maintainer|35/100|[from] Grassy Terrain\n|-heal|p1b: Agenda Maintainer|41/100|[from] item: Leftovers\n|-heal|p2a: Ting-Lu|61/100|[from] Grassy Terrain\n|-heal|p2a: Ting-Lu|68/100|[from] item: Leftovers\n|-end|p2a: Ting-Lu|move: Taunt\n|upkeep\n|\n|t:|1771220329\n|switch|p1a: Riller|Rillaboom, F|100/100\n|-damage|p1a: Riller|88/100|[from] Stealth Rock\n|-damage|p1a: Riller|76/100|[from] Spikes\n|turn|7\n|\n|t:|1771220338\n|move|p1a: Riller|U-turn|p2b: Rillaboom\n|-supereffective|p2b: Rillaboom\n|-damage|p2b: Rillaboom|0 fnt\n|faint|p2b: Rillaboom\n|move|p1b: Agenda Maintainer|Dragon Pulse|p2a: Ting-Lu\n|-damage|p2a: Ting-Lu|25/100\n|move|p2a: Ting-Lu|Stomping Tantrum|p1b: Agenda Maintainer\n|-supereffective|p1b: Agenda Maintainer\n|-damage|p1b: Agenda Maintainer|0 fnt\n|faint|p1b: Agenda Maintainer\n|-end|p1b: Agenda Maintainer|Protosynthesis|[silent]\n|\n|-heal|p1a: Riller|82/100|[from] Grassy Terrain\n|-heal|p2a: Ting-Lu|31/100|[from] Grassy Terrain\n|-heal|p2a: Ting-Lu|37/100|[from] item: Leftovers\n|-fieldend|move: Grassy Terrain\n|upkeep\n|\n|t:|1771220344\n|switch|p2b: Gouging Fire|Gouging Fire|100/100\n|-enditem|p2b: Gouging Fire|Booster Energy\n|-activate|p2b: Gouging Fire|ability: Protosynthesis|[fromitem]\n|-start|p2b: Gouging Fire|protosynthesisspe\n|turn|8\n|-message|LeBronFan54 forfeited.\n|\n|win|FilthyCasual242\n|raw|LeBronFan54's rating: 1560 &rarr; <strong>1541</strong><br />(-19 for losing)\n|raw|FilthyCasual242's rating: 1574 &rarr; <strong>1593</strong><br />(+19 for winning)\n|l|☆LeBronFan54\n|player|p1|\n|l|☆FilthyCasual242\n|player|p2|\n", "uploadtime": 1771220760, "views": 13, "formatid": "gen9doublesou", "rating": 1541, "private": 0, "password": null}