{"id": "gen9doublesou-2640030780", "format": "[Gen 9] Doubles OU", "players": ["lolk", "Test Trainer 01"], "log": "|j|☆lolk\n|j|☆Test Trainer 01\n|t:|1782566803\n|gametype|doubles\n|player|p1|lolk|petrel|1591\n|player|p2|Test Trainer 01|lucas|1522\n|gen|9\n|tier|[Gen 9] Doubles OU\n|rated|\n|rule|HP Percentage Mod: HP is shown in percentages\n|rule|Endless Battle Clause: Forcing endless battles is banned\n|rule|Species Clause: Limit one of each Pokémon\n|rule|OHKO Clause: OHKO moves are banned\n|rule|Evasion Moves Clause: Evasion moves are banned\n|rule|Gravity Sleep Clause: The combination of sleep-inducing moves with imperfect accuracy and Gravity or Gigantamax Orbeetle are banned\n|rule|Evasion Abilities Clause: Evasion abilities are banned\n|clearpoke\n|poke|p1|Clodsire, F|\n|poke|p1|Cresselia, F|\n|poke|p1|Incineroar, F|\n|poke|p1|Dragonite, F|\n|poke|p1|Gholdengo|\n|poke|p1|Kommo-o, M|\n|poke|p2|Typhlosion-Hisui, M|\n|poke|p2|Samurott-Hisui, M|\n|poke|p2|Decidueye-Hisui, F|\n|poke|p2|Sneasel-Hisui, F|\n|poke|p2|Avalugg-Hisui, F|\n|poke|p2|Braviary-Hisui, M|\n|teampreview\n|\n|t:|1782566839\n|teamsize|p1|6\n|teamsize|p2|6\n|start\n|switch|p1a: Incineroar|Incineroar, F|100/100\n|switch|p1b: Clodsire|Clodsire, F|100/100\n|switch|p2a: Sneasel|Sneasel-Hisui, F|100/100\n|switch|p2b: Braviary|Braviary-Hisui, M|100/100\n|-ability|p1a: Incineroar|Intimidate|boost\n|-fail|p2a: Sneasel|unboost|Attack|[from] ability: Inner Focus|[of] p2a: Sneasel\n|-unboost|p2b: Braviary|atk|1\n|turn|1\n|\n|t:|1782566857\n|move|p2a: Sneasel|Fake Out|p1b: Clodsire\n|-damage|p1b: Clodsire|89/100\n|move|p1a: Incineroar|Fake Out|p2b: Braviary\n|-damage|p2b: Braviary|87/100\n|move|p2b: Braviary|Esper Wing|p1b: Clodsire\n|-supereffective|p1b: Clodsire\n|-damage|p1b: Clodsire|34/100\n|-boost|p2b: Braviary|spe|1\n|cant|p1b: Clodsire|flinch\n|\n|-heal|p1b: Clodsire|40/100|[from] item: Black Sludge\n|upkeep\n|turn|2\n|\n|t:|1782566875\n|move|p1b: Clodsire|Protect|p1b: Clodsire\n|-singleturn|p1b: Clodsire|Protect\n|move|p2a: Sneasel|Close Combat|p1a: Incineroar\n|-supereffective|p1a: Incineroar\n|-damage|p1a: Incineroar|0 fnt\n|-unboost|p2a: Sneasel|def|1\n|-unboost|p2a: Sneasel|spd|1\n|faint|p1a: Incineroar\n|move|p2b: Braviary|Esper Wing|p1b: Clodsire\n|-activate|p1b: Clodsire|move: Protect\n|\n|-heal|p1b: Clodsire|46/100|[from] item: Black Sludge\n|upkeep\n|\n|t:|1782566888\n|switch|p1a: Gholdengo|Gholdengo|100/100\n|turn|3\n|\n|t:|1782566903\n|switch|p2a: Decidueye|Decidueye-Hisui, F|100/100\n|switch|p1b: Cresselia|Cresselia, F|100/100\n|-terastallize|p2b: Braviary|Fairy\n|move|p1a: Gholdengo|Make It Rain|p2a: Decidueye|[spread] p2a,p2b\n|-supereffective|p2b: Braviary\n|-crit|p2b: Braviary\n|-damage|p2a: Decidueye|69/100\n|-damage|p2b: Braviary|0 fnt\n|-unboost|p1a: Gholdengo|spa|1\n|faint|p2b: Braviary\n|\n|upkeep\n|\n|t:|1782566914\n|switch|p2b: Samurott|Samurott-Hisui, M|100/100\n|turn|4\n|inactive|Battle timer is ON: inactive players will automatically lose when time's up. (requested by Test Trainer 01)\n|\n|t:|1782566967\n|switch|p1a: Kommo-o|Kommo-o, M|100/100\n|-terastallize|p1b: Cresselia|Electric\n|move|p2b: Samurott|Ceaseless Edge|p1b: Cresselia\n|-damage|p1b: Cresselia|75/100\n|-sidestart|p1: lolk|Spikes\n|move|p2a: Decidueye|Triple Arrows|p1a: Kommo-o\n|-damage|p1a: Kommo-o|66/100\n|move|p1b: Cresselia|Trick Room|p1b: Cresselia\n|-fieldstart|move: Trick Room|[of] p1b: Cresselia\n|\n|upkeep\n|turn|5\n|\n|t:|1782566995\n|switch|p2b: Typhlosion|Typhlosion-Hisui, M|100/100\n|-item|p1a: Kommo-o|Iapapa Berry|[from] ability: Frisk|[of] p2b: Typhlosion\n|-item|p1b: Cresselia|Mental Herb|[from] ability: Frisk|[of] p2b: Typhlosion\n|move|p1b: Cresselia|Helping Hand|p1a: Kommo-o\n|-singleturn|p1a: Kommo-o|Helping Hand|[of] p1b: Cresselia\n|move|p2a: Decidueye|Triple Arrows|p1b: Cresselia\n|-damage|p1b: Cresselia|53/100\n|-unboost|p1b: Cresselia|def|1\n|move|p1a: Kommo-o|Clanging Scales|p2b: Typhlosion|[spread] p2a,p2b\n|-damage|p2a: Decidueye|36/100\n|-damage|p2b: Typhlosion|24/100\n|-unboost|p1a: Kommo-o|def|1\n|\n|upkeep\n|turn|6\n|inactive|Test Trainer 01 has 120 seconds left.\n|\n|t:|1782567025\n|move|p1b: Cresselia|Lunar Blessing|p1b: Cresselia|[spread] p1a,p1b\n|-heal|p1a: Kommo-o|91/100\n|-heal|p1b: Cresselia|78/100\n|move|p2a: Decidueye|U-turn|p1b: Cresselia\n|-damage|p1b: Cresselia|61/100\n|inactive|Test Trainer 01 has 120 seconds left.\n|\n|t:|1782567033\n|switch|p2a: Sneasel|Sneasel-Hisui, F|100/100|[from] U-turn\n|move|p1a: Kommo-o|Clanging Scales|p2b: Typhlosion|[spread] p2a,p2b\n|-damage|p2a: Sneasel|63/100\n|-damage|p2b: Typhlosion|0 fnt\n|faint|p2b: Typhlosion\n|-unboost|p1a: Kommo-o|def|1\n|\n|upkeep\n|\n|t:|1782567038\n|switch|p2b: Avalugg|Avalugg-Hisui, F|100/100\n|turn|7\n|\n|t:|1782567058\n|move|p1a: Kommo-o|Protect|p1a: Kommo-o\n|-singleturn|p1a: Kommo-o|Protect\n|move|p2a: Sneasel|Fake Out|p1b: Cresselia\n|-damage|p1b: Cresselia|50/100\n|move|p2b: Avalugg|Icicle Spear|p1a: Kommo-o\n|-activate|p1a: Kommo-o|move: Protect\n|cant|p1b: Cresselia|flinch\n|\n|upkeep\n|turn|8\n|\n|t:|1782567075\n|switch|p1a: Gholdengo|Gholdengo|100/100\n|-damage|p1a: Gholdengo|88/100|[from] Spikes\n|move|p2b: Avalugg|Icicle Spear|p1a: Gholdengo\n|-resisted|p1a: Gholdengo\n|-damage|p1a: Gholdengo|82/100\n|-resisted|p1a: Gholdengo\n|-damage|p1a: Gholdengo|77/100\n|-resisted|p1a: Gholdengo\n|-damage|p1a: Gholdengo|71/100\n|-resisted|p1a: Gholdengo\n|-damage|p1a: Gholdengo|65/100\n|-hitcount|p1a: Gholdengo|4\n|move|p1b: Cresselia|Psychic|p2a: Sneasel\n|-supereffective|p2a: Sneasel\n|-damage|p2a: Sneasel|0 fnt\n|faint|p2a: Sneasel\n|\n|-fieldend|move: Trick Room\n|upkeep\n|\n|t:|1782567082\n|switch|p2a: Samurott|Samurott-Hisui, M|100/100\n|turn|9\n|inactive|lolk has 120 seconds left.\n|\n|t:|1782567115\n|move|p1b: Cresselia|Helping Hand|p1a: Gholdengo\n|-immune|p1a: Gholdengo|[from] ability: Good as Gold\n|move|p1a: Gholdengo|Make It Rain|p2a: Samurott|[spread] p2a,p2b\n|-resisted|p2a: Samurott\n|-supereffective|p2b: Avalugg\n|-damage|p2a: Samurott|74/100\n|-ability|p2b: Avalugg|Sturdy\n|-damage|p2b: Avalugg|1/100\n|-unboost|p1a: Gholdengo|spa|1\n|move|p2a: Samurott|Ceaseless Edge|p1a: Gholdengo|[miss]\n|-miss|p2a: Samurott|p1a: Gholdengo\n|move|p2b: Avalugg|Icicle Spear|p1b: Cresselia\n|-damage|p1b: Cresselia|41/100\n|-damage|p1b: Cresselia|31/100\n|-damage|p1b: Cresselia|21/100\n|-damage|p1b: Cresselia|12/100\n|-damage|p1b: Cresselia|2/100\n|-hitcount|p1b: Cresselia|5\n|\n|upkeep\n|turn|10\n|inactive|lolk has 120 seconds left.\n|\n|t:|1782567149\n|move|p2b: Avalugg|Wide Guard|p2b: Avalugg\n|-singleturn|p2b: Avalugg|Wide Guard\n|move|p1a: Gholdengo|Make It Rain|p2b: Avalugg|[spread] \n|-activate|p2a: Samurott|move: Wide Guard\n|-activate|p2b: Avalugg|move: Wide Guard\n|move|p2a: Samurott|Ceaseless Edge|p1b: Cresselia|[miss]\n|-miss|p2a: Samurott|p1b: Cresselia\n|move|p1b: Cresselia|Trick Room|p1b: Cresselia\n|-fieldstart|move: Trick Room|[of] p1b: Cresselia\n|\n|upkeep\n|turn|11\n|inactive|lolk has 120 seconds left.\n|\n|t:|1782567177\n|switch|p1a: Kommo-o|Kommo-o, M|91/100\n|-damage|p1a: Kommo-o|79/100|[from] Spikes\n|move|p2b: Avalugg|Rock Slide|p1b: Cresselia|[spread] p1a,p1b\n|-resisted|p1a: Kommo-o\n|-damage|p1a: Kommo-o|67/100\n|-damage|p1b: Cresselia|0 fnt\n|faint|p1b: Cresselia\n|move|p2a: Samurott|Ceaseless Edge|p1a: Kommo-o\n|-resisted|p1a: Kommo-o\n|-damage|p1a: Kommo-o|44/100\n|-sidestart|p1: lolk|Spikes\n|\n|upkeep\n|\n|t:|1782567195\n|switch|p1b: Dragonite|Dragonite, F|100/100\n|turn|12\n|\n|t:|1782567202\n|switch|p2a: Decidueye|Decidueye-Hisui, F|36/100\n|move|p1b: Dragonite|Extreme Speed|p2b: Avalugg\n|-resisted|p2b: Avalugg\n|-damage|p2b: Avalugg|0 fnt\n|faint|p2b: Avalugg\n|move|p1a: Kommo-o|Aura Sphere|p2a: Decidueye\n|-damage|p2a: Decidueye|11/100\n|\n|upkeep\n|-message|Test Trainer 01 forfeited.\n|\n|win|lolk\n|raw|lolk's rating: 1591 &rarr; <strong>1607</strong><br />(+16 for winning)\n|raw|Test Trainer 01's rating: 1522 &rarr; <strong>1506</strong><br />(-16 for losing)\n|l|☆Test Trainer 01\n|player|p2|\n|l|☆lolk\n|player|p1|\n", "uploadtime": 1782567439, "views": 2, "formatid": "gen9doublesou", "rating": 1506, "private": 0, "password": null}