{"id": "gen9doublesou-2540457850", "format": "[Gen 9] Doubles OU", "players": ["vanduy", "commonblue"], "log": "|j|☆vanduy\n|j|☆commonblue\n|t:|1771204474\n|gametype|doubles\n|player|p1|vanduy|blackbelt-gen4dp|1516\n|player|p2|commonblue|1|1592\n|gen|9\n|tier|[Gen 9] Doubles OU\n|rated|\n|rule|HP Percentage Mod: HP is shown in percentages\n|rule|Endless Battle Clause: Forcing endless battles is banned\n|rule|Species Clause: Limit one of each Pokémon\n|rule|OHKO Clause: OHKO moves are banned\n|rule|Evasion Moves Clause: Evasion moves are banned\n|rule|Gravity Sleep Clause: The combination of sleep-inducing moves with imperfect accuracy and Gravity or Gigantamax Orbeetle are banned\n|rule|Evasion Abilities Clause: Evasion abilities are banned\n|clearpoke\n|poke|p1|Yanma, F|\n|poke|p1|Dragonite, F|\n|poke|p1|Garchomp, F|\n|poke|p1|Gholdengo|\n|poke|p1|Kingambit, F|\n|poke|p1|Sinistcha|\n|poke|p2|Ursaluna, F|\n|poke|p2|Cresselia, F|\n|poke|p2|Incineroar, F|\n|poke|p2|Chien-Pao|\n|poke|p2|Raging Bolt|\n|poke|p2|Diancie|\n|teampreview\n|inactive|Battle timer is ON: inactive players will automatically lose when time's up. (requested by vanduy)\n|\n|t:|1771204488\n|teamsize|p1|6\n|teamsize|p2|6\n|start\n|switch|p1a: Yanma|Yanma, F|100/100\n|switch|p1b: Kingambit|Kingambit, F|100/100\n|switch|p2a: Diancie|Diancie|100/100\n|switch|p2b: Chien-Pao|Chien-Pao|100/100\n|-ability|p2b: Chien-Pao|Sword of Ruin\n|turn|1\n|\n|t:|1771204498\n|move|p2b: Chien-Pao|Sacred Sword|p1b: Kingambit\n|-supereffective|p1b: Kingambit\n|-damage|p1b: Kingambit|0 fnt\n|faint|p1b: Kingambit\n|move|p1a: Yanma|Hypnosis|p2b: Chien-Pao\n|-status|p2b: Chien-Pao|slp|[from] move: Hypnosis\n|move|p2a: Diancie|Diamond Storm|p1a: Yanma\n|-supereffective|p1a: Yanma\n|-enditem|p1a: Yanma|Focus Sash\n|-damage|p1a: Yanma|1/100\n|-boost|p2a: Diancie|def|2\n|\n|upkeep\n|\n|t:|1771204506\n|switch|p1b: Garchomp|Garchomp, F|100/100\n|turn|2\n|\n|t:|1771204518\n|cant|p2b: Chien-Pao|slp\n|move|p1a: Yanma|Screech|p2a: Diancie\n|-fail|p2a: Diancie|unboost|[from] ability: Clear Body|[of] p2a: Diancie\n|move|p1b: Garchomp|Earthquake|p2a: Diancie|[spread] p2a,p2b\n|-immune|p1a: Yanma\n|-supereffective|p2a: Diancie\n|-damage|p2a: Diancie|46/100\n|-damage|p2b: Chien-Pao|20/100 slp\n|-damage|p1b: Garchomp|91/100|[from] item: Life Orb\n|move|p2a: Diancie|Trick Room|p2a: Diancie\n|-fieldstart|move: Trick Room|[of] p2a: Diancie\n|\n|upkeep\n|turn|3\n|\n|t:|1771204535\n|-curestatus|p2b: Chien-Pao|slp|[msg]\n|move|p2b: Chien-Pao|Sucker Punch|p1b: Garchomp\n|-damage|p1b: Garchomp|42/100\n|-damage|p2b: Chien-Pao|8/100|[from] ability: Rough Skin|[of] p1b: Garchomp\n|move|p2a: Diancie|Diamond Storm|p1a: Yanma|[spread] p1a,p1b\n|-supereffective|p1a: Yanma\n|-resisted|p1b: Garchomp\n|-damage|p1a: Yanma|0 fnt\n|-damage|p1b: Garchomp|24/100\n|-boost|p2a: Diancie|def|2\n|faint|p1a: Yanma\n|move|p1b: Garchomp|Earthquake|p2b: Chien-Pao|[spread] p2a,p2b\n|-supereffective|p2a: Diancie\n|-damage|p2a: Diancie|4/100\n|-damage|p2b: Chien-Pao|0 fnt\n|faint|p2b: Chien-Pao\n|-damage|p1b: Garchomp|14/100|[from] item: Life Orb\n|\n|upkeep\n|\n|t:|1771204553\n|switch|p1a: Dragonite|Dragonite, F|100/100\n|switch|p2b: Incineroar|Incineroar, F|100/100\n|-ability|p2b: Incineroar|Intimidate|boost\n|-unboost|p1a: Dragonite|atk|1\n|-unboost|p1b: Garchomp|atk|1\n|turn|4\n|\n|t:|1771204573\n|switch|p1a: Sinistcha|Sinistcha|100/100\n|-heal|p1b: Garchomp|39/100|[from] ability: Hospitality|[of] p1a: Sinistcha\n|move|p1b: Garchomp|Protect|p1b: Garchomp\n|-singleturn|p1b: Garchomp|Protect\n|move|p2a: Diancie|Diamond Storm|p1a: Sinistcha|[spread] p1a\n|-activate|p1b: Garchomp|move: Protect\n|-damage|p1a: Sinistcha|84/100\n|move|p2b: Incineroar|U-turn|p1b: Garchomp\n|-activate|p1b: Garchomp|move: Protect\n|\n|upkeep\n|turn|5\n|\n|t:|1771204590\n|move|p2a: Diancie|Body Press|p1b: Garchomp\n|-damage|p1b: Garchomp|0 fnt\n|-damage|p2a: Diancie|0 fnt|[from] ability: Rough Skin|[of] p1b: Garchomp\n|faint|p1b: Garchomp\n|faint|p2a: Diancie\n|move|p2b: Incineroar|Flare Blitz|p1a: Sinistcha\n|-supereffective|p1a: Sinistcha\n|-damage|p1a: Sinistcha|0 fnt\n|-damage|p2b: Incineroar|84/100|[from] item: Rocky Helmet|[of] p1a: Sinistcha\n|faint|p1a: Sinistcha\n|-damage|p2b: Incineroar|60/100|[from] Recoil\n|\n|upkeep\n|\n|t:|1771204601\n|switch|p2a: Cresselia|Cresselia, F|100/100\n|switch|p1a: Gholdengo|Gholdengo|100/100\n|switch|p1b: Dragonite|Dragonite, F|100/100\n|turn|6\n|\n|t:|1771204618\n|-terastallize|p1b: Dragonite|Normal\n|move|p1b: Dragonite|Extreme Speed|p2b: Incineroar\n|-damage|p2b: Incineroar|0 fnt\n|faint|p2b: Incineroar\n|move|p2a: Cresselia|Moonblast|p1b: Dragonite\n|-damage|p1b: Dragonite|93/100\n|move|p1a: Gholdengo|Make It Rain|p2a: Cresselia\n|-damage|p2a: Cresselia|32/100\n|-unboost|p1a: Gholdengo|spa|1\n|\n|-fieldend|move: Trick Room\n|upkeep\n|\n|t:|1771204628\n|switch|p2b: Ursaluna|Ursaluna, F|100/100\n|turn|7\n|\n|t:|1771204646\n|-terastallize|p2b: Ursaluna|Fighting\n|move|p2a: Cresselia|Protect|p2a: Cresselia\n|-singleturn|p2a: Cresselia|Protect\n|move|p1b: Dragonite|Extreme Speed|p2b: Ursaluna\n|-damage|p2b: Ursaluna|52/100\n|move|p1a: Gholdengo|Make It Rain|p2a: Cresselia|[spread] p2b\n|-activate|p2a: Cresselia|move: Protect\n|-damage|p2b: Ursaluna|3/100\n|-unboost|p1a: Gholdengo|spa|1\n|move|p2b: Ursaluna|Close Combat|p1b: Dragonite\n|-supereffective|p1b: Dragonite\n|-damage|p1b: Dragonite|0 fnt\n|-unboost|p2b: Ursaluna|def|1\n|-unboost|p2b: Ursaluna|spd|1\n|faint|p1b: Dragonite\n|\n|-status|p2b: Ursaluna|brn|[from] item: Flame Orb\n|upkeep\n|turn|8\n|-message|vanduy forfeited.\n|\n|win|commonblue\n|raw|vanduy's rating: 1516 &rarr; <strong>1500</strong><br />(-16 for losing)\n|raw|commonblue's rating: 1592 &rarr; <strong>1608</strong><br />(+16 for winning)\n|l|☆vanduy\n|player|p1|\n|l|☆commonblue\n|player|p2|\n", "uploadtime": 1771204966, "views": 13, "formatid": "gen9doublesou", "rating": 1500, "private": 0, "password": null}