{"id": "gen9doublesou-2540768460", "format": "[Gen 9] Doubles OU", "players": ["Poly love", "alllzz"], "log": "|badge|p1|bronze|gen9doublesou|100-8\n|uhtml|medal-msg|<div class=\"broadcast-blue\">Curious what those medals under the avatar are? PS now has Ladder Seasons! For more information, check out the <a href=\"https://www.smogon.com/forums/threads/3740067/\">thread on Smogon.</a></div>\n|j|☆Poly love\n|j|☆alllzz\n|t:|1771251834\n|gametype|doubles\n|player|p1|Poly love|marnie-masters2|1824\n|player|p2|alllzz|1|1733\n|gen|9\n|tier|[Gen 9] Doubles OU\n|rated|\n|rule|HP Percentage Mod: HP is shown in percentages\n|rule|Endless Battle Clause: Forcing endless battles is banned\n|rule|Species Clause: Limit one of each Pokémon\n|rule|OHKO Clause: OHKO moves are banned\n|rule|Evasion Moves Clause: Evasion moves are banned\n|rule|Gravity Sleep Clause: The combination of sleep-inducing moves with imperfect accuracy and Gravity or Gigantamax Orbeetle are banned\n|rule|Evasion Abilities Clause: Evasion abilities are banned\n|clearpoke\n|poke|p1|Tyranitar, F|\n|poke|p1|Ting-Lu|\n|poke|p1|Orthworm, M|\n|poke|p1|Houndstone, F|\n|poke|p1|Chien-Pao|\n|poke|p1|Glimmora, M|\n|poke|p2|Ursaluna, M|\n|poke|p2|Oranguru, F|\n|poke|p2|Torkoal, M|\n|poke|p2|Incineroar, F|\n|poke|p2|Iron Hands|\n|poke|p2|Hoopa-Unbound|\n|teampreview\n|inactive|Battle timer is ON: inactive players will automatically lose when time's up. (requested by alllzz)\n|\n|t:|1771251869\n|teamsize|p1|6\n|teamsize|p2|6\n|start\n|switch|p1a: Spinner ball|Glimmora, M|100/100\n|switch|p1b: Migajas|Orthworm, M|100/100\n|switch|p2a: Oranguru|Oranguru, F, shiny|100/100\n|switch|p2b: Incineroar|Incineroar, F, shiny|100/100\n|-ability|p2b: Incineroar|Intimidate|boost\n|-unboost|p1a: Spinner ball|atk|1\n|-unboost|p1b: Migajas|atk|1\n|turn|1\n|\n|t:|1771251880\n|switch|p2b: Torkoal|Torkoal, M, shiny|100/100\n|-weather|SunnyDay|[from] ability: Drought|[of] p2b: Torkoal\n|move|p1a: Spinner ball|Stealth Rock|p2b: Torkoal\n|-sidestart|p2: alllzz|move: Stealth Rock\n|move|p1b: Migajas|Iron Defense|p1b: Migajas\n|-boost|p1b: Migajas|def|2\n|move|p2a: Oranguru|Trick Room|p2a: Oranguru\n|-fieldstart|move: Trick Room|[of] p2a: Oranguru\n|\n|-weather|SunnyDay|[upkeep]\n|upkeep\n|turn|2\n|\n|t:|1771251899\n|-terastallize|p2b: Torkoal|Fire\n|-terastallize|p1b: Migajas|Fire\n|move|p2b: Torkoal|Eruption|p1a: Spinner ball|[spread] p1a,p1b\n|-resisted|p1a: Spinner ball\n|-resisted|p1b: Migajas\n|-damage|p1a: Spinner ball|18/100\n|-damage|p1b: Migajas|39/100\n|move|p2a: Oranguru|Instruct|p2b: Torkoal\n|-singleturn|p2b: Torkoal|move: Instruct|[of] p2a: Oranguru\n|move|p2b: Torkoal|Eruption|p1a: Spinner ball|[spread] p1a,p1b\n|-resisted|p1a: Spinner ball\n|-resisted|p1b: Migajas\n|-damage|p1a: Spinner ball|0 fnt\n|-damage|p1b: Migajas|0 fnt\n|faint|p1a: Spinner ball\n|faint|p1b: Migajas\n|\n|-weather|SunnyDay|[upkeep]\n|upkeep\n|\n|t:|1771251916\n|switch|p1b: Stalling power|Ting-Lu|100/100\n|switch|p1a: Godzilla|Tyranitar, F|100/100\n|-ability|p1b: Stalling power|Vessel of Ruin\n|-weather|Sandstorm|[from] ability: Sand Stream|[of] p1a: Godzilla\n|turn|3\n|inactive|alllzz has 120 seconds left.\n|\n|t:|1771251948\n|switch|p2b: Iron Hands|Iron Hands, shiny|100/100\n|-damage|p2b: Iron Hands|94/100|[from] Stealth Rock\n|switch|p2a: Ursaluna|Ursaluna, M, shiny|100/100\n|-damage|p2a: Ursaluna|94/100|[from] Stealth Rock\n|move|p1a: Godzilla|Protect|p1a: Godzilla\n|-singleturn|p1a: Godzilla|Protect\n|move|p1b: Stalling power|Earthquake|p2a: Ursaluna|[spread] p2a,p2b\n|-activate|p1a: Godzilla|move: Protect\n|-supereffective|p2b: Iron Hands\n|-damage|p2a: Ursaluna|72/100\n|-damage|p2b: Iron Hands|56/100\n|\n|-weather|Sandstorm|[upkeep]\n|-damage|p2b: Iron Hands|50/100|[from] Sandstorm\n|-status|p2a: Ursaluna|brn|[from] item: Flame Orb\n|upkeep\n|turn|4\n|\n|t:|1771251970\n|move|p2b: Iron Hands|Close Combat|p1b: Stalling power\n|-supereffective|p1b: Stalling power\n|-damage|p1b: Stalling power|24/100\n|-unboost|p2b: Iron Hands|def|1\n|-unboost|p2b: Iron Hands|spd|1\n|move|p2a: Ursaluna|Headlong Rush|p1a: Godzilla\n|-supereffective|p1a: Godzilla\n|-damage|p1a: Godzilla|0 fnt\n|-unboost|p2a: Ursaluna|def|1\n|-unboost|p2a: Ursaluna|spd|1\n|faint|p1a: Godzilla\n|move|p1b: Stalling power|Earthquake|p2b: Iron Hands|[spread] p2a,p2b\n|-supereffective|p2b: Iron Hands\n|-damage|p2a: Ursaluna|38/100 brn\n|-damage|p2b: Iron Hands|0 fnt\n|faint|p2b: Iron Hands\n|-end|p2b: Iron Hands|Quark Drive|[silent]\n|\n|-weather|Sandstorm|[upkeep]\n|-heal|p1b: Stalling power|30/100|[from] item: Leftovers\n|-damage|p2a: Ursaluna|32/100 brn|[from] brn\n|upkeep\n|inactive|Poly love has 120 seconds left.\n|inactive|alllzz has 120 seconds left.\n|\n|t:|1771251995\n|switch|p2b: Oranguru|Oranguru, F, shiny|100/100\n|switch|p1a: Bite ice|Chien-Pao|100/100\n|-damage|p2b: Oranguru|88/100|[from] Stealth Rock\n|-ability|p1a: Bite ice|Sword of Ruin\n|turn|5\n|inactive|alllzz has 120 seconds left.\n|\n|t:|1771252019\n|switch|p2a: Incineroar|Incineroar, F, shiny|100/100\n|-damage|p2a: Incineroar|76/100|[from] Stealth Rock\n|-ability|p2a: Incineroar|Intimidate|boost\n|-fail|p1a: Bite ice|unboost|[from] item: Clear Amulet|[of] p1a: Bite ice\n|-unboost|p1b: Stalling power|atk|1\n|move|p1a: Bite ice|Protect|p1a: Bite ice\n|-singleturn|p1a: Bite ice|Protect\n|move|p2b: Oranguru|Encore|p1b: Stalling power\n|-start|p1b: Stalling power|Encore\n|move|p1b: Stalling power|Earthquake|p2b: Oranguru|[spread] p2a,p2b\n|-activate|p1a: Bite ice|move: Protect\n|-supereffective|p2a: Incineroar\n|-damage|p2a: Incineroar|29/100\n|-damage|p2b: Oranguru|68/100\n|-enditem|p2a: Incineroar|Sitrus Berry|[eat]\n|-heal|p2a: Incineroar|54/100|[from] item: Sitrus Berry\n|\n|-weather|Sandstorm|[upkeep]\n|-damage|p2b: Oranguru|62/100|[from] Sandstorm\n|-damage|p2a: Incineroar|48/100|[from] Sandstorm\n|-damage|p1a: Bite ice|95/100|[from] Sandstorm\n|-heal|p1b: Stalling power|36/100|[from] item: Leftovers\n|-fieldend|move: Trick Room\n|upkeep\n|turn|6\n|\n|t:|1771252045\n|move|p2a: Incineroar|Fake Out|p1a: Bite ice\n|-damage|p1a: Bite ice|79/100\n|cant|p1a: Bite ice|flinch\n|move|p1b: Stalling power|Earthquake|p2b: Oranguru|[spread] p1a,p2a,p2b\n|-supereffective|p2a: Incineroar\n|-damage|p1a: Bite ice|50/100\n|-damage|p2a: Incineroar|3/100\n|-damage|p2b: Oranguru|41/100\n|move|p2b: Oranguru|Trick Room|p2b: Oranguru\n|-fieldstart|move: Trick Room|[of] p2b: Oranguru\n|\n|-weather|Sandstorm|[upkeep]\n|-damage|p2b: Oranguru|34/100|[from] Sandstorm\n|-damage|p2a: Incineroar|0 fnt|[from] Sandstorm\n|-damage|p1a: Bite ice|44/100|[from] Sandstorm\n|faint|p2a: Incineroar\n|-heal|p1b: Stalling power|42/100|[from] item: Leftovers\n|upkeep\n|\n|t:|1771252050\n|switch|p2a: Torkoal|Torkoal, M, shiny, tera:Fire|100/100\n|-damage|p2a: Torkoal|76/100|[from] Stealth Rock\n|-weather|SunnyDay|[from] ability: Drought|[of] p2a: Torkoal\n|turn|7\n|\n|t:|1771252066\n|move|p1a: Bite ice|Protect|p1a: Bite ice\n|-singleturn|p1a: Bite ice|Protect\n|move|p2a: Torkoal|Eruption|p1a: Bite ice|[spread] p1b\n|-activate|p1a: Bite ice|move: Protect\n|-damage|p1b: Stalling power|0 fnt\n|faint|p1b: Stalling power\n|move|p2b: Oranguru|Instruct|p2a: Torkoal\n|-singleturn|p2a: Torkoal|move: Instruct|[of] p2b: Oranguru\n|move|p2a: Torkoal|Eruption|p1a: Bite ice\n|-activate|p1a: Bite ice|move: Protect\n|\n|-weather|SunnyDay|[upkeep]\n|upkeep\n|\n|t:|1771252078\n|switch|p1b: Doggy attack|Houndstone, F|100/100\n|turn|8\n|\n|t:|1771252088\n|move|p1a: Bite ice|Sucker Punch|p2a: Torkoal\n|-damage|p2a: Torkoal|44/100\n|move|p2a: Torkoal|Eruption|p1a: Bite ice|[spread] p1a,p1b\n|-supereffective|p1a: Bite ice\n|-damage|p1a: Bite ice|0 fnt\n|-damage|p1b: Doggy attack|42/100\n|faint|p1a: Bite ice\n|move|p2b: Oranguru|Encore||[still]\n|-fail|p2b: Oranguru\n|move|p1b: Doggy attack|Howl|p1b: Doggy attack\n|-boost|p1b: Doggy attack|atk|1\n|\n|-weather|SunnyDay|[upkeep]\n|upkeep\n|turn|9\n|\n|t:|1771252100\n|switch|p2b: Hoopa|Hoopa-Unbound|100/100\n|-damage|p2b: Hoopa|88/100|[from] Stealth Rock\n|move|p1b: Doggy attack|Protect|p1b: Doggy attack\n|-singleturn|p1b: Doggy attack|Protect\n|move|p2a: Torkoal|Flamethrower|p1b: Doggy attack\n|-activate|p1b: Doggy attack|move: Protect\n|\n|-weather|SunnyDay|[upkeep]\n|upkeep\n|turn|10\n|\n|t:|1771252107\n|move|p1b: Doggy attack|Protect||[still]\n|-fail|p1b: Doggy attack\n|move|p2a: Torkoal|Flamethrower|p1b: Doggy attack\n|-damage|p1b: Doggy attack|0 fnt\n|faint|p1b: Doggy attack\n|\n|win|alllzz\n|raw|Poly love's rating: 1824 &rarr; <strong>1799</strong><br />(-25 for losing)\n|raw|alllzz's rating: 1733 &rarr; <strong>1758</strong><br />(+25 for winning)\n|l|☆alllzz\n|player|p2|\n|j| naibot2814\n|l| naibot2814\n", "uploadtime": 1771252301, "views": 6, "formatid": "gen9doublesou", "rating": 1758, "private": 0, "password": null}