{"id": "gen9doublesou-2640001355", "format": "[Gen 9] Doubles OU", "players": ["kkkkkwzzr", "wecontrol34all"], "log": "|j|☆kkkkkwzzr\n|j|☆wecontrol34all\n|t:|1782561584\n|gametype|doubles\n|player|p1|kkkkkwzzr|ingo|1485\n|player|p2|wecontrol34all|gentleman-gen4|1550\n|gen|9\n|tier|[Gen 9] Doubles OU\n|rated|\n|rule|HP Percentage Mod: HP is shown in percentages\n|rule|Endless Battle Clause: Forcing endless battles is banned\n|rule|Species Clause: Limit one of each Pokémon\n|rule|OHKO Clause: OHKO moves are banned\n|rule|Evasion Moves Clause: Evasion moves are banned\n|rule|Gravity Sleep Clause: The combination of sleep-inducing moves with imperfect accuracy and Gravity or Gigantamax Orbeetle are banned\n|rule|Evasion Abilities Clause: Evasion abilities are banned\n|clearpoke\n|poke|p1|Armarouge, M|\n|poke|p1|Iron Hands|\n|poke|p1|Indeedee-F, F|\n|poke|p1|Hatterene, F|\n|poke|p1|Torkoal, F|\n|poke|p1|Brute Bonnet|\n|poke|p2|Rabsca, M|\n|poke|p2|Pawmot, M|\n|poke|p2|Roaring Moon|\n|poke|p2|Gyarados, M|\n|poke|p2|Basculegion-F, F|\n|poke|p2|Tyranitar, F|\n|teampreview\n|inactive|Battle timer is ON: inactive players will automatically lose when time's up. (requested by kkkkkwzzr)\n|\n|t:|1782561603\n|teamsize|p1|6\n|teamsize|p2|6\n|start\n|switch|p1a: Brute Bonnet|Brute Bonnet|100/100\n|switch|p1b: Iron Hands|Iron Hands|100/100\n|switch|p2a: ESCAFLOWNE|Roaring Moon, shiny|100/100\n|switch|p2b: TANKZ|Tyranitar, F|100/100\n|-weather|Sandstorm|[from] ability: Sand Stream|[of] p2b: TANKZ\n|turn|1\n|\n|t:|1782561616\n|move|p1b: Iron Hands|Fake Out|p2a: ESCAFLOWNE\n|-damage|p2a: ESCAFLOWNE|79/100\n|cant|p2a: ESCAFLOWNE|flinch\n|move|p2b: TANKZ|Stealth Rock|p1a: Brute Bonnet\n|-sidestart|p1: kkkkkwzzr|move: Stealth Rock\n|move|p1a: Brute Bonnet|Spore|p2a: ESCAFLOWNE\n|-status|p2a: ESCAFLOWNE|slp|[from] move: Spore\n|\n|-weather|Sandstorm|[upkeep]\n|-damage|p2a: ESCAFLOWNE|73/100 slp|[from] Sandstorm\n|-damage|p1b: Iron Hands|94/100|[from] Sandstorm\n|-damage|p1a: Brute Bonnet|94/100|[from] Sandstorm\n|upkeep\n|turn|2\n|\n|t:|1782561631\n|cant|p2a: ESCAFLOWNE|slp\n|move|p2b: TANKZ|Rock Slide|p1a: Brute Bonnet|[spread] p1a,p1b\n|-resisted|p1b: Iron Hands\n|-damage|p1a: Brute Bonnet|75/100\n|-damage|p1b: Iron Hands|85/100\n|move|p1b: Iron Hands|Drain Punch|p2b: TANKZ\n|-supereffective|p2b: TANKZ\n|-damage|p2b: TANKZ|0 fnt\n|-heal|p1b: Iron Hands|100/100|[from] drain|[of] p2b: TANKZ\n|faint|p2b: TANKZ\n|move|p1a: Brute Bonnet|Spore|p2a: ESCAFLOWNE\n|-fail|p2a: ESCAFLOWNE|slp\n|\n|-weather|Sandstorm|[upkeep]\n|-damage|p2a: ESCAFLOWNE|67/100 slp|[from] Sandstorm\n|-damage|p1b: Iron Hands|94/100|[from] Sandstorm\n|-damage|p1a: Brute Bonnet|69/100|[from] Sandstorm\n|upkeep\n|\n|t:|1782561634\n|switch|p2b: UNCLE PAW|Pawmot, M|100/100\n|turn|3\n|\n|t:|1782561645\n|-end|p1a: Brute Bonnet|Protosynthesis|[silent]\n|switch|p1a: Indeedee|Indeedee-F, F|100/100\n|-damage|p1a: Indeedee|88/100|[from] Stealth Rock\n|-fieldstart|move: Psychic Terrain|[from] ability: Psychic Surge|[of] p1a: Indeedee\n|-enditem|p1a: Indeedee|Psychic Seed\n|-boost|p1a: Indeedee|spd|1|[from] item: Psychic Seed\n|cant|p2a: ESCAFLOWNE|slp\n|move|p2b: UNCLE PAW|Revival Blessing|p2b: UNCLE PAW\n|-enditem|p2b: UNCLE PAW|Leppa Berry|[eat]\n|-activate|p2b: UNCLE PAW|item: Leppa Berry|Revival Blessing|[consumed]\n|\n|t:|1782561648\n|-heal|p2: TANKZ|50/100|[from] move: Revival Blessing\n|move|p1b: Iron Hands|Drain Punch|p2a: ESCAFLOWNE\n|-supereffective|p2a: ESCAFLOWNE\n|-damage|p2a: ESCAFLOWNE|0 fnt\n|-heal|p1b: Iron Hands|100/100|[from] drain|[of] p2a: ESCAFLOWNE\n|faint|p2a: ESCAFLOWNE\n|-end|p2a: ESCAFLOWNE|Protosynthesis|[silent]\n|\n|-weather|Sandstorm|[upkeep]\n|-damage|p2b: UNCLE PAW|94/100|[from] Sandstorm\n|-damage|p1a: Indeedee|82/100|[from] Sandstorm\n|-damage|p1b: Iron Hands|94/100|[from] Sandstorm\n|upkeep\n|\n|t:|1782561657\n|switch|p2a: KRASH|Gyarados, M, shiny|100/100\n|-ability|p2a: KRASH|Intimidate|boost\n|-unboost|p1a: Indeedee|atk|1\n|-unboost|p1b: Iron Hands|atk|1\n|turn|4\n|\n|t:|1782561666\n|move|p2b: UNCLE PAW|Revival Blessing|p2b: UNCLE PAW\n|\n|t:|1782561668\n|-heal|p2: ESCAFLOWNE|50/100|[from] move: Revival Blessing\n|move|p2a: KRASH|Crunch|p1a: Indeedee\n|-supereffective|p1a: Indeedee\n|-damage|p1a: Indeedee|23/100\n|move|p1b: Iron Hands|Wild Charge|p2a: KRASH\n|-supereffective|p2a: KRASH\n|-damage|p2a: KRASH|0 fnt\n|faint|p2a: KRASH\n|-damage|p1b: Iron Hands|74/100|[from] Recoil\n|move|p1a: Indeedee|Trick Room|p1a: Indeedee\n|-fieldstart|move: Trick Room|[of] p1a: Indeedee\n|\n|-weather|Sandstorm|[upkeep]\n|-damage|p1b: Iron Hands|68/100|[from] Sandstorm\n|-damage|p1a: Indeedee|16/100|[from] Sandstorm\n|-damage|p2b: UNCLE PAW|88/100|[from] Sandstorm\n|upkeep\n|\n|t:|1782561674\n|switch|p2a: CHRISTIAN|Rabsca, M|100/100\n|turn|5\n|\n|t:|1782561689\n|switch|p2b: TANKZ|Tyranitar, F|50/100\n|move|p1a: Indeedee|Helping Hand|p1b: Iron Hands\n|-singleturn|p1b: Iron Hands|Helping Hand|[of] p1a: Indeedee\n|move|p2a: CHRISTIAN|Revival Blessing|p2a: CHRISTIAN\n|-enditem|p2a: CHRISTIAN|Leppa Berry|[eat]\n|-activate|p2a: CHRISTIAN|item: Leppa Berry|Revival Blessing|[consumed]\n|\n|t:|1782561697\n|-heal|p2: KRASH|50/100|[from] move: Revival Blessing\n|move|p1b: Iron Hands|Wild Charge|p2a: CHRISTIAN\n|-damage|p2a: CHRISTIAN|40/100\n|-damage|p1b: Iron Hands|57/100|[from] Recoil\n|\n|-weather|none\n|upkeep\n|turn|6\n|\n|t:|1782561710\n|switch|p2a: UNCLE PAW|Pawmot, M|88/100\n|switch|p2b: KRASH|Gyarados, M, shiny|50/100\n|-ability|p2b: KRASH|Intimidate|boost\n|-unboost|p1a: Indeedee|atk|1\n|-unboost|p1b: Iron Hands|atk|1\n|move|p1a: Indeedee|Follow Me|p1a: Indeedee\n|-singleturn|p1a: Indeedee|move: Follow Me\n|move|p1b: Iron Hands|Wild Charge|p2a: UNCLE PAW\n|-heal|p2a: UNCLE PAW|100/100|[from] ability: Volt Absorb|[of] p1b: Iron Hands\n|\n|upkeep\n|turn|7\n|\n|t:|1782561729\n|switch|p2b: TANKZ|Tyranitar, F|50/100\n|-weather|Sandstorm|[from] ability: Sand Stream|[of] p2b: TANKZ\n|switch|p2a: CHRISTIAN|Rabsca, M|40/100\n|move|p1a: Indeedee|Follow Me|p1a: Indeedee\n|-singleturn|p1a: Indeedee|move: Follow Me\n|move|p1b: Iron Hands|Wild Charge|p2b: TANKZ\n|-damage|p2b: TANKZ|29/100\n|-damage|p1b: Iron Hands|52/100|[from] Recoil\n|\n|-weather|Sandstorm|[upkeep]\n|-damage|p2a: CHRISTIAN|34/100|[from] Sandstorm\n|-damage|p1b: Iron Hands|45/100|[from] Sandstorm\n|-damage|p1a: Indeedee|10/100|[from] Sandstorm\n|-fieldend|move: Psychic Terrain\n|upkeep\n|turn|8\n|\n|t:|1782561746\n|switch|p2b: KRASH|Gyarados, M, shiny|50/100\n|-ability|p2b: KRASH|Intimidate|boost\n|-unboost|p1a: Indeedee|atk|1\n|-unboost|p1b: Iron Hands|atk|1\n|move|p1a: Indeedee|Follow Me|p1a: Indeedee\n|-singleturn|p1a: Indeedee|move: Follow Me\n|move|p2a: CHRISTIAN|Rest|p2a: CHRISTIAN\n|-status|p2a: CHRISTIAN|slp|[from] move: Rest\n|-heal|p2a: CHRISTIAN|100/100 slp|[silent]\n|move|p1b: Iron Hands|Wild Charge|p2a: CHRISTIAN\n|-damage|p2a: CHRISTIAN|75/100 slp\n|-damage|p1b: Iron Hands|41/100|[from] Recoil\n|\n|-weather|Sandstorm|[upkeep]\n|-damage|p2a: CHRISTIAN|69/100 slp|[from] Sandstorm\n|-damage|p1b: Iron Hands|34/100|[from] Sandstorm\n|-damage|p1a: Indeedee|4/100|[from] Sandstorm\n|-damage|p2b: KRASH|44/100|[from] Sandstorm\n|-fieldend|move: Trick Room\n|upkeep\n|turn|9\n|\n|t:|1782561760\n|switch|p2a: TANKZ|Tyranitar, F|29/100\n|move|p2b: KRASH|Waterfall|p1a: Indeedee\n|-damage|p1a: Indeedee|0 fnt\n|faint|p1a: Indeedee\n|move|p1b: Iron Hands|Wild Charge|p2b: KRASH\n|-supereffective|p2b: KRASH\n|-damage|p2b: KRASH|0 fnt\n|faint|p2b: KRASH\n|-damage|p1b: Iron Hands|26/100|[from] Recoil\n|\n|-weather|Sandstorm|[upkeep]\n|-damage|p1b: Iron Hands|19/100|[from] Sandstorm\n|upkeep\n|\n|t:|1782561771\n|switch|p2b: UNCLE PAW|Pawmot, M|100/100\n|switch|p1a: Brute Bonnet|Brute Bonnet|69/100\n|-damage|p1a: Brute Bonnet|57/100|[from] Stealth Rock\n|turn|10\n|\n|t:|1782561784\n|move|p2b: UNCLE PAW|Fake Out|p1a: Brute Bonnet\n|-damage|p1a: Brute Bonnet|49/100\n|move|p2a: TANKZ|Rock Slide|p1a: Brute Bonnet|[spread] \n|-miss|p2a: TANKZ|p1a: Brute Bonnet\n|-miss|p2a: TANKZ|p1b: Iron Hands\n|move|p1b: Iron Hands|Drain Punch|p2a: TANKZ\n|-supereffective|p2a: TANKZ\n|-damage|p2a: TANKZ|0 fnt\n|-heal|p1b: Iron Hands|32/100|[from] drain|[of] p2a: TANKZ\n|faint|p2a: TANKZ\n|cant|p1a: Brute Bonnet|flinch\n|\n|-weather|Sandstorm|[upkeep]\n|-damage|p2b: UNCLE PAW|94/100|[from] Sandstorm\n|-damage|p1b: Iron Hands|26/100|[from] Sandstorm\n|-damage|p1a: Brute Bonnet|43/100|[from] Sandstorm\n|upkeep\n|\n|t:|1782561795\n|switch|p2a: ESCAFLOWNE|Roaring Moon, shiny|50/100\n|turn|11\n|\n|t:|1782561819\n|-end|p1b: Iron Hands|Quark Drive|[silent]\n|switch|p1b: Torkoal|Torkoal, F|100/100\n|-damage|p1b: Torkoal|76/100|[from] Stealth Rock\n|-weather|SunnyDay|[from] ability: Drought|[of] p1b: Torkoal\n|-activate|p2a: ESCAFLOWNE|ability: Protosynthesis\n|-start|p2a: ESCAFLOWNE|protosynthesisatk\n|-activate|p1a: Brute Bonnet|ability: Protosynthesis\n|-start|p1a: Brute Bonnet|protosynthesisatk\n|move|p2a: ESCAFLOWNE|U-turn|p1a: Brute Bonnet\n|-supereffective|p1a: Brute Bonnet\n|-damage|p1a: Brute Bonnet|0 fnt\n|faint|p1a: Brute Bonnet\n|-end|p1a: Brute Bonnet|Protosynthesis|[silent]\n|\n|t:|1782561824\n|-end|p2a: ESCAFLOWNE|Protosynthesis|[silent]\n|switch|p2a: REVELATION|Basculegion-F, F, shiny|100/100|[from] U-turn\n|move|p2b: UNCLE PAW|Rest|p2b: UNCLE PAW\n|-status|p2b: UNCLE PAW|slp|[from] move: Rest\n|-heal|p2b: UNCLE PAW|100/100 slp|[silent]\n|\n|-weather|SunnyDay|[upkeep]\n|upkeep\n|inactive|kkkkkwzzr has 120 seconds left.\n|\n|t:|1782561850\n|switch|p1a: Armarouge|Armarouge, M|100/100\n|-damage|p1a: Armarouge|76/100|[from] Stealth Rock\n|turn|12\n|\n|t:|1782561864\n|move|p2a: REVELATION|Last Respects|p1b: Torkoal\n|-damage|p1b: Torkoal|0 fnt\n|faint|p1b: Torkoal\n|cant|p2b: UNCLE PAW|slp\n|move|p2b: UNCLE PAW|Sleep Talk|p2b: UNCLE PAW\n|move|p2b: UNCLE PAW|Fake Out||[from] move: Sleep Talk|[still]\n|-hint|Fake Out only works on your first turn out.\n|-fail|p2b: UNCLE PAW\n|move|p1a: Armarouge|Trick Room|p1a: Armarouge\n|-fieldstart|move: Trick Room|[of] p1a: Armarouge\n|\n|-weather|SunnyDay|[upkeep]\n|upkeep\n|\n|t:|1782561871\n|switch|p1b: Iron Hands|Iron Hands|26/100\n|-damage|p1b: Iron Hands|20/100|[from] Stealth Rock\n|turn|13\n|\n|t:|1782561886\n|-terastallize|p2a: REVELATION|Electric\n|move|p1b: Iron Hands|Wild Charge|p2a: REVELATION\n|-resisted|p2a: REVELATION\n|-damage|p2a: REVELATION|63/100\n|-damage|p1b: Iron Hands|12/100|[from] Recoil\n|move|p1a: Armarouge|Expanding Force|p2b: UNCLE PAW\n|-supereffective|p2b: UNCLE PAW\n|-damage|p2b: UNCLE PAW|0 fnt\n|faint|p2b: UNCLE PAW\n|move|p2a: REVELATION|Last Respects|p1a: Armarouge\n|-supereffective|p1a: Armarouge\n|-damage|p1a: Armarouge|0 fnt\n|faint|p1a: Armarouge\n|\n|-weather|SunnyDay|[upkeep]\n|upkeep\n|\n|t:|1782561898\n|switch|p1a: Hatterene|Hatterene, F|100/100\n|switch|p2b: CHRISTIAN|Rabsca, M|69/100 slp\n|-damage|p1a: Hatterene|88/100|[from] Stealth Rock\n|turn|14\n|\n|t:|1782561907\n|move|p1a: Hatterene|Dazzling Gleam|p2b: CHRISTIAN|[spread] p2a,p2b\n|-crit|p2a: REVELATION\n|-damage|p2a: REVELATION|0 fnt\n|-damage|p2b: CHRISTIAN|36/100 slp\n|faint|p2a: REVELATION\n|-damage|p1a: Hatterene|78/100|[from] item: Life Orb\n|cant|p2b: CHRISTIAN|slp\n|move|p2b: CHRISTIAN|Sleep Talk|p2b: CHRISTIAN\n|move|p2b: CHRISTIAN|Psychic|p1a: Hatterene|[from] move: Sleep Talk\n|-resisted|p1a: Hatterene\n|-damage|p1a: Hatterene|61/100\n|move|p1b: Iron Hands|Drain Punch|p2b: CHRISTIAN\n|-resisted|p2b: CHRISTIAN\n|-damage|p2b: CHRISTIAN|23/100 slp\n|-heal|p1b: Iron Hands|17/100|[from] drain|[of] p2b: CHRISTIAN\n|\n|-weather|SunnyDay|[upkeep]\n|upkeep\n|\n|t:|1782561910\n|switch|p2a: ESCAFLOWNE|Roaring Moon, shiny|50/100\n|-activate|p2a: ESCAFLOWNE|ability: Protosynthesis\n|-start|p2a: ESCAFLOWNE|protosynthesisatk\n|turn|15\n|\n|t:|1782561916\n|move|p1a: Hatterene|Dazzling Gleam|p2a: ESCAFLOWNE|[spread] p2a,p2b\n|-supereffective|p2a: ESCAFLOWNE\n|-damage|p2a: ESCAFLOWNE|0 fnt\n|-damage|p2b: CHRISTIAN|0 fnt\n|faint|p2a: ESCAFLOWNE\n|-end|p2a: ESCAFLOWNE|Protosynthesis|[silent]\n|faint|p2b: CHRISTIAN\n|-damage|p1a: Hatterene|51/100|[from] item: Life Orb\n|\n|win|kkkkkwzzr\n|raw|kkkkkwzzr's rating: 1485 &rarr; <strong>1509</strong><br />(+24 for winning)\n|raw|wecontrol34all's rating: 1550 &rarr; <strong>1526</strong><br />(-24 for losing)\n|l|☆wecontrol34all\n|player|p2|\n|l|☆kkkkkwzzr\n|player|p1|\n", "uploadtime": 1782562286, "views": 4, "formatid": "gen9doublesou", "rating": 1509, "private": 0, "password": null}