{"id": "gen9doublesou-2540398803", "format": "[Gen 9] Doubles OU", "players": ["loril", "Jon Mateo"], "log": "|j|☆loril\n|j|☆Jon Mateo\n|t:|1771197230\n|gametype|doubles\n|player|p1|loril|n|1528\n|player|p2|Jon Mateo|102|1581\n|gen|9\n|tier|[Gen 9] Doubles OU\n|rated|\n|rule|HP Percentage Mod: HP is shown in percentages\n|rule|Endless Battle Clause: Forcing endless battles is banned\n|rule|Species Clause: Limit one of each Pokémon\n|rule|OHKO Clause: OHKO moves are banned\n|rule|Evasion Moves Clause: Evasion moves are banned\n|rule|Gravity Sleep Clause: The combination of sleep-inducing moves with imperfect accuracy and Gravity or Gigantamax Orbeetle are banned\n|rule|Evasion Abilities Clause: Evasion abilities are banned\n|clearpoke\n|poke|p1|Alcremie-Matcha-Cream, F|\n|poke|p1|Chi-Yu|\n|poke|p1|Incineroar, M|\n|poke|p1|Gholdengo|\n|poke|p1|Whimsicott, M|\n|poke|p1|Iron Bundle|\n|poke|p2|Kleavor, F|\n|poke|p2|Kingdra, F|\n|poke|p2|Shiftry, F|\n|poke|p2|Chi-Yu|\n|poke|p2|Tinkaton, F|\n|poke|p2|Zapdos|\n|teampreview\n|inactive|Battle timer is ON: inactive players will automatically lose when time's up. (requested by loril)\n|\n|t:|1771197247\n|teamsize|p1|6\n|teamsize|p2|6\n|start\n|switch|p1a: Alcremie|Alcremie-Matcha-Cream, F|100/100\n|switch|p1b: Iron Bundle|Iron Bundle|100/100\n|switch|p2a: Tinkaton|Tinkaton, F|100/100\n|switch|p2b: Kleavor|Kleavor, F|100/100\n|-enditem|p1b: Iron Bundle|Booster Energy\n|-activate|p1b: Iron Bundle|ability: Quark Drive|[fromitem]\n|-start|p1b: Iron Bundle|quarkdrivespa\n|turn|1\n|\n|t:|1771197268\n|-terastallize|p1b: Iron Bundle|Water\n|move|p1a: Alcremie|Decorate|p1b: Iron Bundle\n|-boost|p1b: Iron Bundle|atk|2\n|-boost|p1b: Iron Bundle|spa|2\n|move|p1b: Iron Bundle|Tera Blast|p2b: Kleavor|[anim] Tera Blast Water\n|-supereffective|p2b: Kleavor\n|-enditem|p2b: Kleavor|Focus Sash\n|-damage|p2b: Kleavor|1/100\n|move|p2b: Kleavor|Stone Axe|p1b: Iron Bundle\n|-damage|p1b: Iron Bundle|34/100\n|-sidestart|p1: loril|move: Stealth Rock\n|move|p2a: Tinkaton|Gigaton Hammer|p1a: Alcremie\n|-supereffective|p1a: Alcremie\n|-damage|p1a: Alcremie|0 fnt\n|faint|p1a: Alcremie\n|\n|upkeep\n|\n|t:|1771197287\n|switch|p1a: Incineroar|Incineroar, M|100/100\n|-damage|p1a: Incineroar|76/100|[from] Stealth Rock\n|-ability|p1a: Incineroar|Intimidate|boost\n|-fail|p2a: Tinkaton|unboost|Attack|[from] ability: Own Tempo|[of] p2a: Tinkaton\n|-unboost|p2b: Kleavor|atk|1\n|turn|2\n|\n|t:|1771197306\n|move|p2b: Kleavor|Protect|p2b: Kleavor\n|-singleturn|p2b: Kleavor|Protect\n|move|p2a: Tinkaton|Protect|p2a: Tinkaton\n|-singleturn|p2a: Tinkaton|Protect\n|move|p1a: Incineroar|Fake Out|p2a: Tinkaton\n|-activate|p2a: Tinkaton|move: Protect\n|move|p1b: Iron Bundle|Icy Wind|p2b: Kleavor|[spread] \n|-activate|p2a: Tinkaton|move: Protect\n|-activate|p2b: Kleavor|move: Protect\n|\n|upkeep\n|turn|3\n|\n|t:|1771197319\n|move|p1b: Iron Bundle|Protect|p1b: Iron Bundle\n|-singleturn|p1b: Iron Bundle|Protect\n|move|p2b: Kleavor|X-Scissor|p1b: Iron Bundle\n|-activate|p1b: Iron Bundle|move: Protect\n|move|p2a: Tinkaton|Gigaton Hammer|p1b: Iron Bundle\n|-activate|p1b: Iron Bundle|move: Protect\n|move|p1a: Incineroar|Flare Blitz|p2a: Tinkaton\n|-supereffective|p2a: Tinkaton\n|-damage|p2a: Tinkaton|0 fnt\n|faint|p2a: Tinkaton\n|-damage|p1a: Incineroar|49/100|[from] Recoil\n|\n|upkeep\n|\n|t:|1771197329\n|switch|p2a: Chi-Yu|Chi-Yu|100/100\n|-ability|p2a: Chi-Yu|Beads of Ruin\n|turn|4\n|\n|t:|1771197351\n|move|p2a: Chi-Yu|Dark Pulse|p1b: Iron Bundle\n|-damage|p1b: Iron Bundle|0 fnt\n|faint|p1b: Iron Bundle\n|-end|p1b: Iron Bundle|Quark Drive|[silent]\n|move|p2b: Kleavor|Stone Axe|p1a: Incineroar\n|-supereffective|p1a: Incineroar\n|-damage|p1a: Incineroar|0 fnt\n|-damage|p2b: Kleavor|0 fnt|[from] item: Rocky Helmet|[of] p1a: Incineroar\n|faint|p1a: Incineroar\n|faint|p2b: Kleavor\n|\n|upkeep\n|\n|t:|1771197366\n|switch|p1b: Chi-Yu|Chi-Yu|100/100\n|switch|p2b: Kingdra|Kingdra, F|100/100\n|switch|p1a: Whimsicott|Whimsicott, M|100/100\n|-damage|p1b: Chi-Yu|76/100|[from] Stealth Rock\n|-ability|p1b: Chi-Yu|Beads of Ruin\n|-damage|p1a: Whimsicott|88/100|[from] Stealth Rock\n|turn|5\n|inactive|loril has 120 seconds left.\n|\n|t:|1771197397\n|move|p2a: Chi-Yu|Dark Pulse|p1b: Chi-Yu\n|-resisted|p1b: Chi-Yu\n|-damage|p1b: Chi-Yu|47/100\n|move|p1b: Chi-Yu|Heat Wave|p2b: Kingdra|[spread] p2a,p2b\n|-resisted|p2a: Chi-Yu\n|-resisted|p2b: Kingdra\n|-damage|p2a: Chi-Yu|71/100\n|-damage|p2b: Kingdra|84/100\n|-damage|p1b: Chi-Yu|37/100|[from] item: Life Orb\n|move|p1a: Whimsicott|Moonblast|p2b: Kingdra\n|-supereffective|p2b: Kingdra\n|-damage|p2b: Kingdra|12/100\n|move|p2b: Kingdra|Muddy Water|p1b: Chi-Yu|[spread] p1a,p1b\n|-resisted|p1a: Whimsicott\n|-supereffective|p1b: Chi-Yu\n|-damage|p1a: Whimsicott|66/100\n|-damage|p1b: Chi-Yu|0 fnt\n|faint|p1b: Chi-Yu\n|\n|-heal|p2b: Kingdra|18/100|[from] item: Leftovers\n|upkeep\n|inactive|loril has 120 seconds left.\n|\n|t:|1771197410\n|switch|p1b: Gholdengo|Gholdengo|100/100\n|-damage|p1b: Gholdengo|94/100|[from] Stealth Rock\n|turn|6\n|-message|loril forfeited.\n|\n|win|Jon Mateo\n|raw|loril's rating: 1528 &rarr; <strong>1511</strong><br />(-17 for losing)\n|raw|Jon Mateo's rating: 1581 &rarr; <strong>1598</strong><br />(+17 for winning)\n|l|☆loril\n|player|p1|\n|l|☆Jon Mateo\n|player|p2|\n", "uploadtime": 1771197777, "views": 12, "formatid": "gen9doublesou", "rating": 1511, "private": 0, "password": null}