{"id": "gen9doublesou-2540149269", "format": "[Gen 9] Doubles OU", "players": ["I❤️娜禄forever", "LeonXmg7"], "log": "|j|☆I❤️娜禄forever\n|j|☆LeonXmg7\n|t:|1771168773\n|gametype|doubles\n|player|p1|I❤️娜禄forever|youngcouple-gen4dp|1646\n|player|p2|LeonXmg7|lance|1589\n|gen|9\n|tier|[Gen 9] Doubles OU\n|rated|\n|rule|HP Percentage Mod: HP is shown in percentages\n|rule|Endless Battle Clause: Forcing endless battles is banned\n|rule|Species Clause: Limit one of each Pokémon\n|rule|OHKO Clause: OHKO moves are banned\n|rule|Evasion Moves Clause: Evasion moves are banned\n|rule|Gravity Sleep Clause: The combination of sleep-inducing moves with imperfect accuracy and Gravity or Gigantamax Orbeetle are banned\n|rule|Evasion Abilities Clause: Evasion abilities are banned\n|clearpoke\n|poke|p1|Pincurchin, M|\n|poke|p1|Iron Hands|\n|poke|p1|Iron Boulder|\n|poke|p1|Weezing, F|\n|poke|p1|Iron Jugulis|\n|poke|p1|Iron Moth|\n|poke|p2|Walking Wake|\n|poke|p2|Ursaluna, M|\n|poke|p2|Regidrago|\n|poke|p2|Tornadus, M|\n|poke|p2|Chien-Pao|\n|poke|p2|Kingambit, F|\n|teampreview\n|\n|t:|1771168787\n|teamsize|p1|6\n|teamsize|p2|6\n|start\n|switch|p1a: Weezing|Weezing, F|100/100\n|switch|p1b: Iron Hands|Iron Hands|100/100\n|switch|p2a: Tornadus|Tornadus, M|100/100\n|switch|p2b: Regidrago|Regidrago|100/100\n|-ability|p1a: Weezing|Neutralizing Gas\n|turn|1\n|\n|t:|1771168799\n|move|p2b: Regidrago|Protect|p2b: Regidrago\n|-singleturn|p2b: Regidrago|Protect\n|move|p1b: Iron Hands|Fake Out|p2b: Regidrago\n|-activate|p2b: Regidrago|move: Protect\n|move|p2a: Tornadus|Tailwind|p2a: Tornadus\n|-sidestart|p2: LeonXmg7|move: Tailwind\n|move|p1a: Weezing|Substitute|p1a: Weezing\n|-start|p1a: Weezing|Substitute\n|-damage|p1a: Weezing|75/100\n|\n|-heal|p1a: Weezing|82/100|[from] item: Leftovers\n|upkeep\n|turn|2\n|\n|t:|1771168811\n|move|p1a: Weezing|Protect|p1a: Weezing\n|-singleturn|p1a: Weezing|Protect\n|move|p2b: Regidrago|Dragon Energy|p1b: Iron Hands|[spread] p1b\n|-activate|p1a: Weezing|move: Protect\n|-damage|p1b: Iron Hands|60/100\n|move|p2a: Tornadus|Bleakwind Storm|p1a: Weezing|[spread] p1b\n|-activate|p1a: Weezing|move: Protect\n|-damage|p1b: Iron Hands|39/100\n|move|p1b: Iron Hands|Drain Punch|p2b: Regidrago\n|-damage|p2b: Regidrago|61/100\n|-heal|p1b: Iron Hands|60/100|[from] drain|[of] p2b: Regidrago\n|\n|-heal|p1a: Weezing|88/100|[from] item: Leftovers\n|upkeep\n|turn|3\n|\n|t:|1771168834\n|move|p2b: Regidrago|Draco Meteor|p1b: Iron Hands\n|-crit|p1b: Iron Hands\n|-damage|p1b: Iron Hands|0 fnt\n|-unboost|p2b: Regidrago|spa|2\n|faint|p1b: Iron Hands\n|-end|p1b: Iron Hands|Quark Drive|[silent]\n|move|p2a: Tornadus|Taunt|p1a: Weezing\n|-start|p1a: Weezing|move: Taunt\n|move|p1a: Weezing|Sludge Bomb|p2b: Regidrago\n|-damage|p2b: Regidrago|33/100\n|-status|p2b: Regidrago|psn\n|\n|-heal|p1a: Weezing|94/100|[from] item: Leftovers\n|-damage|p2b: Regidrago|20/100 psn|[from] psn\n|upkeep\n|\n|t:|1771168854\n|switch|p1b: Iron Jugulis|Iron Jugulis|100/100\n|turn|4\n|\n|t:|1771168861\n|move|p2b: Regidrago|Draco Meteor|p1b: Iron Jugulis|[miss]\n|-miss|p2b: Regidrago|p1b: Iron Jugulis\n|move|p2a: Tornadus|Bleakwind Storm|p1b: Iron Jugulis|[spread] p1a,p1b\n|-end|p1a: Weezing|Substitute\n|-crit|p1b: Iron Jugulis\n|-damage|p1b: Iron Jugulis|52/100\n|-unboost|p1b: Iron Jugulis|spe|1\n|move|p1b: Iron Jugulis|Snarl|p2b: Regidrago|[spread] p2a,p2b\n|-damage|p2a: Tornadus|80/100\n|-damage|p2b: Regidrago|0 fnt\n|faint|p2b: Regidrago\n|move|p1a: Weezing|Sludge Bomb|p2a: Tornadus\n|-damage|p2a: Tornadus|57/100\n|\n|-heal|p1a: Weezing|99/100|[from] item: Leftovers\n|-sideend|p2: LeonXmg7|move: Tailwind\n|upkeep\n|\n|t:|1771168890\n|switch|p2b: Walking Wake|Walking Wake|100/100\n|turn|5\n|\n|t:|1771168896\n|move|p2b: Walking Wake|Hydro Steam|p1b: Iron Jugulis\n|-damage|p1b: Iron Jugulis|0 fnt\n|faint|p1b: Iron Jugulis\n|-end|p1b: Iron Jugulis|Quark Drive|[silent]\n|-damage|p2b: Walking Wake|91/100|[from] item: Life Orb\n|move|p2a: Tornadus|Bleakwind Storm|p1a: Weezing\n|-damage|p1a: Weezing|56/100\n|-unboost|p1a: Weezing|spe|1\n|move|p1a: Weezing|Sludge Bomb|p2b: Walking Wake\n|-damage|p2b: Walking Wake|62/100\n|\n|-heal|p1a: Weezing|62/100|[from] item: Leftovers\n|-end|p1a: Weezing|move: Taunt\n|upkeep\n|\n|t:|1771168916\n|switch|p1b: Iron Boulder|Iron Boulder|100/100\n|turn|6\n|\n|t:|1771168930\n|move|p1b: Iron Boulder|Mighty Cleave|p2a: Tornadus\n|-supereffective|p2a: Tornadus\n|-damage|p2a: Tornadus|0 fnt\n|faint|p2a: Tornadus\n|move|p2b: Walking Wake|Draco Meteor|p1b: Iron Boulder\n|-crit|p1b: Iron Boulder\n|-damage|p1b: Iron Boulder|0 fnt\n|-unboost|p2b: Walking Wake|spa|2\n|faint|p1b: Iron Boulder\n|-end|p1b: Iron Boulder|Quark Drive|[silent]\n|-damage|p2b: Walking Wake|52/100|[from] item: Life Orb\n|move|p1a: Weezing|Substitute|p1a: Weezing\n|-start|p1a: Weezing|Substitute\n|-damage|p1a: Weezing|37/100\n|\n|-heal|p1a: Weezing|43/100|[from] item: Leftovers\n|upkeep\n|\n|t:|1771168948\n|switch|p1b: Iron Moth|Iron Moth|100/100\n|switch|p2a: Rook|Ursaluna, M|100/100\n|turn|7\n|\n|t:|1771168960\n|move|p1b: Iron Moth|Protect|p1b: Iron Moth\n|-singleturn|p1b: Iron Moth|Protect\n|move|p2a: Rook|Protect|p2a: Rook\n|-singleturn|p2a: Rook|Protect\n|move|p2b: Walking Wake|Hydro Steam|p1b: Iron Moth\n|-activate|p1b: Iron Moth|move: Protect\n|move|p1a: Weezing|Will-O-Wisp|p2b: Walking Wake\n|-status|p2b: Walking Wake|brn\n|\n|-heal|p1a: Weezing|49/100|[from] item: Leftovers\n|-damage|p2b: Walking Wake|46/100 brn|[from] brn\n|-status|p2a: Rook|brn|[from] item: Flame Orb\n|upkeep\n|turn|8\n|\n|t:|1771168982\n|-terastallize|p1b: Iron Moth|Water\n|move|p2b: Walking Wake|Protect|p2b: Walking Wake\n|-singleturn|p2b: Walking Wake|Protect\n|move|p1b: Iron Moth|Tera Blast|p2a: Rook|[anim] Tera Blast Water\n|-supereffective|p2a: Rook\n|-damage|p2a: Rook|26/100 brn\n|move|p2a: Rook|Earthquake|p1b: Iron Moth|[spread] p1a,p1b\n|-activate|p2b: Walking Wake|move: Protect\n|-supereffective|p1a: Weezing\n|-end|p1a: Weezing|Substitute\n|-damage|p1b: Iron Moth|79/100\n|move|p1a: Weezing|Sludge Bomb|p2b: Walking Wake\n|-activate|p2b: Walking Wake|move: Protect\n|\n|-heal|p1a: Weezing|55/100|[from] item: Leftovers\n|-damage|p2b: Walking Wake|39/100 brn|[from] brn\n|-damage|p2a: Rook|20/100 brn|[from] brn\n|upkeep\n|turn|9\n|\n|t:|1771169006\n|-end|p1a: Weezing|ability: Neutralizing Gas\n|switch|p1a: Pincurchin|Pincurchin, M|100/100\n|-fieldstart|move: Electric Terrain|[from] ability: Electric Surge|[of] p1a: Pincurchin\n|-activate|p1b: Iron Moth|ability: Quark Drive\n|-start|p1b: Iron Moth|quarkdrivespa\n|-enditem|p1b: Iron Moth|Electric Seed\n|-boost|p1b: Iron Moth|def|1|[from] item: Electric Seed\n|move|p2b: Walking Wake|Draco Meteor|p1b: Iron Moth\n|-damage|p1b: Iron Moth|44/100\n|-unboost|p2b: Walking Wake|spa|2\n|-damage|p2b: Walking Wake|30/100 brn|[from] item: Life Orb\n|move|p1b: Iron Moth|Heat Wave|p2b: Walking Wake|[spread] p2a,p2b\n|-resisted|p2b: Walking Wake\n|-damage|p2a: Rook|0 fnt\n|-damage|p2b: Walking Wake|15/100 brn\n|faint|p2a: Rook\n|\n|-damage|p2b: Walking Wake|9/100 brn|[from] brn\n|upkeep\n|\n|t:|1771169027\n|switch|p2a: Kingambit|Kingambit, F|100/100\n|turn|10\n|\n|t:|1771169048\n|-terastallize|p2a: Kingambit|Ghost\n|move|p1b: Iron Moth|Protect|p1b: Iron Moth\n|-singleturn|p1b: Iron Moth|Protect\n|move|p1a: Pincurchin|Sucker Punch|p2b: Walking Wake\n|-damage|p2b: Walking Wake|0 fnt\n|faint|p2b: Walking Wake\n|-end|p2b: Walking Wake|Protosynthesis|[silent]\n|move|p2a: Kingambit|Kowtow Cleave|p1b: Iron Moth\n|-activate|p1b: Iron Moth|move: Protect\n|\n|upkeep\n|\n|t:|1771169058\n|switch|p2b: King|Chien-Pao, shiny|100/100\n|-ability|p2b: King|Sword of Ruin\n|turn|11\n|\n|t:|1771169068\n|move|p2b: King|Sucker Punch|p1b: Iron Moth\n|-damage|p1b: Iron Moth|11/100\n|move|p2a: Kingambit|Sucker Punch|p1b: Iron Moth\n|-damage|p1b: Iron Moth|0 fnt\n|faint|p1b: Iron Moth\n|-end|p1b: Iron Moth|Quark Drive|[silent]\n|move|p1a: Pincurchin|Sucker Punch||[still]\n|-fail|p1a: Pincurchin\n|\n|upkeep\n|\n|t:|1771169074\n|switch|p1b: Weezing|Weezing, F|55/100\n|-ability|p1b: Weezing|Neutralizing Gas\n|turn|12\n|\n|t:|1771169087\n|move|p1a: Pincurchin|Sucker Punch|p2a: Kingambit\n|-supereffective|p2a: Kingambit\n|-damage|p2a: Kingambit|69/100\n|move|p2b: King|Throat Chop|p1b: Weezing\n|-damage|p1b: Weezing|24/100\n|-start|p1b: Weezing|Throat Chop|[silent]\n|move|p1b: Weezing|Will-O-Wisp|p2b: King\n|-status|p2b: King|brn\n|move|p2a: Kingambit|Kowtow Cleave|p1b: Weezing\n|-damage|p1b: Weezing|0 fnt\n|faint|p1b: Weezing\n|-end|p1b: Weezing|ability: Neutralizing Gas\n|-ability|p2b: King|Sword of Ruin\n|\n|-damage|p2b: King|95/100 brn|[from] brn\n|upkeep\n|turn|13\n|\n|t:|1771169104\n|move|p1a: Pincurchin|Sucker Punch|p2a: Kingambit\n|-supereffective|p2a: Kingambit\n|-damage|p2a: Kingambit|27/100\n|move|p2b: King|Throat Chop|p1a: Pincurchin\n|-damage|p1a: Pincurchin|67/100\n|-start|p1a: Pincurchin|Throat Chop|[silent]\n|move|p2a: Kingambit|Kowtow Cleave|p1a: Pincurchin\n|-damage|p1a: Pincurchin|0 fnt\n|faint|p1a: Pincurchin\n|\n|win|LeonXmg7\n|raw|I❤️娜禄forever's rating: 1646 &rarr; <strong>1623</strong><br />(-23 for losing)\n|raw|LeonXmg7's rating: 1589 &rarr; <strong>1612</strong><br />(+23 for winning)\n|l|☆I❤️娜禄forever\n|player|p1|\n|l|☆LeonXmg7\n|player|p2|\n", "uploadtime": 1771169343, "views": 9, "formatid": "gen9doublesou", "rating": 1612, "private": 0, "password": null}