{"id": "gen9doublesou-2539898841", "format": "[Gen 9] Doubles OU", "players": ["nedlellol", "inakunana"], "log": "|badge|p2|silver|gen9doublesou|30-8\n|uhtml|medal-msg|<div class=\"broadcast-blue\">Curious what those medals under the avatar are? PS now has Ladder Seasons! For more information, check out the <a href=\"https://www.smogon.com/forums/threads/3740067/\">thread on Smogon.</a></div>\n|j|☆nedlellol\n|j|☆inakunana\n|t:|1771124232\n|gametype|doubles\n|player|p1|nedlellol|fisherman-gen4|1663\n|player|p2|inakunana|erika|1759\n|gen|9\n|tier|[Gen 9] Doubles OU\n|rated|\n|rule|HP Percentage Mod: HP is shown in percentages\n|rule|Endless Battle Clause: Forcing endless battles is banned\n|rule|Species Clause: Limit one of each Pokémon\n|rule|OHKO Clause: OHKO moves are banned\n|rule|Evasion Moves Clause: Evasion moves are banned\n|rule|Gravity Sleep Clause: The combination of sleep-inducing moves with imperfect accuracy and Gravity or Gigantamax Orbeetle are banned\n|rule|Evasion Abilities Clause: Evasion abilities are banned\n|clearpoke\n|poke|p1|Ninetales-Alola, F|\n|poke|p1|Incineroar, F|\n|poke|p1|Landorus, M|\n|poke|p1|Kingambit, F|\n|poke|p1|Kyurem|\n|poke|p1|Rillaboom, M|\n|poke|p2|Moltres-Galar|\n|poke|p2|Sinistcha|\n|poke|p2|Ursaluna, M|\n|poke|p2|Incineroar, F|\n|poke|p2|Roaring Moon|\n|poke|p2|Gholdengo|\n|teampreview\n|inactive|Battle timer is ON: inactive players will automatically lose when time's up. (requested by nedlellol)\n|inactive|inakunana also wants the timer to be on.\n|inactive|nedlellol has 120 seconds left.\n|\n|t:|1771124262\n|teamsize|p1|6\n|teamsize|p2|6\n|start\n|switch|p1a: Incineroar|Incineroar, F|100/100\n|switch|p1b: Kingambit|Kingambit, F, shiny|100/100\n|switch|p2a: Gholdengo|Gholdengo|100/100\n|switch|p2b: Moltres|Moltres-Galar|100/100\n|-ability|p1a: Incineroar|Intimidate|boost\n|-unboost|p2a: Gholdengo|atk|1\n|-unboost|p2b: Moltres|atk|1\n|turn|1\n|j| 123abv\n|\n|t:|1771124275\n|-terastallize|p2a: Gholdengo|Fairy\n|move|p1a: Incineroar|Fake Out|p2b: Moltres\n|-damage|p2b: Moltres|91/100\n|move|p2a: Gholdengo|Dazzling Gleam|p1a: Incineroar|[spread] p1a,p1b\n|-damage|p1a: Incineroar|61/100\n|-damage|p1b: Kingambit|50/100\n|cant|p2b: Moltres|flinch\n|move|p1b: Kingambit|Swords Dance|p1b: Kingambit\n|-boost|p1b: Kingambit|atk|2\n|\n|-heal|p2b: Moltres|97/100|[from] item: Leftovers\n|upkeep\n|turn|2\n|\n|t:|1771124293\n|move|p1b: Kingambit|Protect|p1b: Kingambit\n|-singleturn|p1b: Kingambit|Protect\n|move|p2a: Gholdengo|Dazzling Gleam|p1a: Incineroar|[spread] p1a\n|-activate|p1b: Kingambit|move: Protect\n|-damage|p1a: Incineroar|23/100\n|-enditem|p1a: Incineroar|Sitrus Berry|[eat]\n|-heal|p1a: Incineroar|48/100|[from] item: Sitrus Berry\n|move|p2b: Moltres|Air Slash|p1a: Incineroar\n|-damage|p1a: Incineroar|24/100\n|move|p1a: Incineroar|Parting Shot|p2b: Moltres\n|-unboost|p2b: Moltres|atk|1\n|-unboost|p2b: Moltres|spa|1\n|\n|t:|1771124306\n|switch|p1a: Landorus|Landorus, M|100/100|[from] Parting Shot\n|\n|-heal|p2b: Moltres|100/100|[from] item: Leftovers\n|upkeep\n|turn|3\n|\n|t:|1771124332\n|switch|p2a: Roaring Moon|Roaring Moon|100/100\n|-enditem|p2a: Roaring Moon|Booster Energy\n|-activate|p2a: Roaring Moon|ability: Protosynthesis|[fromitem]\n|-start|p2a: Roaring Moon|protosynthesisspe\n|-terastallize|p1a: Landorus|Poison\n|move|p1a: Landorus|Sludge Bomb|p2a: Roaring Moon\n|-damage|p2a: Roaring Moon|41/100\n|move|p2b: Moltres|Nasty Plot|p2b: Moltres\n|-boost|p2b: Moltres|spa|2\n|move|p1b: Kingambit|Swords Dance|p1b: Kingambit\n|-boost|p1b: Kingambit|atk|2\n|\n|upkeep\n|turn|4\n|\n|t:|1771124355\n|move|p2a: Roaring Moon|Knock Off|p1a: Landorus\n|-damage|p1a: Landorus|52/100\n|-enditem|p1a: Landorus|Life Orb|[from] move: Knock Off|[of] p2a: Roaring Moon\n|move|p1a: Landorus|Sludge Bomb|p2a: Roaring Moon\n|-damage|p2a: Roaring Moon|0 fnt\n|faint|p2a: Roaring Moon\n|-end|p2a: Roaring Moon|Protosynthesis|[silent]\n|move|p2b: Moltres|Fiery Wrath|p1b: Kingambit|[spread] p1a,p1b\n|-resisted|p1b: Kingambit\n|-damage|p1a: Landorus|0 fnt\n|-damage|p1b: Kingambit|28/100\n|faint|p1a: Landorus\n|move|p1b: Kingambit|Kowtow Cleave|p2b: Moltres\n|-resisted|p2b: Moltres\n|-damage|p2b: Moltres|9/100\n|-ability|p2b: Moltres|Berserk|boost\n|-boost|p2b: Moltres|spa|1\n|\n|-heal|p2b: Moltres|15/100|[from] item: Leftovers\n|upkeep\n|j| AwesomeBD1909\n|inactive|nedlellol has 120 seconds left.\n|\n|t:|1771124376\n|switch|p2a: Gholdengo|Gholdengo, tera:Fairy|100/100\n|switch|p1a: Rillaboom|Rillaboom, M|100/100\n|-fieldstart|move: Grassy Terrain|[from] ability: Grassy Surge|[of] p1a: Rillaboom\n|turn|5\n|\n|t:|1771124389\n|switch|p2a: Incineroar|Incineroar, F|100/100\n|-ability|p2a: Incineroar|Intimidate|boost\n|-unboost|p1a: Rillaboom|atk|1\n|-unboost|p1b: Kingambit|atk|1\n|-ability|p1b: Kingambit|Defiant|boost\n|-boost|p1b: Kingambit|atk|2\n|move|p2b: Moltres|Protect|p2b: Moltres\n|-singleturn|p2b: Moltres|Protect\n|move|p1a: Rillaboom|Fake Out|p2a: Incineroar\n|-damage|p2a: Incineroar|91/100\n|move|p1b: Kingambit|Sucker Punch||[still]\n|-fail|p1b: Kingambit\n|\n|-heal|p2b: Moltres|22/100|[from] item: Leftovers\n|-heal|p2a: Incineroar|97/100|[from] Grassy Terrain\n|-heal|p1b: Kingambit|35/100|[from] Grassy Terrain\n|upkeep\n|turn|6\n|\n|t:|1771124414\n|switch|p2a: Sinistcha|Sinistcha|100/100\n|-heal|p2b: Moltres|47/100|[from] ability: Hospitality|[of] p2a: Sinistcha\n|move|p1a: Rillaboom|Grassy Glide|p2b: Moltres\n|-resisted|p2b: Moltres\n|-crit|p2b: Moltres\n|-damage|p2b: Moltres|18/100\n|move|p1b: Kingambit|Sucker Punch||[still]\n|-fail|p1b: Kingambit\n|move|p2b: Moltres|Nasty Plot|p2b: Moltres\n|-boost|p2b: Moltres|spa|2\n|\n|-heal|p2b: Moltres|25/100|[from] item: Leftovers\n|-heal|p1b: Kingambit|41/100|[from] Grassy Terrain\n|upkeep\n|turn|7\n|\n|t:|1771124434\n|move|p2a: Sinistcha|Rage Powder|p2a: Sinistcha\n|-singleturn|p2a: Sinistcha|move: Rage Powder\n|move|p1a: Rillaboom|Grassy Glide|p2b: Moltres\n|-resisted|p2b: Moltres\n|-damage|p2b: Moltres|11/100\n|move|p2b: Moltres|Fiery Wrath|p1a: Rillaboom|[spread] p1a,p1b\n|-resisted|p1b: Kingambit\n|-damage|p1a: Rillaboom|37/100\n|-damage|p1b: Kingambit|0 fnt\n|faint|p1b: Kingambit\n|\n|-heal|p2b: Moltres|18/100|[from] item: Leftovers\n|-heal|p1a: Rillaboom|44/100|[from] Grassy Terrain\n|upkeep\n|\n|t:|1771124447\n|switch|p1b: Ninetales|Ninetales-Alola, F, shiny|100/100\n|-weather|Snowscape|[from] ability: Snow Warning|[of] p1b: Ninetales\n|turn|8\n|\n|t:|1771124455\n|switch|p1a: Kyurem|Kyurem|100/100\n|-ability|p1a: Kyurem|Pressure\n|move|p2b: Moltres|Protect|p2b: Moltres\n|-singleturn|p2b: Moltres|Protect\n|move|p1b: Ninetales|Icy Wind|p2a: Sinistcha|[spread] p2a\n|-activate|p2b: Moltres|move: Protect\n|-supereffective|p2a: Sinistcha\n|-damage|p2a: Sinistcha|79/100\n|-unboost|p2a: Sinistcha|spe|1\n|move|p2a: Sinistcha|Trick Room|p2a: Sinistcha\n|-fieldstart|move: Trick Room|[of] p2a: Sinistcha\n|\n|-weather|Snowscape|[upkeep]\n|-heal|p2a: Sinistcha|85/100|[from] Grassy Terrain\n|-heal|p2b: Moltres|24/100|[from] item: Leftovers\n|upkeep\n|turn|9\n|\n|t:|1771124470\n|move|p2a: Sinistcha|Life Dew|p2a: Sinistcha|[spread] p2a,p2b\n|-heal|p2a: Sinistcha|100/100\n|-heal|p2b: Moltres|49/100\n|move|p1a: Kyurem|Blizzard|p2b: Moltres|[spread] p2a,p2b\n|-supereffective|p2a: Sinistcha\n|-supereffective|p2b: Moltres\n|-damage|p2a: Sinistcha|3/100\n|-damage|p2b: Moltres|0 fnt\n|-enditem|p2a: Sinistcha|Sitrus Berry|[eat]\n|-heal|p2a: Sinistcha|27/100|[from] item: Sitrus Berry\n|faint|p2b: Moltres\n|move|p1b: Ninetales|Aurora Veil|p1b: Ninetales\n|-sidestart|p1: nedlellol|move: Aurora Veil\n|\n|-weather|Snowscape|[upkeep]\n|-heal|p2a: Sinistcha|34/100|[from] Grassy Terrain\n|-fieldend|move: Grassy Terrain\n|upkeep\n|\n|t:|1771124483\n|switch|p2b: Gholdengo|Gholdengo, tera:Fairy|100/100\n|turn|10\n|\n|t:|1771124495\n|switch|p1b: Rillaboom|Rillaboom, M|44/100\n|-fieldstart|move: Grassy Terrain|[from] ability: Grassy Surge|[of] p1b: Rillaboom\n|move|p2a: Sinistcha|Matcha Gotcha|p1a: Kyurem|[spread] p1a,p1b\n|-resisted|p1a: Kyurem\n|-resisted|p1b: Rillaboom\n|-damage|p1a: Kyurem|95/100\n|-heal|p2a: Sinistcha|38/100|[from] drain|[of] p1a: Kyurem\n|-damage|p1b: Rillaboom|36/100\n|-heal|p2a: Sinistcha|42/100|[from] drain|[of] p1b: Rillaboom\n|move|p1a: Kyurem|Flash Cannon|p2b: Gholdengo\n|-supereffective|p2b: Gholdengo\n|-damage|p2b: Gholdengo|31/100\n|move|p2b: Gholdengo|Make It Rain|p1a: Kyurem|[spread] p1a,p1b\n|-supereffective|p1a: Kyurem\n|-damage|p1a: Kyurem|36/100\n|-damage|p1b: Rillaboom|0 fnt\n|-unboost|p2b: Gholdengo|spa|1\n|faint|p1b: Rillaboom\n|\n|-weather|Snowscape|[upkeep]\n|-heal|p2a: Sinistcha|48/100|[from] Grassy Terrain\n|-heal|p1a: Kyurem|42/100|[from] Grassy Terrain\n|-heal|p2b: Gholdengo|37/100|[from] Grassy Terrain\n|upkeep\n|\n|t:|1771124517\n|switch|p1b: Incineroar|Incineroar, F|24/100\n|-ability|p1b: Incineroar|Intimidate|boost\n|-unboost|p2a: Sinistcha|atk|1\n|-unboost|p2b: Gholdengo|atk|1\n|turn|11\n|\n|t:|1771124524\n|switch|p2b: Incineroar|Incineroar, F|97/100\n|-ability|p2b: Incineroar|Intimidate|boost\n|-unboost|p1a: Kyurem|atk|1\n|-unboost|p1b: Incineroar|atk|1\n|move|p1b: Incineroar|Fake Out|p2b: Incineroar\n|-damage|p2b: Incineroar|91/100\n|move|p2a: Sinistcha|Life Dew|p2a: Sinistcha|[spread] p2a,p2b\n|-heal|p2a: Sinistcha|73/100\n|-heal|p2b: Incineroar|100/100\n|move|p1a: Kyurem|Blizzard|p2b: Incineroar|[spread] p2a,p2b\n|-supereffective|p2a: Sinistcha\n|-resisted|p2b: Incineroar\n|-damage|p2a: Sinistcha|0 fnt\n|-damage|p2b: Incineroar|81/100\n|faint|p2a: Sinistcha\n|\n|-weather|Snowscape|[upkeep]\n|-heal|p1b: Incineroar|30/100|[from] Grassy Terrain\n|-heal|p2b: Incineroar|87/100|[from] Grassy Terrain\n|-heal|p1a: Kyurem|48/100|[from] Grassy Terrain\n|upkeep\n|\n|t:|1771124527\n|switch|p2a: Ursaluna|Ursaluna, M|100/100\n|turn|12\n|\n|t:|1771124547\n|switch|p1a: Ninetales|Ninetales-Alola, F, shiny|100/100\n|move|p2b: Incineroar|Fake Out|p1a: Ninetales\n|-damage|p1a: Ninetales|95/100\n|move|p2a: Ursaluna|Headlong Rush|p1a: Ninetales\n|-damage|p1a: Ninetales|57/100\n|-unboost|p2a: Ursaluna|def|1\n|-unboost|p2a: Ursaluna|spd|1\n|move|p1b: Incineroar|Knock Off|p2a: Ursaluna\n|-damage|p2a: Ursaluna|73/100\n|-enditem|p2a: Ursaluna|Flame Orb|[from] move: Knock Off|[of] p1b: Incineroar\n|\n|-weather|none\n|-heal|p2a: Ursaluna|79/100|[from] Grassy Terrain\n|-heal|p1b: Incineroar|36/100|[from] Grassy Terrain\n|-heal|p2b: Incineroar|93/100|[from] Grassy Terrain\n|-heal|p1a: Ninetales|63/100|[from] Grassy Terrain\n|-fieldend|move: Trick Room\n|upkeep\n|turn|13\n|\n|t:|1771124575\n|switch|p1a: Kyurem|Kyurem|48/100\n|-ability|p1a: Kyurem|Pressure\n|move|p2b: Incineroar|Will-O-Wisp|p2a: Ursaluna\n|-status|p2a: Ursaluna|brn\n|move|p1b: Incineroar|Parting Shot|p2b: Incineroar\n|-unboost|p2b: Incineroar|atk|1\n|-unboost|p2b: Incineroar|spa|1\n|\n|t:|1771124584\n|switch|p1b: Ninetales|Ninetales-Alola, F, shiny|63/100|[from] Parting Shot\n|-weather|Snowscape|[from] ability: Snow Warning|[of] p1b: Ninetales\n|move|p2a: Ursaluna|Facade|p1a: Kyurem\n|-damage|p1a: Kyurem|0 fnt\n|faint|p1a: Kyurem\n|\n|-weather|Snowscape|[upkeep]\n|-heal|p1b: Ninetales|69/100|[from] Grassy Terrain\n|-heal|p2b: Incineroar|99/100|[from] Grassy Terrain\n|-heal|p2a: Ursaluna|85/100 brn|[from] Grassy Terrain\n|-damage|p2a: Ursaluna|79/100 brn|[from] brn\n|upkeep\n|inactive|nedlellol has 120 seconds left.\n|\n|t:|1771124595\n|switch|p1a: Incineroar|Incineroar, F|36/100\n|-ability|p1a: Incineroar|Intimidate|boost\n|-unboost|p2a: Ursaluna|atk|1\n|-unboost|p2b: Incineroar|atk|1\n|turn|14\n|\n|t:|1771124603\n|move|p2a: Ursaluna|Protect|p2a: Ursaluna\n|-singleturn|p2a: Ursaluna|Protect\n|move|p1a: Incineroar|Fake Out|p2b: Incineroar\n|-damage|p2b: Incineroar|89/100\n|move|p1b: Ninetales|Icy Wind|p2b: Incineroar|[spread] p2b\n|-activate|p2a: Ursaluna|move: Protect\n|-resisted|p2b: Incineroar\n|-damage|p2b: Incineroar|84/100\n|-unboost|p2b: Incineroar|spe|1\n|cant|p2b: Incineroar|flinch\n|\n|-weather|Snowscape|[upkeep]\n|-heal|p1b: Ninetales|75/100|[from] Grassy Terrain\n|-heal|p1a: Incineroar|42/100|[from] Grassy Terrain\n|-heal|p2b: Incineroar|90/100|[from] Grassy Terrain\n|-heal|p2a: Ursaluna|85/100 brn|[from] Grassy Terrain\n|-damage|p2a: Ursaluna|79/100 brn|[from] brn\n|-fieldend|move: Grassy Terrain\n|upkeep\n|turn|15\n|\n|t:|1771124621\n|move|p1b: Ninetales|Encore|p2a: Ursaluna\n|-start|p2a: Ursaluna|Encore\n|move|p1a: Incineroar|Knock Off|p2b: Incineroar\n|-resisted|p2b: Incineroar\n|-crit|p2b: Incineroar\n|-damage|p2b: Incineroar|65/100\n|-enditem|p2b: Incineroar|Heavy-Duty Boots|[from] move: Knock Off|[of] p1a: Incineroar\n|move|p2b: Incineroar|Parting Shot|p1a: Incineroar\n|-unboost|p1a: Incineroar|atk|1\n|-unboost|p1a: Incineroar|spa|1\n|\n|t:|1771124625\n|switch|p2b: Gholdengo|Gholdengo, tera:Fairy|37/100|[from] Parting Shot\n|move|p2a: Ursaluna|Protect||[still]\n|-fail|p2a: Ursaluna\n|\n|-weather|Snowscape|[upkeep]\n|-damage|p2a: Ursaluna|73/100 brn|[from] brn\n|upkeep\n|turn|16\n|\n|t:|1771124636\n|switch|p2a: Incineroar|Incineroar, F|65/100\n|-ability|p2a: Incineroar|Intimidate|boost\n|-unboost|p1a: Incineroar|atk|1\n|-unboost|p1b: Ninetales|atk|1\n|move|p1b: Ninetales|Icy Wind|p2b: Gholdengo|[spread] p2a,p2b\n|-resisted|p2a: Incineroar\n|-damage|p2a: Incineroar|60/100\n|-damage|p2b: Gholdengo|25/100\n|-unboost|p2a: Incineroar|spe|1\n|-unboost|p2b: Gholdengo|spe|1\n|move|p2b: Gholdengo|Make It Rain|p1b: Ninetales|[spread] p1a,p1b\n|-resisted|p1a: Incineroar\n|-supereffective|p1b: Ninetales\n|-damage|p1a: Incineroar|23/100\n|-damage|p1b: Ninetales|0 fnt\n|-unboost|p2b: Gholdengo|spa|1\n|faint|p1b: Ninetales\n|move|p1a: Incineroar|Knock Off|p2b: Gholdengo\n|-resisted|p2b: Gholdengo\n|-damage|p2b: Gholdengo|16/100\n|-enditem|p2b: Gholdengo|Choice Specs|[from] move: Knock Off|[of] p1a: Incineroar\n|\n|-weather|Snowscape|[upkeep]\n|-sideend|p1: nedlellol|move: Aurora Veil\n|upkeep\n|turn|17\n|-message|nedlellol forfeited.\n|\n|win|inakunana\n|raw|nedlellol's rating: 1663 &rarr; <strong>1648</strong><br />(-15 for losing)\n|raw|inakunana's rating: 1759 &rarr; <strong>1774</strong><br />(+15 for winning)\n|l|☆nedlellol\n|player|p1|\n|l|☆inakunana\n|player|p2|\n|l| AwesomeBD1909\n", "uploadtime": 1771124902, "views": 16, "formatid": "gen9doublesou", "rating": 1648, "private": 0, "password": null}