{"id": "gen9doublesou-2540215587", "format": "[Gen 9] Doubles OU", "players": ["Quadmaster", "Lopsidedeyehermit"], "log": "|j|☆Quadmaster\n|j|☆Lopsidedeyehermit\n|t:|1771176779\n|gametype|doubles\n|player|p1|Quadmaster|benga|1701\n|player|p2|Lopsidedeyehermit|clerk|1634\n|gen|9\n|tier|[Gen 9] Doubles OU\n|rated|\n|rule|HP Percentage Mod: HP is shown in percentages\n|rule|Endless Battle Clause: Forcing endless battles is banned\n|rule|Species Clause: Limit one of each Pokémon\n|rule|OHKO Clause: OHKO moves are banned\n|rule|Evasion Moves Clause: Evasion moves are banned\n|rule|Gravity Sleep Clause: The combination of sleep-inducing moves with imperfect accuracy and Gravity or Gigantamax Orbeetle are banned\n|rule|Evasion Abilities Clause: Evasion abilities are banned\n|clearpoke\n|poke|p1|Corviknight, M|\n|poke|p1|Grimmsnarl, M|\n|poke|p1|Goodra-Hisui, F|\n|poke|p1|Sinistcha-Masterpiece|\n|poke|p1|Gouging Fire|\n|poke|p1|Landorus, M|\n|poke|p2|Tyranitar, M|\n|poke|p2|Excadrill, F|\n|poke|p2|Orthworm, M|\n|poke|p2|Garganacl, M|\n|poke|p2|Incineroar, F|\n|poke|p2|Amoonguss, F|\n|teampreview\n|\n|t:|1771176801\n|teamsize|p1|6\n|teamsize|p2|6\n|start\n|switch|p1a: Landorus|Landorus, M|100/100\n|switch|p1b: Goodra|Goodra-Hisui, F|100/100\n|switch|p2a: Wormy|Orthworm, M, shiny|100/100\n|switch|p2b: Zilla|Tyranitar, M, shiny|100/100\n|-weather|Sandstorm|[from] ability: Sand Stream|[of] p2b: Zilla\n|turn|1\n|\n|t:|1771176812\n|-terastallize|p2b: Zilla|Flying\n|move|p1a: Landorus|Stealth Rock|p2a: Wormy\n|-sidestart|p2: Lopsidedeyehermit|move: Stealth Rock\n|move|p2b: Zilla|Dragon Dance|p2b: Zilla\n|-boost|p2b: Zilla|atk|1\n|-boost|p2b: Zilla|spe|1\n|move|p2a: Wormy|Stealth Rock|p1a: Landorus\n|-sidestart|p1: Quadmaster|move: Stealth Rock\n|move|p1b: Goodra|Dragon Tail|p2a: Wormy\n|-resisted|p2a: Wormy\n|-damage|p2a: Wormy|94/100\n|drag|p2a: Amoonguss|Amoonguss, F, shiny|100/100\n|-damage|p2a: Amoonguss|88/100|[from] Stealth Rock\n|\n|-weather|Sandstorm|[upkeep]\n|-damage|p2b: Zilla|94/100|[from] Sandstorm\n|-damage|p2a: Amoonguss|82/100|[from] Sandstorm\n|upkeep\n|turn|2\n|\n|t:|1771176835\n|move|p2b: Zilla|Knock Off|p1a: Landorus\n|-damage|p1a: Landorus|17/100\n|-enditem|p1a: Landorus|Life Orb|[from] move: Knock Off|[of] p2b: Zilla\n|move|p1a: Landorus|Taunt|p2a: Amoonguss\n|-start|p2a: Amoonguss|move: Taunt\n|cant|p2a: Amoonguss|move: Taunt|Spore\n|move|p1b: Goodra|Dragon Tail|p2b: Zilla\n|-damage|p2b: Zilla|78/100\n|drag|p2b: Salt Lick|Garganacl, M, shiny|100/100\n|-damage|p2b: Salt Lick|88/100|[from] Stealth Rock\n|\n|-weather|Sandstorm|[upkeep]\n|-damage|p2a: Amoonguss|76/100|[from] Sandstorm\n|-heal|p2b: Salt Lick|94/100|[from] item: Leftovers\n|upkeep\n|turn|3\n|\n|t:|1771176861\n|move|p2b: Salt Lick|Wide Guard|p2b: Salt Lick\n|-singleturn|p2b: Salt Lick|Wide Guard\n|move|p1a: Landorus|Sandsear Storm|p2a: Amoonguss|[spread] \n|-activate|p2a: Amoonguss|move: Wide Guard\n|-activate|p2b: Salt Lick|move: Wide Guard\n|move|p1b: Goodra|Flash Cannon|p2b: Salt Lick\n|-supereffective|p2b: Salt Lick\n|-damage|p2b: Salt Lick|49/100\n|move|p2a: Amoonguss|Pollen Puff|p1a: Landorus\n|-resisted|p1a: Landorus\n|-damage|p1a: Landorus|5/100\n|\n|-weather|Sandstorm|[upkeep]\n|-damage|p2a: Amoonguss|70/100|[from] Sandstorm\n|-heal|p2b: Salt Lick|55/100|[from] item: Leftovers\n|upkeep\n|turn|4\n|\n|t:|1771176881\n|move|p1a: Landorus|Sandsear Storm|p2b: Salt Lick|[spread] p2a,p2b\n|-supereffective|p2b: Salt Lick\n|-damage|p2a: Amoonguss|37/100\n|-damage|p2b: Salt Lick|5/100\n|move|p1b: Goodra|Flash Cannon|p2b: Salt Lick\n|-supereffective|p2b: Salt Lick\n|-damage|p2b: Salt Lick|0 fnt\n|faint|p2b: Salt Lick\n|move|p2a: Amoonguss|Pollen Puff|p1a: Landorus\n|-resisted|p1a: Landorus\n|-damage|p1a: Landorus|0 fnt\n|faint|p1a: Landorus\n|\n|-weather|Sandstorm|[upkeep]\n|-damage|p2a: Amoonguss|31/100|[from] Sandstorm\n|-end|p2a: Amoonguss|move: Taunt\n|upkeep\n|\n|t:|1771176891\n|switch|p1a: Grimmsnarl|Grimmsnarl, M|100/100\n|switch|p2b: Drillbit|Excadrill, F, shiny|100/100\n|-damage|p2b: Drillbit|97/100|[from] Stealth Rock\n|-damage|p1a: Grimmsnarl|88/100|[from] Stealth Rock\n|turn|5\n|\n|t:|1771176901\n|switch|p2a: Wormy|Orthworm, M, shiny|94/100\n|-damage|p2a: Wormy|87/100|[from] Stealth Rock\n|move|p1a: Grimmsnarl|Reflect|p1a: Grimmsnarl\n|-sidestart|p1: Quadmaster|Reflect\n|move|p2b: Drillbit|Iron Head|p1a: Grimmsnarl\n|-supereffective|p1a: Grimmsnarl\n|-damage|p1a: Grimmsnarl|14/100\n|move|p1b: Goodra|Ice Beam|p2a: Wormy\n|-resisted|p2a: Wormy\n|-damage|p2a: Wormy|71/100\n|-status|p2a: Wormy|frz\n|\n|-weather|none\n|upkeep\n|turn|6\n|\n|t:|1771176914\n|cant|p2a: Wormy|frz\n|move|p1a: Grimmsnarl|Light Screen|p1a: Grimmsnarl\n|-sidestart|p1: Quadmaster|move: Light Screen\n|move|p2b: Drillbit|Earthquake|p1a: Grimmsnarl|[spread] p1a,p1b\n|-heal|p2a: Wormy|96/100 frz|[from] ability: Earth Eater|[of] p2b: Drillbit\n|-supereffective|p1b: Goodra\n|-damage|p1a: Grimmsnarl|0 fnt\n|-damage|p1b: Goodra|45/100\n|faint|p1a: Grimmsnarl\n|move|p1b: Goodra|Muddy Water|p2b: Drillbit|[spread] p2a,p2b\n|-supereffective|p2b: Drillbit\n|-damage|p2a: Wormy|71/100 frz\n|-damage|p2b: Drillbit|31/100\n|\n|upkeep\n|\n|t:|1771176925\n|switch|p1a: Sinistcha|Sinistcha-Masterpiece|100/100\n|-damage|p1a: Sinistcha|88/100|[from] Stealth Rock\n|-heal|p1b: Goodra|70/100|[from] ability: Hospitality|[of] p1a: Sinistcha\n|turn|7\n|\n|t:|1771176935\n|switch|p1a: Corviknight|Corviknight, M|100/100\n|-damage|p1a: Corviknight|88/100|[from] Stealth Rock\n|move|p2b: Drillbit|Protect|p2b: Drillbit\n|-singleturn|p2b: Drillbit|Protect\n|-curestatus|p2a: Wormy|frz|[msg]\n|move|p2a: Wormy|Body Press|p1b: Goodra\n|-supereffective|p1b: Goodra\n|-damage|p1b: Goodra|33/100\n|move|p1b: Goodra|Muddy Water|p2a: Wormy|[spread] p2a\n|-activate|p2b: Drillbit|move: Protect\n|-damage|p2a: Wormy|49/100\n|-enditem|p2a: Wormy|Sitrus Berry|[eat]\n|-heal|p2a: Wormy|73/100|[from] item: Sitrus Berry\n|\n|-heal|p1a: Corviknight|94/100|[from] item: Leftovers\n|upkeep\n|turn|8\n|\n|t:|1771176954\n|move|p2b: Drillbit|Earthquake|p1a: Corviknight|[spread] p1b\n|-heal|p2a: Wormy|98/100|[from] ability: Earth Eater|[of] p2b: Drillbit\n|-immune|p1a: Corviknight\n|-supereffective|p1b: Goodra\n|-damage|p1b: Goodra|0 fnt\n|faint|p1b: Goodra\n|move|p1a: Corviknight|Bulk Up|p1a: Corviknight\n|-boost|p1a: Corviknight|atk|1\n|-boost|p1a: Corviknight|def|1\n|move|p2a: Wormy|Shed Tail|p2a: Wormy\n|-start|p2a: Wormy|Substitute|[from] move: Shed Tail\n|-damage|p2a: Wormy|48/100\n|\n|t:|1771176973\n|switch|p2a: Incineroar|Incineroar, F, shiny|100/100|[from] Shed Tail\n|-damage|p2a: Incineroar|76/100|[from] Stealth Rock\n|-ability|p2a: Incineroar|Intimidate|boost\n|-ability|p1a: Corviknight|Mirror Armor\n|-unboost|p2a: Incineroar|atk|1\n|\n|-heal|p1a: Corviknight|100/100|[from] item: Leftovers\n|upkeep\n|\n|t:|1771176979\n|switch|p1b: Gouging Fire|Gouging Fire|100/100\n|-damage|p1b: Gouging Fire|76/100|[from] Stealth Rock\n|turn|9\n|\n|t:|1771177001\n|move|p2b: Drillbit|Protect|p2b: Drillbit\n|-singleturn|p2b: Drillbit|Protect\n|move|p1b: Gouging Fire|Dragon Dance|p1b: Gouging Fire\n|-boost|p1b: Gouging Fire|atk|1\n|-boost|p1b: Gouging Fire|spe|1\n|move|p1a: Corviknight|Body Press|p2a: Incineroar\n|-supereffective|p2a: Incineroar\n|-end|p2a: Incineroar|Substitute\n|move|p2a: Incineroar|Flare Blitz|p1a: Corviknight\n|-supereffective|p1a: Corviknight\n|-damage|p1a: Corviknight|78/100\n|-damage|p2a: Incineroar|69/100|[from] Recoil\n|\n|-heal|p1a: Corviknight|84/100|[from] item: Leftovers\n|upkeep\n|turn|10\n|\n|t:|1771177030\n|switch|p2a: Zilla|Tyranitar, M, shiny, tera:Flying|78/100\n|-damage|p2a: Zilla|53/100|[from] Stealth Rock\n|-weather|Sandstorm|[from] ability: Sand Stream|[of] p2a: Zilla\n|move|p2b: Drillbit|Earthquake|p1a: Corviknight|[spread] p1b\n|-immune|p2a: Zilla\n|-immune|p1a: Corviknight\n|-supereffective|p1b: Gouging Fire\n|-damage|p1b: Gouging Fire|37/100\n|move|p1b: Gouging Fire|Dragon Dance|p1b: Gouging Fire\n|-boost|p1b: Gouging Fire|atk|1\n|-boost|p1b: Gouging Fire|spe|1\n|move|p1a: Corviknight|Bulk Up|p1a: Corviknight\n|-boost|p1a: Corviknight|atk|1\n|-boost|p1a: Corviknight|def|1\n|\n|-weather|Sandstorm|[upkeep]\n|-damage|p1b: Gouging Fire|31/100|[from] Sandstorm\n|-damage|p2a: Zilla|47/100|[from] Sandstorm\n|-heal|p1a: Corviknight|90/100|[from] item: Leftovers\n|upkeep\n|turn|11\n|\n|t:|1771177055\n|-terastallize|p1b: Gouging Fire|Grass\n|move|p2b: Drillbit|Earthquake|p1b: Gouging Fire|[spread] p1b\n|-immune|p2a: Zilla\n|-immune|p1a: Corviknight\n|-resisted|p1b: Gouging Fire\n|-damage|p1b: Gouging Fire|21/100\n|move|p1b: Gouging Fire|Heat Crash|p2a: Zilla\n|-damage|p2a: Zilla|0 fnt\n|faint|p2a: Zilla\n|move|p1a: Corviknight|Body Press|p2b: Drillbit\n|-supereffective|p2b: Drillbit\n|-damage|p2b: Drillbit|0 fnt\n|faint|p2b: Drillbit\n|\n|-weather|Sandstorm|[upkeep]\n|-damage|p1b: Gouging Fire|14/100|[from] Sandstorm\n|-heal|p1a: Corviknight|97/100|[from] item: Leftovers\n|upkeep\n|\n|t:|1771177068\n|switch|p2b: Incineroar|Incineroar, F, shiny|69/100\n|switch|p2a: Amoonguss|Amoonguss, F, shiny|64/100\n|-damage|p2b: Incineroar|44/100|[from] Stealth Rock\n|-ability|p2b: Incineroar|Intimidate|boost\n|-ability|p1a: Corviknight|Mirror Armor\n|-unboost|p2b: Incineroar|atk|1\n|-fail|p1b: Gouging Fire|unboost|[from] item: Clear Amulet|[of] p1b: Gouging Fire\n|-damage|p2a: Amoonguss|52/100|[from] Stealth Rock\n|turn|12\n|\n|t:|1771177086\n|move|p2b: Incineroar|Fake Out|p1b: Gouging Fire\n|-damage|p1b: Gouging Fire|11/100\n|cant|p1b: Gouging Fire|flinch\n|move|p1a: Corviknight|Body Press|p2b: Incineroar\n|-supereffective|p2b: Incineroar\n|-damage|p2b: Incineroar|0 fnt\n|faint|p2b: Incineroar\n|move|p2a: Amoonguss|Spore|p1a: Corviknight\n|-status|p1a: Corviknight|slp|[from] move: Spore\n|\n|-weather|Sandstorm|[upkeep]\n|-damage|p1b: Gouging Fire|4/100|[from] Sandstorm\n|-damage|p2a: Amoonguss|46/100|[from] Sandstorm\n|-heal|p1a: Corviknight|100/100 slp|[from] item: Leftovers\n|-sideend|p1: Quadmaster|Reflect\n|upkeep\n|\n|t:|1771177095\n|switch|p2b: Wormy|Orthworm, M, shiny|48/100\n|-damage|p2b: Wormy|42/100|[from] Stealth Rock\n|turn|13\n|-message|Lopsidedeyehermit forfeited.\n|\n|win|Quadmaster\n|raw|Quadmaster's rating: 1701 &rarr; <strong>1717</strong><br />(+16 for winning)\n|raw|Lopsidedeyehermit's rating: 1634 &rarr; <strong>1618</strong><br />(-16 for losing)\n|l|☆Lopsidedeyehermit\n|player|p2|\n|l|☆Quadmaster\n|player|p1|\n", "uploadtime": 1771177271, "views": 10, "formatid": "gen9doublesou", "rating": 1618, "private": 0, "password": null}