{"id": "gen9doublesou-2540625634", "format": "[Gen 9] Doubles OU", "players": ["Randaz", "prithalt67"], "log": "|j|☆Randaz\n|j|‽prithalt67\n|t:|1771229698\n|gametype|doubles\n|player|p1|Randaz|giovanni|1594\n|player|p2|prithalt67|n|1561\n|gen|9\n|tier|[Gen 9] Doubles OU\n|rated|\n|rule|HP Percentage Mod: HP is shown in percentages\n|rule|Endless Battle Clause: Forcing endless battles is banned\n|rule|Species Clause: Limit one of each Pokémon\n|rule|OHKO Clause: OHKO moves are banned\n|rule|Evasion Moves Clause: Evasion moves are banned\n|rule|Gravity Sleep Clause: The combination of sleep-inducing moves with imperfect accuracy and Gravity or Gigantamax Orbeetle are banned\n|rule|Evasion Abilities Clause: Evasion abilities are banned\n|clearpoke\n|poke|p1|Sableye, F|\n|poke|p1|Rillaboom, F|\n|poke|p1|Garganacl, M|\n|poke|p1|Glimmora, F|\n|poke|p1|Dragonite, M|\n|poke|p1|Kingambit, F|\n|poke|p2|Chien-Pao|\n|poke|p2|Iron Crown|\n|poke|p2|Rillaboom, F|\n|poke|p2|Dragonite, F|\n|poke|p2|Heatran, F|\n|poke|p2|Amoonguss, M|\n|teampreview\n|inactive|Battle timer is ON: inactive players will automatically lose when time's up. (requested by prithalt67)\n|\n|t:|1771229715\n|teamsize|p1|6\n|teamsize|p2|6\n|start\n|switch|p1a: Caillou|Glimmora, F|100/100\n|switch|p1b: Fairy Beater|Dragonite, M|100/100\n|switch|p2a: Iron Crown|Iron Crown|100/100\n|switch|p2b: Rillaboom|Rillaboom, F|100/100\n|-fieldstart|move: Grassy Terrain|[from] ability: Grassy Surge|[of] p2b: Rillaboom\n|-enditem|p2a: Iron Crown|Booster Energy\n|-activate|p2a: Iron Crown|ability: Quark Drive|[fromitem]\n|-start|p2a: Iron Crown|quarkdrivespa\n|turn|1\n|\n|t:|1771229743\n|move|p2b: Rillaboom|Fake Out|p1a: Caillou\n|-resisted|p1a: Caillou\n|-damage|p1a: Caillou|94/100\n|-activate|p1a: Caillou|ability: Toxic Debris\n|-sidestart|p2: prithalt67|move: Toxic Spikes\n|cant|p1a: Caillou|flinch\n|move|p2a: Iron Crown|Tachyon Cutter|p1a: Caillou\n|-supereffective|p1a: Caillou\n|-crit|p1a: Caillou\n|-damage|p1a: Caillou|0 fnt\n|faint|p1a: Caillou\n|-hitcount|p1: Caillou|1\n|move|p1b: Fairy Beater|Ice Spinner|p2b: Rillaboom\n|-supereffective|p2b: Rillaboom\n|-damage|p2b: Rillaboom|42/100\n|-fieldend|move: Grassy Terrain\n|\n|upkeep\n|\n|t:|1771229747\n|switch|p1a: The Wall|Garganacl, M|100/100\n|turn|2\n|\n|t:|1771229760\n|switch|p2b: Amoonguss|Amoonguss, M|100/100\n|-sideend|p2: prithalt67|move: Toxic Spikes|[of] p2b: Amoonguss\n|-terastallize|p1a: The Wall|Ghost\n|move|p1b: Fairy Beater|Extreme Speed|p2b: Amoonguss\n|-crit|p2b: Amoonguss\n|-damage|p2b: Amoonguss|61/100\n|move|p2a: Iron Crown|Tachyon Cutter|p1b: Fairy Beater\n|-damage|p1b: Fairy Beater|86/100\n|-damage|p1b: Fairy Beater|56/100\n|-hitcount|p1b: Fairy Beater|2\n|move|p1a: The Wall|Salt Cure|p2a: Iron Crown\n|-resisted|p2a: Iron Crown\n|-damage|p2a: Iron Crown|94/100\n|-start|p2a: Iron Crown|Salt Cure\n|\n|-damage|p2a: Iron Crown|70/100|[from] Salt Cure\n|upkeep\n|turn|3\n|\n|t:|1771229781\n|move|p2b: Amoonguss|Rage Powder|p2b: Amoonguss\n|-singleturn|p2b: Amoonguss|move: Rage Powder\n|move|p2a: Iron Crown|Tachyon Cutter|p1b: Fairy Beater\n|-damage|p1b: Fairy Beater|24/100\n|-damage|p1b: Fairy Beater|0 fnt\n|faint|p1b: Fairy Beater\n|-hitcount|p1: Fairy Beater|2\n|move|p1a: The Wall|Iron Defense|p1a: The Wall\n|-boost|p1a: The Wall|def|2\n|\n|-damage|p2a: Iron Crown|45/100|[from] Salt Cure\n|upkeep\n|\n|t:|1771229791\n|switch|p1b: The pranker|Sableye, F, shiny|100/100\n|turn|4\n|\n|t:|1771229798\n|move|p2a: Iron Crown|Protect|p2a: Iron Crown\n|-singleturn|p2a: Iron Crown|Protect\n|move|p1b: The pranker|Fake Out|p2a: Iron Crown\n|-activate|p2a: Iron Crown|move: Protect\n|move|p1a: The Wall|Salt Cure|p2b: Amoonguss\n|-damage|p2b: Amoonguss|50/100\n|-start|p2b: Amoonguss|Salt Cure\n|move|p2b: Amoonguss|Spore|p1b: The pranker\n|-status|p1b: The pranker|slp|[from] move: Spore\n|\n|-damage|p2a: Iron Crown|20/100|[from] Salt Cure\n|-damage|p2b: Amoonguss|37/100|[from] Salt Cure\n|upkeep\n|turn|5\n|\n|t:|1771229828\n|switch|p2b: Rillaboom|Rillaboom, F|42/100\n|-fieldstart|move: Grassy Terrain|[from] ability: Grassy Surge|[of] p2b: Rillaboom\n|cant|p1b: The pranker|slp\n|move|p2a: Iron Crown|Tachyon Cutter|p1b: The pranker\n|-damage|p1b: The pranker|58/100 slp\n|-damage|p1b: The pranker|12/100 slp\n|-hitcount|p1b: The pranker|2\n|move|p1a: The Wall|Salt Cure|p2b: Rillaboom\n|-damage|p2b: Rillaboom|30/100\n|-start|p2b: Rillaboom|Salt Cure\n|\n|-heal|p2a: Iron Crown|26/100|[from] Grassy Terrain\n|-heal|p2b: Rillaboom|36/100|[from] Grassy Terrain\n|-heal|p1b: The pranker|19/100 slp|[from] Grassy Terrain\n|-damage|p2a: Iron Crown|1/100|[from] Salt Cure\n|-damage|p2b: Rillaboom|23/100|[from] Salt Cure\n|upkeep\n|turn|6\n|\n|t:|1771229852\n|move|p2b: Rillaboom|Grassy Glide|p1b: The pranker\n|-damage|p1b: The pranker|0 fnt\n|faint|p1b: The pranker\n|move|p2a: Iron Crown|Tachyon Cutter|p1a: The Wall\n|-damage|p1a: The Wall|76/100\n|-crit|p1a: The Wall\n|-damage|p1a: The Wall|43/100\n|-hitcount|p1a: The Wall|2\n|move|p1a: The Wall|Iron Defense|p1a: The Wall\n|-boost|p1a: The Wall|def|2\n|\n|-heal|p2a: Iron Crown|7/100|[from] Grassy Terrain\n|-heal|p2b: Rillaboom|30/100|[from] Grassy Terrain\n|-heal|p1a: The Wall|49/100|[from] Grassy Terrain\n|-heal|p1a: The Wall|55/100|[from] item: Leftovers\n|-damage|p2a: Iron Crown|0 fnt|[from] Salt Cure\n|faint|p2a: Iron Crown\n|-end|p2a: Iron Crown|Quark Drive|[silent]\n|-damage|p2b: Rillaboom|17/100|[from] Salt Cure\n|upkeep\n|\n|t:|1771229858\n|switch|p2a: Heatran|Heatran, F|100/100\n|switch|p1b: Slide in your dm|Rillaboom, F|100/100\n|turn|7\n|\n|t:|1771229864\n|move|p2a: Heatran|Protect|p2a: Heatran\n|-singleturn|p2a: Heatran|Protect\n|move|p1b: Slide in your dm|Grassy Glide|p2b: Rillaboom\n|-resisted|p2b: Rillaboom\n|-damage|p2b: Rillaboom|0 fnt\n|faint|p2b: Rillaboom\n|move|p1a: The Wall|Body Press|p2a: Heatran\n|-activate|p2a: Heatran|move: Protect\n|\n|-heal|p1a: The Wall|62/100|[from] Grassy Terrain\n|-heal|p1a: The Wall|68/100|[from] item: Leftovers\n|upkeep\n|\n|t:|1771229874\n|switch|p2b: Dragonite|Dragonite, F|100/100\n|turn|8\n|\n|t:|1771229883\n|move|p2b: Dragonite|Haze|p2b: Dragonite\n|-clearallboost\n|move|p1b: Slide in your dm|Knock Off|p2b: Dragonite\n|-damage|p2b: Dragonite|83/100\n|-enditem|p2b: Dragonite|Heavy-Duty Boots|[from] move: Knock Off|[of] p1b: Slide in your dm\n|move|p2a: Heatran|Heat Wave|p1b: Slide in your dm|[spread] p1a,p1b\n|-supereffective|p1b: Slide in your dm\n|-damage|p1a: The Wall|40/100\n|-damage|p1b: Slide in your dm|12/100\n|move|p1a: The Wall|Body Press|p2a: Heatran\n|-supereffective|p2a: Heatran\n|-damage|p2a: Heatran|59/100\n|\n|-heal|p1b: Slide in your dm|19/100|[from] Grassy Terrain\n|-heal|p1b: Slide in your dm|25/100|[from] item: Leftovers\n|-heal|p2a: Heatran|65/100|[from] Grassy Terrain\n|-heal|p2a: Heatran|71/100|[from] item: Leftovers\n|-heal|p1a: The Wall|46/100|[from] Grassy Terrain\n|-heal|p1a: The Wall|52/100|[from] item: Leftovers\n|upkeep\n|turn|9\n|\n|t:|1771229898\n|switch|p2b: Amoonguss|Amoonguss, M|71/100\n|move|p1b: Slide in your dm|Knock Off|p2a: Heatran\n|-damage|p2a: Heatran|40/100\n|-enditem|p2a: Heatran|Leftovers|[from] move: Knock Off|[of] p1b: Slide in your dm\n|move|p2a: Heatran|Heat Wave|p1b: Slide in your dm|[spread] p1a,p1b\n|-supereffective|p1b: Slide in your dm\n|-damage|p1a: The Wall|24/100\n|-damage|p1b: Slide in your dm|0 fnt\n|faint|p1b: Slide in your dm\n|move|p1a: The Wall|Recover|p1a: The Wall\n|-heal|p1a: The Wall|74/100\n|\n|-heal|p2a: Heatran|46/100|[from] Grassy Terrain\n|-heal|p1a: The Wall|80/100|[from] Grassy Terrain\n|-heal|p1a: The Wall|86/100|[from] item: Leftovers\n|-heal|p2b: Amoonguss|77/100|[from] Grassy Terrain\n|-fieldend|move: Grassy Terrain\n|upkeep\n|\n|t:|1771229900\n|switch|p1b: Ozaï|Kingambit, F|100/100\n|-activate|p1b: Ozaï|ability: Supreme Overlord\n|-start|p1b: Ozaï|fallen4|[silent]\n|turn|10\n|\n|t:|1771229912\n|move|p2b: Amoonguss|Rage Powder|p2b: Amoonguss\n|-singleturn|p2b: Amoonguss|move: Rage Powder\n|move|p1b: Ozaï|Sucker Punch||[still]\n|-fail|p1b: Ozaï\n|move|p2a: Heatran|Heat Wave|p1a: The Wall|[spread] p1a,p1b\n|-supereffective|p1b: Ozaï\n|-damage|p1a: The Wall|60/100\n|-damage|p1b: Ozaï|15/100\n|move|p1a: The Wall|Iron Defense|p1a: The Wall\n|-boost|p1a: The Wall|def|2\n|\n|-heal|p1a: The Wall|67/100|[from] item: Leftovers\n|upkeep\n|turn|11\n|\n|t:|1771229925\n|move|p2b: Amoonguss|Rage Powder|p2b: Amoonguss\n|-singleturn|p2b: Amoonguss|move: Rage Powder\n|move|p2a: Heatran|Heat Wave|p1a: The Wall|[spread] p1a,p1b\n|-supereffective|p1b: Ozaï\n|-damage|p1a: The Wall|37/100\n|-damage|p1b: Ozaï|0 fnt\n|faint|p1b: Ozaï\n|-end|p1b: Ozaï|fallen4|[silent]\n|move|p1a: The Wall|Body Press|p2b: Amoonguss\n|-resisted|p2b: Amoonguss\n|-damage|p2b: Amoonguss|55/100\n|\n|-heal|p1a: The Wall|44/100|[from] item: Leftovers\n|upkeep\n|turn|12\n|\n|t:|1771229941\n|move|p2a: Heatran|Protect|p2a: Heatran\n|-singleturn|p2a: Heatran|Protect\n|move|p1a: The Wall|Recover|p1a: The Wall\n|-heal|p1a: The Wall|94/100\n|move|p2b: Amoonguss|Sunny Day|p2b: Amoonguss\n|-weather|SunnyDay\n|\n|-weather|SunnyDay|[upkeep]\n|-heal|p1a: The Wall|99/100|[from] item: Leftovers\n|upkeep\n|turn|13\n|\n|t:|1771229946\n|move|p2b: Amoonguss|Rage Powder|p2b: Amoonguss\n|-singleturn|p2b: Amoonguss|move: Rage Powder\n|move|p2a: Heatran|Heat Wave|p1a: The Wall\n|-damage|p1a: The Wall|42/100\n|move|p1a: The Wall|Body Press|p2b: Amoonguss\n|-resisted|p2b: Amoonguss\n|-damage|p2b: Amoonguss|36/100\n|\n|-weather|SunnyDay|[upkeep]\n|-heal|p1a: The Wall|49/100|[from] item: Leftovers\n|upkeep\n|turn|14\n|\n|t:|1771229953\n|move|p2b: Amoonguss|Rage Powder|p2b: Amoonguss\n|-singleturn|p2b: Amoonguss|move: Rage Powder\n|move|p2a: Heatran|Heat Wave|p1a: The Wall\n|-damage|p1a: The Wall|0 fnt\n|faint|p1a: The Wall\n|\n|win|prithalt67\n|raw|Randaz's rating: 1594 &rarr; <strong>1572</strong><br />(-22 for losing)\n|raw|prithalt67's rating: 1561 &rarr; <strong>1583</strong><br />(+22 for winning)\n|l|☆Randaz\n|player|p1|\n|l|‽prithalt67\n|player|p2|\n", "uploadtime": 1771230272, "views": 14, "formatid": "gen9doublesou", "rating": 1572, "private": 0, "password": null}