{"id": "gen9doublesou-2539945618", "format": "[Gen 9] Doubles OU", "players": ["cesar097600", "DejuRoy"], "log": "|j|☆cesar097600\n|j|☆DejuRoy\n|t:|1771131284\n|gametype|doubles\n|player|p1|cesar097600|ninjaboy|1604\n|player|p2|DejuRoy|mai|1573\n|gen|9\n|tier|[Gen 9] Doubles OU\n|rated|\n|rule|HP Percentage Mod: HP is shown in percentages\n|rule|Endless Battle Clause: Forcing endless battles is banned\n|rule|Species Clause: Limit one of each Pokémon\n|rule|OHKO Clause: OHKO moves are banned\n|rule|Evasion Moves Clause: Evasion moves are banned\n|rule|Gravity Sleep Clause: The combination of sleep-inducing moves with imperfect accuracy and Gravity or Gigantamax Orbeetle are banned\n|rule|Evasion Abilities Clause: Evasion abilities are banned\n|clearpoke\n|poke|p1|Torkoal, M|\n|poke|p1|Roaring Moon|\n|poke|p1|Armarouge, M|\n|poke|p1|Lilligant-Hisui, F|\n|poke|p1|Kingambit, M|\n|poke|p1|Farigiraf, F|\n|poke|p2|Tyranitar, F|\n|poke|p2|Garganacl, M|\n|poke|p2|Glimmora, F|\n|poke|p2|Iron Boulder|\n|poke|p2|Kleavor, M|\n|poke|p2|Ogerpon-Cornerstone, F|\n|teampreview\n|\n|t:|1771131335\n|teamsize|p1|6\n|teamsize|p2|6\n|start\n|switch|p1a: Torkoal|Torkoal, M|100/100\n|switch|p1b: Lilligant|Lilligant-Hisui, F|100/100\n|switch|p2a: Sediman|Garganacl, M|100/100\n|switch|p2b: Light Bub|Glimmora, F, shiny|100/100\n|-weather|SunnyDay|[from] ability: Drought|[of] p1a: Torkoal\n|turn|1\n|\n|t:|1771131359\n|-terastallize|p1a: Torkoal|Fighting\n|move|p2a: Sediman|Wide Guard|p2a: Sediman\n|-singleturn|p2a: Sediman|Wide Guard\n|move|p1b: Lilligant|Close Combat|p2b: Light Bub\n|-damage|p2b: Light Bub|23/100\n|-unboost|p1b: Lilligant|def|1\n|-unboost|p1b: Lilligant|spd|1\n|-activate|p2b: Light Bub|ability: Toxic Debris\n|-sidestart|p1: cesar097600|move: Toxic Spikes\n|move|p2b: Light Bub|Mortal Spin|p1b: Lilligant|[spread] p1a,p1b\n|-supereffective|p1b: Lilligant\n|-damage|p1a: Torkoal|98/100\n|-damage|p1b: Lilligant|79/100\n|-status|p1a: Torkoal|psn\n|-status|p1b: Lilligant|psn\n|move|p1a: Torkoal|Body Press|p2b: Light Bub\n|-damage|p2b: Light Bub|0 fnt\n|-activate|p2b: Light Bub|ability: Toxic Debris\n|-sidestart|p1: cesar097600|move: Toxic Spikes\n|faint|p2b: Light Bub\n|\n|-weather|SunnyDay|[upkeep]\n|-heal|p1a: Torkoal|100/100 psn|[from] item: Leftovers\n|-damage|p1b: Lilligant|67/100 psn|[from] psn\n|-damage|p1a: Torkoal|88/100 psn|[from] psn\n|upkeep\n|\n|t:|1771131373\n|switch|p2b: Copyright Laws|Tyranitar, F|100/100\n|-weather|Sandstorm|[from] ability: Sand Stream|[of] p2b: Copyright Laws\n|turn|2\n|\n|t:|1771131386\n|-terastallize|p2a: Sediman|Fairy\n|move|p2b: Copyright Laws|Rock Slide|p1a: Torkoal|[spread] p1a,p1b\n|-resisted|p1a: Torkoal\n|-resisted|p1b: Lilligant\n|-damage|p1a: Torkoal|77/100 psn\n|-damage|p1b: Lilligant|32/100 psn\n|cant|p1b: Lilligant|flinch\n|move|p2a: Sediman|Body Press|p1a: Torkoal\n|-damage|p1a: Torkoal|62/100 psn\n|cant|p1a: Torkoal|flinch\n|\n|-weather|Sandstorm|[upkeep]\n|-damage|p1b: Lilligant|26/100 psn|[from] Sandstorm\n|-damage|p2a: Sediman|94/100|[from] Sandstorm\n|-damage|p1a: Torkoal|56/100 psn|[from] Sandstorm\n|-heal|p1a: Torkoal|62/100 psn|[from] item: Leftovers\n|-damage|p1b: Lilligant|14/100 psn|[from] psn\n|-damage|p1a: Torkoal|50/100 psn|[from] psn\n|upkeep\n|turn|3\n|\n|t:|1771131402\n|switch|p2b: Cleveland|Kleavor, M|100/100\n|move|p1b: Lilligant|Defog|p2a: Sediman\n|-unboost|p2a: Sediman|evasion|1\n|-sideend|p1: cesar097600|Toxic Spikes|[from] move: Defog|[of] p1b: Lilligant\n|move|p2a: Sediman|Iron Defense|p2a: Sediman\n|-boost|p2a: Sediman|def|2\n|move|p1a: Torkoal|Body Press|p2b: Cleveland\n|-crit|p2b: Cleveland\n|-damage|p2b: Cleveland|18/100\n|\n|-weather|Sandstorm|[upkeep]\n|-damage|p1b: Lilligant|8/100 psn|[from] Sandstorm\n|-damage|p2a: Sediman|88/100|[from] Sandstorm\n|-damage|p1a: Torkoal|44/100 psn|[from] Sandstorm\n|-heal|p1a: Torkoal|50/100 psn|[from] item: Leftovers\n|-damage|p1b: Lilligant|0 fnt|[from] psn\n|faint|p1b: Lilligant\n|-damage|p1a: Torkoal|37/100 psn|[from] psn\n|upkeep\n|\n|t:|1771131411\n|switch|p1b: Kingambit|Kingambit, M|100/100\n|turn|4\n|\n|t:|1771131428\n|switch|p1a: Armarouge|Armarouge, M|100/100\n|move|p1b: Kingambit|Sucker Punch|p2b: Cleveland\n|-damage|p2b: Cleveland|0 fnt\n|faint|p2b: Cleveland\n|move|p2a: Sediman|Body Press|p1b: Kingambit\n|-supereffective|p1b: Kingambit\n|-damage|p1b: Kingambit|0 fnt\n|faint|p1b: Kingambit\n|\n|-weather|Sandstorm|[upkeep]\n|-damage|p1a: Armarouge|94/100|[from] Sandstorm\n|-damage|p2a: Sediman|82/100|[from] Sandstorm\n|upkeep\n|\n|t:|1771131443\n|switch|p2b: Copyright Laws|Tyranitar, F|100/100\n|switch|p1b: Roaring Moon|Roaring Moon|100/100\n|-enditem|p1b: Roaring Moon|Booster Energy\n|-activate|p1b: Roaring Moon|ability: Protosynthesis|[fromitem]\n|-start|p1b: Roaring Moon|protosynthesisspe\n|turn|5\n|\n|t:|1771131460\n|-end|p1b: Roaring Moon|Protosynthesis|[silent]\n|switch|p1b: Torkoal|Torkoal, M, tera:Fighting|37/100 psn\n|-weather|SunnyDay|[from] ability: Drought|[of] p1b: Torkoal\n|move|p2b: Copyright Laws|Rock Slide|p1b: Torkoal|[spread] p1a,p1b\n|-supereffective|p1a: Armarouge\n|-resisted|p1b: Torkoal\n|-damage|p1a: Armarouge|19/100\n|-damage|p1b: Torkoal|26/100 psn\n|-ability|p1a: Armarouge|Weak Armor|boost\n|-unboost|p1a: Armarouge|def|1\n|-boost|p1a: Armarouge|spe|2\n|cant|p1a: Armarouge|flinch\n|move|p2a: Sediman|Salt Cure|p1a: Armarouge\n|-supereffective|p1a: Armarouge\n|-damage|p1a: Armarouge|0 fnt\n|faint|p1a: Armarouge\n|\n|-weather|SunnyDay|[upkeep]\n|-heal|p1b: Torkoal|33/100 psn|[from] item: Leftovers\n|-damage|p1b: Torkoal|20/100 psn|[from] psn\n|upkeep\n|c|☆DejuRoy|im sorry\n|-message|cesar097600 forfeited.\n|\n|win|DejuRoy\n|raw|cesar097600's rating: 1604 &rarr; <strong>1582</strong><br />(-22 for losing)\n|raw|DejuRoy's rating: 1573 &rarr; <strong>1595</strong><br />(+22 for winning)\n|l|☆cesar097600\n|player|p1|\n", "uploadtime": 1771131482, "views": 19, "formatid": "gen9doublesou", "rating": 1582, "private": 0, "password": null}