{"id": "gen9doublesou-2540409787", "format": "[Gen 9] Doubles OU", "players": ["wigglymuk", "BrashRapidos"], "log": "|j|☆wigglymuk\n|j|☆BrashRapidos\n|t:|1771198559\n|gametype|doubles\n|player|p1|wigglymuk|170|1516\n|player|p2|BrashRapidos|pokefan-gen4|1491\n|gen|9\n|tier|[Gen 9] Doubles OU\n|rated|\n|rule|HP Percentage Mod: HP is shown in percentages\n|rule|Endless Battle Clause: Forcing endless battles is banned\n|rule|Species Clause: Limit one of each Pokémon\n|rule|OHKO Clause: OHKO moves are banned\n|rule|Evasion Moves Clause: Evasion moves are banned\n|rule|Gravity Sleep Clause: The combination of sleep-inducing moves with imperfect accuracy and Gravity or Gigantamax Orbeetle are banned\n|rule|Evasion Abilities Clause: Evasion abilities are banned\n|clearpoke\n|poke|p1|Gastrodon, M|\n|poke|p1|Coalossal, F|\n|poke|p1|Dragapult, F|\n|poke|p1|Slowbro, F|\n|poke|p1|Torkoal, M|\n|poke|p1|Venusaur, F|\n|poke|p2|Milotic, M|\n|poke|p2|Incineroar, M|\n|poke|p2|Tornadus, M|\n|poke|p2|Garchomp, F|\n|poke|p2|Amoonguss, M|\n|poke|p2|Iron Hands|\n|teampreview\n|inactive|Battle timer is ON: inactive players will automatically lose when time's up. (requested by wigglymuk)\n|\n|t:|1771198601\n|teamsize|p1|6\n|teamsize|p2|6\n|start\n|switch|p1a: Slowbro|Slowbro, F|100/100\n|switch|p1b: Gastrodon|Gastrodon, M|100/100\n|switch|p2a: Garchomp|Garchomp, F|100/100\n|switch|p2b: Tornadus|Tornadus, M|100/100\n|turn|1\n|\n|t:|1771198629\n|move|p2b: Tornadus|Taunt|p1a: Slowbro\n|-start|p1a: Slowbro|move: Taunt\n|move|p2a: Garchomp|Earthquake|p1b: Gastrodon|[spread] p1a,p1b\n|-immune|p2b: Tornadus\n|-damage|p1a: Slowbro|72/100\n|-damage|p1b: Gastrodon|57/100\n|move|p1b: Gastrodon|Ice Beam|p2a: Garchomp\n|-supereffective|p2a: Garchomp\n|-damage|p2a: Garchomp|0 fnt\n|faint|p2a: Garchomp\n|cant|p1a: Slowbro|move: Taunt|Trick Room\n|\n|upkeep\n|inactive|BrashRapidos has 120 seconds left.\n|\n|t:|1771198649\n|switch|p2a: Iron Hands|Iron Hands|100/100\n|turn|2\n|\n|t:|1771198658\n|move|p2b: Tornadus|Bleakwind Storm|p1b: Gastrodon|[spread] p1a,p1b\n|-damage|p1a: Slowbro|37/100\n|-damage|p1b: Gastrodon|25/100\n|-unboost|p1b: Gastrodon|spe|1\n|move|p2a: Iron Hands|Wild Charge|p1a: Slowbro\n|-supereffective|p1a: Slowbro\n|-damage|p1a: Slowbro|0 fnt\n|faint|p1a: Slowbro\n|-damage|p2a: Iron Hands|93/100|[from] Recoil\n|move|p1b: Gastrodon|Muddy Water|p2a: Iron Hands|[spread] p2a,p2b\n|-damage|p2a: Iron Hands|79/100\n|-damage|p2b: Tornadus|65/100\n|-unboost|p2a: Iron Hands|accuracy|1\n|\n|upkeep\n|\n|t:|1771198675\n|switch|p1a: Venusaur|Venusaur, F|100/100\n|turn|3\n|\n|t:|1771198689\n|switch|p1b: Torkoal|Torkoal, M|100/100\n|-weather|SunnyDay|[from] ability: Drought|[of] p1b: Torkoal\n|move|p1a: Venusaur|Sludge Bomb|p2b: Tornadus\n|-damage|p2b: Tornadus|5/100\n|-damage|p1a: Venusaur|91/100|[from] item: Life Orb\n|move|p2b: Tornadus|Bleakwind Storm|p1a: Venusaur|[spread] p1a\n|-miss|p2b: Tornadus|p1b: Torkoal\n|-supereffective|p1a: Venusaur\n|-damage|p1a: Venusaur|25/100\n|move|p2a: Iron Hands|Volt Switch|p1a: Venusaur|[miss]\n|-miss|p2a: Iron Hands|p1a: Venusaur\n|\n|-weather|SunnyDay|[upkeep]\n|upkeep\n|turn|4\n|inactive|BrashRapidos has 120 seconds left.\n|\n|t:|1771198747\n|switch|p1b: Dragapult|Dragapult, F|100/100\n|move|p2b: Tornadus|Tailwind|p2b: Tornadus\n|-sidestart|p2: BrashRapidos|move: Tailwind\n|move|p1a: Venusaur|Sludge Bomb|p2b: Tornadus\n|-damage|p2b: Tornadus|0 fnt\n|faint|p2b: Tornadus\n|-damage|p1a: Venusaur|15/100|[from] item: Life Orb\n|move|p2a: Iron Hands|Drain Punch|p1b: Dragapult\n|-immune|p1b: Dragapult\n|\n|-weather|SunnyDay|[upkeep]\n|upkeep\n|\n|t:|1771198755\n|switch|p2b: Incineroar|Incineroar, M|100/100\n|-ability|p2b: Incineroar|Intimidate|boost\n|-unboost|p1a: Venusaur|atk|1\n|-fail|p1b: Dragapult|unboost|[from] ability: Clear Body|[of] p1b: Dragapult\n|turn|5\n|\n|t:|1771198760\n|switch|p1a: Coalossal|Coalossal, F|100/100\n|move|p2b: Incineroar|Fake Out|p1a: Coalossal\n|-resisted|p1a: Coalossal\n|-damage|p1a: Coalossal|96/100\n|move|p1b: Dragapult|Surf|p2b: Incineroar|[spread] p1a,p2a,p2b\n|-supereffective|p1a: Coalossal\n|-supereffective|p2b: Incineroar\n|-crit|p2b: Incineroar\n|-damage|p1a: Coalossal|73/100\n|-damage|p2a: Iron Hands|76/100\n|-damage|p2b: Incineroar|85/100\n|-ability|p1a: Coalossal|Steam Engine|boost\n|-boost|p1a: Coalossal|spe|6\n|-enditem|p1a: Coalossal|Weakness Policy\n|-boost|p1a: Coalossal|atk|2|[from] item: Weakness Policy\n|-boost|p1a: Coalossal|spa|2|[from] item: Weakness Policy\n|move|p2a: Iron Hands|Volt Switch|p1a: Coalossal\n|-damage|p1a: Coalossal|62/100\n|\n|t:|1771198771\n|-end|p2a: Iron Hands|Quark Drive|[silent]\n|switch|p2a: Milotic|Milotic, M|100/100|[from] Volt Switch\n|\n|-weather|SunnyDay|[upkeep]\n|upkeep\n|turn|6\n|\n|t:|1771198797\n|move|p1a: Coalossal|Explosion|p2b: Incineroar|[spread] p2a,p2b\n|-immune|p1b: Dragapult\n|-damage|p2a: Milotic|16/100\n|-damage|p2b: Incineroar|9/100\n|-enditem|p2b: Incineroar|Sitrus Berry|[eat]\n|-heal|p2b: Incineroar|33/100|[from] item: Sitrus Berry\n|faint|p1a: Coalossal\n|move|p1b: Dragapult|Light Screen|p1b: Dragapult\n|-sidestart|p1: wigglymuk|move: Light Screen\n|move|p2a: Milotic|Scald|p1b: Dragapult\n|-resisted|p1b: Dragapult\n|-damage|p1b: Dragapult|94/100\n|move|p2b: Incineroar|Knock Off|p1b: Dragapult\n|-supereffective|p1b: Dragapult\n|-damage|p1b: Dragapult|1/100\n|-enditem|p1b: Dragapult|Light Clay|[from] move: Knock Off|[of] p2b: Incineroar\n|\n|-weather|SunnyDay|[upkeep]\n|-heal|p2a: Milotic|22/100|[from] item: Leftovers\n|upkeep\n|inactive|wigglymuk has 120 seconds left.\n|\n|t:|1771198809\n|switch|p1a: Venusaur|Venusaur, F|15/100\n|turn|7\n|\n|t:|1771198818\n|move|p1a: Venusaur|Sludge Bomb|p2b: Incineroar\n|-damage|p2b: Incineroar|0 fnt\n|faint|p2b: Incineroar\n|-damage|p1a: Venusaur|5/100|[from] item: Life Orb\n|move|p1b: Dragapult|Dragon Darts|p2a: Milotic\n|-damage|p2a: Milotic|5/100\n|-anim|p1b: Dragapult|Dragon Darts|p2a: Milotic\n|-damage|p2a: Milotic|0 fnt\n|faint|p2a: Milotic\n|\n|-weather|none\n|-sideend|p2: BrashRapidos|move: Tailwind\n|upkeep\n|\n|t:|1771198821\n|switch|p2a: Amoonguss|Amoonguss, M|100/100\n|switch|p2b: Iron Hands|Iron Hands|76/100\n|turn|8\n|\n|t:|1771198842\n|move|p1a: Venusaur|Protect|p1a: Venusaur\n|-singleturn|p1a: Venusaur|Protect\n|move|p2b: Iron Hands|Fake Out|p1a: Venusaur\n|-activate|p1a: Venusaur|move: Protect\n|move|p1b: Dragapult|Reflect|p1b: Dragapult\n|-sidestart|p1: wigglymuk|Reflect\n|move|p2a: Amoonguss|Pollen Puff|p1b: Dragapult\n|-resisted|p1b: Dragapult\n|-damage|p1b: Dragapult|0 fnt\n|faint|p1b: Dragapult\n|\n|upkeep\n|\n|t:|1771198850\n|switch|p1b: Torkoal|Torkoal, M|100/100\n|-weather|SunnyDay|[from] ability: Drought|[of] p1b: Torkoal\n|turn|9\n|\n|t:|1771198864\n|move|p2a: Amoonguss|Rage Powder|p2a: Amoonguss\n|-singleturn|p2a: Amoonguss|move: Rage Powder\n|move|p1a: Venusaur|Solar Beam||[still]\n|-prepare|p1a: Venusaur|Solar Beam\n|-anim|p1a: Venusaur|Solar Beam|p2b: Iron Hands\n|-damage|p2b: Iron Hands|39/100\n|-damage|p1a: Venusaur|0 fnt|[from] item: Life Orb\n|faint|p1a: Venusaur\n|move|p2b: Iron Hands|Drain Punch|p1b: Torkoal\n|-damage|p1b: Torkoal|77/100\n|-heal|p2b: Iron Hands|48/100|[from] drain|[of] p1b: Torkoal\n|move|p1b: Torkoal|Eruption|p2b: Iron Hands|[spread] p2a,p2b\n|-supereffective|p2a: Amoonguss\n|-damage|p2a: Amoonguss|4/100\n|-damage|p2b: Iron Hands|21/100\n|\n|-weather|SunnyDay|[upkeep]\n|upkeep\n|\n|t:|1771198875\n|switch|p1a: Gastrodon|Gastrodon, M|25/100\n|turn|10\n|\n|t:|1771198889\n|move|p2b: Iron Hands|Drain Punch|p1a: Gastrodon\n|-damage|p1a: Gastrodon|0 fnt\n|-heal|p2b: Iron Hands|33/100|[from] drain|[of] p1a: Gastrodon\n|faint|p1a: Gastrodon\n|move|p2a: Amoonguss|Pollen Puff|p2b: Iron Hands\n|-heal|p2b: Iron Hands|83/100\n|move|p1b: Torkoal|Flamethrower|p2b: Iron Hands\n|-damage|p2b: Iron Hands|53/100\n|\n|-weather|SunnyDay|[upkeep]\n|upkeep\n|turn|11\n|\n|t:|1771198900\n|move|p2b: Iron Hands|Drain Punch|p1b: Torkoal\n|-damage|p1b: Torkoal|54/100\n|-heal|p2b: Iron Hands|62/100|[from] drain|[of] p1b: Torkoal\n|move|p2a: Amoonguss|Spore|p1b: Torkoal\n|-status|p1b: Torkoal|slp|[from] move: Spore\n|cant|p1b: Torkoal|slp\n|\n|-weather|SunnyDay|[upkeep]\n|upkeep\n|turn|12\n|-message|wigglymuk forfeited.\n|\n|win|BrashRapidos\n|raw|wigglymuk's rating: 1531 &rarr; <strong>1509</strong><br />(-22 for losing)\n|raw|BrashRapidos's rating: 1491 &rarr; <strong>1513</strong><br />(+22 for winning)\n|l|☆wigglymuk\n|player|p1|\n|l|☆BrashRapidos\n|player|p2|\n", "uploadtime": 1771199291, "views": 14, "formatid": "gen9doublesou", "rating": 1509, "private": 0, "password": null}