{"id": "gen9doublesou-2539932984", "format": "[Gen 9] Doubles OU", "players": ["ColorJeu", "Rayred30"], "log": "|j|☆ColorJeu\n|j|☆Rayred30\n|t:|1771129259\n|gametype|doubles\n|player|p1|ColorJeu|266|1522\n|player|p2|Rayred30|ghetsis-gen5bw|1558\n|gen|9\n|tier|[Gen 9] Doubles OU\n|rated|\n|rule|HP Percentage Mod: HP is shown in percentages\n|rule|Endless Battle Clause: Forcing endless battles is banned\n|rule|Species Clause: Limit one of each Pokémon\n|rule|OHKO Clause: OHKO moves are banned\n|rule|Evasion Moves Clause: Evasion moves are banned\n|rule|Gravity Sleep Clause: The combination of sleep-inducing moves with imperfect accuracy and Gravity or Gigantamax Orbeetle are banned\n|rule|Evasion Abilities Clause: Evasion abilities are banned\n|clearpoke\n|poke|p1|Pelipper, M|\n|poke|p1|Volcanion|\n|poke|p1|Walking Wake|\n|poke|p1|Chien-Pao|\n|poke|p1|Ogerpon-Wellspring, F|\n|poke|p1|Primarina, M|\n|poke|p2|Kingambit, M|\n|poke|p2|Incineroar, F|\n|poke|p2|Farigiraf, F|\n|poke|p2|Sinistcha-Masterpiece|\n|poke|p2|Rhyperior, M|\n|poke|p2|Volcanion|\n|teampreview\n|inactive|Battle timer is ON: inactive players will automatically lose when time's up. (requested by ColorJeu)\n|\n|t:|1771129297\n|teamsize|p1|6\n|teamsize|p2|6\n|start\n|switch|p1a: Chien-Pao|Chien-Pao|100/100\n|switch|p1b: Pelipper|Pelipper, M|100/100\n|switch|p2a: Farigiraf|Farigiraf, F, shiny|100/100\n|switch|p2b: Incineroar|Incineroar, F, shiny|100/100\n|-ability|p1a: Chien-Pao|Sword of Ruin\n|-weather|RainDance|[from] ability: Drizzle|[of] p1b: Pelipper\n|-ability|p2b: Incineroar|Intimidate|boost\n|-unboost|p1a: Chien-Pao|atk|1\n|-unboost|p1b: Pelipper|atk|1\n|turn|1\n|\n|t:|1771129306\n|move|p1a: Chien-Pao|Protect|p1a: Chien-Pao\n|-singleturn|p1a: Chien-Pao|Protect\n|move|p2b: Incineroar|Fake Out|p1a: Chien-Pao\n|-activate|p1a: Chien-Pao|move: Protect\n|move|p1b: Pelipper|Surf|p2b: Incineroar|[spread] p2a,p2b\n|-activate|p1a: Chien-Pao|move: Protect\n|-supereffective|p2b: Incineroar\n|-damage|p2a: Farigiraf|77/100\n|-damage|p2b: Incineroar|35/100\n|-enditem|p2b: Incineroar|Sitrus Berry|[eat]\n|-heal|p2b: Incineroar|60/100|[from] item: Sitrus Berry\n|move|p2a: Farigiraf|Trick Room|p2a: Farigiraf\n|-fieldstart|move: Trick Room|[of] p2a: Farigiraf\n|\n|-weather|RainDance|[upkeep]\n|upkeep\n|turn|2\n|\n|t:|1771129322\n|move|p2b: Incineroar|Knock Off|p1a: Chien-Pao\n|-resisted|p1a: Chien-Pao\n|-damage|p1a: Chien-Pao|68/100\n|-enditem|p1a: Chien-Pao|Focus Sash|[from] move: Knock Off|[of] p2b: Incineroar\n|move|p2a: Farigiraf|Hyper Voice|p1a: Chien-Pao|[spread] p1a,p1b\n|-damage|p1a: Chien-Pao|29/100\n|-damage|p1b: Pelipper|70/100\n|-enditem|p2a: Farigiraf|Throat Spray\n|-boost|p2a: Farigiraf|spa|1|[from] item: Throat Spray\n|move|p1b: Pelipper|Hurricane|p2b: Incineroar\n|-damage|p2b: Incineroar|28/100\n|move|p1a: Chien-Pao|Sacred Sword|p2b: Incineroar\n|-supereffective|p2b: Incineroar\n|-damage|p2b: Incineroar|0 fnt\n|faint|p2b: Incineroar\n|\n|-weather|RainDance|[upkeep]\n|upkeep\n|\n|t:|1771129329\n|switch|p2b: Rhyperior|Rhyperior, M, shiny|100/100\n|turn|3\n|\n|t:|1771129340\n|move|p1a: Chien-Pao|Sucker Punch||[still]\n|cant|p2a: Farigiraf|ability: Armor Tail|Sucker Punch|[of] p1a: Chien-Pao\n|move|p2b: Rhyperior|Rock Slide|p1a: Chien-Pao|[spread] p1a,p1b\n|-supereffective|p1a: Chien-Pao\n|-supereffective|p1b: Pelipper\n|-crit|p1b: Pelipper\n|-damage|p1a: Chien-Pao|0 fnt\n|-damage|p1b: Pelipper|0 fnt\n|faint|p1a: Chien-Pao\n|faint|p1b: Pelipper\n|move|p2a: Farigiraf|Hyper Voice|p1: Chien-Pao|[notarget]\n|-fail|p2a: Farigiraf\n|\n|-weather|RainDance|[upkeep]\n|upkeep\n|\n|t:|1771129351\n|switch|p1b: Volcanion|Volcanion|100/100\n|switch|p1a: Primarina|Primarina, M, shiny|100/100\n|turn|4\n|\n|t:|1771129364\n|-terastallize|p2b: Rhyperior|Grass\n|move|p2b: Rhyperior|Tera Blast|p1a: Primarina|[anim] Tera Blast Grass\n|-supereffective|p1a: Primarina\n|-damage|p1a: Primarina|0 fnt\n|faint|p1a: Primarina\n|move|p2a: Farigiraf|Hyper Voice|p1b: Volcanion\n|-damage|p1b: Volcanion|65/100\n|move|p1b: Volcanion|Steam Eruption|p2a: Farigiraf\n|-damage|p2a: Farigiraf|14/100\n|-status|p2a: Farigiraf|brn\n|\n|-weather|RainDance|[upkeep]\n|-damage|p2a: Farigiraf|7/100 brn|[from] brn\n|upkeep\n|\n|t:|1771129372\n|switch|p1a: Walking Wake|Walking Wake|100/100\n|-enditem|p1a: Walking Wake|Booster Energy\n|-activate|p1a: Walking Wake|ability: Protosynthesis|[fromitem]\n|-start|p1a: Walking Wake|protosynthesisspa\n|turn|5\n|\n|t:|1771129378\n|switch|p1b: Ogerpon|Ogerpon-Wellspring, F|100/100\n|move|p1a: Walking Wake|Protect|p1a: Walking Wake\n|-singleturn|p1a: Walking Wake|Protect\n|move|p2b: Rhyperior|High Horsepower|p1b: Ogerpon\n|-resisted|p1b: Ogerpon\n|-damage|p1b: Ogerpon|71/100\n|move|p2a: Farigiraf|Dazzling Gleam|p1b: Ogerpon|[spread] p1b\n|-activate|p1a: Walking Wake|move: Protect\n|-damage|p1b: Ogerpon|49/100\n|\n|-weather|none\n|-damage|p2a: Farigiraf|1/100 brn|[from] brn\n|-fieldend|move: Trick Room\n|upkeep\n|turn|6\n|\n|t:|1771129396\n|move|p1b: Ogerpon|Ivy Cudgel|p2b: Rhyperior|[anim] Ivy Cudgel Water\n|-resisted|p2b: Rhyperior\n|-crit|p2b: Rhyperior\n|-damage|p2b: Rhyperior|74/100\n|move|p1a: Walking Wake|Surf|p2a: Farigiraf|[spread] p2a,p2b\n|-heal|p1b: Ogerpon|73/100|[from] ability: Water Absorb|[of] p1a: Walking Wake\n|-resisted|p2b: Rhyperior\n|-damage|p2a: Farigiraf|0 fnt\n|-damage|p2b: Rhyperior|41/100\n|faint|p2a: Farigiraf\n|move|p2b: Rhyperior|Rock Slide|p1b: Ogerpon|[spread] p1a,p1b\n|-damage|p1a: Walking Wake|67/100\n|-damage|p1b: Ogerpon|38/100\n|\n|upkeep\n|\n|t:|1771129406\n|switch|p2a: Sinistcha|Sinistcha-Masterpiece, shiny|100/100\n|-heal|p2b: Rhyperior|66/100|[from] ability: Hospitality|[of] p2a: Sinistcha\n|turn|7\n|inactive|ColorJeu has 120 seconds left.\n|\n|t:|1771129449\n|move|p1b: Ogerpon|Ivy Cudgel|p2b: Rhyperior|[anim] Ivy Cudgel Water\n|-resisted|p2b: Rhyperior\n|-damage|p2b: Rhyperior|49/100\n|move|p1a: Walking Wake|Surf|p2b: Rhyperior|[spread] p2a,p2b\n|-heal|p1b: Ogerpon|63/100|[from] ability: Water Absorb|[of] p1a: Walking Wake\n|-resisted|p2a: Sinistcha\n|-resisted|p2b: Rhyperior\n|-damage|p2a: Sinistcha|70/100\n|-damage|p2b: Rhyperior|20/100\n|move|p2b: Rhyperior|Rock Slide|p1b: Ogerpon|[spread] p1a,p1b\n|-crit|p1b: Ogerpon\n|-damage|p1a: Walking Wake|30/100\n|-damage|p1b: Ogerpon|6/100\n|move|p2a: Sinistcha|Trick Room|p2a: Sinistcha\n|-fieldstart|move: Trick Room|[of] p2a: Sinistcha\n|\n|-heal|p2a: Sinistcha|76/100|[from] item: Leftovers\n|upkeep\n|turn|8\n|inactive|ColorJeu has 120 seconds left.\n|inactive|Rayred30 has 120 seconds left.\n|inactive|Rayred30 has 90 seconds left.\n|\n|t:|1771129534\n|move|p1b: Ogerpon|Spiky Shield|p1b: Ogerpon\n|-singleturn|p1b: Ogerpon|move: Protect\n|move|p2b: Rhyperior|Rock Slide|p1a: Walking Wake|[spread] p1a\n|-activate|p1b: Ogerpon|move: Protect\n|-damage|p1a: Walking Wake|0 fnt\n|faint|p1a: Walking Wake\n|-end|p1a: Walking Wake|Protosynthesis|[silent]\n|move|p2a: Sinistcha|Calm Mind|p2a: Sinistcha\n|-boost|p2a: Sinistcha|spa|1\n|-boost|p2a: Sinistcha|spd|1\n|\n|-heal|p2a: Sinistcha|82/100|[from] item: Leftovers\n|upkeep\n|\n|t:|1771129540\n|switch|p1a: Volcanion|Volcanion|65/100\n|turn|9\n|\n|t:|1771129553\n|-terastallize|p1a: Volcanion|Ground\n|move|p1b: Ogerpon|Spiky Shield|p1b: Ogerpon\n|-singleturn|p1b: Ogerpon|move: Protect\n|move|p2b: Rhyperior|High Horsepower|p1a: Volcanion\n|-damage|p1a: Volcanion|22/100\n|move|p2a: Sinistcha|Matcha Gotcha|p1a: Volcanion|[spread] p1a\n|-activate|p1b: Ogerpon|move: Protect\n|-supereffective|p1a: Volcanion\n|-damage|p1a: Volcanion|0 fnt\n|-heal|p2a: Sinistcha|93/100|[from] drain|[of] p1a: Volcanion\n|faint|p1a: Volcanion\n|\n|-heal|p2a: Sinistcha|99/100|[from] item: Leftovers\n|upkeep\n|turn|10\n|inactive|Rayred30 has 120 seconds left.\n|-message|ColorJeu forfeited.\n|\n|win|Rayred30\n|raw|ColorJeu's rating: 1522 &rarr; <strong>1504</strong><br />(-18 for losing)\n|raw|Rayred30's rating: 1558 &rarr; <strong>1576</strong><br />(+18 for winning)\n|l|☆ColorJeu\n|player|p1|\n|l|☆Rayred30\n|player|p2|\n", "uploadtime": 1771129843, "views": 18, "formatid": "gen9doublesou", "rating": 1504, "private": 0, "password": null}