{"id": "gen9doublesou-2540407121", "format": "[Gen 9] Doubles OU", "players": ["Maurinhos", "satasfactor"], "log": "|j|☆Maurinhos\n|j|☆satasfactor\n|t:|1771198231\n|gametype|doubles\n|player|p1|Maurinhos|170|1520\n|player|p2|satasfactor|lacey|1565\n|gen|9\n|tier|[Gen 9] Doubles OU\n|rated|\n|rule|HP Percentage Mod: HP is shown in percentages\n|rule|Endless Battle Clause: Forcing endless battles is banned\n|rule|Species Clause: Limit one of each Pokémon\n|rule|OHKO Clause: OHKO moves are banned\n|rule|Evasion Moves Clause: Evasion moves are banned\n|rule|Gravity Sleep Clause: The combination of sleep-inducing moves with imperfect accuracy and Gravity or Gigantamax Orbeetle are banned\n|rule|Evasion Abilities Clause: Evasion abilities are banned\n|clearpoke\n|poke|p1|Keldeo|\n|poke|p1|Politoed, F|\n|poke|p1|Gyarados, M|\n|poke|p1|Raikou|\n|poke|p1|Baxcalibur, M|\n|poke|p1|Kleavor, F|\n|poke|p2|Okidogi, M|\n|poke|p2|Incineroar, F|\n|poke|p2|Sinistcha|\n|poke|p2|Kingambit, M|\n|poke|p2|Landorus, M|\n|poke|p2|Houndstone, F|\n|teampreview\n|\n|t:|1771198255\n|teamsize|p1|6\n|teamsize|p2|6\n|start\n|switch|p1a: Kleavor|Kleavor, F|100/100\n|switch|p1b: Politoed|Politoed, F|100/100\n|switch|p2a: Okidogi|Okidogi, M|100/100\n|switch|p2b: Incineroar|Incineroar, F|100/100\n|-weather|RainDance|[from] ability: Drizzle|[of] p1b: Politoed\n|-ability|p2b: Incineroar|Intimidate|boost\n|-unboost|p1a: Kleavor|atk|1\n|-unboost|p1b: Politoed|atk|1\n|turn|1\n|inactive|Battle timer is ON: inactive players will automatically lose when time's up. (requested by Maurinhos)\n|\n|t:|1771198279\n|move|p2b: Incineroar|Fake Out|p1b: Politoed\n|-damage|p1b: Politoed|89/100\n|move|p1a: Kleavor|Stone Axe|p2b: Incineroar\n|-supereffective|p2b: Incineroar\n|-damage|p2b: Incineroar|44/100\n|-sidestart|p2: satasfactor|move: Stealth Rock\n|move|p2a: Okidogi|Bulk Up|p2a: Okidogi\n|-boost|p2a: Okidogi|atk|1\n|-boost|p2a: Okidogi|def|1\n|cant|p1b: Politoed|flinch\n|\n|-weather|RainDance|[upkeep]\n|upkeep\n|turn|2\n|\n|t:|1771198301\n|switch|p1a: Gyarados|Gyarados, M|100/100\n|-ability|p1a: Gyarados|Intimidate|boost\n|-ability|p2a: Okidogi|Guard Dog|boost\n|-boost|p2a: Okidogi|atk|1\n|-unboost|p2b: Incineroar|atk|1\n|move|p2a: Okidogi|Bulk Up|p2a: Okidogi\n|-boost|p2a: Okidogi|atk|1\n|-boost|p2a: Okidogi|def|1\n|move|p1b: Politoed|Earth Power|p2a: Okidogi\n|-supereffective|p2a: Okidogi\n|-damage|p2a: Okidogi|59/100\n|move|p2b: Incineroar|Parting Shot|p1a: Gyarados\n|-unboost|p1a: Gyarados|atk|1\n|-unboost|p1a: Gyarados|spa|1\n|\n|t:|1771198315\n|switch|p2b: Sinistcha|Sinistcha|100/100|[from] Parting Shot\n|-damage|p2b: Sinistcha|88/100|[from] Stealth Rock\n|-heal|p2a: Okidogi|84/100|[from] ability: Hospitality|[of] p2b: Sinistcha\n|\n|-weather|RainDance|[upkeep]\n|-heal|p2a: Okidogi|90/100|[from] item: Leftovers\n|upkeep\n|turn|3\n|\n|t:|1771198335\n|-terastallize|p2a: Okidogi|Ghost\n|move|p1a: Gyarados|Crunch|p2b: Sinistcha\n|-supereffective|p2b: Sinistcha\n|-damage|p2b: Sinistcha|48/100\n|-enditem|p2b: Sinistcha|Sitrus Berry|[eat]\n|-heal|p2b: Sinistcha|73/100|[from] item: Sitrus Berry\n|move|p2a: Okidogi|Drain Punch|p1b: Politoed\n|-damage|p1b: Politoed|0 fnt\n|-heal|p2a: Okidogi|100/100|[from] drain|[of] p1b: Politoed\n|faint|p1b: Politoed\n|move|p2b: Sinistcha|Matcha Gotcha|p1a: Gyarados|[miss]\n|-miss|p2b: Sinistcha|p1a: Gyarados\n|\n|-weather|RainDance|[upkeep]\n|upkeep\n|\n|t:|1771198357\n|switch|p1b: Raikou|Raikou|100/100\n|turn|4\n|\n|t:|1771198371\n|switch|p2b: Incineroar|Incineroar, F|44/100\n|-damage|p2b: Incineroar|19/100|[from] Stealth Rock\n|-ability|p2b: Incineroar|Intimidate|boost\n|-unboost|p1a: Gyarados|atk|1\n|-fail|p1b: Raikou|unboost|Attack|[from] ability: Inner Focus|[of] p1b: Raikou\n|move|p2a: Okidogi|Protect|p2a: Okidogi\n|-singleturn|p2a: Okidogi|Protect\n|move|p1b: Raikou|Thunder|p2a: Okidogi\n|-activate|p2a: Okidogi|move: Protect\n|move|p1a: Gyarados|Crunch|p2b: Incineroar\n|-resisted|p2b: Incineroar\n|-damage|p2b: Incineroar|14/100\n|\n|-weather|RainDance|[upkeep]\n|upkeep\n|turn|5\n|\n|t:|1771198393\n|move|p2b: Incineroar|Fake Out|p1a: Gyarados\n|-damage|p1a: Gyarados|86/100\n|move|p1b: Raikou|Reflect|p1b: Raikou\n|-sidestart|p1: Maurinhos|Reflect\n|cant|p1a: Gyarados|flinch\n|move|p2a: Okidogi|Drain Punch|p1b: Raikou\n|-damage|p1b: Raikou|22/100\n|\n|-weather|RainDance|[upkeep]\n|upkeep\n|turn|6\n|\n|t:|1771198414\n|move|p1b: Raikou|Thunder|p2a: Okidogi\n|-damage|p2a: Okidogi|59/100\n|move|p1a: Gyarados|Waterfall|p2b: Incineroar\n|-supereffective|p2b: Incineroar\n|-damage|p2b: Incineroar|0 fnt\n|faint|p2b: Incineroar\n|move|p2a: Okidogi|Poison Jab|p1a: Gyarados\n|-damage|p1a: Gyarados|3/100\n|\n|-weather|RainDance|[upkeep]\n|-heal|p2a: Okidogi|65/100|[from] item: Leftovers\n|upkeep\n|\n|t:|1771198425\n|switch|p2b: Sinistcha|Sinistcha|73/100\n|-damage|p2b: Sinistcha|60/100|[from] Stealth Rock\n|-heal|p2a: Okidogi|90/100|[from] ability: Hospitality|[of] p2b: Sinistcha\n|turn|7\n|\n|t:|1771198442\n|move|p2a: Okidogi|Protect|p2a: Okidogi\n|-singleturn|p2a: Okidogi|Protect\n|move|p1b: Raikou|Snarl|p2b: Sinistcha|[spread] p2b\n|-activate|p2a: Okidogi|move: Protect\n|-supereffective|p2b: Sinistcha\n|-damage|p2b: Sinistcha|34/100\n|-unboost|p2b: Sinistcha|spa|1\n|move|p1a: Gyarados|Crunch|p2b: Sinistcha\n|-supereffective|p2b: Sinistcha\n|-damage|p2b: Sinistcha|3/100\n|-unboost|p2b: Sinistcha|def|1\n|move|p2b: Sinistcha|Matcha Gotcha|p1b: Raikou|[spread] p1a,p1b\n|-damage|p1a: Gyarados|0 fnt\n|-heal|p2b: Sinistcha|4/100|[from] drain|[of] p1a: Gyarados\n|-damage|p1b: Raikou|2/100\n|-heal|p2b: Sinistcha|13/100|[from] drain|[of] p1b: Raikou\n|-status|p1b: Raikou|brn\n|faint|p1a: Gyarados\n|\n|-weather|RainDance|[upkeep]\n|-heal|p2a: Okidogi|97/100|[from] item: Leftovers\n|-damage|p1b: Raikou|0 fnt|[from] brn\n|faint|p1b: Raikou\n|upkeep\n|inactive|Maurinhos has 120 seconds left.\n|\n|t:|1771198487\n|switch|p1b: Kleavor|Kleavor, F|100/100\n|switch|p1a: Keldeo|Keldeo|100/100\n|turn|8\n|\n|t:|1771198512\n|move|p2b: Sinistcha|Rage Powder|p2b: Sinistcha\n|-singleturn|p2b: Sinistcha|move: Rage Powder\n|move|p1a: Keldeo|Muddy Water|p2b: Sinistcha|[spread] p2a,p2b\n|-resisted|p2b: Sinistcha\n|-damage|p2a: Okidogi|54/100\n|-damage|p2b: Sinistcha|0 fnt\n|-unboost|p2a: Okidogi|accuracy|1\n|faint|p2b: Sinistcha\n|move|p1b: Kleavor|Stone Axe|p2a: Okidogi\n|-damage|p2a: Okidogi|34/100\n|move|p2a: Okidogi|Drain Punch|p1a: Keldeo\n|-damage|p1a: Keldeo|37/100\n|-heal|p2a: Okidogi|62/100|[from] drain|[of] p1a: Keldeo\n|\n|-weather|none\n|-heal|p2a: Okidogi|68/100|[from] item: Leftovers\n|upkeep\n|inactive|satasfactor has 120 seconds left.\n|\n|t:|1771198539\n|switch|p2b: Kingambit|Kingambit, M|100/100\n|-damage|p2b: Kingambit|94/100|[from] Stealth Rock\n|-activate|p2b: Kingambit|ability: Supreme Overlord\n|-start|p2b: Kingambit|fallen2|[silent]\n|turn|9\n|\n|t:|1771198553\n|move|p2a: Okidogi|Protect|p2a: Okidogi\n|-singleturn|p2a: Okidogi|Protect\n|move|p2b: Kingambit|Protect|p2b: Kingambit\n|-singleturn|p2b: Kingambit|Protect\n|move|p1a: Keldeo|Aura Sphere|p2b: Kingambit\n|-activate|p2b: Kingambit|move: Protect\n|move|p1b: Kleavor|Close Combat|p2b: Kingambit\n|-activate|p2b: Kingambit|move: Protect\n|\n|-heal|p2a: Okidogi|74/100|[from] item: Leftovers\n|upkeep\n|turn|10\n|\n|t:|1771198577\n|-end|p2b: Kingambit|fallen2|[silent]\n|switch|p2b: Houndstone|Houndstone, F|100/100\n|-damage|p2b: Houndstone|88/100|[from] Stealth Rock\n|move|p1a: Keldeo|Aura Sphere|p2b: Houndstone\n|-immune|p2b: Houndstone\n|move|p1b: Kleavor|Stone Axe|p2a: Okidogi\n|-damage|p2a: Okidogi|52/100\n|move|p2a: Okidogi|Drain Punch|p1a: Keldeo\n|-damage|p1a: Keldeo|0 fnt\n|-heal|p2a: Okidogi|68/100|[from] drain|[of] p1a: Keldeo\n|faint|p1a: Keldeo\n|\n|-heal|p2a: Okidogi|74/100|[from] item: Leftovers\n|upkeep\n|\n|t:|1771198588\n|switch|p1a: Baxcalibur|Baxcalibur, M|100/100\n|turn|11\n|\n|t:|1771198608\n|move|p1b: Kleavor|Stone Axe|p2b: Houndstone\n|-damage|p2b: Houndstone|59/100\n|move|p1a: Baxcalibur|Dragon Dance|p1a: Baxcalibur\n|-boost|p1a: Baxcalibur|atk|1\n|-boost|p1a: Baxcalibur|spe|1\n|move|p2a: Okidogi|Drain Punch|p1a: Baxcalibur\n|-supereffective|p1a: Baxcalibur\n|-damage|p1a: Baxcalibur|0 fnt\n|-heal|p2a: Okidogi|100/100|[from] drain|[of] p1a: Baxcalibur\n|faint|p1a: Baxcalibur\n|move|p2b: Houndstone|Last Respects|p1b: Kleavor\n|-damage|p1b: Kleavor|28/100\n|\n|upkeep\n|turn|12\n|-message|Maurinhos forfeited.\n|\n|win|satasfactor\n|raw|Maurinhos's rating: 1520 &rarr; <strong>1503</strong><br />(-17 for losing)\n|raw|satasfactor's rating: 1565 &rarr; <strong>1582</strong><br />(+17 for winning)\n|l|☆Maurinhos\n|player|p1|\n|l|☆satasfactor\n|player|p2|\n", "uploadtime": 1771199016, "views": 11, "formatid": "gen9doublesou", "rating": 1503, "private": 0, "password": null}