{"id": "gen9doublesou-2540876529", "format": "[Gen 9] Doubles OU", "players": ["AwesomeBD1909", "commonblue"], "log": "|j|☆AwesomeBD1909\n|j|☆commonblue\n|t:|1771263033\n|gametype|doubles\n|player|p1|AwesomeBD1909|n|1584\n|player|p2|commonblue|2|1636\n|gen|9\n|tier|[Gen 9] Doubles OU\n|rated|\n|rule|HP Percentage Mod: HP is shown in percentages\n|rule|Endless Battle Clause: Forcing endless battles is banned\n|rule|Species Clause: Limit one of each Pokémon\n|rule|OHKO Clause: OHKO moves are banned\n|rule|Evasion Moves Clause: Evasion moves are banned\n|rule|Gravity Sleep Clause: The combination of sleep-inducing moves with imperfect accuracy and Gravity or Gigantamax Orbeetle are banned\n|rule|Evasion Abilities Clause: Evasion abilities are banned\n|clearpoke\n|poke|p1|Ting-Lu|\n|poke|p1|Glimmora, F|\n|poke|p1|Dragonite, F|\n|poke|p1|Gouging Fire|\n|poke|p1|Ogerpon-Wellspring, F|\n|poke|p1|Chien-Pao|\n|poke|p2|Ursaluna, F|\n|poke|p2|Cresselia, F|\n|poke|p2|Incineroar, F|\n|poke|p2|Chien-Pao|\n|poke|p2|Raging Bolt|\n|poke|p2|Diancie|\n|teampreview\n|inactive|Battle timer is ON: inactive players will automatically lose when time's up. (requested by AwesomeBD1909)\n|\n|t:|1771263053\n|teamsize|p1|6\n|teamsize|p2|6\n|start\n|switch|p1a: Ting-Lu|Ting-Lu|100/100\n|switch|p1b: Glimmora|Glimmora, F|100/100\n|switch|p2a: Ursaluna|Ursaluna, F|100/100\n|switch|p2b: Cresselia|Cresselia, F|100/100\n|-ability|p1a: Ting-Lu|Vessel of Ruin\n|turn|1\n|\n|t:|1771263077\n|move|p1b: Glimmora|Mortal Spin|p2b: Cresselia|[spread] p2a,p2b\n|-resisted|p2a: Ursaluna\n|-damage|p2a: Ursaluna|99/100\n|-damage|p2b: Cresselia|98/100\n|-status|p2a: Ursaluna|psn\n|move|p1a: Ting-Lu|Stealth Rock|p2a: Ursaluna\n|-sidestart|p2: commonblue|move: Stealth Rock\n|move|p2a: Ursaluna|Earthquake|p1b: Glimmora|[spread] p1a,p1b\n|-immune|p2b: Cresselia|[from] ability: Levitate\n|-supereffective|p1b: Glimmora\n|-damage|p1a: Ting-Lu|63/100\n|-enditem|p1b: Glimmora|Focus Sash\n|-damage|p1b: Glimmora|1/100\n|-activate|p1b: Glimmora|ability: Toxic Debris\n|-sidestart|p2: commonblue|move: Toxic Spikes\n|move|p2b: Cresselia|Trick Room|p2b: Cresselia\n|-fieldstart|move: Trick Room|[of] p2b: Cresselia\n|\n|-heal|p1a: Ting-Lu|69/100|[from] item: Leftovers\n|-damage|p2a: Ursaluna|87/100 psn|[from] psn\n|upkeep\n|turn|2\n|\n|t:|1771263098\n|move|p1b: Glimmora|Spiky Shield|p1b: Glimmora\n|-singleturn|p1b: Glimmora|move: Protect\n|move|p2a: Ursaluna|Facade|p1a: Ting-Lu\n|-damage|p1a: Ting-Lu|2/100\n|move|p2b: Cresselia|Moonblast|p1b: Glimmora\n|-activate|p1b: Glimmora|move: Protect\n|move|p1a: Ting-Lu|Whirlwind|p2a: Ursaluna\n|drag|p2a: Raging Bolt|Raging Bolt|100/100\n|-damage|p2a: Raging Bolt|88/100|[from] Stealth Rock\n|-status|p2a: Raging Bolt|psn\n|-enditem|p2a: Raging Bolt|Booster Energy\n|-activate|p2a: Raging Bolt|ability: Protosynthesis|[fromitem]\n|-start|p2a: Raging Bolt|protosynthesisspa\n|\n|-heal|p1a: Ting-Lu|8/100|[from] item: Leftovers\n|-damage|p2a: Raging Bolt|76/100 psn|[from] psn\n|upkeep\n|turn|3\n|\n|t:|1771263120\n|move|p1a: Ting-Lu|Throat Chop|p2b: Cresselia\n|-supereffective|p2b: Cresselia\n|-crit|p2b: Cresselia\n|-damage|p2b: Cresselia|42/100\n|move|p2b: Cresselia|Moonblast|p1a: Ting-Lu\n|-supereffective|p1a: Ting-Lu\n|-damage|p1a: Ting-Lu|0 fnt\n|faint|p1a: Ting-Lu\n|move|p2a: Raging Bolt|Tera Blast|p1b: Glimmora\n|-resisted|p1b: Glimmora\n|-damage|p1b: Glimmora|0 fnt\n|faint|p1b: Glimmora\n|\n|-damage|p2a: Raging Bolt|63/100 psn|[from] psn\n|upkeep\n|\n|t:|1771263130\n|switch|p1a: Chien-Pao|Chien-Pao|100/100\n|switch|p1b: Dragonite|Dragonite, F|100/100\n|-ability|p1a: Chien-Pao|Sword of Ruin\n|turn|4\n|\n|t:|1771263141\n|-terastallize|p2a: Raging Bolt|Ice\n|-terastallize|p1b: Dragonite|Normal\n|move|p1a: Chien-Pao|Protect|p1a: Chien-Pao\n|-singleturn|p1a: Chien-Pao|Protect\n|move|p1b: Dragonite|Extreme Speed|p2a: Raging Bolt\n|-damage|p2a: Raging Bolt|0 fnt\n|faint|p2a: Raging Bolt\n|-end|p2a: Raging Bolt|Protosynthesis|[silent]\n|move|p2b: Cresselia|Lunar Blessing|p2b: Cresselia\n|-heal|p2b: Cresselia|67/100\n|\n|upkeep\n|\n|t:|1771263152\n|switch|p2a: Ursaluna|Ursaluna, F|87/100 psn\n|-damage|p2a: Ursaluna|81/100 psn|[from] Stealth Rock\n|turn|5\n|\n|t:|1771263170\n|move|p1b: Dragonite|Extreme Speed|p2a: Ursaluna\n|-damage|p2a: Ursaluna|20/100 psn\n|move|p2a: Ursaluna|Earthquake|p1a: Chien-Pao|[spread] p1a,p1b\n|-immune|p2b: Cresselia|[from] ability: Levitate\n|-damage|p1a: Chien-Pao|6/100\n|-damage|p1b: Dragonite|16/100\n|move|p2b: Cresselia|Moonblast|p1a: Chien-Pao\n|-supereffective|p1a: Chien-Pao\n|-damage|p1a: Chien-Pao|0 fnt\n|faint|p1a: Chien-Pao\n|\n|-damage|p2a: Ursaluna|8/100 psn|[from] psn\n|-fieldend|move: Trick Room\n|upkeep\n|\n|t:|1771263174\n|switch|p1a: Gouging Fire|Gouging Fire|100/100\n|-enditem|p1a: Gouging Fire|Booster Energy\n|-activate|p1a: Gouging Fire|ability: Protosynthesis|[fromitem]\n|-start|p1a: Gouging Fire|protosynthesisspe\n|turn|6\n|\n|t:|1771263184\n|move|p2b: Cresselia|Protect|p2b: Cresselia\n|-singleturn|p2b: Cresselia|Protect\n|move|p1b: Dragonite|Extreme Speed|p2a: Ursaluna\n|-damage|p2a: Ursaluna|0 fnt\n|faint|p2a: Ursaluna\n|move|p1a: Gouging Fire|Howl|p1a: Gouging Fire|[spread] p1a,p1b\n|-boost|p1a: Gouging Fire|atk|1\n|-boost|p1b: Dragonite|atk|1\n|\n|upkeep\n|\n|t:|1771263195\n|switch|p2a: Incineroar|Incineroar, F|100/100\n|-damage|p2a: Incineroar|76/100|[from] Stealth Rock\n|-status|p2a: Incineroar|psn\n|-ability|p2a: Incineroar|Intimidate|boost\n|-unboost|p1a: Gouging Fire|atk|1\n|-fail|p1b: Dragonite|unboost|Attack|[from] ability: Inner Focus|[of] p1b: Dragonite\n|turn|7\n|\n|t:|1771263202\n|move|p2a: Incineroar|Fake Out|p1a: Gouging Fire\n|-damage|p1a: Gouging Fire|89/100\n|move|p1b: Dragonite|Extreme Speed|p2b: Cresselia\n|-damage|p2b: Cresselia|16/100\n|cant|p1a: Gouging Fire|flinch\n|move|p2b: Cresselia|Trick Room|p2b: Cresselia\n|-fieldstart|move: Trick Room|[of] p2b: Cresselia\n|\n|-damage|p2a: Incineroar|63/100 psn|[from] psn\n|upkeep\n|turn|8\n|\n|t:|1771263217\n|move|p1b: Dragonite|Extreme Speed|p2a: Incineroar\n|-damage|p2a: Incineroar|0 fnt\n|faint|p2a: Incineroar\n|move|p2b: Cresselia|Lunar Blessing|p2b: Cresselia\n|-heal|p2b: Cresselia|41/100\n|move|p1a: Gouging Fire|Howl|p1a: Gouging Fire|[spread] p1a,p1b\n|-boost|p1a: Gouging Fire|atk|1\n|-boost|p1b: Dragonite|atk|1\n|\n|upkeep\n|\n|t:|1771263223\n|switch|p2a: Diancie|Diancie|100/100\n|-damage|p2a: Diancie|88/100|[from] Stealth Rock\n|-status|p2a: Diancie|psn\n|turn|9\n|\n|t:|1771263238\n|move|p1a: Gouging Fire|Burning Bulwark|p1a: Gouging Fire\n|-singleturn|p1a: Gouging Fire|move: Protect\n|move|p1b: Dragonite|Extreme Speed|p2a: Diancie\n|-resisted|p2a: Diancie\n|-damage|p2a: Diancie|36/100 psn\n|move|p2a: Diancie|Diamond Storm|p1a: Gouging Fire|[spread] p1b\n|-activate|p1a: Gouging Fire|move: Protect\n|-damage|p1b: Dragonite|0 fnt\n|faint|p1b: Dragonite\n|move|p2b: Cresselia|Moonblast|p1a: Gouging Fire\n|-activate|p1a: Gouging Fire|move: Protect\n|\n|-damage|p2a: Diancie|24/100 psn|[from] psn\n|upkeep\n|\n|t:|1771263244\n|switch|p1b: Ogerpon|Ogerpon-Wellspring, F|100/100\n|turn|10\n|\n|t:|1771263258\n|move|p1a: Gouging Fire|Burning Bulwark|p1a: Gouging Fire\n|-singleturn|p1a: Gouging Fire|move: Protect\n|move|p2a: Diancie|Diamond Storm|p1a: Gouging Fire|[spread] p1b\n|-activate|p1a: Gouging Fire|move: Protect\n|-damage|p1b: Ogerpon|72/100\n|move|p2b: Cresselia|Lunar Blessing|p2b: Cresselia|[spread] p2a,p2b\n|-heal|p2a: Diancie|49/100 psn\n|-curestatus|p2a: Diancie|psn|[msg]\n|-heal|p2b: Cresselia|66/100\n|move|p1b: Ogerpon|Ivy Cudgel|p2a: Diancie|[anim] Ivy Cudgel Water\n|-supereffective|p2a: Diancie\n|-damage|p2a: Diancie|0 fnt\n|faint|p2a: Diancie\n|\n|upkeep\n|\n|t:|1771263260\n|switch|p2a: Chien-Pao|Chien-Pao|100/100\n|-damage|p2a: Chien-Pao|76/100|[from] Stealth Rock\n|-status|p2a: Chien-Pao|psn\n|-ability|p2a: Chien-Pao|Sword of Ruin\n|turn|11\n|-message|commonblue forfeited.\n|\n|win|AwesomeBD1909\n|raw|AwesomeBD1909's rating: 1584 &rarr; <strong>1607</strong><br />(+23 for winning)\n|raw|commonblue's rating: 1636 &rarr; <strong>1613</strong><br />(-23 for losing)\n|l|☆commonblue\n|player|p2|\n|l|☆AwesomeBD1909\n|player|p1|\n", "uploadtime": 1771263552, "views": 3, "formatid": "gen9doublesou", "rating": 1607, "private": 0, "password": null}