{"id": "gen9doublesou-2640008708", "format": "[Gen 9] Doubles OU", "players": ["wecontrol34all", "bantonioanderaz"], "log": "|j|☆wecontrol34all\n|j|☆bantonioanderaz\n|t:|1782562957\n|gametype|doubles\n|player|p1|wecontrol34all|gentleman-gen4|1526\n|player|p2|bantonioanderaz|101|1615\n|gen|9\n|tier|[Gen 9] Doubles OU\n|rated|\n|rule|HP Percentage Mod: HP is shown in percentages\n|rule|Endless Battle Clause: Forcing endless battles is banned\n|rule|Species Clause: Limit one of each Pokémon\n|rule|OHKO Clause: OHKO moves are banned\n|rule|Evasion Moves Clause: Evasion moves are banned\n|rule|Gravity Sleep Clause: The combination of sleep-inducing moves with imperfect accuracy and Gravity or Gigantamax Orbeetle are banned\n|rule|Evasion Abilities Clause: Evasion abilities are banned\n|clearpoke\n|poke|p1|Rabsca, F|\n|poke|p1|Pawmot, M|\n|poke|p1|Roaring Moon|\n|poke|p1|Gyarados, M|\n|poke|p1|Basculegion-F, F|\n|poke|p1|Tyranitar, F|\n|poke|p2|Garganacl, M|\n|poke|p2|Walking Wake|\n|poke|p2|Rillaboom, F|\n|poke|p2|Ting-Lu|\n|poke|p2|Toxapex, M|\n|poke|p2|Dragonite, F|\n|teampreview\n|\n|t:|1782562980\n|teamsize|p1|6\n|teamsize|p2|6\n|start\n|switch|p1a: KRASH|Gyarados, M, shiny|100/100\n|switch|p1b: TANKZ|Tyranitar, F|100/100\n|switch|p2a: Shrinking Force|Ting-Lu|100/100\n|switch|p2b: Wet Blanket|Toxapex, M|100/100\n|-ability|p1a: KRASH|Intimidate|boost\n|-unboost|p2a: Shrinking Force|atk|1\n|-unboost|p2b: Wet Blanket|atk|1\n|-weather|Sandstorm|[from] ability: Sand Stream|[of] p1b: TANKZ\n|-ability|p2a: Shrinking Force|Vessel of Ruin\n|turn|1\n|-activate|p1a: KRASH|item: Quick Claw\n|\n|t:|1782562990\n|move|p1a: KRASH|Waterfall|p2a: Shrinking Force\n|-supereffective|p2a: Shrinking Force\n|-damage|p2a: Shrinking Force|54/100\n|move|p1b: TANKZ|Stealth Rock|p2b: Wet Blanket\n|-sidestart|p2: bantonioanderaz|move: Stealth Rock\n|move|p2b: Wet Blanket|Toxic|p1b: TANKZ\n|-status|p1b: TANKZ|tox\n|move|p2a: Shrinking Force|Stealth Rock|p1b: TANKZ\n|-sidestart|p1: wecontrol34all|move: Stealth Rock\n|\n|-weather|Sandstorm|[upkeep]\n|-damage|p1a: KRASH|94/100|[from] Sandstorm\n|-damage|p2b: Wet Blanket|94/100|[from] Sandstorm\n|-heal|p2b: Wet Blanket|100/100|[from] item: Leftovers\n|-heal|p2a: Shrinking Force|60/100|[from] item: Leftovers\n|-damage|p1b: TANKZ|94/100 tox|[from] psn\n|upkeep\n|turn|2\n|\n|t:|1782563007\n|move|p2a: Shrinking Force|Protect|p2a: Shrinking Force\n|-singleturn|p2a: Shrinking Force|Protect\n|move|p1a: KRASH|Thunder Wave|p2b: Wet Blanket\n|-status|p2b: Wet Blanket|par\n|move|p2b: Wet Blanket|Toxic|p1a: KRASH\n|-status|p1a: KRASH|tox\n|move|p1b: TANKZ|Roar|p2b: Wet Blanket\n|drag|p2b: Extinguishroar|Walking Wake|100/100\n|-damage|p2b: Extinguishroar|88/100|[from] Stealth Rock\n|\n|-weather|Sandstorm|[upkeep]\n|-damage|p2b: Extinguishroar|82/100|[from] Sandstorm\n|-damage|p1a: KRASH|88/100 tox|[from] Sandstorm\n|-heal|p2a: Shrinking Force|66/100|[from] item: Leftovers\n|-damage|p1a: KRASH|82/100 tox|[from] psn\n|-damage|p1b: TANKZ|82/100 tox|[from] psn\n|upkeep\n|turn|3\n|-activate|p1a: KRASH|item: Quick Claw\n|\n|t:|1782563025\n|-end|p2b: Extinguishroar|Protosynthesis|[silent]\n|switch|p2b: Embargo|Rillaboom, F|100/100\n|-damage|p2b: Embargo|88/100|[from] Stealth Rock\n|-fieldstart|move: Grassy Terrain|[from] ability: Grassy Surge|[of] p2b: Embargo\n|move|p1a: KRASH|Thunder Wave|p2b: Embargo\n|-status|p2b: Embargo|par\n|move|p2a: Shrinking Force|Spikes|p1a: KRASH\n|-sidestart|p1: wecontrol34all|Spikes\n|move|p1b: TANKZ|Roar|p2b: Embargo\n|drag|p2b: Extinguishroar|Walking Wake|82/100\n|-damage|p2b: Extinguishroar|70/100|[from] Stealth Rock\n|\n|-weather|Sandstorm|[upkeep]\n|-damage|p2b: Extinguishroar|63/100|[from] Sandstorm\n|-damage|p1a: KRASH|76/100 tox|[from] Sandstorm\n|-heal|p2b: Extinguishroar|70/100|[from] Grassy Terrain\n|-heal|p1b: TANKZ|88/100 tox|[from] Grassy Terrain\n|-heal|p2a: Shrinking Force|72/100|[from] Grassy Terrain\n|-heal|p2a: Shrinking Force|79/100|[from] item: Leftovers\n|-damage|p1a: KRASH|64/100 tox|[from] psn\n|-damage|p1b: TANKZ|70/100 tox|[from] psn\n|upkeep\n|turn|4\n|\n|t:|1782563048\n|-end|p2b: Extinguishroar|Protosynthesis|[silent]\n|switch|p2b: Wet Blanket|Toxapex, M|100/100 par\n|-damage|p2b: Wet Blanket|88/100 par|[from] Stealth Rock\n|move|p1a: KRASH|Thunder Wave|p2b: Wet Blanket\n|-fail|p2b: Wet Blanket|par\n|move|p2a: Shrinking Force|Spikes|p1b: TANKZ\n|-sidestart|p1: wecontrol34all|Spikes\n|move|p1b: TANKZ|Roar|p2b: Wet Blanket\n|drag|p2b: Extinguishroar|Walking Wake|70/100\n|-damage|p2b: Extinguishroar|57/100|[from] Stealth Rock\n|\n|-weather|Sandstorm|[upkeep]\n|-damage|p2b: Extinguishroar|51/100|[from] Sandstorm\n|-damage|p1a: KRASH|57/100 tox|[from] Sandstorm\n|-heal|p2b: Extinguishroar|57/100|[from] Grassy Terrain\n|-heal|p1b: TANKZ|76/100 tox|[from] Grassy Terrain\n|-heal|p2a: Shrinking Force|85/100|[from] Grassy Terrain\n|-heal|p2a: Shrinking Force|91/100|[from] item: Leftovers\n|-damage|p1a: KRASH|39/100 tox|[from] psn\n|-damage|p1b: TANKZ|51/100 tox|[from] psn\n|upkeep\n|turn|5\n|-activate|p1a: KRASH|item: Quick Claw\n|\n|t:|1782563067\n|move|p1a: KRASH|Thunder Wave|p2b: Extinguishroar\n|-status|p2b: Extinguishroar|par\n|cant|p2b: Extinguishroar|par\n|move|p2a: Shrinking Force|Spikes|p1b: TANKZ\n|-sidestart|p1: wecontrol34all|Spikes\n|move|p1b: TANKZ|Roar|p2a: Shrinking Force\n|drag|p2a: Embargo|Rillaboom, F|88/100 par\n|-damage|p2a: Embargo|76/100 par|[from] Stealth Rock\n|\n|-weather|none\n|-heal|p2b: Extinguishroar|63/100 par|[from] Grassy Terrain\n|-heal|p1b: TANKZ|57/100 tox|[from] Grassy Terrain\n|-heal|p2a: Embargo|82/100 par|[from] Grassy Terrain\n|-heal|p2a: Embargo|88/100 par|[from] item: Leftovers\n|-damage|p1a: KRASH|14/100 tox|[from] psn\n|-damage|p1b: TANKZ|26/100 tox|[from] psn\n|upkeep\n|turn|6\n|-activate|p1a: KRASH|item: Quick Claw\n|\n|t:|1782563094\n|move|p2a: Embargo|Fake Out|p1b: TANKZ\n|-resisted|p1b: TANKZ\n|-damage|p1b: TANKZ|22/100 tox\n|move|p1a: KRASH|Crunch|p2b: Extinguishroar\n|-damage|p2b: Extinguishroar|29/100 par\n|cant|p2b: Extinguishroar|par\n|move|p1b: TANKZ|Rock Slide|p2b: Extinguishroar|[spread] p2a\n|-miss|p1b: TANKZ|p2b: Extinguishroar\n|-damage|p2a: Embargo|66/100 par\n|\n|-heal|p2b: Extinguishroar|35/100 par|[from] Grassy Terrain\n|-heal|p1b: TANKZ|28/100 tox|[from] Grassy Terrain\n|-heal|p2a: Embargo|72/100 par|[from] Grassy Terrain\n|-heal|p2a: Embargo|78/100 par|[from] item: Leftovers\n|-damage|p1a: KRASH|0 fnt|[from] psn\n|faint|p1a: KRASH\n|-damage|p1b: TANKZ|0 fnt|[from] psn\n|faint|p1b: TANKZ\n|upkeep\n|\n|t:|1782563108\n|switch|p1a: UNCLE PAW|Pawmot, M|100/100\n|switch|p1b: ESCAFLOWNE|Roaring Moon, shiny|100/100\n|-damage|p1b: ESCAFLOWNE|88/100|[from] Stealth Rock\n|-damage|p1b: ESCAFLOWNE|63/100|[from] Spikes\n|-damage|p1a: UNCLE PAW|94/100|[from] Stealth Rock\n|-damage|p1a: UNCLE PAW|69/100|[from] Spikes\n|turn|7\n|\n|t:|1782563123\n|move|p1b: ESCAFLOWNE|Knock Off|p2b: Extinguishroar\n|-crit|p2b: Extinguishroar\n|-damage|p2b: Extinguishroar|0 fnt\n|-enditem|p2b: Extinguishroar|Choice Scarf|[from] move: Knock Off|[of] p1b: ESCAFLOWNE\n|faint|p2b: Extinguishroar\n|-end|p2b: Extinguishroar|Protosynthesis|[silent]\n|move|p1a: UNCLE PAW|Revival Blessing|p1a: UNCLE PAW\n|-enditem|p1a: UNCLE PAW|Leppa Berry|[eat]\n|-activate|p1a: UNCLE PAW|item: Leppa Berry|Revival Blessing|[consumed]\n|\n|t:|1782563134\n|-heal|p1: TANKZ|50/100|[from] move: Revival Blessing\n|move|p2a: Embargo|Leech Seed|p1a: UNCLE PAW\n|-start|p1a: UNCLE PAW|move: Leech Seed\n|\n|-heal|p1b: ESCAFLOWNE|69/100|[from] Grassy Terrain\n|-heal|p1a: UNCLE PAW|75/100|[from] Grassy Terrain\n|-heal|p2a: Embargo|84/100 par|[from] Grassy Terrain\n|-heal|p2a: Embargo|90/100 par|[from] item: Leftovers\n|-damage|p1a: UNCLE PAW|63/100|[from] Leech Seed|[of] p2a: Embargo\n|-heal|p2a: Embargo|100/100 par|[silent]\n|-fieldend|move: Grassy Terrain\n|upkeep\n|\n|t:|1782563149\n|switch|p2b: Wet Blanket|Toxapex, M|100/100 par\n|-damage|p2b: Wet Blanket|88/100 par|[from] Stealth Rock\n|turn|8\n|\n|t:|1782563154\n|move|p1b: ESCAFLOWNE|Knock Off|p2a: Embargo\n|-damage|p2a: Embargo|48/100 par\n|-enditem|p2a: Embargo|Leftovers|[from] move: Knock Off|[of] p1b: ESCAFLOWNE\n|move|p1a: UNCLE PAW|Revival Blessing|p1a: UNCLE PAW\n|\n|t:|1782563160\n|-heal|p1: KRASH|50/100|[from] move: Revival Blessing\n|move|p2a: Embargo|Leech Seed|p1b: ESCAFLOWNE\n|-start|p1b: ESCAFLOWNE|move: Leech Seed\n|cant|p2b: Wet Blanket|par\n|\n|-heal|p2b: Wet Blanket|94/100 par|[from] item: Leftovers\n|-damage|p1b: ESCAFLOWNE|57/100|[from] Leech Seed|[of] p2a: Embargo\n|-heal|p2a: Embargo|59/100 par|[silent]\n|-damage|p1a: UNCLE PAW|50/100|[from] Leech Seed|[of] p2a: Embargo\n|-heal|p2a: Embargo|70/100 par|[silent]\n|upkeep\n|turn|9\n|\n|t:|1782563175\n|move|p2a: Embargo|Protect|p2a: Embargo\n|-singleturn|p2a: Embargo|Protect\n|move|p1b: ESCAFLOWNE|Knock Off|p2b: Wet Blanket\n|-damage|p2b: Wet Blanket|50/100 par\n|-enditem|p2b: Wet Blanket|Leftovers|[from] move: Knock Off|[of] p1b: ESCAFLOWNE\n|move|p1a: UNCLE PAW|Rest|p1a: UNCLE PAW\n|-status|p1a: UNCLE PAW|slp|[from] move: Rest\n|-heal|p1a: UNCLE PAW|100/100 slp|[silent]\n|move|p2b: Wet Blanket|Toxic||[still]\n|-fail|p2b: Wet Blanket\n|\n|-damage|p1b: ESCAFLOWNE|45/100|[from] Leech Seed|[of] p2a: Embargo\n|-heal|p2a: Embargo|80/100 par|[silent]\n|-damage|p1a: UNCLE PAW|88/100 slp|[from] Leech Seed|[of] p2a: Embargo\n|-heal|p2a: Embargo|91/100 par|[silent]\n|upkeep\n|turn|10\n|\n|t:|1782563197\n|switch|p1a: TANKZ|Tyranitar, F|50/100\n|-damage|p1a: TANKZ|38/100|[from] Stealth Rock\n|-damage|p1a: TANKZ|13/100|[from] Spikes\n|-weather|Sandstorm|[from] ability: Sand Stream|[of] p1a: TANKZ\n|move|p1b: ESCAFLOWNE|Knock Off|p2b: Wet Blanket\n|-damage|p2b: Wet Blanket|22/100 par\n|move|p2a: Embargo|Grassy Glide|p1a: TANKZ\n|-supereffective|p1a: TANKZ\n|-damage|p1a: TANKZ|0 fnt\n|faint|p1a: TANKZ\n|move|p2b: Wet Blanket|Toxic|p1b: ESCAFLOWNE\n|-status|p1b: ESCAFLOWNE|tox\n|\n|-weather|Sandstorm|[upkeep]\n|-damage|p1b: ESCAFLOWNE|39/100 tox|[from] Sandstorm\n|-damage|p2a: Embargo|85/100 par|[from] Sandstorm\n|-damage|p2b: Wet Blanket|15/100 par|[from] Sandstorm\n|-damage|p1b: ESCAFLOWNE|27/100 tox|[from] Leech Seed|[of] p2a: Embargo\n|-heal|p2a: Embargo|95/100 par|[silent]\n|-damage|p1b: ESCAFLOWNE|21/100 tox|[from] psn\n|upkeep\n|\n|t:|1782563200\n|switch|p1a: UNCLE PAW|Pawmot, M|88/100 slp\n|-damage|p1a: UNCLE PAW|82/100 slp|[from] Stealth Rock\n|-damage|p1a: UNCLE PAW|57/100 slp|[from] Spikes\n|turn|11\n|\n|t:|1782563212\n|switch|p2b: Shrinking Force|Ting-Lu|91/100\n|-damage|p2b: Shrinking Force|85/100|[from] Stealth Rock\n|-ability|p2b: Shrinking Force|Vessel of Ruin\n|move|p1b: ESCAFLOWNE|Knock Off|p2b: Shrinking Force\n|-resisted|p2b: Shrinking Force\n|-damage|p2b: Shrinking Force|70/100\n|-enditem|p2b: Shrinking Force|Leftovers|[from] move: Knock Off|[of] p1b: ESCAFLOWNE\n|cant|p1a: UNCLE PAW|slp\n|move|p1a: UNCLE PAW|Sleep Talk|p1a: UNCLE PAW\n|move|p1a: UNCLE PAW|Revival Blessing|p1a: UNCLE PAW|[from] move: Sleep Talk\n|\n|t:|1782563217\n|-heal|p1: TANKZ|50/100|[from] move: Revival Blessing\n|move|p2a: Embargo|Leech Seed|p1a: UNCLE PAW\n|-start|p1a: UNCLE PAW|move: Leech Seed\n|\n|-weather|Sandstorm|[upkeep]\n|-damage|p1b: ESCAFLOWNE|15/100 tox|[from] Sandstorm\n|-damage|p1a: UNCLE PAW|51/100 slp|[from] Sandstorm\n|-damage|p2a: Embargo|89/100 par|[from] Sandstorm\n|-damage|p1b: ESCAFLOWNE|2/100 tox|[from] Leech Seed|[of] p2a: Embargo\n|-heal|p2a: Embargo|99/100 par|[silent]\n|-damage|p1a: UNCLE PAW|38/100 slp|[from] Leech Seed|[of] p2a: Embargo\n|-heal|p2a: Embargo|100/100 par|[silent]\n|-damage|p1b: ESCAFLOWNE|0 fnt|[from] psn\n|faint|p1b: ESCAFLOWNE\n|-end|p1b: ESCAFLOWNE|Protosynthesis|[silent]\n|upkeep\n|\n|t:|1782563219\n|switch|p1b: KRASH|Gyarados, M, shiny|50/100\n|-damage|p1b: KRASH|26/100|[from] Stealth Rock\n|-ability|p1b: KRASH|Intimidate|boost\n|-unboost|p2a: Embargo|atk|1\n|-unboost|p2b: Shrinking Force|atk|1\n|turn|12\n|\n|t:|1782563234\n|move|p2b: Shrinking Force|Protect|p2b: Shrinking Force\n|-singleturn|p2b: Shrinking Force|Protect\n|cant|p1a: UNCLE PAW|slp\n|move|p1a: UNCLE PAW|Sleep Talk|p1a: UNCLE PAW\n|move|p1a: UNCLE PAW|Rest||[from] move: Sleep Talk|[still]\n|-fail|p1a: UNCLE PAW\n|move|p1b: KRASH|Waterfall|p2b: Shrinking Force\n|-activate|p2b: Shrinking Force|move: Protect\n|move|p2a: Embargo|Leech Seed|p1b: KRASH\n|-start|p1b: KRASH|move: Leech Seed\n|\n|-weather|Sandstorm|[upkeep]\n|-damage|p1a: UNCLE PAW|32/100 slp|[from] Sandstorm\n|-damage|p1b: KRASH|19/100|[from] Sandstorm\n|-damage|p2a: Embargo|94/100 par|[from] Sandstorm\n|-damage|p1a: UNCLE PAW|20/100 slp|[from] Leech Seed|[of] p2a: Embargo\n|-heal|p2a: Embargo|100/100 par|[silent]\n|-damage|p1b: KRASH|7/100|[from] Leech Seed|[of] p2a: Embargo\n|upkeep\n|turn|13\n|\n|t:|1782563255\n|-curestatus|p1a: UNCLE PAW|slp|[msg]\n|move|p1a: UNCLE PAW|Rest|p1a: UNCLE PAW\n|-status|p1a: UNCLE PAW|slp|[from] move: Rest\n|-heal|p1a: UNCLE PAW|100/100 slp|[silent]\n|move|p1b: KRASH|Waterfall|p2b: Shrinking Force\n|-supereffective|p2b: Shrinking Force\n|-damage|p2b: Shrinking Force|25/100\n|move|p2a: Embargo|Grassy Glide|p1a: UNCLE PAW\n|-damage|p1a: UNCLE PAW|79/100 slp\n|move|p2b: Shrinking Force|Payback|p1a: UNCLE PAW\n|-resisted|p1a: UNCLE PAW\n|-damage|p1a: UNCLE PAW|62/100 slp\n|\n|-weather|Sandstorm|[upkeep]\n|-damage|p1a: UNCLE PAW|56/100 slp|[from] Sandstorm\n|-damage|p1b: KRASH|1/100|[from] Sandstorm\n|-damage|p2a: Embargo|94/100 par|[from] Sandstorm\n|-damage|p1a: UNCLE PAW|44/100 slp|[from] Leech Seed|[of] p2a: Embargo\n|-heal|p2a: Embargo|100/100 par|[silent]\n|-damage|p1b: KRASH|0 fnt|[from] Leech Seed|[of] p2a: Embargo\n|faint|p1b: KRASH\n|upkeep\n|\n|t:|1782563265\n|switch|p1b: REVELATION|Basculegion-F, F, shiny|100/100\n|-damage|p1b: REVELATION|88/100|[from] Stealth Rock\n|-damage|p1b: REVELATION|63/100|[from] Spikes\n|turn|14\n|\n|t:|1782563272\n|move|p2b: Shrinking Force|Protect|p2b: Shrinking Force\n|-singleturn|p2b: Shrinking Force|Protect\n|move|p1b: REVELATION|Last Respects|p2a: Embargo\n|-damage|p2a: Embargo|0 fnt\n|faint|p2a: Embargo\n|cant|p1a: UNCLE PAW|slp\n|move|p1a: UNCLE PAW|Sleep Talk|p1a: UNCLE PAW\n|move|p1a: UNCLE PAW|Fake Out||[from] move: Sleep Talk|[still]\n|-hint|Fake Out only works on your first turn out.\n|-fail|p1a: UNCLE PAW\n|\n|-weather|none\n|upkeep\n|\n|t:|1782563285\n|switch|p2a: War Criminal|Garganacl, M|100/100\n|-damage|p2a: War Criminal|88/100|[from] Stealth Rock\n|turn|15\n|\n|t:|1782563292\n|switch|p2b: Wet Blanket|Toxapex, M|49/100 par\n|-damage|p2b: Wet Blanket|36/100 par|[from] Stealth Rock\n|move|p1b: REVELATION|Last Respects|p2a: War Criminal\n|-damage|p2a: War Criminal|28/100\n|cant|p1a: UNCLE PAW|slp\n|move|p1a: UNCLE PAW|Sleep Talk|p1a: UNCLE PAW\n|move|p1a: UNCLE PAW|Rest||[from] move: Sleep Talk|[still]\n|-fail|p1a: UNCLE PAW\n|move|p2a: War Criminal|Salt Cure|p1a: UNCLE PAW\n|-resisted|p1a: UNCLE PAW\n|-damage|p1a: UNCLE PAW|34/100 slp\n|-start|p1a: UNCLE PAW|Salt Cure\n|\n|-heal|p2a: War Criminal|34/100|[from] item: Leftovers\n|-damage|p1a: UNCLE PAW|22/100 slp|[from] Leech Seed|[of] p2a: War Criminal\n|-heal|p2a: War Criminal|45/100|[silent]\n|-damage|p1a: UNCLE PAW|9/100 slp|[from] Salt Cure\n|upkeep\n|turn|16\n|\n|t:|1782563310\n|move|p2a: War Criminal|Protect|p2a: War Criminal\n|-singleturn|p2a: War Criminal|Protect\n|cant|p2b: Wet Blanket|par\n|move|p1b: REVELATION|Last Respects|p2b: Wet Blanket\n|-damage|p2b: Wet Blanket|0 fnt\n|faint|p2b: Wet Blanket\n|-curestatus|p1a: UNCLE PAW|slp|[msg]\n|move|p1a: UNCLE PAW|Rest|p1a: UNCLE PAW\n|-status|p1a: UNCLE PAW|slp|[from] move: Rest\n|-heal|p1a: UNCLE PAW|100/100 slp|[silent]\n|\n|-heal|p2a: War Criminal|51/100|[from] item: Leftovers\n|-damage|p1a: UNCLE PAW|88/100 slp|[from] Leech Seed|[of] p2a: War Criminal\n|-heal|p2a: War Criminal|62/100|[silent]\n|-damage|p1a: UNCLE PAW|75/100 slp|[from] Salt Cure\n|upkeep\n|\n|t:|1782563318\n|switch|p2b: Shrinking Force|Ting-Lu|25/100\n|-damage|p2b: Shrinking Force|19/100|[from] Stealth Rock\n|-ability|p2b: Shrinking Force|Vessel of Ruin\n|turn|17\n|\n|t:|1782563329\n|move|p1b: REVELATION|Last Respects|p2a: War Criminal\n|-damage|p2a: War Criminal|6/100\n|cant|p1a: UNCLE PAW|slp\n|move|p1a: UNCLE PAW|Sleep Talk|p1a: UNCLE PAW\n|move|p1a: UNCLE PAW|Fake Out||[from] move: Sleep Talk|[still]\n|-hint|Fake Out only works on your first turn out.\n|-fail|p1a: UNCLE PAW\n|move|p2b: Shrinking Force|Payback|p1b: REVELATION\n|-supereffective|p1b: REVELATION\n|-damage|p1b: REVELATION|0 fnt\n|faint|p1b: REVELATION\n|move|p2a: War Criminal|Salt Cure|p1a: UNCLE PAW\n|-resisted|p1a: UNCLE PAW\n|-damage|p1a: UNCLE PAW|66/100 slp\n|\n|-heal|p2a: War Criminal|12/100|[from] item: Leftovers\n|-damage|p1a: UNCLE PAW|53/100 slp|[from] Leech Seed|[of] p2a: War Criminal\n|-heal|p2a: War Criminal|23/100|[silent]\n|-damage|p1a: UNCLE PAW|41/100 slp|[from] Salt Cure\n|upkeep\n|\n|t:|1782563337\n|switch|p1b: CHRISTIAN|Rabsca, F|100/100\n|-damage|p1b: CHRISTIAN|76/100|[from] Stealth Rock\n|-damage|p1b: CHRISTIAN|51/100|[from] Spikes\n|turn|18\n|\n|t:|1782563348\n|-terastallize|p1b: CHRISTIAN|Steel\n|cant|p1a: UNCLE PAW|slp\n|move|p1a: UNCLE PAW|Sleep Talk|p1a: UNCLE PAW\n|move|p1a: UNCLE PAW|Fake Out||[from] move: Sleep Talk|[still]\n|-hint|Fake Out only works on your first turn out.\n|-fail|p1a: UNCLE PAW\n|move|p2b: Shrinking Force|Payback|p1b: CHRISTIAN\n|-damage|p1b: CHRISTIAN|31/100\n|move|p1b: CHRISTIAN|Revival Blessing|p1b: CHRISTIAN\n|-enditem|p1b: CHRISTIAN|Leppa Berry|[eat]\n|-activate|p1b: CHRISTIAN|item: Leppa Berry|Revival Blessing|[consumed]\n|\n|t:|1782563352\n|-heal|p1: REVELATION|50/100|[from] move: Revival Blessing\n|move|p2a: War Criminal|Recover|p2a: War Criminal\n|-heal|p2a: War Criminal|73/100\n|\n|-heal|p2a: War Criminal|79/100|[from] item: Leftovers\n|-damage|p1a: UNCLE PAW|28/100 slp|[from] Leech Seed|[of] p2a: War Criminal\n|-heal|p2a: War Criminal|90/100|[silent]\n|-damage|p1a: UNCLE PAW|16/100 slp|[from] Salt Cure\n|upkeep\n|turn|19\n|\n|t:|1782563359\n|-curestatus|p1a: UNCLE PAW|slp|[msg]\n|move|p1a: UNCLE PAW|Rest|p1a: UNCLE PAW\n|-status|p1a: UNCLE PAW|slp|[from] move: Rest\n|-heal|p1a: UNCLE PAW|100/100 slp|[silent]\n|move|p2b: Shrinking Force|Payback|p1a: UNCLE PAW\n|-resisted|p1a: UNCLE PAW\n|-damage|p1a: UNCLE PAW|76/100 slp\n|move|p1b: CHRISTIAN|Revival Blessing|p1b: CHRISTIAN\n|\n|t:|1782563362\n|-heal|p1: ESCAFLOWNE|50/100|[from] move: Revival Blessing\n|move|p2a: War Criminal|Salt Cure|p1b: CHRISTIAN\n|-resisted|p1b: CHRISTIAN\n|-damage|p1b: CHRISTIAN|23/100\n|-start|p1b: CHRISTIAN|Salt Cure\n|\n|-heal|p2a: War Criminal|96/100|[from] item: Leftovers\n|-damage|p1a: UNCLE PAW|64/100 slp|[from] Leech Seed|[of] p2a: War Criminal\n|-heal|p2a: War Criminal|100/100|[silent]\n|-damage|p1a: UNCLE PAW|51/100 slp|[from] Salt Cure\n|-damage|p1b: CHRISTIAN|0 fnt|[from] Salt Cure\n|faint|p1b: CHRISTIAN\n|upkeep\n|\n|t:|1782563372\n|switch|p1b: REVELATION|Basculegion-F, F, shiny|50/100\n|-damage|p1b: REVELATION|38/100|[from] Stealth Rock\n|-damage|p1b: REVELATION|13/100|[from] Spikes\n|turn|20\n|\n|t:|1782563386\n|move|p1b: REVELATION|Last Respects|p2a: War Criminal\n|-damage|p2a: War Criminal|32/100\n|cant|p1a: UNCLE PAW|slp\n|move|p1a: UNCLE PAW|Sleep Talk|p1a: UNCLE PAW\n|move|p1a: UNCLE PAW|Revival Blessing|p1a: UNCLE PAW|[from] move: Sleep Talk\n|\n|t:|1782563390\n|-heal|p1: CHRISTIAN|50/100|[from] move: Revival Blessing\n|move|p2b: Shrinking Force|Payback|p1b: REVELATION\n|-supereffective|p1b: REVELATION\n|-damage|p1b: REVELATION|0 fnt\n|faint|p1b: REVELATION\n|move|p2a: War Criminal|Salt Cure|p1a: UNCLE PAW\n|-resisted|p1a: UNCLE PAW\n|-damage|p1a: UNCLE PAW|43/100 slp\n|\n|-heal|p2a: War Criminal|38/100|[from] item: Leftovers\n|-damage|p1a: UNCLE PAW|30/100 slp|[from] Leech Seed|[of] p2a: War Criminal\n|-heal|p2a: War Criminal|49/100|[silent]\n|-damage|p1a: UNCLE PAW|18/100 slp|[from] Salt Cure\n|upkeep\n|\n|t:|1782563393\n|switch|p1b: ESCAFLOWNE|Roaring Moon, shiny|50/100\n|-damage|p1b: ESCAFLOWNE|38/100|[from] Stealth Rock\n|-damage|p1b: ESCAFLOWNE|13/100|[from] Spikes\n|turn|21\n|\n|t:|1782563404\n|move|p2a: War Criminal|Protect|p2a: War Criminal\n|-singleturn|p2a: War Criminal|Protect\n|move|p1b: ESCAFLOWNE|Brick Break|p2a: War Criminal\n|-activate|p2a: War Criminal|move: Protect\n|cant|p1a: UNCLE PAW|slp\n|move|p1a: UNCLE PAW|Sleep Talk|p1a: UNCLE PAW\n|move|p1a: UNCLE PAW|Revival Blessing|p1a: UNCLE PAW|[from] move: Sleep Talk\n|\n|t:|1782563406\n|-heal|p1: REVELATION|50/100|[from] move: Revival Blessing\n|move|p2b: Shrinking Force|Payback|p1a: UNCLE PAW\n|-resisted|p1a: UNCLE PAW\n|-damage|p1a: UNCLE PAW|0 fnt\n|faint|p1a: UNCLE PAW\n|\n|-heal|p2a: War Criminal|55/100|[from] item: Leftovers\n|upkeep\n|\n|t:|1782563409\n|switch|p1a: CHRISTIAN|Rabsca, F|50/100\n|-damage|p1a: CHRISTIAN|25/100|[from] Stealth Rock\n|-damage|p1a: CHRISTIAN|0 fnt|[from] Spikes\n|faint|p1a: CHRISTIAN\n|\n|t:|1782563413\n|switch|p1a: REVELATION|Basculegion-F, F, shiny|50/100\n|-damage|p1a: REVELATION|38/100|[from] Stealth Rock\n|-damage|p1a: REVELATION|13/100|[from] Spikes\n|turn|22\n|\n|t:|1782563429\n|move|p2a: War Criminal|Protect||[still]\n|-fail|p2a: War Criminal\n|move|p1b: ESCAFLOWNE|Brick Break|p2b: Shrinking Force\n|-supereffective|p2b: Shrinking Force\n|-damage|p2b: Shrinking Force|0 fnt\n|faint|p2b: Shrinking Force\n|move|p1a: REVELATION|Last Respects|p2a: War Criminal\n|-damage|p2a: War Criminal|0 fnt\n|faint|p2a: War Criminal\n|\n|upkeep\n|\n|t:|1782563439\n|switch|p2a: Insurance Claim|Dragonite, F|100/100\n|-damage|p2a: Insurance Claim|76/100|[from] Stealth Rock\n|turn|23\n|\n|t:|1782563443\n|move|p1b: ESCAFLOWNE|Brick Break|p2a: Insurance Claim\n|-resisted|p2a: Insurance Claim\n|-damage|p2a: Insurance Claim|60/100\n|move|p1a: REVELATION|Last Respects|p2a: Insurance Claim\n|-crit|p2a: Insurance Claim\n|-damage|p2a: Insurance Claim|0 fnt\n|faint|p2a: Insurance Claim\n|\n|win|wecontrol34all\n|raw|wecontrol34all's rating: 1526 &rarr; <strong>1551</strong><br />(+25 for winning)\n|raw|bantonioanderaz's rating: 1615 &rarr; <strong>1590</strong><br />(-25 for losing)\n|l|☆wecontrol34all\n|player|p1|\n|l|☆bantonioanderaz\n|player|p2|\n", "uploadtime": 1782563778, "views": 2, "formatid": "gen9doublesou", "rating": 1551, "private": 0, "password": null}