{"id": "gen9doublesou-2540118937", "format": "[Gen 9] Doubles OU", "players": ["Nicknickpitapita", "drapionelectivire"], "log": "|badge|p2|bronze|gen9doublesou|100-8\n|uhtml|medal-msg|<div class=\"broadcast-blue\">Curious what those medals under the avatar are? PS now has Ladder Seasons! For more information, check out the <a href=\"https://www.smogon.com/forums/threads/3740067/\">thread on Smogon.</a></div>\n|j|☆Nicknickpitapita\n|j|☆drapionelectivire\n|t:|1771164675\n|gametype|doubles\n|player|p1|Nicknickpitapita|blackbelt-gen4dp|1558\n|player|p2|drapionelectivire|101|1775\n|gen|9\n|tier|[Gen 9] Doubles OU\n|rated|\n|rule|HP Percentage Mod: HP is shown in percentages\n|rule|Endless Battle Clause: Forcing endless battles is banned\n|rule|Species Clause: Limit one of each Pokémon\n|rule|OHKO Clause: OHKO moves are banned\n|rule|Evasion Moves Clause: Evasion moves are banned\n|rule|Gravity Sleep Clause: The combination of sleep-inducing moves with imperfect accuracy and Gravity or Gigantamax Orbeetle are banned\n|rule|Evasion Abilities Clause: Evasion abilities are banned\n|clearpoke\n|poke|p1|Ting-Lu|\n|poke|p1|Incineroar, F|\n|poke|p1|Dragonite, M|\n|poke|p1|Garganacl, F|\n|poke|p1|Amoonguss, F|\n|poke|p1|Basculegion-F, F|\n|poke|p2|Torkoal, M|\n|poke|p2|Lilligant-Hisui, F|\n|poke|p2|Farigiraf, F|\n|poke|p2|Raging Bolt|\n|poke|p2|Walking Wake|\n|poke|p2|Typhlosion-Hisui, F|\n|teampreview\n|inactive|Battle timer is ON: inactive players will automatically lose when time's up. (requested by drapionelectivire)\n|\n|t:|1771164699\n|teamsize|p1|6\n|teamsize|p2|6\n|start\n|switch|p1a: Amoonguss|Amoonguss, F|100/100\n|switch|p1b: The ACE|Dragonite, M|100/100\n|switch|p2a: Torkoal|Torkoal, M|100/100\n|switch|p2b: Walking Wake|Walking Wake|100/100\n|-weather|SunnyDay|[from] ability: Drought|[of] p2a: Torkoal\n|-activate|p2b: Walking Wake|ability: Protosynthesis\n|-start|p2b: Walking Wake|protosynthesisspe\n|turn|1\n|inactive|drapionelectivire has 120 seconds left.\n|\n|t:|1771164731\n|move|p2b: Walking Wake|Flamethrower|p1a: Amoonguss\n|-supereffective|p1a: Amoonguss\n|-damage|p1a: Amoonguss|0 fnt\n|faint|p1a: Amoonguss\n|-damage|p2b: Walking Wake|91/100|[from] item: Life Orb\n|move|p1b: The ACE|Breaking Swipe|p2b: Walking Wake|[spread] p2a,p2b\n|-supereffective|p2b: Walking Wake\n|-damage|p2a: Torkoal|79/100\n|-damage|p2b: Walking Wake|36/100\n|-unboost|p2a: Torkoal|atk|1\n|-unboost|p2b: Walking Wake|atk|1\n|move|p2a: Torkoal|Stealth Rock|p1b: The ACE\n|-sidestart|p1: Nicknickpitapita|move: Stealth Rock\n|\n|-weather|SunnyDay|[upkeep]\n|upkeep\n|\n|t:|1771164745\n|switch|p1a: Labyrinth|Garganacl, F, shiny|100/100\n|-damage|p1a: Labyrinth|88/100|[from] Stealth Rock\n|turn|2\n|\n|t:|1771164765\n|move|p2b: Walking Wake|Draco Meteor|p1b: The ACE\n|-supereffective|p1b: The ACE\n|-damage|p1b: The ACE|29/100\n|-unboost|p2b: Walking Wake|spa|2\n|-enditem|p1b: The ACE|Weakness Policy\n|-boost|p1b: The ACE|atk|2|[from] item: Weakness Policy\n|-boost|p1b: The ACE|spa|2|[from] item: Weakness Policy\n|-damage|p2b: Walking Wake|26/100|[from] item: Life Orb\n|move|p1b: The ACE|Breaking Swipe|p2a: Torkoal|[spread] p2a,p2b\n|-supereffective|p2b: Walking Wake\n|-damage|p2a: Torkoal|31/100\n|-damage|p2b: Walking Wake|0 fnt\n|-unboost|p2a: Torkoal|atk|1\n|faint|p2b: Walking Wake\n|-end|p2b: Walking Wake|Protosynthesis|[silent]\n|move|p1a: Labyrinth|Stealth Rock|p2a: Torkoal\n|-sidestart|p2: drapionelectivire|move: Stealth Rock\n|move|p2a: Torkoal|Heat Wave|p1b: The ACE|[spread] p1a,p1b\n|-resisted|p1a: Labyrinth\n|-resisted|p1b: The ACE\n|-damage|p1a: Labyrinth|67/100\n|-damage|p1b: The ACE|8/100\n|\n|-weather|SunnyDay|[upkeep]\n|-heal|p1a: Labyrinth|73/100|[from] item: Leftovers\n|upkeep\n|\n|t:|1771164776\n|switch|p2b: Lilligant|Lilligant-Hisui, F, shiny|100/100\n|-damage|p2b: Lilligant|95/100|[from] Stealth Rock\n|turn|3\n|\n|t:|1771164793\n|switch|p2a: Farigiraf|Farigiraf, F|100/100\n|-damage|p2a: Farigiraf|88/100|[from] Stealth Rock\n|move|p1b: The ACE|Extreme Speed||[still]\n|cant|p2a: Farigiraf|ability: Armor Tail|Extreme Speed|[of] p1b: The ACE\n|move|p2b: Lilligant|Solar Blade||[still]\n|-prepare|p2b: Lilligant|Solar Blade\n|-anim|p2b: Lilligant|Solar Blade|p1b: The ACE\n|-resisted|p1b: The ACE\n|-damage|p1b: The ACE|0 fnt\n|faint|p1b: The ACE\n|move|p1a: Labyrinth|Salt Cure|p2a: Farigiraf\n|-damage|p2a: Farigiraf|75/100\n|-start|p2a: Farigiraf|Salt Cure\n|\n|-weather|SunnyDay|[upkeep]\n|-heal|p1a: Labyrinth|79/100|[from] item: Leftovers\n|-damage|p2a: Farigiraf|62/100|[from] Salt Cure\n|upkeep\n|\n|t:|1771164798\n|switch|p1b: Olivia|Incineroar, F|100/100\n|-damage|p1b: Olivia|76/100|[from] Stealth Rock\n|-ability|p1b: Olivia|Intimidate|boost\n|-unboost|p2a: Farigiraf|atk|1\n|-unboost|p2b: Lilligant|atk|1\n|turn|4\n|\n|t:|1771164815\n|move|p2b: Lilligant|Close Combat|p1b: Olivia\n|-supereffective|p1b: Olivia\n|-damage|p1b: Olivia|3/100\n|-unboost|p2b: Lilligant|def|1\n|-unboost|p2b: Lilligant|spd|1\n|move|p1b: Olivia|Will-O-Wisp|p2b: Lilligant\n|-status|p2b: Lilligant|brn\n|move|p2a: Farigiraf|Hyper Voice|p1b: Olivia|[spread] p1a,p1b\n|-resisted|p1a: Labyrinth\n|-damage|p1a: Labyrinth|63/100\n|-damage|p1b: Olivia|0 fnt\n|faint|p1b: Olivia\n|-enditem|p2a: Farigiraf|Throat Spray\n|-boost|p2a: Farigiraf|spa|1|[from] item: Throat Spray\n|move|p1a: Labyrinth|Curse|p1a: Labyrinth\n|-unboost|p1a: Labyrinth|spe|1\n|-boost|p1a: Labyrinth|atk|1\n|-boost|p1a: Labyrinth|def|1\n|\n|-weather|SunnyDay|[upkeep]\n|-heal|p1a: Labyrinth|69/100|[from] item: Leftovers\n|-damage|p2b: Lilligant|89/100 brn|[from] brn\n|-damage|p2a: Farigiraf|50/100|[from] Salt Cure\n|upkeep\n|\n|t:|1771164834\n|switch|p1b: Special wall|Ting-Lu, shiny|100/100\n|-damage|p1b: Special wall|94/100|[from] Stealth Rock\n|-ability|p1b: Special wall|Vessel of Ruin\n|turn|5\n|\n|t:|1771164850\n|move|p2b: Lilligant|Close Combat|p1a: Labyrinth\n|-supereffective|p1a: Labyrinth\n|-damage|p1a: Labyrinth|57/100\n|-unboost|p2b: Lilligant|def|1\n|-unboost|p2b: Lilligant|spd|1\n|move|p1b: Special wall|Snarl|p2a: Farigiraf|[spread] \n|-miss|p1b: Special wall|p2a: Farigiraf\n|-miss|p1b: Special wall|p2b: Lilligant\n|move|p2a: Farigiraf|Hyper Voice|p1b: Special wall|[spread] p1a,p1b\n|-resisted|p1a: Labyrinth\n|-damage|p1a: Labyrinth|40/100\n|-damage|p1b: Special wall|79/100\n|move|p1a: Labyrinth|Curse|p1a: Labyrinth\n|-unboost|p1a: Labyrinth|spe|1\n|-boost|p1a: Labyrinth|atk|1\n|-boost|p1a: Labyrinth|def|1\n|\n|-weather|SunnyDay|[upkeep]\n|-heal|p1a: Labyrinth|46/100|[from] item: Leftovers\n|-damage|p2b: Lilligant|83/100 brn|[from] brn\n|-damage|p2a: Farigiraf|38/100|[from] Salt Cure\n|upkeep\n|turn|6\n|\n|t:|1771164868\n|move|p1a: Labyrinth|Protect|p1a: Labyrinth\n|-singleturn|p1a: Labyrinth|Protect\n|move|p2b: Lilligant|Sleep Powder|p1b: Special wall\n|-status|p1b: Special wall|slp|[from] move: Sleep Powder\n|cant|p1b: Special wall|slp\n|move|p2a: Farigiraf|Hyper Voice|p1b: Special wall|[spread] p1b\n|-activate|p1a: Labyrinth|move: Protect\n|-damage|p1b: Special wall|65/100 slp\n|\n|-weather|SunnyDay|[upkeep]\n|-heal|p1a: Labyrinth|52/100|[from] item: Leftovers\n|-damage|p2b: Lilligant|77/100 brn|[from] brn\n|-damage|p2a: Farigiraf|25/100|[from] Salt Cure\n|upkeep\n|turn|7\n|\n|t:|1771164887\n|-terastallize|p1a: Labyrinth|Ghost\n|move|p2b: Lilligant|Close Combat|p1b: Special wall\n|-supereffective|p1b: Special wall\n|-damage|p1b: Special wall|43/100 slp\n|-unboost|p2b: Lilligant|def|1\n|-unboost|p2b: Lilligant|spd|1\n|cant|p1b: Special wall|slp\n|move|p2a: Farigiraf|Hyper Voice|p1b: Special wall|[spread] p1b\n|-immune|p1a: Labyrinth\n|-damage|p1b: Special wall|30/100 slp\n|move|p1a: Labyrinth|Salt Cure|p2a: Farigiraf\n|-damage|p2a: Farigiraf|0 fnt\n|faint|p2a: Farigiraf\n|\n|-weather|SunnyDay|[upkeep]\n|-heal|p1a: Labyrinth|58/100|[from] item: Leftovers\n|-damage|p2b: Lilligant|71/100 brn|[from] brn\n|upkeep\n|\n|t:|1771164894\n|switch|p2a: Typhlosion|Typhlosion-Hisui, F|100/100\n|-damage|p2a: Typhlosion|76/100|[from] Stealth Rock\n|turn|8\n|\n|t:|1771164912\n|switch|p2b: Raging Bolt|Raging Bolt|100/100\n|-damage|p2b: Raging Bolt|88/100|[from] Stealth Rock\n|-activate|p2b: Raging Bolt|ability: Protosynthesis\n|-start|p2b: Raging Bolt|protosynthesisspa\n|move|p2a: Typhlosion|Heat Wave|p1a: Labyrinth|[spread] p1a,p1b\n|-damage|p1a: Labyrinth|21/100\n|-damage|p1b: Special wall|14/100 slp\n|cant|p1b: Special wall|slp\n|move|p1a: Labyrinth|Salt Cure|p2a: Typhlosion\n|-supereffective|p2a: Typhlosion\n|-damage|p2a: Typhlosion|4/100\n|-start|p2a: Typhlosion|Salt Cure\n|\n|-weather|none\n|-end|p2b: Raging Bolt|Protosynthesis\n|-heal|p2b: Raging Bolt|94/100|[from] item: Leftovers\n|-heal|p1a: Labyrinth|27/100|[from] item: Leftovers\n|-damage|p2a: Typhlosion|0 fnt|[from] Salt Cure\n|faint|p2a: Typhlosion\n|upkeep\n|\n|t:|1771164926\n|switch|p2a: Torkoal|Torkoal, M|31/100\n|-damage|p2a: Torkoal|6/100|[from] Stealth Rock\n|-weather|SunnyDay|[from] ability: Drought|[of] p2a: Torkoal\n|-activate|p2b: Raging Bolt|ability: Protosynthesis\n|-start|p2b: Raging Bolt|protosynthesisspa\n|turn|9\n|\n|t:|1771164944\n|move|p2b: Raging Bolt|Thunderbolt|p1a: Labyrinth\n|-damage|p1a: Labyrinth|0 fnt\n|faint|p1a: Labyrinth\n|-curestatus|p1b: Special wall|slp|[msg]\n|move|p1b: Special wall|Snarl|p2b: Raging Bolt|[spread] p2a,p2b\n|-damage|p2a: Torkoal|0 fnt\n|-damage|p2b: Raging Bolt|88/100\n|-unboost|p2b: Raging Bolt|spa|1\n|faint|p2a: Torkoal\n|\n|-weather|SunnyDay|[upkeep]\n|-heal|p2b: Raging Bolt|94/100|[from] item: Leftovers\n|upkeep\n|\n|t:|1771164952\n|switch|p1a: Late game sweeper|Basculegion-F, F|100/100\n|switch|p2a: Lilligant|Lilligant-Hisui, F, shiny|71/100 brn\n|-damage|p2a: Lilligant|65/100 brn|[from] Stealth Rock\n|-damage|p1a: Late game sweeper|88/100|[from] Stealth Rock\n|turn|10\n|\n|t:|1771164976\n|-terastallize|p2a: Lilligant|Water\n|move|p2a: Lilligant|Close Combat|p1b: Special wall\n|-supereffective|p1b: Special wall\n|-damage|p1b: Special wall|0 fnt\n|-unboost|p2a: Lilligant|def|1\n|-unboost|p2a: Lilligant|spd|1\n|faint|p1b: Special wall\n|move|p1a: Late game sweeper|Last Respects|p2b: Raging Bolt\n|-damage|p2b: Raging Bolt|0 fnt\n|faint|p2b: Raging Bolt\n|-end|p2b: Raging Bolt|Protosynthesis|[silent]\n|\n|-weather|SunnyDay|[upkeep]\n|-damage|p2a: Lilligant|59/100 brn|[from] brn\n|upkeep\n|turn|11\n|\n|t:|1771164997\n|move|p2a: Lilligant|Solar Blade||[still]\n|-prepare|p2a: Lilligant|Solar Blade\n|-anim|p2a: Lilligant|Solar Blade|p1a: Late game sweeper\n|-supereffective|p1a: Late game sweeper\n|-damage|p1a: Late game sweeper|13/100\n|move|p1a: Late game sweeper|Last Respects|p2a: Lilligant\n|-damage|p2a: Lilligant|0 fnt\n|faint|p2a: Lilligant\n|\n|win|Nicknickpitapita\n|raw|Nicknickpitapita's rating: 1558 &rarr; <strong>1589</strong><br />(+31 for winning)\n|raw|drapionelectivire's rating: 1775 &rarr; <strong>1744</strong><br />(-31 for losing)\n|l|☆drapionelectivire\n|player|p2|\n|l|☆Nicknickpitapita\n|player|p1|\n", "uploadtime": 1771165356, "views": 9, "formatid": "gen9doublesou", "rating": 1589, "private": 0, "password": null}