{"id": "gen9doublesou-2540705562", "format": "[Gen 9] Doubles OU", "players": ["durigreen", "Kochu_shak"], "log": "|badge|p2|silver|gen9doublesou|30-8\n|uhtml|medal-msg|<div class=\"broadcast-blue\">Curious what those medals under the avatar are? PS now has Ladder Seasons! For more information, check out the <a href=\"https://www.smogon.com/forums/threads/3740067/\">thread on Smogon.</a></div>\n|j|☆durigreen\n|j|☆Kochu_shak\n|t:|1771243293\n|gametype|doubles\n|player|p1|durigreen|101|1618\n|player|p2|Kochu_shak|morty-masters2|1833\n|gen|9\n|tier|[Gen 9] Doubles OU\n|rated|\n|rule|HP Percentage Mod: HP is shown in percentages\n|rule|Endless Battle Clause: Forcing endless battles is banned\n|rule|Species Clause: Limit one of each Pokémon\n|rule|OHKO Clause: OHKO moves are banned\n|rule|Evasion Moves Clause: Evasion moves are banned\n|rule|Gravity Sleep Clause: The combination of sleep-inducing moves with imperfect accuracy and Gravity or Gigantamax Orbeetle are banned\n|rule|Evasion Abilities Clause: Evasion abilities are banned\n|clearpoke\n|poke|p1|Indeedee-F, F|\n|poke|p1|Oranguru, M|\n|poke|p1|Ursaluna-Bloodmoon, M|\n|poke|p1|Hatterene, F|\n|poke|p1|Torkoal, M|\n|poke|p1|Incineroar, F|\n|poke|p2|Ogerpon-Wellspring, F|\n|poke|p2|Glimmora, F|\n|poke|p2|Tornadus, M|\n|poke|p2|Landorus, M|\n|poke|p2|Kingambit, M|\n|poke|p2|Chi-Yu|\n|teampreview\n|inactive|Battle timer is ON: inactive players will automatically lose when time's up. (requested by Kochu_shak)\n|\n|t:|1771243306\n|teamsize|p1|6\n|teamsize|p2|6\n|start\n|switch|p1a: Oranguru|Oranguru, M|100/100\n|switch|p1b: Ursaluna|Ursaluna-Bloodmoon, M|100/100\n|switch|p2a: Chi-Yu|Chi-Yu|100/100\n|switch|p2b: Landorus|Landorus, M, shiny|100/100\n|-ability|p2a: Chi-Yu|Beads of Ruin\n|turn|1\n|\n|t:|1771243320\n|-terastallize|p1a: Oranguru|Fairy\n|move|p1b: Ursaluna|Protect|p1b: Ursaluna\n|-singleturn|p1b: Ursaluna|Protect\n|move|p2b: Landorus|Sandsear Storm|p1a: Oranguru|[spread] p1a\n|-activate|p1b: Ursaluna|move: Protect\n|-damage|p1a: Oranguru|39/100\n|move|p2a: Chi-Yu|Heat Wave|p1a: Oranguru|[spread] \n|-activate|p1b: Ursaluna|move: Protect\n|-miss|p2a: Chi-Yu|p1a: Oranguru\n|move|p1a: Oranguru|Trick Room|p1a: Oranguru\n|-fieldstart|move: Trick Room|[of] p1a: Oranguru\n|\n|upkeep\n|turn|2\n|c|☆Kochu_shak|Bruh\n|\n|t:|1771243339\n|-terastallize|p2a: Chi-Yu|Ghost\n|move|p2b: Landorus|Protect|p2b: Landorus\n|-singleturn|p2b: Landorus|Protect\n|move|p1b: Ursaluna|Hyper Voice|p2a: Chi-Yu|[spread] p2a\n|-activate|p2b: Landorus|move: Protect\n|-damage|p2a: Chi-Yu|62/100\n|-enditem|p1b: Ursaluna|Throat Spray\n|-boost|p1b: Ursaluna|spa|1|[from] item: Throat Spray\n|move|p1a: Oranguru|Instruct|p1b: Ursaluna\n|-singleturn|p1b: Ursaluna|move: Instruct|[of] p1a: Oranguru\n|move|p1b: Ursaluna|Hyper Voice|p2b: Landorus|[spread] p2a\n|-activate|p2b: Landorus|move: Protect\n|-damage|p2a: Chi-Yu|6/100\n|move|p2a: Chi-Yu|Heat Wave|p1b: Ursaluna|[spread] p1a,p1b\n|-damage|p1a: Oranguru|0 fnt\n|-damage|p1b: Ursaluna|24/100\n|faint|p1a: Oranguru\n|\n|upkeep\n|inactive|durigreen has 120 seconds left.\n|\n|t:|1771243368\n|switch|p1a: Incineroar|Incineroar, F|100/100\n|-ability|p1a: Incineroar|Intimidate|boost\n|-unboost|p2a: Chi-Yu|atk|1\n|-unboost|p2b: Landorus|atk|1\n|turn|3\n|\n|t:|1771243378\n|switch|p2a: Kingambit|Kingambit, M, shiny|100/100\n|switch|p2b: Glimmora|Glimmora, F, shiny|100/100\n|move|p1b: Ursaluna|Hyper Voice|p2a: Kingambit|[spread] p2a,p2b\n|-resisted|p2a: Kingambit\n|-resisted|p2b: Glimmora\n|-damage|p2a: Kingambit|81/100\n|-damage|p2b: Glimmora|59/100\n|move|p1a: Incineroar|Knock Off|p2b: Glimmora\n|-damage|p2b: Glimmora|15/100\n|-activate|p2b: Glimmora|ability: Toxic Debris\n|-sidestart|p1: durigreen|move: Toxic Spikes\n|-enditem|p2b: Glimmora|Power Herb|[from] move: Knock Off|[of] p1a: Incineroar\n|\n|upkeep\n|turn|4\n|\n|t:|1771243405\n|switch|p1a: Indeedee|Indeedee-F, F|100/100\n|-status|p1a: Indeedee|psn\n|-fieldstart|move: Psychic Terrain|[from] ability: Psychic Surge|[of] p1a: Indeedee\n|-enditem|p1a: Indeedee|Psychic Seed\n|-boost|p1a: Indeedee|spd|1|[from] item: Psychic Seed\n|move|p2b: Glimmora|Spiky Shield|p2b: Glimmora\n|-singleturn|p2b: Glimmora|move: Protect\n|move|p2a: Kingambit|Sucker Punch|p1b: Ursaluna\n|-activate|p1b: Ursaluna|move: Psychic Terrain\n|move|p1b: Ursaluna|Hyper Voice|p2b: Glimmora|[spread] p2a\n|-activate|p2b: Glimmora|move: Protect\n|-resisted|p2a: Kingambit\n|-damage|p2a: Kingambit|63/100\n|\n|-damage|p1a: Indeedee|88/100 psn|[from] psn\n|upkeep\n|turn|5\n|inactive|Kochu_shak has 120 seconds left.\n|\n|t:|1771243443\n|move|p2b: Glimmora|Spiky Shield||[still]\n|-fail|p2b: Glimmora\n|move|p1b: Ursaluna|Earth Power|p2a: Kingambit\n|-supereffective|p2a: Kingambit\n|-damage|p2a: Kingambit|0 fnt\n|faint|p2a: Kingambit\n|move|p1a: Indeedee|Hyper Voice|p2b: Glimmora\n|-resisted|p2b: Glimmora\n|-damage|p2b: Glimmora|0 fnt\n|faint|p2b: Glimmora\n|\n|-damage|p1a: Indeedee|75/100 psn|[from] psn\n|-fieldend|move: Trick Room\n|upkeep\n|\n|t:|1771243454\n|switch|p2b: Chi-Yu|Chi-Yu, tera:Ghost|6/100\n|switch|p2a: Landorus|Landorus, M, shiny|100/100\n|-ability|p2b: Chi-Yu|Beads of Ruin\n|turn|6\n|\n|t:|1771243469\n|move|p2a: Landorus|Sandsear Storm|p1a: Indeedee|[spread] p1a,p1b\n|-crit|p1a: Indeedee\n|-damage|p1a: Indeedee|0 fnt\n|-damage|p1b: Ursaluna|0 fnt\n|faint|p1a: Indeedee\n|faint|p1b: Ursaluna\n|move|p2b: Chi-Yu|Heat Wave|p1: Indeedee|[notarget]\n|-fail|p2b: Chi-Yu\n|\n|upkeep\n|\n|t:|1771243481\n|switch|p1a: Incineroar|Incineroar, F|100/100\n|switch|p1b: Hatterene|Hatterene, F|100/100\n|-status|p1a: Incineroar|psn\n|-ability|p1a: Incineroar|Intimidate|boost\n|-unboost|p2a: Landorus|atk|1\n|-unboost|p2b: Chi-Yu|atk|1\n|-status|p1b: Hatterene|psn\n|turn|7\n|\n|t:|1771243493\n|move|p2a: Landorus|Protect|p2a: Landorus\n|-singleturn|p2a: Landorus|Protect\n|move|p1b: Hatterene|Protect|p1b: Hatterene\n|-singleturn|p1b: Hatterene|Protect\n|move|p2b: Chi-Yu|Heat Wave|p1b: Hatterene|[spread] p1a\n|-activate|p1b: Hatterene|move: Protect\n|-resisted|p1a: Incineroar\n|-damage|p1a: Incineroar|79/100 psn\n|move|p1a: Incineroar|Snarl|p2a: Landorus|[spread] p2b\n|-activate|p2a: Landorus|move: Protect\n|-supereffective|p2b: Chi-Yu\n|-damage|p2b: Chi-Yu|0 fnt\n|faint|p2b: Chi-Yu\n|\n|-damage|p1a: Incineroar|67/100 psn|[from] psn\n|-damage|p1b: Hatterene|88/100 psn|[from] psn\n|upkeep\n|j| Coldblooded0706\n|inactive|Kochu_shak has 120 seconds left.\n|l|☆Kochu_shak\n|inactive|Kochu_shak disconnected and has a minute to reconnect!\n|player|p2|\n|inactive|Kochu_shak has 30 seconds to reconnect!\n|inactive|Kochu_shak has 20 seconds to reconnect!\n|inactive|Kochu_shak has 15 seconds to reconnect!\n|inactive|Kochu_shak has 10 seconds to reconnect!\n|inactive|Kochu_shak has 5 seconds to reconnect!\n|j|☆Kochu_shak\n|inactive|Kochu_shak reconnected and has 60 seconds left.\n|player|p2|Kochu_shak|morty-masters2|\n|inactive|Kochu_shak has 30 seconds left.\n|l|☆Kochu_shak\n|inactive|Kochu_shak disconnected and has a minute to reconnect!\n|player|p2|\n|inactive|Kochu_shak has 20 seconds left.\n|j|☆Kochu_shak\n|inactive|Kochu_shak reconnected and has 20 seconds left.\n|player|p2|Kochu_shak|morty-masters2|\n|inactive|Kochu_shak has 15 seconds left.\n|inactive|Kochu_shak has 10 seconds left.\n|\n|t:|1771243628\n|switch|p2b: Ogerpon|Ogerpon-Wellspring, F|100/100\n|turn|8\n|inactive|Kochu_shak has 30 seconds left.\n|\n|t:|1771243637\n|move|p2b: Ogerpon|Ivy Cudgel|p1a: Incineroar|[anim] Ivy Cudgel Water\n|-supereffective|p1a: Incineroar\n|-damage|p1a: Incineroar|0 fnt\n|faint|p1a: Incineroar\n|move|p2a: Landorus|Sludge Bomb|p1b: Hatterene\n|-supereffective|p1b: Hatterene\n|-damage|p1b: Hatterene|0 fnt\n|faint|p1b: Hatterene\n|\n|-fieldend|move: Psychic Terrain\n|upkeep\n|c|☆Kochu_shak|Fuck\n|-message|durigreen forfeited.\n|\n|win|Kochu_shak\n|raw|durigreen's rating: 1618 &rarr; <strong>1608</strong><br />(-10 for losing)\n|raw|Kochu_shak's rating: 1800 &rarr; <strong>1810</strong><br />(+10 for winning)\n|l|☆durigreen\n|player|p1|\n|c|☆Kochu_shak|My Cursed Internet\n", "uploadtime": 1771243985, "views": 7, "formatid": "gen9doublesou", "rating": 1608, "private": 0, "password": null}