{"id": "gen9doublesou-2540867716", "format": "[Gen 9] Doubles OU", "players": ["Jon Mateo", "IndyRebs"], "log": "|j|☆Jon Mateo\n|j|☆IndyRebs\n|t:|1771262172\n|gametype|doubles\n|player|p1|Jon Mateo|169|1547\n|player|p2|IndyRebs|ingo|1502\n|gen|9\n|tier|[Gen 9] Doubles OU\n|rated|\n|rule|HP Percentage Mod: HP is shown in percentages\n|rule|Endless Battle Clause: Forcing endless battles is banned\n|rule|Species Clause: Limit one of each Pokémon\n|rule|OHKO Clause: OHKO moves are banned\n|rule|Evasion Moves Clause: Evasion moves are banned\n|rule|Gravity Sleep Clause: The combination of sleep-inducing moves with imperfect accuracy and Gravity or Gigantamax Orbeetle are banned\n|rule|Evasion Abilities Clause: Evasion abilities are banned\n|clearpoke\n|poke|p1|Kleavor, F|\n|poke|p1|Kingdra, M|\n|poke|p1|Mamoswine, M|\n|poke|p1|Chi-Yu|\n|poke|p1|Tinkaton, F|\n|poke|p1|Zapdos|\n|poke|p2|Scizor, M|\n|poke|p2|Garganacl, F|\n|poke|p2|Ting-Lu|\n|poke|p2|Latias, F|\n|poke|p2|Sinistcha|\n|poke|p2|Great Tusk|\n|teampreview\n|inactive|Battle timer is ON: inactive players will automatically lose when time's up. (requested by IndyRebs)\n|inactive|Jon Mateo has 120 seconds left.\n|inactive|IndyRebs has 120 seconds left.\n|\n|t:|1771262228\n|teamsize|p1|6\n|teamsize|p2|6\n|start\n|switch|p1a: Tinkaton|Tinkaton, F|100/100\n|switch|p1b: Kleavor|Kleavor, F|100/100\n|switch|p2a: Garganacl|Garganacl, F|100/100\n|switch|p2b: Ting-Lu|Ting-Lu|100/100\n|-ability|p2b: Ting-Lu|Vessel of Ruin\n|turn|1\n|inactive|IndyRebs has 120 seconds left.\n|\n|t:|1771262263\n|-terastallize|p2a: Garganacl|Ghost\n|move|p1b: Kleavor|X-Scissor|p2b: Ting-Lu\n|-supereffective|p2b: Ting-Lu\n|-damage|p2b: Ting-Lu|16/100\n|move|p1a: Tinkaton|Play Rough|p2b: Ting-Lu|[miss]\n|-miss|p1a: Tinkaton|p2b: Ting-Lu\n|move|p2b: Ting-Lu|Spikes|p1a: Tinkaton\n|-sidestart|p1: Jon Mateo|Spikes\n|move|p2a: Garganacl|Stealth Rock|p1a: Tinkaton\n|-sidestart|p1: Jon Mateo|move: Stealth Rock\n|\n|-heal|p2b: Ting-Lu|23/100|[from] item: Leftovers\n|upkeep\n|turn|2\n|\n|t:|1771262286\n|switch|p2b: Scizor|Scizor, M|100/100\n|move|p1b: Kleavor|Stone Axe|p2a: Garganacl\n|-damage|p2a: Garganacl|63/100\n|-sidestart|p2: IndyRebs|move: Stealth Rock\n|move|p1a: Tinkaton|Gigaton Hammer|p2b: Scizor\n|-resisted|p2b: Scizor\n|-damage|p2b: Scizor|65/100\n|move|p2a: Garganacl|Salt Cure|p1a: Tinkaton\n|-resisted|p1a: Tinkaton\n|-damage|p1a: Tinkaton|92/100\n|-start|p1a: Tinkaton|Salt Cure\n|\n|-heal|p2a: Garganacl|69/100|[from] item: Leftovers\n|-damage|p1a: Tinkaton|67/100|[from] Salt Cure\n|upkeep\n|turn|3\n|\n|t:|1771262313\n|switch|p1a: Kingdra|Kingdra, M|100/100\n|-damage|p1a: Kingdra|88/100|[from] Spikes\n|-damage|p1a: Kingdra|76/100|[from] Stealth Rock\n|move|p2b: Scizor|Bullet Punch|p1b: Kleavor\n|-supereffective|p1b: Kleavor\n|-enditem|p1b: Kleavor|Focus Sash\n|-damage|p1b: Kleavor|1/100\n|move|p1b: Kleavor|X-Scissor|p2b: Scizor\n|-resisted|p2b: Scizor\n|-damage|p2b: Scizor|27/100\n|move|p2a: Garganacl|Salt Cure|p1b: Kleavor\n|-supereffective|p1b: Kleavor\n|-crit|p1b: Kleavor\n|-damage|p1b: Kleavor|0 fnt\n|faint|p1b: Kleavor\n|\n|-heal|p1a: Kingdra|82/100|[from] item: Leftovers\n|-heal|p2a: Garganacl|75/100|[from] item: Leftovers\n|upkeep\n|inactive|Jon Mateo has 120 seconds left.\n|\n|t:|1771262335\n|switch|p1b: Tinkaton|Tinkaton, F|67/100\n|-damage|p1b: Tinkaton|55/100|[from] Spikes\n|-damage|p1b: Tinkaton|49/100|[from] Stealth Rock\n|turn|4\n|\n|t:|1771262346\n|move|p1b: Tinkaton|Fake Out|p2b: Scizor\n|-resisted|p2b: Scizor\n|-damage|p2b: Scizor|21/100\n|cant|p2b: Scizor|flinch\n|move|p1a: Kingdra|Yawn|p2b: Scizor\n|-start|p2b: Scizor|move: Yawn|[of] p1a: Kingdra\n|move|p2a: Garganacl|Salt Cure|p1b: Tinkaton\n|-resisted|p1b: Tinkaton\n|-damage|p1b: Tinkaton|39/100\n|-start|p1b: Tinkaton|Salt Cure\n|\n|-heal|p1a: Kingdra|88/100|[from] item: Leftovers\n|-heal|p2a: Garganacl|82/100|[from] item: Leftovers\n|-damage|p1b: Tinkaton|15/100|[from] Salt Cure\n|upkeep\n|turn|5\n|inactive|Jon Mateo has 120 seconds left.\n|\n|t:|1771262398\n|move|p2b: Scizor|Bullet Punch|p1a: Kingdra\n|-resisted|p1a: Kingdra\n|-damage|p1a: Kingdra|59/100\n|move|p1b: Tinkaton|Gigaton Hammer|p2a: Garganacl\n|-damage|p2a: Garganacl|39/100\n|move|p1a: Kingdra|Muddy Water|p2b: Scizor|[spread] p2a,p2b\n|-damage|p2a: Garganacl|20/100\n|-damage|p2b: Scizor|0 fnt\n|faint|p2b: Scizor\n|move|p2a: Garganacl|Salt Cure|p1a: Kingdra\n|-damage|p1a: Kingdra|45/100\n|-start|p1a: Kingdra|Salt Cure\n|\n|-heal|p1a: Kingdra|51/100|[from] item: Leftovers\n|-heal|p2a: Garganacl|26/100|[from] item: Leftovers\n|-damage|p1b: Tinkaton|0 fnt|[from] Salt Cure\n|faint|p1b: Tinkaton\n|-damage|p1a: Kingdra|26/100|[from] Salt Cure\n|upkeep\n|\n|t:|1771262414\n|switch|p1b: Chi-Yu|Chi-Yu|100/100\n|switch|p2b: Latias|Latias, F|100/100\n|-damage|p1b: Chi-Yu|88/100|[from] Spikes\n|-damage|p1b: Chi-Yu|63/100|[from] Stealth Rock\n|-ability|p1b: Chi-Yu|Beads of Ruin\n|-damage|p2b: Latias|88/100|[from] Stealth Rock\n|turn|6\n|inactive|Jon Mateo has 90 seconds left.\n|\n|t:|1771262458\n|move|p1b: Chi-Yu|Snarl|p2b: Latias|[spread] p2a,p2b\n|-supereffective|p2a: Garganacl\n|-supereffective|p2b: Latias\n|-damage|p2a: Garganacl|0 fnt\n|-damage|p2b: Latias|38/100\n|-unboost|p2b: Latias|spa|1\n|-enditem|p2b: Latias|Weakness Policy\n|-boost|p2b: Latias|atk|2|[from] item: Weakness Policy\n|-boost|p2b: Latias|spa|2|[from] item: Weakness Policy\n|faint|p2a: Garganacl\n|move|p2b: Latias|Agility|p2b: Latias\n|-boost|p2b: Latias|spe|2\n|move|p1a: Kingdra|Icy Wind|p2b: Latias\n|-supereffective|p2b: Latias\n|-damage|p2b: Latias|5/100\n|-unboost|p2b: Latias|spe|1\n|\n|-heal|p1a: Kingdra|32/100|[from] item: Leftovers\n|-damage|p1a: Kingdra|8/100|[from] Salt Cure\n|upkeep\n|\n|t:|1771262467\n|switch|p2a: Great Tusk|Great Tusk|100/100\n|turn|7\n|\n|t:|1771262476\n|move|p1b: Chi-Yu|Snarl|p2a: Great Tusk|[spread] p2a,p2b\n|-resisted|p2a: Great Tusk\n|-supereffective|p2b: Latias\n|-damage|p2a: Great Tusk|77/100\n|-damage|p2b: Latias|0 fnt\n|-unboost|p2a: Great Tusk|spa|1\n|faint|p2b: Latias\n|move|p2a: Great Tusk|Rapid Spin|p1a: Kingdra\n|-damage|p1a: Kingdra|0 fnt\n|-boost|p2a: Great Tusk|spe|1\n|-sideend|p2: IndyRebs|Stealth Rock|[from] move: Rapid Spin|[of] p2a: Great Tusk\n|faint|p1a: Kingdra\n|\n|upkeep\n|inactive|Jon Mateo has 90 seconds left.\n|inactive|Jon Mateo has 60 seconds left.\n|\n|t:|1771262560\n|switch|p2b: Ting-Lu|Ting-Lu|23/100\n|switch|p1a: Mamoswine|Mamoswine, M|100/100\n|-damage|p1a: Mamoswine|88/100|[from] Spikes\n|-damage|p1a: Mamoswine|76/100|[from] Stealth Rock\n|-ability|p2b: Ting-Lu|Vessel of Ruin\n|turn|8\n|\n|t:|1771262587\n|move|p1a: Mamoswine|Ice Shard|p2b: Ting-Lu\n|-supereffective|p2b: Ting-Lu\n|-damage|p2b: Ting-Lu|0 fnt\n|faint|p2b: Ting-Lu\n|move|p2a: Great Tusk|Close Combat|p1a: Mamoswine\n|-supereffective|p1a: Mamoswine\n|-damage|p1a: Mamoswine|0 fnt\n|-unboost|p2a: Great Tusk|def|1\n|-unboost|p2a: Great Tusk|spd|1\n|faint|p1a: Mamoswine\n|move|p1b: Chi-Yu|Snarl|p2a: Great Tusk\n|-resisted|p2a: Great Tusk\n|-damage|p2a: Great Tusk|23/100\n|-unboost|p2a: Great Tusk|spa|1\n|\n|upkeep\n|\n|t:|1771262605\n|switch|p1a: Zapdos|Zapdos|100/100\n|switch|p2b: Sinistcha|Sinistcha|100/100\n|-damage|p1a: Zapdos|76/100|[from] Stealth Rock\n|turn|9\n|\n|t:|1771262619\n|move|p2a: Great Tusk|Headlong Rush|p1b: Chi-Yu\n|-supereffective|p1b: Chi-Yu\n|-crit|p1b: Chi-Yu\n|-damage|p1b: Chi-Yu|0 fnt\n|-unboost|p2a: Great Tusk|def|1\n|-unboost|p2a: Great Tusk|spd|1\n|faint|p1b: Chi-Yu\n|move|p1a: Zapdos|Hurricane|p2b: Sinistcha|[miss]\n|-miss|p1a: Zapdos|p2b: Sinistcha\n|move|p2b: Sinistcha|Calm Mind|p2b: Sinistcha\n|-boost|p2b: Sinistcha|spa|1\n|-boost|p2b: Sinistcha|spd|1\n|\n|upkeep\n|turn|10\n|\n|t:|1771262631\n|move|p2a: Great Tusk|Ice Spinner|p1a: Zapdos\n|-supereffective|p1a: Zapdos\n|-damage|p1a: Zapdos|5/100\n|-enditem|p1a: Zapdos|Weakness Policy\n|-boost|p1a: Zapdos|atk|2|[from] item: Weakness Policy\n|-boost|p1a: Zapdos|spa|2|[from] item: Weakness Policy\n|move|p1a: Zapdos|Hurricane|p2b: Sinistcha\n|-supereffective|p2b: Sinistcha\n|-damage|p2b: Sinistcha|0 fnt\n|faint|p2b: Sinistcha\n|\n|upkeep\n|turn|11\n|inactive|Jon Mateo has 90 seconds left.\n|-message|Jon Mateo forfeited.\n|\n|win|IndyRebs\n|raw|Jon Mateo's rating: 1527 &rarr; <strong>1506</strong><br />(-21 for losing)\n|raw|IndyRebs's rating: 1502 &rarr; <strong>1523</strong><br />(+21 for winning)\n|l|☆Jon Mateo\n|player|p1|\n|c|☆IndyRebs|lmao\n|l|☆IndyRebs\n|player|p2|\n", "uploadtime": 1771263001, "views": 4, "formatid": "gen9doublesou", "rating": 1506, "private": 0, "password": null}