{"id": "gen9doublesou-2639982730", "format": "[Gen 9] Doubles OU", "players": ["hoen goats", "ultimathrash"], "log": "|j|☆hoen goats\n|j|☆ultimathrash\n|t:|1782557837\n|gametype|doubles\n|player|p1|hoen goats|hilbert|1659\n|player|p2|ultimathrash|steven|1586\n|gen|9\n|tier|[Gen 9] Doubles OU\n|rated|\n|rule|HP Percentage Mod: HP is shown in percentages\n|rule|Endless Battle Clause: Forcing endless battles is banned\n|rule|Species Clause: Limit one of each Pokémon\n|rule|OHKO Clause: OHKO moves are banned\n|rule|Evasion Moves Clause: Evasion moves are banned\n|rule|Gravity Sleep Clause: The combination of sleep-inducing moves with imperfect accuracy and Gravity or Gigantamax Orbeetle are banned\n|rule|Evasion Abilities Clause: Evasion abilities are banned\n|clearpoke\n|poke|p1|Ninetales-Alola, F|\n|poke|p1|Kyurem|\n|poke|p1|Incineroar, F|\n|poke|p1|Tornadus, M|\n|poke|p1|Ogerpon-Hearthflame, F|\n|poke|p1|Rillaboom, M|\n|poke|p2|Moltres-Galar|\n|poke|p2|Sinistcha|\n|poke|p2|Incineroar, M|\n|poke|p2|Roaring Moon|\n|poke|p2|Gholdengo|\n|poke|p2|Ursaluna-Bloodmoon, M|\n|teampreview\n|inactive|Battle timer is ON: inactive players will automatically lose when time's up. (requested by ultimathrash)\n|\n|t:|1782557873\n|teamsize|p1|6\n|teamsize|p2|6\n|start\n|switch|p1a: GODZILLA|Kyurem|100/100\n|switch|p1b: KITKU|Incineroar, F|100/100\n|switch|p2a: Incineroar|Incineroar, M|100/100\n|switch|p2b: Gholdengo|Gholdengo|100/100\n|-ability|p1a: GODZILLA|Pressure\n|-ability|p2a: Incineroar|Intimidate|boost\n|-unboost|p1a: GODZILLA|atk|1\n|-unboost|p1b: KITKU|atk|1\n|-ability|p1b: KITKU|Intimidate|boost\n|-unboost|p2a: Incineroar|atk|1\n|-unboost|p2b: Gholdengo|atk|1\n|turn|1\n|\n|t:|1782557893\n|-terastallize|p1a: GODZILLA|Ground\n|move|p2a: Incineroar|Fake Out|p1b: KITKU\n|-damage|p1b: KITKU|95/100\n|move|p2b: Gholdengo|Make It Rain|p1b: KITKU|[spread] p1a,p1b\n|-resisted|p1b: KITKU\n|-damage|p1a: GODZILLA|37/100\n|-damage|p1b: KITKU|63/100\n|-unboost|p2b: Gholdengo|spa|1\n|move|p1a: GODZILLA|Earth Power|p2b: Gholdengo\n|-supereffective|p2b: Gholdengo\n|-damage|p2b: Gholdengo|0 fnt\n|faint|p2b: Gholdengo\n|-damage|p1a: GODZILLA|27/100|[from] item: Life Orb\n|cant|p1b: KITKU|flinch\n|\n|upkeep\n|\n|t:|1782557906\n|switch|p2b: Moltres|Moltres-Galar|100/100\n|turn|2\n|\n|t:|1782557918\n|move|p2b: Moltres|Protect|p2b: Moltres\n|-singleturn|p2b: Moltres|Protect\n|move|p1a: GODZILLA|Protect|p1a: GODZILLA\n|-singleturn|p1a: GODZILLA|Protect\n|move|p2a: Incineroar|Parting Shot|p1a: GODZILLA\n|-activate|p1a: GODZILLA|move: Protect\n|move|p1b: KITKU|Parting Shot|p2b: Moltres\n|-activate|p2b: Moltres|move: Protect\n|\n|upkeep\n|turn|3\n|\n|t:|1782557940\n|switch|p1a: PIEGUSKA|Ninetales-Alola, F|100/100\n|-weather|Snowscape|[from] ability: Snow Warning|[of] p1a: PIEGUSKA\n|-terastallize|p2b: Moltres|Fire\n|move|p2b: Moltres|Nasty Plot|p2b: Moltres\n|-boost|p2b: Moltres|spa|2\n|move|p2a: Incineroar|Flare Blitz|p1a: PIEGUSKA\n|-supereffective|p1a: PIEGUSKA\n|-damage|p1a: PIEGUSKA|50/100\n|-damage|p2a: Incineroar|86/100|[from] Recoil\n|move|p1b: KITKU|Parting Shot|p2b: Moltres\n|-unboost|p2b: Moltres|atk|1\n|-unboost|p2b: Moltres|spa|1\n|inactive|hoen goats has 120 seconds left.\n|\n|t:|1782557957\n|switch|p1b: GODZILLA|Kyurem, tera:Ground|27/100|[from] Parting Shot\n|-ability|p1b: GODZILLA|Pressure\n|\n|-weather|Snowscape|[upkeep]\n|upkeep\n|turn|4\n|\n|t:|1782557979\n|move|p2b: Moltres|Protect|p2b: Moltres\n|-singleturn|p2b: Moltres|Protect\n|move|p1a: PIEGUSKA|Encore|p2b: Moltres\n|-activate|p2b: Moltres|move: Protect\n|move|p1b: GODZILLA|Earth Power|p2a: Incineroar\n|-supereffective|p2a: Incineroar\n|-crit|p2a: Incineroar\n|-damage|p2a: Incineroar|0 fnt\n|faint|p2a: Incineroar\n|-damage|p1b: GODZILLA|17/100|[from] item: Life Orb\n|\n|-weather|Snowscape|[upkeep]\n|upkeep\n|\n|t:|1782557996\n|switch|p2a: Roaring Moon|Roaring Moon|100/100\n|-enditem|p2a: Roaring Moon|Booster Energy\n|-activate|p2a: Roaring Moon|ability: Protosynthesis|[fromitem]\n|-start|p2a: Roaring Moon|protosynthesisspe\n|turn|5\n|\n|t:|1782558022\n|move|p2a: Roaring Moon|Knock Off|p1b: GODZILLA\n|-damage|p1b: GODZILLA|0 fnt\n|-enditem|p1b: GODZILLA|Life Orb|[from] move: Knock Off|[of] p2a: Roaring Moon\n|faint|p1b: GODZILLA\n|move|p1a: PIEGUSKA|Aurora Veil|p1a: PIEGUSKA\n|-sidestart|p1: hoen goats|move: Aurora Veil\n|move|p2b: Moltres|Nasty Plot|p2b: Moltres\n|-boost|p2b: Moltres|spa|2\n|\n|-weather|Snowscape|[upkeep]\n|upkeep\n|inactive|hoen goats has 120 seconds left.\n|\n|t:|1782558033\n|switch|p1b: Tornadus|Tornadus, M|100/100\n|turn|6\n|\n|t:|1782558038\n|move|p1b: Tornadus|Tailwind|p1b: Tornadus\n|-sidestart|p1: hoen goats|move: Tailwind\n|move|p1a: PIEGUSKA|Encore|p2b: Moltres\n|-start|p2b: Moltres|Encore\n|move|p2a: Roaring Moon|Tailwind|p2a: Roaring Moon\n|-sidestart|p2: ultimathrash|move: Tailwind\n|move|p2b: Moltres|Nasty Plot|p2b: Moltres\n|-boost|p2b: Moltres|spa|2\n|\n|-weather|Snowscape|[upkeep]\n|upkeep\n|turn|7\n|\n|t:|1782558054\n|move|p2a: Roaring Moon|Knock Off|p1b: Tornadus\n|-damage|p1b: Tornadus|54/100\n|-enditem|p1b: Tornadus|Covert Cloak|[from] move: Knock Off|[of] p2a: Roaring Moon\n|move|p1b: Tornadus|Bleakwind Storm|p2b: Moltres|[spread] p2a,p2b\n|-crit|p2a: Roaring Moon\n|-damage|p2a: Roaring Moon|53/100\n|-damage|p2b: Moltres|74/100\n|move|p1a: PIEGUSKA|Blizzard|p2a: Roaring Moon|[spread] p2a,p2b\n|-supereffective|p2a: Roaring Moon\n|-resisted|p2b: Moltres\n|-damage|p2a: Roaring Moon|13/100\n|-damage|p2b: Moltres|66/100\n|-status|p2b: Moltres|frz\n|cant|p2b: Moltres|frz\n|\n|-weather|none\n|-heal|p2b: Moltres|72/100 frz|[from] item: Leftovers\n|upkeep\n|turn|8\n|\n|t:|1782558073\n|-end|p2a: Roaring Moon|Protosynthesis|[silent]\n|switch|p2a: Sinistcha|Sinistcha|100/100\n|-heal|p2b: Moltres|97/100 frz|[from] ability: Hospitality|[of] p2a: Sinistcha\n|switch|p1a: KITKU|Incineroar, F|63/100\n|-ability|p1a: KITKU|Intimidate|boost\n|-unboost|p2a: Sinistcha|atk|1\n|-unboost|p2b: Moltres|atk|1\n|move|p1b: Tornadus|Bleakwind Storm|p2b: Moltres|[spread] p2a,p2b\n|-supereffective|p2a: Sinistcha\n|-damage|p2a: Sinistcha|32/100\n|-damage|p2b: Moltres|74/100 frz\n|-enditem|p2a: Sinistcha|Sitrus Berry|[eat]\n|-heal|p2a: Sinistcha|57/100|[from] item: Sitrus Berry\n|cant|p2b: Moltres|frz\n|\n|-heal|p2b: Moltres|80/100 frz|[from] item: Leftovers\n|-end|p2b: Moltres|Encore\n|upkeep\n|turn|9\n|\n|t:|1782558095\n|move|p1a: KITKU|Fake Out|p2b: Moltres\n|-damage|p2b: Moltres|69/100 frz\n|move|p1b: Tornadus|Bleakwind Storm|p2a: Sinistcha|[spread] p2a,p2b\n|-supereffective|p2a: Sinistcha\n|-damage|p2a: Sinistcha|0 fnt\n|-damage|p2b: Moltres|46/100 frz\n|faint|p2a: Sinistcha\n|-ability|p2b: Moltres|Berserk|boost\n|-boost|p2b: Moltres|spa|1\n|cant|p2b: Moltres|frz\n|\n|-heal|p2b: Moltres|52/100 frz|[from] item: Leftovers\n|-sideend|p1: hoen goats|move: Tailwind\n|-sideend|p2: ultimathrash|move: Tailwind\n|upkeep\n|\n|t:|1782558116\n|switch|p2a: Roaring Moon|Roaring Moon|13/100\n|turn|10\n|\n|t:|1782558125\n|move|p1b: Tornadus|Tailwind|p1b: Tornadus\n|-sidestart|p1: hoen goats|move: Tailwind\n|move|p2a: Roaring Moon|Tailwind|p2a: Roaring Moon\n|-sidestart|p2: ultimathrash|move: Tailwind\n|cant|p2b: Moltres|frz\n|move|p1a: KITKU|Knock Off|p2b: Moltres\n|-damage|p2b: Moltres|15/100 frz\n|-enditem|p2b: Moltres|Leftovers|[from] move: Knock Off|[of] p1a: KITKU\n|\n|upkeep\n|turn|11\n|\n|t:|1782558142\n|-curestatus|p2b: Moltres|frz|[msg]\n|move|p2b: Moltres|Protect|p2b: Moltres\n|-singleturn|p2b: Moltres|Protect\n|move|p2a: Roaring Moon|Knock Off|p1b: Tornadus\n|-damage|p1b: Tornadus|23/100\n|move|p1b: Tornadus|Bleakwind Storm|p2a: Roaring Moon|[spread] p2a\n|-activate|p2b: Moltres|move: Protect\n|-crit|p2a: Roaring Moon\n|-damage|p2a: Roaring Moon|0 fnt\n|faint|p2a: Roaring Moon\n|-end|p2a: Roaring Moon|Protosynthesis|[silent]\n|move|p1a: KITKU|Knock Off|p2b: Moltres\n|-activate|p2b: Moltres|move: Protect\n|\n|upkeep\n|\n|t:|1782558146\n|switch|p2a: Ursaluna|Ursaluna-Bloodmoon, M|100/100\n|turn|12\n|\n|t:|1782558162\n|move|p1b: Tornadus|Bleakwind Storm|p2a: Ursaluna|[spread] p2a,p2b\n|-damage|p2a: Ursaluna|71/100\n|-damage|p2b: Moltres|0 fnt\n|faint|p2b: Moltres\n|move|p2a: Ursaluna|Hyper Voice|p1a: KITKU|[spread] p1a,p1b\n|-damage|p1a: KITKU|41/100\n|-damage|p1b: Tornadus|0 fnt\n|-enditem|p1a: KITKU|Sitrus Berry|[eat]\n|-heal|p1a: KITKU|66/100|[from] item: Sitrus Berry\n|faint|p1b: Tornadus\n|move|p1a: KITKU|Knock Off|p2a: Ursaluna\n|-damage|p2a: Ursaluna|41/100\n|-enditem|p2a: Ursaluna|Assault Vest|[from] move: Knock Off|[of] p1a: KITKU\n|\n|-sideend|p1: hoen goats|move: Aurora Veil\n|upkeep\n|\n|t:|1782558174\n|switch|p1b: ROŚLINKA|Rillaboom, M|100/100\n|-fieldstart|move: Grassy Terrain|[from] ability: Grassy Surge|[of] p1b: ROŚLINKA\n|turn|13\n|\n|t:|1782558181\n|move|p1b: ROŚLINKA|Wood Hammer|p2a: Ursaluna\n|-supereffective|p2a: Ursaluna\n|-damage|p2a: Ursaluna|0 fnt\n|faint|p2a: Ursaluna\n|-damage|p1b: ROŚLINKA|88/100|[from] Recoil\n|\n|win|hoen goats\n|raw|hoen goats's rating: 1659 &rarr; <strong>1675</strong><br />(+16 for winning)\n|raw|ultimathrash's rating: 1586 &rarr; <strong>1570</strong><br />(-16 for losing)\n|l|☆ultimathrash\n|player|p2|\n|l|☆hoen goats\n|player|p1|\n", "uploadtime": 1782558488, "views": 3, "formatid": "gen9doublesou", "rating": 1570, "private": 0, "password": null}