{"id": "gen9doublesou-2540047367", "format": "[Gen 9] Doubles OU", "players": ["1437dd-fairy", "GabrieldeCamargos"], "log": "|j|☆1437dd-fairy\n|j|☆GabrieldeCamargos\n|t:|1771151947\n|gametype|doubles\n|player|p1|1437dd-fairy|cynthia|1665\n|player|p2|GabrieldeCamargos|170|1643\n|gen|9\n|tier|[Gen 9] Doubles OU\n|rated|\n|rule|HP Percentage Mod: HP is shown in percentages\n|rule|Endless Battle Clause: Forcing endless battles is banned\n|rule|Species Clause: Limit one of each Pokémon\n|rule|OHKO Clause: OHKO moves are banned\n|rule|Evasion Moves Clause: Evasion moves are banned\n|rule|Gravity Sleep Clause: The combination of sleep-inducing moves with imperfect accuracy and Gravity or Gigantamax Orbeetle are banned\n|rule|Evasion Abilities Clause: Evasion abilities are banned\n|clearpoke\n|poke|p1|Chien-Pao|\n|poke|p1|Rillaboom, M|\n|poke|p1|Dragonite, F|\n|poke|p1|Ting-Lu|\n|poke|p1|Landorus, M|\n|poke|p1|Incineroar, M|\n|poke|p2|Incineroar, F|\n|poke|p2|Tornadus, M|\n|poke|p2|Primarina, M|\n|poke|p2|Ogerpon-Wellspring, F|\n|poke|p2|Gholdengo|\n|poke|p2|Rillaboom, F|\n|teampreview\n|inactive|Battle timer is ON: inactive players will automatically lose when time's up. (requested by 1437dd-fairy)\n|\n|t:|1771151968\n|teamsize|p1|6\n|teamsize|p2|6\n|start\n|switch|p1a: Chien-Pao|Chien-Pao|100/100\n|switch|p1b: Landorus|Landorus, M|100/100\n|switch|p2a: Tornadus|Tornadus, M, shiny|100/100\n|switch|p2b: Incineroar|Incineroar, F, shiny|100/100\n|-ability|p1a: Chien-Pao|Sword of Ruin\n|-ability|p2b: Incineroar|Intimidate|boost\n|-unboost|p1a: Chien-Pao|atk|1\n|-unboost|p1b: Landorus|atk|1\n|turn|1\n|\n|t:|1771151995\n|switch|p1a: Dragonite|Dragonite, F|100/100\n|switch|p1b: Incineroar|Incineroar, M|100/100\n|-ability|p1b: Incineroar|Intimidate|boost\n|-unboost|p2a: Tornadus|atk|1\n|-unboost|p2b: Incineroar|atk|1\n|move|p2b: Incineroar|Fake Out|p1a: Dragonite\n|-damage|p1a: Dragonite|92/100\n|move|p2a: Tornadus|Tailwind|p2a: Tornadus\n|-sidestart|p2: GabrieldeCamargos|move: Tailwind\n|\n|upkeep\n|turn|2\n|\n|t:|1771152019\n|switch|p2a: Primarina|Primarina, M, shiny|100/100\n|switch|p1b: Chien-Pao|Chien-Pao|100/100\n|-ability|p1b: Chien-Pao|Sword of Ruin\n|-terastallize|p1a: Dragonite|Normal\n|move|p1a: Dragonite|Extreme Speed|p2b: Incineroar\n|-damage|p2b: Incineroar|14/100\n|move|p2b: Incineroar|U-turn|p1a: Dragonite\n|-damage|p1a: Dragonite|70/100\n|\n|t:|1771152033\n|switch|p2b: Gholdengo|Gholdengo|100/100|[from] U-turn\n|\n|upkeep\n|turn|3\n|\n|t:|1771152043\n|-terastallize|p2a: Primarina|Water\n|move|p1a: Dragonite|Extreme Speed|p2a: Primarina\n|-damage|p2a: Primarina|0 fnt\n|faint|p2a: Primarina\n|move|p1b: Chien-Pao|Sucker Punch||[still]\n|-fail|p1b: Chien-Pao\n|move|p2b: Gholdengo|Nasty Plot|p2b: Gholdengo\n|-boost|p2b: Gholdengo|spa|2\n|\n|upkeep\n|\n|t:|1771152058\n|switch|p2a: Ogerpon|Ogerpon-Wellspring, F|100/100\n|turn|4\n|\n|t:|1771152068\n|move|p2a: Ogerpon|Spiky Shield|p2a: Ogerpon\n|-singleturn|p2a: Ogerpon|move: Protect\n|move|p1a: Dragonite|Extreme Speed|p2a: Ogerpon\n|-activate|p2a: Ogerpon|move: Protect\n|-damage|p1a: Dragonite|58/100|[from] Spiky Shield|[of] p2a: Ogerpon\n|move|p1b: Chien-Pao|Sucker Punch|p2b: Gholdengo\n|-supereffective|p2b: Gholdengo\n|-damage|p2b: Gholdengo|8/100\n|-enditem|p2b: Gholdengo|Sitrus Berry|[eat]\n|-heal|p2b: Gholdengo|33/100|[from] item: Sitrus Berry\n|move|p2b: Gholdengo|Make It Rain|p1a: Dragonite|[spread] p1a,p1b\n|-supereffective|p1b: Chien-Pao\n|-damage|p1a: Dragonite|0 fnt\n|-enditem|p1b: Chien-Pao|Focus Sash\n|-damage|p1b: Chien-Pao|1/100\n|-unboost|p2b: Gholdengo|spa|1\n|faint|p1a: Dragonite\n|\n|-sideend|p2: GabrieldeCamargos|move: Tailwind\n|upkeep\n|inactive|1437dd-fairy has 120 seconds left.\n|\n|t:|1771152108\n|switch|p1a: Rillaboom|Rillaboom, M|100/100\n|-fieldstart|move: Grassy Terrain|[from] ability: Grassy Surge|[of] p1a: Rillaboom\n|turn|5\n|inactive|1437dd-fairy has 120 seconds left.\n|\n|t:|1771152127\n|move|p1a: Rillaboom|Fake Out|p2a: Ogerpon\n|-damage|p2a: Ogerpon|73/100\n|move|p1b: Chien-Pao|Sucker Punch||[still]\n|-fail|p1b: Chien-Pao\n|cant|p2a: Ogerpon|flinch\n|move|p2b: Gholdengo|Nasty Plot|p2b: Gholdengo\n|-boost|p2b: Gholdengo|spa|2\n|\n|-heal|p1b: Chien-Pao|7/100|[from] Grassy Terrain\n|-heal|p2a: Ogerpon|79/100|[from] Grassy Terrain\n|-heal|p2b: Gholdengo|39/100|[from] Grassy Terrain\n|upkeep\n|turn|6\n|\n|t:|1771152149\n|move|p2b: Gholdengo|Protect|p2b: Gholdengo\n|-singleturn|p2b: Gholdengo|Protect\n|move|p1a: Rillaboom|Grassy Glide|p2a: Ogerpon\n|-damage|p2a: Ogerpon|5/100\n|move|p1b: Chien-Pao|Ice Spinner|p2a: Ogerpon\n|-damage|p2a: Ogerpon|0 fnt\n|-fieldend|move: Grassy Terrain\n|faint|p2a: Ogerpon\n|\n|upkeep\n|\n|t:|1771152162\n|switch|p2a: Tornadus|Tornadus, M, shiny|100/100\n|turn|7\n|\n|t:|1771152182\n|switch|p1a: Incineroar|Incineroar, M|100/100\n|-ability|p1a: Incineroar|Intimidate|boost\n|-unboost|p2a: Tornadus|atk|1\n|-unboost|p2b: Gholdengo|atk|1\n|move|p1b: Chien-Pao|Protect|p1b: Chien-Pao\n|-singleturn|p1b: Chien-Pao|Protect\n|move|p2a: Tornadus|Tailwind|p2a: Tornadus\n|-sidestart|p2: GabrieldeCamargos|move: Tailwind\n|move|p2b: Gholdengo|Make It Rain|p1b: Chien-Pao|[spread] p1a\n|-activate|p1b: Chien-Pao|move: Protect\n|-resisted|p1a: Incineroar\n|-damage|p1a: Incineroar|54/100\n|-unboost|p2b: Gholdengo|spa|1\n|\n|upkeep\n|turn|8\n|\n|t:|1771152208\n|switch|p2a: Incineroar|Incineroar, F, shiny|14/100\n|-ability|p2a: Incineroar|Intimidate|boost\n|-unboost|p1a: Incineroar|atk|1\n|-unboost|p1b: Chien-Pao|atk|1\n|move|p2b: Gholdengo|Protect|p2b: Gholdengo\n|-singleturn|p2b: Gholdengo|Protect\n|move|p1b: Chien-Pao|Ice Spinner|p2a: Incineroar\n|-resisted|p2a: Incineroar\n|-damage|p2a: Incineroar|0 fnt\n|faint|p2a: Incineroar\n|move|p1a: Incineroar|Flare Blitz|p2b: Gholdengo\n|-activate|p2b: Gholdengo|move: Protect\n|\n|upkeep\n|\n|t:|1771152223\n|switch|p2a: Rillaboom|Rillaboom, F, shiny|100/100\n|-fieldstart|move: Grassy Terrain|[from] ability: Grassy Surge|[of] p2a: Rillaboom\n|turn|9\n|\n|t:|1771152252\n|switch|p1b: Rillaboom|Rillaboom, M|100/100\n|move|p2a: Rillaboom|High Horsepower|p1a: Incineroar\n|-supereffective|p1a: Incineroar\n|-damage|p1a: Incineroar|0 fnt\n|faint|p1a: Incineroar\n|-damage|p2a: Rillaboom|91/100|[from] item: Life Orb\n|move|p2b: Gholdengo|Shadow Ball|p1b: Rillaboom\n|-damage|p1b: Rillaboom|34/100\n|\n|-heal|p2a: Rillaboom|97/100|[from] Grassy Terrain\n|-heal|p2b: Gholdengo|45/100|[from] Grassy Terrain\n|-heal|p1b: Rillaboom|41/100|[from] Grassy Terrain\n|upkeep\n|inactive|1437dd-fairy has 120 seconds left.\n|\n|t:|1771152266\n|switch|p1a: Ting-Lu|Ting-Lu|100/100\n|-ability|p1a: Ting-Lu|Vessel of Ruin\n|turn|10\n|inactive|1437dd-fairy has 120 seconds left.\n|\n|t:|1771152305\n|move|p1b: Rillaboom|Fake Out|p2a: Rillaboom\n|-damage|p2a: Rillaboom|80/100\n|cant|p2a: Rillaboom|flinch\n|move|p2b: Gholdengo|Make It Rain|p1a: Ting-Lu|[spread] p1a,p1b\n|-crit|p1a: Ting-Lu\n|-damage|p1a: Ting-Lu|19/100\n|-damage|p1b: Rillaboom|0 fnt\n|-unboost|p2b: Gholdengo|spa|1\n|faint|p1b: Rillaboom\n|move|p1a: Ting-Lu|Stomping Tantrum|p2b: Gholdengo\n|-supereffective|p2b: Gholdengo\n|-damage|p2b: Gholdengo|0 fnt\n|faint|p2b: Gholdengo\n|\n|-heal|p2a: Rillaboom|86/100|[from] Grassy Terrain\n|-heal|p1a: Ting-Lu|26/100|[from] Grassy Terrain\n|-heal|p1a: Ting-Lu|32/100|[from] item: Leftovers\n|-sideend|p2: GabrieldeCamargos|move: Tailwind\n|upkeep\n|\n|t:|1771152325\n|switch|p1b: Landorus|Landorus, M|100/100\n|switch|p2b: Tornadus|Tornadus, M, shiny|100/100\n|turn|11\n|inactive|1437dd-fairy has 120 seconds left.\n|\n|t:|1771152357\n|move|p2b: Tornadus|Tailwind|p2b: Tornadus\n|-sidestart|p2: GabrieldeCamargos|move: Tailwind\n|move|p2a: Rillaboom|Grassy Glide|p1a: Ting-Lu\n|-supereffective|p1a: Ting-Lu\n|-damage|p1a: Ting-Lu|0 fnt\n|faint|p1a: Ting-Lu\n|-damage|p2a: Rillaboom|77/100|[from] item: Life Orb\n|move|p1b: Landorus|Sludge Bomb|p2a: Rillaboom\n|-supereffective|p2a: Rillaboom\n|-damage|p2a: Rillaboom|0 fnt\n|faint|p2a: Rillaboom\n|\n|upkeep\n|\n|t:|1771152362\n|switch|p1a: Chien-Pao|Chien-Pao|7/100\n|-ability|p1a: Chien-Pao|Sword of Ruin\n|turn|12\n|inactive|1437dd-fairy has 120 seconds left.\n|\n|t:|1771152391\n|move|p1a: Chien-Pao|Sucker Punch|p2b: Tornadus\n|-damage|p2b: Tornadus|40/100\n|move|p2b: Tornadus|Bleakwind Storm|p1b: Landorus|[spread] p1a\n|-miss|p2b: Tornadus|p1b: Landorus\n|-damage|p1a: Chien-Pao|0 fnt\n|faint|p1a: Chien-Pao\n|move|p1b: Landorus|Sludge Bomb|p2b: Tornadus\n|-damage|p2b: Tornadus|0 fnt\n|faint|p2b: Tornadus\n|\n|win|1437dd-fairy\n|raw|1437dd-fairy's rating: 1665 &rarr; <strong>1684</strong><br />(+19 for winning)\n|raw|GabrieldeCamargos's rating: 1643 &rarr; <strong>1624</strong><br />(-19 for losing)\n|l|☆GabrieldeCamargos\n|player|p2|\n|l|☆1437dd-fairy\n|player|p1|\n", "uploadtime": 1771152741, "views": 12, "formatid": "gen9doublesou", "rating": 1624, "private": 0, "password": null}