{"id": "gen9doublesou-2540471841", "format": "[Gen 9] Doubles OU", "players": ["Ralsei Hatty", "Natures Conqueror"], "log": "|badge|p2|bronze|gen9doublesou|100-8\n|badge|p2|gold|gen9ru|3-8\n|uhtml|medal-msg|<div class=\"broadcast-blue\">Curious what those medals under the avatar are? PS now has Ladder Seasons! For more information, check out the <a href=\"https://www.smogon.com/forums/threads/3740067/\">thread on Smogon.</a></div>\n|j|☆Ralsei Hatty\n|j|☆Natures Conqueror\n|t:|1771206227\n|gametype|doubles\n|player|p1|Ralsei Hatty|bea-masters|1636\n|player|p2|Natures Conqueror|dancer|1763\n|gen|9\n|tier|[Gen 9] Doubles OU\n|rated|\n|rule|HP Percentage Mod: HP is shown in percentages\n|rule|Endless Battle Clause: Forcing endless battles is banned\n|rule|Species Clause: Limit one of each Pokémon\n|rule|OHKO Clause: OHKO moves are banned\n|rule|Evasion Moves Clause: Evasion moves are banned\n|rule|Gravity Sleep Clause: The combination of sleep-inducing moves with imperfect accuracy and Gravity or Gigantamax Orbeetle are banned\n|rule|Evasion Abilities Clause: Evasion abilities are banned\n|clearpoke\n|poke|p1|Sylveon, F|\n|poke|p1|Ogerpon-Wellspring, F|\n|poke|p1|Farigiraf, F|\n|poke|p1|Landorus, M|\n|poke|p1|Roaring Moon|\n|poke|p1|Incineroar, M|\n|poke|p2|Hoopa-Unbound|\n|poke|p2|Indeedee-F, F|\n|poke|p2|Torkoal, M|\n|poke|p2|Diancie|\n|poke|p2|Hatterene, F|\n|poke|p2|Malamar, M|\n|teampreview\n|inactive|Battle timer is ON: inactive players will automatically lose when time's up. (requested by Ralsei Hatty)\n|c|☆Ralsei Hatty|Bro is medal farming\n|j| inakunana\n|\n|t:|1771206264\n|teamsize|p1|6\n|teamsize|p2|6\n|start\n|switch|p1a: Beto Cachos|Incineroar, M|100/100\n|switch|p1b: Notlena|Farigiraf, F, shiny|100/100\n|switch|p2a: Skips|Hoopa-Unbound|100/100\n|switch|p2b: Benson|Malamar, M|100/100\n|-ability|p1a: Beto Cachos|Intimidate|boost\n|-unboost|p2a: Skips|atk|1\n|-boost|p2b: Benson|atk|1\n|turn|1\n|\n|t:|1771206276\n|-terastallize|p1b: Notlena|Fairy\n|move|p1b: Notlena|Helping Hand|p1a: Beto Cachos\n|-singleturn|p1a: Beto Cachos|Helping Hand|[of] p1b: Notlena\n|move|p1a: Beto Cachos|U-turn|p2a: Skips\n|-supereffective|p2a: Skips\n|-damage|p2a: Skips|0 fnt\n|faint|p2a: Skips\n|j| traceyscetchit\n|\n|t:|1771206287\n|switch|p1a: Eu|Sylveon, F, shiny|100/100|[from] U-turn\n|move|p2b: Benson|Knock Off|p1b: Notlena\n|-resisted|p1b: Notlena\n|-damage|p1b: Notlena|71/100\n|-enditem|p1b: Notlena|Sitrus Berry|[from] move: Knock Off|[of] p2b: Benson\n|\n|upkeep\n|\n|t:|1771206299\n|switch|p2a: Mordecai|Indeedee-F, F|100/100\n|-fieldstart|move: Psychic Terrain|[from] ability: Psychic Surge|[of] p2a: Mordecai\n|turn|2\n|inactive|Natures Conqueror has 120 seconds left.\n|\n|t:|1771206343\n|-terastallize|p2b: Benson|Fire\n|move|p1a: Eu|Hyper Voice|p2a: Mordecai|[spread] p2a,p2b\n|-resisted|p2b: Benson\n|-damage|p2a: Mordecai|50/100\n|-damage|p2b: Benson|64/100\n|move|p2a: Mordecai|Dazzling Gleam|p1a: Eu|[spread] p1a,p1b\n|-damage|p1a: Eu|89/100\n|-damage|p1b: Notlena|59/100\n|move|p2b: Benson|Superpower|p1b: Notlena\n|-resisted|p1b: Notlena\n|-damage|p1b: Notlena|34/100\n|-boost|p2b: Benson|atk|1\n|-boost|p2b: Benson|def|1\n|move|p1b: Notlena|Trick Room|p1b: Notlena\n|-fieldstart|move: Trick Room|[of] p1b: Notlena\n|\n|-heal|p2b: Benson|70/100|[from] item: Leftovers\n|upkeep\n|turn|3\n|inactive|Natures Conqueror has 120 seconds left.\n|\n|t:|1771206373\n|switch|p1b: Naoki|Roaring Moon|100/100\n|-enditem|p1b: Naoki|Booster Energy\n|-activate|p1b: Naoki|ability: Protosynthesis|[fromitem]\n|-start|p1b: Naoki|protosynthesisspe\n|move|p2b: Benson|Superpower|p1b: Naoki\n|-supereffective|p1b: Naoki\n|-damage|p1b: Naoki|0 fnt\n|-boost|p2b: Benson|atk|1\n|-boost|p2b: Benson|def|1\n|faint|p1b: Naoki\n|-end|p1b: Naoki|Protosynthesis|[silent]\n|move|p2a: Mordecai|Dazzling Gleam|p1a: Eu\n|-damage|p1a: Eu|74/100\n|move|p1a: Eu|Hyper Voice|p2a: Mordecai|[spread] p2a,p2b\n|-resisted|p2b: Benson\n|-damage|p2a: Mordecai|0 fnt\n|-damage|p2b: Benson|36/100\n|faint|p2a: Mordecai\n|\n|-heal|p2b: Benson|43/100|[from] item: Leftovers\n|upkeep\n|inactive|Ralsei Hatty has 120 seconds left.\n|\n|t:|1771206389\n|switch|p2a: Hi Five Ghost|Hatterene, F|100/100\n|switch|p1b: Inakunana|Ogerpon-Wellspring, F|100/100\n|turn|4\n|\n|t:|1771206403\n|switch|p1a: Beto Cachos|Incineroar, M|100/100\n|-ability|p1a: Beto Cachos|Intimidate|boost\n|-unboost|p2a: Hi Five Ghost|atk|1\n|-boost|p2b: Benson|atk|1\n|move|p1b: Inakunana|Spiky Shield|p1b: Inakunana\n|-singleturn|p1b: Inakunana|move: Protect\n|move|p2a: Hi Five Ghost|Expanding Force|p1b: Inakunana|[spread] \n|-activate|p1b: Inakunana|move: Protect\n|-immune|p1a: Beto Cachos\n|move|p2b: Benson|Superpower|p1b: Inakunana\n|-activate|p1b: Inakunana|move: Protect\n|-damage|p2b: Benson|30/100|[from] Spiky Shield|[of] p1b: Inakunana\n|\n|-heal|p2b: Benson|36/100|[from] item: Leftovers\n|upkeep\n|turn|5\n|-message|Ralsei Hatty forfeited.\n|\n|win|Natures Conqueror\n|raw|Ralsei Hatty's rating: 1636 &rarr; <strong>1623</strong><br />(-13 for losing)\n|raw|Natures Conqueror's rating: 1763 &rarr; <strong>1776</strong><br />(+13 for winning)\n|l|☆Ralsei Hatty\n|player|p1|\n|c|☆Natures Conqueror|Hi Inakunana\n|c| inakunana|sup\n|c|☆Natures Conqueror|Nm hru\n|c| inakunana|im doing well\n|c| inakunana|hbu\n|c|☆Natures Conqueror|Good to hear :)\n|c|☆Natures Conqueror|Im well thank you\n|c| inakunana|you still havent added me on discord\n|c| inakunana|smh\n|l| inakunana\n|j| inakunana\n|l| inakunana\n|j| inakunana\n|l|☆Natures Conqueror\n|player|p2|\n", "uploadtime": 1771206723, "views": 14, "formatid": "gen9doublesou", "rating": 1623, "private": 0, "password": null}