{"id": "gen9doublesou-2640010927", "format": "[Gen 9] Doubles OU", "players": ["mobtitan", "dr drillbee"], "log": "|j|☆mobtitan\n|j|☆dr drillbee\n|t:|1782563368\n|gametype|doubles\n|player|p1|mobtitan|170|1624\n|player|p2|dr drillbee|bugcatcher-gen4dp|1487\n|gen|9\n|tier|[Gen 9] Doubles OU\n|rated|\n|rule|HP Percentage Mod: HP is shown in percentages\n|rule|Endless Battle Clause: Forcing endless battles is banned\n|rule|Species Clause: Limit one of each Pokémon\n|rule|OHKO Clause: OHKO moves are banned\n|rule|Evasion Moves Clause: Evasion moves are banned\n|rule|Gravity Sleep Clause: The combination of sleep-inducing moves with imperfect accuracy and Gravity or Gigantamax Orbeetle are banned\n|rule|Evasion Abilities Clause: Evasion abilities are banned\n|clearpoke\n|poke|p1|Farigiraf, F|\n|poke|p1|Whimsicott, F|\n|poke|p1|Gholdengo|\n|poke|p1|Hoopa-Unbound|\n|poke|p1|Regidrago|\n|poke|p1|Torkoal, L99, F|\n|poke|p2|Empoleon, M|\n|poke|p2|Wyrdeer, M|\n|poke|p2|Vaporeon, F|\n|poke|p2|Oranguru, F|\n|poke|p2|Ludicolo, F|\n|poke|p2|Regidrago|\n|teampreview\n|inactive|Battle timer is ON: inactive players will automatically lose when time's up. (requested by dr drillbee)\n|inactive|mobtitan also wants the timer to be on.\n|inactive|mobtitan has 120 seconds left.\n|\n|t:|1782563406\n|teamsize|p1|6\n|teamsize|p2|6\n|start\n|switch|p1a: Farigiraf|Farigiraf, F|100/100\n|switch|p1b: Hoopa|Hoopa-Unbound|100/100\n|switch|p2a: Honchcrow|Vaporeon, F|100/100\n|switch|p2b: Sao Paulo|Regidrago|100/100\n|turn|1\n|\n|t:|1782563421\n|move|p2b: Sao Paulo|Dragon Energy|p1a: Farigiraf|[spread] p1a,p1b\n|-damage|p1a: Farigiraf|34/100\n|-damage|p1b: Hoopa|41/100\n|move|p2a: Honchcrow|Rain Dance|p2a: Honchcrow\n|-weather|RainDance\n|move|p1a: Farigiraf|Hyper Voice|p2a: Honchcrow|[spread] p2a,p2b\n|-damage|p2a: Honchcrow|84/100\n|-damage|p2b: Sao Paulo|75/100\n|move|p1b: Hoopa|Trick Room|p1b: Hoopa\n|-fieldstart|move: Trick Room|[of] p1b: Hoopa\n|\n|-weather|RainDance|[upkeep]\n|upkeep\n|turn|2\n|inactive|mobtitan has 120 seconds left.\n|\n|t:|1782563467\n|switch|p2b: The Bishop|Wyrdeer, M|100/100\n|-ability|p2b: The Bishop|Intimidate|boost\n|-unboost|p1a: Farigiraf|atk|1\n|-unboost|p1b: Hoopa|atk|1\n|move|p1a: Farigiraf|Helping Hand|p1b: Hoopa\n|-singleturn|p1b: Hoopa|Helping Hand|[of] p1a: Farigiraf\n|move|p2a: Honchcrow|Calm Mind|p2a: Honchcrow\n|-boost|p2a: Honchcrow|spa|1\n|-boost|p2a: Honchcrow|spd|1\n|move|p1b: Hoopa|Hyperspace Fury|p2b: The Bishop\n|-supereffective|p2b: The Bishop\n|-enditem|p2b: The Bishop|Colbur Berry|[eat]\n|-enditem|p2b: The Bishop|Colbur Berry|[weaken]\n|-damage|p2b: The Bishop|54/100\n|-unboost|p1b: Hoopa|def|1\n|\n|-weather|RainDance|[upkeep]\n|upkeep\n|turn|3\n|inactive|mobtitan has 120 seconds left.\n|inactive|dr drillbee has 120 seconds left.\n|\n|t:|1782563500\n|move|p1a: Farigiraf|Hyper Voice|p2b: The Bishop|[spread] p2a,p2b\n|-damage|p2a: Honchcrow|72/100\n|-damage|p2b: The Bishop|32/100\n|move|p2a: Honchcrow|Ice Beam|p1b: Hoopa\n|-damage|p1b: Hoopa|16/100\n|move|p2b: The Bishop|Light Screen|p2b: The Bishop\n|-sidestart|p2: dr drillbee|move: Light Screen\n|move|p1b: Hoopa|Hyperspace Fury|p2b: The Bishop\n|-supereffective|p2b: The Bishop\n|-damage|p2b: The Bishop|0 fnt\n|-unboost|p1b: Hoopa|def|1\n|faint|p2b: The Bishop\n|\n|-weather|RainDance|[upkeep]\n|upkeep\n|inactive|dr drillbee has 120 seconds left.\n|\n|t:|1782563528\n|switch|p2b: Virgin Mary|Oranguru, F|100/100\n|turn|4\n|inactive|dr drillbee has 120 seconds left.\n|\n|t:|1782563541\n|move|p1a: Farigiraf|Foul Play|p2b: Virgin Mary\n|-supereffective|p2b: Virgin Mary\n|-damage|p2b: Virgin Mary|85/100\n|move|p2a: Honchcrow|Calm Mind|p2a: Honchcrow\n|-boost|p2a: Honchcrow|spa|1\n|-boost|p2a: Honchcrow|spd|1\n|move|p2b: Virgin Mary|Instruct|p2a: Honchcrow\n|-singleturn|p2a: Honchcrow|move: Instruct|[of] p2b: Virgin Mary\n|move|p2a: Honchcrow|Calm Mind|p2a: Honchcrow\n|-boost|p2a: Honchcrow|spa|1\n|-boost|p2a: Honchcrow|spd|1\n|move|p1b: Hoopa|Hyperspace Fury|p2b: Virgin Mary\n|-supereffective|p2b: Virgin Mary\n|-damage|p2b: Virgin Mary|32/100\n|-unboost|p1b: Hoopa|def|1\n|\n|-weather|RainDance|[upkeep]\n|upkeep\n|turn|5\n|\n|t:|1782563560\n|switch|p1b: Whimsicott|Whimsicott, F|100/100\n|move|p1a: Farigiraf|Hyper Voice|p2a: Honchcrow|[spread] p2a,p2b\n|-damage|p2a: Honchcrow|67/100\n|-damage|p2b: Virgin Mary|18/100\n|move|p2a: Honchcrow|Ice Beam|p1b: Whimsicott\n|-supereffective|p1b: Whimsicott\n|-enditem|p1b: Whimsicott|Focus Sash\n|-damage|p1b: Whimsicott|1/100\n|move|p2b: Virgin Mary|Instruct|p2a: Honchcrow\n|-singleturn|p2a: Honchcrow|move: Instruct|[of] p2b: Virgin Mary\n|move|p2a: Honchcrow|Ice Beam|p1b: Whimsicott\n|-supereffective|p1b: Whimsicott\n|-damage|p1b: Whimsicott|0 fnt\n|faint|p1b: Whimsicott\n|\n|-weather|RainDance|[upkeep]\n|-fieldend|move: Trick Room\n|upkeep\n|inactive|mobtitan has 120 seconds left.\n|\n|t:|1782563581\n|switch|p1b: Torkoal|Torkoal, L99, F|100/100\n|-weather|SunnyDay|[from] ability: Drought|[of] p1b: Torkoal\n|turn|6\n|\n|t:|1782563600\n|switch|p1b: Hoopa|Hoopa-Unbound|16/100\n|move|p2b: Virgin Mary|Instruct|p2a: Honchcrow\n|-singleturn|p2a: Honchcrow|move: Instruct|[of] p2b: Virgin Mary\n|move|p2a: Honchcrow|Ice Beam|p1b: Hoopa\n|-damage|p1b: Hoopa|0 fnt\n|faint|p1b: Hoopa\n|move|p2a: Honchcrow|Ice Beam|p1a: Farigiraf\n|-crit|p1a: Farigiraf\n|-damage|p1a: Farigiraf|0 fnt\n|faint|p1a: Farigiraf\n|\n|-weather|SunnyDay|[upkeep]\n|upkeep\n|\n|t:|1782563614\n|switch|p1b: Torkoal|Torkoal, L99, F|100/100\n|switch|p1a: Gholdengo|Gholdengo|100/100\n|turn|7\n|\n|t:|1782563624\n|move|p1a: Gholdengo|Protect|p1a: Gholdengo\n|-singleturn|p1a: Gholdengo|Protect\n|move|p2b: Virgin Mary|Instruct|p2a: Honchcrow\n|-singleturn|p2a: Honchcrow|move: Instruct|[of] p2b: Virgin Mary\n|move|p2a: Honchcrow|Ice Beam|p1b: Torkoal\n|-resisted|p1b: Torkoal\n|-damage|p1b: Torkoal|65/100\n|move|p2a: Honchcrow|Ice Beam|p1b: Torkoal\n|-resisted|p1b: Torkoal\n|-damage|p1b: Torkoal|26/100\n|move|p1b: Torkoal|Clear Smog|p2a: Honchcrow\n|-damage|p2a: Honchcrow|63/100\n|-clearboost|p2a: Honchcrow\n|\n|-weather|SunnyDay|[upkeep]\n|-sideend|p2: dr drillbee|move: Light Screen\n|upkeep\n|turn|8\n|\n|t:|1782563654\n|switch|p1b: Regidrago|Regidrago|100/100\n|move|p1a: Gholdengo|Nasty Plot|p1a: Gholdengo\n|-boost|p1a: Gholdengo|spa|2\n|move|p2b: Virgin Mary|Psychic|p1b: Regidrago\n|-crit|p1b: Regidrago\n|-damage|p1b: Regidrago|59/100\n|move|p2a: Honchcrow|Ice Beam|p1a: Gholdengo\n|-resisted|p1a: Gholdengo\n|-damage|p1a: Gholdengo|90/100\n|\n|-weather|SunnyDay|[upkeep]\n|upkeep\n|turn|9\n|inactive|dr drillbee has 120 seconds left.\n|\n|t:|1782563685\n|move|p1a: Gholdengo|Shadow Ball|p2a: Honchcrow\n|-damage|p2a: Honchcrow|0 fnt\n|faint|p2a: Honchcrow\n|-damage|p1a: Gholdengo|80/100|[from] item: Life Orb\n|move|p1b: Regidrago|Dragon Pulse|p2b: Virgin Mary\n|-damage|p2b: Virgin Mary|0 fnt\n|faint|p2b: Virgin Mary\n|\n|-weather|SunnyDay|[upkeep]\n|upkeep\n|inactive|dr drillbee has 120 seconds left.\n|\n|t:|1782563694\n|switch|p2b: Sao Paulo|Regidrago|75/100\n|switch|p2a: Jonny High Kicks|Ludicolo, F|100/100\n|turn|10\n|inactive|dr drillbee has 120 seconds left.\n|\n|t:|1782563723\n|move|p1b: Regidrago|Protect|p1b: Regidrago\n|-singleturn|p1b: Regidrago|Protect\n|move|p2b: Sao Paulo|Draco Meteor|p1b: Regidrago\n|-activate|p1b: Regidrago|move: Protect\n|move|p2a: Jonny High Kicks|Weather Ball|p1a: Gholdengo\n|-supereffective|p1a: Gholdengo\n|-damage|p1a: Gholdengo|0 fnt\n|faint|p1a: Gholdengo\n|-damage|p2a: Jonny High Kicks|91/100|[from] item: Life Orb\n|\n|-weather|none\n|upkeep\n|\n|t:|1782563734\n|switch|p1a: Torkoal|Torkoal, L99, F|26/100\n|-weather|SunnyDay|[from] ability: Drought|[of] p1a: Torkoal\n|turn|11\n|\n|t:|1782563757\n|-terastallize|p1b: Regidrago|Dragon\n|move|p2b: Sao Paulo|Draco Meteor|p1b: Regidrago\n|-supereffective|p1b: Regidrago\n|-damage|p1b: Regidrago|0 fnt\n|-unboost|p2b: Sao Paulo|spa|2\n|faint|p1b: Regidrago\n|move|p2a: Jonny High Kicks|Energy Ball|p1a: Torkoal\n|-resisted|p1a: Torkoal\n|-damage|p1a: Torkoal|0 fnt\n|faint|p1a: Torkoal\n|-damage|p2a: Jonny High Kicks|81/100|[from] item: Life Orb\n|\n|win|dr drillbee\n|raw|mobtitan's rating: 1624 &rarr; <strong>1596</strong><br />(-28 for losing)\n|raw|dr drillbee's rating: 1487 &rarr; <strong>1515</strong><br />(+28 for winning)\n|l|☆mobtitan\n|player|p1|\n|l|☆dr drillbee\n|player|p2|\n", "uploadtime": 1782564050, "views": 2, "formatid": "gen9doublesou", "rating": 1515, "private": 0, "password": null}