{"id": "gen9doublesou-2540033002", "format": "[Gen 9] Doubles OU", "players": ["jwespen", "darksol1111"], "log": "|j|☆jwespen\n|j|☆darksol1111\n|t:|1771148973\n|gametype|doubles\n|player|p1|jwespen|1|1645\n|player|p2|darksol1111|veteran|1537\n|gen|9\n|tier|[Gen 9] Doubles OU\n|rated|\n|rule|HP Percentage Mod: HP is shown in percentages\n|rule|Endless Battle Clause: Forcing endless battles is banned\n|rule|Species Clause: Limit one of each Pokémon\n|rule|OHKO Clause: OHKO moves are banned\n|rule|Evasion Moves Clause: Evasion moves are banned\n|rule|Gravity Sleep Clause: The combination of sleep-inducing moves with imperfect accuracy and Gravity or Gigantamax Orbeetle are banned\n|rule|Evasion Abilities Clause: Evasion abilities are banned\n|clearpoke\n|poke|p1|Kilowattrel, F|\n|poke|p1|Garchomp, M|\n|poke|p1|Ninetales-Alola, F|\n|poke|p1|Rotom-Frost|\n|poke|p1|Torterra, M|\n|poke|p1|Landorus-Therian, M|\n|poke|p2|Toxapex, M|\n|poke|p2|Goodra-Hisui, F|\n|poke|p2|Grimmsnarl, M|\n|poke|p2|Sinistcha|\n|poke|p2|Landorus-Therian, M|\n|poke|p2|Iron Hands|\n|teampreview\n|inactive|Battle timer is ON: inactive players will automatically lose when time's up. (requested by jwespen)\n|\n|t:|1771149000\n|teamsize|p1|6\n|teamsize|p2|6\n|start\n|switch|p1a: Ninetales|Ninetales-Alola, F|100/100\n|switch|p1b: Garchomp|Garchomp, M|100/100\n|switch|p2a: Toxapex|Toxapex, M|100/100\n|switch|p2b: Goodra|Goodra-Hisui, F|100/100\n|-weather|Snowscape|[from] ability: Snow Warning|[of] p1a: Ninetales\n|turn|1\n|\n|t:|1771149016\n|move|p1a: Ninetales|Protect|p1a: Ninetales\n|-singleturn|p1a: Ninetales|Protect\n|move|p1b: Garchomp|Swords Dance|p1b: Garchomp\n|-boost|p1b: Garchomp|atk|2\n|move|p2b: Goodra|Shelter|p2b: Goodra\n|-boost|p2b: Goodra|def|2\n|move|p2a: Toxapex|Toxic|p1a: Ninetales\n|-activate|p1a: Ninetales|move: Protect\n|\n|-weather|Snowscape|[upkeep]\n|upkeep\n|turn|2\n|\n|t:|1771149037\n|switch|p1a: Landorus|Landorus-Therian, M|100/100\n|-ability|p1a: Landorus|Intimidate|boost\n|-unboost|p2a: Toxapex|atk|1\n|-unboost|p2b: Goodra|atk|1\n|-terastallize|p2b: Goodra|Water\n|move|p1b: Garchomp|Earthquake|p2b: Goodra|[spread] p2a,p2b\n|-immune|p1a: Landorus\n|-supereffective|p2a: Toxapex\n|-damage|p2a: Toxapex|2/100\n|-damage|p2b: Goodra|72/100\n|move|p2b: Goodra|Heavy Slam|p1a: Landorus\n|-damage|p1a: Landorus|76/100\n|move|p2a: Toxapex|Toxic|p1b: Garchomp\n|-status|p1b: Garchomp|tox\n|\n|-weather|Snowscape|[upkeep]\n|-heal|p2b: Goodra|78/100|[from] item: Leftovers\n|-damage|p1b: Garchomp|94/100 tox|[from] psn\n|upkeep\n|turn|3\n|\n|t:|1771149063\n|switch|p2a: Sinistcha|Sinistcha|100/100\n|-heal|p2b: Goodra|100/100|[from] ability: Hospitality|[of] p2a: Sinistcha\n|move|p1a: Landorus|U-turn|p2b: Goodra\n|-damage|p2b: Goodra|90/100\n|\n|t:|1771149070\n|switch|p1a: Kilowattrel|Kilowattrel, F|100/100|[from] U-turn\n|move|p1b: Garchomp|Earthquake|p2a: Sinistcha|[spread] p2a,p2b\n|-immune|p1a: Kilowattrel\n|-resisted|p2a: Sinistcha\n|-crit|p2a: Sinistcha\n|-damage|p2a: Sinistcha|51/100\n|-damage|p2b: Goodra|64/100\n|move|p2b: Goodra|Body Press|p1b: Garchomp\n|-damage|p1b: Garchomp|48/100 tox\n|-damage|p2b: Goodra|51/100|[from] ability: Rough Skin|[of] p1b: Garchomp\n|\n|-weather|Snowscape|[upkeep]\n|-heal|p1b: Garchomp|54/100 tox|[from] item: Leftovers\n|-heal|p2b: Goodra|57/100|[from] item: Leftovers\n|-damage|p1b: Garchomp|42/100 tox|[from] psn\n|upkeep\n|turn|4\n|\n|t:|1771149095\n|switch|p2b: Landorus|Landorus-Therian, M|100/100\n|-ability|p2b: Landorus|Intimidate|boost\n|-unboost|p1a: Kilowattrel|atk|1\n|-ability|p1a: Kilowattrel|Competitive|boost\n|-boost|p1a: Kilowattrel|spa|2\n|-unboost|p1b: Garchomp|atk|1\n|move|p1a: Kilowattrel|Tailwind|p1a: Kilowattrel\n|-sidestart|p1: jwespen|move: Tailwind\n|move|p1b: Garchomp|Earthquake|p2b: Landorus|[spread] p2a\n|-immune|p1a: Kilowattrel\n|-immune|p2b: Landorus\n|-resisted|p2a: Sinistcha\n|-damage|p2a: Sinistcha|26/100\n|-enditem|p2a: Sinistcha|Sitrus Berry|[eat]\n|-heal|p2a: Sinistcha|50/100|[from] item: Sitrus Berry\n|move|p2a: Sinistcha|Matcha Gotcha|p1a: Kilowattrel|[spread] p1a\n|-miss|p2a: Sinistcha|p1b: Garchomp\n|-resisted|p1a: Kilowattrel\n|-damage|p1a: Kilowattrel|80/100\n|-heal|p2a: Sinistcha|59/100|[from] drain|[of] p1a: Kilowattrel\n|\n|-weather|Snowscape|[upkeep]\n|-heal|p1b: Garchomp|48/100 tox|[from] item: Leftovers\n|-damage|p1b: Garchomp|30/100 tox|[from] psn\n|upkeep\n|turn|5\n|inactive|jwespen has 120 seconds left.\n|inactive|darksol1111 has 120 seconds left.\n|\n|t:|1771149132\n|switch|p1b: Landorus|Landorus-Therian, M|76/100\n|-ability|p1b: Landorus|Intimidate|boost\n|-unboost|p2a: Sinistcha|atk|1\n|-unboost|p2b: Landorus|atk|1\n|move|p1a: Kilowattrel|Air Slash|p2a: Sinistcha\n|-supereffective|p2a: Sinistcha\n|-damage|p2a: Sinistcha|0 fnt\n|faint|p2a: Sinistcha\n|move|p2b: Landorus|Rock Slide|p1b: Landorus|[spread] p1a,p1b\n|-supereffective|p1a: Kilowattrel\n|-damage|p1a: Kilowattrel|23/100\n|-damage|p1b: Landorus|59/100\n|\n|-weather|none\n|upkeep\n|inactive|darksol1111 has 120 seconds left.\n|\n|t:|1771149149\n|switch|p2a: Iron Hands|Iron Hands|100/100\n|turn|6\n|\n|t:|1771149163\n|move|p1a: Kilowattrel|Protect|p1a: Kilowattrel\n|-singleturn|p1a: Kilowattrel|Protect\n|move|p2a: Iron Hands|Fake Out|p1b: Landorus\n|-damage|p1b: Landorus|42/100\n|cant|p1b: Landorus|flinch\n|move|p2b: Landorus|Rock Slide|p1a: Kilowattrel|[spread] p1b\n|-activate|p1a: Kilowattrel|move: Protect\n|-damage|p1b: Landorus|24/100\n|\n|upkeep\n|turn|7\n|\n|t:|1771149179\n|move|p1b: Landorus|U-turn|p2b: Landorus\n|-resisted|p2b: Landorus\n|-damage|p2b: Landorus|85/100\n|\n|t:|1771149188\n|switch|p1b: Torterra|Torterra, M|100/100|[from] U-turn\n|move|p1a: Kilowattrel|Air Slash|p2a: Iron Hands\n|-damage|p2a: Iron Hands|64/100\n|move|p2b: Landorus|Rock Slide|p1a: Kilowattrel|[spread] p1a,p1b\n|-supereffective|p1a: Kilowattrel\n|-resisted|p1b: Torterra\n|-damage|p1a: Kilowattrel|0 fnt\n|-damage|p1b: Torterra|95/100\n|faint|p1a: Kilowattrel\n|move|p2a: Iron Hands|Wild Charge|p1b: Torterra\n|-immune|p1b: Torterra\n|\n|-sideend|p1: jwespen|move: Tailwind\n|upkeep\n|\n|t:|1771149203\n|switch|p1a: Ninetales|Ninetales-Alola, F|100/100\n|-weather|Snowscape|[from] ability: Snow Warning|[of] p1a: Ninetales\n|turn|8\n|\n|t:|1771149210\n|switch|p2b: Toxapex|Toxapex, M|35/100\n|-end|p2a: Iron Hands|Quark Drive|[silent]\n|switch|p2a: Goodra|Goodra-Hisui, F, tera:Water|57/100\n|move|p1b: Torterra|Wide Guard|p1b: Torterra\n|-singleturn|p1b: Torterra|Wide Guard\n|move|p1a: Ninetales|Aurora Veil|p1a: Ninetales\n|-sidestart|p1: jwespen|move: Aurora Veil\n|\n|-weather|Snowscape|[upkeep]\n|-heal|p2a: Goodra|63/100|[from] item: Leftovers\n|upkeep\n|turn|9\n|j| Pachirisiu0\n|\n|t:|1771149229\n|move|p1a: Ninetales|Protect|p1a: Ninetales\n|-singleturn|p1a: Ninetales|Protect\n|move|p2a: Goodra|Life Dew|p2a: Goodra|[spread] p2a,p2b\n|-heal|p2a: Goodra|88/100\n|-heal|p2b: Toxapex|60/100\n|move|p1b: Torterra|Seed Bomb|p2a: Goodra\n|-ability|p2a: Goodra|Sap Sipper|boost\n|-boost|p2a: Goodra|atk|1\n|move|p2b: Toxapex|Toxic|p1b: Torterra\n|-status|p1b: Torterra|tox\n|\n|-weather|Snowscape|[upkeep]\n|-heal|p2a: Goodra|94/100|[from] item: Leftovers\n|-damage|p1b: Torterra|89/100 tox|[from] psn\n|upkeep\n|turn|10\n|\n|t:|1771149248\n|switch|p1a: Landorus|Landorus-Therian, M|24/100\n|-ability|p1a: Landorus|Intimidate|boost\n|-unboost|p2a: Goodra|atk|1\n|-unboost|p2b: Toxapex|atk|1\n|switch|p1b: Rotom|Rotom-Frost|100/100\n|move|p2a: Goodra|Shelter|p2a: Goodra\n|-boost|p2a: Goodra|def|2\n|move|p2b: Toxapex|Infestation|p1b: Rotom\n|-damage|p1b: Rotom|98/100\n|-activate|p1b: Rotom|move: Infestation|[of] p2b: Toxapex\n|\n|-weather|Snowscape|[upkeep]\n|-heal|p2a: Goodra|100/100|[from] item: Leftovers\n|-damage|p1b: Rotom|82/100|[from] move: Infestation|[partiallytrapped]\n|upkeep\n|turn|11\n|inactive|jwespen has 120 seconds left.\n|\n|t:|1771149281\n|move|p2b: Toxapex|Baneful Bunker|p2b: Toxapex\n|-singleturn|p2b: Toxapex|move: Protect\n|move|p1a: Landorus|Earthquake|p2a: Goodra|[spread] p2a\n|-activate|p2b: Toxapex|move: Protect\n|-immune|p1b: Rotom|[from] ability: Levitate\n|-damage|p2a: Goodra|85/100\n|move|p1b: Rotom|Volt Switch|p2a: Goodra\n|-supereffective|p2a: Goodra\n|-damage|p2a: Goodra|15/100\n|inactive|jwespen has 120 seconds left.\n|\n|t:|1771149293\n|switch|p1b: Torterra|Torterra, M|89/100 tox|[from] Volt Switch\n|move|p2a: Goodra|Body Press|p1b: Torterra\n|-damage|p1b: Torterra|62/100 tox\n|\n|-weather|Snowscape|[upkeep]\n|-heal|p2a: Goodra|21/100|[from] item: Leftovers\n|-damage|p1b: Torterra|56/100 tox|[from] psn\n|upkeep\n|turn|12\n|\n|t:|1771149308\n|switch|p2a: Landorus|Landorus-Therian, M|85/100\n|-ability|p2a: Landorus|Intimidate|boost\n|-unboost|p1a: Landorus|atk|1\n|-unboost|p1b: Torterra|atk|1\n|switch|p2b: Grimmsnarl|Grimmsnarl, M|100/100\n|move|p1a: Landorus|Earthquake|p2a: Landorus|[spread] p1b,p2b\n|-immune|p2a: Landorus\n|-resisted|p1b: Torterra\n|-damage|p1b: Torterra|47/100 tox\n|-damage|p2b: Grimmsnarl|72/100\n|-enditem|p1b: Torterra|Sitrus Berry|[eat]\n|-heal|p1b: Torterra|72/100 tox|[from] item: Sitrus Berry\n|move|p1b: Torterra|High Horsepower|p2a: Landorus\n|-immune|p2a: Landorus\n|\n|-weather|none\n|-damage|p1b: Torterra|60/100 tox|[from] psn\n|-sideend|p1: jwespen|move: Aurora Veil\n|upkeep\n|turn|13\n|\n|t:|1771149335\n|switch|p1a: Ninetales|Ninetales-Alola, F|100/100\n|-weather|Snowscape|[from] ability: Snow Warning|[of] p1a: Ninetales\n|move|p1b: Torterra|Wide Guard|p1b: Torterra\n|-singleturn|p1b: Torterra|Wide Guard\n|move|p2b: Grimmsnarl|Parting Shot|p1a: Ninetales\n|-unboost|p1a: Ninetales|atk|1\n|-unboost|p1a: Ninetales|spa|1\n|\n|t:|1771149344\n|switch|p2b: Toxapex|Toxapex, M|93/100|[from] Parting Shot\n|move|p2a: Landorus|U-turn|p1b: Torterra\n|-supereffective|p1b: Torterra\n|-damage|p1b: Torterra|15/100 tox\n|\n|t:|1771149349\n|switch|p2a: Iron Hands|Iron Hands|64/100|[from] U-turn\n|\n|-weather|Snowscape|[upkeep]\n|-damage|p1b: Torterra|0 fnt|[from] psn\n|faint|p1b: Torterra\n|upkeep\n|\n|t:|1771149357\n|switch|p1b: Landorus|Landorus-Therian, M|24/100\n|-ability|p1b: Landorus|Intimidate|boost\n|-unboost|p2a: Iron Hands|atk|1\n|-unboost|p2b: Toxapex|atk|1\n|turn|14\n|\n|t:|1771149377\n|switch|p1b: Garchomp|Garchomp, M|30/100 tox\n|move|p2a: Iron Hands|Fake Out|p1b: Garchomp\n|-damage|p1b: Garchomp|21/100 tox\n|-damage|p2a: Iron Hands|52/100|[from] ability: Rough Skin|[of] p1b: Garchomp\n|move|p1a: Ninetales|Moonblast|p2a: Iron Hands\n|-supereffective|p2a: Iron Hands\n|-crit|p2a: Iron Hands\n|-damage|p2a: Iron Hands|0 fnt\n|faint|p2a: Iron Hands\n|-end|p2a: Iron Hands|Quark Drive|[silent]\n|move|p2b: Toxapex|Infestation|p1a: Ninetales\n|-resisted|p1a: Ninetales\n|-damage|p1a: Ninetales|99/100\n|-activate|p1a: Ninetales|move: Infestation|[of] p2b: Toxapex\n|\n|-weather|Snowscape|[upkeep]\n|-heal|p1b: Garchomp|27/100 tox|[from] item: Leftovers\n|-damage|p1b: Garchomp|21/100 tox|[from] psn\n|-damage|p1a: Ninetales|82/100|[from] move: Infestation|[partiallytrapped]\n|upkeep\n|l| Pachirisiu0\n|\n|t:|1771149394\n|switch|p2a: Landorus|Landorus-Therian, M|85/100\n|-ability|p2a: Landorus|Intimidate|boost\n|-unboost|p1a: Ninetales|atk|1\n|-unboost|p1b: Garchomp|atk|1\n|turn|15\n|\n|t:|1771149415\n|switch|p1b: Landorus|Landorus-Therian, M|24/100\n|-ability|p1b: Landorus|Intimidate|boost\n|-unboost|p2a: Landorus|atk|1\n|-unboost|p2b: Toxapex|atk|1\n|move|p2a: Landorus|Rock Slide|p1a: Ninetales|[spread] p1a,p1b\n|-supereffective|p1a: Ninetales\n|-damage|p1a: Ninetales|61/100\n|-damage|p1b: Landorus|8/100\n|move|p1a: Ninetales|Blizzard|p2b: Toxapex|[spread] p2a,p2b\n|-supereffective|p2a: Landorus\n|-crit|p2a: Landorus\n|-resisted|p2b: Toxapex\n|-damage|p2a: Landorus|0 fnt\n|-damage|p2b: Toxapex|85/100\n|faint|p2a: Landorus\n|move|p2b: Toxapex|Toxic|p1a: Ninetales\n|-status|p1a: Ninetales|tox\n|\n|-weather|Snowscape|[upkeep]\n|-damage|p1a: Ninetales|55/100 tox|[from] psn\n|-damage|p1a: Ninetales|38/100 tox|[from] move: Infestation|[partiallytrapped]\n|upkeep\n|\n|t:|1771149434\n|switch|p2a: Goodra|Goodra-Hisui, F, tera:Water|21/100\n|turn|16\n|\n|t:|1771149451\n|move|p1b: Landorus|Earthquake|p2b: Toxapex|[spread] p1a,p2a,p2b\n|-crit|p1a: Ninetales\n|-supereffective|p2b: Toxapex\n|-damage|p1a: Ninetales|0 fnt\n|-damage|p2a: Goodra|0 fnt\n|-damage|p2b: Toxapex|27/100\n|faint|p1a: Ninetales\n|faint|p2a: Goodra\n|move|p2b: Toxapex|Toxic|p1b: Landorus\n|-status|p1b: Landorus|tox\n|\n|-weather|Snowscape|[upkeep]\n|-damage|p1b: Landorus|2/100 tox|[from] psn\n|upkeep\n|\n|t:|1771149462\n|switch|p1a: Rotom|Rotom-Frost|82/100\n|switch|p2a: Grimmsnarl|Grimmsnarl, M|72/100\n|turn|17\n|\n|t:|1771149468\n|-terastallize|p1a: Rotom|Electric\n|move|p2b: Toxapex|Baneful Bunker|p2b: Toxapex\n|-singleturn|p2b: Toxapex|move: Protect\n|move|p1b: Landorus|Earthquake|p2a: Grimmsnarl|[spread] p2a\n|-activate|p2b: Toxapex|move: Protect\n|-immune|p1a: Rotom|[from] ability: Levitate\n|-damage|p2a: Grimmsnarl|30/100\n|move|p1a: Rotom|Discharge|p2a: Grimmsnarl|[spread] p2a\n|-activate|p2b: Toxapex|move: Protect\n|-immune|p1b: Landorus\n|-damage|p2a: Grimmsnarl|0 fnt\n|faint|p2a: Grimmsnarl\n|\n|-weather|none\n|-damage|p1b: Landorus|0 fnt|[from] psn\n|faint|p1b: Landorus\n|upkeep\n|\n|t:|1771149486\n|switch|p1b: Garchomp|Garchomp, M|21/100 tox\n|turn|18\n|\n|t:|1771149491\n|move|p1b: Garchomp|Earthquake|p2b: Toxapex|[spread] p2b\n|-immune|p1a: Rotom|[from] ability: Levitate\n|-supereffective|p2b: Toxapex\n|-damage|p2b: Toxapex|0 fnt\n|faint|p2b: Toxapex\n|\n|win|jwespen\n|raw|jwespen's rating: 1645 &rarr; <strong>1659</strong><br />(+14 for winning)\n|raw|darksol1111's rating: 1537 &rarr; <strong>1523</strong><br />(-14 for losing)\n|l|☆jwespen\n|player|p1|\n|j| Pachirisiu0\n|l| Pachirisiu0\n", "uploadtime": 1771149793, "views": 13, "formatid": "gen9doublesou", "rating": 1523, "private": 0, "password": null}