{"id": "gen9doublesou-2540906227", "format": "[Gen 9] Doubles OU", "players": ["Lemecano", "ramenisgoodfood"], "log": "|j|☆Lemecano\n|j|☆ramenisgoodfood\n|t:|1771265894\n|gametype|doubles\n|player|p1|Lemecano|265|1568\n|player|p2|ramenisgoodfood|101|1706\n|gen|9\n|tier|[Gen 9] Doubles OU\n|rated|\n|rule|HP Percentage Mod: HP is shown in percentages\n|rule|Endless Battle Clause: Forcing endless battles is banned\n|rule|Species Clause: Limit one of each Pokémon\n|rule|OHKO Clause: OHKO moves are banned\n|rule|Evasion Moves Clause: Evasion moves are banned\n|rule|Gravity Sleep Clause: The combination of sleep-inducing moves with imperfect accuracy and Gravity or Gigantamax Orbeetle are banned\n|rule|Evasion Abilities Clause: Evasion abilities are banned\n|clearpoke\n|poke|p1|Regidrago|\n|poke|p1|Incineroar, M|\n|poke|p1|Clefable, M|\n|poke|p1|Ogerpon-Wellspring, F|\n|poke|p1|Raging Bolt|\n|poke|p1|Sneasler, M|\n|poke|p2|Ogerpon-Hearthflame, F|\n|poke|p2|Ursaluna-Bloodmoon, M|\n|poke|p2|Tornadus, M|\n|poke|p2|Iron Hands|\n|poke|p2|Roaring Moon|\n|poke|p2|Chi-Yu|\n|teampreview\n|inactive|Battle timer is ON: inactive players will automatically lose when time's up. (requested by Lemecano)\n|c|☆Lemecano|matchmaking is so ahh\n|inactive|ramenisgoodfood has 120 seconds left.\n|\n|t:|1771265953\n|teamsize|p1|6\n|teamsize|p2|6\n|start\n|switch|p1a: Sneasler|Sneasler, M|100/100\n|switch|p1b: Ogerpon|Ogerpon-Wellspring, F|100/100\n|switch|p2a: Tornadus|Tornadus, M|100/100\n|switch|p2b: Iron Hands|Iron Hands|100/100\n|-enditem|p2b: Iron Hands|Booster Energy\n|-activate|p2b: Iron Hands|ability: Quark Drive|[fromitem]\n|-start|p2b: Iron Hands|quarkdriveatk\n|turn|1\n|inactive|Lemecano has 120 seconds left.\n|\n|t:|1771265985\n|move|p2a: Tornadus|Protect|p2a: Tornadus\n|-singleturn|p2a: Tornadus|Protect\n|move|p1a: Sneasler|Dire Claw|p2a: Tornadus\n|-activate|p2a: Tornadus|move: Protect\n|move|p1b: Ogerpon|Ivy Cudgel|p2b: Iron Hands|[anim] Ivy Cudgel Water\n|-damage|p2b: Iron Hands|63/100\n|move|p2b: Iron Hands|Thunder Punch|p1a: Sneasler\n|-damage|p1a: Sneasler|3/100\n|\n|upkeep\n|turn|2\n|inactive|ramenisgoodfood has 120 seconds left.\n|\n|t:|1771266025\n|switch|p2a: Ogerpon|Ogerpon-Hearthflame, F|100/100\n|-ability|p2a: Ogerpon|Mold Breaker\n|move|p1a: Sneasler|Dire Claw|p2a: Ogerpon\n|-supereffective|p2a: Ogerpon\n|-damage|p2a: Ogerpon|0 fnt\n|faint|p2a: Ogerpon\n|-damage|p1a: Sneasler|0 fnt|[from] item: Life Orb\n|faint|p1a: Sneasler\n|move|p1b: Ogerpon|Ivy Cudgel|p2b: Iron Hands|[anim] Ivy Cudgel Water\n|-damage|p2b: Iron Hands|25/100\n|move|p2b: Iron Hands|Thunder Punch|p1b: Ogerpon\n|-damage|p1b: Ogerpon|29/100\n|\n|upkeep\n|\n|t:|1771266041\n|switch|p1a: Incineroar|Incineroar, M|100/100\n|switch|p2a: Ursaluna|Ursaluna-Bloodmoon, M|100/100\n|-ability|p1a: Incineroar|Intimidate|boost\n|-unboost|p2a: Ursaluna|atk|1\n|-unboost|p2b: Iron Hands|atk|1\n|turn|3\n|inactive|ramenisgoodfood has 120 seconds left.\n|\n|t:|1771266061\n|-terastallize|p2a: Ursaluna|Ghost\n|move|p1a: Incineroar|Fake Out|p2a: Ursaluna\n|-immune|p2a: Ursaluna\n|move|p2a: Ursaluna|Vacuum Wave|p1b: Ogerpon\n|-damage|p1b: Ogerpon|13/100\n|move|p1b: Ogerpon|Ivy Cudgel|p2b: Iron Hands|[anim] Ivy Cudgel Water\n|-damage|p2b: Iron Hands|0 fnt\n|faint|p2b: Iron Hands\n|-end|p2b: Iron Hands|Quark Drive|[silent]\n|\n|upkeep\n|inactive|ramenisgoodfood has 120 seconds left.\n|\n|t:|1771266070\n|switch|p2b: Tornadus|Tornadus, M|100/100\n|turn|4\n|\n|t:|1771266084\n|move|p1b: Ogerpon|Spiky Shield|p1b: Ogerpon\n|-singleturn|p1b: Ogerpon|move: Protect\n|move|p2b: Tornadus|Tailwind|p2b: Tornadus\n|-sidestart|p2: ramenisgoodfood|move: Tailwind\n|move|p2a: Ursaluna|Earth Power|p1a: Incineroar\n|-supereffective|p1a: Incineroar\n|-damage|p1a: Incineroar|27/100\n|move|p1a: Incineroar|Flare Blitz|p2b: Tornadus\n|-damage|p2b: Tornadus|32/100\n|-damage|p1a: Incineroar|10/100|[from] Recoil\n|\n|upkeep\n|turn|5\n|\n|t:|1771266114\n|move|p2b: Tornadus|Bleakwind Storm|p1a: Incineroar|[spread] p1a,p1b\n|-supereffective|p1b: Ogerpon\n|-damage|p1a: Incineroar|0 fnt\n|-damage|p1b: Ogerpon|0 fnt\n|faint|p1a: Incineroar\n|faint|p1b: Ogerpon\n|move|p2a: Ursaluna|Earth Power|p1: Incineroar|[notarget]\n|-fail|p2a: Ursaluna\n|\n|upkeep\n|\n|t:|1771266125\n|switch|p1b: Clefable|Clefable, M|100/100\n|switch|p1a: Raging Bolt|Raging Bolt|100/100\n|-enditem|p1a: Raging Bolt|Booster Energy\n|-activate|p1a: Raging Bolt|ability: Protosynthesis|[fromitem]\n|-start|p1a: Raging Bolt|protosynthesisspa\n|turn|6\n|\n|t:|1771266137\n|switch|p2b: Roaring Moon|Roaring Moon|100/100\n|move|p1b: Clefable|Follow Me|p1b: Clefable\n|-singleturn|p1b: Clefable|move: Follow Me\n|move|p2a: Ursaluna|Earth Power|p1b: Clefable\n|-damage|p1b: Clefable|61/100\n|move|p1a: Raging Bolt|Thunderbolt|p2a: Ursaluna\n|-damage|p2a: Ursaluna|49/100\n|-status|p2a: Ursaluna|par\n|\n|upkeep\n|turn|7\n|j| Ruby4\n|\n|t:|1771266154\n|move|p1b: Clefable|Follow Me|p1b: Clefable\n|-singleturn|p1b: Clefable|move: Follow Me\n|move|p2b: Roaring Moon|Breaking Swipe|p1a: Raging Bolt|[spread] p1a\n|-immune|p1b: Clefable\n|-supereffective|p1a: Raging Bolt\n|-damage|p1a: Raging Bolt|51/100\n|-unboost|p1a: Raging Bolt|atk|1\n|move|p1a: Raging Bolt|Draco Meteor|p2b: Roaring Moon\n|-supereffective|p2b: Roaring Moon\n|-damage|p2b: Roaring Moon|0 fnt\n|-unboost|p1a: Raging Bolt|spa|2\n|faint|p2b: Roaring Moon\n|-end|p2b: Roaring Moon|Protosynthesis|[silent]\n|cant|p2a: Ursaluna|par\n|\n|-sideend|p2: ramenisgoodfood|move: Tailwind\n|upkeep\n|\n|t:|1771266170\n|switch|p2b: Tornadus|Tornadus, M|32/100\n|turn|8\n|\n|t:|1771266180\n|move|p2b: Tornadus|Protect|p2b: Tornadus\n|-singleturn|p2b: Tornadus|Protect\n|move|p1a: Raging Bolt|Thunderbolt|p2b: Tornadus\n|-activate|p2b: Tornadus|move: Protect\n|move|p1b: Clefable|Moonblast|p2a: Ursaluna\n|-damage|p2a: Ursaluna|24/100 par\n|move|p2a: Ursaluna|Hyper Voice|p1a: Raging Bolt|[spread] p1a,p1b\n|-damage|p1a: Raging Bolt|15/100\n|-damage|p1b: Clefable|32/100\n|-enditem|p1b: Clefable|Sitrus Berry|[eat]\n|-heal|p1b: Clefable|57/100|[from] item: Sitrus Berry\n|\n|upkeep\n|turn|9\n|l| Ruby4\n|\n|t:|1771266207\n|move|p2b: Tornadus|Tailwind|p2b: Tornadus\n|-sidestart|p2: ramenisgoodfood|move: Tailwind\n|move|p1a: Raging Bolt|Thunderclap|p2a: Ursaluna\n|-damage|p2a: Ursaluna|5/100 par\n|move|p1b: Clefable|Life Dew|p1b: Clefable|[spread] p1a,p1b\n|-heal|p1a: Raging Bolt|40/100\n|-heal|p1b: Clefable|82/100\n|cant|p2a: Ursaluna|par\n|\n|upkeep\n|turn|10\n|\n|t:|1771266228\n|switch|p2b: Chi-Yu|Chi-Yu|100/100\n|-ability|p2b: Chi-Yu|Beads of Ruin\n|move|p1a: Raging Bolt|Thunder Wave|p2b: Chi-Yu\n|-status|p2b: Chi-Yu|par\n|move|p1b: Clefable|Life Dew|p1b: Clefable|[spread] p1a,p1b\n|-heal|p1a: Raging Bolt|65/100\n|-heal|p1b: Clefable|100/100\n|move|p2a: Ursaluna|Hyper Voice|p1a: Raging Bolt|[spread] p1a,p1b\n|-damage|p1a: Raging Bolt|23/100\n|-damage|p1b: Clefable|60/100\n|\n|upkeep\n|turn|11\n|\n|t:|1771266248\n|move|p1b: Clefable|Protect|p1b: Clefable\n|-singleturn|p1b: Clefable|Protect\n|move|p1a: Raging Bolt|Thunderclap|p2a: Ursaluna\n|-damage|p2a: Ursaluna|0 fnt\n|faint|p2a: Ursaluna\n|move|p2b: Chi-Yu|Heat Wave|p1b: Clefable|[spread] p1a\n|-activate|p1b: Clefable|move: Protect\n|-resisted|p1a: Raging Bolt\n|-damage|p1a: Raging Bolt|1/100\n|\n|upkeep\n|\n|t:|1771266256\n|switch|p2a: Tornadus|Tornadus, M|32/100\n|turn|12\n|\n|t:|1771266275\n|move|p2a: Tornadus|Sunny Day|p2a: Tornadus\n|-weather|SunnyDay\n|move|p1a: Raging Bolt|Thunderclap|p2b: Chi-Yu\n|-damage|p2b: Chi-Yu|71/100 par\n|move|p2b: Chi-Yu|Heat Wave|p1b: Clefable|[spread] p1a,p1b\n|-resisted|p1a: Raging Bolt\n|-damage|p1a: Raging Bolt|0 fnt\n|-damage|p1b: Clefable|3/100\n|faint|p1a: Raging Bolt\n|-end|p1a: Raging Bolt|Protosynthesis|[silent]\n|move|p1b: Clefable|Moonblast|p2b: Chi-Yu\n|-damage|p2b: Chi-Yu|36/100 par\n|\n|-weather|SunnyDay|[upkeep]\n|-sideend|p2: ramenisgoodfood|move: Tailwind\n|upkeep\n|\n|t:|1771266284\n|switch|p1a: Regidrago|Regidrago|100/100\n|turn|13\n|\n|t:|1771266294\n|move|p1b: Clefable|Protect|p1b: Clefable\n|-singleturn|p1b: Clefable|Protect\n|move|p2a: Tornadus|Tailwind|p2a: Tornadus\n|-sidestart|p2: ramenisgoodfood|move: Tailwind\n|cant|p2b: Chi-Yu|par\n|move|p1a: Regidrago|Earth Power|p2b: Chi-Yu\n|-supereffective|p2b: Chi-Yu\n|-damage|p2b: Chi-Yu|0 fnt\n|faint|p2b: Chi-Yu\n|\n|-weather|SunnyDay|[upkeep]\n|upkeep\n|turn|14\n|\n|t:|1771266317\n|-terastallize|p1a: Regidrago|Dragon\n|move|p2a: Tornadus|Bleakwind Storm|p1b: Clefable|[spread] p1a,p1b\n|-crit|p1a: Regidrago\n|-damage|p1a: Regidrago|30/100\n|-damage|p1b: Clefable|0 fnt\n|faint|p1b: Clefable\n|move|p1a: Regidrago|Dragon Energy|p2a: Tornadus\n|-damage|p2a: Tornadus|0 fnt\n|faint|p2a: Tornadus\n|\n|win|Lemecano\n|raw|Lemecano's rating: 1568 &rarr; <strong>1596</strong><br />(+28 for winning)\n|raw|ramenisgoodfood's rating: 1706 &rarr; <strong>1678</strong><br />(-28 for losing)\n|l|☆Lemecano\n|player|p1|\n", "uploadtime": 1771266582, "views": 8, "formatid": "gen9doublesou", "rating": 1596, "private": 0, "password": null}