{"id": "gen9doublesou-2540645372", "format": "[Gen 9] Doubles OU", "players": ["Coldblooded0706", "Dr Sly"], "log": "|j|☆Coldblooded0706\n|j|☆Dr Sly\n|t:|1771233292\n|gametype|doubles\n|player|p1|Coldblooded0706|1|1632\n|player|p2|Dr Sly|camper|1697\n|gen|9\n|tier|[Gen 9] Doubles OU\n|rated|\n|rule|HP Percentage Mod: HP is shown in percentages\n|rule|Endless Battle Clause: Forcing endless battles is banned\n|rule|Species Clause: Limit one of each Pokémon\n|rule|OHKO Clause: OHKO moves are banned\n|rule|Evasion Moves Clause: Evasion moves are banned\n|rule|Gravity Sleep Clause: The combination of sleep-inducing moves with imperfect accuracy and Gravity or Gigantamax Orbeetle are banned\n|rule|Evasion Abilities Clause: Evasion abilities are banned\n|clearpoke\n|poke|p1|Murkrow, F|\n|poke|p1|Chandelure, M|\n|poke|p1|Zapdos-Galar|\n|poke|p1|Tsareena, F|\n|poke|p1|Metagross|\n|poke|p1|Sylveon, F|\n|poke|p2|Hitmonchan, M|\n|poke|p2|Volcanion|\n|poke|p2|Comfey, F|\n|poke|p2|Araquanid, F|\n|poke|p2|Moltres-Galar|\n|poke|p2|Thundurus, M|\n|teampreview\n|inactive|Battle timer is ON: inactive players will automatically lose when time's up. (requested by Dr Sly)\n|\n|t:|1771233338\n|teamsize|p1|6\n|teamsize|p2|6\n|start\n|switch|p1a: Sylveon|Sylveon, F|100/100\n|switch|p1b: Zapdos|Zapdos-Galar|100/100\n|switch|p2a: Volcanion|Volcanion|100/100\n|switch|p2b: Araquanid|Araquanid, F, shiny|100/100\n|turn|1\n|j| punyakoko\n|inactive|Coldblooded0706 has 120 seconds left.\n|\n|t:|1771233386\n|-terastallize|p2b: Araquanid|Steel\n|move|p1b: Zapdos|Thunderous Kick|p2b: Araquanid\n|-supereffective|p2b: Araquanid\n|-crit|p2b: Araquanid\n|-damage|p2b: Araquanid|0 fnt\n|faint|p2b: Araquanid\n|move|p1a: Sylveon|Tera Blast|p2a: Volcanion\n|-resisted|p2a: Volcanion\n|-crit|p2a: Volcanion\n|-damage|p2a: Volcanion|61/100\n|move|p2a: Volcanion|Heat Wave|p1a: Sylveon|[spread] p1a,p1b\n|-damage|p1a: Sylveon|72/100\n|-damage|p1b: Zapdos|55/100\n|\n|upkeep\n|\n|t:|1771233402\n|switch|p2b: Comfey|Comfey, F|100/100\n|turn|2\n|\n|t:|1771233414\n|switch|p1a: Chandelure|Chandelure, M|100/100\n|move|p2b: Comfey|Floral Healing|p2a: Volcanion\n|-heal|p2a: Volcanion|100/100\n|move|p1b: Zapdos|Thunderous Kick|p2a: Volcanion\n|-damage|p2a: Volcanion|58/100\n|-unboost|p2a: Volcanion|def|1\n|move|p2a: Volcanion|Heat Wave|p1a: Chandelure|[spread] p1b\n|-start|p1a: Chandelure|ability: Flash Fire\n|-damage|p1b: Zapdos|9/100\n|-status|p1b: Zapdos|brn\n|\n|-damage|p1b: Zapdos|3/100 brn|[from] brn\n|upkeep\n|turn|3\n|inactive|Coldblooded0706 has 120 seconds left.\n|inactive|Dr Sly has 120 seconds left.\n|\n|t:|1771233453\n|-terastallize|p1a: Chandelure|Grass\n|move|p2b: Comfey|Draining Kiss|p1b: Zapdos\n|-supereffective|p1b: Zapdos\n|-damage|p1b: Zapdos|0 fnt\n|faint|p1b: Zapdos\n|move|p1a: Chandelure|Heat Wave|p2a: Volcanion|[spread] p2a,p2b\n|-resisted|p2a: Volcanion\n|-damage|p2a: Volcanion|42/100\n|-damage|p2b: Comfey|19/100\n|-damage|p1a: Chandelure|91/100|[from] item: Life Orb\n|move|p2a: Volcanion|Steam Eruption|p1a: Chandelure\n|-resisted|p1a: Chandelure\n|-damage|p1a: Chandelure|52/100\n|\n|upkeep\n|\n|t:|1771233475\n|switch|p1b: Metagross|Metagross|100/100\n|turn|4\n|\n|t:|1771233484\n|move|p2b: Comfey|Floral Healing|p2a: Volcanion\n|-heal|p2a: Volcanion|92/100\n|move|p1b: Metagross|Earthquake|p2a: Volcanion|[spread] p1a,p2a,p2b\n|-resisted|p1a: Chandelure\n|-supereffective|p2a: Volcanion\n|-crit|p2b: Comfey\n|-damage|p1a: Chandelure|35/100\n|-damage|p2a: Volcanion|20/100\n|-damage|p2b: Comfey|0 fnt\n|faint|p2b: Comfey\n|move|p1a: Chandelure|Shadow Ball|p2a: Volcanion\n|-damage|p2a: Volcanion|0 fnt\n|faint|p2a: Volcanion\n|-damage|p1a: Chandelure|25/100|[from] item: Life Orb\n|\n|upkeep\n|\n|t:|1771233503\n|switch|p2b: Thundurus|Thundurus, M, shiny|100/100\n|switch|p2a: Moltres|Moltres-Galar|100/100\n|turn|5\n|\n|t:|1771233528\n|move|p2b: Thundurus|Thunderbolt|p1b: Metagross\n|-damage|p1b: Metagross|69/100\n|move|p1b: Metagross|Heavy Slam|p2a: Moltres\n|-damage|p2a: Moltres|41/100\n|-ability|p2a: Moltres|Berserk|boost\n|-boost|p2a: Moltres|spa|1\n|move|p1a: Chandelure|Heat Wave|p2b: Thundurus|[spread] p2a\n|-miss|p1a: Chandelure|p2b: Thundurus\n|-damage|p2a: Moltres|0 fnt\n|faint|p2a: Moltres\n|-damage|p1a: Chandelure|16/100|[from] item: Life Orb\n|\n|upkeep\n|inactive|Dr Sly has 120 seconds left.\n|\n|t:|1771233561\n|switch|p2a: Hitmonchan|Hitmonchan, M|100/100\n|turn|6\n|l|☆Coldblooded0706\n|inactive|Coldblooded0706 disconnected and has a minute to reconnect!\n|player|p1|\n|j|☆Coldblooded0706\n|inactive|Coldblooded0706 reconnected and has 145 seconds left.\n|player|p1|Coldblooded0706|1|\n|\n|t:|1771233581\n|switch|p1b: Tsareena|Tsareena, F|100/100\n|move|p2a: Hitmonchan|Fake Out||[still]\n|cant|p1b: Tsareena|ability: Queenly Majesty|Fake Out|[of] p2a: Hitmonchan\n|move|p2b: Thundurus|Rain Dance|p2b: Thundurus\n|-weather|RainDance\n|move|p1a: Chandelure|Heat Wave|p2a: Hitmonchan|[spread] p2a,p2b\n|-damage|p2a: Hitmonchan|74/100\n|-damage|p2b: Thundurus|61/100\n|-damage|p1a: Chandelure|6/100|[from] item: Life Orb\n|\n|-weather|RainDance|[upkeep]\n|upkeep\n|turn|7\n|\n|t:|1771233599\n|move|p2b: Thundurus|Thunderbolt|p1a: Chandelure\n|-resisted|p1a: Chandelure\n|-damage|p1a: Chandelure|0 fnt\n|faint|p1a: Chandelure\n|move|p1b: Tsareena|Triple Axel|p2b: Thundurus\n|-supereffective|p2b: Thundurus\n|-damage|p2b: Thundurus|47/100\n|-supereffective|p2b: Thundurus\n|-damage|p2b: Thundurus|21/100\n|-enditem|p2b: Thundurus|Aguav Berry|[eat]\n|-heal|p2b: Thundurus|55/100|[from] item: Aguav Berry\n|-supereffective|p2b: Thundurus\n|-damage|p2b: Thundurus|14/100\n|-hitcount|p2b: Thundurus|3\n|move|p2a: Hitmonchan|Drain Punch|p1b: Tsareena\n|-damage|p1b: Tsareena|50/100\n|-heal|p2a: Hitmonchan|99/100|[from] drain|[of] p1b: Tsareena\n|\n|-weather|RainDance|[upkeep]\n|upkeep\n|\n|t:|1771233614\n|switch|p1a: Murkrow|Murkrow, F|100/100\n|turn|8\n|\n|t:|1771233621\n|move|p1a: Murkrow|Tailwind|p1a: Murkrow\n|-sidestart|p1: Coldblooded0706|move: Tailwind\n|move|p1b: Tsareena|Triple Axel|p2b: Thundurus\n|-supereffective|p2b: Thundurus\n|-damage|p2b: Thundurus|0 fnt\n|faint|p2b: Thundurus\n|-hitcount|p2: Thundurus|1\n|move|p2a: Hitmonchan|Drain Punch|p1b: Tsareena\n|-damage|p1b: Tsareena|5/100\n|-heal|p2a: Hitmonchan|100/100|[from] drain|[of] p1b: Tsareena\n|\n|-weather|RainDance|[upkeep]\n|upkeep\n|turn|9\n|c|☆Dr Sly|gg\n|-message|Dr Sly forfeited.\n|\n|win|Coldblooded0706\n|raw|Coldblooded0706's rating: 1632 &rarr; <strong>1656</strong><br />(+24 for winning)\n|raw|Dr Sly's rating: 1697 &rarr; <strong>1673</strong><br />(-24 for losing)\n|l|☆Dr Sly\n|player|p2|\n|l|☆Coldblooded0706\n|player|p1|\n|l| punyakoko\n|j| punyakoko\n", "uploadtime": 1771233909, "views": 19, "formatid": "gen9doublesou", "rating": 1656, "private": 0, "password": null}