{"id": "gen9doublesou-2540790417", "format": "[Gen 9] Doubles OU", "players": ["maia_1930", "Andy6005"], "log": "|j|☆maia_1930\n|j|☆Andy6005\n|t:|1771254314\n|gametype|doubles\n|player|p1|maia_1930|bruno|1646\n|player|p2|Andy6005|policeman-gen4|1643\n|gen|9\n|tier|[Gen 9] Doubles OU\n|rated|\n|rule|HP Percentage Mod: HP is shown in percentages\n|rule|Endless Battle Clause: Forcing endless battles is banned\n|rule|Species Clause: Limit one of each Pokémon\n|rule|OHKO Clause: OHKO moves are banned\n|rule|Evasion Moves Clause: Evasion moves are banned\n|rule|Gravity Sleep Clause: The combination of sleep-inducing moves with imperfect accuracy and Gravity or Gigantamax Orbeetle are banned\n|rule|Evasion Abilities Clause: Evasion abilities are banned\n|clearpoke\n|poke|p1|Dragonite, M|\n|poke|p1|Incineroar, M|\n|poke|p1|Iron Hands|\n|poke|p1|Chien-Pao|\n|poke|p1|Landorus, M|\n|poke|p1|Amoonguss, M|\n|poke|p2|Thundurus, M|\n|poke|p2|Enamorus, F|\n|poke|p2|Amoonguss, F|\n|poke|p2|Sneasler, F|\n|poke|p2|Chi-Yu|\n|poke|p2|Incineroar, M|\n|teampreview\n|inactive|Battle timer is ON: inactive players will automatically lose when time's up. (requested by maia_1930)\n|\n|t:|1771254351\n|teamsize|p1|6\n|teamsize|p2|6\n|start\n|switch|p1a: Chien-Pao|Chien-Pao|100/100\n|switch|p1b: Dragonite|Dragonite, M|100/100\n|switch|p2a: Thundurus|Thundurus, M|100/100\n|switch|p2b: Sneasler|Sneasler, F|100/100\n|-ability|p1a: Chien-Pao|Sword of Ruin\n|turn|1\n|\n|t:|1771254358\n|switch|p2a: Incineroar|Incineroar, M|100/100\n|-ability|p2a: Incineroar|Intimidate|boost\n|-unboost|p1a: Chien-Pao|atk|1\n|-fail|p1b: Dragonite|unboost|Attack|[from] ability: Inner Focus|[of] p1b: Dragonite\n|-terastallize|p1b: Dragonite|Normal\n|move|p1a: Chien-Pao|Protect|p1a: Chien-Pao\n|-singleturn|p1a: Chien-Pao|Protect\n|move|p1b: Dragonite|Extreme Speed|p2a: Incineroar\n|-damage|p2a: Incineroar|19/100\n|-enditem|p2a: Incineroar|Sitrus Berry|[eat]\n|-heal|p2a: Incineroar|44/100|[from] item: Sitrus Berry\n|move|p2b: Sneasler|Dire Claw|p1a: Chien-Pao\n|-activate|p1a: Chien-Pao|move: Protect\n|\n|upkeep\n|turn|2\n|\n|t:|1771254386\n|switch|p1a: Incineroar|Incineroar, M|100/100\n|-ability|p1a: Incineroar|Intimidate|boost\n|-unboost|p2a: Incineroar|atk|1\n|-unboost|p2b: Sneasler|atk|1\n|switch|p2b: Amoonguss|Amoonguss, F|100/100\n|move|p1b: Dragonite|Extreme Speed|p2a: Incineroar\n|-damage|p2a: Incineroar|0 fnt\n|faint|p2a: Incineroar\n|\n|upkeep\n|inactive|Andy6005 has 120 seconds left.\n|\n|t:|1771254418\n|switch|p2a: Sneasler|Sneasler, F|100/100\n|turn|3\n|\n|t:|1771254426\n|move|p2a: Sneasler|Upper Hand|p1b: Dragonite\n|-supereffective|p1b: Dragonite\n|-damage|p1b: Dragonite|1/100\n|move|p1b: Dragonite|Extreme Speed|p2a: Sneasler\n|-damage|p2a: Sneasler|0 fnt\n|faint|p2a: Sneasler\n|move|p1a: Incineroar|Flare Blitz|p2b: Amoonguss\n|-supereffective|p2b: Amoonguss\n|-damage|p2b: Amoonguss|7/100\n|-enditem|p2b: Amoonguss|Sitrus Berry|[eat]\n|-heal|p2b: Amoonguss|31/100|[from] item: Sitrus Berry\n|-damage|p1a: Incineroar|67/100|[from] Recoil\n|move|p2b: Amoonguss|Spore|p1b: Dragonite\n|-status|p1b: Dragonite|slp|[from] move: Spore\n|\n|upkeep\n|inactive|Andy6005 has 120 seconds left.\n|\n|t:|1771254447\n|switch|p2a: Thundurus|Thundurus, M|100/100\n|turn|4\n|\n|t:|1771254454\n|switch|p2b: Enamorus|Enamorus, F|100/100\n|cant|p1b: Dragonite|slp\n|move|p2a: Thundurus|Eerie Impulse|p2b: Enamorus\n|-boost|p2b: Enamorus|spa|2\n|move|p1a: Incineroar|Knock Off|p2b: Enamorus\n|-resisted|p2b: Enamorus\n|-damage|p2b: Enamorus|62/100\n|-enditem|p2b: Enamorus|Life Orb|[from] move: Knock Off|[of] p1a: Incineroar\n|\n|upkeep\n|turn|5\n|\n|t:|1771254466\n|cant|p1b: Dragonite|slp\n|move|p2a: Thundurus|Eerie Impulse|p2b: Enamorus\n|-boost|p2b: Enamorus|spa|2\n|move|p2b: Enamorus|Dazzling Gleam|p1b: Dragonite|[spread] p1a,p1b\n|-damage|p1a: Incineroar|0 fnt\n|-damage|p1b: Dragonite|0 fnt\n|faint|p1a: Incineroar\n|faint|p1b: Dragonite\n|\n|upkeep\n|\n|t:|1771254476\n|switch|p1b: Iron Hands|Iron Hands|100/100\n|switch|p1a: Chien-Pao|Chien-Pao|100/100\n|-ability|p1a: Chien-Pao|Sword of Ruin\n|turn|6\n|inactive|Andy6005 has 120 seconds left.\n|\n|t:|1771254529\n|switch|p2a: Amoonguss|Amoonguss, F|65/100\n|move|p2b: Enamorus|Protect|p2b: Enamorus\n|-singleturn|p2b: Enamorus|Protect\n|move|p1b: Iron Hands|Fake Out|p2a: Amoonguss\n|-damage|p2a: Amoonguss|48/100\n|move|p1a: Chien-Pao|Ice Spinner|p2b: Enamorus\n|-activate|p2b: Enamorus|move: Protect\n|\n|upkeep\n|turn|7\n|\n|t:|1771254554\n|move|p2a: Amoonguss|Rage Powder|p2a: Amoonguss\n|-singleturn|p2a: Amoonguss|move: Rage Powder\n|move|p1a: Chien-Pao|Ice Spinner|p2a: Amoonguss\n|-supereffective|p2a: Amoonguss\n|-damage|p2a: Amoonguss|0 fnt\n|faint|p2a: Amoonguss\n|move|p2b: Enamorus|Dazzling Gleam|p1a: Chien-Pao|[spread] p1a,p1b\n|-supereffective|p1a: Chien-Pao\n|-supereffective|p1b: Iron Hands\n|-enditem|p1a: Chien-Pao|Focus Sash\n|-damage|p1a: Chien-Pao|1/100\n|-damage|p1b: Iron Hands|0 fnt\n|faint|p1b: Iron Hands\n|-end|p1b: Iron Hands|Quark Drive|[silent]\n|\n|upkeep\n|inactive|maia_1930 has 120 seconds left.\n|inactive|Andy6005 has 120 seconds left.\n|\n|t:|1771254586\n|switch|p1b: Amoonguss|Amoonguss, M|100/100\n|switch|p2a: Thundurus|Thundurus, M|100/100\n|turn|8\n|\n|t:|1771254592\n|-terastallize|p2b: Enamorus|Fairy\n|move|p1a: Chien-Pao|Protect|p1a: Chien-Pao\n|-singleturn|p1a: Chien-Pao|Protect\n|move|p2a: Thundurus|Scary Face|p2b: Enamorus\n|-boost|p2b: Enamorus|spe|2\n|move|p2b: Enamorus|Dazzling Gleam|p1a: Chien-Pao|[spread] p1b\n|-activate|p1a: Chien-Pao|move: Protect\n|-resisted|p1b: Amoonguss\n|-damage|p1b: Amoonguss|47/100\n|-enditem|p1b: Amoonguss|Sitrus Berry|[eat]\n|-heal|p1b: Amoonguss|72/100|[from] item: Sitrus Berry\n|move|p1b: Amoonguss|Spore|p2a: Thundurus\n|-status|p2a: Thundurus|slp|[from] move: Spore\n|\n|upkeep\n|turn|9\n|\n|t:|1771254610\n|switch|p1a: Landorus|Landorus, M|100/100\n|cant|p2a: Thundurus|slp\n|move|p2b: Enamorus|Dazzling Gleam|p1b: Amoonguss|[spread] p1a,p1b\n|-resisted|p1b: Amoonguss\n|-damage|p1a: Landorus|0 fnt\n|-damage|p1b: Amoonguss|19/100\n|faint|p1a: Landorus\n|move|p1b: Amoonguss|Spore|p2b: Enamorus\n|-status|p2b: Enamorus|slp|[from] move: Spore\n|\n|upkeep\n|\n|t:|1771254618\n|switch|p1a: Chien-Pao|Chien-Pao|1/100\n|-ability|p1a: Chien-Pao|Sword of Ruin\n|turn|10\n|\n|t:|1771254630\n|cant|p2a: Thundurus|slp\n|cant|p2b: Enamorus|slp\n|move|p1a: Chien-Pao|Ice Spinner|p2a: Thundurus\n|-supereffective|p2a: Thundurus\n|-crit|p2a: Thundurus\n|-damage|p2a: Thundurus|0 fnt\n|faint|p2a: Thundurus\n|move|p1b: Amoonguss|Pollen Puff|p1a: Chien-Pao\n|-heal|p1a: Chien-Pao|51/100\n|\n|upkeep\n|\n|t:|1771254654\n|switch|p2a: Chi-Yu|Chi-Yu|100/100\n|-ability|p2a: Chi-Yu|Beads of Ruin\n|turn|11\n|\n|t:|1771254665\n|-curestatus|p2b: Enamorus|slp|[msg]\n|move|p2b: Enamorus|Dazzling Gleam|p1a: Chien-Pao|[spread] p1a,p1b\n|-supereffective|p1a: Chien-Pao\n|-resisted|p1b: Amoonguss\n|-damage|p1a: Chien-Pao|0 fnt\n|-damage|p1b: Amoonguss|0 fnt\n|faint|p1a: Chien-Pao\n|faint|p1b: Amoonguss\n|\n|win|Andy6005\n|raw|maia_1930's rating: 1646 &rarr; <strong>1626</strong><br />(-20 for losing)\n|raw|Andy6005's rating: 1643 &rarr; <strong>1663</strong><br />(+20 for winning)\n|l|☆maia_1930\n|player|p1|\n|l|☆Andy6005\n|player|p2|\n", "uploadtime": 1771254911, "views": 6, "formatid": "gen9doublesou", "rating": 1626, "private": 0, "password": null}