{"id": "gen9doublesou-2540600023", "format": "[Gen 9] Doubles OU", "players": ["JJJ1995-2", "phononmode"], "log": "|j|☆JJJ1995-2\n|j|☆phononmode\n|t:|1771224837\n|gametype|doubles\n|player|p1|JJJ1995-2|170|1494\n|player|p2|phononmode|169|1560\n|gen|9\n|tier|[Gen 9] Doubles OU\n|rated|\n|rule|HP Percentage Mod: HP is shown in percentages\n|rule|Endless Battle Clause: Forcing endless battles is banned\n|rule|Species Clause: Limit one of each Pokémon\n|rule|OHKO Clause: OHKO moves are banned\n|rule|Evasion Moves Clause: Evasion moves are banned\n|rule|Gravity Sleep Clause: The combination of sleep-inducing moves with imperfect accuracy and Gravity or Gigantamax Orbeetle are banned\n|rule|Evasion Abilities Clause: Evasion abilities are banned\n|clearpoke\n|poke|p1|Rillaboom, F|\n|poke|p1|Incineroar, M|\n|poke|p1|Farigiraf, F|\n|poke|p1|Ogerpon-Hearthflame, F|\n|poke|p1|Tornadus, M|\n|poke|p1|Landorus, M|\n|poke|p2|Flamigo, F|\n|poke|p2|Blaziken, M|\n|poke|p2|Iron Hands|\n|poke|p2|Whimsicott, M|\n|poke|p2|Lucario, F|\n|poke|p2|Riolu, M|\n|teampreview\n|inactive|Battle timer is ON: inactive players will automatically lose when time's up. (requested by JJJ1995-2)\n|\n|t:|1771224859\n|teamsize|p1|6\n|teamsize|p2|6\n|start\n|switch|p1a: Incineroar|Incineroar, M|100/100\n|switch|p1b: Tornadus|Tornadus, M|100/100\n|switch|p2a: Whimsicott|Whimsicott, M|100/100\n|switch|p2b: Lucario|Lucario, F|100/100\n|-ability|p1a: Incineroar|Intimidate|boost\n|-unboost|p2a: Whimsicott|atk|1\n|-unboost|p2b: Lucario|atk|1\n|turn|1\n|\n|t:|1771224878\n|-terastallize|p2a: Whimsicott|Fighting\n|move|p1a: Incineroar|Fake Out|p2b: Lucario\n|-resisted|p2b: Lucario\n|-damage|p2b: Lucario|93/100\n|move|p1b: Tornadus|Tailwind|p1b: Tornadus\n|-sidestart|p1: JJJ1995-2|move: Tailwind\n|move|p2a: Whimsicott|Beat Up|p2b: Lucario\n|-resisted|p2b: Lucario\n|-damage|p2b: Lucario|92/100\n|-ability|p2b: Lucario|Justified|boost\n|-boost|p2b: Lucario|atk|1\n|-resisted|p2b: Lucario\n|-damage|p2b: Lucario|91/100\n|-ability|p2b: Lucario|Justified|boost\n|-boost|p2b: Lucario|atk|1\n|-resisted|p2b: Lucario\n|-damage|p2b: Lucario|89/100\n|-ability|p2b: Lucario|Justified|boost\n|-boost|p2b: Lucario|atk|1\n|-resisted|p2b: Lucario\n|-damage|p2b: Lucario|88/100\n|-ability|p2b: Lucario|Justified|boost\n|-boost|p2b: Lucario|atk|1\n|-resisted|p2b: Lucario\n|-damage|p2b: Lucario|86/100\n|-ability|p2b: Lucario|Justified|boost\n|-boost|p2b: Lucario|atk|1\n|-resisted|p2b: Lucario\n|-crit|p2b: Lucario\n|-damage|p2b: Lucario|84/100\n|-ability|p2b: Lucario|Justified|boost\n|-boost|p2b: Lucario|atk|1\n|-hitcount|p2b: Lucario|6\n|move|p2b: Lucario|Meteor Mash|p1b: Tornadus\n|-damage|p1b: Tornadus|0 fnt\n|-boost|p2b: Lucario|atk|1\n|faint|p1b: Tornadus\n|\n|upkeep\n|inactive|JJJ1995-2 has 120 seconds left.\n|\n|t:|1771224914\n|switch|p1b: Landorus|Landorus, M|100/100\n|turn|2\n|\n|t:|1771224922\n|switch|p2a: Flamigo|Flamigo, F|100/100\n|-copyboost|p2a: Flamigo|p2b: Lucario|[from] ability: Costar\n|move|p2b: Lucario|Extreme Speed|p1b: Landorus\n|-damage|p1b: Landorus|3/100\n|move|p1b: Landorus|Sandsear Storm|p2b: Lucario|[spread] p2b\n|-immune|p2a: Flamigo\n|-supereffective|p2b: Lucario\n|-crit|p2b: Lucario\n|-damage|p2b: Lucario|0 fnt\n|faint|p2b: Lucario\n|move|p1a: Incineroar|Flare Blitz|p2a: Flamigo\n|-damage|p2a: Flamigo|30/100\n|-damage|p1a: Incineroar|82/100|[from] Recoil\n|\n|upkeep\n|\n|t:|1771224941\n|switch|p2b: Riolu|Riolu, M|100/100\n|turn|3\n|\n|t:|1771224950\n|move|p2b: Riolu|Feint|p1b: Landorus\n|-damage|p1b: Landorus|0 fnt\n|faint|p1b: Landorus\n|move|p2a: Flamigo|Close Combat|p1a: Incineroar\n|-supereffective|p1a: Incineroar\n|-damage|p1a: Incineroar|0 fnt\n|-unboost|p2a: Flamigo|def|1\n|-unboost|p2a: Flamigo|spd|1\n|faint|p1a: Incineroar\n|\n|upkeep\n|\n|t:|1771224962\n|switch|p1b: Rillaboom|Rillaboom, F|100/100\n|switch|p1a: Farigiraf|Farigiraf, F|100/100\n|-fieldstart|move: Grassy Terrain|[from] ability: Grassy Surge|[of] p1b: Rillaboom\n|turn|4\n|\n|t:|1771224978\n|move|p1a: Farigiraf|Helping Hand|p1b: Rillaboom\n|-singleturn|p1b: Rillaboom|Helping Hand|[of] p1a: Farigiraf\n|move|p2b: Riolu|Upper Hand||[still]\n|cant|p1a: Farigiraf|ability: Armor Tail|Upper Hand|[of] p2b: Riolu\n|move|p1b: Rillaboom|Grassy Glide|p2a: Flamigo\n|-resisted|p2a: Flamigo\n|-damage|p2a: Flamigo|0 fnt\n|faint|p2a: Flamigo\n|\n|-sideend|p1: JJJ1995-2|move: Tailwind\n|upkeep\n|\n|t:|1771224988\n|switch|p2a: Blaziken|Blaziken, M|100/100\n|turn|5\n|\n|t:|1771224997\n|switch|p1b: Ogerpon|Ogerpon-Hearthflame, F|100/100\n|-ability|p1b: Ogerpon|Mold Breaker\n|move|p2a: Blaziken|Protect|p2a: Blaziken\n|-singleturn|p2a: Blaziken|Protect\n|move|p2b: Riolu|Coaching|p2a: Blaziken\n|-boost|p2a: Blaziken|atk|1\n|-boost|p2a: Blaziken|def|1\n|move|p1a: Farigiraf|Hyper Voice|p2b: Riolu|[spread] p2b\n|-activate|p2a: Blaziken|move: Protect\n|-damage|p2b: Riolu|8/100\n|-enditem|p1a: Farigiraf|Throat Spray\n|-boost|p1a: Farigiraf|spa|1|[from] item: Throat Spray\n|\n|-heal|p2b: Riolu|14/100|[from] Grassy Terrain\n|-ability|p2a: Blaziken|Speed Boost|boost\n|-boost|p2a: Blaziken|spe|1\n|upkeep\n|turn|6\n|\n|t:|1771225017\n|move|p1b: Ogerpon|Grassy Glide|p2b: Riolu\n|-damage|p2b: Riolu|0 fnt\n|faint|p2b: Riolu\n|move|p2a: Blaziken|Flare Blitz|p1a: Farigiraf\n|-damage|p1a: Farigiraf|4/100\n|-damage|p2a: Blaziken|57/100|[from] Recoil\n|move|p1a: Farigiraf|Psychic|p2a: Blaziken\n|-supereffective|p2a: Blaziken\n|-damage|p2a: Blaziken|0 fnt\n|faint|p2a: Blaziken\n|\n|-heal|p1a: Farigiraf|10/100|[from] Grassy Terrain\n|upkeep\n|\n|t:|1771225021\n|switch|p2a: Whimsicott|Whimsicott, M, tera:Fighting|100/100\n|switch|p2b: Iron Hands|Iron Hands|100/100\n|turn|7\n|\n|t:|1771225036\n|-terastallize|p1b: Ogerpon|Fire\n|detailschange|p1b: Ogerpon|Ogerpon-Hearthflame-Tera, F, tera:Fire\n|-ability|p1b: Ogerpon|Embody Aspect (Hearthflame)|boost\n|-boost|p1b: Ogerpon|atk|1\n|move|p1a: Farigiraf|Protect|p1a: Farigiraf\n|-singleturn|p1a: Farigiraf|Protect\n|move|p2a: Whimsicott|Tailwind|p2a: Whimsicott\n|-sidestart|p2: phononmode|move: Tailwind\n|move|p1b: Ogerpon|Ivy Cudgel|p2a: Whimsicott|[anim] Ivy Cudgel Fire\n|-enditem|p2a: Whimsicott|Focus Sash\n|-damage|p2a: Whimsicott|1/100\n|move|p2b: Iron Hands|Drain Punch|p1a: Farigiraf\n|-activate|p1a: Farigiraf|move: Protect\n|\n|-heal|p2a: Whimsicott|7/100|[from] Grassy Terrain\n|-heal|p1a: Farigiraf|16/100|[from] Grassy Terrain\n|upkeep\n|turn|8\n|\n|t:|1771225055\n|move|p2a: Whimsicott|Beat Up|p1a: Farigiraf\n|-supereffective|p1a: Farigiraf\n|-damage|p1a: Farigiraf|13/100\n|-supereffective|p1a: Farigiraf\n|-damage|p1a: Farigiraf|6/100\n|-hitcount|p1a: Farigiraf|2\n|move|p1b: Ogerpon|Ivy Cudgel|p2a: Whimsicott|[anim] Ivy Cudgel Fire\n|-damage|p2a: Whimsicott|0 fnt\n|faint|p2a: Whimsicott\n|move|p2b: Iron Hands|Drain Punch|p1a: Farigiraf\n|-damage|p1a: Farigiraf|0 fnt\n|faint|p1a: Farigiraf\n|\n|-fieldend|move: Grassy Terrain\n|upkeep\n|\n|t:|1771225067\n|switch|p1a: Rillaboom|Rillaboom, F|100/100\n|-fieldstart|move: Grassy Terrain|[from] ability: Grassy Surge|[of] p1a: Rillaboom\n|turn|9\n|\n|t:|1771225072\n|move|p1a: Rillaboom|Fake Out|p2b: Iron Hands\n|-damage|p2b: Iron Hands|92/100\n|move|p1b: Ogerpon|Swords Dance|p1b: Ogerpon\n|-boost|p1b: Ogerpon|atk|2\n|cant|p2b: Iron Hands|flinch\n|\n|-heal|p2b: Iron Hands|99/100|[from] Grassy Terrain\n|upkeep\n|turn|10\n|-message|phononmode forfeited.\n|\n|win|JJJ1995-2\n|raw|JJJ1995-2's rating: 1494 &rarr; <strong>1518</strong><br />(+24 for winning)\n|raw|phononmode's rating: 1573 &rarr; <strong>1549</strong><br />(-24 for losing)\n|l|☆phononmode\n|player|p2|\n|l|☆JJJ1995-2\n|player|p1|\n", "uploadtime": 1771225443, "views": 13, "formatid": "gen9doublesou", "rating": 1518, "private": 0, "password": null}