{"id": "gen9doublesou-2639991250", "format": "[Gen 9] Doubles OU", "players": ["digederoo", "inakunana"], "log": "|j|☆digederoo\n|j|☆inakunana\n|t:|1782559601\n|gametype|doubles\n|player|p1|digederoo|pilot|1634\n|player|p2|inakunana|erika|1711\n|gen|9\n|tier|[Gen 9] Doubles OU\n|rated|\n|rule|HP Percentage Mod: HP is shown in percentages\n|rule|Endless Battle Clause: Forcing endless battles is banned\n|rule|Species Clause: Limit one of each Pokémon\n|rule|OHKO Clause: OHKO moves are banned\n|rule|Evasion Moves Clause: Evasion moves are banned\n|rule|Gravity Sleep Clause: The combination of sleep-inducing moves with imperfect accuracy and Gravity or Gigantamax Orbeetle are banned\n|rule|Evasion Abilities Clause: Evasion abilities are banned\n|clearpoke\n|poke|p1|Gholdengo|\n|poke|p1|Rillaboom, M|\n|poke|p1|Incineroar, F|\n|poke|p1|Roaring Moon|\n|poke|p1|Glimmora, F|\n|poke|p1|Ogerpon-Wellspring, F|\n|poke|p2|Spectrier|\n|poke|p2|Glimmora, M|\n|poke|p2|Iron Hands|\n|poke|p2|Rillaboom, M|\n|poke|p2|Ogerpon-Hearthflame, F|\n|poke|p2|Ting-Lu|\n|teampreview\n|inactive|Battle timer is ON: inactive players will automatically lose when time's up. (requested by digederoo)\n|inactive|inakunana also wants the timer to be on.\n|inactive|inakunana has 120 seconds left.\n|inactive|inakunana has 90 seconds left.\n|\n|t:|1782559672\n|teamsize|p1|6\n|teamsize|p2|6\n|start\n|switch|p1a: Ogerpon|Ogerpon-Wellspring, F|100/100\n|switch|p1b: Roaring Moon|Roaring Moon|100/100\n|switch|p2a: Glimmora|Glimmora, M|100/100\n|switch|p2b: Ting-Lu|Ting-Lu|100/100\n|-ability|p2b: Ting-Lu|Vessel of Ruin\n|-enditem|p1b: Roaring Moon|Booster Energy\n|-activate|p1b: Roaring Moon|ability: Protosynthesis|[fromitem]\n|-start|p1b: Roaring Moon|protosynthesisspe\n|turn|1\n|\n|t:|1782559685\n|switch|p2a: Iron Hands|Iron Hands|100/100\n|move|p1b: Roaring Moon|Breaking Swipe|p2a: Iron Hands|[spread] p2a,p2b\n|-damage|p2a: Iron Hands|88/100\n|-damage|p2b: Ting-Lu|90/100\n|-unboost|p2a: Iron Hands|atk|1\n|move|p1a: Ogerpon|Ivy Cudgel|p2a: Iron Hands|[anim] Ivy Cudgel Water\n|-damage|p2a: Iron Hands|52/100\n|move|p2b: Ting-Lu|Stealth Rock|p1a: Ogerpon\n|-sidestart|p1: digederoo|move: Stealth Rock\n|\n|upkeep\n|turn|2\n|\n|t:|1782559707\n|switch|p1a: Glimmora|Glimmora, F|100/100\n|-damage|p1a: Glimmora|88/100|[from] Stealth Rock\n|move|p2a: Iron Hands|Fake Out|p1a: Glimmora\n|-resisted|p1a: Glimmora\n|-damage|p1a: Glimmora|82/100\n|-activate|p1a: Glimmora|ability: Toxic Debris\n|-sidestart|p2: inakunana|move: Toxic Spikes\n|move|p1b: Roaring Moon|Knock Off|p2b: Ting-Lu\n|-resisted|p2b: Ting-Lu\n|-crit|p2b: Ting-Lu\n|-damage|p2b: Ting-Lu|72/100\n|-enditem|p2b: Ting-Lu|Covert Cloak|[from] move: Knock Off|[of] p1b: Roaring Moon\n|move|p2b: Ting-Lu|Whirlwind|p1a: Glimmora\n|drag|p1a: Incineroar|Incineroar, F|100/100\n|-ability|p1a: Incineroar|Intimidate|boost\n|-unboost|p2a: Iron Hands|atk|1\n|-unboost|p2b: Ting-Lu|atk|1\n|\n|upkeep\n|turn|3\n|\n|t:|1782559733\n|-end|p1b: Roaring Moon|Protosynthesis|[silent]\n|switch|p1b: Ogerpon|Ogerpon-Wellspring, F|100/100\n|-damage|p1b: Ogerpon|88/100|[from] Stealth Rock\n|-end|p2a: Iron Hands|Quark Drive|[silent]\n|switch|p2a: Glimmora|Glimmora, M|100/100\n|-sideend|p2: inakunana|move: Toxic Spikes|[of] p2a: Glimmora\n|move|p1a: Incineroar|Fake Out|p2b: Ting-Lu\n|-damage|p2b: Ting-Lu|66/100\n|cant|p2b: Ting-Lu|flinch\n|\n|upkeep\n|turn|4\n|\n|t:|1782559744\n|switch|p2b: Rillaboom|Rillaboom, M|100/100\n|-fieldstart|move: Grassy Terrain|[from] ability: Grassy Surge|[of] p2b: Rillaboom\n|move|p2a: Glimmora|Spiky Shield|p2a: Glimmora\n|-singleturn|p2a: Glimmora|move: Protect\n|move|p1b: Ogerpon|Ivy Cudgel|p2a: Glimmora|[anim] Ivy Cudgel Water\n|-activate|p2a: Glimmora|move: Protect\n|move|p1a: Incineroar|Parting Shot|p2b: Rillaboom\n|-unboost|p2b: Rillaboom|atk|1\n|-unboost|p2b: Rillaboom|spa|1\n|inactive|digederoo has 120 seconds left.\n|\n|t:|1782559776\n|switch|p1a: Roaring Moon|Roaring Moon|100/100|[from] Parting Shot\n|-damage|p1a: Roaring Moon|88/100|[from] Stealth Rock\n|\n|-heal|p1a: Roaring Moon|94/100|[from] Grassy Terrain\n|-heal|p1b: Ogerpon|94/100|[from] Grassy Terrain\n|upkeep\n|turn|5\n|\n|t:|1782559798\n|-terastallize|p2a: Glimmora|Grass\n|move|p1b: Ogerpon|Spiky Shield|p1b: Ogerpon\n|-singleturn|p1b: Ogerpon|move: Protect\n|move|p2b: Rillaboom|Fake Out|p1a: Roaring Moon\n|-damage|p1a: Roaring Moon|84/100\n|cant|p1a: Roaring Moon|flinch\n|move|p2a: Glimmora|Meteor Beam||[still]\n|-prepare|p2a: Glimmora|Meteor Beam\n|-boost|p2a: Glimmora|spa|1\n|-enditem|p2a: Glimmora|Power Herb\n|-anim|p2a: Glimmora|Meteor Beam|p1b: Ogerpon\n|-activate|p1b: Ogerpon|move: Protect\n|\n|-heal|p1a: Roaring Moon|90/100|[from] Grassy Terrain\n|-heal|p1b: Ogerpon|99/100|[from] Grassy Terrain\n|upkeep\n|turn|6\n|inactive|digederoo has 120 seconds left.\n|\n|t:|1782559832\n|switch|p1b: Glimmora|Glimmora, F|82/100\n|-damage|p1b: Glimmora|70/100|[from] Stealth Rock\n|move|p1a: Roaring Moon|Tailwind|p1a: Roaring Moon\n|-sidestart|p1: digederoo|move: Tailwind\n|move|p2a: Glimmora|Sludge Bomb|p1b: Glimmora\n|-resisted|p1b: Glimmora\n|-damage|p1b: Glimmora|48/100\n|move|p2b: Rillaboom|U-turn|p1b: Glimmora\n|-resisted|p1b: Glimmora\n|-damage|p1b: Glimmora|36/100\n|-activate|p1b: Glimmora|ability: Toxic Debris\n|-sidestart|p2: inakunana|move: Toxic Spikes\n|\n|t:|1782559846\n|switch|p2b: Ting-Lu|Ting-Lu|66/100|[from] U-turn\n|-status|p2b: Ting-Lu|psn\n|-ability|p2b: Ting-Lu|Vessel of Ruin\n|\n|-heal|p1a: Roaring Moon|96/100|[from] Grassy Terrain\n|-heal|p1b: Glimmora|43/100|[from] Grassy Terrain\n|-heal|p2b: Ting-Lu|72/100 psn|[from] Grassy Terrain\n|-damage|p2b: Ting-Lu|60/100 psn|[from] psn\n|upkeep\n|turn|7\n|\n|t:|1782559859\n|move|p1a: Roaring Moon|Knock Off|p2b: Ting-Lu\n|-resisted|p2b: Ting-Lu\n|-damage|p2b: Ting-Lu|53/100 psn\n|move|p1b: Glimmora|Stealth Rock|p2b: Ting-Lu\n|-sidestart|p2: inakunana|move: Stealth Rock\n|move|p2a: Glimmora|Earth Power|p1b: Glimmora\n|-supereffective|p1b: Glimmora\n|-damage|p1b: Glimmora|0 fnt\n|faint|p1b: Glimmora\n|move|p2b: Ting-Lu|Whirlwind|p1a: Roaring Moon\n|-end|p1a: Roaring Moon|Protosynthesis|[silent]\n|drag|p1a: Incineroar|Incineroar, F|100/100\n|-ability|p1a: Incineroar|Intimidate|boost\n|-unboost|p2a: Glimmora|atk|1\n|-unboost|p2b: Ting-Lu|atk|1\n|\n|-heal|p2b: Ting-Lu|59/100 psn|[from] Grassy Terrain\n|-damage|p2b: Ting-Lu|47/100 psn|[from] psn\n|upkeep\n|\n|t:|1782559881\n|switch|p1b: Gholdengo|Gholdengo|100/100\n|-damage|p1b: Gholdengo|94/100|[from] Stealth Rock\n|-enditem|p1b: Gholdengo|Grassy Seed\n|-boost|p1b: Gholdengo|def|1|[from] item: Grassy Seed\n|turn|8\n|\n|t:|1782559896\n|switch|p2b: Ogerpon|Ogerpon-Hearthflame, F|100/100\n|-status|p2b: Ogerpon|psn\n|-damage|p2b: Ogerpon|76/100 psn|[from] Stealth Rock\n|-ability|p2b: Ogerpon|Mold Breaker\n|move|p1b: Gholdengo|Nasty Plot|p1b: Gholdengo\n|-boost|p1b: Gholdengo|spa|2\n|move|p1a: Incineroar|Flare Blitz|p2a: Glimmora\n|-supereffective|p2a: Glimmora\n|-damage|p2a: Glimmora|0 fnt\n|-activate|p2a: Glimmora|ability: Toxic Debris\n|-sidestart|p1: digederoo|move: Toxic Spikes\n|faint|p2a: Glimmora\n|-damage|p1a: Incineroar|75/100|[from] Recoil\n|\n|-heal|p1b: Gholdengo|100/100|[from] Grassy Terrain\n|-heal|p2b: Ogerpon|82/100 psn|[from] Grassy Terrain\n|-heal|p1a: Incineroar|81/100|[from] Grassy Terrain\n|-damage|p2b: Ogerpon|69/100 psn|[from] psn\n|-fieldend|move: Grassy Terrain\n|upkeep\n|\n|t:|1782559913\n|switch|p2a: Spectrier|Spectrier|100/100\n|-status|p2a: Spectrier|psn\n|-damage|p2a: Spectrier|88/100 psn|[from] Stealth Rock\n|turn|9\n|\n|t:|1782559932\n|switch|p1a: Ogerpon|Ogerpon-Wellspring, F|99/100\n|-damage|p1a: Ogerpon|88/100|[from] Stealth Rock\n|-status|p1a: Ogerpon|psn\n|move|p2a: Spectrier|Protect|p2a: Spectrier\n|-singleturn|p2a: Spectrier|Protect\n|move|p1b: Gholdengo|Make It Rain|p2b: Ogerpon|[spread] p2b\n|-activate|p2a: Spectrier|move: Protect\n|-resisted|p2b: Ogerpon\n|-damage|p2b: Ogerpon|16/100 psn\n|-unboost|p1b: Gholdengo|spa|1\n|move|p2b: Ogerpon|Swords Dance|p2b: Ogerpon\n|-boost|p2b: Ogerpon|atk|2\n|\n|-damage|p1a: Ogerpon|76/100 psn|[from] psn\n|-damage|p2a: Spectrier|76/100 psn|[from] psn\n|-damage|p2b: Ogerpon|3/100 psn|[from] psn\n|-sideend|p1: digederoo|move: Tailwind\n|upkeep\n|turn|10\n|\n|t:|1782559948\n|move|p1a: Ogerpon|Follow Me|p1a: Ogerpon\n|-singleturn|p1a: Ogerpon|move: Follow Me\n|move|p2a: Spectrier|Shadow Ball|p1a: Ogerpon\n|-damage|p1a: Ogerpon|33/100 psn\n|move|p2b: Ogerpon|Ivy Cudgel|p1a: Ogerpon|[anim] Ivy Cudgel Fire\n|-damage|p1a: Ogerpon|0 fnt\n|faint|p1a: Ogerpon\n|move|p1b: Gholdengo|Make It Rain|p2b: Ogerpon|[spread] p2a,p2b\n|-resisted|p2b: Ogerpon\n|-damage|p2a: Spectrier|5/100 psn\n|-damage|p2b: Ogerpon|0 fnt\n|-unboost|p1b: Gholdengo|spa|1\n|faint|p2b: Ogerpon\n|\n|-damage|p2a: Spectrier|0 fnt|[from] psn\n|faint|p2a: Spectrier\n|upkeep\n|-message|inakunana forfeited.\n|\n|win|digederoo\n|raw|digederoo's rating: 1634 &rarr; <strong>1658</strong><br />(+24 for winning)\n|raw|inakunana's rating: 1711 &rarr; <strong>1687</strong><br />(-24 for losing)\n|l|☆inakunana\n|player|p2|\n|l|☆digederoo\n|player|p1|\n", "uploadtime": 1782560119, "views": 5, "formatid": "gen9doublesou", "rating": 1658, "private": 0, "password": null}