{"id": "gen9doublesou-2540167668", "format": "[Gen 9] Doubles OU", "players": ["TheWeere", "GabrieldeCamargos"], "log": "|j|☆TheWeere\n|j|☆GabrieldeCamargos\n|t:|1771171079\n|gametype|doubles\n|player|p1|TheWeere|hero-conquest|1549\n|player|p2|GabrieldeCamargos|101|1616\n|gen|9\n|tier|[Gen 9] Doubles OU\n|rated|\n|rule|HP Percentage Mod: HP is shown in percentages\n|rule|Endless Battle Clause: Forcing endless battles is banned\n|rule|Species Clause: Limit one of each Pokémon\n|rule|OHKO Clause: OHKO moves are banned\n|rule|Evasion Moves Clause: Evasion moves are banned\n|rule|Gravity Sleep Clause: The combination of sleep-inducing moves with imperfect accuracy and Gravity or Gigantamax Orbeetle are banned\n|rule|Evasion Abilities Clause: Evasion abilities are banned\n|clearpoke\n|poke|p1|Ursaluna, F|\n|poke|p1|Indeedee-F, F|\n|poke|p1|Hatterene, F|\n|poke|p1|Smeargle, M|\n|poke|p1|Gallade, M|\n|poke|p1|Torkoal, F|\n|poke|p2|Incineroar, M|\n|poke|p2|Tornadus, M|\n|poke|p2|Primarina, M|\n|poke|p2|Ogerpon-Wellspring, F|\n|poke|p2|Gholdengo|\n|poke|p2|Rillaboom, M|\n|teampreview\n|\n|t:|1771171091\n|teamsize|p1|6\n|teamsize|p2|6\n|start\n|switch|p1a: Hatterene|Hatterene, F, shiny|100/100\n|switch|p1b: Indeedee|Indeedee-F, F, shiny|100/100\n|switch|p2a: Tornadus|Tornadus, M, shiny|100/100\n|switch|p2b: Incineroar|Incineroar, M, shiny|100/100\n|-fieldstart|move: Psychic Terrain|[from] ability: Psychic Surge|[of] p1b: Indeedee\n|-ability|p2b: Incineroar|Intimidate|boost\n|-unboost|p1a: Hatterene|atk|1\n|-unboost|p1b: Indeedee|atk|1\n|turn|1\n|\n|t:|1771171124\n|move|p1b: Indeedee|Follow Me|p1b: Indeedee\n|-singleturn|p1b: Indeedee|move: Follow Me\n|move|p2a: Tornadus|Taunt|p1b: Indeedee\n|-activate|p1b: Indeedee|move: Psychic Terrain\n|move|p2b: Incineroar|U-turn|p1b: Indeedee\n|-supereffective|p1b: Indeedee\n|-damage|p1b: Indeedee|30/100\n|-damage|p2b: Incineroar|84/100|[from] item: Rocky Helmet|[of] p1b: Indeedee\n|\n|t:|1771171135\n|switch|p2b: Rillaboom|Rillaboom, M, shiny|100/100|[from] U-turn\n|-fieldstart|move: Grassy Terrain|[from] ability: Grassy Surge|[of] p2b: Rillaboom\n|move|p1a: Hatterene|Trick Room|p1a: Hatterene\n|-fieldstart|move: Trick Room|[of] p1a: Hatterene\n|\n|-heal|p1b: Indeedee|36/100|[from] Grassy Terrain\n|upkeep\n|turn|2\n|\n|t:|1771171162\n|switch|p2a: Incineroar|Incineroar, M, shiny|84/100\n|-ability|p2a: Incineroar|Intimidate|boost\n|-unboost|p1a: Hatterene|atk|1\n|-unboost|p1b: Indeedee|atk|1\n|move|p1b: Indeedee|Follow Me|p1b: Indeedee\n|-singleturn|p1b: Indeedee|move: Follow Me\n|move|p1a: Hatterene|Dazzling Gleam|p2a: Incineroar|[spread] p2a,p2b\n|-damage|p2a: Incineroar|56/100\n|-damage|p2b: Rillaboom|36/100\n|-damage|p1a: Hatterene|91/100|[from] item: Life Orb\n|move|p2b: Rillaboom|Wood Hammer|p1b: Indeedee\n|-damage|p1b: Indeedee|0 fnt\n|-damage|p2b: Rillaboom|20/100|[from] item: Rocky Helmet|[of] p1b: Indeedee\n|faint|p1b: Indeedee\n|-damage|p2b: Rillaboom|8/100|[from] Recoil\n|-damage|p2b: Rillaboom|0 fnt|[from] item: Life Orb\n|faint|p2b: Rillaboom\n|\n|-heal|p1a: Hatterene|97/100|[from] Grassy Terrain\n|-heal|p2a: Incineroar|62/100|[from] Grassy Terrain\n|upkeep\n|\n|t:|1771171186\n|switch|p1b: Gallade|Gallade, M, shiny|100/100\n|switch|p2b: Ogerpon|Ogerpon-Wellspring, F|100/100\n|turn|3\n|\n|t:|1771171204\n|-terastallize|p2b: Ogerpon|Water\n|detailschange|p2b: Ogerpon|Ogerpon-Wellspring-Tera, F, tera:Water\n|-ability|p2b: Ogerpon|Embody Aspect (Wellspring)|boost\n|-boost|p2b: Ogerpon|spd|1\n|move|p2a: Incineroar|Fake Out|p1a: Hatterene\n|-damage|p1a: Hatterene|80/100\n|cant|p1a: Hatterene|flinch\n|move|p1b: Gallade|Sacred Sword|p2a: Incineroar\n|-supereffective|p2a: Incineroar\n|-damage|p2a: Incineroar|0 fnt\n|faint|p2a: Incineroar\n|move|p2b: Ogerpon|Ivy Cudgel|p1b: Gallade|[anim] Ivy Cudgel Water\n|-damage|p1b: Gallade|0 fnt\n|faint|p1b: Gallade\n|\n|-heal|p1a: Hatterene|86/100|[from] Grassy Terrain\n|upkeep\n|\n|t:|1771171225\n|switch|p2a: Primarina|Primarina, M, shiny|100/100\n|switch|p1b: Torkoal|Torkoal, F, shiny|100/100\n|-weather|SunnyDay|[from] ability: Drought|[of] p1b: Torkoal\n|turn|4\n|\n|t:|1771171244\n|-terastallize|p1b: Torkoal|Fire\n|move|p1b: Torkoal|Eruption|p2a: Primarina|[spread] p2a,p2b\n|-resisted|p2a: Primarina\n|-resisted|p2b: Ogerpon\n|-damage|p2a: Primarina|32/100\n|-damage|p2b: Ogerpon|48/100\n|move|p1a: Hatterene|Dazzling Gleam|p2b: Ogerpon|[spread] p2a,p2b\n|-damage|p2a: Primarina|0 fnt\n|-damage|p2b: Ogerpon|13/100\n|faint|p2a: Primarina\n|-damage|p1a: Hatterene|77/100|[from] item: Life Orb\n|move|p2b: Ogerpon|Ivy Cudgel|p1a: Hatterene|[anim] Ivy Cudgel Water\n|-damage|p1a: Hatterene|31/100\n|\n|-weather|SunnyDay|[upkeep]\n|-heal|p1a: Hatterene|37/100|[from] Grassy Terrain\n|-heal|p2b: Ogerpon|19/100|[from] Grassy Terrain\n|upkeep\n|\n|t:|1771171262\n|switch|p2a: Tornadus|Tornadus, M, shiny|100/100\n|turn|5\n|\n|t:|1771171269\n|move|p2b: Ogerpon|Spiky Shield|p2b: Ogerpon\n|-singleturn|p2b: Ogerpon|move: Protect\n|move|p2a: Tornadus|Rain Dance|p2a: Tornadus\n|-weather|RainDance\n|move|p1b: Torkoal|Eruption|p2b: Ogerpon|[spread] p2a\n|-activate|p2b: Ogerpon|move: Protect\n|-damage|p2a: Tornadus|40/100\n|move|p1a: Hatterene|Psychic|p2a: Tornadus\n|-damage|p2a: Tornadus|0 fnt\n|faint|p2a: Tornadus\n|-damage|p1a: Hatterene|28/100|[from] item: Life Orb\n|\n|-weather|RainDance|[upkeep]\n|-heal|p1a: Hatterene|34/100|[from] Grassy Terrain\n|-heal|p2b: Ogerpon|25/100|[from] Grassy Terrain\n|-fieldend|move: Trick Room\n|-fieldend|move: Grassy Terrain\n|upkeep\n|\n|t:|1771171287\n|switch|p2a: Gholdengo|Gholdengo|100/100\n|turn|6\n|\n|t:|1771171294\n|move|p2b: Ogerpon|Ivy Cudgel|p1b: Torkoal|[anim] Ivy Cudgel Water\n|-supereffective|p1b: Torkoal\n|-damage|p1b: Torkoal|0 fnt\n|faint|p1b: Torkoal\n|move|p2a: Gholdengo|Make It Rain|p1a: Hatterene\n|-supereffective|p1a: Hatterene\n|-damage|p1a: Hatterene|0 fnt\n|-unboost|p2a: Gholdengo|spa|1\n|faint|p1a: Hatterene\n|\n|-weather|RainDance|[upkeep]\n|upkeep\n|\n|t:|1771171305\n|switch|p1a: Ursaluna|Ursaluna, F, shiny|100/100\n|switch|p1b: Smeargle|Smeargle, M, shiny|100/100\n|turn|7\n|\n|t:|1771171318\n|move|p2b: Ogerpon|Spiky Shield|p2b: Ogerpon\n|-singleturn|p2b: Ogerpon|move: Protect\n|move|p1b: Smeargle|Fake Out|p2b: Ogerpon\n|-activate|p2b: Ogerpon|move: Protect\n|-damage|p1b: Smeargle|88/100|[from] Spiky Shield|[of] p2b: Ogerpon\n|move|p2a: Gholdengo|Nasty Plot|p2a: Gholdengo\n|-boost|p2a: Gholdengo|spa|2\n|move|p1a: Ursaluna|Facade|p2b: Ogerpon\n|-activate|p2b: Ogerpon|move: Protect\n|-damage|p1a: Ursaluna|88/100|[from] Spiky Shield|[of] p2b: Ogerpon\n|\n|-weather|RainDance|[upkeep]\n|-status|p1a: Ursaluna|brn|[from] item: Flame Orb\n|upkeep\n|turn|8\n|\n|t:|1771171338\n|move|p1a: Ursaluna|Protect|p1a: Ursaluna\n|-singleturn|p1a: Ursaluna|Protect\n|move|p2b: Ogerpon|Ivy Cudgel|p1a: Ursaluna|[anim] Ivy Cudgel Water\n|-activate|p1a: Ursaluna|move: Protect\n|move|p1b: Smeargle|Spore|p2b: Ogerpon\n|-status|p2b: Ogerpon|slp|[from] move: Spore\n|move|p2a: Gholdengo|Make It Rain|p1b: Smeargle|[spread] p1b\n|-activate|p1a: Ursaluna|move: Protect\n|-damage|p1b: Smeargle|0 fnt\n|-unboost|p2a: Gholdengo|spa|1\n|faint|p1b: Smeargle\n|\n|-weather|RainDance|[upkeep]\n|-damage|p1a: Ursaluna|82/100 brn|[from] brn\n|upkeep\n|turn|9\n|\n|t:|1771171367\n|cant|p2b: Ogerpon|slp\n|move|p2a: Gholdengo|Make It Rain|p1a: Ursaluna\n|-damage|p1a: Ursaluna|25/100 brn\n|-unboost|p2a: Gholdengo|spa|1\n|move|p1a: Ursaluna|Headlong Rush|p2a: Gholdengo\n|-supereffective|p2a: Gholdengo\n|-damage|p2a: Gholdengo|0 fnt\n|-unboost|p1a: Ursaluna|def|1\n|-unboost|p1a: Ursaluna|spd|1\n|faint|p2a: Gholdengo\n|\n|-weather|none\n|-damage|p1a: Ursaluna|19/100 brn|[from] brn\n|upkeep\n|turn|10\n|\n|t:|1771171383\n|cant|p2b: Ogerpon|slp\n|move|p1a: Ursaluna|Facade|p2b: Ogerpon\n|-damage|p2b: Ogerpon|0 fnt\n|faint|p2b: Ogerpon\n|detailschange|p2: Ogerpon|Ogerpon-Wellspring, F|[silent]\n|\n|win|TheWeere\n|raw|TheWeere's rating: 1549 &rarr; <strong>1573</strong><br />(+24 for winning)\n|raw|GabrieldeCamargos's rating: 1616 &rarr; <strong>1592</strong><br />(-24 for losing)\n|l|☆GabrieldeCamargos\n|player|p2|\n|l|☆TheWeere\n|player|p1|\n", "uploadtime": 1771171679, "views": 11, "formatid": "gen9doublesou", "rating": 1573, "private": 0, "password": null}