{"id": "gen9doublesou-2540769263", "format": "[Gen 9] Doubles OU", "players": ["Jaiper_Showdown", "bladeleo"], "log": "|badge|p2|bronze|gen9doublesou|100-8\n|uhtml|medal-msg|<div class=\"broadcast-blue\">Curious what those medals under the avatar are? PS now has Ladder Seasons! For more information, check out the <a href=\"https://www.smogon.com/forums/threads/3740067/\">thread on Smogon.</a></div>\n|j|☆Jaiper_Showdown\n|j|☆bladeleo\n|t:|1771251924\n|gametype|doubles\n|player|p1|Jaiper_Showdown|nate|1647\n|player|p2|bladeleo|1|1741\n|gen|9\n|tier|[Gen 9] Doubles OU\n|rated|\n|rule|HP Percentage Mod: HP is shown in percentages\n|rule|Endless Battle Clause: Forcing endless battles is banned\n|rule|Species Clause: Limit one of each Pokémon\n|rule|OHKO Clause: OHKO moves are banned\n|rule|Evasion Moves Clause: Evasion moves are banned\n|rule|Gravity Sleep Clause: The combination of sleep-inducing moves with imperfect accuracy and Gravity or Gigantamax Orbeetle are banned\n|rule|Evasion Abilities Clause: Evasion abilities are banned\n|clearpoke\n|poke|p1|Ninetales-Alola, F|\n|poke|p1|Kyurem|\n|poke|p1|Iron Bundle|\n|poke|p1|Weavile, M|\n|poke|p1|Mamoswine, M|\n|poke|p1|Frosmoth, M|\n|poke|p2|Incineroar, F|\n|poke|p2|Dondozo, M|\n|poke|p2|Tornadus, M|\n|poke|p2|Regidrago|\n|poke|p2|Diancie|\n|poke|p2|Volcanion|\n|teampreview\n|\n|t:|1771251944\n|teamsize|p1|6\n|teamsize|p2|6\n|start\n|switch|p1a: Ninetales|Ninetales-Alola, F, shiny|100/100\n|switch|p1b: Iron Bundle|Iron Bundle|100/100\n|switch|p2a: Tornadus|Tornadus, M|100/100\n|switch|p2b: Regidrago|Regidrago|100/100\n|-weather|Snowscape|[from] ability: Snow Warning|[of] p1a: Ninetales\n|-enditem|p1b: Iron Bundle|Booster Energy\n|-activate|p1b: Iron Bundle|ability: Quark Drive|[fromitem]\n|-start|p1b: Iron Bundle|quarkdrivespe\n|turn|1\n|inactive|Battle timer is ON: inactive players will automatically lose when time's up. (requested by bladeleo)\n|\n|t:|1771251969\n|switch|p2b: Volcanion|Volcanion|100/100\n|-terastallize|p2a: Tornadus|Steel\n|move|p2a: Tornadus|Rain Dance|p2a: Tornadus\n|-weather|RainDance\n|move|p1b: Iron Bundle|Blizzard|p2a: Tornadus|[spread] \n|-miss|p1b: Iron Bundle|p2a: Tornadus\n|-miss|p1b: Iron Bundle|p2b: Volcanion\n|move|p1a: Ninetales|Blizzard|p2b: Volcanion|[spread] p2a,p2b\n|-resisted|p2a: Tornadus\n|-resisted|p2b: Volcanion\n|-damage|p2a: Tornadus|90/100\n|-damage|p2b: Volcanion|95/100\n|\n|-weather|RainDance|[upkeep]\n|-heal|p2b: Volcanion|100/100|[from] item: Leftovers\n|upkeep\n|turn|2\n|inactive|Jaiper_Showdown has 120 seconds left.\n|l|☆Jaiper_Showdown\n|inactive|Jaiper_Showdown disconnected and has a minute to reconnect!\n|player|p1|\n|inactive|Jaiper_Showdown has 30 seconds to reconnect!\n|j|☆Jaiper_Showdown\n|inactive|Jaiper_Showdown reconnected and has 85 seconds left.\n|player|p1|Jaiper_Showdown|nate|\n|\n|t:|1771252040\n|switch|p1a: Kyurem|Kyurem|100/100\n|-ability|p1a: Kyurem|Pressure\n|switch|p2b: Incineroar|Incineroar, F|100/100\n|-ability|p2b: Incineroar|Intimidate|boost\n|-unboost|p1a: Kyurem|atk|1\n|-unboost|p1b: Iron Bundle|atk|1\n|move|p2a: Tornadus|Protect|p2a: Tornadus\n|-singleturn|p2a: Tornadus|Protect\n|move|p1b: Iron Bundle|Hydro Pump|p2a: Tornadus\n|-activate|p2a: Tornadus|move: Protect\n|\n|-weather|RainDance|[upkeep]\n|upkeep\n|turn|3\n|inactive|Jaiper_Showdown has 90 seconds left.\n|\n|t:|1771252066\n|move|p1b: Iron Bundle|Protect|p1b: Iron Bundle\n|-singleturn|p1b: Iron Bundle|Protect\n|move|p2a: Tornadus|Tailwind|p2a: Tornadus\n|-sidestart|p2: bladeleo|move: Tailwind\n|move|p1a: Kyurem|Earth Power|p2a: Tornadus\n|-supereffective|p2a: Tornadus\n|-damage|p2a: Tornadus|11/100\n|move|p2b: Incineroar|Snarl|p1a: Kyurem|[spread] p1a\n|-activate|p1b: Iron Bundle|move: Protect\n|-damage|p1a: Kyurem|90/100\n|-unboost|p1a: Kyurem|spa|1\n|\n|-weather|RainDance|[upkeep]\n|upkeep\n|turn|4\n|\n|t:|1771252088\n|switch|p2a: Volcanion|Volcanion|100/100\n|move|p1b: Iron Bundle|Hydro Pump|p2b: Incineroar\n|-supereffective|p2b: Incineroar\n|-crit|p2b: Incineroar\n|-damage|p2b: Incineroar|0 fnt\n|faint|p2b: Incineroar\n|move|p1a: Kyurem|Earth Power|p2a: Volcanion\n|-supereffective|p2a: Volcanion\n|-damage|p2a: Volcanion|38/100\n|\n|-weather|RainDance|[upkeep]\n|-heal|p2a: Volcanion|44/100|[from] item: Leftovers\n|upkeep\n|\n|t:|1771252098\n|switch|p2b: Regidrago|Regidrago|100/100\n|turn|5\n|l|☆Jaiper_Showdown\n|inactive|Jaiper_Showdown disconnected and has a minute to reconnect!\n|player|p1|\n|j|☆Jaiper_Showdown\n|inactive|Jaiper_Showdown reconnected and has 125 seconds left.\n|player|p1|Jaiper_Showdown|nate|\n|\n|t:|1771252113\n|switch|p1a: Ninetales|Ninetales-Alola, F, shiny|100/100\n|-weather|Snowscape|[from] ability: Snow Warning|[of] p1a: Ninetales\n|move|p2b: Regidrago|Dragon Energy|p1b: Iron Bundle|[spread] p1b\n|-immune|p1a: Ninetales\n|-damage|p1b: Iron Bundle|0 fnt\n|faint|p1b: Iron Bundle\n|-end|p1b: Iron Bundle|Quark Drive|[silent]\n|move|p2a: Volcanion|Scald|p1a: Ninetales\n|-damage|p1a: Ninetales|57/100\n|-status|p1a: Ninetales|brn\n|\n|-weather|Snowscape|[upkeep]\n|-heal|p2a: Volcanion|50/100|[from] item: Leftovers\n|-damage|p1a: Ninetales|51/100 brn|[from] brn\n|upkeep\n|j| naibot2814\n|inactive|Jaiper_Showdown has 120 seconds left.\n|\n|t:|1771252126\n|switch|p1b: Weavile|Weavile, M|100/100\n|turn|6\n|\n|t:|1771252134\n|move|p1b: Weavile|Fake Out|p2a: Volcanion\n|-damage|p2a: Volcanion|40/100\n|move|p2b: Regidrago|Dragon Energy|p1a: Ninetales|[spread] p1b\n|-immune|p1a: Ninetales\n|-damage|p1b: Weavile|2/100\n|move|p1a: Ninetales|Aurora Veil|p1a: Ninetales\n|-sidestart|p1: Jaiper_Showdown|move: Aurora Veil\n|cant|p2a: Volcanion|flinch\n|\n|-weather|Snowscape|[upkeep]\n|-heal|p2a: Volcanion|46/100|[from] item: Leftovers\n|-damage|p1a: Ninetales|45/100 brn|[from] brn\n|-sideend|p2: bladeleo|move: Tailwind\n|upkeep\n|turn|7\n|\n|t:|1771252151\n|switch|p2b: Diancie|Diancie|100/100\n|move|p1b: Weavile|Knock Off|p2b: Diancie\n|-resisted|p2b: Diancie\n|-damage|p2b: Diancie|85/100\n|-enditem|p2b: Diancie|Leftovers|[from] move: Knock Off|[of] p1b: Weavile\n|move|p1a: Ninetales|Encore||[still]\n|-fail|p1a: Ninetales\n|move|p2a: Volcanion|Heat Wave|p1a: Ninetales|[spread] p1a,p1b\n|-supereffective|p1a: Ninetales\n|-supereffective|p1b: Weavile\n|-damage|p1a: Ninetales|0 fnt\n|-damage|p1b: Weavile|0 fnt\n|faint|p1a: Ninetales\n|faint|p1b: Weavile\n|\n|-weather|Snowscape|[upkeep]\n|-heal|p2a: Volcanion|52/100|[from] item: Leftovers\n|upkeep\n|\n|t:|1771252162\n|switch|p1b: Mamoswine|Mamoswine, M|100/100\n|switch|p1a: Kyurem|Kyurem|90/100\n|-ability|p1a: Kyurem|Pressure\n|turn|8\n|\n|t:|1771252178\n|switch|p2b: Tornadus|Tornadus, M, tera:Steel|11/100\n|move|p1a: Kyurem|Blizzard|p2a: Volcanion|[spread] p2a,p2b\n|-resisted|p2a: Volcanion\n|-resisted|p2b: Tornadus\n|-damage|p2a: Volcanion|37/100\n|-damage|p2b: Tornadus|0 fnt\n|faint|p2b: Tornadus\n|move|p1b: Mamoswine|High Horsepower|p2a: Volcanion\n|-supereffective|p2a: Volcanion\n|-damage|p2a: Volcanion|0 fnt\n|faint|p2a: Volcanion\n|\n|-weather|Snowscape|[upkeep]\n|upkeep\n|\n|t:|1771252194\n|switch|p2b: Dondozo|Dondozo, M|100/100\n|switch|p2a: Regidrago|Regidrago|100/100\n|turn|9\n|\n|t:|1771252211\n|switch|p1b: Frosmoth|Frosmoth, M, shiny|100/100\n|-terastallize|p1a: Kyurem|Water\n|move|p2a: Regidrago|Draco Meteor|p1a: Kyurem\n|-damage|p1a: Kyurem|33/100\n|-unboost|p2a: Regidrago|spa|2\n|move|p1a: Kyurem|Blizzard|p2a: Regidrago|[spread] p2a,p2b\n|-supereffective|p2a: Regidrago\n|-crit|p2a: Regidrago\n|-resisted|p2b: Dondozo\n|-damage|p2a: Regidrago|0 fnt\n|-damage|p2b: Dondozo|71/100\n|-status|p2b: Dondozo|frz\n|faint|p2a: Regidrago\n|-curestatus|p2b: Dondozo|frz|[msg]\n|move|p2b: Dondozo|Wave Crash|p1b: Frosmoth\n|-damage|p1b: Frosmoth|47/100\n|-damage|p2b: Dondozo|59/100|[from] Recoil\n|\n|-weather|none\n|upkeep\n|\n|t:|1771252229\n|switch|p2a: Diancie|Diancie|85/100\n|turn|10\n|\n|t:|1771252234\n|move|p1a: Kyurem|Blizzard|p2b: Dondozo|[spread] p2a,p2b\n|-resisted|p2b: Dondozo\n|-damage|p2a: Diancie|37/100\n|-damage|p2b: Dondozo|29/100\n|move|p1b: Frosmoth|Snowscape|p1b: Frosmoth\n|-weather|Snowscape\n|move|p2b: Dondozo|Wave Crash|p1b: Frosmoth\n|-crit|p1b: Frosmoth\n|-damage|p1b: Frosmoth|0 fnt\n|faint|p1b: Frosmoth\n|-damage|p2b: Dondozo|18/100|[from] Recoil\n|move|p2a: Diancie|Trick Room|p2a: Diancie\n|-fieldstart|move: Trick Room|[of] p2a: Diancie\n|\n|-weather|Snowscape|[upkeep]\n|upkeep\n|\n|t:|1771252242\n|switch|p1b: Mamoswine|Mamoswine, M|100/100\n|turn|11\n|l| naibot2814\n|\n|t:|1771252254\n|move|p1b: Mamoswine|Protect|p1b: Mamoswine\n|-singleturn|p1b: Mamoswine|Protect\n|move|p2a: Diancie|Diamond Storm|p1b: Mamoswine|[spread] p1a\n|-activate|p1b: Mamoswine|move: Protect\n|-damage|p1a: Kyurem|17/100\n|move|p2b: Dondozo|Wave Crash|p1b: Mamoswine\n|-activate|p1b: Mamoswine|move: Protect\n|move|p1a: Kyurem|Blizzard|p2b: Dondozo|[spread] p2a,p2b\n|-resisted|p2b: Dondozo\n|-damage|p2a: Diancie|0 fnt\n|-damage|p2b: Dondozo|0 fnt\n|faint|p2a: Diancie\n|faint|p2b: Dondozo\n|\n|win|Jaiper_Showdown\n|raw|Jaiper_Showdown's rating: 1647 &rarr; <strong>1672</strong><br />(+25 for winning)\n|raw|bladeleo's rating: 1741 &rarr; <strong>1716</strong><br />(-25 for losing)\n|l|☆bladeleo\n|player|p2|\n|l|☆Jaiper_Showdown\n|player|p1|\n", "uploadtime": 1771252438, "views": 7, "formatid": "gen9doublesou", "rating": 1672, "private": 0, "password": null}