{"id": "gen9doublesou-2540237349", "format": "[Gen 9] Doubles OU", "players": ["dobou", "ustat"], "log": "|j|☆dobou\n|j|☆ustat\n|t:|1771179255\n|gametype|doubles\n|player|p1|dobou|clown|1607\n|player|p2|ustat|red|1637\n|gen|9\n|tier|[Gen 9] Doubles OU\n|rated|\n|rule|HP Percentage Mod: HP is shown in percentages\n|rule|Endless Battle Clause: Forcing endless battles is banned\n|rule|Species Clause: Limit one of each Pokémon\n|rule|OHKO Clause: OHKO moves are banned\n|rule|Evasion Moves Clause: Evasion moves are banned\n|rule|Gravity Sleep Clause: The combination of sleep-inducing moves with imperfect accuracy and Gravity or Gigantamax Orbeetle are banned\n|rule|Evasion Abilities Clause: Evasion abilities are banned\n|clearpoke\n|poke|p1|Ninetales-Alola, F|\n|poke|p1|Kingambit, F|\n|poke|p1|Incineroar, F|\n|poke|p1|Ogerpon-Wellspring, F|\n|poke|p1|Landorus, M|\n|poke|p1|Kyurem|\n|poke|p2|Regidrago|\n|poke|p2|Ribombee, M|\n|poke|p2|Incineroar, F|\n|poke|p2|Chi-Yu|\n|poke|p2|Ogerpon-Wellspring, F|\n|poke|p2|Metagross|\n|teampreview\n|\n|t:|1771179277\n|teamsize|p1|6\n|teamsize|p2|6\n|start\n|switch|p1a: Ninetales|Ninetales-Alola, F|100/100\n|switch|p1b: Landorus|Landorus, M|100/100\n|switch|p2a: I will survive!|Ribombee, M|100/100\n|switch|p2b: Hammurabi|Metagross|100/100\n|-weather|Snowscape|[from] ability: Snow Warning|[of] p1a: Ninetales\n|turn|1\n|\n|t:|1771179288\n|-terastallize|p2b: Hammurabi|Water\n|move|p2a: I will survive!|Tailwind|p2a: I will survive!\n|-sidestart|p2: ustat|move: Tailwind\n|move|p2b: Hammurabi|Psychic Fangs|p1a: Ninetales\n|-damage|p1a: Ninetales|63/100\n|move|p1a: Ninetales|Aurora Veil|p1a: Ninetales\n|-sidestart|p1: dobou|move: Aurora Veil\n|move|p1b: Landorus|Earth Power|p2b: Hammurabi\n|-damage|p2b: Hammurabi|55/100\n|\n|-weather|Snowscape|[upkeep]\n|upkeep\n|turn|2\n|\n|t:|1771179310\n|move|p2a: I will survive!|Pollen Puff|p2b: Hammurabi\n|-heal|p2b: Hammurabi|100/100\n|move|p2b: Hammurabi|Psychic Fangs|p1b: Landorus\n|-sideend|p1: dobou|move: Aurora Veil\n|-damage|p1b: Landorus|43/100\n|move|p1a: Ninetales|Encore|p2a: I will survive!\n|-start|p2a: I will survive!|Encore\n|move|p1b: Landorus|Earth Power|p2b: Hammurabi\n|-damage|p2b: Hammurabi|55/100\n|\n|-weather|Snowscape|[upkeep]\n|upkeep\n|turn|3\n|\n|t:|1771179341\n|move|p2a: I will survive!|Pollen Puff|p2b: Hammurabi\n|-heal|p2b: Hammurabi|100/100\n|move|p2b: Hammurabi|Psychic Fangs|p1a: Ninetales\n|-damage|p1a: Ninetales|21/100\n|move|p1a: Ninetales|Encore|p2b: Hammurabi\n|-start|p2b: Hammurabi|Encore\n|move|p1b: Landorus|Earth Power|p2b: Hammurabi\n|-damage|p2b: Hammurabi|53/100\n|\n|-weather|Snowscape|[upkeep]\n|upkeep\n|turn|4\n|\n|t:|1771179357\n|switch|p1a: Kingambit|Kingambit, F|100/100\n|switch|p1b: Ogerpon|Ogerpon-Wellspring, F|100/100\n|move|p2a: I will survive!|Pollen Puff|p2b: Hammurabi\n|-heal|p2b: Hammurabi|100/100\n|move|p2b: Hammurabi|Psychic Fangs|p1b: Ogerpon\n|-damage|p1b: Ogerpon|48/100\n|\n|-weather|Snowscape|[upkeep]\n|-sideend|p2: ustat|move: Tailwind\n|upkeep\n|turn|5\n|\n|t:|1771179383\n|switch|p2b: Shameless cat|Incineroar, F, shiny|100/100\n|-ability|p2b: Shameless cat|Intimidate|boost\n|-unboost|p1a: Kingambit|atk|1\n|-ability|p1a: Kingambit|Defiant|boost\n|-boost|p1a: Kingambit|atk|2\n|-unboost|p1b: Ogerpon|atk|1\n|move|p1b: Ogerpon|Spiky Shield|p1b: Ogerpon\n|-singleturn|p1b: Ogerpon|move: Protect\n|move|p2a: I will survive!|Pollen Puff|p1b: Ogerpon\n|-activate|p1b: Ogerpon|move: Protect\n|move|p1a: Kingambit|Swords Dance|p1a: Kingambit\n|-boost|p1a: Kingambit|atk|2\n|\n|-weather|none\n|-end|p2a: I will survive!|Encore\n|upkeep\n|turn|6\n|\n|t:|1771179399\n|switch|p1b: Incineroar|Incineroar, F|100/100\n|-ability|p1b: Incineroar|Intimidate|boost\n|-unboost|p2a: I will survive!|atk|1\n|-unboost|p2b: Shameless cat|atk|1\n|move|p1a: Kingambit|Protect|p1a: Kingambit\n|-singleturn|p1a: Kingambit|Protect\n|move|p2b: Shameless cat|Fake Out|p1a: Kingambit\n|-activate|p1a: Kingambit|move: Protect\n|move|p2a: I will survive!|Tailwind|p2a: I will survive!\n|-sidestart|p2: ustat|move: Tailwind\n|\n|upkeep\n|turn|7\n|\n|t:|1771179414\n|move|p1b: Incineroar|Fake Out|p2b: Shameless cat\n|-damage|p2b: Shameless cat|91/100\n|move|p2a: I will survive!|Moonblast|p1a: Kingambit\n|-damage|p1a: Kingambit|65/100\n|-unboost|p1a: Kingambit|spa|1\n|-ability|p1a: Kingambit|Defiant|boost\n|-boost|p1a: Kingambit|atk|2\n|cant|p2b: Shameless cat|flinch\n|move|p1a: Kingambit|Kowtow Cleave|p2a: I will survive!\n|-resisted|p2a: I will survive!\n|-enditem|p2a: I will survive!|Focus Sash\n|-damage|p2a: I will survive!|1/100\n|\n|-heal|p1a: Kingambit|72/100|[from] item: Leftovers\n|upkeep\n|turn|8\n|\n|t:|1771179433\n|move|p2a: I will survive!|Protect|p2a: I will survive!\n|-singleturn|p2a: I will survive!|Protect\n|move|p1a: Kingambit|Protect|p1a: Kingambit\n|-singleturn|p1a: Kingambit|Protect\n|move|p2b: Shameless cat|Flare Blitz|p1a: Kingambit\n|-activate|p1a: Kingambit|move: Protect\n|move|p1b: Incineroar|Parting Shot|p2b: Shameless cat\n|-unboost|p2b: Shameless cat|atk|1\n|-unboost|p2b: Shameless cat|spa|1\n|\n|t:|1771179453\n|switch|p1b: Ogerpon|Ogerpon-Wellspring, F|48/100|[from] Parting Shot\n|\n|-heal|p1a: Kingambit|78/100|[from] item: Leftovers\n|upkeep\n|turn|9\n|\n|t:|1771179473\n|switch|p2a: Luck Charm|Chi-Yu|100/100\n|-ability|p2a: Luck Charm|Beads of Ruin\n|move|p1b: Ogerpon|Follow Me|p1b: Ogerpon\n|-singleturn|p1b: Ogerpon|move: Follow Me\n|move|p2b: Shameless cat|Flare Blitz|p1b: Ogerpon\n|-damage|p1b: Ogerpon|24/100\n|-status|p1b: Ogerpon|brn\n|-damage|p2b: Shameless cat|84/100|[from] Recoil\n|move|p1a: Kingambit|Kowtow Cleave|p2a: Luck Charm\n|-resisted|p2a: Luck Charm\n|-damage|p2a: Luck Charm|0 fnt\n|faint|p2a: Luck Charm\n|\n|-heal|p1a: Kingambit|84/100|[from] item: Leftovers\n|-damage|p1b: Ogerpon|18/100 brn|[from] brn\n|-sideend|p2: ustat|move: Tailwind\n|upkeep\n|\n|t:|1771179490\n|switch|p2a: I will survive!|Ribombee, M|1/100\n|turn|10\n|\n|t:|1771179497\n|move|p1a: Kingambit|Protect|p1a: Kingambit\n|-singleturn|p1a: Kingambit|Protect\n|move|p2a: I will survive!|Tailwind|p2a: I will survive!\n|-sidestart|p2: ustat|move: Tailwind\n|move|p1b: Ogerpon|Ivy Cudgel|p2b: Shameless cat|[anim] Ivy Cudgel Water\n|-supereffective|p2b: Shameless cat\n|-damage|p2b: Shameless cat|42/100\n|-enditem|p2b: Shameless cat|Sitrus Berry|[eat]\n|-heal|p2b: Shameless cat|67/100|[from] item: Sitrus Berry\n|move|p2b: Shameless cat|Flare Blitz|p1a: Kingambit\n|-activate|p1a: Kingambit|move: Protect\n|\n|-heal|p1a: Kingambit|90/100|[from] item: Leftovers\n|-damage|p1b: Ogerpon|12/100 brn|[from] brn\n|upkeep\n|turn|11\n|\n|t:|1771179521\n|move|p1b: Ogerpon|Follow Me|p1b: Ogerpon\n|-singleturn|p1b: Ogerpon|move: Follow Me\n|move|p2a: I will survive!|Pollen Puff|p1b: Ogerpon\n|-supereffective|p1b: Ogerpon\n|-damage|p1b: Ogerpon|0 fnt\n|faint|p1b: Ogerpon\n|move|p2b: Shameless cat|Flare Blitz|p1a: Kingambit\n|-supereffective|p1a: Kingambit\n|-damage|p1a: Kingambit|59/100\n|-damage|p2b: Shameless cat|56/100|[from] Recoil\n|move|p1a: Kingambit|Kowtow Cleave|p2b: Shameless cat\n|-resisted|p2b: Shameless cat\n|-damage|p2b: Shameless cat|0 fnt\n|faint|p2b: Shameless cat\n|\n|-heal|p1a: Kingambit|65/100|[from] item: Leftovers\n|upkeep\n|\n|t:|1771179539\n|switch|p1b: Incineroar|Incineroar, F|100/100\n|switch|p2b: Drink water|Ogerpon-Wellspring, F|100/100\n|-ability|p1b: Incineroar|Intimidate|boost\n|-unboost|p2a: I will survive!|atk|1\n|-unboost|p2b: Drink water|atk|1\n|turn|12\n|\n|t:|1771179568\n|move|p2a: I will survive!|Protect|p2a: I will survive!\n|-singleturn|p2a: I will survive!|Protect\n|move|p2b: Drink water|Spiky Shield|p2b: Drink water\n|-singleturn|p2b: Drink water|move: Protect\n|move|p1a: Kingambit|Protect|p1a: Kingambit\n|-singleturn|p1a: Kingambit|Protect\n|move|p1b: Incineroar|Knock Off|p2a: I will survive!\n|-activate|p2a: I will survive!|move: Protect\n|\n|-heal|p1a: Kingambit|71/100|[from] item: Leftovers\n|upkeep\n|turn|13\n|\n|t:|1771179611\n|move|p2b: Drink water|Follow Me|p2b: Drink water\n|-singleturn|p2b: Drink water|move: Follow Me\n|move|p1a: Kingambit|Sucker Punch||[still]\n|-fail|p1a: Kingambit\n|move|p2a: I will survive!|Moonblast|p1a: Kingambit\n|-damage|p1a: Kingambit|32/100\n|-unboost|p1a: Kingambit|spa|1\n|-ability|p1a: Kingambit|Defiant|boost\n|-boost|p1a: Kingambit|atk|1\n|move|p1b: Incineroar|Parting Shot|p2b: Drink water\n|-unboost|p2b: Drink water|atk|1\n|-unboost|p2b: Drink water|spa|1\n|\n|t:|1771179621\n|switch|p1b: Ninetales|Ninetales-Alola, F|21/100|[from] Parting Shot\n|-weather|Snowscape|[from] ability: Snow Warning|[of] p1b: Ninetales\n|\n|-weather|Snowscape|[upkeep]\n|-heal|p1a: Kingambit|38/100|[from] item: Leftovers\n|-sideend|p2: ustat|move: Tailwind\n|upkeep\n|turn|14\n|c|☆ustat|Ribombee selling lol\n|\n|t:|1771179646\n|move|p1a: Kingambit|Protect|p1a: Kingambit\n|-singleturn|p1a: Kingambit|Protect\n|move|p2b: Drink water|Follow Me|p2b: Drink water\n|-singleturn|p2b: Drink water|move: Follow Me\n|move|p2a: I will survive!|Moonblast|p1a: Kingambit\n|-activate|p1a: Kingambit|move: Protect\n|move|p1b: Ninetales|Blizzard|p2a: I will survive!|[spread] p2a,p2b\n|-damage|p2a: I will survive!|0 fnt\n|-damage|p2b: Drink water|75/100\n|faint|p2a: I will survive!\n|\n|-weather|Snowscape|[upkeep]\n|-heal|p1a: Kingambit|44/100|[from] item: Leftovers\n|upkeep\n|\n|t:|1771179652\n|switch|p2a: Hammurabi|Metagross, tera:Water|100/100\n|turn|15\n|\n|t:|1771179672\n|switch|p1b: Incineroar|Incineroar, F|100/100\n|-ability|p1b: Incineroar|Intimidate|boost\n|-fail|p2a: Hammurabi|unboost|[from] ability: Clear Body|[of] p2a: Hammurabi\n|-unboost|p2b: Drink water|atk|1\n|-terastallize|p1a: Kingambit|Dragon\n|move|p2b: Drink water|Follow Me|p2b: Drink water\n|-singleturn|p2b: Drink water|move: Follow Me\n|move|p2a: Hammurabi|Stomping Tantrum|p1a: Kingambit\n|-damage|p1a: Kingambit|24/100\n|move|p1a: Kingambit|Kowtow Cleave|p2b: Drink water\n|-damage|p2b: Drink water|0 fnt\n|faint|p2b: Drink water\n|\n|-weather|Snowscape|[upkeep]\n|-heal|p1a: Kingambit|30/100|[from] item: Leftovers\n|upkeep\n|\n|t:|1771179686\n|switch|p2b: Kumru's Favorite|Regidrago|100/100\n|turn|16\n|\n|t:|1771179700\n|move|p1b: Incineroar|Fake Out|p2a: Hammurabi\n|-damage|p2a: Hammurabi|92/100\n|move|p1a: Kingambit|Sucker Punch|p2b: Kumru's Favorite\n|-damage|p2b: Kumru's Favorite|0 fnt\n|faint|p2b: Kumru's Favorite\n|cant|p2a: Hammurabi|flinch\n|\n|-weather|Snowscape|[upkeep]\n|-heal|p1a: Kingambit|36/100|[from] item: Leftovers\n|upkeep\n|turn|17\n|\n|t:|1771179713\n|move|p1a: Kingambit|Protect|p1a: Kingambit\n|-singleturn|p1a: Kingambit|Protect\n|move|p2a: Hammurabi|Iron Head|p1a: Kingambit\n|-activate|p1a: Kingambit|move: Protect\n|move|p1b: Incineroar|Will-O-Wisp|p2a: Hammurabi\n|-status|p2a: Hammurabi|brn\n|\n|-weather|none\n|-heal|p1a: Kingambit|42/100|[from] item: Leftovers\n|-damage|p2a: Hammurabi|86/100 brn|[from] brn\n|upkeep\n|turn|18\n|c|☆ustat|Please die...\n|\n|t:|1771179721\n|move|p2a: Hammurabi|Stomping Tantrum|p1a: Kingambit\n|-damage|p1a: Kingambit|33/100\n|move|p1b: Incineroar|Knock Off|p2a: Hammurabi\n|-damage|p2a: Hammurabi|54/100 brn\n|-enditem|p2a: Hammurabi|Assault Vest|[from] move: Knock Off|[of] p1b: Incineroar\n|move|p1a: Kingambit|Kowtow Cleave|p2a: Hammurabi\n|-damage|p2a: Hammurabi|0 fnt\n|faint|p2a: Hammurabi\n|\n|win|dobou\n|raw|dobou's rating: 1607 &rarr; <strong>1629</strong><br />(+22 for winning)\n|raw|ustat's rating: 1637 &rarr; <strong>1615</strong><br />(-22 for losing)\n|l|☆dobou\n|player|p1|\n|l|☆ustat\n|player|p2|\n", "uploadtime": 1771179714, "views": 13, "formatid": "gen9doublesou", "rating": 1615, "private": 0, "password": null}