{"id": "gen9doublesou-2540684570", "format": "[Gen 9] Doubles OU", "players": ["samu4846", "Dr Sly"], "log": "|j|☆samu4846\n|j|☆Dr Sly\n|t:|1771239883\n|gametype|doubles\n|player|p1|samu4846|265|1535\n|player|p2|Dr Sly|camper|1657\n|gen|9\n|tier|[Gen 9] Doubles OU\n|rated|\n|rule|HP Percentage Mod: HP is shown in percentages\n|rule|Endless Battle Clause: Forcing endless battles is banned\n|rule|Species Clause: Limit one of each Pokémon\n|rule|OHKO Clause: OHKO moves are banned\n|rule|Evasion Moves Clause: Evasion moves are banned\n|rule|Gravity Sleep Clause: The combination of sleep-inducing moves with imperfect accuracy and Gravity or Gigantamax Orbeetle are banned\n|rule|Evasion Abilities Clause: Evasion abilities are banned\n|clearpoke\n|poke|p1|Torkoal, F|\n|poke|p1|Raging Bolt|\n|poke|p1|Ogerpon-Hearthflame, F|\n|poke|p1|Okidogi, M|\n|poke|p1|Chien-Pao|\n|poke|p1|Hoopa-Unbound|\n|poke|p2|Hitmonchan, M|\n|poke|p2|Volcanion|\n|poke|p2|Comfey, F|\n|poke|p2|Araquanid, M|\n|poke|p2|Moltres-Galar|\n|poke|p2|Thundurus, M|\n|teampreview\n|inactive|Battle timer is ON: inactive players will automatically lose when time's up. (requested by samu4846)\n|\n|t:|1771239910\n|teamsize|p1|6\n|teamsize|p2|6\n|start\n|switch|p1a: Raging Bolt|Raging Bolt|100/100\n|switch|p1b: Okidogi|Okidogi, M|100/100\n|switch|p2a: Thundurus|Thundurus, M, shiny|100/100\n|switch|p2b: Volcanion|Volcanion|100/100\n|turn|1\n|\n|t:|1771239923\n|-terastallize|p2b: Volcanion|Ground\n|move|p2a: Thundurus|Thunder Wave|p1b: Okidogi\n|-status|p1b: Okidogi|par\n|move|p1a: Raging Bolt|Volt Switch|p2b: Volcanion\n|-immune|p2b: Volcanion\n|move|p2b: Volcanion|Earth Power|p1b: Okidogi\n|-supereffective|p1b: Okidogi\n|-damage|p1b: Okidogi|18/100 par\n|cant|p1b: Okidogi|par\n|\n|-heal|p1b: Okidogi|24/100 par|[from] item: Leftovers\n|upkeep\n|turn|2\n|\n|t:|1771239943\n|switch|p1b: Torkoal|Torkoal, F, shiny|100/100\n|-weather|SunnyDay|[from] ability: Drought|[of] p1b: Torkoal\n|-activate|p1a: Raging Bolt|ability: Protosynthesis\n|-start|p1a: Raging Bolt|protosynthesisspa\n|move|p2a: Thundurus|Thunderbolt|p1b: Torkoal\n|-damage|p1b: Torkoal|54/100\n|-status|p1b: Torkoal|par\n|move|p1a: Raging Bolt|Draco Meteor|p2b: Volcanion\n|-damage|p2b: Volcanion|24/100\n|-unboost|p1a: Raging Bolt|spa|2\n|move|p2b: Volcanion|Earth Power|p1a: Raging Bolt\n|-supereffective|p1a: Raging Bolt\n|-damage|p1a: Raging Bolt|43/100\n|\n|-weather|SunnyDay|[upkeep]\n|upkeep\n|turn|3\n|\n|t:|1771239965\n|switch|p2b: Comfey|Comfey, F|100/100\n|move|p2a: Thundurus|Rain Dance|p2a: Thundurus\n|-weather|RainDance\n|-end|p1a: Raging Bolt|Protosynthesis\n|move|p1a: Raging Bolt|Volt Switch|p2a: Thundurus\n|-damage|p2a: Thundurus|81/100\n|\n|t:|1771239976\n|-end|p1a: Raging Bolt|Protosynthesis|[silent]\n|switch|p1a: Chien-Pao|Chien-Pao|100/100|[from] Volt Switch\n|-ability|p1a: Chien-Pao|Sword of Ruin\n|move|p1b: Torkoal|Earth Power|p2b: Comfey\n|-damage|p2b: Comfey|76/100\n|\n|-weather|RainDance|[upkeep]\n|upkeep\n|turn|4\n|\n|t:|1771239987\n|switch|p2a: Araquanid|Araquanid, M, shiny|100/100\n|switch|p1b: Okidogi|Okidogi, M|24/100 par\n|move|p2b: Comfey|Draining Kiss|p1a: Chien-Pao\n|-supereffective|p1a: Chien-Pao\n|-damage|p1a: Chien-Pao|49/100\n|-heal|p2b: Comfey|100/100|[from] drain|[of] p1a: Chien-Pao\n|move|p1a: Chien-Pao|Ice Spinner|p2a: Araquanid\n|-resisted|p2a: Araquanid\n|-damage|p2a: Araquanid|78/100\n|\n|-weather|RainDance|[upkeep]\n|-heal|p2a: Araquanid|84/100|[from] item: Leftovers\n|-heal|p1b: Okidogi|30/100 par|[from] item: Leftovers\n|upkeep\n|turn|5\n|\n|t:|1771240007\n|switch|p1a: Torkoal|Torkoal, F, shiny|54/100 par\n|-weather|SunnyDay|[from] ability: Drought|[of] p1a: Torkoal\n|move|p2b: Comfey|Draining Kiss|p1a: Torkoal\n|-resisted|p1a: Torkoal\n|-damage|p1a: Torkoal|42/100 par\n|move|p2a: Araquanid|Liquidation|p1b: Okidogi\n|-damage|p1b: Okidogi|10/100 par\n|cant|p1b: Okidogi|par\n|\n|-weather|SunnyDay|[upkeep]\n|-heal|p2a: Araquanid|90/100|[from] item: Leftovers\n|-heal|p1b: Okidogi|16/100 par|[from] item: Leftovers\n|upkeep\n|turn|6\n|c|☆samu4846|Fkn dogi\n|c|☆Dr Sly|i feel ya boss\n|c|☆Dr Sly|i got done last game\n|inactive|Dr Sly has 120 seconds left.\n|\n|t:|1771240052\n|switch|p2b: Hitmonchan|Hitmonchan, M|100/100\n|move|p2a: Araquanid|Liquidation|p1b: Okidogi\n|-damage|p1b: Okidogi|0 fnt\n|faint|p1b: Okidogi\n|cant|p1a: Torkoal|par\n|\n|-weather|SunnyDay|[upkeep]\n|-heal|p2a: Araquanid|96/100|[from] item: Leftovers\n|upkeep\n|inactive|samu4846 has 120 seconds left.\n|c|☆samu4846|No way\n|c|☆samu4846|😭\n|c|☆Dr Sly|this is bad\n|\n|t:|1771240078\n|switch|p1b: Ogerpon|Ogerpon-Hearthflame, F|100/100\n|-ability|p1b: Ogerpon|Mold Breaker\n|turn|7\n|inactive|samu4846 has 120 seconds left.\n|\n|t:|1771240091\n|switch|p1a: Hoopa|Hoopa-Unbound|100/100\n|-terastallize|p1b: Ogerpon|Fire\n|detailschange|p1b: Ogerpon|Ogerpon-Hearthflame-Tera, F, tera:Fire\n|-ability|p1b: Ogerpon|Embody Aspect (Hearthflame)|boost\n|-boost|p1b: Ogerpon|atk|1\n|move|p2b: Hitmonchan|Fake Out|p1b: Ogerpon\n|-damage|p1b: Ogerpon|82/100\n|cant|p1b: Ogerpon|flinch\n|move|p2a: Araquanid|Leech Life|p1b: Ogerpon\n|-resisted|p1b: Ogerpon\n|-damage|p1b: Ogerpon|63/100\n|-heal|p2a: Araquanid|100/100|[from] drain|[of] p1b: Ogerpon\n|\n|-weather|SunnyDay|[upkeep]\n|upkeep\n|turn|8\n|\n|t:|1771240114\n|switch|p2b: Moltres|Moltres-Galar|100/100\n|move|p1b: Ogerpon|Ivy Cudgel|p2b: Moltres|[anim] Ivy Cudgel Fire\n|-damage|p2b: Moltres|0 fnt\n|faint|p2b: Moltres\n|move|p1a: Hoopa|Calm Mind|p1a: Hoopa\n|-boost|p1a: Hoopa|spa|1\n|-boost|p1a: Hoopa|spd|1\n|move|p2a: Araquanid|Leech Life|p1a: Hoopa\n|-supereffective|p1a: Hoopa\n|-enditem|p1a: Hoopa|Tanga Berry|[eat]\n|-enditem|p1a: Hoopa|Tanga Berry|[weaken]\n|-damage|p1a: Hoopa|29/100\n|\n|-weather|SunnyDay|[upkeep]\n|upkeep\n|inactive|Dr Sly has 120 seconds left.\n|\n|t:|1771240129\n|switch|p2b: Thundurus|Thundurus, M, shiny|81/100\n|turn|9\n|inactive|samu4846 has 120 seconds left.\n|\n|t:|1771240160\n|move|p2b: Thundurus|Rain Dance|p2b: Thundurus\n|-weather|RainDance\n|move|p1b: Ogerpon|Ivy Cudgel|p2b: Thundurus|[anim] Ivy Cudgel Fire\n|-damage|p2b: Thundurus|23/100\n|-enditem|p2b: Thundurus|Aguav Berry|[eat]\n|-heal|p2b: Thundurus|56/100|[from] item: Aguav Berry\n|move|p2a: Araquanid|Leech Life|p1a: Hoopa\n|-supereffective|p1a: Hoopa\n|-damage|p1a: Hoopa|0 fnt\n|faint|p1a: Hoopa\n|\n|-weather|RainDance|[upkeep]\n|upkeep\n|inactive|samu4846 has 120 seconds left.\n|\n|t:|1771240170\n|switch|p1a: Torkoal|Torkoal, F, shiny|42/100 par\n|-weather|SunnyDay|[from] ability: Drought|[of] p1a: Torkoal\n|turn|10\n|\n|t:|1771240178\n|move|p2b: Thundurus|Rain Dance|p2b: Thundurus\n|-weather|RainDance\n|move|p1b: Ogerpon|Ivy Cudgel|p2a: Araquanid|[anim] Ivy Cudgel Fire\n|-damage|p2a: Araquanid|74/100\n|move|p2a: Araquanid|Liquidation|p1b: Ogerpon\n|-supereffective|p1b: Ogerpon\n|-damage|p1b: Ogerpon|0 fnt\n|faint|p1b: Ogerpon\n|detailschange|p1: Ogerpon|Ogerpon-Hearthflame, F|[silent]\n|move|p1a: Torkoal|Eruption|p2a: Araquanid|[spread] p2a,p2b\n|-damage|p2a: Araquanid|70/100\n|-damage|p2b: Thundurus|46/100\n|\n|-weather|RainDance|[upkeep]\n|-heal|p2a: Araquanid|76/100|[from] item: Leftovers\n|upkeep\n|-message|samu4846 forfeited.\n|\n|win|Dr Sly\n|raw|samu4846's rating: 1535 &rarr; <strong>1522</strong><br />(-13 for losing)\n|raw|Dr Sly's rating: 1657 &rarr; <strong>1670</strong><br />(+13 for winning)\n|l|☆samu4846\n|player|p1|\n|l|☆Dr Sly\n|player|p2|\n", "uploadtime": 1771240580, "views": 9, "formatid": "gen9doublesou", "rating": 1522, "private": 0, "password": null}