{"id": "gen9doublesou-2540598774", "format": "[Gen 9] Doubles OU", "players": ["dracarysbow", "kittyredheart"], "log": "|j|☆dracarysbow\n|j|☆kittyredheart\n|t:|1771224598\n|gametype|doubles\n|player|p1|dracarysbow|101|1524\n|player|p2|kittyredheart|elesa|1640\n|gen|9\n|tier|[Gen 9] Doubles OU\n|rated|\n|rule|HP Percentage Mod: HP is shown in percentages\n|rule|Endless Battle Clause: Forcing endless battles is banned\n|rule|Species Clause: Limit one of each Pokémon\n|rule|OHKO Clause: OHKO moves are banned\n|rule|Evasion Moves Clause: Evasion moves are banned\n|rule|Gravity Sleep Clause: The combination of sleep-inducing moves with imperfect accuracy and Gravity or Gigantamax Orbeetle are banned\n|rule|Evasion Abilities Clause: Evasion abilities are banned\n|clearpoke\n|poke|p1|Zapdos-Galar|\n|poke|p1|Sneasler, F|\n|poke|p1|Murkrow, M|\n|poke|p1|Chi-Yu|\n|poke|p1|Primarina, F|\n|poke|p1|Pelipper, F|\n|poke|p2|Chien-Pao|\n|poke|p2|Jirachi|\n|poke|p2|Incineroar, M|\n|poke|p2|Milotic, F|\n|poke|p2|Grimmsnarl, M|\n|poke|p2|Landorus-Therian, M|\n|teampreview\n|inactive|Battle timer is ON: inactive players will automatically lose when time's up. (requested by kittyredheart)\n|\n|t:|1771224614\n|teamsize|p1|6\n|teamsize|p2|6\n|start\n|switch|p1a: Murkrow|Murkrow, M|100/100\n|switch|p1b: Sneasler|Sneasler, F|100/100\n|switch|p2a: Chien-Pao|Chien-Pao|100/100\n|switch|p2b: Rudger|Grimmsnarl, M, shiny|100/100\n|-ability|p2a: Chien-Pao|Sword of Ruin\n|turn|1\n|\n|t:|1771224628\n|-terastallize|p2a: Chien-Pao|Ghost\n|move|p1b: Sneasler|Fake Out|p2b: Rudger\n|-enditem|p1b: Sneasler|Normal Gem|[from] gem\n|-damage|p2b: Rudger|61/100\n|move|p1a: Murkrow|Tailwind|p1a: Murkrow\n|-sidestart|p1: dracarysbow|move: Tailwind\n|move|p2a: Chien-Pao|Ice Spinner|p1a: Murkrow\n|-supereffective|p1a: Murkrow\n|-damage|p1a: Murkrow|0 fnt\n|faint|p1a: Murkrow\n|cant|p2b: Rudger|flinch\n|\n|upkeep\n|\n|t:|1771224649\n|switch|p1a: Chi-Yu|Chi-Yu|100/100\n|-ability|p1a: Chi-Yu|Beads of Ruin\n|turn|2\n|\n|t:|1771224657\n|switch|p2a: Milotic|Milotic, F|100/100\n|move|p2b: Rudger|Light Screen|p2b: Rudger\n|-sidestart|p2: kittyredheart|move: Light Screen\n|move|p1b: Sneasler|Dire Claw|p2b: Rudger\n|-supereffective|p2b: Rudger\n|-damage|p2b: Rudger|0 fnt\n|faint|p2b: Rudger\n|move|p1a: Chi-Yu|Heat Wave|p2a: Milotic\n|-resisted|p2a: Milotic\n|-damage|p2a: Milotic|80/100\n|\n|upkeep\n|\n|t:|1771224668\n|switch|p2b: Landorus|Landorus-Therian, M|100/100\n|-ability|p2b: Landorus|Intimidate|boost\n|-unboost|p1a: Chi-Yu|atk|1\n|-unboost|p1b: Sneasler|atk|1\n|turn|3\n|\n|t:|1771224676\n|move|p1b: Sneasler|Dire Claw|p2a: Milotic\n|-damage|p2a: Milotic|51/100\n|-status|p2a: Milotic|par\n|move|p1a: Chi-Yu|Heat Wave|p2a: Milotic|[spread] p2a,p2b\n|-resisted|p2a: Milotic\n|-damage|p2a: Milotic|35/100 par\n|-damage|p2b: Landorus|36/100\n|-status|p2b: Landorus|brn\n|move|p2b: Landorus|Stealth Rock|p1a: Chi-Yu\n|-sidestart|p1: dracarysbow|move: Stealth Rock\n|move|p2a: Milotic|Coil|p2a: Milotic\n|-boost|p2a: Milotic|atk|1\n|-boost|p2a: Milotic|def|1\n|-boost|p2a: Milotic|accuracy|1\n|\n|-damage|p2b: Landorus|30/100 brn|[from] brn\n|upkeep\n|turn|4\n|\n|t:|1771224693\n|switch|p2b: Incineroar|Incineroar, M|100/100\n|-ability|p2b: Incineroar|Intimidate|boost\n|-unboost|p1a: Chi-Yu|atk|1\n|-unboost|p1b: Sneasler|atk|1\n|move|p1b: Sneasler|Dire Claw|p2a: Milotic\n|-damage|p2a: Milotic|20/100 par\n|move|p1a: Chi-Yu|Heat Wave|p2b: Incineroar|[spread] p2a\n|-miss|p1a: Chi-Yu|p2b: Incineroar\n|-resisted|p2a: Milotic\n|-crit|p2a: Milotic\n|-damage|p2a: Milotic|0 fnt\n|faint|p2a: Milotic\n|\n|-sideend|p1: dracarysbow|move: Tailwind\n|upkeep\n|\n|t:|1771224706\n|switch|p2a: Landorus|Landorus-Therian, M|30/100 brn\n|-ability|p2a: Landorus|Intimidate|boost\n|-unboost|p1a: Chi-Yu|atk|1\n|-unboost|p1b: Sneasler|atk|1\n|turn|5\n|\n|t:|1771224723\n|switch|p1b: Primarina|Primarina, F|100/100\n|-damage|p1b: Primarina|88/100|[from] Stealth Rock\n|switch|p1a: Pelipper|Pelipper, F|100/100\n|-damage|p1a: Pelipper|76/100|[from] Stealth Rock\n|-weather|RainDance|[from] ability: Drizzle|[of] p1a: Pelipper\n|move|p2a: Landorus|Rock Slide|p1b: Primarina|[spread] p1a,p1b\n|-supereffective|p1a: Pelipper\n|-damage|p1a: Pelipper|53/100\n|-damage|p1b: Primarina|73/100\n|move|p2b: Incineroar|Knock Off|p1a: Pelipper\n|-damage|p1a: Pelipper|1/100\n|-enditem|p1a: Pelipper|Clear Amulet|[from] move: Knock Off|[of] p2b: Incineroar\n|\n|-weather|RainDance|[upkeep]\n|-damage|p2a: Landorus|24/100 brn|[from] brn\n|upkeep\n|turn|6\n|\n|t:|1771224744\n|-terastallize|p1b: Primarina|Water\n|move|p1a: Pelipper|Wide Guard|p1a: Pelipper\n|-singleturn|p1a: Pelipper|Wide Guard\n|move|p2a: Landorus|Rock Slide|p1b: Primarina|[spread] \n|-activate|p1a: Pelipper|move: Wide Guard\n|-activate|p1b: Primarina|move: Wide Guard\n|move|p2b: Incineroar|Knock Off|p1b: Primarina\n|-damage|p1b: Primarina|17/100\n|-enditem|p1b: Primarina|Assault Vest|[from] move: Knock Off|[of] p2b: Incineroar\n|move|p1b: Primarina|Hyper Voice|p2b: Incineroar|[spread] p2a,p2b\n|-supereffective|p2a: Landorus\n|-supereffective|p2b: Incineroar\n|-damage|p2a: Landorus|0 fnt\n|-damage|p2b: Incineroar|21/100\n|-enditem|p2b: Incineroar|Aguav Berry|[eat]\n|-heal|p2b: Incineroar|55/100|[from] item: Aguav Berry\n|faint|p2a: Landorus\n|\n|-weather|RainDance|[upkeep]\n|-sideend|p2: kittyredheart|move: Light Screen\n|upkeep\n|\n|t:|1771224764\n|switch|p2a: Chien-Pao|Chien-Pao, tera:Ghost|100/100\n|-ability|p2a: Chien-Pao|Sword of Ruin\n|turn|7\n|\n|t:|1771224785\n|move|p2a: Chien-Pao|Ice Spinner|p1b: Primarina\n|-resisted|p1b: Primarina\n|-damage|p1b: Primarina|0 fnt\n|faint|p1b: Primarina\n|move|p1a: Pelipper|Muddy Water|p2a: Chien-Pao|[spread] p2b\n|-miss|p1a: Pelipper|p2a: Chien-Pao\n|-supereffective|p2b: Incineroar\n|-damage|p2b: Incineroar|0 fnt\n|faint|p2b: Incineroar\n|\n|-weather|RainDance|[upkeep]\n|upkeep\n|inactive|dracarysbow has 120 seconds left.\n|inactive|dracarysbow has 90 seconds left.\n|\n|t:|1771224848\n|switch|p2b: Starkle|Jirachi|100/100\n|switch|p1b: Sneasler|Sneasler, F|100/100\n|-damage|p1b: Sneasler|95/100|[from] Stealth Rock\n|turn|8\n|\n|t:|1771224856\n|move|p1b: Sneasler|Fake Out|p2b: Starkle\n|-resisted|p2b: Starkle\n|-crit|p2b: Starkle\n|-damage|p2b: Starkle|88/100\n|move|p2a: Chien-Pao|Ice Spinner|p1b: Sneasler\n|-damage|p1b: Sneasler|0 fnt\n|faint|p1b: Sneasler\n|cant|p2b: Starkle|flinch\n|move|p1a: Pelipper|Muddy Water|p2a: Chien-Pao|[spread] p2a,p2b\n|-damage|p2a: Chien-Pao|26/100\n|-damage|p2b: Starkle|54/100\n|\n|-weather|RainDance|[upkeep]\n|-heal|p2b: Starkle|60/100|[from] item: Leftovers\n|upkeep\n|\n|t:|1771224871\n|switch|p1b: Zapdos|Zapdos-Galar|100/100\n|-damage|p1b: Zapdos|88/100|[from] Stealth Rock\n|turn|9\n|inactive|dracarysbow has 120 seconds left.\n|\n|t:|1771224877\n|move|p1b: Zapdos|Protect|p1b: Zapdos\n|-singleturn|p1b: Zapdos|Protect\n|move|p2a: Chien-Pao|Ice Spinner|p1b: Zapdos\n|-activate|p1b: Zapdos|move: Protect\n|move|p2b: Starkle|Wish|p2b: Starkle\n|move|p1a: Pelipper|Muddy Water|p2b: Starkle|[spread] p2a,p2b\n|-damage|p2a: Chien-Pao|0 fnt\n|-damage|p2b: Starkle|26/100\n|faint|p2a: Chien-Pao\n|\n|-weather|none\n|-heal|p2b: Starkle|32/100|[from] item: Leftovers\n|upkeep\n|turn|10\n|\n|t:|1771224891\n|move|p1b: Zapdos|Thunderous Kick|p2b: Starkle\n|-damage|p2b: Starkle|0 fnt\n|faint|p2b: Starkle\n|\n|win|dracarysbow\n|raw|dracarysbow's rating: 1524 &rarr; <strong>1550</strong><br />(+26 for winning)\n|raw|kittyredheart's rating: 1640 &rarr; <strong>1614</strong><br />(-26 for losing)\n|l|☆kittyredheart\n|player|p2|\n|l|☆dracarysbow\n|player|p1|\n", "uploadtime": 1771225166, "views": 13, "formatid": "gen9doublesou", "rating": 1550, "private": 0, "password": null}