{"id": "gen9doublesou-2540580585", "format": "[Gen 9] Doubles OU", "players": ["phononmode", "FilthyCasual242"], "log": "|j|☆phononmode\n|j|☆FilthyCasual242\n|t:|1771221347\n|gametype|doubles\n|player|p1|phononmode|169|1594\n|player|p2|FilthyCasual242|bellelba|1565\n|gen|9\n|tier|[Gen 9] Doubles OU\n|rated|\n|rule|HP Percentage Mod: HP is shown in percentages\n|rule|Endless Battle Clause: Forcing endless battles is banned\n|rule|Species Clause: Limit one of each Pokémon\n|rule|OHKO Clause: OHKO moves are banned\n|rule|Evasion Moves Clause: Evasion moves are banned\n|rule|Gravity Sleep Clause: The combination of sleep-inducing moves with imperfect accuracy and Gravity or Gigantamax Orbeetle are banned\n|rule|Evasion Abilities Clause: Evasion abilities are banned\n|clearpoke\n|poke|p1|Flamigo, F|\n|poke|p1|Blaziken, F|\n|poke|p1|Iron Hands|\n|poke|p1|Whimsicott, F|\n|poke|p1|Lucario, F|\n|poke|p1|Riolu, F|\n|poke|p2|Indeedee-F, F|\n|poke|p2|Amoonguss, M|\n|poke|p2|Hatterene, F|\n|poke|p2|Diancie|\n|poke|p2|Ursaluna, M|\n|poke|p2|Vikavolt, F|\n|teampreview\n|inactive|Battle timer is ON: inactive players will automatically lose when time's up. (requested by phononmode)\n|\n|t:|1771221379\n|teamsize|p1|6\n|teamsize|p2|6\n|start\n|switch|p1a: Whimsicott|Whimsicott, F|100/100\n|switch|p1b: Lucario|Lucario, F|100/100\n|switch|p2a: Vikavolt|Vikavolt, F|100/100\n|switch|p2b: Diancie|Diancie|100/100\n|turn|1\n|\n|t:|1771221385\n|move|p2b: Diancie|Protect|p2b: Diancie\n|-singleturn|p2b: Diancie|Protect\n|move|p1a: Whimsicott|Beat Up|p1b: Lucario\n|-resisted|p1b: Lucario\n|-damage|p1b: Lucario|99/100\n|-ability|p1b: Lucario|Justified|boost\n|-boost|p1b: Lucario|atk|1\n|-resisted|p1b: Lucario\n|-damage|p1b: Lucario|97/100\n|-ability|p1b: Lucario|Justified|boost\n|-boost|p1b: Lucario|atk|1\n|-resisted|p1b: Lucario\n|-damage|p1b: Lucario|94/100\n|-ability|p1b: Lucario|Justified|boost\n|-boost|p1b: Lucario|atk|1\n|-resisted|p1b: Lucario\n|-damage|p1b: Lucario|92/100\n|-ability|p1b: Lucario|Justified|boost\n|-boost|p1b: Lucario|atk|1\n|-resisted|p1b: Lucario\n|-damage|p1b: Lucario|90/100\n|-ability|p1b: Lucario|Justified|boost\n|-boost|p1b: Lucario|atk|1\n|-resisted|p1b: Lucario\n|-damage|p1b: Lucario|89/100\n|-ability|p1b: Lucario|Justified|boost\n|-boost|p1b: Lucario|atk|1\n|-hitcount|p1b: Lucario|6\n|move|p1b: Lucario|Drain Punch|p2b: Diancie\n|-activate|p2b: Diancie|move: Protect\n|move|p2a: Vikavolt|Volt Switch|p1b: Lucario\n|-damage|p1b: Lucario|0 fnt\n|faint|p1b: Lucario\n|\n|t:|1771221394\n|switch|p2a: Indeedee|Indeedee-F, F|100/100|[from] Volt Switch\n|-fieldstart|move: Psychic Terrain|[from] ability: Psychic Surge|[of] p2a: Indeedee\n|-enditem|p2a: Indeedee|Psychic Seed\n|-boost|p2a: Indeedee|spd|1|[from] item: Psychic Seed\n|\n|upkeep\n|\n|t:|1771221402\n|switch|p1b: Blaziken|Blaziken, F|100/100\n|turn|2\n|inactive|FilthyCasual242 has 120 seconds left.\n|inactive|FilthyCasual242 has 90 seconds left.\n|\n|t:|1771221475\n|move|p1b: Blaziken|Swords Dance|p1b: Blaziken\n|-boost|p1b: Blaziken|atk|2\n|move|p2a: Indeedee|Imprison|p2a: Indeedee\n|-start|p2a: Indeedee|move: Imprison\n|move|p2b: Diancie|Diamond Storm|p1b: Blaziken|[spread] p1a,p1b\n|-damage|p1a: Whimsicott|59/100\n|-damage|p1b: Blaziken|46/100\n|-boost|p2b: Diancie|def|2\n|cant|p1a: Whimsicott|move: Imprison|Trick Room\n|\n|-ability|p1b: Blaziken|Speed Boost|boost\n|-boost|p1b: Blaziken|spe|1\n|upkeep\n|turn|3\n|\n|t:|1771221500\n|switch|p1a: Flamigo|Flamigo, F|100/100\n|-copyboost|p1a: Flamigo|p1b: Blaziken|[from] ability: Costar\n|move|p1b: Blaziken|Flare Blitz|p2a: Indeedee\n|-damage|p2a: Indeedee|0 fnt\n|faint|p2a: Indeedee\n|-damage|p1b: Blaziken|8/100|[from] Recoil\n|move|p2b: Diancie|Diamond Storm|p1a: Flamigo|[spread] p1a,p1b\n|-damage|p1a: Flamigo|53/100\n|-damage|p1b: Blaziken|0 fnt\n|faint|p1b: Blaziken\n|\n|upkeep\n|inactive|FilthyCasual242 has 90 seconds left.\n|\n|t:|1771221534\n|switch|p1b: Riolu|Riolu, F|100/100\n|switch|p2a: Hatterene|Hatterene, F|100/100\n|turn|4\n|\n|t:|1771221546\n|move|p1b: Riolu|Coaching|p1a: Flamigo\n|-boost|p1a: Flamigo|atk|1\n|-boost|p1a: Flamigo|def|1\n|move|p1a: Flamigo|Brave Bird|p2a: Hatterene\n|-damage|p2a: Hatterene|0 fnt\n|faint|p2a: Hatterene\n|-damage|p1a: Flamigo|19/100|[from] Recoil\n|move|p2b: Diancie|Trick Room|p2b: Diancie\n|-fieldstart|move: Trick Room|[of] p2b: Diancie\n|\n|upkeep\n|inactive|FilthyCasual242 has 90 seconds left.\n|inactive|FilthyCasual242 has 60 seconds left.\n|\n|t:|1771221606\n|switch|p2a: Vikavolt|Vikavolt, F|100/100\n|turn|5\n|\n|t:|1771221630\n|move|p1b: Riolu|Copycat|p1b: Riolu\n|move|p1b: Riolu|Trick Room|p1b: Riolu|[from] move: Copycat\n|-fieldend|move: Trick Room\n|move|p1a: Flamigo|Brave Bird|p2a: Vikavolt\n|-damage|p2a: Vikavolt|0 fnt\n|faint|p2a: Vikavolt\n|-damage|p1a: Flamigo|0 fnt|[from] Recoil\n|faint|p1a: Flamigo\n|move|p2b: Diancie|Diamond Storm|p1b: Riolu\n|-resisted|p1b: Riolu\n|-damage|p1b: Riolu|23/100\n|-boost|p2b: Diancie|def|2\n|\n|-fieldend|move: Psychic Terrain\n|upkeep\n|inactive|FilthyCasual242 has 60 seconds left.\n|inactive|phononmode has 120 seconds left.\n|\n|t:|1771221658\n|switch|p1a: Iron Hands|Iron Hands|100/100\n|switch|p2a: Ursaluna|Ursaluna, M|100/100\n|turn|6\n|inactive|phononmode has 120 seconds left.\n|\n|t:|1771221675\n|-terastallize|p2a: Ursaluna|Ghost\n|move|p1a: Iron Hands|Fake Out|p2a: Ursaluna\n|-immune|p2a: Ursaluna\n|move|p1b: Riolu|Coaching|p1a: Iron Hands\n|-boost|p1a: Iron Hands|atk|1\n|-boost|p1a: Iron Hands|def|1\n|move|p2a: Ursaluna|Headlong Rush|p1a: Iron Hands\n|-supereffective|p1a: Iron Hands\n|-damage|p1a: Iron Hands|37/100\n|-unboost|p2a: Ursaluna|def|1\n|-unboost|p2a: Ursaluna|spd|1\n|move|p2b: Diancie|Body Press|p1b: Riolu\n|-damage|p1b: Riolu|0 fnt\n|faint|p1b: Riolu\n|\n|-status|p2a: Ursaluna|brn|[from] item: Flame Orb\n|upkeep\n|\n|t:|1771221677\n|switch|p1b: Whimsicott|Whimsicott, F|59/100\n|turn|7\n|-message|phononmode forfeited.\n|\n|win|FilthyCasual242\n|raw|phononmode's rating: 1594 &rarr; <strong>1572</strong><br />(-22 for losing)\n|raw|FilthyCasual242's rating: 1558 &rarr; <strong>1580</strong><br />(+22 for winning)\n|l|☆phononmode\n|player|p1|\n|l|☆FilthyCasual242\n|player|p2|\n", "uploadtime": 1771221999, "views": 13, "formatid": "gen9doublesou", "rating": 1572, "private": 0, "password": null}