{"id": "gen9doublesou-2540411203", "format": "[Gen 9] Doubles OU", "players": ["loril", "MeowmEow33"], "log": "|j|☆loril\n|j|☆MeowmEow33\n|t:|1771198728\n|gametype|doubles\n|player|p1|loril|n|1603\n|player|p2|MeowmEow33|may-contest|1515\n|gen|9\n|tier|[Gen 9] Doubles OU\n|rated|\n|rule|HP Percentage Mod: HP is shown in percentages\n|rule|Endless Battle Clause: Forcing endless battles is banned\n|rule|Species Clause: Limit one of each Pokémon\n|rule|OHKO Clause: OHKO moves are banned\n|rule|Evasion Moves Clause: Evasion moves are banned\n|rule|Gravity Sleep Clause: The combination of sleep-inducing moves with imperfect accuracy and Gravity or Gigantamax Orbeetle are banned\n|rule|Evasion Abilities Clause: Evasion abilities are banned\n|clearpoke\n|poke|p1|Alcremie-Matcha-Cream, F|\n|poke|p1|Chi-Yu|\n|poke|p1|Incineroar, M|\n|poke|p1|Gholdengo|\n|poke|p1|Whimsicott, M|\n|poke|p1|Iron Bundle|\n|poke|p2|Dusclops, F|\n|poke|p2|Incineroar, M|\n|poke|p2|Ursaluna-Bloodmoon, M|\n|poke|p2|Gastrodon, M|\n|poke|p2|Conkeldurr, M|\n|poke|p2|Exeggutor, M|\n|teampreview\n|inactive|Battle timer is ON: inactive players will automatically lose when time's up. (requested by loril)\n|inactive|MeowmEow33 has 120 seconds left.\n|\n|t:|1771198768\n|teamsize|p1|6\n|teamsize|p2|6\n|start\n|switch|p1a: Alcremie|Alcremie-Matcha-Cream, F|100/100\n|switch|p1b: Chi-Yu|Chi-Yu|100/100\n|switch|p2a: Philpe|Conkeldurr, M|100/100\n|switch|p2b: Pegs|Dusclops, F|100/100\n|-ability|p1b: Chi-Yu|Beads of Ruin\n|-item|p1a: Alcremie|Choice Scarf|[from] ability: Frisk|[of] p2b: Pegs\n|-item|p1b: Chi-Yu|Life Orb|[from] ability: Frisk|[of] p2b: Pegs\n|turn|1\n|\n|t:|1771198779\n|-terastallize|p1b: Chi-Yu|Poison\n|-terastallize|p2b: Pegs|Dark\n|move|p2a: Philpe|Wide Guard|p2a: Philpe\n|-singleturn|p2a: Philpe|Wide Guard\n|move|p1a: Alcremie|Decorate|p1b: Chi-Yu\n|-boost|p1b: Chi-Yu|atk|2\n|-boost|p1b: Chi-Yu|spa|2\n|move|p1b: Chi-Yu|Dark Pulse|p2b: Pegs\n|-resisted|p2b: Pegs\n|-damage|p2b: Pegs|62/100\n|-damage|p1b: Chi-Yu|91/100|[from] item: Life Orb\n|move|p2b: Pegs|Trick Room|p2b: Pegs\n|-fieldstart|move: Trick Room|[of] p2b: Pegs\n|\n|-status|p2a: Philpe|brn|[from] item: Flame Orb\n|upkeep\n|turn|2\n|\n|t:|1771198797\n|switch|p1a: Incineroar|Incineroar, M|100/100\n|-ability|p1a: Incineroar|Intimidate|boost\n|-unboost|p2a: Philpe|atk|1\n|-unboost|p2b: Pegs|atk|1\n|move|p1b: Chi-Yu|Protect|p1b: Chi-Yu\n|-singleturn|p1b: Chi-Yu|Protect\n|move|p2b: Pegs|Pain Split|p1a: Incineroar\n|-sethp|p1a: Incineroar|73/100|[from] move: Pain Split|[silent]\n|-sethp|p2b: Pegs|100/100|[from] move: Pain Split\n|move|p2a: Philpe|Rock Slide|p1b: Chi-Yu|[spread] p1a\n|-activate|p1b: Chi-Yu|move: Protect\n|-supereffective|p1a: Incineroar\n|-damage|p1a: Incineroar|35/100\n|\n|-damage|p2a: Philpe|94/100 brn|[from] brn\n|upkeep\n|turn|3\n|inactive|MeowmEow33 has 120 seconds left.\n|\n|t:|1771198833\n|switch|p2a: Squirt|Gastrodon, M|100/100\n|move|p1a: Incineroar|Fake Out|p2a: Squirt\n|-damage|p2a: Squirt|90/100\n|move|p2b: Pegs|Night Shade|p1a: Incineroar\n|-damage|p1a: Incineroar|9/100\n|move|p1b: Chi-Yu|Heat Wave|p2a: Squirt|[spread] p2a,p2b\n|-resisted|p2a: Squirt\n|-damage|p2a: Squirt|26/100\n|-damage|p2b: Pegs|33/100\n|-damage|p1b: Chi-Yu|81/100|[from] item: Life Orb\n|\n|upkeep\n|turn|4\n|inactive|loril has 120 seconds left.\n|\n|t:|1771198869\n|switch|p1a: Whimsicott|Whimsicott, M|100/100\n|move|p1b: Chi-Yu|Protect|p1b: Chi-Yu\n|-singleturn|p1b: Chi-Yu|Protect\n|move|p2b: Pegs|Night Shade|p1a: Whimsicott\n|-damage|p1a: Whimsicott|68/100\n|move|p2a: Squirt|Earth Power|p1b: Chi-Yu\n|-activate|p1b: Chi-Yu|move: Protect\n|\n|upkeep\n|turn|5\n|inactive|loril has 120 seconds left.\n|\n|t:|1771198897\n|move|p2b: Pegs|Pain Split|p1a: Whimsicott\n|-sethp|p1a: Whimsicott|49/100|[from] move: Pain Split|[silent]\n|-sethp|p2b: Pegs|53/100|[from] move: Pain Split\n|move|p2a: Squirt|Earth Power|p1b: Chi-Yu\n|-supereffective|p1b: Chi-Yu\n|-damage|p1b: Chi-Yu|0 fnt\n|faint|p1b: Chi-Yu\n|move|p1a: Whimsicott|Moonblast|p2b: Pegs\n|-supereffective|p2b: Pegs\n|-damage|p2b: Pegs|24/100\n|\n|-fieldend|move: Trick Room\n|upkeep\n|\n|t:|1771198911\n|switch|p1b: Gholdengo|Gholdengo|100/100\n|turn|6\n|\n|t:|1771198925\n|switch|p1a: Incineroar|Incineroar, M|9/100\n|-ability|p1a: Incineroar|Intimidate|boost\n|-unboost|p2a: Squirt|atk|1\n|-unboost|p2b: Pegs|atk|1\n|switch|p2a: Gatito|Incineroar, M|100/100\n|-ability|p2a: Gatito|Intimidate|boost\n|-unboost|p1a: Incineroar|atk|1\n|-unboost|p1b: Gholdengo|atk|1\n|move|p1b: Gholdengo|Make It Rain|p2b: Pegs|[spread] p2a,p2b\n|-resisted|p2a: Gatito\n|-crit|p2a: Gatito\n|-damage|p2a: Gatito|72/100\n|-damage|p2b: Pegs|0 fnt\n|-unboost|p1b: Gholdengo|spa|1\n|faint|p2b: Pegs\n|\n|upkeep\n|\n|t:|1771198946\n|switch|p2b: Squirt|Gastrodon, M|26/100\n|turn|7\n|\n|t:|1771198956\n|move|p1a: Incineroar|Fake Out|p2a: Gatito\n|-damage|p2a: Gatito|65/100\n|move|p1b: Gholdengo|Shadow Ball|p2b: Squirt\n|-damage|p2b: Squirt|0 fnt\n|faint|p2b: Squirt\n|cant|p2a: Gatito|flinch\n|\n|upkeep\n|\n|t:|1771198969\n|switch|p2b: Charlie the 3rd|Exeggutor, M|100/100\n|turn|8\n|\n|t:|1771198982\n|move|p1b: Gholdengo|Shadow Ball|p2b: Charlie the 3rd\n|-supereffective|p2b: Charlie the 3rd\n|-damage|p2b: Charlie the 3rd|35/100\n|-unboost|p2b: Charlie the 3rd|spd|1\n|-enditem|p2b: Charlie the 3rd|Sitrus Berry|[eat]\n|-heal|p2b: Charlie the 3rd|59/100|[from] item: Sitrus Berry\n|move|p1a: Incineroar|Flare Blitz|p2b: Charlie the 3rd\n|-supereffective|p2b: Charlie the 3rd\n|-damage|p2b: Charlie the 3rd|0 fnt\n|faint|p2b: Charlie the 3rd\n|-damage|p1a: Incineroar|0 fnt|[from] Recoil\n|faint|p1a: Incineroar\n|move|p2a: Gatito|Flare Blitz|p1b: Gholdengo\n|-supereffective|p1b: Gholdengo\n|-damage|p1b: Gholdengo|0 fnt\n|faint|p1b: Gholdengo\n|-damage|p2a: Gatito|34/100|[from] Recoil\n|\n|upkeep\n|\n|t:|1771198998\n|switch|p1b: Iron Bundle|Iron Bundle|100/100\n|switch|p1a: Alcremie|Alcremie-Matcha-Cream, F|100/100\n|switch|p2b: Philpe|Conkeldurr, M|94/100 brn\n|-enditem|p1b: Iron Bundle|Booster Energy\n|-activate|p1b: Iron Bundle|ability: Quark Drive|[fromitem]\n|-start|p1b: Iron Bundle|quarkdrivespa\n|turn|9\n|inactive|loril has 120 seconds left.\n|\n|t:|1771199037\n|move|p1a: Alcremie|Decorate|p1b: Iron Bundle\n|-boost|p1b: Iron Bundle|atk|2\n|-boost|p1b: Iron Bundle|spa|2\n|move|p1b: Iron Bundle|Freeze-Dry|p2b: Philpe\n|-crit|p2b: Philpe\n|-damage|p2b: Philpe|0 fnt\n|faint|p2b: Philpe\n|move|p2a: Gatito|Flare Blitz|p1a: Alcremie\n|-damage|p1a: Alcremie|26/100\n|-damage|p2a: Gatito|16/100|[from] Recoil\n|\n|upkeep\n|\n|t:|1771199045\n|switch|p2b: Freddy fazbear|Ursaluna-Bloodmoon, M|100/100\n|turn|10\n|\n|t:|1771199054\n|move|p1b: Iron Bundle|Protect|p1b: Iron Bundle\n|-singleturn|p1b: Iron Bundle|Protect\n|move|p1a: Alcremie|Decorate|p1b: Iron Bundle\n|-boost|p1b: Iron Bundle|atk|2\n|-boost|p1b: Iron Bundle|spa|2\n|move|p2a: Gatito|Flare Blitz|p1b: Iron Bundle\n|-activate|p1b: Iron Bundle|move: Protect\n|move|p2b: Freddy fazbear|Hyper Voice|p1b: Iron Bundle|[spread] p1a\n|-activate|p1b: Iron Bundle|move: Protect\n|-damage|p1a: Alcremie|0 fnt\n|faint|p1a: Alcremie\n|-damage|p2b: Freddy fazbear|91/100|[from] item: Life Orb\n|\n|upkeep\n|\n|t:|1771199064\n|switch|p1a: Whimsicott|Whimsicott, M|49/100\n|turn|11\n|\n|t:|1771199076\n|move|p1b: Iron Bundle|Freeze-Dry|p2b: Freddy fazbear\n|-supereffective|p2b: Freddy fazbear\n|-damage|p2b: Freddy fazbear|0 fnt\n|faint|p2b: Freddy fazbear\n|move|p1a: Whimsicott|Moonblast|p2a: Gatito\n|-damage|p2a: Gatito|0 fnt\n|faint|p2a: Gatito\n|\n|win|loril\n|raw|loril's rating: 1603 &rarr; <strong>1618</strong><br />(+15 for winning)\n|raw|MeowmEow33's rating: 1515 &rarr; <strong>1500</strong><br />(-15 for losing)\n|l|☆MeowmEow33\n|player|p2|\n|c|☆loril|gg\n|l|☆loril\n|player|p1|\n", "uploadtime": 1771199429, "views": 17, "formatid": "gen9doublesou", "rating": 1500, "private": 0, "password": null}