{"id": "gen9doublesou-2539950590", "format": "[Gen 9] Doubles OU", "players": ["alllzz", "biryanilover"], "log": "|j|☆alllzz\n|j|☆biryanilover\n|t:|1771132111\n|gametype|doubles\n|player|p1|alllzz|1|1611\n|player|p2|biryanilover|169|1568\n|gen|9\n|tier|[Gen 9] Doubles OU\n|rated|\n|rule|HP Percentage Mod: HP is shown in percentages\n|rule|Endless Battle Clause: Forcing endless battles is banned\n|rule|Species Clause: Limit one of each Pokémon\n|rule|OHKO Clause: OHKO moves are banned\n|rule|Evasion Moves Clause: Evasion moves are banned\n|rule|Gravity Sleep Clause: The combination of sleep-inducing moves with imperfect accuracy and Gravity or Gigantamax Orbeetle are banned\n|rule|Evasion Abilities Clause: Evasion abilities are banned\n|clearpoke\n|poke|p1|Ursaluna, M|\n|poke|p1|Oranguru, M|\n|poke|p1|Torkoal, F|\n|poke|p1|Incineroar, M|\n|poke|p1|Iron Hands|\n|poke|p1|Porygon2|\n|poke|p2|Ogerpon-Hearthflame, F|\n|poke|p2|Rillaboom, M|\n|poke|p2|Incineroar, F|\n|poke|p2|Ursaluna-Bloodmoon, M|\n|poke|p2|Tornadus, M|\n|poke|p2|Farigiraf, F|\n|teampreview\n|inactive|Battle timer is ON: inactive players will automatically lose when time's up. (requested by biryanilover)\n|\n|t:|1771132135\n|teamsize|p1|6\n|teamsize|p2|6\n|start\n|switch|p1a: Incineroar|Incineroar, M, shiny|100/100\n|switch|p1b: Oranguru|Oranguru, M, shiny|100/100\n|switch|p2a: Ursaluna|Ursaluna-Bloodmoon, M|100/100\n|switch|p2b: Ogerpon|Ogerpon-Hearthflame, F|100/100\n|-ability|p2b: Ogerpon|Mold Breaker\n|-ability|p1a: Incineroar|Intimidate|boost\n|-unboost|p2a: Ursaluna|atk|1\n|-unboost|p2b: Ogerpon|atk|1\n|turn|1\n|\n|t:|1771132149\n|switch|p2b: Farigiraf|Farigiraf, F|100/100\n|-terastallize|p2a: Ursaluna|Normal\n|move|p2a: Ursaluna|Blood Moon|p1b: Oranguru\n|-damage|p1b: Oranguru|0 fnt\n|faint|p1b: Oranguru\n|-damage|p2a: Ursaluna|91/100|[from] item: Life Orb\n|move|p1a: Incineroar|Parting Shot|p2a: Ursaluna\n|-unboost|p2a: Ursaluna|atk|1\n|-unboost|p2a: Ursaluna|spa|1\n|\n|t:|1771132163\n|switch|p1a: Ursaluna|Ursaluna, M, shiny|100/100|[from] Parting Shot\n|\n|-status|p1a: Ursaluna|brn|[from] item: Flame Orb\n|upkeep\n|\n|t:|1771132166\n|switch|p1b: Porygon2|Porygon2, shiny|100/100\n|-ability|p1b: Porygon2|Download|boost\n|-boost|p1b: Porygon2|spa|1\n|turn|2\n|\n|t:|1771132176\n|move|p2a: Ursaluna|Hyper Voice|p1a: Ursaluna|[spread] p1a,p1b\n|-damage|p1a: Ursaluna|62/100 brn\n|-damage|p1b: Porygon2|75/100\n|-damage|p2a: Ursaluna|81/100|[from] item: Life Orb\n|move|p1a: Ursaluna|Facade|p2b: Farigiraf\n|-damage|p2b: Farigiraf|0 fnt\n|faint|p2b: Farigiraf\n|move|p1b: Porygon2|Trick Room|p1b: Porygon2\n|-fieldstart|move: Trick Room|[of] p1b: Porygon2\n|\n|-damage|p1a: Ursaluna|56/100 brn|[from] brn\n|upkeep\n|\n|t:|1771132185\n|switch|p2b: Rillaboom|Rillaboom, M|100/100\n|-fieldstart|move: Grassy Terrain|[from] ability: Grassy Surge|[of] p2b: Rillaboom\n|turn|3\n|\n|t:|1771132204\n|move|p1a: Ursaluna|Protect|p1a: Ursaluna\n|-singleturn|p1a: Ursaluna|Protect\n|move|p2b: Rillaboom|Fake Out|p1a: Ursaluna\n|-activate|p1a: Ursaluna|move: Protect\n|move|p1b: Porygon2|Ice Beam|p2b: Rillaboom\n|-supereffective|p2b: Rillaboom\n|-damage|p2b: Rillaboom|55/100\n|move|p2a: Ursaluna|Blood Moon|p1b: Porygon2\n|-damage|p1b: Porygon2|30/100\n|-damage|p2a: Ursaluna|71/100|[from] item: Life Orb\n|\n|-heal|p1a: Ursaluna|62/100 brn|[from] Grassy Terrain\n|-heal|p1b: Porygon2|36/100|[from] Grassy Terrain\n|-heal|p2a: Ursaluna|77/100|[from] Grassy Terrain\n|-heal|p2b: Rillaboom|61/100|[from] Grassy Terrain\n|-damage|p1a: Ursaluna|56/100 brn|[from] brn\n|upkeep\n|turn|4\n|\n|t:|1771132227\n|-terastallize|p1a: Ursaluna|Grass\n|move|p2b: Rillaboom|Grassy Glide|p1a: Ursaluna\n|-resisted|p1a: Ursaluna\n|-damage|p1a: Ursaluna|41/100 brn\n|move|p1a: Ursaluna|Facade|p2a: Ursaluna\n|-damage|p2a: Ursaluna|0 fnt\n|faint|p2a: Ursaluna\n|move|p1b: Porygon2|Recover|p1b: Porygon2\n|-heal|p1b: Porygon2|86/100\n|\n|-heal|p1a: Ursaluna|47/100 brn|[from] Grassy Terrain\n|-heal|p1b: Porygon2|92/100|[from] Grassy Terrain\n|-heal|p2b: Rillaboom|67/100|[from] Grassy Terrain\n|-damage|p1a: Ursaluna|41/100 brn|[from] brn\n|upkeep\n|\n|t:|1771132234\n|switch|p2a: Ogerpon|Ogerpon-Hearthflame, F|100/100\n|-ability|p2a: Ogerpon|Mold Breaker\n|turn|5\n|\n|t:|1771132254\n|move|p2a: Ogerpon|Spiky Shield|p2a: Ogerpon\n|-singleturn|p2a: Ogerpon|move: Protect\n|move|p1a: Ursaluna|Facade|p2b: Rillaboom\n|-damage|p2b: Rillaboom|0 fnt\n|faint|p2b: Rillaboom\n|move|p1b: Porygon2|Tera Blast|p2a: Ogerpon\n|-activate|p2a: Ogerpon|move: Protect\n|\n|-heal|p1a: Ursaluna|47/100 brn|[from] Grassy Terrain\n|-heal|p1b: Porygon2|99/100|[from] Grassy Terrain\n|-damage|p1a: Ursaluna|41/100 brn|[from] brn\n|upkeep\n|\n|t:|1771132261\n|switch|p2b: Incineroar|Incineroar, F|100/100\n|-ability|p2b: Incineroar|Intimidate|boost\n|-unboost|p1a: Ursaluna|atk|1\n|-unboost|p1b: Porygon2|atk|1\n|turn|6\n|\n|t:|1771132277\n|switch|p1a: Incineroar|Incineroar, M, shiny|100/100\n|-ability|p1a: Incineroar|Intimidate|boost\n|-unboost|p2a: Ogerpon|atk|1\n|-unboost|p2b: Incineroar|atk|1\n|move|p2b: Incineroar|Fake Out|p1a: Incineroar\n|-damage|p1a: Incineroar|94/100\n|move|p1b: Porygon2|Tera Blast|p2a: Ogerpon\n|-damage|p2a: Ogerpon|47/100\n|move|p2a: Ogerpon|Ivy Cudgel|p1b: Porygon2|[anim] Ivy Cudgel Fire\n|-damage|p1b: Porygon2|75/100\n|\n|-heal|p1a: Incineroar|100/100|[from] Grassy Terrain\n|-heal|p1b: Porygon2|81/100|[from] Grassy Terrain\n|-heal|p2a: Ogerpon|53/100|[from] Grassy Terrain\n|-fieldend|move: Trick Room\n|upkeep\n|turn|7\n|-message|biryanilover forfeited.\n|\n|win|alllzz\n|raw|alllzz's rating: 1611 &rarr; <strong>1629</strong><br />(+18 for winning)\n|raw|biryanilover's rating: 1568 &rarr; <strong>1550</strong><br />(-18 for losing)\n|l|☆biryanilover\n|player|p2|\n|l|☆alllzz\n|player|p1|\n", "uploadtime": 1771132586, "views": 16, "formatid": "gen9doublesou", "rating": 1550, "private": 0, "password": null}