{"id": "gen9doublesou-2540505154", "format": "[Gen 9] Doubles OU", "players": ["incel_eliminator", "Coldblooded0706"], "log": "|j|☆incel_eliminator\n|j|☆Coldblooded0706\n|t:|1771210400\n|gametype|doubles\n|player|p1|incel_eliminator|265|1697\n|player|p2|Coldblooded0706|265|1642\n|gen|9\n|tier|[Gen 9] Doubles OU\n|rated|\n|rule|HP Percentage Mod: HP is shown in percentages\n|rule|Endless Battle Clause: Forcing endless battles is banned\n|rule|Species Clause: Limit one of each Pokémon\n|rule|OHKO Clause: OHKO moves are banned\n|rule|Evasion Moves Clause: Evasion moves are banned\n|rule|Gravity Sleep Clause: The combination of sleep-inducing moves with imperfect accuracy and Gravity or Gigantamax Orbeetle are banned\n|rule|Evasion Abilities Clause: Evasion abilities are banned\n|clearpoke\n|poke|p1|Torterra, F|\n|poke|p1|Spectrier|\n|poke|p1|Ninetales-Alola, M|\n|poke|p1|Cresselia, F|\n|poke|p1|Incineroar, M|\n|poke|p1|Sylveon, F|\n|poke|p2|Murkrow, F|\n|poke|p2|Chandelure, M|\n|poke|p2|Zapdos-Galar|\n|poke|p2|Tsareena, F|\n|poke|p2|Metagross|\n|poke|p2|Sylveon, F|\n|teampreview\n|inactive|Battle timer is ON: inactive players will automatically lose when time's up. (requested by incel_eliminator)\n|inactive|incel_eliminator has 120 seconds left.\n|\n|t:|1771210431\n|teamsize|p1|6\n|teamsize|p2|6\n|start\n|switch|p1a: Me|Spectrier|100/100\n|switch|p1b: Body guard|Ninetales-Alola, M|100/100\n|switch|p2a: Tsareena|Tsareena, F|100/100\n|switch|p2b: Zapdos|Zapdos-Galar|100/100\n|-weather|Snowscape|[from] ability: Snow Warning|[of] p1b: Body guard\n|turn|1\n|\n|t:|1771210457\n|-terastallize|p1a: Me|Fairy\n|move|p2b: Zapdos|U-turn|p1a: Me\n|-resisted|p1a: Me\n|-damage|p1a: Me|82/100\n|\n|t:|1771210466\n|switch|p2b: Sylveon|Sylveon, F|100/100|[from] U-turn\n|move|p1a: Me|Tera Blast|p2b: Sylveon|[anim] Tera Blast Fairy\n|-damage|p2b: Sylveon|42/100\n|move|p1b: Body guard|Aurora Veil|p1b: Body guard\n|-sidestart|p1: incel_eliminator|move: Aurora Veil\n|move|p2a: Tsareena|Power Whip|p1a: Me\n|-damage|p1a: Me|14/100\n|\n|-weather|Snowscape|[upkeep]\n|upkeep\n|turn|2\n|inactive|Coldblooded0706 has 120 seconds left.\n|\n|t:|1771210497\n|move|p1a: Me|Tera Blast|p2a: Tsareena|[anim] Tera Blast Fairy\n|-damage|p2a: Tsareena|18/100\n|move|p1b: Body guard|Blizzard|p2a: Tsareena|[spread] p2a,p2b\n|-supereffective|p2a: Tsareena\n|-damage|p2a: Tsareena|0 fnt\n|-damage|p2b: Sylveon|24/100\n|faint|p2a: Tsareena\n|move|p2b: Sylveon|Hyper Voice|p1b: Body guard|[spread] p1a,p1b\n|-damage|p1a: Me|0 fnt\n|-damage|p1b: Body guard|61/100\n|faint|p1a: Me\n|\n|-weather|Snowscape|[upkeep]\n|upkeep\n|inactive|Coldblooded0706 has 120 seconds left.\n|\n|t:|1771210511\n|switch|p1a: Sylveon|Sylveon, F, shiny|100/100\n|switch|p2a: Zapdos|Zapdos-Galar|100/100\n|turn|3\n|\n|t:|1771210522\n|switch|p2b: Chandelure|Chandelure, M|100/100\n|move|p2a: Zapdos|U-turn|p1b: Body guard\n|-resisted|p1b: Body guard\n|-damage|p1b: Body guard|54/100\n|\n|t:|1771210527\n|switch|p2a: Metagross|Metagross|100/100|[from] U-turn\n|move|p1b: Body guard|Blizzard|p2b: Chandelure|[spread] p2a,p2b\n|-resisted|p2a: Metagross\n|-resisted|p2b: Chandelure\n|-damage|p2a: Metagross|91/100\n|-damage|p2b: Chandelure|87/100\n|move|p1a: Sylveon|Calm Mind|p1a: Sylveon\n|-boost|p1a: Sylveon|spa|1\n|-boost|p1a: Sylveon|spd|1\n|\n|-weather|Snowscape|[upkeep]\n|upkeep\n|turn|4\n|\n|t:|1771210547\n|switch|p1b: Me bullying u|Incineroar, M|100/100\n|-ability|p1b: Me bullying u|Intimidate|boost\n|-fail|p2a: Metagross|unboost|[from] ability: Clear Body|[of] p2a: Metagross\n|-unboost|p2b: Chandelure|atk|1\n|switch|p2b: Zapdos|Zapdos-Galar|100/100\n|move|p1a: Sylveon|Protect|p1a: Sylveon\n|-singleturn|p1a: Sylveon|Protect\n|move|p2a: Metagross|Psychic Fangs|p1a: Sylveon\n|-activate|p1a: Sylveon|move: Protect\n|\n|-weather|Snowscape|[upkeep]\n|upkeep\n|turn|5\n|inactive|Coldblooded0706 has 120 seconds left.\n|\n|t:|1771210582\n|-terastallize|p2b: Zapdos|Steel\n|move|p2b: Zapdos|Brave Bird|p1a: Sylveon\n|-damage|p1a: Sylveon|54/100\n|-damage|p2b: Zapdos|84/100|[from] Recoil\n|move|p2a: Metagross|Heavy Slam|p1a: Sylveon\n|-supereffective|p1a: Sylveon\n|-damage|p1a: Sylveon|0 fnt\n|faint|p1a: Sylveon\n|move|p1b: Me bullying u|Knock Off|p2a: Metagross\n|-supereffective|p2a: Metagross\n|-damage|p2a: Metagross|0 fnt\n|-enditem|p2a: Metagross|Assault Vest|[from] move: Knock Off|[of] p1b: Me bullying u\n|faint|p2a: Metagross\n|\n|-weather|none\n|upkeep\n|inactive|Coldblooded0706 has 120 seconds left.\n|\n|t:|1771210599\n|switch|p2a: Sylveon|Sylveon, F|24/100\n|switch|p1a: Touch grass u nerd|Torterra, F, shiny|100/100\n|turn|6\n|\n|t:|1771210609\n|move|p2b: Zapdos|Brave Bird|p1b: Me bullying u\n|-damage|p1b: Me bullying u|53/100\n|-damage|p2b: Zapdos|66/100|[from] Recoil\n|move|p2a: Sylveon|Tera Blast|p1b: Me bullying u\n|-damage|p1b: Me bullying u|3/100\n|-enditem|p1b: Me bullying u|Aguav Berry|[eat]\n|-heal|p1b: Me bullying u|36/100|[from] item: Aguav Berry\n|move|p1b: Me bullying u|Knock Off|p2b: Zapdos\n|-damage|p2b: Zapdos|12/100\n|-enditem|p2b: Zapdos|Choice Scarf|[from] move: Knock Off|[of] p1b: Me bullying u\n|move|p1a: Touch grass u nerd|Amnesia|p1a: Touch grass u nerd\n|-boost|p1a: Touch grass u nerd|spd|2\n|\n|upkeep\n|turn|7\n|\n|t:|1771210626\n|move|p2b: Zapdos|Brave Bird|p1a: Touch grass u nerd\n|-supereffective|p1a: Touch grass u nerd\n|-damage|p1a: Touch grass u nerd|42/100\n|-damage|p2b: Zapdos|0 fnt|[from] Recoil\n|faint|p2b: Zapdos\n|move|p2a: Sylveon|Tera Blast|p1b: Me bullying u\n|-damage|p1b: Me bullying u|0 fnt\n|faint|p1b: Me bullying u\n|move|p1a: Touch grass u nerd|Iron Defense|p1a: Touch grass u nerd\n|-boost|p1a: Touch grass u nerd|def|2\n|\n|-heal|p1a: Touch grass u nerd|48/100|[from] item: Leftovers\n|upkeep\n|\n|t:|1771210639\n|switch|p2b: Chandelure|Chandelure, M|87/100\n|switch|p1b: Ur mom|Cresselia, F|100/100\n|turn|8\n|\n|t:|1771210656\n|move|p1a: Touch grass u nerd|Protect|p1a: Touch grass u nerd\n|-singleturn|p1a: Touch grass u nerd|Protect\n|move|p1b: Ur mom|Psych Up|p1a: Touch grass u nerd\n|-copyboost|p1b: Ur mom|p1a: Touch grass u nerd|[from] move: Psych Up\n|move|p2b: Chandelure|Heat Wave|p1a: Touch grass u nerd|[spread] p1b\n|-activate|p1a: Touch grass u nerd|move: Protect\n|-damage|p1b: Ur mom|90/100\n|-damage|p2b: Chandelure|77/100|[from] item: Life Orb\n|move|p2a: Sylveon|Tera Blast|p1a: Touch grass u nerd\n|-activate|p1a: Touch grass u nerd|move: Protect\n|\n|-heal|p1b: Ur mom|96/100|[from] item: Leftovers\n|-heal|p1a: Touch grass u nerd|54/100|[from] item: Leftovers\n|-sideend|p1: incel_eliminator|move: Aurora Veil\n|upkeep\n|turn|9\n|\n|t:|1771210673\n|move|p1b: Ur mom|Icy Wind|p2a: Sylveon|[spread] p2a,p2b\n|-resisted|p2b: Chandelure\n|-crit|p2b: Chandelure\n|-damage|p2a: Sylveon|19/100\n|-damage|p2b: Chandelure|71/100\n|-unboost|p2a: Sylveon|spe|1\n|-unboost|p2b: Chandelure|spe|1\n|move|p2b: Chandelure|Heat Wave|p1a: Touch grass u nerd|[spread] p1a,p1b\n|-supereffective|p1a: Touch grass u nerd\n|-damage|p1a: Touch grass u nerd|10/100\n|-damage|p1b: Ur mom|81/100\n|-damage|p2b: Chandelure|61/100|[from] item: Life Orb\n|move|p1a: Touch grass u nerd|Amnesia|p1a: Touch grass u nerd\n|-boost|p1a: Touch grass u nerd|spd|2\n|move|p2a: Sylveon|Tera Blast|p1b: Ur mom\n|-damage|p1b: Ur mom|63/100\n|\n|-heal|p1b: Ur mom|69/100|[from] item: Leftovers\n|-heal|p1a: Touch grass u nerd|16/100|[from] item: Leftovers\n|upkeep\n|turn|10\n|\n|t:|1771210702\n|switch|p2a: Murkrow|Murkrow, F|100/100\n|move|p1a: Touch grass u nerd|Protect|p1a: Touch grass u nerd\n|-singleturn|p1a: Touch grass u nerd|Protect\n|move|p1b: Ur mom|Lunar Blessing|p1b: Ur mom|[spread] p1a,p1b\n|-heal|p1a: Touch grass u nerd|41/100\n|-heal|p1b: Ur mom|94/100\n|move|p2b: Chandelure|Heat Wave|p1b: Ur mom|[spread] p1b\n|-activate|p1a: Touch grass u nerd|move: Protect\n|-damage|p1b: Ur mom|78/100\n|-status|p1b: Ur mom|brn\n|-damage|p2b: Chandelure|51/100|[from] item: Life Orb\n|\n|-heal|p1b: Ur mom|84/100 brn|[from] item: Leftovers\n|-heal|p1a: Touch grass u nerd|48/100|[from] item: Leftovers\n|-damage|p1b: Ur mom|78/100 brn|[from] brn\n|upkeep\n|turn|11\n|\n|t:|1771210716\n|move|p2a: Murkrow|Sunny Day|p2a: Murkrow\n|-weather|SunnyDay\n|move|p1b: Ur mom|Icy Wind|p2a: Murkrow|[spread] p2a,p2b\n|-supereffective|p2a: Murkrow\n|-resisted|p2b: Chandelure\n|-damage|p2a: Murkrow|85/100\n|-damage|p2b: Chandelure|46/100\n|-unboost|p2a: Murkrow|spe|1\n|-unboost|p2b: Chandelure|spe|1\n|move|p1a: Touch grass u nerd|Body Press|p2a: Murkrow\n|-damage|p2a: Murkrow|33/100\n|move|p2b: Chandelure|Heat Wave|p1a: Touch grass u nerd|[spread] p1a,p1b\n|-supereffective|p1a: Touch grass u nerd\n|-damage|p1a: Touch grass u nerd|4/100\n|-damage|p1b: Ur mom|56/100 brn\n|-damage|p2b: Chandelure|36/100|[from] item: Life Orb\n|\n|-weather|SunnyDay|[upkeep]\n|-heal|p1b: Ur mom|63/100 brn|[from] item: Leftovers\n|-heal|p1a: Touch grass u nerd|10/100|[from] item: Leftovers\n|-damage|p1b: Ur mom|56/100 brn|[from] brn\n|upkeep\n|turn|12\n|\n|t:|1771210736\n|move|p1a: Touch grass u nerd|Protect|p1a: Touch grass u nerd\n|-singleturn|p1a: Touch grass u nerd|Protect\n|move|p1b: Ur mom|Lunar Blessing|p1b: Ur mom|[spread] p1a,p1b\n|-heal|p1a: Touch grass u nerd|35/100\n|-heal|p1b: Ur mom|82/100 brn\n|-curestatus|p1b: Ur mom|brn|[msg]\n|move|p2a: Murkrow|Foul Play|p1b: Ur mom\n|-supereffective|p1b: Ur mom\n|-damage|p1b: Ur mom|69/100\n|move|p2b: Chandelure|Shadow Ball|p1b: Ur mom\n|-supereffective|p1b: Ur mom\n|-damage|p1b: Ur mom|36/100\n|-damage|p2b: Chandelure|26/100|[from] item: Life Orb\n|\n|-weather|SunnyDay|[upkeep]\n|-heal|p1b: Ur mom|42/100|[from] item: Leftovers\n|-heal|p1a: Touch grass u nerd|41/100|[from] item: Leftovers\n|upkeep\n|turn|13\n|\n|t:|1771210752\n|move|p2a: Murkrow|Quash|p1a: Touch grass u nerd\n|-activate|p1a: Touch grass u nerd|move: Quash\n|move|p1b: Ur mom|Lunar Blessing|p1b: Ur mom|[spread] p1a,p1b\n|-heal|p1a: Touch grass u nerd|66/100\n|-heal|p1b: Ur mom|67/100\n|move|p2b: Chandelure|Heat Wave|p1a: Touch grass u nerd|[spread] p1a,p1b\n|-supereffective|p1a: Touch grass u nerd\n|-damage|p1a: Touch grass u nerd|22/100\n|-damage|p1b: Ur mom|43/100\n|-damage|p2b: Chandelure|17/100|[from] item: Life Orb\n|move|p1a: Touch grass u nerd|Body Press|p2a: Murkrow\n|-damage|p2a: Murkrow|0 fnt\n|faint|p2a: Murkrow\n|\n|-weather|SunnyDay|[upkeep]\n|-heal|p1b: Ur mom|49/100|[from] item: Leftovers\n|-heal|p1a: Touch grass u nerd|28/100|[from] item: Leftovers\n|upkeep\n|\n|t:|1771210757\n|switch|p2a: Sylveon|Sylveon, F|19/100\n|turn|14\n|\n|t:|1771210779\n|move|p1a: Touch grass u nerd|Protect|p1a: Touch grass u nerd\n|-singleturn|p1a: Touch grass u nerd|Protect\n|move|p1b: Ur mom|Icy Wind|p2b: Chandelure|[spread] p2a,p2b\n|-resisted|p2b: Chandelure\n|-damage|p2a: Sylveon|13/100\n|-damage|p2b: Chandelure|12/100\n|-unboost|p2a: Sylveon|spe|1\n|-unboost|p2b: Chandelure|spe|1\n|move|p2a: Sylveon|Hyper Voice|p1a: Touch grass u nerd|[spread] p1b\n|-activate|p1a: Touch grass u nerd|move: Protect\n|-damage|p1b: Ur mom|34/100\n|move|p2b: Chandelure|Heat Wave|p1a: Touch grass u nerd|[spread] p1b\n|-activate|p1a: Touch grass u nerd|move: Protect\n|-damage|p1b: Ur mom|12/100\n|-damage|p2b: Chandelure|2/100|[from] item: Life Orb\n|\n|-weather|SunnyDay|[upkeep]\n|-heal|p1b: Ur mom|18/100|[from] item: Leftovers\n|-heal|p1a: Touch grass u nerd|34/100|[from] item: Leftovers\n|upkeep\n|turn|15\n|\n|t:|1771210803\n|move|p2b: Chandelure|Protect|p2b: Chandelure\n|-singleturn|p2b: Chandelure|Protect\n|move|p1b: Ur mom|Icy Wind|p2a: Sylveon|[spread] p2a\n|-activate|p2b: Chandelure|move: Protect\n|-damage|p2a: Sylveon|7/100\n|-unboost|p2a: Sylveon|spe|1\n|move|p1a: Touch grass u nerd|Body Press|p2a: Sylveon\n|-resisted|p2a: Sylveon\n|-damage|p2a: Sylveon|0 fnt\n|faint|p2a: Sylveon\n|\n|-weather|none\n|-heal|p1b: Ur mom|24/100|[from] item: Leftovers\n|-heal|p1a: Touch grass u nerd|40/100|[from] item: Leftovers\n|upkeep\n|turn|16\n|-message|Coldblooded0706 forfeited.\n|\n|win|incel_eliminator\n|raw|incel_eliminator's rating: 1697 &rarr; <strong>1714</strong><br />(+17 for winning)\n|raw|Coldblooded0706's rating: 1642 &rarr; <strong>1625</strong><br />(-17 for losing)\n|l|☆Coldblooded0706\n|player|p2|\n", "uploadtime": 1771211049, "views": 15, "formatid": "gen9doublesou", "rating": 1625, "private": 0, "password": null}