{"id": "gen9doublesou-2540691040", "format": "[Gen 9] Doubles OU", "players": ["Whiteflame20", "enexis"], "log": "|j|☆Whiteflame20\n|j|☆enexis\n|t:|1771240951\n|gametype|doubles\n|player|p1|Whiteflame20|hilda-masters3|1566\n|player|p2|enexis|2|1708\n|gen|9\n|tier|[Gen 9] Doubles OU\n|rated|\n|rule|HP Percentage Mod: HP is shown in percentages\n|rule|Endless Battle Clause: Forcing endless battles is banned\n|rule|Species Clause: Limit one of each Pokémon\n|rule|OHKO Clause: OHKO moves are banned\n|rule|Evasion Moves Clause: Evasion moves are banned\n|rule|Gravity Sleep Clause: The combination of sleep-inducing moves with imperfect accuracy and Gravity or Gigantamax Orbeetle are banned\n|rule|Evasion Abilities Clause: Evasion abilities are banned\n|clearpoke\n|poke|p1|Mew|\n|poke|p1|Dragonite, F|\n|poke|p1|Chien-Pao|\n|poke|p1|Okidogi, M|\n|poke|p1|Gholdengo|\n|poke|p1|Ogerpon-Wellspring, F|\n|poke|p2|Grimmsnarl, M|\n|poke|p2|Sneasler, M|\n|poke|p2|Milotic, F|\n|poke|p2|Pelipper, M|\n|poke|p2|Bruxish, F|\n|poke|p2|Kilowattrel, F|\n|teampreview\n|inactive|Battle timer is ON: inactive players will automatically lose when time's up. (requested by enexis)\n|c|☆enexis|gl!\n|inactive|Whiteflame20 has 120 seconds left.\n|\n|t:|1771241006\n|teamsize|p1|6\n|teamsize|p2|6\n|start\n|switch|p1a: Mew|Mew|100/100\n|switch|p1b: Dragonite|Dragonite, F|100/100\n|switch|p2a: Grimmsnarl|Grimmsnarl, M|100/100\n|switch|p2b: Sneasler|Sneasler, M|100/100\n|turn|1\n|\n|t:|1771241019\n|move|p2a: Grimmsnarl|Swagger|p1a: Mew|[miss]\n|-miss|p2a: Grimmsnarl|p1a: Mew\n|move|p2b: Sneasler|Dire Claw|p1b: Dragonite\n|-damage|p1b: Dragonite|78/100\n|move|p1a: Mew|Stealth Rock|p2b: Sneasler\n|-sidestart|p2: enexis|move: Stealth Rock\n|move|p1b: Dragonite|Tailwind|p1b: Dragonite\n|-sidestart|p1: Whiteflame20|move: Tailwind\n|\n|upkeep\n|turn|2\n|\n|t:|1771241031\n|move|p2a: Grimmsnarl|Swagger|p1a: Mew|[miss]\n|-miss|p2a: Grimmsnarl|p1a: Mew\n|move|p1a: Mew|Snarl|p2b: Sneasler|[spread] p2a,p2b\n|-resisted|p2a: Grimmsnarl\n|-resisted|p2b: Sneasler\n|-damage|p2a: Grimmsnarl|98/100\n|-damage|p2b: Sneasler|94/100\n|-unboost|p2a: Grimmsnarl|spa|1\n|-unboost|p2b: Sneasler|spa|1\n|move|p1b: Dragonite|Stomping Tantrum|p2b: Sneasler\n|-supereffective|p2b: Sneasler\n|-damage|p2b: Sneasler|0 fnt\n|faint|p2b: Sneasler\n|\n|upkeep\n|c|☆enexis|?\n|\n|t:|1771241044\n|switch|p2b: Pelipper|Pelipper, M|100/100\n|-damage|p2b: Pelipper|75/100|[from] Stealth Rock\n|-weather|RainDance|[from] ability: Drizzle|[of] p2b: Pelipper\n|turn|3\n|\n|t:|1771241056\n|move|p2a: Grimmsnarl|Swagger|p1a: Mew\n|-boost|p1a: Mew|atk|2\n|-start|p1a: Mew|confusion\n|-enditem|p2a: Grimmsnarl|Mirror Herb\n|-boost|p2a: Grimmsnarl|atk|2|[from] item: Mirror Herb\n|-activate|p1a: Mew|confusion\n|move|p1a: Mew|Snarl|p2b: Pelipper|[spread] p2a,p2b\n|-resisted|p2a: Grimmsnarl\n|-damage|p2a: Grimmsnarl|95/100\n|-damage|p2b: Pelipper|60/100\n|-unboost|p2a: Grimmsnarl|spa|1\n|-unboost|p2b: Pelipper|spa|1\n|move|p1b: Dragonite|Scale Shot|p2b: Pelipper\n|-damage|p2b: Pelipper|42/100\n|-damage|p2b: Pelipper|25/100\n|-damage|p2b: Pelipper|8/100\n|-damage|p2b: Pelipper|0 fnt\n|faint|p2b: Pelipper\n|-hitcount|p2: Pelipper|4\n|-unboost|p1b: Dragonite|def|1\n|-boost|p1b: Dragonite|spe|1\n|\n|-weather|RainDance|[upkeep]\n|upkeep\n|c|☆enexis|oh look\n|c|☆enexis|it can hit\n|\n|t:|1771241073\n|switch|p2b: Milotic|Milotic, F|100/100\n|-damage|p2b: Milotic|88/100|[from] Stealth Rock\n|turn|4\n|\n|t:|1771241087\n|move|p2a: Grimmsnarl|Sucker Punch|p1b: Dragonite\n|-damage|p1b: Dragonite|0 fnt\n|faint|p1b: Dragonite\n|-activate|p1a: Mew|confusion\n|move|p1a: Mew|Pollen Puff|p1: Dragonite|[notarget]\n|-fail|p1a: Mew\n|move|p2b: Milotic|Muddy Water|p1a: Mew\n|-damage|p1a: Mew|52/100\n|\n|-weather|RainDance|[upkeep]\n|-sideend|p1: Whiteflame20|move: Tailwind\n|upkeep\n|\n|t:|1771241095\n|switch|p1b: Okidogi|Okidogi, M|100/100\n|turn|5\n|\n|t:|1771241108\n|move|p2a: Grimmsnarl|Sucker Punch||[still]\n|-fail|p2a: Grimmsnarl\n|-activate|p1a: Mew|confusion\n|move|p1a: Mew|Coaching|p1b: Okidogi\n|-boost|p1b: Okidogi|atk|1\n|-boost|p1b: Okidogi|def|1\n|move|p2b: Milotic|Weather Ball|p1b: Okidogi\n|-damage|p1b: Okidogi|41/100\n|move|p1b: Okidogi|Gunk Shot|p2a: Grimmsnarl\n|-supereffective|p2a: Grimmsnarl\n|-damage|p2a: Grimmsnarl|0 fnt\n|faint|p2a: Grimmsnarl\n|\n|-weather|RainDance|[upkeep]\n|upkeep\n|\n|t:|1771241112\n|switch|p2a: Kilowattrel|Kilowattrel, F|100/100\n|-damage|p2a: Kilowattrel|76/100|[from] Stealth Rock\n|turn|6\n|inactive|Whiteflame20 has 120 seconds left.\n|\n|t:|1771241162\n|-terastallize|p2b: Milotic|Water\n|move|p2a: Kilowattrel|Electroweb|p1b: Okidogi|[spread] p1a,p1b\n|-damage|p1a: Mew|36/100\n|-damage|p1b: Okidogi|22/100\n|-unboost|p1a: Mew|spe|1\n|move|p2b: Milotic|Muddy Water|p1a: Mew|[spread] p1a\n|-miss|p2b: Milotic|p1b: Okidogi\n|-damage|p1a: Mew|0 fnt\n|faint|p1a: Mew\n|move|p1b: Okidogi|Drain Punch|p2b: Milotic\n|-damage|p2b: Milotic|22/100\n|-heal|p1b: Okidogi|51/100|[from] drain|[of] p2b: Milotic\n|\n|-weather|RainDance|[upkeep]\n|upkeep\n|inactive|Whiteflame20 has 90 seconds left.\n|c|☆enexis|rng is wild this game\n|\n|t:|1771241202\n|switch|p1a: Gholdengo|Gholdengo|100/100\n|turn|7\n|inactive|enexis has 120 seconds left.\n|\n|t:|1771241234\n|move|p1b: Okidogi|Protect|p1b: Okidogi\n|-singleturn|p1b: Okidogi|Protect\n|move|p2a: Kilowattrel|Electroweb|p1a: Gholdengo|[spread] p1a\n|-activate|p1b: Okidogi|move: Protect\n|-damage|p1a: Gholdengo|82/100\n|-unboost|p1a: Gholdengo|spe|1\n|move|p2b: Milotic|Muddy Water|p1b: Okidogi|[spread] p1a\n|-activate|p1b: Okidogi|move: Protect\n|-damage|p1a: Gholdengo|19/100\n|move|p1a: Gholdengo|Shadow Ball|p2b: Milotic\n|-crit|p2b: Milotic\n|-damage|p2b: Milotic|0 fnt\n|faint|p2b: Milotic\n|\n|-weather|RainDance|[upkeep]\n|-heal|p1a: Gholdengo|25/100|[from] item: Leftovers\n|upkeep\n|inactive|enexis has 120 seconds left.\n|\n|t:|1771241239\n|switch|p2b: Bruxish|Bruxish, F|100/100\n|-damage|p2b: Bruxish|88/100|[from] Stealth Rock\n|turn|8\n|inactive|Whiteflame20 has 90 seconds left.\n|\n|t:|1771241258\n|move|p2a: Kilowattrel|Thunderbolt|p1a: Gholdengo\n|-damage|p1a: Gholdengo|0 fnt\n|faint|p1a: Gholdengo\n|move|p2b: Bruxish|Psychic Fangs|p1b: Okidogi\n|-supereffective|p1b: Okidogi\n|-damage|p1b: Okidogi|0 fnt\n|faint|p1b: Okidogi\n|\n|-weather|RainDance|[upkeep]\n|upkeep\n|\n|t:|1771241261\n|switch|p1a: Chien-Pao|Chien-Pao|100/100\n|switch|p1b: Ogerpon|Ogerpon-Wellspring, F|100/100\n|-ability|p1a: Chien-Pao|Sword of Ruin\n|turn|9\n|inactive|enexis has 120 seconds left.\n|inactive|enexis has 90 seconds left.\n|\n|t:|1771241351\n|move|p1b: Ogerpon|Follow Me|p1b: Ogerpon\n|-singleturn|p1b: Ogerpon|move: Follow Me\n|move|p1a: Chien-Pao|Ice Spinner|p2a: Kilowattrel\n|-supereffective|p2a: Kilowattrel\n|-damage|p2a: Kilowattrel|0 fnt\n|faint|p2a: Kilowattrel\n|move|p2b: Bruxish|Psychic Fangs|p1b: Ogerpon\n|-damage|p1b: Ogerpon|36/100\n|\n|-weather|RainDance|[upkeep]\n|upkeep\n|turn|10\n|inactive|Whiteflame20 has 120 seconds left.\n|\n|t:|1771241364\n|move|p1a: Chien-Pao|Ice Spinner|p2b: Bruxish\n|-resisted|p2b: Bruxish\n|-damage|p2b: Bruxish|45/100\n|move|p1b: Ogerpon|Ivy Cudgel|p2b: Bruxish|[anim] Ivy Cudgel Water\n|-resisted|p2b: Bruxish\n|-damage|p2b: Bruxish|0 fnt\n|faint|p2b: Bruxish\n|\n|win|Whiteflame20\n|raw|Whiteflame20's rating: 1566 &rarr; <strong>1594</strong><br />(+28 for winning)\n|raw|enexis's rating: 1708 &rarr; <strong>1680</strong><br />(-28 for losing)\n|l|☆Whiteflame20\n|player|p1|\n|l|☆enexis\n|player|p2|\n", "uploadtime": 1771241669, "views": 9, "formatid": "gen9doublesou", "rating": 1594, "private": 0, "password": null}