{"id": "gen9doublesou-2639986650", "format": "[Gen 9] Doubles OU", "players": ["toxiwagon", "Low Tier Goodra"], "log": "|j|☆toxiwagon\n|j|☆Low Tier Goodra\n|t:|1782558656\n|gametype|doubles\n|player|p1|toxiwagon|brock|1526\n|player|p2|Low Tier Goodra|iono-masters2|1794\n|gen|9\n|tier|[Gen 9] Doubles OU\n|rated|\n|rule|HP Percentage Mod: HP is shown in percentages\n|rule|Endless Battle Clause: Forcing endless battles is banned\n|rule|Species Clause: Limit one of each Pokémon\n|rule|OHKO Clause: OHKO moves are banned\n|rule|Evasion Moves Clause: Evasion moves are banned\n|rule|Gravity Sleep Clause: The combination of sleep-inducing moves with imperfect accuracy and Gravity or Gigantamax Orbeetle are banned\n|rule|Evasion Abilities Clause: Evasion abilities are banned\n|clearpoke\n|poke|p1|Ogerpon-Wellspring, F|\n|poke|p1|Raging Bolt|\n|poke|p1|Arcanine-Hisui, M|\n|poke|p1|Landorus, M|\n|poke|p1|Incineroar, M|\n|poke|p1|Iron Hands|\n|poke|p2|Volcanion|\n|poke|p2|Diancie|\n|poke|p2|Sinistcha-Masterpiece|\n|poke|p2|Rillaboom, M|\n|poke|p2|Ursaluna, F|\n|poke|p2|Incineroar, M|\n|teampreview\n|\n|t:|1782558678\n|teamsize|p1|6\n|teamsize|p2|6\n|start\n|switch|p1a: ghold offender|Landorus, M|100/100\n|switch|p1b: Messi|Incineroar, M|100/100\n|switch|p2a: Rillaboom|Rillaboom, M|100/100\n|switch|p2b: Sinistcha|Sinistcha-Masterpiece|100/100\n|-fieldstart|move: Grassy Terrain|[from] ability: Grassy Surge|[of] p2a: Rillaboom\n|-enditem|p2b: Sinistcha|Grassy Seed\n|-boost|p2b: Sinistcha|def|1|[from] item: Grassy Seed\n|-ability|p1b: Messi|Intimidate|boost\n|-unboost|p2a: Rillaboom|atk|1\n|-unboost|p2b: Sinistcha|atk|1\n|turn|1\n|\n|t:|1782558697\n|switch|p2a: Incineroar|Incineroar, M|100/100\n|-ability|p2a: Incineroar|Intimidate|boost\n|-unboost|p1a: ghold offender|atk|1\n|-unboost|p1b: Messi|atk|1\n|-terastallize|p1b: Messi|Ghost\n|move|p1a: ghold offender|Protect|p1a: ghold offender\n|-singleturn|p1a: ghold offender|Protect\n|move|p1b: Messi|Flare Blitz|p2a: Incineroar\n|-resisted|p2a: Incineroar\n|-damage|p2a: Incineroar|85/100\n|-damage|p1b: Messi|95/100|[from] Recoil\n|move|p2b: Sinistcha|Trick Room|p2b: Sinistcha\n|-fieldstart|move: Trick Room|[of] p2b: Sinistcha\n|\n|-heal|p2a: Incineroar|91/100|[from] Grassy Terrain\n|-heal|p1b: Messi|100/100|[from] Grassy Terrain\n|upkeep\n|turn|2\n|\n|t:|1782558725\n|switch|p2a: Ursaluna|Ursaluna, F|100/100\n|move|p2b: Sinistcha|Calm Mind|p2b: Sinistcha\n|-boost|p2b: Sinistcha|spa|1\n|-boost|p2b: Sinistcha|spd|1\n|move|p1b: Messi|Flare Blitz|p2b: Sinistcha\n|-supereffective|p2b: Sinistcha\n|-damage|p2b: Sinistcha|79/100\n|-damage|p1b: Messi|94/100|[from] Recoil\n|move|p1a: ghold offender|Sludge Bomb|p2b: Sinistcha\n|-damage|p2b: Sinistcha|37/100\n|\n|-heal|p2b: Sinistcha|44/100|[from] Grassy Terrain\n|-heal|p1b: Messi|100/100|[from] Grassy Terrain\n|-status|p2a: Ursaluna|brn|[from] item: Flame Orb\n|upkeep\n|turn|3\n|\n|t:|1782558742\n|move|p2a: Ursaluna|Headlong Rush|p1b: Messi\n|-damage|p1b: Messi|10/100\n|-unboost|p2a: Ursaluna|def|1\n|-unboost|p2a: Ursaluna|spd|1\n|-enditem|p1b: Messi|Sitrus Berry|[eat]\n|-heal|p1b: Messi|35/100|[from] item: Sitrus Berry\n|move|p2b: Sinistcha|Matcha Gotcha|p1b: Messi|[spread] p1a,p1b\n|-damage|p1a: ghold offender|24/100\n|-heal|p2b: Sinistcha|79/100|[from] drain|[of] p1a: ghold offender\n|-damage|p1b: Messi|0 fnt\n|-heal|p2b: Sinistcha|98/100|[from] drain|[of] p1b: Messi\n|faint|p1b: Messi\n|move|p1a: ghold offender|Sludge Bomb|p2b: Sinistcha\n|-crit|p2b: Sinistcha\n|-damage|p2b: Sinistcha|5/100\n|\n|-heal|p2b: Sinistcha|11/100|[from] Grassy Terrain\n|-damage|p2a: Ursaluna|94/100 brn|[from] brn\n|upkeep\n|\n|t:|1782558764\n|switch|p1b: Travis scott|Raging Bolt|100/100\n|-enditem|p1b: Travis scott|Booster Energy\n|-activate|p1b: Travis scott|ability: Protosynthesis|[fromitem]\n|-start|p1b: Travis scott|protosynthesisspa\n|turn|4\n|\n|t:|1782558771\n|move|p1b: Travis scott|Thunderclap||[still]\n|-fail|p1b: Travis scott\n|move|p2a: Ursaluna|Headlong Rush|p1b: Travis scott\n|-supereffective|p1b: Travis scott\n|-crit|p1b: Travis scott\n|-damage|p1b: Travis scott|0 fnt\n|-unboost|p2a: Ursaluna|def|1\n|-unboost|p2a: Ursaluna|spd|1\n|faint|p1b: Travis scott\n|-end|p1b: Travis scott|Protosynthesis|[silent]\n|move|p2b: Sinistcha|Calm Mind|p2b: Sinistcha\n|-boost|p2b: Sinistcha|spa|1\n|-boost|p2b: Sinistcha|spd|1\n|move|p1a: ghold offender|Earth Power|p2a: Ursaluna\n|-damage|p2a: Ursaluna|0 fnt\n|faint|p2a: Ursaluna\n|\n|-heal|p2b: Sinistcha|17/100|[from] Grassy Terrain\n|upkeep\n|\n|t:|1782558794\n|switch|p2a: Incineroar|Incineroar, M|91/100\n|switch|p1b: ken carson|Ogerpon-Wellspring, F|100/100\n|-ability|p2a: Incineroar|Intimidate|boost\n|-unboost|p1a: ghold offender|atk|1\n|-unboost|p1b: ken carson|atk|1\n|turn|5\n|\n|t:|1782558827\n|switch|p2a: Rillaboom|Rillaboom, M|100/100\n|move|p1a: ghold offender|Protect|p1a: ghold offender\n|-singleturn|p1a: ghold offender|Protect\n|move|p1b: ken carson|Spiky Shield|p1b: ken carson\n|-singleturn|p1b: ken carson|move: Protect\n|move|p2b: Sinistcha|Calm Mind|p2b: Sinistcha\n|-boost|p2b: Sinistcha|spa|1\n|-boost|p2b: Sinistcha|spd|1\n|\n|-heal|p2b: Sinistcha|23/100|[from] Grassy Terrain\n|-fieldend|move: Trick Room\n|-fieldend|move: Grassy Terrain\n|upkeep\n|turn|6\n|\n|t:|1782558855\n|move|p2a: Rillaboom|Fake Out|p1a: ghold offender\n|-damage|p1a: ghold offender|7/100\n|move|p1b: ken carson|Horn Leech|p2a: Rillaboom\n|-resisted|p2a: Rillaboom\n|-damage|p2a: Rillaboom|87/100\n|cant|p1a: ghold offender|flinch\n|move|p2b: Sinistcha|Trick Room|p2b: Sinistcha\n|-fieldstart|move: Trick Room|[of] p2b: Sinistcha\n|\n|upkeep\n|turn|7\n|\n|t:|1782558881\n|switch|p2a: Incineroar|Incineroar, M|91/100\n|-ability|p2a: Incineroar|Intimidate|boost\n|-unboost|p1a: ghold offender|atk|1\n|-unboost|p1b: ken carson|atk|1\n|move|p2b: Sinistcha|Matcha Gotcha|p1a: ghold offender|[spread] p1b\n|-miss|p2b: Sinistcha|p1a: ghold offender\n|-damage|p1b: ken carson|22/100\n|-heal|p2b: Sinistcha|63/100|[from] drain|[of] p1b: ken carson\n|move|p1a: ghold offender|Sludge Bomb|p2b: Sinistcha\n|-damage|p2b: Sinistcha|40/100\n|move|p1b: ken carson|Ivy Cudgel|p2b: Sinistcha|[anim] Ivy Cudgel Water\n|-resisted|p2b: Sinistcha\n|-damage|p2b: Sinistcha|32/100\n|\n|upkeep\n|turn|8\n|-message|toxiwagon forfeited.\n|\n|win|Low Tier Goodra\n|raw|toxiwagon's rating: 1526 &rarr; <strong>1519</strong><br />(-7 for losing)\n|raw|Low Tier Goodra's rating: 1794 &rarr; <strong>1801</strong><br />(+7 for winning)\n|l|☆toxiwagon\n|player|p1|\n|l|☆Low Tier Goodra\n|player|p2|\n", "uploadtime": 1782559304, "views": 6, "formatid": "gen9doublesou", "rating": 1519, "private": 0, "password": null}