{"id": "gen9doublesou-2540053700", "format": "[Gen 9] Doubles OU", "players": ["cheesus0201", "thegauntlet69"], "log": "|j|☆cheesus0201\n|j|☆thegauntlet69\n|t:|1771153213\n|gametype|doubles\n|player|p1|cheesus0201|drayden|1545\n|player|p2|thegauntlet69|palmer|1481\n|gen|9\n|tier|[Gen 9] Doubles OU\n|rated|\n|rule|HP Percentage Mod: HP is shown in percentages\n|rule|Endless Battle Clause: Forcing endless battles is banned\n|rule|Species Clause: Limit one of each Pokémon\n|rule|OHKO Clause: OHKO moves are banned\n|rule|Evasion Moves Clause: Evasion moves are banned\n|rule|Gravity Sleep Clause: The combination of sleep-inducing moves with imperfect accuracy and Gravity or Gigantamax Orbeetle are banned\n|rule|Evasion Abilities Clause: Evasion abilities are banned\n|clearpoke\n|poke|p1|Hydrapple, M|\n|poke|p1|Porygon2|\n|poke|p1|Primarina, F|\n|poke|p1|Indeedee-F, F|\n|poke|p1|Skeledirge, M|\n|poke|p1|Scrafty, F|\n|poke|p2|Malamar, M|\n|poke|p2|Sinistcha|\n|poke|p2|Whimsicott, M|\n|poke|p2|Clefairy, F|\n|poke|p2|Incineroar, F|\n|poke|p2|Cresselia, F|\n|teampreview\n|inactive|Battle timer is ON: inactive players will automatically lose when time's up. (requested by cheesus0201)\n|\n|t:|1771153231\n|teamsize|p1|6\n|teamsize|p2|6\n|start\n|switch|p1a: Primarina|Primarina, F, shiny|100/100\n|switch|p1b: Scrafty|Scrafty, F, shiny|100/100\n|switch|p2a: Malamar|Malamar, M|100/100\n|switch|p2b: Incineroar|Incineroar, F, shiny|100/100\n|-ability|p2b: Incineroar|Intimidate|boost\n|-unboost|p1a: Primarina|atk|1\n|-unboost|p1b: Scrafty|atk|1\n|-ability|p1b: Scrafty|Intimidate|boost\n|-boost|p2a: Malamar|atk|1\n|-unboost|p2b: Incineroar|atk|1\n|turn|1\n|\n|t:|1771153238\n|switch|p1b: Indeedee|Indeedee-F, F, shiny|100/100\n|-fieldstart|move: Psychic Terrain|[from] ability: Psychic Surge|[of] p1b: Indeedee\n|-terastallize|p2b: Incineroar|Grass\n|move|p2a: Malamar|Skill Swap|p2b: Incineroar\n|-activate|p2a: Malamar|Skill Swap\n|-ability|p2a: Malamar|Intimidate|boost\n|-unboost|p1a: Primarina|atk|1\n|-unboost|p1b: Indeedee|atk|1\n|move|p2b: Incineroar|Close Combat|p1b: Indeedee\n|-damage|p1b: Indeedee|78/100\n|-boost|p2b: Incineroar|def|1\n|-boost|p2b: Incineroar|spd|1\n|move|p1a: Primarina|Moonblast|p2a: Malamar\n|-supereffective|p2a: Malamar\n|-damage|p2a: Malamar|0 fnt\n|faint|p2a: Malamar\n|\n|upkeep\n|\n|t:|1771153253\n|switch|p2a: Sinistcha|Sinistcha|100/100\n|turn|2\n|\n|t:|1771153280\n|switch|p1a: Skeledirge|Skeledirge, M, shiny|100/100\n|move|p2a: Sinistcha|Matcha Gotcha|p1a: Skeledirge|[spread] p1a,p1b\n|-resisted|p1a: Skeledirge\n|-damage|p1a: Skeledirge|87/100\n|-damage|p1b: Indeedee|53/100\n|move|p2b: Incineroar|Close Combat|p1b: Indeedee\n|-damage|p1b: Indeedee|31/100\n|-boost|p2b: Incineroar|def|1\n|-boost|p2b: Incineroar|spd|1\n|-enditem|p1b: Indeedee|Sitrus Berry|[eat]\n|-heal|p1b: Indeedee|56/100|[from] item: Sitrus Berry\n|move|p1b: Indeedee|Trick Room|p1b: Indeedee\n|-fieldstart|move: Trick Room|[of] p1b: Indeedee\n|\n|upkeep\n|turn|3\n|\n|t:|1771153299\n|move|p2a: Sinistcha|Rage Powder|p2a: Sinistcha\n|-singleturn|p2a: Sinistcha|move: Rage Powder\n|move|p1b: Indeedee|Follow Me|p1b: Indeedee\n|-singleturn|p1b: Indeedee|move: Follow Me\n|move|p2b: Incineroar|Close Combat|p1b: Indeedee\n|-damage|p1b: Indeedee|36/100\n|-boost|p2b: Incineroar|def|1\n|-boost|p2b: Incineroar|spd|1\n|move|p1a: Skeledirge|Torch Song|p2a: Sinistcha\n|-supereffective|p2a: Sinistcha\n|-damage|p2a: Sinistcha|11/100\n|-boost|p1a: Skeledirge|spa|1\n|-enditem|p2a: Sinistcha|Sitrus Berry|[eat]\n|-heal|p2a: Sinistcha|36/100|[from] item: Sitrus Berry\n|-enditem|p1a: Skeledirge|Throat Spray\n|-boost|p1a: Skeledirge|spa|1|[from] item: Throat Spray\n|\n|upkeep\n|turn|4\n|\n|t:|1771153313\n|move|p2a: Sinistcha|Rage Powder|p2a: Sinistcha\n|-singleturn|p2a: Sinistcha|move: Rage Powder\n|move|p1b: Indeedee|Follow Me|p1b: Indeedee\n|-singleturn|p1b: Indeedee|move: Follow Me\n|move|p2b: Incineroar|Close Combat|p1b: Indeedee\n|-damage|p1b: Indeedee|15/100\n|-boost|p2b: Incineroar|def|1\n|-boost|p2b: Incineroar|spd|1\n|move|p1a: Skeledirge|Torch Song|p2a: Sinistcha\n|-supereffective|p2a: Sinistcha\n|-damage|p2a: Sinistcha|0 fnt\n|-boost|p1a: Skeledirge|spa|1\n|faint|p2a: Sinistcha\n|\n|upkeep\n|\n|t:|1771153321\n|switch|p2a: Clefairy|Clefairy, F|100/100\n|turn|5\n|\n|t:|1771153326\n|move|p2a: Clefairy|Follow Me|p2a: Clefairy\n|-singleturn|p2a: Clefairy|move: Follow Me\n|move|p1b: Indeedee|Follow Me|p1b: Indeedee\n|-singleturn|p1b: Indeedee|move: Follow Me\n|move|p2b: Incineroar|Close Combat|p1b: Indeedee\n|-crit|p1b: Indeedee\n|-damage|p1b: Indeedee|0 fnt\n|-boost|p2b: Incineroar|def|1\n|-boost|p2b: Incineroar|spd|1\n|faint|p1b: Indeedee\n|move|p1a: Skeledirge|Torch Song|p2a: Clefairy\n|-damage|p2a: Clefairy|31/100\n|-boost|p1a: Skeledirge|spa|1\n|\n|-fieldend|move: Psychic Terrain\n|upkeep\n|inactive|cheesus0201 has 120 seconds left.\n|\n|t:|1771153371\n|switch|p1b: Primarina|Primarina, F, shiny|100/100\n|turn|6\n|\n|t:|1771153386\n|move|p2a: Clefairy|Follow Me|p2a: Clefairy\n|-singleturn|p2a: Clefairy|move: Follow Me\n|move|p1b: Primarina|Hyper Voice|p2a: Clefairy|[spread] p2a,p2b\n|-resisted|p2b: Incineroar\n|-damage|p2a: Clefairy|0 fnt\n|-damage|p2b: Incineroar|95/100\n|faint|p2a: Clefairy\n|move|p2b: Incineroar|Power Trip|p1a: Skeledirge\n|-supereffective|p1a: Skeledirge\n|-damage|p1a: Skeledirge|0 fnt\n|faint|p1a: Skeledirge\n|\n|-heal|p2b: Incineroar|100/100|[from] item: Leftovers\n|-fieldend|move: Trick Room\n|upkeep\n|inactive|cheesus0201 has 120 seconds left.\n|-message|cheesus0201 forfeited.\n|\n|win|thegauntlet69\n|raw|cheesus0201's rating: 1545 &rarr; <strong>1521</strong><br />(-24 for losing)\n|raw|thegauntlet69's rating: 1481 &rarr; <strong>1505</strong><br />(+24 for winning)\n|l|☆cheesus0201\n|player|p1|\n|l|☆thegauntlet69\n|player|p2|\n", "uploadtime": 1771153723, "views": 11, "formatid": "gen9doublesou", "rating": 1505, "private": 0, "password": null}