{"id": "gen9doublesou-2539986416", "format": "[Gen 9] Doubles OU", "players": ["FALDRACO", "tzk 332"], "log": "|j|☆FALDRACO\n|j|☆tzk 332\n|t:|1771138821\n|gametype|doubles\n|player|p1|FALDRACO|102|1526\n|player|p2|tzk 332|2|1596\n|gen|9\n|tier|[Gen 9] Doubles OU\n|rated|\n|rule|HP Percentage Mod: HP is shown in percentages\n|rule|Endless Battle Clause: Forcing endless battles is banned\n|rule|Species Clause: Limit one of each Pokémon\n|rule|OHKO Clause: OHKO moves are banned\n|rule|Evasion Moves Clause: Evasion moves are banned\n|rule|Gravity Sleep Clause: The combination of sleep-inducing moves with imperfect accuracy and Gravity or Gigantamax Orbeetle are banned\n|rule|Evasion Abilities Clause: Evasion abilities are banned\n|clearpoke\n|poke|p1|Kommo-o, F|\n|poke|p1|Latios, M|\n|poke|p1|Flamigo, F|\n|poke|p1|Clefable, F|\n|poke|p1|Sinistcha|\n|poke|p1|Klefki, F|\n|poke|p2|Okidogi, M|\n|poke|p2|Iron Hands|\n|poke|p2|Primarina, F|\n|poke|p2|Farigiraf, F|\n|poke|p2|Tornadus, M|\n|poke|p2|Chi-Yu|\n|teampreview\n|\n|t:|1771138850\n|teamsize|p1|6\n|teamsize|p2|6\n|start\n|switch|p1a: Kommo-o|Kommo-o, F|100/100\n|switch|p1b: Latios|Latios, M|100/100\n|switch|p2a: Tornadus|Tornadus, M|100/100\n|switch|p2b: Primarina|Primarina, F|100/100\n|turn|1\n|inactive|Battle timer is ON: inactive players will automatically lose when time's up. (requested by tzk 332)\n|\n|t:|1771138880\n|-terastallize|p1a: Kommo-o|Steel\n|move|p2a: Tornadus|Taunt|p1a: Kommo-o\n|-start|p1a: Kommo-o|move: Taunt\n|move|p1b: Latios|Simple Beam|p1a: Kommo-o\n|-ability|p1a: Kommo-o|Simple|Overcoat|[from] move: Simple Beam\n|cant|p1a: Kommo-o|move: Taunt|Clangorous Soul\n|move|p2b: Primarina|Moonblast|p1b: Latios\n|-supereffective|p1b: Latios\n|-damage|p1b: Latios|0 fnt\n|faint|p1b: Latios\n|-damage|p2b: Primarina|91/100|[from] item: Life Orb\n|\n|upkeep\n|inactive|FALDRACO has 120 seconds left.\n|\n|t:|1771138917\n|switch|p1b: Klefki|Klefki, F|100/100\n|turn|2\n|\n|t:|1771138931\n|move|p2a: Tornadus|Taunt|p1b: Klefki\n|-start|p1b: Klefki|move: Taunt\n|move|p1a: Kommo-o|Throat Chop|p2a: Tornadus\n|-damage|p2a: Tornadus|73/100\n|-start|p2a: Tornadus|Throat Chop|[silent]\n|move|p1b: Klefki|Steel Beam|p2a: Tornadus\n|-damage|p2a: Tornadus|31/100\n|-damage|p1b: Klefki|50/100|[from] steelbeam\n|-enditem|p1b: Klefki|Sitrus Berry|[eat]\n|-heal|p1b: Klefki|75/100|[from] item: Sitrus Berry\n|move|p2b: Primarina|Hyper Voice|p1a: Kommo-o|[spread] p1a,p1b\n|-damage|p1a: Kommo-o|61/100\n|-damage|p1b: Klefki|34/100\n|-damage|p2b: Primarina|81/100|[from] item: Life Orb\n|\n|upkeep\n|turn|3\n|\n|t:|1771138958\n|move|p2a: Tornadus|Tailwind|p2a: Tornadus\n|-sidestart|p2: tzk 332|move: Tailwind\n|move|p2b: Primarina|Hyper Voice|p1a: Kommo-o|[spread] p1a,p1b\n|-damage|p1a: Kommo-o|24/100\n|-damage|p1b: Klefki|0 fnt\n|-enditem|p1a: Kommo-o|Sitrus Berry|[eat]\n|-heal|p1a: Kommo-o|49/100|[from] item: Sitrus Berry\n|faint|p1b: Klefki\n|-damage|p2b: Primarina|71/100|[from] item: Life Orb\n|move|p1a: Kommo-o|Throat Chop|p2a: Tornadus\n|-damage|p2a: Tornadus|5/100\n|\n|-end|p1a: Kommo-o|move: Taunt\n|-end|p2a: Tornadus|Throat Chop|[silent]\n|upkeep\n|inactive|FALDRACO has 120 seconds left.\n|\n|t:|1771138976\n|switch|p1b: Sinistcha|Sinistcha|100/100\n|-heal|p1a: Kommo-o|74/100|[from] ability: Hospitality|[of] p1b: Sinistcha\n|turn|4\n|\n|t:|1771138997\n|move|p1b: Sinistcha|Rage Powder|p1b: Sinistcha\n|-singleturn|p1b: Sinistcha|move: Rage Powder\n|move|p2a: Tornadus|Taunt|p1b: Sinistcha\n|-start|p1b: Sinistcha|move: Taunt\n|move|p2b: Primarina|Hyper Voice|p1b: Sinistcha|[spread] p1a,p1b\n|-resisted|p1b: Sinistcha\n|-damage|p1a: Kommo-o|33/100\n|-damage|p1b: Sinistcha|71/100\n|-damage|p2b: Primarina|61/100|[from] item: Life Orb\n|move|p1a: Kommo-o|Clangorous Soul||[still]\n|-fail|p1a: Kommo-o\n|\n|-heal|p1b: Sinistcha|77/100|[from] item: Leftovers\n|upkeep\n|turn|5\n|\n|t:|1771139024\n|move|p2a: Tornadus|Bleakwind Storm|p1b: Sinistcha|[spread] p1a,p1b\n|-resisted|p1a: Kommo-o\n|-supereffective|p1b: Sinistcha\n|-damage|p1a: Kommo-o|14/100\n|-damage|p1b: Sinistcha|0 fnt\n|faint|p1b: Sinistcha\n|-damage|p2a: Tornadus|0 fnt|[from] item: Life Orb\n|faint|p2a: Tornadus\n|move|p2b: Primarina|Hyper Voice|p1a: Kommo-o\n|-damage|p1a: Kommo-o|0 fnt\n|faint|p1a: Kommo-o\n|-damage|p2b: Primarina|51/100|[from] item: Life Orb\n|\n|upkeep\n|inactive|FALDRACO has 120 seconds left.\n|-message|FALDRACO forfeited.\n|\n|win|tzk 332\n|raw|FALDRACO's rating: 1526 &rarr; <strong>1510</strong><br />(-16 for losing)\n|raw|tzk 332's rating: 1596 &rarr; <strong>1612</strong><br />(+16 for winning)\n|l|☆FALDRACO\n|player|p1|\n|l|☆tzk 332\n|player|p2|\n", "uploadtime": 1771139328, "views": 15, "formatid": "gen9doublesou", "rating": 1510, "private": 0, "password": null}