{"id": "gen9doublesou-2640018088", "format": "[Gen 9] Doubles OU", "players": ["arnaldinpaitome", "wsweee"], "log": "|j|☆arnaldinpaitome\n|j|☆wsweee\n|t:|1782564679\n|gametype|doubles\n|player|p1|arnaldinpaitome|2|1576\n|player|p2|wsweee|101|1638\n|gen|9\n|tier|[Gen 9] Doubles OU\n|rated|\n|rule|HP Percentage Mod: HP is shown in percentages\n|rule|Endless Battle Clause: Forcing endless battles is banned\n|rule|Species Clause: Limit one of each Pokémon\n|rule|OHKO Clause: OHKO moves are banned\n|rule|Evasion Moves Clause: Evasion moves are banned\n|rule|Gravity Sleep Clause: The combination of sleep-inducing moves with imperfect accuracy and Gravity or Gigantamax Orbeetle are banned\n|rule|Evasion Abilities Clause: Evasion abilities are banned\n|clearpoke\n|poke|p1|Cresselia, F|\n|poke|p1|Sinistcha-Masterpiece|\n|poke|p1|Primarina, F|\n|poke|p1|Ursaluna, M|\n|poke|p1|Kingambit, M|\n|poke|p1|Dragonite, M|\n|poke|p2|Iron Crown|\n|poke|p2|Indeedee-F, F|\n|poke|p2|Regidrago|\n|poke|p2|Tornadus, M|\n|poke|p2|Ogerpon-Hearthflame, F|\n|poke|p2|Landorus, M|\n|teampreview\n|inactive|Battle timer is ON: inactive players will automatically lose when time's up. (requested by arnaldinpaitome)\n|\n|t:|1782564712\n|teamsize|p1|6\n|teamsize|p2|6\n|start\n|switch|p1a: Lauryn Hill|Primarina, F, shiny|100/100\n|switch|p1b: Erykah Badu|Sinistcha-Masterpiece, shiny|100/100\n|switch|p2a: Tornadus|Tornadus, M|100/100\n|switch|p2b: Iron Crown|Iron Crown|100/100\n|-enditem|p2b: Iron Crown|Booster Energy\n|-activate|p2b: Iron Crown|ability: Quark Drive|[fromitem]\n|-start|p2b: Iron Crown|quarkdrivespa\n|turn|1\n|\n|t:|1782564727\n|move|p2a: Tornadus|Bleakwind Storm|p1a: Lauryn Hill|[spread] p1a,p1b\n|-supereffective|p1b: Erykah Badu\n|-damage|p1a: Lauryn Hill|71/100\n|-damage|p1b: Erykah Badu|21/100\n|-unboost|p1a: Lauryn Hill|spe|1\n|move|p2b: Iron Crown|Expanding Force|p1b: Erykah Badu\n|-damage|p1b: Erykah Badu|0 fnt\n|faint|p1b: Erykah Badu\n|move|p1a: Lauryn Hill|Hyper Voice|p2b: Iron Crown|[spread] p2a,p2b\n|-damage|p2a: Tornadus|48/100\n|-damage|p2b: Iron Crown|69/100\n|-enditem|p1a: Lauryn Hill|Throat Spray\n|-boost|p1a: Lauryn Hill|spa|1|[from] item: Throat Spray\n|\n|upkeep\n|\n|t:|1782564747\n|switch|p1b: Matheus Martinelli|Kingambit, M, shiny|100/100\n|turn|2\n|\n|t:|1782564761\n|switch|p2a: Indeedee|Indeedee-F, F|100/100\n|-fieldstart|move: Psychic Terrain|[from] ability: Psychic Surge|[of] p2a: Indeedee\n|move|p1a: Lauryn Hill|Protect|p1a: Lauryn Hill\n|-singleturn|p1a: Lauryn Hill|Protect\n|move|p2b: Iron Crown|Expanding Force|p1a: Lauryn Hill|[spread] \n|-activate|p1a: Lauryn Hill|move: Protect\n|-immune|p1b: Matheus Martinelli\n|move|p1b: Matheus Martinelli|Kowtow Cleave|p2b: Iron Crown\n|-supereffective|p2b: Iron Crown\n|-damage|p2b: Iron Crown|0 fnt\n|faint|p2b: Iron Crown\n|-end|p2b: Iron Crown|Quark Drive|[silent]\n|\n|upkeep\n|\n|t:|1782564777\n|switch|p2b: Landorus|Landorus, M|100/100\n|turn|3\n|\n|t:|1782564786\n|-terastallize|p2b: Landorus|Poison\n|move|p2a: Indeedee|Helping Hand|p2b: Landorus\n|-singleturn|p2b: Landorus|Helping Hand|[of] p2a: Indeedee\n|move|p2b: Landorus|Sandsear Storm|p1b: Matheus Martinelli|[spread] p1b\n|-miss|p2b: Landorus|p1a: Lauryn Hill\n|-supereffective|p1b: Matheus Martinelli\n|-damage|p1b: Matheus Martinelli|0 fnt\n|faint|p1b: Matheus Martinelli\n|move|p1a: Lauryn Hill|Ice Beam|p2b: Landorus\n|-damage|p2b: Landorus|31/100\n|\n|upkeep\n|\n|t:|1782564796\n|switch|p1b: Stacy Epps|Cresselia, F, shiny|100/100\n|turn|4\n|\n|t:|1782564801\n|move|p2a: Indeedee|Helping Hand|p2b: Landorus\n|-singleturn|p2b: Landorus|Helping Hand|[of] p2a: Indeedee\n|move|p1a: Lauryn Hill|Protect|p1a: Lauryn Hill\n|-singleturn|p1a: Lauryn Hill|Protect\n|move|p2b: Landorus|Sandsear Storm|p1b: Stacy Epps|[spread] \n|-activate|p1a: Lauryn Hill|move: Protect\n|-immune|p1b: Stacy Epps|[from] ability: Levitate\n|move|p1b: Stacy Epps|Trick Room|p1b: Stacy Epps\n|-fieldstart|move: Trick Room|[of] p1b: Stacy Epps\n|\n|upkeep\n|turn|5\n|\n|t:|1782564817\n|move|p2b: Landorus|Protect|p2b: Landorus\n|-singleturn|p2b: Landorus|Protect\n|move|p1a: Lauryn Hill|Moonblast|p2a: Indeedee\n|-damage|p2a: Indeedee|22/100\n|move|p1b: Stacy Epps|Psychic|p2b: Landorus\n|-activate|p2b: Landorus|move: Protect\n|move|p2a: Indeedee|Trick Room|p2a: Indeedee\n|-fieldend|move: Trick Room\n|\n|upkeep\n|turn|6\n|\n|t:|1782564845\n|move|p2a: Indeedee|Helping Hand|p2b: Landorus\n|-singleturn|p2b: Landorus|Helping Hand|[of] p2a: Indeedee\n|move|p1a: Lauryn Hill|Protect|p1a: Lauryn Hill\n|-singleturn|p1a: Lauryn Hill|Protect\n|move|p2b: Landorus|Sludge Bomb|p1a: Lauryn Hill\n|-activate|p1a: Lauryn Hill|move: Protect\n|move|p1b: Stacy Epps|Trick Room|p1b: Stacy Epps\n|-fieldstart|move: Trick Room|[of] p1b: Stacy Epps\n|\n|-fieldend|move: Psychic Terrain\n|upkeep\n|turn|7\n|\n|t:|1782564868\n|move|p2a: Indeedee|Helping Hand|p2b: Landorus\n|-singleturn|p2b: Landorus|Helping Hand|[of] p2a: Indeedee\n|move|p1a: Lauryn Hill|Hyper Voice|p2a: Indeedee|[spread] p2a,p2b\n|-crit|p2a: Indeedee\n|-damage|p2a: Indeedee|0 fnt\n|-damage|p2b: Landorus|0 fnt\n|faint|p2a: Indeedee\n|faint|p2b: Landorus\n|move|p1b: Stacy Epps|Lunar Blessing|p1b: Stacy Epps|[spread] p1a,p1b\n|-heal|p1a: Lauryn Hill|96/100\n|\n|upkeep\n|\n|t:|1782564876\n|switch|p2a: Regidrago|Regidrago|100/100\n|switch|p2b: Ogerpon|Ogerpon-Hearthflame, F|100/100\n|-ability|p2b: Ogerpon|Mold Breaker\n|turn|8\n|\n|t:|1782564905\n|move|p2a: Regidrago|Protect|p2a: Regidrago\n|-singleturn|p2a: Regidrago|Protect\n|move|p1a: Lauryn Hill|Hyper Voice|p2a: Regidrago|[spread] p2b\n|-activate|p2a: Regidrago|move: Protect\n|-damage|p2b: Ogerpon|36/100\n|move|p1b: Stacy Epps|Psychic|p2b: Ogerpon\n|-damage|p2b: Ogerpon|9/100\n|move|p2b: Ogerpon|Wood Hammer|p1a: Lauryn Hill\n|-supereffective|p1a: Lauryn Hill\n|-damage|p1a: Lauryn Hill|0 fnt\n|faint|p1a: Lauryn Hill\n|-damage|p2b: Ogerpon|0 fnt|[from] Recoil\n|faint|p2b: Ogerpon\n|\n|upkeep\n|inactive|arnaldinpaitome has 120 seconds left.\n|-message|wsweee forfeited.\n|\n|win|arnaldinpaitome\n|raw|arnaldinpaitome's rating: 1576 &rarr; <strong>1600</strong><br />(+24 for winning)\n|raw|wsweee's rating: 1638 &rarr; <strong>1614</strong><br />(-24 for losing)\n|l|☆wsweee\n|player|p2|\n|l|☆arnaldinpaitome\n|player|p1|\n", "uploadtime": 1782565270, "views": 6, "formatid": "gen9doublesou", "rating": 1600, "private": 0, "password": null}