{"id": "gen9doublesou-2540597578", "format": "[Gen 9] Doubles OU", "players": ["alllzz", "Poly love"], "log": "|badge|p2|silver|gen9doublesou|30-8\n|uhtml|medal-msg|<div class=\"broadcast-blue\">Curious what those medals under the avatar are? PS now has Ladder Seasons! For more information, check out the <a href=\"https://www.smogon.com/forums/threads/3740067/\">thread on Smogon.</a></div>\n|j|☆alllzz\n|j|☆Poly love\n|t:|1771224380\n|gametype|doubles\n|player|p1|alllzz|169|1696\n|player|p2|Poly love|marnie-masters2|1788\n|gen|9\n|tier|[Gen 9] Doubles OU\n|rated|\n|rule|HP Percentage Mod: HP is shown in percentages\n|rule|Endless Battle Clause: Forcing endless battles is banned\n|rule|Species Clause: Limit one of each Pokémon\n|rule|OHKO Clause: OHKO moves are banned\n|rule|Evasion Moves Clause: Evasion moves are banned\n|rule|Gravity Sleep Clause: The combination of sleep-inducing moves with imperfect accuracy and Gravity or Gigantamax Orbeetle are banned\n|rule|Evasion Abilities Clause: Evasion abilities are banned\n|clearpoke\n|poke|p1|Torkoal, F|\n|poke|p1|Typhlosion-Hisui, F|\n|poke|p1|Rillaboom, F|\n|poke|p1|Roaring Moon|\n|poke|p1|Landorus, M|\n|poke|p1|Whimsicott, F|\n|poke|p2|Tyranitar, M|\n|poke|p2|Ting-Lu|\n|poke|p2|Orthworm, M|\n|poke|p2|Houndstone, M|\n|poke|p2|Chien-Pao|\n|poke|p2|Glimmora, M|\n|teampreview\n|\n|t:|1771224416\n|teamsize|p1|6\n|teamsize|p2|6\n|start\n|switch|p1a: Rillaboom|Rillaboom, F, shiny|100/100\n|switch|p1b: Typhlosion|Typhlosion-Hisui, F, shiny|100/100\n|switch|p2a: Spinner ball|Glimmora, M|100/100\n|switch|p2b: Bite ice|Chien-Pao|100/100\n|-item|p2a: Spinner ball|Focus Sash|[from] ability: Frisk|[of] p1b: Typhlosion\n|-item|p2b: Bite ice|Clear Amulet|[from] ability: Frisk|[of] p1b: Typhlosion\n|-ability|p2b: Bite ice|Sword of Ruin\n|-fieldstart|move: Grassy Terrain|[from] ability: Grassy Surge|[of] p1a: Rillaboom\n|turn|1\n|\n|t:|1771224438\n|-terastallize|p1b: Typhlosion|Fire\n|move|p2b: Bite ice|Protect|p2b: Bite ice\n|-singleturn|p2b: Bite ice|Protect\n|move|p1a: Rillaboom|Grassy Glide|p2a: Spinner ball\n|-damage|p2a: Spinner ball|37/100\n|-activate|p2a: Spinner ball|ability: Toxic Debris\n|-sidestart|p1: alllzz|move: Toxic Spikes\n|move|p1b: Typhlosion|Eruption|p2a: Spinner ball|[spread] p2a\n|-activate|p2b: Bite ice|move: Protect\n|-resisted|p2a: Spinner ball\n|-damage|p2a: Spinner ball|0 fnt\n|faint|p2a: Spinner ball\n|\n|upkeep\n|\n|t:|1771224453\n|switch|p2a: Stalling power|Ting-Lu|100/100\n|-ability|p2a: Stalling power|Vessel of Ruin\n|turn|2\n|\n|t:|1771224460\n|switch|p2b: Godzilla|Tyranitar, M|100/100\n|-weather|Sandstorm|[from] ability: Sand Stream|[of] p2b: Godzilla\n|move|p1a: Rillaboom|Grassy Glide|p2b: Godzilla\n|-supereffective|p2b: Godzilla\n|-damage|p2b: Godzilla|34/100\n|-enditem|p2b: Godzilla|Eject Button\n|\n|t:|1771224469\n|switch|p2b: Migajas|Orthworm, M|100/100\n|move|p1b: Typhlosion|Eruption|p2b: Migajas|[spread] p2a,p2b\n|-supereffective|p2b: Migajas\n|-damage|p2a: Stalling power|64/100\n|-damage|p2b: Migajas|0 fnt\n|faint|p2b: Migajas\n|move|p2a: Stalling power|Earthquake|p1a: Rillaboom|[spread] p1a,p1b\n|-resisted|p1a: Rillaboom\n|-supereffective|p1b: Typhlosion\n|-damage|p1a: Rillaboom|93/100\n|-damage|p1b: Typhlosion|56/100\n|\n|-weather|Sandstorm|[upkeep]\n|-damage|p1b: Typhlosion|50/100|[from] Sandstorm\n|-damage|p1a: Rillaboom|87/100|[from] Sandstorm\n|-heal|p1b: Typhlosion|56/100|[from] Grassy Terrain\n|-heal|p1a: Rillaboom|93/100|[from] Grassy Terrain\n|-heal|p2a: Stalling power|71/100|[from] Grassy Terrain\n|-heal|p2a: Stalling power|77/100|[from] item: Leftovers\n|upkeep\n|\n|t:|1771224488\n|switch|p2b: Bite ice|Chien-Pao|100/100\n|-ability|p2b: Bite ice|Sword of Ruin\n|turn|3\n|\n|t:|1771224499\n|switch|p1b: Whimsicott|Whimsicott, F, shiny|100/100\n|-status|p1b: Whimsicott|psn\n|-terastallize|p2b: Bite ice|Ghost\n|move|p2b: Bite ice|Ice Spinner|p1a: Rillaboom\n|-supereffective|p1a: Rillaboom\n|-damage|p1a: Rillaboom|0 fnt\n|-fieldend|move: Grassy Terrain\n|faint|p1a: Rillaboom\n|move|p2a: Stalling power|Throat Chop|p1b: Whimsicott\n|-resisted|p1b: Whimsicott\n|-damage|p1b: Whimsicott|83/100 psn\n|\n|-weather|Sandstorm|[upkeep]\n|-damage|p2b: Bite ice|95/100|[from] Sandstorm\n|-damage|p1b: Whimsicott|77/100 psn|[from] Sandstorm\n|-heal|p2a: Stalling power|83/100|[from] item: Leftovers\n|-damage|p1b: Whimsicott|64/100 psn|[from] psn\n|upkeep\n|\n|t:|1771224515\n|switch|p1a: Roaring Moon|Roaring Moon, shiny|100/100\n|-status|p1a: Roaring Moon|psn\n|turn|4\n|\n|t:|1771224526\n|move|p1b: Whimsicott|Tailwind|p1b: Whimsicott\n|-sidestart|p1: alllzz|move: Tailwind\n|move|p1a: Roaring Moon|Knock Off|p2b: Bite ice\n|-supereffective|p2b: Bite ice\n|-damage|p2b: Bite ice|0 fnt\n|-enditem|p2b: Bite ice|Clear Amulet|[from] move: Knock Off|[of] p1a: Roaring Moon\n|faint|p2b: Bite ice\n|-damage|p1a: Roaring Moon|91/100 psn|[from] item: Life Orb\n|move|p2a: Stalling power|Spikes|p1a: Roaring Moon\n|-sidestart|p1: alllzz|Spikes\n|\n|-weather|Sandstorm|[upkeep]\n|-damage|p1a: Roaring Moon|85/100 psn|[from] Sandstorm\n|-damage|p1b: Whimsicott|58/100 psn|[from] Sandstorm\n|-heal|p2a: Stalling power|89/100|[from] item: Leftovers\n|-damage|p1a: Roaring Moon|72/100 psn|[from] psn\n|-damage|p1b: Whimsicott|46/100 psn|[from] psn\n|upkeep\n|\n|t:|1771224539\n|switch|p2b: Godzilla|Tyranitar, M|34/100\n|turn|5\n|\n|t:|1771224548\n|move|p2b: Godzilla|Protect|p2b: Godzilla\n|-singleturn|p2b: Godzilla|Protect\n|move|p1a: Roaring Moon|Dragon Claw|p2b: Godzilla\n|-activate|p2b: Godzilla|move: Protect\n|move|p1b: Whimsicott|Energy Ball|p2a: Stalling power\n|-supereffective|p2a: Stalling power\n|-damage|p2a: Stalling power|64/100\n|move|p2a: Stalling power|Earthquake|p1b: Whimsicott|[spread] p1a,p1b\n|-activate|p2b: Godzilla|move: Protect\n|-resisted|p1b: Whimsicott\n|-damage|p1a: Roaring Moon|34/100 psn\n|-damage|p1b: Whimsicott|34/100 psn\n|\n|-weather|Sandstorm|[upkeep]\n|-damage|p1a: Roaring Moon|28/100 psn|[from] Sandstorm\n|-damage|p1b: Whimsicott|28/100 psn|[from] Sandstorm\n|-heal|p2a: Stalling power|70/100|[from] item: Leftovers\n|-damage|p1a: Roaring Moon|15/100 psn|[from] psn\n|-damage|p1b: Whimsicott|15/100 psn|[from] psn\n|upkeep\n|turn|6\n|\n|t:|1771224566\n|switch|p1b: Landorus|Landorus, M, shiny|100/100\n|move|p2b: Godzilla|Protect||[still]\n|-fail|p2b: Godzilla\n|move|p1a: Roaring Moon|Dragon Claw|p2b: Godzilla\n|-damage|p2b: Godzilla|0 fnt\n|faint|p2b: Godzilla\n|-damage|p1a: Roaring Moon|5/100 psn|[from] item: Life Orb\n|move|p2a: Stalling power|Earthquake|p1b: Landorus|[spread] p1a\n|-immune|p1b: Landorus\n|-damage|p1a: Roaring Moon|0 fnt\n|faint|p1a: Roaring Moon\n|-end|p1a: Roaring Moon|Protosynthesis|[silent]\n|\n|-weather|none\n|-heal|p2a: Stalling power|76/100|[from] item: Leftovers\n|upkeep\n|\n|t:|1771224577\n|switch|p1a: Typhlosion|Typhlosion-Hisui, F, shiny, tera:Fire|56/100\n|switch|p2b: Doggy attack|Houndstone, M|100/100\n|-status|p1a: Typhlosion|psn\n|-damage|p1a: Typhlosion|44/100 psn|[from] Spikes\n|-item|p2a: Stalling power|Leftovers|[from] ability: Frisk|[of] p1a: Typhlosion\n|-item|p2b: Doggy attack|Clear Amulet|[from] ability: Frisk|[of] p1a: Typhlosion\n|turn|7\n|\n|t:|1771224595\n|move|p2b: Doggy attack|Protect|p2b: Doggy attack\n|-singleturn|p2b: Doggy attack|Protect\n|move|p1a: Typhlosion|Shadow Ball|p2b: Doggy attack\n|-activate|p2b: Doggy attack|move: Protect\n|move|p1b: Landorus|Earth Power|p2a: Stalling power\n|-damage|p2a: Stalling power|44/100\n|move|p2a: Stalling power|Whirlwind|p1b: Landorus\n|drag|p1b: Torkoal|Torkoal, F, shiny|100/100\n|-status|p1b: Torkoal|psn\n|-damage|p1b: Torkoal|88/100 psn|[from] Spikes\n|-weather|SunnyDay|[from] ability: Drought|[of] p1b: Torkoal\n|\n|-weather|SunnyDay|[upkeep]\n|-heal|p2a: Stalling power|50/100|[from] item: Leftovers\n|-damage|p1a: Typhlosion|32/100 psn|[from] psn\n|-damage|p1b: Torkoal|76/100 psn|[from] psn\n|-sideend|p1: alllzz|move: Tailwind\n|upkeep\n|turn|8\n|\n|t:|1771224609\n|move|p1b: Torkoal|Helping Hand|p1a: Typhlosion\n|-singleturn|p1a: Typhlosion|Helping Hand|[of] p1b: Torkoal\n|move|p2b: Doggy attack|Protect||[still]\n|-fail|p2b: Doggy attack\n|move|p1a: Typhlosion|Shadow Ball|p2b: Doggy attack\n|-supereffective|p2b: Doggy attack\n|-damage|p2b: Doggy attack|0 fnt\n|faint|p2b: Doggy attack\n|move|p2a: Stalling power|Earthquake|p1a: Typhlosion|[spread] p1a,p1b\n|-supereffective|p1a: Typhlosion\n|-supereffective|p1b: Torkoal\n|-damage|p1a: Typhlosion|0 fnt\n|-damage|p1b: Torkoal|38/100 psn\n|faint|p1a: Typhlosion\n|\n|-weather|SunnyDay|[upkeep]\n|-heal|p2a: Stalling power|56/100|[from] item: Leftovers\n|-damage|p1b: Torkoal|25/100 psn|[from] psn\n|upkeep\n|\n|t:|1771224616\n|switch|p1a: Landorus|Landorus, M, shiny|100/100\n|turn|9\n|\n|t:|1771224624\n|move|p1b: Torkoal|Helping Hand|p1a: Landorus\n|-singleturn|p1a: Landorus|Helping Hand|[of] p1b: Torkoal\n|move|p1a: Landorus|Earth Power|p2a: Stalling power\n|-damage|p2a: Stalling power|6/100\n|move|p2a: Stalling power|Throat Chop|p1a: Landorus\n|-damage|p1a: Landorus|63/100\n|-start|p1a: Landorus|Throat Chop|[silent]\n|\n|-weather|SunnyDay|[upkeep]\n|-heal|p2a: Stalling power|12/100|[from] item: Leftovers\n|-damage|p1b: Torkoal|13/100 psn|[from] psn\n|upkeep\n|turn|10\n|-message|Poly love forfeited.\n|\n|win|alllzz\n|raw|alllzz's rating: 1696 &rarr; <strong>1721</strong><br />(+25 for winning)\n|raw|Poly love's rating: 1788 &rarr; <strong>1763</strong><br />(-25 for losing)\n|l|☆Poly love\n|player|p2|\n|l|☆alllzz\n|player|p1|\n", "uploadtime": 1771225028, "views": 13, "formatid": "gen9doublesou", "rating": 1721, "private": 0, "password": null}