{"id": "gen9doublesou-2540732004", "format": "[Gen 9] Doubles OU", "players": ["I❤️娜禄forever", "dracarysbow"], "log": "|j|☆I❤️娜禄forever\n|j|☆dracarysbow\n|t:|1771247195\n|gametype|doubles\n|player|p1|I❤️娜禄forever|youngcouple-gen4dp|1522\n|player|p2|dracarysbow|101|1590\n|gen|9\n|tier|[Gen 9] Doubles OU\n|rated|\n|rule|HP Percentage Mod: HP is shown in percentages\n|rule|Endless Battle Clause: Forcing endless battles is banned\n|rule|Species Clause: Limit one of each Pokémon\n|rule|OHKO Clause: OHKO moves are banned\n|rule|Evasion Moves Clause: Evasion moves are banned\n|rule|Gravity Sleep Clause: The combination of sleep-inducing moves with imperfect accuracy and Gravity or Gigantamax Orbeetle are banned\n|rule|Evasion Abilities Clause: Evasion abilities are banned\n|clearpoke\n|poke|p1|Pincurchin, F|\n|poke|p1|Iron Hands|\n|poke|p1|Iron Boulder|\n|poke|p1|Weezing, F|\n|poke|p1|Iron Jugulis|\n|poke|p1|Iron Moth|\n|poke|p2|Zapdos-Galar|\n|poke|p2|Sneasler, F|\n|poke|p2|Murkrow, M|\n|poke|p2|Primarina, F|\n|poke|p2|Pelipper, F|\n|poke|p2|Walking Wake|\n|teampreview\n|inactive|Battle timer is ON: inactive players will automatically lose when time's up. (requested by I❤️娜禄forever)\n|inactive|dracarysbow has 120 seconds left.\n|\n|t:|1771247320\n|teamsize|p1|6\n|teamsize|p2|6\n|start\n|switch|p1a: Weezing|Weezing, F|100/100\n|switch|p1b: Iron Hands|Iron Hands|100/100\n|switch|p2a: Primarina|Primarina, F|100/100\n|switch|p2b: Pelipper|Pelipper, F|100/100\n|-ability|p1a: Weezing|Neutralizing Gas\n|turn|1\n|\n|t:|1771247338\n|move|p1b: Iron Hands|Fake Out|p2a: Primarina\n|-damage|p2a: Primarina|84/100\n|move|p2b: Pelipper|Muddy Water|p1a: Weezing|[spread] p1a\n|-miss|p2b: Pelipper|p1b: Iron Hands\n|-damage|p1a: Weezing|69/100\n|-unboost|p1a: Weezing|accuracy|1\n|cant|p2a: Primarina|flinch\n|move|p1a: Weezing|Substitute|p1a: Weezing\n|-start|p1a: Weezing|Substitute\n|-damage|p1a: Weezing|44/100\n|\n|-heal|p1a: Weezing|50/100|[from] item: Leftovers\n|upkeep\n|turn|2\n|\n|t:|1771247366\n|move|p1a: Weezing|Protect|p1a: Weezing\n|-singleturn|p1a: Weezing|Protect\n|move|p2b: Pelipper|Muddy Water|p1b: Iron Hands|[spread] p1b\n|-activate|p1a: Weezing|move: Protect\n|-damage|p1b: Iron Hands|82/100\n|move|p2a: Primarina|Psychic|p1a: Weezing\n|-activate|p1a: Weezing|move: Protect\n|move|p1b: Iron Hands|Thunder Punch|p2a: Primarina\n|-supereffective|p2a: Primarina\n|-damage|p2a: Primarina|0 fnt\n|faint|p2a: Primarina\n|\n|-heal|p1a: Weezing|57/100|[from] item: Leftovers\n|upkeep\n|inactive|dracarysbow has 120 seconds left.\n|\n|t:|1771247383\n|switch|p2a: Sneasler|Sneasler, F|100/100\n|turn|3\n|\n|t:|1771247393\n|move|p2a: Sneasler|Fake Out|p1b: Iron Hands\n|-enditem|p2a: Sneasler|Normal Gem|[from] gem\n|-damage|p1b: Iron Hands|68/100\n|move|p2b: Pelipper|Muddy Water|p1b: Iron Hands|[spread] p1a,p1b\n|-crit|p1a: Weezing\n|-end|p1a: Weezing|Substitute\n|-damage|p1b: Iron Hands|48/100\n|move|p1a: Weezing|Will-O-Wisp|p2a: Sneasler\n|-status|p2a: Sneasler|brn\n|cant|p1b: Iron Hands|flinch\n|\n|-heal|p1a: Weezing|63/100|[from] item: Leftovers\n|-damage|p2a: Sneasler|95/100 brn|[from] brn\n|upkeep\n|turn|4\n|\n|t:|1771247410\n|move|p1a: Weezing|Protect|p1a: Weezing\n|-singleturn|p1a: Weezing|Protect\n|move|p2a: Sneasler|Dire Claw|p1b: Iron Hands\n|-damage|p1b: Iron Hands|34/100\n|move|p2b: Pelipper|Muddy Water|p1a: Weezing|[spread] p1b\n|-activate|p1a: Weezing|move: Protect\n|-damage|p1b: Iron Hands|12/100\n|-unboost|p1b: Iron Hands|accuracy|1\n|-enditem|p1b: Iron Hands|Figy Berry|[eat]\n|-heal|p1b: Iron Hands|45/100|[from] item: Figy Berry\n|move|p1b: Iron Hands|Thunder Punch|p2b: Pelipper|[miss]\n|-miss|p1b: Iron Hands|p2b: Pelipper\n|\n|-heal|p1a: Weezing|69/100|[from] item: Leftovers\n|-damage|p2a: Sneasler|89/100 brn|[from] brn\n|upkeep\n|turn|5\n|inactive|dracarysbow has 120 seconds left.\n|\n|t:|1771247450\n|move|p2a: Sneasler|Dire Claw|p1b: Iron Hands\n|-damage|p1b: Iron Hands|30/100\n|move|p2b: Pelipper|Muddy Water|p1b: Iron Hands|[spread] p1a,p1b\n|-damage|p1a: Weezing|38/100\n|-damage|p1b: Iron Hands|8/100\n|move|p1a: Weezing|Sludge Bomb|p2b: Pelipper\n|-damage|p2b: Pelipper|62/100\n|move|p1b: Iron Hands|Thunder Punch|p2b: Pelipper|[miss]\n|-miss|p1b: Iron Hands|p2b: Pelipper\n|\n|-heal|p1a: Weezing|44/100|[from] item: Leftovers\n|-damage|p2a: Sneasler|83/100 brn|[from] brn\n|upkeep\n|turn|6\n|inactive|dracarysbow has 120 seconds left.\n|\n|t:|1771247475\n|move|p1a: Weezing|Protect|p1a: Weezing\n|-singleturn|p1a: Weezing|Protect\n|move|p2a: Sneasler|Dire Claw|p1a: Weezing\n|-activate|p1a: Weezing|move: Protect\n|move|p2b: Pelipper|Muddy Water|p1b: Iron Hands|[spread] p1b\n|-activate|p1a: Weezing|move: Protect\n|-damage|p1b: Iron Hands|0 fnt\n|faint|p1b: Iron Hands\n|-end|p1b: Iron Hands|Quark Drive|[silent]\n|\n|-heal|p1a: Weezing|50/100|[from] item: Leftovers\n|-damage|p2a: Sneasler|77/100 brn|[from] brn\n|upkeep\n|inactive|I❤️娜禄forever has 120 seconds left.\n|\n|t:|1771247494\n|switch|p1b: Iron Boulder|Iron Boulder|100/100\n|turn|7\n|\n|t:|1771247523\n|-end|p1a: Weezing|ability: Neutralizing Gas\n|-weather|RainDance|[from] ability: Drizzle|[of] p2b: Pelipper\n|switch|p1a: Pincurchin|Pincurchin, F|100/100\n|-fieldstart|move: Electric Terrain|[from] ability: Electric Surge|[of] p1a: Pincurchin\n|-activate|p1b: Iron Boulder|ability: Quark Drive\n|-start|p1b: Iron Boulder|quarkdrivespe\n|move|p2a: Sneasler|Protect|p2a: Sneasler\n|-singleturn|p2a: Sneasler|Protect\n|move|p1b: Iron Boulder|Mighty Cleave|p2b: Pelipper\n|-supereffective|p2b: Pelipper\n|-damage|p2b: Pelipper|0 fnt\n|faint|p2b: Pelipper\n|\n|-weather|RainDance|[upkeep]\n|-damage|p2a: Sneasler|71/100 brn|[from] brn\n|upkeep\n|inactive|dracarysbow has 120 seconds left.\n|\n|t:|1771247543\n|switch|p2b: Murkrow|Murkrow, M|100/100\n|turn|8\n|\n|t:|1771247553\n|switch|p1a: Weezing|Weezing, F|50/100\n|-ability|p1a: Weezing|Neutralizing Gas\n|move|p1b: Iron Boulder|Mighty Cleave|p2b: Murkrow\n|-supereffective|p2b: Murkrow\n|-damage|p2b: Murkrow|0 fnt\n|faint|p2b: Murkrow\n|move|p2a: Sneasler|Dire Claw|p1a: Weezing\n|-resisted|p1a: Weezing\n|-damage|p1a: Weezing|41/100\n|\n|-weather|RainDance|[upkeep]\n|-heal|p1a: Weezing|47/100|[from] item: Leftovers\n|-damage|p2a: Sneasler|65/100 brn|[from] brn\n|upkeep\n|\n|t:|1771247566\n|switch|p2b: Walking Wake|Walking Wake|100/100\n|turn|9\n|\n|t:|1771247585\n|move|p1a: Weezing|Protect|p1a: Weezing\n|-singleturn|p1a: Weezing|Protect\n|move|p1b: Iron Boulder|Mighty Cleave|p2b: Walking Wake\n|-damage|p2b: Walking Wake|22/100\n|move|p2b: Walking Wake|Hydro Steam|p1b: Iron Boulder\n|-supereffective|p1b: Iron Boulder\n|-damage|p1b: Iron Boulder|0 fnt\n|faint|p1b: Iron Boulder\n|-end|p1b: Iron Boulder|Quark Drive|[silent]\n|move|p2a: Sneasler|Dire Claw|p1a: Weezing\n|-activate|p1a: Weezing|move: Protect\n|\n|-weather|RainDance|[upkeep]\n|-heal|p1a: Weezing|53/100|[from] item: Leftovers\n|-damage|p2a: Sneasler|59/100 brn|[from] brn\n|upkeep\n|\n|t:|1771247603\n|switch|p1b: Iron Jugulis|Iron Jugulis|100/100\n|turn|10\n|\n|t:|1771247622\n|-terastallize|p2b: Walking Wake|Water\n|move|p2b: Walking Wake|Hydro Steam|p1b: Iron Jugulis\n|-crit|p1b: Iron Jugulis\n|-damage|p1b: Iron Jugulis|0 fnt\n|faint|p1b: Iron Jugulis\n|-end|p1b: Iron Jugulis|Quark Drive|[silent]\n|move|p2a: Sneasler|Close Combat|p1a: Weezing\n|-resisted|p1a: Weezing\n|-damage|p1a: Weezing|40/100\n|-unboost|p2a: Sneasler|def|1\n|-unboost|p2a: Sneasler|spd|1\n|move|p1a: Weezing|Sludge Bomb|p2a: Sneasler\n|-resisted|p2a: Sneasler\n|-damage|p2a: Sneasler|30/100 brn\n|\n|-weather|RainDance|[upkeep]\n|-heal|p1a: Weezing|46/100|[from] item: Leftovers\n|-damage|p2a: Sneasler|24/100 brn|[from] brn\n|upkeep\n|\n|t:|1771247638\n|switch|p1b: Iron Moth|Iron Moth|100/100\n|-enditem|p1b: Iron Moth|Electric Seed\n|-boost|p1b: Iron Moth|def|1|[from] item: Electric Seed\n|turn|11\n|\n|t:|1771247653\n|-terastallize|p1b: Iron Moth|Water\n|move|p1a: Weezing|Protect|p1a: Weezing\n|-singleturn|p1a: Weezing|Protect\n|move|p2b: Walking Wake|Hydro Steam|p1b: Iron Moth\n|-resisted|p1b: Iron Moth\n|-damage|p1b: Iron Moth|68/100\n|move|p2a: Sneasler|Dire Claw|p1b: Iron Moth\n|-damage|p1b: Iron Moth|53/100\n|-status|p1b: Iron Moth|psn\n|move|p1b: Iron Moth|Discharge|p2b: Walking Wake|[spread] p2a,p2b\n|-activate|p1a: Weezing|move: Protect\n|-supereffective|p2b: Walking Wake\n|-damage|p2a: Sneasler|0 fnt\n|-damage|p2b: Walking Wake|0 fnt\n|faint|p2a: Sneasler\n|faint|p2b: Walking Wake\n|-end|p2b: Walking Wake|Protosynthesis|[silent]\n|\n|-weather|none\n|-heal|p1a: Weezing|52/100|[from] item: Leftovers\n|-damage|p1b: Iron Moth|40/100 psn|[from] psn\n|-fieldend|move: Electric Terrain\n|upkeep\n|inactive|dracarysbow has 120 seconds left.\n|\n|t:|1771247688\n|switch|p2b: Zapdos|Zapdos-Galar|100/100\n|turn|12\n|\n|t:|1771247697\n|move|p2b: Zapdos|Thunderous Kick|p1b: Iron Moth\n|-damage|p1b: Iron Moth|6/100 psn\n|-unboost|p1b: Iron Moth|def|1\n|move|p1b: Iron Moth|Heat Wave|p2b: Zapdos\n|-damage|p2b: Zapdos|40/100\n|move|p1a: Weezing|Will-O-Wisp|p2b: Zapdos\n|-status|p2b: Zapdos|brn\n|\n|-heal|p1a: Weezing|58/100|[from] item: Leftovers\n|-damage|p1b: Iron Moth|0 fnt|[from] psn\n|faint|p1b: Iron Moth\n|-end|p1b: Iron Moth|Quark Drive|[silent]\n|-damage|p2b: Zapdos|34/100 brn|[from] brn\n|upkeep\n|-message|dracarysbow forfeited.\n|\n|win|I❤️娜禄forever\n|raw|I❤️娜禄forever's rating: 1522 &rarr; <strong>1546</strong><br />(+24 for winning)\n|raw|dracarysbow's rating: 1590 &rarr; <strong>1566</strong><br />(-24 for losing)\n|l|☆dracarysbow\n|player|p2|\n|l|☆I❤️娜禄forever\n|player|p1|\n", "uploadtime": 1771248046, "views": 6, "formatid": "gen9doublesou", "rating": 1546, "private": 0, "password": null}