{"id": "gen9doublesou-2540045505", "format": "[Gen 9] Doubles OU", "players": ["qwqwwqqwwq", "Poly love"], "log": "|badge|p2|bronze|gen9doublesou|100-8\n|uhtml|medal-msg|<div class=\"broadcast-blue\">Curious what those medals under the avatar are? PS now has Ladder Seasons! For more information, check out the <a href=\"https://www.smogon.com/forums/threads/3740067/\">thread on Smogon.</a></div>\n|j|☆qwqwwqqwwq\n|j|☆Poly love\n|t:|1771151573\n|gametype|doubles\n|player|p1|qwqwwqqwwq|hiker-gen4|1655\n|player|p2|Poly love|marnie-masters2|1722\n|gen|9\n|tier|[Gen 9] Doubles OU\n|rated|\n|rule|HP Percentage Mod: HP is shown in percentages\n|rule|Endless Battle Clause: Forcing endless battles is banned\n|rule|Species Clause: Limit one of each Pokémon\n|rule|OHKO Clause: OHKO moves are banned\n|rule|Evasion Moves Clause: Evasion moves are banned\n|rule|Gravity Sleep Clause: The combination of sleep-inducing moves with imperfect accuracy and Gravity or Gigantamax Orbeetle are banned\n|rule|Evasion Abilities Clause: Evasion abilities are banned\n|clearpoke\n|poke|p1|Scizor, F|\n|poke|p1|Dragonite, M|\n|poke|p1|Tornadus, M|\n|poke|p1|Chandelure, M|\n|poke|p1|Golem, M|\n|poke|p1|Articuno-Galar|\n|poke|p2|Tyranitar, M|\n|poke|p2|Ting-Lu|\n|poke|p2|Orthworm, F|\n|poke|p2|Houndstone, F|\n|poke|p2|Chien-Pao|\n|poke|p2|Glimmora, M|\n|teampreview\n|\n|t:|1771151599\n|teamsize|p1|6\n|teamsize|p2|6\n|start\n|switch|p1a: Tornadus|Tornadus, M|100/100\n|switch|p1b: Scizor|Scizor, F|100/100\n|switch|p2a: Spinner ball|Glimmora, M|100/100\n|switch|p2b: Migajas|Orthworm, F|100/100\n|turn|1\n|\n|t:|1771151619\n|move|p1a: Tornadus|Taunt|p2a: Spinner ball\n|-start|p2a: Spinner ball|move: Taunt\n|cant|p2a: Spinner ball|move: Taunt|Stealth Rock\n|move|p1b: Scizor|Swords Dance|p1b: Scizor\n|-boost|p1b: Scizor|atk|2\n|move|p2b: Migajas|Iron Defense|p2b: Migajas\n|-boost|p2b: Migajas|def|2\n|\n|upkeep\n|turn|2\n|\n|t:|1771151631\n|move|p1b: Scizor|Bullet Punch|p2a: Spinner ball\n|-supereffective|p2a: Spinner ball\n|-enditem|p2a: Spinner ball|Focus Sash\n|-damage|p2a: Spinner ball|1/100\n|-activate|p2a: Spinner ball|ability: Toxic Debris\n|-sidestart|p1: qwqwwqqwwq|move: Toxic Spikes\n|move|p1a: Tornadus|Bleakwind Storm|p2a: Spinner ball|[spread] p2b\n|-miss|p1a: Tornadus|p2a: Spinner ball\n|-resisted|p2b: Migajas\n|-crit|p2b: Migajas\n|-damage|p2b: Migajas|74/100\n|move|p2a: Spinner ball|Power Gem|p1a: Tornadus\n|-supereffective|p1a: Tornadus\n|-enditem|p1a: Tornadus|Focus Sash\n|-damage|p1a: Tornadus|1/100\n|move|p2b: Migajas|Body Press|p1b: Scizor\n|-damage|p1b: Scizor|40/100\n|\n|-heal|p2b: Migajas|80/100|[from] item: Leftovers\n|upkeep\n|turn|3\n|\n|t:|1771151652\n|switch|p2a: Stalling power|Ting-Lu|100/100\n|-ability|p2a: Stalling power|Vessel of Ruin\n|move|p1b: Scizor|Bullet Punch|p2b: Migajas\n|-resisted|p2b: Migajas\n|-damage|p2b: Migajas|67/100\n|move|p1a: Tornadus|Bleakwind Storm|p2a: Stalling power|[spread] p2a\n|-miss|p1a: Tornadus|p2b: Migajas\n|-damage|p2a: Stalling power|84/100\n|move|p2b: Migajas|Body Press|p1b: Scizor\n|-damage|p1b: Scizor|0 fnt\n|faint|p1b: Scizor\n|\n|-heal|p2b: Migajas|73/100|[from] item: Leftovers\n|-heal|p2a: Stalling power|90/100|[from] item: Leftovers\n|upkeep\n|\n|t:|1771151679\n|switch|p1b: Chandelure|Chandelure, M|100/100\n|-status|p1b: Chandelure|psn\n|turn|4\n|j| Theo27\n|\n|t:|1771151693\n|-terastallize|p2b: Migajas|Fire\n|move|p1a: Tornadus|Tailwind|p1a: Tornadus\n|-sidestart|p1: qwqwwqqwwq|move: Tailwind\n|move|p1b: Chandelure|Heat Wave|p2b: Migajas|[spread] p2a,p2b\n|-resisted|p2b: Migajas\n|-damage|p2a: Stalling power|69/100\n|-damage|p2b: Migajas|55/100\n|move|p2b: Migajas|Iron Defense|p2b: Migajas\n|-boost|p2b: Migajas|def|2\n|move|p2a: Stalling power|Earthquake|p1b: Chandelure|[spread] p1b\n|-heal|p2b: Migajas|80/100|[from] ability: Earth Eater|[of] p2a: Stalling power\n|-immune|p1a: Tornadus\n|-supereffective|p1b: Chandelure\n|-damage|p1b: Chandelure|13/100 psn\n|\n|-heal|p2b: Migajas|86/100|[from] item: Leftovers\n|-heal|p2a: Stalling power|75/100|[from] item: Leftovers\n|-damage|p1b: Chandelure|0 fnt|[from] psn\n|faint|p1b: Chandelure\n|upkeep\n|\n|t:|1771151702\n|switch|p1b: Articuno|Articuno-Galar|100/100\n|turn|5\n|\n|t:|1771151716\n|-terastallize|p1b: Articuno|Normal\n|move|p1a: Tornadus|Bleakwind Storm|p2a: Stalling power|[spread] p2a,p2b\n|-damage|p2a: Stalling power|56/100\n|-damage|p2b: Migajas|55/100\n|move|p1b: Articuno|Hyper Voice|p2a: Stalling power|[spread] p2a,p2b\n|-damage|p2a: Stalling power|37/100\n|-damage|p2b: Migajas|29/100\n|move|p2b: Migajas|Body Press|p1a: Tornadus\n|-resisted|p1a: Tornadus\n|-damage|p1a: Tornadus|0 fnt\n|faint|p1a: Tornadus\n|move|p2a: Stalling power|Whirlwind|p1b: Articuno\n|drag|p1b: Golem|Golem, M|100/100\n|-status|p1b: Golem|psn\n|\n|-heal|p2b: Migajas|35/100|[from] item: Leftovers\n|-heal|p2a: Stalling power|43/100|[from] item: Leftovers\n|-damage|p1b: Golem|88/100 psn|[from] psn\n|upkeep\n|-message|qwqwwqqwwq forfeited.\n|\n|win|Poly love\n|raw|qwqwwqqwwq's rating: 1655 &rarr; <strong>1639</strong><br />(-16 for losing)\n|raw|Poly love's rating: 1722 &rarr; <strong>1738</strong><br />(+16 for winning)\n|l|☆qwqwwqqwwq\n|player|p1|\n|l|☆Poly love\n|player|p2|\n|l| Theo27\n", "uploadtime": 1771152039, "views": 12, "formatid": "gen9doublesou", "rating": 1639, "private": 0, "password": null}