{"id": "gen9doublesou-2540654677", "format": "[Gen 9] Doubles OU", "players": ["Lokart", "Jaiper_Showdown"], "log": "|badge|p2|bronze|gen9doublesou|100-8\n|uhtml|medal-msg|<div class=\"broadcast-blue\">Curious what those medals under the avatar are? PS now has Ladder Seasons! For more information, check out the <a href=\"https://www.smogon.com/forums/threads/3740067/\">thread on Smogon.</a></div>\n|j|☆Lokart\n|j|☆Jaiper_Showdown\n|t:|1771234903\n|gametype|doubles\n|player|p1|Lokart|265|1652\n|player|p2|Jaiper_Showdown|nate|1769\n|gen|9\n|tier|[Gen 9] Doubles OU\n|rated|\n|rule|HP Percentage Mod: HP is shown in percentages\n|rule|Endless Battle Clause: Forcing endless battles is banned\n|rule|Species Clause: Limit one of each Pokémon\n|rule|OHKO Clause: OHKO moves are banned\n|rule|Evasion Moves Clause: Evasion moves are banned\n|rule|Gravity Sleep Clause: The combination of sleep-inducing moves with imperfect accuracy and Gravity or Gigantamax Orbeetle are banned\n|rule|Evasion Abilities Clause: Evasion abilities are banned\n|clearpoke\n|poke|p1|Corviknight, M|\n|poke|p1|Cresselia, F|\n|poke|p1|Dragapult, M|\n|poke|p1|Weezing-Galar, M|\n|poke|p1|Incineroar, M|\n|poke|p1|Ursaluna-Bloodmoon, M|\n|poke|p2|Ninetales-Alola, M|\n|poke|p2|Ogerpon-Wellspring, F|\n|poke|p2|Gengar, M|\n|poke|p2|Ting-Lu|\n|poke|p2|Incineroar, M|\n|poke|p2|Kommo-o, M|\n|teampreview\n|\n|t:|1771234927\n|teamsize|p1|6\n|teamsize|p2|6\n|start\n|switch|p1a: Dragapult|Dragapult, M|100/100\n|switch|p1b: Weezing|Weezing-Galar, M|100/100\n|switch|p2a: Gengar|Gengar, M, shiny|100/100\n|switch|p2b: Ogerpon|Ogerpon-Wellspring, F|100/100\n|-ability|p1b: Weezing|Neutralizing Gas\n|turn|1\n|\n|t:|1771234941\n|switch|p2a: Incineroar|Incineroar, M|100/100\n|-terastallize|p1a: Dragapult|Dragon\n|move|p1a: Dragapult|Dragon Darts|p2a: Incineroar\n|-damage|p2a: Incineroar|70/100\n|-anim|p1a: Dragapult|Dragon Darts|p2b: Ogerpon\n|-damage|p2b: Ogerpon|39/100\n|move|p2b: Ogerpon|Ivy Cudgel|p1a: Dragapult|[anim] Ivy Cudgel Water\n|-resisted|p1a: Dragapult\n|-damage|p1a: Dragapult|59/100\n|move|p1b: Weezing|Sludge Bomb|p2b: Ogerpon\n|-supereffective|p2b: Ogerpon\n|-damage|p2b: Ogerpon|0 fnt\n|faint|p2b: Ogerpon\n|\n|upkeep\n|\n|t:|1771234963\n|switch|p2b: Kommo-o|Kommo-o, M|100/100\n|turn|2\n|\n|t:|1771234974\n|-terastallize|p2b: Kommo-o|Steel\n|move|p1a: Dragapult|Dragon Darts|p2a: Incineroar\n|-damage|p2a: Incineroar|36/100\n|-enditem|p2a: Incineroar|Sitrus Berry|[eat]\n|-heal|p2a: Incineroar|61/100|[from] item: Sitrus Berry\n|-anim|p1a: Dragapult|Dragon Darts|p2b: Kommo-o\n|-resisted|p2b: Kommo-o\n|-damage|p2b: Kommo-o|79/100\n|move|p2b: Kommo-o|Iron Defense|p2b: Kommo-o\n|-boost|p2b: Kommo-o|def|2\n|move|p2a: Incineroar|Will-O-Wisp|p1a: Dragapult|[miss]\n|-miss|p2a: Incineroar|p1a: Dragapult\n|move|p1b: Weezing|Haze|p1b: Weezing\n|-clearallboost\n|\n|-heal|p2b: Kommo-o|86/100|[from] item: Leftovers\n|upkeep\n|turn|3\n|\n|t:|1771234993\n|move|p1a: Dragapult|Dragon Darts|p2a: Incineroar\n|-damage|p2a: Incineroar|25/100\n|-anim|p1a: Dragapult|Dragon Darts|p2b: Kommo-o\n|-resisted|p2b: Kommo-o\n|-damage|p2b: Kommo-o|67/100\n|move|p2b: Kommo-o|Iron Head|p1b: Weezing\n|-supereffective|p1b: Weezing\n|-damage|p1b: Weezing|52/100\n|cant|p1b: Weezing|flinch\n|move|p2a: Incineroar|Will-O-Wisp|p1a: Dragapult\n|-status|p1a: Dragapult|brn\n|\n|-heal|p2b: Kommo-o|74/100|[from] item: Leftovers\n|-heal|p1b: Weezing|58/100|[from] item: Leftovers\n|-damage|p1a: Dragapult|53/100 brn|[from] brn\n|upkeep\n|turn|4\n|j| InkleeKong\n|\n|t:|1771235012\n|move|p1a: Dragapult|Dragon Darts|p2a: Incineroar\n|-damage|p2a: Incineroar|8/100\n|-anim|p1a: Dragapult|Dragon Darts|p2b: Kommo-o\n|-resisted|p2b: Kommo-o\n|-damage|p2b: Kommo-o|64/100\n|move|p2b: Kommo-o|Iron Defense|p2b: Kommo-o\n|-boost|p2b: Kommo-o|def|2\n|move|p1b: Weezing|Taunt|p2b: Kommo-o\n|-start|p2b: Kommo-o|move: Taunt\n|move|p2a: Incineroar|Parting Shot|p1a: Dragapult\n|-unboost|p1a: Dragapult|atk|1\n|-unboost|p1a: Dragapult|spa|1\n|\n|t:|1771235024\n|switch|p2a: Ninetales|Ninetales-Alola, M|100/100|[from] Parting Shot\n|\n|-heal|p2b: Kommo-o|71/100|[from] item: Leftovers\n|-heal|p1b: Weezing|64/100|[from] item: Leftovers\n|-damage|p1a: Dragapult|48/100 brn|[from] brn\n|upkeep\n|turn|5\n|\n|t:|1771235032\n|switch|p1a: Cresselia|Cresselia, F|100/100\n|-end|p1b: Weezing|ability: Neutralizing Gas\n|-weather|Snowscape|[from] ability: Snow Warning|[of] p2a: Ninetales\n|switch|p1b: Incineroar|Incineroar, M|100/100\n|-ability|p1b: Incineroar|Intimidate|boost\n|-unboost|p2a: Ninetales|atk|1\n|-unboost|p2b: Kommo-o|atk|1\n|move|p2a: Ninetales|Freeze-Dry|p1b: Incineroar\n|-resisted|p1b: Incineroar\n|-damage|p1b: Incineroar|94/100\n|move|p2b: Kommo-o|Iron Head|p1b: Incineroar\n|-resisted|p1b: Incineroar\n|-damage|p1b: Incineroar|83/100\n|\n|-weather|Snowscape|[upkeep]\n|-heal|p2b: Kommo-o|77/100|[from] item: Leftovers\n|upkeep\n|turn|6\n|\n|t:|1771235049\n|move|p1b: Incineroar|Fake Out|p2a: Ninetales\n|-damage|p2a: Ninetales|90/100\n|cant|p2a: Ninetales|flinch\n|move|p2b: Kommo-o|Body Press|p1b: Incineroar\n|-supereffective|p1b: Incineroar\n|-damage|p1b: Incineroar|0 fnt\n|faint|p1b: Incineroar\n|move|p1a: Cresselia|Trick Room|p1a: Cresselia\n|-fieldstart|move: Trick Room|[of] p1a: Cresselia\n|\n|-weather|Snowscape|[upkeep]\n|-heal|p2b: Kommo-o|83/100|[from] item: Leftovers\n|upkeep\n|\n|t:|1771235062\n|switch|p1b: Weezing|Weezing-Galar, M|64/100\n|-ability|p1b: Weezing|Neutralizing Gas\n|turn|7\n|\n|t:|1771235079\n|switch|p2b: Ting-Lu|Ting-Lu|100/100\n|switch|p1a: Corviknight|Corviknight, M, shiny|100/100\n|move|p1b: Weezing|Taunt|p2a: Ninetales\n|-start|p2a: Ninetales|move: Taunt\n|cant|p2a: Ninetales|move: Taunt|Aurora Veil\n|\n|-weather|Snowscape|[upkeep]\n|-heal|p1b: Weezing|70/100|[from] item: Leftovers\n|upkeep\n|turn|8\n|\n|t:|1771235092\n|switch|p2a: Incineroar|Incineroar, M|8/100\n|move|p2b: Ting-Lu|Stealth Rock|p1b: Weezing\n|-sidestart|p1: Lokart|move: Stealth Rock\n|move|p1b: Weezing|Taunt|p2b: Ting-Lu\n|-start|p2b: Ting-Lu|move: Taunt\n|move|p1a: Corviknight|Iron Defense|p1a: Corviknight\n|-boost|p1a: Corviknight|def|2\n|\n|-weather|Snowscape|[upkeep]\n|-heal|p1b: Weezing|76/100|[from] item: Leftovers\n|upkeep\n|turn|9\n|\n|t:|1771235105\n|switch|p2b: Ninetales|Ninetales-Alola, M|90/100\n|move|p2a: Incineroar|Fake Out|p1a: Corviknight\n|-resisted|p1a: Corviknight\n|-damage|p1a: Corviknight|98/100\n|move|p1b: Weezing|Sludge Bomb|p2a: Incineroar\n|-damage|p2a: Incineroar|0 fnt\n|faint|p2a: Incineroar\n|cant|p1a: Corviknight|flinch\n|\n|-weather|none\n|-heal|p1b: Weezing|82/100|[from] item: Leftovers\n|-heal|p1a: Corviknight|100/100|[from] item: Leftovers\n|upkeep\n|\n|t:|1771235117\n|switch|p2a: Gengar|Gengar, M, shiny|100/100\n|turn|10\n|\n|t:|1771235126\n|move|p2b: Ninetales|Protect|p2b: Ninetales\n|-singleturn|p2b: Ninetales|Protect\n|move|p1b: Weezing|Taunt|p2a: Gengar\n|-start|p2a: Gengar|move: Taunt\n|move|p1a: Corviknight|Body Press|p2b: Ninetales\n|-activate|p2b: Ninetales|move: Protect\n|move|p2a: Gengar|Sludge Bomb|p1b: Weezing\n|-damage|p1b: Weezing|40/100\n|\n|-heal|p1b: Weezing|46/100|[from] item: Leftovers\n|-fieldend|move: Trick Room\n|upkeep\n|turn|11\n|\n|t:|1771235152\n|move|p2a: Gengar|Shadow Ball|p1a: Corviknight\n|-damage|p1a: Corviknight|70/100\n|move|p2b: Ninetales|Freeze-Dry|p1a: Corviknight\n|-damage|p1a: Corviknight|56/100\n|move|p1a: Corviknight|Body Press|p2b: Ninetales\n|-damage|p2b: Ninetales|46/100\n|move|p1b: Weezing|Sludge Bomb|p2b: Ninetales\n|-supereffective|p2b: Ninetales\n|-damage|p2b: Ninetales|0 fnt\n|faint|p2b: Ninetales\n|\n|-heal|p1a: Corviknight|62/100|[from] item: Leftovers\n|-heal|p1b: Weezing|52/100|[from] item: Leftovers\n|upkeep\n|\n|t:|1771235164\n|switch|p2b: Kommo-o|Kommo-o, M, tera:Steel|83/100\n|turn|12\n|\n|t:|1771235172\n|move|p2a: Gengar|Sludge Bomb|p1b: Weezing\n|-damage|p1b: Weezing|5/100\n|move|p2b: Kommo-o|Iron Defense|p2b: Kommo-o\n|-boost|p2b: Kommo-o|def|2\n|move|p1a: Corviknight|Body Press|p2b: Kommo-o\n|-supereffective|p2b: Kommo-o\n|-damage|p2b: Kommo-o|54/100\n|move|p1b: Weezing|Taunt|p2b: Kommo-o\n|-start|p2b: Kommo-o|move: Taunt\n|\n|-heal|p2b: Kommo-o|60/100|[from] item: Leftovers\n|-heal|p1a: Corviknight|69/100|[from] item: Leftovers\n|-heal|p1b: Weezing|11/100|[from] item: Leftovers\n|-end|p2a: Gengar|move: Taunt\n|upkeep\n|turn|13\n|\n|t:|1771235190\n|move|p2a: Gengar|Sludge Bomb|p1b: Weezing\n|-damage|p1b: Weezing|0 fnt\n|faint|p1b: Weezing\n|-end|p1b: Weezing|ability: Neutralizing Gas\n|move|p2b: Kommo-o|Body Press|p1a: Corviknight\n|-damage|p1a: Corviknight|42/100\n|move|p1a: Corviknight|Iron Defense|p1a: Corviknight\n|-boost|p1a: Corviknight|def|2\n|\n|-heal|p2b: Kommo-o|67/100|[from] item: Leftovers\n|-heal|p1a: Corviknight|48/100|[from] item: Leftovers\n|upkeep\n|\n|t:|1771235206\n|switch|p1b: Cresselia|Cresselia, F|100/100\n|-damage|p1b: Cresselia|88/100|[from] Stealth Rock\n|turn|14\n|\n|t:|1771235214\n|move|p2a: Gengar|Shadow Ball|p1a: Corviknight\n|-damage|p1a: Corviknight|19/100\n|move|p2b: Kommo-o|Body Press|p1a: Corviknight\n|-damage|p1a: Corviknight|0 fnt\n|faint|p1a: Corviknight\n|move|p1b: Cresselia|Trick Room|p1b: Cresselia\n|-fieldstart|move: Trick Room|[of] p1b: Cresselia\n|\n|-heal|p2b: Kommo-o|73/100|[from] item: Leftovers\n|upkeep\n|\n|t:|1771235223\n|switch|p1a: Ursaluna|Ursaluna-Bloodmoon, M|100/100\n|-damage|p1a: Ursaluna|94/100|[from] Stealth Rock\n|turn|15\n|\n|t:|1771235229\n|switch|p2b: Ting-Lu|Ting-Lu|100/100\n|-ability|p2b: Ting-Lu|Vessel of Ruin\n|move|p1b: Cresselia|Ally Switch|p1b: Cresselia\n|swap|p1b: Cresselia|0|[from] move: Ally Switch\n|move|p1b: Ursaluna|Hyper Voice|p2b: Ting-Lu|[spread] p2a,p2b\n|-damage|p2a: Gengar|48/100\n|-damage|p2b: Ting-Lu|84/100\n|-start|p1b: Ursaluna|Disable|Hyper Voice|[from] ability: Cursed Body|[of] p2a: Gengar\n|-enditem|p1b: Ursaluna|Throat Spray\n|-boost|p1b: Ursaluna|spa|1|[from] item: Throat Spray\n|move|p2a: Gengar|Shadow Ball|p1b: Ursaluna\n|-immune|p1b: Ursaluna\n|\n|-heal|p2b: Ting-Lu|90/100|[from] item: Leftovers\n|upkeep\n|turn|16\n|\n|t:|1771235248\n|move|p1b: Ursaluna|Blood Moon|p2b: Ting-Lu\n|-damage|p2b: Ting-Lu|37/100\n|move|p1a: Cresselia|Psychic|p2a: Gengar\n|-supereffective|p2a: Gengar\n|-damage|p2a: Gengar|0 fnt\n|faint|p2a: Gengar\n|move|p2b: Ting-Lu|Whirlwind|p1b: Ursaluna\n|drag|p1b: Dragapult|Dragapult, M, tera:Dragon|48/100 brn\n|-damage|p1b: Dragapult|35/100 brn|[from] Stealth Rock\n|\n|-heal|p2b: Ting-Lu|43/100|[from] item: Leftovers\n|-damage|p1b: Dragapult|29/100 brn|[from] brn\n|upkeep\n|\n|t:|1771235254\n|switch|p2a: Kommo-o|Kommo-o, M, tera:Steel|73/100\n|turn|17\n|\n|t:|1771235275\n|move|p2b: Ting-Lu|Stomping Tantrum|p1b: Dragapult\n|-damage|p1b: Dragapult|0 fnt\n|faint|p1b: Dragapult\n|move|p2a: Kommo-o|Iron Defense|p2a: Kommo-o\n|-boost|p2a: Kommo-o|def|2\n|move|p1a: Cresselia|Lunar Blessing|p1a: Cresselia\n|-heal|p1a: Cresselia|100/100\n|\n|-heal|p2b: Ting-Lu|49/100|[from] item: Leftovers\n|-heal|p2a: Kommo-o|79/100|[from] item: Leftovers\n|upkeep\n|\n|t:|1771235287\n|switch|p1b: Ursaluna|Ursaluna-Bloodmoon, M|94/100\n|-damage|p1b: Ursaluna|88/100|[from] Stealth Rock\n|turn|18\n|\n|t:|1771235303\n|move|p2b: Ting-Lu|Stomping Tantrum|p1b: Ursaluna\n|-damage|p1b: Ursaluna|67/100\n|move|p1b: Ursaluna|Blood Moon|p2b: Ting-Lu\n|-damage|p2b: Ting-Lu|10/100\n|move|p1a: Cresselia|Lunar Blessing|p1a: Cresselia|[spread] p1a,p1b\n|-heal|p1b: Ursaluna|92/100\n|move|p2a: Kommo-o|Body Press|p1b: Ursaluna\n|-supereffective|p1b: Ursaluna\n|-damage|p1b: Ursaluna|6/100\n|\n|-heal|p2b: Ting-Lu|17/100|[from] item: Leftovers\n|-heal|p2a: Kommo-o|85/100|[from] item: Leftovers\n|-fieldend|move: Trick Room\n|upkeep\n|turn|19\n|\n|t:|1771235323\n|move|p1b: Ursaluna|Protect|p1b: Ursaluna\n|-singleturn|p1b: Ursaluna|Protect\n|move|p2a: Kommo-o|Iron Head|p1a: Cresselia\n|-damage|p1a: Cresselia|81/100\n|move|p2b: Ting-Lu|Stomping Tantrum|p1b: Ursaluna\n|-activate|p1b: Ursaluna|move: Protect\n|move|p1a: Cresselia|Trick Room|p1a: Cresselia\n|-fieldstart|move: Trick Room|[of] p1a: Cresselia\n|\n|-heal|p2b: Ting-Lu|23/100|[from] item: Leftovers\n|-heal|p2a: Kommo-o|91/100|[from] item: Leftovers\n|upkeep\n|turn|20\n|\n|t:|1771235342\n|move|p1a: Cresselia|Ally Switch|p1a: Cresselia\n|swap|p1a: Cresselia|1|[from] move: Ally Switch\n|move|p2b: Ting-Lu|Stomping Tantrum|p1a: Ursaluna\n|-damage|p1a: Ursaluna|0 fnt\n|faint|p1a: Ursaluna\n|move|p2a: Kommo-o|Iron Head|p1b: Cresselia\n|-damage|p1b: Cresselia|60/100\n|\n|-heal|p2b: Ting-Lu|29/100|[from] item: Leftovers\n|-heal|p2a: Kommo-o|98/100|[from] item: Leftovers\n|upkeep\n|turn|21\n|l| InkleeKong\n|-message|Lokart forfeited.\n|\n|win|Jaiper_Showdown\n|raw|Lokart's rating: 1652 &rarr; <strong>1638</strong><br />(-14 for losing)\n|raw|Jaiper_Showdown's rating: 1769 &rarr; <strong>1783</strong><br />(+14 for winning)\n|l|☆Lokart\n|player|p1|\n", "uploadtime": 1771235679, "views": 14, "formatid": "gen9doublesou", "rating": 1638, "private": 0, "password": null}