{"id": "gen9doublesou-2540100605", "format": "[Gen 9] Doubles OU", "players": ["yudeshuang", "samu4846"], "log": "|j|☆yudeshuang\n|j|☆samu4846\n|t:|1771161858\n|gametype|doubles\n|player|p1|yudeshuang|2|1573\n|player|p2|samu4846|102|1597\n|gen|9\n|tier|[Gen 9] Doubles OU\n|rated|\n|rule|HP Percentage Mod: HP is shown in percentages\n|rule|Endless Battle Clause: Forcing endless battles is banned\n|rule|Species Clause: Limit one of each Pokémon\n|rule|OHKO Clause: OHKO moves are banned\n|rule|Evasion Moves Clause: Evasion moves are banned\n|rule|Gravity Sleep Clause: The combination of sleep-inducing moves with imperfect accuracy and Gravity or Gigantamax Orbeetle are banned\n|rule|Evasion Abilities Clause: Evasion abilities are banned\n|clearpoke\n|poke|p1|Dragonite, M|\n|poke|p1|Thundurus, M|\n|poke|p1|Gouging Fire|\n|poke|p1|Ting-Lu|\n|poke|p1|Chien-Pao|\n|poke|p1|Landorus, M|\n|poke|p2|Torkoal, M|\n|poke|p2|Raging Bolt|\n|poke|p2|Ogerpon-Hearthflame, F|\n|poke|p2|Okidogi, M|\n|poke|p2|Chien-Pao|\n|poke|p2|Hoopa-Unbound|\n|teampreview\n|inactive|Battle timer is ON: inactive players will automatically lose when time's up. (requested by samu4846)\n|inactive|yudeshuang has 120 seconds left.\n|\n|t:|1771161894\n|teamsize|p1|6\n|teamsize|p2|6\n|start\n|switch|p1a: Thundurus|Thundurus, M|100/100\n|switch|p1b: Landorus|Landorus, M|100/100\n|switch|p2a: Okidogi|Okidogi, M|100/100\n|switch|p2b: Raging Bolt|Raging Bolt|100/100\n|turn|1\n|inactive|samu4846 has 120 seconds left.\n|inactive|yudeshuang has 120 seconds left.\n|inactive|samu4846 has 90 seconds left.\n|j| no1unovafand\n|inactive|samu4846 has 60 seconds left.\n|\n|t:|1771161986\n|move|p1a: Thundurus|Eerie Impulse|p2b: Raging Bolt\n|-unboost|p2b: Raging Bolt|spa|2\n|move|p1b: Landorus|Earth Power|p2a: Okidogi\n|-supereffective|p2a: Okidogi\n|-damage|p2a: Okidogi|0 fnt\n|faint|p2a: Okidogi\n|move|p2b: Raging Bolt|Volt Switch|p1a: Thundurus\n|-damage|p1a: Thundurus|79/100\n|inactive|samu4846 has 60 seconds left.\n|\n|t:|1771162000\n|-end|p2b: Raging Bolt|Protosynthesis|[silent]\n|switch|p2b: Chien-Pao|Chien-Pao|100/100|[from] Volt Switch\n|-ability|p2b: Chien-Pao|Sword of Ruin\n|\n|upkeep\n|\n|t:|1771162001\n|switch|p2a: Ogerpon|Ogerpon-Hearthflame, F|100/100\n|-ability|p2a: Ogerpon|Mold Breaker\n|turn|2\n|\n|t:|1771162038\n|switch|p2b: Torkoal|Torkoal, M, shiny|100/100\n|-weather|SunnyDay|[from] ability: Drought|[of] p2b: Torkoal\n|move|p1b: Landorus|Protect|p1b: Landorus\n|-singleturn|p1b: Landorus|Protect\n|move|p1a: Thundurus|Thunder Wave|p2a: Ogerpon|[miss]\n|-miss|p1a: Thundurus|p2a: Ogerpon\n|move|p2a: Ogerpon|Ivy Cudgel|p1a: Thundurus|[anim] Ivy Cudgel Fire\n|-crit|p1a: Thundurus\n|-damage|p1a: Thundurus|0 fnt\n|faint|p1a: Thundurus\n|\n|-weather|SunnyDay|[upkeep]\n|upkeep\n|inactive|yudeshuang has 120 seconds left.\n|\n|t:|1771162064\n|switch|p1a: Gouging Fire|Gouging Fire|100/100\n|-activate|p1a: Gouging Fire|ability: Protosynthesis\n|-start|p1a: Gouging Fire|protosynthesisspe\n|turn|3\n|inactive|samu4846 has 90 seconds left.\n|\n|t:|1771162076\n|-terastallize|p2a: Ogerpon|Fire\n|detailschange|p2a: Ogerpon|Ogerpon-Hearthflame-Tera, F, tera:Fire\n|-ability|p2a: Ogerpon|Embody Aspect (Hearthflame)|boost\n|-boost|p2a: Ogerpon|atk|1\n|move|p1b: Landorus|Protect||[still]\n|-fail|p1b: Landorus\n|move|p1a: Gouging Fire|Breaking Swipe|p2b: Torkoal|[spread] p2a,p2b\n|-damage|p2a: Ogerpon|77/100\n|-damage|p2b: Torkoal|87/100\n|-unboost|p2a: Ogerpon|atk|1\n|-unboost|p2b: Torkoal|atk|1\n|move|p2a: Ogerpon|Solar Blade||[still]\n|-prepare|p2a: Ogerpon|Solar Blade\n|-anim|p2a: Ogerpon|Solar Blade|p1b: Landorus\n|-damage|p1b: Landorus|9/100\n|move|p2b: Torkoal|Earth Power|p1a: Gouging Fire\n|-supereffective|p1a: Gouging Fire\n|-damage|p1a: Gouging Fire|56/100\n|\n|-weather|SunnyDay|[upkeep]\n|upkeep\n|turn|4\n|inactive|yudeshuang has 120 seconds left.\n|\n|t:|1771162110\n|move|p1b: Landorus|Protect|p1b: Landorus\n|-singleturn|p1b: Landorus|Protect\n|move|p1a: Gouging Fire|Breaking Swipe|p2a: Ogerpon|[spread] p2a,p2b\n|-damage|p2a: Ogerpon|56/100\n|-damage|p2b: Torkoal|74/100\n|-unboost|p2a: Ogerpon|atk|1\n|-unboost|p2b: Torkoal|atk|1\n|move|p2a: Ogerpon|Ivy Cudgel|p1a: Gouging Fire|[anim] Ivy Cudgel Fire\n|-resisted|p1a: Gouging Fire\n|-damage|p1a: Gouging Fire|41/100\n|move|p2b: Torkoal|Eruption|p1b: Landorus|[spread] p1a\n|-activate|p1b: Landorus|move: Protect\n|-resisted|p1a: Gouging Fire\n|-damage|p1a: Gouging Fire|29/100\n|\n|-weather|SunnyDay|[upkeep]\n|upkeep\n|turn|5\n|j| Ruby4\n|inactive|yudeshuang has 120 seconds left.\n|\n|t:|1771162136\n|switch|p1b: Dragonite|Dragonite, M|100/100\n|move|p1a: Gouging Fire|Breaking Swipe|p2a: Ogerpon|[spread] p2a,p2b\n|-damage|p2a: Ogerpon|34/100\n|-damage|p2b: Torkoal|62/100\n|-unboost|p2a: Ogerpon|atk|1\n|-unboost|p2b: Torkoal|atk|1\n|move|p2a: Ogerpon|Ivy Cudgel|p1b: Dragonite|[anim] Ivy Cudgel Fire\n|-resisted|p1b: Dragonite\n|-damage|p1b: Dragonite|83/100\n|move|p2b: Torkoal|Earth Power|p1a: Gouging Fire\n|-supereffective|p1a: Gouging Fire\n|-damage|p1a: Gouging Fire|0 fnt\n|faint|p1a: Gouging Fire\n|-end|p1a: Gouging Fire|Protosynthesis|[silent]\n|\n|-weather|SunnyDay|[upkeep]\n|upkeep\n|inactive|yudeshuang has 120 seconds left.\n|\n|t:|1771162156\n|switch|p1a: Chien-Pao|Chien-Pao|100/100\n|-ability|p1a: Chien-Pao|Sword of Ruin\n|turn|6\n|inactive|yudeshuang has 120 seconds left.\n|\n|t:|1771162182\n|switch|p2a: Hoopa|Hoopa-Unbound|100/100\n|switch|p2b: Raging Bolt|Raging Bolt|100/100\n|-activate|p2b: Raging Bolt|ability: Protosynthesis\n|-start|p2b: Raging Bolt|protosynthesisspa\n|move|p1a: Chien-Pao|Icicle Crash|p2b: Raging Bolt\n|-supereffective|p2b: Raging Bolt\n|-damage|p2b: Raging Bolt|9/100\n|move|p1b: Dragonite|Scale Shot|p2a: Hoopa\n|-damage|p2a: Hoopa|75/100\n|-damage|p2a: Hoopa|50/100\n|-damage|p2a: Hoopa|24/100\n|-damage|p2a: Hoopa|0 fnt\n|faint|p2a: Hoopa\n|-hitcount|p2: Hoopa|4\n|-unboost|p1b: Dragonite|def|1\n|-boost|p1b: Dragonite|spe|1\n|\n|-weather|SunnyDay|[upkeep]\n|upkeep\n|inactive|samu4846 has 120 seconds left.\n|l| Ruby4\n|\n|t:|1771162206\n|switch|p2a: Ogerpon|Ogerpon-Hearthflame-Tera, F, tera:Fire|34/100\n|-ability|p2a: Ogerpon|Embody Aspect (Hearthflame)|boost\n|-boost|p2a: Ogerpon|atk|1\n|turn|7\n|\n|t:|1771162220\n|move|p2a: Ogerpon|Spiky Shield|p2a: Ogerpon\n|-singleturn|p2a: Ogerpon|move: Protect\n|move|p1b: Dragonite|Extreme Speed|p2a: Ogerpon\n|-activate|p2a: Ogerpon|move: Protect\n|-damage|p1b: Dragonite|71/100|[from] Spiky Shield|[of] p2a: Ogerpon\n|move|p1a: Chien-Pao|Sucker Punch|p2b: Raging Bolt\n|-damage|p2b: Raging Bolt|0 fnt\n|faint|p2b: Raging Bolt\n|-end|p2b: Raging Bolt|Protosynthesis|[silent]\n|\n|-weather|SunnyDay|[upkeep]\n|upkeep\n|\n|t:|1771162235\n|switch|p2b: Chien-Pao|Chien-Pao|100/100\n|-ability|p2b: Chien-Pao|Sword of Ruin\n|turn|8\n|\n|t:|1771162262\n|switch|p2a: Torkoal|Torkoal, M, shiny|62/100\n|-terastallize|p1b: Dragonite|Steel\n|move|p1b: Dragonite|Extreme Speed|p2a: Torkoal\n|-damage|p2a: Torkoal|34/100\n|move|p2b: Chien-Pao|Sacred Sword|p1a: Chien-Pao\n|-supereffective|p1a: Chien-Pao\n|-enditem|p1a: Chien-Pao|Focus Sash\n|-damage|p1a: Chien-Pao|1/100\n|move|p1a: Chien-Pao|Sacred Sword|p2b: Chien-Pao\n|-supereffective|p2b: Chien-Pao\n|-enditem|p2b: Chien-Pao|Focus Sash\n|-damage|p2b: Chien-Pao|1/100\n|\n|-weather|SunnyDay|[upkeep]\n|upkeep\n|turn|9\n|inactive|yudeshuang has 120 seconds left.\n|\n|t:|1771162300\n|move|p1b: Dragonite|Extreme Speed|p2b: Chien-Pao\n|-damage|p2b: Chien-Pao|0 fnt\n|faint|p2b: Chien-Pao\n|move|p1a: Chien-Pao|Sucker Punch|p2a: Torkoal\n|-damage|p2a: Torkoal|1/100\n|move|p2a: Torkoal|Eruption|p1b: Dragonite|[spread] p1a,p1b\n|-supereffective|p1a: Chien-Pao\n|-supereffective|p1b: Dragonite\n|-damage|p1a: Chien-Pao|0 fnt\n|-damage|p1b: Dragonite|69/100\n|faint|p1a: Chien-Pao\n|\n|-weather|none\n|upkeep\n|inactive|samu4846 has 120 seconds left.\n|l|☆samu4846\n|inactive|samu4846 disconnected and has a minute to reconnect!\n|player|p2|\n|inactive|samu4846 has 30 seconds to reconnect!\n|inactive|samu4846 has 20 seconds to reconnect!\n|inactive|samu4846 has 15 seconds to reconnect!\n|inactive|samu4846 has 10 seconds to reconnect!\n|inactive|samu4846 has 5 seconds to reconnect!\n|-message|samu4846 lost due to inactivity.\n|\n|win|yudeshuang\n|raw|yudeshuang's rating: 1573 &rarr; <strong>1594</strong><br />(+21 for winning)\n|raw|samu4846's rating: 1597 &rarr; <strong>1576</strong><br />(-21 for losing)\n|l| no1unovafand\n|l|☆yudeshuang\n|player|p1|\n", "uploadtime": 1771162746, "views": 13, "formatid": "gen9doublesou", "rating": 1576, "private": 0, "password": null}