{"id": "gen9doublesou-2540274332", "format": "[Gen 9] Doubles OU", "players": ["Jon Mateo", "oliverthebush"], "log": "|j|☆Jon Mateo\n|j|☆oliverthebush\n|t:|1771183406\n|gametype|doubles\n|player|p1|Jon Mateo|265|1517\n|player|p2|oliverthebush|266|1533\n|gen|9\n|tier|[Gen 9] Doubles OU\n|rated|\n|rule|HP Percentage Mod: HP is shown in percentages\n|rule|Endless Battle Clause: Forcing endless battles is banned\n|rule|Species Clause: Limit one of each Pokémon\n|rule|OHKO Clause: OHKO moves are banned\n|rule|Evasion Moves Clause: Evasion moves are banned\n|rule|Gravity Sleep Clause: The combination of sleep-inducing moves with imperfect accuracy and Gravity or Gigantamax Orbeetle are banned\n|rule|Evasion Abilities Clause: Evasion abilities are banned\n|clearpoke\n|poke|p1|Kleavor, M|\n|poke|p1|Kingdra, F|\n|poke|p1|Shiftry, M|\n|poke|p1|Chi-Yu|\n|poke|p1|Tinkaton, F|\n|poke|p1|Zapdos|\n|poke|p2|Chi-Yu|\n|poke|p2|Scrafty, F|\n|poke|p2|Torkoal, M|\n|poke|p2|Walking Wake|\n|poke|p2|Whimsicott, F|\n|poke|p2|Glimmora, M|\n|teampreview\n|\n|t:|1771183412\n|teamsize|p1|6\n|teamsize|p2|6\n|start\n|switch|p1a: Kingdra|Kingdra, F|100/100\n|switch|p1b: Tinkaton|Tinkaton, F|100/100\n|switch|p2a: Torkoal|Torkoal, M|100/100\n|switch|p2b: Glimmora|Glimmora, M|100/100\n|-weather|SunnyDay|[from] ability: Drought|[of] p2a: Torkoal\n|turn|1\n|inactive|Battle timer is ON: inactive players will automatically lose when time's up. (requested by oliverthebush)\n|inactive|Jon Mateo has 120 seconds left.\n|inactive|Jon Mateo has 90 seconds left.\n|\n|t:|1771183476\n|move|p1b: Tinkaton|Fake Out|p2a: Torkoal\n|-damage|p2a: Torkoal|93/100\n|move|p2b: Glimmora|Stealth Rock|p1b: Tinkaton\n|-sidestart|p1: Jon Mateo|move: Stealth Rock\n|move|p1a: Kingdra|Muddy Water|p2a: Torkoal|[spread] p2a,p2b\n|-supereffective|p2a: Torkoal\n|-supereffective|p2b: Glimmora\n|-damage|p2a: Torkoal|51/100\n|-damage|p2b: Glimmora|63/100\n|-unboost|p2a: Torkoal|accuracy|1\n|cant|p2a: Torkoal|flinch\n|\n|-weather|SunnyDay|[upkeep]\n|upkeep\n|turn|2\n|j| punyakoko\n|\n|t:|1771183487\n|switch|p1b: Chi-Yu|Chi-Yu|100/100\n|-damage|p1b: Chi-Yu|76/100|[from] Stealth Rock\n|-ability|p1b: Chi-Yu|Beads of Ruin\n|move|p2b: Glimmora|Earth Power|p1b: Chi-Yu\n|-supereffective|p1b: Chi-Yu\n|-damage|p1b: Chi-Yu|2/100\n|move|p1a: Kingdra|Muddy Water|p2b: Glimmora|[spread] p2a,p2b\n|-supereffective|p2a: Torkoal\n|-supereffective|p2b: Glimmora\n|-crit|p2b: Glimmora\n|-damage|p2a: Torkoal|0 fnt\n|-damage|p2b: Glimmora|0 fnt\n|faint|p2a: Torkoal\n|faint|p2b: Glimmora\n|\n|-weather|SunnyDay|[upkeep]\n|upkeep\n|\n|t:|1771183500\n|switch|p2b: Walking Wake|Walking Wake|100/100\n|switch|p2a: Scrafty|Scrafty, F|100/100\n|-ability|p2a: Scrafty|Intimidate|boost\n|-unboost|p1a: Kingdra|atk|1\n|-unboost|p1b: Chi-Yu|atk|1\n|-activate|p2b: Walking Wake|ability: Protosynthesis\n|-start|p2b: Walking Wake|protosynthesisspa\n|turn|3\n|inactive|Jon Mateo has 120 seconds left.\n|inactive|Jon Mateo has 90 seconds left.\n|\n|t:|1771183586\n|-end|p2b: Walking Wake|Protosynthesis|[silent]\n|switch|p2b: Whimsicott|Whimsicott, F|100/100\n|move|p2a: Scrafty|Fake Out|p1b: Chi-Yu\n|-damage|p1b: Chi-Yu|0 fnt\n|faint|p1b: Chi-Yu\n|move|p1a: Kingdra|Yawn|p2b: Whimsicott\n|-start|p2b: Whimsicott|move: Yawn|[of] p1a: Kingdra\n|\n|-weather|SunnyDay|[upkeep]\n|upkeep\n|\n|t:|1771183591\n|switch|p1b: Tinkaton|Tinkaton, F|100/100\n|-damage|p1b: Tinkaton|94/100|[from] Stealth Rock\n|turn|4\n|inactive|Jon Mateo has 90 seconds left.\n|inactive|oliverthebush has 120 seconds left.\n|\n|t:|1771183625\n|move|p2b: Whimsicott|Tailwind|p2b: Whimsicott\n|-sidestart|p2: oliverthebush|move: Tailwind\n|move|p2a: Scrafty|Knock Off|p1a: Kingdra\n|-damage|p1a: Kingdra|52/100\n|-enditem|p1a: Kingdra|Leftovers|[from] move: Knock Off|[of] p2a: Scrafty\n|move|p1b: Tinkaton|Play Rough|p2a: Scrafty\n|-supereffective|p2a: Scrafty\n|-damage|p2a: Scrafty|0 fnt\n|faint|p2a: Scrafty\n|move|p1a: Kingdra|Icy Wind|p2b: Whimsicott\n|-supereffective|p2b: Whimsicott\n|-damage|p2b: Whimsicott|62/100\n|-unboost|p2b: Whimsicott|spe|1\n|\n|-weather|SunnyDay|[upkeep]\n|-end|p2b: Whimsicott|move: Yawn|[silent]\n|-status|p2b: Whimsicott|slp\n|upkeep\n|inactive|oliverthebush has 120 seconds left.\n|\n|t:|1771183633\n|switch|p2a: Walking Wake|Walking Wake|100/100\n|-activate|p2a: Walking Wake|ability: Protosynthesis\n|-start|p2a: Walking Wake|protosynthesisspa\n|turn|5\n|inactive|Jon Mateo has 90 seconds left.\n|\n|t:|1771183673\n|move|p1b: Tinkaton|Protect|p1b: Tinkaton\n|-singleturn|p1b: Tinkaton|Protect\n|cant|p2b: Whimsicott|slp\n|move|p2a: Walking Wake|Dragon Pulse|p1a: Kingdra\n|-supereffective|p1a: Kingdra\n|-damage|p1a: Kingdra|0 fnt\n|faint|p1a: Kingdra\n|\n|-weather|none\n|-end|p2a: Walking Wake|Protosynthesis\n|upkeep\n|\n|t:|1771183680\n|switch|p1a: Zapdos|Zapdos|100/100\n|-damage|p1a: Zapdos|76/100|[from] Stealth Rock\n|turn|6\n|\n|t:|1771183690\n|-terastallize|p1b: Tinkaton|Fairy\n|-curestatus|p2b: Whimsicott|slp|[msg]\n|move|p2b: Whimsicott|Sunny Day|p2b: Whimsicott\n|-weather|SunnyDay\n|-activate|p2a: Walking Wake|ability: Protosynthesis\n|-start|p2a: Walking Wake|protosynthesisspa\n|move|p2a: Walking Wake|Hydro Steam|p1a: Zapdos\n|-damage|p1a: Zapdos|0 fnt\n|faint|p1a: Zapdos\n|move|p1b: Tinkaton|Play Rough|p2a: Walking Wake\n|-supereffective|p2a: Walking Wake\n|-damage|p2a: Walking Wake|1/100\n|-unboost|p2a: Walking Wake|atk|1\n|\n|-weather|SunnyDay|[upkeep]\n|upkeep\n|\n|t:|1771183705\n|switch|p1a: Shiftry|Shiftry, M|100/100\n|-damage|p1a: Shiftry|88/100|[from] Stealth Rock\n|turn|7\n|\n|t:|1771183735\n|move|p2b: Whimsicott|Encore|p1b: Tinkaton\n|-start|p1b: Tinkaton|Encore\n|move|p1a: Shiftry|Sucker Punch|p2a: Walking Wake\n|-damage|p2a: Walking Wake|0 fnt\n|faint|p2a: Walking Wake\n|-end|p2a: Walking Wake|Protosynthesis|[silent]\n|move|p1b: Tinkaton|Play Rough|p2b: Whimsicott\n|-damage|p2b: Whimsicott|10/100\n|-unboost|p2b: Whimsicott|atk|1\n|\n|-weather|SunnyDay|[upkeep]\n|-sideend|p2: oliverthebush|move: Tailwind\n|upkeep\n|\n|t:|1771183739\n|switch|p2a: Chi-Yu|Chi-Yu|100/100\n|-ability|p2a: Chi-Yu|Beads of Ruin\n|turn|8\n|\n|t:|1771183759\n|-terastallize|p2a: Chi-Yu|Fire\n|move|p1a: Shiftry|Sucker Punch||[still]\n|-fail|p1a: Shiftry\n|move|p2b: Whimsicott|Tailwind|p2b: Whimsicott\n|-sidestart|p2: oliverthebush|move: Tailwind\n|move|p2a: Chi-Yu|Heat Wave|p1b: Tinkaton|[spread] \n|-ability|p1a: Shiftry|Wind Rider|boost\n|-boost|p1a: Shiftry|atk|1\n|-miss|p2a: Chi-Yu|p1b: Tinkaton\n|move|p1b: Tinkaton|Play Rough|p2a: Chi-Yu\n|-resisted|p2a: Chi-Yu\n|-damage|p2a: Chi-Yu|60/100\n|\n|-weather|SunnyDay|[upkeep]\n|upkeep\n|turn|9\n|-message|oliverthebush forfeited.\n|\n|win|Jon Mateo\n|raw|Jon Mateo's rating: 1517 &rarr; <strong>1538</strong><br />(+21 for winning)\n|raw|oliverthebush's rating: 1533 &rarr; <strong>1512</strong><br />(-21 for losing)\n|l|☆Jon Mateo\n|player|p1|\n|l|☆oliverthebush\n|player|p2|\n|l| punyakoko\n", "uploadtime": 1771184088, "views": 12, "formatid": "gen9doublesou", "rating": 1512, "private": 0, "password": null}