{"id": "gen9doublesou-2540164148", "format": "[Gen 9] Doubles OU", "players": ["Kochu_shak", "sceptileenjoyer00"], "log": "|badge|p1|bronze|gen9doublesou|100-8\n|uhtml|medal-msg|<div class=\"broadcast-blue\">Curious what those medals under the avatar are? PS now has Ladder Seasons! For more information, check out the <a href=\"https://www.smogon.com/forums/threads/3740067/\">thread on Smogon.</a></div>\n|j|☆Kochu_shak\n|j|☆sceptileenjoyer00\n|t:|1771170640\n|gametype|doubles\n|player|p1|Kochu_shak|1|1817\n|player|p2|sceptileenjoyer00|169|1588\n|gen|9\n|tier|[Gen 9] Doubles OU\n|rated|\n|rule|HP Percentage Mod: HP is shown in percentages\n|rule|Endless Battle Clause: Forcing endless battles is banned\n|rule|Species Clause: Limit one of each Pokémon\n|rule|OHKO Clause: OHKO moves are banned\n|rule|Evasion Moves Clause: Evasion moves are banned\n|rule|Gravity Sleep Clause: The combination of sleep-inducing moves with imperfect accuracy and Gravity or Gigantamax Orbeetle are banned\n|rule|Evasion Abilities Clause: Evasion abilities are banned\n|clearpoke\n|poke|p1|Ogerpon-Wellspring, F|\n|poke|p1|Glimmora, F|\n|poke|p1|Tornadus, M|\n|poke|p1|Landorus, M|\n|poke|p1|Kingambit, M|\n|poke|p1|Chi-Yu|\n|poke|p2|Tyranitar, F|\n|poke|p2|Flamigo, F|\n|poke|p2|Dragapult, F|\n|poke|p2|Whimsicott, M|\n|poke|p2|Grimmsnarl, M|\n|poke|p2|Houndstone, M|\n|teampreview\n|\n|t:|1771170661\n|teamsize|p1|6\n|teamsize|p2|6\n|start\n|switch|p1a: Landorus|Landorus, M, shiny|100/100\n|switch|p1b: Glimmora|Glimmora, F, shiny|100/100\n|switch|p2a: Dragapult|Dragapult, F, shiny|100/100\n|switch|p2b: Grimmsnarl|Grimmsnarl, M|100/100\n|turn|1\n|\n|t:|1771170684\n|move|p2b: Grimmsnarl|Fake Out|p1b: Glimmora\n|-resisted|p1b: Glimmora\n|-damage|p1b: Glimmora|94/100\n|-activate|p1b: Glimmora|ability: Toxic Debris\n|-sidestart|p2: sceptileenjoyer00|move: Toxic Spikes\n|move|p2a: Dragapult|Dragon Dance|p2a: Dragapult\n|-boost|p2a: Dragapult|atk|1\n|-boost|p2a: Dragapult|spe|1\n|move|p1a: Landorus|Sandsear Storm|p2a: Dragapult|[spread] p2a,p2b\n|-damage|p2a: Dragapult|28/100\n|-damage|p2b: Grimmsnarl|38/100\n|cant|p1b: Glimmora|flinch\n|\n|upkeep\n|turn|2\n|\n|t:|1771170698\n|move|p1a: Landorus|Protect|p1a: Landorus\n|-singleturn|p1a: Landorus|Protect\n|move|p2b: Grimmsnarl|Swagger|p2a: Dragapult|[miss]\n|-miss|p2b: Grimmsnarl|p2a: Dragapult\n|move|p2a: Dragapult|Acrobatics|p1a: Landorus\n|-activate|p1a: Landorus|move: Protect\n|move|p1b: Glimmora|Meteor Beam||[still]\n|-prepare|p1b: Glimmora|Meteor Beam\n|-boost|p1b: Glimmora|spa|1\n|-enditem|p1b: Glimmora|Power Herb\n|-anim|p1b: Glimmora|Meteor Beam|p2a: Dragapult\n|-damage|p2a: Dragapult|0 fnt\n|faint|p2a: Dragapult\n|\n|upkeep\n|\n|t:|1771170714\n|switch|p2a: Tyranitar|Tyranitar, F|100/100\n|-status|p2a: Tyranitar|psn\n|-weather|Sandstorm|[from] ability: Sand Stream|[of] p2a: Tyranitar\n|turn|3\n|\n|t:|1771170731\n|move|p2b: Grimmsnarl|Parting Shot|p1a: Landorus\n|-unboost|p1a: Landorus|atk|1\n|-unboost|p1a: Landorus|spa|1\n|\n|t:|1771170734\n|switch|p2b: Whimsicott|Whimsicott, M, shiny|100/100|[from] Parting Shot\n|-status|p2b: Whimsicott|psn\n|move|p1a: Landorus|Sandsear Storm|p2b: Whimsicott|[spread] p2b\n|-miss|p1a: Landorus|p2a: Tyranitar\n|-resisted|p2b: Whimsicott\n|-damage|p2b: Whimsicott|75/100 psn\n|move|p1b: Glimmora|Earth Power|p2a: Tyranitar\n|-supereffective|p2a: Tyranitar\n|-damage|p2a: Tyranitar|40/100 psn\n|-enditem|p2a: Tyranitar|Weakness Policy\n|-boost|p2a: Tyranitar|atk|2|[from] item: Weakness Policy\n|-boost|p2a: Tyranitar|spa|2|[from] item: Weakness Policy\n|move|p2a: Tyranitar|Iron Head|p1b: Glimmora\n|-supereffective|p1b: Glimmora\n|-damage|p1b: Glimmora|0 fnt\n|-activate|p1b: Glimmora|ability: Toxic Debris\n|-sidestart|p2: sceptileenjoyer00|move: Toxic Spikes\n|faint|p1b: Glimmora\n|\n|-weather|Sandstorm|[upkeep]\n|-damage|p2b: Whimsicott|69/100 psn|[from] Sandstorm\n|-damage|p2b: Whimsicott|56/100 psn|[from] psn\n|-damage|p2a: Tyranitar|28/100 psn|[from] psn\n|upkeep\n|\n|t:|1771170740\n|switch|p1b: Chi-Yu|Chi-Yu|100/100\n|-ability|p1b: Chi-Yu|Beads of Ruin\n|turn|4\n|\n|t:|1771170759\n|move|p2b: Whimsicott|Tailwind|p2b: Whimsicott\n|-sidestart|p2: sceptileenjoyer00|move: Tailwind\n|move|p2a: Tyranitar|Rock Slide|p1b: Chi-Yu|[spread] p1a,p1b\n|-supereffective|p1b: Chi-Yu\n|-damage|p1a: Landorus|18/100\n|-damage|p1b: Chi-Yu|0 fnt\n|faint|p1b: Chi-Yu\n|cant|p1a: Landorus|flinch\n|\n|-weather|Sandstorm|[upkeep]\n|-damage|p2b: Whimsicott|50/100 psn|[from] Sandstorm\n|-damage|p2b: Whimsicott|38/100 psn|[from] psn\n|-damage|p2a: Tyranitar|15/100 psn|[from] psn\n|upkeep\n|\n|t:|1771170769\n|switch|p1b: Tornadus|Tornadus, M, shiny|100/100\n|turn|5\n|\n|t:|1771170783\n|switch|p2b: Flamigo|Flamigo, F|100/100\n|-copyboost|p2b: Flamigo|p2a: Tyranitar|[from] ability: Costar\n|move|p1b: Tornadus|Tailwind|p1b: Tornadus\n|-sidestart|p1: Kochu_shak|move: Tailwind\n|move|p1a: Landorus|Sandsear Storm|p2b: Flamigo|[spread] p2a\n|-immune|p2b: Flamigo\n|-supereffective|p2a: Tyranitar\n|-damage|p2a: Tyranitar|0 fnt\n|faint|p2a: Tyranitar\n|\n|-weather|Sandstorm|[upkeep]\n|-damage|p1b: Tornadus|94/100|[from] Sandstorm\n|upkeep\n|\n|t:|1771170795\n|switch|p2a: Grimmsnarl|Grimmsnarl, M|38/100\n|-status|p2a: Grimmsnarl|tox\n|turn|6\n|\n|t:|1771170806\n|move|p1b: Tornadus|Protect|p1b: Tornadus\n|-singleturn|p1b: Tornadus|Protect\n|move|p1a: Landorus|Protect|p1a: Landorus\n|-singleturn|p1a: Landorus|Protect\n|move|p2a: Grimmsnarl|Fake Out|p1b: Tornadus\n|-activate|p1b: Tornadus|move: Protect\n|move|p2b: Flamigo|Brave Bird|p1a: Landorus\n|-activate|p1a: Landorus|move: Protect\n|\n|-weather|Sandstorm|[upkeep]\n|-damage|p1b: Tornadus|88/100|[from] Sandstorm\n|-damage|p2a: Grimmsnarl|31/100 tox|[from] Sandstorm\n|-damage|p2a: Grimmsnarl|25/100 tox|[from] psn\n|upkeep\n|turn|7\n|\n|t:|1771170820\n|-terastallize|p1a: Landorus|Poison\n|move|p2a: Grimmsnarl|Parting Shot|p1a: Landorus\n|-unboost|p1a: Landorus|atk|1\n|-unboost|p1a: Landorus|spa|1\n|\n|t:|1771170828\n|switch|p2a: Whimsicott|Whimsicott, M, shiny|38/100 psn|[from] Parting Shot\n|move|p1a: Landorus|Sludge Bomb|p2b: Flamigo\n|-damage|p2b: Flamigo|44/100\n|move|p2b: Flamigo|Brave Bird|p1b: Tornadus\n|-damage|p1b: Tornadus|0 fnt\n|faint|p1b: Tornadus\n|-damage|p2b: Flamigo|10/100|[from] Recoil\n|\n|-weather|none\n|-damage|p2a: Whimsicott|26/100 psn|[from] psn\n|-sideend|p2: sceptileenjoyer00|move: Tailwind\n|upkeep\n|\n|t:|1771170837\n|switch|p1b: Ogerpon|Ogerpon-Wellspring, F|100/100\n|turn|8\n|\n|t:|1771170846\n|move|p2b: Flamigo|Protect|p2b: Flamigo\n|-singleturn|p2b: Flamigo|Protect\n|move|p2a: Whimsicott|Tailwind|p2a: Whimsicott\n|-sidestart|p2: sceptileenjoyer00|move: Tailwind\n|move|p1b: Ogerpon|Ivy Cudgel|p2a: Whimsicott|[anim] Ivy Cudgel Water\n|-resisted|p2a: Whimsicott\n|-damage|p2a: Whimsicott|2/100 psn\n|move|p1a: Landorus|Sludge Bomb|p2b: Flamigo\n|-activate|p2b: Flamigo|move: Protect\n|\n|-damage|p2a: Whimsicott|0 fnt|[from] psn\n|faint|p2a: Whimsicott\n|-sideend|p1: Kochu_shak|move: Tailwind\n|upkeep\n|\n|t:|1771170858\n|switch|p2a: Grimmsnarl|Grimmsnarl, M|25/100 tox\n|turn|9\n|\n|t:|1771170871\n|move|p1b: Ogerpon|Spiky Shield|p1b: Ogerpon\n|-singleturn|p1b: Ogerpon|move: Protect\n|move|p1a: Landorus|Protect|p1a: Landorus\n|-singleturn|p1a: Landorus|Protect\n|move|p2a: Grimmsnarl|Fake Out|p1b: Ogerpon\n|-activate|p1b: Ogerpon|move: Protect\n|-damage|p2a: Grimmsnarl|13/100 tox|[from] Spiky Shield|[of] p1b: Ogerpon\n|move|p2b: Flamigo|Close Combat|p1a: Landorus\n|-activate|p1a: Landorus|move: Protect\n|\n|-damage|p2a: Grimmsnarl|6/100 tox|[from] psn\n|upkeep\n|turn|10\n|\n|t:|1771170901\n|move|p2b: Flamigo|Close Combat|p1a: Landorus\n|-resisted|p1a: Landorus\n|-damage|p1a: Landorus|0 fnt\n|-unboost|p2b: Flamigo|def|1\n|-unboost|p2b: Flamigo|spd|1\n|faint|p1a: Landorus\n|move|p1b: Ogerpon|Ivy Cudgel|p2b: Flamigo|[anim] Ivy Cudgel Water\n|-crit|p2b: Flamigo\n|-damage|p2b: Flamigo|0 fnt\n|faint|p2b: Flamigo\n|move|p2a: Grimmsnarl|Spirit Break|p1b: Ogerpon\n|-damage|p1b: Ogerpon|64/100\n|-unboost|p1b: Ogerpon|spa|1\n|\n|-damage|p2a: Grimmsnarl|0 fnt|[from] psn\n|faint|p2a: Grimmsnarl\n|upkeep\n|inactive|Battle timer is ON: inactive players will automatically lose when time's up. (requested by Kochu_shak)\n|\n|t:|1771170918\n|switch|p1a: Kingambit|Kingambit, M, shiny|100/100\n|switch|p2b: Houndstone|Houndstone, M|100/100\n|-status|p2b: Houndstone|tox\n|turn|11\n|\n|t:|1771170931\n|-terastallize|p2b: Houndstone|Normal\n|move|p1b: Ogerpon|Follow Me|p1b: Ogerpon\n|-singleturn|p1b: Ogerpon|move: Follow Me\n|move|p2b: Houndstone|Last Respects|p1b: Ogerpon\n|-damage|p1b: Ogerpon|0 fnt\n|faint|p1b: Ogerpon\n|move|p1a: Kingambit|Kowtow Cleave|p2b: Houndstone\n|-damage|p2b: Houndstone|40/100 tox\n|\n|-damage|p2b: Houndstone|34/100 tox|[from] psn\n|-sideend|p2: sceptileenjoyer00|move: Tailwind\n|upkeep\n|turn|12\n|\n|t:|1771170943\n|move|p1a: Kingambit|Sucker Punch|p2b: Houndstone\n|-damage|p2b: Houndstone|0 fnt\n|faint|p2b: Houndstone\n|\n|win|Kochu_shak\n|raw|Kochu_shak's rating: 1817 &rarr; <strong>1825</strong><br />(+8 for winning)\n|raw|sceptileenjoyer00's rating: 1588 &rarr; <strong>1580</strong><br />(-8 for losing)\n|l|☆sceptileenjoyer00\n|player|p2|\n", "uploadtime": 1771171129, "views": 11, "formatid": "gen9doublesou", "rating": 1580, "private": 0, "password": null}