{"id": "gen9doublesou-2640031088", "format": "[Gen 9] Doubles OU", "players": ["kanuop", "hakoryu"], "log": "|j|☆kanuop\n|j|☆hakoryu\n|t:|1782566855\n|gametype|doubles\n|player|p1|kanuop|biker|1533\n|player|p2|hakoryu|valerie|1644\n|gen|9\n|tier|[Gen 9] Doubles OU\n|rated|\n|rule|HP Percentage Mod: HP is shown in percentages\n|rule|Endless Battle Clause: Forcing endless battles is banned\n|rule|Species Clause: Limit one of each Pokémon\n|rule|OHKO Clause: OHKO moves are banned\n|rule|Evasion Moves Clause: Evasion moves are banned\n|rule|Gravity Sleep Clause: The combination of sleep-inducing moves with imperfect accuracy and Gravity or Gigantamax Orbeetle are banned\n|rule|Evasion Abilities Clause: Evasion abilities are banned\n|clearpoke\n|poke|p1|Ursaluna, M|\n|poke|p1|Incineroar, F|\n|poke|p1|Bronzong|\n|poke|p1|Sinistcha|\n|poke|p1|Ogerpon-Wellspring, F|\n|poke|p1|Raging Bolt|\n|poke|p2|Electrode-Hisui|\n|poke|p2|Comfey, F|\n|poke|p2|Okidogi, M|\n|poke|p2|Rillaboom, F|\n|poke|p2|Moltres-Galar|\n|poke|p2|Ogerpon-Hearthflame, F|\n|teampreview\n|inactive|Battle timer is ON: inactive players will automatically lose when time's up. (requested by kanuop)\n|j| ZeeRequiem\n|\n|t:|1782566871\n|teamsize|p1|6\n|teamsize|p2|6\n|start\n|switch|p1a: Leave|Incineroar, F, shiny|100/100\n|switch|p1b: Blue|Bronzong, shiny|100/100\n|switch|p2a: Electrode|Electrode-Hisui|100/100\n|switch|p2b: Okidogi|Okidogi, M|100/100\n|-ability|p1a: Leave|Intimidate|boost\n|-unboost|p2a: Electrode|atk|1\n|-ability|p2b: Okidogi|Guard Dog|boost\n|-boost|p2b: Okidogi|atk|1\n|turn|1\n|\n|t:|1782566881\n|move|p2b: Okidogi|Upper Hand|p1a: Leave\n|-supereffective|p1a: Leave\n|-damage|p1a: Leave|2/100\n|cant|p1a: Leave|flinch\n|move|p2a: Electrode|Taunt|p1b: Blue\n|-start|p1b: Blue|move: Taunt\n|cant|p1b: Blue|move: Taunt|Trick Room\n|\n|upkeep\n|turn|2\n|l| ZeeRequiem\n|\n|t:|1782566901\n|switch|p1a: Ghost|Sinistcha, shiny|100/100\n|move|p2a: Electrode|Thunder Wave|p1b: Blue\n|-status|p1b: Blue|par\n|move|p2b: Okidogi|Drain Punch|p1a: Ghost\n|-immune|p1a: Ghost\n|move|p1b: Blue|Body Press|p2a: Electrode\n|-damage|p2a: Electrode|62/100\n|\n|upkeep\n|turn|3\n|\n|t:|1782566920\n|switch|p2b: Moltres|Moltres-Galar|100/100\n|move|p2a: Electrode|Taunt|p1a: Ghost\n|-start|p1a: Ghost|move: Taunt\n|move|p1a: Ghost|Matcha Gotcha|p2a: Electrode|[spread] p2a,p2b\n|-resisted|p2a: Electrode\n|-resisted|p2b: Moltres\n|-damage|p2a: Electrode|43/100\n|-damage|p2b: Moltres|92/100\n|move|p1b: Blue|Body Press|p2a: Electrode\n|-damage|p2a: Electrode|4/100\n|\n|-end|p1b: Blue|move: Taunt\n|upkeep\n|turn|4\n|inactive|kanuop has 120 seconds left.\n|\n|t:|1782566954\n|switch|p1b: Meaningless|Raging Bolt|100/100\n|-enditem|p1b: Meaningless|Booster Energy\n|-activate|p1b: Meaningless|ability: Protosynthesis|[fromitem]\n|-start|p1b: Meaningless|protosynthesisspa\n|move|p2a: Electrode|Taunt|p1b: Meaningless\n|-start|p1b: Meaningless|move: Taunt\n|move|p2b: Moltres|Nasty Plot|p2b: Moltres\n|-boost|p2b: Moltres|spa|2\n|move|p1a: Ghost|Matcha Gotcha|p2b: Moltres|[spread] p2a\n|-miss|p1a: Ghost|p2b: Moltres\n|-resisted|p2a: Electrode\n|-damage|p2a: Electrode|0 fnt\n|faint|p2a: Electrode\n|\n|upkeep\n|\n|t:|1782566964\n|switch|p2a: Okidogi|Okidogi, M|100/100\n|turn|5\n|\n|t:|1782566979\n|move|p2a: Okidogi|Upper Hand|p1b: Meaningless\n|-damage|p1b: Meaningless|77/100\n|cant|p1b: Meaningless|flinch\n|move|p2b: Moltres|Fiery Wrath|p1a: Ghost|[spread] p1a,p1b\n|-supereffective|p1a: Ghost\n|-damage|p1a: Ghost|0 fnt\n|-damage|p1b: Meaningless|21/100\n|faint|p1a: Ghost\n|\n|upkeep\n|\n|t:|1782566990\n|switch|p1a: Blue|Bronzong, shiny|100/100 par\n|turn|6\n|\n|t:|1782567003\n|move|p2a: Okidogi|Upper Hand|p1b: Meaningless\n|-damage|p1b: Meaningless|0 fnt\n|faint|p1b: Meaningless\n|-end|p1b: Meaningless|Protosynthesis|[silent]\n|move|p2b: Moltres|Fiery Wrath|p1a: Blue\n|-supereffective|p1a: Blue\n|-damage|p1a: Blue|0 fnt\n|faint|p1a: Blue\n|\n|upkeep\n|\n|t:|1782567017\n|switch|p1b: Child|Ogerpon-Wellspring, F|100/100\n|switch|p1a: Sandy|Ursaluna, M, shiny|100/100\n|turn|7\n|\n|t:|1782567029\n|-terastallize|p2a: Okidogi|Flying\n|move|p1b: Child|Spiky Shield|p1b: Child\n|-singleturn|p1b: Child|move: Protect\n|move|p2b: Moltres|Protect|p2b: Moltres\n|-singleturn|p2b: Moltres|Protect\n|move|p1a: Sandy|Protect|p1a: Sandy\n|-singleturn|p1a: Sandy|Protect\n|move|p2a: Okidogi|Gunk Shot|p1b: Child\n|-activate|p1b: Child|move: Protect\n|\n|-status|p1a: Sandy|brn|[from] item: Flame Orb\n|upkeep\n|turn|8\n|\n|t:|1782567043\n|move|p1b: Child|Follow Me|p1b: Child\n|-singleturn|p1b: Child|move: Follow Me\n|move|p2b: Moltres|Fiery Wrath|p1a: Sandy|[spread] p1a,p1b\n|-damage|p1a: Sandy|49/100 brn\n|-damage|p1b: Child|39/100\n|move|p2a: Okidogi|Drain Punch|p1b: Child\n|-damage|p1b: Child|0 fnt\n|faint|p1b: Child\n|move|p1a: Sandy|Facade|p2b: Moltres\n|-damage|p2b: Moltres|0 fnt\n|faint|p2b: Moltres\n|\n|-damage|p1a: Sandy|43/100 brn|[from] brn\n|upkeep\n|\n|t:|1782567052\n|switch|p1b: Leave|Incineroar, F, shiny|2/100\n|switch|p2b: Ogerpon|Ogerpon-Hearthflame, F|100/100\n|-ability|p2b: Ogerpon|Mold Breaker\n|-ability|p1b: Leave|Intimidate|boost\n|-ability|p2a: Okidogi|Guard Dog|boost\n|-boost|p2a: Okidogi|atk|1\n|-unboost|p2b: Ogerpon|atk|1\n|turn|9\n|\n|t:|1782567058\n|move|p2a: Okidogi|Upper Hand|p1b: Leave\n|-supereffective|p1b: Leave\n|-damage|p1b: Leave|0 fnt\n|faint|p1b: Leave\n|move|p2b: Ogerpon|Ivy Cudgel|p1a: Sandy|[anim] Ivy Cudgel Fire\n|-damage|p1a: Sandy|17/100 brn\n|move|p1a: Sandy|Facade|p2a: Okidogi\n|-damage|p2a: Okidogi|0 fnt\n|faint|p2a: Okidogi\n|\n|-damage|p1a: Sandy|11/100 brn|[from] brn\n|upkeep\n|\n|t:|1782567061\n|switch|p2a: Comfey|Comfey, F|100/100\n|turn|10\n|-message|kanuop forfeited.\n|\n|win|hakoryu\n|raw|kanuop's rating: 1533 &rarr; <strong>1519</strong><br />(-14 for losing)\n|raw|hakoryu's rating: 1644 &rarr; <strong>1658</strong><br />(+14 for winning)\n|l|☆kanuop\n|player|p1|\n", "uploadtime": 1782567087, "views": 2, "formatid": "gen9doublesou", "rating": 1519, "private": 0, "password": null}