{"id": "gen9doublesou-2540918840", "format": "[Gen 9] Doubles OU", "players": ["NemesisTypeG", "2skyy"], "log": "|j|☆NemesisTypeG\n|j|☆2skyy\n|t:|1771267102\n|gametype|doubles\n|player|p1|NemesisTypeG|266|1530\n|player|p2|2skyy|cynthia-masters4|1570\n|gen|9\n|tier|[Gen 9] Doubles OU\n|rated|\n|rule|HP Percentage Mod: HP is shown in percentages\n|rule|Endless Battle Clause: Forcing endless battles is banned\n|rule|Species Clause: Limit one of each Pokémon\n|rule|OHKO Clause: OHKO moves are banned\n|rule|Evasion Moves Clause: Evasion moves are banned\n|rule|Gravity Sleep Clause: The combination of sleep-inducing moves with imperfect accuracy and Gravity or Gigantamax Orbeetle are banned\n|rule|Evasion Abilities Clause: Evasion abilities are banned\n|clearpoke\n|poke|p1|Weezing, F|\n|poke|p1|Slaking, M|\n|poke|p1|Greninja-*, M|\n|poke|p1|Clefable, F|\n|poke|p1|Zapdos|\n|poke|p1|Ting-Lu|\n|poke|p2|Ninetales-Alola, F|\n|poke|p2|Kingambit, M|\n|poke|p2|Incineroar, M|\n|poke|p2|Ogerpon-Wellspring, F|\n|poke|p2|Landorus, M|\n|poke|p2|Kyurem|\n|teampreview\n|inactive|Battle timer is ON: inactive players will automatically lose when time's up. (requested by 2skyy)\n|\n|t:|1771267140\n|teamsize|p1|6\n|teamsize|p2|6\n|start\n|switch|p1a: Weezing|Weezing, F|100/100\n|switch|p1b: Slaking|Slaking, M|100/100\n|switch|p2a: Ninetales|Ninetales-Alola, F|100/100\n|switch|p2b: Kyurem|Kyurem|100/100\n|-ability|p1a: Weezing|Neutralizing Gas\n|turn|1\n|\n|t:|1771267156\n|move|p2a: Ninetales|Protect|p2a: Ninetales\n|-singleturn|p2a: Ninetales|Protect\n|move|p1b: Slaking|Double-Edge|p2a: Ninetales\n|-activate|p2a: Ninetales|move: Protect\n|move|p2b: Kyurem|Earth Power|p1a: Weezing\n|-supereffective|p1a: Weezing\n|-damage|p1a: Weezing|35/100\n|-enditem|p1a: Weezing|Sitrus Berry|[eat]\n|-heal|p1a: Weezing|59/100|[from] item: Sitrus Berry\n|move|p1a: Weezing|Toxic Spikes|p2a: Ninetales\n|-sidestart|p2: 2skyy|move: Toxic Spikes\n|\n|upkeep\n|turn|2\n|inactive|2skyy has 120 seconds left.\n|\n|t:|1771267198\n|move|p1a: Weezing|Protect|p1a: Weezing\n|-singleturn|p1a: Weezing|Protect\n|move|p2a: Ninetales|Blizzard|p1a: Weezing|[spread] \n|-activate|p1a: Weezing|move: Protect\n|-miss|p2a: Ninetales|p1b: Slaking\n|move|p1b: Slaking|Double-Edge|p2a: Ninetales\n|-damage|p2a: Ninetales|0 fnt\n|faint|p2a: Ninetales\n|-damage|p1b: Slaking|76/100|[from] Recoil\n|-damage|p1b: Slaking|66/100|[from] item: Life Orb\n|move|p2b: Kyurem|Earth Power|p1a: Weezing\n|-activate|p1a: Weezing|move: Protect\n|\n|upkeep\n|\n|t:|1771267209\n|switch|p2a: Incineroar|Incineroar, M|100/100\n|-status|p2a: Incineroar|psn\n|turn|3\n|\n|t:|1771267233\n|-terastallize|p1a: Weezing|Flying\n|move|p1b: Slaking|Protect|p1b: Slaking\n|-singleturn|p1b: Slaking|Protect\n|move|p2a: Incineroar|Fake Out|p1b: Slaking\n|-activate|p1b: Slaking|move: Protect\n|move|p2b: Kyurem|Earth Power|p1a: Weezing\n|-immune|p1a: Weezing\n|move|p1a: Weezing|Toxic Spikes|p2b: Kyurem\n|-sidestart|p2: 2skyy|move: Toxic Spikes\n|\n|-damage|p2a: Incineroar|88/100 psn|[from] psn\n|upkeep\n|turn|4\n|\n|t:|1771267250\n|move|p1a: Weezing|Protect|p1a: Weezing\n|-singleturn|p1a: Weezing|Protect\n|move|p1b: Slaking|Double-Edge|p2b: Kyurem\n|-damage|p2b: Kyurem|18/100\n|-damage|p1b: Slaking|41/100|[from] Recoil\n|-damage|p1b: Slaking|31/100|[from] item: Life Orb\n|move|p2b: Kyurem|Freeze-Dry|p1a: Weezing\n|-activate|p1a: Weezing|move: Protect\n|move|p2a: Incineroar|Parting Shot|p1b: Slaking\n|-unboost|p1b: Slaking|atk|1\n|-unboost|p1b: Slaking|spa|1\n|\n|t:|1771267263\n|switch|p2a: Kingambit|Kingambit, M|100/100|[from] Parting Shot\n|\n|upkeep\n|turn|5\n|\n|t:|1771267280\n|switch|p2b: Incineroar|Incineroar, M|88/100 psn\n|move|p1b: Slaking|Double-Edge|p2b: Incineroar\n|-damage|p2b: Incineroar|38/100 psn\n|-enditem|p2b: Incineroar|Sitrus Berry|[eat]\n|-heal|p2b: Incineroar|63/100 psn|[from] item: Sitrus Berry\n|-damage|p1b: Slaking|17/100|[from] Recoil\n|-damage|p1b: Slaking|7/100|[from] item: Life Orb\n|move|p1a: Weezing|Will-O-Wisp|p2a: Kingambit|[miss]\n|-miss|p1a: Weezing|p2a: Kingambit\n|move|p2a: Kingambit|Kowtow Cleave|p1b: Slaking\n|-damage|p1b: Slaking|0 fnt\n|faint|p1b: Slaking\n|\n|-damage|p2b: Incineroar|51/100 psn|[from] psn\n|upkeep\n|\n|t:|1771267296\n|switch|p1b: Greninja|Greninja, M|100/100\n|turn|6\n|\n|t:|1771267308\n|switch|p2b: Ogerpon|Ogerpon-Wellspring, F|100/100\n|-status|p2b: Ogerpon|tox\n|move|p1b: Greninja|Protect|p1b: Greninja\n|-singleturn|p1b: Greninja|Protect\n|move|p2a: Kingambit|Protect|p2a: Kingambit\n|-singleturn|p2a: Kingambit|Protect\n|move|p1a: Weezing|Will-O-Wisp|p2a: Kingambit\n|-activate|p2a: Kingambit|move: Protect\n|\n|-damage|p2b: Ogerpon|94/100 tox|[from] psn\n|upkeep\n|turn|7\n|\n|t:|1771267331\n|move|p1a: Weezing|Protect|p1a: Weezing\n|-singleturn|p1a: Weezing|Protect\n|move|p1b: Greninja|Hydro Pump|p2a: Kingambit|[miss]\n|-miss|p1b: Greninja|p2a: Kingambit\n|move|p2b: Ogerpon|Horn Leech|p1b: Greninja\n|-supereffective|p1b: Greninja\n|-damage|p1b: Greninja|0 fnt\n|-heal|p2b: Ogerpon|100/100 tox|[from] drain|[of] p1b: Greninja\n|faint|p1b: Greninja\n|move|p2a: Kingambit|Swords Dance|p2a: Kingambit\n|-boost|p2a: Kingambit|atk|2\n|\n|-damage|p2b: Ogerpon|88/100 tox|[from] psn\n|upkeep\n|\n|t:|1771267340\n|switch|p1b: Zapdos|Zapdos|100/100\n|turn|8\n|\n|t:|1771267358\n|-end|p1a: Weezing|ability: Neutralizing Gas\n|switch|p1a: Ting-Lu|Ting-Lu|100/100\n|-ability|p1a: Ting-Lu|Vessel of Ruin\n|move|p2b: Ogerpon|Spiky Shield|p2b: Ogerpon\n|-singleturn|p2b: Ogerpon|move: Protect\n|move|p1b: Zapdos|Discharge|p2a: Kingambit|[spread] p2a\n|-activate|p2b: Ogerpon|move: Protect\n|-immune|p1a: Ting-Lu\n|-damage|p2a: Kingambit|76/100\n|move|p2a: Kingambit|Kowtow Cleave|p1a: Ting-Lu\n|-resisted|p1a: Ting-Lu\n|-damage|p1a: Ting-Lu|73/100\n|\n|-heal|p2a: Kingambit|82/100|[from] item: Leftovers\n|-heal|p1a: Ting-Lu|79/100|[from] item: Leftovers\n|-damage|p2b: Ogerpon|70/100 tox|[from] psn\n|upkeep\n|turn|9\n|\n|t:|1771267382\n|move|p2b: Ogerpon|Horn Leech|p1a: Ting-Lu\n|-supereffective|p1a: Ting-Lu\n|-damage|p1a: Ting-Lu|40/100\n|-heal|p2b: Ogerpon|99/100 tox|[from] drain|[of] p1a: Ting-Lu\n|move|p1b: Zapdos|Discharge|p2a: Kingambit|[spread] p2a,p2b\n|-immune|p1a: Ting-Lu\n|-damage|p2a: Kingambit|56/100\n|-damage|p2b: Ogerpon|72/100 tox\n|move|p2a: Kingambit|Kowtow Cleave|p1b: Zapdos\n|-damage|p1b: Zapdos|7/100\n|move|p1a: Ting-Lu|Earthquake|p2b: Ogerpon|[spread] p2a,p2b\n|-immune|p1b: Zapdos\n|-supereffective|p2a: Kingambit\n|-resisted|p2b: Ogerpon\n|-damage|p2a: Kingambit|3/100\n|-damage|p2b: Ogerpon|53/100 tox\n|\n|-heal|p2a: Kingambit|9/100|[from] item: Leftovers\n|-heal|p1a: Ting-Lu|47/100|[from] item: Leftovers\n|-damage|p2b: Ogerpon|29/100 tox|[from] psn\n|upkeep\n|turn|10\n|\n|t:|1771267407\n|move|p2a: Kingambit|Sucker Punch|p1b: Zapdos\n|-damage|p1b: Zapdos|0 fnt\n|faint|p1b: Zapdos\n|move|p2b: Ogerpon|Ivy Cudgel|p1a: Ting-Lu|[anim] Ivy Cudgel Water\n|-supereffective|p1a: Ting-Lu\n|-damage|p1a: Ting-Lu|0 fnt\n|faint|p1a: Ting-Lu\n|\n|-heal|p2a: Kingambit|15/100|[from] item: Leftovers\n|-damage|p2b: Ogerpon|0 fnt|[from] psn\n|faint|p2b: Ogerpon\n|upkeep\n|inactive|2skyy has 120 seconds left.\n|\n|t:|1771267428\n|switch|p2b: Kyurem|Kyurem|18/100\n|switch|p1b: Clefable|Clefable, F|100/100\n|switch|p1a: Weezing|Weezing, F, tera:Flying|59/100\n|-ability|p1a: Weezing|Neutralizing Gas\n|-status|p2b: Kyurem|tox\n|turn|11\n|inactive|NemesisTypeG has 120 seconds left.\n|\n|t:|1771267459\n|move|p1a: Weezing|Protect|p1a: Weezing\n|-singleturn|p1a: Weezing|Protect\n|move|p1b: Clefable|Follow Me|p1b: Clefable\n|-singleturn|p1b: Clefable|move: Follow Me\n|move|p2b: Kyurem|Flash Cannon|p1b: Clefable\n|-supereffective|p1b: Clefable\n|-damage|p1b: Clefable|65/100\n|move|p2a: Kingambit|Kowtow Cleave|p1b: Clefable\n|-resisted|p1b: Clefable\n|-damage|p1b: Clefable|14/100\n|-enditem|p1b: Clefable|Sitrus Berry|[eat]\n|-heal|p1b: Clefable|39/100|[from] item: Sitrus Berry\n|\n|-heal|p2a: Kingambit|21/100|[from] item: Leftovers\n|-damage|p2b: Kyurem|12/100 tox|[from] psn\n|upkeep\n|turn|12\n|\n|t:|1771267483\n|move|p1b: Clefable|Protect|p1b: Clefable\n|-singleturn|p1b: Clefable|Protect\n|move|p2b: Kyurem|Flash Cannon|p1b: Clefable\n|-activate|p1b: Clefable|move: Protect\n|move|p1a: Weezing|Sludge Bomb|p2b: Kyurem\n|-damage|p2b: Kyurem|0 fnt\n|faint|p2b: Kyurem\n|move|p2a: Kingambit|Kowtow Cleave|p1b: Clefable\n|-activate|p1b: Clefable|move: Protect\n|\n|-heal|p2a: Kingambit|27/100|[from] item: Leftovers\n|upkeep\n|\n|t:|1771267491\n|switch|p2b: Landorus|Landorus, M|100/100\n|turn|13\n|\n|t:|1771267514\n|move|p1a: Weezing|Protect|p1a: Weezing\n|-singleturn|p1a: Weezing|Protect\n|move|p2b: Landorus|Sludge Bomb|p1b: Clefable\n|-supereffective|p1b: Clefable\n|-damage|p1b: Clefable|0 fnt\n|faint|p1b: Clefable\n|-damage|p2b: Landorus|91/100|[from] item: Life Orb\n|move|p2a: Kingambit|Kowtow Cleave|p1a: Weezing\n|-activate|p1a: Weezing|move: Protect\n|\n|-heal|p2a: Kingambit|34/100|[from] item: Leftovers\n|upkeep\n|turn|14\n|\n|t:|1771267524\n|move|p2b: Landorus|Sludge Bomb|p1a: Weezing\n|-damage|p1a: Weezing|21/100\n|-damage|p2b: Landorus|81/100|[from] item: Life Orb\n|move|p1a: Weezing|Will-O-Wisp|p2a: Kingambit|[miss]\n|-miss|p1a: Weezing|p2a: Kingambit\n|move|p2a: Kingambit|Kowtow Cleave|p1a: Weezing\n|-damage|p1a: Weezing|0 fnt\n|faint|p1a: Weezing\n|-end|p1a: Weezing|ability: Neutralizing Gas\n|\n|win|2skyy\n|raw|NemesisTypeG's rating: 1530 &rarr; <strong>1512</strong><br />(-18 for losing)\n|raw|2skyy's rating: 1570 &rarr; <strong>1588</strong><br />(+18 for winning)\n|l|☆2skyy\n|player|p2|\n|l|☆NemesisTypeG\n|player|p1|\n", "uploadtime": 1771267681, "views": 1, "formatid": "gen9doublesou", "rating": 1512, "private": 0, "password": null}