{"id": "gen9doublesou-2540939986", "format": "[Gen 9] Doubles OU", "players": ["BrashRapidos", "takisopalios"], "log": "|j|☆BrashRapidos\n|j|☆takisopalios\n|t:|1771269148\n|gametype|doubles\n|player|p1|BrashRapidos|pokefan-gen4|1483\n|player|p2|takisopalios|shadowtriad|1559\n|gen|9\n|tier|[Gen 9] Doubles OU\n|rated|\n|rule|HP Percentage Mod: HP is shown in percentages\n|rule|Endless Battle Clause: Forcing endless battles is banned\n|rule|Species Clause: Limit one of each Pokémon\n|rule|OHKO Clause: OHKO moves are banned\n|rule|Evasion Moves Clause: Evasion moves are banned\n|rule|Gravity Sleep Clause: The combination of sleep-inducing moves with imperfect accuracy and Gravity or Gigantamax Orbeetle are banned\n|rule|Evasion Abilities Clause: Evasion abilities are banned\n|clearpoke\n|poke|p1|Milotic, F|\n|poke|p1|Incineroar, M|\n|poke|p1|Tornadus, M|\n|poke|p1|Garchomp, F|\n|poke|p1|Amoonguss, M|\n|poke|p1|Heatran, M|\n|poke|p2|Tornadus, M|\n|poke|p2|Chien-Pao|\n|poke|p2|Gallade, M|\n|poke|p2|Chi-Yu|\n|poke|p2|Okidogi, M|\n|poke|p2|Raging Bolt|\n|teampreview\n|\n|t:|1771269154\n|teamsize|p1|6\n|teamsize|p2|6\n|start\n|switch|p1a: Tornadus|Tornadus, M|100/100\n|switch|p1b: Garchomp|Garchomp, F|100/100\n|switch|p2a: Tornadus|Tornadus, M|100/100\n|switch|p2b: Chi-Yu|Chi-Yu|100/100\n|-ability|p2b: Chi-Yu|Beads of Ruin\n|turn|1\n|\n|t:|1771269167\n|move|p2b: Chi-Yu|Protect|p2b: Chi-Yu\n|-singleturn|p2b: Chi-Yu|Protect\n|move|p1a: Tornadus|Tailwind|p1a: Tornadus\n|-sidestart|p1: BrashRapidos|move: Tailwind\n|move|p2a: Tornadus|Tailwind|p2a: Tornadus\n|-sidestart|p2: takisopalios|move: Tailwind\n|move|p1b: Garchomp|Rock Slide|p2a: Tornadus|[spread] p2a\n|-activate|p2b: Chi-Yu|move: Protect\n|-supereffective|p2a: Tornadus\n|-damage|p2a: Tornadus|46/100\n|\n|upkeep\n|turn|2\n|\n|t:|1771269181\n|move|p1a: Tornadus|Bleakwind Storm|p2a: Tornadus|[spread] p2a,p2b\n|-damage|p2a: Tornadus|0 fnt\n|-damage|p2b: Chi-Yu|65/100\n|faint|p2a: Tornadus\n|move|p1b: Garchomp|Rock Slide|p2b: Chi-Yu\n|-supereffective|p2b: Chi-Yu\n|-damage|p2b: Chi-Yu|0 fnt\n|faint|p2b: Chi-Yu\n|\n|upkeep\n|\n|t:|1771269191\n|switch|p2b: Gallade|Gallade, M|100/100\n|switch|p2a: Chien-Pao|Chien-Pao|100/100\n|-ability|p2a: Chien-Pao|Sword of Ruin\n|turn|3\n|\n|t:|1771269221\n|move|p2b: Gallade|Wide Guard|p2b: Gallade\n|-singleturn|p2b: Gallade|Wide Guard\n|move|p2a: Chien-Pao|Ice Spinner|p1a: Tornadus\n|-supereffective|p1a: Tornadus\n|-damage|p1a: Tornadus|0 fnt\n|faint|p1a: Tornadus\n|move|p1b: Garchomp|Rock Slide|p2b: Gallade|[spread] \n|-activate|p2a: Chien-Pao|move: Wide Guard\n|-activate|p2b: Gallade|move: Wide Guard\n|\n|upkeep\n|\n|t:|1771269227\n|switch|p1a: Heatran|Heatran, M|100/100\n|turn|4\n|\n|t:|1771269239\n|-terastallize|p1a: Heatran|Bug\n|move|p1b: Garchomp|Protect|p1b: Garchomp\n|-singleturn|p1b: Garchomp|Protect\n|move|p2a: Chien-Pao|Ice Spinner|p1b: Garchomp\n|-activate|p1b: Garchomp|move: Protect\n|move|p2b: Gallade|Sacred Sword|p1a: Heatran\n|-resisted|p1a: Heatran\n|-damage|p1a: Heatran|61/100\n|move|p1a: Heatran|Heat Wave|p2a: Chien-Pao|[spread] p2a,p2b\n|-supereffective|p2a: Chien-Pao\n|-enditem|p2a: Chien-Pao|Focus Sash\n|-damage|p2a: Chien-Pao|1/100\n|-damage|p2b: Gallade|64/100\n|-status|p2b: Gallade|brn\n|\n|-heal|p1a: Heatran|67/100|[from] item: Leftovers\n|-damage|p2b: Gallade|58/100 brn|[from] brn\n|-sideend|p2: takisopalios|move: Tailwind\n|-sideend|p1: BrashRapidos|move: Tailwind\n|upkeep\n|turn|5\n|\n|t:|1771269264\n|switch|p1b: Special|Milotic, F|100/100\n|move|p2a: Chien-Pao|Ice Spinner|p1a: Heatran\n|-crit|p1a: Heatran\n|-damage|p1a: Heatran|0 fnt\n|faint|p1a: Heatran\n|move|p2b: Gallade|Sacred Sword|p1b: Special\n|-damage|p1b: Special|63/100\n|\n|-heal|p1b: Special|69/100|[from] item: Leftovers\n|-damage|p2b: Gallade|51/100 brn|[from] brn\n|upkeep\n|\n|t:|1771269272\n|switch|p1a: Incineroar|Incineroar, M|100/100\n|-ability|p1a: Incineroar|Intimidate|boost\n|-unboost|p2a: Chien-Pao|atk|1\n|-unboost|p2b: Gallade|atk|1\n|turn|6\n|\n|t:|1771269282\n|move|p2a: Chien-Pao|Sacred Sword|p1a: Incineroar\n|-supereffective|p1a: Incineroar\n|-crit|p1a: Incineroar\n|-damage|p1a: Incineroar|4/100\n|-enditem|p1a: Incineroar|Sitrus Berry|[eat]\n|-heal|p1a: Incineroar|28/100|[from] item: Sitrus Berry\n|move|p1b: Special|Scald|p2a: Chien-Pao\n|-damage|p2a: Chien-Pao|0 fnt\n|faint|p2a: Chien-Pao\n|move|p2b: Gallade|Sacred Sword|p1a: Incineroar\n|-supereffective|p1a: Incineroar\n|-damage|p1a: Incineroar|0 fnt\n|faint|p1a: Incineroar\n|\n|-heal|p1b: Special|75/100|[from] item: Leftovers\n|-damage|p2b: Gallade|45/100 brn|[from] brn\n|upkeep\n|\n|t:|1771269303\n|switch|p2a: Okidogi|Okidogi, M|100/100\n|switch|p1a: Amoonguss|Amoonguss, M|100/100\n|turn|7\n|\n|t:|1771269314\n|move|p1a: Amoonguss|Rage Powder|p1a: Amoonguss\n|-singleturn|p1a: Amoonguss|move: Rage Powder\n|move|p1b: Special|Scald|p2a: Okidogi\n|-damage|p2a: Okidogi|74/100\n|move|p2b: Gallade|Psycho Cut|p1a: Amoonguss\n|-supereffective|p1a: Amoonguss\n|-damage|p1a: Amoonguss|67/100\n|move|p2a: Okidogi|Gunk Shot|p1a: Amoonguss\n|-damage|p1a: Amoonguss|15/100\n|\n|-heal|p1b: Special|81/100|[from] item: Leftovers\n|-damage|p2b: Gallade|39/100 brn|[from] brn\n|upkeep\n|turn|8\n|\n|t:|1771269332\n|move|p1a: Amoonguss|Protect|p1a: Amoonguss\n|-singleturn|p1a: Amoonguss|Protect\n|move|p1b: Special|Scald|p2a: Okidogi\n|-damage|p2a: Okidogi|44/100\n|-status|p2a: Okidogi|brn\n|-enditem|p2a: Okidogi|Sitrus Berry|[eat]\n|-heal|p2a: Okidogi|69/100 brn|[from] item: Sitrus Berry\n|move|p2b: Gallade|Psycho Cut|p1a: Amoonguss\n|-activate|p1a: Amoonguss|move: Protect\n|move|p2a: Okidogi|Gunk Shot|p1b: Special\n|-damage|p1b: Special|53/100\n|-status|p1b: Special|psn\n|\n|-heal|p1b: Special|59/100 psn|[from] item: Leftovers\n|-damage|p1b: Special|47/100 psn|[from] psn\n|-damage|p2b: Gallade|33/100 brn|[from] brn\n|-damage|p2a: Okidogi|63/100 brn|[from] brn\n|upkeep\n|turn|9\n|\n|t:|1771269346\n|move|p1a: Amoonguss|Rage Powder|p1a: Amoonguss\n|-singleturn|p1a: Amoonguss|move: Rage Powder\n|move|p1b: Special|Recover|p1b: Special\n|-heal|p1b: Special|97/100 psn\n|move|p2a: Okidogi|Gunk Shot|p1a: Amoonguss|[miss]\n|-miss|p2a: Okidogi|p1a: Amoonguss\n|move|p2b: Gallade|Psycho Cut|p1a: Amoonguss\n|-supereffective|p1a: Amoonguss\n|-damage|p1a: Amoonguss|0 fnt\n|faint|p1a: Amoonguss\n|\n|-heal|p1b: Special|100/100 psn|[from] item: Leftovers\n|-damage|p1b: Special|88/100 psn|[from] psn\n|-damage|p2b: Gallade|27/100 brn|[from] brn\n|-damage|p2a: Okidogi|57/100 brn|[from] brn\n|upkeep\n|\n|t:|1771269349\n|switch|p1a: Garchomp|Garchomp, F|100/100\n|turn|10\n|\n|t:|1771269364\n|move|p1b: Special|Protect|p1b: Special\n|-singleturn|p1b: Special|Protect\n|move|p2b: Gallade|Wide Guard|p2b: Gallade\n|-singleturn|p2b: Gallade|Wide Guard\n|move|p1a: Garchomp|Earthquake|p2a: Okidogi|[spread] \n|-activate|p2a: Okidogi|move: Wide Guard\n|-activate|p2b: Gallade|move: Wide Guard\n|-activate|p1b: Special|move: Protect\n|move|p2a: Okidogi|Knock Off|p1a: Garchomp\n|-damage|p1a: Garchomp|83/100\n|-damage|p2a: Okidogi|45/100 brn|[from] ability: Rough Skin|[of] p1a: Garchomp\n|-enditem|p1a: Garchomp|Clear Amulet|[from] move: Knock Off|[of] p2a: Okidogi\n|\n|-heal|p1b: Special|94/100 psn|[from] item: Leftovers\n|-damage|p1b: Special|82/100 psn|[from] psn\n|-damage|p2a: Okidogi|39/100 brn|[from] brn\n|-damage|p2b: Gallade|21/100 brn|[from] brn\n|upkeep\n|turn|11\n|\n|t:|1771269387\n|move|p2b: Gallade|Wide Guard|p2b: Gallade\n|-singleturn|p2b: Gallade|Wide Guard\n|move|p1a: Garchomp|Swords Dance|p1a: Garchomp\n|-boost|p1a: Garchomp|atk|2\n|move|p1b: Special|Scald|p2b: Gallade\n|-damage|p2b: Gallade|0 fnt\n|faint|p2b: Gallade\n|move|p2a: Okidogi|Gunk Shot|p1b: Special\n|-crit|p1b: Special\n|-damage|p1b: Special|40/100 psn\n|\n|-heal|p1b: Special|46/100 psn|[from] item: Leftovers\n|-damage|p1b: Special|34/100 psn|[from] psn\n|-damage|p2a: Okidogi|33/100 brn|[from] brn\n|upkeep\n|\n|t:|1771269401\n|switch|p2b: Raging Bolt|Raging Bolt|100/100\n|-enditem|p2b: Raging Bolt|Booster Energy\n|-activate|p2b: Raging Bolt|ability: Protosynthesis|[fromitem]\n|-start|p2b: Raging Bolt|protosynthesisspa\n|turn|12\n|\n|t:|1771269407\n|-terastallize|p2b: Raging Bolt|Electric\n|move|p1a: Garchomp|Earthquake|p2b: Raging Bolt|[spread] p1b,p2a,p2b\n|-crit|p1b: Special\n|-supereffective|p2a: Okidogi\n|-supereffective|p2b: Raging Bolt\n|-damage|p1b: Special|0 fnt\n|-damage|p2a: Okidogi|0 fnt\n|-damage|p2b: Raging Bolt|0 fnt\n|faint|p1b: Special\n|faint|p2a: Okidogi\n|faint|p2b: Raging Bolt\n|-end|p2b: Raging Bolt|Protosynthesis|[silent]\n|\n|win|BrashRapidos\n|raw|BrashRapidos's rating: 1483 &rarr; <strong>1507</strong><br />(+24 for winning)\n|raw|takisopalios's rating: 1559 &rarr; <strong>1535</strong><br />(-24 for losing)\n|l|☆takisopalios\n|player|p2|\n|c|☆BrashRapidos|gg\n|l|☆BrashRapidos\n|player|p1|\n", "uploadtime": 1771269746, "views": 1, "formatid": "gen9doublesou", "rating": 1507, "private": 0, "password": null}