{"id": "gen9doublesou-2540738748", "format": "[Gen 9] Doubles OU", "players": ["ustat", "Ralsei Hatty"], "log": "|j|☆ustat\n|j|☆Ralsei Hatty\n|t:|1771248104\n|gametype|doubles\n|player|p1|ustat|red|1657\n|player|p2|Ralsei Hatty|bea-masters|1656\n|gen|9\n|tier|[Gen 9] Doubles OU\n|rated|\n|rule|HP Percentage Mod: HP is shown in percentages\n|rule|Endless Battle Clause: Forcing endless battles is banned\n|rule|Species Clause: Limit one of each Pokémon\n|rule|OHKO Clause: OHKO moves are banned\n|rule|Evasion Moves Clause: Evasion moves are banned\n|rule|Gravity Sleep Clause: The combination of sleep-inducing moves with imperfect accuracy and Gravity or Gigantamax Orbeetle are banned\n|rule|Evasion Abilities Clause: Evasion abilities are banned\n|clearpoke\n|poke|p1|Regidrago|\n|poke|p1|Ribombee, F|\n|poke|p1|Incineroar, M|\n|poke|p1|Chi-Yu|\n|poke|p1|Ogerpon-Wellspring, F|\n|poke|p1|Metagross|\n|poke|p2|Iron Hands|\n|poke|p2|Gholdengo|\n|poke|p2|Sinistcha|\n|poke|p2|Incineroar, M|\n|poke|p2|Kyurem|\n|poke|p2|Ting-Lu|\n|teampreview\n|inactive|Battle timer is ON: inactive players will automatically lose when time's up. (requested by Ralsei Hatty)\n|\n|t:|1771248135\n|teamsize|p1|6\n|teamsize|p2|6\n|start\n|switch|p1a: Kumru's Favorite|Regidrago|100/100\n|switch|p1b: Luck Charm|Chi-Yu|100/100\n|switch|p2a: Refrigerator|Kyurem, shiny|100/100\n|switch|p2b: Brian Hands|Iron Hands|100/100\n|-ability|p1b: Luck Charm|Beads of Ruin\n|-ability|p2a: Refrigerator|Pressure\n|turn|1\n|inactive|Ralsei Hatty has 120 seconds left.\n|inactive|ustat has 120 seconds left.\n|\n|t:|1771248179\n|switch|p1a: I will survive!|Ribombee, F|100/100\n|-terastallize|p2a: Refrigerator|Fairy\n|move|p2b: Brian Hands|Detect|p2b: Brian Hands\n|-singleturn|p2b: Brian Hands|Protect\n|move|p1b: Luck Charm|Flamethrower|p2a: Refrigerator\n|-damage|p2a: Refrigerator|48/100\n|-damage|p1b: Luck Charm|91/100|[from] item: Life Orb\n|move|p2a: Refrigerator|Glaciate|p1a: I will survive!|[spread] p1a,p1b\n|-resisted|p1b: Luck Charm\n|-damage|p1a: I will survive!|50/100\n|-damage|p1b: Luck Charm|78/100\n|-unboost|p1b: Luck Charm|spe|1\n|\n|upkeep\n|turn|2\n|inactive|Ralsei Hatty has 120 seconds left.\n|l|☆Ralsei Hatty\n|inactive|Ralsei Hatty disconnected and has a minute to reconnect!\n|player|p2|\n|inactive|ustat has 120 seconds left.\n|inactive|Ralsei Hatty has 30 seconds to reconnect!\n|j|☆Ralsei Hatty\n|inactive|Ralsei Hatty reconnected and has 70 seconds left.\n|player|p2|Ralsei Hatty|bea-masters|\n|inactive|Ralsei Hatty has 60 seconds left.\n|\n|t:|1771248274\n|switch|p2a: small kitten|Incineroar, M|100/100\n|-ability|p2a: small kitten|Intimidate|boost\n|-unboost|p1a: I will survive!|atk|1\n|-unboost|p1b: Luck Charm|atk|1\n|move|p1a: I will survive!|Tailwind|p1a: I will survive!\n|-sidestart|p1: ustat|move: Tailwind\n|move|p1b: Luck Charm|Flamethrower|p2a: small kitten\n|-resisted|p2a: small kitten\n|-damage|p2a: small kitten|73/100\n|-damage|p1b: Luck Charm|68/100|[from] item: Life Orb\n|move|p2b: Brian Hands|Body Press|p1b: Luck Charm\n|-supereffective|p1b: Luck Charm\n|-damage|p1b: Luck Charm|0 fnt\n|faint|p1b: Luck Charm\n|\n|upkeep\n|\n|t:|1771248290\n|switch|p1b: Drink water|Ogerpon-Wellspring, F|100/100\n|turn|3\n|\n|t:|1771248303\n|move|p1a: I will survive!|Protect|p1a: I will survive!\n|-singleturn|p1a: I will survive!|Protect\n|move|p1b: Drink water|Ivy Cudgel|p2a: small kitten|[anim] Ivy Cudgel Water\n|-supereffective|p2a: small kitten\n|-damage|p2a: small kitten|0 fnt\n|faint|p2a: small kitten\n|move|p2b: Brian Hands|Iron Defense|p2b: Brian Hands\n|-boost|p2b: Brian Hands|def|2\n|\n|upkeep\n|\n|t:|1771248312\n|switch|p2a: Sinistcha|Sinistcha|100/100\n|turn|4\n|\n|t:|1771248325\n|move|p2b: Brian Hands|Detect|p2b: Brian Hands\n|-singleturn|p2b: Brian Hands|Protect\n|move|p1b: Drink water|Follow Me|p1b: Drink water\n|-singleturn|p1b: Drink water|move: Follow Me\n|move|p1a: I will survive!|Moonblast|p2b: Brian Hands\n|-activate|p2b: Brian Hands|move: Protect\n|move|p2a: Sinistcha|Trick Room|p2a: Sinistcha\n|-fieldstart|move: Trick Room|[of] p2a: Sinistcha\n|\n|upkeep\n|turn|5\n|\n|t:|1771248342\n|switch|p1a: Shameless cat|Incineroar, M, shiny|100/100\n|-ability|p1a: Shameless cat|Intimidate|boost\n|-unboost|p2a: Sinistcha|atk|1\n|-unboost|p2b: Brian Hands|atk|1\n|move|p1b: Drink water|Spiky Shield|p1b: Drink water\n|-singleturn|p1b: Drink water|move: Protect\n|move|p2a: Sinistcha|Matcha Gotcha|p1b: Drink water|[spread] p1a\n|-activate|p1b: Drink water|move: Protect\n|-resisted|p1a: Shameless cat\n|-damage|p1a: Shameless cat|90/100\n|move|p2b: Brian Hands|Body Press|p1a: Shameless cat\n|-supereffective|p1a: Shameless cat\n|-damage|p1a: Shameless cat|0 fnt\n|faint|p1a: Shameless cat\n|\n|-sideend|p1: ustat|move: Tailwind\n|upkeep\n|\n|t:|1771248353\n|switch|p1a: Kumru's Favorite|Regidrago|100/100\n|turn|6\n|\n|t:|1771248362\n|move|p2b: Brian Hands|Detect|p2b: Brian Hands\n|-singleturn|p2b: Brian Hands|Protect\n|move|p1b: Drink water|Follow Me|p1b: Drink water\n|-singleturn|p1b: Drink water|move: Follow Me\n|move|p2a: Sinistcha|Matcha Gotcha|p1a: Kumru's Favorite|[spread] p1a,p1b\n|-resisted|p1a: Kumru's Favorite\n|-damage|p1a: Kumru's Favorite|85/100\n|-damage|p1b: Drink water|75/100\n|-status|p1b: Drink water|brn\n|move|p1a: Kumru's Favorite|Draco Meteor|p2b: Brian Hands\n|-activate|p2b: Brian Hands|move: Protect\n|\n|-damage|p1b: Drink water|69/100 brn|[from] brn\n|upkeep\n|turn|7\n|\n|t:|1771248383\n|move|p2a: Sinistcha|Rage Powder|p2a: Sinistcha\n|-singleturn|p2a: Sinistcha|move: Rage Powder\n|move|p1b: Drink water|Follow Me|p1b: Drink water\n|-singleturn|p1b: Drink water|move: Follow Me\n|move|p2b: Brian Hands|Body Press|p1b: Drink water\n|-damage|p1b: Drink water|0 fnt\n|faint|p1b: Drink water\n|move|p1a: Kumru's Favorite|Draco Meteor|p2a: Sinistcha\n|-damage|p2a: Sinistcha|0 fnt\n|-unboost|p1a: Kumru's Favorite|spa|2\n|faint|p2a: Sinistcha\n|\n|upkeep\n|inactive|Ralsei Hatty has 120 seconds left.\n|\n|t:|1771248400\n|switch|p2a: Ina|Gholdengo|100/100\n|switch|p1b: I will survive!|Ribombee, F|50/100\n|turn|8\n|\n|t:|1771248405\n|switch|p1a: Hammurabi|Metagross|100/100\n|move|p1b: I will survive!|Protect|p1b: I will survive!\n|-singleturn|p1b: I will survive!|Protect\n|move|p2b: Brian Hands|Body Press|p1a: Hammurabi\n|-damage|p1a: Hammurabi|45/100\n|move|p2a: Ina|Make It Rain|p1a: Hammurabi|[spread] p1a\n|-activate|p1b: I will survive!|move: Protect\n|-resisted|p1a: Hammurabi\n|-damage|p1a: Hammurabi|26/100\n|-unboost|p2a: Ina|spa|1\n|\n|-fieldend|move: Trick Room\n|upkeep\n|turn|9\n|inactive|Ralsei Hatty has 120 seconds left.\n|\n|t:|1771248441\n|move|p2b: Brian Hands|Detect|p2b: Brian Hands\n|-singleturn|p2b: Brian Hands|Protect\n|move|p1b: I will survive!|Pollen Puff|p1a: Hammurabi\n|-heal|p1a: Hammurabi|76/100\n|move|p2a: Ina|Make It Rain|p1b: I will survive!|[spread] p1a,p1b\n|-resisted|p1a: Hammurabi\n|-supereffective|p1b: I will survive!\n|-damage|p1a: Hammurabi|63/100\n|-damage|p1b: I will survive!|0 fnt\n|-unboost|p2a: Ina|spa|1\n|faint|p1b: I will survive!\n|move|p1a: Hammurabi|Psychic Fangs|p2b: Brian Hands\n|-activate|p2b: Brian Hands|move: Protect\n|\n|upkeep\n|\n|t:|1771248444\n|switch|p1b: Kumru's Favorite|Regidrago|85/100\n|turn|10\n|\n|t:|1771248456\n|switch|p2a: Caixa d agua|Ting-Lu|100/100\n|-ability|p2a: Caixa d agua|Vessel of Ruin\n|-terastallize|p1b: Kumru's Favorite|Dragon\n|move|p1b: Kumru's Favorite|Dragon Energy|p2b: Brian Hands|[spread] p2a,p2b\n|-damage|p2a: Caixa d agua|28/100\n|-damage|p2b: Brian Hands|37/100\n|move|p1a: Hammurabi|Iron Head|p2a: Caixa d agua\n|-damage|p2a: Caixa d agua|3/100\n|move|p2b: Brian Hands|Body Press|p1a: Hammurabi\n|-damage|p1a: Hammurabi|14/100\n|\n|-heal|p2a: Caixa d agua|10/100|[from] item: Leftovers\n|-heal|p2b: Brian Hands|43/100|[from] item: Leftovers\n|upkeep\n|turn|11\n|\n|t:|1771248472\n|move|p1b: Kumru's Favorite|Dragon Energy|p2a: Caixa d agua|[spread] p2a,p2b\n|-damage|p2a: Caixa d agua|0 fnt\n|-damage|p2b: Brian Hands|0 fnt\n|faint|p2a: Caixa d agua\n|faint|p2b: Brian Hands\n|-end|p2b: Brian Hands|Quark Drive|[silent]\n|move|p1a: Hammurabi|Psychic Fangs|p2: Caixa d agua|[notarget]\n|-fail|p1a: Hammurabi\n|\n|upkeep\n|\n|t:|1771248483\n|switch|p2a: Ina|Gholdengo|100/100\n|switch|p2b: Refrigerator|Kyurem, shiny, tera:Fairy|48/100\n|-ability|p2b: Refrigerator|Pressure\n|turn|12\n|\n|t:|1771248494\n|move|p1a: Hammurabi|Bullet Punch|p2b: Refrigerator\n|-supereffective|p2b: Refrigerator\n|-damage|p2b: Refrigerator|9/100\n|move|p2b: Refrigerator|Freeze-Dry|p1b: Kumru's Favorite\n|-supereffective|p1b: Kumru's Favorite\n|-damage|p1b: Kumru's Favorite|8/100\n|move|p1b: Kumru's Favorite|Dragon Energy|p2b: Refrigerator|[spread] p2a\n|-immune|p2b: Refrigerator\n|-resisted|p2a: Ina\n|-damage|p2a: Ina|96/100\n|move|p2a: Ina|Shadow Ball|p1a: Hammurabi\n|-supereffective|p1a: Hammurabi\n|-damage|p1a: Hammurabi|0 fnt\n|faint|p1a: Hammurabi\n|\n|-heal|p2a: Ina|100/100|[from] item: Leftovers\n|upkeep\n|turn|13\n|c|☆ustat|Gg\n|\n|t:|1771248506\n|move|p2b: Refrigerator|Freeze-Dry|p1b: Kumru's Favorite\n|-supereffective|p1b: Kumru's Favorite\n|-damage|p1b: Kumru's Favorite|0 fnt\n|faint|p1b: Kumru's Favorite\n|\n|win|Ralsei Hatty\n|raw|ustat's rating: 1657 &rarr; <strong>1637</strong><br />(-20 for losing)\n|raw|Ralsei Hatty's rating: 1656 &rarr; <strong>1676</strong><br />(+20 for winning)\n|l|☆Ralsei Hatty\n|player|p2|\n|l|☆ustat\n|player|p1|\n", "uploadtime": 1771248732, "views": 6, "formatid": "gen9doublesou", "rating": 1637, "private": 0, "password": null}