{"id": "gen9doublesou-2540095091", "format": "[Gen 9] Doubles OU", "players": ["punyakoko", "Lemecano"], "log": "|j|☆punyakoko\n|j|☆Lemecano\n|t:|1771160944\n|gametype|doubles\n|player|p1|punyakoko|calem-masters|1644\n|player|p2|Lemecano|170|1652\n|gen|9\n|tier|[Gen 9] Doubles OU\n|rated|\n|rule|HP Percentage Mod: HP is shown in percentages\n|rule|Endless Battle Clause: Forcing endless battles is banned\n|rule|Species Clause: Limit one of each Pokémon\n|rule|OHKO Clause: OHKO moves are banned\n|rule|Evasion Moves Clause: Evasion moves are banned\n|rule|Gravity Sleep Clause: The combination of sleep-inducing moves with imperfect accuracy and Gravity or Gigantamax Orbeetle are banned\n|rule|Evasion Abilities Clause: Evasion abilities are banned\n|clearpoke\n|poke|p1|Farigiraf, F|\n|poke|p1|Sylveon, F|\n|poke|p1|Landorus, M|\n|poke|p1|Roaring Moon|\n|poke|p1|Incineroar, F|\n|poke|p1|Ogerpon-Wellspring, F|\n|poke|p2|Regidrago|\n|poke|p2|Incineroar, M|\n|poke|p2|Clefable, F|\n|poke|p2|Ogerpon-Wellspring, F|\n|poke|p2|Raging Bolt|\n|poke|p2|Sneasler, F|\n|teampreview\n|inactive|Battle timer is ON: inactive players will automatically lose when time's up. (requested by Lemecano)\n|inactive|punyakoko has 120 seconds left.\n|\n|t:|1771160983\n|teamsize|p1|6\n|teamsize|p2|6\n|start\n|switch|p1a: Roaring Moon|Roaring Moon|100/100\n|switch|p1b: Landorus|Landorus, M|100/100\n|switch|p2a: Sneasler|Sneasler, F|100/100\n|switch|p2b: Ogerpon|Ogerpon-Wellspring, F|100/100\n|-enditem|p1a: Roaring Moon|Booster Energy\n|-activate|p1a: Roaring Moon|ability: Protosynthesis|[fromitem]\n|-start|p1a: Roaring Moon|protosynthesisspe\n|turn|1\n|inactive|Lemecano has 120 seconds left.\n|\n|t:|1771161022\n|move|p1b: Landorus|Protect|p1b: Landorus\n|-singleturn|p1b: Landorus|Protect\n|move|p2b: Ogerpon|Follow Me|p2b: Ogerpon\n|-singleturn|p2b: Ogerpon|move: Follow Me\n|move|p1a: Roaring Moon|Tailwind|p1a: Roaring Moon\n|-sidestart|p1: punyakoko|move: Tailwind\n|move|p2a: Sneasler|Close Combat|p1a: Roaring Moon\n|-supereffective|p1a: Roaring Moon\n|-crit|p1a: Roaring Moon\n|-damage|p1a: Roaring Moon|0 fnt\n|-unboost|p2a: Sneasler|def|1\n|-unboost|p2a: Sneasler|spd|1\n|faint|p1a: Roaring Moon\n|-end|p1a: Roaring Moon|Protosynthesis|[silent]\n|-damage|p2a: Sneasler|91/100|[from] item: Life Orb\n|\n|upkeep\n|\n|t:|1771161042\n|switch|p1a: Sylveon|Sylveon, F, shiny|100/100\n|turn|2\n|\n|t:|1771161065\n|-terastallize|p1a: Sylveon|Fairy\n|move|p2b: Ogerpon|Follow Me|p2b: Ogerpon\n|-singleturn|p2b: Ogerpon|move: Follow Me\n|move|p1b: Landorus|Sludge Bomb|p2b: Ogerpon\n|-supereffective|p2b: Ogerpon\n|-damage|p2b: Ogerpon|8/100\n|move|p1a: Sylveon|Hyper Voice|p2a: Sneasler|[spread] p2a,p2b\n|-damage|p2a: Sneasler|0 fnt\n|-damage|p2b: Ogerpon|0 fnt\n|faint|p2a: Sneasler\n|faint|p2b: Ogerpon\n|\n|upkeep\n|inactive|Lemecano has 120 seconds left.\n|\n|t:|1771161082\n|switch|p2a: Clefable|Clefable, F|100/100\n|switch|p2b: Incineroar|Incineroar, M|100/100\n|-ability|p2b: Incineroar|Intimidate|boost\n|-unboost|p1a: Sylveon|atk|1\n|-unboost|p1b: Landorus|atk|1\n|turn|3\n|\n|t:|1771161095\n|switch|p1a: Farigiraf|Farigiraf, F|100/100\n|move|p2a: Clefable|Follow Me|p2a: Clefable\n|-singleturn|p2a: Clefable|move: Follow Me\n|move|p1b: Landorus|Sandsear Storm|p2a: Clefable|[spread] p2a\n|-miss|p1b: Landorus|p2b: Incineroar\n|-damage|p2a: Clefable|52/100\n|move|p2b: Incineroar|Flare Blitz|p1a: Farigiraf\n|-damage|p1a: Farigiraf|58/100\n|-damage|p2b: Incineroar|86/100|[from] Recoil\n|\n|upkeep\n|turn|4\n|\n|t:|1771161109\n|move|p2a: Clefable|Protect|p2a: Clefable\n|-singleturn|p2a: Clefable|Protect\n|move|p1b: Landorus|Sandsear Storm|p2a: Clefable|[spread] p2b\n|-activate|p2a: Clefable|move: Protect\n|-supereffective|p2b: Incineroar\n|-damage|p2b: Incineroar|2/100\n|move|p1a: Farigiraf|Hyper Voice|p2a: Clefable|[spread] p2b\n|-activate|p2a: Clefable|move: Protect\n|-damage|p2b: Incineroar|0 fnt\n|faint|p2b: Incineroar\n|\n|-sideend|p1: punyakoko|move: Tailwind\n|upkeep\n|\n|t:|1771161122\n|switch|p2b: Regidrago|Regidrago|100/100\n|turn|5\n|\n|t:|1771161146\n|-terastallize|p2b: Regidrago|Dragon\n|move|p1b: Landorus|Sandsear Storm|p2a: Clefable|[spread] p2b\n|-miss|p1b: Landorus|p2a: Clefable\n|-damage|p2b: Regidrago|39/100\n|move|p2b: Regidrago|Dragon Energy|p1b: Landorus|[spread] p1a,p1b\n|-damage|p1a: Farigiraf|15/100\n|-damage|p1b: Landorus|41/100\n|-enditem|p1a: Farigiraf|Sitrus Berry|[eat]\n|-heal|p1a: Farigiraf|40/100|[from] item: Sitrus Berry\n|move|p2a: Clefable|Moonblast|p1b: Landorus\n|-damage|p1b: Landorus|2/100\n|-unboost|p1b: Landorus|spa|1\n|move|p1a: Farigiraf|Psychic|p2a: Clefable\n|-damage|p2a: Clefable|20/100\n|-enditem|p2a: Clefable|Sitrus Berry|[eat]\n|-heal|p2a: Clefable|45/100|[from] item: Sitrus Berry\n|\n|upkeep\n|turn|6\n|-message|Lemecano forfeited.\n|\n|win|punyakoko\n|raw|punyakoko's rating: 1644 &rarr; <strong>1664</strong><br />(+20 for winning)\n|raw|Lemecano's rating: 1652 &rarr; <strong>1632</strong><br />(-20 for losing)\n|l|☆Lemecano\n|player|p2|\n", "uploadtime": 1771161511, "views": 11, "formatid": "gen9doublesou", "rating": 1632, "private": 0, "password": null}