{"id": "gen9doublesou-2540052343", "format": "[Gen 9] Doubles OU", "players": ["gvellando", "GabrieldeCamargos"], "log": "|j|☆gvellando\n|j|☆GabrieldeCamargos\n|t:|1771152948\n|gametype|doubles\n|player|p1|gvellando|102|1554\n|player|p2|GabrieldeCamargos|170|1636\n|gen|9\n|tier|[Gen 9] Doubles OU\n|rated|\n|rule|HP Percentage Mod: HP is shown in percentages\n|rule|Endless Battle Clause: Forcing endless battles is banned\n|rule|Species Clause: Limit one of each Pokémon\n|rule|OHKO Clause: OHKO moves are banned\n|rule|Evasion Moves Clause: Evasion moves are banned\n|rule|Gravity Sleep Clause: The combination of sleep-inducing moves with imperfect accuracy and Gravity or Gigantamax Orbeetle are banned\n|rule|Evasion Abilities Clause: Evasion abilities are banned\n|clearpoke\n|poke|p1|Torkoal, F|\n|poke|p1|Indeedee-F, F|\n|poke|p1|Armarouge, M|\n|poke|p1|Ursaluna, F|\n|poke|p1|Tornadus, M|\n|poke|p1|Lilligant-Hisui, F|\n|poke|p2|Incineroar, M|\n|poke|p2|Tornadus, M|\n|poke|p2|Primarina, M|\n|poke|p2|Ogerpon-Wellspring, F|\n|poke|p2|Gholdengo|\n|poke|p2|Rillaboom, M|\n|teampreview\n|\n|t:|1771152970\n|teamsize|p1|6\n|teamsize|p2|6\n|start\n|switch|p1a: Indeedee|Indeedee-F, F|100/100\n|switch|p1b: Ursaluna|Ursaluna, F|100/100\n|switch|p2a: Tornadus|Tornadus, M, shiny|100/100\n|switch|p2b: Incineroar|Incineroar, M, shiny|100/100\n|-fieldstart|move: Psychic Terrain|[from] ability: Psychic Surge|[of] p1a: Indeedee\n|-ability|p2b: Incineroar|Intimidate|boost\n|-unboost|p1a: Indeedee|atk|1\n|-unboost|p1b: Ursaluna|atk|1\n|turn|1\n|inactive|Battle timer is ON: inactive players will automatically lose when time's up. (requested by gvellando)\n|\n|t:|1771152993\n|switch|p2b: Rillaboom|Rillaboom, M, shiny|100/100\n|-fieldstart|move: Grassy Terrain|[from] ability: Grassy Surge|[of] p2b: Rillaboom\n|-terastallize|p1a: Indeedee|Fairy\n|move|p2a: Tornadus|Taunt|p1a: Indeedee\n|-start|p1a: Indeedee|move: Taunt\n|move|p1b: Ursaluna|Rock Slide|p2b: Rillaboom|[spread] p2a,p2b\n|-supereffective|p2a: Tornadus\n|-damage|p2a: Tornadus|60/100\n|-damage|p2b: Rillaboom|84/100\n|cant|p1a: Indeedee|move: Taunt|Trick Room\n|\n|-heal|p2b: Rillaboom|90/100|[from] Grassy Terrain\n|-status|p1b: Ursaluna|brn|[from] item: Flame Orb\n|upkeep\n|turn|2\n|\n|t:|1771153020\n|switch|p1a: :torky:|Torkoal, F|100/100\n|-weather|SunnyDay|[from] ability: Drought|[of] p1a: :torky:\n|move|p1b: Ursaluna|Protect|p1b: Ursaluna\n|-singleturn|p1b: Ursaluna|Protect\n|move|p2a: Tornadus|Bleakwind Storm|p1a: :torky:|[spread] p1a\n|-activate|p1b: Ursaluna|move: Protect\n|-damage|p1a: :torky:|51/100\n|-unboost|p1a: :torky:|spe|1\n|move|p2b: Rillaboom|Wood Hammer|p1b: Ursaluna\n|-activate|p1b: Ursaluna|move: Protect\n|\n|-weather|SunnyDay|[upkeep]\n|-heal|p2b: Rillaboom|96/100|[from] Grassy Terrain\n|-heal|p1a: :torky:|57/100|[from] Grassy Terrain\n|-damage|p1b: Ursaluna|94/100 brn|[from] brn\n|upkeep\n|turn|3\n|inactive|GabrieldeCamargos has 120 seconds left.\n|\n|t:|1771153050\n|switch|p1b: Indeedee|Indeedee-F, F, tera:Fairy|100/100\n|-fieldstart|move: Psychic Terrain|[from] ability: Psychic Surge|[of] p1b: Indeedee\n|move|p2a: Tornadus|Rain Dance|p2a: Tornadus\n|-weather|RainDance\n|move|p2b: Rillaboom|High Horsepower|p1a: :torky:\n|-supereffective|p1a: :torky:\n|-damage|p1a: :torky:|0 fnt\n|faint|p1a: :torky:\n|-damage|p2b: Rillaboom|86/100|[from] item: Life Orb\n|\n|-weather|RainDance|[upkeep]\n|upkeep\n|inactive|gvellando has 120 seconds left.\n|\n|t:|1771153082\n|switch|p1a: Tornadus|Tornadus, M|100/100\n|turn|4\n|inactive|GabrieldeCamargos has 120 seconds left.\n|\n|t:|1771153114\n|-terastallize|p2b: Rillaboom|Fire\n|move|p2a: Tornadus|Bleakwind Storm|p1a: Tornadus|[spread] p1a,p1b\n|-damage|p1a: Tornadus|49/100\n|-damage|p1b: Indeedee|72/100\n|-unboost|p1a: Tornadus|spe|1\n|-unboost|p1b: Indeedee|spe|1\n|move|p2b: Rillaboom|Wood Hammer|p1b: Indeedee\n|-damage|p1b: Indeedee|0 fnt\n|faint|p1b: Indeedee\n|-damage|p2b: Rillaboom|62/100|[from] Recoil\n|-damage|p2b: Rillaboom|53/100|[from] item: Life Orb\n|move|p1a: Tornadus|Bleakwind Storm|p2b: Rillaboom|[spread] p2a,p2b\n|-damage|p2a: Tornadus|0 fnt\n|-damage|p2b: Rillaboom|0 fnt\n|faint|p2a: Tornadus\n|faint|p2b: Rillaboom\n|-damage|p1a: Tornadus|39/100|[from] item: Life Orb\n|\n|-weather|RainDance|[upkeep]\n|upkeep\n|inactive|GabrieldeCamargos has 120 seconds left.\n|inactive|gvellando has 120 seconds left.\n|\n|t:|1771153140\n|switch|p2a: Primarina|Primarina, M, shiny|100/100\n|switch|p2b: Ogerpon|Ogerpon-Wellspring, F|100/100\n|switch|p1b: Ursaluna|Ursaluna, F|94/100 brn\n|turn|5\n|inactive|GabrieldeCamargos has 120 seconds left.\n|\n|t:|1771153158\n|move|p1b: Ursaluna|Protect|p1b: Ursaluna\n|-singleturn|p1b: Ursaluna|Protect\n|move|p2b: Ogerpon|Horn Leech|p1b: Ursaluna\n|-activate|p1b: Ursaluna|move: Protect\n|move|p2a: Primarina|Hyper Voice|p1a: Tornadus|[spread] p1a\n|-activate|p1b: Ursaluna|move: Protect\n|-crit|p1a: Tornadus\n|-damage|p1a: Tornadus|0 fnt\n|faint|p1a: Tornadus\n|\n|-weather|RainDance|[upkeep]\n|-damage|p1b: Ursaluna|88/100 brn|[from] brn\n|upkeep\n|-message|gvellando forfeited.\n|\n|win|GabrieldeCamargos\n|raw|gvellando's rating: 1554 &rarr; <strong>1539</strong><br />(-15 for losing)\n|raw|GabrieldeCamargos's rating: 1636 &rarr; <strong>1651</strong><br />(+15 for winning)\n|l|☆gvellando\n|player|p1|\n|l|☆GabrieldeCamargos\n|player|p2|\n", "uploadtime": 1771153583, "views": 11, "formatid": "gen9doublesou", "rating": 1539, "private": 0, "password": null}