{"id": "gen9doublesou-2639963127", "format": "[Gen 9] Doubles OU", "players": ["refridgenator", "morolltach"], "log": "|j|☆refridgenator\n|j|☆morolltach\n|t:|1782553536\n|gametype|doubles\n|player|p1|refridgenator|swimmer-gen4dp|1695\n|player|p2|morolltach|1|1617\n|gen|9\n|tier|[Gen 9] Doubles OU\n|rated|\n|rule|HP Percentage Mod: HP is shown in percentages\n|rule|Endless Battle Clause: Forcing endless battles is banned\n|rule|Species Clause: Limit one of each Pokémon\n|rule|OHKO Clause: OHKO moves are banned\n|rule|Evasion Moves Clause: Evasion moves are banned\n|rule|Gravity Sleep Clause: The combination of sleep-inducing moves with imperfect accuracy and Gravity or Gigantamax Orbeetle are banned\n|rule|Evasion Abilities Clause: Evasion abilities are banned\n|clearpoke\n|poke|p1|Ninetales-Alola, F|\n|poke|p1|Incineroar, F|\n|poke|p1|Amoonguss, M|\n|poke|p1|Porygon2|\n|poke|p1|Farigiraf, F|\n|poke|p1|Volcanion|\n|poke|p2|Charizard, M|\n|poke|p2|Ogerpon-Hearthflame, F|\n|poke|p2|Torkoal, F|\n|poke|p2|Tornadus, M|\n|poke|p2|Walking Wake|\n|poke|p2|Incineroar, M|\n|teampreview\n|inactive|Battle timer is ON: inactive players will automatically lose when time's up. (requested by morolltach)\n|inactive|morolltach has 120 seconds left.\n|\n|t:|1782553573\n|teamsize|p1|6\n|teamsize|p2|6\n|start\n|switch|p1a: Volcanion|Volcanion|100/100\n|switch|p1b: Incineroar|Incineroar, F|100/100\n|switch|p2a: Charizard|Charizard, M, shiny|100/100\n|switch|p2b: Torkoal|Torkoal, F|100/100\n|-ability|p1b: Incineroar|Intimidate|boost\n|-unboost|p2a: Charizard|atk|1\n|-unboost|p2b: Torkoal|atk|1\n|-weather|SunnyDay|[from] ability: Drought|[of] p2b: Torkoal\n|turn|1\n|\n|t:|1782553597\n|move|p2a: Charizard|Protect|p2a: Charizard\n|-singleturn|p2a: Charizard|Protect\n|move|p1b: Incineroar|Fake Out|p2a: Charizard\n|-activate|p2a: Charizard|move: Protect\n|move|p1a: Volcanion|Steam Eruption|p2a: Charizard\n|-activate|p2a: Charizard|move: Protect\n|move|p2b: Torkoal|Yawn|p1a: Volcanion\n|-start|p1a: Volcanion|move: Yawn|[of] p2b: Torkoal\n|\n|-weather|SunnyDay|[upkeep]\n|-damage|p2a: Charizard|88/100|[from] ability: Solar Power|[of] p2a: Charizard\n|upkeep\n|turn|2\n|inactive|morolltach has 120 seconds left.\n|\n|t:|1782553633\n|switch|p1a: Ninetales|Ninetales-Alola, F|100/100\n|-weather|Snowscape|[from] ability: Snow Warning|[of] p1a: Ninetales\n|switch|p2b: Walking Wake|Walking Wake|100/100\n|move|p2a: Charizard|Heat Wave|p1b: Incineroar|[spread] p1a,p1b\n|-supereffective|p1a: Ninetales\n|-resisted|p1b: Incineroar\n|-damage|p1a: Ninetales|42/100\n|-damage|p1b: Incineroar|86/100\n|-damage|p2a: Charizard|78/100|[from] item: Life Orb\n|move|p1b: Incineroar|Knock Off|p2b: Walking Wake\n|-damage|p2b: Walking Wake|60/100\n|-enditem|p2b: Walking Wake|Assault Vest|[from] move: Knock Off|[of] p1b: Incineroar\n|\n|-weather|Snowscape|[upkeep]\n|upkeep\n|turn|3\n|inactive|morolltach has 120 seconds left.\n|\n|t:|1782553660\n|switch|p2a: Torkoal|Torkoal, F|100/100\n|-weather|SunnyDay|[from] ability: Drought|[of] p2a: Torkoal\n|-activate|p2b: Walking Wake|ability: Protosynthesis\n|-start|p2b: Walking Wake|protosynthesisspa\n|switch|p1b: Volcanion|Volcanion|100/100\n|-terastallize|p1a: Ninetales|Water\n|move|p2b: Walking Wake|Hydro Steam|p1b: Volcanion\n|-immune|p1b: Volcanion|[from] ability: Water Absorb\n|move|p1a: Ninetales|Moonblast|p2b: Walking Wake\n|-supereffective|p2b: Walking Wake\n|-crit|p2b: Walking Wake\n|-damage|p2b: Walking Wake|0 fnt\n|faint|p2b: Walking Wake\n|-end|p2b: Walking Wake|Protosynthesis|[silent]\n|\n|-weather|SunnyDay|[upkeep]\n|upkeep\n|\n|t:|1782553690\n|switch|p2b: Charizard|Charizard, M, shiny|78/100\n|turn|4\n|\n|t:|1782553699\n|switch|p1a: Incineroar|Incineroar, F|86/100\n|-ability|p1a: Incineroar|Intimidate|boost\n|-unboost|p2a: Torkoal|atk|1\n|-unboost|p2b: Charizard|atk|1\n|-terastallize|p2b: Charizard|Dragon\n|move|p2b: Charizard|Dragon Pulse|p1b: Volcanion\n|-damage|p1b: Volcanion|28/100\n|-damage|p2b: Charizard|69/100|[from] item: Life Orb\n|move|p1b: Volcanion|Steam Eruption|p2a: Torkoal\n|-supereffective|p2a: Torkoal\n|-damage|p2a: Torkoal|0 fnt\n|faint|p2a: Torkoal\n|-damage|p1b: Volcanion|18/100|[from] item: Life Orb\n|\n|-weather|SunnyDay|[upkeep]\n|-damage|p2b: Charizard|56/100|[from] ability: Solar Power|[of] p2b: Charizard\n|upkeep\n|\n|t:|1782553720\n|switch|p2a: Tornadus|Tornadus, M|100/100\n|turn|5\n|inactive|morolltach has 120 seconds left.\n|\n|t:|1782553742\n|move|p2b: Charizard|Protect|p2b: Charizard\n|-singleturn|p2b: Charizard|Protect\n|move|p1a: Incineroar|Fake Out|p2a: Tornadus\n|-damage|p2a: Tornadus|85/100\n|move|p2a: Tornadus|Tera Blast|p1b: Volcanion\n|-damage|p1b: Volcanion|0 fnt\n|faint|p1b: Volcanion\n|\n|-weather|SunnyDay|[upkeep]\n|-damage|p2b: Charizard|44/100|[from] ability: Solar Power|[of] p2b: Charizard\n|upkeep\n|\n|t:|1782553754\n|switch|p1b: Ninetales|Ninetales-Alola, F, tera:Water|42/100\n|-weather|Snowscape|[from] ability: Snow Warning|[of] p1b: Ninetales\n|turn|6\n|\n|t:|1782553769\n|move|p2a: Tornadus|Tailwind|p2a: Tornadus\n|-sidestart|p2: morolltach|move: Tailwind\n|move|p2b: Charizard|Dragon Pulse|p1b: Ninetales\n|-damage|p1b: Ninetales|9/100\n|-damage|p2b: Charizard|34/100|[from] item: Life Orb\n|move|p1b: Ninetales|Blizzard|p2a: Tornadus|[spread] p2a,p2b\n|-supereffective|p2a: Tornadus\n|-supereffective|p2b: Charizard\n|-damage|p2a: Tornadus|30/100\n|-damage|p2b: Charizard|0 fnt\n|faint|p2b: Charizard\n|move|p1a: Incineroar|Knock Off|p2a: Tornadus\n|-damage|p2a: Tornadus|0 fnt\n|-enditem|p2a: Tornadus|Covert Cloak|[from] move: Knock Off|[of] p1a: Incineroar\n|faint|p2a: Tornadus\n|\n|-weather|Snowscape|[upkeep]\n|upkeep\n|inactive|morolltach has 120 seconds left.\n|\n|t:|1782553789\n|switch|p2b: Ogerpon|Ogerpon-Hearthflame, F|100/100\n|switch|p2a: Incineroar|Incineroar, M|100/100\n|-ability|p2b: Ogerpon|Mold Breaker\n|-ability|p2a: Incineroar|Intimidate|boost\n|-unboost|p1a: Incineroar|atk|1\n|-unboost|p1b: Ninetales|atk|1\n|turn|7\n|inactive|morolltach has 120 seconds left.\n|\n|t:|1782553818\n|switch|p1b: Amoonguss|Amoonguss, M|100/100\n|move|p2b: Ogerpon|Ivy Cudgel|p1b: Amoonguss|[anim] Ivy Cudgel Fire\n|-supereffective|p1b: Amoonguss\n|-damage|p1b: Amoonguss|0 fnt\n|faint|p1b: Amoonguss\n|move|p2a: Incineroar|Knock Off|p1a: Incineroar\n|-resisted|p1a: Incineroar\n|-crit|p1a: Incineroar\n|-damage|p1a: Incineroar|60/100\n|-enditem|p1a: Incineroar|Sitrus Berry|[from] move: Knock Off|[of] p2a: Incineroar\n|move|p1a: Incineroar|Parting Shot|p2b: Ogerpon\n|-unboost|p2b: Ogerpon|atk|1\n|-unboost|p2b: Ogerpon|spa|1\n|\n|t:|1782553833\n|switch|p1a: Porygon2|Porygon2|100/100|[from] Parting Shot\n|-ability|p1a: Porygon2|Download|boost\n|-boost|p1a: Porygon2|spa|1\n|\n|-weather|Snowscape|[upkeep]\n|upkeep\n|\n|t:|1782553840\n|switch|p1b: Incineroar|Incineroar, F|60/100\n|-ability|p1b: Incineroar|Intimidate|boost\n|-unboost|p2a: Incineroar|atk|1\n|-unboost|p2b: Ogerpon|atk|1\n|turn|8\n|\n|t:|1782553850\n|move|p2b: Ogerpon|Spiky Shield|p2b: Ogerpon\n|-singleturn|p2b: Ogerpon|move: Protect\n|move|p1b: Incineroar|Fake Out|p2b: Ogerpon\n|-activate|p2b: Ogerpon|move: Protect\n|-damage|p1b: Incineroar|48/100|[from] Spiky Shield|[of] p2b: Ogerpon\n|move|p2a: Incineroar|Knock Off|p1a: Porygon2\n|-damage|p1a: Porygon2|84/100\n|-enditem|p1a: Porygon2|Eviolite|[from] move: Knock Off|[of] p2a: Incineroar\n|move|p1a: Porygon2|Trick Room|p1a: Porygon2\n|-fieldstart|move: Trick Room|[of] p1a: Porygon2\n|\n|-weather|Snowscape|[upkeep]\n|upkeep\n|turn|9\n|\n|t:|1782553872\n|move|p1a: Porygon2|Tera Blast|p2b: Ogerpon\n|-damage|p2b: Ogerpon|29/100\n|move|p1b: Incineroar|Parting Shot|p2a: Incineroar\n|-unboost|p2a: Incineroar|atk|1\n|-unboost|p2a: Incineroar|spa|1\n|\n|t:|1782553883\n|switch|p1b: Ninetales|Ninetales-Alola, F, tera:Water|9/100|[from] Parting Shot\n|move|p2a: Incineroar|Flare Blitz|p1a: Porygon2\n|-damage|p1a: Porygon2|61/100\n|-damage|p2a: Incineroar|93/100|[from] Recoil\n|move|p2b: Ogerpon|Ivy Cudgel|p1a: Porygon2|[anim] Ivy Cudgel Fire\n|-damage|p1a: Porygon2|36/100\n|\n|-weather|Snowscape|[upkeep]\n|-sideend|p2: morolltach|move: Tailwind\n|upkeep\n|turn|10\n|\n|t:|1782553907\n|switch|p1b: Incineroar|Incineroar, F|48/100\n|-ability|p1b: Incineroar|Intimidate|boost\n|-unboost|p2a: Incineroar|atk|1\n|-unboost|p2b: Ogerpon|atk|1\n|move|p2b: Ogerpon|Spiky Shield|p2b: Ogerpon\n|-singleturn|p2b: Ogerpon|move: Protect\n|move|p1a: Porygon2|Recover|p1a: Porygon2\n|-heal|p1a: Porygon2|86/100\n|move|p2a: Incineroar|Flare Blitz|p1a: Porygon2\n|-damage|p1a: Porygon2|69/100\n|-status|p1a: Porygon2|brn\n|-damage|p2a: Incineroar|88/100|[from] Recoil\n|\n|-weather|none\n|-damage|p1a: Porygon2|63/100 brn|[from] brn\n|upkeep\n|turn|11\n|\n|t:|1782553927\n|move|p1b: Incineroar|Fake Out|p2a: Incineroar\n|-damage|p2a: Incineroar|79/100\n|move|p1a: Porygon2|Tera Blast|p2b: Ogerpon\n|-damage|p2b: Ogerpon|0 fnt\n|faint|p2b: Ogerpon\n|cant|p2a: Incineroar|flinch\n|\n|-damage|p1a: Porygon2|57/100 brn|[from] brn\n|upkeep\n|turn|12\n|-message|morolltach forfeited.\n|\n|win|refridgenator\n|raw|refridgenator's rating: 1695 &rarr; <strong>1711</strong><br />(+16 for winning)\n|raw|morolltach's rating: 1617 &rarr; <strong>1601</strong><br />(-16 for losing)\n|l|☆morolltach\n|player|p2|\n|c|☆refridgenator|Gg\n|l|☆refridgenator\n|player|p1|\n", "uploadtime": 1782554138, "views": 4, "formatid": "gen9doublesou", "rating": 1601, "private": 0, "password": null}