{"id": "gen9doublesou-2539965599", "format": "[Gen 9] Doubles OU", "players": ["kittyredheart", "cookbayz"], "log": "|j|☆kittyredheart\n|j|☆cookbayz\n|t:|1771134781\n|gametype|doubles\n|player|p1|kittyredheart|elesa|1640\n|player|p2|cookbayz|dancer|1606\n|gen|9\n|tier|[Gen 9] Doubles OU\n|rated|\n|rule|HP Percentage Mod: HP is shown in percentages\n|rule|Endless Battle Clause: Forcing endless battles is banned\n|rule|Species Clause: Limit one of each Pokémon\n|rule|OHKO Clause: OHKO moves are banned\n|rule|Evasion Moves Clause: Evasion moves are banned\n|rule|Gravity Sleep Clause: The combination of sleep-inducing moves with imperfect accuracy and Gravity or Gigantamax Orbeetle are banned\n|rule|Evasion Abilities Clause: Evasion abilities are banned\n|clearpoke\n|poke|p1|Chien-Pao|\n|poke|p1|Jirachi|\n|poke|p1|Incineroar, M|\n|poke|p1|Milotic, F|\n|poke|p1|Grimmsnarl, M|\n|poke|p1|Landorus-Therian, M|\n|poke|p2|Hoopa-Unbound|\n|poke|p2|Indeedee-F, F|\n|poke|p2|Torkoal, F|\n|poke|p2|Diancie|\n|poke|p2|Hatterene, F|\n|poke|p2|Ursaluna, M|\n|teampreview\n|inactive|Battle timer is ON: inactive players will automatically lose when time's up. (requested by cookbayz)\n|\n|t:|1771134802\n|teamsize|p1|6\n|teamsize|p2|6\n|start\n|switch|p1a: Rudger|Grimmsnarl, M, shiny|100/100\n|switch|p1b: Milotic|Milotic, F|100/100\n|switch|p2a: Hoopa|Hoopa-Unbound|100/100\n|switch|p2b: Indeedee|Indeedee-F, F|100/100\n|-fieldstart|move: Psychic Terrain|[from] ability: Psychic Surge|[of] p2b: Indeedee\n|-enditem|p2a: Hoopa|Psychic Seed\n|-boost|p2a: Hoopa|spd|1|[from] item: Psychic Seed\n|turn|1\n|inactive|cookbayz has 120 seconds left.\n|\n|t:|1771134836\n|switch|p2b: Hatterene|Hatterene, F|100/100\n|move|p1a: Rudger|Light Screen|p1a: Rudger\n|-sidestart|p1: kittyredheart|move: Light Screen\n|move|p1b: Milotic|Coil|p1b: Milotic\n|-boost|p1b: Milotic|atk|1\n|-boost|p1b: Milotic|def|1\n|-boost|p1b: Milotic|accuracy|1\n|move|p2a: Hoopa|Expanding Force|p1b: Milotic|[spread] p1b\n|-immune|p1a: Rudger\n|-damage|p1b: Milotic|67/100\n|-item|p2a: Hoopa|Chesto Berry|[from] ability: Magician|[of] p1b: Milotic\n|\n|upkeep\n|turn|2\n|\n|t:|1771134850\n|move|p1b: Milotic|Hypnosis|p2a: Hoopa|[miss]\n|-miss|p1b: Milotic|p2a: Hoopa\n|move|p1a: Rudger|Spirit Break|p2b: Hatterene\n|-damage|p2b: Hatterene|63/100\n|-unboost|p2b: Hatterene|spa|1\n|move|p2a: Hoopa|Dark Pulse|p1b: Milotic\n|-damage|p1b: Milotic|45/100\n|move|p2b: Hatterene|Trick Room|p2b: Hatterene\n|-fieldstart|move: Trick Room|[of] p2b: Hatterene\n|\n|upkeep\n|turn|3\n|\n|t:|1771134862\n|switch|p2b: Ursaluna|Ursaluna, M|100/100\n|move|p2a: Hoopa|Expanding Force|p1a: Rudger|[spread] p1b\n|-immune|p1a: Rudger\n|-damage|p1b: Milotic|14/100\n|move|p1a: Rudger|Spirit Break|p2a: Hoopa\n|-supereffective|p2a: Hoopa\n|-damage|p2a: Hoopa|0 fnt\n|faint|p2a: Hoopa\n|move|p1b: Milotic|Rest|p1b: Milotic\n|-status|p1b: Milotic|slp|[from] move: Rest\n|-heal|p1b: Milotic|100/100 slp|[silent]\n|\n|-status|p2b: Ursaluna|brn|[from] item: Flame Orb\n|upkeep\n|\n|t:|1771134878\n|switch|p2a: Diancie|Diancie|100/100\n|turn|4\n|\n|t:|1771134890\n|switch|p1a: Incineroar|Incineroar, M|100/100\n|-ability|p1a: Incineroar|Intimidate|boost\n|-fail|p2a: Diancie|unboost|[from] ability: Clear Body|[of] p2a: Diancie\n|-unboost|p2b: Ursaluna|atk|1\n|-terastallize|p2b: Ursaluna|Normal\n|move|p2a: Diancie|Body Press|p1a: Incineroar\n|-supereffective|p1a: Incineroar\n|-damage|p1a: Incineroar|54/100\n|move|p2b: Ursaluna|Facade|p1a: Incineroar\n|-damage|p1a: Incineroar|0 fnt\n|faint|p1a: Incineroar\n|cant|p1b: Milotic|slp\n|\n|-damage|p2b: Ursaluna|94/100 brn|[from] brn\n|upkeep\n|\n|t:|1771134902\n|switch|p1a: Landorus|Landorus-Therian, M|100/100\n|-ability|p1a: Landorus|Intimidate|boost\n|-fail|p2a: Diancie|unboost|[from] ability: Clear Body|[of] p2a: Diancie\n|-unboost|p2b: Ursaluna|atk|1\n|turn|5\n|\n|t:|1771134908\n|move|p2a: Diancie|Diamond Storm|p1a: Landorus|[spread] p1a,p1b\n|-damage|p1a: Landorus|53/100\n|-damage|p1b: Milotic|70/100 slp\n|move|p2b: Ursaluna|Facade|p1b: Milotic\n|-damage|p1b: Milotic|17/100 slp\n|-start|p2b: Ursaluna|Attract|[from] ability: Cute Charm|[of] p1b: Milotic\n|cant|p1b: Milotic|slp\n|move|p1a: Landorus|Stealth Rock|p2b: Ursaluna\n|-sidestart|p2: cookbayz|move: Stealth Rock\n|\n|-damage|p2b: Ursaluna|88/100 brn|[from] brn\n|-sideend|p1: kittyredheart|move: Light Screen\n|-fieldend|move: Psychic Terrain\n|upkeep\n|turn|6\n|\n|t:|1771134924\n|switch|p2b: Indeedee|Indeedee-F, F|100/100\n|-damage|p2b: Indeedee|88/100|[from] Stealth Rock\n|-fieldstart|move: Psychic Terrain|[from] ability: Psychic Surge|[of] p2b: Indeedee\n|switch|p1a: Starkle|Jirachi|100/100\n|move|p2a: Diancie|Diamond Storm|p1a: Starkle|[spread] p1a,p1b\n|-resisted|p1a: Starkle\n|-damage|p1a: Starkle|83/100\n|-damage|p1b: Milotic|0 fnt\n|faint|p1b: Milotic\n|\n|-heal|p1a: Starkle|90/100|[from] item: Leftovers\n|-fieldend|move: Trick Room\n|upkeep\n|\n|t:|1771134936\n|switch|p1b: Chien-Pao|Chien-Pao|100/100\n|-ability|p1b: Chien-Pao|Sword of Ruin\n|turn|7\n|\n|t:|1771134957\n|move|p2b: Indeedee|Follow Me|p2b: Indeedee\n|-singleturn|p2b: Indeedee|move: Follow Me\n|move|p1b: Chien-Pao|Crunch|p2b: Indeedee\n|-supereffective|p2b: Indeedee\n|-damage|p2b: Indeedee|0 fnt\n|faint|p2b: Indeedee\n|move|p1a: Starkle|Cosmic Power|p1a: Starkle\n|-boost|p1a: Starkle|def|1\n|-boost|p1a: Starkle|spd|1\n|move|p2a: Diancie|Trick Room|p2a: Diancie\n|-fieldstart|move: Trick Room|[of] p2a: Diancie\n|\n|-heal|p1a: Starkle|96/100|[from] item: Leftovers\n|upkeep\n|\n|t:|1771134961\n|switch|p2b: Torkoal|Torkoal, F|100/100\n|-damage|p2b: Torkoal|76/100|[from] Stealth Rock\n|-weather|SunnyDay|[from] ability: Drought|[of] p2b: Torkoal\n|turn|8\n|\n|t:|1771134979\n|-terastallize|p1a: Starkle|Dark\n|move|p2b: Torkoal|Eruption|p1a: Starkle|[spread] p1a,p1b\n|-supereffective|p1b: Chien-Pao\n|-damage|p1a: Starkle|66/100\n|-damage|p1b: Chien-Pao|0 fnt\n|faint|p1b: Chien-Pao\n|move|p2a: Diancie|Diamond Storm|p1a: Starkle\n|-damage|p1a: Starkle|37/100\n|-boost|p2a: Diancie|def|2\n|move|p1a: Starkle|Wish|p1a: Starkle\n|\n|-weather|SunnyDay|[upkeep]\n|-heal|p1a: Starkle|43/100|[from] item: Leftovers\n|upkeep\n|\n|t:|1771134989\n|switch|p1b: Rudger|Grimmsnarl, M, shiny|100/100\n|turn|9\n|\n|t:|1771134994\n|move|p1b: Rudger|Light Screen|p1b: Rudger\n|-sidestart|p1: kittyredheart|move: Light Screen\n|move|p2b: Torkoal|Eruption|p1b: Rudger|[spread] p1a,p1b\n|-damage|p1a: Starkle|22/100\n|-damage|p1b: Rudger|63/100\n|move|p2a: Diancie|Body Press|p1a: Starkle\n|-supereffective|p1a: Starkle\n|-damage|p1a: Starkle|0 fnt\n|faint|p1a: Starkle\n|\n|-weather|SunnyDay|[upkeep]\n|upkeep\n|\n|t:|1771135001\n|switch|p1a: Landorus|Landorus-Therian, M|53/100\n|-ability|p1a: Landorus|Intimidate|boost\n|-fail|p2a: Diancie|unboost|[from] ability: Clear Body|[of] p2a: Diancie\n|-unboost|p2b: Torkoal|atk|1\n|turn|10\n|-message|kittyredheart forfeited.\n|\n|win|cookbayz\n|raw|kittyredheart's rating: 1616 &rarr; <strong>1595</strong><br />(-21 for losing)\n|raw|cookbayz's rating: 1606 &rarr; <strong>1627</strong><br />(+21 for winning)\n|l|☆kittyredheart\n|player|p1|\n|l|☆cookbayz\n|player|p2|\n", "uploadtime": 1771135395, "views": 16, "formatid": "gen9doublesou", "rating": 1595, "private": 0, "password": null}