{"id": "gen9doublesou-2540751902", "format": "[Gen 9] Doubles OU", "players": ["22sbalce", "goldmembernl97"], "log": "|j|☆22sbalce\n|j|☆goldmembernl97\n|t:|1771249806\n|gametype|doubles\n|player|p1|22sbalce|bruno|1576\n|player|p2|goldmembernl97|shadowtriad|1549\n|gen|9\n|tier|[Gen 9] Doubles OU\n|rated|\n|rule|HP Percentage Mod: HP is shown in percentages\n|rule|Endless Battle Clause: Forcing endless battles is banned\n|rule|Species Clause: Limit one of each Pokémon\n|rule|OHKO Clause: OHKO moves are banned\n|rule|Evasion Moves Clause: Evasion moves are banned\n|rule|Gravity Sleep Clause: The combination of sleep-inducing moves with imperfect accuracy and Gravity or Gigantamax Orbeetle are banned\n|rule|Evasion Abilities Clause: Evasion abilities are banned\n|clearpoke\n|poke|p1|Gholdengo|\n|poke|p1|Ogerpon-Wellspring, F|\n|poke|p1|Incineroar, F|\n|poke|p1|Raging Bolt|\n|poke|p1|Chien-Pao|\n|poke|p1|Tornadus, M|\n|poke|p2|Volcarona, M|\n|poke|p2|Ogerpon-Wellspring, F|\n|poke|p2|Diancie|\n|poke|p2|Porygon2|\n|poke|p2|Tornadus, M|\n|poke|p2|Landorus, M|\n|teampreview\n|inactive|Battle timer is ON: inactive players will automatically lose when time's up. (requested by 22sbalce)\n|\n|t:|1771249819\n|teamsize|p1|6\n|teamsize|p2|6\n|start\n|switch|p1a: Raphina|Incineroar, F|100/100\n|switch|p1b: Fermín|Chien-Pao|100/100\n|switch|p2a: Diancie|Diancie|100/100\n|switch|p2b: Landorus|Landorus, M|100/100\n|-ability|p1b: Fermín|Sword of Ruin\n|-ability|p1a: Raphina|Intimidate|boost\n|-fail|p2a: Diancie|unboost|[from] ability: Clear Body|[of] p2a: Diancie\n|-unboost|p2b: Landorus|atk|1\n|turn|1\n|\n|t:|1771249832\n|switch|p2b: Porygon2|Porygon2|100/100\n|-ability|p2b: Porygon2|Intimidate|Trace|[from] ability: Trace|[of] p1a: Raphina\n|-ability|p2b: Porygon2|Intimidate|boost\n|-unboost|p1a: Raphina|atk|1\n|-unboost|p1b: Fermín|atk|1\n|move|p1a: Raphina|Fake Out|p2a: Diancie\n|-resisted|p2a: Diancie\n|-damage|p2a: Diancie|97/100\n|move|p1b: Fermín|Icicle Crash|p2b: Porygon2\n|-damage|p2b: Porygon2|72/100\n|cant|p2a: Diancie|flinch\n|\n|-heal|p2a: Diancie|100/100|[from] item: Leftovers\n|upkeep\n|turn|2\n|\n|t:|1771249849\n|switch|p1b: Cubarsi|Ogerpon-Wellspring, F|100/100\n|move|p1a: Raphina|Parting Shot|p2b: Porygon2\n|-unboost|p2b: Porygon2|atk|1\n|-unboost|p2b: Porygon2|spa|1\n|\n|t:|1771249853\n|switch|p1a: Lamine|Gholdengo|100/100|[from] Parting Shot\n|move|p2b: Porygon2|Tri Attack|p1b: Cubarsi\n|-damage|p1b: Cubarsi|73/100\n|move|p2a: Diancie|Diamond Storm|p1a: Lamine|[spread] p1a,p1b\n|-resisted|p1a: Lamine\n|-damage|p1a: Lamine|84/100\n|-damage|p1b: Cubarsi|35/100\n|-boost|p2a: Diancie|def|2\n|\n|-heal|p1a: Lamine|90/100|[from] item: Leftovers\n|upkeep\n|turn|3\n|\n|t:|1771249874\n|switch|p2b: Tornadus|Tornadus, M|100/100\n|move|p2a: Diancie|Protect|p2a: Diancie\n|-singleturn|p2a: Diancie|Protect\n|move|p1b: Cubarsi|Ivy Cudgel|p2b: Tornadus|[anim] Ivy Cudgel Water\n|-damage|p2b: Tornadus|48/100\n|move|p1a: Lamine|Make It Rain|p2b: Tornadus|[spread] p2b\n|-activate|p2a: Diancie|move: Protect\n|-damage|p2b: Tornadus|4/100\n|-unboost|p1a: Lamine|spa|1\n|\n|-heal|p1a: Lamine|96/100|[from] item: Leftovers\n|upkeep\n|turn|4\n|\n|t:|1771249897\n|switch|p2a: Porygon2|Porygon2|72/100\n|-ability|p2a: Porygon2|Good as Gold|Trace|[from] ability: Trace|[of] p1a: Lamine\n|move|p1b: Cubarsi|Spiky Shield|p1b: Cubarsi\n|-singleturn|p1b: Cubarsi|move: Protect\n|move|p2b: Tornadus|Tailwind|p2b: Tornadus\n|-sidestart|p2: goldmembernl97|move: Tailwind\n|move|p1a: Lamine|Make It Rain|p2a: Porygon2|[spread] p2a,p2b\n|-damage|p2a: Porygon2|50/100\n|-damage|p2b: Tornadus|0 fnt\n|-unboost|p1a: Lamine|spa|1\n|faint|p2b: Tornadus\n|\n|-heal|p1a: Lamine|100/100|[from] item: Leftovers\n|upkeep\n|inactive|goldmembernl97 has 120 seconds left.\n|\n|t:|1771249913\n|switch|p2b: Landorus|Landorus, M|100/100\n|turn|5\n|inactive|22sbalce has 120 seconds left.\n|\n|t:|1771249951\n|switch|p1b: Pedri|Tornadus, M|100/100\n|switch|p1a: Raphina|Incineroar, F|100/100\n|-ability|p1a: Raphina|Intimidate|boost\n|-unboost|p2a: Porygon2|atk|1\n|-unboost|p2b: Landorus|atk|1\n|move|p2b: Landorus|Protect|p2b: Landorus\n|-singleturn|p2b: Landorus|Protect\n|move|p2a: Porygon2|Tri Attack|p1b: Pedri\n|-damage|p1b: Pedri|60/100\n|\n|upkeep\n|turn|6\n|inactive|22sbalce has 120 seconds left.\n|\n|t:|1771249980\n|move|p1a: Raphina|Fake Out|p2b: Landorus\n|-damage|p2b: Landorus|89/100\n|cant|p2b: Landorus|flinch\n|move|p2a: Porygon2|Ice Beam|p1b: Pedri\n|-supereffective|p1b: Pedri\n|-damage|p1b: Pedri|0 fnt\n|faint|p1b: Pedri\n|\n|upkeep\n|\n|t:|1771249991\n|switch|p1b: Fermín|Chien-Pao|100/100\n|-ability|p1b: Fermín|Sword of Ruin\n|turn|7\n|\n|t:|1771250002\n|move|p1b: Fermín|Protect|p1b: Fermín\n|-singleturn|p1b: Fermín|Protect\n|move|p2b: Landorus|Earth Power|p1a: Raphina\n|-supereffective|p1a: Raphina\n|-damage|p1a: Raphina|0 fnt\n|faint|p1a: Raphina\n|move|p2a: Porygon2|Tri Attack|p1b: Fermín\n|-activate|p1b: Fermín|move: Protect\n|\n|-sideend|p2: goldmembernl97|move: Tailwind\n|upkeep\n|\n|t:|1771250011\n|switch|p1a: Lewandowski|Raging Bolt|100/100\n|turn|8\n|\n|t:|1771250018\n|switch|p2b: Diancie|Diancie|100/100\n|move|p1b: Fermín|Icicle Crash|p2b: Diancie\n|-damage|p2b: Diancie|49/100\n|move|p1a: Lewandowski|Thunderbolt|p2a: Porygon2\n|-damage|p2a: Porygon2|18/100\n|move|p2a: Porygon2|Tri Attack|p1b: Fermín\n|-damage|p1b: Fermín|40/100\n|\n|-heal|p2b: Diancie|55/100|[from] item: Leftovers\n|upkeep\n|turn|9\n|\n|t:|1771250031\n|move|p1b: Fermín|Protect|p1b: Fermín\n|-singleturn|p1b: Fermín|Protect\n|move|p1a: Lewandowski|Thunderbolt|p2a: Porygon2\n|-damage|p2a: Porygon2|0 fnt\n|faint|p2a: Porygon2\n|move|p2b: Diancie|Play Rough|p1a: Lewandowski\n|-supereffective|p1a: Lewandowski\n|-damage|p1a: Lewandowski|20/100\n|\n|-heal|p2b: Diancie|62/100|[from] item: Leftovers\n|upkeep\n|\n|t:|1771250043\n|switch|p2a: Volcarona|Volcarona, M|100/100\n|turn|10\n|\n|t:|1771250054\n|switch|p1b: Cubarsi|Ogerpon-Wellspring, F|35/100\n|move|p2a: Volcarona|Fiery Dance|p1b: Cubarsi\n|-damage|p1b: Cubarsi|0 fnt\n|-boost|p2a: Volcarona|spa|1\n|faint|p1b: Cubarsi\n|move|p1a: Lewandowski|Draco Meteor|p2a: Volcarona\n|-damage|p2a: Volcarona|39/100\n|-unboost|p1a: Lewandowski|spa|2\n|move|p2b: Diancie|Diamond Storm|p1a: Lewandowski\n|-damage|p1a: Lewandowski|0 fnt\n|-boost|p2b: Diancie|def|2\n|faint|p1a: Lewandowski\n|-end|p1a: Lewandowski|Protosynthesis|[silent]\n|\n|-heal|p2b: Diancie|68/100|[from] item: Leftovers\n|upkeep\n|l|☆22sbalce\n|inactive|22sbalce disconnected and has a minute to reconnect!\n|player|p1|\n|inactive|22sbalce has 30 seconds to reconnect!\n|inactive|22sbalce has 20 seconds to reconnect!\n|inactive|22sbalce has 15 seconds to reconnect!\n|inactive|22sbalce has 10 seconds to reconnect!\n|inactive|22sbalce has 5 seconds to reconnect!\n|-message|22sbalce lost due to inactivity.\n|\n|win|goldmembernl97\n|raw|22sbalce's rating: 1576 &rarr; <strong>1554</strong><br />(-22 for losing)\n|raw|goldmembernl97's rating: 1549 &rarr; <strong>1571</strong><br />(+22 for winning)\n|l|☆goldmembernl97\n|player|p2|\n", "uploadtime": 1771250517, "views": 7, "formatid": "gen9doublesou", "rating": 1554, "private": 0, "password": null}