{"id": "gen9doublesou-2540929644", "format": "[Gen 9] Doubles OU", "players": ["Nicknickpitapita", "alexander90281"], "log": "|j|☆Nicknickpitapita\n|j|☆alexander90281\n|t:|1771268155\n|gametype|doubles\n|player|p1|Nicknickpitapita|pokemonbreeder|1512\n|player|p2|alexander90281|tateandliza-gen3|1707\n|gen|9\n|tier|[Gen 9] Doubles OU\n|rated|\n|rule|HP Percentage Mod: HP is shown in percentages\n|rule|Endless Battle Clause: Forcing endless battles is banned\n|rule|Species Clause: Limit one of each Pokémon\n|rule|OHKO Clause: OHKO moves are banned\n|rule|Evasion Moves Clause: Evasion moves are banned\n|rule|Gravity Sleep Clause: The combination of sleep-inducing moves with imperfect accuracy and Gravity or Gigantamax Orbeetle are banned\n|rule|Evasion Abilities Clause: Evasion abilities are banned\n|clearpoke\n|poke|p1|Ting-Lu|\n|poke|p1|Incineroar, F|\n|poke|p1|Dragonite, M|\n|poke|p1|Garganacl, M|\n|poke|p1|Ogerpon, F|\n|poke|p1|Basculegion-F, F|\n|poke|p2|Whimsicott, M|\n|poke|p2|Terrakion|\n|poke|p2|Flamigo, F|\n|poke|p2|Ursaluna, M|\n|poke|p2|Indeedee-F, F|\n|poke|p2|Hatterene, F|\n|teampreview\n|l|☆Nicknickpitapita\n|player|p1|\n|j|☆Nicknickpitapita\n|player|p1|Nicknickpitapita|pokemonbreeder|\n|\n|t:|1771268246\n|teamsize|p1|6\n|teamsize|p2|6\n|start\n|switch|p1a: Olivia|Incineroar, F|100/100\n|switch|p1b: Ogerpon|Ogerpon, F|100/100\n|switch|p2a: Whimsicott|Whimsicott, M|100/100\n|switch|p2b: Terrakion|Terrakion|100/100\n|-ability|p1a: Olivia|Intimidate|boost\n|-unboost|p2a: Whimsicott|atk|1\n|-unboost|p2b: Terrakion|atk|1\n|turn|1\n|\n|t:|1771268254\n|move|p2b: Terrakion|Protect|p2b: Terrakion\n|-singleturn|p2b: Terrakion|Protect\n|move|p2a: Whimsicott|Tailwind|p2a: Whimsicott\n|-sidestart|p2: alexander90281|move: Tailwind\n|move|p1b: Ogerpon|Rock Tomb|p2b: Terrakion\n|-activate|p2b: Terrakion|move: Protect\n|move|p1a: Olivia|Will-O-Wisp|p2b: Terrakion\n|-activate|p2b: Terrakion|move: Protect\n|\n|upkeep\n|turn|2\n|\n|t:|1771268267\n|move|p1b: Ogerpon|Follow Me|p1b: Ogerpon\n|-singleturn|p1b: Ogerpon|move: Follow Me\n|move|p2a: Whimsicott|Beat Up|p1b: Ogerpon\n|-damage|p1b: Ogerpon|99/100\n|-damage|p1b: Ogerpon|97/100\n|-crit|p1b: Ogerpon\n|-damage|p1b: Ogerpon|93/100\n|-damage|p1b: Ogerpon|91/100\n|-damage|p1b: Ogerpon|89/100\n|-damage|p1b: Ogerpon|87/100\n|-hitcount|p1b: Ogerpon|6\n|move|p2b: Terrakion|Rock Slide|p1a: Olivia|[spread] p1a,p1b\n|-supereffective|p1a: Olivia\n|-damage|p1a: Olivia|65/100\n|-damage|p1b: Ogerpon|67/100\n|move|p1a: Olivia|Will-O-Wisp|p2b: Terrakion\n|-status|p2b: Terrakion|brn\n|\n|-damage|p2b: Terrakion|94/100 brn|[from] brn\n|upkeep\n|turn|3\n|\n|t:|1771268293\n|move|p1b: Ogerpon|Follow Me|p1b: Ogerpon\n|-singleturn|p1b: Ogerpon|move: Follow Me\n|move|p2a: Whimsicott|Light Screen|p2a: Whimsicott\n|-sidestart|p2: alexander90281|move: Light Screen\n|move|p2b: Terrakion|Rock Slide|p1a: Olivia|[spread] p1a,p1b\n|-supereffective|p1a: Olivia\n|-damage|p1a: Olivia|47/100\n|-damage|p1b: Ogerpon|58/100\n|move|p1a: Olivia|Flare Blitz|p2a: Whimsicott\n|-supereffective|p2a: Whimsicott\n|-enditem|p2a: Whimsicott|Focus Sash\n|-damage|p2a: Whimsicott|1/100\n|-damage|p1a: Olivia|25/100|[from] Recoil\n|\n|-damage|p2b: Terrakion|88/100 brn|[from] brn\n|upkeep\n|turn|4\n|\n|t:|1771268326\n|move|p1b: Ogerpon|Follow Me|p1b: Ogerpon\n|-singleturn|p1b: Ogerpon|move: Follow Me\n|move|p2a: Whimsicott|Dazzling Gleam|p1b: Ogerpon|[spread] p1a,p1b\n|-damage|p1a: Olivia|3/100\n|-damage|p1b: Ogerpon|39/100\n|move|p2b: Terrakion|Rock Slide|p1a: Olivia|[spread] p1a,p1b\n|-supereffective|p1a: Olivia\n|-damage|p1a: Olivia|0 fnt\n|-damage|p1b: Ogerpon|29/100\n|faint|p1a: Olivia\n|\n|-damage|p2b: Terrakion|82/100 brn|[from] brn\n|-sideend|p2: alexander90281|move: Tailwind\n|upkeep\n|\n|t:|1771268338\n|switch|p1a: The ACE|Dragonite, M|100/100\n|turn|5\n|\n|t:|1771268344\n|move|p1a: The ACE|Extreme Speed|p2a: Whimsicott\n|-damage|p2a: Whimsicott|0 fnt\n|faint|p2a: Whimsicott\n|move|p2b: Terrakion|Rock Slide|p1a: The ACE|[spread] p1a\n|-miss|p2b: Terrakion|p1b: Ogerpon\n|-supereffective|p1a: The ACE\n|-damage|p1a: The ACE|91/100\n|-enditem|p1a: The ACE|Weakness Policy\n|-boost|p1a: The ACE|atk|2|[from] item: Weakness Policy\n|-boost|p1a: The ACE|spa|2|[from] item: Weakness Policy\n|move|p1b: Ogerpon|Horn Leech|p2b: Terrakion\n|-supereffective|p2b: Terrakion\n|-damage|p2b: Terrakion|2/100 brn\n|-heal|p1b: Ogerpon|72/100|[from] drain|[of] p2b: Terrakion\n|\n|-damage|p2b: Terrakion|0 fnt|[from] brn\n|faint|p2b: Terrakion\n|upkeep\n|\n|t:|1771268349\n|switch|p2a: Indeedee|Indeedee-F, F|100/100\n|switch|p2b: Hatterene|Hatterene, F|100/100\n|-fieldstart|move: Psychic Terrain|[from] ability: Psychic Surge|[of] p2a: Indeedee\n|turn|6\n|\n|t:|1771268377\n|move|p2a: Indeedee|Follow Me|p2a: Indeedee\n|-singleturn|p2a: Indeedee|move: Follow Me\n|move|p1b: Ogerpon|Horn Leech|p2a: Indeedee\n|-damage|p2a: Indeedee|52/100\n|-heal|p1b: Ogerpon|99/100|[from] drain|[of] p2a: Indeedee\n|move|p1a: The ACE|Ice Spinner|p2a: Indeedee\n|-damage|p2a: Indeedee|0 fnt\n|-fieldend|move: Psychic Terrain\n|faint|p2a: Indeedee\n|move|p2b: Hatterene|Trick Room|p2b: Hatterene\n|-fieldstart|move: Trick Room|[of] p2b: Hatterene\n|\n|upkeep\n|\n|t:|1771268403\n|switch|p2a: Flamigo|Flamigo, F|100/100\n|-copyboost|p2a: Flamigo|p2b: Hatterene|[from] ability: Costar\n|turn|7\n|\n|t:|1771268414\n|move|p2a: Flamigo|Upper Hand||[still]\n|-fail|p2a: Flamigo\n|move|p1a: The ACE|Extreme Speed|p2a: Flamigo\n|-damage|p2a: Flamigo|10/100\n|move|p1b: Ogerpon|Follow Me|p1b: Ogerpon\n|-singleturn|p1b: Ogerpon|move: Follow Me\n|move|p2b: Hatterene|Dazzling Gleam|p1b: Ogerpon|[spread] p1a,p1b\n|-supereffective|p1a: The ACE\n|-damage|p1a: The ACE|30/100\n|-damage|p1b: Ogerpon|66/100\n|\n|-sideend|p2: alexander90281|move: Light Screen\n|upkeep\n|turn|8\n|\n|t:|1771268428\n|move|p2a: Flamigo|Upper Hand|p1a: The ACE\n|-resisted|p1a: The ACE\n|-damage|p1a: The ACE|16/100\n|cant|p1a: The ACE|flinch\n|move|p2b: Hatterene|Dazzling Gleam|p1b: Ogerpon|[spread] p1a,p1b\n|-supereffective|p1a: The ACE\n|-damage|p1a: The ACE|0 fnt\n|-damage|p1b: Ogerpon|33/100\n|faint|p1a: The ACE\n|move|p1b: Ogerpon|Horn Leech|p2a: Flamigo\n|-resisted|p2a: Flamigo\n|-damage|p2a: Flamigo|0 fnt\n|-heal|p1b: Ogerpon|38/100|[from] drain|[of] p2a: Flamigo\n|faint|p2a: Flamigo\n|\n|upkeep\n|\n|t:|1771268445\n|switch|p1a: Special wall|Ting-Lu, shiny|100/100\n|switch|p2a: Ursaluna|Ursaluna, M|100/100\n|-ability|p1a: Special wall|Vessel of Ruin\n|turn|9\n|\n|t:|1771268454\n|move|p2b: Hatterene|Expanding Force|p1b: Ogerpon\n|-damage|p1b: Ogerpon|1/100\n|move|p2a: Ursaluna|Swords Dance|p2a: Ursaluna\n|-boost|p2a: Ursaluna|atk|2\n|move|p1a: Special wall|Snarl|p2a: Ursaluna|[spread] p2a,p2b\n|-damage|p2a: Ursaluna|94/100\n|-damage|p2b: Hatterene|93/100\n|-unboost|p2a: Ursaluna|spa|1\n|-unboost|p2b: Hatterene|spa|1\n|move|p1b: Ogerpon|Horn Leech|p2b: Hatterene\n|-damage|p2b: Hatterene|57/100\n|-heal|p1b: Ogerpon|19/100|[from] drain|[of] p2b: Hatterene\n|\n|-status|p2a: Ursaluna|brn|[from] item: Flame Orb\n|upkeep\n|turn|10\n|\n|t:|1771268471\n|switch|p1a: Late game sweeper|Basculegion-F, F|100/100\n|move|p1b: Ogerpon|Spiky Shield|p1b: Ogerpon\n|-singleturn|p1b: Ogerpon|move: Protect\n|move|p2b: Hatterene|Dazzling Gleam|p1b: Ogerpon|[spread] p1a\n|-activate|p1b: Ogerpon|move: Protect\n|-damage|p1a: Late game sweeper|72/100\n|move|p2a: Ursaluna|Facade|p1a: Late game sweeper\n|-immune|p1a: Late game sweeper\n|\n|-damage|p2a: Ursaluna|88/100 brn|[from] brn\n|-fieldend|move: Trick Room\n|upkeep\n|turn|11\n|\n|t:|1771268496\n|-terastallize|p2a: Ursaluna|Ghost\n|move|p1a: Late game sweeper|Flip Turn|p2a: Ursaluna\n|-damage|p2a: Ursaluna|66/100 brn\n|\n|t:|1771268503\n|switch|p1a: Labyrinth|Garganacl, M, shiny|100/100|[from] Flip Turn\n|move|p1b: Ogerpon|Horn Leech|p2b: Hatterene\n|-damage|p2b: Hatterene|17/100\n|-heal|p1b: Ogerpon|41/100|[from] drain|[of] p2b: Hatterene\n|move|p2a: Ursaluna|High Horsepower|p1a: Labyrinth\n|-supereffective|p1a: Labyrinth\n|-damage|p1a: Labyrinth|0 fnt\n|faint|p1a: Labyrinth\n|move|p2b: Hatterene|Trick Room|p2b: Hatterene\n|-fieldstart|move: Trick Room|[of] p2b: Hatterene\n|\n|-damage|p2a: Ursaluna|60/100 brn|[from] brn\n|upkeep\n|\n|t:|1771268521\n|switch|p1a: Late game sweeper|Basculegion-F, F|72/100\n|turn|12\n|\n|t:|1771268542\n|move|p1b: Ogerpon|Follow Me|p1b: Ogerpon\n|-singleturn|p1b: Ogerpon|move: Follow Me\n|move|p2b: Hatterene|Dazzling Gleam|p1b: Ogerpon|[spread] p1a,p1b\n|-damage|p1a: Late game sweeper|44/100\n|-damage|p1b: Ogerpon|20/100\n|move|p2a: Ursaluna|Rock Slide|p1b: Ogerpon|[spread] p1a,p1b\n|-damage|p1a: Late game sweeper|0 fnt\n|-damage|p1b: Ogerpon|0 fnt\n|faint|p1a: Late game sweeper\n|faint|p1b: Ogerpon\n|\n|-damage|p2a: Ursaluna|54/100 brn|[from] brn\n|upkeep\n|\n|t:|1771268551\n|switch|p1b: Special wall|Ting-Lu, shiny|100/100\n|-ability|p1b: Special wall|Vessel of Ruin\n|turn|13\n|\n|t:|1771268556\n|-terastallize|p1b: Special wall|Steel\n|move|p2b: Hatterene|Dazzling Gleam|p1b: Special wall\n|-resisted|p1b: Special wall\n|-damage|p1b: Special wall|96/100\n|move|p2a: Ursaluna|Facade|p1b: Special wall\n|-resisted|p1b: Special wall\n|-damage|p1b: Special wall|32/100\n|move|p1b: Special wall|Earthquake|p2a: Ursaluna|[spread] p2a,p2b\n|-damage|p2a: Ursaluna|32/100 brn\n|-damage|p2b: Hatterene|0 fnt\n|faint|p2b: Hatterene\n|\n|-damage|p2a: Ursaluna|26/100 brn|[from] brn\n|upkeep\n|turn|14\n|\n|t:|1771268572\n|move|p2a: Ursaluna|Facade|p1b: Special wall\n|-resisted|p1b: Special wall\n|-damage|p1b: Special wall|0 fnt\n|faint|p1b: Special wall\n|\n|win|alexander90281\n|raw|Nicknickpitapita's rating: 1512 &rarr; <strong>1502</strong><br />(-10 for losing)\n|raw|alexander90281's rating: 1707 &rarr; <strong>1717</strong><br />(+10 for winning)\n|l|☆alexander90281\n|player|p2|\n|l|☆Nicknickpitapita\n|player|p1|\n", "uploadtime": 1771268921, "views": 1, "formatid": "gen9doublesou", "rating": 1502, "private": 0, "password": null}