{"id": "gen9doublesou-2540315330", "format": "[Gen 9] Doubles OU", "players": ["gonzafifa1999", "ismelllikesocksbro"], "log": "|j|☆gonzafifa1999\n|j|☆ismelllikesocksbro\n|t:|1771187853\n|gametype|doubles\n|player|p1|gonzafifa1999|266|1588\n|player|p2|ismelllikesocksbro|wallace|1681\n|gen|9\n|tier|[Gen 9] Doubles OU\n|rated|\n|rule|HP Percentage Mod: HP is shown in percentages\n|rule|Endless Battle Clause: Forcing endless battles is banned\n|rule|Species Clause: Limit one of each Pokémon\n|rule|OHKO Clause: OHKO moves are banned\n|rule|Evasion Moves Clause: Evasion moves are banned\n|rule|Gravity Sleep Clause: The combination of sleep-inducing moves with imperfect accuracy and Gravity or Gigantamax Orbeetle are banned\n|rule|Evasion Abilities Clause: Evasion abilities are banned\n|clearpoke\n|poke|p1|Incineroar, M|\n|poke|p1|Amoonguss, M|\n|poke|p1|Farigiraf, F|\n|poke|p1|Raging Bolt|\n|poke|p1|Ursaluna-Bloodmoon, M|\n|poke|p1|Torkoal, F|\n|poke|p2|Chien-Pao|\n|poke|p2|Raging Bolt|\n|poke|p2|Incineroar, M|\n|poke|p2|Rillaboom, M|\n|poke|p2|Ogerpon-Hearthflame, F|\n|poke|p2|Landorus, M|\n|teampreview\n|inactive|Battle timer is ON: inactive players will automatically lose when time's up. (requested by ismelllikesocksbro)\n|\n|t:|1771187864\n|teamsize|p1|6\n|teamsize|p2|6\n|start\n|switch|p1a: Farigiraf|Farigiraf, F|100/100\n|switch|p1b: Mi oro|Incineroar, M|100/100\n|switch|p2a: Raging Bolt|Raging Bolt|100/100\n|switch|p2b: Rillaboom|Rillaboom, M|100/100\n|-fieldstart|move: Grassy Terrain|[from] ability: Grassy Surge|[of] p2b: Rillaboom\n|-ability|p1b: Mi oro|Intimidate|boost\n|-unboost|p2a: Raging Bolt|atk|1\n|-unboost|p2b: Rillaboom|atk|1\n|turn|1\n|\n|t:|1771187885\n|switch|p2b: Incineroar|Incineroar, M|100/100\n|-ability|p2b: Incineroar|Intimidate|boost\n|-unboost|p1a: Farigiraf|atk|1\n|-unboost|p1b: Mi oro|atk|1\n|move|p1b: Mi oro|Fake Out|p2a: Raging Bolt\n|-damage|p2a: Raging Bolt|94/100\n|cant|p2a: Raging Bolt|flinch\n|move|p1a: Farigiraf|Trick Room|p1a: Farigiraf\n|-fieldstart|move: Trick Room|[of] p1a: Farigiraf\n|\n|-heal|p2a: Raging Bolt|100/100|[from] Grassy Terrain\n|upkeep\n|turn|2\n|\n|t:|1771187906\n|move|p1a: Farigiraf|Psychic|p2a: Raging Bolt\n|-damage|p2a: Raging Bolt|60/100\n|move|p1b: Mi oro|Knock Off|p2a: Raging Bolt\n|-damage|p2a: Raging Bolt|41/100\n|-enditem|p2a: Raging Bolt|Leftovers|[from] move: Knock Off|[of] p1b: Mi oro\n|move|p2b: Incineroar|Parting Shot|p1a: Farigiraf\n|-unboost|p1a: Farigiraf|atk|1\n|-unboost|p1a: Farigiraf|spa|1\n|\n|t:|1771187918\n|switch|p2b: Landorus|Landorus, M|100/100|[from] Parting Shot\n|move|p2a: Raging Bolt|Calm Mind|p2a: Raging Bolt\n|-boost|p2a: Raging Bolt|spa|1\n|-boost|p2a: Raging Bolt|spd|1\n|\n|-heal|p2a: Raging Bolt|47/100|[from] Grassy Terrain\n|upkeep\n|turn|3\n|\n|t:|1771187945\n|switch|p2b: Incineroar|Incineroar, M|100/100\n|-ability|p2b: Incineroar|Intimidate|boost\n|-unboost|p1a: Farigiraf|atk|1\n|-unboost|p1b: Mi oro|atk|1\n|move|p2a: Raging Bolt|Protect|p2a: Raging Bolt\n|-singleturn|p2a: Raging Bolt|Protect\n|move|p1a: Farigiraf|Psychic|p2a: Raging Bolt\n|-activate|p2a: Raging Bolt|move: Protect\n|move|p1b: Mi oro|Parting Shot|p2a: Raging Bolt\n|-activate|p2a: Raging Bolt|move: Protect\n|\n|-heal|p2a: Raging Bolt|53/100|[from] Grassy Terrain\n|upkeep\n|turn|4\n|\n|t:|1771187969\n|move|p1a: Farigiraf|Psychic|p2a: Raging Bolt\n|-damage|p2a: Raging Bolt|36/100\n|move|p1b: Mi oro|Parting Shot|p2a: Raging Bolt\n|-unboost|p2a: Raging Bolt|atk|1\n|-unboost|p2a: Raging Bolt|spa|1\n|\n|t:|1771187984\n|switch|p1b: Arrrr|Ursaluna-Bloodmoon, M|100/100|[from] Parting Shot\n|move|p2b: Incineroar|Parting Shot|p1a: Farigiraf\n|-unboost|p1a: Farigiraf|atk|1\n|-unboost|p1a: Farigiraf|spa|1\n|\n|t:|1771187990\n|switch|p2b: Chien-Pao|Chien-Pao, shiny|100/100|[from] Parting Shot\n|-ability|p2b: Chien-Pao|Sword of Ruin\n|move|p2a: Raging Bolt|Calm Mind|p2a: Raging Bolt\n|-boost|p2a: Raging Bolt|spa|1\n|-boost|p2a: Raging Bolt|spd|1\n|\n|-heal|p2a: Raging Bolt|42/100|[from] Grassy Terrain\n|upkeep\n|turn|5\n|inactive|gonzafifa1999 has 120 seconds left.\n|\n|t:|1771188022\n|switch|p1a: Mi oro|Incineroar, M|100/100\n|-ability|p1a: Mi oro|Intimidate|boost\n|-unboost|p2a: Raging Bolt|atk|1\n|-unboost|p2b: Chien-Pao|atk|1\n|move|p2a: Raging Bolt|Protect|p2a: Raging Bolt\n|-singleturn|p2a: Raging Bolt|Protect\n|move|p1b: Arrrr|Vacuum Wave|p2b: Chien-Pao\n|-supereffective|p2b: Chien-Pao\n|-damage|p2b: Chien-Pao|2/100\n|move|p2b: Chien-Pao|Icicle Crash|p1b: Arrrr\n|-supereffective|p1b: Arrrr\n|-damage|p1b: Arrrr|47/100\n|\n|-heal|p1b: Arrrr|53/100|[from] Grassy Terrain\n|-heal|p2a: Raging Bolt|48/100|[from] Grassy Terrain\n|-heal|p2b: Chien-Pao|8/100|[from] Grassy Terrain\n|-fieldend|move: Trick Room\n|-fieldend|move: Grassy Terrain\n|upkeep\n|turn|6\n|inactive|ismelllikesocksbro has 120 seconds left.\n|\n|t:|1771188052\n|move|p1a: Mi oro|Fake Out|p2a: Raging Bolt\n|-damage|p2a: Raging Bolt|36/100\n|move|p2b: Chien-Pao|Icicle Crash|p1b: Arrrr\n|-supereffective|p1b: Arrrr\n|-damage|p1b: Arrrr|4/100\n|cant|p2a: Raging Bolt|flinch\n|cant|p1b: Arrrr|flinch\n|\n|upkeep\n|turn|7\n|inactive|gonzafifa1999 has 120 seconds left.\n|\n|t:|1771188087\n|move|p1b: Arrrr|Vacuum Wave|p2b: Chien-Pao\n|-supereffective|p2b: Chien-Pao\n|-damage|p2b: Chien-Pao|0 fnt\n|faint|p2b: Chien-Pao\n|move|p2a: Raging Bolt|Dragon Pulse|p1b: Arrrr\n|-damage|p1b: Arrrr|0 fnt\n|faint|p1b: Arrrr\n|move|p1a: Mi oro|Parting Shot|p2a: Raging Bolt\n|-unboost|p2a: Raging Bolt|atk|1\n|-unboost|p2a: Raging Bolt|spa|1\n|inactive|gonzafifa1999 has 120 seconds left.\n|\n|t:|1771188097\n|switch|p1a: Farigiraf|Farigiraf, F|100/100|[from] Parting Shot\n|\n|upkeep\n|inactive|gonzafifa1999 has 120 seconds left.\n|\n|t:|1771188103\n|switch|p2b: Rillaboom|Rillaboom, M|100/100\n|switch|p1b: Mi oro|Incineroar, M|100/100\n|-fieldstart|move: Grassy Terrain|[from] ability: Grassy Surge|[of] p2b: Rillaboom\n|-ability|p1b: Mi oro|Intimidate|boost\n|-unboost|p2a: Raging Bolt|atk|1\n|-unboost|p2b: Rillaboom|atk|1\n|turn|8\n|\n|t:|1771188114\n|switch|p2b: Incineroar|Incineroar, M|100/100\n|-ability|p2b: Incineroar|Intimidate|boost\n|-unboost|p1a: Farigiraf|atk|1\n|-unboost|p1b: Mi oro|atk|1\n|move|p2a: Raging Bolt|Protect|p2a: Raging Bolt\n|-singleturn|p2a: Raging Bolt|Protect\n|move|p1b: Mi oro|Fake Out|p2a: Raging Bolt\n|-activate|p2a: Raging Bolt|move: Protect\n|move|p1a: Farigiraf|Hyper Voice|p2b: Incineroar|[spread] p2b\n|-activate|p2a: Raging Bolt|move: Protect\n|-damage|p2b: Incineroar|70/100\n|\n|-heal|p2a: Raging Bolt|43/100|[from] Grassy Terrain\n|-heal|p2b: Incineroar|76/100|[from] Grassy Terrain\n|upkeep\n|turn|9\n|\n|t:|1771188140\n|move|p2a: Raging Bolt|Calm Mind|p2a: Raging Bolt\n|-boost|p2a: Raging Bolt|spa|1\n|-boost|p2a: Raging Bolt|spd|1\n|move|p1b: Mi oro|Parting Shot|p2a: Raging Bolt\n|-unboost|p2a: Raging Bolt|atk|1\n|-unboost|p2a: Raging Bolt|spa|1\n|inactive|gonzafifa1999 has 120 seconds left.\n|\n|t:|1771188159\n|switch|p1b: Among us|Amoonguss, M|100/100|[from] Parting Shot\n|move|p2b: Incineroar|Parting Shot|p1a: Farigiraf\n|-unboost|p1a: Farigiraf|atk|1\n|-unboost|p1a: Farigiraf|spa|1\n|\n|t:|1771188163\n|switch|p2b: Ogerpon|Ogerpon-Hearthflame, F|100/100|[from] Parting Shot\n|-ability|p2b: Ogerpon|Mold Breaker\n|move|p1a: Farigiraf|Psychic|p2a: Raging Bolt\n|-damage|p2a: Raging Bolt|32/100\n|-unboost|p2a: Raging Bolt|spd|1\n|\n|-heal|p2a: Raging Bolt|38/100|[from] Grassy Terrain\n|upkeep\n|turn|10\n|inactive|gonzafifa1999 has 120 seconds left.\n|\n|t:|1771188194\n|switch|p1b: Mi oro|Incineroar, M|100/100\n|-ability|p1b: Mi oro|Intimidate|boost\n|-unboost|p2a: Raging Bolt|atk|0\n|-unboost|p2b: Ogerpon|atk|1\n|-terastallize|p2b: Ogerpon|Fire\n|detailschange|p2b: Ogerpon|Ogerpon-Hearthflame-Tera, F, tera:Fire\n|-ability|p2b: Ogerpon|Embody Aspect (Hearthflame)|boost\n|-boost|p2b: Ogerpon|atk|1\n|move|p2b: Ogerpon|Ivy Cudgel|p1b: Mi oro|[anim] Ivy Cudgel Fire\n|-resisted|p1b: Mi oro\n|-damage|p1b: Mi oro|66/100\n|move|p2a: Raging Bolt|Dragon Pulse|p1a: Farigiraf\n|-damage|p1a: Farigiraf|51/100\n|move|p1a: Farigiraf|Trick Room|p1a: Farigiraf\n|-fieldstart|move: Trick Room|[of] p1a: Farigiraf\n|\n|-heal|p1a: Farigiraf|58/100|[from] Grassy Terrain\n|-heal|p1b: Mi oro|72/100|[from] Grassy Terrain\n|-heal|p2a: Raging Bolt|45/100|[from] Grassy Terrain\n|upkeep\n|turn|11\n|inactive|gonzafifa1999 has 120 seconds left.\n|\n|t:|1771188243\n|switch|p1a: Bigotes|Raging Bolt|100/100\n|switch|p2b: Incineroar|Incineroar, M|76/100\n|-ability|p2b: Incineroar|Intimidate|boost\n|-unboost|p1a: Bigotes|atk|1\n|-unboost|p1b: Mi oro|atk|1\n|move|p1b: Mi oro|Fake Out|p2b: Incineroar\n|-damage|p2b: Incineroar|71/100\n|move|p2a: Raging Bolt|Calm Mind|p2a: Raging Bolt\n|-boost|p2a: Raging Bolt|spa|1\n|-boost|p2a: Raging Bolt|spd|1\n|\n|-heal|p2b: Incineroar|77/100|[from] Grassy Terrain\n|-heal|p1b: Mi oro|78/100|[from] Grassy Terrain\n|-heal|p2a: Raging Bolt|51/100|[from] Grassy Terrain\n|upkeep\n|turn|12\n|inactive|gonzafifa1999 has 90 seconds left.\n|\n|t:|1771188276\n|-terastallize|p1a: Bigotes|Fairy\n|move|p2a: Raging Bolt|Protect|p2a: Raging Bolt\n|-singleturn|p2a: Raging Bolt|Protect\n|move|p2b: Incineroar|Parting Shot|p1a: Bigotes\n|-unboost|p1a: Bigotes|atk|1\n|-unboost|p1a: Bigotes|spa|1\n|\n|t:|1771188298\n|switch|p2b: Landorus|Landorus, M|100/100|[from] Parting Shot\n|move|p1b: Mi oro|Parting Shot|p2a: Raging Bolt\n|-activate|p2a: Raging Bolt|move: Protect\n|move|p1a: Bigotes|Dragon Pulse|p2a: Raging Bolt\n|-activate|p2a: Raging Bolt|move: Protect\n|\n|-heal|p1b: Mi oro|84/100|[from] Grassy Terrain\n|-heal|p2a: Raging Bolt|57/100|[from] Grassy Terrain\n|-fieldend|move: Grassy Terrain\n|upkeep\n|turn|13\n|\n|t:|1771188314\n|switch|p2b: Rillaboom|Rillaboom, M|100/100\n|-fieldstart|move: Grassy Terrain|[from] ability: Grassy Surge|[of] p2b: Rillaboom\n|move|p1b: Mi oro|Parting Shot|p2a: Raging Bolt\n|-unboost|p2a: Raging Bolt|atk|0\n|-unboost|p2a: Raging Bolt|spa|1\n|\n|t:|1771188324\n|switch|p1b: Lita|Torkoal, F|100/100|[from] Parting Shot\n|-weather|SunnyDay|[from] ability: Drought|[of] p1b: Lita\n|-activate|p1a: Bigotes|ability: Protosynthesis\n|-start|p1a: Bigotes|protosynthesisspa\n|-activate|p2a: Raging Bolt|ability: Protosynthesis\n|-start|p2a: Raging Bolt|protosynthesisspd\n|move|p1a: Bigotes|Thunderbolt|p2b: Rillaboom\n|-resisted|p2b: Rillaboom\n|-damage|p2b: Rillaboom|87/100\n|-status|p2b: Rillaboom|par\n|move|p2a: Raging Bolt|Calm Mind|p2a: Raging Bolt\n|-boost|p2a: Raging Bolt|spa|1\n|-boost|p2a: Raging Bolt|spd|1\n|\n|-weather|SunnyDay|[upkeep]\n|-heal|p2b: Rillaboom|94/100 par|[from] Grassy Terrain\n|-heal|p2a: Raging Bolt|63/100|[from] Grassy Terrain\n|upkeep\n|turn|14\n|inactive|gonzafifa1999 has 120 seconds left.\n|inactive|ismelllikesocksbro has 120 seconds left.\n|inactive|ismelllikesocksbro has 90 seconds left.\n|\n|t:|1771188386\n|move|p2b: Rillaboom|Fake Out|p1a: Bigotes\n|-damage|p1a: Bigotes|91/100\n|move|p1b: Lita|Eruption|p2b: Rillaboom|[spread] p2a,p2b\n|-resisted|p2a: Raging Bolt\n|-supereffective|p2b: Rillaboom\n|-damage|p2a: Raging Bolt|54/100\n|-damage|p2b: Rillaboom|0 fnt\n|faint|p2b: Rillaboom\n|cant|p1a: Bigotes|flinch\n|move|p2a: Raging Bolt|Calm Mind|p2a: Raging Bolt\n|-boost|p2a: Raging Bolt|spa|1\n|-boost|p2a: Raging Bolt|spd|1\n|\n|-weather|SunnyDay|[upkeep]\n|-heal|p1a: Bigotes|97/100|[from] Grassy Terrain\n|-heal|p2a: Raging Bolt|60/100|[from] Grassy Terrain\n|-fieldend|move: Trick Room\n|upkeep\n|inactive|ismelllikesocksbro has 90 seconds left.\n|\n|t:|1771188392\n|switch|p2b: Incineroar|Incineroar, M|77/100\n|-ability|p2b: Incineroar|Intimidate|boost\n|-unboost|p1a: Bigotes|atk|1\n|-unboost|p1b: Lita|atk|1\n|turn|15\n|\n|t:|1771188412\n|switch|p1b: Mi oro|Incineroar, M|84/100\n|-ability|p1b: Mi oro|Intimidate|boost\n|-unboost|p2a: Raging Bolt|atk|0\n|-unboost|p2b: Incineroar|atk|1\n|move|p1a: Bigotes|Thunderclap||[still]\n|-fail|p1a: Bigotes\n|move|p2a: Raging Bolt|Dragon Pulse|p1b: Mi oro\n|-damage|p1b: Mi oro|20/100\n|move|p2b: Incineroar|Parting Shot|p1a: Bigotes\n|-unboost|p1a: Bigotes|atk|1\n|-unboost|p1a: Bigotes|spa|1\n|\n|t:|1771188426\n|switch|p2b: Landorus|Landorus, M|100/100|[from] Parting Shot\n|\n|-weather|SunnyDay|[upkeep]\n|-heal|p2a: Raging Bolt|66/100|[from] Grassy Terrain\n|-heal|p1a: Bigotes|100/100|[from] Grassy Terrain\n|-heal|p1b: Mi oro|26/100|[from] Grassy Terrain\n|upkeep\n|turn|16\n|\n|t:|1771188449\n|-end|p1a: Bigotes|Protosynthesis|[silent]\n|switch|p1a: Farigiraf|Farigiraf, F|58/100\n|move|p1b: Mi oro|Fake Out|p2b: Landorus\n|-damage|p2b: Landorus|88/100\n|cant|p2b: Landorus|flinch\n|move|p2a: Raging Bolt|Calm Mind|p2a: Raging Bolt\n|-boost|p2a: Raging Bolt|spa|1\n|-boost|p2a: Raging Bolt|spd|1\n|\n|-weather|SunnyDay|[upkeep]\n|-heal|p2a: Raging Bolt|73/100|[from] Grassy Terrain\n|-heal|p1b: Mi oro|32/100|[from] Grassy Terrain\n|-heal|p1a: Farigiraf|64/100|[from] Grassy Terrain\n|upkeep\n|turn|17\n|\n|t:|1771188463\n|move|p2b: Landorus|Substitute|p2b: Landorus\n|-start|p2b: Landorus|Substitute\n|-damage|p2b: Landorus|64/100\n|move|p2a: Raging Bolt|Dragon Pulse|p1a: Farigiraf\n|-damage|p1a: Farigiraf|0 fnt\n|faint|p1a: Farigiraf\n|move|p1b: Mi oro|Parting Shot|p2a: Raging Bolt\n|-unboost|p2a: Raging Bolt|atk|0\n|-unboost|p2a: Raging Bolt|spa|1\n|\n|t:|1771188474\n|switch|p1b: Bigotes|Raging Bolt, tera:Fairy|100/100|[from] Parting Shot\n|-activate|p1b: Bigotes|ability: Protosynthesis\n|-start|p1b: Bigotes|protosynthesisspa\n|\n|-weather|none\n|-end|p2a: Raging Bolt|Protosynthesis\n|-end|p1b: Bigotes|Protosynthesis\n|-heal|p2a: Raging Bolt|79/100|[from] Grassy Terrain\n|-fieldend|move: Grassy Terrain\n|upkeep\n|\n|t:|1771188482\n|switch|p1a: Among us|Amoonguss, M|100/100\n|turn|18\n|\n|t:|1771188498\n|move|p2a: Raging Bolt|Protect|p2a: Raging Bolt\n|-singleturn|p2a: Raging Bolt|Protect\n|move|p2b: Landorus|Sludge Bomb|p1b: Bigotes\n|-supereffective|p1b: Bigotes\n|-damage|p1b: Bigotes|55/100\n|move|p1b: Bigotes|Dragon Pulse|p2b: Landorus\n|-end|p2b: Landorus|Substitute\n|move|p1a: Among us|Spore|p2a: Raging Bolt\n|-activate|p2a: Raging Bolt|move: Protect\n|\n|upkeep\n|turn|19\n|\n|t:|1771188519\n|move|p2b: Landorus|Earth Power|p1a: Among us\n|-damage|p1a: Among us|38/100\n|-enditem|p1a: Among us|Sitrus Berry|[eat]\n|-heal|p1a: Among us|63/100|[from] item: Sitrus Berry\n|move|p2a: Raging Bolt|Dragon Pulse|p1a: Among us\n|-damage|p1a: Among us|0 fnt\n|faint|p1a: Among us\n|move|p1b: Bigotes|Dragon Pulse|p2b: Landorus\n|-damage|p2b: Landorus|4/100\n|\n|upkeep\n|\n|t:|1771188530\n|switch|p1a: Mi oro|Incineroar, M|32/100\n|-ability|p1a: Mi oro|Intimidate|boost\n|-unboost|p2a: Raging Bolt|atk|0\n|-unboost|p2b: Landorus|atk|1\n|turn|20\n|\n|t:|1771188554\n|switch|p2b: Incineroar|Incineroar, M|77/100\n|-ability|p2b: Incineroar|Intimidate|boost\n|-unboost|p1a: Mi oro|atk|1\n|-unboost|p1b: Bigotes|atk|1\n|move|p2a: Raging Bolt|Protect|p2a: Raging Bolt\n|-singleturn|p2a: Raging Bolt|Protect\n|move|p1a: Mi oro|Fake Out|p2b: Incineroar\n|-damage|p2b: Incineroar|71/100\n|move|p1b: Bigotes|Dragon Pulse|p2a: Raging Bolt\n|-activate|p2a: Raging Bolt|move: Protect\n|\n|upkeep\n|turn|21\n|\n|t:|1771188579\n|move|p2a: Raging Bolt|Dragon Pulse|p1a: Mi oro\n|-damage|p1a: Mi oro|0 fnt\n|faint|p1a: Mi oro\n|move|p1b: Bigotes|Dragon Pulse|p2a: Raging Bolt\n|-supereffective|p2a: Raging Bolt\n|-damage|p2a: Raging Bolt|60/100\n|move|p2b: Incineroar|Parting Shot|p1b: Bigotes\n|-unboost|p1b: Bigotes|atk|1\n|-unboost|p1b: Bigotes|spa|1\n|\n|t:|1771188586\n|switch|p2b: Landorus|Landorus, M|4/100|[from] Parting Shot\n|\n|upkeep\n|\n|t:|1771188590\n|switch|p1a: Lita|Torkoal, F|100/100\n|-weather|SunnyDay|[from] ability: Drought|[of] p1a: Lita\n|-activate|p2a: Raging Bolt|ability: Protosynthesis\n|-start|p2a: Raging Bolt|protosynthesisspd\n|-activate|p1b: Bigotes|ability: Protosynthesis\n|-start|p1b: Bigotes|protosynthesisspa\n|turn|22\n|\n|t:|1771188619\n|move|p2b: Landorus|Sludge Bomb|p1b: Bigotes\n|-supereffective|p1b: Bigotes\n|-damage|p1b: Bigotes|3/100\n|move|p2a: Raging Bolt|Dragon Pulse|p1a: Lita\n|-damage|p1a: Lita|0 fnt\n|faint|p1a: Lita\n|move|p1b: Bigotes|Dragon Pulse|p2a: Raging Bolt\n|-supereffective|p2a: Raging Bolt\n|-damage|p2a: Raging Bolt|47/100\n|\n|-weather|SunnyDay|[upkeep]\n|upkeep\n|turn|23\n|-message|gonzafifa1999 forfeited.\n|\n|win|ismelllikesocksbro\n|raw|gonzafifa1999's rating: 1588 &rarr; <strong>1573</strong><br />(-15 for losing)\n|raw|ismelllikesocksbro's rating: 1681 &rarr; <strong>1696</strong><br />(+15 for winning)\n|l|☆gonzafifa1999\n|player|p1|\n", "uploadtime": 1771188643, "views": 21, "formatid": "gen9doublesou", "rating": 1573, "private": 0, "password": null}