{"id": "gen9doublesou-2540916329", "format": "[Gen 9] Doubles OU", "players": ["Grimspy", "RNG Savage"], "log": "|j|☆Grimspy\n|j|☆RNG Savage\n|t:|1771266862\n|gametype|doubles\n|player|p1|Grimspy|boarder|1525\n|player|p2|RNG Savage|giovanni-gen3|1659\n|gen|9\n|tier|[Gen 9] Doubles OU\n|rated|\n|rule|HP Percentage Mod: HP is shown in percentages\n|rule|Endless Battle Clause: Forcing endless battles is banned\n|rule|Species Clause: Limit one of each Pokémon\n|rule|OHKO Clause: OHKO moves are banned\n|rule|Evasion Moves Clause: Evasion moves are banned\n|rule|Gravity Sleep Clause: The combination of sleep-inducing moves with imperfect accuracy and Gravity or Gigantamax Orbeetle are banned\n|rule|Evasion Abilities Clause: Evasion abilities are banned\n|clearpoke\n|poke|p1|Moltres-Galar|\n|poke|p1|Iron Hands|\n|poke|p1|Sinistcha|\n|poke|p1|Incineroar, F|\n|poke|p1|Ninetales-Alola, M|\n|poke|p1|Kyurem|\n|poke|p2|Blastoise, M|\n|poke|p2|Electivire, M|\n|poke|p2|Smeargle, M|\n|poke|p2|Ursaluna, M|\n|poke|p2|Shiftry, M|\n|poke|p2|Farigiraf, F|\n|teampreview\n|inactive|Battle timer is ON: inactive players will automatically lose when time's up. (requested by Grimspy)\n|j| ichixn\n|\n|t:|1771266890\n|teamsize|p1|6\n|teamsize|p2|6\n|start\n|switch|p1a: Ninetales|Ninetales-Alola, M|100/100\n|switch|p1b: Iron Hands|Iron Hands|100/100\n|switch|p2a: Blastoise|Blastoise, M|100/100\n|switch|p2b: Smeargle|Smeargle, M, shiny|100/100\n|-weather|Snowscape|[from] ability: Snow Warning|[of] p1a: Ninetales\n|turn|1\n|\n|t:|1771266917\n|-terastallize|p2b: Smeargle|Ghost\n|move|p1b: Iron Hands|Protect|p1b: Iron Hands\n|-singleturn|p1b: Iron Hands|Protect\n|move|p1a: Ninetales|Aurora Veil|p1a: Ninetales\n|-sidestart|p1: Grimspy|move: Aurora Veil\n|move|p2b: Smeargle|Spore|p1b: Iron Hands\n|-activate|p1b: Iron Hands|move: Protect\n|move|p2a: Blastoise|Shell Smash|p2a: Blastoise\n|-unboost|p2a: Blastoise|def|1\n|-unboost|p2a: Blastoise|spd|1\n|-boost|p2a: Blastoise|atk|2\n|-boost|p2a: Blastoise|spa|2\n|-boost|p2a: Blastoise|spe|2\n|\n|-weather|Snowscape|[upkeep]\n|-ability|p2b: Smeargle|Moody|boost\n|-boost|p2b: Smeargle|atk|2\n|-unboost|p2b: Smeargle|def|1\n|upkeep\n|turn|2\n|\n|t:|1771266947\n|switch|p1a: Incineroar|Incineroar, F|100/100\n|-ability|p1a: Incineroar|Intimidate|boost\n|-unboost|p2a: Blastoise|atk|1\n|-unboost|p2b: Smeargle|atk|1\n|move|p2a: Blastoise|Protect|p2a: Blastoise\n|-singleturn|p2a: Blastoise|Protect\n|move|p2b: Smeargle|Decorate|p2a: Blastoise\n|-boost|p2a: Blastoise|atk|2\n|-boost|p2a: Blastoise|spa|2\n|move|p1b: Iron Hands|Swords Dance|p1b: Iron Hands\n|-boost|p1b: Iron Hands|atk|2\n|\n|-weather|Snowscape|[upkeep]\n|-ability|p2b: Smeargle|Moody|boost\n|-boost|p2b: Smeargle|spe|2\n|-unboost|p2b: Smeargle|spa|1\n|upkeep\n|turn|3\n|\n|t:|1771266970\n|move|p1a: Incineroar|Fake Out|p2a: Blastoise\n|-damage|p2a: Blastoise|82/100\n|move|p2b: Smeargle|Spore|p1b: Iron Hands\n|-status|p1b: Iron Hands|slp|[from] move: Spore\n|cant|p2a: Blastoise|flinch\n|cant|p1b: Iron Hands|slp\n|\n|-weather|Snowscape|[upkeep]\n|-ability|p2b: Smeargle|Moody|boost\n|-boost|p2b: Smeargle|def|2\n|-unboost|p2b: Smeargle|spa|1\n|upkeep\n|turn|4\n|\n|t:|1771266985\n|switch|p1a: Sinistcha|Sinistcha|100/100\n|move|p2b: Smeargle|Follow Me|p2b: Smeargle\n|-singleturn|p2b: Smeargle|move: Follow Me\n|move|p2a: Blastoise|Water Spout|p1a: Sinistcha|[spread] p1a,p1b\n|-resisted|p1a: Sinistcha\n|-crit|p1a: Sinistcha\n|-damage|p1a: Sinistcha|0 fnt\n|-damage|p1b: Iron Hands|35/100 slp\n|faint|p1a: Sinistcha\n|-curestatus|p1b: Iron Hands|slp|[msg]\n|move|p1b: Iron Hands|Swords Dance|p1b: Iron Hands\n|-boost|p1b: Iron Hands|atk|2\n|\n|-weather|Snowscape|[upkeep]\n|-ability|p2b: Smeargle|Moody|boost\n|-boost|p2b: Smeargle|def|2\n|-unboost|p2b: Smeargle|spd|1\n|upkeep\n|\n|t:|1771266988\n|switch|p1a: Incineroar|Incineroar, F|100/100\n|-ability|p1a: Incineroar|Intimidate|boost\n|-unboost|p2a: Blastoise|atk|1\n|-unboost|p2b: Smeargle|atk|1\n|turn|5\n|\n|t:|1771267001\n|move|p2a: Blastoise|Protect|p2a: Blastoise\n|-singleturn|p2a: Blastoise|Protect\n|move|p1b: Iron Hands|Protect|p1b: Iron Hands\n|-singleturn|p1b: Iron Hands|Protect\n|move|p2b: Smeargle|Spore|p1b: Iron Hands\n|-activate|p1b: Iron Hands|move: Protect\n|move|p1a: Incineroar|Flare Blitz|p2b: Smeargle\n|-damage|p2b: Smeargle|55/100\n|-damage|p1a: Incineroar|89/100|[from] Recoil\n|\n|-weather|none\n|-ability|p2b: Smeargle|Moody|boost\n|-boost|p2b: Smeargle|def|2\n|-unboost|p2b: Smeargle|atk|1\n|upkeep\n|turn|6\n|inactive|Grimspy has 120 seconds left.\n|\n|t:|1771267033\n|switch|p1a: Ninetales|Ninetales-Alola, M|100/100\n|-weather|Snowscape|[from] ability: Snow Warning|[of] p1a: Ninetales\n|move|p2b: Smeargle|Follow Me|p2b: Smeargle\n|-singleturn|p2b: Smeargle|move: Follow Me\n|move|p2a: Blastoise|Water Spout|p1a: Ninetales|[spread] p1a,p1b\n|-damage|p1a: Ninetales|8/100\n|-damage|p1b: Iron Hands|0 fnt\n|faint|p1b: Iron Hands\n|-end|p1b: Iron Hands|Quark Drive|[silent]\n|\n|-weather|Snowscape|[upkeep]\n|-ability|p2b: Smeargle|Moody|boost\n|-boost|p2b: Smeargle|spa|2\n|-unboost|p2b: Smeargle|spd|1\n|upkeep\n|inactive|Grimspy has 120 seconds left.\n|-message|Grimspy forfeited.\n|\n|win|RNG Savage\n|raw|Grimspy's rating: 1525 &rarr; <strong>1512</strong><br />(-13 for losing)\n|raw|RNG Savage's rating: 1659 &rarr; <strong>1672</strong><br />(+13 for winning)\n|l|☆RNG Savage\n|player|p2|\n|l| ichixn\n", "uploadtime": 1771267269, "views": 2, "formatid": "gen9doublesou", "rating": 1512, "private": 0, "password": null}