{"id": "gen9doublesou-2540829872", "format": "[Gen 9] Doubles OU", "players": ["Whiteflame20", "inakunana"], "log": "|badge|p2|bronze|gen9doublesou|100-8\n|uhtml|medal-msg|<div class=\"broadcast-blue\">Curious what those medals under the avatar are? PS now has Ladder Seasons! For more information, check out the <a href=\"https://www.smogon.com/forums/threads/3740067/\">thread on Smogon.</a></div>\n|j|☆Whiteflame20\n|j|☆inakunana\n|t:|1771258421\n|gametype|doubles\n|player|p1|Whiteflame20|hilda-masters3|1558\n|player|p2|inakunana|erika|1761\n|gen|9\n|tier|[Gen 9] Doubles OU\n|rated|\n|rule|HP Percentage Mod: HP is shown in percentages\n|rule|Endless Battle Clause: Forcing endless battles is banned\n|rule|Species Clause: Limit one of each Pokémon\n|rule|OHKO Clause: OHKO moves are banned\n|rule|Evasion Moves Clause: Evasion moves are banned\n|rule|Gravity Sleep Clause: The combination of sleep-inducing moves with imperfect accuracy and Gravity or Gigantamax Orbeetle are banned\n|rule|Evasion Abilities Clause: Evasion abilities are banned\n|clearpoke\n|poke|p1|Roaring Moon|\n|poke|p1|Kingambit, M|\n|poke|p1|Landorus, M|\n|poke|p1|Primarina, M|\n|poke|p1|Ogerpon-Hearthflame, F|\n|poke|p1|Rillaboom, F|\n|poke|p2|Iron Crown|\n|poke|p2|Indeedee-F, F|\n|poke|p2|Ogerpon-Wellspring, F|\n|poke|p2|Landorus, M|\n|poke|p2|Okidogi, M|\n|poke|p2|Roaring Moon|\n|teampreview\n|inactive|Battle timer is ON: inactive players will automatically lose when time's up. (requested by inakunana)\n|\n|t:|1771258439\n|teamsize|p1|6\n|teamsize|p2|6\n|start\n|switch|p1a: Roaring Moon|Roaring Moon|100/100\n|switch|p1b: Rillaboom|Rillaboom, F|100/100\n|switch|p2a: Okidogi|Okidogi, M|100/100\n|switch|p2b: Roaring Moon|Roaring Moon|100/100\n|-fieldstart|move: Grassy Terrain|[from] ability: Grassy Surge|[of] p1b: Rillaboom\n|-enditem|p2b: Roaring Moon|Booster Energy\n|-activate|p2b: Roaring Moon|ability: Protosynthesis|[fromitem]\n|-start|p2b: Roaring Moon|protosynthesisspe\n|-enditem|p1a: Roaring Moon|Booster Energy\n|-activate|p1a: Roaring Moon|ability: Protosynthesis|[fromitem]\n|-start|p1a: Roaring Moon|protosynthesisspe\n|turn|1\n|inactive|Whiteflame20 has 120 seconds left.\n|inactive|Whiteflame20 has 90 seconds left.\n|\n|t:|1771258502\n|move|p2b: Roaring Moon|Protect|p2b: Roaring Moon\n|-singleturn|p2b: Roaring Moon|Protect\n|move|p1b: Rillaboom|Fake Out|p2a: Okidogi\n|-damage|p2a: Okidogi|89/100\n|move|p1a: Roaring Moon|Breaking Swipe|p2b: Roaring Moon|[spread] p2a\n|-activate|p2b: Roaring Moon|move: Protect\n|-damage|p2a: Okidogi|72/100\n|-unboost|p2a: Okidogi|atk|1\n|cant|p2a: Okidogi|flinch\n|\n|-heal|p2a: Okidogi|78/100|[from] Grassy Terrain\n|upkeep\n|turn|2\n|inactive|Whiteflame20 has 90 seconds left.\n|\n|t:|1771258542\n|switch|p2a: Iron Crown|Iron Crown|100/100\n|-enditem|p2a: Iron Crown|Booster Energy\n|-activate|p2a: Iron Crown|ability: Quark Drive|[fromitem]\n|-start|p2a: Iron Crown|quarkdrivespe\n|move|p2b: Roaring Moon|Tailwind|p2b: Roaring Moon\n|-sidestart|p2: inakunana|move: Tailwind\n|move|p1a: Roaring Moon|Breaking Swipe|p2b: Roaring Moon|[spread] p2a,p2b\n|-resisted|p2a: Iron Crown\n|-supereffective|p2b: Roaring Moon\n|-damage|p2a: Iron Crown|91/100\n|-damage|p2b: Roaring Moon|47/100\n|-unboost|p2a: Iron Crown|atk|1\n|-unboost|p2b: Roaring Moon|atk|1\n|move|p1b: Rillaboom|U-turn|p2b: Roaring Moon\n|-supereffective|p2b: Roaring Moon\n|-damage|p2b: Roaring Moon|0 fnt\n|faint|p2b: Roaring Moon\n|-end|p2b: Roaring Moon|Protosynthesis|[silent]\n|\n|t:|1771258550\n|switch|p1b: Ogerpon|Ogerpon-Hearthflame, F|100/100|[from] U-turn\n|-ability|p1b: Ogerpon|Mold Breaker\n|\n|-heal|p2a: Iron Crown|97/100|[from] Grassy Terrain\n|upkeep\n|\n|t:|1771258569\n|switch|p2b: Okidogi|Okidogi, M|78/100\n|turn|3\n|inactive|Whiteflame20 has 90 seconds left.\n|\n|t:|1771258606\n|-terastallize|p2a: Iron Crown|Water\n|move|p1a: Roaring Moon|Protect|p1a: Roaring Moon\n|-singleturn|p1a: Roaring Moon|Protect\n|move|p1b: Ogerpon|Spiky Shield|p1b: Ogerpon\n|-singleturn|p1b: Ogerpon|move: Protect\n|move|p2a: Iron Crown|Calm Mind|p2a: Iron Crown\n|-boost|p2a: Iron Crown|spa|1\n|-boost|p2a: Iron Crown|spd|1\n|move|p2b: Okidogi|Poison Jab|p1b: Ogerpon\n|-activate|p1b: Ogerpon|move: Protect\n|-damage|p2b: Okidogi|66/100|[from] Spiky Shield|[of] p1b: Ogerpon\n|\n|-heal|p2a: Iron Crown|100/100|[from] Grassy Terrain\n|-heal|p2b: Okidogi|72/100|[from] Grassy Terrain\n|upkeep\n|turn|4\n|inactive|Whiteflame20 has 90 seconds left.\n|\n|t:|1771258620\n|switch|p2b: lace|Indeedee-F, F|100/100\n|-fieldstart|move: Psychic Terrain|[from] ability: Psychic Surge|[of] p2b: lace\n|-enditem|p2b: lace|Psychic Seed\n|-boost|p2b: lace|spd|1|[from] item: Psychic Seed\n|-terastallize|p1b: Ogerpon|Fire\n|detailschange|p1b: Ogerpon|Ogerpon-Hearthflame-Tera, F, tera:Fire\n|-ability|p1b: Ogerpon|Embody Aspect (Hearthflame)|boost\n|-boost|p1b: Ogerpon|atk|1\n|move|p2a: Iron Crown|Expanding Force|p1a: Roaring Moon|[spread] p1b\n|-immune|p1a: Roaring Moon\n|-damage|p1b: Ogerpon|0 fnt\n|faint|p1b: Ogerpon\n|detailschange|p1: Ogerpon|Ogerpon-Hearthflame, F|[silent]\n|move|p1a: Roaring Moon|Knock Off|p2a: Iron Crown\n|-damage|p2a: Iron Crown|71/100\n|\n|upkeep\n|inactive|Whiteflame20 has 90 seconds left.\n|\n|t:|1771258637\n|switch|p1b: Kingambit|Kingambit, M, shiny|100/100\n|turn|5\n|\n|t:|1771258645\n|switch|p2b: Okidogi|Okidogi, M|72/100\n|move|p2a: Iron Crown|Calm Mind|p2a: Iron Crown\n|-boost|p2a: Iron Crown|spa|1\n|-boost|p2a: Iron Crown|spd|1\n|move|p1a: Roaring Moon|Knock Off|p2a: Iron Crown\n|-damage|p2a: Iron Crown|41/100\n|move|p1b: Kingambit|Kowtow Cleave|p2a: Iron Crown\n|-damage|p2a: Iron Crown|0 fnt\n|faint|p2a: Iron Crown\n|-end|p2a: Iron Crown|Quark Drive|[silent]\n|\n|-sideend|p2: inakunana|move: Tailwind\n|upkeep\n|\n|t:|1771258655\n|switch|p2a: lace|Indeedee-F, F|100/100\n|turn|6\n|\n|t:|1771258662\n|switch|p1b: Landorus|Landorus, M|100/100\n|move|p1a: Roaring Moon|Breaking Swipe|p2b: Okidogi|[spread] p2a,p2b\n|-damage|p2a: lace|82/100\n|-damage|p2b: Okidogi|56/100\n|-unboost|p2a: lace|atk|1\n|-unboost|p2b: Okidogi|atk|1\n|move|p2b: Okidogi|Drain Punch|p1b: Landorus\n|-resisted|p1b: Landorus\n|-damage|p1b: Landorus|88/100\n|-heal|p2b: Okidogi|62/100|[from] drain|[of] p1b: Landorus\n|move|p2a: lace|Dazzling Gleam|p1b: Landorus|[spread] p1a,p1b\n|-supereffective|p1a: Roaring Moon\n|-damage|p1a: Roaring Moon|56/100\n|-damage|p1b: Landorus|72/100\n|\n|upkeep\n|turn|7\n|\n|t:|1771258675\n|switch|p2b: crusty king khann|Landorus, M|100/100\n|move|p1a: Roaring Moon|Breaking Swipe|p2a: lace|[spread] p2a,p2b\n|-damage|p2a: lace|63/100\n|-damage|p2b: crusty king khann|80/100\n|-unboost|p2a: lace|atk|1\n|-unboost|p2b: crusty king khann|atk|1\n|move|p1b: Landorus|Sandsear Storm|p2b: crusty king khann|[spread] p2a\n|-immune|p2b: crusty king khann\n|-damage|p2a: lace|4/100\n|move|p2a: lace|Trick Room|p2a: lace\n|-fieldstart|move: Trick Room|[of] p2a: lace\n|\n|upkeep\n|turn|8\n|\n|t:|1771258694\n|move|p2a: lace|Helping Hand|p2b: crusty king khann\n|-singleturn|p2b: crusty king khann|Helping Hand|[of] p2a: lace\n|move|p1b: Landorus|Earth Power|p2a: lace\n|-damage|p2a: lace|0 fnt\n|faint|p2a: lace\n|move|p2b: crusty king khann|Earth Power|p1a: Roaring Moon\n|-damage|p1a: Roaring Moon|0 fnt\n|faint|p1a: Roaring Moon\n|-end|p1a: Roaring Moon|Protosynthesis|[silent]\n|\n|-fieldend|move: Psychic Terrain\n|upkeep\n|\n|t:|1771258700\n|switch|p2a: Okidogi|Okidogi, M|62/100\n|switch|p1a: Rillaboom|Rillaboom, F|100/100\n|-fieldstart|move: Grassy Terrain|[from] ability: Grassy Surge|[of] p1a: Rillaboom\n|turn|9\n|\n|t:|1771258709\n|move|p1a: Rillaboom|Fake Out|p2a: Okidogi\n|-damage|p2a: Okidogi|51/100\n|cant|p2a: Okidogi|flinch\n|move|p2b: crusty king khann|Substitute|p2b: crusty king khann\n|-start|p2b: crusty king khann|Substitute\n|-damage|p2b: crusty king khann|55/100\n|move|p1b: Landorus|Earth Power|p2a: Okidogi\n|-supereffective|p2a: Okidogi\n|-damage|p2a: Okidogi|0 fnt\n|faint|p2a: Okidogi\n|\n|upkeep\n|\n|t:|1771258711\n|switch|p2a: wet sinner|Ogerpon-Wellspring, F|100/100\n|turn|10\n|\n|t:|1771258723\n|move|p2b: crusty king khann|Protect|p2b: crusty king khann\n|-singleturn|p2b: crusty king khann|Protect\n|move|p2a: wet sinner|Spiky Shield|p2a: wet sinner\n|-singleturn|p2a: wet sinner|move: Protect\n|move|p1a: Rillaboom|Grassy Glide|p2b: crusty king khann\n|-activate|p2b: crusty king khann|move: Protect\n|move|p1b: Landorus|Sludge Bomb|p2a: wet sinner\n|-activate|p2a: wet sinner|move: Protect\n|\n|upkeep\n|turn|11\n|\n|t:|1771258753\n|move|p1a: Rillaboom|Grassy Glide|p2b: crusty king khann\n|-end|p2b: crusty king khann|Substitute\n|move|p2b: crusty king khann|Sludge Bomb|p1a: Rillaboom\n|-supereffective|p1a: Rillaboom\n|-damage|p1a: Rillaboom|16/100\n|move|p1b: Landorus|Sludge Bomb|p2a: wet sinner\n|-supereffective|p2a: wet sinner\n|-damage|p2a: wet sinner|0 fnt\n|faint|p2a: wet sinner\n|\n|-heal|p1a: Rillaboom|22/100|[from] Grassy Terrain\n|-fieldend|move: Trick Room\n|upkeep\n|turn|12\n|c|☆inakunana|!showset ogerpon wellspring\n|c| inakunana|/raw <div class=\"infobox\">wet sinner (Ogerpon-Wellspring) (F) @ Wellspring Mask  <br />Ability: Water Absorb  <br />Hidden Power: Poison  <br />Tera Type: Water  <br />EVs: 100 HP &#x2f; 96 Atk &#x2f; 124 Def &#x2f; 188 Spe  <br />Jolly Nature  <br />- Ivy Cudgel  <br />- Horn Leech  <br />- Follow Me  <br />- Spiky Shield  <br /><br /></div>\n|c|☆inakunana|what the fuck\n|\n|t:|1771258779\n|move|p1a: Rillaboom|Grassy Glide|p2b: crusty king khann\n|-damage|p2b: crusty king khann|11/100\n|move|p1b: Landorus|Sludge Bomb|p2b: crusty king khann\n|-resisted|p2b: crusty king khann\n|-damage|p2b: crusty king khann|0 fnt\n|faint|p2b: crusty king khann\n|\n|win|Whiteflame20\n|raw|Whiteflame20's rating: 1558 &rarr; <strong>1589</strong><br />(+31 for winning)\n|raw|inakunana's rating: 1761 &rarr; <strong>1730</strong><br />(-31 for losing)\n|l|☆Whiteflame20\n|player|p1|\n", "uploadtime": 1771259032, "views": 6, "formatid": "gen9doublesou", "rating": 1589, "private": 0, "password": null}