{"id": "gen9doublesou-2540600540", "format": "[Gen 9] Doubles OU", "players": ["Ralph-Dexter", "dracarysbow"], "log": "|j|☆Ralph-Dexter\n|j|☆dracarysbow\n|t:|1771224936\n|gametype|doubles\n|player|p1|Ralph-Dexter|wattson|1751\n|player|p2|dracarysbow|101|1550\n|gen|9\n|tier|[Gen 9] Doubles OU\n|rated|\n|rule|HP Percentage Mod: HP is shown in percentages\n|rule|Endless Battle Clause: Forcing endless battles is banned\n|rule|Species Clause: Limit one of each Pokémon\n|rule|OHKO Clause: OHKO moves are banned\n|rule|Evasion Moves Clause: Evasion moves are banned\n|rule|Gravity Sleep Clause: The combination of sleep-inducing moves with imperfect accuracy and Gravity or Gigantamax Orbeetle are banned\n|rule|Evasion Abilities Clause: Evasion abilities are banned\n|clearpoke\n|poke|p1|Diancie|\n|poke|p1|Volcanion|\n|poke|p1|Rillaboom, M|\n|poke|p1|Farigiraf, F|\n|poke|p1|Pelipper, F|\n|poke|p1|Grimmsnarl, M|\n|poke|p2|Zapdos-Galar|\n|poke|p2|Sneasler, F|\n|poke|p2|Murkrow, M|\n|poke|p2|Chi-Yu|\n|poke|p2|Primarina, F|\n|poke|p2|Pelipper, M|\n|teampreview\n|\n|t:|1771225002\n|teamsize|p1|6\n|teamsize|p2|6\n|start\n|switch|p1a: Grimmsnarl|Grimmsnarl, M|100/100\n|switch|p1b: Farigiraf|Farigiraf, F|100/100\n|switch|p2a: Primarina|Primarina, F|100/100\n|switch|p2b: Pelipper|Pelipper, M|100/100\n|-weather|RainDance|[from] ability: Drizzle|[of] p2b: Pelipper\n|turn|1\n|\n|t:|1771225025\n|move|p1b: Farigiraf|Protect|p1b: Farigiraf\n|-singleturn|p1b: Farigiraf|Protect\n|move|p1a: Grimmsnarl|Parting Shot|p2a: Primarina\n|-unboost|p2a: Primarina|atk|1\n|-unboost|p2a: Primarina|spa|1\n|\n|t:|1771225031\n|switch|p1a: Volcanion|Volcanion|100/100|[from] Parting Shot\n|move|p2b: Pelipper|Muddy Water|p1a: Volcanion|[spread] \n|-activate|p1b: Farigiraf|move: Protect\n|-immune|p1a: Volcanion|[from] ability: Water Absorb\n|move|p2a: Primarina|Dazzling Gleam|p1a: Volcanion|[spread] p1a\n|-activate|p1b: Farigiraf|move: Protect\n|-resisted|p1a: Volcanion\n|-damage|p1a: Volcanion|88/100\n|\n|-weather|RainDance|[upkeep]\n|-heal|p1a: Volcanion|94/100|[from] item: Leftovers\n|upkeep\n|turn|2\n|\n|t:|1771225049\n|switch|p1b: Rillaboom|Rillaboom, M|100/100\n|-fieldstart|move: Grassy Terrain|[from] ability: Grassy Surge|[of] p1b: Rillaboom\n|move|p1a: Volcanion|Steam Eruption|p2b: Pelipper\n|-resisted|p2b: Pelipper\n|-crit|p2b: Pelipper\n|-damage|p2b: Pelipper|1/100\n|move|p2b: Pelipper|Hurricane|p1a: Volcanion\n|-crit|p1a: Volcanion\n|-damage|p1a: Volcanion|18/100\n|-start|p1a: Volcanion|confusion\n|move|p2a: Primarina|Psychic|p1a: Volcanion\n|-damage|p1a: Volcanion|0 fnt\n|faint|p1a: Volcanion\n|\n|-weather|RainDance|[upkeep]\n|upkeep\n|\n|t:|1771225070\n|switch|p1a: Diancie|Diancie|100/100\n|turn|3\n|\n|t:|1771225082\n|switch|p2a: Sneasler|Sneasler, F|100/100\n|-terastallize|p1a: Diancie|Dragon\n|move|p1b: Rillaboom|Wood Hammer|p2a: Sneasler\n|-resisted|p2a: Sneasler\n|-damage|p2a: Sneasler|26/100\n|-damage|p1b: Rillaboom|82/100|[from] Recoil\n|move|p2b: Pelipper|Muddy Water|p1a: Diancie|[spread] p1a,p1b\n|-resisted|p1a: Diancie\n|-resisted|p1b: Rillaboom\n|-damage|p1a: Diancie|85/100\n|-damage|p1b: Rillaboom|66/100\n|-unboost|p1b: Rillaboom|accuracy|1\n|move|p1a: Diancie|Diamond Storm|p2a: Sneasler|[spread] p2a,p2b\n|-resisted|p2a: Sneasler\n|-supereffective|p2b: Pelipper\n|-damage|p2a: Sneasler|0 fnt\n|-damage|p2b: Pelipper|0 fnt\n|-boost|p1a: Diancie|def|2\n|faint|p2a: Sneasler\n|faint|p2b: Pelipper\n|\n|-weather|RainDance|[upkeep]\n|-heal|p1b: Rillaboom|72/100|[from] Grassy Terrain\n|-heal|p1a: Diancie|92/100|[from] Grassy Terrain\n|upkeep\n|\n|t:|1771225106\n|switch|p2a: Murkrow|Murkrow, M|100/100\n|switch|p2b: Primarina|Primarina, F|100/100\n|turn|4\n|\n|t:|1771225127\n|move|p1a: Diancie|Protect|p1a: Diancie\n|-singleturn|p1a: Diancie|Protect\n|move|p1b: Rillaboom|Fake Out||[still]\n|-hint|Fake Out only works on your first turn out.\n|-fail|p1b: Rillaboom\n|move|p2a: Murkrow|Tailwind|p2a: Murkrow\n|-sidestart|p2: dracarysbow|move: Tailwind\n|move|p2b: Primarina|Dazzling Gleam|p1b: Rillaboom|[spread] p1b\n|-activate|p1a: Diancie|move: Protect\n|-damage|p1b: Rillaboom|49/100\n|\n|-weather|RainDance|[upkeep]\n|-heal|p1b: Rillaboom|55/100|[from] Grassy Terrain\n|-heal|p1a: Diancie|98/100|[from] Grassy Terrain\n|upkeep\n|turn|5\n|\n|t:|1771225146\n|switch|p1a: Pelipper|Pelipper, F|100/100\n|move|p2a: Murkrow|Taunt|p1a: Pelipper\n|-start|p1a: Pelipper|move: Taunt\n|move|p2b: Primarina|Dazzling Gleam|p1b: Rillaboom|[spread] p1a,p1b\n|-damage|p1a: Pelipper|62/100\n|-damage|p1b: Rillaboom|29/100\n|-enditem|p1a: Pelipper|Eject Button\n|\n|t:|1771225155\n|switch|p1a: Grimmsnarl|Grimmsnarl, M|100/100\n|move|p1b: Rillaboom|Wood Hammer|p2b: Primarina\n|-supereffective|p2b: Primarina\n|-damage|p2b: Primarina|0 fnt\n|faint|p2b: Primarina\n|-damage|p1b: Rillaboom|0 fnt|[from] Recoil\n|faint|p1b: Rillaboom\n|\n|-weather|none\n|upkeep\n|\n|t:|1771225169\n|switch|p1b: Diancie|Diancie, tera:Dragon|98/100\n|switch|p2b: Chi-Yu|Chi-Yu|100/100\n|-ability|p2b: Chi-Yu|Beads of Ruin\n|turn|6\n|\n|t:|1771225186\n|move|p1b: Diancie|Protect|p1b: Diancie\n|-singleturn|p1b: Diancie|Protect\n|move|p2a: Murkrow|Taunt|p1b: Diancie\n|-activate|p1b: Diancie|move: Protect\n|move|p1a: Grimmsnarl|Light Screen|p1a: Grimmsnarl\n|-sidestart|p1: Ralph-Dexter|move: Light Screen\n|move|p2b: Chi-Yu|Dark Pulse|p1b: Diancie\n|-activate|p1b: Diancie|move: Protect\n|\n|-heal|p1b: Diancie|100/100|[from] Grassy Terrain\n|-fieldend|move: Grassy Terrain\n|upkeep\n|turn|7\n|\n|t:|1771225204\n|move|p2a: Murkrow|Taunt|p1b: Diancie\n|-start|p1b: Diancie|move: Taunt\n|move|p2b: Chi-Yu|Dark Pulse|p1b: Diancie\n|-damage|p1b: Diancie|58/100\n|move|p1a: Grimmsnarl|Spirit Break|p2b: Chi-Yu\n|-damage|p2b: Chi-Yu|53/100\n|-unboost|p2b: Chi-Yu|spa|1\n|move|p1b: Diancie|Diamond Storm|p2a: Murkrow|[spread] p2a,p2b\n|-supereffective|p2a: Murkrow\n|-supereffective|p2b: Chi-Yu\n|-damage|p2a: Murkrow|14/100\n|-damage|p2b: Chi-Yu|0 fnt\n|faint|p2b: Chi-Yu\n|\n|-sideend|p2: dracarysbow|move: Tailwind\n|upkeep\n|\n|t:|1771225218\n|switch|p2b: Zapdos|Zapdos-Galar|100/100\n|turn|8\n|\n|t:|1771225225\n|-terastallize|p2b: Zapdos|Fighting\n|move|p2a: Murkrow|Tailwind|p2a: Murkrow\n|-sidestart|p2: dracarysbow|move: Tailwind\n|move|p1a: Grimmsnarl|Reflect|p1a: Grimmsnarl\n|-sidestart|p1: Ralph-Dexter|Reflect\n|move|p2b: Zapdos|Thunderous Kick|p1b: Diancie\n|-damage|p1b: Diancie|25/100\n|move|p1b: Diancie|Diamond Storm|p2a: Murkrow|[spread] p2a,p2b\n|-supereffective|p2a: Murkrow\n|-resisted|p2b: Zapdos\n|-damage|p2a: Murkrow|0 fnt\n|-damage|p2b: Zapdos|81/100\n|-boost|p1b: Diancie|def|2\n|faint|p2a: Murkrow\n|\n|upkeep\n|turn|9\n|\n|t:|1771225243\n|switch|p1a: Farigiraf|Farigiraf, F|100/100\n|move|p2b: Zapdos|Thunderous Kick|p1b: Diancie\n|-damage|p1b: Diancie|9/100\n|move|p1b: Diancie|Body Press|p2b: Zapdos\n|-damage|p2b: Zapdos|21/100\n|\n|-end|p1b: Diancie|move: Taunt\n|upkeep\n|turn|10\n|\n|t:|1771225256\n|move|p2b: Zapdos|Thunderous Kick|p1b: Diancie\n|-damage|p1b: Diancie|0 fnt\n|faint|p1b: Diancie\n|move|p1a: Farigiraf|Psychic|p2b: Zapdos\n|-supereffective|p2b: Zapdos\n|-damage|p2b: Zapdos|0 fnt\n|faint|p2b: Zapdos\n|\n|win|Ralph-Dexter\n|raw|Ralph-Dexter's rating: 1751 &rarr; <strong>1761</strong><br />(+10 for winning)\n|raw|dracarysbow's rating: 1550 &rarr; <strong>1540</strong><br />(-10 for losing)\n|l|☆dracarysbow\n|player|p2|\n|l|☆Ralph-Dexter\n|player|p1|\n", "uploadtime": 1771225580, "views": 13, "formatid": "gen9doublesou", "rating": 1540, "private": 0, "password": null}