{"id": "gen9doublesou-2540282597", "format": "[Gen 9] Doubles OU", "players": ["Greenta", "lorenzzo14"], "log": "|j|☆Greenta\n|j|☆lorenzzo14\n|t:|1771184314\n|gametype|doubles\n|player|p1|Greenta|169|1573\n|player|p2|lorenzzo14|hilda|1523\n|gen|9\n|tier|[Gen 9] Doubles OU\n|rated|\n|rule|HP Percentage Mod: HP is shown in percentages\n|rule|Endless Battle Clause: Forcing endless battles is banned\n|rule|Species Clause: Limit one of each Pokémon\n|rule|OHKO Clause: OHKO moves are banned\n|rule|Evasion Moves Clause: Evasion moves are banned\n|rule|Gravity Sleep Clause: The combination of sleep-inducing moves with imperfect accuracy and Gravity or Gigantamax Orbeetle are banned\n|rule|Evasion Abilities Clause: Evasion abilities are banned\n|clearpoke\n|poke|p1|Kommo-o, F|\n|poke|p1|Indeedee-F, F|\n|poke|p1|Sinistcha|\n|poke|p1|Flamigo, M|\n|poke|p1|Oricorio-Pom-Pom, M|\n|poke|p1|Poltchageist|\n|poke|p2|Weavile, F|\n|poke|p2|Primarina, F|\n|poke|p2|Mienshao, F|\n|poke|p2|Talonflame, M|\n|poke|p2|Toedscruel, M|\n|poke|p2|Weezing, M|\n|teampreview\n|inactive|Battle timer is ON: inactive players will automatically lose when time's up. (requested by lorenzzo14)\n|\n|t:|1771184346\n|teamsize|p1|6\n|teamsize|p2|6\n|start\n|switch|p1a: Kommo-o|Kommo-o, F|100/100\n|switch|p1b: Indeedee|Indeedee-F, F|100/100\n|switch|p2a: Tundra|Weavile, F|100/100\n|switch|p2b: Carlos|Weezing, M|100/100\n|-ability|p2b: Carlos|Neutralizing Gas\n|turn|1\n|inactive|lorenzzo14 has 120 seconds left.\n|\n|t:|1771184385\n|move|p2a: Tundra|Ice Spinner|p1a: Kommo-o\n|-supereffective|p1a: Kommo-o\n|-damage|p1a: Kommo-o|25/100\n|move|p1a: Kommo-o|Clangorous Soul||[still]\n|-fail|p1a: Kommo-o\n|move|p1b: Indeedee|Psychic|p2b: Carlos\n|-supereffective|p2b: Carlos\n|-damage|p2b: Carlos|45/100\n|move|p2b: Carlos|Taunt|p1b: Indeedee\n|-start|p1b: Indeedee|move: Taunt\n|\n|upkeep\n|turn|2\n|\n|t:|1771184400\n|switch|p1a: Poltchageist|Poltchageist|100/100\n|-terastallize|p2a: Tundra|Ghost\n|move|p2a: Tundra|Knock Off|p1b: Indeedee\n|-supereffective|p1b: Indeedee\n|-damage|p1b: Indeedee|0 fnt\n|-enditem|p1b: Indeedee|Psychic Seed|[from] move: Knock Off|[of] p2a: Tundra\n|faint|p1b: Indeedee\n|move|p2b: Carlos|Sludge Bomb|p1a: Poltchageist\n|-damage|p1a: Poltchageist|64/100\n|-status|p1a: Poltchageist|psn\n|\n|-damage|p1a: Poltchageist|52/100 psn|[from] psn\n|upkeep\n|\n|t:|1771184416\n|switch|p1b: Oricorio|Oricorio-Pom-Pom, M|100/100\n|turn|3\n|inactive|lorenzzo14 has 120 seconds left.\n|inactive|lorenzzo14 has 90 seconds left.\n|\n|t:|1771184485\n|move|p1a: Poltchageist|Rage Powder|p1a: Poltchageist\n|-singleturn|p1a: Poltchageist|move: Rage Powder\n|move|p2a: Tundra|Ice Spinner|p1a: Poltchageist\n|-supereffective|p1a: Poltchageist\n|-damage|p1a: Poltchageist|0 fnt\n|faint|p1a: Poltchageist\n|move|p1b: Oricorio|Quiver Dance|p1b: Oricorio\n|-boost|p1b: Oricorio|spa|1\n|-boost|p1b: Oricorio|spd|1\n|-boost|p1b: Oricorio|spe|1\n|move|p2b: Carlos|Taunt|p1b: Oricorio\n|-start|p1b: Oricorio|move: Taunt\n|\n|upkeep\n|\n|t:|1771184499\n|switch|p1a: Flamigo|Flamigo, M|100/100\n|turn|4\n|\n|t:|1771184521\n|move|p2a: Tundra|Ice Spinner|p1b: Oricorio\n|-supereffective|p1b: Oricorio\n|-damage|p1b: Oricorio|13/100\n|-enditem|p1b: Oricorio|Sitrus Berry|[eat]\n|-heal|p1b: Oricorio|38/100|[from] item: Sitrus Berry\n|move|p1b: Oricorio|Revelation Dance|p2b: Carlos\n|-damage|p2b: Carlos|6/100\n|move|p1a: Flamigo|Acrobatics|p2a: Tundra\n|-crit|p2a: Tundra\n|-damage|p2a: Tundra|21/100\n|move|p2b: Carlos|Will-O-Wisp|p1a: Flamigo\n|-status|p1a: Flamigo|brn\n|-enditem|p1a: Flamigo|Lum Berry|[eat]\n|-curestatus|p1a: Flamigo|brn|[msg]\n|\n|upkeep\n|turn|5\n|\n|t:|1771184548\n|move|p2a: Tundra|Ice Spinner|p1a: Flamigo\n|-supereffective|p1a: Flamigo\n|-damage|p1a: Flamigo|0 fnt\n|faint|p1a: Flamigo\n|move|p1b: Oricorio|Revelation Dance|p2a: Tundra\n|-damage|p2a: Tundra|0 fnt\n|faint|p2a: Tundra\n|move|p2b: Carlos|Heat Wave|p1b: Oricorio\n|-damage|p1b: Oricorio|22/100\n|\n|upkeep\n|inactive|Greenta has 120 seconds left.\n|inactive|lorenzzo14 has 90 seconds left.\n|\n|t:|1771184574\n|switch|p2a: Mycelium man|Toedscruel, M, shiny|100/100\n|switch|p1a: Sinistcha|Sinistcha|100/100\n|turn|6\n|\n|t:|1771184590\n|move|p1b: Oricorio|Air Slash|p2a: Mycelium man\n|-supereffective|p2a: Mycelium man\n|-damage|p2a: Mycelium man|30/100\n|move|p2a: Mycelium man|Tera Blast|p1b: Oricorio\n|-damage|p1b: Oricorio|4/100\n|move|p1a: Sinistcha|Matcha Gotcha|p2a: Mycelium man|[spread] p2b\n|-miss|p1a: Sinistcha|p2a: Mycelium man\n|-resisted|p2b: Carlos\n|-damage|p2b: Carlos|0 fnt\n|faint|p2b: Carlos\n|-end|p2b: Carlos|ability: Neutralizing Gas\n|-heal|p1b: Oricorio|29/100|[from] ability: Hospitality|[of] p1a: Sinistcha\n|\n|-end|p1b: Oricorio|move: Taunt\n|upkeep\n|\n|t:|1771184603\n|switch|p2b: Fênix|Talonflame, M|100/100\n|turn|7\n|\n|t:|1771184632\n|move|p1a: Sinistcha|Rage Powder|p1a: Sinistcha\n|-singleturn|p1a: Sinistcha|move: Rage Powder\n|move|p2b: Fênix|Acrobatics|p1a: Sinistcha\n|-supereffective|p1a: Sinistcha\n|-damage|p1a: Sinistcha|44/100\n|-enditem|p1a: Sinistcha|Sitrus Berry|[eat]\n|-heal|p1a: Sinistcha|69/100|[from] item: Sitrus Berry\n|move|p1b: Oricorio|Air Slash|p2a: Mycelium man\n|-supereffective|p2a: Mycelium man\n|-damage|p2a: Mycelium man|0 fnt\n|faint|p2a: Mycelium man\n|\n|upkeep\n|\n|t:|1771184648\n|switch|p2a: Mia|Mienshao, F, shiny|100/100\n|turn|8\n|inactive|lorenzzo14 has 120 seconds left.\n|\n|t:|1771184661\n|move|p1a: Sinistcha|Rage Powder|p1a: Sinistcha\n|-singleturn|p1a: Sinistcha|move: Rage Powder\n|move|p2b: Fênix|Tailwind|p2b: Fênix\n|-sidestart|p2: lorenzzo14|move: Tailwind\n|move|p2a: Mia|Knock Off|p1a: Sinistcha\n|-supereffective|p1a: Sinistcha\n|-damage|p1a: Sinistcha|32/100\n|-damage|p2a: Mia|91/100|[from] item: Life Orb\n|move|p1b: Oricorio|Revelation Dance|p2b: Fênix\n|-supereffective|p2b: Fênix\n|-damage|p2b: Fênix|0 fnt\n|faint|p2b: Fênix\n|\n|upkeep\n|inactive|lorenzzo14 has 120 seconds left.\n|\n|t:|1771184671\n|switch|p2b: Maria|Primarina, F, shiny|100/100\n|turn|9\n|\n|t:|1771184690\n|move|p2b: Maria|Protect|p2b: Maria\n|-singleturn|p2b: Maria|Protect\n|move|p1a: Sinistcha|Rage Powder|p1a: Sinistcha\n|-singleturn|p1a: Sinistcha|move: Rage Powder\n|move|p2a: Mia|Knock Off|p1a: Sinistcha\n|-supereffective|p1a: Sinistcha\n|-damage|p1a: Sinistcha|0 fnt\n|faint|p1a: Sinistcha\n|-damage|p2a: Mia|81/100|[from] item: Life Orb\n|move|p1b: Oricorio|Roost|p1b: Oricorio\n|-heal|p1b: Oricorio|79/100\n|-singleturn|p1b: Oricorio|move: Roost\n|\n|upkeep\n|\n|t:|1771184706\n|switch|p1a: Kommo-o|Kommo-o, F|25/100\n|turn|10\n|inactive|Greenta has 120 seconds left.\n|\n|t:|1771184748\n|move|p2a: Mia|Poison Jab|p1b: Oricorio\n|-damage|p1b: Oricorio|49/100\n|-damage|p2a: Mia|71/100|[from] item: Life Orb\n|move|p1b: Oricorio|Quiver Dance|p1b: Oricorio\n|-boost|p1b: Oricorio|spa|1\n|-boost|p1b: Oricorio|spd|1\n|-boost|p1b: Oricorio|spe|1\n|move|p2b: Maria|Hyper Voice|p1b: Oricorio|[spread] p1a,p1b\n|-resisted|p1a: Kommo-o\n|-damage|p1a: Kommo-o|12/100\n|-damage|p1b: Oricorio|24/100\n|-enditem|p2b: Maria|Throat Spray\n|-boost|p2b: Maria|spa|1|[from] item: Throat Spray\n|move|p1a: Kommo-o|Rest|p1a: Kommo-o\n|-status|p1a: Kommo-o|slp|[from] move: Rest\n|-heal|p1a: Kommo-o|100/100 slp|[silent]\n|\n|upkeep\n|turn|11\n|inactive|Greenta has 120 seconds left.\n|\n|t:|1771184774\n|move|p2a: Mia|Close Combat|p1b: Oricorio\n|-resisted|p1b: Oricorio\n|-crit|p1b: Oricorio\n|-damage|p1b: Oricorio|0 fnt\n|-unboost|p2a: Mia|def|1\n|-unboost|p2a: Mia|spd|1\n|faint|p1b: Oricorio\n|-damage|p2a: Mia|61/100|[from] item: Life Orb\n|move|p2b: Maria|Moonblast|p1a: Kommo-o\n|-supereffective|p1a: Kommo-o\n|-damage|p1a: Kommo-o|0 fnt\n|faint|p1a: Kommo-o\n|\n|win|lorenzzo14\n|raw|Greenta's rating: 1573 &rarr; <strong>1550</strong><br />(-23 for losing)\n|raw|lorenzzo14's rating: 1523 &rarr; <strong>1546</strong><br />(+23 for winning)\n|l|☆Greenta\n|player|p1|\n|l|☆lorenzzo14\n|player|p2|\n", "uploadtime": 1771185179, "views": 12, "formatid": "gen9doublesou", "rating": 1546, "private": 0, "password": null}