{"id": "gen9doublesou-2540755915", "format": "[Gen 9] Doubles OU", "players": ["enexis", "ismelllikesocksbro"], "log": "|j|☆enexis\n|j|‽ismelllikesocksbro\n|t:|1771250321\n|gametype|doubles\n|player|p1|enexis|2|1706\n|player|p2|ismelllikesocksbro|dancer|1631\n|gen|9\n|tier|[Gen 9] Doubles OU\n|rated|\n|rule|HP Percentage Mod: HP is shown in percentages\n|rule|Endless Battle Clause: Forcing endless battles is banned\n|rule|Species Clause: Limit one of each Pokémon\n|rule|OHKO Clause: OHKO moves are banned\n|rule|Evasion Moves Clause: Evasion moves are banned\n|rule|Gravity Sleep Clause: The combination of sleep-inducing moves with imperfect accuracy and Gravity or Gigantamax Orbeetle are banned\n|rule|Evasion Abilities Clause: Evasion abilities are banned\n|clearpoke\n|poke|p1|Grimmsnarl, M|\n|poke|p1|Sneasler, M|\n|poke|p1|Milotic, F|\n|poke|p1|Pelipper, M|\n|poke|p1|Bruxish, M|\n|poke|p1|Kilowattrel, F|\n|poke|p2|Chien-Pao|\n|poke|p2|Raging Bolt|\n|poke|p2|Incineroar, F|\n|poke|p2|Rillaboom, F|\n|poke|p2|Ogerpon-Hearthflame, F|\n|poke|p2|Landorus, M|\n|teampreview\n|\n|t:|1771250349\n|teamsize|p1|6\n|teamsize|p2|6\n|start\n|switch|p1a: Pelipper|Pelipper, M|100/100\n|switch|p1b: Grimmsnarl|Grimmsnarl, M|100/100\n|switch|p2a: Raging Bolt|Raging Bolt|100/100\n|switch|p2b: Rillaboom|Rillaboom, F|100/100\n|-weather|RainDance|[from] ability: Drizzle|[of] p1a: Pelipper\n|-fieldstart|move: Grassy Terrain|[from] ability: Grassy Surge|[of] p2b: Rillaboom\n|turn|1\n|\n|t:|1771250357\n|move|p2b: Rillaboom|Fake Out|p1a: Pelipper\n|-crit|p1a: Pelipper\n|-damage|p1a: Pelipper|77/100\n|cant|p1a: Pelipper|flinch\n|move|p2a: Raging Bolt|Calm Mind|p2a: Raging Bolt\n|-boost|p2a: Raging Bolt|spa|1\n|-boost|p2a: Raging Bolt|spd|1\n|-enditem|p1b: Grimmsnarl|Mirror Herb\n|-boost|p1b: Grimmsnarl|spa|1|[from] item: Mirror Herb\n|-boost|p1b: Grimmsnarl|spd|1|[from] item: Mirror Herb\n|move|p1b: Grimmsnarl|Spirit Break|p2a: Raging Bolt\n|-supereffective|p2a: Raging Bolt\n|-damage|p2a: Raging Bolt|35/100\n|-unboost|p2a: Raging Bolt|spa|1\n|\n|-weather|RainDance|[upkeep]\n|-heal|p2a: Raging Bolt|41/100|[from] Grassy Terrain\n|-heal|p2a: Raging Bolt|47/100|[from] item: Leftovers\n|upkeep\n|turn|2\n|inactive|Battle timer is ON: inactive players will automatically lose when time's up. (requested by enexis)\n|\n|t:|1771250375\n|switch|p2b: Incineroar|Incineroar, F|100/100\n|-ability|p2b: Incineroar|Intimidate|boost\n|-unboost|p1a: Pelipper|atk|1\n|-unboost|p1b: Grimmsnarl|atk|1\n|move|p2a: Raging Bolt|Protect|p2a: Raging Bolt\n|-singleturn|p2a: Raging Bolt|Protect\n|move|p1a: Pelipper|Tailwind|p1a: Pelipper\n|-sidestart|p1: enexis|move: Tailwind\n|move|p1b: Grimmsnarl|Spirit Break|p2a: Raging Bolt\n|-activate|p2a: Raging Bolt|move: Protect\n|\n|-weather|RainDance|[upkeep]\n|-heal|p2a: Raging Bolt|53/100|[from] Grassy Terrain\n|-heal|p2a: Raging Bolt|59/100|[from] item: Leftovers\n|upkeep\n|turn|3\n|\n|t:|1771250395\n|switch|p1a: Sneasler|Sneasler, M|100/100\n|move|p2b: Incineroar|Fake Out|p1b: Grimmsnarl\n|-damage|p1b: Grimmsnarl|85/100\n|cant|p1b: Grimmsnarl|flinch\n|move|p2a: Raging Bolt|Calm Mind|p2a: Raging Bolt\n|-boost|p2a: Raging Bolt|spa|1\n|-boost|p2a: Raging Bolt|spd|1\n|-enditem|p1a: Sneasler|Mirror Herb\n|-boost|p1a: Sneasler|spa|1|[from] item: Mirror Herb\n|-boost|p1a: Sneasler|spd|1|[from] item: Mirror Herb\n|\n|-weather|RainDance|[upkeep]\n|-heal|p1b: Grimmsnarl|91/100|[from] Grassy Terrain\n|-heal|p2a: Raging Bolt|65/100|[from] Grassy Terrain\n|-heal|p2a: Raging Bolt|71/100|[from] item: Leftovers\n|upkeep\n|turn|4\n|\n|t:|1771250416\n|-terastallize|p2a: Raging Bolt|Fairy\n|move|p1a: Sneasler|Close Combat|p2b: Incineroar\n|-supereffective|p2b: Incineroar\n|-damage|p2b: Incineroar|0 fnt\n|-unboost|p1a: Sneasler|def|1\n|-unboost|p1a: Sneasler|spd|1\n|faint|p2b: Incineroar\n|move|p1b: Grimmsnarl|Spirit Break|p2a: Raging Bolt\n|-damage|p2a: Raging Bolt|50/100\n|-unboost|p2a: Raging Bolt|spa|1\n|move|p2a: Raging Bolt|Calm Mind|p2a: Raging Bolt\n|-boost|p2a: Raging Bolt|spa|1\n|-boost|p2a: Raging Bolt|spd|1\n|\n|-weather|RainDance|[upkeep]\n|-heal|p1b: Grimmsnarl|98/100|[from] Grassy Terrain\n|-heal|p2a: Raging Bolt|56/100|[from] Grassy Terrain\n|-heal|p2a: Raging Bolt|62/100|[from] item: Leftovers\n|upkeep\n|\n|t:|1771250423\n|switch|p2b: Rillaboom|Rillaboom, F|100/100\n|turn|5\n|\n|t:|1771250434\n|switch|p1b: Bruxish|Bruxish, M|100/100\n|move|p2b: Rillaboom|Fake Out||[still]\n|cant|p1b: Bruxish|ability: Dazzling|Fake Out|[of] p2b: Rillaboom\n|move|p1a: Sneasler|Dire Claw|p2a: Raging Bolt\n|-supereffective|p2a: Raging Bolt\n|-damage|p2a: Raging Bolt|0 fnt\n|faint|p2a: Raging Bolt\n|-end|p2a: Raging Bolt|Protosynthesis|[silent]\n|\n|-weather|RainDance|[upkeep]\n|-sideend|p1: enexis|move: Tailwind\n|-fieldend|move: Grassy Terrain\n|upkeep\n|\n|t:|1771250442\n|switch|p2a: Chien-Pao|Chien-Pao, shiny|100/100\n|-ability|p2a: Chien-Pao|Sword of Ruin\n|turn|6\n|\n|t:|1771250450\n|move|p1a: Sneasler|Close Combat|p2a: Chien-Pao\n|-supereffective|p2a: Chien-Pao\n|-enditem|p2a: Chien-Pao|Focus Sash\n|-damage|p2a: Chien-Pao|1/100\n|-unboost|p1a: Sneasler|def|1\n|-unboost|p1a: Sneasler|spd|1\n|move|p2a: Chien-Pao|Icy Wind|p1a: Sneasler|[spread] p1a,p1b\n|-crit|p1a: Sneasler\n|-resisted|p1b: Bruxish\n|-damage|p1a: Sneasler|63/100\n|-damage|p1b: Bruxish|91/100\n|-unboost|p1a: Sneasler|spe|1\n|-unboost|p1b: Bruxish|spe|1\n|move|p2b: Rillaboom|Wood Hammer|p1b: Bruxish\n|-supereffective|p1b: Bruxish\n|-damage|p1b: Bruxish|0 fnt\n|faint|p1b: Bruxish\n|-damage|p2b: Rillaboom|80/100|[from] Recoil\n|\n|-weather|RainDance|[upkeep]\n|upkeep\n|\n|t:|1771250456\n|switch|p1b: Grimmsnarl|Grimmsnarl, M|98/100\n|turn|7\n|\n|t:|1771250464\n|move|p1b: Grimmsnarl|Sucker Punch|p2a: Chien-Pao\n|-resisted|p2a: Chien-Pao\n|-damage|p2a: Chien-Pao|0 fnt\n|faint|p2a: Chien-Pao\n|move|p1a: Sneasler|Dire Claw|p2b: Rillaboom\n|-supereffective|p2b: Rillaboom\n|-damage|p2b: Rillaboom|2/100\n|move|p2b: Rillaboom|High Horsepower|p1a: Sneasler\n|-supereffective|p1a: Sneasler\n|-damage|p1a: Sneasler|0 fnt\n|faint|p1a: Sneasler\n|\n|-weather|RainDance|[upkeep]\n|upkeep\n|\n|t:|1771250472\n|switch|p2a: Landorus|Landorus, M|100/100\n|switch|p1a: Kilowattrel|Kilowattrel, F|100/100\n|turn|8\n|\n|t:|1771250481\n|switch|p2b: Ogerpon|Ogerpon-Hearthflame, F|100/100\n|-ability|p2b: Ogerpon|Mold Breaker\n|move|p1b: Grimmsnarl|Sucker Punch||[still]\n|-fail|p1b: Grimmsnarl\n|move|p1a: Kilowattrel|Weather Ball|p2a: Landorus\n|-supereffective|p2a: Landorus\n|-damage|p2a: Landorus|0 fnt\n|faint|p2a: Landorus\n|\n|-weather|none\n|upkeep\n|\n|t:|1771250490\n|switch|p2a: Rillaboom|Rillaboom, F|2/100\n|-fieldstart|move: Grassy Terrain|[from] ability: Grassy Surge|[of] p2a: Rillaboom\n|turn|9\n|\n|t:|1771250499\n|move|p2a: Rillaboom|Fake Out|p1a: Kilowattrel\n|-damage|p1a: Kilowattrel|75/100\n|move|p1b: Grimmsnarl|Sucker Punch||[still]\n|-fail|p1b: Grimmsnarl\n|move|p1a: Kilowattrel|Electroweb|p2a: Rillaboom|[spread] p2a\n|-miss|p1a: Kilowattrel|p2b: Ogerpon\n|-resisted|p2a: Rillaboom\n|-damage|p2a: Rillaboom|0 fnt\n|faint|p2a: Rillaboom\n|move|p2b: Ogerpon|Focus Energy|p2b: Ogerpon\n|-start|p2b: Ogerpon|move: Focus Energy\n|\n|-heal|p1b: Grimmsnarl|100/100|[from] Grassy Terrain\n|upkeep\n|turn|10\n|\n|t:|1771250511\n|move|p1b: Grimmsnarl|Sucker Punch|p2b: Ogerpon\n|-damage|p2b: Ogerpon|48/100\n|move|p1a: Kilowattrel|Electroweb|p2b: Ogerpon\n|-resisted|p2b: Ogerpon\n|-damage|p2b: Ogerpon|32/100\n|-unboost|p2b: Ogerpon|spe|1\n|move|p2b: Ogerpon|Ivy Cudgel|p1a: Kilowattrel|[anim] Ivy Cudgel Fire\n|-crit|p1a: Kilowattrel\n|-damage|p1a: Kilowattrel|0 fnt\n|faint|p1a: Kilowattrel\n|\n|-heal|p2b: Ogerpon|38/100|[from] Grassy Terrain\n|upkeep\n|\n|t:|1771250518\n|switch|p1a: Pelipper|Pelipper, M|77/100\n|-weather|RainDance|[from] ability: Drizzle|[of] p1a: Pelipper\n|turn|11\n|\n|t:|1771250522\n|move|p2b: Ogerpon|Spiky Shield|p2b: Ogerpon\n|-singleturn|p2b: Ogerpon|move: Protect\n|move|p1b: Grimmsnarl|Sucker Punch||[still]\n|-fail|p1b: Grimmsnarl\n|move|p1a: Pelipper|Hurricane|p2b: Ogerpon\n|-activate|p2b: Ogerpon|move: Protect\n|\n|-weather|RainDance|[upkeep]\n|-heal|p2b: Ogerpon|44/100|[from] Grassy Terrain\n|upkeep\n|turn|12\n|c|☆enexis|gg\n|\n|t:|1771250534\n|move|p2b: Ogerpon|Grassy Glide|p1a: Pelipper\n|-damage|p1a: Pelipper|23/100\n|move|p1b: Grimmsnarl|Sucker Punch||[still]\n|-fail|p1b: Grimmsnarl\n|move|p1a: Pelipper|Hurricane|p2b: Ogerpon\n|-supereffective|p2b: Ogerpon\n|-damage|p2b: Ogerpon|0 fnt\n|faint|p2b: Ogerpon\n|\n|win|enexis\n|raw|enexis's rating: 1706 &rarr; <strong>1722</strong><br />(+16 for winning)\n|raw|ismelllikesocksbro's rating: 1631 &rarr; <strong>1615</strong><br />(-16 for losing)\n|l|☆enexis\n|player|p1|\n|l|‽ismelllikesocksbro\n|player|p2|\n", "uploadtime": 1771250791, "views": 6, "formatid": "gen9doublesou", "rating": 1615, "private": 0, "password": null}