{"id": "gen9doublesou-2540868808", "format": "[Gen 9] Doubles OU", "players": ["Donye East", "Jon Mateo"], "log": "|j|☆Donye East\n|j|☆Jon Mateo\n|t:|1771262281\n|gametype|doubles\n|player|p1|Donye East|hilda|1551\n|player|p2|Jon Mateo|169|1547\n|gen|9\n|tier|[Gen 9] Doubles OU\n|rated|\n|rule|HP Percentage Mod: HP is shown in percentages\n|rule|Endless Battle Clause: Forcing endless battles is banned\n|rule|Species Clause: Limit one of each Pokémon\n|rule|OHKO Clause: OHKO moves are banned\n|rule|Evasion Moves Clause: Evasion moves are banned\n|rule|Gravity Sleep Clause: The combination of sleep-inducing moves with imperfect accuracy and Gravity or Gigantamax Orbeetle are banned\n|rule|Evasion Abilities Clause: Evasion abilities are banned\n|clearpoke\n|poke|p1|Grimmsnarl, M|\n|poke|p1|Ogerpon-Wellspring, F|\n|poke|p1|Sinistcha|\n|poke|p1|Incineroar, F|\n|poke|p1|Ursaluna, F|\n|poke|p1|Diancie|\n|poke|p2|Kleavor, F|\n|poke|p2|Kingdra, M|\n|poke|p2|Mamoswine, M|\n|poke|p2|Chi-Yu|\n|poke|p2|Tinkaton, F|\n|poke|p2|Zapdos|\n|teampreview\n|inactive|Battle timer is ON: inactive players will automatically lose when time's up. (requested by Donye East)\n|\n|t:|1771262297\n|teamsize|p1|6\n|teamsize|p2|6\n|start\n|switch|p1a: Grimmsnarl|Grimmsnarl, M, shiny|100/100\n|switch|p1b: Incineroar|Incineroar, F|100/100\n|switch|p2a: Tinkaton|Tinkaton, F|100/100\n|switch|p2b: Kingdra|Kingdra, M|100/100\n|-ability|p1b: Incineroar|Intimidate|boost\n|-fail|p2a: Tinkaton|unboost|Attack|[from] ability: Own Tempo|[of] p2a: Tinkaton\n|-unboost|p2b: Kingdra|atk|1\n|turn|1\n|inactive|Jon Mateo has 120 seconds left.\n|\n|t:|1771262349\n|move|p2a: Tinkaton|Fake Out|p1b: Incineroar\n|-damage|p1b: Incineroar|91/100\n|-damage|p2a: Tinkaton|84/100|[from] item: Rocky Helmet|[of] p1b: Incineroar\n|move|p1a: Grimmsnarl|Light Screen|p1a: Grimmsnarl\n|-sidestart|p1: Donye East|move: Light Screen\n|move|p2b: Kingdra|Muddy Water|p1b: Incineroar|[spread] p1a,p1b\n|-crit|p1a: Grimmsnarl\n|-supereffective|p1b: Incineroar\n|-damage|p1a: Grimmsnarl|65/100\n|-damage|p1b: Incineroar|51/100\n|cant|p1b: Incineroar|flinch\n|\n|upkeep\n|turn|2\n|inactive|Jon Mateo has 120 seconds left.\n|\n|t:|1771262364\n|move|p1a: Grimmsnarl|Reflect|p1a: Grimmsnarl\n|-sidestart|p1: Donye East|Reflect\n|move|p2a: Tinkaton|Play Rough|p1b: Incineroar\n|-damage|p1b: Incineroar|29/100\n|-damage|p2a: Tinkaton|68/100|[from] item: Rocky Helmet|[of] p1b: Incineroar\n|move|p2b: Kingdra|Muddy Water|p1a: Grimmsnarl|[spread] p1a\n|-miss|p2b: Kingdra|p1b: Incineroar\n|-damage|p1a: Grimmsnarl|50/100\n|move|p1b: Incineroar|Flare Blitz|p2a: Tinkaton\n|-supereffective|p2a: Tinkaton\n|-damage|p2a: Tinkaton|0 fnt\n|faint|p2a: Tinkaton\n|-damage|p1b: Incineroar|12/100|[from] Recoil\n|\n|upkeep\n|\n|t:|1771262375\n|switch|p2a: Mamoswine|Mamoswine, M|100/100\n|turn|3\n|\n|t:|1771262385\n|switch|p2b: Zapdos|Zapdos|100/100\n|move|p2a: Mamoswine|Earthquake|p1b: Incineroar|[spread] p1a,p1b\n|-immune|p2b: Zapdos\n|-supereffective|p1b: Incineroar\n|-damage|p1a: Grimmsnarl|0 fnt\n|-damage|p1b: Incineroar|0 fnt\n|faint|p1a: Grimmsnarl\n|faint|p1b: Incineroar\n|\n|upkeep\n|\n|t:|1771262405\n|switch|p1b: Ogerpon|Ogerpon-Wellspring, F|100/100\n|switch|p1a: Diancie|Diancie|100/100\n|turn|4\n|\n|t:|1771262418\n|move|p2b: Zapdos|Hurricane|p1b: Ogerpon\n|-supereffective|p1b: Ogerpon\n|-damage|p1b: Ogerpon|25/100\n|-start|p1b: Ogerpon|confusion\n|-activate|p1b: Ogerpon|confusion\n|-damage|p1b: Ogerpon|13/100|[from] confusion\n|move|p2a: Mamoswine|Earthquake|p1b: Ogerpon|[spread] p1a,p1b\n|-immune|p2b: Zapdos\n|-supereffective|p1a: Diancie\n|-resisted|p1b: Ogerpon\n|-damage|p1a: Diancie|37/100\n|-damage|p1b: Ogerpon|0 fnt\n|-enditem|p1a: Diancie|Weakness Policy\n|-boost|p1a: Diancie|atk|2|[from] item: Weakness Policy\n|-boost|p1a: Diancie|spa|2|[from] item: Weakness Policy\n|faint|p1b: Ogerpon\n|move|p1a: Diancie|Trick Room|p1a: Diancie\n|-fieldstart|move: Trick Room|[of] p1a: Diancie\n|\n|upkeep\n|\n|t:|1771262432\n|switch|p1b: Sinistcha|Sinistcha|100/100\n|-heal|p1a: Diancie|62/100|[from] ability: Hospitality|[of] p1b: Sinistcha\n|turn|5\n|\n|t:|1771262447\n|switch|p2a: Chi-Yu|Chi-Yu|100/100\n|-ability|p2a: Chi-Yu|Beads of Ruin\n|move|p1a: Diancie|Diamond Storm|p2b: Zapdos|[spread] p2a,p2b\n|-supereffective|p2a: Chi-Yu\n|-supereffective|p2b: Zapdos\n|-damage|p2a: Chi-Yu|0 fnt\n|-damage|p2b: Zapdos|0 fnt\n|faint|p2a: Chi-Yu\n|faint|p2b: Zapdos\n|move|p1b: Sinistcha|Matcha Gotcha|p2: Chi-Yu|[notarget]\n|-fail|p1b: Sinistcha\n|\n|upkeep\n|inactive|Jon Mateo has 120 seconds left.\n|\n|t:|1771262484\n|switch|p2b: Kleavor|Kleavor, F|100/100\n|switch|p2a: Kingdra|Kingdra, M|100/100\n|turn|6\n|\n|t:|1771262493\n|move|p2a: Kingdra|Protect|p2a: Kingdra\n|-singleturn|p2a: Kingdra|Protect\n|move|p2b: Kleavor|Protect|p2b: Kleavor\n|-singleturn|p2b: Kleavor|Protect\n|move|p1a: Diancie|Diamond Storm|p2b: Kleavor|[spread] \n|-activate|p2a: Kingdra|move: Protect\n|-activate|p2b: Kleavor|move: Protect\n|move|p1b: Sinistcha|Matcha Gotcha|p2b: Kleavor|[spread] \n|-activate|p2a: Kingdra|move: Protect\n|-activate|p2b: Kleavor|move: Protect\n|\n|upkeep\n|turn|7\n|\n|t:|1771262523\n|move|p1a: Diancie|Diamond Storm|p2a: Kingdra|[spread] p2a,p2b\n|-supereffective|p2b: Kleavor\n|-damage|p2a: Kingdra|42/100\n|-enditem|p2b: Kleavor|Focus Sash\n|-damage|p2b: Kleavor|1/100\n|move|p1b: Sinistcha|Matcha Gotcha|p2a: Kingdra|[spread] p2a,p2b\n|-damage|p2a: Kingdra|7/100\n|-damage|p2b: Kleavor|0 fnt\n|faint|p2b: Kleavor\n|move|p2a: Kingdra|Yawn|p1a: Diancie\n|-start|p1a: Diancie|move: Yawn|[of] p2a: Kingdra\n|\n|-heal|p2a: Kingdra|14/100|[from] item: Leftovers\n|upkeep\n|\n|t:|1771262532\n|switch|p2b: Mamoswine|Mamoswine, M|100/100\n|turn|8\n|\n|t:|1771262540\n|move|p2a: Kingdra|Protect|p2a: Kingdra\n|-singleturn|p2a: Kingdra|Protect\n|move|p2b: Mamoswine|Ice Shard|p1b: Sinistcha\n|-supereffective|p1b: Sinistcha\n|-crit|p1b: Sinistcha\n|-damage|p1b: Sinistcha|3/100\n|-enditem|p1b: Sinistcha|Sitrus Berry|[eat]\n|-heal|p1b: Sinistcha|28/100|[from] item: Sitrus Berry\n|move|p1a: Diancie|Baton Pass|p1a: Diancie\n|\n|t:|1771262548\n|switch|p1a: Ursaluna|Ursaluna, F|100/100|[from] Baton Pass\n|move|p1b: Sinistcha|Matcha Gotcha|p2b: Mamoswine|[spread] p2b\n|-activate|p2a: Kingdra|move: Protect\n|-supereffective|p2b: Mamoswine\n|-damage|p2b: Mamoswine|7/100\n|-heal|p1b: Sinistcha|77/100|[from] drain|[of] p2b: Mamoswine\n|\n|-heal|p2a: Kingdra|20/100|[from] item: Leftovers\n|-sideend|p1: Donye East|move: Light Screen\n|-fieldend|move: Trick Room\n|-status|p1a: Ursaluna|brn|[from] item: Flame Orb\n|upkeep\n|turn|9\n|inactive|Jon Mateo has 120 seconds left.\n|inactive|Donye East has 120 seconds left.\n|\n|t:|1771262595\n|-terastallize|p1a: Ursaluna|Ghost\n|move|p2b: Mamoswine|Ice Shard|p1b: Sinistcha\n|-supereffective|p1b: Sinistcha\n|-damage|p1b: Sinistcha|30/100\n|move|p2a: Kingdra|Muddy Water|p1b: Sinistcha|[spread] \n|-miss|p2a: Kingdra|p1a: Ursaluna\n|-miss|p2a: Kingdra|p1b: Sinistcha\n|move|p1b: Sinistcha|Matcha Gotcha|p2b: Mamoswine|[spread] \n|-miss|p1b: Sinistcha|p2a: Kingdra\n|-miss|p1b: Sinistcha|p2b: Mamoswine\n|move|p1a: Ursaluna|Tera Blast|p2b: Mamoswine|[anim] Tera Blast Ghost\n|-damage|p2b: Mamoswine|0 fnt\n|faint|p2b: Mamoswine\n|\n|-heal|p2a: Kingdra|26/100|[from] item: Leftovers\n|-damage|p1a: Ursaluna|94/100 brn|[from] brn\n|-sideend|p1: Donye East|Reflect\n|upkeep\n|turn|10\n|\n|t:|1771262611\n|move|p2a: Kingdra|Muddy Water|p1a: Ursaluna|[spread] p1a,p1b\n|-resisted|p1b: Sinistcha\n|-damage|p1a: Ursaluna|69/100 brn\n|-damage|p1b: Sinistcha|13/100\n|-unboost|p1a: Ursaluna|accuracy|1\n|-unboost|p1b: Sinistcha|accuracy|1\n|move|p1b: Sinistcha|Shadow Ball|p2a: Kingdra|[miss]\n|-miss|p1b: Sinistcha|p2a: Kingdra\n|move|p1a: Ursaluna|Tera Blast|p2a: Kingdra|[anim] Tera Blast Ghost\n|-damage|p2a: Kingdra|0 fnt\n|faint|p2a: Kingdra\n|\n|win|Donye East\n|raw|Donye East's rating: 1551 &rarr; <strong>1571</strong><br />(+20 for winning)\n|raw|Jon Mateo's rating: 1547 &rarr; <strong>1527</strong><br />(-20 for losing)\n|l|☆Donye East\n|player|p1|\n|l|☆Jon Mateo\n|player|p2|\n", "uploadtime": 1771263001, "views": 4, "formatid": "gen9doublesou", "rating": 1527, "private": 0, "password": null}