{"id": "gen9doublesou-2540883540", "format": "[Gen 9] Doubles OU", "players": ["orennnnn", "Poly love"], "log": "|badge|p2|bronze|gen9doublesou|100-8\n|uhtml|medal-msg|<div class=\"broadcast-blue\">Curious what those medals under the avatar are? PS now has Ladder Seasons! For more information, check out the <a href=\"https://www.smogon.com/forums/threads/3740067/\">thread on Smogon.</a></div>\n|j|☆orennnnn\n|j|☆Poly love\n|t:|1771263702\n|gametype|doubles\n|player|p1|orennnnn|ghetsis-gen5bw|1521\n|player|p2|Poly love|marnie-masters2|1756\n|gen|9\n|tier|[Gen 9] Doubles OU\n|rated|\n|rule|HP Percentage Mod: HP is shown in percentages\n|rule|Endless Battle Clause: Forcing endless battles is banned\n|rule|Species Clause: Limit one of each Pokémon\n|rule|OHKO Clause: OHKO moves are banned\n|rule|Evasion Moves Clause: Evasion moves are banned\n|rule|Gravity Sleep Clause: The combination of sleep-inducing moves with imperfect accuracy and Gravity or Gigantamax Orbeetle are banned\n|rule|Evasion Abilities Clause: Evasion abilities are banned\n|clearpoke\n|poke|p1|Kommo-o, F|\n|poke|p1|Scrafty, M|\n|poke|p1|Grimmsnarl, M|\n|poke|p1|Sinistcha|\n|poke|p1|Metagross|\n|poke|p1|Chi-Yu|\n|poke|p2|Tyranitar, M|\n|poke|p2|Ting-Lu|\n|poke|p2|Orthworm, M|\n|poke|p2|Houndstone, F|\n|poke|p2|Chien-Pao|\n|poke|p2|Glimmora, M|\n|teampreview\n|\n|t:|1771263713\n|teamsize|p1|6\n|teamsize|p2|6\n|start\n|switch|p1a: Kommo-o|Kommo-o, F|100/100\n|switch|p1b: Grimmsnarl|Grimmsnarl, M|100/100\n|switch|p2a: Spinner ball|Glimmora, M|100/100\n|switch|p2b: Stalling power|Ting-Lu|100/100\n|-ability|p2b: Stalling power|Vessel of Ruin\n|turn|1\n|\n|t:|1771263729\n|move|p1b: Grimmsnarl|Fake Out|p2b: Stalling power\n|-damage|p2b: Stalling power|95/100\n|move|p2a: Spinner ball|Stealth Rock|p1b: Grimmsnarl\n|-sidestart|p1: orennnnn|move: Stealth Rock\n|move|p1a: Kommo-o|Clangorous Soul|p1a: Kommo-o\n|-boost|p1a: Kommo-o|atk|1\n|-boost|p1a: Kommo-o|def|1\n|-boost|p1a: Kommo-o|spa|1\n|-boost|p1a: Kommo-o|spd|1\n|-boost|p1a: Kommo-o|spe|1\n|-damage|p1a: Kommo-o|68/100\n|-enditem|p1a: Kommo-o|Throat Spray\n|-boost|p1a: Kommo-o|spa|1|[from] item: Throat Spray\n|cant|p2b: Stalling power|flinch\n|\n|-heal|p2b: Stalling power|100/100|[from] item: Leftovers\n|upkeep\n|turn|2\n|\n|t:|1771263746\n|-terastallize|p2b: Stalling power|Ghost\n|move|p1b: Grimmsnarl|Light Screen|p1b: Grimmsnarl\n|-sidestart|p1: orennnnn|move: Light Screen\n|move|p1a: Kommo-o|Clanging Scales|p2a: Spinner ball|[spread] p2a,p2b\n|-damage|p2a: Spinner ball|22/100\n|-damage|p2b: Stalling power|66/100\n|-unboost|p1a: Kommo-o|def|1\n|move|p2a: Spinner ball|Mortal Spin|p1a: Kommo-o|[spread] p1a,p1b\n|-supereffective|p1b: Grimmsnarl\n|-damage|p1a: Kommo-o|64/100\n|-damage|p1b: Grimmsnarl|91/100\n|-status|p1a: Kommo-o|psn\n|-status|p1b: Grimmsnarl|psn\n|move|p2b: Stalling power|Whirlwind|p1a: Kommo-o\n|drag|p1a: Sinistcha|Sinistcha|100/100\n|-damage|p1a: Sinistcha|88/100|[from] Stealth Rock\n|-heal|p1b: Grimmsnarl|100/100 psn|[from] ability: Hospitality|[of] p1a: Sinistcha\n|\n|-heal|p2b: Stalling power|72/100|[from] item: Leftovers\n|-damage|p1b: Grimmsnarl|88/100 psn|[from] psn\n|upkeep\n|turn|3\n|\n|t:|1771263766\n|move|p1b: Grimmsnarl|Reflect|p1b: Grimmsnarl\n|-sidestart|p1: orennnnn|Reflect\n|move|p2a: Spinner ball|Mortal Spin|p1a: Sinistcha|[spread] p1a,p1b\n|-supereffective|p1b: Grimmsnarl\n|-damage|p1a: Sinistcha|85/100\n|-damage|p1b: Grimmsnarl|82/100 psn\n|-status|p1a: Sinistcha|psn\n|move|p1a: Sinistcha|Matcha Gotcha|p2b: Stalling power|[spread] p2a,p2b\n|-damage|p2a: Spinner ball|0 fnt\n|-heal|p1a: Sinistcha|97/100 psn|[from] drain|[of] p2a: Spinner ball\n|-damage|p2b: Stalling power|51/100\n|-heal|p1a: Sinistcha|100/100 psn|[from] drain|[of] p2b: Stalling power\n|faint|p2a: Spinner ball\n|-damage|p1a: Sinistcha|91/100 psn|[from] item: Life Orb\n|move|p2b: Stalling power|Throat Chop|p1a: Sinistcha\n|-supereffective|p1a: Sinistcha\n|-damage|p1a: Sinistcha|41/100 psn\n|-start|p1a: Sinistcha|Throat Chop|[silent]\n|\n|-heal|p2b: Stalling power|57/100|[from] item: Leftovers\n|-damage|p1a: Sinistcha|29/100 psn|[from] psn\n|-damage|p1b: Grimmsnarl|70/100 psn|[from] psn\n|upkeep\n|\n|t:|1771263819\n|switch|p2a: Bite ice|Chien-Pao|100/100\n|-ability|p2a: Bite ice|Sword of Ruin\n|turn|4\n|\n|t:|1771263830\n|move|p2a: Bite ice|Protect|p2a: Bite ice\n|-singleturn|p2a: Bite ice|Protect\n|move|p1b: Grimmsnarl|Parting Shot|p2a: Bite ice\n|-activate|p2a: Bite ice|move: Protect\n|move|p1a: Sinistcha|Strength Sap|p2a: Bite ice\n|-activate|p2a: Bite ice|move: Protect\n|move|p2b: Stalling power|Earthquake|p1b: Grimmsnarl|[spread] p1a,p1b\n|-activate|p2a: Bite ice|move: Protect\n|-resisted|p1a: Sinistcha\n|-damage|p1a: Sinistcha|13/100 psn\n|-damage|p1b: Grimmsnarl|44/100 psn\n|\n|-heal|p2b: Stalling power|64/100|[from] item: Leftovers\n|-damage|p1a: Sinistcha|0 fnt|[from] psn\n|faint|p1a: Sinistcha\n|-damage|p1b: Grimmsnarl|31/100 psn|[from] psn\n|upkeep\n|\n|t:|1771263836\n|switch|p1a: Scrafty|Scrafty, M|100/100\n|-damage|p1a: Scrafty|95/100|[from] Stealth Rock\n|-ability|p1a: Scrafty|Intimidate|boost\n|-fail|p2a: Bite ice|unboost|[from] item: Clear Amulet|[of] p2a: Bite ice\n|-unboost|p2b: Stalling power|atk|1\n|turn|5\n|\n|t:|1771263851\n|switch|p2a: Doggy attack|Houndstone, F|100/100\n|move|p1a: Scrafty|Fake Out|p2a: Doggy attack\n|-immune|p2a: Doggy attack\n|move|p1b: Grimmsnarl|Parting Shot|p2b: Stalling power\n|-unboost|p2b: Stalling power|atk|1\n|-unboost|p2b: Stalling power|spa|1\n|\n|t:|1771263861\n|switch|p1b: Chi-Yu|Chi-Yu|100/100|[from] Parting Shot\n|-damage|p1b: Chi-Yu|76/100|[from] Stealth Rock\n|-ability|p1b: Chi-Yu|Beads of Ruin\n|move|p2b: Stalling power|Whirlwind|p1a: Scrafty\n|drag|p1a: Kommo-o|Kommo-o, F|64/100 psn\n|-damage|p1a: Kommo-o|57/100 psn|[from] Stealth Rock\n|\n|-heal|p2b: Stalling power|70/100|[from] item: Leftovers\n|-damage|p1a: Kommo-o|45/100 psn|[from] psn\n|upkeep\n|turn|6\n|\n|t:|1771263881\n|move|p2a: Doggy attack|Protect|p2a: Doggy attack\n|-singleturn|p2a: Doggy attack|Protect\n|move|p1b: Chi-Yu|Dark Pulse|p2b: Stalling power\n|-supereffective|p2b: Stalling power\n|-damage|p2b: Stalling power|9/100\n|move|p1a: Kommo-o|Clangorous Soul|p1a: Kommo-o\n|-boost|p1a: Kommo-o|atk|1\n|-boost|p1a: Kommo-o|def|1\n|-boost|p1a: Kommo-o|spa|1\n|-boost|p1a: Kommo-o|spd|1\n|-boost|p1a: Kommo-o|spe|1\n|-damage|p1a: Kommo-o|12/100 psn\n|move|p2b: Stalling power|Earthquake|p1b: Chi-Yu|[spread] p1a,p1b\n|-activate|p2a: Doggy attack|move: Protect\n|-crit|p1a: Kommo-o\n|-supereffective|p1b: Chi-Yu\n|-damage|p1a: Kommo-o|0 fnt\n|-damage|p1b: Chi-Yu|44/100\n|faint|p1a: Kommo-o\n|\n|-heal|p2b: Stalling power|15/100|[from] item: Leftovers\n|upkeep\n|\n|t:|1771263892\n|switch|p1a: Scrafty|Scrafty, M|95/100\n|-damage|p1a: Scrafty|89/100|[from] Stealth Rock\n|-ability|p1a: Scrafty|Intimidate|boost\n|-fail|p2a: Doggy attack|unboost|[from] item: Clear Amulet|[of] p2a: Doggy attack\n|-unboost|p2b: Stalling power|atk|1\n|turn|7\n|\n|t:|1771263908\n|switch|p2a: Godzilla|Tyranitar, M|100/100\n|-weather|Sandstorm|[from] ability: Sand Stream|[of] p2a: Godzilla\n|move|p1b: Chi-Yu|Dark Pulse|p2a: Godzilla\n|-resisted|p2a: Godzilla\n|-damage|p2a: Godzilla|87/100\n|-enditem|p2a: Godzilla|Eject Button\n|\n|t:|1771263918\n|switch|p2a: Bite ice|Chien-Pao|100/100\n|-ability|p2a: Bite ice|Sword of Ruin\n|move|p1a: Scrafty|Knock Off|p2b: Stalling power\n|-supereffective|p2b: Stalling power\n|-damage|p2b: Stalling power|0 fnt\n|-enditem|p2b: Stalling power|Leftovers|[from] move: Knock Off|[of] p1a: Scrafty\n|faint|p2b: Stalling power\n|\n|-weather|Sandstorm|[upkeep]\n|-damage|p1b: Chi-Yu|38/100|[from] Sandstorm\n|-damage|p2a: Bite ice|95/100|[from] Sandstorm\n|-damage|p1a: Scrafty|83/100|[from] Sandstorm\n|upkeep\n|\n|t:|1771263940\n|switch|p2b: Godzilla|Tyranitar, M|87/100\n|turn|8\n|\n|t:|1771263951\n|switch|p1b: Grimmsnarl|Grimmsnarl, M|31/100 psn\n|-damage|p1b: Grimmsnarl|19/100 psn|[from] Stealth Rock\n|switch|p1a: Metagross|Metagross|100/100\n|-damage|p1a: Metagross|95/100|[from] Stealth Rock\n|move|p2a: Bite ice|Sacred Sword|p1b: Grimmsnarl\n|-damage|p1b: Grimmsnarl|0 fnt\n|faint|p1b: Grimmsnarl\n|move|p2b: Godzilla|Low Kick|p1a: Metagross\n|-damage|p1a: Metagross|62/100\n|\n|-weather|Sandstorm|[upkeep]\n|-damage|p2a: Bite ice|89/100|[from] Sandstorm\n|upkeep\n|\n|t:|1771263961\n|switch|p1b: Scrafty|Scrafty, M|83/100\n|-damage|p1b: Scrafty|77/100|[from] Stealth Rock\n|-ability|p1b: Scrafty|Intimidate|boost\n|-fail|p2a: Bite ice|unboost|[from] item: Clear Amulet|[of] p2a: Bite ice\n|-unboost|p2b: Godzilla|atk|1\n|turn|9\n|\n|t:|1771263972\n|switch|p2b: Migajas|Orthworm, M|100/100\n|move|p2a: Bite ice|Protect|p2a: Bite ice\n|-singleturn|p2a: Bite ice|Protect\n|move|p1b: Scrafty|Fake Out|p2a: Bite ice\n|-activate|p2a: Bite ice|move: Protect\n|move|p1a: Metagross|Meteor Mash|p2b: Migajas\n|-resisted|p2b: Migajas\n|-damage|p2b: Migajas|70/100\n|-damage|p1a: Metagross|52/100|[from] item: Life Orb\n|\n|-weather|Sandstorm|[upkeep]\n|-damage|p2a: Bite ice|83/100|[from] Sandstorm\n|-damage|p1b: Scrafty|71/100|[from] Sandstorm\n|-heal|p2b: Migajas|76/100|[from] item: Leftovers\n|-sideend|p1: orennnnn|move: Light Screen\n|upkeep\n|turn|10\n|\n|t:|1771263992\n|move|p1b: Scrafty|Quick Guard|p1b: Scrafty\n|-singleturn|p1b: Scrafty|Quick Guard\n|move|p2a: Bite ice|Sucker Punch|p1a: Metagross\n|-activate|p1a: Metagross|move: Quick Guard\n|move|p1a: Metagross|Bullet Punch|p2a: Bite ice\n|-supereffective|p2a: Bite ice\n|-damage|p2a: Bite ice|2/100\n|-damage|p1a: Metagross|42/100|[from] item: Life Orb\n|move|p2b: Migajas|Iron Defense|p2b: Migajas\n|-boost|p2b: Migajas|def|2\n|\n|-weather|Sandstorm|[upkeep]\n|-damage|p2a: Bite ice|0 fnt|[from] Sandstorm\n|-damage|p1b: Scrafty|65/100|[from] Sandstorm\n|faint|p2a: Bite ice\n|-heal|p2b: Migajas|82/100|[from] item: Leftovers\n|-sideend|p1: orennnnn|Reflect\n|upkeep\n|\n|t:|1771264010\n|switch|p2a: Doggy attack|Houndstone, F|100/100\n|turn|11\n|\n|t:|1771264019\n|move|p1a: Metagross|Bullet Punch|p2a: Doggy attack\n|-damage|p2a: Doggy attack|61/100\n|-damage|p1a: Metagross|32/100|[from] item: Life Orb\n|move|p2a: Doggy attack|Last Respects|p1a: Metagross\n|-supereffective|p1a: Metagross\n|-damage|p1a: Metagross|0 fnt\n|faint|p1a: Metagross\n|move|p2b: Migajas|Body Press|p1b: Scrafty\n|-supereffective|p1b: Scrafty\n|-damage|p1b: Scrafty|0 fnt\n|faint|p1b: Scrafty\n|\n|-weather|none\n|-heal|p2b: Migajas|88/100|[from] item: Leftovers\n|upkeep\n|\n|t:|1771264029\n|switch|p1b: Chi-Yu|Chi-Yu|38/100\n|-damage|p1b: Chi-Yu|13/100|[from] Stealth Rock\n|-ability|p1b: Chi-Yu|Beads of Ruin\n|turn|12\n|\n|t:|1771264036\n|switch|p2b: Godzilla|Tyranitar, M|87/100\n|-weather|Sandstorm|[from] ability: Sand Stream|[of] p2b: Godzilla\n|move|p2a: Doggy attack|Last Respects|p1b: Chi-Yu\n|-resisted|p1b: Chi-Yu\n|-damage|p1b: Chi-Yu|0 fnt\n|faint|p1b: Chi-Yu\n|\n|win|Poly love\n|raw|orennnnn's rating: 1521 &rarr; <strong>1513</strong><br />(-8 for losing)\n|raw|Poly love's rating: 1756 &rarr; <strong>1764</strong><br />(+8 for winning)\n|l|☆orennnnn\n|player|p1|\n|l|☆Poly love\n|player|p2|\n", "uploadtime": 1771264379, "views": 3, "formatid": "gen9doublesou", "rating": 1513, "private": 0, "password": null}