{"id": "gen9doublesou-2540035258", "format": "[Gen 9] Doubles OU", "players": ["HeWhoSits", "Lokart"], "log": "|j|☆HeWhoSits\n|j|☆Lokart\n|t:|1771149446\n|gametype|doubles\n|player|p1|HeWhoSits|fisherman|1612\n|player|p2|Lokart|266|1585\n|gen|9\n|tier|[Gen 9] Doubles OU\n|rated|\n|rule|HP Percentage Mod: HP is shown in percentages\n|rule|Endless Battle Clause: Forcing endless battles is banned\n|rule|Species Clause: Limit one of each Pokémon\n|rule|OHKO Clause: OHKO moves are banned\n|rule|Evasion Moves Clause: Evasion moves are banned\n|rule|Gravity Sleep Clause: The combination of sleep-inducing moves with imperfect accuracy and Gravity or Gigantamax Orbeetle are banned\n|rule|Evasion Abilities Clause: Evasion abilities are banned\n|clearpoke\n|poke|p1|Whimsicott, F|\n|poke|p1|Terrakion|\n|poke|p1|Farigiraf, F|\n|poke|p1|Torkoal, M|\n|poke|p1|Smeargle, M|\n|poke|p1|Sinistcha|\n|poke|p2|Corviknight, M|\n|poke|p2|Cresselia, F|\n|poke|p2|Dragapult, M|\n|poke|p2|Weezing-Galar, F|\n|poke|p2|Incineroar, F|\n|poke|p2|Ursaluna-Bloodmoon, M|\n|teampreview\n|inactive|Battle timer is ON: inactive players will automatically lose when time's up. (requested by HeWhoSits)\n|\n|t:|1771149471\n|teamsize|p1|6\n|teamsize|p2|6\n|start\n|switch|p1a: Sativa|Whimsicott, F|100/100\n|switch|p1b: Stoner|Terrakion|100/100\n|switch|p2a: Weezing|Weezing-Galar, F|100/100\n|switch|p2b: Dragapult|Dragapult, M|100/100\n|-ability|p2a: Weezing|Neutralizing Gas\n|turn|1\n|\n|t:|1771149492\n|move|p2b: Dragapult|Dragon Darts|p1b: Stoner\n|-damage|p1b: Stoner|55/100\n|-anim|p2b: Dragapult|Dragon Darts|p1b: Stoner\n|-damage|p1b: Stoner|10/100\n|move|p1a: Sativa|Tailwind|p1a: Sativa\n|-sidestart|p1: HeWhoSits|move: Tailwind\n|move|p1b: Stoner|Rock Slide|p2a: Weezing|[spread] p2a\n|-miss|p1b: Stoner|p2b: Dragapult\n|-damage|p2a: Weezing|59/100\n|move|p2a: Weezing|Sludge Bomb|p1a: Sativa\n|-supereffective|p1a: Sativa\n|-enditem|p1a: Sativa|Focus Sash\n|-damage|p1a: Sativa|1/100\n|\n|-heal|p2a: Weezing|65/100|[from] item: Leftovers\n|upkeep\n|turn|2\n|\n|t:|1771149510\n|switch|p2b: Cresselia|Cresselia, F|100/100\n|move|p1a: Sativa|Beat Up|p1b: Stoner\n|-resisted|p1b: Stoner\n|-damage|p1b: Stoner|9/100\n|-resisted|p1b: Stoner\n|-damage|p1b: Stoner|7/100\n|-resisted|p1b: Stoner\n|-damage|p1b: Stoner|6/100\n|-resisted|p1b: Stoner\n|-damage|p1b: Stoner|5/100\n|-resisted|p1b: Stoner\n|-damage|p1b: Stoner|4/100\n|-resisted|p1b: Stoner\n|-crit|p1b: Stoner\n|-damage|p1b: Stoner|2/100\n|-hitcount|p1b: Stoner|6\n|move|p1b: Stoner|Rock Slide|p2b: Cresselia|[spread] p2a\n|-miss|p1b: Stoner|p2b: Cresselia\n|-damage|p2a: Weezing|24/100\n|move|p2a: Weezing|Dazzling Gleam|p1b: Stoner|[spread] p1a,p1b\n|-supereffective|p1b: Stoner\n|-damage|p1a: Sativa|0 fnt\n|-damage|p1b: Stoner|0 fnt\n|faint|p1a: Sativa\n|faint|p1b: Stoner\n|\n|-heal|p2a: Weezing|30/100|[from] item: Leftovers\n|upkeep\n|\n|t:|1771149523\n|switch|p1a: Indica|Farigiraf, F|100/100\n|switch|p1b: Bong|Torkoal, M|100/100\n|turn|3\n|\n|t:|1771149542\n|move|p1a: Indica|Imprison|p1a: Indica\n|-start|p1a: Indica|move: Imprison\n|move|p1b: Bong|Shell Smash|p1b: Bong\n|-unboost|p1b: Bong|def|1\n|-unboost|p1b: Bong|spd|1\n|-boost|p1b: Bong|atk|2\n|-boost|p1b: Bong|spa|2\n|-boost|p1b: Bong|spe|2\n|move|p2b: Cresselia|Lunar Blessing|p2b: Cresselia|[spread] p2a,p2b\n|-heal|p2a: Weezing|54/100\n|move|p2a: Weezing|Sludge Bomb|p1b: Bong\n|-damage|p1b: Bong|39/100\n|\n|-heal|p2a: Weezing|60/100|[from] item: Leftovers\n|upkeep\n|turn|4\n|\n|t:|1771149561\n|-terastallize|p1b: Bong|Fire\n|move|p1a: Indica|Helping Hand|p1b: Bong\n|-singleturn|p1b: Bong|Helping Hand|[of] p1a: Indica\n|move|p1b: Bong|Heat Wave|p2a: Weezing|[spread] p2a,p2b\n|-damage|p2a: Weezing|0 fnt\n|-damage|p2b: Cresselia|35/100\n|faint|p2a: Weezing\n|-end|p2a: Weezing|ability: Neutralizing Gas\n|-weather|SunnyDay|[from] ability: Drought|[of] p1b: Bong\n|move|p2b: Cresselia|Lunar Blessing|p2b: Cresselia\n|-heal|p2b: Cresselia|60/100\n|\n|-weather|SunnyDay|[upkeep]\n|-sideend|p1: HeWhoSits|move: Tailwind\n|upkeep\n|\n|t:|1771149575\n|switch|p2a: Incineroar|Incineroar, F|100/100\n|-ability|p2a: Incineroar|Intimidate|boost\n|-unboost|p1a: Indica|atk|1\n|-unboost|p1b: Bong|atk|1\n|turn|5\n|\n|t:|1771149585\n|move|p1a: Indica|Helping Hand|p1b: Bong\n|-singleturn|p1b: Bong|Helping Hand|[of] p1a: Indica\n|move|p1b: Bong|Heat Wave|p2b: Cresselia|[spread] p2a,p2b\n|-resisted|p2a: Incineroar\n|-damage|p2a: Incineroar|30/100\n|-damage|p2b: Cresselia|0 fnt\n|faint|p2b: Cresselia\n|move|p2a: Incineroar|Snarl|p1b: Bong|[spread] p1a,p1b\n|-supereffective|p1a: Indica\n|-enditem|p1a: Indica|Colbur Berry|[eat]\n|-enditem|p1a: Indica|Colbur Berry|[weaken]\n|-damage|p1a: Indica|94/100\n|-damage|p1b: Bong|14/100\n|-unboost|p1a: Indica|spa|1\n|-unboost|p1b: Bong|spa|1\n|\n|-weather|SunnyDay|[upkeep]\n|upkeep\n|\n|t:|1771149599\n|switch|p2b: Dragapult|Dragapult, M|100/100\n|turn|6\n|\n|t:|1771149612\n|switch|p1b: Chasen|Sinistcha|100/100\n|-heal|p1a: Indica|100/100|[from] ability: Hospitality|[of] p1b: Chasen\n|-terastallize|p2b: Dragapult|Dragon\n|move|p2b: Dragapult|Dragon Darts|p1a: Indica\n|-damage|p1a: Indica|46/100\n|-anim|p2b: Dragapult|Dragon Darts|p1b: Chasen\n|-damage|p1b: Chasen|57/100\n|move|p2a: Incineroar|Knock Off|p1a: Indica\n|-supereffective|p1a: Indica\n|-damage|p1a: Indica|0 fnt\n|faint|p1a: Indica\n|\n|-weather|SunnyDay|[upkeep]\n|upkeep\n|\n|t:|1771149634\n|switch|p1a: Sage|Smeargle, M|100/100\n|turn|7\n|\n|t:|1771149643\n|switch|p1b: Bong|Torkoal, M, tera:Fire|14/100\n|move|p2b: Dragapult|Dragon Darts|p1a: Sage\n|-enditem|p1a: Sage|Focus Sash\n|-damage|p1a: Sage|1/100\n|-anim|p2b: Dragapult|Dragon Darts|p1b: Bong\n|-damage|p1b: Bong|0 fnt\n|faint|p1b: Bong\n|move|p1a: Sage|Spore|p2b: Dragapult\n|-status|p2b: Dragapult|slp|[from] move: Spore\n|move|p2a: Incineroar|Knock Off|p1a: Sage\n|-damage|p1a: Sage|0 fnt\n|faint|p1a: Sage\n|\n|-weather|SunnyDay|[upkeep]\n|upkeep\n|\n|t:|1771149651\n|switch|p1b: Chasen|Sinistcha|57/100\n|turn|8\n|j| jakeovened_2nd\n|\n|t:|1771149662\n|cant|p2b: Dragapult|slp\n|move|p1b: Chasen|Matcha Gotcha|p2b: Dragapult|[spread] p2a,p2b\n|-resisted|p2a: Incineroar\n|-resisted|p2b: Dragapult\n|-damage|p2a: Incineroar|20/100\n|-heal|p1b: Chasen|62/100|[from] drain|[of] p2a: Incineroar\n|-damage|p2b: Dragapult|80/100 slp\n|-heal|p1b: Chasen|72/100|[from] drain|[of] p2b: Dragapult\n|move|p2a: Incineroar|Flare Blitz|p1b: Chasen\n|-supereffective|p1b: Chasen\n|-damage|p1b: Chasen|0 fnt\n|faint|p1b: Chasen\n|-damage|p2a: Incineroar|0 fnt|[from] Recoil\n|faint|p2a: Incineroar\n|\n|win|Lokart\n|raw|HeWhoSits's rating: 1612 &rarr; <strong>1590</strong><br />(-22 for losing)\n|raw|Lokart's rating: 1585 &rarr; <strong>1607</strong><br />(+22 for winning)\n|l|☆HeWhoSits\n|player|p1|\n|l|☆Lokart\n|player|p2|\n", "uploadtime": 1771150074, "views": 13, "formatid": "gen9doublesou", "rating": 1590, "private": 0, "password": null}