{"id": "gen9doublesou-2540879191", "format": "[Gen 9] Doubles OU", "players": ["Jaiper_Showdown", "knullify"], "log": "|j|☆Jaiper_Showdown\n|j|☆knullify\n|t:|1771263287\n|gametype|doubles\n|player|p1|Jaiper_Showdown|nate|1624\n|player|p2|knullify|shelly|1576\n|gen|9\n|tier|[Gen 9] Doubles OU\n|rated|\n|rule|HP Percentage Mod: HP is shown in percentages\n|rule|Endless Battle Clause: Forcing endless battles is banned\n|rule|Species Clause: Limit one of each Pokémon\n|rule|OHKO Clause: OHKO moves are banned\n|rule|Evasion Moves Clause: Evasion moves are banned\n|rule|Gravity Sleep Clause: The combination of sleep-inducing moves with imperfect accuracy and Gravity or Gigantamax Orbeetle are banned\n|rule|Evasion Abilities Clause: Evasion abilities are banned\n|clearpoke\n|poke|p1|Ninetales-Alola, M|\n|poke|p1|Ogerpon-Wellspring, F|\n|poke|p1|Gengar, M|\n|poke|p1|Ting-Lu|\n|poke|p1|Incineroar, M|\n|poke|p1|Kommo-o, M|\n|poke|p2|Chien-Pao|\n|poke|p2|Glimmora, M|\n|poke|p2|Ting-Lu|\n|poke|p2|Gholdengo|\n|poke|p2|Dragonite, M|\n|poke|p2|Gouging Fire|\n|teampreview\n|\n|t:|1771263306\n|teamsize|p1|6\n|teamsize|p2|6\n|start\n|switch|p1a: Ogerpon|Ogerpon-Wellspring, F|100/100\n|switch|p1b: Ting-Lu|Ting-Lu|100/100\n|switch|p2a: Ting-Lu|Ting-Lu|100/100\n|switch|p2b: Glimmora|Glimmora, M|100/100\n|-ability|p2a: Ting-Lu|Vessel of Ruin\n|-ability|p1b: Ting-Lu|Vessel of Ruin\n|turn|1\n|\n|t:|1771263319\n|-terastallize|p1a: Ogerpon|Water\n|detailschange|p1a: Ogerpon|Ogerpon-Wellspring-Tera, F, tera:Water\n|-ability|p1a: Ogerpon|Embody Aspect (Wellspring)|boost\n|-boost|p1a: Ogerpon|spd|1\n|move|p1a: Ogerpon|Ivy Cudgel|p2a: Ting-Lu|[anim] Ivy Cudgel Water\n|-supereffective|p2a: Ting-Lu\n|-damage|p2a: Ting-Lu|15/100\n|-enditem|p2a: Ting-Lu|Sitrus Berry|[eat]\n|-heal|p2a: Ting-Lu|40/100|[from] item: Sitrus Berry\n|move|p2b: Glimmora|Stealth Rock|p1a: Ogerpon\n|-sidestart|p1: Jaiper_Showdown|move: Stealth Rock\n|move|p2a: Ting-Lu|Spikes|p1b: Ting-Lu\n|-sidestart|p1: Jaiper_Showdown|Spikes\n|move|p1b: Ting-Lu|Stealth Rock|p2a: Ting-Lu\n|-sidestart|p2: knullify|move: Stealth Rock\n|\n|upkeep\n|turn|2\n|\n|t:|1771263344\n|move|p1a: Ogerpon|Ivy Cudgel|p2b: Glimmora|[anim] Ivy Cudgel Water\n|-supereffective|p2b: Glimmora\n|-enditem|p2b: Glimmora|Focus Sash\n|-damage|p2b: Glimmora|1/100\n|-activate|p2b: Glimmora|ability: Toxic Debris\n|-sidestart|p1: Jaiper_Showdown|move: Toxic Spikes\n|move|p2b: Glimmora|Mortal Spin|p1b: Ting-Lu|[spread] p1a,p1b\n|-resisted|p1b: Ting-Lu\n|-damage|p1a: Ogerpon|95/100\n|-damage|p1b: Ting-Lu|99/100\n|-status|p1a: Ogerpon|psn\n|-status|p1b: Ting-Lu|psn\n|-sideend|p2: knullify|Stealth Rock|[from] move: Mortal Spin|[of] p2b: Glimmora\n|move|p2a: Ting-Lu|Spikes|p1b: Ting-Lu\n|-sidestart|p1: Jaiper_Showdown|Spikes\n|move|p1b: Ting-Lu|Stealth Rock|p2a: Ting-Lu\n|-sidestart|p2: knullify|move: Stealth Rock\n|\n|-heal|p1b: Ting-Lu|100/100 psn|[from] item: Leftovers\n|-damage|p1a: Ogerpon|82/100 psn|[from] psn\n|-damage|p1b: Ting-Lu|88/100 psn|[from] psn\n|upkeep\n|turn|3\n|\n|t:|1771263374\n|move|p1a: Ogerpon|Ivy Cudgel|p2b: Glimmora|[anim] Ivy Cudgel Water\n|-supereffective|p2b: Glimmora\n|-damage|p2b: Glimmora|0 fnt\n|-activate|p2b: Glimmora|ability: Toxic Debris\n|-sidestart|p1: Jaiper_Showdown|move: Toxic Spikes\n|faint|p2b: Glimmora\n|move|p2a: Ting-Lu|Whirlwind|p1a: Ogerpon\n|drag|p1a: Kommo-o|Kommo-o, M|100/100\n|-damage|p1a: Kommo-o|94/100|[from] Stealth Rock\n|-damage|p1a: Kommo-o|78/100|[from] Spikes\n|-status|p1a: Kommo-o|tox\n|move|p1b: Ting-Lu|Whirlwind|p2a: Ting-Lu\n|drag|p2a: Gouging Fire|Gouging Fire|100/100\n|-damage|p2a: Gouging Fire|76/100|[from] Stealth Rock\n|-enditem|p2a: Gouging Fire|Booster Energy\n|-activate|p2a: Gouging Fire|ability: Protosynthesis|[fromitem]\n|-start|p2a: Gouging Fire|protosynthesisspe\n|\n|-heal|p1a: Kommo-o|84/100 tox|[from] item: Leftovers\n|-heal|p1b: Ting-Lu|94/100 psn|[from] item: Leftovers\n|-damage|p1a: Kommo-o|78/100 tox|[from] psn\n|-damage|p1b: Ting-Lu|82/100 psn|[from] psn\n|upkeep\n|\n|t:|1771263393\n|switch|p2b: Gholdengo|Gholdengo|100/100\n|-damage|p2b: Gholdengo|94/100|[from] Stealth Rock\n|turn|4\n|\n|t:|1771263428\n|switch|p1a: Incineroar|Incineroar, M|100/100\n|-damage|p1a: Incineroar|76/100|[from] Stealth Rock\n|-damage|p1a: Incineroar|59/100|[from] Spikes\n|-status|p1a: Incineroar|tox\n|-ability|p1a: Incineroar|Intimidate|boost\n|-unboost|p2a: Gouging Fire|atk|1\n|-unboost|p2b: Gholdengo|atk|1\n|-terastallize|p2b: Gholdengo|Fairy\n|move|p2a: Gouging Fire|Burning Bulwark|p2a: Gouging Fire\n|-singleturn|p2a: Gouging Fire|move: Protect\n|move|p2b: Gholdengo|Dazzling Gleam|p1b: Ting-Lu|[spread] p1a,p1b\n|-supereffective|p1b: Ting-Lu\n|-damage|p1a: Incineroar|36/100 tox\n|-damage|p1b: Ting-Lu|51/100 psn\n|-enditem|p1a: Incineroar|Sitrus Berry|[eat]\n|-heal|p1a: Incineroar|61/100 tox|[from] item: Sitrus Berry\n|move|p1b: Ting-Lu|Stomping Tantrum|p2b: Gholdengo\n|-damage|p2b: Gholdengo|59/100\n|\n|-heal|p1b: Ting-Lu|58/100 psn|[from] item: Leftovers\n|-damage|p1a: Incineroar|55/100 tox|[from] psn\n|-damage|p1b: Ting-Lu|45/100 psn|[from] psn\n|upkeep\n|turn|5\n|\n|t:|1771263468\n|move|p2a: Gouging Fire|Howl|p2a: Gouging Fire|[spread] p2a\n|-immune|p2b: Gholdengo|[from] ability: Good as Gold\n|-boost|p2a: Gouging Fire|atk|1\n|move|p2b: Gholdengo|Dazzling Gleam|p1a: Incineroar|[spread] p1a,p1b\n|-supereffective|p1b: Ting-Lu\n|-damage|p1a: Incineroar|32/100 tox\n|-damage|p1b: Ting-Lu|13/100 psn\n|move|p1a: Incineroar|Knock Off|p2b: Gholdengo\n|-resisted|p2b: Gholdengo\n|-damage|p2b: Gholdengo|38/100\n|-enditem|p2b: Gholdengo|Choice Scarf|[from] move: Knock Off|[of] p1a: Incineroar\n|move|p1b: Ting-Lu|Stomping Tantrum|p2a: Gouging Fire\n|-supereffective|p2a: Gouging Fire\n|-crit|p2a: Gouging Fire\n|-damage|p2a: Gouging Fire|9/100\n|\n|-heal|p1b: Ting-Lu|19/100 psn|[from] item: Leftovers\n|-damage|p1a: Incineroar|20/100 tox|[from] psn\n|-damage|p1b: Ting-Lu|6/100 psn|[from] psn\n|upkeep\n|turn|6\n|\n|t:|1771263490\n|move|p2a: Gouging Fire|Howl|p2a: Gouging Fire|[spread] p2a\n|-immune|p2b: Gholdengo|[from] ability: Good as Gold\n|-boost|p2a: Gouging Fire|atk|1\n|move|p2b: Gholdengo|Dazzling Gleam|p1a: Incineroar|[spread] p1a,p1b\n|-supereffective|p1b: Ting-Lu\n|-damage|p1a: Incineroar|0 fnt\n|-damage|p1b: Ting-Lu|0 fnt\n|faint|p1a: Incineroar\n|faint|p1b: Ting-Lu\n|\n|upkeep\n|\n|t:|1771263499\n|switch|p1a: Gengar|Gengar, M, shiny|100/100\n|switch|p1b: Ogerpon|Ogerpon-Wellspring-Tera, F, tera:Water|82/100 psn\n|-damage|p1a: Gengar|88/100|[from] Stealth Rock\n|-damage|p1a: Gengar|72/100|[from] Spikes\n|-sideend|p1: Jaiper_Showdown|move: Toxic Spikes|[of] p1a: Gengar\n|-damage|p1b: Ogerpon|70/100 psn|[from] Stealth Rock\n|-damage|p1b: Ogerpon|53/100 psn|[from] Spikes\n|-ability|p1b: Ogerpon|Embody Aspect (Wellspring)|boost\n|-boost|p1b: Ogerpon|spd|1\n|turn|7\n|l|☆Jaiper_Showdown\n|player|p1|\n|\n|t:|1771263584\n|move|p1b: Ogerpon|Follow Me|p1b: Ogerpon\n|-singleturn|p1b: Ogerpon|move: Follow Me\n|move|p2a: Gouging Fire|Heat Crash|p1b: Ogerpon\n|-resisted|p1b: Ogerpon\n|-damage|p1b: Ogerpon|0 fnt\n|faint|p1b: Ogerpon\n|detailschange|p1: Ogerpon|Ogerpon-Wellspring, F|[silent]\n|move|p1a: Gengar|Sludge Bomb|p2a: Gouging Fire\n|-damage|p2a: Gouging Fire|0 fnt\n|faint|p2a: Gouging Fire\n|-end|p2a: Gouging Fire|Protosynthesis|[silent]\n|move|p2b: Gholdengo|Dazzling Gleam|p1a: Gengar\n|-resisted|p1a: Gengar\n|-damage|p1a: Gengar|31/100\n|\n|upkeep\n|j|☆Jaiper_Showdown\n|player|p1|Jaiper_Showdown|nate|\n|\n|t:|1771263599\n|switch|p1b: Ninetales|Ninetales-Alola, M|100/100\n|switch|p2a: Chien-Pao|Chien-Pao|100/100\n|-damage|p2a: Chien-Pao|76/100|[from] Stealth Rock\n|-ability|p2a: Chien-Pao|Sword of Ruin\n|-damage|p1b: Ninetales|76/100|[from] Stealth Rock\n|-damage|p1b: Ninetales|59/100|[from] Spikes\n|-weather|Snowscape|[from] ability: Snow Warning|[of] p1b: Ninetales\n|turn|8\n|\n|t:|1771263631\n|move|p2a: Chien-Pao|Sucker Punch||[still]\n|-fail|p2a: Chien-Pao\n|move|p1a: Gengar|Destiny Bond|p1a: Gengar\n|-singlemove|p1a: Gengar|Destiny Bond\n|move|p1b: Ninetales|Aurora Veil|p1b: Ninetales\n|-sidestart|p1: Jaiper_Showdown|move: Aurora Veil\n|move|p2b: Gholdengo|Make It Rain|p1a: Gengar|[spread] p1a,p1b\n|-supereffective|p1b: Ninetales\n|-damage|p1a: Gengar|0 fnt\n|-damage|p1b: Ninetales|0 fnt\n|-unboost|p2b: Gholdengo|spa|1\n|faint|p1a: Gengar\n|-activate|p1a: Gengar|move: Destiny Bond\n|faint|p1b: Ninetales\n|faint|p2b: Gholdengo\n|\n|-weather|Snowscape|[upkeep]\n|upkeep\n|\n|t:|1771263651\n|switch|p1b: Kommo-o|Kommo-o, M|78/100 tox\n|switch|p2b: Dragonite|Dragonite, M|100/100\n|-damage|p1b: Kommo-o|71/100 tox|[from] Stealth Rock\n|-damage|p1b: Kommo-o|55/100 tox|[from] Spikes\n|-damage|p2b: Dragonite|76/100|[from] Stealth Rock\n|turn|9\n|l|☆Jaiper_Showdown\n|player|p1|\n|j|☆Jaiper_Showdown\n|player|p1|Jaiper_Showdown|nate|\n|\n|t:|1771263688\n|move|p2a: Chien-Pao|Ice Spinner|p1b: Kommo-o\n|-supereffective|p1b: Kommo-o\n|-damage|p1b: Kommo-o|0 fnt\n|faint|p1b: Kommo-o\n|\n|win|knullify\n|raw|Jaiper_Showdown's rating: 1624 &rarr; <strong>1601</strong><br />(-23 for losing)\n|raw|knullify's rating: 1576 &rarr; <strong>1599</strong><br />(+23 for winning)\n|l|☆Jaiper_Showdown\n|player|p1|\n|l|☆knullify\n|player|p2|\n", "uploadtime": 1771263827, "views": 5, "formatid": "gen9doublesou", "rating": 1599, "private": 0, "password": null}