{"id": "gen9doublesou-2540482625", "format": "[Gen 9] Doubles OU", "players": ["likeyoubutbetter", "lucus27"], "log": "|j|☆likeyoubutbetter\n|j|☆lucus27\n|t:|1771207581\n|gametype|doubles\n|player|p1|likeyoubutbetter|bugcatcher-gen4dp|1522\n|player|p2|lucus27|lucas|1673\n|gen|9\n|tier|[Gen 9] Doubles OU\n|rated|\n|rule|HP Percentage Mod: HP is shown in percentages\n|rule|Endless Battle Clause: Forcing endless battles is banned\n|rule|Species Clause: Limit one of each Pokémon\n|rule|OHKO Clause: OHKO moves are banned\n|rule|Evasion Moves Clause: Evasion moves are banned\n|rule|Gravity Sleep Clause: The combination of sleep-inducing moves with imperfect accuracy and Gravity or Gigantamax Orbeetle are banned\n|rule|Evasion Abilities Clause: Evasion abilities are banned\n|clearpoke\n|poke|p1|Farigiraf, L1, F|\n|poke|p1|Iron Hands|\n|poke|p1|Ting-Lu|\n|poke|p1|Incineroar, M|\n|poke|p1|Torkoal, M|\n|poke|p1|Comfey, M|\n|poke|p2|Hydreigon, F|\n|poke|p2|Goodra-Hisui, F|\n|poke|p2|Ninetales-Alola, F|\n|poke|p2|Gastrodon-East, F|\n|poke|p2|Corviknight, F|\n|poke|p2|Tauros-Paldea-Blaze, M|\n|teampreview\n|inactive|Battle timer is ON: inactive players will automatically lose when time's up. (requested by likeyoubutbetter)\n|\n|t:|1771207602\n|teamsize|p1|6\n|teamsize|p2|6\n|start\n|switch|p1a: Farigiraf|Farigiraf, L1, F|100/100\n|switch|p1b: Incineroar|Incineroar, M|100/100\n|switch|p2a: Hydreigon|Hydreigon, F|100/100\n|switch|p2b: Tauros|Tauros-Paldea-Blaze, M|100/100\n|-ability|p2b: Tauros|Intimidate|boost\n|-unboost|p1a: Farigiraf|atk|1\n|-unboost|p1b: Incineroar|atk|1\n|-ability|p1b: Incineroar|Intimidate|boost\n|-unboost|p2a: Hydreigon|atk|1\n|-fail|p2b: Tauros|unboost|[from] item: Clear Amulet|[of] p2b: Tauros\n|turn|1\n|\n|t:|1771207619\n|move|p1b: Incineroar|Fake Out|p2a: Hydreigon\n|-damage|p2a: Hydreigon|93/100\n|move|p2b: Tauros|Close Combat|p1b: Incineroar\n|-supereffective|p1b: Incineroar\n|-damage|p1b: Incineroar|0 fnt\n|-unboost|p2b: Tauros|def|1\n|-unboost|p2b: Tauros|spd|1\n|faint|p1b: Incineroar\n|cant|p2a: Hydreigon|flinch\n|move|p1a: Farigiraf|Trick Room|p1a: Farigiraf\n|-fieldstart|move: Trick Room|[of] p1a: Farigiraf\n|\n|upkeep\n|inactive|likeyoubutbetter has 120 seconds left.\n|\n|t:|1771207640\n|switch|p1b: Ting-Lu|Ting-Lu|100/100\n|-ability|p1b: Ting-Lu|Vessel of Ruin\n|turn|2\n|\n|t:|1771207654\n|switch|p2b: Corviknight|Corviknight, F, shiny|100/100\n|move|p1a: Farigiraf|Endeavor|p2b: Corviknight\n|-damage|p2b: Corviknight|4/100\n|-damage|p1a: Farigiraf|85/100|[from] item: Rocky Helmet|[of] p2b: Corviknight\n|move|p1b: Ting-Lu|Snarl|p2b: Corviknight|[spread] p2b\n|-miss|p1b: Ting-Lu|p2a: Hydreigon\n|-damage|p2b: Corviknight|0 fnt\n|faint|p2b: Corviknight\n|move|p2a: Hydreigon|Snarl|p1b: Ting-Lu|[spread] p1a,p1b\n|-supereffective|p1a: Farigiraf\n|-crit|p1a: Farigiraf\n|-resisted|p1b: Ting-Lu\n|-crit|p1b: Ting-Lu\n|-damage|p1a: Farigiraf|0 fnt\n|-damage|p1b: Ting-Lu|93/100\n|-unboost|p1b: Ting-Lu|spa|1\n|faint|p1a: Farigiraf\n|\n|upkeep\n|\n|t:|1771207675\n|switch|p1a: Iron Hands|Iron Hands|100/100\n|switch|p2b: Gastrodon|Gastrodon-East, F|100/100\n|turn|3\n|\n|t:|1771207684\n|switch|p2a: Tauros|Tauros-Paldea-Blaze, M|100/100\n|-ability|p2a: Tauros|Intimidate|boost\n|-unboost|p1a: Iron Hands|atk|1\n|-unboost|p1b: Ting-Lu|atk|1\n|move|p2b: Gastrodon|Protect|p2b: Gastrodon\n|-singleturn|p2b: Gastrodon|Protect\n|move|p1a: Iron Hands|Protect|p1a: Iron Hands\n|-singleturn|p1a: Iron Hands|Protect\n|move|p1b: Ting-Lu|Stealth Rock|p2a: Tauros\n|-sidestart|p2: lucus27|move: Stealth Rock\n|\n|upkeep\n|turn|4\n|-activate|p2b: Gastrodon|item: Quick Claw\n|\n|t:|1771207700\n|-end|p1a: Iron Hands|Quark Drive|[silent]\n|switch|p1a: Torkoal|Torkoal, M|100/100\n|-weather|SunnyDay|[from] ability: Drought|[of] p1a: Torkoal\n|move|p2b: Gastrodon|Earth Power|p1a: Torkoal\n|-supereffective|p1a: Torkoal\n|-crit|p1a: Torkoal\n|-damage|p1a: Torkoal|0 fnt\n|faint|p1a: Torkoal\n|move|p1b: Ting-Lu|Snarl|p2a: Tauros|[spread] p2a,p2b\n|-resisted|p2a: Tauros\n|-crit|p2a: Tauros\n|-crit|p2b: Gastrodon\n|-damage|p2a: Tauros|93/100\n|-damage|p2b: Gastrodon|87/100\n|-unboost|p2b: Gastrodon|spa|1\n|move|p2a: Tauros|Close Combat|p1b: Ting-Lu\n|-supereffective|p1b: Ting-Lu\n|-damage|p1b: Ting-Lu|37/100\n|-unboost|p2a: Tauros|def|1\n|-unboost|p2a: Tauros|spd|1\n|\n|-weather|SunnyDay|[upkeep]\n|upkeep\n|\n|t:|1771207720\n|switch|p1a: Iron Hands|Iron Hands|100/100\n|turn|5\n|\n|t:|1771207726\n|switch|p1b: Comfey|Comfey, M|100/100\n|-terastallize|p1a: Iron Hands|Flying\n|move|p2b: Gastrodon|Protect|p2b: Gastrodon\n|-singleturn|p2b: Gastrodon|Protect\n|move|p2a: Tauros|Protect|p2a: Tauros\n|-singleturn|p2a: Tauros|Protect\n|move|p1a: Iron Hands|Belly Drum|p1a: Iron Hands\n|-damage|p1a: Iron Hands|50/100\n|-setboost|p1a: Iron Hands|atk|6|[from] move: Belly Drum\n|-enditem|p1a: Iron Hands|Sitrus Berry|[eat]\n|-heal|p1a: Iron Hands|75/100|[from] item: Sitrus Berry\n|\n|-weather|SunnyDay|[upkeep]\n|-fieldend|move: Trick Room\n|upkeep\n|turn|6\n|-activate|p2b: Gastrodon|item: Quick Claw\n|\n|t:|1771207749\n|move|p2b: Gastrodon|Earth Power|p1b: Comfey\n|-damage|p1b: Comfey|71/100\n|move|p2a: Tauros|Raging Bull|p1b: Comfey\n|-damage|p1b: Comfey|16/100\n|move|p1a: Iron Hands|Drain Punch|p2a: Tauros\n|-damage|p2a: Tauros|0 fnt\n|-heal|p1a: Iron Hands|100/100|[from] drain|[of] p2a: Tauros\n|faint|p2a: Tauros\n|move|p1b: Comfey|Trick Room|p1b: Comfey\n|-fieldstart|move: Trick Room|[of] p1b: Comfey\n|\n|-weather|SunnyDay|[upkeep]\n|upkeep\n|\n|t:|1771207771\n|switch|p2a: Ninetales|Ninetales-Alola, F, shiny|100/100\n|-damage|p2a: Ninetales|76/100|[from] Stealth Rock\n|-weather|Snowscape|[from] ability: Snow Warning|[of] p2a: Ninetales\n|turn|7\n|\n|t:|1771207790\n|switch|p1b: Ting-Lu|Ting-Lu|37/100\n|-ability|p1b: Ting-Lu|Vessel of Ruin\n|move|p2b: Gastrodon|Earth Power|p1b: Ting-Lu\n|-damage|p1b: Ting-Lu|26/100\n|-unboost|p1b: Ting-Lu|spd|1\n|move|p1a: Iron Hands|Rock Slide|p2a: Ninetales|[spread] p2a,p2b\n|-supereffective|p2a: Ninetales\n|-resisted|p2b: Gastrodon\n|-damage|p2a: Ninetales|0 fnt\n|-damage|p2b: Gastrodon|48/100\n|faint|p2a: Ninetales\n|\n|-weather|Snowscape|[upkeep]\n|upkeep\n|\n|t:|1771207805\n|switch|p2a: Goodra|Goodra-Hisui, F|100/100\n|-damage|p2a: Goodra|95/100|[from] Stealth Rock\n|turn|8\n|\n|t:|1771207813\n|-terastallize|p2a: Goodra|Fairy\n|move|p2b: Gastrodon|Muddy Water|p1b: Ting-Lu|[spread] p1b\n|-miss|p2b: Gastrodon|p1a: Iron Hands\n|-supereffective|p1b: Ting-Lu\n|-damage|p1b: Ting-Lu|0 fnt\n|faint|p1b: Ting-Lu\n|move|p1a: Iron Hands|Drain Punch|p2a: Goodra\n|-resisted|p2a: Goodra\n|-damage|p2a: Goodra|22/100\n|move|p2a: Goodra|Ice Beam|p1a: Iron Hands\n|-supereffective|p1a: Iron Hands\n|-damage|p1a: Iron Hands|68/100\n|\n|-weather|Snowscape|[upkeep]\n|upkeep\n|\n|t:|1771207825\n|switch|p1b: Comfey|Comfey, M|16/100\n|turn|9\n|\n|t:|1771207840\n|move|p1b: Comfey|Protect|p1b: Comfey\n|-singleturn|p1b: Comfey|Protect\n|move|p2b: Gastrodon|Earth Power|p1b: Comfey\n|-activate|p1b: Comfey|move: Protect\n|move|p1a: Iron Hands|Drain Punch|p2a: Goodra\n|-resisted|p2a: Goodra\n|-damage|p2a: Goodra|0 fnt\n|-heal|p1a: Iron Hands|74/100|[from] drain|[of] p2a: Goodra\n|faint|p2a: Goodra\n|\n|-weather|Snowscape|[upkeep]\n|upkeep\n|\n|t:|1771207843\n|switch|p2a: Hydreigon|Hydreigon, F|93/100\n|-damage|p2a: Hydreigon|80/100|[from] Stealth Rock\n|turn|10\n|-activate|p2b: Gastrodon|item: Quick Claw\n|\n|t:|1771207861\n|move|p1b: Comfey|Floral Healing|p1a: Iron Hands\n|-heal|p1a: Iron Hands|100/100\n|move|p2b: Gastrodon|Muddy Water|p1a: Iron Hands|[spread] p1b\n|-miss|p2b: Gastrodon|p1a: Iron Hands\n|-crit|p1b: Comfey\n|-damage|p1b: Comfey|0 fnt\n|faint|p1b: Comfey\n|move|p1a: Iron Hands|Drain Punch|p2a: Hydreigon\n|-supereffective|p2a: Hydreigon\n|-enditem|p2a: Hydreigon|Chople Berry|[eat]\n|-enditem|p2a: Hydreigon|Chople Berry|[weaken]\n|-damage|p2a: Hydreigon|0 fnt\n|faint|p2a: Hydreigon\n|\n|-weather|Snowscape|[upkeep]\n|-fieldend|move: Trick Room\n|upkeep\n|turn|11\n|\n|t:|1771207876\n|move|p1a: Iron Hands|Drain Punch|p2b: Gastrodon\n|-damage|p2b: Gastrodon|0 fnt\n|faint|p2b: Gastrodon\n|\n|win|likeyoubutbetter\n|raw|likeyoubutbetter's rating: 1522 &rarr; <strong>1550</strong><br />(+28 for winning)\n|raw|lucus27's rating: 1673 &rarr; <strong>1645</strong><br />(-28 for losing)\n|c|☆likeyoubutbetter|g\n|c|☆likeyoubutbetter|g\n|l|☆lucus27\n|player|p2|\n|l|☆likeyoubutbetter\n|player|p1|\n", "uploadtime": 1771208210, "views": 14, "formatid": "gen9doublesou", "rating": 1550, "private": 0, "password": null}