{"id": "gen9doublesou-2540911454", "format": "[Gen 9] Doubles OU", "players": ["jaxson737", "Whiteflame20"], "log": "|j|☆jaxson737\n|j|☆Whiteflame20\n|t:|1771266389\n|gametype|doubles\n|player|p1|jaxson737|gentleman-gen4|1490\n|player|p2|Whiteflame20|hilda-masters3|1572\n|gen|9\n|tier|[Gen 9] Doubles OU\n|rated|\n|rule|HP Percentage Mod: HP is shown in percentages\n|rule|Endless Battle Clause: Forcing endless battles is banned\n|rule|Species Clause: Limit one of each Pokémon\n|rule|OHKO Clause: OHKO moves are banned\n|rule|Evasion Moves Clause: Evasion moves are banned\n|rule|Gravity Sleep Clause: The combination of sleep-inducing moves with imperfect accuracy and Gravity or Gigantamax Orbeetle are banned\n|rule|Evasion Abilities Clause: Evasion abilities are banned\n|clearpoke\n|poke|p1|Dragonite, M|\n|poke|p1|Tornadus, M|\n|poke|p1|Amoonguss, M|\n|poke|p1|Incineroar, F|\n|poke|p1|Gholdengo|\n|poke|p1|Landorus-Therian, M|\n|poke|p2|Masquerain, M|\n|poke|p2|Landorus-Therian, M|\n|poke|p2|Raging Bolt|\n|poke|p2|Gholdengo|\n|poke|p2|Rillaboom, F|\n|poke|p2|Ogerpon-Hearthflame, F|\n|teampreview\n|\n|t:|1771266420\n|teamsize|p1|6\n|teamsize|p2|6\n|start\n|switch|p1a: Tornadus|Tornadus, M|100/100\n|switch|p1b: Incineroar|Incineroar, F|100/100\n|switch|p2a: masque|Masquerain, M|100/100\n|switch|p2b: big boom|Rillaboom, F|100/100\n|-ability|p2a: masque|Intimidate|boost\n|-unboost|p1a: Tornadus|atk|1\n|-unboost|p1b: Incineroar|atk|1\n|-fieldstart|move: Grassy Terrain|[from] ability: Grassy Surge|[of] p2b: big boom\n|-ability|p1b: Incineroar|Intimidate|boost\n|-unboost|p2a: masque|atk|1\n|-unboost|p2b: big boom|atk|1\n|turn|1\n|\n|t:|1771266435\n|move|p2b: big boom|Fake Out|p1b: Incineroar\n|-damage|p1b: Incineroar|91/100\n|cant|p1b: Incineroar|flinch\n|move|p1a: Tornadus|Taunt|p2a: masque\n|-start|p2a: masque|move: Taunt\n|cant|p2a: masque|move: Taunt|Tailwind\n|\n|-heal|p1b: Incineroar|97/100|[from] Grassy Terrain\n|upkeep\n|turn|2\n|\n|t:|1771266452\n|switch|p2b: lando|Landorus-Therian, M|100/100\n|-ability|p2b: lando|Intimidate|boost\n|-unboost|p1a: Tornadus|atk|1\n|-unboost|p1b: Incineroar|atk|1\n|move|p1a: Tornadus|Tailwind|p1a: Tornadus\n|-sidestart|p1: jaxson737|move: Tailwind\n|move|p1b: Incineroar|Flare Blitz|p2b: lando\n|-damage|p2b: lando|74/100\n|-status|p2b: lando|brn\n|-damage|p1b: Incineroar|89/100|[from] Recoil\n|move|p2a: masque|Struggle Bug|p1b: Incineroar|[spread] p1a,p1b\n|-resisted|p1a: Tornadus\n|-damage|p1a: Tornadus|96/100\n|-damage|p1b: Incineroar|79/100\n|-unboost|p1b: Incineroar|spa|1\n|\n|-heal|p1b: Incineroar|85/100|[from] Grassy Terrain\n|-damage|p2b: lando|68/100 brn|[from] brn\n|upkeep\n|turn|3\n|\n|t:|1771266478\n|move|p1a: Tornadus|Bleakwind Storm|p2b: lando|[spread] p2a,p2b\n|-supereffective|p2a: masque\n|-damage|p2a: masque|25/100\n|-damage|p2b: lando|35/100 brn\n|-enditem|p2b: lando|Sitrus Berry|[eat]\n|-heal|p2b: lando|60/100 brn|[from] item: Sitrus Berry\n|move|p1b: Incineroar|Parting Shot|p2b: lando\n|-unboost|p2b: lando|atk|1\n|-unboost|p2b: lando|spa|1\n|\n|t:|1771266486\n|switch|p1b: Landorus|Landorus-Therian, M|100/100|[from] Parting Shot\n|-ability|p1b: Landorus|Intimidate|boost\n|-unboost|p2a: masque|atk|1\n|-unboost|p2b: lando|atk|1\n|move|p2a: masque|Struggle Bug|p1b: Landorus|[spread] p1a,p1b\n|-resisted|p1a: Tornadus\n|-resisted|p1b: Landorus\n|-crit|p1b: Landorus\n|-damage|p1a: Tornadus|91/100\n|-damage|p1b: Landorus|92/100\n|-unboost|p1b: Landorus|spa|1\n|move|p2b: lando|Stealth Rock|p1a: Tornadus\n|-sidestart|p1: jaxson737|move: Stealth Rock\n|\n|-damage|p2b: lando|54/100 brn|[from] brn\n|-end|p2a: masque|move: Taunt\n|upkeep\n|turn|4\n|\n|t:|1771266519\n|move|p1a: Tornadus|Taunt|p2a: masque\n|-start|p2a: masque|move: Taunt\n|move|p1b: Landorus|U-turn|p2b: lando\n|-resisted|p2b: lando\n|-damage|p2b: lando|42/100 brn\n|\n|t:|1771266524\n|switch|p1b: Incineroar|Incineroar, F|85/100|[from] U-turn\n|-damage|p1b: Incineroar|60/100|[from] Stealth Rock\n|-ability|p1b: Incineroar|Intimidate|boost\n|-unboost|p2a: masque|atk|1\n|-unboost|p2b: lando|atk|1\n|move|p2a: masque|Struggle Bug|p1a: Tornadus|[spread] p1a,p1b\n|-resisted|p1a: Tornadus\n|-damage|p1a: Tornadus|87/100\n|-damage|p1b: Incineroar|49/100\n|-unboost|p1b: Incineroar|spa|1\n|-enditem|p1b: Incineroar|Sitrus Berry|[eat]\n|-heal|p1b: Incineroar|74/100|[from] item: Sitrus Berry\n|move|p2b: lando|U-turn|p1a: Tornadus\n|-resisted|p1a: Tornadus\n|-damage|p1a: Tornadus|84/100\n|\n|t:|1771266575\n|switch|p2b: bolt|Raging Bolt|100/100|[from] U-turn\n|\n|-heal|p1b: Incineroar|80/100|[from] Grassy Terrain\n|upkeep\n|turn|5\n|\n|t:|1771266587\n|move|p1a: Tornadus|Bleakwind Storm|p2a: masque|[spread] p2a,p2b\n|-supereffective|p2a: masque\n|-resisted|p2b: bolt\n|-damage|p2a: masque|0 fnt\n|-damage|p2b: bolt|93/100\n|faint|p2a: masque\n|move|p1b: Incineroar|Knock Off|p2b: bolt\n|-damage|p2b: bolt|50/100\n|-enditem|p2b: bolt|Assault Vest|[from] move: Knock Off|[of] p1b: Incineroar\n|move|p2b: bolt|Draco Meteor|p1b: Incineroar\n|-damage|p1b: Incineroar|12/100\n|-unboost|p2b: bolt|spa|2\n|\n|-heal|p1b: Incineroar|19/100|[from] Grassy Terrain\n|-heal|p2b: bolt|57/100|[from] Grassy Terrain\n|-sideend|p1: jaxson737|move: Tailwind\n|-fieldend|move: Grassy Terrain\n|upkeep\n|\n|t:|1771266621\n|switch|p2a: big boom|Rillaboom, F|100/100\n|-fieldstart|move: Grassy Terrain|[from] ability: Grassy Surge|[of] p2a: big boom\n|turn|6\n|\n|t:|1771266633\n|move|p2a: big boom|Fake Out|p1a: Tornadus\n|-damage|p1a: Tornadus|67/100\n|move|p1a: Tornadus|Tailwind|p1a: Tornadus\n|-sidestart|p1: jaxson737|move: Tailwind\n|move|p1b: Incineroar|Parting Shot|p2b: bolt\n|-unboost|p2b: bolt|atk|1\n|-unboost|p2b: bolt|spa|1\n|\n|t:|1771266642\n|switch|p1b: Landorus|Landorus-Therian, M|92/100|[from] Parting Shot\n|-damage|p1b: Landorus|80/100|[from] Stealth Rock\n|-ability|p1b: Landorus|Intimidate|boost\n|-unboost|p2a: big boom|atk|1\n|-unboost|p2b: bolt|atk|1\n|move|p2b: bolt|Thunderbolt|p1b: Landorus\n|-immune|p1b: Landorus\n|\n|-heal|p2b: bolt|63/100|[from] Grassy Terrain\n|upkeep\n|turn|7\n|\n|t:|1771266656\n|switch|p2a: lando|Landorus-Therian, M|42/100 brn\n|-ability|p2a: lando|Intimidate|boost\n|-unboost|p1a: Tornadus|atk|1\n|-unboost|p1b: Landorus|atk|1\n|-end|p2b: bolt|Protosynthesis|[silent]\n|switch|p2b: dengo|Gholdengo|100/100\n|-enditem|p2b: dengo|Grassy Seed\n|-boost|p2b: dengo|def|1|[from] item: Grassy Seed\n|move|p1b: Landorus|U-turn|p2a: lando\n|-resisted|p2a: lando\n|-damage|p2a: lando|35/100 brn\n|\n|t:|1771266671\n|switch|p1b: Gholdengo|Gholdengo|100/100|[from] U-turn\n|-damage|p1b: Gholdengo|94/100|[from] Stealth Rock\n|move|p1a: Tornadus|Bleakwind Storm|p2a: lando|[spread] p2a,p2b\n|-resisted|p2b: dengo\n|-damage|p2a: lando|5/100 brn\n|-damage|p2b: dengo|87/100\n|\n|-heal|p1b: Gholdengo|100/100|[from] Grassy Terrain\n|-heal|p2b: dengo|94/100|[from] Grassy Terrain\n|-damage|p2a: lando|0 fnt|[from] brn\n|faint|p2a: lando\n|upkeep\n|\n|t:|1771266683\n|switch|p2a: bolt|Raging Bolt|63/100\n|turn|8\n|\n|t:|1771266696\n|switch|p1b: Landorus|Landorus-Therian, M|80/100\n|-damage|p1b: Landorus|68/100|[from] Stealth Rock\n|-ability|p1b: Landorus|Intimidate|boost\n|-unboost|p2a: bolt|atk|1\n|-unboost|p2b: dengo|atk|1\n|-terastallize|p2b: dengo|Dragon\n|move|p1a: Tornadus|Taunt|p2b: dengo\n|-immune|p2b: dengo|[from] ability: Good as Gold\n|move|p2b: dengo|Shadow Ball|p1b: Landorus\n|-damage|p1b: Landorus|32/100\n|move|p2a: bolt|Thunderbolt|p1a: Tornadus\n|-supereffective|p1a: Tornadus\n|-damage|p1a: Tornadus|0 fnt\n|faint|p1a: Tornadus\n|\n|-heal|p2b: dengo|99/100|[from] Grassy Terrain\n|-heal|p2a: bolt|69/100|[from] Grassy Terrain\n|upkeep\n|\n|t:|1771266716\n|switch|p1a: Dragonite|Dragonite, M|100/100\n|-damage|p1a: Dragonite|76/100|[from] Stealth Rock\n|turn|9\n|\n|t:|1771266729\n|-end|p2a: bolt|Protosynthesis|[silent]\n|switch|p2a: big boom|Rillaboom, F|100/100\n|move|p1b: Landorus|Earthquake|p2b: dengo|[spread] p2a,p2b\n|-immune|p1a: Dragonite\n|-resisted|p2a: big boom\n|-damage|p2a: big boom|91/100\n|-damage|p2b: dengo|85/100\n|move|p1a: Dragonite|Scale Shot|p2b: dengo\n|-supereffective|p2b: dengo\n|-damage|p2b: dengo|67/100\n|-supereffective|p2b: dengo\n|-damage|p2b: dengo|47/100\n|-supereffective|p2b: dengo\n|-damage|p2b: dengo|30/100\n|-supereffective|p2b: dengo\n|-damage|p2b: dengo|10/100\n|-hitcount|p2b: dengo|4\n|-unboost|p1a: Dragonite|def|1\n|-boost|p1a: Dragonite|spe|1\n|move|p2b: dengo|Make It Rain|p1b: Landorus|[spread] p1a,p1b\n|-damage|p1a: Dragonite|40/100\n|-damage|p1b: Landorus|0 fnt\n|-unboost|p2b: dengo|spa|1\n|faint|p1b: Landorus\n|\n|-heal|p2b: dengo|16/100|[from] Grassy Terrain\n|-heal|p2a: big boom|97/100|[from] Grassy Terrain\n|-sideend|p1: jaxson737|move: Tailwind\n|upkeep\n|\n|t:|1771266752\n|switch|p1b: Incineroar|Incineroar, F|19/100\n|-damage|p1b: Incineroar|0 fnt|[from] Stealth Rock\n|faint|p1b: Incineroar\n|\n|t:|1771266756\n|switch|p1b: Amoonguss|Amoonguss, M, shiny|100/100\n|-damage|p1b: Amoonguss|88/100|[from] Stealth Rock\n|turn|10\n|\n|t:|1771266831\n|move|p2a: big boom|Fake Out|p1b: Amoonguss\n|-damage|p1b: Amoonguss|75/100\n|-damage|p2a: big boom|80/100|[from] item: Rocky Helmet|[of] p1b: Amoonguss\n|move|p1a: Dragonite|Extreme Speed|p2b: dengo\n|-damage|p2b: dengo|0 fnt\n|faint|p2b: dengo\n|cant|p1b: Amoonguss|flinch\n|\n|-heal|p2a: big boom|87/100|[from] Grassy Terrain\n|-heal|p1b: Amoonguss|81/100|[from] Grassy Terrain\n|-fieldend|move: Grassy Terrain\n|upkeep\n|\n|t:|1771266834\n|switch|p2b: bolt|Raging Bolt|69/100\n|turn|11\n|\n|t:|1771266852\n|move|p2b: bolt|Thunderclap|p1a: Dragonite\n|-damage|p1a: Dragonite|9/100\n|move|p1a: Dragonite|Scale Shot|p2b: bolt\n|-supereffective|p2b: bolt\n|-damage|p2b: bolt|47/100\n|-supereffective|p2b: bolt\n|-damage|p2b: bolt|23/100\n|-supereffective|p2b: bolt\n|-crit|p2b: bolt\n|-damage|p2b: bolt|0 fnt\n|faint|p2b: bolt\n|-end|p2b: bolt|Protosynthesis|[silent]\n|-hitcount|p2: bolt|3\n|-unboost|p1a: Dragonite|def|1\n|-boost|p1a: Dragonite|spe|1\n|move|p2a: big boom|High Horsepower|p1b: Amoonguss\n|-damage|p1b: Amoonguss|46/100\n|-damage|p2a: big boom|70/100|[from] item: Rocky Helmet|[of] p1b: Amoonguss\n|move|p1b: Amoonguss|Pollen Puff|p1a: Dragonite\n|-heal|p1a: Dragonite|59/100\n|\n|upkeep\n|\n|t:|1771266903\n|switch|p2b: pon|Ogerpon-Hearthflame, F|100/100\n|-ability|p2b: pon|Mold Breaker\n|turn|12\n|\n|t:|1771266911\n|move|p1a: Dragonite|Protect|p1a: Dragonite\n|-singleturn|p1a: Dragonite|Protect\n|move|p1b: Amoonguss|Protect|p1b: Amoonguss\n|-singleturn|p1b: Amoonguss|Protect\n|move|p2b: pon|Ivy Cudgel|p1a: Dragonite|[anim] Ivy Cudgel Fire\n|-activate|p1a: Dragonite|move: Protect\n|move|p2a: big boom|High Horsepower|p1b: Amoonguss\n|-activate|p1b: Amoonguss|move: Protect\n|\n|upkeep\n|turn|13\n|\n|t:|1771266927\n|move|p1a: Dragonite|Scale Shot|p2b: pon\n|-damage|p2b: pon|83/100\n|-damage|p2b: pon|62/100\n|-damage|p2b: pon|44/100\n|-damage|p2b: pon|25/100\n|-hitcount|p2b: pon|4\n|-unboost|p1a: Dragonite|def|1\n|-boost|p1a: Dragonite|spe|1\n|move|p2b: pon|Ivy Cudgel|p1a: Dragonite|[anim] Ivy Cudgel Fire\n|-resisted|p1a: Dragonite\n|-damage|p1a: Dragonite|0 fnt\n|faint|p1a: Dragonite\n|move|p2a: big boom|Wood Hammer|p1b: Amoonguss\n|-resisted|p1b: Amoonguss\n|-damage|p1b: Amoonguss|30/100\n|-damage|p2a: big boom|53/100|[from] item: Rocky Helmet|[of] p1b: Amoonguss\n|-damage|p2a: big boom|48/100|[from] Recoil\n|move|p1b: Amoonguss|Pollen Puff|p1: Dragonite|[notarget]\n|-fail|p1b: Amoonguss\n|\n|upkeep\n|\n|t:|1771266945\n|switch|p1a: Gholdengo|Gholdengo|100/100\n|-damage|p1a: Gholdengo|94/100|[from] Stealth Rock\n|turn|14\n|\n|t:|1771266956\n|-terastallize|p1a: Gholdengo|Water\n|move|p2b: pon|Ivy Cudgel|p1a: Gholdengo|[anim] Ivy Cudgel Fire\n|-resisted|p1a: Gholdengo\n|-crit|p1a: Gholdengo\n|-damage|p1a: Gholdengo|40/100\n|move|p1a: Gholdengo|Make It Rain|p2b: pon|[spread] p2a,p2b\n|-resisted|p2b: pon\n|-damage|p2a: big boom|9/100\n|-damage|p2b: pon|0 fnt\n|-unboost|p1a: Gholdengo|spa|1\n|faint|p2b: pon\n|move|p2a: big boom|High Horsepower|p1b: Amoonguss\n|-damage|p1b: Amoonguss|0 fnt\n|-damage|p2a: big boom|0 fnt|[from] item: Rocky Helmet|[of] p1b: Amoonguss\n|faint|p1b: Amoonguss\n|faint|p2a: big boom\n|\n|win|jaxson737\n|raw|jaxson737's rating: 1490 &rarr; <strong>1513</strong><br />(+23 for winning)\n|raw|Whiteflame20's rating: 1544 &rarr; <strong>1521</strong><br />(-23 for losing)\n|l|☆Whiteflame20\n|player|p2|\n|l|☆jaxson737\n|player|p1|\n", "uploadtime": 1771267268, "views": 2, "formatid": "gen9doublesou", "rating": 1513, "private": 0, "password": null}