{"id": "gen9randombattle-2539971333", "format": "[Gen 9] Random Battle", "players": ["Niganmahaihaiaiyo", "Tsuferg"], "log": "|j|☆Niganmahaihaiaiyo\n|j|☆Tsuferg\n|t:|1771135884\n|gametype|singles\n|player|p1|Niganmahaihaiaiyo|shadowtriad|1546\n|player|p2|Tsuferg|101|1549\n|gen|9\n|tier|[Gen 9] Random Battle\n|rated|\n|rule|Species Clause: Limit one of each Pokémon\n|rule|HP Percentage Mod: HP is shown in percentages\n|rule|Sleep Clause Mod: Limit one foe put to sleep\n|rule|Illusion Level Mod: Illusion disguises the Pokémon's true level\n|\n|t:|1771135884\n|teamsize|p1|6\n|teamsize|p2|6\n|start\n|switch|p1a: Lilligant|Lilligant-Hisui, L79, F|240/240\n|switch|p2a: Dondozo|Dondozo, L78, F|362/362\n|turn|1\n|\n|t:|1771135903\n|move|p1a: Lilligant|Leaf Blade|p2a: Dondozo|[miss]\n|-miss|p1a: Lilligant|p2a: Dondozo\n|move|p2a: Dondozo|Wave Crash|p1a: Lilligant\n|-resisted|p1a: Lilligant\n|-damage|p1a: Lilligant|174/240\n|-damage|p2a: Dondozo|340/362|[from] Recoil\n|\n|-heal|p2a: Dondozo|362/362|[from] item: Leftovers\n|upkeep\n|turn|2\n|\n|t:|1771135909\n|switch|p2a: Zebstrika|Zebstrika, L87, F|272/272\n|move|p1a: Lilligant|Close Combat|p2a: Zebstrika\n|-damage|p2a: Zebstrika|0 fnt\n|-unboost|p1a: Lilligant|def|1\n|-unboost|p1a: Lilligant|spd|1\n|faint|p2a: Zebstrika\n|-damage|p1a: Lilligant|150/240|[from] item: Life Orb\n|\n|upkeep\n|\n|t:|1771135917\n|switch|p2a: Jolteon|Jolteon, L84, M|246/246\n|turn|3\n|\n|t:|1771135922\n|move|p2a: Jolteon|Substitute|p2a: Jolteon\n|-start|p2a: Jolteon|Substitute\n|-damage|p2a: Jolteon|185/246\n|move|p1a: Lilligant|Close Combat|p2a: Jolteon|[miss]\n|-miss|p1a: Lilligant|p2a: Jolteon\n|\n|-heal|p2a: Jolteon|200/246|[from] item: Leftovers\n|upkeep\n|turn|4\n|\n|t:|1771135928\n|switch|p1a: Electivire|Electivire, L84, F|263/263\n|move|p2a: Jolteon|Thunderbolt|p1a: Electivire\n|-ability|p1a: Electivire|Motor Drive|boost\n|-boost|p1a: Electivire|spe|1\n|\n|-heal|p2a: Jolteon|215/246|[from] item: Leftovers\n|upkeep\n|turn|5\n|\n|t:|1771135932\n|move|p1a: Electivire|Earthquake|p2a: Jolteon\n|-supereffective|p2a: Jolteon\n|-end|p2a: Jolteon|Substitute\n|-damage|p1a: Electivire|237/263|[from] item: Life Orb\n|move|p2a: Jolteon|Calm Mind|p2a: Jolteon\n|-boost|p2a: Jolteon|spa|1\n|-boost|p2a: Jolteon|spd|1\n|\n|-heal|p2a: Jolteon|230/246|[from] item: Leftovers\n|upkeep\n|turn|6\n|\n|t:|1771135936\n|switch|p2a: Mesprit|Mesprit, L85|275/275\n|move|p1a: Electivire|Earthquake|p2a: Mesprit\n|-immune|p2a: Mesprit|[from] ability: Levitate\n|\n|upkeep\n|turn|7\n|\n|t:|1771135943\n|move|p1a: Electivire|Volt Switch|p2a: Mesprit\n|-damage|p2a: Mesprit|193/275\n|-damage|p1a: Electivire|211/263|[from] item: Life Orb\n|\n|t:|1771135949\n|switch|p1a: Brute Bonnet|Brute Bonnet, L81|312/312|[from] Volt Switch\n|move|p2a: Mesprit|Psychic|p1a: Brute Bonnet\n|-immune|p1a: Brute Bonnet\n|\n|upkeep\n|turn|8\n|\n|t:|1771135961\n|switch|p2a: Glalie|Glalie, L96, F|309/309\n|move|p1a: Brute Bonnet|Spore|p2a: Glalie\n|-status|p2a: Glalie|slp|[from] move: Spore\n|\n|upkeep\n|turn|9\n|\n|t:|1771135966\n|switch|p2a: Bisharp|Bisharp, L79, F|232/232\n|move|p1a: Brute Bonnet|Close Combat|p2a: Bisharp\n|-supereffective|p2a: Bisharp\n|-damage|p2a: Bisharp|0 fnt\n|-unboost|p1a: Brute Bonnet|def|1\n|-unboost|p1a: Brute Bonnet|spd|1\n|faint|p2a: Bisharp\n|\n|upkeep\n|\n|t:|1771135972\n|switch|p2a: Jolteon|Jolteon, L84, M|230/246\n|turn|10\n|\n|t:|1771135993\n|switch|p2a: Mesprit|Mesprit, L85|193/275\n|move|p1a: Brute Bonnet|Crunch|p2a: Mesprit\n|-supereffective|p2a: Mesprit\n|-damage|p2a: Mesprit|19/275\n|-unboost|p2a: Mesprit|def|1\n|\n|upkeep\n|turn|11\n|\n|t:|1771136002\n|move|p1a: Brute Bonnet|Sucker Punch|p2a: Mesprit\n|-supereffective|p2a: Mesprit\n|-damage|p2a: Mesprit|0 fnt\n|faint|p2a: Mesprit\n|\n|upkeep\n|\n|t:|1771136011\n|switch|p2a: Dondozo|Dondozo, L78, F|362/362\n|turn|12\n|\n|t:|1771136017\n|-end|p1a: Brute Bonnet|Protosynthesis|[silent]\n|switch|p1a: Lapras|Lapras, L87, F|367/367\n|-terastallize|p2a: Dondozo|Fairy\n|move|p2a: Dondozo|Curse|p2a: Dondozo\n|-unboost|p2a: Dondozo|spe|1\n|-boost|p2a: Dondozo|atk|1\n|-boost|p2a: Dondozo|def|1\n|\n|upkeep\n|turn|13\n|\n|t:|1771136029\n|move|p1a: Lapras|Icicle Spear|p2a: Dondozo\n|-damage|p2a: Dondozo|347/362\n|-damage|p2a: Dondozo|332/362\n|-damage|p2a: Dondozo|317/362\n|-damage|p2a: Dondozo|302/362\n|-hitcount|p2a: Dondozo|4\n|move|p2a: Dondozo|Curse|p2a: Dondozo\n|-unboost|p2a: Dondozo|spe|1\n|-boost|p2a: Dondozo|atk|1\n|-boost|p2a: Dondozo|def|1\n|\n|-heal|p2a: Dondozo|324/362|[from] item: Leftovers\n|upkeep\n|turn|14\n|\n|t:|1771136040\n|switch|p2a: Glalie|Glalie, L96, F|309/309 slp\n|move|p1a: Lapras|Icicle Spear|p2a: Glalie\n|-resisted|p2a: Glalie\n|-damage|p2a: Glalie|297/309 slp\n|-resisted|p2a: Glalie\n|-damage|p2a: Glalie|285/309 slp\n|-resisted|p2a: Glalie\n|-damage|p2a: Glalie|273/309 slp\n|-resisted|p2a: Glalie\n|-damage|p2a: Glalie|260/309 slp\n|-resisted|p2a: Glalie\n|-damage|p2a: Glalie|248/309 slp\n|-hitcount|p2a: Glalie|5\n|\n|upkeep\n|turn|15\n|\n|t:|1771136049\n|switch|p2a: Jolteon|Jolteon, L84, M|230/246\n|move|p1a: Lapras|Waterfall|p2a: Jolteon\n|-damage|p2a: Jolteon|113/246\n|\n|-heal|p2a: Jolteon|128/246|[from] item: Leftovers\n|upkeep\n|turn|16\n|\n|t:|1771136066\n|switch|p1a: Electivire|Electivire, L84, F|211/263\n|move|p2a: Jolteon|Calm Mind|p2a: Jolteon\n|-boost|p2a: Jolteon|spa|1\n|-boost|p2a: Jolteon|spd|1\n|\n|-heal|p2a: Jolteon|143/246|[from] item: Leftovers\n|upkeep\n|turn|17\n|\n|t:|1771136074\n|move|p2a: Jolteon|Tera Blast|p1a: Electivire\n|-damage|p1a: Electivire|123/263\n|move|p1a: Electivire|Earthquake|p2a: Jolteon\n|-supereffective|p2a: Jolteon\n|-damage|p2a: Jolteon|0 fnt\n|faint|p2a: Jolteon\n|-damage|p1a: Electivire|97/263|[from] item: Life Orb\n|\n|upkeep\n|\n|t:|1771136078\n|switch|p2a: Dondozo|Dondozo, L78, F, tera:Fairy|324/362\n|turn|18\n|\n|t:|1771136086\n|switch|p1a: Lapras|Lapras, L87, F|367/367\n|move|p2a: Dondozo|Curse|p2a: Dondozo\n|-unboost|p2a: Dondozo|spe|1\n|-boost|p2a: Dondozo|atk|1\n|-boost|p2a: Dondozo|def|1\n|\n|-heal|p2a: Dondozo|346/362|[from] item: Leftovers\n|upkeep\n|turn|19\n|\n|t:|1771136091\n|move|p1a: Lapras|Dragon Dance|p1a: Lapras\n|-boost|p1a: Lapras|atk|1\n|-boost|p1a: Lapras|spe|1\n|move|p2a: Dondozo|Curse|p2a: Dondozo\n|-unboost|p2a: Dondozo|spe|1\n|-boost|p2a: Dondozo|atk|1\n|-boost|p2a: Dondozo|def|1\n|\n|-heal|p2a: Dondozo|362/362|[from] item: Leftovers\n|upkeep\n|turn|20\n|\n|t:|1771136095\n|move|p1a: Lapras|Dragon Dance|p1a: Lapras\n|-boost|p1a: Lapras|atk|1\n|-boost|p1a: Lapras|spe|1\n|move|p2a: Dondozo|Wave Crash|p1a: Lapras\n|-immune|p1a: Lapras|[from] ability: Water Absorb\n|\n|upkeep\n|turn|21\n|\n|t:|1771136098\n|switch|p2a: Glalie|Glalie, L96, F|248/309 slp\n|move|p1a: Lapras|Dragon Dance|p1a: Lapras\n|-boost|p1a: Lapras|atk|1\n|-boost|p1a: Lapras|spe|1\n|\n|upkeep\n|turn|22\n|\n|t:|1771136102\n|move|p1a: Lapras|Waterfall|p2a: Glalie\n|-damage|p2a: Glalie|40/309 slp\n|cant|p2a: Glalie|slp\n|\n|upkeep\n|turn|23\n|-message|Tsuferg forfeited.\n|\n|win|Niganmahaihaiaiyo\n|raw|Niganmahaihaiaiyo's rating: 1546 &rarr; <strong>1566</strong><br />(+20 for winning)\n|raw|Tsuferg's rating: 1549 &rarr; <strong>1529</strong><br />(-20 for losing)\n|l|☆Tsuferg\n|player|p2|\n", "inputlog": ">version 686819e5e19f8a7fd2345cfc5a08a5085efa2cc3\n>start {\"formatid\":\"gen9randombattle\",\"seed\":\"sodium,69ebe87dc8cc44b156748c9bc55efd1e\",\"rated\":\"Rated battle\"}\n>player p1 {\"name\":\"Niganmahaihaiaiyo\",\"avatar\":\"shadowtriad\",\"rating\":1546,\"seed\":\"sodium,8803c59ed50a2da4ce95161b95d1153f\"}\n>player p2 {\"name\":\"Tsuferg\",\"avatar\":\"101\",\"rating\":1549,\"seed\":\"sodium,01107d6d57ecf2b88f7502b21ecf588e\"}\n>p1 move leafblade\n>p2 move wavecrash\n>p1 move closecombat\n>p2 switch 6\n>p2 switch 3\n>p1 move closecombat\n>p2 move substitute\n>p1 switch 2\n>p2 move thunderbolt\n>p1 move earthquake\n>p2 move calmmind\n>p1 move earthquake\n>p2 switch 2\n>p1 move voltswitch\n>p2 move psychic\n>p1 switch 4\n>p1 move spore\n>p2 switch 5\n>p1 move closecombat\n>p2 switch 4\n>p2 switch 2\n>p1 move crunch\n>p2 switch 5\n>p1 move suckerpunch\n>p2 move dazzlinggleam\n>p2 switch 6\n>p1 switch 5\n>p2 move curse terastallize\n>p1 move iciclespear\n>p2 move curse\n>p1 move iciclespear\n>p2 switch 4\n>p1 move waterfall\n>p2 switch 5\n>p1 switch 4\n>p2 move calmmind\n>p1 move earthquake\n>p2 move terablast\n>p2 switch 4\n>p1 switch 4\n>p2 move curse\n>p1 move dragondance\n>p2 move curse\n>p1 move dragondance\n>p2 move wavecrash\n>p1 move dragondance\n>p2 switch 5\n>p1 move waterfall\n>p2 move disable\n>forcelose p2", "uploadtime": 1771136110, "views": 14, "formatid": "gen9randombattle", "rating": 1529, "private": 0, "password": null}