{"id": "gen9randombattle-2540463978", "format": "[Gen 9] Random Battle", "players": ["The Dondozers", "ANUbis4898"], "log": "|j|☆The Dondozers\n|j|☆ANUbis4898\n|t:|1771205234\n|gametype|singles\n|player|p1|The Dondozers|1|1705\n|player|p2|ANUbis4898|169|1712\n|gen|9\n|tier|[Gen 9] Random Battle\n|rated|\n|rule|Species Clause: Limit one of each Pokémon\n|rule|HP Percentage Mod: HP is shown in percentages\n|rule|Sleep Clause Mod: Limit one foe put to sleep\n|rule|Illusion Level Mod: Illusion disguises the Pokémon's true level\n|\n|t:|1771205234\n|teamsize|p1|6\n|teamsize|p2|6\n|start\n|switch|p1a: Articuno|Articuno, L86|295/295\n|switch|p2a: Vileplume|Vileplume, L85, M|266/266\n|-ability|p1a: Articuno|Pressure\n|turn|1\n|\n|t:|1771205250\n|move|p1a: Articuno|Freeze-Dry|p2a: Vileplume\n|-supereffective|p2a: Vileplume\n|-damage|p2a: Vileplume|104/266\n|move|p2a: Vileplume|Leech Seed|p1a: Articuno|[miss]\n|-miss|p2a: Vileplume|p1a: Articuno\n|\n|-heal|p2a: Vileplume|120/266|[from] item: Leftovers\n|upkeep\n|turn|2\n|\n|t:|1771205258\n|switch|p2a: Scream Tail|Scream Tail, L84|330/330\n|move|p1a: Articuno|Brave Bird|p2a: Scream Tail\n|-damage|p2a: Scream Tail|222/330\n|-damage|p1a: Articuno|259/295|[from] Recoil\n|\n|-heal|p2a: Scream Tail|242/330|[from] item: Leftovers\n|upkeep\n|turn|3\n|\n|t:|1771205269\n|switch|p1a: Komala|Komala, L89, M|260/260\n|-ability|p1a: Komala|Comatose\n|move|p2a: Scream Tail|Wish|p2a: Scream Tail\n|\n|-heal|p2a: Scream Tail|262/330|[from] item: Leftovers\n|upkeep\n|turn|4\n|\n|t:|1771205279\n|-end|p2a: Scream Tail|Protosynthesis|[silent]\n|switch|p2a: Vileplume|Vileplume, L85, M|120/266\n|move|p1a: Komala|Body Slam|p2a: Vileplume\n|-damage|p2a: Vileplume|0 fnt\n|faint|p2a: Vileplume\n|\n|upkeep\n|\n|t:|1771205294\n|switch|p2a: Skuntank|Skuntank, L84, F|310/310\n|turn|5\n|\n|t:|1771205302\n|switch|p1a: Toxapex|Toxapex, L82, F|216/216\n|move|p2a: Skuntank|Toxic Spikes|p1a: Toxapex\n|-sidestart|p1: The Dondozers|move: Toxic Spikes\n|\n|upkeep\n|turn|6\n|\n|t:|1771205307\n|move|p2a: Skuntank|Toxic Spikes|p1a: Toxapex\n|-sidestart|p1: The Dondozers|move: Toxic Spikes\n|move|p1a: Toxapex|Liquidation|p2a: Skuntank\n|-damage|p2a: Skuntank|228/310\n|-unboost|p2a: Skuntank|def|1\n|\n|upkeep\n|turn|7\n|\n|t:|1771205318\n|switch|p2a: Lurantis|Lurantis, L87, M|264/264\n|move|p1a: Toxapex|Liquidation|p2a: Lurantis\n|-resisted|p2a: Lurantis\n|-damage|p2a: Lurantis|231/264\n|\n|upkeep\n|turn|8\n|\n|t:|1771205324\n|switch|p1a: Articuno|Articuno, L86|259/295\n|-ability|p1a: Articuno|Pressure\n|move|p2a: Lurantis|Leaf Storm|p1a: Articuno|[miss]\n|-miss|p2a: Lurantis|p1a: Articuno\n|\n|upkeep\n|turn|9\n|\n|t:|1771205330\n|switch|p2a: Scream Tail|Scream Tail, L84|262/330\n|move|p1a: Articuno|Freeze-Dry|p2a: Scream Tail\n|-damage|p2a: Scream Tail|201/330\n|\n|-heal|p2a: Scream Tail|221/330|[from] item: Leftovers\n|upkeep\n|turn|10\n|\n|t:|1771205337\n|switch|p1a: Toxapex|Toxapex, L82, F|216/216\n|-sideend|p1: The Dondozers|move: Toxic Spikes|[of] p1a: Toxapex\n|move|p2a: Scream Tail|Thunder Wave|p1a: Toxapex\n|-status|p1a: Toxapex|par\n|\n|-heal|p2a: Scream Tail|241/330|[from] item: Leftovers\n|upkeep\n|turn|11\n|\n|t:|1771205342\n|move|p2a: Scream Tail|Wish|p2a: Scream Tail\n|cant|p1a: Toxapex|par\n|\n|-heal|p2a: Scream Tail|261/330|[from] item: Leftovers\n|upkeep\n|turn|12\n|\n|t:|1771205351\n|-end|p2a: Scream Tail|Protosynthesis|[silent]\n|switch|p2a: Lurantis|Lurantis, L87, M|231/264\n|move|p1a: Toxapex|Toxic|p2a: Lurantis\n|-status|p2a: Lurantis|tox\n|\n|-heal|p2a: Lurantis|264/264 tox|[from] move: Wish|[wisher] Scream Tail\n|-damage|p2a: Lurantis|248/264 tox|[from] psn\n|upkeep\n|turn|13\n|\n|t:|1771205359\n|switch|p1a: Articuno|Articuno, L86|259/295\n|-ability|p1a: Articuno|Pressure\n|move|p2a: Lurantis|Leaf Storm|p1a: Articuno\n|-resisted|p1a: Articuno\n|-damage|p1a: Articuno|209/295\n|-boost|p2a: Lurantis|spa|2\n|\n|-damage|p2a: Lurantis|216/264 tox|[from] psn\n|upkeep\n|turn|14\n|\n|t:|1771205368\n|switch|p2a: Scream Tail|Scream Tail, L84|261/330\n|move|p1a: Articuno|Freeze-Dry|p2a: Scream Tail\n|-crit|p2a: Scream Tail\n|-damage|p2a: Scream Tail|164/330\n|\n|-heal|p2a: Scream Tail|184/330|[from] item: Leftovers\n|upkeep\n|turn|15\n|\n|t:|1771205375\n|move|p2a: Scream Tail|Wish|p2a: Scream Tail\n|move|p1a: Articuno|Freeze-Dry|p2a: Scream Tail\n|-damage|p2a: Scream Tail|120/330\n|\n|-heal|p2a: Scream Tail|140/330|[from] item: Leftovers\n|upkeep\n|turn|16\n|inactive|Battle timer is ON: inactive players will automatically lose when time's up. (requested by The Dondozers)\n|\n|t:|1771205435\n|switch|p1a: Komala|Komala, L89, M|260/260\n|-ability|p1a: Komala|Comatose\n|move|p2a: Scream Tail|Thunder Wave|p1a: Komala\n|-immune|p1a: Komala|[from] ability: Comatose\n|\n|-heal|p2a: Scream Tail|305/330|[from] move: Wish|[wisher] Scream Tail\n|-heal|p2a: Scream Tail|325/330|[from] item: Leftovers\n|upkeep\n|turn|17\n|\n|t:|1771205443\n|move|p2a: Scream Tail|Protect|p2a: Scream Tail\n|-singleturn|p2a: Scream Tail|Protect\n|move|p1a: Komala|Rapid Spin|p2a: Scream Tail\n|-activate|p2a: Scream Tail|move: Protect\n|\n|-heal|p2a: Scream Tail|330/330|[from] item: Leftovers\n|upkeep\n|turn|18\n|\n|t:|1771205448\n|-end|p2a: Scream Tail|Protosynthesis|[silent]\n|switch|p2a: Luxray|Luxray, L88, F|284/284\n|-ability|p2a: Luxray|Intimidate|boost\n|-unboost|p1a: Komala|atk|1\n|move|p1a: Komala|Rapid Spin|p2a: Luxray\n|-damage|p2a: Luxray|235/284\n|-boost|p1a: Komala|spe|1\n|\n|upkeep\n|turn|19\n|\n|t:|1771205453\n|move|p1a: Komala|U-turn|p2a: Luxray\n|-damage|p2a: Luxray|190/284\n|\n|t:|1771205461\n|switch|p1a: Toxtricity|Toxtricity, L82, F|257/257|[from] U-turn\n|move|p2a: Luxray|Volt Switch|p1a: Toxtricity\n|-resisted|p1a: Toxtricity\n|-damage|p1a: Toxtricity|209/257\n|\n|t:|1771205473\n|switch|p2a: Skuntank|Skuntank, L84, F|228/310|[from] Volt Switch\n|\n|upkeep\n|turn|20\n|\n|t:|1771205477\n|move|p1a: Toxtricity|Volt Switch|p2a: Skuntank\n|-damage|p2a: Skuntank|125/310\n|\n|t:|1771205482\n|switch|p1a: Toxapex|Toxapex, L82, F|216/216 par|[from] Volt Switch\n|move|p2a: Skuntank|Knock Off|p1a: Toxapex\n|-damage|p1a: Toxapex|129/216 par\n|-damage|p2a: Skuntank|74/310|[from] item: Rocky Helmet|[of] p1a: Toxapex\n|-enditem|p1a: Toxapex|Rocky Helmet|[from] move: Knock Off|[of] p2a: Skuntank\n|-damage|p2a: Skuntank|43/310|[from] item: Life Orb\n|\n|upkeep\n|turn|21\n|inactive|ANUbis4898 has 120 seconds left.\n|\n|t:|1771205524\n|switch|p2a: Scream Tail|Scream Tail, L84|330/330\n|move|p1a: Toxapex|Liquidation|p2a: Scream Tail\n|-damage|p2a: Scream Tail|272/330\n|\n|-heal|p2a: Scream Tail|292/330|[from] item: Leftovers\n|upkeep\n|turn|22\n|\n|t:|1771205530\n|move|p2a: Scream Tail|Wish|p2a: Scream Tail\n|move|p1a: Toxapex|Toxic|p2a: Scream Tail\n|-status|p2a: Scream Tail|tox\n|\n|-heal|p2a: Scream Tail|312/330 tox|[from] item: Leftovers\n|-damage|p2a: Scream Tail|292/330 tox|[from] psn\n|upkeep\n|turn|23\n|inactive|ANUbis4898 has 120 seconds left.\n|\n|t:|1771205566\n|-end|p2a: Scream Tail|Protosynthesis|[silent]\n|switch|p2a: Luxray|Luxray, L88, F|190/284\n|-ability|p2a: Luxray|Intimidate|boost\n|-unboost|p1a: Toxapex|atk|1\n|switch|p1a: Komala|Komala, L89, M|260/260\n|-ability|p1a: Komala|Comatose\n|\n|-heal|p2a: Luxray|284/284|[from] move: Wish|[wisher] Scream Tail\n|upkeep\n|turn|24\n|\n|t:|1771205576\n|move|p2a: Luxray|Volt Switch|p1a: Komala\n|-damage|p1a: Komala|215/260\n|\n|t:|1771205579\n|switch|p2a: Skuntank|Skuntank, L84, F|43/310|[from] Volt Switch\n|move|p1a: Komala|Rapid Spin|p2a: Skuntank\n|-damage|p2a: Skuntank|0 fnt\n|-boost|p1a: Komala|spe|1\n|-damage|p1a: Komala|150/260|[from] ability: Aftermath|[of] p2a: Skuntank\n|faint|p2a: Skuntank\n|\n|upkeep\n|\n|t:|1771205589\n|switch|p2a: Luxray|Luxray, L88, F|284/284\n|-ability|p2a: Luxray|Intimidate|boost\n|-unboost|p1a: Komala|atk|1\n|turn|25\n|\n|t:|1771205593\n|move|p1a: Komala|U-turn|p2a: Luxray\n|-damage|p2a: Luxray|240/284\n|\n|t:|1771205597\n|switch|p1a: Toxtricity|Toxtricity, L82, F|209/257|[from] U-turn\n|move|p2a: Luxray|Volt Switch|p1a: Toxtricity\n|-resisted|p1a: Toxtricity\n|-damage|p1a: Toxtricity|164/257\n|inactive|ANUbis4898 has 120 seconds left.\n|\n|t:|1771205626\n|switch|p2a: Giratina|Giratina-Origin, L72|335/335|[from] Volt Switch\n|\n|upkeep\n|turn|26\n|\n|t:|1771205631\n|move|p1a: Toxtricity|Volt Switch|p2a: Giratina\n|-resisted|p2a: Giratina\n|-damage|p2a: Giratina|291/335\n|\n|t:|1771205636\n|switch|p1a: Toxapex|Toxapex, L82, F|201/216 par|[from] Volt Switch\n|move|p2a: Giratina|Poltergeist||[still]\n|-fail|p2a: Giratina\n|\n|upkeep\n|turn|27\n|inactive|ANUbis4898 has 120 seconds left.\n|\n|t:|1771205645\n|switch|p2a: Luxray|Luxray, L88, F|240/284\n|-ability|p2a: Luxray|Intimidate|boost\n|-unboost|p1a: Toxapex|atk|1\n|move|p1a: Toxapex|Toxic|p2a: Luxray\n|-status|p2a: Luxray|tox\n|\n|-damage|p2a: Luxray|223/284 tox|[from] psn\n|upkeep\n|turn|28\n|\n|t:|1771205653\n|move|p2a: Luxray|Volt Switch|p1a: Toxapex\n|-supereffective|p1a: Toxapex\n|-damage|p1a: Toxapex|91/216 par\n|\n|t:|1771205657\n|switch|p2a: Lurantis|Lurantis, L87, M|216/264 tox|[from] Volt Switch\n|move|p1a: Toxapex|Liquidation|p2a: Lurantis\n|-resisted|p2a: Lurantis\n|-damage|p2a: Lurantis|194/264 tox\n|\n|-damage|p2a: Lurantis|178/264 tox|[from] psn\n|upkeep\n|turn|29\n|\n|t:|1771205665\n|switch|p1a: Articuno|Articuno, L86|209/295\n|-ability|p1a: Articuno|Pressure\n|move|p2a: Lurantis|Leaf Storm|p1a: Articuno\n|-resisted|p1a: Articuno\n|-damage|p1a: Articuno|163/295\n|-boost|p2a: Lurantis|spa|2\n|\n|-damage|p2a: Lurantis|146/264 tox|[from] psn\n|upkeep\n|turn|30\n|\n|t:|1771205672\n|switch|p2a: Scream Tail|Scream Tail, L84|292/330 tox\n|move|p1a: Articuno|Freeze-Dry|p2a: Scream Tail\n|-damage|p2a: Scream Tail|234/330 tox\n|\n|-heal|p2a: Scream Tail|254/330 tox|[from] item: Leftovers\n|-damage|p2a: Scream Tail|234/330 tox|[from] psn\n|upkeep\n|turn|31\n|\n|t:|1771205699\n|switch|p1a: Toxtricity|Toxtricity, L82, F|164/257\n|move|p2a: Scream Tail|Wish|p2a: Scream Tail\n|\n|-heal|p2a: Scream Tail|254/330 tox|[from] item: Leftovers\n|-damage|p2a: Scream Tail|214/330 tox|[from] psn\n|upkeep\n|turn|32\n|\n|t:|1771205706\n|-end|p2a: Scream Tail|Protosynthesis|[silent]\n|switch|p2a: Giratina|Giratina-Origin, L72|291/335\n|move|p1a: Toxtricity|Sludge Wave|p2a: Giratina\n|-resisted|p2a: Giratina\n|-damage|p2a: Giratina|234/335\n|\n|-heal|p2a: Giratina|335/335|[from] move: Wish|[wisher] Scream Tail\n|upkeep\n|turn|33\n|\n|t:|1771205719\n|switch|p1a: Toxapex|Toxapex, L82, F|163/216 par\n|move|p2a: Giratina|Poltergeist||[still]\n|-fail|p2a: Giratina\n|\n|upkeep\n|turn|34\n|\n|t:|1771205727\n|switch|p2a: Luxray|Luxray, L88, F|223/284 tox\n|-ability|p2a: Luxray|Intimidate|boost\n|-unboost|p1a: Toxapex|atk|1\n|move|p1a: Toxapex|Liquidation|p2a: Luxray\n|-damage|p2a: Luxray|181/284 tox\n|\n|-damage|p2a: Luxray|164/284 tox|[from] psn\n|upkeep\n|turn|35\n|\n|t:|1771205735\n|move|p2a: Luxray|Volt Switch|p1a: Toxapex\n|-supereffective|p1a: Toxapex\n|-damage|p1a: Toxapex|43/216 par\n|\n|t:|1771205738\n|switch|p2a: Lurantis|Lurantis, L87, M|146/264 tox|[from] Volt Switch\n|move|p1a: Toxapex|Recover|p1a: Toxapex\n|-heal|p1a: Toxapex|151/216 par\n|\n|-damage|p2a: Lurantis|130/264 tox|[from] psn\n|upkeep\n|turn|36\n|\n|t:|1771205747\n|switch|p1a: Articuno|Articuno, L86|163/295\n|-ability|p1a: Articuno|Pressure\n|move|p2a: Lurantis|Leaf Storm|p1a: Articuno\n|-resisted|p1a: Articuno\n|-damage|p1a: Articuno|116/295\n|-boost|p2a: Lurantis|spa|2\n|\n|-damage|p2a: Lurantis|98/264 tox|[from] psn\n|upkeep\n|turn|37\n|\n|t:|1771205761\n|move|p1a: Articuno|Roost|p1a: Articuno\n|-heal|p1a: Articuno|264/295\n|-singleturn|p1a: Articuno|move: Roost\n|move|p2a: Lurantis|Superpower|p1a: Articuno\n|-supereffective|p1a: Articuno\n|-damage|p1a: Articuno|90/295\n|-boost|p2a: Lurantis|atk|1\n|-boost|p2a: Lurantis|def|1\n|\n|-damage|p2a: Lurantis|50/264 tox|[from] psn\n|upkeep\n|turn|38\n|\n|t:|1771205770\n|move|p1a: Articuno|Freeze-Dry|p2a: Lurantis\n|-supereffective|p2a: Lurantis\n|-damage|p2a: Lurantis|0 fnt\n|faint|p2a: Lurantis\n|\n|upkeep\n|\n|t:|1771205775\n|switch|p2a: Luxray|Luxray, L88, F|164/284 tox\n|-ability|p2a: Luxray|Intimidate|boost\n|-unboost|p1a: Articuno|atk|1\n|turn|39\n|\n|t:|1771205779\n|move|p1a: Articuno|Roost|p1a: Articuno\n|-heal|p1a: Articuno|238/295\n|-singleturn|p1a: Articuno|move: Roost\n|move|p2a: Luxray|Volt Switch|p1a: Articuno\n|-damage|p1a: Articuno|178/295\n|\n|t:|1771205781\n|switch|p2a: Scream Tail|Scream Tail, L84|214/330 tox|[from] Volt Switch\n|\n|-heal|p2a: Scream Tail|234/330 tox|[from] item: Leftovers\n|-damage|p2a: Scream Tail|214/330 tox|[from] psn\n|upkeep\n|turn|40\n|\n|t:|1771205790\n|switch|p1a: Komala|Komala, L89, M|150/260\n|-ability|p1a: Komala|Comatose\n|move|p2a: Scream Tail|Wish|p2a: Scream Tail\n|\n|-heal|p2a: Scream Tail|234/330 tox|[from] item: Leftovers\n|-damage|p2a: Scream Tail|194/330 tox|[from] psn\n|upkeep\n|turn|41\n|\n|t:|1771205798\n|-end|p2a: Scream Tail|Protosynthesis|[silent]\n|switch|p2a: Giratina|Giratina-Origin, L72|335/335\n|move|p1a: Komala|Knock Off|p2a: Giratina\n|-supereffective|p2a: Giratina\n|-damage|p2a: Giratina|205/335\n|\n|-heal|p2a: Giratina|335/335|[from] move: Wish|[wisher] Scream Tail\n|upkeep\n|turn|42\n|\n|t:|1771205807\n|move|p2a: Giratina|Draco Meteor|p1a: Komala\n|-damage|p1a: Komala|68/260\n|-unboost|p2a: Giratina|spa|2\n|move|p1a: Komala|U-turn|p2a: Giratina\n|-resisted|p2a: Giratina\n|-damage|p2a: Giratina|304/335\n|\n|t:|1771205827\n|switch|p1a: Articuno|Articuno, L86|178/295|[from] U-turn\n|-ability|p1a: Articuno|Pressure\n|\n|upkeep\n|turn|43\n|\n|t:|1771205836\n|switch|p2a: Scream Tail|Scream Tail, L84|194/330 tox\n|move|p1a: Articuno|Freeze-Dry|p2a: Scream Tail\n|-damage|p2a: Scream Tail|131/330 tox\n|\n|-heal|p2a: Scream Tail|151/330 tox|[from] item: Leftovers\n|-damage|p2a: Scream Tail|131/330 tox|[from] psn\n|upkeep\n|turn|44\n|\n|t:|1771205842\n|move|p2a: Scream Tail|Wish|p2a: Scream Tail\n|move|p1a: Articuno|Brave Bird|p2a: Scream Tail\n|-damage|p2a: Scream Tail|29/330 tox\n|-damage|p1a: Articuno|144/295|[from] Recoil\n|\n|-heal|p2a: Scream Tail|49/330 tox|[from] item: Leftovers\n|-damage|p2a: Scream Tail|9/330 tox|[from] psn\n|upkeep\n|turn|45\n|\n|t:|1771205849\n|move|p2a: Scream Tail|Protect|p2a: Scream Tail\n|-singleturn|p2a: Scream Tail|Protect\n|move|p1a: Articuno|Roost|p1a: Articuno\n|-heal|p1a: Articuno|292/295\n|-singleturn|p1a: Articuno|move: Roost\n|\n|-heal|p2a: Scream Tail|174/330 tox|[from] move: Wish|[wisher] Scream Tail\n|-heal|p2a: Scream Tail|194/330 tox|[from] item: Leftovers\n|-damage|p2a: Scream Tail|134/330 tox|[from] psn\n|upkeep\n|turn|46\n|\n|t:|1771205856\n|move|p2a: Scream Tail|Thunder Wave|p1a: Articuno\n|-status|p1a: Articuno|par\n|cant|p1a: Articuno|par\n|\n|-heal|p2a: Scream Tail|154/330 tox|[from] item: Leftovers\n|-damage|p2a: Scream Tail|74/330 tox|[from] psn\n|upkeep\n|turn|47\n|\n|t:|1771205863\n|-end|p2a: Scream Tail|Protosynthesis|[silent]\n|switch|p2a: Luxray|Luxray, L88, F|164/284 tox\n|-ability|p2a: Luxray|Intimidate|boost\n|-unboost|p1a: Articuno|atk|1\n|move|p1a: Articuno|Freeze-Dry|p2a: Luxray\n|-damage|p2a: Luxray|113/284 tox\n|\n|-damage|p2a: Luxray|96/284 tox|[from] psn\n|upkeep\n|turn|48\n|\n|t:|1771205872\n|switch|p1a: Toxtricity|Toxtricity, L82, F|164/257\n|move|p2a: Luxray|Volt Switch|p1a: Toxtricity\n|-resisted|p1a: Toxtricity\n|-damage|p1a: Toxtricity|117/257\n|\n|t:|1771205875\n|switch|p2a: Giratina|Giratina-Origin, L72|304/335|[from] Volt Switch\n|\n|upkeep\n|turn|49\n|\n|t:|1771205880\n|move|p1a: Toxtricity|Volt Switch|p2a: Giratina\n|-resisted|p2a: Giratina\n|-damage|p2a: Giratina|262/335\n|\n|t:|1771205884\n|switch|p1a: Toxapex|Toxapex, L82, F|216/216 par|[from] Volt Switch\n|move|p2a: Giratina|Poltergeist||[still]\n|-fail|p2a: Giratina\n|\n|upkeep\n|turn|50\n|\n|t:|1771205889\n|switch|p2a: Luxray|Luxray, L88, F|96/284 tox\n|-ability|p2a: Luxray|Intimidate|boost\n|-unboost|p1a: Toxapex|atk|1\n|move|p1a: Toxapex|Liquidation|p2a: Luxray\n|-damage|p2a: Luxray|56/284 tox\n|\n|-damage|p2a: Luxray|39/284 tox|[from] psn\n|upkeep\n|turn|51\n|\n|t:|1771205897\n|move|p2a: Luxray|Wild Charge|p1a: Toxapex\n|-supereffective|p1a: Toxapex\n|-damage|p1a: Toxapex|42/216 par\n|-damage|p2a: Luxray|0 fnt|[from] Recoil\n|faint|p2a: Luxray\n|cant|p1a: Toxapex|par\n|\n|upkeep\n|\n|t:|1771205902\n|switch|p2a: Giratina|Giratina-Origin, L72|262/335\n|turn|52\n|\n|t:|1771205907\n|switch|p1a: Cobalion|Cobalion, L80|277/277\n|move|p2a: Giratina|Draco Meteor|p1a: Cobalion\n|-resisted|p1a: Cobalion\n|-damage|p1a: Cobalion|196/277\n|-unboost|p2a: Giratina|spa|2\n|\n|upkeep\n|turn|53\n|\n|t:|1771205916\n|switch|p2a: Scream Tail|Scream Tail, L84|74/330 tox\n|move|p1a: Cobalion|Iron Head|p2a: Scream Tail\n|-supereffective|p2a: Scream Tail\n|-damage|p2a: Scream Tail|0 fnt\n|faint|p2a: Scream Tail\n|-end|p2a: Scream Tail|Protosynthesis|[silent]\n|-damage|p1a: Cobalion|169/277|[from] item: Life Orb\n|\n|upkeep\n|\n|t:|1771205918\n|switch|p2a: Giratina|Giratina-Origin, L72|262/335\n|turn|54\n|\n|t:|1771205926\n|switch|p1a: Toxapex|Toxapex, L82, F|114/216 par\n|move|p2a: Giratina|Poltergeist||[still]\n|-fail|p2a: Giratina\n|\n|upkeep\n|turn|55\n|\n|t:|1771205932\n|move|p2a: Giratina|Draco Meteor|p1a: Toxapex\n|-damage|p1a: Toxapex|21/216 par\n|-unboost|p2a: Giratina|spa|2\n|move|p1a: Toxapex|Recover|p1a: Toxapex\n|-heal|p1a: Toxapex|129/216 par\n|\n|upkeep\n|turn|56\n|\n|t:|1771205943\n|move|p1a: Toxapex|Toxic|p2a: Giratina\n|-status|p2a: Giratina|tox\n|move|p2a: Giratina|Dragon Tail|p1a: Toxapex\n|-damage|p1a: Toxapex|84/216 par\n|drag|p1a: Staraptor|Staraptor, L79, F|263/263\n|\n|-damage|p2a: Giratina|242/335 tox|[from] psn\n|upkeep\n|turn|57\n|\n|t:|1771205952\n|move|p1a: Staraptor|Brave Bird|p2a: Giratina\n|-damage|p2a: Giratina|88/335 tox\n|-damage|p1a: Staraptor|212/263|[from] Recoil\n|move|p2a: Giratina|Draco Meteor|p1a: Staraptor\n|-damage|p1a: Staraptor|107/263\n|-unboost|p2a: Giratina|spa|2\n|\n|-damage|p2a: Giratina|48/335 tox|[from] psn\n|upkeep\n|turn|58\n|\n|t:|1771205960\n|-terastallize|p2a: Giratina|Dragon\n|move|p1a: Staraptor|Brave Bird|p2a: Giratina\n|-damage|p2a: Giratina|0 fnt\n|faint|p2a: Giratina\n|-damage|p1a: Staraptor|91/263|[from] Recoil\n|\n|win|The Dondozers\n|raw|The Dondozers's rating: 1705 &rarr; <strong>1725</strong><br />(+20 for winning)\n|raw|ANUbis4898's rating: 1712 &rarr; <strong>1692</strong><br />(-20 for losing)\n", "inputlog": ">version 686819e5e19f8a7fd2345cfc5a08a5085efa2cc3\n>start {\"formatid\":\"gen9randombattle\",\"seed\":\"sodium,5abfe15414f92eebc69174b578747b5f\",\"rated\":\"Rated battle\"}\n>player p1 {\"name\":\"The Dondozers\",\"avatar\":\"1\",\"rating\":1705,\"seed\":\"sodium,9071ef7b7e7a0be53a1994fc3daeb4b9\"}\n>player p2 {\"name\":\"ANUbis4898\",\"avatar\":\"169\",\"rating\":1712,\"seed\":\"sodium,83a562bb474999605e9c18e9cbbaf5e7\"}\n>p1 move freezedry\n>p2 move leechseed\n>p1 move bravebird\n>p2 switch 6\n>p1 switch 5\n>p2 move wish\n>p1 move bodyslam\n>p2 switch 6\n>p2 switch 2\n>p1 switch 2\n>p2 move toxicspikes\n>p1 move liquidation\n>p2 move toxicspikes\n>p1 move liquidation\n>p2 switch 4\n>p1 switch 5\n>p2 move leafstorm\n>p1 move freezedry\n>p2 switch 6\n>p1 switch 5\n>p2 move thunderwave\n>p1 move liquidation\n>p2 move wish\n>p1 move toxic\n>p2 switch 6\n>p1 switch 5\n>p2 move leafstorm\n>p1 move freezedry\n>p2 switch 6\n>p1 move freezedry\n>p2 move wish\n>p1 switch 2\n>p2 move thunderwave\n>p1 move rapidspin\n>p2 move protect\n>p1 move rapidspin\n>p2 switch 3\n>p1 move uturn\n>p2 move voltswitch\n>p1 switch 6\n>p2 switch 4\n>p1 move voltswitch\n>p2 move knockoff\n>p1 switch 5\n>p1 move liquidation\n>p2 switch 3\n>p1 move toxic\n>p2 move wish\n>p1 switch 6\n>p2 switch 4\n>p1 move rapidspin\n>p2 move voltswitch\n>p2 switch 3\n>p2 switch 3\n>p1 move uturn\n>p2 move voltswitch\n>p1 switch 5\n>p2 switch 5\n>p1 move voltswitch\n>p2 move poltergeist\n>p1 switch 6\n>p1 move toxic\n>p2 switch 5\n>p1 move liquidation\n>p2 move voltswitch\n>p2 switch 6\n>p1 switch 2\n>p2 move leafstorm\n>p1 move freezedry\n>p2 switch 4\n>p1 switch 6\n>p2 move wish\n>p1 move sludgewave\n>p2 switch 5\n>p1 switch 2\n>p2 move poltergeist\n>p1 move liquidation\n>p2 switch 6\n>p1 move recover\n>p2 move voltswitch\n>p2 switch 4\n>p1 switch 6\n>p2 move leafstorm\n>p1 move roost\n>p2 move superpower\n>p1 move freezedry\n>p2 move superpower\n>p2 switch 4\n>p1 move roost\n>p2 move voltswitch\n>p2 switch 5\n>p1 switch 5\n>p2 move wish\n>p1 move knockoff\n>p2 switch 6\n>p1 move uturn\n>p2 move dracometeor\n>p1 switch 5\n>p1 move freezedry\n>p2 switch 6\n>p1 move bravebird\n>p2 move wish\n>p1 move roost\n>p2 move protect\n>p1 move bravebird\n>p2 move thunderwave\n>p1 move freezedry\n>p2 switch 5\n>p1 switch 2\n>p2 move voltswitch\n>p2 switch 6\n>p1 move voltswitch\n>p2 move poltergeist\n>p1 switch 6\n>p1 move liquidation\n>p2 switch 6\n>p1 move liquidation\n>p2 move wildcharge\n>p2 switch 6\n>p1 switch 4\n>p2 move dracometeor\n>p1 move ironhead\n>p2 switch 5\n>p2 switch 5\n>p1 switch 4\n>p2 move poltergeist\n>p1 move recover\n>p2 move dracometeor\n>p1 move toxic\n>p2 move dragontail\n>p1 move bravebird\n>p2 move dracometeor\n>p1 move bravebird\n>p2 move dracometeor terastallize", "uploadtime": 1771205974, "views": 13, "formatid": "gen9randombattle", "rating": 1692, "private": 0, "password": null}