{"id": "gen9randombattle-2540344133", "format": "[Gen 9] Random Battle", "players": ["champifront", "molfus"], "log": "|j|☆champifront\n|j|☆molfus\n|t:|1771191000\n|gametype|singles\n|player|p1|champifront|dancer|1704\n|player|p2|molfus|schoolkid-gen4|1666\n|gen|9\n|tier|[Gen 9] Random Battle\n|rated|\n|rule|Species Clause: Limit one of each Pokémon\n|rule|HP Percentage Mod: HP is shown in percentages\n|rule|Sleep Clause Mod: Limit one foe put to sleep\n|rule|Illusion Level Mod: Illusion disguises the Pokémon's true level\n|\n|t:|1771191000\n|teamsize|p1|6\n|teamsize|p2|6\n|start\n|switch|p1a: Registeel|Registeel, L81|262/262\n|switch|p2a: Ribombee|Ribombee, L83, F|235/235\n|turn|1\n|inactive|Battle timer is ON: inactive players will automatically lose when time's up. (requested by molfus)\n|inactive|molfus has 120 seconds left.\n|\n|t:|1771191031\n|move|p2a: Ribombee|Stun Spore|p1a: Registeel\n|-status|p1a: Registeel|par\n|move|p1a: Registeel|Iron Defense|p1a: Registeel\n|-boost|p1a: Registeel|def|2\n|\n|upkeep\n|turn|2\n|\n|t:|1771191040\n|move|p2a: Ribombee|Sticky Web|p1a: Registeel\n|-sidestart|p1: champifront|move: Sticky Web\n|cant|p1a: Registeel|par\n|\n|upkeep\n|turn|3\n|\n|t:|1771191045\n|move|p2a: Ribombee|U-turn|p1a: Registeel\n|-resisted|p1a: Registeel\n|-damage|p1a: Registeel|254/262 par\n|\n|t:|1771191048\n|switch|p2a: Scovillain|Scovillain, L91, F|266/266|[from] U-turn\n|move|p1a: Registeel|Iron Head|p2a: Scovillain\n|-resisted|p2a: Scovillain\n|-damage|p2a: Scovillain|227/266\n|\n|upkeep\n|turn|4\n|\n|t:|1771191056\n|move|p2a: Scovillain|Overheat|p1a: Registeel\n|-supereffective|p1a: Registeel\n|-damage|p1a: Registeel|6/262 par\n|-unboost|p2a: Scovillain|spa|2\n|cant|p1a: Registeel|par\n|\n|upkeep\n|turn|5\n|\n|t:|1771191065\n|move|p2a: Scovillain|Overheat|p1a: Registeel\n|-supereffective|p1a: Registeel\n|-damage|p1a: Registeel|0 fnt\n|-unboost|p2a: Scovillain|spa|2\n|faint|p1a: Registeel\n|\n|upkeep\n|\n|t:|1771191087\n|switch|p1a: Oinkologne|Oinkologne, L92, M|352/352\n|-activate|p1a: Oinkologne|move: Sticky Web\n|-unboost|p1a: Oinkologne|spe|1\n|turn|6\n|\n|t:|1771191105\n|switch|p2a: Snorlax|Snorlax, L82, M|397/397\n|move|p1a: Oinkologne|Curse|p1a: Oinkologne\n|-unboost|p1a: Oinkologne|spe|1\n|-boost|p1a: Oinkologne|atk|1\n|-boost|p1a: Oinkologne|def|1\n|\n|upkeep\n|turn|7\n|\n|t:|1771191125\n|move|p2a: Snorlax|Curse|p2a: Snorlax\n|-unboost|p2a: Snorlax|spe|1\n|-boost|p2a: Snorlax|atk|1\n|-boost|p2a: Snorlax|def|1\n|move|p1a: Oinkologne|Body Slam|p2a: Snorlax\n|-damage|p2a: Snorlax|255/397\n|-status|p2a: Snorlax|par\n|\n|-heal|p2a: Snorlax|279/397 par|[from] item: Leftovers\n|upkeep\n|turn|8\n|\n|t:|1771191142\n|move|p1a: Oinkologne|Body Slam|p2a: Snorlax\n|-damage|p2a: Snorlax|141/397 par\n|move|p2a: Snorlax|Body Slam|p1a: Oinkologne\n|-damage|p1a: Oinkologne|250/352\n|\n|-heal|p1a: Oinkologne|272/352|[from] item: Leftovers\n|-heal|p2a: Snorlax|165/397 par|[from] item: Leftovers\n|upkeep\n|turn|9\n|\n|t:|1771191151\n|move|p1a: Oinkologne|Curse|p1a: Oinkologne\n|-unboost|p1a: Oinkologne|spe|1\n|-boost|p1a: Oinkologne|atk|1\n|-boost|p1a: Oinkologne|def|1\n|move|p2a: Snorlax|Rest|p2a: Snorlax\n|-status|p2a: Snorlax|slp|[from] move: Rest\n|-heal|p2a: Snorlax|397/397 slp|[silent]\n|\n|-heal|p1a: Oinkologne|294/352|[from] item: Leftovers\n|upkeep\n|turn|10\n|\n|t:|1771191163\n|move|p1a: Oinkologne|Body Slam|p2a: Snorlax\n|-damage|p2a: Snorlax|202/397 slp\n|cant|p2a: Snorlax|slp\n|move|p2a: Snorlax|Sleep Talk|p2a: Snorlax\n|move|p2a: Snorlax|Body Slam|p1a: Oinkologne|[from] move: Sleep Talk\n|-crit|p1a: Oinkologne\n|-damage|p1a: Oinkologne|74/352\n|\n|-heal|p1a: Oinkologne|96/352|[from] item: Leftovers\n|-heal|p2a: Snorlax|226/397 slp|[from] item: Leftovers\n|upkeep\n|turn|11\n|\n|t:|1771191186\n|move|p1a: Oinkologne|Body Slam|p2a: Snorlax\n|-damage|p2a: Snorlax|33/397 slp\n|cant|p2a: Snorlax|slp\n|move|p2a: Snorlax|Sleep Talk|p2a: Snorlax\n|move|p2a: Snorlax|Curse|p2a: Snorlax|[from] move: Sleep Talk\n|-unboost|p2a: Snorlax|spe|1\n|-boost|p2a: Snorlax|atk|1\n|-boost|p2a: Snorlax|def|1\n|\n|-heal|p1a: Oinkologne|118/352|[from] item: Leftovers\n|-heal|p2a: Snorlax|57/397 slp|[from] item: Leftovers\n|upkeep\n|turn|12\n|\n|t:|1771191200\n|move|p1a: Oinkologne|Body Slam|p2a: Snorlax\n|-damage|p2a: Snorlax|0 fnt\n|faint|p2a: Snorlax\n|\n|-heal|p1a: Oinkologne|140/352|[from] item: Leftovers\n|upkeep\n|\n|t:|1771191215\n|switch|p2a: Scovillain|Scovillain, L91, F|227/266\n|turn|13\n|\n|t:|1771191222\n|move|p2a: Scovillain|Leaf Storm|p1a: Oinkologne\n|-damage|p1a: Oinkologne|0 fnt\n|-unboost|p2a: Scovillain|spa|2\n|faint|p1a: Oinkologne\n|\n|upkeep\n|\n|t:|1771191234\n|switch|p1a: Necrozma|Necrozma-Dawn-Wings, L76|272/272\n|-activate|p1a: Necrozma|move: Sticky Web\n|-unboost|p1a: Necrozma|spe|1\n|turn|14\n|\n|t:|1771191254\n|switch|p2a: Ribombee|Ribombee, L83, F|235/235\n|move|p1a: Necrozma|Calm Mind|p1a: Necrozma\n|-boost|p1a: Necrozma|spa|1\n|-boost|p1a: Necrozma|spd|1\n|\n|upkeep\n|turn|15\n|\n|t:|1771191271\n|move|p2a: Ribombee|Stun Spore|p1a: Necrozma|[miss]\n|-miss|p2a: Ribombee|p1a: Necrozma\n|move|p1a: Necrozma|Calm Mind|p1a: Necrozma\n|-boost|p1a: Necrozma|spa|1\n|-boost|p1a: Necrozma|spd|1\n|\n|upkeep\n|turn|16\n|\n|t:|1771191279\n|move|p2a: Ribombee|Stun Spore|p1a: Necrozma|[miss]\n|-miss|p2a: Ribombee|p1a: Necrozma\n|move|p1a: Necrozma|Moongeist Beam|p2a: Ribombee\n|-enditem|p2a: Ribombee|Focus Sash\n|-damage|p2a: Ribombee|1/235\n|\n|upkeep\n|turn|17\n|\n|t:|1771191298\n|move|p2a: Ribombee|Stun Spore|p1a: Necrozma|[miss]\n|-miss|p2a: Ribombee|p1a: Necrozma\n|move|p1a: Necrozma|Photon Geyser|p2a: Ribombee\n|-damage|p2a: Ribombee|0 fnt\n|faint|p2a: Ribombee\n|\n|upkeep\n|c|☆molfus|yo\n|c|☆champifront|Yo\n|\n|t:|1771191325\n|switch|p2a: Scovillain|Scovillain, L91, F|227/266\n|turn|18\n|\n|t:|1771191340\n|move|p2a: Scovillain|Flamethrower|p1a: Necrozma\n|-damage|p1a: Necrozma|224/272\n|move|p1a: Necrozma|Moongeist Beam|p2a: Scovillain\n|-damage|p2a: Scovillain|0 fnt\n|faint|p2a: Scovillain\n|\n|-heal|p1a: Necrozma|241/272|[from] item: Leftovers\n|upkeep\n|\n|t:|1771191346\n|switch|p2a: Ambipom|Ambipom, L84, F|263/263\n|turn|19\n|\n|t:|1771191356\n|-terastallize|p1a: Necrozma|Dark\n|move|p2a: Ambipom|Knock Off|p1a: Necrozma\n|-resisted|p1a: Necrozma\n|-damage|p1a: Necrozma|209/272\n|-enditem|p1a: Necrozma|Leftovers|[from] move: Knock Off|[of] p2a: Ambipom\n|move|p1a: Necrozma|Photon Geyser|p2a: Ambipom\n|-damage|p2a: Ambipom|0 fnt\n|faint|p2a: Ambipom\n|\n|upkeep\n|\n|t:|1771191363\n|switch|p2a: Kilowattrel|Kilowattrel, L83, M|252/252\n|turn|20\n|\n|t:|1771191378\n|-terastallize|p2a: Kilowattrel|Steel\n|move|p2a: Kilowattrel|Hurricane|p1a: Necrozma\n|-damage|p1a: Necrozma|157/272\n|move|p1a: Necrozma|Moongeist Beam|p2a: Kilowattrel\n|-damage|p2a: Kilowattrel|0 fnt\n|faint|p2a: Kilowattrel\n|\n|upkeep\n|\n|t:|1771191385\n|switch|p2a: Sandy Shocks|Sandy Shocks, L80|267/267\n|turn|21\n|\n|t:|1771191394\n|move|p2a: Sandy Shocks|Thunderbolt|p1a: Necrozma\n|-damage|p1a: Necrozma|112/272\n|-status|p1a: Necrozma|par\n|move|p1a: Necrozma|Moongeist Beam|p2a: Sandy Shocks\n|-damage|p2a: Sandy Shocks|9/267\n|\n|upkeep\n|turn|22\n|\n|t:|1771191404\n|move|p2a: Sandy Shocks|Earth Power|p1a: Necrozma\n|-damage|p1a: Necrozma|64/272 par\n|move|p1a: Necrozma|Photon Geyser|p2a: Sandy Shocks\n|-damage|p2a: Sandy Shocks|0 fnt\n|faint|p2a: Sandy Shocks\n|-end|p2a: Sandy Shocks|Protosynthesis|[silent]\n|\n|win|champifront\n|raw|champifront's rating: 1704 &rarr; <strong>1722</strong><br />(+18 for winning)\n|raw|molfus's rating: 1666 &rarr; <strong>1648</strong><br />(-18 for losing)\n", "inputlog": ">version 686819e5e19f8a7fd2345cfc5a08a5085efa2cc3\n>start {\"formatid\":\"gen9randombattle\",\"seed\":\"sodium,a0f189dc3d5cb857bb091ddc99629d8e\",\"rated\":\"Rated battle\"}\n>player p1 {\"name\":\"champifront\",\"avatar\":\"dancer\",\"rating\":1704,\"seed\":\"sodium,1d1e10e5a6a7cb6c7974703646cd0afc\"}\n>player p2 {\"name\":\"molfus\",\"avatar\":\"schoolkid-gen4\",\"rating\":1666,\"seed\":\"sodium,c78bff87d14e83e400ffd22666eaf3ec\"}\n>p1 move irondefense\n>p2 move stunspore\n>p1 move ironhead\n>p2 move stickyweb\n>p1 move ironhead\n>p2 move uturn\n>p2 switch 2\n>p1 move rest\n>p2 move overheat\n>p1 move rest\n>p2 move overheat\n>p1 switch 2\n>p1 move curse\n>p2 switch 6\n>p1 move bodyslam\n>p2 move curse\n>p1 move bodyslam\n>p2 move bodyslam\n>p1 move curse\n>p2 move rest\n>p1 move bodyslam\n>p2 move sleeptalk\n>p1 move bodyslam\n>p2 move sleeptalk\n>p1 move bodyslam\n>p2 move rest\n>p2 switch 6\n>p1 move bodyslam\n>p2 move leafstorm\n>p1 switch 4\n>p1 move calmmind\n>p2 switch 2\n>p1 move calmmind\n>p2 move stunspore\n>p1 move moongeistbeam\n>p2 move stunspore\n>p1 move photongeyser\n>p2 move stunspore\n>chat ☆molfus|yo\n>chat ☆champifront|Yo\n>p2 switch 2\n>p1 move moongeistbeam\n>p2 move flamethrower\n>p2 switch 5\n>p1 move photongeyser terastallize\n>p2 move knockoff\n>p2 switch 4\n>p1 move moongeistbeam\n>p2 move hurricane terastallize\n>p2 switch 3\n>p1 move moongeistbeam\n>p2 move thunderbolt\n>p1 move photongeyser\n>p2 move earthpower", "uploadtime": 1771191404, "views": 7, "formatid": "gen9randombattle", "rating": 1648, "private": 0, "password": null}