{"id": "gen9randombattle-2540420738", "format": "[Gen 9] Random Battle", "players": ["prof soil", "Aceryuzu"], "log": "|j|☆prof soil\n|j|☆Aceryuzu\n|t:|1771199887\n|gametype|singles\n|player|p1|prof soil|266|1537\n|player|p2|Aceryuzu|steven|1540\n|gen|9\n|tier|[Gen 9] Random Battle\n|rated|\n|rule|Species Clause: Limit one of each Pokémon\n|rule|HP Percentage Mod: HP is shown in percentages\n|rule|Sleep Clause Mod: Limit one foe put to sleep\n|rule|Illusion Level Mod: Illusion disguises the Pokémon's true level\n|\n|t:|1771199887\n|teamsize|p1|6\n|teamsize|p2|6\n|start\n|switch|p1a: Vaporeon|Vaporeon, L86, F|364/364\n|switch|p2a: Honchkrow|Honchkrow, L86, F|312/312\n|turn|1\n|inactive|Battle timer is ON: inactive players will automatically lose when time's up. (requested by prof soil)\n|\n|t:|1771199897\n|move|p2a: Honchkrow|Thunder Wave|p1a: Vaporeon\n|-status|p1a: Vaporeon|par\n|cant|p1a: Vaporeon|par\n|\n|upkeep\n|turn|2\n|\n|t:|1771199915\n|switch|p2a: Meganium|Meganium, L90, M|290/290\n|move|p1a: Vaporeon|Scald|p2a: Meganium\n|-resisted|p2a: Meganium\n|-damage|p2a: Meganium|248/290\n|\n|-heal|p2a: Meganium|266/290|[from] item: Leftovers\n|upkeep\n|turn|3\n|\n|t:|1771199933\n|switch|p1a: Klefki|Klefki, L84, F|233/233\n|move|p2a: Meganium|Knock Off|p1a: Klefki\n|-resisted|p1a: Klefki\n|-damage|p1a: Klefki|199/233\n|-enditem|p1a: Klefki|Leftovers|[from] move: Knock Off|[of] p2a: Meganium\n|\n|-heal|p2a: Meganium|284/290|[from] item: Leftovers\n|upkeep\n|turn|4\n|\n|t:|1771199939\n|move|p1a: Klefki|Magnet Rise|p1a: Klefki\n|-start|p1a: Klefki|Magnet Rise\n|move|p2a: Meganium|Earthquake|p1a: Klefki\n|-immune|p1a: Klefki\n|\n|-heal|p2a: Meganium|290/290|[from] item: Leftovers\n|upkeep\n|turn|5\n|\n|t:|1771199951\n|switch|p2a: Honchkrow|Honchkrow, L86, F|312/312\n|move|p1a: Klefki|Spikes|p2a: Honchkrow\n|-sidestart|p2: Aceryuzu|Spikes\n|\n|upkeep\n|turn|6\n|\n|t:|1771199972\n|switch|p2a: Empoleon|Empoleon, L84, M|278/278\n|-damage|p2a: Empoleon|244/278|[from] Spikes\n|move|p1a: Klefki|Spikes|p2a: Empoleon\n|-sidestart|p2: Aceryuzu|Spikes\n|\n|-heal|p2a: Empoleon|261/278|[from] item: Leftovers\n|upkeep\n|turn|7\n|\n|t:|1771199978\n|move|p1a: Klefki|Spikes|p2a: Empoleon\n|-sidestart|p2: Aceryuzu|Spikes\n|move|p2a: Empoleon|Yawn|p1a: Klefki\n|-start|p1a: Klefki|move: Yawn|[of] p2a: Empoleon\n|\n|-heal|p2a: Empoleon|278/278|[from] item: Leftovers\n|upkeep\n|turn|8\n|\n|t:|1771199987\n|switch|p1a: Jumpluff|Jumpluff, L87, F|271/271\n|move|p2a: Empoleon|Flip Turn|p1a: Jumpluff\n|-resisted|p1a: Jumpluff\n|-damage|p1a: Jumpluff|235/271\n|\n|t:|1771199999\n|switch|p2a: Honchkrow|Honchkrow, L86, F|312/312|[from] Flip Turn\n|\n|upkeep\n|turn|9\n|\n|t:|1771200005\n|move|p1a: Jumpluff|Sleep Powder|p2a: Honchkrow\n|-status|p2a: Honchkrow|slp|[from] move: Sleep Powder\n|cant|p2a: Honchkrow|slp\n|\n|upkeep\n|turn|10\n|\n|t:|1771200008\n|move|p1a: Jumpluff|Acrobatics|p2a: Honchkrow\n|-damage|p2a: Honchkrow|203/312 slp\n|cant|p2a: Honchkrow|slp\n|\n|upkeep\n|turn|11\n|\n|t:|1771200011\n|move|p1a: Jumpluff|U-turn|p2a: Honchkrow\n|-damage|p2a: Honchkrow|153/312 slp\n|\n|t:|1771200016\n|switch|p1a: Klefki|Klefki, L84, F|199/233|[from] U-turn\n|-curestatus|p2a: Honchkrow|slp|[msg]\n|move|p2a: Honchkrow|Thunder Wave|p1a: Klefki\n|-status|p1a: Klefki|par\n|\n|upkeep\n|turn|12\n|\n|t:|1771200031\n|switch|p2a: Empoleon|Empoleon, L84, M|278/278\n|-damage|p2a: Empoleon|209/278|[from] Spikes\n|move|p1a: Klefki|Play Rough|p2a: Empoleon\n|-resisted|p2a: Empoleon\n|-damage|p2a: Empoleon|164/278\n|\n|-heal|p2a: Empoleon|181/278|[from] item: Leftovers\n|upkeep\n|turn|13\n|\n|t:|1771200034\n|move|p1a: Klefki|Thunder Wave|p2a: Empoleon\n|-status|p2a: Empoleon|par\n|move|p2a: Empoleon|Roost|p2a: Empoleon\n|-heal|p2a: Empoleon|278/278 par\n|-singleturn|p2a: Empoleon|move: Roost\n|\n|upkeep\n|turn|14\n|\n|t:|1771200040\n|cant|p1a: Klefki|par\n|move|p2a: Empoleon|Surf|p1a: Klefki\n|-damage|p1a: Klefki|82/233 par\n|\n|upkeep\n|turn|15\n|\n|t:|1771200043\n|move|p1a: Klefki|Play Rough|p2a: Empoleon|[miss]\n|-miss|p1a: Klefki|p2a: Empoleon\n|cant|p2a: Empoleon|par\n|\n|upkeep\n|turn|16\n|\n|t:|1771200049\n|cant|p1a: Klefki|par\n|move|p2a: Empoleon|Surf|p1a: Klefki\n|-damage|p1a: Klefki|0 fnt\n|faint|p1a: Klefki\n|\n|upkeep\n|\n|t:|1771200051\n|switch|p1a: Milotic|Milotic, L83, F|293/293\n|turn|17\n|\n|t:|1771200057\n|cant|p2a: Empoleon|par\n|move|p1a: Milotic|Dragon Tail|p2a: Empoleon\n|-resisted|p2a: Empoleon\n|-damage|p2a: Empoleon|262/278 par\n|drag|p2a: Iron Leaves|Iron Leaves, L80|275/275\n|-damage|p2a: Iron Leaves|207/275|[from] Spikes\n|\n|upkeep\n|turn|18\n|\n|t:|1771200064\n|switch|p1a: Ceruledge|Ceruledge, L78, F|245/245\n|move|p2a: Iron Leaves|Leaf Blade|p1a: Ceruledge\n|-resisted|p1a: Ceruledge\n|-damage|p1a: Ceruledge|163/245\n|-ability|p1a: Ceruledge|Weak Armor|boost\n|-unboost|p1a: Ceruledge|def|1\n|-boost|p1a: Ceruledge|spe|2\n|-damage|p2a: Iron Leaves|180/275|[from] item: Life Orb\n|\n|upkeep\n|turn|19\n|\n|t:|1771200092\n|-end|p2a: Iron Leaves|Quark Drive|[silent]\n|switch|p2a: Honchkrow|Honchkrow, L86, F|153/312\n|move|p1a: Ceruledge|Poltergeist|p2a: Honchkrow|[miss]\n|-miss|p1a: Ceruledge|p2a: Honchkrow\n|\n|upkeep\n|turn|20\n|\n|t:|1771200100\n|-terastallize|p1a: Ceruledge|Fighting\n|move|p2a: Honchkrow|Sucker Punch|p1a: Ceruledge\n|-resisted|p1a: Ceruledge\n|-damage|p1a: Ceruledge|77/245\n|-ability|p1a: Ceruledge|Weak Armor|boost\n|-unboost|p1a: Ceruledge|def|1\n|-boost|p1a: Ceruledge|spe|2\n|move|p1a: Ceruledge|Bitter Blade|p2a: Honchkrow\n|-damage|p2a: Honchkrow|11/312\n|-heal|p1a: Ceruledge|148/245|[from] drain|[of] p2a: Honchkrow\n|\n|upkeep\n|turn|21\n|\n|t:|1771200117\n|move|p2a: Honchkrow|Sucker Punch|p1a: Ceruledge\n|-resisted|p1a: Ceruledge\n|-damage|p1a: Ceruledge|48/245\n|-ability|p1a: Ceruledge|Weak Armor|boost\n|-unboost|p1a: Ceruledge|def|1\n|-boost|p1a: Ceruledge|spe|2\n|move|p1a: Ceruledge|Bitter Blade|p2a: Honchkrow\n|-damage|p2a: Honchkrow|0 fnt\n|-heal|p1a: Ceruledge|54/245|[from] drain|[of] p2a: Honchkrow\n|faint|p2a: Honchkrow\n|\n|upkeep\n|inactive|Aceryuzu has 120 seconds left.\n|\n|t:|1771200149\n|switch|p2a: Girafarig|Girafarig, L89, M|269/269\n|-damage|p2a: Girafarig|202/269|[from] Spikes\n|turn|22\n|\n|t:|1771200160\n|switch|p1a: Grimmsnarl|Grimmsnarl, L83, M|293/293\n|move|p2a: Girafarig|Thunderbolt|p1a: Grimmsnarl\n|-damage|p1a: Grimmsnarl|217/293\n|\n|-heal|p1a: Grimmsnarl|235/293|[from] item: Leftovers\n|upkeep\n|turn|23\n|\n|t:|1771200168\n|switch|p2a: Empoleon|Empoleon, L84, M|262/278 par\n|-damage|p2a: Empoleon|193/278 par|[from] Spikes\n|move|p1a: Grimmsnarl|Spirit Break|p2a: Empoleon\n|-resisted|p2a: Empoleon\n|-damage|p2a: Empoleon|148/278 par\n|-unboost|p2a: Empoleon|spa|1\n|-ability|p2a: Empoleon|Competitive|boost\n|-boost|p2a: Empoleon|spa|2\n|\n|-heal|p1a: Grimmsnarl|253/293|[from] item: Leftovers\n|-heal|p2a: Empoleon|165/278 par|[from] item: Leftovers\n|upkeep\n|turn|24\n|\n|t:|1771200182\n|switch|p1a: Vaporeon|Vaporeon, L86, F|364/364 par\n|cant|p2a: Empoleon|par\n|\n|-heal|p2a: Empoleon|182/278 par|[from] item: Leftovers\n|upkeep\n|turn|25\n|\n|t:|1771200187\n|move|p2a: Empoleon|Surf|p1a: Vaporeon\n|-immune|p1a: Vaporeon|[from] ability: Water Absorb\n|move|p1a: Vaporeon|Roar|p2a: Empoleon\n|drag|p2a: Hariyama|Hariyama, L87, M|392/392\n|-damage|p2a: Hariyama|294/392|[from] Spikes\n|\n|-status|p2a: Hariyama|brn|[from] item: Flame Orb\n|upkeep\n|turn|26\n|\n|t:|1771200196\n|move|p2a: Hariyama|Facade|p1a: Vaporeon\n|-damage|p1a: Vaporeon|134/364 par\n|move|p1a: Vaporeon|Roar|p2a: Hariyama\n|drag|p2a: Girafarig|Girafarig, L89, M|202/269\n|-damage|p2a: Girafarig|135/269|[from] Spikes\n|\n|-heal|p1a: Vaporeon|156/364 par|[from] item: Leftovers\n|upkeep\n|turn|27\n|\n|t:|1771200207\n|move|p2a: Girafarig|Thunderbolt|p1a: Vaporeon\n|-supereffective|p1a: Vaporeon\n|-damage|p1a: Vaporeon|40/364 par\n|move|p1a: Vaporeon|Wish|p1a: Vaporeon\n|\n|-heal|p1a: Vaporeon|62/364 par|[from] item: Leftovers\n|upkeep\n|turn|28\n|\n|t:|1771200218\n|move|p2a: Girafarig|Nasty Plot|p2a: Girafarig\n|-boost|p2a: Girafarig|spa|2\n|move|p1a: Vaporeon|Roar|p2a: Girafarig\n|drag|p2a: Hariyama|Hariyama, L87, M|294/392 brn\n|-damage|p2a: Hariyama|196/392 brn|[from] Spikes\n|\n|-heal|p1a: Vaporeon|244/364 par|[from] move: Wish|[wisher] Vaporeon\n|-heal|p1a: Vaporeon|266/364 par|[from] item: Leftovers\n|-damage|p2a: Hariyama|172/392 brn|[from] brn\n|upkeep\n|turn|29\n|\n|t:|1771200237\n|switch|p1a: Ceruledge|Ceruledge, L78, F, tera:Fighting|54/245\n|move|p2a: Hariyama|Facade|p1a: Ceruledge\n|-damage|p1a: Ceruledge|0 fnt\n|faint|p1a: Ceruledge\n|\n|-damage|p2a: Hariyama|148/392 brn|[from] brn\n|upkeep\n|\n|t:|1771200238\n|switch|p1a: Jumpluff|Jumpluff, L87, F|235/271\n|turn|30\n|\n|t:|1771200248\n|move|p1a: Jumpluff|Strength Sap|p2a: Hariyama\n|-unboost|p2a: Hariyama|atk|1\n|-heal|p1a: Jumpluff|271/271\n|move|p2a: Hariyama|Facade|p1a: Jumpluff\n|-damage|p1a: Jumpluff|132/271\n|\n|-damage|p2a: Hariyama|124/392 brn|[from] brn\n|upkeep\n|turn|31\n|\n|t:|1771200255\n|move|p1a: Jumpluff|Strength Sap|p2a: Hariyama\n|-unboost|p2a: Hariyama|atk|1\n|-heal|p1a: Jumpluff|271/271\n|move|p2a: Hariyama|Facade|p1a: Jumpluff\n|-crit|p1a: Jumpluff\n|-damage|p1a: Jumpluff|0 fnt\n|faint|p1a: Jumpluff\n|\n|-damage|p2a: Hariyama|100/392 brn|[from] brn\n|upkeep\n|\n|t:|1771200259\n|switch|p1a: Grimmsnarl|Grimmsnarl, L83, M|253/293\n|turn|32\n|\n|t:|1771200266\n|move|p1a: Grimmsnarl|Spirit Break|p2a: Hariyama\n|-supereffective|p2a: Hariyama\n|-damage|p2a: Hariyama|0 fnt\n|faint|p2a: Hariyama\n|\n|-heal|p1a: Grimmsnarl|271/293|[from] item: Leftovers\n|upkeep\n|\n|t:|1771200294\n|switch|p2a: Empoleon|Empoleon, L84, M|182/278 par\n|-damage|p2a: Empoleon|113/278 par|[from] Spikes\n|turn|33\n|\n|t:|1771200298\n|move|p1a: Grimmsnarl|Sucker Punch||[still]\n|-fail|p1a: Grimmsnarl\n|move|p2a: Empoleon|Yawn|p1a: Grimmsnarl\n|-start|p1a: Grimmsnarl|move: Yawn|[of] p2a: Empoleon\n|\n|-heal|p1a: Grimmsnarl|289/293|[from] item: Leftovers\n|-heal|p2a: Empoleon|130/278 par|[from] item: Leftovers\n|upkeep\n|turn|34\n|\n|t:|1771200301\n|switch|p1a: Vaporeon|Vaporeon, L86, F|266/364 par\n|move|p2a: Empoleon|Roost|p2a: Empoleon\n|-heal|p2a: Empoleon|269/278 par\n|-singleturn|p2a: Empoleon|move: Roost\n|\n|-heal|p1a: Vaporeon|288/364 par|[from] item: Leftovers\n|-heal|p2a: Empoleon|278/278 par|[from] item: Leftovers\n|upkeep\n|turn|35\n|\n|t:|1771200310\n|switch|p2a: Iron Leaves|Iron Leaves, L80|180/275\n|-damage|p2a: Iron Leaves|112/275|[from] Spikes\n|cant|p1a: Vaporeon|par\n|\n|-heal|p1a: Vaporeon|310/364 par|[from] item: Leftovers\n|upkeep\n|turn|36\n|\n|t:|1771200319\n|switch|p1a: Grimmsnarl|Grimmsnarl, L83, M|289/293\n|move|p2a: Iron Leaves|Swords Dance|p2a: Iron Leaves\n|-boost|p2a: Iron Leaves|atk|2\n|\n|-heal|p1a: Grimmsnarl|293/293|[from] item: Leftovers\n|upkeep\n|turn|37\n|\n|t:|1771200331\n|-terastallize|p2a: Iron Leaves|Fighting\n|move|p1a: Grimmsnarl|Sucker Punch|p2a: Iron Leaves\n|-resisted|p2a: Iron Leaves\n|-damage|p2a: Iron Leaves|68/275\n|move|p2a: Iron Leaves|Leaf Blade|p1a: Grimmsnarl\n|-damage|p1a: Grimmsnarl|0 fnt\n|faint|p1a: Grimmsnarl\n|-damage|p2a: Iron Leaves|41/275|[from] item: Life Orb\n|\n|upkeep\n|\n|t:|1771200336\n|switch|p1a: Milotic|Milotic, L83, F|293/293\n|turn|38\n|c|☆Aceryuzu|gg\n|\n|t:|1771200340\n|move|p2a: Iron Leaves|Leaf Blade|p1a: Milotic\n|-supereffective|p1a: Milotic\n|-crit|p1a: Milotic\n|-damage|p1a: Milotic|0 fnt\n|faint|p1a: Milotic\n|-damage|p2a: Iron Leaves|14/275|[from] item: Life Orb\n|\n|upkeep\n|\n|t:|1771200343\n|switch|p1a: Vaporeon|Vaporeon, L86, F|310/364 par\n|turn|39\n|-message|prof soil forfeited.\n|\n|win|Aceryuzu\n|raw|prof soil's rating: 1553 &rarr; <strong>1532</strong><br />(-21 for losing)\n|raw|Aceryuzu's rating: 1540 &rarr; <strong>1561</strong><br />(+21 for winning)\n|l|☆prof soil\n|player|p1|\n", "inputlog": ">version 686819e5e19f8a7fd2345cfc5a08a5085efa2cc3\n>start {\"formatid\":\"gen9randombattle\",\"seed\":\"sodium,552212bf68ae81206fa870d071ef1fee\",\"rated\":\"Rated battle\"}\n>player p1 {\"name\":\"prof soil\",\"avatar\":\"266\",\"rating\":1537,\"seed\":\"sodium,d72e6599e134d686efe35b2a9ca66bc8\"}\n>player p2 {\"name\":\"Aceryuzu\",\"avatar\":\"steven\",\"rating\":1540,\"seed\":\"sodium,c74cb9ab381e07ab70b0fb77c3203276\"}\n>p1 move scald\n>p2 move thunderwave\n>p1 move scald\n>p2 switch 6\n>p1 switch 2\n>p2 move knockoff\n>p1 move magnetrise\n>p2 move earthquake\n>p1 move spikes\n>p2 switch 6\n>p1 move spikes\n>p2 switch 3\n>p1 move spikes\n>p2 move yawn\n>p1 switch 4\n>p2 move flipturn\n>p2 switch 3\n>p1 move sleeppowder\n>p2 move thunderwave\n>p1 move acrobatics\n>p2 move thunderwave\n>p1 move uturn\n>p2 move thunderwave\n>p1 switch 4\n>p1 move playrough\n>p2 switch 3\n>p1 move thunderwave\n>p2 move roost\n>p1 move playrough\n>p2 move surf\n>p1 move playrough\n>p2 move yawn\n>p1 move playrough\n>p2 move surf\n>p1 switch 5\n>p1 move dragontail\n>p2 move yawn\n>p1 switch 6\n>p2 move leafblade\n>p1 move poltergeist\n>p2 switch 3\n>p1 move bitterblade terastallize\n>p2 move suckerpunch\n>p1 move bitterblade\n>p2 move suckerpunch\n>p2 switch 2\n>p1 switch 3\n>p2 move thunderbolt\n>p1 move spiritbreak\n>p2 switch 5\n>p1 switch 2\n>p2 move yawn\n>p1 move roar\n>p2 move surf\n>p1 move roar\n>p2 move facade\n>p1 move wish\n>p2 move thunderbolt\n>p1 move roar\n>p2 move nastyplot\n>p1 switch 3\n>p2 move facade\n>p1 switch 4\n>p1 move strengthsap\n>p2 move facade\n>p1 move strengthsap\n>p2 move facade\n>p1 switch 2\n>p1 move spiritbreak\n>p2 move facade\n>p2 switch 4\n>p1 move suckerpunch\n>p2 move yawn\n>p1 switch 3\n>p2 move roost\n>p1 move wish\n>p2 switch 3\n>p1 switch 3\n>p2 move swordsdance\n>p1 move suckerpunch\n>p2 move leafblade terastallize\n>p1 switch 6\n>chat ☆Aceryuzu|gg\n>p1 move recover\n>p2 move leafblade\n>p1 switch 3\n>forcelose p1", "uploadtime": 1771200349, "views": 7, "formatid": "gen9randombattle", "rating": 1532, "private": 0, "password": null}