{"id": "gen9randombattle-2540482274", "format": "[Gen 9] Random Battle", "players": ["MeAndTheBorthers", "Mastermojo7"], "log": "|j|☆MeAndTheBorthers\n|j|☆Mastermojo7\n|t:|1771207531\n|gametype|singles\n|player|p1|MeAndTheBorthers|iris-gen5bw2|1765\n|player|p2|Mastermojo7|101|1727\n|gen|9\n|tier|[Gen 9] Random Battle\n|rated|\n|rule|Species Clause: Limit one of each Pokémon\n|rule|HP Percentage Mod: HP is shown in percentages\n|rule|Sleep Clause Mod: Limit one foe put to sleep\n|rule|Illusion Level Mod: Illusion disguises the Pokémon's true level\n|\n|t:|1771207531\n|teamsize|p1|6\n|teamsize|p2|6\n|start\n|switch|p1a: Gyarados|Gyarados, L79, M|280/280\n|switch|p2a: Spidops|Spidops, L96, M|271/271\n|turn|1\n|inactive|Battle timer is ON: inactive players will automatically lose when time's up. (requested by Mastermojo7)\n|inactive|Mastermojo7 has 120 seconds left.\n|inactive|MeAndTheBorthers has 120 seconds left.\n|\n|t:|1771207571\n|move|p1a: Gyarados|Dragon Dance|p1a: Gyarados\n|-boost|p1a: Gyarados|atk|1\n|-boost|p1a: Gyarados|spe|1\n|move|p2a: Spidops|U-turn|p1a: Gyarados\n|-resisted|p1a: Gyarados\n|-damage|p1a: Gyarados|234/280\n|\n|t:|1771207580\n|switch|p2a: Porygon2|Porygon2, L81|270/270|[from] U-turn\n|-ability|p2a: Porygon2|Download|boost\n|-boost|p2a: Porygon2|atk|1\n|\n|upkeep\n|turn|2\n|\n|t:|1771207595\n|move|p1a: Gyarados|Waterfall|p2a: Porygon2\n|-damage|p2a: Porygon2|173/270\n|move|p2a: Porygon2|Tera Blast|p1a: Gyarados\n|-damage|p1a: Gyarados|153/280\n|\n|upkeep\n|turn|3\n|inactive|MeAndTheBorthers has 120 seconds left.\n|\n|t:|1771207624\n|move|p1a: Gyarados|Waterfall|p2a: Porygon2\n|-damage|p2a: Porygon2|76/270\n|move|p2a: Porygon2|Thunder Wave|p1a: Gyarados\n|-status|p1a: Gyarados|par\n|\n|upkeep\n|turn|4\n|\n|t:|1771207632\n|move|p2a: Porygon2|Recover|p2a: Porygon2\n|-heal|p2a: Porygon2|211/270\n|move|p1a: Gyarados|Waterfall|p2a: Porygon2\n|-damage|p2a: Porygon2|123/270\n|\n|upkeep\n|turn|5\n|\n|t:|1771207638\n|move|p2a: Porygon2|Tera Blast|p1a: Gyarados\n|-damage|p1a: Gyarados|71/280 par\n|move|p1a: Gyarados|Waterfall|p2a: Porygon2\n|-damage|p2a: Porygon2|29/270\n|\n|upkeep\n|turn|6\n|\n|t:|1771207653\n|switch|p1a: Metagross|Metagross, L79|256/256\n|move|p2a: Porygon2|Recover|p2a: Porygon2\n|-heal|p2a: Porygon2|164/270\n|\n|upkeep\n|turn|7\n|\n|t:|1771207665\n|move|p1a: Metagross|Stealth Rock|p2a: Porygon2\n|-sidestart|p2: Mastermojo7|move: Stealth Rock\n|move|p2a: Porygon2|Thunder Wave|p1a: Metagross\n|-status|p1a: Metagross|par\n|\n|upkeep\n|turn|8\n|\n|t:|1771207674\n|move|p2a: Porygon2|Shadow Ball|p1a: Metagross\n|-supereffective|p1a: Metagross\n|-crit|p1a: Metagross\n|-damage|p1a: Metagross|82/256 par\n|cant|p1a: Metagross|par\n|\n|-heal|p1a: Metagross|98/256 par|[from] item: Leftovers\n|upkeep\n|turn|9\n|\n|t:|1771207679\n|switch|p1a: Ditto|Ditto, L87|225/225\n|-transform|p1a: Ditto|p2a: Porygon2|[from] ability: Imposter\n|-ability|p1a: Ditto|Download|boost\n|-boost|p1a: Ditto|atk|1\n|move|p2a: Porygon2|Shadow Ball|p1a: Ditto\n|-immune|p1a: Ditto\n|\n|upkeep\n|turn|10\n|\n|t:|1771207697\n|switch|p1a: Hariyama|Hariyama, L87, M|392/392\n|move|p2a: Porygon2|Thunder Wave|p1a: Hariyama\n|-status|p1a: Hariyama|par\n|\n|upkeep\n|turn|11\n|\n|t:|1771207710\n|move|p2a: Porygon2|Tera Blast|p1a: Hariyama\n|-damage|p1a: Hariyama|287/392 par\n|move|p1a: Hariyama|Knock Off|p2a: Porygon2\n|-damage|p2a: Porygon2|73/270\n|-enditem|p2a: Porygon2|Eviolite|[from] move: Knock Off|[of] p1a: Hariyama\n|\n|upkeep\n|turn|12\n|\n|t:|1771207728\n|switch|p2a: Spidops|Spidops, L96, M|271/271\n|move|p1a: Hariyama|Facade|p2a: Spidops\n|-damage|p2a: Spidops|102/271\n|\n|upkeep\n|turn|13\n|\n|t:|1771207736\n|move|p2a: Spidops|Sticky Web|p1a: Hariyama\n|-sidestart|p1: MeAndTheBorthers|move: Sticky Web\n|move|p1a: Hariyama|Facade|p2a: Spidops\n|-damage|p2a: Spidops|0 fnt\n|faint|p2a: Spidops\n|\n|upkeep\n|\n|t:|1771207743\n|switch|p2a: Porygon2|Porygon2, L81|73/270\n|-damage|p2a: Porygon2|40/270|[from] Stealth Rock\n|-ability|p2a: Porygon2|Download|boost\n|-boost|p2a: Porygon2|spa|1\n|turn|14\n|\n|t:|1771207758\n|move|p2a: Porygon2|Tera Blast|p1a: Hariyama\n|-damage|p1a: Hariyama|128/392 par\n|cant|p1a: Hariyama|par\n|\n|upkeep\n|turn|15\n|\n|t:|1771207765\n|switch|p1a: Gyarados|Gyarados, L79, M|71/280 par\n|move|p2a: Porygon2|Tera Blast|p1a: Gyarados\n|-damage|p1a: Gyarados|0 fnt\n|faint|p1a: Gyarados\n|\n|upkeep\n|\n|t:|1771207768\n|switch|p1a: Hariyama|Hariyama, L87, M|128/392 par\n|-activate|p1a: Hariyama|move: Sticky Web\n|-unboost|p1a: Hariyama|spe|1\n|turn|16\n|\n|t:|1771207772\n|move|p1a: Hariyama|Fake Out|p2a: Porygon2\n|-damage|p2a: Porygon2|0 fnt\n|faint|p2a: Porygon2\n|\n|upkeep\n|\n|t:|1771207777\n|switch|p2a: Inteleon|Inteleon, L81, F|246/246\n|-damage|p2a: Inteleon|216/246|[from] Stealth Rock\n|turn|17\n|\n|t:|1771207803\n|move|p2a: Inteleon|Scald|p1a: Hariyama\n|-damage|p1a: Hariyama|0 fnt\n|faint|p1a: Hariyama\n|\n|upkeep\n|\n|t:|1771207807\n|switch|p1a: Pincurchin|Pincurchin, M|258/258\n|-activate|p1a: Pincurchin|move: Sticky Web\n|-unboost|p1a: Pincurchin|spe|1\n|-fieldstart|move: Electric Terrain|[from] ability: Electric Surge|[of] p1a: Pincurchin\n|turn|18\n|\n|t:|1771207821\n|move|p2a: Inteleon|Scald|p1a: Pincurchin\n|-damage|p1a: Pincurchin|135/258\n|move|p1a: Pincurchin|Toxic Spikes|p2a: Inteleon\n|-sidestart|p2: Mastermojo7|move: Toxic Spikes\n|\n|-heal|p1a: Pincurchin|151/258|[from] item: Leftovers\n|upkeep\n|turn|19\n|\n|t:|1771207825\n|move|p2a: Inteleon|Scald|p1a: Pincurchin\n|-damage|p1a: Pincurchin|34/258\n|move|p1a: Pincurchin|Discharge|p2a: Inteleon\n|-supereffective|p2a: Inteleon\n|-damage|p2a: Inteleon|0 fnt\n|faint|p2a: Inteleon\n|\n|-heal|p1a: Pincurchin|50/258|[from] item: Leftovers\n|upkeep\n|\n|t:|1771207833\n|switch|p2a: Electrode|Electrode, L92|260/260\n|-damage|p2a: Electrode|228/260|[from] Stealth Rock\n|-status|p2a: Electrode|psn\n|turn|20\n|\n|t:|1771207860\n|move|p2a: Electrode|Thunderbolt|p1a: Pincurchin\n|-resisted|p1a: Pincurchin\n|-damage|p1a: Pincurchin|0 fnt\n|faint|p1a: Pincurchin\n|\n|-heal|p2a: Electrode|244/260 psn|[from] item: Leftovers\n|-damage|p2a: Electrode|212/260 psn|[from] psn\n|upkeep\n|\n|t:|1771207864\n|switch|p1a: Ditto|Ditto, L87|225/225\n|-activate|p1a: Ditto|move: Sticky Web\n|-unboost|p1a: Ditto|spe|1\n|-transform|p1a: Ditto|p2a: Electrode|[from] ability: Imposter\n|turn|21\n|\n|t:|1771207878\n|move|p1a: Ditto|Thunderbolt|p2a: Electrode\n|-resisted|p2a: Electrode\n|-damage|p2a: Electrode|153/260 psn\n|move|p2a: Electrode|Thunderbolt|p1a: Ditto\n|-resisted|p1a: Ditto\n|-damage|p1a: Ditto|160/225\n|\n|-heal|p2a: Electrode|169/260 psn|[from] item: Leftovers\n|-damage|p2a: Electrode|137/260 psn|[from] psn\n|upkeep\n|turn|22\n|\n|t:|1771207884\n|move|p1a: Ditto|Thunderbolt|p2a: Electrode\n|-resisted|p2a: Electrode\n|-damage|p2a: Electrode|74/260 psn\n|move|p2a: Electrode|Thunderbolt|p1a: Ditto\n|-resisted|p1a: Ditto\n|-crit|p1a: Ditto\n|-damage|p1a: Ditto|70/225\n|\n|-heal|p2a: Electrode|90/260 psn|[from] item: Leftovers\n|-damage|p2a: Electrode|58/260 psn|[from] psn\n|-fieldend|move: Electric Terrain\n|upkeep\n|turn|23\n|\n|t:|1771207896\n|move|p1a: Ditto|Thunderbolt|p2a: Electrode\n|-resisted|p2a: Electrode\n|-damage|p2a: Electrode|14/260 psn\n|move|p2a: Electrode|Thunderbolt|p1a: Ditto\n|-resisted|p1a: Ditto\n|-damage|p1a: Ditto|20/225\n|\n|-heal|p2a: Electrode|30/260 psn|[from] item: Leftovers\n|-damage|p2a: Electrode|0 fnt|[from] psn\n|faint|p2a: Electrode\n|upkeep\n|\n|t:|1771207900\n|switch|p2a: Raging Bolt|Raging Bolt, L78|323/323\n|-damage|p2a: Raging Bolt|283/323|[from] Stealth Rock\n|-status|p2a: Raging Bolt|psn\n|-enditem|p2a: Raging Bolt|Booster Energy\n|-activate|p2a: Raging Bolt|ability: Protosynthesis|[fromitem]\n|-start|p2a: Raging Bolt|protosynthesisspa\n|turn|24\n|\n|t:|1771207907\n|switch|p1a: Metagross|Metagross, L79|98/256 par\n|-activate|p1a: Metagross|move: Sticky Web\n|-fail|p1a: Metagross|unboost|[from] ability: Clear Body|[of] p1a: Metagross\n|move|p2a: Raging Bolt|Calm Mind|p2a: Raging Bolt\n|-boost|p2a: Raging Bolt|spa|1\n|-boost|p2a: Raging Bolt|spd|1\n|\n|-heal|p1a: Metagross|114/256 par|[from] item: Leftovers\n|-damage|p2a: Raging Bolt|243/323 psn|[from] psn\n|upkeep\n|turn|25\n|\n|t:|1771207915\n|move|p2a: Raging Bolt|Thunderbolt|p1a: Metagross\n|-damage|p1a: Metagross|0 fnt\n|faint|p1a: Metagross\n|\n|-damage|p2a: Raging Bolt|203/323 psn|[from] psn\n|upkeep\n|\n|t:|1771207922\n|switch|p1a: Pyroar|Pyroar, L88, F|295/295\n|-ability|p1a: Pyroar|Unnerve\n|turn|26\n|\n|t:|1771207928\n|move|p1a: Pyroar|Hyper Voice|p2a: Raging Bolt\n|-damage|p2a: Raging Bolt|127/323 psn\n|move|p2a: Raging Bolt|Thunderbolt|p1a: Pyroar\n|-damage|p1a: Pyroar|37/295\n|\n|-damage|p2a: Raging Bolt|87/323 psn|[from] psn\n|upkeep\n|turn|27\n|\n|t:|1771207932\n|move|p2a: Raging Bolt|Thunderclap||[still]\n|-fail|p2a: Raging Bolt\n|move|p1a: Pyroar|Taunt|p2a: Raging Bolt\n|-start|p2a: Raging Bolt|move: Taunt\n|\n|-damage|p2a: Raging Bolt|47/323 psn|[from] psn\n|upkeep\n|turn|28\n|\n|t:|1771207939\n|move|p2a: Raging Bolt|Thunderclap|p1a: Pyroar\n|-damage|p1a: Pyroar|0 fnt\n|faint|p1a: Pyroar\n|\n|-damage|p2a: Raging Bolt|7/323 psn|[from] psn\n|upkeep\n|\n|t:|1771207941\n|switch|p1a: Ditto|Ditto, L87|20/225\n|-activate|p1a: Ditto|move: Sticky Web\n|-unboost|p1a: Ditto|spe|1\n|-transform|p1a: Ditto|p2a: Raging Bolt|[from] ability: Imposter\n|turn|29\n|\n|t:|1771207960\n|-terastallize|p1a: Ditto|Steel\n|move|p1a: Ditto|Thunderclap|p2a: Raging Bolt\n|-resisted|p2a: Raging Bolt\n|-damage|p2a: Raging Bolt|0 fnt\n|faint|p2a: Raging Bolt\n|-end|p2a: Raging Bolt|Protosynthesis|[silent]\n|\n|upkeep\n|\n|t:|1771207964\n|switch|p2a: Drednaw|Drednaw, L81, F|278/278\n|-damage|p2a: Drednaw|244/278|[from] Stealth Rock\n|-status|p2a: Drednaw|psn\n|turn|30\n|\n|t:|1771207968\n|move|p1a: Ditto|Thunderclap||[still]\n|-fail|p1a: Ditto\n|move|p2a: Drednaw|Shell Smash|p2a: Drednaw\n|-unboost|p2a: Drednaw|def|1\n|-unboost|p2a: Drednaw|spd|1\n|-boost|p2a: Drednaw|atk|2\n|-boost|p2a: Drednaw|spa|2\n|-boost|p2a: Drednaw|spe|2\n|-enditem|p2a: Drednaw|White Herb\n|-clearnegativeboost|p2a: Drednaw|[silent]\n|\n|-damage|p2a: Drednaw|210/278 psn|[from] psn\n|upkeep\n|turn|31\n|\n|t:|1771207970\n|move|p1a: Ditto|Thunderclap||[still]\n|-fail|p1a: Ditto\n|move|p2a: Drednaw|Shell Smash|p2a: Drednaw\n|-unboost|p2a: Drednaw|def|1\n|-unboost|p2a: Drednaw|spd|1\n|-boost|p2a: Drednaw|atk|2\n|-boost|p2a: Drednaw|spa|2\n|-boost|p2a: Drednaw|spe|2\n|\n|-damage|p2a: Drednaw|176/278 psn|[from] psn\n|upkeep\n|turn|32\n|\n|t:|1771207973\n|move|p1a: Ditto|Thunderclap||[still]\n|-fail|p1a: Ditto\n|move|p2a: Drednaw|Shell Smash|p2a: Drednaw\n|-unboost|p2a: Drednaw|def|1\n|-unboost|p2a: Drednaw|spd|1\n|-boost|p2a: Drednaw|atk|2\n|-boost|p2a: Drednaw|spa|2\n|-boost|p2a: Drednaw|spe|2\n|\n|-damage|p2a: Drednaw|142/278 psn|[from] psn\n|upkeep\n|turn|33\n|\n|t:|1771207977\n|move|p1a: Ditto|Thunderclap||[still]\n|-fail|p1a: Ditto\n|move|p2a: Drednaw|Shell Smash|p2a: Drednaw\n|-unboost|p2a: Drednaw|def|1\n|-unboost|p2a: Drednaw|spd|1\n|-boost|p2a: Drednaw|atk|0\n|-boost|p2a: Drednaw|spa|0\n|-boost|p2a: Drednaw|spe|0\n|\n|-damage|p2a: Drednaw|108/278 psn|[from] psn\n|upkeep\n|turn|34\n|\n|t:|1771207981\n|move|p2a: Drednaw|Liquidation|p1a: Ditto\n|-damage|p1a: Ditto|0 fnt\n|faint|p1a: Ditto\n|-end|p1a: Ditto|Protosynthesis|[silent]\n|\n|win|Mastermojo7\n|raw|MeAndTheBorthers's rating: 1765 &rarr; <strong>1743</strong><br />(-22 for losing)\n|raw|Mastermojo7's rating: 1727 &rarr; <strong>1749</strong><br />(+22 for winning)\n", "inputlog": ">version 686819e5e19f8a7fd2345cfc5a08a5085efa2cc3\n>start {\"formatid\":\"gen9randombattle\",\"seed\":\"sodium,bdf36b64949235c4cc5795aba29ee353\",\"rated\":\"Rated battle\"}\n>player p1 {\"name\":\"MeAndTheBorthers\",\"avatar\":\"iris-gen5bw2\",\"rating\":1765,\"seed\":\"sodium,a7dc68be360be411f957c5b4ce6486c7\"}\n>player p2 {\"name\":\"Mastermojo7\",\"avatar\":\"101\",\"rating\":1727,\"seed\":\"sodium,9d8a0d7bf02d1e58955b429d462ed31b\"}\n>p1 move dragondance\n>p2 move uturn\n>p2 switch 2\n>p1 move waterfall\n>p2 move terablast\n>p1 move waterfall\n>p2 move thunderwave\n>p1 move waterfall\n>p2 move recover\n>p1 move waterfall\n>p2 move terablast\n>p1 switch 2\n>p2 move recover\n>p1 move stealthrock\n>p2 move thunderwave\n>p1 move heavyslam\n>p2 move shadowball\n>p1 switch 5\n>p2 move shadowball\n>p1 switch 3\n>p2 move thunderwave\n>p1 move knockoff\n>p2 move terablast\n>p1 move facade\n>p2 switch 2\n>p1 move facade\n>p2 move stickyweb\n>p2 switch 2\n>p1 move facade\n>p2 move terablast\n>p1 switch 2\n>p2 move terablast\n>p1 switch 2\n>p1 move fakeout\n>p2 move terablast\n>p2 switch 3\n>p1 move knockoff\n>p2 move scald\n>p1 switch 6\n>p1 move toxicspikes\n>p2 move scald\n>p1 move discharge\n>p2 move scald\n>p2 switch 4\n>p1 move recover\n>p2 move thunderbolt\n>p1 switch 3\n>p1 move thunderbolt\n>p2 move thunderbolt\n>p1 move thunderbolt\n>p2 move thunderbolt\n>p1 move thunderbolt\n>p2 move thunderbolt\n>p2 switch 6\n>p1 switch 5\n>p2 move calmmind\n>p1 move earthquake\n>p2 move thunderbolt\n>p1 switch 4\n>p1 move hypervoice\n>p2 move thunderbolt\n>p1 move taunt\n>p2 move thunderclap\n>p1 move hypervoice\n>p2 move thunderclap\n>p1 switch 5\n>p1 move thunderclap terastallize\n>p2 move thunderclap\n>p2 switch 5\n>p1 move thunderclap\n>p2 move shellsmash\n>p1 move thunderclap\n>p2 move shellsmash\n>p1 move thunderclap\n>p2 move shellsmash\n>p1 move thunderclap\n>p2 move shellsmash\n>p1 move struggle\n>p2 move liquidation", "uploadtime": 1771207982, "views": 8, "formatid": "gen9randombattle", "rating": 1743, "private": 0, "password": null}