{"id": "gen9randombattle-2540915976", "format": "[Gen 9] Random Battle", "players": ["Kilobyt3", "Legendaryn"], "log": "|j|☆Kilobyt3\n|j|☆Legendaryn\n|t:|1771266832\n|gametype|singles\n|player|p1|Kilobyt3|ninjaboy|1616\n|player|p2|Legendaryn|2|1639\n|gen|9\n|tier|[Gen 9] Random Battle\n|rated|\n|rule|Species Clause: Limit one of each Pokémon\n|rule|HP Percentage Mod: HP is shown in percentages\n|rule|Sleep Clause Mod: Limit one foe put to sleep\n|rule|Illusion Level Mod: Illusion disguises the Pokémon's true level\n|\n|t:|1771266832\n|teamsize|p1|6\n|teamsize|p2|6\n|start\n|switch|p1a: Yanmega|Yanmega, L82, M|275/275\n|switch|p2a: Skeledirge|Skeledirge, L79, M|294/294\n|turn|1\n|inactive|Battle timer is ON: inactive players will automatically lose when time's up. (requested by Legendaryn)\n|\n|t:|1771266848\n|switch|p1a: Azumarill|Azumarill, L82, M|298/298\n|move|p2a: Skeledirge|Torch Song|p1a: Azumarill\n|-resisted|p1a: Azumarill\n|-damage|p1a: Azumarill|249/298\n|-boost|p2a: Skeledirge|spa|1\n|\n|upkeep\n|turn|2\n|\n|t:|1771266863\n|switch|p2a: Hydrapple|Hydrapple, L83, F|312/312\n|move|p1a: Azumarill|Liquidation|p2a: Hydrapple\n|-resisted|p2a: Hydrapple\n|-damage|p2a: Hydrapple|278/312\n|\n|upkeep\n|turn|3\n|\n|t:|1771266869\n|switch|p1a: Yanmega|Yanmega, L82, M|275/275\n|switch|p2a: Skeledirge|Skeledirge, L79, M|294/294\n|\n|upkeep\n|turn|4\n|\n|t:|1771266875\n|move|p1a: Yanmega|Protect|p1a: Yanmega\n|-singleturn|p1a: Yanmega|Protect\n|move|p2a: Skeledirge|Shadow Ball|p1a: Yanmega\n|-activate|p1a: Yanmega|move: Protect\n|\n|-ability|p1a: Yanmega|Speed Boost|boost\n|-boost|p1a: Yanmega|spe|1\n|upkeep\n|turn|5\n|\n|t:|1771266884\n|switch|p1a: Azumarill|Azumarill, L82, M|249/298\n|move|p2a: Skeledirge|Torch Song|p1a: Azumarill\n|-resisted|p1a: Azumarill\n|-damage|p1a: Azumarill|203/298\n|-boost|p2a: Skeledirge|spa|1\n|\n|upkeep\n|turn|6\n|\n|t:|1771266894\n|switch|p2a: Basculegion|Basculegion-F, L83, F|335/335\n|move|p1a: Azumarill|Play Rough|p2a: Basculegion\n|-damage|p2a: Basculegion|140/335\n|\n|upkeep\n|turn|7\n|\n|t:|1771266901\n|move|p2a: Basculegion|Flip Turn|p1a: Azumarill\n|-resisted|p1a: Azumarill\n|-damage|p1a: Azumarill|155/298\n|\n|t:|1771266905\n|switch|p2a: Skeledirge|Skeledirge, L79, M|294/294|[from] Flip Turn\n|move|p1a: Azumarill|Play Rough|p2a: Skeledirge\n|-resisted|p2a: Skeledirge\n|-damage|p2a: Skeledirge|213/294\n|\n|upkeep\n|turn|8\n|\n|t:|1771266922\n|switch|p1a: Gothitelle|Gothitelle, L90, M|272/272\n|move|p2a: Skeledirge|Torch Song|p1a: Gothitelle\n|-damage|p1a: Gothitelle|209/272\n|-boost|p2a: Skeledirge|spa|1\n|\n|-heal|p1a: Gothitelle|226/272|[from] item: Leftovers\n|upkeep\n|turn|9\n|\n|t:|1771266934\n|move|p1a: Gothitelle|Dark Pulse|p2a: Skeledirge\n|-supereffective|p2a: Skeledirge\n|-damage|p2a: Skeledirge|67/294\n|move|p2a: Skeledirge|Shadow Ball|p1a: Gothitelle\n|-supereffective|p1a: Gothitelle\n|-damage|p1a: Gothitelle|32/272\n|\n|-heal|p1a: Gothitelle|49/272|[from] item: Leftovers\n|upkeep\n|turn|10\n|\n|t:|1771266943\n|switch|p2a: Hydrapple|Hydrapple, L83, F|312/312\n|move|p1a: Gothitelle|Dark Pulse|p2a: Hydrapple\n|-damage|p2a: Hydrapple|237/312\n|\n|-heal|p1a: Gothitelle|66/272|[from] item: Leftovers\n|upkeep\n|turn|11\n|\n|t:|1771266955\n|move|p1a: Gothitelle|Psychic Noise|p2a: Hydrapple\n|-damage|p2a: Hydrapple|137/312\n|-start|p2a: Hydrapple|move: Heal Block\n|move|p2a: Hydrapple|Fickle Beam|p1a: Gothitelle\n|-damage|p1a: Gothitelle|0 fnt\n|faint|p1a: Gothitelle\n|\n|upkeep\n|\n|t:|1771266965\n|switch|p1a: Yanmega|Yanmega, L82, M|275/275\n|turn|12\n|\n|t:|1771266974\n|switch|p2a: Skeledirge|Skeledirge, L79, M|67/294\n|move|p1a: Yanmega|Bug Buzz|p2a: Skeledirge\n|-resisted|p2a: Skeledirge\n|-damage|p2a: Skeledirge|34/294\n|\n|-ability|p1a: Yanmega|Speed Boost|boost\n|-boost|p1a: Yanmega|spe|1\n|upkeep\n|turn|13\n|\n|t:|1771266980\n|move|p1a: Yanmega|Air Slash|p2a: Skeledirge\n|-damage|p2a: Skeledirge|0 fnt\n|faint|p2a: Skeledirge\n|\n|-ability|p1a: Yanmega|Speed Boost|boost\n|-boost|p1a: Yanmega|spe|1\n|upkeep\n|\n|t:|1771266983\n|switch|p2a: Diancie|Diancie, L82|216/216\n|turn|14\n|\n|t:|1771267000\n|switch|p1a: Jirachi|Jirachi, L80|291/291\n|move|p2a: Diancie|Diamond Storm|p1a: Jirachi\n|-resisted|p1a: Jirachi\n|-damage|p1a: Jirachi|246/291\n|-boost|p2a: Diancie|def|2\n|\n|-heal|p1a: Jirachi|264/291|[from] item: Leftovers\n|upkeep\n|turn|15\n|\n|t:|1771267009\n|-terastallize|p2a: Diancie|Fighting\n|move|p1a: Jirachi|Iron Head|p2a: Diancie\n|-damage|p2a: Diancie|189/216\n|cant|p2a: Diancie|flinch\n|\n|-heal|p1a: Jirachi|282/291|[from] item: Leftovers\n|-heal|p2a: Diancie|202/216|[from] item: Leftovers\n|upkeep\n|turn|16\n|\n|t:|1771267014\n|move|p1a: Jirachi|Body Slam|p2a: Diancie\n|-damage|p2a: Diancie|181/216\n|-status|p2a: Diancie|par\n|move|p2a: Diancie|Rock Polish|p2a: Diancie\n|-boost|p2a: Diancie|spe|2\n|\n|-heal|p1a: Jirachi|291/291|[from] item: Leftovers\n|-heal|p2a: Diancie|194/216 par|[from] item: Leftovers\n|upkeep\n|turn|17\n|\n|t:|1771267026\n|move|p1a: Jirachi|Iron Head|p2a: Diancie\n|-damage|p2a: Diancie|164/216 par\n|cant|p2a: Diancie|flinch\n|\n|-heal|p2a: Diancie|177/216 par|[from] item: Leftovers\n|upkeep\n|turn|18\n|\n|t:|1771267030\n|move|p1a: Jirachi|Iron Head|p2a: Diancie\n|-damage|p2a: Diancie|149/216 par\n|cant|p2a: Diancie|flinch\n|\n|-heal|p2a: Diancie|162/216 par|[from] item: Leftovers\n|upkeep\n|turn|19\n|\n|t:|1771267035\n|move|p1a: Jirachi|Iron Head|p2a: Diancie\n|-damage|p2a: Diancie|131/216 par\n|cant|p2a: Diancie|flinch\n|\n|-heal|p2a: Diancie|144/216 par|[from] item: Leftovers\n|upkeep\n|turn|20\n|\n|t:|1771267040\n|move|p1a: Jirachi|Iron Head|p2a: Diancie\n|-damage|p2a: Diancie|114/216 par\n|cant|p2a: Diancie|flinch\n|\n|-heal|p2a: Diancie|127/216 par|[from] item: Leftovers\n|upkeep\n|turn|21\n|\n|t:|1771267047\n|move|p1a: Jirachi|Iron Head|p2a: Diancie\n|-damage|p2a: Diancie|97/216 par\n|cant|p2a: Diancie|flinch\n|\n|-heal|p2a: Diancie|110/216 par|[from] item: Leftovers\n|upkeep\n|turn|22\n|\n|t:|1771267057\n|move|p1a: Jirachi|Iron Head|p2a: Diancie\n|-damage|p2a: Diancie|83/216 par\n|cant|p2a: Diancie|flinch\n|\n|-heal|p2a: Diancie|96/216 par|[from] item: Leftovers\n|upkeep\n|turn|23\n|\n|t:|1771267076\n|move|p1a: Jirachi|Iron Head|p2a: Diancie\n|-damage|p2a: Diancie|66/216 par\n|move|p2a: Diancie|Rock Polish|p2a: Diancie\n|-boost|p2a: Diancie|spe|2\n|\n|-heal|p2a: Diancie|79/216 par|[from] item: Leftovers\n|upkeep\n|turn|24\n|\n|t:|1771267086\n|move|p1a: Jirachi|Iron Head|p2a: Diancie\n|-damage|p2a: Diancie|48/216 par\n|cant|p2a: Diancie|flinch\n|\n|-heal|p2a: Diancie|61/216 par|[from] item: Leftovers\n|upkeep\n|turn|25\n|\n|t:|1771267095\n|move|p1a: Jirachi|Iron Head|p2a: Diancie\n|-damage|p2a: Diancie|33/216 par\n|cant|p2a: Diancie|flinch\n|\n|-heal|p2a: Diancie|46/216 par|[from] item: Leftovers\n|upkeep\n|turn|26\n|\n|t:|1771267100\n|move|p1a: Jirachi|Iron Head|p2a: Diancie\n|-damage|p2a: Diancie|16/216 par\n|cant|p2a: Diancie|flinch\n|\n|-heal|p2a: Diancie|29/216 par|[from] item: Leftovers\n|upkeep\n|turn|27\n|\n|t:|1771267120\n|move|p1a: Jirachi|Iron Head|p2a: Diancie\n|-damage|p2a: Diancie|0 fnt\n|faint|p2a: Diancie\n|\n|upkeep\n|\n|t:|1771267124\n|switch|p2a: Hydrapple|Hydrapple, L83, F|241/312\n|turn|28\n|\n|t:|1771267129\n|switch|p1a: Yanmega|Yanmega, L82, M|275/275\n|move|p2a: Hydrapple|Earth Power|p1a: Yanmega\n|-immune|p1a: Yanmega\n|\n|upkeep\n|turn|29\n|l|☆Legendaryn\n|inactive|Legendaryn disconnected and has a minute to reconnect!\n|player|p2|\n|j|☆Legendaryn\n|inactive|Legendaryn reconnected and has 120 seconds left.\n|player|p2|Legendaryn|2|\n|\n|t:|1771267164\n|switch|p2a: Basculegion|Basculegion-F, L83, F|140/335\n|move|p1a: Yanmega|Bug Buzz|p2a: Basculegion\n|-resisted|p2a: Basculegion\n|-damage|p2a: Basculegion|81/335\n|\n|-ability|p1a: Yanmega|Speed Boost|boost\n|-boost|p1a: Yanmega|spe|1\n|upkeep\n|turn|30\n|inactive|Legendaryn has 120 seconds left.\n|\n|t:|1771267173\n|move|p1a: Yanmega|Air Slash|p2a: Basculegion\n|-damage|p2a: Basculegion|0 fnt\n|faint|p2a: Basculegion\n|\n|-ability|p1a: Yanmega|Speed Boost|boost\n|-boost|p1a: Yanmega|spe|1\n|upkeep\n|\n|t:|1771267177\n|switch|p2a: Kyurem|Kyurem, L77|319/319\n|-ability|p2a: Kyurem|Pressure\n|turn|31\n|\n|t:|1771267184\n|switch|p1a: Jirachi|Jirachi, L80|291/291\n|move|p2a: Kyurem|Dragon Dance|p2a: Kyurem\n|-boost|p2a: Kyurem|atk|1\n|-boost|p2a: Kyurem|spe|1\n|\n|upkeep\n|turn|32\n|\n|t:|1771267197\n|move|p2a: Kyurem|Icicle Spear|p1a: Jirachi\n|-resisted|p1a: Jirachi\n|-damage|p1a: Jirachi|273/291\n|-resisted|p1a: Jirachi\n|-damage|p1a: Jirachi|254/291\n|-resisted|p1a: Jirachi\n|-crit|p1a: Jirachi\n|-damage|p1a: Jirachi|221/291\n|-resisted|p1a: Jirachi\n|-damage|p1a: Jirachi|199/291\n|-resisted|p1a: Jirachi\n|-damage|p1a: Jirachi|178/291\n|-hitcount|p1a: Jirachi|5\n|move|p1a: Jirachi|Body Slam|p2a: Kyurem\n|-damage|p2a: Kyurem|257/319\n|-status|p2a: Kyurem|par\n|\n|-heal|p1a: Jirachi|196/291|[from] item: Leftovers\n|upkeep\n|turn|33\n|\n|t:|1771267202\n|switch|p2a: Hydrapple|Hydrapple, L83, F|312/312\n|move|p1a: Jirachi|Iron Head|p2a: Hydrapple\n|-damage|p2a: Hydrapple|240/312\n|\n|-heal|p1a: Jirachi|214/291|[from] item: Leftovers\n|upkeep\n|turn|34\n|\n|t:|1771267206\n|switch|p1a: Yanmega|Yanmega, L82, M|275/275\n|move|p2a: Hydrapple|Fickle Beam|p1a: Yanmega\n|-damage|p1a: Yanmega|73/275\n|\n|upkeep\n|turn|35\n|\n|t:|1771267216\n|switch|p2a: Kyurem|Kyurem, L77|257/319 par\n|-ability|p2a: Kyurem|Pressure\n|move|p1a: Yanmega|Bug Buzz|p2a: Kyurem\n|-damage|p2a: Kyurem|154/319 par\n|\n|-ability|p1a: Yanmega|Speed Boost|boost\n|-boost|p1a: Yanmega|spe|1\n|upkeep\n|turn|36\n|\n|t:|1771267220\n|move|p1a: Yanmega|Air Slash|p2a: Kyurem\n|-damage|p2a: Kyurem|63/319 par\n|move|p2a: Kyurem|Scale Shot|p1a: Yanmega\n|-damage|p1a: Yanmega|42/275\n|-damage|p1a: Yanmega|12/275\n|-damage|p1a: Yanmega|0 fnt\n|faint|p1a: Yanmega\n|-hitcount|p1: Yanmega|3\n|-unboost|p2a: Kyurem|def|1\n|-boost|p2a: Kyurem|spe|1\n|\n|upkeep\n|\n|t:|1771267226\n|switch|p1a: Jirachi|Jirachi, L80|214/291\n|turn|37\n|\n|t:|1771267228\n|switch|p2a: Hydrapple|Hydrapple, L83, F|312/312\n|move|p1a: Jirachi|Body Slam|p2a: Hydrapple\n|-damage|p2a: Hydrapple|263/312\n|\n|-heal|p1a: Jirachi|232/291|[from] item: Leftovers\n|upkeep\n|turn|38\n|\n|t:|1771267247\n|switch|p1a: Azumarill|Azumarill, L82, M|155/298\n|move|p2a: Hydrapple|Earth Power|p1a: Azumarill\n|-damage|p1a: Azumarill|33/298\n|\n|upkeep\n|turn|39\n|\n|t:|1771267254\n|switch|p2a: Kyurem|Kyurem, L77|63/319 par\n|-ability|p2a: Kyurem|Pressure\n|move|p1a: Azumarill|Play Rough|p2a: Kyurem\n|-supereffective|p2a: Kyurem\n|-damage|p2a: Kyurem|0 fnt\n|faint|p2a: Kyurem\n|\n|upkeep\n|\n|t:|1771267263\n|switch|p2a: Hydrapple|Hydrapple, L83, F|312/312\n|turn|40\n|\n|t:|1771267267\n|move|p1a: Azumarill|Play Rough|p2a: Hydrapple\n|-supereffective|p2a: Hydrapple\n|-damage|p2a: Hydrapple|48/312\n|move|p2a: Hydrapple|Earth Power|p1a: Azumarill\n|-damage|p1a: Azumarill|0 fnt\n|faint|p1a: Azumarill\n|\n|upkeep\n|\n|t:|1771267273\n|switch|p1a: Koraidon|Koraidon, L64|235/235\n|-weather|SunnyDay|[from] ability: Orichalcum Pulse|[of] p1a: Koraidon\n|-activate|p1a: Koraidon|Orichalcum Pulse|[source]\n|turn|41\n|\n|t:|1771267278\n|switch|p2a: Crabominable|Crabominable, L90, M|321/321\n|move|p1a: Koraidon|U-turn|p2a: Crabominable\n|-resisted|p2a: Crabominable\n|-damage|p2a: Crabominable|281/321\n|\n|t:|1771267284\n|switch|p1a: Hitmontop|Hitmontop, L88, M|231/231|[from] U-turn\n|-ability|p1a: Hitmontop|Intimidate|boost\n|-unboost|p2a: Crabominable|atk|1\n|\n|-weather|SunnyDay|[upkeep]\n|upkeep\n|turn|42\n|\n|t:|1771267291\n|move|p1a: Hitmontop|Close Combat|p2a: Crabominable\n|-supereffective|p2a: Crabominable\n|-damage|p2a: Crabominable|11/321\n|-unboost|p1a: Hitmontop|def|1\n|-unboost|p1a: Hitmontop|spd|1\n|move|p2a: Crabominable|Ice Hammer|p1a: Hitmontop\n|-damage|p1a: Hitmontop|0 fnt\n|-unboost|p2a: Crabominable|spe|1\n|faint|p1a: Hitmontop\n|\n|-weather|SunnyDay|[upkeep]\n|upkeep\n|\n|t:|1771267298\n|switch|p1a: Koraidon|Koraidon, L64|235/235\n|-activate|p1a: Koraidon|ability: Orichalcum Pulse\n|turn|43\n|\n|t:|1771267302\n|move|p1a: Koraidon|Flare Blitz|p2a: Crabominable\n|-supereffective|p2a: Crabominable\n|-damage|p2a: Crabominable|0 fnt\n|faint|p2a: Crabominable\n|-damage|p1a: Koraidon|231/235|[from] Recoil\n|\n|-weather|SunnyDay|[upkeep]\n|upkeep\n|\n|t:|1771267303\n|switch|p2a: Hydrapple|Hydrapple, L83, F|152/312\n|turn|44\n|\n|t:|1771267309\n|-terastallize|p1a: Koraidon|Fire\n|move|p1a: Koraidon|Flare Blitz|p2a: Hydrapple\n|-damage|p2a: Hydrapple|0 fnt\n|faint|p2a: Hydrapple\n|-damage|p1a: Koraidon|181/235|[from] Recoil\n|\n|win|Kilobyt3\n|raw|Kilobyt3's rating: 1616 &rarr; <strong>1637</strong><br />(+21 for winning)\n|raw|Legendaryn's rating: 1639 &rarr; <strong>1618</strong><br />(-21 for losing)\n|c|☆Kilobyt3|gg\n", "inputlog": ">version 686819e5e19f8a7fd2345cfc5a08a5085efa2cc3\n>start {\"formatid\":\"gen9randombattle\",\"seed\":\"sodium,f506b4940273f9e82a7ad8e797d76099\",\"rated\":\"Rated battle\"}\n>player p1 {\"name\":\"Kilobyt3\",\"avatar\":\"ninjaboy\",\"rating\":1616,\"seed\":\"sodium,8da86b2e9444d032550798a07d09a9a5\"}\n>player p2 {\"name\":\"Legendaryn\",\"avatar\":\"2\",\"rating\":1639,\"seed\":\"sodium,4cee9520c3293eb895690e185ed1099a\"}\n>p1 switch 3\n>p2 move torchsong\n>p1 move liquidation\n>p2 switch 6\n>p1 switch 3\n>p2 switch 6\n>p1 move protect\n>p2 move shadowball\n>p1 switch 3\n>p2 move torchsong\n>p1 move playrough\n>p2 switch 5\n>p1 move playrough\n>p2 move flipturn\n>p2 switch 5\n>p1 switch 4\n>p2 move torchsong\n>p1 move darkpulse\n>p2 move shadowball\n>p1 move darkpulse\n>p2 switch 6\n>p1 move psychicnoise\n>p2 move ficklebeam\n>p1 switch 3\n>p1 move bugbuzz\n>p2 switch 6\n>p1 move airslash\n>p2 move slackoff\n>p2 switch 3\n>p1 switch 6\n>p2 move diamondstorm\n>p1 move ironhead\n>p2 move rockpolish terastallize\n>p1 move bodyslam\n>p2 move rockpolish\n>p1 move ironhead\n>p2 move rockpolish\n>p1 move ironhead\n>p2 move rockpolish\n>p1 move ironhead\n>p2 move rockpolish\n>p1 move ironhead\n>p2 move rockpolish\n>p1 move ironhead\n>p2 move rockpolish\n>p1 move ironhead\n>p2 move rockpolish\n>p1 move ironhead\n>p2 move rockpolish\n>p1 move ironhead\n>p2 move bodypress\n>p1 move ironhead\n>p2 move rockpolish\n>p1 move ironhead\n>p2 move rockpolish\n>p1 move ironhead\n>p2 move rockpolish\n>p2 switch 6\n>p1 switch 6\n>p2 move earthpower\n>p1 move bugbuzz\n>p2 switch 5\n>p1 move airslash\n>p2 move flipturn\n>p2 switch 4\n>p1 switch 6\n>p2 move dragondance\n>p1 move bodyslam\n>p2 move iciclespear\n>p1 move ironhead\n>p2 switch 5\n>p1 switch 6\n>p2 move ficklebeam\n>p1 move bugbuzz\n>p2 switch 5\n>p1 move airslash\n>p2 move scaleshot\n>p1 switch 6\n>p1 move bodyslam\n>p2 switch 5\n>p1 switch 4\n>p2 move earthpower\n>p1 move playrough\n>p2 switch 5\n>p2 switch 5\n>p1 move playrough\n>p2 move earthpower\n>p1 switch 2\n>p1 move uturn\n>p2 switch 2\n>p1 switch 5\n>p1 move closecombat\n>p2 move icehammer\n>p1 switch 5\n>p1 move flareblitz\n>p2 move icehammer\n>p2 switch 2\n>p1 move flareblitz terastallize\n>p2 move ficklebeam", "uploadtime": 1771267315, "views": 7, "formatid": "gen9randombattle", "rating": 1618, "private": 0, "password": null}