{"id": "gen9randombattle-2540497551", "format": "[Gen 9] Random Battle", "players": ["Lord Doffy", "MeAndTheBorthers"], "log": "|j|☆Lord Doffy\n|j|☆MeAndTheBorthers\n|t:|1771209431\n|gametype|singles\n|player|p1|Lord Doffy|101|1730\n|player|p2|MeAndTheBorthers|iris-gen5bw2|1722\n|gen|9\n|tier|[Gen 9] Random Battle\n|rated|\n|rule|Species Clause: Limit one of each Pokémon\n|rule|HP Percentage Mod: HP is shown in percentages\n|rule|Sleep Clause Mod: Limit one foe put to sleep\n|rule|Illusion Level Mod: Illusion disguises the Pokémon's true level\n|\n|t:|1771209431\n|teamsize|p1|6\n|teamsize|p2|6\n|start\n|switch|p1a: Greninja|Greninja, L80, M|246/246\n|switch|p2a: Iron Boulder|Iron Boulder, L77|265/265\n|turn|1\n|inactive|Battle timer is ON: inactive players will automatically lose when time's up. (requested by Lord Doffy)\n|\n|t:|1771209473\n|-end|p2a: Iron Boulder|Quark Drive|[silent]\n|switch|p2a: Blastoise|Blastoise, L80, F|258/258\n|move|p1a: Greninja|Hydro Pump|p2a: Blastoise\n|-resisted|p2a: Blastoise\n|-damage|p2a: Blastoise|187/258\n|-damage|p1a: Greninja|222/246|[from] item: Life Orb\n|\n|upkeep\n|turn|2\n|\n|t:|1771209486\n|move|p1a: Greninja|Dark Pulse|p2a: Blastoise\n|-damage|p2a: Blastoise|80/258\n|-damage|p1a: Greninja|198/246|[from] item: Life Orb\n|move|p2a: Blastoise|Shell Smash|p2a: Blastoise\n|-unboost|p2a: Blastoise|def|1\n|-unboost|p2a: Blastoise|spd|1\n|-boost|p2a: Blastoise|atk|2\n|-boost|p2a: Blastoise|spa|2\n|-boost|p2a: Blastoise|spe|2\n|-enditem|p2a: Blastoise|White Herb\n|-clearnegativeboost|p2a: Blastoise|[silent]\n|\n|upkeep\n|turn|3\n|\n|t:|1771209504\n|switch|p1a: Komala|Komala, L89, F|260/260\n|-ability|p1a: Komala|Comatose\n|move|p2a: Blastoise|Hydro Pump|p1a: Komala\n|-damage|p1a: Komala|101/260\n|\n|upkeep\n|turn|4\n|\n|t:|1771209523\n|move|p2a: Blastoise|Earthquake|p1a: Komala\n|-damage|p1a: Komala|0 fnt\n|faint|p1a: Komala\n|\n|upkeep\n|inactive|Lord Doffy has 120 seconds left.\n|\n|t:|1771209557\n|switch|p1a: Trevenant|Trevenant, L89, M|296/296\n|turn|5\n|\n|t:|1771209565\n|-terastallize|p1a: Trevenant|Fighting\n|move|p2a: Blastoise|Ice Beam|p1a: Trevenant\n|-damage|p1a: Trevenant|195/296\n|move|p1a: Trevenant|Horn Leech|p2a: Blastoise\n|-supereffective|p2a: Blastoise\n|-damage|p2a: Blastoise|0 fnt\n|-heal|p1a: Trevenant|235/296|[from] drain|[of] p2a: Blastoise\n|faint|p2a: Blastoise\n|\n|upkeep\n|inactive|MeAndTheBorthers has 120 seconds left.\n|\n|t:|1771209598\n|switch|p2a: Iron Boulder|Iron Boulder, L77|265/265\n|turn|6\n|inactive|Lord Doffy has 120 seconds left.\n|\n|t:|1771209607\n|move|p2a: Iron Boulder|Zen Headbutt|p1a: Trevenant\n|-supereffective|p1a: Trevenant\n|-damage|p1a: Trevenant|9/296\n|-damage|p2a: Iron Boulder|239/265|[from] item: Life Orb\n|cant|p1a: Trevenant|flinch\n|\n|upkeep\n|turn|7\n|\n|t:|1771209617\n|switch|p1a: Greninja|Greninja, L80, M|198/246\n|move|p2a: Iron Boulder|Mighty Cleave|p1a: Greninja\n|-damage|p1a: Greninja|34/246\n|-damage|p2a: Iron Boulder|213/265|[from] item: Life Orb\n|\n|upkeep\n|turn|8\n|\n|t:|1771209629\n|switch|p1a: Trevenant|Trevenant, L89, M, tera:Fighting|9/296\n|-end|p2a: Iron Boulder|Quark Drive|[silent]\n|switch|p2a: Bellibolt|Bellibolt, L84, F|320/320\n|\n|upkeep\n|turn|9\n|\n|t:|1771209641\n|move|p1a: Trevenant|Drain Punch|p2a: Bellibolt\n|-damage|p2a: Bellibolt|173/320\n|-heal|p1a: Trevenant|83/296|[from] drain|[of] p2a: Bellibolt\n|-start|p2a: Bellibolt|Charge|Drain Punch|[from] ability: Electromorphosis\n|move|p2a: Bellibolt|Thunderbolt|p1a: Trevenant\n|-damage|p1a: Trevenant|0 fnt\n|faint|p1a: Trevenant\n|-end|p2a: Bellibolt|Charge|[silent]\n|\n|-heal|p2a: Bellibolt|193/320|[from] item: Leftovers\n|upkeep\n|\n|t:|1771209649\n|switch|p1a: Kricketune|Kricketune, L99, M|312/312\n|turn|10\n|\n|t:|1771209671\n|switch|p2a: Iron Boulder|Iron Boulder, L77|213/265\n|move|p1a: Kricketune|Sticky Web|p2a: Iron Boulder\n|-sidestart|p2: MeAndTheBorthers|move: Sticky Web\n|\n|upkeep\n|turn|11\n|\n|t:|1771209678\n|move|p2a: Iron Boulder|Mighty Cleave|p1a: Kricketune\n|-supereffective|p1a: Kricketune\n|-damage|p1a: Kricketune|0 fnt\n|faint|p1a: Kricketune\n|-damage|p2a: Iron Boulder|187/265|[from] item: Life Orb\n|\n|upkeep\n|\n|t:|1771209686\n|switch|p1a: Cinccino|Cinccino, L83, M|260/260\n|turn|12\n|\n|t:|1771209702\n|-terastallize|p2a: Iron Boulder|Fighting\n|move|p1a: Cinccino|Bullet Seed|p2a: Iron Boulder\n|-damage|p2a: Iron Boulder|157/265\n|-damage|p2a: Iron Boulder|128/265\n|-damage|p2a: Iron Boulder|100/265\n|-damage|p2a: Iron Boulder|70/265\n|-hitcount|p2a: Iron Boulder|4\n|move|p2a: Iron Boulder|Close Combat|p1a: Cinccino\n|-supereffective|p1a: Cinccino\n|-damage|p1a: Cinccino|0 fnt\n|-unboost|p2a: Iron Boulder|def|1\n|-unboost|p2a: Iron Boulder|spd|1\n|faint|p1a: Cinccino\n|-damage|p2a: Iron Boulder|44/265|[from] item: Life Orb\n|\n|upkeep\n|\n|t:|1771209714\n|switch|p1a: Toxicroak|Toxicroak, L84, F|277/277\n|turn|13\n|\n|t:|1771209734\n|-end|p2a: Iron Boulder|Quark Drive|[silent]\n|switch|p2a: Mew|Mew, L82|298/298\n|-activate|p2a: Mew|move: Sticky Web\n|-unboost|p2a: Mew|spe|1\n|move|p1a: Toxicroak|Earthquake|p2a: Mew\n|-damage|p2a: Mew|229/298\n|\n|upkeep\n|turn|14\n|\n|t:|1771209742\n|switch|p1a: Greninja|Greninja, L80, M|34/246\n|move|p2a: Mew|Psychic|p1a: Greninja\n|-immune|p1a: Greninja\n|\n|upkeep\n|turn|15\n|\n|t:|1771209755\n|move|p1a: Greninja|Dark Pulse|p2a: Mew\n|-supereffective|p2a: Mew\n|-damage|p2a: Mew|42/298\n|-damage|p1a: Greninja|10/246|[from] item: Life Orb\n|move|p2a: Mew|Fire Blast|p1a: Greninja\n|-resisted|p1a: Greninja\n|-damage|p1a: Greninja|0 fnt\n|faint|p1a: Greninja\n|-damage|p2a: Mew|13/298|[from] item: Life Orb\n|\n|upkeep\n|\n|t:|1771209761\n|switch|p1a: Toxicroak|Toxicroak, L84, F|277/277\n|turn|16\n|inactive|Lord Doffy has 120 seconds left.\n|\n|t:|1771209788\n|move|p1a: Toxicroak|Gunk Shot|p2a: Mew\n|-damage|p2a: Mew|0 fnt\n|faint|p2a: Mew\n|\n|upkeep\n|\n|t:|1771209796\n|switch|p2a: Iron Boulder|Iron Boulder, L77, tera:Fighting|44/265\n|-activate|p2a: Iron Boulder|move: Sticky Web\n|-unboost|p2a: Iron Boulder|spe|1\n|turn|17\n|\n|t:|1771209800\n|move|p1a: Toxicroak|Gunk Shot|p2a: Iron Boulder\n|-damage|p2a: Iron Boulder|0 fnt\n|faint|p2a: Iron Boulder\n|-end|p2a: Iron Boulder|Quark Drive|[silent]\n|\n|upkeep\n|\n|t:|1771209803\n|switch|p2a: Magnezone|Magnezone, L85|258/258\n|-activate|p2a: Magnezone|move: Sticky Web\n|-unboost|p2a: Magnezone|spe|1\n|turn|18\n|-message|Lord Doffy forfeited.\n|\n|win|MeAndTheBorthers\n|raw|Lord Doffy's rating: 1730 &rarr; <strong>1710</strong><br />(-20 for losing)\n|raw|MeAndTheBorthers's rating: 1722 &rarr; <strong>1742</strong><br />(+20 for winning)\n", "inputlog": ">version 686819e5e19f8a7fd2345cfc5a08a5085efa2cc3\n>start {\"formatid\":\"gen9randombattle\",\"seed\":\"sodium,312189c3afcab39ff9828e00c7fea363\",\"rated\":\"Rated battle\"}\n>player p1 {\"name\":\"Lord Doffy\",\"avatar\":\"101\",\"rating\":1730,\"seed\":\"sodium,5efc38dee18a43a3b67c4b459b6e33d7\"}\n>player p2 {\"name\":\"MeAndTheBorthers\",\"avatar\":\"iris-gen5bw2\",\"rating\":1722,\"seed\":\"sodium,b2e4c256bf47f442e60ee8be01459598\"}\n>p1 move hydropump\n>p2 switch 3\n>p1 move darkpulse\n>p2 move shellsmash\n>p1 switch 2\n>p2 move hydropump\n>p1 move bodyslam\n>p2 move earthquake\n>p1 switch 3\n>p1 move hornleech terastallize\n>p2 move icebeam\n>p2 switch 3\n>p1 move hornleech\n>p2 move zenheadbutt\n>p1 switch 2\n>p2 move mightycleave\n>p1 switch 2\n>p2 switch 2\n>p1 move drainpunch\n>p2 move thunderbolt\n>p1 switch 6\n>p1 move stickyweb\n>p2 switch 2\n>p1 move knockoff\n>p2 move mightycleave\n>p1 switch 4\n>p1 move bulletseed\n>p2 move closecombat terastallize\n>p1 switch 5\n>p1 move earthquake\n>p2 switch 6\n>p1 switch 2\n>p2 move psychic\n>p1 move darkpulse\n>p2 move fireblast\n>p1 switch 2\n>p1 move gunkshot\n>p2 move psychic\n>p2 switch 6\n>p1 move gunkshot\n>p2 move zenheadbutt\n>p2 switch 4\n>forcelose p1", "uploadtime": 1771209810, "views": 9, "formatid": "gen9randombattle", "rating": 1710, "private": 0, "password": null}