{"id": "gen9randombattle-2540596815", "format": "[Gen 9] Random Battle", "players": ["ruchen", "peanu1"], "log": "|j|☆ruchen\n|j|☆peanu1\n|t:|1771224236\n|gametype|singles\n|player|p1|ruchen|101|1841\n|player|p2|peanu1|1|1940\n|gen|9\n|tier|[Gen 9] Random Battle\n|rated|\n|rule|Species Clause: Limit one of each Pokémon\n|rule|HP Percentage Mod: HP is shown in percentages\n|rule|Sleep Clause Mod: Limit one foe put to sleep\n|rule|Illusion Level Mod: Illusion disguises the Pokémon's true level\n|\n|t:|1771224236\n|teamsize|p1|6\n|teamsize|p2|6\n|start\n|switch|p1a: Sandaconda|Sandaconda, L84, F|258/258\n|switch|p2a: Weezing|Weezing-Galar, L86, M|252/252\n|turn|1\n|inactive|Battle timer is ON: inactive players will automatically lose when time's up. (requested by peanu1)\n|inactive|ruchen has 120 seconds left.\n|inactive|ruchen has 90 seconds left.\n|inactive|ruchen has 60 seconds left.\n|inactive|ruchen has 30 seconds left.\n|inactive|ruchen has 20 seconds left.\n|inactive|ruchen has 15 seconds left.\n|\n|t:|1771224402\n|switch|p1a: Squawkabilly|Squawkabilly-Yellow, L89, F|291/291\n|move|p2a: Weezing|Strange Steam|p1a: Squawkabilly\n|-damage|p1a: Squawkabilly|158/291\n|\n|upkeep\n|turn|2\n|\n|t:|1771224410\n|move|p1a: Squawkabilly|Brave Bird|p2a: Weezing\n|-damage|p2a: Weezing|0 fnt\n|faint|p2a: Weezing\n|-damage|p1a: Squawkabilly|75/291|[from] Recoil\n|\n|upkeep\n|\n|t:|1771224437\n|switch|p2a: Palossand|Palossand, L89, F|296/296\n|turn|3\n|\n|t:|1771224439\n|move|p1a: Squawkabilly|Brave Bird|p2a: Palossand\n|-damage|p2a: Palossand|64/296\n|-damage|p1a: Squawkabilly|0 fnt|[from] Recoil\n|faint|p1a: Squawkabilly\n|move|p2a: Palossand|Shore Up|p2a: Palossand\n|-heal|p2a: Palossand|212/296\n|\n|-heal|p2a: Palossand|230/296|[from] item: Leftovers\n|upkeep\n|inactive|ruchen has 90 seconds left.\n|\n|t:|1771224452\n|switch|p1a: Barraskewda|Barraskewda, L81, M|231/231\n|turn|4\n|\n|t:|1771224459\n|switch|p2a: Gouging Fire|Gouging Fire, L74|277/277\n|move|p1a: Barraskewda|Waterfall|p2a: Gouging Fire\n|-damage|p2a: Gouging Fire|144/277\n|\n|upkeep\n|turn|5\n|\n|t:|1771224466\n|move|p1a: Barraskewda|Waterfall|p2a: Gouging Fire\n|-damage|p2a: Gouging Fire|8/277\n|cant|p2a: Gouging Fire|flinch\n|\n|upkeep\n|turn|6\n|\n|t:|1771224471\n|move|p1a: Barraskewda|Waterfall|p2a: Gouging Fire\n|-damage|p2a: Gouging Fire|0 fnt\n|faint|p2a: Gouging Fire\n|-end|p2a: Gouging Fire|Protosynthesis|[silent]\n|\n|upkeep\n|\n|t:|1771224479\n|switch|p2a: Dudunsparce|Dudunsparce, L83, M|343/343\n|turn|7\n|inactive|ruchen has 120 seconds left.\n|\n|t:|1771224491\n|switch|p1a: Forretress|Forretress, L84, F|263/263\n|move|p2a: Dudunsparce|Boomburst|p1a: Forretress\n|-resisted|p1a: Forretress\n|-damage|p1a: Forretress|173/263\n|\n|-heal|p1a: Forretress|189/263|[from] item: Leftovers\n|upkeep\n|turn|8\n|inactive|ruchen has 120 seconds left.\n|\n|t:|1771224502\n|move|p2a: Dudunsparce|Calm Mind|p2a: Dudunsparce\n|-boost|p2a: Dudunsparce|spa|1\n|-boost|p2a: Dudunsparce|spd|1\n|move|p1a: Forretress|Stealth Rock|p2a: Dudunsparce\n|-sidestart|p2: peanu1|move: Stealth Rock\n|\n|-heal|p1a: Forretress|205/263|[from] item: Leftovers\n|upkeep\n|turn|9\n|inactive|ruchen has 120 seconds left.\n|\n|t:|1771224513\n|move|p2a: Dudunsparce|Boomburst|p1a: Forretress\n|-resisted|p1a: Forretress\n|-damage|p1a: Forretress|85/263\n|move|p1a: Forretress|Rapid Spin|p2a: Dudunsparce\n|-damage|p2a: Dudunsparce|305/343\n|-boost|p1a: Forretress|spe|1\n|\n|-heal|p1a: Forretress|101/263|[from] item: Leftovers\n|-heal|p2a: Dudunsparce|326/343|[from] item: Leftovers\n|upkeep\n|turn|10\n|\n|t:|1771224522\n|move|p1a: Forretress|Body Press|p2a: Dudunsparce\n|-supereffective|p2a: Dudunsparce\n|-damage|p2a: Dudunsparce|150/343\n|move|p2a: Dudunsparce|Calm Mind|p2a: Dudunsparce\n|-boost|p2a: Dudunsparce|spa|1\n|-boost|p2a: Dudunsparce|spd|1\n|\n|-heal|p1a: Forretress|117/263|[from] item: Leftovers\n|-heal|p2a: Dudunsparce|171/343|[from] item: Leftovers\n|upkeep\n|turn|11\n|\n|t:|1771224538\n|move|p1a: Forretress|Iron Head|p2a: Dudunsparce\n|-damage|p2a: Dudunsparce|84/343\n|move|p2a: Dudunsparce|Boomburst|p1a: Forretress\n|-resisted|p1a: Forretress\n|-damage|p1a: Forretress|0 fnt\n|faint|p1a: Forretress\n|\n|-heal|p2a: Dudunsparce|105/343|[from] item: Leftovers\n|upkeep\n|\n|t:|1771224547\n|switch|p1a: Barraskewda|Barraskewda, L81, M|231/231\n|turn|12\n|\n|t:|1771224552\n|move|p1a: Barraskewda|Waterfall|p2a: Dudunsparce\n|-damage|p2a: Dudunsparce|0 fnt\n|faint|p2a: Dudunsparce\n|\n|upkeep\n|\n|t:|1771224568\n|switch|p2a: Palossand|Palossand, L89, F|230/296\n|-damage|p2a: Palossand|212/296|[from] Stealth Rock\n|turn|13\n|\n|t:|1771224572\n|-terastallize|p2a: Palossand|Water\n|move|p1a: Barraskewda|Waterfall|p2a: Palossand\n|-resisted|p2a: Palossand\n|-damage|p2a: Palossand|155/296\n|-ability|p2a: Palossand|Water Compaction|boost\n|-boost|p2a: Palossand|def|2\n|move|p2a: Palossand|Stealth Rock|p1a: Barraskewda\n|-sidestart|p1: ruchen|move: Stealth Rock\n|\n|-heal|p2a: Palossand|173/296|[from] item: Leftovers\n|upkeep\n|turn|14\n|\n|t:|1771224583\n|switch|p1a: Zebstrika|Zebstrika, L87, F|272/272\n|-damage|p1a: Zebstrika|238/272|[from] Stealth Rock\n|move|p2a: Palossand|Shore Up|p2a: Palossand\n|-heal|p2a: Palossand|296/296\n|\n|upkeep\n|turn|15\n|\n|t:|1771224593\n|switch|p2a: Golurk|Golurk, L87|297/297\n|-damage|p2a: Golurk|279/297|[from] Stealth Rock\n|move|p1a: Zebstrika|Volt Switch|p2a: Golurk\n|-immune|p2a: Golurk\n|\n|upkeep\n|turn|16\n|inactive|ruchen has 120 seconds left.\n|\n|t:|1771224628\n|switch|p1a: Sandaconda|Sandaconda, L84, F|258/258\n|-damage|p1a: Sandaconda|242/258|[from] Stealth Rock\n|move|p2a: Golurk|Poltergeist|p1a: Sandaconda\n|-activate|p1a: Sandaconda|move: Poltergeist|Loaded Dice\n|-damage|p1a: Sandaconda|61/258\n|\n|upkeep\n|turn|17\n|\n|t:|1771224637\n|move|p1a: Sandaconda|Earthquake|p2a: Golurk\n|-damage|p2a: Golurk|168/297\n|move|p2a: Golurk|Poltergeist|p1a: Sandaconda\n|-activate|p1a: Sandaconda|move: Poltergeist|Loaded Dice\n|-damage|p1a: Sandaconda|0 fnt\n|faint|p1a: Sandaconda\n|\n|upkeep\n|inactive|ruchen has 120 seconds left.\n|\n|t:|1771224657\n|switch|p1a: Barraskewda|Barraskewda, L81, M|231/231\n|-damage|p1a: Barraskewda|203/231|[from] Stealth Rock\n|turn|18\n|\n|t:|1771224664\n|switch|p2a: Palossand|Palossand, L89, F, tera:Water|296/296\n|-damage|p2a: Palossand|259/296|[from] Stealth Rock\n|move|p1a: Barraskewda|Flip Turn|p2a: Palossand\n|-resisted|p2a: Palossand\n|-damage|p2a: Palossand|217/296\n|-ability|p2a: Palossand|Water Compaction|boost\n|-boost|p2a: Palossand|def|2\n|\n|t:|1771224672\n|switch|p1a: Tropius|Tropius, L91, F|328/328|[from] Flip Turn\n|-damage|p1a: Tropius|246/328|[from] Stealth Rock\n|\n|-heal|p2a: Palossand|235/296|[from] item: Leftovers\n|upkeep\n|turn|19\n|inactive|ruchen has 120 seconds left.\n|\n|t:|1771224687\n|switch|p2a: Altaria|Altaria, L89, F|278/278\n|move|p1a: Tropius|Dragon Dance|p1a: Tropius\n|-boost|p1a: Tropius|atk|1\n|-boost|p1a: Tropius|spe|1\n|\n|upkeep\n|turn|20\n|\n|t:|1771224696\n|-terastallize|p1a: Tropius|Ground\n|move|p1a: Tropius|Dragon Dance|p1a: Tropius\n|-boost|p1a: Tropius|atk|1\n|-boost|p1a: Tropius|spe|1\n|move|p2a: Altaria|Dragon Dance|p2a: Altaria\n|-boost|p2a: Altaria|atk|1\n|-boost|p2a: Altaria|spe|1\n|\n|upkeep\n|turn|21\n|\n|t:|1771224708\n|move|p1a: Tropius|Dual Wingbeat|p2a: Altaria\n|-damage|p2a: Altaria|209/278\n|-damage|p2a: Altaria|136/278\n|-hitcount|p2a: Altaria|2\n|move|p2a: Altaria|Dragon Dance|p2a: Altaria\n|-boost|p2a: Altaria|atk|1\n|-boost|p2a: Altaria|spe|1\n|\n|upkeep\n|turn|22\n|\n|t:|1771224719\n|move|p2a: Altaria|Roost|p2a: Altaria\n|-heal|p2a: Altaria|275/278\n|-singleturn|p2a: Altaria|move: Roost\n|move|p1a: Tropius|Dual Wingbeat|p2a: Altaria\n|-damage|p2a: Altaria|205/278\n|-damage|p2a: Altaria|130/278\n|-hitcount|p2a: Altaria|2\n|\n|upkeep\n|turn|23\n|\n|t:|1771224736\n|move|p2a: Altaria|Roost|p2a: Altaria\n|-heal|p2a: Altaria|269/278\n|-singleturn|p2a: Altaria|move: Roost\n|move|p1a: Tropius|Dragon Dance|p1a: Tropius\n|-boost|p1a: Tropius|atk|1\n|-boost|p1a: Tropius|spe|1\n|\n|upkeep\n|turn|24\n|\n|t:|1771224744\n|move|p2a: Altaria|Dragon Dance|p2a: Altaria\n|-boost|p2a: Altaria|atk|1\n|-boost|p2a: Altaria|spe|1\n|move|p1a: Tropius|Dual Wingbeat|p2a: Altaria\n|-damage|p2a: Altaria|178/278\n|-damage|p2a: Altaria|84/278\n|-hitcount|p2a: Altaria|2\n|\n|upkeep\n|turn|25\n|c|☆peanu1|gg\n|\n|t:|1771224752\n|move|p2a: Altaria|Brave Bird|p1a: Tropius\n|-damage|p1a: Tropius|0 fnt\n|faint|p1a: Tropius\n|-damage|p2a: Altaria|3/278|[from] Recoil\n|\n|upkeep\n|c|☆peanu1|i win\n|c|☆peanu1|u lose\n|\n|t:|1771224758\n|switch|p1a: Barraskewda|Barraskewda, L81, M|203/231\n|-damage|p1a: Barraskewda|175/231|[from] Stealth Rock\n|turn|26\n|c|☆peanu1|u got jet?\n|\n|t:|1771224767\n|move|p2a: Altaria|Earthquake|p1a: Barraskewda\n|-damage|p1a: Barraskewda|0 fnt\n|faint|p1a: Barraskewda\n|\n|upkeep\n|c|☆peanu1|xD\n|\n|t:|1771224771\n|switch|p1a: Zebstrika|Zebstrika, L87, F|238/272\n|-damage|p1a: Zebstrika|204/272|[from] Stealth Rock\n|turn|27\n|c|☆peanu1|brb\n|inactiveoff|Battle timer is now OFF.\n|c|☆peanu1|!dt ruchen\n'ruchen' has no exact match. Approximate match:\n|c|☆peanu1|/raw <div class=\"message\"><ul class=\"utilichart\"><li class=\"result\"><span class=\"col numcol\">Illegal</span> <span class=\"col iconcol\"><psicon pokemon=\"archen\"/></span> <span class=\"col pokemonnamecol\" style=\"white-space:nowrap\"><a href=\"https://dex.pokemonshowdown.com/pokemon/archen\" target=\"_blank\">Archen</a></span> <span class=\"col typecol\"><img src=\"https://play.pokemonshowdown.com/sprites/types/Rock.png\" alt=\"Rock\" height=\"14\" width=\"32\"><img src=\"https://play.pokemonshowdown.com/sprites/types/Flying.png\" alt=\"Flying\" height=\"14\" width=\"32\"></span> <span style=\"float:left;min-height:26px\"><span class=\"col abilitycol\">Defeatist</span><span class=\"col abilitycol\"></span></span><span style=\"float:left;min-height:26px\"><span class=\"col statcol\"><em>HP</em><br />55</span> <span class=\"col statcol\"><em>Atk</em><br />112</span> <span class=\"col statcol\"><em>Def</em><br />45</span> <span class=\"col statcol\"><em>SpA</em><br />74</span> <span class=\"col statcol\"><em>SpD</em><br />45</span> <span class=\"col statcol\"><em>Spe</em><br />70</span> <span class=\"col bstcol\"><em>BST<br />401</em></span> </span></li><li style=\"clear:both\"></li></ul></div>\n|c|☆peanu1|/raw <font size=\"1\"><font color=\"#686868\">Dex#:</font> 566&nbsp;|&ThickSpace;<font color=\"#686868\">Gen:</font> 5&nbsp;|&ThickSpace;<font color=\"#686868\">Height:</font> 0.5 m&nbsp;|&ThickSpace;<font color=\"#686868\">Weight:</font> 9.5 kg <em>(20 BP)</em>&nbsp;|&ThickSpace;<font color=\"#686868\">Dex Colour:</font> Yellow&nbsp;|&ThickSpace;<font color=\"#686868\">Egg Group(s):</font> Flying, Water 3&nbsp;|&ThickSpace;<font color=\"#686868\">Evolution:</font> Archeops (37)</font>\n\n|c|☆peanu1|holy\n|c|☆peanu1|oh youre a bot\n|inactive|Battle timer is ON: inactive players will automatically lose when time's up. (requested by peanu1)\n|\n|t:|1771225349\n|move|p2a: Altaria|Earthquake|p1a: Zebstrika\n|-supereffective|p1a: Zebstrika\n|-damage|p1a: Zebstrika|0 fnt\n|faint|p1a: Zebstrika\n|\n|win|peanu1\n|raw|ruchen's rating: 1841 &rarr; <strong>1827</strong><br />(-14 for losing)\n|raw|peanu1's rating: 1940 &rarr; <strong>1954</strong><br />(+14 for winning)\n|c|☆peanu1|wait what\n|c|☆peanu1|sorry i saw the 6.3k games and thought u were\n|c|☆peanu1|my bad!\n", "inputlog": ">version 686819e5e19f8a7fd2345cfc5a08a5085efa2cc3\n>start {\"formatid\":\"gen9randombattle\",\"seed\":\"sodium,39290c63189bc2e9b9dbdb6d474320aa\",\"rated\":\"Rated battle\"}\n>player p1 {\"name\":\"ruchen\",\"avatar\":\"101\",\"rating\":1841,\"seed\":\"sodium,93523add1be909fd2e2d8a69d9e6b861\"}\n>player p2 {\"name\":\"peanu1\",\"avatar\":\"1\",\"rating\":1940,\"seed\":\"sodium,95157cd4bf96fe7a23687b58855797ed\"}\n>p1 switch 4\n>p2 move strangesteam\n>p1 move bravebird\n>p2 move gunkshot\n>p2 switch 4\n>p1 move bravebird\n>p2 move shoreup\n>p1 switch 6\n>p1 move waterfall\n>p2 switch 2\n>p1 move waterfall\n>p2 move dragondance\n>p1 move waterfall\n>p2 move outrage\n>p2 switch 3\n>p1 switch 5\n>p2 move boomburst\n>p1 move stealthrock\n>p2 move calmmind\n>p1 move rapidspin\n>p2 move boomburst\n>p1 move bodypress\n>p2 move calmmind\n>p1 move ironhead\n>p2 move boomburst\n>p1 switch 5\n>p1 move waterfall\n>p2 move boomburst\n>p2 switch 2\n>p1 move waterfall\n>p2 move stealthrock terastallize\n>p1 switch 3\n>p2 move shoreup\n>p1 move voltswitch\n>p2 switch 5\n>p1 switch 4\n>p2 move poltergeist\n>p1 move earthquake\n>p2 move poltergeist\n>p1 switch 3\n>p1 move flipturn\n>p2 switch 5\n>p1 switch 2\n>p1 move dragondance\n>p2 switch 6\n>p1 move dragondance terastallize\n>p2 move dragondance\n>p1 move dualwingbeat\n>p2 move dragondance\n>p1 move dualwingbeat\n>p2 move roost\n>p1 move dragondance\n>p2 move roost\n>p1 move dualwingbeat\n>p2 move dragondance\n>chat ☆peanu1|gg\n>p1 move dualwingbeat\n>p2 move bravebird\n>chat ☆peanu1|i win\n>chat ☆peanu1|u lose\n>p1 switch 2\n>chat ☆peanu1|u got jet?\n>p1 move closecombat\n>p2 move earthquake\n>chat ☆peanu1|xD\n>p1 switch 4\n>chat ☆peanu1|brb\n>chat ☆peanu1|!dt ruchen\n>chat ☆peanu1|holy\n>chat ☆peanu1|oh youre a bot\n>p1 move supercellslam\n>p2 move earthquake", "uploadtime": 1771225379, "views": 13, "formatid": "gen9randombattle", "rating": 1827, "private": 0, "password": null}