{"id": "gen9randombattle-2540386056", "format": "[Gen 9] Random Battle", "players": ["MeAndTheBorthers", "RustySheriffBadge"], "log": "|j|☆MeAndTheBorthers\n|j|☆RustySheriffBadge\n|t:|1771195729\n|gametype|singles\n|player|p1|MeAndTheBorthers|iris-gen5bw2|1784\n|player|p2|RustySheriffBadge|#rsb|1811\n|gen|9\n|tier|[Gen 9] Random Battle\n|rated|\n|rule|Species Clause: Limit one of each Pokémon\n|rule|HP Percentage Mod: HP is shown in percentages\n|rule|Sleep Clause Mod: Limit one foe put to sleep\n|rule|Illusion Level Mod: Illusion disguises the Pokémon's true level\n|\n|t:|1771195729\n|teamsize|p1|6\n|teamsize|p2|6\n|start\n|switch|p1a: Wigglytuff|Wigglytuff, L96, M|424/424\n|switch|p2a: Crawdaunt|Crawdaunt, L84, M|243/243\n|turn|1\n|inactive|Battle timer is ON: inactive players will automatically lose when time's up. (requested by MeAndTheBorthers)\n|\n|t:|1771195743\n|switch|p2a: Sandaconda|Sandaconda, L84, M|258/258\n|move|p1a: Wigglytuff|Thunder Wave|p2a: Sandaconda\n|-immune|p2a: Sandaconda\n|\n|upkeep\n|turn|2\n|\n|t:|1771195747\n|move|p2a: Sandaconda|Stealth Rock|p1a: Wigglytuff\n|-sidestart|p1: MeAndTheBorthers|move: Stealth Rock\n|move|p1a: Wigglytuff|Dazzling Gleam|p2a: Sandaconda\n|-damage|p2a: Sandaconda|143/258\n|\n|-heal|p2a: Sandaconda|159/258|[from] item: Leftovers\n|upkeep\n|turn|3\n|\n|t:|1771195758\n|move|p2a: Sandaconda|Glare|p1a: Wigglytuff\n|-status|p1a: Wigglytuff|par\n|cant|p1a: Wigglytuff|par\n|\n|-heal|p2a: Sandaconda|175/258|[from] item: Leftovers\n|upkeep\n|turn|4\n|\n|t:|1771195763\n|move|p2a: Sandaconda|Earthquake|p1a: Wigglytuff\n|-damage|p1a: Wigglytuff|256/424 par\n|cant|p1a: Wigglytuff|par\n|\n|-heal|p2a: Sandaconda|191/258|[from] item: Leftovers\n|-heal|p1a: Wigglytuff|282/424 par|[from] item: Leftovers\n|upkeep\n|turn|5\n|\n|t:|1771195766\n|move|p2a: Sandaconda|Earthquake|p1a: Wigglytuff\n|-damage|p1a: Wigglytuff|114/424 par\n|move|p1a: Wigglytuff|Wish|p1a: Wigglytuff\n|\n|-heal|p2a: Sandaconda|207/258|[from] item: Leftovers\n|-heal|p1a: Wigglytuff|140/424 par|[from] item: Leftovers\n|upkeep\n|turn|6\n|\n|t:|1771195777\n|switch|p1a: Vespiquen|Vespiquen, L99, F|299/299\n|-ability|p1a: Vespiquen|Pressure\n|move|p2a: Sandaconda|Earthquake|p1a: Vespiquen\n|-immune|p1a: Vespiquen\n|\n|-heal|p2a: Sandaconda|223/258|[from] item: Leftovers\n|upkeep\n|turn|7\n|\n|t:|1771195783\n|move|p2a: Sandaconda|Stone Edge|p1a: Vespiquen\n|-supereffective|p1a: Vespiquen\n|-damage|p1a: Vespiquen|59/299\n|move|p1a: Vespiquen|Spikes|p2a: Sandaconda\n|-sidestart|p2: RustySheriffBadge|Spikes\n|\n|-heal|p2a: Sandaconda|239/258|[from] item: Leftovers\n|upkeep\n|turn|8\n|\n|t:|1771195791\n|move|p2a: Sandaconda|Stone Edge|p1a: Vespiquen\n|-supereffective|p1a: Vespiquen\n|-damage|p1a: Vespiquen|0 fnt\n|faint|p1a: Vespiquen\n|\n|-heal|p2a: Sandaconda|255/258|[from] item: Leftovers\n|upkeep\n|\n|t:|1771195794\n|switch|p1a: Inteleon|Inteleon, L81, M|246/246\n|-damage|p1a: Inteleon|216/246|[from] Stealth Rock\n|turn|9\n|\n|t:|1771195802\n|move|p1a: Inteleon|Scald|p2a: Sandaconda\n|-supereffective|p2a: Sandaconda\n|-damage|p2a: Sandaconda|0 fnt\n|faint|p2a: Sandaconda\n|\n|upkeep\n|\n|t:|1771195806\n|switch|p2a: Crawdaunt|Crawdaunt, L84, M|243/243\n|-damage|p2a: Crawdaunt|213/243|[from] Spikes\n|turn|10\n|\n|t:|1771195813\n|switch|p1a: Wigglytuff|Wigglytuff, L96, M|140/424 par\n|-damage|p1a: Wigglytuff|87/424 par|[from] Stealth Rock\n|move|p2a: Crawdaunt|Dragon Dance|p2a: Crawdaunt\n|-boost|p2a: Crawdaunt|atk|1\n|-boost|p2a: Crawdaunt|spe|1\n|\n|-heal|p1a: Wigglytuff|113/424 par|[from] item: Leftovers\n|upkeep\n|turn|11\n|\n|t:|1771195817\n|move|p1a: Wigglytuff|Protect|p1a: Wigglytuff\n|-singleturn|p1a: Wigglytuff|Protect\n|move|p2a: Crawdaunt|Knock Off|p1a: Wigglytuff\n|-activate|p1a: Wigglytuff|move: Protect\n|\n|-heal|p1a: Wigglytuff|139/424 par|[from] item: Leftovers\n|upkeep\n|turn|12\n|\n|t:|1771195824\n|move|p2a: Crawdaunt|Crabhammer|p1a: Wigglytuff\n|-damage|p1a: Wigglytuff|0 fnt\n|faint|p1a: Wigglytuff\n|-damage|p2a: Crawdaunt|189/243|[from] item: Life Orb\n|\n|upkeep\n|\n|t:|1771195837\n|switch|p1a: Zacian|Zacian, L69|241/241\n|-damage|p1a: Zacian|211/241|[from] Stealth Rock\n|-ability|p1a: Zacian|Intrepid Sword|boost\n|-boost|p1a: Zacian|atk|1\n|turn|13\n|inactive|RustySheriffBadge has 120 seconds left.\n|\n|t:|1771195868\n|-terastallize|p2a: Crawdaunt|Water\n|move|p1a: Zacian|Play Rough|p2a: Crawdaunt\n|-damage|p2a: Crawdaunt|40/243\n|-damage|p1a: Zacian|187/241|[from] item: Life Orb\n|move|p2a: Crawdaunt|Dragon Dance|p2a: Crawdaunt\n|-boost|p2a: Crawdaunt|atk|1\n|-boost|p2a: Crawdaunt|spe|1\n|\n|upkeep\n|turn|14\n|\n|t:|1771195889\n|move|p2a: Crawdaunt|Crabhammer|p1a: Zacian\n|-damage|p1a: Zacian|0 fnt\n|faint|p1a: Zacian\n|-damage|p2a: Crawdaunt|16/243|[from] item: Life Orb\n|\n|upkeep\n|\n|t:|1771195894\n|switch|p1a: Inteleon|Inteleon, L81, M|216/246\n|-damage|p1a: Inteleon|186/246|[from] Stealth Rock\n|turn|15\n|\n|t:|1771195897\n|move|p2a: Crawdaunt|Knock Off|p1a: Inteleon\n|-damage|p1a: Inteleon|0 fnt\n|-enditem|p1a: Inteleon|Choice Specs|[from] move: Knock Off|[of] p2a: Crawdaunt\n|faint|p1a: Inteleon\n|-damage|p2a: Crawdaunt|0 fnt|[from] item: Life Orb\n|faint|p2a: Crawdaunt\n|\n|upkeep\n|\n|t:|1771195902\n|switch|p1a: Hitmonlee|Hitmonlee, L85, M|224/224\n|switch|p2a: Blastoise|Blastoise, L80, M|258/258\n|-damage|p1a: Hitmonlee|210/224|[from] Stealth Rock\n|-damage|p2a: Blastoise|226/258|[from] Spikes\n|turn|16\n|\n|t:|1771195921\n|move|p1a: Hitmonlee|Close Combat|p2a: Blastoise\n|-damage|p2a: Blastoise|75/258\n|-unboost|p1a: Hitmonlee|def|1\n|-unboost|p1a: Hitmonlee|spd|1\n|-enditem|p1a: Hitmonlee|White Herb\n|-clearnegativeboost|p1a: Hitmonlee|[silent]\n|move|p2a: Blastoise|Hydro Pump|p1a: Hitmonlee\n|-damage|p1a: Hitmonlee|90/224\n|\n|upkeep\n|turn|17\n|\n|t:|1771195930\n|move|p1a: Hitmonlee|Knock Off|p2a: Blastoise\n|-damage|p2a: Blastoise|0 fnt\n|-enditem|p2a: Blastoise|White Herb|[from] move: Knock Off|[of] p1a: Hitmonlee\n|faint|p2a: Blastoise\n|\n|upkeep\n|\n|t:|1771195932\n|switch|p2a: Rillaboom|Rillaboom, L79, M|288/288\n|-damage|p2a: Rillaboom|252/288|[from] Spikes\n|-fieldstart|move: Grassy Terrain|[from] ability: Grassy Surge|[of] p2a: Rillaboom\n|turn|18\n|\n|t:|1771195944\n|move|p2a: Rillaboom|Grassy Glide|p1a: Hitmonlee\n|-damage|p1a: Hitmonlee|0 fnt\n|faint|p1a: Hitmonlee\n|\n|-heal|p2a: Rillaboom|270/288|[from] Grassy Terrain\n|upkeep\n|\n|t:|1771195946\n|switch|p1a: Illumise|Illumise, L91, F|266/266\n|turn|19\n|\n|t:|1771195950\n|move|p1a: Illumise|Thunder Wave|p2a: Rillaboom\n|-status|p2a: Rillaboom|par\n|move|p2a: Rillaboom|Grassy Glide|p1a: Illumise\n|-resisted|p1a: Illumise\n|-damage|p1a: Illumise|197/266\n|\n|-heal|p1a: Illumise|213/266|[from] Grassy Terrain\n|-heal|p2a: Rillaboom|288/288 par|[from] Grassy Terrain\n|upkeep\n|turn|20\n|\n|t:|1771195955\n|cant|p2a: Rillaboom|par\n|move|p1a: Illumise|Bug Buzz|p2a: Rillaboom\n|-supereffective|p2a: Rillaboom\n|-damage|p2a: Rillaboom|52/288 par\n|\n|-heal|p1a: Illumise|229/266|[from] Grassy Terrain\n|-heal|p2a: Rillaboom|70/288 par|[from] Grassy Terrain\n|upkeep\n|turn|21\n|\n|t:|1771195960\n|cant|p2a: Rillaboom|par\n|move|p1a: Illumise|Bug Buzz|p2a: Rillaboom\n|-supereffective|p2a: Rillaboom\n|-damage|p2a: Rillaboom|0 fnt\n|faint|p2a: Rillaboom\n|\n|-heal|p1a: Illumise|245/266|[from] Grassy Terrain\n|upkeep\n|\n|t:|1771195963\n|switch|p2a: Glastrier|Glastrier, L86|311/311\n|-damage|p2a: Glastrier|273/311|[from] Spikes\n|turn|22\n|\n|t:|1771195970\n|move|p1a: Illumise|Thunder Wave|p2a: Glastrier\n|-status|p2a: Glastrier|par\n|move|p2a: Glastrier|Icicle Crash|p1a: Illumise\n|-damage|p1a: Illumise|47/266\n|\n|-heal|p1a: Illumise|63/266|[from] Grassy Terrain\n|-heal|p2a: Glastrier|292/311 par|[from] Grassy Terrain\n|-fieldend|move: Grassy Terrain\n|upkeep\n|turn|23\n|\n|t:|1771195980\n|-terastallize|p1a: Illumise|Steel\n|move|p1a: Illumise|Roost|p1a: Illumise\n|-heal|p1a: Illumise|196/266\n|move|p2a: Glastrier|Icicle Crash|p1a: Illumise\n|-resisted|p1a: Illumise\n|-damage|p1a: Illumise|97/266\n|\n|upkeep\n|turn|24\n|\n|t:|1771195992\n|switch|p2a: Abomasnow|Abomasnow, L84, F|287/287\n|-damage|p2a: Abomasnow|252/287|[from] Spikes\n|-weather|Snowscape|[from] ability: Snow Warning|[of] p2a: Abomasnow\n|move|p1a: Illumise|Encore||[still]\n|-fail|p1a: Illumise\n|\n|-weather|Snowscape|[upkeep]\n|upkeep\n|turn|25\n|\n|t:|1771196018\n|move|p1a: Illumise|Bug Buzz|p2a: Abomasnow\n|-supereffective|p2a: Abomasnow\n|-damage|p2a: Abomasnow|76/287\n|move|p2a: Abomasnow|Earthquake|p1a: Illumise\n|-supereffective|p1a: Illumise\n|-damage|p1a: Illumise|0 fnt\n|faint|p1a: Illumise\n|\n|win|RustySheriffBadge\n|raw|MeAndTheBorthers's rating: 1784 &rarr; <strong>1766</strong><br />(-18 for losing)\n|raw|RustySheriffBadge's rating: 1811 &rarr; <strong>1829</strong><br />(+18 for winning)\n", "inputlog": ">version 686819e5e19f8a7fd2345cfc5a08a5085efa2cc3\n>start {\"formatid\":\"gen9randombattle\",\"seed\":\"sodium,b3e0c8f080788952454d84b069fd1a95\",\"rated\":\"Rated battle\"}\n>player p1 {\"name\":\"MeAndTheBorthers\",\"avatar\":\"iris-gen5bw2\",\"rating\":1784,\"seed\":\"sodium,1e549489676c65ce9373abb6f29886a4\"}\n>player p2 {\"name\":\"RustySheriffBadge\",\"avatar\":\"#rsb\",\"rating\":1811,\"seed\":\"sodium,dac502d75e5fd780c8ddd220d4a76598\"}\n>p1 move thunderwave\n>p2 switch 6\n>p1 move dazzlinggleam\n>p2 move stealthrock\n>p1 move dazzlinggleam\n>p2 move glare\n>p1 move dazzlinggleam\n>p2 move earthquake\n>p1 move wish\n>p2 move earthquake\n>p1 switch 4\n>p2 move earthquake\n>p1 move spikes\n>p2 move stoneedge\n>p1 move spikes\n>p2 move stoneedge\n>p1 switch 6\n>p1 move scald\n>p2 move earthquake\n>p2 switch 6\n>p1 switch 4\n>p2 move dragondance\n>p1 move protect\n>p2 move knockoff\n>p1 move thunderwave\n>p2 move crabhammer\n>p1 switch 2\n>p1 move playrough\n>p2 move dragondance terastallize\n>p1 move playrough\n>p2 move crabhammer\n>p1 switch 4\n>p1 move uturn\n>p2 move knockoff\n>p1 switch 5\n>p2 switch 5\n>p1 move closecombat\n>p2 move hydropump\n>p1 move knockoff\n>p2 move hydropump\n>p2 switch 4\n>p1 move poisonjab\n>p2 move grassyglide\n>p1 switch 3\n>p1 move thunderwave\n>p2 move grassyglide\n>p1 move bugbuzz\n>p2 move grassyglide\n>p1 move bugbuzz\n>p2 move grassyglide\n>p2 switch 3\n>p1 move thunderwave\n>p2 move iciclecrash\n>p1 move roost terastallize\n>p2 move iciclecrash\n>p1 move encore\n>p2 switch 2\n>p1 move bugbuzz\n>p2 move earthquake", "uploadtime": 1771196019, "views": 9, "formatid": "gen9randombattle", "rating": 1766, "private": 0, "password": null}