{"id": "gen9randombattle-2540531859", "format": "[Gen 9] Random Battle", "players": ["milkreo", "Branden Kim dokjaa"], "log": "|badge|p1|silver|gen9randombattle|30-8\n|uhtml|medal-msg|<div class=\"broadcast-blue\">Curious what those medals under the avatar are? PS now has Ladder Seasons! For more information, check out the <a href=\"https://www.smogon.com/forums/threads/3740067/\">thread on Smogon.</a></div>\n|j|☆milkreo\n|j|☆Branden Kim dokjaa\n|t:|1771213950\n|gametype|singles\n|player|p1|milkreo|101|2418\n|player|p2|Branden Kim dokjaa|169|2386\n|gen|9\n|tier|[Gen 9] Random Battle\n|rated|\n|rule|Species Clause: Limit one of each Pokémon\n|rule|HP Percentage Mod: HP is shown in percentages\n|rule|Sleep Clause Mod: Limit one foe put to sleep\n|rule|Illusion Level Mod: Illusion disguises the Pokémon's true level\n|\n|t:|1771213950\n|teamsize|p1|6\n|teamsize|p2|6\n|start\n|switch|p1a: Flutter Mane|Flutter Mane, L74|203/203\n|switch|p2a: Tatsugiri|Tatsugiri, L87, F|260/260\n|turn|1\n|inactive|Battle timer is ON: inactive players will automatically lose when time's up. (requested by Branden Kim dokjaa)\n|l|☆milkreo\n|inactive|milkreo disconnected and has a minute to reconnect!\n|player|p1|\n|\n|t:|1771213964\n|switch|p2a: Delphox|Delphox, L84, F|263/263\n|move|p1a: Flutter Mane|Moonblast|p2a: Delphox\n|-resisted|p2a: Delphox\n|-damage|p2a: Delphox|208/263\n|-damage|p1a: Flutter Mane|183/203|[from] item: Life Orb\n|\n|upkeep\n|turn|2\n|j|☆milkreo\n|inactive|milkreo reconnected and has 150 seconds left.\n|player|p1|milkreo|101|\n|\n|t:|1771213987\n|switch|p2a: Vaporeon|Vaporeon, L86, F|364/364\n|move|p1a: Flutter Mane|Shadow Ball|p2a: Vaporeon\n|-damage|p2a: Vaporeon|257/364\n|-damage|p1a: Flutter Mane|163/203|[from] item: Life Orb\n|\n|-heal|p2a: Vaporeon|279/364|[from] item: Leftovers\n|upkeep\n|turn|3\n|\n|t:|1771213996\n|-end|p1a: Flutter Mane|Protosynthesis|[silent]\n|switch|p1a: Ogerpon|Ogerpon-Wellspring, L76, F|247/247\n|move|p2a: Vaporeon|Wish|p2a: Vaporeon\n|\n|-heal|p2a: Vaporeon|301/364|[from] item: Leftovers\n|upkeep\n|turn|4\n|\n|t:|1771214005\n|move|p1a: Ogerpon|Swords Dance|p1a: Ogerpon\n|-boost|p1a: Ogerpon|atk|2\n|move|p2a: Vaporeon|Roar|p1a: Ogerpon\n|drag|p1a: Smeargle|Smeargle, L95, F|258/258\n|\n|-heal|p2a: Vaporeon|364/364|[from] move: Wish|[wisher] Vaporeon\n|upkeep\n|turn|5\n|j| pphuh\n|\n|t:|1771214009\n|move|p1a: Smeargle|Spore|p2a: Vaporeon\n|-status|p2a: Vaporeon|slp|[from] move: Spore\n|cant|p2a: Vaporeon|slp\n|\n|upkeep\n|turn|6\n|\n|t:|1771214025\n|switch|p2a: Arceus|Arceus-Flying, L69|279/279\n|move|p1a: Smeargle|Stealth Rock|p2a: Arceus\n|-sidestart|p2: Branden Kim dokjaa|move: Stealth Rock\n|\n|upkeep\n|turn|7\n|inactive|milkreo has 120 seconds left.\n|\n|t:|1771214054\n|move|p2a: Arceus|Calm Mind|p2a: Arceus\n|-boost|p2a: Arceus|spa|1\n|-boost|p2a: Arceus|spd|1\n|move|p1a: Smeargle|Ceaseless Edge|p2a: Arceus\n|-damage|p2a: Arceus|256/279\n|-sidestart|p2: Branden Kim dokjaa|Spikes\n|\n|upkeep\n|turn|8\n|\n|t:|1771214057\n|move|p2a: Arceus|Calm Mind|p2a: Arceus\n|-boost|p2a: Arceus|spa|1\n|-boost|p2a: Arceus|spd|1\n|move|p1a: Smeargle|Sticky Web|p2a: Arceus\n|-sidestart|p2: Branden Kim dokjaa|move: Sticky Web\n|\n|upkeep\n|turn|9\n|\n|t:|1771214060\n|move|p2a: Arceus|Calm Mind|p2a: Arceus\n|-boost|p2a: Arceus|spa|1\n|-boost|p2a: Arceus|spd|1\n|move|p1a: Smeargle|Ceaseless Edge|p2a: Arceus\n|-damage|p2a: Arceus|232/279\n|-sidestart|p2: Branden Kim dokjaa|Spikes\n|\n|upkeep\n|turn|10\n|\n|t:|1771214062\n|move|p2a: Arceus|Judgment|p1a: Smeargle\n|-enditem|p1a: Smeargle|Focus Sash\n|-damage|p1a: Smeargle|1/258\n|move|p1a: Smeargle|Ceaseless Edge|p2a: Arceus\n|-damage|p2a: Arceus|208/279\n|-sidestart|p2: Branden Kim dokjaa|Spikes\n|\n|upkeep\n|turn|11\n|\n|t:|1771214065\n|move|p2a: Arceus|Recover|p2a: Arceus\n|-heal|p2a: Arceus|279/279\n|move|p1a: Smeargle|Ceaseless Edge|p2a: Arceus\n|-damage|p2a: Arceus|258/279\n|\n|upkeep\n|turn|12\n|\n|t:|1771214071\n|move|p2a: Arceus|Calm Mind|p2a: Arceus\n|-boost|p2a: Arceus|spa|1\n|-boost|p2a: Arceus|spd|1\n|move|p1a: Smeargle|Ceaseless Edge|p2a: Arceus\n|-damage|p2a: Arceus|235/279\n|\n|upkeep\n|turn|13\n|\n|t:|1771214074\n|move|p2a: Arceus|Judgment|p1a: Smeargle\n|-damage|p1a: Smeargle|0 fnt\n|faint|p1a: Smeargle\n|\n|upkeep\n|\n|t:|1771214085\n|switch|p1a: Charizard|Charizard, L85, F|271/271\n|turn|14\n|\n|t:|1771214089\n|move|p1a: Charizard|Flare Blitz|p2a: Arceus\n|-damage|p2a: Arceus|121/279\n|-damage|p1a: Charizard|233/271|[from] Recoil\n|move|p2a: Arceus|Judgment|p1a: Charizard\n|-damage|p1a: Charizard|0 fnt\n|faint|p1a: Charizard\n|\n|upkeep\n|\n|t:|1771214093\n|switch|p1a: Ogerpon|Ogerpon-Wellspring, L76, F|247/247\n|turn|15\n|inactive|milkreo has 120 seconds left.\n|\n|t:|1771214135\n|switch|p2a: Tatsugiri|Tatsugiri, L87, F|260/260\n|-terastallize|p1a: Ogerpon|Water\n|detailschange|p1a: Ogerpon|Ogerpon-Wellspring-Tera, L76, F, tera:Water\n|-ability|p1a: Ogerpon|Embody Aspect (Wellspring)|boost\n|-boost|p1a: Ogerpon|spd|1\n|move|p1a: Ogerpon|Ivy Cudgel|p2a: Tatsugiri|[anim] Ivy Cudgel Water\n|-ability|p2a: Tatsugiri|Storm Drain|boost\n|-boost|p2a: Tatsugiri|spa|1\n|\n|upkeep\n|turn|16\n|\n|t:|1771214145\n|switch|p1a: Flutter Mane|Flutter Mane, L74|163/203\n|move|p2a: Tatsugiri|Rapid Spin|p1a: Flutter Mane\n|-immune|p1a: Flutter Mane\n|\n|upkeep\n|turn|17\n|inactive|milkreo has 120 seconds left.\n|\n|t:|1771214161\n|-terastallize|p2a: Tatsugiri|Water\n|move|p1a: Flutter Mane|Calm Mind|p1a: Flutter Mane\n|-boost|p1a: Flutter Mane|spa|1\n|-boost|p1a: Flutter Mane|spd|1\n|move|p2a: Tatsugiri|Surf|p1a: Flutter Mane\n|-damage|p1a: Flutter Mane|39/203\n|\n|upkeep\n|turn|18\n|\n|t:|1771214176\n|switch|p2a: Vaporeon|Vaporeon, L86, F|364/364 slp\n|-damage|p2a: Vaporeon|319/364 slp|[from] Stealth Rock\n|-damage|p2a: Vaporeon|228/364 slp|[from] Spikes\n|-activate|p2a: Vaporeon|move: Sticky Web\n|-unboost|p2a: Vaporeon|spe|1\n|move|p1a: Flutter Mane|Thunderbolt|p2a: Vaporeon\n|-supereffective|p2a: Vaporeon\n|-damage|p2a: Vaporeon|2/364 slp\n|-damage|p1a: Flutter Mane|19/203|[from] item: Life Orb\n|\n|-heal|p2a: Vaporeon|24/364 slp|[from] item: Leftovers\n|upkeep\n|turn|19\n|inactive|milkreo has 120 seconds left.\n|\n|t:|1771214195\n|-curestatus|p2a: Vaporeon|slp|[msg]\n|move|p2a: Vaporeon|Protect|p2a: Vaporeon\n|-singleturn|p2a: Vaporeon|Protect\n|move|p1a: Flutter Mane|Moonblast|p2a: Vaporeon\n|-activate|p2a: Vaporeon|move: Protect\n|\n|-heal|p2a: Vaporeon|46/364|[from] item: Leftovers\n|upkeep\n|turn|20\n|\n|t:|1771214201\n|move|p2a: Vaporeon|Protect||[still]\n|-fail|p2a: Vaporeon\n|move|p1a: Flutter Mane|Shadow Ball|p2a: Vaporeon\n|-damage|p2a: Vaporeon|0 fnt\n|faint|p2a: Vaporeon\n|-damage|p1a: Flutter Mane|0 fnt|[from] item: Life Orb\n|faint|p1a: Flutter Mane\n|-end|p1a: Flutter Mane|Protosynthesis|[silent]\n|\n|upkeep\n|inactive|Branden Kim dokjaa has 120 seconds left.\n|\n|t:|1771214240\n|switch|p1a: Ogerpon|Ogerpon-Wellspring-Tera, L76, F, tera:Water|247/247\n|switch|p2a: Regidrago|Regidrago, L77|435/435\n|-ability|p1a: Ogerpon|Embody Aspect (Wellspring)|boost\n|-boost|p1a: Ogerpon|spd|1\n|-damage|p2a: Regidrago|381/435|[from] Stealth Rock\n|-damage|p2a: Regidrago|273/435|[from] Spikes\n|-activate|p2a: Regidrago|move: Sticky Web\n|-unboost|p2a: Regidrago|spe|1\n|turn|21\n|inactive|milkreo has 120 seconds left.\n|inactive|milkreo has 90 seconds left.\n|\n|t:|1771214297\n|switch|p1a: Duraludon|Duraludon, L82, F|249/249\n|move|p2a: Regidrago|Outrage|p1a: Duraludon\n|-damage|p1a: Duraludon|155/249\n|\n|upkeep\n|turn|22\n|inactive|milkreo has 90 seconds left.\n|\n|t:|1771214325\n|move|p1a: Duraludon|Iron Defense|p1a: Duraludon\n|-boost|p1a: Duraludon|def|2\n|move|p2a: Regidrago|Outrage|p1a: Duraludon|[from] lockedmove\n|-crit|p1a: Duraludon\n|-damage|p1a: Duraludon|19/249\n|\n|upkeep\n|turn|23\n|\n|t:|1771214329\n|move|p1a: Duraludon|Body Press|p2a: Regidrago\n|-damage|p2a: Regidrago|76/435\n|move|p2a: Regidrago|Outrage|p1a: Duraludon|[from] lockedmove\n|-damage|p1a: Duraludon|0 fnt\n|faint|p1a: Duraludon\n|-start|p2a: Regidrago|confusion|[fatigue]\n|-enditem|p2a: Regidrago|Lum Berry|[eat]\n|-end|p2a: Regidrago|confusion\n|\n|upkeep\n|\n|t:|1771214331\n|switch|p1a: Ogerpon|Ogerpon-Wellspring-Tera, L76, F, tera:Water|247/247\n|-ability|p1a: Ogerpon|Embody Aspect (Wellspring)|boost\n|-boost|p1a: Ogerpon|spd|1\n|turn|24\n|\n|t:|1771214336\n|move|p1a: Ogerpon|Ivy Cudgel|p2a: Regidrago|[anim] Ivy Cudgel Water\n|-resisted|p2a: Regidrago\n|-damage|p2a: Regidrago|0 fnt\n|faint|p2a: Regidrago\n|\n|upkeep\n|\n|t:|1771214340\n|switch|p2a: Tatsugiri|Tatsugiri, L87, F, tera:Water|260/260\n|turn|25\n|\n|t:|1771214342\n|move|p1a: Ogerpon|Swords Dance|p1a: Ogerpon\n|-boost|p1a: Ogerpon|atk|2\n|move|p2a: Tatsugiri|Rapid Spin|p1a: Ogerpon\n|-damage|p1a: Ogerpon|220/247\n|-boost|p2a: Tatsugiri|spe|1\n|-sideend|p2: Branden Kim dokjaa|Spikes|[from] move: Rapid Spin|[of] p2a: Tatsugiri\n|-sideend|p2: Branden Kim dokjaa|Stealth Rock|[from] move: Rapid Spin|[of] p2a: Tatsugiri\n|-sideend|p2: Branden Kim dokjaa|Sticky Web|[from] move: Rapid Spin|[of] p2a: Tatsugiri\n|\n|upkeep\n|turn|26\n|\n|t:|1771214350\n|move|p2a: Tatsugiri|Draco Meteor|p1a: Ogerpon|[miss]\n|-miss|p2a: Tatsugiri|p1a: Ogerpon\n|move|p1a: Ogerpon|Horn Leech|p2a: Tatsugiri\n|-supereffective|p2a: Tatsugiri\n|-damage|p2a: Tatsugiri|0 fnt\n|-heal|p1a: Ogerpon|247/247|[from] drain|[of] p2a: Tatsugiri\n|faint|p2a: Tatsugiri\n|\n|upkeep\n|\n|t:|1771214361\n|switch|p2a: Delphox|Delphox, L84, F|208/263\n|turn|27\n|\n|t:|1771214363\n|move|p2a: Delphox|Psyshock|p1a: Ogerpon\n|-damage|p1a: Ogerpon|136/247\n|move|p1a: Ogerpon|Ivy Cudgel|p2a: Delphox|[anim] Ivy Cudgel Water\n|-supereffective|p2a: Delphox\n|-damage|p2a: Delphox|0 fnt\n|faint|p2a: Delphox\n|\n|upkeep\n|\n|t:|1771214366\n|switch|p2a: Espeon|Espeon, L84, F|246/246\n|turn|28\n|\n|t:|1771214370\n|move|p2a: Espeon|Psychic|p1a: Ogerpon\n|-damage|p1a: Ogerpon|6/247\n|move|p1a: Ogerpon|Ivy Cudgel|p2a: Espeon|[anim] Ivy Cudgel Water\n|-damage|p2a: Espeon|0 fnt\n|faint|p2a: Espeon\n|\n|upkeep\n|\n|t:|1771214375\n|switch|p2a: Arceus|Arceus-Flying, L69|121/279\n|turn|29\n|\n|t:|1771214378\n|move|p1a: Ogerpon|Ivy Cudgel|p2a: Arceus|[anim] Ivy Cudgel Water\n|-damage|p2a: Arceus|0 fnt\n|faint|p2a: Arceus\n|\n|win|milkreo\n|raw|milkreo's rating: 2418 &rarr; <strong>2436</strong><br />(+18 for winning)\n|raw|Branden Kim dokjaa's rating: 2386 &rarr; <strong>2368</strong><br />(-18 for losing)\n|c|☆Branden Kim dokjaa|actually tragic\n|l|☆milkreo\n|player|p1|\n|j|☆milkreo\n|player|p1|milkreo|101|\n|c|☆Branden Kim dokjaa|ahhhhhhhh\n|l|☆milkreo\n|player|p1|\n|c|☆Branden Kim dokjaa|what was your last\n", "inputlog": ">version 686819e5e19f8a7fd2345cfc5a08a5085efa2cc3\n>start {\"formatid\":\"gen9randombattle\",\"seed\":\"sodium,89ca9c8d72237b45a0bddd731965d2db\",\"rated\":\"Rated battle\"}\n>player p1 {\"name\":\"milkreo\",\"avatar\":\"101\",\"rating\":2418,\"seed\":\"sodium,011ceb1aff613b0ef1882b3f30ff87f0\"}\n>player p2 {\"name\":\"Branden Kim dokjaa\",\"avatar\":\"169\",\"rating\":2386,\"seed\":\"sodium,9b439969e8b4364ce216c5fb39504ea5\"}\n>p1 move moonblast\n>p2 switch 5\n>p1 move shadowball\n>p2 switch 2\n>p1 switch 5\n>p2 move wish\n>p1 move swordsdance\n>p2 move roar\n>p1 move spore\n>p2 move scald\n>p1 move stealthrock\n>p2 switch 3\n>p1 move ceaselessedge\n>p2 move calmmind\n>p1 move stickyweb\n>p2 move calmmind\n>p1 move ceaselessedge\n>p2 move calmmind\n>p1 move ceaselessedge\n>p2 move judgment\n>p1 move ceaselessedge\n>p2 move recover\n>p1 move ceaselessedge\n>p2 move calmmind\n>p1 move ceaselessedge\n>p2 move judgment\n>p1 switch 6\n>p1 move flareblitz\n>p2 move judgment\n>p1 switch 2\n>p1 move ivycudgel terastallize\n>p2 switch 5\n>p1 switch 5\n>p2 move rapidspin\n>p1 move calmmind\n>p2 move surf terastallize\n>p1 move thunderbolt\n>p2 switch 3\n>p1 move moonblast\n>p2 move protect\n>p1 move shadowball\n>p2 move protect\n>p1 switch 5\n>p2 switch 4\n>p1 switch 3\n>p2 move outrage\n>p1 move irondefense\n>p2 move outrage\n>p1 move bodypress\n>p2 move outrage\n>p1 switch 3\n>p1 move ivycudgel\n>p2 move outrage\n>p2 switch 3\n>p1 move swordsdance\n>p2 move rapidspin\n>p1 move hornleech\n>p2 move dracometeor\n>p2 switch 2\n>p1 move ivycudgel\n>p2 move psyshock\n>p2 switch 6\n>p1 move ivycudgel\n>p2 move psychic\n>p2 switch 5\n>p1 move ivycudgel\n>p2 move judgment", "uploadtime": 1771214418, "views": 20, "formatid": "gen9randombattle", "rating": 2368, "private": 0, "password": null}