{"id": "gen9randombattle-2540715225", "format": "[Gen 9] Random Battle", "players": ["Micael Lopes", "sj777"], "log": "|j|☆Micael Lopes\n|j|☆sj777\n|t:|1771244790\n|gametype|singles\n|player|p1|Micael Lopes|benga|1851\n|player|p2|sj777|266|1900\n|gen|9\n|tier|[Gen 9] Random Battle\n|rated|\n|rule|Species Clause: Limit one of each Pokémon\n|rule|HP Percentage Mod: HP is shown in percentages\n|rule|Sleep Clause Mod: Limit one foe put to sleep\n|rule|Illusion Level Mod: Illusion disguises the Pokémon's true level\n|\n|t:|1771244790\n|teamsize|p1|6\n|teamsize|p2|6\n|start\n|switch|p1a: Cinderace|Cinderace, L77, F|249/249\n|switch|p2a: Ho-Oh|Ho-Oh, L71|268/268\n|turn|1\n|inactive|Battle timer is ON: inactive players will automatically lose when time's up. (requested by Micael Lopes)\n|inactive|sj777 has 120 seconds left.\n|\n|t:|1771244832\n|switch|p1a: Overqwil|Overqwil, L82, F|274/274\n|-ability|p1a: Overqwil|Intimidate|boost\n|-unboost|p2a: Ho-Oh|atk|1\n|move|p2a: Ho-Oh|Earthquake|p1a: Overqwil\n|-supereffective|p1a: Overqwil\n|-damage|p1a: Overqwil|190/274\n|\n|upkeep\n|turn|2\n|\n|t:|1771244861\n|switch|p1a: Scream Tail|Scream Tail, L84|330/330\n|move|p2a: Ho-Oh|Sacred Fire|p1a: Scream Tail\n|-damage|p1a: Scream Tail|266/330\n|\n|-heal|p1a: Scream Tail|286/330|[from] item: Leftovers\n|upkeep\n|turn|3\n|\n|t:|1771244870\n|move|p1a: Scream Tail|Thunder Wave|p2a: Ho-Oh\n|-status|p2a: Ho-Oh|par\n|cant|p2a: Ho-Oh|par\n|\n|-heal|p1a: Scream Tail|306/330|[from] item: Leftovers\n|upkeep\n|turn|4\n|\n|t:|1771244895\n|move|p1a: Scream Tail|Wish|p1a: Scream Tail\n|move|p2a: Ho-Oh|Sacred Fire|p1a: Scream Tail\n|-damage|p1a: Scream Tail|246/330\n|-status|p1a: Scream Tail|brn\n|\n|-heal|p1a: Scream Tail|266/330 brn|[from] item: Leftovers\n|-damage|p1a: Scream Tail|246/330 brn|[from] brn\n|upkeep\n|turn|5\n|\n|t:|1771244913\n|-end|p1a: Scream Tail|Protosynthesis|[silent]\n|switch|p1a: Overqwil|Overqwil, L82, F|190/274\n|-ability|p1a: Overqwil|Intimidate|boost\n|-unboost|p2a: Ho-Oh|atk|1\n|switch|p2a: Ursaluna|Ursaluna, L79, F|335/335\n|\n|-heal|p1a: Overqwil|274/274|[from] move: Wish|[wisher] Scream Tail\n|-status|p2a: Ursaluna|brn|[from] item: Flame Orb\n|upkeep\n|turn|6\n|inactive|Micael Lopes has 120 seconds left.\n|inactive|sj777 has 120 seconds left.\n|\n|t:|1771244944\n|switch|p1a: Tornadus|Tornadus, L82, M|263/263\n|move|p2a: Ursaluna|Headlong Rush|p1a: Tornadus\n|-immune|p1a: Tornadus\n|\n|-damage|p2a: Ursaluna|315/335 brn|[from] brn\n|upkeep\n|turn|7\n|inactive|Micael Lopes has 120 seconds left.\n|inactive|sj777 has 120 seconds left.\n|\n|t:|1771244973\n|-terastallize|p2a: Ursaluna|Normal\n|move|p1a: Tornadus|Focus Blast|p2a: Ursaluna\n|-supereffective|p2a: Ursaluna\n|-damage|p2a: Ursaluna|0 fnt\n|faint|p2a: Ursaluna\n|\n|upkeep\n|inactive|sj777 has 90 seconds left.\n|\n|t:|1771245004\n|switch|p2a: Chesnaught|Chesnaught, L84, M|285/285\n|turn|8\n|\n|t:|1771245025\n|switch|p1a: Overqwil|Overqwil, L82, F|274/274\n|-ability|p1a: Overqwil|Intimidate|boost\n|-unboost|p2a: Chesnaught|atk|1\n|move|p2a: Chesnaught|Spikes|p1a: Overqwil\n|-sidestart|p1: Micael Lopes|Spikes\n|\n|upkeep\n|turn|9\n|inactive|sj777 has 90 seconds left.\n|\n|t:|1771245042\n|switch|p2a: Ho-Oh|Ho-Oh, L71|268/268 par\n|move|p1a: Overqwil|Swords Dance|p1a: Overqwil\n|-boost|p1a: Overqwil|atk|2\n|\n|upkeep\n|turn|10\n|\n|t:|1771245051\n|move|p1a: Overqwil|Gunk Shot|p2a: Ho-Oh\n|-damage|p2a: Ho-Oh|0 fnt\n|faint|p2a: Ho-Oh\n|\n|upkeep\n|inactive|sj777 has 90 seconds left.\n|\n|t:|1771245088\n|switch|p2a: Lycanroc|Lycanroc-Midnight, L89, M|296/296\n|turn|11\n|\n|t:|1771245101\n|move|p2a: Lycanroc|Stone Edge|p1a: Overqwil\n|-crit|p1a: Overqwil\n|-damage|p1a: Overqwil|23/274\n|-damage|p2a: Lycanroc|267/296|[from] item: Life Orb\n|move|p1a: Overqwil|Scale Shot|p2a: Lycanroc\n|-damage|p2a: Lycanroc|225/296\n|-damage|p2a: Lycanroc|185/296\n|-damage|p2a: Lycanroc|147/296\n|-damage|p2a: Lycanroc|108/296\n|-hitcount|p2a: Lycanroc|4\n|-unboost|p1a: Overqwil|def|1\n|-boost|p1a: Overqwil|spe|1\n|\n|upkeep\n|turn|12\n|inactive|Micael Lopes has 120 seconds left.\n|inactive|sj777 has 60 seconds left.\n|\n|t:|1771245137\n|switch|p1a: Scream Tail|Scream Tail, L84|246/330 brn\n|-damage|p1a: Scream Tail|205/330 brn|[from] Spikes\n|move|p2a: Lycanroc|Stone Edge|p1a: Scream Tail\n|-damage|p1a: Scream Tail|53/330 brn\n|-damage|p2a: Lycanroc|79/296|[from] item: Life Orb\n|\n|-heal|p1a: Scream Tail|73/330 brn|[from] item: Leftovers\n|-damage|p1a: Scream Tail|53/330 brn|[from] brn\n|upkeep\n|turn|13\n|\n|t:|1771245153\n|move|p1a: Scream Tail|Thunder Wave|p2a: Lycanroc\n|-status|p2a: Lycanroc|par\n|move|p2a: Lycanroc|Stone Edge|p1a: Scream Tail\n|-damage|p1a: Scream Tail|0 fnt\n|faint|p1a: Scream Tail\n|-end|p1a: Scream Tail|Protosynthesis|[silent]\n|-damage|p2a: Lycanroc|50/296 par|[from] item: Life Orb\n|\n|upkeep\n|\n|t:|1771245159\n|switch|p1a: Cinderace|Cinderace, L77, F|249/249\n|turn|14\n|\n|t:|1771245167\n|move|p1a: Cinderace|Court Change|p1a: Cinderace\n|-start|p1a: Cinderace|typechange|Normal|[from] ability: Libero\n|-swapsideconditions\n|-activate|p1a: Cinderace|move: Court Change\n|move|p2a: Lycanroc|Stone Edge|p1a: Cinderace\n|-damage|p1a: Cinderace|27/249\n|-damage|p2a: Lycanroc|21/296 par|[from] item: Life Orb\n|\n|upkeep\n|turn|15\n|\n|t:|1771245177\n|move|p1a: Cinderace|Sucker Punch|p2a: Lycanroc\n|-damage|p2a: Lycanroc|0 fnt\n|faint|p2a: Lycanroc\n|\n|upkeep\n|\n|t:|1771245189\n|switch|p2a: Chesnaught|Chesnaught, L84, M|285/285\n|-damage|p2a: Chesnaught|250/285|[from] Spikes\n|turn|16\n|\n|t:|1771245199\n|-terastallize|p1a: Cinderace|Fire\n|move|p1a: Cinderace|Pyro Ball|p2a: Chesnaught\n|-immune|p2a: Chesnaught|[from] ability: Bulletproof\n|move|p2a: Chesnaught|Body Press|p1a: Cinderace\n|-damage|p1a: Cinderace|0 fnt\n|faint|p1a: Cinderace\n|\n|upkeep\n|\n|t:|1771245204\n|switch|p1a: Tornadus|Tornadus, L82, M|263/263\n|turn|17\n|inactive|sj777 has 30 seconds left.\n|inactive|sj777 has 20 seconds left.\n|\n|t:|1771245240\n|move|p1a: Tornadus|Heat Wave|p2a: Chesnaught\n|-supereffective|p2a: Chesnaught\n|-damage|p2a: Chesnaught|0 fnt\n|faint|p2a: Chesnaught\n|\n|upkeep\n|inactive|sj777 has 25 seconds left this turn.\n|inactive|sj777 has 20 seconds left.\n|inactive|sj777 has 15 seconds left.\n|\n|t:|1771245253\n|switch|p2a: Crabominable|Crabominable, L90, M|321/321\n|-damage|p2a: Crabominable|281/321|[from] Spikes\n|turn|18\n|inactive|sj777 has 25 seconds left this turn.\n|\n|t:|1771245261\n|switch|p1a: Iron Boulder|Iron Boulder, L77|265/265\n|-enditem|p1a: Iron Boulder|Booster Energy\n|-activate|p1a: Iron Boulder|ability: Quark Drive|[fromitem]\n|-start|p1a: Iron Boulder|quarkdrivespe\n|move|p2a: Crabominable|Ice Hammer|p1a: Iron Boulder\n|-damage|p1a: Iron Boulder|0 fnt\n|-unboost|p2a: Crabominable|spe|1\n|faint|p1a: Iron Boulder\n|-end|p1a: Iron Boulder|Quark Drive|[silent]\n|\n|upkeep\n|\n|t:|1771245270\n|switch|p1a: Tornadus|Tornadus, L82, M|263/263\n|turn|19\n|\n|t:|1771245279\n|move|p1a: Tornadus|U-turn|p2a: Crabominable\n|-resisted|p2a: Crabominable\n|-damage|p2a: Crabominable|253/321\n|\n|t:|1771245281\n|switch|p1a: Overqwil|Overqwil, L82, F|23/274|[from] U-turn\n|-ability|p1a: Overqwil|Intimidate|boost\n|-unboost|p2a: Crabominable|atk|1\n|move|p2a: Crabominable|Ice Hammer|p1a: Overqwil\n|-damage|p1a: Overqwil|0 fnt\n|-unboost|p2a: Crabominable|spe|1\n|faint|p1a: Overqwil\n|\n|upkeep\n|\n|t:|1771245284\n|switch|p1a: Terapagos|Terapagos, L77, F|265/265\n|-activate|p1a: Terapagos|ability: Tera Shift\n|detailschange|p1a: Terapagos|Terapagos-Terastal, L77, F\n|-heal|p1a: Terapagos|273/273|[silent]\n|turn|20\n|\n|t:|1771245300\n|switch|p2a: Shaymin|Shaymin, L82|298/298\n|-damage|p2a: Shaymin|261/298|[from] Spikes\n|move|p1a: Terapagos|Calm Mind|p1a: Terapagos\n|-boost|p1a: Terapagos|spa|1\n|-boost|p1a: Terapagos|spd|1\n|\n|-heal|p2a: Shaymin|279/298|[from] item: Leftovers\n|upkeep\n|turn|21\n|\n|t:|1771245311\n|move|p2a: Shaymin|Leech Seed|p1a: Terapagos\n|-start|p1a: Terapagos|move: Leech Seed\n|move|p1a: Terapagos|Tera Starstorm|p2a: Shaymin\n|-damage|p2a: Shaymin|108/298\n|\n|-heal|p2a: Shaymin|126/298|[from] item: Leftovers\n|-damage|p1a: Terapagos|239/273|[from] Leech Seed|[of] p2a: Shaymin\n|-heal|p2a: Shaymin|160/298|[silent]\n|upkeep\n|turn|22\n|inactive|sj777 has 30 seconds left.\n|\n|t:|1771245333\n|move|p2a: Shaymin|Substitute|p2a: Shaymin\n|-start|p2a: Shaymin|Substitute\n|-damage|p2a: Shaymin|86/298\n|move|p1a: Terapagos|Tera Starstorm|p2a: Shaymin\n|-end|p2a: Shaymin|Substitute\n|\n|-heal|p2a: Shaymin|104/298|[from] item: Leftovers\n|-damage|p1a: Terapagos|205/273|[from] Leech Seed|[of] p2a: Shaymin\n|-heal|p2a: Shaymin|138/298|[silent]\n|upkeep\n|turn|23\n|inactive|sj777 has 30 seconds left.\n|\n|t:|1771245343\n|move|p2a: Shaymin|Substitute|p2a: Shaymin\n|-start|p2a: Shaymin|Substitute\n|-damage|p2a: Shaymin|64/298\n|move|p1a: Terapagos|Tera Starstorm|p2a: Shaymin\n|-end|p2a: Shaymin|Substitute\n|\n|-heal|p2a: Shaymin|82/298|[from] item: Leftovers\n|-damage|p1a: Terapagos|171/273|[from] Leech Seed|[of] p2a: Shaymin\n|-heal|p2a: Shaymin|116/298|[silent]\n|upkeep\n|turn|24\n|inactive|sj777 has 30 seconds left.\n|\n|t:|1771245356\n|move|p2a: Shaymin|Substitute|p2a: Shaymin\n|-start|p2a: Shaymin|Substitute\n|-damage|p2a: Shaymin|42/298\n|move|p1a: Terapagos|Tera Starstorm|p2a: Shaymin\n|-end|p2a: Shaymin|Substitute\n|\n|-heal|p2a: Shaymin|60/298|[from] item: Leftovers\n|-damage|p1a: Terapagos|137/273|[from] Leech Seed|[of] p2a: Shaymin\n|-heal|p2a: Shaymin|94/298|[silent]\n|upkeep\n|turn|25\n|inactive|sj777 has 30 seconds left.\n|\n|t:|1771245369\n|move|p2a: Shaymin|Substitute|p2a: Shaymin\n|-start|p2a: Shaymin|Substitute\n|-damage|p2a: Shaymin|20/298\n|move|p1a: Terapagos|Tera Starstorm|p2a: Shaymin\n|-end|p2a: Shaymin|Substitute\n|\n|-heal|p2a: Shaymin|38/298|[from] item: Leftovers\n|-damage|p1a: Terapagos|103/273|[from] Leech Seed|[of] p2a: Shaymin\n|-heal|p2a: Shaymin|72/298|[silent]\n|upkeep\n|turn|26\n|inactive|sj777 has 30 seconds left.\n|\n|t:|1771245380\n|move|p2a: Shaymin|Air Slash|p1a: Terapagos\n|-damage|p1a: Terapagos|71/273\n|move|p1a: Terapagos|Tera Starstorm|p2a: Shaymin\n|-damage|p2a: Shaymin|0 fnt\n|faint|p2a: Shaymin\n|\n|upkeep\n|inactive|sj777 has 30 seconds left.\n|\n|t:|1771245387\n|switch|p2a: Crabominable|Crabominable, L90, M|253/321\n|-damage|p2a: Crabominable|213/321|[from] Spikes\n|turn|27\n|\n|t:|1771245393\n|move|p1a: Terapagos|Tera Starstorm|p2a: Crabominable\n|-damage|p2a: Crabominable|30/321\n|move|p2a: Crabominable|Ice Hammer|p1a: Terapagos\n|-damage|p1a: Terapagos|0 fnt\n|-unboost|p2a: Crabominable|spe|1\n|faint|p1a: Terapagos\n|\n|upkeep\n|\n|t:|1771245395\n|switch|p1a: Tornadus|Tornadus, L82, M|263/263\n|turn|28\n|\n|t:|1771245404\n|move|p1a: Tornadus|Heat Wave|p2a: Crabominable\n|-supereffective|p2a: Crabominable\n|-damage|p2a: Crabominable|0 fnt\n|faint|p2a: Crabominable\n|\n|win|Micael Lopes\n|raw|Micael Lopes's rating: 1871 &rarr; <strong>1893</strong><br />(+22 for winning)\n|raw|sj777's rating: 1900 &rarr; <strong>1878</strong><br />(-22 for losing)\n|l|☆sj777\n|player|p2|\n|c|☆Micael Lopes|**__Sexy game.__**\n", "inputlog": ">version 686819e5e19f8a7fd2345cfc5a08a5085efa2cc3\n>start {\"formatid\":\"gen9randombattle\",\"seed\":\"sodium,602611ad1d1af5340d296b9fc5cfe0f5\",\"rated\":\"Rated battle\"}\n>player p1 {\"name\":\"Micael Lopes\",\"avatar\":\"benga\",\"rating\":1851,\"seed\":\"sodium,fd668e7f8e862c5df3fba9951f417cbb\"}\n>player p2 {\"name\":\"sj777\",\"avatar\":\"266\",\"rating\":1900,\"seed\":\"sodium,cab588294e9afebec093a39251ebde94\"}\n>p1 switch 3\n>p2 move earthquake\n>p1 switch 6\n>p2 move sacredfire\n>p1 move thunderwave\n>p2 move sacredfire\n>p1 move wish\n>p2 move sacredfire\n>p1 switch 6\n>p2 switch 5\n>p1 switch 4\n>p2 move headlongrush\n>p1 move focusblast\n>p2 move facade terastallize\n>p2 switch 3\n>p1 switch 4\n>p2 move spikes\n>p1 move swordsdance\n>p2 switch 5\n>p1 move gunkshot\n>p2 move sacredfire\n>p2 switch 2\n>p1 move scaleshot\n>p2 move stoneedge\n>p1 switch 6\n>p2 move stoneedge\n>p1 move thunderwave\n>p2 move stoneedge\n>p1 switch 3\n>p1 move courtchange\n>p2 move stoneedge\n>p1 move suckerpunch\n>p2 move closecombat\n>p2 switch 5\n>p1 move pyroball terastallize\n>p2 move bodypress\n>p1 switch 4\n>p1 move heatwave\n>p2 move woodhammer\n>p2 switch 4\n>p1 switch 2\n>p2 move icehammer\n>p1 switch 2\n>p1 move uturn\n>p2 move icehammer\n>p1 switch 6\n>p1 switch 5\n>p1 move calmmind\n>p2 switch 6\n>p1 move terastarstorm\n>p2 move leechseed\n>p1 move terastarstorm\n>p2 move substitute\n>p1 move terastarstorm\n>p2 move substitute\n>p1 move terastarstorm\n>p2 move substitute\n>p1 move terastarstorm\n>p2 move substitute\n>p1 move terastarstorm\n>p2 move airslash\n>p2 switch 6\n>p1 move terastarstorm\n>p2 move icehammer\n>p1 switch 6\n>p1 move heatwave\n>p2 move icehammer", "uploadtime": 1771245414, "views": 6, "formatid": "gen9randombattle", "rating": 1878, "private": 0, "password": null}