{"id": "gen9randombattle-2540187098", "format": "[Gen 9] Random Battle", "players": ["Daruma", "milkreo"], "log": "|badge|p1|bronze|gen9randombattle|100-8\n|uhtml|medal-msg|<div class=\"broadcast-blue\">Curious what those medals under the avatar are? PS now has Ladder Seasons! For more information, check out the <a href=\"https://www.smogon.com/forums/threads/3740067/\">thread on Smogon.</a></div>\n|badge|p2|silver|gen9randombattle|30-8\n|uhtml|medal-msg|<div class=\"broadcast-blue\">Curious what those medals under the avatar are? PS now has Ladder Seasons! For more information, check out the <a href=\"https://www.smogon.com/forums/threads/3740067/\">thread on Smogon.</a></div>\n|j|☆Daruma\n|j|☆milkreo\n|t:|1771173445\n|gametype|singles\n|player|p1|Daruma|#ruplixsleekslushrushers|2326\n|player|p2|milkreo|1|2382\n|gen|9\n|tier|[Gen 9] Random Battle\n|rated|\n|rule|Species Clause: Limit one of each Pokémon\n|rule|HP Percentage Mod: HP is shown in percentages\n|rule|Sleep Clause Mod: Limit one foe put to sleep\n|rule|Illusion Level Mod: Illusion disguises the Pokémon's true level\n|\n|t:|1771173445\n|teamsize|p1|6\n|teamsize|p2|6\n|start\n|switch|p1a: Weavile|Weavile, L79, M|239/239\n|switch|p2a: Dondozo|Dondozo, L78, M|362/362\n|turn|1\n|inactive|Battle timer is ON: inactive players will automatically lose when time's up. (requested by Daruma)\n|\n|t:|1771173450\n|switch|p1a: Exeggutor|Exeggutor-Alola, L89, F|314/314\n|move|p2a: Dondozo|Wave Crash|p1a: Exeggutor\n|-resisted|p1a: Exeggutor\n|-damage|p1a: Exeggutor|287/314\n|-damage|p2a: Dondozo|353/362|[from] Recoil\n|\n|-heal|p2a: Dondozo|362/362|[from] item: Leftovers\n|upkeep\n|turn|2\n|\n|t:|1771173473\n|switch|p2a: Dudunsparce|Dudunsparce, L83, M|343/343\n|move|p1a: Exeggutor|Dragon Pulse|p2a: Dudunsparce\n|-damage|p2a: Dudunsparce|202/343\n|\n|-heal|p2a: Dudunsparce|223/343|[from] item: Leftovers\n|upkeep\n|turn|3\n|inactive|milkreo has 120 seconds left.\n|\n|t:|1771173514\n|switch|p2a: Revavroom|Revavroom, L79, M|256/256\n|move|p1a: Exeggutor|Calm Mind|p1a: Exeggutor\n|-boost|p1a: Exeggutor|spa|1\n|-boost|p1a: Exeggutor|spd|1\n|\n|upkeep\n|turn|4\n|\n|t:|1771173527\n|switch|p1a: Incineroar|Incineroar, L82, F|290/290\n|-ability|p1a: Incineroar|Intimidate|boost\n|-unboost|p2a: Revavroom|atk|1\n|move|p2a: Revavroom|High Horsepower|p1a: Incineroar\n|-supereffective|p1a: Incineroar\n|-damage|p1a: Incineroar|160/290\n|-damage|p2a: Revavroom|231/256|[from] item: Life Orb\n|\n|upkeep\n|turn|5\n|\n|t:|1771173539\n|switch|p2a: Dondozo|Dondozo, L78, M|362/362\n|move|p1a: Incineroar|Knock Off|p2a: Dondozo\n|-damage|p2a: Dondozo|256/362\n|-enditem|p2a: Dondozo|Leftovers|[from] move: Knock Off|[of] p1a: Incineroar\n|\n|upkeep\n|turn|6\n|\n|t:|1771173551\n|move|p1a: Incineroar|U-turn|p2a: Dondozo\n|-damage|p2a: Dondozo|207/362\n|\n|t:|1771173553\n|switch|p1a: Exeggutor|Exeggutor-Alola, L89, F|287/314|[from] U-turn\n|move|p2a: Dondozo|Wave Crash|p1a: Exeggutor\n|-resisted|p1a: Exeggutor\n|-damage|p1a: Exeggutor|262/314\n|-damage|p2a: Dondozo|199/362|[from] Recoil\n|\n|upkeep\n|turn|7\n|inactive|milkreo has 90 seconds left.\n|\n|t:|1771173585\n|switch|p2a: Goodra|Goodra-Hisui, L82, F|265/265\n|move|p1a: Exeggutor|Flamethrower|p2a: Goodra\n|-damage|p2a: Goodra|225/265\n|\n|upkeep\n|turn|8\n|\n|t:|1771173591\n|switch|p1a: Azumarill|Azumarill, L82, F|298/298\n|move|p2a: Goodra|Draco Meteor|p1a: Azumarill\n|-immune|p1a: Azumarill\n|\n|upkeep\n|turn|9\n|inactive|milkreo has 90 seconds left.\n|\n|t:|1771173608\n|switch|p2a: Revavroom|Revavroom, L79, M|231/256\n|move|p1a: Azumarill|Play Rough|p2a: Revavroom\n|-resisted|p2a: Revavroom\n|-damage|p2a: Revavroom|187/256\n|\n|upkeep\n|turn|10\n|inactive|milkreo has 90 seconds left.\n|\n|t:|1771173625\n|switch|p1a: Incineroar|Incineroar, L82, F|160/290\n|-ability|p1a: Incineroar|Intimidate|boost\n|-unboost|p2a: Revavroom|atk|1\n|move|p2a: Revavroom|Shift Gear|p2a: Revavroom\n|-boost|p2a: Revavroom|spe|2\n|-boost|p2a: Revavroom|atk|1\n|\n|upkeep\n|turn|11\n|inactive|milkreo has 90 seconds left.\n|\n|t:|1771173648\n|switch|p1a: Exeggutor|Exeggutor-Alola, L89, F|262/314\n|move|p2a: Revavroom|High Horsepower|p1a: Exeggutor\n|-resisted|p1a: Exeggutor\n|-damage|p1a: Exeggutor|215/314\n|-damage|p2a: Revavroom|162/256|[from] item: Life Orb\n|\n|upkeep\n|turn|12\n|\n|t:|1771173652\n|switch|p1a: Incineroar|Incineroar, L82, F|160/290\n|-ability|p1a: Incineroar|Intimidate|boost\n|-unboost|p2a: Revavroom|atk|1\n|move|p2a: Revavroom|Gunk Shot|p1a: Incineroar|[miss]\n|-miss|p2a: Revavroom|p1a: Incineroar\n|\n|upkeep\n|turn|13\n|\n|t:|1771173669\n|switch|p2a: Dondozo|Dondozo, L78, M|199/362\n|move|p1a: Incineroar|Overheat|p2a: Dondozo\n|-resisted|p2a: Dondozo\n|-damage|p2a: Dondozo|130/362\n|-unboost|p1a: Incineroar|spa|2\n|\n|upkeep\n|turn|14\n|\n|t:|1771173677\n|move|p1a: Incineroar|U-turn|p2a: Dondozo\n|-damage|p2a: Dondozo|79/362\n|\n|t:|1771173679\n|switch|p1a: Exeggutor|Exeggutor-Alola, L89, F|215/314|[from] U-turn\n|move|p2a: Dondozo|Rest|p2a: Dondozo\n|-status|p2a: Dondozo|slp|[from] move: Rest\n|-heal|p2a: Dondozo|362/362 slp|[silent]\n|\n|upkeep\n|turn|15\n|\n|t:|1771173695\n|switch|p1a: Heracross|Heracross, L80, F|259/259\n|switch|p2a: Goodra|Goodra-Hisui, L82, F|225/265\n|\n|-status|p1a: Heracross|brn|[from] item: Flame Orb\n|upkeep\n|turn|16\n|inactive|milkreo has 90 seconds left.\n|\n|t:|1771173733\n|switch|p2a: Lumineon|Lumineon, L93, F|279/279\n|move|p1a: Heracross|Close Combat|p2a: Lumineon\n|-damage|p2a: Lumineon|75/279\n|-unboost|p1a: Heracross|def|1\n|-unboost|p1a: Heracross|spd|1\n|\n|-damage|p1a: Heracross|243/259 brn|[from] brn\n|upkeep\n|turn|17\n|inactive|milkreo has 90 seconds left.\n|\n|t:|1771173758\n|switch|p1a: Azumarill|Azumarill, L82, F|298/298\n|move|p2a: Lumineon|Alluring Voice|p1a: Azumarill\n|-damage|p1a: Azumarill|223/298\n|-damage|p2a: Lumineon|48/279|[from] item: Life Orb\n|\n|upkeep\n|turn|18\n|\n|t:|1771173765\n|switch|p2a: Revavroom|Revavroom, L79, M|162/256\n|move|p1a: Azumarill|Play Rough|p2a: Revavroom\n|-resisted|p2a: Revavroom\n|-damage|p2a: Revavroom|117/256\n|\n|upkeep\n|turn|19\n|\n|t:|1771173770\n|switch|p1a: Incineroar|Incineroar, L82, F|160/290\n|-ability|p1a: Incineroar|Intimidate|boost\n|-unboost|p2a: Revavroom|atk|1\n|move|p2a: Revavroom|Shift Gear|p2a: Revavroom\n|-boost|p2a: Revavroom|spe|2\n|-boost|p2a: Revavroom|atk|1\n|\n|upkeep\n|turn|20\n|\n|t:|1771173777\n|switch|p1a: Exeggutor|Exeggutor-Alola, L89, F|215/314\n|move|p2a: Revavroom|High Horsepower|p1a: Exeggutor|[miss]\n|-miss|p2a: Revavroom|p1a: Exeggutor\n|\n|upkeep\n|turn|21\n|\n|t:|1771173781\n|switch|p1a: Incineroar|Incineroar, L82, F|160/290\n|-ability|p1a: Incineroar|Intimidate|boost\n|-unboost|p2a: Revavroom|atk|1\n|move|p2a: Revavroom|Gunk Shot|p1a: Incineroar\n|-damage|p1a: Incineroar|38/290\n|-damage|p2a: Revavroom|92/256|[from] item: Life Orb\n|\n|upkeep\n|turn|22\n|inactive|milkreo has 120 seconds left.\n|\n|t:|1771173792\n|move|p2a: Revavroom|Gunk Shot|p1a: Incineroar|[miss]\n|-miss|p2a: Revavroom|p1a: Incineroar\n|move|p1a: Incineroar|Knock Off|p2a: Revavroom\n|-damage|p2a: Revavroom|0 fnt\n|-enditem|p2a: Revavroom|Life Orb|[from] move: Knock Off|[of] p1a: Incineroar\n|faint|p2a: Revavroom\n|\n|upkeep\n|inactive|milkreo has 120 seconds left.\n|\n|t:|1771173820\n|switch|p2a: Lumineon|Lumineon, L93, F|48/279\n|turn|23\n|\n|t:|1771173826\n|move|p2a: Lumineon|Hydro Pump|p1a: Incineroar\n|-supereffective|p1a: Incineroar\n|-damage|p1a: Incineroar|0 fnt\n|faint|p1a: Incineroar\n|-damage|p2a: Lumineon|21/279|[from] item: Life Orb\n|\n|upkeep\n|\n|t:|1771173833\n|switch|p1a: Weavile|Weavile, L79, M|239/239\n|turn|24\n|\n|t:|1771173842\n|switch|p2a: Dondozo|Dondozo, L78, M|362/362 slp\n|move|p1a: Weavile|Low Kick|p2a: Dondozo\n|-damage|p2a: Dondozo|249/362 slp\n|\n|upkeep\n|turn|25\n|\n|t:|1771173851\n|switch|p1a: Exeggutor|Exeggutor-Alola, L89, F|215/314\n|cant|p2a: Dondozo|slp\n|move|p2a: Dondozo|Sleep Talk|p2a: Dondozo\n|move|p2a: Dondozo|Curse|p2a: Dondozo|[from] move: Sleep Talk\n|-unboost|p2a: Dondozo|spe|1\n|-boost|p2a: Dondozo|atk|1\n|-boost|p2a: Dondozo|def|1\n|\n|upkeep\n|turn|26\n|\n|t:|1771173863\n|switch|p2a: Goodra|Goodra-Hisui, L82, F|225/265\n|move|p1a: Exeggutor|Dragon Pulse|p2a: Goodra\n|-damage|p2a: Goodra|170/265\n|\n|upkeep\n|turn|27\n|\n|t:|1771173871\n|switch|p1a: Inteleon|Inteleon, L81, M|246/246\n|move|p2a: Goodra|Heavy Slam|p1a: Inteleon\n|-resisted|p1a: Inteleon\n|-damage|p1a: Inteleon|163/246\n|\n|upkeep\n|turn|28\n|\n|t:|1771173890\n|move|p1a: Inteleon|U-turn|p2a: Goodra\n|-resisted|p2a: Goodra\n|-damage|p2a: Goodra|151/265\n|\n|t:|1771173892\n|switch|p1a: Azumarill|Azumarill, L82, F|223/298|[from] U-turn\n|move|p2a: Goodra|Draco Meteor|p1a: Azumarill\n|-immune|p1a: Azumarill\n|\n|upkeep\n|turn|29\n|\n|t:|1771173906\n|move|p2a: Goodra|Heavy Slam|p1a: Azumarill\n|-damage|p1a: Azumarill|90/298\n|move|p1a: Azumarill|Play Rough|p2a: Goodra\n|-damage|p2a: Goodra|0 fnt\n|faint|p2a: Goodra\n|\n|upkeep\n|\n|t:|1771173912\n|switch|p2a: Dudunsparce|Dudunsparce, L83, M|223/343\n|turn|30\n|\n|t:|1771173916\n|move|p2a: Dudunsparce|Boomburst|p1a: Azumarill\n|-damage|p1a: Azumarill|0 fnt\n|faint|p1a: Azumarill\n|\n|-heal|p2a: Dudunsparce|244/343|[from] item: Leftovers\n|upkeep\n|\n|t:|1771173919\n|switch|p1a: Heracross|Heracross, L80, F|243/259 brn\n|turn|31\n|\n|t:|1771173933\n|-terastallize|p2a: Dudunsparce|Ghost\n|move|p1a: Heracross|Close Combat|p2a: Dudunsparce\n|-immune|p2a: Dudunsparce\n|move|p2a: Dudunsparce|Boomburst|p1a: Heracross\n|-damage|p1a: Heracross|123/259 brn\n|\n|-heal|p2a: Dudunsparce|265/343|[from] item: Leftovers\n|-damage|p1a: Heracross|107/259 brn|[from] brn\n|upkeep\n|turn|32\n|\n|t:|1771173944\n|move|p1a: Heracross|Knock Off|p2a: Dudunsparce\n|-supereffective|p2a: Dudunsparce\n|-damage|p2a: Dudunsparce|0 fnt\n|-enditem|p2a: Dudunsparce|Leftovers|[from] move: Knock Off|[of] p1a: Heracross\n|faint|p2a: Dudunsparce\n|\n|-damage|p1a: Heracross|91/259 brn|[from] brn\n|upkeep\n|\n|t:|1771173949\n|switch|p2a: Lumineon|Lumineon, L93, F|21/279\n|turn|33\n|\n|t:|1771173963\n|switch|p1a: Inteleon|Inteleon, L81, M|163/246\n|move|p2a: Lumineon|Alluring Voice|p1a: Inteleon\n|-damage|p1a: Inteleon|69/246\n|-damage|p2a: Lumineon|0 fnt|[from] item: Life Orb\n|faint|p2a: Lumineon\n|\n|upkeep\n|\n|t:|1771173966\n|switch|p2a: Dondozo|Dondozo, L78, M|249/362 slp\n|turn|34\n|\n|t:|1771173968\n|move|p1a: Inteleon|U-turn|p2a: Dondozo\n|-damage|p2a: Dondozo|212/362 slp\n|\n|t:|1771173969\n|switch|p1a: Exeggutor|Exeggutor-Alola, L89, F|215/314|[from] U-turn\n|cant|p2a: Dondozo|slp\n|move|p2a: Dondozo|Sleep Talk|p2a: Dondozo\n|move|p2a: Dondozo|Curse|p2a: Dondozo|[from] move: Sleep Talk\n|-unboost|p2a: Dondozo|spe|1\n|-boost|p2a: Dondozo|atk|1\n|-boost|p2a: Dondozo|def|1\n|\n|upkeep\n|turn|35\n|\n|t:|1771173976\n|switch|p2a: Minior|Minior-Violet, L79|224/224\n|-formechange|p2a: Minior|Minior-Meteor||[from] ability: Shields Down\n|move|p1a: Exeggutor|Calm Mind|p1a: Exeggutor\n|-boost|p1a: Exeggutor|spa|1\n|-boost|p1a: Exeggutor|spd|1\n|\n|upkeep\n|turn|36\n|\n|t:|1771173984\n|move|p2a: Minior|Shell Smash|p2a: Minior\n|-unboost|p2a: Minior|def|1\n|-unboost|p2a: Minior|spd|1\n|-boost|p2a: Minior|atk|2\n|-boost|p2a: Minior|spa|2\n|-boost|p2a: Minior|spe|2\n|-enditem|p2a: Minior|White Herb\n|-clearnegativeboost|p2a: Minior|[silent]\n|move|p1a: Exeggutor|Dragon Pulse|p2a: Minior\n|-damage|p2a: Minior|50/224\n|\n|-formechange|p2a: Minior|Minior-Violet||[from] ability: Shields Down\n|upkeep\n|turn|37\n|\n|t:|1771173995\n|switch|p1a: Inteleon|Inteleon, L81, M|69/246\n|move|p2a: Minior|Acrobatics|p1a: Inteleon\n|-crit|p1a: Inteleon\n|-damage|p1a: Inteleon|0 fnt\n|faint|p1a: Inteleon\n|\n|upkeep\n|\n|t:|1771173997\n|switch|p1a: Weavile|Weavile, L79, M|239/239\n|turn|38\n|\n|t:|1771174003\n|switch|p2a: Dondozo|Dondozo, L78, M|212/362 slp\n|move|p1a: Weavile|Ice Shard|p2a: Dondozo\n|-resisted|p2a: Dondozo\n|-damage|p2a: Dondozo|185/362 slp\n|\n|upkeep\n|turn|39\n|\n|t:|1771174009\n|switch|p2a: Minior|Minior-Violet, L79|50/224\n|move|p1a: Weavile|Ice Shard|p2a: Minior\n|-supereffective|p2a: Minior\n|-damage|p2a: Minior|0 fnt\n|faint|p2a: Minior\n|\n|upkeep\n|\n|t:|1771174010\n|switch|p2a: Dondozo|Dondozo, L78, M|185/362 slp\n|turn|40\n|\n|t:|1771174016\n|switch|p1a: Exeggutor|Exeggutor-Alola, L89, F|215/314\n|-curestatus|p2a: Dondozo|slp|[msg]\n|move|p2a: Dondozo|Curse|p2a: Dondozo\n|-unboost|p2a: Dondozo|spe|1\n|-boost|p2a: Dondozo|atk|1\n|-boost|p2a: Dondozo|def|1\n|\n|upkeep\n|turn|41\n|\n|t:|1771174018\n|move|p1a: Exeggutor|Giga Drain|p2a: Dondozo\n|-supereffective|p2a: Dondozo\n|-damage|p2a: Dondozo|0 fnt\n|-heal|p1a: Exeggutor|308/314|[from] drain|[of] p2a: Dondozo\n|faint|p2a: Dondozo\n|\n|win|Daruma\n|raw|Daruma's rating: 2326 &rarr; <strong>2349</strong><br />(+23 for winning)\n|raw|milkreo's rating: 2382 &rarr; <strong>2359</strong><br />(-23 for losing)\n|l|☆Daruma\n|player|p1|\n|j| MidnightBeasts\n", "inputlog": ">version 686819e5e19f8a7fd2345cfc5a08a5085efa2cc3\n>start {\"formatid\":\"gen9randombattle\",\"seed\":\"sodium,b2954fc4604a41d60f75947fb842aa92\",\"rated\":\"Rated battle\"}\n>player p1 {\"name\":\"Daruma\",\"avatar\":\"#ruplixsleekslushrushers\",\"rating\":2326,\"seed\":\"sodium,db1c66d5e6a2abbdf9bf2501caa545b3\"}\n>player p2 {\"name\":\"milkreo\",\"avatar\":\"1\",\"rating\":2382,\"seed\":\"sodium,a468503fc46824587152e2422db49c34\"}\n>p1 switch 3\n>p2 move wavecrash\n>p1 move dragonpulse\n>p2 switch 5\n>p1 move calmmind\n>p2 switch 4\n>p1 switch 4\n>p2 move highhorsepower\n>p1 move knockoff\n>p2 switch 5\n>p1 move uturn\n>p2 move wavecrash\n>p1 switch 4\n>p1 move flamethrower\n>p2 switch 3\n>p1 switch 6\n>p2 move dracometeor\n>p1 move playrough\n>p2 switch 5\n>p1 switch 4\n>p2 move shiftgear\n>p1 switch 6\n>p2 move highhorsepower\n>p1 switch 6\n>p2 move gunkshot\n>p1 move overheat\n>p2 switch 3\n>p1 move uturn\n>p2 move rest\n>p1 switch 6\n>p1 switch 2\n>p2 switch 5\n>p1 move closecombat\n>p2 switch 2\n>p1 switch 4\n>p2 move alluringvoice\n>p1 move playrough\n>p2 switch 3\n>p1 switch 6\n>p2 move shiftgear\n>p1 switch 2\n>p2 move highhorsepower\n>p1 switch 2\n>p2 move gunkshot\n>p1 move knockoff\n>p2 move gunkshot\n>p2 switch 3\n>p1 move knockoff\n>p2 move hydropump\n>p1 switch 3\n>p1 move lowkick\n>p2 switch 5\n>p1 switch 2\n>p2 move sleeptalk\n>p1 move dragonpulse\n>p2 switch 2\n>p1 switch 5\n>p2 move heavyslam\n>p1 move uturn\n>p2 move dracometeor\n>p1 switch 6\n>p1 move playrough\n>p2 move heavyslam\n>p2 switch 4\n>p1 move playrough\n>p2 move boomburst\n>p1 switch 4\n>p1 move closecombat\n>p2 move boomburst terastallize\n>p1 move knockoff\n>p2 move calmmind\n>p2 switch 5\n>p1 switch 6\n>p2 move alluringvoice\n>p2 switch 2\n>p1 move uturn\n>p2 move sleeptalk\n>p1 switch 5\n>p1 move calmmind\n>p2 switch 6\n>p1 move dragonpulse\n>p2 move shellsmash\n>p1 switch 5\n>p2 move acrobatics\n>p1 switch 2\n>p1 move iceshard\n>p2 switch 6\n>p1 move iceshard\n>p2 switch 6\n>p2 switch 6\n>p1 switch 5\n>p2 move curse\n>p1 move gigadrain\n>p2 move wavecrash", "uploadtime": 1771174979, "views": 12, "formatid": "gen9randombattle", "rating": 2349, "private": 0, "password": null}