{"id": "gen9randombattle-2540569720", "format": "[Gen 9] Random Battle", "players": ["vongira", "improvguy"], "log": "|j|☆vongira\n|j|☆improvguy\n|t:|1771219593\n|gametype|singles\n|player|p1|vongira|1|1711\n|player|p2|improvguy|2|1698\n|gen|9\n|tier|[Gen 9] Random Battle\n|rated|\n|rule|Species Clause: Limit one of each Pokémon\n|rule|HP Percentage Mod: HP is shown in percentages\n|rule|Sleep Clause Mod: Limit one foe put to sleep\n|rule|Illusion Level Mod: Illusion disguises the Pokémon's true level\n|\n|t:|1771219593\n|teamsize|p1|6\n|teamsize|p2|6\n|start\n|switch|p1a: Sunflora|Sunflora, F|312/312\n|switch|p2a: Dragonite|Dragonite, L74, M|257/257\n|turn|1\n|\n|t:|1771219612\n|switch|p1a: Weezing|Weezing, L88, M|258/258\n|move|p2a: Dragonite|Dragon Dance|p2a: Dragonite\n|-boost|p2a: Dragonite|atk|1\n|-boost|p2a: Dragonite|spe|1\n|\n|upkeep\n|turn|2\n|\n|t:|1771219620\n|switch|p2a: Salazzle|Salazzle, L83, F|249/249\n|move|p1a: Weezing|Will-O-Wisp|p2a: Salazzle\n|-immune|p2a: Salazzle\n|\n|upkeep\n|turn|3\n|\n|t:|1771219632\n|switch|p1a: Golurk|Golurk, L87|297/297\n|move|p2a: Salazzle|Toxic|p1a: Golurk\n|-status|p1a: Golurk|tox\n|\n|-damage|p1a: Golurk|279/297 tox|[from] psn\n|upkeep\n|turn|4\n|\n|t:|1771219641\n|move|p2a: Salazzle|Protect|p2a: Salazzle\n|-singleturn|p2a: Salazzle|Protect\n|move|p1a: Golurk|Poltergeist|p2a: Salazzle\n|-activate|p2a: Salazzle|move: Protect\n|\n|-damage|p1a: Golurk|243/297 tox|[from] psn\n|upkeep\n|turn|5\n|\n|t:|1771219650\n|switch|p2a: Dondozo|Dondozo, L78, M|362/362\n|move|p1a: Golurk|Poltergeist|p2a: Dondozo\n|-activate|p2a: Dondozo|move: Poltergeist|Leftovers\n|-damage|p2a: Dondozo|202/362\n|-damage|p1a: Golurk|214/297 tox|[from] item: Life Orb\n|\n|-heal|p2a: Dondozo|224/362|[from] item: Leftovers\n|-damage|p1a: Golurk|160/297 tox|[from] psn\n|upkeep\n|turn|6\n|\n|t:|1771219663\n|switch|p1a: Sunflora|Sunflora, F|312/312\n|move|p2a: Dondozo|Rest|p2a: Dondozo\n|-status|p2a: Dondozo|slp|[from] move: Rest\n|-heal|p2a: Dondozo|362/362 slp|[silent]\n|\n|upkeep\n|turn|7\n|\n|t:|1771219670\n|switch|p2a: Dragonite|Dragonite, L74, M|257/257\n|move|p1a: Sunflora|Sunny Day|p1a: Sunflora\n|-weather|SunnyDay\n|\n|-weather|SunnyDay|[upkeep]\n|upkeep\n|turn|8\n|\n|t:|1771219696\n|move|p1a: Sunflora|Solar Beam||[still]\n|-prepare|p1a: Sunflora|Solar Beam\n|-anim|p1a: Sunflora|Solar Beam|p2a: Dragonite\n|-resisted|p2a: Dragonite\n|-damage|p2a: Dragonite|223/257\n|-damage|p1a: Sunflora|281/312|[from] item: Life Orb\n|move|p2a: Dragonite|Dragon Dance|p2a: Dragonite\n|-boost|p2a: Dragonite|atk|1\n|-boost|p2a: Dragonite|spe|1\n|\n|-weather|SunnyDay|[upkeep]\n|upkeep\n|turn|9\n|\n|t:|1771219710\n|switch|p1a: Weezing|Weezing, L88, M|258/258\n|move|p2a: Dragonite|Dragon Dance|p2a: Dragonite\n|-boost|p2a: Dragonite|atk|1\n|-boost|p2a: Dragonite|spe|1\n|\n|-weather|SunnyDay|[upkeep]\n|upkeep\n|turn|10\n|\n|t:|1771219718\n|-terastallize|p1a: Weezing|Steel\n|move|p2a: Dragonite|Outrage|p1a: Weezing\n|-resisted|p1a: Weezing\n|-damage|p1a: Weezing|154/258\n|move|p1a: Weezing|Will-O-Wisp|p2a: Dragonite\n|-status|p2a: Dragonite|brn\n|\n|-weather|SunnyDay|[upkeep]\n|-heal|p1a: Weezing|170/258|[from] item: Leftovers\n|-damage|p2a: Dragonite|207/257 brn|[from] brn\n|upkeep\n|turn|11\n|\n|t:|1771219736\n|move|p2a: Dragonite|Outrage|p1a: Weezing|[from] lockedmove\n|-resisted|p1a: Weezing\n|-damage|p1a: Weezing|119/258\n|-start|p2a: Dragonite|confusion|[fatigue]\n|move|p1a: Weezing|Sludge Bomb|p2a: Dragonite\n|-damage|p2a: Dragonite|114/257 brn\n|\n|-weather|none\n|-heal|p1a: Weezing|135/258|[from] item: Leftovers\n|-damage|p2a: Dragonite|98/257 brn|[from] brn\n|upkeep\n|turn|12\n|\n|t:|1771219756\n|switch|p1a: Golurk|Golurk, L87|160/297 tox\n|-activate|p2a: Dragonite|confusion\n|-damage|p2a: Dragonite|38/257 brn|[from] confusion\n|\n|-damage|p1a: Golurk|142/297 tox|[from] psn\n|-damage|p2a: Dragonite|22/257 brn|[from] brn\n|upkeep\n|turn|13\n|\n|t:|1771219767\n|switch|p1a: Weezing|Weezing, L88, M, tera:Steel|135/258\n|-end|p2a: Dragonite|confusion\n|move|p2a: Dragonite|Outrage|p1a: Weezing\n|-resisted|p1a: Weezing\n|-damage|p1a: Weezing|88/258\n|\n|-heal|p1a: Weezing|104/258|[from] item: Leftovers\n|-damage|p2a: Dragonite|6/257 brn|[from] brn\n|upkeep\n|turn|14\n|\n|t:|1771219780\n|move|p2a: Dragonite|Outrage|p1a: Weezing|[from] lockedmove\n|-resisted|p1a: Weezing\n|-damage|p1a: Weezing|60/258\n|move|p1a: Weezing|Sludge Bomb|p2a: Dragonite\n|-damage|p2a: Dragonite|0 fnt\n|faint|p2a: Dragonite\n|\n|-heal|p1a: Weezing|76/258|[from] item: Leftovers\n|upkeep\n|\n|t:|1771219787\n|switch|p2a: Salazzle|Salazzle, L83, F|249/249\n|turn|15\n|\n|t:|1771219794\n|move|p2a: Salazzle|Flamethrower|p1a: Weezing\n|-supereffective|p1a: Weezing\n|-damage|p1a: Weezing|0 fnt\n|faint|p1a: Weezing\n|\n|upkeep\n|\n|t:|1771219805\n|switch|p1a: Iron Bundle|Iron Bundle, L78|215/215\n|turn|16\n|\n|t:|1771219814\n|switch|p2a: Calyrex|Calyrex-Shadow, L64|235/235\n|-ability|p2a: Calyrex|As One\n|-ability|p2a: Calyrex|Unnerve\n|move|p1a: Iron Bundle|Substitute|p1a: Iron Bundle\n|-start|p1a: Iron Bundle|Substitute\n|-damage|p1a: Iron Bundle|162/215\n|\n|-heal|p1a: Iron Bundle|175/215|[from] item: Leftovers\n|upkeep\n|turn|17\n|\n|t:|1771219826\n|move|p1a: Iron Bundle|Hydro Pump|p2a: Calyrex\n|-damage|p2a: Calyrex|94/235\n|move|p2a: Calyrex|Astral Barrage|p1a: Iron Bundle\n|-end|p1a: Iron Bundle|Substitute\n|-damage|p2a: Calyrex|71/235|[from] item: Life Orb\n|\n|-heal|p1a: Iron Bundle|188/215|[from] item: Leftovers\n|upkeep\n|turn|18\n|\n|t:|1771219837\n|move|p1a: Iron Bundle|Substitute|p1a: Iron Bundle\n|-start|p1a: Iron Bundle|Substitute\n|-damage|p1a: Iron Bundle|135/215\n|move|p2a: Calyrex|Astral Barrage|p1a: Iron Bundle\n|-end|p1a: Iron Bundle|Substitute\n|-damage|p2a: Calyrex|48/235|[from] item: Life Orb\n|\n|-heal|p1a: Iron Bundle|148/215|[from] item: Leftovers\n|upkeep\n|turn|19\n|\n|t:|1771219846\n|move|p1a: Iron Bundle|Freeze-Dry|p2a: Calyrex\n|-damage|p2a: Calyrex|0 fnt\n|faint|p2a: Calyrex\n|\n|-heal|p1a: Iron Bundle|161/215|[from] item: Leftovers\n|upkeep\n|\n|t:|1771219851\n|switch|p2a: Espathra|Espathra, L80, F|283/283\n|turn|20\n|\n|t:|1771219867\n|move|p1a: Iron Bundle|Hydro Pump|p2a: Espathra\n|-damage|p2a: Espathra|103/283\n|move|p2a: Espathra|Calm Mind|p2a: Espathra\n|-boost|p2a: Espathra|spa|1\n|-boost|p2a: Espathra|spd|1\n|\n|-heal|p1a: Iron Bundle|174/215|[from] item: Leftovers\n|-heal|p2a: Espathra|120/283|[from] item: Leftovers\n|-ability|p2a: Espathra|Speed Boost|boost\n|-boost|p2a: Espathra|spe|1\n|upkeep\n|turn|21\n|\n|t:|1771219887\n|-end|p1a: Iron Bundle|Quark Drive|[silent]\n|switch|p1a: Golurk|Golurk, L87|142/297 tox\n|move|p2a: Espathra|Roost|p2a: Espathra\n|-heal|p2a: Espathra|262/283\n|-singleturn|p2a: Espathra|move: Roost\n|\n|-heal|p2a: Espathra|279/283|[from] item: Leftovers\n|-damage|p1a: Golurk|124/297 tox|[from] psn\n|-ability|p2a: Espathra|Speed Boost|boost\n|-boost|p2a: Espathra|spe|1\n|upkeep\n|turn|22\n|\n|t:|1771219898\n|move|p2a: Espathra|Stored Power|p1a: Golurk\n|-damage|p1a: Golurk|0 fnt\n|faint|p1a: Golurk\n|\n|-heal|p2a: Espathra|283/283|[from] item: Leftovers\n|-ability|p2a: Espathra|Speed Boost|boost\n|-boost|p2a: Espathra|spe|1\n|upkeep\n|\n|t:|1771219916\n|switch|p1a: Bombirdier|Bombirdier, L85, F|258/258\n|turn|23\n|\n|t:|1771219924\n|-terastallize|p2a: Espathra|Fairy\n|move|p1a: Bombirdier|Sucker Punch|p2a: Espathra\n|-resisted|p2a: Espathra\n|-damage|p2a: Espathra|198/283\n|move|p2a: Espathra|Dazzling Gleam|p1a: Bombirdier\n|-supereffective|p1a: Bombirdier\n|-damage|p1a: Bombirdier|10/258\n|\n|-heal|p2a: Espathra|215/283|[from] item: Leftovers\n|-ability|p2a: Espathra|Speed Boost|boost\n|-boost|p2a: Espathra|spe|1\n|upkeep\n|turn|24\n|-message|vongira forfeited.\n|\n|win|improvguy\n|raw|vongira's rating: 1711 &rarr; <strong>1690</strong><br />(-21 for losing)\n|raw|improvguy's rating: 1698 &rarr; <strong>1719</strong><br />(+21 for winning)\n|l|☆vongira\n|player|p1|\n", "inputlog": ">version 686819e5e19f8a7fd2345cfc5a08a5085efa2cc3\n>start {\"formatid\":\"gen9randombattle\",\"seed\":\"sodium,7c023fa95c10c8c6e61f4c3a7cfdb192\",\"rated\":\"Rated battle\"}\n>player p1 {\"name\":\"vongira\",\"avatar\":\"1\",\"rating\":1711,\"seed\":\"sodium,4fde83ddc72433508fff6ba1b8d0e5cf\"}\n>player p2 {\"name\":\"improvguy\",\"avatar\":\"2\",\"rating\":1698,\"seed\":\"sodium,55bd990182ff33be06e071f202ef16da\"}\n>p1 switch 5\n>p2 move dragondance\n>p1 move willowisp\n>p2 switch 5\n>p1 switch 4\n>p2 move toxic\n>p1 move poltergeist\n>p2 move protect\n>p1 move poltergeist\n>p2 switch 6\n>p1 switch 5\n>p2 move rest\n>p1 move sunnyday\n>p2 switch 5\n>p1 move solarbeam\n>p2 move dragondance\n>p1 switch 4\n>p2 move dragondance\n>p1 move willowisp terastallize\n>p2 move outrage\n>p1 move sludgebomb\n>p2 move outrage\n>p1 switch 5\n>p2 move roost\n>p1 switch 5\n>p2 move outrage\n>p1 move sludgebomb\n>p2 move outrage\n>p2 switch 6\n>p1 move fireblast\n>p2 move flamethrower\n>p1 switch 2\n>p1 move substitute\n>p2 switch 2\n>p1 move hydropump\n>p2 move astralbarrage\n>p1 move substitute\n>p2 move astralbarrage\n>p1 move freezedry\n>p2 move astralbarrage\n>p2 switch 3\n>p1 move hydropump\n>p2 move calmmind\n>p1 switch 5\n>p2 move roost\n>p1 move poltergeist\n>p2 move storedpower\n>p1 switch 3\n>p1 move suckerpunch\n>p2 move dazzlinggleam terastallize\n>forcelose p1", "uploadtime": 1771219947, "views": 22, "formatid": "gen9randombattle", "rating": 1690, "private": 0, "password": null}