{"id": "gen9randombattle-2540120366", "format": "[Gen 9] Random Battle", "players": ["Summer Ant 1", "Juggling Queen"], "log": "|j|☆Summer Ant 1\n|j|☆Juggling Queen\n|t:|1771164876\n|gametype|singles\n|player|p1|Summer Ant 1|hilda|1953\n|player|p2|Juggling Queen|lady|1985\n|gen|9\n|tier|[Gen 9] Random Battle\n|rated|\n|rule|Species Clause: Limit one of each Pokémon\n|rule|HP Percentage Mod: HP is shown in percentages\n|rule|Sleep Clause Mod: Limit one foe put to sleep\n|rule|Illusion Level Mod: Illusion disguises the Pokémon's true level\n|\n|t:|1771164876\n|teamsize|p1|6\n|teamsize|p2|6\n|start\n|switch|p1a: Dachsbun|Dachsbun, L92, M|254/254\n|switch|p2a: Ogerpon|Ogerpon-Wellspring, L76, F|247/247\n|turn|1\n|inactive|Battle timer is ON: inactive players will automatically lose when time's up. (requested by Summer Ant 1)\n|\n|t:|1771164905\n|move|p1a: Dachsbun|Play Rough|p2a: Ogerpon\n|-damage|p2a: Ogerpon|130/247\n|move|p2a: Ogerpon|Ivy Cudgel|p1a: Dachsbun|[anim] Ivy Cudgel Water\n|-crit|p1a: Dachsbun\n|-damage|p1a: Dachsbun|113/254\n|\n|-heal|p1a: Dachsbun|128/254|[from] item: Leftovers\n|upkeep\n|turn|2\n|\n|t:|1771164918\n|switch|p2a: Skeledirge|Skeledirge, L79, F|294/294\n|move|p1a: Dachsbun|Protect||[still]\n|-fail|p1a: Dachsbun\n|\n|-heal|p1a: Dachsbun|143/254|[from] item: Leftovers\n|upkeep\n|turn|3\n|\n|t:|1771164933\n|switch|p1a: Tauros|Tauros-Paldea-Blaze, L81, M|254/254\n|-ability|p1a: Tauros|Intimidate|boost\n|-unboost|p2a: Skeledirge|atk|1\n|move|p2a: Skeledirge|Will-O-Wisp|p1a: Tauros\n|-immune|p1a: Tauros\n|\n|upkeep\n|turn|4\n|inactive|Juggling Queen has 120 seconds left.\n|\n|t:|1771164972\n|move|p1a: Tauros|Stone Edge|p2a: Skeledirge\n|-supereffective|p2a: Skeledirge\n|-crit|p2a: Skeledirge\n|-damage|p2a: Skeledirge|0 fnt\n|faint|p2a: Skeledirge\n|\n|upkeep\n|\n|t:|1771164981\n|switch|p2a: Ogerpon|Ogerpon-Wellspring, L76, F|130/247\n|turn|5\n|\n|t:|1771164993\n|switch|p1a: Tatsugiri|Tatsugiri, L87, M|260/260\n|move|p2a: Ogerpon|Synthesis|p2a: Ogerpon\n|-heal|p2a: Ogerpon|247/247\n|\n|upkeep\n|turn|6\n|\n|t:|1771165006\n|switch|p1a: Tauros|Tauros-Paldea-Blaze, L81, M|254/254\n|-ability|p1a: Tauros|Intimidate|boost\n|-unboost|p2a: Ogerpon|atk|1\n|move|p2a: Ogerpon|Wood Hammer|p1a: Tauros\n|-resisted|p1a: Tauros\n|-damage|p1a: Tauros|209/254\n|-damage|p2a: Ogerpon|232/247|[from] Recoil\n|\n|upkeep\n|turn|7\n|\n|t:|1771165014\n|switch|p1a: Tatsugiri|Tatsugiri, L87, M|260/260\n|move|p2a: Ogerpon|Ivy Cudgel|p1a: Tatsugiri|[anim] Ivy Cudgel Water\n|-ability|p1a: Tatsugiri|Storm Drain|boost\n|-boost|p1a: Tatsugiri|spa|1\n|\n|upkeep\n|turn|8\n|\n|t:|1771165026\n|switch|p2a: Jumpluff|Jumpluff, L87, M|271/271\n|move|p1a: Tatsugiri|Rapid Spin|p2a: Jumpluff\n|-damage|p2a: Jumpluff|242/271\n|-boost|p1a: Tatsugiri|spe|1\n|\n|upkeep\n|turn|9\n|\n|t:|1771165034\n|move|p1a: Tatsugiri|Draco Meteor|p2a: Jumpluff\n|-damage|p2a: Jumpluff|13/271\n|-unboost|p1a: Tatsugiri|spa|2\n|move|p2a: Jumpluff|Leech Seed|p1a: Tatsugiri\n|-start|p1a: Tatsugiri|move: Leech Seed\n|\n|-damage|p1a: Tatsugiri|228/260|[from] Leech Seed|[of] p2a: Jumpluff\n|-heal|p2a: Jumpluff|45/271|[silent]\n|upkeep\n|turn|10\n|\n|t:|1771165049\n|switch|p2a: Cloyster|Cloyster, L80, F|211/211\n|move|p1a: Tatsugiri|Draco Meteor|p2a: Cloyster\n|-damage|p2a: Cloyster|36/211\n|-unboost|p1a: Tatsugiri|spa|2\n|\n|-damage|p1a: Tatsugiri|196/260|[from] Leech Seed|[of] p2a: Cloyster\n|-heal|p2a: Cloyster|68/211|[silent]\n|upkeep\n|turn|11\n|inactive|Juggling Queen has 120 seconds left.\n|\n|t:|1771165089\n|switch|p2a: Great Tusk|Great Tusk, L77|304/304\n|move|p1a: Tatsugiri|Draco Meteor|p2a: Great Tusk\n|-damage|p2a: Great Tusk|204/304\n|-unboost|p1a: Tatsugiri|spa|2\n|\n|-heal|p2a: Great Tusk|223/304|[from] item: Leftovers\n|-damage|p1a: Tatsugiri|164/260|[from] Leech Seed|[of] p2a: Great Tusk\n|-heal|p2a: Great Tusk|255/304|[silent]\n|upkeep\n|turn|12\n|\n|t:|1771165100\n|switch|p1a: Palossand|Palossand, L89, M|296/296\n|move|p2a: Great Tusk|Rapid Spin|p1a: Palossand\n|-immune|p1a: Palossand\n|\n|-heal|p2a: Great Tusk|274/304|[from] item: Leftovers\n|upkeep\n|turn|13\n|\n|t:|1771165116\n|-end|p2a: Great Tusk|Protosynthesis|[silent]\n|switch|p2a: Cloyster|Cloyster, L80, F|68/211\n|move|p1a: Palossand|Sludge Bomb|p2a: Cloyster\n|-damage|p2a: Cloyster|0 fnt\n|faint|p2a: Cloyster\n|\n|upkeep\n|\n|t:|1771165125\n|switch|p2a: Ogerpon|Ogerpon-Wellspring, L76, F|232/247\n|turn|14\n|\n|t:|1771165144\n|move|p2a: Ogerpon|Ivy Cudgel|p1a: Palossand|[anim] Ivy Cudgel Water\n|-supereffective|p1a: Palossand\n|-crit|p1a: Palossand\n|-damage|p1a: Palossand|0 fnt\n|faint|p1a: Palossand\n|\n|upkeep\n|inactive|Summer Ant 1 has 120 seconds left.\n|\n|t:|1771165181\n|switch|p1a: Dachsbun|Dachsbun, L92, M|219/219\n|turn|15\n|inactive|Juggling Queen has 90 seconds left.\n|\n|t:|1771165217\n|move|p1a: Dachsbun|Bitter Malice|p2a: Ogerpon\n|-damage|p2a: Ogerpon|97/247\n|-unboost|p2a: Ogerpon|atk|1\n|move|p2a: Ogerpon|Ivy Cudgel|p1a: Dachsbun|[anim] Ivy Cudgel Water\n|-damage|p1a: Dachsbun|95/219\n|replace|p1a: Zoroark|Zoroark-Hisui, L80, M\n|-end|p1a: Zoroark|Illusion\n|-hint|Illusion Level Mod is active, so this Pokémon's true level was hidden.\n|\n|upkeep\n|turn|16\n|inactive|Juggling Queen has 90 seconds left.\n|\n|t:|1771165250\n|switch|p2a: Lycanroc|Lycanroc, L86, F|269/269\n|move|p1a: Zoroark|Bitter Malice|p2a: Lycanroc\n|-crit|p2a: Lycanroc\n|-damage|p2a: Lycanroc|41/269\n|-unboost|p2a: Lycanroc|atk|1\n|\n|upkeep\n|turn|17\n|\n|t:|1771165263\n|switch|p1a: Sandy Shocks|Sandy Shocks, L80|267/267\n|move|p2a: Lycanroc|Stone Edge|p1a: Sandy Shocks\n|-resisted|p1a: Sandy Shocks\n|-damage|p1a: Sandy Shocks|211/267\n|-damage|p2a: Lycanroc|15/269|[from] item: Life Orb\n|\n|-heal|p1a: Sandy Shocks|227/267|[from] item: Leftovers\n|upkeep\n|turn|18\n|inactive|Juggling Queen has 60 seconds left.\n|\n|t:|1771165282\n|move|p2a: Lycanroc|Stealth Rock|p1a: Sandy Shocks\n|-sidestart|p1: Summer Ant 1|move: Stealth Rock\n|move|p1a: Sandy Shocks|Stealth Rock|p2a: Lycanroc\n|-sidestart|p2: Juggling Queen|move: Stealth Rock\n|\n|-heal|p1a: Sandy Shocks|243/267|[from] item: Leftovers\n|upkeep\n|turn|19\n|\n|t:|1771165290\n|move|p2a: Lycanroc|Close Combat|p1a: Sandy Shocks\n|-damage|p1a: Sandy Shocks|161/267\n|-unboost|p2a: Lycanroc|def|1\n|-unboost|p2a: Lycanroc|spd|1\n|-damage|p2a: Lycanroc|0 fnt|[from] item: Life Orb\n|faint|p2a: Lycanroc\n|move|p1a: Sandy Shocks|Spikes|p2: Lycanroc\n|-sidestart|p2: Juggling Queen|Spikes\n|\n|-heal|p1a: Sandy Shocks|177/267|[from] item: Leftovers\n|upkeep\n|\n|t:|1771165299\n|switch|p2a: Great Tusk|Great Tusk, L77|274/304\n|-damage|p2a: Great Tusk|265/304|[from] Stealth Rock\n|-damage|p2a: Great Tusk|227/304|[from] Spikes\n|turn|20\n|inactive|Juggling Queen has 60 seconds left.\n|\n|t:|1771165327\n|-end|p1a: Sandy Shocks|Protosynthesis|[silent]\n|switch|p1a: Dachsbun|Dachsbun, L92, M|95/219\n|-damage|p1a: Dachsbun|68/219|[from] Stealth Rock\n|move|p2a: Great Tusk|Rapid Spin|p1a: Dachsbun\n|-immune|p1a: Dachsbun\n|\n|-heal|p2a: Great Tusk|246/304|[from] item: Leftovers\n|upkeep\n|turn|21\n|\n|t:|1771165353\n|move|p1a: Dachsbun|Hyper Voice|p2a: Great Tusk\n|-damage|p2a: Great Tusk|0 fnt\n|faint|p2a: Great Tusk\n|-end|p2a: Great Tusk|Protosynthesis|[silent]\n|\n|upkeep\n|c|☆Juggling Queen|gg\n|inactive|Juggling Queen has 30 seconds left.\n|\n|t:|1771165363\n|switch|p2a: Jumpluff|Jumpluff, L87, M|45/271\n|-damage|p2a: Jumpluff|0 fnt|[from] Stealth Rock\n|faint|p2a: Jumpluff\n|c|☆Summer Ant 1|ggs\n|\n|t:|1771165367\n|switch|p2a: Ogerpon|Ogerpon-Wellspring, L76, F|97/247\n|-damage|p2a: Ogerpon|67/247|[from] Stealth Rock\n|-damage|p2a: Ogerpon|37/247|[from] Spikes\n|turn|22\n|\n|t:|1771165372\n|move|p1a: Dachsbun|Hyper Voice|p2a: Ogerpon\n|-damage|p2a: Ogerpon|0 fnt\n|faint|p2a: Ogerpon\n|\n|win|Summer Ant 1\n|raw|Summer Ant 1's rating: 1953 &rarr; <strong>1975</strong><br />(+22 for winning)\n|raw|Juggling Queen's rating: 1985 &rarr; <strong>1963</strong><br />(-22 for losing)\n", "inputlog": ">version 686819e5e19f8a7fd2345cfc5a08a5085efa2cc3\n>start {\"formatid\":\"gen9randombattle\",\"seed\":\"sodium,360db55cf83b2dd323a2898b07e904c2\",\"rated\":\"Rated battle\"}\n>player p1 {\"name\":\"Summer Ant 1\",\"avatar\":\"hilda\",\"rating\":1953,\"seed\":\"sodium,2cd810401a02d4676fa10a2e131dfd01\"}\n>player p2 {\"name\":\"Juggling Queen\",\"avatar\":\"lady\",\"rating\":1985,\"seed\":\"sodium,41fd863c5e6a01b68513a1b468c4719e\"}\n>p1 move playrough\n>p2 move ivycudgel\n>p1 move protect\n>p2 switch 3\n>p1 switch 6\n>p2 move willowisp\n>p1 move stoneedge\n>p2 move hex\n>p2 switch 3\n>p1 switch 2\n>p2 move synthesis\n>p1 switch 2\n>p2 move woodhammer\n>p1 switch 2\n>p2 move ivycudgel\n>p1 move rapidspin\n>p2 switch 4\n>p1 move dracometeor\n>p2 move leechseed\n>p1 move dracometeor\n>p2 switch 6\n>p1 move dracometeor\n>p2 switch 5\n>p1 switch 3\n>p2 move rapidspin\n>p1 move sludgebomb\n>p2 switch 5\n>p2 switch 4\n>p1 move sludgebomb\n>p2 move ivycudgel\n>p1 switch 4\n>p1 move bittermalice\n>p2 move ivycudgel\n>p1 move bittermalice\n>p2 switch 2\n>p1 switch 5\n>p2 move stoneedge\n>p1 move stealthrock\n>p2 move stealthrock\n>p1 move spikes\n>p2 move closecombat\n>p2 switch 5\n>p1 switch 5\n>p2 move rapidspin\n>p1 move hypervoice\n>p2 move earthquake\n>chat ☆Juggling Queen|gg\n>p2 switch 6\n>chat ☆Summer Ant 1|ggs\n>p2 switch 2\n>p1 move hypervoice\n>p2 move ivycudgel", "uploadtime": 1771165376, "views": 13, "formatid": "gen9randombattle", "rating": 1963, "private": 0, "password": null}