{"id": "gen9randombattle-2540639617", "format": "[Gen 9] Random Battle", "players": ["iraqlobster97", "Hellbat666"], "log": "|j|☆iraqlobster97\n|j|☆Hellbat666\n|t:|1771232265\n|gametype|singles\n|player|p1|iraqlobster97|266|1745\n|player|p2|Hellbat666|giovanni|1741\n|gen|9\n|tier|[Gen 9] Random Battle\n|rated|\n|rule|Species Clause: Limit one of each Pokémon\n|rule|HP Percentage Mod: HP is shown in percentages\n|rule|Sleep Clause Mod: Limit one foe put to sleep\n|rule|Illusion Level Mod: Illusion disguises the Pokémon's true level\n|\n|t:|1771232265\n|teamsize|p1|6\n|teamsize|p2|6\n|start\n|switch|p1a: Oricorio|Oricorio-Sensu, L85, F|266/266\n|switch|p2a: Haxorus|Haxorus, L77, F|244/244\n|-ability|p2a: Haxorus|Mold Breaker\n|turn|1\n|inactive|Battle timer is ON: inactive players will automatically lose when time's up. (requested by Hellbat666)\n|\n|t:|1771232289\n|switch|p2a: Tyranitar|Tyranitar, L78, M|284/284\n|-weather|Sandstorm|[from] ability: Sand Stream|[of] p2a: Tyranitar\n|move|p1a: Oricorio|Quiver Dance|p1a: Oricorio\n|-boost|p1a: Oricorio|spa|1\n|-boost|p1a: Oricorio|spd|1\n|-boost|p1a: Oricorio|spe|1\n|\n|-weather|Sandstorm|[upkeep]\n|-damage|p1a: Oricorio|250/266|[from] Sandstorm\n|upkeep\n|turn|2\n|\n|t:|1771232306\n|switch|p1a: Wo-Chien|Wo-Chien, L83|277/277\n|-ability|p1a: Wo-Chien|Tablets of Ruin\n|move|p2a: Tyranitar|Knock Off|p1a: Wo-Chien\n|-resisted|p1a: Wo-Chien\n|-damage|p1a: Wo-Chien|239/277\n|-enditem|p1a: Wo-Chien|Leftovers|[from] move: Knock Off|[of] p2a: Tyranitar\n|\n|-weather|Sandstorm|[upkeep]\n|-damage|p1a: Wo-Chien|222/277|[from] Sandstorm\n|upkeep\n|turn|3\n|\n|t:|1771232322\n|switch|p2a: Torkoal|Torkoal, L88, M|266/266\n|-weather|SunnyDay|[from] ability: Drought|[of] p2a: Torkoal\n|move|p1a: Wo-Chien|Ruination|p2a: Torkoal\n|-damage|p2a: Torkoal|133/266\n|\n|-weather|SunnyDay|[upkeep]\n|upkeep\n|turn|4\n|\n|t:|1771232339\n|switch|p1a: Emboar|Emboar, L84, M|322/322\n|move|p2a: Torkoal|Lava Plume|p1a: Emboar\n|-resisted|p1a: Emboar\n|-damage|p1a: Emboar|249/322\n|\n|-weather|SunnyDay|[upkeep]\n|-heal|p1a: Emboar|269/322|[from] item: Leftovers\n|upkeep\n|turn|5\n|\n|t:|1771232352\n|move|p1a: Emboar|Bulk Up|p1a: Emboar\n|-boost|p1a: Emboar|atk|1\n|-boost|p1a: Emboar|def|1\n|move|p2a: Torkoal|Stealth Rock|p1a: Emboar\n|-sidestart|p1: iraqlobster97|move: Stealth Rock\n|\n|-weather|SunnyDay|[upkeep]\n|-heal|p1a: Emboar|289/322|[from] item: Leftovers\n|upkeep\n|turn|6\n|\n|t:|1771232359\n|move|p1a: Emboar|Trailblaze|p2a: Torkoal\n|-resisted|p2a: Torkoal\n|-damage|p2a: Torkoal|110/266\n|-boost|p1a: Emboar|spe|1\n|move|p2a: Torkoal|Yawn|p1a: Emboar\n|-start|p1a: Emboar|move: Yawn|[of] p2a: Torkoal\n|\n|-weather|SunnyDay|[upkeep]\n|-heal|p1a: Emboar|309/322|[from] item: Leftovers\n|upkeep\n|turn|7\n|\n|t:|1771232369\n|move|p1a: Emboar|Trailblaze|p2a: Torkoal\n|-resisted|p2a: Torkoal\n|-damage|p2a: Torkoal|89/266\n|-boost|p1a: Emboar|spe|1\n|move|p2a: Torkoal|Rapid Spin|p1a: Emboar\n|-damage|p1a: Emboar|281/322\n|-boost|p2a: Torkoal|spe|1\n|\n|-weather|none\n|-heal|p1a: Emboar|301/322|[from] item: Leftovers\n|-end|p1a: Emboar|move: Yawn|[silent]\n|-status|p1a: Emboar|slp\n|upkeep\n|turn|8\n|\n|t:|1771232380\n|switch|p2a: Zapdos|Zapdos, L78|268/268\n|cant|p1a: Emboar|slp\n|\n|-heal|p1a: Emboar|321/322 slp|[from] item: Leftovers\n|upkeep\n|turn|9\n|\n|t:|1771232386\n|-curestatus|p1a: Emboar|slp|[msg]\n|move|p1a: Emboar|Flare Blitz|p2a: Zapdos\n|-damage|p2a: Zapdos|0 fnt\n|-status|p1a: Emboar|par|[from] ability: Static|[of] p2a: Zapdos\n|faint|p2a: Zapdos\n|-damage|p1a: Emboar|233/322 par|[from] Recoil\n|\n|-heal|p1a: Emboar|253/322 par|[from] item: Leftovers\n|upkeep\n|c|☆Hellbat666|hmmm silverlining\n|\n|t:|1771232402\n|switch|p2a: Latios|Latios, L78, M|253/253\n|turn|10\n|\n|t:|1771232412\n|switch|p1a: Wo-Chien|Wo-Chien, L83|222/277\n|-damage|p1a: Wo-Chien|188/277|[from] Stealth Rock\n|-ability|p1a: Wo-Chien|Tablets of Ruin\n|move|p2a: Latios|Calm Mind|p2a: Latios\n|-boost|p2a: Latios|spa|1\n|-boost|p2a: Latios|spd|1\n|\n|upkeep\n|turn|11\n|\n|t:|1771232424\n|move|p2a: Latios|Draco Meteor|p1a: Wo-Chien\n|-damage|p1a: Wo-Chien|0 fnt\n|-unboost|p2a: Latios|spa|2\n|faint|p1a: Wo-Chien\n|\n|upkeep\n|l|☆iraqlobster97\n|inactive|iraqlobster97 disconnected and has a minute to reconnect!\n|player|p1|\n|j|☆iraqlobster97\n|inactive|iraqlobster97 reconnected and has 125 seconds left.\n|player|p1|iraqlobster97|266|\n|\n|t:|1771232447\n|switch|p1a: Oricorio|Oricorio-Sensu, L85, F|250/266\n|turn|12\n|\n|t:|1771232458\n|switch|p1a: Ursaluna|Ursaluna, L79, M|335/335\n|-damage|p1a: Ursaluna|315/335|[from] Stealth Rock\n|move|p2a: Latios|Calm Mind|p2a: Latios\n|-boost|p2a: Latios|spa|1\n|-boost|p2a: Latios|spd|1\n|\n|-status|p1a: Ursaluna|brn|[from] item: Flame Orb\n|upkeep\n|turn|13\n|\n|t:|1771232468\n|move|p2a: Latios|Calm Mind|p2a: Latios\n|-boost|p2a: Latios|spa|1\n|-boost|p2a: Latios|spd|1\n|move|p1a: Ursaluna|Facade|p2a: Latios\n|-damage|p2a: Latios|0 fnt\n|faint|p2a: Latios\n|\n|-damage|p1a: Ursaluna|295/335 brn|[from] brn\n|upkeep\n|\n|t:|1771232492\n|switch|p2a: Maushold|Maushold-Four, L76|238/238\n|turn|14\n|\n|t:|1771232500\n|-terastallize|p2a: Maushold|Ghost\n|move|p2a: Maushold|Encore|p1a: Ursaluna\n|-start|p1a: Ursaluna|Encore\n|move|p1a: Ursaluna|Facade|p2a: Maushold\n|-immune|p2a: Maushold\n|\n|-damage|p1a: Ursaluna|275/335 brn|[from] brn\n|upkeep\n|turn|15\n|\n|t:|1771232509\n|switch|p1a: Glastrier|Glastrier, L86|312/312\n|move|p2a: Maushold|Tidy Up|p2a: Maushold\n|-sideend|p1: iraqlobster97|Stealth Rock\n|-activate|p2a: Maushold|move: Tidy Up\n|-boost|p2a: Maushold|atk|1\n|-boost|p2a: Maushold|spe|1\n|\n|upkeep\n|turn|16\n|\n|t:|1771232520\n|move|p2a: Maushold|Population Bomb|p1a: Glastrier\n|-damage|p1a: Glastrier|288/312\n|-damage|p1a: Glastrier|266/312\n|-damage|p1a: Glastrier|244/312\n|-damage|p1a: Glastrier|219/312\n|-damage|p1a: Glastrier|194/312\n|-damage|p1a: Glastrier|170/312\n|-damage|p1a: Glastrier|143/312\n|-damage|p1a: Glastrier|119/312\n|-damage|p1a: Glastrier|95/312\n|-damage|p1a: Glastrier|70/312\n|-hitcount|p1a: Glastrier|10\n|move|p1a: Glastrier|Icicle Crash|p2a: Maushold|[miss]\n|-miss|p1a: Glastrier|p2a: Maushold\n|\n|upkeep\n|turn|17\n|\n|t:|1771232529\n|move|p2a: Maushold|Population Bomb|p1a: Glastrier\n|-damage|p1a: Glastrier|46/312\n|-damage|p1a: Glastrier|24/312\n|-damage|p1a: Glastrier|0 fnt\n|faint|p1a: Glastrier\n|-hitcount|p1: Glastrier|3\n|\n|upkeep\n|\n|t:|1771232543\n|switch|p1a: Ursaluna|Ursaluna, L79, M|275/335 brn\n|turn|18\n|\n|t:|1771232548\n|move|p2a: Maushold|Population Bomb|p1a: Ursaluna\n|-damage|p1a: Ursaluna|241/335 brn\n|-damage|p1a: Ursaluna|208/335 brn\n|-damage|p1a: Ursaluna|177/335 brn\n|-damage|p1a: Ursaluna|144/335 brn\n|-damage|p1a: Ursaluna|114/335 brn\n|-damage|p1a: Ursaluna|83/335 brn\n|-damage|p1a: Ursaluna|53/335 brn\n|-damage|p1a: Ursaluna|22/335 brn\n|-damage|p1a: Ursaluna|0 fnt\n|faint|p1a: Ursaluna\n|-hitcount|p1: Ursaluna|9\n|\n|upkeep\n|\n|t:|1771232561\n|switch|p1a: Oricorio|Oricorio-Sensu, L85, F|250/266\n|turn|19\n|\n|t:|1771232566\n|move|p2a: Maushold|Bite|p1a: Oricorio\n|-supereffective|p1a: Oricorio\n|-damage|p1a: Oricorio|98/266\n|cant|p1a: Oricorio|flinch\n|\n|upkeep\n|turn|20\n|\n|t:|1771232577\n|move|p2a: Maushold|Bite|p1a: Oricorio\n|-supereffective|p1a: Oricorio\n|-damage|p1a: Oricorio|0 fnt\n|faint|p1a: Oricorio\n|\n|upkeep\n|\n|t:|1771232579\n|switch|p1a: Emboar|Emboar, L84, M|253/322 par\n|turn|21\n|\n|t:|1771232582\n|move|p2a: Maushold|Population Bomb|p1a: Emboar\n|-damage|p1a: Emboar|208/322 par\n|-damage|p1a: Emboar|168/322 par\n|-damage|p1a: Emboar|128/322 par\n|-damage|p1a: Emboar|91/322 par\n|-damage|p1a: Emboar|49/322 par\n|-damage|p1a: Emboar|7/322 par\n|-damage|p1a: Emboar|0 fnt\n|faint|p1a: Emboar\n|-hitcount|p1: Emboar|7\n|\n|upkeep\n|\n|t:|1771232585\n|switch|p1a: Calyrex|Calyrex-Shadow, L64|235/235\n|-ability|p1a: Calyrex|As One\n|-ability|p1a: Calyrex|Unnerve\n|turn|22\n|c|☆Hellbat666|gg\n|\n|t:|1771232595\n|-terastallize|p1a: Calyrex|Ghost\n|move|p2a: Maushold|Bite|p1a: Calyrex\n|-supereffective|p1a: Calyrex\n|-damage|p1a: Calyrex|65/235\n|move|p1a: Calyrex|Astral Barrage|p2a: Maushold\n|-supereffective|p2a: Maushold\n|-damage|p2a: Maushold|0 fnt\n|faint|p2a: Maushold\n|-ability|p1a: Calyrex|Grim Neigh|boost\n|-boost|p1a: Calyrex|spa|1\n|\n|upkeep\n|\n|t:|1771232600\n|switch|p2a: Tyranitar|Tyranitar, L78, M|284/284\n|-weather|Sandstorm|[from] ability: Sand Stream|[of] p2a: Tyranitar\n|turn|23\n|\n|t:|1771232609\n|move|p1a: Calyrex|Astral Barrage|p2a: Tyranitar\n|-resisted|p2a: Tyranitar\n|-damage|p2a: Tyranitar|209/284\n|move|p2a: Tyranitar|Knock Off|p1a: Calyrex\n|-supereffective|p1a: Calyrex\n|-damage|p1a: Calyrex|0 fnt\n|-enditem|p1a: Calyrex|Choice Specs|[from] move: Knock Off|[of] p2a: Tyranitar\n|faint|p1a: Calyrex\n|\n|win|Hellbat666\n|raw|iraqlobster97's rating: 1745 &rarr; <strong>1725</strong><br />(-20 for losing)\n|raw|Hellbat666's rating: 1741 &rarr; <strong>1761</strong><br />(+20 for winning)\n|l|☆iraqlobster97\n|player|p1|\n", "inputlog": ">version 686819e5e19f8a7fd2345cfc5a08a5085efa2cc3\n>start {\"formatid\":\"gen9randombattle\",\"seed\":\"sodium,8b0961d4e20302c7e66e27a06d80f2d9\",\"rated\":\"Rated battle\"}\n>player p1 {\"name\":\"iraqlobster97\",\"avatar\":\"266\",\"rating\":1745,\"seed\":\"sodium,2ef61908f56920263c046c1ec66c6d85\"}\n>player p2 {\"name\":\"Hellbat666\",\"avatar\":\"giovanni\",\"rating\":1741,\"seed\":\"sodium,416792f62318a6e6861aefd5cf16a434\"}\n>p1 move quiverdance\n>p2 switch 4\n>p1 switch 4\n>p2 move knockoff\n>p1 move ruination\n>p2 switch 2\n>p1 switch 6\n>p2 move lavaplume\n>p1 move bulkup\n>p2 move stealthrock\n>p1 move trailblaze\n>p2 move yawn\n>p1 move trailblaze\n>p2 move rapidspin\n>p1 move drainpunch\n>p2 switch 3\n>p1 move flareblitz\n>p2 move hurricane\n>chat ☆Hellbat666|hmmm silverlining\n>p2 switch 6\n>p1 switch 6\n>p2 move calmmind\n>p1 move knockoff\n>p2 move dracometeor\n>p1 switch 4\n>p1 switch 2\n>p2 move calmmind\n>p1 move facade\n>p2 move calmmind\n>p2 switch 5\n>p1 move headlongrush\n>p2 move encore terastallize\n>p1 switch 5\n>p2 move tidyup\n>p1 move iciclecrash\n>p2 move populationbomb\n>p1 move iciclecrash\n>p2 move populationbomb\n>p1 switch 5\n>p1 move headlongrush\n>p2 move populationbomb\n>p1 switch 2\n>p1 move quiverdance\n>p2 move bite\n>p1 move quiverdance\n>p2 move bite\n>p1 switch 6\n>p1 move drainpunch\n>p2 move populationbomb\n>p1 switch 3\n>chat ☆Hellbat666|gg\n>p1 move astralbarrage terastallize\n>p2 move bite\n>p2 switch 2\n>p1 move astralbarrage\n>p2 move knockoff", "uploadtime": 1771232620, "views": 15, "formatid": "gen9randombattle", "rating": 1725, "private": 0, "password": null}