{"id": "gen9randombattle-2540285757", "format": "[Gen 9] Random Battle", "players": ["Riolo_1241", "Phani42"], "log": "|j|☆Riolo_1241\n|j|☆Phani42\n|t:|1771184659\n|gametype|singles\n|player|p1|Riolo_1241|101|1783\n|player|p2|Phani42|1|1733\n|gen|9\n|tier|[Gen 9] Random Battle\n|rated|\n|rule|Species Clause: Limit one of each Pokémon\n|rule|HP Percentage Mod: HP is shown in percentages\n|rule|Sleep Clause Mod: Limit one foe put to sleep\n|rule|Illusion Level Mod: Illusion disguises the Pokémon's true level\n|\n|t:|1771184659\n|teamsize|p1|6\n|teamsize|p2|6\n|start\n|switch|p1a: Baxcalibur|Baxcalibur, L75, M|296/296\n|switch|p2a: Keldeo|Keldeo-Resolute, L79|273/273\n|turn|1\n|inactive|Battle timer is ON: inactive players will automatically lose when time's up. (requested by Phani42)\n|\n|t:|1771184667\n|switch|p1a: Polteageist|Polteageist, L78|222/222\n|move|p2a: Keldeo|Secret Sword|p1a: Polteageist\n|-immune|p1a: Polteageist\n|\n|upkeep\n|turn|2\n|\n|t:|1771184671\n|switch|p2a: Skuntank|Skuntank, L84, F|310/310\n|move|p1a: Polteageist|Shell Smash|p1a: Polteageist\n|-unboost|p1a: Polteageist|def|1\n|-unboost|p1a: Polteageist|spd|1\n|-boost|p1a: Polteageist|atk|2\n|-boost|p1a: Polteageist|spa|2\n|-boost|p1a: Polteageist|spe|2\n|-enditem|p1a: Polteageist|White Herb\n|-clearnegativeboost|p1a: Polteageist|[silent]\n|\n|upkeep\n|turn|3\n|\n|t:|1771184677\n|-terastallize|p1a: Polteageist|Fighting\n|move|p1a: Polteageist|Tera Blast|p2a: Skuntank|[anim] Tera Blast Fighting\n|-damage|p2a: Skuntank|154/310\n|move|p2a: Skuntank|Knock Off|p1a: Polteageist\n|-resisted|p1a: Polteageist\n|-damage|p1a: Polteageist|180/222\n|\n|upkeep\n|turn|4\n|\n|t:|1771184684\n|switch|p2a: Gholdengo|Gholdengo, L77|261/261\n|move|p1a: Polteageist|Tera Blast|p2a: Gholdengo|[anim] Tera Blast Fighting\n|-immune|p2a: Gholdengo\n|\n|upkeep\n|turn|5\n|\n|t:|1771184700\n|switch|p2a: Skuntank|Skuntank, L84, F|154/310\n|move|p1a: Polteageist|Shadow Ball|p2a: Skuntank\n|-resisted|p2a: Skuntank\n|-damage|p2a: Skuntank|73/310\n|-unboost|p2a: Skuntank|spd|1\n|\n|upkeep\n|turn|6\n|\n|t:|1771184707\n|move|p2a: Skuntank|Sucker Punch|p1a: Polteageist\n|-resisted|p1a: Polteageist\n|-damage|p1a: Polteageist|130/222\n|move|p1a: Polteageist|Shadow Ball|p2a: Skuntank\n|-resisted|p2a: Skuntank\n|-damage|p2a: Skuntank|0 fnt\n|faint|p2a: Skuntank\n|\n|upkeep\n|\n|t:|1771184711\n|switch|p2a: Rhyperior|Rhyperior, L82, F|323/323\n|turn|7\n|\n|t:|1771184715\n|move|p1a: Polteageist|Tera Blast|p2a: Rhyperior|[anim] Tera Blast Fighting\n|-supereffective|p2a: Rhyperior\n|-damage|p2a: Rhyperior|31/323\n|move|p2a: Rhyperior|Dragon Tail|p1a: Polteageist|[miss]\n|-miss|p2a: Rhyperior|p1a: Polteageist\n|\n|upkeep\n|turn|8\n|\n|t:|1771184722\n|move|p1a: Polteageist|Shadow Ball|p2a: Rhyperior\n|-damage|p2a: Rhyperior|0 fnt\n|faint|p2a: Rhyperior\n|\n|upkeep\n|\n|t:|1771184724\n|switch|p2a: Meganium|Meganium, L90, F|290/290\n|turn|9\n|\n|t:|1771184728\n|move|p1a: Polteageist|Shadow Ball|p2a: Meganium\n|-damage|p2a: Meganium|122/290\n|move|p2a: Meganium|Dragon Tail|p1a: Polteageist\n|-damage|p1a: Polteageist|76/222\n|drag|p1a: Arbok|Arbok, L87, M|246/246\n|-ability|p1a: Arbok|Intimidate|boost\n|-unboost|p2a: Meganium|atk|1\n|\n|-heal|p2a: Meganium|140/290|[from] item: Leftovers\n|upkeep\n|turn|10\n|\n|t:|1771184739\n|switch|p2a: Gholdengo|Gholdengo, L77|261/261\n|move|p1a: Arbok|Gunk Shot|p2a: Gholdengo\n|-immune|p2a: Gholdengo\n|\n|upkeep\n|turn|11\n|\n|t:|1771184743\n|switch|p2a: Meganium|Meganium, L90, F|140/290\n|move|p1a: Arbok|Glare|p2a: Meganium\n|-status|p2a: Meganium|par\n|\n|-heal|p2a: Meganium|158/290 par|[from] item: Leftovers\n|upkeep\n|turn|12\n|\n|t:|1771184749\n|move|p1a: Arbok|Gunk Shot|p2a: Meganium\n|-supereffective|p2a: Meganium\n|-damage|p2a: Meganium|0 fnt\n|faint|p2a: Meganium\n|-damage|p1a: Arbok|222/246|[from] item: Life Orb\n|\n|upkeep\n|\n|t:|1771184753\n|switch|p2a: Gholdengo|Gholdengo, L77|261/261\n|turn|13\n|\n|t:|1771184759\n|move|p1a: Arbok|Glare|p2a: Gholdengo\n|-immune|p2a: Gholdengo|[from] ability: Good as Gold\n|move|p2a: Gholdengo|Nasty Plot|p2a: Gholdengo\n|-boost|p2a: Gholdengo|spa|2\n|\n|upkeep\n|turn|14\n|\n|t:|1771184763\n|move|p1a: Arbok|Earthquake|p2a: Gholdengo\n|-supereffective|p2a: Gholdengo\n|-damage|p2a: Gholdengo|45/261\n|-damage|p1a: Arbok|198/246|[from] item: Life Orb\n|move|p2a: Gholdengo|Make It Rain|p1a: Arbok\n|-damage|p1a: Arbok|0 fnt\n|-unboost|p2a: Gholdengo|spa|1\n|faint|p1a: Arbok\n|\n|-heal|p2a: Gholdengo|61/261|[from] item: Leftovers\n|upkeep\n|\n|t:|1771184771\n|switch|p1a: Krookodile|Krookodile, L80, F|283/283\n|-ability|p1a: Krookodile|Intimidate|boost\n|-unboost|p2a: Gholdengo|atk|1\n|turn|15\n|\n|t:|1771184780\n|move|p1a: Krookodile|Earthquake|p2a: Gholdengo\n|-supereffective|p2a: Gholdengo\n|-damage|p2a: Gholdengo|0 fnt\n|faint|p2a: Gholdengo\n|\n|upkeep\n|\n|t:|1771184782\n|switch|p2a: Drifblim|Drifblim, L86, F|396/396\n|turn|16\n|\n|t:|1771184787\n|switch|p1a: Glalie|Glalie, L96, F|309/309\n|move|p2a: Drifblim|Strength Sap|p1a: Glalie\n|-unboost|p1a: Glalie|atk|1\n|\n|upkeep\n|turn|17\n|\n|t:|1771184793\n|-terastallize|p2a: Drifblim|Ghost\n|move|p1a: Glalie|Freeze-Dry|p2a: Drifblim\n|-damage|p2a: Drifblim|287/396\n|move|p2a: Drifblim|Calm Mind|p2a: Drifblim\n|-boost|p2a: Drifblim|spa|1\n|-boost|p2a: Drifblim|spd|1\n|\n|upkeep\n|turn|18\n|\n|t:|1771184798\n|move|p1a: Glalie|Disable|p2a: Drifblim\n|-start|p2a: Drifblim|Disable|Calm Mind\n|cant|p2a: Drifblim|Disable|Calm Mind\n|\n|upkeep\n|turn|19\n|\n|t:|1771184801\n|switch|p1a: Polteageist|Polteageist, L78, tera:Fighting|76/222\n|move|p2a: Drifblim|Strength Sap|p1a: Polteageist\n|-unboost|p1a: Polteageist|atk|1\n|-heal|p2a: Drifblim|393/396\n|\n|upkeep\n|turn|20\n|\n|t:|1771184807\n|move|p2a: Drifblim|Shadow Ball|p1a: Polteageist\n|-damage|p1a: Polteageist|0 fnt\n|faint|p1a: Polteageist\n|\n|upkeep\n|\n|t:|1771184812\n|switch|p1a: Krookodile|Krookodile, L80, F|283/283\n|-ability|p1a: Krookodile|Intimidate|boost\n|-unboost|p2a: Drifblim|atk|1\n|turn|21\n|\n|t:|1771184816\n|move|p1a: Krookodile|Knock Off|p2a: Drifblim\n|-supereffective|p2a: Drifblim\n|-damage|p2a: Drifblim|61/396\n|-enditem|p2a: Drifblim|Sitrus Berry|[from] move: Knock Off|[of] p1a: Krookodile\n|move|p2a: Drifblim|Strength Sap|p1a: Krookodile\n|-unboost|p1a: Krookodile|atk|1\n|-heal|p2a: Drifblim|294/396\n|\n|-end|p2a: Drifblim|Disable\n|upkeep\n|turn|22\n|\n|t:|1771184820\n|move|p2a: Drifblim|Calm Mind|p2a: Drifblim\n|-boost|p2a: Drifblim|spa|1\n|-boost|p2a: Drifblim|spd|1\n|move|p1a: Krookodile|Knock Off|p2a: Drifblim\n|-supereffective|p2a: Drifblim\n|-damage|p2a: Drifblim|150/396\n|\n|upkeep\n|turn|23\n|\n|t:|1771184823\n|move|p2a: Drifblim|Strength Sap|p1a: Krookodile\n|-unboost|p1a: Krookodile|atk|1\n|-heal|p2a: Drifblim|305/396\n|move|p1a: Krookodile|Knock Off|p2a: Drifblim\n|-supereffective|p2a: Drifblim\n|-damage|p2a: Drifblim|183/396\n|\n|upkeep\n|turn|24\n|\n|t:|1771184827\n|move|p2a: Drifblim|Calm Mind|p2a: Drifblim\n|-boost|p2a: Drifblim|spa|1\n|-boost|p2a: Drifblim|spd|1\n|move|p1a: Krookodile|Knock Off|p2a: Drifblim\n|-supereffective|p2a: Drifblim\n|-damage|p2a: Drifblim|67/396\n|\n|upkeep\n|turn|25\n|\n|t:|1771184832\n|move|p2a: Drifblim|Strength Sap|p1a: Krookodile\n|-unboost|p1a: Krookodile|atk|1\n|-heal|p2a: Drifblim|183/396\n|move|p1a: Krookodile|Knock Off|p2a: Drifblim\n|-supereffective|p2a: Drifblim\n|-damage|p2a: Drifblim|97/396\n|\n|upkeep\n|turn|26\n|\n|t:|1771184837\n|move|p2a: Drifblim|Air Slash|p1a: Krookodile\n|-damage|p1a: Krookodile|22/283\n|move|p1a: Krookodile|Knock Off|p2a: Drifblim\n|-supereffective|p2a: Drifblim\n|-damage|p2a: Drifblim|7/396\n|\n|upkeep\n|turn|27\n|\n|t:|1771184842\n|move|p2a: Drifblim|Shadow Ball|p1a: Krookodile\n|-resisted|p1a: Krookodile\n|-damage|p1a: Krookodile|0 fnt\n|faint|p1a: Krookodile\n|\n|upkeep\n|\n|t:|1771184852\n|switch|p1a: Baxcalibur|Baxcalibur, L75, M|296/296\n|turn|28\n|\n|t:|1771184856\n|move|p2a: Drifblim|Strength Sap|p1a: Baxcalibur\n|-unboost|p1a: Baxcalibur|atk|1\n|-heal|p2a: Drifblim|268/396\n|move|p1a: Baxcalibur|Dragon Dance|p1a: Baxcalibur\n|-boost|p1a: Baxcalibur|atk|1\n|-boost|p1a: Baxcalibur|spe|1\n|\n|upkeep\n|turn|29\n|\n|t:|1771184862\n|move|p2a: Drifblim|Strength Sap|p1a: Baxcalibur\n|-unboost|p1a: Baxcalibur|atk|1\n|-heal|p2a: Drifblim|396/396\n|move|p1a: Baxcalibur|Dragon Dance|p1a: Baxcalibur\n|-boost|p1a: Baxcalibur|atk|1\n|-boost|p1a: Baxcalibur|spe|1\n|\n|upkeep\n|turn|30\n|\n|t:|1771184869\n|move|p2a: Drifblim|Shadow Ball|p1a: Baxcalibur\n|-crit|p1a: Baxcalibur\n|-damage|p1a: Baxcalibur|0 fnt\n|faint|p1a: Baxcalibur\n|\n|upkeep\n|\n|t:|1771184880\n|switch|p1a: Poliwrath|Poliwrath, L88, M|302/302\n|turn|31\n|\n|t:|1771184883\n|move|p2a: Drifblim|Air Slash|p1a: Poliwrath|[miss]\n|-miss|p2a: Drifblim|p1a: Poliwrath\n|move|p1a: Poliwrath|Knock Off|p2a: Drifblim\n|-supereffective|p2a: Drifblim\n|-damage|p2a: Drifblim|238/396\n|\n|upkeep\n|turn|32\n|\n|t:|1771184888\n|move|p2a: Drifblim|Strength Sap|p1a: Poliwrath\n|-unboost|p1a: Poliwrath|atk|1\n|-heal|p2a: Drifblim|396/396\n|move|p1a: Poliwrath|Knock Off|p2a: Drifblim\n|-supereffective|p2a: Drifblim\n|-damage|p2a: Drifblim|294/396\n|\n|upkeep\n|turn|33\n|-message|Riolo_1241 forfeited.\n|\n|win|Phani42\n|raw|Riolo_1241's rating: 1783 &rarr; <strong>1760</strong><br />(-23 for losing)\n|raw|Phani42's rating: 1733 &rarr; <strong>1756</strong><br />(+23 for winning)\n|l|☆Riolo_1241\n|player|p1|\n", "inputlog": ">version 686819e5e19f8a7fd2345cfc5a08a5085efa2cc3\n>start {\"formatid\":\"gen9randombattle\",\"seed\":\"sodium,f9b2e8bfa334199bb6c7bab174fa8a1c\",\"rated\":\"Rated battle\"}\n>player p1 {\"name\":\"Riolo_1241\",\"avatar\":\"101\",\"rating\":1783,\"seed\":\"sodium,94bd28780c94c7319f11b54d6c257967\"}\n>player p2 {\"name\":\"Phani42\",\"avatar\":\"1\",\"rating\":1733,\"seed\":\"sodium,3bd4bce1842f26c621c0d45b24e1001c\"}\n>p1 switch 6\n>p2 move secretsword\n>p1 move shellsmash\n>p2 switch 6\n>p1 move terablast terastallize\n>p2 move knockoff\n>p1 move terablast\n>p2 switch 2\n>p1 move shadowball\n>p2 switch 2\n>p1 move shadowball\n>p2 move suckerpunch\n>p2 switch 5\n>p1 move terablast\n>p2 move dragontail\n>p1 move shadowball\n>p2 move dragontail\n>p2 switch 4\n>p1 move shadowball\n>p2 move dragontail\n>p1 move gunkshot\n>p2 switch 2\n>p1 move glare\n>p2 switch 2\n>p1 move gunkshot\n>p2 move dragontail\n>p2 switch 2\n>p1 move glare\n>p2 move nastyplot\n>p1 move earthquake\n>p2 move makeitrain\n>p1 switch 3\n>p1 move earthquake\n>p2 move makeitrain\n>p2 switch 3\n>p1 switch 4\n>p2 move strengthsap\n>p1 move freezedry\n>p2 move calmmind terastallize\n>p1 move disable\n>p2 move calmmind\n>p1 switch 5\n>p2 move strengthsap\n>p1 move shellsmash\n>p2 move shadowball\n>p1 switch 4\n>p1 move knockoff\n>p2 move strengthsap\n>p1 move knockoff\n>p2 move calmmind\n>p1 move knockoff\n>p2 move strengthsap\n>p1 move knockoff\n>p2 move calmmind\n>p1 move knockoff\n>p2 move strengthsap\n>p1 move knockoff\n>p2 move airslash\n>p1 move knockoff\n>p2 move shadowball\n>p1 switch 6\n>p1 move dragondance\n>p2 move strengthsap\n>p1 move dragondance\n>p2 move strengthsap\n>p1 move dragondance\n>p2 move shadowball\n>p1 switch 2\n>p1 move knockoff\n>p2 move airslash\n>p1 move knockoff\n>p2 move strengthsap\n>forcelose p1", "uploadtime": 1771184902, "views": 9, "formatid": "gen9randombattle", "rating": 1756, "private": 0, "password": null}