{"id": "gen9randombattle-2540188771", "format": "[Gen 9] Random Battle", "players": ["ozzysaul", "Windy5555"], "log": "|j|☆ozzysaul\n|j|☆Windy5555\n|t:|1771173643\n|gametype|singles\n|player|p1|ozzysaul|102|1645\n|player|p2|Windy5555|colress|1638\n|gen|9\n|tier|[Gen 9] Random Battle\n|rated|\n|rule|Species Clause: Limit one of each Pokémon\n|rule|HP Percentage Mod: HP is shown in percentages\n|rule|Sleep Clause Mod: Limit one foe put to sleep\n|rule|Illusion Level Mod: Illusion disguises the Pokémon's true level\n|\n|t:|1771173643\n|teamsize|p1|6\n|teamsize|p2|6\n|start\n|switch|p1a: Ampharos|Ampharos, L88, F|302/302\n|switch|p2a: Talonflame|Talonflame, L83, F|219/219\n|turn|1\n|inactive|Battle timer is ON: inactive players will automatically lose when time's up. (requested by Windy5555)\n|inactive|Windy5555 has 120 seconds left.\n|\n|t:|1771173684\n|switch|p2a: Great Tusk|Great Tusk, L77|304/304\n|-enditem|p2a: Great Tusk|Booster Energy\n|-activate|p2a: Great Tusk|ability: Protosynthesis|[fromitem]\n|-start|p2a: Great Tusk|protosynthesisatk\n|move|p1a: Ampharos|Volt Switch|p2a: Great Tusk\n|-immune|p2a: Great Tusk\n|\n|upkeep\n|turn|2\n|\n|t:|1771173699\n|move|p2a: Great Tusk|Earthquake|p1a: Ampharos\n|-supereffective|p1a: Ampharos\n|-damage|p1a: Ampharos|38/302\n|move|p1a: Ampharos|Dazzling Gleam|p2a: Great Tusk\n|-supereffective|p2a: Great Tusk\n|-damage|p2a: Great Tusk|74/304\n|\n|upkeep\n|turn|3\n|\n|t:|1771173711\n|switch|p1a: Vikavolt|Vikavolt, L83, M|263/263\n|move|p2a: Great Tusk|Earthquake|p1a: Vikavolt\n|-immune|p1a: Vikavolt|[from] ability: Levitate\n|\n|upkeep\n|turn|4\n|\n|t:|1771173719\n|move|p2a: Great Tusk|Stone Edge|p1a: Vikavolt\n|-supereffective|p1a: Vikavolt\n|-damage|p1a: Vikavolt|57/263\n|move|p1a: Vikavolt|Energy Ball|p2a: Great Tusk\n|-supereffective|p2a: Great Tusk\n|-damage|p2a: Great Tusk|0 fnt\n|faint|p2a: Great Tusk\n|-end|p2a: Great Tusk|Protosynthesis|[silent]\n|\n|upkeep\n|\n|t:|1771173740\n|switch|p2a: Ariados|Ariados, L95, F|287/287\n|turn|5\n|\n|t:|1771173744\n|move|p2a: Ariados|Poison Jab|p1a: Vikavolt\n|-damage|p1a: Vikavolt|0 fnt\n|faint|p1a: Vikavolt\n|\n|upkeep\n|\n|t:|1771173754\n|switch|p1a: Flareon|Flareon, L90, M|263/263\n|turn|6\n|\n|t:|1771173760\n|move|p1a: Flareon|Flare Blitz|p2a: Ariados\n|-supereffective|p2a: Ariados\n|-damage|p2a: Ariados|0 fnt\n|faint|p2a: Ariados\n|-damage|p1a: Flareon|168/263|[from] Recoil\n|\n|-status|p1a: Flareon|tox|[from] item: Toxic Orb\n|upkeep\n|\n|t:|1771173772\n|switch|p2a: Talonflame|Talonflame, L83, F|219/219\n|turn|7\n|\n|t:|1771173788\n|move|p2a: Talonflame|Bitter Malice|p1a: Flareon\n|-damage|p1a: Flareon|66/263 tox\n|-unboost|p1a: Flareon|atk|1\n|move|p1a: Flareon|Facade|p2a: Talonflame\n|-immune|p2a: Talonflame\n|\n|-damage|p1a: Flareon|50/263 tox|[from] psn\n|upkeep\n|turn|8\n|\n|t:|1771173798\n|move|p2a: Talonflame|Bitter Malice|p1a: Flareon\n|-damage|p1a: Flareon|0 fnt\n|faint|p1a: Flareon\n|\n|upkeep\n|\n|t:|1771173800\n|switch|p1a: Lokix|Lokix, L82, M|251/251\n|turn|9\n|\n|t:|1771173814\n|switch|p2a: Dachsbun|Dachsbun, L92, F|254/254\n|move|p1a: Lokix|First Impression|p2a: Dachsbun\n|-resisted|p2a: Dachsbun\n|-damage|p2a: Dachsbun|164/254\n|\n|-heal|p2a: Dachsbun|179/254|[from] item: Leftovers\n|upkeep\n|turn|10\n|\n|t:|1771173828\n|switch|p1a: Ampharos|Ampharos, L88, F|38/302\n|move|p2a: Dachsbun|Wish|p2a: Dachsbun\n|\n|-heal|p2a: Dachsbun|194/254|[from] item: Leftovers\n|upkeep\n|turn|11\n|\n|t:|1771173836\n|move|p2a: Dachsbun|Play Rough|p1a: Ampharos\n|-damage|p1a: Ampharos|0 fnt\n|faint|p1a: Ampharos\n|\n|-heal|p2a: Dachsbun|254/254|[from] move: Wish|[wisher] Dachsbun\n|upkeep\n|\n|t:|1771173842\n|switch|p1a: Hypno|Hypno, L95, M|315/315\n|turn|12\n|\n|t:|1771173850\n|move|p2a: Dachsbun|Play Rough|p1a: Hypno|[miss]\n|-miss|p2a: Dachsbun|p1a: Hypno\n|move|p1a: Hypno|Thunder Wave|p2a: Dachsbun\n|-status|p2a: Dachsbun|par\n|\n|upkeep\n|turn|13\n|\n|t:|1771173858\n|move|p1a: Hypno|Knock Off|p2a: Dachsbun\n|-resisted|p2a: Dachsbun\n|-damage|p2a: Dachsbun|226/254 par\n|-enditem|p2a: Dachsbun|Leftovers|[from] move: Knock Off|[of] p1a: Hypno\n|move|p2a: Dachsbun|Play Rough|p1a: Hypno\n|-damage|p1a: Hypno|210/315\n|\n|-heal|p1a: Hypno|229/315|[from] item: Leftovers\n|upkeep\n|turn|14\n|\n|t:|1771173868\n|move|p1a: Hypno|Psychic Noise|p2a: Dachsbun\n|-damage|p2a: Dachsbun|147/254 par\n|-start|p2a: Dachsbun|move: Heal Block\n|move|p2a: Dachsbun|Play Rough|p1a: Hypno\n|-damage|p1a: Hypno|135/315\n|\n|-heal|p1a: Hypno|154/315|[from] item: Leftovers\n|upkeep\n|turn|15\n|\n|t:|1771173878\n|move|p1a: Hypno|Psychic Noise|p2a: Dachsbun\n|-damage|p2a: Dachsbun|72/254 par\n|move|p2a: Dachsbun|Play Rough|p1a: Hypno\n|-damage|p1a: Hypno|58/315\n|\n|-heal|p1a: Hypno|77/315|[from] item: Leftovers\n|-end|p2a: Dachsbun|move: Heal Block\n|upkeep\n|turn|16\n|\n|t:|1771173887\n|move|p1a: Hypno|Psychic Noise|p2a: Dachsbun\n|-damage|p2a: Dachsbun|0 fnt\n|faint|p2a: Dachsbun\n|\n|-heal|p1a: Hypno|96/315|[from] item: Leftovers\n|upkeep\n|\n|t:|1771173905\n|switch|p2a: Arceus|Arceus-Ghost, L69|280/280\n|turn|17\n|\n|t:|1771173916\n|move|p2a: Arceus|Judgment|p1a: Hypno\n|-supereffective|p1a: Hypno\n|-damage|p1a: Hypno|0 fnt\n|faint|p1a: Hypno\n|\n|upkeep\n|\n|t:|1771173919\n|switch|p1a: Lokix|Lokix, L82, M|251/251\n|turn|18\n|\n|t:|1771173934\n|switch|p2a: Talonflame|Talonflame, L83, F|265/265\n|move|p1a: Lokix|Knock Off|p2a: Talonflame\n|-damage|p2a: Talonflame|141/265\n|-enditem|p2a: Talonflame|Heavy-Duty Boots|[from] move: Knock Off|[of] p1a: Lokix\n|\n|upkeep\n|turn|19\n|\n|t:|1771173945\n|move|p1a: Lokix|Sucker Punch|p2a: Talonflame\n|-damage|p2a: Talonflame|50/265\n|-status|p1a: Lokix|brn|[from] ability: Flame Body|[of] p2a: Talonflame\n|move|p2a: Talonflame|Brave Bird|p1a: Lokix\n|-supereffective|p1a: Lokix\n|-damage|p1a: Lokix|0 fnt\n|faint|p1a: Lokix\n|-damage|p2a: Talonflame|0 fnt|[from] Recoil\n|faint|p2a: Talonflame\n|\n|upkeep\n|\n|t:|1771173959\n|switch|p2a: Arceus|Arceus-Ghost, L69|219/219\n|switch|p1a: Torterra|Torterra, L78, M|276/276\n|turn|20\n|\n|t:|1771173971\n|move|p2a: Arceus|Trick|p1a: Torterra\n|-activate|p2a: Arceus|move: Trick|[of] p1a: Torterra\n|-item|p1a: Torterra|Choice Specs|[from] move: Trick\n|-item|p2a: Arceus|Loaded Dice|[from] move: Trick\n|move|p1a: Torterra|Shell Smash|p1a: Torterra\n|-unboost|p1a: Torterra|def|1\n|-unboost|p1a: Torterra|spd|1\n|-boost|p1a: Torterra|atk|2\n|-boost|p1a: Torterra|spa|2\n|-boost|p1a: Torterra|spe|2\n|\n|upkeep\n|turn|21\n|-message|ozzysaul forfeited.\n|\n|win|Windy5555\n|raw|ozzysaul's rating: 1645 &rarr; <strong>1625</strong><br />(-20 for losing)\n|raw|Windy5555's rating: 1638 &rarr; <strong>1658</strong><br />(+20 for winning)\n|l|☆ozzysaul\n|player|p1|\n", "inputlog": ">version 686819e5e19f8a7fd2345cfc5a08a5085efa2cc3\n>start {\"formatid\":\"gen9randombattle\",\"seed\":\"sodium,2f4323cb2cd8c8100cea05d954c0198b\",\"rated\":\"Rated battle\"}\n>player p1 {\"name\":\"ozzysaul\",\"avatar\":\"102\",\"rating\":1645,\"seed\":\"sodium,d6eb0adf114886f3bbd280ee15b50ce1\"}\n>player p2 {\"name\":\"Windy5555\",\"avatar\":\"colress\",\"rating\":1638,\"seed\":\"sodium,284181580ffee9af7cb1adf607cb8624\"}\n>p1 move voltswitch\n>p2 switch 5\n>p1 move dazzlinggleam\n>p2 move earthquake\n>p1 switch 3\n>p2 move earthquake\n>p1 move energyball\n>p2 move stoneedge\n>p2 switch 3\n>p1 move stickyweb\n>p2 move poisonjab\n>p1 switch 5\n>p1 move flareblitz\n>p2 move stickyweb\n>p2 switch 5\n>p1 move facade\n>p2 move bittermalice\n>p1 move flareblitz\n>p2 move bittermalice\n>p1 switch 2\n>p1 move firstimpression\n>p2 switch 2\n>p1 switch 3\n>p2 move wish\n>p1 move discharge\n>p2 move playrough\n>p1 switch 4\n>p1 move thunderwave\n>p2 move playrough\n>p1 move knockoff\n>p2 move playrough\n>p1 move psychicnoise\n>p2 move playrough\n>p1 move psychicnoise\n>p2 move playrough\n>p1 move psychicnoise\n>p2 move playrough\n>p2 switch 4\n>p1 move thunderwave\n>p2 move judgment\n>p1 switch 3\n>p1 move knockoff\n>p2 switch 6\n>p1 move suckerpunch\n>p2 move bravebird\n>p1 switch 6\n>p2 switch 2\n>p1 move shellsmash\n>p2 move trick\n>forcelose p1", "uploadtime": 1771174020, "views": 11, "formatid": "gen9randombattle", "rating": 1625, "private": 0, "password": null}