{"id": "gen9randombattle-2540511342", "format": "[Gen 9] Random Battle", "players": ["kdkmal", "polite96rg"], "log": "|j|☆kdkmal\n|j|☆polite96rg\n|t:|1771211212\n|gametype|singles\n|player|p1|kdkmal|265|1727\n|player|p2|polite96rg|2|1710\n|gen|9\n|tier|[Gen 9] Random Battle\n|rated|\n|rule|Species Clause: Limit one of each Pokémon\n|rule|HP Percentage Mod: HP is shown in percentages\n|rule|Sleep Clause Mod: Limit one foe put to sleep\n|rule|Illusion Level Mod: Illusion disguises the Pokémon's true level\n|\n|t:|1771211212\n|teamsize|p1|6\n|teamsize|p2|6\n|start\n|switch|p1a: Regice|Regice, L88|284/284\n|switch|p2a: Venusaur|Venusaur, L84, F|272/272\n|turn|1\n|inactive|Battle timer is ON: inactive players will automatically lose when time's up. (requested by polite96rg)\n|inactive|polite96rg has 120 seconds left.\n|inactive|polite96rg has 90 seconds left.\n|\n|t:|1771211273\n|move|p2a: Venusaur|Sleep Powder|p1a: Regice\n|-status|p1a: Regice|slp|[from] move: Sleep Powder\n|cant|p1a: Regice|slp\n|\n|upkeep\n|turn|2\n|\n|t:|1771211281\n|switch|p2a: Luvdisc|Luvdisc, M|247/247\n|cant|p1a: Regice|slp\n|move|p1a: Regice|Sleep Talk|p1a: Regice\n|move|p1a: Regice|Rest||[from] move: Sleep Talk|[still]\n|-fail|p1a: Regice\n|\n|upkeep\n|turn|3\n|\n|t:|1771211291\n|move|p2a: Luvdisc|Substitute|p2a: Luvdisc\n|-start|p2a: Luvdisc|Substitute\n|-damage|p2a: Luvdisc|186/247\n|-curestatus|p1a: Regice|slp|[msg]\n|move|p1a: Regice|Sleep Talk||[still]\n|-fail|p1a: Regice\n|\n|upkeep\n|turn|4\n|\n|t:|1771211300\n|move|p2a: Luvdisc|Surf|p1a: Regice\n|-damage|p1a: Regice|250/284\n|move|p1a: Regice|Thunderbolt|p2a: Luvdisc\n|-supereffective|p2a: Luvdisc\n|-end|p2a: Luvdisc|Substitute\n|\n|upkeep\n|turn|5\n|\n|t:|1771211307\n|move|p2a: Luvdisc|Substitute|p2a: Luvdisc\n|-start|p2a: Luvdisc|Substitute\n|-damage|p2a: Luvdisc|125/247\n|move|p1a: Regice|Ice Beam|p2a: Luvdisc\n|-resisted|p2a: Luvdisc\n|-activate|p2a: Luvdisc|move: Substitute|[damage]\n|\n|upkeep\n|turn|6\n|\n|t:|1771211316\n|move|p2a: Luvdisc|Endeavor|p1a: Regice\n|-damage|p1a: Regice|125/284\n|move|p1a: Regice|Thunderbolt|p2a: Luvdisc\n|-supereffective|p2a: Luvdisc\n|-end|p2a: Luvdisc|Substitute\n|\n|upkeep\n|turn|7\n|\n|t:|1771211321\n|move|p2a: Luvdisc|Substitute|p2a: Luvdisc\n|-start|p2a: Luvdisc|Substitute\n|-damage|p2a: Luvdisc|64/247\n|move|p1a: Regice|Thunderbolt|p2a: Luvdisc\n|-supereffective|p2a: Luvdisc\n|-end|p2a: Luvdisc|Substitute\n|\n|upkeep\n|turn|8\n|\n|t:|1771211329\n|move|p2a: Luvdisc|Substitute|p2a: Luvdisc\n|-start|p2a: Luvdisc|Substitute\n|-damage|p2a: Luvdisc|3/247\n|move|p1a: Regice|Thunderbolt|p2a: Luvdisc\n|-supereffective|p2a: Luvdisc\n|-end|p2a: Luvdisc|Substitute\n|\n|upkeep\n|turn|9\n|\n|t:|1771211347\n|move|p2a: Luvdisc|Flip Turn|p1a: Regice\n|-damage|p1a: Regice|88/284\n|\n|t:|1771211349\n|switch|p2a: Sandslash|Sandslash-Alola, L88, F|275/275|[from] Flip Turn\n|move|p1a: Regice|Ice Beam|p2a: Sandslash\n|-resisted|p2a: Sandslash\n|-damage|p2a: Sandslash|242/275\n|\n|upkeep\n|turn|10\n|\n|t:|1771211359\n|switch|p1a: Cinderace|Cinderace, L77, M|249/249\n|move|p2a: Sandslash|Swords Dance|p2a: Sandslash\n|-boost|p2a: Sandslash|atk|2\n|\n|upkeep\n|turn|11\n|\n|t:|1771211375\n|switch|p2a: Mandibuzz|Mandibuzz, L85, F|326/326\n|move|p1a: Cinderace|Pyro Ball|p2a: Mandibuzz\n|-damage|p2a: Mandibuzz|172/326\n|\n|upkeep\n|turn|12\n|\n|t:|1771211390\n|move|p1a: Cinderace|Pyro Ball|p2a: Mandibuzz\n|-damage|p2a: Mandibuzz|22/326\n|move|p2a: Mandibuzz|Roost|p2a: Mandibuzz\n|-heal|p2a: Mandibuzz|185/326\n|-singleturn|p2a: Mandibuzz|move: Roost\n|\n|upkeep\n|turn|13\n|\n|t:|1771211406\n|switch|p1a: Regice|Regice, L88|88/284\n|move|p2a: Mandibuzz|Roost|p2a: Mandibuzz\n|-heal|p2a: Mandibuzz|326/326\n|-singleturn|p2a: Mandibuzz|move: Roost\n|\n|upkeep\n|turn|14\n|\n|t:|1771211418\n|switch|p1a: Altaria|Altaria, L89, F|278/278\n|move|p2a: Mandibuzz|U-turn|p1a: Altaria\n|-resisted|p1a: Altaria\n|-damage|p1a: Altaria|259/278\n|\n|t:|1771211428\n|switch|p2a: Sandslash|Sandslash-Alola, L88, F|242/275|[from] U-turn\n|\n|upkeep\n|turn|15\n|\n|t:|1771211432\n|move|p1a: Altaria|Will-O-Wisp|p2a: Sandslash\n|-status|p2a: Sandslash|brn\n|move|p2a: Sandslash|Earthquake|p1a: Altaria\n|-immune|p1a: Altaria\n|\n|-damage|p2a: Sandslash|225/275 brn|[from] brn\n|upkeep\n|turn|16\n|\n|t:|1771211444\n|switch|p1a: Cinderace|Cinderace, L77, M|249/249\n|move|p2a: Sandslash|Earthquake|p1a: Cinderace\n|-supereffective|p1a: Cinderace\n|-damage|p1a: Cinderace|132/249\n|-damage|p2a: Sandslash|198/275 brn|[from] item: Life Orb\n|\n|-damage|p2a: Sandslash|181/275 brn|[from] brn\n|upkeep\n|turn|17\n|\n|t:|1771211454\n|switch|p2a: Mandibuzz|Mandibuzz, L85, F|326/326\n|move|p1a: Cinderace|Pyro Ball|p2a: Mandibuzz\n|-damage|p2a: Mandibuzz|160/326\n|\n|upkeep\n|turn|18\n|\n|t:|1771211462\n|move|p1a: Cinderace|Pyro Ball|p2a: Mandibuzz|[miss]\n|-miss|p1a: Cinderace|p2a: Mandibuzz\n|move|p2a: Mandibuzz|Roost|p2a: Mandibuzz\n|-heal|p2a: Mandibuzz|323/326\n|-singleturn|p2a: Mandibuzz|move: Roost\n|\n|upkeep\n|turn|19\n|\n|t:|1771211468\n|switch|p1a: Regice|Regice, L88|88/284\n|move|p2a: Mandibuzz|Foul Play|p1a: Regice\n|-damage|p1a: Regice|46/284\n|\n|upkeep\n|turn|20\n|\n|t:|1771211474\n|move|p2a: Mandibuzz|U-turn|p1a: Regice\n|-damage|p1a: Regice|14/284\n|\n|t:|1771211480\n|switch|p2a: Espathra|Espathra, L80, F|283/283|[from] U-turn\n|move|p1a: Regice|Rest|p1a: Regice\n|-status|p1a: Regice|slp|[from] move: Rest\n|-heal|p1a: Regice|284/284 slp|[silent]\n|\n|upkeep\n|turn|21\n|\n|t:|1771211496\n|switch|p1a: Tsareena|Tsareena, L87, F|267/267\n|move|p2a: Espathra|Lumina Crash|p1a: Tsareena\n|-damage|p1a: Tsareena|167/267\n|-unboost|p1a: Tsareena|spd|2\n|\n|-ability|p2a: Espathra|Speed Boost|boost\n|-boost|p2a: Espathra|spe|1\n|upkeep\n|turn|22\n|\n|t:|1771211510\n|move|p2a: Espathra|Lumina Crash|p1a: Tsareena\n|-damage|p1a: Tsareena|0 fnt\n|faint|p1a: Tsareena\n|\n|-ability|p2a: Espathra|Speed Boost|boost\n|-boost|p2a: Espathra|spe|1\n|upkeep\n|\n|t:|1771211521\n|switch|p1a: Girafarig|Girafarig, L89, M|269/269\n|turn|23\n|\n|t:|1771211531\n|switch|p2a: Luvdisc|Luvdisc, M|3/247\n|move|p1a: Girafarig|Nasty Plot|p1a: Girafarig\n|-boost|p1a: Girafarig|spa|2\n|\n|upkeep\n|turn|24\n|\n|t:|1771211553\n|move|p2a: Luvdisc|Endeavor|p1a: Girafarig\n|-damage|p1a: Girafarig|3/269\n|move|p1a: Girafarig|Psychic|p2a: Luvdisc\n|-damage|p2a: Luvdisc|0 fnt\n|faint|p2a: Luvdisc\n|\n|upkeep\n|\n|t:|1771211560\n|switch|p2a: Espathra|Espathra, L80, F|283/283\n|turn|25\n|\n|t:|1771211568\n|move|p2a: Espathra|Lumina Crash|p1a: Girafarig\n|-resisted|p1a: Girafarig\n|-damage|p1a: Girafarig|0 fnt\n|faint|p1a: Girafarig\n|\n|-ability|p2a: Espathra|Speed Boost|boost\n|-boost|p2a: Espathra|spe|1\n|upkeep\n|\n|t:|1771211588\n|switch|p1a: Latias|Latias, L79, F|256/256\n|turn|26\n|\n|t:|1771211594\n|switch|p2a: Mandibuzz|Mandibuzz, L85, F|323/326\n|move|p1a: Latias|Calm Mind|p1a: Latias\n|-boost|p1a: Latias|spa|1\n|-boost|p1a: Latias|spd|1\n|\n|upkeep\n|turn|27\n|\n|t:|1771211600\n|switch|p1a: Regice|Regice, L88|284/284 slp\n|move|p2a: Mandibuzz|U-turn|p1a: Regice\n|-damage|p1a: Regice|252/284 slp\n|\n|t:|1771211612\n|switch|p2a: Espathra|Espathra, L80, F|283/283|[from] U-turn\n|\n|upkeep\n|turn|28\n|\n|t:|1771211618\n|move|p2a: Espathra|Lumina Crash|p1a: Regice\n|-damage|p1a: Regice|191/284 slp\n|cant|p1a: Regice|slp\n|move|p1a: Regice|Sleep Talk|p1a: Regice\n|move|p1a: Regice|Thunderbolt|p2a: Espathra|[from] move: Sleep Talk\n|-damage|p2a: Espathra|184/283\n|-status|p2a: Espathra|par\n|\n|-ability|p2a: Espathra|Speed Boost|boost\n|-boost|p2a: Espathra|spe|1\n|upkeep\n|turn|29\n|\n|t:|1771211628\n|move|p2a: Espathra|Lumina Crash|p1a: Regice\n|-damage|p1a: Regice|125/284 slp\n|cant|p1a: Regice|slp\n|move|p1a: Regice|Sleep Talk|p1a: Regice\n|move|p1a: Regice|Ice Beam|p2a: Espathra|[from] move: Sleep Talk\n|-damage|p2a: Espathra|30/283 par\n|\n|-ability|p2a: Espathra|Speed Boost|boost\n|-boost|p2a: Espathra|spe|1\n|upkeep\n|turn|30\n|\n|t:|1771211641\n|cant|p2a: Espathra|par\n|-curestatus|p1a: Regice|slp|[msg]\n|move|p1a: Regice|Rest|p1a: Regice\n|-status|p1a: Regice|slp|[from] move: Rest\n|-heal|p1a: Regice|284/284 slp|[silent]\n|\n|-ability|p2a: Espathra|Speed Boost|boost\n|-boost|p2a: Espathra|spe|1\n|upkeep\n|turn|31\n|\n|t:|1771211650\n|move|p2a: Espathra|Lumina Crash|p1a: Regice\n|-damage|p1a: Regice|229/284 slp\n|cant|p1a: Regice|slp\n|move|p1a: Regice|Sleep Talk|p1a: Regice\n|move|p1a: Regice|Ice Beam|p2a: Espathra|[from] move: Sleep Talk\n|-damage|p2a: Espathra|0 fnt\n|faint|p2a: Espathra\n|\n|upkeep\n|\n|t:|1771211660\n|switch|p2a: Sandslash|Sandslash-Alola, L88, F|181/275 brn\n|turn|32\n|\n|t:|1771211681\n|move|p2a: Sandslash|Swords Dance|p2a: Sandslash\n|-boost|p2a: Sandslash|atk|2\n|cant|p1a: Regice|slp\n|\n|-damage|p2a: Sandslash|164/275 brn|[from] brn\n|upkeep\n|turn|33\n|inactive|kdkmal has 120 seconds left.\n|\n|t:|1771211704\n|move|p2a: Sandslash|Earthquake|p1a: Regice\n|-damage|p1a: Regice|145/284 slp\n|-damage|p2a: Sandslash|137/275 brn|[from] item: Life Orb\n|-curestatus|p1a: Regice|slp|[msg]\n|move|p1a: Regice|Thunderbolt|p2a: Sandslash\n|-damage|p2a: Sandslash|45/275 brn\n|\n|-damage|p2a: Sandslash|28/275 brn|[from] brn\n|upkeep\n|turn|34\n|inactive|kdkmal has 120 seconds left.\n|\n|t:|1771211720\n|switch|p1a: Altaria|Altaria, L89, F|259/278\n|move|p2a: Sandslash|Swords Dance|p2a: Sandslash\n|-boost|p2a: Sandslash|atk|2\n|\n|-damage|p2a: Sandslash|11/275 brn|[from] brn\n|upkeep\n|turn|35\n|inactive|kdkmal has 120 seconds left.\n|\n|t:|1771211728\n|move|p2a: Sandslash|Ice Shard|p1a: Altaria\n|-supereffective|p1a: Altaria\n|-damage|p1a: Altaria|0 fnt\n|faint|p1a: Altaria\n|-damage|p2a: Sandslash|0 fnt|[from] item: Life Orb\n|faint|p2a: Sandslash\n|\n|upkeep\n|inactive|kdkmal has 120 seconds left.\n|c|☆kdkmal|damn\n|\n|t:|1771211739\n|switch|p1a: Regice|Regice, L88|145/284\n|switch|p2a: Mandibuzz|Mandibuzz, L85, F|323/326\n|turn|36\n|\n|t:|1771211745\n|move|p2a: Mandibuzz|U-turn|p1a: Regice\n|-damage|p1a: Regice|112/284\n|\n|t:|1771211746\n|switch|p2a: Venusaur|Venusaur, L84, F|272/272|[from] U-turn\n|move|p1a: Regice|Ice Beam|p2a: Venusaur\n|-supereffective|p2a: Venusaur\n|-damage|p2a: Venusaur|68/272\n|\n|-heal|p2a: Venusaur|85/272|[from] item: Leftovers\n|upkeep\n|turn|37\n|\n|t:|1771211755\n|move|p2a: Venusaur|Sleep Powder|p1a: Regice|[miss]\n|-miss|p2a: Venusaur|p1a: Regice\n|move|p1a: Regice|Ice Beam|p2a: Venusaur\n|-supereffective|p2a: Venusaur\n|-damage|p2a: Venusaur|0 fnt\n|faint|p2a: Venusaur\n|\n|upkeep\n|\n|t:|1771211758\n|switch|p2a: Sawsbuck|Sawsbuck, L88, F|284/284\n|turn|38\n|\n|t:|1771211774\n|switch|p1a: Latias|Latias, L79, F|256/256\n|move|p2a: Sawsbuck|Double-Edge|p1a: Latias\n|-damage|p1a: Latias|71/256\n|-damage|p2a: Sawsbuck|223/284|[from] Recoil\n|-damage|p2a: Sawsbuck|195/284|[from] item: Life Orb\n|\n|upkeep\n|turn|39\n|\n|t:|1771211795\n|-terastallize|p1a: Latias|Steel\n|move|p1a: Latias|Recover|p1a: Latias\n|-heal|p1a: Latias|199/256\n|move|p2a: Sawsbuck|Double-Edge|p1a: Latias\n|-resisted|p1a: Latias\n|-damage|p1a: Latias|105/256\n|-damage|p2a: Sawsbuck|164/284|[from] Recoil\n|-damage|p2a: Sawsbuck|136/284|[from] item: Life Orb\n|\n|upkeep\n|turn|40\n|\n|t:|1771211802\n|move|p1a: Latias|Psyshock|p2a: Sawsbuck\n|-damage|p2a: Sawsbuck|33/284\n|move|p2a: Sawsbuck|Swords Dance|p2a: Sawsbuck\n|-boost|p2a: Sawsbuck|atk|2\n|\n|upkeep\n|turn|41\n|\n|t:|1771211810\n|switch|p2a: Mandibuzz|Mandibuzz, L85, F|323/326\n|move|p1a: Latias|Psyshock|p2a: Mandibuzz\n|-immune|p2a: Mandibuzz\n|\n|upkeep\n|turn|42\n|\n|t:|1771211825\n|move|p1a: Latias|Recover|p1a: Latias\n|-heal|p1a: Latias|233/256\n|move|p2a: Mandibuzz|Foul Play|p1a: Latias\n|-damage|p1a: Latias|167/256\n|\n|upkeep\n|turn|43\n|\n|t:|1771211831\n|switch|p1a: Regice|Regice, L88|112/284\n|move|p2a: Mandibuzz|Foul Play|p1a: Regice\n|-damage|p1a: Regice|70/284\n|\n|upkeep\n|turn|44\n|\n|t:|1771211838\n|move|p2a: Mandibuzz|Foul Play|p1a: Regice\n|-damage|p1a: Regice|30/284\n|move|p1a: Regice|Ice Beam|p2a: Mandibuzz\n|-supereffective|p2a: Mandibuzz\n|-damage|p2a: Mandibuzz|123/326\n|\n|upkeep\n|turn|45\n|\n|t:|1771211846\n|move|p2a: Mandibuzz|Foul Play|p1a: Regice\n|-damage|p1a: Regice|0 fnt\n|faint|p1a: Regice\n|\n|upkeep\n|\n|t:|1771211849\n|switch|p1a: Cinderace|Cinderace, L77, M|132/249\n|turn|46\n|\n|t:|1771211856\n|move|p1a: Cinderace|Pyro Ball|p2a: Mandibuzz\n|-damage|p2a: Mandibuzz|0 fnt\n|faint|p2a: Mandibuzz\n|\n|upkeep\n|inactive|polite96rg has 120 seconds left.\n|inactive|polite96rg has 90 seconds left.\n|inactive|polite96rg has 60 seconds left.\n|inactive|polite96rg has 30 seconds left.\n|inactive|polite96rg has 20 seconds left.\n|inactive|polite96rg has 15 seconds left.\n|inactive|polite96rg has 10 seconds left.\n|inactive|polite96rg has 5 seconds left.\n|-message|polite96rg lost due to inactivity.\n|\n|win|kdkmal\n|raw|kdkmal's rating: 1727 &rarr; <strong>1746</strong><br />(+19 for winning)\n|raw|polite96rg's rating: 1710 &rarr; <strong>1691</strong><br />(-19 for losing)\n|l|☆kdkmal\n|player|p1|\n", "inputlog": ">version 686819e5e19f8a7fd2345cfc5a08a5085efa2cc3\n>start {\"formatid\":\"gen9randombattle\",\"seed\":\"sodium,bca0715fa1beb513cecce2fdc4f26975\",\"rated\":\"Rated battle\"}\n>player p1 {\"name\":\"kdkmal\",\"avatar\":\"265\",\"rating\":1727,\"seed\":\"sodium,80c3f5fd4165ed32ef73e85b679a8387\"}\n>player p2 {\"name\":\"polite96rg\",\"avatar\":\"2\",\"rating\":1710,\"seed\":\"sodium,aebf18f8c5845e87dbd3b5058d25896e\"}\n>p1 move icebeam\n>p2 move sleeppowder\n>p1 move sleeptalk\n>p2 switch 3\n>p1 move sleeptalk\n>p2 move substitute\n>p1 move thunderbolt\n>p2 move surf\n>p1 move icebeam\n>p2 move substitute\n>p1 move thunderbolt\n>p2 move endeavor\n>p1 move thunderbolt\n>p2 move substitute\n>p1 move thunderbolt\n>p2 move substitute\n>p1 move icebeam\n>p2 move flipturn\n>p2 switch 5\n>p1 switch 4\n>p2 move swordsdance\n>p1 move pyroball\n>p2 switch 6\n>p1 move pyroball\n>p2 move roost\n>p1 switch 4\n>p2 move roost\n>p1 switch 3\n>p2 move uturn\n>p2 switch 6\n>p1 move willowisp\n>p2 move earthquake\n>p1 switch 4\n>p2 move earthquake\n>p1 move pyroball\n>p2 switch 6\n>p1 move pyroball\n>p2 move roost\n>p1 switch 3\n>p2 move foulplay\n>p1 move rest\n>p2 move uturn\n>p2 switch 2\n>p1 switch 6\n>p2 move luminacrash\n>p1 move uturn\n>p2 move luminacrash\n>p1 switch 2\n>p1 move nastyplot\n>p2 switch 5\n>p1 move psychic\n>p2 move endeavor\n>p2 switch 5\n>p1 move thunderbolt\n>p2 move luminacrash\n>p1 switch 5\n>p1 move calmmind\n>p2 switch 2\n>p1 switch 6\n>p2 move uturn\n>p2 switch 2\n>p1 move sleeptalk\n>p2 move luminacrash\n>p1 move sleeptalk\n>p2 move luminacrash\n>p1 move rest\n>p2 move luminacrash\n>p1 move sleeptalk\n>p2 move luminacrash\n>p2 switch 6\n>p1 move thunderbolt\n>p2 move swordsdance\n>p1 move thunderbolt\n>p2 move earthquake\n>p1 switch 4\n>p2 move swordsdance\n>p1 move bravebird\n>p2 move iceshard\n>chat ☆kdkmal|damn\n>p1 switch 4\n>p2 switch 2\n>p1 move icebeam\n>p2 move uturn\n>p2 switch 3\n>p1 move icebeam\n>p2 move sleeppowder\n>p2 switch 4\n>p1 switch 6\n>p2 move doubleedge\n>p1 move recover terastallize\n>p2 move doubleedge\n>p1 move psyshock\n>p2 move swordsdance\n>p1 move psyshock\n>p2 switch 3\n>p1 move recover\n>p2 move foulplay\n>p1 switch 6\n>p2 move foulplay\n>p1 move icebeam\n>p2 move foulplay\n>p1 move rest\n>p2 move foulplay\n>p1 switch 3\n>p1 move pyroball\n>p2 move roost\n>forcelose p2", "uploadtime": 1771212388, "views": 20, "formatid": "gen9randombattle", "rating": 1691, "private": 0, "password": null}