{"id": "gen9randombattle-2540546217", "format": "[Gen 9] Random Battle", "players": ["TRedden", "TeamSkyAdmin"], "log": "|j|☆TRedden\n|j|☆TeamSkyAdmin\n|t:|1771215980\n|gametype|singles\n|player|p1|TRedden|blue|1527\n|player|p2|TeamSkyAdmin|mars|1560\n|gen|9\n|tier|[Gen 9] Random Battle\n|rated|\n|rule|Species Clause: Limit one of each Pokémon\n|rule|HP Percentage Mod: HP is shown in percentages\n|rule|Sleep Clause Mod: Limit one foe put to sleep\n|rule|Illusion Level Mod: Illusion disguises the Pokémon's true level\n|\n|t:|1771215980\n|teamsize|p1|6\n|teamsize|p2|6\n|start\n|switch|p1a: Sudowoodo|Sudowoodo, L94, M|284/284\n|switch|p2a: Granbull|Granbull, L88, M|302/302\n|-ability|p2a: Granbull|Intimidate|boost\n|-unboost|p1a: Sudowoodo|atk|1\n|turn|1\n|inactive|Battle timer is ON: inactive players will automatically lose when time's up. (requested by TeamSkyAdmin)\n|\n|t:|1771215992\n|switch|p1a: Zekrom|Zekrom, L71|259/259\n|-ability|p1a: Zekrom|Teravolt\n|move|p2a: Granbull|Thunder Wave|p1a: Zekrom|[miss]\n|-miss|p2a: Granbull|p1a: Zekrom\n|\n|upkeep\n|turn|2\n|\n|t:|1771215995\n|move|p1a: Zekrom|Substitute|p1a: Zekrom\n|-start|p1a: Zekrom|Substitute\n|-damage|p1a: Zekrom|195/259\n|move|p2a: Granbull|Earthquake|p1a: Zekrom\n|-supereffective|p1a: Zekrom\n|-end|p1a: Zekrom|Substitute\n|\n|-heal|p1a: Zekrom|211/259|[from] item: Leftovers\n|upkeep\n|turn|3\n|\n|t:|1771216005\n|switch|p1a: Dragonite|Dragonite, L74, M|257/257\n|move|p2a: Granbull|Earthquake|p1a: Dragonite\n|-immune|p1a: Dragonite\n|\n|upkeep\n|turn|4\n|\n|t:|1771216008\n|-terastallize|p1a: Dragonite|Ground\n|move|p1a: Dragonite|Dragon Dance|p1a: Dragonite\n|-boost|p1a: Dragonite|atk|1\n|-boost|p1a: Dragonite|spe|1\n|move|p2a: Granbull|Thunder Wave|p1a: Dragonite\n|-immune|p1a: Dragonite\n|\n|upkeep\n|turn|5\n|\n|t:|1771216015\n|move|p1a: Dragonite|Dragon Dance|p1a: Dragonite\n|-boost|p1a: Dragonite|atk|1\n|-boost|p1a: Dragonite|spe|1\n|move|p2a: Granbull|Roar|p1a: Dragonite\n|drag|p1a: Zekrom|Zekrom, L71|211/259\n|-ability|p1a: Zekrom|Teravolt\n|\n|-heal|p1a: Zekrom|227/259|[from] item: Leftovers\n|upkeep\n|turn|6\n|\n|t:|1771216024\n|switch|p1a: Dragonite|Dragonite, L74, M, tera:Ground|257/257\n|move|p2a: Granbull|Play Rough|p1a: Dragonite\n|-damage|p1a: Dragonite|192/257\n|\n|upkeep\n|turn|7\n|\n|t:|1771216028\n|move|p1a: Dragonite|Dragon Dance|p1a: Dragonite\n|-boost|p1a: Dragonite|atk|1\n|-boost|p1a: Dragonite|spe|1\n|move|p2a: Granbull|Play Rough|p1a: Dragonite\n|-damage|p1a: Dragonite|69/257\n|\n|upkeep\n|turn|8\n|\n|t:|1771216032\n|move|p1a: Dragonite|Roost|p1a: Dragonite\n|-heal|p1a: Dragonite|198/257\n|move|p2a: Granbull|Play Rough|p1a: Dragonite\n|-damage|p1a: Dragonite|75/257\n|\n|upkeep\n|turn|9\n|\n|t:|1771216037\n|move|p1a: Dragonite|Roost|p1a: Dragonite\n|-heal|p1a: Dragonite|204/257\n|move|p2a: Granbull|Roar|p1a: Dragonite\n|drag|p1a: Milotic|Milotic, L83, M|293/293\n|\n|upkeep\n|turn|10\n|\n|t:|1771216045\n|switch|p1a: Dragonite|Dragonite, L74, M, tera:Ground|204/257\n|move|p2a: Granbull|Play Rough|p1a: Dragonite\n|-damage|p1a: Dragonite|68/257\n|\n|upkeep\n|turn|11\n|\n|t:|1771216053\n|switch|p2a: Lapras|Lapras, L87, F|367/367\n|move|p1a: Dragonite|Roost|p1a: Dragonite\n|-heal|p1a: Dragonite|197/257\n|\n|upkeep\n|turn|12\n|\n|t:|1771216059\n|switch|p1a: Glaceon|Glaceon, L94, M|275/275\n|move|p2a: Lapras|Freeze-Dry|p1a: Glaceon\n|-resisted|p1a: Glaceon\n|-damage|p1a: Glaceon|233/275\n|\n|upkeep\n|turn|13\n|\n|t:|1771216066\n|switch|p2a: Tyranitar|Tyranitar, L78, F|284/284\n|-weather|Sandstorm|[from] ability: Sand Stream|[of] p2a: Tyranitar\n|move|p1a: Glaceon|Mud Shot|p2a: Tyranitar\n|-supereffective|p2a: Tyranitar\n|-damage|p2a: Tyranitar|204/284\n|-unboost|p2a: Tyranitar|spe|1\n|-enditem|p2a: Tyranitar|Weakness Policy\n|-boost|p2a: Tyranitar|atk|2|[from] item: Weakness Policy\n|-boost|p2a: Tyranitar|spa|2|[from] item: Weakness Policy\n|\n|-weather|Sandstorm|[upkeep]\n|-damage|p1a: Glaceon|216/275|[from] Sandstorm\n|upkeep\n|turn|14\n|\n|t:|1771216081\n|move|p1a: Glaceon|Mud Shot|p2a: Tyranitar\n|-supereffective|p2a: Tyranitar\n|-damage|p2a: Tyranitar|124/284\n|-unboost|p2a: Tyranitar|spe|1\n|move|p2a: Tyranitar|Knock Off|p1a: Glaceon\n|-damage|p1a: Glaceon|29/275\n|-enditem|p1a: Glaceon|Heavy-Duty Boots|[from] move: Knock Off|[of] p2a: Tyranitar\n|\n|-weather|Sandstorm|[upkeep]\n|-damage|p1a: Glaceon|12/275|[from] Sandstorm\n|upkeep\n|turn|15\n|\n|t:|1771216088\n|move|p1a: Glaceon|Mud Shot|p2a: Tyranitar\n|-supereffective|p2a: Tyranitar\n|-crit|p2a: Tyranitar\n|-damage|p2a: Tyranitar|0 fnt\n|faint|p2a: Tyranitar\n|\n|-weather|Sandstorm|[upkeep]\n|-damage|p1a: Glaceon|0 fnt|[from] Sandstorm\n|faint|p1a: Glaceon\n|upkeep\n|inactive|TRedden has 120 seconds left.\n|\n|t:|1771216123\n|switch|p1a: Wyrdeer|Wyrdeer, L87, M|321/321\n|switch|p2a: Dedenne|Dedenne, L88, M|261/261\n|-ability|p1a: Wyrdeer|Intimidate|boost\n|-unboost|p2a: Dedenne|atk|1\n|turn|16\n|\n|t:|1771216130\n|switch|p1a: Dragonite|Dragonite, L74, M, tera:Ground|197/257\n|move|p2a: Dedenne|Nuzzle|p1a: Dragonite\n|-immune|p1a: Dragonite\n|\n|-weather|Sandstorm|[upkeep]\n|-damage|p2a: Dedenne|245/261|[from] Sandstorm\n|upkeep\n|turn|17\n|\n|t:|1771216134\n|move|p2a: Dedenne|U-turn|p1a: Dragonite\n|-damage|p1a: Dragonite|170/257\n|\n|t:|1771216136\n|switch|p2a: Granbull|Granbull, L88, M|302/302|[from] U-turn\n|-ability|p2a: Granbull|Intimidate|boost\n|-unboost|p1a: Dragonite|atk|1\n|move|p1a: Dragonite|Dragon Dance|p1a: Dragonite\n|-boost|p1a: Dragonite|atk|1\n|-boost|p1a: Dragonite|spe|1\n|\n|-weather|none\n|upkeep\n|turn|18\n|\n|t:|1771216148\n|move|p1a: Dragonite|Earthquake|p2a: Granbull\n|-damage|p2a: Granbull|178/302\n|move|p2a: Granbull|Play Rough|p1a: Dragonite\n|-damage|p1a: Dragonite|26/257\n|\n|-heal|p2a: Granbull|196/302|[from] item: Leftovers\n|upkeep\n|turn|19\n|\n|t:|1771216153\n|move|p1a: Dragonite|Roost|p1a: Dragonite\n|-heal|p1a: Dragonite|155/257\n|move|p2a: Granbull|Roar|p1a: Dragonite\n|drag|p1a: Sudowoodo|Sudowoodo, L94, M|284/284\n|\n|-heal|p2a: Granbull|214/302|[from] item: Leftovers\n|upkeep\n|turn|20\n|\n|t:|1771216159\n|move|p2a: Granbull|Thunder Wave|p1a: Sudowoodo\n|-status|p1a: Sudowoodo|par\n|move|p1a: Sudowoodo|Head Smash|p2a: Granbull\n|-crit|p2a: Granbull\n|-damage|p2a: Granbull|0 fnt\n|faint|p2a: Granbull\n|\n|upkeep\n|\n|t:|1771216165\n|switch|p2a: Dedenne|Dedenne, L88, M|245/261\n|turn|21\n|l|☆TRedden\n|inactive|TRedden disconnected and has a minute to reconnect!\n|player|p1|\n|inactive|TRedden has 30 seconds to reconnect!\n|inactive|TRedden has 20 seconds to reconnect!\n|inactive|TRedden has 15 seconds to reconnect!\n|inactive|TRedden has 10 seconds to reconnect!\n|inactive|TRedden has 5 seconds to reconnect!\n|j|☆TRedden\n|inactive|TRedden reconnected and has 80 seconds left.\n|player|p1|TRedden|blue|\n|\n|t:|1771216242\n|move|p2a: Dedenne|Dazzling Gleam|p1a: Sudowoodo\n|-damage|p1a: Sudowoodo|197/284 par\n|move|p1a: Sudowoodo|Head Smash|p2a: Dedenne\n|-damage|p2a: Dedenne|0 fnt\n|faint|p2a: Dedenne\n|\n|upkeep\n|\n|t:|1771216245\n|switch|p2a: Lapras|Lapras, L87, F|367/367\n|turn|22\n|\n|t:|1771216255\n|switch|p1a: Wyrdeer|Wyrdeer, L87, M|321/321\n|-ability|p1a: Wyrdeer|Intimidate|boost\n|-unboost|p2a: Lapras|atk|1\n|move|p2a: Lapras|Hydro Pump|p1a: Wyrdeer|[miss]\n|-miss|p2a: Lapras|p1a: Wyrdeer\n|\n|upkeep\n|turn|23\n|\n|t:|1771216260\n|switch|p2a: Mew|Mew, L82|298/298\n|move|p1a: Wyrdeer|Thunder Wave|p2a: Mew\n|-status|p2a: Mew|par\n|-activate|p2a: Mew|ability: Synchronize\n|-status|p1a: Wyrdeer|par\n|\n|upkeep\n|turn|24\n|\n|t:|1771216267\n|cant|p2a: Mew|par\n|move|p1a: Wyrdeer|Body Slam|p2a: Mew\n|-damage|p2a: Mew|204/298 par\n|\n|upkeep\n|turn|25\n|-message|TeamSkyAdmin forfeited.\n|\n|win|TRedden\n|raw|TRedden's rating: 1527 &rarr; <strong>1549</strong><br />(+22 for winning)\n|raw|TeamSkyAdmin's rating: 1560 &rarr; <strong>1538</strong><br />(-22 for losing)\n|l|☆TeamSkyAdmin\n|player|p2|\n", "inputlog": ">version 686819e5e19f8a7fd2345cfc5a08a5085efa2cc3\n>start {\"formatid\":\"gen9randombattle\",\"seed\":\"sodium,771185c7de5d2391eee795a9f770143b\",\"rated\":\"Rated battle\"}\n>player p1 {\"name\":\"TRedden\",\"avatar\":\"blue\",\"rating\":1527,\"seed\":\"sodium,155061491b56e1cb6dadafde71d4f2b3\"}\n>player p2 {\"name\":\"TeamSkyAdmin\",\"avatar\":\"mars\",\"rating\":1560,\"seed\":\"sodium,d8ac2ef8c107509ac984f079b97aec02\"}\n>p1 switch 3\n>p2 move thunderwave\n>p1 move substitute\n>p2 move earthquake\n>p1 switch 4\n>p2 move earthquake\n>p1 move dragondance terastallize\n>p2 move thunderwave\n>p1 move dragondance\n>p2 move roar\n>p1 switch 4\n>p2 move playrough\n>p1 move dragondance\n>p2 move playrough\n>p1 move roost\n>p2 move playrough\n>p1 move roost\n>p2 move roar\n>p1 switch 5\n>p2 move playrough\n>p1 move roost\n>p2 switch 4\n>p1 switch 2\n>p2 move freezedry\n>p1 move mudshot\n>p2 switch 6\n>p1 move mudshot\n>p2 move knockoff\n>p1 move mudshot\n>p2 move dragondance\n>p1 switch 6\n>p2 switch 3\n>p1 switch 2\n>p2 move nuzzle\n>p1 move dragondance\n>p2 move uturn\n>p2 switch 4\n>p1 move earthquake\n>p2 move playrough\n>p1 move roost\n>p2 move roar\n>p1 move headsmash\n>p2 move thunderwave\n>p2 switch 4\n>p1 move headsmash\n>p2 move dazzlinggleam\n>p2 switch 6\n>p1 switch 2\n>p2 move hydropump\n>p1 move thunderwave\n>p2 switch 2\n>p1 move bodyslam\n>p2 move swordsdance\n>forcelose p2", "uploadtime": 1771216273, "views": 11, "formatid": "gen9randombattle", "rating": 1538, "private": 0, "password": null}