{"id": "gen9randombattle-2539965172", "format": "[Gen 9] Random Battle", "players": ["darkgothawesomeboy", "Sedow"], "log": "|j|☆darkgothawesomeboy\n|j|☆Sedow\n|t:|1771134700\n|gametype|singles\n|player|p1|darkgothawesomeboy|ingo|1890\n|player|p2|Sedow|steven|1825\n|gen|9\n|tier|[Gen 9] Random Battle\n|rated|\n|rule|Species Clause: Limit one of each Pokémon\n|rule|HP Percentage Mod: HP is shown in percentages\n|rule|Sleep Clause Mod: Limit one foe put to sleep\n|rule|Illusion Level Mod: Illusion disguises the Pokémon's true level\n|\n|t:|1771134700\n|teamsize|p1|6\n|teamsize|p2|6\n|start\n|switch|p1a: Dusknoir|Dusknoir, L89, F|225/225\n|switch|p2a: Gouging Fire|Gouging Fire, L74|277/277\n|-item|p2a: Gouging Fire|Heavy-Duty Boots|[from] ability: Frisk|[of] p1a: Dusknoir\n|turn|1\n|inactive|Battle timer is ON: inactive players will automatically lose when time's up. (requested by darkgothawesomeboy)\n|\n|t:|1771134711\n|-end|p2a: Gouging Fire|Protosynthesis|[silent]\n|switch|p2a: Venusaur|Venusaur, L84, F|272/272\n|move|p1a: Dusknoir|Earthquake|p2a: Venusaur\n|-damage|p2a: Venusaur|184/272\n|\n|-heal|p2a: Venusaur|201/272|[from] item: Leftovers\n|upkeep\n|turn|2\n|\n|t:|1771134717\n|move|p2a: Venusaur|Knock Off|p1a: Dusknoir\n|-supereffective|p1a: Dusknoir\n|-damage|p1a: Dusknoir|141/225\n|-enditem|p1a: Dusknoir|Leftovers|[from] move: Knock Off|[of] p2a: Venusaur\n|move|p1a: Dusknoir|Will-O-Wisp|p2a: Venusaur\n|-status|p2a: Venusaur|brn\n|\n|-heal|p2a: Venusaur|218/272 brn|[from] item: Leftovers\n|-damage|p2a: Venusaur|201/272 brn|[from] brn\n|upkeep\n|turn|3\n|\n|t:|1771134724\n|move|p2a: Venusaur|Sludge Bomb|p1a: Dusknoir\n|-resisted|p1a: Dusknoir\n|-damage|p1a: Dusknoir|111/225\n|move|p1a: Dusknoir|Poltergeist|p2a: Venusaur\n|-activate|p2a: Venusaur|move: Poltergeist|Leftovers\n|-damage|p2a: Venusaur|74/272 brn\n|\n|-heal|p2a: Venusaur|91/272 brn|[from] item: Leftovers\n|-damage|p2a: Venusaur|74/272 brn|[from] brn\n|upkeep\n|turn|4\n|\n|t:|1771134737\n|switch|p1a: Iron Crown|Iron Crown, L78|268/268\n|move|p2a: Venusaur|Synthesis|p2a: Venusaur\n|-heal|p2a: Venusaur|210/272 brn\n|\n|-heal|p2a: Venusaur|227/272 brn|[from] item: Leftovers\n|-damage|p2a: Venusaur|210/272 brn|[from] brn\n|upkeep\n|turn|5\n|\n|t:|1771134744\n|switch|p2a: Houndoom|Houndoom, L87, F|272/272\n|move|p1a: Iron Crown|Psyshock|p2a: Houndoom\n|-immune|p2a: Houndoom\n|\n|upkeep\n|turn|6\n|\n|t:|1771134768\n|-end|p1a: Iron Crown|Quark Drive|[silent]\n|switch|p1a: Talonflame|Talonflame, L83, M|265/265\n|move|p2a: Houndoom|Fire Blast|p1a: Talonflame|[miss]\n|-miss|p2a: Houndoom|p1a: Talonflame\n|\n|upkeep\n|turn|7\n|\n|t:|1771134774\n|switch|p2a: Gouging Fire|Gouging Fire, L74|277/277\n|move|p1a: Talonflame|Brave Bird|p2a: Gouging Fire\n|-damage|p2a: Gouging Fire|187/277\n|-damage|p1a: Talonflame|235/265|[from] Recoil\n|\n|upkeep\n|turn|8\n|\n|t:|1771134781\n|move|p1a: Talonflame|Brave Bird|p2a: Gouging Fire\n|-damage|p2a: Gouging Fire|94/277\n|-damage|p1a: Talonflame|204/265|[from] Recoil\n|move|p2a: Gouging Fire|Dragon Dance|p2a: Gouging Fire\n|-boost|p2a: Gouging Fire|atk|1\n|-boost|p2a: Gouging Fire|spe|1\n|\n|upkeep\n|turn|9\n|\n|t:|1771134787\n|move|p2a: Gouging Fire|Outrage|p1a: Talonflame\n|-damage|p1a: Talonflame|8/265\n|move|p1a: Talonflame|Brave Bird|p2a: Gouging Fire\n|-damage|p2a: Gouging Fire|0 fnt\n|faint|p2a: Gouging Fire\n|-end|p2a: Gouging Fire|Protosynthesis|[silent]\n|-damage|p1a: Talonflame|0 fnt|[from] Recoil\n|faint|p1a: Talonflame\n|\n|upkeep\n|\n|t:|1771134793\n|switch|p1a: Luvdisc|Luvdisc, M|247/247\n|switch|p2a: Houndoom|Houndoom, L87, F|272/272\n|turn|10\n|\n|t:|1771134800\n|switch|p2a: Venusaur|Venusaur, L84, F|210/272 brn\n|move|p1a: Luvdisc|Whirlpool|p2a: Venusaur\n|-resisted|p2a: Venusaur\n|-damage|p2a: Venusaur|196/272 brn\n|-activate|p2a: Venusaur|move: Whirlpool|[of] p1a: Luvdisc\n|\n|-heal|p2a: Venusaur|213/272 brn|[from] item: Leftovers\n|-damage|p2a: Venusaur|196/272 brn|[from] brn\n|-damage|p2a: Venusaur|162/272 brn|[from] move: Whirlpool|[partiallytrapped]\n|upkeep\n|turn|11\n|\n|t:|1771134829\n|move|p1a: Luvdisc|Substitute|p1a: Luvdisc\n|-start|p1a: Luvdisc|Substitute\n|-damage|p1a: Luvdisc|186/247\n|move|p2a: Venusaur|Knock Off|p1a: Luvdisc\n|-activate|p1a: Luvdisc|move: Substitute|[damage]\n|\n|-heal|p2a: Venusaur|179/272 brn|[from] item: Leftovers\n|-damage|p2a: Venusaur|162/272 brn|[from] brn\n|-damage|p2a: Venusaur|128/272 brn|[from] move: Whirlpool|[partiallytrapped]\n|upkeep\n|turn|12\n|\n|t:|1771134838\n|move|p1a: Luvdisc|Surf|p2a: Venusaur\n|-resisted|p2a: Venusaur\n|-damage|p2a: Venusaur|94/272 brn\n|move|p2a: Venusaur|Earth Power|p1a: Luvdisc\n|-end|p1a: Luvdisc|Substitute\n|\n|-heal|p2a: Venusaur|111/272 brn|[from] item: Leftovers\n|-damage|p2a: Venusaur|94/272 brn|[from] brn\n|-damage|p2a: Venusaur|60/272 brn|[from] move: Whirlpool|[partiallytrapped]\n|upkeep\n|turn|13\n|\n|t:|1771134845\n|move|p1a: Luvdisc|Surf|p2a: Venusaur\n|-resisted|p2a: Venusaur\n|-damage|p2a: Venusaur|30/272 brn\n|move|p2a: Venusaur|Synthesis|p2a: Venusaur\n|-heal|p2a: Venusaur|166/272 brn\n|\n|-heal|p2a: Venusaur|183/272 brn|[from] item: Leftovers\n|-damage|p2a: Venusaur|166/272 brn|[from] brn\n|-damage|p2a: Venusaur|132/272 brn|[from] move: Whirlpool|[partiallytrapped]\n|upkeep\n|turn|14\n|\n|t:|1771134861\n|switch|p1a: Dusknoir|Dusknoir, L89, F|111/225\n|-item|p2a: Venusaur|Leftovers|[from] ability: Frisk|[of] p1a: Dusknoir\n|move|p2a: Venusaur|Synthesis|p2a: Venusaur\n|-heal|p2a: Venusaur|268/272 brn\n|\n|-heal|p2a: Venusaur|272/272 brn|[from] item: Leftovers\n|-damage|p2a: Venusaur|255/272 brn|[from] brn\n|-end|p2a: Venusaur|Whirlpool|[partiallytrapped]|[silent]\n|upkeep\n|turn|15\n|\n|t:|1771134867\n|switch|p2a: Houndoom|Houndoom, L87, F|272/272\n|move|p1a: Dusknoir|Earthquake|p2a: Houndoom\n|-supereffective|p2a: Houndoom\n|-damage|p2a: Houndoom|32/272\n|\n|upkeep\n|turn|16\n|\n|t:|1771134871\n|move|p1a: Dusknoir|Shadow Sneak|p2a: Houndoom\n|-resisted|p2a: Houndoom\n|-damage|p2a: Houndoom|0 fnt\n|faint|p2a: Houndoom\n|\n|upkeep\n|\n|t:|1771134886\n|switch|p2a: Medicham|Medicham, L86, M|243/243\n|turn|17\n|\n|t:|1771134895\n|switch|p1a: Spiritomb|Spiritomb, L89, M|234/234\n|move|p2a: Medicham|Zen Headbutt|p1a: Spiritomb\n|-immune|p1a: Spiritomb\n|\n|upkeep\n|turn|18\n|\n|t:|1771134909\n|switch|p2a: Venusaur|Venusaur, L84, F|255/272 brn\n|move|p1a: Spiritomb|Poltergeist|p2a: Venusaur\n|-activate|p2a: Venusaur|move: Poltergeist|Leftovers\n|-damage|p2a: Venusaur|120/272 brn\n|\n|-heal|p2a: Venusaur|137/272 brn|[from] item: Leftovers\n|-damage|p2a: Venusaur|120/272 brn|[from] brn\n|upkeep\n|turn|19\n|\n|t:|1771134918\n|move|p2a: Venusaur|Sludge Bomb|p1a: Spiritomb\n|-resisted|p1a: Spiritomb\n|-damage|p1a: Spiritomb|195/234\n|move|p1a: Spiritomb|Poltergeist|p2a: Venusaur\n|-activate|p2a: Venusaur|move: Poltergeist|Leftovers\n|-damage|p2a: Venusaur|0 fnt\n|faint|p2a: Venusaur\n|\n|-heal|p1a: Spiritomb|209/234|[from] item: Leftovers\n|upkeep\n|\n|t:|1771134924\n|switch|p2a: Ogerpon|Ogerpon-Cornerstone, L76, F|247/247\n|turn|20\n|\n|t:|1771134928\n|move|p2a: Ogerpon|Power Whip|p1a: Spiritomb\n|-damage|p1a: Spiritomb|89/234\n|move|p1a: Spiritomb|Toxic|p2a: Ogerpon\n|-status|p2a: Ogerpon|tox\n|\n|-heal|p1a: Spiritomb|103/234|[from] item: Leftovers\n|-damage|p2a: Ogerpon|232/247 tox|[from] psn\n|upkeep\n|turn|21\n|\n|t:|1771134937\n|switch|p1a: Girafarig|Girafarig, L89, M|269/269\n|move|p2a: Ogerpon|Power Whip|p1a: Girafarig\n|-ability|p1a: Girafarig|Sap Sipper|boost\n|-boost|p1a: Girafarig|atk|1\n|\n|-damage|p2a: Ogerpon|202/247 tox|[from] psn\n|upkeep\n|turn|22\n|-message|Sedow forfeited.\n|\n|win|darkgothawesomeboy\n|raw|darkgothawesomeboy's rating: 1890 &rarr; <strong>1906</strong><br />(+16 for winning)\n|raw|Sedow's rating: 1825 &rarr; <strong>1809</strong><br />(-16 for losing)\n|l|☆Sedow\n|player|p2|\n", "inputlog": ">version 686819e5e19f8a7fd2345cfc5a08a5085efa2cc3\n>start {\"formatid\":\"gen9randombattle\",\"seed\":\"sodium,8d578148939df8217c7fe7337b3e3491\",\"rated\":\"Rated battle\"}\n>player p1 {\"name\":\"darkgothawesomeboy\",\"avatar\":\"ingo\",\"rating\":1890,\"seed\":\"sodium,4a9bea165d5ba70cc8f8d4f335eb5110\"}\n>player p2 {\"name\":\"Sedow\",\"avatar\":\"steven\",\"rating\":1825,\"seed\":\"sodium,df0d031a49eacdac61dec5a81f40613f\"}\n>p1 move earthquake\n>p2 switch 2\n>p1 move willowisp\n>p2 move knockoff\n>p1 move poltergeist\n>p2 move sludgebomb\n>p1 switch 4\n>p2 move synthesis\n>p1 move psyshock\n>p2 switch 6\n>p1 switch 2\n>p2 move fireblast\n>p1 move bravebird\n>p2 switch 2\n>p1 move bravebird\n>p2 move dragondance\n>p1 move bravebird\n>p2 move outrage\n>p1 switch 5\n>p2 switch 2\n>p1 move whirlpool\n>p2 switch 6\n>p1 move substitute\n>p2 move knockoff\n>p1 move surf\n>p2 move earthpower\n>p1 move surf\n>p2 move synthesis\n>p1 switch 4\n>p2 move synthesis\n>p1 move earthquake\n>p2 switch 6\n>p1 move shadowsneak\n>p2 move darkpulse\n>p2 switch 4\n>p1 switch 6\n>p2 move zenheadbutt\n>p1 move poltergeist\n>p2 switch 6\n>p1 move poltergeist\n>p2 move sludgebomb\n>p2 switch 3\n>p1 move toxic\n>p2 move powerwhip\n>p1 switch 3\n>p2 move powerwhip\n>forcelose p2", "uploadtime": 1771134946, "views": 41, "formatid": "gen9randombattle", "rating": 1809, "private": 0, "password": null}