{"id": "gen9randombattle-2540906000", "format": "[Gen 9] Random Battle", "players": ["Soul Gem", "gholland"], "log": "|j|☆Soul Gem\n|j|☆gholland\n|t:|1771265873\n|gametype|singles\n|player|p1|Soul Gem|misty|1845\n|player|p2|gholland|boarder|1824\n|gen|9\n|tier|[Gen 9] Random Battle\n|rated|\n|rule|Species Clause: Limit one of each Pokémon\n|rule|HP Percentage Mod: HP is shown in percentages\n|rule|Sleep Clause Mod: Limit one foe put to sleep\n|rule|Illusion Level Mod: Illusion disguises the Pokémon's true level\n|\n|t:|1771265873\n|teamsize|p1|6\n|teamsize|p2|6\n|start\n|switch|p1a: Great Tusk|Great Tusk, L77|304/304\n|switch|p2a: Illumise|Illumise, L91, F|266/266\n|turn|1\n|inactive|Battle timer is ON: inactive players will automatically lose when time's up. (requested by gholland)\n|inactive|Soul Gem has 120 seconds left.\n|inactive|gholland has 120 seconds left.\n|\n|t:|1771265910\n|move|p2a: Illumise|Bug Buzz|p1a: Great Tusk\n|-resisted|p1a: Great Tusk\n|-damage|p1a: Great Tusk|236/304\n|move|p1a: Great Tusk|Stone Edge|p2a: Illumise\n|-supereffective|p2a: Illumise\n|-damage|p2a: Illumise|118/266\n|\n|-heal|p1a: Great Tusk|255/304|[from] item: Leftovers\n|upkeep\n|turn|2\n|\n|t:|1771265921\n|switch|p2a: Tatsugiri|Tatsugiri, L87, F|260/260\n|-end|p1a: Great Tusk|Protosynthesis|[silent]\n|switch|p1a: Glimmora|Glimmora, L75, M|248/248\n|\n|upkeep\n|turn|3\n|\n|t:|1771265929\n|switch|p1a: Cramorant|Cramorant, L86, F|261/261\n|move|p2a: Tatsugiri|Hydro Pump|p1a: Cramorant\n|-resisted|p1a: Cramorant\n|-damage|p1a: Cramorant|192/261\n|\n|upkeep\n|turn|4\n|\n|t:|1771265946\n|switch|p2a: Illumise|Illumise, L91, F|118/266\n|move|p1a: Cramorant|Brave Bird|p2a: Illumise\n|-supereffective|p2a: Illumise\n|-damage|p2a: Illumise|0 fnt\n|faint|p2a: Illumise\n|-damage|p1a: Cramorant|153/261|[from] Recoil\n|\n|upkeep\n|\n|t:|1771265956\n|switch|p2a: Mew|Mew, L82|298/298\n|turn|5\n|\n|t:|1771265984\n|move|p2a: Mew|Swords Dance|p2a: Mew\n|-boost|p2a: Mew|atk|2\n|move|p1a: Cramorant|Brave Bird|p2a: Mew\n|-damage|p2a: Mew|184/298\n|-damage|p1a: Cramorant|115/261|[from] Recoil\n|\n|upkeep\n|turn|6\n|\n|t:|1771265993\n|move|p2a: Mew|Knock Off|p1a: Cramorant\n|-damage|p1a: Cramorant|0 fnt\n|-enditem|p1a: Cramorant|Heavy-Duty Boots|[from] move: Knock Off|[of] p2a: Mew\n|faint|p1a: Cramorant\n|-damage|p2a: Mew|155/298|[from] item: Life Orb\n|\n|upkeep\n|\n|t:|1771266010\n|switch|p1a: Maushold|Maushold, L76|238/238\n|turn|7\n|\n|t:|1771266020\n|move|p1a: Maushold|Population Bomb|p2a: Mew\n|-damage|p2a: Mew|134/298\n|-damage|p2a: Mew|113/298\n|-damage|p2a: Mew|91/298\n|-damage|p2a: Mew|70/298\n|-crit|p2a: Mew\n|-damage|p2a: Mew|37/298\n|-damage|p2a: Mew|15/298\n|-damage|p2a: Mew|0 fnt\n|faint|p2a: Mew\n|-hitcount|p2: Mew|7\n|\n|upkeep\n|\n|t:|1771266031\n|switch|p2a: Flamigo|Flamigo, L82, M|269/269\n|turn|8\n|\n|t:|1771266035\n|switch|p1a: Glimmora|Glimmora, L75, M|248/248\n|move|p2a: Flamigo|Throat Chop|p1a: Glimmora\n|-damage|p1a: Glimmora|164/248\n|-start|p1a: Glimmora|Throat Chop|[silent]\n|-activate|p1a: Glimmora|ability: Toxic Debris\n|-sidestart|p2: gholland|move: Toxic Spikes\n|-damage|p2a: Flamigo|243/269|[from] item: Life Orb\n|\n|upkeep\n|turn|9\n|\n|t:|1771266044\n|move|p2a: Flamigo|Close Combat|p1a: Glimmora\n|-damage|p1a: Glimmora|0 fnt\n|-unboost|p2a: Flamigo|def|1\n|-unboost|p2a: Flamigo|spd|1\n|-activate|p1a: Glimmora|ability: Toxic Debris\n|-sidestart|p2: gholland|move: Toxic Spikes\n|faint|p1a: Glimmora\n|-damage|p2a: Flamigo|217/269|[from] item: Life Orb\n|\n|upkeep\n|\n|t:|1771266056\n|switch|p1a: Maushold|Maushold, L76|238/238\n|turn|10\n|\n|t:|1771266059\n|-terastallize|p2a: Flamigo|Steel\n|move|p1a: Maushold|Population Bomb|p2a: Flamigo\n|-resisted|p2a: Flamigo\n|-damage|p2a: Flamigo|197/269\n|-resisted|p2a: Flamigo\n|-damage|p2a: Flamigo|178/269\n|-resisted|p2a: Flamigo\n|-damage|p2a: Flamigo|157/269\n|-resisted|p2a: Flamigo\n|-damage|p2a: Flamigo|138/269\n|-resisted|p2a: Flamigo\n|-damage|p2a: Flamigo|117/269\n|-resisted|p2a: Flamigo\n|-damage|p2a: Flamigo|97/269\n|-resisted|p2a: Flamigo\n|-crit|p2a: Flamigo\n|-damage|p2a: Flamigo|67/269\n|-resisted|p2a: Flamigo\n|-damage|p2a: Flamigo|47/269\n|-resisted|p2a: Flamigo\n|-damage|p2a: Flamigo|28/269\n|-resisted|p2a: Flamigo\n|-damage|p2a: Flamigo|10/269\n|-hitcount|p2a: Flamigo|10\n|move|p2a: Flamigo|Close Combat|p1a: Maushold\n|-supereffective|p1a: Maushold\n|-damage|p1a: Maushold|0 fnt\n|-unboost|p2a: Flamigo|def|1\n|-unboost|p2a: Flamigo|spd|1\n|faint|p1a: Maushold\n|-damage|p2a: Flamigo|0 fnt|[from] item: Life Orb\n|faint|p2a: Flamigo\n|\n|upkeep\n|\n|t:|1771266080\n|switch|p1a: Hawlucha|Hawlucha, L80, F|256/256\n|switch|p2a: Rabsca|Rabsca, L91, F|284/284\n|turn|11\n|\n|t:|1771266088\n|-terastallize|p1a: Hawlucha|Flying\n|move|p1a: Hawlucha|Brave Bird|p2a: Rabsca\n|-supereffective|p2a: Rabsca\n|-damage|p2a: Rabsca|0 fnt\n|faint|p2a: Rabsca\n|-damage|p1a: Hawlucha|162/256|[from] Recoil\n|\n|upkeep\n|\n|t:|1771266096\n|switch|p2a: Tatsugiri|Tatsugiri, L87, F|260/260\n|turn|12\n|\n|t:|1771266107\n|move|p1a: Hawlucha|Close Combat|p2a: Tatsugiri\n|-damage|p2a: Tatsugiri|113/260\n|-unboost|p1a: Hawlucha|def|1\n|-unboost|p1a: Hawlucha|spd|1\n|-enditem|p1a: Hawlucha|White Herb\n|-clearnegativeboost|p1a: Hawlucha|[silent]\n|move|p2a: Tatsugiri|Hydro Pump|p1a: Hawlucha\n|-damage|p1a: Hawlucha|0 fnt\n|faint|p1a: Hawlucha\n|\n|upkeep\n|\n|t:|1771266118\n|switch|p1a: Samurott|Samurott, L88, F|310/310\n|turn|13\n|\n|t:|1771266126\n|move|p2a: Tatsugiri|Draco Meteor|p1a: Samurott\n|-damage|p1a: Samurott|127/310\n|-unboost|p2a: Tatsugiri|spa|2\n|move|p1a: Samurott|Knock Off|p2a: Tatsugiri\n|-damage|p2a: Tatsugiri|0 fnt\n|-enditem|p2a: Tatsugiri|Heavy-Duty Boots|[from] move: Knock Off|[of] p1a: Samurott\n|faint|p2a: Tatsugiri\n|-damage|p1a: Samurott|96/310|[from] item: Life Orb\n|\n|upkeep\n|\n|t:|1771266129\n|switch|p2a: Maushold|Maushold, L76|238/238\n|-status|p2a: Maushold|tox\n|turn|14\n|\n|t:|1771266142\n|move|p2a: Maushold|Bite|p1a: Samurott\n|-damage|p1a: Samurott|49/310\n|cant|p1a: Samurott|flinch\n|\n|-damage|p2a: Maushold|224/238 tox|[from] psn\n|upkeep\n|turn|15\n|\n|t:|1771266147\n|move|p2a: Maushold|Population Bomb|p1a: Samurott\n|-damage|p1a: Samurott|27/310\n|-damage|p1a: Samurott|6/310\n|-damage|p1a: Samurott|0 fnt\n|faint|p1a: Samurott\n|-hitcount|p1: Samurott|3\n|\n|-damage|p2a: Maushold|196/238 tox|[from] psn\n|upkeep\n|\n|t:|1771266156\n|switch|p1a: Great Tusk|Great Tusk, L77|255/304\n|turn|16\n|\n|t:|1771266160\n|move|p2a: Maushold|Population Bomb|p1a: Great Tusk\n|-damage|p1a: Great Tusk|237/304\n|-damage|p1a: Great Tusk|219/304\n|-damage|p1a: Great Tusk|201/304\n|-damage|p1a: Great Tusk|183/304\n|-damage|p1a: Great Tusk|165/304\n|-damage|p1a: Great Tusk|147/304\n|-damage|p1a: Great Tusk|129/304\n|-damage|p1a: Great Tusk|110/304\n|-damage|p1a: Great Tusk|92/304\n|-damage|p1a: Great Tusk|71/304\n|-hitcount|p1a: Great Tusk|10\n|move|p1a: Great Tusk|Close Combat|p2a: Maushold\n|-supereffective|p2a: Maushold\n|-damage|p2a: Maushold|0 fnt\n|-unboost|p1a: Great Tusk|def|1\n|-unboost|p1a: Great Tusk|spd|1\n|faint|p2a: Maushold\n|\n|win|Soul Gem\n|raw|Soul Gem's rating: 1845 &rarr; <strong>1864</strong><br />(+19 for winning)\n|raw|gholland's rating: 1824 &rarr; <strong>1805</strong><br />(-19 for losing)\n|l|☆gholland\n|player|p2|\n", "inputlog": ">version 686819e5e19f8a7fd2345cfc5a08a5085efa2cc3\n>start {\"formatid\":\"gen9randombattle\",\"seed\":\"sodium,4cd362136fd3e70d172579582e1616d7\",\"rated\":\"Rated battle\"}\n>player p1 {\"name\":\"Soul Gem\",\"avatar\":\"misty\",\"rating\":1845,\"seed\":\"sodium,d55ee0d5b470bc1328ce039ca1fbf679\"}\n>player p2 {\"name\":\"gholland\",\"avatar\":\"boarder\",\"rating\":1824,\"seed\":\"sodium,6a03b96436cf615e839d6be2348a857a\"}\n>p1 move stoneedge\n>p2 move bugbuzz\n>p1 switch 6\n>p2 switch 2\n>p1 switch 2\n>p2 move hydropump\n>p1 move bravebird\n>p2 switch 2\n>p2 switch 3\n>p1 move bravebird\n>p2 move swordsdance\n>p1 move surf\n>p2 move knockoff\n>p1 switch 5\n>p1 move populationbomb\n>p2 move closecombat\n>p2 switch 6\n>p1 switch 2\n>p2 move throatchop\n>p1 move sludgewave\n>p2 move closecombat\n>p1 switch 2\n>p1 move populationbomb\n>p2 move closecombat terastallize\n>p1 switch 4\n>p2 switch 4\n>p1 move bravebird terastallize\n>p2 move psychic\n>p2 switch 2\n>p1 move closecombat\n>p2 move hydropump\n>p1 switch 3\n>p1 move knockoff\n>p2 move dracometeor\n>p2 switch 5\n>p1 move liquidation\n>p2 move bite\n>p1 move liquidation\n>p2 move populationbomb\n>p1 switch 6\n>p1 move closecombat\n>p2 move populationbomb", "uploadtime": 1771266179, "views": 2, "formatid": "gen9randombattle", "rating": 1805, "private": 0, "password": null}