{"id": "gen9randombattle-2540653604", "format": "[Gen 9] Random Battle", "players": ["ddzpgd", "Zoaderman"], "log": "|j|☆ddzpgd\n|j|☆Zoaderman\n|t:|1771234715\n|gametype|singles\n|player|p1|ddzpgd|lyra|1709\n|player|p2|Zoaderman|266|1713\n|gen|9\n|tier|[Gen 9] Random Battle\n|rated|\n|rule|Species Clause: Limit one of each Pokémon\n|rule|HP Percentage Mod: HP is shown in percentages\n|rule|Sleep Clause Mod: Limit one foe put to sleep\n|rule|Illusion Level Mod: Illusion disguises the Pokémon's true level\n|\n|t:|1771234715\n|teamsize|p1|6\n|teamsize|p2|6\n|start\n|switch|p1a: Arceus|Arceus-Ground, L70|284/284\n|switch|p2a: Sableye|Sableye, L88, M|231/231\n|turn|1\n|inactive|Battle timer is ON: inactive players will automatically lose when time's up. (requested by Zoaderman)\n|\n|t:|1771234737\n|switch|p1a: Dipplin|Dipplin, L88, M|284/284\n|switch|p2a: Slowbro|Slowbro, L85, M|300/300\n|\n|upkeep\n|turn|2\n|\n|t:|1771234748\n|switch|p2a: Grafaiai|Grafaiai, L86, M|249/249\n|move|p1a: Dipplin|Dragon Tail|p2a: Grafaiai\n|-damage|p2a: Grafaiai|171/249\n|drag|p2a: Braviary|Braviary, L85, M|309/309\n|\n|upkeep\n|turn|3\n|\n|t:|1771234763\n|switch|p1a: Electrode|Electrode, L92|260/260\n|move|p2a: Braviary|Brave Bird|p1a: Electrode\n|-resisted|p1a: Electrode\n|-damage|p1a: Electrode|170/260\n|-damage|p2a: Braviary|279/309|[from] Recoil\n|\n|upkeep\n|turn|4\n|\n|t:|1771234772\n|switch|p2a: Trevenant|Trevenant, L89, M|296/296\n|move|p1a: Electrode|Thunderbolt|p2a: Trevenant\n|-resisted|p2a: Trevenant\n|-damage|p2a: Trevenant|230/296\n|-damage|p1a: Electrode|144/260|[from] item: Life Orb\n|\n|upkeep\n|turn|5\n|\n|t:|1771234792\n|switch|p1a: Arbok|Arbok, L87, F|246/246\n|-ability|p1a: Arbok|Intimidate|boost\n|-unboost|p2a: Trevenant|atk|1\n|move|p2a: Trevenant|Drain Punch|p1a: Arbok\n|-resisted|p1a: Arbok\n|-damage|p1a: Arbok|220/246\n|-heal|p2a: Trevenant|243/296|[from] drain|[of] p1a: Arbok\n|\n|-heal|p1a: Arbok|235/246|[from] item: Leftovers\n|upkeep\n|turn|6\n|\n|t:|1771234805\n|switch|p2a: Sableye|Sableye, L88, M|231/231\n|move|p1a: Arbok|Coil|p1a: Arbok\n|-boost|p1a: Arbok|atk|1\n|-boost|p1a: Arbok|def|1\n|-boost|p1a: Arbok|accuracy|1\n|\n|-heal|p1a: Arbok|246/246|[from] item: Leftovers\n|upkeep\n|turn|7\n|\n|t:|1771234812\n|move|p1a: Arbok|Sucker Punch||[still]\n|-fail|p1a: Arbok\n|move|p2a: Sableye|Encore|p1a: Arbok\n|-start|p1a: Arbok|Encore\n|\n|upkeep\n|turn|8\n|\n|t:|1771234825\n|switch|p1a: Dipplin|Dipplin, L88, M|284/284\n|switch|p2a: Grafaiai|Grafaiai, L86, M|171/249\n|\n|upkeep\n|turn|9\n|\n|t:|1771234832\n|switch|p1a: Mudsdale|Mudsdale, L83, F|302/302\n|move|p2a: Grafaiai|Gunk Shot|p1a: Mudsdale|[miss]\n|-miss|p2a: Grafaiai|p1a: Mudsdale\n|\n|upkeep\n|turn|10\n|\n|t:|1771234841\n|move|p2a: Grafaiai|Parting Shot|p1a: Mudsdale\n|-unboost|p1a: Mudsdale|atk|1\n|-unboost|p1a: Mudsdale|spa|1\n|\n|t:|1771234846\n|switch|p2a: Espeon|Espeon, L84, M|246/246|[from] Parting Shot\n|move|p1a: Mudsdale|Stealth Rock|p2a: Espeon\n|move|p2a: Espeon|Stealth Rock|p1a: Mudsdale|[from] ability: Magic Bounce\n|-sidestart|p1: ddzpgd|move: Stealth Rock\n|\n|upkeep\n|turn|11\n|\n|t:|1771234869\n|switch|p1a: Arbok|Arbok, L87, F|246/246\n|-damage|p1a: Arbok|216/246|[from] Stealth Rock\n|-ability|p1a: Arbok|Intimidate|boost\n|-unboost|p2a: Espeon|atk|1\n|move|p2a: Espeon|Calm Mind|p2a: Espeon\n|-boost|p2a: Espeon|spa|1\n|-boost|p2a: Espeon|spd|1\n|\n|-heal|p1a: Arbok|231/246|[from] item: Leftovers\n|upkeep\n|turn|12\n|\n|t:|1771234879\n|-terastallize|p1a: Arbok|Dark\n|move|p2a: Espeon|Psyshock|p1a: Arbok\n|-immune|p1a: Arbok\n|move|p1a: Arbok|Coil|p1a: Arbok\n|-boost|p1a: Arbok|atk|1\n|-boost|p1a: Arbok|def|1\n|-boost|p1a: Arbok|accuracy|1\n|\n|-heal|p1a: Arbok|246/246|[from] item: Leftovers\n|upkeep\n|turn|13\n|\n|t:|1771234892\n|move|p1a: Arbok|Sucker Punch|p2a: Espeon\n|-supereffective|p2a: Espeon\n|-damage|p2a: Espeon|0 fnt\n|faint|p2a: Espeon\n|\n|upkeep\n|\n|t:|1771234895\n|switch|p2a: Slowbro|Slowbro, L85, M|300/300\n|turn|14\n|\n|t:|1771234900\n|move|p1a: Arbok|Gunk Shot|p2a: Slowbro\n|-damage|p2a: Slowbro|143/300\n|move|p2a: Slowbro|Iron Defense|p2a: Slowbro\n|-boost|p2a: Slowbro|def|2\n|\n|-heal|p2a: Slowbro|161/300|[from] item: Leftovers\n|upkeep\n|turn|15\n|\n|t:|1771234908\n|move|p1a: Arbok|Gunk Shot|p2a: Slowbro\n|-damage|p2a: Slowbro|73/300\n|-status|p2a: Slowbro|psn\n|move|p2a: Slowbro|Slack Off|p2a: Slowbro\n|-heal|p2a: Slowbro|223/300 psn\n|\n|-heal|p2a: Slowbro|241/300 psn|[from] item: Leftovers\n|-damage|p2a: Slowbro|204/300 psn|[from] psn\n|upkeep\n|turn|16\n|\n|t:|1771234916\n|move|p1a: Arbok|Coil|p1a: Arbok\n|-boost|p1a: Arbok|atk|1\n|-boost|p1a: Arbok|def|1\n|-boost|p1a: Arbok|accuracy|1\n|move|p2a: Slowbro|Iron Defense|p2a: Slowbro\n|-boost|p2a: Slowbro|def|2\n|\n|-heal|p2a: Slowbro|222/300 psn|[from] item: Leftovers\n|-damage|p2a: Slowbro|185/300 psn|[from] psn\n|upkeep\n|turn|17\n|\n|t:|1771234920\n|move|p1a: Arbok|Gunk Shot|p2a: Slowbro\n|-damage|p2a: Slowbro|116/300 psn\n|move|p2a: Slowbro|Iron Defense|p2a: Slowbro\n|-boost|p2a: Slowbro|def|2\n|\n|-heal|p2a: Slowbro|134/300 psn|[from] item: Leftovers\n|-damage|p2a: Slowbro|97/300 psn|[from] psn\n|upkeep\n|turn|18\n|\n|t:|1771234923\n|move|p1a: Arbok|Gunk Shot|p2a: Slowbro\n|-damage|p2a: Slowbro|43/300 psn\n|move|p2a: Slowbro|Slack Off|p2a: Slowbro\n|-heal|p2a: Slowbro|193/300 psn\n|\n|-heal|p2a: Slowbro|211/300 psn|[from] item: Leftovers\n|-damage|p2a: Slowbro|174/300 psn|[from] psn\n|upkeep\n|turn|19\n|\n|t:|1771234933\n|switch|p1a: Electrode|Electrode, L92|144/260\n|-damage|p1a: Electrode|112/260|[from] Stealth Rock\n|move|p2a: Slowbro|Slack Off|p2a: Slowbro\n|-heal|p2a: Slowbro|300/300 psn\n|\n|-damage|p2a: Slowbro|263/300 psn|[from] psn\n|upkeep\n|turn|20\n|\n|t:|1771234941\n|-terastallize|p2a: Slowbro|Fighting\n|move|p1a: Electrode|Thunderbolt|p2a: Slowbro\n|-damage|p2a: Slowbro|133/300 psn\n|-damage|p1a: Electrode|86/260|[from] item: Life Orb\n|move|p2a: Slowbro|Body Press|p1a: Electrode\n|-damage|p1a: Electrode|0 fnt\n|faint|p1a: Electrode\n|\n|-heal|p2a: Slowbro|151/300 psn|[from] item: Leftovers\n|-damage|p2a: Slowbro|114/300 psn|[from] psn\n|upkeep\n|\n|t:|1771234945\n|switch|p1a: Primarina|Primarina, L83, F|268/268\n|-damage|p1a: Primarina|235/268|[from] Stealth Rock\n|turn|21\n|l|☆ddzpgd\n|inactive|ddzpgd disconnected and has a minute to reconnect!\n|player|p1|\n|j|☆ddzpgd\n|inactive|ddzpgd reconnected and has 145 seconds left.\n|player|p1|ddzpgd|lyra|\n|\n|t:|1771234961\n|switch|p2a: Grafaiai|Grafaiai, L86, M|171/249\n|move|p1a: Primarina|Psychic|p2a: Grafaiai\n|-supereffective|p2a: Grafaiai\n|-damage|p2a: Grafaiai|0 fnt\n|faint|p2a: Grafaiai\n|\n|-heal|p1a: Primarina|251/268|[from] item: Leftovers\n|upkeep\n|\n|t:|1771234978\n|switch|p2a: Sableye|Sableye, L88, M|231/231\n|turn|22\n|l|☆ddzpgd\n|inactive|ddzpgd disconnected and has a minute to reconnect!\n|player|p1|\n|inactive|ddzpgd has 30 seconds to reconnect!\n|j|☆ddzpgd\n|inactive|ddzpgd reconnected and has 100 seconds left.\n|player|p1|ddzpgd|lyra|\n|inactive|ddzpgd has 90 seconds left.\n|\n|t:|1771235039\n|move|p2a: Sableye|Thunder Wave|p1a: Primarina\n|-status|p1a: Primarina|par\n|move|p1a: Primarina|Draining Kiss|p2a: Sableye\n|-supereffective|p2a: Sableye\n|-damage|p2a: Sableye|87/231\n|-heal|p1a: Primarina|268/268 par|[from] drain|[of] p2a: Sableye\n|\n|-heal|p2a: Sableye|101/231|[from] item: Leftovers\n|upkeep\n|turn|23\n|\n|t:|1771235053\n|move|p2a: Sableye|Recover|p2a: Sableye\n|-heal|p2a: Sableye|217/231\n|move|p1a: Primarina|Draining Kiss|p2a: Sableye\n|-supereffective|p2a: Sableye\n|-damage|p2a: Sableye|55/231\n|\n|-heal|p2a: Sableye|69/231|[from] item: Leftovers\n|upkeep\n|turn|24\n|\n|t:|1771235063\n|move|p2a: Sableye|Knock Off|p1a: Primarina\n|-resisted|p1a: Primarina\n|-damage|p1a: Primarina|213/268 par\n|-enditem|p1a: Primarina|Leftovers|[from] move: Knock Off|[of] p2a: Sableye\n|cant|p1a: Primarina|par\n|\n|-heal|p2a: Sableye|83/231|[from] item: Leftovers\n|upkeep\n|turn|25\n|inactive|ddzpgd has 90 seconds left.\n|\n|t:|1771235085\n|move|p2a: Sableye|Recover|p2a: Sableye\n|-heal|p2a: Sableye|199/231\n|move|p1a: Primarina|Draining Kiss|p2a: Sableye\n|-supereffective|p2a: Sableye\n|-damage|p2a: Sableye|41/231\n|-heal|p1a: Primarina|268/268 par|[from] drain|[of] p2a: Sableye\n|\n|-heal|p2a: Sableye|55/231|[from] item: Leftovers\n|upkeep\n|turn|26\n|\n|t:|1771235098\n|move|p2a: Sableye|Recover|p2a: Sableye\n|-heal|p2a: Sableye|171/231\n|move|p1a: Primarina|Draining Kiss|p2a: Sableye\n|-supereffective|p2a: Sableye\n|-damage|p2a: Sableye|21/231\n|\n|-heal|p2a: Sableye|35/231|[from] item: Leftovers\n|upkeep\n|turn|27\n|\n|t:|1771235111\n|switch|p2a: Trevenant|Trevenant, L89, M|243/296\n|move|p1a: Primarina|Draining Kiss|p2a: Trevenant\n|-damage|p2a: Trevenant|173/296\n|\n|upkeep\n|turn|28\n|inactive|ddzpgd has 90 seconds left.\n|\n|t:|1771235134\n|switch|p1a: Arbok|Arbok, L87, F, tera:Dark|246/246\n|-damage|p1a: Arbok|216/246|[from] Stealth Rock\n|-ability|p1a: Arbok|Intimidate|boost\n|-unboost|p2a: Trevenant|atk|1\n|move|p2a: Trevenant|Drain Punch|p1a: Arbok\n|-supereffective|p1a: Arbok\n|-damage|p1a: Arbok|116/246\n|-heal|p2a: Trevenant|223/296|[from] drain|[of] p1a: Arbok\n|\n|-heal|p1a: Arbok|131/246|[from] item: Leftovers\n|upkeep\n|turn|29\n|inactive|ddzpgd has 90 seconds left.\n|\n|t:|1771235156\n|switch|p2a: Slowbro|Slowbro, L85, M, tera:Fighting|214/300 psn\n|move|p1a: Arbok|Gunk Shot|p2a: Slowbro\n|-damage|p2a: Slowbro|109/300 psn\n|\n|-heal|p1a: Arbok|146/246|[from] item: Leftovers\n|-heal|p2a: Slowbro|127/300 psn|[from] item: Leftovers\n|-damage|p2a: Slowbro|90/300 psn|[from] psn\n|upkeep\n|turn|30\n|\n|t:|1771235165\n|move|p1a: Arbok|Gunk Shot|p2a: Slowbro\n|-crit|p2a: Slowbro\n|-damage|p2a: Slowbro|0 fnt\n|faint|p2a: Slowbro\n|\n|-heal|p1a: Arbok|161/246|[from] item: Leftovers\n|upkeep\n|inactive|Zoaderman has 120 seconds left.\n|\n|t:|1771235199\n|switch|p2a: Trevenant|Trevenant, L89, M|223/296\n|turn|31\n|inactive|ddzpgd has 90 seconds left.\n|\n|t:|1771235211\n|move|p1a: Arbok|Gunk Shot|p2a: Trevenant\n|-damage|p2a: Trevenant|75/296\n|-status|p2a: Trevenant|psn\n|-enditem|p2a: Trevenant|Sitrus Berry|[eat]\n|-heal|p2a: Trevenant|149/296 psn|[from] item: Sitrus Berry\n|move|p2a: Trevenant|Drain Punch|p1a: Arbok\n|-supereffective|p1a: Arbok\n|-damage|p1a: Arbok|15/246\n|-heal|p2a: Trevenant|222/296 psn|[from] drain|[of] p1a: Arbok\n|\n|-heal|p1a: Arbok|30/246|[from] item: Leftovers\n|-damage|p2a: Trevenant|185/296 psn|[from] psn\n|-item|p2a: Trevenant|Sitrus Berry|[from] ability: Harvest\n|upkeep\n|turn|32\n|inactive|ddzpgd has 90 seconds left.\n|\n|t:|1771235222\n|move|p1a: Arbok|Gunk Shot|p2a: Trevenant|[miss]\n|-miss|p1a: Arbok|p2a: Trevenant\n|move|p2a: Trevenant|Drain Punch|p1a: Arbok\n|-supereffective|p1a: Arbok\n|-damage|p1a: Arbok|0 fnt\n|-heal|p2a: Trevenant|200/296 psn|[from] drain|[of] p1a: Arbok\n|faint|p1a: Arbok\n|\n|-damage|p2a: Trevenant|163/296 psn|[from] psn\n|upkeep\n|inactive|ddzpgd has 60 seconds left.\n|\n|t:|1771235256\n|switch|p1a: Dipplin|Dipplin, L88, M|284/284\n|-damage|p1a: Dipplin|249/284|[from] Stealth Rock\n|turn|33\n|\n|t:|1771235277\n|move|p2a: Trevenant|Toxic|p1a: Dipplin\n|-status|p1a: Dipplin|tox\n|move|p1a: Dipplin|Dragon Pulse|p2a: Trevenant\n|-damage|p2a: Trevenant|72/296 psn\n|-enditem|p2a: Trevenant|Sitrus Berry|[eat]\n|-heal|p2a: Trevenant|146/296 psn|[from] item: Sitrus Berry\n|\n|-damage|p2a: Trevenant|109/296 psn|[from] psn\n|-damage|p1a: Dipplin|232/284 tox|[from] psn\n|-item|p2a: Trevenant|Sitrus Berry|[from] ability: Harvest\n|upkeep\n|-enditem|p2a: Trevenant|Sitrus Berry|[eat]\n|-heal|p2a: Trevenant|183/296 psn|[from] item: Sitrus Berry\n|turn|34\n|inactive|ddzpgd has 60 seconds left.\n|\n|t:|1771235306\n|move|p2a: Trevenant|Drain Punch|p1a: Dipplin\n|-damage|p1a: Dipplin|196/284 tox\n|-heal|p2a: Trevenant|201/296 psn|[from] drain|[of] p1a: Dipplin\n|move|p1a: Dipplin|Recover|p1a: Dipplin\n|-heal|p1a: Dipplin|284/284 tox\n|\n|-damage|p2a: Trevenant|164/296 psn|[from] psn\n|-damage|p1a: Dipplin|250/284 tox|[from] psn\n|upkeep\n|turn|35\n|inactive|Zoaderman has 120 seconds left.\n|\n|t:|1771235338\n|move|p2a: Trevenant|Drain Punch|p1a: Dipplin\n|-damage|p1a: Dipplin|215/284 tox\n|-heal|p2a: Trevenant|182/296 psn|[from] drain|[of] p1a: Dipplin\n|move|p1a: Dipplin|Dragon Tail|p2a: Trevenant\n|-damage|p2a: Trevenant|116/296 psn\n|drag|p2a: Sableye|Sableye, L88, M|35/231\n|\n|-heal|p2a: Sableye|49/231|[from] item: Leftovers\n|-damage|p1a: Dipplin|164/284 tox|[from] psn\n|upkeep\n|turn|36\n|inactive|ddzpgd has 60 seconds left.\n|\n|t:|1771235350\n|switch|p1a: Primarina|Primarina, L83, F|268/268 par\n|-damage|p1a: Primarina|235/268 par|[from] Stealth Rock\n|move|p2a: Sableye|Recover|p2a: Sableye\n|-heal|p2a: Sableye|165/231\n|\n|-heal|p2a: Sableye|179/231|[from] item: Leftovers\n|upkeep\n|turn|37\n|\n|t:|1771235365\n|switch|p2a: Trevenant|Trevenant, L89, M|116/296 psn\n|cant|p1a: Primarina|par\n|\n|-damage|p2a: Trevenant|79/296 psn|[from] psn\n|-item|p2a: Trevenant|Sitrus Berry|[from] ability: Harvest\n|upkeep\n|-enditem|p2a: Trevenant|Sitrus Berry|[eat]\n|-heal|p2a: Trevenant|153/296 psn|[from] item: Sitrus Berry\n|turn|38\n|\n|t:|1771235373\n|move|p2a: Trevenant|Protect|p2a: Trevenant\n|-singleturn|p2a: Trevenant|Protect\n|move|p1a: Primarina|Draining Kiss|p2a: Trevenant\n|-activate|p2a: Trevenant|move: Protect\n|\n|-damage|p2a: Trevenant|116/296 psn|[from] psn\n|-item|p2a: Trevenant|Sitrus Berry|[from] ability: Harvest\n|upkeep\n|-enditem|p2a: Trevenant|Sitrus Berry|[eat]\n|-heal|p2a: Trevenant|190/296 psn|[from] item: Sitrus Berry\n|turn|39\n|inactive|Zoaderman has 120 seconds left.\n|\n|t:|1771235395\n|switch|p2a: Sableye|Sableye, L88, M|179/231\n|move|p1a: Primarina|Psychic|p2a: Sableye\n|-immune|p2a: Sableye\n|\n|-heal|p2a: Sableye|193/231|[from] item: Leftovers\n|upkeep\n|turn|40\n|inactive|ddzpgd has 60 seconds left.\n|\n|t:|1771235423\n|switch|p2a: Braviary|Braviary, L85, M|279/309\n|cant|p1a: Primarina|par\n|\n|upkeep\n|turn|41\n|inactive|ddzpgd has 60 seconds left.\n|\n|t:|1771235433\n|switch|p1a: Mudsdale|Mudsdale, L83, F|302/302\n|-damage|p1a: Mudsdale|284/302|[from] Stealth Rock\n|move|p2a: Braviary|Bulk Up|p2a: Braviary\n|-boost|p2a: Braviary|atk|1\n|-boost|p2a: Braviary|def|1\n|\n|-heal|p1a: Mudsdale|302/302|[from] item: Leftovers\n|upkeep\n|turn|42\n|inactive|ddzpgd has 60 seconds left.\n|\n|t:|1771235445\n|move|p2a: Braviary|Bulk Up|p2a: Braviary\n|-boost|p2a: Braviary|atk|1\n|-boost|p2a: Braviary|def|1\n|move|p1a: Mudsdale|Roar|p2a: Braviary\n|drag|p2a: Sableye|Sableye, L88, M|193/231\n|\n|-heal|p2a: Sableye|207/231|[from] item: Leftovers\n|upkeep\n|turn|43\n|inactive|ddzpgd has 60 seconds left.\n|\n|t:|1771235456\n|move|p2a: Sableye|Encore|p1a: Mudsdale\n|-start|p1a: Mudsdale|Encore\n|move|p1a: Mudsdale|Roar|p2a: Sableye\n|drag|p2a: Trevenant|Trevenant, L89, M|190/296 psn\n|\n|-damage|p2a: Trevenant|153/296 psn|[from] psn\n|-item|p2a: Trevenant|Sitrus Berry|[from] ability: Harvest\n|upkeep\n|turn|44\n|inactive|ddzpgd has 60 seconds left.\n|\n|t:|1771235466\n|switch|p1a: Primarina|Primarina, L83, F|235/268 par\n|-damage|p1a: Primarina|202/268 par|[from] Stealth Rock\n|move|p2a: Trevenant|Toxic|p1a: Primarina|[miss]\n|-miss|p2a: Trevenant|p1a: Primarina\n|\n|-damage|p2a: Trevenant|116/296 psn|[from] psn\n|upkeep\n|-enditem|p2a: Trevenant|Sitrus Berry|[eat]\n|-heal|p2a: Trevenant|190/296 psn|[from] item: Sitrus Berry\n|turn|45\n|\n|t:|1771235472\n|switch|p2a: Sableye|Sableye, L88, M|207/231\n|move|p1a: Primarina|Psychic|p2a: Sableye\n|-immune|p2a: Sableye\n|\n|-heal|p2a: Sableye|221/231|[from] item: Leftovers\n|upkeep\n|turn|46\n|\n|t:|1771235479\n|switch|p1a: Mudsdale|Mudsdale, L83, F|302/302\n|-damage|p1a: Mudsdale|284/302|[from] Stealth Rock\n|move|p2a: Sableye|Encore||[still]\n|-fail|p2a: Sableye\n|\n|-heal|p2a: Sableye|231/231|[from] item: Leftovers\n|-heal|p1a: Mudsdale|302/302|[from] item: Leftovers\n|upkeep\n|turn|47\n|inactive|ddzpgd has 60 seconds left.\n|c|☆ddzpgd|I gtg\n|-message|ddzpgd forfeited.\n|\n|win|Zoaderman\n|raw|ddzpgd's rating: 1709 &rarr; <strong>1688</strong><br />(-21 for losing)\n|raw|Zoaderman's rating: 1693 &rarr; <strong>1714</strong><br />(+21 for winning)\n|l|☆ddzpgd\n|player|p1|\n", "inputlog": ">version 686819e5e19f8a7fd2345cfc5a08a5085efa2cc3\n>start {\"formatid\":\"gen9randombattle\",\"seed\":\"sodium,48b33e1fbacfb1f7020c758c0d9d3d60\",\"rated\":\"Rated battle\"}\n>player p1 {\"name\":\"ddzpgd\",\"avatar\":\"lyra\",\"rating\":1709,\"seed\":\"sodium,0418afb9a333018f2246201a39b46446\"}\n>player p2 {\"name\":\"Zoaderman\",\"avatar\":\"266\",\"rating\":1713,\"seed\":\"sodium,2e2c1756fb9c72f94b637886c9ce34d1\"}\n>p1 switch 3\n>p2 switch 3\n>p1 move dragontail\n>p2 switch 6\n>p1 switch 5\n>p2 move bravebird\n>p1 move thunderbolt\n>p2 switch 5\n>p1 switch 6\n>p2 move drainpunch\n>p1 move coil\n>p2 switch 3\n>p1 move suckerpunch\n>p2 move encore\n>p1 switch 5\n>p2 switch 4\n>p1 switch 2\n>p2 move gunkshot\n>p1 move stealthrock\n>p2 move partingshot\n>p2 switch 2\n>p1 switch 5\n>p2 move calmmind\n>p1 move coil terastallize\n>p2 move psyshock\n>p1 move suckerpunch\n>p2 move alluringvoice\n>p2 switch 6\n>p1 move gunkshot\n>p2 move irondefense\n>p1 move gunkshot\n>p2 move slackoff\n>p1 move coil\n>p2 move irondefense\n>p1 move gunkshot\n>p2 move irondefense\n>p1 move gunkshot\n>p2 move slackoff\n>p1 switch 6\n>p2 move slackoff\n>p1 move thunderbolt\n>p2 move bodypress terastallize\n>p1 switch 4\n>p1 move psychic\n>p2 switch 2\n>p2 switch 4\n>p1 move drainingkiss\n>p2 move thunderwave\n>p1 move drainingkiss\n>p2 move recover\n>p1 move drainingkiss\n>p2 move knockoff\n>p1 move drainingkiss\n>p2 move recover\n>p1 move drainingkiss\n>p2 move recover\n>p1 move drainingkiss\n>p2 switch 3\n>p1 switch 6\n>p2 move drainpunch\n>p1 move gunkshot\n>p2 switch 2\n>p1 move gunkshot\n>p2 move bodypress\n>p2 switch 2\n>p1 move gunkshot\n>p2 move drainpunch\n>p1 move gunkshot\n>p2 move drainpunch\n>p1 switch 2\n>p1 move dragonpulse\n>p2 move toxic\n>p1 move recover\n>p2 move drainpunch\n>p1 move dragontail\n>p2 move drainpunch\n>p1 switch 6\n>p2 move recover\n>p1 move drainingkiss\n>p2 switch 3\n>p1 move drainingkiss\n>p2 move protect\n>p1 move psychic\n>p2 switch 3\n>p1 move drainingkiss\n>p2 switch 5\n>p1 switch 5\n>p2 move bulkup\n>p1 move roar\n>p2 move bulkup\n>p1 move stealthrock\n>p2 move encore\n>p1 switch 5\n>p2 move toxic\n>p1 move psychic\n>p2 switch 3\n>p1 switch 5\n>p2 move encore\n>chat ☆ddzpgd|I gtg\n>forcelose p1", "uploadtime": 1771235508, "views": 14, "formatid": "gen9randombattle", "rating": 1688, "private": 0, "password": null}