{"id": "gen9randombattle-2540833837", "format": "[Gen 9] Random Battle", "players": ["Arxz", "MistaMeganium"], "log": "|j|☆Arxz\n|j|☆MistaMeganium\n|t:|1771258815\n|gametype|singles\n|player|p1|Arxz|hoopster|2114\n|player|p2|MistaMeganium|preschooler|2112\n|gen|9\n|tier|[Gen 9] Random Battle\n|rated|\n|rule|Species Clause: Limit one of each Pokémon\n|rule|HP Percentage Mod: HP is shown in percentages\n|rule|Sleep Clause Mod: Limit one foe put to sleep\n|rule|Illusion Level Mod: Illusion disguises the Pokémon's true level\n|\n|t:|1771258815\n|teamsize|p1|6\n|teamsize|p2|6\n|start\n|switch|p1a: Toedscruel|Toedscruel, L87, F|281/281\n|switch|p2a: Gyarados|Gyarados, L79, F|280/280\n|turn|1\n|inactive|Battle timer is ON: inactive players will automatically lose when time's up. (requested by MistaMeganium)\n|\n|t:|1771258832\n|move|p2a: Gyarados|Dragon Dance|p2a: Gyarados\n|-boost|p2a: Gyarados|atk|1\n|-boost|p2a: Gyarados|spe|1\n|move|p1a: Toedscruel|Toxic|p2a: Gyarados\n|-status|p2a: Gyarados|tox\n|\n|-damage|p2a: Gyarados|263/280 tox|[from] psn\n|upkeep\n|turn|2\n|\n|t:|1771258839\n|switch|p1a: Dondozo|Dondozo, L78, M|362/362\n|move|p2a: Gyarados|Dragon Dance|p2a: Gyarados\n|-boost|p2a: Gyarados|atk|1\n|-boost|p2a: Gyarados|spe|1\n|\n|-damage|p2a: Gyarados|229/280 tox|[from] psn\n|upkeep\n|turn|3\n|\n|t:|1771258852\n|switch|p2a: Luxray|Luxray, L88, F|283/283\n|move|p1a: Dondozo|Wave Crash|p2a: Luxray\n|-damage|p2a: Luxray|171/283\n|-damage|p1a: Dondozo|325/362|[from] Recoil\n|\n|-heal|p1a: Dondozo|347/362|[from] item: Leftovers\n|-status|p2a: Luxray|brn|[from] item: Flame Orb\n|upkeep\n|turn|4\n|\n|t:|1771258861\n|switch|p1a: Palossand|Palossand, L89, M|296/296\n|move|p2a: Luxray|Trailblaze|p1a: Palossand\n|-supereffective|p1a: Palossand\n|-damage|p1a: Palossand|180/296\n|-boost|p2a: Luxray|spe|1\n|\n|-heal|p1a: Palossand|198/296|[from] item: Leftovers\n|-damage|p2a: Luxray|154/283 brn|[from] brn\n|upkeep\n|turn|5\n|\n|t:|1771258874\n|switch|p2a: Cetitan|Cetitan, L82, M|413/413\n|move|p1a: Palossand|Shore Up|p1a: Palossand\n|-heal|p1a: Palossand|296/296\n|\n|upkeep\n|turn|6\n|\n|t:|1771258882\n|switch|p2a: Mesprit|Mesprit, L85|275/275\n|switch|p1a: Dondozo|Dondozo, L78, M|347/362\n|\n|-heal|p1a: Dondozo|362/362|[from] item: Leftovers\n|upkeep\n|turn|7\n|\n|t:|1771258889\n|switch|p1a: Zapdos|Zapdos, L78|268/268\n|move|p2a: Mesprit|Knock Off|p1a: Zapdos\n|-damage|p1a: Zapdos|177/268\n|-status|p2a: Mesprit|par|[from] ability: Static|[of] p1a: Zapdos\n|-enditem|p1a: Zapdos|Heavy-Duty Boots|[from] move: Knock Off|[of] p2a: Mesprit\n|\n|upkeep\n|turn|8\n|\n|t:|1771258897\n|move|p1a: Zapdos|Thunderbolt|p2a: Mesprit\n|-damage|p2a: Mesprit|184/275 par\n|move|p2a: Mesprit|Ice Beam|p1a: Zapdos\n|-supereffective|p1a: Zapdos\n|-damage|p1a: Zapdos|15/268\n|\n|-heal|p2a: Mesprit|201/275 par|[from] item: Leftovers\n|upkeep\n|turn|9\n|\n|t:|1771258904\n|move|p1a: Zapdos|U-turn|p2a: Mesprit\n|-supereffective|p2a: Mesprit\n|-damage|p2a: Mesprit|129/275 par\n|\n|t:|1771258911\n|switch|p1a: Delphox|Delphox, L84, F|263/263|[from] U-turn\n|move|p2a: Mesprit|Ice Beam|p1a: Delphox\n|-resisted|p1a: Delphox\n|-damage|p1a: Delphox|234/263\n|\n|-heal|p2a: Mesprit|146/275 par|[from] item: Leftovers\n|upkeep\n|turn|10\n|\n|t:|1771258920\n|switch|p2a: Gyarados|Gyarados, L79, F|229/280 tox\n|move|p1a: Delphox|Fire Blast|p2a: Gyarados\n|-resisted|p2a: Gyarados\n|-damage|p2a: Gyarados|168/280 tox\n|\n|-damage|p2a: Gyarados|151/280 tox|[from] psn\n|upkeep\n|turn|11\n|\n|t:|1771258931\n|switch|p2a: Mesprit|Mesprit, L85|146/275 par\n|move|p1a: Delphox|Psyshock|p2a: Mesprit\n|-resisted|p2a: Mesprit\n|-damage|p2a: Mesprit|104/275 par\n|\n|-heal|p2a: Mesprit|121/275 par|[from] item: Leftovers\n|upkeep\n|turn|12\n|\n|t:|1771258940\n|move|p1a: Delphox|Fire Blast|p2a: Mesprit\n|-damage|p2a: Mesprit|7/275 par\n|move|p2a: Mesprit|Knock Off|p1a: Delphox\n|-supereffective|p1a: Delphox\n|-damage|p1a: Delphox|64/263\n|-enditem|p1a: Delphox|Heavy-Duty Boots|[from] move: Knock Off|[of] p2a: Mesprit\n|\n|-heal|p2a: Mesprit|24/275 par|[from] item: Leftovers\n|upkeep\n|turn|13\n|\n|t:|1771258948\n|move|p1a: Delphox|Psyshock|p2a: Mesprit\n|-resisted|p2a: Mesprit\n|-damage|p2a: Mesprit|0 fnt\n|faint|p2a: Mesprit\n|\n|upkeep\n|\n|t:|1771258956\n|switch|p2a: Regieleki|Regieleki, L79|256/256\n|turn|14\n|\n|t:|1771258962\n|switch|p2a: Cetitan|Cetitan, L82, M|413/413\n|move|p1a: Delphox|Fire Blast|p2a: Cetitan\n|-supereffective|p2a: Cetitan\n|-damage|p2a: Cetitan|0 fnt\n|faint|p2a: Cetitan\n|\n|upkeep\n|\n|t:|1771258972\n|switch|p2a: Gyarados|Gyarados, L79, F|151/280 tox\n|turn|15\n|\n|t:|1771258979\n|move|p1a: Delphox|Psyshock|p2a: Gyarados\n|-damage|p2a: Gyarados|30/280 tox\n|move|p2a: Gyarados|Waterfall|p1a: Delphox\n|-supereffective|p1a: Delphox\n|-damage|p1a: Delphox|0 fnt\n|faint|p1a: Delphox\n|-ability|p2a: Gyarados|Moxie|boost\n|-boost|p2a: Gyarados|atk|1\n|\n|-damage|p2a: Gyarados|13/280 tox|[from] psn\n|upkeep\n|\n|t:|1771258988\n|switch|p1a: Dondozo|Dondozo, L78, M|362/362\n|turn|16\n|\n|t:|1771258993\n|move|p2a: Gyarados|Waterfall|p1a: Dondozo\n|-resisted|p1a: Dondozo\n|-damage|p1a: Dondozo|322/362\n|move|p1a: Dondozo|Wave Crash|p2a: Gyarados\n|-resisted|p2a: Gyarados\n|-damage|p2a: Gyarados|0 fnt\n|faint|p2a: Gyarados\n|-damage|p1a: Dondozo|318/362|[from] Recoil\n|\n|-heal|p1a: Dondozo|340/362|[from] item: Leftovers\n|upkeep\n|\n|t:|1771259005\n|switch|p2a: Regieleki|Regieleki, L79|256/256\n|turn|17\n|\n|t:|1771259009\n|switch|p2a: Frosmoth|Frosmoth, L82, F|249/249\n|switch|p1a: Zapdos|Zapdos, L78|15/268\n|\n|upkeep\n|turn|18\n|\n|t:|1771259016\n|move|p1a: Zapdos|U-turn|p2a: Frosmoth\n|-damage|p2a: Frosmoth|191/249\n|\n|t:|1771259018\n|switch|p1a: Emboar|Emboar, L84, M|322/322|[from] U-turn\n|move|p2a: Frosmoth|Ice Beam|p1a: Emboar\n|-resisted|p1a: Emboar\n|-damage|p1a: Emboar|273/322\n|-status|p1a: Emboar|frz\n|\n|upkeep\n|turn|19\n|\n|t:|1771259033\n|-terastallize|p2a: Frosmoth|Water\n|-curestatus|p1a: Emboar|frz|[from] move: Flare Blitz\n|move|p1a: Emboar|Flare Blitz|p2a: Frosmoth\n|-resisted|p2a: Frosmoth\n|-damage|p2a: Frosmoth|76/249\n|-damage|p1a: Emboar|235/322|[from] Recoil\n|move|p2a: Frosmoth|Quiver Dance|p2a: Frosmoth\n|-boost|p2a: Frosmoth|spa|1\n|-boost|p2a: Frosmoth|spd|1\n|-boost|p2a: Frosmoth|spe|1\n|\n|upkeep\n|turn|20\n|\n|t:|1771259056\n|move|p1a: Emboar|Sucker Punch|p2a: Frosmoth\n|-damage|p2a: Frosmoth|0 fnt\n|faint|p2a: Frosmoth\n|\n|upkeep\n|c|☆MistaMeganium|gg\n|-message|MistaMeganium forfeited.\n|\n|win|Arxz\n|raw|Arxz's rating: 2114 &rarr; <strong>2134</strong><br />(+20 for winning)\n|raw|MistaMeganium's rating: 2112 &rarr; <strong>2092</strong><br />(-20 for losing)\n|l|☆MistaMeganium\n|player|p2|\n", "inputlog": ">version 686819e5e19f8a7fd2345cfc5a08a5085efa2cc3\n>start {\"formatid\":\"gen9randombattle\",\"seed\":\"sodium,4cdfbbdca91590b93c17c60f0076b788\",\"rated\":\"Rated battle\"}\n>player p1 {\"name\":\"Arxz\",\"avatar\":\"hoopster\",\"rating\":2114,\"seed\":\"sodium,421eef2cb439ca12dc191360726f4f9e\"}\n>player p2 {\"name\":\"MistaMeganium\",\"avatar\":\"preschooler\",\"rating\":2112,\"seed\":\"sodium,505eef06351a6ec66e031e8e55c9525e\"}\n>p1 move toxic\n>p2 move dragondance\n>p1 switch 6\n>p2 move dragondance\n>p1 move wavecrash\n>p2 switch 6\n>p1 switch 2\n>p2 move trailblaze\n>p1 move shoreup\n>p2 switch 4\n>p1 switch 2\n>p2 switch 2\n>p1 switch 5\n>p2 move knockoff\n>p1 move thunderbolt\n>p2 move icebeam\n>p1 move uturn\n>p2 move icebeam\n>p1 switch 3\n>p1 move fireblast\n>p2 switch 6\n>p1 move psyshock\n>p2 switch 6\n>p1 move fireblast\n>p2 move knockoff\n>p1 move psyshock\n>p2 move knockoff\n>p2 switch 3\n>p1 move fireblast\n>p2 switch 2\n>p2 switch 6\n>p1 move psyshock\n>p2 move waterfall\n>p1 switch 5\n>p1 move wavecrash\n>p2 move waterfall\n>p2 switch 2\n>p1 switch 3\n>p2 switch 5\n>p1 move uturn\n>p2 move icebeam\n>p1 switch 4\n>p1 move flareblitz\n>p2 move quiverdance terastallize\n>p1 move suckerpunch\n>p2 move hurricane\n>chat ☆MistaMeganium|gg\n>forcelose p2", "uploadtime": 1771259067, "views": 5, "formatid": "gen9randombattle", "rating": 2092, "private": 0, "password": null}