{"id": "gen9randombattle-2539988603", "format": "[Gen 9] Random Battle", "players": ["4466ty5", "BladeDiamond"], "log": "|j|☆4466ty5\n|j|☆BladeDiamond\n|t:|1771139281\n|gametype|singles\n|player|p1|4466ty5|rosa|1655\n|player|p2|BladeDiamond|n-masters3|1669\n|gen|9\n|tier|[Gen 9] Random Battle\n|rated|\n|rule|Species Clause: Limit one of each Pokémon\n|rule|HP Percentage Mod: HP is shown in percentages\n|rule|Sleep Clause Mod: Limit one foe put to sleep\n|rule|Illusion Level Mod: Illusion disguises the Pokémon's true level\n|\n|t:|1771139281\n|teamsize|p1|6\n|teamsize|p2|6\n|start\n|switch|p1a: Umbreon|Umbreon, L84, M|235/235\n|switch|p2a: Mew|Mew, L82|298/298\n|turn|1\n|inactive|Battle timer is ON: inactive players will automatically lose when time's up. (requested by 4466ty5)\n|\n|t:|1771139325\n|switch|p1a: Ceruledge|Ceruledge, L78, F|245/245\n|switch|p2a: Sylveon|Sylveon, L85, F|300/300\n|\n|upkeep\n|turn|2\n|inactive|BladeDiamond has 120 seconds left.\n|\n|t:|1771139356\n|switch|p2a: Hippowdon|Hippowdon, L82, M|311/311\n|-weather|Sandstorm|[from] ability: Sand Stream|[of] p2a: Hippowdon\n|move|p1a: Ceruledge|Swords Dance|p1a: Ceruledge\n|-boost|p1a: Ceruledge|atk|2\n|\n|-weather|Sandstorm|[upkeep]\n|-damage|p1a: Ceruledge|230/245|[from] Sandstorm\n|upkeep\n|turn|3\n|\n|t:|1771139365\n|move|p1a: Ceruledge|Poltergeist|p2a: Hippowdon\n|-activate|p2a: Hippowdon|move: Poltergeist|Rocky Helmet\n|-damage|p2a: Hippowdon|115/311\n|move|p2a: Hippowdon|Whirlwind|p1a: Ceruledge\n|drag|p1a: Zacian|Zacian-Crowned, L64|225/225\n|-ability|p1a: Zacian|Intrepid Sword|boost\n|-boost|p1a: Zacian|atk|1\n|\n|-weather|Sandstorm|[upkeep]\n|upkeep\n|turn|4\n|\n|t:|1771139373\n|move|p1a: Zacian|Play Rough|p2a: Hippowdon\n|-damage|p2a: Hippowdon|25/311\n|-damage|p1a: Zacian|188/225|[from] item: Rocky Helmet|[of] p2a: Hippowdon\n|move|p2a: Hippowdon|Earthquake|p1a: Zacian\n|-supereffective|p1a: Zacian\n|-damage|p1a: Zacian|0 fnt\n|faint|p1a: Zacian\n|\n|-weather|Sandstorm|[upkeep]\n|upkeep\n|\n|t:|1771139385\n|switch|p1a: Jirachi|Jirachi, L80|291/291\n|turn|5\n|inactive|BladeDiamond has 120 seconds left.\n|\n|t:|1771139415\n|move|p1a: Jirachi|U-turn|p2a: Hippowdon\n|-damage|p2a: Hippowdon|0 fnt\n|-damage|p1a: Jirachi|243/291|[from] item: Rocky Helmet|[of] p2a: Hippowdon\n|faint|p2a: Hippowdon\n|\n|t:|1771139427\n|switch|p1a: Falinks|Falinks, L84|246/246|[from] U-turn\n|\n|-weather|Sandstorm|[upkeep]\n|-damage|p1a: Falinks|231/246|[from] Sandstorm\n|upkeep\n|inactive|BladeDiamond has 120 seconds left.\n|\n|t:|1771139440\n|switch|p2a: Munkidori|Munkidori, L79, M|269/269\n|turn|6\n|\n|t:|1771139446\n|move|p2a: Munkidori|Fake Out|p1a: Falinks\n|-damage|p1a: Falinks|209/246\n|cant|p1a: Falinks|flinch\n|\n|-weather|none\n|upkeep\n|turn|7\n|\n|t:|1771139452\n|move|p2a: Munkidori|Psychic Noise|p1a: Falinks\n|-supereffective|p1a: Falinks\n|-damage|p1a: Falinks|0 fnt\n|faint|p1a: Falinks\n|\n|upkeep\n|\n|t:|1771139461\n|switch|p1a: Ceruledge|Ceruledge, L78, F|230/245\n|turn|8\n|\n|t:|1771139477\n|move|p2a: Munkidori|Psychic Noise|p1a: Ceruledge\n|-damage|p1a: Ceruledge|149/245\n|-start|p1a: Ceruledge|move: Heal Block\n|move|p1a: Ceruledge|Swords Dance|p1a: Ceruledge\n|-boost|p1a: Ceruledge|atk|2\n|\n|upkeep\n|turn|9\n|\n|t:|1771139484\n|move|p2a: Munkidori|Psychic Noise|p1a: Ceruledge\n|-damage|p1a: Ceruledge|55/245\n|-status|p1a: Ceruledge|tox|[from] ability: Toxic Chain|[of] p2a: Munkidori\n|move|p1a: Ceruledge|Poltergeist|p2a: Munkidori\n|-activate|p2a: Munkidori|move: Poltergeist|Assault Vest\n|-supereffective|p2a: Munkidori\n|-damage|p2a: Munkidori|0 fnt\n|faint|p2a: Munkidori\n|\n|-damage|p1a: Ceruledge|40/245 tox|[from] psn\n|-end|p1a: Ceruledge|move: Heal Block\n|upkeep\n|\n|t:|1771139501\n|switch|p2a: Roaring Moon|Roaring Moon, L72|270/270\n|turn|10\n|\n|t:|1771139507\n|move|p2a: Roaring Moon|Knock Off|p1a: Ceruledge\n|-supereffective|p1a: Ceruledge\n|-damage|p1a: Ceruledge|0 fnt\n|-enditem|p1a: Ceruledge|Heavy-Duty Boots|[from] move: Knock Off|[of] p2a: Roaring Moon\n|faint|p1a: Ceruledge\n|\n|upkeep\n|\n|t:|1771139519\n|switch|p1a: Umbreon|Umbreon, L84, M|235/235\n|turn|11\n|\n|t:|1771139537\n|-end|p2a: Roaring Moon|Protosynthesis|[silent]\n|switch|p2a: Mew|Mew, L82|298/298\n|move|p1a: Umbreon|Sludge Bomb|p2a: Mew\n|-crit|p2a: Mew\n|-damage|p2a: Mew|146/298\n|-status|p2a: Mew|psn\n|-activate|p2a: Mew|ability: Synchronize\n|-status|p1a: Umbreon|psn\n|\n|-damage|p1a: Umbreon|206/235 psn|[from] psn\n|-damage|p2a: Mew|109/298 psn|[from] psn\n|upkeep\n|turn|12\n|\n|t:|1771139547\n|switch|p1a: Jirachi|Jirachi, L80|243/291\n|move|p2a: Mew|Leech Life|p1a: Jirachi\n|-crit|p1a: Jirachi\n|-damage|p1a: Jirachi|146/291\n|-heal|p2a: Mew|158/298 psn|[from] drain|[of] p1a: Jirachi\n|-damage|p2a: Mew|129/298 psn|[from] item: Life Orb\n|\n|-damage|p2a: Mew|92/298 psn|[from] psn\n|upkeep\n|turn|13\n|\n|t:|1771139555\n|switch|p2a: Flygon|Flygon, L82, F|265/265\n|move|p1a: Jirachi|Iron Head|p2a: Flygon\n|-damage|p2a: Flygon|177/265\n|\n|upkeep\n|turn|14\n|\n|t:|1771139559\n|move|p1a: Jirachi|Iron Head|p2a: Flygon\n|-damage|p2a: Flygon|96/265\n|cant|p2a: Flygon|flinch\n|\n|upkeep\n|turn|15\n|\n|t:|1771139564\n|move|p1a: Jirachi|Iron Head|p2a: Flygon\n|-damage|p2a: Flygon|3/265\n|move|p2a: Flygon|Earthquake|p1a: Jirachi\n|-supereffective|p1a: Jirachi\n|-damage|p1a: Jirachi|0 fnt\n|faint|p1a: Jirachi\n|\n|upkeep\n|\n|t:|1771139570\n|switch|p1a: Umbreon|Umbreon, L84, M|206/235 psn\n|turn|16\n|\n|t:|1771139579\n|move|p1a: Umbreon|Sludge Bomb|p2a: Flygon\n|-resisted|p2a: Flygon\n|-damage|p2a: Flygon|0 fnt\n|faint|p2a: Flygon\n|\n|-damage|p1a: Umbreon|177/235 psn|[from] psn\n|upkeep\n|\n|t:|1771139587\n|switch|p2a: Mew|Mew, L82|92/298 psn\n|turn|17\n|\n|t:|1771139593\n|move|p1a: Umbreon|Sludge Bomb|p2a: Mew\n|-damage|p2a: Mew|0 fnt\n|faint|p2a: Mew\n|\n|-damage|p1a: Umbreon|148/235 psn|[from] psn\n|upkeep\n|\n|t:|1771139598\n|switch|p2a: Sylveon|Sylveon, L85, F|300/300\n|turn|18\n|\n|t:|1771139605\n|move|p2a: Sylveon|Protect|p2a: Sylveon\n|-singleturn|p2a: Sylveon|Protect\n|move|p1a: Umbreon|Sludge Bomb|p2a: Sylveon\n|-activate|p2a: Sylveon|move: Protect\n|\n|-damage|p1a: Umbreon|119/235 psn|[from] psn\n|upkeep\n|turn|19\n|\n|t:|1771139609\n|-terastallize|p2a: Sylveon|Steel\n|move|p1a: Umbreon|Sludge Bomb|p2a: Sylveon\n|-immune|p2a: Sylveon\n|move|p2a: Sylveon|Calm Mind|p2a: Sylveon\n|-boost|p2a: Sylveon|spa|1\n|-boost|p2a: Sylveon|spd|1\n|\n|-damage|p1a: Umbreon|90/235 psn|[from] psn\n|upkeep\n|turn|20\n|\n|t:|1771139614\n|switch|p1a: Umbreon|Umbreon, L84, M|297/297\n|move|p2a: Sylveon|Calm Mind|p2a: Sylveon\n|-boost|p2a: Sylveon|spa|1\n|-boost|p2a: Sylveon|spd|1\n|\n|upkeep\n|turn|21\n|\n|t:|1771139619\n|move|p1a: Umbreon|Foul Play|p2a: Sylveon\n|-damage|p2a: Sylveon|231/300\n|move|p2a: Sylveon|Hyper Voice|p1a: Umbreon\n|-supereffective|p1a: Umbreon\n|-damage|p1a: Umbreon|0 fnt\n|faint|p1a: Umbreon\n|\n|-heal|p2a: Sylveon|249/300|[from] item: Leftovers\n|upkeep\n|-message|4466ty5 forfeited.\n|\n|win|BladeDiamond\n|raw|4466ty5's rating: 1655 &rarr; <strong>1636</strong><br />(-19 for losing)\n|raw|BladeDiamond's rating: 1669 &rarr; <strong>1688</strong><br />(+19 for winning)\n|l|☆4466ty5\n|player|p1|\n", "inputlog": ">version 686819e5e19f8a7fd2345cfc5a08a5085efa2cc3\n>start {\"formatid\":\"gen9randombattle\",\"seed\":\"sodium,5fdeda7e320c8c8f6997d5a968917bc5\",\"rated\":\"Rated battle\"}\n>player p1 {\"name\":\"4466ty5\",\"avatar\":\"rosa\",\"rating\":1655,\"seed\":\"sodium,7d9123adc369a4a937c2dcec7f842035\"}\n>player p2 {\"name\":\"BladeDiamond\",\"avatar\":\"n-masters3\",\"rating\":1669,\"seed\":\"sodium,30af24aa8864619f2817459ab5e6a298\"}\n>p1 switch 3\n>p2 switch 3\n>p1 move swordsdance\n>p2 switch 2\n>p1 move poltergeist\n>p2 move whirlwind\n>p1 move playrough\n>p2 move earthquake\n>p1 switch 4\n>p1 move uturn\n>p2 move slackoff\n>p1 switch 5\n>p2 switch 4\n>p1 move noretreat\n>p2 move fakeout\n>p1 move noretreat\n>p2 move psychicnoise\n>p1 switch 2\n>p1 move swordsdance\n>p2 move psychicnoise\n>p1 move poltergeist\n>p2 move psychicnoise\n>p2 switch 5\n>p1 move bitterblade\n>p2 move knockoff\n>p1 switch 3\n>p1 move sludgebomb\n>p2 switch 3\n>p1 switch 5\n>p2 move leechlife\n>p1 move ironhead\n>p2 switch 6\n>p1 move ironhead\n>p2 move earthquake\n>p1 move ironhead\n>p2 move earthquake\n>p1 switch 5\n>p1 move sludgebomb\n>p2 move earthquake\n>p2 switch 6\n>p1 move sludgebomb\n>p2 move leechlife\n>p2 switch 2\n>p1 move sludgebomb\n>p2 move protect\n>p1 move sludgebomb\n>p2 move calmmind terastallize\n>p1 switch 6\n>p2 move calmmind\n>p1 move foulplay\n>p2 move hypervoice\n>forcelose p1", "uploadtime": 1771139626, "views": 19, "formatid": "gen9randombattle", "rating": 1636, "private": 0, "password": null}