{"id": "gen9randombattle-2540080903", "format": "[Gen 9] Random Battle", "players": ["yeahitsbenagain", "Tbigongue"], "log": "|j|☆yeahitsbenagain\n|j|☆Tbigongue\n|t:|1771158465\n|gametype|singles\n|player|p1|yeahitsbenagain|juggler|1587\n|player|p2|Tbigongue|burgh|1574\n|gen|9\n|tier|[Gen 9] Random Battle\n|rated|\n|rule|Species Clause: Limit one of each Pokémon\n|rule|HP Percentage Mod: HP is shown in percentages\n|rule|Sleep Clause Mod: Limit one foe put to sleep\n|rule|Illusion Level Mod: Illusion disguises the Pokémon's true level\n|\n|t:|1771158465\n|teamsize|p1|6\n|teamsize|p2|6\n|start\n|switch|p1a: Toxapex|Toxapex, L82, M|216/216\n|switch|p2a: Iron Moth|Iron Moth, L78|253/253\n|turn|1\n|inactive|Battle timer is ON: inactive players will automatically lose when time's up. (requested by yeahitsbenagain)\n|inactive|Tbigongue has 120 seconds left.\n|\n|t:|1771158504\n|-end|p2a: Iron Moth|Quark Drive|[silent]\n|switch|p2a: Spidops|Spidops, L96, M|271/271\n|move|p1a: Toxapex|Liquidation|p2a: Spidops\n|-damage|p2a: Spidops|219/271\n|\n|upkeep\n|turn|2\n|\n|t:|1771158522\n|switch|p1a: Incineroar|Incineroar, L82, F|290/290\n|-ability|p1a: Incineroar|Intimidate|boost\n|-unboost|p2a: Spidops|atk|1\n|move|p2a: Spidops|Sticky Web|p1a: Incineroar\n|-sidestart|p1: yeahitsbenagain|move: Sticky Web\n|\n|upkeep\n|turn|3\n|\n|t:|1771158537\n|move|p1a: Incineroar|Knock Off|p2a: Spidops\n|-crit|p2a: Spidops\n|-damage|p2a: Spidops|68/271\n|-enditem|p2a: Spidops|Heavy-Duty Boots|[from] move: Knock Off|[of] p1a: Incineroar\n|move|p2a: Spidops|Knock Off|p1a: Incineroar\n|-resisted|p1a: Incineroar\n|-damage|p1a: Incineroar|265/290\n|-enditem|p1a: Incineroar|Assault Vest|[from] move: Knock Off|[of] p2a: Spidops\n|\n|upkeep\n|turn|4\n|\n|t:|1771158546\n|switch|p2a: Drednaw|Drednaw, L81, F|278/278\n|move|p1a: Incineroar|Knock Off|p2a: Drednaw\n|-damage|p2a: Drednaw|163/278\n|-enditem|p2a: Drednaw|White Herb|[from] move: Knock Off|[of] p1a: Incineroar\n|\n|upkeep\n|turn|5\n|\n|t:|1771158570\n|move|p2a: Drednaw|Shell Smash|p2a: Drednaw\n|-unboost|p2a: Drednaw|def|1\n|-unboost|p2a: Drednaw|spd|1\n|-boost|p2a: Drednaw|atk|2\n|-boost|p2a: Drednaw|spa|2\n|-boost|p2a: Drednaw|spe|2\n|move|p1a: Incineroar|Close Combat|p2a: Drednaw\n|-supereffective|p2a: Drednaw\n|-damage|p2a: Drednaw|0 fnt\n|-unboost|p1a: Incineroar|def|1\n|-unboost|p1a: Incineroar|spd|1\n|faint|p2a: Drednaw\n|\n|upkeep\n|\n|t:|1771158582\n|switch|p2a: Forretress|Forretress, L84, F|263/263\n|turn|6\n|\n|t:|1771158606\n|move|p1a: Incineroar|U-turn|p2a: Forretress\n|-resisted|p2a: Forretress\n|-damage|p2a: Forretress|243/263\n|inactive|yeahitsbenagain has 120 seconds left.\n|\n|t:|1771158625\n|switch|p1a: Gouging Fire|Gouging Fire, L74|277/277|[from] U-turn\n|move|p2a: Forretress|Stealth Rock|p1a: Gouging Fire\n|-sidestart|p1: yeahitsbenagain|move: Stealth Rock\n|\n|-heal|p2a: Forretress|259/263|[from] item: Leftovers\n|upkeep\n|turn|7\n|\n|t:|1771158635\n|switch|p2a: Spidops|Spidops, L96, M|68/271\n|move|p1a: Gouging Fire|Heat Crash|p2a: Spidops\n|-supereffective|p2a: Spidops\n|-damage|p2a: Spidops|0 fnt\n|faint|p2a: Spidops\n|\n|upkeep\n|\n|t:|1771158651\n|switch|p2a: Iron Moth|Iron Moth, L78|253/253\n|turn|8\n|\n|t:|1771158656\n|move|p2a: Iron Moth|Sludge Wave|p1a: Gouging Fire\n|-damage|p1a: Gouging Fire|159/277\n|move|p1a: Gouging Fire|Dragon Dance|p1a: Gouging Fire\n|-boost|p1a: Gouging Fire|atk|1\n|-boost|p1a: Gouging Fire|spe|1\n|\n|upkeep\n|turn|9\n|\n|t:|1771158665\n|move|p1a: Gouging Fire|Earthquake|p2a: Iron Moth\n|-supereffective|p2a: Iron Moth\n|-damage|p2a: Iron Moth|0 fnt\n|faint|p2a: Iron Moth\n|-end|p2a: Iron Moth|Quark Drive|[silent]\n|\n|upkeep\n|\n|t:|1771158668\n|switch|p2a: Forretress|Forretress, L84, F|259/263\n|turn|10\n|\n|t:|1771158684\n|-terastallize|p2a: Forretress|Water\n|move|p1a: Gouging Fire|Earthquake|p2a: Forretress\n|-damage|p2a: Forretress|193/263\n|move|p2a: Forretress|Iron Head|p1a: Gouging Fire\n|-resisted|p1a: Gouging Fire\n|-damage|p1a: Gouging Fire|123/277\n|\n|-heal|p2a: Forretress|209/263|[from] item: Leftovers\n|upkeep\n|turn|11\n|\n|t:|1771158700\n|-end|p1a: Gouging Fire|Protosynthesis|[silent]\n|switch|p1a: Incineroar|Incineroar, L82, F|265/290\n|-activate|p1a: Incineroar|move: Sticky Web\n|-unboost|p1a: Incineroar|spe|1\n|-damage|p1a: Incineroar|193/290|[from] Stealth Rock\n|-ability|p1a: Incineroar|Intimidate|boost\n|-unboost|p2a: Forretress|atk|1\n|move|p2a: Forretress|Iron Head|p1a: Incineroar\n|-resisted|p1a: Incineroar\n|-damage|p1a: Incineroar|166/290\n|\n|-heal|p2a: Forretress|225/263|[from] item: Leftovers\n|upkeep\n|turn|12\n|\n|t:|1771158718\n|switch|p2a: Ambipom|Ambipom, L84, F|263/263\n|move|p1a: Incineroar|Knock Off|p2a: Ambipom\n|-damage|p2a: Ambipom|115/263\n|-enditem|p2a: Ambipom|Choice Band|[from] move: Knock Off|[of] p1a: Incineroar\n|\n|upkeep\n|turn|13\n|\n|t:|1771158726\n|move|p2a: Ambipom|Double-Edge|p1a: Incineroar\n|-damage|p1a: Incineroar|33/290\n|-damage|p2a: Ambipom|71/263|[from] Recoil\n|move|p1a: Incineroar|U-turn|p2a: Ambipom\n|-damage|p2a: Ambipom|3/263\n|\n|t:|1771158735\n|switch|p1a: Dipplin|Dipplin, L88, F|284/284|[from] U-turn\n|-activate|p1a: Dipplin|move: Sticky Web\n|-unboost|p1a: Dipplin|spe|1\n|-damage|p1a: Dipplin|249/284|[from] Stealth Rock\n|\n|upkeep\n|turn|14\n|\n|t:|1771158743\n|move|p1a: Dipplin|Sucker Punch|p2a: Ambipom\n|-damage|p2a: Ambipom|0 fnt\n|faint|p2a: Ambipom\n|\n|upkeep\n|\n|t:|1771158745\n|switch|p2a: Cetitan|Cetitan, L82, F|412/412\n|turn|15\n|\n|t:|1771158762\n|switch|p1a: Incineroar|Incineroar, L82, F|33/290\n|-activate|p1a: Incineroar|move: Sticky Web\n|-unboost|p1a: Incineroar|spe|1\n|-damage|p1a: Incineroar|0 fnt|[from] Stealth Rock\n|faint|p1a: Incineroar\n|move|p2a: Cetitan|Ice Spinner|p1: Incineroar|[notarget]\n|-fail|p2a: Cetitan\n|\n|upkeep\n|\n|t:|1771158778\n|switch|p1a: Toxapex|Toxapex, L82, M|216/216\n|-activate|p1a: Toxapex|move: Sticky Web\n|-unboost|p1a: Toxapex|spe|1\n|-damage|p1a: Toxapex|189/216|[from] Stealth Rock\n|turn|16\n|\n|t:|1771158786\n|move|p2a: Cetitan|Belly Drum|p2a: Cetitan\n|-damage|p2a: Cetitan|206/412\n|-setboost|p2a: Cetitan|atk|6|[from] move: Belly Drum\n|-enditem|p2a: Cetitan|Sitrus Berry|[eat]\n|-heal|p2a: Cetitan|309/412|[from] item: Sitrus Berry\n|move|p1a: Toxapex|Toxic Spikes|p2a: Cetitan\n|-sidestart|p2: Tbigongue|move: Toxic Spikes\n|\n|upkeep\n|turn|17\n|\n|t:|1771158796\n|-terastallize|p1a: Toxapex|Flying\n|move|p2a: Cetitan|Earthquake|p1a: Toxapex\n|-immune|p1a: Toxapex\n|move|p1a: Toxapex|Haze|p1a: Toxapex\n|-clearallboost\n|\n|upkeep\n|turn|18\n|-message|Tbigongue forfeited.\n|\n|win|yeahitsbenagain\n|raw|yeahitsbenagain's rating: 1587 &rarr; <strong>1606</strong><br />(+19 for winning)\n|raw|Tbigongue's rating: 1574 &rarr; <strong>1555</strong><br />(-19 for losing)\n|c|☆yeahitsbenagain|Gee geez\n", "inputlog": ">version 686819e5e19f8a7fd2345cfc5a08a5085efa2cc3\n>start {\"formatid\":\"gen9randombattle\",\"seed\":\"sodium,7edc6c14eb0de7172e79adb15ae1d8ca\",\"rated\":\"Rated battle\"}\n>player p1 {\"name\":\"yeahitsbenagain\",\"avatar\":\"juggler\",\"rating\":1587,\"seed\":\"sodium,44312e25c27f7b07971ee83938c5d6e7\"}\n>player p2 {\"name\":\"Tbigongue\",\"avatar\":\"burgh\",\"rating\":1574,\"seed\":\"sodium,b9c9e90befde40c7088094d577128b32\"}\n>p1 move liquidation\n>p2 switch 4\n>p1 switch 6\n>p2 move stickyweb\n>p1 move knockoff\n>p2 move knockoff\n>p1 move knockoff\n>p2 switch 6\n>p1 move closecombat\n>p2 move shellsmash\n>p2 switch 3\n>p1 move uturn\n>p2 move stealthrock\n>p1 switch 5\n>p1 move heatcrash\n>p2 switch 6\n>p2 switch 4\n>p1 move dragondance\n>p2 move sludgewave\n>p1 move earthquake\n>p2 move sludgewave\n>p2 switch 6\n>p1 move earthquake\n>p2 move ironhead terastallize\n>p1 switch 5\n>p2 move ironhead\n>p1 move knockoff\n>p2 switch 5\n>p1 move uturn\n>p2 move doubleedge\n>p1 switch 3\n>p1 move suckerpunch\n>p2 move tripleaxel\n>p2 switch 2\n>p1 switch 3\n>p2 move icespinner\n>p1 switch 6\n>p1 move toxicspikes\n>p2 move bellydrum\n>p1 move haze terastallize\n>p2 move earthquake\n>forcelose p2", "uploadtime": 1771158815, "views": 26, "formatid": "gen9randombattle", "rating": 1555, "private": 0, "password": null}