{"id": "gen9randombattle-2540555250", "format": "[Gen 9] Random Battle", "players": ["Sanskiller55", "redangelgeek"], "log": "|j|☆Sanskiller55\n|j|☆redangelgeek\n|t:|1771217351\n|gametype|singles\n|player|p1|Sanskiller55|acerola-masters|1616\n|player|p2|redangelgeek|169|1669\n|gen|9\n|tier|[Gen 9] Random Battle\n|rated|\n|rule|Species Clause: Limit one of each Pokémon\n|rule|HP Percentage Mod: HP is shown in percentages\n|rule|Sleep Clause Mod: Limit one foe put to sleep\n|rule|Illusion Level Mod: Illusion disguises the Pokémon's true level\n|\n|t:|1771217351\n|teamsize|p1|6\n|teamsize|p2|6\n|start\n|switch|p1a: Shiftry|Shiftry, L89, F|305/305\n|switch|p2a: Klawf|Klawf, L90, M|272/272\n|turn|1\n|inactive|Battle timer is ON: inactive players will automatically lose when time's up. (requested by Sanskiller55)\n|\n|t:|1771217364\n|move|p1a: Shiftry|Tailwind|p1a: Shiftry\n|-sidestart|p1: Sanskiller55|move: Tailwind\n|-ability|p1a: Shiftry|Wind Rider|boost\n|-boost|p1a: Shiftry|atk|1\n|move|p2a: Klawf|Stealth Rock|p1a: Shiftry\n|-sidestart|p1: Sanskiller55|move: Stealth Rock\n|\n|upkeep\n|turn|2\n|\n|t:|1771217368\n|switch|p2a: Zapdos|Zapdos, L78|268/268\n|move|p1a: Shiftry|Leaf Blade|p2a: Zapdos\n|-resisted|p2a: Zapdos\n|-damage|p2a: Zapdos|154/268\n|-damage|p1a: Shiftry|275/305|[from] item: Life Orb\n|\n|upkeep\n|turn|3\n|\n|t:|1771217371\n|move|p1a: Shiftry|Knock Off|p2a: Zapdos\n|-crit|p2a: Zapdos\n|-damage|p2a: Zapdos|0 fnt\n|-status|p1a: Shiftry|par|[from] ability: Static|[of] p2a: Zapdos\n|-enditem|p2a: Zapdos|Heavy-Duty Boots|[from] move: Knock Off|[of] p1a: Shiftry\n|faint|p2a: Zapdos\n|-damage|p1a: Shiftry|245/305 par|[from] item: Life Orb\n|\n|upkeep\n|\n|t:|1771217374\n|switch|p2a: Granbull|Granbull, L88, M|302/302\n|-ability|p2a: Granbull|Intimidate|boost\n|-unboost|p1a: Shiftry|atk|1\n|turn|4\n|\n|t:|1771217378\n|move|p1a: Shiftry|Leaf Blade|p2a: Granbull\n|-crit|p2a: Granbull\n|-damage|p2a: Granbull|80/302\n|-damage|p1a: Shiftry|215/305 par|[from] item: Life Orb\n|move|p2a: Granbull|Play Rough|p1a: Shiftry\n|-supereffective|p1a: Shiftry\n|-damage|p1a: Shiftry|0 fnt\n|faint|p1a: Shiftry\n|\n|-heal|p2a: Granbull|98/302|[from] item: Leftovers\n|-sideend|p1: Sanskiller55|move: Tailwind\n|upkeep\n|\n|t:|1771217389\n|switch|p1a: Delphox|Delphox, L84, M|263/263\n|turn|5\n|\n|t:|1771217402\n|move|p1a: Delphox|Psyshock|p2a: Granbull\n|-damage|p2a: Granbull|0 fnt\n|faint|p2a: Granbull\n|\n|upkeep\n|\n|t:|1771217406\n|switch|p2a: Ting-Lu|Ting-Lu, L78|370/370\n|-ability|p2a: Ting-Lu|Vessel of Ruin\n|turn|6\n|\n|t:|1771217412\n|move|p1a: Delphox|Nasty Plot|p1a: Delphox\n|-boost|p1a: Delphox|spa|2\n|move|p2a: Ting-Lu|Earthquake|p1a: Delphox\n|-supereffective|p1a: Delphox\n|-damage|p1a: Delphox|5/263\n|\n|upkeep\n|turn|7\n|\n|t:|1771217420\n|move|p1a: Delphox|Focus Blast|p2a: Ting-Lu\n|-supereffective|p2a: Ting-Lu\n|-damage|p2a: Ting-Lu|134/370\n|move|p2a: Ting-Lu|Earthquake|p1a: Delphox\n|-supereffective|p1a: Delphox\n|-damage|p1a: Delphox|0 fnt\n|faint|p1a: Delphox\n|\n|upkeep\n|\n|t:|1771217429\n|switch|p1a: Koraidon|Koraidon, L64|235/235\n|-damage|p1a: Koraidon|221/235|[from] Stealth Rock\n|-weather|SunnyDay|[from] ability: Orichalcum Pulse|[of] p1a: Koraidon\n|-activate|p1a: Koraidon|Orichalcum Pulse|[source]\n|turn|8\n|\n|t:|1771217434\n|move|p1a: Koraidon|Collision Course|p2a: Ting-Lu\n|-supereffective|p2a: Ting-Lu\n|-damage|p2a: Ting-Lu|0 fnt\n|faint|p2a: Ting-Lu\n|\n|-weather|SunnyDay|[upkeep]\n|upkeep\n|\n|t:|1771217435\n|switch|p2a: Klawf|Klawf, L90, M|272/272\n|turn|9\n|\n|t:|1771217438\n|move|p1a: Koraidon|Collision Course|p2a: Klawf\n|-supereffective|p2a: Klawf\n|-damage|p2a: Klawf|54/272\n|move|p2a: Klawf|High Horsepower|p1a: Koraidon\n|-crit|p1a: Koraidon\n|-damage|p1a: Koraidon|64/235\n|-damage|p2a: Klawf|27/272|[from] item: Life Orb\n|\n|-weather|SunnyDay|[upkeep]\n|upkeep\n|turn|10\n|\n|t:|1771217444\n|move|p1a: Koraidon|Scale Shot|p2a: Klawf\n|-damage|p2a: Klawf|5/272\n|-damage|p2a: Klawf|0 fnt\n|faint|p2a: Klawf\n|-hitcount|p2: Klawf|2\n|-unboost|p1a: Koraidon|def|1\n|-boost|p1a: Koraidon|spe|1\n|\n|-weather|SunnyDay|[upkeep]\n|upkeep\n|\n|t:|1771217449\n|switch|p2a: Darkrai|Darkrai, L77|234/234\n|turn|11\n|\n|t:|1771217458\n|-terastallize|p2a: Darkrai|Poison\n|move|p1a: Koraidon|Collision Course|p2a: Darkrai\n|-resisted|p2a: Darkrai\n|-damage|p2a: Darkrai|177/234\n|move|p2a: Darkrai|Sludge Bomb|p1a: Koraidon\n|-damage|p1a: Koraidon|0 fnt\n|faint|p1a: Koraidon\n|-damage|p2a: Darkrai|154/234|[from] item: Life Orb\n|\n|-weather|SunnyDay|[upkeep]\n|upkeep\n|\n|t:|1771217463\n|switch|p1a: Garchomp|Garchomp, L74, F|282/282\n|-damage|p1a: Garchomp|265/282|[from] Stealth Rock\n|turn|12\n|\n|t:|1771217469\n|move|p2a: Darkrai|Dark Pulse|p1a: Garchomp\n|-damage|p1a: Garchomp|121/282\n|-damage|p2a: Darkrai|131/234|[from] item: Life Orb\n|move|p1a: Garchomp|Earthquake|p2a: Darkrai\n|-supereffective|p2a: Darkrai\n|-damage|p2a: Darkrai|0 fnt\n|faint|p2a: Darkrai\n|\n|-weather|none\n|upkeep\n|\n|t:|1771217471\n|switch|p2a: Frosmoth|Frosmoth, L82, F|249/249\n|turn|13\n|\n|t:|1771217474\n|move|p1a: Garchomp|Outrage|p2a: Frosmoth\n|-damage|p2a: Frosmoth|68/249\n|move|p2a: Frosmoth|Quiver Dance|p2a: Frosmoth\n|-boost|p2a: Frosmoth|spa|1\n|-boost|p2a: Frosmoth|spd|1\n|-boost|p2a: Frosmoth|spe|1\n|\n|upkeep\n|turn|14\n|\n|t:|1771217478\n|move|p2a: Frosmoth|Ice Beam|p1a: Garchomp\n|-supereffective|p1a: Garchomp\n|-damage|p1a: Garchomp|0 fnt\n|faint|p1a: Garchomp\n|\n|upkeep\n|\n|t:|1771217480\n|switch|p1a: Chansey|Chansey, L85, F|564/564\n|-damage|p1a: Chansey|494/564|[from] Stealth Rock\n|turn|15\n|\n|t:|1771217484\n|move|p2a: Frosmoth|Quiver Dance|p2a: Frosmoth\n|-boost|p2a: Frosmoth|spa|1\n|-boost|p2a: Frosmoth|spd|1\n|-boost|p2a: Frosmoth|spe|1\n|move|p1a: Chansey|Seismic Toss|p2a: Frosmoth\n|-damage|p2a: Frosmoth|0 fnt\n|faint|p2a: Frosmoth\n|\n|win|Sanskiller55\n|raw|Sanskiller55's rating: 1616 &rarr; <strong>1639</strong><br />(+23 for winning)\n|raw|redangelgeek's rating: 1669 &rarr; <strong>1646</strong><br />(-23 for losing)\n|l|☆redangelgeek\n|player|p2|\n", "inputlog": ">version 686819e5e19f8a7fd2345cfc5a08a5085efa2cc3\n>start {\"formatid\":\"gen9randombattle\",\"seed\":\"sodium,05f2420c4c0f2ea430af006bd818e2c8\",\"rated\":\"Rated battle\"}\n>player p1 {\"name\":\"Sanskiller55\",\"avatar\":\"acerola-masters\",\"rating\":1616,\"seed\":\"sodium,8bc9b97ddd728818d2b15f8b62f62950\"}\n>player p2 {\"name\":\"redangelgeek\",\"avatar\":\"169\",\"rating\":1669,\"seed\":\"sodium,7ffb4d634c1ff243bce9d395ca27456f\"}\n>p1 move tailwind\n>p2 move stealthrock\n>p1 move leafblade\n>p2 switch 6\n>p1 move knockoff\n>p2 move uturn\n>p2 switch 5\n>p1 move leafblade\n>p2 move playrough\n>p1 switch 5\n>p1 move psyshock\n>p2 move thunderwave\n>p2 switch 3\n>p1 move nastyplot\n>p2 move earthquake\n>p1 move focusblast\n>p2 move earthquake\n>p1 switch 3\n>p1 move collisioncourse\n>p2 move earthquake\n>p2 switch 6\n>p1 move collisioncourse\n>p2 move highhorsepower\n>p1 move scaleshot\n>p2 move highhorsepower\n>p2 switch 4\n>p1 move collisioncourse\n>p2 move sludgebomb terastallize\n>p1 switch 4\n>p1 move earthquake\n>p2 move darkpulse\n>p2 switch 2\n>p1 move outrage\n>p2 move quiverdance\n>p1 move outrage\n>p2 move icebeam\n>p1 switch 6\n>p1 move seismictoss\n>p2 move quiverdance", "uploadtime": 1771217488, "views": 20, "formatid": "gen9randombattle", "rating": 1639, "private": 0, "password": null}