{"id": "gen9randombattle-2540242572", "format": "[Gen 9] Random Battle", "players": ["Cubielubie", "ShaineX_Sushi"], "log": "|j|☆Cubielubie\n|j|☆ShaineX_Sushi\n|t:|1771179834\n|gametype|singles\n|player|p1|Cubielubie|170|1790\n|player|p2|ShaineX_Sushi|scientistf|1773\n|gen|9\n|tier|[Gen 9] Random Battle\n|rated|\n|rule|Species Clause: Limit one of each Pokémon\n|rule|HP Percentage Mod: HP is shown in percentages\n|rule|Sleep Clause Mod: Limit one foe put to sleep\n|rule|Illusion Level Mod: Illusion disguises the Pokémon's true level\n|\n|t:|1771179834\n|teamsize|p1|6\n|teamsize|p2|6\n|start\n|switch|p1a: Iron Valiant|Iron Valiant, L78|244/244\n|switch|p2a: Appletun|Appletun, L92, M|352/352\n|turn|1\n|\n|t:|1771179850\n|move|p1a: Iron Valiant|Moonblast|p2a: Appletun\n|-supereffective|p2a: Appletun\n|-damage|p2a: Appletun|87/352\n|-damage|p1a: Iron Valiant|220/244|[from] item: Life Orb\n|move|p2a: Appletun|Leech Seed|p1a: Iron Valiant\n|-start|p1a: Iron Valiant|move: Leech Seed\n|\n|-heal|p2a: Appletun|109/352|[from] item: Leftovers\n|-damage|p1a: Iron Valiant|190/244|[from] Leech Seed|[of] p2a: Appletun\n|-heal|p2a: Appletun|139/352|[silent]\n|upkeep\n|turn|2\n|\n|t:|1771179867\n|-end|p1a: Iron Valiant|Quark Drive|[silent]\n|switch|p1a: Metagross|Metagross, L79|256/256\n|switch|p2a: Cramorant|Cramorant, L86, M|261/261\n|\n|upkeep\n|turn|3\n|\n|t:|1771179880\n|switch|p1a: Raging Bolt|Raging Bolt, L78|323/323\n|move|p2a: Cramorant|Surf|p1a: Raging Bolt\n|-formechange|p2a: Cramorant|Cramorant-Gulping|\n|-resisted|p1a: Raging Bolt\n|-crit|p1a: Raging Bolt\n|-damage|p1a: Raging Bolt|273/323\n|\n|upkeep\n|turn|4\n|\n|t:|1771179901\n|switch|p2a: Appletun|Appletun, L92, M|139/352\n|move|p1a: Raging Bolt|Volt Switch|p2a: Appletun\n|-resisted|p2a: Appletun\n|-damage|p2a: Appletun|117/352\n|\n|t:|1771179921\n|-end|p1a: Raging Bolt|Protosynthesis|[silent]\n|switch|p1a: Iron Valiant|Iron Valiant, L78|190/244|[from] Volt Switch\n|\n|-heal|p2a: Appletun|139/352|[from] item: Leftovers\n|upkeep\n|turn|5\n|\n|t:|1771179954\n|move|p1a: Iron Valiant|Moonblast|p2a: Appletun\n|-supereffective|p2a: Appletun\n|-damage|p2a: Appletun|0 fnt\n|faint|p2a: Appletun\n|-damage|p1a: Iron Valiant|166/244|[from] item: Life Orb\n|\n|upkeep\n|\n|t:|1771179988\n|switch|p2a: Kilowattrel|Kilowattrel, L83, M|252/252\n|turn|6\n|\n|t:|1771180058\n|-end|p1a: Iron Valiant|Quark Drive|[silent]\n|switch|p1a: Metagross|Metagross, L79|256/256\n|move|p2a: Kilowattrel|Hurricane|p1a: Metagross|[miss]\n|-miss|p2a: Kilowattrel|p1a: Metagross\n|\n|upkeep\n|turn|7\n|\n|t:|1771180068\n|move|p2a: Kilowattrel|Discharge|p1a: Metagross\n|-damage|p1a: Metagross|168/256\n|move|p1a: Metagross|Psychic Fangs|p2a: Kilowattrel\n|-damage|p2a: Kilowattrel|113/252\n|\n|-heal|p1a: Metagross|184/256|[from] item: Leftovers\n|upkeep\n|turn|8\n|\n|t:|1771180092\n|move|p2a: Kilowattrel|U-turn|p1a: Metagross\n|-damage|p1a: Metagross|153/256\n|\n|t:|1771180097\n|switch|p2a: Roaring Moon|Roaring Moon, L72|270/270|[from] U-turn\n|move|p1a: Metagross|Psychic Fangs|p2a: Roaring Moon\n|-immune|p2a: Roaring Moon\n|\n|-heal|p1a: Metagross|169/256|[from] item: Leftovers\n|upkeep\n|turn|9\n|\n|t:|1771180105\n|move|p2a: Roaring Moon|Earthquake|p1a: Metagross\n|-supereffective|p1a: Metagross\n|-damage|p1a: Metagross|53/256\n|move|p1a: Metagross|Earthquake|p2a: Roaring Moon\n|-damage|p2a: Roaring Moon|162/270\n|\n|-heal|p1a: Metagross|69/256|[from] item: Leftovers\n|upkeep\n|turn|10\n|\n|t:|1771180111\n|move|p2a: Roaring Moon|Knock Off|p1a: Metagross\n|-supereffective|p1a: Metagross\n|-damage|p1a: Metagross|0 fnt\n|-enditem|p1a: Metagross|Leftovers|[from] move: Knock Off|[of] p2a: Roaring Moon\n|faint|p1a: Metagross\n|\n|upkeep\n|\n|t:|1771180116\n|switch|p1a: Iron Valiant|Iron Valiant, L78|166/244\n|turn|11\n|\n|t:|1771180123\n|move|p1a: Iron Valiant|Moonblast|p2a: Roaring Moon\n|-supereffective|p2a: Roaring Moon\n|-damage|p2a: Roaring Moon|0 fnt\n|faint|p2a: Roaring Moon\n|-end|p2a: Roaring Moon|Protosynthesis|[silent]\n|-damage|p1a: Iron Valiant|142/244|[from] item: Life Orb\n|\n|upkeep\n|\n|t:|1771180128\n|switch|p2a: Ditto|Ditto, L87|225/225\n|-transform|p2a: Ditto|p1a: Iron Valiant|[from] ability: Imposter\n|turn|12\n|\n|t:|1771180170\n|-end|p1a: Iron Valiant|Quark Drive|[silent]\n|switch|p1a: Volcarona|Volcarona, L77, F|257/257\n|move|p2a: Ditto|Moonblast|p1a: Volcarona\n|-resisted|p1a: Volcarona\n|-damage|p1a: Volcarona|200/257\n|\n|upkeep\n|turn|13\n|\n|t:|1771180177\n|-end|p2a: Ditto|Quark Drive|[silent]\n|switch|p2a: Cramorant|Cramorant, L86, M|261/261\n|move|p1a: Volcarona|Fire Blast|p2a: Cramorant\n|-resisted|p2a: Cramorant\n|-damage|p2a: Cramorant|207/261\n|\n|upkeep\n|turn|14\n|\n|t:|1771180182\n|switch|p1a: Raging Bolt|Raging Bolt, L78|273/323\n|move|p2a: Cramorant|Surf|p1a: Raging Bolt\n|-formechange|p2a: Cramorant|Cramorant-Gulping|\n|-resisted|p1a: Raging Bolt\n|-damage|p1a: Raging Bolt|243/323\n|\n|upkeep\n|turn|15\n|\n|t:|1771180189\n|switch|p2a: Kilowattrel|Kilowattrel, L83, M|113/252\n|move|p1a: Raging Bolt|Draco Meteor|p2a: Kilowattrel\n|-damage|p2a: Kilowattrel|0 fnt\n|-unboost|p1a: Raging Bolt|spa|2\n|faint|p2a: Kilowattrel\n|\n|upkeep\n|\n|t:|1771180194\n|switch|p2a: Sneasler|Sneasler, L74, M|240/240\n|turn|16\n|\n|t:|1771180221\n|move|p2a: Sneasler|Close Combat|p1a: Raging Bolt\n|-damage|p1a: Raging Bolt|101/323\n|-unboost|p2a: Sneasler|def|1\n|-unboost|p2a: Sneasler|spd|1\n|-enditem|p2a: Sneasler|White Herb\n|-clearnegativeboost|p2a: Sneasler|[silent]\n|move|p1a: Raging Bolt|Volt Switch|p2a: Sneasler\n|-damage|p2a: Sneasler|186/240\n|\n|t:|1771180229\n|-end|p1a: Raging Bolt|Protosynthesis|[silent]\n|switch|p1a: Iron Valiant|Iron Valiant, L78|142/244|[from] Volt Switch\n|\n|upkeep\n|turn|17\n|\n|t:|1771180232\n|move|p2a: Sneasler|Acrobatics|p1a: Iron Valiant\n|-supereffective|p1a: Iron Valiant\n|-damage|p1a: Iron Valiant|0 fnt\n|faint|p1a: Iron Valiant\n|-end|p1a: Iron Valiant|Quark Drive|[silent]\n|\n|upkeep\n|\n|t:|1771180248\n|switch|p1a: Basculin|Basculin-Blue-Striped, L86, M|261/261\n|turn|18\n|\n|t:|1771180261\n|switch|p2a: Cramorant|Cramorant, L86, M|207/261\n|move|p1a: Basculin|Wave Crash|p2a: Cramorant\n|-resisted|p2a: Cramorant\n|-damage|p2a: Cramorant|40/261\n|-damage|p1a: Basculin|206/261|[from] Recoil\n|\n|upkeep\n|turn|19\n|\n|t:|1771180286\n|move|p1a: Basculin|Wave Crash|p2a: Cramorant\n|-resisted|p2a: Cramorant\n|-damage|p2a: Cramorant|0 fnt\n|faint|p2a: Cramorant\n|-damage|p1a: Basculin|193/261|[from] Recoil\n|\n|upkeep\n|\n|t:|1771180289\n|switch|p2a: Ditto|Ditto, L87|225/225\n|-transform|p2a: Ditto|p1a: Basculin|[from] ability: Imposter\n|turn|20\n|\n|t:|1771180295\n|switch|p1a: Raging Bolt|Raging Bolt, L78|101/323\n|move|p2a: Ditto|Double-Edge|p1a: Raging Bolt\n|-damage|p1a: Raging Bolt|12/323\n|-damage|p2a: Ditto|196/225|[from] Recoil\n|\n|upkeep\n|turn|21\n|\n|t:|1771180301\n|move|p1a: Raging Bolt|Thunderclap|p2a: Ditto\n|-supereffective|p2a: Ditto\n|-damage|p2a: Ditto|0 fnt\n|faint|p2a: Ditto\n|\n|upkeep\n|\n|t:|1771180303\n|switch|p2a: Sneasler|Sneasler, L74, M|186/240\n|turn|22\n|\n|t:|1771180312\n|move|p2a: Sneasler|Swords Dance|p2a: Sneasler\n|-boost|p2a: Sneasler|atk|2\n|move|p1a: Raging Bolt|Discharge|p2a: Sneasler\n|-damage|p2a: Sneasler|60/240\n|-status|p2a: Sneasler|par\n|\n|upkeep\n|turn|23\n|n|!ShaineX_Sushi|shainexsushi\n|-message|ShaineX_Sushi forfeited.\n|\n|win|Cubielubie\n|raw|Cubielubie's rating: 1773 &rarr; <strong>1793</strong><br />(+20 for winning)\n|raw|ShaineX_Sushi's rating: 1773 &rarr; <strong>1753</strong><br />(-20 for losing)\n|l|!ShaineX_Sushi\n|player|p2|\n", "inputlog": ">version 686819e5e19f8a7fd2345cfc5a08a5085efa2cc3\n>start {\"formatid\":\"gen9randombattle\",\"seed\":\"sodium,d1c18a57ac4f6e9265c9b5ec23229a98\",\"rated\":\"Rated battle\"}\n>player p1 {\"name\":\"Cubielubie\",\"avatar\":\"170\",\"rating\":1790,\"seed\":\"sodium,8f2081838ab59f823320b6920d5767cc\"}\n>player p2 {\"name\":\"ShaineX_Sushi\",\"avatar\":\"scientistf\",\"rating\":1773,\"seed\":\"sodium,646738018b49a2e456d066238b43e110\"}\n>p1 move moonblast\n>p2 move leechseed\n>p1 switch 3\n>p2 switch 2\n>p1 switch 5\n>p2 move surf\n>p1 move voltswitch\n>p2 switch 2\n>p1 switch 3\n>p1 move moonblast\n>p2 move recover\n>p2 switch 5\n>p1 switch 5\n>p2 move hurricane\n>p1 move psychicfangs\n>p2 move discharge\n>p1 move psychicfangs\n>p2 move uturn\n>p2 switch 4\n>p1 move earthquake\n>p2 move earthquake\n>p1 move earthquake\n>p2 move knockoff\n>p1 switch 5\n>p1 move moonblast\n>p2 move dragondance\n>p2 switch 3\n>p1 switch 4\n>p2 move moonblast\n>p1 move fireblast\n>p2 switch 2\n>p1 switch 3\n>p2 move surf\n>p1 move dracometeor\n>p2 switch 4\n>p2 switch 6\n>p1 move voltswitch\n>p2 move closecombat\n>p1 switch 4\n>p1 move psychic\n>p2 move acrobatics\n>p1 switch 2\n>p1 move wavecrash\n>p2 switch 4\n>p1 move wavecrash\n>p2 move surf\n>p2 switch 2\n>p1 switch 4\n>p2 move doubleedge\n>p1 move thunderclap\n>p2 move doubleedge\n>p2 switch 4\n>p1 move discharge\n>p2 move swordsdance\n>chat ☆ShaineX_Sushi|bg, fuck you bro\n>forcelose p2", "uploadtime": 1771180333, "views": 8, "formatid": "gen9randombattle", "rating": 1753, "private": 0, "password": null}