{"id": "gen9randombattle-2540878200", "format": "[Gen 9] Random Battle", "players": ["Garevitarna", "SuperInventor"], "log": "|j|☆Garevitarna\n|j|☆SuperInventor\n|t:|1771263196\n|gametype|singles\n|player|p1|Garevitarna|mira|1580\n|player|p2|SuperInventor|265|1598\n|gen|9\n|tier|[Gen 9] Random Battle\n|rated|\n|rule|Species Clause: Limit one of each Pokémon\n|rule|HP Percentage Mod: HP is shown in percentages\n|rule|Sleep Clause Mod: Limit one foe put to sleep\n|rule|Illusion Level Mod: Illusion disguises the Pokémon's true level\n|\n|t:|1771263196\n|teamsize|p1|6\n|teamsize|p2|6\n|start\n|switch|p1a: Frosmoth|Frosmoth, L82, F|249/249\n|switch|p2a: Bastiodon|Bastiodon, L89, F|252/252\n|turn|1\n|j| battle of caracas\n|\n|t:|1771263228\n|switch|p1a: Plusle|Plusle, L95, F|268/268\n|move|p2a: Bastiodon|Iron Defense|p2a: Bastiodon\n|-boost|p2a: Bastiodon|def|2\n|\n|upkeep\n|turn|2\n|\n|t:|1771263232\n|move|p1a: Plusle|Encore|p2a: Bastiodon\n|-start|p2a: Bastiodon|Encore\n|move|p2a: Bastiodon|Iron Defense|p2a: Bastiodon\n|-boost|p2a: Bastiodon|def|2\n|\n|upkeep\n|turn|3\n|\n|t:|1771263246\n|switch|p2a: Wigglytuff|Wigglytuff, L96, M|424/424\n|move|p1a: Plusle|Nasty Plot|p1a: Plusle\n|-boost|p1a: Plusle|spa|2\n|\n|upkeep\n|turn|4\n|\n|t:|1771263266\n|move|p1a: Plusle|Nasty Plot|p1a: Plusle\n|-boost|p1a: Plusle|spa|2\n|move|p2a: Wigglytuff|Knock Off|p1a: Plusle\n|-damage|p1a: Plusle|160/268\n|-enditem|p1a: Plusle|Life Orb|[from] move: Knock Off|[of] p2a: Wigglytuff\n|\n|upkeep\n|turn|5\n|\n|t:|1771263271\n|move|p1a: Plusle|Thunderbolt|p2a: Wigglytuff\n|-damage|p2a: Wigglytuff|10/424\n|move|p2a: Wigglytuff|Dazzling Gleam|p1a: Plusle\n|-damage|p1a: Plusle|52/268\n|\n|-heal|p2a: Wigglytuff|36/424|[from] item: Leftovers\n|upkeep\n|turn|6\n|\n|t:|1771263279\n|move|p1a: Plusle|Thunderbolt|p2a: Wigglytuff\n|-damage|p2a: Wigglytuff|0 fnt\n|faint|p2a: Wigglytuff\n|\n|upkeep\n|\n|t:|1771263296\n|switch|p2a: Iron Hands|Iron Hands, L79|373/373\n|turn|7\n|\n|t:|1771263302\n|move|p2a: Iron Hands|Fake Out|p1a: Plusle\n|-damage|p1a: Plusle|2/268\n|cant|p1a: Plusle|flinch\n|\n|upkeep\n|turn|8\n|\n|t:|1771263312\n|-end|p2a: Iron Hands|Quark Drive|[silent]\n|switch|p2a: Bastiodon|Bastiodon, L89, F|252/252\n|move|p1a: Plusle|Encore||[still]\n|-fail|p1a: Plusle\n|\n|upkeep\n|turn|9\n|\n|t:|1771263320\n|move|p1a: Plusle|Thunderbolt|p2a: Bastiodon\n|-damage|p2a: Bastiodon|23/252\n|move|p2a: Bastiodon|Body Press|p1a: Plusle\n|-damage|p1a: Plusle|0 fnt\n|faint|p1a: Plusle\n|\n|upkeep\n|inactive|Battle timer is ON: inactive players will automatically lose when time's up. (requested by SuperInventor)\n|\n|t:|1771263368\n|switch|p1a: Ariados|Ariados, L95, F|287/287\n|turn|10\n|\n|t:|1771263375\n|move|p1a: Ariados|Knock Off|p2a: Bastiodon\n|-damage|p2a: Bastiodon|0 fnt\n|-enditem|p2a: Bastiodon|Chesto Berry|[from] move: Knock Off|[of] p1a: Ariados\n|faint|p2a: Bastiodon\n|\n|upkeep\n|l| battleofcaracas\n|\n|t:|1771263383\n|switch|p2a: Tauros|Tauros-Paldea-Blaze, L81, M|254/254\n|-ability|p2a: Tauros|Intimidate|boost\n|-unboost|p1a: Ariados|atk|1\n|turn|11\n|\n|t:|1771263402\n|switch|p1a: Regirock|Regirock, L83|268/268\n|move|p2a: Tauros|Flare Blitz|p1a: Regirock\n|-resisted|p1a: Regirock\n|-damage|p1a: Regirock|222/268\n|-damage|p2a: Tauros|239/254|[from] Recoil\n|\n|-heal|p1a: Regirock|238/268|[from] item: Leftovers\n|upkeep\n|turn|12\n|\n|t:|1771263410\n|switch|p2a: Iron Hands|Iron Hands, L79|373/373\n|move|p1a: Regirock|Thunder Wave|p2a: Iron Hands|[miss]\n|-miss|p1a: Regirock|p2a: Iron Hands\n|\n|-heal|p1a: Regirock|254/268|[from] item: Leftovers\n|upkeep\n|turn|13\n|\n|t:|1771263418\n|switch|p1a: Ariados|Ariados, L95, F|287/287\n|move|p2a: Iron Hands|Fake Out|p1a: Ariados\n|-damage|p1a: Ariados|254/287\n|\n|upkeep\n|turn|14\n|\n|t:|1771263422\n|-end|p2a: Iron Hands|Quark Drive|[silent]\n|switch|p2a: Tauros|Tauros-Paldea-Blaze, L81, M|239/254\n|-ability|p2a: Tauros|Intimidate|boost\n|-unboost|p1a: Ariados|atk|1\n|move|p1a: Ariados|Sticky Web|p2a: Tauros\n|-sidestart|p2: SuperInventor|move: Sticky Web\n|\n|upkeep\n|turn|15\n|\n|t:|1771263431\n|switch|p1a: Altaria|Altaria, L89, F|278/278\n|move|p2a: Tauros|Close Combat|p1a: Altaria\n|-resisted|p1a: Altaria\n|-damage|p1a: Altaria|190/278\n|-unboost|p2a: Tauros|def|1\n|-unboost|p2a: Tauros|spd|1\n|\n|upkeep\n|turn|16\n|\n|t:|1771263437\n|switch|p2a: Ninetales|Ninetales-Alola, L78, F|242/242\n|-activate|p2a: Ninetales|move: Sticky Web\n|-unboost|p2a: Ninetales|spe|1\n|-weather|Snowscape|[from] ability: Snow Warning|[of] p2a: Ninetales\n|move|p1a: Altaria|Brave Bird|p2a: Ninetales\n|-damage|p2a: Ninetales|157/242\n|-damage|p1a: Altaria|162/278|[from] Recoil\n|\n|-weather|Snowscape|[upkeep]\n|upkeep\n|turn|17\n|\n|t:|1771263462\n|switch|p1a: Ariados|Ariados, L95, F|254/287\n|move|p2a: Ninetales|Aurora Veil|p2a: Ninetales\n|-sidestart|p2: SuperInventor|move: Aurora Veil\n|\n|-weather|Snowscape|[upkeep]\n|upkeep\n|turn|18\n|\n|t:|1771263472\n|move|p2a: Ninetales|Blizzard|p1a: Ariados\n|-damage|p1a: Ariados|158/287\n|-status|p1a: Ariados|frz\n|cant|p1a: Ariados|frz\n|\n|-weather|Snowscape|[upkeep]\n|upkeep\n|turn|19\n|\n|t:|1771263488\n|switch|p2a: Eiscue|Eiscue, L88, M|274/274\n|-activate|p2a: Eiscue|move: Sticky Web\n|-unboost|p2a: Eiscue|spe|1\n|switch|p1a: Frosmoth|Frosmoth, L82, F|249/249\n|\n|-weather|Snowscape|[upkeep]\n|upkeep\n|turn|20\n|\n|t:|1771263495\n|move|p1a: Frosmoth|Quiver Dance|p1a: Frosmoth\n|-boost|p1a: Frosmoth|spa|1\n|-boost|p1a: Frosmoth|spd|1\n|-boost|p1a: Frosmoth|spe|1\n|move|p2a: Eiscue|Belly Drum|p2a: Eiscue\n|-damage|p2a: Eiscue|137/274\n|-setboost|p2a: Eiscue|atk|6|[from] move: Belly Drum\n|-enditem|p2a: Eiscue|Sitrus Berry|[eat]\n|-heal|p2a: Eiscue|205/274|[from] item: Sitrus Berry\n|\n|-weather|none\n|upkeep\n|turn|21\n|inactive|Garevitarna has 120 seconds left.\n|\n|t:|1771263515\n|move|p1a: Frosmoth|Bug Buzz|p2a: Eiscue\n|-damage|p2a: Eiscue|132/274\n|move|p2a: Eiscue|Iron Head|p1a: Frosmoth\n|-supereffective|p1a: Frosmoth\n|-damage|p1a: Frosmoth|0 fnt\n|faint|p1a: Frosmoth\n|\n|upkeep\n|inactive|Garevitarna has 120 seconds left.\n|\n|t:|1771263535\n|switch|p1a: Regirock|Regirock, L83|254/268\n|turn|22\n|\n|t:|1771263543\n|move|p1a: Regirock|Thunder Wave|p2a: Eiscue\n|-status|p2a: Eiscue|par\n|cant|p2a: Eiscue|par\n|\n|-heal|p1a: Regirock|268/268|[from] item: Leftovers\n|upkeep\n|turn|23\n|c|☆Garevitarna|no more special attackers for me\n|inactive|Garevitarna has 120 seconds left.\n|\n|t:|1771263573\n|move|p1a: Regirock|Body Press|p2a: Eiscue\n|-activate|p2a: Eiscue|ability: Ice Face\n|-damage|p2a: Eiscue|132/274 par\n|detailschange|p2a: Eiscue|Eiscue-Noice, L88, M\n|move|p2a: Eiscue|Liquidation|p1a: Regirock\n|-supereffective|p1a: Regirock\n|-damage|p1a: Regirock|44/268\n|\n|-heal|p1a: Regirock|60/268|[from] item: Leftovers\n|upkeep\n|turn|24\n|\n|t:|1771263594\n|move|p1a: Regirock|Body Press|p2a: Eiscue\n|-supereffective|p2a: Eiscue\n|-damage|p2a: Eiscue|20/274 par\n|move|p2a: Eiscue|Iron Head|p1a: Regirock\n|-supereffective|p1a: Regirock\n|-damage|p1a: Regirock|0 fnt\n|faint|p1a: Regirock\n|\n|-sideend|p2: SuperInventor|move: Aurora Veil\n|upkeep\n|inactive|Garevitarna has 90 seconds left.\n|\n|t:|1771263624\n|switch|p1a: Banette|Banette, L93, M|270/270\n|turn|25\n|\n|t:|1771263628\n|move|p1a: Banette|Shadow Sneak|p2a: Eiscue\n|-damage|p2a: Eiscue|0 fnt\n|faint|p2a: Eiscue\n|-damage|p1a: Banette|243/270|[from] item: Life Orb\n|\n|upkeep\n|\n|t:|1771263632\n|switch|p2a: Ninetales|Ninetales-Alola, L78, F|157/242\n|-activate|p2a: Ninetales|move: Sticky Web\n|-unboost|p2a: Ninetales|spe|1\n|-weather|Snowscape|[from] ability: Snow Warning|[of] p2a: Ninetales\n|turn|26\n|inactive|Garevitarna has 90 seconds left.\n|\n|t:|1771263645\n|move|p1a: Banette|Gunk Shot|p2a: Ninetales\n|-supereffective|p2a: Ninetales\n|-damage|p2a: Ninetales|0 fnt\n|faint|p2a: Ninetales\n|-damage|p1a: Banette|216/270|[from] item: Life Orb\n|\n|-weather|Snowscape|[upkeep]\n|upkeep\n|c|☆SuperInventor|Oh…\n|c|☆Garevitarna|i got surprised too\n|\n|t:|1771263670\n|switch|p2a: Tauros|Tauros-Paldea-Blaze, L81, M|239/254\n|-activate|p2a: Tauros|move: Sticky Web\n|-unboost|p2a: Tauros|spe|1\n|-ability|p2a: Tauros|Intimidate|boost\n|-unboost|p1a: Banette|atk|1\n|turn|27\n|c|☆Garevitarna|i forgot there were webs\n|\n|t:|1771263682\n|switch|p1a: Altaria|Altaria, L89, F|162/278\n|move|p2a: Tauros|Flare Blitz|p1a: Altaria\n|-resisted|p1a: Altaria\n|-damage|p1a: Altaria|72/278\n|-damage|p2a: Tauros|209/254|[from] Recoil\n|\n|-weather|Snowscape|[upkeep]\n|upkeep\n|turn|28\n|\n|t:|1771263686\n|move|p1a: Altaria|Roost|p1a: Altaria\n|-heal|p1a: Altaria|211/278\n|-singleturn|p1a: Altaria|move: Roost\n|move|p2a: Tauros|Flare Blitz|p1a: Altaria\n|-resisted|p1a: Altaria\n|-damage|p1a: Altaria|126/278\n|-damage|p2a: Tauros|181/254|[from] Recoil\n|\n|-weather|Snowscape|[upkeep]\n|upkeep\n|turn|29\n|\n|t:|1771263696\n|switch|p2a: Iron Hands|Iron Hands, L79|373/373\n|-activate|p2a: Iron Hands|move: Sticky Web\n|-unboost|p2a: Iron Hands|spe|1\n|move|p1a: Altaria|Roost|p1a: Altaria\n|-heal|p1a: Altaria|265/278\n|-singleturn|p1a: Altaria|move: Roost\n|\n|-weather|Snowscape|[upkeep]\n|upkeep\n|turn|30\n|inactive|Garevitarna has 120 seconds left.\n|\n|t:|1771263701\n|move|p2a: Iron Hands|Fake Out|p1a: Altaria\n|-damage|p1a: Altaria|232/278\n|cant|p1a: Altaria|flinch\n|\n|-weather|none\n|upkeep\n|turn|31\n|\n|t:|1771263705\n|move|p1a: Altaria|Will-O-Wisp|p2a: Iron Hands\n|-status|p2a: Iron Hands|brn\n|move|p2a: Iron Hands|Volt Switch|p1a: Altaria\n|-damage|p1a: Altaria|195/278\n|\n|t:|1771263710\n|-end|p2a: Iron Hands|Quark Drive|[silent]\n|switch|p2a: Tauros|Tauros-Paldea-Blaze, L81, M|181/254|[from] Volt Switch\n|-activate|p2a: Tauros|move: Sticky Web\n|-unboost|p2a: Tauros|spe|1\n|-ability|p2a: Tauros|Intimidate|boost\n|-unboost|p1a: Altaria|atk|1\n|\n|upkeep\n|turn|32\n|c|☆SuperInventor|Ooooo\n|c|☆SuperInventor|that willo is gg\n|c|☆SuperInventor|prolly\n|c|☆Garevitarna|trump card\n|\n|t:|1771263734\n|move|p1a: Altaria|Roost|p1a: Altaria\n|-heal|p1a: Altaria|278/278\n|-singleturn|p1a: Altaria|move: Roost\n|move|p2a: Tauros|Stone Edge|p1a: Altaria|[miss]\n|-miss|p2a: Tauros|p1a: Altaria\n|\n|upkeep\n|turn|33\n|\n|t:|1771263742\n|switch|p1a: Banette|Banette, L93, M|216/270\n|move|p2a: Tauros|Stone Edge|p1a: Banette\n|-damage|p1a: Banette|90/270\n|\n|upkeep\n|turn|34\n|\n|t:|1771263747\n|switch|p2a: Iron Hands|Iron Hands, L79|373/373 brn\n|-activate|p2a: Iron Hands|move: Sticky Web\n|-unboost|p2a: Iron Hands|spe|1\n|move|p1a: Banette|Thunder Wave||[still]\n|-fail|p1a: Banette\n|\n|-damage|p2a: Iron Hands|350/373 brn|[from] brn\n|upkeep\n|turn|35\n|\n|t:|1771263756\n|move|p1a: Banette|Poltergeist|p2a: Iron Hands\n|-activate|p2a: Iron Hands|move: Poltergeist|Assault Vest\n|-damage|p2a: Iron Hands|165/373 brn\n|-damage|p1a: Banette|63/270|[from] item: Life Orb\n|move|p2a: Iron Hands|Volt Switch|p1a: Banette\n|-damage|p1a: Banette|18/270\n|-start|p2a: Iron Hands|Disable|Volt Switch|[from] ability: Cursed Body|[of] p1a: Banette\n|\n|t:|1771263764\n|-end|p2a: Iron Hands|Quark Drive|[silent]\n|switch|p2a: Tauros|Tauros-Paldea-Blaze, L81, M|181/254|[from] Volt Switch\n|-activate|p2a: Tauros|move: Sticky Web\n|-unboost|p2a: Tauros|spe|1\n|-ability|p2a: Tauros|Intimidate|boost\n|-unboost|p1a: Banette|atk|1\n|\n|upkeep\n|turn|36\n|c|☆Garevitarna|this intimidate cyclinggg\n|\n|t:|1771263780\n|switch|p1a: Altaria|Altaria, L89, F|278/278\n|switch|p2a: Iron Hands|Iron Hands, L79|165/373 brn\n|-activate|p2a: Iron Hands|move: Sticky Web\n|-unboost|p2a: Iron Hands|spe|1\n|\n|-damage|p2a: Iron Hands|142/373 brn|[from] brn\n|upkeep\n|turn|37\n|\n|t:|1771263784\n|move|p2a: Iron Hands|Fake Out|p1a: Altaria\n|-damage|p1a: Altaria|263/278\n|cant|p1a: Altaria|flinch\n|\n|-damage|p2a: Iron Hands|119/373 brn|[from] brn\n|upkeep\n|turn|38\n|\n|t:|1771263787\n|move|p1a: Altaria|Brave Bird|p2a: Iron Hands\n|-damage|p2a: Iron Hands|26/373 brn\n|-damage|p1a: Altaria|232/278|[from] Recoil\n|move|p2a: Iron Hands|Volt Switch|p1a: Altaria\n|-damage|p1a: Altaria|196/278\n|\n|t:|1771263790\n|-end|p2a: Iron Hands|Quark Drive|[silent]\n|switch|p2a: Tauros|Tauros-Paldea-Blaze, L81, M|181/254|[from] Volt Switch\n|-activate|p2a: Tauros|move: Sticky Web\n|-unboost|p2a: Tauros|spe|1\n|-ability|p2a: Tauros|Intimidate|boost\n|-unboost|p1a: Altaria|atk|1\n|\n|upkeep\n|turn|39\n|\n|t:|1771263801\n|move|p1a: Altaria|Brave Bird|p2a: Tauros\n|-supereffective|p2a: Tauros\n|-damage|p2a: Tauros|47/254\n|-damage|p1a: Altaria|152/278|[from] Recoil\n|move|p2a: Tauros|Stone Edge|p1a: Altaria\n|-supereffective|p1a: Altaria\n|-damage|p1a: Altaria|0 fnt\n|faint|p1a: Altaria\n|\n|upkeep\n|\n|t:|1771263807\n|switch|p1a: Banette|Banette, L93, M|18/270\n|turn|40\n|c|☆Garevitarna|omg\n|c|☆Garevitarna|haha\n|\n|t:|1771263825\n|switch|p2a: Iron Hands|Iron Hands, L79|26/373 brn\n|-activate|p2a: Iron Hands|move: Sticky Web\n|-unboost|p2a: Iron Hands|spe|1\n|move|p1a: Banette|Shadow Sneak|p2a: Iron Hands\n|-damage|p2a: Iron Hands|0 fnt\n|faint|p2a: Iron Hands\n|-end|p2a: Iron Hands|Quark Drive|[silent]\n|-damage|p1a: Banette|0 fnt|[from] item: Life Orb\n|faint|p1a: Banette\n|\n|upkeep\n|c|☆SuperInventor|This is gonna be crazy close\n|\n|t:|1771263833\n|switch|p1a: Ariados|Ariados, L95, F|158/287 frz\n|switch|p2a: Tauros|Tauros-Paldea-Blaze, L81, M|47/254\n|-activate|p2a: Tauros|move: Sticky Web\n|-unboost|p2a: Tauros|spe|1\n|-ability|p2a: Tauros|Intimidate|boost\n|-unboost|p1a: Ariados|atk|1\n|turn|41\n|c|☆Garevitarna|you win\n|c|☆Garevitarna|haha\n|c|☆Garevitarna|gg\n|c|☆SuperInventor|I think so yeah\n|c|☆Garevitarna|well\n|c|☆Garevitarna|depends if this defrosts\n|\n|t:|1771263852\n|move|p2a: Tauros|Flare Blitz|p1a: Ariados\n|-supereffective|p1a: Ariados\n|-damage|p1a: Ariados|0 fnt\n|faint|p1a: Ariados\n|-damage|p2a: Tauros|0 fnt|[from] Recoil\n|faint|p2a: Tauros\n|\n|win|SuperInventor\n|raw|Garevitarna's rating: 1580 &rarr; <strong>1561</strong><br />(-19 for losing)\n|raw|SuperInventor's rating: 1598 &rarr; <strong>1617</strong><br />(+19 for winning)\n|c|☆SuperInventor|Sucker?\n|c|☆Garevitarna|oh\n|c|☆Garevitarna|not fast enough\n|c|☆Garevitarna|my bad\n|c|☆Garevitarna|haha\n|c|☆SuperInventor|Yeah I was like 8 speed faster\n|c|☆SuperInventor|just wasn’t sure if you had sucker punch\n|c|☆Garevitarna|gg either way\n|c|☆Garevitarna|no sucker\n|c|☆SuperInventor|or if it would kill if you did\n|c|☆SuperInventor|gotcha\n|c|☆SuperInventor|gg\n|c|☆Garevitarna|i dont think sucker wouldve killed\n|c|☆SuperInventor|Prolly not\n|c|☆SuperInventor|unless crit\n|c|☆Garevitarna|yeah\n|c|☆Garevitarna|it was a lost cause\n|c|☆Garevitarna|fun game\n|c|☆Garevitarna|cheers\n|c|☆SuperInventor|Yeah gg\n", "inputlog": ">version 686819e5e19f8a7fd2345cfc5a08a5085efa2cc3\n>start {\"formatid\":\"gen9randombattle\",\"seed\":\"sodium,a5f1fd37a9d663e4ae91c943d7faf5ff\",\"rated\":\"Rated battle\"}\n>player p1 {\"name\":\"Garevitarna\",\"avatar\":\"mira\",\"rating\":1580,\"seed\":\"sodium,c44c719dba801e292721dbab07325534\"}\n>player p2 {\"name\":\"SuperInventor\",\"avatar\":\"265\",\"rating\":1598,\"seed\":\"sodium,9391e7c484494d254f498f702007d2c6\"}\n>p1 switch 5\n>p2 move irondefense\n>p1 move encore\n>p2 move bodypress\n>p1 move nastyplot\n>p2 switch 2\n>p1 move nastyplot\n>p2 move knockoff\n>p1 move thunderbolt\n>p2 move dazzlinggleam\n>p1 move thunderbolt\n>p2 move dazzlinggleam\n>p2 switch 3\n>p1 move alluringvoice\n>p2 move fakeout\n>p1 move encore\n>p2 switch 2\n>p1 move thunderbolt\n>p2 move bodypress\n>p1 switch 2\n>p1 move knockoff\n>p2 move rest\n>p2 switch 4\n>p1 switch 4\n>p2 move flareblitz\n>p1 move thunderwave\n>p2 switch 2\n>p1 switch 4\n>p2 move fakeout\n>p1 move stickyweb\n>p2 switch 2\n>p1 switch 3\n>p2 move closecombat\n>p1 move bravebird\n>p2 switch 5\n>p1 switch 3\n>p2 move auroraveil\n>p1 move poisonjab\n>p2 move blizzard\n>p1 switch 5\n>p2 switch 6\n>p1 move quiverdance\n>p2 move bellydrum\n>p1 move bugbuzz\n>p2 move ironhead\n>p1 switch 4\n>p1 move thunderwave\n>p2 move liquidation\n>chat ☆Garevitarna|no more special attackers for me\n>p1 move bodypress\n>p2 move liquidation\n>p1 move bodypress\n>p2 move ironhead\n>p1 switch 6\n>p1 move shadowsneak\n>p2 move icespinner\n>p2 switch 6\n>p1 move gunkshot\n>p2 move auroraveil\n>chat ☆SuperInventor|Oh…\n>chat ☆Garevitarna|i got surprised too\n>p2 switch 5\n>chat ☆Garevitarna|i forgot there were webs\n>p1 switch 3\n>p2 move flareblitz\n>p1 move roost\n>p2 move flareblitz\n>p1 move roost\n>p2 switch 2\n>p1 move willowisp\n>p2 move fakeout\n>p1 move willowisp\n>p2 move voltswitch\n>p2 switch 2\n>chat ☆SuperInventor|Ooooo\n>chat ☆SuperInventor|that willo is gg\n>chat ☆SuperInventor|prolly\n>chat ☆Garevitarna|trump card\n>p1 move roost\n>p2 move stoneedge\n>p1 switch 3\n>p2 move stoneedge\n>p1 move thunderwave\n>p2 switch 2\n>p1 move poltergeist\n>p2 move voltswitch\n>p2 switch 2\n>chat ☆Garevitarna|this intimidate cyclinggg\n>p1 switch 3\n>p2 switch 2\n>p1 move bravebird\n>p2 move fakeout\n>p1 move bravebird\n>p2 move voltswitch\n>p2 switch 2\n>p1 move bravebird\n>p2 move stoneedge\n>p1 switch 3\n>chat ☆Garevitarna|omg\n>chat ☆Garevitarna|haha\n>p1 move shadowsneak\n>p2 switch 2\n>chat ☆SuperInventor|This is gonna be crazy close\n>p1 switch 5\n>p2 switch 2\n>chat ☆Garevitarna|you win\n>chat ☆Garevitarna|haha\n>chat ☆Garevitarna|gg\n>chat ☆SuperInventor|I think so yeah\n>chat ☆Garevitarna|well\n>chat ☆Garevitarna|depends if this defrosts\n>p1 move poisonjab\n>p2 move flareblitz", "uploadtime": 1771263913, "views": 4, "formatid": "gen9randombattle", "rating": 1561, "private": 0, "password": null}