{"id": "gen9randombattle-2540473661", "format": "[Gen 9] Random Battle", "players": ["Sanskiller55", "sizableOOF"], "log": "|j|☆Sanskiller55\n|j|☆sizableOOF\n|t:|1771206451\n|gametype|singles\n|player|p1|Sanskiller55|acerola-masters|1592\n|player|p2|sizableOOF|rosa|1623\n|gen|9\n|tier|[Gen 9] Random Battle\n|rated|\n|rule|Species Clause: Limit one of each Pokémon\n|rule|HP Percentage Mod: HP is shown in percentages\n|rule|Sleep Clause Mod: Limit one foe put to sleep\n|rule|Illusion Level Mod: Illusion disguises the Pokémon's true level\n|\n|t:|1771206451\n|teamsize|p1|6\n|teamsize|p2|6\n|start\n|switch|p1a: Toxtricity|Toxtricity, L82, M|257/257\n|switch|p2a: Girafarig|Girafarig, L89, F|269/269\n|turn|1\n|inactive|Battle timer is ON: inactive players will automatically lose when time's up. (requested by Sanskiller55)\n|inactive|sizableOOF also wants the timer to be on.\n|\n|t:|1771206460\n|switch|p1a: Honchkrow|Honchkrow, L86, F|312/312\n|move|p2a: Girafarig|Psyshock|p1a: Honchkrow\n|-immune|p1a: Honchkrow\n|\n|upkeep\n|turn|2\n|inactive|sizableOOF has 120 seconds left.\n|\n|t:|1771206491\n|switch|p2a: Eelektross|Eelektross, L87, M|290/290\n|move|p1a: Honchkrow|Lash Out|p2a: Eelektross\n|-damage|p2a: Eelektross|179/290\n|\n|upkeep\n|turn|3\n|\n|t:|1771206499\n|switch|p1a: Rhyperior|Rhyperior, L82, M|323/323\n|move|p2a: Eelektross|Discharge|p1a: Rhyperior\n|-immune|p1a: Rhyperior\n|\n|upkeep\n|turn|4\n|\n|t:|1771206505\n|move|p2a: Eelektross|U-turn|p1a: Rhyperior\n|-damage|p1a: Rhyperior|279/323\n|\n|t:|1771206525\n|switch|p2a: Keldeo|Keldeo-Resolute, L79|273/273|[from] U-turn\n|move|p1a: Rhyperior|Stone Edge|p2a: Keldeo\n|-resisted|p2a: Keldeo\n|-damage|p2a: Keldeo|168/273\n|\n|-heal|p2a: Keldeo|185/273|[from] item: Leftovers\n|upkeep\n|turn|5\n|\n|t:|1771206532\n|switch|p1a: Ludicolo|Ludicolo, L90, F|290/290\n|move|p2a: Keldeo|Substitute|p2a: Keldeo\n|-start|p2a: Keldeo|Substitute\n|-damage|p2a: Keldeo|117/273\n|\n|-heal|p2a: Keldeo|134/273|[from] item: Leftovers\n|upkeep\n|turn|6\n|\n|t:|1771206542\n|move|p2a: Keldeo|Secret Sword|p1a: Ludicolo\n|-damage|p1a: Ludicolo|188/290\n|move|p1a: Ludicolo|Giga Drain|p2a: Keldeo\n|-supereffective|p2a: Keldeo\n|-end|p2a: Keldeo|Substitute\n|-heal|p1a: Ludicolo|222/290|[from] drain|[of] p2a: Keldeo\n|-damage|p1a: Ludicolo|193/290|[from] item: Life Orb\n|\n|-heal|p2a: Keldeo|151/273|[from] item: Leftovers\n|upkeep\n|turn|7\n|\n|t:|1771206554\n|switch|p2a: Girafarig|Girafarig, L89, F|269/269\n|move|p1a: Ludicolo|Rain Dance|p1a: Ludicolo\n|-weather|RainDance\n|\n|-weather|RainDance|[upkeep]\n|upkeep\n|turn|8\n|\n|t:|1771206564\n|move|p1a: Ludicolo|Hydro Pump|p2a: Girafarig\n|-damage|p2a: Girafarig|61/269\n|-damage|p1a: Ludicolo|164/290|[from] item: Life Orb\n|move|p2a: Girafarig|Hyper Voice|p1a: Ludicolo\n|-damage|p1a: Ludicolo|79/290\n|\n|-weather|RainDance|[upkeep]\n|upkeep\n|turn|9\n|\n|t:|1771206571\n|switch|p2a: Eelektross|Eelektross, L87, M|179/290\n|move|p1a: Ludicolo|Ice Beam|p2a: Eelektross\n|-damage|p2a: Eelektross|118/290\n|-damage|p1a: Ludicolo|50/290|[from] item: Life Orb\n|\n|-weather|RainDance|[upkeep]\n|upkeep\n|turn|10\n|\n|t:|1771206584\n|move|p1a: Ludicolo|Hydro Pump|p2a: Eelektross|[miss]\n|-miss|p1a: Ludicolo|p2a: Eelektross\n|move|p2a: Eelektross|U-turn|p1a: Ludicolo\n|-supereffective|p1a: Ludicolo\n|-damage|p1a: Ludicolo|0 fnt\n|faint|p1a: Ludicolo\n|\n|t:|1771206587\n|switch|p2a: Keldeo|Keldeo-Resolute, L79|151/273|[from] U-turn\n|\n|-weather|RainDance|[upkeep]\n|-heal|p2a: Keldeo|168/273|[from] item: Leftovers\n|upkeep\n|\n|t:|1771206604\n|switch|p1a: Gengar|Gengar, L81, M|230/230\n|turn|11\n|\n|t:|1771206622\n|move|p1a: Gengar|Sludge Wave|p2a: Keldeo\n|-damage|p2a: Keldeo|15/273\n|-damage|p1a: Gengar|207/230|[from] item: Life Orb\n|move|p2a: Keldeo|Hydro Pump|p1a: Gengar|[miss]\n|-miss|p2a: Keldeo|p1a: Gengar\n|\n|-weather|none\n|-heal|p2a: Keldeo|32/273|[from] item: Leftovers\n|upkeep\n|turn|12\n|\n|t:|1771206633\n|move|p1a: Gengar|Sludge Wave|p2a: Keldeo\n|-damage|p2a: Keldeo|0 fnt\n|faint|p2a: Keldeo\n|-damage|p1a: Gengar|184/230|[from] item: Life Orb\n|\n|upkeep\n|\n|t:|1771206650\n|switch|p2a: Eelektross|Eelektross, L87, M|118/290\n|turn|13\n|\n|t:|1771206653\n|move|p1a: Gengar|Sludge Wave|p2a: Eelektross\n|-crit|p2a: Eelektross\n|-damage|p2a: Eelektross|0 fnt\n|faint|p2a: Eelektross\n|-damage|p1a: Gengar|161/230|[from] item: Life Orb\n|\n|upkeep\n|\n|t:|1771206658\n|switch|p2a: Klefki|Klefki, L84, M|233/233\n|turn|14\n|\n|t:|1771206667\n|switch|p1a: Toxtricity|Toxtricity, L82, M|257/257\n|move|p2a: Klefki|Foul Play|p1a: Toxtricity\n|-damage|p1a: Toxtricity|199/257\n|\n|upkeep\n|turn|15\n|\n|t:|1771206679\n|switch|p2a: Girafarig|Girafarig, L89, F|61/269\n|move|p1a: Toxtricity|Overdrive|p2a: Girafarig\n|-damage|p2a: Girafarig|0 fnt\n|faint|p2a: Girafarig\n|\n|upkeep\n|\n|t:|1771206681\n|switch|p2a: Falinks|Falinks, L84|246/246\n|turn|16\n|\n|t:|1771206689\n|move|p2a: Falinks|No Retreat|p2a: Falinks\n|-boost|p2a: Falinks|atk|1\n|-boost|p2a: Falinks|def|1\n|-boost|p2a: Falinks|spa|1\n|-boost|p2a: Falinks|spd|1\n|-boost|p2a: Falinks|spe|1\n|-start|p2a: Falinks|move: No Retreat\n|move|p1a: Toxtricity|Overdrive|p2a: Falinks\n|-damage|p2a: Falinks|93/246\n|\n|upkeep\n|turn|17\n|\n|t:|1771206698\n|move|p2a: Falinks|Knock Off|p1a: Toxtricity\n|-damage|p1a: Toxtricity|42/257\n|-enditem|p1a: Toxtricity|Choice Specs|[from] move: Knock Off|[of] p2a: Falinks\n|-damage|p2a: Falinks|69/246|[from] item: Life Orb\n|move|p1a: Toxtricity|Overdrive|p2a: Falinks\n|-damage|p2a: Falinks|0 fnt\n|faint|p2a: Falinks\n|\n|upkeep\n|\n|t:|1771206701\n|switch|p2a: Pecharunt|Pecharunt, L77|262/262\n|turn|18\n|\n|t:|1771206712\n|switch|p1a: Rhyperior|Rhyperior, L82, M|279/323\n|move|p2a: Pecharunt|Shadow Ball|p1a: Rhyperior\n|-damage|p1a: Rhyperior|189/323\n|-unboost|p1a: Rhyperior|spd|1\n|\n|upkeep\n|turn|19\n|\n|t:|1771206718\n|-terastallize|p2a: Pecharunt|Dark\n|move|p2a: Pecharunt|Shadow Ball|p1a: Rhyperior\n|-damage|p1a: Rhyperior|41/323\n|move|p1a: Rhyperior|Earthquake|p2a: Pecharunt\n|-damage|p2a: Pecharunt|138/262\n|\n|-heal|p2a: Pecharunt|154/262|[from] item: Leftovers\n|upkeep\n|turn|20\n|\n|t:|1771206725\n|move|p2a: Pecharunt|Recover|p2a: Pecharunt\n|-heal|p2a: Pecharunt|262/262\n|move|p1a: Rhyperior|Earthquake|p2a: Pecharunt\n|-damage|p2a: Pecharunt|127/262\n|\n|-heal|p2a: Pecharunt|143/262|[from] item: Leftovers\n|upkeep\n|turn|21\n|\n|t:|1771206732\n|move|p2a: Pecharunt|Shadow Ball|p1a: Rhyperior\n|-damage|p1a: Rhyperior|0 fnt\n|faint|p1a: Rhyperior\n|\n|-heal|p2a: Pecharunt|159/262|[from] item: Leftovers\n|upkeep\n|\n|t:|1771206740\n|switch|p1a: Gengar|Gengar, L81, M|161/230\n|turn|22\n|\n|t:|1771206743\n|move|p1a: Gengar|Sludge Wave|p2a: Pecharunt\n|-damage|p2a: Pecharunt|0 fnt\n|faint|p2a: Pecharunt\n|-damage|p1a: Gengar|138/230|[from] item: Life Orb\n|\n|upkeep\n|\n|t:|1771206745\n|switch|p2a: Klefki|Klefki, L84, M|233/233\n|turn|23\n|-message|sizableOOF forfeited.\n|\n|win|Sanskiller55\n|raw|Sanskiller55's rating: 1592 &rarr; <strong>1614</strong><br />(+22 for winning)\n|raw|sizableOOF's rating: 1623 &rarr; <strong>1601</strong><br />(-22 for losing)\n|l|☆sizableOOF\n|player|p2|\n", "inputlog": ">version 686819e5e19f8a7fd2345cfc5a08a5085efa2cc3\n>start {\"formatid\":\"gen9randombattle\",\"seed\":\"sodium,eeaed34776a27f1ba87b1fbead0da2f9\",\"rated\":\"Rated battle\"}\n>player p1 {\"name\":\"Sanskiller55\",\"avatar\":\"acerola-masters\",\"rating\":1592,\"seed\":\"sodium,563ec57f426e811b4bf09a3e76084bc1\"}\n>player p2 {\"name\":\"sizableOOF\",\"avatar\":\"rosa\",\"rating\":1623,\"seed\":\"sodium,85fe9c96cc36229ef7647875e3682f7a\"}\n>p1 switch 5\n>p2 move psyshock\n>p1 move lashout\n>p2 switch 2\n>p1 switch 2\n>p2 move discharge\n>p1 move stoneedge\n>p2 move uturn\n>p2 switch 6\n>p1 switch 6\n>p2 move substitute\n>p1 move gigadrain\n>p2 move secretsword\n>p1 move raindance\n>p2 switch 2\n>p1 move hydropump\n>p2 move hypervoice\n>p1 move icebeam\n>p2 switch 6\n>p1 move hydropump\n>p2 move uturn\n>p2 switch 2\n>p1 switch 3\n>p1 move sludgewave\n>p2 move hydropump\n>p1 move sludgewave\n>p2 move hydropump\n>p2 switch 2\n>p1 move sludgewave\n>p2 move knockoff\n>p2 switch 5\n>p1 switch 5\n>p2 move foulplay\n>p1 move overdrive\n>p2 switch 6\n>p2 switch 4\n>p1 move overdrive\n>p2 move noretreat\n>p1 move overdrive\n>p2 move knockoff\n>p2 switch 3\n>p1 switch 6\n>p2 move shadowball\n>p1 move earthquake\n>p2 move shadowball terastallize\n>p1 move earthquake\n>p2 move recover\n>p1 move earthquake\n>p2 move shadowball\n>p1 switch 5\n>p1 move sludgewave\n>p2 move recover\n>p2 switch 6\n>forcelose p2", "uploadtime": 1771206753, "views": 8, "formatid": "gen9randombattle", "rating": 1601, "private": 0, "password": null}