{"id": "gen9randombattle-2540000187", "format": "[Gen 9] Random Battle", "players": ["jdoobzzz", "Dr Gaster PHD"], "log": "|j|☆jdoobzzz\n|j|☆Dr Gaster PHD\n|t:|1771141752\n|gametype|singles\n|player|p1|jdoobzzz|102|1786\n|player|p2|Dr Gaster PHD|ghetsis|1841\n|gen|9\n|tier|[Gen 9] Random Battle\n|rated|\n|rule|Species Clause: Limit one of each Pokémon\n|rule|HP Percentage Mod: HP is shown in percentages\n|rule|Sleep Clause Mod: Limit one foe put to sleep\n|rule|Illusion Level Mod: Illusion disguises the Pokémon's true level\n|\n|t:|1771141752\n|teamsize|p1|6\n|teamsize|p2|6\n|start\n|switch|p1a: Kleavor|Kleavor, L78, F|237/237\n|switch|p2a: Forretress|Forretress, L84, F|263/263\n|turn|1\n|\n|t:|1771141764\n|switch|p1a: Alomomola|Alomomola, L87, M|429/429\n|move|p2a: Forretress|Thunder Wave|p1a: Alomomola\n|-status|p1a: Alomomola|par\n|\n|upkeep\n|turn|2\n|\n|t:|1771141771\n|move|p2a: Forretress|Spikes|p1a: Alomomola\n|-sidestart|p1: jdoobzzz|Spikes\n|move|p1a: Alomomola|Scald|p2a: Forretress\n|-damage|p2a: Forretress|196/263\n|\n|-heal|p2a: Forretress|212/263|[from] item: Leftovers\n|upkeep\n|turn|3\n|\n|t:|1771141779\n|move|p2a: Forretress|Spikes|p1a: Alomomola\n|-sidestart|p1: jdoobzzz|Spikes\n|cant|p1a: Alomomola|par\n|\n|-heal|p2a: Forretress|228/263|[from] item: Leftovers\n|upkeep\n|turn|4\n|\n|t:|1771141785\n|move|p2a: Forretress|Spikes|p1a: Alomomola\n|-sidestart|p1: jdoobzzz|Spikes\n|move|p1a: Alomomola|Scald|p2a: Forretress\n|-damage|p2a: Forretress|162/263\n|\n|-heal|p2a: Forretress|178/263|[from] item: Leftovers\n|upkeep\n|turn|5\n|\n|t:|1771141799\n|switch|p2a: Dragalge|Dragalge, L88, M|258/258\n|move|p1a: Alomomola|Scald|p2a: Dragalge\n|-resisted|p2a: Dragalge\n|-damage|p2a: Dragalge|240/258\n|-status|p2a: Dragalge|brn\n|\n|-heal|p2a: Dragalge|256/258 brn|[from] item: Leftovers\n|-damage|p2a: Dragalge|240/258 brn|[from] brn\n|upkeep\n|turn|6\n|\n|t:|1771141811\n|move|p2a: Dragalge|Toxic||[still]\n|-fail|p2a: Dragalge\n|cant|p1a: Alomomola|par\n|\n|-heal|p2a: Dragalge|256/258 brn|[from] item: Leftovers\n|-damage|p2a: Dragalge|240/258 brn|[from] brn\n|upkeep\n|turn|7\n|\n|t:|1771141825\n|move|p2a: Dragalge|Sludge Wave|p1a: Alomomola\n|-crit|p1a: Alomomola\n|-damage|p1a: Alomomola|87/429 par\n|move|p1a: Alomomola|Flip Turn|p2a: Dragalge\n|-resisted|p2a: Dragalge\n|-damage|p2a: Dragalge|216/258 brn\n|\n|t:|1771141834\n|switch|p1a: Cryogonal|Cryogonal, L89|287/287|[from] Flip Turn\n|\n|-heal|p2a: Dragalge|232/258 brn|[from] item: Leftovers\n|-damage|p2a: Dragalge|216/258 brn|[from] brn\n|upkeep\n|turn|8\n|\n|t:|1771141842\n|move|p1a: Cryogonal|Ice Beam|p2a: Dragalge\n|-supereffective|p2a: Dragalge\n|-damage|p2a: Dragalge|64/258 brn\n|move|p2a: Dragalge|Toxic|p1a: Cryogonal\n|-status|p1a: Cryogonal|tox\n|\n|-heal|p2a: Dragalge|80/258 brn|[from] item: Leftovers\n|-damage|p1a: Cryogonal|270/287 tox|[from] psn\n|-damage|p2a: Dragalge|64/258 brn|[from] brn\n|upkeep\n|turn|9\n|\n|t:|1771141855\n|move|p1a: Cryogonal|Rapid Spin|p2a: Dragalge\n|-damage|p2a: Dragalge|42/258 brn\n|-boost|p1a: Cryogonal|spe|1\n|-sideend|p1: jdoobzzz|Spikes|[from] move: Rapid Spin|[of] p1a: Cryogonal\n|move|p2a: Dragalge|Focus Blast|p1a: Cryogonal\n|-supereffective|p1a: Cryogonal\n|-damage|p1a: Cryogonal|134/287 tox\n|\n|-heal|p2a: Dragalge|58/258 brn|[from] item: Leftovers\n|-damage|p1a: Cryogonal|100/287 tox|[from] psn\n|-damage|p2a: Dragalge|42/258 brn|[from] brn\n|upkeep\n|turn|10\n|\n|t:|1771141867\n|move|p1a: Cryogonal|Ice Beam|p2a: Dragalge\n|-supereffective|p2a: Dragalge\n|-damage|p2a: Dragalge|0 fnt\n|faint|p2a: Dragalge\n|\n|-damage|p1a: Cryogonal|49/287 tox|[from] psn\n|upkeep\n|\n|t:|1771141872\n|switch|p2a: Forretress|Forretress, L84, F|178/263\n|turn|11\n|\n|t:|1771141895\n|switch|p1a: Chimecho|Chimecho, L93, F|290/290\n|move|p2a: Forretress|Spikes|p1a: Chimecho\n|-sidestart|p1: jdoobzzz|Spikes\n|\n|-heal|p2a: Forretress|194/263|[from] item: Leftovers\n|upkeep\n|turn|12\n|\n|t:|1771141906\n|move|p1a: Chimecho|Cosmic Power|p1a: Chimecho\n|-boost|p1a: Chimecho|def|1\n|-boost|p1a: Chimecho|spd|1\n|move|p2a: Forretress|Thunder Wave|p1a: Chimecho\n|-status|p1a: Chimecho|par\n|\n|-heal|p2a: Forretress|210/263|[from] item: Leftovers\n|upkeep\n|turn|13\n|\n|t:|1771141916\n|switch|p2a: Crawdaunt|Crawdaunt, L84, M|243/243\n|move|p1a: Chimecho|Cosmic Power|p1a: Chimecho\n|-boost|p1a: Chimecho|def|1\n|-boost|p1a: Chimecho|spd|1\n|\n|upkeep\n|turn|14\n|\n|t:|1771141924\n|move|p2a: Crawdaunt|Knock Off|p1a: Chimecho\n|-supereffective|p1a: Chimecho\n|-damage|p1a: Chimecho|62/290 par\n|-enditem|p1a: Chimecho|Leftovers|[from] move: Knock Off|[of] p2a: Crawdaunt\n|cant|p1a: Chimecho|par\n|\n|upkeep\n|turn|15\n|\n|t:|1771141936\n|switch|p2a: Forretress|Forretress, L84, F|210/263\n|move|p1a: Chimecho|Dazzling Gleam|p2a: Forretress\n|-resisted|p2a: Forretress\n|-damage|p2a: Forretress|168/263\n|\n|-heal|p2a: Forretress|184/263|[from] item: Leftovers\n|upkeep\n|turn|16\n|\n|t:|1771141945\n|move|p2a: Forretress|Iron Head|p1a: Chimecho\n|-damage|p1a: Chimecho|26/290 par\n|cant|p1a: Chimecho|flinch\n|\n|-heal|p2a: Forretress|200/263|[from] item: Leftovers\n|upkeep\n|turn|17\n|\n|t:|1771141952\n|move|p2a: Forretress|Iron Head|p1a: Chimecho\n|-damage|p1a: Chimecho|0 fnt\n|faint|p1a: Chimecho\n|\n|-heal|p2a: Forretress|216/263|[from] item: Leftovers\n|upkeep\n|\n|t:|1771141960\n|switch|p1a: Kleavor|Kleavor, L78, F|237/237\n|turn|18\n|\n|t:|1771141965\n|move|p1a: Kleavor|Stone Axe|p2a: Forretress\n|-damage|p2a: Forretress|131/263\n|-sidestart|p2: Dr Gaster PHD|move: Stealth Rock\n|move|p2a: Forretress|Thunder Wave|p1a: Kleavor\n|-status|p1a: Kleavor|par\n|\n|-heal|p2a: Forretress|147/263|[from] item: Leftovers\n|upkeep\n|turn|19\n|\n|t:|1771141978\n|switch|p2a: Iron Hands|Iron Hands, L79|373/373\n|-damage|p2a: Iron Hands|350/373|[from] Stealth Rock\n|move|p1a: Kleavor|Stone Axe|p2a: Iron Hands\n|-resisted|p2a: Iron Hands\n|-damage|p2a: Iron Hands|298/373\n|\n|upkeep\n|turn|20\n|\n|t:|1771141986\n|switch|p1a: Garchomp|Garchomp, L74, F|282/282\n|-damage|p1a: Garchomp|247/282|[from] Spikes\n|move|p2a: Iron Hands|Heavy Slam|p1a: Garchomp\n|-damage|p1a: Garchomp|165/282\n|-damage|p2a: Iron Hands|252/373|[from] ability: Rough Skin|[of] p1a: Garchomp\n|-damage|p2a: Iron Hands|190/373|[from] item: Rocky Helmet|[of] p1a: Garchomp\n|\n|upkeep\n|turn|21\n|\n|t:|1771141996\n|move|p1a: Garchomp|Earthquake|p2a: Iron Hands\n|-supereffective|p2a: Iron Hands\n|-damage|p2a: Iron Hands|10/373\n|move|p2a: Iron Hands|Close Combat|p1a: Garchomp\n|-damage|p1a: Garchomp|8/282\n|-unboost|p2a: Iron Hands|def|1\n|-unboost|p2a: Iron Hands|spd|1\n|-damage|p2a: Iron Hands|0 fnt|[from] ability: Rough Skin|[of] p1a: Garchomp\n|faint|p2a: Iron Hands\n|-end|p2a: Iron Hands|Quark Drive|[silent]\n|\n|upkeep\n|\n|t:|1771142006\n|switch|p2a: Leafeon|Leafeon, L88, F|258/258\n|-damage|p2a: Leafeon|226/258|[from] Stealth Rock\n|turn|22\n|\n|t:|1771142011\n|move|p2a: Leafeon|Knock Off|p1a: Garchomp\n|-damage|p1a: Garchomp|0 fnt\n|-damage|p2a: Leafeon|194/258|[from] ability: Rough Skin|[of] p1a: Garchomp\n|-damage|p2a: Leafeon|151/258|[from] item: Rocky Helmet|[of] p1a: Garchomp\n|-enditem|p1a: Garchomp|Rocky Helmet|[from] move: Knock Off|[of] p2a: Leafeon\n|faint|p1a: Garchomp\n|-damage|p2a: Leafeon|126/258|[from] item: Life Orb\n|\n|upkeep\n|\n|t:|1771142022\n|switch|p1a: Porygon-Z|Porygon-Z, L83|277/277\n|-damage|p1a: Porygon-Z|243/277|[from] Spikes\n|turn|23\n|\n|t:|1771142028\n|move|p1a: Porygon-Z|Tri Attack|p2a: Leafeon\n|-damage|p2a: Leafeon|0 fnt\n|faint|p2a: Leafeon\n|\n|upkeep\n|\n|t:|1771142032\n|switch|p2a: Forretress|Forretress, L84, F|147/263\n|-damage|p2a: Forretress|115/263|[from] Stealth Rock\n|turn|24\n|\n|t:|1771142039\n|move|p1a: Porygon-Z|Tri Attack|p2a: Forretress\n|-resisted|p2a: Forretress\n|-damage|p2a: Forretress|25/263\n|move|p2a: Forretress|Thunder Wave|p1a: Porygon-Z\n|-status|p1a: Porygon-Z|par\n|\n|-heal|p2a: Forretress|41/263|[from] item: Leftovers\n|upkeep\n|turn|25\n|-message|jdoobzzz forfeited.\n|\n|win|Dr Gaster PHD\n|raw|jdoobzzz's rating: 1786 &rarr; <strong>1769</strong><br />(-17 for losing)\n|raw|Dr Gaster PHD's rating: 1841 &rarr; <strong>1858</strong><br />(+17 for winning)\n|l|☆jdoobzzz\n|player|p1|\n", "inputlog": ">version 686819e5e19f8a7fd2345cfc5a08a5085efa2cc3\n>start {\"formatid\":\"gen9randombattle\",\"seed\":\"sodium,9febd8a141d4f58def287c75e09b5607\",\"rated\":\"Rated battle\"}\n>player p1 {\"name\":\"jdoobzzz\",\"avatar\":\"102\",\"rating\":1786,\"seed\":\"sodium,5bcd63c3228a8f441f423be3c08be0f7\"}\n>player p2 {\"name\":\"Dr Gaster PHD\",\"avatar\":\"ghetsis\",\"rating\":1841,\"seed\":\"sodium,ebe2b8ade45ceaecbe83e7c331b6f8b2\"}\n>p1 switch 4\n>p2 move thunderwave\n>p1 move scald\n>p2 move spikes\n>p1 move scald\n>p2 move spikes\n>p1 move scald\n>p2 move spikes\n>p1 move scald\n>p2 switch 2\n>p1 move flipturn\n>p2 move toxic\n>p1 move flipturn\n>p2 move sludgewave\n>p1 switch 6\n>p1 move icebeam\n>p2 move toxic\n>p1 move rapidspin\n>p2 move focusblast\n>p1 move icebeam\n>p2 move dracometeor\n>p2 switch 2\n>p1 switch 3\n>p2 move spikes\n>p1 move cosmicpower\n>p2 move thunderwave\n>p1 move cosmicpower\n>p2 switch 6\n>p1 move dazzlinggleam\n>p2 move knockoff\n>p1 move dazzlinggleam\n>p2 switch 6\n>p1 move recover\n>p2 move ironhead\n>p1 move recover\n>p2 move ironhead\n>p1 switch 4\n>p1 move stoneaxe\n>p2 move thunderwave\n>p1 move stoneaxe\n>p2 switch 3\n>p1 switch 2\n>p2 move heavyslam\n>p1 move earthquake\n>p2 move closecombat\n>p2 switch 4\n>p1 move spikes\n>p2 move knockoff\n>p1 switch 5\n>p1 move triattack\n>p2 move knockoff\n>p2 switch 3\n>p1 move triattack\n>p2 move thunderwave\n>forcelose p1", "uploadtime": 1771142050, "views": 16, "formatid": "gen9randombattle", "rating": 1769, "private": 0, "password": null}