{"id": "gen9randombattle-2540475228", "format": "[Gen 9] Random Battle", "players": ["RushedRedemption", "Xerneas2"], "log": "|j|☆RushedRedemption\n|j|☆Xerneas2\n|t:|1771206652\n|gametype|singles\n|player|p1|RushedRedemption|nemona-v|2232\n|player|p2|Xerneas2|lyra|2242\n|gen|9\n|tier|[Gen 9] Random Battle\n|rated|\n|rule|Species Clause: Limit one of each Pokémon\n|rule|HP Percentage Mod: HP is shown in percentages\n|rule|Sleep Clause Mod: Limit one foe put to sleep\n|rule|Illusion Level Mod: Illusion disguises the Pokémon's true level\n|\n|t:|1771206652\n|teamsize|p1|6\n|teamsize|p2|6\n|start\n|switch|p1a: Komala|Komala, L89, M|260/260\n|switch|p2a: Iron Jugulis|Iron Jugulis, L77|271/271\n|-ability|p1a: Komala|Comatose\n|turn|1\n|\n|t:|1771206682\n|-end|p2a: Iron Jugulis|Quark Drive|[silent]\n|switch|p2a: Venusaur|Venusaur, L84, F|272/272\n|move|p1a: Komala|Rapid Spin|p2a: Venusaur\n|-damage|p2a: Venusaur|206/272\n|-boost|p1a: Komala|spe|1\n|\n|-heal|p2a: Venusaur|223/272|[from] item: Leftovers\n|upkeep\n|turn|2\n|\n|t:|1771206716\n|move|p1a: Komala|Knock Off|p2a: Venusaur\n|-damage|p2a: Venusaur|127/272\n|-enditem|p2a: Venusaur|Leftovers|[from] move: Knock Off|[of] p1a: Komala\n|move|p2a: Venusaur|Leech Seed|p1a: Komala\n|-start|p1a: Komala|move: Leech Seed\n|\n|-damage|p1a: Komala|228/260|[from] Leech Seed|[of] p2a: Venusaur\n|-heal|p2a: Venusaur|159/272|[silent]\n|upkeep\n|turn|3\n|\n|t:|1771206728\n|switch|p2a: Brambleghast|Brambleghast, L88, F|240/240\n|move|p1a: Komala|Rapid Spin|p2a: Brambleghast\n|-immune|p2a: Brambleghast\n|\n|-damage|p1a: Komala|196/260|[from] Leech Seed|[of] p2a: Brambleghast\n|upkeep\n|turn|4\n|\n|t:|1771206734\n|switch|p2a: Venusaur|Venusaur, L84, F|159/272\n|move|p1a: Komala|U-turn|p2a: Venusaur\n|-damage|p2a: Venusaur|98/272\n|\n|t:|1771206741\n|switch|p1a: Lokix|Lokix, L82, M|251/251|[from] U-turn\n|\n|upkeep\n|turn|5\n|\n|t:|1771206752\n|switch|p2a: Comfey|Comfey, L85, M|225/225\n|move|p1a: Lokix|First Impression|p2a: Comfey\n|-resisted|p2a: Comfey\n|-damage|p2a: Comfey|117/225\n|\n|-heal|p2a: Comfey|131/225|[from] item: Leftovers\n|upkeep\n|turn|6\n|\n|t:|1771206761\n|switch|p1a: Komala|Komala, L89, M|196/260\n|-ability|p1a: Komala|Comatose\n|move|p2a: Comfey|Draining Kiss|p1a: Komala\n|-damage|p1a: Komala|166/260\n|-heal|p2a: Comfey|154/225|[from] drain|[of] p1a: Komala\n|\n|-heal|p2a: Comfey|168/225|[from] item: Leftovers\n|upkeep\n|turn|7\n|\n|t:|1771206789\n|switch|p2a: Brambleghast|Brambleghast, L88, F|240/240\n|move|p1a: Komala|Knock Off|p2a: Brambleghast\n|-supereffective|p2a: Brambleghast\n|-damage|p2a: Brambleghast|56/240\n|-enditem|p2a: Brambleghast|Heavy-Duty Boots|[from] move: Knock Off|[of] p1a: Komala\n|\n|upkeep\n|turn|8\n|\n|t:|1771206802\n|switch|p1a: Lokix|Lokix, L82, M|251/251\n|move|p2a: Brambleghast|Power Whip|p1a: Lokix\n|-resisted|p1a: Lokix\n|-damage|p1a: Lokix|157/251\n|\n|upkeep\n|turn|9\n|\n|t:|1771206814\n|switch|p2a: Comfey|Comfey, L85, M|168/225\n|move|p1a: Lokix|U-turn|p2a: Comfey\n|-resisted|p2a: Comfey\n|-damage|p2a: Comfey|78/225\n|\n|t:|1771206816\n|switch|p1a: Komala|Komala, L89, M|166/260|[from] U-turn\n|-ability|p1a: Komala|Comatose\n|\n|-heal|p2a: Comfey|92/225|[from] item: Leftovers\n|upkeep\n|turn|10\n|\n|t:|1771206827\n|switch|p2a: Brambleghast|Brambleghast, L88, F|56/240\n|move|p1a: Komala|Body Slam|p2a: Brambleghast\n|-immune|p2a: Brambleghast\n|\n|upkeep\n|turn|11\n|\n|t:|1771206846\n|move|p2a: Brambleghast|Power Whip|p1a: Komala\n|-damage|p1a: Komala|0 fnt\n|faint|p1a: Komala\n|\n|upkeep\n|\n|t:|1771206851\n|switch|p1a: Lokix|Lokix, L82, M|157/251\n|turn|12\n|\n|t:|1771206857\n|move|p1a: Lokix|First Impression|p2a: Brambleghast\n|-damage|p2a: Brambleghast|0 fnt\n|faint|p2a: Brambleghast\n|\n|upkeep\n|\n|t:|1771206859\n|switch|p2a: Comfey|Comfey, L85, M|92/225\n|turn|13\n|\n|t:|1771206865\n|switch|p1a: Tyranitar|Tyranitar, L78, F|284/284\n|-weather|Sandstorm|[from] ability: Sand Stream|[of] p1a: Tyranitar\n|move|p2a: Comfey|Draining Kiss|p1a: Tyranitar\n|-supereffective|p1a: Tyranitar\n|-damage|p1a: Tyranitar|218/284\n|-heal|p2a: Comfey|142/225|[from] drain|[of] p1a: Tyranitar\n|-enditem|p1a: Tyranitar|Weakness Policy\n|-boost|p1a: Tyranitar|atk|2|[from] item: Weakness Policy\n|-boost|p1a: Tyranitar|spa|2|[from] item: Weakness Policy\n|\n|-weather|Sandstorm|[upkeep]\n|-damage|p2a: Comfey|128/225|[from] Sandstorm\n|-heal|p2a: Comfey|142/225|[from] item: Leftovers\n|upkeep\n|turn|14\n|\n|t:|1771206891\n|move|p2a: Comfey|Draining Kiss|p1a: Tyranitar\n|-supereffective|p1a: Tyranitar\n|-crit|p1a: Tyranitar\n|-damage|p1a: Tyranitar|116/284\n|-heal|p2a: Comfey|219/225|[from] drain|[of] p1a: Tyranitar\n|move|p1a: Tyranitar|Earthquake|p2a: Comfey\n|-damage|p2a: Comfey|78/225\n|\n|-weather|Sandstorm|[upkeep]\n|-damage|p2a: Comfey|64/225|[from] Sandstorm\n|-heal|p2a: Comfey|78/225|[from] item: Leftovers\n|upkeep\n|turn|15\n|\n|t:|1771206919\n|switch|p2a: Venusaur|Venusaur, L84, F|98/272\n|move|p1a: Tyranitar|Earthquake|p2a: Venusaur\n|-damage|p2a: Venusaur|0 fnt\n|faint|p2a: Venusaur\n|\n|-weather|Sandstorm|[upkeep]\n|upkeep\n|\n|t:|1771206924\n|switch|p2a: Zacian|Zacian, L69|241/241\n|-ability|p2a: Zacian|Intrepid Sword|boost\n|-boost|p2a: Zacian|atk|1\n|turn|16\n|\n|t:|1771206957\n|move|p2a: Zacian|Play Rough|p1a: Tyranitar\n|-supereffective|p1a: Tyranitar\n|-damage|p1a: Tyranitar|0 fnt\n|faint|p1a: Tyranitar\n|-damage|p2a: Zacian|217/241|[from] item: Life Orb\n|\n|-weather|Sandstorm|[upkeep]\n|-damage|p2a: Zacian|202/241|[from] Sandstorm\n|upkeep\n|\n|t:|1771206966\n|switch|p1a: Minior|Minior-Orange, L79|224/224\n|-formechange|p1a: Minior|Minior-Meteor||[from] ability: Shields Down\n|turn|17\n|\n|t:|1771207005\n|move|p2a: Zacian|Play Rough|p1a: Minior\n|-damage|p1a: Minior|67/224\n|-damage|p2a: Zacian|178/241|[from] item: Life Orb\n|move|p1a: Minior|Shell Smash|p1a: Minior\n|-unboost|p1a: Minior|def|1\n|-unboost|p1a: Minior|spd|1\n|-boost|p1a: Minior|atk|2\n|-boost|p1a: Minior|spa|2\n|-boost|p1a: Minior|spe|2\n|-enditem|p1a: Minior|White Herb\n|-clearnegativeboost|p1a: Minior|[silent]\n|\n|-weather|none\n|-formechange|p1a: Minior|Minior-Orange||[from] ability: Shields Down\n|upkeep\n|turn|18\n|\n|t:|1771207028\n|move|p1a: Minior|Acrobatics|p2a: Zacian\n|-damage|p2a: Zacian|0 fnt\n|faint|p2a: Zacian\n|\n|upkeep\n|\n|t:|1771207044\n|switch|p2a: Comfey|Comfey, L85, M|78/225\n|turn|19\n|\n|t:|1771207051\n|move|p2a: Comfey|Draining Kiss|p1a: Minior\n|-damage|p1a: Minior|0 fnt\n|-heal|p2a: Comfey|128/225|[from] drain|[of] p1a: Minior\n|faint|p1a: Minior\n|\n|-heal|p2a: Comfey|142/225|[from] item: Leftovers\n|upkeep\n|\n|t:|1771207058\n|switch|p1a: Lokix|Lokix, L82, M|157/251\n|turn|20\n|\n|t:|1771207064\n|-terastallize|p1a: Lokix|Bug\n|move|p2a: Comfey|Draining Kiss|p1a: Lokix\n|-damage|p1a: Lokix|91/251\n|-heal|p2a: Comfey|192/225|[from] drain|[of] p1a: Lokix\n|move|p1a: Lokix|First Impression|p2a: Comfey\n|-resisted|p2a: Comfey\n|-damage|p2a: Comfey|52/225\n|\n|-heal|p2a: Comfey|66/225|[from] item: Leftovers\n|upkeep\n|turn|21\n|\n|t:|1771207078\n|move|p2a: Comfey|Draining Kiss|p1a: Lokix\n|-damage|p1a: Lokix|27/251\n|-heal|p2a: Comfey|114/225|[from] drain|[of] p1a: Lokix\n|move|p1a: Lokix|U-turn|p2a: Comfey\n|-resisted|p2a: Comfey\n|-damage|p2a: Comfey|0 fnt\n|faint|p2a: Comfey\n|\n|t:|1771207081\n|switch|p1a: Latios|Latios, L78, M|253/253|[from] U-turn\n|\n|upkeep\n|\n|t:|1771207105\n|switch|p2a: Iron Jugulis|Iron Jugulis, L77|271/271\n|turn|22\n|\n|t:|1771207123\n|move|p1a: Latios|Draco Meteor|p2a: Iron Jugulis\n|-damage|p2a: Iron Jugulis|70/271\n|-unboost|p1a: Latios|spa|2\n|move|p2a: Iron Jugulis|Dark Pulse|p1a: Latios\n|-supereffective|p1a: Latios\n|-damage|p1a: Latios|103/253\n|\n|upkeep\n|turn|23\n|\n|t:|1771207128\n|move|p1a: Latios|Draco Meteor|p2a: Iron Jugulis\n|-damage|p2a: Iron Jugulis|0 fnt\n|-unboost|p1a: Latios|spa|2\n|faint|p2a: Iron Jugulis\n|-end|p2a: Iron Jugulis|Quark Drive|[silent]\n|\n|upkeep\n|\n|t:|1771207131\n|switch|p2a: Rabsca|Rabsca, L91, M|284/284\n|turn|24\n|\n|t:|1771207141\n|switch|p1a: Ditto|Ditto, L87|225/225\n|-transform|p1a: Ditto|p2a: Rabsca|[from] ability: Imposter\n|move|p2a: Rabsca|Revival Blessing|p2a: Rabsca\n|\n|t:|1771207160\n|-heal|p2: Comfey|112/225|[from] move: Revival Blessing\n|\n|upkeep\n|turn|25\n|\n|t:|1771207170\n|-terastallize|p2a: Rabsca|Steel\n|move|p1a: Ditto|Revival Blessing|p1a: Ditto\n|\n|t:|1771207179\n|-heal|p1: Komala|130/260|[from] move: Revival Blessing\n|move|p2a: Rabsca|Bug Buzz|p1a: Ditto\n|-supereffective|p1a: Ditto\n|-damage|p1a: Ditto|0 fnt\n|faint|p1a: Ditto\n|\n|upkeep\n|\n|t:|1771207182\n|switch|p1a: Latios|Latios, L78, M|103/253\n|turn|26\n|\n|t:|1771207230\n|switch|p2a: Comfey|Comfey, L85, M|112/225\n|move|p1a: Latios|Aura Sphere|p2a: Comfey\n|-resisted|p2a: Comfey\n|-damage|p2a: Comfey|86/225\n|\n|-heal|p2a: Comfey|100/225|[from] item: Leftovers\n|upkeep\n|turn|27\n|\n|t:|1771207263\n|move|p2a: Comfey|Calm Mind|p2a: Comfey\n|-boost|p2a: Comfey|spa|1\n|-boost|p2a: Comfey|spd|1\n|move|p1a: Latios|Luster Purge|p2a: Comfey\n|-damage|p2a: Comfey|24/225\n|\n|-heal|p2a: Comfey|38/225|[from] item: Leftovers\n|upkeep\n|turn|28\n|\n|t:|1771207271\n|move|p2a: Comfey|Draining Kiss|p1a: Latios\n|-supereffective|p1a: Latios\n|-damage|p1a: Latios|0 fnt\n|-heal|p2a: Comfey|115/225|[from] drain|[of] p1a: Latios\n|faint|p1a: Latios\n|\n|-heal|p2a: Comfey|129/225|[from] item: Leftovers\n|upkeep\n|\n|t:|1771207274\n|switch|p1a: Komala|Komala, L89, M|130/260\n|-ability|p1a: Komala|Comatose\n|turn|29\n|\n|t:|1771207278\n|move|p2a: Comfey|Draining Kiss|p1a: Komala\n|-damage|p1a: Komala|85/260\n|-heal|p2a: Comfey|163/225|[from] drain|[of] p1a: Komala\n|move|p1a: Komala|Body Slam|p2a: Comfey\n|-crit|p2a: Comfey\n|-damage|p2a: Comfey|1/225\n|-status|p2a: Comfey|par\n|\n|-heal|p2a: Comfey|15/225 par|[from] item: Leftovers\n|upkeep\n|turn|30\n|\n|t:|1771207285\n|move|p2a: Comfey|Draining Kiss|p1a: Komala\n|-damage|p1a: Komala|37/260\n|-heal|p2a: Comfey|51/225 par|[from] drain|[of] p1a: Komala\n|move|p1a: Komala|Body Slam|p2a: Comfey\n|-damage|p2a: Comfey|0 fnt\n|faint|p2a: Comfey\n|\n|upkeep\n|\n|t:|1771207289\n|switch|p2a: Rabsca|Rabsca, L91, M, tera:Steel|284/284\n|turn|31\n|\n|t:|1771207297\n|move|p1a: Komala|Knock Off|p2a: Rabsca\n|-damage|p2a: Rabsca|196/284\n|-enditem|p2a: Rabsca|Heavy-Duty Boots|[from] move: Knock Off|[of] p1a: Komala\n|move|p2a: Rabsca|Bug Buzz|p1a: Komala\n|-damage|p1a: Komala|0 fnt\n|faint|p1a: Komala\n|\n|upkeep\n|\n|t:|1771207299\n|switch|p1a: Lokix|Lokix, L82, M, tera:Bug|27/251\n|turn|32\n|\n|t:|1771207304\n|move|p1a: Lokix|First Impression|p2a: Rabsca\n|-resisted|p2a: Rabsca\n|-damage|p2a: Rabsca|56/284\n|move|p2a: Rabsca|Bug Buzz|p1a: Lokix\n|-damage|p1a: Lokix|0 fnt\n|faint|p1a: Lokix\n|\n|win|Xerneas2\n|raw|RushedRedemption's rating: 2232 &rarr; <strong>2213</strong><br />(-19 for losing)\n|raw|Xerneas2's rating: 2242 &rarr; <strong>2261</strong><br />(+19 for winning)\n|c|☆Xerneas2|gg\n|c|☆RushedRedemption|gg\n", "inputlog": ">version 686819e5e19f8a7fd2345cfc5a08a5085efa2cc3\n>start {\"formatid\":\"gen9randombattle\",\"seed\":\"sodium,ebd4dfe1d7b8c1d5e3e2c1baa718eb1e\",\"rated\":\"Rated battle\"}\n>player p1 {\"name\":\"RushedRedemption\",\"avatar\":\"nemona-v\",\"rating\":2232,\"seed\":\"sodium,9d6da5efc5f02a2160d88605676d0c86\"}\n>player p2 {\"name\":\"Xerneas2\",\"avatar\":\"lyra\",\"rating\":2242,\"seed\":\"sodium,c5854d8fbc689e1fece3191527fe4df5\"}\n>p1 move rapidspin\n>p2 switch 2\n>p1 move knockoff\n>p2 move leechseed\n>p1 move rapidspin\n>p2 switch 4\n>p1 move uturn\n>p2 switch 4\n>p1 switch 2\n>p1 move firstimpression\n>p2 switch 6\n>p1 switch 2\n>p2 move drainingkiss\n>p1 move knockoff\n>p2 switch 4\n>p1 switch 2\n>p2 move powerwhip\n>p1 move uturn\n>p2 switch 4\n>p1 switch 2\n>p1 move bodyslam\n>p2 switch 4\n>p1 move uturn\n>p2 move powerwhip\n>p1 switch 2\n>p1 move firstimpression\n>p2 move spikes\n>p2 switch 4\n>p1 switch 3\n>p2 move drainingkiss\n>p1 move earthquake\n>p2 move drainingkiss\n>p1 move earthquake\n>p2 switch 6\n>p2 switch 5\n>p1 move earthquake\n>p2 move playrough\n>p1 switch 4\n>p1 move shellsmash\n>p2 move playrough\n>p1 move acrobatics\n>p2 move closecombat\n>p2 switch 6\n>p1 move acrobatics\n>p2 move drainingkiss\n>p1 switch 3\n>p1 move firstimpression terastallize\n>p2 move drainingkiss\n>p1 move uturn\n>p2 move drainingkiss\n>p1 switch 5\n>p2 switch 2\n>p1 move dracometeor\n>p2 move darkpulse\n>p1 move dracometeor\n>p2 move darkpulse\n>p2 switch 3\n>p1 switch 6\n>p2 move revivalblessing\n>p2 switch 2\n>p1 move revivalblessing\n>p2 move bugbuzz terastallize\n>p1 switch 2\n>p1 switch 6\n>p1 move aurasphere\n>p2 switch 2\n>p1 move lusterpurge\n>p2 move calmmind\n>p1 move lusterpurge\n>p2 move drainingkiss\n>p1 switch 2\n>p1 move bodyslam\n>p2 move drainingkiss\n>p1 move bodyslam\n>p2 move drainingkiss\n>p2 switch 2\n>p1 move knockoff\n>p2 move bugbuzz\n>p1 switch 5\n>p1 move firstimpression\n>p2 move bugbuzz", "uploadtime": 1771207313, "views": 11, "formatid": "gen9randombattle", "rating": 2213, "private": 0, "password": null}