{"id": "gen9randombattle-2540201067", "format": "[Gen 9] Random Battle", "players": ["UniFluxe", "maitreyathe"], "log": "|j|☆UniFluxe\n|j|☆maitreyathe\n|t:|1771175091\n|gametype|singles\n|player|p1|UniFluxe|1|1548\n|player|p2|maitreyathe|skyla-masters2|1502\n|gen|9\n|tier|[Gen 9] Random Battle\n|rated|\n|rule|Species Clause: Limit one of each Pokémon\n|rule|HP Percentage Mod: HP is shown in percentages\n|rule|Sleep Clause Mod: Limit one foe put to sleep\n|rule|Illusion Level Mod: Illusion disguises the Pokémon's true level\n|\n|t:|1771175091\n|teamsize|p1|6\n|teamsize|p2|6\n|start\n|switch|p1a: Zekrom|Zekrom, L71|259/259\n|switch|p2a: Copperajah|Copperajah, L86, F|349/349\n|-ability|p1a: Zekrom|Teravolt\n|turn|1\n|inactive|Battle timer is ON: inactive players will automatically lose when time's up. (requested by maitreyathe)\n|\n|t:|1771175106\n|switch|p2a: Clodsire|Clodsire, L81, F|343/343\n|move|p1a: Zekrom|Substitute|p1a: Zekrom\n|-start|p1a: Zekrom|Substitute\n|-damage|p1a: Zekrom|195/259\n|\n|-heal|p1a: Zekrom|211/259|[from] item: Leftovers\n|upkeep\n|turn|2\n|\n|t:|1771175113\n|move|p1a: Zekrom|Outrage|p2a: Clodsire\n|-damage|p2a: Clodsire|175/343\n|move|p2a: Clodsire|Stealth Rock|p1a: Zekrom\n|-sidestart|p1: UniFluxe|move: Stealth Rock\n|\n|-heal|p1a: Zekrom|227/259|[from] item: Leftovers\n|-heal|p2a: Clodsire|196/343|[from] item: Leftovers\n|upkeep\n|turn|3\n|\n|t:|1771175117\n|move|p1a: Zekrom|Outrage|p2a: Clodsire|[from] lockedmove\n|-damage|p2a: Clodsire|18/343\n|move|p2a: Clodsire|Recover|p2a: Clodsire\n|-heal|p2a: Clodsire|190/343\n|\n|-heal|p1a: Zekrom|243/259|[from] item: Leftovers\n|-heal|p2a: Clodsire|211/343|[from] item: Leftovers\n|upkeep\n|turn|4\n|\n|t:|1771175122\n|move|p1a: Zekrom|Outrage|p2a: Clodsire|[from] lockedmove\n|-damage|p2a: Clodsire|48/343\n|-start|p1a: Zekrom|confusion|[fatigue]\n|move|p2a: Clodsire|Recover|p2a: Clodsire\n|-heal|p2a: Clodsire|220/343\n|\n|-heal|p1a: Zekrom|259/259|[from] item: Leftovers\n|-heal|p2a: Clodsire|241/343|[from] item: Leftovers\n|upkeep\n|turn|5\n|\n|t:|1771175131\n|-activate|p1a: Zekrom|confusion\n|move|p1a: Zekrom|Dragon Dance|p1a: Zekrom\n|-boost|p1a: Zekrom|atk|1\n|-boost|p1a: Zekrom|spe|1\n|move|p2a: Clodsire|Earthquake|p1a: Zekrom\n|-supereffective|p1a: Zekrom\n|-end|p1a: Zekrom|Substitute\n|\n|-heal|p2a: Clodsire|262/343|[from] item: Leftovers\n|upkeep\n|turn|6\n|\n|t:|1771175154\n|switch|p1a: Masquerain|Masquerain, L87, F|264/264\n|-ability|p1a: Masquerain|Intimidate|boost\n|-unboost|p2a: Clodsire|atk|1\n|move|p2a: Clodsire|Earthquake|p1a: Masquerain\n|-immune|p1a: Masquerain\n|\n|-heal|p2a: Clodsire|283/343|[from] item: Leftovers\n|upkeep\n|turn|7\n|\n|t:|1771175159\n|move|p1a: Masquerain|Quiver Dance|p1a: Masquerain\n|-boost|p1a: Masquerain|spa|1\n|-boost|p1a: Masquerain|spd|1\n|-boost|p1a: Masquerain|spe|1\n|move|p2a: Clodsire|Stealth Rock||[still]\n|-fail|p2a: Clodsire\n|\n|-heal|p2a: Clodsire|304/343|[from] item: Leftovers\n|upkeep\n|turn|8\n|\n|t:|1771175177\n|switch|p2a: Copperajah|Copperajah, L86, F|349/349\n|move|p1a: Masquerain|Quiver Dance|p1a: Masquerain\n|-boost|p1a: Masquerain|spa|1\n|-boost|p1a: Masquerain|spd|1\n|-boost|p1a: Masquerain|spe|1\n|\n|upkeep\n|turn|9\n|\n|t:|1771175196\n|-terastallize|p1a: Masquerain|Water\n|move|p1a: Masquerain|Quiver Dance|p1a: Masquerain\n|-boost|p1a: Masquerain|spa|1\n|-boost|p1a: Masquerain|spd|1\n|-boost|p1a: Masquerain|spe|1\n|move|p2a: Copperajah|Heat Crash|p1a: Masquerain\n|-resisted|p1a: Masquerain\n|-damage|p1a: Masquerain|165/264\n|\n|upkeep\n|turn|10\n|\n|t:|1771175210\n|move|p1a: Masquerain|Bug Buzz|p2a: Copperajah\n|-resisted|p2a: Copperajah\n|-damage|p2a: Copperajah|191/349\n|move|p2a: Copperajah|Heat Crash|p1a: Masquerain\n|-resisted|p1a: Masquerain\n|-damage|p1a: Masquerain|68/264\n|\n|upkeep\n|turn|11\n|\n|t:|1771175216\n|move|p1a: Masquerain|Hydro Pump|p2a: Copperajah\n|-damage|p2a: Copperajah|0 fnt\n|faint|p2a: Copperajah\n|\n|upkeep\n|\n|t:|1771175228\n|switch|p2a: Clodsire|Clodsire, L81, F|304/343\n|turn|12\n|\n|t:|1771175234\n|-terastallize|p2a: Clodsire|Steel\n|move|p1a: Masquerain|Hydro Pump|p2a: Clodsire\n|-damage|p2a: Clodsire|183/343\n|move|p2a: Clodsire|Gunk Shot|p1a: Masquerain|[miss]\n|-miss|p2a: Clodsire|p1a: Masquerain\n|\n|-heal|p2a: Clodsire|204/343|[from] item: Leftovers\n|upkeep\n|turn|13\n|\n|t:|1771175258\n|switch|p1a: Duraludon|Duraludon, L82, M|249/249\n|-damage|p1a: Duraludon|234/249|[from] Stealth Rock\n|move|p2a: Clodsire|Recover|p2a: Clodsire\n|-heal|p2a: Clodsire|343/343\n|\n|upkeep\n|turn|14\n|\n|t:|1771175270\n|switch|p2a: Sneasler|Sneasler, L74, M|240/240\n|move|p1a: Duraludon|Body Press|p2a: Sneasler\n|-resisted|p2a: Sneasler\n|-damage|p2a: Sneasler|191/240\n|\n|upkeep\n|turn|15\n|\n|t:|1771175279\n|switch|p1a: Masquerain|Masquerain, L87, F, tera:Water|68/264\n|-ability|p1a: Masquerain|Intimidate|boost\n|-unboost|p2a: Sneasler|atk|1\n|move|p2a: Sneasler|Close Combat|p1a: Masquerain\n|-damage|p1a: Masquerain|0 fnt\n|-unboost|p2a: Sneasler|def|1\n|-unboost|p2a: Sneasler|spd|1\n|faint|p1a: Masquerain\n|\n|upkeep\n|inactive|UniFluxe has 120 seconds left.\n|\n|t:|1771175318\n|switch|p1a: Raichu|Raichu-Alola, L87, M|246/246\n|-damage|p1a: Raichu|216/246|[from] Stealth Rock\n|turn|16\n|\n|t:|1771175331\n|switch|p2a: Alcremie|Alcremie-Mint-Cream, L90, F|263/263\n|move|p1a: Raichu|Thunderbolt|p2a: Alcremie\n|-damage|p2a: Alcremie|166/263\n|-damage|p1a: Raichu|192/246|[from] item: Life Orb\n|\n|-heal|p2a: Alcremie|182/263|[from] item: Leftovers\n|upkeep\n|turn|17\n|inactive|UniFluxe has 120 seconds left.\n|\n|t:|1771175338\n|move|p1a: Raichu|Nasty Plot|p1a: Raichu\n|-boost|p1a: Raichu|spa|2\n|move|p2a: Alcremie|Calm Mind|p2a: Alcremie\n|-boost|p2a: Alcremie|spa|1\n|-boost|p2a: Alcremie|spd|1\n|\n|-heal|p2a: Alcremie|198/263|[from] item: Leftovers\n|upkeep\n|turn|18\n|\n|t:|1771175343\n|move|p1a: Raichu|Psyshock|p2a: Alcremie\n|-damage|p2a: Alcremie|0 fnt\n|faint|p2a: Alcremie\n|-damage|p1a: Raichu|168/246|[from] item: Life Orb\n|\n|upkeep\n|\n|t:|1771175361\n|switch|p2a: Clodsire|Clodsire, L81, F, tera:Steel|343/343\n|turn|19\n|inactive|UniFluxe has 120 seconds left.\n|\n|t:|1771175389\n|switch|p1a: Umbreon|Umbreon, L84, F|297/297\n|-damage|p1a: Umbreon|260/297|[from] Stealth Rock\n|move|p2a: Clodsire|Earthquake|p1a: Umbreon\n|-damage|p1a: Umbreon|190/297\n|\n|-heal|p1a: Umbreon|208/297|[from] item: Leftovers\n|upkeep\n|turn|20\n|\n|t:|1771175394\n|switch|p2a: Sneasler|Sneasler, L74, M|191/240\n|move|p1a: Umbreon|Wish|p1a: Umbreon\n|\n|-heal|p1a: Umbreon|226/297|[from] item: Leftovers\n|upkeep\n|turn|21\n|\n|t:|1771175402\n|switch|p1a: Zekrom|Zekrom, L71|259/259\n|-damage|p1a: Zekrom|227/259|[from] Stealth Rock\n|-ability|p1a: Zekrom|Teravolt\n|move|p2a: Sneasler|Dire Claw|p1a: Zekrom\n|-damage|p1a: Zekrom|121/259\n|\n|-heal|p1a: Zekrom|259/259|[from] move: Wish|[wisher] Umbreon\n|upkeep\n|turn|22\n|\n|t:|1771175411\n|move|p2a: Sneasler|Dire Claw|p1a: Zekrom\n|-damage|p1a: Zekrom|150/259\n|-status|p1a: Zekrom|psn|[from] ability: Poison Touch|[of] p2a: Sneasler\n|move|p1a: Zekrom|Dragon Dance|p1a: Zekrom\n|-boost|p1a: Zekrom|atk|1\n|-boost|p1a: Zekrom|spe|1\n|\n|-heal|p1a: Zekrom|166/259 psn|[from] item: Leftovers\n|-damage|p1a: Zekrom|134/259 psn|[from] psn\n|upkeep\n|turn|23\n|\n|t:|1771175416\n|move|p1a: Zekrom|Bolt Strike|p2a: Sneasler\n|-damage|p2a: Sneasler|0 fnt\n|faint|p2a: Sneasler\n|\n|-heal|p1a: Zekrom|150/259 psn|[from] item: Leftovers\n|-damage|p1a: Zekrom|118/259 psn|[from] psn\n|upkeep\n|\n|t:|1771175418\n|switch|p2a: Chien-Pao|Chien-Pao, L72|234/234\n|-ability|p2a: Chien-Pao|Sword of Ruin\n|turn|24\n|\n|t:|1771175422\n|move|p2a: Chien-Pao|Ice Shard|p1a: Zekrom\n|-supereffective|p1a: Zekrom\n|-damage|p1a: Zekrom|0 fnt\n|faint|p1a: Zekrom\n|\n|upkeep\n|\n|t:|1771175444\n|switch|p1a: Raichu|Raichu-Alola, L87, M|168/246\n|-damage|p1a: Raichu|138/246|[from] Stealth Rock\n|turn|25\n|\n|t:|1771175450\n|switch|p2a: Clodsire|Clodsire, L81, F, tera:Steel|343/343\n|move|p1a: Raichu|Thunderbolt|p2a: Clodsire\n|-damage|p2a: Clodsire|225/343\n|-damage|p1a: Raichu|114/246|[from] item: Life Orb\n|\n|-heal|p2a: Clodsire|246/343|[from] item: Leftovers\n|upkeep\n|turn|26\n|\n|t:|1771175457\n|move|p1a: Raichu|Thunderbolt|p2a: Clodsire\n|-damage|p2a: Clodsire|120/343\n|-damage|p1a: Raichu|90/246|[from] item: Life Orb\n|move|p2a: Clodsire|Earthquake|p1a: Raichu\n|-supereffective|p1a: Raichu\n|-damage|p1a: Raichu|0 fnt\n|faint|p1a: Raichu\n|\n|-heal|p2a: Clodsire|141/343|[from] item: Leftovers\n|upkeep\n|\n|t:|1771175460\n|switch|p1a: Duraludon|Duraludon, L82, M|234/249\n|-damage|p1a: Duraludon|219/249|[from] Stealth Rock\n|turn|27\n|\n|t:|1771175462\n|move|p1a: Duraludon|Body Press|p2a: Clodsire\n|-supereffective|p2a: Clodsire\n|-damage|p2a: Clodsire|0 fnt\n|faint|p2a: Clodsire\n|\n|upkeep\n|\n|t:|1771175468\n|switch|p2a: Chien-Pao|Chien-Pao, L72|234/234\n|-ability|p2a: Chien-Pao|Sword of Ruin\n|turn|28\n|\n|t:|1771175470\n|move|p2a: Chien-Pao|Sacred Sword|p1a: Duraludon\n|-supereffective|p1a: Duraludon\n|-damage|p1a: Duraludon|91/249\n|move|p1a: Duraludon|Body Press|p2a: Chien-Pao\n|-supereffective|p2a: Chien-Pao\n|-damage|p2a: Chien-Pao|0 fnt\n|faint|p2a: Chien-Pao\n|\n|upkeep\n|\n|t:|1771175472\n|switch|p2a: Maushold|Maushold, L76|238/238\n|turn|29\n|\n|t:|1771175478\n|move|p2a: Maushold|Tidy Up|p2a: Maushold\n|-sideend|p1: UniFluxe|Stealth Rock\n|-activate|p2a: Maushold|move: Tidy Up\n|-boost|p2a: Maushold|atk|1\n|-boost|p2a: Maushold|spe|1\n|move|p1a: Duraludon|Body Press|p2a: Maushold\n|-supereffective|p2a: Maushold\n|-damage|p2a: Maushold|86/238\n|\n|upkeep\n|turn|30\n|\n|t:|1771175484\n|move|p2a: Maushold|Population Bomb|p1a: Duraludon\n|-resisted|p1a: Duraludon\n|-damage|p1a: Duraludon|83/249\n|-resisted|p1a: Duraludon\n|-damage|p1a: Duraludon|74/249\n|-resisted|p1a: Duraludon\n|-damage|p1a: Duraludon|65/249\n|-resisted|p1a: Duraludon\n|-damage|p1a: Duraludon|56/249\n|-resisted|p1a: Duraludon\n|-damage|p1a: Duraludon|46/249\n|-resisted|p1a: Duraludon\n|-damage|p1a: Duraludon|36/249\n|-resisted|p1a: Duraludon\n|-damage|p1a: Duraludon|27/249\n|-resisted|p1a: Duraludon\n|-damage|p1a: Duraludon|18/249\n|-resisted|p1a: Duraludon\n|-damage|p1a: Duraludon|9/249\n|-resisted|p1a: Duraludon\n|-damage|p1a: Duraludon|0 fnt\n|faint|p1a: Duraludon\n|-hitcount|p1: Duraludon|10\n|\n|upkeep\n|\n|t:|1771175500\n|switch|p1a: Umbreon|Umbreon, L84, F|226/297\n|turn|31\n|\n|t:|1771175504\n|move|p2a: Maushold|Population Bomb|p1a: Umbreon\n|-damage|p1a: Umbreon|199/297\n|-damage|p1a: Umbreon|172/297\n|-damage|p1a: Umbreon|144/297\n|-damage|p1a: Umbreon|114/297\n|-damage|p1a: Umbreon|86/297\n|-damage|p1a: Umbreon|56/297\n|-damage|p1a: Umbreon|31/297\n|-damage|p1a: Umbreon|3/297\n|-damage|p1a: Umbreon|0 fnt\n|faint|p1a: Umbreon\n|-hitcount|p1: Umbreon|9\n|\n|upkeep\n|\n|t:|1771175517\n|switch|p1a: Shiftry|Shiftry, L89, M|305/305\n|turn|32\n|\n|t:|1771175521\n|move|p2a: Maushold|Population Bomb|p1a: Shiftry\n|-damage|p1a: Shiftry|262/305\n|-damage|p1a: Shiftry|219/305\n|-damage|p1a: Shiftry|177/305\n|-damage|p1a: Shiftry|140/305\n|-damage|p1a: Shiftry|100/305\n|-damage|p1a: Shiftry|61/305\n|-damage|p1a: Shiftry|24/305\n|-damage|p1a: Shiftry|0 fnt\n|faint|p1a: Shiftry\n|-hitcount|p1: Shiftry|8\n|\n|win|maitreyathe\n|raw|UniFluxe's rating: 1548 &rarr; <strong>1525</strong><br />(-23 for losing)\n|raw|maitreyathe's rating: 1502 &rarr; <strong>1525</strong><br />(+23 for winning)\n", "inputlog": ">version 686819e5e19f8a7fd2345cfc5a08a5085efa2cc3\n>start {\"formatid\":\"gen9randombattle\",\"seed\":\"sodium,56a58c6a76895f47cdec6ed1275bbf53\",\"rated\":\"Rated battle\"}\n>player p1 {\"name\":\"UniFluxe\",\"avatar\":\"1\",\"rating\":1548,\"seed\":\"sodium,9b14f5b3e395af8d15e71ca74740c5ac\"}\n>player p2 {\"name\":\"maitreyathe\",\"avatar\":\"skyla-masters2\",\"rating\":1502,\"seed\":\"sodium,d394027227fa03f64716acf04b79ac36\"}\n>p1 move substitute\n>p2 switch 5\n>p1 move outrage\n>p2 move stealthrock\n>p1 move outrage\n>p2 move recover\n>p1 move outrage\n>p2 move recover\n>p1 move dragondance\n>p2 move earthquake\n>p1 switch 3\n>p2 move earthquake\n>p1 move quiverdance\n>p2 move stealthrock\n>p1 move quiverdance\n>p2 switch 5\n>p1 move quiverdance terastallize\n>p2 move heatcrash\n>p1 move bugbuzz\n>p2 move heatcrash\n>p1 move hydropump\n>p2 move heatcrash\n>p2 switch 5\n>p1 move hydropump\n>p2 move gunkshot terastallize\n>p1 switch 6\n>p2 move recover\n>p1 move bodypress\n>p2 switch 3\n>p1 switch 6\n>p2 move closecombat\n>p1 switch 5\n>p1 move thunderbolt\n>p2 switch 2\n>p1 move nastyplot\n>p2 move calmmind\n>p1 move psyshock\n>p2 move alluringvoice\n>p2 switch 3\n>p1 switch 4\n>p2 move earthquake\n>p1 move wish\n>p2 switch 2\n>p1 switch 3\n>p2 move direclaw\n>p1 move dragondance\n>p2 move direclaw\n>p1 move boltstrike\n>p2 move direclaw\n>p2 switch 4\n>p1 move outrage\n>p2 move iceshard\n>p1 switch 4\n>p1 move thunderbolt\n>p2 switch 2\n>p1 move thunderbolt\n>p2 move earthquake\n>p1 switch 6\n>p1 move bodypress\n>p2 move recover\n>p2 switch 2\n>p1 move bodypress\n>p2 move sacredsword\n>p2 switch 6\n>p1 move bodypress\n>p2 move tidyup\n>p1 move bodypress\n>p2 move populationbomb\n>p1 switch 3\n>p1 move foulplay\n>p2 move populationbomb\n>p1 switch 2\n>p1 move knockoff\n>p2 move populationbomb", "uploadtime": 1771175527, "views": 10, "formatid": "gen9randombattle", "rating": 1525, "private": 0, "password": null}