{"id": "gen9randombattle-2540261454", "format": "[Gen 9] Random Battle", "players": ["improvguy", "Blazerlion"], "log": "|j|☆improvguy\n|j|☆Blazerlion\n|t:|1771181986\n|gametype|singles\n|player|p1|improvguy|cameraman|1681\n|player|p2|Blazerlion|266|1675\n|gen|9\n|tier|[Gen 9] Random Battle\n|rated|\n|rule|Species Clause: Limit one of each Pokémon\n|rule|HP Percentage Mod: HP is shown in percentages\n|rule|Sleep Clause Mod: Limit one foe put to sleep\n|rule|Illusion Level Mod: Illusion disguises the Pokémon's true level\n|\n|t:|1771181986\n|teamsize|p1|6\n|teamsize|p2|6\n|start\n|switch|p1a: Magearna|Magearna-Original, L77|250/250\n|switch|p2a: Sandy Shocks|Sandy Shocks, L80|267/267\n|turn|1\n|inactive|Battle timer is ON: inactive players will automatically lose when time's up. (requested by Blazerlion)\n|\n|t:|1771182027\n|switch|p1a: Rillaboom|Rillaboom, L79, M|288/288\n|-fieldstart|move: Grassy Terrain|[from] ability: Grassy Surge|[of] p1a: Rillaboom\n|move|p2a: Sandy Shocks|Stealth Rock|p1a: Rillaboom\n|-sidestart|p1: improvguy|move: Stealth Rock\n|\n|upkeep\n|turn|2\n|\n|t:|1771182051\n|-end|p2a: Sandy Shocks|Protosynthesis|[silent]\n|switch|p2a: Dragalge|Dragalge, L88, M|258/258\n|move|p1a: Rillaboom|Swords Dance|p1a: Rillaboom\n|-boost|p1a: Rillaboom|atk|2\n|\n|upkeep\n|turn|3\n|\n|t:|1771182058\n|move|p1a: Rillaboom|Knock Off|p2a: Dragalge\n|-damage|p2a: Dragalge|67/258\n|-enditem|p2a: Dragalge|Leftovers|[from] move: Knock Off|[of] p1a: Rillaboom\n|-damage|p1a: Rillaboom|260/288|[from] item: Life Orb\n|move|p2a: Dragalge|Sludge Wave|p1a: Rillaboom\n|-supereffective|p1a: Rillaboom\n|-damage|p1a: Rillaboom|0 fnt\n|faint|p1a: Rillaboom\n|\n|-heal|p2a: Dragalge|83/258|[from] Grassy Terrain\n|upkeep\n|\n|t:|1771182066\n|switch|p1a: Magearna|Magearna-Original, L77|250/250\n|-damage|p1a: Magearna|235/250|[from] Stealth Rock\n|turn|4\n|\n|t:|1771182086\n|switch|p2a: Munkidori|Munkidori, L79, M|269/269\n|move|p1a: Magearna|Shift Gear|p1a: Magearna\n|-boost|p1a: Magearna|spe|2\n|-boost|p1a: Magearna|atk|1\n|\n|-heal|p1a: Magearna|250/250|[from] Grassy Terrain\n|upkeep\n|turn|5\n|\n|t:|1771182098\n|move|p2a: Munkidori|Fake Out|p1a: Magearna\n|-resisted|p1a: Magearna\n|-damage|p1a: Magearna|241/250\n|cant|p1a: Magearna|flinch\n|\n|-heal|p1a: Magearna|250/250|[from] Grassy Terrain\n|-fieldend|move: Grassy Terrain\n|upkeep\n|turn|6\n|\n|t:|1771182103\n|move|p1a: Magearna|Iron Head|p2a: Munkidori\n|-damage|p2a: Munkidori|121/269\n|cant|p2a: Munkidori|flinch\n|\n|upkeep\n|turn|7\n|\n|t:|1771182114\n|switch|p2a: Sandy Shocks|Sandy Shocks, L80|267/267\n|move|p1a: Magearna|Iron Head|p2a: Sandy Shocks\n|-resisted|p2a: Sandy Shocks\n|-damage|p2a: Sandy Shocks|219/267\n|\n|-heal|p2a: Sandy Shocks|235/267|[from] item: Leftovers\n|upkeep\n|turn|8\n|\n|t:|1771182124\n|move|p1a: Magearna|Shift Gear|p1a: Magearna\n|-boost|p1a: Magearna|spe|2\n|-boost|p1a: Magearna|atk|1\n|move|p2a: Sandy Shocks|Earth Power|p1a: Magearna\n|-supereffective|p1a: Magearna\n|-damage|p1a: Magearna|80/250\n|-enditem|p1a: Magearna|Weakness Policy\n|-boost|p1a: Magearna|atk|2|[from] item: Weakness Policy\n|-boost|p1a: Magearna|spa|2|[from] item: Weakness Policy\n|\n|-heal|p2a: Sandy Shocks|251/267|[from] item: Leftovers\n|upkeep\n|turn|9\n|\n|t:|1771182135\n|move|p1a: Magearna|Fleur Cannon|p2a: Sandy Shocks\n|-damage|p2a: Sandy Shocks|0 fnt\n|-unboost|p1a: Magearna|spa|2\n|faint|p2a: Sandy Shocks\n|-ability|p1a: Magearna|Soul-Heart|boost\n|-boost|p1a: Magearna|spa|1\n|-end|p2a: Sandy Shocks|Protosynthesis|[silent]\n|\n|upkeep\n|inactive|Blazerlion has 120 seconds left.\n|\n|t:|1771182163\n|switch|p2a: Hawlucha|Hawlucha, L80, M|256/256\n|turn|10\n|inactive|improvguy has 120 seconds left.\n|\n|t:|1771182212\n|-terastallize|p2a: Hawlucha|Flying\n|move|p1a: Magearna|Fleur Cannon|p2a: Hawlucha\n|-damage|p2a: Hawlucha|0 fnt\n|-unboost|p1a: Magearna|spa|2\n|faint|p2a: Hawlucha\n|-ability|p1a: Magearna|Soul-Heart|boost\n|-boost|p1a: Magearna|spa|1\n|\n|upkeep\n|c|☆Blazerlion|Ok ggwp nothing to do against that magearna\n|\n|t:|1771182227\n|switch|p2a: Iron Bundle|Iron Bundle, L78|215/215\n|turn|11\n|\n|t:|1771182232\n|move|p1a: Magearna|Iron Head|p2a: Iron Bundle\n|-damage|p2a: Iron Bundle|16/215\n|move|p2a: Iron Bundle|Hydro Pump|p1a: Magearna\n|-damage|p1a: Magearna|0 fnt\n|faint|p1a: Magearna\n|\n|upkeep\n|inactive|improvguy has 120 seconds left.\n|\n|t:|1771182241\n|switch|p1a: Qwilfish|Qwilfish, L86, M|252/252\n|-damage|p1a: Qwilfish|221/252|[from] Stealth Rock\n|-ability|p1a: Qwilfish|Intimidate|boost\n|-unboost|p2a: Iron Bundle|atk|1\n|turn|12\n|\n|t:|1771182246\n|move|p2a: Iron Bundle|Freeze-Dry|p1a: Qwilfish\n|-supereffective|p1a: Qwilfish\n|-damage|p1a: Qwilfish|0 fnt\n|faint|p1a: Qwilfish\n|\n|upkeep\n|\n|t:|1771182248\n|switch|p1a: Houndstone|Houndstone, L86, F|264/264\n|-damage|p1a: Houndstone|231/264|[from] Stealth Rock\n|turn|13\n|\n|t:|1771182254\n|move|p1a: Houndstone|Shadow Sneak|p2a: Iron Bundle\n|-damage|p2a: Iron Bundle|0 fnt\n|faint|p2a: Iron Bundle\n|-end|p2a: Iron Bundle|Quark Drive|[silent]\n|\n|upkeep\n|\n|t:|1771182261\n|switch|p2a: Hatterene|Hatterene, L85, F|236/236\n|turn|14\n|\n|t:|1771182268\n|switch|p1a: Moltres|Moltres, L81|278/278\n|move|p2a: Hatterene|Psychic|p1a: Moltres\n|-crit|p1a: Moltres\n|-damage|p1a: Moltres|88/278\n|\n|upkeep\n|turn|15\n|\n|t:|1771182275\n|move|p1a: Moltres|Fire Blast|p2a: Hatterene\n|-damage|p2a: Hatterene|121/236\n|move|p2a: Hatterene|Psychic|p1a: Moltres\n|-damage|p1a: Moltres|0 fnt\n|faint|p1a: Moltres\n|\n|-heal|p2a: Hatterene|135/236|[from] item: Leftovers\n|upkeep\n|\n|t:|1771182280\n|switch|p1a: Houndstone|Houndstone, L86, F|231/264\n|-damage|p1a: Houndstone|198/264|[from] Stealth Rock\n|turn|16\n|\n|t:|1771182283\n|move|p1a: Houndstone|Poltergeist|p2a: Hatterene\n|-activate|p2a: Hatterene|move: Poltergeist|Leftovers\n|-supereffective|p2a: Hatterene\n|-damage|p2a: Hatterene|0 fnt\n|faint|p2a: Hatterene\n|\n|upkeep\n|\n|t:|1771182287\n|switch|p2a: Dragalge|Dragalge, L88, M|83/258\n|turn|17\n|\n|t:|1771182290\n|move|p1a: Houndstone|Poltergeist||[still]\n|-fail|p1a: Houndstone\n|move|p2a: Dragalge|Draco Meteor|p1a: Houndstone\n|-damage|p1a: Houndstone|28/264\n|-unboost|p2a: Dragalge|spa|2\n|\n|upkeep\n|turn|18\n|\n|t:|1771182302\n|move|p1a: Houndstone|Poltergeist||[still]\n|-fail|p1a: Houndstone\n|move|p2a: Dragalge|Draco Meteor|p1a: Houndstone|[miss]\n|-miss|p2a: Dragalge|p1a: Houndstone\n|\n|upkeep\n|turn|19\n|\n|t:|1771182305\n|move|p1a: Houndstone|Poltergeist||[still]\n|-fail|p1a: Houndstone\n|move|p2a: Dragalge|Draco Meteor|p1a: Houndstone\n|-damage|p1a: Houndstone|0 fnt\n|-unboost|p2a: Dragalge|spa|2\n|faint|p1a: Houndstone\n|\n|upkeep\n|\n|t:|1771182306\n|switch|p1a: Mightyena|Mightyena, L96, M|290/290\n|-damage|p1a: Mightyena|254/290|[from] Stealth Rock\n|-ability|p1a: Mightyena|Intimidate|boost\n|-unboost|p2a: Dragalge|atk|1\n|turn|20\n|\n|t:|1771182314\n|move|p1a: Mightyena|Crunch|p2a: Dragalge\n|-damage|p2a: Dragalge|0 fnt\n|faint|p2a: Dragalge\n|\n|-heal|p1a: Mightyena|272/290|[from] item: Leftovers\n|upkeep\n|\n|t:|1771182317\n|switch|p2a: Munkidori|Munkidori, L79, M|121/269\n|turn|21\n|\n|t:|1771182321\n|move|p2a: Munkidori|Fake Out|p1a: Mightyena\n|-damage|p1a: Mightyena|250/290\n|cant|p1a: Mightyena|flinch\n|\n|-heal|p1a: Mightyena|268/290|[from] item: Leftovers\n|upkeep\n|turn|22\n|\n|t:|1771182332\n|-terastallize|p1a: Mightyena|Poison\n|move|p2a: Munkidori|Sludge Wave|p1a: Mightyena\n|-resisted|p1a: Mightyena\n|-damage|p1a: Mightyena|199/290\n|move|p1a: Mightyena|Crunch|p2a: Munkidori\n|-supereffective|p2a: Munkidori\n|-damage|p2a: Munkidori|0 fnt\n|faint|p2a: Munkidori\n|\n|win|improvguy\n|raw|improvguy's rating: 1681 &rarr; <strong>1701</strong><br />(+20 for winning)\n|raw|Blazerlion's rating: 1675 &rarr; <strong>1655</strong><br />(-20 for losing)\n|c|☆improvguy|gg\n|c|☆Blazerlion|Gg.\n|l|☆Blazerlion\n|player|p2|\n", "inputlog": ">version 686819e5e19f8a7fd2345cfc5a08a5085efa2cc3\n>start {\"formatid\":\"gen9randombattle\",\"seed\":\"sodium,0862551819ecdf83ff0efe6277e19fe2\",\"rated\":\"Rated battle\"}\n>player p1 {\"name\":\"improvguy\",\"avatar\":\"cameraman\",\"rating\":1681,\"seed\":\"sodium,528954bb05b12cdb0fb48616c0a23dba\"}\n>player p2 {\"name\":\"Blazerlion\",\"avatar\":\"266\",\"rating\":1675,\"seed\":\"sodium,ed7def80df3708696bf2f2c303f4da7c\"}\n>p1 switch 5\n>p2 move stealthrock\n>p1 move swordsdance\n>p2 switch 4\n>p1 move knockoff\n>p2 move sludgewave\n>p1 switch 5\n>p1 move shiftgear\n>p2 switch 2\n>p1 move ironhead\n>p2 move fakeout\n>p1 move ironhead\n>p2 move uturn\n>p1 move ironhead\n>p2 switch 4\n>p1 move shiftgear\n>p2 move earthpower\n>p1 move fleurcannon\n>p2 move earthpower\n>p2 switch 3\n>p1 move fleurcannon\n>p2 move closecombat terastallize\n>chat ☆Blazerlion|Ok ggwp nothing to do against that magearna\n>p2 switch 6\n>p1 move ironhead\n>p2 move hydropump\n>p1 switch 6\n>p1 move waterfall\n>p2 move freezedry\n>p1 switch 2\n>p1 move shadowsneak\n>p2 move icebeam\n>p2 switch 5\n>p1 switch 3\n>p2 move psychic\n>p1 move fireblast\n>p2 move psychic\n>p1 switch 3\n>p1 move poltergeist\n>p2 move psychic\n>p2 switch 2\n>p1 move poltergeist\n>p2 move dracometeor\n>p1 move poltergeist\n>p2 move dracometeor\n>p1 move poltergeist\n>p2 move dracometeor\n>p1 switch 4\n>p1 move crunch\n>p2 move focusblast\n>p2 switch 4\n>p1 move crunch\n>p2 move fakeout\n>p1 move crunch terastallize\n>p2 move sludgewave", "uploadtime": 1771182347, "views": 22, "formatid": "gen9randombattle", "rating": 1655, "private": 0, "password": null}