{"id": "gen9randombattle-2540347986", "format": "[Gen 9] Random Battle", "players": ["Maddof", "molfus"], "log": "|j|☆Maddof\n|j|☆molfus\n|t:|1771191418\n|gametype|singles\n|player|p1|Maddof|266|1628\n|player|p2|molfus|schoolkid-gen4|1648\n|gen|9\n|tier|[Gen 9] Random Battle\n|rated|\n|rule|Species Clause: Limit one of each Pokémon\n|rule|HP Percentage Mod: HP is shown in percentages\n|rule|Sleep Clause Mod: Limit one foe put to sleep\n|rule|Illusion Level Mod: Illusion disguises the Pokémon's true level\n|\n|t:|1771191418\n|teamsize|p1|6\n|teamsize|p2|6\n|start\n|switch|p1a: Pachirisu|Pachirisu, L96, F|271/271\n|switch|p2a: Thundurus|Thundurus, L80, M|258/258\n|turn|1\n|inactive|Battle timer is ON: inactive players will automatically lose when time's up. (requested by molfus)\n|\n|t:|1771191437\n|move|p1a: Pachirisu|Super Fang|p2a: Thundurus\n|-damage|p2a: Thundurus|129/258\n|move|p2a: Thundurus|U-turn|p1a: Pachirisu\n|-damage|p1a: Pachirisu|215/271\n|inactive|molfus has 120 seconds left.\n|\n|t:|1771191468\n|switch|p2a: Farigiraf|Farigiraf, L91, M|366/366|[from] U-turn\n|\n|upkeep\n|turn|2\n|l|☆Maddof\n|inactive|Maddof disconnected and has a minute to reconnect!\n|player|p1|\n|j|☆Maddof\n|inactive|Maddof reconnected and has 115 seconds left.\n|player|p1|Maddof|266|\n|\n|t:|1771191506\n|move|p1a: Pachirisu|Super Fang|p2a: Farigiraf\n|-damage|p2a: Farigiraf|183/366\n|move|p2a: Farigiraf|Future Sight|p1a: Pachirisu\n|-start|p2a: Farigiraf|move: Future Sight\n|\n|-heal|p2a: Farigiraf|205/366|[from] item: Leftovers\n|upkeep\n|turn|3\n|\n|t:|1771191517\n|move|p1a: Pachirisu|Nuzzle|p2a: Farigiraf\n|-damage|p2a: Farigiraf|187/366\n|-status|p2a: Farigiraf|par\n|move|p2a: Farigiraf|Wish|p2a: Farigiraf\n|\n|-heal|p2a: Farigiraf|209/366 par|[from] item: Leftovers\n|upkeep\n|turn|4\n|\n|t:|1771191528\n|move|p1a: Pachirisu|Super Fang|p2a: Farigiraf\n|-damage|p2a: Farigiraf|105/366 par\n|move|p2a: Farigiraf|Hyper Voice|p1a: Pachirisu\n|-damage|p1a: Pachirisu|148/271\n|\n|-end|p1a: Pachirisu|move: Future Sight\n|-damage|p1a: Pachirisu|52/271\n|-heal|p2a: Farigiraf|288/366 par|[from] move: Wish|[wisher] Farigiraf\n|-heal|p2a: Farigiraf|310/366 par|[from] item: Leftovers\n|upkeep\n|turn|5\n|\n|t:|1771191536\n|move|p1a: Pachirisu|U-turn|p2a: Farigiraf\n|-supereffective|p2a: Farigiraf\n|-damage|p2a: Farigiraf|228/366 par\n|\n|t:|1771191551\n|switch|p1a: Maushold|Maushold, L76|238/238|[from] U-turn\n|move|p2a: Farigiraf|Wish|p2a: Farigiraf\n|\n|-heal|p2a: Farigiraf|250/366 par|[from] item: Leftovers\n|upkeep\n|turn|6\n|\n|t:|1771191559\n|move|p1a: Maushold|Encore|p2a: Farigiraf\n|-start|p2a: Farigiraf|Encore\n|move|p2a: Farigiraf|Wish||[still]\n|-fail|p2a: Farigiraf\n|\n|-heal|p2a: Farigiraf|366/366 par|[from] move: Wish|[wisher] Farigiraf\n|upkeep\n|turn|7\n|\n|t:|1771191562\n|switch|p2a: Masquerain|Masquerain, L87, M|264/264\n|-ability|p2a: Masquerain|Intimidate|boost\n|-unboost|p1a: Maushold|atk|1\n|move|p1a: Maushold|Tidy Up|p1a: Maushold\n|-boost|p1a: Maushold|atk|1\n|-boost|p1a: Maushold|spe|1\n|\n|upkeep\n|turn|8\n|\n|t:|1771191580\n|-terastallize|p1a: Maushold|Normal\n|move|p1a: Maushold|Population Bomb|p2a: Masquerain\n|-damage|p2a: Masquerain|226/264\n|-damage|p2a: Masquerain|186/264\n|-damage|p2a: Masquerain|144/264\n|-damage|p2a: Masquerain|108/264\n|-damage|p2a: Masquerain|74/264\n|-damage|p2a: Masquerain|34/264\n|-damage|p2a: Masquerain|0 fnt\n|faint|p2a: Masquerain\n|-hitcount|p2: Masquerain|7\n|\n|upkeep\n|inactive|molfus has 120 seconds left.\n|\n|t:|1771191610\n|switch|p2a: Farigiraf|Farigiraf, L91, M|366/366 par\n|turn|9\n|\n|t:|1771191632\n|move|p1a: Maushold|Tidy Up|p1a: Maushold\n|-boost|p1a: Maushold|atk|1\n|-boost|p1a: Maushold|spe|1\n|move|p2a: Farigiraf|Future Sight|p1a: Maushold\n|-start|p2a: Farigiraf|move: Future Sight\n|\n|upkeep\n|turn|10\n|inactive|molfus has 120 seconds left.\n|\n|t:|1771191644\n|move|p1a: Maushold|Population Bomb|p2a: Farigiraf\n|-damage|p2a: Farigiraf|314/366 par\n|-damage|p2a: Farigiraf|266/366 par\n|-damage|p2a: Farigiraf|222/366 par\n|-damage|p2a: Farigiraf|174/366 par\n|-damage|p2a: Farigiraf|120/366 par\n|-damage|p2a: Farigiraf|66/366 par\n|-damage|p2a: Farigiraf|16/366 par\n|-damage|p2a: Farigiraf|0 fnt\n|faint|p2a: Farigiraf\n|-hitcount|p2: Farigiraf|8\n|\n|upkeep\n|inactive|molfus has 120 seconds left.\n|\n|t:|1771191649\n|switch|p2a: Thundurus|Thundurus, L80, M|129/258\n|turn|11\n|\n|t:|1771191661\n|move|p2a: Thundurus|Thunder Wave|p1a: Maushold\n|-status|p1a: Maushold|par\n|cant|p1a: Maushold|par\n|\n|-end|p1a: Maushold|move: Future Sight\n|-damage|p1a: Maushold|48/238 par\n|upkeep\n|turn|12\n|\n|t:|1771191669\n|move|p2a: Thundurus|Thunderbolt|p1a: Maushold\n|-damage|p1a: Maushold|0 fnt\n|faint|p1a: Maushold\n|\n|upkeep\n|\n|t:|1771191676\n|switch|p1a: Frosmoth|Frosmoth, L82, F|249/249\n|turn|13\n|\n|t:|1771191679\n|move|p2a: Thundurus|Thunder Wave|p1a: Frosmoth\n|-status|p1a: Frosmoth|par\n|move|p1a: Frosmoth|Ice Beam|p2a: Thundurus\n|-supereffective|p2a: Thundurus\n|-damage|p2a: Thundurus|0 fnt\n|faint|p2a: Thundurus\n|\n|upkeep\n|\n|t:|1771191702\n|switch|p2a: Drednaw|Drednaw, L81, M|278/278\n|turn|14\n|\n|t:|1771191709\n|move|p2a: Drednaw|Shell Smash|p2a: Drednaw\n|-unboost|p2a: Drednaw|def|1\n|-unboost|p2a: Drednaw|spd|1\n|-boost|p2a: Drednaw|atk|2\n|-boost|p2a: Drednaw|spa|2\n|-boost|p2a: Drednaw|spe|2\n|-enditem|p2a: Drednaw|White Herb\n|-clearnegativeboost|p2a: Drednaw|[silent]\n|move|p1a: Frosmoth|Bug Buzz|p2a: Drednaw\n|-damage|p2a: Drednaw|145/278\n|\n|upkeep\n|turn|15\n|\n|t:|1771191719\n|move|p2a: Drednaw|Stone Edge|p1a: Frosmoth\n|-supereffective|p1a: Frosmoth\n|-damage|p1a: Frosmoth|0 fnt\n|faint|p1a: Frosmoth\n|\n|upkeep\n|\n|t:|1771191727\n|switch|p1a: Scream Tail|Scream Tail, L84|330/330\n|turn|16\n|\n|t:|1771191734\n|move|p2a: Drednaw|Liquidation|p1a: Scream Tail\n|-damage|p1a: Scream Tail|150/330\n|move|p1a: Scream Tail|Thunder Wave|p2a: Drednaw\n|-status|p2a: Drednaw|par\n|\n|-heal|p1a: Scream Tail|170/330|[from] item: Leftovers\n|upkeep\n|turn|17\n|\n|t:|1771191742\n|move|p1a: Scream Tail|Dazzling Gleam|p2a: Drednaw\n|-damage|p2a: Drednaw|64/278 par\n|move|p2a: Drednaw|Liquidation|p1a: Scream Tail\n|-damage|p1a: Scream Tail|0 fnt\n|faint|p1a: Scream Tail\n|-end|p1a: Scream Tail|Protosynthesis|[silent]\n|\n|upkeep\n|\n|t:|1771191745\n|switch|p1a: Pachirisu|Pachirisu, L96, F|52/271\n|turn|18\n|\n|t:|1771191750\n|move|p1a: Pachirisu|Thunderbolt|p2a: Drednaw\n|-supereffective|p2a: Drednaw\n|-damage|p2a: Drednaw|0 fnt\n|faint|p2a: Drednaw\n|\n|upkeep\n|\n|t:|1771191769\n|switch|p2a: Tentacruel|Tentacruel, L84, F|272/272\n|turn|19\n|\n|t:|1771191778\n|move|p1a: Pachirisu|Nuzzle|p2a: Tentacruel\n|-supereffective|p2a: Tentacruel\n|-damage|p2a: Tentacruel|230/272\n|-status|p2a: Tentacruel|par\n|move|p2a: Tentacruel|Rapid Spin|p1a: Pachirisu\n|-damage|p1a: Pachirisu|22/271\n|-boost|p2a: Tentacruel|spe|1\n|\n|-heal|p2a: Tentacruel|247/272 par|[from] item: Leftovers\n|upkeep\n|turn|20\n|\n|t:|1771191785\n|move|p1a: Pachirisu|Thunderbolt|p2a: Tentacruel\n|-supereffective|p2a: Tentacruel\n|-damage|p2a: Tentacruel|139/272 par\n|move|p2a: Tentacruel|Rapid Spin|p1a: Pachirisu\n|-crit|p1a: Pachirisu\n|-damage|p1a: Pachirisu|0 fnt\n|-boost|p2a: Tentacruel|spe|1\n|faint|p1a: Pachirisu\n|\n|-heal|p2a: Tentacruel|156/272 par|[from] item: Leftovers\n|upkeep\n|\n|t:|1771191792\n|switch|p1a: Palkia|Palkia-Origin, L72|249/249\n|-ability|p1a: Palkia|Pressure\n|turn|21\n|\n|t:|1771191800\n|move|p2a: Tentacruel|Sludge Bomb|p1a: Palkia\n|-damage|p1a: Palkia|180/249\n|move|p1a: Palkia|Draco Meteor|p2a: Tentacruel\n|-damage|p2a: Tentacruel|30/272 par\n|-unboost|p1a: Palkia|spa|2\n|\n|-heal|p2a: Tentacruel|47/272 par|[from] item: Leftovers\n|upkeep\n|turn|22\n|\n|t:|1771191806\n|cant|p2a: Tentacruel|par\n|move|p1a: Palkia|Draco Meteor|p2a: Tentacruel\n|-damage|p2a: Tentacruel|0 fnt\n|-unboost|p1a: Palkia|spa|2\n|faint|p2a: Tentacruel\n|\n|upkeep\n|\n|t:|1771191809\n|switch|p2a: Espeon|Espeon, L84, F|246/246\n|turn|23\n|\n|t:|1771191813\n|switch|p1a: Enamorus|Enamorus, L79, F|247/247\n|move|p2a: Espeon|Calm Mind|p2a: Espeon\n|-boost|p2a: Espeon|spa|1\n|-boost|p2a: Espeon|spd|1\n|\n|upkeep\n|turn|24\n|\n|t:|1771191818\n|move|p2a: Espeon|Psyshock|p1a: Enamorus\n|-crit|p1a: Enamorus\n|-damage|p1a: Enamorus|0 fnt\n|faint|p1a: Enamorus\n|-damage|p2a: Espeon|222/246|[from] item: Life Orb\n|\n|upkeep\n|\n|t:|1771191821\n|switch|p1a: Palkia|Palkia-Origin, L72|180/249\n|-ability|p1a: Palkia|Pressure\n|turn|25\n|\n|t:|1771191831\n|move|p2a: Espeon|Psyshock|p1a: Palkia\n|-damage|p1a: Palkia|0 fnt\n|faint|p1a: Palkia\n|-damage|p2a: Espeon|198/246|[from] item: Life Orb\n|\n|win|molfus\n|raw|Maddof's rating: 1628 &rarr; <strong>1609</strong><br />(-19 for losing)\n|raw|molfus's rating: 1648 &rarr; <strong>1667</strong><br />(+19 for winning)\n", "inputlog": ">version 686819e5e19f8a7fd2345cfc5a08a5085efa2cc3\n>start {\"formatid\":\"gen9randombattle\",\"seed\":\"sodium,dba9f9e100498e8e820eb48dc763ac97\",\"rated\":\"Rated battle\"}\n>player p1 {\"name\":\"Maddof\",\"avatar\":\"266\",\"rating\":1628,\"seed\":\"sodium,7a8e8b548316fc41d155ebd1b2b2337e\"}\n>player p2 {\"name\":\"molfus\",\"avatar\":\"schoolkid-gen4\",\"rating\":1648,\"seed\":\"sodium,64cea53107c70907f9430ce1da7aa67b\"}\n>p1 move superfang\n>p2 move uturn\n>p2 switch 2\n>p1 move superfang\n>p2 move futuresight\n>p1 move nuzzle\n>p2 move wish\n>p1 move superfang\n>p2 move hypervoice\n>p1 move uturn\n>p2 move wish\n>p1 switch 6\n>p1 move encore\n>p2 move futuresight\n>p1 move tidyup\n>p2 switch 5\n>p1 move populationbomb terastallize\n>p2 move hurricane\n>p2 switch 5\n>p1 move tidyup\n>p2 move futuresight\n>p1 move populationbomb\n>p2 move hypervoice\n>p2 switch 2\n>p1 move populationbomb\n>p2 move thunderwave\n>p1 move populationbomb\n>p2 move thunderbolt\n>p1 switch 4\n>p1 move icebeam\n>p2 move thunderwave\n>p2 switch 3\n>p1 move bugbuzz\n>p2 move shellsmash\n>p1 move bugbuzz\n>p2 move stoneedge\n>p1 switch 2\n>p1 move thunderwave\n>p2 move liquidation\n>p1 move dazzlinggleam\n>p2 move liquidation\n>p1 switch 6\n>p1 move thunderbolt\n>p2 move liquidation\n>p2 switch 6\n>p1 move nuzzle\n>p2 move rapidspin\n>p1 move thunderbolt\n>p2 move rapidspin\n>p1 switch 5\n>p1 move dracometeor\n>p2 move sludgebomb\n>p1 move dracometeor\n>p2 move sludgebomb\n>p2 switch 4\n>p1 switch 3\n>p2 move calmmind\n>p1 move moonblast\n>p2 move psyshock\n>p1 switch 3\n>p1 move dracometeor\n>p2 move psyshock", "uploadtime": 1771191832, "views": 9, "formatid": "gen9randombattle", "rating": 1609, "private": 0, "password": null}