{"id": "gen9randombattle-2540659481", "format": "[Gen 9] Random Battle", "players": ["Honest Opp", "haxmaxer"], "log": "|j|☆Honest Opp\n|j|☆haxmaxer\n|t:|1771235714\n|gametype|singles\n|player|p1|Honest Opp|266|2023\n|player|p2|haxmaxer|richboy-gen6|2005\n|gen|9\n|tier|[Gen 9] Random Battle\n|rated|\n|rule|Species Clause: Limit one of each Pokémon\n|rule|HP Percentage Mod: HP is shown in percentages\n|rule|Sleep Clause Mod: Limit one foe put to sleep\n|rule|Illusion Level Mod: Illusion disguises the Pokémon's true level\n|\n|t:|1771235714\n|teamsize|p1|6\n|teamsize|p2|6\n|start\n|switch|p1a: Meowscarada|Meowscarada, L78, F|247/247\n|switch|p2a: Toedscruel|Toedscruel, L87, M|281/281\n|turn|1\n|inactive|Battle timer is ON: inactive players will automatically lose when time's up. (requested by Honest Opp)\n|\n|t:|1771235736\n|switch|p2a: Magmortar|Magmortar, L88, F|275/275\n|move|p1a: Meowscarada|Flower Trick|p2a: Magmortar\n|-start|p1a: Meowscarada|typechange|Grass|[from] ability: Protean\n|-resisted|p2a: Magmortar\n|-crit|p2a: Magmortar\n|-damage|p2a: Magmortar|210/275\n|\n|upkeep\n|turn|2\n|\n|t:|1771235758\n|switch|p1a: Scream Tail|Scream Tail, L84|330/330\n|move|p2a: Magmortar|Knock Off|p1a: Scream Tail\n|-damage|p1a: Scream Tail|260/330\n|-enditem|p1a: Scream Tail|Leftovers|[from] move: Knock Off|[of] p2a: Magmortar\n|\n|upkeep\n|turn|3\n|\n|t:|1771235764\n|switch|p2a: Toedscruel|Toedscruel, L87, M|281/281\n|move|p1a: Scream Tail|Thunder Wave|p2a: Toedscruel\n|-immune|p2a: Toedscruel\n|\n|upkeep\n|turn|4\n|\n|t:|1771235768\n|-end|p1a: Scream Tail|Protosynthesis|[silent]\n|switch|p1a: Meowscarada|Meowscarada, L78, F|247/247\n|move|p2a: Toedscruel|Toxic|p1a: Meowscarada\n|-status|p1a: Meowscarada|tox\n|\n|-damage|p1a: Meowscarada|232/247 tox|[from] psn\n|upkeep\n|turn|5\n|\n|t:|1771235772\n|switch|p2a: Magmortar|Magmortar, L88, F|210/275\n|move|p1a: Meowscarada|Knock Off|p2a: Magmortar\n|-start|p1a: Meowscarada|typechange|Dark|[from] ability: Protean\n|-damage|p2a: Magmortar|93/275\n|-enditem|p2a: Magmortar|Heavy-Duty Boots|[from] move: Knock Off|[of] p1a: Meowscarada\n|\n|-damage|p1a: Meowscarada|202/247 tox|[from] psn\n|upkeep\n|turn|6\n|\n|t:|1771235782\n|move|p1a: Meowscarada|Toxic Spikes|p2a: Magmortar\n|-sidestart|p2: haxmaxer|move: Toxic Spikes\n|move|p2a: Magmortar|Fire Blast|p1a: Meowscarada\n|-damage|p1a: Meowscarada|4/247 tox\n|\n|-damage|p1a: Meowscarada|0 fnt|[from] psn\n|faint|p1a: Meowscarada\n|upkeep\n|\n|t:|1771235790\n|switch|p1a: Glimmora|Glimmora, L75, M|248/248\n|-item|p1a: Glimmora|Air Balloon\n|turn|7\n|\n|t:|1771235802\n|move|p2a: Magmortar|Taunt|p1a: Glimmora\n|-start|p1a: Glimmora|move: Taunt\n|move|p1a: Glimmora|Sludge Wave|p2a: Magmortar\n|-damage|p2a: Magmortar|0 fnt\n|faint|p2a: Magmortar\n|\n|upkeep\n|\n|t:|1771235816\n|switch|p2a: Perrserker|Perrserker, L89, M|269/269\n|turn|8\n|\n|t:|1771235835\n|switch|p1a: Sandslash|Sandslash-Alola, L88, F|275/275\n|move|p2a: Perrserker|Iron Head|p1a: Sandslash\n|-damage|p1a: Sandslash|115/275\n|-damage|p2a: Perrserker|243/269|[from] item: Life Orb\n|\n|upkeep\n|turn|9\n|\n|t:|1771235848\n|move|p1a: Sandslash|Earthquake|p2a: Perrserker\n|-supereffective|p2a: Perrserker\n|-damage|p2a: Perrserker|115/269\n|move|p2a: Perrserker|Stealth Rock|p1a: Sandslash\n|-sidestart|p1: Honest Opp|move: Stealth Rock\n|\n|upkeep\n|turn|10\n|\n|t:|1771235865\n|switch|p2a: Toedscruel|Toedscruel, L87, M|281/281\n|-status|p2a: Toedscruel|psn\n|move|p1a: Sandslash|Earthquake|p2a: Toedscruel\n|-resisted|p2a: Toedscruel\n|-damage|p2a: Toedscruel|231/281 psn\n|\n|-heal|p2a: Toedscruel|248/281 psn|[from] item: Leftovers\n|-damage|p2a: Toedscruel|213/281 psn|[from] psn\n|upkeep\n|turn|11\n|\n|t:|1771235873\n|move|p2a: Toedscruel|Rapid Spin|p1a: Sandslash\n|-resisted|p1a: Sandslash\n|-damage|p1a: Sandslash|104/275\n|-boost|p2a: Toedscruel|spe|1\n|-sideend|p2: haxmaxer|Toxic Spikes|[from] move: Rapid Spin|[of] p2a: Toedscruel\n|move|p1a: Sandslash|Triple Axel|p2a: Toedscruel|[miss]\n|-miss|p1a: Sandslash|p2a: Toedscruel\n|\n|-heal|p2a: Toedscruel|230/281 psn|[from] item: Leftovers\n|-damage|p2a: Toedscruel|195/281 psn|[from] psn\n|upkeep\n|turn|12\n|\n|t:|1771235876\n|move|p2a: Toedscruel|Earth Power|p1a: Sandslash\n|-supereffective|p1a: Sandslash\n|-damage|p1a: Sandslash|0 fnt\n|faint|p1a: Sandslash\n|\n|-heal|p2a: Toedscruel|212/281 psn|[from] item: Leftovers\n|-damage|p2a: Toedscruel|177/281 psn|[from] psn\n|upkeep\n|\n|t:|1771235889\n|switch|p1a: Inteleon|Inteleon, L81, M|246/246\n|-damage|p1a: Inteleon|216/246|[from] Stealth Rock\n|turn|13\n|\n|t:|1771235907\n|switch|p1a: Scream Tail|Scream Tail, L84|260/330\n|-damage|p1a: Scream Tail|219/330|[from] Stealth Rock\n|-terastallize|p2a: Toedscruel|Water\n|move|p2a: Toedscruel|Giga Drain|p1a: Scream Tail\n|-damage|p1a: Scream Tail|162/330\n|-heal|p2a: Toedscruel|206/281 psn|[from] drain|[of] p1a: Scream Tail\n|\n|-heal|p2a: Toedscruel|223/281 psn|[from] item: Leftovers\n|-damage|p2a: Toedscruel|188/281 psn|[from] psn\n|upkeep\n|turn|14\n|\n|t:|1771235912\n|move|p1a: Scream Tail|Wish|p1a: Scream Tail\n|move|p2a: Toedscruel|Toxic|p1a: Scream Tail\n|-status|p1a: Scream Tail|tox\n|\n|-heal|p2a: Toedscruel|205/281 psn|[from] item: Leftovers\n|-damage|p2a: Toedscruel|170/281 psn|[from] psn\n|-damage|p1a: Scream Tail|142/330 tox|[from] psn\n|upkeep\n|turn|15\n|\n|t:|1771235917\n|move|p2a: Toedscruel|Giga Drain|p1a: Scream Tail\n|-damage|p1a: Scream Tail|82/330 tox\n|-heal|p2a: Toedscruel|200/281 psn|[from] drain|[of] p1a: Scream Tail\n|move|p1a: Scream Tail|Play Rough|p2a: Toedscruel\n|-damage|p2a: Toedscruel|112/281 psn\n|\n|-heal|p1a: Scream Tail|247/330 tox|[from] move: Wish|[wisher] Scream Tail\n|-heal|p2a: Toedscruel|129/281 psn|[from] item: Leftovers\n|-damage|p2a: Toedscruel|94/281 psn|[from] psn\n|-damage|p1a: Scream Tail|207/330 tox|[from] psn\n|upkeep\n|turn|16\n|\n|t:|1771235924\n|move|p2a: Toedscruel|Giga Drain|p1a: Scream Tail\n|-damage|p1a: Scream Tail|143/330 tox\n|-heal|p2a: Toedscruel|126/281 psn|[from] drain|[of] p1a: Scream Tail\n|move|p1a: Scream Tail|Play Rough|p2a: Toedscruel\n|-damage|p2a: Toedscruel|42/281 psn\n|\n|-heal|p2a: Toedscruel|59/281 psn|[from] item: Leftovers\n|-damage|p2a: Toedscruel|24/281 psn|[from] psn\n|-damage|p1a: Scream Tail|83/330 tox|[from] psn\n|upkeep\n|turn|17\n|\n|t:|1771235932\n|switch|p2a: Perrserker|Perrserker, L89, M|115/269\n|move|p1a: Scream Tail|Play Rough|p2a: Perrserker\n|-resisted|p2a: Perrserker\n|-damage|p2a: Perrserker|87/269\n|\n|-damage|p1a: Scream Tail|3/330 tox|[from] psn\n|upkeep\n|turn|18\n|\n|t:|1771235946\n|move|p1a: Scream Tail|Thunder Wave|p2a: Perrserker\n|-status|p2a: Perrserker|par\n|move|p2a: Perrserker|Iron Head|p1a: Scream Tail\n|-supereffective|p1a: Scream Tail\n|-damage|p1a: Scream Tail|0 fnt\n|faint|p1a: Scream Tail\n|-end|p1a: Scream Tail|Protosynthesis|[silent]\n|-damage|p2a: Perrserker|61/269 par|[from] item: Life Orb\n|\n|upkeep\n|\n|t:|1771235956\n|switch|p1a: Glimmora|Glimmora, L75, M|248/248\n|-damage|p1a: Glimmora|217/248|[from] Stealth Rock\n|-item|p1a: Glimmora|Air Balloon\n|turn|19\n|\n|t:|1771235960\n|move|p1a: Glimmora|Stealth Rock|p2a: Perrserker\n|-sidestart|p2: haxmaxer|move: Stealth Rock\n|move|p2a: Perrserker|Iron Head|p1a: Glimmora\n|-supereffective|p1a: Glimmora\n|-damage|p1a: Glimmora|0 fnt\n|-activate|p1a: Glimmora|ability: Toxic Debris\n|-sidestart|p2: haxmaxer|move: Toxic Spikes\n|-enditem|p1a: Glimmora|Air Balloon\n|faint|p1a: Glimmora\n|-damage|p2a: Perrserker|35/269 par|[from] item: Life Orb\n|\n|upkeep\n|\n|t:|1771235964\n|switch|p1a: Inteleon|Inteleon, L81, M|216/246\n|-damage|p1a: Inteleon|186/246|[from] Stealth Rock\n|turn|20\n|\n|t:|1771235969\n|move|p1a: Inteleon|Scald|p2a: Perrserker\n|-damage|p2a: Perrserker|0 fnt\n|faint|p2a: Perrserker\n|\n|upkeep\n|\n|t:|1771235980\n|switch|p2a: Roaring Moon|Roaring Moon, L72|270/270\n|-damage|p2a: Roaring Moon|237/270|[from] Stealth Rock\n|-status|p2a: Roaring Moon|psn\n|turn|21\n|\n|t:|1771235988\n|switch|p1a: Iron Hands|Iron Hands, L79|373/373\n|-damage|p1a: Iron Hands|350/373|[from] Stealth Rock\n|move|p2a: Roaring Moon|Knock Off|p1a: Iron Hands\n|-resisted|p1a: Iron Hands\n|-damage|p1a: Iron Hands|276/373\n|-enditem|p1a: Iron Hands|Leftovers|[from] move: Knock Off|[of] p2a: Roaring Moon\n|\n|-damage|p2a: Roaring Moon|204/270 psn|[from] psn\n|upkeep\n|turn|22\n|\n|t:|1771235994\n|-end|p2a: Roaring Moon|Protosynthesis|[silent]\n|switch|p2a: Toedscruel|Toedscruel, L87, M, tera:Water|24/281 psn\n|-damage|p2a: Toedscruel|0 fnt|[from] Stealth Rock\n|faint|p2a: Toedscruel\n|-terastallize|p1a: Iron Hands|Flying\n|move|p1a: Iron Hands|Drain Punch|p2: Toedscruel|[notarget]\n|-fail|p1a: Iron Hands\n|\n|upkeep\n|\n|t:|1771236002\n|switch|p2a: Ambipom|Ambipom, L84, M|263/263\n|-damage|p2a: Ambipom|231/263|[from] Stealth Rock\n|-status|p2a: Ambipom|psn\n|turn|23\n|\n|t:|1771236013\n|move|p2a: Ambipom|Double-Edge|p1a: Iron Hands\n|-damage|p1a: Iron Hands|123/373\n|-damage|p2a: Ambipom|181/263 psn|[from] Recoil\n|move|p1a: Iron Hands|Drain Punch|p2a: Ambipom\n|-supereffective|p2a: Ambipom\n|-damage|p2a: Ambipom|0 fnt\n|-heal|p1a: Iron Hands|214/373|[from] drain|[of] p2a: Ambipom\n|faint|p2a: Ambipom\n|\n|upkeep\n|\n|t:|1771236016\n|switch|p2a: Roaring Moon|Roaring Moon, L72|204/270 psn\n|-damage|p2a: Roaring Moon|171/270 psn|[from] Stealth Rock\n|turn|24\n|\n|t:|1771236020\n|move|p2a: Roaring Moon|Outrage|p1a: Iron Hands\n|-damage|p1a: Iron Hands|45/373\n|move|p1a: Iron Hands|Drain Punch|p2a: Roaring Moon\n|-supereffective|p2a: Roaring Moon\n|-damage|p2a: Roaring Moon|0 fnt\n|-heal|p1a: Iron Hands|131/373|[from] drain|[of] p2a: Roaring Moon\n|faint|p2a: Roaring Moon\n|-end|p2a: Roaring Moon|Protosynthesis|[silent]\n|\n|upkeep\n|\n|t:|1771236022\n|switch|p2a: Azumarill|Azumarill, L82, M|298/298\n|-damage|p2a: Azumarill|261/298|[from] Stealth Rock\n|-status|p2a: Azumarill|psn\n|turn|25\n|\n|t:|1771236030\n|move|p2a: Azumarill|Play Rough|p1a: Iron Hands|[miss]\n|-miss|p2a: Azumarill|p1a: Iron Hands\n|move|p1a: Iron Hands|Thunder Punch|p2a: Azumarill\n|-supereffective|p2a: Azumarill\n|-damage|p2a: Azumarill|63/298 psn\n|\n|-damage|p2a: Azumarill|26/298 psn|[from] psn\n|upkeep\n|turn|26\n|-message|haxmaxer forfeited.\n|\n|win|Honest Opp\n|raw|Honest Opp's rating: 2023 &rarr; <strong>2042</strong><br />(+19 for winning)\n|raw|haxmaxer's rating: 2005 &rarr; <strong>1986</strong><br />(-19 for losing)\n|l|☆haxmaxer\n|player|p2|\n|c|☆Honest Opp|lol\n", "inputlog": ">version 686819e5e19f8a7fd2345cfc5a08a5085efa2cc3\n>start {\"formatid\":\"gen9randombattle\",\"seed\":\"sodium,6e05871447722999736c42431492c66e\",\"rated\":\"Rated battle\"}\n>player p1 {\"name\":\"Honest Opp\",\"avatar\":\"266\",\"rating\":2023,\"seed\":\"sodium,81d41843834720c8254b238f6904af3d\"}\n>player p2 {\"name\":\"haxmaxer\",\"avatar\":\"richboy-gen6\",\"rating\":2005,\"seed\":\"sodium,4e04d9f62b845be12b4a1f42e4deb016\"}\n>p1 move flowertrick\n>p2 switch 4\n>p1 switch 2\n>p2 move knockoff\n>p1 move thunderwave\n>p2 switch 4\n>p1 switch 2\n>p2 move toxic\n>p1 move knockoff\n>p2 switch 4\n>p1 move toxicspikes\n>p2 move fireblast\n>p1 switch 4\n>p1 move sludgewave\n>p2 move taunt\n>p2 switch 5\n>p1 switch 3\n>p2 move ironhead\n>p1 move earthquake\n>p2 move stealthrock\n>p1 move earthquake\n>p2 switch 4\n>p1 move tripleaxel\n>p2 move rapidspin\n>p1 move tripleaxel\n>p2 move earthpower\n>p1 switch 5\n>p1 switch 2\n>p2 move gigadrain terastallize\n>p1 move wish\n>p2 move toxic\n>p1 move playrough\n>p2 move gigadrain\n>p1 move playrough\n>p2 move gigadrain\n>p1 move playrough\n>p2 switch 4\n>p1 move thunderwave\n>p2 move ironhead\n>p1 switch 3\n>p1 move stealthrock\n>p2 move ironhead\n>p1 switch 2\n>p1 move scald\n>p2 move ironhead\n>p2 switch 2\n>p1 switch 6\n>p2 move knockoff\n>p1 move drainpunch terastallize\n>p2 switch 4\n>p2 switch 3\n>p1 move drainpunch\n>p2 move doubleedge\n>p2 switch 4\n>p1 move drainpunch\n>p2 move outrage\n>p2 switch 6\n>p1 move thunderpunch\n>p2 move playrough\n>forcelose p2", "uploadtime": 1771236040, "views": 11, "formatid": "gen9randombattle", "rating": 1986, "private": 0, "password": null}