{"id": "gen9randombattle-2540361094", "format": "[Gen 9] Random Battle", "players": ["champ bogar", "skibidi but swole"], "log": "|j|☆champ bogar\n|j|☆skibidi but swole\n|t:|1771192876\n|gametype|singles\n|player|p1|champ bogar|cynthia-masters3|1663\n|player|p2|skibidi but swole|swimmer-gen4|1613\n|gen|9\n|tier|[Gen 9] Random Battle\n|rated|\n|rule|Species Clause: Limit one of each Pokémon\n|rule|HP Percentage Mod: HP is shown in percentages\n|rule|Sleep Clause Mod: Limit one foe put to sleep\n|rule|Illusion Level Mod: Illusion disguises the Pokémon's true level\n|\n|t:|1771192876\n|teamsize|p1|6\n|teamsize|p2|6\n|start\n|switch|p1a: Kyogre|Kyogre, L71|259/259\n|switch|p2a: Hydreigon|Hydreigon, L79, F|275/275\n|-weather|RainDance|[from] ability: Drizzle|[of] p1a: Kyogre\n|turn|1\n|inactive|Battle timer is ON: inactive players will automatically lose when time's up. (requested by champ bogar)\n|\n|t:|1771192893\n|switch|p1a: Granbull|Granbull, L88, M|302/302\n|-ability|p1a: Granbull|Intimidate|boost\n|-unboost|p2a: Hydreigon|atk|1\n|switch|p2a: Gholdengo|Gholdengo, L77|261/261\n|\n|-weather|RainDance|[upkeep]\n|upkeep\n|turn|2\n|\n|t:|1771192908\n|switch|p1a: Ampharos|Ampharos, L88, F|302/302\n|move|p2a: Gholdengo|Make It Rain|p1a: Ampharos\n|-resisted|p1a: Ampharos\n|-damage|p1a: Ampharos|258/302\n|-unboost|p2a: Gholdengo|spa|1\n|\n|-weather|RainDance|[upkeep]\n|upkeep\n|turn|3\n|\n|t:|1771192920\n|switch|p2a: Minun|Minun, L95, M|268/268\n|move|p1a: Ampharos|Volt Switch|p2a: Minun\n|-immune|p2a: Minun|[from] ability: Volt Absorb\n|\n|-weather|RainDance|[upkeep]\n|upkeep\n|turn|4\n|\n|t:|1771192926\n|switch|p1a: Pikachu|Pikachu-Original, L93, F|216/216\n|move|p2a: Minun|Encore||[still]\n|-fail|p2a: Minun\n|\n|-weather|RainDance|[upkeep]\n|upkeep\n|turn|5\n|\n|t:|1771192942\n|switch|p2a: Hydreigon|Hydreigon, L79, F|275/275\n|move|p1a: Pikachu|Surf|p2a: Hydreigon\n|-resisted|p2a: Hydreigon\n|-damage|p2a: Hydreigon|198/275\n|\n|-weather|none\n|upkeep\n|turn|6\n|\n|t:|1771192952\n|switch|p2a: Gholdengo|Gholdengo, L77|261/261\n|move|p1a: Pikachu|Play Rough|p2a: Gholdengo\n|-resisted|p2a: Gholdengo\n|-crit|p2a: Gholdengo\n|-damage|p2a: Gholdengo|184/261\n|\n|upkeep\n|turn|7\n|\n|t:|1771192960\n|switch|p2a: Minun|Minun, L95, M|268/268\n|move|p1a: Pikachu|Volt Tackle|p2a: Minun\n|-immune|p2a: Minun|[from] ability: Volt Absorb\n|\n|upkeep\n|turn|8\n|\n|t:|1771192974\n|switch|p1a: Ampharos|Ampharos, L88, F|258/302\n|move|p2a: Minun|Encore||[still]\n|-fail|p2a: Minun\n|\n|upkeep\n|turn|9\n|\n|t:|1771192998\n|-terastallize|p2a: Minun|Fairy\n|move|p2a: Minun|Nasty Plot|p2a: Minun\n|-boost|p2a: Minun|spa|2\n|move|p1a: Ampharos|Dazzling Gleam|p2a: Minun\n|-damage|p2a: Minun|203/268\n|\n|upkeep\n|turn|10\n|\n|t:|1771193008\n|move|p2a: Minun|Nasty Plot|p2a: Minun\n|-boost|p2a: Minun|spa|2\n|move|p1a: Ampharos|Dazzling Gleam|p2a: Minun\n|-damage|p2a: Minun|143/268\n|\n|upkeep\n|turn|11\n|\n|t:|1771193015\n|move|p2a: Minun|Alluring Voice|p1a: Ampharos\n|-crit|p1a: Ampharos\n|-damage|p1a: Ampharos|0 fnt\n|faint|p1a: Ampharos\n|-damage|p2a: Minun|117/268|[from] item: Life Orb\n|\n|upkeep\n|\n|t:|1771193021\n|switch|p1a: Kyogre|Kyogre, L71|259/259\n|-weather|RainDance|[from] ability: Drizzle|[of] p1a: Kyogre\n|turn|12\n|\n|t:|1771193035\n|switch|p2a: Hydreigon|Hydreigon, L79, F|198/275\n|move|p1a: Kyogre|Water Spout|p2a: Hydreigon\n|-resisted|p2a: Hydreigon\n|-damage|p2a: Hydreigon|68/275\n|\n|-weather|RainDance|[upkeep]\n|upkeep\n|turn|13\n|\n|t:|1771193043\n|move|p1a: Kyogre|Water Spout|p2a: Hydreigon\n|-resisted|p2a: Hydreigon\n|-damage|p2a: Hydreigon|0 fnt\n|faint|p2a: Hydreigon\n|\n|-weather|RainDance|[upkeep]\n|upkeep\n|\n|t:|1771193048\n|switch|p2a: Pincurchin|Pincurchin, F|258/258\n|-fieldstart|move: Electric Terrain|[from] ability: Electric Surge|[of] p2a: Pincurchin\n|turn|14\n|\n|t:|1771193060\n|switch|p1a: Pikachu|Pikachu-Original, L93, F|216/216\n|move|p2a: Pincurchin|Scald|p1a: Pikachu\n|-damage|p1a: Pikachu|69/216\n|\n|-weather|RainDance|[upkeep]\n|upkeep\n|turn|15\n|\n|t:|1771193071\n|move|p1a: Pikachu|Surf|p2a: Pincurchin\n|-damage|p2a: Pincurchin|137/258\n|move|p2a: Pincurchin|Scald|p1a: Pikachu\n|-damage|p1a: Pikachu|0 fnt\n|faint|p1a: Pikachu\n|\n|-weather|RainDance|[upkeep]\n|-heal|p2a: Pincurchin|153/258|[from] item: Leftovers\n|upkeep\n|\n|t:|1771193077\n|switch|p1a: Cacturne|Cacturne, L92, F|278/278\n|turn|16\n|\n|t:|1771193090\n|move|p1a: Cacturne|Knock Off|p2a: Pincurchin\n|-damage|p2a: Pincurchin|11/258\n|-enditem|p2a: Pincurchin|Leftovers|[from] move: Knock Off|[of] p1a: Cacturne\n|-damage|p1a: Cacturne|251/278|[from] item: Life Orb\n|move|p2a: Pincurchin|Toxic Spikes|p1a: Cacturne\n|-sidestart|p1: champ bogar|move: Toxic Spikes\n|\n|-weather|none\n|upkeep\n|turn|17\n|\n|t:|1771193100\n|move|p1a: Cacturne|Spikes|p2a: Pincurchin\n|-sidestart|p2: skibidi but swole|Spikes\n|move|p2a: Pincurchin|Recover|p2a: Pincurchin\n|-heal|p2a: Pincurchin|140/258\n|\n|upkeep\n|turn|18\n|\n|t:|1771193107\n|move|p1a: Cacturne|Leaf Storm|p2a: Pincurchin\n|-damage|p2a: Pincurchin|0 fnt\n|-unboost|p1a: Cacturne|spa|2\n|faint|p2a: Pincurchin\n|-damage|p1a: Cacturne|224/278|[from] item: Life Orb\n|\n|-fieldend|move: Electric Terrain\n|upkeep\n|\n|t:|1771193126\n|switch|p2a: Scyther|Scyther, L82, M|249/249\n|turn|19\n|\n|t:|1771193137\n|move|p1a: Cacturne|Sucker Punch|p2a: Scyther\n|-damage|p2a: Scyther|105/249\n|-damage|p1a: Cacturne|197/278|[from] item: Life Orb\n|move|p2a: Scyther|U-turn|p1a: Cacturne\n|-supereffective|p1a: Cacturne\n|-damage|p1a: Cacturne|0 fnt\n|faint|p1a: Cacturne\n|\n|t:|1771193147\n|switch|p2a: Banette|Banette, L93, F|270/270|[from] U-turn\n|-damage|p2a: Banette|237/270|[from] Spikes\n|\n|upkeep\n|\n|t:|1771193151\n|switch|p1a: Granbull|Granbull, L88, M|302/302\n|-status|p1a: Granbull|psn\n|-ability|p1a: Granbull|Intimidate|boost\n|-unboost|p2a: Banette|atk|1\n|turn|20\n|\n|t:|1771193158\n|switch|p2a: Gholdengo|Gholdengo, L77|184/261\n|-damage|p2a: Gholdengo|152/261|[from] Spikes\n|move|p1a: Granbull|Earthquake|p2a: Gholdengo\n|-supereffective|p2a: Gholdengo\n|-damage|p2a: Gholdengo|0 fnt\n|faint|p2a: Gholdengo\n|\n|-damage|p1a: Granbull|265/302 psn|[from] psn\n|upkeep\n|\n|t:|1771193171\n|switch|p2a: Banette|Banette, L93, F|237/270\n|-damage|p2a: Banette|204/270|[from] Spikes\n|turn|21\n|\n|t:|1771193175\n|move|p2a: Banette|Gunk Shot|p1a: Granbull\n|-supereffective|p1a: Granbull\n|-damage|p1a: Granbull|0 fnt\n|faint|p1a: Granbull\n|-damage|p2a: Banette|177/270|[from] item: Life Orb\n|\n|upkeep\n|\n|t:|1771193190\n|switch|p1a: Frosmoth|Frosmoth, L82, F|249/249\n|turn|22\n|\n|t:|1771193200\n|move|p2a: Banette|Thunder Wave|p1a: Frosmoth\n|-status|p1a: Frosmoth|par\n|move|p1a: Frosmoth|Quiver Dance|p1a: Frosmoth\n|-boost|p1a: Frosmoth|spa|1\n|-boost|p1a: Frosmoth|spd|1\n|-boost|p1a: Frosmoth|spe|1\n|\n|upkeep\n|turn|23\n|\n|t:|1771193207\n|switch|p2a: Scyther|Scyther, L82, M|105/249\n|move|p1a: Frosmoth|Quiver Dance|p1a: Frosmoth\n|-boost|p1a: Frosmoth|spa|1\n|-boost|p1a: Frosmoth|spd|1\n|-boost|p1a: Frosmoth|spe|1\n|\n|upkeep\n|turn|24\n|\n|t:|1771193213\n|move|p2a: Scyther|Dual Wingbeat|p1a: Frosmoth\n|-supereffective|p1a: Frosmoth\n|-damage|p1a: Frosmoth|73/249 par\n|-supereffective|p1a: Frosmoth\n|-crit|p1a: Frosmoth\n|-damage|p1a: Frosmoth|0 fnt\n|faint|p1a: Frosmoth\n|-hitcount|p1: Frosmoth|2\n|\n|upkeep\n|\n|t:|1771193215\n|switch|p1a: Kyogre|Kyogre, L71|259/259\n|-status|p1a: Kyogre|psn\n|-weather|RainDance|[from] ability: Drizzle|[of] p1a: Kyogre\n|turn|25\n|\n|t:|1771193219\n|move|p1a: Kyogre|Water Spout|p2a: Scyther\n|-damage|p2a: Scyther|0 fnt\n|faint|p2a: Scyther\n|\n|-weather|RainDance|[upkeep]\n|-damage|p1a: Kyogre|227/259 psn|[from] psn\n|upkeep\n|\n|t:|1771193222\n|switch|p2a: Banette|Banette, L93, F|177/270\n|-damage|p2a: Banette|144/270|[from] Spikes\n|turn|26\n|\n|t:|1771193226\n|-terastallize|p1a: Kyogre|Water\n|move|p2a: Banette|Shadow Sneak|p1a: Kyogre\n|-damage|p1a: Kyogre|136/259 psn\n|-damage|p2a: Banette|117/270|[from] item: Life Orb\n|move|p1a: Kyogre|Water Spout|p2a: Banette\n|-damage|p2a: Banette|0 fnt\n|faint|p2a: Banette\n|\n|-weather|RainDance|[upkeep]\n|-damage|p1a: Kyogre|104/259 psn|[from] psn\n|upkeep\n|\n|t:|1771193235\n|switch|p2a: Minun|Minun, L95, M, tera:Fairy|117/268\n|-damage|p2a: Minun|84/268|[from] Spikes\n|turn|27\n|\n|t:|1771193238\n|move|p1a: Kyogre|Water Spout|p2a: Minun\n|-damage|p2a: Minun|0 fnt\n|faint|p2a: Minun\n|\n|win|champ bogar\n|raw|champ bogar's rating: 1663 &rarr; <strong>1680</strong><br />(+17 for winning)\n|raw|skibidi but swole's rating: 1613 &rarr; <strong>1596</strong><br />(-17 for losing)\n", "inputlog": ">version 686819e5e19f8a7fd2345cfc5a08a5085efa2cc3\n>start {\"formatid\":\"gen9randombattle\",\"seed\":\"sodium,4638200f33b543854764885427637de3\",\"rated\":\"Rated battle\"}\n>player p1 {\"name\":\"champ bogar\",\"avatar\":\"cynthia-masters3\",\"rating\":1663,\"seed\":\"sodium,08dae77daabf00468f113ad5e649ec23\"}\n>player p2 {\"name\":\"skibidi but swole\",\"avatar\":\"swimmer-gen4\",\"rating\":1613,\"seed\":\"sodium,49db8c47fc46e7b9e89792fbde38c03f\"}\n>p1 switch 6\n>p2 switch 3\n>p1 switch 4\n>p2 move makeitrain\n>p1 move voltswitch\n>p2 switch 2\n>p1 switch 3\n>p2 move encore\n>p1 move surf\n>p2 switch 3\n>p1 move playrough\n>p2 switch 2\n>p1 move volttackle\n>p2 switch 3\n>p1 switch 3\n>p2 move encore\n>p1 move dazzlinggleam\n>p2 move nastyplot terastallize\n>p1 move dazzlinggleam\n>p2 move nastyplot\n>p1 move dazzlinggleam\n>p2 move alluringvoice\n>p1 switch 6\n>p1 move waterspout\n>p2 switch 2\n>p1 move waterspout\n>p2 move nastyplot\n>p2 switch 6\n>p1 switch 3\n>p2 move scald\n>p1 move surf\n>p2 move scald\n>p1 switch 5\n>p1 move knockoff\n>p2 move toxicspikes\n>p1 move spikes\n>p2 move recover\n>p1 move leafstorm\n>p2 move discharge\n>p2 switch 4\n>p1 move suckerpunch\n>p2 move uturn\n>p2 switch 5\n>p1 switch 4\n>p1 move earthquake\n>p2 switch 3\n>p2 switch 3\n>p1 move thunderwave\n>p2 move gunkshot\n>p1 switch 2\n>p1 move quiverdance\n>p2 move thunderwave\n>p1 move quiverdance\n>p2 switch 5\n>p1 move quiverdance\n>p2 move dualwingbeat\n>p1 switch 3\n>p1 move waterspout\n>p2 move uturn\n>p2 switch 5\n>p1 move waterspout terastallize\n>p2 move shadowsneak\n>p2 switch 2\n>p1 move waterspout\n>p2 move thunderbolt", "uploadtime": 1771193242, "views": 12, "formatid": "gen9randombattle", "rating": 1596, "private": 0, "password": null}