{"id": "gen9randombattle-2540208188", "format": "[Gen 9] Random Battle", "players": ["unabombirdier", "caterpeace"], "log": "|j|☆unabombirdier\n|j|☆caterpeace\n|t:|1771175924\n|gametype|singles\n|player|p1|unabombirdier|266|1567\n|player|p2|caterpeace|kiawe|1549\n|gen|9\n|tier|[Gen 9] Random Battle\n|rated|\n|rule|Species Clause: Limit one of each Pokémon\n|rule|HP Percentage Mod: HP is shown in percentages\n|rule|Sleep Clause Mod: Limit one foe put to sleep\n|rule|Illusion Level Mod: Illusion disguises the Pokémon's true level\n|\n|t:|1771175924\n|teamsize|p1|6\n|teamsize|p2|6\n|start\n|switch|p1a: Forretress|Forretress, L84, F|263/263\n|switch|p2a: Phione|Phione, L91|293/293\n|turn|1\n|inactive|Battle timer is ON: inactive players will automatically lose when time's up. (requested by caterpeace)\n|\n|t:|1771175933\n|switch|p1a: Luxray|Luxray, L88, M|283/283\n|move|p2a: Phione|Take Heart|p2a: Phione\n|-boost|p2a: Phione|spa|1\n|-boost|p2a: Phione|spd|1\n|\n|-status|p1a: Luxray|brn|[from] item: Flame Orb\n|upkeep\n|turn|2\n|\n|t:|1771175951\n|move|p2a: Phione|Scald|p1a: Luxray\n|-damage|p1a: Luxray|162/283 brn\n|move|p1a: Luxray|Trailblaze|p2a: Phione\n|-supereffective|p2a: Phione\n|-damage|p2a: Phione|157/293\n|-boost|p1a: Luxray|spe|1\n|\n|-heal|p2a: Phione|175/293|[from] item: Leftovers\n|-damage|p1a: Luxray|145/283 brn|[from] brn\n|upkeep\n|turn|3\n|\n|t:|1771175964\n|-terastallize|p2a: Phione|Steel\n|move|p1a: Luxray|Facade|p2a: Phione\n|-resisted|p2a: Phione\n|-damage|p2a: Phione|83/293\n|move|p2a: Phione|Scald|p1a: Luxray\n|-crit|p1a: Luxray\n|-damage|p1a: Luxray|0 fnt\n|faint|p1a: Luxray\n|\n|-heal|p2a: Phione|101/293|[from] item: Leftovers\n|upkeep\n|\n|t:|1771175989\n|switch|p1a: Flamigo|Flamigo, L82, F|269/269\n|turn|4\n|\n|t:|1771176005\n|switch|p2a: Azumarill|Azumarill, L82, F|298/298\n|move|p1a: Flamigo|Close Combat|p2a: Azumarill\n|-resisted|p2a: Azumarill\n|-damage|p2a: Azumarill|182/298\n|-unboost|p1a: Flamigo|def|1\n|-unboost|p1a: Flamigo|spd|1\n|\n|upkeep\n|turn|5\n|\n|t:|1771176013\n|switch|p1a: Forretress|Forretress, L84, F|263/263\n|move|p2a: Azumarill|Liquidation|p1a: Forretress\n|-damage|p1a: Forretress|152/263\n|\n|-heal|p1a: Forretress|168/263|[from] item: Leftovers\n|upkeep\n|turn|6\n|\n|t:|1771176029\n|move|p2a: Azumarill|Liquidation|p1a: Forretress\n|-damage|p1a: Forretress|51/263\n|move|p1a: Forretress|Thunder Wave|p2a: Azumarill\n|-status|p2a: Azumarill|par\n|\n|-heal|p1a: Forretress|67/263|[from] item: Leftovers\n|upkeep\n|turn|7\n|\n|t:|1771176034\n|move|p1a: Forretress|Stealth Rock|p2a: Azumarill\n|-sidestart|p2: caterpeace|move: Stealth Rock\n|move|p2a: Azumarill|Liquidation|p1a: Forretress\n|-damage|p1a: Forretress|0 fnt\n|faint|p1a: Forretress\n|\n|upkeep\n|\n|t:|1771176046\n|switch|p1a: Mismagius|Mismagius, L86, F|243/243\n|turn|8\n|\n|t:|1771176050\n|move|p1a: Mismagius|Thunderbolt|p2a: Azumarill\n|-supereffective|p2a: Azumarill\n|-damage|p2a: Azumarill|0 fnt\n|faint|p2a: Azumarill\n|\n|upkeep\n|\n|t:|1771176063\n|switch|p2a: Phione|Phione, L91, tera:Steel|101/293\n|-damage|p2a: Phione|83/293|[from] Stealth Rock\n|turn|9\n|\n|t:|1771176066\n|move|p1a: Mismagius|Thunderbolt|p2a: Phione\n|-damage|p2a: Phione|0 fnt\n|faint|p2a: Phione\n|\n|upkeep\n|\n|t:|1771176071\n|switch|p2a: Iron Moth|Iron Moth, L78, shiny|253/253\n|-damage|p2a: Iron Moth|190/253|[from] Stealth Rock\n|turn|10\n|\n|t:|1771176089\n|switch|p1a: Chansey|Chansey, L85, F|564/564\n|move|p2a: Iron Moth|Fiery Dance|p1a: Chansey\n|-damage|p1a: Chansey|476/564\n|\n|upkeep\n|turn|11\n|\n|t:|1771176099\n|-end|p2a: Iron Moth|Quark Drive|[silent]\n|switch|p2a: Greedent|Greedent, L86, M|347/347\n|-damage|p2a: Greedent|304/347|[from] Stealth Rock\n|move|p1a: Chansey|Thunder Wave|p2a: Greedent\n|-status|p2a: Greedent|par\n|\n|upkeep\n|turn|12\n|\n|t:|1771176111\n|switch|p1a: Flamigo|Flamigo, L82, F|269/269\n|move|p2a: Greedent|Double-Edge|p1a: Flamigo\n|-damage|p1a: Flamigo|128/269\n|-damage|p2a: Greedent|257/347 par|[from] Recoil\n|\n|upkeep\n|turn|13\n|\n|t:|1771176118\n|switch|p2a: Iron Moth|Iron Moth, L78, shiny|190/253\n|-damage|p2a: Iron Moth|127/253|[from] Stealth Rock\n|move|p1a: Flamigo|Close Combat|p2a: Iron Moth\n|-resisted|p2a: Iron Moth\n|-damage|p2a: Iron Moth|0 fnt\n|-unboost|p1a: Flamigo|def|1\n|-unboost|p1a: Flamigo|spd|1\n|faint|p2a: Iron Moth\n|-end|p2a: Iron Moth|Quark Drive|[silent]\n|\n|upkeep\n|\n|t:|1771176125\n|switch|p2a: Flamigo|Flamigo, L82, F|269/269\n|-damage|p2a: Flamigo|236/269|[from] Stealth Rock\n|turn|14\n|\n|t:|1771176139\n|move|p2a: Flamigo|Close Combat|p1a: Flamigo\n|-resisted|p1a: Flamigo\n|-damage|p1a: Flamigo|0 fnt\n|-unboost|p2a: Flamigo|def|1\n|-unboost|p2a: Flamigo|spd|1\n|faint|p1a: Flamigo\n|\n|upkeep\n|\n|t:|1771176142\n|switch|p1a: Ambipom|Ambipom, L84, F|263/263\n|turn|15\n|\n|t:|1771176159\n|switch|p2a: Greedent|Greedent, L86, M|257/347 par\n|-damage|p2a: Greedent|214/347 par|[from] Stealth Rock\n|move|p1a: Ambipom|Double-Edge|p2a: Greedent\n|-damage|p2a: Greedent|24/347 par\n|-enditem|p2a: Greedent|Sitrus Berry|[eat]\n|-heal|p2a: Greedent|110/347 par|[from] item: Sitrus Berry\n|-heal|p2a: Greedent|225/347 par|[from] ability: Cheek Pouch\n|-damage|p1a: Ambipom|200/263|[from] Recoil\n|\n|upkeep\n|turn|16\n|inactive|unabombirdier has 120 seconds left.\n|\n|t:|1771176198\n|switch|p1a: Chansey|Chansey, L85, F|476/564\n|move|p2a: Greedent|Knock Off|p1a: Chansey\n|-damage|p1a: Chansey|323/564\n|-enditem|p1a: Chansey|Eviolite|[from] move: Knock Off|[of] p2a: Greedent\n|\n|upkeep\n|turn|17\n|inactive|unabombirdier has 120 seconds left.\n|\n|t:|1771176216\n|move|p1a: Chansey|Seismic Toss|p2a: Greedent\n|-damage|p2a: Greedent|140/347 par\n|cant|p2a: Greedent|par\n|\n|upkeep\n|turn|18\n|\n|t:|1771176223\n|move|p1a: Chansey|Soft-Boiled|p1a: Chansey\n|-heal|p1a: Chansey|564/564\n|move|p2a: Greedent|Double-Edge|p1a: Chansey\n|-damage|p1a: Chansey|137/564\n|-damage|p2a: Greedent|0 fnt|[from] Recoil\n|faint|p2a: Greedent\n|\n|upkeep\n|\n|t:|1771176234\n|switch|p2a: Flamigo|Flamigo, L82, F|236/269\n|-damage|p2a: Flamigo|203/269|[from] Stealth Rock\n|turn|19\n|\n|t:|1771176240\n|move|p2a: Flamigo|Close Combat|p1a: Chansey\n|-supereffective|p1a: Chansey\n|-damage|p1a: Chansey|0 fnt\n|-unboost|p2a: Flamigo|def|1\n|-unboost|p2a: Flamigo|spd|1\n|faint|p1a: Chansey\n|\n|upkeep\n|\n|t:|1771176243\n|switch|p1a: Mismagius|Mismagius, L86, F|243/243\n|turn|20\n|\n|t:|1771176249\n|move|p2a: Flamigo|Close Combat|p1a: Mismagius\n|-damage|p1a: Mismagius|68/243\n|-unboost|p2a: Flamigo|def|1\n|-unboost|p2a: Flamigo|spd|1\n|move|p1a: Mismagius|Thunderbolt|p2a: Flamigo\n|-supereffective|p2a: Flamigo\n|-damage|p2a: Flamigo|0 fnt\n|faint|p2a: Flamigo\n|\n|upkeep\n|\n|t:|1771176255\n|switch|p2a: Mimikyu|Mimikyu, L79, M|216/216\n|-damage|p2a: Mimikyu|189/216|[from] Stealth Rock\n|turn|21\n|\n|t:|1771176261\n|move|p2a: Mimikyu|Shadow Sneak|p1a: Mismagius\n|-supereffective|p1a: Mismagius\n|-damage|p1a: Mismagius|0 fnt\n|faint|p1a: Mismagius\n|-damage|p2a: Mimikyu|168/216|[from] item: Life Orb\n|\n|upkeep\n|\n|t:|1771176264\n|switch|p1a: Ambipom|Ambipom, L84, F|200/263\n|turn|22\n|\n|t:|1771176270\n|-terastallize|p1a: Ambipom|Ice\n|move|p1a: Ambipom|Triple Axel|p2a: Mimikyu\n|-activate|p2a: Mimikyu|ability: Disguise\n|-damage|p2a: Mimikyu|168/216\n|detailschange|p2a: Mimikyu|Mimikyu-Busted, L79, M\n|-damage|p2a: Mimikyu|141/216|[from] pokemon: Mimikyu-Busted\n|-damage|p2a: Mimikyu|36/216\n|-hitcount|p2a: Mimikyu|2\n|move|p2a: Mimikyu|Play Rough|p1a: Ambipom\n|-damage|p1a: Ambipom|66/263\n|-damage|p2a: Mimikyu|15/216|[from] item: Life Orb\n|\n|upkeep\n|turn|23\n|\n|t:|1771176282\n|move|p2a: Mimikyu|Shadow Sneak|p1a: Ambipom\n|-crit|p1a: Ambipom\n|-damage|p1a: Ambipom|0 fnt\n|faint|p1a: Ambipom\n|-damage|p2a: Mimikyu|0 fnt|[from] item: Life Orb\n|faint|p2a: Mimikyu\n|\n|win|caterpeace\n|raw|unabombirdier's rating: 1567 &rarr; <strong>1546</strong><br />(-21 for losing)\n|raw|caterpeace's rating: 1549 &rarr; <strong>1570</strong><br />(+21 for winning)\n|l|☆unabombirdier\n|player|p1|\n", "inputlog": ">version 686819e5e19f8a7fd2345cfc5a08a5085efa2cc3\n>start {\"formatid\":\"gen9randombattle\",\"seed\":\"sodium,0a2848b6c4116f474caad620cec1e981\",\"rated\":\"Rated battle\"}\n>player p1 {\"name\":\"unabombirdier\",\"avatar\":\"266\",\"rating\":1567,\"seed\":\"sodium,ca7b732e0871d9e44cc54f1686dacfef\"}\n>player p2 {\"name\":\"caterpeace\",\"avatar\":\"kiawe\",\"rating\":1549,\"seed\":\"sodium,915e2662728ca2c4a0b981b0f2e5208c\"}\n>p1 switch 5\n>p2 move takeheart\n>p1 move trailblaze\n>p2 move scald\n>p1 move facade\n>p2 move scald terastallize\n>p1 switch 4\n>p1 move closecombat\n>p2 switch 2\n>p1 switch 5\n>p2 move liquidation\n>p1 move thunderwave\n>p2 move liquidation\n>p1 move stealthrock\n>p2 move liquidation\n>p1 switch 6\n>p1 move thunderbolt\n>p2 move liquidation\n>p2 switch 2\n>p1 move thunderbolt\n>p2 move rest\n>p2 switch 6\n>p1 switch 3\n>p2 move fierydance\n>p1 move thunderwave\n>p2 switch 3\n>p1 switch 5\n>p2 move doubleedge\n>p1 move closecombat\n>p2 switch 3\n>p2 switch 5\n>p1 move closecombat\n>p2 move closecombat\n>p1 switch 2\n>p1 move doubleedge\n>p2 switch 3\n>p1 switch 5\n>p2 move knockoff\n>p1 move seismictoss\n>p2 move swordsdance\n>p1 move softboiled\n>p2 move doubleedge\n>p2 switch 3\n>p1 move thunderwave\n>p2 move closecombat\n>p1 switch 3\n>p1 move thunderbolt\n>p2 move closecombat\n>p2 switch 4\n>p1 move thunderbolt\n>p2 move shadowsneak\n>p1 switch 5\n>p1 move tripleaxel terastallize\n>p2 move playrough\n>p1 move tripleaxel\n>p2 move shadowsneak", "uploadtime": 1771176291, "views": 9, "formatid": "gen9randombattle", "rating": 1546, "private": 0, "password": null}