{"id": "gen9randombattle-2539974913", "format": "[Gen 9] Random Battle", "players": ["DMoneyBoy", "berloxx"], "log": "|j|☆DMoneyBoy\n|j|☆berloxx\n|t:|1771136566\n|gametype|singles\n|player|p1|DMoneyBoy|proton|1676\n|player|p2|berloxx|hilda-wonderlauncher|1652\n|gen|9\n|tier|[Gen 9] Random Battle\n|rated|\n|rule|Species Clause: Limit one of each Pokémon\n|rule|HP Percentage Mod: HP is shown in percentages\n|rule|Sleep Clause Mod: Limit one foe put to sleep\n|rule|Illusion Level Mod: Illusion disguises the Pokémon's true level\n|\n|t:|1771136566\n|teamsize|p1|6\n|teamsize|p2|6\n|start\n|switch|p1a: Mightyena|Mightyena, L96, F|290/290\n|switch|p2a: Forretress|Forretress, L84, F|263/263\n|-ability|p1a: Mightyena|Intimidate|boost\n|-unboost|p2a: Forretress|atk|1\n|turn|1\n|inactive|Battle timer is ON: inactive players will automatically lose when time's up. (requested by berloxx)\n|\n|t:|1771136582\n|switch|p1a: Dudunsparce|Dudunsparce, L83, M|343/343\n|move|p2a: Forretress|Spikes|p1a: Dudunsparce\n|-sidestart|p1: DMoneyBoy|Spikes\n|\n|upkeep\n|turn|2\n|\n|t:|1771136601\n|switch|p2a: Palossand|Palossand, L89, M|296/296\n|move|p1a: Dudunsparce|Calm Mind|p1a: Dudunsparce\n|-boost|p1a: Dudunsparce|spa|1\n|-boost|p1a: Dudunsparce|spd|1\n|\n|upkeep\n|turn|3\n|\n|t:|1771136605\n|move|p1a: Dudunsparce|Shadow Ball|p2a: Palossand\n|-supereffective|p2a: Palossand\n|-damage|p2a: Palossand|136/296\n|move|p2a: Palossand|Stealth Rock|p1a: Dudunsparce\n|-sidestart|p1: DMoneyBoy|move: Stealth Rock\n|\n|-heal|p2a: Palossand|154/296|[from] item: Leftovers\n|upkeep\n|turn|4\n|\n|t:|1771136609\n|move|p1a: Dudunsparce|Calm Mind|p1a: Dudunsparce\n|-boost|p1a: Dudunsparce|spa|1\n|-boost|p1a: Dudunsparce|spd|1\n|move|p2a: Palossand|Earth Power|p1a: Dudunsparce\n|-damage|p1a: Dudunsparce|282/343\n|\n|-heal|p1a: Dudunsparce|303/343|[from] item: Leftovers\n|-heal|p2a: Palossand|172/296|[from] item: Leftovers\n|upkeep\n|turn|5\n|\n|t:|1771136612\n|switch|p2a: Tauros|Tauros-Paldea-Aqua, L81, M|254/254\n|-ability|p2a: Tauros|Intimidate|boost\n|-unboost|p1a: Dudunsparce|atk|1\n|-ability|p1a: Dudunsparce|Rattled|boost\n|-boost|p1a: Dudunsparce|spe|1\n|move|p1a: Dudunsparce|Shadow Ball|p2a: Tauros\n|-damage|p2a: Tauros|127/254\n|-unboost|p2a: Tauros|spd|1\n|\n|-heal|p1a: Dudunsparce|324/343|[from] item: Leftovers\n|upkeep\n|turn|6\n|\n|t:|1771136616\n|switch|p2a: Palossand|Palossand, L89, M|172/296\n|move|p1a: Dudunsparce|Shadow Ball|p2a: Palossand\n|-supereffective|p2a: Palossand\n|-damage|p2a: Palossand|0 fnt\n|faint|p2a: Palossand\n|\n|-heal|p1a: Dudunsparce|343/343|[from] item: Leftovers\n|upkeep\n|\n|t:|1771136623\n|switch|p2a: Tauros|Tauros-Paldea-Aqua, L81, M|127/254\n|-ability|p2a: Tauros|Intimidate|boost\n|-unboost|p1a: Dudunsparce|atk|1\n|-ability|p1a: Dudunsparce|Rattled|boost\n|-boost|p1a: Dudunsparce|spe|1\n|turn|7\n|\n|t:|1771136626\n|move|p1a: Dudunsparce|Shadow Ball|p2a: Tauros\n|-damage|p2a: Tauros|0 fnt\n|faint|p2a: Tauros\n|\n|upkeep\n|\n|t:|1771136634\n|switch|p2a: Eelektross|Eelektross, L87, M|290/290\n|turn|8\n|\n|t:|1771136639\n|move|p1a: Dudunsparce|Calm Mind|p1a: Dudunsparce\n|-boost|p1a: Dudunsparce|spa|1\n|-boost|p1a: Dudunsparce|spd|1\n|move|p2a: Eelektross|Drain Punch|p1a: Dudunsparce\n|-supereffective|p1a: Dudunsparce\n|-damage|p1a: Dudunsparce|201/343\n|\n|-heal|p1a: Dudunsparce|222/343|[from] item: Leftovers\n|upkeep\n|turn|9\n|\n|t:|1771136645\n|move|p1a: Dudunsparce|Boomburst|p2a: Eelektross\n|-crit|p2a: Eelektross\n|-damage|p2a: Eelektross|0 fnt\n|faint|p2a: Eelektross\n|\n|-heal|p1a: Dudunsparce|243/343|[from] item: Leftovers\n|upkeep\n|\n|t:|1771136649\n|switch|p2a: Forretress|Forretress, L84, F|263/263\n|turn|10\n|\n|t:|1771136652\n|-terastallize|p1a: Dudunsparce|Ghost\n|move|p1a: Dudunsparce|Shadow Ball|p2a: Forretress\n|-damage|p2a: Forretress|28/263\n|move|p2a: Forretress|Body Press|p1a: Dudunsparce\n|-immune|p1a: Dudunsparce\n|\n|-heal|p1a: Dudunsparce|264/343|[from] item: Leftovers\n|-heal|p2a: Forretress|44/263|[from] item: Leftovers\n|upkeep\n|turn|11\n|\n|t:|1771136654\n|move|p1a: Dudunsparce|Shadow Ball|p2a: Forretress\n|-damage|p2a: Forretress|0 fnt\n|faint|p2a: Forretress\n|\n|-heal|p1a: Dudunsparce|285/343|[from] item: Leftovers\n|upkeep\n|\n|t:|1771136660\n|switch|p2a: Hydreigon|Hydreigon, L79, M|275/275\n|turn|12\n|\n|t:|1771136663\n|move|p1a: Dudunsparce|Boomburst|p2a: Hydreigon\n|-damage|p2a: Hydreigon|0 fnt\n|faint|p2a: Hydreigon\n|\n|-heal|p1a: Dudunsparce|306/343|[from] item: Leftovers\n|upkeep\n|\n|t:|1771136665\n|switch|p2a: Chien-Pao|Chien-Pao, L72|234/234\n|-ability|p2a: Chien-Pao|Sword of Ruin\n|turn|13\n|\n|t:|1771136668\n|move|p1a: Dudunsparce|Boomburst|p2a: Chien-Pao\n|-damage|p2a: Chien-Pao|0 fnt\n|faint|p2a: Chien-Pao\n|\n|win|DMoneyBoy\n|raw|DMoneyBoy's rating: 1676 &rarr; <strong>1695</strong><br />(+19 for winning)\n|raw|berloxx's rating: 1652 &rarr; <strong>1633</strong><br />(-19 for losing)\n|l|☆berloxx\n|player|p2|\n", "inputlog": ">version 686819e5e19f8a7fd2345cfc5a08a5085efa2cc3\n>start {\"formatid\":\"gen9randombattle\",\"seed\":\"sodium,eb7d6c4453defc61084cb2e879666075\",\"rated\":\"Rated battle\"}\n>player p1 {\"name\":\"DMoneyBoy\",\"avatar\":\"proton\",\"rating\":1676,\"seed\":\"sodium,644d4095329115e49a2f8ed82c8f1c16\"}\n>player p2 {\"name\":\"berloxx\",\"avatar\":\"hilda-wonderlauncher\",\"rating\":1652,\"seed\":\"sodium,316e4fd4bcf9574c627d852af859a929\"}\n>p1 switch 6\n>p2 move spikes\n>p1 move calmmind\n>p2 switch 5\n>p1 move shadowball\n>p2 move stealthrock\n>p1 move calmmind\n>p2 move earthpower\n>p1 move shadowball\n>p2 switch 2\n>p1 move shadowball\n>p2 switch 2\n>p2 switch 2\n>p1 move shadowball\n>p2 move closecombat\n>p2 switch 6\n>p1 move calmmind\n>p2 move drainpunch\n>p1 move boomburst\n>p2 move coil\n>p2 switch 5\n>p1 move shadowball terastallize\n>p2 move bodypress\n>p1 move shadowball\n>p2 move ironhead\n>p2 switch 4\n>p1 move boomburst\n>p2 move dracometeor\n>p2 switch 3\n>p1 move boomburst\n>p2 move crunch", "uploadtime": 1771136671, "views": 29, "formatid": "gen9randombattle", "rating": 1633, "private": 0, "password": null}