{"id": "gen9randombattle-2540261218", "format": "[Gen 9] Random Battle", "players": ["ShahidCantTech95", "houseofstyx"], "log": "|j|☆ShahidCantTech95\n|j|☆houseofstyx\n|t:|1771181960\n|gametype|singles\n|player|p1|ShahidCantTech95|170|1542\n|player|p2|houseofstyx|volkner|1554\n|gen|9\n|tier|[Gen 9] Random Battle\n|rated|\n|rule|Species Clause: Limit one of each Pokémon\n|rule|HP Percentage Mod: HP is shown in percentages\n|rule|Sleep Clause Mod: Limit one foe put to sleep\n|rule|Illusion Level Mod: Illusion disguises the Pokémon's true level\n|\n|t:|1771181960\n|teamsize|p1|6\n|teamsize|p2|6\n|start\n|switch|p1a: Iron Moth|Iron Moth, L78|253/253\n|switch|p2a: Bronzong|Bronzong, L88|261/261\n|turn|1\n|inactive|Battle timer is ON: inactive players will automatically lose when time's up. (requested by houseofstyx)\n|inactive|ShahidCantTech95 has 120 seconds left.\n|\n|t:|1771181997\n|-end|p1a: Iron Moth|Quark Drive|[silent]\n|switch|p1a: Pelipper|Pelipper, L86, F|243/243\n|-weather|RainDance|[from] ability: Drizzle|[of] p1a: Pelipper\n|move|p2a: Bronzong|Psychic Noise|p1a: Pelipper\n|-damage|p1a: Pelipper|164/243\n|-start|p1a: Pelipper|move: Heal Block\n|\n|-weather|RainDance|[upkeep]\n|upkeep\n|turn|2\n|\n|t:|1771182011\n|move|p1a: Pelipper|Weather Ball|p2a: Bronzong\n|-damage|p2a: Bronzong|80/261\n|move|p2a: Bronzong|Hypnosis|p1a: Pelipper|[miss]\n|-miss|p2a: Bronzong|p1a: Pelipper\n|\n|-weather|RainDance|[upkeep]\n|-heal|p2a: Bronzong|96/261|[from] item: Leftovers\n|-end|p1a: Pelipper|move: Heal Block\n|upkeep\n|turn|3\n|\n|t:|1771182017\n|switch|p2a: Swanna|Swanna, L89, F|278/278\n|move|p1a: Pelipper|Weather Ball|p2a: Swanna\n|-resisted|p2a: Swanna\n|-damage|p2a: Swanna|124/278\n|\n|-weather|RainDance|[upkeep]\n|upkeep\n|turn|4\n|\n|t:|1771182033\n|move|p2a: Swanna|Roost|p2a: Swanna\n|-heal|p2a: Swanna|263/278\n|-singleturn|p2a: Swanna|move: Roost\n|move|p1a: Pelipper|Weather Ball|p2a: Swanna\n|-resisted|p2a: Swanna\n|-damage|p2a: Swanna|106/278\n|\n|-weather|RainDance|[upkeep]\n|upkeep\n|turn|5\n|inactive|ShahidCantTech95 has 120 seconds left.\n|inactive|ShahidCantTech95 has 90 seconds left.\n|\n|t:|1771182097\n|move|p2a: Swanna|Roost|p2a: Swanna\n|-heal|p2a: Swanna|245/278\n|-singleturn|p2a: Swanna|move: Roost\n|move|p1a: Pelipper|Weather Ball|p2a: Swanna\n|-resisted|p2a: Swanna\n|-damage|p2a: Swanna|88/278\n|\n|-weather|none\n|upkeep\n|turn|6\n|inactive|ShahidCantTech95 has 90 seconds left.\n|inactive|ShahidCantTech95 has 60 seconds left.\n|\n|t:|1771182144\n|switch|p1a: Bruxish|Bruxish, L85, F|254/254\n|move|p2a: Swanna|Roost|p2a: Swanna\n|-heal|p2a: Swanna|227/278\n|-singleturn|p2a: Swanna|move: Roost\n|\n|upkeep\n|turn|7\n|\n|t:|1771182156\n|switch|p2a: Bronzong|Bronzong, L88|96/261\n|move|p1a: Bruxish|Psychic Fangs|p2a: Bronzong\n|-resisted|p2a: Bronzong\n|-damage|p2a: Bronzong|50/261\n|\n|-heal|p2a: Bronzong|66/261|[from] item: Leftovers\n|upkeep\n|turn|8\n|inactive|ShahidCantTech95 has 60 seconds left.\n|\n|t:|1771182166\n|switch|p1a: Pelipper|Pelipper, L86, F|164/243\n|-weather|RainDance|[from] ability: Drizzle|[of] p1a: Pelipper\n|move|p2a: Bronzong|Hypnosis|p1a: Pelipper\n|-status|p1a: Pelipper|slp|[from] move: Hypnosis\n|\n|-weather|RainDance|[upkeep]\n|-heal|p2a: Bronzong|82/261|[from] item: Leftovers\n|upkeep\n|turn|9\n|\n|t:|1771182175\n|switch|p1a: Bruxish|Bruxish, L85, F|254/254\n|switch|p2a: Stonjourner|Stonjourner, L91, M|330/330\n|\n|-weather|RainDance|[upkeep]\n|upkeep\n|turn|10\n|\n|t:|1771182180\n|switch|p2a: Swanna|Swanna, L89, F|227/278\n|move|p1a: Bruxish|Wave Crash|p2a: Swanna\n|-resisted|p2a: Swanna\n|-damage|p2a: Swanna|31/278\n|-damage|p1a: Bruxish|189/254|[from] Recoil\n|\n|-weather|RainDance|[upkeep]\n|upkeep\n|turn|11\n|\n|t:|1771182188\n|move|p2a: Swanna|Brave Bird|p1a: Bruxish\n|-damage|p1a: Bruxish|35/254\n|-damage|p2a: Swanna|0 fnt|[from] Recoil\n|faint|p2a: Swanna\n|move|p1a: Bruxish|Wave Crash|p2: Swanna|[notarget]\n|-fail|p1a: Bruxish\n|\n|-weather|RainDance|[upkeep]\n|upkeep\n|\n|t:|1771182205\n|switch|p2a: Passimian|Passimian, L83, M|302/302\n|turn|12\n|inactive|ShahidCantTech95 has 90 seconds left.\n|\n|t:|1771182212\n|switch|p1a: Iron Moth|Iron Moth, L78|253/253\n|move|p2a: Passimian|U-turn|p1a: Iron Moth\n|-resisted|p1a: Iron Moth\n|-damage|p1a: Iron Moth|224/253\n|\n|t:|1771182216\n|switch|p2a: Magcargo|Magcargo, L95, M|268/268|[from] U-turn\n|\n|-weather|none\n|upkeep\n|turn|13\n|\n|t:|1771182223\n|move|p1a: Iron Moth|Toxic Spikes|p2a: Magcargo\n|-sidestart|p2: houseofstyx|move: Toxic Spikes\n|move|p2a: Magcargo|Stealth Rock|p1a: Iron Moth\n|-sidestart|p1: ShahidCantTech95|move: Stealth Rock\n|\n|upkeep\n|turn|14\n|inactive|ShahidCantTech95 has 90 seconds left.\n|\n|t:|1771182245\n|move|p1a: Iron Moth|Energy Ball|p2a: Magcargo\n|-damage|p2a: Magcargo|200/268\n|move|p2a: Magcargo|Power Gem|p1a: Iron Moth\n|-supereffective|p1a: Iron Moth\n|-damage|p1a: Iron Moth|42/253\n|\n|upkeep\n|turn|15\n|inactive|ShahidCantTech95 has 90 seconds left.\n|\n|t:|1771182276\n|move|p1a: Iron Moth|Energy Ball|p2a: Magcargo\n|-damage|p2a: Magcargo|125/268\n|-unboost|p2a: Magcargo|spd|1\n|move|p2a: Magcargo|Recover|p2a: Magcargo\n|-heal|p2a: Magcargo|259/268\n|\n|upkeep\n|turn|16\n|\n|t:|1771182283\n|move|p1a: Iron Moth|Fire Blast|p2a: Magcargo\n|-resisted|p2a: Magcargo\n|-damage|p2a: Magcargo|207/268\n|move|p2a: Magcargo|Power Gem|p1a: Iron Moth\n|-supereffective|p1a: Iron Moth\n|-damage|p1a: Iron Moth|0 fnt\n|faint|p1a: Iron Moth\n|-end|p1a: Iron Moth|Quark Drive|[silent]\n|\n|upkeep\n|\n|t:|1771182294\n|switch|p1a: Comfey|Comfey, L85, F|225/225\n|-damage|p1a: Comfey|197/225|[from] Stealth Rock\n|turn|17\n|\n|t:|1771182311\n|switch|p2a: Bronzong|Bronzong, L88|82/261\n|-terastallize|p1a: Comfey|Ground\n|move|p1a: Comfey|Tera Blast|p2a: Bronzong|[anim] Tera Blast Ground\n|-immune|p2a: Bronzong|[from] ability: Levitate\n|\n|-heal|p1a: Comfey|211/225|[from] item: Leftovers\n|-heal|p2a: Bronzong|98/261|[from] item: Leftovers\n|upkeep\n|turn|18\n|\n|t:|1771182317\n|move|p1a: Comfey|Calm Mind|p1a: Comfey\n|-boost|p1a: Comfey|spa|1\n|-boost|p1a: Comfey|spd|1\n|move|p2a: Bronzong|Psychic Noise|p1a: Comfey\n|-damage|p1a: Comfey|172/225\n|-start|p1a: Comfey|move: Heal Block\n|\n|-heal|p2a: Bronzong|114/261|[from] item: Leftovers\n|upkeep\n|turn|19\n|\n|t:|1771182332\n|switch|p1a: Pelipper|Pelipper, L86, F|164/243 slp\n|-damage|p1a: Pelipper|104/243 slp|[from] Stealth Rock\n|-weather|RainDance|[from] ability: Drizzle|[of] p1a: Pelipper\n|move|p2a: Bronzong|Iron Head|p1a: Pelipper\n|-resisted|p1a: Pelipper\n|-damage|p1a: Pelipper|65/243 slp\n|\n|-weather|RainDance|[upkeep]\n|-heal|p2a: Bronzong|130/261|[from] item: Leftovers\n|upkeep\n|turn|20\n|\n|t:|1771182339\n|cant|p1a: Pelipper|slp\n|move|p2a: Bronzong|Psychic Noise|p1a: Pelipper\n|-damage|p1a: Pelipper|0 fnt\n|faint|p1a: Pelipper\n|\n|-weather|RainDance|[upkeep]\n|-heal|p2a: Bronzong|146/261|[from] item: Leftovers\n|upkeep\n|\n|t:|1771182342\n|switch|p1a: Bruxish|Bruxish, L85, F|35/254\n|-damage|p1a: Bruxish|4/254|[from] Stealth Rock\n|turn|21\n|\n|t:|1771182355\n|move|p1a: Bruxish|Crunch|p2a: Bronzong\n|-supereffective|p2a: Bronzong\n|-damage|p2a: Bronzong|0 fnt\n|faint|p2a: Bronzong\n|\n|-weather|RainDance|[upkeep]\n|upkeep\n|\n|t:|1771182360\n|switch|p2a: Annihilape|Annihilape, L76, F|292/292\n|-status|p2a: Annihilape|psn\n|turn|22\n|\n|t:|1771182369\n|move|p1a: Bruxish|Crunch|p2a: Annihilape\n|-damage|p2a: Annihilape|127/292 psn\n|-unboost|p2a: Annihilape|def|1\n|-ability|p2a: Annihilape|Defiant|boost\n|-boost|p2a: Annihilape|atk|2\n|move|p2a: Annihilape|Drain Punch|p1a: Bruxish\n|-resisted|p1a: Bruxish\n|-damage|p1a: Bruxish|0 fnt\n|-heal|p2a: Annihilape|129/292 psn|[from] drain|[of] p1a: Bruxish\n|faint|p1a: Bruxish\n|\n|-weather|RainDance|[upkeep]\n|-heal|p2a: Annihilape|147/292 psn|[from] item: Leftovers\n|-damage|p2a: Annihilape|111/292 psn|[from] psn\n|upkeep\n|inactive|ShahidCantTech95 has 90 seconds left.\n|\n|t:|1771182395\n|switch|p1a: Lycanroc|Lycanroc-Dusk, L81, F|254/254\n|-damage|p1a: Lycanroc|223/254|[from] Stealth Rock\n|turn|23\n|inactive|ShahidCantTech95 has 90 seconds left.\n|\n|t:|1771182423\n|move|p1a: Lycanroc|Psychic Fangs|p2a: Annihilape\n|-supereffective|p2a: Annihilape\n|-damage|p2a: Annihilape|0 fnt\n|faint|p2a: Annihilape\n|\n|-weather|none\n|upkeep\n|\n|t:|1771182427\n|switch|p2a: Magcargo|Magcargo, L95, M|207/268\n|turn|24\n|\n|t:|1771182436\n|switch|p1a: Comfey|Comfey, L85, F, tera:Ground|172/225\n|-damage|p1a: Comfey|158/225|[from] Stealth Rock\n|move|p2a: Magcargo|Lava Plume|p1a: Comfey\n|-damage|p1a: Comfey|68/225\n|\n|-heal|p1a: Comfey|82/225|[from] item: Leftovers\n|upkeep\n|turn|25\n|\n|t:|1771182443\n|move|p1a: Comfey|Tera Blast|p2a: Magcargo|[anim] Tera Blast Ground\n|-supereffective|p2a: Magcargo\n|-crit|p2a: Magcargo\n|-damage|p2a: Magcargo|0 fnt\n|faint|p2a: Magcargo\n|\n|-heal|p1a: Comfey|96/225|[from] item: Leftovers\n|upkeep\n|\n|t:|1771182445\n|switch|p2a: Passimian|Passimian, L83, M|302/302\n|-status|p2a: Passimian|psn\n|turn|26\n|\n|t:|1771182450\n|move|p1a: Comfey|Draining Kiss|p2a: Passimian\n|-supereffective|p2a: Passimian\n|-damage|p2a: Passimian|170/302 psn\n|-heal|p1a: Comfey|195/225|[from] drain|[of] p2a: Passimian\n|move|p2a: Passimian|Close Combat|p1a: Comfey\n|-damage|p1a: Comfey|0 fnt\n|-unboost|p2a: Passimian|def|1\n|-unboost|p2a: Passimian|spd|1\n|faint|p1a: Comfey\n|\n|-damage|p2a: Passimian|133/302 psn|[from] psn\n|upkeep\n|inactive|ShahidCantTech95 has 90 seconds left.\n|\n|t:|1771182471\n|switch|p1a: Scyther|Scyther, L82, M|249/249\n|turn|27\n|\n|t:|1771182474\n|switch|p2a: Stonjourner|Stonjourner, L91, M|330/330\n|-status|p2a: Stonjourner|psn\n|move|p1a: Scyther|Dual Wingbeat|p2a: Stonjourner\n|-resisted|p2a: Stonjourner\n|-damage|p2a: Stonjourner|309/330 psn\n|-resisted|p2a: Stonjourner\n|-damage|p2a: Stonjourner|286/330 psn\n|-hitcount|p2a: Stonjourner|2\n|\n|-damage|p2a: Stonjourner|245/330 psn|[from] psn\n|upkeep\n|turn|28\n|inactive|ShahidCantTech95 has 90 seconds left.\n|\n|t:|1771182490\n|-terastallize|p2a: Stonjourner|Ground\n|move|p1a: Scyther|Close Combat|p2a: Stonjourner\n|-damage|p2a: Stonjourner|187/330 psn\n|-unboost|p1a: Scyther|def|1\n|-unboost|p1a: Scyther|spd|1\n|move|p2a: Stonjourner|Rock Polish|p2a: Stonjourner\n|-boost|p2a: Stonjourner|spe|2\n|\n|-damage|p2a: Stonjourner|146/330 psn|[from] psn\n|upkeep\n|turn|29\n|\n|t:|1771182499\n|move|p2a: Stonjourner|Earthquake|p1a: Scyther\n|-immune|p1a: Scyther\n|move|p1a: Scyther|Defog|p2a: Stonjourner\n|-unboost|p2a: Stonjourner|evasion|1\n|-sideend|p2: houseofstyx|Toxic Spikes|[from] move: Defog|[of] p1a: Scyther\n|-sideend|p1: ShahidCantTech95|Stealth Rock|[from] move: Defog|[of] p1a: Scyther\n|\n|-damage|p2a: Stonjourner|105/330 psn|[from] psn\n|upkeep\n|turn|30\n|\n|t:|1771182505\n|switch|p1a: Lycanroc|Lycanroc-Dusk, L81, F|223/254\n|move|p2a: Stonjourner|Stone Edge|p1a: Lycanroc\n|-damage|p1a: Lycanroc|0 fnt\n|faint|p1a: Lycanroc\n|-damage|p2a: Stonjourner|72/330 psn|[from] item: Life Orb\n|\n|-damage|p2a: Stonjourner|31/330 psn|[from] psn\n|upkeep\n|\n|t:|1771182508\n|switch|p1a: Scyther|Scyther, L82, M|249/249\n|turn|31\n|\n|t:|1771182512\n|move|p2a: Stonjourner|Stone Edge|p1a: Scyther\n|-supereffective|p1a: Scyther\n|-crit|p1a: Scyther\n|-damage|p1a: Scyther|0 fnt\n|faint|p1a: Scyther\n|-damage|p2a: Stonjourner|0 fnt|[from] item: Life Orb\n|faint|p2a: Stonjourner\n|\n|win|houseofstyx\n|raw|ShahidCantTech95's rating: 1542 &rarr; <strong>1523</strong><br />(-19 for losing)\n|raw|houseofstyx's rating: 1554 &rarr; <strong>1573</strong><br />(+19 for winning)\n|l|☆ShahidCantTech95\n|player|p1|\n", "inputlog": ">version 686819e5e19f8a7fd2345cfc5a08a5085efa2cc3\n>start {\"formatid\":\"gen9randombattle\",\"seed\":\"sodium,3b09e798aa44bdd4e8f8c6ca54aca4cb\",\"rated\":\"Rated battle\"}\n>player p1 {\"name\":\"ShahidCantTech95\",\"avatar\":\"170\",\"rating\":1542,\"seed\":\"sodium,3e41a001e3d5aa6c3b9f3a9c79bb8b67\"}\n>player p2 {\"name\":\"houseofstyx\",\"avatar\":\"volkner\",\"rating\":1554,\"seed\":\"sodium,cd71bcc7001eb6d3e5efc06b83e9c6be\"}\n>p1 switch 4\n>p2 move psychicnoise\n>p1 move weatherball\n>p2 move hypnosis\n>p1 move weatherball\n>p2 switch 5\n>p1 move weatherball\n>p2 move roost\n>p1 move weatherball\n>p2 move roost\n>p1 switch 2\n>p2 move roost\n>p1 move psychicfangs\n>p2 switch 5\n>p1 switch 2\n>p2 move hypnosis\n>p1 switch 2\n>p2 switch 6\n>p1 move wavecrash\n>p2 switch 5\n>p1 move wavecrash\n>p2 move bravebird\n>p2 switch 2\n>p1 switch 4\n>p2 move uturn\n>p2 switch 3\n>p1 move toxicspikes\n>p2 move stealthrock\n>p1 move energyball\n>p2 move powergem\n>p1 move energyball\n>p2 move recover\n>p1 move fireblast\n>p2 move powergem\n>p1 switch 5\n>p1 move terablast terastallize\n>p2 switch 6\n>p1 move calmmind\n>p2 move psychicnoise\n>p1 switch 2\n>p2 move ironhead\n>p1 move weatherball\n>p2 move psychicnoise\n>p1 switch 4\n>p1 move crunch\n>p2 move ironhead\n>p2 switch 4\n>p1 move crunch\n>p2 move drainpunch\n>p1 switch 6\n>p1 move psychicfangs\n>p2 move drainpunch\n>p2 switch 6\n>p1 switch 2\n>p2 move lavaplume\n>p1 move terablast\n>p2 move lavaplume\n>p2 switch 3\n>p1 move drainingkiss\n>p2 move closecombat\n>p1 switch 3\n>p1 move dualwingbeat\n>p2 switch 5\n>p1 move closecombat\n>p2 move rockpolish terastallize\n>p1 move defog\n>p2 move earthquake\n>p1 switch 2\n>p2 move stoneedge\n>p1 switch 2\n>p1 move uturn\n>p2 move stoneedge", "uploadtime": 1771182526, "views": 11, "formatid": "gen9randombattle", "rating": 1523, "private": 0, "password": null}