{"id": "gen9randombattle-2540581964", "format": "[Gen 9] Random Battle", "players": ["rahul tae_yong", "Hexagroudon"], "log": "|j|☆rahul tae_yong\n|j|☆Hexagroudon\n|t:|1771221591\n|gametype|singles\n|player|p1|rahul tae_yong|steven|1538\n|player|p2|Hexagroudon|wallace|1539\n|gen|9\n|tier|[Gen 9] Random Battle\n|rated|\n|rule|Species Clause: Limit one of each Pokémon\n|rule|HP Percentage Mod: HP is shown in percentages\n|rule|Sleep Clause Mod: Limit one foe put to sleep\n|rule|Illusion Level Mod: Illusion disguises the Pokémon's true level\n|\n|t:|1771221591\n|teamsize|p1|6\n|teamsize|p2|6\n|start\n|switch|p1a: Hatterene|Hatterene, L85, F|236/236\n|switch|p2a: Vivillon|Vivillon-Sun, L83, M|268/268\n|turn|1\n|inactive|Battle timer is ON: inactive players will automatically lose when time's up. (requested by rahul tae_yong)\n|\n|t:|1771221621\n|switch|p2a: Araquanid|Araquanid, L82, M|246/246\n|move|p1a: Hatterene|Mystical Fire|p2a: Araquanid\n|-damage|p2a: Araquanid|218/246\n|-unboost|p2a: Araquanid|spa|1\n|\n|upkeep\n|turn|2\n|\n|t:|1771221632\n|move|p2a: Araquanid|Leech Life|p1a: Hatterene\n|-damage|p1a: Hatterene|179/236\n|-heal|p2a: Araquanid|246/246|[from] drain|[of] p1a: Hatterene\n|move|p1a: Hatterene|Calm Mind|p1a: Hatterene\n|-boost|p1a: Hatterene|spa|1\n|-boost|p1a: Hatterene|spd|1\n|\n|-heal|p1a: Hatterene|193/236|[from] item: Leftovers\n|upkeep\n|turn|3\n|\n|t:|1771221641\n|move|p2a: Araquanid|Liquidation|p1a: Hatterene\n|-damage|p1a: Hatterene|57/236\n|move|p1a: Hatterene|Draining Kiss|p2a: Araquanid\n|-damage|p2a: Araquanid|162/246\n|-heal|p1a: Hatterene|120/236|[from] drain|[of] p2a: Araquanid\n|\n|-heal|p1a: Hatterene|134/236|[from] item: Leftovers\n|upkeep\n|turn|4\n|\n|t:|1771221650\n|move|p2a: Araquanid|Liquidation|p1a: Hatterene\n|-damage|p1a: Hatterene|5/236\n|move|p1a: Hatterene|Draining Kiss|p2a: Araquanid\n|-damage|p2a: Araquanid|87/246\n|-heal|p1a: Hatterene|61/236|[from] drain|[of] p2a: Araquanid\n|\n|-heal|p1a: Hatterene|75/236|[from] item: Leftovers\n|upkeep\n|turn|5\n|\n|t:|1771221660\n|move|p2a: Araquanid|Liquidation|p1a: Hatterene\n|-damage|p1a: Hatterene|0 fnt\n|faint|p1a: Hatterene\n|\n|upkeep\n|\n|t:|1771221669\n|switch|p1a: Infernape|Infernape, L82, F|259/259\n|turn|6\n|\n|t:|1771221680\n|move|p1a: Infernape|Flare Blitz|p2a: Araquanid\n|-damage|p2a: Araquanid|26/246\n|-damage|p1a: Infernape|239/259|[from] Recoil\n|move|p2a: Araquanid|Liquidation|p1a: Infernape\n|-supereffective|p1a: Infernape\n|-damage|p1a: Infernape|0 fnt\n|faint|p1a: Infernape\n|\n|upkeep\n|\n|t:|1771221686\n|switch|p1a: Venusaur|Venusaur, L84, F|272/272\n|turn|7\n|\n|t:|1771221690\n|move|p1a: Venusaur|Sludge Bomb|p2a: Araquanid\n|-damage|p2a: Araquanid|0 fnt\n|faint|p2a: Araquanid\n|\n|upkeep\n|\n|t:|1771221697\n|switch|p2a: Sceptile|Sceptile, L87, F|264/264\n|turn|8\n|\n|t:|1771221715\n|switch|p2a: Bastiodon|Bastiodon, L89, F|252/252\n|move|p1a: Venusaur|Sludge Bomb|p2a: Bastiodon\n|-immune|p2a: Bastiodon\n|\n|upkeep\n|turn|9\n|\n|t:|1771221725\n|move|p1a: Venusaur|Leech Seed|p2a: Bastiodon\n|-start|p2a: Bastiodon|move: Leech Seed\n|move|p2a: Bastiodon|Iron Defense|p2a: Bastiodon\n|-boost|p2a: Bastiodon|def|2\n|\n|-damage|p2a: Bastiodon|221/252|[from] Leech Seed|[of] p1a: Venusaur\n|upkeep\n|turn|10\n|\n|t:|1771221733\n|move|p1a: Venusaur|Substitute|p1a: Venusaur\n|-start|p1a: Venusaur|Substitute\n|-damage|p1a: Venusaur|204/272\n|move|p2a: Bastiodon|Iron Defense|p2a: Bastiodon\n|-boost|p2a: Bastiodon|def|2\n|\n|-heal|p1a: Venusaur|221/272|[from] item: Leftovers\n|-damage|p2a: Bastiodon|190/252|[from] Leech Seed|[of] p1a: Venusaur\n|-heal|p1a: Venusaur|252/272|[silent]\n|upkeep\n|turn|11\n|\n|t:|1771221742\n|move|p1a: Venusaur|Giga Drain|p2a: Bastiodon\n|-damage|p2a: Bastiodon|138/252\n|-heal|p1a: Venusaur|272/272|[from] drain|[of] p2a: Bastiodon\n|move|p2a: Bastiodon|Body Press|p1a: Venusaur\n|-resisted|p1a: Venusaur\n|-end|p1a: Venusaur|Substitute\n|\n|-damage|p2a: Bastiodon|107/252|[from] Leech Seed|[of] p1a: Venusaur\n|upkeep\n|turn|12\n|\n|t:|1771221759\n|move|p1a: Venusaur|Giga Drain|p2a: Bastiodon\n|-damage|p2a: Bastiodon|47/252\n|move|p2a: Bastiodon|Body Press|p1a: Venusaur\n|-resisted|p1a: Venusaur\n|-damage|p1a: Venusaur|120/272\n|\n|-heal|p1a: Venusaur|137/272|[from] item: Leftovers\n|-damage|p2a: Bastiodon|16/252|[from] Leech Seed|[of] p1a: Venusaur\n|-heal|p1a: Venusaur|168/272|[silent]\n|upkeep\n|turn|13\n|\n|t:|1771221768\n|move|p1a: Venusaur|Giga Drain|p2a: Bastiodon\n|-damage|p2a: Bastiodon|0 fnt\n|-heal|p1a: Venusaur|176/272|[from] drain|[of] p2a: Bastiodon\n|faint|p2a: Bastiodon\n|\n|-heal|p1a: Venusaur|193/272|[from] item: Leftovers\n|upkeep\n|\n|t:|1771221782\n|switch|p2a: Vivillon|Vivillon-Sun, L83, M|268/268\n|turn|14\n|\n|t:|1771221791\n|switch|p1a: Snorlax|Snorlax, L82, F|397/397\n|move|p2a: Vivillon|Quiver Dance|p2a: Vivillon\n|-boost|p2a: Vivillon|spa|1\n|-boost|p2a: Vivillon|spd|1\n|-boost|p2a: Vivillon|spe|1\n|\n|upkeep\n|turn|15\n|\n|t:|1771221799\n|move|p2a: Vivillon|Sleep Powder|p1a: Snorlax|[miss]\n|-miss|p2a: Vivillon|p1a: Snorlax\n|move|p1a: Snorlax|Body Slam|p2a: Vivillon\n|-damage|p2a: Vivillon|127/268\n|-status|p2a: Vivillon|par\n|\n|upkeep\n|turn|16\n|\n|t:|1771221808\n|move|p2a: Vivillon|Hurricane|p1a: Snorlax\n|-damage|p1a: Snorlax|270/397\n|-start|p1a: Snorlax|confusion\n|-activate|p1a: Snorlax|confusion\n|-damage|p1a: Snorlax|231/397|[from] confusion\n|\n|-heal|p1a: Snorlax|255/397|[from] item: Leftovers\n|upkeep\n|turn|17\n|\n|t:|1771221817\n|move|p2a: Vivillon|Sleep Powder|p1a: Snorlax\n|-status|p1a: Snorlax|slp|[from] move: Sleep Powder\n|cant|p1a: Snorlax|slp\n|\n|-heal|p1a: Snorlax|279/397 slp|[from] item: Leftovers\n|upkeep\n|turn|18\n|\n|t:|1771221825\n|switch|p1a: Luvdisc|Luvdisc, M|247/247\n|move|p2a: Vivillon|Hurricane|p1a: Luvdisc|[miss]\n|-miss|p2a: Vivillon|p1a: Luvdisc\n|\n|upkeep\n|turn|19\n|\n|t:|1771221834\n|move|p1a: Luvdisc|Whirlpool|p2a: Vivillon\n|-damage|p2a: Vivillon|94/268 par\n|-activate|p2a: Vivillon|move: Whirlpool|[of] p1a: Luvdisc\n|cant|p2a: Vivillon|par\n|\n|-damage|p2a: Vivillon|61/268 par|[from] move: Whirlpool|[partiallytrapped]\n|upkeep\n|turn|20\n|\n|t:|1771221840\n|move|p1a: Luvdisc|Substitute|p1a: Luvdisc\n|-start|p1a: Luvdisc|Substitute\n|-damage|p1a: Luvdisc|186/247\n|move|p2a: Vivillon|Hurricane|p1a: Luvdisc|[miss]\n|-miss|p2a: Vivillon|p1a: Luvdisc\n|\n|-damage|p2a: Vivillon|28/268 par|[from] move: Whirlpool|[partiallytrapped]\n|upkeep\n|turn|21\n|\n|t:|1771221847\n|move|p1a: Luvdisc|Surf|p2a: Vivillon\n|-damage|p2a: Vivillon|0 fnt\n|faint|p2a: Vivillon\n|\n|upkeep\n|\n|t:|1771221852\n|switch|p2a: Sceptile|Sceptile, L87, F|264/264\n|turn|22\n|\n|t:|1771221857\n|move|p2a: Sceptile|Leaf Blade|p1a: Luvdisc\n|-supereffective|p1a: Luvdisc\n|-end|p1a: Luvdisc|Substitute\n|-damage|p2a: Sceptile|238/264|[from] item: Life Orb\n|move|p1a: Luvdisc|Whirlpool|p2a: Sceptile\n|-resisted|p2a: Sceptile\n|-damage|p2a: Sceptile|225/264\n|-activate|p2a: Sceptile|move: Whirlpool|[of] p1a: Luvdisc\n|\n|-damage|p2a: Sceptile|192/264|[from] move: Whirlpool|[partiallytrapped]\n|upkeep\n|turn|23\n|\n|t:|1771221868\n|switch|p1a: Gliscor|Gliscor, L76, F|239/239\n|move|p2a: Sceptile|Swords Dance|p2a: Sceptile\n|-boost|p2a: Sceptile|atk|2\n|\n|-end|p2a: Sceptile|Whirlpool|[partiallytrapped]|[silent]\n|-status|p1a: Gliscor|tox|[from] item: Toxic Orb\n|upkeep\n|turn|24\n|\n|t:|1771221878\n|move|p2a: Sceptile|Leaf Blade|p1a: Gliscor\n|-damage|p1a: Gliscor|35/239 tox\n|-damage|p2a: Sceptile|166/264|[from] item: Life Orb\n|move|p1a: Gliscor|Toxic|p2a: Sceptile|[miss]\n|-miss|p1a: Gliscor|p2a: Sceptile\n|\n|-heal|p1a: Gliscor|64/239 tox|[from] ability: Poison Heal\n|upkeep\n|turn|25\n|\n|t:|1771221887\n|move|p1a: Gliscor|Protect|p1a: Gliscor\n|-singleturn|p1a: Gliscor|Protect\n|move|p2a: Sceptile|Leaf Blade|p1a: Gliscor\n|-activate|p1a: Gliscor|move: Protect\n|\n|-heal|p1a: Gliscor|93/239 tox|[from] ability: Poison Heal\n|upkeep\n|turn|26\n|\n|t:|1771221898\n|switch|p1a: Snorlax|Snorlax, L82, F|279/397 slp\n|move|p2a: Sceptile|Leaf Blade|p1a: Snorlax\n|-damage|p1a: Snorlax|0 fnt\n|faint|p1a: Snorlax\n|-damage|p2a: Sceptile|140/264|[from] item: Life Orb\n|\n|upkeep\n|\n|t:|1771221902\n|switch|p1a: Venusaur|Venusaur, L84, F|193/272\n|turn|27\n|\n|t:|1771221920\n|-terastallize|p2a: Sceptile|Rock\n|move|p2a: Sceptile|Swords Dance|p2a: Sceptile\n|-boost|p2a: Sceptile|atk|2\n|move|p1a: Venusaur|Sludge Bomb|p2a: Sceptile\n|-resisted|p2a: Sceptile\n|-damage|p2a: Sceptile|93/264\n|\n|-heal|p1a: Venusaur|210/272|[from] item: Leftovers\n|upkeep\n|turn|28\n|\n|t:|1771221928\n|-terastallize|p1a: Venusaur|Steel\n|move|p2a: Sceptile|Earthquake|p1a: Venusaur\n|-supereffective|p1a: Venusaur\n|-damage|p1a: Venusaur|0 fnt\n|faint|p1a: Venusaur\n|-damage|p2a: Sceptile|67/264|[from] item: Life Orb\n|\n|upkeep\n|-message|rahul tae_yong forfeited.\n|\n|win|Hexagroudon\n|raw|rahul tae_yong's rating: 1538 &rarr; <strong>1518</strong><br />(-20 for losing)\n|raw|Hexagroudon's rating: 1539 &rarr; <strong>1559</strong><br />(+20 for winning)\n|l|☆rahul tae_yong\n|player|p1|\n", "inputlog": ">version 686819e5e19f8a7fd2345cfc5a08a5085efa2cc3\n>start {\"formatid\":\"gen9randombattle\",\"seed\":\"sodium,7df1c325963ddeac7b395263337e1c1f\",\"rated\":\"Rated battle\"}\n>player p1 {\"name\":\"rahul tae_yong\",\"avatar\":\"steven\",\"rating\":1538,\"seed\":\"sodium,370bc899bd74b3d4308cc482398064c6\"}\n>player p2 {\"name\":\"Hexagroudon\",\"avatar\":\"wallace\",\"rating\":1539,\"seed\":\"sodium,0fa863dad9eb444279f4f4ee715f9c0f\"}\n>p1 move mysticalfire\n>p2 switch 4\n>p1 move calmmind\n>p2 move leechlife\n>p1 move drainingkiss\n>p2 move liquidation\n>p1 move drainingkiss\n>p2 move liquidation\n>p1 move drainingkiss\n>p2 move liquidation\n>p1 switch 6\n>p1 move flareblitz\n>p2 move liquidation\n>p1 switch 5\n>p1 move sludgebomb\n>p2 move stickyweb\n>p2 switch 2\n>p1 move sludgebomb\n>p2 switch 5\n>p1 move leechseed\n>p2 move irondefense\n>p1 move substitute\n>p2 move irondefense\n>p1 move gigadrain\n>p2 move bodypress\n>p1 move gigadrain\n>p2 move bodypress\n>p1 move gigadrain\n>p2 move bodypress\n>p2 switch 4\n>p1 switch 2\n>p2 move quiverdance\n>p1 move bodyslam\n>p2 move sleeppowder\n>p1 move bodyslam\n>p2 move hurricane\n>p1 move bodyslam\n>p2 move sleeppowder\n>p1 switch 3\n>p2 move hurricane\n>p1 move whirlpool\n>p2 move hurricane\n>p1 move substitute\n>p2 move hurricane\n>p1 move surf\n>p2 move hurricane\n>p2 switch 5\n>p1 move whirlpool\n>p2 move leafblade\n>p1 switch 4\n>p2 move swordsdance\n>p1 move toxic\n>p2 move leafblade\n>p1 move protect\n>p2 move leafblade\n>p1 switch 3\n>p2 move leafblade\n>p1 switch 2\n>p1 move sludgebomb\n>p2 move swordsdance terastallize\n>p1 move gigadrain terastallize\n>p2 move earthquake\n>forcelose p1", "uploadtime": 1771221942, "views": 14, "formatid": "gen9randombattle", "rating": 1518, "private": 0, "password": null}