{"id": "gen9randombattle-2540663311", "format": "[Gen 9] Random Battle", "players": ["bolivo", "M4teo010101"], "log": "|j|☆bolivo\n|j|☆M4teo010101\n|t:|1771236384\n|gametype|singles\n|player|p1|bolivo|clair|1605\n|player|p2|M4teo010101|sycamore-masters|1599\n|gen|9\n|tier|[Gen 9] Random Battle\n|rated|\n|rule|Species Clause: Limit one of each Pokémon\n|rule|HP Percentage Mod: HP is shown in percentages\n|rule|Sleep Clause Mod: Limit one foe put to sleep\n|rule|Illusion Level Mod: Illusion disguises the Pokémon's true level\n|\n|t:|1771236384\n|teamsize|p1|6\n|teamsize|p2|6\n|start\n|switch|p1a: Torkoal|Torkoal, L88, F|266/266\n|switch|p2a: Cryogonal|Cryogonal, L89|287/287\n|-weather|SunnyDay|[from] ability: Drought|[of] p1a: Torkoal\n|turn|1\n|c|☆M4teo010101|hf\n|inactive|Battle timer is ON: inactive players will automatically lose when time's up. (requested by M4teo010101)\n|inactive|bolivo has 120 seconds left.\n|\n|t:|1771236419\n|switch|p2a: Lugia|Lugia, L73|275/275\n|move|p1a: Torkoal|Yawn|p2a: Lugia\n|-start|p2a: Lugia|move: Yawn|[of] p1a: Torkoal\n|\n|-weather|SunnyDay|[upkeep]\n|upkeep\n|turn|2\n|\n|t:|1771236431\n|switch|p2a: Blissey|Blissey, L85, F|572/572\n|switch|p1a: Mimikyu|Mimikyu, L79, M|216/216\n|\n|-weather|SunnyDay|[upkeep]\n|upkeep\n|turn|3\n|\n|t:|1771236435\n|switch|p2a: Qwilfish|Qwilfish, L86, M|252/252\n|-ability|p2a: Qwilfish|Intimidate|boost\n|-unboost|p1a: Mimikyu|atk|1\n|move|p1a: Mimikyu|Swords Dance|p1a: Mimikyu\n|-boost|p1a: Mimikyu|atk|2\n|\n|-weather|SunnyDay|[upkeep]\n|upkeep\n|turn|4\n|\n|t:|1771236441\n|move|p1a: Mimikyu|Swords Dance|p1a: Mimikyu\n|-boost|p1a: Mimikyu|atk|2\n|move|p2a: Qwilfish|Gunk Shot|p1a: Mimikyu\n|-activate|p1a: Mimikyu|ability: Disguise\n|-damage|p1a: Mimikyu|216/216\n|-status|p1a: Mimikyu|psn\n|detailschange|p1a: Mimikyu|Mimikyu-Busted, L79, M\n|-damage|p1a: Mimikyu|189/216 psn|[from] pokemon: Mimikyu-Busted\n|\n|-weather|SunnyDay|[upkeep]\n|-damage|p1a: Mimikyu|162/216 psn|[from] psn\n|upkeep\n|turn|5\n|\n|t:|1771236444\n|move|p1a: Mimikyu|Shadow Claw|p2a: Qwilfish\n|-crit|p2a: Qwilfish\n|-damage|p2a: Qwilfish|0 fnt\n|faint|p2a: Qwilfish\n|-damage|p1a: Mimikyu|141/216 psn|[from] item: Life Orb\n|\n|-weather|none\n|-damage|p1a: Mimikyu|114/216 psn|[from] psn\n|upkeep\n|\n|t:|1771236445\n|switch|p2a: Alomomola|Alomomola, L87, M|429/429\n|turn|6\n|\n|t:|1771236447\n|move|p1a: Mimikyu|Shadow Claw|p2a: Alomomola\n|-damage|p2a: Alomomola|215/429\n|-damage|p1a: Mimikyu|93/216 psn|[from] item: Life Orb\n|move|p2a: Alomomola|Flip Turn|p1a: Mimikyu\n|-damage|p1a: Mimikyu|32/216 psn\n|\n|t:|1771236449\n|switch|p2a: Lugia|Lugia, L73|275/275|[from] Flip Turn\n|\n|-damage|p1a: Mimikyu|5/216 psn|[from] psn\n|upkeep\n|turn|7\n|\n|t:|1771236453\n|move|p2a: Lugia|Aeroblast|p1a: Mimikyu\n|-damage|p1a: Mimikyu|0 fnt\n|faint|p1a: Mimikyu\n|\n|upkeep\n|\n|t:|1771236462\n|switch|p1a: Greedent|Greedent, L86, F|347/347\n|turn|8\n|\n|t:|1771236463\n|move|p2a: Lugia|Aeroblast|p1a: Greedent\n|-damage|p1a: Greedent|260/347\n|move|p1a: Greedent|Knock Off|p2a: Lugia\n|-supereffective|p2a: Lugia\n|-damage|p2a: Lugia|215/275\n|-enditem|p2a: Lugia|Heavy-Duty Boots|[from] move: Knock Off|[of] p1a: Greedent\n|\n|upkeep\n|turn|9\n|\n|t:|1771236468\n|switch|p2a: Alomomola|Alomomola, L87, M|358/429\n|move|p1a: Greedent|Swords Dance|p1a: Greedent\n|-boost|p1a: Greedent|atk|2\n|\n|-heal|p2a: Alomomola|384/429|[from] item: Leftovers\n|upkeep\n|turn|10\n|\n|t:|1771236471\n|move|p2a: Alomomola|Scald|p1a: Greedent\n|-damage|p1a: Greedent|203/347\n|-status|p1a: Greedent|brn\n|move|p1a: Greedent|Body Slam|p2a: Alomomola\n|-damage|p2a: Alomomola|289/429\n|\n|-heal|p2a: Alomomola|315/429|[from] item: Leftovers\n|-damage|p1a: Greedent|182/347 brn|[from] brn\n|upkeep\n|turn|11\n|\n|t:|1771236476\n|move|p2a: Alomomola|Wish|p2a: Alomomola\n|move|p1a: Greedent|Swords Dance|p1a: Greedent\n|-boost|p1a: Greedent|atk|2\n|\n|-heal|p2a: Alomomola|341/429|[from] item: Leftovers\n|-damage|p1a: Greedent|161/347 brn|[from] brn\n|upkeep\n|-enditem|p1a: Greedent|Sitrus Berry|[eat]\n|-heal|p1a: Greedent|247/347 brn|[from] item: Sitrus Berry\n|-heal|p1a: Greedent|347/347 brn|[from] ability: Cheek Pouch\n|turn|12\n|\n|t:|1771236477\n|switch|p2a: Lugia|Lugia, L73|215/275\n|move|p1a: Greedent|Knock Off|p2a: Lugia\n|-supereffective|p2a: Lugia\n|-damage|p2a: Lugia|102/275\n|\n|-heal|p2a: Lugia|275/275|[from] move: Wish|[wisher] Alomomola\n|-damage|p1a: Greedent|326/347 brn|[from] brn\n|upkeep\n|turn|13\n|\n|t:|1771236481\n|move|p2a: Lugia|Calm Mind|p2a: Lugia\n|-boost|p2a: Lugia|spa|1\n|-boost|p2a: Lugia|spd|1\n|move|p1a: Greedent|Knock Off|p2a: Lugia\n|-supereffective|p2a: Lugia\n|-damage|p2a: Lugia|212/275\n|\n|-damage|p1a: Greedent|305/347 brn|[from] brn\n|upkeep\n|turn|14\n|\n|t:|1771236483\n|move|p2a: Lugia|Recover|p2a: Lugia\n|-heal|p2a: Lugia|275/275\n|move|p1a: Greedent|Body Slam|p2a: Lugia\n|-damage|p2a: Lugia|218/275\n|-status|p2a: Lugia|par\n|\n|-damage|p1a: Greedent|284/347 brn|[from] brn\n|upkeep\n|turn|15\n|\n|t:|1771236486\n|cant|p2a: Lugia|par\n|move|p1a: Greedent|Body Slam|p2a: Lugia\n|-damage|p2a: Lugia|92/275 par\n|\n|-damage|p1a: Greedent|263/347 brn|[from] brn\n|upkeep\n|turn|16\n|\n|t:|1771236489\n|move|p2a: Lugia|Recover|p2a: Lugia\n|-heal|p2a: Lugia|230/275 par\n|move|p1a: Greedent|Body Slam|p2a: Lugia\n|-damage|p2a: Lugia|121/275 par\n|\n|-damage|p1a: Greedent|242/347 brn|[from] brn\n|upkeep\n|turn|17\n|\n|t:|1771236491\n|move|p2a: Lugia|Recover|p2a: Lugia\n|-heal|p2a: Lugia|259/275 par\n|move|p1a: Greedent|Body Slam|p2a: Lugia\n|-damage|p2a: Lugia|140/275 par\n|\n|-damage|p1a: Greedent|221/347 brn|[from] brn\n|upkeep\n|turn|18\n|\n|t:|1771236493\n|cant|p2a: Lugia|par\n|move|p1a: Greedent|Body Slam|p2a: Lugia\n|-crit|p2a: Lugia\n|-damage|p2a: Lugia|0 fnt\n|faint|p2a: Lugia\n|\n|-damage|p1a: Greedent|200/347 brn|[from] brn\n|upkeep\n|\n|t:|1771236494\n|switch|p2a: Cryogonal|Cryogonal, L89|287/287\n|turn|19\n|\n|t:|1771236498\n|move|p2a: Cryogonal|Haze|p2a: Cryogonal\n|-clearallboost\n|move|p1a: Greedent|Body Slam|p2a: Cryogonal\n|-damage|p2a: Cryogonal|223/287\n|\n|-damage|p1a: Greedent|179/347 brn|[from] brn\n|upkeep\n|turn|20\n|\n|t:|1771236501\n|move|p2a: Cryogonal|Freeze-Dry|p1a: Greedent\n|-damage|p1a: Greedent|82/347 brn\n|move|p1a: Greedent|Body Slam|p2a: Cryogonal\n|-damage|p2a: Cryogonal|160/287\n|\n|-damage|p1a: Greedent|61/347 brn|[from] brn\n|upkeep\n|turn|21\n|\n|t:|1771236503\n|move|p2a: Cryogonal|Recover|p2a: Cryogonal\n|-heal|p2a: Cryogonal|287/287\n|move|p1a: Greedent|Knock Off|p2a: Cryogonal\n|-damage|p2a: Cryogonal|239/287\n|-enditem|p2a: Cryogonal|Heavy-Duty Boots|[from] move: Knock Off|[of] p1a: Greedent\n|\n|-damage|p1a: Greedent|40/347 brn|[from] brn\n|upkeep\n|turn|22\n|\n|t:|1771236505\n|move|p2a: Cryogonal|Freeze-Dry|p1a: Greedent\n|-damage|p1a: Greedent|0 fnt\n|faint|p1a: Greedent\n|\n|upkeep\n|\n|t:|1771236511\n|switch|p1a: Torkoal|Torkoal, L88, F|266/266\n|-weather|SunnyDay|[from] ability: Drought|[of] p1a: Torkoal\n|turn|23\n|\n|t:|1771236515\n|switch|p2a: Blissey|Blissey, L85, F|572/572\n|move|p1a: Torkoal|Solar Beam||[still]\n|-prepare|p1a: Torkoal|Solar Beam\n|-anim|p1a: Torkoal|Solar Beam|p2a: Blissey\n|-damage|p2a: Blissey|510/572\n|\n|-weather|SunnyDay|[upkeep]\n|-heal|p2a: Blissey|545/572|[from] item: Leftovers\n|upkeep\n|turn|24\n|\n|t:|1771236518\n|move|p2a: Blissey|Seismic Toss|p1a: Torkoal\n|-damage|p1a: Torkoal|181/266\n|move|p1a: Torkoal|Yawn|p2a: Blissey\n|-start|p2a: Blissey|move: Yawn|[of] p1a: Torkoal\n|\n|-weather|SunnyDay|[upkeep]\n|-heal|p2a: Blissey|572/572|[from] item: Leftovers\n|upkeep\n|turn|25\n|\n|t:|1771236523\n|switch|p1a: Sandaconda|Sandaconda, L84, M|258/258\n|move|p2a: Blissey|Thunder Wave|p1a: Sandaconda\n|-immune|p1a: Sandaconda\n|\n|-weather|SunnyDay|[upkeep]\n|-end|p2a: Blissey|move: Yawn|[silent]\n|-status|p2a: Blissey|slp\n|upkeep\n|turn|26\n|\n|t:|1771236525\n|-curestatus|p2a: Blissey|slp|[from] ability: Natural Cure\n|switch|p2a: Bronzong|Bronzong, L88|261/261\n|move|p1a: Sandaconda|Coil|p1a: Sandaconda\n|-boost|p1a: Sandaconda|atk|1\n|-boost|p1a: Sandaconda|def|1\n|-boost|p1a: Sandaconda|accuracy|1\n|\n|-weather|SunnyDay|[upkeep]\n|upkeep\n|turn|27\n|\n|t:|1771236530\n|switch|p1a: Torkoal|Torkoal, L88, F|181/266\n|move|p2a: Bronzong|Psychic|p1a: Torkoal\n|-damage|p1a: Torkoal|84/266\n|\n|-weather|none\n|upkeep\n|turn|28\n|\n|t:|1771236534\n|move|p2a: Bronzong|Psychic|p1a: Torkoal\n|-damage|p1a: Torkoal|0 fnt\n|faint|p1a: Torkoal\n|\n|upkeep\n|\n|t:|1771236541\n|switch|p1a: Drednaw|Drednaw, L81, M|278/278\n|turn|29\n|\n|t:|1771236545\n|move|p1a: Drednaw|Shell Smash|p1a: Drednaw\n|-unboost|p1a: Drednaw|def|1\n|-unboost|p1a: Drednaw|spd|1\n|-boost|p1a: Drednaw|atk|2\n|-boost|p1a: Drednaw|spa|2\n|-boost|p1a: Drednaw|spe|2\n|-enditem|p1a: Drednaw|White Herb\n|-clearnegativeboost|p1a: Drednaw|[silent]\n|move|p2a: Bronzong|Earthquake|p1a: Drednaw\n|-supereffective|p1a: Drednaw\n|-damage|p1a: Drednaw|128/278\n|\n|upkeep\n|turn|30\n|\n|t:|1771236549\n|move|p1a: Drednaw|Liquidation|p2a: Bronzong\n|-damage|p2a: Bronzong|119/261\n|move|p2a: Bronzong|Psychic|p1a: Drednaw\n|-damage|p1a: Drednaw|13/278\n|\n|-heal|p2a: Bronzong|135/261|[from] item: Leftovers\n|upkeep\n|turn|31\n|\n|t:|1771236552\n|switch|p2a: Alomomola|Alomomola, L87, M|429/429\n|move|p1a: Drednaw|Liquidation|p2a: Alomomola\n|-resisted|p2a: Alomomola\n|-damage|p2a: Alomomola|336/429\n|\n|-heal|p2a: Alomomola|362/429|[from] item: Leftovers\n|upkeep\n|turn|32\n|\n|t:|1771236555\n|move|p1a: Drednaw|Stone Edge|p2a: Alomomola\n|-damage|p2a: Alomomola|119/429\n|move|p2a: Alomomola|Flip Turn|p1a: Drednaw\n|-damage|p1a: Drednaw|0 fnt\n|faint|p1a: Drednaw\n|\n|t:|1771236556\n|switch|p2a: Bronzong|Bronzong, L88|135/261|[from] Flip Turn\n|\n|-heal|p2a: Bronzong|151/261|[from] item: Leftovers\n|upkeep\n|\n|t:|1771236561\n|switch|p1a: Shaymin|Shaymin-Sky, L73|266/266\n|turn|33\n|\n|t:|1771236565\n|move|p1a: Shaymin|Seed Flare|p2a: Bronzong\n|-resisted|p2a: Bronzong\n|-damage|p2a: Bronzong|104/261\n|-unboost|p2a: Bronzong|spd|2\n|move|p2a: Bronzong|Psychic|p1a: Shaymin\n|-damage|p1a: Shaymin|146/266\n|\n|-heal|p2a: Bronzong|120/261|[from] item: Leftovers\n|upkeep\n|turn|34\n|\n|t:|1771236571\n|move|p1a: Shaymin|Seed Flare|p2a: Bronzong\n|-resisted|p2a: Bronzong\n|-damage|p2a: Bronzong|31/261\n|-unboost|p2a: Bronzong|spd|2\n|move|p2a: Bronzong|Psychic|p1a: Shaymin\n|-damage|p1a: Shaymin|31/266\n|\n|-heal|p2a: Bronzong|47/261|[from] item: Leftovers\n|upkeep\n|turn|35\n|\n|t:|1771236574\n|switch|p2a: Cryogonal|Cryogonal, L89|239/287\n|move|p1a: Shaymin|Synthesis|p1a: Shaymin\n|-heal|p1a: Shaymin|164/266\n|\n|upkeep\n|turn|36\n|\n|t:|1771236578\n|-terastallize|p1a: Shaymin|Steel\n|move|p2a: Cryogonal|Freeze-Dry|p1a: Shaymin\n|-resisted|p1a: Shaymin\n|-damage|p1a: Shaymin|116/266\n|move|p1a: Shaymin|Synthesis|p1a: Shaymin\n|-heal|p1a: Shaymin|249/266\n|\n|upkeep\n|turn|37\n|\n|t:|1771236581\n|switch|p2a: Bronzong|Bronzong, L88|47/261\n|move|p1a: Shaymin|Seed Flare|p2a: Bronzong\n|-resisted|p2a: Bronzong\n|-damage|p2a: Bronzong|5/261\n|-unboost|p2a: Bronzong|spd|2\n|\n|-heal|p2a: Bronzong|21/261|[from] item: Leftovers\n|upkeep\n|turn|38\n|\n|t:|1771236583\n|move|p1a: Shaymin|Air Slash|p2a: Bronzong\n|-resisted|p2a: Bronzong\n|-damage|p2a: Bronzong|0 fnt\n|faint|p2a: Bronzong\n|\n|upkeep\n|\n|t:|1771236585\n|switch|p2a: Alomomola|Alomomola, L87, M|262/429\n|turn|39\n|\n|t:|1771236587\n|move|p2a: Alomomola|Protect|p2a: Alomomola\n|-singleturn|p2a: Alomomola|Protect\n|move|p1a: Shaymin|Seed Flare|p2a: Alomomola\n|-activate|p2a: Alomomola|move: Protect\n|\n|-heal|p2a: Alomomola|288/429|[from] item: Leftovers\n|upkeep\n|turn|40\n|\n|t:|1771236589\n|switch|p2a: Blissey|Blissey, L85, F|572/572\n|move|p1a: Shaymin|Seed Flare|p2a: Blissey\n|-damage|p2a: Blissey|490/572\n|-unboost|p2a: Blissey|spd|2\n|\n|-heal|p2a: Blissey|525/572|[from] item: Leftovers\n|upkeep\n|turn|41\n|\n|t:|1771236593\n|move|p1a: Shaymin|Earth Power|p2a: Blissey\n|-damage|p2a: Blissey|443/572\n|move|p2a: Blissey|Seismic Toss|p1a: Shaymin\n|-damage|p1a: Shaymin|164/266\n|\n|-heal|p2a: Blissey|478/572|[from] item: Leftovers\n|upkeep\n|turn|42\n|\n|t:|1771236597\n|switch|p1a: Sandaconda|Sandaconda, L84, M|258/258\n|move|p2a: Blissey|Seismic Toss|p1a: Sandaconda\n|-damage|p1a: Sandaconda|173/258\n|\n|-heal|p1a: Sandaconda|189/258|[from] item: Leftovers\n|-heal|p2a: Blissey|513/572|[from] item: Leftovers\n|upkeep\n|turn|43\n|\n|t:|1771236600\n|switch|p2a: Cryogonal|Cryogonal, L89|239/287\n|move|p1a: Sandaconda|Coil|p1a: Sandaconda\n|-boost|p1a: Sandaconda|atk|1\n|-boost|p1a: Sandaconda|def|1\n|-boost|p1a: Sandaconda|accuracy|1\n|\n|-heal|p1a: Sandaconda|205/258|[from] item: Leftovers\n|upkeep\n|turn|44\n|\n|t:|1771236602\n|move|p2a: Cryogonal|Freeze-Dry|p1a: Sandaconda\n|-supereffective|p1a: Sandaconda\n|-damage|p1a: Sandaconda|25/258\n|move|p1a: Sandaconda|Stone Edge|p2a: Cryogonal\n|-supereffective|p2a: Cryogonal\n|-damage|p2a: Cryogonal|0 fnt\n|faint|p2a: Cryogonal\n|\n|-heal|p1a: Sandaconda|41/258|[from] item: Leftovers\n|upkeep\n|\n|t:|1771236604\n|switch|p2a: Alomomola|Alomomola, L87, M|429/429\n|turn|45\n|\n|t:|1771236609\n|move|p1a: Sandaconda|Rest|p1a: Sandaconda\n|-status|p1a: Sandaconda|slp|[from] move: Rest\n|-heal|p1a: Sandaconda|258/258 slp|[silent]\n|move|p2a: Alomomola|Flip Turn|p1a: Sandaconda\n|-supereffective|p1a: Sandaconda\n|-damage|p1a: Sandaconda|204/258 slp\n|\n|t:|1771236611\n|switch|p2a: Blissey|Blissey, L85, F|513/572|[from] Flip Turn\n|\n|-heal|p1a: Sandaconda|220/258 slp|[from] item: Leftovers\n|-heal|p2a: Blissey|548/572|[from] item: Leftovers\n|upkeep\n|turn|46\n|\n|t:|1771236616\n|switch|p2a: Alomomola|Alomomola, L87, M|429/429\n|cant|p1a: Sandaconda|slp\n|\n|-heal|p1a: Sandaconda|236/258 slp|[from] item: Leftovers\n|upkeep\n|turn|47\n|\n|t:|1771236618\n|cant|p1a: Sandaconda|slp\n|move|p2a: Alomomola|Scald|p1a: Sandaconda\n|-supereffective|p1a: Sandaconda\n|-damage|p1a: Sandaconda|120/258 slp\n|\n|-activate|p1a: Sandaconda|ability: Shed Skin\n|-curestatus|p1a: Sandaconda|slp|[msg]\n|-heal|p1a: Sandaconda|136/258|[from] item: Leftovers\n|upkeep\n|turn|48\n|\n|t:|1771236626\n|move|p1a: Sandaconda|Earthquake|p2a: Alomomola\n|-damage|p2a: Alomomola|242/429\n|move|p2a: Alomomola|Scald|p1a: Sandaconda\n|-supereffective|p1a: Sandaconda\n|-damage|p1a: Sandaconda|14/258\n|\n|-heal|p1a: Sandaconda|30/258|[from] item: Leftovers\n|-heal|p2a: Alomomola|268/429|[from] item: Leftovers\n|upkeep\n|turn|49\n|\n|t:|1771236629\n|move|p1a: Sandaconda|Rest|p1a: Sandaconda\n|-status|p1a: Sandaconda|slp|[from] move: Rest\n|-heal|p1a: Sandaconda|258/258 slp|[silent]\n|move|p2a: Alomomola|Scald|p1a: Sandaconda\n|-supereffective|p1a: Sandaconda\n|-damage|p1a: Sandaconda|138/258 slp\n|\n|-heal|p1a: Sandaconda|154/258 slp|[from] item: Leftovers\n|-heal|p2a: Alomomola|294/429|[from] item: Leftovers\n|upkeep\n|turn|50\n|\n|t:|1771236634\n|cant|p1a: Sandaconda|slp\n|move|p2a: Alomomola|Scald|p1a: Sandaconda\n|-supereffective|p1a: Sandaconda\n|-damage|p1a: Sandaconda|26/258 slp\n|\n|-heal|p1a: Sandaconda|42/258 slp|[from] item: Leftovers\n|-heal|p2a: Alomomola|320/429|[from] item: Leftovers\n|upkeep\n|turn|51\n|\n|t:|1771236636\n|switch|p1a: Shaymin|Shaymin-Sky, L73, tera:Steel|164/266\n|move|p2a: Alomomola|Flip Turn|p1a: Shaymin\n|-crit|p1a: Shaymin\n|-damage|p1a: Shaymin|47/266\n|\n|t:|1771236637\n|switch|p2a: Blissey|Blissey, L85, F|548/572|[from] Flip Turn\n|\n|-heal|p2a: Blissey|572/572|[from] item: Leftovers\n|upkeep\n|turn|52\n|\n|t:|1771236641\n|move|p1a: Shaymin|Synthesis|p1a: Shaymin\n|-heal|p1a: Shaymin|180/266\n|move|p2a: Blissey|Seismic Toss|p1a: Shaymin\n|-damage|p1a: Shaymin|95/266\n|\n|upkeep\n|turn|53\n|\n|t:|1771236646\n|move|p1a: Shaymin|Synthesis|p1a: Shaymin\n|-heal|p1a: Shaymin|228/266\n|move|p2a: Blissey|Seismic Toss|p1a: Shaymin\n|-damage|p1a: Shaymin|143/266\n|\n|upkeep\n|turn|54\n|\n|t:|1771236653\n|move|p1a: Shaymin|Air Slash|p2a: Blissey\n|-damage|p2a: Blissey|521/572\n|cant|p2a: Blissey|flinch\n|\n|-heal|p2a: Blissey|556/572|[from] item: Leftovers\n|upkeep\n|turn|55\n|\n|t:|1771236659\n|switch|p1a: Sandaconda|Sandaconda, L84, M|42/258 slp\n|move|p2a: Blissey|Seismic Toss|p1a: Sandaconda\n|-damage|p1a: Sandaconda|0 fnt\n|faint|p1a: Sandaconda\n|\n|-heal|p2a: Blissey|572/572|[from] item: Leftovers\n|upkeep\n|\n|t:|1771236661\n|switch|p1a: Shaymin|Shaymin-Sky, L73, tera:Steel|143/266\n|turn|56\n|\n|t:|1771236664\n|move|p1a: Shaymin|Air Slash|p2a: Blissey\n|-damage|p2a: Blissey|520/572\n|move|p2a: Blissey|Thunder Wave|p1a: Shaymin\n|-status|p1a: Shaymin|par\n|\n|-heal|p2a: Blissey|555/572|[from] item: Leftovers\n|upkeep\n|turn|57\n|-message|bolivo forfeited.\n|\n|win|M4teo010101\n|raw|bolivo's rating: 1605 &rarr; <strong>1585</strong><br />(-20 for losing)\n|raw|M4teo010101's rating: 1599 &rarr; <strong>1619</strong><br />(+20 for winning)\n|c|☆M4teo010101|gg\n|l|☆bolivo\n|player|p1|\n", "inputlog": ">version 686819e5e19f8a7fd2345cfc5a08a5085efa2cc3\n>start {\"formatid\":\"gen9randombattle\",\"seed\":\"sodium,45782946f3d9fad5ceac2483421d4165\",\"rated\":\"Rated battle\"}\n>player p1 {\"name\":\"bolivo\",\"avatar\":\"clair\",\"rating\":1605,\"seed\":\"sodium,78ef218fdbe34cadf6cbc4aecc6b2caa\"}\n>player p2 {\"name\":\"M4teo010101\",\"avatar\":\"sycamore-masters\",\"rating\":1599,\"seed\":\"sodium,03b562cc39800e9c8383bd9e7cf5c7f1\"}\n>chat ☆M4teo010101|hf\n>p1 move yawn\n>p2 switch 6\n>p1 switch 2\n>p2 switch 4\n>p1 move swordsdance\n>p2 switch 5\n>p1 move swordsdance\n>p2 move gunkshot\n>p1 move shadowclaw\n>p2 move gunkshot\n>p2 switch 2\n>p1 move shadowclaw\n>p2 move flipturn\n>p2 switch 4\n>p1 move shadowclaw\n>p2 move aeroblast\n>p1 switch 3\n>p1 move knockoff\n>p2 move aeroblast\n>p1 move swordsdance\n>p2 switch 4\n>p1 move bodyslam\n>p2 move scald\n>p1 move swordsdance\n>p2 move wish\n>p1 move knockoff\n>p2 switch 4\n>p1 move knockoff\n>p2 move calmmind\n>p1 move bodyslam\n>p2 move recover\n>p1 move bodyslam\n>p2 move recover\n>p1 move bodyslam\n>p2 move recover\n>p1 move bodyslam\n>p2 move recover\n>p1 move bodyslam\n>p2 move recover\n>p2 switch 6\n>p1 move bodyslam\n>p2 move haze\n>p1 move bodyslam\n>p2 move freezedry\n>p1 move knockoff\n>p2 move recover\n>p1 move bodyslam\n>p2 move freezedry\n>p1 switch 2\n>p1 move solarbeam\n>p2 switch 5\n>p1 move yawn\n>p2 move seismictoss\n>p1 switch 5\n>p2 move thunderwave\n>p1 move coil\n>p2 switch 3\n>p1 switch 5\n>p2 move psychic\n>p1 move yawn\n>p2 move psychic\n>p1 switch 6\n>p1 move shellsmash\n>p2 move earthquake\n>p1 move liquidation\n>p2 move psychic\n>p1 move liquidation\n>p2 switch 4\n>p1 move stoneedge\n>p2 move flipturn\n>p2 switch 4\n>p1 switch 4\n>p1 move seedflare\n>p2 move psychic\n>p1 move seedflare\n>p2 move psychic\n>p1 move synthesis\n>p2 switch 5\n>p1 move synthesis terastallize\n>p2 move freezedry\n>p1 move seedflare\n>p2 switch 5\n>p1 move airslash\n>p2 move earthquake\n>p2 switch 4\n>p1 move seedflare\n>p2 move protect\n>p1 move seedflare\n>p2 switch 3\n>p1 move earthpower\n>p2 move seismictoss\n>p1 switch 5\n>p2 move seismictoss\n>p1 move coil\n>p2 switch 5\n>p1 move stoneedge\n>p2 move freezedry\n>p2 switch 3\n>p1 move rest\n>p2 move flipturn\n>p2 switch 5\n>p1 move coil\n>p2 switch 5\n>p1 move coil\n>p2 move scald\n>p1 move earthquake\n>p2 move scald\n>p1 move rest\n>p2 move scald\n>p1 move coil\n>p2 move scald\n>p1 switch 5\n>p2 move flipturn\n>p2 switch 5\n>p1 move synthesis\n>p2 move seismictoss\n>p1 move synthesis\n>p2 move seismictoss\n>p1 move airslash\n>p2 move seismictoss\n>p1 switch 5\n>p2 move seismictoss\n>p1 switch 5\n>p1 move airslash\n>p2 move thunderwave\n>forcelose p1", "uploadtime": 1771236668, "views": 12, "formatid": "gen9randombattle", "rating": 1585, "private": 0, "password": null}