{"id": "gen9randombattle-2540306316", "format": "[Gen 9] Random Battle", "players": ["Micael Lopes", "AbdNeuille"], "log": "|j|☆Micael Lopes\n|j|☆AbdNeuille\n|t:|1771186867\n|gametype|singles\n|player|p1|Micael Lopes|benga|1750\n|player|p2|AbdNeuille|artist-gen4|1710\n|gen|9\n|tier|[Gen 9] Random Battle\n|rated|\n|rule|Species Clause: Limit one of each Pokémon\n|rule|HP Percentage Mod: HP is shown in percentages\n|rule|Sleep Clause Mod: Limit one foe put to sleep\n|rule|Illusion Level Mod: Illusion disguises the Pokémon's true level\n|\n|t:|1771186867\n|teamsize|p1|6\n|teamsize|p2|6\n|start\n|switch|p1a: Shiftry|Shiftry, L89, F|305/305\n|switch|p2a: Registeel|Registeel, L81|262/262\n|turn|1\n|inactive|Battle timer is ON: inactive players will automatically lose when time's up. (requested by Micael Lopes)\n|inactive|AbdNeuille has 120 seconds left.\n|\n|t:|1771186918\n|switch|p2a: Skarmory|Skarmory, L80, M|235/235\n|move|p1a: Shiftry|Knock Off|p2a: Skarmory\n|-damage|p2a: Skarmory|142/235\n|-enditem|p2a: Skarmory|Leftovers|[from] move: Knock Off|[of] p1a: Shiftry\n|\n|upkeep\n|turn|2\n|\n|t:|1771186927\n|move|p1a: Shiftry|Will-O-Wisp|p2a: Skarmory\n|-status|p2a: Skarmory|brn\n|move|p2a: Skarmory|Spikes|p1a: Shiftry\n|-sidestart|p1: Micael Lopes|Spikes\n|\n|-damage|p2a: Skarmory|128/235 brn|[from] brn\n|upkeep\n|turn|3\n|\n|t:|1771186935\n|move|p1a: Shiftry|Knock Off|p2a: Skarmory\n|-damage|p2a: Skarmory|73/235 brn\n|move|p2a: Skarmory|Roost|p2a: Skarmory\n|-heal|p2a: Skarmory|191/235 brn\n|-singleturn|p2a: Skarmory|move: Roost\n|\n|-damage|p2a: Skarmory|177/235 brn|[from] brn\n|upkeep\n|turn|4\n|\n|t:|1771186948\n|move|p1a: Shiftry|Knock Off|p2a: Skarmory\n|-damage|p2a: Skarmory|120/235 brn\n|move|p2a: Skarmory|Spikes|p1a: Shiftry\n|-sidestart|p1: Micael Lopes|Spikes\n|\n|-damage|p2a: Skarmory|106/235 brn|[from] brn\n|upkeep\n|turn|5\n|\n|t:|1771186955\n|move|p1a: Shiftry|Defog|p2a: Skarmory\n|-unboost|p2a: Skarmory|evasion|1\n|-sideend|p1: Micael Lopes|Spikes|[from] move: Defog|[of] p1a: Shiftry\n|move|p2a: Skarmory|Roost|p2a: Skarmory\n|-heal|p2a: Skarmory|224/235 brn\n|-singleturn|p2a: Skarmory|move: Roost\n|\n|-damage|p2a: Skarmory|210/235 brn|[from] brn\n|upkeep\n|turn|6\n|\n|t:|1771186973\n|switch|p1a: Basculin|Basculin, L86, F|261/261\n|move|p2a: Skarmory|Brave Bird|p1a: Basculin\n|-damage|p1a: Basculin|201/261\n|-damage|p2a: Skarmory|190/235 brn|[from] Recoil\n|\n|-damage|p2a: Skarmory|176/235 brn|[from] brn\n|upkeep\n|turn|7\n|\n|t:|1771186992\n|move|p1a: Basculin|Wave Crash|p2a: Skarmory\n|-damage|p2a: Skarmory|0 fnt\n|faint|p2a: Skarmory\n|-damage|p1a: Basculin|143/261|[from] Recoil\n|\n|upkeep\n|\n|t:|1771186999\n|switch|p2a: Blastoise|Blastoise, L80, F|258/258\n|turn|8\n|\n|t:|1771187019\n|switch|p1a: Rotom|Rotom-Frost, L87|229/229\n|move|p2a: Blastoise|Shell Smash|p2a: Blastoise\n|-unboost|p2a: Blastoise|def|1\n|-unboost|p2a: Blastoise|spd|1\n|-boost|p2a: Blastoise|atk|2\n|-boost|p2a: Blastoise|spa|2\n|-boost|p2a: Blastoise|spe|2\n|-enditem|p2a: Blastoise|White Herb\n|-clearnegativeboost|p2a: Blastoise|[silent]\n|\n|upkeep\n|turn|9\n|\n|t:|1771187032\n|-terastallize|p2a: Blastoise|Water\n|move|p2a: Blastoise|Hydro Pump|p1a: Rotom\n|-damage|p1a: Rotom|0 fnt\n|faint|p1a: Rotom\n|\n|upkeep\n|\n|t:|1771187040\n|switch|p1a: Shiftry|Shiftry, L89, F|305/305\n|turn|10\n|\n|t:|1771187050\n|-terastallize|p1a: Shiftry|Dark\n|move|p2a: Blastoise|Hydro Pump|p1a: Shiftry|[miss]\n|-miss|p2a: Blastoise|p1a: Shiftry\n|move|p1a: Shiftry|Leaf Storm|p2a: Blastoise|[miss]\n|-miss|p1a: Shiftry|p2a: Blastoise\n|\n|upkeep\n|turn|11\n|\n|t:|1771187059\n|move|p2a: Blastoise|Hydro Pump|p1a: Shiftry|[miss]\n|-miss|p2a: Blastoise|p1a: Shiftry\n|move|p1a: Shiftry|Leaf Storm|p2a: Blastoise\n|-supereffective|p2a: Blastoise\n|-damage|p2a: Blastoise|4/258\n|-unboost|p1a: Shiftry|spa|2\n|\n|upkeep\n|turn|12\n|\n|t:|1771187074\n|move|p2a: Blastoise|Hydro Pump|p1a: Shiftry\n|-damage|p1a: Shiftry|0 fnt\n|faint|p1a: Shiftry\n|\n|upkeep\n|\n|t:|1771187077\n|switch|p1a: Scizor|Scizor, L79, M|240/240\n|turn|13\n|\n|t:|1771187084\n|move|p1a: Scizor|Bullet Punch|p2a: Blastoise\n|-resisted|p2a: Blastoise\n|-damage|p2a: Blastoise|0 fnt\n|faint|p2a: Blastoise\n|\n|upkeep\n|\n|t:|1771187090\n|switch|p2a: Registeel|Registeel, L81|262/262\n|turn|14\n|\n|t:|1771187102\n|switch|p1a: Basculin|Basculin, L86, F|143/261\n|move|p2a: Registeel|Iron Defense|p2a: Registeel\n|-boost|p2a: Registeel|def|2\n|\n|upkeep\n|turn|15\n|\n|t:|1771187109\n|move|p1a: Basculin|Flip Turn|p2a: Registeel\n|-damage|p2a: Registeel|214/262\n|\n|t:|1771187119\n|switch|p1a: Hoopa|Hoopa, L85|275/275|[from] Flip Turn\n|move|p2a: Registeel|Body Press|p1a: Hoopa\n|-immune|p1a: Hoopa\n|\n|upkeep\n|turn|16\n|\n|t:|1771187135\n|switch|p2a: Iron Jugulis|Iron Jugulis, L77|271/271\n|move|p1a: Hoopa|Trick|p2a: Iron Jugulis\n|-activate|p1a: Hoopa|move: Trick|[of] p2a: Iron Jugulis\n|-item|p2a: Iron Jugulis|Choice Scarf|[from] move: Trick\n|-item|p1a: Hoopa|Power Herb|[from] move: Trick\n|\n|upkeep\n|turn|17\n|\n|t:|1771187152\n|switch|p1a: Keldeo|Keldeo-Resolute, L79|273/273\n|move|p2a: Iron Jugulis|Dark Pulse|p1a: Keldeo\n|-resisted|p1a: Keldeo\n|-damage|p1a: Keldeo|230/273\n|-ability|p1a: Keldeo|Justified|boost\n|-boost|p1a: Keldeo|atk|1\n|\n|upkeep\n|turn|18\n|\n|t:|1771187175\n|-end|p2a: Iron Jugulis|Quark Drive|[silent]\n|switch|p2a: Glalie|Glalie, L96, M|309/309\n|move|p1a: Keldeo|Secret Sword|p2a: Glalie\n|-supereffective|p2a: Glalie\n|-damage|p2a: Glalie|13/309\n|\n|upkeep\n|turn|19\n|\n|t:|1771187184\n|move|p1a: Keldeo|Secret Sword|p2a: Glalie\n|-supereffective|p2a: Glalie\n|-damage|p2a: Glalie|0 fnt\n|faint|p2a: Glalie\n|\n|upkeep\n|\n|t:|1771187190\n|switch|p2a: Iron Jugulis|Iron Jugulis, L77|271/271\n|turn|20\n|\n|t:|1771187201\n|move|p2a: Iron Jugulis|Hurricane|p1a: Keldeo\n|-supereffective|p1a: Keldeo\n|-damage|p1a: Keldeo|0 fnt\n|faint|p1a: Keldeo\n|\n|upkeep\n|\n|t:|1771187204\n|switch|p1a: Scizor|Scizor, L79, M|240/240\n|turn|21\n|\n|t:|1771187210\n|-end|p2a: Iron Jugulis|Quark Drive|[silent]\n|switch|p2a: Registeel|Registeel, L81|214/262\n|move|p1a: Scizor|Knock Off|p2a: Registeel\n|-damage|p2a: Registeel|135/262\n|-enditem|p2a: Registeel|Chesto Berry|[from] move: Knock Off|[of] p1a: Scizor\n|\n|upkeep\n|turn|22\n|\n|t:|1771187219\n|switch|p1a: Basculin|Basculin, L86, F|143/261\n|switch|p2a: Iron Jugulis|Iron Jugulis, L77|271/271\n|\n|upkeep\n|turn|23\n|\n|t:|1771187230\n|move|p1a: Basculin|Aqua Jet|p2a: Iron Jugulis\n|-damage|p2a: Iron Jugulis|183/271\n|move|p2a: Iron Jugulis|Hurricane|p1a: Basculin\n|-damage|p1a: Basculin|0 fnt\n|faint|p1a: Basculin\n|\n|upkeep\n|\n|t:|1771187252\n|switch|p1a: Scizor|Scizor, L79, M|240/240\n|turn|24\n|inactive|Micael Lopes has 120 seconds left.\n|\n|t:|1771187275\n|-end|p2a: Iron Jugulis|Quark Drive|[silent]\n|switch|p2a: Registeel|Registeel, L81|135/262\n|move|p1a: Scizor|Bullet Punch|p2a: Registeel\n|-resisted|p2a: Registeel\n|-damage|p2a: Registeel|99/262\n|\n|upkeep\n|turn|25\n|\n|t:|1771187282\n|switch|p1a: Hoopa|Hoopa, L85|275/275\n|move|p2a: Registeel|Rest|p2a: Registeel\n|-status|p2a: Registeel|slp|[from] move: Rest\n|-heal|p2a: Registeel|262/262 slp|[silent]\n|\n|upkeep\n|turn|26\n|\n|t:|1771187299\n|switch|p1a: Scizor|Scizor, L79, M|240/240\n|switch|p2a: Komala|Komala, L89, M|260/260\n|-ability|p2a: Komala|Comatose\n|\n|upkeep\n|turn|27\n|\n|t:|1771187322\n|move|p2a: Komala|Knock Off|p1a: Scizor\n|-damage|p1a: Scizor|156/240\n|-enditem|p1a: Scizor|Choice Band|[from] move: Knock Off|[of] p2a: Komala\n|move|p1a: Scizor|Close Combat|p2a: Komala\n|-supereffective|p2a: Komala\n|-damage|p2a: Komala|28/260\n|-unboost|p1a: Scizor|def|1\n|-unboost|p1a: Scizor|spd|1\n|\n|upkeep\n|turn|28\n|inactive|Micael Lopes has 120 seconds left.\n|inactive|AbdNeuille has 120 seconds left.\n|\n|t:|1771187353\n|switch|p2a: Registeel|Registeel, L81|262/262 slp\n|move|p1a: Scizor|Bullet Punch|p2a: Registeel\n|-resisted|p2a: Registeel\n|-damage|p2a: Registeel|240/262 slp\n|\n|upkeep\n|turn|29\n|\n|t:|1771187369\n|move|p1a: Scizor|Close Combat|p2a: Registeel\n|-supereffective|p2a: Registeel\n|-damage|p2a: Registeel|104/262 slp\n|-unboost|p1a: Scizor|def|1\n|-unboost|p1a: Scizor|spd|1\n|cant|p2a: Registeel|slp\n|\n|upkeep\n|turn|30\n|\n|t:|1771187379\n|move|p1a: Scizor|Close Combat|p2a: Registeel\n|-supereffective|p2a: Registeel\n|-damage|p2a: Registeel|0 fnt\n|-unboost|p1a: Scizor|def|1\n|-unboost|p1a: Scizor|spd|1\n|faint|p2a: Registeel\n|\n|upkeep\n|\n|t:|1771187386\n|switch|p2a: Iron Jugulis|Iron Jugulis, L77|183/271\n|turn|31\n|inactive|Micael Lopes has 120 seconds left.\n|\n|t:|1771187412\n|move|p1a: Scizor|Bullet Punch|p2a: Iron Jugulis\n|-damage|p2a: Iron Jugulis|101/271\n|move|p2a: Iron Jugulis|Dark Pulse|p1a: Scizor\n|-damage|p1a: Scizor|0 fnt\n|faint|p1a: Scizor\n|\n|upkeep\n|\n|t:|1771187414\n|switch|p1a: Hoopa|Hoopa, L85|275/275\n|turn|32\n|\n|t:|1771187433\n|move|p2a: Iron Jugulis|Dark Pulse|p1a: Hoopa\n|-supereffective|p1a: Hoopa\n|-damage|p1a: Hoopa|19/275\n|move|p1a: Hoopa|Focus Blast|p2a: Iron Jugulis\n|-damage|p2a: Iron Jugulis|0 fnt\n|faint|p2a: Iron Jugulis\n|-end|p2a: Iron Jugulis|Quark Drive|[silent]\n|\n|upkeep\n|\n|t:|1771187442\n|switch|p2a: Komala|Komala, L89, M|28/260\n|-ability|p2a: Komala|Comatose\n|turn|33\n|\n|t:|1771187462\n|move|p1a: Hoopa|Psyshock|p2a: Komala\n|-damage|p2a: Komala|0 fnt\n|faint|p2a: Komala\n|\n|win|Micael Lopes\n|raw|Micael Lopes's rating: 1771 &rarr; <strong>1788</strong><br />(+17 for winning)\n|raw|AbdNeuille's rating: 1710 &rarr; <strong>1693</strong><br />(-17 for losing)\n|c|☆Micael Lopes|**__Sexy game.__**\n|c|☆AbdNeuille|Yeah gg\n|c|☆AbdNeuille|Have a nice day\n|c|☆Micael Lopes|You too!\n|l|☆AbdNeuille\n|player|p2|\n", "inputlog": ">version 686819e5e19f8a7fd2345cfc5a08a5085efa2cc3\n>start {\"formatid\":\"gen9randombattle\",\"seed\":\"sodium,84db99ceb4d3c61a8fa737c6800c450d\",\"rated\":\"Rated battle\"}\n>player p1 {\"name\":\"Micael Lopes\",\"avatar\":\"benga\",\"rating\":1750,\"seed\":\"sodium,f04943e185c513944d8ded5ef6f7b253\"}\n>player p2 {\"name\":\"AbdNeuille\",\"avatar\":\"artist-gen4\",\"rating\":1710,\"seed\":\"sodium,1cba4f3d24c905f6f1b3771ee0eec341\"}\n>p1 move knockoff\n>p2 switch 4\n>p1 move willowisp\n>p2 move spikes\n>p1 move knockoff\n>p2 move roost\n>p1 move knockoff\n>p2 move spikes\n>p1 move defog\n>p2 move roost\n>p1 switch 3\n>p2 move bravebird\n>p1 move wavecrash\n>p2 move spikes\n>p2 switch 6\n>p1 switch 2\n>p2 move shellsmash\n>p1 move willowisp\n>p2 move hydropump terastallize\n>p1 switch 3\n>p1 move leafstorm terastallize\n>p2 move hydropump\n>p1 move leafstorm\n>p2 move hydropump\n>p1 move knockoff\n>p2 move hydropump\n>p1 switch 5\n>p1 move bulletpunch\n>p2 move hydropump\n>p2 switch 4\n>p1 switch 2\n>p2 move irondefense\n>p1 move flipturn\n>p2 move bodypress\n>p1 switch 6\n>p1 move trick\n>p2 switch 3\n>p1 switch 4\n>p2 move darkpulse\n>p1 move secretsword\n>p2 switch 5\n>p1 move secretsword\n>p2 move spikes\n>p2 switch 5\n>p1 move secretsword\n>p2 move hurricane\n>p1 switch 2\n>p1 move knockoff\n>p2 switch 3\n>p1 switch 6\n>p2 switch 3\n>p1 move aquajet\n>p2 move hurricane\n>p1 switch 6\n>p1 move bulletpunch\n>p2 switch 3\n>p1 switch 4\n>p2 move rest\n>p1 switch 4\n>p2 switch 2\n>p1 move closecombat\n>p2 move knockoff\n>p1 move bulletpunch\n>p2 switch 2\n>p1 move closecombat\n>p2 move bodypress\n>p1 move closecombat\n>p2 move bodypress\n>p2 switch 3\n>p1 move bulletpunch\n>p2 move darkpulse\n>p1 switch 4\n>p1 move focusblast\n>p2 move darkpulse\n>p2 switch 2\n>p1 move psyshock\n>p2 move knockoff", "uploadtime": 1771187491, "views": 8, "formatid": "gen9randombattle", "rating": 1693, "private": 0, "password": null}