{"id": "gen9randombattle-2540595764", "format": "[Gen 9] Random Battle", "players": ["ROCK ROSE", "ChrisUncharted"], "log": "|j|☆ROCK ROSE\n|j|☆ChrisUncharted\n|t:|1771224039\n|gametype|singles\n|player|p1|ROCK ROSE|maid|1698\n|player|p2|ChrisUncharted|101|1695\n|gen|9\n|tier|[Gen 9] Random Battle\n|rated|\n|rule|Species Clause: Limit one of each Pokémon\n|rule|HP Percentage Mod: HP is shown in percentages\n|rule|Sleep Clause Mod: Limit one foe put to sleep\n|rule|Illusion Level Mod: Illusion disguises the Pokémon's true level\n|\n|t:|1771224039\n|teamsize|p1|6\n|teamsize|p2|6\n|start\n|switch|p1a: Drednaw|Drednaw, L81, M|278/278\n|switch|p2a: Cryogonal|Cryogonal, L89|287/287\n|turn|1\n|inactive|Battle timer is ON: inactive players will automatically lose when time's up. (requested by ROCK ROSE)\n|\n|t:|1771224060\n|switch|p1a: Muk|Muk-Alola, L82, F|306/306\n|move|p2a: Cryogonal|Ice Beam|p1a: Muk\n|-damage|p1a: Muk|246/306\n|\n|upkeep\n|turn|2\n|\n|t:|1771224076\n|switch|p2a: Eternatus|Eternatus, L69|308/308\n|-ability|p2a: Eternatus|Pressure\n|move|p1a: Muk|Knock Off|p2a: Eternatus\n|-damage|p2a: Eternatus|197/308\n|-enditem|p2a: Eternatus|Power Herb|[from] move: Knock Off|[of] p1a: Muk\n|\n|upkeep\n|turn|3\n|inactive|ROCK ROSE has 120 seconds left.\n|\n|t:|1771224115\n|switch|p1a: Gardevoir|Gardevoir, L83, F|249/249\n|-ability|p1a: Gardevoir|Pressure|Trace|[from] ability: Trace|[of] p2a: Eternatus\n|-ability|p1a: Gardevoir|Pressure\n|move|p2a: Eternatus|Fire Blast|p1a: Gardevoir\n|-damage|p1a: Gardevoir|189/249\n|\n|upkeep\n|turn|4\n|inactive|ROCK ROSE has 120 seconds left.\n|\n|t:|1771224126\n|move|p1a: Gardevoir|Psychic|p2a: Eternatus\n|-supereffective|p2a: Eternatus\n|-damage|p2a: Eternatus|0 fnt\n|faint|p2a: Eternatus\n|\n|upkeep\n|\n|t:|1771224144\n|switch|p2a: Sableye|Sableye, L88, F|231/231\n|turn|5\n|inactive|ROCK ROSE has 120 seconds left.\n|\n|t:|1771224159\n|switch|p1a: Vileplume|Vileplume, L85, F|266/266\n|move|p2a: Sableye|Knock Off|p1a: Vileplume\n|-damage|p1a: Vileplume|172/266\n|-enditem|p1a: Vileplume|Leftovers|[from] move: Knock Off|[of] p2a: Sableye\n|\n|upkeep\n|turn|6\n|inactive|ROCK ROSE has 120 seconds left.\n|\n|t:|1771224172\n|switch|p2a: Cryogonal|Cryogonal, L89|287/287\n|move|p1a: Vileplume|Strength Sap|p2a: Cryogonal\n|-unboost|p2a: Cryogonal|atk|1\n|-heal|p1a: Vileplume|266/266\n|\n|upkeep\n|turn|7\n|inactive|ROCK ROSE has 120 seconds left.\n|\n|t:|1771224178\n|switch|p1a: Muk|Muk-Alola, L82, F|246/306\n|move|p2a: Cryogonal|Ice Beam|p1a: Muk\n|-damage|p1a: Muk|174/306\n|\n|upkeep\n|turn|8\n|\n|t:|1771224186\n|move|p2a: Cryogonal|Ice Beam|p1a: Muk\n|-damage|p1a: Muk|104/306\n|move|p1a: Muk|Knock Off|p2a: Cryogonal\n|-damage|p2a: Cryogonal|134/287\n|-status|p2a: Cryogonal|psn|[from] ability: Poison Touch|[of] p1a: Muk\n|-enditem|p2a: Cryogonal|Heavy-Duty Boots|[from] move: Knock Off|[of] p1a: Muk\n|\n|-damage|p2a: Cryogonal|99/287 psn|[from] psn\n|upkeep\n|turn|9\n|\n|t:|1771224193\n|move|p2a: Cryogonal|Ice Beam|p1a: Muk\n|-damage|p1a: Muk|43/306\n|move|p1a: Muk|Drain Punch|p2a: Cryogonal\n|-supereffective|p2a: Cryogonal\n|-damage|p2a: Cryogonal|0 fnt\n|-heal|p1a: Muk|93/306|[from] drain|[of] p2a: Cryogonal\n|faint|p2a: Cryogonal\n|\n|upkeep\n|\n|t:|1771224214\n|switch|p2a: Palafin|Palafin, L77, F|281/281\n|turn|10\n|\n|t:|1771224233\n|detailschange|p2a: Palafin|Palafin-Hero, L77, F\n|switch|p2a: Sableye|Sableye, L88, F|231/231\n|switch|p1a: Tsareena|Tsareena, L87, F|267/267\n|\n|upkeep\n|turn|11\n|\n|t:|1771224252\n|switch|p1a: Vileplume|Vileplume, L85, F|266/266\n|move|p2a: Sableye|Will-O-Wisp|p1a: Vileplume\n|-status|p1a: Vileplume|brn\n|\n|-damage|p1a: Vileplume|250/266 brn|[from] brn\n|upkeep\n|turn|12\n|\n|t:|1771224267\n|switch|p2a: Amoonguss|Amoonguss, L82, F|321/321\n|move|p1a: Vileplume|Sludge Bomb|p2a: Amoonguss\n|-damage|p2a: Amoonguss|191/321\n|\n|-damage|p1a: Vileplume|234/266 brn|[from] brn\n|upkeep\n|turn|13\n|\n|t:|1771224274\n|move|p1a: Vileplume|Sludge Bomb|p2a: Amoonguss\n|-damage|p2a: Amoonguss|71/321\n|move|p2a: Amoonguss|Sludge Bomb|p1a: Vileplume\n|-damage|p1a: Vileplume|147/266 brn\n|\n|-damage|p1a: Vileplume|131/266 brn|[from] brn\n|upkeep\n|turn|14\n|\n|t:|1771224282\n|switch|p2a: Regidrago|Regidrago, L77|435/435\n|move|p1a: Vileplume|Strength Sap|p2a: Regidrago\n|-unboost|p2a: Regidrago|atk|1\n|-heal|p1a: Vileplume|266/266 brn\n|\n|-damage|p1a: Vileplume|250/266 brn|[from] brn\n|upkeep\n|turn|15\n|\n|t:|1771224305\n|switch|p1a: Drednaw|Drednaw, L81, M|278/278\n|-terastallize|p2a: Regidrago|Dragon\n|move|p2a: Regidrago|Dragon Energy|p1a: Drednaw\n|-damage|p1a: Drednaw|0 fnt\n|faint|p1a: Drednaw\n|\n|upkeep\n|\n|t:|1771224309\n|switch|p1a: Gardevoir|Gardevoir, L83, F|189/249\n|-ability|p1a: Gardevoir|Dragon's Maw|Trace|[from] ability: Trace|[of] p2a: Regidrago\n|turn|16\n|\n|t:|1771224321\n|switch|p2a: Amoonguss|Amoonguss, L82, F|178/321\n|move|p1a: Gardevoir|Moonblast|p2a: Amoonguss\n|-resisted|p2a: Amoonguss\n|-damage|p2a: Amoonguss|112/321\n|\n|upkeep\n|turn|17\n|\n|t:|1771224345\n|switch|p1a: Vileplume|Vileplume, L85, F|250/266 brn\n|move|p2a: Amoonguss|Sludge Bomb|p1a: Vileplume\n|-damage|p1a: Vileplume|168/266 brn\n|\n|-damage|p1a: Vileplume|152/266 brn|[from] brn\n|upkeep\n|turn|18\n|\n|t:|1771224366\n|switch|p2a: Sableye|Sableye, L88, F|231/231\n|move|p1a: Vileplume|Sludge Bomb|p2a: Sableye\n|-resisted|p2a: Sableye\n|-damage|p2a: Sableye|170/231\n|\n|-heal|p2a: Sableye|184/231|[from] item: Leftovers\n|-damage|p1a: Vileplume|136/266 brn|[from] brn\n|upkeep\n|turn|19\n|\n|t:|1771224380\n|move|p2a: Sableye|Knock Off|p1a: Vileplume\n|-damage|p1a: Vileplume|72/266 brn\n|move|p1a: Vileplume|Strength Sap|p2a: Sableye\n|-unboost|p2a: Sableye|atk|1\n|-heal|p1a: Vileplume|254/266 brn\n|\n|-heal|p2a: Sableye|198/231|[from] item: Leftovers\n|-damage|p1a: Vileplume|238/266 brn|[from] brn\n|upkeep\n|turn|20\n|\n|t:|1771224384\n|move|p2a: Sableye|Knock Off|p1a: Vileplume\n|-damage|p1a: Vileplume|195/266 brn\n|move|p1a: Vileplume|Sludge Bomb|p2a: Sableye\n|-resisted|p2a: Sableye\n|-damage|p2a: Sableye|128/231\n|\n|-heal|p2a: Sableye|142/231|[from] item: Leftovers\n|-damage|p1a: Vileplume|179/266 brn|[from] brn\n|upkeep\n|turn|21\n|\n|t:|1771224398\n|move|p2a: Sableye|Knock Off|p1a: Vileplume\n|-damage|p1a: Vileplume|133/266 brn\n|-status|p2a: Sableye|par|[from] ability: Effect Spore|[of] p1a: Vileplume\n|move|p1a: Vileplume|Giga Drain|p2a: Sableye\n|-damage|p2a: Sableye|36/231 par\n|-heal|p1a: Vileplume|186/266 brn|[from] drain|[of] p2a: Sableye\n|\n|-heal|p2a: Sableye|50/231 par|[from] item: Leftovers\n|-damage|p1a: Vileplume|170/266 brn|[from] brn\n|upkeep\n|turn|22\n|\n|t:|1771224405\n|cant|p2a: Sableye|par\n|move|p1a: Vileplume|Sludge Bomb|p2a: Sableye\n|-resisted|p2a: Sableye\n|-damage|p2a: Sableye|0 fnt\n|faint|p2a: Sableye\n|\n|-damage|p1a: Vileplume|154/266 brn|[from] brn\n|upkeep\n|\n|t:|1771224408\n|switch|p2a: Regidrago|Regidrago, L77, tera:Dragon|435/435\n|turn|23\n|\n|t:|1771224414\n|switch|p1a: Muk|Muk-Alola, L82, F|93/306\n|move|p2a: Regidrago|Earthquake|p1a: Muk\n|-supereffective|p1a: Muk\n|-damage|p1a: Muk|0 fnt\n|faint|p1a: Muk\n|\n|upkeep\n|\n|t:|1771224424\n|switch|p1a: Rotom|Rotom, L88|231/231\n|turn|24\n|\n|t:|1771224437\n|switch|p2a: Amoonguss|Amoonguss, L82, F|219/321\n|move|p1a: Rotom|Shadow Ball|p2a: Amoonguss\n|-damage|p2a: Amoonguss|75/321\n|-unboost|p2a: Amoonguss|spd|1\n|-damage|p1a: Rotom|208/231|[from] item: Life Orb\n|\n|upkeep\n|turn|25\n|\n|t:|1771224442\n|move|p1a: Rotom|Shadow Ball|p2a: Amoonguss\n|-damage|p2a: Amoonguss|0 fnt\n|faint|p2a: Amoonguss\n|-damage|p1a: Rotom|185/231|[from] item: Life Orb\n|\n|upkeep\n|\n|t:|1771224459\n|switch|p2a: Palafin|Palafin-Hero, L77, F|281/281\n|-activate|p2a: Palafin|ability: Zero to Hero\n|turn|26\n|\n|t:|1771224472\n|move|p1a: Rotom|Will-O-Wisp|p2a: Palafin\n|-status|p2a: Palafin|brn\n|move|p2a: Palafin|Ice Punch|p1a: Rotom\n|-damage|p1a: Rotom|147/231\n|\n|-damage|p2a: Palafin|264/281 brn|[from] brn\n|upkeep\n|turn|27\n|\n|t:|1771224480\n|move|p1a: Rotom|Nasty Plot|p1a: Rotom\n|-boost|p1a: Rotom|spa|2\n|move|p2a: Palafin|Bulk Up|p2a: Palafin\n|-boost|p2a: Palafin|atk|1\n|-boost|p2a: Palafin|def|1\n|\n|-heal|p2a: Palafin|281/281 brn|[from] item: Leftovers\n|-damage|p2a: Palafin|264/281 brn|[from] brn\n|upkeep\n|turn|28\n|\n|t:|1771224483\n|move|p2a: Palafin|Jet Punch|p1a: Rotom\n|-damage|p1a: Rotom|88/231\n|move|p1a: Rotom|Thunderbolt|p2a: Palafin\n|-supereffective|p2a: Palafin\n|-damage|p2a: Palafin|0 fnt\n|faint|p2a: Palafin\n|-damage|p1a: Rotom|65/231|[from] item: Life Orb\n|\n|upkeep\n|\n|t:|1771224486\n|switch|p2a: Regidrago|Regidrago, L77, tera:Dragon|435/435\n|turn|29\n|-message|ChrisUncharted forfeited.\n|\n|win|ROCK ROSE\n|raw|ROCK ROSE's rating: 1698 &rarr; <strong>1718</strong><br />(+20 for winning)\n|raw|ChrisUncharted's rating: 1695 &rarr; <strong>1675</strong><br />(-20 for losing)\n|l|☆ChrisUncharted\n|player|p2|\n", "inputlog": ">version 686819e5e19f8a7fd2345cfc5a08a5085efa2cc3\n>start {\"formatid\":\"gen9randombattle\",\"seed\":\"sodium,e36d7eb185b92d061eb64d76a9df05e7\",\"rated\":\"Rated battle\"}\n>player p1 {\"name\":\"ROCK ROSE\",\"avatar\":\"maid\",\"rating\":1698,\"seed\":\"sodium,c37cd1dd27e433a6520f08b7bdc87ef0\"}\n>player p2 {\"name\":\"ChrisUncharted\",\"avatar\":\"101\",\"rating\":1695,\"seed\":\"sodium,6b9bb5eb58fd6c9f6dbc1a1598cc8fe4\"}\n>p1 switch 5\n>p2 move icebeam\n>p1 move knockoff\n>p2 switch 3\n>p1 switch 3\n>p2 move fireblast\n>p1 move psychic\n>p2 move sludgebomb\n>p2 switch 6\n>p1 switch 2\n>p2 move knockoff\n>p1 move strengthsap\n>p2 switch 3\n>p1 switch 3\n>p2 move icebeam\n>p1 move knockoff\n>p2 move icebeam\n>p1 move drainpunch\n>p2 move icebeam\n>p2 switch 5\n>p1 switch 6\n>p2 switch 3\n>p1 switch 3\n>p2 move willowisp\n>p1 move sludgebomb\n>p2 switch 2\n>p1 move sludgebomb\n>p2 move sludgebomb\n>p1 move strengthsap\n>p2 switch 4\n>p1 switch 5\n>p2 move dragonenergy terastallize\n>p1 switch 2\n>p1 move moonblast\n>p2 switch 4\n>p1 switch 5\n>p2 move sludgebomb\n>p1 move sludgebomb\n>p2 switch 2\n>p1 move strengthsap\n>p2 move knockoff\n>p1 move sludgebomb\n>p2 move knockoff\n>p1 move gigadrain\n>p2 move knockoff\n>p1 move sludgebomb\n>p2 move recover\n>p2 switch 4\n>p1 switch 6\n>p2 move earthquake\n>p1 switch 4\n>p1 move shadowball\n>p2 switch 2\n>p1 move shadowball\n>p2 move spore\n>p2 switch 3\n>p1 move willowisp\n>p2 move icepunch\n>p1 move nastyplot\n>p2 move bulkup\n>p1 move thunderbolt\n>p2 move jetpunch\n>p2 switch 2\n>forcelose p2", "uploadtime": 1771224496, "views": 15, "formatid": "gen9randombattle", "rating": 1675, "private": 0, "password": null}