{"id": "gen9randombattle-2540933269", "format": "[Gen 9] Random Battle", "players": ["ksvk", "Alpha Tw"], "log": "|j|☆ksvk\n|j|☆Alpha Tw\n|t:|1771268504\n|gametype|singles\n|player|p1|ksvk|169|2223\n|player|p2|Alpha Tw|n|2231\n|gen|9\n|tier|[Gen 9] Random Battle\n|rated|\n|rule|Species Clause: Limit one of each Pokémon\n|rule|HP Percentage Mod: HP is shown in percentages\n|rule|Sleep Clause Mod: Limit one foe put to sleep\n|rule|Illusion Level Mod: Illusion disguises the Pokémon's true level\n|\n|t:|1771268504\n|teamsize|p1|6\n|teamsize|p2|6\n|start\n|switch|p1a: Regidrago|Regidrago, L77|435/435\n|switch|p2a: Cryogonal|Cryogonal, L89|287/287\n|turn|1\n|\n|t:|1771268523\n|switch|p1a: Skuntank|Skuntank, L84, M|310/310\n|move|p2a: Cryogonal|Ice Beam|p1a: Skuntank\n|-damage|p1a: Skuntank|184/310\n|\n|upkeep\n|turn|2\n|\n|t:|1771268529\n|move|p2a: Cryogonal|Ice Beam|p1a: Skuntank\n|-damage|p1a: Skuntank|52/310\n|move|p1a: Skuntank|Knock Off|p2a: Cryogonal\n|-damage|p2a: Cryogonal|122/287\n|-enditem|p2a: Cryogonal|Heavy-Duty Boots|[from] move: Knock Off|[of] p1a: Skuntank\n|-damage|p1a: Skuntank|21/310|[from] item: Life Orb\n|\n|upkeep\n|turn|3\n|\n|t:|1771268532\n|move|p2a: Cryogonal|Recover|p2a: Cryogonal\n|-heal|p2a: Cryogonal|266/287\n|move|p1a: Skuntank|Gunk Shot|p2a: Cryogonal|[miss]\n|-miss|p1a: Skuntank|p2a: Cryogonal\n|\n|upkeep\n|turn|4\n|\n|t:|1771268536\n|move|p1a: Skuntank|Sucker Punch|p2a: Cryogonal\n|-damage|p2a: Cryogonal|124/287\n|-damage|p1a: Skuntank|0 fnt|[from] item: Life Orb\n|faint|p1a: Skuntank\n|move|p2a: Cryogonal|Rapid Spin|p1: Skuntank|[notarget]\n|-fail|p2a: Cryogonal\n|\n|upkeep\n|\n|t:|1771268547\n|switch|p1a: Floatzel|Floatzel, L86, F|286/286\n|turn|5\n|\n|t:|1771268553\n|switch|p2a: Dragalge|Dragalge, L88, M|258/258\n|move|p1a: Floatzel|Wave Crash|p2a: Dragalge\n|-resisted|p2a: Dragalge\n|-damage|p2a: Dragalge|186/258\n|-damage|p1a: Floatzel|262/286|[from] Recoil\n|\n|-heal|p1a: Floatzel|279/286|[from] item: Leftovers\n|-heal|p2a: Dragalge|202/258|[from] item: Leftovers\n|upkeep\n|turn|6\n|\n|t:|1771268557\n|move|p1a: Floatzel|Taunt|p2a: Dragalge\n|-start|p2a: Dragalge|move: Taunt\n|move|p2a: Dragalge|Draco Meteor|p1a: Floatzel\n|-damage|p1a: Floatzel|0 fnt\n|-unboost|p2a: Dragalge|spa|2\n|faint|p1a: Floatzel\n|\n|-heal|p2a: Dragalge|218/258|[from] item: Leftovers\n|upkeep\n|\n|t:|1771268572\n|switch|p1a: Regidrago|Regidrago, L77|435/435\n|turn|7\n|\n|t:|1771268578\n|switch|p2a: Skeledirge|Skeledirge, L79, F|294/294\n|move|p1a: Regidrago|Dragon Dance|p1a: Regidrago\n|-boost|p1a: Regidrago|atk|1\n|-boost|p1a: Regidrago|spe|1\n|\n|upkeep\n|turn|8\n|\n|t:|1771268580\n|move|p1a: Regidrago|Draco Meteor|p2a: Skeledirge\n|-damage|p2a: Skeledirge|90/294\n|-unboost|p1a: Regidrago|spa|2\n|move|p2a: Skeledirge|Will-O-Wisp|p1a: Regidrago\n|-status|p1a: Regidrago|brn\n|-enditem|p1a: Regidrago|Lum Berry|[eat]\n|-curestatus|p1a: Regidrago|brn|[msg]\n|\n|upkeep\n|turn|9\n|\n|t:|1771268595\n|switch|p2a: Zamazenta|Zamazenta, L71|248/248\n|-ability|p2a: Zamazenta|Dauntless Shield|boost\n|-boost|p2a: Zamazenta|def|1\n|move|p1a: Regidrago|Earthquake|p2a: Zamazenta\n|-damage|p2a: Zamazenta|186/248\n|\n|upkeep\n|turn|10\n|\n|t:|1771268602\n|-terastallize|p1a: Regidrago|Dragon\n|move|p1a: Regidrago|Outrage|p2a: Zamazenta\n|-damage|p2a: Zamazenta|0 fnt\n|faint|p2a: Zamazenta\n|\n|upkeep\n|\n|t:|1771268610\n|switch|p2a: Dudunsparce|Dudunsparce-Three-Segment, L83, M|343/343\n|turn|11\n|\n|t:|1771268613\n|move|p1a: Regidrago|Outrage|p2a: Dudunsparce|[from] lockedmove\n|-damage|p2a: Dudunsparce|0 fnt\n|faint|p2a: Dudunsparce\n|-start|p1a: Regidrago|confusion|[fatigue]\n|\n|upkeep\n|\n|t:|1771268618\n|switch|p2a: Cryogonal|Cryogonal, L89|124/287\n|turn|12\n|\n|t:|1771268621\n|-activate|p1a: Regidrago|confusion\n|-damage|p1a: Regidrago|376/435|[from] confusion\n|move|p2a: Cryogonal|Ice Beam|p1a: Regidrago\n|-supereffective|p1a: Regidrago\n|-damage|p1a: Regidrago|26/435\n|\n|upkeep\n|turn|13\n|\n|t:|1771268629\n|-activate|p1a: Regidrago|confusion\n|move|p1a: Regidrago|Outrage|p2a: Cryogonal\n|-damage|p2a: Cryogonal|0 fnt\n|faint|p2a: Cryogonal\n|\n|upkeep\n|\n|t:|1771268633\n|switch|p2a: Skeledirge|Skeledirge, L79, F|90/294\n|turn|14\n|\n|t:|1771268637\n|-end|p1a: Regidrago|confusion\n|move|p1a: Regidrago|Outrage|p2a: Skeledirge|[from] lockedmove\n|-crit|p2a: Skeledirge\n|-damage|p2a: Skeledirge|0 fnt\n|faint|p2a: Skeledirge\n|\n|upkeep\n|\n|t:|1771268642\n|switch|p2a: Dragalge|Dragalge, L88, M|218/258\n|turn|15\n|\n|t:|1771268645\n|move|p1a: Regidrago|Outrage|p2a: Dragalge|[from] lockedmove\n|-supereffective|p2a: Dragalge\n|-damage|p2a: Dragalge|0 fnt\n|faint|p2a: Dragalge\n|-start|p1a: Regidrago|confusion|[fatigue]\n|\n|upkeep\n|\n|t:|1771268647\n|switch|p2a: Mew|Mew, L82|298/298\n|turn|16\n|\n|t:|1771268649\n|-activate|p1a: Regidrago|confusion\n|move|p1a: Regidrago|Outrage|p2a: Mew\n|-damage|p2a: Mew|0 fnt\n|faint|p2a: Mew\n|\n|win|ksvk\n|raw|ksvk's rating: 2223 &rarr; <strong>2243</strong><br />(+20 for winning)\n|raw|Alpha Tw's rating: 2231 &rarr; <strong>2211</strong><br />(-20 for losing)\n|l|☆Alpha Tw\n|player|p2|\n", "inputlog": ">version 686819e5e19f8a7fd2345cfc5a08a5085efa2cc3\n>start {\"formatid\":\"gen9randombattle\",\"seed\":\"sodium,1901aa21fd1f47039c536b51cb3f888b\",\"rated\":\"Rated battle\"}\n>player p1 {\"name\":\"ksvk\",\"avatar\":\"169\",\"rating\":2223,\"seed\":\"sodium,8f828d3cd751f934be6e799611de2fdc\"}\n>player p2 {\"name\":\"Alpha Tw\",\"avatar\":\"n\",\"rating\":2231,\"seed\":\"sodium,2c5ed513e2a46f771bbfa64a97c2ab16\"}\n>p1 switch 6\n>p2 move icebeam\n>p1 move knockoff\n>p2 move icebeam\n>p1 move gunkshot\n>p2 move recover\n>p1 move suckerpunch\n>p2 move rapidspin\n>p1 switch 4\n>p1 move wavecrash\n>p2 switch 2\n>p1 move taunt\n>p2 move dracometeor\n>p1 switch 6\n>p1 move dragondance\n>p2 switch 6\n>p1 move dracometeor\n>p2 move willowisp\n>p1 move earthquake\n>p2 switch 4\n>p1 move outrage terastallize\n>p2 move closecombat\n>p2 switch 5\n>p1 move outrage\n>p2 move glare\n>p2 switch 2\n>p1 move outrage\n>p2 move icebeam\n>p1 move outrage\n>p2 move icebeam\n>p2 switch 4\n>p1 move outrage\n>p2 move torchsong\n>p2 switch 6\n>p1 move outrage\n>p2 move sludgewave\n>p2 switch 3\n>p1 move outrage\n>p2 move swordsdance", "uploadtime": 1771268659, "views": 2, "formatid": "gen9randombattle", "rating": 2211, "private": 0, "password": null}