{"id": "gen9randombattle-2540392936", "format": "[Gen 9] Random Battle", "players": ["los chipirones", "MoopMerr"], "log": "|j|☆los chipirones\n|j|☆MoopMerr\n|t:|1771196528\n|gametype|singles\n|player|p1|los chipirones|266|2319\n|player|p2|MoopMerr|harlequin|2238\n|gen|9\n|tier|[Gen 9] Random Battle\n|rated|\n|rule|Species Clause: Limit one of each Pokémon\n|rule|HP Percentage Mod: HP is shown in percentages\n|rule|Sleep Clause Mod: Limit one foe put to sleep\n|rule|Illusion Level Mod: Illusion disguises the Pokémon's true level\n|\n|t:|1771196528\n|teamsize|p1|6\n|teamsize|p2|6\n|start\n|switch|p1a: Sudowoodo|Sudowoodo, L94, F|284/284\n|switch|p2a: Pyroar|Pyroar, L88, M|295/295\n|-ability|p2a: Pyroar|Unnerve\n|turn|1\n|inactive|Battle timer is ON: inactive players will automatically lose when time's up. (requested by MoopMerr)\n|l|☆los chipirones\n|inactive|los chipirones disconnected and has a minute to reconnect!\n|player|p1|\n|j|☆los chipirones\n|inactive|los chipirones reconnected and has 145 seconds left.\n|player|p1|los chipirones|266|\n|\n|t:|1771196540\n|switch|p2a: Appletun|Appletun, L92, M|352/352\n|move|p1a: Sudowoodo|Head Smash|p2a: Appletun\n|-damage|p2a: Appletun|40/352\n|\n|-heal|p2a: Appletun|62/352|[from] item: Leftovers\n|upkeep\n|turn|2\n|\n|t:|1771196547\n|move|p1a: Sudowoodo|Head Smash|p2a: Appletun\n|-damage|p2a: Appletun|0 fnt\n|faint|p2a: Appletun\n|\n|upkeep\n|\n|t:|1771196576\n|switch|p2a: Farigiraf|Farigiraf, L91, M|366/366\n|turn|3\n|\n|t:|1771196584\n|switch|p1a: Chien-Pao|Chien-Pao, L72|234/234\n|-ability|p1a: Chien-Pao|Sword of Ruin\n|move|p2a: Farigiraf|Future Sight|p1a: Chien-Pao\n|-start|p2a: Farigiraf|move: Future Sight\n|\n|upkeep\n|turn|4\n|\n|t:|1771196590\n|switch|p2a: Pyroar|Pyroar, L88, M|295/295\n|-ability|p2a: Pyroar|Unnerve\n|move|p1a: Chien-Pao|Throat Chop|p2a: Pyroar\n|-damage|p2a: Pyroar|193/295\n|-start|p2a: Pyroar|Throat Chop|[silent]\n|\n|upkeep\n|turn|5\n|\n|t:|1771196595\n|switch|p1a: Suicune|Suicune, L82|298/298\n|-ability|p1a: Suicune|Pressure\n|move|p2a: Pyroar|Fire Blast|p1a: Suicune|[miss]\n|-miss|p2a: Pyroar|p1a: Suicune\n|\n|-end|p1a: Suicune|move: Future Sight\n|-damage|p1a: Suicune|172/298\n|-heal|p1a: Suicune|190/298|[from] item: Leftovers\n|-end|p2a: Pyroar|Throat Chop|[silent]\n|upkeep\n|turn|6\n|\n|t:|1771196601\n|switch|p2a: Pikachu|Pikachu-Sinnoh, L93, F|216/216\n|move|p1a: Suicune|Scald|p2a: Pikachu\n|-damage|p2a: Pikachu|113/216\n|\n|-heal|p1a: Suicune|208/298|[from] item: Leftovers\n|upkeep\n|turn|7\n|\n|t:|1771196613\n|switch|p1a: Solgaleo|Solgaleo, L74|325/325\n|move|p2a: Pikachu|Volt Tackle|p1a: Solgaleo\n|-damage|p1a: Solgaleo|138/325\n|-status|p1a: Solgaleo|par\n|-damage|p2a: Pikachu|77/216|[from] item: Rocky Helmet|[of] p1a: Solgaleo\n|-damage|p2a: Pikachu|15/216|[from] Recoil\n|\n|upkeep\n|turn|8\n|\n|t:|1771196617\n|move|p2a: Pikachu|Knock Off|p1a: Solgaleo\n|-supereffective|p1a: Solgaleo\n|-damage|p1a: Solgaleo|0 fnt\n|-damage|p2a: Pikachu|0 fnt|[from] item: Rocky Helmet|[of] p1a: Solgaleo\n|faint|p1a: Solgaleo\n|faint|p2a: Pikachu\n|\n|upkeep\n|\n|t:|1771196631\n|switch|p2a: Farigiraf|Farigiraf, L91, M|366/366\n|switch|p1a: Suicune|Suicune, L82|208/298\n|-ability|p1a: Suicune|Pressure\n|turn|9\n|\n|t:|1771196634\n|move|p1a: Suicune|Calm Mind|p1a: Suicune\n|-boost|p1a: Suicune|spa|1\n|-boost|p1a: Suicune|spd|1\n|move|p2a: Farigiraf|Future Sight|p1a: Suicune\n|-start|p2a: Farigiraf|move: Future Sight\n|\n|-heal|p1a: Suicune|226/298|[from] item: Leftovers\n|upkeep\n|turn|10\n|\n|t:|1771196644\n|switch|p2a: Miraidon|Miraidon, L65|238/238\n|-fieldstart|move: Electric Terrain|[from] ability: Hadron Engine|[of] p2a: Miraidon\n|move|p1a: Suicune|Calm Mind|p1a: Suicune\n|-boost|p1a: Suicune|spa|1\n|-boost|p1a: Suicune|spd|1\n|\n|-heal|p1a: Suicune|244/298|[from] item: Leftovers\n|upkeep\n|turn|11\n|\n|t:|1771196649\n|-terastallize|p1a: Suicune|Steel\n|move|p2a: Miraidon|Volt Switch|p1a: Suicune\n|-damage|p1a: Suicune|177/298\n|\n|t:|1771196657\n|switch|p2a: Alcremie|Alcremie-Lemon-Cream, L90, F|263/263|[from] Volt Switch\n|move|p1a: Suicune|Scald|p2a: Alcremie\n|-damage|p2a: Alcremie|160/263\n|\n|-end|p1a: Suicune|move: Future Sight\n|-resisted|p1a: Suicune\n|-damage|p1a: Suicune|143/298\n|-heal|p1a: Suicune|161/298|[from] item: Leftovers\n|-heal|p2a: Alcremie|176/263|[from] item: Leftovers\n|upkeep\n|turn|12\n|\n|t:|1771196662\n|switch|p1a: Staraptor|Staraptor, L79, M|263/263\n|move|p2a: Alcremie|Calm Mind|p2a: Alcremie\n|-boost|p2a: Alcremie|spa|1\n|-boost|p2a: Alcremie|spd|1\n|\n|-heal|p2a: Alcremie|192/263|[from] item: Leftovers\n|upkeep\n|turn|13\n|\n|t:|1771196672\n|switch|p2a: Farigiraf|Farigiraf, L91, M|366/366\n|move|p1a: Staraptor|Brave Bird|p2a: Farigiraf\n|-damage|p2a: Farigiraf|125/366\n|-damage|p1a: Staraptor|183/263|[from] Recoil\n|\n|-heal|p2a: Farigiraf|147/366|[from] item: Leftovers\n|upkeep\n|turn|14\n|\n|t:|1771196679\n|move|p1a: Staraptor|Brave Bird|p2a: Farigiraf\n|-damage|p2a: Farigiraf|0 fnt\n|faint|p2a: Farigiraf\n|-damage|p1a: Staraptor|134/263|[from] Recoil\n|\n|-fieldend|move: Electric Terrain\n|upkeep\n|\n|t:|1771196682\n|switch|p2a: Miraidon|Miraidon, L65|238/238\n|-fieldstart|move: Electric Terrain|[from] ability: Hadron Engine|[of] p2a: Miraidon\n|turn|15\n|\n|t:|1771196696\n|switch|p1a: Suicune|Suicune, L82, tera:Steel|161/298\n|-ability|p1a: Suicune|Pressure\n|move|p2a: Miraidon|Electro Drift|p1a: Suicune\n|-damage|p1a: Suicune|0 fnt\n|faint|p1a: Suicune\n|\n|upkeep\n|\n|t:|1771196705\n|switch|p1a: Chien-Pao|Chien-Pao, L72|234/234\n|-ability|p1a: Chien-Pao|Sword of Ruin\n|turn|16\n|\n|t:|1771196713\n|switch|p2a: Pyroar|Pyroar, L88, M|193/295\n|-ability|p2a: Pyroar|Unnerve\n|move|p1a: Chien-Pao|Sacred Sword|p2a: Pyroar\n|-supereffective|p2a: Pyroar\n|-damage|p2a: Pyroar|25/295\n|\n|upkeep\n|turn|17\n|\n|t:|1771196718\n|switch|p1a: Sudowoodo|Sudowoodo, L94, F|284/284\n|move|p2a: Pyroar|Fire Blast|p1a: Sudowoodo\n|-resisted|p1a: Sudowoodo\n|-damage|p1a: Sudowoodo|212/284\n|\n|upkeep\n|turn|18\n|\n|t:|1771196723\n|move|p2a: Pyroar|Fire Blast|p1a: Sudowoodo|[miss]\n|-miss|p2a: Pyroar|p1a: Sudowoodo\n|move|p1a: Sudowoodo|Earthquake|p2a: Pyroar\n|-supereffective|p2a: Pyroar\n|-damage|p2a: Pyroar|0 fnt\n|faint|p2a: Pyroar\n|\n|upkeep\n|\n|t:|1771196741\n|switch|p2a: Miraidon|Miraidon, L65|238/238\n|-activate|p2a: Miraidon|ability: Hadron Engine\n|turn|19\n|\n|t:|1771196744\n|move|p2a: Miraidon|Electro Drift|p1a: Sudowoodo\n|-damage|p1a: Sudowoodo|0 fnt\n|faint|p1a: Sudowoodo\n|\n|-fieldend|move: Electric Terrain\n|upkeep\n|\n|t:|1771196746\n|switch|p1a: Chien-Pao|Chien-Pao, L72|234/234\n|-ability|p1a: Chien-Pao|Sword of Ruin\n|turn|20\n|\n|t:|1771196751\n|switch|p2a: Alcremie|Alcremie-Lemon-Cream, L90, F|192/263\n|move|p1a: Chien-Pao|Icicle Crash|p2a: Alcremie|[miss]\n|-miss|p1a: Chien-Pao|p2a: Alcremie\n|\n|-heal|p2a: Alcremie|208/263|[from] item: Leftovers\n|upkeep\n|turn|21\n|\n|t:|1771196760\n|move|p1a: Chien-Pao|Throat Chop|p2a: Alcremie\n|-resisted|p2a: Alcremie\n|-damage|p2a: Alcremie|157/263\n|-start|p2a: Alcremie|Throat Chop|[silent]\n|move|p2a: Alcremie|Calm Mind|p2a: Alcremie\n|-boost|p2a: Alcremie|spa|1\n|-boost|p2a: Alcremie|spd|1\n|\n|-heal|p2a: Alcremie|173/263|[from] item: Leftovers\n|upkeep\n|turn|22\n|\n|t:|1771196767\n|move|p1a: Chien-Pao|Swords Dance|p1a: Chien-Pao\n|-boost|p1a: Chien-Pao|atk|2\n|move|p2a: Alcremie|Recover|p2a: Alcremie\n|-heal|p2a: Alcremie|263/263\n|\n|-end|p2a: Alcremie|Throat Chop|[silent]\n|upkeep\n|turn|23\n|\n|t:|1771196773\n|move|p1a: Chien-Pao|Throat Chop|p2a: Alcremie\n|-resisted|p2a: Alcremie\n|-damage|p2a: Alcremie|158/263\n|-start|p2a: Alcremie|Throat Chop|[silent]\n|cant|p2a: Alcremie|move: Throat Chop\n|\n|-heal|p2a: Alcremie|174/263|[from] item: Leftovers\n|upkeep\n|turn|24\n|\n|t:|1771196776\n|move|p1a: Chien-Pao|Icicle Crash|p2a: Alcremie\n|-crit|p2a: Alcremie\n|-damage|p2a: Alcremie|0 fnt\n|faint|p2a: Alcremie\n|\n|upkeep\n|\n|t:|1771196778\n|switch|p2a: Miraidon|Miraidon, L65|238/238\n|-fieldstart|move: Electric Terrain|[from] ability: Hadron Engine|[of] p2a: Miraidon\n|turn|25\n|\n|t:|1771196781\n|-terastallize|p2a: Miraidon|Electric\n|move|p1a: Chien-Pao|Throat Chop|p2a: Miraidon\n|-damage|p2a: Miraidon|1/238\n|-start|p2a: Miraidon|Throat Chop|[silent]\n|move|p2a: Miraidon|Electro Drift|p1a: Chien-Pao\n|-damage|p1a: Chien-Pao|0 fnt\n|faint|p1a: Chien-Pao\n|\n|upkeep\n|\n|t:|1771196785\n|switch|p1a: Staraptor|Staraptor, L79, M|134/263\n|turn|26\n|\n|t:|1771196786\n|move|p1a: Staraptor|Quick Attack|p2a: Miraidon\n|-damage|p2a: Miraidon|0 fnt\n|faint|p2a: Miraidon\n|\n|win|los chipirones\n|raw|los chipirones's rating: 2319 &rarr; <strong>2334</strong><br />(+15 for winning)\n|raw|MoopMerr's rating: 2238 &rarr; <strong>2223</strong><br />(-15 for losing)\n|l|☆MoopMerr\n|player|p2|\n", "inputlog": ">version 686819e5e19f8a7fd2345cfc5a08a5085efa2cc3\n>start {\"formatid\":\"gen9randombattle\",\"seed\":\"sodium,2a6e0bc2758675aa78babc2514d681b2\",\"rated\":\"Rated battle\"}\n>player p1 {\"name\":\"los chipirones\",\"avatar\":\"266\",\"rating\":2319,\"seed\":\"sodium,2f7085ec3893282c2b56c26a01f47ddc\"}\n>player p2 {\"name\":\"MoopMerr\",\"avatar\":\"harlequin\",\"rating\":2238,\"seed\":\"sodium,708f6f1b78097d64c5a544accfa62706\"}\n>p1 move headsmash\n>p2 switch 5\n>p1 move headsmash\n>p2 move appleacid\n>p2 switch 2\n>p1 switch 6\n>p2 move futuresight\n>p1 move throatchop\n>p2 switch 5\n>p1 switch 2\n>p2 move fireblast\n>p1 move scald\n>p2 switch 3\n>p1 switch 3\n>p2 move volttackle\n>p1 move morningsun\n>p2 move knockoff\n>p1 switch 3\n>p2 switch 5\n>p1 move calmmind\n>p2 move futuresight\n>p1 move calmmind\n>p2 switch 4\n>p1 move scald terastallize\n>p2 move voltswitch\n>p2 switch 6\n>p1 switch 5\n>p2 move calmmind\n>p1 move bravebird\n>p2 switch 4\n>p1 move bravebird\n>p2 move futuresight\n>p2 switch 6\n>p1 switch 5\n>p2 move electrodrift\n>p1 switch 2\n>p1 move sacredsword\n>p2 switch 3\n>p1 switch 6\n>p2 move fireblast\n>p1 move earthquake\n>p2 move fireblast\n>p2 switch 3\n>p1 move earthquake\n>p2 move electrodrift\n>p1 switch 6\n>p1 move iciclecrash\n>p2 switch 4\n>p1 move throatchop\n>p2 move calmmind\n>p1 move swordsdance\n>p2 move recover\n>p1 move throatchop\n>p2 move alluringvoice\n>p1 move iciclecrash\n>p2 move recover\n>p2 switch 4\n>p1 move throatchop\n>p2 move electrodrift terastallize\n>p1 switch 5\n>p1 move quickattack\n>p2 move electrodrift", "uploadtime": 1771196788, "views": 10, "formatid": "gen9randombattle", "rating": 2223, "private": 0, "password": null}