{"id": "gen9randombattle-2540546948", "format": "[Gen 9] Random Battle", "players": ["trandattino", "Valenteddi"], "log": "|j|☆trandattino\n|j|☆Valenteddi\n|t:|1771216088\n|gametype|singles\n|player|p1|trandattino|red|1799\n|player|p2|Valenteddi|265|1789\n|gen|9\n|tier|[Gen 9] Random Battle\n|rated|\n|rule|Species Clause: Limit one of each Pokémon\n|rule|HP Percentage Mod: HP is shown in percentages\n|rule|Sleep Clause Mod: Limit one foe put to sleep\n|rule|Illusion Level Mod: Illusion disguises the Pokémon's true level\n|\n|t:|1771216088\n|teamsize|p1|6\n|teamsize|p2|6\n|start\n|switch|p1a: Gliscor|Gliscor, L76, F|239/239\n|switch|p2a: Reshiram|Reshiram, L76|277/277\n|-ability|p2a: Reshiram|Turboblaze\n|turn|1\n|\n|t:|1771216101\n|move|p1a: Gliscor|Substitute|p1a: Gliscor\n|-start|p1a: Gliscor|Substitute\n|-damage|p1a: Gliscor|180/239\n|move|p2a: Reshiram|Will-O-Wisp||[still]\n|-fail|p2a: Reshiram\n|\n|-status|p1a: Gliscor|tox|[from] item: Toxic Orb\n|upkeep\n|turn|2\n|\n|t:|1771216110\n|switch|p2a: Hatterene|Hatterene, L85, F|236/236\n|move|p1a: Gliscor|Toxic|p2a: Hatterene\n|move|p2a: Hatterene|Toxic||[from] ability: Magic Bounce|[still]\n|-fail|p2a: Hatterene\n|\n|-heal|p1a: Gliscor|209/239 tox|[from] ability: Poison Heal\n|upkeep\n|turn|3\n|\n|t:|1771216136\n|switch|p1a: Revavroom|Revavroom, L79, F|256/256\n|move|p2a: Hatterene|Psychic|p1a: Revavroom\n|-damage|p1a: Revavroom|88/256\n|\n|upkeep\n|turn|4\n|\n|t:|1771216152\n|switch|p2a: Basculegion|Basculegion-F, L83, F|335/335\n|move|p1a: Revavroom|Gunk Shot|p2a: Basculegion\n|-resisted|p2a: Basculegion\n|-damage|p2a: Basculegion|222/335\n|-damage|p1a: Revavroom|63/256|[from] item: Life Orb\n|\n|upkeep\n|turn|5\n|\n|t:|1771216162\n|switch|p1a: Dewgong|Dewgong, L94, F|322/322\n|move|p2a: Basculegion|Shadow Ball|p1a: Dewgong\n|-damage|p1a: Dewgong|180/322\n|\n|upkeep\n|turn|6\n|\n|t:|1771216177\n|move|p1a: Dewgong|Triple Axel|p2a: Basculegion\n|-resisted|p2a: Basculegion\n|-damage|p2a: Basculegion|208/335\n|-resisted|p2a: Basculegion\n|-damage|p2a: Basculegion|182/335\n|-resisted|p2a: Basculegion\n|-damage|p2a: Basculegion|146/335\n|-hitcount|p2a: Basculegion|3\n|move|p2a: Basculegion|Shadow Ball|p1a: Dewgong\n|-damage|p1a: Dewgong|34/322\n|\n|upkeep\n|turn|7\n|\n|t:|1771216190\n|move|p1a: Dewgong|Encore|p2a: Basculegion\n|-start|p2a: Basculegion|Encore\n|move|p2a: Basculegion|Shadow Ball|p1a: Dewgong\n|-damage|p1a: Dewgong|0 fnt\n|faint|p1a: Dewgong\n|\n|upkeep\n|\n|t:|1771216195\n|switch|p1a: Zangoose|Zangoose, L85, F|263/263\n|turn|8\n|\n|t:|1771216202\n|switch|p2a: Maushold|Maushold-Four, L76|238/238\n|move|p1a: Zangoose|Swords Dance|p1a: Zangoose\n|-boost|p1a: Zangoose|atk|2\n|\n|-status|p1a: Zangoose|tox|[from] item: Toxic Orb\n|upkeep\n|turn|9\n|\n|t:|1771216207\n|move|p2a: Maushold|Encore|p1a: Zangoose\n|-start|p1a: Zangoose|Encore\n|move|p1a: Zangoose|Swords Dance|p1a: Zangoose\n|-boost|p1a: Zangoose|atk|2\n|\n|-damage|p1a: Zangoose|247/263 tox|[from] psn\n|upkeep\n|turn|10\n|\n|t:|1771216215\n|switch|p1a: Revavroom|Revavroom, L79, F|63/256\n|move|p2a: Maushold|Tidy Up|p2a: Maushold\n|-boost|p2a: Maushold|atk|1\n|-boost|p2a: Maushold|spe|1\n|\n|upkeep\n|turn|11\n|\n|t:|1771216219\n|move|p2a: Maushold|Bite|p1a: Revavroom\n|-damage|p1a: Revavroom|0 fnt\n|faint|p1a: Revavroom\n|\n|upkeep\n|\n|t:|1771216225\n|switch|p1a: Zangoose|Zangoose, L85, F|247/263 tox\n|turn|12\n|\n|t:|1771216232\n|move|p2a: Maushold|Bite|p1a: Zangoose\n|-damage|p1a: Zangoose|167/263 tox\n|cant|p1a: Zangoose|flinch\n|\n|-damage|p1a: Zangoose|151/263 tox|[from] psn\n|upkeep\n|turn|13\n|\n|t:|1771216237\n|move|p2a: Maushold|Population Bomb|p1a: Zangoose\n|-crit|p1a: Zangoose\n|-damage|p1a: Zangoose|81/263 tox\n|-damage|p1a: Zangoose|33/263 tox\n|-damage|p1a: Zangoose|0 fnt\n|faint|p1a: Zangoose\n|-hitcount|p1: Zangoose|3\n|\n|upkeep\n|\n|t:|1771216241\n|switch|p1a: Gliscor|Gliscor, L76, F|209/239 tox\n|turn|14\n|\n|t:|1771216244\n|move|p2a: Maushold|Population Bomb|p1a: Gliscor\n|-damage|p1a: Gliscor|184/239 tox\n|-damage|p1a: Gliscor|156/239 tox\n|-damage|p1a: Gliscor|131/239 tox\n|-damage|p1a: Gliscor|104/239 tox\n|-damage|p1a: Gliscor|76/239 tox\n|-damage|p1a: Gliscor|45/239 tox\n|-damage|p1a: Gliscor|20/239 tox\n|-crit|p1a: Gliscor\n|-damage|p1a: Gliscor|0 fnt\n|faint|p1a: Gliscor\n|-hitcount|p1: Gliscor|8\n|\n|upkeep\n|\n|t:|1771216248\n|switch|p1a: Crawdaunt|Crawdaunt, L84, M|243/243\n|turn|15\n|\n|t:|1771216252\n|move|p2a: Maushold|Population Bomb|p1a: Crawdaunt\n|-damage|p1a: Crawdaunt|209/243\n|-damage|p1a: Crawdaunt|173/243\n|-damage|p1a: Crawdaunt|139/243\n|-damage|p1a: Crawdaunt|102/243\n|-damage|p1a: Crawdaunt|69/243\n|-damage|p1a: Crawdaunt|33/243\n|-damage|p1a: Crawdaunt|2/243\n|-damage|p1a: Crawdaunt|0 fnt\n|faint|p1a: Crawdaunt\n|-hitcount|p1: Crawdaunt|8\n|\n|upkeep\n|-message|trandattino forfeited.\n|\n|win|Valenteddi\n|raw|trandattino's rating: 1799 &rarr; <strong>1778</strong><br />(-21 for losing)\n|raw|Valenteddi's rating: 1789 &rarr; <strong>1810</strong><br />(+21 for winning)\n|l|☆trandattino\n|player|p1|\n", "inputlog": ">version 686819e5e19f8a7fd2345cfc5a08a5085efa2cc3\n>start {\"formatid\":\"gen9randombattle\",\"seed\":\"sodium,68ad24fcc73c86b580c094faba39cffc\",\"rated\":\"Rated battle\"}\n>player p1 {\"name\":\"trandattino\",\"avatar\":\"red\",\"rating\":1799,\"seed\":\"sodium,2724844a7f303d44697170fe6ca38e46\"}\n>player p2 {\"name\":\"Valenteddi\",\"avatar\":\"265\",\"rating\":1789,\"seed\":\"sodium,fc996f28df958ff82a8437c58b8b201c\"}\n>p1 move substitute\n>p2 move willowisp\n>p1 move toxic\n>p2 switch 4\n>p1 switch 2\n>p2 move psychic\n>p1 move gunkshot\n>p2 switch 2\n>p1 switch 3\n>p2 move shadowball\n>p1 move tripleaxel\n>p2 move shadowball\n>p1 move encore\n>p2 move shadowball\n>p1 switch 6\n>p1 move swordsdance\n>p2 switch 6\n>p1 move facade\n>p2 move encore\n>p1 switch 3\n>p2 move tidyup\n>p1 move gunkshot\n>p2 move bite\n>p1 switch 3\n>p1 move facade\n>p2 move bite\n>p1 move facade\n>p2 move populationbomb\n>p1 switch 2\n>p1 move toxic\n>p2 move populationbomb\n>p1 switch 5\n>p1 move knockoff\n>p2 move populationbomb\n>forcelose p1", "uploadtime": 1771216258, "views": 10, "formatid": "gen9randombattle", "rating": 1778, "private": 0, "password": null}