{"id": "gen9randombattle-2540458846", "format": "[Gen 9] Random Battle", "players": ["LXT_Gaming", "unforgiver"], "log": "|j|☆LXT_Gaming\n|j|☆unforgiver\n|t:|1771204596\n|gametype|singles\n|player|p1|LXT_Gaming|cyrus|1678\n|player|p2|unforgiver|janitor|1637\n|gen|9\n|tier|[Gen 9] Random Battle\n|rated|\n|rule|Species Clause: Limit one of each Pokémon\n|rule|HP Percentage Mod: HP is shown in percentages\n|rule|Sleep Clause Mod: Limit one foe put to sleep\n|rule|Illusion Level Mod: Illusion disguises the Pokémon's true level\n|\n|t:|1771204596\n|teamsize|p1|6\n|teamsize|p2|6\n|start\n|switch|p1a: Chi-Yu|Chi-Yu, L77|211/211\n|switch|p2a: Lycanroc|Lycanroc, L86, F|269/269\n|-ability|p1a: Chi-Yu|Beads of Ruin\n|turn|1\n|inactive|Battle timer is ON: inactive players will automatically lose when time's up. (requested by LXT_Gaming)\n|\n|t:|1771204615\n|switch|p1a: Bastiodon|Bastiodon, L89, M|252/252\n|move|p2a: Lycanroc|Stone Edge|p1a: Bastiodon\n|-resisted|p1a: Bastiodon\n|-damage|p1a: Bastiodon|208/252\n|-damage|p2a: Lycanroc|243/269|[from] item: Life Orb\n|\n|upkeep\n|turn|2\n|\n|t:|1771204626\n|switch|p1a: Venusaur|Venusaur, L84, M|272/272\n|move|p2a: Lycanroc|Close Combat|p1a: Venusaur\n|-resisted|p1a: Venusaur\n|-damage|p1a: Venusaur|206/272\n|-unboost|p2a: Lycanroc|def|1\n|-unboost|p2a: Lycanroc|spd|1\n|-damage|p2a: Lycanroc|217/269|[from] item: Life Orb\n|\n|-heal|p1a: Venusaur|223/272|[from] item: Leftovers\n|upkeep\n|turn|3\n|\n|t:|1771204633\n|switch|p2a: Tinkaton|Tinkaton, L82, F|274/274\n|-ability|p2a: Tinkaton|Mold Breaker\n|move|p1a: Venusaur|Earth Power|p2a: Tinkaton\n|-supereffective|p2a: Tinkaton\n|-damage|p2a: Tinkaton|150/274\n|\n|-heal|p2a: Tinkaton|167/274|[from] item: Leftovers\n|-heal|p1a: Venusaur|240/272|[from] item: Leftovers\n|upkeep\n|turn|4\n|\n|t:|1771204643\n|move|p2a: Tinkaton|Knock Off|p1a: Venusaur\n|-damage|p1a: Venusaur|187/272\n|-enditem|p1a: Venusaur|Leftovers|[from] move: Knock Off|[of] p2a: Tinkaton\n|move|p1a: Venusaur|Earth Power|p2a: Tinkaton\n|-supereffective|p2a: Tinkaton\n|-damage|p2a: Tinkaton|59/274\n|\n|-heal|p2a: Tinkaton|76/274|[from] item: Leftovers\n|upkeep\n|turn|5\n|\n|t:|1771204651\n|move|p2a: Tinkaton|Gigaton Hammer|p1a: Venusaur\n|-damage|p1a: Venusaur|58/272\n|move|p1a: Venusaur|Knock Off|p2a: Tinkaton\n|-resisted|p2a: Tinkaton\n|-damage|p2a: Tinkaton|42/274\n|-enditem|p2a: Tinkaton|Leftovers|[from] move: Knock Off|[of] p1a: Venusaur\n|\n|upkeep\n|turn|6\n|\n|t:|1771204656\n|move|p2a: Tinkaton|Swords Dance|p2a: Tinkaton\n|-boost|p2a: Tinkaton|atk|2\n|move|p1a: Venusaur|Synthesis|p1a: Venusaur\n|-heal|p1a: Venusaur|194/272\n|\n|upkeep\n|turn|7\n|\n|t:|1771204661\n|move|p2a: Tinkaton|Gigaton Hammer|p1a: Venusaur\n|-damage|p1a: Venusaur|0 fnt\n|faint|p1a: Venusaur\n|\n|upkeep\n|\n|t:|1771204668\n|switch|p1a: Azelf|Azelf, L82|257/257\n|turn|8\n|\n|t:|1771204672\n|move|p1a: Azelf|Psychic|p2a: Tinkaton\n|-resisted|p2a: Tinkaton\n|-damage|p2a: Tinkaton|0 fnt\n|faint|p2a: Tinkaton\n|\n|upkeep\n|\n|t:|1771204676\n|switch|p2a: Tyranitar|Tyranitar, L78, M|284/284\n|-weather|Sandstorm|[from] ability: Sand Stream|[of] p2a: Tyranitar\n|turn|9\n|\n|t:|1771204680\n|move|p1a: Azelf|U-turn|p2a: Tyranitar\n|-supereffective|p2a: Tyranitar\n|-damage|p2a: Tyranitar|170/284\n|\n|t:|1771204683\n|switch|p1a: Stonjourner|Stonjourner, L91, F|330/330|[from] U-turn\n|move|p2a: Tyranitar|Stealth Rock|p1a: Stonjourner\n|-sidestart|p1: LXT_Gaming|move: Stealth Rock\n|\n|-weather|Sandstorm|[upkeep]\n|-heal|p2a: Tyranitar|187/284|[from] item: Leftovers\n|upkeep\n|turn|10\n|\n|t:|1771204691\n|move|p1a: Stonjourner|Rock Polish|p1a: Stonjourner\n|-boost|p1a: Stonjourner|spe|2\n|move|p2a: Tyranitar|Stone Edge|p1a: Stonjourner\n|-damage|p1a: Stonjourner|251/330\n|\n|-weather|Sandstorm|[upkeep]\n|-heal|p2a: Tyranitar|204/284|[from] item: Leftovers\n|upkeep\n|turn|11\n|\n|t:|1771204698\n|move|p1a: Stonjourner|Earthquake|p2a: Tyranitar\n|-supereffective|p2a: Tyranitar\n|-damage|p2a: Tyranitar|0 fnt\n|faint|p2a: Tyranitar\n|-damage|p1a: Stonjourner|218/330|[from] item: Life Orb\n|\n|-weather|Sandstorm|[upkeep]\n|upkeep\n|\n|t:|1771204702\n|switch|p2a: Haxorus|Haxorus, L77, F|244/244\n|-ability|p2a: Haxorus|Mold Breaker\n|turn|12\n|\n|t:|1771204711\n|move|p1a: Stonjourner|Stone Edge|p2a: Haxorus\n|-damage|p2a: Haxorus|48/244\n|-damage|p1a: Stonjourner|185/330|[from] item: Life Orb\n|move|p2a: Haxorus|Close Combat|p1a: Stonjourner\n|-supereffective|p1a: Stonjourner\n|-damage|p1a: Stonjourner|57/330\n|-unboost|p2a: Haxorus|def|1\n|-unboost|p2a: Haxorus|spd|1\n|\n|-weather|Sandstorm|[upkeep]\n|-damage|p2a: Haxorus|33/244|[from] Sandstorm\n|upkeep\n|turn|13\n|\n|t:|1771204717\n|move|p1a: Stonjourner|Earthquake|p2a: Haxorus\n|-damage|p2a: Haxorus|0 fnt\n|faint|p2a: Haxorus\n|-damage|p1a: Stonjourner|24/330|[from] item: Life Orb\n|\n|-weather|none\n|upkeep\n|\n|t:|1771204721\n|switch|p2a: Vivillon|Vivillon-Modern, L83, M|268/268\n|turn|14\n|\n|t:|1771204725\n|switch|p2a: Lycanroc|Lycanroc, L86, F|217/269\n|move|p1a: Stonjourner|Heat Crash|p2a: Lycanroc\n|-resisted|p2a: Lycanroc\n|-damage|p2a: Lycanroc|129/269\n|-damage|p1a: Stonjourner|0 fnt|[from] item: Life Orb\n|faint|p1a: Stonjourner\n|\n|upkeep\n|\n|t:|1771204732\n|switch|p1a: Garchomp|Garchomp, L74, M|282/282\n|-damage|p1a: Garchomp|265/282|[from] Stealth Rock\n|turn|15\n|\n|t:|1771204747\n|move|p2a: Lycanroc|Close Combat|p1a: Garchomp\n|-damage|p1a: Garchomp|135/282\n|-unboost|p2a: Lycanroc|def|1\n|-unboost|p2a: Lycanroc|spd|1\n|-damage|p2a: Lycanroc|96/269|[from] ability: Rough Skin|[of] p1a: Garchomp\n|-damage|p2a: Lycanroc|52/269|[from] item: Rocky Helmet|[of] p1a: Garchomp\n|-damage|p2a: Lycanroc|26/269|[from] item: Life Orb\n|move|p1a: Garchomp|Outrage|p2a: Lycanroc\n|-damage|p2a: Lycanroc|0 fnt\n|faint|p2a: Lycanroc\n|\n|upkeep\n|\n|t:|1771204753\n|switch|p2a: Vivillon|Vivillon-Modern, L83, M|268/268\n|turn|16\n|\n|t:|1771204757\n|move|p2a: Vivillon|Sleep Powder|p1a: Garchomp\n|-status|p1a: Garchomp|slp|[from] move: Sleep Powder\n|cant|p1a: Garchomp|slp\n|\n|-start|p1a: Garchomp|confusion|[fatigue]\n|upkeep\n|turn|17\n|\n|t:|1771204770\n|switch|p1a: Chi-Yu|Chi-Yu, L77|211/211\n|-damage|p1a: Chi-Yu|159/211|[from] Stealth Rock\n|-ability|p1a: Chi-Yu|Beads of Ruin\n|move|p2a: Vivillon|Quiver Dance|p2a: Vivillon\n|-boost|p2a: Vivillon|spa|1\n|-boost|p2a: Vivillon|spd|1\n|-boost|p2a: Vivillon|spe|1\n|\n|upkeep\n|turn|18\n|\n|t:|1771204785\n|-terastallize|p1a: Chi-Yu|Fire\n|-terastallize|p2a: Vivillon|Ground\n|move|p1a: Chi-Yu|Overheat|p2a: Vivillon\n|-damage|p2a: Vivillon|22/268\n|-unboost|p1a: Chi-Yu|spa|2\n|move|p2a: Vivillon|Quiver Dance|p2a: Vivillon\n|-boost|p2a: Vivillon|spa|1\n|-boost|p2a: Vivillon|spd|1\n|-boost|p2a: Vivillon|spe|1\n|\n|upkeep\n|turn|19\n|\n|t:|1771204794\n|switch|p1a: Bastiodon|Bastiodon, L89, M|208/252\n|-damage|p1a: Bastiodon|193/252|[from] Stealth Rock\n|move|p2a: Vivillon|Tera Blast|p1a: Bastiodon|[anim] Tera Blast Ground\n|-supereffective|p1a: Bastiodon\n|-damage|p1a: Bastiodon|0 fnt\n|faint|p1a: Bastiodon\n|\n|upkeep\n|\n|t:|1771204800\n|switch|p1a: Azelf|Azelf, L82|257/257\n|-damage|p1a: Azelf|225/257|[from] Stealth Rock\n|turn|20\n|\n|t:|1771204805\n|move|p2a: Vivillon|Hurricane|p1a: Azelf\n|-damage|p1a: Azelf|48/257\n|move|p1a: Azelf|Psychic|p2a: Vivillon\n|-damage|p2a: Vivillon|0 fnt\n|faint|p2a: Vivillon\n|\n|upkeep\n|\n|t:|1771204808\n|switch|p2a: Mismagius|Mismagius, L86, M|243/243\n|turn|21\n|\n|t:|1771204813\n|move|p1a: Azelf|Psychic|p2a: Mismagius\n|-damage|p2a: Mismagius|146/243\n|move|p2a: Mismagius|Shadow Ball|p1a: Azelf\n|-supereffective|p1a: Azelf\n|-crit|p1a: Azelf\n|-damage|p1a: Azelf|0 fnt\n|faint|p1a: Azelf\n|-damage|p2a: Mismagius|122/243|[from] item: Life Orb\n|\n|upkeep\n|\n|t:|1771204817\n|switch|p1a: Chi-Yu|Chi-Yu, L77, tera:Fire|159/211\n|-damage|p1a: Chi-Yu|107/211|[from] Stealth Rock\n|-ability|p1a: Chi-Yu|Beads of Ruin\n|turn|22\n|\n|t:|1771204826\n|move|p1a: Chi-Yu|Dark Pulse|p2a: Mismagius\n|-supereffective|p2a: Mismagius\n|-damage|p2a: Mismagius|0 fnt\n|faint|p2a: Mismagius\n|\n|win|LXT_Gaming\n|raw|LXT_Gaming's rating: 1678 &rarr; <strong>1696</strong><br />(+18 for winning)\n|raw|unforgiver's rating: 1637 &rarr; <strong>1619</strong><br />(-18 for losing)\n|c|☆unforgiver|Haz bs\n|c|☆unforgiver|Hax bs\n|l|☆unforgiver\n|player|p2|\n|c|☆LXT_Gaming|It's pokemon\n", "inputlog": ">version 686819e5e19f8a7fd2345cfc5a08a5085efa2cc3\n>start {\"formatid\":\"gen9randombattle\",\"seed\":\"sodium,c619864e055ee49e4fb6868e854762a7\",\"rated\":\"Rated battle\"}\n>player p1 {\"name\":\"LXT_Gaming\",\"avatar\":\"cyrus\",\"rating\":1678,\"seed\":\"sodium,0b6bea751819cf79aebf592ef86de39e\"}\n>player p2 {\"name\":\"unforgiver\",\"avatar\":\"janitor\",\"rating\":1637,\"seed\":\"sodium,0dad49a9e01c63d0862b715b192bd850\"}\n>p1 switch 2\n>p2 move stoneedge\n>p1 switch 6\n>p2 move closecombat\n>p1 move earthpower\n>p2 switch 4\n>p1 move earthpower\n>p2 move knockoff\n>p1 move knockoff\n>p2 move gigatonhammer\n>p1 move synthesis\n>p2 move swordsdance\n>p1 move earthpower\n>p2 move gigatonhammer\n>p1 switch 4\n>p1 move psychic\n>p2 move knockoff\n>p2 switch 3\n>p1 move uturn\n>p2 move stealthrock\n>p1 switch 5\n>p1 move rockpolish\n>p2 move stoneedge\n>p1 move earthquake\n>p2 move knockoff\n>p2 switch 2\n>p1 move stoneedge\n>p2 move closecombat\n>p1 move earthquake\n>p2 move closecombat\n>p2 switch 6\n>p1 move heatcrash\n>p2 switch 4\n>p1 switch 3\n>p1 move outrage\n>p2 move closecombat\n>p2 switch 4\n>p1 move outrage\n>p2 move sleeppowder\n>p1 switch 2\n>p2 move quiverdance\n>p1 move overheat terastallize\n>p2 move quiverdance terastallize\n>p1 switch 6\n>p2 move terablast\n>p1 switch 5\n>p1 move psychic\n>p2 move hurricane\n>p2 switch 5\n>p1 move psychic\n>p2 move shadowball\n>p1 switch 6\n>p1 move darkpulse\n>p2 move shadowball", "uploadtime": 1771204852, "views": 8, "formatid": "gen9randombattle", "rating": 1619, "private": 0, "password": null}