{"id": "gen9randombattle-2540508035", "format": "[Gen 9] Random Battle", "players": ["mteje", "yeet dab xd"], "log": "|j|☆mteje\n|j|☆yeet dab xd\n|t:|1771210775\n|gametype|singles\n|player|p1|mteje|1|1557\n|player|p2|yeet dab xd|sycamore-masters|1544\n|gen|9\n|tier|[Gen 9] Random Battle\n|rated|\n|rule|Species Clause: Limit one of each Pokémon\n|rule|HP Percentage Mod: HP is shown in percentages\n|rule|Sleep Clause Mod: Limit one foe put to sleep\n|rule|Illusion Level Mod: Illusion disguises the Pokémon's true level\n|\n|t:|1771210775\n|teamsize|p1|6\n|teamsize|p2|6\n|start\n|switch|p1a: Terrakion|Terrakion, L79|273/273\n|switch|p2a: Chansey|Chansey, L85, F|564/564\n|turn|1\n|inactive|Battle timer is ON: inactive players will automatically lose when time's up. (requested by mteje)\n|inactive|yeet dab xd has 120 seconds left.\n|\n|t:|1771210816\n|switch|p2a: Palossand|Palossand, L89, M|296/296\n|move|p1a: Terrakion|Stone Edge|p2a: Palossand\n|-resisted|p2a: Palossand\n|-damage|p2a: Palossand|222/296\n|\n|-heal|p2a: Palossand|240/296|[from] item: Leftovers\n|upkeep\n|turn|2\n|\n|t:|1771210831\n|switch|p1a: Arceus|Arceus-Bug, L73|295/295\n|move|p2a: Palossand|Earth Power|p1a: Arceus\n|-resisted|p1a: Arceus\n|-damage|p1a: Arceus|244/295\n|\n|-heal|p2a: Palossand|258/296|[from] item: Leftovers\n|upkeep\n|turn|3\n|inactive|yeet dab xd has 120 seconds left.\n|\n|t:|1771210865\n|move|p1a: Arceus|Fire Blast|p2a: Palossand\n|-damage|p2a: Palossand|183/296\n|move|p2a: Palossand|Shadow Ball|p1a: Arceus\n|-crit|p1a: Arceus\n|-damage|p1a: Arceus|112/295\n|-unboost|p1a: Arceus|spd|1\n|\n|-heal|p2a: Palossand|201/296|[from] item: Leftovers\n|upkeep\n|turn|4\n|\n|t:|1771210876\n|switch|p1a: Oricorio|Oricorio, L84, F|263/263\n|move|p2a: Palossand|Shadow Ball|p1a: Oricorio\n|-damage|p1a: Oricorio|155/263\n|\n|-heal|p2a: Palossand|219/296|[from] item: Leftovers\n|upkeep\n|turn|5\n|\n|t:|1771210884\n|switch|p2a: Chansey|Chansey, L85, F|564/564\n|move|p1a: Oricorio|Hurricane|p2a: Chansey\n|-damage|p2a: Chansey|497/564\n|-start|p2a: Chansey|confusion\n|\n|upkeep\n|turn|6\n|\n|t:|1771210898\n|switch|p1a: Terrakion|Terrakion, L79|273/273\n|-activate|p2a: Chansey|confusion\n|move|p2a: Chansey|Thunder Wave|p1a: Terrakion\n|-status|p1a: Terrakion|par\n|\n|upkeep\n|turn|7\n|\n|t:|1771210903\n|switch|p2a: Palossand|Palossand, L89, M|219/296\n|move|p1a: Terrakion|Stone Edge|p2a: Palossand\n|-resisted|p2a: Palossand\n|-damage|p2a: Palossand|145/296\n|\n|-heal|p2a: Palossand|163/296|[from] item: Leftovers\n|upkeep\n|turn|8\n|\n|t:|1771210912\n|switch|p1a: Oricorio|Oricorio, L84, F|155/263\n|move|p2a: Palossand|Shadow Ball|p1a: Oricorio\n|-damage|p1a: Oricorio|37/263\n|-unboost|p1a: Oricorio|spd|1\n|\n|-heal|p2a: Palossand|181/296|[from] item: Leftovers\n|upkeep\n|turn|9\n|\n|t:|1771210917\n|switch|p2a: Chansey|Chansey, L85, F|497/564\n|move|p1a: Oricorio|Hurricane|p2a: Chansey\n|-damage|p2a: Chansey|433/564\n|\n|upkeep\n|turn|10\n|\n|t:|1771210923\n|switch|p1a: Terrakion|Terrakion, L79|273/273 par\n|move|p2a: Chansey|Seismic Toss|p1a: Terrakion\n|-damage|p1a: Terrakion|188/273 par\n|\n|upkeep\n|turn|11\n|\n|t:|1771210928\n|switch|p2a: Palossand|Palossand, L89, M|181/296\n|move|p1a: Terrakion|Stone Edge|p2a: Palossand\n|-resisted|p2a: Palossand\n|-damage|p2a: Palossand|116/296\n|\n|-heal|p2a: Palossand|134/296|[from] item: Leftovers\n|upkeep\n|turn|12\n|\n|t:|1771210934\n|move|p2a: Palossand|Shore Up|p2a: Palossand\n|-heal|p2a: Palossand|282/296\n|move|p1a: Terrakion|Stone Edge|p2a: Palossand\n|-resisted|p2a: Palossand\n|-damage|p2a: Palossand|211/296\n|\n|-heal|p2a: Palossand|229/296|[from] item: Leftovers\n|upkeep\n|turn|13\n|\n|t:|1771210939\n|switch|p1a: Gyarados|Gyarados, L79, F|280/280\n|move|p2a: Palossand|Shadow Ball|p1a: Gyarados\n|-damage|p1a: Gyarados|193/280\n|\n|-heal|p2a: Palossand|247/296|[from] item: Leftovers\n|upkeep\n|turn|14\n|\n|t:|1771210946\n|move|p1a: Gyarados|Dragon Dance|p1a: Gyarados\n|-boost|p1a: Gyarados|atk|1\n|-boost|p1a: Gyarados|spe|1\n|move|p2a: Palossand|Shadow Ball|p1a: Gyarados\n|-damage|p1a: Gyarados|103/280\n|\n|-heal|p2a: Palossand|265/296|[from] item: Leftovers\n|upkeep\n|turn|15\n|\n|t:|1771210956\n|switch|p2a: Swalot|Swalot, L90, F|326/326\n|move|p1a: Gyarados|Waterfall|p2a: Swalot\n|-damage|p2a: Swalot|202/326\n|\n|-heal|p2a: Swalot|222/326|[from] item: Leftovers\n|upkeep\n|turn|16\n|\n|t:|1771210962\n|-terastallize|p1a: Gyarados|Ground\n|move|p1a: Gyarados|Earthquake|p2a: Swalot\n|-supereffective|p2a: Swalot\n|-damage|p2a: Swalot|0 fnt\n|faint|p2a: Swalot\n|-ability|p1a: Gyarados|Moxie|boost\n|-boost|p1a: Gyarados|atk|1\n|\n|upkeep\n|\n|t:|1771210975\n|switch|p2a: Vikavolt|Vikavolt, L83, M|263/263\n|turn|17\n|\n|t:|1771210979\n|move|p1a: Gyarados|Temper Flare|p2a: Vikavolt\n|-supereffective|p2a: Vikavolt\n|-damage|p2a: Vikavolt|33/263\n|move|p2a: Vikavolt|Energy Ball|p1a: Gyarados\n|-supereffective|p1a: Gyarados\n|-damage|p1a: Gyarados|0 fnt\n|faint|p1a: Gyarados\n|\n|upkeep\n|\n|t:|1771210992\n|switch|p1a: Oricorio|Oricorio, L84, F|37/263\n|turn|18\n|\n|t:|1771210998\n|move|p1a: Oricorio|Revelation Dance|p2a: Vikavolt\n|-supereffective|p2a: Vikavolt\n|-damage|p2a: Vikavolt|0 fnt\n|faint|p2a: Vikavolt\n|\n|upkeep\n|\n|t:|1771211002\n|switch|p2a: Chansey|Chansey, L85, F|433/564\n|turn|19\n|\n|t:|1771211004\n|move|p1a: Oricorio|Roost|p1a: Oricorio\n|-heal|p1a: Oricorio|169/263\n|-singleturn|p1a: Oricorio|move: Roost\n|move|p2a: Chansey|Seismic Toss|p1a: Oricorio\n|-damage|p1a: Oricorio|84/263\n|\n|upkeep\n|turn|20\n|\n|t:|1771211008\n|switch|p1a: Terrakion|Terrakion, L79|188/273 par\n|move|p2a: Chansey|Seismic Toss|p1a: Terrakion\n|-damage|p1a: Terrakion|103/273 par\n|\n|upkeep\n|turn|21\n|\n|t:|1771211012\n|switch|p2a: Palossand|Palossand, L89, M|265/296\n|move|p1a: Terrakion|Stone Edge|p2a: Palossand\n|-resisted|p2a: Palossand\n|-damage|p2a: Palossand|191/296\n|\n|-heal|p2a: Palossand|209/296|[from] item: Leftovers\n|upkeep\n|turn|22\n|\n|t:|1771211016\n|switch|p1a: Oricorio|Oricorio, L84, F|84/263\n|move|p2a: Palossand|Shadow Ball|p1a: Oricorio\n|-damage|p1a: Oricorio|0 fnt\n|faint|p1a: Oricorio\n|\n|-heal|p2a: Palossand|227/296|[from] item: Leftovers\n|upkeep\n|\n|t:|1771211020\n|switch|p1a: Espathra|Espathra, L80, M|283/283\n|turn|23\n|\n|t:|1771211030\n|switch|p2a: Chansey|Chansey, L85, F|433/564\n|move|p1a: Espathra|Lumina Crash|p2a: Chansey\n|-damage|p2a: Chansey|358/564\n|-unboost|p2a: Chansey|spd|2\n|\n|-ability|p1a: Espathra|Speed Boost|boost\n|-boost|p1a: Espathra|spe|1\n|upkeep\n|turn|24\n|\n|t:|1771211036\n|move|p1a: Espathra|Lumina Crash|p2a: Chansey\n|-damage|p2a: Chansey|213/564\n|-unboost|p2a: Chansey|spd|2\n|move|p2a: Chansey|Thunder Wave|p1a: Espathra\n|-status|p1a: Espathra|par\n|\n|-ability|p1a: Espathra|Speed Boost|boost\n|-boost|p1a: Espathra|spe|1\n|upkeep\n|turn|25\n|inactive|yeet dab xd has 120 seconds left.\n|inactive|yeet dab xd has 90 seconds left.\n|\n|t:|1771211101\n|switch|p2a: Eternatus|Eternatus, L69|308/308\n|-ability|p2a: Eternatus|Pressure\n|cant|p1a: Espathra|par\n|\n|-ability|p1a: Espathra|Speed Boost|boost\n|-boost|p1a: Espathra|spe|1\n|upkeep\n|turn|26\n|\n|t:|1771211106\n|move|p1a: Espathra|Lumina Crash|p2a: Eternatus\n|-supereffective|p2a: Eternatus\n|-damage|p2a: Eternatus|48/308\n|-unboost|p2a: Eternatus|spd|2\n|move|p2a: Eternatus|Dynamax Cannon|p1a: Espathra\n|-damage|p1a: Espathra|151/283 par\n|\n|-heal|p2a: Eternatus|67/308|[from] item: Leftovers\n|-ability|p1a: Espathra|Speed Boost|boost\n|-boost|p1a: Espathra|spe|1\n|upkeep\n|turn|27\n|\n|t:|1771211114\n|move|p1a: Espathra|Lumina Crash|p2a: Eternatus\n|-supereffective|p2a: Eternatus\n|-damage|p2a: Eternatus|0 fnt\n|faint|p2a: Eternatus\n|\n|-ability|p1a: Espathra|Speed Boost|boost\n|-boost|p1a: Espathra|spe|1\n|upkeep\n|\n|t:|1771211118\n|switch|p2a: Palossand|Palossand, L89, M|227/296\n|turn|28\n|\n|t:|1771211120\n|move|p1a: Espathra|Lumina Crash|p2a: Palossand\n|-damage|p2a: Palossand|91/296\n|-unboost|p2a: Palossand|spd|2\n|move|p2a: Palossand|Shadow Ball|p1a: Espathra\n|-supereffective|p1a: Espathra\n|-damage|p1a: Espathra|0 fnt\n|faint|p1a: Espathra\n|\n|-heal|p2a: Palossand|109/296|[from] item: Leftovers\n|upkeep\n|\n|t:|1771211125\n|switch|p1a: Arceus|Arceus-Bug, L73|112/295\n|turn|29\n|\n|t:|1771211135\n|switch|p2a: Terrakion|Terrakion, L79|273/273\n|move|p1a: Arceus|Calm Mind|p1a: Arceus\n|-boost|p1a: Arceus|spa|1\n|-boost|p1a: Arceus|spd|1\n|\n|upkeep\n|turn|30\n|\n|t:|1771211151\n|switch|p1a: Magearna|Magearna, L77|250/250\n|move|p2a: Terrakion|Stone Edge|p1a: Magearna\n|-resisted|p1a: Magearna\n|-crit|p1a: Magearna\n|-damage|p1a: Magearna|140/250\n|\n|upkeep\n|turn|31\n|\n|t:|1771211156\n|switch|p2a: Chansey|Chansey, L85, F|213/564\n|move|p1a: Magearna|Shift Gear|p1a: Magearna\n|-boost|p1a: Magearna|spe|2\n|-boost|p1a: Magearna|atk|1\n|\n|upkeep\n|turn|32\n|\n|t:|1771211159\n|move|p1a: Magearna|Iron Head|p2a: Chansey\n|-damage|p2a: Chansey|0 fnt\n|faint|p2a: Chansey\n|-ability|p1a: Magearna|Soul-Heart|boost\n|-boost|p1a: Magearna|spa|1\n|\n|upkeep\n|\n|t:|1771211187\n|switch|p2a: Terrakion|Terrakion, L79|273/273\n|turn|33\n|\n|t:|1771211193\n|move|p1a: Magearna|Fleur Cannon|p2a: Terrakion\n|-supereffective|p2a: Terrakion\n|-damage|p2a: Terrakion|0 fnt\n|-unboost|p1a: Magearna|spa|2\n|faint|p2a: Terrakion\n|-ability|p1a: Magearna|Soul-Heart|boost\n|-boost|p1a: Magearna|spa|1\n|\n|upkeep\n|\n|t:|1771211196\n|switch|p2a: Palossand|Palossand, L89, M|109/296\n|turn|34\n|\n|t:|1771211206\n|-terastallize|p2a: Palossand|Poison\n|move|p1a: Magearna|Fleur Cannon|p2a: Palossand\n|-resisted|p2a: Palossand\n|-damage|p2a: Palossand|37/296\n|-unboost|p1a: Magearna|spa|2\n|move|p2a: Palossand|Shore Up|p2a: Palossand\n|-heal|p2a: Palossand|185/296\n|\n|-heal|p2a: Palossand|203/296|[from] item: Leftovers\n|upkeep\n|turn|35\n|\n|t:|1771211212\n|move|p1a: Magearna|Shift Gear|p1a: Magearna\n|-boost|p1a: Magearna|spe|2\n|-boost|p1a: Magearna|atk|1\n|move|p2a: Palossand|Earth Power|p1a: Magearna\n|-supereffective|p1a: Magearna\n|-damage|p1a: Magearna|0 fnt\n|faint|p1a: Magearna\n|\n|-heal|p2a: Palossand|221/296|[from] item: Leftovers\n|upkeep\n|\n|t:|1771211214\n|switch|p1a: Terrakion|Terrakion, L79|103/273 par\n|turn|36\n|\n|t:|1771211217\n|move|p2a: Palossand|Earth Power|p1a: Terrakion\n|-supereffective|p1a: Terrakion\n|-damage|p1a: Terrakion|0 fnt\n|faint|p1a: Terrakion\n|\n|-heal|p2a: Palossand|239/296|[from] item: Leftovers\n|upkeep\n|\n|t:|1771211219\n|switch|p1a: Arceus|Arceus-Bug, L73|112/295\n|turn|37\n|\n|t:|1771211222\n|move|p1a: Arceus|Recover|p1a: Arceus\n|-heal|p1a: Arceus|260/295\n|move|p2a: Palossand|Shadow Ball|p1a: Arceus\n|-damage|p1a: Arceus|164/295\n|\n|-heal|p2a: Palossand|257/296|[from] item: Leftovers\n|upkeep\n|turn|38\n|\n|t:|1771211224\n|move|p1a: Arceus|Fire Blast|p2a: Palossand|[miss]\n|-miss|p1a: Arceus|p2a: Palossand\n|move|p2a: Palossand|Sludge Bomb|p1a: Arceus\n|-damage|p1a: Arceus|71/295\n|-status|p1a: Arceus|psn\n|\n|-heal|p2a: Palossand|275/296|[from] item: Leftovers\n|-damage|p1a: Arceus|35/295 psn|[from] psn\n|upkeep\n|turn|39\n|\n|t:|1771211227\n|move|p1a: Arceus|Recover|p1a: Arceus\n|-heal|p1a: Arceus|183/295 psn\n|move|p2a: Palossand|Shadow Ball|p1a: Arceus\n|-damage|p1a: Arceus|93/295 psn\n|\n|-heal|p2a: Palossand|293/296|[from] item: Leftovers\n|-damage|p1a: Arceus|57/295 psn|[from] psn\n|upkeep\n|turn|40\n|\n|t:|1771211230\n|move|p1a: Arceus|Recover|p1a: Arceus\n|-heal|p1a: Arceus|205/295 psn\n|move|p2a: Palossand|Shadow Ball|p1a: Arceus\n|-damage|p1a: Arceus|109/295 psn\n|\n|-heal|p2a: Palossand|296/296|[from] item: Leftovers\n|-damage|p1a: Arceus|73/295 psn|[from] psn\n|upkeep\n|turn|41\n|\n|t:|1771211232\n|move|p1a: Arceus|Recover|p1a: Arceus\n|-heal|p1a: Arceus|221/295 psn\n|move|p2a: Palossand|Shadow Ball|p1a: Arceus\n|-damage|p1a: Arceus|140/295 psn\n|\n|-damage|p1a: Arceus|104/295 psn|[from] psn\n|upkeep\n|turn|42\n|\n|t:|1771211234\n|move|p1a: Arceus|Calm Mind|p1a: Arceus\n|-boost|p1a: Arceus|spa|1\n|-boost|p1a: Arceus|spd|1\n|move|p2a: Palossand|Shadow Ball|p1a: Arceus\n|-damage|p1a: Arceus|44/295 psn\n|\n|-damage|p1a: Arceus|8/295 psn|[from] psn\n|upkeep\n|turn|43\n|\n|t:|1771211235\n|move|p1a: Arceus|Recover|p1a: Arceus\n|-heal|p1a: Arceus|156/295 psn\n|move|p2a: Palossand|Shadow Ball|p1a: Arceus\n|-damage|p1a: Arceus|93/295 psn\n|\n|-damage|p1a: Arceus|57/295 psn|[from] psn\n|upkeep\n|turn|44\n|\n|t:|1771211238\n|move|p1a: Arceus|Recover|p1a: Arceus\n|-heal|p1a: Arceus|205/295 psn\n|move|p2a: Palossand|Shadow Ball|p1a: Arceus\n|-damage|p1a: Arceus|150/295 psn\n|\n|-damage|p1a: Arceus|114/295 psn|[from] psn\n|upkeep\n|turn|45\n|\n|t:|1771211240\n|move|p1a: Arceus|Calm Mind|p1a: Arceus\n|-boost|p1a: Arceus|spa|1\n|-boost|p1a: Arceus|spd|1\n|move|p2a: Palossand|Shadow Ball|p1a: Arceus\n|-damage|p1a: Arceus|68/295 psn\n|\n|-damage|p1a: Arceus|32/295 psn|[from] psn\n|upkeep\n|turn|46\n|\n|t:|1771211242\n|move|p1a: Arceus|Recover|p1a: Arceus\n|-heal|p1a: Arceus|180/295 psn\n|move|p2a: Palossand|Shadow Ball|p1a: Arceus\n|-crit|p1a: Arceus\n|-damage|p1a: Arceus|45/295 psn\n|\n|-damage|p1a: Arceus|9/295 psn|[from] psn\n|upkeep\n|turn|47\n|\n|t:|1771211244\n|move|p1a: Arceus|Recover|p1a: Arceus\n|-heal|p1a: Arceus|157/295 psn\n|move|p2a: Palossand|Shadow Ball|p1a: Arceus\n|-damage|p1a: Arceus|109/295 psn\n|-unboost|p1a: Arceus|spd|1\n|\n|-damage|p1a: Arceus|73/295 psn|[from] psn\n|upkeep\n|turn|48\n|\n|t:|1771211246\n|move|p1a: Arceus|Fire Blast|p2a: Palossand\n|-damage|p2a: Palossand|140/296\n|move|p2a: Palossand|Shadow Ball|p1a: Arceus\n|-damage|p1a: Arceus|12/295 psn\n|\n|-heal|p2a: Palossand|158/296|[from] item: Leftovers\n|-damage|p1a: Arceus|0 fnt|[from] psn\n|faint|p1a: Arceus\n|\n|win|yeet dab xd\n|raw|mteje's rating: 1557 &rarr; <strong>1536</strong><br />(-21 for losing)\n|raw|yeet dab xd's rating: 1544 &rarr; <strong>1565</strong><br />(+21 for winning)\n|l|☆mteje\n|player|p1|\n|c|☆yeet dab xd|gg\n", "inputlog": ">version 686819e5e19f8a7fd2345cfc5a08a5085efa2cc3\n>start {\"formatid\":\"gen9randombattle\",\"seed\":\"sodium,62fa09bed1ceb08a3bd36ff9b66486cf\",\"rated\":\"Rated battle\"}\n>player p1 {\"name\":\"mteje\",\"avatar\":\"1\",\"rating\":1557,\"seed\":\"sodium,1fc750961b2135a912e0f72341094a61\"}\n>player p2 {\"name\":\"yeet dab xd\",\"avatar\":\"sycamore-masters\",\"rating\":1544,\"seed\":\"sodium,db32f5c764f323c20cbdee74450f0c4f\"}\n>p1 move stoneedge\n>p2 switch 3\n>p1 switch 6\n>p2 move earthpower\n>p1 move fireblast\n>p2 move shadowball\n>p1 switch 3\n>p2 move shadowball\n>p1 move hurricane\n>p2 switch 3\n>p1 switch 6\n>p2 move thunderwave\n>p1 move stoneedge\n>p2 switch 3\n>p1 switch 6\n>p2 move shadowball\n>p1 move hurricane\n>p2 switch 3\n>p1 switch 6\n>p2 move seismictoss\n>p1 move stoneedge\n>p2 switch 3\n>p1 move stoneedge\n>p2 move shoreup\n>p1 switch 5\n>p2 move shadowball\n>p1 move dragondance\n>p2 move shadowball\n>p1 move waterfall\n>p2 switch 5\n>p1 move earthquake terastallize\n>p2 move sludgebomb\n>p2 switch 4\n>p1 move temperflare\n>p2 move energyball\n>p1 switch 6\n>p1 move revelationdance\n>p2 move stickyweb\n>p2 switch 3\n>p1 move roost\n>p2 move seismictoss\n>p1 switch 5\n>p2 move seismictoss\n>p1 move stoneedge\n>p2 switch 5\n>p1 switch 5\n>p2 move shadowball\n>p1 switch 4\n>p1 move luminacrash\n>p2 switch 5\n>p1 move luminacrash\n>p2 move thunderwave\n>p1 move luminacrash\n>p2 switch 2\n>p1 move luminacrash\n>p2 move dynamaxcannon\n>p1 move luminacrash\n>p2 move dynamaxcannon\n>p2 switch 5\n>p1 move luminacrash\n>p2 move shadowball\n>p1 switch 3\n>p1 move calmmind\n>p2 switch 6\n>p1 switch 2\n>p2 move stoneedge\n>p1 move shiftgear\n>p2 switch 2\n>p1 move ironhead\n>p2 move thunderwave\n>p2 switch 2\n>p1 move fleurcannon\n>p2 move closecombat\n>p2 switch 6\n>p1 move fleurcannon\n>p2 move shoreup terastallize\n>p1 move shiftgear\n>p2 move earthpower\n>p1 switch 5\n>p1 move earthquake\n>p2 move earthpower\n>p1 switch 2\n>p1 move recover\n>p2 move shadowball\n>p1 move fireblast\n>p2 move sludgebomb\n>p1 move recover\n>p2 move shadowball\n>p1 move recover\n>p2 move shadowball\n>p1 move recover\n>p2 move shadowball\n>p1 move calmmind\n>p2 move shadowball\n>p1 move recover\n>p2 move shadowball\n>p1 move recover\n>p2 move shadowball\n>p1 move calmmind\n>p2 move shadowball\n>p1 move recover\n>p2 move shadowball\n>p1 move recover\n>p2 move shadowball\n>p1 move fireblast\n>p2 move shadowball", "uploadtime": 1771211259, "views": 11, "formatid": "gen9randombattle", "rating": 1536, "private": 0, "password": null}