{"id": "gen9randombattle-2540644150", "format": "[Gen 9] Random Battle", "players": ["lebooboo", "yusei1789"], "log": "|j|☆lebooboo\n|j|☆yusei1789\n|t:|1771233078\n|gametype|singles\n|player|p1|lebooboo|sage|2120\n|player|p2|yusei1789|170|2324\n|gen|9\n|tier|[Gen 9] Random Battle\n|rated|\n|rule|Species Clause: Limit one of each Pokémon\n|rule|HP Percentage Mod: HP is shown in percentages\n|rule|Sleep Clause Mod: Limit one foe put to sleep\n|rule|Illusion Level Mod: Illusion disguises the Pokémon's true level\n|\n|t:|1771233078\n|teamsize|p1|6\n|teamsize|p2|6\n|start\n|switch|p1a: Slaking|Slaking, L84, M|389/389\n|switch|p2a: Dedenne|Dedenne, L88, M|261/261\n|turn|1\n|inactive|Battle timer is ON: inactive players will automatically lose when time's up. (requested by yusei1789)\n|\n|t:|1771233103\n|switch|p2a: Dusknoir|Dusknoir, L89, F|225/225\n|-item|p1a: Slaking|Choice Band|[from] ability: Frisk|[of] p2a: Dusknoir\n|move|p1a: Slaking|Double-Edge|p2a: Dusknoir\n|-immune|p2a: Dusknoir\n|\n|upkeep\n|turn|2\n|\n|t:|1771233121\n|switch|p1a: Dachsbun|Dachsbun, L92, M|254/254\n|move|p2a: Dusknoir|Substitute|p2a: Dusknoir\n|-start|p2a: Dusknoir|Substitute\n|-damage|p2a: Dusknoir|169/225\n|\n|-heal|p2a: Dusknoir|183/225|[from] item: Leftovers\n|upkeep\n|turn|3\n|\n|t:|1771233128\n|move|p1a: Dachsbun|Play Rough|p2a: Dusknoir\n|-end|p2a: Dusknoir|Substitute\n|move|p2a: Dusknoir|Poltergeist|p1a: Dachsbun\n|-activate|p1a: Dachsbun|move: Poltergeist|Leftovers\n|-damage|p1a: Dachsbun|155/254\n|\n|-heal|p1a: Dachsbun|170/254|[from] item: Leftovers\n|-heal|p2a: Dusknoir|197/225|[from] item: Leftovers\n|upkeep\n|turn|4\n|\n|t:|1771233137\n|move|p1a: Dachsbun|Wish|p1a: Dachsbun\n|move|p2a: Dusknoir|Poltergeist|p1a: Dachsbun\n|-activate|p1a: Dachsbun|move: Poltergeist|Leftovers\n|-damage|p1a: Dachsbun|73/254\n|\n|-heal|p1a: Dachsbun|88/254|[from] item: Leftovers\n|-heal|p2a: Dusknoir|211/225|[from] item: Leftovers\n|upkeep\n|turn|5\n|\n|t:|1771233149\n|switch|p2a: Dedenne|Dedenne, L88, M|261/261\n|move|p1a: Dachsbun|Protect||[still]\n|-fail|p1a: Dachsbun\n|\n|-heal|p1a: Dachsbun|215/254|[from] move: Wish|[wisher] Dachsbun\n|-heal|p1a: Dachsbun|230/254|[from] item: Leftovers\n|upkeep\n|turn|6\n|\n|t:|1771233173\n|switch|p1a: Uxie|Uxie, L83|260/260\n|move|p2a: Dedenne|Nuzzle|p1a: Uxie\n|-damage|p1a: Uxie|247/260\n|-status|p1a: Uxie|par\n|\n|-heal|p1a: Uxie|260/260 par|[from] item: Leftovers\n|upkeep\n|turn|7\n|\n|t:|1771233192\n|switch|p2a: Garchomp|Garchomp, L74, M|282/282\n|cant|p1a: Uxie|par\n|\n|upkeep\n|turn|8\n|\n|t:|1771233199\n|switch|p1a: Dachsbun|Dachsbun, L92, M|230/254\n|move|p2a: Garchomp|Stealth Rock|p1a: Dachsbun\n|-sidestart|p1: lebooboo|move: Stealth Rock\n|\n|-heal|p1a: Dachsbun|245/254|[from] item: Leftovers\n|upkeep\n|turn|9\n|\n|t:|1771233224\n|switch|p2a: Dedenne|Dedenne, L88, M|261/261\n|move|p1a: Dachsbun|Play Rough|p2a: Dedenne\n|-damage|p2a: Dedenne|132/261\n|\n|-heal|p1a: Dachsbun|254/254|[from] item: Leftovers\n|upkeep\n|turn|10\n|\n|t:|1771233252\n|switch|p1a: Uxie|Uxie, L83|260/260 par\n|-damage|p1a: Uxie|228/260 par|[from] Stealth Rock\n|move|p2a: Dedenne|Nuzzle|p1a: Uxie\n|-damage|p1a: Uxie|215/260 par\n|\n|-heal|p1a: Uxie|231/260 par|[from] item: Leftovers\n|upkeep\n|turn|11\n|\n|t:|1771233257\n|move|p2a: Dedenne|Super Fang|p1a: Uxie\n|-damage|p1a: Uxie|116/260 par\n|move|p1a: Uxie|Stealth Rock|p2a: Dedenne\n|-sidestart|p2: yusei1789|move: Stealth Rock\n|\n|-heal|p1a: Uxie|132/260 par|[from] item: Leftovers\n|upkeep\n|turn|12\n|\n|t:|1771233279\n|move|p2a: Dedenne|Thunderbolt|p1a: Uxie\n|-damage|p1a: Uxie|66/260 par\n|cant|p1a: Uxie|par\n|\n|-heal|p1a: Uxie|82/260 par|[from] item: Leftovers\n|upkeep\n|turn|13\n|\n|t:|1771233285\n|move|p2a: Dedenne|Thunderbolt|p1a: Uxie\n|-damage|p1a: Uxie|15/260 par\n|move|p1a: Uxie|Knock Off|p2a: Dedenne\n|-resisted|p2a: Dedenne\n|-damage|p2a: Dedenne|93/261\n|-enditem|p2a: Dedenne|Sitrus Berry|[from] move: Knock Off|[of] p1a: Uxie\n|\n|-heal|p1a: Uxie|31/260 par|[from] item: Leftovers\n|upkeep\n|turn|14\n|\n|t:|1771233297\n|move|p2a: Dedenne|Thunderbolt|p1a: Uxie\n|-damage|p1a: Uxie|0 fnt\n|faint|p1a: Uxie\n|\n|upkeep\n|\n|t:|1771233310\n|switch|p1a: Ditto|Ditto, L87|225/225\n|-damage|p1a: Ditto|197/225|[from] Stealth Rock\n|-transform|p1a: Ditto|p2a: Dedenne|[from] ability: Imposter\n|turn|15\n|\n|t:|1771233318\n|move|p1a: Ditto|Dazzling Gleam|p2a: Dedenne\n|-damage|p2a: Dedenne|0 fnt\n|faint|p2a: Dedenne\n|\n|upkeep\n|\n|t:|1771233327\n|switch|p2a: Florges|Florges-Blue, L85, F|271/271\n|-damage|p2a: Florges|238/271|[from] Stealth Rock\n|turn|16\n|\n|t:|1771233335\n|switch|p1a: Ceruledge|Ceruledge, L78, M|245/245\n|move|p2a: Florges|Moonblast|p1a: Ceruledge\n|-resisted|p1a: Ceruledge\n|-damage|p1a: Ceruledge|186/245\n|-unboost|p1a: Ceruledge|spa|1\n|\n|-heal|p2a: Florges|254/271|[from] item: Leftovers\n|upkeep\n|turn|17\n|\n|t:|1771233357\n|switch|p2a: Garchomp|Garchomp, L74, M|282/282\n|-damage|p2a: Garchomp|265/282|[from] Stealth Rock\n|move|p1a: Ceruledge|Poltergeist|p2a: Garchomp\n|-activate|p2a: Garchomp|move: Poltergeist|Rocky Helmet\n|-damage|p2a: Garchomp|123/282\n|\n|upkeep\n|turn|18\n|\n|t:|1771233383\n|switch|p1a: Dachsbun|Dachsbun, L92, M|254/254\n|-damage|p1a: Dachsbun|223/254|[from] Stealth Rock\n|move|p2a: Garchomp|Spikes|p1a: Dachsbun\n|-sidestart|p1: lebooboo|Spikes\n|\n|-heal|p1a: Dachsbun|238/254|[from] item: Leftovers\n|upkeep\n|turn|19\n|\n|t:|1771233392\n|switch|p2a: Dusknoir|Dusknoir, L89, F|211/225\n|-damage|p2a: Dusknoir|183/225|[from] Stealth Rock\n|-item|p1a: Dachsbun|Leftovers|[from] ability: Frisk|[of] p2a: Dusknoir\n|move|p1a: Dachsbun|Play Rough|p2a: Dusknoir\n|-damage|p2a: Dusknoir|119/225\n|\n|-heal|p1a: Dachsbun|253/254|[from] item: Leftovers\n|-heal|p2a: Dusknoir|133/225|[from] item: Leftovers\n|upkeep\n|turn|20\n|inactive|lebooboo has 120 seconds left.\n|j| sneed4Rlife\n|inactive|lebooboo has 90 seconds left.\n|\n|t:|1771233442\n|move|p1a: Dachsbun|Play Rough|p2a: Dusknoir\n|-damage|p2a: Dusknoir|64/225\n|move|p2a: Dusknoir|Substitute|p2a: Dusknoir\n|-start|p2a: Dusknoir|Substitute\n|-damage|p2a: Dusknoir|8/225\n|\n|-heal|p1a: Dachsbun|254/254|[from] item: Leftovers\n|-heal|p2a: Dusknoir|22/225|[from] item: Leftovers\n|upkeep\n|turn|21\n|\n|t:|1771233447\n|move|p1a: Dachsbun|Play Rough|p2a: Dusknoir\n|-end|p2a: Dusknoir|Substitute\n|move|p2a: Dusknoir|Pain Split|p1a: Dachsbun\n|-sethp|p1a: Dachsbun|138/254|[from] move: Pain Split|[silent]\n|-sethp|p2a: Dusknoir|138/225|[from] move: Pain Split\n|\n|-heal|p1a: Dachsbun|153/254|[from] item: Leftovers\n|-heal|p2a: Dusknoir|152/225|[from] item: Leftovers\n|upkeep\n|turn|22\n|\n|t:|1771233454\n|move|p1a: Dachsbun|Wish|p1a: Dachsbun\n|move|p2a: Dusknoir|Substitute|p2a: Dusknoir\n|-start|p2a: Dusknoir|Substitute\n|-damage|p2a: Dusknoir|96/225\n|\n|-heal|p1a: Dachsbun|168/254|[from] item: Leftovers\n|-heal|p2a: Dusknoir|110/225|[from] item: Leftovers\n|upkeep\n|turn|23\n|\n|t:|1771233471\n|move|p1a: Dachsbun|Play Rough|p2a: Dusknoir\n|-end|p2a: Dusknoir|Substitute\n|move|p2a: Dusknoir|Pain Split|p1a: Dachsbun\n|-sethp|p1a: Dachsbun|139/254|[from] move: Pain Split|[silent]\n|-sethp|p2a: Dusknoir|139/225|[from] move: Pain Split\n|\n|-heal|p1a: Dachsbun|254/254|[from] move: Wish|[wisher] Dachsbun\n|-heal|p2a: Dusknoir|153/225|[from] item: Leftovers\n|upkeep\n|turn|24\n|\n|t:|1771233483\n|move|p1a: Dachsbun|Wish|p1a: Dachsbun\n|move|p2a: Dusknoir|Substitute|p2a: Dusknoir\n|-start|p2a: Dusknoir|Substitute\n|-damage|p2a: Dusknoir|97/225\n|\n|-heal|p2a: Dusknoir|111/225|[from] item: Leftovers\n|upkeep\n|turn|25\n|\n|t:|1771233492\n|move|p1a: Dachsbun|Body Press|p2a: Dusknoir\n|-immune|p2a: Dusknoir\n|move|p2a: Dusknoir|Poltergeist|p1a: Dachsbun\n|-activate|p1a: Dachsbun|move: Poltergeist|Leftovers\n|-damage|p1a: Dachsbun|151/254\n|\n|-heal|p1a: Dachsbun|254/254|[from] move: Wish|[wisher] Dachsbun\n|-heal|p2a: Dusknoir|125/225|[from] item: Leftovers\n|upkeep\n|turn|26\n|\n|t:|1771233501\n|move|p1a: Dachsbun|Play Rough|p2a: Dusknoir\n|-end|p2a: Dusknoir|Substitute\n|move|p2a: Dusknoir|Pain Split|p1a: Dachsbun\n|-sethp|p1a: Dachsbun|189/254|[from] move: Pain Split|[silent]\n|-sethp|p2a: Dusknoir|189/225|[from] move: Pain Split\n|\n|-heal|p1a: Dachsbun|204/254|[from] item: Leftovers\n|-heal|p2a: Dusknoir|203/225|[from] item: Leftovers\n|upkeep\n|turn|27\n|inactive|lebooboo has 120 seconds left.\n|\n|t:|1771233509\n|move|p1a: Dachsbun|Body Press|p2a: Dusknoir\n|-immune|p2a: Dusknoir\n|move|p2a: Dusknoir|Substitute|p2a: Dusknoir\n|-start|p2a: Dusknoir|Substitute\n|-damage|p2a: Dusknoir|147/225\n|\n|-heal|p1a: Dachsbun|219/254|[from] item: Leftovers\n|-heal|p2a: Dusknoir|161/225|[from] item: Leftovers\n|upkeep\n|turn|28\n|\n|t:|1771233515\n|-singleturn|p2a: Dusknoir|move: Focus Punch\n|move|p1a: Dachsbun|Body Press|p2a: Dusknoir\n|-immune|p2a: Dusknoir\n|move|p2a: Dusknoir|Focus Punch|p1a: Dachsbun\n|-resisted|p1a: Dachsbun\n|-damage|p1a: Dachsbun|174/254\n|\n|-heal|p1a: Dachsbun|189/254|[from] item: Leftovers\n|-heal|p2a: Dusknoir|175/225|[from] item: Leftovers\n|upkeep\n|turn|29\n|\n|t:|1771233529\n|-singleturn|p2a: Dusknoir|move: Focus Punch\n|move|p1a: Dachsbun|Protect|p1a: Dachsbun\n|-singleturn|p1a: Dachsbun|Protect\n|move|p2a: Dusknoir|Focus Punch|p1a: Dachsbun\n|-activate|p1a: Dachsbun|move: Protect\n|\n|-heal|p1a: Dachsbun|204/254|[from] item: Leftovers\n|-heal|p2a: Dusknoir|189/225|[from] item: Leftovers\n|upkeep\n|turn|30\n|\n|t:|1771233543\n|move|p1a: Dachsbun|Wish|p1a: Dachsbun\n|move|p2a: Dusknoir|Poltergeist|p1a: Dachsbun\n|-activate|p1a: Dachsbun|move: Poltergeist|Leftovers\n|-damage|p1a: Dachsbun|102/254\n|\n|-heal|p1a: Dachsbun|117/254|[from] item: Leftovers\n|-heal|p2a: Dusknoir|203/225|[from] item: Leftovers\n|upkeep\n|turn|31\n|\n|t:|1771233548\n|-singleturn|p2a: Dusknoir|move: Focus Punch\n|move|p1a: Dachsbun|Play Rough|p2a: Dusknoir\n|-end|p2a: Dusknoir|Substitute\n|move|p2a: Dusknoir|Focus Punch|p1a: Dachsbun\n|-resisted|p1a: Dachsbun\n|-damage|p1a: Dachsbun|76/254\n|\n|-heal|p1a: Dachsbun|203/254|[from] move: Wish|[wisher] Dachsbun\n|-heal|p1a: Dachsbun|218/254|[from] item: Leftovers\n|-heal|p2a: Dusknoir|217/225|[from] item: Leftovers\n|upkeep\n|turn|32\n|inactive|lebooboo has 120 seconds left.\n|\n|t:|1771233582\n|move|p1a: Dachsbun|Wish|p1a: Dachsbun\n|move|p2a: Dusknoir|Substitute|p2a: Dusknoir\n|-start|p2a: Dusknoir|Substitute\n|-damage|p2a: Dusknoir|161/225\n|\n|-heal|p1a: Dachsbun|233/254|[from] item: Leftovers\n|-heal|p2a: Dusknoir|175/225|[from] item: Leftovers\n|upkeep\n|turn|33\n|inactive|lebooboo has 120 seconds left.\n|\n|t:|1771233590\n|switch|p1a: Pawmot|Pawmot, L80, M|243/243\n|-damage|p1a: Pawmot|228/243|[from] Stealth Rock\n|-damage|p1a: Pawmot|198/243|[from] Spikes\n|-singleturn|p2a: Dusknoir|move: Focus Punch\n|move|p2a: Dusknoir|Focus Punch|p1a: Pawmot\n|-damage|p1a: Pawmot|38/243\n|\n|-heal|p1a: Pawmot|165/243|[from] move: Wish|[wisher] Dachsbun\n|-heal|p2a: Dusknoir|189/225|[from] item: Leftovers\n|upkeep\n|turn|34\n|inactive|lebooboo has 120 seconds left.\n|\n|t:|1771233611\n|switch|p1a: Dachsbun|Dachsbun, L92, M|233/254\n|-damage|p1a: Dachsbun|202/254|[from] Stealth Rock\n|-damage|p1a: Dachsbun|171/254|[from] Spikes\n|-singleturn|p2a: Dusknoir|move: Focus Punch\n|move|p2a: Dusknoir|Focus Punch|p1a: Dachsbun\n|-resisted|p1a: Dachsbun\n|-damage|p1a: Dachsbun|128/254\n|\n|-heal|p1a: Dachsbun|143/254|[from] item: Leftovers\n|-heal|p2a: Dusknoir|203/225|[from] item: Leftovers\n|upkeep\n|turn|35\n|\n|t:|1771233620\n|-singleturn|p2a: Dusknoir|move: Focus Punch\n|move|p1a: Dachsbun|Protect|p1a: Dachsbun\n|-singleturn|p1a: Dachsbun|Protect\n|move|p2a: Dusknoir|Focus Punch|p1a: Dachsbun\n|-activate|p1a: Dachsbun|move: Protect\n|\n|-heal|p1a: Dachsbun|158/254|[from] item: Leftovers\n|-heal|p2a: Dusknoir|217/225|[from] item: Leftovers\n|upkeep\n|turn|36\n|inactive|lebooboo has 120 seconds left.\n|\n|t:|1771233628\n|-singleturn|p2a: Dusknoir|move: Focus Punch\n|move|p1a: Dachsbun|Play Rough|p2a: Dusknoir\n|-end|p2a: Dusknoir|Substitute\n|move|p2a: Dusknoir|Focus Punch|p1a: Dachsbun\n|-resisted|p1a: Dachsbun\n|-damage|p1a: Dachsbun|114/254\n|\n|-heal|p1a: Dachsbun|129/254|[from] item: Leftovers\n|-heal|p2a: Dusknoir|225/225|[from] item: Leftovers\n|upkeep\n|turn|37\n|inactive|lebooboo has 120 seconds left.\n|\n|t:|1771233645\n|move|p1a: Dachsbun|Play Rough|p2a: Dusknoir\n|-damage|p2a: Dusknoir|161/225\n|move|p2a: Dusknoir|Substitute|p2a: Dusknoir\n|-start|p2a: Dusknoir|Substitute\n|-damage|p2a: Dusknoir|105/225\n|\n|-heal|p1a: Dachsbun|144/254|[from] item: Leftovers\n|-heal|p2a: Dusknoir|119/225|[from] item: Leftovers\n|upkeep\n|turn|38\n|inactive|lebooboo has 120 seconds left.\n|\n|t:|1771233652\n|-singleturn|p2a: Dusknoir|move: Focus Punch\n|move|p1a: Dachsbun|Play Rough|p2a: Dusknoir\n|-end|p2a: Dusknoir|Substitute\n|move|p2a: Dusknoir|Focus Punch|p1a: Dachsbun\n|-resisted|p1a: Dachsbun\n|-damage|p1a: Dachsbun|101/254\n|\n|-heal|p1a: Dachsbun|116/254|[from] item: Leftovers\n|-heal|p2a: Dusknoir|133/225|[from] item: Leftovers\n|upkeep\n|turn|39\n|\n|t:|1771233657\n|move|p1a: Dachsbun|Play Rough|p2a: Dusknoir\n|-damage|p2a: Dusknoir|61/225\n|move|p2a: Dusknoir|Substitute|p2a: Dusknoir\n|-start|p2a: Dusknoir|Substitute\n|-damage|p2a: Dusknoir|5/225\n|\n|-heal|p1a: Dachsbun|131/254|[from] item: Leftovers\n|-heal|p2a: Dusknoir|19/225|[from] item: Leftovers\n|upkeep\n|turn|40\n|\n|t:|1771233660\n|move|p1a: Dachsbun|Play Rough|p2a: Dusknoir\n|-end|p2a: Dusknoir|Substitute\n|move|p2a: Dusknoir|Pain Split|p1a: Dachsbun\n|-sethp|p1a: Dachsbun|75/254|[from] move: Pain Split|[silent]\n|-sethp|p2a: Dusknoir|75/225|[from] move: Pain Split\n|\n|-heal|p1a: Dachsbun|90/254|[from] item: Leftovers\n|-heal|p2a: Dusknoir|89/225|[from] item: Leftovers\n|upkeep\n|turn|41\n|\n|t:|1771233663\n|move|p1a: Dachsbun|Play Rough|p2a: Dusknoir\n|-damage|p2a: Dusknoir|28/225\n|move|p2a: Dusknoir|Poltergeist|p1a: Dachsbun\n|-activate|p1a: Dachsbun|move: Poltergeist|Leftovers\n|-damage|p1a: Dachsbun|0 fnt\n|faint|p1a: Dachsbun\n|\n|-heal|p2a: Dusknoir|42/225|[from] item: Leftovers\n|upkeep\n|\n|t:|1771233671\n|switch|p1a: Pawmot|Pawmot, L80, M|165/243\n|-damage|p1a: Pawmot|150/243|[from] Stealth Rock\n|-damage|p1a: Pawmot|120/243|[from] Spikes\n|turn|42\n|\n|t:|1771233676\n|move|p1a: Pawmot|Double Shock|p2a: Dusknoir\n|-damage|p2a: Dusknoir|0 fnt\n|-start|p1a: Pawmot|typechange|???/Fighting|[from] move: Double Shock\n|faint|p2a: Dusknoir\n|-damage|p1a: Pawmot|96/243|[from] item: Life Orb\n|\n|upkeep\n|\n|t:|1771233681\n|switch|p2a: Iron Bundle|Iron Bundle, L78|215/215\n|-damage|p2a: Iron Bundle|162/215|[from] Stealth Rock\n|turn|43\n|\n|t:|1771233686\n|switch|p1a: Slaking|Slaking, L84, M|389/389\n|-damage|p1a: Slaking|341/389|[from] Stealth Rock\n|-damage|p1a: Slaking|293/389|[from] Spikes\n|move|p2a: Iron Bundle|Hydro Pump|p1a: Slaking\n|-damage|p1a: Slaking|125/389\n|\n|-heal|p2a: Iron Bundle|175/215|[from] item: Leftovers\n|upkeep\n|turn|44\n|\n|t:|1771233697\n|move|p2a: Iron Bundle|Hydro Pump|p1a: Slaking\n|-damage|p1a: Slaking|0 fnt\n|faint|p1a: Slaking\n|\n|-heal|p2a: Iron Bundle|188/215|[from] item: Leftovers\n|upkeep\n|\n|t:|1771233699\n|switch|p1a: Ditto|Ditto, L87|197/225\n|-damage|p1a: Ditto|169/225|[from] Stealth Rock\n|-damage|p1a: Ditto|141/225|[from] Spikes\n|-transform|p1a: Ditto|p2a: Iron Bundle|[from] ability: Imposter\n|turn|45\n|\n|t:|1771233725\n|-end|p1a: Ditto|Quark Drive|[silent]\n|switch|p1a: Pawmot|Pawmot, L80, M|96/243\n|-damage|p1a: Pawmot|81/243|[from] Stealth Rock\n|-damage|p1a: Pawmot|51/243|[from] Spikes\n|-end|p2a: Iron Bundle|Quark Drive|[silent]\n|switch|p2a: Florges|Florges-Blue, L85, F|254/271\n|-damage|p2a: Florges|221/271|[from] Stealth Rock\n|\n|-heal|p2a: Florges|237/271|[from] item: Leftovers\n|upkeep\n|turn|46\n|\n|t:|1771233732\n|move|p1a: Pawmot|Revival Blessing|p1a: Pawmot\n|\n|t:|1771233737\n|-heal|p1: Dachsbun|127/254|[from] move: Revival Blessing\n|move|p2a: Florges|Moonblast|p1a: Pawmot\n|-supereffective|p1a: Pawmot\n|-damage|p1a: Pawmot|0 fnt\n|faint|p1a: Pawmot\n|\n|-heal|p2a: Florges|253/271|[from] item: Leftovers\n|upkeep\n|\n|t:|1771233739\n|switch|p1a: Ceruledge|Ceruledge, L78, M|186/245\n|turn|47\n|\n|t:|1771233750\n|switch|p2a: Lanturn|Lanturn, L89, M|367/367\n|-damage|p2a: Lanturn|322/367|[from] Stealth Rock\n|move|p1a: Ceruledge|Poltergeist|p2a: Lanturn\n|-activate|p2a: Lanturn|move: Poltergeist|Leftovers\n|-damage|p2a: Lanturn|172/367\n|\n|-heal|p2a: Lanturn|194/367|[from] item: Leftovers\n|upkeep\n|turn|48\n|\n|t:|1771233777\n|switch|p1a: Ditto|Ditto, L87|141/225\n|-damage|p1a: Ditto|113/225|[from] Stealth Rock\n|-damage|p1a: Ditto|85/225|[from] Spikes\n|-transform|p1a: Ditto|p2a: Lanturn|[from] ability: Imposter\n|move|p2a: Lanturn|Scald|p1a: Ditto\n|-resisted|p1a: Ditto\n|-damage|p1a: Ditto|45/225\n|\n|-heal|p2a: Lanturn|216/367|[from] item: Leftovers\n|upkeep\n|turn|49\n|\n|t:|1771233783\n|move|p1a: Ditto|Scald|p2a: Lanturn\n|-resisted|p2a: Lanturn\n|-damage|p2a: Lanturn|173/367\n|move|p2a: Lanturn|Scald|p1a: Ditto\n|-resisted|p1a: Ditto\n|-damage|p1a: Ditto|5/225\n|-status|p1a: Ditto|brn\n|\n|-heal|p2a: Lanturn|195/367|[from] item: Leftovers\n|-damage|p1a: Ditto|0 fnt|[from] brn\n|faint|p1a: Ditto\n|upkeep\n|\n|t:|1771233785\n|switch|p1a: Dachsbun|Dachsbun, L92, M|127/254\n|-damage|p1a: Dachsbun|96/254|[from] Stealth Rock\n|-damage|p1a: Dachsbun|65/254|[from] Spikes\n|turn|50\n|\n|t:|1771233796\n|move|p1a: Dachsbun|Protect|p1a: Dachsbun\n|-singleturn|p1a: Dachsbun|Protect\n|move|p2a: Lanturn|Thunderbolt|p1a: Dachsbun\n|-activate|p1a: Dachsbun|move: Protect\n|\n|-heal|p1a: Dachsbun|80/254|[from] item: Leftovers\n|-heal|p2a: Lanturn|217/367|[from] item: Leftovers\n|upkeep\n|turn|51\n|\n|t:|1771233799\n|move|p1a: Dachsbun|Play Rough|p2a: Lanturn\n|-damage|p2a: Lanturn|90/367\n|move|p2a: Lanturn|Thunderbolt|p1a: Dachsbun\n|-damage|p1a: Dachsbun|0 fnt\n|faint|p1a: Dachsbun\n|\n|-heal|p2a: Lanturn|112/367|[from] item: Leftovers\n|upkeep\n|\n|t:|1771233808\n|switch|p1a: Ceruledge|Ceruledge, L78, M|186/245\n|turn|52\n|\n|t:|1771233811\n|move|p1a: Ceruledge|Swords Dance|p1a: Ceruledge\n|-boost|p1a: Ceruledge|atk|2\n|move|p2a: Lanturn|Scald|p1a: Ceruledge\n|-supereffective|p1a: Ceruledge\n|-damage|p1a: Ceruledge|28/245\n|\n|-heal|p2a: Lanturn|134/367|[from] item: Leftovers\n|upkeep\n|turn|53\n|-message|lebooboo forfeited.\n|\n|win|yusei1789\n|raw|lebooboo's rating: 2144 &rarr; <strong>2134</strong><br />(-10 for losing)\n|raw|yusei1789's rating: 2324 &rarr; <strong>2334</strong><br />(+10 for winning)\n|l|☆lebooboo\n|player|p1|\n", "inputlog": ">version 686819e5e19f8a7fd2345cfc5a08a5085efa2cc3\n>start {\"formatid\":\"gen9randombattle\",\"seed\":\"sodium,42f8ca8c4bdc16d747807793b0606267\",\"rated\":\"Rated battle\"}\n>player p1 {\"name\":\"lebooboo\",\"avatar\":\"sage\",\"rating\":2120,\"seed\":\"sodium,97c0b338509aa07d34c2885e9afb149a\"}\n>player p2 {\"name\":\"yusei1789\",\"avatar\":\"170\",\"rating\":2324,\"seed\":\"sodium,da4a0a8b2aeed7be5a7b626186a026a6\"}\n>p1 move doubleedge\n>p2 switch 3\n>p1 switch 6\n>p2 move substitute\n>p1 move playrough\n>p2 move poltergeist\n>p1 move wish\n>p2 move poltergeist\n>p1 move protect\n>p2 switch 3\n>p1 switch 2\n>p2 move nuzzle\n>p1 move stealthrock\n>p2 switch 5\n>p1 switch 2\n>p2 move stealthrock\n>p1 move playrough\n>p2 switch 5\n>p1 switch 2\n>p2 move nuzzle\n>p1 move stealthrock\n>p2 move superfang\n>p1 move psychicnoise\n>p2 move thunderbolt\n>p1 move knockoff\n>p2 move thunderbolt\n>p1 move psychicnoise\n>p2 move thunderbolt\n>p1 switch 4\n>p1 move dazzlinggleam\n>p2 move superfang\n>p2 switch 6\n>p1 switch 3\n>p2 move moonblast\n>p1 move poltergeist\n>p2 switch 5\n>p1 switch 2\n>p2 move spikes\n>p1 move playrough\n>p2 switch 3\n>p1 move playrough\n>p2 move substitute\n>p1 move playrough\n>p2 move painsplit\n>p1 move wish\n>p2 move substitute\n>p1 move playrough\n>p2 move painsplit\n>p1 move wish\n>p2 move substitute\n>p1 move bodypress\n>p2 move poltergeist\n>p1 move playrough\n>p2 move painsplit\n>p1 move bodypress\n>p2 move substitute\n>p1 move bodypress\n>p2 move focuspunch\n>p1 move protect\n>p2 move focuspunch\n>p1 move wish\n>p2 move poltergeist\n>p1 move playrough\n>p2 move focuspunch\n>p1 move wish\n>p2 move substitute\n>p1 switch 5\n>p2 move focuspunch\n>p1 switch 5\n>p2 move focuspunch\n>p1 move protect\n>p2 move focuspunch\n>p1 move playrough\n>p2 move focuspunch\n>p1 move playrough\n>p2 move substitute\n>p1 move playrough\n>p2 move focuspunch\n>p1 move playrough\n>p2 move substitute\n>p1 move playrough\n>p2 move painsplit\n>p1 move playrough\n>p2 move poltergeist\n>p1 switch 5\n>p1 move doubleshock\n>p2 move poltergeist\n>p2 switch 2\n>p1 switch 6\n>p2 move hydropump\n>p1 move doubleedge\n>p2 move hydropump\n>p1 switch 3\n>p1 switch 6\n>p2 switch 5\n>p1 move revivalblessing\n>p2 move moonblast\n>p1 switch 5\n>p1 switch 2\n>p1 move poltergeist\n>p2 switch 4\n>p1 switch 6\n>p2 move scald\n>p1 move scald\n>p2 move scald\n>p1 switch 5\n>p1 move protect\n>p2 move thunderbolt\n>p1 move playrough\n>p2 move thunderbolt\n>p1 switch 6\n>p1 move swordsdance\n>p2 move scald\n>forcelose p1", "uploadtime": 1771233821, "views": 12, "formatid": "gen9randombattle", "rating": 2134, "private": 0, "password": null}