{"id": "gen9randombattle-2540515378", "format": "[Gen 9] Random Battle", "players": ["Zoaderman", "J0NUS"], "log": "|j|☆Zoaderman\n|j|☆J0NUS\n|t:|1771211750\n|gametype|singles\n|player|p1|Zoaderman|266|1762\n|player|p2|J0NUS|265|1722\n|gen|9\n|tier|[Gen 9] Random Battle\n|rated|\n|rule|Species Clause: Limit one of each Pokémon\n|rule|HP Percentage Mod: HP is shown in percentages\n|rule|Sleep Clause Mod: Limit one foe put to sleep\n|rule|Illusion Level Mod: Illusion disguises the Pokémon's true level\n|\n|t:|1771211750\n|teamsize|p1|6\n|teamsize|p2|6\n|start\n|switch|p1a: Smeargle|Smeargle, L95, M|258/258\n|switch|p2a: Typhlosion|Typhlosion-Hisui, L83, M|257/257\n|turn|1\n|\n|t:|1771211769\n|move|p2a: Typhlosion|Eruption|p1a: Smeargle\n|-enditem|p1a: Smeargle|Focus Sash\n|-damage|p1a: Smeargle|1/258\n|move|p1a: Smeargle|Spore|p2a: Typhlosion\n|-status|p2a: Typhlosion|slp|[from] move: Spore\n|\n|upkeep\n|turn|2\n|\n|t:|1771211779\n|switch|p2a: Glimmora|Glimmora, L75, F|248/248\n|move|p1a: Smeargle|Sticky Web|p2a: Glimmora\n|-sidestart|p2: J0NUS|move: Sticky Web\n|\n|upkeep\n|turn|3\n|inactive|Battle timer is ON: inactive players will automatically lose when time's up. (requested by J0NUS)\n|\n|t:|1771211789\n|switch|p1a: Uxie|Uxie, L83|260/260\n|move|p2a: Glimmora|Meteor Beam||[still]\n|-prepare|p2a: Glimmora|Meteor Beam\n|-boost|p2a: Glimmora|spa|1\n|-enditem|p2a: Glimmora|Power Herb\n|-anim|p2a: Glimmora|Meteor Beam|p1a: Uxie\n|-damage|p1a: Uxie|107/260\n|\n|-heal|p1a: Uxie|123/260|[from] item: Leftovers\n|upkeep\n|turn|4\n|\n|t:|1771211809\n|move|p1a: Uxie|Encore|p2a: Glimmora\n|-start|p2a: Glimmora|Encore\n|move|p2a: Glimmora|Meteor Beam||[still]\n|-prepare|p2a: Glimmora|Meteor Beam\n|-boost|p2a: Glimmora|spa|1\n|\n|-heal|p1a: Uxie|139/260|[from] item: Leftovers\n|upkeep\n|turn|5\n|\n|t:|1771211818\n|move|p1a: Uxie|Psychic Noise|p2a: Glimmora\n|-supereffective|p2a: Glimmora\n|-damage|p2a: Glimmora|96/248\n|-start|p2a: Glimmora|move: Heal Block\n|move|p2a: Glimmora|Meteor Beam|p1a: Uxie|[from] lockedmove\n|-damage|p1a: Uxie|0 fnt\n|faint|p1a: Uxie\n|\n|upkeep\n|\n|t:|1771211833\n|switch|p1a: Zarude|Zarude, L77|288/288\n|turn|6\n|\n|t:|1771211835\n|move|p1a: Zarude|Swords Dance|p1a: Zarude\n|-boost|p1a: Zarude|atk|2\n|move|p2a: Glimmora|Meteor Beam||[still]\n|-prepare|p2a: Glimmora|Meteor Beam\n|-boost|p2a: Glimmora|spa|1\n|\n|-end|p2a: Glimmora|Encore\n|-end|p2a: Glimmora|move: Heal Block\n|upkeep\n|turn|7\n|\n|t:|1771211839\n|move|p1a: Zarude|Knock Off|p2a: Glimmora\n|-damage|p2a: Glimmora|0 fnt\n|-activate|p2a: Glimmora|ability: Toxic Debris\n|-sidestart|p1: Zoaderman|move: Toxic Spikes\n|faint|p2a: Glimmora\n|\n|upkeep\n|\n|t:|1771211848\n|switch|p2a: Wyrdeer|Wyrdeer, L87, M|321/321\n|-activate|p2a: Wyrdeer|move: Sticky Web\n|-unboost|p2a: Wyrdeer|spe|1\n|-ability|p2a: Wyrdeer|Intimidate|boost\n|-unboost|p1a: Zarude|atk|1\n|turn|8\n|\n|t:|1771211857\n|switch|p2a: Chien-Pao|Chien-Pao, L72|234/234\n|-ability|p2a: Chien-Pao|Sword of Ruin\n|move|p1a: Zarude|Knock Off|p2a: Chien-Pao\n|-resisted|p2a: Chien-Pao\n|-damage|p2a: Chien-Pao|137/234\n|-enditem|p2a: Chien-Pao|Heavy-Duty Boots|[from] move: Knock Off|[of] p1a: Zarude\n|\n|upkeep\n|turn|9\n|\n|t:|1771211863\n|switch|p1a: Glalie|Glalie, L96, F|309/309\n|move|p2a: Chien-Pao|Icicle Crash|p1a: Glalie\n|-resisted|p1a: Glalie\n|-damage|p1a: Glalie|264/309\n|\n|upkeep\n|turn|10\n|\n|t:|1771211871\n|move|p2a: Chien-Pao|Swords Dance|p2a: Chien-Pao\n|-boost|p2a: Chien-Pao|atk|2\n|move|p1a: Glalie|Spikes|p2a: Chien-Pao\n|-sidestart|p2: J0NUS|Spikes\n|\n|upkeep\n|turn|11\n|\n|t:|1771211874\n|move|p2a: Chien-Pao|Throat Chop|p1a: Glalie\n|-damage|p1a: Glalie|84/309\n|-start|p1a: Glalie|Throat Chop|[silent]\n|move|p1a: Glalie|Earthquake|p2a: Chien-Pao\n|-damage|p2a: Chien-Pao|45/234\n|\n|upkeep\n|turn|12\n|\n|t:|1771211877\n|move|p2a: Chien-Pao|Throat Chop|p1a: Glalie\n|-damage|p1a: Glalie|0 fnt\n|faint|p1a: Glalie\n|\n|upkeep\n|\n|t:|1771211881\n|switch|p1a: Grafaiai|Grafaiai, L86, F|249/249\n|-sideend|p1: Zoaderman|move: Toxic Spikes|[of] p1a: Grafaiai\n|turn|13\n|\n|t:|1771211888\n|move|p2a: Chien-Pao|Sucker Punch|p1a: Grafaiai\n|-damage|p1a: Grafaiai|42/249\n|move|p1a: Grafaiai|Low Kick|p2a: Chien-Pao\n|-supereffective|p2a: Chien-Pao\n|-damage|p2a: Chien-Pao|0 fnt\n|faint|p2a: Chien-Pao\n|-damage|p1a: Grafaiai|18/249|[from] item: Life Orb\n|\n|upkeep\n|\n|t:|1771211913\n|switch|p2a: Wyrdeer|Wyrdeer, L87, M|321/321\n|-activate|p2a: Wyrdeer|move: Sticky Web\n|-unboost|p2a: Wyrdeer|spe|1\n|-damage|p2a: Wyrdeer|281/321|[from] Spikes\n|-ability|p2a: Wyrdeer|Intimidate|boost\n|-unboost|p1a: Grafaiai|atk|1\n|turn|14\n|\n|t:|1771211919\n|move|p1a: Grafaiai|Knock Off|p2a: Wyrdeer\n|-supereffective|p2a: Wyrdeer\n|-damage|p2a: Wyrdeer|154/321\n|-enditem|p2a: Wyrdeer|Leftovers|[from] move: Knock Off|[of] p1a: Grafaiai\n|-damage|p1a: Grafaiai|0 fnt|[from] item: Life Orb\n|faint|p1a: Grafaiai\n|move|p2a: Wyrdeer|Earthquake|p1: Grafaiai|[notarget]\n|-fail|p2a: Wyrdeer\n|\n|upkeep\n|\n|t:|1771211934\n|switch|p1a: Smeargle|Smeargle, L95, M|1/258\n|turn|15\n|\n|t:|1771211941\n|move|p1a: Smeargle|Ceaseless Edge|p2a: Wyrdeer\n|-supereffective|p2a: Wyrdeer\n|-damage|p2a: Wyrdeer|102/321\n|-sidestart|p2: J0NUS|Spikes\n|move|p2a: Wyrdeer|Earthquake|p1a: Smeargle\n|-damage|p1a: Smeargle|0 fnt\n|faint|p1a: Smeargle\n|\n|upkeep\n|\n|t:|1771211949\n|switch|p1a: Zarude|Zarude, L77|288/288\n|turn|16\n|\n|t:|1771211951\n|move|p1a: Zarude|Knock Off|p2a: Wyrdeer\n|-supereffective|p2a: Wyrdeer\n|-damage|p2a: Wyrdeer|0 fnt\n|faint|p2a: Wyrdeer\n|\n|upkeep\n|\n|t:|1771211954\n|switch|p2a: Staraptor|Staraptor, L79, M|263/263\n|turn|17\n|\n|t:|1771211969\n|switch|p2a: Typhlosion|Typhlosion-Hisui, L83, M|257/257 slp\n|-activate|p2a: Typhlosion|move: Sticky Web\n|-unboost|p2a: Typhlosion|spe|1\n|-damage|p2a: Typhlosion|215/257 slp|[from] Spikes\n|move|p1a: Zarude|Knock Off|p2a: Typhlosion\n|-supereffective|p2a: Typhlosion\n|-damage|p2a: Typhlosion|0 fnt\n|-enditem|p2a: Typhlosion|Choice Specs|[from] move: Knock Off|[of] p1a: Zarude\n|faint|p2a: Typhlosion\n|\n|upkeep\n|\n|t:|1771211973\n|switch|p2a: Staraptor|Staraptor, L79, M|263/263\n|turn|18\n|\n|t:|1771211982\n|move|p1a: Zarude|Knock Off|p2a: Staraptor\n|-damage|p2a: Staraptor|140/263\n|-enditem|p2a: Staraptor|Choice Band|[from] move: Knock Off|[of] p1a: Zarude\n|move|p2a: Staraptor|Brave Bird|p1a: Zarude\n|-supereffective|p1a: Zarude\n|-damage|p1a: Zarude|0 fnt\n|faint|p1a: Zarude\n|-damage|p2a: Staraptor|45/263|[from] Recoil\n|\n|upkeep\n|\n|t:|1771211985\n|switch|p1a: Sinistcha|Sinistcha, L83|254/254\n|turn|19\n|\n|t:|1771211990\n|-terastallize|p1a: Sinistcha|Steel\n|move|p2a: Staraptor|Brave Bird|p1a: Sinistcha\n|-resisted|p1a: Sinistcha\n|-damage|p1a: Sinistcha|180/254\n|-damage|p2a: Staraptor|21/263|[from] Recoil\n|move|p1a: Sinistcha|Strength Sap|p2a: Staraptor\n|-unboost|p2a: Staraptor|atk|1\n|-heal|p1a: Sinistcha|254/254\n|\n|upkeep\n|turn|20\n|\n|t:|1771211999\n|switch|p2a: Seviper|Seviper, L93, F|287/287\n|-activate|p2a: Seviper|move: Sticky Web\n|-unboost|p2a: Seviper|spe|1\n|-damage|p2a: Seviper|240/287|[from] Spikes\n|move|p1a: Sinistcha|Shadow Ball|p2a: Seviper\n|-damage|p2a: Seviper|125/287\n|\n|upkeep\n|turn|21\n|\n|t:|1771212008\n|move|p1a: Sinistcha|Calm Mind|p1a: Sinistcha\n|-boost|p1a: Sinistcha|spa|1\n|-boost|p1a: Sinistcha|spd|1\n|move|p2a: Seviper|Earthquake|p1a: Sinistcha\n|-supereffective|p1a: Sinistcha\n|-damage|p1a: Sinistcha|51/254\n|-damage|p2a: Seviper|97/287|[from] item: Life Orb\n|\n|-heal|p1a: Sinistcha|66/254|[from] item: Leftovers\n|upkeep\n|turn|22\n|\n|t:|1771212010\n|move|p1a: Sinistcha|Strength Sap|p2a: Seviper\n|-unboost|p2a: Seviper|atk|1\n|-heal|p1a: Sinistcha|254/254\n|move|p2a: Seviper|Earthquake|p1a: Sinistcha\n|-supereffective|p1a: Sinistcha\n|-damage|p1a: Sinistcha|129/254\n|-damage|p2a: Seviper|69/287|[from] item: Life Orb\n|\n|-heal|p1a: Sinistcha|144/254|[from] item: Leftovers\n|upkeep\n|turn|23\n|\n|t:|1771212016\n|move|p1a: Sinistcha|Strength Sap|p2a: Seviper\n|-unboost|p2a: Seviper|atk|1\n|-heal|p1a: Sinistcha|254/254\n|move|p2a: Seviper|Earthquake|p1a: Sinistcha\n|-supereffective|p1a: Sinistcha\n|-damage|p1a: Sinistcha|145/254\n|-damage|p2a: Seviper|41/287|[from] item: Life Orb\n|\n|-heal|p1a: Sinistcha|160/254|[from] item: Leftovers\n|upkeep\n|turn|24\n|\n|t:|1771212032\n|move|p1a: Sinistcha|Strength Sap|p2a: Seviper\n|-unboost|p2a: Seviper|atk|1\n|-heal|p1a: Sinistcha|254/254\n|move|p2a: Seviper|Knock Off|p1a: Sinistcha\n|-damage|p1a: Sinistcha|216/254\n|-enditem|p1a: Sinistcha|Leftovers|[from] move: Knock Off|[of] p2a: Seviper\n|-damage|p2a: Seviper|13/287|[from] item: Life Orb\n|\n|upkeep\n|turn|25\n|\n|t:|1771212035\n|move|p1a: Sinistcha|Shadow Ball|p2a: Seviper\n|-damage|p2a: Seviper|0 fnt\n|faint|p2a: Seviper\n|\n|upkeep\n|\n|t:|1771212038\n|switch|p2a: Staraptor|Staraptor, L79, M|21/263\n|turn|26\n|\n|t:|1771212041\n|-terastallize|p2a: Staraptor|Fighting\n|move|p2a: Staraptor|Close Combat|p1a: Sinistcha\n|-supereffective|p1a: Sinistcha\n|-damage|p1a: Sinistcha|0 fnt\n|-unboost|p2a: Staraptor|def|1\n|-unboost|p2a: Staraptor|spd|1\n|faint|p1a: Sinistcha\n|\n|win|J0NUS\n|raw|Zoaderman's rating: 1762 &rarr; <strong>1740</strong><br />(-22 for losing)\n|raw|J0NUS's rating: 1722 &rarr; <strong>1744</strong><br />(+22 for winning)\n", "inputlog": ">version 686819e5e19f8a7fd2345cfc5a08a5085efa2cc3\n>start {\"formatid\":\"gen9randombattle\",\"seed\":\"sodium,9be421454c2cafefaecc15aa08fe9314\",\"rated\":\"Rated battle\"}\n>player p1 {\"name\":\"Zoaderman\",\"avatar\":\"266\",\"rating\":1762,\"seed\":\"sodium,37c9d65801d7db18f9b64a67bb4abf4f\"}\n>player p2 {\"name\":\"J0NUS\",\"avatar\":\"265\",\"rating\":1722,\"seed\":\"sodium,404c8bc2bc51e26ede54b0c83317b0b2\"}\n>p1 move spore\n>p2 move eruption\n>p1 move stickyweb\n>p2 switch 5\n>p1 switch 3\n>p2 move meteorbeam\n>p1 move encore\n>p2 move sludgewave\n>p1 move psychicnoise\n>p2 move meteorbeam\n>p1 switch 2\n>p1 move swordsdance\n>p2 move meteorbeam\n>p1 move knockoff\n>p2 move meteorbeam\n>p2 switch 3\n>p1 move knockoff\n>p2 switch 2\n>p1 switch 4\n>p2 move iciclecrash\n>p1 move spikes\n>p2 move swordsdance\n>p1 move earthquake\n>p2 move throatchop\n>p1 move earthquake\n>p2 move throatchop\n>p1 switch 5\n>p1 move lowkick\n>p2 move suckerpunch\n>p2 switch 2\n>p1 move knockoff\n>p2 move earthquake\n>p1 switch 3\n>p1 move ceaselessedge\n>p2 move earthquake\n>p1 switch 4\n>p1 move knockoff\n>p2 move megahorn\n>p2 switch 4\n>p1 move knockoff\n>p2 switch 5\n>p2 switch 5\n>p1 move knockoff\n>p2 move bravebird\n>p1 switch 6\n>p1 move strengthsap terastallize\n>p2 move bravebird\n>p1 move shadowball\n>p2 switch 6\n>p1 move calmmind\n>p2 move earthquake\n>p1 move strengthsap\n>p2 move earthquake\n>p1 move strengthsap\n>p2 move earthquake\n>p1 move strengthsap\n>p2 move knockoff\n>p1 move shadowball\n>p2 move flamethrower\n>p2 switch 6\n>p1 move matchagotcha\n>p2 move closecombat terastallize", "uploadtime": 1771212044, "views": 14, "formatid": "gen9randombattle", "rating": 1740, "private": 0, "password": null}