{"id": "gen9randombattle-2540841310", "format": "[Gen 9] Random Battle", "players": ["ujojds", "Dino3232"], "log": "|j|☆ujojds\n|j|☆Dino3232\n|t:|1771259566\n|gametype|singles\n|player|p1|ujojds|clair|1683\n|player|p2|Dino3232|1|1706\n|gen|9\n|tier|[Gen 9] Random Battle\n|rated|\n|rule|Species Clause: Limit one of each Pokémon\n|rule|HP Percentage Mod: HP is shown in percentages\n|rule|Sleep Clause Mod: Limit one foe put to sleep\n|rule|Illusion Level Mod: Illusion disguises the Pokémon's true level\n|\n|t:|1771259566\n|teamsize|p1|6\n|teamsize|p2|6\n|start\n|switch|p1a: Delphox|Delphox, L84, F|263/263\n|switch|p2a: Cramorant|Cramorant, L86, M|261/261\n|turn|1\n|inactive|Battle timer is ON: inactive players will automatically lose when time's up. (requested by ujojds)\n|\n|t:|1771259597\n|move|p1a: Delphox|Psyshock|p2a: Cramorant\n|-damage|p2a: Cramorant|81/261\n|move|p2a: Cramorant|Surf|p1a: Delphox\n|-formechange|p2a: Cramorant|Cramorant-Gorging|\n|-supereffective|p1a: Delphox\n|-damage|p1a: Delphox|105/263\n|\n|upkeep\n|turn|2\n|inactive|Dino3232 has 120 seconds left.\n|\n|t:|1771259650\n|switch|p2a: Roaring Moon|Roaring Moon, L72|270/270\n|move|p1a: Delphox|Psyshock|p2a: Roaring Moon\n|-immune|p2a: Roaring Moon\n|\n|upkeep\n|turn|3\n|\n|t:|1771259667\n|switch|p1a: Overqwil|Overqwil, L82, F|274/274\n|-ability|p1a: Overqwil|Intimidate|boost\n|-unboost|p2a: Roaring Moon|atk|1\n|move|p2a: Roaring Moon|Knock Off|p1a: Overqwil\n|-resisted|p1a: Overqwil\n|-crit|p1a: Overqwil\n|-damage|p1a: Overqwil|170/274\n|-enditem|p1a: Overqwil|Life Orb|[from] move: Knock Off|[of] p2a: Roaring Moon\n|\n|upkeep\n|turn|4\n|inactive|Dino3232 has 90 seconds left.\n|\n|t:|1771259715\n|-end|p2a: Roaring Moon|Protosynthesis|[silent]\n|switch|p2a: Iron Thorns|Iron Thorns, L83|302/302\n|-item|p2a: Iron Thorns|Air Balloon\n|move|p1a: Overqwil|Gunk Shot|p2a: Iron Thorns|[miss]\n|-miss|p1a: Overqwil|p2a: Iron Thorns\n|\n|upkeep\n|turn|5\n|\n|t:|1771259722\n|switch|p1a: Swampert|Swampert, L83, F|302/302\n|move|p2a: Iron Thorns|Stone Edge|p1a: Swampert\n|-resisted|p1a: Swampert\n|-damage|p1a: Swampert|241/302\n|\n|-heal|p1a: Swampert|259/302|[from] item: Leftovers\n|upkeep\n|turn|6\n|inactive|Dino3232 has 60 seconds left.\n|\n|t:|1771259753\n|-end|p2a: Iron Thorns|Quark Drive|[silent]\n|switch|p2a: Cramorant|Cramorant, L86, M|81/261\n|move|p1a: Swampert|Knock Off|p2a: Cramorant\n|-damage|p2a: Cramorant|0 fnt\n|-enditem|p2a: Cramorant|Heavy-Duty Boots|[from] move: Knock Off|[of] p1a: Swampert\n|faint|p2a: Cramorant\n|\n|-heal|p1a: Swampert|277/302|[from] item: Leftovers\n|upkeep\n|\n|t:|1771259758\n|switch|p2a: Electrode|Electrode-Hisui, L87|246/246\n|turn|7\n|\n|t:|1771259767\n|switch|p1a: Fezandipiti|Fezandipiti, L82, M|278/278\n|move|p2a: Electrode|Leaf Storm|p1a: Fezandipiti\n|-resisted|p1a: Fezandipiti\n|-damage|p1a: Fezandipiti|213/278\n|-unboost|p2a: Electrode|spa|2\n|-damage|p2a: Electrode|222/246|[from] item: Life Orb\n|\n|-heal|p1a: Fezandipiti|230/278|[from] item: Leftovers\n|upkeep\n|turn|8\n|inactive|Dino3232 has 60 seconds left.\n|\n|t:|1771259791\n|move|p2a: Electrode|Volt Switch|p1a: Fezandipiti\n|-damage|p1a: Fezandipiti|195/278\n|-damage|p2a: Electrode|198/246|[from] item: Life Orb\n|inactive|Dino3232 has 60 seconds left.\n|\n|t:|1771259822\n|switch|p2a: Iron Thorns|Iron Thorns, L83|302/302|[from] Volt Switch\n|-item|p2a: Iron Thorns|Air Balloon\n|move|p1a: Fezandipiti|Play Rough|p2a: Iron Thorns\n|-damage|p2a: Iron Thorns|233/302\n|-enditem|p2a: Iron Thorns|Air Balloon\n|\n|-heal|p1a: Fezandipiti|212/278|[from] item: Leftovers\n|upkeep\n|turn|9\n|\n|t:|1771259832\n|switch|p1a: Swampert|Swampert, L83, F|277/302\n|move|p2a: Iron Thorns|Stealth Rock|p1a: Swampert\n|-sidestart|p1: ujojds|move: Stealth Rock\n|\n|-heal|p1a: Swampert|295/302|[from] item: Leftovers\n|upkeep\n|turn|10\n|\n|t:|1771259846\n|-end|p2a: Iron Thorns|Quark Drive|[silent]\n|switch|p2a: Sceptile|Sceptile, L87, F|264/264\n|move|p1a: Swampert|Knock Off|p2a: Sceptile\n|-damage|p2a: Sceptile|175/264\n|-enditem|p2a: Sceptile|Leftovers|[from] move: Knock Off|[of] p1a: Swampert\n|\n|-heal|p1a: Swampert|302/302|[from] item: Leftovers\n|upkeep\n|turn|11\n|\n|t:|1771259853\n|switch|p1a: Fezandipiti|Fezandipiti, L82, M|212/278\n|-damage|p1a: Fezandipiti|178/278|[from] Stealth Rock\n|move|p2a: Sceptile|Leech Seed|p1a: Fezandipiti\n|-start|p1a: Fezandipiti|move: Leech Seed\n|\n|-heal|p1a: Fezandipiti|195/278|[from] item: Leftovers\n|-damage|p1a: Fezandipiti|161/278|[from] Leech Seed|[of] p2a: Sceptile\n|-heal|p2a: Sceptile|209/264|[silent]\n|upkeep\n|turn|12\n|\n|t:|1771259868\n|switch|p1a: Toucannon|Toucannon, L88, M|284/284\n|move|p2a: Sceptile|Substitute|p2a: Sceptile\n|-start|p2a: Sceptile|Substitute\n|-damage|p2a: Sceptile|143/264\n|\n|upkeep\n|turn|13\n|\n|t:|1771259872\n|move|p2a: Sceptile|Leech Seed|p1a: Toucannon\n|-start|p1a: Toucannon|move: Leech Seed\n|move|p1a: Toucannon|Boomburst|p2a: Sceptile\n|-crit|p2a: Sceptile\n|-damage|p2a: Sceptile|0 fnt\n|faint|p2a: Sceptile\n|\n|upkeep\n|\n|t:|1771259879\n|switch|p2a: Electrode|Electrode-Hisui, L87|198/246\n|turn|14\n|\n|t:|1771259885\n|switch|p1a: Fezandipiti|Fezandipiti, L82, M|161/278\n|-damage|p1a: Fezandipiti|127/278|[from] Stealth Rock\n|move|p2a: Electrode|Leaf Storm|p1a: Fezandipiti\n|-resisted|p1a: Fezandipiti\n|-damage|p1a: Fezandipiti|59/278\n|-unboost|p2a: Electrode|spa|2\n|-damage|p2a: Electrode|174/246|[from] item: Life Orb\n|\n|-heal|p1a: Fezandipiti|76/278|[from] item: Leftovers\n|upkeep\n|turn|15\n|\n|t:|1771259898\n|move|p2a: Electrode|Volt Switch|p1a: Fezandipiti\n|-damage|p1a: Fezandipiti|44/278\n|-damage|p2a: Electrode|150/246|[from] item: Life Orb\n|\n|t:|1771259901\n|switch|p2a: Iron Thorns|Iron Thorns, L83|233/302|[from] Volt Switch\n|move|p1a: Fezandipiti|Swords Dance|p1a: Fezandipiti\n|-boost|p1a: Fezandipiti|atk|2\n|\n|-heal|p1a: Fezandipiti|61/278|[from] item: Leftovers\n|upkeep\n|turn|16\n|\n|t:|1771259917\n|switch|p1a: Swampert|Swampert, L83, F|302/302\n|-damage|p1a: Swampert|284/302|[from] Stealth Rock\n|move|p2a: Iron Thorns|Ice Punch|p1a: Swampert\n|-damage|p1a: Swampert|217/302\n|\n|-heal|p1a: Swampert|235/302|[from] item: Leftovers\n|upkeep\n|turn|17\n|\n|t:|1771259942\n|-end|p2a: Iron Thorns|Quark Drive|[silent]\n|switch|p2a: Roaring Moon|Roaring Moon, L72|270/270\n|move|p1a: Swampert|Knock Off|p2a: Roaring Moon\n|-resisted|p2a: Roaring Moon\n|-damage|p2a: Roaring Moon|224/270\n|-enditem|p2a: Roaring Moon|Choice Band|[from] move: Knock Off|[of] p1a: Swampert\n|\n|-heal|p1a: Swampert|253/302|[from] item: Leftovers\n|upkeep\n|turn|18\n|\n|t:|1771259955\n|switch|p1a: Overqwil|Overqwil, L82, F|170/274\n|-damage|p1a: Overqwil|136/274|[from] Stealth Rock\n|-ability|p1a: Overqwil|Intimidate|boost\n|-unboost|p2a: Roaring Moon|atk|1\n|move|p2a: Roaring Moon|Knock Off|p1a: Overqwil\n|-resisted|p1a: Overqwil\n|-damage|p1a: Overqwil|113/274\n|\n|upkeep\n|turn|19\n|\n|t:|1771259966\n|move|p2a: Roaring Moon|U-turn|p1a: Overqwil\n|-damage|p1a: Overqwil|82/274\n|\n|t:|1771259968\n|-end|p2a: Roaring Moon|Protosynthesis|[silent]\n|switch|p2a: Iron Thorns|Iron Thorns, L83|233/302|[from] U-turn\n|move|p1a: Overqwil|Crunch|p2a: Iron Thorns\n|-crit|p2a: Iron Thorns\n|-damage|p2a: Iron Thorns|113/302\n|\n|upkeep\n|turn|20\n|\n|t:|1771259972\n|move|p1a: Overqwil|Crunch|p2a: Iron Thorns\n|-damage|p2a: Iron Thorns|31/302\n|move|p2a: Iron Thorns|Ice Punch|p1a: Overqwil\n|-damage|p1a: Overqwil|20/274\n|\n|upkeep\n|turn|21\n|\n|t:|1771259976\n|move|p1a: Overqwil|Crunch|p2a: Iron Thorns\n|-damage|p2a: Iron Thorns|0 fnt\n|faint|p2a: Iron Thorns\n|-end|p2a: Iron Thorns|Quark Drive|[silent]\n|\n|upkeep\n|\n|t:|1771259979\n|switch|p2a: Roaring Moon|Roaring Moon, L72|224/270\n|turn|22\n|\n|t:|1771259981\n|move|p2a: Roaring Moon|Knock Off|p1a: Overqwil\n|-resisted|p1a: Overqwil\n|-damage|p1a: Overqwil|0 fnt\n|faint|p1a: Overqwil\n|\n|upkeep\n|\n|t:|1771260001\n|switch|p1a: Swampert|Swampert, L83, F|253/302\n|-damage|p1a: Swampert|235/302|[from] Stealth Rock\n|turn|23\n|\n|t:|1771260006\n|move|p2a: Roaring Moon|Knock Off|p1a: Swampert\n|-damage|p1a: Swampert|133/302\n|-enditem|p1a: Swampert|Leftovers|[from] move: Knock Off|[of] p2a: Roaring Moon\n|move|p1a: Swampert|Ice Beam|p2a: Roaring Moon\n|-supereffective|p2a: Roaring Moon\n|-damage|p2a: Roaring Moon|98/270\n|\n|upkeep\n|turn|24\n|\n|t:|1771260009\n|move|p2a: Roaring Moon|Outrage|p1a: Swampert\n|-damage|p1a: Swampert|12/302\n|move|p1a: Swampert|Ice Beam|p2a: Roaring Moon\n|-supereffective|p2a: Roaring Moon\n|-damage|p2a: Roaring Moon|0 fnt\n|faint|p2a: Roaring Moon\n|-end|p2a: Roaring Moon|Protosynthesis|[silent]\n|\n|upkeep\n|\n|t:|1771260017\n|switch|p2a: Ceruledge|Ceruledge, L78, F|245/245\n|turn|25\n|\n|t:|1771260023\n|move|p2a: Ceruledge|Bitter Blade|p1a: Swampert\n|-resisted|p1a: Swampert\n|-damage|p1a: Swampert|0 fnt\n|faint|p1a: Swampert\n|\n|upkeep\n|\n|t:|1771260028\n|switch|p1a: Toucannon|Toucannon, L88, M|284/284\n|turn|26\n|\n|t:|1771260036\n|-terastallize|p2a: Ceruledge|Fighting\n|move|p2a: Ceruledge|Swords Dance|p2a: Ceruledge\n|-boost|p2a: Ceruledge|atk|2\n|move|p1a: Toucannon|Knock Off|p2a: Ceruledge\n|-resisted|p2a: Ceruledge\n|-damage|p2a: Ceruledge|192/245\n|-ability|p2a: Ceruledge|Weak Armor|boost\n|-unboost|p2a: Ceruledge|def|1\n|-boost|p2a: Ceruledge|spe|2\n|-enditem|p2a: Ceruledge|Heavy-Duty Boots|[from] move: Knock Off|[of] p1a: Toucannon\n|\n|upkeep\n|turn|27\n|\n|t:|1771260044\n|-singleturn|p1a: Toucannon|move: Beak Blast\n|move|p2a: Ceruledge|Bitter Blade|p1a: Toucannon\n|-damage|p1a: Toucannon|76/284\n|-heal|p2a: Ceruledge|245/245|[from] drain|[of] p1a: Toucannon\n|-status|p2a: Ceruledge|brn\n|move|p1a: Toucannon|Beak Blast|p2a: Ceruledge\n|-supereffective|p2a: Ceruledge\n|-damage|p2a: Ceruledge|0 fnt\n|faint|p2a: Ceruledge\n|\n|upkeep\n|\n|t:|1771260049\n|switch|p2a: Electrode|Electrode-Hisui, L87|150/246\n|turn|28\n|\n|t:|1771260057\n|-singleturn|p1a: Toucannon|move: Beak Blast\n|move|p2a: Electrode|Thunderbolt|p1a: Toucannon\n|-supereffective|p1a: Toucannon\n|-damage|p1a: Toucannon|0 fnt\n|faint|p1a: Toucannon\n|-damage|p2a: Electrode|126/246|[from] item: Life Orb\n|\n|upkeep\n|\n|t:|1771260065\n|switch|p1a: Delphox|Delphox, L84, F|105/263\n|-damage|p1a: Delphox|40/263|[from] Stealth Rock\n|turn|29\n|\n|t:|1771260069\n|move|p2a: Electrode|Thunderbolt|p1a: Delphox\n|-damage|p1a: Delphox|0 fnt\n|faint|p1a: Delphox\n|-damage|p2a: Electrode|102/246|[from] item: Life Orb\n|\n|upkeep\n|\n|t:|1771260072\n|switch|p1a: Fezandipiti|Fezandipiti, L82, M|61/278\n|-damage|p1a: Fezandipiti|27/278|[from] Stealth Rock\n|turn|30\n|\n|t:|1771260076\n|move|p2a: Electrode|Thunderbolt|p1a: Fezandipiti\n|-damage|p1a: Fezandipiti|0 fnt\n|faint|p1a: Fezandipiti\n|-damage|p2a: Electrode|78/246|[from] item: Life Orb\n|\n|upkeep\n|\n|t:|1771260078\n|switch|p1a: Inteleon|Inteleon, L81, M|246/246\n|-damage|p1a: Inteleon|216/246|[from] Stealth Rock\n|turn|31\n|\n|t:|1771260087\n|move|p2a: Electrode|Thunderbolt|p1a: Inteleon\n|-supereffective|p1a: Inteleon\n|-damage|p1a: Inteleon|0 fnt\n|faint|p1a: Inteleon\n|-damage|p2a: Electrode|54/246|[from] item: Life Orb\n|\n|win|Dino3232\n|raw|ujojds's rating: 1683 &rarr; <strong>1664</strong><br />(-19 for losing)\n|raw|Dino3232's rating: 1706 &rarr; <strong>1725</strong><br />(+19 for winning)\n|c|☆Dino3232|gg\n|l|☆ujojds\n|player|p1|\n|c|☆Dino3232|comeback\n", "inputlog": ">version 686819e5e19f8a7fd2345cfc5a08a5085efa2cc3\n>start {\"formatid\":\"gen9randombattle\",\"seed\":\"sodium,2daa5c5fbdc1dfc562feae14c7077964\",\"rated\":\"Rated battle\"}\n>player p1 {\"name\":\"ujojds\",\"avatar\":\"clair\",\"rating\":1683,\"seed\":\"sodium,6abd7dbdaf608c86b3e78d993aed1c36\"}\n>player p2 {\"name\":\"Dino3232\",\"avatar\":\"1\",\"rating\":1706,\"seed\":\"sodium,4da411e7cdd6c4540ec27d0fea87fc33\"}\n>p1 move psyshock\n>p2 move surf\n>p1 move psyshock\n>p2 switch 6\n>p1 switch 3\n>p2 move knockoff\n>p1 move gunkshot\n>p2 switch 2\n>p1 switch 2\n>p2 move stoneedge\n>p1 move knockoff\n>p2 switch 6\n>p2 switch 4\n>p1 switch 5\n>p2 move leafstorm\n>p1 move playrough\n>p2 move voltswitch\n>p2 switch 6\n>p1 switch 5\n>p2 move stealthrock\n>p1 move knockoff\n>p2 switch 5\n>p1 switch 5\n>p2 move leechseed\n>p1 switch 6\n>p2 move substitute\n>p1 move boomburst\n>p2 move leechseed\n>p2 switch 6\n>p1 switch 6\n>p2 move leafstorm\n>p1 move swordsdance\n>p2 move voltswitch\n>p2 switch 5\n>p1 switch 5\n>p2 move icepunch\n>p1 move knockoff\n>p2 switch 2\n>p1 switch 2\n>p2 move knockoff\n>p1 move crunch\n>p2 move uturn\n>p2 switch 2\n>p1 move crunch\n>p2 move icepunch\n>p1 move crunch\n>p2 move icepunch\n>p2 switch 2\n>p1 move gunkshot\n>p2 move knockoff\n>p1 switch 2\n>p1 move icebeam\n>p2 move knockoff\n>p1 move icebeam\n>p2 move outrage\n>p2 switch 3\n>p1 move yawn\n>p2 move bitterblade\n>p1 switch 6\n>p1 move knockoff\n>p2 move swordsdance terastallize\n>p1 move beakblast\n>p2 move bitterblade\n>p2 switch 5\n>p1 move beakblast\n>p2 move thunderbolt\n>p1 switch 3\n>p1 move psyshock\n>p2 move thunderbolt\n>p1 switch 5\n>p1 move playrough\n>p2 move thunderbolt\n>p1 switch 4\n>p1 move icebeam\n>p2 move thunderbolt", "uploadtime": 1771260103, "views": 5, "formatid": "gen9randombattle", "rating": 1664, "private": 0, "password": null}