{"id": "gen9randombattle-2540854731", "format": "[Gen 9] Random Battle", "players": ["mastro uccello", "F1ish"], "log": "|badge|p2|silver|gen9randombattle|30-8\n|uhtml|medal-msg|<div class=\"broadcast-blue\">Curious what those medals under the avatar are? PS now has Ladder Seasons! For more information, check out the <a href=\"https://www.smogon.com/forums/threads/3740067/\">thread on Smogon.</a></div>\n|j|☆mastro uccello\n|j|‽F1ish\n|t:|1771260893\n|gametype|singles\n|player|p1|mastro uccello|guitarist-gen4|2211\n|player|p2|F1ish|102|2400\n|gen|9\n|tier|[Gen 9] Random Battle\n|rated|\n|rule|Species Clause: Limit one of each Pokémon\n|rule|HP Percentage Mod: HP is shown in percentages\n|rule|Sleep Clause Mod: Limit one foe put to sleep\n|rule|Illusion Level Mod: Illusion disguises the Pokémon's true level\n|\n|t:|1771260893\n|teamsize|p1|6\n|teamsize|p2|6\n|start\n|switch|p1a: Illumise|Illumise, L91, F|266/266\n|switch|p2a: Regice|Regice, L88|284/284\n|turn|1\n|inactive|Battle timer is ON: inactive players will automatically lose when time's up. (requested by mastro uccello)\n|inactive|F1ish also wants the timer to be on.\n|\n|t:|1771260915\n|move|p1a: Illumise|Thunder Wave|p2a: Regice\n|-status|p2a: Regice|par\n|move|p2a: Regice|Ice Beam|p1a: Illumise\n|-damage|p1a: Illumise|158/266\n|\n|upkeep\n|turn|2\n|\n|t:|1771260921\n|switch|p1a: Piloswine|Piloswine, L85, M|309/309\n|move|p2a: Regice|Ice Beam|p1a: Piloswine\n|-damage|p1a: Piloswine|264/309\n|\n|upkeep\n|turn|3\n|\n|t:|1771260928\n|move|p1a: Piloswine|Earthquake|p2a: Regice\n|-crit|p2a: Regice\n|-damage|p2a: Regice|146/284 par\n|cant|p2a: Regice|par\n|\n|upkeep\n|turn|4\n|\n|t:|1771260932\n|move|p1a: Piloswine|Earthquake|p2a: Regice\n|-damage|p2a: Regice|43/284 par\n|move|p2a: Regice|Rest|p2a: Regice\n|-status|p2a: Regice|slp|[from] move: Rest\n|-heal|p2a: Regice|284/284 slp|[silent]\n|\n|upkeep\n|turn|5\n|\n|t:|1771260939\n|cant|p2a: Regice|slp\n|move|p2a: Regice|Sleep Talk|p2a: Regice\n|move|p2a: Regice|Thunderbolt|p1a: Piloswine|[from] move: Sleep Talk\n|-immune|p1a: Piloswine\n|move|p1a: Piloswine|Earthquake|p2a: Regice\n|-damage|p2a: Regice|193/284 slp\n|\n|upkeep\n|turn|6\n|\n|t:|1771260941\n|cant|p2a: Regice|slp\n|move|p2a: Regice|Sleep Talk|p2a: Regice\n|move|p2a: Regice|Ice Beam|p1a: Piloswine|[from] move: Sleep Talk\n|-damage|p1a: Piloswine|219/309\n|move|p1a: Piloswine|Earthquake|p2a: Regice\n|-damage|p2a: Regice|94/284 slp\n|\n|upkeep\n|turn|7\n|\n|t:|1771260943\n|-curestatus|p2a: Regice|slp|[msg]\n|move|p2a: Regice|Rest|p2a: Regice\n|-status|p2a: Regice|slp|[from] move: Rest\n|-heal|p2a: Regice|284/284 slp|[silent]\n|move|p1a: Piloswine|Earthquake|p2a: Regice\n|-damage|p2a: Regice|191/284 slp\n|\n|upkeep\n|turn|8\n|j| YES I AM DA BEST\n|\n|t:|1771260945\n|cant|p2a: Regice|slp\n|move|p2a: Regice|Sleep Talk|p2a: Regice\n|move|p2a: Regice|Ice Beam|p1a: Piloswine|[from] move: Sleep Talk\n|-damage|p1a: Piloswine|176/309\n|move|p1a: Piloswine|Earthquake|p2a: Regice\n|-damage|p2a: Regice|97/284 slp\n|\n|upkeep\n|turn|9\n|\n|t:|1771260952\n|cant|p2a: Regice|slp\n|move|p2a: Regice|Sleep Talk|p2a: Regice\n|move|p2a: Regice|Rest||[from] move: Sleep Talk|[still]\n|-fail|p2a: Regice\n|move|p1a: Piloswine|Earthquake|p2a: Regice\n|-damage|p2a: Regice|3/284 slp\n|\n|upkeep\n|turn|10\n|\n|t:|1771260955\n|move|p1a: Piloswine|Ice Shard|p2a: Regice\n|-resisted|p2a: Regice\n|-damage|p2a: Regice|0 fnt\n|faint|p2a: Regice\n|\n|upkeep\n|\n|t:|1771260963\n|switch|p2a: Iron Valiant|Iron Valiant, L78|244/244\n|turn|11\n|j| Catpillar\n|\n|t:|1771260968\n|switch|p1a: Scream Tail|Scream Tail, L84|330/330\n|move|p2a: Iron Valiant|Moonblast|p1a: Scream Tail\n|-damage|p1a: Scream Tail|227/330\n|-damage|p2a: Iron Valiant|220/244|[from] item: Life Orb\n|\n|-heal|p1a: Scream Tail|247/330|[from] item: Leftovers\n|upkeep\n|turn|12\n|\n|t:|1771260971\n|-end|p2a: Iron Valiant|Quark Drive|[silent]\n|switch|p2a: Sneasler|Sneasler, L74, F|240/240\n|move|p1a: Scream Tail|Play Rough|p2a: Sneasler\n|-damage|p2a: Sneasler|144/240\n|\n|-heal|p1a: Scream Tail|267/330|[from] item: Leftovers\n|upkeep\n|turn|13\n|\n|t:|1771260981\n|move|p1a: Scream Tail|Play Rough|p2a: Sneasler\n|-damage|p2a: Sneasler|42/240\n|move|p2a: Sneasler|Dire Claw|p1a: Scream Tail\n|-supereffective|p1a: Scream Tail\n|-crit|p1a: Scream Tail\n|-damage|p1a: Scream Tail|0 fnt\n|faint|p1a: Scream Tail\n|-end|p1a: Scream Tail|Protosynthesis|[silent]\n|\n|upkeep\n|\n|t:|1771260990\n|switch|p1a: Lokix|Lokix, L82, M|251/251\n|turn|14\n|\n|t:|1771260995\n|switch|p2a: Glastrier|Glastrier, L86|312/312\n|move|p1a: Lokix|First Impression|p2a: Glastrier\n|-damage|p2a: Glastrier|234/312\n|\n|upkeep\n|turn|15\n|\n|t:|1771261000\n|move|p1a: Lokix|U-turn|p2a: Glastrier\n|-damage|p2a: Glastrier|170/312\n|\n|t:|1771261001\n|switch|p1a: Primarina|Primarina, L83, F|268/268|[from] U-turn\n|move|p2a: Glastrier|Close Combat|p1a: Primarina\n|-resisted|p1a: Primarina\n|-damage|p1a: Primarina|203/268\n|-unboost|p2a: Glastrier|def|1\n|-unboost|p2a: Glastrier|spd|1\n|\n|-heal|p1a: Primarina|219/268|[from] item: Leftovers\n|upkeep\n|turn|16\n|\n|t:|1771261009\n|switch|p2a: Lugia|Lugia, L73|275/275\n|move|p1a: Primarina|Sparkling Aria|p2a: Lugia\n|-damage|p2a: Lugia|233/275\n|\n|-heal|p1a: Primarina|235/268|[from] item: Leftovers\n|upkeep\n|turn|17\n|\n|t:|1771261015\n|switch|p1a: Gumshoos|Gumshoos, L95, F|321/321\n|move|p2a: Lugia|Aeroblast|p1a: Gumshoos\n|-damage|p1a: Gumshoos|224/321\n|\n|upkeep\n|turn|18\n|\n|t:|1771261024\n|switch|p2a: Glastrier|Glastrier, L86|170/312\n|move|p1a: Gumshoos|Double-Edge|p2a: Glastrier\n|-damage|p2a: Glastrier|0 fnt\n|faint|p2a: Glastrier\n|-damage|p1a: Gumshoos|168/321|[from] Recoil\n|\n|upkeep\n|\n|t:|1771261029\n|switch|p2a: Sneasler|Sneasler, L74, F|42/240\n|turn|19\n|l| Catpillar\n|\n|t:|1771261034\n|switch|p1a: Illumise|Illumise, L91, F|158/266\n|move|p2a: Sneasler|Close Combat|p1a: Illumise\n|-resisted|p1a: Illumise\n|-damage|p1a: Illumise|65/266\n|-unboost|p2a: Sneasler|def|1\n|-unboost|p2a: Sneasler|spd|1\n|-status|p1a: Illumise|psn|[from] ability: Poison Touch|[of] p2a: Sneasler\n|\n|-damage|p1a: Illumise|32/266 psn|[from] psn\n|upkeep\n|turn|20\n|\n|t:|1771261047\n|move|p1a: Illumise|Thunder Wave|p2a: Sneasler\n|-status|p2a: Sneasler|par\n|move|p2a: Sneasler|Close Combat|p1a: Illumise\n|-resisted|p1a: Illumise\n|-damage|p1a: Illumise|0 fnt\n|-unboost|p2a: Sneasler|def|1\n|-unboost|p2a: Sneasler|spd|1\n|faint|p1a: Illumise\n|\n|upkeep\n|\n|t:|1771261054\n|switch|p1a: Piloswine|Piloswine, L85, M|176/309\n|turn|21\n|j| Catpillar\n|\n|t:|1771261058\n|switch|p2a: Palafin|Palafin, L77, F|281/281\n|move|p1a: Piloswine|Ice Shard|p2a: Palafin\n|-resisted|p2a: Palafin\n|-damage|p2a: Palafin|253/281\n|\n|-heal|p2a: Palafin|270/281|[from] item: Leftovers\n|upkeep\n|turn|22\n|\n|t:|1771261062\n|detailschange|p2a: Palafin|Palafin-Hero, L77, F\n|switch|p2a: Sneasler|Sneasler, L74, F|42/240 par\n|move|p1a: Piloswine|Earthquake|p2a: Sneasler\n|-supereffective|p2a: Sneasler\n|-damage|p2a: Sneasler|0 fnt\n|faint|p2a: Sneasler\n|\n|upkeep\n|\n|t:|1771261066\n|switch|p2a: Iron Valiant|Iron Valiant, L78|220/244\n|turn|23\n|\n|t:|1771261068\n|move|p2a: Iron Valiant|Close Combat|p1a: Piloswine\n|-supereffective|p1a: Piloswine\n|-damage|p1a: Piloswine|0 fnt\n|-unboost|p2a: Iron Valiant|def|1\n|-unboost|p2a: Iron Valiant|spd|1\n|faint|p1a: Piloswine\n|-damage|p2a: Iron Valiant|196/244|[from] item: Life Orb\n|\n|upkeep\n|\n|t:|1771261072\n|switch|p1a: Primarina|Primarina, L83, F|235/268\n|turn|24\n|\n|t:|1771261075\n|-end|p2a: Iron Valiant|Quark Drive|[silent]\n|switch|p2a: Lugia|Lugia, L73|233/275\n|move|p1a: Primarina|Calm Mind|p1a: Primarina\n|-boost|p1a: Primarina|spa|1\n|-boost|p1a: Primarina|spd|1\n|\n|-heal|p1a: Primarina|251/268|[from] item: Leftovers\n|upkeep\n|turn|25\n|\n|t:|1771261079\n|move|p2a: Lugia|Calm Mind|p2a: Lugia\n|-boost|p2a: Lugia|spa|1\n|-boost|p2a: Lugia|spd|1\n|move|p1a: Primarina|Sparkling Aria|p2a: Lugia\n|-damage|p2a: Lugia|149/275\n|\n|-heal|p1a: Primarina|267/268|[from] item: Leftovers\n|upkeep\n|turn|26\n|\n|t:|1771261082\n|move|p2a: Lugia|Recover|p2a: Lugia\n|-heal|p2a: Lugia|275/275\n|move|p1a: Primarina|Calm Mind|p1a: Primarina\n|-boost|p1a: Primarina|spa|1\n|-boost|p1a: Primarina|spd|1\n|\n|-heal|p1a: Primarina|268/268|[from] item: Leftovers\n|upkeep\n|turn|27\n|\n|t:|1771261083\n|move|p2a: Lugia|Calm Mind|p2a: Lugia\n|-boost|p2a: Lugia|spa|1\n|-boost|p2a: Lugia|spd|1\n|move|p1a: Primarina|Calm Mind|p1a: Primarina\n|-boost|p1a: Primarina|spa|1\n|-boost|p1a: Primarina|spd|1\n|\n|upkeep\n|turn|28\n|\n|t:|1771261085\n|move|p2a: Lugia|Calm Mind|p2a: Lugia\n|-boost|p2a: Lugia|spa|1\n|-boost|p2a: Lugia|spd|1\n|move|p1a: Primarina|Calm Mind|p1a: Primarina\n|-boost|p1a: Primarina|spa|1\n|-boost|p1a: Primarina|spd|1\n|\n|upkeep\n|turn|29\n|\n|t:|1771261087\n|move|p2a: Lugia|Calm Mind|p2a: Lugia\n|-boost|p2a: Lugia|spa|1\n|-boost|p2a: Lugia|spd|1\n|move|p1a: Primarina|Calm Mind|p1a: Primarina\n|-boost|p1a: Primarina|spa|1\n|-boost|p1a: Primarina|spd|1\n|\n|upkeep\n|turn|30\n|\n|t:|1771261089\n|move|p2a: Lugia|Calm Mind|p2a: Lugia\n|-boost|p2a: Lugia|spa|1\n|-boost|p2a: Lugia|spd|1\n|move|p1a: Primarina|Calm Mind|p1a: Primarina\n|-boost|p1a: Primarina|spa|1\n|-boost|p1a: Primarina|spd|1\n|\n|upkeep\n|turn|31\n|\n|t:|1771261093\n|move|p2a: Lugia|Calm Mind|p2a: Lugia\n|-boost|p2a: Lugia|spa|1\n|-boost|p2a: Lugia|spd|1\n|move|p1a: Primarina|Draining Kiss|p2a: Lugia\n|-damage|p2a: Lugia|253/275\n|\n|upkeep\n|turn|32\n|\n|t:|1771261095\n|move|p2a: Lugia|Aeroblast|p1a: Primarina\n|-damage|p1a: Primarina|199/268\n|move|p1a: Primarina|Draining Kiss|p2a: Lugia\n|-damage|p2a: Lugia|207/275\n|-heal|p1a: Primarina|234/268|[from] drain|[of] p2a: Lugia\n|\n|-heal|p1a: Primarina|250/268|[from] item: Leftovers\n|upkeep\n|turn|33\n|\n|t:|1771261097\n|move|p2a: Lugia|Aeroblast|p1a: Primarina\n|-damage|p1a: Primarina|184/268\n|move|p1a: Primarina|Sparkling Aria|p2a: Lugia\n|-damage|p2a: Lugia|117/275\n|\n|-heal|p1a: Primarina|200/268|[from] item: Leftovers\n|upkeep\n|turn|34\n|\n|t:|1771261103\n|move|p2a: Lugia|Recover|p2a: Lugia\n|-heal|p2a: Lugia|255/275\n|move|p1a: Primarina|Sparkling Aria|p2a: Lugia\n|-damage|p2a: Lugia|165/275\n|\n|-heal|p1a: Primarina|216/268|[from] item: Leftovers\n|upkeep\n|turn|35\n|\n|t:|1771261107\n|move|p2a: Lugia|Recover|p2a: Lugia\n|-heal|p2a: Lugia|275/275\n|move|p1a: Primarina|Draining Kiss|p2a: Lugia\n|-damage|p2a: Lugia|252/275\n|-heal|p1a: Primarina|233/268|[from] drain|[of] p2a: Lugia\n|\n|-heal|p1a: Primarina|249/268|[from] item: Leftovers\n|upkeep\n|turn|36\n|\n|t:|1771261109\n|move|p2a: Lugia|Aeroblast|p1a: Primarina\n|-damage|p1a: Primarina|186/268\n|move|p1a: Primarina|Psychic|p2a: Lugia\n|-resisted|p2a: Lugia\n|-damage|p2a: Lugia|222/275\n|\n|-heal|p1a: Primarina|202/268|[from] item: Leftovers\n|upkeep\n|turn|37\n|\n|t:|1771261113\n|move|p2a: Lugia|Aeroblast|p1a: Primarina\n|-damage|p1a: Primarina|139/268\n|move|p1a: Primarina|Draining Kiss|p2a: Lugia\n|-damage|p2a: Lugia|174/275\n|-heal|p1a: Primarina|175/268|[from] drain|[of] p2a: Lugia\n|\n|-heal|p1a: Primarina|191/268|[from] item: Leftovers\n|upkeep\n|turn|38\n|\n|t:|1771261116\n|move|p2a: Lugia|Recover|p2a: Lugia\n|-heal|p2a: Lugia|275/275\n|move|p1a: Primarina|Sparkling Aria|p2a: Lugia\n|-damage|p2a: Lugia|236/275\n|\n|-heal|p1a: Primarina|207/268|[from] item: Leftovers\n|upkeep\n|turn|39\n|\n|t:|1771261118\n|move|p2a: Lugia|Aeroblast|p1a: Primarina|[miss]\n|-miss|p2a: Lugia|p1a: Primarina\n|move|p1a: Primarina|Psychic|p2a: Lugia\n|-resisted|p2a: Lugia\n|-damage|p2a: Lugia|207/275\n|\n|-heal|p1a: Primarina|223/268|[from] item: Leftovers\n|upkeep\n|turn|40\n|\n|t:|1771261124\n|move|p2a: Lugia|Aeroblast|p1a: Primarina\n|-damage|p1a: Primarina|159/268\n|move|p1a: Primarina|Psychic|p2a: Lugia\n|-resisted|p2a: Lugia\n|-damage|p2a: Lugia|179/275\n|\n|-heal|p1a: Primarina|175/268|[from] item: Leftovers\n|upkeep\n|turn|41\n|\n|t:|1771261126\n|move|p2a: Lugia|Recover|p2a: Lugia\n|-heal|p2a: Lugia|275/275\n|move|p1a: Primarina|Draining Kiss|p2a: Lugia\n|-damage|p2a: Lugia|253/275\n|-heal|p1a: Primarina|192/268|[from] drain|[of] p2a: Lugia\n|\n|-heal|p1a: Primarina|208/268|[from] item: Leftovers\n|upkeep\n|turn|42\n|\n|t:|1771261129\n|move|p2a: Lugia|Aeroblast|p1a: Primarina\n|-crit|p1a: Primarina\n|-damage|p1a: Primarina|0 fnt\n|faint|p1a: Primarina\n|\n|upkeep\n|\n|t:|1771261138\n|switch|p1a: Lokix|Lokix, L82, M|251/251\n|turn|43\n|\n|t:|1771261148\n|move|p2a: Lugia|Earth Power|p1a: Lokix\n|-resisted|p1a: Lokix\n|-damage|p1a: Lokix|125/251\n|move|p1a: Lokix|Knock Off|p2a: Lugia\n|-supereffective|p2a: Lugia\n|-damage|p2a: Lugia|95/275\n|-enditem|p2a: Lugia|Heavy-Duty Boots|[from] move: Knock Off|[of] p1a: Lokix\n|\n|upkeep\n|turn|44\n|\n|t:|1771261155\n|move|p2a: Lugia|Recover|p2a: Lugia\n|-heal|p2a: Lugia|233/275\n|move|p1a: Lokix|Knock Off|p2a: Lugia\n|-supereffective|p2a: Lugia\n|-damage|p2a: Lugia|125/275\n|\n|upkeep\n|turn|45\n|\n|t:|1771261158\n|move|p2a: Lugia|Recover|p2a: Lugia\n|-heal|p2a: Lugia|263/275\n|move|p1a: Lokix|U-turn|p2a: Lugia\n|-damage|p2a: Lugia|188/275\n|-message|mastro uccello forfeited.\n|\n|win|F1ish\n|raw|mastro uccello's rating: 2211 &rarr; <strong>2201</strong><br />(-10 for losing)\n|raw|F1ish's rating: 2400 &rarr; <strong>2410</strong><br />(+10 for winning)\n|l|☆mastro uccello\n|player|p1|\n|j| MidnightBeasts\n", "inputlog": ">version 686819e5e19f8a7fd2345cfc5a08a5085efa2cc3\n>start {\"formatid\":\"gen9randombattle\",\"seed\":\"sodium,d2be81635a60cc1b49feead433fbfbab\",\"rated\":\"Rated battle\"}\n>player p1 {\"name\":\"mastro uccello\",\"avatar\":\"guitarist-gen4\",\"rating\":2211,\"seed\":\"sodium,e89f79d6c6094dfd22f0f8ad78045012\"}\n>player p2 {\"name\":\"F1ish\",\"avatar\":\"102\",\"rating\":2400,\"seed\":\"sodium,4b1426b29278ee21a02d43d9ef075433\"}\n>p1 move thunderwave\n>p2 move icebeam\n>p1 switch 6\n>p2 move icebeam\n>p1 move earthquake\n>p2 move icebeam\n>p1 move earthquake\n>p2 move rest\n>p1 move earthquake\n>p2 move sleeptalk\n>p1 move earthquake\n>p2 move sleeptalk\n>p1 move earthquake\n>p2 move rest\n>p1 move earthquake\n>p2 move sleeptalk\n>p1 move earthquake\n>p2 move sleeptalk\n>p1 move iceshard\n>p2 move rest\n>p2 switch 3\n>p1 switch 3\n>p2 move moonblast\n>p1 move playrough\n>p2 switch 6\n>p1 move playrough\n>p2 move direclaw\n>p1 switch 4\n>p1 move firstimpression\n>p2 switch 4\n>p1 move uturn\n>p2 move closecombat\n>p1 switch 5\n>p1 move sparklingaria\n>p2 switch 2\n>p1 switch 2\n>p2 move aeroblast\n>p1 move doubleedge\n>p2 switch 2\n>p2 switch 4\n>p1 switch 6\n>p2 move closecombat\n>p1 move thunderwave\n>p2 move closecombat\n>p1 switch 3\n>p1 move iceshard\n>p2 switch 5\n>p1 move earthquake\n>p2 switch 5\n>p2 switch 6\n>p1 move earthquake\n>p2 move closecombat\n>p1 switch 2\n>p1 move calmmind\n>p2 switch 2\n>p1 move sparklingaria\n>p2 move calmmind\n>p1 move calmmind\n>p2 move recover\n>p1 move calmmind\n>p2 move calmmind\n>p1 move calmmind\n>p2 move calmmind\n>p1 move calmmind\n>p2 move calmmind\n>p1 move calmmind\n>p2 move calmmind\n>p1 move drainingkiss\n>p2 move calmmind\n>p1 move drainingkiss\n>p2 move aeroblast\n>p1 move sparklingaria\n>p2 move aeroblast\n>p1 move sparklingaria\n>p2 move recover\n>p1 move drainingkiss\n>p2 move recover\n>p1 move psychic\n>p2 move aeroblast\n>p1 move drainingkiss\n>p2 move aeroblast\n>p1 move sparklingaria\n>p2 move recover\n>p1 move psychic\n>p2 move aeroblast\n>p1 move psychic\n>p2 move aeroblast\n>p1 move drainingkiss\n>p2 move recover\n>p1 move sparklingaria\n>p2 move aeroblast\n>p1 switch 5\n>p1 move knockoff\n>p2 move earthpower\n>p1 move knockoff\n>p2 move recover\n>p1 move uturn\n>p2 move recover\n>forcelose p1", "uploadtime": 1771261515, "views": 13, "formatid": "gen9randombattle", "rating": 2201, "private": 0, "password": null}