{"id": "gen9randombattle-2540078177", "format": "[Gen 9] Random Battle", "players": ["Swordbeam64", "broutux"], "log": "|j|☆Swordbeam64\n|j|☆broutux\n|t:|1771157959\n|gametype|singles\n|player|p1|Swordbeam64|2|1606\n|player|p2|broutux|blaine|1573\n|gen|9\n|tier|[Gen 9] Random Battle\n|rated|\n|rule|Species Clause: Limit one of each Pokémon\n|rule|HP Percentage Mod: HP is shown in percentages\n|rule|Sleep Clause Mod: Limit one foe put to sleep\n|rule|Illusion Level Mod: Illusion disguises the Pokémon's true level\n|\n|t:|1771157959\n|teamsize|p1|6\n|teamsize|p2|6\n|start\n|switch|p1a: Rhydon|Rhydon, L85, F|317/317\n|switch|p2a: Miraidon|Miraidon, L65|238/238\n|-fieldstart|move: Electric Terrain|[from] ability: Hadron Engine|[of] p2a: Miraidon\n|turn|1\n|inactive|Battle timer is ON: inactive players will automatically lose when time's up. (requested by broutux)\n|inactive|broutux has 120 seconds left.\n|\n|t:|1771157991\n|switch|p2a: Leavanny|Leavanny, L86, F|269/269\n|move|p1a: Rhydon|Swords Dance|p1a: Rhydon\n|-boost|p1a: Rhydon|atk|2\n|\n|upkeep\n|turn|2\n|\n|t:|1771158010\n|-terastallize|p1a: Rhydon|Dragon\n|move|p2a: Leavanny|Sticky Web|p1a: Rhydon\n|-sidestart|p1: Swordbeam64|move: Sticky Web\n|move|p1a: Rhydon|Stone Edge|p2a: Leavanny\n|-supereffective|p2a: Leavanny\n|-crit|p2a: Leavanny\n|-damage|p2a: Leavanny|0 fnt\n|faint|p2a: Leavanny\n|\n|upkeep\n|\n|t:|1771158031\n|switch|p2a: Miraidon|Miraidon, L65|238/238\n|-activate|p2a: Miraidon|ability: Hadron Engine\n|turn|3\n|\n|t:|1771158039\n|move|p2a: Miraidon|Draco Meteor|p1a: Rhydon\n|-supereffective|p1a: Rhydon\n|-damage|p1a: Rhydon|0 fnt\n|-unboost|p2a: Miraidon|spa|2\n|faint|p1a: Rhydon\n|\n|upkeep\n|\n|t:|1771158052\n|switch|p1a: Dragalge|Dragalge, L88, M|258/258\n|-activate|p1a: Dragalge|move: Sticky Web\n|-unboost|p1a: Dragalge|spe|1\n|turn|4\n|\n|t:|1771158064\n|move|p2a: Miraidon|Substitute|p2a: Miraidon\n|-start|p2a: Miraidon|Substitute\n|-damage|p2a: Miraidon|179/238\n|move|p1a: Dragalge|Toxic Spikes|p2a: Miraidon\n|-sidestart|p2: broutux|move: Toxic Spikes\n|\n|-heal|p2a: Miraidon|193/238|[from] item: Leftovers\n|upkeep\n|turn|5\n|\n|t:|1771158075\n|move|p2a: Miraidon|Calm Mind|p2a: Miraidon\n|-boost|p2a: Miraidon|spa|1\n|-boost|p2a: Miraidon|spd|1\n|move|p1a: Dragalge|Sludge Wave|p2a: Miraidon\n|-crit|p2a: Miraidon\n|-end|p2a: Miraidon|Substitute\n|\n|-heal|p2a: Miraidon|207/238|[from] item: Leftovers\n|-fieldend|move: Electric Terrain\n|upkeep\n|turn|6\n|inactive|broutux has 120 seconds left.\n|\n|t:|1771158111\n|switch|p1a: Mimikyu|Mimikyu, L79, M|216/216\n|-activate|p1a: Mimikyu|move: Sticky Web\n|-unboost|p1a: Mimikyu|spe|1\n|move|p2a: Miraidon|Calm Mind|p2a: Miraidon\n|-boost|p2a: Miraidon|spa|1\n|-boost|p2a: Miraidon|spd|1\n|\n|-heal|p2a: Miraidon|221/238|[from] item: Leftovers\n|upkeep\n|turn|7\n|inactive|broutux has 120 seconds left.\n|\n|t:|1771158127\n|move|p2a: Miraidon|Substitute|p2a: Miraidon\n|-start|p2a: Miraidon|Substitute\n|-damage|p2a: Miraidon|162/238\n|move|p1a: Mimikyu|Play Rough|p2a: Miraidon\n|-supereffective|p2a: Miraidon\n|-end|p2a: Miraidon|Substitute\n|-damage|p1a: Mimikyu|195/216|[from] item: Life Orb\n|\n|-heal|p2a: Miraidon|176/238|[from] item: Leftovers\n|upkeep\n|turn|8\n|\n|t:|1771158151\n|-terastallize|p2a: Miraidon|Electric\n|move|p2a: Miraidon|Electro Drift|p1a: Mimikyu\n|-activate|p1a: Mimikyu|ability: Disguise\n|-damage|p1a: Mimikyu|195/216\n|detailschange|p1a: Mimikyu|Mimikyu-Busted, L79, M\n|-damage|p1a: Mimikyu|168/216|[from] pokemon: Mimikyu-Busted\n|move|p1a: Mimikyu|Play Rough|p2a: Miraidon\n|-damage|p2a: Miraidon|50/238\n|-damage|p1a: Mimikyu|147/216|[from] item: Life Orb\n|\n|-heal|p2a: Miraidon|64/238|[from] item: Leftovers\n|upkeep\n|turn|9\n|\n|t:|1771158167\n|move|p1a: Mimikyu|Shadow Sneak|p2a: Miraidon\n|-damage|p2a: Miraidon|12/238\n|-damage|p1a: Mimikyu|126/216|[from] item: Life Orb\n|move|p2a: Miraidon|Electro Drift|p1a: Mimikyu\n|-damage|p1a: Mimikyu|22/216\n|\n|-heal|p2a: Miraidon|26/238|[from] item: Leftovers\n|upkeep\n|turn|10\n|inactive|broutux has 90 seconds left.\n|\n|t:|1771158199\n|switch|p2a: Crawdaunt|Crawdaunt, L84, F|243/243\n|-status|p2a: Crawdaunt|psn\n|move|p1a: Mimikyu|Shadow Sneak|p2a: Crawdaunt\n|-resisted|p2a: Crawdaunt\n|-damage|p2a: Crawdaunt|221/243 psn\n|-damage|p1a: Mimikyu|1/216|[from] item: Life Orb\n|\n|-damage|p2a: Crawdaunt|191/243 psn|[from] psn\n|upkeep\n|turn|11\n|inactive|broutux has 90 seconds left.\n|\n|t:|1771158212\n|move|p2a: Crawdaunt|Aqua Jet|p1a: Mimikyu\n|-damage|p1a: Mimikyu|0 fnt\n|faint|p1a: Mimikyu\n|-damage|p2a: Crawdaunt|167/243 psn|[from] item: Life Orb\n|\n|-damage|p2a: Crawdaunt|137/243 psn|[from] psn\n|upkeep\n|inactive|Swordbeam64 has 120 seconds left.\n|\n|t:|1771158227\n|switch|p1a: Eiscue|Eiscue, L88, F|274/274\n|-activate|p1a: Eiscue|move: Sticky Web\n|-unboost|p1a: Eiscue|spe|1\n|turn|12\n|inactive|Swordbeam64 has 120 seconds left.\n|\n|t:|1771158234\n|move|p2a: Crawdaunt|Knock Off|p1a: Eiscue\n|-activate|p1a: Eiscue|ability: Ice Face\n|-damage|p1a: Eiscue|274/274\n|-enditem|p1a: Eiscue|Sitrus Berry|[from] move: Knock Off|[of] p2a: Crawdaunt\n|detailschange|p1a: Eiscue|Eiscue-Noice, L88, F\n|-damage|p2a: Crawdaunt|113/243 psn|[from] item: Life Orb\n|move|p1a: Eiscue|Belly Drum|p1a: Eiscue\n|-damage|p1a: Eiscue|137/274\n|-setboost|p1a: Eiscue|atk|6|[from] move: Belly Drum\n|\n|-damage|p2a: Crawdaunt|83/243 psn|[from] psn\n|upkeep\n|turn|13\n|inactive|Swordbeam64 has 120 seconds left.\n|inactive|broutux has 90 seconds left.\n|\n|t:|1771158253\n|move|p2a: Crawdaunt|Aqua Jet|p1a: Eiscue\n|-damage|p1a: Eiscue|33/274\n|-damage|p2a: Crawdaunt|59/243 psn|[from] item: Life Orb\n|move|p1a: Eiscue|Ice Spinner|p2a: Crawdaunt\n|-resisted|p2a: Crawdaunt\n|-damage|p2a: Crawdaunt|0 fnt\n|faint|p2a: Crawdaunt\n|\n|upkeep\n|inactive|broutux has 90 seconds left.\n|\n|t:|1771158270\n|switch|p2a: Lumineon|Lumineon, L93, F|279/279\n|turn|14\n|\n|t:|1771158277\n|move|p2a: Lumineon|Ice Beam|p1a: Eiscue\n|-resisted|p1a: Eiscue\n|-damage|p1a: Eiscue|0 fnt\n|faint|p1a: Eiscue\n|\n|upkeep\n|\n|t:|1771158287\n|switch|p1a: Dragalge|Dragalge, L88, M|258/258\n|-activate|p1a: Dragalge|move: Sticky Web\n|-unboost|p1a: Dragalge|spe|1\n|turn|15\n|\n|t:|1771158295\n|move|p2a: Lumineon|Ice Beam|p1a: Dragalge\n|-supereffective|p1a: Dragalge\n|-damage|p1a: Dragalge|164/258\n|move|p1a: Dragalge|Sludge Wave|p2a: Lumineon\n|-damage|p2a: Lumineon|151/279\n|-status|p2a: Lumineon|psn\n|\n|-heal|p1a: Dragalge|180/258|[from] item: Leftovers\n|-damage|p2a: Lumineon|117/279 psn|[from] psn\n|upkeep\n|turn|16\n|\n|t:|1771158309\n|move|p2a: Lumineon|Ice Beam|p1a: Dragalge\n|-supereffective|p1a: Dragalge\n|-damage|p1a: Dragalge|90/258\n|move|p1a: Dragalge|Sludge Wave|p2a: Lumineon\n|-damage|p2a: Lumineon|0 fnt\n|faint|p2a: Lumineon\n|\n|-heal|p1a: Dragalge|106/258|[from] item: Leftovers\n|upkeep\n|inactive|broutux has 90 seconds left.\n|\n|t:|1771158325\n|switch|p2a: Miraidon|Miraidon, L65, tera:Electric|26/238\n|-status|p2a: Miraidon|psn\n|-fieldstart|move: Electric Terrain|[from] ability: Hadron Engine|[of] p2a: Miraidon\n|turn|17\n|inactive|broutux has 90 seconds left.\n|\n|t:|1771158336\n|switch|p1a: Golurk|Golurk, L87|297/297\n|-activate|p1a: Golurk|move: Sticky Web\n|-unboost|p1a: Golurk|spe|1\n|move|p2a: Miraidon|Draco Meteor|p1a: Golurk\n|-damage|p1a: Golurk|141/297\n|-unboost|p2a: Miraidon|spa|2\n|\n|-heal|p2a: Miraidon|40/238 psn|[from] item: Leftovers\n|-damage|p2a: Miraidon|11/238 psn|[from] psn\n|upkeep\n|turn|18\n|inactive|broutux has 90 seconds left.\n|\n|t:|1771158360\n|switch|p2a: Scrafty|Scrafty, L84, M|246/246\n|-status|p2a: Scrafty|psn\n|-ability|p2a: Scrafty|Intimidate|boost\n|-unboost|p1a: Golurk|atk|1\n|move|p1a: Golurk|Stealth Rock|p2a: Scrafty\n|-sidestart|p2: broutux|move: Stealth Rock\n|\n|-damage|p2a: Scrafty|216/246 psn|[from] psn\n|upkeep\n|turn|19\n|\n|t:|1771158370\n|move|p2a: Scrafty|Knock Off|p1a: Golurk\n|-supereffective|p1a: Golurk\n|-damage|p1a: Golurk|0 fnt\n|-enditem|p1a: Golurk|Life Orb|[from] move: Knock Off|[of] p2a: Scrafty\n|faint|p1a: Golurk\n|\n|-heal|p2a: Scrafty|231/246 psn|[from] item: Leftovers\n|-damage|p2a: Scrafty|201/246 psn|[from] psn\n|upkeep\n|\n|t:|1771158382\n|switch|p1a: Incineroar|Incineroar, L82, F|290/290\n|-ability|p1a: Incineroar|Intimidate|boost\n|-unboost|p2a: Scrafty|atk|1\n|turn|20\n|inactive|broutux has 90 seconds left.\n|\n|t:|1771158395\n|move|p1a: Incineroar|Trailblaze|p2a: Scrafty\n|-damage|p2a: Scrafty|171/246 psn\n|-boost|p1a: Incineroar|spe|1\n|move|p2a: Scrafty|Dragon Dance|p2a: Scrafty\n|-boost|p2a: Scrafty|atk|1\n|-boost|p2a: Scrafty|spe|1\n|\n|-heal|p2a: Scrafty|186/246 psn|[from] item: Leftovers\n|-damage|p2a: Scrafty|156/246 psn|[from] psn\n|upkeep\n|turn|21\n|inactive|broutux has 90 seconds left.\n|\n|t:|1771158408\n|move|p1a: Incineroar|Flare Blitz|p2a: Scrafty\n|-damage|p2a: Scrafty|36/246 psn\n|-damage|p1a: Incineroar|250/290|[from] Recoil\n|move|p2a: Scrafty|Dragon Dance|p2a: Scrafty\n|-boost|p2a: Scrafty|atk|1\n|-boost|p2a: Scrafty|spe|1\n|\n|-heal|p2a: Scrafty|51/246 psn|[from] item: Leftovers\n|-damage|p2a: Scrafty|21/246 psn|[from] psn\n|-fieldend|move: Electric Terrain\n|upkeep\n|turn|22\n|\n|t:|1771158424\n|move|p2a: Scrafty|Drain Punch|p1a: Incineroar\n|-supereffective|p1a: Incineroar\n|-damage|p1a: Incineroar|4/290\n|-heal|p2a: Scrafty|144/246 psn|[from] drain|[of] p1a: Incineroar\n|move|p1a: Incineroar|Flare Blitz|p2a: Scrafty\n|-damage|p2a: Scrafty|42/246 psn\n|-damage|p1a: Incineroar|0 fnt|[from] Recoil\n|faint|p1a: Incineroar\n|\n|-heal|p2a: Scrafty|57/246 psn|[from] item: Leftovers\n|-damage|p2a: Scrafty|27/246 psn|[from] psn\n|upkeep\n|inactive|Swordbeam64 has 120 seconds left.\n|-message|Swordbeam64 forfeited.\n|\n|win|broutux\n|raw|Swordbeam64's rating: 1606 &rarr; <strong>1584</strong><br />(-22 for losing)\n|raw|broutux's rating: 1573 &rarr; <strong>1595</strong><br />(+22 for winning)\n|l|☆Swordbeam64\n|player|p1|\n|c|☆broutux|gg\n", "inputlog": ">version 686819e5e19f8a7fd2345cfc5a08a5085efa2cc3\n>start {\"formatid\":\"gen9randombattle\",\"seed\":\"sodium,57298bd6d79fe955ed1f40e0302dbb93\",\"rated\":\"Rated battle\"}\n>player p1 {\"name\":\"Swordbeam64\",\"avatar\":\"2\",\"rating\":1606,\"seed\":\"sodium,7a4087bd5bc218015b683da3f68d113d\"}\n>player p2 {\"name\":\"broutux\",\"avatar\":\"blaine\",\"rating\":1573,\"seed\":\"sodium,2e6a593e1611b903ee938364a45a4bd5\"}\n>p1 move swordsdance\n>p2 switch 4\n>p1 move stoneedge terastallize\n>p2 move stickyweb\n>p2 switch 4\n>p1 move earthquake\n>p2 move dracometeor\n>p1 switch 2\n>p1 move toxicspikes\n>p2 move substitute\n>p1 move sludgewave\n>p2 move calmmind\n>p1 switch 5\n>p2 move calmmind\n>p1 move playrough\n>p2 move substitute\n>p1 move playrough\n>p2 move electrodrift terastallize\n>p1 move shadowsneak\n>p2 move electrodrift\n>p1 move shadowsneak\n>p2 switch 3\n>p1 move playrough\n>p2 move aquajet\n>p1 switch 6\n>p1 move bellydrum\n>p2 move knockoff\n>p1 move icespinner\n>p2 move aquajet\n>p2 switch 6\n>p1 move liquidation\n>p2 move icebeam\n>p1 switch 5\n>p1 move sludgewave\n>p2 move icebeam\n>p1 move sludgewave\n>p2 move icebeam\n>p2 switch 3\n>p1 switch 4\n>p2 move dracometeor\n>p1 move stealthrock\n>p2 switch 2\n>p1 move dynamicpunch\n>p2 move knockoff\n>p1 switch 3\n>p1 move trailblaze\n>p2 move dragondance\n>p1 move flareblitz\n>p2 move dragondance\n>p1 move flareblitz\n>p2 move drainpunch\n>forcelose p1", "uploadtime": 1771158442, "views": 29, "formatid": "gen9randombattle", "rating": 1584, "private": 0, "password": null}