{"id": "gen9randombattle-2540818853", "format": "[Gen 9] Random Battle", "players": ["Valenteddi", "ilikepolit0ed"], "log": "|j|☆Valenteddi\n|j|☆ilikepolit0ed\n|t:|1771257284\n|gametype|singles\n|player|p1|Valenteddi|265|1836\n|player|p2|ilikepolit0ed|karen|1800\n|gen|9\n|tier|[Gen 9] Random Battle\n|rated|\n|rule|Species Clause: Limit one of each Pokémon\n|rule|HP Percentage Mod: HP is shown in percentages\n|rule|Sleep Clause Mod: Limit one foe put to sleep\n|rule|Illusion Level Mod: Illusion disguises the Pokémon's true level\n|\n|t:|1771257284\n|teamsize|p1|6\n|teamsize|p2|6\n|start\n|switch|p1a: Eternatus|Eternatus, L69|308/308\n|switch|p2a: Sceptile|Sceptile, L87, F|264/264\n|-ability|p1a: Eternatus|Pressure\n|turn|1\n|\n|t:|1771257307\n|switch|p2a: Hariyama|Hariyama, L87, F|392/392\n|move|p1a: Eternatus|Sludge Bomb|p2a: Hariyama\n|-damage|p2a: Hariyama|310/392\n|-status|p2a: Hariyama|psn\n|\n|-damage|p2a: Hariyama|261/392 psn|[from] psn\n|upkeep\n|turn|2\n|\n|t:|1771257344\n|switch|p1a: Iron Jugulis|Iron Jugulis, L77|271/271\n|move|p2a: Hariyama|Headlong Rush|p1a: Iron Jugulis\n|-immune|p1a: Iron Jugulis\n|\n|-damage|p2a: Hariyama|212/392 psn|[from] psn\n|upkeep\n|turn|3\n|\n|t:|1771257354\n|move|p1a: Iron Jugulis|Hurricane|p2a: Hariyama|[miss]\n|-miss|p1a: Iron Jugulis|p2a: Hariyama\n|move|p2a: Hariyama|Close Combat|p1a: Iron Jugulis\n|-damage|p1a: Iron Jugulis|85/271\n|-unboost|p2a: Hariyama|def|1\n|-unboost|p2a: Hariyama|spd|1\n|\n|-damage|p2a: Hariyama|163/392 psn|[from] psn\n|upkeep\n|turn|4\n|\n|t:|1771257369\n|switch|p2a: Hatterene|Hatterene, L85, F|236/236\n|move|p1a: Iron Jugulis|Hurricane|p2a: Hatterene\n|-damage|p2a: Hatterene|166/236\n|-start|p2a: Hatterene|confusion\n|\n|upkeep\n|turn|5\n|\n|t:|1771257388\n|-end|p1a: Iron Jugulis|Quark Drive|[silent]\n|switch|p1a: Scovillain|Scovillain, L91, F|266/266\n|-activate|p2a: Hatterene|confusion\n|-damage|p2a: Hatterene|142/236|[from] confusion\n|\n|upkeep\n|turn|6\n|\n|t:|1771257396\n|move|p1a: Scovillain|Sunny Day|p1a: Scovillain\n|-weather|SunnyDay\n|-activate|p2a: Hatterene|confusion\n|-damage|p2a: Hatterene|114/236|[from] confusion\n|\n|-weather|SunnyDay|[upkeep]\n|upkeep\n|turn|7\n|\n|t:|1771257401\n|move|p1a: Scovillain|Energy Ball|p2a: Hatterene\n|-damage|p2a: Hatterene|42/236\n|-end|p2a: Hatterene|confusion\n|move|p2a: Hatterene|Nuzzle|p1a: Scovillain\n|-resisted|p1a: Scovillain\n|-damage|p1a: Scovillain|258/266\n|-status|p1a: Scovillain|par\n|\n|-weather|SunnyDay|[upkeep]\n|upkeep\n|turn|8\n|\n|t:|1771257416\n|switch|p2a: Salazzle|Salazzle, L83, F|249/249\n|move|p1a: Scovillain|Energy Ball|p2a: Salazzle\n|-resisted|p2a: Salazzle\n|-damage|p2a: Salazzle|206/249\n|\n|-weather|SunnyDay|[upkeep]\n|-heal|p2a: Salazzle|221/249|[from] item: Leftovers\n|upkeep\n|turn|9\n|\n|t:|1771257423\n|move|p2a: Salazzle|Substitute|p2a: Salazzle\n|-start|p2a: Salazzle|Substitute\n|-damage|p2a: Salazzle|159/249\n|move|p1a: Scovillain|Stomping Tantrum|p2a: Salazzle\n|-supereffective|p2a: Salazzle\n|-end|p2a: Salazzle|Substitute\n|\n|-weather|SunnyDay|[upkeep]\n|-heal|p2a: Salazzle|174/249|[from] item: Leftovers\n|upkeep\n|turn|10\n|\n|t:|1771257425\n|move|p2a: Salazzle|Flamethrower|p1a: Scovillain\n|-damage|p1a: Scovillain|89/266 par\n|cant|p1a: Scovillain|par\n|\n|-weather|none\n|-heal|p2a: Salazzle|189/249|[from] item: Leftovers\n|upkeep\n|turn|11\n|\n|t:|1771257429\n|move|p2a: Salazzle|Flamethrower|p1a: Scovillain\n|-damage|p1a: Scovillain|0 fnt\n|faint|p1a: Scovillain\n|\n|-heal|p2a: Salazzle|204/249|[from] item: Leftovers\n|upkeep\n|\n|t:|1771257436\n|switch|p1a: Eternatus|Eternatus, L69|308/308\n|-ability|p1a: Eternatus|Pressure\n|turn|12\n|\n|t:|1771257460\n|switch|p2a: Hatterene|Hatterene, L85, F|42/236\n|move|p1a: Eternatus|Meteor Beam||[still]\n|-prepare|p1a: Eternatus|Meteor Beam\n|-boost|p1a: Eternatus|spa|1\n|-enditem|p1a: Eternatus|Power Herb\n|-anim|p1a: Eternatus|Meteor Beam|p2a: Hatterene\n|-damage|p2a: Hatterene|0 fnt\n|faint|p2a: Hatterene\n|\n|upkeep\n|\n|t:|1771257490\n|switch|p2a: Greedent|Greedent, L86, M|347/347\n|turn|13\n|\n|t:|1771257497\n|move|p1a: Eternatus|Dynamax Cannon|p2a: Greedent\n|-damage|p2a: Greedent|169/347\n|-enditem|p2a: Greedent|Sitrus Berry|[eat]\n|-heal|p2a: Greedent|255/347|[from] item: Sitrus Berry\n|-heal|p2a: Greedent|347/347|[from] ability: Cheek Pouch\n|move|p2a: Greedent|Body Slam|p1a: Eternatus\n|-damage|p1a: Eternatus|197/308\n|\n|upkeep\n|turn|14\n|\n|t:|1771257507\n|move|p1a: Eternatus|Dynamax Cannon|p2a: Greedent\n|-damage|p2a: Greedent|193/347\n|move|p2a: Greedent|Earthquake|p1a: Eternatus\n|-supereffective|p1a: Eternatus\n|-damage|p1a: Eternatus|23/308\n|\n|upkeep\n|turn|15\n|\n|t:|1771257513\n|move|p1a: Eternatus|Dynamax Cannon|p2a: Greedent\n|-damage|p2a: Greedent|28/347\n|move|p2a: Greedent|Body Slam|p1a: Eternatus\n|-damage|p1a: Eternatus|0 fnt\n|faint|p1a: Eternatus\n|\n|upkeep\n|\n|t:|1771257517\n|switch|p1a: Kleavor|Kleavor, L78, F|237/237\n|turn|16\n|\n|t:|1771257541\n|move|p1a: Kleavor|Stone Axe|p2a: Greedent\n|-damage|p2a: Greedent|0 fnt\n|-sidestart|p2: ilikepolit0ed|move: Stealth Rock\n|faint|p2a: Greedent\n|\n|upkeep\n|\n|t:|1771257562\n|switch|p2a: Salazzle|Salazzle, L83, F|204/249\n|-damage|p2a: Salazzle|142/249|[from] Stealth Rock\n|turn|17\n|\n|t:|1771257570\n|move|p2a: Salazzle|Flamethrower|p1a: Kleavor\n|-damage|p1a: Kleavor|93/237\n|move|p1a: Kleavor|Stone Axe|p2a: Salazzle\n|-supereffective|p2a: Salazzle\n|-damage|p2a: Salazzle|0 fnt\n|faint|p2a: Salazzle\n|\n|upkeep\n|\n|t:|1771257578\n|switch|p2a: Sceptile|Sceptile, L87, F|264/264\n|-damage|p2a: Sceptile|231/264|[from] Stealth Rock\n|turn|18\n|\n|t:|1771257584\n|switch|p1a: Brute Bonnet|Brute Bonnet, L81|312/312\n|move|p2a: Sceptile|Leaf Blade|p1a: Brute Bonnet\n|-resisted|p1a: Brute Bonnet\n|-damage|p1a: Brute Bonnet|254/312\n|-damage|p2a: Sceptile|205/264|[from] item: Life Orb\n|\n|-heal|p1a: Brute Bonnet|273/312|[from] item: Leftovers\n|upkeep\n|turn|19\n|\n|t:|1771257592\n|switch|p2a: Hariyama|Hariyama, L87, F|163/392 psn\n|-damage|p2a: Hariyama|139/392 psn|[from] Stealth Rock\n|move|p1a: Brute Bonnet|Crunch|p2a: Hariyama\n|-resisted|p2a: Hariyama\n|-damage|p2a: Hariyama|79/392 psn\n|\n|-heal|p1a: Brute Bonnet|292/312|[from] item: Leftovers\n|-damage|p2a: Hariyama|30/392 psn|[from] psn\n|upkeep\n|turn|20\n|\n|t:|1771257599\n|move|p1a: Brute Bonnet|Sucker Punch|p2a: Hariyama\n|-resisted|p2a: Hariyama\n|-damage|p2a: Hariyama|0 fnt\n|faint|p2a: Hariyama\n|\n|-heal|p1a: Brute Bonnet|311/312|[from] item: Leftovers\n|upkeep\n|\n|t:|1771257605\n|switch|p2a: Brute Bonnet|Brute Bonnet, L81|312/312\n|-damage|p2a: Brute Bonnet|273/312|[from] Stealth Rock\n|turn|21\n|\n|t:|1771257612\n|-end|p1a: Brute Bonnet|Protosynthesis|[silent]\n|switch|p1a: Regigigas|Regigigas, L84|322/322\n|-start|p1a: Regigigas|ability: Slow Start\n|-terastallize|p2a: Brute Bonnet|Fighting\n|move|p2a: Brute Bonnet|Close Combat|p1a: Regigigas\n|-supereffective|p1a: Regigigas\n|-damage|p1a: Regigigas|52/322\n|-unboost|p2a: Brute Bonnet|def|1\n|-unboost|p2a: Brute Bonnet|spd|1\n|\n|-heal|p2a: Brute Bonnet|292/312|[from] item: Leftovers\n|-heal|p1a: Regigigas|72/322|[from] item: Leftovers\n|upkeep\n|turn|22\n|\n|t:|1771257634\n|move|p2a: Brute Bonnet|Crunch|p1a: Regigigas\n|-damage|p1a: Regigigas|0 fnt\n|faint|p1a: Regigigas\n|-end|p1a: Regigigas|Slow Start|[silent]\n|\n|-heal|p2a: Brute Bonnet|311/312|[from] item: Leftovers\n|upkeep\n|\n|t:|1771257641\n|switch|p1a: Iron Jugulis|Iron Jugulis, L77|85/271\n|turn|23\n|\n|t:|1771257651\n|-end|p2a: Brute Bonnet|Protosynthesis|[silent]\n|switch|p2a: Sceptile|Sceptile, L87, F|205/264\n|-damage|p2a: Sceptile|172/264|[from] Stealth Rock\n|move|p1a: Iron Jugulis|Hurricane|p2a: Sceptile\n|-supereffective|p2a: Sceptile\n|-damage|p2a: Sceptile|0 fnt\n|faint|p2a: Sceptile\n|\n|upkeep\n|\n|t:|1771257657\n|switch|p2a: Brute Bonnet|Brute Bonnet, L81, tera:Fighting|311/312\n|-damage|p2a: Brute Bonnet|292/312|[from] Stealth Rock\n|turn|24\n|\n|t:|1771257661\n|move|p2a: Brute Bonnet|Sucker Punch|p1a: Iron Jugulis\n|-resisted|p1a: Iron Jugulis\n|-damage|p1a: Iron Jugulis|34/271\n|move|p1a: Iron Jugulis|Hurricane|p2a: Brute Bonnet|[miss]\n|-miss|p1a: Iron Jugulis|p2a: Brute Bonnet\n|\n|-heal|p2a: Brute Bonnet|311/312|[from] item: Leftovers\n|upkeep\n|turn|25\n|\n|t:|1771257667\n|move|p2a: Brute Bonnet|Sucker Punch|p1a: Iron Jugulis\n|-resisted|p1a: Iron Jugulis\n|-damage|p1a: Iron Jugulis|0 fnt\n|faint|p1a: Iron Jugulis\n|-end|p1a: Iron Jugulis|Quark Drive|[silent]\n|\n|-heal|p2a: Brute Bonnet|312/312|[from] item: Leftovers\n|upkeep\n|\n|t:|1771257674\n|switch|p1a: Brute Bonnet|Brute Bonnet, L81|311/312\n|turn|26\n|\n|t:|1771257680\n|-terastallize|p1a: Brute Bonnet|Fighting\n|move|p2a: Brute Bonnet|Close Combat|p1a: Brute Bonnet\n|-damage|p1a: Brute Bonnet|176/312\n|-unboost|p2a: Brute Bonnet|def|1\n|-unboost|p2a: Brute Bonnet|spd|1\n|move|p1a: Brute Bonnet|Spore|p2a: Brute Bonnet\n|-status|p2a: Brute Bonnet|slp|[from] move: Spore\n|\n|-heal|p1a: Brute Bonnet|195/312|[from] item: Leftovers\n|upkeep\n|turn|27\n|\n|t:|1771257688\n|cant|p2a: Brute Bonnet|slp\n|move|p1a: Brute Bonnet|Close Combat|p2a: Brute Bonnet\n|-damage|p2a: Brute Bonnet|120/312 slp\n|-unboost|p1a: Brute Bonnet|def|1\n|-unboost|p1a: Brute Bonnet|spd|1\n|\n|-heal|p2a: Brute Bonnet|139/312 slp|[from] item: Leftovers\n|-heal|p1a: Brute Bonnet|214/312|[from] item: Leftovers\n|upkeep\n|turn|28\n|\n|t:|1771257690\n|cant|p2a: Brute Bonnet|slp\n|move|p1a: Brute Bonnet|Close Combat|p2a: Brute Bonnet\n|-damage|p2a: Brute Bonnet|0 fnt\n|-unboost|p1a: Brute Bonnet|def|1\n|-unboost|p1a: Brute Bonnet|spd|1\n|faint|p2a: Brute Bonnet\n|-end|p2a: Brute Bonnet|Protosynthesis|[silent]\n|\n|win|Valenteddi\n|raw|Valenteddi's rating: 1836 &rarr; <strong>1854</strong><br />(+18 for winning)\n|raw|ilikepolit0ed's rating: 1800 &rarr; <strong>1782</strong><br />(-18 for losing)\n|c|☆ilikepolit0ed|Gg\n|l|☆ilikepolit0ed\n|player|p2|\n", "inputlog": ">version 686819e5e19f8a7fd2345cfc5a08a5085efa2cc3\n>start {\"formatid\":\"gen9randombattle\",\"seed\":\"sodium,611d1b6aa02f2929caefab53341e2b2e\",\"rated\":\"Rated battle\"}\n>player p1 {\"name\":\"Valenteddi\",\"avatar\":\"265\",\"rating\":1836,\"seed\":\"sodium,da089c231172d5e6133b004278c1d8c4\"}\n>player p2 {\"name\":\"ilikepolit0ed\",\"avatar\":\"karen\",\"rating\":1800,\"seed\":\"sodium,3caafc41076d17f2a88c0695829eeee7\"}\n>p1 move sludgebomb\n>p2 switch 5\n>p1 switch 2\n>p2 move headlongrush\n>p1 move hurricane\n>p2 move closecombat\n>p1 move hurricane\n>p2 switch 3\n>p1 switch 6\n>p2 move drainingkiss\n>p1 move sunnyday\n>p2 move nuzzle\n>p1 move energyball\n>p2 move nuzzle\n>p1 move energyball\n>p2 switch 4\n>p1 move stompingtantrum\n>p2 move substitute\n>p1 move stompingtantrum\n>p2 move flamethrower\n>p1 move stompingtantrum\n>p2 move flamethrower\n>p1 switch 2\n>p1 move meteorbeam\n>p2 switch 4\n>p2 switch 6\n>p1 move dynamaxcannon\n>p2 move bodyslam\n>p1 move dynamaxcannon\n>p2 move earthquake\n>p1 move dynamaxcannon\n>p2 move bodyslam\n>p1 switch 4\n>p1 move stoneaxe\n>p2 move earthquake\n>p2 switch 4\n>p1 move stoneaxe\n>p2 move flamethrower\n>p2 switch 5\n>p1 switch 3\n>p2 move leafblade\n>p1 move crunch\n>p2 switch 3\n>p1 move suckerpunch\n>p2 move closecombat\n>p2 switch 2\n>p1 switch 5\n>p2 move closecombat terastallize\n>p1 move bodyslam\n>p2 move crunch\n>p1 switch 6\n>p1 move hurricane\n>p2 switch 3\n>p2 switch 3\n>p1 move hurricane\n>p2 move suckerpunch\n>p1 move hurricane\n>p2 move suckerpunch\n>p1 switch 5\n>p1 move spore terastallize\n>p2 move closecombat\n>p1 move closecombat\n>p2 move closecombat\n>p1 move closecombat\n>p2 move closecombat", "uploadtime": 1771257692, "views": 5, "formatid": "gen9randombattle", "rating": 1782, "private": 0, "password": null}