{"id": "gen9randombattle-2540445982", "format": "[Gen 9] Random Battle", "players": ["bbmauro", "fus!0nflare"], "log": "|j|☆bbmauro\n|j|☆fus!0nflare\n|t:|1771202985\n|gametype|singles\n|player|p1|bbmauro|bruno|1559\n|player|p2|fus!0nflare|alder|1577\n|gen|9\n|tier|[Gen 9] Random Battle\n|rated|\n|rule|Species Clause: Limit one of each Pokémon\n|rule|HP Percentage Mod: HP is shown in percentages\n|rule|Sleep Clause Mod: Limit one foe put to sleep\n|rule|Illusion Level Mod: Illusion disguises the Pokémon's true level\n|\n|t:|1771202985\n|teamsize|p1|6\n|teamsize|p2|6\n|start\n|switch|p1a: Chansey|Chansey, L85, F|564/564\n|switch|p2a: Annihilape|Annihilape, L76, F|292/292\n|turn|1\n|\n|t:|1771203006\n|switch|p1a: Spiritomb|Spiritomb, L89, F|234/234\n|move|p2a: Annihilape|Taunt|p1a: Spiritomb\n|-start|p1a: Spiritomb|move: Taunt\n|\n|upkeep\n|turn|2\n|\n|t:|1771203016\n|switch|p2a: Masquerain|Masquerain, L87, F|264/264\n|-ability|p2a: Masquerain|Intimidate|boost\n|-unboost|p1a: Spiritomb|atk|1\n|move|p1a: Spiritomb|Poltergeist|p2a: Masquerain\n|-activate|p2a: Masquerain|move: Poltergeist|Heavy-Duty Boots\n|-damage|p2a: Masquerain|156/264\n|\n|upkeep\n|turn|3\n|\n|t:|1771203026\n|switch|p1a: Chansey|Chansey, L85, F|564/564\n|move|p2a: Masquerain|Sticky Web|p1a: Chansey\n|-sidestart|p1: bbmauro|move: Sticky Web\n|\n|upkeep\n|turn|4\n|\n|t:|1771203033\n|move|p2a: Masquerain|Hurricane|p1a: Chansey|[miss]\n|-miss|p2a: Masquerain|p1a: Chansey\n|move|p1a: Chansey|Stealth Rock|p2a: Masquerain\n|-sidestart|p2: fus!0nflare|move: Stealth Rock\n|\n|upkeep\n|turn|5\n|\n|t:|1771203039\n|move|p2a: Masquerain|Hurricane|p1a: Chansey\n|-damage|p1a: Chansey|491/564\n|move|p1a: Chansey|Thunder Wave|p2a: Masquerain|[miss]\n|-miss|p1a: Chansey|p2a: Masquerain\n|\n|upkeep\n|turn|6\n|\n|t:|1771203048\n|switch|p2a: Pawmot|Pawmot, L80, M|243/243\n|-damage|p2a: Pawmot|228/243|[from] Stealth Rock\n|move|p1a: Chansey|Seismic Toss|p2a: Pawmot\n|-damage|p2a: Pawmot|143/243\n|\n|upkeep\n|turn|7\n|\n|t:|1771203063\n|switch|p1a: Venusaur|Venusaur, L84, F|272/272\n|-activate|p1a: Venusaur|move: Sticky Web\n|-unboost|p1a: Venusaur|spe|1\n|move|p2a: Pawmot|Double Shock|p1a: Venusaur\n|-resisted|p1a: Venusaur\n|-damage|p1a: Venusaur|188/272\n|-start|p2a: Pawmot|typechange|???/Fighting|[from] move: Double Shock\n|-damage|p2a: Pawmot|119/243|[from] item: Life Orb\n|\n|-heal|p1a: Venusaur|205/272|[from] item: Leftovers\n|upkeep\n|turn|8\n|\n|t:|1771203080\n|switch|p2a: Masquerain|Masquerain, L87, F|156/264\n|-ability|p2a: Masquerain|Intimidate|boost\n|-unboost|p1a: Venusaur|atk|1\n|move|p1a: Venusaur|Sludge Bomb|p2a: Masquerain\n|-damage|p2a: Masquerain|59/264\n|-status|p2a: Masquerain|psn\n|\n|-heal|p1a: Venusaur|222/272|[from] item: Leftovers\n|-damage|p2a: Masquerain|26/264 psn|[from] psn\n|upkeep\n|turn|9\n|\n|t:|1771203092\n|switch|p2a: Pawmot|Pawmot, L80, M|119/243\n|-damage|p2a: Pawmot|104/243|[from] Stealth Rock\n|switch|p1a: Chansey|Chansey, L85, F|491/564\n|-activate|p1a: Chansey|move: Sticky Web\n|-unboost|p1a: Chansey|spe|1\n|\n|upkeep\n|turn|10\n|\n|t:|1771203102\n|switch|p1a: Venusaur|Venusaur, L84, F|222/272\n|-activate|p1a: Venusaur|move: Sticky Web\n|-unboost|p1a: Venusaur|spe|1\n|move|p2a: Pawmot|Ice Punch|p1a: Venusaur\n|-supereffective|p1a: Venusaur\n|-damage|p1a: Venusaur|48/272\n|-damage|p2a: Pawmot|80/243|[from] item: Life Orb\n|\n|-heal|p1a: Venusaur|65/272|[from] item: Leftovers\n|upkeep\n|turn|11\n|\n|t:|1771203116\n|switch|p1a: Bellibolt|Bellibolt, L84, M|320/320\n|-activate|p1a: Bellibolt|move: Sticky Web\n|-unboost|p1a: Bellibolt|spe|1\n|move|p2a: Pawmot|Double Shock|p1a: Bellibolt\n|-resisted|p1a: Bellibolt\n|-damage|p1a: Bellibolt|242/320\n|-start|p2a: Pawmot|typechange|???/Fighting|[from] move: Double Shock\n|-start|p1a: Bellibolt|Charge|Double Shock|[from] ability: Electromorphosis\n|-damage|p2a: Pawmot|56/243|[from] item: Life Orb\n|\n|-heal|p1a: Bellibolt|262/320|[from] item: Leftovers\n|upkeep\n|turn|12\n|\n|t:|1771203135\n|switch|p2a: Masquerain|Masquerain, L87, F|26/264 psn\n|-ability|p2a: Masquerain|Intimidate|boost\n|-unboost|p1a: Bellibolt|atk|1\n|move|p1a: Bellibolt|Muddy Water|p2a: Masquerain\n|-damage|p2a: Masquerain|0 fnt\n|faint|p2a: Masquerain\n|\n|-heal|p1a: Bellibolt|282/320|[from] item: Leftovers\n|upkeep\n|\n|t:|1771203151\n|switch|p2a: Hypno|Hypno, L95, M|315/315\n|-damage|p2a: Hypno|276/315|[from] Stealth Rock\n|turn|13\n|\n|t:|1771203166\n|switch|p1a: Chansey|Chansey, L85, F|491/564\n|-activate|p1a: Chansey|move: Sticky Web\n|-unboost|p1a: Chansey|spe|1\n|move|p2a: Hypno|Toxic|p1a: Chansey\n|-status|p1a: Chansey|tox\n|\n|-heal|p2a: Hypno|295/315|[from] item: Leftovers\n|-damage|p1a: Chansey|456/564 tox|[from] psn\n|upkeep\n|turn|14\n|\n|t:|1771203178\n|move|p2a: Hypno|Psychic Noise|p1a: Chansey\n|-damage|p1a: Chansey|402/564 tox\n|-start|p1a: Chansey|move: Heal Block\n|move|p1a: Chansey|Seismic Toss|p2a: Hypno\n|-damage|p2a: Hypno|210/315\n|\n|-heal|p2a: Hypno|229/315|[from] item: Leftovers\n|-damage|p1a: Chansey|332/564 tox|[from] psn\n|upkeep\n|turn|15\n|\n|t:|1771203191\n|-curestatus|p1a: Chansey|tox|[from] ability: Natural Cure\n|switch|p1a: Spiritomb|Spiritomb, L89, F|234/234\n|-activate|p1a: Spiritomb|move: Sticky Web\n|-unboost|p1a: Spiritomb|spe|1\n|move|p2a: Hypno|Toxic|p1a: Spiritomb\n|-status|p1a: Spiritomb|tox\n|\n|-heal|p2a: Hypno|248/315|[from] item: Leftovers\n|-damage|p1a: Spiritomb|220/234 tox|[from] psn\n|upkeep\n|turn|16\n|\n|t:|1771203204\n|move|p2a: Hypno|Protect|p2a: Hypno\n|-singleturn|p2a: Hypno|Protect\n|move|p1a: Spiritomb|Poltergeist|p2a: Hypno\n|-activate|p2a: Hypno|move: Protect\n|\n|-heal|p2a: Hypno|267/315|[from] item: Leftovers\n|-heal|p1a: Spiritomb|234/234 tox|[from] item: Leftovers\n|-damage|p1a: Spiritomb|206/234 tox|[from] psn\n|upkeep\n|turn|17\n|\n|t:|1771203251\n|switch|p2a: Ampharos|Ampharos, L88, F|302/302\n|-damage|p2a: Ampharos|265/302|[from] Stealth Rock\n|move|p1a: Spiritomb|Poltergeist|p2a: Ampharos\n|-activate|p2a: Ampharos|move: Poltergeist|Assault Vest\n|-damage|p2a: Ampharos|136/302\n|\n|-heal|p1a: Spiritomb|220/234 tox|[from] item: Leftovers\n|-damage|p1a: Spiritomb|178/234 tox|[from] psn\n|upkeep\n|turn|18\n|\n|t:|1771203270\n|switch|p1a: Chansey|Chansey, L85, F|332/564\n|-activate|p1a: Chansey|move: Sticky Web\n|-unboost|p1a: Chansey|spe|1\n|move|p2a: Ampharos|Dazzling Gleam|p1a: Chansey\n|-damage|p1a: Chansey|287/564\n|\n|upkeep\n|turn|19\n|\n|t:|1771203280\n|move|p2a: Ampharos|Volt Switch|p1a: Chansey\n|-damage|p1a: Chansey|229/564\n|\n|t:|1771203281\n|switch|p2a: Annihilape|Annihilape, L76, F|292/292|[from] Volt Switch\n|-damage|p2a: Annihilape|274/292|[from] Stealth Rock\n|move|p1a: Chansey|Soft-Boiled|p1a: Chansey\n|-heal|p1a: Chansey|511/564\n|\n|-heal|p2a: Annihilape|292/292|[from] item: Leftovers\n|upkeep\n|turn|20\n|\n|t:|1771203317\n|switch|p2a: Ampharos|Ampharos, L88, F|136/302\n|-damage|p2a: Ampharos|99/302|[from] Stealth Rock\n|switch|p1a: Noctowl|Noctowl, L95, M|344/344\n|\n|upkeep\n|turn|21\n|\n|t:|1771203329\n|move|p1a: Noctowl|Hyper Voice|p2a: Ampharos\n|-damage|p2a: Ampharos|30/302\n|move|p2a: Ampharos|Volt Switch|p1a: Noctowl\n|-supereffective|p1a: Noctowl\n|-crit|p1a: Noctowl\n|-damage|p1a: Noctowl|104/344\n|\n|t:|1771203335\n|switch|p2a: Hypno|Hypno, L95, M|267/315|[from] Volt Switch\n|-damage|p2a: Hypno|228/315|[from] Stealth Rock\n|\n|-heal|p2a: Hypno|247/315|[from] item: Leftovers\n|upkeep\n|turn|22\n|\n|t:|1771203345\n|switch|p1a: Spiritomb|Spiritomb, L89, F|178/234 tox\n|-activate|p1a: Spiritomb|move: Sticky Web\n|-unboost|p1a: Spiritomb|spe|1\n|move|p2a: Hypno|Psychic Noise|p1a: Spiritomb\n|-immune|p1a: Spiritomb\n|\n|-heal|p2a: Hypno|266/315|[from] item: Leftovers\n|-heal|p1a: Spiritomb|192/234 tox|[from] item: Leftovers\n|-damage|p1a: Spiritomb|178/234 tox|[from] psn\n|upkeep\n|turn|23\n|\n|t:|1771203362\n|move|p2a: Hypno|Protect|p2a: Hypno\n|-singleturn|p2a: Hypno|Protect\n|move|p1a: Spiritomb|Foul Play|p2a: Hypno\n|-activate|p2a: Hypno|move: Protect\n|\n|-heal|p2a: Hypno|285/315|[from] item: Leftovers\n|-heal|p1a: Spiritomb|192/234 tox|[from] item: Leftovers\n|-damage|p1a: Spiritomb|164/234 tox|[from] psn\n|upkeep\n|turn|24\n|\n|t:|1771203375\n|switch|p2a: Roaring Moon|Roaring Moon, L72|270/270\n|-damage|p2a: Roaring Moon|237/270|[from] Stealth Rock\n|move|p1a: Spiritomb|Poltergeist|p2a: Roaring Moon|[miss]\n|-miss|p1a: Spiritomb|p2a: Roaring Moon\n|\n|-heal|p1a: Spiritomb|178/234 tox|[from] item: Leftovers\n|-damage|p1a: Spiritomb|136/234 tox|[from] psn\n|upkeep\n|turn|25\n|\n|t:|1771203386\n|move|p2a: Roaring Moon|Knock Off|p1a: Spiritomb\n|-damage|p1a: Spiritomb|9/234 tox\n|-enditem|p1a: Spiritomb|Leftovers|[from] move: Knock Off|[of] p2a: Roaring Moon\n|move|p1a: Spiritomb|Will-O-Wisp|p2a: Roaring Moon\n|-status|p2a: Roaring Moon|brn\n|\n|-damage|p1a: Spiritomb|0 fnt|[from] psn\n|faint|p1a: Spiritomb\n|-damage|p2a: Roaring Moon|221/270 brn|[from] brn\n|upkeep\n|\n|t:|1771203403\n|switch|p1a: Kricketune|Kricketune, L99, M|312/312\n|turn|26\n|\n|t:|1771203417\n|move|p2a: Roaring Moon|Knock Off|p1a: Kricketune\n|-damage|p1a: Kricketune|221/312\n|-enditem|p1a: Kricketune|Heavy-Duty Boots|[from] move: Knock Off|[of] p2a: Roaring Moon\n|move|p1a: Kricketune|Sticky Web|p2a: Roaring Moon\n|-sidestart|p2: fus!0nflare|move: Sticky Web\n|\n|-damage|p2a: Roaring Moon|205/270 brn|[from] brn\n|upkeep\n|turn|27\n|\n|t:|1771203426\n|move|p2a: Roaring Moon|Knock Off|p1a: Kricketune\n|-damage|p1a: Kricketune|158/312\n|move|p1a: Kricketune|Pounce|p2a: Roaring Moon\n|-supereffective|p2a: Roaring Moon\n|-damage|p2a: Roaring Moon|0 fnt\n|faint|p2a: Roaring Moon\n|-end|p2a: Roaring Moon|Protosynthesis|[silent]\n|\n|upkeep\n|\n|t:|1771203430\n|switch|p2a: Annihilape|Annihilape, L76, F|292/292\n|-damage|p2a: Annihilape|274/292|[from] Stealth Rock\n|-activate|p2a: Annihilape|move: Sticky Web\n|-unboost|p2a: Annihilape|spe|1\n|-ability|p2a: Annihilape|Defiant|boost\n|-boost|p2a: Annihilape|atk|2\n|turn|28\n|\n|t:|1771203446\n|move|p1a: Kricketune|Taunt|p2a: Annihilape\n|-start|p2a: Annihilape|move: Taunt\n|cant|p2a: Annihilape|move: Taunt|Bulk Up\n|\n|-heal|p2a: Annihilape|292/292|[from] item: Leftovers\n|upkeep\n|turn|29\n|\n|t:|1771203456\n|switch|p1a: Noctowl|Noctowl, L95, M|104/344\n|move|p2a: Annihilape|Rage Fist|p1a: Noctowl\n|-immune|p1a: Noctowl\n|\n|upkeep\n|turn|30\n|\n|t:|1771203464\n|-terastallize|p2a: Annihilape|Water\n|move|p1a: Noctowl|Roost|p1a: Noctowl\n|-heal|p1a: Noctowl|276/344\n|-singleturn|p1a: Noctowl|move: Roost\n|move|p2a: Annihilape|Drain Punch|p1a: Noctowl\n|-supereffective|p1a: Noctowl\n|-damage|p1a: Noctowl|0 fnt\n|faint|p1a: Noctowl\n|\n|-end|p2a: Annihilape|move: Taunt\n|upkeep\n|\n|t:|1771203485\n|switch|p1a: Venusaur|Venusaur, L84, F|65/272\n|-activate|p1a: Venusaur|move: Sticky Web\n|-unboost|p1a: Venusaur|spe|1\n|turn|31\n|\n|t:|1771203503\n|move|p1a: Venusaur|Energy Ball|p2a: Annihilape\n|-supereffective|p2a: Annihilape\n|-damage|p2a: Annihilape|0 fnt\n|faint|p2a: Annihilape\n|\n|-heal|p1a: Venusaur|82/272|[from] item: Leftovers\n|upkeep\n|\n|t:|1771203509\n|switch|p2a: Hypno|Hypno, L95, M|285/315\n|-damage|p2a: Hypno|246/315|[from] Stealth Rock\n|-activate|p2a: Hypno|move: Sticky Web\n|-unboost|p2a: Hypno|spe|1\n|turn|32\n|\n|t:|1771203541\n|switch|p1a: Kricketune|Kricketune, L99, M|158/312\n|-activate|p1a: Kricketune|move: Sticky Web\n|-unboost|p1a: Kricketune|spe|1\n|move|p2a: Hypno|Psychic Noise|p1a: Kricketune\n|-damage|p1a: Kricketune|46/312\n|-start|p1a: Kricketune|move: Heal Block\n|\n|-heal|p2a: Hypno|265/315|[from] item: Leftovers\n|upkeep\n|turn|33\n|\n|t:|1771203558\n|move|p1a: Kricketune|Knock Off|p2a: Hypno\n|-supereffective|p2a: Hypno\n|-damage|p2a: Hypno|87/315\n|-enditem|p2a: Hypno|Leftovers|[from] move: Knock Off|[of] p1a: Kricketune\n|move|p2a: Hypno|Psychic Noise|p1a: Kricketune\n|-damage|p1a: Kricketune|0 fnt\n|faint|p1a: Kricketune\n|\n|upkeep\n|\n|t:|1771203571\n|switch|p1a: Venusaur|Venusaur, L84, F|82/272\n|-activate|p1a: Venusaur|move: Sticky Web\n|-unboost|p1a: Venusaur|spe|1\n|turn|34\n|\n|t:|1771203576\n|move|p1a: Venusaur|Sludge Bomb|p2a: Hypno\n|-damage|p2a: Hypno|21/315\n|-status|p2a: Hypno|psn\n|move|p2a: Hypno|Psychic Noise|p1a: Venusaur\n|-supereffective|p1a: Venusaur\n|-damage|p1a: Venusaur|0 fnt\n|faint|p1a: Venusaur\n|\n|-damage|p2a: Hypno|0 fnt|[from] psn\n|faint|p2a: Hypno\n|upkeep\n|\n|t:|1771203590\n|switch|p1a: Bellibolt|Bellibolt, L84, M|282/320\n|switch|p2a: Pawmot|Pawmot, L80, M|56/243\n|-damage|p2a: Pawmot|41/243|[from] Stealth Rock\n|-activate|p2a: Pawmot|move: Sticky Web\n|-unboost|p2a: Pawmot|spe|1\n|-activate|p1a: Bellibolt|move: Sticky Web\n|-unboost|p1a: Bellibolt|spe|1\n|turn|35\n|\n|t:|1771203602\n|move|p2a: Pawmot|Revival Blessing|p2a: Pawmot\n|\n|t:|1771203615\n|-heal|p2: Annihilape|146/292|[from] move: Revival Blessing\n|move|p1a: Bellibolt|Muddy Water|p2a: Pawmot\n|-crit|p2a: Pawmot\n|-damage|p2a: Pawmot|0 fnt\n|faint|p2a: Pawmot\n|\n|-heal|p1a: Bellibolt|302/320|[from] item: Leftovers\n|upkeep\n|\n|t:|1771203617\n|switch|p2a: Annihilape|Annihilape, L76, F|146/292\n|-damage|p2a: Annihilape|128/292|[from] Stealth Rock\n|-activate|p2a: Annihilape|move: Sticky Web\n|-unboost|p2a: Annihilape|spe|1\n|-ability|p2a: Annihilape|Defiant|boost\n|-boost|p2a: Annihilape|atk|2\n|turn|36\n|\n|t:|1771203631\n|move|p2a: Annihilape|Drain Punch|p1a: Bellibolt\n|-damage|p1a: Bellibolt|160/320\n|-heal|p2a: Annihilape|199/292|[from] drain|[of] p1a: Bellibolt\n|-start|p1a: Bellibolt|Charge|Drain Punch|[from] ability: Electromorphosis\n|move|p1a: Bellibolt|Toxic|p2a: Annihilape\n|-status|p2a: Annihilape|tox\n|\n|-heal|p2a: Annihilape|217/292 tox|[from] item: Leftovers\n|-heal|p1a: Bellibolt|180/320|[from] item: Leftovers\n|-damage|p2a: Annihilape|199/292 tox|[from] psn\n|upkeep\n|turn|37\n|\n|t:|1771203643\n|move|p2a: Annihilape|Taunt|p1a: Bellibolt\n|-start|p1a: Bellibolt|move: Taunt\n|cant|p1a: Bellibolt|move: Taunt|Slack Off\n|\n|-heal|p2a: Annihilape|217/292 tox|[from] item: Leftovers\n|-heal|p1a: Bellibolt|200/320|[from] item: Leftovers\n|-damage|p2a: Annihilape|181/292 tox|[from] psn\n|upkeep\n|turn|38\n|\n|t:|1771203656\n|switch|p1a: Chansey|Chansey, L85, F|511/564\n|-activate|p1a: Chansey|move: Sticky Web\n|-unboost|p1a: Chansey|spe|1\n|move|p2a: Annihilape|Drain Punch|p1a: Chansey\n|-supereffective|p1a: Chansey\n|-damage|p1a: Chansey|0 fnt\n|-heal|p2a: Annihilape|292/292 tox|[from] drain|[of] p1a: Chansey\n|faint|p1a: Chansey\n|\n|-damage|p2a: Annihilape|238/292 tox|[from] psn\n|upkeep\n|\n|t:|1771203667\n|switch|p1a: Bellibolt|Bellibolt, L84, M|200/320\n|-activate|p1a: Bellibolt|move: Sticky Web\n|-unboost|p1a: Bellibolt|spe|1\n|turn|39\n|\n|t:|1771203678\n|move|p2a: Annihilape|Taunt|p1a: Bellibolt\n|-start|p1a: Bellibolt|move: Taunt\n|move|p1a: Bellibolt|Thunderbolt|p2a: Annihilape\n|-damage|p2a: Annihilape|135/292 tox\n|\n|-heal|p2a: Annihilape|153/292 tox|[from] item: Leftovers\n|-heal|p1a: Bellibolt|220/320|[from] item: Leftovers\n|-damage|p2a: Annihilape|81/292 tox|[from] psn\n|upkeep\n|turn|40\n|\n|t:|1771203689\n|move|p2a: Annihilape|Rage Fist|p1a: Bellibolt\n|-damage|p1a: Bellibolt|0 fnt\n|faint|p1a: Bellibolt\n|\n|win|fus!0nflare\n|raw|bbmauro's rating: 1559 &rarr; <strong>1540</strong><br />(-19 for losing)\n|raw|fus!0nflare's rating: 1577 &rarr; <strong>1596</strong><br />(+19 for winning)\n|c|☆fus!0nflare|gg\n", "inputlog": ">version 686819e5e19f8a7fd2345cfc5a08a5085efa2cc3\n>start {\"formatid\":\"gen9randombattle\",\"seed\":\"sodium,ca1dd938cb1d94cb8cc6b995be5ef3ba\",\"rated\":\"Rated battle\"}\n>player p1 {\"name\":\"bbmauro\",\"avatar\":\"bruno\",\"rating\":1559,\"seed\":\"sodium,197aafa65371c4764d6c237b56e756fd\"}\n>player p2 {\"name\":\"fus!0nflare\",\"avatar\":\"alder\",\"rating\":1577,\"seed\":\"sodium,e76d7292ec16cfae6d031bd0d88f5581\"}\n>p1 switch 6\n>p2 move taunt\n>p1 move poltergeist\n>p2 switch 6\n>p1 switch 6\n>p2 move stickyweb\n>p1 move stealthrock\n>p2 move hurricane\n>p1 move thunderwave\n>p2 move hurricane\n>p1 move seismictoss\n>p2 switch 5\n>p1 switch 4\n>p2 move doubleshock\n>p1 move sludgebomb\n>p2 switch 5\n>p1 switch 4\n>p2 switch 5\n>p1 switch 4\n>p2 move icepunch\n>p1 switch 3\n>p2 move doubleshock\n>p1 move muddywater\n>p2 switch 5\n>p2 switch 4\n>p1 switch 4\n>p2 move toxic\n>p1 move seismictoss\n>p2 move psychicnoise\n>p1 switch 6\n>p2 move toxic\n>p1 move poltergeist\n>p2 move protect\n>p1 move poltergeist\n>p2 switch 3\n>p1 switch 6\n>p2 move dazzlinggleam\n>p1 move softboiled\n>p2 move voltswitch\n>p2 switch 6\n>p1 switch 2\n>p2 switch 6\n>p1 move hypervoice\n>p2 move voltswitch\n>p2 switch 3\n>p1 switch 6\n>p2 move psychicnoise\n>p1 move foulplay\n>p2 move protect\n>p1 move poltergeist\n>p2 switch 2\n>p1 move willowisp\n>p2 move knockoff\n>p1 switch 5\n>p1 move stickyweb\n>p2 move knockoff\n>p1 move pounce\n>p2 move knockoff\n>p2 switch 6\n>p1 move taunt\n>p2 move bulkup\n>p1 switch 6\n>p2 move ragefist\n>p1 move roost\n>p2 move drainpunch terastallize\n>p1 switch 3\n>p1 move energyball\n>p2 move ragefist\n>p2 switch 2\n>p1 switch 6\n>p2 move psychicnoise\n>p1 move knockoff\n>p2 move psychicnoise\n>p1 switch 6\n>p1 move sludgebomb\n>p2 move psychicnoise\n>p1 switch 4\n>p2 switch 5\n>p1 move muddywater\n>p2 move revivalblessing\n>p2 switch 2\n>p2 switch 2\n>p1 move toxic\n>p2 move drainpunch\n>p1 move slackoff\n>p2 move taunt\n>p1 switch 2\n>p2 move drainpunch\n>p1 switch 2\n>p1 move thunderbolt\n>p2 move taunt\n>p1 move thunderbolt\n>p2 move ragefist", "uploadtime": 1771203694, "views": 8, "formatid": "gen9randombattle", "rating": 1540, "private": 0, "password": null}