{"id": "gen9randombattle-2540541781", "format": "[Gen 9] Random Battle", "players": ["TRedden", "diemlow"], "log": "|j|☆TRedden\n|j|☆diemlow\n|t:|1771215345\n|gametype|singles\n|player|p1|TRedden|blue|1506\n|player|p2|diemlow|2|1530\n|gen|9\n|tier|[Gen 9] Random Battle\n|rated|\n|rule|Species Clause: Limit one of each Pokémon\n|rule|HP Percentage Mod: HP is shown in percentages\n|rule|Sleep Clause Mod: Limit one foe put to sleep\n|rule|Illusion Level Mod: Illusion disguises the Pokémon's true level\n|\n|t:|1771215345\n|teamsize|p1|6\n|teamsize|p2|6\n|start\n|switch|p1a: Frosmoth|Frosmoth, L82, F|249/249\n|switch|p2a: Armarouge|Armarouge, L80, F|267/267\n|turn|1\n|inactive|Battle timer is ON: inactive players will automatically lose when time's up. (requested by TRedden)\n|l|☆TRedden\n|inactive|TRedden disconnected and has a minute to reconnect!\n|player|p1|\n|j|☆TRedden\n|inactive|TRedden reconnected.\n|player|p1|TRedden|blue|\n|inactive|diemlow has 120 seconds left.\n|\n|t:|1771215438\n|switch|p1a: Deoxys|Deoxys-Defense, L84|221/221\n|-ability|p1a: Deoxys|Pressure\n|move|p2a: Armarouge|Armor Cannon|p1a: Deoxys\n|-crit|p1a: Deoxys\n|-damage|p1a: Deoxys|94/221\n|-unboost|p2a: Armarouge|def|1\n|-unboost|p2a: Armarouge|spd|1\n|\n|-heal|p1a: Deoxys|107/221|[from] item: Leftovers\n|upkeep\n|turn|2\n|\n|t:|1771215453\n|switch|p2a: Leafeon|Leafeon, L88, M|258/258\n|move|p1a: Deoxys|Recover|p1a: Deoxys\n|-heal|p1a: Deoxys|218/221\n|\n|-heal|p1a: Deoxys|221/221|[from] item: Leftovers\n|upkeep\n|turn|3\n|\n|t:|1771215461\n|move|p2a: Leafeon|Substitute|p2a: Leafeon\n|-start|p2a: Leafeon|Substitute\n|-damage|p2a: Leafeon|194/258\n|move|p1a: Deoxys|Knock Off|p2a: Leafeon\n|-activate|p2a: Leafeon|move: Substitute|[damage]\n|\n|-heal|p2a: Leafeon|210/258|[from] item: Leftovers\n|upkeep\n|turn|4\n|\n|t:|1771215464\n|move|p2a: Leafeon|Swords Dance|p2a: Leafeon\n|-boost|p2a: Leafeon|atk|2\n|move|p1a: Deoxys|Psychic Noise|p2a: Leafeon\n|-damage|p2a: Leafeon|138/258\n|-start|p2a: Leafeon|move: Heal Block\n|\n|upkeep\n|turn|5\n|\n|t:|1771215486\n|-terastallize|p1a: Deoxys|Dark\n|move|p2a: Leafeon|Knock Off|p1a: Deoxys\n|-resisted|p1a: Deoxys\n|-damage|p1a: Deoxys|169/221\n|-enditem|p1a: Deoxys|Leftovers|[from] move: Knock Off|[of] p2a: Leafeon\n|move|p1a: Deoxys|Psychic Noise|p2a: Leafeon\n|-damage|p2a: Leafeon|63/258\n|\n|-end|p2a: Leafeon|move: Heal Block\n|upkeep\n|turn|6\n|\n|t:|1771215496\n|move|p2a: Leafeon|Leaf Blade|p1a: Deoxys\n|-damage|p1a: Deoxys|27/221\n|move|p1a: Deoxys|Psychic Noise|p2a: Leafeon\n|-damage|p2a: Leafeon|0 fnt\n|faint|p2a: Leafeon\n|\n|upkeep\n|\n|t:|1771215505\n|switch|p2a: Scovillain|Scovillain, L91, M|266/266\n|turn|7\n|\n|t:|1771215512\n|move|p2a: Scovillain|Flamethrower|p1a: Deoxys\n|-damage|p1a: Deoxys|0 fnt\n|faint|p1a: Deoxys\n|\n|upkeep\n|\n|t:|1771215523\n|switch|p1a: Mightyena|Mightyena, L96, F|290/290\n|-ability|p1a: Mightyena|Intimidate|boost\n|-unboost|p2a: Scovillain|atk|1\n|turn|8\n|\n|t:|1771215537\n|switch|p2a: Garganacl|Garganacl, L80, M|291/291\n|move|p1a: Mightyena|Poison Fang|p2a: Garganacl\n|-resisted|p2a: Garganacl\n|-damage|p2a: Garganacl|274/291\n|\n|-heal|p2a: Garganacl|291/291|[from] item: Leftovers\n|upkeep\n|turn|9\n|\n|t:|1771215546\n|switch|p1a: Rhydon|Rhydon, L85, M|317/317\n|move|p2a: Garganacl|Stealth Rock|p1a: Rhydon\n|-sidestart|p1: TRedden|move: Stealth Rock\n|\n|upkeep\n|turn|10\n|\n|t:|1771215576\n|move|p1a: Rhydon|Swords Dance|p1a: Rhydon\n|-boost|p1a: Rhydon|atk|2\n|move|p2a: Garganacl|Salt Cure|p1a: Rhydon\n|-resisted|p1a: Rhydon\n|-damage|p1a: Rhydon|306/317\n|-start|p1a: Rhydon|Salt Cure\n|\n|-damage|p1a: Rhydon|267/317|[from] Salt Cure\n|upkeep\n|turn|11\n|\n|t:|1771215581\n|move|p2a: Garganacl|Protect|p2a: Garganacl\n|-singleturn|p2a: Garganacl|Protect\n|move|p1a: Rhydon|Earthquake|p2a: Garganacl\n|-activate|p2a: Garganacl|move: Protect\n|\n|-damage|p1a: Rhydon|228/317|[from] Salt Cure\n|upkeep\n|turn|12\n|\n|t:|1771215592\n|move|p1a: Rhydon|Earthquake|p2a: Garganacl\n|-supereffective|p2a: Garganacl\n|-damage|p2a: Garganacl|0 fnt\n|faint|p2a: Garganacl\n|\n|-damage|p1a: Rhydon|189/317|[from] Salt Cure\n|upkeep\n|\n|t:|1771215599\n|switch|p2a: Scovillain|Scovillain, L91, M|266/266\n|turn|13\n|\n|t:|1771215603\n|switch|p1a: Mightyena|Mightyena, L96, F|290/290\n|-damage|p1a: Mightyena|254/290|[from] Stealth Rock\n|-ability|p1a: Mightyena|Intimidate|boost\n|-unboost|p2a: Scovillain|atk|1\n|move|p2a: Scovillain|Energy Ball|p1a: Mightyena\n|-damage|p1a: Mightyena|169/290\n|-unboost|p1a: Mightyena|spd|1\n|\n|upkeep\n|turn|14\n|\n|t:|1771215611\n|move|p2a: Scovillain|Energy Ball|p1a: Mightyena\n|-damage|p1a: Mightyena|28/290\n|move|p1a: Mightyena|Poison Fang|p2a: Scovillain\n|-supereffective|p2a: Scovillain\n|-damage|p2a: Scovillain|160/266\n|-status|p2a: Scovillain|tox\n|\n|-damage|p2a: Scovillain|144/266 tox|[from] psn\n|upkeep\n|turn|15\n|\n|t:|1771215615\n|move|p2a: Scovillain|Energy Ball|p1a: Mightyena\n|-damage|p1a: Mightyena|0 fnt\n|faint|p1a: Mightyena\n|\n|-damage|p2a: Scovillain|112/266 tox|[from] psn\n|upkeep\n|\n|t:|1771215625\n|switch|p1a: Hatterene|Hatterene, L85, F|236/236\n|-damage|p1a: Hatterene|207/236|[from] Stealth Rock\n|turn|16\n|inactive|diemlow has 120 seconds left.\n|inactive|diemlow has 90 seconds left.\n|inactive|diemlow has 60 seconds left.\n|\n|t:|1771215745\n|move|p2a: Scovillain|Energy Ball|p1a: Hatterene\n|-damage|p1a: Hatterene|102/236\n|move|p1a: Hatterene|Calm Mind|p1a: Hatterene\n|-boost|p1a: Hatterene|spa|1\n|-boost|p1a: Hatterene|spd|1\n|\n|-heal|p1a: Hatterene|116/236|[from] item: Leftovers\n|-damage|p2a: Scovillain|64/266 tox|[from] psn\n|upkeep\n|turn|17\n|\n|t:|1771215752\n|move|p2a: Scovillain|Energy Ball|p1a: Hatterene\n|-damage|p1a: Hatterene|49/236\n|move|p1a: Hatterene|Draining Kiss|p2a: Scovillain\n|-resisted|p2a: Scovillain\n|-damage|p2a: Scovillain|1/266 tox\n|-heal|p1a: Hatterene|96/236|[from] drain|[of] p2a: Scovillain\n|\n|-heal|p1a: Hatterene|110/236|[from] item: Leftovers\n|-damage|p2a: Scovillain|0 fnt|[from] psn\n|faint|p2a: Scovillain\n|upkeep\n|\n|t:|1771215761\n|switch|p2a: Armarouge|Armarouge, L80, F|267/267\n|turn|18\n|\n|t:|1771215777\n|move|p2a: Armarouge|Meteor Beam||[still]\n|-prepare|p2a: Armarouge|Meteor Beam\n|-boost|p2a: Armarouge|spa|1\n|-enditem|p2a: Armarouge|Power Herb\n|-anim|p2a: Armarouge|Meteor Beam|p1a: Hatterene\n|-damage|p1a: Hatterene|31/236\n|move|p1a: Hatterene|Draining Kiss|p2a: Armarouge\n|-resisted|p2a: Armarouge\n|-damage|p2a: Armarouge|204/267\n|-heal|p1a: Hatterene|78/236|[from] drain|[of] p2a: Armarouge\n|\n|-heal|p1a: Hatterene|92/236|[from] item: Leftovers\n|upkeep\n|turn|19\n|\n|t:|1771215791\n|move|p2a: Armarouge|Armor Cannon|p1a: Hatterene\n|-damage|p1a: Hatterene|0 fnt\n|-unboost|p2a: Armarouge|def|1\n|-unboost|p2a: Armarouge|spd|1\n|faint|p1a: Hatterene\n|\n|upkeep\n|\n|t:|1771215808\n|switch|p1a: Maushold|Maushold-Four, L76|238/238\n|-damage|p1a: Maushold|209/238|[from] Stealth Rock\n|turn|20\n|inactive|diemlow has 60 seconds left.\n|\n|t:|1771215817\n|switch|p2a: Clodsire|Clodsire, L81, M|343/343\n|move|p1a: Maushold|Population Bomb|p2a: Clodsire\n|-damage|p2a: Clodsire|310/343\n|-damage|p2a: Clodsire|279/343\n|-damage|p2a: Clodsire|248/343\n|-damage|p2a: Clodsire|215/343\n|-damage|p2a: Clodsire|184/343\n|-damage|p2a: Clodsire|154/343\n|-damage|p2a: Clodsire|126/343\n|-damage|p2a: Clodsire|96/343\n|-damage|p2a: Clodsire|63/343\n|-damage|p2a: Clodsire|33/343\n|-hitcount|p2a: Clodsire|10\n|\n|-heal|p2a: Clodsire|54/343|[from] item: Leftovers\n|upkeep\n|turn|21\n|\n|t:|1771215834\n|move|p1a: Maushold|Population Bomb|p2a: Clodsire\n|-damage|p2a: Clodsire|23/343\n|-damage|p2a: Clodsire|0 fnt\n|faint|p2a: Clodsire\n|-hitcount|p2: Clodsire|2\n|\n|upkeep\n|\n|t:|1771215838\n|switch|p2a: Hatterene|Hatterene, L85, F|236/236\n|turn|22\n|\n|t:|1771215851\n|switch|p1a: Rhydon|Rhydon, L85, M|189/317\n|-damage|p1a: Rhydon|170/317|[from] Stealth Rock\n|move|p2a: Hatterene|Nuzzle|p1a: Rhydon\n|-ability|p1a: Rhydon|Lightning Rod|boost\n|-boost|p1a: Rhydon|spa|1\n|\n|upkeep\n|turn|23\n|\n|t:|1771215863\n|move|p1a: Rhydon|Swords Dance|p1a: Rhydon\n|-boost|p1a: Rhydon|atk|2\n|move|p2a: Hatterene|Draining Kiss|p1a: Rhydon\n|-damage|p1a: Rhydon|97/317\n|\n|upkeep\n|turn|24\n|\n|t:|1771215875\n|move|p1a: Rhydon|Earthquake|p2a: Hatterene\n|-damage|p2a: Hatterene|0 fnt\n|faint|p2a: Hatterene\n|\n|upkeep\n|\n|t:|1771215877\n|switch|p2a: Armarouge|Armarouge, L80, F|204/267\n|turn|25\n|\n|t:|1771215883\n|move|p2a: Armarouge|Energy Ball|p1a: Rhydon\n|-supereffective|p1a: Rhydon\n|-damage|p1a: Rhydon|0 fnt\n|faint|p1a: Rhydon\n|\n|upkeep\n|\n|t:|1771215894\n|switch|p1a: Maushold|Maushold-Four, L76|209/238\n|-damage|p1a: Maushold|180/238|[from] Stealth Rock\n|turn|26\n|\n|t:|1771215901\n|move|p1a: Maushold|Population Bomb|p2a: Armarouge\n|-damage|p2a: Armarouge|185/267\n|-ability|p2a: Armarouge|Weak Armor|boost\n|-unboost|p2a: Armarouge|def|1\n|-boost|p2a: Armarouge|spe|2\n|-damage|p2a: Armarouge|149/267\n|-ability|p2a: Armarouge|Weak Armor|boost\n|-unboost|p2a: Armarouge|def|1\n|-boost|p2a: Armarouge|spe|2\n|-damage|p2a: Armarouge|110/267\n|-ability|p2a: Armarouge|Weak Armor|boost\n|-unboost|p2a: Armarouge|def|1\n|-boost|p2a: Armarouge|spe|2\n|-damage|p2a: Armarouge|58/267\n|-ability|p2a: Armarouge|Weak Armor|boost\n|-unboost|p2a: Armarouge|def|1\n|-damage|p2a: Armarouge|0 fnt\n|faint|p2a: Armarouge\n|-hitcount|p2: Armarouge|5\n|\n|win|TRedden\n|raw|TRedden's rating: 1506 &rarr; <strong>1527</strong><br />(+21 for winning)\n|raw|diemlow's rating: 1530 &rarr; <strong>1509</strong><br />(-21 for losing)\n", "inputlog": ">version 686819e5e19f8a7fd2345cfc5a08a5085efa2cc3\n>start {\"formatid\":\"gen9randombattle\",\"seed\":\"sodium,e4fbeaba16303e9491f1207a07300913\",\"rated\":\"Rated battle\"}\n>player p1 {\"name\":\"TRedden\",\"avatar\":\"blue\",\"rating\":1506,\"seed\":\"sodium,a393843aee95362bc7f8166b5207d001\"}\n>player p2 {\"name\":\"diemlow\",\"avatar\":\"2\",\"rating\":1530,\"seed\":\"sodium,1ac3e1f7b23d8d8e4e66d4818017795c\"}\n>p1 switch 6\n>p2 move armorcannon\n>p1 move recover\n>p2 switch 2\n>p1 move knockoff\n>p2 move substitute\n>p1 move psychicnoise\n>p2 move swordsdance\n>p1 move psychicnoise terastallize\n>p2 move knockoff\n>p1 move psychicnoise\n>p2 move leafblade\n>p2 switch 6\n>p1 move teleport\n>p2 move flamethrower\n>p1 switch 5\n>p1 move poisonfang\n>p2 switch 5\n>p1 switch 3\n>p2 move stealthrock\n>p1 move swordsdance\n>p2 move saltcure\n>p1 move earthquake\n>p2 move protect\n>p1 move earthquake\n>p2 move recover\n>p2 switch 5\n>p1 switch 3\n>p2 move energyball\n>p1 move poisonfang\n>p2 move energyball\n>p1 move superfang\n>p2 move energyball\n>p1 switch 2\n>p1 move calmmind\n>p2 move energyball\n>p1 move drainingkiss\n>p2 move energyball\n>p2 switch 2\n>p1 move drainingkiss\n>p2 move meteorbeam\n>p1 move drainingkiss\n>p2 move armorcannon\n>p1 switch 4\n>p1 move populationbomb\n>p2 switch 3\n>p1 move populationbomb\n>p2 move earthquake\n>p2 switch 4\n>p1 switch 3\n>p2 move nuzzle\n>p1 move swordsdance\n>p2 move drainingkiss\n>p1 move earthquake\n>p2 move psychicnoise\n>p2 switch 3\n>p1 move earthquake\n>p2 move energyball\n>p1 switch 3\n>p1 move populationbomb\n>p2 move armorcannon", "uploadtime": 1771215922, "views": 10, "formatid": "gen9randombattle", "rating": 1509, "private": 0, "password": null}