{"id": "gen9randombattle-2540953228", "format": "[Gen 9] Random Battle", "players": ["Kilobyt3", "Jack Steel 2000"], "log": "|j|☆Kilobyt3\n|j|☆Jack Steel 2000\n|t:|1771270379\n|gametype|singles\n|player|p1|Kilobyt3|ninjaboy|1573\n|player|p2|Jack Steel 2000|riley|1535\n|gen|9\n|tier|[Gen 9] Random Battle\n|rated|\n|rule|Species Clause: Limit one of each Pokémon\n|rule|HP Percentage Mod: HP is shown in percentages\n|rule|Sleep Clause Mod: Limit one foe put to sleep\n|rule|Illusion Level Mod: Illusion disguises the Pokémon's true level\n|\n|t:|1771270379\n|teamsize|p1|6\n|teamsize|p2|6\n|start\n|switch|p1a: Manaphy|Manaphy, L78|284/284\n|switch|p2a: Moltres|Moltres-Galar, L79|271/271\n|turn|1\n|\n|t:|1771270388\n|move|p1a: Manaphy|Tail Glow|p1a: Manaphy\n|-boost|p1a: Manaphy|spa|3\n|move|p2a: Moltres|Agility|p2a: Moltres\n|-boost|p2a: Moltres|spe|2\n|\n|upkeep\n|turn|2\n|\n|t:|1771270399\n|move|p2a: Moltres|Fiery Wrath|p1a: Manaphy\n|-damage|p1a: Manaphy|199/284\n|cant|p1a: Manaphy|flinch\n|\n|-heal|p1a: Manaphy|216/284|[from] item: Leftovers\n|upkeep\n|turn|3\n|\n|t:|1771270406\n|move|p2a: Moltres|Fiery Wrath|p1a: Manaphy\n|-crit|p1a: Manaphy\n|-damage|p1a: Manaphy|93/284\n|move|p1a: Manaphy|Tail Glow|p1a: Manaphy\n|-boost|p1a: Manaphy|spa|3\n|\n|-heal|p1a: Manaphy|110/284|[from] item: Leftovers\n|upkeep\n|turn|4\n|\n|t:|1771270412\n|move|p2a: Moltres|Fiery Wrath|p1a: Manaphy\n|-damage|p1a: Manaphy|20/284\n|cant|p1a: Manaphy|flinch\n|\n|-heal|p1a: Manaphy|37/284|[from] item: Leftovers\n|upkeep\n|turn|5\n|c|☆Kilobyt3|...\n|inactive|Battle timer is ON: inactive players will automatically lose when time's up. (requested by Jack Steel 2000)\n|\n|t:|1771270429\n|move|p2a: Moltres|Fiery Wrath|p1a: Manaphy\n|-damage|p1a: Manaphy|0 fnt\n|faint|p1a: Manaphy\n|\n|upkeep\n|\n|t:|1771270433\n|switch|p1a: Excadrill|Excadrill, L79, M|303/303\n|-ability|p1a: Excadrill|Mold Breaker\n|turn|6\n|\n|t:|1771270459\n|switch|p2a: Gumshoos|Gumshoos, L95, F|321/321\n|move|p1a: Excadrill|Rock Slide|p2a: Gumshoos\n|-damage|p2a: Gumshoos|252/321\n|\n|upkeep\n|turn|7\n|\n|t:|1771270465\n|switch|p1a: Charizard|Charizard, L85, M|271/271\n|move|p2a: Gumshoos|Earthquake|p1a: Charizard\n|-immune|p1a: Charizard\n|\n|upkeep\n|turn|8\n|\n|t:|1771270470\n|switch|p2a: Stonjourner|Stonjourner, L91, F|330/330\n|move|p1a: Charizard|Dragon Dance|p1a: Charizard\n|-boost|p1a: Charizard|atk|1\n|-boost|p1a: Charizard|spe|1\n|\n|upkeep\n|turn|9\n|\n|t:|1771270480\n|-terastallize|p1a: Charizard|Dragon\n|move|p1a: Charizard|Outrage|p2a: Stonjourner\n|-damage|p2a: Stonjourner|218/330\n|move|p2a: Stonjourner|Stealth Rock|p1a: Charizard\n|-sidestart|p1: Kilobyt3|move: Stealth Rock\n|\n|upkeep\n|turn|10\n|\n|t:|1771270487\n|move|p1a: Charizard|Outrage|p2a: Stonjourner|[from] lockedmove\n|-damage|p2a: Stonjourner|106/330\n|move|p2a: Stonjourner|Stone Edge|p1a: Charizard\n|-damage|p1a: Charizard|75/271\n|-damage|p2a: Stonjourner|73/330|[from] item: Life Orb\n|\n|upkeep\n|turn|11\n|\n|t:|1771270501\n|move|p1a: Charizard|Outrage|p2a: Stonjourner|[from] lockedmove\n|-damage|p2a: Stonjourner|0 fnt\n|faint|p2a: Stonjourner\n|-start|p1a: Charizard|confusion|[fatigue]\n|\n|upkeep\n|\n|t:|1771270509\n|switch|p2a: Mimikyu|Mimikyu, L79, F|216/216\n|turn|12\n|\n|t:|1771270515\n|move|p2a: Mimikyu|Shadow Sneak|p1a: Charizard\n|-damage|p1a: Charizard|24/271\n|-damage|p2a: Mimikyu|195/216|[from] item: Life Orb\n|-activate|p1a: Charizard|confusion\n|-damage|p1a: Charizard|0 fnt|[from] confusion\n|faint|p1a: Charizard\n|\n|upkeep\n|\n|t:|1771270523\n|switch|p1a: Perrserker|Perrserker, L89, M|269/269\n|-damage|p1a: Perrserker|253/269|[from] Stealth Rock\n|turn|13\n|\n|t:|1771270538\n|move|p2a: Mimikyu|Swords Dance|p2a: Mimikyu\n|-boost|p2a: Mimikyu|atk|2\n|move|p1a: Perrserker|Iron Head|p2a: Mimikyu\n|-activate|p2a: Mimikyu|ability: Disguise\n|-damage|p2a: Mimikyu|195/216\n|detailschange|p2a: Mimikyu|Mimikyu-Busted, L79, F\n|-damage|p2a: Mimikyu|168/216|[from] pokemon: Mimikyu-Busted\n|\n|upkeep\n|turn|14\n|\n|t:|1771270549\n|-terastallize|p2a: Mimikyu|Fighting\n|move|p2a: Mimikyu|Drain Punch|p1a: Perrserker\n|-supereffective|p1a: Perrserker\n|-damage|p1a: Perrserker|0 fnt\n|-heal|p2a: Mimikyu|216/216|[from] drain|[of] p1a: Perrserker\n|faint|p1a: Perrserker\n|-damage|p2a: Mimikyu|195/216|[from] item: Life Orb\n|\n|upkeep\n|\n|t:|1771270554\n|switch|p1a: Brambleghast|Brambleghast, L88, M|240/240\n|-damage|p1a: Brambleghast|210/240|[from] Stealth Rock\n|turn|15\n|\n|t:|1771270561\n|move|p2a: Mimikyu|Shadow Sneak|p1a: Brambleghast\n|-supereffective|p1a: Brambleghast\n|-damage|p1a: Brambleghast|0 fnt\n|faint|p1a: Brambleghast\n|-damage|p2a: Mimikyu|174/216|[from] item: Life Orb\n|\n|upkeep\n|\n|t:|1771270566\n|switch|p1a: Greedent|Greedent, L86, M|347/347\n|-damage|p1a: Greedent|304/347|[from] Stealth Rock\n|turn|16\n|\n|t:|1771270571\n|move|p2a: Mimikyu|Swords Dance|p2a: Mimikyu\n|-boost|p2a: Mimikyu|atk|2\n|move|p1a: Greedent|Body Slam|p2a: Mimikyu\n|-damage|p2a: Mimikyu|62/216\n|\n|upkeep\n|turn|17\n|\n|t:|1771270574\n|move|p2a: Mimikyu|Drain Punch|p1a: Greedent\n|-supereffective|p1a: Greedent\n|-damage|p1a: Greedent|0 fnt\n|-heal|p2a: Mimikyu|214/216|[from] drain|[of] p1a: Greedent\n|faint|p1a: Greedent\n|-damage|p2a: Mimikyu|193/216|[from] item: Life Orb\n|\n|upkeep\n|\n|t:|1771270576\n|switch|p1a: Excadrill|Excadrill, L79, M|303/303\n|-damage|p1a: Excadrill|294/303|[from] Stealth Rock\n|-ability|p1a: Excadrill|Mold Breaker\n|turn|18\n|\n|t:|1771270579\n|move|p2a: Mimikyu|Drain Punch|p1a: Excadrill\n|-supereffective|p1a: Excadrill\n|-damage|p1a: Excadrill|0 fnt\n|-heal|p2a: Mimikyu|216/216|[from] drain|[of] p1a: Excadrill\n|faint|p1a: Excadrill\n|-damage|p2a: Mimikyu|195/216|[from] item: Life Orb\n|\n|win|Jack Steel 2000\n|raw|Kilobyt3's rating: 1573 &rarr; <strong>1551</strong><br />(-22 for losing)\n|raw|Jack Steel 2000's rating: 1535 &rarr; <strong>1557</strong><br />(+22 for winning)\n", "inputlog": ">version 686819e5e19f8a7fd2345cfc5a08a5085efa2cc3\n>start {\"formatid\":\"gen9randombattle\",\"seed\":\"sodium,d241cfbe0279cbb3c0920dba620f15cc\",\"rated\":\"Rated battle\"}\n>player p1 {\"name\":\"Kilobyt3\",\"avatar\":\"ninjaboy\",\"rating\":1573,\"seed\":\"sodium,e755d2c6ea436b41160f0c9ac9d16ed7\"}\n>player p2 {\"name\":\"Jack Steel 2000\",\"avatar\":\"riley\",\"rating\":1535,\"seed\":\"sodium,df0ca88e61bc68512f8ef01cd2afe83e\"}\n>p1 move tailglow\n>p2 move agility\n>p1 move tailglow\n>p2 move fierywrath\n>p1 move tailglow\n>p2 move fierywrath\n>p1 move icebeam\n>p2 move fierywrath\n>chat ☆Kilobyt3|...\n>p1 move icebeam\n>p2 move fierywrath\n>p1 switch 5\n>p1 move rockslide\n>p2 switch 2\n>p1 switch 4\n>p2 move earthquake\n>p1 move dragondance\n>p2 switch 6\n>p1 move outrage terastallize\n>p2 move stealthrock\n>p1 move outrage\n>p2 move stoneedge\n>p1 move outrage\n>p2 move stoneedge\n>p2 switch 5\n>p1 move flareblitz\n>p2 move shadowsneak\n>p1 switch 6\n>p1 move ironhead\n>p2 move swordsdance\n>p1 move ironhead\n>p2 move drainpunch terastallize\n>p1 switch 2\n>p1 move powerwhip\n>p2 move shadowsneak\n>p1 switch 3\n>p1 move bodyslam\n>p2 move swordsdance\n>p1 move bodyslam\n>p2 move drainpunch\n>p1 switch 4\n>p1 move rapidspin\n>p2 move drainpunch", "uploadtime": 1771270584, "views": 1, "formatid": "gen9randombattle", "rating": 1551, "private": 0, "password": null}