{"id": "gen9randombattle-2540924800", "format": "[Gen 9] Random Battle", "players": ["ShadeGod", "harrolux"], "log": "|j|☆ShadeGod\n|j|☆harrolux\n|t:|1771267677\n|gametype|singles\n|player|p1|ShadeGod|dragontamer|1677\n|player|p2|harrolux|steven|1671\n|gen|9\n|tier|[Gen 9] Random Battle\n|rated|\n|rule|Species Clause: Limit one of each Pokémon\n|rule|HP Percentage Mod: HP is shown in percentages\n|rule|Sleep Clause Mod: Limit one foe put to sleep\n|rule|Illusion Level Mod: Illusion disguises the Pokémon's true level\n|\n|t:|1771267677\n|teamsize|p1|6\n|teamsize|p2|6\n|start\n|switch|p1a: Bisharp|Bisharp, L79, F|232/232\n|switch|p2a: Mabosstiff|Mabosstiff, L86, M|278/278\n|turn|1\n|\n|t:|1771267690\n|move|p2a: Mabosstiff|Play Rough|p1a: Bisharp\n|-damage|p1a: Bisharp|155/232\n|move|p1a: Bisharp|Iron Head|p2a: Mabosstiff\n|-damage|p2a: Mabosstiff|188/278\n|\n|upkeep\n|turn|2\n|\n|t:|1771267695\n|move|p2a: Mabosstiff|Play Rough|p1a: Bisharp\n|-damage|p1a: Bisharp|74/232\n|move|p1a: Bisharp|Iron Head|p2a: Mabosstiff\n|-damage|p2a: Mabosstiff|97/278\n|\n|upkeep\n|turn|3\n|\n|t:|1771267701\n|move|p2a: Mabosstiff|Play Rough|p1a: Bisharp\n|-damage|p1a: Bisharp|0 fnt\n|faint|p1a: Bisharp\n|\n|upkeep\n|\n|t:|1771267708\n|switch|p1a: Skuntank|Skuntank, L84, M|310/310\n|turn|4\n|\n|t:|1771267710\n|move|p2a: Mabosstiff|Play Rough|p1a: Skuntank\n|-damage|p1a: Skuntank|176/310\n|move|p1a: Skuntank|Gunk Shot|p2a: Mabosstiff|[miss]\n|-miss|p1a: Skuntank|p2a: Mabosstiff\n|\n|upkeep\n|turn|5\n|\n|t:|1771267715\n|move|p2a: Mabosstiff|Play Rough|p1a: Skuntank\n|-damage|p1a: Skuntank|25/310\n|move|p1a: Skuntank|Gunk Shot|p2a: Mabosstiff\n|-damage|p2a: Mabosstiff|0 fnt\n|faint|p2a: Mabosstiff\n|-damage|p1a: Skuntank|0 fnt|[from] item: Life Orb\n|faint|p1a: Skuntank\n|\n|upkeep\n|\n|t:|1771267734\n|switch|p2a: Pincurchin|Pincurchin, F|258/258\n|switch|p1a: Mimikyu|Mimikyu, L79, F|216/216\n|-fieldstart|move: Electric Terrain|[from] ability: Electric Surge|[of] p2a: Pincurchin\n|turn|6\n|\n|t:|1771267740\n|move|p1a: Mimikyu|Swords Dance|p1a: Mimikyu\n|-boost|p1a: Mimikyu|atk|2\n|move|p2a: Pincurchin|Thunderbolt|p1a: Mimikyu\n|-activate|p1a: Mimikyu|ability: Disguise\n|-damage|p1a: Mimikyu|216/216\n|detailschange|p1a: Mimikyu|Mimikyu-Busted, L79, F\n|-damage|p1a: Mimikyu|189/216|[from] pokemon: Mimikyu-Busted\n|\n|upkeep\n|turn|7\n|\n|t:|1771267749\n|move|p1a: Mimikyu|Play Rough|p2a: Pincurchin\n|-damage|p2a: Pincurchin|81/258\n|-damage|p1a: Mimikyu|168/216|[from] item: Life Orb\n|move|p2a: Pincurchin|Thunderbolt|p1a: Mimikyu\n|-damage|p1a: Mimikyu|23/216\n|\n|-heal|p2a: Pincurchin|97/258|[from] item: Leftovers\n|upkeep\n|turn|8\n|\n|t:|1771267759\n|switch|p2a: Metagross|Metagross, L79|256/256\n|move|p1a: Mimikyu|Shadow Sneak|p2a: Metagross\n|-supereffective|p2a: Metagross\n|-damage|p2a: Metagross|113/256\n|-damage|p1a: Mimikyu|2/216|[from] item: Life Orb\n|\n|upkeep\n|turn|9\n|\n|t:|1771267766\n|switch|p2a: Pincurchin|Pincurchin, F|97/258\n|move|p1a: Mimikyu|Shadow Sneak|p2a: Pincurchin\n|-damage|p2a: Pincurchin|19/258\n|-damage|p1a: Mimikyu|0 fnt|[from] item: Life Orb\n|faint|p1a: Mimikyu\n|\n|-heal|p2a: Pincurchin|35/258|[from] item: Leftovers\n|upkeep\n|inactive|Battle timer is ON: inactive players will automatically lose when time's up. (requested by harrolux)\n|\n|t:|1771267800\n|switch|p1a: Staraptor|Staraptor, L79, M|263/263\n|turn|10\n|\n|t:|1771267803\n|move|p1a: Staraptor|U-turn|p2a: Pincurchin\n|-damage|p2a: Pincurchin|0 fnt\n|faint|p2a: Pincurchin\n|\n|t:|1771267807\n|switch|p1a: Oranguru|Oranguru, L92, M|315/315|[from] U-turn\n|\n|-fieldend|move: Electric Terrain\n|upkeep\n|\n|t:|1771267811\n|switch|p2a: Metagross|Metagross, L79|113/256\n|turn|11\n|\n|t:|1771267824\n|move|p1a: Oranguru|Thunderbolt|p2a: Metagross\n|-damage|p2a: Metagross|0 fnt\n|faint|p2a: Metagross\n|\n|upkeep\n|\n|t:|1771267829\n|switch|p2a: Golurk|Golurk, L87|297/297\n|turn|12\n|\n|t:|1771267835\n|switch|p1a: Staraptor|Staraptor, L79, M|263/263\n|move|p2a: Golurk|Dynamic Punch|p1a: Staraptor\n|-damage|p1a: Staraptor|81/263\n|-start|p1a: Staraptor|confusion\n|\n|upkeep\n|turn|13\n|\n|t:|1771267841\n|-activate|p1a: Staraptor|confusion\n|-damage|p1a: Staraptor|45/263|[from] confusion\n|move|p2a: Golurk|Dynamic Punch|p1a: Staraptor\n|-crit|p1a: Staraptor\n|-damage|p1a: Staraptor|0 fnt\n|faint|p1a: Staraptor\n|\n|upkeep\n|\n|t:|1771267848\n|switch|p1a: Oranguru|Oranguru, L92, M|315/315\n|turn|14\n|\n|t:|1771267851\n|move|p1a: Oranguru|Psyshock|p2a: Golurk\n|-damage|p2a: Golurk|156/297\n|move|p2a: Golurk|Dynamic Punch|p1a: Oranguru\n|-damage|p1a: Oranguru|170/315\n|-start|p1a: Oranguru|confusion\n|\n|upkeep\n|turn|15\n|\n|t:|1771267857\n|-activate|p1a: Oranguru|confusion\n|move|p1a: Oranguru|Psyshock|p2a: Golurk\n|-damage|p2a: Golurk|0 fnt\n|faint|p2a: Golurk\n|\n|upkeep\n|\n|t:|1771267869\n|switch|p2a: Iron Valiant|Iron Valiant, L78|244/244\n|turn|16\n|\n|t:|1771267872\n|-terastallize|p2a: Iron Valiant|Dark\n|move|p2a: Iron Valiant|Knock Off|p1a: Oranguru\n|-supereffective|p1a: Oranguru\n|-damage|p1a: Oranguru|0 fnt\n|-enditem|p1a: Oranguru|Choice Specs|[from] move: Knock Off|[of] p2a: Iron Valiant\n|faint|p1a: Oranguru\n|-damage|p2a: Iron Valiant|220/244|[from] item: Life Orb\n|\n|upkeep\n|\n|t:|1771267875\n|switch|p1a: Archaludon|Archaludon, L78, F|268/268\n|turn|17\n|\n|t:|1771267887\n|move|p2a: Iron Valiant|Close Combat|p1a: Archaludon\n|-supereffective|p1a: Archaludon\n|-damage|p1a: Archaludon|3/268\n|-unboost|p2a: Iron Valiant|def|1\n|-unboost|p2a: Iron Valiant|spd|1\n|-ability|p1a: Archaludon|Stamina|boost\n|-boost|p1a: Archaludon|def|1\n|-damage|p2a: Iron Valiant|196/244|[from] item: Life Orb\n|move|p1a: Archaludon|Outrage|p2a: Iron Valiant\n|-damage|p2a: Iron Valiant|7/244\n|\n|upkeep\n|turn|18\n|\n|t:|1771267898\n|move|p2a: Iron Valiant|Knock Off|p1a: Archaludon\n|-damage|p1a: Archaludon|0 fnt\n|-enditem|p1a: Archaludon|Lum Berry|[from] move: Knock Off|[of] p2a: Iron Valiant\n|faint|p1a: Archaludon\n|-damage|p2a: Iron Valiant|0 fnt|[from] item: Life Orb\n|faint|p2a: Iron Valiant\n|-end|p2a: Iron Valiant|Quark Drive|[silent]\n|\n|win|harrolux\n|raw|ShadeGod's rating: 1677 &rarr; <strong>1657</strong><br />(-20 for losing)\n|raw|harrolux's rating: 1671 &rarr; <strong>1691</strong><br />(+20 for winning)\n|l|☆harrolux\n|player|p2|\n", "inputlog": ">version 686819e5e19f8a7fd2345cfc5a08a5085efa2cc3\n>start {\"formatid\":\"gen9randombattle\",\"seed\":\"sodium,9255407bcf4c581ae35bd014e0a14eec\",\"rated\":\"Rated battle\"}\n>player p1 {\"name\":\"ShadeGod\",\"avatar\":\"dragontamer\",\"rating\":1677,\"seed\":\"sodium,f9764863f92a8246139c20b3644e8116\"}\n>player p2 {\"name\":\"harrolux\",\"avatar\":\"steven\",\"rating\":1671,\"seed\":\"sodium,ec92720255720f123c2345c5cee04427\"}\n>p1 move ironhead\n>p2 move playrough\n>p1 move ironhead\n>p2 move playrough\n>p1 move ironhead\n>p2 move playrough\n>p1 switch 5\n>p1 move gunkshot\n>p2 move playrough\n>p1 move gunkshot\n>p2 move playrough\n>p1 switch 3\n>p2 switch 6\n>p1 move swordsdance\n>p2 move thunderbolt\n>p1 move playrough\n>p2 move thunderbolt\n>p1 move shadowsneak\n>p2 switch 5\n>p1 move shadowsneak\n>p2 switch 5\n>p1 switch 6\n>p1 move uturn\n>p2 move scald\n>p1 switch 2\n>p2 switch 5\n>p1 move thunderbolt\n>p2 move knockoff\n>p2 switch 4\n>p1 switch 2\n>p2 move dynamicpunch\n>p1 move bravebird\n>p2 move dynamicpunch\n>p1 switch 2\n>p1 move psyshock\n>p2 move dynamicpunch\n>p1 move psyshock\n>p2 move dynamicpunch\n>p2 switch 2\n>p1 move psyshock\n>p2 move knockoff terastallize\n>p1 switch 4\n>p1 move outrage\n>p2 move closecombat\n>p1 move outrage\n>p2 move knockoff", "uploadtime": 1771267902, "views": 1, "formatid": "gen9randombattle", "rating": 1657, "private": 0, "password": null}