{"id": "gen9randombattle-2540876495", "format": "[Gen 9] Random Battle", "players": ["T0fyl", "Donchaknow"], "log": "|j|☆T0fyl\n|j|☆Donchaknow\n|t:|1771263030\n|gametype|singles\n|player|p1|T0fyl|169|1556\n|player|p2|Donchaknow|265|1579\n|gen|9\n|tier|[Gen 9] Random Battle\n|rated|\n|rule|Species Clause: Limit one of each Pokémon\n|rule|HP Percentage Mod: HP is shown in percentages\n|rule|Sleep Clause Mod: Limit one foe put to sleep\n|rule|Illusion Level Mod: Illusion disguises the Pokémon's true level\n|\n|t:|1771263030\n|teamsize|p1|6\n|teamsize|p2|6\n|start\n|switch|p1a: Pecharunt|Pecharunt, L77|262/262\n|switch|p2a: Arceus|Arceus-Fighting, L70|284/284\n|turn|1\n|inactive|Battle timer is ON: inactive players will automatically lose when time's up. (requested by Donchaknow)\n|\n|t:|1771263061\n|-terastallize|p2a: Arceus|Steel\n|move|p2a: Arceus|Cosmic Power|p2a: Arceus\n|-boost|p2a: Arceus|def|1\n|-boost|p2a: Arceus|spd|1\n|move|p1a: Pecharunt|Malignant Chain|p2a: Arceus\n|-immune|p2a: Arceus\n|\n|upkeep\n|turn|2\n|l|☆Donchaknow\n|inactive|Donchaknow disconnected and has a minute to reconnect!\n|player|p2|\n|j|☆Donchaknow\n|inactive|Donchaknow reconnected and has 135 seconds left.\n|player|p2|Donchaknow|265|\n|\n|t:|1771263090\n|switch|p1a: Uxie|Uxie, L83|260/260\n|move|p2a: Arceus|Cosmic Power|p2a: Arceus\n|-boost|p2a: Arceus|def|1\n|-boost|p2a: Arceus|spd|1\n|\n|upkeep\n|turn|3\n|\n|t:|1771263101\n|move|p2a: Arceus|Cosmic Power|p2a: Arceus\n|-boost|p2a: Arceus|def|1\n|-boost|p2a: Arceus|spd|1\n|move|p1a: Uxie|Encore|p2a: Arceus\n|-start|p2a: Arceus|Encore\n|\n|upkeep\n|turn|4\n|\n|t:|1771263109\n|move|p2a: Arceus|Cosmic Power|p2a: Arceus\n|-boost|p2a: Arceus|def|1\n|-boost|p2a: Arceus|spd|1\n|move|p1a: Uxie|Thunder Wave|p2a: Arceus\n|-status|p2a: Arceus|par\n|\n|upkeep\n|turn|5\n|\n|t:|1771263121\n|move|p1a: Uxie|Psychic Noise|p2a: Arceus\n|-resisted|p2a: Arceus\n|-damage|p2a: Arceus|272/284 par\n|-start|p2a: Arceus|move: Heal Block\n|move|p2a: Arceus|Cosmic Power|p2a: Arceus\n|-boost|p2a: Arceus|def|1\n|-boost|p2a: Arceus|spd|1\n|\n|upkeep\n|turn|6\n|\n|t:|1771263133\n|move|p1a: Uxie|Knock Off|p2a: Arceus\n|-damage|p2a: Arceus|262/284 par\n|move|p2a: Arceus|Cosmic Power|p2a: Arceus\n|-boost|p2a: Arceus|def|1\n|-boost|p2a: Arceus|spd|1\n|\n|-end|p2a: Arceus|Encore\n|-end|p2a: Arceus|move: Heal Block\n|upkeep\n|turn|7\n|\n|t:|1771263142\n|move|p1a: Uxie|Encore|p2a: Arceus\n|-start|p2a: Arceus|Encore\n|move|p2a: Arceus|Cosmic Power|p2a: Arceus\n|-boost|p2a: Arceus|def|0\n|-boost|p2a: Arceus|spd|0\n|\n|upkeep\n|turn|8\n|\n|t:|1771263150\n|move|p1a: Uxie|Knock Off|p2a: Arceus\n|-damage|p2a: Arceus|251/284 par\n|move|p2a: Arceus|Cosmic Power|p2a: Arceus\n|-boost|p2a: Arceus|def|0\n|-boost|p2a: Arceus|spd|0\n|\n|upkeep\n|turn|9\n|\n|t:|1771263157\n|move|p1a: Uxie|Knock Off|p2a: Arceus\n|-damage|p2a: Arceus|242/284 par\n|cant|p2a: Arceus|par\n|\n|-end|p2a: Arceus|Encore\n|upkeep\n|turn|10\n|\n|t:|1771263165\n|move|p1a: Uxie|Encore|p2a: Arceus\n|-start|p2a: Arceus|Encore\n|move|p2a: Arceus|Cosmic Power|p2a: Arceus\n|-boost|p2a: Arceus|def|0\n|-boost|p2a: Arceus|spd|0\n|\n|upkeep\n|turn|11\n|\n|t:|1771263172\n|move|p1a: Uxie|Knock Off|p2a: Arceus\n|-damage|p2a: Arceus|233/284 par\n|move|p2a: Arceus|Cosmic Power|p2a: Arceus\n|-boost|p2a: Arceus|def|0\n|-boost|p2a: Arceus|spd|0\n|\n|upkeep\n|turn|12\n|\n|t:|1771263183\n|move|p1a: Uxie|Psychic Noise|p2a: Arceus\n|-resisted|p2a: Arceus\n|-damage|p2a: Arceus|226/284 par\n|-start|p2a: Arceus|move: Heal Block\n|move|p2a: Arceus|Cosmic Power|p2a: Arceus\n|-boost|p2a: Arceus|def|0\n|-boost|p2a: Arceus|spd|0\n|\n|-end|p2a: Arceus|Encore\n|upkeep\n|turn|13\n|\n|t:|1771263195\n|move|p1a: Uxie|Encore|p2a: Arceus\n|-start|p2a: Arceus|Encore\n|move|p2a: Arceus|Cosmic Power|p2a: Arceus\n|-boost|p2a: Arceus|def|0\n|-boost|p2a: Arceus|spd|0\n|\n|-end|p2a: Arceus|move: Heal Block\n|upkeep\n|turn|14\n|\n|t:|1771263209\n|switch|p1a: Piloswine|Piloswine, L85, M|309/309\n|cant|p2a: Arceus|par\n|\n|upkeep\n|turn|15\n|\n|t:|1771263216\n|move|p1a: Piloswine|Earthquake|p2a: Arceus\n|-supereffective|p2a: Arceus\n|-damage|p2a: Arceus|172/284 par\n|move|p2a: Arceus|Cosmic Power|p2a: Arceus\n|-boost|p2a: Arceus|def|0\n|-boost|p2a: Arceus|spd|0\n|\n|-end|p2a: Arceus|Encore\n|upkeep\n|turn|16\n|\n|t:|1771263231\n|switch|p1a: Luvdisc|Luvdisc, M|247/247\n|move|p2a: Arceus|Stored Power|p1a: Luvdisc\n|-damage|p1a: Luvdisc|73/247\n|\n|upkeep\n|turn|17\n|\n|t:|1771263239\n|move|p1a: Luvdisc|Endeavor|p2a: Arceus\n|-damage|p2a: Arceus|73/284 par\n|move|p2a: Arceus|Recover|p2a: Arceus\n|-heal|p2a: Arceus|215/284 par\n|\n|upkeep\n|turn|18\n|\n|t:|1771263246\n|move|p1a: Luvdisc|Endeavor|p2a: Arceus\n|-damage|p2a: Arceus|73/284 par\n|move|p2a: Arceus|Stored Power|p1a: Luvdisc\n|-damage|p1a: Luvdisc|0 fnt\n|faint|p1a: Luvdisc\n|\n|upkeep\n|l|☆T0fyl\n|inactive|T0fyl disconnected and has a minute to reconnect!\n|player|p1|\n|j|☆T0fyl\n|inactive|T0fyl reconnected and has 130 seconds left.\n|player|p1|T0fyl|roughneck|\n|inactive|T0fyl has 120 seconds left.\n|l|☆T0fyl\n|inactive|T0fyl disconnected and has a minute to reconnect!\n|player|p1|\n|j|☆T0fyl\n|inactive|T0fyl reconnected and has 80 seconds left.\n|player|p1|T0fyl|roughneck|\n|\n|t:|1771263321\n|switch|p1a: Uxie|Uxie, L83|260/260\n|turn|19\n|\n|t:|1771263333\n|move|p1a: Uxie|Encore|p2a: Arceus\n|-start|p2a: Arceus|Encore\n|move|p2a: Arceus|Stored Power|p1a: Uxie\n|-resisted|p1a: Uxie\n|-damage|p1a: Uxie|201/260\n|\n|-heal|p1a: Uxie|217/260|[from] item: Leftovers\n|upkeep\n|turn|20\n|\n|t:|1771263342\n|move|p1a: Uxie|Knock Off|p2a: Arceus\n|-damage|p2a: Arceus|63/284 par\n|move|p2a: Arceus|Stored Power|p1a: Uxie\n|-resisted|p1a: Uxie\n|-damage|p1a: Uxie|163/260\n|\n|-heal|p1a: Uxie|179/260|[from] item: Leftovers\n|upkeep\n|turn|21\n|inactive|T0fyl has 90 seconds left.\n|\n|t:|1771263353\n|move|p1a: Uxie|Psychic Noise|p2a: Arceus\n|-resisted|p2a: Arceus\n|-damage|p2a: Arceus|56/284 par\n|-start|p2a: Arceus|move: Heal Block\n|move|p2a: Arceus|Stored Power|p1a: Uxie\n|-resisted|p1a: Uxie\n|-damage|p1a: Uxie|123/260\n|\n|-heal|p1a: Uxie|139/260|[from] item: Leftovers\n|-end|p2a: Arceus|Encore\n|upkeep\n|turn|22\n|inactive|T0fyl has 90 seconds left.\n|\n|t:|1771263366\n|move|p1a: Uxie|Encore|p2a: Arceus\n|-start|p2a: Arceus|Encore\n|cant|p2a: Arceus|par\n|\n|-heal|p1a: Uxie|155/260|[from] item: Leftovers\n|-end|p2a: Arceus|move: Heal Block\n|upkeep\n|turn|23\n|inactive|T0fyl has 90 seconds left.\n|\n|t:|1771263375\n|move|p1a: Uxie|Knock Off|p2a: Arceus\n|-damage|p2a: Arceus|46/284 par\n|cant|p2a: Arceus|par\n|\n|-heal|p1a: Uxie|171/260|[from] item: Leftovers\n|upkeep\n|turn|24\n|\n|t:|1771263382\n|move|p1a: Uxie|Psychic Noise|p2a: Arceus\n|-resisted|p2a: Arceus\n|-damage|p2a: Arceus|38/284 par\n|-start|p2a: Arceus|move: Heal Block\n|move|p2a: Arceus|Stored Power|p1a: Uxie\n|-resisted|p1a: Uxie\n|-damage|p1a: Uxie|118/260\n|\n|-heal|p1a: Uxie|134/260|[from] item: Leftovers\n|-end|p2a: Arceus|Encore\n|upkeep\n|turn|25\n|\n|t:|1771263394\n|move|p1a: Uxie|Encore|p2a: Arceus\n|-start|p2a: Arceus|Encore\n|move|p2a: Arceus|Stored Power|p1a: Uxie\n|-resisted|p1a: Uxie\n|-damage|p1a: Uxie|76/260\n|\n|-heal|p1a: Uxie|92/260|[from] item: Leftovers\n|-end|p2a: Arceus|move: Heal Block\n|upkeep\n|turn|26\n|\n|t:|1771263404\n|move|p1a: Uxie|Knock Off|p2a: Arceus\n|-damage|p2a: Arceus|28/284 par\n|move|p2a: Arceus|Stored Power|p1a: Uxie\n|-resisted|p1a: Uxie\n|-damage|p1a: Uxie|38/260\n|\n|-heal|p1a: Uxie|54/260|[from] item: Leftovers\n|upkeep\n|turn|27\n|\n|t:|1771263413\n|move|p1a: Uxie|Psychic Noise|p2a: Arceus\n|-resisted|p2a: Arceus\n|-damage|p2a: Arceus|20/284 par\n|-start|p2a: Arceus|move: Heal Block\n|move|p2a: Arceus|Stored Power|p1a: Uxie\n|-resisted|p1a: Uxie\n|-damage|p1a: Uxie|0 fnt\n|faint|p1a: Uxie\n|\n|-end|p2a: Arceus|Encore\n|upkeep\n|\n|t:|1771263426\n|switch|p1a: Piloswine|Piloswine, L85, M|309/309\n|turn|28\n|\n|t:|1771263434\n|move|p1a: Piloswine|Earthquake|p2a: Arceus\n|-supereffective|p2a: Arceus\n|-damage|p2a: Arceus|0 fnt\n|faint|p2a: Arceus\n|\n|upkeep\n|\n|t:|1771263440\n|switch|p2a: Feraligatr|Feraligatr, L79, F|264/264\n|turn|29\n|\n|t:|1771263447\n|move|p2a: Feraligatr|Dragon Dance|p2a: Feraligatr\n|-boost|p2a: Feraligatr|atk|1\n|-boost|p2a: Feraligatr|spe|1\n|move|p1a: Piloswine|Roar|p2a: Feraligatr\n|drag|p2a: Lapras|Lapras, L87, M|368/368\n|\n|upkeep\n|turn|30\n|inactive|T0fyl has 120 seconds left.\n|\n|t:|1771263458\n|switch|p1a: Ampharos|Ampharos, L88, F|302/302\n|move|p2a: Lapras|Sparkling Aria|p1a: Ampharos\n|-damage|p1a: Ampharos|223/302\n|\n|upkeep\n|turn|31\n|inactive|T0fyl has 120 seconds left.\n|\n|t:|1771263466\n|switch|p2a: Donphan|Donphan, L84, F|288/288\n|move|p1a: Ampharos|Thunderbolt|p2a: Donphan\n|-immune|p2a: Donphan\n|\n|upkeep\n|turn|32\n|inactive|T0fyl has 120 seconds left.\n|\n|t:|1771263486\n|switch|p1a: Pecharunt|Pecharunt, L77|262/262\n|move|p2a: Donphan|Stealth Rock|p1a: Pecharunt\n|-sidestart|p1: T0fyl|move: Stealth Rock\n|\n|upkeep\n|turn|33\n|inactive|T0fyl has 120 seconds left.\n|\n|t:|1771263498\n|-terastallize|p1a: Pecharunt|Dark\n|move|p1a: Pecharunt|Malignant Chain|p2a: Donphan\n|-resisted|p2a: Donphan\n|-damage|p2a: Donphan|235/288\n|move|p2a: Donphan|Earthquake|p1a: Pecharunt\n|-damage|p1a: Pecharunt|169/262\n|\n|-heal|p1a: Pecharunt|185/262|[from] item: Leftovers\n|-heal|p2a: Donphan|253/288|[from] item: Leftovers\n|upkeep\n|turn|34\n|inactive|T0fyl has 120 seconds left.\n|\n|t:|1771263509\n|move|p1a: Pecharunt|Malignant Chain|p2a: Donphan\n|-resisted|p2a: Donphan\n|-crit|p2a: Donphan\n|-damage|p2a: Donphan|171/288\n|move|p2a: Donphan|Knock Off|p1a: Pecharunt\n|-resisted|p1a: Pecharunt\n|-damage|p1a: Pecharunt|156/262\n|-enditem|p1a: Pecharunt|Leftovers|[from] move: Knock Off|[of] p2a: Donphan\n|\n|-heal|p2a: Donphan|189/288|[from] item: Leftovers\n|upkeep\n|turn|35\n|inactive|T0fyl has 120 seconds left.\n|\n|t:|1771263520\n|move|p1a: Pecharunt|Nasty Plot|p1a: Pecharunt\n|-boost|p1a: Pecharunt|spa|2\n|move|p2a: Donphan|Earthquake|p1a: Pecharunt\n|-damage|p1a: Pecharunt|69/262\n|\n|-heal|p2a: Donphan|207/288|[from] item: Leftovers\n|upkeep\n|turn|36\n|inactive|T0fyl has 120 seconds left.\n|\n|t:|1771263528\n|move|p1a: Pecharunt|Recover|p1a: Pecharunt\n|-heal|p1a: Pecharunt|200/262\n|move|p2a: Donphan|Earthquake|p1a: Pecharunt\n|-crit|p1a: Pecharunt\n|-damage|p1a: Pecharunt|67/262\n|\n|-heal|p2a: Donphan|225/288|[from] item: Leftovers\n|upkeep\n|turn|37\n|\n|t:|1771263540\n|move|p1a: Pecharunt|Recover|p1a: Pecharunt\n|-heal|p1a: Pecharunt|198/262\n|move|p2a: Donphan|Earthquake|p1a: Pecharunt\n|-damage|p1a: Pecharunt|120/262\n|\n|-heal|p2a: Donphan|243/288|[from] item: Leftovers\n|upkeep\n|turn|38\n|\n|t:|1771263548\n|move|p1a: Pecharunt|Recover|p1a: Pecharunt\n|-heal|p1a: Pecharunt|251/262\n|move|p2a: Donphan|Earthquake|p1a: Pecharunt\n|-damage|p1a: Pecharunt|170/262\n|\n|-heal|p2a: Donphan|261/288|[from] item: Leftovers\n|upkeep\n|turn|39\n|\n|t:|1771263556\n|move|p1a: Pecharunt|Malignant Chain|p2a: Donphan\n|-resisted|p2a: Donphan\n|-damage|p2a: Donphan|144/288\n|move|p2a: Donphan|Earthquake|p1a: Pecharunt\n|-damage|p1a: Pecharunt|86/262\n|\n|-heal|p2a: Donphan|162/288|[from] item: Leftovers\n|upkeep\n|turn|40\n|\n|t:|1771263575\n|move|p1a: Pecharunt|Recover|p1a: Pecharunt\n|-heal|p1a: Pecharunt|217/262\n|move|p2a: Donphan|Earthquake|p1a: Pecharunt\n|-damage|p1a: Pecharunt|130/262\n|\n|-heal|p2a: Donphan|180/288|[from] item: Leftovers\n|upkeep\n|turn|41\n|\n|t:|1771263583\n|move|p1a: Pecharunt|Recover|p1a: Pecharunt\n|-heal|p1a: Pecharunt|261/262\n|move|p2a: Donphan|Earthquake|p1a: Pecharunt\n|-damage|p1a: Pecharunt|179/262\n|\n|-heal|p2a: Donphan|198/288|[from] item: Leftovers\n|upkeep\n|turn|42\n|\n|t:|1771263591\n|move|p1a: Pecharunt|Malignant Chain|p2a: Donphan\n|-resisted|p2a: Donphan\n|-damage|p2a: Donphan|98/288\n|-status|p2a: Donphan|tox\n|-start|p2a: Donphan|confusion|[from] ability: Poison Puppeteer|[of] p1a: Pecharunt\n|-activate|p2a: Donphan|confusion\n|-damage|p2a: Donphan|70/288 tox|[from] confusion\n|\n|-heal|p2a: Donphan|88/288 tox|[from] item: Leftovers\n|-damage|p2a: Donphan|70/288 tox|[from] psn\n|upkeep\n|turn|43\n|c|☆T0fyl|Finaly\n|\n|t:|1771263616\n|move|p1a: Pecharunt|Shadow Ball|p2a: Donphan\n|-damage|p2a: Donphan|0 fnt\n|faint|p2a: Donphan\n|\n|upkeep\n|\n|t:|1771263621\n|switch|p2a: Regieleki|Regieleki, L79|256/256\n|turn|44\n|\n|t:|1771263629\n|switch|p2a: Lapras|Lapras, L87, M|368/368\n|move|p1a: Pecharunt|Recover|p1a: Pecharunt\n|-heal|p1a: Pecharunt|262/262\n|\n|upkeep\n|turn|45\n|\n|t:|1771263640\n|move|p1a: Pecharunt|Malignant Chain|p2a: Lapras\n|-crit|p2a: Lapras\n|-damage|p2a: Lapras|149/368\n|-status|p2a: Lapras|tox\n|-start|p2a: Lapras|confusion|[from] ability: Poison Puppeteer|[of] p1a: Pecharunt\n|-activate|p2a: Lapras|confusion\n|move|p2a: Lapras|Sparkling Aria|p1a: Pecharunt\n|-damage|p1a: Pecharunt|159/262\n|\n|-damage|p2a: Lapras|126/368 tox|[from] psn\n|upkeep\n|turn|46\n|\n|t:|1771263659\n|move|p1a: Pecharunt|Recover|p1a: Pecharunt\n|-heal|p1a: Pecharunt|262/262\n|-activate|p2a: Lapras|confusion\n|move|p2a: Lapras|Sparkling Aria|p1a: Pecharunt\n|-damage|p1a: Pecharunt|165/262\n|\n|-damage|p2a: Lapras|80/368 tox|[from] psn\n|upkeep\n|turn|47\n|\n|t:|1771263671\n|move|p1a: Pecharunt|Shadow Ball|p2a: Lapras\n|-damage|p2a: Lapras|0 fnt\n|faint|p2a: Lapras\n|\n|upkeep\n|\n|t:|1771263679\n|switch|p2a: Ursaring|Ursaring, L84, F|288/288\n|turn|48\n|\n|t:|1771263684\n|move|p1a: Pecharunt|Malignant Chain|p2a: Ursaring\n|-damage|p2a: Ursaring|173/288\n|move|p2a: Ursaring|Body Slam|p1a: Pecharunt\n|-damage|p1a: Pecharunt|84/262\n|\n|upkeep\n|turn|49\n|\n|t:|1771263698\n|move|p1a: Pecharunt|Recover|p1a: Pecharunt\n|-heal|p1a: Pecharunt|215/262\n|move|p2a: Ursaring|Body Slam|p1a: Pecharunt\n|-damage|p1a: Pecharunt|139/262\n|\n|upkeep\n|turn|50\n|\n|t:|1771263710\n|move|p1a: Pecharunt|Nasty Plot|p1a: Pecharunt\n|-boost|p1a: Pecharunt|spa|2\n|move|p2a: Ursaring|Body Slam|p1a: Pecharunt\n|-damage|p1a: Pecharunt|58/262\n|-status|p1a: Pecharunt|par\n|\n|upkeep\n|turn|51\n|\n|t:|1771263719\n|move|p2a: Ursaring|Body Slam|p1a: Pecharunt\n|-damage|p1a: Pecharunt|0 fnt\n|faint|p1a: Pecharunt\n|\n|upkeep\n|\n|t:|1771263726\n|switch|p1a: Piloswine|Piloswine, L85, M|309/309\n|-damage|p1a: Piloswine|271/309|[from] Stealth Rock\n|turn|52\n|\n|t:|1771263731\n|move|p2a: Ursaring|Rest|p2a: Ursaring\n|-status|p2a: Ursaring|slp|[from] move: Rest\n|-heal|p2a: Ursaring|288/288 slp|[silent]\n|move|p1a: Piloswine|Stealth Rock|p2a: Ursaring\n|-sidestart|p2: Donchaknow|move: Stealth Rock\n|\n|upkeep\n|turn|53\n|\n|t:|1771263747\n|switch|p1a: Ampharos|Ampharos, L88, F|223/302\n|-damage|p1a: Ampharos|186/302|[from] Stealth Rock\n|cant|p2a: Ursaring|slp\n|move|p2a: Ursaring|Sleep Talk|p2a: Ursaring\n|move|p2a: Ursaring|Rest||[from] move: Sleep Talk|[still]\n|-fail|p2a: Ursaring\n|\n|upkeep\n|turn|54\n|\n|t:|1771263759\n|move|p1a: Ampharos|Thunderbolt|p2a: Ursaring\n|-damage|p2a: Ursaring|146/288 slp\n|cant|p2a: Ursaring|slp\n|move|p2a: Ursaring|Sleep Talk|p2a: Ursaring\n|move|p2a: Ursaring|Body Slam|p1a: Ampharos|[from] move: Sleep Talk\n|-damage|p1a: Ampharos|17/302\n|\n|upkeep\n|turn|55\n|\n|t:|1771263769\n|move|p1a: Ampharos|Thunderbolt|p2a: Ursaring\n|-damage|p2a: Ursaring|1/288 slp\n|-curestatus|p2a: Ursaring|slp|[msg]\n|move|p2a: Ursaring|Body Slam|p1a: Ampharos\n|-damage|p1a: Ampharos|0 fnt\n|faint|p1a: Ampharos\n|\n|upkeep\n|\n|t:|1771263778\n|switch|p1a: Piloswine|Piloswine, L85, M|271/309\n|-damage|p1a: Piloswine|233/309|[from] Stealth Rock\n|turn|56\n|\n|t:|1771263790\n|move|p2a: Ursaring|Body Slam|p1a: Piloswine\n|-damage|p1a: Piloswine|149/309\n|move|p1a: Piloswine|Earthquake|p2a: Ursaring\n|-damage|p2a: Ursaring|0 fnt\n|faint|p2a: Ursaring\n|\n|upkeep\n|\n|t:|1771263797\n|switch|p2a: Feraligatr|Feraligatr, L79, F|264/264\n|-damage|p2a: Feraligatr|231/264|[from] Stealth Rock\n|turn|57\n|\n|t:|1771263804\n|move|p2a: Feraligatr|Dragon Dance|p2a: Feraligatr\n|-boost|p2a: Feraligatr|atk|1\n|-boost|p2a: Feraligatr|spe|1\n|move|p1a: Piloswine|Earthquake|p2a: Feraligatr\n|-crit|p2a: Feraligatr\n|-damage|p2a: Feraligatr|78/264\n|\n|upkeep\n|turn|58\n|\n|t:|1771263812\n|move|p2a: Feraligatr|Liquidation|p1a: Piloswine\n|-supereffective|p1a: Piloswine\n|-damage|p1a: Piloswine|0 fnt\n|faint|p1a: Piloswine\n|\n|upkeep\n|\n|t:|1771263817\n|switch|p1a: Regieleki|Regieleki, L79|256/256\n|-damage|p1a: Regieleki|224/256|[from] Stealth Rock\n|turn|59\n|\n|t:|1771263828\n|move|p1a: Regieleki|Thunderbolt|p2a: Feraligatr\n|-supereffective|p2a: Feraligatr\n|-damage|p2a: Feraligatr|0 fnt\n|faint|p2a: Feraligatr\n|\n|upkeep\n|\n|t:|1771263833\n|switch|p2a: Regieleki|Regieleki, L79|256/256\n|-damage|p2a: Regieleki|224/256|[from] Stealth Rock\n|turn|60\n|\n|t:|1771263840\n|move|p2a: Regieleki|Rapid Spin|p1a: Regieleki\n|-damage|p1a: Regieleki|176/256\n|-boost|p2a: Regieleki|spe|1\n|-sideend|p2: Donchaknow|Stealth Rock|[from] move: Rapid Spin|[of] p2a: Regieleki\n|move|p1a: Regieleki|Thunderbolt|p2a: Regieleki\n|-resisted|p2a: Regieleki\n|-damage|p2a: Regieleki|125/256\n|\n|upkeep\n|turn|61\n|\n|t:|1771263849\n|move|p2a: Regieleki|Thunderbolt|p1a: Regieleki\n|-resisted|p1a: Regieleki\n|-damage|p1a: Regieleki|77/256\n|move|p1a: Regieleki|Rapid Spin|p2a: Regieleki\n|-damage|p2a: Regieleki|75/256\n|-boost|p1a: Regieleki|spe|1\n|-sideend|p1: T0fyl|Stealth Rock|[from] move: Rapid Spin|[of] p1a: Regieleki\n|\n|upkeep\n|turn|62\n|\n|t:|1771263859\n|move|p2a: Regieleki|Thunderbolt|p1a: Regieleki\n|-resisted|p1a: Regieleki\n|-damage|p1a: Regieleki|0 fnt\n|faint|p1a: Regieleki\n|\n|win|Donchaknow\n|raw|T0fyl's rating: 1556 &rarr; <strong>1537</strong><br />(-19 for losing)\n|raw|Donchaknow's rating: 1579 &rarr; <strong>1598</strong><br />(+19 for winning)\n|c|☆Donchaknow|Gg\n", "inputlog": ">version 686819e5e19f8a7fd2345cfc5a08a5085efa2cc3\n>start {\"formatid\":\"gen9randombattle\",\"seed\":\"sodium,80e87bd9ca05cd734f4bc9b605bc275a\",\"rated\":\"Rated battle\"}\n>player p1 {\"name\":\"T0fyl\",\"avatar\":\"169\",\"rating\":1556,\"seed\":\"sodium,bc5a9a0c09af663206e4ad5d3faf1f84\"}\n>player p2 {\"name\":\"Donchaknow\",\"avatar\":\"265\",\"rating\":1579,\"seed\":\"sodium,46a4c17569a6c4e6539d581be4bd8943\"}\n>p1 move malignantchain\n>p2 move cosmicpower terastallize\n>p1 switch 4\n>p2 move cosmicpower\n>p1 move encore\n>p2 move cosmicpower\n>p1 move thunderwave\n>p2 move cosmicpower\n>p1 move psychicnoise\n>p2 move cosmicpower\n>p1 move knockoff\n>p2 move cosmicpower\n>p1 move encore\n>p2 move storedpower\n>p1 move knockoff\n>p2 move cosmicpower\n>p1 move knockoff\n>p2 move cosmicpower\n>p1 move encore\n>p2 move cosmicpower\n>p1 move knockoff\n>p2 move cosmicpower\n>p1 move psychicnoise\n>p2 move cosmicpower\n>p1 move encore\n>p2 move cosmicpower\n>p1 switch 2\n>p2 move cosmicpower\n>p1 move earthquake\n>p2 move cosmicpower\n>p1 switch 3\n>p2 move storedpower\n>p1 move endeavor\n>p2 move recover\n>p1 move endeavor\n>p2 move storedpower\n>p1 switch 2\n>p1 move encore\n>p2 move storedpower\n>p1 move knockoff\n>p2 move storedpower\n>p1 move psychicnoise\n>p2 move storedpower\n>p1 move encore\n>p2 move storedpower\n>p1 move knockoff\n>p2 move storedpower\n>p1 move psychicnoise\n>p2 move storedpower\n>p1 move encore\n>p2 move storedpower\n>p1 move knockoff\n>p2 move storedpower\n>p1 move psychicnoise\n>p2 move storedpower\n>p1 switch 3\n>p1 move earthquake\n>p2 move bodypress\n>p2 switch 5\n>p1 move roar\n>p2 move dragondance\n>p1 switch 5\n>p2 move sparklingaria\n>p1 move thunderbolt\n>p2 switch 4\n>p1 switch 4\n>p2 move stealthrock\n>p1 move malignantchain terastallize\n>p2 move earthquake\n>p1 move malignantchain\n>p2 move knockoff\n>p1 move nastyplot\n>p2 move earthquake\n>p1 move recover\n>p2 move earthquake\n>p1 move recover\n>p2 move earthquake\n>p1 move recover\n>p2 move earthquake\n>p1 move malignantchain\n>p2 move earthquake\n>p1 move recover\n>p2 move earthquake\n>p1 move recover\n>p2 move earthquake\n>p1 move malignantchain\n>p2 move earthquake\n>chat ☆T0fyl|Finaly\n>p1 move shadowball\n>p2 move earthquake\n>p2 switch 3\n>p1 move recover\n>p2 switch 4\n>p1 move malignantchain\n>p2 move sparklingaria\n>p1 move recover\n>p2 move sparklingaria\n>p1 move shadowball\n>p2 move sparklingaria\n>p2 switch 2\n>p1 move malignantchain\n>p2 move bodyslam\n>p1 move recover\n>p2 move bodyslam\n>p1 move nastyplot\n>p2 move bodyslam\n>p1 move malignantchain\n>p2 move bodyslam\n>p1 switch 5\n>p1 move stealthrock\n>p2 move rest\n>p1 switch 4\n>p2 move sleeptalk\n>p1 move thunderbolt\n>p2 move sleeptalk\n>p1 move thunderbolt\n>p2 move bodyslam\n>p1 switch 4\n>p1 move earthquake\n>p2 move bodyslam\n>p2 switch 6\n>p1 move earthquake\n>p2 move dragondance\n>p1 move roar\n>p2 move liquidation\n>p1 switch 6\n>p1 move thunderbolt\n>p2 move liquidation\n>p2 switch 4\n>p1 move thunderbolt\n>p2 move rapidspin\n>p1 move rapidspin\n>p2 move thunderbolt\n>p1 move thunderbolt\n>p2 move thunderbolt", "uploadtime": 1771263877, "views": 8, "formatid": "gen9randombattle", "rating": 1537, "private": 0, "password": null}