{"id": "gen9randombattle-2540631356", "format": "[Gen 9] Random Battle", "players": ["Hihylive1", "wheeeeeez"], "log": "|j|☆Hihylive1\n|j|☆wheeeeeez\n|t:|1771230765\n|gametype|singles\n|player|p1|Hihylive1|flannery|1790\n|player|p2|wheeeeeez|swimmer|1831\n|gen|9\n|tier|[Gen 9] Random Battle\n|rated|\n|rule|Species Clause: Limit one of each Pokémon\n|rule|HP Percentage Mod: HP is shown in percentages\n|rule|Sleep Clause Mod: Limit one foe put to sleep\n|rule|Illusion Level Mod: Illusion disguises the Pokémon's true level\n|\n|t:|1771230765\n|teamsize|p1|6\n|teamsize|p2|6\n|start\n|switch|p1a: Slowbro|Slowbro, L85, M|300/300\n|switch|p2a: Eternatus|Eternatus, L69|308/308\n|-ability|p2a: Eternatus|Pressure\n|turn|1\n|inactive|Battle timer is ON: inactive players will automatically lose when time's up. (requested by wheeeeeez)\n|\n|t:|1771230784\n|switch|p2a: Wo-Chien|Wo-Chien, L83|277/277\n|-ability|p2a: Wo-Chien|Tablets of Ruin\n|move|p1a: Slowbro|Scald|p2a: Wo-Chien\n|-resisted|p2a: Wo-Chien\n|-damage|p2a: Wo-Chien|245/277\n|\n|-heal|p2a: Wo-Chien|262/277|[from] item: Leftovers\n|upkeep\n|turn|2\n|\n|t:|1771230797\n|move|p2a: Wo-Chien|Knock Off|p1a: Slowbro\n|-supereffective|p1a: Slowbro\n|-damage|p1a: Slowbro|154/300\n|-enditem|p1a: Slowbro|Leftovers|[from] move: Knock Off|[of] p2a: Wo-Chien\n|move|p1a: Slowbro|Iron Defense|p1a: Slowbro\n|-boost|p1a: Slowbro|def|2\n|\n|-heal|p2a: Wo-Chien|277/277|[from] item: Leftovers\n|upkeep\n|turn|3\n|\n|t:|1771230803\n|move|p2a: Wo-Chien|Leech Seed|p1a: Slowbro\n|-start|p1a: Slowbro|move: Leech Seed\n|move|p1a: Slowbro|Slack Off|p1a: Slowbro\n|-heal|p1a: Slowbro|300/300\n|\n|-damage|p1a: Slowbro|263/300|[from] Leech Seed|[of] p2a: Wo-Chien\n|upkeep\n|turn|4\n|\n|t:|1771230807\n|move|p2a: Wo-Chien|Ruination|p1a: Slowbro\n|-damage|p1a: Slowbro|132/300\n|move|p1a: Slowbro|Body Press|p2a: Wo-Chien\n|-supereffective|p2a: Wo-Chien\n|-crit|p2a: Wo-Chien\n|-damage|p2a: Wo-Chien|5/277\n|\n|-heal|p2a: Wo-Chien|22/277|[from] item: Leftovers\n|-damage|p1a: Slowbro|95/300|[from] Leech Seed|[of] p2a: Wo-Chien\n|-heal|p2a: Wo-Chien|59/277|[silent]\n|upkeep\n|turn|5\n|\n|t:|1771230834\n|switch|p2a: Eternatus|Eternatus, L69|308/308\n|-ability|p2a: Eternatus|Pressure\n|move|p1a: Slowbro|Slack Off|p1a: Slowbro\n|-heal|p1a: Slowbro|245/300\n|\n|-damage|p1a: Slowbro|208/300|[from] Leech Seed|[of] p2a: Eternatus\n|upkeep\n|turn|6\n|\n|t:|1771230846\n|switch|p1a: Azelf|Azelf, L82|257/257\n|move|p2a: Eternatus|Dynamax Cannon|p1a: Azelf\n|-damage|p1a: Azelf|145/257\n|\n|-heal|p1a: Azelf|161/257|[from] item: Leftovers\n|upkeep\n|turn|7\n|\n|t:|1771230859\n|switch|p2a: Houndstone|Houndstone, L86, F|264/264\n|move|p1a: Azelf|Stealth Rock|p2a: Houndstone\n|-sidestart|p2: wheeeeeez|move: Stealth Rock\n|\n|-heal|p1a: Azelf|177/257|[from] item: Leftovers\n|upkeep\n|turn|8\n|\n|t:|1771230881\n|switch|p2a: Quagsire|Quagsire, L84, M|297/297\n|-damage|p2a: Quagsire|279/297|[from] Stealth Rock\n|move|p1a: Azelf|Knock Off|p2a: Quagsire\n|-damage|p2a: Quagsire|199/297\n|-enditem|p2a: Quagsire|Leftovers|[from] move: Knock Off|[of] p1a: Azelf\n|\n|-heal|p1a: Azelf|193/257|[from] item: Leftovers\n|upkeep\n|turn|9\n|\n|t:|1771230888\n|move|p1a: Azelf|Taunt|p2a: Quagsire\n|-start|p2a: Quagsire|move: Taunt\n|cant|p2a: Quagsire|move: Taunt|Toxic\n|\n|-heal|p1a: Azelf|209/257|[from] item: Leftovers\n|upkeep\n|turn|10\n|\n|t:|1771230895\n|switch|p2a: Wo-Chien|Wo-Chien, L83|59/277\n|-damage|p2a: Wo-Chien|25/277|[from] Stealth Rock\n|-ability|p2a: Wo-Chien|Tablets of Ruin\n|move|p1a: Azelf|Psychic|p2a: Wo-Chien\n|-immune|p2a: Wo-Chien\n|\n|-heal|p1a: Azelf|225/257|[from] item: Leftovers\n|-heal|p2a: Wo-Chien|42/277|[from] item: Leftovers\n|upkeep\n|turn|11\n|\n|t:|1771230904\n|move|p2a: Wo-Chien|Protect|p2a: Wo-Chien\n|-singleturn|p2a: Wo-Chien|Protect\n|move|p1a: Azelf|Knock Off|p2a: Wo-Chien\n|-activate|p2a: Wo-Chien|move: Protect\n|\n|-heal|p1a: Azelf|241/257|[from] item: Leftovers\n|-heal|p2a: Wo-Chien|59/277|[from] item: Leftovers\n|upkeep\n|turn|12\n|\n|t:|1771230911\n|-terastallize|p1a: Azelf|Dark\n|move|p1a: Azelf|Knock Off|p2a: Wo-Chien\n|-resisted|p2a: Wo-Chien\n|-damage|p2a: Wo-Chien|19/277\n|-enditem|p2a: Wo-Chien|Leftovers|[from] move: Knock Off|[of] p1a: Azelf\n|move|p2a: Wo-Chien|Knock Off|p1a: Azelf\n|-resisted|p1a: Azelf\n|-damage|p1a: Azelf|184/257\n|-enditem|p1a: Azelf|Leftovers|[from] move: Knock Off|[of] p2a: Wo-Chien\n|\n|upkeep\n|turn|13\n|\n|t:|1771230921\n|move|p1a: Azelf|Knock Off|p2a: Wo-Chien\n|-resisted|p2a: Wo-Chien\n|-damage|p2a: Wo-Chien|0 fnt\n|faint|p2a: Wo-Chien\n|\n|upkeep\n|\n|t:|1771230931\n|switch|p2a: Flamigo|Flamigo, L82, M|269/269\n|-damage|p2a: Flamigo|236/269|[from] Stealth Rock\n|turn|14\n|\n|t:|1771230943\n|switch|p1a: Slowbro|Slowbro, L85, M|300/300\n|move|p2a: Flamigo|Close Combat|p1a: Slowbro\n|-resisted|p1a: Slowbro\n|-damage|p1a: Slowbro|226/300\n|-unboost|p2a: Flamigo|def|1\n|-unboost|p2a: Flamigo|spd|1\n|-damage|p2a: Flamigo|210/269|[from] item: Life Orb\n|\n|upkeep\n|turn|15\n|\n|t:|1771230953\n|move|p2a: Flamigo|Swords Dance|p2a: Flamigo\n|-boost|p2a: Flamigo|atk|2\n|move|p1a: Slowbro|Scald|p2a: Flamigo\n|-damage|p2a: Flamigo|35/269\n|-status|p2a: Flamigo|brn\n|\n|-damage|p2a: Flamigo|19/269 brn|[from] brn\n|upkeep\n|turn|16\n|\n|t:|1771230957\n|move|p2a: Flamigo|Brave Bird|p1a: Slowbro\n|-damage|p1a: Slowbro|70/300\n|-damage|p2a: Flamigo|0 fnt|[from] Recoil\n|faint|p2a: Flamigo\n|move|p1a: Slowbro|Slack Off|p1a: Slowbro\n|-heal|p1a: Slowbro|220/300\n|\n|upkeep\n|\n|t:|1771230964\n|switch|p2a: Quagsire|Quagsire, L84, M|199/297\n|-damage|p2a: Quagsire|181/297|[from] Stealth Rock\n|turn|17\n|\n|t:|1771230969\n|switch|p1a: Virizion|Virizion, L82|283/283\n|move|p2a: Quagsire|Toxic|p1a: Virizion\n|-status|p1a: Virizion|tox\n|\n|-damage|p1a: Virizion|266/283 tox|[from] psn\n|upkeep\n|turn|18\n|\n|t:|1771230979\n|-terastallize|p2a: Quagsire|Poison\n|move|p1a: Virizion|Swords Dance|p1a: Virizion\n|-boost|p1a: Virizion|atk|2\n|move|p2a: Quagsire|Ice Beam|p1a: Virizion\n|-supereffective|p1a: Virizion\n|-damage|p1a: Virizion|188/283 tox\n|\n|-damage|p1a: Virizion|154/283 tox|[from] psn\n|upkeep\n|turn|19\n|\n|t:|1771230991\n|move|p1a: Virizion|Stone Edge|p2a: Quagsire\n|-damage|p2a: Quagsire|102/297\n|-damage|p1a: Virizion|126/283 tox|[from] item: Life Orb\n|move|p2a: Quagsire|Recover|p2a: Quagsire\n|-heal|p2a: Quagsire|251/297\n|\n|-damage|p1a: Virizion|75/283 tox|[from] psn\n|upkeep\n|turn|20\n|\n|t:|1771230997\n|move|p1a: Virizion|Leaf Blade|p2a: Quagsire\n|-resisted|p2a: Quagsire\n|-damage|p2a: Quagsire|195/297\n|-damage|p1a: Virizion|47/283 tox|[from] item: Life Orb\n|move|p2a: Quagsire|Recover|p2a: Quagsire\n|-heal|p2a: Quagsire|297/297\n|\n|-damage|p1a: Virizion|0 fnt|[from] psn\n|faint|p1a: Virizion\n|upkeep\n|\n|t:|1771231016\n|switch|p1a: Azelf|Azelf, L82, tera:Dark|184/257\n|turn|21\n|\n|t:|1771231025\n|switch|p2a: Houndstone|Houndstone, L86, F|264/264\n|-damage|p2a: Houndstone|231/264|[from] Stealth Rock\n|move|p1a: Azelf|Psychic|p2a: Houndstone\n|-damage|p2a: Houndstone|125/264\n|-unboost|p2a: Houndstone|spd|1\n|\n|-heal|p2a: Houndstone|141/264|[from] item: Leftovers\n|upkeep\n|turn|22\n|\n|t:|1771231031\n|move|p1a: Azelf|Psychic|p2a: Houndstone\n|-damage|p2a: Houndstone|0 fnt\n|faint|p2a: Houndstone\n|\n|upkeep\n|\n|t:|1771231034\n|switch|p2a: Eternatus|Eternatus, L69|308/308\n|-damage|p2a: Eternatus|270/308|[from] Stealth Rock\n|-ability|p2a: Eternatus|Pressure\n|turn|23\n|\n|t:|1771231042\n|move|p1a: Azelf|Psychic|p2a: Eternatus\n|-supereffective|p2a: Eternatus\n|-damage|p2a: Eternatus|28/308\n|move|p2a: Eternatus|Sludge Bomb|p1a: Azelf\n|-damage|p1a: Azelf|78/257\n|\n|-heal|p2a: Eternatus|47/308|[from] item: Leftovers\n|upkeep\n|turn|24\n|\n|t:|1771231047\n|move|p1a: Azelf|Knock Off|p2a: Eternatus\n|-damage|p2a: Eternatus|0 fnt\n|-enditem|p2a: Eternatus|Leftovers|[from] move: Knock Off|[of] p1a: Azelf\n|faint|p2a: Eternatus\n|\n|upkeep\n|\n|t:|1771231054\n|switch|p2a: Kyurem|Kyurem, L77|319/319\n|-damage|p2a: Kyurem|240/319|[from] Stealth Rock\n|-ability|p2a: Kyurem|Pressure\n|turn|25\n|\n|t:|1771231062\n|switch|p1a: Slowbro|Slowbro, L85, M|300/300\n|move|p2a: Kyurem|Icicle Spear|p1a: Slowbro\n|-resisted|p1a: Slowbro\n|-damage|p1a: Slowbro|288/300\n|-resisted|p1a: Slowbro\n|-damage|p1a: Slowbro|277/300\n|-resisted|p1a: Slowbro\n|-damage|p1a: Slowbro|266/300\n|-resisted|p1a: Slowbro\n|-damage|p1a: Slowbro|254/300\n|-hitcount|p1a: Slowbro|4\n|\n|upkeep\n|turn|26\n|\n|t:|1771231073\n|switch|p2a: Quagsire|Quagsire, L84, M, tera:Poison|297/297\n|-damage|p2a: Quagsire|260/297|[from] Stealth Rock\n|move|p1a: Slowbro|Body Press|p2a: Quagsire\n|-resisted|p2a: Quagsire\n|-damage|p2a: Quagsire|224/297\n|\n|upkeep\n|turn|27\n|\n|t:|1771231078\n|move|p2a: Quagsire|Ice Beam|p1a: Slowbro\n|-resisted|p1a: Slowbro\n|-damage|p1a: Slowbro|227/300\n|-status|p1a: Slowbro|frz\n|-curestatus|p1a: Slowbro|frz|[from] move: Scald\n|move|p1a: Slowbro|Scald|p2a: Quagsire\n|-damage|p2a: Quagsire|103/297\n|\n|upkeep\n|turn|28\n|\n|t:|1771231080\n|move|p2a: Quagsire|Recover|p2a: Quagsire\n|-heal|p2a: Quagsire|252/297\n|move|p1a: Slowbro|Scald|p2a: Quagsire\n|-crit|p2a: Quagsire\n|-damage|p2a: Quagsire|80/297\n|\n|upkeep\n|turn|29\n|-message|wheeeeeez forfeited.\n|\n|win|Hihylive1\n|raw|Hihylive1's rating: 1790 &rarr; <strong>1812</strong><br />(+22 for winning)\n|raw|wheeeeeez's rating: 1831 &rarr; <strong>1809</strong><br />(-22 for losing)\n|l|☆wheeeeeez\n|player|p2|\n", "inputlog": ">version 686819e5e19f8a7fd2345cfc5a08a5085efa2cc3\n>start {\"formatid\":\"gen9randombattle\",\"seed\":\"sodium,b3d80cc6ba0b1023cb911fea335408f6\",\"rated\":\"Rated battle\"}\n>player p1 {\"name\":\"Hihylive1\",\"avatar\":\"flannery\",\"rating\":1790,\"seed\":\"sodium,6ce1a20a99d1defb6d0de182120e2871\"}\n>player p2 {\"name\":\"wheeeeeez\",\"avatar\":\"swimmer\",\"rating\":1831,\"seed\":\"sodium,7457561416bc005f6a5b1d5ca9065f73\"}\n>p1 move scald\n>p2 switch 2\n>p1 move irondefense\n>p2 move knockoff\n>p1 move slackoff\n>p2 move leechseed\n>p1 move bodypress\n>p2 move ruination\n>p1 move slackoff\n>p2 switch 2\n>p1 switch 3\n>p2 move dynamaxcannon\n>p1 move stealthrock\n>p2 switch 6\n>p1 move knockoff\n>p2 switch 5\n>p1 move taunt\n>p2 move toxic\n>p1 move psychic\n>p2 switch 2\n>p1 move knockoff\n>p2 move protect\n>p1 move knockoff terastallize\n>p2 move knockoff\n>p1 move knockoff\n>p2 move leechseed\n>p2 switch 3\n>p1 switch 3\n>p2 move closecombat\n>p1 move scald\n>p2 move swordsdance\n>p1 move slackoff\n>p2 move bravebird\n>p2 switch 2\n>p1 switch 5\n>p2 move toxic\n>p1 move swordsdance\n>p2 move icebeam terastallize\n>p1 move stoneedge\n>p2 move recover\n>p1 move leafblade\n>p2 move recover\n>p1 switch 3\n>p1 move psychic\n>p2 switch 5\n>p1 move psychic\n>p2 move bodypress\n>p2 switch 6\n>p1 move psychic\n>p2 move sludgebomb\n>p1 move knockoff\n>p2 move dynamaxcannon\n>p2 switch 4\n>p1 switch 5\n>p2 move iciclespear\n>p1 move bodypress\n>p2 switch 5\n>p1 move scald\n>p2 move icebeam\n>p1 move scald\n>p2 move recover\n>forcelose p2", "uploadtime": 1771231092, "views": 15, "formatid": "gen9randombattle", "rating": 1809, "private": 0, "password": null}