{"id": "gen9randombattle-2540046890", "format": "[Gen 9] Random Battle", "players": ["PokemonmasterN2009", "no calc edzooto"], "log": "|j|☆PokemonmasterN2009\n|j|☆no calc edzooto\n|t:|1771151851\n|gametype|singles\n|player|p1|PokemonmasterN2009|az|1723\n|player|p2|no calc edzooto|medium|1768\n|gen|9\n|tier|[Gen 9] Random Battle\n|rated|\n|rule|Species Clause: Limit one of each Pokémon\n|rule|HP Percentage Mod: HP is shown in percentages\n|rule|Sleep Clause Mod: Limit one foe put to sleep\n|rule|Illusion Level Mod: Illusion disguises the Pokémon's true level\n|\n|t:|1771151851\n|teamsize|p1|6\n|teamsize|p2|6\n|start\n|switch|p1a: Ditto|Ditto, L87|225/225\n|switch|p2a: Clefable|Clefable, L83, F|293/293\n|-transform|p1a: Ditto|p2a: Clefable|[from] ability: Imposter\n|turn|1\n|inactive|Battle timer is ON: inactive players will automatically lose when time's up. (requested by PokemonmasterN2009)\n|\n|t:|1771151881\n|switch|p1a: Sneasler|Sneasler, L74, F|240/240\n|move|p2a: Clefable|Knock Off|p1a: Sneasler\n|-resisted|p1a: Sneasler\n|-damage|p1a: Sneasler|189/240\n|-enditem|p1a: Sneasler|Choice Band|[from] move: Knock Off|[of] p2a: Clefable\n|\n|upkeep\n|turn|2\n|\n|t:|1771151911\n|switch|p2a: Rhyperior|Rhyperior, L82, M|323/323\n|move|p1a: Sneasler|Dire Claw|p2a: Rhyperior\n|-resisted|p2a: Rhyperior\n|-damage|p2a: Rhyperior|307/323\n|\n|upkeep\n|turn|3\n|\n|t:|1771151918\n|move|p1a: Sneasler|Close Combat|p2a: Rhyperior\n|-supereffective|p2a: Rhyperior\n|-damage|p2a: Rhyperior|163/323\n|-unboost|p1a: Sneasler|def|1\n|-unboost|p1a: Sneasler|spd|1\n|-enditem|p2a: Rhyperior|Weakness Policy\n|-boost|p2a: Rhyperior|atk|2|[from] item: Weakness Policy\n|-boost|p2a: Rhyperior|spa|2|[from] item: Weakness Policy\n|move|p2a: Rhyperior|Rock Polish|p2a: Rhyperior\n|-boost|p2a: Rhyperior|spe|2\n|\n|upkeep\n|turn|4\n|\n|t:|1771151928\n|move|p2a: Rhyperior|Earthquake|p1a: Sneasler\n|-supereffective|p1a: Sneasler\n|-damage|p1a: Sneasler|0 fnt\n|faint|p1a: Sneasler\n|\n|upkeep\n|\n|t:|1771151938\n|switch|p1a: Ditto|Ditto, L87|225/225\n|-transform|p1a: Ditto|p2a: Rhyperior|[from] ability: Imposter\n|turn|5\n|\n|t:|1771151959\n|switch|p2a: Braviary|Braviary, L85, M|309/309\n|move|p1a: Ditto|Earthquake|p2a: Braviary\n|-immune|p2a: Braviary\n|\n|upkeep\n|turn|6\n|inactive|no calc edzooto has 120 seconds left.\n|\n|t:|1771151982\n|switch|p1a: Politoed|Politoed, L88, M|302/302\n|-weather|RainDance|[from] ability: Drizzle|[of] p1a: Politoed\n|switch|p2a: Clefable|Clefable, L83, F|293/293\n|\n|-weather|RainDance|[upkeep]\n|upkeep\n|turn|7\n|\n|t:|1771151991\n|move|p1a: Politoed|Surf|p2a: Clefable\n|-damage|p2a: Clefable|148/293\n|move|p2a: Clefable|Stealth Rock|p1a: Politoed\n|-sidestart|p1: PokemonmasterN2009|move: Stealth Rock\n|\n|-weather|RainDance|[upkeep]\n|upkeep\n|turn|8\n|inactive|no calc edzooto has 120 seconds left.\n|\n|t:|1771152011\n|switch|p2a: Manaphy|Manaphy, L78|284/284\n|move|p1a: Politoed|Surf|p2a: Manaphy\n|-resisted|p2a: Manaphy\n|-damage|p2a: Manaphy|212/284\n|\n|-weather|RainDance|[upkeep]\n|-heal|p2a: Manaphy|229/284|[from] item: Leftovers\n|upkeep\n|turn|9\n|inactive|no calc edzooto has 120 seconds left.\n|\n|t:|1771152024\n|switch|p1a: Tatsugiri|Tatsugiri, L87, F|260/260\n|move|p2a: Manaphy|Energy Ball|p1a: Tatsugiri\n|-damage|p1a: Tatsugiri|210/260\n|\n|-weather|RainDance|[upkeep]\n|-heal|p2a: Manaphy|246/284|[from] item: Leftovers\n|upkeep\n|turn|10\n|inactive|no calc edzooto has 120 seconds left.\n|\n|t:|1771152047\n|move|p2a: Manaphy|Tail Glow|p2a: Manaphy\n|-boost|p2a: Manaphy|spa|3\n|move|p1a: Tatsugiri|Rapid Spin|p2a: Manaphy\n|-damage|p2a: Manaphy|223/284\n|-boost|p1a: Tatsugiri|spe|1\n|-sideend|p1: PokemonmasterN2009|Stealth Rock|[from] move: Rapid Spin|[of] p1a: Tatsugiri\n|\n|-weather|none\n|-heal|p2a: Manaphy|240/284|[from] item: Leftovers\n|upkeep\n|turn|11\n|\n|t:|1771152056\n|move|p1a: Tatsugiri|Draco Meteor|p2a: Manaphy\n|-damage|p2a: Manaphy|65/284\n|-unboost|p1a: Tatsugiri|spa|2\n|move|p2a: Manaphy|Energy Ball|p1a: Tatsugiri\n|-damage|p1a: Tatsugiri|79/260\n|\n|-heal|p2a: Manaphy|82/284|[from] item: Leftovers\n|upkeep\n|turn|12\n|inactive|no calc edzooto has 120 seconds left.\n|\n|t:|1771152066\n|switch|p2a: Clefable|Clefable, L83, F|148/293\n|move|p1a: Tatsugiri|Draco Meteor|p2a: Clefable\n|-immune|p2a: Clefable\n|\n|upkeep\n|turn|13\n|\n|t:|1771152084\n|move|p1a: Tatsugiri|Draco Meteor|p2a: Clefable\n|-immune|p2a: Clefable\n|move|p2a: Clefable|Stealth Rock|p1a: Tatsugiri\n|-sidestart|p1: PokemonmasterN2009|move: Stealth Rock\n|\n|upkeep\n|turn|14\n|\n|t:|1771152090\n|move|p1a: Tatsugiri|Rapid Spin|p2a: Clefable\n|-damage|p2a: Clefable|121/293\n|-boost|p1a: Tatsugiri|spe|1\n|-sideend|p1: PokemonmasterN2009|Stealth Rock|[from] move: Rapid Spin|[of] p1a: Tatsugiri\n|move|p2a: Clefable|Knock Off|p1a: Tatsugiri\n|-damage|p1a: Tatsugiri|0 fnt\n|-enditem|p1a: Tatsugiri|Heavy-Duty Boots|[from] move: Knock Off|[of] p2a: Clefable\n|faint|p1a: Tatsugiri\n|\n|upkeep\n|\n|t:|1771152103\n|switch|p1a: Politoed|Politoed, L88, M|302/302\n|-weather|RainDance|[from] ability: Drizzle|[of] p1a: Politoed\n|turn|15\n|\n|t:|1771152113\n|switch|p2a: Manaphy|Manaphy, L78|82/284\n|move|p1a: Politoed|Surf|p2a: Manaphy\n|-resisted|p2a: Manaphy\n|-damage|p2a: Manaphy|14/284\n|\n|-weather|RainDance|[upkeep]\n|-heal|p2a: Manaphy|31/284|[from] item: Leftovers\n|upkeep\n|turn|16\n|\n|t:|1771152121\n|move|p2a: Manaphy|Energy Ball|p1a: Politoed\n|-supereffective|p1a: Politoed\n|-damage|p1a: Politoed|200/302\n|move|p1a: Politoed|Surf|p2a: Manaphy\n|-resisted|p2a: Manaphy\n|-damage|p2a: Manaphy|0 fnt\n|faint|p2a: Manaphy\n|\n|-weather|RainDance|[upkeep]\n|upkeep\n|inactive|no calc edzooto has 120 seconds left.\n|\n|t:|1771152157\n|switch|p2a: Phione|Phione, L91|293/293\n|turn|17\n|inactive|no calc edzooto has 120 seconds left.\n|\n|t:|1771152163\n|move|p2a: Phione|Take Heart|p2a: Phione\n|-boost|p2a: Phione|spa|1\n|-boost|p2a: Phione|spd|1\n|move|p1a: Politoed|Surf|p2a: Phione\n|-resisted|p2a: Phione\n|-damage|p2a: Phione|241/293\n|\n|-weather|RainDance|[upkeep]\n|-heal|p2a: Phione|259/293|[from] item: Leftovers\n|upkeep\n|turn|18\n|\n|t:|1771152169\n|move|p2a: Phione|Take Heart|p2a: Phione\n|-boost|p2a: Phione|spa|1\n|-boost|p2a: Phione|spd|1\n|move|p1a: Politoed|Haze|p1a: Politoed\n|-clearallboost\n|\n|-weather|RainDance|[upkeep]\n|-heal|p2a: Phione|277/293|[from] item: Leftovers\n|upkeep\n|turn|19\n|\n|t:|1771152177\n|switch|p1a: Scream Tail|Scream Tail, L84|330/330\n|move|p2a: Phione|Scald|p1a: Scream Tail\n|-damage|p1a: Scream Tail|225/330\n|-status|p1a: Scream Tail|brn\n|\n|-weather|none\n|-heal|p1a: Scream Tail|245/330 brn|[from] item: Leftovers\n|-heal|p2a: Phione|293/293|[from] item: Leftovers\n|-damage|p1a: Scream Tail|225/330 brn|[from] brn\n|upkeep\n|turn|20\n|\n|t:|1771152197\n|switch|p2a: Rhyperior|Rhyperior, L82, M|163/323\n|move|p1a: Scream Tail|Wish|p1a: Scream Tail\n|\n|-heal|p1a: Scream Tail|245/330 brn|[from] item: Leftovers\n|-damage|p1a: Scream Tail|225/330 brn|[from] brn\n|upkeep\n|turn|21\n|inactive|no calc edzooto has 120 seconds left.\n|\n|t:|1771152218\n|switch|p2a: Phione|Phione, L91|293/293\n|move|p1a: Scream Tail|Dazzling Gleam|p2a: Phione\n|-damage|p2a: Phione|233/293\n|\n|-heal|p1a: Scream Tail|330/330 brn|[from] move: Wish|[wisher] Scream Tail\n|-heal|p2a: Phione|251/293|[from] item: Leftovers\n|-damage|p1a: Scream Tail|310/330 brn|[from] brn\n|upkeep\n|turn|22\n|inactive|no calc edzooto has 120 seconds left.\n|\n|t:|1771152224\n|switch|p2a: Rhyperior|Rhyperior, L82, M|163/323\n|move|p1a: Scream Tail|Dazzling Gleam|p2a: Rhyperior\n|-damage|p2a: Rhyperior|76/323\n|\n|-heal|p1a: Scream Tail|330/330 brn|[from] item: Leftovers\n|-damage|p1a: Scream Tail|310/330 brn|[from] brn\n|upkeep\n|turn|23\n|\n|t:|1771152233\n|move|p1a: Scream Tail|Dazzling Gleam|p2a: Rhyperior\n|-damage|p2a: Rhyperior|0 fnt\n|faint|p2a: Rhyperior\n|\n|-heal|p1a: Scream Tail|330/330 brn|[from] item: Leftovers\n|-damage|p1a: Scream Tail|310/330 brn|[from] brn\n|upkeep\n|inactive|no calc edzooto has 120 seconds left.\n|\n|t:|1771152254\n|switch|p2a: Phione|Phione, L91|251/293\n|turn|24\n|\n|t:|1771152258\n|move|p1a: Scream Tail|Dazzling Gleam|p2a: Phione\n|-damage|p2a: Phione|184/293\n|move|p2a: Phione|Take Heart|p2a: Phione\n|-boost|p2a: Phione|spa|1\n|-boost|p2a: Phione|spd|1\n|\n|-heal|p1a: Scream Tail|330/330 brn|[from] item: Leftovers\n|-heal|p2a: Phione|202/293|[from] item: Leftovers\n|-damage|p1a: Scream Tail|310/330 brn|[from] brn\n|upkeep\n|turn|25\n|\n|t:|1771152263\n|move|p1a: Scream Tail|Encore|p2a: Phione\n|-start|p2a: Phione|Encore\n|move|p2a: Phione|Take Heart|p2a: Phione\n|-boost|p2a: Phione|spa|1\n|-boost|p2a: Phione|spd|1\n|\n|-heal|p1a: Scream Tail|330/330 brn|[from] item: Leftovers\n|-heal|p2a: Phione|220/293|[from] item: Leftovers\n|-damage|p1a: Scream Tail|310/330 brn|[from] brn\n|upkeep\n|turn|26\n|\n|t:|1771152273\n|-end|p1a: Scream Tail|Protosynthesis|[silent]\n|switch|p1a: Kleavor|Kleavor, L78, M|237/237\n|move|p2a: Phione|Take Heart|p2a: Phione\n|-boost|p2a: Phione|spa|1\n|-boost|p2a: Phione|spd|1\n|\n|-heal|p2a: Phione|238/293|[from] item: Leftovers\n|upkeep\n|turn|27\n|inactive|no calc edzooto has 120 seconds left.\n|inactive|no calc edzooto has 90 seconds left.\n|\n|t:|1771152338\n|switch|p2a: Braviary|Braviary, L85, M|309/309\n|move|p1a: Kleavor|Stone Axe|p2a: Braviary\n|-supereffective|p2a: Braviary\n|-damage|p2a: Braviary|0 fnt\n|-sidestart|p2: no calc edzooto|move: Stealth Rock\n|faint|p2a: Braviary\n|\n|upkeep\n|inactive|no calc edzooto has 60 seconds left.\n|\n|t:|1771152382\n|switch|p2a: Phione|Phione, L91|238/293\n|-damage|p2a: Phione|202/293|[from] Stealth Rock\n|turn|28\n|\n|t:|1771152392\n|switch|p1a: Scream Tail|Scream Tail, L84|310/330 brn\n|move|p2a: Phione|Scald|p1a: Scream Tail\n|-damage|p1a: Scream Tail|244/330 brn\n|\n|-heal|p1a: Scream Tail|264/330 brn|[from] item: Leftovers\n|-heal|p2a: Phione|220/293|[from] item: Leftovers\n|-damage|p1a: Scream Tail|244/330 brn|[from] brn\n|upkeep\n|turn|29\n|inactive|no calc edzooto has 60 seconds left.\n|\n|t:|1771152406\n|switch|p2a: Clefable|Clefable, L83, F|121/293\n|move|p1a: Scream Tail|Dazzling Gleam|p2a: Clefable\n|-damage|p2a: Clefable|54/293\n|\n|-heal|p1a: Scream Tail|264/330 brn|[from] item: Leftovers\n|-damage|p1a: Scream Tail|244/330 brn|[from] brn\n|upkeep\n|turn|30\n|inactive|no calc edzooto has 60 seconds left.\n|\n|t:|1771152432\n|-terastallize|p2a: Clefable|Poison\n|move|p1a: Scream Tail|Dazzling Gleam|p2a: Clefable\n|-resisted|p2a: Clefable\n|-damage|p2a: Clefable|22/293\n|move|p2a: Clefable|Moonlight|p2a: Clefable\n|-heal|p2a: Clefable|168/293\n|\n|-heal|p1a: Scream Tail|264/330 brn|[from] item: Leftovers\n|-damage|p1a: Scream Tail|244/330 brn|[from] brn\n|upkeep\n|turn|31\n|\n|t:|1771152437\n|move|p1a: Scream Tail|Encore|p2a: Clefable\n|-start|p2a: Clefable|Encore\n|move|p2a: Clefable|Moonlight|p2a: Clefable\n|-heal|p2a: Clefable|293/293\n|\n|-heal|p1a: Scream Tail|264/330 brn|[from] item: Leftovers\n|-damage|p1a: Scream Tail|244/330 brn|[from] brn\n|upkeep\n|turn|32\n|\n|t:|1771152442\n|-end|p1a: Scream Tail|Protosynthesis|[silent]\n|switch|p1a: Kleavor|Kleavor, L78, M|237/237\n|switch|p2a: Phione|Phione, L91|220/293\n|-damage|p2a: Phione|184/293|[from] Stealth Rock\n|\n|-heal|p2a: Phione|202/293|[from] item: Leftovers\n|upkeep\n|turn|33\n|\n|t:|1771152450\n|-terastallize|p1a: Kleavor|Fighting\n|move|p2a: Phione|Scald|p1a: Kleavor\n|-damage|p1a: Kleavor|125/237\n|-status|p1a: Kleavor|brn\n|move|p1a: Kleavor|Close Combat|p2a: Phione\n|-damage|p2a: Phione|88/293\n|-unboost|p1a: Kleavor|def|1\n|-unboost|p1a: Kleavor|spd|1\n|\n|-heal|p2a: Phione|106/293|[from] item: Leftovers\n|-damage|p1a: Kleavor|111/237 brn|[from] brn\n|upkeep\n|turn|34\n|inactive|no calc edzooto has 60 seconds left.\n|\n|t:|1771152471\n|switch|p2a: Clefable|Clefable, L83, F, tera:Poison|293/293\n|move|p1a: Kleavor|Close Combat|p2a: Clefable\n|-resisted|p2a: Clefable\n|-damage|p2a: Clefable|235/293\n|-unboost|p1a: Kleavor|def|1\n|-unboost|p1a: Kleavor|spd|1\n|\n|-damage|p1a: Kleavor|97/237 brn|[from] brn\n|upkeep\n|turn|35\n|inactive|no calc edzooto has 60 seconds left.\n|\n|t:|1771152488\n|switch|p1a: Politoed|Politoed, L88, M|200/302\n|-weather|RainDance|[from] ability: Drizzle|[of] p1a: Politoed\n|move|p2a: Clefable|Knock Off|p1a: Politoed\n|-damage|p1a: Politoed|127/302\n|-enditem|p1a: Politoed|Chesto Berry|[from] move: Knock Off|[of] p2a: Clefable\n|\n|-weather|RainDance|[upkeep]\n|upkeep\n|turn|36\n|\n|t:|1771152511\n|move|p1a: Politoed|Surf|p2a: Clefable\n|-damage|p2a: Clefable|76/293\n|move|p2a: Clefable|Stealth Rock|p1a: Politoed\n|-sidestart|p1: PokemonmasterN2009|move: Stealth Rock\n|\n|-weather|RainDance|[upkeep]\n|upkeep\n|turn|37\n|\n|t:|1771152525\n|switch|p2a: Mabosstiff|Mabosstiff, L86, M|278/278\n|-damage|p2a: Mabosstiff|244/278|[from] Stealth Rock\n|move|p1a: Politoed|Surf|p2a: Mabosstiff\n|-damage|p2a: Mabosstiff|73/278\n|\n|-weather|RainDance|[upkeep]\n|upkeep\n|turn|38\n|inactive|no calc edzooto has 30 seconds left.\n|\n|t:|1771152549\n|switch|p1a: Kleavor|Kleavor, L78, M, tera:Fighting|97/237 brn\n|-damage|p1a: Kleavor|83/237 brn|[from] Stealth Rock\n|move|p2a: Mabosstiff|Wild Charge|p1a: Kleavor\n|-damage|p1a: Kleavor|0 fnt\n|faint|p1a: Kleavor\n|-damage|p2a: Mabosstiff|52/278|[from] Recoil\n|\n|-weather|RainDance|[upkeep]\n|upkeep\n|\n|t:|1771152560\n|switch|p1a: Scream Tail|Scream Tail, L84|244/330 brn\n|-damage|p1a: Scream Tail|203/330 brn|[from] Stealth Rock\n|turn|39\n|\n|t:|1771152582\n|switch|p2a: Clefable|Clefable, L83, F, tera:Poison|76/293\n|move|p1a: Scream Tail|Wish|p1a: Scream Tail\n|\n|-weather|none\n|-heal|p1a: Scream Tail|223/330 brn|[from] item: Leftovers\n|-damage|p1a: Scream Tail|203/330 brn|[from] brn\n|upkeep\n|turn|40\n|\n|t:|1771152590\n|-end|p1a: Scream Tail|Protosynthesis|[silent]\n|switch|p1a: Politoed|Politoed, L88, M|127/302\n|-damage|p1a: Politoed|90/302|[from] Stealth Rock\n|-weather|RainDance|[from] ability: Drizzle|[of] p1a: Politoed\n|move|p2a: Clefable|Moonlight|p2a: Clefable\n|-heal|p2a: Clefable|149/293\n|\n|-weather|RainDance|[upkeep]\n|-heal|p1a: Politoed|255/302|[from] move: Wish|[wisher] Scream Tail\n|upkeep\n|turn|41\n|inactive|no calc edzooto has 30 seconds left.\n|inactive|no calc edzooto has 20 seconds left.\n|inactive|no calc edzooto has 15 seconds left.\n|\n|t:|1771152635\n|move|p1a: Politoed|Surf|p2a: Clefable\n|-damage|p2a: Clefable|2/293\n|move|p2a: Clefable|Moonblast|p1a: Politoed\n|-damage|p1a: Politoed|148/302\n|-unboost|p1a: Politoed|spa|1\n|\n|-weather|RainDance|[upkeep]\n|upkeep\n|turn|42\n|inactive|no calc edzooto has 25 seconds left this turn.\n|inactive|no calc edzooto has 20 seconds left.\n|\n|t:|1771152645\n|switch|p2a: Phione|Phione, L91|106/293\n|-damage|p2a: Phione|70/293|[from] Stealth Rock\n|move|p1a: Politoed|Surf|p2a: Phione\n|-resisted|p2a: Phione\n|-damage|p2a: Phione|20/293\n|\n|-weather|RainDance|[upkeep]\n|-heal|p2a: Phione|38/293|[from] item: Leftovers\n|upkeep\n|turn|43\n|inactive|no calc edzooto has 30 seconds left this turn.\n|\n|t:|1771152651\n|move|p2a: Phione|Rest|p2a: Phione\n|-status|p2a: Phione|slp|[from] move: Rest\n|-heal|p2a: Phione|293/293 slp|[silent]\n|move|p1a: Politoed|Surf|p2a: Phione\n|-resisted|p2a: Phione\n|-damage|p2a: Phione|246/293 slp\n|\n|-weather|RainDance|[upkeep]\n|-activate|p2a: Phione|ability: Hydration\n|-curestatus|p2a: Phione|slp|[msg]\n|-heal|p2a: Phione|264/293|[from] item: Leftovers\n|upkeep\n|turn|44\n|inactive|no calc edzooto has 30 seconds left.\n|\n|t:|1771152659\n|move|p2a: Phione|Scald|p1a: Politoed\n|-resisted|p1a: Politoed\n|-damage|p1a: Politoed|94/302\n|move|p1a: Politoed|Rest|p1a: Politoed\n|-status|p1a: Politoed|slp|[from] move: Rest\n|-heal|p1a: Politoed|302/302 slp|[silent]\n|\n|-weather|none\n|-heal|p2a: Phione|282/293|[from] item: Leftovers\n|upkeep\n|turn|45\n|inactive|no calc edzooto has 30 seconds left.\n|\n|t:|1771152676\n|switch|p2a: Mabosstiff|Mabosstiff, L86, M|52/278\n|-damage|p2a: Mabosstiff|18/278|[from] Stealth Rock\n|cant|p1a: Politoed|slp\n|\n|upkeep\n|turn|46\n|inactive|no calc edzooto has 30 seconds left.\n|\n|t:|1771152687\n|switch|p1a: Ditto|Ditto, L87|225/225\n|-damage|p1a: Ditto|197/225|[from] Stealth Rock\n|-transform|p1a: Ditto|p2a: Mabosstiff|[from] ability: Imposter\n|move|p2a: Mabosstiff|Crunch|p1a: Ditto\n|-resisted|p1a: Ditto\n|-damage|p1a: Ditto|92/225\n|\n|upkeep\n|turn|47\n|inactive|no calc edzooto has 30 seconds left.\n|\n|t:|1771152699\n|move|p2a: Mabosstiff|Crunch|p1a: Ditto\n|-resisted|p1a: Ditto\n|-damage|p1a: Ditto|38/225\n|-unboost|p1a: Ditto|def|1\n|move|p1a: Ditto|Wild Charge|p2a: Mabosstiff\n|-damage|p2a: Mabosstiff|0 fnt\n|faint|p2a: Mabosstiff\n|-damage|p1a: Ditto|33/225|[from] Recoil\n|\n|upkeep\n|inactive|no calc edzooto has 30 seconds left.\n|\n|t:|1771152714\n|switch|p2a: Phione|Phione, L91|282/293\n|-damage|p2a: Phione|246/293|[from] Stealth Rock\n|turn|48\n|\n|t:|1771152720\n|switch|p1a: Scream Tail|Scream Tail, L84|203/330 brn\n|-damage|p1a: Scream Tail|162/330 brn|[from] Stealth Rock\n|move|p2a: Phione|Scald|p1a: Scream Tail\n|-damage|p1a: Scream Tail|98/330 brn\n|\n|-heal|p1a: Scream Tail|118/330 brn|[from] item: Leftovers\n|-heal|p2a: Phione|264/293|[from] item: Leftovers\n|-damage|p1a: Scream Tail|98/330 brn|[from] brn\n|upkeep\n|turn|49\n|\n|t:|1771152733\n|switch|p2a: Clefable|Clefable, L83, F, tera:Poison|2/293\n|move|p1a: Scream Tail|Wish|p1a: Scream Tail\n|\n|-heal|p1a: Scream Tail|118/330 brn|[from] item: Leftovers\n|-damage|p1a: Scream Tail|98/330 brn|[from] brn\n|upkeep\n|turn|50\n|\n|t:|1771152738\n|move|p1a: Scream Tail|Dazzling Gleam|p2a: Clefable\n|-resisted|p2a: Clefable\n|-damage|p2a: Clefable|0 fnt\n|faint|p2a: Clefable\n|\n|-heal|p1a: Scream Tail|263/330 brn|[from] move: Wish|[wisher] Scream Tail\n|-heal|p1a: Scream Tail|283/330 brn|[from] item: Leftovers\n|-damage|p1a: Scream Tail|263/330 brn|[from] brn\n|upkeep\n|\n|t:|1771152740\n|switch|p2a: Phione|Phione, L91|264/293\n|-damage|p2a: Phione|228/293|[from] Stealth Rock\n|turn|51\n|c|☆PokemonmasterN2009|gg\n|c|☆no calc edzooto|ggs\n|\n|t:|1771152750\n|move|p1a: Scream Tail|Wish|p1a: Scream Tail\n|move|p2a: Phione|Scald|p1a: Scream Tail\n|-damage|p1a: Scream Tail|187/330 brn\n|\n|-heal|p1a: Scream Tail|207/330 brn|[from] item: Leftovers\n|-heal|p2a: Phione|246/293|[from] item: Leftovers\n|-damage|p1a: Scream Tail|187/330 brn|[from] brn\n|upkeep\n|turn|52\n|c|☆PokemonmasterN2009|its a actually good game ngl\n|\n|t:|1771152761\n|move|p1a: Scream Tail|Dazzling Gleam|p2a: Phione\n|-damage|p2a: Phione|182/293\n|move|p2a: Phione|Scald|p1a: Scream Tail\n|-damage|p1a: Scream Tail|121/330 brn\n|\n|-heal|p1a: Scream Tail|286/330 brn|[from] move: Wish|[wisher] Scream Tail\n|-heal|p1a: Scream Tail|306/330 brn|[from] item: Leftovers\n|-heal|p2a: Phione|200/293|[from] item: Leftovers\n|-damage|p1a: Scream Tail|286/330 brn|[from] brn\n|upkeep\n|turn|53\n|inactive|no calc edzooto has 60 seconds left.\n|c|☆no calc edzooto|yeah lol encore set messed me up hard\n|\n|t:|1771152780\n|move|p1a: Scream Tail|Dazzling Gleam|p2a: Phione\n|-damage|p2a: Phione|140/293\n|move|p2a: Phione|Take Heart|p2a: Phione\n|-boost|p2a: Phione|spa|1\n|-boost|p2a: Phione|spd|1\n|\n|-heal|p1a: Scream Tail|306/330 brn|[from] item: Leftovers\n|-heal|p2a: Phione|158/293|[from] item: Leftovers\n|-damage|p1a: Scream Tail|286/330 brn|[from] brn\n|upkeep\n|turn|54\n|\n|t:|1771152788\n|move|p1a: Scream Tail|Encore|p2a: Phione\n|-start|p2a: Phione|Encore\n|move|p2a: Phione|Take Heart|p2a: Phione\n|-boost|p2a: Phione|spa|1\n|-boost|p2a: Phione|spd|1\n|\n|-heal|p1a: Scream Tail|306/330 brn|[from] item: Leftovers\n|-heal|p2a: Phione|176/293|[from] item: Leftovers\n|-damage|p1a: Scream Tail|286/330 brn|[from] brn\n|upkeep\n|turn|55\n|\n|t:|1771152790\n|move|p1a: Scream Tail|Dazzling Gleam|p2a: Phione\n|-damage|p2a: Phione|143/293\n|move|p2a: Phione|Take Heart|p2a: Phione\n|-boost|p2a: Phione|spa|1\n|-boost|p2a: Phione|spd|1\n|\n|-heal|p1a: Scream Tail|306/330 brn|[from] item: Leftovers\n|-heal|p2a: Phione|161/293|[from] item: Leftovers\n|-damage|p1a: Scream Tail|286/330 brn|[from] brn\n|upkeep\n|turn|56\n|\n|t:|1771152798\n|move|p1a: Scream Tail|Dazzling Gleam|p2a: Phione\n|-damage|p2a: Phione|134/293\n|move|p2a: Phione|Take Heart|p2a: Phione\n|-boost|p2a: Phione|spa|1\n|-boost|p2a: Phione|spd|1\n|\n|-heal|p1a: Scream Tail|306/330 brn|[from] item: Leftovers\n|-heal|p2a: Phione|152/293|[from] item: Leftovers\n|-damage|p1a: Scream Tail|286/330 brn|[from] brn\n|-end|p2a: Phione|Encore\n|upkeep\n|turn|57\n|\n|t:|1771152801\n|move|p1a: Scream Tail|Encore|p2a: Phione\n|-start|p2a: Phione|Encore\n|move|p2a: Phione|Take Heart|p2a: Phione\n|-boost|p2a: Phione|spa|1\n|-boost|p2a: Phione|spd|1\n|\n|-heal|p1a: Scream Tail|306/330 brn|[from] item: Leftovers\n|-heal|p2a: Phione|170/293|[from] item: Leftovers\n|-damage|p1a: Scream Tail|286/330 brn|[from] brn\n|upkeep\n|turn|58\n|\n|t:|1771152806\n|move|p1a: Scream Tail|Wish|p1a: Scream Tail\n|move|p2a: Phione|Take Heart|p2a: Phione\n|-boost|p2a: Phione|spa|1\n|-boost|p2a: Phione|spd|1\n|\n|-heal|p1a: Scream Tail|306/330 brn|[from] item: Leftovers\n|-heal|p2a: Phione|188/293|[from] item: Leftovers\n|-damage|p1a: Scream Tail|286/330 brn|[from] brn\n|upkeep\n|turn|59\n|\n|t:|1771152811\n|-end|p1a: Scream Tail|Protosynthesis|[silent]\n|switch|p1a: Ditto|Ditto, L87|33/225\n|-damage|p1a: Ditto|5/225|[from] Stealth Rock\n|-transform|p1a: Ditto|p2a: Phione|[from] ability: Imposter\n|move|p2a: Phione|Take Heart||[still]\n|-boost|p2a: Phione|spa|0\n|-boost|p2a: Phione|spd|0\n|-fail|p2a: Phione\n|\n|-heal|p1a: Ditto|170/225|[from] move: Wish|[wisher] Scream Tail\n|-heal|p2a: Phione|206/293|[from] item: Leftovers\n|-end|p2a: Phione|Encore\n|upkeep\n|turn|60\n|\n|t:|1771152819\n|move|p1a: Ditto|Scald|p2a: Phione\n|-resisted|p2a: Phione\n|-damage|p2a: Phione|167/293\n|-status|p2a: Phione|brn\n|move|p2a: Phione|Scald|p1a: Ditto\n|-resisted|p1a: Ditto\n|-damage|p1a: Ditto|124/225\n|\n|-heal|p2a: Phione|185/293 brn|[from] item: Leftovers\n|-damage|p2a: Phione|167/293 brn|[from] brn\n|upkeep\n|turn|61\n|\n|t:|1771152826\n|move|p1a: Ditto|Scald|p2a: Phione\n|-resisted|p2a: Phione\n|-damage|p2a: Phione|125/293 brn\n|move|p2a: Phione|Scald|p1a: Ditto\n|-resisted|p1a: Ditto\n|-damage|p1a: Ditto|81/225\n|-status|p1a: Ditto|brn\n|\n|-heal|p2a: Phione|143/293 brn|[from] item: Leftovers\n|-damage|p1a: Ditto|67/225 brn|[from] brn\n|-damage|p2a: Phione|125/293 brn|[from] brn\n|upkeep\n|turn|62\n|\n|t:|1771152835\n|move|p1a: Ditto|Scald|p2a: Phione\n|-resisted|p2a: Phione\n|-damage|p2a: Phione|83/293 brn\n|move|p2a: Phione|Rest|p2a: Phione\n|-status|p2a: Phione|slp|[from] move: Rest\n|-heal|p2a: Phione|293/293 slp|[silent]\n|\n|-damage|p1a: Ditto|53/225 brn|[from] brn\n|upkeep\n|turn|63\n|\n|t:|1771152839\n|switch|p1a: Politoed|Politoed, L88, M|302/302 slp\n|-damage|p1a: Politoed|265/302 slp|[from] Stealth Rock\n|-weather|RainDance|[from] ability: Drizzle|[of] p1a: Politoed\n|cant|p2a: Phione|slp\n|move|p2a: Phione|Sleep Talk|p2a: Phione\n|move|p2a: Phione|Scald|p1a: Politoed|[from] move: Sleep Talk\n|-resisted|p1a: Politoed\n|-damage|p1a: Politoed|26/302 slp\n|\n|-weather|RainDance|[upkeep]\n|-activate|p2a: Phione|ability: Hydration\n|-curestatus|p2a: Phione|slp|[msg]\n|upkeep\n|turn|64\n|\n|t:|1771152850\n|move|p2a: Phione|Scald|p1a: Politoed\n|-resisted|p1a: Politoed\n|-damage|p1a: Politoed|0 fnt\n|faint|p1a: Politoed\n|\n|-weather|RainDance|[upkeep]\n|upkeep\n|l|☆PokemonmasterN2009\n|inactive|PokemonmasterN2009 disconnected and has a minute to reconnect!\n|player|p1|\n|c|☆no calc edzooto|wait maybe i still got a chance lol\n|inactive|PokemonmasterN2009 has 30 seconds to reconnect!\n|inactive|PokemonmasterN2009 has 20 seconds to reconnect!\n|inactive|PokemonmasterN2009 has 15 seconds to reconnect!\n|inactive|PokemonmasterN2009 has 10 seconds to reconnect!\n|inactive|PokemonmasterN2009 has 5 seconds to reconnect!\n|-message|PokemonmasterN2009 lost due to inactivity.\n|\n|win|no calc edzooto\n|raw|PokemonmasterN2009's rating: 1723 &rarr; <strong>1706</strong><br />(-17 for losing)\n|raw|no calc edzooto's rating: 1768 &rarr; <strong>1785</strong><br />(+17 for winning)\n", "inputlog": ">version 686819e5e19f8a7fd2345cfc5a08a5085efa2cc3\n>start {\"formatid\":\"gen9randombattle\",\"seed\":\"sodium,dbe68f04b7bb8a661f31aa24361d5d31\",\"rated\":\"Rated battle\"}\n>player p1 {\"name\":\"PokemonmasterN2009\",\"avatar\":\"az\",\"rating\":1723,\"seed\":\"sodium,21fcf6e963c8b0e5841cb3a70171c476\"}\n>player p2 {\"name\":\"no calc edzooto\",\"avatar\":\"medium\",\"rating\":1768,\"seed\":\"sodium,e7fda7af4ca81b0db1cf9b46c5c4bbeb\"}\n>p1 switch 3\n>p2 move knockoff\n>p1 move direclaw\n>p2 switch 4\n>p1 move closecombat\n>p2 move rockpolish\n>p1 move closecombat\n>p2 move earthquake\n>p1 switch 3\n>p1 move earthquake\n>p2 switch 6\n>p1 switch 5\n>p2 switch 4\n>p1 move surf\n>p2 move stealthrock\n>p1 move surf\n>p2 switch 3\n>p1 switch 2\n>p2 move energyball\n>p1 move rapidspin\n>p2 move tailglow\n>p1 move dracometeor\n>p2 move energyball\n>p1 move dracometeor\n>p2 switch 3\n>p1 move dracometeor\n>p2 move stealthrock\n>p1 move rapidspin\n>p2 move knockoff\n>p1 switch 2\n>p1 move surf\n>p2 switch 3\n>p1 move surf\n>p2 move energyball\n>p2 switch 2\n>p1 move surf\n>p2 move takeheart\n>p1 move haze\n>p2 move takeheart\n>p1 switch 4\n>p2 move scald\n>p1 move wish\n>p2 switch 6\n>p1 move dazzlinggleam\n>p2 switch 6\n>p1 move dazzlinggleam\n>p2 switch 6\n>p1 move dazzlinggleam\n>p2 move earthquake\n>p2 switch 6\n>p1 move dazzlinggleam\n>p2 move takeheart\n>p1 move encore\n>p2 move takeheart\n>p1 switch 6\n>p2 move takeheart\n>p1 move stoneaxe\n>p2 switch 4\n>p2 switch 4\n>p1 switch 6\n>p2 move scald\n>p1 move dazzlinggleam\n>p2 switch 3\n>p1 move dazzlinggleam\n>p2 move moonlight terastallize\n>p1 move encore\n>p2 move moonlight\n>p1 switch 6\n>p2 switch 3\n>p1 move closecombat terastallize\n>p2 move scald\n>p1 move closecombat\n>p2 switch 3\n>p1 switch 4\n>p2 move knockoff\n>p1 move surf\n>p2 move stealthrock\n>p1 move surf\n>p2 switch 5\n>p1 switch 4\n>p2 move wildcharge\n>p1 switch 6\n>p1 move wish\n>p2 switch 5\n>p1 switch 4\n>p2 move moonlight\n>p1 move surf\n>p2 move moonblast\n>p1 move surf\n>p2 switch 3\n>p1 move surf\n>p2 move rest\n>p1 move rest\n>p2 move scald\n>p1 move surf\n>p2 switch 5\n>p1 switch 5\n>p2 move crunch\n>p1 move wildcharge\n>p2 move crunch\n>p2 switch 5\n>p1 switch 4\n>p2 move scald\n>p1 move wish\n>p2 switch 3\n>p1 move dazzlinggleam\n>p2 move moonlight\n>p2 switch 3\n>chat ☆PokemonmasterN2009|gg\n>chat ☆no calc edzooto|ggs\n>p1 move wish\n>p2 move scald\n>chat ☆PokemonmasterN2009|its a actually good game ngl\n>p1 move dazzlinggleam\n>p2 move scald\n>chat ☆no calc edzooto|yeah lol encore set messed me up hard\n>p1 move dazzlinggleam\n>p2 move takeheart\n>p1 move encore\n>p2 move scald\n>p1 move dazzlinggleam\n>p2 move takeheart\n>p1 move dazzlinggleam\n>p2 move takeheart\n>p1 move encore\n>p2 move takeheart\n>p1 move wish\n>p2 move takeheart\n>p1 switch 4\n>p2 move takeheart\n>p1 move scald\n>p2 move scald\n>p1 move scald\n>p2 move scald\n>p1 move scald\n>p2 move rest\n>p1 switch 5\n>p2 move sleeptalk\n>p1 move haze\n>p2 move scald\n>chat ☆no calc edzooto|wait maybe i still got a chance lol\n>forcelose p1", "uploadtime": 1771152912, "views": 15, "formatid": "gen9randombattle", "rating": 1706, "private": 0, "password": null}