{"id": "gen9randombattle-2540627642", "format": "[Gen 9] Random Battle", "players": ["felix hong", "yusei1789"], "log": "|j|☆felix hong\n|j|☆yusei1789\n|t:|1771230068\n|gametype|singles\n|player|p1|felix hong|1|2197\n|player|p2|yusei1789|170|2310\n|gen|9\n|tier|[Gen 9] Random Battle\n|rated|\n|rule|Species Clause: Limit one of each Pokémon\n|rule|HP Percentage Mod: HP is shown in percentages\n|rule|Sleep Clause Mod: Limit one foe put to sleep\n|rule|Illusion Level Mod: Illusion disguises the Pokémon's true level\n|\n|t:|1771230068\n|teamsize|p1|6\n|teamsize|p2|6\n|start\n|switch|p1a: Regice|Regice, L88|284/284\n|switch|p2a: Illumise|Illumise, L91, F|266/266\n|turn|1\n|inactive|Battle timer is ON: inactive players will automatically lose when time's up. (requested by yusei1789)\n|\n|t:|1771230094\n|switch|p2a: Alomomola|Alomomola, L87, F|429/429\n|switch|p1a: Landorus|Landorus-Therian, L76, M|260/260\n|-ability|p1a: Landorus|Intimidate|boost\n|-unboost|p2a: Alomomola|atk|1\n|\n|upkeep\n|turn|2\n|\n|t:|1771230111\n|switch|p1a: Regice|Regice, L88|284/284\n|move|p2a: Alomomola|Scald|p1a: Regice\n|-damage|p1a: Regice|260/284\n|\n|upkeep\n|turn|3\n|\n|t:|1771230117\n|move|p2a: Alomomola|Flip Turn|p1a: Regice\n|-damage|p1a: Regice|226/284\n|\n|t:|1771230124\n|switch|p2a: Illumise|Illumise, L91, F|266/266|[from] Flip Turn\n|move|p1a: Regice|Thunder Wave|p2a: Illumise\n|-status|p2a: Illumise|par\n|\n|upkeep\n|turn|4\n|\n|t:|1771230130\n|switch|p1a: Landorus|Landorus-Therian, L76, M|260/260\n|-ability|p1a: Landorus|Intimidate|boost\n|-unboost|p2a: Illumise|atk|1\n|switch|p2a: Alomomola|Alomomola, L87, F|429/429\n|\n|upkeep\n|turn|5\n|\n|t:|1771230136\n|switch|p1a: Regice|Regice, L88|226/284\n|move|p2a: Alomomola|Flip Turn|p1a: Regice\n|-damage|p1a: Regice|175/284\n|\n|t:|1771230144\n|switch|p2a: Hitmonlee|Hitmonlee, L85, M|224/224|[from] Flip Turn\n|\n|upkeep\n|turn|6\n|\n|t:|1771230152\n|switch|p1a: Landorus|Landorus-Therian, L76, M|260/260\n|-ability|p1a: Landorus|Intimidate|boost\n|-unboost|p2a: Hitmonlee|atk|1\n|-enditem|p2a: Hitmonlee|White Herb\n|-clearnegativeboost|p2a: Hitmonlee|[silent]\n|move|p2a: Hitmonlee|Close Combat|p1a: Landorus\n|-resisted|p1a: Landorus\n|-damage|p1a: Landorus|175/260\n|-unboost|p2a: Hitmonlee|def|1\n|-unboost|p2a: Hitmonlee|spd|1\n|\n|-heal|p1a: Landorus|191/260|[from] item: Leftovers\n|upkeep\n|turn|7\n|\n|t:|1771230165\n|switch|p2a: Alomomola|Alomomola, L87, F|429/429\n|move|p1a: Landorus|U-turn|p2a: Alomomola\n|-damage|p2a: Alomomola|374/429\n|-damage|p1a: Landorus|148/260|[from] item: Rocky Helmet|[of] p2a: Alomomola\n|\n|t:|1771230170\n|switch|p1a: Regice|Regice, L88|175/284|[from] U-turn\n|\n|upkeep\n|turn|8\n|\n|t:|1771230177\n|move|p2a: Alomomola|Flip Turn|p1a: Regice\n|-damage|p1a: Regice|127/284\n|\n|t:|1771230181\n|switch|p2a: Illumise|Illumise, L91, F|266/266 par|[from] Flip Turn\n|move|p1a: Regice|Ice Beam|p2a: Illumise\n|-damage|p2a: Illumise|161/266 par\n|\n|upkeep\n|turn|9\n|\n|t:|1771230187\n|move|p2a: Illumise|Thunder Wave|p1a: Regice\n|-status|p1a: Regice|par\n|cant|p1a: Regice|par\n|\n|upkeep\n|turn|10\n|\n|t:|1771230194\n|move|p2a: Illumise|Roost|p2a: Illumise\n|-heal|p2a: Illumise|266/266 par\n|-singleturn|p2a: Illumise|move: Roost\n|move|p1a: Regice|Thunderbolt|p2a: Illumise\n|-damage|p2a: Illumise|192/266 par\n|\n|upkeep\n|turn|11\n|\n|t:|1771230199\n|switch|p2a: Alomomola|Alomomola, L87, F|429/429\n|move|p1a: Regice|Ice Beam|p2a: Alomomola\n|-resisted|p2a: Alomomola\n|-damage|p2a: Alomomola|348/429\n|\n|upkeep\n|turn|12\n|\n|t:|1771230208\n|switch|p1a: Alomomola|Alomomola, L87, M|429/429\n|move|p2a: Alomomola|Flip Turn|p1a: Alomomola\n|-resisted|p1a: Alomomola\n|-damage|p1a: Alomomola|399/429\n|-damage|p2a: Alomomola|277/429|[from] item: Rocky Helmet|[of] p1a: Alomomola\n|\n|t:|1771230235\n|switch|p2a: Hitmonlee|Hitmonlee, L85, M|224/224|[from] Flip Turn\n|\n|upkeep\n|turn|13\n|\n|t:|1771230243\n|move|p2a: Hitmonlee|Swords Dance|p2a: Hitmonlee\n|-boost|p2a: Hitmonlee|atk|2\n|move|p1a: Alomomola|Wish|p1a: Alomomola\n|\n|upkeep\n|turn|14\n|\n|t:|1771230250\n|move|p2a: Hitmonlee|Swords Dance|p2a: Hitmonlee\n|-boost|p2a: Hitmonlee|atk|2\n|move|p1a: Alomomola|Flip Turn|p2a: Hitmonlee\n|-damage|p2a: Hitmonlee|149/224\n|\n|t:|1771230256\n|switch|p1a: Tornadus|Tornadus, L82, M|263/263|[from] Flip Turn\n|\n|upkeep\n|turn|15\n|\n|t:|1771230263\n|-terastallize|p2a: Hitmonlee|Dark\n|move|p1a: Tornadus|Bleakwind Storm|p2a: Hitmonlee|[miss]\n|-miss|p1a: Tornadus|p2a: Hitmonlee\n|move|p2a: Hitmonlee|Knock Off|p1a: Tornadus\n|-damage|p1a: Tornadus|0 fnt\n|-enditem|p1a: Tornadus|Choice Specs|[from] move: Knock Off|[of] p2a: Hitmonlee\n|faint|p1a: Tornadus\n|\n|upkeep\n|\n|t:|1771230273\n|switch|p1a: Gholdengo|Gholdengo, L77|261/261\n|turn|16\n|\n|t:|1771230276\n|move|p1a: Gholdengo|Focus Blast|p2a: Hitmonlee\n|-supereffective|p2a: Hitmonlee\n|-damage|p2a: Hitmonlee|1/224\n|-unboost|p2a: Hitmonlee|spd|1\n|move|p2a: Hitmonlee|Knock Off|p1a: Gholdengo\n|-supereffective|p1a: Gholdengo\n|-damage|p1a: Gholdengo|0 fnt\n|-enditem|p1a: Gholdengo|Choice Scarf|[from] move: Knock Off|[of] p2a: Hitmonlee\n|faint|p1a: Gholdengo\n|\n|upkeep\n|\n|t:|1771230284\n|switch|p1a: Landorus|Landorus-Therian, L76, M|148/260\n|-ability|p1a: Landorus|Intimidate|boost\n|-unboost|p2a: Hitmonlee|atk|1\n|turn|17\n|\n|t:|1771230289\n|switch|p1a: Alomomola|Alomomola, L87, M|429/429\n|move|p2a: Hitmonlee|Close Combat|p1a: Alomomola\n|-damage|p1a: Alomomola|30/429\n|-unboost|p2a: Hitmonlee|def|1\n|-unboost|p2a: Hitmonlee|spd|1\n|-damage|p2a: Hitmonlee|0 fnt|[from] item: Rocky Helmet|[of] p1a: Alomomola\n|faint|p2a: Hitmonlee\n|\n|upkeep\n|\n|t:|1771230305\n|switch|p2a: Hydreigon|Hydreigon, L79, M|275/275\n|turn|18\n|\n|t:|1771230315\n|move|p1a: Alomomola|Protect|p1a: Alomomola\n|-singleturn|p1a: Alomomola|Protect\n|move|p2a: Hydreigon|Dark Pulse|p1a: Alomomola\n|-activate|p1a: Alomomola|move: Protect\n|\n|upkeep\n|turn|19\n|\n|t:|1771230322\n|switch|p1a: Landorus|Landorus-Therian, L76, M|148/260\n|-ability|p1a: Landorus|Intimidate|boost\n|-unboost|p2a: Hydreigon|atk|1\n|move|p2a: Hydreigon|Dark Pulse|p1a: Landorus\n|-damage|p1a: Landorus|0 fnt\n|faint|p1a: Landorus\n|\n|upkeep\n|\n|t:|1771230325\n|switch|p1a: Alomomola|Alomomola, L87, M|173/429\n|turn|20\n|\n|t:|1771230333\n|move|p1a: Alomomola|Protect|p1a: Alomomola\n|-singleturn|p1a: Alomomola|Protect\n|move|p2a: Hydreigon|Dark Pulse|p1a: Alomomola\n|-activate|p1a: Alomomola|move: Protect\n|\n|upkeep\n|turn|21\n|\n|t:|1771230338\n|switch|p1a: Archaludon|Archaludon, L78, M|268/268\n|move|p2a: Hydreigon|Dark Pulse|p1a: Archaludon\n|-damage|p1a: Archaludon|78/268\n|-ability|p1a: Archaludon|Stamina|boost\n|-boost|p1a: Archaludon|def|1\n|\n|-heal|p1a: Archaludon|94/268|[from] item: Leftovers\n|upkeep\n|turn|22\n|\n|t:|1771230344\n|move|p2a: Hydreigon|Dark Pulse|p1a: Archaludon\n|-damage|p1a: Archaludon|0 fnt\n|faint|p1a: Archaludon\n|\n|upkeep\n|\n|t:|1771230346\n|switch|p1a: Alomomola|Alomomola, L87, M|316/429\n|turn|23\n|\n|t:|1771230348\n|move|p1a: Alomomola|Protect|p1a: Alomomola\n|-singleturn|p1a: Alomomola|Protect\n|move|p2a: Hydreigon|Dark Pulse|p1a: Alomomola\n|-activate|p1a: Alomomola|move: Protect\n|\n|upkeep\n|turn|24\n|\n|t:|1771230351\n|move|p2a: Hydreigon|Dark Pulse|p1a: Alomomola\n|-damage|p1a: Alomomola|112/429\n|move|p1a: Alomomola|Wish|p1a: Alomomola\n|\n|upkeep\n|turn|25\n|\n|t:|1771230356\n|switch|p1a: Regice|Regice, L88|127/284 par\n|move|p2a: Hydreigon|Dark Pulse|p1a: Regice\n|-damage|p1a: Regice|57/284 par\n|\n|-heal|p1a: Regice|271/284 par|[from] move: Wish|[wisher] Alomomola\n|upkeep\n|turn|26\n|\n|t:|1771230368\n|switch|p2a: Illumise|Illumise, L91, F|192/266 par\n|move|p1a: Regice|Thunder Wave|p2a: Illumise|[miss]\n|-miss|p1a: Regice|p2a: Illumise\n|\n|upkeep\n|turn|27\n|\n|t:|1771230376\n|cant|p2a: Illumise|par\n|move|p1a: Regice|Ice Beam|p2a: Illumise\n|-damage|p2a: Illumise|86/266 par\n|\n|upkeep\n|turn|28\n|\n|t:|1771230384\n|cant|p2a: Illumise|par\n|move|p1a: Regice|Ice Beam|p2a: Illumise\n|-damage|p2a: Illumise|0 fnt\n|faint|p2a: Illumise\n|\n|upkeep\n|\n|t:|1771230399\n|switch|p2a: Hoopa|Hoopa, L85|275/275\n|turn|29\n|\n|t:|1771230403\n|move|p2a: Hoopa|Nasty Plot|p2a: Hoopa\n|-boost|p2a: Hoopa|spa|2\n|move|p1a: Regice|Thunder Wave|p2a: Hoopa\n|-status|p2a: Hoopa|par\n|\n|upkeep\n|turn|30\n|\n|t:|1771230410\n|move|p2a: Hoopa|Focus Blast|p1a: Regice\n|-supereffective|p1a: Regice\n|-damage|p1a: Regice|0 fnt\n|faint|p1a: Regice\n|-damage|p2a: Hoopa|248/275 par|[from] item: Life Orb\n|\n|upkeep\n|\n|t:|1771230413\n|switch|p1a: Alomomola|Alomomola, L87, M|255/429\n|turn|31\n|-message|felix hong forfeited.\n|\n|win|yusei1789\n|raw|felix hong's rating: 2197 &rarr; <strong>2183</strong><br />(-14 for losing)\n|raw|yusei1789's rating: 2310 &rarr; <strong>2324</strong><br />(+14 for winning)\n", "inputlog": ">version 686819e5e19f8a7fd2345cfc5a08a5085efa2cc3\n>start {\"formatid\":\"gen9randombattle\",\"seed\":\"sodium,224fa563d635770f8ab1e1eb530395f3\",\"rated\":\"Rated battle\"}\n>player p1 {\"name\":\"felix hong\",\"avatar\":\"1\",\"rating\":2197,\"seed\":\"sodium,7ebf946a7357dd3188b15647e5ce35fb\"}\n>player p2 {\"name\":\"yusei1789\",\"avatar\":\"170\",\"rating\":2310,\"seed\":\"sodium,04af95d770f85d1396fb759ef78fbc14\"}\n>p1 switch 5\n>p2 switch 2\n>p1 switch 5\n>p2 move scald\n>p1 move thunderwave\n>p2 move flipturn\n>p2 switch 2\n>p1 switch 5\n>p2 switch 2\n>p1 switch 5\n>p2 move flipturn\n>p2 switch 6\n>p1 switch 5\n>p2 move closecombat\n>p1 move uturn\n>p2 switch 6\n>p1 switch 5\n>p1 move icebeam\n>p2 move flipturn\n>p2 switch 2\n>p1 move icebeam\n>p2 move thunderwave\n>p1 move thunderbolt\n>p2 move roost\n>p1 move icebeam\n>p2 switch 2\n>p1 switch 6\n>p2 move flipturn\n>p2 switch 6\n>p1 move wish\n>p2 move swordsdance\n>p1 move flipturn\n>p2 move swordsdance\n>p1 switch 4\n>p1 move bleakwindstorm\n>p2 move knockoff terastallize\n>p1 switch 2\n>p1 move focusblast\n>p2 move knockoff\n>p1 switch 5\n>p1 switch 4\n>p2 move closecombat\n>p2 switch 3\n>p1 move protect\n>p2 move darkpulse\n>p1 switch 4\n>p2 move darkpulse\n>p1 switch 4\n>p1 move protect\n>p2 move darkpulse\n>p1 switch 3\n>p2 move darkpulse\n>p1 move dracometeor\n>p2 move darkpulse\n>p1 switch 3\n>p1 move protect\n>p2 move darkpulse\n>p1 move wish\n>p2 move darkpulse\n>p1 switch 6\n>p2 move darkpulse\n>p1 move thunderwave\n>p2 switch 2\n>p1 move icebeam\n>p2 move encore\n>p1 move icebeam\n>p2 move roost\n>p2 switch 5\n>p1 move thunderwave\n>p2 move nastyplot\n>p1 move icebeam\n>p2 move focusblast\n>p1 switch 6\n>forcelose p1", "uploadtime": 1771230425, "views": 15, "formatid": "gen9randombattle", "rating": 2183, "private": 0, "password": null}