{"id": "gen9randombattle-2540260081", "format": "[Gen 9] Random Battle", "players": ["TeraFast", "TheHonchkrow"], "log": "|j|☆TeraFast\n|j|☆TheHonchkrow\n|t:|1771181837\n|gametype|singles\n|player|p1|TeraFast|wattson|1743\n|player|p2|TheHonchkrow|saturn|1730\n|gen|9\n|tier|[Gen 9] Random Battle\n|rated|\n|rule|Species Clause: Limit one of each Pokémon\n|rule|HP Percentage Mod: HP is shown in percentages\n|rule|Sleep Clause Mod: Limit one foe put to sleep\n|rule|Illusion Level Mod: Illusion disguises the Pokémon's true level\n|\n|t:|1771181837\n|teamsize|p1|6\n|teamsize|p2|6\n|start\n|switch|p1a: Iron Crown|Iron Crown, L78|268/268\n|switch|p2a: Gengar|Gengar, L81, F|230/230\n|turn|1\n|inactive|Battle timer is ON: inactive players will automatically lose when time's up. (requested by TheHonchkrow)\n|\n|t:|1771181862\n|switch|p2a: Hydreigon|Hydreigon, L79, M|275/275\n|move|p1a: Iron Crown|Psyshock|p2a: Hydreigon\n|-immune|p2a: Hydreigon\n|\n|upkeep\n|turn|2\n|inactive|TeraFast has 120 seconds left.\n|\n|t:|1771181915\n|move|p2a: Hydreigon|U-turn|p1a: Iron Crown\n|-damage|p1a: Iron Crown|222/268\n|\n|t:|1771181920\n|switch|p2a: Espeon|Espeon, L84, F|246/246|[from] U-turn\n|move|p1a: Iron Crown|Focus Blast|p2a: Espeon|[miss]\n|-miss|p1a: Iron Crown|p2a: Espeon\n|\n|-heal|p1a: Iron Crown|238/268|[from] item: Leftovers\n|upkeep\n|turn|3\n|\n|t:|1771181931\n|move|p2a: Espeon|Trick|p1a: Iron Crown\n|-activate|p2a: Espeon|move: Trick|[of] p1a: Iron Crown\n|-item|p1a: Iron Crown|Choice Specs|[from] move: Trick\n|-item|p2a: Espeon|Leftovers|[from] move: Trick\n|move|p1a: Iron Crown|Calm Mind|p1a: Iron Crown\n|-boost|p1a: Iron Crown|spa|1\n|-boost|p1a: Iron Crown|spd|1\n|\n|upkeep\n|turn|4\n|\n|t:|1771181937\n|-end|p1a: Iron Crown|Quark Drive|[silent]\n|switch|p1a: Sudowoodo|Sudowoodo, L94, M|284/284\n|move|p2a: Espeon|Shadow Ball|p1a: Sudowoodo\n|-damage|p1a: Sudowoodo|211/284\n|\n|upkeep\n|turn|5\n|\n|t:|1771181947\n|move|p2a: Espeon|Psychic|p1a: Sudowoodo\n|-damage|p1a: Sudowoodo|73/284\n|move|p1a: Sudowoodo|Head Smash|p2a: Espeon\n|-damage|p2a: Espeon|0 fnt\n|faint|p2a: Espeon\n|\n|upkeep\n|inactive|TheHonchkrow has 120 seconds left.\n|inactive|TheHonchkrow has 90 seconds left.\n|\n|t:|1771182013\n|switch|p2a: Gengar|Gengar, L81, F|230/230\n|turn|6\n|\n|t:|1771182023\n|switch|p1a: Clodsire|Clodsire, L81, M|343/343\n|move|p2a: Gengar|Shadow Ball|p1a: Clodsire\n|-crit|p1a: Clodsire\n|-damage|p1a: Clodsire|160/343\n|-unboost|p1a: Clodsire|spd|1\n|-damage|p2a: Gengar|207/230|[from] item: Life Orb\n|\n|-heal|p1a: Clodsire|181/343|[from] item: Leftovers\n|upkeep\n|turn|7\n|c|☆TeraFast|...\n|inactive|TheHonchkrow has 90 seconds left.\n|\n|t:|1771182041\n|switch|p1a: Porygon2|Porygon2, L81|270/270\n|-ability|p1a: Porygon2|Download|boost\n|-boost|p1a: Porygon2|atk|1\n|move|p2a: Gengar|Shadow Ball|p1a: Porygon2\n|-immune|p1a: Porygon2\n|\n|upkeep\n|turn|8\n|inactive|TheHonchkrow has 90 seconds left.\n|\n|t:|1771182060\n|switch|p2a: Articuno|Articuno-Galar, L84|288/288\n|move|p1a: Porygon2|Thunder Wave|p2a: Articuno\n|-status|p2a: Articuno|par\n|\n|upkeep\n|turn|9\n|inactive|TheHonchkrow has 90 seconds left.\n|inactive|TeraFast has 120 seconds left.\n|\n|t:|1771182096\n|switch|p1a: Hippowdon|Hippowdon, L82, M|311/311\n|-weather|Sandstorm|[from] ability: Sand Stream|[of] p1a: Hippowdon\n|cant|p2a: Articuno|par\n|\n|-weather|Sandstorm|[upkeep]\n|-damage|p2a: Articuno|270/288 par|[from] Sandstorm\n|upkeep\n|turn|10\n|inactive|TheHonchkrow has 90 seconds left.\n|\n|t:|1771182109\n|move|p1a: Hippowdon|Stealth Rock|p2a: Articuno\n|-sidestart|p2: TheHonchkrow|move: Stealth Rock\n|move|p2a: Articuno|Hurricane|p1a: Hippowdon\n|-damage|p1a: Hippowdon|134/311\n|\n|-weather|Sandstorm|[upkeep]\n|-damage|p2a: Articuno|252/288 par|[from] Sandstorm\n|-heal|p1a: Hippowdon|153/311|[from] item: Leftovers\n|upkeep\n|turn|11\n|\n|t:|1771182114\n|switch|p2a: Scovillain|Scovillain, L91, F|266/266\n|move|p1a: Hippowdon|Slack Off|p1a: Hippowdon\n|-heal|p1a: Hippowdon|309/311\n|\n|-weather|Sandstorm|[upkeep]\n|-damage|p2a: Scovillain|250/266|[from] Sandstorm\n|-heal|p1a: Hippowdon|311/311|[from] item: Leftovers\n|upkeep\n|turn|12\n|\n|t:|1771182121\n|-terastallize|p1a: Hippowdon|Dragon\n|move|p2a: Scovillain|Energy Ball|p1a: Hippowdon\n|-resisted|p1a: Hippowdon\n|-damage|p1a: Hippowdon|236/311\n|move|p1a: Hippowdon|Stone Edge|p2a: Scovillain|[miss]\n|-miss|p1a: Hippowdon|p2a: Scovillain\n|\n|-weather|Sandstorm|[upkeep]\n|-damage|p2a: Scovillain|234/266|[from] Sandstorm\n|-damage|p1a: Hippowdon|217/311|[from] Sandstorm\n|-heal|p1a: Hippowdon|236/311|[from] item: Leftovers\n|upkeep\n|turn|13\n|\n|t:|1771182131\n|switch|p2a: Hydreigon|Hydreigon, L79, M|275/275\n|-damage|p2a: Hydreigon|241/275|[from] Stealth Rock\n|move|p1a: Hippowdon|Stone Edge|p2a: Hydreigon\n|-damage|p2a: Hydreigon|168/275\n|\n|-weather|none\n|-heal|p1a: Hippowdon|255/311|[from] item: Leftovers\n|upkeep\n|turn|14\n|\n|t:|1771182138\n|switch|p1a: Porygon2|Porygon2, L81|270/270\n|-ability|p1a: Porygon2|Download|boost\n|-boost|p1a: Porygon2|spa|1\n|move|p2a: Hydreigon|Draco Meteor|p1a: Porygon2\n|-damage|p1a: Porygon2|120/270\n|-unboost|p2a: Hydreigon|spa|2\n|\n|upkeep\n|turn|15\n|\n|t:|1771182153\n|switch|p2a: Articuno|Articuno-Galar, L84|252/288 par\n|move|p1a: Porygon2|Recover|p1a: Porygon2\n|-heal|p1a: Porygon2|255/270\n|\n|upkeep\n|turn|16\n|\n|t:|1771182160\n|move|p1a: Porygon2|Shadow Ball|p2a: Articuno\n|-supereffective|p2a: Articuno\n|-damage|p2a: Articuno|102/288 par\n|move|p2a: Articuno|Hurricane|p1a: Porygon2|[miss]\n|-miss|p2a: Articuno|p1a: Porygon2\n|\n|upkeep\n|turn|17\n|\n|t:|1771182166\n|move|p1a: Porygon2|Shadow Ball|p2a: Articuno\n|-supereffective|p2a: Articuno\n|-damage|p2a: Articuno|0 fnt\n|faint|p2a: Articuno\n|\n|upkeep\n|\n|t:|1771182171\n|switch|p2a: Gengar|Gengar, L81, F|207/230\n|-damage|p2a: Gengar|179/230|[from] Stealth Rock\n|turn|18\n|\n|t:|1771182175\n|move|p2a: Gengar|Focus Blast|p1a: Porygon2\n|-supereffective|p1a: Porygon2\n|-damage|p1a: Porygon2|78/270\n|-damage|p2a: Gengar|156/230|[from] item: Life Orb\n|move|p1a: Porygon2|Thunder Wave|p2a: Gengar\n|-status|p2a: Gengar|par\n|\n|upkeep\n|turn|19\n|\n|t:|1771182183\n|move|p1a: Porygon2|Recover|p1a: Porygon2\n|-heal|p1a: Porygon2|213/270\n|move|p2a: Gengar|Focus Blast|p1a: Porygon2\n|-supereffective|p1a: Porygon2\n|-damage|p1a: Porygon2|49/270\n|-damage|p2a: Gengar|133/230 par|[from] item: Life Orb\n|\n|upkeep\n|turn|20\n|\n|t:|1771182187\n|move|p1a: Porygon2|Recover|p1a: Porygon2\n|-heal|p1a: Porygon2|184/270\n|cant|p2a: Gengar|par\n|\n|upkeep\n|turn|21\n|\n|t:|1771182190\n|move|p1a: Porygon2|Recover|p1a: Porygon2\n|-heal|p1a: Porygon2|270/270\n|move|p2a: Gengar|Focus Blast|p1a: Porygon2\n|-supereffective|p1a: Porygon2\n|-damage|p1a: Porygon2|93/270\n|-damage|p2a: Gengar|110/230 par|[from] item: Life Orb\n|\n|upkeep\n|turn|22\n|\n|t:|1771182195\n|move|p1a: Porygon2|Recover|p1a: Porygon2\n|-heal|p1a: Porygon2|228/270\n|cant|p2a: Gengar|par\n|\n|upkeep\n|turn|23\n|\n|t:|1771182198\n|move|p1a: Porygon2|Shadow Ball|p2a: Gengar\n|-supereffective|p2a: Gengar\n|-damage|p2a: Gengar|0 fnt\n|faint|p2a: Gengar\n|\n|upkeep\n|\n|t:|1771182208\n|switch|p2a: Scovillain|Scovillain, L91, F|234/266\n|turn|24\n|\n|t:|1771182212\n|-terastallize|p2a: Scovillain|Ground\n|move|p2a: Scovillain|Sunny Day|p2a: Scovillain\n|-weather|SunnyDay\n|move|p1a: Porygon2|Thunder Wave|p2a: Scovillain\n|-immune|p2a: Scovillain\n|\n|-weather|SunnyDay|[upkeep]\n|upkeep\n|turn|25\n|\n|t:|1771182218\n|move|p2a: Scovillain|Fire Blast|p1a: Porygon2\n|-damage|p1a: Porygon2|78/270\n|move|p1a: Porygon2|Tera Blast|p2a: Scovillain\n|-damage|p2a: Scovillain|81/266\n|\n|-weather|SunnyDay|[upkeep]\n|upkeep\n|turn|26\n|\n|t:|1771182225\n|move|p2a: Scovillain|Energy Ball|p1a: Porygon2\n|-damage|p1a: Porygon2|0 fnt\n|faint|p1a: Porygon2\n|\n|-weather|SunnyDay|[upkeep]\n|upkeep\n|\n|t:|1771182227\n|switch|p1a: Hippowdon|Hippowdon, L82, M, tera:Dragon|255/311\n|-weather|Sandstorm|[from] ability: Sand Stream|[of] p1a: Hippowdon\n|turn|27\n|\n|t:|1771182233\n|switch|p2a: Hydreigon|Hydreigon, L79, M|168/275\n|-damage|p2a: Hydreigon|134/275|[from] Stealth Rock\n|move|p1a: Hippowdon|Earthquake|p2a: Hydreigon\n|-immune|p2a: Hydreigon|[from] ability: Levitate\n|\n|-weather|Sandstorm|[upkeep]\n|-damage|p2a: Hydreigon|117/275|[from] Sandstorm\n|-damage|p1a: Hippowdon|236/311|[from] Sandstorm\n|-heal|p1a: Hippowdon|255/311|[from] item: Leftovers\n|upkeep\n|turn|28\n|\n|t:|1771182246\n|switch|p1a: Clodsire|Clodsire, L81, M|181/343\n|move|p2a: Hydreigon|Dark Pulse|p1a: Clodsire\n|-crit|p1a: Clodsire\n|-damage|p1a: Clodsire|3/343\n|\n|-weather|Sandstorm|[upkeep]\n|-damage|p2a: Hydreigon|100/275|[from] Sandstorm\n|-heal|p1a: Clodsire|24/343|[from] item: Leftovers\n|upkeep\n|turn|29\n|\n|t:|1771182251\n|move|p2a: Hydreigon|Dark Pulse|p1a: Clodsire\n|-damage|p1a: Clodsire|0 fnt\n|faint|p1a: Clodsire\n|\n|-weather|Sandstorm|[upkeep]\n|-damage|p2a: Hydreigon|83/275|[from] Sandstorm\n|upkeep\n|\n|t:|1771182259\n|switch|p1a: Snorlax|Snorlax, L82, M|397/397\n|turn|30\n|\n|t:|1771182267\n|switch|p2a: Scovillain|Scovillain, L91, F, tera:Ground|81/266\n|move|p1a: Snorlax|Body Slam|p2a: Scovillain\n|-damage|p2a: Scovillain|0 fnt\n|faint|p2a: Scovillain\n|\n|-weather|Sandstorm|[upkeep]\n|-damage|p1a: Snorlax|373/397|[from] Sandstorm\n|-heal|p1a: Snorlax|397/397|[from] item: Leftovers\n|upkeep\n|\n|t:|1771182272\n|switch|p2a: Feraligatr|Feraligatr, L79, F|264/264\n|-damage|p2a: Feraligatr|231/264|[from] Stealth Rock\n|turn|31\n|\n|t:|1771182279\n|move|p2a: Feraligatr|Dragon Dance|p2a: Feraligatr\n|-boost|p2a: Feraligatr|atk|1\n|-boost|p2a: Feraligatr|spe|1\n|move|p1a: Snorlax|Curse|p1a: Snorlax\n|-unboost|p1a: Snorlax|spe|1\n|-boost|p1a: Snorlax|atk|1\n|-boost|p1a: Snorlax|def|1\n|\n|-weather|none\n|upkeep\n|turn|32\n|\n|t:|1771182288\n|move|p2a: Feraligatr|Liquidation|p1a: Snorlax\n|-crit|p1a: Snorlax\n|-damage|p1a: Snorlax|0 fnt\n|faint|p1a: Snorlax\n|\n|upkeep\n|c|☆TeraFast|...\n|\n|t:|1771182297\n|switch|p1a: Hippowdon|Hippowdon, L82, M, tera:Dragon|255/311\n|-weather|Sandstorm|[from] ability: Sand Stream|[of] p1a: Hippowdon\n|turn|33\n|c|☆TheHonchkrow|nice\n|c|☆TeraFast|bruh\n|c|☆TeraFast|the amount of crits today lol\n|\n|t:|1771182309\n|move|p2a: Feraligatr|Ice Punch|p1a: Hippowdon\n|-supereffective|p1a: Hippowdon\n|-damage|p1a: Hippowdon|63/311\n|move|p1a: Hippowdon|Earthquake|p2a: Feraligatr\n|-damage|p2a: Feraligatr|120/264\n|\n|-weather|Sandstorm|[upkeep]\n|-damage|p2a: Feraligatr|104/264|[from] Sandstorm\n|-damage|p1a: Hippowdon|44/311|[from] Sandstorm\n|-heal|p1a: Hippowdon|63/311|[from] item: Leftovers\n|upkeep\n|turn|34\n|\n|t:|1771182313\n|move|p2a: Feraligatr|Ice Punch|p1a: Hippowdon\n|-supereffective|p1a: Hippowdon\n|-damage|p1a: Hippowdon|0 fnt\n|faint|p1a: Hippowdon\n|\n|-weather|Sandstorm|[upkeep]\n|-damage|p2a: Feraligatr|88/264|[from] Sandstorm\n|upkeep\n|\n|t:|1771182316\n|switch|p1a: Sudowoodo|Sudowoodo, L94, M|73/284\n|turn|35\n|\n|t:|1771182321\n|move|p2a: Feraligatr|Liquidation|p1a: Sudowoodo\n|-supereffective|p1a: Sudowoodo\n|-damage|p1a: Sudowoodo|0 fnt\n|faint|p1a: Sudowoodo\n|\n|-weather|Sandstorm|[upkeep]\n|-damage|p2a: Feraligatr|72/264|[from] Sandstorm\n|upkeep\n|\n|t:|1771182323\n|switch|p1a: Iron Crown|Iron Crown, L78|238/268\n|turn|36\n|\n|t:|1771182331\n|move|p2a: Feraligatr|Crunch|p1a: Iron Crown\n|-supereffective|p1a: Iron Crown\n|-damage|p1a: Iron Crown|0 fnt\n|faint|p1a: Iron Crown\n|-end|p1a: Iron Crown|Quark Drive|[silent]\n|\n|win|TheHonchkrow\n|raw|TeraFast's rating: 1743 &rarr; <strong>1722</strong><br />(-21 for losing)\n|raw|TheHonchkrow's rating: 1730 &rarr; <strong>1751</strong><br />(+21 for winning)\n", "inputlog": ">version 686819e5e19f8a7fd2345cfc5a08a5085efa2cc3\n>start {\"formatid\":\"gen9randombattle\",\"seed\":\"sodium,07dfcc231a7353efbfc003a773f7dc98\",\"rated\":\"Rated battle\"}\n>player p1 {\"name\":\"TeraFast\",\"avatar\":\"wattson\",\"rating\":1743,\"seed\":\"sodium,68ed610bd69422d6589c1944f4414bcb\"}\n>player p2 {\"name\":\"TheHonchkrow\",\"avatar\":\"saturn\",\"rating\":1730,\"seed\":\"sodium,6444ce92b54efd3cc7ef0134efe686f2\"}\n>p1 move psyshock\n>p2 switch 3\n>p1 move focusblast\n>p2 move uturn\n>p2 switch 5\n>p1 move calmmind\n>p2 move trick\n>p1 switch 4\n>p2 move shadowball\n>p1 move headsmash\n>p2 move psychic\n>p2 switch 3\n>p1 switch 3\n>p2 move shadowball\n>chat ☆TeraFast|...\n>p1 switch 2\n>p2 move shadowball\n>p1 move thunderwave\n>p2 switch 2\n>p1 switch 5\n>p2 move calmmind\n>p1 move stealthrock\n>p2 move hurricane\n>p1 move slackoff\n>p2 switch 4\n>p1 move stoneedge terastallize\n>p2 move energyball\n>p1 move stoneedge\n>p2 switch 5\n>p1 switch 5\n>p2 move dracometeor\n>p1 move recover\n>p2 switch 4\n>p1 move shadowball\n>p2 move hurricane\n>p1 move shadowball\n>p2 move recover\n>p2 switch 2\n>p1 move thunderwave\n>p2 move focusblast\n>p1 move recover\n>p2 move focusblast\n>p1 move recover\n>p2 move focusblast\n>p1 move recover\n>p2 move focusblast\n>p1 move recover\n>p2 move focusblast\n>p1 move shadowball\n>p2 move focusblast\n>p2 switch 5\n>p1 move thunderwave\n>p2 move sunnyday terastallize\n>p1 move terablast\n>p2 move fireblast\n>p1 move terablast\n>p2 move energyball\n>p1 switch 5\n>p1 move earthquake\n>p2 switch 4\n>p1 switch 2\n>p2 move darkpulse\n>p1 move recover\n>p2 move darkpulse\n>p1 switch 6\n>p1 move bodyslam\n>p2 switch 4\n>p2 switch 6\n>p1 move curse\n>p2 move dragondance\n>p1 move curse\n>p2 move liquidation\n>chat ☆TeraFast|...\n>p1 switch 2\n>chat ☆TheHonchkrow|nice\n>chat ☆TeraFast|bruh\n>chat ☆TeraFast|the amount of crits today lol\n>p1 move earthquake\n>p2 move icepunch\n>p1 move earthquake\n>p2 move icepunch\n>p1 switch 3\n>p1 move headsmash\n>p2 move liquidation\n>p1 switch 4\n>p1 move tachyoncutter\n>p2 move crunch", "uploadtime": 1771182337, "views": 9, "formatid": "gen9randombattle", "rating": 1722, "private": 0, "password": null}