{"id": "gen9randombattle-2540528246", "format": "[Gen 9] Random Battle", "players": ["jaydragon_25", "SquidRoundpants"], "log": "|j|‽jaydragon_25\n|j|☆SquidRoundpants\n|t:|1771213467\n|gametype|singles\n|player|p1|jaydragon_25|2|1642\n|player|p2|SquidRoundpants|leon|1629\n|gen|9\n|tier|[Gen 9] Random Battle\n|rated|\n|rule|Species Clause: Limit one of each Pokémon\n|rule|HP Percentage Mod: HP is shown in percentages\n|rule|Sleep Clause Mod: Limit one foe put to sleep\n|rule|Illusion Level Mod: Illusion disguises the Pokémon's true level\n|\n|t:|1771213467\n|teamsize|p1|6\n|teamsize|p2|6\n|start\n|switch|p1a: Sunflora|Sunflora, F|312/312\n|switch|p2a: Duraludon|Duraludon, L82, M|249/249\n|turn|1\n|inactive|Battle timer is ON: inactive players will automatically lose when time's up. (requested by SquidRoundpants)\n|\n|t:|1771213477\n|move|p2a: Duraludon|Stealth Rock|p1a: Sunflora\n|-sidestart|p1: jaydragon_25|move: Stealth Rock\n|move|p1a: Sunflora|Sunny Day|p1a: Sunflora\n|-weather|SunnyDay\n|\n|-weather|SunnyDay|[upkeep]\n|upkeep\n|turn|2\n|\n|t:|1771213483\n|move|p1a: Sunflora|Earth Power|p2a: Duraludon\n|-supereffective|p2a: Duraludon\n|-damage|p2a: Duraludon|0 fnt\n|faint|p2a: Duraludon\n|-damage|p1a: Sunflora|281/312|[from] item: Life Orb\n|\n|-weather|SunnyDay|[upkeep]\n|upkeep\n|\n|t:|1771213492\n|switch|p2a: Morpeko|Morpeko, L88, M|245/245\n|turn|3\n|\n|t:|1771213513\n|switch|p2a: Orthworm|Orthworm, L88, M|266/266\n|move|p1a: Sunflora|Earth Power|p2a: Orthworm\n|-immune|p2a: Orthworm|[from] ability: Earth Eater\n|\n|-weather|SunnyDay|[upkeep]\n|upkeep\n|turn|4\n|\n|t:|1771213522\n|switch|p2a: Altaria|Altaria, L89, M|278/278\n|move|p1a: Sunflora|Weather Ball|p2a: Altaria\n|-resisted|p2a: Altaria\n|-damage|p2a: Altaria|188/278\n|-damage|p1a: Sunflora|250/312|[from] item: Life Orb\n|\n|-weather|SunnyDay|[upkeep]\n|upkeep\n|turn|5\n|\n|t:|1771213529\n|move|p1a: Sunflora|Weather Ball|p2a: Altaria\n|-resisted|p2a: Altaria\n|-damage|p2a: Altaria|98/278\n|-damage|p1a: Sunflora|219/312|[from] item: Life Orb\n|move|p2a: Altaria|Roost|p2a: Altaria\n|-heal|p2a: Altaria|237/278\n|-singleturn|p2a: Altaria|move: Roost\n|\n|-weather|none\n|upkeep\n|turn|6\n|\n|t:|1771213543\n|-terastallize|p1a: Sunflora|Fire\n|move|p2a: Altaria|Brave Bird|p1a: Sunflora\n|-damage|p1a: Sunflora|84/312\n|-damage|p2a: Altaria|192/278|[from] Recoil\n|move|p1a: Sunflora|Sunny Day|p1a: Sunflora\n|-weather|SunnyDay\n|\n|-weather|SunnyDay|[upkeep]\n|upkeep\n|turn|7\n|\n|t:|1771213547\n|move|p1a: Sunflora|Weather Ball|p2a: Altaria\n|-resisted|p2a: Altaria\n|-damage|p2a: Altaria|67/278\n|-damage|p1a: Sunflora|53/312|[from] item: Life Orb\n|move|p2a: Altaria|Earthquake|p1a: Sunflora\n|-supereffective|p1a: Sunflora\n|-damage|p1a: Sunflora|0 fnt\n|faint|p1a: Sunflora\n|\n|-weather|SunnyDay|[upkeep]\n|upkeep\n|\n|t:|1771213562\n|switch|p1a: Magmortar|Magmortar, L88, F|275/275\n|turn|8\n|\n|t:|1771213570\n|move|p1a: Magmortar|Fire Blast|p2a: Altaria|[miss]\n|-miss|p1a: Magmortar|p2a: Altaria\n|move|p2a: Altaria|Earthquake|p1a: Magmortar\n|-supereffective|p1a: Magmortar\n|-damage|p1a: Magmortar|131/275\n|\n|-weather|SunnyDay|[upkeep]\n|upkeep\n|turn|9\n|\n|t:|1771213574\n|move|p1a: Magmortar|Fire Blast|p2a: Altaria\n|-resisted|p2a: Altaria\n|-damage|p2a: Altaria|0 fnt\n|faint|p2a: Altaria\n|\n|-weather|SunnyDay|[upkeep]\n|upkeep\n|\n|t:|1771213579\n|switch|p2a: Deoxys|Deoxys-Defense, L84|221/221\n|-ability|p2a: Deoxys|Pressure\n|turn|10\n|\n|t:|1771213585\n|move|p2a: Deoxys|Cosmic Power|p2a: Deoxys\n|-boost|p2a: Deoxys|def|1\n|-boost|p2a: Deoxys|spd|1\n|move|p1a: Magmortar|Fire Blast|p2a: Deoxys\n|-damage|p2a: Deoxys|116/221\n|\n|-weather|none\n|-heal|p2a: Deoxys|129/221|[from] item: Leftovers\n|upkeep\n|turn|11\n|\n|t:|1771213591\n|move|p2a: Deoxys|Recover|p2a: Deoxys\n|-heal|p2a: Deoxys|221/221\n|move|p1a: Magmortar|Fire Blast|p2a: Deoxys\n|-damage|p2a: Deoxys|157/221\n|\n|-heal|p2a: Deoxys|170/221|[from] item: Leftovers\n|upkeep\n|turn|12\n|\n|t:|1771213598\n|switch|p1a: Arboliva|Arboliva, L91, M|290/290\n|-damage|p1a: Arboliva|254/290|[from] Stealth Rock\n|move|p2a: Deoxys|Cosmic Power|p2a: Deoxys\n|-boost|p2a: Deoxys|def|1\n|-boost|p2a: Deoxys|spd|1\n|\n|-heal|p2a: Deoxys|183/221|[from] item: Leftovers\n|-heal|p1a: Arboliva|272/290|[from] item: Leftovers\n|upkeep\n|turn|13\n|\n|t:|1771213607\n|move|p2a: Deoxys|Cosmic Power|p2a: Deoxys\n|-boost|p2a: Deoxys|def|1\n|-boost|p2a: Deoxys|spd|1\n|move|p1a: Arboliva|Hyper Voice|p2a: Deoxys\n|-damage|p2a: Deoxys|147/221\n|\n|-heal|p2a: Deoxys|160/221|[from] item: Leftovers\n|-heal|p1a: Arboliva|290/290|[from] item: Leftovers\n|upkeep\n|turn|14\n|\n|t:|1771213616\n|switch|p1a: Overqwil|Overqwil, L82, M|274/274\n|-damage|p1a: Overqwil|240/274|[from] Stealth Rock\n|-ability|p1a: Overqwil|Intimidate|boost\n|-unboost|p2a: Deoxys|atk|1\n|move|p2a: Deoxys|Stored Power|p1a: Overqwil\n|-immune|p1a: Overqwil\n|\n|-heal|p2a: Deoxys|173/221|[from] item: Leftovers\n|upkeep\n|turn|15\n|\n|t:|1771213622\n|-terastallize|p2a: Deoxys|Steel\n|move|p2a: Deoxys|Cosmic Power|p2a: Deoxys\n|-boost|p2a: Deoxys|def|1\n|-boost|p2a: Deoxys|spd|1\n|move|p1a: Overqwil|Crunch|p2a: Deoxys\n|-damage|p2a: Deoxys|143/221\n|-unboost|p2a: Deoxys|def|1\n|\n|-heal|p2a: Deoxys|156/221|[from] item: Leftovers\n|upkeep\n|turn|16\n|\n|t:|1771213628\n|switch|p1a: Magmortar|Magmortar, L88, F|131/275\n|move|p2a: Deoxys|Recover|p2a: Deoxys\n|-heal|p2a: Deoxys|221/221\n|\n|upkeep\n|turn|17\n|\n|t:|1771213632\n|move|p2a: Deoxys|Stored Power|p1a: Magmortar\n|-damage|p1a: Magmortar|4/275\n|move|p1a: Magmortar|Will-O-Wisp|p2a: Deoxys|[miss]\n|-miss|p1a: Magmortar|p2a: Deoxys\n|\n|upkeep\n|turn|18\n|\n|t:|1771213636\n|move|p2a: Deoxys|Stored Power|p1a: Magmortar\n|-damage|p1a: Magmortar|0 fnt\n|faint|p1a: Magmortar\n|\n|upkeep\n|inactive|jaydragon_25 has 120 seconds left.\n|\n|t:|1771213668\n|switch|p1a: Alcremie|Alcremie-Caramel-Swirl, L90, F|263/263\n|-damage|p1a: Alcremie|231/263|[from] Stealth Rock\n|turn|19\n|\n|t:|1771213672\n|move|p2a: Deoxys|Cosmic Power|p2a: Deoxys\n|-boost|p2a: Deoxys|def|1\n|-boost|p2a: Deoxys|spd|1\n|move|p1a: Alcremie|Calm Mind|p1a: Alcremie\n|-boost|p1a: Alcremie|spa|1\n|-boost|p1a: Alcremie|spd|1\n|\n|-heal|p1a: Alcremie|247/263|[from] item: Leftovers\n|upkeep\n|turn|20\n|\n|t:|1771213675\n|move|p2a: Deoxys|Cosmic Power|p2a: Deoxys\n|-boost|p2a: Deoxys|def|1\n|-boost|p2a: Deoxys|spd|1\n|move|p1a: Alcremie|Calm Mind|p1a: Alcremie\n|-boost|p1a: Alcremie|spa|1\n|-boost|p1a: Alcremie|spd|1\n|\n|-heal|p1a: Alcremie|263/263|[from] item: Leftovers\n|upkeep\n|turn|21\n|\n|t:|1771213678\n|move|p2a: Deoxys|Stored Power|p1a: Alcremie\n|-damage|p1a: Alcremie|190/263\n|move|p1a: Alcremie|Calm Mind|p1a: Alcremie\n|-boost|p1a: Alcremie|spa|1\n|-boost|p1a: Alcremie|spd|1\n|\n|-heal|p1a: Alcremie|206/263|[from] item: Leftovers\n|upkeep\n|turn|22\n|\n|t:|1771213682\n|move|p2a: Deoxys|Night Shade|p1a: Alcremie\n|-damage|p1a: Alcremie|122/263\n|move|p1a: Alcremie|Calm Mind|p1a: Alcremie\n|-boost|p1a: Alcremie|spa|1\n|-boost|p1a: Alcremie|spd|1\n|\n|-heal|p1a: Alcremie|138/263|[from] item: Leftovers\n|upkeep\n|turn|23\n|\n|t:|1771213687\n|move|p2a: Deoxys|Night Shade|p1a: Alcremie\n|-damage|p1a: Alcremie|54/263\n|move|p1a: Alcremie|Recover|p1a: Alcremie\n|-heal|p1a: Alcremie|186/263\n|\n|-heal|p1a: Alcremie|202/263|[from] item: Leftovers\n|upkeep\n|turn|24\n|\n|t:|1771213692\n|move|p2a: Deoxys|Night Shade|p1a: Alcremie\n|-damage|p1a: Alcremie|118/263\n|move|p1a: Alcremie|Recover|p1a: Alcremie\n|-heal|p1a: Alcremie|250/263\n|\n|-heal|p1a: Alcremie|263/263|[from] item: Leftovers\n|upkeep\n|turn|25\n|inactive|jaydragon_25 has 120 seconds left.\n|\n|t:|1771213735\n|move|p2a: Deoxys|Night Shade|p1a: Alcremie\n|-damage|p1a: Alcremie|179/263\n|move|p1a: Alcremie|Alluring Voice|p2a: Deoxys\n|-resisted|p2a: Deoxys\n|-damage|p2a: Deoxys|198/221\n|\n|-heal|p2a: Deoxys|211/221|[from] item: Leftovers\n|-heal|p1a: Alcremie|195/263|[from] item: Leftovers\n|upkeep\n|turn|26\n|\n|t:|1771213743\n|move|p2a: Deoxys|Night Shade|p1a: Alcremie\n|-damage|p1a: Alcremie|111/263\n|move|p1a: Alcremie|Calm Mind|p1a: Alcremie\n|-boost|p1a: Alcremie|spa|1\n|-boost|p1a: Alcremie|spd|1\n|\n|-heal|p2a: Deoxys|221/221|[from] item: Leftovers\n|-heal|p1a: Alcremie|127/263|[from] item: Leftovers\n|upkeep\n|turn|27\n|\n|t:|1771213747\n|move|p2a: Deoxys|Night Shade|p1a: Alcremie\n|-damage|p1a: Alcremie|43/263\n|move|p1a: Alcremie|Recover|p1a: Alcremie\n|-heal|p1a: Alcremie|175/263\n|\n|-heal|p1a: Alcremie|191/263|[from] item: Leftovers\n|upkeep\n|turn|28\n|\n|t:|1771213751\n|move|p2a: Deoxys|Night Shade|p1a: Alcremie\n|-damage|p1a: Alcremie|107/263\n|move|p1a: Alcremie|Recover|p1a: Alcremie\n|-heal|p1a: Alcremie|239/263\n|\n|-heal|p1a: Alcremie|255/263|[from] item: Leftovers\n|upkeep\n|turn|29\n|\n|t:|1771213758\n|move|p2a: Deoxys|Night Shade|p1a: Alcremie\n|-damage|p1a: Alcremie|171/263\n|move|p1a: Alcremie|Calm Mind|p1a: Alcremie\n|-boost|p1a: Alcremie|spa|1\n|-boost|p1a: Alcremie|spd|1\n|\n|-heal|p1a: Alcremie|187/263|[from] item: Leftovers\n|upkeep\n|turn|30\n|inactive|jaydragon_25 has 120 seconds left.\n|\n|t:|1771213789\n|move|p2a: Deoxys|Night Shade|p1a: Alcremie\n|-damage|p1a: Alcremie|103/263\n|move|p1a: Alcremie|Recover|p1a: Alcremie\n|-heal|p1a: Alcremie|235/263\n|\n|-heal|p1a: Alcremie|251/263|[from] item: Leftovers\n|upkeep\n|turn|31\n|\n|t:|1771213795\n|move|p2a: Deoxys|Night Shade|p1a: Alcremie\n|-damage|p1a: Alcremie|167/263\n|move|p1a: Alcremie|Alluring Voice|p2a: Deoxys\n|-resisted|p2a: Deoxys\n|-damage|p2a: Deoxys|190/221\n|\n|-heal|p2a: Deoxys|203/221|[from] item: Leftovers\n|-heal|p1a: Alcremie|183/263|[from] item: Leftovers\n|upkeep\n|turn|32\n|\n|t:|1771213806\n|move|p2a: Deoxys|Night Shade|p1a: Alcremie\n|-damage|p1a: Alcremie|99/263\n|move|p1a: Alcremie|Alluring Voice|p2a: Deoxys\n|-resisted|p2a: Deoxys\n|-damage|p2a: Deoxys|167/221\n|\n|-heal|p2a: Deoxys|180/221|[from] item: Leftovers\n|-heal|p1a: Alcremie|115/263|[from] item: Leftovers\n|upkeep\n|turn|33\n|\n|t:|1771213812\n|move|p2a: Deoxys|Night Shade|p1a: Alcremie\n|-damage|p1a: Alcremie|31/263\n|move|p1a: Alcremie|Recover|p1a: Alcremie\n|-heal|p1a: Alcremie|163/263\n|\n|-heal|p2a: Deoxys|193/221|[from] item: Leftovers\n|-heal|p1a: Alcremie|179/263|[from] item: Leftovers\n|upkeep\n|turn|34\n|\n|t:|1771213818\n|move|p2a: Deoxys|Night Shade|p1a: Alcremie\n|-damage|p1a: Alcremie|95/263\n|move|p1a: Alcremie|Recover|p1a: Alcremie\n|-heal|p1a: Alcremie|227/263\n|\n|-heal|p2a: Deoxys|206/221|[from] item: Leftovers\n|-heal|p1a: Alcremie|243/263|[from] item: Leftovers\n|upkeep\n|turn|35\n|\n|t:|1771213835\n|move|p2a: Deoxys|Night Shade|p1a: Alcremie\n|-damage|p1a: Alcremie|159/263\n|move|p1a: Alcremie|Alluring Voice|p2a: Deoxys\n|-resisted|p2a: Deoxys\n|-damage|p2a: Deoxys|170/221\n|\n|-heal|p2a: Deoxys|183/221|[from] item: Leftovers\n|-heal|p1a: Alcremie|175/263|[from] item: Leftovers\n|upkeep\n|turn|36\n|\n|t:|1771213844\n|move|p2a: Deoxys|Night Shade|p1a: Alcremie\n|-damage|p1a: Alcremie|91/263\n|move|p1a: Alcremie|Alluring Voice|p2a: Deoxys\n|-resisted|p2a: Deoxys\n|-damage|p2a: Deoxys|147/221\n|\n|-heal|p2a: Deoxys|160/221|[from] item: Leftovers\n|-heal|p1a: Alcremie|107/263|[from] item: Leftovers\n|upkeep\n|turn|37\n|\n|t:|1771213852\n|move|p2a: Deoxys|Night Shade|p1a: Alcremie\n|-damage|p1a: Alcremie|23/263\n|move|p1a: Alcremie|Recover|p1a: Alcremie\n|-heal|p1a: Alcremie|155/263\n|\n|-heal|p2a: Deoxys|173/221|[from] item: Leftovers\n|-heal|p1a: Alcremie|171/263|[from] item: Leftovers\n|upkeep\n|turn|38\n|\n|t:|1771213860\n|move|p2a: Deoxys|Night Shade|p1a: Alcremie\n|-damage|p1a: Alcremie|87/263\n|move|p1a: Alcremie|Alluring Voice|p2a: Deoxys\n|-resisted|p2a: Deoxys\n|-damage|p2a: Deoxys|139/221\n|\n|-heal|p2a: Deoxys|152/221|[from] item: Leftovers\n|-heal|p1a: Alcremie|103/263|[from] item: Leftovers\n|upkeep\n|turn|39\n|\n|t:|1771213865\n|move|p2a: Deoxys|Night Shade|p1a: Alcremie\n|-damage|p1a: Alcremie|19/263\n|move|p1a: Alcremie|Alluring Voice|p2a: Deoxys\n|-resisted|p2a: Deoxys\n|-damage|p2a: Deoxys|118/221\n|\n|-heal|p2a: Deoxys|131/221|[from] item: Leftovers\n|-heal|p1a: Alcremie|35/263|[from] item: Leftovers\n|upkeep\n|turn|40\n|\n|t:|1771213870\n|move|p2a: Deoxys|Night Shade|p1a: Alcremie\n|-damage|p1a: Alcremie|0 fnt\n|faint|p1a: Alcremie\n|\n|-heal|p2a: Deoxys|144/221|[from] item: Leftovers\n|upkeep\n|\n|t:|1771213892\n|switch|p1a: Arboliva|Arboliva, L91, M|290/290\n|-damage|p1a: Arboliva|254/290|[from] Stealth Rock\n|turn|41\n|\n|t:|1771213897\n|move|p2a: Deoxys|Stored Power|p1a: Arboliva\n|-damage|p1a: Arboliva|106/290\n|-fieldstart|move: Grassy Terrain|[from] ability: Seed Sower|[of] p1a: Arboliva\n|move|p1a: Arboliva|Earth Power|p2a: Deoxys\n|-supereffective|p2a: Deoxys\n|-damage|p2a: Deoxys|116/221\n|\n|-heal|p2a: Deoxys|129/221|[from] Grassy Terrain\n|-heal|p2a: Deoxys|142/221|[from] item: Leftovers\n|-heal|p1a: Arboliva|124/290|[from] Grassy Terrain\n|-heal|p1a: Arboliva|142/290|[from] item: Leftovers\n|upkeep\n|turn|42\n|\n|t:|1771213906\n|move|p2a: Deoxys|Stored Power|p1a: Arboliva\n|-damage|p1a: Arboliva|0 fnt\n|faint|p1a: Arboliva\n|\n|-heal|p2a: Deoxys|155/221|[from] Grassy Terrain\n|-heal|p2a: Deoxys|168/221|[from] item: Leftovers\n|upkeep\n|-message|jaydragon_25 forfeited.\n|\n|win|SquidRoundpants\n|raw|jaydragon_25's rating: 1642 &rarr; <strong>1621</strong><br />(-21 for losing)\n|raw|SquidRoundpants's rating: 1629 &rarr; <strong>1650</strong><br />(+21 for winning)\n|l|‽jaydragon_25\n|player|p1|\n", "inputlog": ">version 686819e5e19f8a7fd2345cfc5a08a5085efa2cc3\n>start {\"formatid\":\"gen9randombattle\",\"seed\":\"sodium,8b7dd96216bc7cee990898257d867f33\",\"rated\":\"Rated battle\"}\n>player p1 {\"name\":\"jaydragon_25\",\"avatar\":\"2\",\"rating\":1642,\"seed\":\"sodium,d7d65146dd8e42134065e3ee5a9fb7ed\"}\n>player p2 {\"name\":\"SquidRoundpants\",\"avatar\":\"leon\",\"rating\":1629,\"seed\":\"sodium,3cf511a039d7ad04fcfe852aeb48b43f\"}\n>p1 move sunnyday\n>p2 move stealthrock\n>p1 move earthpower\n>p2 move dracometeor\n>p2 switch 5\n>p1 move earthpower\n>p2 switch 2\n>p1 move weatherball\n>p2 switch 6\n>p1 move weatherball\n>p2 move roost\n>p1 move sunnyday terastallize\n>p2 move bravebird\n>p1 move weatherball\n>p2 move earthquake\n>p1 switch 5\n>p1 move fireblast\n>p2 move earthquake\n>p1 move fireblast\n>p2 move earthquake\n>p2 switch 4\n>p1 move fireblast\n>p2 move cosmicpower\n>p1 move fireblast\n>p2 move recover\n>p1 switch 4\n>p2 move cosmicpower\n>p1 move hypervoice\n>p2 move cosmicpower\n>p1 switch 6\n>p2 move storedpower\n>p1 move crunch\n>p2 move cosmicpower terastallize\n>p1 switch 4\n>p2 move recover\n>p1 move willowisp\n>p2 move storedpower\n>p1 move willowisp\n>p2 move storedpower\n>p1 switch 2\n>p1 move calmmind\n>p2 move cosmicpower\n>p1 move calmmind\n>p2 move cosmicpower\n>p1 move calmmind\n>p2 move storedpower\n>p1 move calmmind\n>p2 move nightshade\n>p1 move recover\n>p2 move nightshade\n>p1 move recover\n>p2 move nightshade\n>p1 move alluringvoice\n>p2 move nightshade\n>p1 move calmmind\n>p2 move nightshade\n>p1 move recover\n>p2 move nightshade\n>p1 move recover\n>p2 move nightshade\n>p1 move calmmind\n>p2 move nightshade\n>p1 move recover\n>p2 move nightshade\n>p1 move alluringvoice\n>p2 move nightshade\n>p1 move alluringvoice\n>p2 move nightshade\n>p1 move recover\n>p2 move nightshade\n>p1 move recover\n>p2 move nightshade\n>p1 move alluringvoice\n>p2 move nightshade\n>p1 move alluringvoice\n>p2 move nightshade\n>p1 move recover\n>p2 move nightshade\n>p1 move alluringvoice\n>p2 move nightshade\n>p1 move alluringvoice\n>p2 move nightshade\n>p1 move alluringvoice\n>p2 move nightshade\n>p1 switch 6\n>p1 move earthpower\n>p2 move storedpower\n>p1 move strengthsap\n>p2 move storedpower\n>forcelose p1", "uploadtime": 1771213916, "views": 10, "formatid": "gen9randombattle", "rating": 1621, "private": 0, "password": null}