{"id": "gen9randombattle-2539990586", "format": "[Gen 9] Random Battle", "players": ["saltybae7", "hermileo"], "log": "|j|☆saltybae7\n|j|☆hermileo\n|t:|1771139688\n|gametype|singles\n|player|p1|saltybae7|2|1537\n|player|p2|hermileo|2|1574\n|gen|9\n|tier|[Gen 9] Random Battle\n|rated|\n|rule|Species Clause: Limit one of each Pokémon\n|rule|HP Percentage Mod: HP is shown in percentages\n|rule|Sleep Clause Mod: Limit one foe put to sleep\n|rule|Illusion Level Mod: Illusion disguises the Pokémon's true level\n|\n|t:|1771139688\n|teamsize|p1|6\n|teamsize|p2|6\n|start\n|switch|p1a: Umbreon|Umbreon, L84, F|297/297\n|switch|p2a: Ho-Oh|Ho-Oh, L71|268/268\n|turn|1\n|inactive|Battle timer is ON: inactive players will automatically lose when time's up. (requested by hermileo)\n|\n|t:|1771139702\n|move|p2a: Ho-Oh|Sacred Fire|p1a: Umbreon\n|-damage|p1a: Umbreon|221/297\n|move|p1a: Umbreon|Toxic|p2a: Ho-Oh\n|-status|p2a: Ho-Oh|tox\n|\n|-heal|p1a: Umbreon|239/297|[from] item: Leftovers\n|-damage|p2a: Ho-Oh|252/268 tox|[from] psn\n|upkeep\n|turn|2\n|\n|t:|1771139715\n|move|p1a: Umbreon|Protect|p1a: Umbreon\n|-singleturn|p1a: Umbreon|Protect\n|move|p2a: Ho-Oh|Sacred Fire|p1a: Umbreon\n|-activate|p1a: Umbreon|move: Protect\n|\n|-heal|p1a: Umbreon|257/297|[from] item: Leftovers\n|-damage|p2a: Ho-Oh|220/268 tox|[from] psn\n|upkeep\n|turn|3\n|\n|t:|1771139727\n|move|p2a: Ho-Oh|Sacred Fire||[still]\n|-crit|p1a: Umbreon\n|-damage|p1a: Umbreon|139/297\n|-status|p1a: Umbreon|brn\n|-activate|p1a: Umbreon|ability: Synchronize\n|-fail|p1a: Umbreon\n|move|p1a: Umbreon|Wish|p1a: Umbreon\n|\n|-heal|p1a: Umbreon|157/297 brn|[from] item: Leftovers\n|-damage|p2a: Ho-Oh|172/268 tox|[from] psn\n|-damage|p1a: Umbreon|139/297 brn|[from] brn\n|upkeep\n|turn|4\n|\n|t:|1771139750\n|switch|p2a: Lunala|Lunala, L70|308/308\n|move|p1a: Umbreon|Toxic|p2a: Lunala\n|-status|p2a: Lunala|tox\n|\n|-heal|p1a: Umbreon|287/297 brn|[from] move: Wish|[wisher] Umbreon\n|-heal|p1a: Umbreon|297/297 brn|[from] item: Leftovers\n|-damage|p2a: Lunala|289/308 tox|[from] psn\n|-damage|p1a: Umbreon|279/297 brn|[from] brn\n|upkeep\n|turn|5\n|\n|t:|1771139764\n|move|p2a: Lunala|Focus Blast|p1a: Umbreon\n|-supereffective|p1a: Umbreon\n|-damage|p1a: Umbreon|159/297 brn\n|move|p1a: Umbreon|Wish|p1a: Umbreon\n|\n|-heal|p2a: Lunala|308/308 tox|[from] item: Leftovers\n|-heal|p1a: Umbreon|177/297 brn|[from] item: Leftovers\n|-damage|p2a: Lunala|270/308 tox|[from] psn\n|-damage|p1a: Umbreon|159/297 brn|[from] brn\n|upkeep\n|turn|6\n|\n|t:|1771139774\n|move|p1a: Umbreon|Protect|p1a: Umbreon\n|-singleturn|p1a: Umbreon|Protect\n|move|p2a: Lunala|Calm Mind|p2a: Lunala\n|-boost|p2a: Lunala|spa|1\n|-boost|p2a: Lunala|spd|1\n|\n|-heal|p1a: Umbreon|297/297 brn|[from] move: Wish|[wisher] Umbreon\n|-heal|p2a: Lunala|289/308 tox|[from] item: Leftovers\n|-damage|p2a: Lunala|232/308 tox|[from] psn\n|-damage|p1a: Umbreon|279/297 brn|[from] brn\n|upkeep\n|turn|7\n|\n|t:|1771139791\n|move|p2a: Lunala|Focus Blast|p1a: Umbreon\n|-supereffective|p1a: Umbreon\n|-damage|p1a: Umbreon|89/297 brn\n|move|p1a: Umbreon|Wish|p1a: Umbreon\n|\n|-heal|p2a: Lunala|251/308 tox|[from] item: Leftovers\n|-heal|p1a: Umbreon|107/297 brn|[from] item: Leftovers\n|-damage|p2a: Lunala|175/308 tox|[from] psn\n|-damage|p1a: Umbreon|89/297 brn|[from] brn\n|upkeep\n|turn|8\n|\n|t:|1771139802\n|move|p1a: Umbreon|Protect|p1a: Umbreon\n|-singleturn|p1a: Umbreon|Protect\n|move|p2a: Lunala|Calm Mind|p2a: Lunala\n|-boost|p2a: Lunala|spa|1\n|-boost|p2a: Lunala|spd|1\n|\n|-heal|p1a: Umbreon|237/297 brn|[from] move: Wish|[wisher] Umbreon\n|-heal|p2a: Lunala|194/308 tox|[from] item: Leftovers\n|-heal|p1a: Umbreon|255/297 brn|[from] item: Leftovers\n|-damage|p2a: Lunala|99/308 tox|[from] psn\n|-damage|p1a: Umbreon|237/297 brn|[from] brn\n|upkeep\n|turn|9\n|\n|t:|1771139817\n|-terastallize|p1a: Umbreon|Poison\n|move|p2a: Lunala|Focus Blast|p1a: Umbreon\n|-resisted|p1a: Umbreon\n|-damage|p1a: Umbreon|181/297 brn\n|move|p1a: Umbreon|Wish|p1a: Umbreon\n|\n|-heal|p2a: Lunala|118/308 tox|[from] item: Leftovers\n|-heal|p1a: Umbreon|199/297 brn|[from] item: Leftovers\n|-damage|p2a: Lunala|4/308 tox|[from] psn\n|-damage|p1a: Umbreon|181/297 brn|[from] brn\n|upkeep\n|turn|10\n|\n|t:|1771139836\n|switch|p2a: Sableye|Sableye, L88, F|231/231\n|move|p1a: Umbreon|Protect||[still]\n|-fail|p1a: Umbreon\n|\n|-heal|p1a: Umbreon|297/297 brn|[from] move: Wish|[wisher] Umbreon\n|-damage|p1a: Umbreon|279/297 brn|[from] brn\n|upkeep\n|turn|11\n|\n|t:|1771139847\n|move|p2a: Sableye|Encore|p1a: Umbreon\n|-start|p1a: Umbreon|Encore\n|move|p1a: Umbreon|Protect||[still]\n|-fail|p1a: Umbreon\n|\n|-heal|p1a: Umbreon|297/297 brn|[from] item: Leftovers\n|-damage|p1a: Umbreon|279/297 brn|[from] brn\n|upkeep\n|turn|12\n|\n|t:|1771139857\n|switch|p1a: Sandy Shocks|Sandy Shocks, L80|267/267\n|switch|p2a: Ho-Oh|Ho-Oh, L71|261/268 tox\n|\n|-damage|p2a: Ho-Oh|245/268 tox|[from] psn\n|upkeep\n|turn|13\n|\n|t:|1771139866\n|move|p1a: Sandy Shocks|Stealth Rock|p2a: Ho-Oh\n|-sidestart|p2: hermileo|move: Stealth Rock\n|move|p2a: Ho-Oh|Earthquake|p1a: Sandy Shocks\n|-supereffective|p1a: Sandy Shocks\n|-damage|p1a: Sandy Shocks|135/267\n|\n|-damage|p2a: Ho-Oh|213/268 tox|[from] psn\n|upkeep\n|turn|14\n|\n|t:|1771139876\n|move|p1a: Sandy Shocks|Thunderbolt|p2a: Ho-Oh\n|-supereffective|p2a: Ho-Oh\n|-damage|p2a: Ho-Oh|45/268 tox\n|move|p2a: Ho-Oh|Earthquake|p1a: Sandy Shocks\n|-supereffective|p1a: Sandy Shocks\n|-damage|p1a: Sandy Shocks|3/267\n|\n|-damage|p2a: Ho-Oh|0 fnt|[from] psn\n|faint|p2a: Ho-Oh\n|upkeep\n|\n|t:|1771139892\n|switch|p2a: Tauros|Tauros-Paldea-Aqua, L81, M|254/254\n|-damage|p2a: Tauros|239/254|[from] Stealth Rock\n|-ability|p2a: Tauros|Intimidate|boost\n|-unboost|p1a: Sandy Shocks|atk|1\n|turn|15\n|inactive|saltybae7 has 120 seconds left.\n|\n|t:|1771139931\n|move|p2a: Tauros|Liquidation|p1a: Sandy Shocks\n|-supereffective|p1a: Sandy Shocks\n|-damage|p1a: Sandy Shocks|0 fnt\n|faint|p1a: Sandy Shocks\n|-end|p1a: Sandy Shocks|Protosynthesis|[silent]\n|-damage|p2a: Tauros|214/254|[from] item: Life Orb\n|\n|upkeep\n|\n|t:|1771139944\n|switch|p1a: Umbreon|Umbreon, L84, F, tera:Poison|279/297 brn\n|turn|16\n|\n|t:|1771139952\n|move|p2a: Tauros|Bulk Up|p2a: Tauros\n|-boost|p2a: Tauros|atk|1\n|-boost|p2a: Tauros|def|1\n|move|p1a: Umbreon|Toxic|p2a: Tauros\n|-status|p2a: Tauros|tox\n|\n|-heal|p1a: Umbreon|297/297 brn|[from] item: Leftovers\n|-damage|p2a: Tauros|199/254 tox|[from] psn\n|-damage|p1a: Umbreon|279/297 brn|[from] brn\n|upkeep\n|turn|17\n|inactive|saltybae7 has 120 seconds left.\n|\n|t:|1771139963\n|move|p2a: Tauros|Bulk Up|p2a: Tauros\n|-boost|p2a: Tauros|atk|1\n|-boost|p2a: Tauros|def|1\n|move|p1a: Umbreon|Foul Play|p2a: Tauros\n|-resisted|p2a: Tauros\n|-damage|p2a: Tauros|174/254 tox\n|\n|-heal|p1a: Umbreon|297/297 brn|[from] item: Leftovers\n|-damage|p2a: Tauros|144/254 tox|[from] psn\n|-damage|p1a: Umbreon|279/297 brn|[from] brn\n|upkeep\n|turn|18\n|inactive|saltybae7 has 120 seconds left.\n|\n|t:|1771139979\n|move|p2a: Tauros|Liquidation|p1a: Umbreon\n|-damage|p1a: Umbreon|63/297 brn\n|-damage|p2a: Tauros|119/254 tox|[from] item: Life Orb\n|move|p1a: Umbreon|Wish|p1a: Umbreon\n|\n|-heal|p1a: Umbreon|81/297 brn|[from] item: Leftovers\n|-damage|p2a: Tauros|74/254 tox|[from] psn\n|-damage|p1a: Umbreon|63/297 brn|[from] brn\n|upkeep\n|turn|19\n|inactive|saltybae7 has 120 seconds left.\n|\n|t:|1771139991\n|switch|p2a: Lunala|Lunala, L70|4/308 tox\n|-damage|p2a: Lunala|0 fnt|[from] Stealth Rock\n|faint|p2a: Lunala\n|move|p1a: Umbreon|Protect||[still]\n|-fail|p1a: Umbreon\n|\n|-heal|p1a: Umbreon|211/297 brn|[from] move: Wish|[wisher] Umbreon\n|-heal|p1a: Umbreon|229/297 brn|[from] item: Leftovers\n|-damage|p1a: Umbreon|211/297 brn|[from] brn\n|upkeep\n|\n|t:|1771140015\n|switch|p2a: Sableye|Sableye, L88, F|231/231\n|-damage|p2a: Sableye|203/231|[from] Stealth Rock\n|turn|20\n|inactive|saltybae7 has 120 seconds left.\n|\n|t:|1771140033\n|switch|p1a: Vikavolt|Vikavolt, L83, F|263/263\n|move|p2a: Sableye|Encore||[still]\n|-fail|p2a: Sableye\n|\n|-heal|p2a: Sableye|217/231|[from] item: Leftovers\n|upkeep\n|turn|21\n|inactive|saltybae7 has 120 seconds left.\n|\n|t:|1771140047\n|switch|p2a: Tauros|Tauros-Paldea-Aqua, L81, M|74/254 tox\n|-damage|p2a: Tauros|59/254 tox|[from] Stealth Rock\n|-ability|p2a: Tauros|Intimidate|boost\n|-unboost|p1a: Vikavolt|atk|1\n|move|p1a: Vikavolt|Thunderbolt|p2a: Tauros\n|-supereffective|p2a: Tauros\n|-damage|p2a: Tauros|0 fnt\n|faint|p2a: Tauros\n|\n|upkeep\n|inactive|hermileo has 120 seconds left.\n|\n|t:|1771140070\n|switch|p2a: Raikou|Raikou, L81|278/278\n|-damage|p2a: Raikou|244/278|[from] Stealth Rock\n|-ability|p2a: Raikou|Pressure\n|turn|22\n|inactive|hermileo has 120 seconds left.\n|inactive|saltybae7 has 120 seconds left.\n|\n|t:|1771140084\n|move|p2a: Raikou|Shadow Ball|p1a: Vikavolt\n|-damage|p1a: Vikavolt|167/263\n|-unboost|p1a: Vikavolt|spd|1\n|move|p1a: Vikavolt|Bug Buzz|p2a: Raikou\n|-damage|p2a: Raikou|129/278\n|\n|upkeep\n|turn|23\n|\n|t:|1771140092\n|switch|p1a: Umbreon|Umbreon, L84, F, tera:Poison|211/297 brn\n|move|p2a: Raikou|Shadow Ball|p1a: Umbreon\n|-damage|p1a: Umbreon|146/297 brn\n|\n|-heal|p1a: Umbreon|164/297 brn|[from] item: Leftovers\n|-damage|p1a: Umbreon|146/297 brn|[from] brn\n|upkeep\n|turn|24\n|\n|t:|1771140101\n|move|p2a: Raikou|Shadow Ball|p1a: Umbreon\n|-damage|p1a: Umbreon|73/297 brn\n|-unboost|p1a: Umbreon|spd|1\n|move|p1a: Umbreon|Wish|p1a: Umbreon\n|\n|-heal|p1a: Umbreon|91/297 brn|[from] item: Leftovers\n|-damage|p1a: Umbreon|73/297 brn|[from] brn\n|upkeep\n|turn|25\n|\n|t:|1771140125\n|move|p1a: Umbreon|Protect|p1a: Umbreon\n|-singleturn|p1a: Umbreon|Protect\n|move|p2a: Raikou|Shadow Ball|p1a: Umbreon\n|-activate|p1a: Umbreon|move: Protect\n|\n|-heal|p1a: Umbreon|221/297 brn|[from] move: Wish|[wisher] Umbreon\n|-heal|p1a: Umbreon|239/297 brn|[from] item: Leftovers\n|-damage|p1a: Umbreon|221/297 brn|[from] brn\n|upkeep\n|turn|26\n|\n|t:|1771140138\n|switch|p1a: Slaking|Slaking, L84, M|389/389\n|move|p2a: Raikou|Shadow Ball|p1a: Slaking\n|-immune|p1a: Slaking\n|\n|upkeep\n|turn|27\n|-message|hermileo forfeited.\n|\n|win|saltybae7\n|raw|saltybae7's rating: 1537 &rarr; <strong>1559</strong><br />(+22 for winning)\n|raw|hermileo's rating: 1574 &rarr; <strong>1552</strong><br />(-22 for losing)\n|l|☆hermileo\n|player|p2|\n|l|☆saltybae7\n|player|p1|\n|j|☆saltybae7\n|player|p1|saltybae7|2|\n", "inputlog": ">version 686819e5e19f8a7fd2345cfc5a08a5085efa2cc3\n>start {\"formatid\":\"gen9randombattle\",\"seed\":\"sodium,bfbcb811123d103fa4528757b5532a51\",\"rated\":\"Rated battle\"}\n>player p1 {\"name\":\"saltybae7\",\"avatar\":\"2\",\"rating\":1537,\"seed\":\"sodium,a5fc074005e4e7848d0272fb32e3c070\"}\n>player p2 {\"name\":\"hermileo\",\"avatar\":\"2\",\"rating\":1574,\"seed\":\"sodium,ad3b10e08c5a0fd94b0a3f5206d39faa\"}\n>p1 move toxic\n>p2 move sacredfire\n>p1 move protect\n>p2 move sacredfire\n>p1 move wish\n>p2 move sacredfire\n>p1 move toxic\n>p2 switch 5\n>p1 move wish\n>p2 move focusblast\n>p1 move protect\n>p2 move calmmind\n>p1 move wish\n>p2 move focusblast\n>p1 move protect\n>p2 move calmmind\n>p1 move wish terastallize\n>p2 move focusblast\n>p1 move protect\n>p2 switch 6\n>p1 move toxic\n>p2 move encore\n>p1 switch 6\n>p2 switch 5\n>p1 move stealthrock\n>p2 move earthquake\n>p1 move thunderbolt\n>p2 move earthquake\n>p2 switch 4\n>p1 move voltswitch\n>p2 move liquidation\n>p1 switch 6\n>p1 move toxic\n>p2 move bulkup\n>p1 move foulplay\n>p2 move bulkup\n>p1 move wish\n>p2 move liquidation\n>p1 move protect\n>p2 switch 6\n>p2 switch 5\n>p1 switch 2\n>p2 move encore\n>p1 move thunderbolt\n>p2 switch 6\n>p2 switch 3\n>p1 move bugbuzz\n>p2 move shadowball\n>p1 switch 2\n>p2 move shadowball\n>p1 move wish\n>p2 move shadowball\n>p1 move protect\n>p2 move shadowball\n>p1 switch 4\n>p2 move shadowball\n>forcelose p2", "uploadtime": 1771140150, "views": 19, "formatid": "gen9randombattle", "rating": 1552, "private": 0, "password": null}