{"id": "gen9randombattle-2540565356", "format": "[Gen 9] Random Battle", "players": ["thefolter", "wdasdfsdxz"], "log": "|j|☆thefolter\n|j|☆wdasdfsdxz\n|t:|1771218911\n|gametype|singles\n|player|p1|thefolter|266|1574\n|player|p2|wdasdfsdxz|2|1588\n|gen|9\n|tier|[Gen 9] Random Battle\n|rated|\n|rule|Species Clause: Limit one of each Pokémon\n|rule|HP Percentage Mod: HP is shown in percentages\n|rule|Sleep Clause Mod: Limit one foe put to sleep\n|rule|Illusion Level Mod: Illusion disguises the Pokémon's true level\n|\n|t:|1771218911\n|teamsize|p1|6\n|teamsize|p2|6\n|start\n|switch|p1a: Venomoth|Venomoth, L84, M|255/255\n|switch|p2a: Great Tusk|Great Tusk, L77|304/304\n|turn|1\n|inactive|Battle timer is ON: inactive players will automatically lose when time's up. (requested by thefolter)\n|\n|t:|1771218916\n|move|p1a: Venomoth|Sleep Powder|p2a: Great Tusk\n|-status|p2a: Great Tusk|slp|[from] move: Sleep Powder\n|cant|p2a: Great Tusk|slp\n|\n|upkeep\n|turn|2\n|\n|t:|1771218924\n|switch|p1a: Dusknoir|Dusknoir, L89, M|225/225\n|-item|p2a: Great Tusk|Assault Vest|[from] ability: Frisk|[of] p1a: Dusknoir\n|cant|p2a: Great Tusk|slp\n|\n|upkeep\n|turn|3\n|\n|t:|1771218929\n|-end|p2a: Great Tusk|Protosynthesis|[silent]\n|switch|p2a: Torkoal|Torkoal, L88, F|266/266\n|-weather|SunnyDay|[from] ability: Drought|[of] p2a: Torkoal\n|move|p1a: Dusknoir|Poltergeist|p2a: Torkoal\n|-activate|p2a: Torkoal|move: Poltergeist|Heavy-Duty Boots\n|-damage|p2a: Torkoal|122/266\n|\n|-weather|SunnyDay|[upkeep]\n|upkeep\n|turn|4\n|\n|t:|1771218935\n|switch|p2a: Dudunsparce|Dudunsparce, L83, M|343/343\n|move|p1a: Dusknoir|Poltergeist|p2a: Dudunsparce\n|-immune|p2a: Dudunsparce\n|\n|-weather|SunnyDay|[upkeep]\n|upkeep\n|turn|5\n|\n|t:|1771218944\n|switch|p1a: Okidogi|Okidogi, L77, M|262/262\n|move|p2a: Dudunsparce|Boomburst|p1a: Okidogi\n|-damage|p1a: Okidogi|163/262\n|\n|-weather|SunnyDay|[upkeep]\n|upkeep\n|turn|6\n|\n|t:|1771218947\n|move|p1a: Okidogi|Drain Punch|p2a: Dudunsparce\n|-supereffective|p2a: Dudunsparce\n|-damage|p2a: Dudunsparce|145/343\n|-heal|p1a: Okidogi|262/262|[from] drain|[of] p2a: Dudunsparce\n|move|p2a: Dudunsparce|Earth Power|p1a: Okidogi\n|-supereffective|p1a: Okidogi\n|-damage|p1a: Okidogi|182/262\n|\n|-weather|SunnyDay|[upkeep]\n|-heal|p2a: Dudunsparce|166/343|[from] item: Leftovers\n|upkeep\n|turn|7\n|\n|t:|1771218963\n|switch|p2a: Brambleghast|Brambleghast, L88, M|240/240\n|move|p1a: Okidogi|Drain Punch|p2a: Brambleghast\n|-immune|p2a: Brambleghast\n|\n|-weather|none\n|upkeep\n|turn|8\n|\n|t:|1771218990\n|switch|p2a: Great Tusk|Great Tusk, L77|304/304 slp\n|move|p1a: Okidogi|Gunk Shot|p2a: Great Tusk\n|-resisted|p2a: Great Tusk\n|-damage|p2a: Great Tusk|255/304 slp\n|\n|upkeep\n|turn|9\n|\n|t:|1771218997\n|switch|p1a: Dusknoir|Dusknoir, L89, M|225/225\n|-item|p2a: Great Tusk|Assault Vest|[from] ability: Frisk|[of] p1a: Dusknoir\n|cant|p2a: Great Tusk|slp\n|\n|upkeep\n|turn|10\n|inactive|wdasdfsdxz has 120 seconds left.\n|inactive|wdasdfsdxz has 90 seconds left.\n|\n|t:|1771219054\n|-end|p2a: Great Tusk|Protosynthesis|[silent]\n|switch|p2a: Dudunsparce|Dudunsparce, L83, M|166/343\n|move|p1a: Dusknoir|Earthquake|p2a: Dudunsparce\n|-damage|p2a: Dudunsparce|29/343\n|\n|-heal|p2a: Dudunsparce|50/343|[from] item: Leftovers\n|upkeep\n|turn|11\n|\n|t:|1771219059\n|move|p2a: Dudunsparce|Roost|p2a: Dudunsparce\n|-heal|p2a: Dudunsparce|222/343\n|-singleturn|p2a: Dudunsparce|move: Roost\n|move|p1a: Dusknoir|Earthquake|p2a: Dudunsparce\n|-damage|p2a: Dudunsparce|90/343\n|\n|-heal|p2a: Dudunsparce|111/343|[from] item: Leftovers\n|upkeep\n|turn|12\n|\n|t:|1771219063\n|switch|p1a: Okidogi|Okidogi, L77, M|182/262\n|move|p2a: Dudunsparce|Roost|p2a: Dudunsparce\n|-heal|p2a: Dudunsparce|283/343\n|-singleturn|p2a: Dudunsparce|move: Roost\n|\n|-heal|p2a: Dudunsparce|304/343|[from] item: Leftovers\n|upkeep\n|turn|13\n|\n|t:|1771219067\n|move|p1a: Okidogi|Knock Off|p2a: Dudunsparce\n|-damage|p2a: Dudunsparce|227/343\n|-ability|p2a: Dudunsparce|Rattled|boost\n|-boost|p2a: Dudunsparce|spe|1\n|-status|p2a: Dudunsparce|tox|[from] ability: Toxic Chain|[of] p1a: Okidogi\n|-enditem|p2a: Dudunsparce|Leftovers|[from] move: Knock Off|[of] p1a: Okidogi\n|move|p2a: Dudunsparce|Earth Power|p1a: Okidogi\n|-supereffective|p1a: Okidogi\n|-damage|p1a: Okidogi|94/262\n|\n|-damage|p2a: Dudunsparce|206/343 tox|[from] psn\n|upkeep\n|turn|14\n|inactive|wdasdfsdxz has 120 seconds left.\n|\n|t:|1771219079\n|switch|p2a: Brambleghast|Brambleghast, L88, M|240/240\n|move|p1a: Okidogi|Drain Punch|p2a: Brambleghast\n|-immune|p2a: Brambleghast\n|\n|upkeep\n|turn|15\n|\n|t:|1771219086\n|move|p2a: Brambleghast|Poltergeist|p1a: Okidogi\n|-activate|p1a: Okidogi|move: Poltergeist|Assault Vest\n|-damage|p1a: Okidogi|0 fnt\n|faint|p1a: Okidogi\n|\n|upkeep\n|\n|t:|1771219090\n|switch|p1a: Venomoth|Venomoth, L84, M|255/255\n|turn|16\n|inactive|wdasdfsdxz has 120 seconds left.\n|\n|t:|1771219124\n|move|p2a: Brambleghast|Poltergeist|p1a: Venomoth|[miss]\n|-miss|p2a: Brambleghast|p1a: Venomoth\n|move|p1a: Venomoth|Quiver Dance|p1a: Venomoth\n|-boost|p1a: Venomoth|spa|1\n|-boost|p1a: Venomoth|spd|1\n|-boost|p1a: Venomoth|spe|1\n|\n|upkeep\n|turn|17\n|c|☆wdasdfsdxz|lolol\n|\n|t:|1771219132\n|move|p1a: Venomoth|Sludge Wave|p2a: Brambleghast\n|-damage|p2a: Brambleghast|84/240\n|move|p2a: Brambleghast|Poltergeist|p1a: Venomoth|[miss]\n|-miss|p2a: Brambleghast|p1a: Venomoth\n|\n|-heal|p2a: Brambleghast|99/240|[from] item: Leftovers\n|upkeep\n|turn|18\n|c|☆wdasdfsdxz|lololololololololol\n|inactive|wdasdfsdxz has 120 seconds left.\n|c|☆wdasdfsdxz|hope you die in a fire\n|c|☆wdasdfsdxz|slowly\n|c|☆thefolter|lmao\n|inactive|wdasdfsdxz has 90 seconds left.\n|c|☆wdasdfsdxz|how much are you paying for luck like this\n|c|☆wdasdfsdxz|ive lost the past 8 games to the most asinine luck ive ever sene\n|c|☆wdasdfsdxz|like i calculated it\n|c|☆wdasdfsdxz|1/1billions per game\n|inactive|wdasdfsdxz has 60 seconds left.\n|c|☆thefolter|sounds like a skill issue\n|c|☆wdasdfsdxz|and 8 games in a row\n|c|☆wdasdfsdxz|how\n|c|☆wdasdfsdxz|how is missing 2 90% moves in a row\n|c|☆wdasdfsdxz|a skill issue\n|\n|t:|1771219222\n|switch|p2a: Dondozo|Dondozo, L78, M|362/362\n|move|p1a: Venomoth|Sludge Wave|p2a: Dondozo\n|-damage|p2a: Dondozo|236/362\n|\n|-heal|p2a: Dondozo|258/362|[from] item: Leftovers\n|upkeep\n|turn|19\n|\n|t:|1771219233\n|move|p1a: Venomoth|Sludge Wave|p2a: Dondozo\n|-damage|p2a: Dondozo|131/362\n|move|p2a: Dondozo|Curse|p2a: Dondozo\n|-unboost|p2a: Dondozo|spe|1\n|-boost|p2a: Dondozo|atk|1\n|-boost|p2a: Dondozo|def|1\n|\n|-heal|p2a: Dondozo|153/362|[from] item: Leftovers\n|upkeep\n|turn|20\n|\n|t:|1771219236\n|move|p1a: Venomoth|Sludge Wave|p2a: Dondozo\n|-damage|p2a: Dondozo|30/362\n|move|p2a: Dondozo|Rest|p2a: Dondozo\n|-status|p2a: Dondozo|slp|[from] move: Rest\n|-heal|p2a: Dondozo|362/362 slp|[silent]\n|\n|upkeep\n|turn|21\n|\n|t:|1771219245\n|move|p1a: Venomoth|Sludge Wave|p2a: Dondozo\n|-damage|p2a: Dondozo|236/362 slp\n|cant|p2a: Dondozo|slp\n|move|p2a: Dondozo|Sleep Talk|p2a: Dondozo\n|move|p2a: Dondozo|Wave Crash|p1a: Venomoth|[from] move: Sleep Talk\n|-damage|p1a: Venomoth|24/255\n|-damage|p2a: Dondozo|160/362 slp|[from] Recoil\n|\n|-heal|p2a: Dondozo|182/362 slp|[from] item: Leftovers\n|upkeep\n|turn|22\n|\n|t:|1771219254\n|move|p1a: Venomoth|Sludge Wave|p2a: Dondozo\n|-damage|p2a: Dondozo|65/362 slp\n|cant|p2a: Dondozo|slp\n|move|p2a: Dondozo|Sleep Talk|p2a: Dondozo\n|move|p2a: Dondozo|Curse|p2a: Dondozo|[from] move: Sleep Talk\n|-unboost|p2a: Dondozo|spe|1\n|-boost|p2a: Dondozo|atk|1\n|-boost|p2a: Dondozo|def|1\n|\n|-heal|p2a: Dondozo|87/362 slp|[from] item: Leftovers\n|upkeep\n|turn|23\n|c|☆wdasdfsdxz|how much\n|c|☆wdasdfsdxz|like legit\n|c|☆wdasdfsdxz|i need to know where i can pay for rng\n|c|☆wdasdfsdxz|bc this is insane at this point\n|inactive|wdasdfsdxz has 60 seconds left.\n|\n|t:|1771219281\n|move|p1a: Venomoth|Sludge Wave|p2a: Dondozo\n|-crit|p2a: Dondozo\n|-damage|p2a: Dondozo|0 fnt\n|faint|p2a: Dondozo\n|\n|upkeep\n|\n|t:|1771219285\n|switch|p2a: Great Tusk|Great Tusk, L77|255/304 slp\n|turn|24\n|\n|t:|1771219290\n|move|p1a: Venomoth|Sludge Wave|p2a: Great Tusk\n|-resisted|p2a: Great Tusk\n|-damage|p2a: Great Tusk|111/304 slp\n|-curestatus|p2a: Great Tusk|slp|[msg]\n|move|p2a: Great Tusk|Rapid Spin|p1a: Venomoth\n|-damage|p1a: Venomoth|0 fnt\n|-boost|p2a: Great Tusk|spe|1\n|faint|p1a: Venomoth\n|\n|upkeep\n|\n|t:|1771219294\n|switch|p1a: Krookodile|Krookodile, L80, M|283/283\n|-ability|p1a: Krookodile|Intimidate|boost\n|-unboost|p2a: Great Tusk|atk|1\n|turn|25\n|\n|t:|1771219299\n|switch|p1a: Dusknoir|Dusknoir, L89, M|225/225\n|-item|p2a: Great Tusk|Assault Vest|[from] ability: Frisk|[of] p1a: Dusknoir\n|move|p2a: Great Tusk|Close Combat|p1a: Dusknoir\n|-immune|p1a: Dusknoir\n|\n|upkeep\n|turn|26\n|\n|t:|1771219306\n|move|p2a: Great Tusk|Close Combat|p1a: Dusknoir\n|-immune|p1a: Dusknoir\n|move|p1a: Dusknoir|Poltergeist|p2a: Great Tusk\n|-activate|p2a: Great Tusk|move: Poltergeist|Assault Vest\n|-damage|p2a: Great Tusk|0 fnt\n|faint|p2a: Great Tusk\n|-end|p2a: Great Tusk|Protosynthesis|[silent]\n|\n|upkeep\n|\n|t:|1771219308\n|switch|p2a: Brambleghast|Brambleghast, L88, M|99/240\n|turn|27\n|\n|t:|1771219317\n|move|p2a: Brambleghast|Power Whip|p1a: Dusknoir\n|-damage|p1a: Dusknoir|123/225\n|move|p1a: Dusknoir|Poltergeist|p2a: Brambleghast|[miss]\n|-miss|p1a: Dusknoir|p2a: Brambleghast\n|\n|-heal|p2a: Brambleghast|114/240|[from] item: Leftovers\n|upkeep\n|turn|28\n|\n|t:|1771219323\n|move|p2a: Brambleghast|Poltergeist|p1a: Dusknoir|[miss]\n|-miss|p2a: Brambleghast|p1a: Dusknoir\n|move|p1a: Dusknoir|Poltergeist|p2a: Brambleghast\n|-activate|p2a: Brambleghast|move: Poltergeist|Leftovers\n|-supereffective|p2a: Brambleghast\n|-damage|p2a: Brambleghast|0 fnt\n|faint|p2a: Brambleghast\n|\n|upkeep\n|inactive|wdasdfsdxz has 120 seconds left.\n|c|☆wdasdfsdxz|lolololollolololollolololol\n|c|☆wdasdfsdxz|sed;ljifseozdiofzwsij fes\n|c|☆wdasdfsdxz|sEPOFJwesao8zi dfcwa\n|c|☆wdasdfsdxz|'aS:PDnhawszdnomcisaed fv\n|c|☆wdasdfsdxz|how is this possible\n|c|☆wdasdfsdxz|like you have to be giving showdown\n|c|☆wdasdfsdxz|millions\n|inactive|wdasdfsdxz has 90 seconds left.\n|c|☆wdasdfsdxz|2 monitors broken\n|c|☆wdasdfsdxz|in the last 10 minutes\n|inactive|wdasdfsdxz has 60 seconds left.\n|\n|t:|1771219416\n|switch|p2a: Politoed|Politoed, L88, F|302/302\n|-weather|RainDance|[from] ability: Drizzle|[of] p2a: Politoed\n|turn|29\n|\n|t:|1771219423\n|move|p2a: Politoed|Weather Ball|p1a: Dusknoir\n|-damage|p1a: Dusknoir|0 fnt\n|faint|p1a: Dusknoir\n|\n|-weather|RainDance|[upkeep]\n|upkeep\n|\n|t:|1771219425\n|switch|p1a: Bellibolt|Bellibolt, L84, F|320/320\n|turn|30\n|\n|t:|1771219430\n|move|p2a: Politoed|Weather Ball|p1a: Bellibolt\n|-damage|p1a: Bellibolt|65/320\n|-start|p1a: Bellibolt|Charge|Weather Ball|[from] ability: Electromorphosis\n|move|p1a: Bellibolt|Thunderbolt|p2a: Politoed\n|-supereffective|p2a: Politoed\n|-damage|p2a: Politoed|0 fnt\n|faint|p2a: Politoed\n|-end|p1a: Bellibolt|Charge|[silent]\n|\n|-weather|RainDance|[upkeep]\n|-heal|p1a: Bellibolt|85/320|[from] item: Leftovers\n|upkeep\n|\n|t:|1771219432\n|switch|p2a: Dudunsparce|Dudunsparce, L83, M|206/343 tox\n|turn|31\n|\n|t:|1771219442\n|move|p2a: Dudunsparce|Boomburst|p1a: Bellibolt\n|-damage|p1a: Bellibolt|0 fnt\n|faint|p1a: Bellibolt\n|\n|-weather|RainDance|[upkeep]\n|-damage|p2a: Dudunsparce|185/343 tox|[from] psn\n|upkeep\n|\n|t:|1771219447\n|switch|p1a: Krookodile|Krookodile, L80, M|283/283\n|-ability|p1a: Krookodile|Intimidate|boost\n|-unboost|p2a: Dudunsparce|atk|1\n|-ability|p2a: Dudunsparce|Rattled|boost\n|-boost|p2a: Dudunsparce|spe|1\n|turn|32\n|\n|t:|1771219456\n|move|p1a: Krookodile|Earthquake|p2a: Dudunsparce\n|-damage|p2a: Dudunsparce|68/343 tox\n|move|p2a: Dudunsparce|Boomburst|p1a: Krookodile\n|-damage|p1a: Krookodile|129/283\n|\n|-weather|RainDance|[upkeep]\n|-damage|p2a: Dudunsparce|26/343 tox|[from] psn\n|upkeep\n|turn|33\n|\n|t:|1771219458\n|move|p1a: Krookodile|Earthquake|p2a: Dudunsparce\n|-damage|p2a: Dudunsparce|0 fnt\n|faint|p2a: Dudunsparce\n|\n|-weather|none\n|upkeep\n|\n|t:|1771219459\n|switch|p2a: Torkoal|Torkoal, L88, F|122/266\n|-weather|SunnyDay|[from] ability: Drought|[of] p2a: Torkoal\n|turn|34\n|\n|t:|1771219462\n|-terastallize|p2a: Torkoal|Grass\n|move|p1a: Krookodile|Earthquake|p2a: Torkoal\n|-resisted|p2a: Torkoal\n|-damage|p2a: Torkoal|85/266\n|move|p2a: Torkoal|Lava Plume|p1a: Krookodile\n|-damage|p1a: Krookodile|0 fnt\n|faint|p1a: Krookodile\n|\n|-weather|SunnyDay|[upkeep]\n|upkeep\n|\n|t:|1771219466\n|switch|p1a: Diancie|Diancie, L82|216/216\n|turn|35\n|\n|t:|1771219471\n|-terastallize|p1a: Diancie|Fairy\n|move|p1a: Diancie|Diamond Storm|p2a: Torkoal\n|-damage|p2a: Torkoal|18/266\n|move|p2a: Torkoal|Solar Beam||[still]\n|-prepare|p2a: Torkoal|Solar Beam\n|-anim|p2a: Torkoal|Solar Beam|p1a: Diancie\n|-damage|p1a: Diancie|123/216\n|\n|-weather|SunnyDay|[upkeep]\n|-heal|p1a: Diancie|136/216|[from] item: Leftovers\n|upkeep\n|turn|36\n|\n|t:|1771219474\n|move|p1a: Diancie|Diamond Storm|p2a: Torkoal\n|-damage|p2a: Torkoal|0 fnt\n|-boost|p1a: Diancie|def|2\n|faint|p2a: Torkoal\n|\n|win|thefolter\n|raw|thefolter's rating: 1574 &rarr; <strong>1594</strong><br />(+20 for winning)\n|raw|wdasdfsdxz's rating: 1567 &rarr; <strong>1547</strong><br />(-20 for losing)\n|c|☆wdasdfsdxz|please end it all\n|c|☆wdasdfsdxz|stop paying for rng on pokemon\n", "inputlog": ">version 686819e5e19f8a7fd2345cfc5a08a5085efa2cc3\n>start {\"formatid\":\"gen9randombattle\",\"seed\":\"sodium,7cdabd11a969fec353b7004591983fb4\",\"rated\":\"Rated battle\"}\n>player p1 {\"name\":\"thefolter\",\"avatar\":\"266\",\"rating\":1574,\"seed\":\"sodium,02430f11f255ce9768db2ee7889db49b\"}\n>player p2 {\"name\":\"wdasdfsdxz\",\"avatar\":\"2\",\"rating\":1588,\"seed\":\"sodium,b779f275a251ee4647d4222b808545fe\"}\n>p1 move sleeppowder\n>p2 move stoneedge\n>p1 switch 5\n>p2 move stoneedge\n>p1 move poltergeist\n>p2 switch 5\n>p1 move poltergeist\n>p2 switch 6\n>p1 switch 6\n>p2 move boomburst\n>p1 move drainpunch\n>p2 move earthpower\n>p1 move drainpunch\n>p2 switch 4\n>p1 move gunkshot\n>p2 switch 5\n>p1 switch 6\n>p2 move headlongrush\n>p1 move earthquake\n>p2 switch 4\n>p1 move earthquake\n>p2 move roost\n>p1 switch 6\n>p2 move roost\n>p1 move knockoff\n>p2 move earthpower\n>p1 move drainpunch\n>p2 switch 5\n>p1 move gunkshot\n>p2 move poltergeist\n>p1 switch 5\n>p1 move quiverdance\n>p2 move poltergeist\n>chat ☆wdasdfsdxz|lolol\n>p1 move sludgewave\n>p2 move poltergeist\n>chat ☆wdasdfsdxz|lololololololololol\n>chat ☆wdasdfsdxz|hope you die in a fire\n>chat ☆wdasdfsdxz|slowly\n>chat ☆thefolter|lmao \n>chat ☆wdasdfsdxz|how much are you paying for luck like this\n>chat ☆wdasdfsdxz|ive lost the past 8 games to the most asinine luck ive ever sene\n>chat ☆wdasdfsdxz|like i calculated it\n>chat ☆wdasdfsdxz|1/1billions per game\n>chat ☆thefolter|sounds like a skill issue\n>chat ☆wdasdfsdxz|and 8 games in a row\n>chat ☆wdasdfsdxz|how\n>chat ☆wdasdfsdxz|how is missing 2 90% moves in a row\n>chat ☆wdasdfsdxz|a skill issue\n>p1 move sludgewave\n>p2 switch 3\n>p1 move sludgewave\n>p2 move curse\n>p1 move sludgewave\n>p2 move rest\n>p1 move sludgewave\n>p2 move sleeptalk\n>p1 move sludgewave\n>p2 move sleeptalk\n>chat ☆wdasdfsdxz|how much \n>chat ☆wdasdfsdxz|like legit\n>chat ☆wdasdfsdxz|i need to know where i can pay for rng\n>chat ☆wdasdfsdxz|bc this is insane at this point\n>p1 move sludgewave\n>p2 move wavecrash\n>p2 switch 4\n>p1 move sludgewave\n>p2 move rapidspin\n>p1 switch 2\n>p1 switch 6\n>p2 move closecombat\n>p1 move poltergeist\n>p2 move closecombat\n>p2 switch 3\n>p1 move poltergeist\n>p2 move powerwhip\n>p1 move poltergeist\n>p2 move poltergeist\n>chat ☆wdasdfsdxz|lolololollolololollolololol\n>chat ☆wdasdfsdxz|sed;ljifseozdiofzwsij fes\n>chat ☆wdasdfsdxz|sEPOFJwesao8zi dfcwa\n>chat ☆wdasdfsdxz|'aS:PDnhawszdnomcisaed fv\n>chat ☆wdasdfsdxz|how is this possible\n>chat ☆wdasdfsdxz|like you have to be giving showdown \n>chat ☆wdasdfsdxz|millions\n>chat ☆wdasdfsdxz|2 monitors broken\n>chat ☆wdasdfsdxz|in the last 10 minutes\n>p2 switch 2\n>p1 move poltergeist\n>p2 move weatherball\n>p1 switch 3\n>p1 move thunderbolt\n>p2 move weatherball\n>p2 switch 5\n>p1 move slackoff\n>p2 move boomburst\n>p1 switch 6\n>p1 move earthquake\n>p2 move boomburst\n>p1 move earthquake\n>p2 move boomburst\n>p2 switch 6\n>p1 move earthquake\n>p2 move lavaplume terastallize\n>p1 switch 4\n>p1 move diamondstorm terastallize\n>p2 move solarbeam\n>p1 move diamondstorm\n>p2 move lavaplume", "uploadtime": 1771219161, "views": 13, "formatid": "gen9randombattle", "rating": 1547, "private": 0, "password": null}