{"id": "gen9randombattle-2540093435", "format": "[Gen 9] Random Battle", "players": ["MaddoxWithMadsocks", "weldingman"], "log": "|j|☆MaddoxWithMadsocks\n|j|‽weldingman\n|t:|1771160660\n|gametype|singles\n|player|p1|MaddoxWithMadsocks|265|1596\n|player|p2|weldingman|266|1643\n|gen|9\n|tier|[Gen 9] Random Battle\n|rated|\n|rule|Species Clause: Limit one of each Pokémon\n|rule|HP Percentage Mod: HP is shown in percentages\n|rule|Sleep Clause Mod: Limit one foe put to sleep\n|rule|Illusion Level Mod: Illusion disguises the Pokémon's true level\n|\n|t:|1771160660\n|teamsize|p1|6\n|teamsize|p2|6\n|start\n|switch|p1a: Deoxys|Deoxys, L74|196/196\n|switch|p2a: Zebstrika|Zebstrika, L87, F|272/272\n|-ability|p1a: Deoxys|Pressure\n|turn|1\n|inactive|Battle timer is ON: inactive players will automatically lose when time's up. (requested by MaddoxWithMadsocks)\n|\n|t:|1771160670\n|switch|p1a: Hydrapple|Hydrapple, L83, F|312/312\n|move|p2a: Zebstrika|Supercell Slam|p1a: Hydrapple\n|-resisted|p1a: Hydrapple\n|-damage|p1a: Hydrapple|283/312\n|-damage|p2a: Zebstrika|245/272|[from] item: Life Orb\n|\n|upkeep\n|turn|2\n|\n|t:|1771160680\n|move|p2a: Zebstrika|Volt Switch|p1a: Hydrapple\n|-resisted|p1a: Hydrapple\n|-crit|p1a: Hydrapple\n|-damage|p1a: Hydrapple|249/312\n|-damage|p2a: Zebstrika|218/272|[from] item: Life Orb\n|\n|t:|1771160690\n|switch|p2a: Meowstic|Meowstic-F, L89, F|277/277|[from] Volt Switch\n|move|p1a: Hydrapple|Draco Meteor|p2a: Meowstic\n|-damage|p2a: Meowstic|46/277\n|-unboost|p1a: Hydrapple|spa|2\n|\n|upkeep\n|turn|3\n|\n|t:|1771160701\n|switch|p1a: Articuno|Articuno, L86|295/295\n|-ability|p1a: Articuno|Pressure\n|move|p2a: Meowstic|Alluring Voice|p1a: Articuno\n|-damage|p1a: Articuno|244/295\n|-damage|p2a: Meowstic|19/277|[from] item: Life Orb\n|\n|upkeep\n|turn|4\n|\n|t:|1771160712\n|move|p2a: Meowstic|Psyshock|p1a: Articuno\n|-damage|p1a: Articuno|143/295\n|-damage|p2a: Meowstic|0 fnt|[from] item: Life Orb\n|faint|p2a: Meowstic\n|move|p1a: Articuno|U-turn|p2: Meowstic|[notarget]\n|-fail|p1a: Articuno\n|\n|upkeep\n|\n|t:|1771160723\n|switch|p2a: Deoxys|Deoxys-Defense, L84|221/221\n|-ability|p2a: Deoxys|Pressure\n|turn|5\n|\n|t:|1771160727\n|move|p2a: Deoxys|Cosmic Power|p2a: Deoxys\n|-boost|p2a: Deoxys|def|1\n|-boost|p2a: Deoxys|spd|1\n|move|p1a: Articuno|Roost|p1a: Articuno\n|-heal|p1a: Articuno|291/295\n|-singleturn|p1a: Articuno|move: Roost\n|\n|upkeep\n|turn|6\n|\n|t:|1771160734\n|move|p2a: Deoxys|Cosmic Power|p2a: Deoxys\n|-boost|p2a: Deoxys|def|1\n|-boost|p2a: Deoxys|spd|1\n|move|p1a: Articuno|U-turn|p2a: Deoxys\n|-supereffective|p2a: Deoxys\n|-damage|p2a: Deoxys|191/221\n|\n|t:|1771160735\n|switch|p1a: Scream Tail|Scream Tail, L84|330/330|[from] U-turn\n|\n|-heal|p2a: Deoxys|204/221|[from] item: Leftovers\n|upkeep\n|turn|7\n|\n|t:|1771160739\n|move|p1a: Scream Tail|Encore|p2a: Deoxys\n|-start|p2a: Deoxys|Encore\n|move|p2a: Deoxys|Cosmic Power|p2a: Deoxys\n|-boost|p2a: Deoxys|def|1\n|-boost|p2a: Deoxys|spd|1\n|\n|-heal|p2a: Deoxys|217/221|[from] item: Leftovers\n|upkeep\n|turn|8\n|\n|t:|1771160746\n|-end|p1a: Scream Tail|Protosynthesis|[silent]\n|switch|p1a: Deoxys|Deoxys, L74|196/196\n|-ability|p1a: Deoxys|Pressure\n|move|p2a: Deoxys|Cosmic Power|p2a: Deoxys\n|-boost|p2a: Deoxys|def|1\n|-boost|p2a: Deoxys|spd|1\n|\n|-heal|p2a: Deoxys|221/221|[from] item: Leftovers\n|upkeep\n|turn|9\n|\n|t:|1771160749\n|move|p1a: Deoxys|Knock Off|p2a: Deoxys\n|-supereffective|p2a: Deoxys\n|-damage|p2a: Deoxys|182/221\n|-enditem|p2a: Deoxys|Leftovers|[from] move: Knock Off|[of] p1a: Deoxys\n|-damage|p1a: Deoxys|177/196|[from] item: Life Orb\n|move|p2a: Deoxys|Cosmic Power|p2a: Deoxys\n|-boost|p2a: Deoxys|def|1\n|-boost|p2a: Deoxys|spd|1\n|\n|-end|p2a: Deoxys|Encore\n|upkeep\n|turn|10\n|\n|t:|1771160755\n|switch|p1a: Scream Tail|Scream Tail, L84|330/330\n|move|p2a: Deoxys|Stored Power|p1a: Scream Tail\n|-resisted|p1a: Scream Tail\n|-damage|p1a: Scream Tail|262/330\n|\n|-heal|p1a: Scream Tail|282/330|[from] item: Leftovers\n|upkeep\n|turn|11\n|\n|t:|1771160760\n|move|p1a: Scream Tail|Encore|p2a: Deoxys\n|-start|p2a: Deoxys|Encore\n|move|p2a: Deoxys|Stored Power|p1a: Scream Tail\n|-resisted|p1a: Scream Tail\n|-damage|p1a: Scream Tail|214/330\n|\n|-heal|p1a: Scream Tail|234/330|[from] item: Leftovers\n|upkeep\n|turn|12\n|\n|t:|1771160763\n|move|p1a: Scream Tail|Wish|p1a: Scream Tail\n|move|p2a: Deoxys|Stored Power|p1a: Scream Tail\n|-resisted|p1a: Scream Tail\n|-damage|p1a: Scream Tail|158/330\n|\n|-heal|p1a: Scream Tail|178/330|[from] item: Leftovers\n|upkeep\n|turn|13\n|\n|t:|1771160770\n|move|p1a: Scream Tail|Dazzling Gleam|p2a: Deoxys\n|-damage|p2a: Deoxys|169/221\n|move|p2a: Deoxys|Stored Power|p1a: Scream Tail\n|-resisted|p1a: Scream Tail\n|-damage|p1a: Scream Tail|100/330\n|\n|-heal|p1a: Scream Tail|265/330|[from] move: Wish|[wisher] Scream Tail\n|-heal|p1a: Scream Tail|285/330|[from] item: Leftovers\n|-end|p2a: Deoxys|Encore\n|upkeep\n|turn|14\n|\n|t:|1771160773\n|move|p1a: Scream Tail|Encore|p2a: Deoxys\n|-start|p2a: Deoxys|Encore\n|move|p2a: Deoxys|Stored Power|p1a: Scream Tail\n|-resisted|p1a: Scream Tail\n|-damage|p1a: Scream Tail|214/330\n|\n|-heal|p1a: Scream Tail|234/330|[from] item: Leftovers\n|upkeep\n|turn|15\n|\n|t:|1771160775\n|move|p1a: Scream Tail|Wish|p1a: Scream Tail\n|move|p2a: Deoxys|Stored Power|p1a: Scream Tail\n|-resisted|p1a: Scream Tail\n|-damage|p1a: Scream Tail|162/330\n|\n|-heal|p1a: Scream Tail|182/330|[from] item: Leftovers\n|upkeep\n|turn|16\n|\n|t:|1771160781\n|move|p1a: Scream Tail|Dazzling Gleam|p2a: Deoxys\n|-damage|p2a: Deoxys|157/221\n|move|p2a: Deoxys|Stored Power|p1a: Scream Tail\n|-resisted|p1a: Scream Tail\n|-damage|p1a: Scream Tail|104/330\n|\n|-heal|p1a: Scream Tail|269/330|[from] move: Wish|[wisher] Scream Tail\n|-heal|p1a: Scream Tail|289/330|[from] item: Leftovers\n|-end|p2a: Deoxys|Encore\n|upkeep\n|turn|17\n|\n|t:|1771160787\n|move|p1a: Scream Tail|Encore|p2a: Deoxys\n|-start|p2a: Deoxys|Encore\n|move|p2a: Deoxys|Stored Power|p1a: Scream Tail\n|-resisted|p1a: Scream Tail\n|-damage|p1a: Scream Tail|212/330\n|\n|-heal|p1a: Scream Tail|232/330|[from] item: Leftovers\n|upkeep\n|turn|18\n|\n|t:|1771160791\n|move|p1a: Scream Tail|Wish|p1a: Scream Tail\n|move|p2a: Deoxys|Stored Power|p1a: Scream Tail\n|-resisted|p1a: Scream Tail\n|-damage|p1a: Scream Tail|154/330\n|\n|-heal|p1a: Scream Tail|174/330|[from] item: Leftovers\n|upkeep\n|turn|19\n|\n|t:|1771160795\n|move|p1a: Scream Tail|Dazzling Gleam|p2a: Deoxys\n|-damage|p2a: Deoxys|145/221\n|move|p2a: Deoxys|Stored Power|p1a: Scream Tail\n|-resisted|p1a: Scream Tail\n|-damage|p1a: Scream Tail|103/330\n|\n|-heal|p1a: Scream Tail|268/330|[from] move: Wish|[wisher] Scream Tail\n|-heal|p1a: Scream Tail|288/330|[from] item: Leftovers\n|-end|p2a: Deoxys|Encore\n|upkeep\n|turn|20\n|\n|t:|1771160801\n|move|p1a: Scream Tail|Wish|p1a: Scream Tail\n|move|p2a: Deoxys|Night Shade|p1a: Scream Tail\n|-damage|p1a: Scream Tail|204/330\n|\n|-heal|p1a: Scream Tail|224/330|[from] item: Leftovers\n|upkeep\n|turn|21\n|\n|t:|1771160806\n|move|p1a: Scream Tail|Protect|p1a: Scream Tail\n|-singleturn|p1a: Scream Tail|Protect\n|move|p2a: Deoxys|Night Shade|p1a: Scream Tail\n|-activate|p1a: Scream Tail|move: Protect\n|\n|-heal|p1a: Scream Tail|330/330|[from] move: Wish|[wisher] Scream Tail\n|upkeep\n|turn|22\n|\n|t:|1771160812\n|move|p1a: Scream Tail|Dazzling Gleam|p2a: Deoxys\n|-damage|p2a: Deoxys|133/221\n|move|p2a: Deoxys|Night Shade|p1a: Scream Tail\n|-damage|p1a: Scream Tail|246/330\n|\n|-heal|p1a: Scream Tail|266/330|[from] item: Leftovers\n|upkeep\n|turn|23\n|\n|t:|1771160817\n|move|p1a: Scream Tail|Dazzling Gleam|p2a: Deoxys\n|-damage|p2a: Deoxys|121/221\n|move|p2a: Deoxys|Recover|p2a: Deoxys\n|-heal|p2a: Deoxys|221/221\n|\n|-heal|p1a: Scream Tail|286/330|[from] item: Leftovers\n|upkeep\n|turn|24\n|\n|t:|1771160822\n|move|p1a: Scream Tail|Wish|p1a: Scream Tail\n|move|p2a: Deoxys|Cosmic Power|p2a: Deoxys\n|-boost|p2a: Deoxys|def|1\n|-boost|p2a: Deoxys|spd|1\n|\n|-heal|p1a: Scream Tail|306/330|[from] item: Leftovers\n|upkeep\n|turn|25\n|\n|t:|1771160828\n|move|p1a: Scream Tail|Dazzling Gleam|p2a: Deoxys\n|-damage|p2a: Deoxys|211/221\n|move|p2a: Deoxys|Night Shade|p1a: Scream Tail\n|-damage|p1a: Scream Tail|222/330\n|\n|-heal|p1a: Scream Tail|330/330|[from] move: Wish|[wisher] Scream Tail\n|upkeep\n|turn|26\n|\n|t:|1771160833\n|move|p1a: Scream Tail|Protect|p1a: Scream Tail\n|-singleturn|p1a: Scream Tail|Protect\n|move|p2a: Deoxys|Cosmic Power|p2a: Deoxys\n|-boost|p2a: Deoxys|def|0\n|-boost|p2a: Deoxys|spd|0\n|\n|upkeep\n|turn|27\n|\n|t:|1771160841\n|move|p1a: Scream Tail|Protect||[still]\n|-fail|p1a: Scream Tail\n|move|p2a: Deoxys|Night Shade|p1a: Scream Tail\n|-damage|p1a: Scream Tail|246/330\n|\n|-heal|p1a: Scream Tail|266/330|[from] item: Leftovers\n|upkeep\n|turn|28\n|\n|t:|1771160848\n|move|p1a: Scream Tail|Protect|p1a: Scream Tail\n|-singleturn|p1a: Scream Tail|Protect\n|move|p2a: Deoxys|Night Shade|p1a: Scream Tail\n|-activate|p1a: Scream Tail|move: Protect\n|\n|-heal|p1a: Scream Tail|286/330|[from] item: Leftovers\n|upkeep\n|turn|29\n|\n|t:|1771160851\n|move|p1a: Scream Tail|Wish|p1a: Scream Tail\n|move|p2a: Deoxys|Night Shade|p1a: Scream Tail\n|-damage|p1a: Scream Tail|202/330\n|\n|-heal|p1a: Scream Tail|222/330|[from] item: Leftovers\n|upkeep\n|turn|30\n|\n|t:|1771160857\n|-end|p1a: Scream Tail|Protosynthesis|[silent]\n|switch|p1a: Alomomola|Alomomola, L87, F|429/429\n|move|p2a: Deoxys|Cosmic Power|p2a: Deoxys\n|-boost|p2a: Deoxys|def|0\n|-boost|p2a: Deoxys|spd|0\n|\n|upkeep\n|turn|31\n|\n|t:|1771160863\n|switch|p1a: Scream Tail|Scream Tail, L84|222/330\n|move|p2a: Deoxys|Stored Power|p1a: Scream Tail\n|-resisted|p1a: Scream Tail\n|-damage|p1a: Scream Tail|141/330\n|\n|-heal|p1a: Scream Tail|161/330|[from] item: Leftovers\n|upkeep\n|turn|32\n|\n|t:|1771160867\n|move|p1a: Scream Tail|Wish|p1a: Scream Tail\n|move|p2a: Deoxys|Night Shade|p1a: Scream Tail\n|-damage|p1a: Scream Tail|77/330\n|\n|-heal|p1a: Scream Tail|97/330|[from] item: Leftovers\n|upkeep\n|turn|33\n|\n|t:|1771160872\n|move|p1a: Scream Tail|Protect|p1a: Scream Tail\n|-singleturn|p1a: Scream Tail|Protect\n|move|p2a: Deoxys|Cosmic Power|p2a: Deoxys\n|-boost|p2a: Deoxys|def|0\n|-boost|p2a: Deoxys|spd|0\n|\n|-heal|p1a: Scream Tail|262/330|[from] move: Wish|[wisher] Scream Tail\n|-heal|p1a: Scream Tail|282/330|[from] item: Leftovers\n|upkeep\n|turn|34\n|\n|t:|1771160877\n|-end|p1a: Scream Tail|Protosynthesis|[silent]\n|switch|p1a: Alomomola|Alomomola, L87, F|429/429\n|move|p2a: Deoxys|Stored Power|p1a: Alomomola\n|-crit|p1a: Alomomola\n|-damage|p1a: Alomomola|0 fnt\n|faint|p1a: Alomomola\n|\n|upkeep\n|\n|t:|1771160884\n|switch|p1a: Scream Tail|Scream Tail, L84|282/330\n|turn|35\n|\n|t:|1771160888\n|move|p1a: Scream Tail|Protect|p1a: Scream Tail\n|-singleturn|p1a: Scream Tail|Protect\n|move|p2a: Deoxys|Night Shade|p1a: Scream Tail\n|-activate|p1a: Scream Tail|move: Protect\n|\n|-heal|p1a: Scream Tail|302/330|[from] item: Leftovers\n|upkeep\n|turn|36\n|\n|t:|1771160892\n|move|p1a: Scream Tail|Wish|p1a: Scream Tail\n|move|p2a: Deoxys|Cosmic Power|p2a: Deoxys\n|-boost|p2a: Deoxys|def|0\n|-boost|p2a: Deoxys|spd|0\n|\n|-heal|p1a: Scream Tail|322/330|[from] item: Leftovers\n|upkeep\n|turn|37\n|\n|t:|1771160896\n|move|p1a: Scream Tail|Dazzling Gleam|p2a: Deoxys\n|-damage|p2a: Deoxys|201/221\n|move|p2a: Deoxys|Cosmic Power|p2a: Deoxys\n|-boost|p2a: Deoxys|def|0\n|-boost|p2a: Deoxys|spd|0\n|\n|-heal|p1a: Scream Tail|330/330|[from] move: Wish|[wisher] Scream Tail\n|upkeep\n|turn|38\n|\n|t:|1771160905\n|move|p1a: Scream Tail|Protect|p1a: Scream Tail\n|-singleturn|p1a: Scream Tail|Protect\n|move|p2a: Deoxys|Night Shade|p1a: Scream Tail\n|-activate|p1a: Scream Tail|move: Protect\n|\n|upkeep\n|turn|39\n|\n|t:|1771160911\n|move|p1a: Scream Tail|Dazzling Gleam|p2a: Deoxys\n|-damage|p2a: Deoxys|191/221\n|move|p2a: Deoxys|Cosmic Power|p2a: Deoxys\n|-boost|p2a: Deoxys|def|0\n|-boost|p2a: Deoxys|spd|0\n|\n|upkeep\n|turn|40\n|\n|t:|1771160920\n|-end|p1a: Scream Tail|Protosynthesis|[silent]\n|switch|p1a: Articuno|Articuno, L86|291/295\n|-ability|p1a: Articuno|Pressure\n|move|p2a: Deoxys|Cosmic Power|p2a: Deoxys\n|-boost|p2a: Deoxys|def|0\n|-boost|p2a: Deoxys|spd|0\n|\n|upkeep\n|turn|41\n|\n|t:|1771160924\n|move|p2a: Deoxys|Night Shade|p1a: Articuno\n|-damage|p1a: Articuno|207/295\n|move|p1a: Articuno|Brave Bird|p2a: Deoxys\n|-damage|p2a: Deoxys|172/221\n|-damage|p1a: Articuno|201/295|[from] Recoil\n|\n|upkeep\n|turn|42\n|\n|t:|1771160928\n|switch|p1a: Scream Tail|Scream Tail, L84|330/330\n|move|p2a: Deoxys|Recover|p2a: Deoxys\n|-heal|p2a: Deoxys|221/221\n|\n|upkeep\n|turn|43\n|\n|t:|1771160932\n|-end|p1a: Scream Tail|Protosynthesis|[silent]\n|switch|p1a: Articuno|Articuno, L86|201/295\n|-ability|p1a: Articuno|Pressure\n|move|p2a: Deoxys|Cosmic Power|p2a: Deoxys\n|-boost|p2a: Deoxys|def|0\n|-boost|p2a: Deoxys|spd|0\n|\n|upkeep\n|turn|44\n|\n|t:|1771160935\n|move|p2a: Deoxys|Night Shade|p1a: Articuno\n|-damage|p1a: Articuno|117/295\n|move|p1a: Articuno|Freeze-Dry|p2a: Deoxys\n|-damage|p2a: Deoxys|208/221\n|\n|upkeep\n|turn|45\n|\n|t:|1771160941\n|switch|p1a: Scream Tail|Scream Tail, L84|330/330\n|move|p2a: Deoxys|Cosmic Power|p2a: Deoxys\n|-boost|p2a: Deoxys|def|0\n|-boost|p2a: Deoxys|spd|0\n|\n|upkeep\n|turn|46\n|\n|t:|1771160945\n|move|p1a: Scream Tail|Protect|p1a: Scream Tail\n|-singleturn|p1a: Scream Tail|Protect\n|move|p2a: Deoxys|Cosmic Power|p2a: Deoxys\n|-boost|p2a: Deoxys|def|0\n|-boost|p2a: Deoxys|spd|0\n|\n|upkeep\n|turn|47\n|\n|t:|1771160954\n|-end|p1a: Scream Tail|Protosynthesis|[silent]\n|switch|p1a: Articuno|Articuno, L86|117/295\n|-ability|p1a: Articuno|Pressure\n|move|p2a: Deoxys|Stored Power|p1a: Articuno\n|-damage|p1a: Articuno|0 fnt\n|faint|p1a: Articuno\n|\n|upkeep\n|\n|t:|1771160957\n|switch|p1a: Scream Tail|Scream Tail, L84|330/330\n|turn|48\n|\n|t:|1771160960\n|move|p1a: Scream Tail|Protect|p1a: Scream Tail\n|-singleturn|p1a: Scream Tail|Protect\n|move|p2a: Deoxys|Cosmic Power|p2a: Deoxys\n|-boost|p2a: Deoxys|def|0\n|-boost|p2a: Deoxys|spd|0\n|\n|upkeep\n|turn|49\n|\n|t:|1771160970\n|-end|p1a: Scream Tail|Protosynthesis|[silent]\n|switch|p1a: Hydrapple|Hydrapple, L83, F|312/312\n|move|p2a: Deoxys|Night Shade|p1a: Hydrapple\n|-damage|p1a: Hydrapple|228/312\n|\n|upkeep\n|turn|50\n|\n|t:|1771160974\n|switch|p1a: Scream Tail|Scream Tail, L84|330/330\n|move|p2a: Deoxys|Stored Power|p1a: Scream Tail\n|-resisted|p1a: Scream Tail\n|-damage|p1a: Scream Tail|240/330\n|\n|-heal|p1a: Scream Tail|260/330|[from] item: Leftovers\n|upkeep\n|turn|51\n|\n|t:|1771160980\n|move|p1a: Scream Tail|Protect|p1a: Scream Tail\n|-singleturn|p1a: Scream Tail|Protect\n|move|p2a: Deoxys|Stored Power|p1a: Scream Tail\n|-activate|p1a: Scream Tail|move: Protect\n|\n|-heal|p1a: Scream Tail|280/330|[from] item: Leftovers\n|upkeep\n|turn|52\n|\n|t:|1771160987\n|move|p1a: Scream Tail|Wish|p1a: Scream Tail\n|move|p2a: Deoxys|Night Shade|p1a: Scream Tail\n|-damage|p1a: Scream Tail|196/330\n|\n|-heal|p1a: Scream Tail|216/330|[from] item: Leftovers\n|upkeep\n|turn|53\n|\n|t:|1771160990\n|-end|p1a: Scream Tail|Protosynthesis|[silent]\n|switch|p1a: Feraligatr|Feraligatr, L79, F|264/264\n|move|p2a: Deoxys|Cosmic Power|p2a: Deoxys\n|-boost|p2a: Deoxys|def|0\n|-boost|p2a: Deoxys|spd|0\n|\n|upkeep\n|turn|54\n|\n|t:|1771160994\n|move|p2a: Deoxys|Night Shade|p1a: Feraligatr\n|-damage|p1a: Feraligatr|180/264\n|move|p1a: Feraligatr|Dragon Dance|p1a: Feraligatr\n|-boost|p1a: Feraligatr|atk|1\n|-boost|p1a: Feraligatr|spe|1\n|\n|upkeep\n|turn|55\n|\n|t:|1771160998\n|move|p1a: Feraligatr|Liquidation|p2a: Deoxys\n|-damage|p2a: Deoxys|172/221\n|move|p2a: Deoxys|Night Shade|p1a: Feraligatr\n|-damage|p1a: Feraligatr|96/264\n|\n|upkeep\n|turn|56\n|\n|t:|1771161002\n|move|p1a: Feraligatr|Liquidation|p2a: Deoxys\n|-damage|p2a: Deoxys|136/221\n|move|p2a: Deoxys|Night Shade|p1a: Feraligatr\n|-damage|p1a: Feraligatr|12/264\n|\n|upkeep\n|turn|57\n|\n|t:|1771161005\n|switch|p1a: Scream Tail|Scream Tail, L84|216/330\n|move|p2a: Deoxys|Night Shade|p1a: Scream Tail\n|-damage|p1a: Scream Tail|132/330\n|\n|-heal|p1a: Scream Tail|152/330|[from] item: Leftovers\n|upkeep\n|turn|58\n|\n|t:|1771161017\n|switch|p2a: Zekrom|Zekrom, L71|259/259\n|-ability|p2a: Zekrom|Teravolt\n|move|p1a: Scream Tail|Wish|p1a: Scream Tail\n|\n|-heal|p1a: Scream Tail|172/330|[from] item: Leftovers\n|upkeep\n|turn|59\n|\n|t:|1771161024\n|-end|p1a: Scream Tail|Protosynthesis|[silent]\n|switch|p1a: Hydrapple|Hydrapple, L83, F|312/312\n|move|p2a: Zekrom|Dragon Dance|p2a: Zekrom\n|-boost|p2a: Zekrom|atk|1\n|-boost|p2a: Zekrom|spe|1\n|\n|upkeep\n|turn|60\n|\n|t:|1771161034\n|switch|p1a: Feraligatr|Feraligatr, L79, F|12/264\n|move|p2a: Zekrom|Substitute|p2a: Zekrom\n|-start|p2a: Zekrom|Substitute\n|-damage|p2a: Zekrom|195/259\n|\n|-heal|p2a: Zekrom|211/259|[from] item: Leftovers\n|upkeep\n|turn|61\n|\n|t:|1771161038\n|move|p2a: Zekrom|Bolt Strike|p1a: Feraligatr\n|-supereffective|p1a: Feraligatr\n|-damage|p1a: Feraligatr|0 fnt\n|faint|p1a: Feraligatr\n|\n|-heal|p2a: Zekrom|227/259|[from] item: Leftovers\n|upkeep\n|\n|t:|1771161040\n|switch|p1a: Deoxys|Deoxys, L74|177/196\n|-ability|p1a: Deoxys|Pressure\n|turn|62\n|\n|t:|1771161042\n|move|p1a: Deoxys|Psycho Boost|p2a: Zekrom\n|-end|p2a: Zekrom|Substitute\n|-unboost|p1a: Deoxys|spa|2\n|-damage|p1a: Deoxys|158/196|[from] item: Life Orb\n|move|p2a: Zekrom|Dragon Dance|p2a: Zekrom\n|-boost|p2a: Zekrom|atk|1\n|-boost|p2a: Zekrom|spe|1\n|\n|-heal|p2a: Zekrom|243/259|[from] item: Leftovers\n|upkeep\n|turn|63\n|\n|t:|1771161048\n|move|p1a: Deoxys|Extreme Speed|p2a: Zekrom\n|-damage|p2a: Zekrom|168/259\n|-damage|p1a: Deoxys|139/196|[from] item: Life Orb\n|move|p2a: Zekrom|Substitute|p2a: Zekrom\n|-start|p2a: Zekrom|Substitute\n|-damage|p2a: Zekrom|104/259\n|\n|-heal|p2a: Zekrom|120/259|[from] item: Leftovers\n|upkeep\n|turn|64\n|\n|t:|1771161051\n|move|p1a: Deoxys|Extreme Speed|p2a: Zekrom\n|-end|p2a: Zekrom|Substitute\n|-damage|p1a: Deoxys|120/196|[from] item: Life Orb\n|move|p2a: Zekrom|Bolt Strike|p1a: Deoxys|[miss]\n|-miss|p2a: Zekrom|p1a: Deoxys\n|\n|-heal|p2a: Zekrom|136/259|[from] item: Leftovers\n|upkeep\n|turn|65\n|\n|t:|1771161055\n|move|p1a: Deoxys|Extreme Speed|p2a: Zekrom\n|-damage|p2a: Zekrom|65/259\n|-damage|p1a: Deoxys|101/196|[from] item: Life Orb\n|move|p2a: Zekrom|Bolt Strike|p1a: Deoxys\n|-damage|p1a: Deoxys|0 fnt\n|faint|p1a: Deoxys\n|\n|-heal|p2a: Zekrom|81/259|[from] item: Leftovers\n|upkeep\n|\n|t:|1771161059\n|switch|p1a: Hydrapple|Hydrapple, L83, F|312/312\n|turn|66\n|\n|t:|1771161062\n|move|p2a: Zekrom|Outrage|p1a: Hydrapple\n|-supereffective|p1a: Hydrapple\n|-damage|p1a: Hydrapple|0 fnt\n|faint|p1a: Hydrapple\n|\n|-heal|p2a: Zekrom|97/259|[from] item: Leftovers\n|upkeep\n|\n|t:|1771161063\n|switch|p1a: Scream Tail|Scream Tail, L84|172/330\n|turn|67\n|\n|t:|1771161065\n|move|p2a: Zekrom|Outrage|p1a: Scream Tail|[from] lockedmove\n|-immune|p1a: Scream Tail\n|-start|p2a: Zekrom|confusion|[fatigue]\n|move|p1a: Scream Tail|Wish|p1a: Scream Tail\n|\n|-heal|p2a: Zekrom|113/259|[from] item: Leftovers\n|-heal|p1a: Scream Tail|192/330|[from] item: Leftovers\n|upkeep\n|turn|68\n|\n|t:|1771161071\n|move|p1a: Scream Tail|Protect|p1a: Scream Tail\n|-singleturn|p1a: Scream Tail|Protect\n|-activate|p2a: Zekrom|confusion\n|move|p2a: Zekrom|Bolt Strike|p1a: Scream Tail\n|-activate|p1a: Scream Tail|move: Protect\n|\n|-heal|p1a: Scream Tail|330/330|[from] move: Wish|[wisher] Scream Tail\n|-heal|p2a: Zekrom|129/259|[from] item: Leftovers\n|upkeep\n|turn|69\n|\n|t:|1771161074\n|-end|p2a: Zekrom|confusion\n|move|p2a: Zekrom|Bolt Strike|p1a: Scream Tail\n|-damage|p1a: Scream Tail|77/330\n|-status|p1a: Scream Tail|par\n|cant|p1a: Scream Tail|par\n|\n|-heal|p2a: Zekrom|145/259|[from] item: Leftovers\n|-heal|p1a: Scream Tail|97/330 par|[from] item: Leftovers\n|upkeep\n|turn|70\n|\n|t:|1771161079\n|move|p1a: Scream Tail|Protect|p1a: Scream Tail\n|-singleturn|p1a: Scream Tail|Protect\n|move|p2a: Zekrom|Bolt Strike|p1a: Scream Tail\n|-activate|p1a: Scream Tail|move: Protect\n|\n|-heal|p2a: Zekrom|161/259|[from] item: Leftovers\n|-heal|p1a: Scream Tail|117/330 par|[from] item: Leftovers\n|upkeep\n|turn|71\n|\n|t:|1771161084\n|switch|p2a: Gholdengo|Gholdengo, L77|261/261\n|move|p1a: Scream Tail|Wish|p1a: Scream Tail\n|\n|-heal|p1a: Scream Tail|137/330 par|[from] item: Leftovers\n|upkeep\n|turn|72\n|\n|t:|1771161088\n|-terastallize|p1a: Scream Tail|Poison\n|cant|p1a: Scream Tail|par\n|move|p2a: Gholdengo|Make It Rain|p1a: Scream Tail\n|-damage|p1a: Scream Tail|16/330 par\n|-unboost|p2a: Gholdengo|spa|1\n|\n|-heal|p1a: Scream Tail|181/330 par|[from] move: Wish|[wisher] Scream Tail\n|-heal|p1a: Scream Tail|201/330 par|[from] item: Leftovers\n|upkeep\n|turn|73\n|\n|t:|1771161094\n|switch|p2a: Deoxys|Deoxys-Defense, L84|136/221\n|-ability|p2a: Deoxys|Pressure\n|move|p1a: Scream Tail|Wish|p1a: Scream Tail\n|\n|-heal|p1a: Scream Tail|221/330 par|[from] item: Leftovers\n|upkeep\n|turn|74\n|\n|t:|1771161097\n|move|p1a: Scream Tail|Protect|p1a: Scream Tail\n|-singleturn|p1a: Scream Tail|Protect\n|move|p2a: Deoxys|Night Shade|p1a: Scream Tail\n|-activate|p1a: Scream Tail|move: Protect\n|\n|-heal|p1a: Scream Tail|330/330 par|[from] move: Wish|[wisher] Scream Tail\n|upkeep\n|turn|75\n|\n|t:|1771161101\n|move|p2a: Deoxys|Cosmic Power|p2a: Deoxys\n|-boost|p2a: Deoxys|def|1\n|-boost|p2a: Deoxys|spd|1\n|cant|p1a: Scream Tail|par\n|\n|upkeep\n|turn|76\n|\n|t:|1771161104\n|move|p1a: Scream Tail|Protect|p1a: Scream Tail\n|-singleturn|p1a: Scream Tail|Protect\n|move|p2a: Deoxys|Cosmic Power|p2a: Deoxys\n|-boost|p2a: Deoxys|def|1\n|-boost|p2a: Deoxys|spd|1\n|\n|upkeep\n|turn|77\n|\n|t:|1771161107\n|move|p2a: Deoxys|Cosmic Power|p2a: Deoxys\n|-boost|p2a: Deoxys|def|1\n|-boost|p2a: Deoxys|spd|1\n|move|p1a: Scream Tail|Wish|p1a: Scream Tail\n|\n|upkeep\n|turn|78\n|\n|t:|1771161111\n|cant|p1a: Scream Tail|par\n|move|p2a: Deoxys|Cosmic Power|p2a: Deoxys\n|-boost|p2a: Deoxys|def|1\n|-boost|p2a: Deoxys|spd|1\n|\n|upkeep\n|turn|79\n|\n|t:|1771161115\n|move|p1a: Scream Tail|Protect|p1a: Scream Tail\n|-singleturn|p1a: Scream Tail|Protect\n|move|p2a: Deoxys|Cosmic Power|p2a: Deoxys\n|-boost|p2a: Deoxys|def|1\n|-boost|p2a: Deoxys|spd|1\n|\n|upkeep\n|turn|80\n|\n|t:|1771161118\n|move|p2a: Deoxys|Cosmic Power|p2a: Deoxys\n|-boost|p2a: Deoxys|def|1\n|-boost|p2a: Deoxys|spd|1\n|move|p1a: Scream Tail|Wish|p1a: Scream Tail\n|\n|upkeep\n|turn|81\n|\n|t:|1771161129\n|cant|p1a: Scream Tail|par\n|move|p2a: Deoxys|Recover|p2a: Deoxys\n|-heal|p2a: Deoxys|221/221\n|\n|upkeep\n|turn|82\n|c|☆MaddoxWithMadsocks|peak battle\n|\n|t:|1771161136\n|move|p2a: Deoxys|Night Shade|p1a: Scream Tail\n|-damage|p1a: Scream Tail|246/330 par\n|move|p1a: Scream Tail|Wish|p1a: Scream Tail\n|\n|-heal|p1a: Scream Tail|266/330 par|[from] item: Leftovers\n|upkeep\n|turn|83\n|\n|t:|1771161139\n|move|p1a: Scream Tail|Protect|p1a: Scream Tail\n|-singleturn|p1a: Scream Tail|Protect\n|move|p2a: Deoxys|Night Shade|p1a: Scream Tail\n|-activate|p1a: Scream Tail|move: Protect\n|\n|-heal|p1a: Scream Tail|330/330 par|[from] move: Wish|[wisher] Scream Tail\n|upkeep\n|turn|84\n|\n|t:|1771161142\n|move|p2a: Deoxys|Night Shade|p1a: Scream Tail\n|-damage|p1a: Scream Tail|246/330 par\n|cant|p1a: Scream Tail|par\n|\n|-heal|p1a: Scream Tail|266/330 par|[from] item: Leftovers\n|upkeep\n|turn|85\n|\n|t:|1771161145\n|move|p2a: Deoxys|Cosmic Power|p2a: Deoxys\n|-boost|p2a: Deoxys|def|0\n|-boost|p2a: Deoxys|spd|0\n|-activate|p1a: Scream Tail|move: Struggle\n|move|p1a: Scream Tail|Struggle|p2a: Deoxys\n|-damage|p2a: Deoxys|217/221\n|-damage|p1a: Scream Tail|183/330 par|[from] recoil\n|\n|-heal|p1a: Scream Tail|203/330 par|[from] item: Leftovers\n|upkeep\n|turn|86\n|\n|t:|1771161148\n|move|p2a: Deoxys|Cosmic Power|p2a: Deoxys\n|-boost|p2a: Deoxys|def|0\n|-boost|p2a: Deoxys|spd|0\n|-activate|p1a: Scream Tail|move: Struggle\n|move|p1a: Scream Tail|Struggle|p2a: Deoxys\n|-damage|p2a: Deoxys|213/221\n|-damage|p1a: Scream Tail|120/330 par|[from] recoil\n|\n|-heal|p1a: Scream Tail|140/330 par|[from] item: Leftovers\n|upkeep\n|turn|87\n|\n|t:|1771161150\n|move|p2a: Deoxys|Cosmic Power|p2a: Deoxys\n|-boost|p2a: Deoxys|def|0\n|-boost|p2a: Deoxys|spd|0\n|cant|p1a: Scream Tail|par\n|\n|-heal|p1a: Scream Tail|160/330 par|[from] item: Leftovers\n|upkeep\n|turn|88\n|\n|t:|1771161153\n|move|p2a: Deoxys|Cosmic Power|p2a: Deoxys\n|-boost|p2a: Deoxys|def|0\n|-boost|p2a: Deoxys|spd|0\n|-activate|p1a: Scream Tail|move: Struggle\n|move|p1a: Scream Tail|Struggle|p2a: Deoxys\n|-damage|p2a: Deoxys|209/221\n|-damage|p1a: Scream Tail|77/330 par|[from] recoil\n|\n|-heal|p1a: Scream Tail|97/330 par|[from] item: Leftovers\n|upkeep\n|turn|89\n|\n|t:|1771161155\n|move|p2a: Deoxys|Cosmic Power|p2a: Deoxys\n|-boost|p2a: Deoxys|def|0\n|-boost|p2a: Deoxys|spd|0\n|-activate|p1a: Scream Tail|move: Struggle\n|move|p1a: Scream Tail|Struggle|p2a: Deoxys\n|-damage|p2a: Deoxys|205/221\n|-damage|p1a: Scream Tail|14/330 par|[from] recoil\n|\n|-heal|p1a: Scream Tail|34/330 par|[from] item: Leftovers\n|upkeep\n|turn|90\n|\n|t:|1771161161\n|move|p2a: Deoxys|Recover|p2a: Deoxys\n|-heal|p2a: Deoxys|221/221\n|-activate|p1a: Scream Tail|move: Struggle\n|move|p1a: Scream Tail|Struggle|p2a: Deoxys\n|-damage|p2a: Deoxys|217/221\n|-damage|p1a: Scream Tail|0 fnt|[from] recoil\n|faint|p1a: Scream Tail\n|-end|p1a: Scream Tail|Protosynthesis|[silent]\n|\n|win|weldingman\n|raw|MaddoxWithMadsocks's rating: 1596 &rarr; <strong>1579</strong><br />(-17 for losing)\n|raw|weldingman's rating: 1643 &rarr; <strong>1660</strong><br />(+17 for winning)\n", "inputlog": ">version 686819e5e19f8a7fd2345cfc5a08a5085efa2cc3\n>start {\"formatid\":\"gen9randombattle\",\"seed\":\"sodium,e1a390113da1313611663d4cfbeb0f42\",\"rated\":\"Rated battle\"}\n>player p1 {\"name\":\"MaddoxWithMadsocks\",\"avatar\":\"265\",\"rating\":1596,\"seed\":\"sodium,76475f426f8b111766a4547b9747c419\"}\n>player p2 {\"name\":\"weldingman\",\"avatar\":\"266\",\"rating\":1643,\"seed\":\"sodium,c30d5c15af2bd050b908868b48920d0b\"}\n>p1 switch 2\n>p2 move supercellslam\n>p1 move dracometeor\n>p2 move voltswitch\n>p2 switch 5\n>p1 switch 6\n>p2 move alluringvoice\n>p1 move uturn\n>p2 move psyshock\n>p2 switch 2\n>p1 move roost\n>p2 move cosmicpower\n>p1 move uturn\n>p2 move cosmicpower\n>p1 switch 3\n>p1 move encore\n>p2 move nightshade\n>p1 switch 2\n>p2 move cosmicpower\n>p1 move knockoff\n>p2 move cosmicpower\n>p1 switch 2\n>p2 move storedpower\n>p1 move encore\n>p2 move nightshade\n>p1 move wish\n>p2 move storedpower\n>p1 move dazzlinggleam\n>p2 move storedpower\n>p1 move encore\n>p2 move nightshade\n>p1 move wish\n>p2 move storedpower\n>p1 move dazzlinggleam\n>p2 move storedpower\n>p1 move encore\n>p2 move nightshade\n>p1 move wish\n>p2 move storedpower\n>p1 move dazzlinggleam\n>p2 move storedpower\n>p1 move wish\n>p2 move nightshade\n>p1 move protect\n>p2 move nightshade\n>p1 move dazzlinggleam\n>p2 move nightshade\n>p1 move dazzlinggleam\n>p2 move recover\n>p1 move wish\n>p2 move cosmicpower\n>p1 move dazzlinggleam\n>p2 move nightshade\n>p1 move protect\n>p2 move cosmicpower\n>p1 move protect\n>p2 move nightshade\n>p1 move protect\n>p2 move nightshade\n>p1 move wish\n>p2 move nightshade\n>p1 switch 4\n>p2 move cosmicpower\n>p1 switch 4\n>p2 move storedpower\n>p1 move wish\n>p2 move nightshade\n>p1 move protect\n>p2 move cosmicpower\n>p1 switch 4\n>p2 move storedpower\n>p1 switch 4\n>p1 move protect\n>p2 move nightshade\n>p1 move wish\n>p2 move cosmicpower\n>p1 move dazzlinggleam\n>p2 move cosmicpower\n>p1 move protect\n>p2 move nightshade\n>p1 move dazzlinggleam\n>p2 move cosmicpower\n>p1 switch 3\n>p2 move cosmicpower\n>p1 move bravebird\n>p2 move nightshade\n>p1 switch 3\n>p2 move recover\n>p1 switch 3\n>p2 move cosmicpower\n>p1 move freezedry\n>p2 move nightshade\n>p1 switch 3\n>p2 move cosmicpower\n>p1 move protect\n>p2 move cosmicpower\n>p1 switch 3\n>p2 move storedpower\n>p1 switch 3\n>p1 move protect\n>p2 move cosmicpower\n>p1 switch 6\n>p2 move nightshade\n>p1 switch 6\n>p2 move storedpower\n>p1 move protect\n>p2 move storedpower\n>p1 move wish\n>p2 move nightshade\n>p1 switch 5\n>p2 move cosmicpower\n>p1 move dragondance\n>p2 move nightshade\n>p1 move liquidation\n>p2 move nightshade\n>p1 move liquidation\n>p2 move nightshade\n>p1 switch 5\n>p2 move nightshade\n>p1 move wish\n>p2 switch 6\n>p1 switch 6\n>p2 move dragondance\n>p1 switch 5\n>p2 move substitute\n>p1 move icepunch\n>p2 move boltstrike\n>p1 switch 2\n>p1 move psychoboost\n>p2 move dragondance\n>p1 move extremespeed\n>p2 move substitute\n>p1 move extremespeed\n>p2 move boltstrike\n>p1 move extremespeed\n>p2 move boltstrike\n>p1 switch 5\n>p1 move earthpower\n>p2 move outrage\n>p1 switch 6\n>p1 move wish\n>p2 move outrage\n>p1 move protect\n>p2 move boltstrike\n>p1 move wish\n>p2 move boltstrike\n>p1 move protect\n>p2 move boltstrike\n>p1 move wish\n>p2 switch 4\n>p1 move protect terastallize\n>p2 move makeitrain\n>p1 move wish\n>p2 switch 6\n>p1 move protect\n>p2 move nightshade\n>p1 move wish\n>p2 move cosmicpower\n>p1 move protect\n>p2 move cosmicpower\n>p1 move wish\n>p2 move cosmicpower\n>p1 move protect\n>p2 move cosmicpower\n>p1 move protect\n>p2 move cosmicpower\n>p1 move wish\n>p2 move cosmicpower\n>p1 move protect\n>p2 move recover\n>chat ☆MaddoxWithMadsocks|peak battle\n>p1 move wish\n>p2 move nightshade\n>p1 move protect\n>p2 move nightshade\n>p1 move struggle\n>p2 move nightshade\n>p1 move struggle\n>p2 move cosmicpower\n>p1 move struggle\n>p2 move cosmicpower\n>p1 move struggle\n>p2 move cosmicpower\n>p1 move struggle\n>p2 move cosmicpower\n>p1 move struggle\n>p2 move cosmicpower\n>p1 move struggle\n>p2 move recover", "uploadtime": 1771161164, "views": 22, "formatid": "gen9randombattle", "rating": 1579, "private": 0, "password": null}