{"id": "gen9randombattle-2540924315", "format": "[Gen 9] Random Battle", "players": ["mikhail95", "Kayatakii"], "log": "|j|☆mikhail95\n|j|☆Kayatakii\n|t:|1771267634\n|gametype|singles\n|player|p1|mikhail95|102|1779\n|player|p2|Kayatakii|sada-ai|1739\n|gen|9\n|tier|[Gen 9] Random Battle\n|rated|\n|rule|Species Clause: Limit one of each Pokémon\n|rule|HP Percentage Mod: HP is shown in percentages\n|rule|Sleep Clause Mod: Limit one foe put to sleep\n|rule|Illusion Level Mod: Illusion disguises the Pokémon's true level\n|\n|t:|1771267634\n|teamsize|p1|6\n|teamsize|p2|6\n|start\n|switch|p1a: Cramorant|Cramorant, L86, F|261/261\n|switch|p2a: Brute Bonnet|Brute Bonnet, L81|312/312\n|turn|1\n|\n|t:|1771267655\n|move|p1a: Cramorant|Surf|p2a: Brute Bonnet\n|-formechange|p1a: Cramorant|Cramorant-Gulping|\n|-resisted|p2a: Brute Bonnet\n|-damage|p2a: Brute Bonnet|267/312\n|move|p2a: Brute Bonnet|Spore|p1a: Cramorant\n|-status|p1a: Cramorant|slp|[from] move: Spore\n|\n|-heal|p2a: Brute Bonnet|286/312|[from] item: Leftovers\n|upkeep\n|turn|2\n|\n|t:|1771267665\n|cant|p1a: Cramorant|slp\n|move|p2a: Brute Bonnet|Crunch|p1a: Cramorant\n|-damage|p1a: Cramorant|122/261 slp\n|-unboost|p1a: Cramorant|def|1\n|-damage|p2a: Brute Bonnet|208/312|[from] ability: Gulp Missile|[of] p1a: Cramorant\n|-unboost|p2a: Brute Bonnet|def|1\n|-formechange|p1a: Cramorant|Cramorant|\n|\n|-heal|p2a: Brute Bonnet|227/312|[from] item: Leftovers\n|upkeep\n|turn|3\n|\n|t:|1771267675\n|move|p2a: Brute Bonnet|Sucker Punch|p1a: Cramorant\n|-damage|p1a: Cramorant|0 fnt\n|faint|p1a: Cramorant\n|\n|-heal|p2a: Brute Bonnet|246/312|[from] item: Leftovers\n|upkeep\n|\n|t:|1771267686\n|switch|p1a: Quaquaval|Quaquaval, L79, F|264/264\n|turn|4\n|\n|t:|1771267692\n|-end|p2a: Brute Bonnet|Protosynthesis|[silent]\n|switch|p2a: Scream Tail|Scream Tail, L84|330/330\n|move|p1a: Quaquaval|Close Combat|p2a: Scream Tail\n|-resisted|p2a: Scream Tail\n|-damage|p2a: Scream Tail|294/330\n|-unboost|p1a: Quaquaval|def|1\n|-unboost|p1a: Quaquaval|spd|1\n|-damage|p1a: Quaquaval|238/264|[from] item: Life Orb\n|\n|-heal|p2a: Scream Tail|314/330|[from] item: Leftovers\n|upkeep\n|turn|5\n|\n|t:|1771267703\n|switch|p1a: Mamoswine|Mamoswine, L81, F|311/311\n|move|p2a: Scream Tail|Dazzling Gleam|p1a: Mamoswine\n|-damage|p1a: Mamoswine|226/311\n|\n|-heal|p2a: Scream Tail|330/330|[from] item: Leftovers\n|upkeep\n|turn|6\n|\n|t:|1771267710\n|move|p2a: Scream Tail|Wish|p2a: Scream Tail\n|move|p1a: Mamoswine|Knock Off|p2a: Scream Tail\n|-crit|p2a: Scream Tail\n|-damage|p2a: Scream Tail|163/330\n|-enditem|p2a: Scream Tail|Leftovers|[from] move: Knock Off|[of] p1a: Mamoswine\n|\n|upkeep\n|turn|7\n|\n|t:|1771267721\n|switch|p1a: Skuntank|Skuntank, L84, F|310/310\n|move|p2a: Scream Tail|Dazzling Gleam|p1a: Skuntank\n|-damage|p1a: Skuntank|226/310\n|\n|-heal|p2a: Scream Tail|328/330|[from] move: Wish|[wisher] Scream Tail\n|upkeep\n|turn|8\n|\n|t:|1771267728\n|-end|p2a: Scream Tail|Protosynthesis|[silent]\n|switch|p2a: Dugtrio|Dugtrio-Alola, L84, M|196/196\n|move|p1a: Skuntank|Toxic Spikes|p2a: Dugtrio\n|-sidestart|p2: Kayatakii|move: Toxic Spikes\n|\n|upkeep\n|turn|9\n|\n|t:|1771267741\n|move|p2a: Dugtrio|Earthquake|p1a: Skuntank\n|-supereffective|p1a: Skuntank\n|-damage|p1a: Skuntank|0 fnt\n|faint|p1a: Skuntank\n|-damage|p2a: Dugtrio|177/196|[from] item: Life Orb\n|\n|upkeep\n|\n|t:|1771267749\n|switch|p1a: Amoonguss|Amoonguss, L82, F|321/321\n|turn|10\n|\n|t:|1771267761\n|switch|p2a: Pelipper|Pelipper, L86, M|243/243\n|-weather|RainDance|[from] ability: Drizzle|[of] p2a: Pelipper\n|move|p1a: Amoonguss|Stomping Tantrum|p2a: Pelipper\n|-immune|p2a: Pelipper\n|\n|-weather|RainDance|[upkeep]\n|upkeep\n|turn|11\n|\n|t:|1771267771\n|-terastallize|p1a: Amoonguss|Steel\n|move|p2a: Pelipper|Hurricane|p1a: Amoonguss\n|-resisted|p1a: Amoonguss\n|-damage|p1a: Amoonguss|225/321\n|move|p1a: Amoonguss|Spore|p2a: Pelipper\n|-status|p2a: Pelipper|slp|[from] move: Spore\n|\n|-weather|RainDance|[upkeep]\n|upkeep\n|turn|12\n|\n|t:|1771267785\n|switch|p2a: Dugtrio|Dugtrio-Alola, L84, M|177/196\n|move|p1a: Amoonguss|Giga Drain|p2a: Dugtrio\n|-damage|p2a: Dugtrio|102/196\n|-heal|p1a: Amoonguss|263/321|[from] drain|[of] p2a: Dugtrio\n|\n|-weather|RainDance|[upkeep]\n|upkeep\n|turn|13\n|\n|t:|1771267792\n|switch|p1a: Mamoswine|Mamoswine, L81, F|226/311\n|move|p2a: Dugtrio|Earthquake|p1a: Mamoswine\n|-damage|p1a: Mamoswine|70/311\n|-damage|p2a: Dugtrio|83/196|[from] item: Life Orb\n|\n|-weather|RainDance|[upkeep]\n|upkeep\n|turn|14\n|\n|t:|1771267799\n|move|p1a: Mamoswine|Ice Shard|p2a: Dugtrio\n|-damage|p2a: Dugtrio|0 fnt\n|faint|p2a: Dugtrio\n|\n|-weather|none\n|upkeep\n|\n|t:|1771267812\n|switch|p2a: Glalie|Glalie, L96, F|309/309\n|turn|15\n|\n|t:|1771267818\n|switch|p1a: Quaquaval|Quaquaval, L79, F|238/264\n|move|p2a: Glalie|Freeze-Dry|p1a: Quaquaval\n|-supereffective|p1a: Quaquaval\n|-damage|p1a: Quaquaval|40/264\n|-status|p1a: Quaquaval|frz\n|\n|upkeep\n|turn|16\n|\n|t:|1771267824\n|move|p2a: Glalie|Freeze-Dry|p1a: Quaquaval\n|-supereffective|p1a: Quaquaval\n|-damage|p1a: Quaquaval|0 fnt\n|faint|p1a: Quaquaval\n|\n|upkeep\n|\n|t:|1771267829\n|switch|p1a: Ogerpon|Ogerpon-Cornerstone, L76, F|247/247\n|turn|17\n|\n|t:|1771267842\n|switch|p2a: Scream Tail|Scream Tail, L84|328/330\n|-status|p2a: Scream Tail|psn\n|move|p1a: Ogerpon|Ivy Cudgel|p2a: Scream Tail|[anim] Ivy Cudgel Rock\n|-damage|p2a: Scream Tail|223/330 psn\n|\n|-damage|p2a: Scream Tail|182/330 psn|[from] psn\n|upkeep\n|turn|18\n|\n|t:|1771267851\n|switch|p1a: Amoonguss|Amoonguss, L82, F, tera:Steel|321/321\n|move|p2a: Scream Tail|Thunder Wave|p1a: Amoonguss\n|-status|p1a: Amoonguss|par\n|\n|-damage|p2a: Scream Tail|141/330 psn|[from] psn\n|upkeep\n|turn|19\n|\n|t:|1771267858\n|move|p2a: Scream Tail|Wish|p2a: Scream Tail\n|move|p1a: Amoonguss|Sludge Bomb|p2a: Scream Tail\n|-supereffective|p2a: Scream Tail\n|-damage|p2a: Scream Tail|7/330 psn\n|\n|-damage|p2a: Scream Tail|0 fnt|[from] psn\n|faint|p2a: Scream Tail\n|-end|p2a: Scream Tail|Protosynthesis|[silent]\n|upkeep\n|\n|t:|1771267866\n|switch|p2a: Glalie|Glalie, L96, F|309/309\n|turn|20\n|\n|t:|1771267872\n|move|p2a: Glalie|Earthquake|p1a: Amoonguss\n|-supereffective|p1a: Amoonguss\n|-damage|p1a: Amoonguss|145/321 par\n|move|p1a: Amoonguss|Sludge Bomb|p2a: Glalie\n|-damage|p2a: Glalie|234/309\n|-status|p2a: Glalie|psn\n|\n|-heal|p2a: Glalie|309/309 psn|[from] move: Wish|[wisher] Scream Tail\n|-damage|p2a: Glalie|271/309 psn|[from] psn\n|upkeep\n|turn|21\n|\n|t:|1771267882\n|switch|p1a: Mamoswine|Mamoswine, L81, F|70/311\n|move|p2a: Glalie|Earthquake|p1a: Mamoswine\n|-damage|p1a: Mamoswine|0 fnt\n|faint|p1a: Mamoswine\n|\n|-damage|p2a: Glalie|233/309 psn|[from] psn\n|upkeep\n|\n|t:|1771267890\n|switch|p1a: Ogerpon|Ogerpon-Cornerstone, L76, F|247/247\n|turn|22\n|\n|t:|1771267904\n|switch|p2a: Pelipper|Pelipper, L86, M|243/243 slp\n|-weather|RainDance|[from] ability: Drizzle|[of] p2a: Pelipper\n|move|p1a: Ogerpon|Ivy Cudgel|p2a: Pelipper|[anim] Ivy Cudgel Rock\n|-supereffective|p2a: Pelipper\n|-damage|p2a: Pelipper|9/243 slp\n|\n|-weather|RainDance|[upkeep]\n|upkeep\n|turn|23\n|\n|t:|1771267911\n|move|p1a: Ogerpon|Ivy Cudgel|p2a: Pelipper|[anim] Ivy Cudgel Rock\n|-supereffective|p2a: Pelipper\n|-damage|p2a: Pelipper|0 fnt\n|faint|p2a: Pelipper\n|\n|-weather|RainDance|[upkeep]\n|upkeep\n|\n|t:|1771267920\n|switch|p2a: Brute Bonnet|Brute Bonnet, L81|246/312\n|-status|p2a: Brute Bonnet|psn\n|turn|24\n|\n|t:|1771267928\n|switch|p1a: Amoonguss|Amoonguss, L82, F, tera:Steel|252/321 par\n|move|p2a: Brute Bonnet|Crunch|p1a: Amoonguss\n|-damage|p1a: Amoonguss|140/321 par\n|-damage|p2a: Brute Bonnet|194/312 psn|[from] item: Rocky Helmet|[of] p1a: Amoonguss\n|\n|-weather|RainDance|[upkeep]\n|-heal|p2a: Brute Bonnet|213/312 psn|[from] item: Leftovers\n|-damage|p2a: Brute Bonnet|174/312 psn|[from] psn\n|upkeep\n|turn|25\n|\n|t:|1771267938\n|-terastallize|p2a: Brute Bonnet|Poison\n|move|p2a: Brute Bonnet|Crunch|p1a: Amoonguss\n|-damage|p1a: Amoonguss|26/321 par\n|-damage|p2a: Brute Bonnet|122/312 psn|[from] item: Rocky Helmet|[of] p1a: Amoonguss\n|move|p1a: Amoonguss|Sludge Bomb|p2a: Brute Bonnet\n|-resisted|p2a: Brute Bonnet\n|-damage|p2a: Brute Bonnet|83/312 psn\n|\n|-weather|RainDance|[upkeep]\n|-heal|p2a: Brute Bonnet|102/312 psn|[from] item: Leftovers\n|-damage|p2a: Brute Bonnet|63/312 psn|[from] psn\n|upkeep\n|turn|26\n|\n|t:|1771267949\n|switch|p1a: Ogerpon|Ogerpon-Cornerstone, L76, F|247/247\n|move|p2a: Brute Bonnet|Crunch|p1a: Ogerpon\n|-damage|p1a: Ogerpon|142/247\n|\n|-weather|none\n|-heal|p2a: Brute Bonnet|82/312 psn|[from] item: Leftovers\n|-damage|p2a: Brute Bonnet|43/312 psn|[from] psn\n|upkeep\n|turn|27\n|\n|t:|1771267957\n|-end|p2a: Brute Bonnet|Protosynthesis|[silent]\n|switch|p2a: Glalie|Glalie, L96, F|233/309 psn\n|move|p1a: Ogerpon|Ivy Cudgel|p2a: Glalie|[anim] Ivy Cudgel Rock\n|-supereffective|p2a: Glalie\n|-damage|p2a: Glalie|17/309 psn\n|\n|-damage|p2a: Glalie|0 fnt|[from] psn\n|faint|p2a: Glalie\n|upkeep\n|\n|t:|1771267959\n|switch|p2a: Brute Bonnet|Brute Bonnet, L81, tera:Poison|43/312 psn\n|-sideend|p2: Kayatakii|move: Toxic Spikes|[of] p2a: Brute Bonnet\n|turn|28\n|\n|t:|1771267971\n|move|p1a: Ogerpon|Synthesis|p1a: Ogerpon\n|-heal|p1a: Ogerpon|247/247\n|move|p2a: Brute Bonnet|Crunch|p1a: Ogerpon\n|-damage|p1a: Ogerpon|133/247\n|\n|-heal|p2a: Brute Bonnet|62/312 psn|[from] item: Leftovers\n|-damage|p2a: Brute Bonnet|23/312 psn|[from] psn\n|upkeep\n|turn|29\n|\n|t:|1771267978\n|move|p1a: Ogerpon|Ivy Cudgel|p2a: Brute Bonnet|[anim] Ivy Cudgel Rock\n|-damage|p2a: Brute Bonnet|0 fnt\n|faint|p2a: Brute Bonnet\n|-end|p2a: Brute Bonnet|Protosynthesis|[silent]\n|\n|upkeep\n|\n|t:|1771267981\n|switch|p2a: Espathra|Espathra, L80, F|283/283\n|turn|30\n|\n|t:|1771267995\n|move|p2a: Espathra|Calm Mind|p2a: Espathra\n|-boost|p2a: Espathra|spa|1\n|-boost|p2a: Espathra|spd|1\n|move|p1a: Ogerpon|Synthesis|p1a: Ogerpon\n|-heal|p1a: Ogerpon|247/247\n|\n|-ability|p2a: Espathra|Speed Boost|boost\n|-boost|p2a: Espathra|spe|1\n|upkeep\n|turn|31\n|\n|t:|1771268006\n|move|p2a: Espathra|Substitute|p2a: Espathra\n|-start|p2a: Espathra|Substitute\n|-damage|p2a: Espathra|213/283\n|move|p1a: Ogerpon|Ivy Cudgel|p2a: Espathra|[anim] Ivy Cudgel Rock\n|-end|p2a: Espathra|Substitute\n|\n|-heal|p2a: Espathra|230/283|[from] item: Leftovers\n|-ability|p2a: Espathra|Speed Boost|boost\n|-boost|p2a: Espathra|spe|1\n|upkeep\n|turn|32\n|\n|t:|1771268014\n|move|p2a: Espathra|Substitute|p2a: Espathra\n|-start|p2a: Espathra|Substitute\n|-damage|p2a: Espathra|160/283\n|move|p1a: Ogerpon|Ivy Cudgel|p2a: Espathra|[anim] Ivy Cudgel Rock\n|-end|p2a: Espathra|Substitute\n|\n|-heal|p2a: Espathra|177/283|[from] item: Leftovers\n|-ability|p2a: Espathra|Speed Boost|boost\n|-boost|p2a: Espathra|spe|1\n|upkeep\n|turn|33\n|\n|t:|1771268023\n|move|p2a: Espathra|Substitute|p2a: Espathra\n|-start|p2a: Espathra|Substitute\n|-damage|p2a: Espathra|107/283\n|move|p1a: Ogerpon|Ivy Cudgel|p2a: Espathra|[anim] Ivy Cudgel Rock\n|-end|p2a: Espathra|Substitute\n|\n|-heal|p2a: Espathra|124/283|[from] item: Leftovers\n|-ability|p2a: Espathra|Speed Boost|boost\n|-boost|p2a: Espathra|spe|1\n|upkeep\n|turn|34\n|\n|t:|1771268031\n|move|p2a: Espathra|Substitute|p2a: Espathra\n|-start|p2a: Espathra|Substitute\n|-damage|p2a: Espathra|54/283\n|move|p1a: Ogerpon|Ivy Cudgel|p2a: Espathra|[anim] Ivy Cudgel Rock\n|-end|p2a: Espathra|Substitute\n|\n|-heal|p2a: Espathra|71/283|[from] item: Leftovers\n|-ability|p2a: Espathra|Speed Boost|boost\n|-boost|p2a: Espathra|spe|1\n|upkeep\n|turn|35\n|\n|t:|1771268044\n|move|p2a: Espathra|Substitute|p2a: Espathra\n|-start|p2a: Espathra|Substitute\n|-damage|p2a: Espathra|1/283\n|move|p1a: Ogerpon|Ivy Cudgel|p2a: Espathra|[anim] Ivy Cudgel Rock\n|-end|p2a: Espathra|Substitute\n|\n|-heal|p2a: Espathra|18/283|[from] item: Leftovers\n|-ability|p2a: Espathra|Speed Boost|boost\n|-boost|p2a: Espathra|spe|1\n|upkeep\n|turn|36\n|\n|t:|1771268052\n|move|p2a: Espathra|Stored Power|p1a: Ogerpon\n|-ability|p1a: Ogerpon|Sturdy\n|-damage|p1a: Ogerpon|1/247\n|move|p1a: Ogerpon|Ivy Cudgel|p2a: Espathra|[anim] Ivy Cudgel Rock\n|-crit|p2a: Espathra\n|-damage|p2a: Espathra|0 fnt\n|faint|p2a: Espathra\n|\n|win|mikhail95\n|raw|mikhail95's rating: 1779 &rarr; <strong>1797</strong><br />(+18 for winning)\n|raw|Kayatakii's rating: 1739 &rarr; <strong>1721</strong><br />(-18 for losing)\n|c|☆mikhail95|gg\n|l|☆Kayatakii\n|player|p2|\n", "inputlog": ">version 686819e5e19f8a7fd2345cfc5a08a5085efa2cc3\n>start {\"formatid\":\"gen9randombattle\",\"seed\":\"sodium,038b0a730adf0c7b3e2c0a3d0550951a\",\"rated\":\"Rated battle\"}\n>player p1 {\"name\":\"mikhail95\",\"avatar\":\"102\",\"rating\":1779,\"seed\":\"sodium,e3078bb3932b236d8625624bb76d45f5\"}\n>player p2 {\"name\":\"Kayatakii\",\"avatar\":\"sada-ai\",\"rating\":1739,\"seed\":\"sodium,b24a41e82ee455b20d91734932db0e41\"}\n>p1 move surf\n>p2 move spore\n>p1 move bravebird\n>p2 move crunch\n>p1 move bravebird\n>p2 move suckerpunch\n>p1 switch 5\n>p1 move closecombat\n>p2 switch 5\n>p1 switch 6\n>p2 move dazzlinggleam\n>p1 move knockoff\n>p2 move wish\n>p1 switch 3\n>p2 move dazzlinggleam\n>p1 move toxicspikes\n>p2 switch 6\n>p1 move knockoff\n>p2 move earthquake\n>p1 switch 4\n>p1 move stompingtantrum\n>p2 switch 3\n>p1 move spore terastallize\n>p2 move hurricane\n>p1 move gigadrain\n>p2 switch 3\n>p1 switch 3\n>p2 move earthquake\n>p1 move iceshard\n>p2 move ironhead\n>p2 switch 2\n>p1 switch 6\n>p2 move freezedry\n>p1 move aquastep\n>p2 move freezedry\n>p1 switch 2\n>p1 move ivycudgel\n>p2 switch 6\n>p1 switch 3\n>p2 move thunderwave\n>p1 move sludgebomb\n>p2 move wish\n>p2 switch 6\n>p1 move sludgebomb\n>p2 move earthquake\n>p1 switch 6\n>p2 move earthquake\n>p1 switch 3\n>p1 move ivycudgel\n>p2 switch 3\n>p1 move ivycudgel\n>p2 move weatherball\n>p2 switch 5\n>p1 switch 6\n>p2 move crunch\n>p1 move sludgebomb\n>p2 move crunch terastallize\n>p1 switch 6\n>p2 move crunch\n>p1 move ivycudgel\n>p2 switch 3\n>p2 switch 3\n>p1 move synthesis\n>p2 move crunch\n>p1 move ivycudgel\n>p2 move crunch\n>p2 switch 4\n>p1 move synthesis\n>p2 move calmmind\n>p1 move ivycudgel\n>p2 move substitute\n>p1 move ivycudgel\n>p2 move substitute\n>p1 move ivycudgel\n>p2 move substitute\n>p1 move ivycudgel\n>p2 move substitute\n>p1 move ivycudgel\n>p2 move substitute\n>p1 move ivycudgel\n>p2 move storedpower", "uploadtime": 1771268061, "views": 1, "formatid": "gen9randombattle", "rating": 1721, "private": 0, "password": null}