{"id": "gen9randombattle-2539957410", "format": "[Gen 9] Random Battle", "players": ["Padelle", "skeletor814"], "log": "|j|☆Padelle\n|j|☆skeletor814\n|t:|1771133291\n|gametype|singles\n|player|p1|Padelle|170|1817\n|player|p2|skeletor814|pokemaniac|1849\n|gen|9\n|tier|[Gen 9] Random Battle\n|rated|\n|rule|Species Clause: Limit one of each Pokémon\n|rule|HP Percentage Mod: HP is shown in percentages\n|rule|Sleep Clause Mod: Limit one foe put to sleep\n|rule|Illusion Level Mod: Illusion disguises the Pokémon's true level\n|\n|t:|1771133291\n|teamsize|p1|6\n|teamsize|p2|6\n|start\n|switch|p1a: Volcarona|Volcarona, L77, M|257/257\n|switch|p2a: Qwilfish|Qwilfish-Hisui, L83, F|244/244\n|-ability|p2a: Qwilfish|Intimidate|boost\n|-unboost|p1a: Volcarona|atk|1\n|turn|1\n|inactive|Battle timer is ON: inactive players will automatically lose when time's up. (requested by Padelle)\n|\n|t:|1771133308\n|switch|p1a: Krookodile|Krookodile, L80, M|283/283\n|-ability|p1a: Krookodile|Intimidate|boost\n|-unboost|p2a: Qwilfish|atk|1\n|move|p2a: Qwilfish|Toxic Spikes|p1a: Krookodile\n|-sidestart|p1: Padelle|move: Toxic Spikes\n|\n|upkeep\n|turn|2\n|\n|t:|1771133316\n|switch|p2a: Electrode|Electrode-Hisui, L87|246/246\n|move|p1a: Krookodile|Knock Off|p2a: Electrode\n|-damage|p2a: Electrode|128/246\n|-enditem|p2a: Electrode|Leftovers|[from] move: Knock Off|[of] p1a: Krookodile\n|\n|upkeep\n|turn|3\n|\n|t:|1771133328\n|switch|p1a: Gengar|Gengar, L81, F|230/230\n|-sideend|p1: Padelle|move: Toxic Spikes|[of] p1a: Gengar\n|move|p2a: Electrode|Giga Drain|p1a: Gengar\n|-resisted|p1a: Gengar\n|-damage|p1a: Gengar|189/230\n|-heal|p2a: Electrode|149/246|[from] drain|[of] p1a: Gengar\n|-start|p2a: Electrode|Disable|Giga Drain|[from] ability: Cursed Body|[of] p1a: Gengar\n|\n|upkeep\n|turn|4\n|\n|t:|1771133338\n|switch|p2a: Qwilfish|Qwilfish-Hisui, L83, F|244/244\n|-ability|p2a: Qwilfish|Intimidate|boost\n|-unboost|p1a: Gengar|atk|1\n|switch|p1a: Krookodile|Krookodile, L80, M|283/283\n|-ability|p1a: Krookodile|Intimidate|boost\n|-unboost|p2a: Qwilfish|atk|1\n|\n|upkeep\n|turn|5\n|\n|t:|1771133350\n|move|p1a: Krookodile|Earthquake|p2a: Qwilfish\n|-supereffective|p2a: Qwilfish\n|-damage|p2a: Qwilfish|92/244\n|move|p2a: Qwilfish|Spikes|p1a: Krookodile\n|-sidestart|p1: Padelle|Spikes\n|\n|upkeep\n|turn|6\n|\n|t:|1771133358\n|switch|p2a: Corviknight|Corviknight, L80, M|288/288\n|move|p1a: Krookodile|Earthquake|p2a: Corviknight\n|-immune|p2a: Corviknight\n|\n|upkeep\n|turn|7\n|\n|t:|1771133365\n|move|p1a: Krookodile|Bulk Up|p1a: Krookodile\n|-boost|p1a: Krookodile|atk|1\n|-boost|p1a: Krookodile|def|1\n|move|p2a: Corviknight|Body Press|p1a: Krookodile\n|-supereffective|p1a: Krookodile\n|-damage|p1a: Krookodile|195/283\n|\n|-heal|p1a: Krookodile|212/283|[from] item: Leftovers\n|upkeep\n|turn|8\n|\n|t:|1771133371\n|move|p1a: Krookodile|Bulk Up|p1a: Krookodile\n|-boost|p1a: Krookodile|atk|1\n|-boost|p1a: Krookodile|def|1\n|move|p2a: Corviknight|Body Press|p1a: Krookodile\n|-supereffective|p1a: Krookodile\n|-damage|p1a: Krookodile|146/283\n|\n|-heal|p1a: Krookodile|163/283|[from] item: Leftovers\n|upkeep\n|turn|9\n|\n|t:|1771133373\n|move|p1a: Krookodile|Knock Off|p2a: Corviknight\n|-damage|p2a: Corviknight|99/288\n|-enditem|p2a: Corviknight|Leftovers|[from] move: Knock Off|[of] p1a: Krookodile\n|move|p2a: Corviknight|Body Press|p1a: Krookodile\n|-supereffective|p1a: Krookodile\n|-damage|p1a: Krookodile|95/283\n|\n|-heal|p1a: Krookodile|112/283|[from] item: Leftovers\n|upkeep\n|turn|10\n|\n|t:|1771133388\n|move|p1a: Krookodile|Bulk Up|p1a: Krookodile\n|-boost|p1a: Krookodile|atk|1\n|-boost|p1a: Krookodile|def|1\n|move|p2a: Corviknight|Roost|p2a: Corviknight\n|-heal|p2a: Corviknight|243/288\n|-singleturn|p2a: Corviknight|move: Roost\n|\n|-heal|p1a: Krookodile|129/283|[from] item: Leftovers\n|upkeep\n|turn|11\n|\n|t:|1771133392\n|move|p1a: Krookodile|Knock Off|p2a: Corviknight\n|-damage|p2a: Corviknight|89/288\n|move|p2a: Corviknight|Body Press|p1a: Krookodile\n|-supereffective|p1a: Krookodile\n|-damage|p1a: Krookodile|77/283\n|\n|-heal|p1a: Krookodile|94/283|[from] item: Leftovers\n|upkeep\n|turn|12\n|\n|t:|1771133401\n|move|p1a: Krookodile|Knock Off|p2a: Corviknight\n|-damage|p2a: Corviknight|0 fnt\n|faint|p2a: Corviknight\n|\n|-heal|p1a: Krookodile|111/283|[from] item: Leftovers\n|upkeep\n|\n|t:|1771133404\n|switch|p2a: Electrode|Electrode-Hisui, L87|149/246\n|turn|13\n|\n|t:|1771133410\n|switch|p1a: Gengar|Gengar, L81, F|189/230\n|-damage|p1a: Gengar|161/230|[from] Spikes\n|move|p2a: Electrode|Thunderbolt|p1a: Gengar\n|-damage|p1a: Gengar|59/230\n|-status|p1a: Gengar|par\n|\n|upkeep\n|turn|14\n|\n|t:|1771133419\n|move|p2a: Electrode|Thunderbolt|p1a: Gengar\n|-damage|p1a: Gengar|0 fnt\n|-start|p2a: Electrode|Disable|Thunderbolt|[from] ability: Cursed Body|[of] p1a: Gengar\n|faint|p1a: Gengar\n|\n|upkeep\n|\n|t:|1771133428\n|switch|p1a: Volcarona|Volcarona, L77, M|257/257\n|turn|15\n|\n|t:|1771133432\n|move|p2a: Electrode|Leech Seed|p1a: Volcarona\n|-start|p1a: Volcarona|move: Leech Seed\n|move|p1a: Volcarona|Quiver Dance|p1a: Volcarona\n|-boost|p1a: Volcarona|spa|1\n|-boost|p1a: Volcarona|spd|1\n|-boost|p1a: Volcarona|spe|1\n|\n|-damage|p1a: Volcarona|225/257|[from] Leech Seed|[of] p2a: Electrode\n|-heal|p2a: Electrode|181/246|[silent]\n|upkeep\n|turn|16\n|\n|t:|1771133438\n|switch|p2a: Swampert|Swampert, L83, F|302/302\n|move|p1a: Volcarona|Quiver Dance|p1a: Volcarona\n|-boost|p1a: Volcarona|spa|1\n|-boost|p1a: Volcarona|spd|1\n|-boost|p1a: Volcarona|spe|1\n|\n|-damage|p1a: Volcarona|193/257|[from] Leech Seed|[of] p2a: Swampert\n|upkeep\n|turn|17\n|inactive|Padelle has 120 seconds left.\n|\n|t:|1771133487\n|switch|p1a: Oricorio|Oricorio-Pa'u, L87, F|272/272\n|-terastallize|p2a: Swampert|Steel\n|move|p2a: Swampert|Earthquake|p1a: Oricorio\n|-immune|p1a: Oricorio\n|\n|upkeep\n|turn|18\n|\n|t:|1771133500\n|switch|p2a: Electrode|Electrode-Hisui, L87|181/246\n|move|p1a: Oricorio|Quiver Dance|p1a: Oricorio\n|-boost|p1a: Oricorio|spa|1\n|-boost|p1a: Oricorio|spd|1\n|-boost|p1a: Oricorio|spe|1\n|\n|upkeep\n|turn|19\n|inactive|Padelle has 90 seconds left.\n|\n|t:|1771133545\n|move|p1a: Oricorio|Hurricane|p2a: Electrode\n|-damage|p2a: Electrode|0 fnt\n|faint|p2a: Electrode\n|\n|upkeep\n|\n|t:|1771133550\n|switch|p2a: Magcargo|Magcargo, L95, F|268/268\n|turn|20\n|\n|t:|1771133561\n|-terastallize|p1a: Oricorio|Fighting\n|move|p1a: Oricorio|Revelation Dance|p2a: Magcargo\n|-supereffective|p2a: Magcargo\n|-damage|p2a: Magcargo|0 fnt\n|faint|p2a: Magcargo\n|\n|upkeep\n|\n|t:|1771133568\n|switch|p2a: Salamence|Salamence, L77, M|273/273\n|turn|21\n|inactive|Padelle has 90 seconds left.\n|\n|t:|1771133575\n|switch|p1a: Magcargo|Magcargo, L95, F|268/268\n|move|p2a: Salamence|Dual Wingbeat|p1a: Magcargo|[miss]\n|-miss|p2a: Salamence|p1a: Magcargo\n|\n|upkeep\n|turn|22\n|\n|t:|1771133580\n|move|p2a: Salamence|Earthquake|p1a: Magcargo\n|-supereffective|p1a: Magcargo\n|-damage|p1a: Magcargo|48/268\n|-ability|p1a: Magcargo|Weak Armor|boost\n|-unboost|p1a: Magcargo|def|1\n|-boost|p1a: Magcargo|spe|2\n|move|p1a: Magcargo|Shell Smash|p1a: Magcargo\n|-unboost|p1a: Magcargo|def|1\n|-unboost|p1a: Magcargo|spd|1\n|-boost|p1a: Magcargo|atk|2\n|-boost|p1a: Magcargo|spa|2\n|-boost|p1a: Magcargo|spe|2\n|\n|upkeep\n|turn|23\n|\n|t:|1771133591\n|switch|p2a: Swampert|Swampert, L83, F, tera:Steel|302/302\n|move|p1a: Magcargo|Power Gem|p2a: Swampert\n|-resisted|p2a: Swampert\n|-damage|p2a: Swampert|236/302\n|\n|upkeep\n|turn|24\n|\n|t:|1771133595\n|move|p1a: Magcargo|Fire Blast|p2a: Swampert\n|-supereffective|p2a: Swampert\n|-damage|p2a: Swampert|0 fnt\n|faint|p2a: Swampert\n|\n|upkeep\n|\n|t:|1771133598\n|switch|p2a: Salamence|Salamence, L77, M|273/273\n|turn|25\n|\n|t:|1771133601\n|move|p1a: Magcargo|Power Gem|p2a: Salamence\n|-supereffective|p2a: Salamence\n|-damage|p2a: Salamence|0 fnt\n|faint|p2a: Salamence\n|\n|upkeep\n|-message|skeletor814 forfeited.\n|\n|win|Padelle\n|raw|Padelle's rating: 1817 &rarr; <strong>1839</strong><br />(+22 for winning)\n|raw|skeletor814's rating: 1849 &rarr; <strong>1827</strong><br />(-22 for losing)\n|l|☆skeletor814\n|player|p2|\n", "inputlog": ">version 686819e5e19f8a7fd2345cfc5a08a5085efa2cc3\n>start {\"formatid\":\"gen9randombattle\",\"seed\":\"sodium,a7883bec33401fba16e8526c121b7316\",\"rated\":\"Rated battle\"}\n>player p1 {\"name\":\"Padelle\",\"avatar\":\"170\",\"rating\":1817,\"seed\":\"sodium,31175f3b5e2e15a335ddd6d896214608\"}\n>player p2 {\"name\":\"skeletor814\",\"avatar\":\"pokemaniac\",\"rating\":1849,\"seed\":\"sodium,9b579fb2777c65389f25e4dc3ab41bb9\"}\n>p1 switch 2\n>p2 move toxicspikes\n>p1 move knockoff\n>p2 switch 4\n>p1 switch 5\n>p2 move gigadrain\n>p1 switch 5\n>p2 switch 4\n>p1 move earthquake\n>p2 move spikes\n>p1 move earthquake\n>p2 switch 3\n>p1 move bulkup\n>p2 move bodypress\n>p1 move bulkup\n>p2 move bodypress\n>p1 move knockoff\n>p2 move bodypress\n>p1 move bulkup\n>p2 move roost\n>p1 move knockoff\n>p2 move bodypress\n>p1 move knockoff\n>p2 move bodypress\n>p2 switch 4\n>p1 switch 5\n>p2 move thunderbolt\n>p1 move sludgewave\n>p2 move thunderbolt\n>p1 switch 2\n>p1 move quiverdance\n>p2 move leechseed\n>p1 move quiverdance\n>p2 switch 6\n>p1 switch 4\n>p2 move earthquake terastallize\n>p1 move quiverdance\n>p2 switch 6\n>p1 move hurricane\n>p2 move thunderbolt\n>p2 switch 5\n>p1 move revelationdance terastallize\n>p2 move yawn\n>p2 switch 2\n>p1 switch 3\n>p2 move dualwingbeat\n>p1 move shellsmash\n>p2 move earthquake\n>p1 move powergem\n>p2 switch 6\n>p1 move fireblast\n>p2 move earthquake\n>p2 switch 6\n>p1 move powergem\n>p2 move earthquake\n>forcelose p2", "uploadtime": 1771133607, "views": 14, "formatid": "gen9randombattle", "rating": 1827, "private": 0, "password": null}