{"id": "gen9randombattle-2540638283", "format": "[Gen 9] Random Battle", "players": ["BrennainSan", "RandSacky"], "log": "|j|☆BrennainSan\n|j|☆RandSacky\n|t:|1771232018\n|gametype|singles\n|player|p1|BrennainSan|marshal|1711\n|player|p2|RandSacky|valerie|1639\n|gen|9\n|tier|[Gen 9] Random Battle\n|rated|\n|rule|Species Clause: Limit one of each Pokémon\n|rule|HP Percentage Mod: HP is shown in percentages\n|rule|Sleep Clause Mod: Limit one foe put to sleep\n|rule|Illusion Level Mod: Illusion disguises the Pokémon's true level\n|\n|t:|1771232018\n|teamsize|p1|6\n|teamsize|p2|6\n|start\n|switch|p1a: Gastrodon|Gastrodon, L86, F|331/331\n|switch|p2a: Vaporeon|Vaporeon, L86, F|364/364\n|turn|1\n|inactive|Battle timer is ON: inactive players will automatically lose when time's up. (requested by RandSacky)\n|\n|t:|1771232058\n|switch|p2a: Sunflora|Sunflora, F|312/312\n|switch|p1a: Revavroom|Revavroom, L79, F|256/256\n|\n|upkeep\n|turn|2\n|inactive|RandSacky has 120 seconds left.\n|\n|t:|1771232099\n|switch|p2a: Registeel|Registeel, L81|262/262\n|move|p1a: Revavroom|Gunk Shot|p2a: Registeel\n|-immune|p2a: Registeel\n|\n|upkeep\n|turn|3\n|\n|t:|1771232114\n|switch|p1a: Gastrodon|Gastrodon, L86, F|331/331\n|move|p2a: Registeel|Thunder Wave|p1a: Gastrodon\n|-immune|p1a: Gastrodon\n|\n|upkeep\n|turn|4\n|\n|t:|1771232122\n|switch|p2a: Sunflora|Sunflora, F|312/312\n|move|p1a: Gastrodon|Stealth Rock|p2a: Sunflora\n|-sidestart|p2: RandSacky|move: Stealth Rock\n|\n|upkeep\n|turn|5\n|inactive|RandSacky has 120 seconds left.\n|\n|t:|1771232130\n|switch|p1a: Chesnaught|Chesnaught, L84, F|285/285\n|move|p2a: Sunflora|Earth Power|p1a: Chesnaught\n|-resisted|p1a: Chesnaught\n|-damage|p1a: Chesnaught|207/285\n|\n|-heal|p1a: Chesnaught|224/285|[from] item: Leftovers\n|upkeep\n|turn|6\n|inactive|RandSacky has 120 seconds left.\n|\n|t:|1771232142\n|switch|p2a: Eternatus|Eternatus, L69|308/308\n|-damage|p2a: Eternatus|270/308|[from] Stealth Rock\n|-ability|p2a: Eternatus|Pressure\n|move|p1a: Chesnaught|Trailblaze|p2a: Eternatus\n|-resisted|p2a: Eternatus\n|-damage|p2a: Eternatus|255/308\n|-boost|p1a: Chesnaught|spe|1\n|\n|-heal|p1a: Chesnaught|241/285|[from] item: Leftovers\n|-heal|p2a: Eternatus|274/308|[from] item: Leftovers\n|upkeep\n|turn|7\n|inactive|RandSacky has 120 seconds left.\n|\n|t:|1771232154\n|switch|p1a: Gastrodon|Gastrodon, L86, F|331/331\n|move|p2a: Eternatus|Flamethrower|p1a: Gastrodon\n|-resisted|p1a: Gastrodon\n|-damage|p1a: Gastrodon|301/331\n|\n|-heal|p2a: Eternatus|293/308|[from] item: Leftovers\n|-heal|p1a: Gastrodon|321/331|[from] item: Leftovers\n|upkeep\n|turn|8\n|\n|t:|1771232164\n|move|p2a: Eternatus|Toxic|p1a: Gastrodon\n|-status|p1a: Gastrodon|tox\n|move|p1a: Gastrodon|Earthquake|p2a: Eternatus\n|-supereffective|p2a: Eternatus\n|-damage|p2a: Eternatus|59/308\n|\n|-heal|p2a: Eternatus|78/308|[from] item: Leftovers\n|-heal|p1a: Gastrodon|331/331 tox|[from] item: Leftovers\n|-damage|p1a: Gastrodon|311/331 tox|[from] psn\n|upkeep\n|turn|9\n|\n|t:|1771232172\n|switch|p2a: Sunflora|Sunflora, F|312/312\n|-damage|p2a: Sunflora|273/312|[from] Stealth Rock\n|move|p1a: Gastrodon|Earthquake|p2a: Sunflora\n|-resisted|p2a: Sunflora\n|-damage|p2a: Sunflora|213/312\n|\n|-heal|p1a: Gastrodon|331/331 tox|[from] item: Leftovers\n|-damage|p1a: Gastrodon|291/331 tox|[from] psn\n|upkeep\n|turn|10\n|\n|t:|1771232190\n|switch|p1a: Articuno|Articuno-Galar, L84|288/288\n|move|p2a: Sunflora|Leaf Storm|p1a: Articuno\n|-resisted|p1a: Articuno\n|-damage|p1a: Articuno|153/288\n|-unboost|p2a: Sunflora|spa|2\n|\n|upkeep\n|turn|11\n|\n|t:|1771232215\n|switch|p1a: Revavroom|Revavroom, L79, F|256/256\n|switch|p2a: Registeel|Registeel, L81|262/262\n|-damage|p2a: Registeel|246/262|[from] Stealth Rock\n|\n|-heal|p2a: Registeel|262/262|[from] item: Leftovers\n|upkeep\n|turn|12\n|\n|t:|1771232225\n|-terastallize|p1a: Revavroom|Ground\n|move|p1a: Revavroom|Shift Gear|p1a: Revavroom\n|-boost|p1a: Revavroom|spe|2\n|-boost|p1a: Revavroom|atk|1\n|move|p2a: Registeel|Stealth Rock|p1a: Revavroom\n|-sidestart|p1: BrennainSan|move: Stealth Rock\n|\n|upkeep\n|turn|13\n|\n|t:|1771232246\n|move|p1a: Revavroom|Shift Gear|p1a: Revavroom\n|-boost|p1a: Revavroom|spe|2\n|-boost|p1a: Revavroom|atk|1\n|move|p2a: Registeel|Body Press|p1a: Revavroom\n|-damage|p1a: Revavroom|171/256\n|\n|upkeep\n|turn|14\n|\n|t:|1771232259\n|move|p1a: Revavroom|High Horsepower|p2a: Registeel\n|-supereffective|p2a: Registeel\n|-damage|p2a: Registeel|0 fnt\n|faint|p2a: Registeel\n|-damage|p1a: Revavroom|146/256|[from] item: Life Orb\n|\n|upkeep\n|inactive|RandSacky has 120 seconds left.\n|\n|t:|1771232278\n|switch|p2a: Jirachi|Jirachi, L80|291/291\n|-damage|p2a: Jirachi|273/291|[from] Stealth Rock\n|turn|15\n|\n|t:|1771232288\n|-terastallize|p2a: Jirachi|Water\n|move|p1a: Revavroom|High Horsepower|p2a: Jirachi\n|-damage|p2a: Jirachi|34/291\n|-damage|p1a: Revavroom|121/256|[from] item: Life Orb\n|move|p2a: Jirachi|Psychic|p1a: Revavroom\n|-damage|p1a: Revavroom|0 fnt\n|faint|p1a: Revavroom\n|\n|upkeep\n|\n|t:|1771232295\n|switch|p1a: Chesnaught|Chesnaught, L84, F|241/285\n|-damage|p1a: Chesnaught|224/285|[from] Stealth Rock\n|turn|16\n|\n|t:|1771232308\n|move|p2a: Jirachi|Psychic|p1a: Chesnaught\n|-supereffective|p1a: Chesnaught\n|-damage|p1a: Chesnaught|32/285\n|-unboost|p1a: Chesnaught|spd|1\n|move|p1a: Chesnaught|Trailblaze|p2a: Jirachi\n|-supereffective|p2a: Jirachi\n|-damage|p2a: Jirachi|0 fnt\n|-boost|p1a: Chesnaught|spe|1\n|faint|p2a: Jirachi\n|\n|-heal|p1a: Chesnaught|49/285|[from] item: Leftovers\n|upkeep\n|inactive|RandSacky has 120 seconds left.\n|\n|t:|1771232358\n|switch|p2a: Sunflora|Sunflora, F|213/312\n|-damage|p2a: Sunflora|174/312|[from] Stealth Rock\n|turn|17\n|\n|t:|1771232368\n|move|p1a: Chesnaught|Body Press|p2a: Sunflora\n|-damage|p2a: Sunflora|45/312\n|move|p2a: Sunflora|Dazzling Gleam|p1a: Chesnaught\n|-supereffective|p1a: Chesnaught\n|-damage|p1a: Chesnaught|0 fnt\n|faint|p1a: Chesnaught\n|\n|upkeep\n|\n|t:|1771232386\n|switch|p1a: Articuno|Articuno-Galar, L84|153/288\n|turn|18\n|\n|t:|1771232401\n|switch|p2a: Eternatus|Eternatus, L69|78/308\n|-damage|p2a: Eternatus|40/308|[from] Stealth Rock\n|-ability|p2a: Eternatus|Pressure\n|move|p1a: Articuno|Calm Mind|p1a: Articuno\n|-boost|p1a: Articuno|spa|1\n|-boost|p1a: Articuno|spd|1\n|\n|-heal|p2a: Eternatus|59/308|[from] item: Leftovers\n|upkeep\n|turn|19\n|\n|t:|1771232410\n|move|p2a: Eternatus|Toxic|p1a: Articuno\n|-status|p1a: Articuno|tox\n|move|p1a: Articuno|Freezing Glare|p2a: Eternatus\n|-supereffective|p2a: Eternatus\n|-damage|p2a: Eternatus|0 fnt\n|faint|p2a: Eternatus\n|\n|-damage|p1a: Articuno|135/288 tox|[from] psn\n|upkeep\n|\n|t:|1771232417\n|switch|p2a: Vaporeon|Vaporeon, L86, F|364/364\n|-damage|p2a: Vaporeon|319/364|[from] Stealth Rock\n|turn|20\n|\n|t:|1771232426\n|move|p1a: Articuno|Freezing Glare|p2a: Vaporeon\n|-damage|p2a: Vaporeon|165/364\n|move|p2a: Vaporeon|Wish|p2a: Vaporeon\n|\n|-heal|p2a: Vaporeon|187/364|[from] item: Leftovers\n|-damage|p1a: Articuno|99/288 tox|[from] psn\n|upkeep\n|turn|21\n|inactive|RandSacky has 120 seconds left.\n|\n|t:|1771232444\n|switch|p1a: Appletun|Appletun, L92, F|352/352\n|-damage|p1a: Appletun|308/352|[from] Stealth Rock\n|switch|p2a: Sunflora|Sunflora, F|45/312\n|-damage|p2a: Sunflora|6/312|[from] Stealth Rock\n|\n|-heal|p2a: Sunflora|188/312|[from] move: Wish|[wisher] Vaporeon\n|-heal|p1a: Appletun|330/352|[from] item: Leftovers\n|upkeep\n|turn|22\n|\n|t:|1771232456\n|switch|p1a: Gastrodon|Gastrodon, L86, F|291/331 tox\n|-damage|p1a: Gastrodon|271/331 tox|[from] Stealth Rock\n|move|p2a: Sunflora|Sludge Bomb|p1a: Gastrodon\n|-resisted|p1a: Gastrodon\n|-damage|p1a: Gastrodon|203/331 tox\n|\n|-heal|p1a: Gastrodon|223/331 tox|[from] item: Leftovers\n|-damage|p1a: Gastrodon|203/331 tox|[from] psn\n|upkeep\n|turn|23\n|\n|t:|1771232463\n|switch|p2a: Vaporeon|Vaporeon, L86, F|187/364\n|-damage|p2a: Vaporeon|142/364|[from] Stealth Rock\n|move|p1a: Gastrodon|Earthquake|p2a: Vaporeon\n|-damage|p2a: Vaporeon|13/364\n|\n|-heal|p2a: Vaporeon|35/364|[from] item: Leftovers\n|-heal|p1a: Gastrodon|223/331 tox|[from] item: Leftovers\n|-damage|p1a: Gastrodon|183/331 tox|[from] psn\n|upkeep\n|turn|24\n|inactive|RandSacky has 120 seconds left.\n|\n|t:|1771232472\n|move|p2a: Vaporeon|Wish|p2a: Vaporeon\n|move|p1a: Gastrodon|Earthquake|p2a: Vaporeon\n|-damage|p2a: Vaporeon|0 fnt\n|faint|p2a: Vaporeon\n|\n|-heal|p1a: Gastrodon|203/331 tox|[from] item: Leftovers\n|-damage|p1a: Gastrodon|143/331 tox|[from] psn\n|upkeep\n|\n|t:|1771232474\n|switch|p2a: Sunflora|Sunflora, F|188/312\n|-damage|p2a: Sunflora|149/312|[from] Stealth Rock\n|turn|25\n|\n|t:|1771232482\n|move|p2a: Sunflora|Dazzling Gleam|p1a: Gastrodon\n|-damage|p1a: Gastrodon|2/331 tox\n|move|p1a: Gastrodon|Recover|p1a: Gastrodon\n|-heal|p1a: Gastrodon|168/331 tox\n|\n|-heal|p2a: Sunflora|312/312|[from] move: Wish|[wisher] Vaporeon\n|-heal|p1a: Gastrodon|188/331 tox|[from] item: Leftovers\n|-damage|p1a: Gastrodon|108/331 tox|[from] psn\n|upkeep\n|turn|26\n|\n|t:|1771232489\n|move|p2a: Sunflora|Dazzling Gleam|p1a: Gastrodon\n|-damage|p1a: Gastrodon|0 fnt\n|faint|p1a: Gastrodon\n|\n|upkeep\n|\n|t:|1771232492\n|switch|p1a: Articuno|Articuno-Galar, L84|99/288 tox\n|turn|27\n|\n|t:|1771232501\n|move|p1a: Articuno|Recover|p1a: Articuno\n|-heal|p1a: Articuno|243/288 tox\n|move|p2a: Sunflora|Dazzling Gleam|p1a: Articuno\n|-damage|p1a: Articuno|125/288 tox\n|\n|-damage|p1a: Articuno|107/288 tox|[from] psn\n|upkeep\n|turn|28\n|\n|t:|1771232506\n|move|p1a: Articuno|Hurricane|p2a: Sunflora\n|-supereffective|p2a: Sunflora\n|-damage|p2a: Sunflora|72/312\n|-start|p2a: Sunflora|confusion\n|-activate|p2a: Sunflora|confusion\n|move|p2a: Sunflora|Dazzling Gleam|p1a: Articuno\n|-damage|p1a: Articuno|0 fnt\n|faint|p1a: Articuno\n|\n|upkeep\n|\n|t:|1771232520\n|switch|p1a: Hoopa|Hoopa-Unbound, L80|259/259\n|-damage|p1a: Hoopa|227/259|[from] Stealth Rock\n|turn|29\n|\n|t:|1771232528\n|move|p1a: Hoopa|Hyperspace Fury|p2a: Sunflora\n|-damage|p2a: Sunflora|0 fnt\n|-unboost|p1a: Hoopa|def|1\n|faint|p2a: Sunflora\n|\n|upkeep\n|\n|t:|1771232551\n|switch|p2a: Bruxish|Bruxish, L85, M|254/254\n|-damage|p2a: Bruxish|223/254|[from] Stealth Rock\n|turn|30\n|\n|t:|1771232560\n|switch|p1a: Appletun|Appletun, L92, F|330/352\n|-damage|p1a: Appletun|286/352|[from] Stealth Rock\n|move|p2a: Bruxish|Crunch|p1a: Appletun\n|-damage|p1a: Appletun|140/352\n|\n|-heal|p1a: Appletun|162/352|[from] item: Leftovers\n|upkeep\n|turn|31\n|\n|t:|1771232570\n|move|p2a: Bruxish|Crunch|p1a: Appletun\n|-damage|p1a: Appletun|34/352\n|move|p1a: Appletun|Apple Acid|p2a: Bruxish\n|-supereffective|p2a: Bruxish\n|-damage|p2a: Bruxish|0 fnt\n|faint|p2a: Bruxish\n|\n|win|BrennainSan\n|raw|BrennainSan's rating: 1711 &rarr; <strong>1727</strong><br />(+16 for winning)\n|raw|RandSacky's rating: 1639 &rarr; <strong>1623</strong><br />(-16 for losing)\n", "inputlog": ">version 686819e5e19f8a7fd2345cfc5a08a5085efa2cc3\n>start {\"formatid\":\"gen9randombattle\",\"seed\":\"sodium,1fad23a8937689fe05e9fb92f0ee223b\",\"rated\":\"Rated battle\"}\n>player p1 {\"name\":\"BrennainSan\",\"avatar\":\"marshal\",\"rating\":1711,\"seed\":\"sodium,baa9824c3a3009d5aa12f7cdfbd34f78\"}\n>player p2 {\"name\":\"RandSacky\",\"avatar\":\"valerie\",\"rating\":1639,\"seed\":\"sodium,b6af2c09259c16890576279f15a9a384\"}\n>p1 switch 2\n>p2 switch 6\n>p1 move gunkshot\n>p2 switch 3\n>p1 switch 2\n>p2 move thunderwave\n>p1 move stealthrock\n>p2 switch 3\n>p1 switch 6\n>p2 move earthpower\n>p1 move trailblaze\n>p2 switch 5\n>p1 switch 6\n>p2 move flamethrower\n>p1 move earthquake\n>p2 move toxic\n>p1 move earthquake\n>p2 switch 5\n>p1 switch 3\n>p2 move leafstorm\n>p1 switch 2\n>p2 switch 3\n>p1 move shiftgear terastallize\n>p2 move stealthrock\n>p1 move shiftgear\n>p2 move bodypress\n>p1 move highhorsepower\n>p2 move bodypress\n>p2 switch 4\n>p1 move highhorsepower\n>p2 move psychic terastallize\n>p1 switch 6\n>p1 move trailblaze\n>p2 move psychic\n>p2 switch 3\n>p1 move bodypress\n>p2 move dazzlinggleam\n>p1 switch 2\n>p1 move calmmind\n>p2 switch 5\n>p1 move freezingglare\n>p2 move toxic\n>p2 switch 6\n>p1 move freezingglare\n>p2 move wish\n>p1 switch 4\n>p2 switch 5\n>p1 switch 3\n>p2 move sludgebomb\n>p1 move earthquake\n>p2 switch 5\n>p1 move earthquake\n>p2 move wish\n>p2 switch 5\n>p1 move recover\n>p2 move dazzlinggleam\n>p1 move earthquake\n>p2 move dazzlinggleam\n>p1 switch 4\n>p1 move recover\n>p2 move dazzlinggleam\n>p1 move hurricane\n>p2 move dazzlinggleam\n>p1 switch 5\n>p1 move hyperspacefury\n>p2 move dazzlinggleam\n>p2 switch 2\n>p1 switch 3\n>p2 move crunch\n>p1 move appleacid\n>p2 move crunch", "uploadtime": 1771232580, "views": 15, "formatid": "gen9randombattle", "rating": 1623, "private": 0, "password": null}