{"id": "gen9randombattle-2540056760", "format": "[Gen 9] Random Battle", "players": ["BeastkidYT", "dossage"], "log": "|j|‽BeastkidYT\n|j|☆dossage\n|t:|1771153847\n|gametype|singles\n|player|p1|BeastkidYT|101|1582\n|player|p2|dossage|169|1543\n|gen|9\n|tier|[Gen 9] Random Battle\n|rated|\n|rule|Species Clause: Limit one of each Pokémon\n|rule|HP Percentage Mod: HP is shown in percentages\n|rule|Sleep Clause Mod: Limit one foe put to sleep\n|rule|Illusion Level Mod: Illusion disguises the Pokémon's true level\n|\n|t:|1771153847\n|teamsize|p1|6\n|teamsize|p2|6\n|start\n|switch|p1a: Palafin|Palafin, L77, M|281/281\n|switch|p2a: Scyther|Scyther, L82, F|249/249\n|turn|1\n|inactive|Battle timer is ON: inactive players will automatically lose when time's up. (requested by dossage)\n|\n|t:|1771153868\n|detailschange|p1a: Palafin|Palafin-Hero, L77, M\n|switch|p1a: Jolteon|Jolteon, L84, M|246/246\n|move|p2a: Scyther|Swords Dance|p2a: Scyther\n|-boost|p2a: Scyther|atk|2\n|\n|upkeep\n|turn|2\n|\n|t:|1771153879\n|-terastallize|p2a: Scyther|Fighting\n|move|p1a: Jolteon|Volt Switch|p2a: Scyther\n|-damage|p2a: Scyther|162/249\n|\n|t:|1771153893\n|switch|p1a: Hitmonchan|Hitmonchan, L87, M|229/229|[from] Volt Switch\n|move|p2a: Scyther|Bug Bite|p1a: Hitmonchan\n|-resisted|p1a: Hitmonchan\n|-damage|p1a: Hitmonchan|128/229\n|\n|upkeep\n|turn|3\n|\n|t:|1771153902\n|move|p2a: Scyther|Dual Wingbeat|p1a: Hitmonchan\n|-supereffective|p1a: Hitmonchan\n|-damage|p1a: Hitmonchan|0 fnt\n|faint|p1a: Hitmonchan\n|-hitcount|p1: Hitmonchan|1\n|\n|upkeep\n|\n|t:|1771153913\n|switch|p1a: Jolteon|Jolteon, L84, M|246/246\n|turn|4\n|\n|t:|1771153928\n|move|p1a: Jolteon|Alluring Voice|p2a: Scyther\n|-supereffective|p2a: Scyther\n|-damage|p2a: Scyther|28/249\n|move|p2a: Scyther|Bug Bite|p1a: Jolteon\n|-damage|p1a: Jolteon|0 fnt\n|faint|p1a: Jolteon\n|\n|upkeep\n|\n|t:|1771153948\n|switch|p1a: Palafin|Palafin-Hero, L77, M|281/281\n|-activate|p1a: Palafin|ability: Zero to Hero\n|turn|5\n|\n|t:|1771153954\n|switch|p2a: Slowbro|Slowbro, L85, M|300/300\n|move|p1a: Palafin|Jet Punch|p2a: Slowbro\n|-resisted|p2a: Slowbro\n|-damage|p2a: Slowbro|265/300\n|\n|-heal|p2a: Slowbro|283/300|[from] item: Leftovers\n|upkeep\n|turn|6\n|\n|t:|1771153963\n|switch|p1a: Miraidon|Miraidon, L65|238/238\n|-fieldstart|move: Electric Terrain|[from] ability: Hadron Engine|[of] p1a: Miraidon\n|move|p2a: Slowbro|Calm Mind|p2a: Slowbro\n|-boost|p2a: Slowbro|spa|1\n|-boost|p2a: Slowbro|spd|1\n|\n|-heal|p2a: Slowbro|300/300|[from] item: Leftovers\n|upkeep\n|turn|7\n|\n|t:|1771153973\n|move|p1a: Miraidon|Electro Drift|p2a: Slowbro\n|-supereffective|p2a: Slowbro\n|-damage|p2a: Slowbro|0 fnt\n|faint|p2a: Slowbro\n|\n|upkeep\n|\n|t:|1771153988\n|switch|p2a: Hydreigon|Hydreigon, L79, F|275/275\n|turn|8\n|\n|t:|1771153993\n|-terastallize|p1a: Miraidon|Electric\n|move|p1a: Miraidon|Electro Drift|p2a: Hydreigon\n|-resisted|p2a: Hydreigon\n|-damage|p2a: Hydreigon|119/275\n|move|p2a: Hydreigon|U-turn|p1a: Miraidon\n|-damage|p1a: Miraidon|179/238\n|\n|t:|1771154002\n|switch|p2a: Appletun|Appletun, L92, F|352/352|[from] U-turn\n|\n|upkeep\n|turn|9\n|\n|t:|1771154008\n|switch|p1a: Brute Bonnet|Brute Bonnet, L81|312/312\n|move|p2a: Appletun|Leech Seed|p1a: Brute Bonnet\n|-immune|p1a: Brute Bonnet\n|\n|upkeep\n|turn|10\n|\n|t:|1771154022\n|switch|p2a: Hydreigon|Hydreigon, L79, F|119/275\n|move|p1a: Brute Bonnet|Close Combat|p2a: Hydreigon\n|-supereffective|p2a: Hydreigon\n|-damage|p2a: Hydreigon|0 fnt\n|-unboost|p1a: Brute Bonnet|def|1\n|-unboost|p1a: Brute Bonnet|spd|1\n|faint|p2a: Hydreigon\n|\n|-fieldend|move: Electric Terrain\n|upkeep\n|\n|t:|1771154034\n|switch|p2a: Scyther|Scyther, L82, F, tera:Fighting|28/249\n|turn|11\n|\n|t:|1771154037\n|-end|p1a: Brute Bonnet|Protosynthesis|[silent]\n|switch|p1a: Ursaring|Ursaring, L84, M|288/288\n|move|p2a: Scyther|Bug Bite|p1a: Ursaring\n|-damage|p1a: Ursaring|185/288\n|\n|-status|p1a: Ursaring|tox|[from] item: Toxic Orb\n|upkeep\n|turn|12\n|\n|t:|1771154044\n|move|p2a: Scyther|Close Combat|p1a: Ursaring\n|-supereffective|p1a: Ursaring\n|-damage|p1a: Ursaring|0 fnt\n|-unboost|p2a: Scyther|def|1\n|-unboost|p2a: Scyther|spd|1\n|faint|p1a: Ursaring\n|\n|upkeep\n|\n|t:|1771154048\n|switch|p1a: Palafin|Palafin-Hero, L77, M|281/281\n|turn|13\n|\n|t:|1771154058\n|switch|p2a: Stonjourner|Stonjourner, L91, F|330/330\n|move|p1a: Palafin|Ice Punch|p2a: Stonjourner\n|-damage|p2a: Stonjourner|285/330\n|\n|upkeep\n|turn|14\n|\n|t:|1771154068\n|move|p1a: Palafin|Bulk Up|p1a: Palafin\n|-boost|p1a: Palafin|atk|1\n|-boost|p1a: Palafin|def|1\n|move|p2a: Stonjourner|Heat Crash|p1a: Palafin\n|-resisted|p1a: Palafin\n|-damage|p1a: Palafin|225/281\n|-damage|p2a: Stonjourner|252/330|[from] item: Life Orb\n|\n|-heal|p1a: Palafin|242/281|[from] item: Leftovers\n|upkeep\n|turn|15\n|\n|t:|1771154080\n|move|p1a: Palafin|Wave Crash|p2a: Stonjourner\n|-supereffective|p2a: Stonjourner\n|-damage|p2a: Stonjourner|0 fnt\n|faint|p2a: Stonjourner\n|-damage|p1a: Palafin|159/281|[from] Recoil\n|\n|-heal|p1a: Palafin|176/281|[from] item: Leftovers\n|upkeep\n|\n|t:|1771154088\n|switch|p2a: Okidogi|Okidogi, L77, M|262/262\n|turn|16\n|\n|t:|1771154093\n|move|p1a: Palafin|Wave Crash|p2a: Okidogi\n|-damage|p2a: Okidogi|40/262\n|-damage|p1a: Palafin|103/281|[from] Recoil\n|move|p2a: Okidogi|Knock Off|p1a: Palafin\n|-damage|p1a: Palafin|56/281\n|-status|p1a: Palafin|tox|[from] ability: Toxic Chain|[of] p2a: Okidogi\n|-enditem|p1a: Palafin|Leftovers|[from] move: Knock Off|[of] p2a: Okidogi\n|\n|-heal|p2a: Okidogi|56/262|[from] item: Leftovers\n|-damage|p1a: Palafin|39/281 tox|[from] psn\n|upkeep\n|turn|17\n|\n|t:|1771154106\n|move|p1a: Palafin|Jet Punch|p2a: Okidogi\n|-damage|p2a: Okidogi|0 fnt\n|faint|p2a: Okidogi\n|\n|-damage|p1a: Palafin|5/281 tox|[from] psn\n|upkeep\n|\n|t:|1771154124\n|switch|p2a: Scyther|Scyther, L82, F, tera:Fighting|28/249\n|turn|18\n|\n|t:|1771154133\n|move|p1a: Palafin|Jet Punch|p2a: Scyther\n|-damage|p2a: Scyther|0 fnt\n|faint|p2a: Scyther\n|\n|-damage|p1a: Palafin|0 fnt|[from] psn\n|faint|p1a: Palafin\n|upkeep\n|\n|t:|1771154139\n|switch|p2a: Appletun|Appletun, L92, F|352/352\n|switch|p1a: Miraidon|Miraidon, L65, tera:Electric|179/238\n|-fieldstart|move: Electric Terrain|[from] ability: Hadron Engine|[of] p1a: Miraidon\n|turn|19\n|\n|t:|1771154150\n|move|p1a: Miraidon|Draco Meteor|p2a: Appletun\n|-supereffective|p2a: Appletun\n|-damage|p2a: Appletun|0 fnt\n|-unboost|p1a: Miraidon|spa|2\n|faint|p2a: Appletun\n|\n|win|BeastkidYT\n|raw|BeastkidYT's rating: 1582 &rarr; <strong>1600</strong><br />(+18 for winning)\n|raw|dossage's rating: 1543 &rarr; <strong>1525</strong><br />(-18 for losing)\n|l|☆dossage\n|player|p2|\n", "inputlog": ">version 686819e5e19f8a7fd2345cfc5a08a5085efa2cc3\n>start {\"formatid\":\"gen9randombattle\",\"seed\":\"sodium,3ba6d4e98d9706d8040c7c5fed309896\",\"rated\":\"Rated battle\"}\n>player p1 {\"name\":\"BeastkidYT\",\"avatar\":\"101\",\"rating\":1582,\"seed\":\"sodium,6cf63388e26b5c787a6c5ee636399af1\"}\n>player p2 {\"name\":\"dossage\",\"avatar\":\"169\",\"rating\":1543,\"seed\":\"sodium,f74507cedca78b7453b0a35a7c523b18\"}\n>p1 switch 6\n>p2 move swordsdance\n>p1 move voltswitch\n>p2 move bugbite terastallize\n>p1 switch 3\n>p1 move knockoff\n>p2 move dualwingbeat\n>p1 switch 3\n>p1 move alluringvoice\n>p2 move bugbite\n>p1 switch 6\n>p1 move jetpunch\n>p2 switch 4\n>p1 switch 2\n>p2 move calmmind\n>p1 move electrodrift\n>p2 move psyshock\n>p2 switch 3\n>p1 move electrodrift terastallize\n>p2 move uturn\n>p2 switch 5\n>p1 switch 4\n>p2 move leechseed\n>p1 move closecombat\n>p2 switch 5\n>p2 switch 4\n>p1 switch 5\n>p2 move bugbite\n>p1 move facade\n>p2 move closecombat\n>p1 switch 2\n>p1 move icepunch\n>p2 switch 6\n>p1 move bulkup\n>p2 move heatcrash\n>p1 move wavecrash\n>p2 move stoneedge\n>p2 switch 2\n>p1 move wavecrash\n>p2 move knockoff\n>p1 move jetpunch\n>p2 move gunkshot\n>p2 switch 6\n>p1 move jetpunch\n>p2 move bugbite\n>p1 switch 4\n>p2 switch 5\n>p1 move dracometeor\n>p2 move appleacid", "uploadtime": 1771154159, "views": 13, "formatid": "gen9randombattle", "rating": 1525, "private": 0, "password": null}