{"id": "gen9randombattle-2540521235", "format": "[Gen 9] Random Battle", "players": ["ElBen71", "Ffsxsh"], "log": "|j|☆ElBen71\n|j|☆Ffsxsh\n|t:|1771212528\n|gametype|singles\n|player|p1|ElBen71|hilbert|1857\n|player|p2|Ffsxsh|hilbert|1841\n|gen|9\n|tier|[Gen 9] Random Battle\n|rated|\n|rule|Species Clause: Limit one of each Pokémon\n|rule|HP Percentage Mod: HP is shown in percentages\n|rule|Sleep Clause Mod: Limit one foe put to sleep\n|rule|Illusion Level Mod: Illusion disguises the Pokémon's true level\n|\n|t:|1771212528\n|teamsize|p1|6\n|teamsize|p2|6\n|start\n|switch|p1a: Flutter Mane|Flutter Mane, L74|203/203\n|switch|p2a: Ursaluna|Ursaluna-Bloodmoon, L79, M|308/308\n|turn|1\n|inactive|Battle timer is ON: inactive players will automatically lose when time's up. (requested by ElBen71)\n|\n|t:|1771212537\n|move|p1a: Flutter Mane|Calm Mind|p1a: Flutter Mane\n|-boost|p1a: Flutter Mane|spa|1\n|-boost|p1a: Flutter Mane|spd|1\n|move|p2a: Ursaluna|Calm Mind|p2a: Ursaluna\n|-boost|p2a: Ursaluna|spa|1\n|-boost|p2a: Ursaluna|spd|1\n|\n|upkeep\n|turn|2\n|\n|t:|1771212541\n|move|p1a: Flutter Mane|Moonblast|p2a: Ursaluna\n|-damage|p2a: Ursaluna|127/308\n|-damage|p1a: Flutter Mane|183/203|[from] item: Life Orb\n|move|p2a: Ursaluna|Blood Moon|p1a: Flutter Mane\n|-damage|p1a: Flutter Mane|33/203\n|\n|-heal|p2a: Ursaluna|146/308|[from] item: Leftovers\n|upkeep\n|turn|3\n|\n|t:|1771212555\n|switch|p2a: Empoleon|Empoleon, L84, M|278/278\n|move|p1a: Flutter Mane|Moonblast|p2a: Empoleon\n|-resisted|p2a: Empoleon\n|-damage|p2a: Empoleon|194/278\n|-unboost|p2a: Empoleon|spa|1\n|-ability|p2a: Empoleon|Competitive|boost\n|-boost|p2a: Empoleon|spa|2\n|-damage|p1a: Flutter Mane|13/203|[from] item: Life Orb\n|\n|-heal|p2a: Empoleon|211/278|[from] item: Leftovers\n|upkeep\n|turn|4\n|\n|t:|1771212559\n|move|p1a: Flutter Mane|Thunderbolt|p2a: Empoleon\n|-supereffective|p2a: Empoleon\n|-crit|p2a: Empoleon\n|-damage|p2a: Empoleon|0 fnt\n|faint|p2a: Empoleon\n|-damage|p1a: Flutter Mane|0 fnt|[from] item: Life Orb\n|faint|p1a: Flutter Mane\n|-end|p1a: Flutter Mane|Protosynthesis|[silent]\n|\n|upkeep\n|\n|t:|1771212571\n|switch|p1a: Tsareena|Tsareena, L87, F|267/267\n|switch|p2a: Forretress|Forretress, L84, F|263/263\n|turn|5\n|\n|t:|1771212582\n|switch|p1a: Clawitzer|Clawitzer, L87, F|265/265\n|move|p2a: Forretress|Spikes|p1a: Clawitzer\n|-sidestart|p1: ElBen71|Spikes\n|\n|upkeep\n|turn|6\n|\n|t:|1771212589\n|switch|p2a: Brambleghast|Brambleghast, L88, F|240/240\n|move|p1a: Clawitzer|Water Pulse|p2a: Brambleghast\n|-resisted|p2a: Brambleghast\n|-damage|p2a: Brambleghast|177/240\n|\n|-heal|p2a: Brambleghast|192/240|[from] item: Leftovers\n|upkeep\n|turn|7\n|\n|t:|1771212598\n|move|p2a: Brambleghast|Power Whip|p1a: Clawitzer\n|-supereffective|p1a: Clawitzer\n|-damage|p1a: Clawitzer|0 fnt\n|faint|p1a: Clawitzer\n|\n|-heal|p2a: Brambleghast|207/240|[from] item: Leftovers\n|upkeep\n|\n|t:|1771212607\n|switch|p1a: Tsareena|Tsareena, L87, F|267/267\n|-damage|p1a: Tsareena|234/267|[from] Spikes\n|turn|8\n|\n|t:|1771212611\n|move|p1a: Tsareena|Knock Off|p2a: Brambleghast\n|-supereffective|p2a: Brambleghast\n|-damage|p2a: Brambleghast|15/240\n|-enditem|p2a: Brambleghast|Leftovers|[from] move: Knock Off|[of] p1a: Tsareena\n|move|p2a: Brambleghast|Poltergeist|p1a: Tsareena\n|-activate|p1a: Tsareena|move: Poltergeist|Choice Scarf\n|-damage|p1a: Tsareena|105/267\n|\n|upkeep\n|turn|9\n|\n|t:|1771212624\n|move|p1a: Tsareena|Knock Off|p2a: Brambleghast\n|-supereffective|p2a: Brambleghast\n|-damage|p2a: Brambleghast|0 fnt\n|faint|p2a: Brambleghast\n|\n|upkeep\n|\n|t:|1771212633\n|switch|p2a: Forretress|Forretress, L84, F|263/263\n|turn|10\n|\n|t:|1771212639\n|switch|p1a: Tatsugiri|Tatsugiri, L87, M|260/260\n|move|p2a: Forretress|Stealth Rock|p1a: Tatsugiri\n|-sidestart|p1: ElBen71|move: Stealth Rock\n|\n|upkeep\n|turn|11\n|\n|t:|1771212644\n|switch|p2a: Misdreavus|Misdreavus, L90, F|254/254\n|move|p1a: Tatsugiri|Nasty Plot|p1a: Tatsugiri\n|-boost|p1a: Tatsugiri|spa|2\n|\n|upkeep\n|turn|12\n|\n|t:|1771212649\n|move|p2a: Misdreavus|Calm Mind|p2a: Misdreavus\n|-boost|p2a: Misdreavus|spa|1\n|-boost|p2a: Misdreavus|spd|1\n|move|p1a: Tatsugiri|Surf|p2a: Misdreavus\n|-damage|p2a: Misdreavus|146/254\n|\n|upkeep\n|turn|13\n|\n|t:|1771212655\n|switch|p1a: Banette|Banette, L93, F|270/270\n|-damage|p1a: Banette|237/270|[from] Spikes\n|-damage|p1a: Banette|204/270|[from] Stealth Rock\n|move|p2a: Misdreavus|Draining Kiss|p1a: Banette\n|-damage|p1a: Banette|144/270\n|-heal|p2a: Misdreavus|191/254|[from] drain|[of] p1a: Banette\n|\n|upkeep\n|turn|14\n|\n|t:|1771212663\n|move|p1a: Banette|Shadow Sneak|p2a: Misdreavus\n|-supereffective|p2a: Misdreavus\n|-damage|p2a: Misdreavus|51/254\n|-damage|p1a: Banette|117/270|[from] item: Life Orb\n|move|p2a: Misdreavus|Shadow Ball|p1a: Banette\n|-supereffective|p1a: Banette\n|-damage|p1a: Banette|0 fnt\n|-start|p2a: Misdreavus|Disable|Shadow Ball|[from] ability: Cursed Body|[of] p1a: Banette\n|faint|p1a: Banette\n|\n|upkeep\n|\n|t:|1771212670\n|switch|p1a: Tsareena|Tsareena, L87, F|105/267\n|-damage|p1a: Tsareena|72/267|[from] Spikes\n|-damage|p1a: Tsareena|39/267|[from] Stealth Rock\n|turn|15\n|\n|t:|1771212674\n|switch|p2a: Forretress|Forretress, L84, F|263/263\n|move|p1a: Tsareena|Knock Off|p2a: Forretress\n|-damage|p2a: Forretress|202/263\n|-enditem|p2a: Forretress|Leftovers|[from] move: Knock Off|[of] p1a: Tsareena\n|\n|upkeep\n|turn|16\n|\n|t:|1771212681\n|switch|p1a: Tatsugiri|Tatsugiri, L87, M|260/260\n|move|p2a: Forretress|Body Press|p1a: Tatsugiri\n|-damage|p1a: Tatsugiri|161/260\n|\n|upkeep\n|turn|17\n|\n|t:|1771212683\n|move|p1a: Tatsugiri|Rapid Spin|p2a: Forretress\n|-resisted|p2a: Forretress\n|-damage|p2a: Forretress|193/263\n|-boost|p1a: Tatsugiri|spe|1\n|-sideend|p1: ElBen71|Spikes|[from] move: Rapid Spin|[of] p1a: Tatsugiri\n|-sideend|p1: ElBen71|Stealth Rock|[from] move: Rapid Spin|[of] p1a: Tatsugiri\n|move|p2a: Forretress|Body Press|p1a: Tatsugiri\n|-damage|p1a: Tatsugiri|57/260\n|\n|upkeep\n|turn|18\n|\n|t:|1771212693\n|-terastallize|p1a: Tatsugiri|Water\n|move|p1a: Tatsugiri|Surf|p2a: Forretress\n|-damage|p2a: Forretress|0 fnt\n|faint|p2a: Forretress\n|\n|upkeep\n|\n|t:|1771212698\n|switch|p2a: Great Tusk|Great Tusk, L77|304/304\n|turn|19\n|\n|t:|1771212709\n|move|p1a: Tatsugiri|Surf|p2a: Great Tusk\n|-supereffective|p2a: Great Tusk\n|-damage|p2a: Great Tusk|0 fnt\n|faint|p2a: Great Tusk\n|-end|p2a: Great Tusk|Protosynthesis|[silent]\n|\n|upkeep\n|\n|t:|1771212710\n|switch|p2a: Ursaluna|Ursaluna-Bloodmoon, L79, M|146/308\n|turn|20\n|\n|t:|1771212713\n|move|p2a: Ursaluna|Vacuum Wave|p1a: Tatsugiri\n|-damage|p1a: Tatsugiri|28/260\n|move|p1a: Tatsugiri|Surf|p2a: Ursaluna\n|-supereffective|p2a: Ursaluna\n|-damage|p2a: Ursaluna|0 fnt\n|faint|p2a: Ursaluna\n|\n|upkeep\n|l|☆Ffsxsh\n|inactive|Ffsxsh disconnected and has a minute to reconnect!\n|player|p2|\n|inactive|Ffsxsh has 30 seconds to reconnect!\n|inactive|Ffsxsh has 20 seconds to reconnect!\n|inactive|Ffsxsh has 15 seconds to reconnect!\n|inactive|Ffsxsh has 10 seconds to reconnect!\n|inactive|Ffsxsh has 5 seconds to reconnect!\n|c|☆ElBen71|For that, it's better not to play at all.\n|-message|Ffsxsh lost due to inactivity.\n|\n|win|ElBen71\n|raw|ElBen71's rating: 1857 &rarr; <strong>1876</strong><br />(+19 for winning)\n|raw|Ffsxsh's rating: 1841 &rarr; <strong>1822</strong><br />(-19 for losing)\n|l|☆ElBen71\n|player|p1|\n|j|☆ElBen71\n|player|p1|ElBen71|hilbert|\n", "inputlog": ">version 686819e5e19f8a7fd2345cfc5a08a5085efa2cc3\n>start {\"formatid\":\"gen9randombattle\",\"seed\":\"sodium,b46b4f72d0ebc203187a9c304d84ed7c\",\"rated\":\"Rated battle\"}\n>player p1 {\"name\":\"ElBen71\",\"avatar\":\"hilbert\",\"rating\":1857,\"seed\":\"sodium,90925a0c809ca6c7612ce8e07980ec6a\"}\n>player p2 {\"name\":\"Ffsxsh\",\"avatar\":\"hilbert\",\"rating\":1841,\"seed\":\"sodium,8fd9d757750c53e0e77acd131a61f23b\"}\n>p1 move calmmind\n>p2 move calmmind\n>p1 move moonblast\n>p2 move bloodmoon\n>p1 move moonblast\n>p2 switch 6\n>p1 move thunderbolt\n>p2 move surf\n>p1 switch 3\n>p2 switch 2\n>p1 switch 2\n>p2 move spikes\n>p1 move waterpulse\n>p2 switch 5\n>p1 move darkpulse\n>p2 move powerwhip\n>p1 switch 2\n>p1 move knockoff\n>p2 move poltergeist\n>p1 move knockoff\n>p2 move spikes\n>p2 switch 5\n>p1 switch 5\n>p2 move stealthrock\n>p1 move nastyplot\n>p2 switch 4\n>p1 move surf\n>p2 move calmmind\n>p1 switch 6\n>p2 move drainingkiss\n>p1 move shadowsneak\n>p2 move shadowball\n>p1 switch 5\n>p1 move knockoff\n>p2 switch 4\n>p1 switch 6\n>p2 move bodypress\n>p1 move rapidspin\n>p2 move bodypress\n>p1 move surf terastallize\n>p2 move bodypress\n>p2 switch 3\n>p1 move surf\n>p2 move headlongrush\n>p2 switch 6\n>p1 move surf\n>p2 move vacuumwave\n>chat ☆ElBen71|For that, it's better not to play at all. \n>forcelose p2", "uploadtime": 1771212824, "views": 11, "formatid": "gen9randombattle", "rating": 1822, "private": 0, "password": null}