{"id": "gen9randombattle-2539980436", "format": "[Gen 9] Random Battle", "players": ["Zulaiah", "mechroape"], "log": "|j|☆Zulaiah\n|j|☆mechroape\n|t:|1771137631\n|gametype|singles\n|player|p1|Zulaiah|hiker-gen4|1746\n|player|p2|mechroape|brycen|1743\n|gen|9\n|tier|[Gen 9] Random Battle\n|rated|\n|rule|Species Clause: Limit one of each Pokémon\n|rule|HP Percentage Mod: HP is shown in percentages\n|rule|Sleep Clause Mod: Limit one foe put to sleep\n|rule|Illusion Level Mod: Illusion disguises the Pokémon's true level\n|\n|t:|1771137631\n|teamsize|p1|6\n|teamsize|p2|6\n|start\n|switch|p1a: Dodrio|Dodrio, L85, F|241/241\n|switch|p2a: Medicham|Medicham, L86, M|243/243\n|turn|1\n|inactive|Battle timer is ON: inactive players will automatically lose when time's up. (requested by mechroape)\n|\n|t:|1771137647\n|switch|p2a: Overqwil|Overqwil, L82, M|274/274\n|-ability|p2a: Overqwil|Intimidate|boost\n|-unboost|p1a: Dodrio|atk|1\n|move|p1a: Dodrio|Knock Off|p2a: Overqwil\n|-resisted|p2a: Overqwil\n|-damage|p2a: Overqwil|237/274\n|-enditem|p2a: Overqwil|Life Orb|[from] move: Knock Off|[of] p1a: Dodrio\n|\n|upkeep\n|turn|2\n|\n|t:|1771137657\n|switch|p1a: Electivire|Electivire, L84, F|263/263\n|move|p2a: Overqwil|Gunk Shot|p1a: Electivire\n|-damage|p1a: Electivire|101/263\n|\n|upkeep\n|turn|3\n|\n|t:|1771137666\n|switch|p2a: Gastrodon|Gastrodon, L86, M|331/331\n|move|p1a: Electivire|Volt Switch|p2a: Gastrodon\n|-immune|p2a: Gastrodon\n|\n|upkeep\n|turn|4\n|\n|t:|1771137674\n|switch|p1a: Abomasnow|Abomasnow, L84, F|287/287\n|-weather|Snowscape|[from] ability: Snow Warning|[of] p1a: Abomasnow\n|move|p2a: Gastrodon|Stealth Rock|p1a: Abomasnow\n|-sidestart|p1: Zulaiah|move: Stealth Rock\n|\n|-weather|Snowscape|[upkeep]\n|upkeep\n|turn|5\n|\n|t:|1771137688\n|switch|p2a: Tornadus|Tornadus-Therian, L79, M|254/254\n|move|p1a: Abomasnow|Aurora Veil|p1a: Abomasnow\n|-sidestart|p1: Zulaiah|move: Aurora Veil\n|\n|-weather|Snowscape|[upkeep]\n|upkeep\n|turn|6\n|\n|t:|1771137700\n|move|p2a: Tornadus|U-turn|p1a: Abomasnow\n|-supereffective|p1a: Abomasnow\n|-damage|p1a: Abomasnow|253/287\n|\n|t:|1771137703\n|switch|p2a: Overqwil|Overqwil, L82, M|237/274|[from] U-turn\n|-ability|p2a: Overqwil|Intimidate|boost\n|-unboost|p1a: Abomasnow|atk|1\n|move|p1a: Abomasnow|Blizzard|p2a: Overqwil\n|-damage|p2a: Overqwil|95/274\n|\n|-weather|Snowscape|[upkeep]\n|upkeep\n|turn|7\n|\n|t:|1771137714\n|move|p2a: Overqwil|Gunk Shot|p1a: Abomasnow\n|-supereffective|p1a: Abomasnow\n|-damage|p1a: Abomasnow|154/287\n|move|p1a: Abomasnow|Blizzard|p2a: Overqwil\n|-damage|p2a: Overqwil|0 fnt\n|faint|p2a: Overqwil\n|\n|-weather|Snowscape|[upkeep]\n|upkeep\n|\n|t:|1771137721\n|switch|p2a: Cinderace|Cinderace, L77, M|249/249\n|turn|8\n|\n|t:|1771137730\n|switch|p1a: Dodrio|Dodrio, L85, F|241/241\n|-damage|p1a: Dodrio|181/241|[from] Stealth Rock\n|move|p2a: Cinderace|Pyro Ball|p1a: Dodrio\n|-damage|p1a: Dodrio|115/241\n|\n|-weather|none\n|upkeep\n|turn|9\n|\n|t:|1771137739\n|move|p1a: Dodrio|Brave Bird|p2a: Cinderace\n|-damage|p2a: Cinderace|0 fnt\n|faint|p2a: Cinderace\n|-damage|p1a: Dodrio|33/241|[from] Recoil\n|\n|upkeep\n|\n|t:|1771137746\n|switch|p2a: Tornadus|Tornadus-Therian, L79, M|254/254\n|turn|10\n|\n|t:|1771137751\n|move|p2a: Tornadus|Bleakwind Storm|p1a: Dodrio\n|-damage|p1a: Dodrio|0 fnt\n|faint|p1a: Dodrio\n|\n|upkeep\n|\n|t:|1771137763\n|switch|p1a: Iron Bundle|Iron Bundle, L78|215/215\n|-damage|p1a: Iron Bundle|162/215|[from] Stealth Rock\n|turn|11\n|\n|t:|1771137772\n|switch|p2a: Medicham|Medicham, L86, M|243/243\n|move|p1a: Iron Bundle|Freeze-Dry|p2a: Medicham\n|-damage|p2a: Medicham|107/243\n|\n|upkeep\n|turn|12\n|\n|t:|1771137779\n|move|p2a: Medicham|Bullet Punch|p1a: Iron Bundle\n|-damage|p1a: Iron Bundle|134/215\n|move|p1a: Iron Bundle|Freeze-Dry|p2a: Medicham\n|-damage|p2a: Medicham|0 fnt\n|faint|p2a: Medicham\n|\n|-sideend|p1: Zulaiah|move: Aurora Veil\n|upkeep\n|inactive|mechroape has 120 seconds left.\n|\n|t:|1771137817\n|switch|p2a: Tornadus|Tornadus-Therian, L79, M|254/254\n|turn|13\n|\n|t:|1771137831\n|-end|p1a: Iron Bundle|Quark Drive|[silent]\n|switch|p1a: Grafaiai|Grafaiai, L86, M|249/249\n|-damage|p1a: Grafaiai|218/249|[from] Stealth Rock\n|-terastallize|p2a: Tornadus|Fire\n|move|p2a: Tornadus|Heat Wave|p1a: Grafaiai\n|-damage|p1a: Grafaiai|97/249\n|\n|upkeep\n|turn|14\n|\n|t:|1771137849\n|switch|p2a: Gastrodon|Gastrodon, L86, M|331/331\n|move|p1a: Grafaiai|Knock Off|p2a: Gastrodon\n|-damage|p2a: Gastrodon|245/331\n|-enditem|p2a: Gastrodon|Leftovers|[from] move: Knock Off|[of] p1a: Grafaiai\n|\n|upkeep\n|turn|15\n|\n|t:|1771137857\n|move|p1a: Grafaiai|U-turn|p2a: Gastrodon\n|-damage|p2a: Gastrodon|186/331\n|\n|t:|1771137860\n|switch|p1a: Serperior|Serperior, L79, F|248/248|[from] U-turn\n|-damage|p1a: Serperior|217/248|[from] Stealth Rock\n|move|p2a: Gastrodon|Earthquake|p1a: Serperior\n|-resisted|p1a: Serperior\n|-damage|p1a: Serperior|168/248\n|\n|upkeep\n|turn|16\n|\n|t:|1771137870\n|switch|p2a: Tornadus|Tornadus-Therian, L79, M, tera:Fire|254/254\n|move|p1a: Serperior|Glare|p2a: Tornadus\n|-status|p2a: Tornadus|par\n|\n|upkeep\n|turn|17\n|\n|t:|1771137879\n|switch|p1a: Grafaiai|Grafaiai, L86, M|97/249\n|-damage|p1a: Grafaiai|66/249|[from] Stealth Rock\n|move|p2a: Tornadus|Heat Wave|p1a: Grafaiai\n|-damage|p1a: Grafaiai|0 fnt\n|faint|p1a: Grafaiai\n|\n|upkeep\n|\n|t:|1771137887\n|switch|p1a: Iron Bundle|Iron Bundle, L78|134/215\n|-damage|p1a: Iron Bundle|81/215|[from] Stealth Rock\n|turn|18\n|\n|t:|1771137910\n|switch|p2a: Gastrodon|Gastrodon, L86, M|186/331\n|move|p1a: Iron Bundle|Freeze-Dry|p2a: Gastrodon\n|-supereffective|p2a: Gastrodon\n|-damage|p2a: Gastrodon|0 fnt\n|faint|p2a: Gastrodon\n|\n|upkeep\n|\n|t:|1771137914\n|switch|p2a: Tornadus|Tornadus-Therian, L79, M, tera:Fire|254/254 par\n|turn|19\n|\n|t:|1771137919\n|-end|p1a: Iron Bundle|Quark Drive|[silent]\n|switch|p1a: Abomasnow|Abomasnow, L84, F|154/287\n|-damage|p1a: Abomasnow|83/287|[from] Stealth Rock\n|-weather|Snowscape|[from] ability: Snow Warning|[of] p1a: Abomasnow\n|move|p2a: Tornadus|Heat Wave|p1a: Abomasnow\n|-supereffective|p1a: Abomasnow\n|-damage|p1a: Abomasnow|0 fnt\n|faint|p1a: Abomasnow\n|\n|-weather|Snowscape|[upkeep]\n|upkeep\n|\n|t:|1771137930\n|switch|p1a: Iron Bundle|Iron Bundle, L78|81/215\n|-damage|p1a: Iron Bundle|28/215|[from] Stealth Rock\n|turn|20\n|\n|t:|1771137936\n|move|p1a: Iron Bundle|Hydro Pump|p2a: Tornadus\n|-supereffective|p2a: Tornadus\n|-damage|p2a: Tornadus|0 fnt\n|faint|p2a: Tornadus\n|\n|-weather|Snowscape|[upkeep]\n|upkeep\n|\n|t:|1771137939\n|switch|p2a: Delphox|Delphox, L84, M|263/263\n|turn|21\n|\n|t:|1771137944\n|move|p1a: Iron Bundle|Hydro Pump|p2a: Delphox\n|-supereffective|p2a: Delphox\n|-damage|p2a: Delphox|0 fnt\n|faint|p2a: Delphox\n|\n|win|Zulaiah\n|raw|Zulaiah's rating: 1746 &rarr; <strong>1766</strong><br />(+20 for winning)\n|raw|mechroape's rating: 1743 &rarr; <strong>1723</strong><br />(-20 for losing)\n|c|☆Zulaiah|gg\n", "inputlog": ">version 686819e5e19f8a7fd2345cfc5a08a5085efa2cc3\n>start {\"formatid\":\"gen9randombattle\",\"seed\":\"sodium,b2f9206417f719db9a7889caf88d9a43\",\"rated\":\"Rated battle\"}\n>player p1 {\"name\":\"Zulaiah\",\"avatar\":\"hiker-gen4\",\"rating\":1746,\"seed\":\"sodium,8a579f5a47d5d755b1d8ae7f5cb62a10\"}\n>player p2 {\"name\":\"mechroape\",\"avatar\":\"brycen\",\"rating\":1743,\"seed\":\"sodium,42c98041c08a497c788ca3eb70ff285f\"}\n>p1 move knockoff\n>p2 switch 6\n>p1 switch 4\n>p2 move gunkshot\n>p1 move voltswitch\n>p2 switch 5\n>p1 switch 3\n>p2 move stealthrock\n>p1 move auroraveil\n>p2 switch 2\n>p1 move blizzard\n>p2 move uturn\n>p2 switch 5\n>p1 move blizzard\n>p2 move gunkshot\n>p2 switch 4\n>p1 switch 4\n>p2 move pyroball\n>p1 move bravebird\n>p2 move pyroball\n>p2 switch 5\n>p1 move bravebird\n>p2 move bleakwindstorm\n>p1 switch 2\n>p1 move freezedry\n>p2 switch 6\n>p1 move freezedry\n>p2 move bulletpunch\n>p2 switch 6\n>p1 switch 5\n>p2 move heatwave terastallize\n>p1 move knockoff\n>p2 switch 2\n>p1 move uturn\n>p2 move earthquake\n>p1 switch 6\n>p1 move glare\n>p2 switch 2\n>p1 switch 6\n>p2 move heatwave\n>p1 switch 5\n>p1 move freezedry\n>p2 switch 2\n>p2 switch 2\n>p1 switch 4\n>p2 move heatwave\n>p1 switch 4\n>p1 move hydropump\n>p2 move heatwave\n>p2 switch 3\n>p1 move hydropump\n>p2 move psyshock", "uploadtime": 1771137954, "views": 16, "formatid": "gen9randombattle", "rating": 1723, "private": 0, "password": null}