{"id": "gen9randombattle-2540337701", "format": "[Gen 9] Random Battle", "players": ["NagaraFan", "F1ish"], "log": "|badge|p2|bronze|gen9randombattle|100-8\n|uhtml|medal-msg|<div class=\"broadcast-blue\">Curious what those medals under the avatar are? PS now has Ladder Seasons! For more information, check out the <a href=\"https://www.smogon.com/forums/threads/3740067/\">thread on Smogon.</a></div>\n|j|☆NagaraFan\n|j|‽F1ish\n|t:|1771190297\n|gametype|singles\n|player|p1|NagaraFan|101|2155\n|player|p2|F1ish|102|2367\n|gen|9\n|tier|[Gen 9] Random Battle\n|rated|\n|rule|Species Clause: Limit one of each Pokémon\n|rule|HP Percentage Mod: HP is shown in percentages\n|rule|Sleep Clause Mod: Limit one foe put to sleep\n|rule|Illusion Level Mod: Illusion disguises the Pokémon's true level\n|\n|t:|1771190297\n|teamsize|p1|6\n|teamsize|p2|6\n|start\n|switch|p1a: Palossand|Palossand, L89, F|296/296\n|switch|p2a: Armarouge|Armarouge, L80, F|267/267\n|turn|1\n|inactive|Battle timer is ON: inactive players will automatically lose when time's up. (requested by F1ish)\n|\n|t:|1771190322\n|move|p2a: Armarouge|Meteor Beam||[still]\n|-prepare|p2a: Armarouge|Meteor Beam\n|-boost|p2a: Armarouge|spa|1\n|-enditem|p2a: Armarouge|Power Herb\n|-anim|p2a: Armarouge|Meteor Beam|p1a: Palossand\n|-resisted|p1a: Palossand\n|-damage|p1a: Palossand|214/296\n|move|p1a: Palossand|Earth Power|p2a: Armarouge\n|-supereffective|p2a: Armarouge\n|-damage|p2a: Armarouge|27/267\n|\n|-heal|p1a: Palossand|232/296|[from] item: Leftovers\n|upkeep\n|turn|2\n|\n|t:|1771190341\n|switch|p1a: Iron Moth|Iron Moth, L78|253/253\n|move|p2a: Armarouge|Energy Ball|p1a: Iron Moth\n|-resisted|p1a: Iron Moth\n|-damage|p1a: Iron Moth|230/253\n|\n|upkeep\n|turn|3\n|j| MidnightBeasts\n|\n|t:|1771190351\n|switch|p2a: Skarmory|Skarmory, L80, M|235/235\n|move|p1a: Iron Moth|Sludge Wave|p2a: Skarmory\n|-immune|p2a: Skarmory\n|\n|upkeep\n|turn|4\n|\n|t:|1771190358\n|switch|p2a: Milotic|Milotic, L83, F|293/293\n|move|p1a: Iron Moth|Fire Blast|p2a: Milotic\n|-resisted|p2a: Milotic\n|-damage|p2a: Milotic|242/293\n|\n|-heal|p2a: Milotic|260/293|[from] item: Leftovers\n|upkeep\n|turn|5\n|\n|t:|1771190368\n|move|p1a: Iron Moth|Toxic Spikes|p2a: Milotic\n|-sidestart|p2: F1ish|move: Toxic Spikes\n|move|p2a: Milotic|Ice Beam|p1a: Iron Moth\n|-resisted|p1a: Iron Moth\n|-damage|p1a: Iron Moth|202/253\n|\n|-heal|p2a: Milotic|278/293|[from] item: Leftovers\n|upkeep\n|turn|6\n|\n|t:|1771190379\n|-end|p1a: Iron Moth|Quark Drive|[silent]\n|switch|p1a: Brute Bonnet|Brute Bonnet, L81|312/312\n|move|p2a: Milotic|Scald|p1a: Brute Bonnet\n|-resisted|p1a: Brute Bonnet\n|-crit|p1a: Brute Bonnet\n|-damage|p1a: Brute Bonnet|255/312\n|\n|-heal|p2a: Milotic|293/293|[from] item: Leftovers\n|-heal|p1a: Brute Bonnet|274/312|[from] item: Leftovers\n|upkeep\n|turn|7\n|\n|t:|1771190387\n|move|p2a: Milotic|Ice Beam|p1a: Brute Bonnet\n|-supereffective|p1a: Brute Bonnet\n|-damage|p1a: Brute Bonnet|148/312\n|move|p1a: Brute Bonnet|Spore|p2a: Milotic\n|-status|p2a: Milotic|slp|[from] move: Spore\n|\n|-heal|p1a: Brute Bonnet|167/312|[from] item: Leftovers\n|upkeep\n|turn|8\n|\n|t:|1771190402\n|switch|p2a: Skarmory|Skarmory, L80, M|235/235\n|-end|p1a: Brute Bonnet|Protosynthesis|[silent]\n|switch|p1a: Kilowattrel|Kilowattrel, L83, F|252/252\n|\n|upkeep\n|turn|9\n|\n|t:|1771190406\n|switch|p2a: Cryogonal|Cryogonal, L89|287/287\n|move|p1a: Kilowattrel|Discharge|p2a: Cryogonal\n|-damage|p2a: Cryogonal|232/287\n|-status|p2a: Cryogonal|par\n|\n|upkeep\n|turn|10\n|\n|t:|1771190415\n|move|p1a: Kilowattrel|U-turn|p2a: Cryogonal\n|-damage|p2a: Cryogonal|177/287 par\n|\n|t:|1771190422\n|switch|p1a: Iron Moth|Iron Moth, L78|202/253|[from] U-turn\n|move|p2a: Cryogonal|Rapid Spin|p1a: Iron Moth\n|-damage|p1a: Iron Moth|166/253\n|-boost|p2a: Cryogonal|spe|1\n|-sideend|p2: F1ish|Toxic Spikes|[from] move: Rapid Spin|[of] p2a: Cryogonal\n|\n|upkeep\n|turn|11\n|\n|t:|1771190431\n|switch|p2a: Milotic|Milotic, L83, F|293/293 slp\n|move|p1a: Iron Moth|Fire Blast|p2a: Milotic\n|-resisted|p2a: Milotic\n|-damage|p2a: Milotic|242/293 slp\n|\n|-heal|p2a: Milotic|260/293 slp|[from] item: Leftovers\n|upkeep\n|turn|12\n|\n|t:|1771190441\n|move|p1a: Iron Moth|Toxic Spikes|p2a: Milotic\n|-sidestart|p2: F1ish|move: Toxic Spikes\n|cant|p2a: Milotic|slp\n|\n|-heal|p2a: Milotic|278/293 slp|[from] item: Leftovers\n|upkeep\n|turn|13\n|\n|t:|1771190454\n|-end|p1a: Iron Moth|Quark Drive|[silent]\n|switch|p1a: Brute Bonnet|Brute Bonnet, L81|167/312\n|cant|p2a: Milotic|slp\n|\n|-heal|p2a: Milotic|293/293 slp|[from] item: Leftovers\n|-heal|p1a: Brute Bonnet|186/312|[from] item: Leftovers\n|upkeep\n|turn|14\n|\n|t:|1771190471\n|-curestatus|p2a: Milotic|slp|[msg]\n|move|p2a: Milotic|Ice Beam|p1a: Brute Bonnet\n|-supereffective|p1a: Brute Bonnet\n|-damage|p1a: Brute Bonnet|54/312\n|move|p1a: Brute Bonnet|Crunch|p2a: Milotic\n|-damage|p2a: Milotic|182/293\n|\n|-heal|p2a: Milotic|200/293|[from] item: Leftovers\n|-heal|p1a: Brute Bonnet|73/312|[from] item: Leftovers\n|upkeep\n|turn|15\n|\n|t:|1771190479\n|move|p2a: Milotic|Recover|p2a: Milotic\n|-heal|p2a: Milotic|293/293\n|move|p1a: Brute Bonnet|Spore|p2a: Milotic\n|-status|p2a: Milotic|slp|[from] move: Spore\n|\n|-heal|p1a: Brute Bonnet|92/312|[from] item: Leftovers\n|upkeep\n|turn|16\n|\n|t:|1771190487\n|-end|p1a: Brute Bonnet|Protosynthesis|[silent]\n|switch|p1a: Kilowattrel|Kilowattrel, L83, F|252/252\n|cant|p2a: Milotic|slp\n|\n|upkeep\n|turn|17\n|\n|t:|1771190496\n|switch|p2a: Cryogonal|Cryogonal, L89|177/287 par\n|move|p1a: Kilowattrel|U-turn|p2a: Cryogonal\n|-damage|p2a: Cryogonal|120/287 par\n|\n|t:|1771190504\n|switch|p1a: Iron Moth|Iron Moth, L78|166/253|[from] U-turn\n|\n|upkeep\n|turn|18\n|\n|t:|1771190515\n|switch|p2a: Milotic|Milotic, L83, F|293/293 slp\n|move|p1a: Iron Moth|Energy Ball|p2a: Milotic\n|-supereffective|p2a: Milotic\n|-damage|p2a: Milotic|173/293 slp\n|-unboost|p2a: Milotic|spd|1\n|-ability|p2a: Milotic|Competitive|boost\n|-boost|p2a: Milotic|spa|2\n|\n|-heal|p2a: Milotic|191/293 slp|[from] item: Leftovers\n|upkeep\n|turn|19\n|\n|t:|1771190543\n|-end|p1a: Iron Moth|Quark Drive|[silent]\n|switch|p1a: Brute Bonnet|Brute Bonnet, L81|92/312\n|-curestatus|p2a: Milotic|slp|[msg]\n|move|p2a: Milotic|Scald|p1a: Brute Bonnet\n|-resisted|p1a: Brute Bonnet\n|-damage|p1a: Brute Bonnet|5/312\n|\n|-heal|p2a: Milotic|209/293|[from] item: Leftovers\n|-heal|p1a: Brute Bonnet|24/312|[from] item: Leftovers\n|upkeep\n|turn|20\n|\n|t:|1771190555\n|move|p2a: Milotic|Ice Beam|p1a: Brute Bonnet\n|-supereffective|p1a: Brute Bonnet\n|-damage|p1a: Brute Bonnet|0 fnt\n|faint|p1a: Brute Bonnet\n|-end|p1a: Brute Bonnet|Protosynthesis|[silent]\n|\n|-heal|p2a: Milotic|227/293|[from] item: Leftovers\n|upkeep\n|inactive|NagaraFan has 120 seconds left.\n|\n|t:|1771190568\n|switch|p1a: Kilowattrel|Kilowattrel, L83, F|252/252\n|turn|21\n|\n|t:|1771190574\n|move|p1a: Kilowattrel|Discharge|p2a: Milotic\n|-supereffective|p2a: Milotic\n|-damage|p2a: Milotic|29/293\n|move|p2a: Milotic|Recover|p2a: Milotic\n|-heal|p2a: Milotic|176/293\n|\n|-heal|p2a: Milotic|194/293|[from] item: Leftovers\n|upkeep\n|turn|22\n|inactive|F1ish has 120 seconds left.\n|\n|t:|1771190606\n|switch|p2a: Armarouge|Armarouge, L80, F|27/267\n|-status|p2a: Armarouge|psn\n|move|p1a: Kilowattrel|Discharge|p2a: Armarouge\n|-damage|p2a: Armarouge|0 fnt\n|faint|p2a: Armarouge\n|\n|upkeep\n|\n|t:|1771190608\n|switch|p2a: Cryogonal|Cryogonal, L89|120/287 par\n|turn|23\n|\n|t:|1771190619\n|move|p1a: Kilowattrel|U-turn|p2a: Cryogonal\n|-damage|p2a: Cryogonal|66/287 par\n|\n|t:|1771190639\n|switch|p1a: Palossand|Palossand, L89, F|232/296|[from] U-turn\n|move|p2a: Cryogonal|Recover|p2a: Cryogonal\n|-heal|p2a: Cryogonal|210/287 par\n|\n|-heal|p1a: Palossand|250/296|[from] item: Leftovers\n|upkeep\n|turn|24\n|\n|t:|1771190650\n|switch|p1a: Iron Moth|Iron Moth, L78|166/253\n|move|p2a: Cryogonal|Ice Beam|p1a: Iron Moth\n|-resisted|p1a: Iron Moth\n|-damage|p1a: Iron Moth|118/253\n|\n|upkeep\n|turn|25\n|\n|t:|1771190655\n|move|p1a: Iron Moth|Fire Blast|p2a: Cryogonal\n|-supereffective|p2a: Cryogonal\n|-damage|p2a: Cryogonal|36/287 par\n|move|p2a: Cryogonal|Rapid Spin|p1a: Iron Moth\n|-damage|p1a: Iron Moth|80/253\n|-boost|p2a: Cryogonal|spe|1\n|-sideend|p2: F1ish|Toxic Spikes|[from] move: Rapid Spin|[of] p2a: Cryogonal\n|\n|upkeep\n|turn|26\n|\n|t:|1771190668\n|move|p1a: Iron Moth|Sludge Wave|p2a: Cryogonal\n|-damage|p2a: Cryogonal|0 fnt\n|faint|p2a: Cryogonal\n|\n|upkeep\n|\n|t:|1771190673\n|switch|p2a: Milotic|Milotic, L83, F|194/293\n|turn|27\n|\n|t:|1771190682\n|move|p1a: Iron Moth|Toxic Spikes|p2a: Milotic\n|-sidestart|p2: F1ish|move: Toxic Spikes\n|move|p2a: Milotic|Scald|p1a: Iron Moth\n|-supereffective|p1a: Iron Moth\n|-damage|p1a: Iron Moth|0 fnt\n|faint|p1a: Iron Moth\n|-end|p1a: Iron Moth|Quark Drive|[silent]\n|\n|-heal|p2a: Milotic|212/293|[from] item: Leftovers\n|upkeep\n|\n|t:|1771190690\n|switch|p1a: Kilowattrel|Kilowattrel, L83, F|252/252\n|turn|28\n|\n|t:|1771190693\n|move|p1a: Kilowattrel|Discharge|p2a: Milotic\n|-supereffective|p2a: Milotic\n|-damage|p2a: Milotic|66/293\n|-status|p2a: Milotic|par\n|move|p2a: Milotic|Recover|p2a: Milotic\n|-heal|p2a: Milotic|213/293 par\n|\n|-heal|p2a: Milotic|231/293 par|[from] item: Leftovers\n|upkeep\n|turn|29\n|\n|t:|1771190706\n|move|p1a: Kilowattrel|Discharge|p2a: Milotic\n|-supereffective|p2a: Milotic\n|-damage|p2a: Milotic|103/293 par\n|move|p2a: Milotic|Ice Beam|p1a: Kilowattrel\n|-supereffective|p1a: Kilowattrel\n|-damage|p1a: Kilowattrel|92/252\n|\n|-heal|p2a: Milotic|121/293 par|[from] item: Leftovers\n|upkeep\n|turn|30\n|\n|t:|1771190712\n|switch|p2a: Mightyena|Mightyena, L96, F|290/290\n|-status|p2a: Mightyena|psn\n|-ability|p2a: Mightyena|Intimidate|boost\n|-unboost|p1a: Kilowattrel|atk|1\n|move|p1a: Kilowattrel|Discharge|p2a: Mightyena\n|-damage|p2a: Mightyena|223/290 psn\n|\n|-damage|p2a: Mightyena|187/290 psn|[from] psn\n|upkeep\n|turn|31\n|\n|t:|1771190724\n|move|p1a: Kilowattrel|Roost|p1a: Kilowattrel\n|-heal|p1a: Kilowattrel|218/252\n|-singleturn|p1a: Kilowattrel|move: Roost\n|move|p2a: Mightyena|Crunch|p1a: Kilowattrel\n|-damage|p1a: Kilowattrel|86/252\n|-unboost|p1a: Kilowattrel|def|1\n|\n|-damage|p2a: Mightyena|151/290 psn|[from] psn\n|upkeep\n|turn|32\n|\n|t:|1771190736\n|switch|p1a: Persian|Persian-Alola, L86, M|252/252\n|move|p2a: Mightyena|Sucker Punch||[still]\n|-fail|p2a: Mightyena\n|\n|-damage|p2a: Mightyena|115/290 psn|[from] psn\n|upkeep\n|turn|33\n|\n|t:|1771190758\n|move|p1a: Persian|Foul Play|p2a: Mightyena\n|-resisted|p2a: Mightyena\n|-damage|p2a: Mightyena|57/290 psn\n|move|p2a: Mightyena|Poison Fang|p1a: Persian\n|-damage|p1a: Persian|226/252\n|-status|p1a: Persian|tox\n|\n|-damage|p1a: Persian|211/252 tox|[from] psn\n|-damage|p2a: Mightyena|21/290 psn|[from] psn\n|upkeep\n|turn|34\n|\n|t:|1771190769\n|switch|p2a: Skarmory|Skarmory, L80, M|235/235\n|move|p1a: Persian|Foul Play|p2a: Skarmory\n|-damage|p2a: Skarmory|168/235\n|-damage|p1a: Persian|169/252 tox|[from] item: Rocky Helmet|[of] p2a: Skarmory\n|\n|-damage|p1a: Persian|139/252 tox|[from] psn\n|upkeep\n|turn|35\n|\n|t:|1771190776\n|move|p1a: Persian|Taunt|p2a: Skarmory\n|-start|p2a: Skarmory|move: Taunt\n|cant|p2a: Skarmory|move: Taunt|Stealth Rock\n|\n|-damage|p1a: Persian|94/252 tox|[from] psn\n|upkeep\n|turn|36\n|\n|t:|1771190790\n|switch|p2a: Mightyena|Mightyena, L96, F|21/290 psn\n|-ability|p2a: Mightyena|Intimidate|boost\n|-unboost|p1a: Persian|atk|1\n|move|p1a: Persian|Parting Shot|p2a: Mightyena\n|-unboost|p2a: Mightyena|atk|1\n|-unboost|p2a: Mightyena|spa|1\n|\n|t:|1771190800\n|switch|p1a: Kilowattrel|Kilowattrel, L83, F|86/252|[from] Parting Shot\n|\n|-damage|p2a: Mightyena|0 fnt|[from] psn\n|faint|p2a: Mightyena\n|upkeep\n|\n|t:|1771190802\n|switch|p2a: Breloom|Breloom, L83, F|235/235\n|-status|p2a: Breloom|psn\n|turn|37\n|inactive|NagaraFan has 120 seconds left.\n|\n|t:|1771190835\n|move|p1a: Kilowattrel|Hurricane|p2a: Breloom\n|-supereffective|p2a: Breloom\n|-damage|p2a: Breloom|0 fnt\n|faint|p2a: Breloom\n|\n|upkeep\n|\n|t:|1771190841\n|switch|p2a: Milotic|Milotic, L83, F|121/293 par\n|turn|38\n|\n|t:|1771190847\n|-terastallize|p2a: Milotic|Steel\n|move|p1a: Kilowattrel|Discharge|p2a: Milotic\n|-damage|p2a: Milotic|54/293 par\n|cant|p2a: Milotic|par\n|\n|-heal|p2a: Milotic|72/293 par|[from] item: Leftovers\n|upkeep\n|turn|39\n|\n|t:|1771190853\n|move|p1a: Kilowattrel|Discharge|p2a: Milotic\n|-damage|p2a: Milotic|3/293 par\n|cant|p2a: Milotic|par\n|\n|-heal|p2a: Milotic|21/293 par|[from] item: Leftovers\n|upkeep\n|turn|40\n|-message|F1ish forfeited.\n|\n|win|NagaraFan\n|raw|NagaraFan's rating: 2155 &rarr; <strong>2186</strong><br />(+31 for winning)\n|raw|F1ish's rating: 2367 &rarr; <strong>2336</strong><br />(-31 for losing)\n|l|‽F1ish\n|player|p2|\n", "inputlog": ">version 686819e5e19f8a7fd2345cfc5a08a5085efa2cc3\n>start {\"formatid\":\"gen9randombattle\",\"seed\":\"sodium,d1006b3e800625302d8e2cfe83600ec8\",\"rated\":\"Rated battle\"}\n>player p1 {\"name\":\"NagaraFan\",\"avatar\":\"101\",\"rating\":2155,\"seed\":\"sodium,9b07983747a529b20ecaf77aa3a2de07\"}\n>player p2 {\"name\":\"F1ish\",\"avatar\":\"102\",\"rating\":2367,\"seed\":\"sodium,31893834677deac7fbef718c49a57870\"}\n>p1 move earthpower\n>p2 move meteorbeam\n>p1 switch 3\n>p2 move energyball\n>p1 move sludgewave\n>p2 switch 6\n>p1 move fireblast\n>p2 switch 4\n>p1 move toxicspikes\n>p2 move icebeam\n>p1 switch 4\n>p2 move scald\n>p1 move spore\n>p2 move icebeam\n>p1 switch 5\n>p2 switch 4\n>p1 move discharge\n>p2 switch 2\n>p1 move uturn\n>p2 move rapidspin\n>p1 switch 4\n>p1 move fireblast\n>p2 switch 4\n>p1 move toxicspikes\n>p2 move scald\n>p1 switch 5\n>p2 move icebeam\n>p1 move crunch\n>p2 move icebeam\n>p1 move spore\n>p2 move recover\n>p1 switch 4\n>p2 move icebeam\n>p1 move uturn\n>p2 switch 4\n>p1 switch 5\n>p1 move energyball\n>p2 switch 4\n>p1 switch 4\n>p2 move scald\n>p1 move crunch\n>p2 move icebeam\n>p1 switch 5\n>p1 move discharge\n>p2 move recover\n>p1 move discharge\n>p2 switch 6\n>p2 switch 4\n>p1 move uturn\n>p2 move recover\n>p1 switch 3\n>p1 switch 4\n>p2 move icebeam\n>p1 move fireblast\n>p2 move rapidspin\n>p1 move sludgewave\n>p2 move rapidspin\n>p2 switch 6\n>p1 move toxicspikes\n>p2 move scald\n>p1 switch 3\n>p1 move discharge\n>p2 move recover\n>p1 move discharge\n>p2 move icebeam\n>p1 move discharge\n>p2 switch 5\n>p1 move roost\n>p2 move crunch\n>p1 switch 2\n>p2 move suckerpunch\n>p1 move foulplay\n>p2 move poisonfang\n>p1 move foulplay\n>p2 switch 2\n>p1 move taunt\n>p2 move stealthrock\n>p1 move partingshot\n>p2 switch 2\n>p1 switch 2\n>p2 switch 3\n>p1 move hurricane\n>p2 move bulletseed\n>p2 switch 5\n>p1 move discharge\n>p2 move recover terastallize\n>p1 move discharge\n>p2 move recover\n>forcelose p2", "uploadtime": 1771190861, "views": 9, "formatid": "gen9randombattle", "rating": 2186, "private": 0, "password": null}