{"id": "gen9randombattle-2540618162", "format": "[Gen 9] Random Battle", "players": ["Mattattac", "orangurutestacc1"], "log": "|j|☆Mattattac\n|j|‽orangurutestacc1\n|t:|1771228267\n|gametype|singles\n|player|p1|Mattattac|169|1523\n|player|p2|orangurutestacc1|102|1553\n|gen|9\n|tier|[Gen 9] Random Battle\n|rated|\n|rule|Species Clause: Limit one of each Pokémon\n|rule|HP Percentage Mod: HP is shown in percentages\n|rule|Sleep Clause Mod: Limit one foe put to sleep\n|rule|Illusion Level Mod: Illusion disguises the Pokémon's true level\n|\n|t:|1771228267\n|teamsize|p1|6\n|teamsize|p2|6\n|start\n|switch|p1a: Samurott|Samurott-Hisui, L77, F|265/265\n|switch|p2a: Ambipom|Ambipom, L84, F|263/263\n|turn|1\n|inactive|Battle timer is ON: inactive players will automatically lose when time's up. (requested by orangurutestacc1)\n|c|☆Mattattac|yo9\n|c|☆Mattattac|yo*\n|j| orangurutestacc3\n|\n|t:|1771228292\n|move|p2a: Ambipom|Low Kick|p1a: Samurott\n|-supereffective|p1a: Samurott\n|-damage|p1a: Samurott|67/265\n|move|p1a: Samurott|Sacred Sword|p2a: Ambipom\n|-supereffective|p2a: Ambipom\n|-damage|p2a: Ambipom|0 fnt\n|faint|p2a: Ambipom\n|-damage|p1a: Samurott|41/265|[from] item: Life Orb\n|\n|upkeep\n|\n|t:|1771228292\n|switch|p2a: Shaymin|Shaymin, L82|298/298\n|turn|2\n|inactive|Mattattac has 120 seconds left.\n|\n|t:|1771228342\n|move|p2a: Shaymin|Seed Flare|p1a: Samurott\n|-supereffective|p1a: Samurott\n|-damage|p1a: Samurott|0 fnt\n|faint|p1a: Samurott\n|\n|upkeep\n|\n|t:|1771228350\n|switch|p1a: Pecharunt|Pecharunt, L77|262/262\n|turn|3\n|\n|t:|1771228352\n|move|p2a: Shaymin|Earth Power|p1a: Pecharunt\n|-supereffective|p1a: Pecharunt\n|-damage|p1a: Pecharunt|116/262\n|move|p1a: Pecharunt|Nasty Plot|p1a: Pecharunt\n|-boost|p1a: Pecharunt|spa|2\n|\n|-heal|p1a: Pecharunt|132/262|[from] item: Leftovers\n|upkeep\n|turn|4\n|\n|t:|1771228367\n|switch|p2a: Dragalge|Dragalge, L88, F|258/258\n|switch|p1a: Cacturne|Cacturne, L92, M|278/278\n|\n|upkeep\n|turn|5\n|\n|t:|1771228376\n|move|p1a: Cacturne|Knock Off|p2a: Dragalge\n|-damage|p2a: Dragalge|93/258\n|-enditem|p2a: Dragalge|Choice Specs|[from] move: Knock Off|[of] p1a: Cacturne\n|-damage|p1a: Cacturne|251/278|[from] item: Life Orb\n|move|p2a: Dragalge|Sludge Wave|p1a: Cacturne\n|-supereffective|p1a: Cacturne\n|-damage|p1a: Cacturne|0 fnt\n|faint|p1a: Cacturne\n|\n|upkeep\n|\n|t:|1771228393\n|switch|p1a: Cinccino|Cinccino, L83, M|260/260\n|turn|6\n|\n|t:|1771228405\n|switch|p2a: Stonjourner|Stonjourner, L91, F|330/330\n|move|p1a: Cinccino|Tail Slap|p2a: Stonjourner\n|-resisted|p2a: Stonjourner\n|-damage|p2a: Stonjourner|316/330\n|-resisted|p2a: Stonjourner\n|-damage|p2a: Stonjourner|304/330\n|-resisted|p2a: Stonjourner\n|-damage|p2a: Stonjourner|292/330\n|-resisted|p2a: Stonjourner\n|-damage|p2a: Stonjourner|280/330\n|-hitcount|p2a: Stonjourner|4\n|\n|upkeep\n|turn|7\n|\n|t:|1771228410\n|move|p1a: Cinccino|U-turn|p2a: Stonjourner\n|-damage|p2a: Stonjourner|251/330\n|\n|t:|1771228412\n|switch|p1a: Regidrago|Regidrago, L77|435/435|[from] U-turn\n|move|p2a: Stonjourner|Stone Edge|p1a: Regidrago\n|-damage|p1a: Regidrago|107/435\n|-damage|p2a: Stonjourner|218/330|[from] item: Life Orb\n|\n|upkeep\n|turn|8\n|inactive|Mattattac has 120 seconds left.\n|\n|t:|1771228420\n|move|p2a: Stonjourner|Earthquake|p1a: Regidrago\n|-damage|p1a: Regidrago|0 fnt\n|faint|p1a: Regidrago\n|-damage|p2a: Stonjourner|185/330|[from] item: Life Orb\n|\n|upkeep\n|inactive|Mattattac has 120 seconds left.\n|\n|t:|1771228445\n|switch|p1a: Cinccino|Cinccino, L83, M|260/260\n|turn|9\n|\n|t:|1771228455\n|-terastallize|p1a: Cinccino|Grass\n|move|p1a: Cinccino|Bullet Seed|p2a: Stonjourner\n|-supereffective|p2a: Stonjourner\n|-damage|p2a: Stonjourner|137/330\n|-supereffective|p2a: Stonjourner\n|-damage|p2a: Stonjourner|87/330\n|-supereffective|p2a: Stonjourner\n|-damage|p2a: Stonjourner|37/330\n|-supereffective|p2a: Stonjourner\n|-damage|p2a: Stonjourner|0 fnt\n|faint|p2a: Stonjourner\n|-hitcount|p2: Stonjourner|4\n|\n|upkeep\n|\n|t:|1771228456\n|switch|p2a: Dragalge|Dragalge, L88, F|93/258\n|turn|10\n|\n|t:|1771228467\n|switch|p2a: Deoxys|Deoxys-Defense, L84|221/221\n|-ability|p2a: Deoxys|Pressure\n|move|p1a: Cinccino|Tail Slap|p2a: Deoxys\n|-damage|p2a: Deoxys|196/221\n|-damage|p2a: Deoxys|172/221\n|-damage|p2a: Deoxys|147/221\n|-damage|p2a: Deoxys|122/221\n|-hitcount|p2a: Deoxys|4\n|\n|-heal|p2a: Deoxys|135/221|[from] item: Leftovers\n|upkeep\n|turn|11\n|\n|t:|1771228491\n|move|p1a: Cinccino|U-turn|p2a: Deoxys\n|-supereffective|p2a: Deoxys\n|-damage|p2a: Deoxys|75/221\n|\n|t:|1771228493\n|switch|p1a: Pecharunt|Pecharunt, L77|132/262|[from] U-turn\n|move|p2a: Deoxys|Recover|p2a: Deoxys\n|-heal|p2a: Deoxys|186/221\n|\n|-heal|p2a: Deoxys|199/221|[from] item: Leftovers\n|-heal|p1a: Pecharunt|148/262|[from] item: Leftovers\n|upkeep\n|turn|12\n|\n|t:|1771228497\n|move|p2a: Deoxys|Cosmic Power|p2a: Deoxys\n|-boost|p2a: Deoxys|def|1\n|-boost|p2a: Deoxys|spd|1\n|move|p1a: Pecharunt|Nasty Plot|p1a: Pecharunt\n|-boost|p1a: Pecharunt|spa|2\n|\n|-heal|p2a: Deoxys|212/221|[from] item: Leftovers\n|-heal|p1a: Pecharunt|164/262|[from] item: Leftovers\n|upkeep\n|turn|13\n|\n|t:|1771228507\n|move|p2a: Deoxys|Cosmic Power|p2a: Deoxys\n|-boost|p2a: Deoxys|def|1\n|-boost|p2a: Deoxys|spd|1\n|move|p1a: Pecharunt|Recover|p1a: Pecharunt\n|-heal|p1a: Pecharunt|262/262\n|\n|-heal|p2a: Deoxys|221/221|[from] item: Leftovers\n|upkeep\n|turn|14\n|\n|t:|1771228509\n|move|p2a: Deoxys|Stored Power|p1a: Pecharunt\n|-supereffective|p1a: Pecharunt\n|-crit|p1a: Pecharunt\n|-damage|p1a: Pecharunt|0 fnt\n|faint|p1a: Pecharunt\n|\n|upkeep\n|c|☆Mattattac|ggs\n|inactive|Mattattac has 120 seconds left.\n|\n|t:|1771228526\n|switch|p1a: Cinderace|Cinderace, L77, F|249/249\n|turn|15\n|\n|t:|1771228532\n|move|p1a: Cinderace|Pyro Ball|p2a: Deoxys\n|-damage|p2a: Deoxys|184/221\n|move|p2a: Deoxys|Stored Power|p1a: Cinderace\n|-damage|p1a: Cinderace|152/249\n|\n|-heal|p2a: Deoxys|197/221|[from] item: Leftovers\n|upkeep\n|turn|16\n|\n|t:|1771228535\n|move|p1a: Cinderace|Pyro Ball|p2a: Deoxys\n|-damage|p2a: Deoxys|160/221\n|move|p2a: Deoxys|Stored Power|p1a: Cinderace\n|-damage|p1a: Cinderace|46/249\n|\n|-heal|p2a: Deoxys|173/221|[from] item: Leftovers\n|upkeep\n|turn|17\n|\n|t:|1771228537\n|move|p1a: Cinderace|Pyro Ball|p2a: Deoxys\n|-damage|p2a: Deoxys|133/221\n|move|p2a: Deoxys|Stored Power|p1a: Cinderace\n|-damage|p1a: Cinderace|0 fnt\n|faint|p1a: Cinderace\n|\n|-heal|p2a: Deoxys|146/221|[from] item: Leftovers\n|upkeep\n|\n|t:|1771228541\n|switch|p1a: Cinccino|Cinccino, L83, M, tera:Grass|260/260\n|turn|18\n|\n|t:|1771228545\n|move|p1a: Cinccino|Bullet Seed|p2a: Deoxys\n|-damage|p2a: Deoxys|133/221\n|-damage|p2a: Deoxys|120/221\n|-damage|p2a: Deoxys|105/221\n|-damage|p2a: Deoxys|93/221\n|-hitcount|p2a: Deoxys|4\n|move|p2a: Deoxys|Stored Power|p1a: Cinccino\n|-damage|p1a: Cinccino|158/260\n|\n|-heal|p2a: Deoxys|106/221|[from] item: Leftovers\n|upkeep\n|turn|19\n|\n|t:|1771228548\n|move|p1a: Cinccino|Bullet Seed|p2a: Deoxys\n|-crit|p2a: Deoxys\n|-damage|p2a: Deoxys|70/221\n|-damage|p2a: Deoxys|58/221\n|-damage|p2a: Deoxys|45/221\n|-damage|p2a: Deoxys|32/221\n|-hitcount|p2a: Deoxys|4\n|move|p2a: Deoxys|Stored Power|p1a: Cinccino\n|-damage|p1a: Cinccino|50/260\n|\n|-heal|p2a: Deoxys|45/221|[from] item: Leftovers\n|upkeep\n|turn|20\n|\n|t:|1771228551\n|-terastallize|p2a: Deoxys|Steel\n|move|p1a: Cinccino|Bullet Seed|p2a: Deoxys\n|-resisted|p2a: Deoxys\n|-damage|p2a: Deoxys|39/221\n|-resisted|p2a: Deoxys\n|-damage|p2a: Deoxys|33/221\n|-resisted|p2a: Deoxys\n|-damage|p2a: Deoxys|27/221\n|-resisted|p2a: Deoxys\n|-damage|p2a: Deoxys|21/221\n|-hitcount|p2a: Deoxys|4\n|move|p2a: Deoxys|Night Shade|p1a: Cinccino\n|-damage|p1a: Cinccino|0 fnt\n|faint|p1a: Cinccino\n|\n|win|orangurutestacc1\n|raw|Mattattac's rating: 1523 &rarr; <strong>1505</strong><br />(-18 for losing)\n|raw|orangurutestacc1's rating: 1553 &rarr; <strong>1571</strong><br />(+18 for winning)\n", "inputlog": ">version 686819e5e19f8a7fd2345cfc5a08a5085efa2cc3\n>start {\"formatid\":\"gen9randombattle\",\"seed\":\"sodium,a0a92cb1f0e4301c87a4c090b5bbc69a\",\"rated\":\"Rated battle\"}\n>player p1 {\"name\":\"Mattattac\",\"avatar\":\"169\",\"rating\":1523,\"seed\":\"sodium,c764d1f554d2022a22ab3e642a986bbd\"}\n>player p2 {\"name\":\"orangurutestacc1\",\"avatar\":\"102\",\"rating\":1553,\"seed\":\"sodium,abeebd984bd88e70f6cb27fdae8419cd\"}\n>chat ☆Mattattac|yo9 \n>chat ☆Mattattac|yo*\n>p1 move sacredsword\n>p2 move lowkick\n>p2 switch 4\n>p1 move ceaselessedge\n>p2 move seedflare\n>p1 switch 2\n>p1 move nastyplot\n>p2 move earthpower\n>p1 switch 5\n>p2 switch 5\n>p1 move knockoff\n>p2 move sludgewave\n>p1 switch 4\n>p1 move tailslap\n>p2 switch 3\n>p1 move uturn\n>p2 move stoneedge\n>p1 switch 6\n>p1 move dragondance\n>p2 move earthquake\n>p1 switch 6\n>p1 move bulletseed terastallize\n>p2 move stoneedge\n>p2 switch 3\n>p1 move tailslap\n>p2 switch 6\n>p1 move uturn\n>p2 move recover\n>p1 switch 5\n>p1 move nastyplot\n>p2 move cosmicpower\n>p1 move recover\n>p2 move cosmicpower\n>p1 move nastyplot\n>p2 move storedpower\n>chat ☆Mattattac|ggs \n>p1 switch 3\n>p1 move pyroball\n>p2 move storedpower\n>p1 move pyroball\n>p2 move storedpower\n>p1 move pyroball\n>p2 move storedpower\n>p1 switch 5\n>p1 move bulletseed\n>p2 move storedpower\n>p1 move bulletseed\n>p2 move storedpower\n>p1 move bulletseed\n>p2 move nightshade terastallize", "uploadtime": 1771228555, "views": 14, "formatid": "gen9randombattle", "rating": 1505, "private": 0, "password": null}