{"id": "gen9randombattle-2540311154", "format": "[Gen 9] Random Battle", "players": ["AadiLeon", "revolutyn"], "log": "|j|☆AadiLeon\n|j|☆revolutyn\n|t:|1771187398\n|gametype|singles\n|player|p1|AadiLeon|nate|1723\n|player|p2|revolutyn|cynthia-gen4|1737\n|gen|9\n|tier|[Gen 9] Random Battle\n|rated|\n|rule|Species Clause: Limit one of each Pokémon\n|rule|HP Percentage Mod: HP is shown in percentages\n|rule|Sleep Clause Mod: Limit one foe put to sleep\n|rule|Illusion Level Mod: Illusion disguises the Pokémon's true level\n|\n|t:|1771187398\n|teamsize|p1|6\n|teamsize|p2|6\n|start\n|switch|p1a: Iron Moth|Iron Moth, L78|253/253\n|switch|p2a: Drifblim|Drifblim, L86, M|396/396\n|turn|1\n|inactive|Battle timer is ON: inactive players will automatically lose when time's up. (requested by revolutyn)\n|inactive|AadiLeon also wants the timer to be on.\n|\n|t:|1771187410\n|move|p1a: Iron Moth|Fire Blast|p2a: Drifblim\n|-damage|p2a: Drifblim|126/396\n|-enditem|p2a: Drifblim|Sitrus Berry|[eat]\n|-heal|p2a: Drifblim|225/396|[from] item: Sitrus Berry\n|move|p2a: Drifblim|Calm Mind|p2a: Drifblim\n|-boost|p2a: Drifblim|spa|1\n|-boost|p2a: Drifblim|spd|1\n|\n|upkeep\n|turn|2\n|\n|t:|1771187416\n|move|p2a: Drifblim|Calm Mind|p2a: Drifblim\n|-boost|p2a: Drifblim|spa|1\n|-boost|p2a: Drifblim|spd|1\n|move|p1a: Iron Moth|Fire Blast|p2a: Drifblim\n|-damage|p2a: Drifblim|89/396\n|\n|upkeep\n|turn|3\n|\n|t:|1771187423\n|move|p2a: Drifblim|Strength Sap|p1a: Iron Moth\n|-unboost|p1a: Iron Moth|atk|1\n|-heal|p2a: Drifblim|243/396\n|move|p1a: Iron Moth|Fire Blast|p2a: Drifblim|[miss]\n|-miss|p1a: Iron Moth|p2a: Drifblim\n|\n|upkeep\n|turn|4\n|\n|t:|1771187438\n|move|p2a: Drifblim|Air Slash|p1a: Iron Moth\n|-damage|p1a: Iron Moth|114/253\n|move|p1a: Iron Moth|Fire Blast|p2a: Drifblim|[miss]\n|-miss|p1a: Iron Moth|p2a: Drifblim\n|\n|upkeep\n|turn|5\n|\n|t:|1771187446\n|-end|p1a: Iron Moth|Quark Drive|[silent]\n|switch|p1a: Clefable|Clefable, L83, M|293/293\n|move|p2a: Drifblim|Shadow Ball|p1a: Clefable\n|-damage|p1a: Clefable|217/293\n|\n|-heal|p1a: Clefable|235/293|[from] item: Leftovers\n|upkeep\n|turn|6\n|\n|t:|1771187458\n|switch|p2a: Torkoal|Torkoal, L88, M|266/266\n|-weather|SunnyDay|[from] ability: Drought|[of] p2a: Torkoal\n|move|p1a: Clefable|Knock Off|p2a: Torkoal\n|-damage|p2a: Torkoal|228/266\n|-enditem|p2a: Torkoal|Heavy-Duty Boots|[from] move: Knock Off|[of] p1a: Clefable\n|\n|-weather|SunnyDay|[upkeep]\n|-heal|p1a: Clefable|253/293|[from] item: Leftovers\n|upkeep\n|turn|7\n|\n|t:|1771187478\n|switch|p1a: Gouging Fire|Gouging Fire, L74|277/277\n|-activate|p1a: Gouging Fire|ability: Protosynthesis\n|-start|p1a: Gouging Fire|protosynthesisdef\n|move|p2a: Torkoal|Fire Blast|p1a: Gouging Fire\n|-resisted|p1a: Gouging Fire\n|-damage|p1a: Gouging Fire|233/277\n|\n|-weather|SunnyDay|[upkeep]\n|upkeep\n|turn|8\n|\n|t:|1771187491\n|move|p1a: Gouging Fire|Dragon Dance|p1a: Gouging Fire\n|-boost|p1a: Gouging Fire|atk|1\n|-boost|p1a: Gouging Fire|spe|1\n|move|p2a: Torkoal|Earthquake|p1a: Gouging Fire\n|-supereffective|p1a: Gouging Fire\n|-damage|p1a: Gouging Fire|131/277\n|\n|-weather|SunnyDay|[upkeep]\n|upkeep\n|turn|9\n|\n|t:|1771187499\n|move|p1a: Gouging Fire|Morning Sun|p1a: Gouging Fire\n|-heal|p1a: Gouging Fire|277/277\n|move|p2a: Torkoal|Earthquake|p1a: Gouging Fire\n|-supereffective|p1a: Gouging Fire\n|-damage|p1a: Gouging Fire|187/277\n|\n|-weather|SunnyDay|[upkeep]\n|upkeep\n|turn|10\n|\n|t:|1771187505\n|move|p1a: Gouging Fire|Outrage|p2a: Torkoal\n|-damage|p2a: Torkoal|125/266\n|move|p2a: Torkoal|Earthquake|p1a: Gouging Fire\n|-supereffective|p1a: Gouging Fire\n|-damage|p1a: Gouging Fire|89/277\n|\n|-weather|none\n|-end|p1a: Gouging Fire|Protosynthesis\n|upkeep\n|turn|11\n|\n|t:|1771187509\n|move|p1a: Gouging Fire|Outrage|p2a: Torkoal|[from] lockedmove\n|-crit|p2a: Torkoal\n|-damage|p2a: Torkoal|0 fnt\n|faint|p2a: Torkoal\n|-start|p1a: Gouging Fire|confusion|[fatigue]\n|\n|upkeep\n|\n|t:|1771187532\n|switch|p2a: Arceus|Arceus-Electric, L70|284/284\n|turn|12\n|\n|t:|1771187538\n|-activate|p1a: Gouging Fire|confusion\n|move|p1a: Gouging Fire|Morning Sun|p1a: Gouging Fire\n|-heal|p1a: Gouging Fire|227/277\n|move|p2a: Arceus|Ice Beam|p1a: Gouging Fire\n|-damage|p1a: Gouging Fire|173/277\n|\n|upkeep\n|turn|13\n|\n|t:|1771187547\n|-activate|p1a: Gouging Fire|confusion\n|-damage|p1a: Gouging Fire|140/277|[from] confusion\n|move|p2a: Arceus|Calm Mind|p2a: Arceus\n|-boost|p2a: Arceus|spa|1\n|-boost|p2a: Arceus|spd|1\n|\n|upkeep\n|turn|14\n|\n|t:|1771187550\n|-activate|p1a: Gouging Fire|confusion\n|-damage|p1a: Gouging Fire|108/277|[from] confusion\n|move|p2a: Arceus|Ice Beam|p1a: Gouging Fire\n|-damage|p1a: Gouging Fire|24/277\n|-status|p1a: Gouging Fire|frz\n|\n|upkeep\n|turn|15\n|\n|t:|1771187561\n|-curestatus|p1a: Gouging Fire|frz|[msg]\n|-activate|p1a: Gouging Fire|confusion\n|move|p1a: Gouging Fire|Outrage|p2a: Arceus\n|-damage|p2a: Arceus|134/284\n|move|p2a: Arceus|Calm Mind|p2a: Arceus\n|-boost|p2a: Arceus|spa|1\n|-boost|p2a: Arceus|spd|1\n|\n|upkeep\n|turn|16\n|\n|t:|1771187568\n|-end|p1a: Gouging Fire|confusion\n|move|p1a: Gouging Fire|Outrage|p2a: Arceus|[from] lockedmove\n|-damage|p2a: Arceus|0 fnt\n|faint|p2a: Arceus\n|-start|p1a: Gouging Fire|confusion|[fatigue]\n|\n|upkeep\n|-message|revolutyn forfeited.\n|\n|win|AadiLeon\n|raw|AadiLeon's rating: 1723 &rarr; <strong>1744</strong><br />(+21 for winning)\n|raw|revolutyn's rating: 1737 &rarr; <strong>1716</strong><br />(-21 for losing)\n|c|☆AadiLeon|Gg\n", "inputlog": ">version 686819e5e19f8a7fd2345cfc5a08a5085efa2cc3\n>start {\"formatid\":\"gen9randombattle\",\"seed\":\"sodium,a82b2fa7855ece4e59809d3e1a672eed\",\"rated\":\"Rated battle\"}\n>player p1 {\"name\":\"AadiLeon\",\"avatar\":\"nate\",\"rating\":1723,\"seed\":\"sodium,e4169f05aac021e545aa74c10d5e145d\"}\n>player p2 {\"name\":\"revolutyn\",\"avatar\":\"cynthia-gen4\",\"rating\":1737,\"seed\":\"sodium,bad0dc84b227b00473b30aed505a3994\"}\n>p1 move fireblast\n>p2 move calmmind\n>p1 move fireblast\n>p2 move calmmind\n>p1 move fireblast\n>p2 move strengthsap\n>p1 move fireblast\n>p2 move airslash\n>p1 switch 5\n>p2 move shadowball\n>p1 move knockoff\n>p2 switch 5\n>p1 switch 2\n>p2 move fireblast\n>p1 move dragondance\n>p2 move earthquake\n>p1 move morningsun\n>p2 move earthquake\n>p1 move outrage\n>p2 move earthquake\n>p1 move outrage\n>p2 move earthquake\n>p2 switch 3\n>p1 move morningsun\n>p2 move icebeam\n>p1 move outrage\n>p2 move calmmind\n>p1 move outrage\n>p2 move icebeam\n>p1 move outrage\n>p2 move calmmind\n>p1 move outrage\n>p2 move icebeam\n>forcelose p2", "uploadtime": 1771187581, "views": 21, "formatid": "gen9randombattle", "rating": 1716, "private": 0, "password": null}