{"id": "gen9randombattle-2540264054", "format": "[Gen 9] Random Battle", "players": ["tom3030", "chi_chihuahuadog"], "log": "|j|☆tom3030\n|j|☆chi_chihuahuadog\n|t:|1771182274\n|gametype|singles\n|player|p1|tom3030|169|1674\n|player|p2|chi_chihuahuadog|102|1634\n|gen|9\n|tier|[Gen 9] Random Battle\n|rated|\n|rule|Species Clause: Limit one of each Pokémon\n|rule|HP Percentage Mod: HP is shown in percentages\n|rule|Sleep Clause Mod: Limit one foe put to sleep\n|rule|Illusion Level Mod: Illusion disguises the Pokémon's true level\n|\n|t:|1771182274\n|teamsize|p1|6\n|teamsize|p2|6\n|start\n|switch|p1a: Ambipom|Ambipom, L84, F|263/263\n|switch|p2a: Magnezone|Magnezone, L85|258/258\n|turn|1\n|inactive|Battle timer is ON: inactive players will automatically lose when time's up. (requested by chi_chihuahuadog)\n|\n|t:|1771182300\n|move|p1a: Ambipom|Low Kick|p2a: Magnezone\n|-supereffective|p2a: Magnezone\n|-damage|p2a: Magnezone|132/258\n|move|p2a: Magnezone|Volt Switch|p1a: Ambipom\n|-damage|p1a: Ambipom|145/263\n|\n|t:|1771182309\n|switch|p2a: Wyrdeer|Wyrdeer, L87, F|321/321|[from] Volt Switch\n|-ability|p2a: Wyrdeer|Intimidate|boost\n|-unboost|p1a: Ambipom|atk|1\n|\n|upkeep\n|turn|2\n|\n|t:|1771182324\n|switch|p1a: Probopass|Probopass, L91, M|257/257\n|move|p2a: Wyrdeer|Thunder Wave|p1a: Probopass\n|-status|p1a: Probopass|par\n|\n|upkeep\n|turn|3\n|\n|t:|1771182331\n|move|p2a: Wyrdeer|Earthquake|p1a: Probopass\n|-supereffective|p1a: Probopass\n|-damage|p1a: Probopass|57/257 par\n|move|p1a: Probopass|Body Press|p2a: Wyrdeer\n|-damage|p2a: Wyrdeer|216/321\n|\n|-heal|p2a: Wyrdeer|236/321|[from] item: Leftovers\n|upkeep\n|turn|4\n|\n|t:|1771182342\n|move|p2a: Wyrdeer|Earthquake|p1a: Probopass\n|-supereffective|p1a: Probopass\n|-damage|p1a: Probopass|0 fnt\n|faint|p1a: Probopass\n|\n|-heal|p2a: Wyrdeer|256/321|[from] item: Leftovers\n|upkeep\n|inactive|tom3030 has 120 seconds left.\n|\n|t:|1771182369\n|switch|p1a: Bombirdier|Bombirdier, L85, M|258/258\n|turn|5\n|\n|t:|1771182387\n|switch|p2a: Alomomola|Alomomola, L87, M|429/429\n|move|p1a: Bombirdier|Knock Off|p2a: Alomomola\n|-damage|p2a: Alomomola|305/429\n|-enditem|p2a: Alomomola|Leftovers|[from] move: Knock Off|[of] p1a: Bombirdier\n|\n|upkeep\n|turn|6\n|\n|t:|1771182396\n|switch|p1a: Hypno|Hypno, L95, M|315/315\n|move|p2a: Alomomola|Flip Turn|p1a: Hypno\n|-damage|p1a: Hypno|251/315\n|\n|t:|1771182408\n|switch|p2a: Magnezone|Magnezone, L85|132/258|[from] Flip Turn\n|\n|-heal|p1a: Hypno|270/315|[from] item: Leftovers\n|upkeep\n|turn|7\n|\n|t:|1771182415\n|move|p2a: Magnezone|Volt Switch|p1a: Hypno\n|-damage|p1a: Hypno|197/315\n|\n|t:|1771182420\n|switch|p2a: Alomomola|Alomomola, L87, M|429/429|[from] Volt Switch\n|move|p1a: Hypno|Focus Blast|p2a: Alomomola|[miss]\n|-miss|p1a: Hypno|p2a: Alomomola\n|\n|-heal|p1a: Hypno|216/315|[from] item: Leftovers\n|upkeep\n|turn|8\n|\n|t:|1771182429\n|move|p1a: Hypno|Psychic Noise|p2a: Alomomola\n|-damage|p2a: Alomomola|300/429\n|-start|p2a: Alomomola|move: Heal Block\n|move|p2a: Alomomola|Flip Turn|p1a: Hypno\n|-damage|p1a: Hypno|159/315\n|\n|t:|1771182433\n|switch|p2a: Flutter Mane|Flutter Mane, L74|203/203|[from] Flip Turn\n|\n|-heal|p1a: Hypno|178/315|[from] item: Leftovers\n|upkeep\n|turn|9\n|\n|t:|1771182440\n|switch|p1a: Ambipom|Ambipom, L84, F|145/263\n|move|p2a: Flutter Mane|Moonblast|p1a: Ambipom\n|-damage|p1a: Ambipom|0 fnt\n|faint|p1a: Ambipom\n|\n|upkeep\n|-message|tom3030 forfeited.\n|\n|win|chi_chihuahuadog\n|raw|tom3030's rating: 1674 &rarr; <strong>1652</strong><br />(-22 for losing)\n|raw|chi_chihuahuadog's rating: 1634 &rarr; <strong>1656</strong><br />(+22 for winning)\n|l|☆tom3030\n|player|p1|\n", "inputlog": ">version 686819e5e19f8a7fd2345cfc5a08a5085efa2cc3\n>start {\"formatid\":\"gen9randombattle\",\"seed\":\"sodium,680f45546a57f3acad48dee0e2ac5c5b\",\"rated\":\"Rated battle\"}\n>player p1 {\"name\":\"tom3030\",\"avatar\":\"169\",\"rating\":1674,\"seed\":\"sodium,9e10a1761fefc98b63577bdb42bfd704\"}\n>player p2 {\"name\":\"chi_chihuahuadog\",\"avatar\":\"102\",\"rating\":1634,\"seed\":\"sodium,a5abfee775a1d4df2d70e89caaa756d4\"}\n>p1 move lowkick\n>p2 move voltswitch\n>p2 switch 6\n>p1 switch 3\n>p2 move thunderwave\n>p1 move bodypress\n>p2 move earthquake\n>p1 move bodypress\n>p2 move earthquake\n>p1 switch 6\n>p1 move knockoff\n>p2 switch 2\n>p1 switch 4\n>p2 move flipturn\n>p2 switch 6\n>p1 move focusblast\n>p2 move voltswitch\n>p2 switch 6\n>p1 move psychicnoise\n>p2 move flipturn\n>p2 switch 5\n>p1 switch 3\n>p2 move moonblast\n>forcelose p1", "uploadtime": 1771182453, "views": 12, "formatid": "gen9randombattle", "rating": 1652, "private": 0, "password": null}