{"id": "gen9randombattle-2540836398", "format": "[Gen 9] Random Battle", "players": ["fabidv", "maki77"], "log": "|j|☆fabidv\n|j|☆maki77\n|t:|1771259068\n|gametype|singles\n|player|p1|fabidv|flint|1608\n|player|p2|maki77|101|1574\n|gen|9\n|tier|[Gen 9] Random Battle\n|rated|\n|rule|Species Clause: Limit one of each Pokémon\n|rule|HP Percentage Mod: HP is shown in percentages\n|rule|Sleep Clause Mod: Limit one foe put to sleep\n|rule|Illusion Level Mod: Illusion disguises the Pokémon's true level\n|\n|t:|1771259068\n|teamsize|p1|6\n|teamsize|p2|6\n|start\n|switch|p1a: Iron Valiant|Iron Valiant, L78|244/244\n|switch|p2a: Garganacl|Garganacl, L80, M|291/291\n|turn|1\n|\n|t:|1771259080\n|move|p1a: Iron Valiant|Calm Mind|p1a: Iron Valiant\n|-boost|p1a: Iron Valiant|spa|1\n|-boost|p1a: Iron Valiant|spd|1\n|move|p2a: Garganacl|Stealth Rock|p1a: Iron Valiant\n|-sidestart|p1: fabidv|move: Stealth Rock\n|\n|upkeep\n|turn|2\n|\n|t:|1771259091\n|move|p1a: Iron Valiant|Moonblast|p2a: Garganacl\n|-damage|p2a: Garganacl|65/291\n|-damage|p1a: Iron Valiant|220/244|[from] item: Life Orb\n|move|p2a: Garganacl|Salt Cure|p1a: Iron Valiant\n|-resisted|p1a: Iron Valiant\n|-damage|p1a: Iron Valiant|197/244\n|-start|p1a: Iron Valiant|Salt Cure\n|\n|-heal|p2a: Garganacl|83/291|[from] item: Leftovers\n|-damage|p1a: Iron Valiant|167/244|[from] Salt Cure\n|upkeep\n|turn|3\n|\n|t:|1771259102\n|move|p1a: Iron Valiant|Moonblast|p2a: Garganacl\n|-damage|p2a: Garganacl|0 fnt\n|faint|p2a: Garganacl\n|-damage|p1a: Iron Valiant|143/244|[from] item: Life Orb\n|\n|-damage|p1a: Iron Valiant|113/244|[from] Salt Cure\n|upkeep\n|\n|t:|1771259103\n|switch|p2a: Volcarona|Volcarona, L77, F|257/257\n|turn|4\n|\n|t:|1771259108\n|move|p1a: Iron Valiant|Psychic|p2a: Volcarona\n|-damage|p2a: Volcarona|134/257\n|-damage|p1a: Iron Valiant|89/244|[from] item: Life Orb\n|move|p2a: Volcarona|Quiver Dance|p2a: Volcarona\n|-boost|p2a: Volcarona|spa|1\n|-boost|p2a: Volcarona|spd|1\n|-boost|p2a: Volcarona|spe|1\n|\n|-damage|p1a: Iron Valiant|59/244|[from] Salt Cure\n|upkeep\n|turn|5\n|\n|t:|1771259128\n|move|p2a: Volcarona|Giga Drain|p1a: Iron Valiant\n|-damage|p1a: Iron Valiant|0 fnt\n|-heal|p2a: Volcarona|164/257|[from] drain|[of] p1a: Iron Valiant\n|faint|p1a: Iron Valiant\n|-end|p1a: Iron Valiant|Quark Drive|[silent]\n|\n|upkeep\n|\n|t:|1771259134\n|switch|p1a: Greedent|Greedent, L86, M|347/347\n|-damage|p1a: Greedent|304/347|[from] Stealth Rock\n|turn|6\n|\n|t:|1771259145\n|move|p2a: Volcarona|Fiery Dance|p1a: Greedent\n|-damage|p1a: Greedent|145/347\n|-boost|p2a: Volcarona|spa|1\n|-enditem|p1a: Greedent|Sitrus Berry|[eat]\n|-heal|p1a: Greedent|231/347|[from] item: Sitrus Berry\n|-heal|p1a: Greedent|346/347|[from] ability: Cheek Pouch\n|move|p1a: Greedent|Double-Edge|p2a: Volcarona\n|-damage|p2a: Volcarona|0 fnt\n|faint|p2a: Volcarona\n|-damage|p1a: Greedent|292/347|[from] Recoil\n|\n|upkeep\n|\n|t:|1771259156\n|switch|p2a: Palafin|Palafin, L77, M|281/281\n|turn|7\n|\n|t:|1771259166\n|detailschange|p2a: Palafin|Palafin-Hero, L77, M\n|switch|p2a: Tornadus|Tornadus, L82, M|264/264\n|move|p1a: Greedent|Knock Off|p2a: Tornadus\n|-damage|p2a: Tornadus|185/264\n|-enditem|p2a: Tornadus|Heavy-Duty Boots|[from] move: Knock Off|[of] p1a: Greedent\n|\n|upkeep\n|turn|8\n|\n|t:|1771259172\n|move|p2a: Tornadus|Focus Blast|p1a: Greedent|[miss]\n|-miss|p2a: Tornadus|p1a: Greedent\n|move|p1a: Greedent|Double-Edge|p2a: Tornadus\n|-damage|p2a: Tornadus|20/264\n|-damage|p1a: Greedent|238/347|[from] Recoil\n|\n|upkeep\n|turn|9\n|\n|t:|1771259177\n|switch|p1a: Dragapult|Dragapult, L77, F|262/262\n|-damage|p1a: Dragapult|230/262|[from] Stealth Rock\n|move|p2a: Tornadus|Focus Blast|p1a: Dragapult\n|-immune|p1a: Dragapult\n|\n|upkeep\n|turn|10\n|\n|t:|1771259182\n|move|p1a: Dragapult|Dragon Dance|p1a: Dragapult\n|-boost|p1a: Dragapult|atk|1\n|-boost|p1a: Dragapult|spe|1\n|move|p2a: Tornadus|Bleakwind Storm|p1a: Dragapult|[miss]\n|-miss|p2a: Tornadus|p1a: Dragapult\n|\n|upkeep\n|turn|11\n|\n|t:|1771259186\n|move|p1a: Dragapult|Dragon Darts|p2a: Tornadus\n|-damage|p2a: Tornadus|0 fnt\n|faint|p2a: Tornadus\n|-damage|p1a: Dragapult|204/262|[from] item: Life Orb\n|\n|upkeep\n|\n|t:|1771259191\n|switch|p2a: Rotom|Rotom-Frost, L87|229/229\n|turn|12\n|\n|t:|1771259195\n|move|p1a: Dragapult|Fire Blast|p2a: Rotom\n|-supereffective|p2a: Rotom\n|-damage|p2a: Rotom|76/229\n|-damage|p1a: Dragapult|178/262|[from] item: Life Orb\n|move|p2a: Rotom|Will-O-Wisp|p1a: Dragapult\n|-status|p1a: Dragapult|brn\n|\n|-damage|p1a: Dragapult|162/262 brn|[from] brn\n|upkeep\n|turn|13\n|\n|t:|1771259203\n|move|p1a: Dragapult|Fire Blast|p2a: Rotom\n|-supereffective|p2a: Rotom\n|-damage|p2a: Rotom|0 fnt\n|faint|p2a: Rotom\n|-damage|p1a: Dragapult|136/262 brn|[from] item: Life Orb\n|\n|-damage|p1a: Dragapult|120/262 brn|[from] brn\n|upkeep\n|\n|t:|1771259206\n|switch|p2a: Espathra|Espathra, L80, F|283/283\n|turn|14\n|\n|t:|1771259217\n|-terastallize|p2a: Espathra|Fairy\n|move|p1a: Dragapult|Fire Blast|p2a: Espathra\n|-damage|p2a: Espathra|170/283\n|-damage|p1a: Dragapult|94/262 brn|[from] item: Life Orb\n|move|p2a: Espathra|Calm Mind|p2a: Espathra\n|-boost|p2a: Espathra|spa|1\n|-boost|p2a: Espathra|spd|1\n|\n|-heal|p2a: Espathra|187/283|[from] item: Leftovers\n|-damage|p1a: Dragapult|78/262 brn|[from] brn\n|-ability|p2a: Espathra|Speed Boost|boost\n|-boost|p2a: Espathra|spe|1\n|upkeep\n|turn|15\n|\n|t:|1771259225\n|move|p1a: Dragapult|Fire Blast|p2a: Espathra\n|-damage|p2a: Espathra|105/283\n|-damage|p1a: Dragapult|52/262 brn|[from] item: Life Orb\n|move|p2a: Espathra|Calm Mind|p2a: Espathra\n|-boost|p2a: Espathra|spa|1\n|-boost|p2a: Espathra|spd|1\n|\n|-heal|p2a: Espathra|122/283|[from] item: Leftovers\n|-damage|p1a: Dragapult|36/262 brn|[from] brn\n|-ability|p2a: Espathra|Speed Boost|boost\n|-boost|p2a: Espathra|spe|1\n|upkeep\n|turn|16\n|\n|t:|1771259232\n|move|p2a: Espathra|Calm Mind|p2a: Espathra\n|-boost|p2a: Espathra|spa|1\n|-boost|p2a: Espathra|spd|1\n|move|p1a: Dragapult|Fire Blast|p2a: Espathra\n|-damage|p2a: Espathra|75/283\n|-damage|p1a: Dragapult|10/262 brn|[from] item: Life Orb\n|\n|-heal|p2a: Espathra|92/283|[from] item: Leftovers\n|-damage|p1a: Dragapult|0 fnt|[from] brn\n|faint|p1a: Dragapult\n|-ability|p2a: Espathra|Speed Boost|boost\n|-boost|p2a: Espathra|spe|1\n|upkeep\n|\n|t:|1771259241\n|switch|p1a: Greedent|Greedent, L86, M|238/347\n|-damage|p1a: Greedent|195/347|[from] Stealth Rock\n|turn|17\n|\n|t:|1771259255\n|move|p2a: Espathra|Substitute|p2a: Espathra\n|-start|p2a: Espathra|Substitute\n|-damage|p2a: Espathra|22/283\n|move|p1a: Greedent|Double-Edge|p2a: Espathra\n|-end|p2a: Espathra|Substitute\n|-damage|p1a: Greedent|172/347|[from] Recoil|[of] p2a: Espathra\n|\n|-heal|p2a: Espathra|39/283|[from] item: Leftovers\n|-ability|p2a: Espathra|Speed Boost|boost\n|-boost|p2a: Espathra|spe|1\n|upkeep\n|turn|18\n|\n|t:|1771259260\n|move|p2a: Espathra|Stored Power|p1a: Greedent\n|-damage|p1a: Greedent|0 fnt\n|faint|p1a: Greedent\n|\n|-heal|p2a: Espathra|56/283|[from] item: Leftovers\n|-ability|p2a: Espathra|Speed Boost|boost\n|-boost|p2a: Espathra|spe|1\n|upkeep\n|\n|t:|1771259268\n|switch|p1a: Ditto|Ditto, L87|225/225\n|-damage|p1a: Ditto|197/225|[from] Stealth Rock\n|-transform|p1a: Ditto|p2a: Espathra|[from] ability: Imposter\n|-start|p1a: Ditto|typechange|Psychic|[silent]\n|turn|19\n|\n|t:|1771259282\n|move|p1a: Ditto|Stored Power|p2a: Espathra\n|-damage|p2a: Espathra|0 fnt\n|faint|p2a: Espathra\n|\n|-ability|p1a: Ditto|Speed Boost|boost\n|-boost|p1a: Ditto|spe|1\n|upkeep\n|-message|maki77 forfeited.\n|\n|win|fabidv\n|raw|fabidv's rating: 1608 &rarr; <strong>1626</strong><br />(+18 for winning)\n|raw|maki77's rating: 1574 &rarr; <strong>1556</strong><br />(-18 for losing)\n|l|☆maki77\n|player|p2|\n|c|☆fabidv|gg\n", "inputlog": ">version 686819e5e19f8a7fd2345cfc5a08a5085efa2cc3\n>start {\"formatid\":\"gen9randombattle\",\"seed\":\"sodium,05e716932d6490926eb0b98243146318\",\"rated\":\"Rated battle\"}\n>player p1 {\"name\":\"fabidv\",\"avatar\":\"flint\",\"rating\":1608,\"seed\":\"sodium,e10c2c67315609b040d58a46365d7bde\"}\n>player p2 {\"name\":\"maki77\",\"avatar\":\"101\",\"rating\":1574,\"seed\":\"sodium,355a3aae2e282fb6bccf2368e4fce150\"}\n>p1 move calmmind\n>p2 move stealthrock\n>p1 move moonblast\n>p2 move saltcure\n>p1 move moonblast\n>p2 move earthquake\n>p2 switch 3\n>p1 move psychic\n>p2 move quiverdance\n>p1 move psychic\n>p2 move gigadrain\n>p1 switch 5\n>p1 move doubleedge\n>p2 move fierydance\n>p2 switch 6\n>p1 move knockoff\n>p2 switch 4\n>p1 move doubleedge\n>p2 move focusblast\n>p1 switch 6\n>p2 move focusblast\n>p1 move dragondance\n>p2 move bleakwindstorm\n>p1 move dragondarts\n>p2 move bleakwindstorm\n>p2 switch 5\n>p1 move fireblast\n>p2 move willowisp\n>p1 move fireblast\n>p2 move blizzard\n>p2 switch 2\n>p1 move fireblast\n>p2 move calmmind terastallize\n>p1 move fireblast\n>p2 move calmmind\n>p1 move fireblast\n>p2 move calmmind\n>p1 switch 6\n>p1 move doubleedge\n>p2 move substitute\n>p1 move knockoff\n>p2 move storedpower\n>p1 switch 3\n>p1 move storedpower\n>p2 move storedpower\n>forcelose p2", "uploadtime": 1771259294, "views": 6, "formatid": "gen9randombattle", "rating": 1556, "private": 0, "password": null}