{"id": "gen9randombattle-2540943232", "format": "[Gen 9] Random Battle", "players": ["Soul Gem", "Cazabichosroger"], "log": "|j|☆Soul Gem\n|j|☆Cazabichosroger\n|t:|1771269451\n|gametype|singles\n|player|p1|Soul Gem|misty|1903\n|player|p2|Cazabichosroger|bugcatcher-gen4dp|1883\n|gen|9\n|tier|[Gen 9] Random Battle\n|rated|\n|rule|Species Clause: Limit one of each Pokémon\n|rule|HP Percentage Mod: HP is shown in percentages\n|rule|Sleep Clause Mod: Limit one foe put to sleep\n|rule|Illusion Level Mod: Illusion disguises the Pokémon's true level\n|\n|t:|1771269451\n|teamsize|p1|6\n|teamsize|p2|6\n|start\n|switch|p1a: Emboar|Emboar, L84, F|322/322\n|switch|p2a: Heatran|Heatran, L79, F|273/273\n|-item|p2a: Heatran|Air Balloon\n|turn|1\n|inactive|Battle timer is ON: inactive players will automatically lose when time's up. (requested by Cazabichosroger)\n|\n|t:|1771269480\n|switch|p2a: Arcanine|Arcanine, L84, F|288/288\n|-ability|p2a: Arcanine|Intimidate|boost\n|-unboost|p1a: Emboar|atk|1\n|move|p1a: Emboar|Bulk Up|p1a: Emboar\n|-boost|p1a: Emboar|atk|1\n|-boost|p1a: Emboar|def|1\n|\n|upkeep\n|turn|2\n|\n|t:|1771269488\n|move|p1a: Emboar|Bulk Up|p1a: Emboar\n|-boost|p1a: Emboar|atk|1\n|-boost|p1a: Emboar|def|1\n|move|p2a: Arcanine|Roar|p1a: Emboar\n|drag|p1a: Latias|Latias, L79, F|256/256\n|\n|upkeep\n|turn|3\n|\n|t:|1771269499\n|switch|p2a: Delibird|Delibird, F|252/252\n|move|p1a: Latias|Draco Meteor|p2a: Delibird\n|-damage|p2a: Delibird|44/252\n|-unboost|p1a: Latias|spa|2\n|\n|upkeep\n|turn|4\n|\n|t:|1771269507\n|move|p1a: Latias|Psyshock|p2a: Delibird\n|-damage|p2a: Delibird|0 fnt\n|faint|p2a: Delibird\n|\n|upkeep\n|\n|t:|1771269512\n|switch|p2a: Brambleghast|Brambleghast, L88, F|240/240\n|turn|5\n|\n|t:|1771269521\n|switch|p1a: Tinkaton|Tinkaton, L82, F|274/274\n|-ability|p1a: Tinkaton|Mold Breaker\n|move|p2a: Brambleghast|Poltergeist|p1a: Tinkaton\n|-activate|p1a: Tinkaton|move: Poltergeist|Leftovers\n|-damage|p1a: Tinkaton|105/274\n|\n|-heal|p1a: Tinkaton|122/274|[from] item: Leftovers\n|upkeep\n|turn|6\n|\n|t:|1771269531\n|move|p2a: Brambleghast|Poltergeist|p1a: Tinkaton\n|-activate|p1a: Tinkaton|move: Poltergeist|Leftovers\n|-damage|p1a: Tinkaton|0 fnt\n|faint|p1a: Tinkaton\n|\n|upkeep\n|\n|t:|1771269538\n|switch|p1a: Emboar|Emboar, L84, F|322/322\n|turn|7\n|\n|t:|1771269542\n|move|p2a: Brambleghast|Strength Sap|p1a: Emboar\n|-unboost|p1a: Emboar|atk|1\n|move|p1a: Emboar|Bulk Up|p1a: Emboar\n|-boost|p1a: Emboar|atk|1\n|-boost|p1a: Emboar|def|1\n|\n|upkeep\n|turn|8\n|\n|t:|1771269550\n|switch|p2a: Arcanine|Arcanine, L84, F|288/288\n|-ability|p2a: Arcanine|Intimidate|boost\n|-unboost|p1a: Emboar|atk|1\n|move|p1a: Emboar|Bulk Up|p1a: Emboar\n|-boost|p1a: Emboar|atk|1\n|-boost|p1a: Emboar|def|1\n|\n|upkeep\n|turn|9\n|\n|t:|1771269560\n|move|p2a: Arcanine|Close Combat|p1a: Emboar\n|-damage|p1a: Emboar|267/322\n|-unboost|p2a: Arcanine|def|1\n|-unboost|p2a: Arcanine|spd|1\n|move|p1a: Emboar|Drain Punch|p2a: Arcanine\n|-damage|p2a: Arcanine|128/288\n|-heal|p1a: Emboar|322/322|[from] drain|[of] p2a: Arcanine\n|\n|upkeep\n|turn|10\n|\n|t:|1771269575\n|move|p1a: Emboar|Drain Punch|p2a: Arcanine\n|-damage|p2a: Arcanine|0 fnt\n|faint|p2a: Arcanine\n|\n|upkeep\n|\n|t:|1771269582\n|switch|p2a: Heatran|Heatran, L79, F|273/273\n|-item|p2a: Heatran|Air Balloon\n|turn|11\n|\n|t:|1771269589\n|move|p2a: Heatran|Earth Power|p1a: Emboar\n|-supereffective|p1a: Emboar\n|-damage|p1a: Emboar|130/322\n|move|p1a: Emboar|Trailblaze|p2a: Heatran\n|-resisted|p2a: Heatran\n|-damage|p2a: Heatran|264/273\n|-boost|p1a: Emboar|spe|1\n|-enditem|p2a: Heatran|Air Balloon\n|\n|-heal|p1a: Emboar|150/322|[from] item: Leftovers\n|upkeep\n|turn|12\n|\n|t:|1771269600\n|-terastallize|p2a: Heatran|Grass\n|move|p1a: Emboar|Drain Punch|p2a: Heatran\n|-damage|p2a: Heatran|179/273\n|-heal|p1a: Emboar|193/322|[from] drain|[of] p2a: Heatran\n|move|p2a: Heatran|Earth Power|p1a: Emboar\n|-supereffective|p1a: Emboar\n|-damage|p1a: Emboar|9/322\n|\n|-heal|p1a: Emboar|29/322|[from] item: Leftovers\n|upkeep\n|turn|13\n|\n|t:|1771269612\n|move|p1a: Emboar|Drain Punch|p2a: Heatran\n|-damage|p2a: Heatran|95/273\n|-heal|p1a: Emboar|71/322|[from] drain|[of] p2a: Heatran\n|move|p2a: Heatran|Earth Power|p1a: Emboar\n|-supereffective|p1a: Emboar\n|-damage|p1a: Emboar|0 fnt\n|faint|p1a: Emboar\n|\n|upkeep\n|\n|t:|1771269620\n|switch|p1a: Rillaboom|Rillaboom, L79, F|288/288\n|-fieldstart|move: Grassy Terrain|[from] ability: Grassy Surge|[of] p1a: Rillaboom\n|turn|14\n|\n|t:|1771269634\n|move|p1a: Rillaboom|U-turn|p2a: Heatran\n|-supereffective|p2a: Heatran\n|-damage|p2a: Heatran|0 fnt\n|faint|p2a: Heatran\n|inactive|Soul Gem has 120 seconds left.\n|\n|t:|1771269682\n|switch|p1a: Flapple|Flapple, L88, F|266/266|[from] U-turn\n|\n|upkeep\n|\n|t:|1771269697\n|switch|p2a: Brambleghast|Brambleghast, L88, F|240/240\n|turn|15\n|inactive|Soul Gem has 120 seconds left.\n|\n|t:|1771269713\n|move|p2a: Brambleghast|Poltergeist|p1a: Flapple\n|-activate|p1a: Flapple|move: Poltergeist|Lum Berry\n|-damage|p1a: Flapple|103/266\n|move|p1a: Flapple|Outrage|p2a: Brambleghast\n|-damage|p2a: Brambleghast|0 fnt\n|faint|p2a: Brambleghast\n|\n|-heal|p1a: Flapple|119/266|[from] Grassy Terrain\n|upkeep\n|\n|t:|1771269729\n|switch|p2a: Hitmonchan|Hitmonchan, L87, M|229/229\n|turn|16\n|inactive|Soul Gem has 120 seconds left.\n|\n|t:|1771269738\n|move|p2a: Hitmonchan|Poison Jab|p1a: Flapple\n|-supereffective|p1a: Flapple\n|-damage|p1a: Flapple|0 fnt\n|faint|p1a: Flapple\n|\n|upkeep\n|inactive|Soul Gem has 120 seconds left.\n|\n|t:|1771269747\n|switch|p1a: Rillaboom|Rillaboom, L79, F|288/288\n|turn|17\n|\n|t:|1771269757\n|switch|p2a: Brute Bonnet|Brute Bonnet, L81|312/312\n|move|p1a: Rillaboom|Wood Hammer|p2a: Brute Bonnet\n|-resisted|p2a: Brute Bonnet\n|-damage|p2a: Brute Bonnet|185/312\n|-damage|p1a: Rillaboom|246/288|[from] Recoil\n|\n|-heal|p1a: Rillaboom|264/288|[from] Grassy Terrain\n|-heal|p2a: Brute Bonnet|204/312|[from] Grassy Terrain\n|-heal|p2a: Brute Bonnet|223/312|[from] item: Leftovers\n|upkeep\n|turn|18\n|\n|t:|1771269772\n|switch|p1a: Terrakion|Terrakion, L79|273/273\n|move|p2a: Brute Bonnet|Crunch|p1a: Terrakion\n|-resisted|p1a: Terrakion\n|-damage|p1a: Terrakion|221/273\n|-ability|p1a: Terrakion|Justified|boost\n|-boost|p1a: Terrakion|atk|1\n|\n|-heal|p1a: Terrakion|238/273|[from] Grassy Terrain\n|-heal|p2a: Brute Bonnet|242/312|[from] Grassy Terrain\n|-heal|p2a: Brute Bonnet|261/312|[from] item: Leftovers\n|-fieldend|move: Grassy Terrain\n|upkeep\n|turn|19\n|\n|t:|1771269784\n|move|p1a: Terrakion|Close Combat|p2a: Brute Bonnet\n|-supereffective|p2a: Brute Bonnet\n|-damage|p2a: Brute Bonnet|0 fnt\n|-unboost|p1a: Terrakion|def|1\n|-unboost|p1a: Terrakion|spd|1\n|faint|p2a: Brute Bonnet\n|-end|p2a: Brute Bonnet|Protosynthesis|[silent]\n|\n|upkeep\n|\n|t:|1771269790\n|switch|p2a: Hitmonchan|Hitmonchan, L87, M|229/229\n|turn|20\n|-message|Cazabichosroger forfeited.\n|\n|win|Soul Gem\n|raw|Soul Gem's rating: 1903 &rarr; <strong>1922</strong><br />(+19 for winning)\n|raw|Cazabichosroger's rating: 1883 &rarr; <strong>1864</strong><br />(-19 for losing)\n|l|☆Cazabichosroger\n|player|p2|\n", "inputlog": ">version 686819e5e19f8a7fd2345cfc5a08a5085efa2cc3\n>start {\"formatid\":\"gen9randombattle\",\"seed\":\"sodium,f67851fc46bfe2e0fe1d55f345909aa5\",\"rated\":\"Rated battle\"}\n>player p1 {\"name\":\"Soul Gem\",\"avatar\":\"misty\",\"rating\":1903,\"seed\":\"sodium,b5710c11696c4b636f3f9ccdd3d65589\"}\n>player p2 {\"name\":\"Cazabichosroger\",\"avatar\":\"bugcatcher-gen4dp\",\"rating\":1883,\"seed\":\"sodium,5addee61e184fb9407152caaf18d3c3d\"}\n>p1 move bulkup\n>p2 switch 6\n>p1 move bulkup\n>p2 move roar\n>p1 move dracometeor\n>p2 switch 2\n>p1 move psyshock\n>p2 move bravebird\n>p2 switch 5\n>p1 switch 4\n>p2 move poltergeist\n>p1 move knockoff\n>p2 move poltergeist\n>p1 switch 5\n>p1 move bulkup\n>p2 move strengthsap\n>p1 move bulkup\n>p2 switch 2\n>p1 move drainpunch\n>p2 move closecombat\n>p1 move drainpunch\n>p2 move roar\n>p2 switch 6\n>p1 move trailblaze\n>p2 move earthpower\n>p1 move drainpunch\n>p2 move earthpower terastallize\n>p1 move drainpunch\n>p2 move earthpower\n>p1 switch 3\n>p1 move uturn\n>p2 move stealthrock\n>p1 switch 2\n>p2 switch 2\n>p1 move outrage\n>p2 move poltergeist\n>p2 switch 4\n>p1 move outrage\n>p2 move poisonjab\n>p1 switch 2\n>p1 move woodhammer\n>p2 switch 3\n>p1 switch 6\n>p2 move crunch\n>p1 move closecombat\n>p2 move spore\n>p2 switch 3\n>forcelose p2", "uploadtime": 1771269795, "views": 0, "formatid": "gen9randombattle", "rating": 1864, "private": 0, "password": null}