{"id": "gen9randombattle-2540643672", "format": "[Gen 9] Random Battle", "players": ["TRedden", "GhanaPutThisD"], "log": "|j|☆TRedden\n|j|☆GhanaPutThisD\n|t:|1771232994\n|gametype|singles\n|player|p1|TRedden|blue|1573\n|player|p2|GhanaPutThisD|caitlin|1597\n|gen|9\n|tier|[Gen 9] Random Battle\n|rated|\n|rule|Species Clause: Limit one of each Pokémon\n|rule|HP Percentage Mod: HP is shown in percentages\n|rule|Sleep Clause Mod: Limit one foe put to sleep\n|rule|Illusion Level Mod: Illusion disguises the Pokémon's true level\n|\n|t:|1771232994\n|teamsize|p1|6\n|teamsize|p2|6\n|start\n|switch|p1a: Exeggutor|Exeggutor, L89, F|312/312\n|switch|p2a: Zangoose|Zangoose, L85, F|263/263\n|turn|1\n|inactive|Battle timer is ON: inactive players will automatically lose when time's up. (requested by GhanaPutThisD)\n|\n|t:|1771233016\n|switch|p1a: Samurott|Samurott, L88, F|310/310\n|move|p2a: Zangoose|Knock Off|p1a: Samurott\n|-damage|p1a: Samurott|223/310\n|-enditem|p1a: Samurott|Life Orb|[from] move: Knock Off|[of] p2a: Zangoose\n|\n|-status|p2a: Zangoose|tox|[from] item: Toxic Orb\n|upkeep\n|turn|2\n|\n|t:|1771233024\n|move|p2a: Zangoose|Swords Dance|p2a: Zangoose\n|-boost|p2a: Zangoose|atk|2\n|move|p1a: Samurott|Sacred Sword|p2a: Zangoose\n|-supereffective|p2a: Zangoose\n|-damage|p2a: Zangoose|81/263 tox\n|\n|-damage|p2a: Zangoose|65/263 tox|[from] psn\n|upkeep\n|turn|3\n|\n|t:|1771233038\n|move|p2a: Zangoose|Facade|p1a: Samurott\n|-damage|p1a: Samurott|0 fnt\n|faint|p1a: Samurott\n|\n|-damage|p2a: Zangoose|33/263 tox|[from] psn\n|upkeep\n|inactive|TRedden has 120 seconds left.\n|\n|t:|1771233065\n|switch|p1a: Clefable|Clefable, L83, F|293/293\n|turn|4\n|\n|t:|1771233068\n|-terastallize|p1a: Clefable|Steel\n|move|p2a: Zangoose|Facade|p1a: Clefable\n|-resisted|p1a: Clefable\n|-damage|p1a: Clefable|142/293\n|move|p1a: Clefable|Moonlight|p1a: Clefable\n|-heal|p1a: Clefable|288/293\n|\n|-heal|p1a: Clefable|293/293|[from] item: Leftovers\n|-damage|p2a: Zangoose|0 fnt|[from] psn\n|faint|p2a: Zangoose\n|upkeep\n|\n|t:|1771233076\n|switch|p2a: Dugtrio|Dugtrio, L84, F|196/196\n|turn|5\n|\n|t:|1771233084\n|move|p2a: Dugtrio|Earthquake|p1a: Clefable\n|-supereffective|p1a: Clefable\n|-damage|p1a: Clefable|0 fnt\n|faint|p1a: Clefable\n|-damage|p2a: Dugtrio|177/196|[from] item: Life Orb\n|\n|upkeep\n|\n|t:|1771233088\n|switch|p1a: Exeggutor|Exeggutor, L89, F|312/312\n|turn|6\n|\n|t:|1771233092\n|switch|p2a: Archaludon|Archaludon, L78, F|268/268\n|move|p1a: Exeggutor|Leech Seed|p2a: Archaludon\n|-start|p2a: Archaludon|move: Leech Seed\n|\n|-damage|p2a: Archaludon|235/268|[from] Leech Seed|[of] p1a: Exeggutor\n|upkeep\n|turn|7\n|\n|t:|1771233095\n|move|p2a: Archaludon|Swords Dance|p2a: Archaludon\n|-boost|p2a: Archaludon|atk|2\n|move|p1a: Exeggutor|Substitute|p1a: Exeggutor\n|-start|p1a: Exeggutor|Substitute\n|-damage|p1a: Exeggutor|234/312\n|\n|-damage|p2a: Archaludon|202/268|[from] Leech Seed|[of] p1a: Exeggutor\n|-heal|p1a: Exeggutor|267/312|[silent]\n|upkeep\n|turn|8\n|\n|t:|1771233098\n|move|p2a: Archaludon|Swords Dance|p2a: Archaludon\n|-boost|p2a: Archaludon|atk|2\n|move|p1a: Exeggutor|Psychic Noise|p2a: Archaludon\n|-resisted|p2a: Archaludon\n|-damage|p2a: Archaludon|130/268\n|-start|p2a: Archaludon|move: Heal Block\n|-ability|p2a: Archaludon|Stamina|boost\n|-boost|p2a: Archaludon|def|1\n|\n|-damage|p2a: Archaludon|97/268|[from] Leech Seed|[of] p1a: Exeggutor\n|-heal|p1a: Exeggutor|300/312|[silent]\n|upkeep\n|turn|9\n|\n|t:|1771233105\n|move|p2a: Archaludon|Iron Head|p1a: Exeggutor\n|-end|p1a: Exeggutor|Substitute\n|move|p1a: Exeggutor|Psychic Noise|p2a: Archaludon\n|-resisted|p2a: Archaludon\n|-crit|p2a: Archaludon\n|-damage|p2a: Archaludon|0 fnt\n|faint|p2a: Archaludon\n|\n|upkeep\n|\n|t:|1771233109\n|switch|p2a: Perrserker|Perrserker, L89, M|269/269\n|turn|10\n|\n|t:|1771233114\n|move|p1a: Exeggutor|Leech Seed|p2a: Perrserker\n|-start|p2a: Perrserker|move: Leech Seed\n|move|p2a: Perrserker|U-turn|p1a: Exeggutor\n|-supereffective|p1a: Exeggutor\n|-damage|p1a: Exeggutor|0 fnt\n|faint|p1a: Exeggutor\n|-damage|p2a: Perrserker|243/269|[from] item: Life Orb\n|\n|t:|1771233122\n|switch|p2a: Basculin|Basculin-Blue-Striped, L86, M|261/261|[from] U-turn\n|\n|upkeep\n|\n|t:|1771233126\n|switch|p1a: Victreebel|Victreebel, L90, M|290/290\n|turn|11\n|\n|t:|1771233128\n|move|p2a: Basculin|Flip Turn|p1a: Victreebel\n|-resisted|p1a: Victreebel\n|-damage|p1a: Victreebel|214/290\n|\n|t:|1771233131\n|switch|p2a: Perrserker|Perrserker, L89, M|243/269|[from] Flip Turn\n|move|p1a: Victreebel|Sunny Day|p1a: Victreebel\n|-weather|SunnyDay\n|\n|-weather|SunnyDay|[upkeep]\n|upkeep\n|turn|12\n|\n|t:|1771233137\n|move|p1a: Victreebel|Weather Ball|p2a: Perrserker\n|-supereffective|p2a: Perrserker\n|-damage|p2a: Perrserker|0 fnt\n|faint|p2a: Perrserker\n|-damage|p1a: Victreebel|185/290|[from] item: Life Orb\n|\n|-weather|SunnyDay|[upkeep]\n|upkeep\n|\n|t:|1771233147\n|switch|p2a: Whiscash|Whiscash, L88, M|337/337\n|turn|13\n|\n|t:|1771233149\n|move|p1a: Victreebel|Power Whip|p2a: Whiscash\n|-supereffective|p2a: Whiscash\n|-damage|p2a: Whiscash|0 fnt\n|faint|p2a: Whiscash\n|-damage|p1a: Victreebel|156/290|[from] item: Life Orb\n|\n|-weather|SunnyDay|[upkeep]\n|upkeep\n|\n|t:|1771233152\n|switch|p2a: Dugtrio|Dugtrio, L84, F|177/196\n|turn|14\n|\n|t:|1771233156\n|-terastallize|p2a: Dugtrio|Dark\n|move|p2a: Dugtrio|Sucker Punch|p1a: Victreebel\n|-damage|p1a: Victreebel|30/290\n|-damage|p2a: Dugtrio|158/196|[from] item: Life Orb\n|move|p1a: Victreebel|Power Whip|p2a: Dugtrio\n|-damage|p2a: Dugtrio|0 fnt\n|faint|p2a: Dugtrio\n|-damage|p1a: Victreebel|1/290|[from] item: Life Orb\n|\n|-weather|SunnyDay|[upkeep]\n|upkeep\n|\n|t:|1771233160\n|switch|p2a: Basculin|Basculin-Blue-Striped, L86, M|261/261\n|turn|15\n|\n|t:|1771233164\n|move|p2a: Basculin|Aqua Jet|p1a: Victreebel\n|-resisted|p1a: Victreebel\n|-damage|p1a: Victreebel|0 fnt\n|faint|p1a: Victreebel\n|\n|-weather|none\n|upkeep\n|c|☆GhanaPutThisD|Gg\n|\n|t:|1771233165\n|switch|p1a: Toucannon|Toucannon, L88, M|284/284\n|turn|16\n|\n|t:|1771233167\n|-singleturn|p1a: Toucannon|move: Beak Blast\n|move|p2a: Basculin|Aqua Jet|p1a: Toucannon\n|-damage|p1a: Toucannon|194/284\n|-status|p2a: Basculin|brn\n|move|p1a: Toucannon|Beak Blast|p2a: Basculin\n|-damage|p2a: Basculin|83/261 brn\n|\n|-damage|p2a: Basculin|67/261 brn|[from] brn\n|upkeep\n|turn|17\n|\n|t:|1771233177\n|move|p2a: Basculin|Aqua Jet|p1a: Toucannon\n|-damage|p1a: Toucannon|147/284\n|move|p1a: Toucannon|Boomburst|p2a: Basculin\n|-damage|p2a: Basculin|0 fnt\n|faint|p2a: Basculin\n|\n|win|TRedden\n|raw|TRedden's rating: 1573 &rarr; <strong>1594</strong><br />(+21 for winning)\n|raw|GhanaPutThisD's rating: 1597 &rarr; <strong>1576</strong><br />(-21 for losing)\n|l|☆GhanaPutThisD\n|player|p2|\n", "inputlog": ">version 686819e5e19f8a7fd2345cfc5a08a5085efa2cc3\n>start {\"formatid\":\"gen9randombattle\",\"seed\":\"sodium,5ccb65c3fa1140b524ac6dd57161e44f\",\"rated\":\"Rated battle\"}\n>player p1 {\"name\":\"TRedden\",\"avatar\":\"blue\",\"rating\":1573,\"seed\":\"sodium,353fc40b19a428f0f2f69a24319c156d\"}\n>player p2 {\"name\":\"GhanaPutThisD\",\"avatar\":\"caitlin\",\"rating\":1597,\"seed\":\"sodium,9bf808f3eae657e50642ce0d9739622b\"}\n>p1 switch 5\n>p2 move knockoff\n>p1 move sacredsword\n>p2 move swordsdance\n>p1 move sacredsword\n>p2 move facade\n>p1 switch 4\n>p1 move moonlight terastallize\n>p2 move facade\n>p2 switch 5\n>p1 move fireblast\n>p2 move earthquake\n>p1 switch 5\n>p1 move leechseed\n>p2 switch 4\n>p1 move substitute\n>p2 move swordsdance\n>p1 move psychicnoise\n>p2 move swordsdance\n>p1 move psychicnoise\n>p2 move ironhead\n>p2 switch 2\n>p1 move leechseed\n>p2 move uturn\n>p2 switch 3\n>p1 switch 6\n>p1 move sunnyday\n>p2 move flipturn\n>p2 switch 3\n>p1 move weatherball\n>p2 move uturn\n>p2 switch 6\n>p1 move powerwhip\n>p2 move earthquake\n>p2 switch 4\n>p1 move powerwhip\n>p2 move suckerpunch terastallize\n>p2 switch 3\n>p1 move powerwhip\n>p2 move aquajet\n>chat ☆GhanaPutThisD|Gg\n>p1 switch 2\n>p1 move beakblast\n>p2 move aquajet\n>p1 move boomburst\n>p2 move aquajet", "uploadtime": 1771233187, "views": 12, "formatid": "gen9randombattle", "rating": 1576, "private": 0, "password": null}