{"id": "gen9randombattle-2540315184", "format": "[Gen 9] Random Battle", "players": ["Dindon Ductile", "Magikarpitalism"], "log": "|j|☆Dindon Ductile\n|j|☆Magikarpitalism\n|t:|1771187837\n|gametype|singles\n|player|p1|Dindon Ductile|2|2077\n|player|p2|Magikarpitalism|steven|2083\n|gen|9\n|tier|[Gen 9] Random Battle\n|rated|\n|rule|Species Clause: Limit one of each Pokémon\n|rule|HP Percentage Mod: HP is shown in percentages\n|rule|Sleep Clause Mod: Limit one foe put to sleep\n|rule|Illusion Level Mod: Illusion disguises the Pokémon's true level\n|\n|t:|1771187837\n|teamsize|p1|6\n|teamsize|p2|6\n|start\n|switch|p1a: Carbink|Carbink, L90|236/236\n|switch|p2a: Poliwrath|Poliwrath, L88, F|302/302\n|turn|1\n|\n|t:|1771187879\n|switch|p1a: Vaporeon|Vaporeon, L86, M|364/364\n|move|p2a: Poliwrath|Liquidation|p1a: Vaporeon\n|-immune|p1a: Vaporeon|[from] ability: Water Absorb\n|\n|upkeep\n|turn|2\n|inactive|Battle timer is ON: inactive players will automatically lose when time's up. (requested by Magikarpitalism)\n|inactiveoff|Battle timer is now OFF.\n|\n|t:|1771187885\n|move|p2a: Poliwrath|Knock Off|p1a: Vaporeon\n|-damage|p1a: Vaporeon|263/364\n|-enditem|p1a: Vaporeon|Leftovers|[from] move: Knock Off|[of] p2a: Poliwrath\n|move|p1a: Vaporeon|Wish|p1a: Vaporeon\n|\n|upkeep\n|turn|3\n|\n|t:|1771187890\n|move|p1a: Vaporeon|Calm Mind|p1a: Vaporeon\n|-boost|p1a: Vaporeon|spa|1\n|-boost|p1a: Vaporeon|spd|1\n|move|p2a: Poliwrath|Circle Throw|p1a: Vaporeon\n|-damage|p1a: Vaporeon|178/364\n|drag|p1a: Carbink|Carbink, L90|236/236\n|\n|upkeep\n|turn|4\n|\n|t:|1771187906\n|switch|p1a: Vaporeon|Vaporeon, L86, M|178/364\n|move|p2a: Poliwrath|Liquidation|p1a: Vaporeon\n|-heal|p1a: Vaporeon|269/364|[from] ability: Water Absorb|[of] p2a: Poliwrath\n|\n|upkeep\n|turn|5\n|\n|t:|1771187909\n|move|p2a: Poliwrath|Close Combat|p1a: Vaporeon\n|-damage|p1a: Vaporeon|97/364\n|-unboost|p2a: Poliwrath|def|1\n|-unboost|p2a: Poliwrath|spd|1\n|move|p1a: Vaporeon|Wish|p1a: Vaporeon\n|\n|upkeep\n|turn|6\n|\n|t:|1771187913\n|switch|p2a: Rotom|Rotom-Frost, L87|229/229\n|move|p1a: Vaporeon|Protect||[still]\n|-fail|p1a: Vaporeon\n|\n|-heal|p1a: Vaporeon|279/364|[from] move: Wish|[wisher] Vaporeon\n|upkeep\n|turn|7\n|\n|t:|1771187927\n|switch|p1a: Meganium|Meganium, L90, F|290/290\n|move|p2a: Rotom|Nasty Plot|p2a: Rotom\n|-boost|p2a: Rotom|spa|2\n|\n|upkeep\n|turn|8\n|inactive|Battle timer is ON: inactive players will automatically lose when time's up. (requested by Magikarpitalism)\n|\n|t:|1771187981\n|switch|p1a: Vaporeon|Vaporeon, L86, M|279/364\n|move|p2a: Rotom|Blizzard|p1a: Vaporeon\n|-resisted|p1a: Vaporeon\n|-damage|p1a: Vaporeon|156/364\n|\n|upkeep\n|turn|9\n|\n|t:|1771187988\n|move|p2a: Rotom|Thunderbolt|p1a: Vaporeon\n|-supereffective|p1a: Vaporeon\n|-damage|p1a: Vaporeon|0 fnt\n|faint|p1a: Vaporeon\n|\n|upkeep\n|\n|t:|1771188000\n|switch|p1a: Arceus|Arceus-Poison, L70|284/284\n|turn|10\n|\n|t:|1771188013\n|move|p1a: Arceus|Swords Dance|p1a: Arceus\n|-boost|p1a: Arceus|atk|2\n|move|p2a: Rotom|Thunderbolt|p1a: Arceus\n|-damage|p1a: Arceus|91/284\n|\n|upkeep\n|turn|11\n|\n|t:|1771188047\n|-terastallize|p1a: Arceus|Ground\n|move|p1a: Arceus|Swords Dance|p1a: Arceus\n|-boost|p1a: Arceus|atk|2\n|move|p2a: Rotom|Thunderbolt|p1a: Arceus\n|-immune|p1a: Arceus\n|\n|upkeep\n|turn|12\n|\n|t:|1771188061\n|switch|p2a: Kleavor|Kleavor, L78, F|237/237\n|move|p1a: Arceus|Gunk Shot|p2a: Kleavor\n|-resisted|p2a: Kleavor\n|-damage|p2a: Kleavor|26/237\n|\n|upkeep\n|turn|13\n|\n|t:|1771188066\n|move|p1a: Arceus|Extreme Speed|p2a: Kleavor\n|-resisted|p2a: Kleavor\n|-damage|p2a: Kleavor|0 fnt\n|faint|p2a: Kleavor\n|\n|upkeep\n|\n|t:|1771188067\n|switch|p2a: Slaking|Slaking, L84, M|389/389\n|turn|14\n|\n|t:|1771188084\n|switch|p1a: Basculegion|Basculegion-F, L83, F|335/335\n|move|p2a: Slaking|Double-Edge|p1a: Basculegion\n|-immune|p1a: Basculegion\n|\n|upkeep\n|turn|15\n|\n|t:|1771188090\n|switch|p2a: Poliwrath|Poliwrath, L88, F|302/302\n|move|p1a: Basculegion|Shadow Ball|p2a: Poliwrath\n|-damage|p2a: Poliwrath|224/302\n|\n|upkeep\n|turn|16\n|\n|t:|1771188099\n|switch|p1a: Meganium|Meganium, L90, F|290/290\n|move|p2a: Poliwrath|Knock Off|p1a: Meganium\n|-damage|p1a: Meganium|224/290\n|-enditem|p1a: Meganium|Leftovers|[from] move: Knock Off|[of] p2a: Poliwrath\n|\n|upkeep\n|turn|17\n|\n|t:|1771188105\n|switch|p2a: Zapdos|Zapdos-Galar, L77|265/265\n|move|p1a: Meganium|Leech Seed|p2a: Zapdos\n|-start|p2a: Zapdos|move: Leech Seed\n|\n|-damage|p2a: Zapdos|232/265|[from] Leech Seed|[of] p1a: Meganium\n|-heal|p1a: Meganium|257/290|[silent]\n|upkeep\n|turn|18\n|\n|t:|1771188114\n|switch|p2a: Poliwrath|Poliwrath, L88, F|224/302\n|switch|p1a: Carbink|Carbink, L90|236/236\n|\n|upkeep\n|turn|19\n|\n|t:|1771188129\n|switch|p1a: Meganium|Meganium, L90, F|257/290\n|move|p2a: Poliwrath|Liquidation|p1a: Meganium\n|-resisted|p1a: Meganium\n|-damage|p1a: Meganium|218/290\n|-unboost|p1a: Meganium|def|1\n|\n|upkeep\n|turn|20\n|\n|t:|1771188133\n|move|p1a: Meganium|Knock Off|p2a: Poliwrath\n|-resisted|p2a: Poliwrath\n|-damage|p2a: Poliwrath|191/302\n|-enditem|p2a: Poliwrath|Assault Vest|[from] move: Knock Off|[of] p1a: Meganium\n|move|p2a: Poliwrath|Close Combat|p1a: Meganium\n|-damage|p1a: Meganium|53/290\n|-unboost|p2a: Poliwrath|def|1\n|-unboost|p2a: Poliwrath|spd|1\n|\n|upkeep\n|turn|21\n|\n|t:|1771188138\n|switch|p2a: Zapdos|Zapdos-Galar, L77|232/265\n|move|p1a: Meganium|Synthesis|p1a: Meganium\n|-heal|p1a: Meganium|198/290\n|\n|upkeep\n|turn|22\n|\n|t:|1771188143\n|switch|p1a: Carbink|Carbink, L90|236/236\n|move|p2a: Zapdos|Bulk Up|p2a: Zapdos\n|-boost|p2a: Zapdos|atk|1\n|-boost|p2a: Zapdos|def|1\n|\n|upkeep\n|turn|23\n|\n|t:|1771188152\n|move|p2a: Zapdos|Close Combat|p1a: Carbink\n|-damage|p1a: Carbink|87/236\n|-unboost|p2a: Zapdos|def|1\n|-unboost|p2a: Zapdos|spd|1\n|-damage|p2a: Zapdos|206/265|[from] item: Life Orb\n|move|p1a: Carbink|Moonblast|p2a: Zapdos\n|-supereffective|p2a: Zapdos\n|-damage|p2a: Zapdos|0 fnt\n|faint|p2a: Zapdos\n|\n|-heal|p1a: Carbink|101/236|[from] item: Leftovers\n|upkeep\n|\n|t:|1771188166\n|switch|p2a: Rotom|Rotom-Frost, L87|229/229\n|turn|24\n|\n|t:|1771188173\n|-terastallize|p2a: Rotom|Electric\n|move|p2a: Rotom|Nasty Plot|p2a: Rotom\n|-boost|p2a: Rotom|spa|2\n|move|p1a: Carbink|Body Press|p2a: Rotom\n|-damage|p2a: Rotom|156/229\n|\n|-heal|p1a: Carbink|115/236|[from] item: Leftovers\n|upkeep\n|turn|25\n|\n|t:|1771188193\n|switch|p1a: Arceus|Arceus-Poison, L70, tera:Ground|91/284\n|move|p2a: Rotom|Thunderbolt|p1a: Arceus\n|-immune|p1a: Arceus\n|\n|upkeep\n|turn|26\n|\n|t:|1771188199\n|move|p1a: Arceus|Gunk Shot|p2a: Rotom\n|-damage|p2a: Rotom|45/229\n|move|p2a: Rotom|Blizzard|p1a: Arceus\n|-supereffective|p1a: Arceus\n|-damage|p1a: Arceus|0 fnt\n|faint|p1a: Arceus\n|\n|upkeep\n|\n|t:|1771188217\n|switch|p1a: Meganium|Meganium, L90, F|198/290\n|turn|27\n|\n|t:|1771188220\n|move|p2a: Rotom|Blizzard|p1a: Meganium\n|-supereffective|p1a: Meganium\n|-damage|p1a: Meganium|0 fnt\n|faint|p1a: Meganium\n|\n|upkeep\n|\n|t:|1771188241\n|switch|p1a: Basculegion|Basculegion-F, L83, F|335/335\n|turn|28\n|\n|t:|1771188247\n|move|p2a: Rotom|Thunderbolt|p1a: Basculegion\n|-supereffective|p1a: Basculegion\n|-damage|p1a: Basculegion|0 fnt\n|faint|p1a: Basculegion\n|\n|upkeep\n|\n|t:|1771188249\n|switch|p1a: Overqwil|Overqwil, L82, M|274/274\n|-ability|p1a: Overqwil|Intimidate|boost\n|-unboost|p2a: Rotom|atk|1\n|turn|29\n|\n|t:|1771188251\n|move|p2a: Rotom|Thunderbolt|p1a: Overqwil\n|-damage|p1a: Overqwil|0 fnt\n|faint|p1a: Overqwil\n|\n|upkeep\n|-message|Dindon Ductile forfeited.\n|\n|win|Magikarpitalism\n|raw|Dindon Ductile's rating: 2077 &rarr; <strong>2057</strong><br />(-20 for losing)\n|raw|Magikarpitalism's rating: 2083 &rarr; <strong>2103</strong><br />(+20 for winning)\n|l|☆Dindon Ductile\n|player|p1|\n", "inputlog": ">version 686819e5e19f8a7fd2345cfc5a08a5085efa2cc3\n>start {\"formatid\":\"gen9randombattle\",\"seed\":\"sodium,30bc57fbb8f190f2c4b9623afe092b14\",\"rated\":\"Rated battle\"}\n>player p1 {\"name\":\"Dindon Ductile\",\"avatar\":\"2\",\"rating\":2077,\"seed\":\"sodium,aa8b84083842c760167c754b6aa759b9\"}\n>player p2 {\"name\":\"Magikarpitalism\",\"avatar\":\"steven\",\"rating\":2083,\"seed\":\"sodium,b0af4c64ea8dfb2745bd67763ca93e8d\"}\n>p1 switch 3\n>p2 move liquidation\n>p1 move wish\n>p2 move knockoff\n>p1 move calmmind\n>p2 move circlethrow\n>p1 switch 3\n>p2 move liquidation\n>p1 move wish\n>p2 move closecombat\n>p1 move protect\n>p2 switch 2\n>p1 switch 4\n>p2 move nastyplot\n>p1 switch 4\n>p2 move blizzard\n>p1 move scald\n>p2 move thunderbolt\n>p1 switch 6\n>p1 move swordsdance\n>p2 move thunderbolt\n>p1 move swordsdance terastallize\n>p2 move thunderbolt\n>p1 move gunkshot\n>p2 switch 5\n>p1 move extremespeed\n>p2 move xscissor\n>p2 switch 4\n>p1 switch 2\n>p2 move doubleedge\n>p1 move shadowball\n>p2 switch 2\n>p1 switch 4\n>p2 move knockoff\n>p1 move leechseed\n>p2 switch 3\n>p1 switch 3\n>p2 switch 3\n>p1 switch 3\n>p2 move liquidation\n>p1 move knockoff\n>p2 move closecombat\n>p1 move synthesis\n>p2 switch 3\n>p1 switch 3\n>p2 move bulkup\n>p1 move moonblast\n>p2 move closecombat\n>p2 switch 5\n>p1 move bodypress\n>p2 move nastyplot terastallize\n>p1 switch 2\n>p2 move thunderbolt\n>p1 move gunkshot\n>p2 move blizzard\n>p1 switch 3\n>p1 move energyball\n>p2 move blizzard\n>p1 switch 4\n>p1 move flipturn\n>p2 move thunderbolt\n>p1 switch 5\n>p1 move crunch\n>p2 move thunderbolt\n>forcelose p1", "uploadtime": 1771188257, "views": 10, "formatid": "gen9randombattle", "rating": 2057, "private": 0, "password": null}