{"id": "gen9randombattle-2539990088", "format": "[Gen 9] Random Battle", "players": ["bilobebi", "wertnerve"], "log": "|j|☆bilobebi\n|j|☆wertnerve\n|t:|1771139588\n|gametype|singles\n|player|p1|bilobebi|red|1575\n|player|p2|wertnerve|cyrus|1583\n|gen|9\n|tier|[Gen 9] Random Battle\n|rated|\n|rule|Species Clause: Limit one of each Pokémon\n|rule|HP Percentage Mod: HP is shown in percentages\n|rule|Sleep Clause Mod: Limit one foe put to sleep\n|rule|Illusion Level Mod: Illusion disguises the Pokémon's true level\n|\n|t:|1771139588\n|teamsize|p1|6\n|teamsize|p2|6\n|start\n|switch|p1a: Regice|Regice, L88|284/284\n|switch|p2a: Breloom|Breloom, L83, F|235/235\n|turn|1\n|inactive|Battle timer is ON: inactive players will automatically lose when time's up. (requested by bilobebi)\n|\n|t:|1771139606\n|switch|p1a: Arbok|Arbok, L87, F|246/246\n|-ability|p1a: Arbok|Intimidate|boost\n|-unboost|p2a: Breloom|atk|1\n|move|p2a: Breloom|Spore|p1a: Arbok\n|-status|p1a: Arbok|slp|[from] move: Spore\n|\n|upkeep\n|turn|2\n|\n|t:|1771139623\n|switch|p2a: Overqwil|Overqwil, L82, M|274/274\n|-ability|p2a: Overqwil|Intimidate|boost\n|-unboost|p1a: Arbok|atk|1\n|cant|p1a: Arbok|slp\n|\n|upkeep\n|turn|3\n|\n|t:|1771139633\n|switch|p1a: Heatran|Heatran, L79, F|273/273\n|-item|p1a: Heatran|Air Balloon\n|move|p2a: Overqwil|Swords Dance|p2a: Overqwil\n|-boost|p2a: Overqwil|atk|2\n|\n|upkeep\n|turn|4\n|\n|t:|1771139641\n|move|p2a: Overqwil|Liquidation|p1a: Heatran\n|-supereffective|p1a: Heatran\n|-damage|p1a: Heatran|0 fnt\n|-enditem|p1a: Heatran|Air Balloon\n|faint|p1a: Heatran\n|-damage|p2a: Overqwil|247/274|[from] item: Life Orb\n|\n|upkeep\n|\n|t:|1771139654\n|switch|p1a: Arbok|Arbok, L87, F|246/246 slp\n|-ability|p1a: Arbok|Intimidate|boost\n|-unboost|p2a: Overqwil|atk|1\n|turn|5\n|\n|t:|1771139671\n|cant|p1a: Arbok|slp\n|move|p2a: Overqwil|Swords Dance|p2a: Overqwil\n|-boost|p2a: Overqwil|atk|2\n|\n|upkeep\n|turn|6\n|\n|t:|1771139682\n|switch|p1a: Wyrdeer|Wyrdeer, L87, F|321/321\n|-ability|p1a: Wyrdeer|Intimidate|boost\n|-unboost|p2a: Overqwil|atk|1\n|move|p2a: Overqwil|Crunch|p1a: Wyrdeer\n|-supereffective|p1a: Wyrdeer\n|-damage|p1a: Wyrdeer|0 fnt\n|faint|p1a: Wyrdeer\n|-damage|p2a: Overqwil|220/274|[from] item: Life Orb\n|\n|upkeep\n|\n|t:|1771139688\n|switch|p1a: Arbok|Arbok, L87, F|246/246 slp\n|-ability|p1a: Arbok|Intimidate|boost\n|-unboost|p2a: Overqwil|atk|1\n|turn|7\n|\n|t:|1771139694\n|cant|p1a: Arbok|slp\n|move|p2a: Overqwil|Crunch|p1a: Arbok\n|-damage|p1a: Arbok|47/246 slp\n|-unboost|p1a: Arbok|def|1\n|-damage|p2a: Overqwil|193/274|[from] item: Life Orb\n|\n|-heal|p1a: Arbok|62/246 slp|[from] item: Leftovers\n|upkeep\n|turn|8\n|\n|t:|1771139700\n|-curestatus|p1a: Arbok|slp|[msg]\n|move|p1a: Arbok|Earthquake|p2a: Overqwil\n|-supereffective|p2a: Overqwil\n|-damage|p2a: Overqwil|57/274\n|move|p2a: Overqwil|Crunch|p1a: Arbok\n|-damage|p1a: Arbok|0 fnt\n|faint|p1a: Arbok\n|-damage|p2a: Overqwil|30/274|[from] item: Life Orb\n|\n|upkeep\n|\n|t:|1771139706\n|switch|p1a: Thundurus|Thundurus, L80, M|258/258\n|turn|9\n|\n|t:|1771139734\n|switch|p2a: Sylveon|Sylveon, L85, F|300/300\n|move|p1a: Thundurus|Thunderbolt|p2a: Sylveon\n|-damage|p2a: Sylveon|227/300\n|\n|-heal|p2a: Sylveon|245/300|[from] item: Leftovers\n|upkeep\n|turn|10\n|\n|t:|1771139740\n|move|p1a: Thundurus|Thunder Wave|p2a: Sylveon\n|-status|p2a: Sylveon|par\n|cant|p2a: Sylveon|par\n|\n|-heal|p2a: Sylveon|263/300 par|[from] item: Leftovers\n|upkeep\n|turn|11\n|\n|t:|1771139746\n|move|p1a: Thundurus|Knock Off|p2a: Sylveon\n|-resisted|p2a: Sylveon\n|-damage|p2a: Sylveon|218/300 par\n|-enditem|p2a: Sylveon|Leftovers|[from] move: Knock Off|[of] p1a: Thundurus\n|move|p2a: Sylveon|Hyper Voice|p1a: Thundurus\n|-damage|p1a: Thundurus|110/258\n|\n|upkeep\n|turn|12\n|\n|t:|1771139759\n|move|p1a: Thundurus|Thunderbolt|p2a: Sylveon\n|-damage|p2a: Sylveon|145/300 par\n|move|p2a: Sylveon|Wish|p2a: Sylveon\n|\n|upkeep\n|turn|13\n|\n|t:|1771139765\n|move|p2a: Sylveon|Protect|p2a: Sylveon\n|-singleturn|p2a: Sylveon|Protect\n|move|p1a: Thundurus|Thunderbolt|p2a: Sylveon\n|-activate|p2a: Sylveon|move: Protect\n|\n|-heal|p2a: Sylveon|295/300 par|[from] move: Wish|[wisher] Sylveon\n|upkeep\n|turn|14\n|\n|t:|1771139770\n|move|p1a: Thundurus|Thunderbolt|p2a: Sylveon\n|-damage|p2a: Sylveon|222/300 par\n|move|p2a: Sylveon|Hyper Voice|p1a: Thundurus\n|-damage|p1a: Thundurus|0 fnt\n|faint|p1a: Thundurus\n|\n|upkeep\n|\n|t:|1771139773\n|switch|p1a: Veluza|Veluza, L85, F|292/292\n|turn|15\n|\n|t:|1771139781\n|switch|p2a: Overqwil|Overqwil, L82, M|30/274\n|-ability|p2a: Overqwil|Intimidate|boost\n|-unboost|p1a: Veluza|atk|1\n|move|p1a: Veluza|Fillet Away|p1a: Veluza\n|-boost|p1a: Veluza|atk|2\n|-boost|p1a: Veluza|spa|2\n|-boost|p1a: Veluza|spe|2\n|-damage|p1a: Veluza|146/292\n|-enditem|p1a: Veluza|Sitrus Berry|[eat]\n|-heal|p1a: Veluza|219/292|[from] item: Sitrus Berry\n|\n|upkeep\n|turn|16\n|\n|t:|1771139790\n|switch|p2a: Ninetales|Ninetales, L85, F|263/263\n|-weather|SunnyDay|[from] ability: Drought|[of] p2a: Ninetales\n|move|p1a: Veluza|Aqua Cutter|p2a: Ninetales\n|-supereffective|p2a: Ninetales\n|-damage|p2a: Ninetales|65/263\n|\n|-weather|SunnyDay|[upkeep]\n|upkeep\n|turn|17\n|\n|t:|1771139803\n|move|p1a: Veluza|Aqua Cutter|p2a: Ninetales\n|-supereffective|p2a: Ninetales\n|-damage|p2a: Ninetales|0 fnt\n|faint|p2a: Ninetales\n|\n|-weather|SunnyDay|[upkeep]\n|upkeep\n|\n|t:|1771139806\n|switch|p2a: Overqwil|Overqwil, L82, M|30/274\n|-ability|p2a: Overqwil|Intimidate|boost\n|-unboost|p1a: Veluza|atk|1\n|turn|18\n|\n|t:|1771139810\n|-terastallize|p1a: Veluza|Water\n|move|p1a: Veluza|Fillet Away|p1a: Veluza\n|-boost|p1a: Veluza|atk|2\n|-boost|p1a: Veluza|spa|2\n|-boost|p1a: Veluza|spe|2\n|-damage|p1a: Veluza|73/292\n|move|p2a: Overqwil|Crunch|p1a: Veluza\n|-damage|p1a: Veluza|0 fnt\n|faint|p1a: Veluza\n|-damage|p2a: Overqwil|3/274|[from] item: Life Orb\n|\n|-weather|SunnyDay|[upkeep]\n|upkeep\n|\n|t:|1771139817\n|switch|p1a: Regice|Regice, L88|284/284\n|turn|19\n|-message|bilobebi forfeited.\n|\n|win|wertnerve\n|raw|bilobebi's rating: 1575 &rarr; <strong>1555</strong><br />(-20 for losing)\n|raw|wertnerve's rating: 1583 &rarr; <strong>1603</strong><br />(+20 for winning)\n|l|☆bilobebi\n|player|p1|\n|c|☆wertnerve|GG\n", "inputlog": ">version 686819e5e19f8a7fd2345cfc5a08a5085efa2cc3\n>start {\"formatid\":\"gen9randombattle\",\"seed\":\"sodium,62ef5c10e117f26713d8b1b21a203905\",\"rated\":\"Rated battle\"}\n>player p1 {\"name\":\"bilobebi\",\"avatar\":\"red\",\"rating\":1575,\"seed\":\"sodium,a79bc5275203ce77dfab0da77b9388cd\"}\n>player p2 {\"name\":\"wertnerve\",\"avatar\":\"cyrus\",\"rating\":1583,\"seed\":\"sodium,4e104f2871b0fd4548e6fded9c103262\"}\n>p1 switch 4\n>p2 move spore\n>p1 move coil\n>p2 switch 3\n>p1 switch 2\n>p2 move swordsdance\n>p1 move stealthrock\n>p2 move liquidation\n>p1 switch 2\n>p1 move coil\n>p2 move swordsdance\n>p1 switch 3\n>p2 move crunch\n>p1 switch 3\n>p1 move coil\n>p2 move crunch\n>p1 move earthquake\n>p2 move crunch\n>p1 switch 5\n>p1 move thunderbolt\n>p2 switch 5\n>p1 move thunderwave\n>p2 move calmmind\n>p1 move knockoff\n>p2 move hypervoice\n>p1 move thunderbolt\n>p2 move wish\n>p1 move thunderbolt\n>p2 move protect\n>p1 move thunderbolt\n>p2 move hypervoice\n>p1 switch 6\n>p1 move filletaway\n>p2 switch 5\n>p1 move aquacutter\n>p2 switch 2\n>p1 move aquacutter\n>p2 move solarbeam\n>p2 switch 2\n>p1 move filletaway terastallize\n>p2 move crunch\n>p1 switch 4\n>forcelose p1", "uploadtime": 1771139834, "views": 17, "formatid": "gen9randombattle", "rating": 1555, "private": 0, "password": null}