{"id": "gen9randombattle-2540218084", "format": "[Gen 9] Random Battle", "players": ["regman123456789", "Soul Gem"], "log": "|j|☆regman123456789\n|j|☆Soul Gem\n|t:|1771177067\n|gametype|singles\n|player|p1|regman123456789|hiker-gen4|1863\n|player|p2|Soul Gem|misty|1815\n|gen|9\n|tier|[Gen 9] Random Battle\n|rated|\n|rule|Species Clause: Limit one of each Pokémon\n|rule|HP Percentage Mod: HP is shown in percentages\n|rule|Sleep Clause Mod: Limit one foe put to sleep\n|rule|Illusion Level Mod: Illusion disguises the Pokémon's true level\n|\n|t:|1771177067\n|teamsize|p1|6\n|teamsize|p2|6\n|start\n|switch|p1a: Munkidori|Munkidori, L79, M|269/269\n|switch|p2a: Latias|Latias, L79, F|256/256\n|turn|1\n|inactive|Battle timer is ON: inactive players will automatically lose when time's up. (requested by regman123456789)\n|inactive|Soul Gem has 120 seconds left.\n|\n|t:|1771177104\n|switch|p2a: Magearna|Magearna-Original, L77|250/250\n|move|p1a: Munkidori|Fake Out|p2a: Magearna\n|-resisted|p2a: Magearna\n|-damage|p2a: Magearna|242/250\n|\n|-heal|p2a: Magearna|250/250|[from] item: Leftovers\n|upkeep\n|turn|2\n|\n|t:|1771177112\n|move|p1a: Munkidori|Psychic Noise|p2a: Magearna\n|-resisted|p2a: Magearna\n|-damage|p2a: Magearna|208/250\n|-start|p2a: Magearna|move: Heal Block\n|move|p2a: Magearna|Thunder Wave|p1a: Munkidori\n|-status|p1a: Munkidori|par\n|\n|upkeep\n|turn|3\n|\n|t:|1771177121\n|move|p2a: Magearna|Flash Cannon|p1a: Munkidori\n|-damage|p1a: Munkidori|209/269 par\n|-unboost|p1a: Munkidori|spd|1\n|move|p1a: Munkidori|U-turn|p2a: Magearna\n|-resisted|p2a: Magearna\n|-damage|p2a: Magearna|200/250\n|\n|t:|1771177126\n|switch|p1a: Sandaconda|Sandaconda, L84, M|258/258|[from] U-turn\n|\n|-end|p2a: Magearna|move: Heal Block\n|upkeep\n|turn|4\n|\n|t:|1771177130\n|switch|p2a: Cacturne|Cacturne, L92, M|278/278\n|move|p1a: Sandaconda|Coil|p1a: Sandaconda\n|-boost|p1a: Sandaconda|atk|1\n|-boost|p1a: Sandaconda|def|1\n|-boost|p1a: Sandaconda|accuracy|1\n|\n|upkeep\n|turn|5\n|\n|t:|1771177134\n|-terastallize|p1a: Sandaconda|Dragon\n|move|p1a: Sandaconda|Coil|p1a: Sandaconda\n|-boost|p1a: Sandaconda|atk|1\n|-boost|p1a: Sandaconda|def|1\n|-boost|p1a: Sandaconda|accuracy|1\n|move|p2a: Cacturne|Seed Bomb|p1a: Sandaconda\n|-resisted|p1a: Sandaconda\n|-damage|p1a: Sandaconda|227/258\n|-damage|p2a: Cacturne|251/278|[from] item: Life Orb\n|\n|upkeep\n|turn|6\n|\n|t:|1771177144\n|switch|p2a: Mimikyu|Mimikyu, L79, M|216/216\n|move|p1a: Sandaconda|Scale Shot|p2a: Mimikyu\n|-immune|p2a: Mimikyu\n|\n|upkeep\n|turn|7\n|\n|t:|1771177150\n|move|p2a: Mimikyu|Swords Dance|p2a: Mimikyu\n|-boost|p2a: Mimikyu|atk|2\n|move|p1a: Sandaconda|Rock Blast|p2a: Mimikyu\n|-activate|p2a: Mimikyu|ability: Disguise\n|-damage|p2a: Mimikyu|216/216\n|detailschange|p2a: Mimikyu|Mimikyu-Busted, L79, M\n|-damage|p2a: Mimikyu|189/216|[from] pokemon: Mimikyu-Busted\n|-damage|p2a: Mimikyu|148/216\n|-damage|p2a: Mimikyu|101/216\n|-damage|p2a: Mimikyu|59/216\n|-hitcount|p2a: Mimikyu|4\n|\n|upkeep\n|turn|8\n|\n|t:|1771177163\n|move|p2a: Mimikyu|Play Rough|p1a: Sandaconda\n|-supereffective|p1a: Sandaconda\n|-damage|p1a: Sandaconda|71/258\n|-damage|p2a: Mimikyu|38/216|[from] item: Life Orb\n|move|p1a: Sandaconda|Rock Blast|p2a: Mimikyu\n|-damage|p2a: Mimikyu|0 fnt\n|faint|p2a: Mimikyu\n|-hitcount|p2: Mimikyu|1\n|\n|upkeep\n|\n|t:|1771177181\n|switch|p2a: Kommo-o|Kommo-o, L78, M|245/245\n|turn|9\n|\n|t:|1771177186\n|move|p2a: Kommo-o|Clanging Scales|p1a: Sandaconda\n|-supereffective|p1a: Sandaconda\n|-damage|p1a: Sandaconda|0 fnt\n|faint|p1a: Sandaconda\n|-unboost|p2a: Kommo-o|def|1\n|-enditem|p2a: Kommo-o|Throat Spray\n|-boost|p2a: Kommo-o|spa|1|[from] item: Throat Spray\n|\n|upkeep\n|\n|t:|1771177189\n|switch|p1a: Dachsbun|Dachsbun, L92, F|254/254\n|turn|10\n|\n|t:|1771177200\n|switch|p2a: Magearna|Magearna-Original, L77|200/250\n|move|p1a: Dachsbun|Play Rough|p2a: Magearna\n|-resisted|p2a: Magearna\n|-damage|p2a: Magearna|159/250\n|\n|-heal|p2a: Magearna|174/250|[from] item: Leftovers\n|upkeep\n|turn|11\n|\n|t:|1771177207\n|switch|p1a: Munkidori|Munkidori, L79, M|209/269 par\n|move|p2a: Magearna|Thunder Wave|p1a: Munkidori\n|-fail|p1a: Munkidori|par\n|\n|-heal|p2a: Magearna|189/250|[from] item: Leftovers\n|upkeep\n|turn|12\n|\n|t:|1771177211\n|move|p2a: Magearna|Flash Cannon|p1a: Munkidori\n|-damage|p1a: Munkidori|151/269 par\n|cant|p1a: Munkidori|par\n|\n|-heal|p2a: Magearna|204/250|[from] item: Leftovers\n|upkeep\n|turn|13\n|\n|t:|1771177215\n|move|p2a: Magearna|Flash Cannon|p1a: Munkidori\n|-damage|p1a: Munkidori|84/269 par\n|cant|p1a: Munkidori|par\n|\n|-heal|p2a: Magearna|219/250|[from] item: Leftovers\n|upkeep\n|turn|14\n|\n|t:|1771177218\n|move|p2a: Magearna|Flash Cannon|p1a: Munkidori\n|-damage|p1a: Munkidori|21/269 par\n|move|p1a: Munkidori|Psychic Noise|p2a: Magearna\n|-resisted|p2a: Magearna\n|-damage|p2a: Magearna|182/250\n|-start|p2a: Magearna|move: Heal Block\n|\n|upkeep\n|turn|15\n|\n|t:|1771177222\n|move|p2a: Magearna|Flash Cannon|p1a: Munkidori\n|-damage|p1a: Munkidori|0 fnt\n|faint|p1a: Munkidori\n|-ability|p2a: Magearna|Soul-Heart|boost\n|-boost|p2a: Magearna|spa|1\n|\n|-end|p2a: Magearna|move: Heal Block\n|upkeep\n|\n|t:|1771177230\n|switch|p1a: Kingdra|Kingdra, L84, F|263/263\n|turn|16\n|\n|t:|1771177235\n|move|p1a: Kingdra|Wave Crash|p2a: Magearna\n|-damage|p2a: Magearna|80/250\n|-damage|p1a: Kingdra|229/263|[from] Recoil\n|move|p2a: Magearna|Fleur Cannon|p1a: Kingdra\n|-supereffective|p1a: Kingdra\n|-damage|p1a: Kingdra|0 fnt\n|-unboost|p2a: Magearna|spa|2\n|faint|p1a: Kingdra\n|-ability|p2a: Magearna|Soul-Heart|boost\n|-boost|p2a: Magearna|spa|1\n|\n|-heal|p2a: Magearna|95/250|[from] item: Leftovers\n|upkeep\n|\n|t:|1771177245\n|switch|p1a: Lapras|Lapras, L87, M|368/368\n|turn|17\n|\n|t:|1771177253\n|move|p1a: Lapras|Sparkling Aria|p2a: Magearna\n|-damage|p2a: Magearna|13/250\n|move|p2a: Magearna|Thunder Wave|p1a: Lapras\n|-status|p1a: Lapras|par\n|\n|-heal|p2a: Magearna|28/250|[from] item: Leftovers\n|upkeep\n|turn|18\n|\n|t:|1771177257\n|move|p2a: Magearna|Volt Switch|p1a: Lapras\n|-supereffective|p1a: Lapras\n|-damage|p1a: Lapras|270/368 par\n|\n|t:|1771177260\n|switch|p2a: Cacturne|Cacturne, L92, M|251/278|[from] Volt Switch\n|move|p1a: Lapras|Rest|p1a: Lapras\n|-status|p1a: Lapras|slp|[from] move: Rest\n|-heal|p1a: Lapras|368/368 slp|[silent]\n|\n|upkeep\n|turn|19\n|\n|t:|1771177265\n|cant|p1a: Lapras|slp\n|move|p1a: Lapras|Sleep Talk|p1a: Lapras\n|move|p1a: Lapras|Freeze-Dry|p2a: Cacturne|[from] move: Sleep Talk\n|-supereffective|p2a: Cacturne\n|-damage|p2a: Cacturne|83/278\n|move|p2a: Cacturne|Seed Bomb|p1a: Lapras\n|-supereffective|p1a: Lapras\n|-damage|p1a: Lapras|64/368 slp\n|-damage|p2a: Cacturne|56/278|[from] item: Life Orb\n|\n|upkeep\n|turn|20\n|\n|t:|1771177270\n|move|p2a: Cacturne|Drain Punch|p1a: Lapras\n|-supereffective|p1a: Lapras\n|-damage|p1a: Lapras|0 fnt\n|-heal|p2a: Cacturne|88/278|[from] drain|[of] p1a: Lapras\n|faint|p1a: Lapras\n|-damage|p2a: Cacturne|61/278|[from] item: Life Orb\n|\n|upkeep\n|\n|t:|1771177275\n|switch|p1a: Malamar|Malamar, L82, F|275/275\n|turn|21\n|\n|t:|1771177288\n|switch|p2a: Kricketune|Kricketune, L99, F|312/312\n|move|p1a: Malamar|Superpower|p2a: Kricketune\n|-resisted|p2a: Kricketune\n|-damage|p2a: Kricketune|260/312\n|-boost|p1a: Malamar|atk|1\n|-boost|p1a: Malamar|def|1\n|\n|upkeep\n|turn|22\n|\n|t:|1771177298\n|switch|p1a: Dachsbun|Dachsbun, L92, F|254/254\n|move|p2a: Kricketune|Knock Off|p1a: Dachsbun\n|-resisted|p1a: Dachsbun\n|-damage|p1a: Dachsbun|223/254\n|-enditem|p1a: Dachsbun|Leftovers|[from] move: Knock Off|[of] p2a: Kricketune\n|\n|upkeep\n|turn|23\n|\n|t:|1771177305\n|switch|p2a: Cacturne|Cacturne, L92, M|61/278\n|move|p1a: Dachsbun|Play Rough|p2a: Cacturne\n|-supereffective|p2a: Cacturne\n|-damage|p2a: Cacturne|0 fnt\n|faint|p2a: Cacturne\n|\n|upkeep\n|\n|t:|1771177314\n|switch|p2a: Kommo-o|Kommo-o, L78, M|245/245\n|turn|24\n|\n|t:|1771177319\n|-terastallize|p2a: Kommo-o|Steel\n|move|p1a: Dachsbun|Play Rough|p2a: Kommo-o\n|-resisted|p2a: Kommo-o\n|-damage|p2a: Kommo-o|206/245\n|move|p2a: Kommo-o|Clangorous Soul|p2a: Kommo-o\n|-boost|p2a: Kommo-o|atk|1\n|-boost|p2a: Kommo-o|def|1\n|-boost|p2a: Kommo-o|spa|1\n|-boost|p2a: Kommo-o|spd|1\n|-boost|p2a: Kommo-o|spe|1\n|-damage|p2a: Kommo-o|126/245\n|\n|upkeep\n|turn|25\n|\n|t:|1771177327\n|move|p2a: Kommo-o|Iron Head|p1a: Dachsbun\n|-supereffective|p1a: Dachsbun\n|-damage|p1a: Dachsbun|53/254\n|cant|p1a: Dachsbun|flinch\n|\n|upkeep\n|turn|26\n|\n|t:|1771177332\n|move|p2a: Kommo-o|Iron Head|p1a: Dachsbun\n|-supereffective|p1a: Dachsbun\n|-damage|p1a: Dachsbun|0 fnt\n|faint|p1a: Dachsbun\n|\n|upkeep\n|\n|t:|1771177334\n|switch|p1a: Malamar|Malamar, L82, F|275/275\n|turn|27\n|\n|t:|1771177346\n|move|p2a: Kommo-o|Close Combat|p1a: Malamar\n|-damage|p1a: Malamar|98/275\n|-unboost|p2a: Kommo-o|def|1\n|-unboost|p2a: Kommo-o|spd|1\n|move|p1a: Malamar|Superpower|p2a: Kommo-o\n|-supereffective|p2a: Kommo-o\n|-damage|p2a: Kommo-o|0 fnt\n|-boost|p1a: Malamar|atk|1\n|-boost|p1a: Malamar|def|1\n|faint|p2a: Kommo-o\n|\n|upkeep\n|\n|t:|1771177350\n|switch|p2a: Kricketune|Kricketune, L99, F|260/312\n|turn|28\n|\n|t:|1771177352\n|move|p2a: Kricketune|Pounce|p1a: Malamar\n|-supereffective|p1a: Malamar\n|-damage|p1a: Malamar|0 fnt\n|faint|p1a: Malamar\n|\n|win|Soul Gem\n|raw|regman123456789's rating: 1863 &rarr; <strong>1840</strong><br />(-23 for losing)\n|raw|Soul Gem's rating: 1815 &rarr; <strong>1838</strong><br />(+23 for winning)\n|l|☆regman123456789\n|player|p1|\n", "inputlog": ">version 686819e5e19f8a7fd2345cfc5a08a5085efa2cc3\n>start {\"formatid\":\"gen9randombattle\",\"seed\":\"sodium,837b52e9d1a3f5bb2e7646496c1127f6\",\"rated\":\"Rated battle\"}\n>player p1 {\"name\":\"regman123456789\",\"avatar\":\"hiker-gen4\",\"rating\":1863,\"seed\":\"sodium,b8ba01c4f42cd030451b73a7953cd943\"}\n>player p2 {\"name\":\"Soul Gem\",\"avatar\":\"misty\",\"rating\":1815,\"seed\":\"sodium,0d62d10feea4b103837c9758a58e735d\"}\n>p1 move fakeout\n>p2 switch 4\n>p1 move psychicnoise\n>p2 move thunderwave\n>p1 move uturn\n>p2 move flashcannon\n>p1 switch 6\n>p1 move coil\n>p2 switch 2\n>p1 move coil terastallize\n>p2 move seedbomb\n>p1 move scaleshot\n>p2 switch 6\n>p1 move rockblast\n>p2 move swordsdance\n>p1 move rockblast\n>p2 move playrough\n>p2 switch 5\n>p1 move scaleshot\n>p2 move clangingscales\n>p1 switch 3\n>p1 move playrough\n>p2 switch 2\n>p1 switch 6\n>p2 move thunderwave\n>p1 move psychicnoise\n>p2 move flashcannon\n>p1 move psychicnoise\n>p2 move flashcannon\n>p1 move psychicnoise\n>p2 move flashcannon\n>p1 move uturn\n>p2 move flashcannon\n>p1 switch 5\n>p1 move wavecrash\n>p2 move fleurcannon\n>p1 switch 4\n>p1 move sparklingaria\n>p2 move thunderwave\n>p1 move rest\n>p2 move voltswitch\n>p2 switch 6\n>p1 move sleeptalk\n>p2 move seedbomb\n>p1 move sleeptalk\n>p2 move drainpunch\n>p1 switch 2\n>p1 move superpower\n>p2 switch 3\n>p1 switch 6\n>p2 move knockoff\n>p1 move playrough\n>p2 switch 3\n>p2 switch 2\n>p1 move playrough\n>p2 move clangoroussoul terastallize\n>p1 move yawn\n>p2 move ironhead\n>p1 move yawn\n>p2 move ironhead\n>p1 switch 6\n>p1 move superpower\n>p2 move closecombat\n>p2 switch 3\n>p1 move rest\n>p2 move pounce", "uploadtime": 1771177357, "views": 12, "formatid": "gen9randombattle", "rating": 1838, "private": 0, "password": null}