{"id": "gen9randombattle-2540930273", "format": "[Gen 9] Random Battle", "players": ["Sir David", "Luffel"], "log": "|j|☆Sir David\n|j|☆Luffel\n|t:|1771268216\n|gametype|singles\n|player|p1|Sir David|blackbelt-gen4dp|1511\n|player|p2|Luffel|2|1535\n|gen|9\n|tier|[Gen 9] Random Battle\n|rated|\n|rule|Species Clause: Limit one of each Pokémon\n|rule|HP Percentage Mod: HP is shown in percentages\n|rule|Sleep Clause Mod: Limit one foe put to sleep\n|rule|Illusion Level Mod: Illusion disguises the Pokémon's true level\n|\n|t:|1771268216\n|teamsize|p1|6\n|teamsize|p2|6\n|start\n|switch|p1a: Dondozo|Dondozo, L78, F|362/362\n|switch|p2a: Blaziken|Blaziken, L76, M|247/247\n|turn|1\n|\n|t:|1771268228\n|switch|p2a: Umbreon|Umbreon, L84, M|297/297\n|move|p1a: Dondozo|Wave Crash|p2a: Umbreon\n|-damage|p2a: Umbreon|209/297\n|-damage|p1a: Dondozo|333/362|[from] Recoil\n|\n|-heal|p2a: Umbreon|227/297|[from] item: Leftovers\n|-heal|p1a: Dondozo|355/362|[from] item: Leftovers\n|upkeep\n|turn|2\n|\n|t:|1771268242\n|move|p2a: Umbreon|Toxic|p1a: Dondozo\n|-status|p1a: Dondozo|tox\n|move|p1a: Dondozo|Curse|p1a: Dondozo\n|-unboost|p1a: Dondozo|spe|1\n|-boost|p1a: Dondozo|atk|1\n|-boost|p1a: Dondozo|def|1\n|\n|-heal|p2a: Umbreon|245/297|[from] item: Leftovers\n|-heal|p1a: Dondozo|362/362 tox|[from] item: Leftovers\n|-damage|p1a: Dondozo|340/362 tox|[from] psn\n|upkeep\n|turn|3\n|\n|t:|1771268253\n|move|p2a: Umbreon|Foul Play|p1a: Dondozo\n|-damage|p1a: Dondozo|286/362 tox\n|move|p1a: Dondozo|Wave Crash|p2a: Umbreon\n|-damage|p2a: Umbreon|100/297\n|-damage|p1a: Dondozo|238/362 tox|[from] Recoil\n|\n|-heal|p2a: Umbreon|118/297|[from] item: Leftovers\n|-heal|p1a: Dondozo|260/362 tox|[from] item: Leftovers\n|-damage|p1a: Dondozo|216/362 tox|[from] psn\n|upkeep\n|turn|4\n|\n|t:|1771268264\n|move|p2a: Umbreon|Protect|p2a: Umbreon\n|-singleturn|p2a: Umbreon|Protect\n|move|p1a: Dondozo|Rest|p1a: Dondozo\n|-status|p1a: Dondozo|slp|[from] move: Rest\n|-heal|p1a: Dondozo|362/362 slp|[silent]\n|\n|-heal|p2a: Umbreon|136/297|[from] item: Leftovers\n|upkeep\n|turn|5\n|\n|t:|1771268273\n|move|p2a: Umbreon|Wish|p2a: Umbreon\n|cant|p1a: Dondozo|slp\n|move|p1a: Dondozo|Sleep Talk|p1a: Dondozo\n|move|p1a: Dondozo|Rest||[from] move: Sleep Talk|[still]\n|-fail|p1a: Dondozo\n|\n|-heal|p2a: Umbreon|154/297|[from] item: Leftovers\n|upkeep\n|turn|6\n|\n|t:|1771268283\n|move|p2a: Umbreon|Protect|p2a: Umbreon\n|-singleturn|p2a: Umbreon|Protect\n|cant|p1a: Dondozo|slp\n|move|p1a: Dondozo|Sleep Talk|p1a: Dondozo\n|move|p1a: Dondozo|Rest||[from] move: Sleep Talk|[still]\n|-fail|p1a: Dondozo\n|\n|-heal|p2a: Umbreon|297/297|[from] move: Wish|[wisher] Umbreon\n|upkeep\n|turn|7\n|inactive|Battle timer is ON: inactive players will automatically lose when time's up. (requested by Sir David)\n|\n|t:|1771268299\n|switch|p2a: Serperior|Serperior, L79, M|248/248\n|-curestatus|p1a: Dondozo|slp|[msg]\n|move|p1a: Dondozo|Curse|p1a: Dondozo\n|-unboost|p1a: Dondozo|spe|1\n|-boost|p1a: Dondozo|atk|1\n|-boost|p1a: Dondozo|def|1\n|\n|upkeep\n|turn|8\n|\n|t:|1771268310\n|switch|p1a: Greedent|Greedent, L86, M|347/347\n|move|p2a: Serperior|Leech Seed|p1a: Greedent\n|-start|p1a: Greedent|move: Leech Seed\n|\n|-damage|p1a: Greedent|304/347|[from] Leech Seed|[of] p2a: Serperior\n|upkeep\n|turn|9\n|\n|t:|1771268322\n|move|p2a: Serperior|Substitute|p2a: Serperior\n|-start|p2a: Serperior|Substitute\n|-damage|p2a: Serperior|186/248\n|move|p1a: Greedent|Knock Off|p2a: Serperior\n|-end|p2a: Serperior|Substitute\n|\n|-heal|p2a: Serperior|201/248|[from] item: Leftovers\n|-damage|p1a: Greedent|261/347|[from] Leech Seed|[of] p2a: Serperior\n|-heal|p2a: Serperior|244/248|[silent]\n|upkeep\n|turn|10\n|\n|t:|1771268339\n|switch|p1a: Arcanine|Arcanine-Hisui, L79, F|279/279\n|move|p2a: Serperior|Leaf Storm|p1a: Arcanine\n|-damage|p1a: Arcanine|170/279\n|-boost|p2a: Serperior|spa|2\n|\n|-heal|p2a: Serperior|248/248|[from] item: Leftovers\n|upkeep\n|turn|11\n|\n|t:|1771268349\n|move|p1a: Arcanine|Flare Blitz|p2a: Serperior\n|-supereffective|p2a: Serperior\n|-damage|p2a: Serperior|0 fnt\n|faint|p2a: Serperior\n|\n|upkeep\n|inactive|Luffel has 120 seconds left.\n|\n|t:|1771268379\n|switch|p2a: Blaziken|Blaziken, L76, M|247/247\n|turn|12\n|\n|t:|1771268387\n|switch|p1a: Slowbro|Slowbro, L85, F|300/300\n|move|p2a: Blaziken|Swords Dance|p2a: Blaziken\n|-boost|p2a: Blaziken|atk|2\n|\n|-ability|p2a: Blaziken|Speed Boost|boost\n|-boost|p2a: Blaziken|spe|1\n|upkeep\n|turn|13\n|\n|t:|1771268399\n|move|p2a: Blaziken|Stone Edge|p1a: Slowbro\n|-damage|p1a: Slowbro|148/300\n|-damage|p2a: Blaziken|223/247|[from] item: Life Orb\n|move|p1a: Slowbro|Scald|p2a: Blaziken\n|-supereffective|p2a: Blaziken\n|-damage|p2a: Blaziken|0 fnt\n|faint|p2a: Blaziken\n|\n|upkeep\n|\n|t:|1771268406\n|switch|p2a: Scrafty|Scrafty, L84, F|246/246\n|turn|14\n|\n|t:|1771268416\n|switch|p1a: Sandy Shocks|Sandy Shocks, L80|267/267\n|move|p2a: Scrafty|Bulk Up|p2a: Scrafty\n|-boost|p2a: Scrafty|atk|1\n|-boost|p2a: Scrafty|def|1\n|\n|upkeep\n|turn|15\n|\n|t:|1771268423\n|move|p1a: Sandy Shocks|Thunder Wave|p2a: Scrafty\n|-status|p2a: Scrafty|par\n|move|p2a: Scrafty|Bulk Up|p2a: Scrafty\n|-boost|p2a: Scrafty|atk|1\n|-boost|p2a: Scrafty|def|1\n|\n|upkeep\n|turn|16\n|\n|t:|1771268433\n|move|p1a: Sandy Shocks|Earth Power|p2a: Scrafty\n|-damage|p2a: Scrafty|167/246 par\n|move|p2a: Scrafty|Bulk Up|p2a: Scrafty\n|-boost|p2a: Scrafty|atk|1\n|-boost|p2a: Scrafty|def|1\n|\n|-heal|p2a: Scrafty|182/246 par|[from] item: Leftovers\n|upkeep\n|turn|17\n|\n|t:|1771268446\n|move|p1a: Sandy Shocks|Volt Switch|p2a: Scrafty\n|-damage|p2a: Scrafty|118/246 par\n|\n|t:|1771268450\n|-end|p1a: Sandy Shocks|Protosynthesis|[silent]\n|switch|p1a: Dondozo|Dondozo, L78, F|362/362|[from] Volt Switch\n|cant|p2a: Scrafty|par\n|\n|-heal|p2a: Scrafty|133/246 par|[from] item: Leftovers\n|upkeep\n|turn|18\n|\n|t:|1771268459\n|move|p1a: Dondozo|Wave Crash|p2a: Scrafty\n|-damage|p2a: Scrafty|45/246 par\n|-damage|p1a: Dondozo|333/362|[from] Recoil\n|move|p2a: Scrafty|Rest|p2a: Scrafty\n|-status|p2a: Scrafty|slp|[from] move: Rest\n|-heal|p2a: Scrafty|246/246 slp|[silent]\n|\n|-heal|p1a: Dondozo|355/362|[from] item: Leftovers\n|upkeep\n|turn|19\n|\n|t:|1771268470\n|cant|p2a: Scrafty|slp\n|move|p1a: Dondozo|Curse|p1a: Dondozo\n|-unboost|p1a: Dondozo|spe|1\n|-boost|p1a: Dondozo|atk|1\n|-boost|p1a: Dondozo|def|1\n|\n|-heal|p1a: Dondozo|362/362|[from] item: Leftovers\n|upkeep\n|turn|20\n|\n|t:|1771268479\n|cant|p2a: Scrafty|slp\n|move|p1a: Dondozo|Wave Crash|p2a: Scrafty\n|-damage|p2a: Scrafty|108/246 slp\n|-damage|p1a: Dondozo|316/362|[from] Recoil\n|\n|-heal|p2a: Scrafty|123/246 slp|[from] item: Leftovers\n|-heal|p1a: Dondozo|338/362|[from] item: Leftovers\n|upkeep\n|turn|21\n|\n|t:|1771268488\n|-curestatus|p2a: Scrafty|slp|[msg]\n|move|p2a: Scrafty|Drain Punch|p1a: Dondozo\n|-damage|p1a: Dondozo|289/362\n|-heal|p2a: Scrafty|148/246|[from] drain|[of] p1a: Dondozo\n|move|p1a: Dondozo|Wave Crash|p2a: Scrafty\n|-damage|p2a: Scrafty|15/246\n|-damage|p1a: Dondozo|245/362|[from] Recoil\n|\n|-heal|p2a: Scrafty|30/246|[from] item: Leftovers\n|-heal|p1a: Dondozo|267/362|[from] item: Leftovers\n|upkeep\n|turn|22\n|\n|t:|1771268501\n|move|p2a: Scrafty|Knock Off|p1a: Dondozo\n|-damage|p1a: Dondozo|213/362\n|-enditem|p1a: Dondozo|Leftovers|[from] move: Knock Off|[of] p2a: Scrafty\n|move|p1a: Dondozo|Curse|p1a: Dondozo\n|-unboost|p1a: Dondozo|spe|1\n|-boost|p1a: Dondozo|atk|1\n|-boost|p1a: Dondozo|def|1\n|\n|-heal|p2a: Scrafty|45/246|[from] item: Leftovers\n|upkeep\n|turn|23\n|l|☆Sir David\n|inactive|Sir David disconnected and has a minute to reconnect!\n|player|p1|\n|j|☆Sir David\n|inactive|Sir David reconnected and has 120 seconds left.\n|player|p1|Sir David|blackbelt-gen4dp|\n|\n|t:|1771268540\n|move|p2a: Scrafty|Rest|p2a: Scrafty\n|-status|p2a: Scrafty|slp|[from] move: Rest\n|-heal|p2a: Scrafty|246/246 slp|[silent]\n|move|p1a: Dondozo|Wave Crash|p2a: Scrafty\n|-damage|p2a: Scrafty|72/246 slp\n|-damage|p1a: Dondozo|156/362|[from] Recoil\n|\n|-activate|p2a: Scrafty|ability: Shed Skin\n|-curestatus|p2a: Scrafty|slp|[msg]\n|-heal|p2a: Scrafty|87/246|[from] item: Leftovers\n|upkeep\n|turn|24\n|inactive|Sir David has 120 seconds left.\n|\n|t:|1771268553\n|move|p2a: Scrafty|Drain Punch|p1a: Dondozo\n|-damage|p1a: Dondozo|120/362\n|-heal|p2a: Scrafty|105/246|[from] drain|[of] p1a: Dondozo\n|move|p1a: Dondozo|Rest|p1a: Dondozo\n|-status|p1a: Dondozo|slp|[from] move: Rest\n|-heal|p1a: Dondozo|362/362 slp|[silent]\n|\n|-heal|p2a: Scrafty|120/246|[from] item: Leftovers\n|upkeep\n|turn|25\n|inactive|Sir David has 120 seconds left.\n|\n|t:|1771268565\n|move|p2a: Scrafty|Bulk Up|p2a: Scrafty\n|-boost|p2a: Scrafty|atk|1\n|-boost|p2a: Scrafty|def|1\n|cant|p1a: Dondozo|slp\n|move|p1a: Dondozo|Sleep Talk|p1a: Dondozo\n|move|p1a: Dondozo|Rest||[from] move: Sleep Talk|[still]\n|-fail|p1a: Dondozo\n|\n|-heal|p2a: Scrafty|135/246|[from] item: Leftovers\n|upkeep\n|turn|26\n|inactive|Sir David has 120 seconds left.\n|l|☆Sir David\n|inactive|Sir David disconnected and has a minute to reconnect!\n|player|p1|\n|j|☆Sir David\n|inactive|Sir David reconnected and has 100 seconds left.\n|player|p1|Sir David|blackbelt-gen4dp|\n|\n|t:|1771268597\n|move|p2a: Scrafty|Bulk Up|p2a: Scrafty\n|-boost|p2a: Scrafty|atk|1\n|-boost|p2a: Scrafty|def|1\n|cant|p1a: Dondozo|slp\n|move|p1a: Dondozo|Sleep Talk|p1a: Dondozo\n|move|p1a: Dondozo|Rest||[from] move: Sleep Talk|[still]\n|-fail|p1a: Dondozo\n|\n|-heal|p2a: Scrafty|150/246|[from] item: Leftovers\n|upkeep\n|turn|27\n|\n|t:|1771268609\n|move|p2a: Scrafty|Drain Punch|p1a: Dondozo\n|-damage|p1a: Dondozo|331/362 slp\n|-heal|p2a: Scrafty|166/246|[from] drain|[of] p1a: Dondozo\n|-curestatus|p1a: Dondozo|slp|[msg]\n|move|p1a: Dondozo|Sleep Talk||[still]\n|-fail|p1a: Dondozo\n|\n|-heal|p2a: Scrafty|181/246|[from] item: Leftovers\n|upkeep\n|turn|28\n|\n|t:|1771268619\n|move|p2a: Scrafty|Drain Punch|p1a: Dondozo\n|-damage|p1a: Dondozo|295/362\n|-heal|p2a: Scrafty|199/246|[from] drain|[of] p1a: Dondozo\n|move|p1a: Dondozo|Wave Crash|p2a: Scrafty\n|-damage|p2a: Scrafty|30/246\n|-damage|p1a: Dondozo|239/362|[from] Recoil\n|\n|-heal|p2a: Scrafty|45/246|[from] item: Leftovers\n|upkeep\n|turn|29\n|\n|t:|1771268630\n|move|p2a: Scrafty|Drain Punch|p1a: Dondozo\n|-damage|p1a: Dondozo|203/362\n|-heal|p2a: Scrafty|63/246|[from] drain|[of] p1a: Dondozo\n|move|p1a: Dondozo|Wave Crash|p2a: Scrafty\n|-damage|p2a: Scrafty|0 fnt\n|faint|p2a: Scrafty\n|-damage|p1a: Dondozo|182/362|[from] Recoil\n|\n|upkeep\n|\n|t:|1771268637\n|switch|p2a: Palkia|Palkia-Origin, L72|249/249\n|-ability|p2a: Palkia|Pressure\n|turn|30\n|\n|t:|1771268652\n|move|p2a: Palkia|Spacial Rend|p1a: Dondozo\n|-damage|p1a: Dondozo|0 fnt\n|faint|p1a: Dondozo\n|\n|upkeep\n|\n|t:|1771268659\n|switch|p1a: Sandy Shocks|Sandy Shocks, L80|267/267\n|turn|31\n|\n|t:|1771268675\n|move|p2a: Palkia|Hydro Pump|p1a: Sandy Shocks\n|-supereffective|p1a: Sandy Shocks\n|-damage|p1a: Sandy Shocks|0 fnt\n|faint|p1a: Sandy Shocks\n|-end|p1a: Sandy Shocks|Protosynthesis|[silent]\n|\n|upkeep\n|\n|t:|1771268683\n|switch|p1a: Greedent|Greedent, L86, M|261/347\n|turn|32\n|\n|t:|1771268691\n|move|p2a: Palkia|Fire Blast|p1a: Greedent\n|-damage|p1a: Greedent|164/347\n|-enditem|p1a: Greedent|Sitrus Berry|[eat]\n|-heal|p1a: Greedent|250/347|[from] item: Sitrus Berry\n|-heal|p1a: Greedent|347/347|[from] ability: Cheek Pouch\n|move|p1a: Greedent|Swords Dance|p1a: Greedent\n|-boost|p1a: Greedent|atk|2\n|\n|upkeep\n|turn|33\n|inactive|Sir David has 120 seconds left.\n|\n|t:|1771268701\n|move|p2a: Palkia|Thunder Wave|p1a: Greedent\n|-status|p1a: Greedent|par\n|cant|p1a: Greedent|par\n|\n|upkeep\n|turn|34\n|\n|t:|1771268714\n|move|p2a: Palkia|Spacial Rend|p1a: Greedent\n|-damage|p1a: Greedent|205/347 par\n|move|p1a: Greedent|Body Slam|p2a: Palkia\n|-damage|p2a: Palkia|66/249\n|\n|upkeep\n|turn|35\n|\n|t:|1771268724\n|move|p2a: Palkia|Spacial Rend|p1a: Greedent\n|-damage|p1a: Greedent|60/347 par\n|move|p1a: Greedent|Knock Off|p2a: Palkia\n|-damage|p2a: Palkia|0 fnt\n|faint|p2a: Palkia\n|\n|upkeep\n|\n|t:|1771268726\n|switch|p2a: Registeel|Registeel, L81|262/262\n|turn|36\n|\n|t:|1771268733\n|move|p2a: Registeel|Iron Defense|p2a: Registeel\n|-boost|p2a: Registeel|def|2\n|move|p1a: Greedent|Earthquake|p2a: Registeel\n|-supereffective|p2a: Registeel\n|-damage|p2a: Registeel|158/262\n|\n|-heal|p2a: Registeel|174/262|[from] item: Leftovers\n|upkeep\n|turn|37\n|\n|t:|1771268744\n|move|p2a: Registeel|Body Press|p1a: Greedent\n|-supereffective|p1a: Greedent\n|-damage|p1a: Greedent|0 fnt\n|faint|p1a: Greedent\n|\n|-heal|p2a: Registeel|190/262|[from] item: Leftovers\n|upkeep\n|\n|t:|1771268752\n|switch|p1a: Arcanine|Arcanine-Hisui, L79, F|170/279\n|turn|38\n|\n|t:|1771268759\n|-terastallize|p2a: Registeel|Fighting\n|move|p1a: Arcanine|Flare Blitz|p2a: Registeel\n|-damage|p2a: Registeel|145/262\n|move|p2a: Registeel|Body Press|p1a: Arcanine\n|-supereffective|p1a: Arcanine\n|-damage|p1a: Arcanine|0 fnt\n|faint|p1a: Arcanine\n|\n|-heal|p2a: Registeel|161/262|[from] item: Leftovers\n|upkeep\n|\n|t:|1771268770\n|switch|p1a: Slowbro|Slowbro, L85, F|248/300\n|turn|39\n|\n|t:|1771268776\n|move|p2a: Registeel|Iron Head|p1a: Slowbro\n|-resisted|p1a: Slowbro\n|-damage|p1a: Slowbro|221/300\n|-damage|p2a: Registeel|118/262|[from] item: Rocky Helmet|[of] p1a: Slowbro\n|cant|p1a: Slowbro|flinch\n|\n|-heal|p2a: Registeel|134/262|[from] item: Leftovers\n|upkeep\n|turn|40\n|\n|t:|1771268785\n|move|p2a: Registeel|Body Press|p1a: Slowbro\n|-resisted|p1a: Slowbro\n|-damage|p1a: Slowbro|130/300\n|-damage|p2a: Registeel|91/262|[from] item: Rocky Helmet|[of] p1a: Slowbro\n|move|p1a: Slowbro|Scald|p2a: Registeel\n|-damage|p2a: Registeel|31/262\n|\n|-heal|p2a: Registeel|47/262|[from] item: Leftovers\n|upkeep\n|turn|41\n|\n|t:|1771268796\n|move|p2a: Registeel|Body Press|p1a: Slowbro\n|-resisted|p1a: Slowbro\n|-damage|p1a: Slowbro|43/300\n|-damage|p2a: Registeel|4/262|[from] item: Rocky Helmet|[of] p1a: Slowbro\n|move|p1a: Slowbro|Scald|p2a: Registeel\n|-damage|p2a: Registeel|0 fnt\n|faint|p2a: Registeel\n|\n|upkeep\n|\n|t:|1771268799\n|switch|p2a: Umbreon|Umbreon, L84, M|297/297\n|turn|42\n|\n|t:|1771268809\n|move|p2a: Umbreon|Foul Play|p1a: Slowbro\n|-supereffective|p1a: Slowbro\n|-damage|p1a: Slowbro|0 fnt\n|-damage|p2a: Umbreon|248/297|[from] item: Rocky Helmet|[of] p1a: Slowbro\n|faint|p1a: Slowbro\n|\n|-heal|p2a: Umbreon|266/297|[from] item: Leftovers\n|upkeep\n|\n|t:|1771268820\n|switch|p1a: Rillaboom|Rillaboom, L79, M|288/288\n|-fieldstart|move: Grassy Terrain|[from] ability: Grassy Surge|[of] p1a: Rillaboom\n|turn|43\n|\n|t:|1771268826\n|-terastallize|p1a: Rillaboom|Grass\n|move|p1a: Rillaboom|Wood Hammer|p2a: Umbreon\n|-damage|p2a: Umbreon|0 fnt\n|faint|p2a: Umbreon\n|-damage|p1a: Rillaboom|200/288|[from] Recoil\n|\n|win|Sir David\n|raw|Sir David's rating: 1511 &rarr; <strong>1532</strong><br />(+21 for winning)\n|raw|Luffel's rating: 1535 &rarr; <strong>1514</strong><br />(-21 for losing)\n|l|☆Luffel\n|player|p2|\n|l|☆Sir David\n|player|p1|\n|j|☆Sir David\n|player|p1|Sir David|blackbelt-gen4dp|\n|l|☆Sir David\n|player|p1|\n|j|☆Sir David\n|player|p1|Sir David|blackbelt-gen4dp|\n", "inputlog": ">version 686819e5e19f8a7fd2345cfc5a08a5085efa2cc3\n>start {\"formatid\":\"gen9randombattle\",\"seed\":\"sodium,607d85332654aa3025a7d008ca085c20\",\"rated\":\"Rated battle\"}\n>player p1 {\"name\":\"Sir David\",\"avatar\":\"blackbelt-gen4dp\",\"rating\":1511,\"seed\":\"sodium,d2b2dbc632c1df4e7924685cf192fc6f\"}\n>player p2 {\"name\":\"Luffel\",\"avatar\":\"2\",\"rating\":1535,\"seed\":\"sodium,8da74ed7f582f634956bda3a9ba9e0b0\"}\n>p1 move wavecrash\n>p2 switch 3\n>p1 move curse\n>p2 move toxic\n>p1 move wavecrash\n>p2 move foulplay\n>p1 move rest\n>p2 move protect\n>p1 move sleeptalk\n>p2 move wish\n>p1 move sleeptalk\n>p2 move protect\n>p1 move curse\n>p2 switch 4\n>p1 switch 4\n>p2 move leechseed\n>p1 move knockoff\n>p2 move substitute\n>p1 switch 5\n>p2 move leafstorm\n>p1 move flareblitz\n>p2 move leafstorm\n>p2 switch 3\n>p1 switch 3\n>p2 move swordsdance\n>p1 move scald\n>p2 move stoneedge\n>p2 switch 2\n>p1 switch 6\n>p2 move bulkup\n>p1 move thunderwave\n>p2 move bulkup\n>p1 move earthpower\n>p2 move bulkup\n>p1 move voltswitch\n>p2 move drainpunch\n>p1 switch 4\n>p1 move wavecrash\n>p2 move rest\n>p1 move curse\n>p2 move drainpunch\n>p1 move wavecrash\n>p2 move drainpunch\n>p1 move wavecrash\n>p2 move drainpunch\n>p1 move curse\n>p2 move knockoff\n>p1 move wavecrash\n>p2 move rest\n>p1 move rest\n>p2 move drainpunch\n>p1 move sleeptalk\n>p2 move bulkup\n>p1 move sleeptalk\n>p2 move bulkup\n>p1 move sleeptalk\n>p2 move drainpunch\n>p1 move wavecrash\n>p2 move drainpunch\n>p1 move wavecrash\n>p2 move drainpunch\n>p2 switch 5\n>p1 move rest\n>p2 move spacialrend\n>p1 switch 4\n>p1 move thunderwave\n>p2 move hydropump\n>p1 switch 5\n>p1 move swordsdance\n>p2 move fireblast\n>p1 move bodyslam\n>p2 move thunderwave\n>p1 move bodyslam\n>p2 move spacialrend\n>p1 move knockoff\n>p2 move spacialrend\n>p2 switch 6\n>p1 move earthquake\n>p2 move irondefense\n>p1 move earthquake\n>p2 move bodypress\n>p1 switch 3\n>p1 move flareblitz\n>p2 move bodypress terastallize\n>p1 switch 6\n>p1 move scald\n>p2 move ironhead\n>p1 move scald\n>p2 move bodypress\n>p1 move scald\n>p2 move bodypress\n>p2 switch 4\n>p1 move slackoff\n>p2 move foulplay\n>p1 switch 2\n>p1 move woodhammer terastallize\n>p2 move toxic", "uploadtime": 1771269401, "views": 1, "formatid": "gen9randombattle", "rating": 1514, "private": 0, "password": null}