{"id": "gen9randombattle-2540441276", "format": "[Gen 9] Random Battle", "players": ["Diesel Boy + Kaos", "Dragon Knight Char"], "log": "|j|☆Diesel Boy + Kaos\n|j|☆Dragon Knight Char\n|t:|1771202415\n|gametype|singles\n|player|p1|Diesel Boy + Kaos|lucas|1815\n|player|p2|Dragon Knight Char|ethan|1794\n|gen|9\n|tier|[Gen 9] Random Battle\n|rated|\n|rule|Species Clause: Limit one of each Pokémon\n|rule|HP Percentage Mod: HP is shown in percentages\n|rule|Sleep Clause Mod: Limit one foe put to sleep\n|rule|Illusion Level Mod: Illusion disguises the Pokémon's true level\n|\n|t:|1771202415\n|teamsize|p1|6\n|teamsize|p2|6\n|start\n|switch|p1a: Kingambit|Kingambit, L74, F|270/270\n|switch|p2a: Revavroom|Revavroom, L79, M|256/256\n|turn|1\n|c|☆Dragon Knight Char|beep beep\n|\n|t:|1771202435\n|-end|p1a: Kingambit|fallenundefined|[silent]\n|switch|p1a: Piloswine|Piloswine, L85, F|309/309\n|move|p2a: Revavroom|Shift Gear|p2a: Revavroom\n|-boost|p2a: Revavroom|spe|2\n|-boost|p2a: Revavroom|atk|1\n|\n|upkeep\n|turn|2\n|\n|t:|1771202444\n|move|p2a: Revavroom|Iron Head|p1a: Piloswine\n|-supereffective|p1a: Piloswine\n|-damage|p1a: Piloswine|83/309\n|-damage|p2a: Revavroom|231/256|[from] item: Life Orb\n|move|p1a: Piloswine|Roar|p2a: Revavroom\n|drag|p2a: Crawdaunt|Crawdaunt, L84, F|243/243\n|\n|upkeep\n|turn|3\n|\n|t:|1771202453\n|move|p2a: Crawdaunt|Crabhammer|p1a: Piloswine\n|-supereffective|p1a: Piloswine\n|-crit|p1a: Piloswine\n|-damage|p1a: Piloswine|0 fnt\n|faint|p1a: Piloswine\n|-damage|p2a: Crawdaunt|219/243|[from] item: Life Orb\n|\n|upkeep\n|\n|t:|1771202461\n|switch|p1a: Pincurchin|Pincurchin, F|258/258\n|-fieldstart|move: Electric Terrain|[from] ability: Electric Surge|[of] p1a: Pincurchin\n|turn|4\n|c|☆Dragon Knight Char|livin like larry\n|\n|t:|1771202468\n|switch|p2a: Dugtrio|Dugtrio-Alola, L84, F|196/196\n|move|p1a: Pincurchin|Curse|p1a: Pincurchin\n|-unboost|p1a: Pincurchin|spe|1\n|-boost|p1a: Pincurchin|atk|1\n|-boost|p1a: Pincurchin|def|1\n|\n|upkeep\n|turn|5\n|\n|t:|1771202475\n|move|p2a: Dugtrio|Earthquake|p1a: Pincurchin\n|-supereffective|p1a: Pincurchin\n|-damage|p1a: Pincurchin|118/258\n|-damage|p2a: Dugtrio|177/196|[from] item: Life Orb\n|move|p1a: Pincurchin|Liquidation|p2a: Dugtrio\n|-supereffective|p2a: Dugtrio\n|-damage|p2a: Dugtrio|0 fnt\n|-ability|p2a: Dugtrio|Tangling Hair\n|-unboost|p1a: Pincurchin|spe|1\n|faint|p2a: Dugtrio\n|\n|-heal|p1a: Pincurchin|134/258|[from] item: Leftovers\n|upkeep\n|\n|t:|1771202482\n|switch|p2a: Rotom|Rotom-Frost, L87|229/229\n|turn|6\n|\n|t:|1771202492\n|move|p2a: Rotom|Will-O-Wisp|p1a: Pincurchin\n|-status|p1a: Pincurchin|brn\n|move|p1a: Pincurchin|Recover|p1a: Pincurchin\n|-heal|p1a: Pincurchin|258/258 brn\n|\n|-damage|p1a: Pincurchin|242/258 brn|[from] brn\n|upkeep\n|turn|7\n|\n|t:|1771202501\n|move|p2a: Rotom|Blizzard|p1a: Pincurchin|[miss]\n|-miss|p2a: Rotom|p1a: Pincurchin\n|move|p1a: Pincurchin|Curse|p1a: Pincurchin\n|-unboost|p1a: Pincurchin|spe|1\n|-boost|p1a: Pincurchin|atk|1\n|-boost|p1a: Pincurchin|def|1\n|\n|-heal|p1a: Pincurchin|258/258 brn|[from] item: Leftovers\n|-damage|p1a: Pincurchin|242/258 brn|[from] brn\n|upkeep\n|turn|8\n|c|☆Dragon Knight Char|doh i missed\n|\n|t:|1771202512\n|move|p2a: Rotom|Blizzard|p1a: Pincurchin\n|-damage|p1a: Pincurchin|127/258 brn\n|move|p1a: Pincurchin|Curse|p1a: Pincurchin\n|-unboost|p1a: Pincurchin|spe|1\n|-boost|p1a: Pincurchin|atk|1\n|-boost|p1a: Pincurchin|def|1\n|\n|-heal|p1a: Pincurchin|143/258 brn|[from] item: Leftovers\n|-damage|p1a: Pincurchin|127/258 brn|[from] brn\n|-fieldend|move: Electric Terrain\n|upkeep\n|turn|9\n|\n|t:|1771202551\n|move|p2a: Rotom|Blizzard|p1a: Pincurchin\n|-damage|p1a: Pincurchin|9/258 brn\n|move|p1a: Pincurchin|Liquidation|p2a: Rotom\n|-damage|p2a: Rotom|134/229\n|\n|-heal|p1a: Pincurchin|25/258 brn|[from] item: Leftovers\n|-damage|p1a: Pincurchin|9/258 brn|[from] brn\n|upkeep\n|turn|10\n|\n|t:|1771202562\n|move|p2a: Rotom|Volt Switch|p1a: Pincurchin\n|-resisted|p1a: Pincurchin\n|-damage|p1a: Pincurchin|0 fnt\n|faint|p1a: Pincurchin\n|\n|t:|1771202565\n|switch|p2a: Revavroom|Revavroom, L79, M|231/256|[from] Volt Switch\n|\n|upkeep\n|\n|t:|1771202572\n|switch|p1a: Squawkabilly|Squawkabilly, L85, F|278/278\n|turn|11\n|\n|t:|1771202583\n|move|p1a: Squawkabilly|Brave Bird|p2a: Revavroom\n|-resisted|p2a: Revavroom\n|-damage|p2a: Revavroom|168/256\n|-damage|p1a: Squawkabilly|257/278|[from] Recoil\n|move|p2a: Revavroom|Shift Gear|p2a: Revavroom\n|-boost|p2a: Revavroom|spe|2\n|-boost|p2a: Revavroom|atk|1\n|\n|-status|p1a: Squawkabilly|brn|[from] item: Flame Orb\n|upkeep\n|turn|12\n|\n|t:|1771202595\n|move|p2a: Revavroom|Iron Head|p1a: Squawkabilly\n|-damage|p1a: Squawkabilly|14/278 brn\n|-damage|p2a: Revavroom|143/256|[from] item: Life Orb\n|move|p1a: Squawkabilly|Facade|p2a: Revavroom\n|-resisted|p2a: Revavroom\n|-damage|p2a: Revavroom|30/256\n|\n|-damage|p1a: Squawkabilly|0 fnt|[from] brn\n|faint|p1a: Squawkabilly\n|upkeep\n|\n|t:|1771202609\n|switch|p1a: Kingambit|Kingambit, L74, F|270/270\n|-activate|p1a: Kingambit|ability: Supreme Overlord\n|-start|p1a: Kingambit|fallen3|[silent]\n|turn|13\n|\n|t:|1771202617\n|move|p2a: Revavroom|High Horsepower|p1a: Kingambit\n|-supereffective|p1a: Kingambit\n|-damage|p1a: Kingambit|44/270\n|-damage|p2a: Revavroom|5/256|[from] item: Life Orb\n|move|p1a: Kingambit|Kowtow Cleave|p2a: Revavroom\n|-damage|p2a: Revavroom|0 fnt\n|faint|p2a: Revavroom\n|\n|-heal|p1a: Kingambit|60/270|[from] item: Leftovers\n|upkeep\n|\n|t:|1771202621\n|switch|p2a: Rotom|Rotom-Frost, L87|134/229\n|turn|14\n|\n|t:|1771202636\n|move|p2a: Rotom|Will-O-Wisp|p1a: Kingambit\n|-status|p1a: Kingambit|brn\n|move|p1a: Kingambit|Iron Head|p2a: Rotom\n|-crit|p2a: Rotom\n|-damage|p2a: Rotom|68/229\n|\n|-heal|p1a: Kingambit|76/270 brn|[from] item: Leftovers\n|-damage|p1a: Kingambit|60/270 brn|[from] brn\n|upkeep\n|turn|15\n|\n|t:|1771202646\n|move|p1a: Kingambit|Sucker Punch|p2a: Rotom\n|-damage|p2a: Rotom|29/229\n|move|p2a: Rotom|Volt Switch|p1a: Kingambit\n|-damage|p1a: Kingambit|0 fnt\n|faint|p1a: Kingambit\n|-end|p1a: Kingambit|fallen3|[silent]\n|\n|t:|1771202651\n|switch|p2a: Braviary|Braviary, L85, M|309/309|[from] Volt Switch\n|\n|upkeep\n|\n|t:|1771202656\n|switch|p1a: Scream Tail|Scream Tail, L84|330/330\n|turn|16\n|\n|t:|1771202674\n|move|p1a: Scream Tail|Thunder Wave|p2a: Braviary\n|-status|p2a: Braviary|par\n|move|p2a: Braviary|Brave Bird|p1a: Scream Tail\n|-damage|p1a: Scream Tail|189/330\n|-damage|p2a: Braviary|262/309 par|[from] Recoil\n|\n|-heal|p1a: Scream Tail|209/330|[from] item: Leftovers\n|upkeep\n|turn|17\n|\n|t:|1771202685\n|move|p1a: Scream Tail|Dazzling Gleam|p2a: Braviary\n|-damage|p2a: Braviary|192/309 par\n|cant|p2a: Braviary|par\n|\n|-heal|p1a: Scream Tail|229/330|[from] item: Leftovers\n|upkeep\n|turn|18\n|\n|t:|1771202693\n|move|p1a: Scream Tail|Wish|p1a: Scream Tail\n|move|p2a: Braviary|Brave Bird|p1a: Scream Tail\n|-damage|p1a: Scream Tail|96/330\n|-damage|p2a: Braviary|148/309 par|[from] Recoil\n|\n|-heal|p1a: Scream Tail|116/330|[from] item: Leftovers\n|upkeep\n|turn|19\n|\n|t:|1771202703\n|move|p1a: Scream Tail|Protect|p1a: Scream Tail\n|-singleturn|p1a: Scream Tail|Protect\n|move|p2a: Braviary|Roost|p2a: Braviary\n|-heal|p2a: Braviary|303/309 par\n|-singleturn|p2a: Braviary|move: Roost\n|\n|-heal|p1a: Scream Tail|281/330|[from] move: Wish|[wisher] Scream Tail\n|-heal|p1a: Scream Tail|301/330|[from] item: Leftovers\n|upkeep\n|turn|20\n|\n|t:|1771202714\n|move|p1a: Scream Tail|Dazzling Gleam|p2a: Braviary\n|-damage|p2a: Braviary|236/309 par\n|cant|p2a: Braviary|par\n|\n|-heal|p1a: Scream Tail|321/330|[from] item: Leftovers\n|upkeep\n|turn|21\n|c|☆Dragon Knight Char|oh thank god it's not the encore set\n|\n|t:|1771202726\n|move|p1a: Scream Tail|Dazzling Gleam|p2a: Braviary\n|-damage|p2a: Braviary|164/309 par\n|cant|p2a: Braviary|par\n|\n|-heal|p1a: Scream Tail|330/330|[from] item: Leftovers\n|upkeep\n|turn|22\n|\n|t:|1771202734\n|move|p1a: Scream Tail|Dazzling Gleam|p2a: Braviary\n|-damage|p2a: Braviary|97/309 par\n|move|p2a: Braviary|Roost|p2a: Braviary\n|-heal|p2a: Braviary|252/309 par\n|-singleturn|p2a: Braviary|move: Roost\n|\n|upkeep\n|turn|23\n|\n|t:|1771202742\n|move|p1a: Scream Tail|Dazzling Gleam|p2a: Braviary\n|-damage|p2a: Braviary|185/309 par\n|move|p2a: Braviary|Bulk Up|p2a: Braviary\n|-boost|p2a: Braviary|atk|1\n|-boost|p2a: Braviary|def|1\n|\n|upkeep\n|turn|24\n|\n|t:|1771202750\n|move|p1a: Scream Tail|Dazzling Gleam|p2a: Braviary\n|-damage|p2a: Braviary|113/309 par\n|cant|p2a: Braviary|par\n|\n|upkeep\n|turn|25\n|\n|t:|1771202756\n|move|p1a: Scream Tail|Dazzling Gleam|p2a: Braviary\n|-damage|p2a: Braviary|49/309 par\n|move|p2a: Braviary|Roost|p2a: Braviary\n|-heal|p2a: Braviary|204/309 par\n|-singleturn|p2a: Braviary|move: Roost\n|\n|upkeep\n|turn|26\n|\n|t:|1771202763\n|move|p1a: Scream Tail|Dazzling Gleam|p2a: Braviary\n|-damage|p2a: Braviary|137/309 par\n|move|p2a: Braviary|Roost|p2a: Braviary\n|-heal|p2a: Braviary|292/309 par\n|-singleturn|p2a: Braviary|move: Roost\n|\n|upkeep\n|turn|27\n|\n|t:|1771202771\n|move|p1a: Scream Tail|Dazzling Gleam|p2a: Braviary\n|-damage|p2a: Braviary|228/309 par\n|move|p2a: Braviary|Brave Bird|p1a: Scream Tail\n|-damage|p1a: Scream Tail|110/330\n|-damage|p2a: Braviary|155/309 par|[from] Recoil\n|\n|-heal|p1a: Scream Tail|130/330|[from] item: Leftovers\n|upkeep\n|turn|28\n|\n|t:|1771202781\n|move|p1a: Scream Tail|Dazzling Gleam|p2a: Braviary\n|-damage|p2a: Braviary|82/309 par\n|move|p2a: Braviary|Brave Bird|p1a: Scream Tail\n|-damage|p1a: Scream Tail|0 fnt\n|faint|p1a: Scream Tail\n|-end|p1a: Scream Tail|Protosynthesis|[silent]\n|-damage|p2a: Braviary|39/309 par|[from] Recoil\n|\n|upkeep\n|\n|t:|1771202789\n|switch|p1a: Rabsca|Rabsca, L91, F|284/284\n|turn|29\n|\n|t:|1771202794\n|move|p1a: Rabsca|Revival Blessing|p1a: Rabsca\n|\n|t:|1771202797\n|-heal|p1: Kingambit|135/270|[from] move: Revival Blessing\n|move|p2a: Braviary|Brave Bird|p1a: Rabsca\n|-supereffective|p1a: Rabsca\n|-damage|p1a: Rabsca|0 fnt\n|faint|p1a: Rabsca\n|-damage|p2a: Braviary|0 fnt|[from] Recoil\n|faint|p2a: Braviary\n|\n|upkeep\n|\n|t:|1771202807\n|switch|p2a: Rotom|Rotom-Frost, L87|29/229\n|switch|p1a: Kingambit|Kingambit, L74, F|135/270\n|-activate|p1a: Kingambit|ability: Supreme Overlord\n|-start|p1a: Kingambit|fallen5|[silent]\n|turn|30\n|\n|t:|1771202816\n|move|p2a: Rotom|Will-O-Wisp|p1a: Kingambit\n|-status|p1a: Kingambit|brn\n|move|p1a: Kingambit|Swords Dance|p1a: Kingambit\n|-boost|p1a: Kingambit|atk|2\n|\n|-heal|p1a: Kingambit|151/270 brn|[from] item: Leftovers\n|-damage|p1a: Kingambit|135/270 brn|[from] brn\n|upkeep\n|turn|31\n|\n|t:|1771202827\n|move|p2a: Rotom|Thunderbolt|p1a: Kingambit\n|-damage|p1a: Kingambit|14/270 brn\n|move|p1a: Kingambit|Kowtow Cleave|p2a: Rotom\n|-damage|p2a: Rotom|0 fnt\n|faint|p2a: Rotom\n|\n|-heal|p1a: Kingambit|30/270 brn|[from] item: Leftovers\n|-damage|p1a: Kingambit|14/270 brn|[from] brn\n|upkeep\n|\n|t:|1771202831\n|switch|p2a: Crawdaunt|Crawdaunt, L84, F|219/243\n|turn|32\n|c|☆Dragon Knight Char|jee jee\n|\n|t:|1771202841\n|-terastallize|p1a: Kingambit|Dark\n|move|p2a: Crawdaunt|Aqua Jet|p1a: Kingambit\n|-damage|p1a: Kingambit|0 fnt\n|faint|p1a: Kingambit\n|-end|p1a: Kingambit|fallen5|[silent]\n|-damage|p2a: Crawdaunt|195/243|[from] item: Life Orb\n|\n|win|Dragon Knight Char\n|raw|Diesel Boy + Kaos's rating: 1815 &rarr; <strong>1794</strong><br />(-21 for losing)\n|raw|Dragon Knight Char's rating: 1794 &rarr; <strong>1815</strong><br />(+21 for winning)\n|l|☆Diesel Boy + Kaos\n|player|p1|\n", "inputlog": ">version 686819e5e19f8a7fd2345cfc5a08a5085efa2cc3\n>start {\"formatid\":\"gen9randombattle\",\"seed\":\"sodium,9da38d9188605cbbfb0d9feebab1fd09\",\"rated\":\"Rated battle\"}\n>player p1 {\"name\":\"Diesel Boy + Kaos\",\"avatar\":\"lucas\",\"rating\":1815,\"seed\":\"sodium,c4e4e463528bbfa2ff85dfaba0d5ed70\"}\n>player p2 {\"name\":\"Dragon Knight Char\",\"avatar\":\"ethan\",\"rating\":1794,\"seed\":\"sodium,3467d635183b42bccf4141aa075e358b\"}\n>chat ☆Dragon Knight Char|beep beep\n>p1 switch 4\n>p2 move shiftgear\n>p1 move roar\n>p2 move ironhead\n>p1 move stealthrock\n>p2 move crabhammer\n>p1 switch 6\n>chat ☆Dragon Knight Char|livin like larry\n>p1 move curse\n>p2 switch 2\n>p1 move liquidation\n>p2 move earthquake\n>p2 switch 3\n>p1 move recover\n>p2 move willowisp\n>p1 move curse\n>p2 move blizzard\n>chat ☆Dragon Knight Char|doh i missed\n>p1 move curse\n>p2 move blizzard\n>p1 move liquidation\n>p2 move blizzard\n>p1 move recover\n>p2 move voltswitch\n>p2 switch 4\n>p1 switch 2\n>p1 move bravebird\n>p2 move shiftgear\n>p1 move facade\n>p2 move ironhead\n>p1 switch 4\n>p1 move kowtowcleave\n>p2 move highhorsepower\n>p2 switch 4\n>p1 move ironhead\n>p2 move willowisp\n>p1 move suckerpunch\n>p2 move voltswitch\n>p2 switch 5\n>p1 switch 3\n>p1 move thunderwave\n>p2 move bravebird\n>p1 move dazzlinggleam\n>p2 move bravebird\n>p1 move wish\n>p2 move bravebird\n>p1 move protect\n>p2 move roost\n>p1 move dazzlinggleam\n>p2 move bulkup\n>chat ☆Dragon Knight Char|oh thank god it's not the encore set\n>p1 move dazzlinggleam\n>p2 move bulkup\n>p1 move dazzlinggleam\n>p2 move roost\n>p1 move dazzlinggleam\n>p2 move bulkup\n>p1 move dazzlinggleam\n>p2 move roost\n>p1 move dazzlinggleam\n>p2 move roost\n>p1 move dazzlinggleam\n>p2 move roost\n>p1 move dazzlinggleam\n>p2 move bravebird\n>p1 move dazzlinggleam\n>p2 move bravebird\n>p1 switch 5\n>p1 move revivalblessing\n>p2 move bravebird\n>p1 switch 3\n>p1 switch 3\n>p2 switch 5\n>p1 move swordsdance\n>p2 move willowisp\n>p1 move kowtowcleave\n>p2 move thunderbolt\n>p2 switch 2\n>chat ☆Dragon Knight Char|jee jee\n>p1 move suckerpunch terastallize\n>p2 move aquajet", "uploadtime": 1771202849, "views": 13, "formatid": "gen9randombattle", "rating": 1794, "private": 0, "password": null}