{"id": "gen9randombattle-2540522222", "format": "[Gen 9] Random Battle", "players": ["youngbot", "poweroutage273"], "log": "|j|☆youngbot\n|j|☆poweroutage273\n|t:|1771212657\n|gametype|singles\n|player|p1|youngbot|dawn|2144\n|player|p2|poweroutage273|malva|2156\n|gen|9\n|tier|[Gen 9] Random Battle\n|rated|\n|rule|Species Clause: Limit one of each Pokémon\n|rule|HP Percentage Mod: HP is shown in percentages\n|rule|Sleep Clause Mod: Limit one foe put to sleep\n|rule|Illusion Level Mod: Illusion disguises the Pokémon's true level\n|\n|t:|1771212657\n|teamsize|p1|6\n|teamsize|p2|6\n|start\n|switch|p1a: Slowbro|Slowbro-Galar, L87, F|307/307\n|switch|p2a: Cloyster|Cloyster, L80, F|211/211\n|turn|1\n|inactive|Battle timer is ON: inactive players will automatically lose when time's up. (requested by youngbot)\n|\n|t:|1771212667\n|switch|p2a: Incineroar|Incineroar, L82, M|290/290\n|-ability|p2a: Incineroar|Intimidate|boost\n|-unboost|p1a: Slowbro|atk|1\n|move|p1a: Slowbro|Shell Side Arm|p2a: Incineroar|[anim] Shell Side Arm Special\n|-damage|p2a: Incineroar|179/290\n|-hint|Special Shell Side Arm\n|\n|upkeep\n|turn|2\n|\n|t:|1771212676\n|switch|p1a: Politoed|Politoed, L88, F|302/302\n|-weather|RainDance|[from] ability: Drizzle|[of] p1a: Politoed\n|move|p2a: Incineroar|Knock Off|p1a: Politoed\n|-damage|p1a: Politoed|179/302\n|-enditem|p1a: Politoed|Choice Specs|[from] move: Knock Off|[of] p2a: Incineroar\n|\n|-weather|RainDance|[upkeep]\n|upkeep\n|turn|3\n|\n|t:|1771212683\n|switch|p2a: Ludicolo|Ludicolo, L90, M|290/290\n|move|p1a: Politoed|Weather Ball|p2a: Ludicolo\n|-resisted|p2a: Ludicolo\n|-damage|p2a: Ludicolo|257/290\n|\n|-weather|RainDance|[upkeep]\n|upkeep\n|turn|4\n|\n|t:|1771212689\n|switch|p1a: Slowbro|Slowbro-Galar, L87, F|307/307\n|move|p2a: Ludicolo|Giga Drain|p1a: Slowbro\n|-resisted|p1a: Slowbro\n|-damage|p1a: Slowbro|233/307\n|-heal|p2a: Ludicolo|290/290|[from] drain|[of] p1a: Slowbro\n|\n|-weather|RainDance|[upkeep]\n|-heal|p1a: Slowbro|252/307|[from] item: Leftovers\n|upkeep\n|turn|5\n|\n|t:|1771212696\n|switch|p2a: Reuniclus|Reuniclus, L88, F|337/337\n|switch|p1a: Amoonguss|Amoonguss, L82, M|321/321\n|\n|-weather|RainDance|[upkeep]\n|upkeep\n|turn|6\n|\n|t:|1771212699\n|move|p2a: Reuniclus|Psyshock|p1a: Amoonguss\n|-supereffective|p1a: Amoonguss\n|-damage|p1a: Amoonguss|0 fnt\n|faint|p1a: Amoonguss\n|\n|-weather|none\n|upkeep\n|\n|t:|1771212710\n|switch|p1a: Ursaluna|Ursaluna-Bloodmoon, L79, M|308/308\n|turn|7\n|\n|t:|1771212713\n|move|p1a: Ursaluna|Calm Mind|p1a: Ursaluna\n|-boost|p1a: Ursaluna|spa|1\n|-boost|p1a: Ursaluna|spd|1\n|move|p2a: Reuniclus|Calm Mind|p2a: Reuniclus\n|-boost|p2a: Reuniclus|spa|1\n|-boost|p2a: Reuniclus|spd|1\n|\n|upkeep\n|turn|8\n|\n|t:|1771212717\n|move|p1a: Ursaluna|Blood Moon|p2a: Reuniclus\n|-damage|p2a: Reuniclus|162/337\n|move|p2a: Reuniclus|Calm Mind|p2a: Reuniclus\n|-boost|p2a: Reuniclus|spa|1\n|-boost|p2a: Reuniclus|spd|1\n|\n|upkeep\n|turn|9\n|\n|t:|1771212722\n|move|p1a: Ursaluna|Calm Mind|p1a: Ursaluna\n|-boost|p1a: Ursaluna|spa|1\n|-boost|p1a: Ursaluna|spd|1\n|move|p2a: Reuniclus|Recover|p2a: Reuniclus\n|-heal|p2a: Reuniclus|331/337\n|\n|upkeep\n|turn|10\n|\n|t:|1771212725\n|move|p1a: Ursaluna|Blood Moon|p2a: Reuniclus\n|-damage|p2a: Reuniclus|171/337\n|move|p2a: Reuniclus|Calm Mind|p2a: Reuniclus\n|-boost|p2a: Reuniclus|spa|1\n|-boost|p2a: Reuniclus|spd|1\n|\n|upkeep\n|turn|11\n|\n|t:|1771212729\n|move|p1a: Ursaluna|Calm Mind|p1a: Ursaluna\n|-boost|p1a: Ursaluna|spa|1\n|-boost|p1a: Ursaluna|spd|1\n|move|p2a: Reuniclus|Recover|p2a: Reuniclus\n|-heal|p2a: Reuniclus|337/337\n|\n|upkeep\n|turn|12\n|\n|t:|1771212732\n|move|p1a: Ursaluna|Blood Moon|p2a: Reuniclus\n|-damage|p2a: Reuniclus|159/337\n|move|p2a: Reuniclus|Calm Mind|p2a: Reuniclus\n|-boost|p2a: Reuniclus|spa|1\n|-boost|p2a: Reuniclus|spd|1\n|\n|upkeep\n|turn|13\n|\n|t:|1771212738\n|move|p1a: Ursaluna|Calm Mind|p1a: Ursaluna\n|-boost|p1a: Ursaluna|spa|1\n|-boost|p1a: Ursaluna|spd|1\n|move|p2a: Reuniclus|Recover|p2a: Reuniclus\n|-heal|p2a: Reuniclus|328/337\n|\n|upkeep\n|turn|14\n|\n|t:|1771212740\n|move|p1a: Ursaluna|Blood Moon|p2a: Reuniclus\n|-damage|p2a: Reuniclus|151/337\n|move|p2a: Reuniclus|Psyshock|p1a: Ursaluna\n|-damage|p1a: Ursaluna|0 fnt\n|faint|p1a: Ursaluna\n|\n|upkeep\n|\n|t:|1771212749\n|switch|p1a: Terrakion|Terrakion, L79|273/273\n|turn|15\n|\n|t:|1771212765\n|-terastallize|p2a: Reuniclus|Steel\n|move|p1a: Terrakion|Stone Edge|p2a: Reuniclus\n|-resisted|p2a: Reuniclus\n|-damage|p2a: Reuniclus|70/337\n|-damage|p1a: Terrakion|246/273|[from] item: Life Orb\n|move|p2a: Reuniclus|Psyshock|p1a: Terrakion\n|-supereffective|p1a: Terrakion\n|-damage|p1a: Terrakion|0 fnt\n|faint|p1a: Terrakion\n|\n|upkeep\n|\n|t:|1771212769\n|switch|p1a: Gyarados|Gyarados, L79, M|280/280\n|-ability|p1a: Gyarados|Intimidate|boost\n|-unboost|p2a: Reuniclus|atk|1\n|turn|16\n|\n|t:|1771212775\n|switch|p2a: Incineroar|Incineroar, L82, M|179/290\n|-ability|p2a: Incineroar|Intimidate|boost\n|-unboost|p1a: Gyarados|atk|1\n|move|p1a: Gyarados|Earthquake|p2a: Incineroar\n|-supereffective|p2a: Incineroar\n|-damage|p2a: Incineroar|71/290\n|\n|upkeep\n|turn|17\n|\n|t:|1771212786\n|switch|p2a: Cloyster|Cloyster, L80, F|211/211\n|move|p1a: Gyarados|Earthquake|p2a: Cloyster\n|-damage|p2a: Cloyster|182/211\n|\n|upkeep\n|turn|18\n|\n|t:|1771212792\n|switch|p1a: Slowbro|Slowbro-Galar, L87, F|307/307\n|move|p2a: Cloyster|Shell Smash|p2a: Cloyster\n|-unboost|p2a: Cloyster|def|1\n|-unboost|p2a: Cloyster|spd|1\n|-boost|p2a: Cloyster|atk|2\n|-boost|p2a: Cloyster|spa|2\n|-boost|p2a: Cloyster|spe|2\n|-enditem|p2a: Cloyster|White Herb\n|-clearnegativeboost|p2a: Cloyster|[silent]\n|\n|upkeep\n|turn|19\n|\n|t:|1771212796\n|move|p2a: Cloyster|Icicle Spear|p1a: Slowbro\n|-damage|p1a: Slowbro|264/307\n|-damage|p1a: Slowbro|222/307\n|-damage|p1a: Slowbro|177/307\n|-damage|p1a: Slowbro|134/307\n|-damage|p1a: Slowbro|89/307\n|-hitcount|p1a: Slowbro|5\n|move|p1a: Slowbro|Shell Side Arm|p2a: Cloyster|[anim] Shell Side Arm Special\n|-damage|p2a: Cloyster|17/211\n|-hint|Special Shell Side Arm\n|\n|-heal|p1a: Slowbro|108/307|[from] item: Leftovers\n|upkeep\n|turn|20\n|\n|t:|1771212812\n|move|p2a: Cloyster|Icicle Spear|p1a: Slowbro\n|-damage|p1a: Slowbro|66/307\n|-damage|p1a: Slowbro|21/307\n|-damage|p1a: Slowbro|0 fnt\n|faint|p1a: Slowbro\n|-hitcount|p1: Slowbro|3\n|\n|upkeep\n|\n|t:|1771212815\n|switch|p1a: Gyarados|Gyarados, L79, M|280/280\n|-ability|p1a: Gyarados|Intimidate|boost\n|-unboost|p2a: Cloyster|atk|1\n|turn|21\n|\n|t:|1771212821\n|-terastallize|p1a: Gyarados|Ground\n|move|p2a: Cloyster|Rock Blast|p1a: Gyarados\n|-resisted|p1a: Gyarados\n|-damage|p1a: Gyarados|266/280\n|-resisted|p1a: Gyarados\n|-damage|p1a: Gyarados|252/280\n|-resisted|p1a: Gyarados\n|-damage|p1a: Gyarados|238/280\n|-resisted|p1a: Gyarados\n|-damage|p1a: Gyarados|224/280\n|-resisted|p1a: Gyarados\n|-damage|p1a: Gyarados|210/280\n|-hitcount|p1a: Gyarados|5\n|move|p1a: Gyarados|Waterfall|p2a: Cloyster\n|-resisted|p2a: Cloyster\n|-damage|p2a: Cloyster|0 fnt\n|faint|p2a: Cloyster\n|\n|upkeep\n|\n|t:|1771212832\n|switch|p2a: Incineroar|Incineroar, L82, M|71/290\n|-ability|p2a: Incineroar|Intimidate|boost\n|-unboost|p1a: Gyarados|atk|1\n|turn|22\n|\n|t:|1771212834\n|switch|p1a: Politoed|Politoed, L88, F|179/302\n|-weather|RainDance|[from] ability: Drizzle|[of] p1a: Politoed\n|move|p2a: Incineroar|Will-O-Wisp|p1a: Politoed|[miss]\n|-miss|p2a: Incineroar|p1a: Politoed\n|\n|-weather|RainDance|[upkeep]\n|upkeep\n|turn|23\n|\n|t:|1771212839\n|move|p1a: Politoed|Focus Blast|p2a: Incineroar\n|-supereffective|p2a: Incineroar\n|-damage|p2a: Incineroar|0 fnt\n|faint|p2a: Incineroar\n|\n|-weather|RainDance|[upkeep]\n|upkeep\n|\n|t:|1771212840\n|switch|p2a: Ludicolo|Ludicolo, L90, M|290/290\n|turn|24\n|\n|t:|1771212844\n|move|p2a: Ludicolo|Giga Drain|p1a: Politoed\n|-supereffective|p1a: Politoed\n|-damage|p1a: Politoed|0 fnt\n|faint|p1a: Politoed\n|\n|-weather|RainDance|[upkeep]\n|upkeep\n|\n|t:|1771212846\n|switch|p1a: Gyarados|Gyarados, L79, M, tera:Ground|210/280\n|-ability|p1a: Gyarados|Intimidate|boost\n|-unboost|p2a: Ludicolo|atk|1\n|turn|25\n|\n|t:|1771212848\n|move|p2a: Ludicolo|Giga Drain|p1a: Gyarados\n|-supereffective|p1a: Gyarados\n|-damage|p1a: Gyarados|0 fnt\n|faint|p1a: Gyarados\n|\n|win|poweroutage273\n|raw|youngbot's rating: 2144 &rarr; <strong>2125</strong><br />(-19 for losing)\n|raw|poweroutage273's rating: 2156 &rarr; <strong>2175</strong><br />(+19 for winning)\n|l|☆youngbot\n|player|p1|\n|c|☆poweroutage273|ggs\n", "inputlog": ">version 686819e5e19f8a7fd2345cfc5a08a5085efa2cc3\n>start {\"formatid\":\"gen9randombattle\",\"seed\":\"sodium,5b3ea463028cb44c5220236bc6177aa6\",\"rated\":\"Rated battle\"}\n>player p1 {\"name\":\"youngbot\",\"avatar\":\"dawn\",\"rating\":2144,\"seed\":\"sodium,c0d86f414b237f95beeaba27f151266e\"}\n>player p2 {\"name\":\"poweroutage273\",\"avatar\":\"malva\",\"rating\":2156,\"seed\":\"sodium,015f5f638381e8b59a75d3aed31de03c\"}\n>p1 move shellsidearm\n>p2 switch 2\n>p1 switch 3\n>p2 move knockoff\n>p1 move weatherball\n>p2 switch 4\n>p1 switch 3\n>p2 move gigadrain\n>p1 switch 4\n>p2 switch 6\n>p1 move spore\n>p2 move psyshock\n>p1 switch 2\n>p1 move calmmind\n>p2 move calmmind\n>p1 move bloodmoon\n>p2 move calmmind\n>p1 move calmmind\n>p2 move recover\n>p1 move bloodmoon\n>p2 move calmmind\n>p1 move calmmind\n>p2 move recover\n>p1 move bloodmoon\n>p2 move calmmind\n>p1 move calmmind\n>p2 move recover\n>p1 move bloodmoon\n>p2 move psyshock\n>p1 switch 5\n>p1 move stoneedge\n>p2 move psyshock terastallize\n>p1 switch 6\n>p1 move earthquake\n>p2 switch 4\n>p1 move earthquake\n>p2 switch 2\n>p1 switch 4\n>p2 move shellsmash\n>p1 move shellsidearm\n>p2 move iciclespear\n>p1 move shellsidearm\n>p2 move iciclespear\n>p1 switch 4\n>p1 move waterfall terastallize\n>p2 move rockblast\n>p2 switch 2\n>p1 switch 3\n>p2 move willowisp\n>p1 move focusblast\n>p2 move willowisp\n>p2 switch 6\n>p1 move focusblast\n>p2 move gigadrain\n>p1 switch 3\n>p1 move dragondance\n>p2 move gigadrain", "uploadtime": 1771212852, "views": 14, "formatid": "gen9randombattle", "rating": 2125, "private": 0, "password": null}