{"id": "gen9randombattle-2540556268", "format": "[Gen 9] Random Battle", "players": ["improvguy", "TV_H3ad"], "log": "|j|☆improvguy\n|j|☆TV_H3ad\n|t:|1771217502\n|gametype|singles\n|player|p1|improvguy|2|1657\n|player|p2|TV_H3ad|acetrainer|1698\n|gen|9\n|tier|[Gen 9] Random Battle\n|rated|\n|rule|Species Clause: Limit one of each Pokémon\n|rule|HP Percentage Mod: HP is shown in percentages\n|rule|Sleep Clause Mod: Limit one foe put to sleep\n|rule|Illusion Level Mod: Illusion disguises the Pokémon's true level\n|\n|t:|1771217502\n|teamsize|p1|6\n|teamsize|p2|6\n|start\n|switch|p1a: Brute Bonnet|Brute Bonnet, L81|312/312\n|switch|p2a: Greninja|Greninja, L80, M|246/246\n|turn|1\n|\n|t:|1771217514\n|move|p2a: Greninja|Gunk Shot|p1a: Brute Bonnet\n|-supereffective|p1a: Brute Bonnet\n|-damage|p1a: Brute Bonnet|114/312\n|-damage|p2a: Greninja|222/246|[from] item: Life Orb\n|move|p1a: Brute Bonnet|Spore|p2a: Greninja\n|-status|p2a: Greninja|slp|[from] move: Spore\n|\n|-heal|p1a: Brute Bonnet|133/312|[from] item: Leftovers\n|upkeep\n|turn|2\n|\n|t:|1771217523\n|switch|p2a: Talonflame|Talonflame, L83, F|265/265\n|move|p1a: Brute Bonnet|Seed Bomb|p2a: Talonflame\n|-resisted|p2a: Talonflame\n|-damage|p2a: Talonflame|238/265\n|\n|-heal|p1a: Brute Bonnet|152/312|[from] item: Leftovers\n|upkeep\n|turn|3\n|\n|t:|1771217536\n|-end|p1a: Brute Bonnet|Protosynthesis|[silent]\n|switch|p1a: Dachsbun|Dachsbun, L92, F|254/254\n|move|p2a: Talonflame|Flare Blitz|p1a: Dachsbun\n|-ability|p1a: Dachsbun|Well-Baked Body|boost\n|-boost|p1a: Dachsbun|def|2\n|\n|upkeep\n|turn|4\n|\n|t:|1771217544\n|move|p2a: Talonflame|Swords Dance|p2a: Talonflame\n|-boost|p2a: Talonflame|atk|2\n|move|p1a: Dachsbun|Body Press|p2a: Talonflame\n|-resisted|p2a: Talonflame\n|-damage|p2a: Talonflame|153/265\n|-status|p1a: Dachsbun|brn|[from] ability: Flame Body|[of] p2a: Talonflame\n|\n|-damage|p1a: Dachsbun|239/254 brn|[from] brn\n|upkeep\n|turn|5\n|\n|t:|1771217562\n|move|p2a: Talonflame|Swords Dance|p2a: Talonflame\n|-boost|p2a: Talonflame|atk|2\n|move|p1a: Dachsbun|Body Press|p2a: Talonflame\n|-resisted|p2a: Talonflame\n|-damage|p2a: Talonflame|110/265\n|\n|-heal|p1a: Dachsbun|254/254 brn|[from] item: Leftovers\n|-damage|p1a: Dachsbun|239/254 brn|[from] brn\n|upkeep\n|turn|6\n|\n|t:|1771217566\n|move|p2a: Talonflame|Brave Bird|p1a: Dachsbun\n|-damage|p1a: Dachsbun|119/254 brn\n|-damage|p2a: Talonflame|70/265|[from] Recoil\n|move|p1a: Dachsbun|Body Press|p2a: Talonflame\n|-resisted|p2a: Talonflame\n|-damage|p2a: Talonflame|26/265\n|\n|-heal|p1a: Dachsbun|134/254 brn|[from] item: Leftovers\n|-damage|p1a: Dachsbun|119/254 brn|[from] brn\n|upkeep\n|turn|7\n|\n|t:|1771217571\n|move|p2a: Talonflame|Brave Bird|p1a: Dachsbun\n|-damage|p1a: Dachsbun|0 fnt\n|faint|p1a: Dachsbun\n|-damage|p2a: Talonflame|0 fnt|[from] Recoil\n|faint|p2a: Talonflame\n|\n|upkeep\n|\n|t:|1771217585\n|switch|p2a: Komala|Komala, L89, F|260/260\n|switch|p1a: Ambipom|Ambipom, L84, M|263/263\n|-ability|p2a: Komala|Comatose\n|turn|8\n|\n|t:|1771217596\n|move|p1a: Ambipom|U-turn|p2a: Komala\n|-damage|p2a: Komala|172/260\n|\n|t:|1771217599\n|switch|p1a: Brute Bonnet|Brute Bonnet, L81|152/312|[from] U-turn\n|move|p2a: Komala|Body Slam|p1a: Brute Bonnet\n|-damage|p1a: Brute Bonnet|44/312\n|-status|p1a: Brute Bonnet|par\n|\n|-heal|p1a: Brute Bonnet|63/312 par|[from] item: Leftovers\n|upkeep\n|turn|9\n|\n|t:|1771217605\n|move|p1a: Brute Bonnet|Sucker Punch|p2a: Komala\n|-damage|p2a: Komala|75/260\n|move|p2a: Komala|Body Slam|p1a: Brute Bonnet\n|-damage|p1a: Brute Bonnet|0 fnt\n|faint|p1a: Brute Bonnet\n|-end|p1a: Brute Bonnet|Protosynthesis|[silent]\n|\n|upkeep\n|\n|t:|1771217613\n|switch|p1a: Porygon-Z|Porygon-Z, L83|277/277\n|turn|10\n|\n|t:|1771217620\n|move|p1a: Porygon-Z|Tera Blast|p2a: Komala\n|-damage|p2a: Komala|0 fnt\n|faint|p2a: Komala\n|-damage|p1a: Porygon-Z|250/277|[from] item: Life Orb\n|\n|upkeep\n|\n|t:|1771217623\n|switch|p2a: Solgaleo|Solgaleo, L74|325/325\n|turn|11\n|\n|t:|1771217632\n|move|p1a: Porygon-Z|Nasty Plot|p1a: Porygon-Z\n|-boost|p1a: Porygon-Z|spa|2\n|move|p2a: Solgaleo|Close Combat|p1a: Porygon-Z\n|-supereffective|p1a: Porygon-Z\n|-damage|p1a: Porygon-Z|28/277\n|-unboost|p2a: Solgaleo|def|1\n|-unboost|p2a: Solgaleo|spd|1\n|\n|upkeep\n|turn|12\n|\n|t:|1771217642\n|switch|p2a: Manaphy|Manaphy, L78|284/284\n|move|p1a: Porygon-Z|Shadow Ball|p2a: Manaphy\n|-damage|p2a: Manaphy|110/284\n|-damage|p1a: Porygon-Z|1/277|[from] item: Life Orb\n|\n|-heal|p2a: Manaphy|127/284|[from] item: Leftovers\n|upkeep\n|turn|13\n|\n|t:|1771217648\n|move|p2a: Manaphy|Surf|p1a: Porygon-Z\n|-damage|p1a: Porygon-Z|0 fnt\n|faint|p1a: Porygon-Z\n|\n|-heal|p2a: Manaphy|144/284|[from] item: Leftovers\n|upkeep\n|\n|t:|1771217653\n|switch|p1a: Ambipom|Ambipom, L84, M|263/263\n|turn|14\n|\n|t:|1771217659\n|move|p1a: Ambipom|Double-Edge|p2a: Manaphy\n|-damage|p2a: Manaphy|0 fnt\n|faint|p2a: Manaphy\n|-damage|p1a: Ambipom|215/263|[from] Recoil\n|\n|upkeep\n|\n|t:|1771217661\n|switch|p2a: Solgaleo|Solgaleo, L74|325/325\n|turn|15\n|\n|t:|1771217665\n|switch|p1a: Tropius|Tropius, L91, M|328/328\n|move|p2a: Solgaleo|Knock Off|p1a: Tropius\n|-damage|p1a: Tropius|256/328\n|-enditem|p1a: Tropius|Sitrus Berry|[from] move: Knock Off|[of] p2a: Solgaleo\n|\n|upkeep\n|turn|16\n|\n|t:|1771217674\n|move|p2a: Solgaleo|Sunsteel Strike|p1a: Tropius\n|-damage|p1a: Tropius|151/328\n|move|p1a: Tropius|Substitute|p1a: Tropius\n|-start|p1a: Tropius|Substitute\n|-damage|p1a: Tropius|69/328\n|\n|upkeep\n|turn|17\n|\n|t:|1771217678\n|move|p2a: Solgaleo|Sunsteel Strike|p1a: Tropius\n|-end|p1a: Tropius|Substitute\n|move|p1a: Tropius|Leech Seed|p2a: Solgaleo\n|-start|p2a: Solgaleo|move: Leech Seed\n|\n|-damage|p2a: Solgaleo|285/325|[from] Leech Seed|[of] p1a: Tropius\n|-heal|p1a: Tropius|109/328|[silent]\n|upkeep\n|turn|18\n|\n|t:|1771217681\n|move|p1a: Tropius|Protect|p1a: Tropius\n|-singleturn|p1a: Tropius|Protect\n|move|p2a: Solgaleo|Sunsteel Strike|p1a: Tropius\n|-activate|p1a: Tropius|move: Protect\n|\n|-heal|p2a: Solgaleo|305/325|[from] item: Leftovers\n|-damage|p2a: Solgaleo|265/325|[from] Leech Seed|[of] p1a: Tropius\n|-heal|p1a: Tropius|149/328|[silent]\n|upkeep\n|turn|19\n|\n|t:|1771217688\n|move|p2a: Solgaleo|Sunsteel Strike|p1a: Tropius\n|-damage|p1a: Tropius|50/328\n|move|p1a: Tropius|Air Slash|p2a: Solgaleo\n|-resisted|p2a: Solgaleo\n|-damage|p2a: Solgaleo|222/325\n|\n|-heal|p2a: Solgaleo|242/325|[from] item: Leftovers\n|-damage|p2a: Solgaleo|202/325|[from] Leech Seed|[of] p1a: Tropius\n|-heal|p1a: Tropius|90/328|[silent]\n|upkeep\n|turn|20\n|\n|t:|1771217696\n|move|p2a: Solgaleo|Sunsteel Strike|p1a: Tropius\n|-damage|p1a: Tropius|0 fnt\n|faint|p1a: Tropius\n|\n|-heal|p2a: Solgaleo|222/325|[from] item: Leftovers\n|upkeep\n|\n|t:|1771217700\n|switch|p1a: Ambipom|Ambipom, L84, M|215/263\n|turn|21\n|\n|t:|1771217709\n|switch|p2a: Greninja|Greninja, L80, M|222/246 slp\n|move|p1a: Ambipom|Knock Off|p2a: Greninja\n|-resisted|p2a: Greninja\n|-damage|p2a: Greninja|161/246 slp\n|-enditem|p2a: Greninja|Life Orb|[from] move: Knock Off|[of] p1a: Ambipom\n|\n|upkeep\n|turn|22\n|\n|t:|1771217714\n|switch|p1a: Falinks|Falinks, L84|246/246\n|cant|p2a: Greninja|slp\n|\n|upkeep\n|turn|23\n|\n|t:|1771217719\n|-curestatus|p2a: Greninja|slp|[msg]\n|move|p2a: Greninja|Hydro Pump|p1a: Falinks|[miss]\n|-miss|p2a: Greninja|p1a: Falinks\n|move|p1a: Falinks|No Retreat|p1a: Falinks\n|-boost|p1a: Falinks|atk|1\n|-boost|p1a: Falinks|def|1\n|-boost|p1a: Falinks|spa|1\n|-boost|p1a: Falinks|spd|1\n|-boost|p1a: Falinks|spe|1\n|-start|p1a: Falinks|move: No Retreat\n|\n|upkeep\n|turn|24\n|\n|t:|1771217724\n|move|p1a: Falinks|Close Combat|p2a: Greninja\n|-supereffective|p2a: Greninja\n|-damage|p2a: Greninja|0 fnt\n|-unboost|p1a: Falinks|def|1\n|-unboost|p1a: Falinks|spd|1\n|faint|p2a: Greninja\n|-damage|p1a: Falinks|222/246|[from] item: Life Orb\n|\n|upkeep\n|\n|t:|1771217740\n|switch|p2a: Solgaleo|Solgaleo, L74|222/325\n|turn|25\n|\n|t:|1771217747\n|move|p1a: Falinks|Knock Off|p2a: Solgaleo\n|-supereffective|p2a: Solgaleo\n|-damage|p2a: Solgaleo|0 fnt\n|-enditem|p2a: Solgaleo|Leftovers|[from] move: Knock Off|[of] p1a: Falinks\n|faint|p2a: Solgaleo\n|-damage|p1a: Falinks|198/246|[from] item: Life Orb\n|\n|upkeep\n|\n|t:|1771217749\n|switch|p2a: Deoxys|Deoxys-Attack, L72|191/191\n|-ability|p2a: Deoxys|Pressure\n|turn|26\n|\n|t:|1771217765\n|-terastallize|p1a: Falinks|Dark\n|-terastallize|p2a: Deoxys|Dark\n|move|p1a: Falinks|Knock Off|p2a: Deoxys\n|-resisted|p2a: Deoxys\n|-damage|p2a: Deoxys|0 fnt\n|-enditem|p2a: Deoxys|Life Orb|[from] move: Knock Off|[of] p1a: Falinks\n|faint|p2a: Deoxys\n|-damage|p1a: Falinks|174/246|[from] item: Life Orb\n|\n|win|improvguy\n|raw|improvguy's rating: 1657 &rarr; <strong>1679</strong><br />(+22 for winning)\n|raw|TV_H3ad's rating: 1698 &rarr; <strong>1676</strong><br />(-22 for losing)\n|l|☆TV_H3ad\n|player|p2|\n|c|☆improvguy|gg\n", "inputlog": ">version 686819e5e19f8a7fd2345cfc5a08a5085efa2cc3\n>start {\"formatid\":\"gen9randombattle\",\"seed\":\"sodium,6cdc0430536623c596dce6270cc82c79\",\"rated\":\"Rated battle\"}\n>player p1 {\"name\":\"improvguy\",\"avatar\":\"2\",\"rating\":1657,\"seed\":\"sodium,4019d36747b9b90f108bb02b1a28c158\"}\n>player p2 {\"name\":\"TV_H3ad\",\"avatar\":\"acetrainer\",\"rating\":1698,\"seed\":\"sodium,51dea000c6f89ad01a42f97704412826\"}\n>p1 move spore\n>p2 move gunkshot\n>p1 move seedbomb\n>p2 switch 6\n>p1 switch 5\n>p2 move flareblitz\n>p1 move bodypress\n>p2 move swordsdance\n>p1 move bodypress\n>p2 move swordsdance\n>p1 move bodypress\n>p2 move bravebird\n>p1 move wish\n>p2 move bravebird\n>p1 switch 3\n>p2 switch 2\n>p1 move uturn\n>p2 move bodyslam\n>p1 switch 5\n>p1 move suckerpunch\n>p2 move bodyslam\n>p1 switch 4\n>p1 move terablast\n>p2 move bodyslam\n>p2 switch 4\n>p1 move nastyplot\n>p2 move closecombat\n>p1 move shadowball\n>p2 switch 3\n>p1 move terablast\n>p2 move surf\n>p1 switch 5\n>p1 move doubleedge\n>p2 move surf\n>p2 switch 3\n>p1 switch 6\n>p2 move knockoff\n>p1 move substitute\n>p2 move sunsteelstrike\n>p1 move leechseed\n>p2 move sunsteelstrike\n>p1 move protect\n>p2 move sunsteelstrike\n>p1 move airslash\n>p2 move sunsteelstrike\n>p1 move airslash\n>p2 move sunsteelstrike\n>p1 switch 6\n>p1 move knockoff\n>p2 switch 6\n>p1 switch 2\n>p2 move hydropump\n>p1 move noretreat\n>p2 move hydropump\n>p1 move closecombat\n>p2 move hydropump\n>p2 switch 6\n>p1 move knockoff\n>p2 move sunsteelstrike\n>p2 switch 5\n>p1 move knockoff terastallize\n>p2 move psychoboost terastallize", "uploadtime": 1771217783, "views": 16, "formatid": "gen9randombattle", "rating": 1676, "private": 0, "password": null}