{"id": "gen9randombattle-2540346477", "format": "[Gen 9] Random Battle", "players": ["exaltedpikablu", "simoav"], "log": "|j|☆exaltedpikablu\n|j|☆simoav\n|t:|1771191256\n|gametype|singles\n|player|p1|exaltedpikablu|169|1691\n|player|p2|simoav|265|1670\n|gen|9\n|tier|[Gen 9] Random Battle\n|rated|\n|rule|Species Clause: Limit one of each Pokémon\n|rule|HP Percentage Mod: HP is shown in percentages\n|rule|Sleep Clause Mod: Limit one foe put to sleep\n|rule|Illusion Level Mod: Illusion disguises the Pokémon's true level\n|\n|t:|1771191256\n|teamsize|p1|6\n|teamsize|p2|6\n|start\n|switch|p1a: Delibird|Delibird, F|252/252\n|switch|p2a: Groudon|Groudon, L72|263/263\n|-weather|SunnyDay|[from] ability: Drought|[of] p2a: Groudon\n|turn|1\n|inactive|Battle timer is ON: inactive players will automatically lose when time's up. (requested by exaltedpikablu)\n|\n|t:|1771191275\n|switch|p2a: Politoed|Politoed, L88, F|302/302\n|-weather|RainDance|[from] ability: Drizzle|[of] p2a: Politoed\n|move|p1a: Delibird|Ice Spinner|p2a: Politoed|[miss]\n|-miss|p1a: Delibird|p2a: Politoed\n|\n|-weather|RainDance|[upkeep]\n|upkeep\n|turn|2\n|\n|t:|1771191295\n|switch|p1a: Gogoat|Gogoat, L88, M|360/360\n|move|p2a: Politoed|Weather Ball|p1a: Gogoat\n|-resisted|p1a: Gogoat\n|-damage|p1a: Gogoat|223/360\n|\n|-weather|RainDance|[upkeep]\n|-heal|p1a: Gogoat|245/360|[from] item: Leftovers\n|upkeep\n|turn|3\n|\n|t:|1771191313\n|switch|p2a: Azelf|Azelf, L82|257/257\n|move|p1a: Gogoat|Horn Leech|p2a: Azelf\n|-damage|p2a: Azelf|151/257\n|-heal|p1a: Gogoat|298/360|[from] drain|[of] p2a: Azelf\n|\n|-weather|RainDance|[upkeep]\n|-heal|p2a: Azelf|167/257|[from] item: Leftovers\n|-heal|p1a: Gogoat|320/360|[from] item: Leftovers\n|upkeep\n|turn|4\n|\n|t:|1771191340\n|move|p2a: Azelf|Stealth Rock|p1a: Gogoat\n|-sidestart|p1: exaltedpikablu|move: Stealth Rock\n|move|p1a: Gogoat|Horn Leech|p2a: Azelf\n|-damage|p2a: Azelf|49/257\n|-heal|p1a: Gogoat|360/360|[from] drain|[of] p2a: Azelf\n|\n|-weather|RainDance|[upkeep]\n|-heal|p2a: Azelf|65/257|[from] item: Leftovers\n|upkeep\n|turn|5\n|\n|t:|1771191351\n|switch|p2a: Zacian|Zacian-Crowned, L64|225/225\n|-ability|p2a: Zacian|Intrepid Sword|boost\n|-boost|p2a: Zacian|atk|1\n|move|p1a: Gogoat|Horn Leech|p2a: Zacian\n|-resisted|p2a: Zacian\n|-damage|p2a: Zacian|178/225\n|\n|-weather|none\n|upkeep\n|turn|6\n|\n|t:|1771191364\n|move|p2a: Zacian|Behemoth Blade|p1a: Gogoat\n|-damage|p1a: Gogoat|191/360\n|move|p1a: Gogoat|Earthquake|p2a: Zacian\n|-supereffective|p2a: Zacian\n|-damage|p2a: Zacian|6/225\n|\n|-heal|p1a: Gogoat|213/360|[from] item: Leftovers\n|upkeep\n|turn|7\n|\n|t:|1771191376\n|move|p2a: Zacian|Behemoth Blade|p1a: Gogoat\n|-damage|p1a: Gogoat|50/360\n|move|p1a: Gogoat|Horn Leech|p2a: Zacian\n|-resisted|p2a: Zacian\n|-damage|p2a: Zacian|0 fnt\n|-heal|p1a: Gogoat|53/360|[from] drain|[of] p2a: Zacian\n|faint|p2a: Zacian\n|\n|-heal|p1a: Gogoat|75/360|[from] item: Leftovers\n|upkeep\n|inactive|simoav has 120 seconds left.\n|\n|t:|1771191394\n|switch|p2a: Azelf|Azelf, L82|65/257\n|turn|8\n|\n|t:|1771191400\n|move|p2a: Azelf|Psychic|p1a: Gogoat\n|-damage|p1a: Gogoat|0 fnt\n|faint|p1a: Gogoat\n|\n|-heal|p2a: Azelf|81/257|[from] item: Leftovers\n|upkeep\n|\n|t:|1771191402\n|switch|p1a: Houndoom|Houndoom, L87, F|272/272\n|turn|9\n|\n|t:|1771191411\n|switch|p2a: Heatran|Heatran, L79, F|273/273\n|move|p1a: Houndoom|Nasty Plot|p1a: Houndoom\n|-boost|p1a: Houndoom|spa|2\n|\n|upkeep\n|turn|10\n|\n|t:|1771191419\n|move|p1a: Houndoom|Dark Pulse|p2a: Heatran\n|-crit|p2a: Heatran\n|-damage|p2a: Heatran|95/273\n|move|p2a: Heatran|Earth Power|p1a: Houndoom\n|-supereffective|p1a: Houndoom\n|-damage|p1a: Houndoom|136/272\n|\n|upkeep\n|turn|11\n|\n|t:|1771191440\n|move|p1a: Houndoom|Dark Pulse|p2a: Heatran\n|-damage|p2a: Heatran|0 fnt\n|faint|p2a: Heatran\n|\n|upkeep\n|\n|t:|1771191450\n|switch|p2a: Chansey|Chansey, L85, F|564/564\n|turn|12\n|\n|t:|1771191461\n|switch|p1a: Delibird|Delibird, F|252/252\n|move|p2a: Chansey|Seismic Toss|p1a: Delibird\n|-damage|p1a: Delibird|167/252\n|\n|upkeep\n|turn|13\n|\n|t:|1771191469\n|switch|p2a: Politoed|Politoed, L88, F|302/302\n|-weather|RainDance|[from] ability: Drizzle|[of] p2a: Politoed\n|move|p1a: Delibird|Ice Spinner|p2a: Politoed\n|-resisted|p2a: Politoed\n|-damage|p2a: Politoed|233/302\n|\n|-weather|RainDance|[upkeep]\n|upkeep\n|turn|14\n|\n|t:|1771191478\n|move|p1a: Delibird|Brave Bird|p2a: Politoed\n|-damage|p2a: Politoed|23/302\n|-damage|p1a: Delibird|98/252|[from] Recoil\n|move|p2a: Politoed|Weather Ball|p1a: Delibird\n|-damage|p1a: Delibird|0 fnt\n|faint|p1a: Delibird\n|\n|-weather|RainDance|[upkeep]\n|upkeep\n|\n|t:|1771191503\n|switch|p1a: Mimikyu|Mimikyu, L79, M|216/216\n|-damage|p1a: Mimikyu|189/216|[from] Stealth Rock\n|turn|15\n|\n|t:|1771191512\n|switch|p2a: Chansey|Chansey, L85, F|564/564\n|move|p1a: Mimikyu|Shadow Sneak|p2a: Chansey\n|-immune|p2a: Chansey\n|\n|-weather|RainDance|[upkeep]\n|upkeep\n|turn|16\n|\n|t:|1771191526\n|move|p1a: Mimikyu|Swords Dance|p1a: Mimikyu\n|-boost|p1a: Mimikyu|atk|2\n|move|p2a: Chansey|Thunder Wave|p1a: Mimikyu\n|-status|p1a: Mimikyu|par\n|\n|-weather|RainDance|[upkeep]\n|upkeep\n|turn|17\n|\n|t:|1771191549\n|switch|p2a: Politoed|Politoed, L88, F|23/302\n|move|p1a: Mimikyu|Play Rough|p2a: Politoed\n|-damage|p2a: Politoed|0 fnt\n|faint|p2a: Politoed\n|-damage|p1a: Mimikyu|168/216 par|[from] item: Life Orb\n|\n|-weather|none\n|upkeep\n|inactive|simoav has 120 seconds left.\n|\n|t:|1771191569\n|switch|p2a: Azelf|Azelf, L82|81/257\n|turn|18\n|inactive|simoav has 120 seconds left.\n|\n|t:|1771191588\n|move|p1a: Mimikyu|Shadow Sneak|p2a: Azelf\n|-supereffective|p2a: Azelf\n|-damage|p2a: Azelf|0 fnt\n|faint|p2a: Azelf\n|-damage|p1a: Mimikyu|147/216 par|[from] item: Life Orb\n|\n|upkeep\n|inactive|simoav has 120 seconds left.\n|\n|t:|1771191597\n|switch|p2a: Groudon|Groudon, L72|263/263\n|-weather|SunnyDay|[from] ability: Drought|[of] p2a: Groudon\n|turn|19\n|inactive|simoav has 120 seconds left.\n|\n|t:|1771191613\n|-terastallize|p2a: Groudon|Fire\n|-terastallize|p1a: Mimikyu|Fairy\n|move|p2a: Groudon|Heat Crash|p1a: Mimikyu\n|-activate|p1a: Mimikyu|ability: Disguise\n|-damage|p1a: Mimikyu|147/216 par\n|detailschange|p1a: Mimikyu|Mimikyu-Busted, L79, M, tera:Fairy\n|-damage|p1a: Mimikyu|120/216 par|[from] pokemon: Mimikyu-Busted\n|cant|p1a: Mimikyu|par\n|\n|-weather|SunnyDay|[upkeep]\n|upkeep\n|turn|20\n|inactive|simoav has 120 seconds left.\n|\n|t:|1771191627\n|cant|p1a: Mimikyu|par\n|move|p2a: Groudon|Heat Crash|p1a: Mimikyu\n|-damage|p1a: Mimikyu|0 fnt\n|faint|p1a: Mimikyu\n|\n|-weather|SunnyDay|[upkeep]\n|upkeep\n|\n|t:|1771191635\n|switch|p1a: Houndoom|Houndoom, L87, F|136/272\n|turn|21\n|\n|t:|1771191646\n|switch|p2a: Chansey|Chansey, L85, F|564/564\n|move|p1a: Houndoom|Fire Blast|p2a: Chansey\n|-damage|p2a: Chansey|435/564\n|\n|-weather|SunnyDay|[upkeep]\n|upkeep\n|turn|22\n|\n|t:|1771191667\n|move|p1a: Houndoom|Fire Blast|p2a: Chansey\n|-damage|p2a: Chansey|315/564\n|move|p2a: Chansey|Thunder Wave|p1a: Houndoom\n|-status|p1a: Houndoom|par\n|\n|-weather|SunnyDay|[upkeep]\n|upkeep\n|turn|23\n|\n|t:|1771191675\n|move|p2a: Chansey|Soft-Boiled|p2a: Chansey\n|-heal|p2a: Chansey|564/564\n|move|p1a: Houndoom|Fire Blast|p2a: Chansey\n|-damage|p2a: Chansey|455/564\n|\n|-weather|none\n|upkeep\n|turn|24\n|\n|t:|1771191686\n|move|p2a: Chansey|Seismic Toss|p1a: Houndoom\n|-damage|p1a: Houndoom|51/272 par\n|move|p1a: Houndoom|Fire Blast|p2a: Chansey\n|-damage|p2a: Chansey|377/564\n|-status|p2a: Chansey|brn\n|\n|-damage|p2a: Chansey|342/564 brn|[from] brn\n|upkeep\n|turn|25\n|\n|t:|1771191696\n|move|p2a: Chansey|Soft-Boiled|p2a: Chansey\n|-heal|p2a: Chansey|564/564 brn\n|move|p1a: Houndoom|Fire Blast|p2a: Chansey\n|-damage|p2a: Chansey|482/564 brn\n|\n|-damage|p2a: Chansey|447/564 brn|[from] brn\n|upkeep\n|turn|26\n|-message|exaltedpikablu forfeited.\n|\n|win|simoav\n|raw|exaltedpikablu's rating: 1691 &rarr; <strong>1670</strong><br />(-21 for losing)\n|raw|simoav's rating: 1670 &rarr; <strong>1691</strong><br />(+21 for winning)\n|l|☆exaltedpikablu\n|player|p1|\n", "inputlog": ">version 686819e5e19f8a7fd2345cfc5a08a5085efa2cc3\n>start {\"formatid\":\"gen9randombattle\",\"seed\":\"sodium,888687a494926e509a13b563151abdc9\",\"rated\":\"Rated battle\"}\n>player p1 {\"name\":\"exaltedpikablu\",\"avatar\":\"169\",\"rating\":1691,\"seed\":\"sodium,2372522748207cfc9f7388c490ab1125\"}\n>player p2 {\"name\":\"simoav\",\"avatar\":\"265\",\"rating\":1670,\"seed\":\"sodium,0c56c9e2c99156b8f12360130068dbd6\"}\n>p1 move icespinner\n>p2 switch 6\n>p1 switch 3\n>p2 move weatherball\n>p1 move hornleech\n>p2 switch 3\n>p1 move hornleech\n>p2 move stealthrock\n>p1 move hornleech\n>p2 switch 2\n>p1 move earthquake\n>p2 move behemothblade\n>p1 move hornleech\n>p2 move behemothblade\n>p2 switch 2\n>p1 move hornleech\n>p2 move psychic\n>p1 switch 4\n>p1 move nastyplot\n>p2 switch 5\n>p1 move darkpulse\n>p2 move earthpower\n>p1 move darkpulse\n>p2 move earthpower\n>p2 switch 4\n>p1 switch 3\n>p2 move seismictoss\n>p1 move icespinner\n>p2 switch 3\n>p1 move bravebird\n>p2 move weatherball\n>p1 switch 5\n>p1 move shadowsneak\n>p2 switch 3\n>p1 move swordsdance\n>p2 move thunderwave\n>p1 move playrough\n>p2 switch 3\n>p2 switch 5\n>p1 move shadowsneak\n>p2 move encore\n>p2 switch 6\n>p1 move playrough terastallize\n>p2 move heatcrash terastallize\n>p1 move shadowsneak\n>p2 move heatcrash\n>p1 switch 3\n>p1 move fireblast\n>p2 switch 3\n>p1 move fireblast\n>p2 move thunderwave\n>p1 move fireblast\n>p2 move softboiled\n>p1 move fireblast\n>p2 move seismictoss\n>p1 move fireblast\n>p2 move softboiled\n>forcelose p1", "uploadtime": 1771191707, "views": 9, "formatid": "gen9randombattle", "rating": 1670, "private": 0, "password": null}