{"id": "gen9randombattle-2540218396", "format": "[Gen 9] Random Battle", "players": ["Armenarmy", "improvguy"], "log": "|j|☆Armenarmy\n|j|☆improvguy\n|t:|1771177103\n|gametype|singles\n|player|p1|Armenarmy|2|1825\n|player|p2|improvguy|cameraman|1783\n|gen|9\n|tier|[Gen 9] Random Battle\n|rated|\n|rule|Species Clause: Limit one of each Pokémon\n|rule|HP Percentage Mod: HP is shown in percentages\n|rule|Sleep Clause Mod: Limit one foe put to sleep\n|rule|Illusion Level Mod: Illusion disguises the Pokémon's true level\n|\n|t:|1771177103\n|teamsize|p1|6\n|teamsize|p2|6\n|start\n|switch|p1a: Cresselia|Cresselia, L80, F|323/323\n|switch|p2a: Glaceon|Glaceon, L94, F|275/275\n|turn|1\n|inactive|Battle timer is ON: inactive players will automatically lose when time's up. (requested by Armenarmy)\n|\n|t:|1771177128\n|switch|p2a: Muk|Muk-Alola, L82, M|306/306\n|move|p1a: Cresselia|Calm Mind|p1a: Cresselia\n|-boost|p1a: Cresselia|spa|1\n|-boost|p1a: Cresselia|spd|1\n|\n|upkeep\n|turn|2\n|\n|t:|1771177157\n|switch|p1a: Pyroar|Pyroar, L88, M|295/295\n|-ability|p1a: Pyroar|Unnerve\n|move|p2a: Muk|Knock Off|p1a: Pyroar\n|-damage|p1a: Pyroar|178/295\n|-status|p1a: Pyroar|psn|[from] ability: Poison Touch|[of] p2a: Muk\n|-enditem|p1a: Pyroar|Heavy-Duty Boots|[from] move: Knock Off|[of] p2a: Muk\n|\n|-damage|p1a: Pyroar|142/295 psn|[from] psn\n|upkeep\n|turn|3\n|\n|t:|1771177164\n|switch|p2a: Latias|Latias, L79, F|256/256\n|move|p1a: Pyroar|Fire Blast|p2a: Latias\n|-resisted|p2a: Latias\n|-damage|p2a: Latias|202/256\n|\n|-damage|p1a: Pyroar|106/295 psn|[from] psn\n|upkeep\n|turn|4\n|\n|t:|1771177172\n|switch|p1a: Cresselia|Cresselia, L80, F|323/323\n|move|p2a: Latias|Psyshock|p1a: Cresselia\n|-resisted|p1a: Cresselia\n|-damage|p1a: Cresselia|277/323\n|\n|-heal|p1a: Cresselia|297/323|[from] item: Leftovers\n|upkeep\n|turn|5\n|\n|t:|1771177178\n|switch|p2a: Muk|Muk-Alola, L82, M|306/306\n|move|p1a: Cresselia|Moonblast|p2a: Muk\n|-damage|p2a: Muk|276/306\n|\n|-heal|p1a: Cresselia|317/323|[from] item: Leftovers\n|upkeep\n|turn|6\n|\n|t:|1771177192\n|switch|p1a: Pyroar|Pyroar, L88, M|106/295 psn\n|-ability|p1a: Pyroar|Unnerve\n|move|p2a: Muk|Knock Off|p1a: Pyroar\n|-crit|p1a: Pyroar\n|-damage|p1a: Pyroar|0 fnt\n|faint|p1a: Pyroar\n|\n|upkeep\n|\n|t:|1771177197\n|switch|p1a: Venusaur|Venusaur, L84, M|272/272\n|turn|7\n|\n|t:|1771177201\n|move|p1a: Venusaur|Leech Seed|p2a: Muk\n|-start|p2a: Muk|move: Leech Seed\n|move|p2a: Muk|Knock Off|p1a: Venusaur\n|-damage|p1a: Venusaur|161/272\n|-enditem|p1a: Venusaur|Leftovers|[from] move: Knock Off|[of] p2a: Muk\n|\n|-damage|p2a: Muk|238/306|[from] Leech Seed|[of] p1a: Venusaur\n|-heal|p1a: Venusaur|199/272|[silent]\n|upkeep\n|turn|8\n|\n|t:|1771177211\n|switch|p2a: Iron Treads|Iron Treads, L77|265/265\n|move|p1a: Venusaur|Substitute|p1a: Venusaur\n|-start|p1a: Venusaur|Substitute\n|-damage|p1a: Venusaur|131/272\n|\n|upkeep\n|turn|9\n|\n|t:|1771177215\n|move|p2a: Iron Treads|Stealth Rock|p1a: Venusaur\n|-sidestart|p1: Armenarmy|move: Stealth Rock\n|move|p1a: Venusaur|Giga Drain|p2a: Iron Treads\n|-damage|p2a: Iron Treads|159/265\n|-heal|p1a: Venusaur|184/272|[from] drain|[of] p2a: Iron Treads\n|\n|-heal|p2a: Iron Treads|175/265|[from] item: Leftovers\n|upkeep\n|turn|10\n|\n|t:|1771177225\n|-end|p2a: Iron Treads|Quark Drive|[silent]\n|switch|p2a: Latias|Latias, L79, F|202/256\n|move|p1a: Venusaur|Leech Seed|p2a: Latias\n|-start|p2a: Latias|move: Leech Seed\n|\n|-damage|p2a: Latias|170/256|[from] Leech Seed|[of] p1a: Venusaur\n|-heal|p1a: Venusaur|216/272|[silent]\n|upkeep\n|turn|11\n|\n|t:|1771177232\n|move|p2a: Latias|Psyshock|p1a: Venusaur\n|-supereffective|p1a: Venusaur\n|-end|p1a: Venusaur|Substitute\n|move|p1a: Venusaur|Sludge Bomb|p2a: Latias\n|-damage|p2a: Latias|91/256\n|-status|p2a: Latias|psn\n|\n|-damage|p2a: Latias|59/256 psn|[from] Leech Seed|[of] p1a: Venusaur\n|-heal|p1a: Venusaur|248/272|[silent]\n|-damage|p2a: Latias|27/256 psn|[from] psn\n|upkeep\n|turn|12\n|\n|t:|1771177244\n|switch|p1a: Cresselia|Cresselia, L80, F|317/323\n|-damage|p1a: Cresselia|277/323|[from] Stealth Rock\n|move|p2a: Latias|Draco Meteor|p1a: Cresselia\n|-damage|p1a: Cresselia|138/323\n|-unboost|p2a: Latias|spa|2\n|\n|-heal|p1a: Cresselia|158/323|[from] item: Leftovers\n|-damage|p2a: Latias|0 fnt|[from] Leech Seed|[of] p1a: Cresselia\n|-heal|p1a: Cresselia|185/323|[silent]\n|faint|p2a: Latias\n|upkeep\n|\n|t:|1771177250\n|switch|p2a: Eelektross|Eelektross, L87, M|290/290\n|turn|13\n|\n|t:|1771177258\n|move|p1a: Cresselia|Psyshock|p2a: Eelektross\n|-damage|p2a: Eelektross|221/290\n|move|p2a: Eelektross|Coil|p2a: Eelektross\n|-boost|p2a: Eelektross|atk|1\n|-boost|p2a: Eelektross|def|1\n|-boost|p2a: Eelektross|accuracy|1\n|\n|-heal|p1a: Cresselia|205/323|[from] item: Leftovers\n|-heal|p2a: Eelektross|239/290|[from] item: Leftovers\n|upkeep\n|turn|14\n|\n|t:|1771177267\n|switch|p1a: Grumpig|Grumpig, L92, F|297/297\n|-damage|p1a: Grumpig|260/297|[from] Stealth Rock\n|move|p2a: Eelektross|Knock Off|p1a: Grumpig\n|-supereffective|p1a: Grumpig\n|-damage|p1a: Grumpig|0 fnt\n|-enditem|p1a: Grumpig|Choice Scarf|[from] move: Knock Off|[of] p2a: Eelektross\n|faint|p1a: Grumpig\n|\n|-heal|p2a: Eelektross|257/290|[from] item: Leftovers\n|upkeep\n|\n|t:|1771177274\n|switch|p1a: Venusaur|Venusaur, L84, M|248/272\n|-damage|p1a: Venusaur|214/272|[from] Stealth Rock\n|turn|15\n|\n|t:|1771177283\n|switch|p2a: Iron Treads|Iron Treads, L77|175/265\n|move|p1a: Venusaur|Leech Seed|p2a: Iron Treads\n|-start|p2a: Iron Treads|move: Leech Seed\n|\n|-heal|p2a: Iron Treads|191/265|[from] item: Leftovers\n|-damage|p2a: Iron Treads|158/265|[from] Leech Seed|[of] p1a: Venusaur\n|-heal|p1a: Venusaur|247/272|[silent]\n|upkeep\n|turn|16\n|inactive|Armenarmy has 120 seconds left.\n|\n|t:|1771177318\n|move|p2a: Iron Treads|Rapid Spin|p1a: Venusaur\n|-damage|p1a: Venusaur|211/272\n|-boost|p2a: Iron Treads|spe|1\n|-end|p2a: Iron Treads|Leech Seed|[from] move: Rapid Spin|[of] p2a: Iron Treads\n|move|p1a: Venusaur|Giga Drain|p2a: Iron Treads\n|-damage|p2a: Iron Treads|50/265\n|-heal|p1a: Venusaur|265/272|[from] drain|[of] p2a: Iron Treads\n|\n|-heal|p2a: Iron Treads|66/265|[from] item: Leftovers\n|upkeep\n|turn|17\n|\n|t:|1771177326\n|move|p2a: Iron Treads|Earthquake|p1a: Venusaur\n|-damage|p1a: Venusaur|171/272\n|move|p1a: Venusaur|Giga Drain|p2a: Iron Treads\n|-damage|p2a: Iron Treads|0 fnt\n|-heal|p1a: Venusaur|204/272|[from] drain|[of] p2a: Iron Treads\n|faint|p2a: Iron Treads\n|-end|p2a: Iron Treads|Quark Drive|[silent]\n|\n|upkeep\n|\n|t:|1771177334\n|switch|p2a: Glaceon|Glaceon, L94, F|275/275\n|turn|18\n|\n|t:|1771177338\n|switch|p1a: Volcarona|Volcarona, L77, F|257/257\n|move|p2a: Glaceon|Freeze-Dry|p1a: Volcarona\n|-resisted|p1a: Volcarona\n|-damage|p1a: Volcarona|197/257\n|\n|upkeep\n|turn|19\n|\n|t:|1771177345\n|switch|p2a: Rayquaza|Rayquaza, L72|270/270\n|-ability|p2a: Rayquaza|Air Lock\n|move|p1a: Volcarona|Quiver Dance|p1a: Volcarona\n|-boost|p1a: Volcarona|spa|1\n|-boost|p1a: Volcarona|spd|1\n|-boost|p1a: Volcarona|spe|1\n|\n|upkeep\n|turn|20\n|\n|t:|1771177364\n|move|p1a: Volcarona|Tera Blast|p2a: Rayquaza\n|-damage|p2a: Rayquaza|163/270\n|move|p2a: Rayquaza|Dragon Dance|p2a: Rayquaza\n|-boost|p2a: Rayquaza|atk|1\n|-boost|p2a: Rayquaza|spe|1\n|\n|upkeep\n|turn|21\n|\n|t:|1771177375\n|-terastallize|p1a: Volcarona|Ground\n|move|p1a: Volcarona|Fire Blast|p2a: Rayquaza\n|-resisted|p2a: Rayquaza\n|-damage|p2a: Rayquaza|52/270\n|move|p2a: Rayquaza|Dragon Ascent|p1a: Volcarona\n|-damage|p1a: Volcarona|0 fnt\n|-unboost|p2a: Rayquaza|def|1\n|-unboost|p2a: Rayquaza|spd|1\n|-status|p2a: Rayquaza|brn|[from] ability: Flame Body|[of] p1a: Volcarona\n|faint|p1a: Volcarona\n|\n|-damage|p2a: Rayquaza|36/270 brn|[from] brn\n|upkeep\n|\n|t:|1771177389\n|switch|p1a: Cresselia|Cresselia, L80, F|205/323\n|-damage|p1a: Cresselia|165/323|[from] Stealth Rock\n|turn|22\n|\n|t:|1771177394\n|move|p2a: Rayquaza|Dragon Ascent|p1a: Cresselia\n|-damage|p1a: Cresselia|72/323\n|-unboost|p2a: Rayquaza|def|1\n|-unboost|p2a: Rayquaza|spd|1\n|move|p1a: Cresselia|Moonblast|p2a: Rayquaza\n|-supereffective|p2a: Rayquaza\n|-damage|p2a: Rayquaza|0 fnt\n|faint|p2a: Rayquaza\n|\n|-heal|p1a: Cresselia|92/323|[from] item: Leftovers\n|upkeep\n|\n|t:|1771177402\n|switch|p2a: Muk|Muk-Alola, L82, M|238/306\n|turn|23\n|\n|t:|1771177409\n|switch|p1a: Iron Hands|Iron Hands, L79|373/373\n|-damage|p1a: Iron Hands|350/373|[from] Stealth Rock\n|move|p2a: Muk|Poison Jab|p1a: Iron Hands\n|-damage|p1a: Iron Hands|274/373\n|-status|p1a: Iron Hands|psn\n|\n|-heal|p1a: Iron Hands|297/373 psn|[from] item: Leftovers\n|-damage|p1a: Iron Hands|251/373 psn|[from] psn\n|upkeep\n|turn|24\n|\n|t:|1771177417\n|move|p2a: Muk|Knock Off|p1a: Iron Hands\n|-resisted|p1a: Iron Hands\n|-damage|p1a: Iron Hands|203/373 psn\n|-enditem|p1a: Iron Hands|Leftovers|[from] move: Knock Off|[of] p2a: Muk\n|move|p1a: Iron Hands|Swords Dance|p1a: Iron Hands\n|-boost|p1a: Iron Hands|atk|2\n|\n|-damage|p1a: Iron Hands|157/373 psn|[from] psn\n|upkeep\n|turn|25\n|\n|t:|1771177424\n|move|p2a: Muk|Poison Jab|p1a: Iron Hands\n|-damage|p1a: Iron Hands|78/373 psn\n|move|p1a: Iron Hands|Drain Punch|p2a: Muk\n|-damage|p2a: Muk|9/306\n|-heal|p1a: Iron Hands|193/373 psn|[from] drain|[of] p2a: Muk\n|\n|-damage|p1a: Iron Hands|147/373 psn|[from] psn\n|upkeep\n|turn|26\n|\n|t:|1771177431\n|move|p2a: Muk|Poison Jab|p1a: Iron Hands\n|-crit|p1a: Iron Hands\n|-damage|p1a: Iron Hands|32/373 psn\n|move|p1a: Iron Hands|Drain Punch|p2a: Muk\n|-damage|p2a: Muk|0 fnt\n|-heal|p1a: Iron Hands|37/373 psn|[from] drain|[of] p2a: Muk\n|faint|p2a: Muk\n|\n|-damage|p1a: Iron Hands|0 fnt|[from] psn\n|faint|p1a: Iron Hands\n|-end|p1a: Iron Hands|Quark Drive|[silent]\n|upkeep\n|\n|t:|1771177441\n|switch|p2a: Glaceon|Glaceon, L94, F|275/275\n|switch|p1a: Cresselia|Cresselia, L80, F|92/323\n|-damage|p1a: Cresselia|52/323|[from] Stealth Rock\n|turn|27\n|\n|t:|1771177445\n|move|p1a: Cresselia|Moonlight|p1a: Cresselia\n|-heal|p1a: Cresselia|213/323\n|move|p2a: Glaceon|Freeze-Dry|p1a: Cresselia\n|-crit|p1a: Cresselia\n|-damage|p1a: Cresselia|69/323\n|\n|-heal|p1a: Cresselia|89/323|[from] item: Leftovers\n|upkeep\n|turn|28\n|\n|t:|1771177452\n|move|p1a: Cresselia|Moonlight|p1a: Cresselia\n|-heal|p1a: Cresselia|250/323\n|move|p2a: Glaceon|Freeze-Dry|p1a: Cresselia\n|-damage|p1a: Cresselia|160/323\n|\n|-heal|p1a: Cresselia|180/323|[from] item: Leftovers\n|upkeep\n|turn|29\n|\n|t:|1771177457\n|move|p1a: Cresselia|Calm Mind|p1a: Cresselia\n|-boost|p1a: Cresselia|spa|1\n|-boost|p1a: Cresselia|spd|1\n|move|p2a: Glaceon|Freeze-Dry|p1a: Cresselia\n|-damage|p1a: Cresselia|114/323\n|\n|-heal|p1a: Cresselia|134/323|[from] item: Leftovers\n|upkeep\n|turn|30\n|\n|t:|1771177463\n|switch|p2a: Eelektross|Eelektross, L87, M|257/290\n|move|p1a: Cresselia|Moonlight|p1a: Cresselia\n|-heal|p1a: Cresselia|295/323\n|\n|-heal|p1a: Cresselia|315/323|[from] item: Leftovers\n|-heal|p2a: Eelektross|275/290|[from] item: Leftovers\n|upkeep\n|turn|31\n|\n|t:|1771177470\n|move|p1a: Cresselia|Psyshock|p2a: Eelektross\n|-damage|p2a: Eelektross|178/290\n|move|p2a: Eelektross|Knock Off|p1a: Cresselia\n|-supereffective|p1a: Cresselia\n|-damage|p1a: Cresselia|173/323\n|-enditem|p1a: Cresselia|Leftovers|[from] move: Knock Off|[of] p2a: Eelektross\n|\n|-heal|p2a: Eelektross|196/290|[from] item: Leftovers\n|upkeep\n|turn|32\n|\n|t:|1771177477\n|move|p1a: Cresselia|Moonlight|p1a: Cresselia\n|-heal|p1a: Cresselia|323/323\n|move|p2a: Eelektross|Coil|p2a: Eelektross\n|-boost|p2a: Eelektross|atk|1\n|-boost|p2a: Eelektross|def|1\n|-boost|p2a: Eelektross|accuracy|1\n|\n|-heal|p2a: Eelektross|214/290|[from] item: Leftovers\n|upkeep\n|turn|33\n|\n|t:|1771177490\n|move|p1a: Cresselia|Moonblast|p2a: Eelektross\n|-damage|p2a: Eelektross|141/290\n|move|p2a: Eelektross|Supercell Slam|p1a: Cresselia\n|-damage|p1a: Cresselia|142/323\n|\n|-heal|p2a: Eelektross|159/290|[from] item: Leftovers\n|upkeep\n|turn|34\n|\n|t:|1771177500\n|move|p1a: Cresselia|Moonblast|p2a: Eelektross\n|-damage|p2a: Eelektross|85/290\n|move|p2a: Eelektross|Supercell Slam|p1a: Cresselia\n|-damage|p1a: Cresselia|0 fnt\n|faint|p1a: Cresselia\n|\n|-heal|p2a: Eelektross|103/290|[from] item: Leftovers\n|upkeep\n|\n|t:|1771177506\n|switch|p1a: Venusaur|Venusaur, L84, M|204/272\n|-damage|p1a: Venusaur|170/272|[from] Stealth Rock\n|turn|35\n|\n|t:|1771177511\n|move|p1a: Venusaur|Giga Drain|p2a: Eelektross\n|-damage|p2a: Eelektross|13/290\n|-heal|p1a: Venusaur|215/272|[from] drain|[of] p2a: Eelektross\n|move|p2a: Eelektross|Knock Off|p1a: Venusaur\n|-damage|p1a: Venusaur|130/272\n|\n|-heal|p2a: Eelektross|31/290|[from] item: Leftovers\n|upkeep\n|turn|36\n|\n|t:|1771177515\n|move|p1a: Venusaur|Giga Drain|p2a: Eelektross\n|-damage|p2a: Eelektross|0 fnt\n|-heal|p1a: Venusaur|146/272|[from] drain|[of] p2a: Eelektross\n|faint|p2a: Eelektross\n|\n|upkeep\n|\n|t:|1771177518\n|switch|p2a: Glaceon|Glaceon, L94, F|275/275\n|turn|37\n|\n|t:|1771177522\n|move|p1a: Venusaur|Sludge Bomb|p2a: Glaceon\n|-damage|p2a: Glaceon|196/275\n|move|p2a: Glaceon|Freeze-Dry|p1a: Venusaur\n|-supereffective|p1a: Venusaur\n|-damage|p1a: Venusaur|0 fnt\n|faint|p1a: Venusaur\n|\n|win|improvguy\n|raw|Armenarmy's rating: 1825 &rarr; <strong>1803</strong><br />(-22 for losing)\n|raw|improvguy's rating: 1783 &rarr; <strong>1805</strong><br />(+22 for winning)\n|l|☆Armenarmy\n|player|p1|\n|c|☆improvguy|gg\n", "inputlog": ">version 686819e5e19f8a7fd2345cfc5a08a5085efa2cc3\n>start {\"formatid\":\"gen9randombattle\",\"seed\":\"sodium,5c5bd9b70d37a4bdf7495286bdae8d5d\",\"rated\":\"Rated battle\"}\n>player p1 {\"name\":\"Armenarmy\",\"avatar\":\"2\",\"rating\":1825,\"seed\":\"sodium,932721df49b859c2df1aae2839174053\"}\n>player p2 {\"name\":\"improvguy\",\"avatar\":\"cameraman\",\"rating\":1783,\"seed\":\"sodium,894c568b90165d8efe1357eafca4b0ae\"}\n>p1 move calmmind\n>p2 switch 3\n>p1 switch 2\n>p2 move knockoff\n>p1 move fireblast\n>p2 switch 5\n>p1 switch 2\n>p2 move psyshock\n>p1 move moonblast\n>p2 switch 5\n>p1 switch 2\n>p2 move knockoff\n>p1 switch 6\n>p1 move leechseed\n>p2 move knockoff\n>p1 move substitute\n>p2 switch 2\n>p1 move gigadrain\n>p2 move stealthrock\n>p1 move leechseed\n>p2 switch 5\n>p1 move sludgebomb\n>p2 move psyshock\n>p1 switch 2\n>p2 move dracometeor\n>p2 switch 4\n>p1 move psyshock\n>p2 move coil\n>p1 switch 5\n>p2 move knockoff\n>p1 switch 2\n>p1 move leechseed\n>p2 switch 5\n>p1 move gigadrain\n>p2 move rapidspin\n>p1 move gigadrain\n>p2 move earthquake\n>p2 switch 3\n>p1 switch 3\n>p2 move freezedry\n>p1 move quiverdance\n>p2 switch 6\n>p1 move terablast\n>p2 move dragondance\n>p1 move fireblast terastallize\n>p2 move dragonascent\n>p1 switch 5\n>p1 move moonblast\n>p2 move dragonascent\n>p2 switch 2\n>p1 switch 4\n>p2 move poisonjab\n>p1 move swordsdance\n>p2 move knockoff\n>p1 move drainpunch\n>p2 move poisonjab\n>p1 move drainpunch\n>p2 move poisonjab\n>p1 switch 4\n>p2 switch 6\n>p1 move moonlight\n>p2 move freezedry\n>p1 move moonlight\n>p2 move freezedry\n>p1 move calmmind\n>p2 move freezedry\n>p1 move moonlight\n>p2 switch 5\n>p1 move psyshock\n>p2 move knockoff\n>p1 move moonlight\n>p2 move coil\n>p1 move moonblast\n>p2 move supercellslam\n>p1 move moonblast\n>p2 move supercellslam\n>p1 switch 3\n>p1 move gigadrain\n>p2 move knockoff\n>p1 move gigadrain\n>p2 move knockoff\n>p2 switch 5\n>p1 move sludgebomb\n>p2 move freezedry", "uploadtime": 1771177535, "views": 16, "formatid": "gen9randombattle", "rating": 1803, "private": 0, "password": null}