{"id": "gen9randombattle-2540609366", "format": "[Gen 9] Random Battle", "players": ["Satori SA", "jbeezy2x"], "log": "|j|☆Satori SA\n|j|☆jbeezy2x\n|t:|1771226617\n|gametype|singles\n|player|p1|Satori SA|sabrina-masters|1585\n|player|p2|jbeezy2x|265|1586\n|gen|9\n|tier|[Gen 9] Random Battle\n|rated|\n|rule|Species Clause: Limit one of each Pokémon\n|rule|HP Percentage Mod: HP is shown in percentages\n|rule|Sleep Clause Mod: Limit one foe put to sleep\n|rule|Illusion Level Mod: Illusion disguises the Pokémon's true level\n|\n|t:|1771226617\n|teamsize|p1|6\n|teamsize|p2|6\n|start\n|switch|p1a: Gumshoos|Gumshoos, L95, M|321/321\n|switch|p2a: Sandaconda|Sandaconda, L84, M|258/258\n|turn|1\n|\n|t:|1771226634\n|move|p2a: Sandaconda|Stealth Rock|p1a: Gumshoos\n|-sidestart|p1: Satori SA|move: Stealth Rock\n|move|p1a: Gumshoos|U-turn|p2a: Sandaconda\n|-damage|p2a: Sandaconda|173/258\n|\n|t:|1771226636\n|switch|p1a: Shaymin|Shaymin-Sky, L73|266/266|[from] U-turn\n|\n|-heal|p2a: Sandaconda|189/258|[from] item: Leftovers\n|upkeep\n|turn|2\n|\n|t:|1771226645\n|switch|p2a: Ceruledge|Ceruledge, L78, M|245/245\n|move|p1a: Shaymin|Seed Flare|p2a: Ceruledge\n|-resisted|p2a: Ceruledge\n|-damage|p2a: Ceruledge|188/245\n|-unboost|p2a: Ceruledge|spd|2\n|\n|upkeep\n|turn|3\n|\n|t:|1771226658\n|move|p1a: Shaymin|Earth Power|p2a: Ceruledge\n|-supereffective|p2a: Ceruledge\n|-damage|p2a: Ceruledge|0 fnt\n|faint|p2a: Ceruledge\n|\n|upkeep\n|\n|t:|1771226662\n|switch|p2a: Glastrier|Glastrier, L86|311/311\n|turn|4\n|\n|t:|1771226672\n|switch|p1a: Conkeldurr|Conkeldurr, L80, M|299/299\n|-damage|p1a: Conkeldurr|281/299|[from] Stealth Rock\n|move|p2a: Glastrier|Icicle Crash|p1a: Conkeldurr\n|-damage|p1a: Conkeldurr|79/299\n|\n|-status|p1a: Conkeldurr|brn|[from] item: Flame Orb\n|upkeep\n|turn|5\n|\n|t:|1771226685\n|switch|p2a: Sandaconda|Sandaconda, L84, M|189/258\n|move|p1a: Conkeldurr|Close Combat|p2a: Sandaconda\n|-damage|p2a: Sandaconda|6/258\n|-unboost|p1a: Conkeldurr|def|1\n|-unboost|p1a: Conkeldurr|spd|1\n|\n|-heal|p2a: Sandaconda|22/258|[from] item: Leftovers\n|-damage|p1a: Conkeldurr|61/299 brn|[from] brn\n|upkeep\n|turn|6\n|\n|t:|1771226691\n|move|p1a: Conkeldurr|Mach Punch|p2a: Sandaconda\n|-damage|p2a: Sandaconda|0 fnt\n|faint|p2a: Sandaconda\n|\n|-damage|p1a: Conkeldurr|43/299 brn|[from] brn\n|upkeep\n|\n|t:|1771226699\n|switch|p2a: Milotic|Milotic, L83, M|293/293\n|turn|7\n|\n|t:|1771226712\n|move|p1a: Conkeldurr|Mach Punch|p2a: Milotic\n|-damage|p2a: Milotic|202/293\n|move|p2a: Milotic|Scald|p1a: Conkeldurr\n|-damage|p1a: Conkeldurr|0 fnt\n|faint|p1a: Conkeldurr\n|\n|-heal|p2a: Milotic|220/293|[from] item: Leftovers\n|upkeep\n|\n|t:|1771226717\n|switch|p1a: Shaymin|Shaymin-Sky, L73|266/266\n|turn|8\n|\n|t:|1771226725\n|move|p1a: Shaymin|Seed Flare|p2a: Milotic\n|-supereffective|p2a: Milotic\n|-damage|p2a: Milotic|56/293\n|-unboost|p2a: Milotic|spd|2\n|-ability|p2a: Milotic|Competitive|boost\n|-boost|p2a: Milotic|spa|2\n|move|p2a: Milotic|Ice Beam|p1a: Shaymin\n|-supereffective|p1a: Shaymin\n|-damage|p1a: Shaymin|0 fnt\n|faint|p1a: Shaymin\n|\n|-heal|p2a: Milotic|74/293|[from] item: Leftovers\n|upkeep\n|\n|t:|1771226736\n|switch|p1a: Thundurus|Thundurus, L80, M|258/258\n|-damage|p1a: Thundurus|194/258|[from] Stealth Rock\n|turn|9\n|\n|t:|1771226744\n|move|p1a: Thundurus|Thunderbolt|p2a: Milotic\n|-supereffective|p2a: Milotic\n|-damage|p2a: Milotic|0 fnt\n|faint|p2a: Milotic\n|\n|upkeep\n|\n|t:|1771226747\n|switch|p2a: Glastrier|Glastrier, L86|311/311\n|turn|10\n|\n|t:|1771226753\n|move|p1a: Thundurus|Focus Blast|p2a: Glastrier\n|-supereffective|p2a: Glastrier\n|-damage|p2a: Glastrier|143/311\n|move|p2a: Glastrier|Icicle Crash|p1a: Thundurus\n|-supereffective|p1a: Thundurus\n|-damage|p1a: Thundurus|0 fnt\n|faint|p1a: Thundurus\n|-ability|p2a: Glastrier|Chilling Neigh|boost\n|-boost|p2a: Glastrier|atk|1\n|\n|upkeep\n|\n|t:|1771226759\n|switch|p1a: Sneasler|Sneasler, L74, F|240/240\n|-damage|p1a: Sneasler|225/240|[from] Stealth Rock\n|turn|11\n|\n|t:|1771226764\n|move|p1a: Sneasler|Close Combat|p2a: Glastrier\n|-supereffective|p2a: Glastrier\n|-damage|p2a: Glastrier|0 fnt\n|-unboost|p1a: Sneasler|def|1\n|-unboost|p1a: Sneasler|spd|1\n|faint|p2a: Glastrier\n|-enditem|p1a: Sneasler|White Herb\n|-clearnegativeboost|p1a: Sneasler|[silent]\n|\n|upkeep\n|\n|t:|1771226766\n|switch|p2a: Rhyperior|Rhyperior, L82, F|323/323\n|turn|12\n|\n|t:|1771226783\n|move|p1a: Sneasler|Close Combat|p2a: Rhyperior\n|-supereffective|p2a: Rhyperior\n|-damage|p2a: Rhyperior|182/323\n|-unboost|p1a: Sneasler|def|1\n|-unboost|p1a: Sneasler|spd|1\n|-enditem|p2a: Rhyperior|Weakness Policy\n|-boost|p2a: Rhyperior|atk|2|[from] item: Weakness Policy\n|-boost|p2a: Rhyperior|spa|2|[from] item: Weakness Policy\n|move|p2a: Rhyperior|Rock Polish|p2a: Rhyperior\n|-boost|p2a: Rhyperior|spe|2\n|\n|upkeep\n|turn|13\n|\n|t:|1771226797\n|-terastallize|p1a: Sneasler|Flying\n|-terastallize|p2a: Rhyperior|Ground\n|move|p1a: Sneasler|Close Combat|p2a: Rhyperior\n|-damage|p2a: Rhyperior|82/323\n|-unboost|p1a: Sneasler|def|1\n|-unboost|p1a: Sneasler|spd|1\n|move|p2a: Rhyperior|Stone Edge|p1a: Sneasler\n|-supereffective|p1a: Sneasler\n|-damage|p1a: Sneasler|0 fnt\n|faint|p1a: Sneasler\n|\n|upkeep\n|\n|t:|1771226814\n|switch|p1a: Dedenne|Dedenne, L88, F|261/261\n|-damage|p1a: Dedenne|229/261|[from] Stealth Rock\n|turn|14\n|\n|t:|1771226819\n|move|p1a: Dedenne|Dazzling Gleam|p2a: Rhyperior\n|-damage|p2a: Rhyperior|0 fnt\n|faint|p2a: Rhyperior\n|\n|upkeep\n|\n|t:|1771226823\n|switch|p2a: Kommo-o|Kommo-o, L78, F|245/245\n|turn|15\n|\n|t:|1771226834\n|move|p1a: Dedenne|Dazzling Gleam|p2a: Kommo-o\n|-supereffective|p2a: Kommo-o\n|-damage|p2a: Kommo-o|0 fnt\n|faint|p2a: Kommo-o\n|\n|win|Satori SA\n|raw|Satori SA's rating: 1585 &rarr; <strong>1605</strong><br />(+20 for winning)\n|raw|jbeezy2x's rating: 1586 &rarr; <strong>1566</strong><br />(-20 for losing)\n|l|☆jbeezy2x\n|player|p2|\n", "inputlog": ">version 686819e5e19f8a7fd2345cfc5a08a5085efa2cc3\n>start {\"formatid\":\"gen9randombattle\",\"seed\":\"sodium,00c42d57e36040468891d20f042fec48\",\"rated\":\"Rated battle\"}\n>player p1 {\"name\":\"Satori SA\",\"avatar\":\"sabrina-masters\",\"rating\":1585,\"seed\":\"sodium,2accafb1917296f51f2af692604ac75e\"}\n>player p2 {\"name\":\"jbeezy2x\",\"avatar\":\"265\",\"rating\":1586,\"seed\":\"sodium,8f94f5705708404e322f9da558faa0db\"}\n>p1 move uturn\n>p2 move stealthrock\n>p1 switch 5\n>p1 move seedflare\n>p2 switch 5\n>p1 move earthpower\n>p2 move bitterblade\n>p2 switch 6\n>p1 switch 3\n>p2 move iciclecrash\n>p1 move closecombat\n>p2 switch 5\n>p1 move machpunch\n>p2 move rest\n>p2 switch 4\n>p1 move machpunch\n>p2 move scald\n>p1 switch 3\n>p1 move seedflare\n>p2 move icebeam\n>p1 switch 6\n>p1 move thunderbolt\n>p2 move icebeam\n>p2 switch 5\n>p1 move focusblast\n>p2 move iciclecrash\n>p1 switch 4\n>p1 move closecombat\n>p2 move iciclecrash\n>p2 switch 3\n>p1 move closecombat\n>p2 move rockpolish\n>p1 move closecombat terastallize\n>p2 move stoneedge terastallize\n>p1 switch 2\n>p1 move dazzlinggleam\n>p2 move earthquake\n>p2 switch 2\n>p1 move dazzlinggleam\n>p2 move clangoroussoul", "uploadtime": 1771226839, "views": 13, "formatid": "gen9randombattle", "rating": 1566, "private": 0, "password": null}