{"id": "gen9randombattle-2540012350", "format": "[Gen 9] Random Battle", "players": ["Nishorgo", "ROCK ROSE"], "log": "|j|☆Nishorgo\n|j|☆ROCK ROSE\n|t:|1771144478\n|gametype|singles\n|player|p1|Nishorgo|1|1717\n|player|p2|ROCK ROSE|maid|1716\n|gen|9\n|tier|[Gen 9] Random Battle\n|rated|\n|rule|Species Clause: Limit one of each Pokémon\n|rule|HP Percentage Mod: HP is shown in percentages\n|rule|Sleep Clause Mod: Limit one foe put to sleep\n|rule|Illusion Level Mod: Illusion disguises the Pokémon's true level\n|\n|t:|1771144478\n|teamsize|p1|6\n|teamsize|p2|6\n|start\n|switch|p1a: Zarude|Zarude, L77|288/288\n|switch|p2a: Samurott|Samurott-Hisui, L77, M|265/265\n|turn|1\n|inactive|Battle timer is ON: inactive players will automatically lose when time's up. (requested by Nishorgo)\n|inactive|ROCK ROSE has 120 seconds left.\n|\n|t:|1771144525\n|-terastallize|p2a: Samurott|Poison\n|move|p1a: Zarude|Swords Dance|p1a: Zarude\n|-boost|p1a: Zarude|atk|2\n|move|p2a: Samurott|Ceaseless Edge|p1a: Zarude\n|-resisted|p1a: Zarude\n|-damage|p1a: Zarude|235/288\n|-sidestart|p1: Nishorgo|Spikes\n|-damage|p2a: Samurott|239/265|[from] item: Life Orb\n|\n|upkeep\n|turn|2\n|\n|t:|1771144534\n|move|p1a: Zarude|Knock Off|p2a: Samurott\n|-damage|p2a: Samurott|0 fnt\n|-enditem|p2a: Samurott|Life Orb|[from] move: Knock Off|[of] p1a: Zarude\n|faint|p2a: Samurott\n|-damage|p1a: Zarude|207/288|[from] item: Life Orb\n|\n|upkeep\n|inactive|ROCK ROSE has 120 seconds left.\n|\n|t:|1771144566\n|switch|p2a: Greninja|Greninja, L80, M|246/246\n|turn|3\n|\n|t:|1771144573\n|switch|p1a: Tinkaton|Tinkaton, L82, F|274/274\n|-damage|p1a: Tinkaton|240/274|[from] Spikes\n|-ability|p1a: Tinkaton|Mold Breaker\n|move|p2a: Greninja|U-turn|p1a: Tinkaton\n|-start|p2a: Greninja|typechange|Bug|[from] ability: Protean\n|-resisted|p1a: Tinkaton\n|-damage|p1a: Tinkaton|215/274\n|-damage|p2a: Greninja|222/246|[from] item: Life Orb\n|\n|t:|1771144588\n|switch|p2a: Rhydon|Rhydon, L85, F|317/317|[from] U-turn\n|\n|-heal|p1a: Tinkaton|232/274|[from] item: Leftovers\n|upkeep\n|turn|4\n|\n|t:|1771144606\n|switch|p1a: Hariyama|Hariyama, L87, M|392/392\n|-damage|p1a: Hariyama|343/392|[from] Spikes\n|move|p2a: Rhydon|Earthquake|p1a: Hariyama\n|-damage|p1a: Hariyama|177/392\n|\n|upkeep\n|turn|5\n|\n|t:|1771144623\n|switch|p2a: Hatterene|Hatterene, L85, F|236/236\n|move|p1a: Hariyama|Close Combat|p2a: Hatterene\n|-resisted|p2a: Hatterene\n|-damage|p2a: Hatterene|199/236\n|-unboost|p1a: Hariyama|def|1\n|-unboost|p1a: Hariyama|spd|1\n|\n|upkeep\n|turn|6\n|inactive|ROCK ROSE has 120 seconds left.\n|\n|t:|1771144652\n|switch|p2a: Hariyama|Hariyama, L87, M|392/392\n|move|p1a: Hariyama|Heavy Slam|p2a: Hariyama\n|-crit|p2a: Hariyama\n|-damage|p2a: Hariyama|326/392\n|\n|upkeep\n|turn|7\n|\n|t:|1771144671\n|switch|p1a: Flareon|Flareon, L90, M|263/263\n|-damage|p1a: Flareon|231/263|[from] Spikes\n|move|p2a: Hariyama|Close Combat|p1a: Flareon\n|-damage|p1a: Flareon|42/263\n|-unboost|p2a: Hariyama|def|1\n|-unboost|p2a: Hariyama|spd|1\n|\n|-status|p1a: Flareon|tox|[from] item: Toxic Orb\n|upkeep\n|turn|8\n|inactive|ROCK ROSE has 90 seconds left.\n|\n|t:|1771144702\n|switch|p2a: Hatterene|Hatterene, L85, F|199/236\n|move|p1a: Flareon|Facade|p2a: Hatterene\n|-crit|p2a: Hatterene\n|-damage|p2a: Hatterene|0 fnt\n|faint|p2a: Hatterene\n|\n|-damage|p1a: Flareon|26/263 tox|[from] psn\n|upkeep\n|inactive|ROCK ROSE has 90 seconds left.\n|\n|t:|1771144715\n|switch|p2a: Greninja|Greninja, L80, M|222/246\n|turn|9\n|inactive|ROCK ROSE has 90 seconds left.\n|\n|t:|1771144730\n|move|p2a: Greninja|Hydro Pump|p1a: Flareon\n|-start|p2a: Greninja|typechange|Water|[from] ability: Protean\n|-supereffective|p1a: Flareon\n|-damage|p1a: Flareon|0 fnt\n|faint|p1a: Flareon\n|-damage|p2a: Greninja|198/246|[from] item: Life Orb\n|\n|upkeep\n|\n|t:|1771144738\n|switch|p1a: Beartic|Beartic, L91, F|321/321\n|turn|10\n|\n|t:|1771144748\n|move|p2a: Greninja|U-turn|p1a: Beartic\n|-damage|p1a: Beartic|259/321\n|-damage|p2a: Greninja|174/246|[from] item: Life Orb\n|\n|t:|1771144752\n|switch|p2a: Hariyama|Hariyama, L87, M|326/392|[from] U-turn\n|move|p1a: Beartic|Snowscape|p1a: Beartic\n|-weather|Snowscape\n|\n|-weather|Snowscape|[upkeep]\n|upkeep\n|turn|11\n|\n|t:|1771144770\n|switch|p1a: Komala|Komala, L89, M|260/260\n|-damage|p1a: Komala|228/260|[from] Spikes\n|-ability|p1a: Komala|Comatose\n|move|p2a: Hariyama|Close Combat|p1a: Komala\n|-supereffective|p1a: Komala\n|-damage|p1a: Komala|0 fnt\n|-unboost|p2a: Hariyama|def|1\n|-unboost|p2a: Hariyama|spd|1\n|faint|p1a: Komala\n|\n|-weather|Snowscape|[upkeep]\n|upkeep\n|\n|t:|1771144783\n|switch|p1a: Tinkaton|Tinkaton, L82, F|232/274\n|-damage|p1a: Tinkaton|198/274|[from] Spikes\n|-ability|p1a: Tinkaton|Mold Breaker\n|turn|12\n|\n|t:|1771144794\n|switch|p2a: Rhydon|Rhydon, L85, F|317/317\n|move|p1a: Tinkaton|Play Rough|p2a: Rhydon\n|-damage|p2a: Rhydon|278/317\n|\n|-weather|Snowscape|[upkeep]\n|-heal|p1a: Tinkaton|215/274|[from] item: Leftovers\n|upkeep\n|turn|13\n|\n|t:|1771144803\n|switch|p1a: Zarude|Zarude, L77|207/288\n|-damage|p1a: Zarude|171/288|[from] Spikes\n|move|p2a: Rhydon|Earthquake|p1a: Zarude\n|-resisted|p1a: Zarude\n|-damage|p1a: Zarude|108/288\n|\n|-weather|Snowscape|[upkeep]\n|upkeep\n|turn|14\n|\n|t:|1771144817\n|switch|p2a: Hariyama|Hariyama, L87, M|326/392\n|move|p1a: Zarude|Power Whip|p2a: Hariyama\n|-damage|p2a: Hariyama|119/392\n|-damage|p1a: Zarude|80/288|[from] item: Life Orb\n|\n|-weather|none\n|upkeep\n|turn|15\n|\n|t:|1771144841\n|move|p1a: Zarude|Power Whip|p2a: Hariyama\n|-damage|p2a: Hariyama|0 fnt\n|faint|p2a: Hariyama\n|-damage|p1a: Zarude|52/288|[from] item: Life Orb\n|\n|upkeep\n|\n|t:|1771144852\n|switch|p2a: Greninja|Greninja, L80, M|174/246\n|turn|16\n|\n|t:|1771144863\n|switch|p1a: Beartic|Beartic, L91, F|259/321\n|move|p2a: Greninja|U-turn|p1a: Beartic\n|-start|p2a: Greninja|typechange|Bug|[from] ability: Protean\n|-damage|p1a: Beartic|176/321\n|-damage|p2a: Greninja|150/246|[from] item: Life Orb\n|\n|t:|1771144868\n|switch|p2a: Mewtwo|Mewtwo, L72|272/272|[from] U-turn\n|-ability|p2a: Mewtwo|Unnerve\n|\n|upkeep\n|turn|17\n|inactive|Nishorgo has 120 seconds left.\n|\n|t:|1771144900\n|move|p2a: Mewtwo|Fire Blast|p1a: Beartic\n|-supereffective|p1a: Beartic\n|-damage|p1a: Beartic|0 fnt\n|faint|p1a: Beartic\n|\n|upkeep\n|inactive|Nishorgo has 120 seconds left.\n|\n|t:|1771144905\n|switch|p1a: Hariyama|Hariyama, L87, M|177/392\n|-damage|p1a: Hariyama|128/392|[from] Spikes\n|turn|18\n|inactive|ROCK ROSE has 120 seconds left.\n|\n|t:|1771144927\n|switch|p2a: Greninja|Greninja, L80, M|150/246\n|move|p1a: Hariyama|Knock Off|p2a: Greninja\n|-resisted|p2a: Greninja\n|-damage|p2a: Greninja|96/246\n|-enditem|p2a: Greninja|Life Orb|[from] move: Knock Off|[of] p1a: Hariyama\n|\n|upkeep\n|turn|19\n|inactive|Nishorgo has 120 seconds left.\n|\n|t:|1771144944\n|move|p2a: Greninja|Hydro Pump|p1a: Hariyama\n|-start|p2a: Greninja|typechange|Water|[from] ability: Protean\n|-damage|p1a: Hariyama|38/392\n|move|p1a: Hariyama|Close Combat|p2a: Greninja\n|-damage|p2a: Greninja|0 fnt\n|-unboost|p1a: Hariyama|def|1\n|-unboost|p1a: Hariyama|spd|1\n|faint|p2a: Greninja\n|\n|upkeep\n|\n|t:|1771144952\n|switch|p2a: Mewtwo|Mewtwo, L72|272/272\n|-ability|p2a: Mewtwo|Unnerve\n|turn|20\n|\n|t:|1771144959\n|move|p2a: Mewtwo|Fire Blast|p1a: Hariyama\n|-damage|p1a: Hariyama|0 fnt\n|faint|p1a: Hariyama\n|\n|upkeep\n|\n|t:|1771144965\n|switch|p1a: Tinkaton|Tinkaton, L82, F|215/274\n|-damage|p1a: Tinkaton|181/274|[from] Spikes\n|-ability|p1a: Tinkaton|Mold Breaker\n|turn|21\n|inactive|ROCK ROSE has 120 seconds left.\n|\n|t:|1771144977\n|switch|p2a: Rhydon|Rhydon, L85, F|278/317\n|-terastallize|p1a: Tinkaton|Steel\n|move|p1a: Tinkaton|Gigaton Hammer|p2a: Rhydon\n|-supereffective|p2a: Rhydon\n|-damage|p2a: Rhydon|86/317\n|\n|-heal|p1a: Tinkaton|198/274|[from] item: Leftovers\n|upkeep\n|turn|22\n|\n|t:|1771144987\n|switch|p1a: Zarude|Zarude, L77|52/288\n|-damage|p1a: Zarude|16/288|[from] Spikes\n|move|p2a: Rhydon|Earthquake|p1a: Zarude\n|-resisted|p1a: Zarude\n|-damage|p1a: Zarude|0 fnt\n|faint|p1a: Zarude\n|\n|upkeep\n|\n|t:|1771144993\n|switch|p1a: Tinkaton|Tinkaton, L82, F, tera:Steel|198/274\n|-damage|p1a: Tinkaton|164/274|[from] Spikes\n|-ability|p1a: Tinkaton|Mold Breaker\n|turn|23\n|\n|t:|1771145001\n|move|p1a: Tinkaton|Knock Off|p2a: Rhydon\n|-crit|p2a: Rhydon\n|-damage|p2a: Rhydon|46/317\n|-enditem|p2a: Rhydon|Eviolite|[from] move: Knock Off|[of] p1a: Tinkaton\n|move|p2a: Rhydon|Earthquake|p1a: Tinkaton\n|-supereffective|p1a: Tinkaton\n|-damage|p1a: Tinkaton|0 fnt\n|faint|p1a: Tinkaton\n|\n|win|ROCK ROSE\n|raw|Nishorgo's rating: 1717 &rarr; <strong>1697</strong><br />(-20 for losing)\n|raw|ROCK ROSE's rating: 1716 &rarr; <strong>1736</strong><br />(+20 for winning)\n", "inputlog": ">version 686819e5e19f8a7fd2345cfc5a08a5085efa2cc3\n>start {\"formatid\":\"gen9randombattle\",\"seed\":\"sodium,a2d3c46afde2084afc38c8aeebc44191\",\"rated\":\"Rated battle\"}\n>player p1 {\"name\":\"Nishorgo\",\"avatar\":\"1\",\"rating\":1717,\"seed\":\"sodium,e6636578eebf4c618a575d730b4915a2\"}\n>player p2 {\"name\":\"ROCK ROSE\",\"avatar\":\"maid\",\"rating\":1716,\"seed\":\"sodium,da89e580e2142cfcf6391f355af5538f\"}\n>p1 move swordsdance\n>p2 move ceaselessedge terastallize\n>p1 move knockoff\n>p2 move ceaselessedge\n>p2 switch 4\n>p1 switch 4\n>p2 move uturn\n>p2 switch 5\n>p1 switch 5\n>p2 move earthquake\n>p1 move closecombat\n>p2 switch 3\n>p1 move heavyslam\n>p2 switch 6\n>p1 switch 6\n>p2 move closecombat\n>p1 move facade\n>p2 switch 6\n>p2 switch 5\n>p1 move facade\n>p2 move hydropump\n>p1 switch 3\n>p1 move snowscape\n>p2 move uturn\n>p2 switch 6\n>p1 switch 2\n>p2 move closecombat\n>p1 switch 5\n>p1 move playrough\n>p2 switch 3\n>p1 switch 4\n>p2 move earthquake\n>p1 move powerwhip\n>p2 switch 3\n>p1 move powerwhip\n>p2 move closecombat\n>p2 switch 6\n>p1 switch 2\n>p2 move uturn\n>p2 switch 2\n>p1 move iciclecrash\n>p2 move fireblast\n>p1 switch 6\n>p1 move knockoff\n>p2 switch 2\n>p1 move closecombat\n>p2 move hydropump\n>p2 switch 2\n>p1 move knockoff\n>p2 move fireblast\n>p1 switch 4\n>p1 move gigatonhammer terastallize\n>p2 switch 3\n>p1 switch 2\n>p2 move earthquake\n>p1 switch 2\n>p1 move knockoff\n>p2 move earthquake", "uploadtime": 1771145004, "views": 16, "formatid": "gen9randombattle", "rating": 1697, "private": 0, "password": null}