{"id": "gen9randombattle-2540345862", "format": "[Gen 9] Random Battle", "players": ["Dezurom", "Uhhhhf"], "log": "|j|☆Dezurom\n|j|‽Uhhhhf\n|t:|1771191188\n|gametype|singles\n|player|p1|Dezurom|steven|1874\n|player|p2|Uhhhhf|265|1819\n|gen|9\n|tier|[Gen 9] Random Battle\n|rated|\n|rule|Species Clause: Limit one of each Pokémon\n|rule|HP Percentage Mod: HP is shown in percentages\n|rule|Sleep Clause Mod: Limit one foe put to sleep\n|rule|Illusion Level Mod: Illusion disguises the Pokémon's true level\n|\n|t:|1771191188\n|teamsize|p1|6\n|teamsize|p2|6\n|start\n|switch|p1a: Volcarona|Volcarona, L77, M|257/257\n|switch|p2a: Bellossom|Bellossom, L84, F|263/263\n|turn|1\n|inactive|Battle timer is ON: inactive players will automatically lose when time's up. (requested by Dezurom)\n|\n|t:|1771191211\n|switch|p2a: Torkoal|Torkoal, L88, M|266/266\n|-weather|SunnyDay|[from] ability: Drought|[of] p2a: Torkoal\n|move|p1a: Volcarona|Quiver Dance|p1a: Volcarona\n|-boost|p1a: Volcarona|spa|1\n|-boost|p1a: Volcarona|spd|1\n|-boost|p1a: Volcarona|spe|1\n|\n|-weather|SunnyDay|[upkeep]\n|upkeep\n|turn|2\n|\n|t:|1771191221\n|move|p1a: Volcarona|Fire Blast|p2a: Torkoal\n|-resisted|p2a: Torkoal\n|-damage|p2a: Torkoal|95/266\n|move|p2a: Torkoal|Yawn|p1a: Volcarona\n|-start|p1a: Volcarona|move: Yawn|[of] p2a: Torkoal\n|\n|-weather|SunnyDay|[upkeep]\n|upkeep\n|turn|3\n|\n|t:|1771191232\n|switch|p1a: Conkeldurr|Conkeldurr, L80, F|299/299\n|move|p2a: Torkoal|Lava Plume|p1a: Conkeldurr\n|-damage|p1a: Conkeldurr|145/299\n|\n|-weather|SunnyDay|[upkeep]\n|-status|p1a: Conkeldurr|brn|[from] item: Flame Orb\n|upkeep\n|turn|4\n|\n|t:|1771191244\n|move|p1a: Conkeldurr|Facade|p2a: Torkoal\n|-damage|p2a: Torkoal|0 fnt\n|faint|p2a: Torkoal\n|\n|-weather|SunnyDay|[upkeep]\n|-damage|p1a: Conkeldurr|127/299 brn|[from] brn\n|upkeep\n|\n|t:|1771191253\n|switch|p2a: Iron Moth|Iron Moth, L78|253/253\n|turn|5\n|\n|t:|1771191260\n|move|p2a: Iron Moth|Fiery Dance|p1a: Conkeldurr\n|-damage|p1a: Conkeldurr|0 fnt\n|-boost|p2a: Iron Moth|spa|1\n|faint|p1a: Conkeldurr\n|\n|-weather|none\n|upkeep\n|\n|t:|1771191267\n|switch|p1a: Flygon|Flygon, L82, F|265/265\n|turn|6\n|\n|t:|1771191287\n|move|p1a: Flygon|Earthquake|p2a: Iron Moth\n|-supereffective|p2a: Iron Moth\n|-crit|p2a: Iron Moth\n|-damage|p2a: Iron Moth|0 fnt\n|faint|p2a: Iron Moth\n|-end|p2a: Iron Moth|Quark Drive|[silent]\n|\n|upkeep\n|\n|t:|1771191298\n|switch|p2a: Bellossom|Bellossom, L84, F|263/263\n|turn|7\n|\n|t:|1771191310\n|switch|p1a: Volcarona|Volcarona, L77, M|257/257\n|move|p2a: Bellossom|Quiver Dance|p2a: Bellossom\n|-boost|p2a: Bellossom|spa|1\n|-boost|p2a: Bellossom|spd|1\n|-boost|p2a: Bellossom|spe|1\n|\n|upkeep\n|turn|8\n|\n|t:|1771191334\n|switch|p2a: Urshifu|Urshifu, L74, F|270/270\n|move|p1a: Volcarona|Quiver Dance|p1a: Volcarona\n|-boost|p1a: Volcarona|spa|1\n|-boost|p1a: Volcarona|spd|1\n|-boost|p1a: Volcarona|spe|1\n|\n|upkeep\n|turn|9\n|\n|t:|1771191361\n|switch|p1a: Sandaconda|Sandaconda, L84, F|258/258\n|move|p2a: Urshifu|Wicked Blow|p1a: Sandaconda\n|-crit|p1a: Sandaconda\n|-damage|p1a: Sandaconda|159/258\n|\n|-heal|p1a: Sandaconda|175/258|[from] item: Leftovers\n|upkeep\n|turn|10\n|\n|t:|1771191371\n|switch|p2a: Raikou|Raikou, L81|278/278\n|-ability|p2a: Raikou|Pressure\n|move|p1a: Sandaconda|Glare|p2a: Raikou\n|-immune|p2a: Raikou\n|\n|-heal|p1a: Sandaconda|191/258|[from] item: Leftovers\n|upkeep\n|turn|11\n|inactive|Dezurom has 120 seconds left.\n|\n|t:|1771191404\n|-terastallize|p2a: Raikou|Water\n|-terastallize|p1a: Sandaconda|Dragon\n|move|p2a: Raikou|Scald|p1a: Sandaconda\n|-resisted|p1a: Sandaconda\n|-damage|p1a: Sandaconda|142/258\n|move|p1a: Sandaconda|Earthquake|p2a: Raikou\n|-damage|p2a: Raikou|139/278\n|\n|-heal|p2a: Raikou|156/278|[from] item: Leftovers\n|-heal|p1a: Sandaconda|158/258|[from] item: Leftovers\n|upkeep\n|turn|12\n|\n|t:|1771191419\n|move|p2a: Raikou|Shadow Ball|p1a: Sandaconda\n|-damage|p1a: Sandaconda|82/258\n|move|p1a: Sandaconda|Coil|p1a: Sandaconda\n|-boost|p1a: Sandaconda|atk|1\n|-boost|p1a: Sandaconda|def|1\n|-boost|p1a: Sandaconda|accuracy|1\n|\n|-heal|p2a: Raikou|173/278|[from] item: Leftovers\n|-heal|p1a: Sandaconda|98/258|[from] item: Leftovers\n|upkeep\n|turn|13\n|\n|t:|1771191428\n|move|p2a: Raikou|Scald|p1a: Sandaconda\n|-resisted|p1a: Sandaconda\n|-damage|p1a: Sandaconda|42/258\n|move|p1a: Sandaconda|Earthquake|p2a: Raikou\n|-damage|p2a: Raikou|0 fnt\n|faint|p2a: Raikou\n|\n|-heal|p1a: Sandaconda|58/258|[from] item: Leftovers\n|upkeep\n|inactive|Uhhhhf has 120 seconds left.\n|\n|t:|1771191449\n|switch|p2a: Urshifu|Urshifu, L74, F|270/270\n|turn|14\n|inactive|Uhhhhf has 120 seconds left.\n|\n|t:|1771191457\n|move|p2a: Urshifu|Wicked Blow|p1a: Sandaconda\n|-crit|p1a: Sandaconda\n|-damage|p1a: Sandaconda|0 fnt\n|faint|p1a: Sandaconda\n|\n|upkeep\n|\n|t:|1771191465\n|switch|p1a: Scizor|Scizor, L79, F|240/240\n|turn|15\n|\n|t:|1771191470\n|move|p2a: Urshifu|Wicked Blow|p1a: Scizor\n|-crit|p1a: Scizor\n|-damage|p1a: Scizor|137/240\n|move|p1a: Scizor|U-turn|p2a: Urshifu\n|-damage|p2a: Urshifu|134/270\n|\n|t:|1771191490\n|switch|p1a: Flygon|Flygon, L82, F|265/265|[from] U-turn\n|\n|upkeep\n|turn|16\n|\n|t:|1771191504\n|move|p1a: Flygon|Earthquake|p2a: Urshifu\n|-damage|p2a: Urshifu|32/270\n|move|p2a: Urshifu|Wicked Blow|p1a: Flygon\n|-crit|p1a: Flygon\n|-damage|p1a: Flygon|133/265\n|\n|upkeep\n|turn|17\n|\n|t:|1771191512\n|switch|p2a: Bellossom|Bellossom, L84, F|263/263\n|move|p1a: Flygon|Earthquake|p2a: Bellossom\n|-resisted|p2a: Bellossom\n|-damage|p2a: Bellossom|211/263\n|\n|-heal|p2a: Bellossom|227/263|[from] item: Leftovers\n|upkeep\n|turn|18\n|\n|t:|1771191521\n|switch|p1a: Volcarona|Volcarona, L77, M|257/257\n|move|p2a: Bellossom|Moonblast|p1a: Volcarona\n|-resisted|p1a: Volcarona\n|-damage|p1a: Volcarona|228/257\n|\n|-heal|p2a: Bellossom|243/263|[from] item: Leftovers\n|upkeep\n|turn|19\n|-message|Uhhhhf forfeited.\n|\n|win|Dezurom\n|raw|Dezurom's rating: 1874 &rarr; <strong>1891</strong><br />(+17 for winning)\n|raw|Uhhhhf's rating: 1819 &rarr; <strong>1802</strong><br />(-17 for losing)\n|l|‽Uhhhhf\n|player|p2|\n", "inputlog": ">version 686819e5e19f8a7fd2345cfc5a08a5085efa2cc3\n>start {\"formatid\":\"gen9randombattle\",\"seed\":\"sodium,29d928efcb788f10dbf93e0312196ce4\",\"rated\":\"Rated battle\"}\n>player p1 {\"name\":\"Dezurom\",\"avatar\":\"steven\",\"rating\":1874,\"seed\":\"sodium,d58fb0d586c3a1514d4c9df250794a94\"}\n>player p2 {\"name\":\"Uhhhhf\",\"avatar\":\"265\",\"rating\":1819,\"seed\":\"sodium,65bd2a54a767bc3b73cfbf503d50ed67\"}\n>p1 move quiverdance\n>p2 switch 6\n>p1 move fireblast\n>p2 move yawn\n>p1 switch 2\n>p2 move lavaplume\n>p1 move facade\n>p2 move lavaplume\n>p2 switch 5\n>p1 move facade\n>p2 move fierydance\n>p1 switch 4\n>p1 move earthquake\n>p2 move energyball\n>p2 switch 6\n>p1 switch 2\n>p2 move quiverdance\n>p1 move quiverdance\n>p2 switch 4\n>p1 switch 6\n>p2 move wickedblow\n>p1 move glare\n>p2 switch 2\n>p1 move earthquake terastallize\n>p2 move scald terastallize\n>p1 move coil\n>p2 move shadowball\n>p1 move earthquake\n>p2 move scald\n>p2 switch 2\n>p1 move glare\n>p2 move wickedblow\n>p1 switch 5\n>p1 move uturn\n>p2 move wickedblow\n>p1 switch 2\n>p1 move earthquake\n>p2 move wickedblow\n>p1 move earthquake\n>p2 switch 4\n>p1 switch 6\n>p2 move moonblast\n>forcelose p2", "uploadtime": 1771191540, "views": 8, "formatid": "gen9randombattle", "rating": 1802, "private": 0, "password": null}