{"id": "gen9randombattle-2540759485", "format": "[Gen 9] Random Battle", "players": ["amypohler", "paco0808"], "log": "|j|☆amypohler\n|j|☆paco0808\n|t:|1771250763\n|gametype|singles\n|player|p1|amypohler|lana|1631\n|player|p2|paco0808|266|1599\n|gen|9\n|tier|[Gen 9] Random Battle\n|rated|\n|rule|Species Clause: Limit one of each Pokémon\n|rule|HP Percentage Mod: HP is shown in percentages\n|rule|Sleep Clause Mod: Limit one foe put to sleep\n|rule|Illusion Level Mod: Illusion disguises the Pokémon's true level\n|\n|t:|1771250763\n|teamsize|p1|6\n|teamsize|p2|6\n|start\n|switch|p1a: Wo-Chien|Wo-Chien, L83|277/277\n|switch|p2a: Porygon2|Porygon2, L81|270/270\n|-ability|p1a: Wo-Chien|Tablets of Ruin\n|-ability|p2a: Porygon2|Download|boost\n|-boost|p2a: Porygon2|atk|1\n|turn|1\n|inactive|Battle timer is ON: inactive players will automatically lose when time's up. (requested by paco0808)\n|\n|t:|1771250783\n|move|p1a: Wo-Chien|Knock Off|p2a: Porygon2\n|-damage|p2a: Porygon2|207/270\n|-enditem|p2a: Porygon2|Eviolite|[from] move: Knock Off|[of] p1a: Wo-Chien\n|move|p2a: Porygon2|Thunder Wave|p1a: Wo-Chien\n|-status|p1a: Wo-Chien|par\n|\n|upkeep\n|turn|2\n|\n|t:|1771250811\n|move|p2a: Porygon2|Tera Blast|p1a: Wo-Chien\n|-damage|p1a: Wo-Chien|213/277 par\n|move|p1a: Wo-Chien|Stun Spore|p2a: Porygon2\n|-status|p2a: Porygon2|par\n|\n|-heal|p1a: Wo-Chien|230/277 par|[from] item: Leftovers\n|upkeep\n|turn|3\n|\n|t:|1771250823\n|cant|p1a: Wo-Chien|par\n|cant|p2a: Porygon2|par\n|\n|-heal|p1a: Wo-Chien|247/277 par|[from] item: Leftovers\n|upkeep\n|turn|4\n|\n|t:|1771250830\n|move|p1a: Wo-Chien|Ruination|p2a: Porygon2|[miss]\n|-miss|p1a: Wo-Chien|p2a: Porygon2\n|move|p2a: Porygon2|Recover|p2a: Porygon2\n|-heal|p2a: Porygon2|270/270 par\n|\n|-heal|p1a: Wo-Chien|264/277 par|[from] item: Leftovers\n|upkeep\n|turn|5\n|\n|t:|1771250837\n|move|p1a: Wo-Chien|Ruination|p2a: Porygon2\n|-damage|p2a: Porygon2|135/270 par\n|cant|p2a: Porygon2|par\n|\n|-heal|p1a: Wo-Chien|277/277 par|[from] item: Leftovers\n|upkeep\n|turn|6\n|\n|t:|1771250845\n|move|p1a: Wo-Chien|Ruination|p2a: Porygon2\n|-damage|p2a: Porygon2|68/270 par\n|move|p2a: Porygon2|Recover|p2a: Porygon2\n|-heal|p2a: Porygon2|203/270 par\n|\n|upkeep\n|turn|7\n|\n|t:|1771250866\n|switch|p2a: Clawitzer|Clawitzer, L87, M|265/265\n|move|p1a: Wo-Chien|Ruination|p2a: Clawitzer\n|-damage|p2a: Clawitzer|133/265\n|\n|upkeep\n|turn|8\n|\n|t:|1771250876\n|move|p2a: Clawitzer|Aura Sphere|p1a: Wo-Chien\n|-supereffective|p1a: Wo-Chien\n|-damage|p1a: Wo-Chien|61/277 par\n|move|p1a: Wo-Chien|Giga Drain|p2a: Clawitzer\n|-supereffective|p2a: Clawitzer\n|-damage|p2a: Clawitzer|0 fnt\n|-heal|p1a: Wo-Chien|128/277 par|[from] drain|[of] p2a: Clawitzer\n|faint|p2a: Clawitzer\n|\n|-heal|p1a: Wo-Chien|145/277 par|[from] item: Leftovers\n|upkeep\n|\n|t:|1771250883\n|switch|p2a: Barraskewda|Barraskewda, L81, M|231/231\n|turn|9\n|\n|t:|1771250892\n|switch|p1a: Hypno|Hypno, L95, M|315/315\n|move|p2a: Barraskewda|Close Combat|p1a: Hypno\n|-resisted|p1a: Hypno\n|-damage|p1a: Hypno|240/315\n|-unboost|p2a: Barraskewda|def|1\n|-unboost|p2a: Barraskewda|spd|1\n|\n|-heal|p1a: Hypno|259/315|[from] item: Leftovers\n|upkeep\n|turn|10\n|\n|t:|1771250902\n|switch|p2a: Brute Bonnet|Brute Bonnet, L81|312/312\n|move|p1a: Hypno|Toxic|p2a: Brute Bonnet\n|-status|p2a: Brute Bonnet|tox\n|\n|-heal|p1a: Hypno|278/315|[from] item: Leftovers\n|-damage|p2a: Brute Bonnet|293/312 tox|[from] psn\n|upkeep\n|turn|11\n|\n|t:|1771250910\n|move|p1a: Hypno|Protect|p1a: Hypno\n|-singleturn|p1a: Hypno|Protect\n|move|p2a: Brute Bonnet|Crunch|p1a: Hypno\n|-activate|p1a: Hypno|move: Protect\n|\n|-heal|p1a: Hypno|297/315|[from] item: Leftovers\n|-heal|p2a: Brute Bonnet|312/312 tox|[from] item: Leftovers\n|-damage|p2a: Brute Bonnet|274/312 tox|[from] psn\n|upkeep\n|turn|12\n|inactive|amypohler has 120 seconds left.\n|inactive|amypohler has 90 seconds left.\n|\n|t:|1771250977\n|switch|p1a: Cramorant|Cramorant, L86, M|261/261\n|-end|p2a: Brute Bonnet|Protosynthesis|[silent]\n|switch|p2a: Hitmontop|Hitmontop, L88, M|231/231\n|-ability|p2a: Hitmontop|Intimidate|boost\n|-unboost|p1a: Cramorant|atk|1\n|\n|upkeep\n|turn|13\n|inactive|amypohler has 90 seconds left.\n|\n|t:|1771250998\n|switch|p2a: Porygon2|Porygon2, L81|203/270 par\n|-ability|p2a: Porygon2|Download|boost\n|-boost|p2a: Porygon2|atk|1\n|move|p1a: Cramorant|Brave Bird|p2a: Porygon2\n|-damage|p2a: Porygon2|127/270 par\n|-damage|p1a: Cramorant|236/261|[from] Recoil\n|\n|upkeep\n|turn|14\n|\n|t:|1771251006\n|move|p1a: Cramorant|Surf|p2a: Porygon2\n|-formechange|p1a: Cramorant|Cramorant-Gulping|\n|-damage|p2a: Porygon2|40/270 par\n|cant|p2a: Porygon2|par\n|\n|upkeep\n|turn|15\n|\n|t:|1771251010\n|move|p1a: Cramorant|Surf|p2a: Porygon2\n|-damage|p2a: Porygon2|0 fnt\n|faint|p2a: Porygon2\n|\n|upkeep\n|\n|t:|1771251023\n|switch|p2a: Tyranitar|Tyranitar, L78, F|284/284\n|-weather|Sandstorm|[from] ability: Sand Stream|[of] p2a: Tyranitar\n|turn|16\n|inactive|amypohler has 90 seconds left.\n|\n|t:|1771251042\n|switch|p1a: Scrafty|Scrafty, L84, F|246/246\n|-ability|p1a: Scrafty|Intimidate|boost\n|-unboost|p2a: Tyranitar|atk|1\n|switch|p2a: Barraskewda|Barraskewda, L81, M|231/231\n|\n|-weather|Sandstorm|[upkeep]\n|-damage|p2a: Barraskewda|217/231|[from] Sandstorm\n|-damage|p1a: Scrafty|231/246|[from] Sandstorm\n|-heal|p1a: Scrafty|246/246|[from] item: Leftovers\n|upkeep\n|turn|17\n|inactive|amypohler has 90 seconds left.\n|\n|t:|1771251058\n|move|p2a: Barraskewda|Flip Turn|p1a: Scrafty\n|-damage|p1a: Scrafty|156/246\n|\n|t:|1771251062\n|switch|p2a: Hitmontop|Hitmontop, L88, M|231/231|[from] Flip Turn\n|-ability|p2a: Hitmontop|Intimidate|boost\n|-unboost|p1a: Scrafty|atk|1\n|move|p1a: Scrafty|Drain Punch|p2a: Hitmontop\n|-damage|p2a: Hitmontop|185/231\n|-heal|p1a: Scrafty|179/246|[from] drain|[of] p2a: Hitmontop\n|\n|-weather|Sandstorm|[upkeep]\n|-damage|p2a: Hitmontop|171/231|[from] Sandstorm\n|-damage|p1a: Scrafty|164/246|[from] Sandstorm\n|-heal|p1a: Scrafty|179/246|[from] item: Leftovers\n|upkeep\n|turn|18\n|inactive|amypohler has 90 seconds left.\n|\n|t:|1771251074\n|switch|p1a: Hypno|Hypno, L95, M|297/315\n|move|p2a: Hitmontop|Rapid Spin|p1a: Hypno\n|-damage|p1a: Hypno|257/315\n|-boost|p2a: Hitmontop|spe|1\n|\n|-weather|Sandstorm|[upkeep]\n|-damage|p2a: Hitmontop|157/231|[from] Sandstorm\n|-damage|p1a: Hypno|238/315|[from] Sandstorm\n|-heal|p1a: Hypno|257/315|[from] item: Leftovers\n|upkeep\n|turn|19\n|\n|t:|1771251082\n|move|p2a: Hitmontop|Sucker Punch|p1a: Hypno\n|-supereffective|p1a: Hypno\n|-damage|p1a: Hypno|145/315\n|move|p1a: Hypno|Psychic Noise|p2a: Hitmontop\n|-supereffective|p2a: Hitmontop\n|-damage|p2a: Hitmontop|67/231\n|-start|p2a: Hitmontop|move: Heal Block\n|\n|-weather|Sandstorm|[upkeep]\n|-damage|p2a: Hitmontop|53/231|[from] Sandstorm\n|-damage|p1a: Hypno|126/315|[from] Sandstorm\n|-heal|p1a: Hypno|145/315|[from] item: Leftovers\n|upkeep\n|turn|20\n|\n|t:|1771251094\n|move|p2a: Hitmontop|Stone Edge|p1a: Hypno\n|-damage|p1a: Hypno|67/315\n|move|p1a: Hypno|Toxic|p2a: Hitmontop\n|-status|p2a: Hitmontop|tox\n|\n|-weather|none\n|-heal|p1a: Hypno|86/315|[from] item: Leftovers\n|-damage|p2a: Hitmontop|39/231 tox|[from] psn\n|-end|p2a: Hitmontop|move: Heal Block\n|upkeep\n|turn|21\n|\n|t:|1771251100\n|switch|p2a: Brute Bonnet|Brute Bonnet, L81|274/312 tox\n|move|p1a: Hypno|Focus Blast|p2a: Brute Bonnet\n|-supereffective|p2a: Brute Bonnet\n|-crit|p2a: Brute Bonnet\n|-damage|p2a: Brute Bonnet|16/312 tox\n|\n|-heal|p1a: Hypno|105/315|[from] item: Leftovers\n|-heal|p2a: Brute Bonnet|35/312 tox|[from] item: Leftovers\n|-damage|p2a: Brute Bonnet|16/312 tox|[from] psn\n|upkeep\n|turn|22\n|-message|paco0808 forfeited.\n|\n|win|amypohler\n|raw|amypohler's rating: 1631 &rarr; <strong>1649</strong><br />(+18 for winning)\n|raw|paco0808's rating: 1599 &rarr; <strong>1581</strong><br />(-18 for losing)\n|l|☆paco0808\n|player|p2|\n", "inputlog": ">version 686819e5e19f8a7fd2345cfc5a08a5085efa2cc3\n>start {\"formatid\":\"gen9randombattle\",\"seed\":\"sodium,f15857f984d01569f157cb759d046dec\",\"rated\":\"Rated battle\"}\n>player p1 {\"name\":\"amypohler\",\"avatar\":\"lana\",\"rating\":1631,\"seed\":\"sodium,e0c8ce1394cdf686395321b3237daa7e\"}\n>player p2 {\"name\":\"paco0808\",\"avatar\":\"266\",\"rating\":1599,\"seed\":\"sodium,0e8be478665e54d01818b113e0aefc65\"}\n>p1 move knockoff\n>p2 move thunderwave\n>p1 move stunspore\n>p2 move terablast\n>p1 move gigadrain\n>p2 move terablast\n>p1 move ruination\n>p2 move recover\n>p1 move ruination\n>p2 move terablast\n>p1 move ruination\n>p2 move recover\n>p1 move ruination\n>p2 switch 5\n>p1 move gigadrain\n>p2 move aurasphere\n>p2 switch 3\n>p1 switch 3\n>p2 move closecombat\n>p1 move toxic\n>p2 switch 6\n>p1 move protect\n>p2 move crunch\n>p1 switch 5\n>p2 switch 4\n>p1 move bravebird\n>p2 switch 5\n>p1 move surf\n>p2 move recover\n>p1 move surf\n>p2 move thunderwave\n>p2 switch 2\n>p1 switch 2\n>p2 switch 6\n>p1 move drainpunch\n>p2 move flipturn\n>p2 switch 5\n>p1 switch 5\n>p2 move rapidspin\n>p1 move psychicnoise\n>p2 move suckerpunch\n>p1 move toxic\n>p2 move stoneedge\n>p1 move focusblast\n>p2 switch 4\n>forcelose p2", "uploadtime": 1771251112, "views": 7, "formatid": "gen9randombattle", "rating": 1581, "private": 0, "password": null}