{"id": "gen9randombattle-2540803139", "format": "[Gen 9] Random Battle", "players": ["IchMagWein", "BPLD"], "log": "|j|☆IchMagWein\n|j|☆BPLD\n|t:|1771255654\n|gametype|singles\n|player|p1|IchMagWein|101|1547\n|player|p2|BPLD|101|1579\n|gen|9\n|tier|[Gen 9] Random Battle\n|rated|\n|rule|Species Clause: Limit one of each Pokémon\n|rule|HP Percentage Mod: HP is shown in percentages\n|rule|Sleep Clause Mod: Limit one foe put to sleep\n|rule|Illusion Level Mod: Illusion disguises the Pokémon's true level\n|\n|t:|1771255654\n|teamsize|p1|6\n|teamsize|p2|6\n|start\n|switch|p1a: Minior|Minior-Green, L79|224/224\n|switch|p2a: Froslass|Froslass, L87, F|263/263\n|-formechange|p1a: Minior|Minior-Meteor||[from] ability: Shields Down\n|turn|1\n|\n|t:|1771255679\n|switch|p1a: Crabominable|Crabominable, L90, M|321/321\n|move|p2a: Froslass|Triple Axel|p1a: Crabominable\n|-resisted|p1a: Crabominable\n|-damage|p1a: Crabominable|311/321\n|-resisted|p1a: Crabominable\n|-damage|p1a: Crabominable|291/321\n|-resisted|p1a: Crabominable\n|-damage|p1a: Crabominable|264/321\n|-hitcount|p1a: Crabominable|3\n|\n|upkeep\n|turn|2\n|inactive|Battle timer is ON: inactive players will automatically lose when time's up. (requested by IchMagWein)\n|\n|t:|1771255697\n|move|p2a: Froslass|Will-O-Wisp|p1a: Crabominable\n|-status|p1a: Crabominable|brn\n|move|p1a: Crabominable|Knock Off|p2a: Froslass\n|-supereffective|p2a: Froslass\n|-damage|p2a: Froslass|138/263\n|-start|p1a: Crabominable|Disable|Knock Off|[from] ability: Cursed Body|[of] p2a: Froslass\n|-enditem|p2a: Froslass|Wide Lens|[from] move: Knock Off|[of] p1a: Crabominable\n|\n|-damage|p1a: Crabominable|244/321 brn|[from] brn\n|upkeep\n|turn|3\n|\n|t:|1771255713\n|move|p2a: Froslass|Poltergeist|p1a: Crabominable\n|-activate|p1a: Crabominable|move: Poltergeist|Assault Vest\n|-damage|p1a: Crabominable|124/321 brn\n|move|p1a: Crabominable|Earthquake|p2a: Froslass\n|-damage|p2a: Froslass|79/263\n|\n|-damage|p1a: Crabominable|104/321 brn|[from] brn\n|upkeep\n|turn|4\n|\n|t:|1771255730\n|move|p2a: Froslass|Poltergeist|p1a: Crabominable\n|-activate|p1a: Crabominable|move: Poltergeist|Assault Vest\n|-damage|p1a: Crabominable|0 fnt\n|faint|p1a: Crabominable\n|\n|upkeep\n|inactive|IchMagWein has 120 seconds left.\n|\n|t:|1771255751\n|switch|p1a: Keldeo|Keldeo-Resolute, L79|273/273\n|turn|5\n|\n|t:|1771255776\n|switch|p2a: Victreebel|Victreebel, L90, M|290/290\n|move|p1a: Keldeo|Hydro Pump|p2a: Victreebel|[miss]\n|-miss|p1a: Keldeo|p2a: Victreebel\n|\n|upkeep\n|turn|6\n|\n|t:|1771255786\n|switch|p1a: Chien-Pao|Chien-Pao, L72|234/234\n|-ability|p1a: Chien-Pao|Sword of Ruin\n|move|p2a: Victreebel|Power Whip|p1a: Chien-Pao\n|-damage|p1a: Chien-Pao|0 fnt\n|faint|p1a: Chien-Pao\n|-damage|p2a: Victreebel|261/290|[from] item: Life Orb\n|\n|upkeep\n|inactive|IchMagWein has 120 seconds left.\n|\n|t:|1771255826\n|switch|p1a: Hippowdon|Hippowdon, L82, M|311/311\n|-weather|Sandstorm|[from] ability: Sand Stream|[of] p1a: Hippowdon\n|turn|7\n|\n|t:|1771255834\n|-terastallize|p1a: Hippowdon|Steel\n|move|p2a: Victreebel|Sunny Day|p2a: Victreebel\n|-weather|SunnyDay\n|move|p1a: Hippowdon|Earthquake|p2a: Victreebel\n|-damage|p2a: Victreebel|141/290\n|\n|-weather|SunnyDay|[upkeep]\n|upkeep\n|turn|8\n|\n|t:|1771255845\n|move|p2a: Victreebel|Weather Ball|p1a: Hippowdon\n|-supereffective|p1a: Hippowdon\n|-damage|p1a: Hippowdon|0 fnt\n|faint|p1a: Hippowdon\n|-damage|p2a: Victreebel|112/290|[from] item: Life Orb\n|\n|-weather|SunnyDay|[upkeep]\n|upkeep\n|\n|t:|1771255858\n|switch|p1a: Maushold|Maushold, L76|238/238\n|turn|9\n|\n|t:|1771255864\n|move|p2a: Victreebel|Power Whip|p1a: Maushold\n|-crit|p1a: Maushold\n|-damage|p1a: Maushold|0 fnt\n|faint|p1a: Maushold\n|-damage|p2a: Victreebel|83/290|[from] item: Life Orb\n|\n|-weather|SunnyDay|[upkeep]\n|upkeep\n|\n|t:|1771255872\n|switch|p1a: Minior|Minior-Green, L79|224/224\n|-formechange|p1a: Minior|Minior-Meteor||[from] ability: Shields Down\n|turn|10\n|\n|t:|1771255890\n|move|p2a: Victreebel|Sludge Wave|p1a: Minior\n|-resisted|p1a: Minior\n|-damage|p1a: Minior|150/224\n|-damage|p2a: Victreebel|54/290|[from] item: Life Orb\n|move|p1a: Minior|Shell Smash|p1a: Minior\n|-unboost|p1a: Minior|def|1\n|-unboost|p1a: Minior|spd|1\n|-boost|p1a: Minior|atk|2\n|-boost|p1a: Minior|spa|2\n|-boost|p1a: Minior|spe|2\n|-enditem|p1a: Minior|White Herb\n|-clearnegativeboost|p1a: Minior|[silent]\n|\n|-weather|SunnyDay|[upkeep]\n|upkeep\n|turn|11\n|\n|t:|1771255904\n|move|p2a: Victreebel|Power Whip|p1a: Minior\n|-damage|p1a: Minior|0 fnt\n|faint|p1a: Minior\n|-damage|p2a: Victreebel|25/290|[from] item: Life Orb\n|\n|-weather|none\n|upkeep\n|-message|IchMagWein forfeited.\n|\n|win|BPLD\n|raw|IchMagWein's rating: 1547 &rarr; <strong>1529</strong><br />(-18 for losing)\n|raw|BPLD's rating: 1579 &rarr; <strong>1597</strong><br />(+18 for winning)\n|l|☆IchMagWein\n|player|p1|\n", "inputlog": ">version 686819e5e19f8a7fd2345cfc5a08a5085efa2cc3\n>start {\"formatid\":\"gen9randombattle\",\"seed\":\"sodium,d384797032c65093c0692814739224a4\",\"rated\":\"Rated battle\"}\n>player p1 {\"name\":\"IchMagWein\",\"avatar\":\"101\",\"rating\":1547,\"seed\":\"sodium,9c2d51c3f15933fe9f326c9785a50811\"}\n>player p2 {\"name\":\"BPLD\",\"avatar\":\"101\",\"rating\":1579,\"seed\":\"sodium,de83f84516bdec6a9663c4b274890561\"}\n>p1 switch 2\n>p2 move tripleaxel\n>p1 move knockoff\n>p2 move willowisp\n>p1 move earthquake\n>p2 move poltergeist\n>p1 move earthquake\n>p2 move poltergeist\n>p1 switch 3\n>p1 move hydropump\n>p2 switch 6\n>p1 switch 4\n>p2 move powerwhip\n>p1 switch 5\n>p1 move earthquake terastallize\n>p2 move sunnyday\n>p1 move earthquake\n>p2 move weatherball\n>p1 switch 6\n>p1 move populationbomb\n>p2 move powerwhip\n>p1 switch 2\n>p1 move shellsmash\n>p2 move sludgewave\n>p1 move acrobatics\n>p2 move powerwhip\n>forcelose p1", "uploadtime": 1771255917, "views": 5, "formatid": "gen9randombattle", "rating": 1529, "private": 0, "password": null}