{"id": "gen9randombattle-2540792666", "format": "[Gen 9] Random Battle", "players": ["Valenteddi", "Foster The Sheeple"], "log": "|j|☆Valenteddi\n|j|☆Foster The Sheeple\n|t:|1771254558\n|gametype|singles\n|player|p1|Valenteddi|265|1833\n|player|p2|Foster The Sheeple|dancer|1819\n|gen|9\n|tier|[Gen 9] Random Battle\n|rated|\n|rule|Species Clause: Limit one of each Pokémon\n|rule|HP Percentage Mod: HP is shown in percentages\n|rule|Sleep Clause Mod: Limit one foe put to sleep\n|rule|Illusion Level Mod: Illusion disguises the Pokémon's true level\n|\n|t:|1771254558\n|teamsize|p1|6\n|teamsize|p2|6\n|start\n|switch|p1a: Gumshoos|Gumshoos, L95, M|321/321\n|switch|p2a: Quaquaval|Quaquaval, L79, M|264/264\n|turn|1\n|inactive|Battle timer is ON: inactive players will automatically lose when time's up. (requested by Foster The Sheeple)\n|\n|t:|1771254586\n|move|p2a: Quaquaval|Knock Off|p1a: Gumshoos\n|-damage|p1a: Gumshoos|196/321\n|-enditem|p1a: Gumshoos|Choice Band|[from] move: Knock Off|[of] p2a: Quaquaval\n|move|p1a: Gumshoos|Double-Edge|p2a: Quaquaval\n|-damage|p2a: Quaquaval|45/264\n|-damage|p1a: Gumshoos|124/321|[from] Recoil\n|\n|upkeep\n|turn|2\n|\n|t:|1771254594\n|switch|p2a: Magcargo|Magcargo, L95, M|268/268\n|switch|p1a: Salamence|Salamence, L77, F|273/273\n|\n|upkeep\n|turn|3\n|\n|t:|1771254610\n|switch|p1a: Iron Hands|Iron Hands, L79|373/373\n|move|p2a: Magcargo|Yawn|p1a: Iron Hands\n|-start|p1a: Iron Hands|move: Yawn|[of] p2a: Magcargo\n|\n|upkeep\n|turn|4\n|inactive|Valenteddi has 120 seconds left.\n|\n|t:|1771254645\n|-end|p1a: Iron Hands|Quark Drive|[silent]\n|switch|p1a: Gumshoos|Gumshoos, L95, M|124/321\n|move|p2a: Magcargo|Stealth Rock|p1a: Gumshoos\n|-sidestart|p1: Valenteddi|move: Stealth Rock\n|\n|upkeep\n|turn|5\n|\n|t:|1771254659\n|switch|p2a: Gogoat|Gogoat, L88, M|360/360\n|move|p1a: Gumshoos|Earthquake|p2a: Gogoat\n|-resisted|p2a: Gogoat\n|-damage|p2a: Gogoat|241/360\n|\n|-heal|p2a: Gogoat|263/360|[from] item: Leftovers\n|upkeep\n|turn|6\n|\n|t:|1771254668\n|move|p2a: Gogoat|Milk Drink|p2a: Gogoat\n|-heal|p2a: Gogoat|360/360\n|move|p1a: Gumshoos|U-turn|p2a: Gogoat\n|-supereffective|p2a: Gogoat\n|-damage|p2a: Gogoat|194/360\n|\n|t:|1771254678\n|switch|p1a: Salamence|Salamence, L77, F|273/273|[from] U-turn\n|\n|-heal|p2a: Gogoat|216/360|[from] item: Leftovers\n|upkeep\n|turn|7\n|\n|t:|1771254687\n|switch|p2a: Magcargo|Magcargo, L95, M|268/268\n|move|p1a: Salamence|Dragon Dance|p1a: Salamence\n|-boost|p1a: Salamence|atk|1\n|-boost|p1a: Salamence|spe|1\n|\n|upkeep\n|turn|8\n|\n|t:|1771254703\n|switch|p1a: Iron Hands|Iron Hands, L79|373/373\n|-damage|p1a: Iron Hands|350/373|[from] Stealth Rock\n|switch|p2a: Quaquaval|Quaquaval, L79, M|45/264\n|\n|upkeep\n|turn|9\n|\n|t:|1771254714\n|move|p2a: Quaquaval|U-turn|p1a: Iron Hands\n|-resisted|p1a: Iron Hands\n|-damage|p1a: Iron Hands|317/373\n|\n|t:|1771254724\n|switch|p2a: Magcargo|Magcargo, L95, M|268/268|[from] U-turn\n|move|p1a: Iron Hands|Volt Switch|p2a: Magcargo\n|-damage|p2a: Magcargo|228/268\n|\n|t:|1771254731\n|-end|p1a: Iron Hands|Quark Drive|[silent]\n|switch|p1a: Beartic|Beartic, L91, M|321/321|[from] Volt Switch\n|\n|upkeep\n|turn|10\n|\n|t:|1771254741\n|move|p1a: Beartic|Earthquake|p2a: Magcargo\n|-supereffective|p2a: Magcargo\n|-damage|p2a: Magcargo|0 fnt\n|faint|p2a: Magcargo\n|\n|upkeep\n|\n|t:|1771254748\n|switch|p2a: Quaquaval|Quaquaval, L79, M|45/264\n|turn|11\n|\n|t:|1771254754\n|move|p2a: Quaquaval|Knock Off|p1a: Beartic\n|-damage|p1a: Beartic|207/321\n|-enditem|p1a: Beartic|Heavy-Duty Boots|[from] move: Knock Off|[of] p2a: Quaquaval\n|move|p1a: Beartic|Earthquake|p2a: Quaquaval\n|-damage|p2a: Quaquaval|0 fnt\n|faint|p2a: Quaquaval\n|\n|upkeep\n|\n|t:|1771254774\n|switch|p2a: Slowking|Slowking-Galar, L85, M|300/300\n|turn|12\n|\n|t:|1771254781\n|move|p1a: Beartic|Earthquake|p2a: Slowking\n|-supereffective|p2a: Slowking\n|-damage|p2a: Slowking|76/300\n|move|p2a: Slowking|Fire Blast|p1a: Beartic\n|-supereffective|p1a: Beartic\n|-damage|p1a: Beartic|41/321\n|\n|upkeep\n|turn|13\n|\n|t:|1771254796\n|switch|p2a: Iron Bundle|Iron Bundle, L78|215/215\n|move|p1a: Beartic|Icicle Crash|p2a: Iron Bundle\n|-resisted|p2a: Iron Bundle\n|-damage|p2a: Iron Bundle|187/215\n|\n|upkeep\n|turn|14\n|\n|t:|1771254807\n|move|p2a: Iron Bundle|Flip Turn|p1a: Beartic\n|-crit|p1a: Beartic\n|-damage|p1a: Beartic|0 fnt\n|faint|p1a: Beartic\n|\n|t:|1771254815\n|-end|p2a: Iron Bundle|Quark Drive|[silent]\n|switch|p2a: Slowking|Slowking-Galar, L85, M|176/300|[from] Flip Turn\n|\n|upkeep\n|\n|t:|1771254830\n|switch|p1a: Gumshoos|Gumshoos, L95, M|124/321\n|-damage|p1a: Gumshoos|84/321|[from] Stealth Rock\n|turn|15\n|\n|t:|1771254844\n|switch|p2a: Gogoat|Gogoat, L88, M|216/360\n|move|p1a: Gumshoos|Knock Off|p2a: Gogoat\n|-damage|p2a: Gogoat|0 fnt\n|-enditem|p2a: Gogoat|Leftovers|[from] move: Knock Off|[of] p1a: Gumshoos\n|faint|p2a: Gogoat\n|\n|upkeep\n|\n|t:|1771254852\n|switch|p2a: Iron Bundle|Iron Bundle, L78|187/215\n|turn|16\n|\n|t:|1771254856\n|move|p2a: Iron Bundle|Ice Beam|p1a: Gumshoos\n|-damage|p1a: Gumshoos|0 fnt\n|faint|p1a: Gumshoos\n|\n|upkeep\n|\n|t:|1771254862\n|switch|p1a: Iron Hands|Iron Hands, L79|317/373\n|-damage|p1a: Iron Hands|294/373|[from] Stealth Rock\n|turn|17\n|\n|t:|1771254866\n|-end|p2a: Iron Bundle|Quark Drive|[silent]\n|switch|p2a: Vileplume|Vileplume, L85, M|266/266\n|move|p1a: Iron Hands|Thunder Punch|p2a: Vileplume\n|-resisted|p2a: Vileplume\n|-crit|p2a: Vileplume\n|-damage|p2a: Vileplume|189/266\n|\n|-heal|p2a: Vileplume|205/266|[from] item: Leftovers\n|upkeep\n|turn|18\n|\n|t:|1771254876\n|move|p2a: Vileplume|Sludge Bomb|p1a: Iron Hands\n|-damage|p1a: Iron Hands|200/373\n|move|p1a: Iron Hands|Volt Switch|p2a: Vileplume\n|-resisted|p2a: Vileplume\n|-damage|p2a: Vileplume|187/266\n|\n|t:|1771254880\n|-end|p1a: Iron Hands|Quark Drive|[silent]\n|switch|p1a: Salamence|Salamence, L77, F|273/273|[from] Volt Switch\n|\n|-heal|p2a: Vileplume|203/266|[from] item: Leftovers\n|upkeep\n|turn|19\n|\n|t:|1771254889\n|-terastallize|p2a: Vileplume|Water\n|move|p1a: Salamence|Dragon Dance|p1a: Salamence\n|-boost|p1a: Salamence|atk|1\n|-boost|p1a: Salamence|spe|1\n|move|p2a: Vileplume|Leech Seed|p1a: Salamence|[miss]\n|-miss|p2a: Vileplume|p1a: Salamence\n|\n|-heal|p2a: Vileplume|219/266|[from] item: Leftovers\n|upkeep\n|turn|20\n|\n|t:|1771254895\n|move|p1a: Salamence|Dual Wingbeat|p2a: Vileplume\n|-damage|p2a: Vileplume|144/266\n|-status|p1a: Salamence|psn|[from] ability: Effect Spore|[of] p2a: Vileplume\n|-damage|p2a: Vileplume|66/266\n|-hitcount|p2a: Vileplume|2\n|move|p2a: Vileplume|Strength Sap|p1a: Salamence\n|-unboost|p1a: Salamence|atk|1\n|-heal|p2a: Vileplume|266/266\n|\n|-damage|p1a: Salamence|239/273 psn|[from] psn\n|upkeep\n|turn|21\n|\n|t:|1771254911\n|switch|p1a: Iron Hands|Iron Hands, L79|200/373\n|-damage|p1a: Iron Hands|177/373|[from] Stealth Rock\n|move|p2a: Vileplume|Strength Sap|p1a: Iron Hands\n|-unboost|p1a: Iron Hands|atk|1\n|\n|upkeep\n|turn|22\n|\n|t:|1771254920\n|move|p2a: Vileplume|Sludge Bomb|p1a: Iron Hands\n|-damage|p1a: Iron Hands|89/373\n|-status|p1a: Iron Hands|psn\n|move|p1a: Iron Hands|Volt Switch|p2a: Vileplume\n|-supereffective|p2a: Vileplume\n|-damage|p2a: Vileplume|188/266\n|\n|t:|1771254924\n|-end|p1a: Iron Hands|Quark Drive|[silent]\n|switch|p1a: Pawmot|Pawmot, L80, F|243/243|[from] Volt Switch\n|-damage|p1a: Pawmot|228/243|[from] Stealth Rock\n|\n|-heal|p2a: Vileplume|204/266|[from] item: Leftovers\n|upkeep\n|turn|23\n|\n|t:|1771254940\n|switch|p2a: Iron Bundle|Iron Bundle, L78|187/215\n|-terastallize|p1a: Pawmot|Electric\n|move|p1a: Pawmot|Double Shock|p2a: Iron Bundle\n|-supereffective|p2a: Iron Bundle\n|-damage|p2a: Iron Bundle|0 fnt\n|-start|p1a: Pawmot|typechange|Electric|[from] move: Double Shock\n|faint|p2a: Iron Bundle\n|-end|p2a: Iron Bundle|Quark Drive|[silent]\n|-damage|p1a: Pawmot|204/243|[from] item: Life Orb\n|\n|upkeep\n|\n|t:|1771254947\n|switch|p2a: Slowking|Slowking-Galar, L85, M|276/300\n|turn|24\n|\n|t:|1771254955\n|switch|p1a: Iron Hands|Iron Hands, L79|89/373 psn\n|-damage|p1a: Iron Hands|66/373 psn|[from] Stealth Rock\n|move|p2a: Slowking|Future Sight|p1a: Iron Hands\n|-start|p2a: Slowking|move: Future Sight\n|\n|-damage|p1a: Iron Hands|20/373 psn|[from] psn\n|upkeep\n|turn|25\n|\n|t:|1771254970\n|switch|p2a: Vileplume|Vileplume, L85, M, tera:Water|204/266\n|move|p1a: Iron Hands|Thunder Punch|p2a: Vileplume\n|-supereffective|p2a: Vileplume\n|-damage|p2a: Vileplume|28/266\n|\n|-heal|p2a: Vileplume|44/266|[from] item: Leftovers\n|-damage|p1a: Iron Hands|0 fnt|[from] psn\n|faint|p1a: Iron Hands\n|-end|p1a: Iron Hands|Quark Drive|[silent]\n|upkeep\n|\n|t:|1771254980\n|switch|p1a: Salamence|Salamence, L77, F|239/273 psn\n|turn|26\n|\n|t:|1771254988\n|move|p1a: Salamence|Outrage|p2a: Vileplume\n|-crit|p2a: Vileplume\n|-damage|p2a: Vileplume|0 fnt\n|faint|p2a: Vileplume\n|-ability|p1a: Salamence|Moxie|boost\n|-boost|p1a: Salamence|atk|1\n|\n|-end|p1a: Salamence|move: Future Sight\n|-crit|p1a: Salamence\n|-damage|p1a: Salamence|0 fnt\n|faint|p1a: Salamence\n|upkeep\n|\n|t:|1771254993\n|switch|p1a: Pawmot|Pawmot, L80, F, tera:Electric|204/243\n|switch|p2a: Slowking|Slowking-Galar, L85, M|300/300\n|-damage|p1a: Pawmot|174/243|[from] Stealth Rock\n|turn|27\n|\n|t:|1771255019\n|move|p1a: Pawmot|Double Shock|p2a: Slowking\n|-damage|p2a: Slowking|43/300\n|-start|p1a: Pawmot|typechange|Electric|[from] move: Double Shock\n|-damage|p1a: Pawmot|150/243|[from] item: Life Orb\n|move|p2a: Slowking|Sludge Bomb|p1a: Pawmot\n|-damage|p1a: Pawmot|11/243\n|-status|p1a: Pawmot|psn\n|\n|-damage|p1a: Pawmot|0 fnt|[from] psn\n|faint|p1a: Pawmot\n|upkeep\n|\n|t:|1771255022\n|switch|p1a: Frosmoth|Frosmoth, L82, M|249/249\n|turn|28\n|\n|t:|1771255033\n|move|p1a: Frosmoth|Bug Buzz|p2a: Slowking\n|-damage|p2a: Slowking|0 fnt\n|faint|p2a: Slowking\n|\n|win|Valenteddi\n|raw|Valenteddi's rating: 1833 &rarr; <strong>1852</strong><br />(+19 for winning)\n|raw|Foster The Sheeple's rating: 1819 &rarr; <strong>1800</strong><br />(-19 for losing)\n|l|☆Foster The Sheeple\n|player|p2|\n", "inputlog": ">version 686819e5e19f8a7fd2345cfc5a08a5085efa2cc3\n>start {\"formatid\":\"gen9randombattle\",\"seed\":\"sodium,0f94fae0f0f97f9ddf34431f9c4815b9\",\"rated\":\"Rated battle\"}\n>player p1 {\"name\":\"Valenteddi\",\"avatar\":\"265\",\"rating\":1833,\"seed\":\"sodium,a5e81fa061f89da3b1e83a1bf26e23e4\"}\n>player p2 {\"name\":\"Foster The Sheeple\",\"avatar\":\"dancer\",\"rating\":1819,\"seed\":\"sodium,e8f4f9e3c3259534eb7f682bfae50e4c\"}\n>p1 move doubleedge\n>p2 move knockoff\n>p1 switch 3\n>p2 switch 2\n>p1 switch 4\n>p2 move yawn\n>p1 switch 3\n>p2 move stealthrock\n>p1 move earthquake\n>p2 switch 5\n>p1 move uturn\n>p2 move milkdrink\n>p1 switch 4\n>p1 move dragondance\n>p2 switch 5\n>p1 switch 3\n>p2 switch 2\n>p1 move voltswitch\n>p2 move uturn\n>p2 switch 2\n>p1 switch 6\n>p1 move earthquake\n>p2 move lavaplume\n>p2 switch 2\n>p1 move earthquake\n>p2 move knockoff\n>p2 switch 4\n>p1 move earthquake\n>p2 move fireblast\n>p1 move iciclecrash\n>p2 switch 6\n>p1 move earthquake\n>p2 move flipturn\n>p2 switch 6\n>p1 switch 4\n>p1 move knockoff\n>p2 switch 5\n>p2 switch 6\n>p1 move earthquake\n>p2 move icebeam\n>p1 switch 6\n>p1 move thunderpunch\n>p2 switch 3\n>p1 move voltswitch\n>p2 move sludgebomb\n>p1 switch 3\n>p1 move dragondance\n>p2 move leechseed terastallize\n>p1 move dualwingbeat\n>p2 move strengthsap\n>p1 switch 3\n>p2 move strengthsap\n>p1 move voltswitch\n>p2 move sludgebomb\n>p1 switch 2\n>p1 move doubleshock terastallize\n>p2 switch 3\n>p2 switch 5\n>p1 switch 2\n>p2 move futuresight\n>p1 move thunderpunch\n>p2 switch 3\n>p1 switch 3\n>p1 move outrage\n>p2 move strengthsap\n>p1 switch 2\n>p2 switch 3\n>p1 move doubleshock\n>p2 move sludgebomb\n>p1 switch 5\n>p1 move bugbuzz\n>p2 move fireblast", "uploadtime": 1771255036, "views": 5, "formatid": "gen9randombattle", "rating": 1800, "private": 0, "password": null}