{"id": "gen9randombattle-2539997694", "format": "[Gen 9] Random Battle", "players": ["nightplasma man", "im kz"], "log": "|j|☆nightplasma man\n|j|☆im kz\n|t:|1771141206\n|gametype|singles\n|player|p1|nightplasma man|veteran|1783\n|player|p2|im kz|larry|1817\n|gen|9\n|tier|[Gen 9] Random Battle\n|rated|\n|rule|Species Clause: Limit one of each Pokémon\n|rule|HP Percentage Mod: HP is shown in percentages\n|rule|Sleep Clause Mod: Limit one foe put to sleep\n|rule|Illusion Level Mod: Illusion disguises the Pokémon's true level\n|\n|t:|1771141206\n|teamsize|p1|6\n|teamsize|p2|6\n|start\n|switch|p1a: Dragalge|Dragalge, L88, M|258/258\n|switch|p2a: Oricorio|Oricorio-Sensu, L85, M|266/266\n|turn|1\n|inactive|Battle timer is ON: inactive players will automatically lose when time's up. (requested by im kz)\n|\n|t:|1771141228\n|move|p2a: Oricorio|Quiver Dance|p2a: Oricorio\n|-boost|p2a: Oricorio|spa|1\n|-boost|p2a: Oricorio|spd|1\n|-boost|p2a: Oricorio|spe|1\n|move|p1a: Dragalge|Draco Meteor|p2a: Oricorio\n|-damage|p2a: Oricorio|118/266\n|-unboost|p1a: Dragalge|spa|2\n|\n|upkeep\n|turn|2\n|\n|t:|1771141235\n|switch|p1a: Zebstrika|Zebstrika, L87, F|272/272\n|move|p2a: Oricorio|Roost|p2a: Oricorio\n|-heal|p2a: Oricorio|251/266\n|-singleturn|p2a: Oricorio|move: Roost\n|\n|upkeep\n|turn|3\n|\n|t:|1771141244\n|switch|p2a: Zebstrika|Zebstrika, L87, F|272/272\n|move|p1a: Zebstrika|Supercell Slam|p2a: Zebstrika\n|-resisted|p2a: Zebstrika\n|-damage|p2a: Zebstrika|176/272\n|-damage|p1a: Zebstrika|245/272|[from] item: Life Orb\n|\n|upkeep\n|turn|4\n|\n|t:|1771141255\n|switch|p2a: Oricorio|Oricorio-Sensu, L85, M|251/266\n|move|p1a: Zebstrika|High Horsepower|p2a: Oricorio\n|-immune|p2a: Oricorio\n|\n|upkeep\n|turn|5\n|\n|t:|1771141265\n|move|p1a: Zebstrika|Supercell Slam|p2a: Oricorio\n|-supereffective|p2a: Oricorio\n|-damage|p2a: Oricorio|0 fnt\n|faint|p2a: Oricorio\n|-damage|p1a: Zebstrika|218/272|[from] item: Life Orb\n|\n|upkeep\n|\n|t:|1771141268\n|switch|p2a: Leavanny|Leavanny, L86, M|269/269\n|turn|6\n|\n|t:|1771141275\n|switch|p2a: Toxapex|Toxapex, L82, M|216/216\n|move|p1a: Zebstrika|Overheat|p2a: Toxapex\n|-resisted|p2a: Toxapex\n|-damage|p2a: Toxapex|176/216\n|-unboost|p1a: Zebstrika|spa|2\n|-damage|p1a: Zebstrika|191/272|[from] item: Life Orb\n|\n|upkeep\n|turn|7\n|\n|t:|1771141280\n|switch|p2a: Leavanny|Leavanny, L86, M|269/269\n|move|p1a: Zebstrika|Volt Switch|p2a: Leavanny\n|-resisted|p2a: Leavanny\n|-damage|p2a: Leavanny|246/269\n|-damage|p1a: Zebstrika|164/272|[from] item: Life Orb\n|\n|t:|1771141292\n|switch|p1a: Rotom|Rotom-Fan, L86|226/226|[from] Volt Switch\n|\n|upkeep\n|turn|8\n|\n|t:|1771141322\n|switch|p2a: Zebstrika|Zebstrika, L87, F|176/272\n|move|p1a: Rotom|Air Slash|p2a: Zebstrika\n|-resisted|p2a: Zebstrika\n|-damage|p2a: Zebstrika|122/272\n|\n|upkeep\n|turn|9\n|\n|t:|1771141331\n|move|p2a: Zebstrika|Volt Switch|p1a: Rotom\n|-damage|p1a: Rotom|152/226\n|-damage|p2a: Zebstrika|95/272|[from] item: Life Orb\n|\n|t:|1771141334\n|switch|p2a: Toxapex|Toxapex, L82, M|216/216|[from] Volt Switch\n|move|p1a: Rotom|Will-O-Wisp|p2a: Toxapex\n|-status|p2a: Toxapex|brn\n|\n|-damage|p2a: Toxapex|203/216 brn|[from] brn\n|upkeep\n|turn|10\n|\n|t:|1771141347\n|move|p1a: Rotom|Nasty Plot|p1a: Rotom\n|-boost|p1a: Rotom|spa|2\n|move|p2a: Toxapex|Toxic|p1a: Rotom\n|-status|p1a: Rotom|tox\n|\n|-damage|p1a: Rotom|138/226 tox|[from] psn\n|-damage|p2a: Toxapex|190/216 brn|[from] brn\n|upkeep\n|turn|11\n|\n|t:|1771141356\n|move|p1a: Rotom|Thunderbolt|p2a: Toxapex\n|-supereffective|p2a: Toxapex\n|-damage|p2a: Toxapex|0 fnt\n|faint|p2a: Toxapex\n|\n|-damage|p1a: Rotom|110/226 tox|[from] psn\n|upkeep\n|\n|t:|1771141358\n|switch|p2a: Zebstrika|Zebstrika, L87, F|95/272\n|turn|12\n|\n|t:|1771141371\n|move|p2a: Zebstrika|Supercell Slam|p1a: Rotom\n|-damage|p1a: Rotom|0 fnt\n|faint|p1a: Rotom\n|-damage|p2a: Zebstrika|68/272|[from] item: Life Orb\n|\n|upkeep\n|\n|t:|1771141383\n|switch|p1a: Dragalge|Dragalge, L88, M|258/258\n|turn|13\n|\n|t:|1771141388\n|move|p2a: Zebstrika|High Horsepower|p1a: Dragalge\n|-supereffective|p1a: Dragalge\n|-damage|p1a: Dragalge|79/258\n|-damage|p2a: Zebstrika|41/272|[from] item: Life Orb\n|move|p1a: Dragalge|Sludge Wave|p2a: Zebstrika\n|-damage|p2a: Zebstrika|0 fnt\n|faint|p2a: Zebstrika\n|\n|-heal|p1a: Dragalge|95/258|[from] item: Leftovers\n|upkeep\n|\n|t:|1771141391\n|switch|p2a: Leavanny|Leavanny, L86, M|246/269\n|turn|14\n|\n|t:|1771141394\n|move|p2a: Leavanny|Sticky Web|p1a: Dragalge\n|-sidestart|p1: nightplasma man|move: Sticky Web\n|move|p1a: Dragalge|Sludge Wave|p2a: Leavanny\n|-supereffective|p2a: Leavanny\n|-damage|p2a: Leavanny|0 fnt\n|faint|p2a: Leavanny\n|\n|-heal|p1a: Dragalge|111/258|[from] item: Leftovers\n|upkeep\n|\n|t:|1771141399\n|switch|p2a: Smeargle|Smeargle, L95, F|258/258\n|turn|15\n|\n|t:|1771141403\n|move|p2a: Smeargle|Spore|p1a: Dragalge\n|-status|p1a: Dragalge|slp|[from] move: Spore\n|cant|p1a: Dragalge|slp\n|\n|-heal|p1a: Dragalge|127/258 slp|[from] item: Leftovers\n|upkeep\n|turn|16\n|\n|t:|1771141409\n|switch|p1a: Azelf|Azelf, L82|257/257\n|move|p2a: Smeargle|Shell Smash|p2a: Smeargle\n|-unboost|p2a: Smeargle|def|1\n|-unboost|p2a: Smeargle|spd|1\n|-boost|p2a: Smeargle|atk|2\n|-boost|p2a: Smeargle|spa|2\n|-boost|p2a: Smeargle|spe|2\n|\n|upkeep\n|turn|17\n|\n|t:|1771141414\n|move|p2a: Smeargle|Population Bomb|p1a: Azelf\n|-damage|p1a: Azelf|218/257\n|-damage|p1a: Azelf|179/257\n|-damage|p1a: Azelf|143/257\n|-damage|p1a: Azelf|101/257\n|-damage|p1a: Azelf|61/257\n|-damage|p1a: Azelf|24/257\n|-damage|p1a: Azelf|0 fnt\n|faint|p1a: Azelf\n|-hitcount|p1: Azelf|7\n|\n|upkeep\n|\n|t:|1771141436\n|switch|p1a: Kommo-o|Kommo-o, L78, M|245/245\n|-activate|p1a: Kommo-o|move: Sticky Web\n|-unboost|p1a: Kommo-o|spe|1\n|turn|18\n|\n|t:|1771141449\n|move|p2a: Smeargle|Population Bomb|p1a: Kommo-o\n|-damage|p1a: Kommo-o|218/245\n|-damage|p1a: Kommo-o|193/245\n|-damage|p1a: Kommo-o|165/245\n|-damage|p1a: Kommo-o|138/245\n|-damage|p1a: Kommo-o|113/245\n|-damage|p1a: Kommo-o|86/245\n|-damage|p1a: Kommo-o|61/245\n|-damage|p1a: Kommo-o|33/245\n|-damage|p1a: Kommo-o|8/245\n|-damage|p1a: Kommo-o|0 fnt\n|faint|p1a: Kommo-o\n|-hitcount|p1: Kommo-o|10\n|\n|upkeep\n|-message|nightplasma man forfeited.\n|\n|win|im kz\n|raw|nightplasma man's rating: 1783 &rarr; <strong>1765</strong><br />(-18 for losing)\n|raw|im kz's rating: 1817 &rarr; <strong>1835</strong><br />(+18 for winning)\n|l|☆nightplasma man\n|player|p1|\n", "inputlog": ">version 686819e5e19f8a7fd2345cfc5a08a5085efa2cc3\n>start {\"formatid\":\"gen9randombattle\",\"seed\":\"sodium,f14cbda324c89f2885d4c601a95f1447\",\"rated\":\"Rated battle\"}\n>player p1 {\"name\":\"nightplasma man\",\"avatar\":\"veteran\",\"rating\":1783,\"seed\":\"sodium,fa75857a466cba8d47a9d1a51527e764\"}\n>player p2 {\"name\":\"im kz\",\"avatar\":\"larry\",\"rating\":1817,\"seed\":\"sodium,8cb6c49298f150db15c39c1c0bae3e89\"}\n>p1 move dracometeor\n>p2 move quiverdance\n>p1 switch 3\n>p2 move roost\n>p1 move supercellslam\n>p2 switch 4\n>p1 move highhorsepower\n>p2 switch 4\n>p1 move supercellslam\n>p2 move revelationdance\n>p2 switch 6\n>p1 move overheat\n>p2 switch 2\n>p1 move voltswitch\n>p2 switch 2\n>p1 switch 2\n>p1 move airslash\n>p2 switch 4\n>p1 move willowisp\n>p2 move voltswitch\n>p2 switch 2\n>p1 move nastyplot\n>p2 move toxic\n>p1 move thunderbolt\n>p2 move recover\n>p2 switch 2\n>p1 move thunderbolt\n>p2 move supercellslam\n>p1 switch 3\n>p1 move sludgewave\n>p2 move highhorsepower\n>p2 switch 4\n>p1 move sludgewave\n>p2 move stickyweb\n>p2 switch 5\n>p1 move focusblast\n>p2 move spore\n>p1 switch 6\n>p2 move shellsmash\n>p1 move psyshock\n>p2 move populationbomb\n>p1 switch 5\n>p1 move closecombat\n>p2 move populationbomb\n>forcelose p1", "uploadtime": 1771141463, "views": 19, "formatid": "gen9randombattle", "rating": 1765, "private": 0, "password": null}