{"id": "gen9randombattle-2540704554", "format": "[Gen 9] Random Battle", "players": ["M4teo010101", "occu"], "log": "|j|☆M4teo010101\n|j|☆occu\n|t:|1771243133\n|gametype|singles\n|player|p1|M4teo010101|sycamore-masters|1784\n|player|p2|occu|lance|1751\n|gen|9\n|tier|[Gen 9] Random Battle\n|rated|\n|rule|Species Clause: Limit one of each Pokémon\n|rule|HP Percentage Mod: HP is shown in percentages\n|rule|Sleep Clause Mod: Limit one foe put to sleep\n|rule|Illusion Level Mod: Illusion disguises the Pokémon's true level\n|\n|t:|1771243133\n|teamsize|p1|6\n|teamsize|p2|6\n|start\n|switch|p1a: Luxray|Luxray, L88, M|283/283\n|switch|p2a: Smeargle|Smeargle, L95, F|258/258\n|turn|1\n|c|☆M4teo010101|hf\n|inactive|Battle timer is ON: inactive players will automatically lose when time's up. (requested by M4teo010101)\n|\n|t:|1771243138\n|move|p2a: Smeargle|Spore|p1a: Luxray\n|-status|p1a: Luxray|slp|[from] move: Spore\n|cant|p1a: Luxray|slp\n|\n|upkeep\n|turn|2\n|\n|t:|1771243143\n|move|p2a: Smeargle|Shell Smash|p2a: Smeargle\n|-unboost|p2a: Smeargle|def|1\n|-unboost|p2a: Smeargle|spd|1\n|-boost|p2a: Smeargle|atk|2\n|-boost|p2a: Smeargle|spa|2\n|-boost|p2a: Smeargle|spe|2\n|cant|p1a: Luxray|slp\n|\n|upkeep\n|turn|3\n|\n|t:|1771243145\n|switch|p1a: Copperajah|Copperajah, L86, M|349/349\n|move|p2a: Smeargle|Population Bomb|p1a: Copperajah\n|-resisted|p1a: Copperajah\n|-damage|p1a: Copperajah|331/349\n|-resisted|p1a: Copperajah\n|-damage|p1a: Copperajah|313/349\n|-resisted|p1a: Copperajah\n|-damage|p1a: Copperajah|292/349\n|-resisted|p1a: Copperajah\n|-damage|p1a: Copperajah|274/349\n|-resisted|p1a: Copperajah\n|-damage|p1a: Copperajah|255/349\n|-resisted|p1a: Copperajah\n|-damage|p1a: Copperajah|235/349\n|-resisted|p1a: Copperajah\n|-damage|p1a: Copperajah|217/349\n|-resisted|p1a: Copperajah\n|-damage|p1a: Copperajah|198/349\n|-resisted|p1a: Copperajah\n|-damage|p1a: Copperajah|180/349\n|-resisted|p1a: Copperajah\n|-damage|p1a: Copperajah|161/349\n|-hitcount|p1a: Copperajah|10\n|\n|upkeep\n|turn|4\n|\n|t:|1771243163\n|switch|p2a: Jirachi|Jirachi, L80|291/291\n|move|p1a: Copperajah|Heavy Slam|p2a: Jirachi\n|-resisted|p2a: Jirachi\n|-damage|p2a: Jirachi|177/291\n|\n|-heal|p2a: Jirachi|195/291|[from] item: Leftovers\n|upkeep\n|turn|5\n|\n|t:|1771243167\n|switch|p1a: Luxray|Luxray, L88, M|283/283 slp\n|move|p2a: Jirachi|Body Slam|p1a: Luxray\n|-damage|p1a: Luxray|222/283 slp\n|\n|-heal|p2a: Jirachi|213/291|[from] item: Leftovers\n|upkeep\n|turn|6\n|\n|t:|1771243170\n|move|p2a: Jirachi|Wish|p2a: Jirachi\n|-curestatus|p1a: Luxray|slp|[msg]\n|move|p1a: Luxray|Throat Chop|p2a: Jirachi\n|-supereffective|p2a: Jirachi\n|-damage|p2a: Jirachi|67/291\n|-start|p2a: Jirachi|Throat Chop|[silent]\n|\n|-heal|p2a: Jirachi|85/291|[from] item: Leftovers\n|-status|p1a: Luxray|brn|[from] item: Flame Orb\n|upkeep\n|turn|7\n|\n|t:|1771243191\n|switch|p2a: Landorus|Landorus, L75, M|257/257\n|move|p1a: Luxray|Facade|p2a: Landorus\n|-damage|p2a: Landorus|61/257\n|\n|-heal|p2a: Landorus|206/257|[from] move: Wish|[wisher] Jirachi\n|-damage|p1a: Luxray|205/283 brn|[from] brn\n|upkeep\n|turn|8\n|\n|t:|1771243200\n|switch|p1a: Hitmontop|Hitmontop, L88, M|231/231\n|-ability|p1a: Hitmontop|Intimidate|boost\n|-unboost|p2a: Landorus|atk|1\n|move|p2a: Landorus|Earth Power|p1a: Hitmontop\n|-damage|p1a: Hitmontop|153/231\n|\n|upkeep\n|turn|9\n|\n|t:|1771243206\n|switch|p2a: Jirachi|Jirachi, L80|85/291\n|move|p1a: Hitmontop|Rapid Spin|p2a: Jirachi\n|-resisted|p2a: Jirachi\n|-damage|p2a: Jirachi|65/291\n|-boost|p1a: Hitmontop|spe|1\n|\n|-heal|p2a: Jirachi|83/291|[from] item: Leftovers\n|upkeep\n|turn|10\n|\n|t:|1771243212\n|move|p1a: Hitmontop|Close Combat|p2a: Jirachi\n|-damage|p2a: Jirachi|0 fnt\n|-unboost|p1a: Hitmontop|def|1\n|-unboost|p1a: Hitmontop|spd|1\n|faint|p2a: Jirachi\n|\n|upkeep\n|\n|t:|1771243223\n|switch|p2a: Armarouge|Armarouge, L80, M|267/267\n|turn|11\n|\n|t:|1771243226\n|move|p1a: Hitmontop|Stone Edge|p2a: Armarouge\n|-supereffective|p2a: Armarouge\n|-damage|p2a: Armarouge|119/267\n|-ability|p2a: Armarouge|Weak Armor|boost\n|-unboost|p2a: Armarouge|def|1\n|-boost|p2a: Armarouge|spe|2\n|move|p2a: Armarouge|Meteor Beam||[still]\n|-prepare|p2a: Armarouge|Meteor Beam\n|-boost|p2a: Armarouge|spa|1\n|-enditem|p2a: Armarouge|Power Herb\n|-anim|p2a: Armarouge|Meteor Beam|p1a: Hitmontop\n|-resisted|p1a: Hitmontop\n|-damage|p1a: Hitmontop|92/231\n|\n|upkeep\n|turn|12\n|\n|t:|1771243237\n|move|p1a: Hitmontop|Sucker Punch|p2a: Armarouge\n|-supereffective|p2a: Armarouge\n|-damage|p2a: Armarouge|0 fnt\n|faint|p2a: Armarouge\n|\n|upkeep\n|l|☆occu\n|inactive|occu disconnected and has a minute to reconnect!\n|player|p2|\n|c|☆M4teo010101|wha\n|j|☆occu\n|inactive|occu reconnected and has 130 seconds left.\n|player|p2|occu|lance|\n|c|☆M4teo010101|ok\n|\n|t:|1771243260\n|switch|p2a: Lurantis|Lurantis, L87, M|264/264\n|turn|13\n|\n|t:|1771243263\n|move|p1a: Hitmontop|Close Combat|p2a: Lurantis\n|-damage|p2a: Lurantis|143/264\n|-unboost|p1a: Hitmontop|def|1\n|-unboost|p1a: Hitmontop|spd|1\n|move|p2a: Lurantis|Superpower|p1a: Hitmontop\n|-damage|p1a: Hitmontop|0 fnt\n|-boost|p2a: Lurantis|atk|1\n|-boost|p2a: Lurantis|def|1\n|faint|p1a: Hitmontop\n|\n|upkeep\n|\n|t:|1771243264\n|switch|p1a: Luxray|Luxray, L88, M|205/283 brn\n|turn|14\n|\n|t:|1771243271\n|move|p1a: Luxray|Facade|p2a: Lurantis\n|-damage|p2a: Lurantis|21/264\n|move|p2a: Lurantis|Superpower|p1a: Luxray\n|-damage|p1a: Luxray|54/283 brn\n|-boost|p2a: Lurantis|atk|1\n|-boost|p2a: Lurantis|def|1\n|\n|-damage|p1a: Luxray|37/283 brn|[from] brn\n|upkeep\n|turn|15\n|\n|t:|1771243283\n|switch|p2a: Mimikyu|Mimikyu, L79, F|216/216\n|move|p1a: Luxray|Throat Chop|p2a: Mimikyu\n|-activate|p2a: Mimikyu|ability: Disguise\n|-damage|p2a: Mimikyu|216/216\n|-start|p2a: Mimikyu|Throat Chop|[silent]\n|detailschange|p2a: Mimikyu|Mimikyu-Busted, L79, F\n|-damage|p2a: Mimikyu|189/216|[from] pokemon: Mimikyu-Busted\n|\n|-damage|p1a: Luxray|20/283 brn|[from] brn\n|upkeep\n|turn|16\n|\n|t:|1771243291\n|switch|p1a: Iron Boulder|Iron Boulder, L77|265/265\n|move|p2a: Mimikyu|Shadow Sneak|p1a: Iron Boulder\n|-supereffective|p1a: Iron Boulder\n|-damage|p1a: Iron Boulder|161/265\n|-damage|p2a: Mimikyu|168/216|[from] item: Life Orb\n|\n|-end|p2a: Mimikyu|Throat Chop|[silent]\n|upkeep\n|turn|17\n|\n|t:|1771243294\n|move|p2a: Mimikyu|Shadow Sneak|p1a: Iron Boulder\n|-supereffective|p1a: Iron Boulder\n|-damage|p1a: Iron Boulder|44/265\n|-damage|p2a: Mimikyu|147/216|[from] item: Life Orb\n|move|p1a: Iron Boulder|Mighty Cleave|p2a: Mimikyu\n|-damage|p2a: Mimikyu|0 fnt\n|faint|p2a: Mimikyu\n|-damage|p1a: Iron Boulder|18/265|[from] item: Life Orb\n|\n|upkeep\n|-message|occu forfeited.\n|\n|win|M4teo010101\n|raw|M4teo010101's rating: 1784 &rarr; <strong>1802</strong><br />(+18 for winning)\n|raw|occu's rating: 1751 &rarr; <strong>1733</strong><br />(-18 for losing)\n|c|☆M4teo010101|gg\n|l|☆occu\n|player|p2|\n", "inputlog": ">version 686819e5e19f8a7fd2345cfc5a08a5085efa2cc3\n>start {\"formatid\":\"gen9randombattle\",\"seed\":\"sodium,d0d3566e4d644626691d98dc75758b43\",\"rated\":\"Rated battle\"}\n>player p1 {\"name\":\"M4teo010101\",\"avatar\":\"sycamore-masters\",\"rating\":1784,\"seed\":\"sodium,f15db24536eec1fb9bd871b4ce36478e\"}\n>player p2 {\"name\":\"occu\",\"avatar\":\"lance\",\"rating\":1751,\"seed\":\"sodium,05d1a0999ace74121e993a29384103d1\"}\n>chat ☆M4teo010101|hf\n>p1 move supercellslam\n>p2 move spore\n>p1 move facade\n>p2 move shellsmash\n>p1 switch 4\n>p2 move populationbomb\n>p1 move heavyslam\n>p2 switch 5\n>p1 switch 4\n>p2 move bodyslam\n>p1 move throatchop\n>p2 move wish\n>p1 move facade\n>p2 switch 3\n>p1 switch 2\n>p2 move earthpower\n>p1 move rapidspin\n>p2 switch 3\n>p1 move closecombat\n>p2 move bodyslam\n>p2 switch 2\n>p1 move stoneedge\n>p2 move meteorbeam\n>p1 move suckerpunch\n>p2 move psyshock\n>chat ☆M4teo010101|wha\n>chat ☆M4teo010101|ok\n>p2 switch 6\n>p1 move closecombat\n>p2 move superpower\n>p1 switch 2\n>p1 move facade\n>p2 move superpower\n>p1 move throatchop\n>p2 switch 4\n>p1 switch 5\n>p2 move shadowsneak\n>p1 move mightycleave\n>p2 move shadowsneak\n>forcelose p2", "uploadtime": 1771243305, "views": 10, "formatid": "gen9randombattle", "rating": 1733, "private": 0, "password": null}