{"id": "gen9randombattle-2540121032", "format": "[Gen 9] Random Battle", "players": ["pokemon_oofer", "orough"], "log": "|j|☆pokemon_oofer\n|j|☆orough\n|t:|1771164971\n|gametype|singles\n|player|p1|pokemon_oofer|miku-ground|1695\n|player|p2|orough|169|1669\n|gen|9\n|tier|[Gen 9] Random Battle\n|rated|\n|rule|Species Clause: Limit one of each Pokémon\n|rule|HP Percentage Mod: HP is shown in percentages\n|rule|Sleep Clause Mod: Limit one foe put to sleep\n|rule|Illusion Level Mod: Illusion disguises the Pokémon's true level\n|\n|t:|1771164971\n|teamsize|p1|6\n|teamsize|p2|6\n|start\n|switch|p1a: Araquanid|Araquanid, L82, F|246/246\n|switch|p2a: Klawf|Klawf, L90, M|272/272\n|turn|1\n|\n|t:|1771164986\n|move|p2a: Klawf|Stone Edge|p1a: Araquanid|[miss]\n|-miss|p2a: Klawf|p1a: Araquanid\n|move|p1a: Araquanid|Sticky Web|p2a: Klawf\n|-sidestart|p2: orough|move: Sticky Web\n|\n|upkeep\n|turn|2\n|\n|t:|1771165008\n|switch|p1a: Gholdengo|Gholdengo, L77|261/261\n|move|p2a: Klawf|Stone Edge|p1a: Gholdengo\n|-resisted|p1a: Gholdengo\n|-damage|p1a: Gholdengo|192/261\n|\n|upkeep\n|turn|3\n|\n|t:|1771165023\n|switch|p2a: Drifblim|Drifblim, L86, M|396/396\n|move|p1a: Gholdengo|Shadow Ball|p2a: Drifblim\n|-supereffective|p2a: Drifblim\n|-damage|p2a: Drifblim|126/396\n|-enditem|p2a: Drifblim|Sitrus Berry|[eat]\n|-heal|p2a: Drifblim|225/396|[from] item: Sitrus Berry\n|\n|upkeep\n|turn|4\n|\n|t:|1771165031\n|switch|p1a: Persian|Persian-Alola, L86, F|252/252\n|move|p2a: Drifblim|Shadow Ball|p1a: Persian\n|-resisted|p1a: Persian\n|-damage|p1a: Persian|200/252\n|\n|upkeep\n|turn|5\n|\n|t:|1771165038\n|switch|p2a: Masquerain|Masquerain, L87, M|264/264\n|-ability|p2a: Masquerain|Intimidate|boost\n|-unboost|p1a: Persian|atk|1\n|move|p1a: Persian|Nasty Plot|p1a: Persian\n|-boost|p1a: Persian|spa|2\n|\n|upkeep\n|turn|6\n|\n|t:|1771165044\n|move|p1a: Persian|Thunderbolt|p2a: Masquerain\n|-supereffective|p2a: Masquerain\n|-damage|p2a: Masquerain|0 fnt\n|faint|p2a: Masquerain\n|-damage|p1a: Persian|175/252|[from] item: Life Orb\n|\n|upkeep\n|\n|t:|1771165050\n|switch|p2a: Florges|Florges-White, L85, F|271/271\n|-activate|p2a: Florges|move: Sticky Web\n|-unboost|p2a: Florges|spe|1\n|turn|7\n|\n|t:|1771165055\n|-terastallize|p1a: Persian|Poison\n|move|p1a: Persian|Tera Blast|p2a: Florges|[anim] Tera Blast Poison\n|-supereffective|p2a: Florges\n|-damage|p2a: Florges|45/271\n|-damage|p1a: Persian|150/252|[from] item: Life Orb\n|move|p2a: Florges|Moonblast|p1a: Persian\n|-resisted|p1a: Persian\n|-damage|p1a: Persian|76/252\n|\n|-heal|p2a: Florges|61/271|[from] item: Leftovers\n|upkeep\n|turn|8\n|-message|orough forfeited.\n|\n|win|pokemon_oofer\n|raw|pokemon_oofer's rating: 1695 &rarr; <strong>1714</strong><br />(+19 for winning)\n|raw|orough's rating: 1669 &rarr; <strong>1650</strong><br />(-19 for losing)\n|l|☆orough\n|player|p2|\n", "inputlog": ">version 686819e5e19f8a7fd2345cfc5a08a5085efa2cc3\n>start {\"formatid\":\"gen9randombattle\",\"seed\":\"sodium,3ff3442b766d81e4dc6743841795ee33\",\"rated\":\"Rated battle\"}\n>player p1 {\"name\":\"pokemon_oofer\",\"avatar\":\"miku-ground\",\"rating\":1695,\"seed\":\"sodium,f6f27ec953daa49b0f8a353b19deb271\"}\n>player p2 {\"name\":\"orough\",\"avatar\":\"169\",\"rating\":1669,\"seed\":\"sodium,0cd9e851df9070e16f20b2239347cd02\"}\n>p1 move stickyweb\n>p2 move stoneedge\n>p1 switch 6\n>p2 move stoneedge\n>p1 move shadowball\n>p2 switch 4\n>p1 switch 2\n>p2 move shadowball\n>p1 move nastyplot\n>p2 switch 3\n>p1 move thunderbolt\n>p2 move stickyweb\n>p2 switch 5\n>p1 move terablast terastallize\n>p2 move moonblast\n>forcelose p2", "uploadtime": 1771165074, "views": 22, "formatid": "gen9randombattle", "rating": 1650, "private": 0, "password": null}