{"id": "gen9randombattle-2540809429", "format": "[Gen 9] Random Battle", "players": ["pm_21", "pandalex-fiono"], "log": "|j|☆pm_21\n|j|☆pandalex-fiono\n|t:|1771256315\n|gametype|singles\n|player|p1|pm_21|hugh|1536\n|player|p2|pandalex-fiono|1|1579\n|gen|9\n|tier|[Gen 9] Random Battle\n|rated|\n|rule|Species Clause: Limit one of each Pokémon\n|rule|HP Percentage Mod: HP is shown in percentages\n|rule|Sleep Clause Mod: Limit one foe put to sleep\n|rule|Illusion Level Mod: Illusion disguises the Pokémon's true level\n|\n|t:|1771256315\n|teamsize|p1|6\n|teamsize|p2|6\n|start\n|switch|p1a: Stonjourner|Stonjourner, L91, M|330/330\n|switch|p2a: Ludicolo|Ludicolo, L90, F|290/290\n|turn|1\n|inactive|Battle timer is ON: inactive players will automatically lose when time's up. (requested by pm_21)\n|inactive|pandalex-fiono also wants the timer to be on.\n|\n|t:|1771256329\n|move|p1a: Stonjourner|Stone Edge|p2a: Ludicolo\n|-damage|p2a: Ludicolo|79/290\n|-damage|p1a: Stonjourner|297/330|[from] item: Life Orb\n|move|p2a: Ludicolo|Giga Drain|p1a: Stonjourner\n|-supereffective|p1a: Stonjourner\n|-damage|p1a: Stonjourner|0 fnt\n|-heal|p2a: Ludicolo|228/290|[from] drain|[of] p1a: Stonjourner\n|faint|p1a: Stonjourner\n|\n|upkeep\n|\n|t:|1771256335\n|switch|p1a: Yanmega|Yanmega, L82, M|275/275\n|turn|2\n|\n|t:|1771256353\n|switch|p2a: Eelektross|Eelektross, L87, M|290/290\n|move|p1a: Yanmega|Air Slash|p2a: Eelektross\n|-resisted|p2a: Eelektross\n|-damage|p2a: Eelektross|263/290\n|\n|-ability|p1a: Yanmega|Speed Boost|boost\n|-boost|p1a: Yanmega|spe|1\n|upkeep\n|turn|3\n|\n|t:|1771256362\n|switch|p1a: Rotom|Rotom-Heat, L83|219/219\n|move|p2a: Eelektross|U-turn|p1a: Rotom\n|-resisted|p1a: Rotom\n|-damage|p1a: Rotom|192/219\n|\n|t:|1771256384\n|switch|p2a: Hitmonlee|Hitmonlee, L85, M|224/224|[from] U-turn\n|\n|upkeep\n|turn|4\n|\n|t:|1771256390\n|move|p2a: Hitmonlee|Close Combat|p1a: Rotom\n|-damage|p1a: Rotom|50/219\n|-unboost|p2a: Hitmonlee|def|1\n|-unboost|p2a: Hitmonlee|spd|1\n|-enditem|p2a: Hitmonlee|White Herb\n|-clearnegativeboost|p2a: Hitmonlee|[silent]\n|move|p1a: Rotom|Will-O-Wisp|p2a: Hitmonlee|[miss]\n|-miss|p1a: Rotom|p2a: Hitmonlee\n|\n|upkeep\n|turn|5\n|\n|t:|1771256400\n|switch|p1a: Yanmega|Yanmega, L82, M|275/275\n|move|p2a: Hitmonlee|Knock Off|p1a: Yanmega\n|-damage|p1a: Yanmega|184/275\n|-enditem|p1a: Yanmega|Heavy-Duty Boots|[from] move: Knock Off|[of] p2a: Hitmonlee\n|\n|upkeep\n|turn|6\n|\n|t:|1771256406\n|switch|p2a: Eelektross|Eelektross, L87, M|263/290\n|move|p1a: Yanmega|Air Slash|p2a: Eelektross\n|-resisted|p2a: Eelektross\n|-damage|p2a: Eelektross|235/290\n|\n|-ability|p1a: Yanmega|Speed Boost|boost\n|-boost|p1a: Yanmega|spe|1\n|upkeep\n|turn|7\n|\n|t:|1771256417\n|move|p1a: Yanmega|Bug Buzz|p2a: Eelektross\n|-damage|p2a: Eelektross|160/290\n|move|p2a: Eelektross|Knock Off|p1a: Yanmega\n|-damage|p1a: Yanmega|126/275\n|\n|-ability|p1a: Yanmega|Speed Boost|boost\n|-boost|p1a: Yanmega|spe|1\n|upkeep\n|turn|8\n|\n|t:|1771256422\n|move|p1a: Yanmega|Bug Buzz|p2a: Eelektross\n|-damage|p2a: Eelektross|85/290\n|move|p2a: Eelektross|Discharge|p1a: Yanmega\n|-supereffective|p1a: Yanmega\n|-damage|p1a: Yanmega|0 fnt\n|faint|p1a: Yanmega\n|\n|upkeep\n|\n|t:|1771256427\n|switch|p1a: Rotom|Rotom-Heat, L83|50/219\n|turn|9\n|\n|t:|1771256433\n|move|p1a: Rotom|Overheat|p2a: Eelektross\n|-damage|p2a: Eelektross|0 fnt\n|-unboost|p1a: Rotom|spa|2\n|faint|p2a: Eelektross\n|\n|upkeep\n|\n|t:|1771256442\n|switch|p2a: Hitmonlee|Hitmonlee, L85, M|224/224\n|turn|10\n|\n|t:|1771256450\n|move|p2a: Hitmonlee|Knock Off|p1a: Rotom\n|-damage|p1a: Rotom|0 fnt\n|-enditem|p1a: Rotom|Heavy-Duty Boots|[from] move: Knock Off|[of] p2a: Hitmonlee\n|faint|p1a: Rotom\n|\n|upkeep\n|\n|t:|1771256454\n|switch|p1a: Corviknight|Corviknight, L80, F|288/288\n|turn|11\n|\n|t:|1771256462\n|switch|p2a: Volbeat|Volbeat, L90, M|263/263\n|move|p1a: Corviknight|Brave Bird|p2a: Volbeat\n|-supereffective|p2a: Volbeat\n|-damage|p2a: Volbeat|53/263\n|-damage|p1a: Corviknight|219/288|[from] Recoil\n|\n|-heal|p1a: Corviknight|237/288|[from] item: Leftovers\n|upkeep\n|turn|12\n|\n|t:|1771256481\n|move|p2a: Volbeat|Thunder Wave|p1a: Corviknight\n|-status|p1a: Corviknight|par\n|move|p1a: Corviknight|Brave Bird|p2a: Volbeat\n|-supereffective|p2a: Volbeat\n|-damage|p2a: Volbeat|0 fnt\n|faint|p2a: Volbeat\n|-damage|p1a: Corviknight|220/288 par|[from] Recoil\n|\n|-heal|p1a: Corviknight|238/288 par|[from] item: Leftovers\n|upkeep\n|\n|t:|1771256484\n|switch|p2a: Typhlosion|Typhlosion-Hisui, L83, M|257/257\n|turn|13\n|\n|t:|1771256486\n|move|p2a: Typhlosion|Calm Mind|p2a: Typhlosion\n|-boost|p2a: Typhlosion|spa|1\n|-boost|p2a: Typhlosion|spd|1\n|move|p1a: Corviknight|Brave Bird|p2a: Typhlosion\n|-damage|p2a: Typhlosion|134/257\n|-damage|p1a: Corviknight|197/288 par|[from] Recoil\n|\n|-heal|p1a: Corviknight|215/288 par|[from] item: Leftovers\n|upkeep\n|turn|14\n|\n|t:|1771256491\n|move|p2a: Typhlosion|Fire Blast|p1a: Corviknight\n|-supereffective|p1a: Corviknight\n|-damage|p1a: Corviknight|0 fnt\n|faint|p1a: Corviknight\n|\n|upkeep\n|\n|t:|1771256495\n|switch|p1a: Vigoroth|Vigoroth, L85, M|275/275\n|turn|15\n|\n|t:|1771256500\n|move|p2a: Typhlosion|Fire Blast|p1a: Vigoroth\n|-damage|p1a: Vigoroth|101/275\n|move|p1a: Vigoroth|Knock Off|p2a: Typhlosion\n|-supereffective|p2a: Typhlosion\n|-damage|p2a: Typhlosion|0 fnt\n|-enditem|p2a: Typhlosion|Heavy-Duty Boots|[from] move: Knock Off|[of] p1a: Vigoroth\n|faint|p2a: Typhlosion\n|\n|upkeep\n|\n|t:|1771256505\n|switch|p2a: Hitmonlee|Hitmonlee, L85, M|224/224\n|turn|16\n|\n|t:|1771256508\n|move|p1a: Vigoroth|Knock Off|p2a: Hitmonlee\n|-resisted|p2a: Hitmonlee\n|-crit|p2a: Hitmonlee\n|-damage|p2a: Hitmonlee|181/224\n|move|p2a: Hitmonlee|Close Combat|p1a: Vigoroth\n|-supereffective|p1a: Vigoroth\n|-damage|p1a: Vigoroth|0 fnt\n|-unboost|p2a: Hitmonlee|def|1\n|-unboost|p2a: Hitmonlee|spd|1\n|faint|p1a: Vigoroth\n|\n|upkeep\n|\n|t:|1771256510\n|switch|p1a: Dudunsparce|Dudunsparce, L83, M|343/343\n|turn|17\n|\n|t:|1771256515\n|-terastallize|p1a: Dudunsparce|Ghost\n|move|p2a: Hitmonlee|Knock Off|p1a: Dudunsparce\n|-supereffective|p1a: Dudunsparce\n|-damage|p1a: Dudunsparce|171/343\n|-ability|p1a: Dudunsparce|Rattled|boost\n|-boost|p1a: Dudunsparce|spe|1\n|-enditem|p1a: Dudunsparce|Leftovers|[from] move: Knock Off|[of] p2a: Hitmonlee\n|move|p1a: Dudunsparce|Shadow Ball|p2a: Hitmonlee\n|-damage|p2a: Hitmonlee|78/224\n|\n|upkeep\n|turn|18\n|\n|t:|1771256522\n|move|p1a: Dudunsparce|Shadow Ball|p2a: Hitmonlee\n|-damage|p2a: Hitmonlee|0 fnt\n|faint|p2a: Hitmonlee\n|\n|upkeep\n|\n|t:|1771256531\n|switch|p2a: Ludicolo|Ludicolo, L90, F|228/290\n|turn|19\n|\n|t:|1771256535\n|move|p1a: Dudunsparce|Roost|p1a: Dudunsparce\n|-heal|p1a: Dudunsparce|343/343\n|move|p2a: Ludicolo|Giga Drain|p1a: Dudunsparce\n|-damage|p1a: Dudunsparce|195/343\n|-heal|p2a: Ludicolo|290/290|[from] drain|[of] p1a: Dudunsparce\n|\n|upkeep\n|turn|20\n|\n|t:|1771256540\n|move|p1a: Dudunsparce|Calm Mind|p1a: Dudunsparce\n|-boost|p1a: Dudunsparce|spa|1\n|-boost|p1a: Dudunsparce|spd|1\n|move|p2a: Ludicolo|Giga Drain|p1a: Dudunsparce\n|-damage|p1a: Dudunsparce|92/343\n|\n|upkeep\n|turn|21\n|l|☆pm_21\n|inactive|pm_21 disconnected and has a minute to reconnect!\n|player|p1|\n|j|☆pm_21\n|inactive|pm_21 reconnected and has 120 seconds left.\n|player|p1|pm_21|hugh|\n|\n|t:|1771256576\n|move|p1a: Dudunsparce|Roost|p1a: Dudunsparce\n|-heal|p1a: Dudunsparce|264/343\n|move|p2a: Ludicolo|Giga Drain|p1a: Dudunsparce\n|-damage|p1a: Dudunsparce|156/343\n|\n|upkeep\n|turn|22\n|inactive|pm_21 has 120 seconds left.\n|\n|t:|1771256586\n|switch|p2a: Arbok|Arbok, L87, M|246/246\n|-ability|p2a: Arbok|Intimidate|boost\n|-unboost|p1a: Dudunsparce|atk|1\n|-ability|p1a: Dudunsparce|Rattled|boost\n|-boost|p1a: Dudunsparce|spe|1\n|move|p1a: Dudunsparce|Shadow Ball|p2a: Arbok\n|-damage|p2a: Arbok|128/246\n|\n|-heal|p2a: Arbok|143/246|[from] item: Leftovers\n|upkeep\n|turn|23\n|inactive|pm_21 has 120 seconds left.\n|\n|t:|1771256597\n|move|p1a: Dudunsparce|Shadow Ball|p2a: Arbok\n|-damage|p2a: Arbok|26/246\n|move|p2a: Arbok|Earthquake|p1a: Dudunsparce\n|-damage|p1a: Dudunsparce|68/343\n|\n|-heal|p2a: Arbok|41/246|[from] item: Leftovers\n|upkeep\n|turn|24\n|\n|t:|1771256603\n|move|p1a: Dudunsparce|Shadow Ball|p2a: Arbok\n|-damage|p2a: Arbok|0 fnt\n|faint|p2a: Arbok\n|\n|upkeep\n|\n|t:|1771256605\n|switch|p2a: Ludicolo|Ludicolo, L90, F|290/290\n|turn|25\n|\n|t:|1771256609\n|-terastallize|p2a: Ludicolo|Water\n|move|p1a: Dudunsparce|Roost|p1a: Dudunsparce\n|-heal|p1a: Dudunsparce|240/343\n|move|p2a: Ludicolo|Hydro Pump|p1a: Dudunsparce\n|-damage|p1a: Dudunsparce|40/343\n|\n|upkeep\n|turn|26\n|\n|t:|1771256615\n|move|p1a: Dudunsparce|Roost|p1a: Dudunsparce\n|-heal|p1a: Dudunsparce|212/343\n|move|p2a: Ludicolo|Hydro Pump|p1a: Dudunsparce\n|-damage|p1a: Dudunsparce|24/343\n|\n|upkeep\n|turn|27\n|\n|t:|1771256617\n|move|p1a: Dudunsparce|Shadow Ball|p2a: Ludicolo\n|-damage|p2a: Ludicolo|190/290\n|move|p2a: Ludicolo|Hydro Pump|p1a: Dudunsparce|[miss]\n|-miss|p2a: Ludicolo|p1a: Dudunsparce\n|\n|upkeep\n|turn|28\n|\n|t:|1771256621\n|move|p1a: Dudunsparce|Roost|p1a: Dudunsparce\n|-heal|p1a: Dudunsparce|196/343\n|move|p2a: Ludicolo|Hydro Pump|p1a: Dudunsparce|[miss]\n|-miss|p2a: Ludicolo|p1a: Dudunsparce\n|\n|upkeep\n|turn|29\n|\n|t:|1771256624\n|move|p1a: Dudunsparce|Shadow Ball|p2a: Ludicolo\n|-damage|p2a: Ludicolo|90/290\n|move|p2a: Ludicolo|Hydro Pump|p1a: Dudunsparce\n|-damage|p1a: Dudunsparce|8/343\n|\n|upkeep\n|turn|30\n|\n|t:|1771256628\n|move|p1a: Dudunsparce|Shadow Ball|p2a: Ludicolo\n|-damage|p2a: Ludicolo|0 fnt\n|faint|p2a: Ludicolo\n|\n|win|pm_21\n|raw|pm_21's rating: 1536 &rarr; <strong>1558</strong><br />(+22 for winning)\n|raw|pandalex-fiono's rating: 1579 &rarr; <strong>1557</strong><br />(-22 for losing)\n|l|☆pandalex-fiono\n|player|p2|\n", "inputlog": ">version 686819e5e19f8a7fd2345cfc5a08a5085efa2cc3\n>start {\"formatid\":\"gen9randombattle\",\"seed\":\"sodium,ef39b94fd10edac0e51f3ff3a6673069\",\"rated\":\"Rated battle\"}\n>player p1 {\"name\":\"pm_21\",\"avatar\":\"hugh\",\"rating\":1536,\"seed\":\"sodium,fdeabb7f5535d33bdbb4c05567226b09\"}\n>player p2 {\"name\":\"pandalex-fiono\",\"avatar\":\"1\",\"rating\":1579,\"seed\":\"sodium,9c1504218cb03eca1e8f77b905df3929\"}\n>p1 move stoneedge\n>p2 move gigadrain\n>p1 switch 5\n>p1 move airslash\n>p2 switch 5\n>p1 switch 2\n>p2 move uturn\n>p2 switch 2\n>p1 move willowisp\n>p2 move closecombat\n>p1 switch 2\n>p2 move knockoff\n>p1 move airslash\n>p2 switch 2\n>p1 move bugbuzz\n>p2 move knockoff\n>p1 move bugbuzz\n>p2 move discharge\n>p1 switch 2\n>p1 move overheat\n>p2 move knockoff\n>p2 switch 2\n>p1 move painsplit\n>p2 move knockoff\n>p1 switch 4\n>p1 move bravebird\n>p2 switch 6\n>p1 move bravebird\n>p2 move thunderwave\n>p2 switch 3\n>p1 move bravebird\n>p2 move calmmind\n>p1 move bravebird\n>p2 move fireblast\n>p1 switch 6\n>p1 move knockoff\n>p2 move fireblast\n>p2 switch 6\n>p1 move knockoff\n>p2 move closecombat\n>p1 switch 3\n>p1 move shadowball terastallize\n>p2 move knockoff\n>p1 move shadowball\n>p2 move knockoff\n>p2 switch 5\n>p1 move roost\n>p2 move gigadrain\n>p1 move calmmind\n>p2 move gigadrain\n>p1 move roost\n>p2 move gigadrain\n>p1 move shadowball\n>p2 switch 4\n>p1 move shadowball\n>p2 move earthquake\n>p1 move shadowball\n>p2 move coil\n>p2 switch 4\n>p1 move roost\n>p2 move hydropump terastallize\n>p1 move roost\n>p2 move hydropump\n>p1 move shadowball\n>p2 move hydropump\n>p1 move roost\n>p2 move hydropump\n>p1 move shadowball\n>p2 move hydropump\n>p1 move shadowball\n>p2 move hydropump", "uploadtime": 1771256637, "views": 14, "formatid": "gen9randombattle", "rating": 1557, "private": 0, "password": null}