{"id": "gen9randombattle-2540165512", "format": "[Gen 9] Random Battle", "players": ["naregm", "soyjett"], "log": "|j|☆naregm\n|j|☆soyjett\n|t:|1771170806\n|gametype|singles\n|player|p1|naregm|schoolkidf|1599\n|player|p2|soyjett|benga|1618\n|gen|9\n|tier|[Gen 9] Random Battle\n|rated|\n|rule|Species Clause: Limit one of each Pokémon\n|rule|HP Percentage Mod: HP is shown in percentages\n|rule|Sleep Clause Mod: Limit one foe put to sleep\n|rule|Illusion Level Mod: Illusion disguises the Pokémon's true level\n|\n|t:|1771170806\n|teamsize|p1|6\n|teamsize|p2|6\n|start\n|switch|p1a: Girafarig|Girafarig, L89, M|269/269\n|switch|p2a: Hawlucha|Hawlucha, L80, F|256/256\n|turn|1\n|\n|t:|1771170822\n|move|p2a: Hawlucha|Swords Dance|p2a: Hawlucha\n|-boost|p2a: Hawlucha|atk|2\n|move|p1a: Girafarig|Psyshock|p2a: Hawlucha\n|-supereffective|p2a: Hawlucha\n|-damage|p2a: Hawlucha|56/256\n|\n|upkeep\n|turn|2\n|\n|t:|1771170838\n|move|p2a: Hawlucha|Throat Chop|p1a: Girafarig\n|-supereffective|p1a: Girafarig\n|-damage|p1a: Girafarig|121/269\n|-start|p1a: Girafarig|Throat Chop|[silent]\n|move|p1a: Girafarig|Psyshock|p2a: Hawlucha\n|-supereffective|p2a: Hawlucha\n|-damage|p2a: Hawlucha|0 fnt\n|faint|p2a: Hawlucha\n|\n|upkeep\n|\n|t:|1771170854\n|switch|p2a: Registeel|Registeel, L81|262/262\n|turn|3\n|inactive|Battle timer is ON: inactive players will automatically lose when time's up. (requested by soyjett)\n|\n|t:|1771170889\n|switch|p1a: Spidops|Spidops, L96, M|271/271\n|move|p2a: Registeel|Iron Defense|p2a: Registeel\n|-boost|p2a: Registeel|def|2\n|\n|upkeep\n|turn|4\n|\n|t:|1771170898\n|move|p2a: Registeel|Body Press|p1a: Spidops\n|-resisted|p1a: Spidops\n|-damage|p1a: Spidops|202/271\n|move|p1a: Spidops|Sticky Web|p2a: Registeel\n|-sidestart|p2: soyjett|move: Sticky Web\n|\n|upkeep\n|turn|5\n|\n|t:|1771170906\n|move|p2a: Registeel|Iron Defense|p2a: Registeel\n|-boost|p2a: Registeel|def|2\n|move|p1a: Spidops|Spikes|p2a: Registeel\n|-sidestart|p2: soyjett|Spikes\n|\n|upkeep\n|turn|6\n|\n|t:|1771170913\n|move|p2a: Registeel|Iron Defense|p2a: Registeel\n|-boost|p2a: Registeel|def|2\n|move|p1a: Spidops|Circle Throw|p2a: Registeel\n|-supereffective|p2a: Registeel\n|-damage|p2a: Registeel|246/262\n|drag|p2a: Ho-Oh|Ho-Oh, L71|268/268\n|\n|upkeep\n|turn|7\n|\n|t:|1771170923\n|switch|p1a: Pincurchin|Pincurchin, M|258/258\n|-fieldstart|move: Electric Terrain|[from] ability: Electric Surge|[of] p1a: Pincurchin\n|move|p2a: Ho-Oh|Sacred Fire|p1a: Pincurchin\n|-damage|p1a: Pincurchin|177/258\n|-status|p1a: Pincurchin|brn\n|\n|-heal|p1a: Pincurchin|193/258 brn|[from] item: Leftovers\n|-damage|p1a: Pincurchin|177/258 brn|[from] brn\n|upkeep\n|turn|8\n|\n|t:|1771170940\n|-terastallize|p2a: Ho-Oh|Ground\n|move|p2a: Ho-Oh|Earthquake|p1a: Pincurchin\n|-supereffective|p1a: Pincurchin\n|-damage|p1a: Pincurchin|13/258 brn\n|move|p1a: Pincurchin|Curse|p1a: Pincurchin\n|-unboost|p1a: Pincurchin|spe|1\n|-boost|p1a: Pincurchin|atk|1\n|-boost|p1a: Pincurchin|def|1\n|\n|-heal|p1a: Pincurchin|29/258 brn|[from] item: Leftovers\n|-damage|p1a: Pincurchin|13/258 brn|[from] brn\n|upkeep\n|turn|9\n|\n|t:|1771170954\n|move|p2a: Ho-Oh|Earthquake|p1a: Pincurchin\n|-supereffective|p1a: Pincurchin\n|-damage|p1a: Pincurchin|0 fnt\n|faint|p1a: Pincurchin\n|\n|upkeep\n|\n|t:|1771170962\n|switch|p1a: Hydrapple|Hydrapple, L83, F|312/312\n|turn|10\n|\n|t:|1771170976\n|switch|p2a: Cresselia|Cresselia, L80, F|323/323\n|move|p1a: Hydrapple|Nasty Plot|p1a: Hydrapple\n|-boost|p1a: Hydrapple|spa|2\n|\n|upkeep\n|turn|11\n|\n|t:|1771170988\n|move|p2a: Cresselia|Moonblast|p1a: Hydrapple\n|-supereffective|p1a: Hydrapple\n|-damage|p1a: Hydrapple|190/312\n|-unboost|p1a: Hydrapple|spa|1\n|move|p1a: Hydrapple|Fickle Beam|p2a: Cresselia|[anim] Fickle Beam All Out\n|-activate|p1a: Hydrapple|move: Fickle Beam\n|-damage|p2a: Cresselia|0 fnt\n|faint|p2a: Cresselia\n|-damage|p1a: Hydrapple|159/312|[from] item: Life Orb\n|\n|-fieldend|move: Electric Terrain\n|upkeep\n|\n|t:|1771171006\n|switch|p2a: Misdreavus|Misdreavus, L90, F|254/254\n|turn|12\n|\n|t:|1771171014\n|move|p2a: Misdreavus|Calm Mind|p2a: Misdreavus\n|-boost|p2a: Misdreavus|spa|1\n|-boost|p2a: Misdreavus|spd|1\n|move|p1a: Hydrapple|Giga Drain|p2a: Misdreavus\n|-damage|p2a: Misdreavus|183/254\n|-heal|p1a: Hydrapple|195/312|[from] drain|[of] p2a: Misdreavus\n|-damage|p1a: Hydrapple|164/312|[from] item: Life Orb\n|\n|upkeep\n|turn|13\n|\n|t:|1771171032\n|switch|p1a: Spidops|Spidops, L96, M|202/271\n|move|p2a: Misdreavus|Draining Kiss|p1a: Spidops\n|-damage|p1a: Spidops|150/271\n|-heal|p2a: Misdreavus|222/254|[from] drain|[of] p1a: Spidops\n|\n|upkeep\n|turn|14\n|\n|t:|1771171042\n|move|p2a: Misdreavus|Will-O-Wisp|p1a: Spidops\n|-status|p1a: Spidops|brn\n|move|p1a: Spidops|Knock Off|p2a: Misdreavus\n|-supereffective|p2a: Misdreavus\n|-crit|p2a: Misdreavus\n|-damage|p2a: Misdreavus|122/254\n|-enditem|p2a: Misdreavus|Eviolite|[from] move: Knock Off|[of] p1a: Spidops\n|\n|-damage|p1a: Spidops|134/271 brn|[from] brn\n|upkeep\n|turn|15\n|inactive|naregm has 120 seconds left.\n|\n|t:|1771171074\n|switch|p1a: Iron Thorns|Iron Thorns, L83|302/302\n|move|p2a: Misdreavus|Shadow Ball|p1a: Iron Thorns\n|-damage|p1a: Iron Thorns|202/302\n|\n|upkeep\n|turn|16\n|\n|t:|1771171084\n|move|p2a: Misdreavus|Will-O-Wisp|p1a: Iron Thorns\n|-status|p1a: Iron Thorns|brn\n|move|p1a: Iron Thorns|Ice Punch|p2a: Misdreavus\n|-crit|p2a: Misdreavus\n|-damage|p2a: Misdreavus|63/254\n|\n|-damage|p1a: Iron Thorns|184/302 brn|[from] brn\n|upkeep\n|turn|17\n|\n|t:|1771171094\n|move|p2a: Misdreavus|Calm Mind|p2a: Misdreavus\n|-boost|p2a: Misdreavus|spa|1\n|-boost|p2a: Misdreavus|spd|1\n|move|p1a: Iron Thorns|Stone Edge|p2a: Misdreavus\n|-damage|p2a: Misdreavus|0 fnt\n|faint|p2a: Misdreavus\n|\n|-damage|p1a: Iron Thorns|166/302 brn|[from] brn\n|upkeep\n|\n|t:|1771171107\n|switch|p2a: Ho-Oh|Ho-Oh, L71, tera:Ground|268/268\n|turn|18\n|c|☆naregm|i have the slowest team :D\n|\n|t:|1771171117\n|-end|p1a: Iron Thorns|Quark Drive|[silent]\n|switch|p1a: Hydrapple|Hydrapple, L83, F|268/312\n|move|p2a: Ho-Oh|Earthquake|p1a: Hydrapple\n|-resisted|p1a: Hydrapple\n|-damage|p1a: Hydrapple|229/312\n|\n|upkeep\n|turn|19\n|\n|t:|1771171131\n|move|p2a: Ho-Oh|Brave Bird|p1a: Hydrapple\n|-supereffective|p1a: Hydrapple\n|-damage|p1a: Hydrapple|47/312\n|-damage|p2a: Ho-Oh|208/268|[from] Recoil\n|move|p1a: Hydrapple|Giga Drain|p2a: Ho-Oh\n|-supereffective|p2a: Ho-Oh\n|-damage|p2a: Ho-Oh|42/268\n|-heal|p1a: Hydrapple|130/312|[from] drain|[of] p2a: Ho-Oh\n|-damage|p1a: Hydrapple|99/312|[from] item: Life Orb\n|\n|upkeep\n|turn|20\n|\n|t:|1771171145\n|-terastallize|p1a: Hydrapple|Steel\n|move|p2a: Ho-Oh|Brave Bird|p1a: Hydrapple\n|-resisted|p1a: Hydrapple\n|-damage|p1a: Hydrapple|54/312\n|-damage|p2a: Ho-Oh|27/268|[from] Recoil\n|move|p1a: Hydrapple|Giga Drain|p2a: Ho-Oh\n|-supereffective|p2a: Ho-Oh\n|-damage|p2a: Ho-Oh|0 fnt\n|-heal|p1a: Hydrapple|68/312|[from] drain|[of] p2a: Ho-Oh\n|faint|p2a: Ho-Oh\n|-damage|p1a: Hydrapple|37/312|[from] item: Life Orb\n|\n|upkeep\n|c|☆naregm|yay dead burd\n|\n|t:|1771171159\n|switch|p2a: Chandelure|Chandelure, L83, F|235/235\n|turn|21\n|\n|t:|1771171164\n|switch|p1a: Iron Thorns|Iron Thorns, L83|166/302 brn\n|move|p2a: Chandelure|Fire Blast|p1a: Iron Thorns|[miss]\n|-miss|p2a: Chandelure|p1a: Iron Thorns\n|\n|-damage|p1a: Iron Thorns|148/302 brn|[from] brn\n|upkeep\n|turn|22\n|\n|t:|1771171176\n|move|p2a: Chandelure|Shadow Ball|p1a: Iron Thorns\n|-damage|p1a: Iron Thorns|64/302 brn\n|move|p1a: Iron Thorns|Stone Edge|p2a: Chandelure\n|-supereffective|p2a: Chandelure\n|-damage|p2a: Chandelure|94/235\n|\n|-damage|p1a: Iron Thorns|46/302 brn|[from] brn\n|upkeep\n|turn|23\n|\n|t:|1771171187\n|-end|p1a: Iron Thorns|Quark Drive|[silent]\n|switch|p1a: Girafarig|Girafarig, L89, M|121/269\n|move|p2a: Chandelure|Fire Blast|p1a: Girafarig\n|-damage|p1a: Girafarig|3/269\n|\n|upkeep\n|turn|24\n|\n|t:|1771171195\n|move|p1a: Girafarig|Psyshock|p2a: Chandelure\n|-damage|p2a: Chandelure|0 fnt\n|faint|p2a: Chandelure\n|\n|upkeep\n|\n|t:|1771171200\n|switch|p2a: Registeel|Registeel, L81|246/262\n|-activate|p2a: Registeel|move: Sticky Web\n|-fail|p2a: Registeel|unboost|[from] ability: Clear Body|[of] p2a: Registeel\n|-damage|p2a: Registeel|214/262|[from] Spikes\n|turn|25\n|\n|t:|1771171207\n|move|p1a: Girafarig|Thunderbolt|p2a: Registeel\n|-damage|p2a: Registeel|166/262\n|move|p2a: Registeel|Iron Defense|p2a: Registeel\n|-boost|p2a: Registeel|def|2\n|\n|upkeep\n|turn|26\n|\n|t:|1771171215\n|move|p1a: Girafarig|Thunderbolt|p2a: Registeel\n|-crit|p2a: Registeel\n|-damage|p2a: Registeel|99/262\n|move|p2a: Registeel|Iron Defense|p2a: Registeel\n|-boost|p2a: Registeel|def|2\n|\n|upkeep\n|turn|27\n|\n|t:|1771171233\n|switch|p1a: Malamar|Malamar, L82, M|275/275\n|move|p2a: Registeel|Rest|p2a: Registeel\n|-status|p2a: Registeel|slp|[from] move: Rest\n|-heal|p2a: Registeel|262/262 slp|[silent]\n|-enditem|p2a: Registeel|Chesto Berry|[eat]\n|-curestatus|p2a: Registeel|slp|[msg]\n|\n|upkeep\n|turn|28\n|\n|t:|1771171243\n|move|p1a: Malamar|Superpower|p2a: Registeel\n|-supereffective|p2a: Registeel\n|-damage|p2a: Registeel|224/262\n|-boost|p1a: Malamar|atk|1\n|-boost|p1a: Malamar|def|1\n|move|p2a: Registeel|Body Press|p1a: Malamar\n|-damage|p1a: Malamar|108/275\n|\n|upkeep\n|turn|29\n|c|☆naregm|i shoulda switched and knocked off oops\n|\n|t:|1771171253\n|move|p1a: Malamar|Rest|p1a: Malamar\n|-status|p1a: Malamar|slp|[from] move: Rest\n|-heal|p1a: Malamar|275/275 slp|[silent]\n|-enditem|p1a: Malamar|Chesto Berry|[eat]\n|-curestatus|p1a: Malamar|slp|[msg]\n|move|p2a: Registeel|Body Press|p1a: Malamar\n|-damage|p1a: Malamar|129/275\n|\n|upkeep\n|turn|30\n|\n|t:|1771171264\n|move|p1a: Malamar|Superpower|p2a: Registeel\n|-supereffective|p2a: Registeel\n|-damage|p2a: Registeel|174/262\n|-boost|p1a: Malamar|atk|1\n|-boost|p1a: Malamar|def|1\n|move|p2a: Registeel|Body Press|p1a: Malamar\n|-damage|p1a: Malamar|19/275\n|\n|upkeep\n|turn|31\n|\n|t:|1771171277\n|move|p1a: Malamar|Rest|p1a: Malamar\n|-status|p1a: Malamar|slp|[from] move: Rest\n|-heal|p1a: Malamar|275/275 slp|[silent]\n|move|p2a: Registeel|Body Press|p1a: Malamar\n|-damage|p1a: Malamar|165/275 slp\n|\n|upkeep\n|turn|32\n|\n|t:|1771171287\n|cant|p1a: Malamar|slp\n|move|p2a: Registeel|Iron Defense|p2a: Registeel\n|-boost|p2a: Registeel|def|2\n|\n|upkeep\n|turn|33\n|\n|t:|1771171294\n|cant|p1a: Malamar|slp\n|move|p2a: Registeel|Body Press|p1a: Malamar\n|-damage|p1a: Malamar|22/275 slp\n|\n|upkeep\n|turn|34\n|\n|t:|1771171300\n|-curestatus|p1a: Malamar|slp|[msg]\n|move|p1a: Malamar|Superpower|p2a: Registeel\n|-supereffective|p2a: Registeel\n|-damage|p2a: Registeel|120/262\n|-boost|p1a: Malamar|atk|1\n|-boost|p1a: Malamar|def|1\n|move|p2a: Registeel|Body Press|p1a: Malamar\n|-damage|p1a: Malamar|0 fnt\n|faint|p1a: Malamar\n|\n|upkeep\n|\n|t:|1771171307\n|switch|p1a: Girafarig|Girafarig, L89, M|3/269\n|turn|35\n|\n|t:|1771171316\n|move|p1a: Girafarig|Thunderbolt|p2a: Registeel\n|-damage|p2a: Registeel|74/262\n|move|p2a: Registeel|Body Press|p1a: Girafarig\n|-damage|p1a: Girafarig|0 fnt\n|faint|p1a: Girafarig\n|\n|upkeep\n|\n|t:|1771171324\n|switch|p1a: Spidops|Spidops, L96, M|134/271 brn\n|turn|36\n|\n|t:|1771171328\n|move|p2a: Registeel|Rest|p2a: Registeel\n|-status|p2a: Registeel|slp|[from] move: Rest\n|-heal|p2a: Registeel|262/262 slp|[silent]\n|move|p1a: Spidops|Knock Off|p2a: Registeel\n|-damage|p2a: Registeel|257/262 slp\n|\n|-damage|p1a: Spidops|118/271 brn|[from] brn\n|upkeep\n|turn|37\n|\n|t:|1771171339\n|switch|p1a: Hydrapple|Hydrapple, L83, F, tera:Steel|141/312\n|cant|p2a: Registeel|slp\n|\n|upkeep\n|turn|38\n|\n|t:|1771171346\n|cant|p2a: Registeel|slp\n|move|p1a: Hydrapple|Earth Power|p2a: Registeel\n|-supereffective|p2a: Registeel\n|-damage|p2a: Registeel|132/262 slp\n|-damage|p1a: Hydrapple|110/312|[from] item: Life Orb\n|\n|upkeep\n|turn|39\n|\n|t:|1771171354\n|-curestatus|p2a: Registeel|slp|[msg]\n|move|p2a: Registeel|Body Press|p1a: Hydrapple\n|-supereffective|p1a: Hydrapple\n|-damage|p1a: Hydrapple|0 fnt\n|faint|p1a: Hydrapple\n|\n|upkeep\n|-message|naregm forfeited.\n|\n|win|soyjett\n|raw|naregm's rating: 1599 &rarr; <strong>1580</strong><br />(-19 for losing)\n|raw|soyjett's rating: 1618 &rarr; <strong>1637</strong><br />(+19 for winning)\n|l|☆naregm\n|player|p1|\n", "inputlog": ">version 686819e5e19f8a7fd2345cfc5a08a5085efa2cc3\n>start {\"formatid\":\"gen9randombattle\",\"seed\":\"sodium,08320fd106c277376b4bd716ae7f9898\",\"rated\":\"Rated battle\"}\n>player p1 {\"name\":\"naregm\",\"avatar\":\"schoolkidf\",\"rating\":1599,\"seed\":\"sodium,5bfaee539500893ae554a0246933b892\"}\n>player p2 {\"name\":\"soyjett\",\"avatar\":\"benga\",\"rating\":1618,\"seed\":\"sodium,d12aa507b2b9cf02e8ef79b1c5209038\"}\n>p1 move psyshock\n>p2 move swordsdance\n>p1 move psyshock\n>p2 move throatchop\n>p2 switch 2\n>p1 switch 5\n>p2 move irondefense\n>p1 move stickyweb\n>p2 move bodypress\n>p1 move spikes\n>p2 move irondefense\n>p1 move circlethrow\n>p2 move irondefense\n>p1 switch 3\n>p2 move sacredfire\n>p1 move curse\n>p2 move earthquake terastallize\n>p1 move liquidation\n>p2 move earthquake\n>p1 switch 2\n>p1 move nastyplot\n>p2 switch 5\n>p1 move ficklebeam\n>p2 move moonblast\n>p2 switch 6\n>p1 move gigadrain\n>p2 move calmmind\n>p1 switch 3\n>p2 move drainingkiss\n>p1 move knockoff\n>p2 move willowisp\n>p1 switch 6\n>p2 move shadowball\n>p1 move icepunch\n>p2 move willowisp\n>p1 move stoneedge\n>p2 move calmmind\n>p2 switch 5\n>chat ☆naregm|i have the slowest team :D\n>p1 switch 3\n>p2 move earthquake\n>p1 move gigadrain\n>p2 move bravebird\n>p1 move gigadrain terastallize\n>p2 move bravebird\n>chat ☆naregm|yay dead burd\n>p2 switch 4\n>p1 switch 3\n>p2 move fireblast\n>p1 move stoneedge\n>p2 move shadowball\n>p1 switch 5\n>p2 move fireblast\n>p1 move psyshock\n>p2 move fireblast\n>p2 switch 3\n>p1 move thunderbolt\n>p2 move irondefense\n>p1 move thunderbolt\n>p2 move irondefense\n>p1 switch 4\n>p2 move rest\n>p1 move superpower\n>p2 move bodypress\n>chat ☆naregm|i shoulda switched and knocked off oops\n>p1 move rest\n>p2 move bodypress\n>p1 move superpower\n>p2 move bodypress\n>p1 move rest\n>p2 move bodypress\n>p1 move superpower\n>p2 move irondefense\n>p1 move superpower\n>p2 move bodypress\n>p1 move superpower\n>p2 move bodypress\n>p1 switch 4\n>p1 move thunderbolt\n>p2 move bodypress\n>p1 switch 6\n>p1 move knockoff\n>p2 move rest\n>p1 switch 3\n>p2 move bodypress\n>p1 move earthpower\n>p2 move bodypress\n>p1 move earthpower\n>p2 move bodypress\n>forcelose p1", "uploadtime": 1771171421, "views": 16, "formatid": "gen9randombattle", "rating": 1580, "private": 0, "password": null}