{"id": "gen9randombattle-2540380379", "format": "[Gen 9] Random Battle", "players": ["hmmjrji", "sonnyjimvb2"], "log": "|j|☆hmmjrji\n|j|☆sonnyjimvb2\n|t:|1771195073\n|gametype|singles\n|player|p1|hmmjrji|266|2040\n|player|p2|sonnyjimvb2|266|2012\n|gen|9\n|tier|[Gen 9] Random Battle\n|rated|\n|rule|Species Clause: Limit one of each Pokémon\n|rule|HP Percentage Mod: HP is shown in percentages\n|rule|Sleep Clause Mod: Limit one foe put to sleep\n|rule|Illusion Level Mod: Illusion disguises the Pokémon's true level\n|\n|t:|1771195073\n|teamsize|p1|6\n|teamsize|p2|6\n|start\n|switch|p1a: Sunflora|Sunflora, M|312/312\n|switch|p2a: Farigiraf|Farigiraf, L91, M|366/366\n|turn|1\n|\n|t:|1771195085\n|switch|p1a: Bombirdier|Bombirdier, L85, M|258/258\n|move|p2a: Farigiraf|Future Sight|p1a: Bombirdier\n|-start|p2a: Farigiraf|move: Future Sight\n|\n|upkeep\n|turn|2\n|\n|t:|1771195094\n|switch|p2a: Hippowdon|Hippowdon, L82, M|311/311\n|-weather|Sandstorm|[from] ability: Sand Stream|[of] p2a: Hippowdon\n|move|p1a: Bombirdier|Knock Off|p2a: Hippowdon\n|-damage|p2a: Hippowdon|218/311\n|-enditem|p2a: Hippowdon|Leftovers|[from] move: Knock Off|[of] p1a: Bombirdier\n|\n|-weather|Sandstorm|[upkeep]\n|-damage|p1a: Bombirdier|242/258|[from] Sandstorm\n|upkeep\n|turn|3\n|\n|t:|1771195102\n|switch|p1a: Slowking|Slowking-Galar, L85, F|300/300\n|move|p2a: Hippowdon|Stone Edge|p1a: Slowking\n|-damage|p1a: Slowking|221/300\n|\n|-weather|Sandstorm|[upkeep]\n|-damage|p1a: Slowking|203/300|[from] Sandstorm\n|-end|p1a: Slowking|move: Future Sight\n|-damage|p1a: Slowking|116/300\n|upkeep\n|turn|4\n|\n|t:|1771195114\n|switch|p1a: Sunflora|Sunflora, M|312/312\n|move|p2a: Hippowdon|Stealth Rock|p1a: Sunflora\n|-sidestart|p1: hmmjrji|move: Stealth Rock\n|\n|-weather|Sandstorm|[upkeep]\n|-damage|p1a: Sunflora|293/312|[from] Sandstorm\n|upkeep\n|turn|5\n|\n|t:|1771195120\n|switch|p2a: Farigiraf|Farigiraf, L91, M|366/366\n|move|p1a: Sunflora|Sunny Day|p1a: Sunflora\n|-weather|SunnyDay\n|\n|-weather|SunnyDay|[upkeep]\n|upkeep\n|turn|6\n|\n|t:|1771195125\n|move|p1a: Sunflora|Weather Ball|p2a: Farigiraf\n|-damage|p2a: Farigiraf|127/366\n|-damage|p1a: Sunflora|262/312|[from] item: Life Orb\n|move|p2a: Farigiraf|Hyper Voice|p1a: Sunflora\n|-damage|p1a: Sunflora|163/312\n|\n|-weather|SunnyDay|[upkeep]\n|-heal|p2a: Farigiraf|149/366|[from] item: Leftovers\n|upkeep\n|turn|7\n|\n|t:|1771195131\n|move|p2a: Farigiraf|Protect|p2a: Farigiraf\n|-singleturn|p2a: Farigiraf|Protect\n|move|p1a: Sunflora|Weather Ball|p2a: Farigiraf\n|-activate|p2a: Farigiraf|move: Protect\n|\n|-weather|SunnyDay|[upkeep]\n|-heal|p2a: Farigiraf|171/366|[from] item: Leftovers\n|upkeep\n|turn|8\n|\n|t:|1771195135\n|switch|p2a: Poliwrath|Poliwrath, L88, M|302/302\n|move|p1a: Sunflora|Weather Ball|p2a: Poliwrath\n|-resisted|p2a: Poliwrath\n|-damage|p2a: Poliwrath|206/302\n|-damage|p1a: Sunflora|132/312|[from] item: Life Orb\n|\n|-weather|SunnyDay|[upkeep]\n|-heal|p2a: Poliwrath|224/302|[from] item: Leftovers\n|upkeep\n|turn|9\n|\n|t:|1771195142\n|switch|p2a: Farigiraf|Farigiraf, L91, M|171/366\n|move|p1a: Sunflora|Solar Beam||[still]\n|-prepare|p1a: Sunflora|Solar Beam\n|-anim|p1a: Sunflora|Solar Beam|p2a: Farigiraf\n|-ability|p2a: Farigiraf|Sap Sipper|boost\n|-boost|p2a: Farigiraf|atk|1\n|\n|-weather|none\n|-heal|p2a: Farigiraf|193/366|[from] item: Leftovers\n|upkeep\n|turn|10\n|\n|t:|1771195146\n|switch|p1a: Bombirdier|Bombirdier, L85, M|242/258\n|-damage|p1a: Bombirdier|178/258|[from] Stealth Rock\n|move|p2a: Farigiraf|Hyper Voice|p1a: Bombirdier\n|-damage|p1a: Bombirdier|43/258\n|\n|-heal|p2a: Farigiraf|215/366|[from] item: Leftovers\n|upkeep\n|turn|11\n|\n|t:|1771195154\n|move|p1a: Bombirdier|Knock Off|p2a: Farigiraf\n|-supereffective|p2a: Farigiraf\n|-damage|p2a: Farigiraf|0 fnt\n|-enditem|p2a: Farigiraf|Leftovers|[from] move: Knock Off|[of] p1a: Bombirdier\n|faint|p2a: Farigiraf\n|\n|upkeep\n|\n|t:|1771195174\n|switch|p2a: Hippowdon|Hippowdon, L82, M|218/311\n|-weather|Sandstorm|[from] ability: Sand Stream|[of] p2a: Hippowdon\n|turn|12\n|\n|t:|1771195196\n|move|p1a: Bombirdier|Knock Off|p2a: Hippowdon\n|-damage|p2a: Hippowdon|152/311\n|move|p2a: Hippowdon|Stone Edge|p1a: Bombirdier\n|-supereffective|p1a: Bombirdier\n|-damage|p1a: Bombirdier|0 fnt\n|faint|p1a: Bombirdier\n|\n|-weather|Sandstorm|[upkeep]\n|upkeep\n|\n|t:|1771195209\n|switch|p1a: Sunflora|Sunflora, M|132/312\n|-damage|p1a: Sunflora|93/312|[from] Stealth Rock\n|turn|13\n|\n|t:|1771195214\n|move|p2a: Hippowdon|Stone Edge|p1a: Sunflora\n|-damage|p1a: Sunflora|6/312\n|move|p1a: Sunflora|Sunny Day|p1a: Sunflora\n|-weather|SunnyDay\n|\n|-weather|SunnyDay|[upkeep]\n|upkeep\n|turn|14\n|\n|t:|1771195223\n|switch|p2a: Florges|Florges-Blue, L85, F|271/271\n|move|p1a: Sunflora|Solar Beam||[still]\n|-prepare|p1a: Sunflora|Solar Beam\n|-anim|p1a: Sunflora|Solar Beam|p2a: Florges\n|-damage|p2a: Florges|114/271\n|-damage|p1a: Sunflora|0 fnt|[from] item: Life Orb\n|faint|p1a: Sunflora\n|\n|-weather|SunnyDay|[upkeep]\n|-heal|p2a: Florges|130/271|[from] item: Leftovers\n|upkeep\n|\n|t:|1771195248\n|switch|p1a: Emboar|Emboar, L84, M|322/322\n|-damage|p1a: Emboar|282/322|[from] Stealth Rock\n|turn|15\n|\n|t:|1771195254\n|move|p2a: Florges|Moonblast|p1a: Emboar\n|-crit|p1a: Emboar\n|-damage|p1a: Emboar|47/322\n|move|p1a: Emboar|Trailblaze|p2a: Florges\n|-damage|p2a: Florges|76/271\n|-boost|p1a: Emboar|spe|1\n|\n|-weather|SunnyDay|[upkeep]\n|-heal|p1a: Emboar|67/322|[from] item: Leftovers\n|-heal|p2a: Florges|92/271|[from] item: Leftovers\n|upkeep\n|turn|16\n|\n|t:|1771195263\n|move|p2a: Florges|Protect|p2a: Florges\n|-singleturn|p2a: Florges|Protect\n|move|p1a: Emboar|Flare Blitz|p2a: Florges\n|-activate|p2a: Florges|move: Protect\n|\n|-weather|SunnyDay|[upkeep]\n|-heal|p1a: Emboar|87/322|[from] item: Leftovers\n|-heal|p2a: Florges|108/271|[from] item: Leftovers\n|upkeep\n|turn|17\n|\n|t:|1771195269\n|switch|p2a: Hippowdon|Hippowdon, L82, M|152/311\n|-weather|Sandstorm|[from] ability: Sand Stream|[of] p2a: Hippowdon\n|move|p1a: Emboar|Flare Blitz|p2a: Hippowdon\n|-damage|p2a: Hippowdon|4/311\n|-damage|p1a: Emboar|38/322|[from] Recoil\n|\n|-weather|Sandstorm|[upkeep]\n|-damage|p1a: Emboar|18/322|[from] Sandstorm\n|-heal|p1a: Emboar|38/322|[from] item: Leftovers\n|upkeep\n|turn|18\n|\n|t:|1771195274\n|move|p1a: Emboar|Drain Punch|p2a: Hippowdon\n|-damage|p2a: Hippowdon|0 fnt\n|-heal|p1a: Emboar|40/322|[from] drain|[of] p2a: Hippowdon\n|faint|p2a: Hippowdon\n|\n|-weather|Sandstorm|[upkeep]\n|-damage|p1a: Emboar|20/322|[from] Sandstorm\n|-heal|p1a: Emboar|40/322|[from] item: Leftovers\n|upkeep\n|\n|t:|1771195278\n|switch|p2a: Poliwrath|Poliwrath, L88, M|224/302\n|turn|19\n|\n|t:|1771195285\n|move|p1a: Emboar|Trailblaze|p2a: Poliwrath\n|-supereffective|p2a: Poliwrath\n|-damage|p2a: Poliwrath|150/302\n|-boost|p1a: Emboar|spe|1\n|move|p2a: Poliwrath|Drain Punch|p1a: Emboar\n|-damage|p1a: Emboar|0 fnt\n|-heal|p2a: Poliwrath|170/302|[from] drain|[of] p1a: Emboar\n|faint|p1a: Emboar\n|\n|-weather|Sandstorm|[upkeep]\n|-damage|p2a: Poliwrath|152/302|[from] Sandstorm\n|-heal|p2a: Poliwrath|170/302|[from] item: Leftovers\n|upkeep\n|\n|t:|1771195301\n|switch|p1a: Oricorio|Oricorio-Sensu, L85, M|266/266\n|turn|20\n|\n|t:|1771195316\n|switch|p2a: Crabominable|Crabominable, L90, F|321/321\n|move|p1a: Oricorio|Hurricane|p2a: Crabominable\n|-supereffective|p2a: Crabominable\n|-damage|p2a: Crabominable|33/321\n|\n|-weather|Sandstorm|[upkeep]\n|-damage|p1a: Oricorio|250/266|[from] Sandstorm\n|-damage|p2a: Crabominable|13/321|[from] Sandstorm\n|upkeep\n|turn|21\n|\n|t:|1771195320\n|move|p1a: Oricorio|Revelation Dance|p2a: Crabominable\n|-damage|p2a: Crabominable|0 fnt\n|faint|p2a: Crabominable\n|\n|-weather|none\n|upkeep\n|\n|t:|1771195329\n|switch|p2a: Gardevoir|Gardevoir, L83, F|249/249\n|-ability|p2a: Gardevoir|Dancer|Trace|[from] ability: Trace|[of] p1a: Oricorio\n|turn|22\n|\n|t:|1771195336\n|switch|p1a: Slowking|Slowking-Galar, L85, F|216/300\n|-damage|p1a: Slowking|179/300|[from] Stealth Rock\n|move|p2a: Gardevoir|Calm Mind|p2a: Gardevoir\n|-boost|p2a: Gardevoir|spa|1\n|-boost|p2a: Gardevoir|spd|1\n|\n|upkeep\n|turn|23\n|\n|t:|1771195341\n|move|p2a: Gardevoir|Calm Mind|p2a: Gardevoir\n|-boost|p2a: Gardevoir|spa|1\n|-boost|p2a: Gardevoir|spd|1\n|move|p1a: Slowking|Sludge Bomb|p2a: Gardevoir\n|-supereffective|p2a: Gardevoir\n|-damage|p2a: Gardevoir|157/249\n|-status|p2a: Gardevoir|psn\n|\n|-damage|p2a: Gardevoir|126/249 psn|[from] psn\n|upkeep\n|turn|24\n|\n|t:|1771195348\n|move|p2a: Gardevoir|Psyshock|p1a: Slowking\n|-damage|p1a: Slowking|0 fnt\n|faint|p1a: Slowking\n|-damage|p2a: Gardevoir|102/249 psn|[from] item: Life Orb\n|\n|-damage|p2a: Gardevoir|71/249 psn|[from] psn\n|upkeep\n|\n|t:|1771195359\n|switch|p1a: Deoxys|Deoxys-Attack, L72|191/191\n|-damage|p1a: Deoxys|168/191|[from] Stealth Rock\n|-ability|p1a: Deoxys|Pressure\n|turn|25\n|\n|t:|1771195370\n|switch|p2a: Poliwrath|Poliwrath, L88, M|170/302\n|move|p1a: Deoxys|Knock Off|p2a: Poliwrath\n|-resisted|p2a: Poliwrath\n|-damage|p2a: Poliwrath|121/302\n|-enditem|p2a: Poliwrath|Leftovers|[from] move: Knock Off|[of] p1a: Deoxys\n|-damage|p1a: Deoxys|149/191|[from] item: Life Orb\n|\n|upkeep\n|turn|26\n|\n|t:|1771195386\n|move|p1a: Deoxys|Psycho Boost|p2a: Poliwrath\n|-supereffective|p2a: Poliwrath\n|-damage|p2a: Poliwrath|0 fnt\n|-unboost|p1a: Deoxys|spa|2\n|faint|p2a: Poliwrath\n|-damage|p1a: Deoxys|130/191|[from] item: Life Orb\n|\n|upkeep\n|\n|t:|1771195398\n|switch|p2a: Gardevoir|Gardevoir, L83, F|71/249 psn\n|-ability|p2a: Gardevoir|Pressure|Trace|[from] ability: Trace|[of] p1a: Deoxys\n|-ability|p2a: Gardevoir|Pressure\n|turn|27\n|\n|t:|1771195404\n|move|p1a: Deoxys|Knock Off|p2a: Gardevoir\n|-damage|p2a: Gardevoir|0 fnt\n|-enditem|p2a: Gardevoir|Life Orb|[from] move: Knock Off|[of] p1a: Deoxys\n|faint|p2a: Gardevoir\n|-damage|p1a: Deoxys|111/191|[from] item: Life Orb\n|\n|upkeep\n|\n|t:|1771195407\n|switch|p2a: Florges|Florges-Blue, L85, F|108/271\n|turn|28\n|\n|t:|1771195414\n|move|p1a: Deoxys|Knock Off|p2a: Florges\n|-resisted|p2a: Florges\n|-damage|p2a: Florges|43/271\n|-enditem|p2a: Florges|Leftovers|[from] move: Knock Off|[of] p1a: Deoxys\n|-damage|p1a: Deoxys|92/191|[from] item: Life Orb\n|move|p2a: Florges|Wish|p2a: Florges\n|\n|upkeep\n|turn|29\n|\n|t:|1771195422\n|switch|p1a: Oricorio|Oricorio-Sensu, L85, M|250/266\n|move|p2a: Florges|Protect||[still]\n|-fail|p2a: Florges\n|\n|-heal|p2a: Florges|178/271|[from] move: Wish|[wisher] Florges\n|upkeep\n|turn|30\n|\n|t:|1771195430\n|move|p1a: Oricorio|Quiver Dance|p1a: Oricorio\n|-boost|p1a: Oricorio|spa|1\n|-boost|p1a: Oricorio|spd|1\n|-boost|p1a: Oricorio|spe|1\n|move|p2a: Florges|Calm Mind|p2a: Florges\n|-boost|p2a: Florges|spa|1\n|-boost|p2a: Florges|spd|1\n|\n|upkeep\n|turn|31\n|\n|t:|1771195432\n|move|p1a: Oricorio|Quiver Dance|p1a: Oricorio\n|-boost|p1a: Oricorio|spa|1\n|-boost|p1a: Oricorio|spd|1\n|-boost|p1a: Oricorio|spe|1\n|move|p2a: Florges|Calm Mind|p2a: Florges\n|-boost|p2a: Florges|spa|1\n|-boost|p2a: Florges|spd|1\n|\n|upkeep\n|turn|32\n|\n|t:|1771195435\n|move|p1a: Oricorio|Quiver Dance|p1a: Oricorio\n|-boost|p1a: Oricorio|spa|1\n|-boost|p1a: Oricorio|spd|1\n|-boost|p1a: Oricorio|spe|1\n|move|p2a: Florges|Calm Mind|p2a: Florges\n|-boost|p2a: Florges|spa|1\n|-boost|p2a: Florges|spd|1\n|\n|upkeep\n|turn|33\n|\n|t:|1771195437\n|move|p1a: Oricorio|Quiver Dance|p1a: Oricorio\n|-boost|p1a: Oricorio|spa|1\n|-boost|p1a: Oricorio|spd|1\n|-boost|p1a: Oricorio|spe|1\n|move|p2a: Florges|Calm Mind|p2a: Florges\n|-boost|p2a: Florges|spa|1\n|-boost|p2a: Florges|spd|1\n|\n|upkeep\n|turn|34\n|\n|t:|1771195439\n|move|p1a: Oricorio|Quiver Dance|p1a: Oricorio\n|-boost|p1a: Oricorio|spa|1\n|-boost|p1a: Oricorio|spd|1\n|-boost|p1a: Oricorio|spe|1\n|move|p2a: Florges|Wish|p2a: Florges\n|\n|upkeep\n|turn|35\n|\n|t:|1771195440\n|move|p1a: Oricorio|Quiver Dance|p1a: Oricorio\n|-boost|p1a: Oricorio|spa|1\n|-boost|p1a: Oricorio|spd|1\n|-boost|p1a: Oricorio|spe|1\n|move|p2a: Florges|Calm Mind|p2a: Florges\n|-boost|p2a: Florges|spa|1\n|-boost|p2a: Florges|spd|1\n|\n|-heal|p2a: Florges|271/271|[from] move: Wish|[wisher] Florges\n|upkeep\n|turn|36\n|\n|t:|1771195444\n|move|p1a: Oricorio|Hurricane|p2a: Florges|[miss]\n|-miss|p1a: Oricorio|p2a: Florges\n|move|p2a: Florges|Calm Mind|p2a: Florges\n|-boost|p2a: Florges|spa|1\n|-boost|p2a: Florges|spd|1\n|\n|upkeep\n|turn|37\n|\n|t:|1771195447\n|move|p1a: Oricorio|Hurricane|p2a: Florges|[miss]\n|-miss|p1a: Oricorio|p2a: Florges\n|move|p2a: Florges|Moonblast|p1a: Oricorio\n|-damage|p1a: Oricorio|102/266\n|\n|upkeep\n|turn|38\n|\n|t:|1771195450\n|move|p1a: Oricorio|Hurricane|p2a: Florges\n|-damage|p2a: Florges|192/271\n|move|p2a: Florges|Moonblast|p1a: Oricorio\n|-damage|p1a: Oricorio|0 fnt\n|faint|p1a: Oricorio\n|\n|upkeep\n|\n|t:|1771195459\n|switch|p1a: Deoxys|Deoxys-Attack, L72|92/191\n|-damage|p1a: Deoxys|69/191|[from] Stealth Rock\n|-ability|p1a: Deoxys|Pressure\n|turn|39\n|\n|t:|1771195462\n|-terastallize|p1a: Deoxys|Fighting\n|move|p2a: Florges|Protect|p2a: Florges\n|-singleturn|p2a: Florges|Protect\n|move|p1a: Deoxys|Superpower|p2a: Florges\n|-activate|p2a: Florges|move: Protect\n|\n|upkeep\n|turn|40\n|\n|t:|1771195468\n|move|p1a: Deoxys|Superpower|p2a: Florges\n|-resisted|p2a: Florges\n|-damage|p2a: Florges|75/271\n|-unboost|p1a: Deoxys|atk|1\n|-unboost|p1a: Deoxys|def|1\n|-damage|p1a: Deoxys|50/191|[from] item: Life Orb\n|move|p2a: Florges|Moonblast|p1a: Deoxys\n|-supereffective|p1a: Deoxys\n|-damage|p1a: Deoxys|0 fnt\n|faint|p1a: Deoxys\n|\n|win|sonnyjimvb2\n|raw|hmmjrji's rating: 2040 &rarr; <strong>2018</strong><br />(-22 for losing)\n|raw|sonnyjimvb2's rating: 2012 &rarr; <strong>2034</strong><br />(+22 for winning)\n|l|☆hmmjrji\n|player|p1|\n|l|☆sonnyjimvb2\n|player|p2|\n", "inputlog": ">version 686819e5e19f8a7fd2345cfc5a08a5085efa2cc3\n>start {\"formatid\":\"gen9randombattle\",\"seed\":\"sodium,372880199d2018480b70b1b25bf4ea0a\",\"rated\":\"Rated battle\"}\n>player p1 {\"name\":\"hmmjrji\",\"avatar\":\"266\",\"rating\":2040,\"seed\":\"sodium,2b06b2b6842912c984502d5d5ecf0cef\"}\n>player p2 {\"name\":\"sonnyjimvb2\",\"avatar\":\"266\",\"rating\":2012,\"seed\":\"sodium,a434cca43e4cabde5f267732fe25c148\"}\n>p1 switch 2\n>p2 move futuresight\n>p1 move knockoff\n>p2 switch 2\n>p1 switch 5\n>p2 move stoneedge\n>p1 switch 2\n>p2 move stealthrock\n>p1 move sunnyday\n>p2 switch 2\n>p1 move weatherball\n>p2 move hypervoice\n>p1 move weatherball\n>p2 move protect\n>p1 move weatherball\n>p2 switch 4\n>p1 move solarbeam\n>p2 switch 4\n>p1 switch 5\n>p2 move hypervoice\n>p1 move knockoff\n>p2 move hypervoice\n>p2 switch 2\n>p1 move knockoff\n>p2 move stoneedge\n>p1 switch 5\n>p1 move sunnyday\n>p2 move stoneedge\n>p1 move solarbeam\n>p2 switch 5\n>p1 switch 6\n>p1 move trailblaze\n>p2 move moonblast\n>p1 move flareblitz\n>p2 move protect\n>p1 move flareblitz\n>p2 switch 5\n>p1 move drainpunch\n>p2 move earthquake\n>p2 switch 4\n>p1 move trailblaze\n>p2 move drainpunch\n>p1 switch 3\n>p1 move hurricane\n>p2 switch 6\n>p1 move revelationdance\n>p2 move icehammer\n>p2 switch 3\n>p1 switch 2\n>p2 move calmmind\n>p1 move sludgebomb\n>p2 move calmmind\n>p1 move sludgebomb\n>p2 move psyshock\n>p1 switch 4\n>p1 move knockoff\n>p2 switch 6\n>p1 move psychoboost\n>p2 move icepunch\n>p2 switch 6\n>p1 move knockoff\n>p2 move moonblast\n>p2 switch 5\n>p1 move knockoff\n>p2 move wish\n>p1 switch 2\n>p2 move protect\n>p1 move quiverdance\n>p2 move calmmind\n>p1 move quiverdance\n>p2 move calmmind\n>p1 move quiverdance\n>p2 move calmmind\n>p1 move quiverdance\n>p2 move calmmind\n>p1 move quiverdance\n>p2 move wish\n>p1 move quiverdance\n>p2 move calmmind\n>p1 move hurricane\n>p2 move calmmind\n>p1 move hurricane\n>p2 move moonblast\n>p1 move hurricane\n>p2 move moonblast\n>p1 switch 2\n>p1 move superpower terastallize\n>p2 move protect\n>p1 move superpower\n>p2 move moonblast", "uploadtime": 1771196776, "views": 11, "formatid": "gen9randombattle", "rating": 2018, "private": 0, "password": null}