{"id": "gen9randombattle-2540844345", "format": "[Gen 9] Random Battle", "players": ["wildlae", "Oswalking"], "log": "|j|☆wildlae\n|j|☆Oswalking\n|t:|1771259869\n|gametype|singles\n|player|p1|wildlae|elesa|1557\n|player|p2|Oswalking|aaron|1570\n|gen|9\n|tier|[Gen 9] Random Battle\n|rated|\n|rule|Species Clause: Limit one of each Pokémon\n|rule|HP Percentage Mod: HP is shown in percentages\n|rule|Sleep Clause Mod: Limit one foe put to sleep\n|rule|Illusion Level Mod: Illusion disguises the Pokémon's true level\n|\n|t:|1771259869\n|teamsize|p1|6\n|teamsize|p2|6\n|start\n|switch|p1a: Hariyama|Hariyama, L87, F|392/392\n|switch|p2a: Serperior|Serperior, L79, M|248/248\n|turn|1\n|inactive|Battle timer is ON: inactive players will automatically lose when time's up. (requested by wildlae)\n|inactive|wildlae has 120 seconds left.\n|inactive|Oswalking has 120 seconds left.\n|\n|t:|1771259920\n|move|p2a: Serperior|Substitute|p2a: Serperior\n|-start|p2a: Serperior|Substitute\n|-damage|p2a: Serperior|186/248\n|move|p1a: Hariyama|Knock Off|p2a: Serperior\n|-end|p2a: Serperior|Substitute\n|\n|-heal|p2a: Serperior|201/248|[from] item: Leftovers\n|upkeep\n|turn|2\n|\n|t:|1771259940\n|move|p2a: Serperior|Leaf Storm|p1a: Hariyama\n|-damage|p1a: Hariyama|299/392\n|-boost|p2a: Serperior|spa|2\n|move|p1a: Hariyama|Knock Off|p2a: Serperior\n|-damage|p2a: Serperior|107/248\n|-enditem|p2a: Serperior|Leftovers|[from] move: Knock Off|[of] p1a: Hariyama\n|\n|upkeep\n|turn|3\n|\n|t:|1771259955\n|switch|p1a: Vileplume|Vileplume, L85, M|266/266\n|move|p2a: Serperior|Leaf Storm|p1a: Vileplume\n|-resisted|p1a: Vileplume\n|-damage|p1a: Vileplume|215/266\n|-boost|p2a: Serperior|spa|2\n|\n|-heal|p1a: Vileplume|231/266|[from] item: Leftovers\n|upkeep\n|turn|4\n|\n|t:|1771259982\n|move|p2a: Serperior|Dragon Pulse|p1a: Vileplume\n|-damage|p1a: Vileplume|111/266\n|move|p1a: Vileplume|Sludge Bomb|p2a: Serperior\n|-supereffective|p2a: Serperior\n|-damage|p2a: Serperior|0 fnt\n|faint|p2a: Serperior\n|\n|-heal|p1a: Vileplume|127/266|[from] item: Leftovers\n|upkeep\n|inactive|Oswalking has 120 seconds left.\n|\n|t:|1771260007\n|switch|p2a: Kyurem|Kyurem-Black, L71|295/295\n|-ability|p2a: Kyurem|Teravolt\n|turn|5\n|inactive|wildlae has 120 seconds left.\n|inactive|Oswalking has 90 seconds left.\n|inactive|wildlae has 90 seconds left.\n|\n|t:|1771260080\n|move|p2a: Kyurem|Icicle Spear|p1a: Vileplume\n|-supereffective|p1a: Vileplume\n|-damage|p1a: Vileplume|61/266\n|-supereffective|p1a: Vileplume\n|-damage|p1a: Vileplume|0 fnt\n|faint|p1a: Vileplume\n|-hitcount|p1: Vileplume|2\n|\n|upkeep\n|\n|t:|1771260085\n|switch|p1a: Hariyama|Hariyama, L87, F|299/392\n|turn|6\n|\n|t:|1771260096\n|-terastallize|p2a: Kyurem|Electric\n|move|p2a: Kyurem|Dragon Dance|p2a: Kyurem\n|-boost|p2a: Kyurem|atk|1\n|-boost|p2a: Kyurem|spe|1\n|move|p1a: Hariyama|Close Combat|p2a: Kyurem\n|-damage|p2a: Kyurem|135/295\n|-unboost|p1a: Hariyama|def|1\n|-unboost|p1a: Hariyama|spd|1\n|\n|upkeep\n|turn|7\n|\n|t:|1771260109\n|move|p2a: Kyurem|Fusion Bolt|p1a: Hariyama\n|-damage|p1a: Hariyama|0 fnt\n|faint|p1a: Hariyama\n|\n|upkeep\n|\n|t:|1771260125\n|switch|p1a: Zebstrika|Zebstrika, L87, M|272/272\n|turn|8\n|\n|t:|1771260138\n|move|p2a: Kyurem|Icicle Spear|p1a: Zebstrika\n|-damage|p1a: Zebstrika|218/272\n|-damage|p1a: Zebstrika|157/272\n|-damage|p1a: Zebstrika|99/272\n|-damage|p1a: Zebstrika|42/272\n|-damage|p1a: Zebstrika|0 fnt\n|faint|p1a: Zebstrika\n|-hitcount|p1: Zebstrika|5\n|\n|upkeep\n|\n|t:|1771260143\n|switch|p1a: Drednaw|Drednaw, L81, M|278/278\n|turn|9\n|\n|t:|1771260154\n|move|p2a: Kyurem|Fusion Bolt|p1a: Drednaw\n|-supereffective|p1a: Drednaw\n|-damage|p1a: Drednaw|0 fnt\n|faint|p1a: Drednaw\n|\n|upkeep\n|\n|t:|1771260157\n|switch|p1a: Landorus|Landorus, L75, M|257/257\n|turn|10\n|\n|t:|1771260166\n|move|p2a: Kyurem|Icicle Spear|p1a: Landorus\n|-supereffective|p1a: Landorus\n|-damage|p1a: Landorus|61/257\n|-supereffective|p1a: Landorus\n|-damage|p1a: Landorus|0 fnt\n|faint|p1a: Landorus\n|-hitcount|p1: Landorus|2\n|\n|upkeep\n|-message|wildlae forfeited.\n|\n|win|Oswalking\n|raw|wildlae's rating: 1557 &rarr; <strong>1538</strong><br />(-19 for losing)\n|raw|Oswalking's rating: 1570 &rarr; <strong>1589</strong><br />(+19 for winning)\n|l|☆wildlae\n|player|p1|\n", "inputlog": ">version 686819e5e19f8a7fd2345cfc5a08a5085efa2cc3\n>start {\"formatid\":\"gen9randombattle\",\"seed\":\"sodium,36bb9739acfa7d348d8d0a31e77912b0\",\"rated\":\"Rated battle\"}\n>player p1 {\"name\":\"wildlae\",\"avatar\":\"elesa\",\"rating\":1557,\"seed\":\"sodium,299a20e80885162aa88c73d118c0efff\"}\n>player p2 {\"name\":\"Oswalking\",\"avatar\":\"aaron\",\"rating\":1570,\"seed\":\"sodium,6facd138120cdc3c7dd15c739f57fad7\"}\n>p1 move knockoff\n>p2 move substitute\n>p1 move knockoff\n>p2 move leafstorm\n>p1 switch 2\n>p2 move leafstorm\n>p1 move sludgebomb\n>p2 move dragonpulse\n>p2 switch 5\n>p1 move strengthsap\n>p2 move iciclespear\n>p1 switch 2\n>p1 move closecombat\n>p2 move dragondance terastallize\n>p1 move knockoff\n>p2 move fusionbolt\n>p1 switch 6\n>p1 move highhorsepower\n>p2 move iciclespear\n>p1 switch 4\n>p1 move shellsmash\n>p2 move fusionbolt\n>p1 switch 3\n>p1 move earthpower\n>p2 move iciclespear\n>forcelose p1", "uploadtime": 1771260174, "views": 6, "formatid": "gen9randombattle", "rating": 1538, "private": 0, "password": null}