{"id": "gen9randombattle-2540677996", "format": "[Gen 9] Random Battle", "players": ["asaHr21", "charroger"], "log": "|j|☆asaHr21\n|j|☆charroger\n|t:|1771238805\n|gametype|singles\n|player|p1|asaHr21|266|1682\n|player|p2|charroger|aromalady|1750\n|gen|9\n|tier|[Gen 9] Random Battle\n|rated|\n|rule|Species Clause: Limit one of each Pokémon\n|rule|HP Percentage Mod: HP is shown in percentages\n|rule|Sleep Clause Mod: Limit one foe put to sleep\n|rule|Illusion Level Mod: Illusion disguises the Pokémon's true level\n|\n|t:|1771238805\n|teamsize|p1|6\n|teamsize|p2|6\n|start\n|switch|p1a: Zangoose|Zangoose, L85, F|263/263\n|switch|p2a: Arcanine|Arcanine, L84, F|288/288\n|-ability|p2a: Arcanine|Intimidate|boost\n|-unboost|p1a: Zangoose|atk|1\n|turn|1\n|\n|t:|1771238820\n|switch|p1a: Altaria|Altaria, L89, F|278/278\n|move|p2a: Arcanine|Close Combat|p1a: Altaria\n|-resisted|p1a: Altaria\n|-damage|p1a: Altaria|232/278\n|-unboost|p2a: Arcanine|def|1\n|-unboost|p2a: Arcanine|spd|1\n|\n|upkeep\n|turn|2\n|\n|t:|1771238837\n|switch|p2a: Fezandipiti|Fezandipiti, L82, M|278/278\n|move|p1a: Altaria|Brave Bird|p2a: Fezandipiti\n|-damage|p2a: Fezandipiti|148/278\n|-damage|p1a: Altaria|189/278|[from] Recoil\n|\n|-heal|p2a: Fezandipiti|165/278|[from] item: Leftovers\n|upkeep\n|turn|3\n|\n|t:|1771238868\n|switch|p1a: Komala|Komala, L89, M|260/260\n|-ability|p1a: Komala|Comatose\n|move|p2a: Fezandipiti|Gunk Shot|p1a: Komala|[miss]\n|-miss|p2a: Fezandipiti|p1a: Komala\n|\n|-heal|p2a: Fezandipiti|182/278|[from] item: Leftovers\n|upkeep\n|turn|4\n|\n|t:|1771238883\n|switch|p2a: Arcanine|Arcanine, L84, F|288/288\n|-ability|p2a: Arcanine|Intimidate|boost\n|-unboost|p1a: Komala|atk|1\n|move|p1a: Komala|Body Slam|p2a: Arcanine\n|-damage|p2a: Arcanine|201/288\n|\n|upkeep\n|turn|5\n|\n|t:|1771238891\n|switch|p1a: Altaria|Altaria, L89, F|189/278\n|switch|p2a: Muk|Muk-Alola, L82, M|306/306\n|\n|upkeep\n|turn|6\n|\n|t:|1771238909\n|switch|p1a: Golem|Golem, L87, M|281/281\n|move|p2a: Muk|Knock Off|p1a: Golem\n|-damage|p1a: Golem|200/281\n|-enditem|p1a: Golem|Custap Berry|[from] move: Knock Off|[of] p2a: Muk\n|\n|upkeep\n|turn|7\n|\n|t:|1771238920\n|switch|p2a: Arboliva|Arboliva, L91, M|288/288\n|move|p1a: Golem|Stealth Rock|p2a: Arboliva\n|-sidestart|p2: charroger|move: Stealth Rock\n|\n|upkeep\n|turn|8\n|\n|t:|1771238926\n|switch|p1a: Trevenant|Trevenant, L89, M|296/296\n|move|p2a: Arboliva|Substitute|p2a: Arboliva\n|-start|p2a: Arboliva|Substitute\n|-damage|p2a: Arboliva|216/288\n|\n|upkeep\n|turn|9\n|\n|t:|1771238936\n|move|p2a: Arboliva|Protect|p2a: Arboliva\n|-singleturn|p2a: Arboliva|Protect\n|move|p1a: Trevenant|Drain Punch|p2a: Arboliva\n|-activate|p2a: Arboliva|move: Protect\n|\n|upkeep\n|turn|10\n|\n|t:|1771238941\n|switch|p2a: Muk|Muk-Alola, L82, M|306/306\n|-damage|p2a: Muk|268/306|[from] Stealth Rock\n|move|p1a: Trevenant|Drain Punch|p2a: Muk\n|-damage|p2a: Muk|196/306\n|\n|upkeep\n|turn|11\n|\n|t:|1771238950\n|switch|p1a: Golem|Golem, L87, M|200/281\n|move|p2a: Muk|Drain Punch|p1a: Golem\n|-supereffective|p1a: Golem\n|-damage|p1a: Golem|122/281\n|-heal|p2a: Muk|235/306|[from] drain|[of] p1a: Golem\n|\n|upkeep\n|turn|12\n|\n|t:|1771238972\n|move|p2a: Muk|Ice Punch|p1a: Golem\n|-supereffective|p1a: Golem\n|-damage|p1a: Golem|52/281\n|move|p1a: Golem|Stone Edge|p2a: Muk\n|-damage|p2a: Muk|82/306\n|\n|upkeep\n|turn|13\n|\n|t:|1771238984\n|move|p2a: Muk|Drain Punch|p1a: Golem\n|-supereffective|p1a: Golem\n|-crit|p1a: Golem\n|-damage|p1a: Golem|0 fnt\n|-heal|p2a: Muk|108/306|[from] drain|[of] p1a: Golem\n|faint|p1a: Golem\n|\n|upkeep\n|\n|t:|1771238991\n|switch|p1a: Altaria|Altaria, L89, F|189/278\n|turn|14\n|\n|t:|1771239000\n|switch|p2a: Latios|Latios, L78, M|253/253\n|-damage|p2a: Latios|222/253|[from] Stealth Rock\n|move|p1a: Altaria|Earthquake|p2a: Latios\n|-immune|p2a: Latios|[from] ability: Levitate\n|\n|upkeep\n|turn|15\n|\n|t:|1771239016\n|switch|p2a: Muk|Muk-Alola, L82, M|108/306\n|-damage|p2a: Muk|70/306|[from] Stealth Rock\n|switch|p1a: Illumise|Illumise, L91, F|266/266\n|\n|upkeep\n|turn|16\n|\n|t:|1771239034\n|move|p1a: Illumise|Bug Buzz|p2a: Muk\n|-damage|p2a: Muk|13/306\n|move|p2a: Muk|Knock Off|p1a: Illumise\n|-damage|p1a: Illumise|166/266\n|-enditem|p1a: Illumise|Heavy-Duty Boots|[from] move: Knock Off|[of] p2a: Muk\n|\n|upkeep\n|turn|17\n|\n|t:|1771239043\n|move|p1a: Illumise|Bug Buzz|p2a: Muk\n|-damage|p2a: Muk|0 fnt\n|faint|p2a: Muk\n|\n|upkeep\n|\n|t:|1771239046\n|switch|p2a: Arcanine|Arcanine, L84, F|201/288\n|-ability|p2a: Arcanine|Intimidate|boost\n|-unboost|p1a: Illumise|atk|1\n|turn|18\n|\n|t:|1771239054\n|switch|p1a: Altaria|Altaria, L89, F|189/278\n|move|p2a: Arcanine|Flare Blitz|p1a: Altaria\n|-resisted|p1a: Altaria\n|-damage|p1a: Altaria|129/278\n|-status|p1a: Altaria|brn\n|-damage|p2a: Arcanine|181/288|[from] Recoil\n|\n|-damage|p1a: Altaria|112/278 brn|[from] brn\n|upkeep\n|turn|19\n|\n|t:|1771239062\n|move|p2a: Arcanine|Close Combat|p1a: Altaria\n|-resisted|p1a: Altaria\n|-damage|p1a: Altaria|68/278 brn\n|-unboost|p2a: Arcanine|def|1\n|-unboost|p2a: Arcanine|spd|1\n|move|p1a: Altaria|Roost|p1a: Altaria\n|-heal|p1a: Altaria|207/278 brn\n|-singleturn|p1a: Altaria|move: Roost\n|\n|-damage|p1a: Altaria|190/278 brn|[from] brn\n|upkeep\n|turn|20\n|\n|t:|1771239083\n|switch|p2a: Fezandipiti|Fezandipiti, L82, M|182/278\n|-damage|p2a: Fezandipiti|148/278|[from] Stealth Rock\n|move|p1a: Altaria|Roost|p1a: Altaria\n|-heal|p1a: Altaria|278/278 brn\n|-singleturn|p1a: Altaria|move: Roost\n|\n|-heal|p2a: Fezandipiti|165/278|[from] item: Leftovers\n|-damage|p1a: Altaria|261/278 brn|[from] brn\n|upkeep\n|turn|21\n|\n|t:|1771239090\n|-curestatus|p1a: Altaria|brn|[from] ability: Natural Cure\n|switch|p1a: Komala|Komala, L89, M|260/260\n|-ability|p1a: Komala|Comatose\n|move|p2a: Fezandipiti|Gunk Shot|p1a: Komala\n|-damage|p1a: Komala|128/260\n|\n|-heal|p2a: Fezandipiti|182/278|[from] item: Leftovers\n|upkeep\n|turn|22\n|\n|t:|1771239113\n|move|p1a: Komala|Earthquake|p2a: Fezandipiti\n|-supereffective|p2a: Fezandipiti\n|-damage|p2a: Fezandipiti|0 fnt\n|faint|p2a: Fezandipiti\n|\n|upkeep\n|\n|t:|1771239123\n|switch|p2a: Latios|Latios, L78, M|222/253\n|-damage|p2a: Latios|191/253|[from] Stealth Rock\n|turn|23\n|\n|t:|1771239129\n|switch|p1a: Illumise|Illumise, L91, F|166/266\n|move|p2a: Latios|Draco Meteor|p1a: Illumise\n|-damage|p1a: Illumise|0 fnt\n|-unboost|p2a: Latios|spa|2\n|faint|p1a: Illumise\n|\n|upkeep\n|\n|t:|1771239141\n|switch|p1a: Komala|Komala, L89, M|128/260\n|-ability|p1a: Komala|Comatose\n|turn|24\n|\n|t:|1771239144\n|switch|p2a: Arcanine|Arcanine, L84, F|181/288\n|-ability|p2a: Arcanine|Intimidate|boost\n|-unboost|p1a: Komala|atk|1\n|move|p1a: Komala|Knock Off|p2a: Arcanine\n|-damage|p2a: Arcanine|118/288\n|-enditem|p2a: Arcanine|Heavy-Duty Boots|[from] move: Knock Off|[of] p1a: Komala\n|\n|upkeep\n|turn|25\n|\n|t:|1771239151\n|switch|p1a: Altaria|Altaria, L89, F|261/278\n|move|p2a: Arcanine|Morning Sun|p2a: Arcanine\n|-heal|p2a: Arcanine|262/288\n|\n|upkeep\n|turn|26\n|\n|t:|1771239164\n|switch|p2a: Eiscue|Eiscue, L88, M|274/274\n|-damage|p2a: Eiscue|206/274|[from] Stealth Rock\n|move|p1a: Altaria|Brave Bird|p2a: Eiscue\n|-activate|p2a: Eiscue|ability: Ice Face\n|-damage|p2a: Eiscue|206/274\n|detailschange|p2a: Eiscue|Eiscue-Noice, L88, M\n|\n|upkeep\n|turn|27\n|\n|t:|1771239232\n|switch|p1a: Komala|Komala, L89, M|128/260\n|-ability|p1a: Komala|Comatose\n|move|p2a: Eiscue|Belly Drum|p2a: Eiscue\n|-damage|p2a: Eiscue|69/274\n|-setboost|p2a: Eiscue|atk|6|[from] move: Belly Drum\n|-enditem|p2a: Eiscue|Sitrus Berry|[eat]\n|-heal|p2a: Eiscue|137/274|[from] item: Sitrus Berry\n|\n|upkeep\n|turn|28\n|l|☆asaHr21\n|player|p1|\n|j|☆asaHr21\n|player|p1|asaHr21|266|\n|\n|t:|1771239246\n|move|p2a: Eiscue|Ice Spinner|p1a: Komala\n|-damage|p1a: Komala|0 fnt\n|faint|p1a: Komala\n|\n|upkeep\n|\n|t:|1771239271\n|switch|p1a: Trevenant|Trevenant, L89, M|296/296\n|turn|29\n|inactive|Battle timer is ON: inactive players will automatically lose when time's up. (requested by charroger)\n|\n|t:|1771239276\n|move|p1a: Trevenant|Protect|p1a: Trevenant\n|-singleturn|p1a: Trevenant|Protect\n|move|p2a: Eiscue|Ice Spinner|p1a: Trevenant\n|-activate|p1a: Trevenant|move: Protect\n|\n|upkeep\n|turn|30\n|\n|t:|1771239284\n|-terastallize|p1a: Trevenant|Steel\n|move|p2a: Eiscue|Ice Spinner|p1a: Trevenant\n|-resisted|p1a: Trevenant\n|-damage|p1a: Trevenant|137/296\n|-enditem|p1a: Trevenant|Sitrus Berry|[eat]\n|-heal|p1a: Trevenant|211/296|[from] item: Sitrus Berry\n|move|p1a: Trevenant|Drain Punch|p2a: Eiscue\n|-supereffective|p2a: Eiscue\n|-crit|p2a: Eiscue\n|-damage|p2a: Eiscue|0 fnt\n|-heal|p1a: Trevenant|280/296|[from] drain|[of] p2a: Eiscue\n|faint|p2a: Eiscue\n|\n|-item|p1a: Trevenant|Sitrus Berry|[from] ability: Harvest\n|upkeep\n|\n|t:|1771239287\n|switch|p2a: Arcanine|Arcanine, L84, F|262/288\n|-damage|p2a: Arcanine|190/288|[from] Stealth Rock\n|-ability|p2a: Arcanine|Intimidate|boost\n|-unboost|p1a: Trevenant|atk|1\n|turn|31\n|\n|t:|1771239296\n|switch|p2a: Latios|Latios, L78, M|191/253\n|-damage|p2a: Latios|160/253|[from] Stealth Rock\n|switch|p1a: Altaria|Altaria, L89, F|261/278\n|\n|upkeep\n|turn|32\n|\n|t:|1771239305\n|switch|p1a: Trevenant|Trevenant, L89, M, tera:Steel|280/296\n|move|p2a: Latios|Calm Mind|p2a: Latios\n|-boost|p2a: Latios|spa|1\n|-boost|p2a: Latios|spd|1\n|\n|upkeep\n|turn|33\n|\n|t:|1771239314\n|switch|p2a: Arboliva|Arboliva, L91, M|216/288\n|-damage|p2a: Arboliva|180/288|[from] Stealth Rock\n|move|p1a: Trevenant|Poltergeist|p2a: Arboliva\n|-immune|p2a: Arboliva\n|\n|upkeep\n|turn|34\n|\n|t:|1771239326\n|move|p1a: Trevenant|Drain Punch|p2a: Arboliva\n|-supereffective|p2a: Arboliva\n|-damage|p2a: Arboliva|54/288\n|-heal|p1a: Trevenant|296/296|[from] drain|[of] p2a: Arboliva\n|-enditem|p2a: Arboliva|Sitrus Berry|[eat]\n|-heal|p2a: Arboliva|126/288|[from] item: Sitrus Berry\n|move|p2a: Arboliva|Substitute|p2a: Arboliva\n|-start|p2a: Arboliva|Substitute\n|-damage|p2a: Arboliva|54/288\n|\n|upkeep\n|turn|35\n|\n|t:|1771239335\n|move|p2a: Arboliva|Protect|p2a: Arboliva\n|-singleturn|p2a: Arboliva|Protect\n|move|p1a: Trevenant|Drain Punch|p2a: Arboliva\n|-activate|p2a: Arboliva|move: Protect\n|\n|upkeep\n|turn|36\n|\n|t:|1771239337\n|move|p1a: Trevenant|Drain Punch|p2a: Arboliva\n|-supereffective|p2a: Arboliva\n|-end|p2a: Arboliva|Substitute\n|move|p2a: Arboliva|Leech Seed|p1a: Trevenant\n|-start|p1a: Trevenant|move: Leech Seed\n|\n|-damage|p1a: Trevenant|259/296|[from] Leech Seed|[of] p2a: Arboliva\n|-heal|p2a: Arboliva|91/288|[silent]\n|upkeep\n|turn|37\n|\n|t:|1771239345\n|switch|p1a: Altaria|Altaria, L89, F|261/278\n|move|p2a: Arboliva|Protect||[still]\n|-fail|p2a: Arboliva\n|\n|upkeep\n|turn|38\n|\n|t:|1771239350\n|switch|p2a: Arcanine|Arcanine, L84, F|190/288\n|-damage|p2a: Arcanine|118/288|[from] Stealth Rock\n|-ability|p2a: Arcanine|Intimidate|boost\n|-unboost|p1a: Altaria|atk|1\n|move|p1a: Altaria|Brave Bird|p2a: Arcanine\n|-damage|p2a: Arcanine|39/288\n|-damage|p1a: Altaria|235/278|[from] Recoil\n|\n|upkeep\n|turn|39\n|\n|t:|1771239361\n|move|p2a: Arcanine|Morning Sun|p2a: Arcanine\n|-heal|p2a: Arcanine|183/288\n|move|p1a: Altaria|Earthquake|p2a: Arcanine\n|-supereffective|p2a: Arcanine\n|-damage|p2a: Arcanine|95/288\n|\n|upkeep\n|turn|40\n|\n|t:|1771239377\n|move|p2a: Arcanine|Morning Sun|p2a: Arcanine\n|-heal|p2a: Arcanine|239/288\n|move|p1a: Altaria|Earthquake|p2a: Arcanine\n|-supereffective|p2a: Arcanine\n|-damage|p2a: Arcanine|155/288\n|\n|upkeep\n|turn|41\n|\n|t:|1771239390\n|switch|p2a: Arboliva|Arboliva, L91, M|91/288\n|-damage|p2a: Arboliva|55/288|[from] Stealth Rock\n|move|p1a: Altaria|Earthquake|p2a: Arboliva\n|-resisted|p2a: Arboliva\n|-damage|p2a: Arboliva|37/288\n|\n|-item|p2a: Arboliva|Sitrus Berry|[from] ability: Harvest\n|upkeep\n|-enditem|p2a: Arboliva|Sitrus Berry|[eat]\n|-heal|p2a: Arboliva|109/288|[from] item: Sitrus Berry\n|turn|42\n|\n|t:|1771239400\n|switch|p2a: Arcanine|Arcanine, L84, F|155/288\n|-damage|p2a: Arcanine|83/288|[from] Stealth Rock\n|-ability|p2a: Arcanine|Intimidate|boost\n|-unboost|p1a: Altaria|atk|1\n|move|p1a: Altaria|Brave Bird|p2a: Arcanine\n|-crit|p2a: Arcanine\n|-damage|p2a: Arcanine|0 fnt\n|faint|p2a: Arcanine\n|-damage|p1a: Altaria|208/278|[from] Recoil\n|\n|upkeep\n|\n|t:|1771239407\n|switch|p2a: Arboliva|Arboliva, L91, M|109/288\n|-damage|p2a: Arboliva|73/288|[from] Stealth Rock\n|turn|43\n|\n|t:|1771239421\n|switch|p1a: Zangoose|Zangoose, L85, F|263/263\n|move|p2a: Arboliva|Protect||[still]\n|-fail|p2a: Arboliva\n|\n|-status|p1a: Zangoose|tox|[from] item: Toxic Orb\n|-item|p2a: Arboliva|Sitrus Berry|[from] ability: Harvest\n|upkeep\n|-enditem|p2a: Arboliva|Sitrus Berry|[eat]\n|-heal|p2a: Arboliva|145/288|[from] item: Sitrus Berry\n|turn|44\n|\n|t:|1771239434\n|move|p1a: Zangoose|Close Combat|p2a: Arboliva\n|-supereffective|p2a: Arboliva\n|-damage|p2a: Arboliva|0 fnt\n|-unboost|p1a: Zangoose|def|1\n|-unboost|p1a: Zangoose|spd|1\n|faint|p2a: Arboliva\n|\n|-damage|p1a: Zangoose|247/263 tox|[from] psn\n|upkeep\n|-message|charroger forfeited.\n|\n|win|asaHr21\n|raw|asaHr21's rating: 1682 &rarr; <strong>1706</strong><br />(+24 for winning)\n|raw|charroger's rating: 1750 &rarr; <strong>1726</strong><br />(-24 for losing)\n|l|☆charroger\n|player|p2|\n", "inputlog": ">version 686819e5e19f8a7fd2345cfc5a08a5085efa2cc3\n>start {\"formatid\":\"gen9randombattle\",\"seed\":\"sodium,7b2ad8076fc1fd19a06acbd1ccc995e9\",\"rated\":\"Rated battle\"}\n>player p1 {\"name\":\"asaHr21\",\"avatar\":\"266\",\"rating\":1682,\"seed\":\"sodium,579af32ebc8e1092fc0641044774a417\"}\n>player p2 {\"name\":\"charroger\",\"avatar\":\"aromalady\",\"rating\":1750,\"seed\":\"sodium,9c9e3f13c7916fb9bffe0433ce4dc25f\"}\n>p1 switch 4\n>p2 move closecombat\n>p1 move bravebird\n>p2 switch 2\n>p1 switch 5\n>p2 move gunkshot\n>p1 move bodyslam\n>p2 switch 2\n>p1 switch 5\n>p2 switch 4\n>p1 switch 2\n>p2 move knockoff\n>p1 move stealthrock\n>p2 switch 6\n>p1 switch 3\n>p2 move substitute\n>p1 move drainpunch\n>p2 move protect\n>p1 move drainpunch\n>p2 switch 6\n>p1 switch 3\n>p2 move drainpunch\n>p1 move stoneedge\n>p2 move icepunch\n>p1 move explosion\n>p2 move drainpunch\n>p1 switch 2\n>p1 move earthquake\n>p2 switch 3\n>p1 switch 6\n>p2 switch 3\n>p1 move bugbuzz\n>p2 move knockoff\n>p1 move bugbuzz\n>p2 move icepunch\n>p2 switch 4\n>p1 switch 6\n>p2 move flareblitz\n>p1 move roost\n>p2 move closecombat\n>p1 move roost\n>p2 switch 2\n>p1 switch 5\n>p2 move gunkshot\n>p1 move earthquake\n>p2 move gunkshot\n>p2 switch 3\n>p1 switch 6\n>p2 move dracometeor\n>p1 switch 6\n>p1 move knockoff\n>p2 switch 2\n>p1 switch 5\n>p2 move morningsun\n>p1 move bravebird\n>p2 switch 5\n>p1 switch 5\n>p2 move bellydrum\n>p1 move bodyslam\n>p2 move icespinner\n>p1 switch 3\n>p1 move protect\n>p2 move icespinner\n>p1 move drainpunch terastallize\n>p2 move icespinner\n>p2 switch 5\n>p1 switch 5\n>p2 switch 2\n>p1 switch 5\n>p2 move calmmind\n>p1 move poltergeist\n>p2 switch 6\n>p1 move drainpunch\n>p2 move substitute\n>p1 move drainpunch\n>p2 move protect\n>p1 move drainpunch\n>p2 move leechseed\n>p1 switch 5\n>p2 move protect\n>p1 move bravebird\n>p2 switch 2\n>p1 move earthquake\n>p2 move morningsun\n>p1 move earthquake\n>p2 move morningsun\n>p1 move earthquake\n>p2 switch 2\n>p1 move bravebird\n>p2 switch 2\n>p2 switch 2\n>p1 switch 4\n>p2 move protect\n>p1 move closecombat\n>p2 move substitute\n>forcelose p2", "uploadtime": 1771239451, "views": 11, "formatid": "gen9randombattle", "rating": 1706, "private": 0, "password": null}