{"id": "gen9randombattle-2539997757", "format": "[Gen 9] Random Battle", "players": ["yrgmali", "Dr Gaster PHD"], "log": "|j|☆yrgmali\n|j|☆Dr Gaster PHD\n|t:|1771141223\n|gametype|singles\n|player|p1|yrgmali|dancer|1737\n|player|p2|Dr Gaster PHD|ghetsis|1809\n|gen|9\n|tier|[Gen 9] Random Battle\n|rated|\n|rule|Species Clause: Limit one of each Pokémon\n|rule|HP Percentage Mod: HP is shown in percentages\n|rule|Sleep Clause Mod: Limit one foe put to sleep\n|rule|Illusion Level Mod: Illusion disguises the Pokémon's true level\n|\n|t:|1771141223\n|teamsize|p1|6\n|teamsize|p2|6\n|start\n|switch|p1a: Brute Bonnet|Brute Bonnet, L81|312/312\n|switch|p2a: Hitmonchan|Hitmonchan, L87, M|229/229\n|turn|1\n|\n|t:|1771141235\n|-end|p1a: Brute Bonnet|Protosynthesis|[silent]\n|switch|p1a: Gothitelle|Gothitelle, L90, F|272/272\n|move|p2a: Hitmonchan|Knock Off|p1a: Gothitelle\n|-supereffective|p1a: Gothitelle\n|-damage|p1a: Gothitelle|146/272\n|-enditem|p1a: Gothitelle|Leftovers|[from] move: Knock Off|[of] p2a: Hitmonchan\n|\n|upkeep\n|turn|2\n|\n|t:|1771141247\n|move|p2a: Hitmonchan|Knock Off|p1a: Gothitelle\n|-supereffective|p1a: Gothitelle\n|-crit|p1a: Gothitelle\n|-damage|p1a: Gothitelle|8/272\n|move|p1a: Gothitelle|Psychic Noise|p2a: Hitmonchan\n|-supereffective|p2a: Hitmonchan\n|-damage|p2a: Hitmonchan|71/229\n|-start|p2a: Hitmonchan|move: Heal Block\n|\n|upkeep\n|turn|3\n|\n|t:|1771141251\n|move|p2a: Hitmonchan|Rapid Spin|p1a: Gothitelle\n|-damage|p1a: Gothitelle|0 fnt\n|-boost|p2a: Hitmonchan|spe|1\n|faint|p1a: Gothitelle\n|\n|-end|p2a: Hitmonchan|move: Heal Block\n|upkeep\n|\n|t:|1771141255\n|switch|p1a: Talonflame|Talonflame, L83, M|265/265\n|turn|4\n|\n|t:|1771141261\n|move|p2a: Hitmonchan|Knock Off|p1a: Talonflame\n|-damage|p1a: Talonflame|171/265\n|-status|p2a: Hitmonchan|brn|[from] ability: Flame Body|[of] p1a: Talonflame\n|-enditem|p1a: Talonflame|Heavy-Duty Boots|[from] move: Knock Off|[of] p2a: Hitmonchan\n|move|p1a: Talonflame|Brave Bird|p2a: Hitmonchan\n|-supereffective|p2a: Hitmonchan\n|-damage|p2a: Hitmonchan|0 fnt\n|faint|p2a: Hitmonchan\n|-damage|p1a: Talonflame|148/265|[from] Recoil\n|\n|upkeep\n|inactive|Battle timer is ON: inactive players will automatically lose when time's up. (requested by yrgmali)\n|\n|t:|1771141272\n|switch|p2a: Regirock|Regirock, L83|268/268\n|turn|5\n|\n|t:|1771141279\n|switch|p1a: Brute Bonnet|Brute Bonnet, L81|312/312\n|move|p2a: Regirock|Iron Defense|p2a: Regirock\n|-boost|p2a: Regirock|def|2\n|\n|upkeep\n|turn|6\n|\n|t:|1771141287\n|move|p1a: Brute Bonnet|Spore|p2a: Regirock\n|-status|p2a: Regirock|slp|[from] move: Spore\n|-enditem|p2a: Regirock|Chesto Berry|[eat]\n|-curestatus|p2a: Regirock|slp|[msg]\n|move|p2a: Regirock|Body Press|p1a: Brute Bonnet\n|-supereffective|p1a: Brute Bonnet\n|-damage|p1a: Brute Bonnet|0 fnt\n|faint|p1a: Brute Bonnet\n|-end|p1a: Brute Bonnet|Protosynthesis|[silent]\n|\n|upkeep\n|\n|t:|1771141292\n|switch|p1a: Lucario|Lucario, L84, F|255/255\n|turn|7\n|\n|t:|1771141300\n|move|p1a: Lucario|Close Combat|p2a: Regirock\n|-supereffective|p2a: Regirock\n|-damage|p2a: Regirock|167/268\n|-unboost|p1a: Lucario|def|1\n|-unboost|p1a: Lucario|spd|1\n|-damage|p1a: Lucario|230/255|[from] item: Life Orb\n|move|p2a: Regirock|Body Press|p1a: Lucario\n|-supereffective|p1a: Lucario\n|-damage|p1a: Lucario|0 fnt\n|faint|p1a: Lucario\n|\n|upkeep\n|-message|yrgmali forfeited.\n|\n|win|Dr Gaster PHD\n|raw|yrgmali's rating: 1737 &rarr; <strong>1721</strong><br />(-16 for losing)\n|raw|Dr Gaster PHD's rating: 1809 &rarr; <strong>1825</strong><br />(+16 for winning)\n|l|☆yrgmali\n|player|p1|\n", "inputlog": ">version 686819e5e19f8a7fd2345cfc5a08a5085efa2cc3\n>start {\"formatid\":\"gen9randombattle\",\"seed\":\"sodium,031dc0afee3c866678557e99a5bd7984\",\"rated\":\"Rated battle\"}\n>player p1 {\"name\":\"yrgmali\",\"avatar\":\"dancer\",\"rating\":1737,\"seed\":\"sodium,ea3e9bcacdbd0f63654377e3072eb08a\"}\n>player p2 {\"name\":\"Dr Gaster PHD\",\"avatar\":\"ghetsis\",\"rating\":1809,\"seed\":\"sodium,b4da1eda3eb6c5def90e838f5719d1bc\"}\n>p1 switch 2\n>p2 move knockoff\n>p1 move psychicnoise\n>p2 move knockoff\n>p1 move psychicnoise\n>p2 move rapidspin\n>p1 switch 6\n>p1 move bravebird\n>p2 move knockoff\n>p2 switch 2\n>p1 switch 2\n>p2 move irondefense\n>p1 move spore\n>p2 move bodypress\n>p1 switch 3\n>p1 move closecombat\n>p2 move bodypress\n>forcelose p1", "uploadtime": 1771141312, "views": 19, "formatid": "gen9randombattle", "rating": 1721, "private": 0, "password": null}