{"id": "gen9randombattle-2540534548", "format": "[Gen 9] Random Battle", "players": ["MeAndTheBorthers", "hairjana"], "log": "|j|☆MeAndTheBorthers\n|j|☆hairjana\n|t:|1771214320\n|gametype|singles\n|player|p1|MeAndTheBorthers|iris-gen5bw2|1781\n|player|p2|hairjana|266|1814\n|gen|9\n|tier|[Gen 9] Random Battle\n|rated|\n|rule|Species Clause: Limit one of each Pokémon\n|rule|HP Percentage Mod: HP is shown in percentages\n|rule|Sleep Clause Mod: Limit one foe put to sleep\n|rule|Illusion Level Mod: Illusion disguises the Pokémon's true level\n|\n|t:|1771214320\n|teamsize|p1|6\n|teamsize|p2|6\n|start\n|switch|p1a: Quaquaval|Quaquaval, L79, F|264/264\n|switch|p2a: Poliwrath|Poliwrath, L88, F|302/302\n|turn|1\n|inactive|Battle timer is ON: inactive players will automatically lose when time's up. (requested by hairjana)\n|\n|t:|1771214341\n|switch|p1a: Hatterene|Hatterene, L85, F|236/236\n|move|p2a: Poliwrath|Knock Off|p1a: Hatterene\n|-damage|p1a: Hatterene|161/236\n|-enditem|p1a: Hatterene|Assault Vest|[from] move: Knock Off|[of] p2a: Poliwrath\n|\n|upkeep\n|turn|2\n|\n|t:|1771214353\n|move|p2a: Poliwrath|Liquidation|p1a: Hatterene\n|-damage|p1a: Hatterene|77/236\n|move|p1a: Hatterene|Nuzzle|p2a: Poliwrath\n|-supereffective|p2a: Poliwrath\n|-damage|p2a: Poliwrath|276/302\n|-status|p2a: Poliwrath|par\n|\n|upkeep\n|turn|3\n|\n|t:|1771214364\n|move|p1a: Hatterene|Draining Kiss|p2a: Poliwrath\n|-supereffective|p2a: Poliwrath\n|-damage|p2a: Poliwrath|186/302 par\n|-heal|p1a: Hatterene|145/236|[from] drain|[of] p2a: Poliwrath\n|move|p2a: Poliwrath|Liquidation|p1a: Hatterene\n|-damage|p1a: Hatterene|57/236\n|-unboost|p1a: Hatterene|def|1\n|\n|upkeep\n|turn|4\n|\n|t:|1771214385\n|switch|p1a: Arboliva|Arboliva, L91, F|290/290\n|switch|p2a: Floatzel|Floatzel, L86, F|286/286\n|\n|upkeep\n|turn|5\n|\n|t:|1771214392\n|switch|p2a: Volcarona|Volcarona, L77, F|257/257\n|move|p1a: Arboliva|Strength Sap|p2a: Volcarona\n|-unboost|p2a: Volcarona|atk|1\n|\n|upkeep\n|turn|6\n|\n|t:|1771214406\n|switch|p1a: Florges|Florges-Blue, L85, F|271/271\n|move|p2a: Volcarona|Quiver Dance|p2a: Volcarona\n|-boost|p2a: Volcarona|spa|1\n|-boost|p2a: Volcarona|spd|1\n|-boost|p2a: Volcarona|spe|1\n|\n|upkeep\n|turn|7\n|\n|t:|1771214410\n|move|p2a: Volcarona|Fire Blast|p1a: Florges\n|-damage|p1a: Florges|145/271\n|move|p1a: Florges|Calm Mind|p1a: Florges\n|-boost|p1a: Florges|spa|1\n|-boost|p1a: Florges|spd|1\n|\n|-heal|p1a: Florges|161/271|[from] item: Leftovers\n|upkeep\n|turn|8\n|\n|t:|1771214413\n|move|p2a: Volcarona|Quiver Dance|p2a: Volcarona\n|-boost|p2a: Volcarona|spa|1\n|-boost|p2a: Volcarona|spd|1\n|-boost|p2a: Volcarona|spe|1\n|move|p1a: Florges|Synthesis|p1a: Florges\n|-heal|p1a: Florges|271/271\n|\n|upkeep\n|turn|9\n|\n|t:|1771214419\n|move|p2a: Volcarona|Fire Blast|p1a: Florges\n|-damage|p1a: Florges|168/271\n|move|p1a: Florges|Calm Mind|p1a: Florges\n|-boost|p1a: Florges|spa|1\n|-boost|p1a: Florges|spd|1\n|\n|-heal|p1a: Florges|184/271|[from] item: Leftovers\n|upkeep\n|turn|10\n|\n|t:|1771214422\n|move|p2a: Volcarona|Quiver Dance|p2a: Volcarona\n|-boost|p2a: Volcarona|spa|1\n|-boost|p2a: Volcarona|spd|1\n|-boost|p2a: Volcarona|spe|1\n|move|p1a: Florges|Moonblast|p2a: Volcarona\n|-resisted|p2a: Volcarona\n|-damage|p2a: Volcarona|213/257\n|\n|-heal|p1a: Florges|200/271|[from] item: Leftovers\n|upkeep\n|turn|11\n|\n|t:|1771214429\n|move|p2a: Volcarona|Quiver Dance|p2a: Volcarona\n|-boost|p2a: Volcarona|spa|1\n|-boost|p2a: Volcarona|spd|1\n|-boost|p2a: Volcarona|spe|1\n|move|p1a: Florges|Calm Mind|p1a: Florges\n|-boost|p1a: Florges|spa|1\n|-boost|p1a: Florges|spd|1\n|\n|-heal|p1a: Florges|216/271|[from] item: Leftovers\n|upkeep\n|turn|12\n|\n|t:|1771214438\n|move|p2a: Volcarona|Fire Blast|p1a: Florges\n|-damage|p1a: Florges|123/271\n|-status|p1a: Florges|brn\n|move|p1a: Florges|Moonblast|p2a: Volcarona\n|-resisted|p2a: Volcarona\n|-damage|p2a: Volcarona|165/257\n|\n|-heal|p1a: Florges|139/271 brn|[from] item: Leftovers\n|-damage|p1a: Florges|123/271 brn|[from] brn\n|upkeep\n|turn|13\n|\n|t:|1771214446\n|move|p2a: Volcarona|Quiver Dance|p2a: Volcarona\n|-boost|p2a: Volcarona|spa|1\n|-boost|p2a: Volcarona|spd|1\n|-boost|p2a: Volcarona|spe|1\n|move|p1a: Florges|Synthesis|p1a: Florges\n|-heal|p1a: Florges|258/271 brn\n|\n|-heal|p1a: Florges|271/271 brn|[from] item: Leftovers\n|-damage|p1a: Florges|255/271 brn|[from] brn\n|upkeep\n|turn|14\n|\n|t:|1771214450\n|move|p2a: Volcarona|Fire Blast|p1a: Florges\n|-damage|p1a: Florges|144/271 brn\n|move|p1a: Florges|Moonblast|p2a: Volcarona\n|-resisted|p2a: Volcarona\n|-damage|p2a: Volcarona|126/257\n|\n|-heal|p1a: Florges|160/271 brn|[from] item: Leftovers\n|-damage|p1a: Florges|144/271 brn|[from] brn\n|upkeep\n|turn|15\n|\n|t:|1771214462\n|move|p2a: Volcarona|Quiver Dance|p2a: Volcarona\n|-boost|p2a: Volcarona|spa|1\n|-boost|p2a: Volcarona|spd|1\n|-boost|p2a: Volcarona|spe|1\n|move|p1a: Florges|Synthesis|p1a: Florges\n|-heal|p1a: Florges|271/271 brn\n|\n|-damage|p1a: Florges|255/271 brn|[from] brn\n|upkeep\n|turn|16\n|\n|t:|1771214465\n|move|p2a: Volcarona|Fire Blast|p1a: Florges\n|-damage|p1a: Florges|116/271 brn\n|move|p1a: Florges|Calm Mind|p1a: Florges\n|-boost|p1a: Florges|spa|1\n|-boost|p1a: Florges|spd|1\n|\n|-heal|p1a: Florges|132/271 brn|[from] item: Leftovers\n|-damage|p1a: Florges|116/271 brn|[from] brn\n|upkeep\n|turn|17\n|\n|t:|1771214469\n|move|p2a: Volcarona|Fire Blast|p1a: Florges\n|-damage|p1a: Florges|2/271 brn\n|move|p1a: Florges|Synthesis|p1a: Florges\n|-heal|p1a: Florges|137/271 brn\n|\n|-heal|p1a: Florges|153/271 brn|[from] item: Leftovers\n|-damage|p1a: Florges|137/271 brn|[from] brn\n|upkeep\n|turn|18\n|\n|t:|1771214473\n|move|p2a: Volcarona|Fire Blast|p1a: Florges\n|-damage|p1a: Florges|28/271 brn\n|move|p1a: Florges|Synthesis|p1a: Florges\n|-heal|p1a: Florges|163/271 brn\n|\n|-heal|p1a: Florges|179/271 brn|[from] item: Leftovers\n|-damage|p1a: Florges|163/271 brn|[from] brn\n|upkeep\n|turn|19\n|\n|t:|1771214480\n|move|p2a: Volcarona|Fire Blast|p1a: Florges\n|-damage|p1a: Florges|54/271 brn\n|move|p1a: Florges|Synthesis|p1a: Florges\n|-heal|p1a: Florges|189/271 brn\n|\n|-heal|p1a: Florges|205/271 brn|[from] item: Leftovers\n|-damage|p1a: Florges|189/271 brn|[from] brn\n|upkeep\n|turn|20\n|\n|t:|1771214485\n|move|p2a: Volcarona|Bug Buzz|p1a: Florges\n|-resisted|p1a: Florges\n|-damage|p1a: Florges|144/271 brn\n|move|p1a: Florges|Calm Mind|p1a: Florges\n|-boost|p1a: Florges|spa|1\n|-boost|p1a: Florges|spd|1\n|\n|-heal|p1a: Florges|160/271 brn|[from] item: Leftovers\n|-damage|p1a: Florges|144/271 brn|[from] brn\n|upkeep\n|turn|21\n|\n|t:|1771214496\n|move|p2a: Volcarona|Bug Buzz|p1a: Florges\n|-resisted|p1a: Florges\n|-damage|p1a: Florges|106/271 brn\n|move|p1a: Florges|Moonblast|p2a: Volcarona\n|-resisted|p2a: Volcarona\n|-damage|p2a: Volcarona|78/257\n|-unboost|p2a: Volcarona|spa|1\n|\n|-heal|p1a: Florges|122/271 brn|[from] item: Leftovers\n|-damage|p1a: Florges|106/271 brn|[from] brn\n|upkeep\n|turn|22\n|\n|t:|1771214502\n|move|p2a: Volcarona|Bug Buzz|p1a: Florges\n|-resisted|p1a: Florges\n|-damage|p1a: Florges|70/271 brn\n|move|p1a: Florges|Synthesis|p1a: Florges\n|-heal|p1a: Florges|205/271 brn\n|\n|-heal|p1a: Florges|221/271 brn|[from] item: Leftovers\n|-damage|p1a: Florges|205/271 brn|[from] brn\n|upkeep\n|turn|23\n|\n|t:|1771214507\n|move|p2a: Volcarona|Bug Buzz|p1a: Florges\n|-resisted|p1a: Florges\n|-damage|p1a: Florges|173/271 brn\n|move|p1a: Florges|Moonblast|p2a: Volcarona\n|-resisted|p2a: Volcarona\n|-damage|p2a: Volcarona|33/257\n|\n|-heal|p1a: Florges|189/271 brn|[from] item: Leftovers\n|-damage|p1a: Florges|173/271 brn|[from] brn\n|upkeep\n|turn|24\n|\n|t:|1771214512\n|move|p2a: Volcarona|Tera Blast|p1a: Florges\n|-damage|p1a: Florges|136/271 brn\n|move|p1a: Florges|Moonblast|p2a: Volcarona\n|-resisted|p2a: Volcarona\n|-damage|p2a: Volcarona|0 fnt\n|faint|p2a: Volcarona\n|\n|-heal|p1a: Florges|152/271 brn|[from] item: Leftovers\n|-damage|p1a: Florges|136/271 brn|[from] brn\n|upkeep\n|\n|t:|1771214517\n|switch|p2a: Floatzel|Floatzel, L86, F|286/286\n|turn|25\n|\n|t:|1771214532\n|switch|p1a: Arboliva|Arboliva, L91, F|290/290\n|move|p2a: Floatzel|Wave Crash|p1a: Arboliva\n|-resisted|p1a: Arboliva\n|-damage|p1a: Arboliva|185/290\n|-fieldstart|move: Grassy Terrain|[from] ability: Seed Sower|[of] p1a: Arboliva\n|-damage|p2a: Floatzel|251/286|[from] Recoil\n|\n|-heal|p2a: Floatzel|268/286|[from] Grassy Terrain\n|-heal|p1a: Arboliva|203/290|[from] Grassy Terrain\n|-heal|p1a: Arboliva|221/290|[from] item: Leftovers\n|upkeep\n|turn|26\n|\n|t:|1771214539\n|switch|p2a: Hydrapple|Hydrapple, L83, M|312/312\n|move|p1a: Arboliva|Energy Ball|p2a: Hydrapple\n|-resisted|p2a: Hydrapple\n|-damage|p2a: Hydrapple|260/312\n|\n|-heal|p1a: Arboliva|239/290|[from] Grassy Terrain\n|-heal|p1a: Arboliva|257/290|[from] item: Leftovers\n|-heal|p2a: Hydrapple|279/312|[from] Grassy Terrain\n|upkeep\n|turn|27\n|\n|t:|1771214557\n|move|p1a: Arboliva|Hyper Voice|p2a: Hydrapple\n|-damage|p2a: Hydrapple|122/312\n|move|p2a: Hydrapple|Fickle Beam|p1a: Arboliva|[anim] Fickle Beam All Out\n|-activate|p2a: Hydrapple|move: Fickle Beam\n|-damage|p1a: Arboliva|28/290\n|\n|-heal|p1a: Arboliva|46/290|[from] Grassy Terrain\n|-heal|p1a: Arboliva|64/290|[from] item: Leftovers\n|-heal|p2a: Hydrapple|141/312|[from] Grassy Terrain\n|upkeep\n|turn|28\n|inactive|MeAndTheBorthers has 120 seconds left.\n|\n|t:|1771214585\n|switch|p2a: Chimecho|Chimecho, L93, F|290/290\n|move|p1a: Arboliva|Hyper Voice|p2a: Chimecho\n|-damage|p2a: Chimecho|172/290\n|\n|-heal|p2a: Chimecho|190/290|[from] item: Leftovers\n|-heal|p1a: Arboliva|82/290|[from] Grassy Terrain\n|-heal|p1a: Arboliva|100/290|[from] item: Leftovers\n|upkeep\n|turn|29\n|inactive|MeAndTheBorthers has 120 seconds left.\n|\n|t:|1771214598\n|move|p2a: Chimecho|Cosmic Power|p2a: Chimecho\n|-boost|p2a: Chimecho|def|1\n|-boost|p2a: Chimecho|spd|1\n|move|p1a: Arboliva|Strength Sap|p2a: Chimecho\n|-unboost|p2a: Chimecho|atk|1\n|-heal|p1a: Arboliva|198/290\n|\n|-heal|p2a: Chimecho|208/290|[from] item: Leftovers\n|-heal|p1a: Arboliva|216/290|[from] Grassy Terrain\n|-heal|p1a: Arboliva|234/290|[from] item: Leftovers\n|-fieldend|move: Grassy Terrain\n|upkeep\n|turn|30\n|\n|t:|1771214602\n|switch|p1a: Lokix|Lokix, L82, F|251/251\n|move|p2a: Chimecho|Cosmic Power|p2a: Chimecho\n|-boost|p2a: Chimecho|def|1\n|-boost|p2a: Chimecho|spd|1\n|\n|-heal|p2a: Chimecho|226/290|[from] item: Leftovers\n|upkeep\n|turn|31\n|\n|t:|1771214606\n|-terastallize|p2a: Chimecho|Steel\n|move|p1a: Lokix|First Impression|p2a: Chimecho\n|-resisted|p2a: Chimecho\n|-damage|p2a: Chimecho|171/290\n|-damage|p1a: Lokix|226/251|[from] item: Life Orb\n|move|p2a: Chimecho|Cosmic Power|p2a: Chimecho\n|-boost|p2a: Chimecho|def|1\n|-boost|p2a: Chimecho|spd|1\n|\n|-heal|p2a: Chimecho|189/290|[from] item: Leftovers\n|upkeep\n|turn|32\n|\n|t:|1771214622\n|move|p1a: Lokix|Knock Off|p2a: Chimecho\n|-damage|p2a: Chimecho|133/290\n|-enditem|p2a: Chimecho|Leftovers|[from] move: Knock Off|[of] p1a: Lokix\n|-damage|p1a: Lokix|201/251|[from] item: Life Orb\n|move|p2a: Chimecho|Cosmic Power|p2a: Chimecho\n|-boost|p2a: Chimecho|def|1\n|-boost|p2a: Chimecho|spd|1\n|\n|upkeep\n|turn|33\n|\n|t:|1771214634\n|switch|p1a: Florges|Florges-Blue, L85, F|136/271 brn\n|move|p2a: Chimecho|Recover|p2a: Chimecho\n|-heal|p2a: Chimecho|278/290\n|\n|-heal|p1a: Florges|152/271 brn|[from] item: Leftovers\n|-damage|p1a: Florges|136/271 brn|[from] brn\n|upkeep\n|turn|34\n|\n|t:|1771214640\n|move|p1a: Florges|Calm Mind|p1a: Florges\n|-boost|p1a: Florges|spa|1\n|-boost|p1a: Florges|spd|1\n|move|p2a: Chimecho|Stored Power|p1a: Florges\n|-damage|p1a: Florges|37/271 brn\n|\n|-heal|p1a: Florges|53/271 brn|[from] item: Leftovers\n|-damage|p1a: Florges|37/271 brn|[from] brn\n|upkeep\n|turn|35\n|\n|t:|1771214658\n|move|p1a: Florges|Moonblast|p2a: Chimecho\n|-resisted|p2a: Chimecho\n|-damage|p2a: Chimecho|253/290\n|move|p2a: Chimecho|Stored Power|p1a: Florges\n|-damage|p1a: Florges|0 fnt\n|faint|p1a: Florges\n|\n|upkeep\n|\n|t:|1771214669\n|switch|p1a: Lokix|Lokix, L82, F|201/251\n|turn|36\n|\n|t:|1771214677\n|move|p1a: Lokix|First Impression|p2a: Chimecho\n|-resisted|p2a: Chimecho\n|-damage|p2a: Chimecho|211/290\n|-damage|p1a: Lokix|176/251|[from] item: Life Orb\n|move|p2a: Chimecho|Cosmic Power|p2a: Chimecho\n|-boost|p2a: Chimecho|def|1\n|-boost|p2a: Chimecho|spd|1\n|\n|upkeep\n|turn|37\n|\n|t:|1771214690\n|switch|p1a: Hatterene|Hatterene, L85, F|57/236\n|move|p2a: Chimecho|Cosmic Power|p2a: Chimecho\n|-boost|p2a: Chimecho|def|1\n|-boost|p2a: Chimecho|spd|1\n|\n|upkeep\n|turn|38\n|\n|t:|1771214694\n|move|p2a: Chimecho|Stored Power|p1a: Hatterene\n|-resisted|p1a: Hatterene\n|-damage|p1a: Hatterene|0 fnt\n|faint|p1a: Hatterene\n|\n|upkeep\n|\n|t:|1771214709\n|switch|p1a: Quaquaval|Quaquaval, L79, F|264/264\n|turn|39\n|\n|t:|1771214712\n|move|p1a: Quaquaval|Close Combat|p2a: Chimecho\n|-supereffective|p2a: Chimecho\n|-damage|p2a: Chimecho|130/290\n|-unboost|p1a: Quaquaval|def|1\n|-unboost|p1a: Quaquaval|spd|1\n|-damage|p1a: Quaquaval|238/264|[from] item: Life Orb\n|move|p2a: Chimecho|Stored Power|p1a: Quaquaval\n|-supereffective|p1a: Quaquaval\n|-damage|p1a: Quaquaval|0 fnt\n|faint|p1a: Quaquaval\n|\n|upkeep\n|\n|t:|1771214719\n|switch|p1a: Lokix|Lokix, L82, F|176/251\n|turn|40\n|\n|t:|1771214731\n|move|p1a: Lokix|First Impression|p2a: Chimecho\n|-resisted|p2a: Chimecho\n|-damage|p2a: Chimecho|99/290\n|-damage|p1a: Lokix|151/251|[from] item: Life Orb\n|move|p2a: Chimecho|Recover|p2a: Chimecho\n|-heal|p2a: Chimecho|244/290\n|\n|upkeep\n|turn|41\n|\n|t:|1771214744\n|-terastallize|p1a: Lokix|Bug\n|move|p1a: Lokix|Leech Life|p2a: Chimecho\n|-resisted|p2a: Chimecho\n|-damage|p2a: Chimecho|205/290\n|-heal|p1a: Lokix|171/251|[from] drain|[of] p2a: Chimecho\n|-damage|p1a: Lokix|146/251|[from] item: Life Orb\n|move|p2a: Chimecho|Dazzling Gleam|p1a: Lokix\n|-damage|p1a: Lokix|43/251\n|\n|upkeep\n|turn|42\n|\n|t:|1771214750\n|move|p1a: Lokix|Leech Life|p2a: Chimecho\n|-resisted|p2a: Chimecho\n|-damage|p2a: Chimecho|169/290\n|-heal|p1a: Lokix|61/251|[from] drain|[of] p2a: Chimecho\n|-damage|p1a: Lokix|36/251|[from] item: Life Orb\n|move|p2a: Chimecho|Stored Power|p1a: Lokix\n|-damage|p1a: Lokix|0 fnt\n|faint|p1a: Lokix\n|\n|upkeep\n|\n|t:|1771214756\n|switch|p1a: Arboliva|Arboliva, L91, F|234/290\n|turn|43\n|\n|t:|1771214760\n|move|p2a: Chimecho|Stored Power|p1a: Arboliva\n|-damage|p1a: Arboliva|0 fnt\n|-fieldstart|move: Grassy Terrain|[from] ability: Seed Sower|[of] p1a: Arboliva\n|faint|p1a: Arboliva\n|\n|upkeep\n|\n|t:|1771214763\n|switch|p1a: Morpeko|Morpeko, L88, M|245/245\n|turn|44\n|\n|t:|1771214767\n|move|p1a: Morpeko|Aura Wheel|p2a: Chimecho\n|-damage|p2a: Chimecho|136/290\n|-boost|p1a: Morpeko|spe|1\n|move|p2a: Chimecho|Dazzling Gleam|p1a: Morpeko\n|-supereffective|p1a: Morpeko\n|-damage|p1a: Morpeko|81/245\n|\n|-heal|p1a: Morpeko|96/245|[from] Grassy Terrain\n|-formechange|p1a: Morpeko|Morpeko-Hangry||[from] ability: Hunger Switch\n|upkeep\n|turn|45\n|\n|t:|1771214771\n|move|p1a: Morpeko|Aura Wheel|p2a: Chimecho\n|-damage|p2a: Chimecho|103/290\n|-boost|p1a: Morpeko|spe|1\n|move|p2a: Chimecho|Recover|p2a: Chimecho\n|-heal|p2a: Chimecho|248/290\n|\n|-heal|p1a: Morpeko|111/245|[from] Grassy Terrain\n|-formechange|p1a: Morpeko|Morpeko||[from] ability: Hunger Switch\n|upkeep\n|turn|46\n|\n|t:|1771214780\n|move|p1a: Morpeko|Aura Wheel|p2a: Chimecho\n|-damage|p2a: Chimecho|214/290\n|-boost|p1a: Morpeko|spe|1\n|move|p2a: Chimecho|Dazzling Gleam|p1a: Morpeko\n|-supereffective|p1a: Morpeko\n|-damage|p1a: Morpeko|0 fnt\n|faint|p1a: Morpeko\n|\n|win|hairjana\n|raw|MeAndTheBorthers's rating: 1781 &rarr; <strong>1763</strong><br />(-18 for losing)\n|raw|hairjana's rating: 1814 &rarr; <strong>1832</strong><br />(+18 for winning)\n", "inputlog": ">version 686819e5e19f8a7fd2345cfc5a08a5085efa2cc3\n>start {\"formatid\":\"gen9randombattle\",\"seed\":\"sodium,b6e6125e1f5cecd82e8ab9eb3a1fbd4c\",\"rated\":\"Rated battle\"}\n>player p1 {\"name\":\"MeAndTheBorthers\",\"avatar\":\"iris-gen5bw2\",\"rating\":1781,\"seed\":\"sodium,2967b46dbacfe6683738d1b5810152a1\"}\n>player p2 {\"name\":\"hairjana\",\"avatar\":\"266\",\"rating\":1814,\"seed\":\"sodium,66fbb5704b04807ea9da8a351b0b2f2b\"}\n>p1 switch 3\n>p2 move knockoff\n>p1 move nuzzle\n>p2 move liquidation\n>p1 move drainingkiss\n>p2 move liquidation\n>p1 switch 5\n>p2 switch 5\n>p1 move strengthsap\n>p2 switch 3\n>p1 switch 6\n>p2 move quiverdance\n>p1 move calmmind\n>p2 move fireblast\n>p1 move synthesis\n>p2 move quiverdance\n>p1 move calmmind\n>p2 move fireblast\n>p1 move moonblast\n>p2 move quiverdance\n>p1 move calmmind\n>p2 move quiverdance\n>p1 move moonblast\n>p2 move fireblast\n>p1 move synthesis\n>p2 move quiverdance\n>p1 move moonblast\n>p2 move fireblast\n>p1 move synthesis\n>p2 move quiverdance\n>p1 move calmmind\n>p2 move fireblast\n>p1 move synthesis\n>p2 move fireblast\n>p1 move synthesis\n>p2 move fireblast\n>p1 move synthesis\n>p2 move fireblast\n>p1 move calmmind\n>p2 move bugbuzz\n>p1 move moonblast\n>p2 move bugbuzz\n>p1 move synthesis\n>p2 move bugbuzz\n>p1 move moonblast\n>p2 move bugbuzz\n>p1 move moonblast\n>p2 move terablast\n>p2 switch 3\n>p1 switch 6\n>p2 move wavecrash\n>p1 move energyball\n>p2 switch 6\n>p1 move hypervoice\n>p2 move ficklebeam\n>p1 move hypervoice\n>p2 switch 4\n>p1 move strengthsap\n>p2 move cosmicpower\n>p1 switch 2\n>p2 move cosmicpower\n>p1 move firstimpression\n>p2 move cosmicpower terastallize\n>p1 move knockoff\n>p2 move cosmicpower\n>p1 switch 6\n>p2 move recover\n>p1 move calmmind\n>p2 move storedpower\n>p1 move moonblast\n>p2 move storedpower\n>p1 switch 6\n>p1 move firstimpression\n>p2 move cosmicpower\n>p1 switch 5\n>p2 move cosmicpower\n>p1 move nuzzle\n>p2 move storedpower\n>p1 switch 3\n>p1 move closecombat\n>p2 move storedpower\n>p1 switch 5\n>p1 move firstimpression\n>p2 move recover\n>p1 move leechlife terastallize\n>p2 move dazzlinggleam\n>p1 move leechlife\n>p2 move storedpower\n>p1 switch 2\n>p1 move energyball\n>p2 move storedpower\n>p1 switch 4\n>p1 move aurawheel\n>p2 move dazzlinggleam\n>p1 move aurawheel\n>p2 move recover\n>p1 move aurawheel\n>p2 move dazzlinggleam", "uploadtime": 1771214780, "views": 10, "formatid": "gen9randombattle", "rating": 1763, "private": 0, "password": null}