{"id": "gen9randombattle-2540675518", "format": "[Gen 9] Random Battle", "players": ["M4teo010101", "Kulbutron"], "log": "|j|☆M4teo010101\n|j|☆Kulbutron\n|t:|1771238409\n|gametype|singles\n|player|p1|M4teo010101|sycamore-masters|1753\n|player|p2|Kulbutron|rood|1710\n|gen|9\n|tier|[Gen 9] Random Battle\n|rated|\n|rule|Species Clause: Limit one of each Pokémon\n|rule|HP Percentage Mod: HP is shown in percentages\n|rule|Sleep Clause Mod: Limit one foe put to sleep\n|rule|Illusion Level Mod: Illusion disguises the Pokémon's true level\n|\n|t:|1771238409\n|teamsize|p1|6\n|teamsize|p2|6\n|start\n|switch|p1a: Espathra|Espathra, L80, M|283/283\n|switch|p2a: Whiscash|Whiscash, L88, F|337/337\n|turn|1\n|c|☆M4teo010101|hf\n|inactive|Battle timer is ON: inactive players will automatically lose when time's up. (requested by M4teo010101)\n|c|☆Kulbutron|u2\n|\n|t:|1771238427\n|move|p1a: Espathra|Lumina Crash|p2a: Whiscash\n|-damage|p2a: Whiscash|193/337\n|-unboost|p2a: Whiscash|spd|2\n|move|p2a: Whiscash|Earthquake|p1a: Espathra\n|-damage|p1a: Espathra|92/283\n|-damage|p2a: Whiscash|160/337|[from] item: Life Orb\n|\n|-ability|p1a: Espathra|Speed Boost|boost\n|-boost|p1a: Espathra|spe|1\n|upkeep\n|turn|2\n|\n|t:|1771238454\n|switch|p2a: Florges|Florges, L85, F|271/271\n|move|p1a: Espathra|Lumina Crash|p2a: Florges\n|-damage|p2a: Florges|189/271\n|-unboost|p2a: Florges|spd|2\n|\n|-heal|p2a: Florges|205/271|[from] item: Leftovers\n|-ability|p1a: Espathra|Speed Boost|boost\n|-boost|p1a: Espathra|spe|1\n|upkeep\n|turn|3\n|\n|t:|1771238464\n|move|p1a: Espathra|Lumina Crash|p2a: Florges\n|-damage|p2a: Florges|64/271\n|-unboost|p2a: Florges|spd|2\n|move|p2a: Florges|Moonblast|p1a: Espathra\n|-damage|p1a: Espathra|0 fnt\n|faint|p1a: Espathra\n|\n|-heal|p2a: Florges|80/271|[from] item: Leftovers\n|upkeep\n|\n|t:|1771238465\n|switch|p1a: Ariados|Ariados, L95, F|287/287\n|turn|4\n|\n|t:|1771238485\n|switch|p2a: Vespiquen|Vespiquen, L99, F|299/299\n|-ability|p2a: Vespiquen|Pressure\n|move|p1a: Ariados|Sticky Web|p2a: Vespiquen\n|-sidestart|p2: Kulbutron|move: Sticky Web\n|\n|upkeep\n|turn|5\n|\n|t:|1771238491\n|switch|p1a: Tinkaton|Tinkaton, L82, F|274/274\n|-ability|p1a: Tinkaton|Mold Breaker\n|move|p2a: Vespiquen|Spikes|p1a: Tinkaton\n|-sidestart|p1: M4teo010101|Spikes\n|\n|upkeep\n|turn|6\n|\n|t:|1771238498\n|move|p1a: Tinkaton|Swords Dance|p1a: Tinkaton\n|-boost|p1a: Tinkaton|atk|2\n|move|p2a: Vespiquen|Spikes|p1a: Tinkaton\n|-sidestart|p1: M4teo010101|Spikes\n|\n|upkeep\n|turn|7\n|\n|t:|1771238503\n|move|p1a: Tinkaton|Gigaton Hammer|p2a: Vespiquen\n|-damage|p2a: Vespiquen|103/299\n|move|p2a: Vespiquen|Spikes|p1a: Tinkaton\n|-sidestart|p1: M4teo010101|Spikes\n|\n|upkeep\n|turn|8\n|\n|t:|1771238509\n|move|p1a: Tinkaton|Play Rough|p2a: Vespiquen\n|-damage|p2a: Vespiquen|0 fnt\n|faint|p2a: Vespiquen\n|\n|upkeep\n|\n|t:|1771238514\n|switch|p2a: Rotom|Rotom-Heat, L83|219/219\n|turn|9\n|\n|t:|1771238517\n|move|p1a: Tinkaton|Protect|p1a: Tinkaton\n|-singleturn|p1a: Tinkaton|Protect\n|move|p2a: Rotom|Will-O-Wisp|p1a: Tinkaton\n|-activate|p1a: Tinkaton|move: Protect\n|\n|upkeep\n|turn|10\n|\n|t:|1771238523\n|move|p1a: Tinkaton|Play Rough|p2a: Rotom\n|-resisted|p2a: Rotom\n|-damage|p2a: Rotom|156/219\n|move|p2a: Rotom|Will-O-Wisp|p1a: Tinkaton\n|-status|p1a: Tinkaton|brn\n|\n|-damage|p1a: Tinkaton|257/274 brn|[from] brn\n|upkeep\n|turn|11\n|\n|t:|1771238533\n|move|p1a: Tinkaton|Protect|p1a: Tinkaton\n|-singleturn|p1a: Tinkaton|Protect\n|move|p2a: Rotom|Overheat|p1a: Tinkaton\n|-activate|p1a: Tinkaton|move: Protect\n|\n|-heal|p1a: Tinkaton|274/274 brn|[from] item: Leftovers\n|-damage|p1a: Tinkaton|257/274 brn|[from] brn\n|upkeep\n|turn|12\n|\n|t:|1771238543\n|move|p1a: Tinkaton|Protect||[still]\n|-fail|p1a: Tinkaton\n|move|p2a: Rotom|Overheat|p1a: Tinkaton\n|-supereffective|p1a: Tinkaton\n|-crit|p1a: Tinkaton\n|-damage|p1a: Tinkaton|0 fnt\n|-unboost|p2a: Rotom|spa|2\n|faint|p1a: Tinkaton\n|\n|upkeep\n|\n|t:|1771238544\n|switch|p1a: Ariados|Ariados, L95, F|287/287\n|turn|13\n|\n|t:|1771238555\n|switch|p2a: Florges|Florges, L85, F|80/271\n|-activate|p2a: Florges|move: Sticky Web\n|-unboost|p2a: Florges|spe|1\n|move|p1a: Ariados|Toxic Spikes|p2a: Florges\n|-sidestart|p2: Kulbutron|move: Toxic Spikes\n|\n|-heal|p2a: Florges|96/271|[from] item: Leftovers\n|upkeep\n|turn|14\n|\n|t:|1771238576\n|move|p1a: Ariados|Poison Jab|p2a: Florges\n|-supereffective|p2a: Florges\n|-damage|p2a: Florges|0 fnt\n|faint|p2a: Florges\n|\n|upkeep\n|\n|t:|1771238587\n|switch|p2a: Basculegion|Basculegion-F, L83, F|335/335\n|-activate|p2a: Basculegion|move: Sticky Web\n|-unboost|p2a: Basculegion|spe|1\n|-status|p2a: Basculegion|psn\n|turn|15\n|\n|t:|1771238593\n|-terastallize|p2a: Basculegion|Water\n|move|p1a: Ariados|Megahorn|p2a: Basculegion\n|-damage|p2a: Basculegion|136/335 psn\n|move|p2a: Basculegion|Hydro Pump|p1a: Ariados\n|-damage|p1a: Ariados|0 fnt\n|faint|p1a: Ariados\n|\n|-damage|p2a: Basculegion|95/335 psn|[from] psn\n|upkeep\n|\n|t:|1771238594\n|switch|p1a: Regirock|Regirock, L83|268/268\n|-damage|p1a: Regirock|201/268|[from] Spikes\n|turn|16\n|\n|t:|1771238605\n|move|p1a: Regirock|Body Press|p2a: Basculegion\n|-damage|p2a: Basculegion|0 fnt\n|faint|p2a: Basculegion\n|\n|-heal|p1a: Regirock|217/268|[from] item: Leftovers\n|upkeep\n|\n|t:|1771238618\n|switch|p2a: Whiscash|Whiscash, L88, F|160/337\n|-activate|p2a: Whiscash|move: Sticky Web\n|-unboost|p2a: Whiscash|spe|1\n|-status|p2a: Whiscash|psn\n|turn|17\n|\n|t:|1771238627\n|move|p1a: Regirock|Iron Defense|p1a: Regirock\n|-boost|p1a: Regirock|def|2\n|move|p2a: Whiscash|Earthquake|p1a: Regirock\n|-supereffective|p1a: Regirock\n|-damage|p1a: Regirock|144/268\n|-damage|p2a: Whiscash|127/337 psn|[from] item: Life Orb\n|\n|-heal|p1a: Regirock|160/268|[from] item: Leftovers\n|-damage|p2a: Whiscash|85/337 psn|[from] psn\n|upkeep\n|turn|18\n|\n|t:|1771238637\n|move|p1a: Regirock|Body Press|p2a: Whiscash\n|-damage|p2a: Whiscash|0 fnt\n|faint|p2a: Whiscash\n|\n|-heal|p1a: Regirock|176/268|[from] item: Leftovers\n|upkeep\n|\n|t:|1771238642\n|switch|p2a: Rotom|Rotom-Heat, L83|156/219\n|turn|19\n|\n|t:|1771238646\n|move|p2a: Rotom|Will-O-Wisp|p1a: Regirock\n|-status|p1a: Regirock|brn\n|move|p1a: Regirock|Body Press|p2a: Rotom\n|-damage|p2a: Rotom|62/219\n|\n|-heal|p1a: Regirock|192/268 brn|[from] item: Leftovers\n|-damage|p1a: Regirock|176/268 brn|[from] brn\n|upkeep\n|turn|20\n|\n|t:|1771238655\n|move|p2a: Rotom|Discharge|p1a: Regirock\n|-damage|p1a: Regirock|100/268 brn\n|move|p1a: Regirock|Body Press|p2a: Rotom\n|-damage|p2a: Rotom|0 fnt\n|faint|p2a: Rotom\n|\n|-heal|p1a: Regirock|116/268 brn|[from] item: Leftovers\n|-damage|p1a: Regirock|100/268 brn|[from] brn\n|upkeep\n|\n|t:|1771238663\n|switch|p2a: Sylveon|Sylveon, L85, M|300/300\n|-activate|p2a: Sylveon|move: Sticky Web\n|-unboost|p2a: Sylveon|spe|1\n|-status|p2a: Sylveon|psn\n|turn|21\n|\n|t:|1771238669\n|switch|p1a: Staraptor|Staraptor, L79, M|263/263\n|move|p2a: Sylveon|Hyper Voice|p1a: Staraptor\n|-damage|p1a: Staraptor|67/263\n|\n|-damage|p2a: Sylveon|263/300 psn|[from] psn\n|upkeep\n|turn|22\n|\n|t:|1771238676\n|move|p1a: Staraptor|Brave Bird|p2a: Sylveon\n|-damage|p2a: Sylveon|0 fnt\n|faint|p2a: Sylveon\n|-damage|p1a: Staraptor|0 fnt|[from] Recoil\n|faint|p1a: Staraptor\n|\n|win|M4teo010101\n|raw|M4teo010101's rating: 1753 &rarr; <strong>1771</strong><br />(+18 for winning)\n|raw|Kulbutron's rating: 1710 &rarr; <strong>1692</strong><br />(-18 for losing)\n|c|☆M4teo010101|gg\n", "inputlog": ">version 686819e5e19f8a7fd2345cfc5a08a5085efa2cc3\n>start {\"formatid\":\"gen9randombattle\",\"seed\":\"sodium,cf6b6fd6bfd3a25e417b6588422a6ab8\",\"rated\":\"Rated battle\"}\n>player p1 {\"name\":\"M4teo010101\",\"avatar\":\"sycamore-masters\",\"rating\":1753,\"seed\":\"sodium,2c8199d0baeb8dd0a7e00d8335a47130\"}\n>player p2 {\"name\":\"Kulbutron\",\"avatar\":\"rood\",\"rating\":1710,\"seed\":\"sodium,31b82d15d8975180186432e76b7277de\"}\n>chat ☆M4teo010101|hf\n>chat ☆Kulbutron|u2\n>p1 move luminacrash\n>p2 move earthquake\n>p1 move luminacrash\n>p2 switch 2\n>p1 move luminacrash\n>p2 move moonblast\n>p1 switch 6\n>p1 move stickyweb\n>p2 switch 4\n>p1 switch 3\n>p2 move spikes\n>p1 move swordsdance\n>p2 move spikes\n>p1 move gigatonhammer\n>p2 move spikes\n>p1 move playrough\n>p2 move uturn\n>p2 switch 6\n>p1 move protect\n>p2 move willowisp\n>p1 move playrough\n>p2 move willowisp\n>p1 move protect\n>p2 move overheat\n>p1 move protect\n>p2 move overheat\n>p1 switch 3\n>p1 move toxicspikes\n>p2 switch 4\n>p1 move poisonjab\n>p2 move moonblast\n>p2 switch 5\n>p1 move megahorn\n>p2 move hydropump terastallize\n>p1 switch 2\n>p1 move bodypress\n>p2 move hydropump\n>p2 switch 2\n>p1 move irondefense\n>p2 move earthquake\n>p1 move bodypress\n>p2 move liquidation\n>p2 switch 4\n>p1 move bodypress\n>p2 move willowisp\n>p1 move bodypress\n>p2 move discharge\n>p2 switch 3\n>p1 switch 4\n>p2 move hypervoice\n>p1 move bravebird\n>p2 move wish", "uploadtime": 1771238677, "views": 10, "formatid": "gen9randombattle", "rating": 1692, "private": 0, "password": null}