{"id": "gen9randombattle-2540304329", "format": "[Gen 9] Random Battle", "players": ["Vbeechu", "tehzelda"], "log": "|j|☆Vbeechu\n|j|☆tehzelda\n|t:|1771186656\n|gametype|singles\n|player|p1|Vbeechu|yancy|1791\n|player|p2|tehzelda|170|1792\n|gen|9\n|tier|[Gen 9] Random Battle\n|rated|\n|rule|Species Clause: Limit one of each Pokémon\n|rule|HP Percentage Mod: HP is shown in percentages\n|rule|Sleep Clause Mod: Limit one foe put to sleep\n|rule|Illusion Level Mod: Illusion disguises the Pokémon's true level\n|\n|t:|1771186656\n|teamsize|p1|6\n|teamsize|p2|6\n|start\n|switch|p1a: Flutter Mane|Flutter Mane, L74|203/203\n|switch|p2a: Pachirisu|Pachirisu, L96, M|271/271\n|turn|1\n|inactive|Battle timer is ON: inactive players will automatically lose when time's up. (requested by Vbeechu)\n|inactive|Vbeechu has 120 seconds left.\n|inactive|Vbeechu has 90 seconds left.\n|\n|t:|1771186717\n|move|p1a: Flutter Mane|Calm Mind|p1a: Flutter Mane\n|-boost|p1a: Flutter Mane|spa|1\n|-boost|p1a: Flutter Mane|spd|1\n|move|p2a: Pachirisu|Discharge|p1a: Flutter Mane\n|-damage|p1a: Flutter Mane|167/203\n|\n|upkeep\n|turn|2\n|\n|t:|1771186722\n|move|p1a: Flutter Mane|Moonblast|p2a: Pachirisu\n|-damage|p2a: Pachirisu|94/271\n|-damage|p1a: Flutter Mane|147/203|[from] item: Life Orb\n|move|p2a: Pachirisu|Encore|p1a: Flutter Mane\n|-start|p1a: Flutter Mane|Encore\n|\n|upkeep\n|turn|3\n|\n|t:|1771186734\n|move|p1a: Flutter Mane|Moonblast|p2a: Pachirisu\n|-damage|p2a: Pachirisu|0 fnt\n|faint|p2a: Pachirisu\n|-damage|p1a: Flutter Mane|127/203|[from] item: Life Orb\n|\n|upkeep\n|\n|t:|1771186738\n|switch|p2a: Mabosstiff|Mabosstiff, L86, M|278/278\n|turn|4\n|inactive|Vbeechu has 120 seconds left.\n|\n|t:|1771186773\n|-end|p1a: Flutter Mane|Protosynthesis|[silent]\n|switch|p1a: Conkeldurr|Conkeldurr, L80, M|299/299\n|move|p2a: Mabosstiff|Crunch|p1a: Conkeldurr\n|-resisted|p1a: Conkeldurr\n|-damage|p1a: Conkeldurr|189/299\n|\n|-status|p1a: Conkeldurr|brn|[from] item: Flame Orb\n|upkeep\n|turn|5\n|inactive|Vbeechu has 120 seconds left.\n|\n|t:|1771186788\n|switch|p2a: Whimsicott|Whimsicott, L84, M|238/238\n|move|p1a: Conkeldurr|Knock Off|p2a: Whimsicott\n|-resisted|p2a: Whimsicott\n|-damage|p2a: Whimsicott|169/238\n|-enditem|p2a: Whimsicott|Leftovers|[from] move: Knock Off|[of] p1a: Conkeldurr\n|\n|-damage|p1a: Conkeldurr|171/299 brn|[from] brn\n|upkeep\n|turn|6\n|inactive|Vbeechu has 120 seconds left.\n|\n|t:|1771186796\n|switch|p1a: Pecharunt|Pecharunt, L77|262/262\n|move|p2a: Whimsicott|Moonblast|p1a: Pecharunt\n|-resisted|p1a: Pecharunt\n|-damage|p1a: Pecharunt|215/262\n|-unboost|p1a: Pecharunt|spa|1\n|\n|upkeep\n|turn|7\n|\n|t:|1771186801\n|switch|p2a: Mabosstiff|Mabosstiff, L86, M|278/278\n|move|p1a: Pecharunt|Parting Shot|p2a: Mabosstiff\n|-unboost|p2a: Mabosstiff|atk|1\n|-unboost|p2a: Mabosstiff|spa|1\n|inactive|Vbeechu has 120 seconds left.\n|\n|t:|1771186812\n|switch|p1a: Conkeldurr|Conkeldurr, L80, M|171/299 brn|[from] Parting Shot\n|\n|-damage|p1a: Conkeldurr|153/299 brn|[from] brn\n|upkeep\n|turn|8\n|\n|t:|1771186815\n|move|p2a: Mabosstiff|Play Rough|p1a: Conkeldurr\n|-supereffective|p1a: Conkeldurr\n|-damage|p1a: Conkeldurr|53/299 brn\n|move|p1a: Conkeldurr|Facade|p2a: Mabosstiff\n|-crit|p2a: Mabosstiff\n|-damage|p2a: Mabosstiff|0 fnt\n|faint|p2a: Mabosstiff\n|\n|-damage|p1a: Conkeldurr|35/299 brn|[from] brn\n|upkeep\n|\n|t:|1771186824\n|switch|p2a: Mismagius|Mismagius, L86, F|243/243\n|turn|9\n|\n|t:|1771186843\n|switch|p1a: Cetitan|Cetitan, L82, F|413/413\n|move|p2a: Mismagius|Substitute|p2a: Mismagius\n|-start|p2a: Mismagius|Substitute\n|-damage|p2a: Mismagius|183/243\n|\n|-heal|p2a: Mismagius|198/243|[from] item: Leftovers\n|upkeep\n|turn|10\n|\n|t:|1771186849\n|move|p2a: Mismagius|Nasty Plot|p2a: Mismagius\n|-boost|p2a: Mismagius|spa|2\n|move|p1a: Cetitan|Icicle Crash|p2a: Mismagius\n|-end|p2a: Mismagius|Substitute\n|\n|-heal|p2a: Mismagius|213/243|[from] item: Leftovers\n|upkeep\n|turn|11\n|\n|t:|1771186861\n|move|p2a: Mismagius|Shadow Ball|p1a: Cetitan\n|-damage|p1a: Cetitan|166/413\n|move|p1a: Cetitan|Icicle Crash|p2a: Mismagius|[miss]\n|-miss|p1a: Cetitan|p2a: Mismagius\n|\n|-heal|p2a: Mismagius|228/243|[from] item: Leftovers\n|upkeep\n|turn|12\n|\n|t:|1771186874\n|move|p1a: Cetitan|Ice Shard|p2a: Mismagius\n|-damage|p2a: Mismagius|154/243\n|-damage|p1a: Cetitan|125/413|[from] item: Life Orb\n|move|p2a: Mismagius|Shadow Ball|p1a: Cetitan\n|-damage|p1a: Cetitan|0 fnt\n|faint|p1a: Cetitan\n|\n|-heal|p2a: Mismagius|169/243|[from] item: Leftovers\n|upkeep\n|\n|t:|1771186886\n|switch|p1a: Flutter Mane|Flutter Mane, L74|127/203\n|turn|13\n|\n|t:|1771186895\n|switch|p2a: Gumshoos|Gumshoos, L95, M|321/321\n|move|p1a: Flutter Mane|Shadow Ball|p2a: Gumshoos\n|-immune|p2a: Gumshoos\n|\n|upkeep\n|turn|14\n|\n|t:|1771186906\n|-end|p1a: Flutter Mane|Protosynthesis|[silent]\n|switch|p1a: Conkeldurr|Conkeldurr, L80, M|35/299 brn\n|move|p2a: Gumshoos|Earthquake|p1a: Conkeldurr\n|-damage|p1a: Conkeldurr|0 fnt\n|faint|p1a: Conkeldurr\n|\n|upkeep\n|\n|t:|1771186908\n|switch|p1a: Klawf|Klawf, L90, M|272/272\n|turn|15\n|\n|t:|1771186915\n|switch|p2a: Whimsicott|Whimsicott, L84, M|169/238\n|move|p1a: Klawf|Swords Dance|p1a: Klawf\n|-boost|p1a: Klawf|atk|2\n|\n|upkeep\n|turn|16\n|\n|t:|1771186921\n|-terastallize|p1a: Klawf|Dark\n|move|p2a: Whimsicott|Encore|p1a: Klawf\n|-hint|Since gen 7, Dark is immune to Prankster moves.\n|-immune|p1a: Klawf\n|move|p1a: Klawf|Stone Edge|p2a: Whimsicott|[miss]\n|-miss|p1a: Klawf|p2a: Whimsicott\n|\n|upkeep\n|turn|17\n|-message|tehzelda forfeited.\n|\n|win|Vbeechu\n|raw|Vbeechu's rating: 1791 &rarr; <strong>1811</strong><br />(+20 for winning)\n|raw|tehzelda's rating: 1792 &rarr; <strong>1772</strong><br />(-20 for losing)\n|l|☆tehzelda\n|player|p2|\n|l|☆Vbeechu\n|player|p1|\n|j|☆Vbeechu\n|player|p1|Vbeechu|yancy|\n", "inputlog": ">version 686819e5e19f8a7fd2345cfc5a08a5085efa2cc3\n>start {\"formatid\":\"gen9randombattle\",\"seed\":\"sodium,a0aa7b4867ea35062287fcbd4d325955\",\"rated\":\"Rated battle\"}\n>player p1 {\"name\":\"Vbeechu\",\"avatar\":\"yancy\",\"rating\":1791,\"seed\":\"sodium,16e461bf0c80028a3110a62c7a65d811\"}\n>player p2 {\"name\":\"tehzelda\",\"avatar\":\"170\",\"rating\":1792,\"seed\":\"sodium,23e9c4061f62754e1d1f622de3a4245a\"}\n>p1 move calmmind\n>p2 move discharge\n>p1 move moonblast\n>p2 move encore\n>p1 move moonblast\n>p2 move discharge\n>p2 switch 6\n>p1 switch 2\n>p2 move crunch\n>p1 move knockoff\n>p2 switch 2\n>p1 switch 5\n>p2 move moonblast\n>p1 move partingshot\n>p2 switch 2\n>p1 switch 5\n>p1 move facade\n>p2 move playrough\n>p2 switch 3\n>p1 switch 6\n>p2 move substitute\n>p1 move iciclecrash\n>p2 move nastyplot\n>p1 move iciclecrash\n>p2 move shadowball\n>p1 move iceshard\n>p2 move shadowball\n>p1 switch 2\n>p1 move shadowball\n>p2 switch 5\n>p1 switch 6\n>p2 move earthquake\n>p1 switch 3\n>p1 move swordsdance\n>p2 switch 2\n>p1 move stoneedge terastallize\n>p2 move encore\n>forcelose p2", "uploadtime": 1771186974, "views": 9, "formatid": "gen9randombattle", "rating": 1772, "private": 0, "password": null}