{"id": "gen9randombattle-2540141880", "format": "[Gen 9] Random Battle", "players": ["ferroshit", "Niganmahaihaiaiyo"], "log": "|j|☆ferroshit\n|j|☆Niganmahaihaiaiyo\n|t:|1771167818\n|gametype|singles\n|player|p1|ferroshit|265|1528\n|player|p2|Niganmahaihaiaiyo|shadowtriad|1569\n|gen|9\n|tier|[Gen 9] Random Battle\n|rated|\n|rule|Species Clause: Limit one of each Pokémon\n|rule|HP Percentage Mod: HP is shown in percentages\n|rule|Sleep Clause Mod: Limit one foe put to sleep\n|rule|Illusion Level Mod: Illusion disguises the Pokémon's true level\n|\n|t:|1771167818\n|teamsize|p1|6\n|teamsize|p2|6\n|start\n|switch|p1a: Kleavor|Kleavor, L78, F|237/237\n|switch|p2a: Poliwrath|Poliwrath, L88, F|302/302\n|turn|1\n|inactive|Battle timer is ON: inactive players will automatically lose when time's up. (requested by ferroshit)\n|\n|t:|1771167827\n|move|p1a: Kleavor|U-turn|p2a: Poliwrath\n|-resisted|p2a: Poliwrath\n|-damage|p2a: Poliwrath|263/302\n|\n|t:|1771167835\n|switch|p1a: Raichu|Raichu, L88, M|249/249|[from] U-turn\n|move|p2a: Poliwrath|Bulk Up|p2a: Poliwrath\n|-boost|p2a: Poliwrath|atk|1\n|-boost|p2a: Poliwrath|def|1\n|\n|-heal|p2a: Poliwrath|281/302|[from] item: Leftovers\n|upkeep\n|turn|2\n|\n|t:|1771167851\n|move|p1a: Raichu|Thunderbolt|p2a: Poliwrath\n|-supereffective|p2a: Poliwrath\n|-damage|p2a: Poliwrath|16/302\n|-damage|p1a: Raichu|225/249|[from] item: Life Orb\n|move|p2a: Poliwrath|Liquidation|p1a: Raichu\n|-damage|p1a: Raichu|33/249\n|\n|-heal|p2a: Poliwrath|34/302|[from] item: Leftovers\n|upkeep\n|turn|3\n|\n|t:|1771167860\n|move|p1a: Raichu|Thunderbolt|p2a: Poliwrath\n|-supereffective|p2a: Poliwrath\n|-damage|p2a: Poliwrath|0 fnt\n|faint|p2a: Poliwrath\n|-damage|p1a: Raichu|9/249|[from] item: Life Orb\n|\n|upkeep\n|\n|t:|1771167871\n|switch|p2a: Leafeon|Leafeon, L88, M|258/258\n|turn|4\n|\n|t:|1771167878\n|switch|p1a: Kleavor|Kleavor, L78, F|237/237\n|move|p2a: Leafeon|Substitute|p2a: Leafeon\n|-start|p2a: Leafeon|Substitute\n|-damage|p2a: Leafeon|194/258\n|\n|-heal|p2a: Leafeon|210/258|[from] item: Leftovers\n|upkeep\n|turn|5\n|\n|t:|1771167883\n|move|p2a: Leafeon|Swords Dance|p2a: Leafeon\n|-boost|p2a: Leafeon|atk|2\n|move|p1a: Kleavor|X-Scissor|p2a: Leafeon\n|-supereffective|p2a: Leafeon\n|-end|p2a: Leafeon|Substitute\n|\n|-heal|p2a: Leafeon|226/258|[from] item: Leftovers\n|upkeep\n|turn|6\n|\n|t:|1771167886\n|move|p2a: Leafeon|Leaf Blade|p1a: Kleavor\n|-damage|p1a: Kleavor|6/237\n|move|p1a: Kleavor|X-Scissor|p2a: Leafeon\n|-supereffective|p2a: Leafeon\n|-damage|p2a: Leafeon|38/258\n|\n|-heal|p2a: Leafeon|54/258|[from] item: Leftovers\n|upkeep\n|turn|7\n|\n|t:|1771167891\n|move|p2a: Leafeon|Knock Off|p1a: Kleavor\n|-damage|p1a: Kleavor|0 fnt\n|-enditem|p1a: Kleavor|Heavy-Duty Boots|[from] move: Knock Off|[of] p2a: Leafeon\n|faint|p1a: Kleavor\n|\n|-heal|p2a: Leafeon|70/258|[from] item: Leftovers\n|upkeep\n|\n|t:|1771167902\n|switch|p1a: Mienshao|Mienshao, L83, F|244/244\n|turn|8\n|\n|t:|1771167911\n|switch|p2a: Gengar|Gengar, L81, F|230/230\n|move|p1a: Mienshao|Close Combat|p2a: Gengar\n|-immune|p2a: Gengar\n|\n|upkeep\n|turn|9\n|\n|t:|1771167921\n|switch|p1a: Raichu|Raichu, L88, M|9/249\n|move|p2a: Gengar|Nasty Plot|p2a: Gengar\n|-boost|p2a: Gengar|spa|2\n|\n|upkeep\n|turn|10\n|\n|t:|1771167926\n|switch|p2a: Leafeon|Leafeon, L88, M|70/258\n|move|p1a: Raichu|Thunderbolt|p2a: Leafeon\n|-resisted|p2a: Leafeon\n|-damage|p2a: Leafeon|0 fnt\n|faint|p2a: Leafeon\n|-damage|p1a: Raichu|0 fnt|[from] item: Life Orb\n|faint|p1a: Raichu\n|\n|upkeep\n|\n|t:|1771167941\n|switch|p1a: Perrserker|Perrserker, L89, M|269/269\n|switch|p2a: Dragonite|Dragonite, L74, F|257/257\n|turn|11\n|\n|t:|1771167948\n|move|p2a: Dragonite|Dragon Dance|p2a: Dragonite\n|-boost|p2a: Dragonite|atk|1\n|-boost|p2a: Dragonite|spe|1\n|move|p1a: Perrserker|U-turn|p2a: Dragonite\n|-resisted|p2a: Dragonite\n|-damage|p2a: Dragonite|226/257\n|\n|t:|1771167951\n|switch|p1a: Duraludon|Duraludon, L82, F|249/249|[from] U-turn\n|\n|upkeep\n|turn|12\n|\n|t:|1771167957\n|-terastallize|p2a: Dragonite|Steel\n|move|p2a: Dragonite|Dragon Dance|p2a: Dragonite\n|-boost|p2a: Dragonite|atk|1\n|-boost|p2a: Dragonite|spe|1\n|move|p1a: Duraludon|Dragon Tail|p2a: Dragonite\n|-resisted|p2a: Dragonite\n|-damage|p2a: Dragonite|192/257\n|drag|p2a: Gengar|Gengar, L81, F|230/230\n|\n|upkeep\n|turn|13\n|\n|t:|1771167966\n|move|p2a: Gengar|Nasty Plot|p2a: Gengar\n|-boost|p2a: Gengar|spa|2\n|move|p1a: Duraludon|Dragon Tail|p2a: Gengar\n|-damage|p2a: Gengar|148/230\n|drag|p2a: Carbink|Carbink, L90|236/236\n|\n|upkeep\n|turn|14\n|\n|t:|1771167970\n|switch|p1a: Perrserker|Perrserker, L89, M|269/269\n|move|p2a: Carbink|Iron Defense|p2a: Carbink\n|-boost|p2a: Carbink|def|2\n|\n|upkeep\n|turn|15\n|\n|t:|1771167974\n|move|p2a: Carbink|Iron Defense|p2a: Carbink\n|-boost|p2a: Carbink|def|2\n|move|p1a: Perrserker|Iron Head|p2a: Carbink\n|-supereffective|p2a: Carbink\n|-damage|p2a: Carbink|56/236\n|\n|upkeep\n|turn|16\n|\n|t:|1771167978\n|move|p2a: Carbink|Body Press|p1a: Perrserker\n|-supereffective|p1a: Perrserker\n|-damage|p1a: Perrserker|0 fnt\n|faint|p1a: Perrserker\n|\n|upkeep\n|\n|t:|1771167983\n|switch|p1a: Duraludon|Duraludon, L82, F|249/249\n|turn|17\n|\n|t:|1771167986\n|move|p1a: Duraludon|Flash Cannon|p2a: Carbink\n|-supereffective|p2a: Carbink\n|-damage|p2a: Carbink|0 fnt\n|faint|p2a: Carbink\n|\n|upkeep\n|\n|t:|1771167994\n|switch|p2a: Decidueye|Decidueye-Hisui, L87, F|295/295\n|turn|18\n|\n|t:|1771168023\n|-terastallize|p1a: Duraludon|Fighting\n|move|p1a: Duraludon|Body Press|p2a: Decidueye\n|-damage|p2a: Decidueye|207/295\n|move|p2a: Decidueye|Triple Arrows|p1a: Duraludon\n|-damage|p1a: Duraludon|191/249\n|\n|-heal|p2a: Decidueye|225/295|[from] item: Leftovers\n|upkeep\n|turn|19\n|\n|t:|1771168034\n|move|p1a: Duraludon|Draco Meteor|p2a: Decidueye\n|-damage|p2a: Decidueye|92/295\n|-unboost|p1a: Duraludon|spa|2\n|move|p2a: Decidueye|Triple Arrows|p1a: Duraludon\n|-damage|p1a: Duraludon|128/249\n|\n|-heal|p2a: Decidueye|110/295|[from] item: Leftovers\n|upkeep\n|turn|20\n|\n|t:|1771168040\n|move|p2a: Decidueye|Roost|p2a: Decidueye\n|-heal|p2a: Decidueye|258/295\n|-singleturn|p2a: Decidueye|move: Roost\n|move|p1a: Duraludon|Dragon Tail|p2a: Decidueye\n|-damage|p2a: Decidueye|192/295\n|drag|p2a: Gengar|Gengar, L81, F|148/230\n|\n|upkeep\n|turn|21\n|\n|t:|1771168051\n|move|p2a: Gengar|Nasty Plot|p2a: Gengar\n|-boost|p2a: Gengar|spa|2\n|move|p1a: Duraludon|Dragon Tail|p2a: Gengar\n|-damage|p2a: Gengar|67/230\n|drag|p2a: Dragonite|Dragonite, L74, F, tera:Steel|192/257\n|\n|upkeep\n|turn|22\n|\n|t:|1771168071\n|move|p2a: Dragonite|Dragon Dance|p2a: Dragonite\n|-boost|p2a: Dragonite|atk|1\n|-boost|p2a: Dragonite|spe|1\n|move|p1a: Duraludon|Dragon Tail|p2a: Dragonite\n|-resisted|p2a: Dragonite\n|-damage|p2a: Dragonite|159/257\n|drag|p2a: Gengar|Gengar, L81, F|67/230\n|\n|upkeep\n|turn|23\n|\n|t:|1771168081\n|move|p2a: Gengar|Sludge Wave|p1a: Duraludon\n|-crit|p1a: Duraludon\n|-damage|p1a: Duraludon|0 fnt\n|faint|p1a: Duraludon\n|-damage|p2a: Gengar|44/230|[from] item: Life Orb\n|\n|upkeep\n|\n|t:|1771168086\n|switch|p1a: Mabosstiff|Mabosstiff, L86, M|278/278\n|turn|24\n|\n|t:|1771168091\n|move|p2a: Gengar|Focus Blast|p1a: Mabosstiff\n|-supereffective|p1a: Mabosstiff\n|-damage|p1a: Mabosstiff|0 fnt\n|faint|p1a: Mabosstiff\n|-damage|p2a: Gengar|21/230|[from] item: Life Orb\n|\n|upkeep\n|\n|t:|1771168094\n|switch|p1a: Mienshao|Mienshao, L83, F|244/244\n|turn|25\n|\n|t:|1771168100\n|move|p2a: Gengar|Sludge Wave|p1a: Mienshao\n|-damage|p1a: Mienshao|37/244\n|-damage|p2a: Gengar|0 fnt|[from] item: Life Orb\n|faint|p2a: Gengar\n|move|p1a: Mienshao|Knock Off|p2: Gengar|[notarget]\n|-fail|p1a: Mienshao\n|\n|upkeep\n|\n|t:|1771168105\n|switch|p2a: Decidueye|Decidueye-Hisui, L87, F|192/295\n|turn|26\n|\n|t:|1771168108\n|move|p2a: Decidueye|Sucker Punch|p1a: Mienshao\n|-resisted|p1a: Mienshao\n|-damage|p1a: Mienshao|0 fnt\n|faint|p1a: Mienshao\n|\n|win|Niganmahaihaiaiyo\n|raw|ferroshit's rating: 1528 &rarr; <strong>1510</strong><br />(-18 for losing)\n|raw|Niganmahaihaiaiyo's rating: 1569 &rarr; <strong>1587</strong><br />(+18 for winning)\n|l|☆ferroshit\n|player|p1|\n", "inputlog": ">version 686819e5e19f8a7fd2345cfc5a08a5085efa2cc3\n>start {\"formatid\":\"gen9randombattle\",\"seed\":\"sodium,9e68feb1ff0522d23a4d672369cc66d8\",\"rated\":\"Rated battle\"}\n>player p1 {\"name\":\"ferroshit\",\"avatar\":\"265\",\"rating\":1528,\"seed\":\"sodium,406c77ce1d65466385b5d57a7060e03c\"}\n>player p2 {\"name\":\"Niganmahaihaiaiyo\",\"avatar\":\"shadowtriad\",\"rating\":1569,\"seed\":\"sodium,f08789bcba74c48fd91adf261997c802\"}\n>p1 move uturn\n>p2 move bulkup\n>p1 switch 3\n>p1 move thunderbolt\n>p2 move liquidation\n>p1 move thunderbolt\n>p2 move bulkup\n>p2 switch 4\n>p1 switch 3\n>p2 move substitute\n>p1 move xscissor\n>p2 move swordsdance\n>p1 move xscissor\n>p2 move leafblade\n>p1 move stoneaxe\n>p2 move knockoff\n>p1 switch 6\n>p1 move closecombat\n>p2 switch 5\n>p1 switch 3\n>p2 move nastyplot\n>p1 move thunderbolt\n>p2 switch 5\n>p1 switch 5\n>p2 switch 3\n>p1 move uturn\n>p2 move dragondance\n>p1 switch 2\n>p1 move dragontail\n>p2 move dragondance terastallize\n>p1 move dragontail\n>p2 move nastyplot\n>p1 switch 2\n>p2 move irondefense\n>p1 move ironhead\n>p2 move irondefense\n>p1 move ironhead\n>p2 move bodypress\n>p1 switch 2\n>p1 move flashcannon\n>p2 move rest\n>p2 switch 2\n>p1 move bodypress terastallize\n>p2 move triplearrows\n>p1 move dracometeor\n>p2 move triplearrows\n>p1 move dragontail\n>p2 move roost\n>p1 move dragontail\n>p2 move nastyplot\n>p1 move dragontail\n>p2 move dragondance\n>p1 move dragontail\n>p2 move sludgewave\n>p1 switch 4\n>p1 move psychicfangs\n>p2 move focusblast\n>p1 switch 3\n>p1 move knockoff\n>p2 move sludgewave\n>p2 switch 6\n>p1 move tripleaxel\n>p2 move suckerpunch", "uploadtime": 1771168115, "views": 9, "formatid": "gen9randombattle", "rating": 1510, "private": 0, "password": null}