{"id": "gen9randombattle-2540902701", "format": "[Gen 9] Random Battle", "players": ["viisari68", "abhii.g"], "log": "|j|‽viisari68\n|j|☆abhii.g\n|t:|1771265554\n|gametype|singles\n|player|p1|viisari68|266|1960\n|player|p2|abhii.g|benga|1944\n|gen|9\n|tier|[Gen 9] Random Battle\n|rated|\n|rule|Species Clause: Limit one of each Pokémon\n|rule|HP Percentage Mod: HP is shown in percentages\n|rule|Sleep Clause Mod: Limit one foe put to sleep\n|rule|Illusion Level Mod: Illusion disguises the Pokémon's true level\n|\n|t:|1771265554\n|teamsize|p1|6\n|teamsize|p2|6\n|start\n|switch|p1a: Chi-Yu|Chi-Yu, L77|211/211\n|switch|p2a: Honchkrow|Honchkrow, L86, F|312/312\n|-ability|p1a: Chi-Yu|Beads of Ruin\n|turn|1\n|inactive|Battle timer is ON: inactive players will automatically lose when time's up. (requested by abhii.g)\n|\n|t:|1771265594\n|move|p1a: Chi-Yu|Will-O-Wisp|p2a: Honchkrow\n|-status|p2a: Honchkrow|brn\n|move|p2a: Honchkrow|Thunder Wave|p1a: Chi-Yu\n|-status|p1a: Chi-Yu|par\n|\n|-damage|p2a: Honchkrow|293/312 brn|[from] brn\n|upkeep\n|turn|2\n|\n|t:|1771265605\n|switch|p2a: Flareon|Flareon, L90, M|263/263\n|cant|p1a: Chi-Yu|par\n|\n|-status|p2a: Flareon|tox|[from] item: Toxic Orb\n|upkeep\n|turn|3\n|\n|t:|1771265614\n|move|p2a: Flareon|Facade|p1a: Chi-Yu\n|-damage|p1a: Chi-Yu|0 fnt\n|faint|p1a: Chi-Yu\n|\n|-damage|p2a: Flareon|247/263 tox|[from] psn\n|upkeep\n|\n|t:|1771265617\n|switch|p1a: Cramorant|Cramorant, L86, M|261/261\n|turn|4\n|\n|t:|1771265625\n|switch|p2a: Cryogonal|Cryogonal, L89|287/287\n|move|p1a: Cramorant|Surf|p2a: Cryogonal\n|-formechange|p1a: Cramorant|Cramorant-Gulping|\n|-damage|p2a: Cryogonal|221/287\n|\n|upkeep\n|turn|5\n|\n|t:|1771265641\n|switch|p1a: Iron Bundle|Iron Bundle, L78|215/215\n|move|p2a: Cryogonal|Ice Beam|p1a: Iron Bundle\n|-resisted|p1a: Iron Bundle\n|-damage|p1a: Iron Bundle|182/215\n|\n|-heal|p1a: Iron Bundle|195/215|[from] item: Leftovers\n|upkeep\n|turn|6\n|\n|t:|1771265658\n|move|p1a: Iron Bundle|Substitute|p1a: Iron Bundle\n|-start|p1a: Iron Bundle|Substitute\n|-damage|p1a: Iron Bundle|142/215\n|move|p2a: Cryogonal|Tera Blast|p1a: Iron Bundle\n|-end|p1a: Iron Bundle|Substitute\n|\n|-heal|p1a: Iron Bundle|155/215|[from] item: Leftovers\n|upkeep\n|turn|7\n|inactive|viisari68 has 120 seconds left.\n|\n|t:|1771265708\n|-end|p1a: Iron Bundle|Quark Drive|[silent]\n|switch|p1a: Iron Valiant|Iron Valiant, L78|244/244\n|-terastallize|p2a: Cryogonal|Electric\n|move|p2a: Cryogonal|Tera Blast|p1a: Iron Valiant|[anim] Tera Blast Electric\n|-damage|p1a: Iron Valiant|102/244\n|\n|upkeep\n|turn|8\n|\n|t:|1771265718\n|move|p2a: Cryogonal|Tera Blast|p1a: Iron Valiant|[anim] Tera Blast Electric\n|-damage|p1a: Iron Valiant|0 fnt\n|faint|p1a: Iron Valiant\n|-end|p1a: Iron Valiant|Quark Drive|[silent]\n|\n|upkeep\n|\n|t:|1771265737\n|switch|p1a: Maushold|Maushold-Four, L76|238/238\n|turn|9\n|\n|t:|1771265748\n|switch|p2a: Honchkrow|Honchkrow, L86, F|293/312 brn\n|move|p1a: Maushold|Tidy Up|p1a: Maushold\n|-boost|p1a: Maushold|atk|1\n|-boost|p1a: Maushold|spe|1\n|\n|-damage|p2a: Honchkrow|274/312 brn|[from] brn\n|upkeep\n|turn|10\n|\n|t:|1771265757\n|move|p2a: Honchkrow|Sucker Punch|p1a: Maushold\n|-damage|p1a: Maushold|179/238\n|move|p1a: Maushold|Population Bomb|p2a: Honchkrow\n|-crit|p2a: Honchkrow\n|-damage|p2a: Honchkrow|208/312 brn\n|-damage|p2a: Honchkrow|162/312 brn\n|-hitcount|p2a: Honchkrow|2\n|\n|-damage|p2a: Honchkrow|143/312 brn|[from] brn\n|upkeep\n|turn|11\n|\n|t:|1771265763\n|move|p2a: Honchkrow|Sucker Punch|p1a: Maushold\n|-damage|p1a: Maushold|113/238\n|move|p1a: Maushold|Population Bomb|p2a: Honchkrow\n|-damage|p2a: Honchkrow|100/312 brn\n|-damage|p2a: Honchkrow|52/312 brn\n|-damage|p2a: Honchkrow|9/312 brn\n|-damage|p2a: Honchkrow|0 fnt\n|faint|p2a: Honchkrow\n|-hitcount|p2: Honchkrow|4\n|\n|upkeep\n|inactive|abhii.g has 120 seconds left.\n|c|☆abhii.g|this is so unfair\n|c|☆abhii.g|wtaf\n|\n|t:|1771265813\n|switch|p2a: Deoxys|Deoxys-Speed, L82|216/216\n|-ability|p2a: Deoxys|Pressure\n|turn|12\n|\n|t:|1771265825\n|switch|p1a: Cramorant|Cramorant, L86, M|261/261\n|move|p2a: Deoxys|Psycho Boost|p1a: Cramorant\n|-damage|p1a: Cramorant|100/261\n|-unboost|p2a: Deoxys|spa|2\n|-damage|p2a: Deoxys|195/216|[from] item: Life Orb\n|\n|upkeep\n|turn|13\n|\n|t:|1771265837\n|switch|p2a: Cryogonal|Cryogonal, L89, tera:Electric|221/287\n|move|p1a: Cramorant|Roost|p1a: Cramorant\n|-heal|p1a: Cramorant|231/261\n|-singleturn|p1a: Cramorant|move: Roost\n|\n|upkeep\n|turn|14\n|\n|t:|1771265853\n|move|p2a: Cryogonal|Ice Beam|p1a: Cramorant\n|-crit|p1a: Cramorant\n|-damage|p1a: Cramorant|98/261\n|move|p1a: Cramorant|Brave Bird|p2a: Cryogonal\n|-resisted|p2a: Cryogonal\n|-damage|p2a: Cryogonal|144/287\n|-damage|p1a: Cramorant|73/261|[from] Recoil\n|\n|upkeep\n|turn|15\n|\n|t:|1771265859\n|move|p2a: Cryogonal|Recover|p2a: Cryogonal\n|-heal|p2a: Cryogonal|287/287\n|move|p1a: Cramorant|Surf|p2a: Cryogonal\n|-formechange|p1a: Cramorant|Cramorant-Gorging|\n|-damage|p2a: Cryogonal|224/287\n|\n|upkeep\n|turn|16\n|inactive|abhii.g has 120 seconds left.\n|\n|t:|1771265869\n|move|p2a: Cryogonal|Ice Beam|p1a: Cramorant\n|-damage|p1a: Cramorant|0 fnt\n|-damage|p2a: Cryogonal|153/287|[from] ability: Gulp Missile|[of] p1a: Cramorant\n|-formechange|p1a: Cramorant|Cramorant|\n|faint|p1a: Cramorant\n|\n|upkeep\n|\n|t:|1771265872\n|switch|p1a: Spectrier|Spectrier, L75|274/274\n|turn|17\n|\n|t:|1771265878\n|move|p1a: Spectrier|Nasty Plot|p1a: Spectrier\n|-boost|p1a: Spectrier|spa|2\n|move|p2a: Cryogonal|Recover|p2a: Cryogonal\n|-heal|p2a: Cryogonal|287/287\n|\n|upkeep\n|turn|18\n|\n|t:|1771265886\n|move|p1a: Spectrier|Nasty Plot|p1a: Spectrier\n|-boost|p1a: Spectrier|spa|2\n|move|p2a: Cryogonal|Ice Beam|p1a: Spectrier\n|-crit|p1a: Spectrier\n|-damage|p1a: Spectrier|96/274\n|\n|upkeep\n|turn|19\n|\n|t:|1771265899\n|move|p1a: Spectrier|Dark Pulse|p2a: Cryogonal\n|-damage|p2a: Cryogonal|109/287\n|-damage|p1a: Spectrier|69/274|[from] item: Life Orb\n|move|p2a: Cryogonal|Tera Blast|p1a: Spectrier|[anim] Tera Blast Electric\n|-damage|p1a: Spectrier|0 fnt\n|faint|p1a: Spectrier\n|\n|upkeep\n|\n|t:|1771265904\n|switch|p1a: Maushold|Maushold-Four, L76|113/238\n|turn|20\n|\n|t:|1771265909\n|move|p2a: Cryogonal|Ice Beam|p1a: Maushold\n|-damage|p1a: Maushold|0 fnt\n|faint|p1a: Maushold\n|\n|upkeep\n|\n|t:|1771265912\n|switch|p1a: Iron Bundle|Iron Bundle, L78|155/215\n|turn|21\n|\n|t:|1771265916\n|move|p1a: Iron Bundle|Ice Beam|p2a: Cryogonal\n|-damage|p2a: Cryogonal|40/287\n|move|p2a: Cryogonal|Tera Blast|p1a: Iron Bundle|[anim] Tera Blast Electric\n|-supereffective|p1a: Iron Bundle\n|-damage|p1a: Iron Bundle|0 fnt\n|faint|p1a: Iron Bundle\n|-end|p1a: Iron Bundle|Quark Drive|[silent]\n|\n|win|abhii.g\n|raw|viisari68's rating: 1960 &rarr; <strong>1939</strong><br />(-21 for losing)\n|raw|abhii.g's rating: 1944 &rarr; <strong>1965</strong><br />(+21 for winning)\n|l|‽viisari68\n|player|p1|\n", "inputlog": ">version 686819e5e19f8a7fd2345cfc5a08a5085efa2cc3\n>start {\"formatid\":\"gen9randombattle\",\"seed\":\"sodium,0251005012a917a12c10c99fcabdafdf\",\"rated\":\"Rated battle\"}\n>player p1 {\"name\":\"viisari68\",\"avatar\":\"266\",\"rating\":1960,\"seed\":\"sodium,bab5bb613324ac8115faf9ec09612273\"}\n>player p2 {\"name\":\"abhii.g\",\"avatar\":\"benga\",\"rating\":1944,\"seed\":\"sodium,5c7bec53fa359c95c3061345222e8cce\"}\n>p1 move willowisp\n>p2 move thunderwave\n>p1 move nastyplot\n>p2 switch 3\n>p1 move darkpulse\n>p2 move facade\n>p1 switch 5\n>p1 move surf\n>p2 switch 2\n>p1 switch 4\n>p2 move icebeam\n>p1 move substitute\n>p2 move terablast\n>p1 switch 6\n>p2 move terablast terastallize\n>p1 move closecombat\n>p2 move terablast\n>p1 switch 3\n>p1 move tidyup\n>p2 switch 3\n>p1 move populationbomb\n>p2 move suckerpunch\n>p1 move populationbomb\n>p2 move suckerpunch\n>chat ☆abhii.g|this is so unfair\n>chat ☆abhii.g|wtaf\n>p2 switch 4\n>p1 switch 4\n>p2 move psychoboost\n>p1 move roost\n>p2 switch 3\n>p1 move bravebird\n>p2 move icebeam\n>p1 move surf\n>p2 move recover\n>p1 move roost\n>p2 move icebeam\n>p1 switch 2\n>p1 move nastyplot\n>p2 move recover\n>p1 move nastyplot\n>p2 move icebeam\n>p1 move darkpulse\n>p2 move terablast\n>p1 switch 4\n>p1 move tidyup\n>p2 move icebeam\n>p1 switch 6\n>p1 move icebeam\n>p2 move terablast", "uploadtime": 1771265918, "views": 2, "formatid": "gen9randombattle", "rating": 1939, "private": 0, "password": null}